|j|‽Son_of_power
|j|☆Jrmoore896
|t:|1769414571
|gametype|singles
|player|p1|Son_of_power|backersf|1329
|player|p2|Jrmoore896|red|1384
|gen|9
|tier|[Gen 9] OU
|rated|
|rule|HP Percentage Mod: HP is shown in percentages
|rule|Endless Battle Clause: Forcing endless battles is banned
|rule|Species Clause: Limit one of each Pokémon
|rule|OHKO Clause: OHKO moves are banned
|rule|Evasion Items Clause: Evasion items are banned
|rule|Evasion Moves Clause: Evasion moves are banned
|rule|Evasion Abilities Clause: Evasion abilities are banned
|rule|Sleep Moves Clause: Sleep-inducing moves are banned
|clearpoke
|poke|p1|Garchomp, M|
|poke|p1|Dragonite, M|
|poke|p1|Gholdengo|
|poke|p1|Rillaboom, F|
|poke|p1|Great Tusk|
|poke|p1|Iron Valiant|
|poke|p2|Gholdengo|
|poke|p2|Hatterene, F|
|poke|p2|Dragapult, M|
|poke|p2|Weezing-Galar, M|
|poke|p2|Blissey, F|
|poke|p2|Kyurem|
|teampreview
|inactive|Battle timer is ON: inactive players will automatically lose when time's up. (requested by Son_of_power)
|
|t:|1769414589
|teamsize|p1|6
|teamsize|p2|6
|start
|switch|p1a: Garchomp|Garchomp, M|100/100
|switch|p2a: Kyurem|Kyurem, shiny|100/100
|-ability|p2a: Kyurem|Pressure
|turn|1
|
|t:|1769414613
|switch|p1a: Gholdengo|Gholdengo|100/100
|move|p2a: Kyurem|Ice Beam|p1a: Gholdengo
|-resisted|p1a: Gholdengo
|-damage|p1a: Gholdengo|61/100
|
|upkeep
|turn|2
|
|t:|1769414621
|switch|p2a: Blissey|Blissey, F|100/100
|move|p1a: Gholdengo|Make It Rain|p2a: Blissey
|-damage|p2a: Blissey|77/100
|-unboost|p1a: Gholdengo|spa|1
|
|upkeep
|turn|3
|
|t:|1769414630
|switch|p1a: Garchomp|Garchomp, M|100/100
|move|p2a: Blissey|Trick|p1a: Garchomp
|-activate|p2a: Blissey|move: Trick|[of] p1a: Garchomp
|-item|p1a: Garchomp|Choice Scarf|[from] move: Trick
|-item|p2a: Blissey|Rocky Helmet|[from] move: Trick
|
|upkeep
|turn|4
|
|t:|1769414638
|switch|p2a: Hatterene|Hatterene, F|100/100
|move|p1a: Garchomp|Spikes|p2a: Hatterene
|move|p2a: Hatterene|Spikes|p1a: Garchomp|[from] ability: Magic Bounce
|-sidestart|p1: Son_of_power|Spikes
|
|upkeep
|turn|5
|
|t:|1769414648
|switch|p1a: Gholdengo|Gholdengo|61/100
|-damage|p1a: Gholdengo|49/100|[from] Spikes
|move|p2a: Hatterene|Nuzzle|p1a: Gholdengo
|-damage|p1a: Gholdengo|45/100
|-status|p1a: Gholdengo|par
|
|upkeep
|turn|6
|
|t:|1769414658
|switch|p2a: Blissey|Blissey, F|77/100
|cant|p1a: Gholdengo|par
|
|upkeep
|turn|7
|
|t:|1769414665
|switch|p1a: Great Tusk|Great Tusk|100/100
|-damage|p1a: Great Tusk|88/100|[from] Spikes
|move|p2a: Blissey|Stealth Rock|p1a: Great Tusk
|-sidestart|p1: Son_of_power|move: Stealth Rock
|
|-heal|p1a: Great Tusk|94/100|[from] item: Leftovers
|upkeep
|turn|8
|
|t:|1769414679
|switch|p2a: Dragapult|Dragapult, M|100/100
|move|p1a: Great Tusk|Knock Off|p2a: Dragapult
|-supereffective|p2a: Dragapult
|-damage|p2a: Dragapult|8/100
|-enditem|p2a: Dragapult|Choice Band|[from] move: Knock Off|[of] p1a: Great Tusk
|
|-heal|p1a: Great Tusk|100/100|[from] item: Leftovers
|upkeep
|turn|9
|
|t:|1769414699
|-end|p1a: Great Tusk|Protosynthesis|[silent]
|switch|p1a: Gholdengo|Gholdengo|45/100 par
|-damage|p1a: Gholdengo|32/100 par|[from] Spikes
|-damage|p1a: Gholdengo|26/100 par|[from] Stealth Rock
|move|p2a: Dragapult|Dragon Darts|p1a: Gholdengo
|-resisted|p1a: Gholdengo
|-damage|p1a: Gholdengo|12/100 par
|-anim|p2a: Dragapult|Dragon Darts|p1a: Gholdengo
|-resisted|p1a: Gholdengo
|-damage|p1a: Gholdengo|0 fnt
|faint|p1a: Gholdengo
|
|upkeep
|
|t:|1769414703
|switch|p1a: Iron Valiant|Iron Valiant|100/100
|-damage|p1a: Iron Valiant|88/100|[from] Spikes
|-damage|p1a: Iron Valiant|82/100|[from] Stealth Rock
|-enditem|p1a: Iron Valiant|Booster Energy
|-activate|p1a: Iron Valiant|ability: Quark Drive|[fromitem]
|-start|p1a: Iron Valiant|quarkdrivespe
|turn|10
|
|t:|1769414727
|switch|p2a: Blissey|Blissey, F|77/100
|move|p1a: Iron Valiant|Moonblast|p2a: Blissey
|-damage|p2a: Blissey|62/100
|
|upkeep
|turn|11
|
|t:|1769414737
|move|p1a: Iron Valiant|Calm Mind|p1a: Iron Valiant
|-boost|p1a: Iron Valiant|spa|1
|-boost|p1a: Iron Valiant|spd|1
|move|p2a: Blissey|Soft-Boiled|p2a: Blissey
|-heal|p2a: Blissey|100/100
|
|upkeep
|turn|12
|
|t:|1769414745
|move|p1a: Iron Valiant|Encore|p2a: Blissey
|-start|p2a: Blissey|Encore
|move|p2a: Blissey|Soft-Boiled||[still]
|-fail|p2a: Blissey|heal
|
|upkeep
|turn|13
|
|t:|1769414751
|switch|p2a: Weezing|Weezing-Galar, M|100/100
|-ability|p2a: Weezing|Neutralizing Gas
|move|p1a: Iron Valiant|Calm Mind|p1a: Iron Valiant
|-boost|p1a: Iron Valiant|spa|1
|-boost|p1a: Iron Valiant|spd|1
|
|upkeep
|turn|14
|
|t:|1769414760
|move|p1a: Iron Valiant|Shadow Ball|p2a: Weezing
|-damage|p2a: Weezing|29/100
|move|p2a: Weezing|Strange Steam|p1a: Iron Valiant
|-supereffective|p1a: Iron Valiant
|-damage|p1a: Iron Valiant|30/100
|
|upkeep
|turn|15
|
|t:|1769414774
|-end|p2a: Weezing|ability: Neutralizing Gas
|switch|p2a: Blissey|Blissey, F|100/100
|move|p1a: Iron Valiant|Shadow Ball|p2a: Blissey
|-immune|p2a: Blissey
|
|upkeep
|turn|16
|
|t:|1769414785
|move|p1a: Iron Valiant|Moonblast|p2a: Blissey
|-damage|p2a: Blissey|68/100
|move|p2a: Blissey|Seismic Toss|p1a: Iron Valiant
|-damage|p1a: Iron Valiant|0 fnt
|faint|p1a: Iron Valiant
|-end|p1a: Iron Valiant|Quark Drive|[silent]
|
|upkeep
|
|t:|1769414794
|switch|p1a: Great Tusk|Great Tusk|100/100
|-damage|p1a: Great Tusk|88/100|[from] Spikes
|-damage|p1a: Great Tusk|85/100|[from] Stealth Rock
|turn|17
|
|t:|1769414802
|switch|p2a: Dragapult|Dragapult, M|8/100
|move|p1a: Great Tusk|Knock Off|p2a: Dragapult
|-supereffective|p2a: Dragapult
|-damage|p2a: Dragapult|0 fnt
|faint|p2a: Dragapult
|
|-heal|p1a: Great Tusk|91/100|[from] item: Leftovers
|upkeep
|
|t:|1769414816
|switch|p2a: Kyurem|Kyurem, shiny|100/100
|-ability|p2a: Kyurem|Pressure
|turn|18
|
|t:|1769414822
|-terastallize|p1a: Great Tusk|Water
|move|p2a: Kyurem|Ice Beam|p1a: Great Tusk
|-resisted|p1a: Great Tusk
|-damage|p1a: Great Tusk|41/100
|move|p1a: Great Tusk|Rapid Spin|p2a: Kyurem
|-damage|p2a: Kyurem|83/100
|-boost|p1a: Great Tusk|spe|1
|-sideend|p1: Son_of_power|Spikes|[from] move: Rapid Spin|[of] p1a: Great Tusk
|-sideend|p1: Son_of_power|Stealth Rock|[from] move: Rapid Spin|[of] p1a: Great Tusk
|
|-heal|p1a: Great Tusk|47/100|[from] item: Leftovers
|upkeep
|turn|19
|
|t:|1769414838
|switch|p2a: Weezing|Weezing-Galar, M|29/100
|-ability|p2a: Weezing|Neutralizing Gas
|move|p1a: Great Tusk|Knock Off|p2a: Weezing
|-resisted|p2a: Weezing
|-damage|p2a: Weezing|17/100
|-enditem|p2a: Weezing|Heavy-Duty Boots|[from] move: Knock Off|[of] p1a: Great Tusk
|
|-heal|p1a: Great Tusk|54/100|[from] item: Leftovers
|upkeep
|turn|20
|
|t:|1769414849
|move|p1a: Great Tusk|Ice Spinner|p2a: Weezing
|-damage|p2a: Weezing|0 fnt
|faint|p2a: Weezing
|-end|p2a: Weezing|ability: Neutralizing Gas
|
|-heal|p1a: Great Tusk|60/100|[from] item: Leftovers
|upkeep
|
|t:|1769414857
|switch|p2a: Gholdengo|Gholdengo|100/100
|turn|21
|
|t:|1769414865
|switch|p2a: Hatterene|Hatterene, F|100/100
|move|p1a: Great Tusk|Headlong Rush|p2a: Hatterene
|-damage|p2a: Hatterene|54/100
|-unboost|p1a: Great Tusk|def|1
|-unboost|p1a: Great Tusk|spd|1
|
|-heal|p1a: Great Tusk|66/100|[from] item: Leftovers
|-heal|p2a: Hatterene|60/100|[from] item: Leftovers
|upkeep
|turn|22
|
|t:|1769414876
|move|p1a: Great Tusk|Headlong Rush|p2a: Hatterene
|-damage|p2a: Hatterene|10/100
|-unboost|p1a: Great Tusk|def|1
|-unboost|p1a: Great Tusk|spd|1
|move|p2a: Hatterene|Draining Kiss|p1a: Great Tusk
|-damage|p1a: Great Tusk|0 fnt
|-heal|p2a: Hatterene|67/100|[from] drain|[of] p1a: Great Tusk
|faint|p1a: Great Tusk
|-end|p1a: Great Tusk|Protosynthesis|[silent]
|
|-heal|p2a: Hatterene|73/100|[from] item: Leftovers
|upkeep
|
|t:|1769414883
|switch|p1a: Dragonite|Dragonite, M|100/100
|turn|23
|
|t:|1769414890
|move|p1a: Dragonite|Dragon Dance|p1a: Dragonite
|-boost|p1a: Dragonite|atk|1
|-boost|p1a: Dragonite|spe|1
|move|p2a: Hatterene|Nuzzle|p1a: Dragonite
|-damage|p1a: Dragonite|99/100
|-status|p1a: Dragonite|par
|
|-heal|p2a: Hatterene|79/100|[from] item: Leftovers
|upkeep
|turn|24
|
|t:|1769414901
|move|p1a: Dragonite|Fire Punch|p2a: Hatterene
|-damage|p2a: Hatterene|45/100
|move|p2a: Hatterene|Draining Kiss|p1a: Dragonite
|-supereffective|p1a: Dragonite
|-damage|p1a: Dragonite|50/100 par
|-heal|p2a: Hatterene|83/100|[from] drain|[of] p1a: Dragonite
|
|-heal|p2a: Hatterene|89/100|[from] item: Leftovers
|upkeep
|turn|25
|
|t:|1769414911
|cant|p1a: Dragonite|par
|move|p2a: Hatterene|Calm Mind|p2a: Hatterene
|-boost|p2a: Hatterene|spa|1
|-boost|p2a: Hatterene|spd|1
|
|-heal|p2a: Hatterene|95/100|[from] item: Leftovers
|upkeep
|turn|26
|
|t:|1769414920
|move|p1a: Dragonite|Encore|p2a: Hatterene
|move|p2a: Hatterene|Encore||[from] ability: Magic Bounce|[still]
|-fail|p2a: Hatterene
|move|p2a: Hatterene|Draining Kiss|p1a: Dragonite
|-supereffective|p1a: Dragonite
|-damage|p1a: Dragonite|0 fnt
|-heal|p2a: Hatterene|100/100|[from] drain|[of] p1a: Dragonite
|faint|p1a: Dragonite
|
|upkeep
|
|t:|1769414923
|switch|p1a: Rillaboom|Rillaboom, F|100/100
|-fieldstart|move: Grassy Terrain|[from] ability: Grassy Surge|[of] p1a: Rillaboom
|turn|27
|
|t:|1769414938
|move|p1a: Rillaboom|Grassy Glide|p2a: Hatterene
|-damage|p2a: Hatterene|55/100
|move|p2a: Hatterene|Draining Kiss|p1a: Rillaboom
|-damage|p1a: Rillaboom|51/100
|-heal|p2a: Hatterene|95/100|[from] drain|[of] p1a: Rillaboom
|
|-heal|p1a: Rillaboom|57/100|[from] Grassy Terrain
|-heal|p2a: Hatterene|100/100|[from] Grassy Terrain
|upkeep
|turn|28
|
|t:|1769414948
|move|p1a: Rillaboom|Grassy Glide|p2a: Hatterene
|-damage|p2a: Hatterene|54/100
|move|p2a: Hatterene|Draining Kiss|p1a: Rillaboom
|-damage|p1a: Rillaboom|14/100
|-heal|p2a: Hatterene|89/100|[from] drain|[of] p1a: Rillaboom
|
|-heal|p1a: Rillaboom|20/100|[from] Grassy Terrain
|-heal|p2a: Hatterene|95/100|[from] Grassy Terrain
|-heal|p2a: Hatterene|100/100|[from] item: Leftovers
|upkeep
|turn|29
|
|t:|1769414959
|move|p1a: Rillaboom|Grassy Glide|p2a: Hatterene
|-damage|p2a: Hatterene|55/100
|move|p2a: Hatterene|Draining Kiss|p1a: Rillaboom
|-damage|p1a: Rillaboom|0 fnt
|-heal|p2a: Hatterene|71/100|[from] drain|[of] p1a: Rillaboom
|faint|p1a: Rillaboom
|
|-heal|p2a: Hatterene|77/100|[from] Grassy Terrain
|-heal|p2a: Hatterene|83/100|[from] item: Leftovers
|upkeep
|
|t:|1769414963
|switch|p1a: Garchomp|Garchomp, M|100/100
|turn|30
|
|t:|1769414973
|move|p1a: Garchomp|Surf|p2a: Hatterene
|-damage|p2a: Hatterene|71/100
|move|p2a: Hatterene|Draining Kiss|p1a: Garchomp
|-supereffective|p1a: Garchomp
|-damage|p1a: Garchomp|34/100
|-heal|p2a: Hatterene|100/100|[from] drain|[of] p1a: Garchomp
|-damage|p2a: Hatterene|88/100|[from] ability: Rough Skin|[of] p1a: Garchomp
|
|-heal|p1a: Garchomp|40/100|[from] Grassy Terrain
|-heal|p2a: Hatterene|94/100|[from] Grassy Terrain
|-heal|p2a: Hatterene|99/100|[from] item: Leftovers
|upkeep
|turn|31
|
|t:|1769414985
|move|p1a: Garchomp|Surf|p2a: Hatterene
|-damage|p2a: Hatterene|87/100
|move|p2a: Hatterene|Draining Kiss|p1a: Garchomp
|-supereffective|p1a: Garchomp
|-damage|p1a: Garchomp|0 fnt
|-heal|p2a: Hatterene|100/100|[from] drain|[of] p1a: Garchomp
|-damage|p2a: Hatterene|88/100|[from] ability: Rough Skin|[of] p1a: Garchomp
|faint|p1a: Garchomp
|
|win|Jrmoore896
|raw|Son_of_power's rating: 1329 &rarr; <strong>1312</strong><br />(-17 for losing)
|raw|Jrmoore896's rating: 1384 &rarr; <strong>1401</strong><br />(+17 for winning)
|l|‽Son_of_power
|player|p1|
|l|☆Jrmoore896
|player|p2|
|j|☆Jrmoore896
|player|p2|Jrmoore896|red|
