|j|☆cansei de lol
|j|☆oficial matute
|t:|1769392749
|gametype|singles
|player|p1|cansei de lol|170|1192
|player|p2|oficial matute|policeman|1199
|gen|9
|tier|[Gen 9] OU
|rated|
|rule|HP Percentage Mod: HP is shown in percentages
|rule|Endless Battle Clause: Forcing endless battles is banned
|rule|Species Clause: Limit one of each Pokémon
|rule|OHKO Clause: OHKO moves are banned
|rule|Evasion Items Clause: Evasion items are banned
|rule|Evasion Moves Clause: Evasion moves are banned
|rule|Evasion Abilities Clause: Evasion abilities are banned
|rule|Sleep Moves Clause: Sleep-inducing moves are banned
|clearpoke
|poke|p1|Corviknight, M|
|poke|p1|Blissey, F|
|poke|p1|Conkeldurr, M|
|poke|p1|Sandy Shocks|
|poke|p1|Ditto|
|poke|p1|Maushold-Four|
|poke|p2|Noivern, M|
|poke|p2|Tropius, F|
|poke|p2|Landorus-Therian, M|
|poke|p2|Garchomp, M|
|poke|p2|Hydrapple, F|
|poke|p2|Torterra, F|
|teampreview
|
|t:|1769392763
|teamsize|p1|6
|teamsize|p2|6
|start
|switch|p1a: Sandy Shocks|Sandy Shocks|100/100
|switch|p2a: 👁👅👁|Noivern, M|100/100
|-item|p1a: Sandy Shocks|Booster Energy|[from] ability: Frisk|[of] p2a: 👁👅👁
|-enditem|p1a: Sandy Shocks|Booster Energy
|-activate|p1a: Sandy Shocks|ability: Protosynthesis|[fromitem]
|-start|p1a: Sandy Shocks|protosynthesisspa
|turn|1
|inactive|Battle timer is ON: inactive players will automatically lose when time's up. (requested by oficial matute)
|
|t:|1769392772
|-end|p1a: Sandy Shocks|Protosynthesis|[silent]
|switch|p1a: Blissey|Blissey, F|100/100
|move|p2a: 👁👅👁|Switcheroo|p1a: Blissey
|-activate|p2a: 👁👅👁|move: Trick|[of] p1a: Blissey
|-item|p1a: Blissey|Choice Scarf|[from] move: Switcheroo
|-item|p2a: 👁👅👁|Expert Belt|[from] move: Switcheroo
|
|upkeep
|turn|2
|
|t:|1769392784
|switch|p2a: 👁👃👁|Landorus-Therian, M|100/100
|-ability|p2a: 👁👃👁|Intimidate|boost
|-unboost|p1a: Blissey|atk|1
|move|p1a: Blissey|Ice Beam|p2a: 👁👃👁
|-supereffective|p2a: 👁👃👁
|-damage|p2a: 👁👃👁|0 fnt
|faint|p2a: 👁👃👁
|
|upkeep
|
|t:|1769392793
|switch|p2a: 👁🐽👁|Tropius, F, shiny|100/100
|turn|3
|
|t:|1769392797
|-terastallize|p2a: 👁🐽👁|Ghost
|move|p1a: Blissey|Ice Beam|p2a: 👁🐽👁
|-crit|p2a: 👁🐽👁
|-damage|p2a: 👁🐽👁|78/100
|move|p2a: 👁🐽👁|Leech Seed|p1a: Blissey
|-start|p1a: Blissey|move: Leech Seed
|
|-damage|p1a: Blissey|88/100|[from] Leech Seed|[of] p2a: 👁🐽👁
|-heal|p2a: 👁🐽👁|99/100|[silent]
|upkeep
|turn|4
|
|t:|1769392807
|switch|p1a: Maushold|Maushold-Four|100/100
|move|p2a: 👁🐽👁|Curse|p1a: Maushold
|-start|p1a: Maushold|Curse|[of] p2a: 👁🐽👁
|-damage|p2a: 👁🐽👁|50/100
|-enditem|p2a: 👁🐽👁|Sitrus Berry|[eat]
|-heal|p2a: 👁🐽👁|75/100|[from] item: Sitrus Berry
|
|-damage|p1a: Maushold|76/100|[from] Curse
|upkeep
|turn|5
|l|☆oficial matute
|inactive|oficial matute disconnected and has a minute to reconnect!
|player|p2|
|j|☆oficial matute
|inactive|oficial matute reconnected and has 120 seconds left.
|player|p2|oficial matute|policeman|
|
|t:|1769392848
|move|p1a: Maushold|Crunch|p2a: 👁🐽👁
|-supereffective|p2a: 👁🐽👁
|-damage|p2a: 👁🐽👁|35/100
|move|p2a: 👁🐽👁|Leech Seed|p1a: Maushold
|-start|p1a: Maushold|move: Leech Seed
|
|-damage|p1a: Maushold|63/100|[from] Leech Seed|[of] p2a: 👁🐽👁
|-heal|p2a: 👁🐽👁|44/100|[silent]
|-damage|p1a: Maushold|38/100|[from] Curse
|upkeep
|turn|6
|
|t:|1769392859
|move|p2a: 👁🐽👁|Protect|p2a: 👁🐽👁
|-singleturn|p2a: 👁🐽👁|Protect
|move|p1a: Maushold|Encore|p2a: 👁🐽👁
|-activate|p2a: 👁🐽👁|move: Protect
|
|-damage|p1a: Maushold|26/100|[from] Leech Seed|[of] p2a: 👁🐽👁
|-heal|p2a: 👁🐽👁|53/100|[silent]
|-damage|p1a: Maushold|1/100|[from] Curse
|upkeep
|turn|7
|
|t:|1769392868
|switch|p2a: 👁👅👁|Noivern, M|100/100
|-item|p1a: Maushold|Wide Lens|[from] ability: Frisk|[of] p2a: 👁👅👁
|move|p1a: Maushold|Crunch|p2a: 👁👅👁
|-damage|p2a: 👁👅👁|76/100
|-unboost|p2a: 👁👅👁|def|1
|
|-damage|p1a: Maushold|0 fnt|[from] Leech Seed|[of] p2a: 👁👅👁
|-heal|p2a: 👁👅👁|77/100|[silent]
|faint|p1a: Maushold
|upkeep
|
|t:|1769392875
|switch|p1a: Blissey|Blissey, F|88/100
|turn|8
|inactive|oficial matute has 120 seconds left.
|
|t:|1769392893
|switch|p2a: 👁🐽👁|Tropius, F, shiny, tera:Ghost|53/100
|move|p1a: Blissey|Ice Beam|p2a: 👁🐽👁
|-damage|p2a: 👁🐽👁|38/100
|
|-item|p2a: 👁🐽👁|Sitrus Berry|[from] ability: Harvest
|upkeep
|-enditem|p2a: 👁🐽👁|Sitrus Berry|[eat]
|-heal|p2a: 👁🐽👁|62/100|[from] item: Sitrus Berry
|turn|9
|inactive|oficial matute has 120 seconds left.
|
|t:|1769392903
|switch|p1a: Conkeldurr|Conkeldurr, M|100/100
|move|p2a: 👁🐽👁|Substitute|p2a: 👁🐽👁
|-start|p2a: 👁🐽👁|Substitute
|-damage|p2a: 👁🐽👁|38/100
|
|-status|p1a: Conkeldurr|brn|[from] item: Flame Orb
|upkeep
|turn|10
|inactive|oficial matute has 120 seconds left.
|
|t:|1769392912
|move|p2a: 👁🐽👁|Leech Seed|p1a: Conkeldurr
|-start|p1a: Conkeldurr|move: Leech Seed
|move|p1a: Conkeldurr|Knock Off|p2a: 👁🐽👁
|-supereffective|p2a: 👁🐽👁
|-end|p2a: 👁🐽👁|Substitute
|
|-damage|p1a: Conkeldurr|88/100 brn|[from] Leech Seed|[of] p2a: 👁🐽👁
|-heal|p2a: 👁🐽👁|50/100|[silent]
|-damage|p1a: Conkeldurr|82/100 brn|[from] brn
|upkeep
|turn|11
|
|t:|1769392921
|move|p2a: 👁🐽👁|Substitute|p2a: 👁🐽👁
|-start|p2a: 👁🐽👁|Substitute
|-damage|p2a: 👁🐽👁|25/100
|move|p1a: Conkeldurr|Knock Off|p2a: 👁🐽👁
|-supereffective|p2a: 👁🐽👁
|-end|p2a: 👁🐽👁|Substitute
|
|-damage|p1a: Conkeldurr|70/100 brn|[from] Leech Seed|[of] p2a: 👁🐽👁
|-heal|p2a: 👁🐽👁|38/100|[silent]
|-damage|p1a: Conkeldurr|64/100 brn|[from] brn
|-item|p2a: 👁🐽👁|Sitrus Berry|[from] ability: Harvest
|upkeep
|-enditem|p2a: 👁🐽👁|Sitrus Berry|[eat]
|-heal|p2a: 👁🐽👁|63/100|[from] item: Sitrus Berry
|turn|12
|
|t:|1769392935
|switch|p1a: Corviknight|Corviknight, M|100/100
|-ability|p1a: Corviknight|Pressure
|move|p2a: 👁🐽👁|Protect||[still]
|-fail|p2a: 👁🐽👁
|
|-item|p2a: 👁🐽👁|Sitrus Berry|[from] ability: Harvest
|upkeep
|turn|13
|
|t:|1769392945
|switch|p1a: Ditto|Ditto|100/100
|-transform|p1a: Ditto|p2a: 👁🐽👁|[from] ability: Imposter
|move|p2a: 👁🐽👁|Leech Seed|p1a: Ditto
|-immune|p1a: Ditto
|
|upkeep
|turn|14
|
|t:|1769392954
|switch|p2a: 👁👄👁|Hydrapple, F|100/100
|move|p1a: Ditto|Leech Seed|p2a: 👁👄👁
|-immune|p2a: 👁👄👁
|
|upkeep
|turn|15
|
|t:|1769392963
|switch|p1a: Blissey|Blissey, F|88/100
|switch|p2a: 👁🐽👁|Tropius, F, shiny, tera:Ghost|63/100
|
|upkeep
|turn|16
|
|t:|1769392970
|switch|p1a: Conkeldurr|Conkeldurr, M|64/100 brn
|move|p2a: 👁🐽👁|Curse|p1a: Conkeldurr
|-start|p1a: Conkeldurr|Curse|[of] p2a: 👁🐽👁
|-damage|p2a: 👁🐽👁|13/100
|-enditem|p2a: 👁🐽👁|Sitrus Berry|[eat]
|-heal|p2a: 👁🐽👁|38/100|[from] item: Sitrus Berry
|
|-damage|p1a: Conkeldurr|58/100 brn|[from] brn
|-damage|p1a: Conkeldurr|33/100 brn|[from] Curse
|upkeep
|turn|17
|
|t:|1769392982
|move|p2a: 👁🐽👁|Protect|p2a: 👁🐽👁
|-singleturn|p2a: 👁🐽👁|Protect
|move|p1a: Conkeldurr|Knock Off|p2a: 👁🐽👁
|-activate|p2a: 👁🐽👁|move: Protect
|
|-damage|p1a: Conkeldurr|27/100 brn|[from] brn
|-damage|p1a: Conkeldurr|2/100 brn|[from] Curse
|upkeep
|turn|18
|
|t:|1769392991
|move|p2a: 👁🐽👁|Substitute|p2a: 👁🐽👁
|-start|p2a: 👁🐽👁|Substitute
|-damage|p2a: 👁🐽👁|13/100
|move|p1a: Conkeldurr|Knock Off|p2a: 👁🐽👁
|-supereffective|p2a: 👁🐽👁
|-end|p2a: 👁🐽👁|Substitute
|
|-damage|p1a: Conkeldurr|0 fnt|[from] brn
|faint|p1a: Conkeldurr
|-item|p2a: 👁🐽👁|Sitrus Berry|[from] ability: Harvest
|upkeep
|-enditem|p2a: 👁🐽👁|Sitrus Berry|[eat]
|-heal|p2a: 👁🐽👁|38/100|[from] item: Sitrus Berry
|
|t:|1769392993
|switch|p1a: Sandy Shocks|Sandy Shocks|100/100
|turn|19
|
|t:|1769393012
|-terastallize|p1a: Sandy Shocks|Ice
|move|p2a: 👁🐽👁|Protect|p2a: 👁🐽👁
|-singleturn|p2a: 👁🐽👁|Protect
|move|p1a: Sandy Shocks|Tera Blast|p2a: 👁🐽👁|[anim] Tera Blast Ice
|-activate|p2a: 👁🐽👁|move: Protect
|
|-item|p2a: 👁🐽👁|Sitrus Berry|[from] ability: Harvest
|upkeep
|-enditem|p2a: 👁🐽👁|Sitrus Berry|[eat]
|-heal|p2a: 👁🐽👁|63/100|[from] item: Sitrus Berry
|turn|20
|
|t:|1769393024
|move|p1a: Sandy Shocks|Tera Blast|p2a: 👁🐽👁|[anim] Tera Blast Ice
|-damage|p2a: 👁🐽👁|37/100
|move|p2a: 👁🐽👁|Leech Seed|p1a: Sandy Shocks|[miss]
|-miss|p2a: 👁🐽👁|p1a: Sandy Shocks
|
|upkeep
|turn|21
|
|t:|1769393031
|move|p2a: 👁🐽👁|Protect|p2a: 👁🐽👁
|-singleturn|p2a: 👁🐽👁|Protect
|move|p1a: Sandy Shocks|Tera Blast|p2a: 👁🐽👁|[anim] Tera Blast Ice
|-activate|p2a: 👁🐽👁|move: Protect
|
|-item|p2a: 👁🐽👁|Sitrus Berry|[from] ability: Harvest
|upkeep
|-enditem|p2a: 👁🐽👁|Sitrus Berry|[eat]
|-heal|p2a: 👁🐽👁|62/100|[from] item: Sitrus Berry
|turn|22
|-message|cansei de lol forfeited.
|
|win|oficial matute
|raw|cansei de lol's rating: 1192 &rarr; <strong>1168</strong><br />(-24 for losing)
|raw|oficial matute's rating: 1199 &rarr; <strong>1223</strong><br />(+24 for winning)
|l|☆cansei de lol
|player|p1|
|l|☆oficial matute
|player|p2|
