|j|☆BIGBALLERQ$
|j|☆Qplazm10
|t:|1769428019
|gametype|singles
|player|p1|BIGBALLERQ$|1|1515
|player|p2|Qplazm10|ltsurge|1530
|gen|9
|tier|[Gen 9] OU
|rated|
|rule|HP Percentage Mod: HP is shown in percentages
|rule|Endless Battle Clause: Forcing endless battles is banned
|rule|Species Clause: Limit one of each Pokémon
|rule|OHKO Clause: OHKO moves are banned
|rule|Evasion Items Clause: Evasion items are banned
|rule|Evasion Moves Clause: Evasion moves are banned
|rule|Evasion Abilities Clause: Evasion abilities are banned
|rule|Sleep Moves Clause: Sleep-inducing moves are banned
|clearpoke
|poke|p1|Kingambit, F|
|poke|p1|Landorus-Therian, M|
|poke|p1|Ninetales-Alola, F|
|poke|p1|Gholdengo|
|poke|p1|Kyurem|
|poke|p1|Great Tusk|
|poke|p2|Hawlucha, F|
|poke|p2|Raging Bolt|
|poke|p2|Iron Leaves|
|poke|p2|Iron Treads|
|poke|p2|Iron Valiant|
|poke|p2|Pincurchin, F|
|teampreview
|inactive|Battle timer is ON: inactive players will automatically lose when time's up. (requested by Qplazm10)
|
|t:|1769428044
|teamsize|p1|6
|teamsize|p2|6
|start
|switch|p1a: Ninetales|Ninetales-Alola, F|100/100
|switch|p2a: Tronphan|Iron Treads|100/100
|-weather|Snowscape|[from] ability: Snow Warning|[of] p1a: Ninetales
|turn|1
|
|t:|1769428051
|switch|p1a: Landorus|Landorus-Therian, M|100/100
|-ability|p1a: Landorus|Intimidate|boost
|-unboost|p2a: Tronphan|atk|1
|move|p2a: Tronphan|Stealth Rock|p1a: Landorus
|-sidestart|p1: BIGBALLERQ$|move: Stealth Rock
|
|-weather|Snowscape|[upkeep]
|upkeep
|turn|2
|j| Fifo drummer
|
|t:|1769428064
|move|p2a: Tronphan|Ice Spinner|p1a: Landorus
|-supereffective|p1a: Landorus
|-damage|p1a: Landorus|18/100
|-damage|p2a: Tronphan|84/100|[from] item: Rocky Helmet|[of] p1a: Landorus
|-damage|p2a: Tronphan|74/100|[from] item: Life Orb
|move|p1a: Landorus|Rock Tomb|p2a: Tronphan
|-resisted|p2a: Tronphan
|-damage|p2a: Tronphan|70/100
|-unboost|p2a: Tronphan|spe|1
|
|-weather|Snowscape|[upkeep]
|upkeep
|turn|3
|
|t:|1769428078
|-end|p2a: Tronphan|Quark Drive|[silent]
|switch|p2a: Nacho Libre|Hawlucha, F, shiny|100/100
|move|p1a: Landorus|Stealth Rock|p2a: Nacho Libre
|-sidestart|p2: Qplazm10|move: Stealth Rock
|
|-weather|Snowscape|[upkeep]
|upkeep
|turn|4
|
|t:|1769428095
|switch|p1a: Gholdengo|Gholdengo|100/100
|-damage|p1a: Gholdengo|94/100|[from] Stealth Rock
|switch|p2a: The Urchinator|Pincurchin, F|100/100
|-damage|p2a: The Urchinator|88/100|[from] Stealth Rock
|-fieldstart|move: Electric Terrain|[from] ability: Electric Surge|[of] p2a: The Urchinator
|
|-weather|Snowscape|[upkeep]
|upkeep
|turn|5
|
|t:|1769428102
|switch|p1a: Great Tusk|Great Tusk|100/100
|-damage|p1a: Great Tusk|98/100|[from] Stealth Rock
|-enditem|p1a: Great Tusk|Booster Energy
|-activate|p1a: Great Tusk|ability: Protosynthesis|[fromitem]
|-start|p1a: Great Tusk|protosynthesisatk
|switch|p2a: Tronphan|Iron Treads|70/100
|-damage|p2a: Tronphan|67/100|[from] Stealth Rock
|-activate|p2a: Tronphan|ability: Quark Drive
|-start|p2a: Tronphan|quarkdrivespe
|
|-weather|none
|upkeep
|turn|6
|
|t:|1769428118
|-end|p2a: Tronphan|Quark Drive|[silent]
|switch|p2a: Nacho Libre|Hawlucha, F, shiny|100/100
|-damage|p2a: Nacho Libre|88/100|[from] Stealth Rock
|-enditem|p2a: Nacho Libre|Electric Seed
|-boost|p2a: Nacho Libre|def|1|[from] item: Electric Seed
|move|p1a: Great Tusk|Close Combat|p2a: Nacho Libre
|-resisted|p2a: Nacho Libre
|-damage|p2a: Nacho Libre|47/100
|-unboost|p1a: Great Tusk|def|1
|-unboost|p1a: Great Tusk|spd|1
|
|upkeep
|turn|7
|
|t:|1769428133
|move|p2a: Nacho Libre|Swords Dance|p2a: Nacho Libre
|-boost|p2a: Nacho Libre|atk|2
|move|p1a: Great Tusk|Head Smash|p2a: Nacho Libre|[miss]
|-miss|p1a: Great Tusk|p2a: Nacho Libre
|
|upkeep
|turn|8
|
|t:|1769428144
|-end|p1a: Great Tusk|Protosynthesis|[silent]
|switch|p1a: Landorus|Landorus-Therian, M|18/100
|-damage|p1a: Landorus|5/100|[from] Stealth Rock
|-ability|p1a: Landorus|Intimidate|boost
|-unboost|p2a: Nacho Libre|atk|1
|move|p2a: Nacho Libre|Acrobatics|p1a: Landorus
|-damage|p1a: Landorus|0 fnt
|-damage|p2a: Nacho Libre|31/100|[from] item: Rocky Helmet|[of] p1a: Landorus
|faint|p1a: Landorus
|
|upkeep
|
|t:|1769428163
|switch|p1a: Great Tusk|Great Tusk|98/100
|-damage|p1a: Great Tusk|95/100|[from] Stealth Rock
|turn|9
|j| firecharmander004
|
|t:|1769428183
|move|p2a: Nacho Libre|Acrobatics|p1a: Great Tusk
|-supereffective|p1a: Great Tusk
|-damage|p1a: Great Tusk|0 fnt
|faint|p1a: Great Tusk
|-end|p1a: Great Tusk|Protosynthesis|[silent]
|
|upkeep
|
|t:|1769428189
|switch|p1a: Gholdengo|Gholdengo|94/100
|-damage|p1a: Gholdengo|88/100|[from] Stealth Rock
|turn|10
|
|t:|1769428192
|move|p2a: Nacho Libre|Acrobatics|p1a: Gholdengo
|-resisted|p1a: Gholdengo
|-damage|p1a: Gholdengo|48/100
|move|p1a: Gholdengo|Shadow Ball|p2a: Nacho Libre
|-damage|p2a: Nacho Libre|0 fnt
|faint|p2a: Nacho Libre
|
|upkeep
|
|t:|1769428200
|switch|p2a: Tronphan|Iron Treads|67/100
|-damage|p2a: Tronphan|64/100|[from] Stealth Rock
|-activate|p2a: Tronphan|ability: Quark Drive
|-start|p2a: Tronphan|quarkdrivespe
|turn|11
|
|t:|1769428208
|move|p2a: Tronphan|Earthquake|p1a: Gholdengo
|-supereffective|p1a: Gholdengo
|-damage|p1a: Gholdengo|0 fnt
|faint|p1a: Gholdengo
|-damage|p2a: Tronphan|54/100|[from] item: Life Orb
|
|-fieldend|move: Electric Terrain
|-end|p2a: Tronphan|Quark Drive
|upkeep
|
|t:|1769428214
|switch|p1a: Ninetales|Ninetales-Alola, F|100/100
|-damage|p1a: Ninetales|76/100|[from] Stealth Rock
|-weather|Snowscape|[from] ability: Snow Warning|[of] p1a: Ninetales
|turn|12
|
|t:|1769428219
|move|p2a: Tronphan|Earthquake|p1a: Ninetales
|-damage|p1a: Ninetales|42/100
|-damage|p2a: Tronphan|44/100|[from] item: Life Orb
|move|p1a: Ninetales|Aurora Veil|p1a: Ninetales
|-sidestart|p1: BIGBALLERQ$|move: Aurora Veil
|
|-weather|Snowscape|[upkeep]
|upkeep
|turn|13
|
|t:|1769428227
|move|p2a: Tronphan|Rapid Spin|p1a: Ninetales
|-damage|p1a: Ninetales|36/100
|-boost|p2a: Tronphan|spe|1
|-sideend|p2: Qplazm10|Stealth Rock|[from] move: Rapid Spin|[of] p2a: Tronphan
|-damage|p2a: Tronphan|34/100|[from] item: Life Orb
|move|p1a: Ninetales|Blizzard|p2a: Tronphan
|-damage|p2a: Tronphan|0 fnt
|faint|p2a: Tronphan
|-end|p2a: Tronphan|Quark Drive|[silent]
|
|-weather|Snowscape|[upkeep]
|upkeep
|
|t:|1769428249
|switch|p2a: The Urchinator|Pincurchin, F|88/100
|-fieldstart|move: Electric Terrain|[from] ability: Electric Surge|[of] p2a: The Urchinator
|turn|14
|
|t:|1769428255
|switch|p1a: Kyurem|Kyurem|100/100
|-damage|p1a: Kyurem|76/100|[from] Stealth Rock
|-ability|p1a: Kyurem|Pressure
|move|p2a: The Urchinator|Recover|p2a: The Urchinator
|-heal|p2a: The Urchinator|100/100
|
|-weather|Snowscape|[upkeep]
|upkeep
|turn|15
|
|t:|1769428260
|move|p1a: Kyurem|Dragon Dance|p1a: Kyurem
|-boost|p1a: Kyurem|atk|1
|-boost|p1a: Kyurem|spe|1
|move|p2a: The Urchinator|Memento|p1a: Kyurem
|-unboost|p1a: Kyurem|atk|2
|-unboost|p1a: Kyurem|spa|2
|faint|p2a: The Urchinator
|
|-weather|Snowscape|[upkeep]
|upkeep
|
|t:|1769428278
|switch|p2a: Gardevlade|Iron Valiant|100/100
|-activate|p2a: Gardevlade|ability: Quark Drive
|-start|p2a: Gardevlade|quarkdrivespe
|turn|16
|
|t:|1769428289
|-terastallize|p1a: Kyurem|Steel
|move|p2a: Gardevlade|Moonblast|p1a: Kyurem
|-resisted|p1a: Kyurem
|-damage|p1a: Kyurem|59/100
|-unboost|p1a: Kyurem|spa|1
|move|p1a: Kyurem|Dragon Dance|p1a: Kyurem
|-boost|p1a: Kyurem|atk|1
|-boost|p1a: Kyurem|spe|1
|
|-weather|none
|upkeep
|turn|17
|
|t:|1769428303
|move|p1a: Kyurem|Iron Head|p2a: Gardevlade
|-supereffective|p2a: Gardevlade
|-damage|p2a: Gardevlade|0 fnt
|faint|p2a: Gardevlade
|-end|p2a: Gardevlade|Quark Drive|[silent]
|
|upkeep
|
|t:|1769428305
|switch|p2a: Great Neck|Raging Bolt|100/100
|turn|18
|
|t:|1769428311
|-terastallize|p2a: Great Neck|Fairy
|move|p1a: Kyurem|Icicle Spear|p2a: Great Neck
|-damage|p2a: Great Neck|90/100
|-crit|p2a: Great Neck
|-damage|p2a: Great Neck|74/100
|-damage|p2a: Great Neck|63/100
|-damage|p2a: Great Neck|52/100
|-damage|p2a: Great Neck|41/100
|-hitcount|p2a: Great Neck|5
|move|p2a: Great Neck|Rising Voltage|p1a: Kyurem
|-hint|Rising Voltage's BP doubled on grounded target.
|-damage|p1a: Kyurem|11/100
|
|-heal|p2a: Great Neck|47/100|[from] item: Leftovers
|upkeep
|turn|19
|
|t:|1769428325
|move|p2a: Great Neck|Thunderclap||[still]
|-fail|p2a: Great Neck
|move|p1a: Kyurem|Dragon Dance|p1a: Kyurem
|-boost|p1a: Kyurem|atk|1
|-boost|p1a: Kyurem|spe|1
|
|-heal|p2a: Great Neck|53/100|[from] item: Leftovers
|-sideend|p1: BIGBALLERQ$|move: Aurora Veil
|upkeep
|turn|20
|
|t:|1769428335
|move|p2a: Great Neck|Thunderclap||[still]
|-fail|p2a: Great Neck
|move|p1a: Kyurem|Dragon Dance|p1a: Kyurem
|-boost|p1a: Kyurem|atk|1
|-boost|p1a: Kyurem|spe|1
|
|-heal|p2a: Great Neck|59/100|[from] item: Leftovers
|upkeep
|turn|21
|
|t:|1769428346
|move|p2a: Great Neck|Thunderclap||[still]
|-fail|p2a: Great Neck
|move|p1a: Kyurem|Dragon Dance|p1a: Kyurem
|-boost|p1a: Kyurem|atk|1
|-boost|p1a: Kyurem|spe|1
|
|-heal|p2a: Great Neck|65/100|[from] item: Leftovers
|-fieldend|move: Electric Terrain
|upkeep
|turn|22
|
|t:|1769428360
|move|p2a: Great Neck|Thunderclap||[still]
|-fail|p2a: Great Neck
|move|p1a: Kyurem|Dragon Dance|p1a: Kyurem
|-boost|p1a: Kyurem|atk|1
|-boost|p1a: Kyurem|spe|1
|
|-heal|p2a: Great Neck|71/100|[from] item: Leftovers
|upkeep
|turn|23
|c|☆BIGBALLERQ$|gg
|
|t:|1769428372
|move|p1a: Kyurem|Icicle Spear|p2a: Great Neck
|-damage|p2a: Great Neck|34/100
|-damage|p2a: Great Neck|0 fnt
|faint|p2a: Great Neck
|-end|p2a: Great Neck|Protosynthesis|[silent]
|-hitcount|p2: Great Neck|2
|
|upkeep
|-message|Qplazm10 forfeited.
|
|win|BIGBALLERQ$
|raw|BIGBALLERQ$'s rating: 1515 &rarr; <strong>1536</strong><br />(+21 for winning)
|raw|Qplazm10's rating: 1530 &rarr; <strong>1509</strong><br />(-21 for losing)
|l|☆Qplazm10
|player|p2|
|l|☆BIGBALLERQ$
|player|p1|
|l| firecharmander004
