|j|☆giannisgx
|j|☆snorlaxlvr247
|t:|1769298021
|gametype|singles
|player|p1|giannisgx|101|1068
|player|p2|snorlaxlvr247|169|1000
|gen|9
|tier|[Gen 9] OU
|rated|
|rule|HP Percentage Mod: HP is shown in percentages
|rule|Endless Battle Clause: Forcing endless battles is banned
|rule|Species Clause: Limit one of each Pokémon
|rule|OHKO Clause: OHKO moves are banned
|rule|Evasion Items Clause: Evasion items are banned
|rule|Evasion Moves Clause: Evasion moves are banned
|rule|Evasion Abilities Clause: Evasion abilities are banned
|rule|Sleep Moves Clause: Sleep-inducing moves are banned
|clearpoke
|poke|p1|Hippowdon, M|
|poke|p1|Cinderace, M|
|poke|p1|Glimmora, M|
|poke|p1|Houndstone, F|
|poke|p1|Diancie|
|poke|p1|Ogerpon-Cornerstone, F|
|poke|p2|Dragapult, M|
|poke|p2|Kingdra, F|
|poke|p2|Darkrai|
|poke|p2|Deoxys-Speed|
|poke|p2|Amoonguss, M|
|poke|p2|Blaziken, M|
|teampreview
|
|t:|1769298027
|teamsize|p1|6
|teamsize|p2|6
|start
|switch|p1a: Hippowdon|Hippowdon, M, shiny|100/100
|switch|p2a: Deoxys|Deoxys-Speed|100/100
|-ability|p2a: Deoxys|Pressure
|-weather|Sandstorm|[from] ability: Sand Stream|[of] p1a: Hippowdon
|turn|1
|
|t:|1769298040
|move|p2a: Deoxys|Extreme Speed|p1a: Hippowdon
|-damage|p1a: Hippowdon|91/100
|move|p1a: Hippowdon|Stealth Rock|p2a: Deoxys
|-sidestart|p2: snorlaxlvr247|move: Stealth Rock
|
|-weather|Sandstorm|[upkeep]
|-damage|p2a: Deoxys|94/100|[from] Sandstorm
|upkeep
|turn|2
|
|t:|1769298050
|move|p2a: Deoxys|Psycho Boost|p1a: Hippowdon
|-damage|p1a: Hippowdon|30/100
|-unboost|p2a: Deoxys|spa|2
|move|p1a: Hippowdon|Sand Tomb|p2a: Deoxys
|-damage|p2a: Deoxys|71/100
|-activate|p2a: Deoxys|move: Sand Tomb|[of] p1a: Hippowdon
|
|-weather|Sandstorm|[upkeep]
|-damage|p2a: Deoxys|65/100|[from] Sandstorm
|-damage|p2a: Deoxys|52/100|[from] move: Sand Tomb|[partiallytrapped]
|upkeep
|turn|3
|
|t:|1769298061
|move|p1a: Hippowdon|Protect|p1a: Hippowdon
|-singleturn|p1a: Hippowdon|Protect
|move|p2a: Deoxys|Psycho Boost|p1a: Hippowdon
|-activate|p1a: Hippowdon|move: Protect
|
|-weather|Sandstorm|[upkeep]
|-damage|p2a: Deoxys|46/100|[from] Sandstorm
|-damage|p2a: Deoxys|34/100|[from] move: Sand Tomb|[partiallytrapped]
|upkeep
|turn|4
|
|t:|1769298072
|switch|p1a: Diancie|Diancie|100/100
|move|p2a: Deoxys|Psycho Boost|p1a: Diancie
|-damage|p1a: Diancie|88/100
|-unboost|p2a: Deoxys|spa|2
|
|-weather|Sandstorm|[upkeep]
|-damage|p2a: Deoxys|27/100|[from] Sandstorm
|-heal|p1a: Diancie|95/100|[from] item: Leftovers
|-end|p2a: Deoxys|Sand Tomb|[partiallytrapped]|[silent]
|upkeep
|turn|5
|
|t:|1769298083
|move|p2a: Deoxys|Ice Beam|p1a: Diancie
|-damage|p1a: Diancie|91/100
|move|p1a: Diancie|Iron Defense|p1a: Diancie
|-boost|p1a: Diancie|def|2
|
|-weather|Sandstorm|[upkeep]
|-damage|p2a: Deoxys|21/100|[from] Sandstorm
|-heal|p1a: Diancie|97/100|[from] item: Leftovers
|upkeep
|turn|6
|
|t:|1769298094
|move|p2a: Deoxys|Thunderbolt|p1a: Diancie
|-damage|p1a: Diancie|93/100
|move|p1a: Diancie|Diamond Storm|p2a: Deoxys
|-damage|p2a: Deoxys|0 fnt
|faint|p2a: Deoxys
|
|-weather|Sandstorm|[upkeep]
|-heal|p1a: Diancie|99/100|[from] item: Leftovers
|upkeep
|
|t:|1769298102
|switch|p2a: Amoonguss|Amoonguss, M, shiny|100/100
|-damage|p2a: Amoonguss|88/100|[from] Stealth Rock
|turn|7
|
|t:|1769298117
|move|p2a: Amoonguss|Protect|p2a: Amoonguss
|-singleturn|p2a: Amoonguss|Protect
|move|p1a: Diancie|Diamond Storm|p2a: Amoonguss
|-activate|p2a: Amoonguss|move: Protect
|
|-weather|Sandstorm|[upkeep]
|-damage|p2a: Amoonguss|82/100|[from] Sandstorm
|-heal|p1a: Diancie|100/100|[from] item: Leftovers
|-heal|p2a: Amoonguss|88/100|[from] item: Leftovers
|upkeep
|turn|8
|
|t:|1769298129
|move|p2a: Amoonguss|Rage Powder||[still]
|-fail|p2a: Amoonguss
|move|p1a: Diancie|Diamond Storm|p2a: Amoonguss|[miss]
|-miss|p1a: Diancie|p2a: Amoonguss
|
|-weather|none
|-heal|p2a: Amoonguss|94/100|[from] item: Leftovers
|upkeep
|turn|9
|c|☆giannisgx|?
|
|t:|1769298145
|switch|p1a: Hippowdon|Hippowdon, M, shiny|30/100
|-weather|Sandstorm|[from] ability: Sand Stream|[of] p1a: Hippowdon
|move|p2a: Amoonguss|Stun Spore|p1a: Hippowdon
|-status|p1a: Hippowdon|par
|
|-weather|Sandstorm|[upkeep]
|-damage|p2a: Amoonguss|88/100|[from] Sandstorm
|-heal|p2a: Amoonguss|94/100|[from] item: Leftovers
|upkeep
|turn|10
|
|t:|1769298157
|move|p2a: Amoonguss|Giga Drain|p1a: Hippowdon
|-supereffective|p1a: Hippowdon
|-damage|p1a: Hippowdon|0 fnt
|-heal|p2a: Amoonguss|100/100|[from] drain|[of] p1a: Hippowdon
|faint|p1a: Hippowdon
|
|-weather|Sandstorm|[upkeep]
|-damage|p2a: Amoonguss|94/100|[from] Sandstorm
|-heal|p2a: Amoonguss|100/100|[from] item: Leftovers
|upkeep
|
|t:|1769298166
|switch|p1a: Glimmora|Glimmora, M|100/100
|turn|11
|
|t:|1769298171
|move|p2a: Amoonguss|Rage Powder||[still]
|-fail|p2a: Amoonguss
|move|p1a: Glimmora|Toxic Spikes|p2a: Amoonguss
|-sidestart|p2: snorlaxlvr247|move: Toxic Spikes
|
|-weather|Sandstorm|[upkeep]
|-damage|p2a: Amoonguss|94/100|[from] Sandstorm
|-heal|p2a: Amoonguss|100/100|[from] item: Leftovers
|upkeep
|turn|12
|
|t:|1769298180
|move|p1a: Glimmora|Toxic|p2a: Amoonguss
|-status|p2a: Amoonguss|tox
|move|p2a: Amoonguss|Stun Spore|p1a: Glimmora|[miss]
|-miss|p2a: Amoonguss|p1a: Glimmora
|
|-weather|Sandstorm|[upkeep]
|-damage|p2a: Amoonguss|94/100 tox|[from] Sandstorm
|-heal|p2a: Amoonguss|100/100 tox|[from] item: Leftovers
|-damage|p2a: Amoonguss|94/100 tox|[from] psn
|upkeep
|turn|13
|
|t:|1769298193
|switch|p2a: Darkrai|Darkrai, shiny|100/100
|-damage|p2a: Darkrai|88/100|[from] Stealth Rock
|-status|p2a: Darkrai|psn
|move|p1a: Glimmora|Toxic Spikes|p2a: Darkrai
|-sidestart|p2: snorlaxlvr247|move: Toxic Spikes
|
|-weather|Sandstorm|[upkeep]
|-damage|p2a: Darkrai|82/100 psn|[from] Sandstorm
|-damage|p2a: Darkrai|70/100 psn|[from] psn
|upkeep
|turn|14
|
|t:|1769298205
|move|p1a: Glimmora|Spiky Shield|p1a: Glimmora
|-singleturn|p1a: Glimmora|move: Protect
|move|p2a: Darkrai|Dark Pulse|p1a: Glimmora
|-activate|p1a: Glimmora|move: Protect
|
|-weather|Sandstorm|[upkeep]
|-damage|p2a: Darkrai|63/100 psn|[from] Sandstorm
|-damage|p2a: Darkrai|51/100 psn|[from] psn
|upkeep
|turn|15
|
|t:|1769298217
|switch|p1a: Diancie|Diancie|100/100
|move|p2a: Darkrai|Dark Pulse|p1a: Diancie
|-resisted|p1a: Diancie
|-damage|p1a: Diancie|90/100
|
|-weather|Sandstorm|[upkeep]
|-damage|p2a: Darkrai|45/100 psn|[from] Sandstorm
|-heal|p1a: Diancie|97/100|[from] item: Leftovers
|-damage|p2a: Darkrai|33/100 psn|[from] psn
|upkeep
|turn|16
|
|t:|1769298230
|move|p2a: Darkrai|Sludge Bomb|p1a: Diancie
|-damage|p1a: Diancie|83/100
|move|p1a: Diancie|Iron Defense|p1a: Diancie
|-boost|p1a: Diancie|def|2
|
|-weather|none
|-heal|p1a: Diancie|90/100|[from] item: Leftovers
|-damage|p2a: Darkrai|20/100 psn|[from] psn
|upkeep
|turn|17
|
|t:|1769298239
|move|p2a: Darkrai|Sludge Bomb|p1a: Diancie
|-crit|p1a: Diancie
|-damage|p1a: Diancie|62/100
|move|p1a: Diancie|Dazzling Gleam|p2a: Darkrai
|-supereffective|p2a: Darkrai
|-damage|p2a: Darkrai|0 fnt
|faint|p2a: Darkrai
|
|-heal|p1a: Diancie|69/100|[from] item: Leftovers
|upkeep
|
|t:|1769298248
|switch|p2a: Amoonguss|Amoonguss, M, shiny|94/100 tox
|-damage|p2a: Amoonguss|82/100 tox|[from] Stealth Rock
|-sideend|p2: snorlaxlvr247|move: Toxic Spikes|[of] p2a: Amoonguss
|turn|18
|
|t:|1769298255
|move|p1a: Diancie|Diamond Storm|p2a: Amoonguss
|-damage|p2a: Amoonguss|57/100 tox
|move|p2a: Amoonguss|Giga Drain|p1a: Diancie
|-supereffective|p1a: Diancie
|-damage|p1a: Diancie|41/100
|-heal|p2a: Amoonguss|66/100 tox|[from] drain|[of] p1a: Diancie
|
|-heal|p1a: Diancie|47/100|[from] item: Leftovers
|-heal|p2a: Amoonguss|72/100 tox|[from] item: Leftovers
|-damage|p2a: Amoonguss|66/100 tox|[from] psn
|upkeep
|turn|19
|
|t:|1769298272
|move|p1a: Diancie|Diamond Storm|p2a: Amoonguss
|-damage|p2a: Amoonguss|40/100 tox
|-boost|p1a: Diancie|def|2
|move|p2a: Amoonguss|Giga Drain|p1a: Diancie
|-supereffective|p1a: Diancie
|-damage|p1a: Diancie|22/100
|-heal|p2a: Amoonguss|49/100 tox|[from] drain|[of] p1a: Diancie
|
|-heal|p1a: Diancie|28/100|[from] item: Leftovers
|-heal|p2a: Amoonguss|55/100 tox|[from] item: Leftovers
|-damage|p2a: Amoonguss|43/100 tox|[from] psn
|upkeep
|turn|20
|
|t:|1769298282
|move|p1a: Diancie|Diamond Storm|p2a: Amoonguss
|-damage|p2a: Amoonguss|16/100 tox
|move|p2a: Amoonguss|Giga Drain|p1a: Diancie
|-supereffective|p1a: Diancie
|-damage|p1a: Diancie|1/100
|-heal|p2a: Amoonguss|25/100 tox|[from] drain|[of] p1a: Diancie
|
|-heal|p1a: Diancie|8/100|[from] item: Leftovers
|-heal|p2a: Amoonguss|31/100 tox|[from] item: Leftovers
|-damage|p2a: Amoonguss|12/100 tox|[from] psn
|upkeep
|turn|21
|
|t:|1769298293
|move|p1a: Diancie|Body Press|p2a: Amoonguss
|-resisted|p2a: Amoonguss
|-damage|p2a: Amoonguss|0 fnt
|-status|p1a: Diancie|slp|[from] ability: Effect Spore|[of] p2a: Amoonguss
|faint|p2a: Amoonguss
|
|-heal|p1a: Diancie|14/100 slp|[from] item: Leftovers
|upkeep
|
|t:|1769298307
|switch|p2a: Kingdra|Kingdra, F|100/100
|-damage|p2a: Kingdra|88/100|[from] Stealth Rock
|turn|22
|
|t:|1769298314
|move|p2a: Kingdra|Outrage|p1a: Diancie
|-immune|p1a: Diancie
|cant|p1a: Diancie|slp
|
|-heal|p2a: Kingdra|94/100|[from] item: Leftovers
|-heal|p1a: Diancie|20/100 slp|[from] item: Leftovers
|upkeep
|turn|23
|
|t:|1769298321
|move|p2a: Kingdra|Waterfall|p1a: Diancie
|-supereffective|p1a: Diancie
|-damage|p1a: Diancie|0 fnt
|faint|p1a: Diancie
|
|-heal|p2a: Kingdra|100/100|[from] item: Leftovers
|upkeep
|
|t:|1769298330
|switch|p1a: Cinderace|Cinderace, M|100/100
|turn|24
|
|t:|1769298334
|move|p1a: Cinderace|Trailblaze|p2a: Kingdra
|-start|p1a: Cinderace|typechange|Grass|[from] ability: Libero
|-damage|p2a: Kingdra|73/100
|-boost|p1a: Cinderace|spe|1
|move|p2a: Kingdra|Waterfall|p1a: Cinderace
|-resisted|p1a: Cinderace
|-crit|p1a: Cinderace
|-damage|p1a: Cinderace|62/100
|-damage|p2a: Kingdra|57/100|[from] item: Rocky Helmet|[of] p1a: Cinderace
|
|-heal|p2a: Kingdra|63/100|[from] item: Leftovers
|upkeep
|turn|25
|
|t:|1769298352
|move|p1a: Cinderace|Trailblaze|p2a: Kingdra
|-damage|p2a: Kingdra|36/100
|-boost|p1a: Cinderace|spe|1
|move|p2a: Kingdra|Waterfall|p1a: Cinderace
|-resisted|p1a: Cinderace
|-damage|p1a: Cinderace|35/100
|-damage|p2a: Kingdra|19/100|[from] item: Rocky Helmet|[of] p1a: Cinderace
|
|-heal|p2a: Kingdra|26/100|[from] item: Leftovers
|upkeep
|turn|26
|
|t:|1769298362
|move|p1a: Cinderace|Trailblaze|p2a: Kingdra
|-damage|p2a: Kingdra|0 fnt
|-boost|p1a: Cinderace|spe|1
|faint|p2a: Kingdra
|
|upkeep
|
|t:|1769298378
|switch|p2a: Dragapult|Dragapult, M|100/100
|-damage|p2a: Dragapult|88/100|[from] Stealth Rock
|turn|27
|
|t:|1769298386
|move|p1a: Cinderace|Smack Down|p2a: Dragapult
|-damage|p2a: Dragapult|67/100
|move|p2a: Dragapult|Dragon Darts|p1a: Cinderace
|-crit|p1a: Cinderace
|-damage|p1a: Cinderace|0 fnt
|faint|p1a: Cinderace
|
|upkeep
|
|t:|1769298399
|switch|p1a: Ogerpon|Ogerpon-Cornerstone, F|100/100
|turn|28
|
|t:|1769298406
|move|p2a: Dragapult|U-turn|p1a: Ogerpon
|-supereffective|p1a: Ogerpon
|-damage|p1a: Ogerpon|46/100
|
|t:|1769298409
|switch|p2a: Blaziken|Blaziken, M|100/100|[from] U-turn
|-damage|p2a: Blaziken|88/100|[from] Stealth Rock
|-item|p2a: Blaziken|Air Balloon
|move|p1a: Ogerpon|Knock Off|p2a: Blaziken
|-resisted|p2a: Blaziken
|-damage|p2a: Blaziken|66/100
|-enditem|p2a: Blaziken|Air Balloon
|
|upkeep
|turn|29
|
|t:|1769298430
|switch|p1a: Glimmora|Glimmora, M|100/100
|move|p2a: Blaziken|Blaze Kick|p1a: Glimmora
|-resisted|p1a: Glimmora
|-damage|p1a: Glimmora|79/100
|
|-ability|p2a: Blaziken|Speed Boost|boost
|-boost|p2a: Blaziken|spe|1
|upkeep
|turn|30
|
|t:|1769298447
|move|p2a: Blaziken|Close Combat|p1a: Glimmora
|-damage|p1a: Glimmora|17/100
|-unboost|p2a: Blaziken|def|1
|-unboost|p2a: Blaziken|spd|1
|move|p1a: Glimmora|Toxic|p2a: Blaziken
|-status|p2a: Blaziken|tox
|
|-damage|p2a: Blaziken|60/100 tox|[from] psn
|-ability|p2a: Blaziken|Speed Boost|boost
|-boost|p2a: Blaziken|spe|1
|upkeep
|turn|31
|
|t:|1769298456
|move|p1a: Glimmora|Spiky Shield|p1a: Glimmora
|-singleturn|p1a: Glimmora|move: Protect
|move|p2a: Blaziken|Close Combat|p1a: Glimmora
|-activate|p1a: Glimmora|move: Protect
|-damage|p2a: Blaziken|48/100 tox|[from] Spiky Shield|[of] p1a: Glimmora
|
|-damage|p2a: Blaziken|36/100 tox|[from] psn
|-ability|p2a: Blaziken|Speed Boost|boost
|-boost|p2a: Blaziken|spe|1
|upkeep
|turn|32
|c|☆snorlaxlvr247|GG
|
|t:|1769298468
|switch|p1a: Houndstone|Houndstone, F|100/100
|move|p2a: Blaziken|Close Combat|p1a: Houndstone
|-immune|p1a: Houndstone
|
|-damage|p2a: Blaziken|18/100 tox|[from] psn
|-ability|p2a: Blaziken|Speed Boost|boost
|-boost|p2a: Blaziken|spe|1
|upkeep
|turn|33
|
|t:|1769298508
|switch|p1a: Glimmora|Glimmora, M|17/100
|move|p2a: Blaziken|Stone Edge|p1a: Glimmora|[miss]
|-miss|p2a: Blaziken|p1a: Glimmora
|
|-damage|p2a: Blaziken|0 fnt|[from] psn
|faint|p2a: Blaziken
|upkeep
|
|t:|1769298515
|switch|p2a: Dragapult|Dragapult, M|67/100
|-damage|p2a: Dragapult|55/100|[from] Stealth Rock
|turn|34
|
|t:|1769298520
|move|p1a: Glimmora|Spiky Shield|p1a: Glimmora
|-singleturn|p1a: Glimmora|move: Protect
|move|p2a: Dragapult|Outrage|p1a: Glimmora
|-activate|p1a: Glimmora|move: Protect
|-damage|p2a: Dragapult|43/100|[from] Spiky Shield|[of] p1a: Glimmora
|
|upkeep
|turn|35
|
|t:|1769298529
|move|p2a: Dragapult|Outrage|p1a: Glimmora
|-damage|p1a: Glimmora|0 fnt
|faint|p1a: Glimmora
|
|upkeep
|
|t:|1769298535
|switch|p1a: Ogerpon|Ogerpon-Cornerstone, F|46/100
|turn|36
|
|t:|1769298548
|-terastallize|p1a: Ogerpon|Rock
|detailschange|p1a: Ogerpon|Ogerpon-Cornerstone-Tera, F, tera:Rock
|-ability|p1a: Ogerpon|Embody Aspect (Cornerstone)|boost
|-boost|p1a: Ogerpon|def|1
|move|p2a: Dragapult|Outrage|p1a: Ogerpon|[from] lockedmove
|-damage|p1a: Ogerpon|3/100
|move|p1a: Ogerpon|Horn Leech|p2a: Dragapult
|-resisted|p2a: Dragapult
|-damage|p2a: Dragapult|19/100
|-heal|p1a: Ogerpon|13/100|[from] drain|[of] p2a: Dragapult
|
|upkeep
|turn|37
|
|t:|1769298562
|move|p1a: Ogerpon|Spiky Shield|p1a: Ogerpon
|-singleturn|p1a: Ogerpon|move: Protect
|move|p2a: Dragapult|Outrage|p1a: Ogerpon|[from] lockedmove
|-activate|p1a: Ogerpon|move: Protect
|-damage|p2a: Dragapult|7/100|[from] Spiky Shield|[of] p1a: Ogerpon
|-start|p2a: Dragapult|confusion|[fatigue]
|
|upkeep
|turn|38
|c|☆snorlaxlvr247|GG
|
|t:|1769298574
|switch|p1a: Houndstone|Houndstone, F|100/100
|-activate|p2a: Dragapult|confusion
|move|p2a: Dragapult|Dragon Darts|p1a: Houndstone
|-damage|p1a: Houndstone|72/100
|-anim|p2a: Dragapult|Dragon Darts|p1a: Houndstone
|-damage|p1a: Houndstone|39/100
|
|upkeep
|turn|39
|
|t:|1769298584
|-activate|p2a: Dragapult|confusion
|-damage|p2a: Dragapult|0 fnt|[from] confusion
|faint|p2a: Dragapult
|
|win|giannisgx
|raw|giannisgx's rating: 1068 &rarr; <strong>1092</strong><br />(+24 for winning)
|raw|snorlaxlvr247's rating: 1000 &rarr; <strong>1000</strong><br />(+0 for losing)
|c|☆giannisgx|gg
