|j|☆mamgge
|j|☆llnate4L
|t:|1769323143
|gametype|singles
|player|p1|mamgge|red|1071
|player|p2|llnate4L|gentleman-gen4|1066
|gen|9
|tier|[Gen 9] OU
|rated|
|rule|HP Percentage Mod: HP is shown in percentages
|rule|Endless Battle Clause: Forcing endless battles is banned
|rule|Species Clause: Limit one of each Pokémon
|rule|OHKO Clause: OHKO moves are banned
|rule|Evasion Items Clause: Evasion items are banned
|rule|Evasion Moves Clause: Evasion moves are banned
|rule|Evasion Abilities Clause: Evasion abilities are banned
|rule|Sleep Moves Clause: Sleep-inducing moves are banned
|clearpoke
|poke|p1|Great Tusk|
|poke|p1|Dragonite, M|
|poke|p1|Iron Moth|
|poke|p1|Gallade, M|
|poke|p1|Kingambit, F|
|poke|p1|Incineroar, M|
|poke|p2|Primarina, F|
|poke|p2|Rhyperior, M|
|poke|p2|Metagross|
|poke|p2|Talonflame, M|
|poke|p2|Tsareena, F|
|poke|p2|Drifblim, F|
|teampreview
|
|t:|1769323156
|teamsize|p1|6
|teamsize|p2|6
|start
|switch|p1a: Gallade|Gallade, M, shiny|100/100
|switch|p2a: Metagross|Metagross, shiny|100/100
|turn|1
|
|t:|1769323178
|switch|p2a: Drifblim|Drifblim, F|100/100
|move|p1a: Gallade|Close Combat|p2a: Drifblim
|-immune|p2a: Drifblim
|
|upkeep
|turn|2
|
|t:|1769323188
|move|p1a: Gallade|Psycho Cut|p2a: Drifblim
|-crit|p2a: Drifblim
|-damage|p2a: Drifblim|0 fnt
|faint|p2a: Drifblim
|
|upkeep
|
|t:|1769323201
|switch|p2a: Talonflame|Talonflame, M|100/100
|turn|3
|inactive|Battle timer is ON: inactive players will automatically lose when time's up. (requested by mamgge)
|
|t:|1769323208
|move|p2a: Talonflame|Brave Bird|p1a: Gallade
|-supereffective|p1a: Gallade
|-damage|p1a: Gallade|0 fnt
|faint|p1a: Gallade
|-damage|p2a: Talonflame|70/100|[from] Recoil
|-damage|p2a: Talonflame|60/100|[from] item: Life Orb
|
|upkeep
|
|t:|1769323225
|switch|p1a: Incineroar|Incineroar, M, shiny|100/100
|-ability|p1a: Incineroar|Intimidate|boost
|-unboost|p2a: Talonflame|atk|1
|-item|p1a: Incineroar|Air Balloon
|turn|4
|
|t:|1769323235
|switch|p2a: Rhyperior|Rhyperior, M|100/100
|move|p1a: Incineroar|Fake Out|p2a: Rhyperior
|-resisted|p2a: Rhyperior
|-damage|p2a: Rhyperior|96/100
|
|upkeep
|turn|5
|
|t:|1769323248
|switch|p1a: Great Tusk|Great Tusk|100/100
|-enditem|p1a: Great Tusk|Booster Energy
|-activate|p1a: Great Tusk|ability: Protosynthesis|[fromitem]
|-start|p1a: Great Tusk|protosynthesisatk
|move|p2a: Rhyperior|Stone Edge|p1a: Great Tusk
|-resisted|p1a: Great Tusk
|-damage|p1a: Great Tusk|91/100
|
|upkeep
|turn|6
|
|t:|1769323259
|-terastallize|p2a: Rhyperior|Ground
|move|p1a: Great Tusk|Stealth Rock|p2a: Rhyperior
|-sidestart|p2: llnate4L|move: Stealth Rock
|move|p2a: Rhyperior|Earthquake|p1a: Great Tusk
|-damage|p1a: Great Tusk|44/100
|
|upkeep
|turn|7
|
|t:|1769323270
|move|p1a: Great Tusk|Ice Spinner|p2a: Rhyperior
|-supereffective|p2a: Rhyperior
|-damage|p2a: Rhyperior|57/100
|move|p2a: Rhyperior|Ice Punch|p1a: Great Tusk
|-supereffective|p1a: Great Tusk
|-damage|p1a: Great Tusk|5/100
|
|upkeep
|turn|8
|
|t:|1769323283
|move|p1a: Great Tusk|Ice Spinner|p2a: Rhyperior
|-supereffective|p2a: Rhyperior
|-damage|p2a: Rhyperior|21/100
|move|p2a: Rhyperior|Stone Edge|p1a: Great Tusk|[miss]
|-miss|p2a: Rhyperior|p1a: Great Tusk
|
|upkeep
|turn|9
|
|t:|1769323294
|move|p1a: Great Tusk|Ice Spinner|p2a: Rhyperior
|-supereffective|p2a: Rhyperior
|-damage|p2a: Rhyperior|0 fnt
|faint|p2a: Rhyperior
|
|upkeep
|
|t:|1769323315
|switch|p2a: Primarina|Primarina, F, shiny|100/100
|-damage|p2a: Primarina|88/100|[from] Stealth Rock
|turn|10
|
|t:|1769323327
|move|p1a: Great Tusk|Earthquake|p2a: Primarina
|-damage|p2a: Primarina|15/100
|move|p2a: Primarina|Sparkling Aria|p1a: Great Tusk
|-supereffective|p1a: Great Tusk
|-damage|p1a: Great Tusk|0 fnt
|faint|p1a: Great Tusk
|-end|p1a: Great Tusk|Protosynthesis|[silent]
|
|-heal|p2a: Primarina|21/100|[from] item: Leftovers
|upkeep
|
|t:|1769323339
|switch|p1a: Dragonite|Dragonite, M, shiny|100/100
|turn|11
|
|t:|1769323346
|-terastallize|p1a: Dragonite|Poison
|move|p1a: Dragonite|Dragon Dance|p1a: Dragonite
|-boost|p1a: Dragonite|atk|1
|-boost|p1a: Dragonite|spe|1
|move|p2a: Primarina|Ice Beam|p1a: Dragonite
|-damage|p1a: Dragonite|83/100
|
|-heal|p2a: Primarina|27/100|[from] item: Leftovers
|upkeep
|turn|12
|
|t:|1769323357
|move|p1a: Dragonite|Tera Blast|p2a: Primarina|[anim] Tera Blast Poison
|-supereffective|p2a: Primarina
|-damage|p2a: Primarina|0 fnt
|faint|p2a: Primarina
|
|upkeep
|
|t:|1769323364
|switch|p2a: Metagross|Metagross, shiny|100/100
|-damage|p2a: Metagross|94/100|[from] Stealth Rock
|turn|13
|
|t:|1769323374
|switch|p1a: Incineroar|Incineroar, M, shiny|100/100
|-ability|p1a: Incineroar|Intimidate|boost
|-fail|p2a: Metagross|unboost|[from] ability: Clear Body|[of] p2a: Metagross
|-item|p1a: Incineroar|Air Balloon
|move|p2a: Metagross|Zen Headbutt|p1a: Incineroar
|-immune|p1a: Incineroar
|
|upkeep
|turn|14
|
|t:|1769323385
|move|p1a: Incineroar|Flare Blitz|p2a: Metagross
|-supereffective|p2a: Metagross
|-damage|p2a: Metagross|10/100
|-enditem|p2a: Metagross|Weakness Policy
|-boost|p2a: Metagross|atk|2|[from] item: Weakness Policy
|-boost|p2a: Metagross|spa|2|[from] item: Weakness Policy
|-damage|p1a: Incineroar|70/100|[from] Recoil
|move|p2a: Metagross|Earthquake|p1a: Incineroar
|-immune|p1a: Incineroar
|
|upkeep
|turn|15
|
|t:|1769323395
|move|p2a: Metagross|Bullet Punch|p1a: Incineroar
|-resisted|p1a: Incineroar
|-damage|p1a: Incineroar|47/100
|-enditem|p1a: Incineroar|Air Balloon
|move|p1a: Incineroar|Flare Blitz|p2a: Metagross
|-supereffective|p2a: Metagross
|-damage|p2a: Metagross|0 fnt
|faint|p2a: Metagross
|-damage|p1a: Incineroar|44/100|[from] Recoil
|
|upkeep
|
|t:|1769323406
|switch|p2a: Talonflame|Talonflame, M|60/100
|-damage|p2a: Talonflame|10/100|[from] Stealth Rock
|turn|16
|
|t:|1769323412
|move|p2a: Talonflame|Brave Bird|p1a: Incineroar
|-damage|p1a: Incineroar|0 fnt
|faint|p1a: Incineroar
|-damage|p2a: Talonflame|0 fnt|[from] Recoil
|faint|p2a: Talonflame
|
|upkeep
|
|t:|1769323419
|switch|p2a: Tsareena|Tsareena, F, shiny|100/100
|switch|p1a: Iron Moth|Iron Moth|100/100
|-damage|p2a: Tsareena|88/100|[from] Stealth Rock
|-enditem|p1a: Iron Moth|Booster Energy
|-activate|p1a: Iron Moth|ability: Quark Drive|[fromitem]
|-start|p1a: Iron Moth|quarkdrivespa
|turn|17
|
|t:|1769323435
|move|p1a: Iron Moth|U-turn|p2a: Tsareena
|-supereffective|p2a: Tsareena
|-damage|p2a: Tsareena|63/100
|
|t:|1769323440
|-end|p1a: Iron Moth|Quark Drive|[silent]
|switch|p1a: Dragonite|Dragonite, M, shiny, tera:Poison|83/100|[from] U-turn
|move|p2a: Tsareena|High Jump Kick|p1a: Dragonite
|-resisted|p1a: Dragonite
|-damage|p1a: Dragonite|48/100
|
|upkeep
|turn|18
|
|t:|1769323451
|move|p1a: Dragonite|Tera Blast|p2a: Tsareena|[anim] Tera Blast Poison
|-supereffective|p2a: Tsareena
|-damage|p2a: Tsareena|0 fnt
|faint|p2a: Tsareena
|
|win|mamgge
|raw|mamgge's rating: 1071 &rarr; <strong>1100</strong><br />(+29 for winning)
|raw|llnate4L's rating: 1066 &rarr; <strong>1046</strong><br />(-20 for losing)
|l|☆llnate4L
|player|p2|
|l|☆mamgge
|player|p1|
