|j|☆timmytohns
|j|☆rj215
|t:|1769420521
|gametype|singles
|player|p1|timmytohns|101|1365
|player|p2|rj215|170|1298
|gen|9
|tier|[Gen 9] OU
|rated|
|rule|HP Percentage Mod: HP is shown in percentages
|rule|Endless Battle Clause: Forcing endless battles is banned
|rule|Species Clause: Limit one of each Pokémon
|rule|OHKO Clause: OHKO moves are banned
|rule|Evasion Items Clause: Evasion items are banned
|rule|Evasion Moves Clause: Evasion moves are banned
|rule|Evasion Abilities Clause: Evasion abilities are banned
|rule|Sleep Moves Clause: Sleep-inducing moves are banned
|clearpoke
|poke|p1|Ogerpon-Wellspring, F|
|poke|p1|Dragonite, M|
|poke|p1|Glimmora, M|
|poke|p1|Gholdengo|
|poke|p1|Samurott-Hisui, M|
|poke|p1|Zamazenta-*|
|poke|p2|Cramorant, F|
|poke|p2|Dragonite, M|
|poke|p2|Skeledirge, M|
|poke|p2|Cloyster, F|
|poke|p2|Quaquaval, M|
|poke|p2|Serperior, F|
|teampreview
|inactive|Battle timer is ON: inactive players will automatically lose when time's up. (requested by timmytohns)
|
|t:|1769420528
|teamsize|p1|6
|teamsize|p2|6
|start
|switch|p1a: Glimmora|Glimmora, M|100/100
|switch|p2a: Cramorant|Cramorant, F|100/100
|turn|1
|
|t:|1769420534
|move|p1a: Glimmora|Stealth Rock|p2a: Cramorant
|-sidestart|p2: rj215|move: Stealth Rock
|move|p2a: Cramorant|Surf|p1a: Glimmora
|-formechange|p2a: Cramorant|Cramorant-Gulping|
|-supereffective|p1a: Glimmora
|-damage|p1a: Glimmora|5/100
|
|upkeep
|turn|2
|
|t:|1769420543
|move|p1a: Glimmora|Power Gem|p2a: Cramorant
|-supereffective|p2a: Cramorant
|-enditem|p2a: Cramorant|Focus Sash
|-damage|p2a: Cramorant|1/100
|-damage|p1a: Glimmora|0 fnt|[from] ability: Gulp Missile|[of] p2a: Cramorant
|-formechange|p2a: Cramorant|Cramorant|
|faint|p1a: Glimmora
|move|p2a: Cramorant|Surf|p1: Glimmora|[notarget]
|-fail|p2a: Cramorant
|
|upkeep
|
|t:|1769420551
|switch|p1a: Samurott|Samurott-Hisui, M|100/100
|turn|3
|
|t:|1769420557
|move|p1a: Samurott|Ceaseless Edge|p2a: Cramorant
|-damage|p2a: Cramorant|0 fnt
|-sidestart|p2: rj215|Spikes
|faint|p2a: Cramorant
|
|upkeep
|
|t:|1769420564
|switch|p2a: Serperior|Serperior, F|100/100
|-damage|p2a: Serperior|88/100|[from] Stealth Rock
|-damage|p2a: Serperior|76/100|[from] Spikes
|turn|4
|
|t:|1769420579
|move|p2a: Serperior|Leaf Storm|p1a: Samurott
|-supereffective|p1a: Samurott
|-enditem|p1a: Samurott|Focus Sash
|-damage|p1a: Samurott|1/100
|-boost|p2a: Serperior|spa|2
|move|p1a: Samurott|Ceaseless Edge|p2a: Serperior
|-damage|p2a: Serperior|21/100
|-sidestart|p2: rj215|Spikes
|
|upkeep
|turn|5
|
|t:|1769420589
|move|p1a: Samurott|Aqua Jet|p2a: Serperior
|-resisted|p2a: Serperior
|-damage|p2a: Serperior|11/100
|move|p2a: Serperior|Leaf Storm|p1a: Samurott
|-supereffective|p1a: Samurott
|-damage|p1a: Samurott|0 fnt
|-boost|p2a: Serperior|spa|2
|faint|p1a: Samurott
|
|upkeep
|
|t:|1769420599
|switch|p1a: Zamazenta|Zamazenta|100/100
|-ability|p1a: Zamazenta|Dauntless Shield|boost
|-boost|p1a: Zamazenta|def|1
|turn|6
|
|t:|1769420607
|move|p1a: Zamazenta|Body Press|p2a: Serperior
|-damage|p2a: Serperior|0 fnt
|faint|p2a: Serperior
|
|upkeep
|
|t:|1769420617
|switch|p2a: Skeledirge|Skeledirge, M|100/100
|-damage|p2a: Skeledirge|75/100|[from] Stealth Rock
|-damage|p2a: Skeledirge|59/100|[from] Spikes
|turn|7
|
|t:|1769420625
|move|p1a: Zamazenta|Crunch|p2a: Skeledirge
|-supereffective|p2a: Skeledirge
|-damage|p2a: Skeledirge|25/100
|-enditem|p2a: Skeledirge|Red Card|[of] p1a: Zamazenta
|drag|p1a: Dragonite|Dragonite, M|100/100
|move|p2a: Skeledirge|Will-O-Wisp|p1a: Dragonite
|-status|p1a: Dragonite|brn
|
|-damage|p1a: Dragonite|94/100 brn|[from] brn
|upkeep
|turn|8
|
|t:|1769420644
|move|p1a: Dragonite|Dragon Dance|p1a: Dragonite
|-boost|p1a: Dragonite|atk|1
|-boost|p1a: Dragonite|spe|1
|move|p2a: Skeledirge|Slack Off|p2a: Skeledirge
|-heal|p2a: Skeledirge|75/100
|
|-damage|p1a: Dragonite|88/100 brn|[from] brn
|upkeep
|turn|9
|
|t:|1769420651
|move|p1a: Dragonite|Dragon Dance|p1a: Dragonite
|-boost|p1a: Dragonite|atk|1
|-boost|p1a: Dragonite|spe|1
|move|p2a: Skeledirge|Torch Song|p1a: Dragonite
|-resisted|p1a: Dragonite
|-damage|p1a: Dragonite|71/100 brn
|-boost|p2a: Skeledirge|spa|1
|
|-damage|p1a: Dragonite|65/100 brn|[from] brn
|upkeep
|turn|10
|
|t:|1769420661
|move|p1a: Dragonite|Earthquake|p2a: Skeledirge
|-supereffective|p2a: Skeledirge
|-damage|p2a: Skeledirge|43/100
|move|p2a: Skeledirge|Torch Song|p1a: Dragonite
|-resisted|p1a: Dragonite
|-damage|p1a: Dragonite|41/100 brn
|-boost|p2a: Skeledirge|spa|1
|
|-damage|p1a: Dragonite|35/100 brn|[from] brn
|upkeep
|turn|11
|
|t:|1769420667
|move|p1a: Dragonite|Roost|p1a: Dragonite
|-heal|p1a: Dragonite|85/100 brn
|-singleturn|p1a: Dragonite|move: Roost
|move|p2a: Skeledirge|Slack Off|p2a: Skeledirge
|-heal|p2a: Skeledirge|93/100
|
|-damage|p1a: Dragonite|79/100 brn|[from] brn
|upkeep
|turn|12
|l|☆timmytohns
|inactive|timmytohns disconnected and has a minute to reconnect!
|player|p1|
|j|☆timmytohns
|inactive|timmytohns reconnected and has 115 seconds left.
|player|p1|timmytohns|101|
|
|t:|1769420711
|move|p1a: Dragonite|Dragon Dance|p1a: Dragonite
|-boost|p1a: Dragonite|atk|1
|-boost|p1a: Dragonite|spe|1
|move|p2a: Skeledirge|Torch Song|p1a: Dragonite
|-resisted|p1a: Dragonite
|-damage|p1a: Dragonite|48/100 brn
|-boost|p2a: Skeledirge|spa|1
|
|-damage|p1a: Dragonite|41/100 brn|[from] brn
|upkeep
|turn|13
|
|t:|1769420723
|move|p1a: Dragonite|Roost|p1a: Dragonite
|-heal|p1a: Dragonite|92/100 brn
|-singleturn|p1a: Dragonite|move: Roost
|move|p2a: Skeledirge|Torch Song|p1a: Dragonite
|-resisted|p1a: Dragonite
|-damage|p1a: Dragonite|49/100 brn
|-boost|p2a: Skeledirge|spa|1
|
|-damage|p1a: Dragonite|43/100 brn|[from] brn
|upkeep
|turn|14
|
|t:|1769420731
|move|p1a: Dragonite|Roost|p1a: Dragonite
|-heal|p1a: Dragonite|93/100 brn
|-singleturn|p1a: Dragonite|move: Roost
|move|p2a: Skeledirge|Torch Song|p1a: Dragonite
|-resisted|p1a: Dragonite
|-damage|p1a: Dragonite|47/100 brn
|-boost|p2a: Skeledirge|spa|1
|
|-damage|p1a: Dragonite|41/100 brn|[from] brn
|upkeep
|turn|15
|inactive|timmytohns has 120 seconds left.
|
|t:|1769420743
|move|p1a: Dragonite|Earthquake|p2a: Skeledirge
|-supereffective|p2a: Skeledirge
|-damage|p2a: Skeledirge|64/100
|move|p2a: Skeledirge|Torch Song|p1a: Dragonite
|-resisted|p1a: Dragonite
|-damage|p1a: Dragonite|0 fnt
|-boost|p2a: Skeledirge|spa|1
|faint|p1a: Dragonite
|
|upkeep
|
|t:|1769420751
|switch|p1a: Ogerpon|Ogerpon-Wellspring, F|100/100
|turn|16
|
|t:|1769420770
|switch|p2a: Dragonite|Dragonite, M|100/100
|-damage|p2a: Dragonite|76/100|[from] Stealth Rock
|move|p1a: Ogerpon|Ivy Cudgel|p2a: Dragonite|[anim] Ivy Cudgel Water
|-resisted|p2a: Dragonite
|-damage|p2a: Dragonite|50/100
|-enditem|p2a: Dragonite|Sitrus Berry|[eat]
|-heal|p2a: Dragonite|75/100|[from] item: Sitrus Berry
|
|upkeep
|turn|17
|inactive|timmytohns has 120 seconds left.
|
|t:|1769420788
|switch|p1a: Gholdengo|Gholdengo|100/100
|-item|p1a: Gholdengo|Air Balloon
|move|p2a: Dragonite|Roost|p2a: Dragonite
|-heal|p2a: Dragonite|100/100
|-singleturn|p2a: Dragonite|move: Roost
|
|upkeep
|turn|18
|inactive|timmytohns has 120 seconds left.
|
|t:|1769420802
|-terastallize|p2a: Dragonite|Steel
|move|p1a: Gholdengo|Shadow Ball|p2a: Dragonite
|-damage|p2a: Dragonite|83/100
|move|p2a: Dragonite|Dragon Dance|p2a: Dragonite
|-boost|p2a: Dragonite|atk|1
|-boost|p2a: Dragonite|spe|1
|
|upkeep
|turn|19
|inactive|timmytohns has 120 seconds left.
|
|t:|1769420814
|move|p2a: Dragonite|Dragon Dance|p2a: Dragonite
|-boost|p2a: Dragonite|atk|1
|-boost|p2a: Dragonite|spe|1
|move|p1a: Gholdengo|Nasty Plot|p1a: Gholdengo
|-boost|p1a: Gholdengo|spa|2
|
|upkeep
|turn|20
|
|t:|1769420825
|move|p2a: Dragonite|Roost|p2a: Dragonite
|-heal|p2a: Dragonite|100/100
|move|p1a: Gholdengo|Shadow Ball|p2a: Dragonite
|-damage|p2a: Dragonite|61/100
|
|upkeep
|turn|21
|
|t:|1769420834
|move|p2a: Dragonite|Roost|p2a: Dragonite
|-heal|p2a: Dragonite|100/100
|move|p1a: Gholdengo|Shadow Ball|p2a: Dragonite
|-damage|p2a: Dragonite|61/100
|-unboost|p2a: Dragonite|spd|1
|
|upkeep
|turn|22
|
|t:|1769420836
|move|p2a: Dragonite|Iron Head|p1a: Gholdengo
|-resisted|p1a: Gholdengo
|-damage|p1a: Gholdengo|45/100
|-enditem|p1a: Gholdengo|Air Balloon
|move|p1a: Gholdengo|Shadow Ball|p2a: Dragonite
|-damage|p2a: Dragonite|0 fnt
|faint|p2a: Dragonite
|
|upkeep
|
|t:|1769420842
|switch|p2a: Quaquaval|Quaquaval, M|100/100
|-damage|p2a: Quaquaval|94/100|[from] Stealth Rock
|-damage|p2a: Quaquaval|78/100|[from] Spikes
|turn|23
|
|t:|1769420849
|move|p2a: Quaquaval|Brave Bird|p1a: Gholdengo
|-resisted|p1a: Gholdengo
|-damage|p1a: Gholdengo|11/100
|-damage|p2a: Quaquaval|66/100|[from] Recoil
|move|p1a: Gholdengo|Shadow Ball|p2a: Quaquaval
|-damage|p2a: Quaquaval|0 fnt
|faint|p2a: Quaquaval
|
|upkeep
|
|t:|1769420853
|switch|p2a: Cloyster|Cloyster, F|100/100
|-damage|p2a: Cloyster|76/100|[from] Stealth Rock
|-damage|p2a: Cloyster|59/100|[from] Spikes
|turn|24
|-message|rj215 forfeited.
|
|win|timmytohns
|raw|timmytohns's rating: 1365 &rarr; <strong>1381</strong><br />(+16 for winning)
|raw|rj215's rating: 1298 &rarr; <strong>1278</strong><br />(-20 for losing)
|l|☆rj215
|player|p2|
|c|☆timmytohns|gg
|l|☆timmytohns
|player|p1|
