|j|☆Furiousjulian
|j|☆auefw823
|t:|1769381355
|gametype|singles
|player|p1|Furiousjulian|blackbelt|1571
|player|p2|auefw823|ghetsis|1602
|gen|9
|tier|[Gen 9] OU
|rated|
|rule|HP Percentage Mod: HP is shown in percentages
|rule|Endless Battle Clause: Forcing endless battles is banned
|rule|Species Clause: Limit one of each Pokémon
|rule|OHKO Clause: OHKO moves are banned
|rule|Evasion Items Clause: Evasion items are banned
|rule|Evasion Moves Clause: Evasion moves are banned
|rule|Evasion Abilities Clause: Evasion abilities are banned
|rule|Sleep Moves Clause: Sleep-inducing moves are banned
|clearpoke
|poke|p1|Rillaboom, M|
|poke|p1|Kleavor, M|
|poke|p1|Hawlucha, F|
|poke|p1|Clefable, M|
|poke|p1|Skeledirge, M|
|poke|p1|Goodra-Hisui, M|
|poke|p2|Gholdengo|
|poke|p2|Pecharunt|
|poke|p2|Zamazenta-*|
|poke|p2|Iron Treads|
|poke|p2|Dragonite, M|
|poke|p2|Samurott-Hisui, M|
|teampreview
|inactive|Battle timer is ON: inactive players will automatically lose when time's up. (requested by auefw823)
|inactive|Furiousjulian has 120 seconds left.
|
|t:|1769381402
|teamsize|p1|6
|teamsize|p2|6
|start
|switch|p1a: Monkey King:Enma|Rillaboom, M|100/100
|switch|p2a: Doc Ellis|Pecharunt|100/100
|-item|p2a: Doc Ellis|Air Balloon
|-fieldstart|move: Grassy Terrain|[from] ability: Grassy Surge|[of] p1a: Monkey King:Enma
|turn|1
|
|t:|1769381413
|switch|p1a: Katsuyu|Goodra-Hisui, M|100/100
|move|p2a: Doc Ellis|Malignant Chain|p1a: Katsuyu
|-immune|p1a: Katsuyu
|
|upkeep
|turn|2
|
|t:|1769381442
|move|p2a: Doc Ellis|Parting Shot|p1a: Katsuyu
|-unboost|p1a: Katsuyu|atk|1
|-unboost|p1a: Katsuyu|spa|1
|j| FlyiingHaduken
|
|t:|1769381463
|switch|p2a: Ty Cobb|Samurott-Hisui, M|100/100|[from] Parting Shot
|move|p1a: Katsuyu|Draco Meteor|p2a: Ty Cobb
|-damage|p2a: Ty Cobb|66/100
|-unboost|p1a: Katsuyu|spa|2
|
|-heal|p2a: Ty Cobb|72/100|[from] Grassy Terrain
|upkeep
|turn|3
|inactive|Furiousjulian has 120 seconds left.
|
|t:|1769381486
|switch|p1a: Monkey King:Enma|Rillaboom, M|100/100
|move|p2a: Ty Cobb|Ceaseless Edge|p1a: Monkey King:Enma
|-damage|p1a: Monkey King:Enma|65/100
|-sidestart|p1: Furiousjulian|Spikes
|
|-heal|p2a: Ty Cobb|78/100|[from] Grassy Terrain
|-heal|p1a: Monkey King:Enma|71/100|[from] Grassy Terrain
|upkeep
|turn|4
|
|t:|1769381496
|switch|p2a: Doc Ellis|Pecharunt|100/100
|-item|p2a: Doc Ellis|Air Balloon
|move|p1a: Monkey King:Enma|Knock Off|p2a: Doc Ellis
|-supereffective|p2a: Doc Ellis
|-damage|p2a: Doc Ellis|34/100
|-enditem|p2a: Doc Ellis|Air Balloon
|
|-heal|p2a: Doc Ellis|40/100|[from] Grassy Terrain
|-heal|p1a: Monkey King:Enma|77/100|[from] Grassy Terrain
|upkeep
|turn|5
|
|t:|1769381509
|switch|p1a: Hidan|Kleavor, M|100/100
|-damage|p1a: Hidan|88/100|[from] Spikes
|move|p2a: Doc Ellis|Recover|p2a: Doc Ellis
|-heal|p2a: Doc Ellis|90/100
|
|-heal|p1a: Hidan|94/100|[from] Grassy Terrain
|-heal|p2a: Doc Ellis|96/100|[from] Grassy Terrain
|-fieldend|move: Grassy Terrain
|upkeep
|turn|6
|
|t:|1769381518
|move|p1a: Hidan|Night Slash|p2a: Doc Ellis
|-supereffective|p2a: Doc Ellis
|-damage|p2a: Doc Ellis|48/100
|move|p2a: Doc Ellis|Malignant Chain|p1a: Hidan
|-resisted|p1a: Hidan
|-damage|p1a: Hidan|71/100
|
|upkeep
|turn|7
|
|t:|1769381542
|switch|p1a: Monkey King:Enma|Rillaboom, M|77/100
|-damage|p1a: Monkey King:Enma|65/100|[from] Spikes
|-fieldstart|move: Grassy Terrain|[from] ability: Grassy Surge|[of] p1a: Monkey King:Enma
|move|p2a: Doc Ellis|Recover|p2a: Doc Ellis
|-heal|p2a: Doc Ellis|98/100
|
|-heal|p2a: Doc Ellis|100/100|[from] Grassy Terrain
|-heal|p1a: Monkey King:Enma|71/100|[from] Grassy Terrain
|upkeep
|turn|8
|inactive|Furiousjulian has 120 seconds left.
|
|t:|1769381558
|switch|p1a: Katsuyu|Goodra-Hisui, M|100/100
|-damage|p1a: Katsuyu|88/100|[from] Spikes
|move|p2a: Doc Ellis|Parting Shot|p1a: Katsuyu
|-unboost|p1a: Katsuyu|atk|1
|-unboost|p1a: Katsuyu|spa|1
|
|t:|1769381561
|switch|p2a: Ty Cobb|Samurott-Hisui, M|78/100|[from] Parting Shot
|
|-heal|p2a: Ty Cobb|84/100|[from] Grassy Terrain
|-heal|p1a: Katsuyu|94/100|[from] Grassy Terrain
|upkeep
|turn|9
|
|t:|1769381574
|switch|p1a: Sakura|Clefable, M|100/100
|move|p2a: Ty Cobb|Ceaseless Edge|p1a: Sakura
|-resisted|p1a: Sakura
|-damage|p1a: Sakura|86/100
|-sidestart|p1: Furiousjulian|Spikes
|
|-heal|p2a: Ty Cobb|91/100|[from] Grassy Terrain
|-heal|p1a: Sakura|92/100|[from] Grassy Terrain
|upkeep
|turn|10
|
|t:|1769381582
|switch|p2a: Paul Goldschmidt|Gholdengo|100/100
|move|p1a: Sakura|Calm Mind|p1a: Sakura
|-boost|p1a: Sakura|spa|1
|-boost|p1a: Sakura|spd|1
|
|-heal|p1a: Sakura|98/100|[from] Grassy Terrain
|upkeep
|turn|11
|
|t:|1769381590
|-terastallize|p1a: Sakura|Fire
|move|p2a: Paul Goldschmidt|Nasty Plot|p2a: Paul Goldschmidt
|-boost|p2a: Paul Goldschmidt|spa|2
|move|p1a: Sakura|Flamethrower|p2a: Paul Goldschmidt
|-supereffective|p2a: Paul Goldschmidt
|-damage|p2a: Paul Goldschmidt|0 fnt
|faint|p2a: Paul Goldschmidt
|
|-heal|p1a: Sakura|100/100|[from] Grassy Terrain
|-fieldend|move: Grassy Terrain
|upkeep
|
|t:|1769381596
|switch|p2a: Ty Cobb|Samurott-Hisui, M|91/100
|turn|12
|
|t:|1769381601
|move|p2a: Ty Cobb|Razor Shell|p1a: Sakura
|-supereffective|p1a: Sakura
|-damage|p1a: Sakura|24/100
|move|p1a: Sakura|Moonblast|p2a: Ty Cobb
|-supereffective|p2a: Ty Cobb
|-damage|p2a: Ty Cobb|0 fnt
|faint|p2a: Ty Cobb
|
|upkeep
|
|t:|1769381611
|switch|p2a: Jimmie Foxx|Iron Treads|100/100
|turn|13
|
|t:|1769381615
|move|p2a: Jimmie Foxx|Earthquake|p1a: Sakura
|-supereffective|p1a: Sakura
|-damage|p1a: Sakura|0 fnt
|faint|p1a: Sakura
|
|upkeep
|
|t:|1769381623
|switch|p1a: Monkey King:Enma|Rillaboom, M|71/100
|-damage|p1a: Monkey King:Enma|54/100|[from] Spikes
|-fieldstart|move: Grassy Terrain|[from] ability: Grassy Surge|[of] p1a: Monkey King:Enma
|turn|14
|
|t:|1769381630
|move|p2a: Jimmie Foxx|Knock Off|p1a: Monkey King:Enma
|-damage|p1a: Monkey King:Enma|33/100
|-enditem|p1a: Monkey King:Enma|Choice Band|[from] move: Knock Off|[of] p2a: Jimmie Foxx
|move|p1a: Monkey King:Enma|U-turn|p2a: Jimmie Foxx
|-resisted|p2a: Jimmie Foxx
|-damage|p2a: Jimmie Foxx|90/100
|
|t:|1769381636
|switch|p1a: Deidara's c3|Hawlucha, F|100/100|[from] U-turn
|-enditem|p1a: Deidara's c3|Grassy Seed
|-boost|p1a: Deidara's c3|def|1|[from] item: Grassy Seed
|
|-heal|p2a: Jimmie Foxx|97/100|[from] Grassy Terrain
|-heal|p2a: Jimmie Foxx|100/100|[from] item: Leftovers
|upkeep
|turn|15
|
|t:|1769381645
|-end|p2a: Jimmie Foxx|Quark Drive|[silent]
|switch|p2a: Doc Ellis|Pecharunt|100/100
|move|p1a: Deidara's c3|Bulk Up|p1a: Deidara's c3
|-boost|p1a: Deidara's c3|atk|1
|-boost|p1a: Deidara's c3|def|1
|
|upkeep
|turn|16
|
|t:|1769381651
|move|p1a: Deidara's c3|Acrobatics|p2a: Doc Ellis
|-damage|p2a: Doc Ellis|59/100
|move|p2a: Doc Ellis|Malignant Chain|p1a: Deidara's c3
|-damage|p1a: Deidara's c3|53/100
|-status|p1a: Deidara's c3|tox
|-start|p1a: Deidara's c3|confusion|[from] ability: Poison Puppeteer|[of] p2a: Doc Ellis
|
|-heal|p2a: Doc Ellis|65/100|[from] Grassy Terrain
|-damage|p1a: Deidara's c3|47/100 tox|[from] psn
|upkeep
|turn|17
|l| FlyiingHaduken
|
|t:|1769381662
|-activate|p1a: Deidara's c3|confusion
|-damage|p1a: Deidara's c3|33/100 tox|[from] confusion
|move|p2a: Doc Ellis|Recover|p2a: Doc Ellis
|-heal|p2a: Doc Ellis|100/100
|
|-damage|p1a: Deidara's c3|21/100 tox|[from] psn
|upkeep
|turn|18
|
|t:|1769381670
|-activate|p1a: Deidara's c3|confusion
|move|p1a: Deidara's c3|Defog|p2a: Doc Ellis
|-unboost|p2a: Doc Ellis|evasion|1
|-sideend|p1: Furiousjulian|Spikes|[from] move: Defog|[of] p1a: Deidara's c3
|-fieldend|move: Grassy Terrain
|move|p2a: Doc Ellis|Recover||[still]
|-fail|p2a: Doc Ellis|heal
|
|-damage|p1a: Deidara's c3|3/100 tox|[from] psn
|upkeep
|turn|19
|c|☆auefw823|who runs a defog+setup lucha
|
|t:|1769381687
|-end|p1a: Deidara's c3|confusion
|move|p1a: Deidara's c3|Acrobatics|p2a: Doc Ellis
|-damage|p2a: Doc Ellis|59/100
|move|p2a: Doc Ellis|Recover|p2a: Doc Ellis
|-heal|p2a: Doc Ellis|100/100
|
|-damage|p1a: Deidara's c3|0 fnt|[from] psn
|faint|p1a: Deidara's c3
|upkeep
|
|t:|1769381700
|switch|p1a: Hidan|Kleavor, M|71/100
|turn|20
|c|☆Furiousjulian|who recovers after that night slash when they would die to the second hit
|inactive|Furiousjulian has 120 seconds left.
|c|☆Furiousjulian|and lose their most important wall
|c|☆Furiousjulian|insane
|
|t:|1769381736
|move|p1a: Hidan|Stone Axe|p2a: Doc Ellis
|-damage|p2a: Doc Ellis|64/100
|-sidestart|p2: auefw823|move: Stealth Rock
|move|p2a: Doc Ellis|Malignant Chain|p1a: Hidan
|-resisted|p1a: Hidan
|-damage|p1a: Hidan|47/100
|-status|p1a: Hidan|tox
|-start|p1a: Hidan|confusion|[from] ability: Poison Puppeteer|[of] p2a: Doc Ellis
|
|-damage|p1a: Hidan|41/100 tox|[from] psn
|upkeep
|turn|21
|inactive|Furiousjulian has 120 seconds left.
|c|☆auefw823|someone who is gonna beat you?
|c|☆Furiousjulian|yeh lol people lose games
|c|☆Furiousjulian|but made no sense
|inactive|Furiousjulian has 90 seconds left.
|c|☆Furiousjulian|did you actually read that I would predict thwe switch or did you just close your eyes and pray for min dam
|
|t:|1769381781
|switch|p1a: Katsuyu|Goodra-Hisui, M|94/100
|move|p2a: Doc Ellis|Recover|p2a: Doc Ellis
|-heal|p2a: Doc Ellis|100/100
|
|upkeep
|turn|22
|c|☆auefw823|i decided that the odds of a lower roll+the odds of switch out were good enough+i was in a solid enough position even if i did die
|inactive|auefw823 has 120 seconds left.
|
|t:|1769381813
|move|p2a: Doc Ellis|Parting Shot|p1a: Katsuyu
|-unboost|p1a: Katsuyu|atk|1
|-unboost|p1a: Katsuyu|spa|1
|
|t:|1769381817
|switch|p2a: Jimmie Foxx|Iron Treads|100/100|[from] Parting Shot
|-damage|p2a: Jimmie Foxx|97/100|[from] Stealth Rock
|move|p1a: Katsuyu|Earthquake|p2a: Jimmie Foxx
|-supereffective|p2a: Jimmie Foxx
|-damage|p2a: Jimmie Foxx|74/100
|
|-heal|p2a: Jimmie Foxx|80/100|[from] item: Leftovers
|upkeep
|turn|23
|
|t:|1769381826
|switch|p1a: Sanshouo|Skeledirge, M|100/100
|move|p2a: Jimmie Foxx|Stealth Rock|p1a: Sanshouo
|-sidestart|p1: Furiousjulian|move: Stealth Rock
|
|-heal|p2a: Jimmie Foxx|86/100|[from] item: Leftovers
|upkeep
|turn|24
|
|t:|1769381833
|move|p2a: Jimmie Foxx|Knock Off|p1a: Sanshouo
|-supereffective|p1a: Sanshouo
|-damage|p1a: Sanshouo|69/100
|-enditem|p1a: Sanshouo|Heavy-Duty Boots|[from] move: Knock Off|[of] p2a: Jimmie Foxx
|move|p1a: Sanshouo|Will-O-Wisp|p2a: Jimmie Foxx
|-status|p2a: Jimmie Foxx|brn
|
|-heal|p2a: Jimmie Foxx|93/100 brn|[from] item: Leftovers
|-damage|p2a: Jimmie Foxx|86/100 brn|[from] brn
|upkeep
|turn|25
|
|t:|1769381848
|-end|p2a: Jimmie Foxx|Quark Drive|[silent]
|switch|p2a: Doc Ellis|Pecharunt|100/100
|-damage|p2a: Doc Ellis|88/100|[from] Stealth Rock
|move|p1a: Sanshouo|Slack Off|p1a: Sanshouo
|-heal|p1a: Sanshouo|100/100
|
|upkeep
|turn|26
|
|t:|1769381857
|switch|p1a: Katsuyu|Goodra-Hisui, M|94/100
|-damage|p1a: Katsuyu|88/100|[from] Stealth Rock
|-terastallize|p2a: Doc Ellis|Ghost
|move|p2a: Doc Ellis|Shadow Ball|p1a: Katsuyu
|-damage|p1a: Katsuyu|73/100
|
|upkeep
|turn|27
|
|t:|1769381866
|move|p2a: Doc Ellis|Parting Shot|p1a: Katsuyu
|-unboost|p1a: Katsuyu|atk|1
|-unboost|p1a: Katsuyu|spa|1
|
|t:|1769381870
|switch|p2a: Jimmie Foxx|Iron Treads|86/100 brn|[from] Parting Shot
|-damage|p2a: Jimmie Foxx|83/100 brn|[from] Stealth Rock
|move|p1a: Katsuyu|Draco Meteor|p2a: Jimmie Foxx
|-resisted|p2a: Jimmie Foxx
|-damage|p2a: Jimmie Foxx|62/100 brn
|-unboost|p1a: Katsuyu|spa|2
|
|-heal|p2a: Jimmie Foxx|69/100 brn|[from] item: Leftovers
|-damage|p2a: Jimmie Foxx|62/100 brn|[from] brn
|upkeep
|turn|28
|inactive|Furiousjulian has 120 seconds left.
|
|t:|1769381884
|switch|p1a: Sanshouo|Skeledirge, M|100/100
|-damage|p1a: Sanshouo|75/100|[from] Stealth Rock
|move|p2a: Jimmie Foxx|Earthquake|p1a: Sanshouo
|-supereffective|p1a: Sanshouo
|-damage|p1a: Sanshouo|54/100
|
|-heal|p2a: Jimmie Foxx|69/100 brn|[from] item: Leftovers
|-damage|p2a: Jimmie Foxx|62/100 brn|[from] brn
|upkeep
|turn|29
|
|t:|1769381894
|-end|p2a: Jimmie Foxx|Quark Drive|[silent]
|switch|p2a: Doc Ellis|Pecharunt, tera:Ghost|88/100
|-damage|p2a: Doc Ellis|76/100|[from] Stealth Rock
|move|p1a: Sanshouo|Will-O-Wisp|p2a: Doc Ellis|[miss]
|-miss|p1a: Sanshouo|p2a: Doc Ellis
|
|upkeep
|turn|30
|
|t:|1769381902
|switch|p1a: Katsuyu|Goodra-Hisui, M|73/100
|-damage|p1a: Katsuyu|67/100|[from] Stealth Rock
|move|p2a: Doc Ellis|Shadow Ball|p1a: Katsuyu
|-damage|p1a: Katsuyu|52/100
|-unboost|p1a: Katsuyu|spd|1
|
|upkeep
|turn|31
|
|t:|1769381912
|move|p2a: Doc Ellis|Parting Shot|p1a: Katsuyu
|-unboost|p1a: Katsuyu|atk|1
|-unboost|p1a: Katsuyu|spa|1
|
|t:|1769381916
|switch|p2a: Jimmie Foxx|Iron Treads|62/100 brn|[from] Parting Shot
|-damage|p2a: Jimmie Foxx|59/100 brn|[from] Stealth Rock
|move|p1a: Katsuyu|Draco Meteor|p2a: Jimmie Foxx
|-resisted|p2a: Jimmie Foxx
|-damage|p2a: Jimmie Foxx|37/100 brn
|-unboost|p1a: Katsuyu|spa|2
|
|-heal|p2a: Jimmie Foxx|44/100 brn|[from] item: Leftovers
|-damage|p2a: Jimmie Foxx|37/100 brn|[from] brn
|upkeep
|turn|32
|
|t:|1769381931
|switch|p1a: Monkey King:Enma|Rillaboom, M|33/100
|-damage|p1a: Monkey King:Enma|21/100|[from] Stealth Rock
|-fieldstart|move: Grassy Terrain|[from] ability: Grassy Surge|[of] p1a: Monkey King:Enma
|move|p2a: Jimmie Foxx|Earthquake|p1a: Monkey King:Enma
|-resisted|p1a: Monkey King:Enma
|-damage|p1a: Monkey King:Enma|16/100
|
|-heal|p2a: Jimmie Foxx|44/100 brn|[from] Grassy Terrain
|-heal|p2a: Jimmie Foxx|50/100 brn|[from] item: Leftovers
|-heal|p1a: Monkey King:Enma|22/100|[from] Grassy Terrain
|-damage|p2a: Jimmie Foxx|44/100 brn|[from] brn
|upkeep
|turn|33
|
|t:|1769381944
|move|p1a: Monkey King:Enma|Grassy Glide|p2a: Jimmie Foxx
|-damage|p2a: Jimmie Foxx|12/100 brn
|move|p2a: Jimmie Foxx|Earthquake|p1a: Monkey King:Enma
|-resisted|p1a: Monkey King:Enma
|-damage|p1a: Monkey King:Enma|18/100
|
|-heal|p2a: Jimmie Foxx|18/100 brn|[from] Grassy Terrain
|-heal|p2a: Jimmie Foxx|25/100 brn|[from] item: Leftovers
|-heal|p1a: Monkey King:Enma|24/100|[from] Grassy Terrain
|-damage|p2a: Jimmie Foxx|18/100 brn|[from] brn
|upkeep
|turn|34
|c|☆auefw823|wow bold stay in
|c|☆auefw823|respect
|
|t:|1769381954
|move|p1a: Monkey King:Enma|Grassy Glide|p2a: Jimmie Foxx
|-damage|p2a: Jimmie Foxx|0 fnt
|faint|p2a: Jimmie Foxx
|-end|p2a: Jimmie Foxx|Quark Drive|[silent]
|
|-heal|p1a: Monkey King:Enma|30/100|[from] Grassy Terrain
|upkeep
|
|t:|1769381958
|switch|p2a: Doc Ellis|Pecharunt, tera:Ghost|76/100
|-damage|p2a: Doc Ellis|63/100|[from] Stealth Rock
|turn|35
|c|☆Furiousjulian|I mean optionsare limited
|c|☆Furiousjulian|the wilo miss made me die inside lol
|
|t:|1769381973
|move|p2a: Doc Ellis|Recover|p2a: Doc Ellis
|-heal|p2a: Doc Ellis|100/100
|move|p1a: Monkey King:Enma|Wood Hammer|p2a: Doc Ellis
|-damage|p2a: Doc Ellis|48/100
|-damage|p1a: Monkey King:Enma|14/100|[from] Recoil
|
|-heal|p2a: Doc Ellis|54/100|[from] Grassy Terrain
|-heal|p1a: Monkey King:Enma|20/100|[from] Grassy Terrain
|upkeep
|turn|36
|
|t:|1769381988
|move|p2a: Doc Ellis|Recover|p2a: Doc Ellis
|-heal|p2a: Doc Ellis|100/100
|move|p1a: Monkey King:Enma|Wood Hammer|p2a: Doc Ellis
|-damage|p2a: Doc Ellis|44/100
|-damage|p1a: Monkey King:Enma|3/100|[from] Recoil
|
|-heal|p2a: Doc Ellis|50/100|[from] Grassy Terrain
|-heal|p1a: Monkey King:Enma|9/100|[from] Grassy Terrain
|-fieldend|move: Grassy Terrain
|upkeep
|turn|37
|
|t:|1769381999
|move|p2a: Doc Ellis|Shadow Ball|p1a: Monkey King:Enma
|-damage|p1a: Monkey King:Enma|0 fnt
|faint|p1a: Monkey King:Enma
|
|upkeep
|
|t:|1769382006
|switch|p1a: Hidan|Kleavor, M|41/100 tox
|-damage|p1a: Hidan|16/100 tox|[from] Stealth Rock
|turn|38
|
|t:|1769382013
|move|p1a: Hidan|Night Slash|p2a: Doc Ellis
|-supereffective|p2a: Doc Ellis
|-damage|p2a: Doc Ellis|2/100
|move|p2a: Doc Ellis|Shadow Ball|p1a: Hidan
|-damage|p1a: Hidan|0 fnt
|faint|p1a: Hidan
|
|upkeep
|
|t:|1769382021
|switch|p1a: Katsuyu|Goodra-Hisui, M|52/100
|-damage|p1a: Katsuyu|46/100|[from] Stealth Rock
|turn|39
|
|t:|1769382025
|move|p2a: Doc Ellis|Shadow Ball|p1a: Katsuyu
|-damage|p1a: Katsuyu|32/100
|move|p1a: Katsuyu|Draco Meteor|p2a: Doc Ellis
|-damage|p2a: Doc Ellis|0 fnt
|-unboost|p1a: Katsuyu|spa|2
|faint|p2a: Doc Ellis
|
|upkeep
|
|t:|1769382031
|switch|p2a: Pitching Coach|Dragonite, M|100/100
|turn|40
|
|t:|1769382035
|move|p2a: Pitching Coach|Earthquake|p1a: Katsuyu
|-supereffective|p1a: Katsuyu
|-damage|p1a: Katsuyu|0 fnt
|faint|p1a: Katsuyu
|
|upkeep
|
|t:|1769382039
|switch|p1a: Sanshouo|Skeledirge, M|54/100
|-damage|p1a: Sanshouo|29/100|[from] Stealth Rock
|turn|41
|
|t:|1769382042
|move|p2a: Pitching Coach|Earthquake|p1a: Sanshouo
|-supereffective|p1a: Sanshouo
|-damage|p1a: Sanshouo|0 fnt
|faint|p1a: Sanshouo
|
|win|auefw823
|raw|Furiousjulian's rating: 1571 &rarr; <strong>1553</strong><br />(-18 for losing)
|raw|auefw823's rating: 1602 &rarr; <strong>1620</strong><br />(+18 for winning)
|l|☆Furiousjulian
|player|p1|
|l|☆auefw823
|player|p2|
