|j|☆elninja200
|j|☆SladeRG
|t:|1769349528
|gametype|singles
|player|p1|elninja200|101|1321
|player|p2|SladeRG|102|1361
|gen|9
|tier|[Gen 9] OU
|rated|
|rule|HP Percentage Mod: HP is shown in percentages
|rule|Endless Battle Clause: Forcing endless battles is banned
|rule|Species Clause: Limit one of each Pokémon
|rule|OHKO Clause: OHKO moves are banned
|rule|Evasion Items Clause: Evasion items are banned
|rule|Evasion Moves Clause: Evasion moves are banned
|rule|Evasion Abilities Clause: Evasion abilities are banned
|rule|Sleep Moves Clause: Sleep-inducing moves are banned
|clearpoke
|poke|p1|Lokix, M|
|poke|p1|Porygon2|
|poke|p1|Landorus-Therian, M|
|poke|p1|Araquanid, M|
|poke|p1|Weezing-Galar, F|
|poke|p1|Serperior, F|
|poke|p2|Torkoal, M|
|poke|p2|Lilligant-Hisui, F|
|poke|p2|Walking Wake|
|poke|p2|Typhlosion-Hisui, M|
|poke|p2|Raging Bolt|
|poke|p2|Corviknight, F|
|teampreview
|
|t:|1769349543
|teamsize|p1|6
|teamsize|p2|6
|start
|switch|p1a: Landorus|Landorus-Therian, M|100/100
|switch|p2a: Torkoal|Torkoal, M|100/100
|-ability|p1a: Landorus|Intimidate|boost
|-unboost|p2a: Torkoal|atk|1
|-weather|SunnyDay|[from] ability: Drought|[of] p2a: Torkoal
|turn|1
|
|t:|1769349552
|move|p1a: Landorus|Stealth Rock|p2a: Torkoal
|-sidestart|p2: SladeRG|move: Stealth Rock
|move|p2a: Torkoal|Will-O-Wisp|p1a: Landorus|[miss]
|-miss|p2a: Torkoal|p1a: Landorus
|
|-weather|SunnyDay|[upkeep]
|upkeep
|turn|2
|
|t:|1769349557
|switch|p1a: Araquanid|Araquanid, M|100/100
|-terastallize|p2a: Torkoal|Flying
|move|p2a: Torkoal|Will-O-Wisp|p1a: Araquanid
|-immune|p1a: Araquanid|[from] ability: Water Bubble
|
|-weather|SunnyDay|[upkeep]
|upkeep
|turn|3
|
|t:|1769349567
|move|p1a: Araquanid|Sticky Web|p2a: Torkoal
|-sidestart|p2: SladeRG|move: Sticky Web
|move|p2a: Torkoal|Stealth Rock|p1a: Araquanid
|-sidestart|p1: elninja200|move: Stealth Rock
|
|-weather|SunnyDay|[upkeep]
|upkeep
|turn|4
|
|t:|1769349574
|move|p1a: Araquanid|Liquidation|p2a: Torkoal
|-damage|p2a: Torkoal|88/100
|-unboost|p2a: Torkoal|def|1
|move|p2a: Torkoal|Rapid Spin|p1a: Araquanid
|-damage|p1a: Araquanid|95/100
|-boost|p2a: Torkoal|spe|1
|-sideend|p2: SladeRG|Stealth Rock|[from] move: Rapid Spin|[of] p2a: Torkoal
|-sideend|p2: SladeRG|Sticky Web|[from] move: Rapid Spin|[of] p2a: Torkoal
|
|-weather|SunnyDay|[upkeep]
|-heal|p1a: Araquanid|100/100|[from] item: Leftovers
|upkeep
|turn|5
|
|t:|1769349593
|move|p1a: Araquanid|Liquidation|p2a: Torkoal
|-damage|p2a: Torkoal|70/100
|move|p2a: Torkoal|Lava Plume|p1a: Araquanid
|-damage|p1a: Araquanid|88/100
|
|-weather|SunnyDay|[upkeep]
|-heal|p1a: Araquanid|94/100|[from] item: Leftovers
|upkeep
|turn|6
|
|t:|1769349602
|switch|p2a: Corviknight|Corviknight, F|100/100
|-ability|p2a: Corviknight|Pressure
|move|p1a: Araquanid|Liquidation|p2a: Corviknight
|-damage|p2a: Corviknight|88/100
|-damage|p1a: Araquanid|78/100|[from] item: Rocky Helmet|[of] p2a: Corviknight
|
|-weather|SunnyDay|[upkeep]
|-heal|p1a: Araquanid|84/100|[from] item: Leftovers
|upkeep
|turn|7
|
|t:|1769349609
|move|p2a: Corviknight|Brave Bird|p1a: Araquanid
|-supereffective|p1a: Araquanid
|-damage|p1a: Araquanid|20/100
|-damage|p2a: Corviknight|71/100|[from] Recoil
|move|p1a: Araquanid|Sticky Web|p2a: Corviknight
|-sidestart|p2: SladeRG|move: Sticky Web
|
|-weather|SunnyDay|[upkeep]
|-heal|p1a: Araquanid|26/100|[from] item: Leftovers
|upkeep
|turn|8
|
|t:|1769349643
|switch|p1a: Weezing|Weezing-Galar, F|100/100
|-damage|p1a: Weezing|88/100|[from] Stealth Rock
|move|p2a: Corviknight|Defog|p1a: Weezing
|-unboost|p1a: Weezing|evasion|1
|-sideend|p1: elninja200|Stealth Rock|[from] move: Defog|[of] p2a: Corviknight
|-sideend|p2: SladeRG|Sticky Web|[from] move: Defog|[of] p2a: Corviknight
|
|-weather|none
|-heal|p1a: Weezing|94/100|[from] item: Black Sludge
|upkeep
|turn|9
|
|t:|1769349652
|switch|p2a: Raging Bolt|Raging Bolt|100/100
|move|p1a: Weezing|Will-O-Wisp|p2a: Raging Bolt
|-status|p2a: Raging Bolt|brn
|
|-heal|p1a: Weezing|99/100|[from] item: Black Sludge
|-damage|p2a: Raging Bolt|94/100 brn|[from] brn
|upkeep
|turn|10
|
|t:|1769349696
|-end|p2a: Raging Bolt|Protosynthesis|[silent]
|switch|p2a: Torkoal|Torkoal, M, tera:Flying|70/100
|-weather|SunnyDay|[from] ability: Drought|[of] p2a: Torkoal
|move|p1a: Weezing|Sludge Bomb|p2a: Torkoal
|-damage|p2a: Torkoal|36/100
|
|-weather|SunnyDay|[upkeep]
|-heal|p1a: Weezing|100/100|[from] item: Black Sludge
|upkeep
|turn|11
|
|t:|1769349710
|switch|p2a: Corviknight|Corviknight, F|71/100
|-ability|p2a: Corviknight|Pressure
|move|p1a: Weezing|Sludge Bomb|p2a: Corviknight
|-immune|p2a: Corviknight
|
|-weather|SunnyDay|[upkeep]
|upkeep
|turn|12
|
|t:|1769349724
|switch|p2a: Typhlosion|Typhlosion-Hisui, M|100/100
|move|p1a: Weezing|Will-O-Wisp|p2a: Typhlosion|[miss]
|-miss|p1a: Weezing|p2a: Typhlosion
|
|-weather|SunnyDay|[upkeep]
|upkeep
|turn|13
|
|t:|1769349731
|move|p2a: Typhlosion|Eruption|p1a: Weezing
|-damage|p1a: Weezing|0 fnt
|faint|p1a: Weezing
|
|-weather|SunnyDay|[upkeep]
|upkeep
|
|t:|1769349742
|switch|p1a: Landorus|Landorus-Therian, M|100/100
|-ability|p1a: Landorus|Intimidate|boost
|-unboost|p2a: Typhlosion|atk|1
|turn|14
|
|t:|1769349760
|switch|p2a: Torkoal|Torkoal, M, tera:Flying|36/100
|move|p1a: Landorus|Earthquake|p2a: Torkoal
|-immune|p2a: Torkoal
|
|-weather|SunnyDay|[upkeep]
|upkeep
|turn|15
|
|t:|1769349766
|switch|p1a: Araquanid|Araquanid, M|26/100
|move|p2a: Torkoal|Will-O-Wisp|p1a: Araquanid
|-immune|p1a: Araquanid|[from] ability: Water Bubble
|
|-weather|SunnyDay|[upkeep]
|-heal|p1a: Araquanid|33/100|[from] item: Leftovers
|upkeep
|turn|16
|
|t:|1769349773
|move|p1a: Araquanid|Liquidation|p2a: Torkoal
|-damage|p2a: Torkoal|25/100
|-unboost|p2a: Torkoal|def|1
|move|p2a: Torkoal|Stealth Rock|p1a: Araquanid
|-sidestart|p1: elninja200|move: Stealth Rock
|
|-weather|SunnyDay|[upkeep]
|-heal|p1a: Araquanid|39/100|[from] item: Leftovers
|upkeep
|turn|17
|
|t:|1769349778
|move|p1a: Araquanid|Liquidation|p2a: Torkoal
|-damage|p2a: Torkoal|6/100
|move|p2a: Torkoal|Rapid Spin|p1a: Araquanid
|-crit|p1a: Araquanid
|-damage|p1a: Araquanid|26/100
|-boost|p2a: Torkoal|spe|1
|
|-weather|none
|-heal|p1a: Araquanid|33/100|[from] item: Leftovers
|upkeep
|turn|18
|
|t:|1769349791
|switch|p2a: Walking Wake|Walking Wake|100/100
|move|p1a: Araquanid|Liquidation|p2a: Walking Wake
|-resisted|p2a: Walking Wake
|-damage|p2a: Walking Wake|88/100
|-unboost|p2a: Walking Wake|def|1
|
|-heal|p1a: Araquanid|39/100|[from] item: Leftovers
|upkeep
|turn|19
|
|t:|1769349800
|move|p2a: Walking Wake|Draco Meteor|p1a: Araquanid
|-damage|p1a: Araquanid|0 fnt
|-unboost|p2a: Walking Wake|spa|2
|faint|p1a: Araquanid
|
|upkeep
|
|t:|1769349813
|switch|p1a: Serperior|Serperior, F|100/100
|-damage|p1a: Serperior|88/100|[from] Stealth Rock
|turn|20
|
|t:|1769349823
|-end|p2a: Walking Wake|Protosynthesis|[silent]
|switch|p2a: Corviknight|Corviknight, F|71/100
|-ability|p2a: Corviknight|Pressure
|move|p1a: Serperior|Leaf Storm|p2a: Corviknight
|-resisted|p2a: Corviknight
|-damage|p2a: Corviknight|56/100
|-boost|p1a: Serperior|spa|2
|
|upkeep
|turn|21
|
|t:|1769349843
|move|p1a: Serperior|Leaf Storm|p2a: Corviknight
|-resisted|p2a: Corviknight
|-damage|p2a: Corviknight|29/100
|-boost|p1a: Serperior|spa|2
|move|p2a: Corviknight|U-turn|p1a: Serperior
|-supereffective|p1a: Serperior
|-damage|p1a: Serperior|54/100
|
|t:|1769349849
|switch|p2a: Typhlosion|Typhlosion-Hisui, M|100/100|[from] U-turn
|
|upkeep
|turn|22
|
|t:|1769349873
|-terastallize|p1a: Serperior|Water
|move|p2a: Typhlosion|Eruption|p1a: Serperior
|-resisted|p1a: Serperior
|-damage|p1a: Serperior|6/100
|move|p1a: Serperior|Tera Blast|p2a: Typhlosion|[anim] Tera Blast Water
|-supereffective|p2a: Typhlosion
|-damage|p2a: Typhlosion|0 fnt
|faint|p2a: Typhlosion
|
|upkeep
|
|t:|1769349882
|switch|p2a: Raging Bolt|Raging Bolt|94/100 brn
|turn|23
|
|t:|1769349893
|move|p2a: Raging Bolt|Thunderclap|p1a: Serperior
|-supereffective|p1a: Serperior
|-damage|p1a: Serperior|0 fnt
|faint|p1a: Serperior
|
|-damage|p2a: Raging Bolt|88/100 brn|[from] brn
|upkeep
|
|t:|1769349900
|switch|p1a: Lokix|Lokix, M|100/100
|-damage|p1a: Lokix|76/100|[from] Stealth Rock
|turn|24
|
|t:|1769349906
|move|p1a: Lokix|First Impression|p2a: Raging Bolt
|-damage|p2a: Raging Bolt|41/100 brn
|move|p2a: Raging Bolt|Volt Switch|p1a: Lokix
|-damage|p1a: Lokix|0 fnt
|faint|p1a: Lokix
|
|t:|1769349912
|-end|p2a: Raging Bolt|Protosynthesis|[silent]
|switch|p2a: Torkoal|Torkoal, M, tera:Flying|6/100|[from] Volt Switch
|-weather|SunnyDay|[from] ability: Drought|[of] p2a: Torkoal
|
|-weather|SunnyDay|[upkeep]
|upkeep
|inactive|Battle timer is ON: inactive players will automatically lose when time's up. (requested by SladeRG)
|
|t:|1769349943
|switch|p1a: Porygon2|Porygon2|100/100
|-damage|p1a: Porygon2|88/100|[from] Stealth Rock
|-ability|p1a: Porygon2|Download|boost
|-boost|p1a: Porygon2|spa|1
|turn|25
|
|t:|1769349950
|move|p1a: Porygon2|Foul Play|p2a: Torkoal
|-damage|p2a: Torkoal|0 fnt
|faint|p2a: Torkoal
|
|-weather|SunnyDay|[upkeep]
|upkeep
|
|t:|1769349958
|switch|p2a: Lilligant|Lilligant-Hisui, F|100/100
|turn|26
|inactive|elninja200 has 120 seconds left.
|
|t:|1769349992
|move|p2a: Lilligant|Close Combat|p1a: Porygon2
|-supereffective|p1a: Porygon2
|-damage|p1a: Porygon2|0 fnt
|-unboost|p2a: Lilligant|def|1
|-unboost|p2a: Lilligant|spd|1
|faint|p1a: Porygon2
|-damage|p2a: Lilligant|91/100|[from] item: Life Orb
|
|-weather|SunnyDay|[upkeep]
|upkeep
|
|t:|1769349995
|switch|p1a: Landorus|Landorus-Therian, M|100/100
|-damage|p1a: Landorus|88/100|[from] Stealth Rock
|-ability|p1a: Landorus|Intimidate|boost
|-unboost|p2a: Lilligant|atk|1
|turn|27
|-message|elninja200 forfeited.
|
|win|SladeRG
|raw|elninja200's rating: 1321 &rarr; <strong>1303</strong><br />(-18 for losing)
|raw|SladeRG's rating: 1361 &rarr; <strong>1379</strong><br />(+18 for winning)
|l|☆elninja200
|player|p1|
