|j|☆Qplazm10
|j|☆WumboMumboJumbo
|t:|1769408196
|gametype|singles
|player|p1|Qplazm10|ltsurge|1550
|player|p2|WumboMumboJumbo|169|1491
|gen|9
|tier|[Gen 9] OU
|rated|
|rule|HP Percentage Mod: HP is shown in percentages
|rule|Endless Battle Clause: Forcing endless battles is banned
|rule|Species Clause: Limit one of each Pokémon
|rule|OHKO Clause: OHKO moves are banned
|rule|Evasion Items Clause: Evasion items are banned
|rule|Evasion Moves Clause: Evasion moves are banned
|rule|Evasion Abilities Clause: Evasion abilities are banned
|rule|Sleep Moves Clause: Sleep-inducing moves are banned
|clearpoke
|poke|p1|Hawlucha, M|
|poke|p1|Raging Bolt|
|poke|p1|Iron Leaves|
|poke|p1|Iron Treads|
|poke|p1|Iron Valiant|
|poke|p1|Pincurchin, F|
|poke|p2|Great Tusk|
|poke|p2|Kingambit, M|
|poke|p2|Garganacl, M|
|poke|p2|Iron Valiant|
|poke|p2|Rotom-Wash|
|poke|p2|Gholdengo|
|teampreview
|inactive|Battle timer is ON: inactive players will automatically lose when time's up. (requested by Qplazm10)
|
|t:|1769408199
|teamsize|p1|6
|teamsize|p2|6
|start
|switch|p1a: The Urchinator|Pincurchin, F|100/100
|switch|p2a: Rotom|Rotom-Wash|100/100
|-fieldstart|move: Electric Terrain|[from] ability: Electric Surge|[of] p1a: The Urchinator
|turn|1
|
|t:|1769408219
|switch|p1a: Great Neck|Raging Bolt|100/100
|move|p2a: Rotom|Trick|p1a: Great Neck
|-activate|p2a: Rotom|move: Trick|[of] p1a: Great Neck
|-item|p1a: Great Neck|Choice Scarf|[from] move: Trick
|-item|p2a: Rotom|Leftovers|[from] move: Trick
|
|upkeep
|turn|2
|
|t:|1769408242
|move|p2a: Rotom|Will-O-Wisp|p1a: Great Neck
|-status|p1a: Great Neck|brn
|move|p1a: Great Neck|Draco Meteor|p2a: Rotom
|-damage|p2a: Rotom|22/100
|-unboost|p1a: Great Neck|spa|2
|
|-heal|p2a: Rotom|28/100|[from] item: Leftovers
|-damage|p1a: Great Neck|94/100 brn|[from] brn
|upkeep
|turn|3
|
|t:|1769408245
|move|p2a: Rotom|Hydro Pump|p1a: Great Neck|[miss]
|-miss|p2a: Rotom|p1a: Great Neck
|move|p1a: Great Neck|Draco Meteor|p2a: Rotom
|-damage|p2a: Rotom|0 fnt
|-unboost|p1a: Great Neck|spa|2
|faint|p2a: Rotom
|
|-damage|p1a: Great Neck|88/100 brn|[from] brn
|upkeep
|
|t:|1769408248
|switch|p2a: Iron Valiant|Iron Valiant|100/100
|-activate|p2a: Iron Valiant|ability: Quark Drive
|-start|p2a: Iron Valiant|quarkdrivespe
|turn|4
|
|t:|1769408257
|-end|p1a: Great Neck|Protosynthesis|[silent]
|switch|p1a: Tronphan|Iron Treads|100/100
|-activate|p1a: Tronphan|ability: Quark Drive
|-start|p1a: Tronphan|quarkdrivespe
|move|p2a: Iron Valiant|Aura Sphere|p1a: Tronphan
|-supereffective|p1a: Tronphan
|-crit|p1a: Tronphan
|-damage|p1a: Tronphan|0 fnt
|faint|p1a: Tronphan
|-end|p1a: Tronphan|Quark Drive|[silent]
|
|upkeep
|
|t:|1769408278
|switch|p1a: Nacho Libre|Hawlucha, M, shiny|100/100
|-enditem|p1a: Nacho Libre|Electric Seed
|-boost|p1a: Nacho Libre|def|1|[from] item: Electric Seed
|turn|5
|
|t:|1769408283
|-end|p2a: Iron Valiant|Quark Drive|[silent]
|switch|p2a: Gholdengo|Gholdengo|100/100
|move|p1a: Nacho Libre|Swords Dance|p1a: Nacho Libre
|-boost|p1a: Nacho Libre|atk|2
|
|upkeep
|turn|6
|
|t:|1769408288
|move|p1a: Nacho Libre|Fire Punch|p2a: Gholdengo
|-supereffective|p2a: Gholdengo
|-damage|p2a: Gholdengo|30/100
|move|p2a: Gholdengo|Make It Rain|p1a: Nacho Libre
|-damage|p1a: Nacho Libre|13/100
|-unboost|p2a: Gholdengo|spa|1
|
|upkeep
|turn|7
|
|t:|1769408295
|move|p1a: Nacho Libre|Fire Punch|p2a: Gholdengo
|-supereffective|p2a: Gholdengo
|-damage|p2a: Gholdengo|0 fnt
|faint|p2a: Gholdengo
|
|upkeep
|
|t:|1769408300
|switch|p2a: Garganacl|Garganacl, M|100/100
|turn|8
|
|t:|1769408306
|-terastallize|p2a: Garganacl|Water
|move|p1a: Nacho Libre|Swords Dance|p1a: Nacho Libre
|-boost|p1a: Nacho Libre|atk|2
|move|p2a: Garganacl|Salt Cure|p1a: Nacho Libre
|-damage|p1a: Nacho Libre|0 fnt
|faint|p1a: Nacho Libre
|
|-fieldend|move: Electric Terrain
|upkeep
|
|t:|1769408311
|switch|p1a: The Urchinator|Pincurchin, F|100/100
|-fieldstart|move: Electric Terrain|[from] ability: Electric Surge|[of] p1a: The Urchinator
|turn|9
|
|t:|1769408317
|switch|p1a: Great Neck|Raging Bolt|88/100 brn
|move|p2a: Garganacl|Earthquake|p1a: Great Neck
|-supereffective|p1a: Great Neck
|-damage|p1a: Great Neck|51/100 brn
|
|-damage|p1a: Great Neck|45/100 brn|[from] brn
|upkeep
|turn|10
|
|t:|1769408324
|switch|p2a: Great Tusk|Great Tusk|100/100
|move|p1a: Great Neck|Rising Voltage|p2a: Great Tusk
|-immune|p2a: Great Tusk
|
|-damage|p1a: Great Neck|39/100 brn|[from] brn
|upkeep
|turn|11
|
|t:|1769408330
|-end|p1a: Great Neck|Protosynthesis|[silent]
|switch|p1a: Virizitron|Iron Leaves|100/100
|-activate|p1a: Virizitron|ability: Quark Drive
|-start|p1a: Virizitron|quarkdrivespe
|move|p2a: Great Tusk|Earthquake|p1a: Virizitron
|-resisted|p1a: Virizitron
|-crit|p1a: Virizitron
|-damage|p1a: Virizitron|64/100
|
|upkeep
|turn|12
|
|t:|1769408340
|move|p1a: Virizitron|Swords Dance|p1a: Virizitron
|-boost|p1a: Virizitron|atk|2
|move|p2a: Great Tusk|Knock Off|p1a: Virizitron
|-supereffective|p1a: Virizitron
|-damage|p1a: Virizitron|3/100
|-enditem|p1a: Virizitron|Life Orb|[from] move: Knock Off|[of] p2a: Great Tusk
|
|upkeep
|turn|13
|-message|Qplazm10 forfeited.
|
|win|WumboMumboJumbo
|raw|Qplazm10's rating: 1550 &rarr; <strong>1527</strong><br />(-23 for losing)
|raw|WumboMumboJumbo's rating: 1491 &rarr; <strong>1514</strong><br />(+23 for winning)
|l|☆Qplazm10
|player|p1|
|l|☆WumboMumboJumbo
|player|p2|
