|j|☆skibidi1989
|j|☆iconicwrecker
|t:|1769421575
|gametype|singles
|player|p1|skibidi1989|265|1361
|player|p2|iconicwrecker|ghetsis|1364
|gen|9
|tier|[Gen 9] OU
|rated|
|rule|HP Percentage Mod: HP is shown in percentages
|rule|Endless Battle Clause: Forcing endless battles is banned
|rule|Species Clause: Limit one of each Pokémon
|rule|OHKO Clause: OHKO moves are banned
|rule|Evasion Items Clause: Evasion items are banned
|rule|Evasion Moves Clause: Evasion moves are banned
|rule|Evasion Abilities Clause: Evasion abilities are banned
|rule|Sleep Moves Clause: Sleep-inducing moves are banned
|clearpoke
|poke|p1|Gholdengo|
|poke|p1|Darkrai|
|poke|p1|Zoroark-Hisui, M|
|poke|p1|Ting-Lu|
|poke|p1|Pecharunt|
|poke|p1|Dragonite, F|
|poke|p2|Garchomp, M|
|poke|p2|Registeel|
|poke|p2|Skeledirge, M|
|poke|p2|Kommo-o, M|
|poke|p2|Kingambit, M|
|poke|p2|Inteleon, M|
|teampreview
|inactive|Battle timer is ON: inactive players will automatically lose when time's up. (requested by skibidi1989)
|
|t:|1769421594
|teamsize|p1|6
|teamsize|p2|6
|start
|switch|p1a: Ting-Lu|Ting-Lu|100/100
|switch|p2a: Garchomp|Garchomp, M|100/100
|-ability|p1a: Ting-Lu|Vessel of Ruin
|turn|1
|
|t:|1769421601
|move|p2a: Garchomp|Swords Dance|p2a: Garchomp
|-boost|p2a: Garchomp|atk|2
|move|p1a: Ting-Lu|Whirlwind|p2a: Garchomp
|drag|p2a: Kommo-o|Kommo-o, M|100/100
|
|upkeep
|turn|2
|
|t:|1769421610
|move|p2a: Kommo-o|Aura Sphere|p1a: Ting-Lu
|-supereffective|p1a: Ting-Lu
|-damage|p1a: Ting-Lu|69/100
|-enditem|p1a: Ting-Lu|Red Card|[of] p2a: Kommo-o
|drag|p2a: Kingambit|Kingambit, M|100/100
|move|p1a: Ting-Lu|Stealth Rock|p2a: Kingambit
|-sidestart|p2: iconicwrecker|move: Stealth Rock
|
|upkeep
|turn|3
|
|t:|1769421629
|-end|p2a: Kingambit|fallenundefined|[silent]
|switch|p2a: Garchomp|Garchomp, M|100/100
|-damage|p2a: Garchomp|94/100|[from] Stealth Rock
|move|p1a: Ting-Lu|Spikes|p2a: Garchomp
|-sidestart|p2: iconicwrecker|Spikes
|
|upkeep
|turn|4
|
|t:|1769421636
|move|p2a: Garchomp|Earthquake|p1a: Ting-Lu
|-damage|p1a: Ting-Lu|42/100
|move|p1a: Ting-Lu|Whirlwind|p2a: Garchomp
|drag|p2a: Inteleon|Inteleon, M|100/100
|-damage|p2a: Inteleon|88/100|[from] Stealth Rock
|-damage|p2a: Inteleon|76/100|[from] Spikes
|
|upkeep
|turn|5
|
|t:|1769421643
|move|p2a: Inteleon|Snipe Shot|p1a: Ting-Lu
|-supereffective|p1a: Ting-Lu
|-crit|p1a: Ting-Lu
|-damage|p1a: Ting-Lu|0 fnt
|faint|p1a: Ting-Lu
|
|upkeep
|
|t:|1769421662
|switch|p1a: Darkrai|Darkrai|100/100
|turn|6
|inactive|skibidi1989 has 120 seconds left.
|
|t:|1769421693
|move|p1a: Darkrai|Dark Pulse|p2a: Inteleon
|-damage|p2a: Inteleon|0 fnt
|faint|p2a: Inteleon
|
|upkeep
|
|t:|1769421717
|switch|p2a: Kingambit|Kingambit, M|100/100
|-damage|p2a: Kingambit|94/100|[from] Stealth Rock
|-damage|p2a: Kingambit|82/100|[from] Spikes
|-activate|p2a: Kingambit|ability: Supreme Overlord
|-start|p2a: Kingambit|fallen1|[silent]
|turn|7
|
|t:|1769421732
|switch|p1a: Dragonite|Dragonite, F|100/100
|move|p2a: Kingambit|Swords Dance|p2a: Kingambit
|-boost|p2a: Kingambit|atk|2
|
|upkeep
|turn|8
|
|t:|1769421748
|-terastallize|p2a: Kingambit|Water
|move|p1a: Dragonite|Earthquake|p2a: Kingambit
|-damage|p2a: Kingambit|52/100
|move|p2a: Kingambit|Swords Dance|p2a: Kingambit
|-boost|p2a: Kingambit|atk|2
|
|upkeep
|turn|9
|
|t:|1769421759
|move|p2a: Kingambit|Sucker Punch|p1a: Dragonite
|-damage|p1a: Dragonite|7/100
|move|p1a: Dragonite|Earthquake|p2a: Kingambit
|-damage|p2a: Kingambit|22/100
|
|upkeep
|turn|10
|
|t:|1769421764
|move|p1a: Dragonite|Extreme Speed|p2a: Kingambit
|-damage|p2a: Kingambit|0 fnt
|faint|p2a: Kingambit
|-end|p2a: Kingambit|fallen1|[silent]
|
|upkeep
|
|t:|1769421781
|switch|p2a: Garchomp|Garchomp, M|94/100
|-damage|p2a: Garchomp|88/100|[from] Stealth Rock
|-damage|p2a: Garchomp|76/100|[from] Spikes
|turn|11
|
|t:|1769421792
|switch|p1a: Darkrai|Darkrai|100/100
|move|p2a: Garchomp|Scale Shot|p1a: Darkrai|[miss]
|-miss|p2a: Garchomp|p1a: Darkrai
|
|upkeep
|turn|12
|
|t:|1769421800
|switch|p2a: Skeledirge|Skeledirge, M|100/100
|-damage|p2a: Skeledirge|76/100|[from] Stealth Rock
|-item|p2a: Skeledirge|Air Balloon
|move|p1a: Darkrai|Ice Beam|p2a: Skeledirge
|-resisted|p2a: Skeledirge
|-damage|p2a: Skeledirge|64/100
|-enditem|p2a: Skeledirge|Air Balloon
|
|upkeep
|turn|13
|
|t:|1769421811
|move|p1a: Darkrai|Dark Pulse|p2a: Skeledirge
|-supereffective|p2a: Skeledirge
|-damage|p2a: Skeledirge|0 fnt
|faint|p2a: Skeledirge
|
|upkeep
|
|t:|1769421820
|switch|p2a: Kommo-o|Kommo-o, M|100/100
|-damage|p2a: Kommo-o|94/100|[from] Stealth Rock
|-damage|p2a: Kommo-o|82/100|[from] Spikes
|turn|14
|
|t:|1769421828
|switch|p1a: Pecharunt|Pecharunt|100/100
|move|p2a: Kommo-o|Clangorous Soul|p2a: Kommo-o
|-boost|p2a: Kommo-o|atk|1
|-boost|p2a: Kommo-o|def|1
|-boost|p2a: Kommo-o|spa|1
|-boost|p2a: Kommo-o|spd|1
|-boost|p2a: Kommo-o|spe|1
|-damage|p2a: Kommo-o|49/100
|-enditem|p2a: Kommo-o|Throat Spray
|-boost|p2a: Kommo-o|spa|1|[from] item: Throat Spray
|
|upkeep
|turn|15
|
|t:|1769421842
|move|p2a: Kommo-o|Clanging Scales|p1a: Pecharunt
|-damage|p1a: Pecharunt|1/100
|-unboost|p2a: Kommo-o|def|1
|move|p1a: Pecharunt|Malignant Chain|p2a: Kommo-o
|-damage|p2a: Kommo-o|24/100
|
|upkeep
|turn|16
|
|t:|1769421853
|move|p2a: Kommo-o|Clanging Scales|p1a: Pecharunt
|-damage|p1a: Pecharunt|0 fnt
|faint|p1a: Pecharunt
|-unboost|p2a: Kommo-o|def|1
|
|upkeep
|
|t:|1769421858
|switch|p1a: Dragonite|Dragonite, F|7/100
|turn|17
|
|t:|1769421861
|move|p1a: Dragonite|Extreme Speed|p2a: Kommo-o
|-damage|p2a: Kommo-o|0 fnt
|faint|p2a: Kommo-o
|
|upkeep
|
|t:|1769421868
|switch|p2a: Garchomp|Garchomp, M|76/100
|-damage|p2a: Garchomp|70/100|[from] Stealth Rock
|-damage|p2a: Garchomp|57/100|[from] Spikes
|turn|18
|
|t:|1769421874
|move|p1a: Dragonite|Extreme Speed|p2a: Garchomp
|-damage|p2a: Garchomp|28/100
|-damage|p1a: Dragonite|0 fnt|[from] ability: Rough Skin|[of] p2a: Garchomp
|faint|p1a: Dragonite
|move|p2a: Garchomp|Scale Shot|p1: Dragonite|[notarget]
|-fail|p2a: Garchomp
|
|upkeep
|
|t:|1769421880
|switch|p1a: Darkrai|Darkrai|100/100
|turn|19
|
|t:|1769421885
|move|p1a: Darkrai|Dark Pulse|p2a: Garchomp
|-damage|p2a: Garchomp|0 fnt
|faint|p2a: Garchomp
|
|upkeep
|
|t:|1769421889
|switch|p2a: Registeel|Registeel|100/100
|-damage|p2a: Registeel|94/100|[from] Stealth Rock
|-damage|p2a: Registeel|82/100|[from] Spikes
|turn|20
|
|t:|1769421896
|move|p1a: Darkrai|Dark Pulse|p2a: Registeel
|-damage|p2a: Registeel|59/100
|move|p2a: Registeel|Iron Defense|p2a: Registeel
|-boost|p2a: Registeel|def|2
|
|upkeep
|turn|21
|
|t:|1769421905
|switch|p1a: Gholdengo|Gholdengo|100/100
|move|p2a: Registeel|Body Press|p1a: Gholdengo
|-immune|p1a: Gholdengo
|
|upkeep
|turn|22
|
|t:|1769421913
|move|p1a: Gholdengo|Trick|p2a: Registeel
|-activate|p1a: Gholdengo|move: Trick|[of] p2a: Registeel
|-item|p2a: Registeel|Choice Scarf|[from] move: Trick
|-item|p1a: Gholdengo|Chesto Berry|[from] move: Trick
|move|p2a: Registeel|Rest|p2a: Registeel
|-status|p2a: Registeel|slp|[from] move: Rest
|-heal|p2a: Registeel|100/100 slp|[silent]
|
|upkeep
|turn|23
|
|t:|1769421925
|move|p1a: Gholdengo|Shadow Ball|p2a: Registeel
|-damage|p2a: Registeel|77/100 slp
|cant|p2a: Registeel|slp
|
|upkeep
|turn|24
|
|t:|1769421933
|move|p1a: Gholdengo|Shadow Ball|p2a: Registeel
|-damage|p2a: Registeel|54/100 slp
|cant|p2a: Registeel|slp
|
|upkeep
|turn|25
|
|t:|1769421938
|move|p1a: Gholdengo|Shadow Ball|p2a: Registeel
|-damage|p2a: Registeel|34/100 slp
|-curestatus|p2a: Registeel|slp|[msg]
|move|p2a: Registeel|Rest|p2a: Registeel
|-status|p2a: Registeel|slp|[from] move: Rest
|-heal|p2a: Registeel|100/100 slp|[silent]
|
|upkeep
|turn|26
|
|t:|1769421946
|switch|p1a: Darkrai|Darkrai|100/100
|cant|p2a: Registeel|slp
|
|-damage|p2a: Registeel|88/100 slp|[from] ability: Bad Dreams|[of] p1a: Darkrai
|upkeep
|turn|27
|
|t:|1769421953
|move|p1a: Darkrai|Dark Pulse|p2a: Registeel
|-damage|p2a: Registeel|66/100 slp
|cant|p2a: Registeel|slp
|
|-damage|p2a: Registeel|54/100 slp|[from] ability: Bad Dreams|[of] p1a: Darkrai
|upkeep
|turn|28
|
|t:|1769421959
|move|p1a: Darkrai|Dark Pulse|p2a: Registeel
|-damage|p2a: Registeel|33/100 slp
|-curestatus|p2a: Registeel|slp|[msg]
|move|p2a: Registeel|Rest|p2a: Registeel
|-status|p2a: Registeel|slp|[from] move: Rest
|-heal|p2a: Registeel|100/100 slp|[silent]
|
|-damage|p2a: Registeel|88/100 slp|[from] ability: Bad Dreams|[of] p1a: Darkrai
|upkeep
|turn|29
|c|☆skibidi1989|Ff
|
|t:|1769421968
|move|p1a: Darkrai|Dark Pulse|p2a: Registeel
|-damage|p2a: Registeel|66/100 slp
|cant|p2a: Registeel|slp
|
|-damage|p2a: Registeel|54/100 slp|[from] ability: Bad Dreams|[of] p1a: Darkrai
|upkeep
|turn|30
|
|t:|1769421974
|move|p1a: Darkrai|Dark Pulse|p2a: Registeel
|-damage|p2a: Registeel|32/100 slp
|cant|p2a: Registeel|slp
|
|-damage|p2a: Registeel|19/100 slp|[from] ability: Bad Dreams|[of] p1a: Darkrai
|upkeep
|turn|31
|c|☆skibidi1989|Noob
|
|t:|1769421981
|move|p1a: Darkrai|Dark Pulse|p2a: Registeel
|-damage|p2a: Registeel|0 fnt
|faint|p2a: Registeel
|
|win|skibidi1989
|raw|skibidi1989's rating: 1361 &rarr; <strong>1381</strong><br />(+20 for winning)
|raw|iconicwrecker's rating: 1364 &rarr; <strong>1344</strong><br />(-20 for losing)
|l|☆iconicwrecker
|player|p2|
|l|☆skibidi1989
|player|p1|
