|j|☆Braised Leeks
|j|☆asisisi
|t:|1769318061
|gametype|singles
|player|p1|Braised Leeks|169|1243
|player|p2|asisisi|hooligans|1240
|gen|9
|tier|[Gen 9] OU
|rated|
|rule|HP Percentage Mod: HP is shown in percentages
|rule|Endless Battle Clause: Forcing endless battles is banned
|rule|Species Clause: Limit one of each Pokémon
|rule|OHKO Clause: OHKO moves are banned
|rule|Evasion Items Clause: Evasion items are banned
|rule|Evasion Moves Clause: Evasion moves are banned
|rule|Evasion Abilities Clause: Evasion abilities are banned
|rule|Sleep Moves Clause: Sleep-inducing moves are banned
|clearpoke
|poke|p1|Ogerpon, F|
|poke|p1|Cinderace, F|
|poke|p1|Landorus-Therian, M|
|poke|p1|Raging Bolt|
|poke|p1|Samurott-Hisui, F|
|poke|p1|Pecharunt|
|poke|p2|Dondozo, F|
|poke|p2|Toxapex, F|
|poke|p2|Clodsire, M|
|poke|p2|Blissey, F|
|poke|p2|Skeledirge, M|
|poke|p2|Corviknight, F|
|teampreview
|inactive|Battle timer is ON: inactive players will automatically lose when time's up. (requested by Braised Leeks)
|
|t:|1769318076
|teamsize|p1|6
|teamsize|p2|6
|start
|switch|p1a: Samurott|Samurott-Hisui, F|100/100
|switch|p2a: Toxapex|Toxapex, F|100/100
|turn|1
|
|t:|1769318084
|move|p1a: Samurott|Ceaseless Edge|p2a: Toxapex
|-damage|p2a: Toxapex|75/100
|-sidestart|p2: asisisi|Spikes
|move|p2a: Toxapex|Infestation|p1a: Samurott
|-supereffective|p1a: Samurott
|-damage|p1a: Samurott|91/100
|-activate|p1a: Samurott|move: Infestation|[of] p2a: Toxapex
|
|-heal|p2a: Toxapex|82/100|[from] item: Black Sludge
|-damage|p1a: Samurott|78/100|[from] move: Infestation|[partiallytrapped]
|upkeep
|turn|2
|
|t:|1769318095
|move|p1a: Samurott|Ceaseless Edge|p2a: Toxapex
|-damage|p2a: Toxapex|57/100
|-sidestart|p2: asisisi|Spikes
|move|p2a: Toxapex|Toxic|p1a: Samurott
|-status|p1a: Samurott|tox
|
|-heal|p2a: Toxapex|63/100|[from] item: Black Sludge
|-damage|p1a: Samurott|72/100 tox|[from] psn
|-damage|p1a: Samurott|59/100 tox|[from] move: Infestation|[partiallytrapped]
|upkeep
|turn|3
|
|t:|1769318106
|move|p1a: Samurott|Ceaseless Edge|p2a: Toxapex
|-damage|p2a: Toxapex|36/100
|-sidestart|p2: asisisi|Spikes
|move|p2a: Toxapex|Recover|p2a: Toxapex
|-heal|p2a: Toxapex|86/100
|
|-heal|p2a: Toxapex|92/100|[from] item: Black Sludge
|-damage|p1a: Samurott|47/100 tox|[from] psn
|-damage|p1a: Samurott|34/100 tox|[from] move: Infestation|[partiallytrapped]
|upkeep
|turn|4
|
|t:|1769318122
|move|p1a: Samurott|Ceaseless Edge|p2a: Toxapex
|-damage|p2a: Toxapex|64/100
|move|p2a: Toxapex|Toxic Spikes|p1a: Samurott
|-sidestart|p1: Braised Leeks|move: Toxic Spikes
|
|-heal|p2a: Toxapex|70/100|[from] item: Black Sludge
|-damage|p1a: Samurott|16/100 tox|[from] psn
|-damage|p1a: Samurott|3/100 tox|[from] move: Infestation|[partiallytrapped]
|upkeep
|turn|5
|
|t:|1769318134
|move|p1a: Samurott|Ceaseless Edge|p2a: Toxapex
|-damage|p2a: Toxapex|45/100
|move|p2a: Toxapex|Recover|p2a: Toxapex
|-heal|p2a: Toxapex|95/100
|
|-heal|p2a: Toxapex|100/100|[from] item: Black Sludge
|-damage|p1a: Samurott|0 fnt|[from] psn
|faint|p1a: Samurott
|upkeep
|
|t:|1769318146
|switch|p1a: Landorus|Landorus-Therian, M|100/100
|-ability|p1a: Landorus|Intimidate|boost
|-unboost|p2a: Toxapex|atk|1
|turn|6
|inactive|asisisi has 120 seconds left.
|l|☆Braised Leeks
|inactive|Braised Leeks disconnected and has a minute to reconnect!
|player|p1|
|j|☆Braised Leeks
|inactive|Braised Leeks reconnected.
|player|p1|Braised Leeks|169|
|inactive|asisisi has 90 seconds left.
|inactive|asisisi has 60 seconds left.
|
|t:|1769318246
|switch|p2a: Corviknight|Corviknight, F|100/100
|-ability|p2a: Corviknight|Pressure
|move|p1a: Landorus|Stealth Rock|p2a: Corviknight
|-sidestart|p2: asisisi|move: Stealth Rock
|
|upkeep
|turn|7
|inactive|Braised Leeks has 120 seconds left.
|inactive|Braised Leeks has 90 seconds left.
|inactive|Braised Leeks has 60 seconds left.
|inactive|Braised Leeks has 30 seconds left.
|inactive|Braised Leeks has 20 seconds left.
|inactive|Braised Leeks has 15 seconds left.
|inactive|Braised Leeks has 10 seconds left.
|inactive|Braised Leeks has 5 seconds left.
|
|t:|1769318384
|move|p1a: Landorus|U-turn|p2a: Corviknight
|-resisted|p2a: Corviknight
|-damage|p2a: Corviknight|96/100
|inactive|Braised Leeks has 10 seconds left this turn.
|
|t:|1769318388
|switch|p1a: Pecharunt|Pecharunt|100/100|[from] U-turn
|-sideend|p1: Braised Leeks|move: Toxic Spikes|[of] p1a: Pecharunt
|move|p2a: Corviknight|Defog|p1a: Pecharunt
|-unboost|p1a: Pecharunt|evasion|1
|-sideend|p2: asisisi|Spikes|[from] move: Defog|[of] p2a: Corviknight
|-sideend|p2: asisisi|Stealth Rock|[from] move: Defog|[of] p2a: Corviknight
|
|-heal|p2a: Corviknight|100/100|[from] item: Leftovers
|upkeep
|turn|8
|inactive|Braised Leeks has 20 seconds left this turn.
|inactive|Braised Leeks has 15 seconds left.
|inactive|asisisi has 60 seconds left.
|
|t:|1769318398
|move|p1a: Pecharunt|Parting Shot|p2a: Corviknight
|-unboost|p2a: Corviknight|atk|1
|-unboost|p2a: Corviknight|spa|1
|inactive|Braised Leeks has 20 seconds left this turn.
|
|t:|1769318403
|switch|p1a: Raging Bolt|Raging Bolt|100/100|[from] Parting Shot
|move|p2a: Corviknight|U-turn|p1a: Raging Bolt
|-damage|p1a: Raging Bolt|92/100
|
|t:|1769318410
|switch|p2a: Clodsire|Clodsire, M|100/100|[from] U-turn
|
|upkeep
|turn|9
|inactive|Braised Leeks has 30 seconds left.
|
|t:|1769318416
|-end|p1a: Raging Bolt|Protosynthesis|[silent]
|switch|p1a: Landorus|Landorus-Therian, M|100/100
|-ability|p1a: Landorus|Intimidate|boost
|-unboost|p2a: Clodsire|atk|1
|move|p2a: Clodsire|Earthquake|p1a: Landorus
|-immune|p1a: Landorus
|
|upkeep
|turn|10
|
|t:|1769318425
|switch|p2a: Corviknight|Corviknight, F|100/100
|-ability|p2a: Corviknight|Pressure
|move|p1a: Landorus|Earthquake|p2a: Corviknight
|-immune|p2a: Corviknight
|
|upkeep
|turn|11
|
|t:|1769318436
|move|p1a: Landorus|Stone Edge|p2a: Corviknight|[miss]
|-miss|p1a: Landorus|p2a: Corviknight
|move|p2a: Corviknight|U-turn|p1a: Landorus
|-resisted|p1a: Landorus
|-crit|p1a: Landorus
|-damage|p1a: Landorus|87/100
|-damage|p2a: Corviknight|84/100|[from] item: Rocky Helmet|[of] p1a: Landorus
|
|t:|1769318444
|switch|p2a: Dondozo|Dondozo, F|100/100|[from] U-turn
|
|upkeep
|turn|12
|
|t:|1769318458
|switch|p1a: Ogerpon|Ogerpon, F|100/100
|move|p2a: Dondozo|Liquidation|p1a: Ogerpon
|-resisted|p1a: Ogerpon
|-damage|p1a: Ogerpon|83/100
|
|upkeep
|turn|13
|
|t:|1769318483
|switch|p2a: Skeledirge|Skeledirge, M|100/100
|-terastallize|p1a: Ogerpon|Grass
|detailschange|p1a: Ogerpon|Ogerpon-Teal-Tera, F, tera:Grass
|-ability|p1a: Ogerpon|Embody Aspect (Teal)|boost
|-boost|p1a: Ogerpon|spe|1
|move|p1a: Ogerpon|Ivy Cudgel|p2a: Skeledirge
|-resisted|p2a: Skeledirge
|-damage|p2a: Skeledirge|72/100
|
|-heal|p2a: Skeledirge|78/100|[from] item: Leftovers
|upkeep
|turn|14
|
|t:|1769318498
|switch|p1a: Landorus|Landorus-Therian, M|87/100
|-ability|p1a: Landorus|Intimidate|boost
|-unboost|p2a: Skeledirge|atk|1
|-terastallize|p2a: Skeledirge|Fairy
|move|p2a: Skeledirge|Torch Song|p1a: Landorus
|-damage|p1a: Landorus|47/100
|-boost|p2a: Skeledirge|spa|1
|
|-heal|p2a: Skeledirge|84/100|[from] item: Leftovers
|upkeep
|turn|15
|
|t:|1769318514
|move|p1a: Landorus|Earthquake|p2a: Skeledirge
|-damage|p2a: Skeledirge|49/100
|move|p2a: Skeledirge|Substitute|p2a: Skeledirge
|-start|p2a: Skeledirge|Substitute
|-damage|p2a: Skeledirge|24/100
|
|-heal|p2a: Skeledirge|30/100|[from] item: Leftovers
|upkeep
|turn|16
|
|t:|1769318523
|move|p1a: Landorus|Earthquake|p2a: Skeledirge
|-end|p2a: Skeledirge|Substitute
|move|p2a: Skeledirge|Slack Off|p2a: Skeledirge
|-heal|p2a: Skeledirge|80/100
|
|-heal|p2a: Skeledirge|86/100|[from] item: Leftovers
|upkeep
|turn|17
|
|t:|1769318537
|move|p1a: Landorus|Earthquake|p2a: Skeledirge
|-damage|p2a: Skeledirge|51/100
|move|p2a: Skeledirge|Torch Song|p1a: Landorus
|-damage|p1a: Landorus|0 fnt
|-boost|p2a: Skeledirge|spa|1
|faint|p1a: Landorus
|
|-heal|p2a: Skeledirge|57/100|[from] item: Leftovers
|upkeep
|
|t:|1769318553
|switch|p1a: Ogerpon|Ogerpon-Teal-Tera, F, tera:Grass|83/100
|-ability|p1a: Ogerpon|Embody Aspect (Teal)|boost
|-boost|p1a: Ogerpon|spe|1
|turn|18
|
|t:|1769318561
|move|p1a: Ogerpon|Ivy Cudgel|p2a: Skeledirge
|-damage|p2a: Skeledirge|0 fnt
|faint|p2a: Skeledirge
|
|upkeep
|inactive|asisisi has 90 seconds left.
|
|t:|1769318571
|switch|p2a: Toxapex|Toxapex, F|100/100
|turn|19
|inactive|Braised Leeks has 60 seconds left.
|
|t:|1769318577
|switch|p1a: Pecharunt|Pecharunt|100/100
|move|p2a: Toxapex|Infestation|p1a: Pecharunt
|-resisted|p1a: Pecharunt
|-damage|p1a: Pecharunt|99/100
|-activate|p1a: Pecharunt|move: Infestation|[of] p2a: Toxapex
|
|-damage|p1a: Pecharunt|88/100|[from] move: Infestation|[partiallytrapped]
|upkeep
|turn|20
|inactive|Braised Leeks has 60 seconds left.
|
|t:|1769318588
|move|p1a: Pecharunt|Parting Shot|p2a: Toxapex
|-unboost|p2a: Toxapex|atk|1
|-unboost|p2a: Toxapex|spa|1
|inactive|Braised Leeks has 60 seconds left.
|
|t:|1769318599
|switch|p1a: Raging Bolt|Raging Bolt|92/100|[from] Parting Shot
|move|p2a: Toxapex|Toxic Spikes|p1a: Raging Bolt
|-sidestart|p1: Braised Leeks|move: Toxic Spikes
|
|upkeep
|turn|21
|inactive|Braised Leeks has 60 seconds left.
|
|t:|1769318621
|switch|p2a: Clodsire|Clodsire, M|100/100
|move|p1a: Raging Bolt|Draco Meteor|p2a: Clodsire
|-damage|p2a: Clodsire|42/100
|-unboost|p1a: Raging Bolt|spa|2
|
|-heal|p2a: Clodsire|48/100|[from] item: Leftovers
|upkeep
|turn|22
|
|t:|1769318642
|switch|p2a: Blissey|Blissey, F|100/100
|move|p1a: Raging Bolt|Draco Meteor|p2a: Blissey
|-damage|p2a: Blissey|83/100
|-unboost|p1a: Raging Bolt|spa|2
|
|-status|p2a: Blissey|brn|[from] item: Flame Orb
|upkeep
|turn|23
|
|t:|1769318661
|-end|p1a: Raging Bolt|Protosynthesis|[silent]
|switch|p1a: Ogerpon|Ogerpon-Teal-Tera, F, tera:Grass|83/100
|-status|p1a: Ogerpon|psn
|-ability|p1a: Ogerpon|Embody Aspect (Teal)|boost
|-boost|p1a: Ogerpon|spe|1
|move|p2a: Blissey|Shadow Ball|p1a: Ogerpon
|-damage|p1a: Ogerpon|65/100 psn
|
|-damage|p1a: Ogerpon|52/100 psn|[from] psn
|-damage|p2a: Blissey|77/100 brn|[from] brn
|upkeep
|turn|24
|
|t:|1769318675
|-curestatus|p2a: Blissey|brn|[from] ability: Natural Cure
|switch|p2a: Corviknight|Corviknight, F|84/100
|-ability|p2a: Corviknight|Pressure
|move|p1a: Ogerpon|Ivy Cudgel|p2a: Corviknight
|-resisted|p2a: Corviknight
|-crit|p2a: Corviknight
|-damage|p2a: Corviknight|61/100
|
|-heal|p2a: Corviknight|67/100|[from] item: Leftovers
|-damage|p1a: Ogerpon|40/100 psn|[from] psn
|upkeep
|turn|25
|
|t:|1769318688
|switch|p1a: Cinderace|Cinderace, F|100/100
|move|p2a: Corviknight|Roost|p2a: Corviknight
|-heal|p2a: Corviknight|100/100
|-singleturn|p2a: Corviknight|move: Roost
|
|upkeep
|turn|26
|inactive|asisisi has 90 seconds left.
|inactive|asisisi has 60 seconds left.
|
|t:|1769318760
|switch|p2a: Dondozo|Dondozo, F|100/100
|move|p1a: Cinderace|Will-O-Wisp|p2a: Dondozo
|-status|p2a: Dondozo|brn
|
|-damage|p2a: Dondozo|94/100 brn|[from] brn
|upkeep
|turn|27
|
|t:|1769318775
|move|p1a: Cinderace|U-turn|p2a: Dondozo
|-start|p1a: Cinderace|typechange|Bug|[from] ability: Libero
|-damage|p2a: Dondozo|80/100 brn
|
|t:|1769318781
|switch|p1a: Ogerpon|Ogerpon-Teal-Tera, F, tera:Grass|40/100 psn|[from] U-turn
|-ability|p1a: Ogerpon|Embody Aspect (Teal)|boost
|-boost|p1a: Ogerpon|spe|1
|move|p2a: Dondozo|Earthquake|p1a: Ogerpon
|-resisted|p1a: Ogerpon
|-damage|p1a: Ogerpon|33/100 psn
|
|-heal|p2a: Dondozo|86/100 brn|[from] item: Leftovers
|-damage|p1a: Ogerpon|21/100 psn|[from] psn
|-damage|p2a: Dondozo|80/100 brn|[from] brn
|upkeep
|turn|28
|
|t:|1769318794
|switch|p2a: Corviknight|Corviknight, F|100/100
|-ability|p2a: Corviknight|Pressure
|move|p1a: Ogerpon|Ivy Cudgel|p2a: Corviknight
|-resisted|p2a: Corviknight
|-damage|p2a: Corviknight|85/100
|
|-heal|p2a: Corviknight|91/100|[from] item: Leftovers
|-damage|p1a: Ogerpon|8/100 psn|[from] psn
|upkeep
|turn|29
|
|t:|1769318808
|switch|p1a: Cinderace|Cinderace, F|100/100
|move|p2a: Corviknight|U-turn|p1a: Cinderace
|-resisted|p1a: Cinderace
|-damage|p1a: Cinderace|89/100
|
|t:|1769318815
|switch|p2a: Toxapex|Toxapex, F|100/100|[from] U-turn
|
|upkeep
|turn|30
|inactive|Braised Leeks has 60 seconds left.
|
|t:|1769318822
|move|p1a: Cinderace|U-turn|p2a: Toxapex
|-start|p1a: Cinderace|typechange|Bug|[from] ability: Libero
|-resisted|p2a: Toxapex
|-damage|p2a: Toxapex|90/100
|
|t:|1769318827
|switch|p1a: Pecharunt|Pecharunt|88/100|[from] U-turn
|-sideend|p1: Braised Leeks|move: Toxic Spikes|[of] p1a: Pecharunt
|move|p2a: Toxapex|Toxic|p1a: Pecharunt
|-immune|p1a: Pecharunt
|
|-heal|p2a: Toxapex|96/100|[from] item: Black Sludge
|upkeep
|turn|31
|inactive|asisisi has 60 seconds left.
|
|t:|1769318838
|move|p1a: Pecharunt|Parting Shot|p2a: Toxapex
|-unboost|p2a: Toxapex|atk|1
|-unboost|p2a: Toxapex|spa|1
|
|t:|1769318844
|switch|p1a: Raging Bolt|Raging Bolt|92/100|[from] Parting Shot
|move|p2a: Toxapex|Infestation|p1a: Raging Bolt
|-damage|p1a: Raging Bolt|90/100
|-activate|p1a: Raging Bolt|move: Infestation|[of] p2a: Toxapex
|
|-heal|p2a: Toxapex|100/100|[from] item: Black Sludge
|-damage|p1a: Raging Bolt|77/100|[from] move: Infestation|[partiallytrapped]
|upkeep
|turn|32
|
|t:|1769318855
|switch|p2a: Blissey|Blissey, F|77/100
|move|p1a: Raging Bolt|Draco Meteor|p2a: Blissey
|-damage|p2a: Blissey|45/100
|-unboost|p1a: Raging Bolt|spa|2
|
|-end|p1a: Raging Bolt|Infestation|[partiallytrapped]|[silent]
|-status|p2a: Blissey|brn|[from] item: Flame Orb
|upkeep
|turn|33
|
|t:|1769318868
|-end|p1a: Raging Bolt|Protosynthesis|[silent]
|switch|p1a: Pecharunt|Pecharunt|88/100
|move|p2a: Blissey|Soft-Boiled|p2a: Blissey
|-heal|p2a: Blissey|95/100 brn
|
|-damage|p2a: Blissey|89/100 brn|[from] brn
|upkeep
|turn|34
|-message|Braised Leeks forfeited.
|
|win|asisisi
|raw|Braised Leeks's rating: 1243 &rarr; <strong>1218</strong><br />(-25 for losing)
|raw|asisisi's rating: 1240 &rarr; <strong>1265</strong><br />(+25 for winning)
|l|☆Braised Leeks
|player|p1|
|l|☆asisisi
|player|p2|
