|j|☆biggruse04
|j|☆67moggerclavicular
|t:|1769391982
|gametype|singles
|player|p1|biggruse04|lady-gen4|1057
|player|p2|67moggerclavicular|102|1111
|gen|9
|tier|[Gen 9] OU
|rated|
|rule|HP Percentage Mod: HP is shown in percentages
|rule|Endless Battle Clause: Forcing endless battles is banned
|rule|Species Clause: Limit one of each Pokémon
|rule|OHKO Clause: OHKO moves are banned
|rule|Evasion Items Clause: Evasion items are banned
|rule|Evasion Moves Clause: Evasion moves are banned
|rule|Evasion Abilities Clause: Evasion abilities are banned
|rule|Sleep Moves Clause: Sleep-inducing moves are banned
|clearpoke
|poke|p1|Zapdos-Galar|
|poke|p1|Ting-Lu|
|poke|p1|Meowscarada, F|
|poke|p1|Gholdengo|
|poke|p1|Kyurem|
|poke|p1|Quaquaval, M|
|poke|p2|Deoxys-Speed|
|poke|p2|Kingambit, M|
|poke|p2|Ceruledge, F|
|poke|p2|Ogerpon-Wellspring, F|
|poke|p2|Zamazenta-*|
|poke|p2|Dragonite, F|
|teampreview
|inactive|Battle timer is ON: inactive players will automatically lose when time's up. (requested by 67moggerclavicular)
|
|t:|1769391990
|teamsize|p1|6
|teamsize|p2|6
|start
|switch|p1a: fancy dancer|Meowscarada, F, shiny|100/100
|switch|p2a: Deoxys|Deoxys-Speed|100/100
|-ability|p2a: Deoxys|Pressure
|turn|1
|
|t:|1769391995
|move|p2a: Deoxys|Reflect|p2a: Deoxys
|-sidestart|p2: 67moggerclavicular|Reflect
|move|p1a: fancy dancer|Knock Off|p2a: Deoxys
|-start|p1a: fancy dancer|typechange|Dark|[from] ability: Protean
|-supereffective|p2a: Deoxys
|-damage|p2a: Deoxys|19/100
|-enditem|p2a: Deoxys|Light Clay|[from] move: Knock Off|[of] p1a: fancy dancer
|
|upkeep
|turn|2
|
|t:|1769392007
|move|p2a: Deoxys|Light Screen|p2a: Deoxys
|-sidestart|p2: 67moggerclavicular|move: Light Screen
|move|p1a: fancy dancer|Knock Off|p2a: Deoxys
|-supereffective|p2a: Deoxys
|-damage|p2a: Deoxys|0 fnt
|faint|p2a: Deoxys
|
|upkeep
|
|t:|1769392014
|switch|p2a: Ceruledge|Ceruledge, F|100/100
|turn|3
|
|t:|1769392022
|-terastallize|p2a: Ceruledge|Fighting
|move|p1a: fancy dancer|Knock Off|p2a: Ceruledge
|-resisted|p2a: Ceruledge
|-crit|p2a: Ceruledge
|-damage|p2a: Ceruledge|31/100
|-ability|p2a: Ceruledge|Weak Armor|boost
|-unboost|p2a: Ceruledge|def|1
|-boost|p2a: Ceruledge|spe|2
|-enditem|p2a: Ceruledge|Life Orb|[from] move: Knock Off|[of] p1a: fancy dancer
|move|p2a: Ceruledge|Swords Dance|p2a: Ceruledge
|-boost|p2a: Ceruledge|atk|2
|
|upkeep
|turn|4
|
|t:|1769392032
|move|p2a: Ceruledge|Bitter Blade|p1a: fancy dancer
|-damage|p1a: fancy dancer|0 fnt
|-heal|p2a: Ceruledge|81/100|[from] drain|[of] p1a: fancy dancer
|faint|p1a: fancy dancer
|
|upkeep
|
|t:|1769392041
|switch|p1a: bigey bonk|Quaquaval, M, shiny|100/100
|turn|5
|
|t:|1769392050
|move|p2a: Ceruledge|Close Combat|p1a: bigey bonk
|-damage|p1a: bigey bonk|0 fnt
|-unboost|p2a: Ceruledge|def|1
|-unboost|p2a: Ceruledge|spd|1
|faint|p1a: bigey bonk
|
|upkeep
|
|t:|1769392055
|switch|p1a: money man|Gholdengo, shiny|100/100
|-item|p1a: money man|Air Balloon
|turn|6
|
|t:|1769392057
|-terastallize|p1a: money man|Fairy
|move|p2a: Ceruledge|Bitter Blade|p1a: money man
|-damage|p1a: money man|0 fnt
|-heal|p2a: Ceruledge|100/100|[from] drain|[of] p1a: money man
|-enditem|p1a: money man|Air Balloon
|faint|p1a: money man
|
|-sideend|p2: 67moggerclavicular|move: Light Screen
|upkeep
|
|t:|1769392066
|switch|p1a: lego box|Ting-Lu|100/100
|-ability|p1a: lego box|Vessel of Ruin
|turn|7
|
|t:|1769392069
|move|p2a: Ceruledge|Close Combat|p1a: lego box
|-supereffective|p1a: lego box
|-damage|p1a: lego box|0 fnt
|-unboost|p2a: Ceruledge|def|1
|-unboost|p2a: Ceruledge|spd|1
|faint|p1a: lego box
|
|upkeep
|
|t:|1769392078
|switch|p1a: fridge|Kyurem, shiny|100/100
|-ability|p1a: fridge|Pressure
|turn|8
|
|t:|1769392081
|move|p2a: Ceruledge|Close Combat|p1a: fridge
|-supereffective|p1a: fridge
|-damage|p1a: fridge|0 fnt
|-unboost|p2a: Ceruledge|def|1
|-unboost|p2a: Ceruledge|spd|1
|faint|p1a: fridge
|
|-sideend|p2: 67moggerclavicular|Reflect
|upkeep
|
|t:|1769392084
|switch|p1a: anger birb|Zapdos-Galar|100/100
|turn|9
|
|t:|1769392088
|move|p2a: Ceruledge|Bitter Blade|p1a: anger birb
|-damage|p1a: anger birb|0 fnt
|faint|p1a: anger birb
|
|win|67moggerclavicular
|raw|biggruse04's rating: 1057 &rarr; <strong>1041</strong><br />(-16 for losing)
|raw|67moggerclavicular's rating: 1111 &rarr; <strong>1132</strong><br />(+21 for winning)
|l|☆biggruse04
|player|p1|
