|j|☆SomeoneTellMeWhy
|j|☆shootneedle
|t:|1769299057
|gametype|singles
|player|p1|SomeoneTellMeWhy|nate|1118
|player|p2|shootneedle|170|1079
|gen|9
|tier|[Gen 9] OU
|rated|
|rule|HP Percentage Mod: HP is shown in percentages
|rule|Endless Battle Clause: Forcing endless battles is banned
|rule|Species Clause: Limit one of each Pokémon
|rule|OHKO Clause: OHKO moves are banned
|rule|Evasion Items Clause: Evasion items are banned
|rule|Evasion Moves Clause: Evasion moves are banned
|rule|Evasion Abilities Clause: Evasion abilities are banned
|rule|Sleep Moves Clause: Sleep-inducing moves are banned
|clearpoke
|poke|p1|Swalot, F|
|poke|p1|Blaziken, F|
|poke|p1|Landorus-Therian, M|
|poke|p1|Hydrapple, F|
|poke|p1|Vivillon-Pokeball, M|
|poke|p1|Komala, F|
|poke|p2|Metagross|
|poke|p2|Thundurus-Therian, M|
|poke|p2|Serperior, M|
|poke|p2|Porygon2|
|poke|p2|Drednaw, M|
|poke|p2|Latias, F|
|teampreview
|inactive|Battle timer is ON: inactive players will automatically lose when time's up. (requested by SomeoneTellMeWhy)
|
|t:|1769299065
|teamsize|p1|6
|teamsize|p2|6
|start
|switch|p1a: Landorus|Landorus-Therian, M|100/100
|switch|p2a: Drednaw|Drednaw, M|100/100
|-ability|p1a: Landorus|Intimidate|boost
|-unboost|p2a: Drednaw|atk|1
|turn|1
|
|t:|1769299075
|move|p1a: Landorus|Taunt|p2a: Drednaw
|-start|p2a: Drednaw|move: Taunt
|cant|p2a: Drednaw|move: Taunt|Rain Dance
|
|upkeep
|turn|2
|
|t:|1769299083
|move|p1a: Landorus|Stealth Rock|p2a: Drednaw
|-sidestart|p2: shootneedle|move: Stealth Rock
|move|p2a: Drednaw|Ice Spinner|p1a: Landorus
|-supereffective|p1a: Landorus
|-damage|p1a: Landorus|53/100
|-damage|p2a: Drednaw|84/100|[from] item: Rocky Helmet|[of] p1a: Landorus
|
|upkeep
|turn|3
|
|t:|1769299093
|move|p1a: Landorus|Earth Power|p2a: Drednaw
|-supereffective|p2a: Drednaw
|-damage|p2a: Drednaw|9/100
|move|p2a: Drednaw|Ice Spinner|p1a: Landorus
|-supereffective|p1a: Landorus
|-damage|p1a: Landorus|6/100
|-damage|p2a: Drednaw|0 fnt|[from] item: Rocky Helmet|[of] p1a: Landorus
|faint|p2a: Drednaw
|
|upkeep
|
|t:|1769299103
|switch|p2a: Metagross|Metagross|100/100
|-damage|p2a: Metagross|95/100|[from] Stealth Rock
|turn|4
|
|t:|1769299108
|move|p2a: Metagross|Bullet Punch|p1a: Landorus
|-damage|p1a: Landorus|0 fnt
|-damage|p2a: Metagross|78/100|[from] item: Rocky Helmet|[of] p1a: Landorus
|faint|p1a: Landorus
|
|upkeep
|
|t:|1769299120
|switch|p1a: Komala|Komala, F|100/100
|-ability|p1a: Komala|Comatose
|turn|5
|
|t:|1769299128
|move|p2a: Metagross|Meteor Mash|p1a: Komala
|-damage|p1a: Komala|25/100
|-boost|p2a: Metagross|atk|1
|move|p1a: Komala|Knock Off|p2a: Metagross
|-supereffective|p2a: Metagross
|-damage|p2a: Metagross|31/100
|-enditem|p2a: Metagross|Assault Vest|[from] move: Knock Off|[of] p1a: Komala
|
|upkeep
|turn|6
|
|t:|1769299150
|move|p1a: Komala|Sucker Punch|p2a: Metagross
|-supereffective|p2a: Metagross
|-damage|p2a: Metagross|0 fnt
|faint|p2a: Metagross
|
|upkeep
|
|t:|1769299159
|switch|p2a: Serperior|Serperior, M, shiny|100/100
|-damage|p2a: Serperior|88/100|[from] Stealth Rock
|turn|7
|
|t:|1769299166
|move|p2a: Serperior|Leaf Storm|p1a: Komala
|-damage|p1a: Komala|0 fnt
|-boost|p2a: Serperior|spa|2
|faint|p1a: Komala
|
|upkeep
|
|t:|1769299184
|switch|p1a: Blaziken|Blaziken, F|100/100
|turn|8
|
|t:|1769299191
|move|p1a: Blaziken|Protect|p1a: Blaziken
|-singleturn|p1a: Blaziken|Protect
|move|p2a: Serperior|Glare|p1a: Blaziken
|-activate|p1a: Blaziken|move: Protect
|
|-ability|p1a: Blaziken|Speed Boost|boost
|-boost|p1a: Blaziken|spe|1
|upkeep
|turn|9
|
|t:|1769299202
|switch|p2a: Latias|Latias, F|100/100
|-damage|p2a: Latias|88/100|[from] Stealth Rock
|move|p1a: Blaziken|Focus Energy|p1a: Blaziken
|-start|p1a: Blaziken|move: Focus Energy
|
|-heal|p2a: Latias|94/100|[from] item: Leftovers
|-ability|p1a: Blaziken|Speed Boost|boost
|-boost|p1a: Blaziken|spe|1
|upkeep
|turn|10
|
|t:|1769299216
|-terastallize|p1a: Blaziken|Fire
|move|p1a: Blaziken|Overheat|p2a: Latias
|-resisted|p2a: Latias
|-crit|p2a: Latias
|-damage|p2a: Latias|58/100
|-unboost|p1a: Blaziken|spa|2
|move|p2a: Latias|Mist Ball|p1a: Blaziken
|-damage|p1a: Blaziken|56/100
|-unboost|p1a: Blaziken|spa|1
|
|-heal|p2a: Latias|64/100|[from] item: Leftovers
|-ability|p1a: Blaziken|Speed Boost|boost
|-boost|p1a: Blaziken|spe|1
|upkeep
|turn|11
|
|t:|1769299238
|move|p1a: Blaziken|Overheat|p2a: Latias
|-resisted|p2a: Latias
|-crit|p2a: Latias
|-damage|p2a: Latias|29/100
|-unboost|p1a: Blaziken|spa|2
|move|p2a: Latias|Draco Meteor|p1a: Blaziken
|-damage|p1a: Blaziken|0 fnt
|-unboost|p2a: Latias|spa|2
|faint|p1a: Blaziken
|
|-heal|p2a: Latias|35/100|[from] item: Leftovers
|upkeep
|
|t:|1769299255
|switch|p1a: Vivillon|Vivillon-Pokeball, M|100/100
|turn|12
|
|t:|1769299269
|switch|p2a: Porygon2|Porygon2|100/100
|-damage|p2a: Porygon2|88/100|[from] Stealth Rock
|-ability|p2a: Porygon2|Compound Eyes|Trace|[from] ability: Trace|[of] p1a: Vivillon
|move|p1a: Vivillon|Quiver Dance|p1a: Vivillon
|-boost|p1a: Vivillon|spa|1
|-boost|p1a: Vivillon|spd|1
|-boost|p1a: Vivillon|spe|1
|
|upkeep
|turn|13
|
|t:|1769299282
|move|p1a: Vivillon|Quiver Dance|p1a: Vivillon
|-boost|p1a: Vivillon|spa|1
|-boost|p1a: Vivillon|spd|1
|-boost|p1a: Vivillon|spe|1
|move|p2a: Porygon2|Tri Attack|p1a: Vivillon
|-damage|p1a: Vivillon|70/100
|
|upkeep
|turn|14
|
|t:|1769299289
|move|p1a: Vivillon|Quiver Dance|p1a: Vivillon
|-boost|p1a: Vivillon|spa|1
|-boost|p1a: Vivillon|spd|1
|-boost|p1a: Vivillon|spe|1
|move|p2a: Porygon2|Tri Attack|p1a: Vivillon
|-damage|p1a: Vivillon|48/100
|
|upkeep
|turn|15
|
|t:|1769299298
|move|p1a: Vivillon|Quiver Dance|p1a: Vivillon
|-boost|p1a: Vivillon|spa|1
|-boost|p1a: Vivillon|spd|1
|-boost|p1a: Vivillon|spe|1
|move|p2a: Porygon2|Hyper Beam|p1a: Vivillon
|-damage|p1a: Vivillon|11/100
|-mustrecharge|p2a: Porygon2
|
|upkeep
|turn|16
|
|t:|1769299312
|move|p1a: Vivillon|Hurricane|p2a: Porygon2
|-damage|p2a: Porygon2|18/100
|cant|p2a: Porygon2|recharge
|
|upkeep
|turn|17
|
|t:|1769299324
|move|p1a: Vivillon|Energy Ball|p2a: Porygon2
|-damage|p2a: Porygon2|0 fnt
|faint|p2a: Porygon2
|
|upkeep
|
|t:|1769299335
|switch|p2a: Thundurus|Thundurus-Therian, M|100/100
|-damage|p2a: Thundurus|76/100|[from] Stealth Rock
|turn|18
|inactive|SomeoneTellMeWhy has 120 seconds left.
|
|t:|1769299377
|-terastallize|p2a: Thundurus|Water
|move|p1a: Vivillon|Hurricane|p2a: Thundurus
|-damage|p2a: Thundurus|0 fnt
|faint|p2a: Thundurus
|
|upkeep
|-message|shootneedle forfeited.
|
|win|SomeoneTellMeWhy
|raw|SomeoneTellMeWhy's rating: 1118 &rarr; <strong>1140</strong><br />(+22 for winning)
|raw|shootneedle's rating: 1079 &rarr; <strong>1060</strong><br />(-19 for losing)
|l|☆shootneedle
|player|p2|
|l|☆SomeoneTellMeWhy
|player|p1|
|j|☆SomeoneTellMeWhy
|player|p1|SomeoneTellMeWhy|nate|
