|j|☆blockayethe1st
|j|☆106abd
|t:|1769372945
|gametype|singles
|player|p1|blockayethe1st|lance|1305
|player|p2|106abd|hilbert-wonderlauncher|1325
|gen|9
|tier|[Gen 9] OU
|rated|
|rule|HP Percentage Mod: HP is shown in percentages
|rule|Endless Battle Clause: Forcing endless battles is banned
|rule|Species Clause: Limit one of each Pokémon
|rule|OHKO Clause: OHKO moves are banned
|rule|Evasion Items Clause: Evasion items are banned
|rule|Evasion Moves Clause: Evasion moves are banned
|rule|Evasion Abilities Clause: Evasion abilities are banned
|rule|Sleep Moves Clause: Sleep-inducing moves are banned
|clearpoke
|poke|p1|Landorus-Therian, M|
|poke|p1|Glimmora, F|
|poke|p1|Ogerpon-Wellspring, F|
|poke|p1|Iron Hands|
|poke|p1|Kingambit, F|
|poke|p1|Pelipper, F|
|poke|p2|Whimsicott, M|
|poke|p2|Garganacl, M|
|poke|p2|Dragapult, M|
|poke|p2|Talonflame, M|
|poke|p2|Kingambit, M|
|poke|p2|Greninja-*, M|
|teampreview
|inactive|Battle timer is ON: inactive players will automatically lose when time's up. (requested by blockayethe1st)
|
|t:|1769372953
|teamsize|p1|6
|teamsize|p2|6
|start
|switch|p1a: Iron Hands|Iron Hands|100/100
|switch|p2a: Talonflame|Talonflame, M|100/100
|-enditem|p1a: Iron Hands|Booster Energy
|-activate|p1a: Iron Hands|ability: Quark Drive|[fromitem]
|-start|p1a: Iron Hands|quarkdriveatk
|turn|1
|
|t:|1769372965
|move|p2a: Talonflame|Will-O-Wisp|p1a: Iron Hands
|-status|p1a: Iron Hands|brn
|move|p1a: Iron Hands|Supercell Slam|p2a: Talonflame
|-supereffective|p2a: Talonflame
|-damage|p2a: Talonflame|32/100
|
|-damage|p1a: Iron Hands|94/100 brn|[from] brn
|upkeep
|turn|2
|
|t:|1769372971
|move|p2a: Talonflame|Roost|p2a: Talonflame
|-heal|p2a: Talonflame|82/100
|-singleturn|p2a: Talonflame|move: Roost
|move|p1a: Iron Hands|Earthquake|p2a: Talonflame
|-supereffective|p2a: Talonflame
|-damage|p2a: Talonflame|32/100
|
|-damage|p1a: Iron Hands|88/100 brn|[from] brn
|upkeep
|turn|3
|
|t:|1769372976
|move|p2a: Talonflame|Roost|p2a: Talonflame
|-heal|p2a: Talonflame|82/100
|-singleturn|p2a: Talonflame|move: Roost
|move|p1a: Iron Hands|Close Combat|p2a: Talonflame
|-damage|p2a: Talonflame|41/100
|-unboost|p1a: Iron Hands|def|1
|-unboost|p1a: Iron Hands|spd|1
|
|-damage|p1a: Iron Hands|82/100 brn|[from] brn
|upkeep
|turn|4
|
|t:|1769372980
|switch|p2a: Whimsicott|Whimsicott, M|100/100
|move|p1a: Iron Hands|Earthquake|p2a: Whimsicott
|-resisted|p2a: Whimsicott
|-damage|p2a: Whimsicott|82/100
|
|-damage|p1a: Iron Hands|75/100 brn|[from] brn
|upkeep
|turn|5
|
|t:|1769372984
|-end|p1a: Iron Hands|Quark Drive|[silent]
|switch|p1a: Glimmora|Glimmora, F|100/100
|move|p2a: Whimsicott|Giga Drain|p1a: Glimmora
|-damage|p1a: Glimmora|47/100
|-heal|p2a: Whimsicott|100/100|[from] drain|[of] p1a: Glimmora
|
|upkeep
|turn|6
|
|t:|1769372990
|move|p1a: Glimmora|Earth Power|p2a: Whimsicott
|-resisted|p2a: Whimsicott
|-damage|p2a: Whimsicott|77/100
|move|p2a: Whimsicott|Giga Drain|p1a: Glimmora
|-crit|p1a: Glimmora
|-damage|p1a: Glimmora|0 fnt
|-heal|p2a: Whimsicott|100/100|[from] drain|[of] p1a: Glimmora
|faint|p1a: Glimmora
|
|upkeep
|
|t:|1769372997
|switch|p1a: Kingambit|Kingambit, F|100/100
|-activate|p1a: Kingambit|ability: Supreme Overlord
|-start|p1a: Kingambit|fallen1|[silent]
|turn|7
|
|t:|1769373001
|switch|p2a: Talonflame|Talonflame, M|41/100
|move|p1a: Kingambit|Kowtow Cleave|p2a: Talonflame
|-damage|p2a: Talonflame|0 fnt
|faint|p2a: Talonflame
|
|upkeep
|
|t:|1769373013
|switch|p2a: Dragapult|Dragapult, M|100/100
|turn|8
|
|t:|1769373016
|-end|p1a: Kingambit|fallen1|[silent]
|switch|p1a: Iron Hands|Iron Hands|75/100 brn
|move|p2a: Dragapult|Thunder Wave|p1a: Iron Hands|[miss]
|-miss|p2a: Dragapult|p1a: Iron Hands
|
|-damage|p1a: Iron Hands|69/100 brn|[from] brn
|upkeep
|turn|9
|
|t:|1769373020
|switch|p2a: Garganacl|Garganacl, M|100/100
|move|p1a: Iron Hands|Ice Punch|p2a: Garganacl
|-damage|p2a: Garganacl|91/100
|
|-heal|p2a: Garganacl|97/100|[from] item: Leftovers
|-damage|p1a: Iron Hands|63/100 brn|[from] brn
|upkeep
|turn|10
|
|t:|1769373022
|move|p1a: Iron Hands|Close Combat|p2a: Garganacl
|-supereffective|p2a: Garganacl
|-damage|p2a: Garganacl|52/100
|-unboost|p1a: Iron Hands|def|1
|-unboost|p1a: Iron Hands|spd|1
|move|p2a: Garganacl|Salt Cure|p1a: Iron Hands
|-resisted|p1a: Iron Hands
|-damage|p1a: Iron Hands|57/100 brn
|-start|p1a: Iron Hands|Salt Cure
|
|-heal|p2a: Garganacl|59/100|[from] item: Leftovers
|-damage|p1a: Iron Hands|50/100 brn|[from] brn
|-damage|p1a: Iron Hands|38/100 brn|[from] Salt Cure
|upkeep
|turn|11
|
|t:|1769373026
|move|p1a: Iron Hands|Close Combat|p2a: Garganacl
|-supereffective|p2a: Garganacl
|-damage|p2a: Garganacl|14/100
|-unboost|p1a: Iron Hands|def|1
|-unboost|p1a: Iron Hands|spd|1
|move|p2a: Garganacl|Recover|p2a: Garganacl
|-heal|p2a: Garganacl|64/100
|
|-heal|p2a: Garganacl|70/100|[from] item: Leftovers
|-damage|p1a: Iron Hands|32/100 brn|[from] brn
|-damage|p1a: Iron Hands|19/100 brn|[from] Salt Cure
|upkeep
|turn|12
|
|t:|1769373030
|move|p2a: Garganacl|Protect|p2a: Garganacl
|-singleturn|p2a: Garganacl|Protect
|move|p1a: Iron Hands|Close Combat|p2a: Garganacl
|-activate|p2a: Garganacl|move: Protect
|
|-heal|p2a: Garganacl|76/100|[from] item: Leftovers
|-damage|p1a: Iron Hands|13/100 brn|[from] brn
|-damage|p1a: Iron Hands|0 fnt|[from] Salt Cure
|faint|p1a: Iron Hands
|-end|p1a: Iron Hands|Quark Drive|[silent]
|upkeep
|
|t:|1769373031
|switch|p1a: Kingambit|Kingambit, F|100/100
|-activate|p1a: Kingambit|ability: Supreme Overlord
|-start|p1a: Kingambit|fallen2|[silent]
|turn|13
|
|t:|1769373033
|move|p1a: Kingambit|Iron Head|p2a: Garganacl
|-supereffective|p2a: Garganacl
|-damage|p2a: Garganacl|9/100
|cant|p2a: Garganacl|flinch
|
|-heal|p2a: Garganacl|16/100|[from] item: Leftovers
|upkeep
|turn|14
|
|t:|1769373037
|move|p2a: Garganacl|Protect|p2a: Garganacl
|-singleturn|p2a: Garganacl|Protect
|move|p1a: Kingambit|Iron Head|p2a: Garganacl
|-activate|p2a: Garganacl|move: Protect
|
|-heal|p2a: Garganacl|22/100|[from] item: Leftovers
|upkeep
|turn|15
|
|t:|1769373040
|switch|p2a: Kingambit|Kingambit, M|100/100
|-activate|p2a: Kingambit|ability: Supreme Overlord
|-start|p2a: Kingambit|fallen1|[silent]
|move|p1a: Kingambit|Iron Head|p2a: Kingambit
|-resisted|p2a: Kingambit
|-damage|p2a: Kingambit|79/100
|
|-heal|p2a: Kingambit|85/100|[from] item: Leftovers
|upkeep
|turn|16
|
|t:|1769373043
|-end|p1a: Kingambit|fallen2|[silent]
|switch|p1a: Landorus|Landorus-Therian, M|100/100
|-ability|p1a: Landorus|Intimidate|boost
|-unboost|p2a: Kingambit|atk|1
|move|p2a: Kingambit|Swords Dance|p2a: Kingambit
|-boost|p2a: Kingambit|atk|2
|
|-heal|p2a: Kingambit|91/100|[from] item: Leftovers
|upkeep
|turn|17
|
|t:|1769373047
|-end|p2a: Kingambit|fallen1|[silent]
|switch|p2a: Whimsicott|Whimsicott, M|100/100
|move|p1a: Landorus|U-turn|p2a: Whimsicott
|-damage|p2a: Whimsicott|76/100
|
|t:|1769373050
|switch|p1a: Pelipper|Pelipper, F|100/100|[from] U-turn
|-weather|RainDance|[from] ability: Drizzle|[of] p1a: Pelipper
|
|-weather|RainDance|[upkeep]
|upkeep
|turn|18
|
|t:|1769373052
|move|p2a: Whimsicott|Moonblast|p1a: Pelipper
|-damage|p1a: Pelipper|29/100
|-unboost|p1a: Pelipper|spa|1
|move|p1a: Pelipper|Hurricane|p2a: Whimsicott
|-supereffective|p2a: Whimsicott
|-damage|p2a: Whimsicott|6/100
|
|-weather|RainDance|[upkeep]
|upkeep
|turn|19
|c|☆blockayethe1st|you've gotta be shitting me
|
|t:|1769373064
|switch|p1a: Landorus|Landorus-Therian, M|100/100
|-ability|p1a: Landorus|Intimidate|boost
|-unboost|p2a: Whimsicott|atk|1
|move|p2a: Whimsicott|Moonblast|p1a: Landorus
|-damage|p1a: Landorus|38/100
|
|-weather|RainDance|[upkeep]
|upkeep
|turn|20
|
|t:|1769373084
|move|p2a: Whimsicott|Moonblast|p1a: Landorus
|-damage|p1a: Landorus|0 fnt
|faint|p1a: Landorus
|
|-weather|RainDance|[upkeep]
|upkeep
|
|t:|1769373087
|switch|p1a: Ogerpon|Ogerpon-Wellspring, F|100/100
|turn|21
|
|t:|1769373090
|move|p2a: Whimsicott|Moonblast|p1a: Ogerpon
|-crit|p1a: Ogerpon
|-damage|p1a: Ogerpon|15/100
|move|p1a: Ogerpon|Trailblaze|p2a: Whimsicott
|-resisted|p2a: Whimsicott
|-damage|p2a: Whimsicott|0 fnt
|-boost|p1a: Ogerpon|spe|1
|faint|p2a: Whimsicott
|
|-weather|RainDance|[upkeep]
|upkeep
|
|t:|1769373094
|switch|p2a: Dragapult|Dragapult, M|100/100
|turn|22
|c|☆blockayethe1st|oh my god man
|
|t:|1769373097
|move|p2a: Dragapult|U-turn|p1a: Ogerpon
|-supereffective|p1a: Ogerpon
|-damage|p1a: Ogerpon|0 fnt
|faint|p1a: Ogerpon
|
|t:|1769373100
|switch|p2a: Greninja|Greninja, M, shiny|100/100|[from] U-turn
|
|-weather|RainDance|[upkeep]
|upkeep
|c|☆blockayethe1st|what the actual fuck is going on
|c|☆blockayethe1st|scarf t wave pult
|
|t:|1769373115
|switch|p1a: Kingambit|Kingambit, F|100/100
|-activate|p1a: Kingambit|ability: Supreme Overlord
|-start|p1a: Kingambit|fallen4|[silent]
|turn|23
|
|t:|1769373120
|move|p2a: Greninja|Surf|p1a: Kingambit
|-start|p2a: Greninja|typechange|Water|[from] ability: Protean
|-damage|p1a: Kingambit|21/100
|-damage|p2a: Greninja|91/100|[from] item: Life Orb
|move|p1a: Kingambit|Kowtow Cleave|p2a: Greninja
|-damage|p2a: Greninja|0 fnt
|faint|p2a: Greninja
|
|-weather|RainDance|[upkeep]
|-heal|p1a: Kingambit|27/100|[from] item: Leftovers
|upkeep
|
|t:|1769373125
|switch|p2a: Kingambit|Kingambit, M|91/100
|-activate|p2a: Kingambit|ability: Supreme Overlord
|-start|p2a: Kingambit|fallen3|[silent]
|turn|24
|
|t:|1769373129
|move|p2a: Kingambit|Kowtow Cleave|p1a: Kingambit
|-resisted|p1a: Kingambit
|-damage|p1a: Kingambit|4/100
|move|p1a: Kingambit|Swords Dance|p1a: Kingambit
|-boost|p1a: Kingambit|atk|2
|
|-weather|none
|-heal|p2a: Kingambit|97/100|[from] item: Leftovers
|-heal|p1a: Kingambit|11/100|[from] item: Leftovers
|upkeep
|turn|25
|-message|blockayethe1st forfeited.
|
|win|106abd
|raw|blockayethe1st's rating: 1305 &rarr; <strong>1286</strong><br />(-19 for losing)
|raw|106abd's rating: 1325 &rarr; <strong>1344</strong><br />(+19 for winning)
|l|☆blockayethe1st
|player|p1|
