|j|☆c.qibli
|j|☆Laviii
|t:|1769442465
|gametype|singles
|player|p1|c.qibli|emmet|1074
|player|p2|Laviii|bellelba|1080
|gen|9
|tier|[Gen 9] OU
|rated|
|rule|HP Percentage Mod: HP is shown in percentages
|rule|Endless Battle Clause: Forcing endless battles is banned
|rule|Species Clause: Limit one of each Pokémon
|rule|OHKO Clause: OHKO moves are banned
|rule|Evasion Items Clause: Evasion items are banned
|rule|Evasion Moves Clause: Evasion moves are banned
|rule|Evasion Abilities Clause: Evasion abilities are banned
|rule|Sleep Moves Clause: Sleep-inducing moves are banned
|clearpoke
|poke|p1|Darkrai|
|poke|p1|Deoxys-Speed|
|poke|p1|Iron Treads|
|poke|p1|Landorus-Therian, M|
|poke|p1|Kyurem|
|poke|p1|Gholdengo|
|poke|p2|Iron Crown|
|poke|p2|Samurott-Hisui, M|
|poke|p2|Zapdos|
|poke|p2|Dragapult, M|
|poke|p2|Great Tusk|
|poke|p2|Iron Boulder|
|teampreview
|inactive|Battle timer is ON: inactive players will automatically lose when time's up. (requested by Laviii)
|j| venomania
|
|t:|1769442482
|teamsize|p1|6
|teamsize|p2|6
|start
|switch|p1a: Deoxys|Deoxys-Speed|100/100
|switch|p2a: Pump It|Great Tusk|100/100
|-ability|p1a: Deoxys|Pressure
|turn|1
|
|t:|1769442490
|-end|p2a: Pump It|Protosynthesis|[silent]
|switch|p2a: Mindreader|Iron Crown|100/100
|move|p1a: Deoxys|Knock Off|p2a: Mindreader
|-supereffective|p2a: Mindreader
|-damage|p2a: Mindreader|55/100
|-enditem|p2a: Mindreader|Choice Specs|[from] move: Knock Off|[of] p1a: Deoxys
|
|upkeep
|turn|2
|
|t:|1769442495
|move|p1a: Deoxys|Thunder Wave|p2a: Mindreader
|-status|p2a: Mindreader|par
|move|p2a: Mindreader|Tachyon Cutter|p1a: Deoxys
|-damage|p1a: Deoxys|67/100
|-damage|p1a: Deoxys|36/100
|-hitcount|p1a: Deoxys|2
|
|-heal|p1a: Deoxys|42/100|[from] item: Leftovers
|upkeep
|turn|3
|
|t:|1769442505
|move|p1a: Deoxys|Stealth Rock|p2a: Mindreader
|-sidestart|p2: Laviii|move: Stealth Rock
|cant|p2a: Mindreader|par
|
|-heal|p1a: Deoxys|48/100|[from] item: Leftovers
|upkeep
|turn|4
|
|t:|1769442509
|move|p1a: Deoxys|Spikes|p2a: Mindreader
|-sidestart|p2: Laviii|Spikes
|move|p2a: Mindreader|Tachyon Cutter|p1a: Deoxys
|-damage|p1a: Deoxys|19/100
|-damage|p1a: Deoxys|0 fnt
|faint|p1a: Deoxys
|-hitcount|p1: Deoxys|2
|
|upkeep
|
|t:|1769442522
|switch|p1a: Kyurem|Kyurem|100/100
|-ability|p1a: Kyurem|Pressure
|turn|5
|
|t:|1769442525
|move|p1a: Kyurem|Substitute|p1a: Kyurem
|-start|p1a: Kyurem|Substitute
|-damage|p1a: Kyurem|76/100
|move|p2a: Mindreader|Focus Blast|p1a: Kyurem
|-supereffective|p1a: Kyurem
|-end|p1a: Kyurem|Substitute
|
|-heal|p1a: Kyurem|82/100|[from] item: Leftovers
|upkeep
|turn|6
|
|t:|1769442531
|move|p1a: Kyurem|Substitute|p1a: Kyurem
|-start|p1a: Kyurem|Substitute
|-damage|p1a: Kyurem|57/100
|move|p2a: Mindreader|Focus Blast|p1a: Kyurem
|-supereffective|p1a: Kyurem
|-end|p1a: Kyurem|Substitute
|
|-heal|p1a: Kyurem|63/100|[from] item: Leftovers
|upkeep
|turn|7
|
|t:|1769442534
|move|p1a: Kyurem|Substitute|p1a: Kyurem
|-start|p1a: Kyurem|Substitute
|-damage|p1a: Kyurem|38/100
|move|p2a: Mindreader|Tachyon Cutter|p1a: Kyurem
|-supereffective|p1a: Kyurem
|-end|p1a: Kyurem|Substitute
|-supereffective|p1a: Kyurem
|-damage|p1a: Kyurem|0 fnt
|faint|p1a: Kyurem
|-hitcount|p1: Kyurem|2
|
|upkeep
|
|t:|1769442544
|switch|p1a: Gholdengo|Gholdengo|100/100
|turn|8
|
|t:|1769442550
|move|p1a: Gholdengo|Shadow Ball|p2a: Mindreader
|-supereffective|p2a: Mindreader
|-damage|p2a: Mindreader|0 fnt
|faint|p2a: Mindreader
|-end|p2a: Mindreader|Quark Drive|[silent]
|
|upkeep
|
|t:|1769442556
|switch|p2a: Pump It|Great Tusk|100/100
|turn|9
|
|t:|1769442569
|move|p2a: Pump It|Ice Spinner|p1a: Gholdengo
|-resisted|p1a: Gholdengo
|-damage|p1a: Gholdengo|85/100
|move|p1a: Gholdengo|Shadow Ball|p2a: Pump It
|-damage|p2a: Pump It|38/100
|
|upkeep
|turn|10
|
|t:|1769442574
|move|p2a: Pump It|Headlong Rush|p1a: Gholdengo
|-supereffective|p1a: Gholdengo
|-damage|p1a: Gholdengo|0 fnt
|-unboost|p2a: Pump It|def|1
|-unboost|p2a: Pump It|spd|1
|faint|p1a: Gholdengo
|
|upkeep
|
|t:|1769442580
|switch|p1a: Darkrai|Darkrai|100/100
|turn|11
|
|t:|1769442589
|move|p1a: Darkrai|Dark Pulse|p2a: Pump It
|-resisted|p2a: Pump It
|-damage|p2a: Pump It|0 fnt
|faint|p2a: Pump It
|-end|p2a: Pump It|Protosynthesis|[silent]
|
|upkeep
|
|t:|1769442592
|switch|p2a: Revery|Iron Boulder|100/100
|-damage|p2a: Revery|88/100|[from] Stealth Rock
|-damage|p2a: Revery|76/100|[from] Spikes
|-enditem|p2a: Revery|Booster Energy
|-activate|p2a: Revery|ability: Quark Drive|[fromitem]
|-start|p2a: Revery|quarkdrivespe
|turn|12
|
|t:|1769442600
|switch|p1a: Landorus|Landorus-Therian, M|100/100
|-ability|p1a: Landorus|Intimidate|boost
|-unboost|p2a: Revery|atk|1
|move|p2a: Revery|Close Combat|p1a: Landorus
|-resisted|p1a: Landorus
|-damage|p1a: Landorus|86/100
|-unboost|p2a: Revery|def|1
|-unboost|p2a: Revery|spd|1
|-damage|p2a: Revery|59/100|[from] item: Rocky Helmet|[of] p1a: Landorus
|
|upkeep
|turn|13
|
|t:|1769442616
|-end|p2a: Revery|Quark Drive|[silent]
|switch|p2a: Everytime We Touch|Samurott-Hisui, M|100/100
|-damage|p2a: Everytime We Touch|88/100|[from] Stealth Rock
|-damage|p2a: Everytime We Touch|76/100|[from] Spikes
|move|p1a: Landorus|Swords Dance|p1a: Landorus
|-boost|p1a: Landorus|atk|2
|
|upkeep
|turn|14
|
|t:|1769442622
|move|p2a: Everytime We Touch|Razor Shell|p1a: Landorus
|-supereffective|p1a: Landorus
|-damage|p1a: Landorus|0 fnt
|-damage|p2a: Everytime We Touch|59/100|[from] item: Rocky Helmet|[of] p1a: Landorus
|faint|p1a: Landorus
|
|upkeep
|
|t:|1769442632
|switch|p1a: Darkrai|Darkrai|100/100
|turn|15
|
|t:|1769442639
|move|p2a: Everytime We Touch|Razor Shell|p1a: Darkrai
|-damage|p1a: Darkrai|30/100
|move|p1a: Darkrai|Sludge Bomb|p2a: Everytime We Touch
|-damage|p2a: Everytime We Touch|0 fnt
|faint|p2a: Everytime We Touch
|
|upkeep
|
|t:|1769442644
|switch|p2a: Hurikan|Zapdos|100/100
|turn|16
|
|t:|1769442650
|switch|p1a: Iron Treads|Iron Treads|100/100
|move|p2a: Hurikan|Hurricane|p1a: Iron Treads
|-resisted|p1a: Iron Treads
|-damage|p1a: Iron Treads|69/100
|-start|p1a: Iron Treads|confusion
|
|-heal|p1a: Iron Treads|75/100|[from] item: Leftovers
|upkeep
|turn|17
|
|t:|1769442675
|switch|p2a: Parasite|Dragapult, M|100/100
|-damage|p2a: Parasite|88/100|[from] Stealth Rock
|-damage|p2a: Parasite|76/100|[from] Spikes
|-activate|p1a: Iron Treads|confusion
|move|p1a: Iron Treads|Rapid Spin|p2a: Parasite
|-immune|p2a: Parasite
|
|-heal|p1a: Iron Treads|81/100|[from] item: Leftovers
|upkeep
|turn|18
|l| venomania
|
|t:|1769442687
|-terastallize|p2a: Parasite|Ghost
|move|p2a: Parasite|Tera Blast|p1a: Iron Treads|[anim] Tera Blast Ghost
|-damage|p1a: Iron Treads|26/100
|-activate|p1a: Iron Treads|confusion
|move|p1a: Iron Treads|Ice Spinner|p2a: Parasite
|-damage|p2a: Parasite|42/100
|
|-heal|p1a: Iron Treads|32/100|[from] item: Leftovers
|upkeep
|turn|19
|
|t:|1769442693
|move|p2a: Parasite|Tera Blast|p1a: Iron Treads|[anim] Tera Blast Ghost
|-damage|p1a: Iron Treads|0 fnt
|faint|p1a: Iron Treads
|-end|p1a: Iron Treads|Quark Drive|[silent]
|
|upkeep
|
|t:|1769442695
|switch|p1a: Darkrai|Darkrai|30/100
|turn|20
|
|t:|1769442702
|switch|p2a: Hurikan|Zapdos|100/100
|move|p1a: Darkrai|Dark Pulse|p2a: Hurikan
|-damage|p2a: Hurikan|38/100
|
|upkeep
|turn|21
|
|t:|1769442707
|move|p1a: Darkrai|Dark Pulse|p2a: Hurikan
|-damage|p2a: Hurikan|0 fnt
|faint|p2a: Hurikan
|
|upkeep
|
|t:|1769442712
|switch|p2a: Revery|Iron Boulder|59/100
|-damage|p2a: Revery|47/100|[from] Stealth Rock
|-damage|p2a: Revery|34/100|[from] Spikes
|turn|22
|
|t:|1769442716
|move|p1a: Darkrai|Dark Pulse|p2a: Revery
|-supereffective|p2a: Revery
|-damage|p2a: Revery|0 fnt
|faint|p2a: Revery
|-end|p2a: Revery|Quark Drive|[silent]
|
|upkeep
|
|t:|1769442718
|switch|p2a: Parasite|Dragapult, M, tera:Ghost|42/100
|-damage|p2a: Parasite|30/100|[from] Stealth Rock
|-damage|p2a: Parasite|18/100|[from] Spikes
|turn|23
|
|t:|1769442719
|move|p2a: Parasite|Sucker Punch|p1a: Darkrai
|-resisted|p1a: Darkrai
|-damage|p1a: Darkrai|7/100
|move|p1a: Darkrai|Dark Pulse|p2a: Parasite
|-supereffective|p2a: Parasite
|-damage|p2a: Parasite|0 fnt
|faint|p2a: Parasite
|
|win|c.qibli
|raw|c.qibli's rating: 1074 &rarr; <strong>1103</strong><br />(+29 for winning)
|raw|Laviii's rating: 1080 &rarr; <strong>1058</strong><br />(-22 for losing)
