|j|☆Jellyfish licker
|j|☆CodeNumber_Beta
|t:|1769327809
|gametype|singles
|player|p1|Jellyfish licker|flannery|1421
|player|p2|CodeNumber_Beta|1|1511
|gen|9
|tier|[Gen 9] OU
|rated|
|rule|HP Percentage Mod: HP is shown in percentages
|rule|Endless Battle Clause: Forcing endless battles is banned
|rule|Species Clause: Limit one of each Pokémon
|rule|OHKO Clause: OHKO moves are banned
|rule|Evasion Items Clause: Evasion items are banned
|rule|Evasion Moves Clause: Evasion moves are banned
|rule|Evasion Abilities Clause: Evasion abilities are banned
|rule|Sleep Moves Clause: Sleep-inducing moves are banned
|clearpoke
|poke|p1|Garchomp, M|
|poke|p1|Hoopa-Unbound|
|poke|p1|Slowking-Galar, M|
|poke|p1|Gholdengo|
|poke|p1|Alomomola, F|
|poke|p1|Darkrai|
|poke|p2|Araquanid, M|
|poke|p2|Gholdengo|
|poke|p2|Great Tusk|
|poke|p2|Samurott-Hisui, M|
|poke|p2|Iron Moth|
|poke|p2|Corviknight, M|
|teampreview
|inactive|Battle timer is ON: inactive players will automatically lose when time's up. (requested by Jellyfish licker)
|
|t:|1769327820
|teamsize|p1|6
|teamsize|p2|6
|start
|switch|p1a: Garchomp|Garchomp, M|100/100
|switch|p2a: Araquanid|Araquanid, M|100/100
|turn|1
|
|t:|1769327831
|move|p1a: Garchomp|Stealth Rock|p2a: Araquanid
|-sidestart|p2: CodeNumber_Beta|move: Stealth Rock
|move|p2a: Araquanid|Sticky Web|p1a: Garchomp
|-sidestart|p1: Jellyfish licker|move: Sticky Web
|
|upkeep
|turn|2
|
|t:|1769327838
|move|p1a: Garchomp|Spikes|p2a: Araquanid
|-sidestart|p2: CodeNumber_Beta|Spikes
|move|p2a: Araquanid|Surf|p1a: Garchomp
|-damage|p1a: Garchomp|66/100
|
|upkeep
|turn|3
|
|t:|1769327843
|move|p1a: Garchomp|Spikes|p2a: Araquanid
|-sidestart|p2: CodeNumber_Beta|Spikes
|move|p2a: Araquanid|Surf|p1a: Garchomp
|-damage|p1a: Garchomp|33/100
|
|upkeep
|turn|4
|
|t:|1769327854
|switch|p1a: Hoopa|Hoopa-Unbound|100/100
|-activate|p1a: Hoopa|move: Sticky Web
|-unboost|p1a: Hoopa|spe|1
|move|p2a: Araquanid|Surf|p1a: Hoopa
|-damage|p1a: Hoopa|82/100
|
|upkeep
|turn|5
|
|t:|1769327862
|move|p1a: Hoopa|Thunderbolt|p2a: Araquanid
|-supereffective|p2a: Araquanid
|-damage|p2a: Araquanid|54/100
|move|p2a: Araquanid|Endeavor|p1a: Hoopa
|-damage|p1a: Hoopa|50/100
|
|upkeep
|turn|6
|
|t:|1769327869
|switch|p2a: Great Tusk|Great Tusk|100/100
|move|p1a: Hoopa|Knock Off|p2a: Great Tusk
|-resisted|p2a: Great Tusk
|-damage|p2a: Great Tusk|84/100
|-enditem|p2a: Great Tusk|Heavy-Duty Boots|[from] move: Knock Off|[of] p1a: Hoopa
|
|upkeep
|turn|7
|
|t:|1769327884
|switch|p1a: Gholdengo|Gholdengo|100/100
|-item|p1a: Gholdengo|Air Balloon
|move|p2a: Great Tusk|Ice Spinner|p1a: Gholdengo
|-resisted|p1a: Gholdengo
|-damage|p1a: Gholdengo|90/100
|-enditem|p1a: Gholdengo|Air Balloon
|
|upkeep
|turn|8
|
|t:|1769327899
|-end|p2a: Great Tusk|Protosynthesis|[silent]
|switch|p2a: Corviknight|Corviknight, M|100/100
|-damage|p2a: Corviknight|88/100|[from] Stealth Rock
|-ability|p2a: Corviknight|Pressure
|-terastallize|p1a: Gholdengo|Fairy
|move|p1a: Gholdengo|Make It Rain|p2a: Corviknight
|-resisted|p2a: Corviknight
|-damage|p2a: Corviknight|63/100
|-unboost|p1a: Gholdengo|spa|1
|
|-heal|p2a: Corviknight|69/100|[from] item: Leftovers
|upkeep
|turn|9
|
|t:|1769327904
|move|p1a: Gholdengo|Nasty Plot|p1a: Gholdengo
|-boost|p1a: Gholdengo|spa|2
|move|p2a: Corviknight|U-turn|p1a: Gholdengo
|-resisted|p1a: Gholdengo
|-damage|p1a: Gholdengo|86/100
|j| nitroLazer120
|
|t:|1769327908
|switch|p2a: Iron Moth|Iron Moth|100/100|[from] U-turn
|-damage|p2a: Iron Moth|76/100|[from] Stealth Rock
|-damage|p2a: Iron Moth|59/100|[from] Spikes
|
|upkeep
|turn|10
|
|t:|1769327919
|switch|p1a: Slowking|Slowking-Galar, M|100/100
|-terastallize|p2a: Iron Moth|Fire
|move|p2a: Iron Moth|Flamethrower|p1a: Slowking
|-damage|p1a: Slowking|39/100
|
|upkeep
|turn|11
|
|t:|1769327929
|switch|p1a: Alomomola|Alomomola, F|100/100
|move|p2a: Iron Moth|Flamethrower|p1a: Alomomola
|-resisted|p1a: Alomomola
|-damage|p1a: Alomomola|39/100
|
|upkeep
|turn|12
|
|t:|1769327943
|switch|p1a: Garchomp|Garchomp, M|33/100
|-activate|p1a: Garchomp|move: Sticky Web
|-unboost|p1a: Garchomp|spe|1
|move|p2a: Iron Moth|Flamethrower|p1a: Garchomp
|-resisted|p1a: Garchomp
|-damage|p1a: Garchomp|0 fnt
|faint|p1a: Garchomp
|
|upkeep
|
|t:|1769327944
|switch|p1a: Darkrai|Darkrai|100/100
|turn|13
|
|t:|1769327949
|move|p1a: Darkrai|Dark Pulse|p2a: Iron Moth
|-damage|p2a: Iron Moth|10/100
|move|p2a: Iron Moth|Flamethrower|p1a: Darkrai
|-damage|p1a: Darkrai|0 fnt
|faint|p1a: Darkrai
|
|upkeep
|-message|Jellyfish licker forfeited.
|
|win|CodeNumber_Beta
|raw|Jellyfish licker's rating: 1421 &rarr; <strong>1406</strong><br />(-15 for losing)
|raw|CodeNumber_Beta's rating: 1511 &rarr; <strong>1526</strong><br />(+15 for winning)
|l|☆Jellyfish licker
|player|p1|
