|j|☆SquilliamTG
|j|☆Versalius
|t:|1769409248
|gametype|singles
|player|p1|SquilliamTG|silver|1568
|player|p2|Versalius|1|1675
|gen|9
|tier|[Gen 9] OU
|rated|
|rule|HP Percentage Mod: HP is shown in percentages
|rule|Endless Battle Clause: Forcing endless battles is banned
|rule|Species Clause: Limit one of each Pokémon
|rule|OHKO Clause: OHKO moves are banned
|rule|Evasion Items Clause: Evasion items are banned
|rule|Evasion Moves Clause: Evasion moves are banned
|rule|Evasion Abilities Clause: Evasion abilities are banned
|rule|Sleep Moves Clause: Sleep-inducing moves are banned
|clearpoke
|poke|p1|Great Tusk|
|poke|p1|Magnezone|
|poke|p1|Slowking-Galar, M|
|poke|p1|Dragonite, M|
|poke|p1|Alomomola, M|
|poke|p1|Zamazenta-*|
|poke|p2|Ting-Lu|
|poke|p2|Dragapult, M|
|poke|p2|Cinderace, F|
|poke|p2|Meowscarada, M|
|poke|p2|Corviknight, F|
|poke|p2|Raging Bolt|
|teampreview
|inactive|Battle timer is ON: inactive players will automatically lose when time's up. (requested by Versalius)
|inactive|SquilliamTG also wants the timer to be on.
|
|t:|1769409262
|teamsize|p1|6
|teamsize|p2|6
|start
|switch|p1a: Zamazenta|Zamazenta|100/100
|switch|p2a: Meowscarada|Meowscarada, M|100/100
|-ability|p1a: Zamazenta|Dauntless Shield|boost
|-boost|p1a: Zamazenta|def|1
|turn|1
|
|t:|1769409272
|move|p2a: Meowscarada|Trick|p1a: Zamazenta
|-start|p2a: Meowscarada|typechange|Psychic|[from] ability: Protean
|-activate|p2a: Meowscarada|move: Trick|[of] p1a: Zamazenta
|-item|p1a: Zamazenta|Choice Scarf|[from] move: Trick
|-item|p2a: Meowscarada|Choice Band|[from] move: Trick
|move|p1a: Zamazenta|Close Combat|p2a: Meowscarada
|-resisted|p2a: Meowscarada
|-crit|p2a: Meowscarada
|-damage|p2a: Meowscarada|32/100
|-unboost|p1a: Zamazenta|def|1
|-unboost|p1a: Zamazenta|spd|1
|
|upkeep
|turn|2
|
|t:|1769409283
|switch|p1a: Magnezone|Magnezone|100/100
|switch|p2a: Dragapult|Dragapult, M|100/100
|
|upkeep
|turn|3
|
|t:|1769409288
|move|p2a: Dragapult|Shadow Ball|p1a: Magnezone
|-damage|p1a: Magnezone|23/100
|move|p1a: Magnezone|Flash Cannon|p2a: Dragapult
|-damage|p2a: Dragapult|20/100
|
|upkeep
|turn|4
|
|t:|1769409294
|switch|p1a: Dragonite|Dragonite, M|100/100
|move|p2a: Dragapult|Shadow Ball|p1a: Dragonite
|-damage|p1a: Dragonite|72/100
|
|upkeep
|turn|5
|
|t:|1769409305
|switch|p2a: Corviknight|Corviknight, F|100/100
|-ability|p2a: Corviknight|Pressure
|switch|p1a: Magnezone|Magnezone|23/100
|
|upkeep
|turn|6
|j| WhatColorIsThis?
|
|t:|1769409318
|-terastallize|p2a: Corviknight|Dragon
|move|p1a: Magnezone|Thunderbolt|p2a: Corviknight
|-resisted|p2a: Corviknight
|-damage|p2a: Corviknight|64/100
|move|p2a: Corviknight|Body Press|p1a: Magnezone
|-supereffective|p1a: Magnezone
|-damage|p1a: Magnezone|0 fnt
|faint|p1a: Magnezone
|
|upkeep
|
|t:|1769409327
|switch|p1a: Dragonite|Dragonite, M|72/100
|turn|7
|
|t:|1769409336
|switch|p2a: Ting-Lu|Ting-Lu|100/100
|-ability|p2a: Ting-Lu|Vessel of Ruin
|move|p1a: Dragonite|Dragon Dance|p1a: Dragonite
|-boost|p1a: Dragonite|atk|1
|-boost|p1a: Dragonite|spe|1
|
|upkeep
|turn|8
|
|t:|1769409343
|move|p1a: Dragonite|Earthquake|p2a: Ting-Lu
|-damage|p2a: Ting-Lu|69/100
|move|p2a: Ting-Lu|Whirlwind|p1a: Dragonite
|drag|p1a: Zamazenta|Zamazenta|100/100
|
|-heal|p2a: Ting-Lu|75/100|[from] item: Leftovers
|upkeep
|turn|9
|
|t:|1769409350
|switch|p1a: Dragonite|Dragonite, M|72/100
|switch|p2a: Corviknight|Corviknight, F, tera:Dragon|64/100
|-ability|p2a: Corviknight|Pressure
|
|upkeep
|turn|10
|
|t:|1769409356
|move|p1a: Dragonite|Dragon Dance|p1a: Dragonite
|-boost|p1a: Dragonite|atk|1
|-boost|p1a: Dragonite|spe|1
|move|p2a: Corviknight|Iron Defense|p2a: Corviknight
|-boost|p2a: Corviknight|def|2
|
|upkeep
|turn|11
|
|t:|1769409365
|switch|p2a: Meowscarada|Meowscarada, M|32/100
|move|p1a: Dragonite|Encore||[still]
|-fail|p1a: Dragonite
|
|upkeep
|turn|12
|
|t:|1769409370
|move|p1a: Dragonite|Earthquake|p2a: Meowscarada
|-resisted|p2a: Meowscarada
|-damage|p2a: Meowscarada|0 fnt
|faint|p2a: Meowscarada
|
|upkeep
|
|t:|1769409380
|switch|p2a: Raging Bolt|Raging Bolt|100/100
|-enditem|p2a: Raging Bolt|Booster Energy
|-activate|p2a: Raging Bolt|ability: Protosynthesis|[fromitem]
|-start|p2a: Raging Bolt|protosynthesisspa
|turn|13
|
|t:|1769409386
|-terastallize|p1a: Dragonite|Normal
|move|p1a: Dragonite|Extreme Speed|p2a: Raging Bolt
|-damage|p2a: Raging Bolt|44/100
|move|p2a: Raging Bolt|Dragon Pulse|p1a: Dragonite
|-damage|p1a: Dragonite|0 fnt
|faint|p1a: Dragonite
|
|upkeep
|
|t:|1769409397
|switch|p1a: Great Tusk|Great Tusk|100/100
|turn|14
|
|t:|1769409401
|-end|p2a: Raging Bolt|Protosynthesis|[silent]
|switch|p2a: Corviknight|Corviknight, F, tera:Dragon|64/100
|-ability|p2a: Corviknight|Pressure
|move|p1a: Great Tusk|Headlong Rush|p2a: Corviknight
|-damage|p2a: Corviknight|24/100
|-unboost|p1a: Great Tusk|def|1
|-unboost|p1a: Great Tusk|spd|1
|-damage|p1a: Great Tusk|84/100|[from] item: Rocky Helmet|[of] p2a: Corviknight
|
|upkeep
|turn|15
|
|t:|1769409416
|move|p1a: Great Tusk|Ice Spinner|p2a: Corviknight
|-supereffective|p2a: Corviknight
|-damage|p2a: Corviknight|0 fnt
|-damage|p1a: Great Tusk|68/100|[from] item: Rocky Helmet|[of] p2a: Corviknight
|faint|p2a: Corviknight
|
|upkeep
|
|t:|1769409418
|switch|p2a: Dragapult|Dragapult, M|20/100
|turn|16
|
|t:|1769409432
|-end|p1a: Great Tusk|Protosynthesis|[silent]
|switch|p1a: Slowking|Slowking-Galar, M|100/100
|move|p2a: Dragapult|Shadow Ball|p1a: Slowking
|-supereffective|p1a: Slowking
|-damage|p1a: Slowking|35/100
|
|upkeep
|turn|17
|
|t:|1769409438
|move|p2a: Dragapult|Shadow Ball|p1a: Slowking
|-supereffective|p1a: Slowking
|-damage|p1a: Slowking|0 fnt
|faint|p1a: Slowking
|
|upkeep
|
|t:|1769409443
|switch|p1a: Zamazenta|Zamazenta|100/100
|turn|18
|
|t:|1769409457
|switch|p2a: Raging Bolt|Raging Bolt|44/100
|move|p1a: Zamazenta|Close Combat|p2a: Raging Bolt
|-damage|p2a: Raging Bolt|0 fnt
|-unboost|p1a: Zamazenta|def|1
|-unboost|p1a: Zamazenta|spd|1
|faint|p2a: Raging Bolt
|-end|p2a: Raging Bolt|Protosynthesis|[silent]
|
|upkeep
|
|t:|1769409461
|switch|p2a: Dragapult|Dragapult, M|20/100
|turn|19
|
|t:|1769409468
|switch|p1a: Great Tusk|Great Tusk|68/100
|move|p2a: Dragapult|Shadow Ball|p1a: Great Tusk
|-damage|p1a: Great Tusk|0 fnt
|faint|p1a: Great Tusk
|-end|p1a: Great Tusk|Protosynthesis|[silent]
|
|upkeep
|
|t:|1769409477
|switch|p1a: Zamazenta|Zamazenta|100/100
|turn|20
|
|t:|1769409482
|switch|p2a: Ting-Lu|Ting-Lu|75/100
|-ability|p2a: Ting-Lu|Vessel of Ruin
|move|p1a: Zamazenta|Ice Fang|p2a: Ting-Lu
|-supereffective|p2a: Ting-Lu
|-crit|p2a: Ting-Lu
|-damage|p2a: Ting-Lu|40/100
|
|-heal|p2a: Ting-Lu|47/100|[from] item: Leftovers
|upkeep
|turn|21
|
|t:|1769409492
|switch|p2a: Cinderace|Cinderace, F|100/100
|move|p1a: Zamazenta|Ice Fang|p2a: Cinderace
|-resisted|p2a: Cinderace
|-damage|p2a: Cinderace|86/100
|
|upkeep
|turn|22
|
|t:|1769409498
|switch|p1a: Alomomola|Alomomola, M|100/100
|move|p2a: Cinderace|Gunk Shot|p1a: Alomomola
|-start|p2a: Cinderace|typechange|Poison|[from] ability: Libero
|-damage|p1a: Alomomola|71/100
|-status|p1a: Alomomola|psn
|
|-damage|p1a: Alomomola|59/100 psn|[from] psn
|upkeep
|turn|23
|
|t:|1769409507
|move|p2a: Cinderace|Gunk Shot|p1a: Alomomola
|-damage|p1a: Alomomola|28/100 psn
|move|p1a: Alomomola|Flip Turn|p2a: Cinderace
|-damage|p2a: Cinderace|61/100
|
|t:|1769409513
|switch|p1a: Zamazenta|Zamazenta|100/100|[from] Flip Turn
|
|upkeep
|turn|24
|
|t:|1769409525
|switch|p1a: Alomomola|Alomomola, M|61/100 psn
|move|p2a: Cinderace|Gunk Shot|p1a: Alomomola|[miss]
|-miss|p2a: Cinderace|p1a: Alomomola
|
|-damage|p1a: Alomomola|49/100 psn|[from] psn
|upkeep
|turn|25
|
|t:|1769409531
|move|p2a: Cinderace|Gunk Shot|p1a: Alomomola
|-damage|p1a: Alomomola|17/100 psn
|move|p1a: Alomomola|Flip Turn|p2a: Cinderace
|-damage|p2a: Cinderace|36/100
|
|t:|1769409537
|switch|p1a: Zamazenta|Zamazenta|100/100|[from] Flip Turn
|
|upkeep
|turn|26
|
|t:|1769409542
|move|p1a: Zamazenta|Crunch|p2a: Cinderace
|-damage|p2a: Cinderace|1/100
|move|p2a: Cinderace|Gunk Shot|p1a: Zamazenta
|-damage|p1a: Zamazenta|43/100
|-status|p1a: Zamazenta|psn
|
|-damage|p1a: Zamazenta|31/100 psn|[from] psn
|upkeep
|turn|27
|
|t:|1769409551
|switch|p2a: Ting-Lu|Ting-Lu|47/100
|-ability|p2a: Ting-Lu|Vessel of Ruin
|move|p1a: Zamazenta|Crunch|p2a: Ting-Lu
|-resisted|p2a: Ting-Lu
|-damage|p2a: Ting-Lu|40/100
|
|-heal|p2a: Ting-Lu|46/100|[from] item: Leftovers
|-damage|p1a: Zamazenta|19/100 psn|[from] psn
|upkeep
|turn|28
|
|t:|1769409560
|switch|p1a: Alomomola|Alomomola, M|50/100 psn
|move|p2a: Ting-Lu|Earthquake|p1a: Alomomola
|-damage|p1a: Alomomola|30/100 psn
|
|-heal|p2a: Ting-Lu|52/100|[from] item: Leftovers
|-damage|p1a: Alomomola|17/100 psn|[from] psn
|upkeep
|turn|29
|
|t:|1769409570
|move|p1a: Alomomola|Scald|p2a: Ting-Lu
|-supereffective|p2a: Ting-Lu
|-damage|p2a: Ting-Lu|43/100
|move|p2a: Ting-Lu|Earthquake|p1a: Alomomola
|-damage|p1a: Alomomola|0 fnt
|faint|p1a: Alomomola
|
|-heal|p2a: Ting-Lu|49/100|[from] item: Leftovers
|upkeep
|-message|SquilliamTG forfeited.
|
|win|Versalius
|raw|SquilliamTG's rating: 1568 &rarr; <strong>1554</strong><br />(-14 for losing)
|raw|Versalius's rating: 1675 &rarr; <strong>1689</strong><br />(+14 for winning)
|l|☆SquilliamTG
|player|p1|
|l| WhatColorIsThis?
|l|☆Versalius
|player|p2|
