|j|☆Derevien
|j|☆ric martel
|t:|1769300856
|gametype|singles
|player|p1|Derevien|pokemonbreederf-gen4|1501
|player|p2|ric martel|backpacker|1476
|gen|9
|tier|[Gen 9] OU
|rated|
|rule|HP Percentage Mod: HP is shown in percentages
|rule|Endless Battle Clause: Forcing endless battles is banned
|rule|Species Clause: Limit one of each Pokémon
|rule|OHKO Clause: OHKO moves are banned
|rule|Evasion Items Clause: Evasion items are banned
|rule|Evasion Moves Clause: Evasion moves are banned
|rule|Evasion Abilities Clause: Evasion abilities are banned
|rule|Sleep Moves Clause: Sleep-inducing moves are banned
|clearpoke
|poke|p1|Veluza, F|
|poke|p1|Indeedee, M|
|poke|p1|Polteageist|
|poke|p1|Hawlucha, F|
|poke|p1|Ting-Lu|
|poke|p1|Hatterene, F|
|poke|p2|Dragonite, M|
|poke|p2|Hatterene, F|
|poke|p2|Pecharunt|
|poke|p2|Great Tusk|
|poke|p2|Dragapult, F|
|poke|p2|Samurott-Hisui, F|
|teampreview
|
|t:|1769300874
|teamsize|p1|6
|teamsize|p2|6
|start
|switch|p1a: Hawlucha|Hawlucha, F, shiny|100/100
|switch|p2a: Pecharunt|Pecharunt|100/100
|turn|1
|
|t:|1769300885
|switch|p1a: Ting-Lu|Ting-Lu|100/100
|-ability|p1a: Ting-Lu|Vessel of Ruin
|move|p2a: Pecharunt|Malignant Chain|p1a: Ting-Lu
|-resisted|p1a: Ting-Lu
|-damage|p1a: Ting-Lu|94/100
|
|-heal|p1a: Ting-Lu|99/100|[from] item: Leftovers
|upkeep
|turn|2
|
|t:|1769300894
|switch|p2a: Hatterene|Hatterene, F|100/100
|move|p1a: Ting-Lu|Ruination|p2a: Hatterene
|-damage|p2a: Hatterene|50/100
|
|-heal|p1a: Ting-Lu|100/100|[from] item: Leftovers
|upkeep
|turn|3
|
|t:|1769300900
|move|p1a: Ting-Lu|Earthquake|p2a: Hatterene
|-damage|p2a: Hatterene|21/100
|move|p2a: Hatterene|Future Sight|p1a: Ting-Lu
|-start|p2a: Hatterene|move: Future Sight
|
|upkeep
|turn|4
|
|t:|1769300910
|switch|p2a: Samurott|Samurott-Hisui, F|100/100
|move|p1a: Ting-Lu|Earthquake|p2a: Samurott
|-damage|p2a: Samurott|50/100
|
|upkeep
|turn|5
|
|t:|1769300920
|move|p2a: Samurott|Flip Turn|p1a: Ting-Lu
|-supereffective|p1a: Ting-Lu
|-damage|p1a: Ting-Lu|70/100
|
|t:|1769300927
|switch|p2a: Great Tusk|Great Tusk|100/100|[from] Flip Turn
|move|p1a: Ting-Lu|Earthquake|p2a: Great Tusk
|-damage|p2a: Great Tusk|73/100
|
|-end|p1a: Ting-Lu|move: Future Sight
|-immune|p1a: Ting-Lu
|-heal|p1a: Ting-Lu|76/100|[from] item: Leftovers
|upkeep
|turn|6
|
|t:|1769300934
|move|p2a: Great Tusk|Stealth Rock|p1a: Ting-Lu
|-sidestart|p1: Derevien|move: Stealth Rock
|move|p1a: Ting-Lu|Ruination|p2a: Great Tusk|[miss]
|-miss|p1a: Ting-Lu|p2a: Great Tusk
|
|-heal|p1a: Ting-Lu|83/100|[from] item: Leftovers
|upkeep
|turn|7
|
|t:|1769300938
|move|p2a: Great Tusk|Ice Spinner|p1a: Ting-Lu
|-supereffective|p1a: Ting-Lu
|-damage|p1a: Ting-Lu|50/100
|move|p1a: Ting-Lu|Ruination|p2a: Great Tusk
|-damage|p2a: Great Tusk|37/100
|
|-heal|p1a: Ting-Lu|56/100|[from] item: Leftovers
|upkeep
|turn|8
|
|t:|1769300946
|move|p2a: Great Tusk|Ice Spinner|p1a: Ting-Lu
|-supereffective|p1a: Ting-Lu
|-damage|p1a: Ting-Lu|23/100
|move|p1a: Ting-Lu|Earthquake|p2a: Great Tusk
|-damage|p2a: Great Tusk|7/100
|
|-heal|p1a: Ting-Lu|30/100|[from] item: Leftovers
|upkeep
|turn|9
|
|t:|1769300955
|move|p2a: Great Tusk|Headlong Rush|p1a: Ting-Lu
|-crit|p1a: Ting-Lu
|-damage|p1a: Ting-Lu|0 fnt
|-unboost|p2a: Great Tusk|def|1
|-unboost|p2a: Great Tusk|spd|1
|faint|p1a: Ting-Lu
|
|upkeep
|
|t:|1769300958
|switch|p1a: Indeedee|Indeedee, M|100/100
|-damage|p1a: Indeedee|88/100|[from] Stealth Rock
|-fieldstart|move: Psychic Terrain|[from] ability: Psychic Surge|[of] p1a: Indeedee
|turn|10
|
|t:|1769300976
|switch|p1a: Hawlucha|Hawlucha, F, shiny|100/100
|-damage|p1a: Hawlucha|88/100|[from] Stealth Rock
|-enditem|p1a: Hawlucha|Psychic Seed
|-boost|p1a: Hawlucha|spd|1|[from] item: Psychic Seed
|-end|p2a: Great Tusk|Protosynthesis|[silent]
|switch|p2a: Hatterene|Hatterene, F|21/100
|
|upkeep
|turn|11
|
|t:|1769300985
|move|p1a: Hawlucha|Acrobatics|p2a: Hatterene
|-damage|p2a: Hatterene|0 fnt
|-damage|p1a: Hawlucha|72/100|[from] item: Rocky Helmet|[of] p2a: Hatterene
|faint|p2a: Hatterene
|
|upkeep
|
|t:|1769300988
|switch|p2a: Pecharunt|Pecharunt|100/100
|turn|12
|
|t:|1769300994
|move|p1a: Hawlucha|Swords Dance|p1a: Hawlucha
|-boost|p1a: Hawlucha|atk|2
|move|p2a: Pecharunt|Malignant Chain|p1a: Hawlucha
|-crit|p1a: Hawlucha
|-damage|p1a: Hawlucha|3/100
|-status|p1a: Hawlucha|tox
|-start|p1a: Hawlucha|confusion|[from] ability: Poison Puppeteer|[of] p2a: Pecharunt
|
|-damage|p1a: Hawlucha|0 fnt|[from] psn
|faint|p1a: Hawlucha
|upkeep
|
|t:|1769301004
|switch|p1a: Veluza|Veluza, F|100/100
|-damage|p1a: Veluza|88/100|[from] Stealth Rock
|turn|13
|
|t:|1769301042
|-terastallize|p2a: Pecharunt|Ghost
|move|p1a: Veluza|Psycho Cut|p2a: Pecharunt
|-crit|p2a: Pecharunt
|-damage|p2a: Pecharunt|56/100
|move|p2a: Pecharunt|Shadow Ball|p1a: Veluza
|-supereffective|p1a: Veluza
|-damage|p1a: Veluza|0 fnt
|faint|p1a: Veluza
|
|upkeep
|
|t:|1769301064
|switch|p1a: Indeedee|Indeedee, M|88/100
|-damage|p1a: Indeedee|76/100|[from] Stealth Rock
|turn|14
|
|t:|1769301070
|switch|p2a: Samurott|Samurott-Hisui, F|50/100
|move|p1a: Indeedee|Expanding Force|p2a: Samurott
|-immune|p2a: Samurott
|
|upkeep
|turn|15
|
|t:|1769301079
|move|p2a: Samurott|Ceaseless Edge|p1a: Indeedee
|-supereffective|p1a: Indeedee
|-damage|p1a: Indeedee|0 fnt
|-sidestart|p1: Derevien|Spikes
|faint|p1a: Indeedee
|
|upkeep
|
|t:|1769301086
|switch|p1a: Hatterene|Hatterene, F, shiny|100/100
|-damage|p1a: Hatterene|88/100|[from] Stealth Rock
|-damage|p1a: Hatterene|76/100|[from] Spikes
|turn|16
|
|t:|1769301093
|switch|p2a: Great Tusk|Great Tusk|7/100
|move|p1a: Hatterene|Draining Kiss|p2a: Great Tusk
|-supereffective|p2a: Great Tusk
|-damage|p2a: Great Tusk|0 fnt
|-heal|p1a: Hatterene|82/100|[from] drain|[of] p2a: Great Tusk
|faint|p2a: Great Tusk
|-end|p2a: Great Tusk|Protosynthesis|[silent]
|
|upkeep
|
|t:|1769301101
|switch|p2a: Dragapult|Dragapult, F|100/100
|turn|17
|
|t:|1769301113
|move|p2a: Dragapult|Shadow Ball|p1a: Hatterene
|-supereffective|p1a: Hatterene
|-damage|p1a: Hatterene|0 fnt
|faint|p1a: Hatterene
|
|-fieldend|move: Psychic Terrain
|upkeep
|
|t:|1769301115
|switch|p1a: Polteageist|Polteageist, shiny|100/100
|-damage|p1a: Polteageist|88/100|[from] Stealth Rock
|-damage|p1a: Polteageist|76/100|[from] Spikes
|turn|18
|
|t:|1769301120
|-terastallize|p1a: Polteageist|Fighting
|move|p2a: Dragapult|Shadow Ball|p1a: Polteageist
|-damage|p1a: Polteageist|20/100
|-unboost|p1a: Polteageist|spd|1
|move|p1a: Polteageist|Shell Smash|p1a: Polteageist
|-unboost|p1a: Polteageist|def|1
|-unboost|p1a: Polteageist|spd|1
|-boost|p1a: Polteageist|atk|2
|-boost|p1a: Polteageist|spa|2
|-boost|p1a: Polteageist|spe|2
|
|upkeep
|turn|19
|
|t:|1769301126
|move|p1a: Polteageist|Stored Power|p2a: Dragapult
|-damage|p2a: Dragapult|0 fnt
|faint|p2a: Dragapult
|
|upkeep
|
|t:|1769301128
|switch|p2a: Dragonite|Dragonite, M|100/100
|turn|20
|
|t:|1769301131
|move|p2a: Dragonite|Extreme Speed|p1a: Polteageist
|-damage|p1a: Polteageist|0 fnt
|faint|p1a: Polteageist
|
|win|ric martel
|raw|Derevien's rating: 1501 &rarr; <strong>1480</strong><br />(-21 for losing)
|raw|ric martel's rating: 1476 &rarr; <strong>1497</strong><br />(+21 for winning)
|l|☆Derevien
|player|p1|
