|j|☆sancorv1
|j|☆LFC Hatewatcher
|t:|1769381219
|gametype|singles
|player|p1|sancorv1|doctor|1503
|player|p2|LFC Hatewatcher|grimsley|1464
|gen|9
|tier|[Gen 9] OU
|rated|
|rule|HP Percentage Mod: HP is shown in percentages
|rule|Endless Battle Clause: Forcing endless battles is banned
|rule|Species Clause: Limit one of each Pokémon
|rule|OHKO Clause: OHKO moves are banned
|rule|Evasion Items Clause: Evasion items are banned
|rule|Evasion Moves Clause: Evasion moves are banned
|rule|Evasion Abilities Clause: Evasion abilities are banned
|rule|Sleep Moves Clause: Sleep-inducing moves are banned
|clearpoke
|poke|p1|Tyranitar, F|
|poke|p1|Excadrill, F|
|poke|p1|Tornadus-Therian, M|
|poke|p1|Kyurem|
|poke|p1|Alomomola, F|
|poke|p1|Great Tusk|
|poke|p2|Tinkaton, F|
|poke|p2|Ogerpon, F|
|poke|p2|Great Tusk|
|poke|p2|Pecharunt|
|poke|p2|Alomomola, M|
|poke|p2|Hydreigon, M|
|teampreview
|inactive|Battle timer is ON: inactive players will automatically lose when time's up. (requested by LFC Hatewatcher)
|
|t:|1769381233
|teamsize|p1|6
|teamsize|p2|6
|start
|switch|p1a: Tornadus|Tornadus-Therian, M|100/100
|switch|p2a: Smile.exe|Tinkaton, F, shiny|100/100
|-item|p2a: Smile.exe|Air Balloon
|turn|1
|
|t:|1769381239
|switch|p2a: Pisces|Alomomola, M, shiny|100/100
|move|p1a: Tornadus|Heat Wave|p2a: Pisces
|-resisted|p2a: Pisces
|-damage|p2a: Pisces|93/100
|
|upkeep
|turn|2
|
|t:|1769381264
|switch|p2a: Overseer|Pecharunt|100/100
|move|p1a: Tornadus|Nasty Plot|p1a: Tornadus
|-boost|p1a: Tornadus|spa|2
|
|upkeep
|turn|3
|
|t:|1769381275
|move|p1a: Tornadus|Bleakwind Storm|p2a: Overseer
|-damage|p2a: Overseer|5/100
|move|p2a: Overseer|Malignant Chain|p1a: Tornadus
|-damage|p1a: Tornadus|63/100
|
|upkeep
|turn|4
|
|t:|1769381283
|move|p1a: Tornadus|Grass Knot|p2a: Overseer
|-resisted|p2a: Overseer
|-damage|p2a: Overseer|0 fnt
|-damage|p1a: Tornadus|47/100|[from] item: Rocky Helmet|[of] p2a: Overseer
|faint|p2a: Overseer
|
|upkeep
|c|☆LFC Hatewatcher|That makes contact?
|c|☆sancorv1|yep
|c|☆LFC Hatewatcher|Now we know lol
|inactive|LFC Hatewatcher has 120 seconds left.
|c|☆LFC Hatewatcher|*now I know
|
|t:|1769381316
|switch|p2a: Anonymous|Ogerpon, F|100/100
|turn|5
|
|t:|1769381328
|-terastallize|p2a: Anonymous|Grass
|detailschange|p2a: Anonymous|Ogerpon-Teal-Tera, F, tera:Grass
|-ability|p2a: Anonymous|Embody Aspect (Teal)|boost
|-boost|p2a: Anonymous|spe|1
|move|p2a: Anonymous|Rock Tomb|p1a: Tornadus
|-supereffective|p1a: Tornadus
|-damage|p1a: Tornadus|0 fnt
|faint|p1a: Tornadus
|
|upkeep
|
|t:|1769381342
|switch|p1a: Kyurem|Kyurem|100/100
|-ability|p1a: Kyurem|Pressure
|turn|6
|
|t:|1769381348
|switch|p2a: Smile.exe|Tinkaton, F, shiny|100/100
|-item|p2a: Smile.exe|Air Balloon
|move|p1a: Kyurem|Ice Beam|p2a: Smile.exe
|-resisted|p2a: Smile.exe
|-damage|p2a: Smile.exe|64/100
|-enditem|p2a: Smile.exe|Air Balloon
|
|upkeep
|turn|7
|
|t:|1769381372
|switch|p1a: Great Tusk|Great Tusk|100/100
|-enditem|p1a: Great Tusk|Booster Energy
|-activate|p1a: Great Tusk|ability: Protosynthesis|[fromitem]
|-start|p1a: Great Tusk|protosynthesisspe
|move|p2a: Smile.exe|Stealth Rock|p1a: Great Tusk
|-sidestart|p1: sancorv1|move: Stealth Rock
|
|upkeep
|turn|8
|
|t:|1769381382
|move|p1a: Great Tusk|Rapid Spin|p2a: Smile.exe
|-resisted|p2a: Smile.exe
|-damage|p2a: Smile.exe|54/100
|-boost|p1a: Great Tusk|spe|1
|-sideend|p1: sancorv1|Stealth Rock|[from] move: Rapid Spin|[of] p1a: Great Tusk
|move|p2a: Smile.exe|Ice Hammer|p1a: Great Tusk
|-supereffective|p1a: Great Tusk
|-damage|p1a: Great Tusk|69/100
|-unboost|p2a: Smile.exe|spe|1
|
|upkeep
|turn|9
|
|t:|1769381401
|switch|p2a: Pisces|Alomomola, M, shiny|100/100
|move|p1a: Great Tusk|Headlong Rush|p2a: Pisces
|-crit|p2a: Pisces
|-damage|p2a: Pisces|39/100
|-unboost|p1a: Great Tusk|def|1
|-unboost|p1a: Great Tusk|spd|1
|
|upkeep
|turn|10
|
|t:|1769381418
|switch|p2a: Behemoth|Great Tusk, shiny|100/100
|move|p1a: Great Tusk|Bulk Up|p1a: Great Tusk
|-boost|p1a: Great Tusk|atk|1
|-boost|p1a: Great Tusk|def|1
|
|upkeep
|turn|11
|
|t:|1769381425
|move|p1a: Great Tusk|Bulk Up|p1a: Great Tusk
|-boost|p1a: Great Tusk|atk|1
|-boost|p1a: Great Tusk|def|1
|move|p2a: Behemoth|Ice Spinner|p1a: Great Tusk
|-supereffective|p1a: Great Tusk
|-damage|p1a: Great Tusk|45/100
|
|upkeep
|turn|12
|
|t:|1769381432
|move|p1a: Great Tusk|Bulk Up|p1a: Great Tusk
|-boost|p1a: Great Tusk|atk|1
|-boost|p1a: Great Tusk|def|1
|move|p2a: Behemoth|Ice Spinner|p1a: Great Tusk
|-supereffective|p1a: Great Tusk
|-damage|p1a: Great Tusk|27/100
|
|upkeep
|turn|13
|-message|LFC Hatewatcher forfeited.
|
|win|sancorv1
|raw|sancorv1's rating: 1503 &rarr; <strong>1521</strong><br />(+18 for winning)
|raw|LFC Hatewatcher's rating: 1464 &rarr; <strong>1446</strong><br />(-18 for losing)
|l|☆LFC Hatewatcher
|player|p2|
