|j|☆rugster555
|j|☆siroperation
|t:|1769352557
|gametype|singles
|player|p1|rugster555|ninjaboy|1545
|player|p2|siroperation|102|1519
|gen|9
|tier|[Gen 9] OU
|rated|
|rule|HP Percentage Mod: HP is shown in percentages
|rule|Endless Battle Clause: Forcing endless battles is banned
|rule|Species Clause: Limit one of each Pokémon
|rule|OHKO Clause: OHKO moves are banned
|rule|Evasion Items Clause: Evasion items are banned
|rule|Evasion Moves Clause: Evasion moves are banned
|rule|Evasion Abilities Clause: Evasion abilities are banned
|rule|Sleep Moves Clause: Sleep-inducing moves are banned
|clearpoke
|poke|p1|Ting-Lu|
|poke|p1|Weezing-Galar, F|
|poke|p1|Alomomola, F|
|poke|p1|Tornadus-Therian, M|
|poke|p1|Gholdengo|
|poke|p1|Zamazenta-*|
|poke|p2|Registeel|
|poke|p2|Great Tusk|
|poke|p2|Hatterene, F|
|poke|p2|Tornadus-Therian, M|
|poke|p2|Alomomola, M|
|poke|p2|Dragapult, M|
|teampreview
|inactive|Battle timer is ON: inactive players will automatically lose when time's up. (requested by rugster555)
|
|t:|1769352574
|teamsize|p1|6
|teamsize|p2|6
|start
|switch|p1a: Lus-Lus Situation|Ting-Lu, shiny|100/100
|switch|p2a: Hatterene|Hatterene, F|100/100
|-ability|p1a: Lus-Lus Situation|Vessel of Ruin
|turn|1
|
|t:|1769352590
|move|p1a: Lus-Lus Situation|Earthquake|p2a: Hatterene
|-damage|p2a: Hatterene|71/100
|move|p2a: Hatterene|Nuzzle|p1a: Lus-Lus Situation
|-immune|p1a: Lus-Lus Situation
|
|upkeep
|turn|2
|
|t:|1769352596
|switch|p1a: Gholdengo|Gholdengo|100/100
|move|p2a: Hatterene|Draining Kiss|p1a: Gholdengo
|-resisted|p1a: Gholdengo
|-damage|p1a: Gholdengo|88/100
|-heal|p2a: Hatterene|80/100|[from] drain|[of] p1a: Gholdengo
|
|upkeep
|turn|3
|
|t:|1769352607
|switch|p2a: Registeel|Registeel|100/100
|move|p1a: Gholdengo|Make It Rain|p2a: Registeel
|-resisted|p2a: Registeel
|-damage|p2a: Registeel|85/100
|-unboost|p1a: Gholdengo|spa|1
|
|-heal|p2a: Registeel|91/100|[from] item: Leftovers
|upkeep
|turn|4
|
|t:|1769352618
|switch|p1a: Lus-Lus Situation|Ting-Lu, shiny|100/100
|-ability|p1a: Lus-Lus Situation|Vessel of Ruin
|move|p2a: Registeel|Stealth Rock|p1a: Lus-Lus Situation
|-sidestart|p1: rugster555|move: Stealth Rock
|
|-heal|p2a: Registeel|97/100|[from] item: Leftovers
|upkeep
|turn|5
|
|t:|1769352626
|switch|p2a: Hatterene|Hatterene, F|80/100
|move|p1a: Lus-Lus Situation|Stealth Rock|p2a: Hatterene
|move|p2a: Hatterene|Stealth Rock||[from] ability: Magic Bounce|[still]
|-fail|p2a: Hatterene
|
|upkeep
|turn|6
|
|t:|1769352633
|move|p1a: Lus-Lus Situation|Ruination|p2a: Hatterene
|-damage|p2a: Hatterene|40/100
|move|p2a: Hatterene|Draining Kiss|p1a: Lus-Lus Situation
|-supereffective|p1a: Lus-Lus Situation
|-damage|p1a: Lus-Lus Situation|82/100
|-heal|p2a: Hatterene|63/100|[from] drain|[of] p1a: Lus-Lus Situation
|
|-heal|p1a: Lus-Lus Situation|88/100|[from] item: Leftovers
|upkeep
|turn|7
|
|t:|1769352641
|move|p1a: Lus-Lus Situation|Earthquake|p2a: Hatterene
|-damage|p2a: Hatterene|30/100
|move|p2a: Hatterene|Draining Kiss|p1a: Lus-Lus Situation
|-supereffective|p1a: Lus-Lus Situation
|-damage|p1a: Lus-Lus Situation|71/100
|-heal|p2a: Hatterene|51/100|[from] drain|[of] p1a: Lus-Lus Situation
|
|-heal|p1a: Lus-Lus Situation|77/100|[from] item: Leftovers
|upkeep
|turn|8
|
|t:|1769352649
|move|p1a: Lus-Lus Situation|Earthquake|p2a: Hatterene
|-damage|p2a: Hatterene|21/100
|move|p2a: Hatterene|Draining Kiss|p1a: Lus-Lus Situation
|-supereffective|p1a: Lus-Lus Situation
|-damage|p1a: Lus-Lus Situation|58/100
|-heal|p2a: Hatterene|44/100|[from] drain|[of] p1a: Lus-Lus Situation
|
|-heal|p1a: Lus-Lus Situation|64/100|[from] item: Leftovers
|upkeep
|turn|9
|
|t:|1769352658
|switch|p1a: Gholdengo|Gholdengo|88/100
|-damage|p1a: Gholdengo|82/100|[from] Stealth Rock
|move|p2a: Hatterene|Draining Kiss|p1a: Gholdengo
|-resisted|p1a: Gholdengo
|-damage|p1a: Gholdengo|69/100
|-heal|p2a: Hatterene|54/100|[from] drain|[of] p1a: Gholdengo
|
|upkeep
|turn|10
|inactive|siroperation has 120 seconds left.
|
|t:|1769352695
|switch|p2a: Tornadus|Tornadus-Therian, M|100/100
|move|p1a: Gholdengo|Shadow Ball|p2a: Tornadus
|-damage|p2a: Tornadus|49/100
|
|upkeep
|turn|11
|inactive|siroperation has 120 seconds left.
|
|t:|1769352703
|switch|p2a: Alomomola|Alomomola, M|100/100
|move|p1a: Gholdengo|Shadow Ball|p2a: Alomomola
|-damage|p2a: Alomomola|76/100
|
|upkeep
|turn|12
|
|t:|1769352710
|switch|p1a: Alomomola|Alomomola, F, shiny|100/100
|-damage|p1a: Alomomola|88/100|[from] Stealth Rock
|move|p2a: Alomomola|Flip Turn|p1a: Alomomola
|-resisted|p1a: Alomomola
|-damage|p1a: Alomomola|83/100
|-damage|p2a: Alomomola|59/100|[from] item: Rocky Helmet|[of] p1a: Alomomola
|inactive|siroperation has 120 seconds left.
|
|t:|1769352727
|switch|p2a: Dragapult|Dragapult, M|100/100|[from] Flip Turn
|
|upkeep
|turn|13
|
|t:|1769352731
|move|p1a: Alomomola|Protect|p1a: Alomomola
|-singleturn|p1a: Alomomola|Protect
|move|p2a: Dragapult|Draco Meteor|p1a: Alomomola
|-activate|p1a: Alomomola|move: Protect
|
|upkeep
|turn|14
|
|t:|1769352744
|switch|p2a: Great Tusk|Great Tusk|100/100
|move|p1a: Alomomola|Flip Turn|p2a: Great Tusk
|-supereffective|p2a: Great Tusk
|-damage|p2a: Great Tusk|74/100
|
|t:|1769352750
|switch|p1a: Therry Christmas|Tornadus-Therian, M, shiny|100/100|[from] Flip Turn
|
|upkeep
|turn|15
|
|t:|1769352762
|move|p1a: Therry Christmas|Bleakwind Storm|p2a: Great Tusk
|-supereffective|p2a: Great Tusk
|-damage|p2a: Great Tusk|0 fnt
|faint|p2a: Great Tusk
|-end|p2a: Great Tusk|Protosynthesis|[silent]
|
|upkeep
|
|t:|1769352767
|switch|p2a: Tornadus|Tornadus-Therian, M|82/100
|turn|16
|
|t:|1769352774
|switch|p1a: Lus-Lus Situation|Ting-Lu, shiny|64/100
|-damage|p1a: Lus-Lus Situation|58/100|[from] Stealth Rock
|-ability|p1a: Lus-Lus Situation|Vessel of Ruin
|move|p2a: Tornadus|Hurricane|p1a: Lus-Lus Situation
|-damage|p1a: Lus-Lus Situation|35/100
|
|-heal|p1a: Lus-Lus Situation|42/100|[from] item: Leftovers
|upkeep
|turn|17
|
|t:|1769352790
|move|p2a: Tornadus|Focus Blast|p1a: Lus-Lus Situation
|-supereffective|p1a: Lus-Lus Situation
|-damage|p1a: Lus-Lus Situation|3/100
|move|p1a: Lus-Lus Situation|Earthquake|p2a: Tornadus
|-immune|p2a: Tornadus
|
|-heal|p1a: Lus-Lus Situation|9/100|[from] item: Leftovers
|upkeep
|turn|18
|
|t:|1769352805
|switch|p2a: Hatterene|Hatterene, F|54/100
|switch|p1a: Gholdengo|Gholdengo|69/100
|-damage|p1a: Gholdengo|63/100|[from] Stealth Rock
|
|upkeep
|turn|19
|
|t:|1769352821
|switch|p2a: Tornadus|Tornadus-Therian, M|100/100
|move|p1a: Gholdengo|Trick|p2a: Tornadus
|-activate|p1a: Gholdengo|move: Trick|[of] p2a: Tornadus
|-item|p2a: Tornadus|Choice Scarf|[from] move: Trick
|-item|p1a: Gholdengo|Expert Belt|[from] move: Trick
|
|upkeep
|turn|20
|
|t:|1769352842
|move|p2a: Tornadus|Dark Pulse|p1a: Gholdengo
|-supereffective|p1a: Gholdengo
|-damage|p1a: Gholdengo|1/100
|move|p1a: Gholdengo|Trick|p2a: Tornadus
|-activate|p1a: Gholdengo|move: Trick|[of] p2a: Tornadus
|-item|p2a: Tornadus|Expert Belt|[from] move: Trick
|-item|p1a: Gholdengo|Choice Scarf|[from] move: Trick
|
|upkeep
|turn|21
|
|t:|1769352853
|switch|p1a: Das Capital|Weezing-Galar, F, shiny|100/100
|-ability|p1a: Das Capital|Neutralizing Gas
|move|p2a: Tornadus|Dark Pulse|p1a: Das Capital
|-resisted|p1a: Das Capital
|-damage|p1a: Das Capital|83/100
|
|upkeep
|turn|22
|
|t:|1769352861
|move|p2a: Tornadus|Hurricane|p1a: Das Capital
|-damage|p1a: Das Capital|8/100
|move|p1a: Das Capital|Defog|p2a: Tornadus
|-unboost|p2a: Tornadus|evasion|1
|-sideend|p1: rugster555|Stealth Rock|[from] move: Defog|[of] p1a: Das Capital
|
|upkeep
|turn|23
|
|t:|1769352881
|move|p2a: Tornadus|Hurricane|p1a: Das Capital
|-damage|p1a: Das Capital|0 fnt
|faint|p1a: Das Capital
|-end|p1a: Das Capital|ability: Neutralizing Gas
|
|upkeep
|
|t:|1769352886
|switch|p1a: Alomomola|Alomomola, F, shiny|100/100
|turn|24
|
|t:|1769352897
|move|p2a: Tornadus|Nasty Plot|p2a: Tornadus
|-boost|p2a: Tornadus|spa|2
|move|p1a: Alomomola|Wish|p1a: Alomomola
|
|upkeep
|turn|25
|
|t:|1769352903
|-terastallize|p1a: Alomomola|Steel
|move|p2a: Tornadus|Hurricane|p1a: Alomomola|[miss]
|-miss|p2a: Tornadus|p1a: Alomomola
|move|p1a: Alomomola|Flip Turn|p2a: Tornadus
|-crit|p2a: Tornadus
|-damage|p2a: Tornadus|66/100
|
|t:|1769352910
|switch|p1a: Lus-Lus Situation|Ting-Lu, shiny|9/100|[from] Flip Turn
|-ability|p1a: Lus-Lus Situation|Vessel of Ruin
|
|-heal|p1a: Lus-Lus Situation|55/100|[from] move: Wish|[wisher] Alomomola
|-heal|p1a: Lus-Lus Situation|61/100|[from] item: Leftovers
|upkeep
|turn|26
|
|t:|1769352919
|move|p2a: Tornadus|Focus Blast|p1a: Lus-Lus Situation
|-supereffective|p1a: Lus-Lus Situation
|-damage|p1a: Lus-Lus Situation|0 fnt
|faint|p1a: Lus-Lus Situation
|
|upkeep
|
|t:|1769352923
|switch|p1a: Alomomola|Alomomola, F, shiny, tera:Steel|100/100
|turn|27
|
|t:|1769352930
|switch|p1a: Gholdengo|Gholdengo|1/100
|move|p2a: Tornadus|Focus Blast|p1a: Gholdengo
|-immune|p1a: Gholdengo
|
|upkeep
|turn|28
|
|t:|1769352936
|switch|p2a: Registeel|Registeel|97/100
|move|p1a: Gholdengo|Make It Rain|p2a: Registeel
|-resisted|p2a: Registeel
|-damage|p2a: Registeel|81/100
|-unboost|p1a: Gholdengo|spa|1
|
|-heal|p2a: Registeel|87/100|[from] item: Leftovers
|upkeep
|turn|29
|
|t:|1769352946
|switch|p1a: Alomomola|Alomomola, F, shiny, tera:Steel|100/100
|move|p2a: Registeel|Stealth Rock|p1a: Alomomola
|-sidestart|p1: rugster555|move: Stealth Rock
|
|-heal|p2a: Registeel|93/100|[from] item: Leftovers
|upkeep
|turn|30
|
|t:|1769352955
|switch|p2a: Tornadus|Tornadus-Therian, M|99/100
|move|p1a: Alomomola|Flip Turn|p2a: Tornadus
|-damage|p2a: Tornadus|78/100
|
|t:|1769352960
|switch|p1a: Dog in this Fight|Zamazenta|100/100|[from] Flip Turn
|-ability|p1a: Dog in this Fight|Dauntless Shield|boost
|-boost|p1a: Dog in this Fight|def|1
|
|upkeep
|turn|31
|
|t:|1769352968
|switch|p2a: Alomomola|Alomomola, M|93/100
|move|p1a: Dog in this Fight|Stone Edge|p2a: Alomomola
|-damage|p2a: Alomomola|69/100
|
|upkeep
|turn|32
|
|t:|1769352973
|move|p1a: Dog in this Fight|Stone Edge|p2a: Alomomola
|-damage|p2a: Alomomola|46/100
|move|p2a: Alomomola|Flip Turn|p1a: Dog in this Fight
|-damage|p1a: Dog in this Fight|91/100
|
|t:|1769352981
|switch|p2a: Dragapult|Dragapult, M|100/100|[from] Flip Turn
|
|upkeep
|turn|33
|
|t:|1769352988
|move|p2a: Dragapult|Draco Meteor|p1a: Dog in this Fight
|-damage|p1a: Dog in this Fight|12/100
|-unboost|p2a: Dragapult|spa|2
|move|p1a: Dog in this Fight|Crunch|p2a: Dragapult
|-supereffective|p2a: Dragapult
|-damage|p2a: Dragapult|29/100
|
|upkeep
|turn|34
|
|t:|1769352996
|switch|p2a: Alomomola|Alomomola, M|79/100
|switch|p1a: Alomomola|Alomomola, F, shiny, tera:Steel|100/100
|-damage|p1a: Alomomola|94/100|[from] Stealth Rock
|
|upkeep
|turn|35
|
|t:|1769353012
|move|p1a: Alomomola|Wish|p1a: Alomomola
|move|p2a: Alomomola|Flip Turn|p1a: Alomomola
|-damage|p1a: Alomomola|85/100
|-damage|p2a: Alomomola|63/100|[from] item: Rocky Helmet|[of] p1a: Alomomola
|
|t:|1769353022
|switch|p2a: Tornadus|Tornadus-Therian, M|100/100|[from] Flip Turn
|
|upkeep
|turn|36
|
|t:|1769353028
|move|p2a: Tornadus|Focus Blast|p1a: Alomomola|[miss]
|-miss|p2a: Tornadus|p1a: Alomomola
|move|p1a: Alomomola|Flip Turn|p2a: Tornadus
|-damage|p2a: Tornadus|79/100
|
|t:|1769353033
|switch|p1a: Dog in this Fight|Zamazenta|12/100|[from] Flip Turn
|
|-heal|p1a: Dog in this Fight|80/100|[from] move: Wish|[wisher] Alomomola
|upkeep
|turn|37
|
|t:|1769353039
|switch|p2a: Alomomola|Alomomola, M|96/100
|move|p1a: Dog in this Fight|Stone Edge|p2a: Alomomola|[miss]
|-miss|p1a: Dog in this Fight|p2a: Alomomola
|
|upkeep
|turn|38
|
|t:|1769353046
|switch|p1a: Alomomola|Alomomola, F, shiny, tera:Steel|100/100
|-damage|p1a: Alomomola|94/100|[from] Stealth Rock
|move|p2a: Alomomola|Scald|p1a: Alomomola
|-damage|p1a: Alomomola|82/100
|-status|p1a: Alomomola|brn
|
|-damage|p1a: Alomomola|76/100 brn|[from] brn
|upkeep
|turn|39
|
|t:|1769353056
|switch|p2a: Tornadus|Tornadus-Therian, M|100/100
|move|p1a: Alomomola|Tickle|p2a: Tornadus
|-unboost|p2a: Tornadus|atk|1
|-unboost|p2a: Tornadus|def|1
|
|-damage|p1a: Alomomola|70/100 brn|[from] brn
|upkeep
|turn|40
|
|t:|1769353064
|switch|p1a: Gholdengo|Gholdengo|1/100
|-damage|p1a: Gholdengo|0 fnt|[from] Stealth Rock
|faint|p1a: Gholdengo
|move|p2a: Tornadus|Nasty Plot|p2a: Tornadus
|-boost|p2a: Tornadus|spa|2
|
|upkeep
|
|t:|1769353071
|switch|p1a: Dog in this Fight|Zamazenta|80/100
|turn|41
|
|t:|1769353080
|switch|p2a: Hatterene|Hatterene, F|54/100
|move|p1a: Dog in this Fight|Stone Edge|p2a: Hatterene
|-damage|p2a: Hatterene|26/100
|
|upkeep
|turn|42
|
|t:|1769353090
|switch|p2a: Alomomola|Alomomola, M|100/100
|move|p1a: Dog in this Fight|Stone Edge|p2a: Alomomola
|-damage|p2a: Alomomola|78/100
|
|upkeep
|turn|43
|
|t:|1769353096
|switch|p1a: Therry Christmas|Tornadus-Therian, M, shiny|100/100
|move|p2a: Alomomola|Flip Turn|p1a: Therry Christmas
|-damage|p1a: Therry Christmas|83/100
|
|t:|1769353102
|switch|p2a: Registeel|Registeel|93/100|[from] Flip Turn
|
|-heal|p2a: Registeel|99/100|[from] item: Leftovers
|upkeep
|turn|44
|
|t:|1769353107
|move|p1a: Therry Christmas|Nasty Plot|p1a: Therry Christmas
|-boost|p1a: Therry Christmas|spa|2
|move|p2a: Registeel|Gravity|p2a: Registeel
|-fieldstart|move: Gravity
|
|-heal|p2a: Registeel|100/100|[from] item: Leftovers
|upkeep
|turn|45
|
|t:|1769353126
|move|p1a: Therry Christmas|Nasty Plot|p1a: Therry Christmas
|-boost|p1a: Therry Christmas|spa|2
|move|p2a: Registeel|Zap Cannon|p1a: Therry Christmas
|-supereffective|p1a: Therry Christmas
|-damage|p1a: Therry Christmas|46/100
|-status|p1a: Therry Christmas|par
|
|upkeep
|turn|46
|
|t:|1769353133
|move|p1a: Therry Christmas|Heat Wave|p2a: Registeel
|-supereffective|p2a: Registeel
|-damage|p2a: Registeel|25/100
|-status|p2a: Registeel|brn
|move|p2a: Registeel|Zap Cannon|p1a: Therry Christmas
|-supereffective|p1a: Therry Christmas
|-crit|p1a: Therry Christmas
|-damage|p1a: Therry Christmas|0 fnt
|faint|p1a: Therry Christmas
|
|-heal|p2a: Registeel|31/100 brn|[from] item: Leftovers
|-damage|p2a: Registeel|25/100 brn|[from] brn
|upkeep
|
|t:|1769353144
|switch|p1a: Dog in this Fight|Zamazenta|80/100
|turn|47
|
|t:|1769353152
|move|p1a: Dog in this Fight|Close Combat|p2a: Registeel
|-supereffective|p2a: Registeel
|-damage|p2a: Registeel|0 fnt
|-unboost|p1a: Dog in this Fight|def|1
|-unboost|p1a: Dog in this Fight|spd|1
|faint|p2a: Registeel
|
|upkeep
|
|t:|1769353156
|switch|p2a: Tornadus|Tornadus-Therian, M|100/100
|turn|48
|
|t:|1769353165
|switch|p1a: Alomomola|Alomomola, F, shiny, tera:Steel|100/100 brn
|-damage|p1a: Alomomola|94/100 brn|[from] Stealth Rock
|-terastallize|p2a: Tornadus|Dark
|move|p2a: Tornadus|Hurricane|p1a: Alomomola
|-resisted|p1a: Alomomola
|-damage|p1a: Alomomola|72/100 brn
|
|-damage|p1a: Alomomola|66/100 brn|[from] brn
|-fieldend|move: Gravity
|upkeep
|turn|49
|
|t:|1769353175
|switch|p1a: Dog in this Fight|Zamazenta|80/100
|move|p2a: Tornadus|Nasty Plot|p2a: Tornadus
|-boost|p2a: Tornadus|spa|2
|
|upkeep
|turn|50
|
|t:|1769353181
|switch|p2a: Hatterene|Hatterene, F|26/100
|move|p1a: Dog in this Fight|Close Combat|p2a: Hatterene
|-resisted|p2a: Hatterene
|-damage|p2a: Hatterene|14/100
|-unboost|p1a: Dog in this Fight|def|1
|-unboost|p1a: Dog in this Fight|spd|1
|-damage|p1a: Dog in this Fight|64/100|[from] item: Rocky Helmet|[of] p2a: Hatterene
|
|upkeep
|turn|51
|
|t:|1769353194
|move|p1a: Dog in this Fight|Stone Edge|p2a: Hatterene
|-damage|p2a: Hatterene|0 fnt
|faint|p2a: Hatterene
|
|upkeep
|
|t:|1769353197
|switch|p2a: Dragapult|Dragapult, M|29/100
|turn|52
|
|t:|1769353200
|switch|p1a: Alomomola|Alomomola, F, shiny, tera:Steel|99/100 brn
|-damage|p1a: Alomomola|93/100 brn|[from] Stealth Rock
|move|p2a: Dragapult|Shadow Ball|p1a: Alomomola
|-damage|p1a: Alomomola|47/100 brn
|-unboost|p1a: Alomomola|spd|1
|
|-damage|p1a: Alomomola|41/100 brn|[from] brn
|upkeep
|turn|53
|
|t:|1769353210
|move|p2a: Dragapult|Shadow Ball|p1a: Alomomola
|-damage|p1a: Alomomola|0 fnt
|faint|p1a: Alomomola
|
|upkeep
|
|t:|1769353214
|switch|p1a: Dog in this Fight|Zamazenta|64/100
|turn|54
|
|t:|1769353227
|switch|p2a: Alomomola|Alomomola, M|100/100
|move|p1a: Dog in this Fight|Ice Fang|p2a: Alomomola
|-resisted|p2a: Alomomola
|-damage|p2a: Alomomola|94/100
|
|upkeep
|turn|55
|
|t:|1769353233
|move|p1a: Dog in this Fight|Ice Fang|p2a: Alomomola
|-resisted|p2a: Alomomola
|-damage|p2a: Alomomola|87/100
|move|p2a: Alomomola|Scald|p1a: Dog in this Fight
|-damage|p1a: Dog in this Fight|52/100
|
|upkeep
|turn|56
|
|t:|1769353239
|move|p1a: Dog in this Fight|Ice Fang|p2a: Alomomola
|-resisted|p2a: Alomomola
|-damage|p2a: Alomomola|80/100
|move|p2a: Alomomola|Scald|p1a: Dog in this Fight
|-damage|p1a: Dog in this Fight|41/100
|-status|p1a: Dog in this Fight|brn
|
|-damage|p1a: Dog in this Fight|35/100 brn|[from] brn
|upkeep
|turn|57
|-message|rugster555 forfeited.
|
|win|siroperation
|raw|rugster555's rating: 1545 &rarr; <strong>1524</strong><br />(-21 for losing)
|raw|siroperation's rating: 1519 &rarr; <strong>1540</strong><br />(+21 for winning)
|l|☆rugster555
|player|p1|
|l|☆siroperation
|player|p2|
