|j|☆Yaoshi
|j|☆Obling
|t:|1769362113
|gametype|singles
|player|p1|Yaoshi|silver-masters|1732
|player|p2|Obling|turo-ai|1763
|gen|9
|tier|[Gen 9] OU
|rated|
|rule|HP Percentage Mod: HP is shown in percentages
|rule|Endless Battle Clause: Forcing endless battles is banned
|rule|Species Clause: Limit one of each Pokémon
|rule|OHKO Clause: OHKO moves are banned
|rule|Evasion Items Clause: Evasion items are banned
|rule|Evasion Moves Clause: Evasion moves are banned
|rule|Evasion Abilities Clause: Evasion abilities are banned
|rule|Sleep Moves Clause: Sleep-inducing moves are banned
|clearpoke
|poke|p1|Cinderace, F|
|poke|p1|Darkrai|
|poke|p1|Dragonite, M|
|poke|p1|Snorlax, F|
|poke|p1|Primarina, F|
|poke|p1|Skarmory, M|
|poke|p2|Iron Thorns|
|poke|p2|Maushold-Four|
|poke|p2|Bisharp, M|
|poke|p2|Glastrier|
|poke|p2|Cresselia, F|
|poke|p2|Porygon-Z|
|teampreview
|inactive|Battle timer is ON: inactive players will automatically lose when time's up. (requested by Yaoshi)
|
|t:|1769362120
|teamsize|p1|6
|teamsize|p2|6
|start
|switch|p1a: One Hit Wonder|Cinderace, F|100/100
|switch|p2a: Iron Thorns|Iron Thorns|100/100
|-enditem|p2a: Iron Thorns|Booster Energy
|-activate|p2a: Iron Thorns|ability: Quark Drive|[fromitem]
|-start|p2a: Iron Thorns|quarkdrivespe
|turn|1
|
|t:|1769362124
|switch|p1a: Oz Smith|Skarmory, M, shiny|100/100
|move|p2a: Iron Thorns|Stealth Rock|p1a: Oz Smith
|-sidestart|p1: Yaoshi|move: Stealth Rock
|
|upkeep
|turn|2
|
|t:|1769362127
|move|p2a: Iron Thorns|Spikes|p1a: Oz Smith
|-sidestart|p1: Yaoshi|Spikes
|move|p1a: Oz Smith|Body Press|p2a: Iron Thorns
|-supereffective|p2a: Iron Thorns
|-damage|p2a: Iron Thorns|50/100
|
|upkeep
|turn|3
|
|t:|1769362131
|move|p2a: Iron Thorns|Taunt|p1a: Oz Smith
|-start|p1a: Oz Smith|move: Taunt
|move|p1a: Oz Smith|Body Press|p2a: Iron Thorns
|-supereffective|p2a: Iron Thorns
|-damage|p2a: Iron Thorns|2/100
|
|upkeep
|turn|4
|
|t:|1769362133
|move|p2a: Iron Thorns|Spikes|p1a: Oz Smith
|-sidestart|p1: Yaoshi|Spikes
|move|p1a: Oz Smith|Body Press|p2a: Iron Thorns
|-supereffective|p2a: Iron Thorns
|-damage|p2a: Iron Thorns|0 fnt
|faint|p2a: Iron Thorns
|-end|p2a: Iron Thorns|Quark Drive|[silent]
|
|upkeep
|
|t:|1769362137
|switch|p2a: Porygon-Z|Porygon-Z|100/100
|turn|5
|
|t:|1769362141
|switch|p1a: One Hit Wonder|Cinderace, F|100/100
|move|p2a: Porygon-Z|Thunderbolt|p1a: One Hit Wonder
|-damage|p1a: One Hit Wonder|33/100
|-damage|p2a: Porygon-Z|91/100|[from] item: Life Orb
|
|upkeep
|turn|6
|
|t:|1769362148
|move|p1a: One Hit Wonder|Court Change|p1a: One Hit Wonder
|-start|p1a: One Hit Wonder|typechange|Normal|[from] ability: Libero
|-swapsideconditions
|-activate|p1a: One Hit Wonder|move: Court Change
|move|p2a: Porygon-Z|Agility|p2a: Porygon-Z
|-boost|p2a: Porygon-Z|spe|2
|
|upkeep
|turn|7
|
|t:|1769362151
|switch|p1a: Homerun|Snorlax, F, shiny|100/100
|move|p2a: Porygon-Z|Thunderbolt|p1a: Homerun
|-damage|p1a: Homerun|81/100
|-damage|p2a: Porygon-Z|81/100|[from] item: Life Orb
|
|upkeep
|turn|8
|j| lonelyblueheart
|
|t:|1769362154
|move|p2a: Porygon-Z|Tera Blast|p1a: Homerun
|-damage|p1a: Homerun|40/100
|-enditem|p1a: Homerun|Figy Berry|[eat]
|-heal|p1a: Homerun|73/100|[from] item: Figy Berry
|-damage|p2a: Porygon-Z|71/100|[from] item: Life Orb
|move|p1a: Homerun|Body Slam|p2a: Porygon-Z
|-damage|p2a: Porygon-Z|30/100
|
|upkeep
|turn|9
|
|t:|1769362158
|move|p2a: Porygon-Z|Tera Blast|p1a: Homerun
|-damage|p1a: Homerun|35/100
|-damage|p2a: Porygon-Z|21/100|[from] item: Life Orb
|move|p1a: Homerun|Recycle|p1a: Homerun
|-item|p1a: Homerun|Figy Berry|[from] move: Recycle
|-enditem|p1a: Homerun|Figy Berry|[eat]
|-heal|p1a: Homerun|68/100|[from] item: Figy Berry
|
|upkeep
|turn|10
|
|t:|1769362161
|move|p2a: Porygon-Z|Tera Blast|p1a: Homerun
|-damage|p1a: Homerun|27/100
|-damage|p2a: Porygon-Z|11/100|[from] item: Life Orb
|move|p1a: Homerun|Recycle|p1a: Homerun
|-item|p1a: Homerun|Figy Berry|[from] move: Recycle
|-enditem|p1a: Homerun|Figy Berry|[eat]
|-heal|p1a: Homerun|60/100|[from] item: Figy Berry
|
|upkeep
|turn|11
|
|t:|1769362165
|move|p2a: Porygon-Z|Tera Blast|p1a: Homerun
|-damage|p1a: Homerun|24/100
|-damage|p2a: Porygon-Z|1/100|[from] item: Life Orb
|move|p1a: Homerun|Recycle|p1a: Homerun
|-item|p1a: Homerun|Figy Berry|[from] move: Recycle
|-enditem|p1a: Homerun|Figy Berry|[eat]
|-heal|p1a: Homerun|57/100|[from] item: Figy Berry
|
|upkeep
|turn|12
|
|t:|1769362168
|move|p2a: Porygon-Z|Tera Blast|p1a: Homerun
|-damage|p1a: Homerun|18/100
|-damage|p2a: Porygon-Z|0 fnt|[from] item: Life Orb
|faint|p2a: Porygon-Z
|move|p1a: Homerun|Recycle|p1a: Homerun
|-item|p1a: Homerun|Figy Berry|[from] move: Recycle
|-enditem|p1a: Homerun|Figy Berry|[eat]
|-heal|p1a: Homerun|51/100|[from] item: Figy Berry
|
|upkeep
|
|t:|1769362170
|switch|p2a: Maushold|Maushold-Four|100/100
|-damage|p2a: Maushold|88/100|[from] Stealth Rock
|-damage|p2a: Maushold|71/100|[from] Spikes
|turn|13
|
|t:|1769362174
|switch|p1a: Oz Smith|Skarmory, M, shiny|100/100
|move|p2a: Maushold|Tidy Up|p2a: Maushold
|-sideend|p2: Obling|Spikes
|-sideend|p2: Obling|Stealth Rock
|-activate|p2a: Maushold|move: Tidy Up
|-boost|p2a: Maushold|atk|1
|-boost|p2a: Maushold|spe|1
|
|upkeep
|turn|14
|
|t:|1769362180
|switch|p2a: Bisharp|Bisharp, M|100/100
|move|p1a: Oz Smith|Body Press|p2a: Bisharp
|-supereffective|p2a: Bisharp
|-damage|p2a: Bisharp|10/100
|
|upkeep
|turn|15
|
|t:|1769362184
|move|p2a: Bisharp|Throat Chop|p1a: Oz Smith
|-damage|p1a: Oz Smith|75/100
|-start|p1a: Oz Smith|Throat Chop|[silent]
|-damage|p2a: Bisharp|0 fnt|[from] item: Rocky Helmet|[of] p1a: Oz Smith
|faint|p2a: Bisharp
|move|p1a: Oz Smith|Body Press|p2: Bisharp|[notarget]
|-fail|p1a: Oz Smith
|
|upkeep
|
|t:|1769362187
|switch|p2a: Glastrier|Glastrier|100/100
|turn|16
|
|t:|1769362192
|move|p1a: Oz Smith|Roost|p1a: Oz Smith
|-heal|p1a: Oz Smith|100/100
|-singleturn|p1a: Oz Smith|move: Roost
|move|p2a: Glastrier|Icicle Crash|p1a: Oz Smith|[miss]
|-miss|p2a: Glastrier|p1a: Oz Smith
|
|-end|p1a: Oz Smith|Throat Chop|[silent]
|upkeep
|turn|17
|
|t:|1769362195
|move|p1a: Oz Smith|Body Press|p2a: Glastrier
|-supereffective|p2a: Glastrier
|-damage|p2a: Glastrier|60/100
|move|p2a: Glastrier|Swords Dance|p2a: Glastrier
|-boost|p2a: Glastrier|atk|2
|
|upkeep
|turn|18
|
|t:|1769362198
|move|p1a: Oz Smith|Body Press|p2a: Glastrier
|-supereffective|p2a: Glastrier
|-damage|p2a: Glastrier|14/100
|move|p2a: Glastrier|Icicle Crash|p1a: Oz Smith
|-damage|p1a: Oz Smith|30/100
|
|upkeep
|turn|19
|
|t:|1769362201
|move|p1a: Oz Smith|Body Press|p2a: Glastrier
|-supereffective|p2a: Glastrier
|-damage|p2a: Glastrier|0 fnt
|faint|p2a: Glastrier
|
|upkeep
|
|t:|1769362203
|switch|p2a: Maushold|Maushold-Four|71/100
|turn|20
|
|t:|1769362213
|-terastallize|p2a: Maushold|Ghost
|move|p2a: Maushold|Tidy Up|p2a: Maushold
|-boost|p2a: Maushold|atk|1
|-boost|p2a: Maushold|spe|1
|move|p1a: Oz Smith|Roost|p1a: Oz Smith
|-heal|p1a: Oz Smith|80/100
|-singleturn|p1a: Oz Smith|move: Roost
|
|upkeep
|turn|21
|
|t:|1769362219
|move|p2a: Maushold|Encore|p1a: Oz Smith
|-start|p1a: Oz Smith|Encore
|move|p1a: Oz Smith|Roost|p1a: Oz Smith
|-heal|p1a: Oz Smith|100/100
|-singleturn|p1a: Oz Smith|move: Roost
|
|upkeep
|turn|22
|
|t:|1769362225
|switch|p1a: One Hit Wonder|Cinderace, F|33/100
|move|p2a: Maushold|Tidy Up|p2a: Maushold
|-boost|p2a: Maushold|atk|1
|-boost|p2a: Maushold|spe|1
|
|upkeep
|turn|23
|
|t:|1769362230
|move|p1a: One Hit Wonder|Sucker Punch||[still]
|-fail|p1a: One Hit Wonder
|move|p2a: Maushold|Tidy Up|p2a: Maushold
|-boost|p2a: Maushold|atk|1
|-boost|p2a: Maushold|spe|1
|
|upkeep
|turn|24
|
|t:|1769362232
|move|p1a: One Hit Wonder|Sucker Punch||[still]
|-fail|p1a: One Hit Wonder
|move|p2a: Maushold|Encore|p1a: One Hit Wonder
|-start|p1a: One Hit Wonder|Encore
|
|upkeep
|turn|25
|
|t:|1769362235
|move|p1a: One Hit Wonder|Sucker Punch||[still]
|-fail|p1a: One Hit Wonder
|move|p2a: Maushold|Tidy Up|p2a: Maushold
|-boost|p2a: Maushold|atk|1
|-boost|p2a: Maushold|spe|1
|
|upkeep
|turn|26
|
|t:|1769362238
|move|p1a: One Hit Wonder|Sucker Punch||[still]
|-fail|p1a: One Hit Wonder
|move|p2a: Maushold|Tidy Up|p2a: Maushold
|-boost|p2a: Maushold|atk|1
|-boost|p2a: Maushold|spe|1
|
|upkeep
|turn|27
|
|t:|1769362242
|switch|p1a: Oz Smith|Skarmory, M, shiny|100/100
|move|p2a: Maushold|Tidy Up|p2a: Maushold
|-boost|p2a: Maushold|atk|1
|-boost|p2a: Maushold|spe|1
|
|upkeep
|turn|28
|
|t:|1769362266
|move|p2a: Maushold|Bite|p1a: Oz Smith
|-damage|p1a: Oz Smith|44/100
|-damage|p2a: Maushold|55/100|[from] item: Rocky Helmet|[of] p1a: Oz Smith
|move|p1a: Oz Smith|Whirlwind|p2a: Maushold
|drag|p2a: Cresselia|Cresselia, F|100/100
|
|upkeep
|turn|29
|
|t:|1769362273
|switch|p1a: Babe Ruth|Darkrai, shiny|100/100
|move|p2a: Cresselia|Calm Mind|p2a: Cresselia
|-boost|p2a: Cresselia|spa|1
|-boost|p2a: Cresselia|spd|1
|
|upkeep
|turn|30
|
|t:|1769362276
|move|p1a: Babe Ruth|Dark Pulse|p2a: Cresselia
|-supereffective|p2a: Cresselia
|-damage|p2a: Cresselia|62/100
|move|p2a: Cresselia|Calm Mind|p2a: Cresselia
|-boost|p2a: Cresselia|spa|1
|-boost|p2a: Cresselia|spd|1
|
|-heal|p2a: Cresselia|68/100|[from] item: Leftovers
|upkeep
|turn|31
|
|t:|1769362279
|move|p1a: Babe Ruth|Dark Pulse|p2a: Cresselia
|-supereffective|p2a: Cresselia
|-damage|p2a: Cresselia|41/100
|move|p2a: Cresselia|Moonlight|p2a: Cresselia
|-heal|p2a: Cresselia|91/100
|
|-heal|p2a: Cresselia|97/100|[from] item: Leftovers
|upkeep
|turn|32
|j| tuanquewang
|
|t:|1769362283
|move|p1a: Babe Ruth|Dark Pulse|p2a: Cresselia
|-supereffective|p2a: Cresselia
|-damage|p2a: Cresselia|69/100
|move|p2a: Cresselia|Calm Mind|p2a: Cresselia
|-boost|p2a: Cresselia|spa|1
|-boost|p2a: Cresselia|spd|1
|
|-heal|p2a: Cresselia|75/100|[from] item: Leftovers
|upkeep
|turn|33
|
|t:|1769362286
|switch|p1a: Homerun|Snorlax, F, shiny|51/100
|move|p2a: Cresselia|Calm Mind|p2a: Cresselia
|-boost|p2a: Cresselia|spa|1
|-boost|p2a: Cresselia|spd|1
|
|-heal|p2a: Cresselia|82/100|[from] item: Leftovers
|upkeep
|turn|34
|
|t:|1769362289
|move|p2a: Cresselia|Stored Power|p1a: Homerun
|-crit|p1a: Homerun
|-damage|p1a: Homerun|0 fnt
|faint|p1a: Homerun
|
|-heal|p2a: Cresselia|88/100|[from] item: Leftovers
|upkeep
|
|t:|1769362294
|switch|p1a: Ohtani|Dragonite, M|100/100
|turn|35
|
|t:|1769362299
|move|p2a: Cresselia|Moonblast|p1a: Ohtani
|-supereffective|p1a: Ohtani
|-damage|p1a: Ohtani|59/100
|-unboost|p1a: Ohtani|spa|1
|move|p1a: Ohtani|Outrage|p2a: Cresselia
|-damage|p2a: Cresselia|38/100
|
|-heal|p2a: Cresselia|44/100|[from] item: Leftovers
|upkeep
|turn|36
|
|t:|1769362307
|move|p2a: Cresselia|Stored Power|p1a: Ohtani
|-damage|p1a: Ohtani|0 fnt
|faint|p1a: Ohtani
|
|-heal|p2a: Cresselia|50/100|[from] item: Leftovers
|upkeep
|
|t:|1769362313
|switch|p1a: One Hit Wonder|Cinderace, F|33/100
|turn|37
|
|t:|1769362319
|move|p1a: One Hit Wonder|Pyro Ball|p2a: Cresselia
|-damage|p2a: Cresselia|16/100
|move|p2a: Cresselia|Moonlight|p2a: Cresselia
|-heal|p2a: Cresselia|66/100
|
|-heal|p2a: Cresselia|72/100|[from] item: Leftovers
|upkeep
|turn|38
|
|t:|1769362322
|-terastallize|p1a: One Hit Wonder|Dark
|move|p1a: One Hit Wonder|Sucker Punch||[still]
|-fail|p1a: One Hit Wonder
|move|p2a: Cresselia|Moonlight|p2a: Cresselia
|-heal|p2a: Cresselia|100/100
|
|upkeep
|turn|39
|
|t:|1769362328
|move|p1a: One Hit Wonder|Sucker Punch|p2a: Cresselia
|-supereffective|p2a: Cresselia
|-damage|p2a: Cresselia|65/100
|move|p2a: Cresselia|Moonblast|p1a: One Hit Wonder
|-supereffective|p1a: One Hit Wonder
|-damage|p1a: One Hit Wonder|0 fnt
|faint|p1a: One Hit Wonder
|
|-heal|p2a: Cresselia|71/100|[from] item: Leftovers
|upkeep
|
|t:|1769362332
|switch|p1a: Ayami Sato|Primarina, F, shiny|100/100
|turn|40
|
|t:|1769362334
|move|p2a: Cresselia|Calm Mind|p2a: Cresselia
|-boost|p2a: Cresselia|spa|1
|-boost|p2a: Cresselia|spd|1
|move|p1a: Ayami Sato|Psychic Noise|p2a: Cresselia
|-damage|p2a: Cresselia|65/100
|-start|p2a: Cresselia|move: Heal Block
|
|upkeep
|turn|41
|
|t:|1769362337
|move|p2a: Cresselia|Stored Power|p1a: Ayami Sato
|-damage|p1a: Ayami Sato|0 fnt
|faint|p1a: Ayami Sato
|
|-end|p2a: Cresselia|move: Heal Block
|upkeep
|
|t:|1769362340
|switch|p1a: Babe Ruth|Darkrai, shiny|100/100
|turn|42
|
|t:|1769362342
|move|p1a: Babe Ruth|Dark Pulse|p2a: Cresselia
|-supereffective|p2a: Cresselia
|-damage|p2a: Cresselia|50/100
|move|p2a: Cresselia|Moonblast|p1a: Babe Ruth
|-supereffective|p1a: Babe Ruth
|-damage|p1a: Babe Ruth|0 fnt
|faint|p1a: Babe Ruth
|
|-heal|p2a: Cresselia|56/100|[from] item: Leftovers
|upkeep
|
|t:|1769362344
|switch|p1a: Oz Smith|Skarmory, M, shiny|44/100
|turn|43
|
|t:|1769362347
|move|p2a: Cresselia|Stored Power|p1a: Oz Smith
|-resisted|p1a: Oz Smith
|-damage|p1a: Oz Smith|0 fnt
|faint|p1a: Oz Smith
|
|win|Obling
|raw|Yaoshi's rating: 1732 &rarr; <strong>1714</strong><br />(-18 for losing)
|raw|Obling's rating: 1763 &rarr; <strong>1781</strong><br />(+18 for winning)
|l|☆Obling
|player|p2|
|l|☆Yaoshi
|player|p1|
|l| tuanquewang
|l| lonelyblueheart
