|j|☆ratca
|j|☆tommytt22
|t:|1769341847
|gametype|singles
|player|p1|ratca|170|1510
|player|p2|tommytt22|2|1478
|gen|9
|tier|[Gen 9] OU
|rated|
|rule|HP Percentage Mod: HP is shown in percentages
|rule|Endless Battle Clause: Forcing endless battles is banned
|rule|Species Clause: Limit one of each Pokémon
|rule|OHKO Clause: OHKO moves are banned
|rule|Evasion Items Clause: Evasion items are banned
|rule|Evasion Moves Clause: Evasion moves are banned
|rule|Evasion Abilities Clause: Evasion abilities are banned
|rule|Sleep Moves Clause: Sleep-inducing moves are banned
|clearpoke
|poke|p1|Hydrapple, M|
|poke|p1|Corviknight, F|
|poke|p1|Blissey, F|
|poke|p1|Dondozo, F|
|poke|p1|Clodsire, M|
|poke|p1|Gliscor, F|
|poke|p2|Amoonguss, M|
|poke|p2|Bronzong|
|poke|p2|Samurott-Hisui, F|
|poke|p2|Cinderace, M|
|poke|p2|Skeledirge, F|
|poke|p2|Gliscor, F|
|teampreview
|
|t:|1769341858
|teamsize|p1|6
|teamsize|p2|6
|start
|switch|p1a: Gliscor|Gliscor, F|100/100
|switch|p2a: Gliscor|Gliscor, F|100/100
|turn|1
|
|t:|1769341865
|move|p2a: Gliscor|Protect|p2a: Gliscor
|-singleturn|p2a: Gliscor|Protect
|move|p1a: Gliscor|Knock Off|p2a: Gliscor
|-activate|p2a: Gliscor|move: Protect
|
|-status|p1a: Gliscor|tox|[from] item: Toxic Orb
|-status|p2a: Gliscor|tox|[from] item: Toxic Orb
|upkeep
|turn|2
|
|t:|1769341874
|move|p1a: Gliscor|Spikes|p2a: Gliscor
|-sidestart|p2: tommytt22|Spikes
|move|p2a: Gliscor|Swords Dance|p2a: Gliscor
|-boost|p2a: Gliscor|atk|2
|
|upkeep
|turn|3
|
|t:|1769341879
|move|p1a: Gliscor|Spikes|p2a: Gliscor
|-sidestart|p2: tommytt22|Spikes
|move|p2a: Gliscor|Facade|p1a: Gliscor
|-damage|p1a: Gliscor|62/100 tox
|
|-heal|p1a: Gliscor|75/100 tox|[from] ability: Poison Heal
|upkeep
|turn|4
|
|t:|1769341887
|switch|p1a: Corviknight|Corviknight, F|100/100
|-ability|p1a: Corviknight|Pressure
|move|p2a: Gliscor|Swords Dance|p2a: Gliscor
|-boost|p2a: Gliscor|atk|2
|
|upkeep
|turn|5
|
|t:|1769341893
|move|p2a: Gliscor|Facade|p1a: Corviknight
|-resisted|p1a: Corviknight
|-damage|p1a: Corviknight|73/100
|move|p1a: Corviknight|Iron Head|p2a: Gliscor
|-damage|p2a: Gliscor|79/100 tox
|
|-heal|p1a: Corviknight|79/100|[from] item: Leftovers
|-heal|p2a: Gliscor|91/100 tox|[from] ability: Poison Heal
|upkeep
|turn|6
|
|t:|1769341902
|move|p2a: Gliscor|Swords Dance|p2a: Gliscor
|-boost|p2a: Gliscor|atk|2
|move|p1a: Corviknight|U-turn|p2a: Gliscor
|-resisted|p2a: Gliscor
|-damage|p2a: Gliscor|86/100 tox
|
|t:|1769341907
|switch|p1a: Dondozo|Dondozo, F|100/100|[from] U-turn
|
|-heal|p2a: Gliscor|98/100 tox|[from] ability: Poison Heal
|upkeep
|turn|7
|
|t:|1769341912
|switch|p2a: Amoonguss|Amoonguss, M|100/100
|-damage|p2a: Amoonguss|84/100|[from] Spikes
|move|p1a: Dondozo|Wave Crash|p2a: Amoonguss
|-resisted|p2a: Amoonguss
|-damage|p2a: Amoonguss|70/100
|-damage|p1a: Dondozo|84/100|[from] item: Rocky Helmet|[of] p2a: Amoonguss
|-damage|p1a: Dondozo|80/100|[from] Recoil
|
|-heal|p1a: Dondozo|86/100|[from] item: Leftovers
|upkeep
|turn|8
|
|t:|1769341926
|switch|p1a: Gliscor|Gliscor, F|75/100 tox
|move|p2a: Amoonguss|Giga Drain|p1a: Gliscor
|-damage|p1a: Gliscor|47/100 tox
|-heal|p2a: Amoonguss|82/100|[from] drain|[of] p1a: Gliscor
|
|-heal|p1a: Gliscor|60/100 tox|[from] ability: Poison Heal
|upkeep
|turn|9
|
|t:|1769341934
|switch|p2a: Gliscor|Gliscor, F|98/100 tox
|move|p1a: Gliscor|Knock Off|p2a: Gliscor
|-damage|p2a: Gliscor|80/100 tox
|-enditem|p2a: Gliscor|Toxic Orb|[from] move: Knock Off|[of] p1a: Gliscor
|
|-heal|p2a: Gliscor|92/100 tox|[from] ability: Poison Heal
|-heal|p1a: Gliscor|72/100 tox|[from] ability: Poison Heal
|upkeep
|turn|10
|
|t:|1769341942
|switch|p1a: Hydrapple|Hydrapple, M|100/100
|move|p2a: Gliscor|Swords Dance|p2a: Gliscor
|-boost|p2a: Gliscor|atk|2
|
|-heal|p2a: Gliscor|100/100 tox|[from] ability: Poison Heal
|upkeep
|turn|11
|
|t:|1769341949
|move|p2a: Gliscor|Facade|p1a: Hydrapple
|-damage|p1a: Hydrapple|68/100
|move|p1a: Hydrapple|Giga Drain|p2a: Gliscor
|-damage|p2a: Gliscor|70/100 tox
|-heal|p1a: Hydrapple|81/100|[from] drain|[of] p2a: Gliscor
|-damage|p1a: Hydrapple|72/100|[from] item: Life Orb
|
|-heal|p2a: Gliscor|83/100 tox|[from] ability: Poison Heal
|upkeep
|turn|12
|
|t:|1769341959
|move|p2a: Gliscor|Swords Dance|p2a: Gliscor
|-boost|p2a: Gliscor|atk|2
|move|p1a: Hydrapple|Giga Drain|p2a: Gliscor
|-damage|p2a: Gliscor|51/100 tox
|-heal|p1a: Hydrapple|85/100|[from] drain|[of] p2a: Gliscor
|-damage|p1a: Hydrapple|75/100|[from] item: Life Orb
|
|-heal|p2a: Gliscor|63/100 tox|[from] ability: Poison Heal
|upkeep
|turn|13
|
|t:|1769341968
|switch|p1a: Dondozo|Dondozo, F|86/100
|move|p2a: Gliscor|Facade|p1a: Dondozo
|-damage|p1a: Dondozo|73/100
|
|-heal|p1a: Dondozo|79/100|[from] item: Leftovers
|-heal|p2a: Gliscor|76/100 tox|[from] ability: Poison Heal
|upkeep
|turn|14
|
|t:|1769341979
|move|p2a: Gliscor|Protect|p2a: Gliscor
|-singleturn|p2a: Gliscor|Protect
|move|p1a: Dondozo|Curse|p1a: Dondozo
|-unboost|p1a: Dondozo|spe|1
|-boost|p1a: Dondozo|atk|1
|-boost|p1a: Dondozo|def|1
|
|-heal|p1a: Dondozo|86/100|[from] item: Leftovers
|-heal|p2a: Gliscor|88/100 tox|[from] ability: Poison Heal
|upkeep
|turn|15
|
|t:|1769341988
|switch|p2a: Amoonguss|Amoonguss, M|100/100
|-damage|p2a: Amoonguss|84/100|[from] Spikes
|move|p1a: Dondozo|Wave Crash|p2a: Amoonguss
|-resisted|p2a: Amoonguss
|-damage|p2a: Amoonguss|62/100
|-damage|p1a: Dondozo|69/100|[from] item: Rocky Helmet|[of] p2a: Amoonguss
|-damage|p1a: Dondozo|63/100|[from] Recoil
|
|-heal|p1a: Dondozo|69/100|[from] item: Leftovers
|upkeep
|turn|16
|
|t:|1769342000
|switch|p2a: Cinderace|Cinderace, M|100/100
|switch|p1a: Hydrapple|Hydrapple, M|100/100
|
|upkeep
|turn|17
|
|t:|1769342006
|move|p2a: Cinderace|Court Change|p2a: Cinderace
|-start|p2a: Cinderace|typechange|Normal|[from] ability: Libero
|-swapsideconditions
|-activate|p2a: Cinderace|move: Court Change
|move|p1a: Hydrapple|Fickle Beam|p2a: Cinderace
|-damage|p2a: Cinderace|40/100
|-damage|p1a: Hydrapple|91/100|[from] item: Life Orb
|
|upkeep
|turn|18
|
|t:|1769342014
|move|p2a: Cinderace|U-turn|p1a: Hydrapple
|-supereffective|p1a: Hydrapple
|-damage|p1a: Hydrapple|67/100
|
|t:|1769342020
|switch|p2a: Bronzong|Bronzong|100/100|[from] U-turn
|move|p1a: Hydrapple|Giga Drain|p2a: Bronzong
|-resisted|p2a: Bronzong
|-damage|p2a: Bronzong|83/100
|-heal|p1a: Hydrapple|74/100|[from] drain|[of] p2a: Bronzong
|-damage|p1a: Hydrapple|64/100|[from] item: Life Orb
|
|-heal|p2a: Bronzong|89/100|[from] item: Leftovers
|upkeep
|turn|19
|
|t:|1769342031
|switch|p1a: Corviknight|Corviknight, F|79/100
|-ability|p1a: Corviknight|Pressure
|move|p2a: Bronzong|Psychic Noise|p1a: Corviknight
|-resisted|p1a: Corviknight
|-damage|p1a: Corviknight|69/100
|-start|p1a: Corviknight|move: Heal Block
|
|-heal|p2a: Bronzong|95/100|[from] item: Leftovers
|upkeep
|turn|20
|
|t:|1769342042
|move|p1a: Corviknight|Defog|p2a: Bronzong
|-unboost|p2a: Bronzong|evasion|1
|-sideend|p1: ratca|Spikes|[from] move: Defog|[of] p1a: Corviknight
|move|p2a: Bronzong|Stealth Rock|p1a: Corviknight
|-sidestart|p1: ratca|move: Stealth Rock
|
|-heal|p2a: Bronzong|100/100|[from] item: Leftovers
|-end|p1a: Corviknight|move: Heal Block
|upkeep
|turn|21
|
|t:|1769342049
|move|p1a: Corviknight|Defog|p2a: Bronzong
|-unboost|p2a: Bronzong|evasion|1
|-sideend|p1: ratca|Stealth Rock|[from] move: Defog|[of] p1a: Corviknight
|move|p2a: Bronzong|Psychic Noise|p1a: Corviknight
|-resisted|p1a: Corviknight
|-damage|p1a: Corviknight|60/100
|-start|p1a: Corviknight|move: Heal Block
|
|upkeep
|turn|22
|
|t:|1769342057
|move|p1a: Corviknight|Iron Head|p2a: Bronzong
|-resisted|p2a: Bronzong
|-damage|p2a: Bronzong|92/100
|move|p2a: Bronzong|Psychic Noise|p1a: Corviknight
|-resisted|p1a: Corviknight
|-damage|p1a: Corviknight|49/100
|
|-heal|p2a: Bronzong|98/100|[from] item: Leftovers
|-end|p1a: Corviknight|move: Heal Block
|upkeep
|turn|23
|
|t:|1769342067
|move|p1a: Corviknight|Roost|p1a: Corviknight
|-heal|p1a: Corviknight|99/100
|-singleturn|p1a: Corviknight|move: Roost
|move|p2a: Bronzong|Stealth Rock|p1a: Corviknight
|-sidestart|p1: ratca|move: Stealth Rock
|
|-heal|p1a: Corviknight|100/100|[from] item: Leftovers
|-heal|p2a: Bronzong|100/100|[from] item: Leftovers
|upkeep
|turn|24
|
|t:|1769342074
|switch|p2a: Skeledirge|Skeledirge, F|100/100
|move|p1a: Corviknight|Defog|p2a: Skeledirge
|-unboost|p2a: Skeledirge|evasion|1
|-sideend|p1: ratca|Stealth Rock|[from] move: Defog|[of] p1a: Corviknight
|
|upkeep
|turn|25
|
|t:|1769342083
|switch|p1a: Blissey|Blissey, F|100/100
|move|p2a: Skeledirge|Will-O-Wisp|p1a: Blissey
|-status|p1a: Blissey|brn
|
|-damage|p1a: Blissey|94/100 brn|[from] brn
|upkeep
|turn|26
|
|t:|1769342090
|switch|p2a: Gliscor|Gliscor, F|88/100 tox
|move|p1a: Blissey|Thunder Wave|p2a: Gliscor
|-immune|p2a: Gliscor
|
|-heal|p2a: Gliscor|100/100 tox|[from] ability: Poison Heal
|-damage|p1a: Blissey|88/100 brn|[from] brn
|upkeep
|turn|27
|
|t:|1769342099
|move|p2a: Gliscor|Earthquake|p1a: Blissey
|-damage|p1a: Blissey|56/100 brn
|move|p1a: Blissey|Stealth Rock|p2a: Gliscor
|-sidestart|p2: tommytt22|move: Stealth Rock
|
|-damage|p1a: Blissey|50/100 brn|[from] brn
|upkeep
|turn|28
|
|t:|1769342108
|move|p2a: Gliscor|Swords Dance|p2a: Gliscor
|-boost|p2a: Gliscor|atk|2
|move|p1a: Blissey|Soft-Boiled|p1a: Blissey
|-heal|p1a: Blissey|99/100 brn
|
|-damage|p1a: Blissey|94/100 brn|[from] brn
|upkeep
|turn|29
|
|t:|1769342117
|-curestatus|p1a: Blissey|brn|[from] ability: Natural Cure
|switch|p1a: Hydrapple|Hydrapple, M|97/100
|move|p2a: Gliscor|Facade|p1a: Hydrapple
|-damage|p1a: Hydrapple|66/100
|
|upkeep
|turn|30
|
|t:|1769342127
|move|p2a: Gliscor|Swords Dance|p2a: Gliscor
|-boost|p2a: Gliscor|atk|2
|move|p1a: Hydrapple|Giga Drain|p2a: Gliscor
|-damage|p2a: Gliscor|69/100 tox
|-heal|p1a: Hydrapple|79/100|[from] drain|[of] p2a: Gliscor
|-damage|p1a: Hydrapple|69/100|[from] item: Life Orb
|
|-heal|p2a: Gliscor|82/100 tox|[from] ability: Poison Heal
|upkeep
|turn|31
|
|t:|1769342136
|switch|p1a: Dondozo|Dondozo, F|69/100
|-terastallize|p2a: Gliscor|Normal
|move|p2a: Gliscor|Facade|p1a: Dondozo
|-damage|p1a: Dondozo|50/100
|
|-heal|p1a: Dondozo|56/100|[from] item: Leftovers
|-heal|p2a: Gliscor|94/100 tox|[from] ability: Poison Heal
|upkeep
|turn|32
|
|t:|1769342147
|move|p2a: Gliscor|Facade|p1a: Dondozo
|-damage|p1a: Dondozo|36/100
|move|p1a: Dondozo|Rest|p1a: Dondozo
|-status|p1a: Dondozo|slp|[from] move: Rest
|-heal|p1a: Dondozo|100/100 slp|[silent]
|
|-heal|p2a: Gliscor|100/100 tox|[from] ability: Poison Heal
|upkeep
|turn|33
|
|t:|1769342161
|switch|p2a: Bronzong|Bronzong|100/100
|-damage|p2a: Bronzong|94/100|[from] Stealth Rock
|cant|p1a: Dondozo|slp
|move|p1a: Dondozo|Sleep Talk|p1a: Dondozo
|move|p1a: Dondozo|Wave Crash|p2a: Bronzong|[from] move: Sleep Talk
|-damage|p2a: Bronzong|68/100
|-damage|p1a: Dondozo|95/100 slp|[from] Recoil
|
|-heal|p1a: Dondozo|100/100 slp|[from] item: Leftovers
|-heal|p2a: Bronzong|74/100|[from] item: Leftovers
|upkeep
|turn|34
|
|t:|1769342172
|cant|p1a: Dondozo|slp
|move|p1a: Dondozo|Sleep Talk|p1a: Dondozo
|move|p1a: Dondozo|Curse|p1a: Dondozo|[from] move: Sleep Talk
|-unboost|p1a: Dondozo|spe|1
|-boost|p1a: Dondozo|atk|1
|-boost|p1a: Dondozo|def|1
|move|p2a: Bronzong|Stealth Rock|p1a: Dondozo
|-sidestart|p1: ratca|move: Stealth Rock
|
|-heal|p2a: Bronzong|81/100|[from] item: Leftovers
|upkeep
|turn|35
|
|t:|1769342182
|move|p2a: Bronzong|Protect|p2a: Bronzong
|-singleturn|p2a: Bronzong|Protect
|-curestatus|p1a: Dondozo|slp|[msg]
|move|p1a: Dondozo|Wave Crash|p2a: Bronzong
|-activate|p2a: Bronzong|move: Protect
|
|-heal|p2a: Bronzong|87/100|[from] item: Leftovers
|upkeep
|turn|36
|
|t:|1769342189
|switch|p2a: Amoonguss|Amoonguss, M|95/100
|-damage|p2a: Amoonguss|83/100|[from] Stealth Rock
|move|p1a: Dondozo|Wave Crash|p2a: Amoonguss
|-resisted|p2a: Amoonguss
|-damage|p2a: Amoonguss|62/100
|-damage|p1a: Dondozo|84/100|[from] item: Rocky Helmet|[of] p2a: Amoonguss
|-damage|p1a: Dondozo|78/100|[from] Recoil
|
|-heal|p1a: Dondozo|84/100|[from] item: Leftovers
|upkeep
|turn|37
|
|t:|1769342200
|switch|p1a: Hydrapple|Hydrapple, M|100/100
|-damage|p1a: Hydrapple|88/100|[from] Stealth Rock
|move|p2a: Amoonguss|Giga Drain|p1a: Hydrapple
|-resisted|p1a: Hydrapple
|-damage|p1a: Hydrapple|83/100
|-heal|p2a: Amoonguss|65/100|[from] drain|[of] p1a: Hydrapple
|
|upkeep
|turn|38
|
|t:|1769342209
|switch|p2a: Bronzong|Bronzong|87/100
|-damage|p2a: Bronzong|81/100|[from] Stealth Rock
|move|p1a: Hydrapple|Fickle Beam|p2a: Bronzong
|-resisted|p2a: Bronzong
|-damage|p2a: Bronzong|62/100
|-damage|p1a: Hydrapple|73/100|[from] item: Life Orb
|
|-heal|p2a: Bronzong|69/100|[from] item: Leftovers
|upkeep
|turn|39
|
|t:|1769342221
|move|p1a: Hydrapple|Nasty Plot|p1a: Hydrapple
|-boost|p1a: Hydrapple|spa|2
|move|p2a: Bronzong|Body Press|p1a: Hydrapple
|-damage|p1a: Hydrapple|57/100
|
|-heal|p2a: Bronzong|75/100|[from] item: Leftovers
|upkeep
|turn|40
|
|t:|1769342228
|move|p2a: Bronzong|Protect|p2a: Bronzong
|-singleturn|p2a: Bronzong|Protect
|move|p1a: Hydrapple|Giga Drain|p2a: Bronzong
|-activate|p2a: Bronzong|move: Protect
|
|-heal|p2a: Bronzong|81/100|[from] item: Leftovers
|upkeep
|turn|41
|
|t:|1769342235
|move|p1a: Hydrapple|Giga Drain|p2a: Bronzong
|-resisted|p2a: Bronzong
|-damage|p2a: Bronzong|48/100
|-heal|p1a: Hydrapple|71/100|[from] drain|[of] p2a: Bronzong
|-damage|p1a: Hydrapple|61/100|[from] item: Life Orb
|move|p2a: Bronzong|Psychic Noise|p1a: Hydrapple
|-damage|p1a: Hydrapple|39/100
|-start|p1a: Hydrapple|move: Heal Block
|
|-heal|p2a: Bronzong|54/100|[from] item: Leftovers
|upkeep
|turn|42
|
|t:|1769342247
|switch|p1a: Gliscor|Gliscor, F|72/100 tox
|-damage|p1a: Gliscor|60/100 tox|[from] Stealth Rock
|move|p2a: Bronzong|Psychic Noise|p1a: Gliscor
|-damage|p1a: Gliscor|35/100 tox
|-start|p1a: Gliscor|move: Heal Block
|
|-heal|p2a: Bronzong|60/100|[from] item: Leftovers
|upkeep
|turn|43
|
|t:|1769342259
|move|p1a: Gliscor|Knock Off|p2a: Bronzong
|-supereffective|p2a: Bronzong
|-damage|p2a: Bronzong|29/100
|-enditem|p2a: Bronzong|Leftovers|[from] move: Knock Off|[of] p1a: Gliscor
|move|p2a: Bronzong|Psychic Noise|p1a: Gliscor
|-damage|p1a: Gliscor|7/100 tox
|
|-end|p1a: Gliscor|move: Heal Block
|upkeep
|turn|44
|
|t:|1769342269
|move|p1a: Gliscor|Protect|p1a: Gliscor
|-singleturn|p1a: Gliscor|Protect
|move|p2a: Bronzong|Psychic Noise|p1a: Gliscor
|-activate|p1a: Gliscor|move: Protect
|
|-heal|p1a: Gliscor|19/100 tox|[from] ability: Poison Heal
|upkeep
|turn|45
|
|t:|1769342284
|switch|p1a: Corviknight|Corviknight, F|100/100
|-damage|p1a: Corviknight|88/100|[from] Stealth Rock
|-ability|p1a: Corviknight|Pressure
|move|p2a: Bronzong|Psychic Noise|p1a: Corviknight
|-resisted|p1a: Corviknight
|-damage|p1a: Corviknight|77/100
|-start|p1a: Corviknight|move: Heal Block
|
|upkeep
|turn|46
|
|t:|1769342298
|switch|p2a: Samurott|Samurott-Hisui, F|100/100
|-damage|p2a: Samurott|88/100|[from] Stealth Rock
|move|p1a: Corviknight|Defog|p2a: Samurott
|-unboost|p2a: Samurott|evasion|1
|-sideend|p2: tommytt22|Stealth Rock|[from] move: Defog|[of] p1a: Corviknight
|-sideend|p1: ratca|Stealth Rock|[from] move: Defog|[of] p1a: Corviknight
|
|-end|p1a: Corviknight|move: Heal Block
|upkeep
|turn|47
|
|t:|1769342310
|move|p2a: Samurott|Knock Off|p1a: Corviknight
|-damage|p1a: Corviknight|53/100
|-enditem|p1a: Corviknight|Leftovers|[from] move: Knock Off|[of] p2a: Samurott
|move|p1a: Corviknight|U-turn|p2a: Samurott
|-supereffective|p2a: Samurott
|-damage|p2a: Samurott|48/100
|
|t:|1769342317
|switch|p1a: Hydrapple|Hydrapple, M|72/100|[from] U-turn
|
|upkeep
|turn|48
|
|t:|1769342323
|switch|p2a: Skeledirge|Skeledirge, F|100/100
|move|p1a: Hydrapple|Giga Drain|p2a: Skeledirge
|-resisted|p2a: Skeledirge
|-damage|p2a: Skeledirge|83/100
|-heal|p1a: Hydrapple|81/100|[from] drain|[of] p2a: Skeledirge
|-damage|p1a: Hydrapple|71/100|[from] item: Life Orb
|
|upkeep
|turn|49
|
|t:|1769342332
|switch|p1a: Blissey|Blissey, F|94/100
|move|p2a: Skeledirge|Slack Off|p2a: Skeledirge
|-heal|p2a: Skeledirge|100/100
|
|upkeep
|turn|50
|
|t:|1769342342
|switch|p2a: Gliscor|Gliscor, F, tera:Normal|100/100 tox
|move|p1a: Blissey|Seismic Toss|p2a: Gliscor
|-damage|p2a: Gliscor|72/100 tox
|
|-heal|p2a: Gliscor|85/100 tox|[from] ability: Poison Heal
|upkeep
|turn|51
|
|t:|1769342353
|switch|p1a: Corviknight|Corviknight, F|53/100
|-ability|p1a: Corviknight|Pressure
|move|p2a: Gliscor|Swords Dance|p2a: Gliscor
|-boost|p2a: Gliscor|atk|2
|
|-heal|p2a: Gliscor|97/100 tox|[from] ability: Poison Heal
|upkeep
|turn|52
|
|t:|1769342361
|move|p2a: Gliscor|Facade|p1a: Corviknight
|-resisted|p1a: Corviknight
|-damage|p1a: Corviknight|24/100
|move|p1a: Corviknight|Roost|p1a: Corviknight
|-heal|p1a: Corviknight|74/100
|-singleturn|p1a: Corviknight|move: Roost
|
|-heal|p2a: Gliscor|100/100 tox|[from] ability: Poison Heal
|upkeep
|turn|53
|
|t:|1769342373
|move|p2a: Gliscor|Swords Dance|p2a: Gliscor
|-boost|p2a: Gliscor|atk|2
|move|p1a: Corviknight|U-turn|p2a: Gliscor
|-damage|p2a: Gliscor|89/100 tox
|
|t:|1769342379
|switch|p1a: Dondozo|Dondozo, F|84/100|[from] U-turn
|
|-heal|p1a: Dondozo|90/100|[from] item: Leftovers
|-heal|p2a: Gliscor|100/100 tox|[from] ability: Poison Heal
|upkeep
|turn|54
|
|t:|1769342385
|move|p2a: Gliscor|Earthquake|p1a: Dondozo
|-damage|p1a: Dondozo|76/100
|move|p1a: Dondozo|Curse|p1a: Dondozo
|-unboost|p1a: Dondozo|spe|1
|-boost|p1a: Dondozo|atk|1
|-boost|p1a: Dondozo|def|1
|
|-heal|p1a: Dondozo|82/100|[from] item: Leftovers
|upkeep
|turn|55
|
|t:|1769342395
|move|p2a: Gliscor|Earthquake|p1a: Dondozo
|-crit|p1a: Dondozo
|-damage|p1a: Dondozo|58/100
|move|p1a: Dondozo|Curse|p1a: Dondozo
|-unboost|p1a: Dondozo|spe|1
|-boost|p1a: Dondozo|atk|1
|-boost|p1a: Dondozo|def|1
|
|-heal|p1a: Dondozo|64/100|[from] item: Leftovers
|upkeep
|turn|56
|
|t:|1769342405
|switch|p2a: Amoonguss|Amoonguss, M|98/100
|move|p1a: Dondozo|Rest|p1a: Dondozo
|-status|p1a: Dondozo|slp|[from] move: Rest
|-heal|p1a: Dondozo|100/100 slp|[silent]
|
|upkeep
|turn|57
|
|t:|1769342412
|switch|p1a: Hydrapple|Hydrapple, M|100/100
|move|p2a: Amoonguss|Sludge Bomb|p1a: Hydrapple
|-supereffective|p1a: Hydrapple
|-damage|p1a: Hydrapple|46/100
|-status|p1a: Hydrapple|psn
|
|-damage|p1a: Hydrapple|33/100 psn|[from] psn
|upkeep
|turn|58
|
|t:|1769342423
|switch|p1a: Blissey|Blissey, F|94/100
|move|p2a: Amoonguss|Giga Drain|p1a: Blissey
|-damage|p1a: Blissey|86/100
|-heal|p2a: Amoonguss|100/100|[from] drain|[of] p1a: Blissey
|
|upkeep
|turn|59
|
|t:|1769342430
|switch|p2a: Gliscor|Gliscor, F, tera:Normal|100/100 tox
|move|p1a: Blissey|Stealth Rock|p2a: Gliscor
|-sidestart|p2: tommytt22|move: Stealth Rock
|
|upkeep
|turn|60
|
|t:|1769342436
|switch|p1a: Hydrapple|Hydrapple, M|67/100 psn
|move|p2a: Gliscor|Swords Dance|p2a: Gliscor
|-boost|p2a: Gliscor|atk|2
|
|-damage|p1a: Hydrapple|54/100 psn|[from] psn
|upkeep
|turn|61
|
|t:|1769342443
|switch|p1a: Dondozo|Dondozo, F|100/100 slp
|move|p2a: Gliscor|Facade|p1a: Dondozo
|-damage|p1a: Dondozo|81/100 slp
|
|-heal|p1a: Dondozo|88/100 slp|[from] item: Leftovers
|upkeep
|turn|62
|
|t:|1769342450
|switch|p2a: Amoonguss|Amoonguss, M|100/100
|-damage|p2a: Amoonguss|88/100|[from] Stealth Rock
|cant|p1a: Dondozo|slp
|move|p1a: Dondozo|Sleep Talk|p1a: Dondozo
|move|p1a: Dondozo|Rest||[from] move: Sleep Talk|[still]
|-fail|p1a: Dondozo
|
|-heal|p1a: Dondozo|94/100 slp|[from] item: Leftovers
|upkeep
|turn|63
|
|t:|1769342460
|switch|p1a: Clodsire|Clodsire, M|100/100
|move|p2a: Amoonguss|Giga Drain|p1a: Clodsire
|-damage|p1a: Clodsire|88/100
|-heal|p2a: Amoonguss|95/100|[from] drain|[of] p1a: Clodsire
|
|-heal|p1a: Clodsire|94/100|[from] item: Black Sludge
|upkeep
|turn|64
|
|t:|1769342467
|switch|p2a: Gliscor|Gliscor, F, tera:Normal|100/100 tox
|-damage|p2a: Gliscor|88/100 tox|[from] Stealth Rock
|move|p1a: Clodsire|Earthquake|p2a: Gliscor
|-damage|p2a: Gliscor|67/100 tox
|
|-heal|p1a: Clodsire|99/100|[from] item: Black Sludge
|-heal|p2a: Gliscor|79/100 tox|[from] ability: Poison Heal
|upkeep
|turn|65
|
|t:|1769342486
|switch|p2a: Samurott|Samurott-Hisui, F|48/100
|-damage|p2a: Samurott|36/100|[from] Stealth Rock
|switch|p1a: Hydrapple|Hydrapple, M|87/100 psn
|
|-damage|p1a: Hydrapple|75/100 psn|[from] psn
|upkeep
|turn|66
|
|t:|1769342498
|switch|p2a: Skeledirge|Skeledirge, F|100/100
|move|p1a: Hydrapple|Fickle Beam|p2a: Skeledirge|[anim] Fickle Beam All Out
|-activate|p1a: Hydrapple|move: Fickle Beam
|-damage|p2a: Skeledirge|26/100
|-damage|p1a: Hydrapple|65/100 psn|[from] item: Life Orb
|
|-damage|p1a: Hydrapple|53/100 psn|[from] psn
|upkeep
|turn|67
|
|t:|1769342522
|switch|p1a: Clodsire|Clodsire, M|99/100
|move|p2a: Skeledirge|Slack Off|p2a: Skeledirge
|-heal|p2a: Skeledirge|76/100
|
|-heal|p1a: Clodsire|100/100|[from] item: Black Sludge
|upkeep
|turn|68
|
|t:|1769342530
|switch|p2a: Amoonguss|Amoonguss, M|100/100
|-damage|p2a: Amoonguss|88/100|[from] Stealth Rock
|move|p1a: Clodsire|Toxic|p2a: Amoonguss
|-immune|p2a: Amoonguss
|
|upkeep
|turn|69
|
|t:|1769342541
|move|p2a: Amoonguss|Sludge Bomb|p1a: Clodsire
|-resisted|p1a: Clodsire
|-damage|p1a: Clodsire|97/100
|move|p1a: Clodsire|Earthquake|p2a: Amoonguss
|-damage|p2a: Amoonguss|70/100
|
|-heal|p1a: Clodsire|100/100|[from] item: Black Sludge
|upkeep
|turn|70
|
|t:|1769342550
|move|p2a: Amoonguss|Giga Drain|p1a: Clodsire
|-damage|p1a: Clodsire|88/100
|-heal|p2a: Amoonguss|77/100|[from] drain|[of] p1a: Clodsire
|move|p1a: Clodsire|Earthquake|p2a: Amoonguss
|-damage|p2a: Amoonguss|57/100
|
|-heal|p1a: Clodsire|94/100|[from] item: Black Sludge
|upkeep
|turn|71
|
|t:|1769342558
|switch|p1a: Corviknight|Corviknight, F|74/100
|-ability|p1a: Corviknight|Pressure
|move|p2a: Amoonguss|Synthesis|p2a: Amoonguss
|-heal|p2a: Amoonguss|100/100
|
|upkeep
|turn|72
|
|t:|1769342565
|move|p1a: Corviknight|U-turn|p2a: Amoonguss
|-crit|p2a: Amoonguss
|-damage|p2a: Amoonguss|84/100
|-damage|p1a: Corviknight|57/100|[from] item: Rocky Helmet|[of] p2a: Amoonguss
|
|t:|1769342570
|switch|p1a: Blissey|Blissey, F|86/100|[from] U-turn
|move|p2a: Amoonguss|Foul Play|p1a: Blissey
|-damage|p1a: Blissey|84/100
|
|upkeep
|turn|73
|
|t:|1769342577
|switch|p2a: Gliscor|Gliscor, F, tera:Normal|79/100 tox
|-damage|p2a: Gliscor|67/100 tox|[from] Stealth Rock
|move|p1a: Blissey|Seismic Toss|p2a: Gliscor
|-damage|p2a: Gliscor|39/100 tox
|
|-heal|p2a: Gliscor|51/100 tox|[from] ability: Poison Heal
|upkeep
|turn|74
|
|t:|1769342586
|switch|p1a: Corviknight|Corviknight, F|57/100
|-ability|p1a: Corviknight|Pressure
|move|p2a: Gliscor|Facade|p1a: Corviknight
|-resisted|p1a: Corviknight
|-damage|p1a: Corviknight|44/100
|
|-heal|p2a: Gliscor|63/100 tox|[from] ability: Poison Heal
|upkeep
|turn|75
|
|t:|1769342594
|move|p2a: Gliscor|Swords Dance|p2a: Gliscor
|-boost|p2a: Gliscor|atk|2
|move|p1a: Corviknight|Roost|p1a: Corviknight
|-heal|p1a: Corviknight|94/100
|-singleturn|p1a: Corviknight|move: Roost
|
|-heal|p2a: Gliscor|76/100 tox|[from] ability: Poison Heal
|upkeep
|turn|76
|
|t:|1769342603
|move|p2a: Gliscor|Facade|p1a: Corviknight
|-resisted|p1a: Corviknight
|-damage|p1a: Corviknight|65/100
|move|p1a: Corviknight|U-turn|p2a: Gliscor
|-damage|p2a: Gliscor|64/100 tox
|
|t:|1769342608
|switch|p1a: Gliscor|Gliscor, F|19/100 tox|[from] U-turn
|
|-heal|p2a: Gliscor|77/100 tox|[from] ability: Poison Heal
|-heal|p1a: Gliscor|32/100 tox|[from] ability: Poison Heal
|upkeep
|turn|77
|
|t:|1769342614
|move|p1a: Gliscor|Protect|p1a: Gliscor
|-singleturn|p1a: Gliscor|Protect
|move|p2a: Gliscor|Swords Dance|p2a: Gliscor
|-boost|p2a: Gliscor|atk|2
|
|-heal|p1a: Gliscor|44/100 tox|[from] ability: Poison Heal
|-heal|p2a: Gliscor|89/100 tox|[from] ability: Poison Heal
|upkeep
|turn|78
|
|t:|1769342622
|switch|p1a: Dondozo|Dondozo, F|94/100 slp
|move|p2a: Gliscor|Earthquake|p1a: Dondozo
|-damage|p1a: Dondozo|79/100 slp
|
|-heal|p1a: Dondozo|85/100 slp|[from] item: Leftovers
|-heal|p2a: Gliscor|100/100 tox|[from] ability: Poison Heal
|upkeep
|turn|79
|
|t:|1769342638
|switch|p2a: Amoonguss|Amoonguss, M|100/100
|-damage|p2a: Amoonguss|88/100|[from] Stealth Rock
|cant|p1a: Dondozo|slp
|move|p1a: Dondozo|Sleep Talk|p1a: Dondozo
|move|p1a: Dondozo|Rest||[from] move: Sleep Talk|[still]
|-fail|p1a: Dondozo
|
|-heal|p1a: Dondozo|91/100 slp|[from] item: Leftovers
|upkeep
|turn|80
|
|t:|1769342653
|switch|p1a: Corviknight|Corviknight, F|65/100
|-ability|p1a: Corviknight|Pressure
|switch|p2a: Bronzong|Bronzong|29/100
|-damage|p2a: Bronzong|23/100|[from] Stealth Rock
|
|upkeep
|turn|81
|
|t:|1769342661
|move|p1a: Corviknight|Iron Head|p2a: Bronzong
|-resisted|p2a: Bronzong
|-damage|p2a: Bronzong|16/100
|cant|p2a: Bronzong|flinch
|
|upkeep
|turn|82
|
|t:|1769342668
|move|p2a: Bronzong|Protect|p2a: Bronzong
|-singleturn|p2a: Bronzong|Protect
|move|p1a: Corviknight|Iron Head|p2a: Bronzong
|-activate|p2a: Bronzong|move: Protect
|
|upkeep
|turn|83
|
|t:|1769342673
|move|p1a: Corviknight|Iron Head|p2a: Bronzong
|-resisted|p2a: Bronzong
|-damage|p2a: Bronzong|8/100
|move|p2a: Bronzong|Stealth Rock|p1a: Corviknight
|-sidestart|p1: ratca|move: Stealth Rock
|
|upkeep
|turn|84
|
|t:|1769342681
|switch|p2a: Cinderace|Cinderace, M|40/100
|move|p1a: Corviknight|Defog|p2a: Cinderace
|-unboost|p2a: Cinderace|evasion|1
|-sideend|p2: tommytt22|Stealth Rock|[from] move: Defog|[of] p1a: Corviknight
|-sideend|p1: ratca|Stealth Rock|[from] move: Defog|[of] p1a: Corviknight
|
|upkeep
|turn|85
|
|t:|1769342695
|switch|p1a: Hydrapple|Hydrapple, M|86/100 psn
|move|p2a: Cinderace|Pyro Ball|p1a: Hydrapple
|-damage|p1a: Hydrapple|57/100 psn
|
|-damage|p1a: Hydrapple|44/100 psn|[from] psn
|upkeep
|turn|86
|
|t:|1769342702
|switch|p1a: Dondozo|Dondozo, F|91/100 slp
|move|p2a: Cinderace|U-turn|p1a: Dondozo
|-start|p2a: Cinderace|typechange|Bug|[from] ability: Libero
|-damage|p1a: Dondozo|77/100 slp
|
|t:|1769342714
|switch|p2a: Samurott|Samurott-Hisui, F|36/100|[from] U-turn
|
|-heal|p1a: Dondozo|83/100 slp|[from] item: Leftovers
|upkeep
|turn|87
|
|t:|1769342723
|switch|p1a: Hydrapple|Hydrapple, M|78/100 psn
|move|p2a: Samurott|Ceaseless Edge|p1a: Hydrapple
|-damage|p1a: Hydrapple|55/100 psn
|-sidestart|p1: ratca|Spikes
|
|-damage|p1a: Hydrapple|43/100 psn|[from] psn
|upkeep
|turn|88
|
|t:|1769342730
|switch|p2a: Gliscor|Gliscor, F, tera:Normal|100/100 tox
|move|p1a: Hydrapple|Giga Drain|p2a: Gliscor
|-damage|p2a: Gliscor|66/100 tox
|-heal|p1a: Hydrapple|57/100 psn|[from] drain|[of] p2a: Gliscor
|-damage|p1a: Hydrapple|47/100 psn|[from] item: Life Orb
|
|-heal|p2a: Gliscor|78/100 tox|[from] ability: Poison Heal
|-damage|p1a: Hydrapple|35/100 psn|[from] psn
|upkeep
|turn|89
|
|t:|1769342741
|switch|p2a: Cinderace|Cinderace, M|40/100
|switch|p1a: Corviknight|Corviknight, F|65/100
|-ability|p1a: Corviknight|Pressure
|
|upkeep
|turn|90
|
|t:|1769342752
|switch|p1a: Dondozo|Dondozo, F|83/100 slp
|-damage|p1a: Dondozo|71/100 slp|[from] Spikes
|move|p2a: Cinderace|Pyro Ball|p1a: Dondozo
|-resisted|p1a: Dondozo
|-damage|p1a: Dondozo|59/100 slp
|
|-heal|p1a: Dondozo|65/100 slp|[from] item: Leftovers
|upkeep
|turn|91
|
|t:|1769342761
|move|p2a: Cinderace|U-turn|p1a: Dondozo
|-start|p2a: Cinderace|typechange|Bug|[from] ability: Libero
|-damage|p1a: Dondozo|49/100 slp
|
|t:|1769342767
|switch|p2a: Amoonguss|Amoonguss, M|100/100|[from] U-turn
|-curestatus|p1a: Dondozo|slp|[msg]
|move|p1a: Dondozo|Rest|p1a: Dondozo
|-status|p1a: Dondozo|slp|[from] move: Rest
|-heal|p1a: Dondozo|100/100 slp|[silent]
|
|upkeep
|turn|92
|
|t:|1769342781
|switch|p1a: Corviknight|Corviknight, F|65/100
|-ability|p1a: Corviknight|Pressure
|switch|p2a: Cinderace|Cinderace, M|40/100
|
|upkeep
|turn|93
|
|t:|1769342792
|switch|p1a: Dondozo|Dondozo, F|100/100 slp
|-damage|p1a: Dondozo|88/100 slp|[from] Spikes
|move|p2a: Cinderace|U-turn|p1a: Dondozo
|-start|p2a: Cinderace|typechange|Bug|[from] ability: Libero
|-damage|p1a: Dondozo|74/100 slp
|
|t:|1769342798
|switch|p2a: Samurott|Samurott-Hisui, F|36/100|[from] U-turn
|
|-heal|p1a: Dondozo|80/100 slp|[from] item: Leftovers
|upkeep
|turn|94
|
|t:|1769342804
|move|p2a: Samurott|Knock Off|p1a: Dondozo
|-damage|p1a: Dondozo|61/100 slp
|-enditem|p1a: Dondozo|Leftovers|[from] move: Knock Off|[of] p2a: Samurott
|cant|p1a: Dondozo|slp
|move|p1a: Dondozo|Sleep Talk|p1a: Dondozo
|move|p1a: Dondozo|Rest||[from] move: Sleep Talk|[still]
|-fail|p1a: Dondozo
|
|upkeep
|turn|95
|
|t:|1769342815
|move|p2a: Samurott|Ceaseless Edge|p1a: Dondozo
|-damage|p1a: Dondozo|40/100 slp
|-sidestart|p1: ratca|Spikes
|cant|p1a: Dondozo|slp
|move|p1a: Dondozo|Sleep Talk|p1a: Dondozo
|move|p1a: Dondozo|Rest||[from] move: Sleep Talk|[still]
|-fail|p1a: Dondozo
|
|upkeep
|turn|96
|
|t:|1769342837
|switch|p2a: Skeledirge|Skeledirge, F|76/100
|-curestatus|p1a: Dondozo|slp|[msg]
|move|p1a: Dondozo|Rest|p1a: Dondozo
|-status|p1a: Dondozo|slp|[from] move: Rest
|-heal|p1a: Dondozo|100/100 slp|[silent]
|
|upkeep
|turn|97
|
|t:|1769342852
|switch|p1a: Blissey|Blissey, F|84/100
|move|p2a: Skeledirge|Shadow Ball|p1a: Blissey
|-immune|p1a: Blissey
|
|upkeep
|turn|98
|
|t:|1769342865
|switch|p2a: Bronzong|Bronzong|8/100
|move|p1a: Blissey|Stealth Rock|p2a: Bronzong
|-sidestart|p2: tommytt22|move: Stealth Rock
|
|upkeep
|turn|99
|
|t:|1769342875
|move|p1a: Blissey|Seismic Toss|p2a: Bronzong
|-damage|p2a: Bronzong|0 fnt
|faint|p2a: Bronzong
|
|upkeep
|
|t:|1769342880
|switch|p2a: Cinderace|Cinderace, M|40/100
|turn|100
|
|t:|1769342884
|move|p2a: Cinderace|Pyro Ball|p1a: Blissey
|-damage|p1a: Blissey|31/100
|move|p1a: Blissey|Thunder Wave|p2a: Cinderace
|-status|p2a: Cinderace|par
|
|upkeep
|turn|101
|
|t:|1769342896
|move|p2a: Cinderace|U-turn|p1a: Blissey
|-start|p2a: Cinderace|typechange|Bug|[from] ability: Libero
|-damage|p1a: Blissey|0 fnt
|faint|p1a: Blissey
|
|t:|1769342908
|switch|p2a: Skeledirge|Skeledirge, F|76/100|[from] U-turn
|
|upkeep
|
|t:|1769342915
|switch|p1a: Clodsire|Clodsire, M|94/100
|-damage|p1a: Clodsire|78/100|[from] Spikes
|turn|102
|
|t:|1769342919
|move|p2a: Skeledirge|Will-O-Wisp|p1a: Clodsire
|-status|p1a: Clodsire|brn
|move|p1a: Clodsire|Earthquake|p2a: Skeledirge
|-supereffective|p2a: Skeledirge
|-damage|p2a: Skeledirge|58/100
|
|-heal|p1a: Clodsire|84/100 brn|[from] item: Black Sludge
|-damage|p1a: Clodsire|78/100 brn|[from] brn
|upkeep
|turn|103
|
|t:|1769342929
|switch|p2a: Gliscor|Gliscor, F, tera:Normal|78/100 tox
|-damage|p2a: Gliscor|66/100 tox|[from] Stealth Rock
|move|p1a: Clodsire|Toxic|p2a: Gliscor
|-fail|p2a: Gliscor|tox
|
|-heal|p1a: Clodsire|84/100 brn|[from] item: Black Sludge
|-heal|p2a: Gliscor|78/100 tox|[from] ability: Poison Heal
|-damage|p1a: Clodsire|78/100 brn|[from] brn
|upkeep
|turn|104
|
|t:|1769342941
|switch|p1a: Corviknight|Corviknight, F|65/100
|-ability|p1a: Corviknight|Pressure
|move|p2a: Gliscor|Swords Dance|p2a: Gliscor
|-boost|p2a: Gliscor|atk|2
|
|-heal|p2a: Gliscor|91/100 tox|[from] ability: Poison Heal
|upkeep
|turn|105
|
|t:|1769342949
|move|p2a: Gliscor|Facade|p1a: Corviknight
|-resisted|p1a: Corviknight
|-damage|p1a: Corviknight|36/100
|move|p1a: Corviknight|Defog|p2a: Gliscor
|-unboost|p2a: Gliscor|evasion|1
|-sideend|p2: tommytt22|Stealth Rock|[from] move: Defog|[of] p1a: Corviknight
|-sideend|p1: ratca|Spikes|[from] move: Defog|[of] p1a: Corviknight
|
|-heal|p2a: Gliscor|100/100 tox|[from] ability: Poison Heal
|upkeep
|turn|106
|
|t:|1769342958
|move|p2a: Gliscor|Facade|p1a: Corviknight
|-resisted|p1a: Corviknight
|-damage|p1a: Corviknight|10/100
|move|p1a: Corviknight|Roost|p1a: Corviknight
|-heal|p1a: Corviknight|60/100
|-singleturn|p1a: Corviknight|move: Roost
|
|upkeep
|turn|107
|
|t:|1769342965
|move|p2a: Gliscor|Swords Dance|p2a: Gliscor
|-boost|p2a: Gliscor|atk|2
|move|p1a: Corviknight|Roost|p1a: Corviknight
|-heal|p1a: Corviknight|100/100
|-singleturn|p1a: Corviknight|move: Roost
|
|upkeep
|turn|108
|
|t:|1769342973
|switch|p1a: Dondozo|Dondozo, F|100/100 slp
|move|p2a: Gliscor|Earthquake|p1a: Dondozo
|-damage|p1a: Dondozo|84/100 slp
|
|upkeep
|turn|109
|
|t:|1769342979
|move|p2a: Gliscor|Earthquake|p1a: Dondozo
|-damage|p1a: Dondozo|71/100 slp
|cant|p1a: Dondozo|slp
|move|p1a: Dondozo|Sleep Talk|p1a: Dondozo
|move|p1a: Dondozo|Curse|p1a: Dondozo|[from] move: Sleep Talk
|-unboost|p1a: Dondozo|spe|1
|-boost|p1a: Dondozo|atk|1
|-boost|p1a: Dondozo|def|1
|
|upkeep
|turn|110
|
|t:|1769342988
|switch|p2a: Amoonguss|Amoonguss, M|100/100
|cant|p1a: Dondozo|slp
|move|p1a: Dondozo|Sleep Talk|p1a: Dondozo
|move|p1a: Dondozo|Wave Crash|p2a: Amoonguss|[from] move: Sleep Talk
|-resisted|p2a: Amoonguss
|-damage|p2a: Amoonguss|78/100
|-damage|p1a: Dondozo|54/100 slp|[from] item: Rocky Helmet|[of] p2a: Amoonguss
|-damage|p1a: Dondozo|48/100 slp|[from] Recoil
|
|upkeep
|turn|111
|
|t:|1769343001
|switch|p1a: Clodsire|Clodsire, M|78/100 brn
|move|p2a: Amoonguss|Giga Drain|p1a: Clodsire
|-damage|p1a: Clodsire|66/100 brn
|-heal|p2a: Amoonguss|84/100|[from] drain|[of] p1a: Clodsire
|
|-heal|p1a: Clodsire|72/100 brn|[from] item: Black Sludge
|-damage|p1a: Clodsire|66/100 brn|[from] brn
|upkeep
|turn|112
|
|t:|1769343010
|switch|p2a: Gliscor|Gliscor, F, tera:Normal|100/100 tox
|move|p1a: Clodsire|Recover|p1a: Clodsire
|-heal|p1a: Clodsire|100/100 brn
|
|-damage|p1a: Clodsire|94/100 brn|[from] brn
|upkeep
|turn|113
|
|t:|1769343021
|switch|p1a: Dondozo|Dondozo, F|48/100 slp
|move|p2a: Gliscor|Swords Dance|p2a: Gliscor
|-boost|p2a: Gliscor|atk|2
|
|upkeep
|turn|114
|
|t:|1769343032
|switch|p2a: Samurott|Samurott-Hisui, F|36/100
|-curestatus|p1a: Dondozo|slp|[msg]
|move|p1a: Dondozo|Rest|p1a: Dondozo
|-status|p1a: Dondozo|slp|[from] move: Rest
|-heal|p1a: Dondozo|100/100 slp|[silent]
|
|upkeep
|turn|115
|
|t:|1769343040
|move|p2a: Samurott|Ceaseless Edge|p1a: Dondozo
|-damage|p1a: Dondozo|82/100 slp
|-sidestart|p1: ratca|Spikes
|cant|p1a: Dondozo|slp
|move|p1a: Dondozo|Sleep Talk|p1a: Dondozo
|move|p1a: Dondozo|Curse|p1a: Dondozo|[from] move: Sleep Talk
|-unboost|p1a: Dondozo|spe|1
|-boost|p1a: Dondozo|atk|1
|-boost|p1a: Dondozo|def|1
|
|upkeep
|turn|116
|
|t:|1769343052
|switch|p2a: Amoonguss|Amoonguss, M|100/100
|cant|p1a: Dondozo|slp
|move|p1a: Dondozo|Sleep Talk|p1a: Dondozo
|move|p1a: Dondozo|Wave Crash|p2a: Amoonguss|[from] move: Sleep Talk
|-resisted|p2a: Amoonguss
|-damage|p2a: Amoonguss|80/100
|-damage|p1a: Dondozo|66/100 slp|[from] item: Rocky Helmet|[of] p2a: Amoonguss
|-damage|p1a: Dondozo|60/100 slp|[from] Recoil
|
|upkeep
|turn|117
|
|t:|1769343068
|switch|p1a: Clodsire|Clodsire, M|94/100 brn
|-damage|p1a: Clodsire|82/100 brn|[from] Spikes
|move|p2a: Amoonguss|Giga Drain|p1a: Clodsire
|-damage|p1a: Clodsire|69/100 brn
|-heal|p2a: Amoonguss|87/100|[from] drain|[of] p1a: Clodsire
|
|-heal|p1a: Clodsire|75/100 brn|[from] item: Black Sludge
|-damage|p1a: Clodsire|69/100 brn|[from] brn
|upkeep
|turn|118
|
|t:|1769343079
|switch|p2a: Gliscor|Gliscor, F, tera:Normal|100/100 tox
|move|p1a: Clodsire|Recover|p1a: Clodsire
|-heal|p1a: Clodsire|100/100 brn
|
|-damage|p1a: Clodsire|94/100 brn|[from] brn
|upkeep
|turn|119
|
|t:|1769343088
|switch|p1a: Gliscor|Gliscor, F|44/100 tox
|move|p2a: Gliscor|Swords Dance|p2a: Gliscor
|-boost|p2a: Gliscor|atk|2
|
|-heal|p1a: Gliscor|57/100 tox|[from] ability: Poison Heal
|upkeep
|turn|120
|
|t:|1769343096
|move|p1a: Gliscor|Protect|p1a: Gliscor
|-singleturn|p1a: Gliscor|Protect
|move|p2a: Gliscor|Swords Dance|p2a: Gliscor
|-boost|p2a: Gliscor|atk|2
|
|-heal|p1a: Gliscor|69/100 tox|[from] ability: Poison Heal
|upkeep
|turn|121
|
|t:|1769343109
|switch|p1a: Dondozo|Dondozo, F|60/100 slp
|-damage|p1a: Dondozo|48/100 slp|[from] Spikes
|move|p2a: Gliscor|Facade|p1a: Dondozo
|-damage|p1a: Dondozo|27/100 slp
|
|upkeep
|turn|122
|
|t:|1769343135
|switch|p2a: Amoonguss|Amoonguss, M|100/100
|-curestatus|p1a: Dondozo|slp|[msg]
|move|p1a: Dondozo|Rest|p1a: Dondozo
|-status|p1a: Dondozo|slp|[from] move: Rest
|-heal|p1a: Dondozo|100/100 slp|[silent]
|
|upkeep
|turn|123
|
|t:|1769343149
|switch|p1a: Corviknight|Corviknight, F|100/100
|-ability|p1a: Corviknight|Pressure
|switch|p2a: Skeledirge|Skeledirge, F|58/100
|
|upkeep
|turn|124
|
|t:|1769343158
|move|p1a: Corviknight|U-turn|p2a: Skeledirge
|-resisted|p2a: Skeledirge
|-damage|p2a: Skeledirge|56/100
|
|t:|1769343164
|switch|p1a: Hydrapple|Hydrapple, M|68/100 psn|[from] U-turn
|-damage|p1a: Hydrapple|56/100 psn|[from] Spikes
|move|p2a: Skeledirge|Slack Off|p2a: Skeledirge
|-heal|p2a: Skeledirge|100/100
|
|-damage|p1a: Hydrapple|44/100 psn|[from] psn
|upkeep
|turn|125
|
|t:|1769343174
|switch|p1a: Clodsire|Clodsire, M|94/100 brn
|-damage|p1a: Clodsire|82/100 brn|[from] Spikes
|move|p2a: Skeledirge|Torch Song|p1a: Clodsire
|-damage|p1a: Clodsire|65/100 brn
|-boost|p2a: Skeledirge|spa|1
|
|-heal|p1a: Clodsire|71/100 brn|[from] item: Black Sludge
|-damage|p1a: Clodsire|65/100 brn|[from] brn
|upkeep
|turn|126
|
|t:|1769343185
|switch|p2a: Gliscor|Gliscor, F, tera:Normal|100/100 tox
|move|p1a: Clodsire|Recover|p1a: Clodsire
|-heal|p1a: Clodsire|100/100 brn
|
|-damage|p1a: Clodsire|94/100 brn|[from] brn
|upkeep
|turn|127
|
|t:|1769343195
|switch|p1a: Gliscor|Gliscor, F|69/100 tox
|move|p2a: Gliscor|Earthquake|p1a: Gliscor
|-immune|p1a: Gliscor
|
|-heal|p1a: Gliscor|82/100 tox|[from] ability: Poison Heal
|upkeep
|turn|128
|
|t:|1769343202
|move|p1a: Gliscor|Spikes|p2a: Gliscor
|-sidestart|p2: tommytt22|Spikes
|move|p2a: Gliscor|Swords Dance|p2a: Gliscor
|-boost|p2a: Gliscor|atk|2
|
|-heal|p1a: Gliscor|94/100 tox|[from] ability: Poison Heal
|upkeep
|turn|129
|
|t:|1769343211
|move|p1a: Gliscor|Knock Off|p2a: Gliscor
|-damage|p2a: Gliscor|90/100 tox
|move|p2a: Gliscor|Swords Dance|p2a: Gliscor
|-boost|p2a: Gliscor|atk|2
|
|-heal|p2a: Gliscor|100/100 tox|[from] ability: Poison Heal
|-heal|p1a: Gliscor|100/100 tox|[from] ability: Poison Heal
|upkeep
|turn|130
|
|t:|1769343222
|switch|p1a: Dondozo|Dondozo, F|100/100 slp
|-damage|p1a: Dondozo|88/100 slp|[from] Spikes
|move|p2a: Gliscor|Swords Dance|p2a: Gliscor
|-boost|p2a: Gliscor|atk|2
|
|upkeep
|turn|131
|
|t:|1769343229
|move|p2a: Gliscor|Earthquake|p1a: Dondozo
|-damage|p1a: Dondozo|72/100 slp
|cant|p1a: Dondozo|slp
|
|upkeep
|turn|132
|
|t:|1769343236
|move|p2a: Gliscor|Earthquake|p1a: Dondozo
|-damage|p1a: Dondozo|59/100 slp
|cant|p1a: Dondozo|slp
|
|upkeep
|turn|133
|
|t:|1769343246
|move|p2a: Gliscor|Earthquake|p1a: Dondozo
|-damage|p1a: Dondozo|45/100 slp
|-curestatus|p1a: Dondozo|slp|[msg]
|move|p1a: Dondozo|Rest|p1a: Dondozo
|-status|p1a: Dondozo|slp|[from] move: Rest
|-heal|p1a: Dondozo|100/100 slp|[silent]
|
|upkeep
|turn|134
|
|t:|1769343259
|switch|p2a: Amoonguss|Amoonguss, M|100/100
|-damage|p2a: Amoonguss|88/100|[from] Spikes
|cant|p1a: Dondozo|slp
|move|p1a: Dondozo|Sleep Talk|p1a: Dondozo
|move|p1a: Dondozo|Curse|p1a: Dondozo|[from] move: Sleep Talk
|-unboost|p1a: Dondozo|spe|1
|-boost|p1a: Dondozo|atk|1
|-boost|p1a: Dondozo|def|1
|
|upkeep
|turn|135
|
|t:|1769343274
|switch|p1a: Corviknight|Corviknight, F|100/100
|-ability|p1a: Corviknight|Pressure
|move|p2a: Amoonguss|Giga Drain|p1a: Corviknight
|-resisted|p1a: Corviknight
|-crit|p1a: Corviknight
|-damage|p1a: Corviknight|92/100
|-heal|p2a: Amoonguss|92/100|[from] drain|[of] p1a: Corviknight
|
|upkeep
|turn|136
|
|t:|1769343283
|move|p1a: Corviknight|Iron Head|p2a: Amoonguss
|-damage|p2a: Amoonguss|74/100
|-damage|p1a: Corviknight|75/100|[from] item: Rocky Helmet|[of] p2a: Amoonguss
|move|p2a: Amoonguss|Foul Play|p1a: Corviknight
|-damage|p1a: Corviknight|63/100
|
|upkeep
|turn|137
|
|t:|1769343292
|switch|p1a: Gliscor|Gliscor, F|100/100 tox
|move|p2a: Amoonguss|Synthesis|p2a: Amoonguss
|-heal|p2a: Amoonguss|100/100
|
|upkeep
|turn|138
|
|t:|1769343301
|move|p1a: Gliscor|Knock Off|p2a: Amoonguss
|-damage|p2a: Amoonguss|85/100
|-damage|p1a: Gliscor|84/100 tox|[from] item: Rocky Helmet|[of] p2a: Amoonguss
|-enditem|p2a: Amoonguss|Rocky Helmet|[from] move: Knock Off|[of] p1a: Gliscor
|move|p2a: Amoonguss|Foul Play|p1a: Gliscor
|-damage|p1a: Gliscor|72/100 tox
|
|-heal|p1a: Gliscor|84/100 tox|[from] ability: Poison Heal
|upkeep
|turn|139
|
|t:|1769343311
|switch|p2a: Gliscor|Gliscor, F, tera:Normal|100/100 tox
|-damage|p2a: Gliscor|88/100 tox|[from] Spikes
|move|p1a: Gliscor|Spikes|p2a: Gliscor
|-sidestart|p2: tommytt22|Spikes
|
|-heal|p2a: Gliscor|100/100 tox|[from] ability: Poison Heal
|-heal|p1a: Gliscor|97/100 tox|[from] ability: Poison Heal
|upkeep
|turn|140
|
|t:|1769343320
|switch|p1a: Corviknight|Corviknight, F|63/100
|-ability|p1a: Corviknight|Pressure
|move|p2a: Gliscor|Swords Dance|p2a: Gliscor
|-boost|p2a: Gliscor|atk|2
|
|upkeep
|turn|141
|
|t:|1769343329
|move|p2a: Gliscor|Swords Dance|p2a: Gliscor
|-boost|p2a: Gliscor|atk|2
|move|p1a: Corviknight|Roost|p1a: Corviknight
|-heal|p1a: Corviknight|100/100
|-singleturn|p1a: Corviknight|move: Roost
|
|upkeep
|turn|142
|
|t:|1769343336
|move|p2a: Gliscor|Swords Dance|p2a: Gliscor
|-boost|p2a: Gliscor|atk|2
|move|p1a: Corviknight|U-turn|p2a: Gliscor
|-damage|p2a: Gliscor|88/100 tox
|
|t:|1769343341
|switch|p1a: Dondozo|Dondozo, F|100/100 slp|[from] U-turn
|-damage|p1a: Dondozo|88/100 slp|[from] Spikes
|
|-heal|p2a: Gliscor|100/100 tox|[from] ability: Poison Heal
|upkeep
|turn|143
|
|t:|1769343347
|move|p2a: Gliscor|Facade|p1a: Dondozo
|-damage|p1a: Dondozo|68/100 slp
|cant|p1a: Dondozo|slp
|move|p1a: Dondozo|Sleep Talk|p1a: Dondozo
|move|p1a: Dondozo|Wave Crash|p2a: Gliscor|[from] move: Sleep Talk
|-damage|p2a: Gliscor|65/100 tox
|-damage|p1a: Dondozo|60/100 slp|[from] Recoil
|
|-heal|p2a: Gliscor|78/100 tox|[from] ability: Poison Heal
|upkeep
|turn|144
|
|t:|1769343357
|move|p2a: Gliscor|Facade|p1a: Dondozo
|-damage|p1a: Dondozo|40/100 slp
|-curestatus|p1a: Dondozo|slp|[msg]
|move|p1a: Dondozo|Curse|p1a: Dondozo
|-unboost|p1a: Dondozo|spe|1
|-boost|p1a: Dondozo|atk|1
|-boost|p1a: Dondozo|def|1
|
|-heal|p2a: Gliscor|90/100 tox|[from] ability: Poison Heal
|upkeep
|turn|145
|
|t:|1769343370
|move|p2a: Gliscor|Earthquake|p1a: Dondozo
|-damage|p1a: Dondozo|31/100
|move|p1a: Dondozo|Rest|p1a: Dondozo
|-status|p1a: Dondozo|slp|[from] move: Rest
|-heal|p1a: Dondozo|100/100 slp|[silent]
|
|-heal|p2a: Gliscor|100/100 tox|[from] ability: Poison Heal
|upkeep
|turn|146
|
|t:|1769343378
|switch|p2a: Amoonguss|Amoonguss, M|100/100
|-damage|p2a: Amoonguss|84/100|[from] Spikes
|cant|p1a: Dondozo|slp
|move|p1a: Dondozo|Sleep Talk|p1a: Dondozo
|move|p1a: Dondozo|Rest||[from] move: Sleep Talk|[still]
|-fail|p1a: Dondozo
|
|upkeep
|turn|147
|
|t:|1769343393
|switch|p1a: Gliscor|Gliscor, F|97/100 tox
|move|p2a: Amoonguss|Sludge Bomb|p1a: Gliscor
|-resisted|p1a: Gliscor
|-damage|p1a: Gliscor|81/100 tox
|
|-heal|p1a: Gliscor|94/100 tox|[from] ability: Poison Heal
|upkeep
|turn|148
|
|t:|1769343401
|move|p1a: Gliscor|Toxic|p2a: Amoonguss
|-immune|p2a: Amoonguss
|move|p2a: Amoonguss|Foul Play|p1a: Gliscor
|-crit|p1a: Gliscor
|-damage|p1a: Gliscor|76/100 tox
|
|-heal|p1a: Gliscor|89/100 tox|[from] ability: Poison Heal
|upkeep
|turn|149
|
|t:|1769343413
|move|p1a: Gliscor|Knock Off|p2a: Amoonguss
|-damage|p2a: Amoonguss|73/100
|move|p2a: Amoonguss|Foul Play|p1a: Gliscor
|-damage|p1a: Gliscor|76/100 tox
|
|-heal|p1a: Gliscor|88/100 tox|[from] ability: Poison Heal
|upkeep
|turn|150
|
|t:|1769343433
|move|p1a: Gliscor|Knock Off|p2a: Amoonguss
|-damage|p2a: Amoonguss|62/100
|move|p2a: Amoonguss|Giga Drain|p1a: Gliscor
|-damage|p1a: Gliscor|61/100 tox
|-heal|p2a: Amoonguss|74/100|[from] drain|[of] p1a: Gliscor
|
|-heal|p1a: Gliscor|73/100 tox|[from] ability: Poison Heal
|upkeep
|turn|151
|
|t:|1769343444
|switch|p2a: Gliscor|Gliscor, F, tera:Normal|100/100 tox
|-damage|p2a: Gliscor|84/100 tox|[from] Spikes
|move|p1a: Gliscor|Spikes|p2a: Gliscor
|-sidestart|p2: tommytt22|Spikes
|
|-heal|p2a: Gliscor|96/100 tox|[from] ability: Poison Heal
|-heal|p1a: Gliscor|86/100 tox|[from] ability: Poison Heal
|upkeep
|turn|152
|
|t:|1769343454
|switch|p1a: Hydrapple|Hydrapple, M|77/100 psn
|-damage|p1a: Hydrapple|65/100 psn|[from] Spikes
|move|p2a: Gliscor|Facade|p1a: Hydrapple
|-damage|p1a: Hydrapple|40/100 psn
|
|-heal|p2a: Gliscor|100/100 tox|[from] ability: Poison Heal
|-damage|p1a: Hydrapple|28/100 psn|[from] psn
|upkeep
|turn|153
|
|t:|1769343464
|switch|p1a: Corviknight|Corviknight, F|100/100
|-ability|p1a: Corviknight|Pressure
|move|p2a: Gliscor|Swords Dance|p2a: Gliscor
|-boost|p2a: Gliscor|atk|2
|
|upkeep
|turn|154
|
|t:|1769343474
|move|p2a: Gliscor|Swords Dance|p2a: Gliscor
|-boost|p2a: Gliscor|atk|2
|move|p1a: Corviknight|Iron Head|p2a: Gliscor
|-damage|p2a: Gliscor|80/100 tox
|
|-heal|p2a: Gliscor|93/100 tox|[from] ability: Poison Heal
|upkeep
|turn|155
|
|t:|1769343482
|move|p2a: Gliscor|Swords Dance|p2a: Gliscor
|-boost|p2a: Gliscor|atk|2
|move|p1a: Corviknight|U-turn|p2a: Gliscor
|-damage|p2a: Gliscor|81/100 tox
|
|t:|1769343486
|switch|p1a: Dondozo|Dondozo, F|100/100 slp|[from] U-turn
|-damage|p1a: Dondozo|88/100 slp|[from] Spikes
|
|-heal|p2a: Gliscor|94/100 tox|[from] ability: Poison Heal
|upkeep
|turn|156
|
|t:|1769343493
|move|p2a: Gliscor|Facade|p1a: Dondozo
|-damage|p1a: Dondozo|68/100 slp
|cant|p1a: Dondozo|slp
|move|p1a: Dondozo|Sleep Talk|p1a: Dondozo
|move|p1a: Dondozo|Rest||[from] move: Sleep Talk|[still]
|-fail|p1a: Dondozo
|
|-heal|p2a: Gliscor|100/100 tox|[from] ability: Poison Heal
|upkeep
|turn|157
|
|t:|1769343506
|move|p2a: Gliscor|Earthquake|p1a: Dondozo
|-damage|p1a: Dondozo|54/100 slp
|-curestatus|p1a: Dondozo|slp|[msg]
|move|p1a: Dondozo|Curse|p1a: Dondozo
|-unboost|p1a: Dondozo|spe|1
|-boost|p1a: Dondozo|atk|1
|-boost|p1a: Dondozo|def|1
|
|upkeep
|turn|158
|
|t:|1769343514
|switch|p2a: Amoonguss|Amoonguss, M|100/100
|-damage|p2a: Amoonguss|75/100|[from] Spikes
|move|p1a: Dondozo|Curse|p1a: Dondozo
|-unboost|p1a: Dondozo|spe|1
|-boost|p1a: Dondozo|atk|1
|-boost|p1a: Dondozo|def|1
|
|upkeep
|turn|159
|
|t:|1769343523
|switch|p1a: Hydrapple|Hydrapple, M|61/100 psn
|-damage|p1a: Hydrapple|49/100 psn|[from] Spikes
|move|p2a: Amoonguss|Giga Drain|p1a: Hydrapple
|-resisted|p1a: Hydrapple
|-damage|p1a: Hydrapple|43/100 psn
|-heal|p2a: Amoonguss|78/100|[from] drain|[of] p1a: Hydrapple
|
|-damage|p1a: Hydrapple|31/100 psn|[from] psn
|upkeep
|turn|160
|
|t:|1769343533
|switch|p1a: Corviknight|Corviknight, F|100/100
|-ability|p1a: Corviknight|Pressure
|move|p2a: Amoonguss|Sludge Bomb|p1a: Corviknight
|-immune|p1a: Corviknight
|
|upkeep
|turn|161
|
|t:|1769343540
|move|p1a: Corviknight|Iron Head|p2a: Amoonguss
|-damage|p2a: Amoonguss|62/100
|move|p2a: Amoonguss|Synthesis|p2a: Amoonguss
|-heal|p2a: Amoonguss|100/100
|
|upkeep
|turn|162
|
|t:|1769343545
|switch|p2a: Skeledirge|Skeledirge, F|100/100
|move|p1a: Corviknight|U-turn|p2a: Skeledirge
|-resisted|p2a: Skeledirge
|-damage|p2a: Skeledirge|98/100
|
|t:|1769343551
|switch|p1a: Hydrapple|Hydrapple, M|64/100 psn|[from] U-turn
|-damage|p1a: Hydrapple|52/100 psn|[from] Spikes
|
|-damage|p1a: Hydrapple|40/100 psn|[from] psn
|upkeep
|turn|163
|
|t:|1769343559
|switch|p1a: Clodsire|Clodsire, M|94/100 brn
|-damage|p1a: Clodsire|82/100 brn|[from] Spikes
|move|p2a: Skeledirge|Torch Song|p1a: Clodsire
|-damage|p1a: Clodsire|66/100 brn
|-boost|p2a: Skeledirge|spa|1
|
|-heal|p1a: Clodsire|72/100 brn|[from] item: Black Sludge
|-damage|p1a: Clodsire|66/100 brn|[from] brn
|upkeep
|turn|164
|
|t:|1769343576
|switch|p2a: Amoonguss|Amoonguss, M|100/100
|-damage|p2a: Amoonguss|75/100|[from] Spikes
|move|p1a: Clodsire|Recover|p1a: Clodsire
|-heal|p1a: Clodsire|100/100 brn
|
|-damage|p1a: Clodsire|94/100 brn|[from] brn
|upkeep
|turn|165
|
|t:|1769343586
|switch|p1a: Corviknight|Corviknight, F|100/100
|-ability|p1a: Corviknight|Pressure
|move|p2a: Amoonguss|Foul Play|p1a: Corviknight
|-damage|p1a: Corviknight|89/100
|
|upkeep
|turn|166
|
|t:|1769343595
|move|p1a: Corviknight|U-turn|p2a: Amoonguss
|-damage|p2a: Amoonguss|64/100
|
|t:|1769343598
|switch|p1a: Gliscor|Gliscor, F|86/100 tox|[from] U-turn
|move|p2a: Amoonguss|Foul Play|p1a: Gliscor
|-damage|p1a: Gliscor|74/100 tox
|
|-heal|p1a: Gliscor|86/100 tox|[from] ability: Poison Heal
|upkeep
|turn|167
|
|t:|1769343605
|switch|p2a: Gliscor|Gliscor, F, tera:Normal|100/100 tox
|-damage|p2a: Gliscor|76/100 tox|[from] Spikes
|move|p1a: Gliscor|Protect||[still]
|-fail|p1a: Gliscor
|
|-heal|p1a: Gliscor|99/100 tox|[from] ability: Poison Heal
|-heal|p2a: Gliscor|88/100 tox|[from] ability: Poison Heal
|upkeep
|turn|168
|
|t:|1769343614
|move|p2a: Gliscor|Swords Dance|p2a: Gliscor
|-boost|p2a: Gliscor|atk|2
|move|p1a: Gliscor|Knock Off|p2a: Gliscor
|-damage|p2a: Gliscor|77/100 tox
|
|-heal|p1a: Gliscor|100/100 tox|[from] ability: Poison Heal
|-heal|p2a: Gliscor|89/100 tox|[from] ability: Poison Heal
|upkeep
|turn|169
|
|t:|1769343623
|switch|p1a: Dondozo|Dondozo, F|54/100
|-damage|p1a: Dondozo|42/100|[from] Spikes
|move|p2a: Gliscor|Swords Dance|p2a: Gliscor
|-boost|p2a: Gliscor|atk|2
|
|-heal|p2a: Gliscor|100/100 tox|[from] ability: Poison Heal
|upkeep
|turn|170
|
|t:|1769343634
|move|p2a: Gliscor|Earthquake|p1a: Dondozo
|-damage|p1a: Dondozo|27/100
|move|p1a: Dondozo|Curse|p1a: Dondozo
|-unboost|p1a: Dondozo|spe|1
|-boost|p1a: Dondozo|atk|1
|-boost|p1a: Dondozo|def|1
|
|upkeep
|turn|171
|
|t:|1769343644
|move|p2a: Gliscor|Protect|p2a: Gliscor
|-singleturn|p2a: Gliscor|Protect
|move|p1a: Dondozo|Wave Crash|p2a: Gliscor
|-activate|p2a: Gliscor|move: Protect
|
|upkeep
|turn|172
|
|t:|1769343655
|move|p2a: Gliscor|Earthquake|p1a: Dondozo
|-damage|p1a: Dondozo|17/100
|move|p1a: Dondozo|Wave Crash|p2a: Gliscor
|-damage|p2a: Gliscor|51/100 tox
|-damage|p1a: Dondozo|6/100|[from] Recoil
|
|-heal|p2a: Gliscor|63/100 tox|[from] ability: Poison Heal
|upkeep
|turn|173
|
|t:|1769343664
|move|p2a: Gliscor|Protect|p2a: Gliscor
|-singleturn|p2a: Gliscor|Protect
|move|p1a: Dondozo|Wave Crash|p2a: Gliscor
|-activate|p2a: Gliscor|move: Protect
|
|-heal|p2a: Gliscor|76/100 tox|[from] ability: Poison Heal
|upkeep
|turn|174
|
|t:|1769343675
|move|p2a: Gliscor|Facade|p1a: Dondozo
|-damage|p1a: Dondozo|0 fnt
|faint|p1a: Dondozo
|
|-heal|p2a: Gliscor|88/100 tox|[from] ability: Poison Heal
|upkeep
|
|t:|1769343684
|switch|p1a: Corviknight|Corviknight, F|89/100
|-ability|p1a: Corviknight|Pressure
|turn|175
|
|t:|1769343690
|-terastallize|p1a: Corviknight|Steel
|move|p2a: Gliscor|Swords Dance|p2a: Gliscor
|-boost|p2a: Gliscor|atk|2
|move|p1a: Corviknight|Iron Head|p2a: Gliscor
|-damage|p2a: Gliscor|62/100 tox
|
|-heal|p2a: Gliscor|74/100 tox|[from] ability: Poison Heal
|upkeep
|turn|176
|
|t:|1769343699
|move|p2a: Gliscor|Earthquake|p1a: Corviknight
|-supereffective|p1a: Corviknight
|-damage|p1a: Corviknight|0 fnt
|faint|p1a: Corviknight
|
|-heal|p2a: Gliscor|87/100 tox|[from] ability: Poison Heal
|upkeep
|-message|ratca forfeited.
|
|win|tommytt22
|raw|ratca's rating: 1510 &rarr; <strong>1488</strong><br />(-22 for losing)
|raw|tommytt22's rating: 1478 &rarr; <strong>1500</strong><br />(+22 for winning)
|l|☆ratca
|player|p1|
|l|☆tommytt22
|player|p2|
