|j|☆Harriiii22
|j|☆Cubavision
|t:|1769432081
|gametype|singles
|player|p1|Harriiii22|medium|1337
|player|p2|Cubavision|musician|1398
|gen|9
|tier|[Gen 9] OU
|rated|
|rule|HP Percentage Mod: HP is shown in percentages
|rule|Endless Battle Clause: Forcing endless battles is banned
|rule|Species Clause: Limit one of each Pokémon
|rule|OHKO Clause: OHKO moves are banned
|rule|Evasion Items Clause: Evasion items are banned
|rule|Evasion Moves Clause: Evasion moves are banned
|rule|Evasion Abilities Clause: Evasion abilities are banned
|rule|Sleep Moves Clause: Sleep-inducing moves are banned
|clearpoke
|poke|p1|Raging Bolt|
|poke|p1|Torkoal, F|
|poke|p1|Hatterene, F|
|poke|p1|Venusaur, F|
|poke|p1|Kingambit, M|
|poke|p1|Great Tusk|
|poke|p2|Dondozo, F|
|poke|p2|Gliscor, F|
|poke|p2|Muk-Alola, F|
|poke|p2|Gholdengo|
|poke|p2|Kyurem|
|poke|p2|Corviknight, F|
|teampreview
|inactive|Battle timer is ON: inactive players will automatically lose when time's up. (requested by Harriiii22)
|
|t:|1769432102
|teamsize|p1|6
|teamsize|p2|6
|start
|switch|p1a: Torkoal|Torkoal, F|100/100
|switch|p2a: Gliscor|Gliscor, F|100/100
|-weather|SunnyDay|[from] ability: Drought|[of] p1a: Torkoal
|turn|1
|
|t:|1769432121
|move|p2a: Gliscor|Protect|p2a: Gliscor
|-singleturn|p2a: Gliscor|Protect
|move|p1a: Torkoal|Stealth Rock|p2a: Gliscor
|-sidestart|p2: Cubavision|move: Stealth Rock
|
|-weather|SunnyDay|[upkeep]
|-status|p2a: Gliscor|tox|[from] item: Toxic Orb
|upkeep
|turn|2
|l|☆Cubavision
|inactive|Cubavision disconnected and has a minute to reconnect!
|player|p2|
|inactive|Cubavision has 30 seconds to reconnect!
|inactive|Cubavision has 20 seconds to reconnect!
|j|☆Cubavision
|inactive|Cubavision reconnected and has 105 seconds left.
|player|p2|Cubavision|musician|
|
|t:|1769432170
|switch|p1a: Venusaur|Venusaur, F|100/100
|move|p2a: Gliscor|Earthquake|p1a: Venusaur
|-damage|p1a: Venusaur|55/100
|
|-weather|SunnyDay|[upkeep]
|upkeep
|turn|3
|
|t:|1769432182
|move|p1a: Venusaur|Growth|p1a: Venusaur
|-boost|p1a: Venusaur|atk|2
|-boost|p1a: Venusaur|spa|2
|move|p2a: Gliscor|Earthquake|p1a: Venusaur
|-damage|p1a: Venusaur|9/100
|
|-weather|SunnyDay|[upkeep]
|upkeep
|turn|4
|inactive|Cubavision has 90 seconds left.
|
|t:|1769432205
|move|p2a: Gliscor|Protect|p2a: Gliscor
|-singleturn|p2a: Gliscor|Protect
|move|p1a: Venusaur|Giga Drain|p2a: Gliscor
|-activate|p2a: Gliscor|move: Protect
|
|-weather|SunnyDay|[upkeep]
|upkeep
|turn|5
|inactive|Cubavision has 90 seconds left.
|
|t:|1769432224
|switch|p2a: Muk|Muk-Alola, F|100/100
|-damage|p2a: Muk|88/100|[from] Stealth Rock
|move|p1a: Venusaur|Giga Drain|p2a: Muk
|-resisted|p2a: Muk
|-damage|p2a: Muk|64/100
|-heal|p1a: Venusaur|26/100|[from] drain|[of] p2a: Muk
|-damage|p1a: Venusaur|16/100|[from] item: Life Orb
|
|-weather|SunnyDay|[upkeep]
|-heal|p2a: Muk|70/100|[from] item: Leftovers
|upkeep
|turn|6
|inactive|Cubavision has 90 seconds left.
|
|t:|1769432238
|move|p2a: Muk|Protect|p2a: Muk
|-singleturn|p2a: Muk|Protect
|move|p1a: Venusaur|Earthquake|p2a: Muk
|-activate|p2a: Muk|move: Protect
|
|-weather|SunnyDay|[upkeep]
|-heal|p2a: Muk|76/100|[from] item: Leftovers
|upkeep
|turn|7
|inactive|Cubavision has 90 seconds left.
|
|t:|1769432248
|-terastallize|p2a: Muk|Bug
|move|p1a: Venusaur|Earthquake|p2a: Muk
|-resisted|p2a: Muk
|-damage|p2a: Muk|50/100
|-damage|p1a: Venusaur|6/100|[from] item: Life Orb
|move|p2a: Muk|Poison Jab|p1a: Venusaur
|-damage|p1a: Venusaur|0 fnt
|faint|p1a: Venusaur
|
|-weather|SunnyDay|[upkeep]
|-heal|p2a: Muk|56/100|[from] item: Leftovers
|upkeep
|
|t:|1769432261
|switch|p1a: Hatterene|Hatterene, F|100/100
|-item|p1a: Hatterene|Air Balloon
|turn|8
|
|t:|1769432271
|move|p2a: Muk|Protect|p2a: Muk
|-singleturn|p2a: Muk|Protect
|move|p1a: Hatterene|Trick Room|p1a: Hatterene
|-fieldstart|move: Trick Room|[of] p1a: Hatterene
|
|-weather|none
|-heal|p2a: Muk|62/100|[from] item: Leftovers
|upkeep
|turn|9
|
|t:|1769432282
|move|p1a: Hatterene|Mystical Fire|p2a: Muk
|-supereffective|p2a: Muk
|-damage|p2a: Muk|34/100
|-unboost|p2a: Muk|spa|1
|move|p2a: Muk|Poison Jab|p1a: Hatterene
|-supereffective|p1a: Hatterene
|-damage|p1a: Hatterene|47/100
|-status|p1a: Hatterene|psn
|-enditem|p1a: Hatterene|Air Balloon
|
|-heal|p2a: Muk|40/100|[from] item: Leftovers
|-damage|p1a: Hatterene|35/100 psn|[from] psn
|upkeep
|turn|10
|
|t:|1769432299
|move|p2a: Muk|Protect|p2a: Muk
|-singleturn|p2a: Muk|Protect
|move|p1a: Hatterene|Psychic Noise|p2a: Muk
|-activate|p2a: Muk|move: Protect
|
|-heal|p2a: Muk|46/100|[from] item: Leftovers
|-damage|p1a: Hatterene|23/100 psn|[from] psn
|upkeep
|turn|11
|
|t:|1769432308
|switch|p2a: Gliscor|Gliscor, F|100/100 tox
|-damage|p2a: Gliscor|88/100 tox|[from] Stealth Rock
|move|p1a: Hatterene|Psychic Noise|p2a: Gliscor
|-damage|p2a: Gliscor|57/100 tox
|-start|p2a: Gliscor|move: Heal Block
|
|-damage|p1a: Hatterene|10/100 psn|[from] psn
|upkeep
|turn|12
|
|t:|1769432327
|move|p2a: Gliscor|Protect|p2a: Gliscor
|-singleturn|p2a: Gliscor|Protect
|move|p1a: Hatterene|Psychic Noise|p2a: Gliscor
|-activate|p2a: Gliscor|move: Protect
|
|-damage|p1a: Hatterene|0 fnt|[from] psn
|faint|p1a: Hatterene
|-end|p2a: Gliscor|move: Heal Block
|-fieldend|move: Trick Room
|upkeep
|
|t:|1769432336
|switch|p1a: Torkoal|Torkoal, F|100/100
|-weather|SunnyDay|[from] ability: Drought|[of] p1a: Torkoal
|turn|13
|
|t:|1769432342
|move|p2a: Gliscor|Protect||[still]
|-fail|p2a: Gliscor
|move|p1a: Torkoal|Overheat|p2a: Gliscor
|-damage|p2a: Gliscor|0 fnt
|-unboost|p1a: Torkoal|spa|2
|faint|p2a: Gliscor
|
|-weather|SunnyDay|[upkeep]
|upkeep
|
|t:|1769432361
|switch|p2a: Kyurem|Kyurem|100/100
|-damage|p2a: Kyurem|75/100|[from] Stealth Rock
|-ability|p2a: Kyurem|Pressure
|turn|14
|inactive|Cubavision has 90 seconds left.
|
|t:|1769432385
|move|p2a: Kyurem|Substitute|p2a: Kyurem
|-start|p2a: Kyurem|Substitute
|-damage|p2a: Kyurem|50/100
|move|p1a: Torkoal|Earthquake|p2a: Kyurem
|-activate|p2a: Kyurem|move: Substitute|[damage]
|
|-weather|SunnyDay|[upkeep]
|-heal|p2a: Kyurem|57/100|[from] item: Leftovers
|upkeep
|turn|15
|inactive|Cubavision has 90 seconds left.
|
|t:|1769432406
|move|p2a: Kyurem|Earth Power|p1a: Torkoal
|-supereffective|p1a: Torkoal
|-damage|p1a: Torkoal|22/100
|move|p1a: Torkoal|Weather Ball|p2a: Kyurem
|-end|p2a: Kyurem|Substitute
|
|-weather|SunnyDay|[upkeep]
|-heal|p2a: Kyurem|63/100|[from] item: Leftovers
|upkeep
|turn|16
|inactive|Harriiii22 has 120 seconds left.
|
|t:|1769432430
|move|p2a: Kyurem|Substitute|p2a: Kyurem
|-start|p2a: Kyurem|Substitute
|-damage|p2a: Kyurem|38/100
|move|p1a: Torkoal|Overheat|p2a: Kyurem|[miss]
|-miss|p1a: Torkoal|p2a: Kyurem
|
|-weather|SunnyDay|[upkeep]
|-heal|p2a: Kyurem|44/100|[from] item: Leftovers
|upkeep
|turn|17
|inactive|Cubavision has 90 seconds left.
|
|t:|1769432438
|move|p2a: Kyurem|Protect|p2a: Kyurem
|-singleturn|p2a: Kyurem|Protect
|move|p1a: Torkoal|Overheat|p2a: Kyurem
|-activate|p2a: Kyurem|move: Protect
|
|-weather|SunnyDay|[upkeep]
|-heal|p2a: Kyurem|50/100|[from] item: Leftovers
|upkeep
|turn|18
|inactive|Harriiii22 has 120 seconds left.
|
|t:|1769432465
|move|p2a: Kyurem|Earth Power|p1a: Torkoal
|-supereffective|p1a: Torkoal
|-damage|p1a: Torkoal|0 fnt
|faint|p1a: Torkoal
|
|-weather|SunnyDay|[upkeep]
|-heal|p2a: Kyurem|56/100|[from] item: Leftovers
|upkeep
|
|t:|1769432473
|switch|p1a: Kingambit|Kingambit, M|100/100
|-activate|p1a: Kingambit|ability: Supreme Overlord
|-start|p1a: Kingambit|fallen3|[silent]
|turn|19
|
|t:|1769432490
|-terastallize|p1a: Kingambit|Fairy
|move|p2a: Kyurem|Earth Power|p1a: Kingambit
|-damage|p1a: Kingambit|71/100
|move|p1a: Kingambit|Swords Dance|p1a: Kingambit
|-boost|p1a: Kingambit|atk|2
|
|-weather|SunnyDay|[upkeep]
|-heal|p2a: Kyurem|63/100|[from] item: Leftovers
|-heal|p1a: Kingambit|77/100|[from] item: Leftovers
|upkeep
|turn|20
|
|t:|1769432502
|move|p2a: Kyurem|Freeze-Dry|p1a: Kingambit
|-damage|p1a: Kingambit|45/100
|move|p1a: Kingambit|Iron Head|p2a: Kyurem
|-supereffective|p2a: Kyurem
|-end|p2a: Kyurem|Substitute
|
|-weather|none
|-heal|p2a: Kyurem|69/100|[from] item: Leftovers
|-heal|p1a: Kingambit|51/100|[from] item: Leftovers
|upkeep
|turn|21
|l|☆Cubavision
|inactive|Cubavision disconnected and has a minute to reconnect!
|player|p2|
|inactive|Cubavision has 30 seconds to reconnect!
|inactive|Cubavision has 20 seconds to reconnect!
|inactive|Cubavision has 15 seconds to reconnect!
|inactive|Cubavision has 10 seconds to reconnect!
|inactive|Cubavision has 5 seconds to reconnect!
|j|☆Cubavision
|inactive|Cubavision reconnected and has 40 seconds left.
|player|p2|Cubavision|musician|
|inactive|Cubavision has 30 seconds left.
|
|t:|1769432584
|switch|p2a: Dondozo|Dondozo, F|100/100
|-damage|p2a: Dondozo|88/100|[from] Stealth Rock
|move|p1a: Kingambit|Swords Dance|p1a: Kingambit
|-boost|p1a: Kingambit|atk|2
|
|-heal|p1a: Kingambit|57/100|[from] item: Leftovers
|-heal|p2a: Dondozo|94/100|[from] item: Leftovers
|upkeep
|turn|22
|inactive|Cubavision has 30 seconds left.
|
|t:|1769432595
|move|p1a: Kingambit|Kowtow Cleave|p2a: Dondozo
|-damage|p2a: Dondozo|67/100
|move|p2a: Dondozo|Waterfall|p1a: Kingambit
|-damage|p1a: Kingambit|36/100
|
|-heal|p1a: Kingambit|42/100|[from] item: Leftovers
|-heal|p2a: Dondozo|73/100|[from] item: Leftovers
|upkeep
|turn|23
|inactive|Cubavision has 30 seconds left.
|
|t:|1769432605
|move|p1a: Kingambit|Kowtow Cleave|p2a: Dondozo
|-damage|p2a: Dondozo|46/100
|move|p2a: Dondozo|Waterfall|p1a: Kingambit
|-damage|p1a: Kingambit|20/100
|
|-heal|p1a: Kingambit|26/100|[from] item: Leftovers
|-heal|p2a: Dondozo|52/100|[from] item: Leftovers
|upkeep
|turn|24
|
|t:|1769432610
|move|p1a: Kingambit|Kowtow Cleave|p2a: Dondozo
|-damage|p2a: Dondozo|24/100
|move|p2a: Dondozo|Rest|p2a: Dondozo
|-status|p2a: Dondozo|slp|[from] move: Rest
|-heal|p2a: Dondozo|100/100 slp|[silent]
|
|-heal|p1a: Kingambit|32/100|[from] item: Leftovers
|upkeep
|turn|25
|
|t:|1769432620
|move|p1a: Kingambit|Kowtow Cleave|p2a: Dondozo
|-damage|p2a: Dondozo|72/100 slp
|cant|p2a: Dondozo|slp
|move|p2a: Dondozo|Sleep Talk|p2a: Dondozo
|move|p2a: Dondozo|Curse|p2a: Dondozo|[from] move: Sleep Talk
|-unboost|p2a: Dondozo|spe|1
|-boost|p2a: Dondozo|atk|1
|-boost|p2a: Dondozo|def|1
|
|-heal|p1a: Kingambit|38/100|[from] item: Leftovers
|-heal|p2a: Dondozo|78/100 slp|[from] item: Leftovers
|upkeep
|turn|26
|
|t:|1769432633
|-end|p1a: Kingambit|fallen3|[silent]
|switch|p1a: Great Tusk|Great Tusk|100/100
|cant|p2a: Dondozo|slp
|move|p2a: Dondozo|Sleep Talk|p2a: Dondozo
|move|p2a: Dondozo|Waterfall|p1a: Great Tusk|[from] move: Sleep Talk
|-supereffective|p1a: Great Tusk
|-damage|p1a: Great Tusk|39/100
|-damage|p2a: Dondozo|61/100 slp|[from] item: Rocky Helmet|[of] p1a: Great Tusk
|
|-heal|p2a: Dondozo|68/100 slp|[from] item: Leftovers
|upkeep
|turn|27
|inactive|Cubavision has 30 seconds left.
|inactive|Cubavision has 20 seconds left.
|inactive|Cubavision has 15 seconds left.
|inactive|Cubavision has 10 seconds left.
|
|t:|1769432679
|move|p1a: Great Tusk|Sunny Day|p1a: Great Tusk
|-weather|SunnyDay
|-activate|p1a: Great Tusk|ability: Protosynthesis
|-start|p1a: Great Tusk|protosynthesisatk
|-curestatus|p2a: Dondozo|slp|[msg]
|move|p2a: Dondozo|Sleep Talk||[still]
|-fail|p2a: Dondozo
|
|-weather|SunnyDay|[upkeep]
|-heal|p2a: Dondozo|74/100|[from] item: Leftovers
|upkeep
|turn|28
|inactive|Cubavision has 20 seconds left this turn.
|inactive|Cubavision has 15 seconds left.
|
|t:|1769432696
|-end|p1a: Great Tusk|Protosynthesis|[silent]
|switch|p1a: Raging Bolt|Raging Bolt|100/100
|-activate|p1a: Raging Bolt|ability: Protosynthesis
|-start|p1a: Raging Bolt|protosynthesisspa
|move|p2a: Dondozo|Waterfall|p1a: Raging Bolt
|-resisted|p1a: Raging Bolt
|-damage|p1a: Raging Bolt|91/100
|
|-weather|SunnyDay|[upkeep]
|-heal|p2a: Dondozo|80/100|[from] item: Leftovers
|upkeep
|turn|29
|inactive|Cubavision has 25 seconds left this turn.
|inactive|Cubavision has 20 seconds left.
|inactive|Cubavision has 15 seconds left.
|inactive|Cubavision has 10 seconds left.
|
|t:|1769432712
|move|p1a: Raging Bolt|Solar Beam||[still]
|-prepare|p1a: Raging Bolt|Solar Beam
|-anim|p1a: Raging Bolt|Solar Beam|p2a: Dondozo
|-supereffective|p2a: Dondozo
|-damage|p2a: Dondozo|0 fnt
|faint|p2a: Dondozo
|-damage|p1a: Raging Bolt|81/100|[from] item: Life Orb
|
|-weather|SunnyDay|[upkeep]
|upkeep
|inactive|Cubavision has 15 seconds left this turn.
|inactive|Cubavision has 10 seconds left.
|
|t:|1769432720
|switch|p2a: Muk|Muk-Alola, F, tera:Bug|46/100
|-damage|p2a: Muk|22/100|[from] Stealth Rock
|turn|30
|inactive|Cubavision has 20 seconds left this turn.
|
|t:|1769432724
|move|p2a: Muk|Protect|p2a: Muk
|-singleturn|p2a: Muk|Protect
|move|p1a: Raging Bolt|Weather Ball|p2a: Muk
|-activate|p2a: Muk|move: Protect
|
|-weather|SunnyDay|[upkeep]
|-heal|p2a: Muk|28/100|[from] item: Leftovers
|upkeep
|turn|31
|inactive|Cubavision has 30 seconds left this turn.
|inactive|Cubavision has 20 seconds left.
|
|t:|1769432735
|move|p1a: Raging Bolt|Weather Ball|p2a: Muk
|-supereffective|p2a: Muk
|-damage|p2a: Muk|0 fnt
|faint|p2a: Muk
|-damage|p1a: Raging Bolt|71/100|[from] item: Life Orb
|
|-weather|none
|-end|p1a: Raging Bolt|Protosynthesis
|upkeep
|inactive|Cubavision has 25 seconds left this turn.
|
|t:|1769432739
|switch|p2a: Kyurem|Kyurem|69/100
|-damage|p2a: Kyurem|44/100|[from] Stealth Rock
|-ability|p2a: Kyurem|Pressure
|turn|32
|inactive|Cubavision has 30 seconds left.
|
|t:|1769432752
|move|p1a: Raging Bolt|Thunderclap|p2a: Kyurem
|-resisted|p2a: Kyurem
|-damage|p2a: Kyurem|20/100
|-damage|p1a: Raging Bolt|61/100|[from] item: Life Orb
|move|p2a: Kyurem|Freeze-Dry|p1a: Raging Bolt
|-supereffective|p1a: Raging Bolt
|-damage|p1a: Raging Bolt|0 fnt
|faint|p1a: Raging Bolt
|-end|p1a: Raging Bolt|Protosynthesis|[silent]
|
|-heal|p2a: Kyurem|26/100|[from] item: Leftovers
|upkeep
|
|t:|1769432758
|switch|p1a: Kingambit|Kingambit, M, tera:Fairy|38/100
|-activate|p1a: Kingambit|ability: Supreme Overlord
|-start|p1a: Kingambit|fallen4|[silent]
|turn|33
|
|t:|1769432766
|switch|p2a: Corviknight|Corviknight, F|100/100
|-damage|p2a: Corviknight|88/100|[from] Stealth Rock
|-ability|p2a: Corviknight|Pressure
|move|p1a: Kingambit|Swords Dance|p1a: Kingambit
|-boost|p1a: Kingambit|atk|2
|
|-heal|p1a: Kingambit|44/100|[from] item: Leftovers
|upkeep
|turn|34
|
|t:|1769432775
|move|p2a: Corviknight|Brave Bird|p1a: Kingambit
|-damage|p1a: Kingambit|13/100
|-damage|p2a: Corviknight|79/100|[from] Recoil
|move|p1a: Kingambit|Kowtow Cleave|p2a: Corviknight
|-damage|p2a: Corviknight|0 fnt
|-damage|p1a: Kingambit|0 fnt|[from] item: Rocky Helmet|[of] p2a: Corviknight
|faint|p2a: Corviknight
|faint|p1a: Kingambit
|-end|p1a: Kingambit|fallen4|[silent]
|
|upkeep
|
|t:|1769432788
|switch|p2a: Gholdengo|Gholdengo|100/100
|switch|p1a: Great Tusk|Great Tusk|39/100
|-damage|p2a: Gholdengo|94/100|[from] Stealth Rock
|-item|p2a: Gholdengo|Air Balloon
|turn|35
|
|t:|1769432804
|move|p1a: Great Tusk|Sunny Day|p1a: Great Tusk
|-weather|SunnyDay
|-activate|p1a: Great Tusk|ability: Protosynthesis
|-start|p1a: Great Tusk|protosynthesisatk
|move|p2a: Gholdengo|Make It Rain|p1a: Great Tusk
|-crit|p1a: Great Tusk
|-damage|p1a: Great Tusk|0 fnt
|-unboost|p2a: Gholdengo|spa|1
|faint|p1a: Great Tusk
|-end|p1a: Great Tusk|Protosynthesis|[silent]
|
|win|Cubavision
|raw|Harriiii22's rating: 1337 &rarr; <strong>1320</strong><br />(-17 for losing)
|raw|Cubavision's rating: 1398 &rarr; <strong>1415</strong><br />(+17 for winning)
|l|☆Harriiii22
|player|p1|
|l|☆Cubavision
|player|p2|
