|badge|p2|bronze|gen9uu|100-8
|uhtml|medal-msg|<div class="broadcast-blue">Curious what those medals under the avatar are? PS now has Ladder Seasons! For more information, check out the <a href="https://www.smogon.com/forums/threads/3740067/">thread on Smogon.</a></div>
|j|☆151htyrneh
|j|☆damorush
|t:|1769414581
|gametype|singles
|player|p1|151htyrneh|wallace|1698
|player|p2|damorush|169|1679
|gen|9
|tier|[Gen 9] OU
|rated|
|rule|HP Percentage Mod: HP is shown in percentages
|rule|Endless Battle Clause: Forcing endless battles is banned
|rule|Species Clause: Limit one of each Pokémon
|rule|OHKO Clause: OHKO moves are banned
|rule|Evasion Items Clause: Evasion items are banned
|rule|Evasion Moves Clause: Evasion moves are banned
|rule|Evasion Abilities Clause: Evasion abilities are banned
|rule|Sleep Moves Clause: Sleep-inducing moves are banned
|clearpoke
|poke|p1|Glimmora, M|
|poke|p1|Landorus-Therian, M|
|poke|p1|Kyurem|
|poke|p1|Kingambit, F|
|poke|p1|Iron Valiant|
|poke|p1|Hatterene, F|
|poke|p2|Iron Crown|
|poke|p2|Samurott-Hisui, F|
|poke|p2|Zapdos|
|poke|p2|Dragapult, M|
|poke|p2|Great Tusk|
|poke|p2|Iron Boulder|
|teampreview
|
|t:|1769414585
|teamsize|p1|6
|teamsize|p2|6
|start
|switch|p1a: Kyurem|Kyurem|100/100
|switch|p2a: Mindreader|Iron Crown|100/100
|-ability|p1a: Kyurem|Pressure
|turn|1
|
|t:|1769414590
|-terastallize|p1a: Kyurem|Ground
|move|p2a: Mindreader|Tachyon Cutter|p1a: Kyurem
|-damage|p1a: Kyurem|79/100
|-damage|p1a: Kyurem|56/100
|-hitcount|p1a: Kyurem|2
|move|p1a: Kyurem|Earth Power|p2a: Mindreader
|-supereffective|p2a: Mindreader
|-damage|p2a: Mindreader|1/100
|
|upkeep
|turn|2
|
|t:|1769414598
|move|p2a: Mindreader|Tachyon Cutter|p1a: Kyurem
|-damage|p1a: Kyurem|35/100
|-damage|p1a: Kyurem|15/100
|-hitcount|p1a: Kyurem|2
|move|p1a: Kyurem|Freeze-Dry|p2a: Mindreader
|-resisted|p2a: Mindreader
|-damage|p2a: Mindreader|0 fnt
|faint|p2a: Mindreader
|-end|p2a: Mindreader|Quark Drive|[silent]
|
|upkeep
|
|t:|1769414601
|switch|p2a: Parasite|Dragapult, M|100/100
|turn|3
|
|t:|1769414604
|switch|p1a: Landorus|Landorus-Therian, M|100/100
|-ability|p1a: Landorus|Intimidate|boost
|-fail|p2a: Parasite|unboost|[from] ability: Clear Body|[of] p2a: Parasite
|move|p2a: Parasite|U-turn|p1a: Landorus
|-resisted|p1a: Landorus
|-damage|p1a: Landorus|85/100
|-damage|p2a: Parasite|84/100|[from] item: Rocky Helmet|[of] p1a: Landorus
|
|t:|1769414628
|switch|p2a: Everytime We Touch|Samurott-Hisui, F|100/100|[from] U-turn
|
|upkeep
|turn|4
|
|t:|1769414635
|move|p2a: Everytime We Touch|Razor Shell|p1a: Landorus
|-supereffective|p1a: Landorus
|-damage|p1a: Landorus|0 fnt
|-damage|p2a: Everytime We Touch|84/100|[from] item: Rocky Helmet|[of] p1a: Landorus
|faint|p1a: Landorus
|
|upkeep
|
|t:|1769414640
|switch|p1a: Glimmora|Glimmora, M|100/100
|turn|5
|
|t:|1769414642
|move|p1a: Glimmora|Dazzling Gleam|p2a: Everytime We Touch
|-supereffective|p2a: Everytime We Touch
|-damage|p2a: Everytime We Touch|0 fnt
|faint|p2a: Everytime We Touch
|
|upkeep
|
|t:|1769414652
|switch|p2a: Revery|Iron Boulder|100/100
|-enditem|p2a: Revery|Booster Energy
|-activate|p2a: Revery|ability: Quark Drive|[fromitem]
|-start|p2a: Revery|quarkdrivespe
|turn|6
|
|t:|1769414656
|switch|p1a: Hatterene|Hatterene, F|100/100
|move|p2a: Revery|Swords Dance|p2a: Revery
|-boost|p2a: Revery|atk|2
|
|upkeep
|turn|7
|
|t:|1769414660
|move|p2a: Revery|Mighty Cleave|p1a: Hatterene
|-crit|p1a: Hatterene
|-damage|p1a: Hatterene|0 fnt
|-damage|p2a: Revery|84/100|[from] item: Rocky Helmet|[of] p1a: Hatterene
|faint|p1a: Hatterene
|
|upkeep
|
|t:|1769414664
|switch|p1a: Kingambit|Kingambit, F|100/100
|-activate|p1a: Kingambit|ability: Supreme Overlord
|-start|p1a: Kingambit|fallen2|[silent]
|turn|8
|
|t:|1769414668
|-terastallize|p2a: Revery|Fighting
|move|p2a: Revery|Close Combat|p1a: Kingambit
|-supereffective|p1a: Kingambit
|-damage|p1a: Kingambit|0 fnt
|-unboost|p2a: Revery|def|1
|-unboost|p2a: Revery|spd|1
|faint|p1a: Kingambit
|-end|p1a: Kingambit|fallen2|[silent]
|
|upkeep
|
|t:|1769414674
|switch|p1a: Iron Valiant|Iron Valiant|100/100
|-enditem|p1a: Iron Valiant|Booster Energy
|-activate|p1a: Iron Valiant|ability: Quark Drive|[fromitem]
|-start|p1a: Iron Valiant|quarkdrivespe
|turn|9
|j| Hybbridd
|
|t:|1769414684
|move|p2a: Revery|Zen Headbutt|p1a: Iron Valiant
|-supereffective|p1a: Iron Valiant
|-damage|p1a: Iron Valiant|0 fnt
|faint|p1a: Iron Valiant
|-end|p1a: Iron Valiant|Quark Drive|[silent]
|
|upkeep
|-message|151htyrneh forfeited.
|
|win|damorush
|raw|151htyrneh's rating: 1698 &rarr; <strong>1677</strong><br />(-21 for losing)
|raw|damorush's rating: 1679 &rarr; <strong>1700</strong><br />(+21 for winning)
|l| Hybbridd
|l|☆damorush
|player|p2|
|j| OUZQ Crocodile
|l| OUZQ Crocodile
