|j|‽Josector
|j|☆PinkyWinkyt
|t:|1769403391
|gametype|singles
|player|p1|Josector|benga|1351
|player|p2|PinkyWinkyt|266|1339
|gen|9
|tier|[Gen 9] OU
|rated|
|rule|HP Percentage Mod: HP is shown in percentages
|rule|Endless Battle Clause: Forcing endless battles is banned
|rule|Species Clause: Limit one of each Pokémon
|rule|OHKO Clause: OHKO moves are banned
|rule|Evasion Items Clause: Evasion items are banned
|rule|Evasion Moves Clause: Evasion moves are banned
|rule|Evasion Abilities Clause: Evasion abilities are banned
|rule|Sleep Moves Clause: Sleep-inducing moves are banned
|clearpoke
|poke|p1|Hydreigon, F|
|poke|p1|Slowking-Galar, F|
|poke|p1|Alomomola, F|
|poke|p1|Moltres|
|poke|p1|Lokix, F|
|poke|p1|Greninja-*, M|
|poke|p2|Gholdengo|
|poke|p2|Dragonite, F|
|poke|p2|Great Tusk|
|poke|p2|Garganacl, M|
|poke|p2|Incineroar, M|
|poke|p2|Primarina, F|
|teampreview
|inactive|Battle timer is ON: inactive players will automatically lose when time's up. (requested by PinkyWinkyt)
|
|t:|1769403409
|teamsize|p1|6
|teamsize|p2|6
|start
|switch|p1a: Alomomola|Alomomola, F|100/100
|switch|p2a: Incineroar|Incineroar, M, shiny|100/100
|-ability|p2a: Incineroar|Intimidate|boost
|-unboost|p1a: Alomomola|atk|1
|turn|1
|
|t:|1769403417
|move|p2a: Incineroar|Fake Out|p1a: Alomomola
|-damage|p1a: Alomomola|93/100
|cant|p1a: Alomomola|flinch
|
|upkeep
|turn|2
|
|t:|1769403420
|move|p2a: Incineroar|Knock Off|p1a: Alomomola
|-damage|p1a: Alomomola|64/100
|-enditem|p1a: Alomomola|Assault Vest|[from] move: Knock Off|[of] p2a: Incineroar
|move|p1a: Alomomola|Flip Turn|p2a: Incineroar
|-supereffective|p2a: Incineroar
|-damage|p2a: Incineroar|80/100
|
|t:|1769403435
|switch|p1a: Lokix|Lokix, F|100/100|[from] Flip Turn
|
|upkeep
|turn|3
|
|t:|1769403441
|move|p1a: Lokix|U-turn|p2a: Incineroar
|-damage|p2a: Incineroar|46/100
|
|t:|1769403443
|switch|p1a: Alomomola|Alomomola, F|97/100|[from] U-turn
|move|p2a: Incineroar|Flare Blitz|p1a: Alomomola
|-resisted|p1a: Alomomola
|-damage|p1a: Alomomola|80/100
|-damage|p2a: Incineroar|38/100|[from] Recoil
|
|upkeep
|turn|4
|
|t:|1769403454
|switch|p2a: Primarina|Primarina, F|100/100
|move|p1a: Alomomola|Flip Turn|p2a: Primarina
|-resisted|p2a: Primarina
|-damage|p2a: Primarina|91/100
|
|t:|1769403470
|switch|p1a: Slowking|Slowking-Galar, F|100/100|[from] Flip Turn
|
|upkeep
|turn|5
|
|t:|1769403476
|switch|p2a: Incineroar|Incineroar, M, shiny|38/100
|-ability|p2a: Incineroar|Intimidate|boost
|-unboost|p1a: Slowking|atk|1
|move|p1a: Slowking|Toxic|p2a: Incineroar
|-status|p2a: Incineroar|tox
|
|-damage|p2a: Incineroar|32/100 tox|[from] psn
|upkeep
|turn|6
|
|t:|1769403482
|switch|p1a: Alomomola|Alomomola, F|100/100
|move|p2a: Incineroar|Parting Shot|p1a: Alomomola
|-unboost|p1a: Alomomola|atk|1
|-unboost|p1a: Alomomola|spa|1
|
|t:|1769403494
|switch|p2a: Gholdengo|Gholdengo|100/100|[from] Parting Shot
|
|upkeep
|turn|7
|
|t:|1769403501
|move|p2a: Gholdengo|Shadow Ball|p1a: Alomomola
|-crit|p1a: Alomomola
|-damage|p1a: Alomomola|55/100
|move|p1a: Alomomola|Flip Turn|p2a: Gholdengo
|-damage|p2a: Gholdengo|87/100
|
|t:|1769403525
|switch|p1a: Hydreigon|Hydreigon, F|100/100|[from] Flip Turn
|
|upkeep
|turn|8
|
|t:|1769403532
|switch|p2a: Incineroar|Incineroar, M, shiny|32/100 tox
|-ability|p2a: Incineroar|Intimidate|boost
|-unboost|p1a: Hydreigon|atk|1
|switch|p1a: Alomomola|Alomomola, F|88/100
|
|-damage|p2a: Incineroar|26/100 tox|[from] psn
|upkeep
|turn|9
|
|t:|1769403537
|move|p2a: Incineroar|Fake Out|p1a: Alomomola
|-damage|p1a: Alomomola|80/100
|cant|p1a: Alomomola|flinch
|
|-damage|p2a: Incineroar|14/100 tox|[from] psn
|upkeep
|turn|10
|
|t:|1769403539
|move|p2a: Incineroar|Parting Shot|p1a: Alomomola
|-unboost|p1a: Alomomola|atk|1
|-unboost|p1a: Alomomola|spa|1
|
|t:|1769403544
|switch|p2a: Primarina|Primarina, F|91/100|[from] Parting Shot
|move|p1a: Alomomola|Flip Turn|p2a: Primarina
|-resisted|p2a: Primarina
|-damage|p2a: Primarina|85/100
|
|t:|1769403555
|switch|p1a: Slowking|Slowking-Galar, F|100/100|[from] Flip Turn
|
|upkeep
|turn|11
|
|t:|1769403560
|move|p2a: Primarina|Flip Turn|p1a: Slowking
|-damage|p1a: Slowking|85/100
|
|t:|1769403563
|switch|p2a: Gholdengo|Gholdengo|87/100|[from] Flip Turn
|move|p1a: Slowking|Psychic Noise|p2a: Gholdengo
|-resisted|p2a: Gholdengo
|-damage|p2a: Gholdengo|70/100
|-start|p2a: Gholdengo|move: Heal Block
|
|-heal|p1a: Slowking|91/100|[from] item: Black Sludge
|upkeep
|turn|12
|
|t:|1769403569
|move|p2a: Gholdengo|Thunderbolt|p1a: Slowking
|-damage|p1a: Slowking|74/100
|move|p1a: Slowking|Flamethrower|p2a: Gholdengo
|-supereffective|p2a: Gholdengo
|-damage|p2a: Gholdengo|22/100
|
|-heal|p1a: Slowking|80/100|[from] item: Black Sludge
|-end|p2a: Gholdengo|move: Heal Block
|upkeep
|turn|13
|
|t:|1769403573
|switch|p2a: Incineroar|Incineroar, M, shiny|14/100 tox
|-ability|p2a: Incineroar|Intimidate|boost
|-unboost|p1a: Slowking|atk|1
|move|p1a: Slowking|Flamethrower|p2a: Incineroar
|-resisted|p2a: Incineroar
|-damage|p2a: Incineroar|6/100 tox
|
|-heal|p1a: Slowking|86/100|[from] item: Black Sludge
|-damage|p2a: Incineroar|0 fnt|[from] psn
|faint|p2a: Incineroar
|upkeep
|inactive|PinkyWinkyt has 120 seconds left.
|
|t:|1769403607
|switch|p2a: Garganacl|Garganacl, M|100/100
|turn|14
|
|t:|1769403627
|move|p2a: Garganacl|Salt Cure|p1a: Slowking
|-damage|p1a: Slowking|71/100
|-start|p1a: Slowking|Salt Cure
|move|p1a: Slowking|Psychic Noise|p2a: Garganacl
|-damage|p2a: Garganacl|82/100
|-start|p2a: Garganacl|move: Heal Block
|
|-heal|p1a: Slowking|77/100|[from] item: Black Sludge
|-damage|p1a: Slowking|65/100|[from] Salt Cure
|upkeep
|turn|15
|
|t:|1769403644
|move|p2a: Garganacl|Iron Defense|p2a: Garganacl
|-boost|p2a: Garganacl|def|2
|-prepare|p1a: Slowking|Chilly Reception|[premajor]
|move|p1a: Slowking|Chilly Reception|p1a: Slowking
|-weather|Snowscape
|
|t:|1769403647
|switch|p1a: Hydreigon|Hydreigon, F|100/100|[from] Chilly Reception
|
|-weather|Snowscape|[upkeep]
|-end|p2a: Garganacl|move: Heal Block
|upkeep
|turn|16
|
|t:|1769403668
|move|p2a: Garganacl|Protect|p2a: Garganacl
|-singleturn|p2a: Garganacl|Protect
|move|p1a: Hydreigon|Flash Cannon|p2a: Garganacl
|-activate|p2a: Garganacl|move: Protect
|
|-weather|Snowscape|[upkeep]
|-heal|p2a: Garganacl|89/100|[from] item: Leftovers
|upkeep
|turn|17
|
|t:|1769403680
|switch|p2a: Gholdengo|Gholdengo|22/100
|move|p1a: Hydreigon|Flash Cannon|p2a: Gholdengo
|-resisted|p2a: Gholdengo
|-damage|p2a: Gholdengo|0 fnt
|faint|p2a: Gholdengo
|
|-weather|Snowscape|[upkeep]
|upkeep
|
|t:|1769403684
|switch|p2a: Primarina|Primarina, F|85/100
|turn|18
|
|t:|1769403690
|switch|p1a: Slowking|Slowking-Galar, F|98/100
|move|p2a: Primarina|Moonblast|p1a: Slowking
|-resisted|p1a: Slowking
|-damage|p1a: Slowking|82/100
|-unboost|p1a: Slowking|spa|1
|
|-weather|Snowscape|[upkeep]
|-heal|p1a: Slowking|88/100|[from] item: Black Sludge
|upkeep
|turn|19
|
|t:|1769403700
|move|p2a: Primarina|Flip Turn|p1a: Slowking
|-damage|p1a: Slowking|72/100
|
|t:|1769403714
|switch|p2a: Great Tusk|Great Tusk|100/100|[from] Flip Turn
|-prepare|p1a: Slowking|Chilly Reception|[premajor]
|move|p1a: Slowking|Chilly Reception|p1a: Slowking
|
|t:|1769403717
|switch|p1a: Moltres|Moltres|100/100|[from] Chilly Reception
|
|-weather|none
|upkeep
|turn|20
|
|t:|1769403722
|move|p1a: Moltres|Hurricane|p2a: Great Tusk
|-supereffective|p2a: Great Tusk
|-crit|p2a: Great Tusk
|-damage|p2a: Great Tusk|0 fnt
|faint|p2a: Great Tusk
|-end|p2a: Great Tusk|Protosynthesis|[silent]
|
|upkeep
|
|t:|1769403727
|switch|p2a: Dragonite|Dragonite, F|100/100
|turn|21
|
|t:|1769403736
|move|p2a: Dragonite|Dragon Dance|p2a: Dragonite
|-boost|p2a: Dragonite|atk|1
|-boost|p2a: Dragonite|spe|1
|move|p1a: Moltres|U-turn|p2a: Dragonite
|-resisted|p2a: Dragonite
|-damage|p2a: Dragonite|96/100
|
|t:|1769403758
|switch|p1a: Greninja|Greninja, M|100/100|[from] U-turn
|
|upkeep
|turn|22
|
|t:|1769403765
|-terastallize|p2a: Dragonite|Normal
|move|p2a: Dragonite|Extreme Speed|p1a: Greninja
|-damage|p1a: Greninja|0 fnt
|faint|p1a: Greninja
|
|upkeep
|
|t:|1769403775
|switch|p1a: Slowking|Slowking-Galar, F|100/100
|turn|23
|
|t:|1769403783
|move|p2a: Dragonite|Earthquake|p1a: Slowking
|-supereffective|p1a: Slowking
|-damage|p1a: Slowking|0 fnt
|faint|p1a: Slowking
|
|upkeep
|
|t:|1769403789
|switch|p1a: Hydreigon|Hydreigon, F|100/100
|turn|24
|
|t:|1769403805
|move|p2a: Dragonite|Dragon Claw|p1a: Hydreigon
|-supereffective|p1a: Hydreigon
|-damage|p1a: Hydreigon|0 fnt
|faint|p1a: Hydreigon
|
|upkeep
|
|t:|1769403818
|switch|p1a: Moltres|Moltres|100/100
|turn|25
|
|t:|1769403835
|switch|p2a: Garganacl|Garganacl, M|89/100
|move|p1a: Moltres|Flamethrower|p2a: Garganacl
|-resisted|p2a: Garganacl
|-damage|p2a: Garganacl|73/100
|
|-heal|p2a: Garganacl|79/100|[from] item: Leftovers
|upkeep
|turn|26
|
|t:|1769403841
|switch|p1a: Alomomola|Alomomola, F|100/100
|move|p2a: Garganacl|Salt Cure|p1a: Alomomola
|-damage|p1a: Alomomola|90/100
|-start|p1a: Alomomola|Salt Cure
|
|-heal|p2a: Garganacl|85/100|[from] item: Leftovers
|-damage|p1a: Alomomola|65/100|[from] Salt Cure
|upkeep
|turn|27
|
|t:|1769403849
|switch|p1a: Lokix|Lokix, F|100/100
|move|p2a: Garganacl|Protect||[still]
|-fail|p2a: Garganacl
|
|-heal|p2a: Garganacl|91/100|[from] item: Leftovers
|upkeep
|turn|28
|inactive|PinkyWinkyt has 120 seconds left.
|
|t:|1769403880
|move|p2a: Garganacl|Protect|p2a: Garganacl
|-singleturn|p2a: Garganacl|Protect
|move|p1a: Lokix|Knock Off|p2a: Garganacl
|-activate|p2a: Garganacl|move: Protect
|
|-heal|p2a: Garganacl|97/100|[from] item: Leftovers
|upkeep
|turn|29
|
|t:|1769403884
|move|p1a: Lokix|Knock Off|p2a: Garganacl
|-damage|p2a: Garganacl|67/100
|-enditem|p2a: Garganacl|Leftovers|[from] move: Knock Off|[of] p1a: Lokix
|move|p2a: Garganacl|Salt Cure|p1a: Lokix
|-supereffective|p1a: Lokix
|-damage|p1a: Lokix|60/100
|-start|p1a: Lokix|Salt Cure
|
|-damage|p1a: Lokix|47/100|[from] Salt Cure
|upkeep
|turn|30
|
|t:|1769403888
|switch|p1a: Alomomola|Alomomola, F|99/100
|move|p2a: Garganacl|Iron Defense|p2a: Garganacl
|-boost|p2a: Garganacl|def|2
|
|upkeep
|turn|31
|
|t:|1769403905
|move|p1a: Alomomola|Scald|p2a: Garganacl
|-supereffective|p2a: Garganacl
|-damage|p2a: Garganacl|50/100
|move|p2a: Garganacl|Salt Cure|p1a: Alomomola
|-damage|p1a: Alomomola|89/100
|-start|p1a: Alomomola|Salt Cure
|
|-damage|p1a: Alomomola|64/100|[from] Salt Cure
|upkeep
|turn|32
|
|t:|1769403914
|move|p1a: Alomomola|Flip Turn|p2a: Garganacl
|-supereffective|p2a: Garganacl
|-damage|p2a: Garganacl|39/100
|
|t:|1769403918
|switch|p1a: Lokix|Lokix, F|47/100|[from] Flip Turn
|move|p2a: Garganacl|Recover|p2a: Garganacl
|-heal|p2a: Garganacl|89/100
|
|upkeep
|turn|33
|
|t:|1769403929
|move|p1a: Lokix|U-turn|p2a: Garganacl
|-damage|p2a: Garganacl|77/100
|
|t:|1769403930
|switch|p1a: Alomomola|Alomomola, F|97/100|[from] U-turn
|move|p2a: Garganacl|Salt Cure|p1a: Alomomola
|-damage|p1a: Alomomola|86/100
|-start|p1a: Alomomola|Salt Cure
|
|-damage|p1a: Alomomola|61/100|[from] Salt Cure
|upkeep
|turn|34
|
|t:|1769403944
|move|p2a: Garganacl|Protect|p2a: Garganacl
|-singleturn|p2a: Garganacl|Protect
|move|p1a: Alomomola|Flip Turn|p2a: Garganacl
|-activate|p2a: Garganacl|move: Protect
|
|-damage|p1a: Alomomola|36/100|[from] Salt Cure
|upkeep
|turn|35
|
|t:|1769403949
|switch|p1a: Lokix|Lokix, F|47/100
|switch|p2a: Primarina|Primarina, F|85/100
|
|upkeep
|turn|36
|
|t:|1769403956
|move|p1a: Lokix|U-turn|p2a: Primarina
|-resisted|p2a: Primarina
|-damage|p2a: Primarina|38/100
|
|t:|1769403958
|switch|p1a: Alomomola|Alomomola, F|70/100|[from] U-turn
|move|p2a: Primarina|Moonblast|p1a: Alomomola
|-crit|p1a: Alomomola
|-damage|p1a: Alomomola|10/100
|-unboost|p1a: Alomomola|spa|1
|
|upkeep
|turn|37
|
|t:|1769403975
|move|p2a: Primarina|Energy Ball|p1a: Alomomola
|-supereffective|p1a: Alomomola
|-damage|p1a: Alomomola|0 fnt
|faint|p1a: Alomomola
|
|upkeep
|
|t:|1769403977
|switch|p1a: Lokix|Lokix, F|47/100
|turn|38
|
|t:|1769403985
|move|p1a: Lokix|U-turn|p2a: Primarina
|-resisted|p2a: Primarina
|-damage|p2a: Primarina|0 fnt
|faint|p2a: Primarina
|
|t:|1769403987
|switch|p1a: Moltres|Moltres|100/100|[from] U-turn
|
|upkeep
|
|t:|1769403992
|switch|p2a: Garganacl|Garganacl, M|77/100
|turn|39
|
|t:|1769404006
|-terastallize|p1a: Moltres|Fairy
|move|p1a: Moltres|Flamethrower|p2a: Garganacl
|-resisted|p2a: Garganacl
|-damage|p2a: Garganacl|62/100
|move|p2a: Garganacl|Salt Cure|p1a: Moltres
|-crit|p1a: Moltres
|-damage|p1a: Moltres|79/100
|-start|p1a: Moltres|Salt Cure
|
|-damage|p1a: Moltres|67/100|[from] Salt Cure
|upkeep
|turn|40
|
|t:|1769404015
|move|p1a: Moltres|Roost|p1a: Moltres
|-heal|p1a: Moltres|100/100
|move|p2a: Garganacl|Recover|p2a: Garganacl
|-heal|p2a: Garganacl|100/100
|
|-damage|p1a: Moltres|88/100|[from] Salt Cure
|upkeep
|turn|41
|
|t:|1769404035
|move|p1a: Moltres|Hurricane|p2a: Garganacl
|-resisted|p2a: Garganacl
|-damage|p2a: Garganacl|82/100
|-start|p2a: Garganacl|confusion
|-activate|p2a: Garganacl|confusion
|move|p2a: Garganacl|Salt Cure|p1a: Moltres
|-damage|p1a: Moltres|74/100
|
|-damage|p1a: Moltres|62/100|[from] Salt Cure
|upkeep
|turn|42
|
|t:|1769404057
|move|p1a: Moltres|Flamethrower|p2a: Garganacl
|-resisted|p2a: Garganacl
|-damage|p2a: Garganacl|67/100
|-activate|p2a: Garganacl|confusion
|move|p2a: Garganacl|Salt Cure|p1a: Moltres
|-damage|p1a: Moltres|48/100
|
|-damage|p1a: Moltres|35/100|[from] Salt Cure
|upkeep
|turn|43
|inactive|PinkyWinkyt has 120 seconds left.
|
|t:|1769404082
|move|p1a: Moltres|Roost|p1a: Moltres
|-heal|p1a: Moltres|86/100
|-end|p2a: Garganacl|confusion
|move|p2a: Garganacl|Salt Cure|p1a: Moltres
|-damage|p1a: Moltres|71/100
|
|-damage|p1a: Moltres|58/100|[from] Salt Cure
|upkeep
|turn|44
|
|t:|1769404086
|move|p1a: Moltres|Hurricane|p2a: Garganacl
|-resisted|p2a: Garganacl
|-damage|p2a: Garganacl|49/100
|move|p2a: Garganacl|Salt Cure|p1a: Moltres
|-crit|p1a: Moltres
|-damage|p1a: Moltres|38/100
|
|-damage|p1a: Moltres|26/100|[from] Salt Cure
|upkeep
|turn|45
|inactive|PinkyWinkyt has 120 seconds left.
|
|t:|1769404107
|move|p1a: Moltres|Roost|p1a: Moltres
|-heal|p1a: Moltres|76/100
|move|p2a: Garganacl|Recover|p2a: Garganacl
|-heal|p2a: Garganacl|99/100
|
|-damage|p1a: Moltres|64/100|[from] Salt Cure
|upkeep
|turn|46
|
|t:|1769404118
|move|p1a: Moltres|U-turn|p2a: Garganacl
|-damage|p2a: Garganacl|89/100
|
|t:|1769404119
|switch|p1a: Lokix|Lokix, F|47/100|[from] U-turn
|move|p2a: Garganacl|Salt Cure|p1a: Lokix
|-supereffective|p1a: Lokix
|-damage|p1a: Lokix|2/100
|-start|p1a: Lokix|Salt Cure
|
|-damage|p1a: Lokix|0 fnt|[from] Salt Cure
|faint|p1a: Lokix
|upkeep
|
|t:|1769404120
|switch|p1a: Moltres|Moltres, tera:Fairy|64/100
|turn|47
|
|t:|1769404130
|move|p1a: Moltres|Hurricane|p2a: Garganacl|[miss]
|-miss|p1a: Moltres|p2a: Garganacl
|move|p2a: Garganacl|Salt Cure|p1a: Moltres
|-damage|p1a: Moltres|51/100
|-start|p1a: Moltres|Salt Cure
|
|-damage|p1a: Moltres|39/100|[from] Salt Cure
|upkeep
|turn|48
|
|t:|1769404145
|move|p1a: Moltres|Roost|p1a: Moltres
|-heal|p1a: Moltres|89/100
|move|p2a: Garganacl|Salt Cure|p1a: Moltres
|-damage|p1a: Moltres|76/100
|
|-damage|p1a: Moltres|63/100|[from] Salt Cure
|upkeep
|turn|49
|
|t:|1769404148
|move|p1a: Moltres|Hurricane|p2a: Garganacl|[miss]
|-miss|p1a: Moltres|p2a: Garganacl
|move|p2a: Garganacl|Salt Cure|p1a: Moltres
|-damage|p1a: Moltres|49/100
|
|-damage|p1a: Moltres|37/100|[from] Salt Cure
|upkeep
|turn|50
|
|t:|1769404150
|move|p1a: Moltres|Roost|p1a: Moltres
|-heal|p1a: Moltres|87/100
|move|p2a: Garganacl|Salt Cure|p1a: Moltres
|-damage|p1a: Moltres|74/100
|
|-damage|p1a: Moltres|62/100|[from] Salt Cure
|upkeep
|turn|51
|
|t:|1769404151
|move|p1a: Moltres|Hurricane|p2a: Garganacl
|-resisted|p2a: Garganacl
|-damage|p2a: Garganacl|71/100
|move|p2a: Garganacl|Salt Cure|p1a: Moltres
|-damage|p1a: Moltres|50/100
|
|-damage|p1a: Moltres|37/100|[from] Salt Cure
|upkeep
|turn|52
|
|t:|1769404153
|move|p1a: Moltres|Hurricane|p2a: Garganacl
|-resisted|p2a: Garganacl
|-damage|p2a: Garganacl|50/100
|move|p2a: Garganacl|Salt Cure|p1a: Moltres
|-damage|p1a: Moltres|24/100
|
|-damage|p1a: Moltres|12/100|[from] Salt Cure
|upkeep
|turn|53
|
|t:|1769404154
|move|p1a: Moltres|Roost|p1a: Moltres
|-heal|p1a: Moltres|62/100
|move|p2a: Garganacl|Recover|p2a: Garganacl
|-heal|p2a: Garganacl|100/100
|
|-damage|p1a: Moltres|50/100|[from] Salt Cure
|upkeep
|turn|54
|
|t:|1769404156
|move|p1a: Moltres|Roost|p1a: Moltres
|-heal|p1a: Moltres|99/100
|move|p2a: Garganacl|Salt Cure|p1a: Moltres
|-damage|p1a: Moltres|87/100
|
|-damage|p1a: Moltres|75/100|[from] Salt Cure
|upkeep
|turn|55
|
|t:|1769404158
|move|p1a: Moltres|Hurricane|p2a: Garganacl
|-resisted|p2a: Garganacl
|-damage|p2a: Garganacl|80/100
|move|p2a: Garganacl|Salt Cure|p1a: Moltres
|-damage|p1a: Moltres|62/100
|
|-damage|p1a: Moltres|50/100|[from] Salt Cure
|upkeep
|turn|56
|
|t:|1769404160
|move|p1a: Moltres|Hurricane|p2a: Garganacl
|-resisted|p2a: Garganacl
|-damage|p2a: Garganacl|61/100
|move|p2a: Garganacl|Salt Cure|p1a: Moltres
|-damage|p1a: Moltres|37/100
|
|-damage|p1a: Moltres|24/100|[from] Salt Cure
|upkeep
|turn|57
|
|t:|1769404161
|move|p1a: Moltres|Roost|p1a: Moltres
|-heal|p1a: Moltres|74/100
|move|p2a: Garganacl|Salt Cure|p1a: Moltres
|-crit|p1a: Moltres
|-damage|p1a: Moltres|52/100
|
|-damage|p1a: Moltres|40/100|[from] Salt Cure
|upkeep
|turn|58
|
|t:|1769404163
|move|p1a: Moltres|Hurricane|p2a: Garganacl|[miss]
|-miss|p1a: Moltres|p2a: Garganacl
|move|p2a: Garganacl|Salt Cure|p1a: Moltres
|-crit|p1a: Moltres
|-damage|p1a: Moltres|19/100
|
|-damage|p1a: Moltres|7/100|[from] Salt Cure
|upkeep
|turn|59
|
|t:|1769404164
|move|p1a: Moltres|Hurricane|p2a: Garganacl
|-resisted|p2a: Garganacl
|-damage|p2a: Garganacl|41/100
|move|p2a: Garganacl|Recover|p2a: Garganacl
|-heal|p2a: Garganacl|91/100
|
|-damage|p1a: Moltres|0 fnt|[from] Salt Cure
|faint|p1a: Moltres
|
|win|PinkyWinkyt
|raw|Josector's rating: 1351 &rarr; <strong>1330</strong><br />(-21 for losing)
|raw|PinkyWinkyt's rating: 1339 &rarr; <strong>1360</strong><br />(+21 for winning)
|l|‽Josector
|player|p1|
|l|☆PinkyWinkyt
|player|p2|
