|j|☆BIGBODY55
|j|☆reffler22
|t:|1769299148
|gametype|singles
|player|p1|BIGBODY55|thorton|1207
|player|p2|reffler22|lucas|1226
|gen|9
|tier|[Gen 9] OU
|rated|
|rule|HP Percentage Mod: HP is shown in percentages
|rule|Endless Battle Clause: Forcing endless battles is banned
|rule|Species Clause: Limit one of each Pokémon
|rule|OHKO Clause: OHKO moves are banned
|rule|Evasion Items Clause: Evasion items are banned
|rule|Evasion Moves Clause: Evasion moves are banned
|rule|Evasion Abilities Clause: Evasion abilities are banned
|rule|Sleep Moves Clause: Sleep-inducing moves are banned
|clearpoke
|poke|p1|Gogoat, F|
|poke|p1|Zarude|
|poke|p1|Rillaboom, F|
|poke|p1|Kingambit, F|
|poke|p1|Hawlucha, M|
|poke|p1|Iron Moth|
|poke|p2|Corviknight, F|
|poke|p2|Glimmora, M|
|poke|p2|Ogerpon-Wellspring, F|
|poke|p2|Heatran, M|
|poke|p2|Hatterene, F|
|poke|p2|Dragapult, F|
|teampreview
|inactive|Battle timer is ON: inactive players will automatically lose when time's up. (requested by reffler22)
|
|t:|1769299161
|teamsize|p1|6
|teamsize|p2|6
|start
|switch|p1a: Rillaboom|Rillaboom, F|100/100
|switch|p2a: Glimmora|Glimmora, M|100/100
|-fieldstart|move: Grassy Terrain|[from] ability: Grassy Surge|[of] p1a: Rillaboom
|turn|1
|
|t:|1769299171
|move|p2a: Glimmora|Sludge Bomb|p1a: Rillaboom
|-supereffective|p1a: Rillaboom
|-crit|p1a: Rillaboom
|-damage|p1a: Rillaboom|0 fnt
|faint|p1a: Rillaboom
|
|upkeep
|
|t:|1769299180
|switch|p1a: Kingambit|Kingambit, F, shiny|100/100
|-activate|p1a: Kingambit|ability: Supreme Overlord
|-start|p1a: Kingambit|fallen1|[silent]
|turn|2
|
|t:|1769299189
|move|p2a: Glimmora|Stealth Rock|p1a: Kingambit
|-sidestart|p1: BIGBODY55|move: Stealth Rock
|move|p1a: Kingambit|Iron Head|p2a: Glimmora
|-supereffective|p2a: Glimmora
|-damage|p2a: Glimmora|0 fnt
|-activate|p2a: Glimmora|ability: Toxic Debris
|-sidestart|p1: BIGBODY55|move: Toxic Spikes
|faint|p2a: Glimmora
|
|upkeep
|
|t:|1769299203
|switch|p2a: Heatran|Heatran, M|100/100
|turn|3
|
|t:|1769299212
|move|p2a: Heatran|Flamethrower|p1a: Kingambit
|-supereffective|p1a: Kingambit
|-damage|p1a: Kingambit|0 fnt
|faint|p1a: Kingambit
|-end|p1a: Kingambit|fallen1|[silent]
|
|upkeep
|
|t:|1769299229
|switch|p1a: Hawlucha|Hawlucha, M|100/100
|-damage|p1a: Hawlucha|88/100|[from] Stealth Rock
|-enditem|p1a: Hawlucha|Grassy Seed
|-boost|p1a: Hawlucha|def|1|[from] item: Grassy Seed
|turn|4
|
|t:|1769299241
|-terastallize|p2a: Heatran|Flying
|move|p1a: Hawlucha|Defog|p2a: Heatran
|-unboost|p2a: Heatran|evasion|1
|-sideend|p1: BIGBODY55|Toxic Spikes|[from] move: Defog|[of] p1a: Hawlucha
|-sideend|p1: BIGBODY55|Stealth Rock|[from] move: Defog|[of] p1a: Hawlucha
|-fieldend|move: Grassy Terrain
|move|p2a: Heatran|Power Gem|p1a: Hawlucha
|-damage|p1a: Hawlucha|45/100
|
|upkeep
|turn|5
|
|t:|1769299255
|move|p1a: Hawlucha|Swords Dance|p1a: Hawlucha
|-boost|p1a: Hawlucha|atk|2
|move|p2a: Heatran|Flamethrower|p1a: Hawlucha
|-damage|p1a: Hawlucha|0 fnt
|faint|p1a: Hawlucha
|
|upkeep
|
|t:|1769299270
|switch|p1a: Gogoat|Gogoat, F|100/100
|turn|6
|
|t:|1769299274
|-terastallize|p1a: Gogoat|Water
|move|p1a: Gogoat|Wild Charge|p2a: Heatran
|-supereffective|p2a: Heatran
|-damage|p2a: Heatran|47/100
|-damage|p1a: Gogoat|90/100|[from] Recoil
|move|p2a: Heatran|Flamethrower|p1a: Gogoat
|-resisted|p1a: Gogoat
|-damage|p1a: Gogoat|76/100
|
|upkeep
|turn|7
|
|t:|1769299290
|switch|p2a: Hatterene|Hatterene, F|100/100
|move|p1a: Gogoat|Play Rough|p2a: Hatterene
|-damage|p2a: Hatterene|70/100
|
|-heal|p2a: Hatterene|76/100|[from] item: Leftovers
|upkeep
|turn|8
|
|t:|1769299303
|move|p1a: Gogoat|Horn Leech|p2a: Hatterene
|-damage|p2a: Hatterene|41/100
|-heal|p1a: Gogoat|88/100|[from] drain|[of] p2a: Hatterene
|move|p2a: Hatterene|Nuzzle|p1a: Gogoat
|-supereffective|p1a: Gogoat
|-damage|p1a: Gogoat|79/100
|-status|p1a: Gogoat|par
|
|-heal|p2a: Hatterene|47/100|[from] item: Leftovers
|upkeep
|turn|9
|
|t:|1769299319
|move|p2a: Hatterene|Psychic Noise|p1a: Gogoat
|-damage|p1a: Gogoat|56/100 par
|-start|p1a: Gogoat|move: Heal Block
|move|p1a: Gogoat|Wild Charge|p2a: Hatterene
|-damage|p2a: Hatterene|18/100
|-damage|p1a: Gogoat|51/100 par|[from] Recoil
|
|-heal|p2a: Hatterene|24/100|[from] item: Leftovers
|upkeep
|turn|10
|
|t:|1769299330
|move|p2a: Hatterene|Draining Kiss|p1a: Gogoat
|-damage|p1a: Gogoat|37/100 par
|-heal|p2a: Hatterene|39/100|[from] drain|[of] p1a: Gogoat
|move|p1a: Gogoat|Wild Charge|p2a: Hatterene
|-damage|p2a: Hatterene|12/100
|-damage|p1a: Gogoat|32/100 par|[from] Recoil
|
|-heal|p2a: Hatterene|18/100|[from] item: Leftovers
|-end|p1a: Gogoat|move: Heal Block
|upkeep
|turn|11
|
|t:|1769299341
|move|p2a: Hatterene|Psychic Noise|p1a: Gogoat
|-damage|p1a: Gogoat|11/100 par
|-start|p1a: Gogoat|move: Heal Block
|move|p1a: Gogoat|Wild Charge|p2a: Hatterene
|-damage|p2a: Hatterene|0 fnt
|faint|p2a: Hatterene
|-damage|p1a: Gogoat|8/100 par|[from] Recoil
|
|upkeep
|
|t:|1769299352
|switch|p2a: Dragapult|Dragapult, F|100/100
|turn|12
|
|t:|1769299363
|move|p2a: Dragapult|U-turn|p1a: Gogoat
|-damage|p1a: Gogoat|0 fnt
|faint|p1a: Gogoat
|
|t:|1769299367
|switch|p2a: Heatran|Heatran, M, tera:Flying|47/100|[from] U-turn
|
|upkeep
|
|t:|1769299375
|switch|p1a: Zarude|Zarude|100/100
|turn|13
|
|t:|1769299379
|move|p1a: Zarude|Knock Off|p2a: Heatran
|-damage|p2a: Heatran|5/100
|-enditem|p2a: Heatran|Assault Vest|[from] move: Knock Off|[of] p1a: Zarude
|move|p2a: Heatran|Flamethrower|p1a: Zarude
|-supereffective|p1a: Zarude
|-damage|p1a: Zarude|0 fnt
|faint|p1a: Zarude
|
|upkeep
|
|t:|1769299383
|switch|p1a: Dorito|Iron Moth, shiny|100/100
|-enditem|p1a: Dorito|Booster Energy
|-activate|p1a: Dorito|ability: Quark Drive|[fromitem]
|-start|p1a: Dorito|quarkdrivespe
|turn|14
|
|t:|1769299394
|move|p1a: Dorito|Sludge Wave|p2a: Heatran
|-damage|p2a: Heatran|0 fnt
|faint|p2a: Heatran
|
|upkeep
|
|t:|1769299400
|switch|p2a: Corviknight|Corviknight, F|100/100
|turn|15
|
|t:|1769299411
|move|p1a: Dorito|Substitute|p1a: Dorito
|-start|p1a: Dorito|Substitute
|-damage|p1a: Dorito|76/100
|move|p2a: Corviknight|Bulk Up|p2a: Corviknight
|-boost|p2a: Corviknight|atk|1
|-boost|p2a: Corviknight|def|1
|
|upkeep
|turn|16
|
|t:|1769299418
|move|p1a: Dorito|Fiery Dance|p2a: Corviknight
|-supereffective|p2a: Corviknight
|-damage|p2a: Corviknight|38/100
|-boost|p1a: Dorito|spa|1
|move|p2a: Corviknight|Bulk Up|p2a: Corviknight
|-boost|p2a: Corviknight|atk|1
|-boost|p2a: Corviknight|def|1
|
|upkeep
|turn|17
|
|t:|1769299428
|move|p1a: Dorito|Fiery Dance|p2a: Corviknight
|-supereffective|p2a: Corviknight
|-damage|p2a: Corviknight|0 fnt
|-boost|p1a: Dorito|spa|1
|faint|p2a: Corviknight
|
|upkeep
|
|t:|1769299436
|switch|p2a: Ogerpon|Ogerpon-Wellspring, F|100/100
|turn|18
|c|☆BIGBODY55|Nande
|
|t:|1769299441
|move|p1a: Dorito|Sludge Wave|p2a: Ogerpon
|-supereffective|p2a: Ogerpon
|-damage|p2a: Ogerpon|0 fnt
|faint|p2a: Ogerpon
|
|upkeep
|
|t:|1769299446
|switch|p2a: Dragapult|Dragapult, F|100/100
|turn|19
|
|t:|1769299451
|move|p1a: Dorito|Dazzling Gleam|p2a: Dragapult
|-supereffective|p2a: Dragapult
|-damage|p2a: Dragapult|0 fnt
|faint|p2a: Dragapult
|
|win|BIGBODY55
|raw|BIGBODY55's rating: 1207 &rarr; <strong>1233</strong><br />(+26 for winning)
|raw|reffler22's rating: 1226 &rarr; <strong>1200</strong><br />(-26 for losing)
|c|☆BIGBODY55|Chi to mate
|l|☆reffler22
|player|p2|
|l|☆BIGBODY55
|player|p1|
