|badge|p1|bronze|gen9doublesou|100-8
|uhtml|medal-msg|<div class="broadcast-blue">Curious what those medals under the avatar are? PS now has Ladder Seasons! For more information, check out the <a href="https://www.smogon.com/forums/threads/3740067/">thread on Smogon.</a></div>
|j|☆RNG Savage
|j|☆BoronB
|t:|1769381507
|gametype|singles
|player|p1|RNG Savage|giovanni-gen3|1371
|player|p2|BoronB|volkner|1422
|gen|9
|tier|[Gen 9] OU
|rated|
|rule|HP Percentage Mod: HP is shown in percentages
|rule|Endless Battle Clause: Forcing endless battles is banned
|rule|Species Clause: Limit one of each Pokémon
|rule|OHKO Clause: OHKO moves are banned
|rule|Evasion Items Clause: Evasion items are banned
|rule|Evasion Moves Clause: Evasion moves are banned
|rule|Evasion Abilities Clause: Evasion abilities are banned
|rule|Sleep Moves Clause: Sleep-inducing moves are banned
|clearpoke
|poke|p1|Great Tusk|
|poke|p1|Rhyperior, M|
|poke|p1|Ursaluna, M|
|poke|p1|Gliscor, M|
|poke|p1|Magnezone|
|poke|p1|Kingambit, M|
|poke|p2|Lokix, M|
|poke|p2|Pecharunt|
|poke|p2|Zamazenta-*|
|poke|p2|Ting-Lu|
|poke|p2|Latios, M|
|poke|p2|Gliscor, M|
|teampreview
|
|t:|1769381517
|teamsize|p1|6
|teamsize|p2|6
|start
|switch|p1a: Gliscor|Gliscor, M, shiny|100/100
|switch|p2a: Gliscor|Gliscor, M|100/100
|turn|1
|
|t:|1769381523
|move|p1a: Gliscor|Knock Off|p2a: Gliscor
|-damage|p2a: Gliscor|83/100
|-enditem|p2a: Gliscor|Toxic Orb|[from] move: Knock Off|[of] p1a: Gliscor
|move|p2a: Gliscor|Knock Off|p1a: Gliscor
|-damage|p1a: Gliscor|88/100
|-enditem|p1a: Gliscor|Toxic Orb|[from] move: Knock Off|[of] p2a: Gliscor
|
|upkeep
|turn|2
|
|t:|1769381531
|move|p1a: Gliscor|Stealth Rock|p2a: Gliscor
|-sidestart|p2: BoronB|move: Stealth Rock
|move|p2a: Gliscor|Spikes|p1a: Gliscor
|-sidestart|p1: RNG Savage|Spikes
|
|upkeep
|turn|3
|
|t:|1769381541
|switch|p1a: Great Tusk|Great Tusk|100/100
|-damage|p1a: Great Tusk|88/100|[from] Spikes
|-enditem|p1a: Great Tusk|Booster Energy
|-activate|p1a: Great Tusk|ability: Protosynthesis|[fromitem]
|-start|p1a: Great Tusk|protosynthesisspe
|move|p2a: Gliscor|Spikes|p1a: Great Tusk
|-sidestart|p1: RNG Savage|Spikes
|
|upkeep
|turn|4
|
|t:|1769381551
|switch|p2a: Pecharunt|Pecharunt|100/100
|move|p1a: Great Tusk|Bulk Up|p1a: Great Tusk
|-boost|p1a: Great Tusk|atk|1
|-boost|p1a: Great Tusk|def|1
|
|upkeep
|turn|5
|
|t:|1769381563
|move|p1a: Great Tusk|Headlong Rush|p2a: Pecharunt
|-supereffective|p2a: Pecharunt
|-damage|p2a: Pecharunt|29/100
|-unboost|p1a: Great Tusk|def|1
|-unboost|p1a: Great Tusk|spd|1
|move|p2a: Pecharunt|Malignant Chain|p1a: Great Tusk
|-resisted|p1a: Great Tusk
|-damage|p1a: Great Tusk|57/100
|
|upkeep
|turn|6
|
|t:|1769381575
|move|p1a: Great Tusk|Headlong Rush|p2a: Pecharunt
|-supereffective|p2a: Pecharunt
|-damage|p2a: Pecharunt|0 fnt
|-unboost|p1a: Great Tusk|def|1
|-unboost|p1a: Great Tusk|spd|1
|faint|p2a: Pecharunt
|
|upkeep
|
|t:|1769381587
|switch|p2a: Ting-Lu|Ting-Lu, shiny|100/100
|-damage|p2a: Ting-Lu|94/100|[from] Stealth Rock
|-ability|p2a: Ting-Lu|Vessel of Ruin
|turn|7
|
|t:|1769381595
|-terastallize|p2a: Ting-Lu|Ghost
|move|p1a: Great Tusk|Rapid Spin|p2a: Ting-Lu
|-immune|p2a: Ting-Lu
|move|p2a: Ting-Lu|Stealth Rock|p1a: Great Tusk
|-sidestart|p1: RNG Savage|move: Stealth Rock
|
|-heal|p2a: Ting-Lu|100/100|[from] item: Leftovers
|upkeep
|turn|8
|
|t:|1769381604
|move|p1a: Great Tusk|Headlong Rush|p2a: Ting-Lu
|-damage|p2a: Ting-Lu|58/100
|-unboost|p1a: Great Tusk|def|1
|-unboost|p1a: Great Tusk|spd|1
|move|p2a: Ting-Lu|Whirlwind|p1a: Great Tusk
|-end|p1a: Great Tusk|Protosynthesis|[silent]
|drag|p1a: Rhyperior|Rhyperior, M|100/100
|-damage|p1a: Rhyperior|84/100|[from] Spikes
|-damage|p1a: Rhyperior|78/100|[from] Stealth Rock
|
|-heal|p2a: Ting-Lu|65/100|[from] item: Leftovers
|upkeep
|turn|9
|
|t:|1769381615
|move|p1a: Rhyperior|Rock Wrecker|p2a: Ting-Lu
|-damage|p2a: Ting-Lu|0 fnt
|-mustrecharge|p1a: Rhyperior
|faint|p2a: Ting-Lu
|
|upkeep
|
|t:|1769381623
|switch|p2a: Zamazenta|Zamazenta, shiny|100/100
|-ability|p2a: Zamazenta|Dauntless Shield|boost
|-boost|p2a: Zamazenta|def|1
|turn|10
|
|t:|1769381628
|move|p2a: Zamazenta|Close Combat|p1a: Rhyperior
|-supereffective|p1a: Rhyperior
|-damage|p1a: Rhyperior|27/100
|-unboost|p2a: Zamazenta|def|1
|-unboost|p2a: Zamazenta|spd|1
|cant|p1a: Rhyperior|recharge
|
|upkeep
|turn|11
|
|t:|1769381637
|move|p2a: Zamazenta|Close Combat|p1a: Rhyperior
|-supereffective|p1a: Rhyperior
|-damage|p1a: Rhyperior|0 fnt
|-unboost|p2a: Zamazenta|def|1
|-unboost|p2a: Zamazenta|spd|1
|faint|p1a: Rhyperior
|
|upkeep
|
|t:|1769381648
|switch|p1a: Ursaluna|Ursaluna, M, shiny|100/100
|-damage|p1a: Ursaluna|84/100|[from] Spikes
|-damage|p1a: Ursaluna|78/100|[from] Stealth Rock
|turn|12
|
|t:|1769381654
|move|p1a: Ursaluna|Protect|p1a: Ursaluna
|-singleturn|p1a: Ursaluna|Protect
|move|p2a: Zamazenta|Close Combat|p1a: Ursaluna
|-activate|p1a: Ursaluna|move: Protect
|
|-status|p1a: Ursaluna|brn|[from] item: Flame Orb
|upkeep
|turn|13
|
|t:|1769381679
|-terastallize|p1a: Ursaluna|Ground
|move|p2a: Zamazenta|Close Combat|p1a: Ursaluna
|-damage|p1a: Ursaluna|30/100 brn
|-unboost|p2a: Zamazenta|def|1
|-unboost|p2a: Zamazenta|spd|1
|move|p1a: Ursaluna|Facade|p2a: Zamazenta
|-damage|p2a: Zamazenta|0 fnt
|faint|p2a: Zamazenta
|
|-damage|p1a: Ursaluna|24/100 brn|[from] brn
|upkeep
|
|t:|1769381695
|switch|p2a: Lokix|Lokix, M|100/100
|turn|14
|
|t:|1769381705
|move|p1a: Ursaluna|Protect|p1a: Ursaluna
|-singleturn|p1a: Ursaluna|Protect
|move|p2a: Lokix|Knock Off|p1a: Ursaluna
|-activate|p1a: Ursaluna|move: Protect
|
|-damage|p1a: Ursaluna|18/100 brn|[from] brn
|upkeep
|turn|15
|
|t:|1769381712
|move|p2a: Lokix|Knock Off|p1a: Ursaluna
|-damage|p1a: Ursaluna|0 fnt
|-enditem|p1a: Ursaluna|Flame Orb|[from] move: Knock Off|[of] p2a: Lokix
|faint|p1a: Ursaluna
|
|upkeep
|
|t:|1769381726
|switch|p1a: Great Tusk|Great Tusk|57/100
|-damage|p1a: Great Tusk|41/100|[from] Spikes
|-damage|p1a: Great Tusk|38/100|[from] Stealth Rock
|turn|16
|
|t:|1769381733
|move|p2a: Lokix|Sucker Punch|p1a: Great Tusk
|-resisted|p1a: Great Tusk
|-damage|p1a: Great Tusk|16/100
|move|p1a: Great Tusk|Rapid Spin|p2a: Lokix
|-damage|p2a: Lokix|78/100
|-boost|p1a: Great Tusk|spe|1
|-sideend|p1: RNG Savage|Spikes|[from] move: Rapid Spin|[of] p1a: Great Tusk
|-sideend|p1: RNG Savage|Stealth Rock|[from] move: Rapid Spin|[of] p1a: Great Tusk
|
|upkeep
|turn|17
|
|t:|1769381743
|move|p2a: Lokix|Sucker Punch||[still]
|-fail|p2a: Lokix
|move|p1a: Great Tusk|Bulk Up|p1a: Great Tusk
|-boost|p1a: Great Tusk|atk|1
|-boost|p1a: Great Tusk|def|1
|
|upkeep
|turn|18
|
|t:|1769381752
|move|p1a: Great Tusk|Headlong Rush|p2a: Lokix
|-resisted|p2a: Lokix
|-damage|p2a: Lokix|17/100
|-unboost|p1a: Great Tusk|def|1
|-unboost|p1a: Great Tusk|spd|1
|move|p2a: Lokix|Knock Off|p1a: Great Tusk
|-resisted|p1a: Great Tusk
|-damage|p1a: Great Tusk|0 fnt
|faint|p1a: Great Tusk
|-end|p1a: Great Tusk|Protosynthesis|[silent]
|
|upkeep
|
|t:|1769381756
|switch|p1a: Kingambit|Kingambit, M|100/100
|-activate|p1a: Kingambit|ability: Supreme Overlord
|-start|p1a: Kingambit|fallen3|[silent]
|turn|19
|
|t:|1769381775
|move|p2a: Lokix|U-turn|p1a: Kingambit
|-damage|p1a: Kingambit|74/100
|
|t:|1769381778
|switch|p2a: Gliscor|Gliscor, M|83/100|[from] U-turn
|-damage|p2a: Gliscor|70/100|[from] Stealth Rock
|move|p1a: Kingambit|Swords Dance|p1a: Kingambit
|-boost|p1a: Kingambit|atk|2
|
|upkeep
|turn|20
|-message|BoronB forfeited.
|
|win|RNG Savage
|raw|RNG Savage's rating: 1371 &rarr; <strong>1394</strong><br />(+23 for winning)
|raw|BoronB's rating: 1422 &rarr; <strong>1399</strong><br />(-23 for losing)
|l|☆BoronB
|player|p2|
|l|☆RNG Savage
|player|p1|
