|j|☆mother3part2
|j|☆summerenaissance
|t:|1769357592
|gametype|singles
|player|p1|mother3part2|doctor|1466
|player|p2|summerenaissance|blaine|1436
|gen|9
|tier|[Gen 9] OU
|rated|
|rule|HP Percentage Mod: HP is shown in percentages
|rule|Endless Battle Clause: Forcing endless battles is banned
|rule|Species Clause: Limit one of each Pokémon
|rule|OHKO Clause: OHKO moves are banned
|rule|Evasion Items Clause: Evasion items are banned
|rule|Evasion Moves Clause: Evasion moves are banned
|rule|Evasion Abilities Clause: Evasion abilities are banned
|rule|Sleep Moves Clause: Sleep-inducing moves are banned
|clearpoke
|poke|p1|Raging Bolt|
|poke|p1|Gholdengo|
|poke|p1|Great Tusk|
|poke|p1|Alomomola, F|
|poke|p1|Dragonite, F|
|poke|p1|Garganacl, M|
|poke|p2|Raichu, M|
|poke|p2|Darkrai|
|poke|p2|Tornadus-Therian, M|
|poke|p2|Alomomola, F|
|poke|p2|Lokix, F|
|poke|p2|Iron Treads|
|teampreview
|
|t:|1769357600
|teamsize|p1|6
|teamsize|p2|6
|start
|switch|p1a: Garganacl|Garganacl, M|100/100
|switch|p2a: Darkrai|Darkrai|100/100
|turn|1
|
|t:|1769357603
|move|p2a: Darkrai|Nasty Plot|p2a: Darkrai
|-boost|p2a: Darkrai|spa|2
|move|p1a: Garganacl|Stealth Rock|p2a: Darkrai
|-sidestart|p2: summerenaissance|move: Stealth Rock
|
|upkeep
|turn|2
|
|t:|1769357608
|-terastallize|p1a: Garganacl|Fairy
|move|p2a: Darkrai|Nasty Plot|p2a: Darkrai
|-boost|p2a: Darkrai|spa|2
|move|p1a: Garganacl|Salt Cure|p2a: Darkrai
|-damage|p2a: Darkrai|81/100
|-start|p2a: Darkrai|Salt Cure
|
|-damage|p2a: Darkrai|68/100|[from] Salt Cure
|upkeep
|turn|3
|
|t:|1769357611
|move|p1a: Garganacl|Protect|p1a: Garganacl
|-singleturn|p1a: Garganacl|Protect
|move|p2a: Darkrai|Sludge Bomb|p1a: Garganacl
|-activate|p1a: Garganacl|move: Protect
|
|-damage|p2a: Darkrai|56/100|[from] Salt Cure
|upkeep
|turn|4
|
|t:|1769357615
|switch|p1a: Gholdengo|Gholdengo|100/100
|move|p2a: Darkrai|Dark Pulse|p1a: Gholdengo
|-supereffective|p1a: Gholdengo
|-damage|p1a: Gholdengo|0 fnt
|faint|p1a: Gholdengo
|
|-damage|p2a: Darkrai|44/100|[from] Salt Cure
|upkeep
|
|t:|1769357622
|switch|p1a: Raging Bolt|Raging Bolt|100/100
|turn|5
|
|t:|1769357625
|move|p1a: Raging Bolt|Thunderclap|p2a: Darkrai
|-damage|p2a: Darkrai|0 fnt
|faint|p2a: Darkrai
|
|upkeep
|
|t:|1769357627
|switch|p2a: Raichu|Raichu, M|100/100
|turn|6
|
|t:|1769357633
|-end|p1a: Raging Bolt|Protosynthesis|[silent]
|switch|p1a: Garganacl|Garganacl, M, tera:Fairy|100/100
|-terastallize|p2a: Raichu|Fairy
|move|p2a: Raichu|Nasty Plot|p2a: Raichu
|-boost|p2a: Raichu|spa|2
|
|upkeep
|turn|7
|
|t:|1769357637
|move|p2a: Raichu|Nasty Plot|p2a: Raichu
|-boost|p2a: Raichu|spa|2
|move|p1a: Garganacl|Salt Cure|p2a: Raichu
|-damage|p2a: Raichu|70/100
|-start|p2a: Raichu|Salt Cure
|
|-damage|p2a: Raichu|58/100|[from] Salt Cure
|upkeep
|turn|8
|
|t:|1769357639
|move|p2a: Raichu|Thunderbolt|p1a: Garganacl
|-damage|p1a: Garganacl|22/100
|move|p1a: Garganacl|Salt Cure|p2a: Raichu
|-damage|p2a: Raichu|30/100
|
|-heal|p1a: Garganacl|29/100|[from] item: Leftovers
|-damage|p2a: Raichu|18/100|[from] Salt Cure
|upkeep
|turn|9
|
|t:|1769357651
|switch|p2a: Lokix|Lokix, F|100/100
|-damage|p2a: Lokix|76/100|[from] Stealth Rock
|move|p1a: Garganacl|Protect||[still]
|-fail|p1a: Garganacl
|
|-heal|p1a: Garganacl|35/100|[from] item: Leftovers
|upkeep
|turn|10
|
|t:|1769357654
|move|p1a: Garganacl|Protect|p1a: Garganacl
|-singleturn|p1a: Garganacl|Protect
|move|p2a: Lokix|U-turn|p1a: Garganacl
|-activate|p1a: Garganacl|move: Protect
|
|-heal|p1a: Garganacl|41/100|[from] item: Leftovers
|upkeep
|turn|11
|
|t:|1769357657
|switch|p1a: Great Tusk|Great Tusk|100/100
|move|p2a: Lokix|U-turn|p1a: Great Tusk
|-resisted|p1a: Great Tusk
|-damage|p1a: Great Tusk|63/100
|
|t:|1769357661
|switch|p2a: Alomomola|Alomomola, F|100/100|[from] U-turn
|
|upkeep
|turn|12
|
|t:|1769357669
|-end|p1a: Great Tusk|Protosynthesis|[silent]
|switch|p1a: Alomomola|Alomomola, F|100/100
|move|p2a: Alomomola|Wish|p2a: Alomomola
|
|upkeep
|turn|13
|
|t:|1769357672
|switch|p2a: Raichu|Raichu, M, tera:Fairy|18/100
|move|p1a: Alomomola|Wish|p1a: Alomomola
|
|-heal|p2a: Raichu|100/100|[from] move: Wish|[wisher] Alomomola
|upkeep
|turn|14
|
|t:|1769357678
|switch|p1a: Garganacl|Garganacl, M, tera:Fairy|41/100
|move|p2a: Raichu|Thunderbolt|p1a: Garganacl
|-damage|p1a: Garganacl|17/100
|
|-heal|p1a: Garganacl|76/100|[from] move: Wish|[wisher] Alomomola
|-heal|p1a: Garganacl|82/100|[from] item: Leftovers
|upkeep
|turn|15
|
|t:|1769357690
|move|p2a: Raichu|Nasty Plot|p2a: Raichu
|-boost|p2a: Raichu|spa|2
|move|p1a: Garganacl|Salt Cure|p2a: Raichu
|-damage|p2a: Raichu|73/100
|-start|p2a: Raichu|Salt Cure
|
|-heal|p1a: Garganacl|88/100|[from] item: Leftovers
|-damage|p2a: Raichu|61/100|[from] Salt Cure
|upkeep
|turn|16
|
|t:|1769357693
|move|p2a: Raichu|Thunderbolt|p1a: Garganacl
|-damage|p1a: Garganacl|42/100
|move|p1a: Garganacl|Salt Cure|p2a: Raichu
|-damage|p2a: Raichu|32/100
|
|-heal|p1a: Garganacl|49/100|[from] item: Leftovers
|-damage|p2a: Raichu|20/100|[from] Salt Cure
|upkeep
|turn|17
|
|t:|1769357700
|move|p1a: Garganacl|Protect|p1a: Garganacl
|-singleturn|p1a: Garganacl|Protect
|move|p2a: Raichu|Nasty Plot|p2a: Raichu
|-boost|p2a: Raichu|spa|2
|
|-heal|p1a: Garganacl|55/100|[from] item: Leftovers
|-damage|p2a: Raichu|7/100|[from] Salt Cure
|upkeep
|turn|18
|
|t:|1769357708
|switch|p2a: Alomomola|Alomomola, F|100/100
|switch|p1a: Dragonite|Dragonite, F|100/100
|
|upkeep
|turn|19
|
|t:|1769357714
|switch|p1a: Alomomola|Alomomola, F|100/100
|move|p2a: Alomomola|Scald|p1a: Alomomola
|-resisted|p1a: Alomomola
|-damage|p1a: Alomomola|94/100
|
|upkeep
|turn|20
|
|t:|1769357716
|move|p1a: Alomomola|Wish|p1a: Alomomola
|move|p2a: Alomomola|Wish|p2a: Alomomola
|
|upkeep
|turn|21
|
|t:|1769357721
|move|p2a: Alomomola|Protect|p2a: Alomomola
|-singleturn|p2a: Alomomola|Protect
|move|p1a: Alomomola|Flip Turn|p2a: Alomomola
|-activate|p2a: Alomomola|move: Protect
|
|-heal|p1a: Alomomola|100/100|[from] move: Wish|[wisher] Alomomola
|upkeep
|turn|22
|
|t:|1769357724
|move|p1a: Alomomola|Wish|p1a: Alomomola
|move|p2a: Alomomola|Wish|p2a: Alomomola
|
|upkeep
|turn|23
|
|t:|1769357726
|move|p2a: Alomomola|Scald|p1a: Alomomola
|-resisted|p1a: Alomomola
|-damage|p1a: Alomomola|95/100
|-status|p1a: Alomomola|brn
|move|p1a: Alomomola|Flip Turn|p2a: Alomomola
|-resisted|p2a: Alomomola
|-damage|p2a: Alomomola|98/100
|
|t:|1769357734
|switch|p1a: Garganacl|Garganacl, M, tera:Fairy|55/100|[from] Flip Turn
|
|-heal|p2a: Alomomola|100/100|[from] move: Wish|[wisher] Alomomola
|-heal|p1a: Garganacl|100/100|[from] move: Wish|[wisher] Alomomola
|upkeep
|turn|24
|
|t:|1769357738
|switch|p1a: Alomomola|Alomomola, F|100/100 brn
|move|p2a: Alomomola|Wish|p2a: Alomomola
|
|-damage|p1a: Alomomola|94/100 brn|[from] brn
|upkeep
|turn|25
|
|t:|1769357743
|move|p2a: Alomomola|Flip Turn|p1a: Alomomola
|-resisted|p1a: Alomomola
|-damage|p1a: Alomomola|90/100 brn
|
|t:|1769357744
|switch|p2a: Raichu|Raichu, M, tera:Fairy|7/100|[from] Flip Turn
|move|p1a: Alomomola|Flip Turn|p2a: Raichu
|-damage|p2a: Raichu|0 fnt
|faint|p2a: Raichu
|-message|summerenaissance forfeited.
|
|win|mother3part2
|raw|mother3part2's rating: 1466 &rarr; <strong>1484</strong><br />(+18 for winning)
|raw|summerenaissance's rating: 1436 &rarr; <strong>1418</strong><br />(-18 for losing)
|l|☆summerenaissance
|player|p2|
|l|☆mother3part2
|player|p1|
