|j|☆skibidi1989
|j|☆Stealthalo
|t:|1769433665
|gametype|singles
|player|p1|skibidi1989|101|1418
|player|p2|Stealthalo|266|1399
|gen|9
|tier|[Gen 9] OU
|rated|
|rule|HP Percentage Mod: HP is shown in percentages
|rule|Endless Battle Clause: Forcing endless battles is banned
|rule|Species Clause: Limit one of each Pokémon
|rule|OHKO Clause: OHKO moves are banned
|rule|Evasion Items Clause: Evasion items are banned
|rule|Evasion Moves Clause: Evasion moves are banned
|rule|Evasion Abilities Clause: Evasion abilities are banned
|rule|Sleep Moves Clause: Sleep-inducing moves are banned
|clearpoke
|poke|p1|Gholdengo|
|poke|p1|Darkrai|
|poke|p1|Zoroark-Hisui, M|
|poke|p1|Ting-Lu|
|poke|p1|Pecharunt|
|poke|p1|Dragonite, F|
|poke|p2|Mamoswine, F|
|poke|p2|Weezing-Galar, M|
|poke|p2|Moltres|
|poke|p2|Glimmora, F|
|poke|p2|Dragapult, M|
|poke|p2|Ogerpon-Wellspring, F|
|teampreview
|inactive|Battle timer is ON: inactive players will automatically lose when time's up. (requested by Stealthalo)
|
|t:|1769433692
|teamsize|p1|6
|teamsize|p2|6
|start
|switch|p1a: Ting-Lu|Ting-Lu|100/100
|switch|p2a: Glimmora|Glimmora, F|100/100
|-ability|p1a: Ting-Lu|Vessel of Ruin
|turn|1
|
|t:|1769433706
|move|p2a: Glimmora|Stealth Rock|p1a: Ting-Lu
|-sidestart|p1: skibidi1989|move: Stealth Rock
|move|p1a: Ting-Lu|Stealth Rock|p2a: Glimmora
|-sidestart|p2: Stealthalo|move: Stealth Rock
|
|upkeep
|turn|2
|
|t:|1769433713
|switch|p2a: Weezing|Weezing-Galar, M|100/100
|-damage|p2a: Weezing|88/100|[from] Stealth Rock
|move|p1a: Ting-Lu|Whirlwind|p2a: Weezing
|drag|p2a: Ogerpon|Ogerpon-Wellspring, F|100/100
|-damage|p2a: Ogerpon|88/100|[from] Stealth Rock
|
|upkeep
|turn|3
|
|t:|1769433722
|move|p2a: Ogerpon|Knock Off|p1a: Ting-Lu
|-resisted|p1a: Ting-Lu
|-damage|p1a: Ting-Lu|91/100
|-enditem|p1a: Ting-Lu|Red Card|[from] move: Knock Off|[of] p2a: Ogerpon
|move|p1a: Ting-Lu|Spikes|p2a: Ogerpon
|-sidestart|p2: Stealthalo|Spikes
|
|upkeep
|turn|4
|
|t:|1769433729
|move|p2a: Ogerpon|Ivy Cudgel|p1a: Ting-Lu|[anim] Ivy Cudgel Water
|-supereffective|p1a: Ting-Lu
|-crit|p1a: Ting-Lu
|-damage|p1a: Ting-Lu|6/100
|move|p1a: Ting-Lu|Whirlwind|p2a: Ogerpon
|drag|p2a: Moltres|Moltres|100/100
|
|upkeep
|turn|5
|
|t:|1769433738
|move|p2a: Moltres|Flamethrower|p1a: Ting-Lu
|-damage|p1a: Ting-Lu|0 fnt
|faint|p1a: Ting-Lu
|
|upkeep
|
|t:|1769433745
|switch|p1a: Darkrai|Darkrai|100/100
|turn|6
|
|t:|1769433749
|move|p1a: Darkrai|Knock Off|p2a: Moltres
|-damage|p2a: Moltres|82/100
|-enditem|p2a: Moltres|Heavy-Duty Boots|[from] move: Knock Off|[of] p1a: Darkrai
|move|p2a: Moltres|U-turn|p1a: Darkrai
|-supereffective|p1a: Darkrai
|-damage|p1a: Darkrai|54/100
|
|t:|1769433762
|switch|p2a: Dragapult|Dragapult, M|100/100|[from] U-turn
|-damage|p2a: Dragapult|88/100|[from] Stealth Rock
|-damage|p2a: Dragapult|76/100|[from] Spikes
|
|-heal|p2a: Dragapult|82/100|[from] item: Leftovers
|upkeep
|turn|7
|
|t:|1769433773
|switch|p1a: Gholdengo|Gholdengo|100/100
|move|p2a: Dragapult|Dragon Darts|p1a: Gholdengo
|-damage|p1a: Gholdengo|53/100
|replace|p1a: Zoroark|Zoroark-Hisui, M
|-end|p1a: Zoroark|Illusion
|-anim|p2a: Dragapult|Dragon Darts|p1a: Zoroark
|-damage|p1a: Zoroark|2/100
|
|-heal|p2a: Dragapult|88/100|[from] item: Leftovers
|upkeep
|turn|8
|
|t:|1769433787
|move|p2a: Dragapult|Dragon Darts|p1a: Zoroark
|-damage|p1a: Zoroark|0 fnt
|faint|p1a: Zoroark
|
|-heal|p2a: Dragapult|94/100|[from] item: Leftovers
|upkeep
|
|t:|1769433792
|switch|p1a: Gholdengo|Gholdengo|100/100
|-damage|p1a: Gholdengo|94/100|[from] Stealth Rock
|turn|9
|
|t:|1769433806
|switch|p2a: Moltres|Moltres|82/100
|-damage|p2a: Moltres|32/100|[from] Stealth Rock
|move|p1a: Gholdengo|Shadow Ball|p2a: Moltres
|-damage|p2a: Moltres|0 fnt
|faint|p2a: Moltres
|
|upkeep
|
|t:|1769433819
|switch|p2a: Ogerpon|Ogerpon-Wellspring, F|88/100
|-damage|p2a: Ogerpon|76/100|[from] Stealth Rock
|-damage|p2a: Ogerpon|64/100|[from] Spikes
|turn|10
|
|t:|1769433827
|switch|p1a: Pecharunt|Pecharunt|100/100
|move|p2a: Ogerpon|Ivy Cudgel|p1a: Pecharunt|[anim] Ivy Cudgel Water
|-damage|p1a: Pecharunt|63/100
|
|upkeep
|turn|11
|
|t:|1769433835
|switch|p2a: Glimmora|Glimmora, F|100/100
|-damage|p2a: Glimmora|88/100|[from] Stealth Rock
|-damage|p2a: Glimmora|76/100|[from] Spikes
|move|p1a: Pecharunt|Recover|p1a: Pecharunt
|-heal|p1a: Pecharunt|100/100
|
|-heal|p2a: Glimmora|82/100|[from] item: Leftovers
|upkeep
|turn|12
|
|t:|1769433846
|switch|p1a: Gholdengo|Gholdengo|94/100
|-damage|p1a: Gholdengo|88/100|[from] Stealth Rock
|move|p2a: Glimmora|Earth Power|p1a: Gholdengo
|-supereffective|p1a: Gholdengo
|-damage|p1a: Gholdengo|20/100
|
|-heal|p2a: Glimmora|88/100|[from] item: Leftovers
|upkeep
|turn|13
|
|t:|1769433866
|switch|p2a: Ogerpon|Ogerpon-Wellspring, F|64/100
|-damage|p2a: Ogerpon|51/100|[from] Stealth Rock
|-damage|p2a: Ogerpon|39/100|[from] Spikes
|move|p1a: Gholdengo|Make It Rain|p2a: Ogerpon
|-resisted|p2a: Ogerpon
|-damage|p2a: Ogerpon|2/100
|-unboost|p1a: Gholdengo|spa|1
|
|upkeep
|turn|14
|
|t:|1769433877
|move|p1a: Gholdengo|Make It Rain|p2a: Ogerpon
|-resisted|p2a: Ogerpon
|-damage|p2a: Ogerpon|0 fnt
|-unboost|p1a: Gholdengo|spa|1
|faint|p2a: Ogerpon
|
|upkeep
|
|t:|1769433888
|switch|p2a: Dragapult|Dragapult, M|94/100
|-damage|p2a: Dragapult|82/100|[from] Stealth Rock
|-damage|p2a: Dragapult|69/100|[from] Spikes
|turn|15
|
|t:|1769433896
|switch|p1a: Pecharunt|Pecharunt|100/100
|move|p2a: Dragapult|Dragon Dance|p2a: Dragapult
|-boost|p2a: Dragapult|atk|1
|-boost|p2a: Dragapult|spe|1
|
|-heal|p2a: Dragapult|75/100|[from] item: Leftovers
|upkeep
|turn|16
|
|t:|1769433906
|move|p2a: Dragapult|Substitute|p2a: Dragapult
|-start|p2a: Dragapult|Substitute
|-damage|p2a: Dragapult|50/100
|move|p1a: Pecharunt|Shadow Ball|p2a: Dragapult
|-supereffective|p2a: Dragapult
|-end|p2a: Dragapult|Substitute
|
|-heal|p2a: Dragapult|56/100|[from] item: Leftovers
|upkeep
|turn|17
|
|t:|1769433919
|switch|p2a: Glimmora|Glimmora, F|88/100
|-damage|p2a: Glimmora|76/100|[from] Stealth Rock
|-damage|p2a: Glimmora|63/100|[from] Spikes
|move|p1a: Pecharunt|Shadow Ball|p2a: Glimmora
|-damage|p2a: Glimmora|39/100
|
|-heal|p2a: Glimmora|46/100|[from] item: Leftovers
|upkeep
|turn|18
|
|t:|1769433933
|move|p1a: Pecharunt|Shadow Ball|p2a: Glimmora
|-damage|p2a: Glimmora|23/100
|move|p2a: Glimmora|Power Gem|p1a: Pecharunt
|-damage|p1a: Pecharunt|61/100
|
|-heal|p2a: Glimmora|29/100|[from] item: Leftovers
|upkeep
|turn|19
|
|t:|1769433942
|move|p1a: Pecharunt|Shadow Ball|p2a: Glimmora
|-damage|p2a: Glimmora|6/100
|move|p2a: Glimmora|Power Gem|p1a: Pecharunt
|-damage|p1a: Pecharunt|21/100
|
|-heal|p2a: Glimmora|12/100|[from] item: Leftovers
|upkeep
|turn|20
|
|t:|1769433951
|move|p1a: Pecharunt|Shadow Ball|p2a: Glimmora
|-damage|p2a: Glimmora|0 fnt
|faint|p2a: Glimmora
|
|upkeep
|
|t:|1769433957
|switch|p2a: Mamoswine|Mamoswine, F|100/100
|-damage|p2a: Mamoswine|88/100|[from] Stealth Rock
|-damage|p2a: Mamoswine|76/100|[from] Spikes
|turn|21
|
|t:|1769433962
|move|p1a: Pecharunt|Malignant Chain|p2a: Mamoswine
|-resisted|p2a: Mamoswine
|-damage|p2a: Mamoswine|52/100
|move|p2a: Mamoswine|Icicle Spear|p1a: Pecharunt
|-damage|p1a: Pecharunt|12/100
|-damage|p1a: Pecharunt|3/100
|-damage|p1a: Pecharunt|0 fnt
|faint|p1a: Pecharunt
|-hitcount|p1: Pecharunt|3
|
|upkeep
|
|t:|1769433976
|switch|p1a: Darkrai|Darkrai|54/100
|turn|22
|
|t:|1769433983
|move|p2a: Mamoswine|Ice Shard|p1a: Darkrai
|-damage|p1a: Darkrai|24/100
|move|p1a: Darkrai|Dark Pulse|p2a: Mamoswine
|-damage|p2a: Mamoswine|0 fnt
|faint|p2a: Mamoswine
|
|upkeep
|
|t:|1769433991
|switch|p2a: Weezing|Weezing-Galar, M|88/100
|-damage|p2a: Weezing|76/100|[from] Stealth Rock
|turn|23
|
|t:|1769434001
|move|p1a: Darkrai|Ice Beam|p2a: Weezing
|-damage|p2a: Weezing|44/100
|move|p2a: Weezing|Defog|p1a: Darkrai
|-unboost|p1a: Darkrai|evasion|1
|-sideend|p1: skibidi1989|Stealth Rock|[from] move: Defog|[of] p2a: Weezing
|-sideend|p2: Stealthalo|Spikes|[from] move: Defog|[of] p2a: Weezing
|-sideend|p2: Stealthalo|Stealth Rock|[from] move: Defog|[of] p2a: Weezing
|
|-heal|p2a: Weezing|50/100|[from] item: Leftovers
|upkeep
|turn|24
|
|t:|1769434011
|move|p1a: Darkrai|Ice Beam|p2a: Weezing
|-damage|p2a: Weezing|16/100
|move|p2a: Weezing|Strange Steam|p1a: Darkrai
|-supereffective|p1a: Darkrai
|-damage|p1a: Darkrai|0 fnt
|faint|p1a: Darkrai
|
|-heal|p2a: Weezing|22/100|[from] item: Leftovers
|upkeep
|
|t:|1769434016
|switch|p1a: Dragonite|Dragonite, F|100/100
|turn|25
|
|t:|1769434022
|move|p1a: Dragonite|Earthquake|p2a: Weezing
|-immune|p2a: Weezing|[from] ability: Levitate
|move|p2a: Weezing|Strange Steam|p1a: Dragonite
|-supereffective|p1a: Dragonite
|-damage|p1a: Dragonite|75/100
|
|-heal|p2a: Weezing|28/100|[from] item: Leftovers
|upkeep
|turn|26
|
|t:|1769434033
|move|p1a: Dragonite|Roost|p1a: Dragonite
|-heal|p1a: Dragonite|100/100
|-singleturn|p1a: Dragonite|move: Roost
|move|p2a: Weezing|Flamethrower|p1a: Dragonite
|-resisted|p1a: Dragonite
|-damage|p1a: Dragonite|96/100
|-status|p1a: Dragonite|brn
|
|-heal|p2a: Weezing|34/100|[from] item: Leftovers
|-damage|p1a: Dragonite|90/100 brn|[from] brn
|upkeep
|turn|27
|
|t:|1769434046
|move|p1a: Dragonite|Dragon Dance|p1a: Dragonite
|-boost|p1a: Dragonite|atk|1
|-boost|p1a: Dragonite|spe|1
|move|p2a: Weezing|Pain Split|p1a: Dragonite
|-sethp|p1a: Dragonite|62/100 brn|[from] move: Pain Split|[silent]
|-sethp|p2a: Weezing|60/100|[from] move: Pain Split
|
|-heal|p2a: Weezing|66/100|[from] item: Leftovers
|-damage|p1a: Dragonite|56/100 brn|[from] brn
|upkeep
|turn|28
|
|t:|1769434057
|move|p1a: Dragonite|Dragon Dance|p1a: Dragonite
|-boost|p1a: Dragonite|atk|1
|-boost|p1a: Dragonite|spe|1
|move|p2a: Weezing|Strange Steam|p1a: Dragonite
|-supereffective|p1a: Dragonite
|-damage|p1a: Dragonite|0 fnt
|faint|p1a: Dragonite
|
|-heal|p2a: Weezing|72/100|[from] item: Leftovers
|upkeep
|
|t:|1769434059
|switch|p1a: Gholdengo|Gholdengo|20/100
|turn|29
|
|t:|1769434071
|-terastallize|p2a: Weezing|Steel
|move|p1a: Gholdengo|Shadow Ball|p2a: Weezing
|-damage|p2a: Weezing|29/100
|-unboost|p2a: Weezing|spd|1
|move|p2a: Weezing|Flamethrower|p1a: Gholdengo
|-supereffective|p1a: Gholdengo
|-damage|p1a: Gholdengo|0 fnt
|faint|p1a: Gholdengo
|
|win|Stealthalo
|raw|skibidi1989's rating: 1418 &rarr; <strong>1397</strong><br />(-21 for losing)
|raw|Stealthalo's rating: 1399 &rarr; <strong>1420</strong><br />(+21 for winning)
|l|☆skibidi1989
|player|p1|
|l|☆Stealthalo
|player|p2|
