|j|☆hitlurhatur
|j|☆Sitr0
|t:|1769313036
|gametype|singles
|player|p1|hitlurhatur|psychicf-gen4|1147
|player|p2|Sitr0|102|1221
|gen|9
|tier|[Gen 9] OU
|rated|
|rule|HP Percentage Mod: HP is shown in percentages
|rule|Endless Battle Clause: Forcing endless battles is banned
|rule|Species Clause: Limit one of each Pokémon
|rule|OHKO Clause: OHKO moves are banned
|rule|Evasion Items Clause: Evasion items are banned
|rule|Evasion Moves Clause: Evasion moves are banned
|rule|Evasion Abilities Clause: Evasion abilities are banned
|rule|Sleep Moves Clause: Sleep-inducing moves are banned
|clearpoke
|poke|p1|Latias, F|
|poke|p1|Ogerpon-Wellspring, F|
|poke|p1|Great Tusk|
|poke|p1|Fezandipiti, M|
|poke|p1|Corviknight, F|
|poke|p1|Gholdengo|
|poke|p2|Ogerpon-Wellspring, F|
|poke|p2|Gholdengo|
|poke|p2|Ninetales-Alola, M|
|poke|p2|Iron Valiant|
|poke|p2|Great Tusk|
|poke|p2|Iron Moth|
|teampreview
|
|t:|1769313139
|teamsize|p1|6
|teamsize|p2|6
|start
|switch|p1a: Gholdengo|Gholdengo|100/100
|switch|p2a: Ninetales|Ninetales-Alola, M|100/100
|-weather|Snowscape|[from] ability: Snow Warning|[of] p2a: Ninetales
|-item|p1a: Gholdengo|Air Balloon
|turn|1
|inactive|Battle timer is ON: inactive players will automatically lose when time's up. (requested by Sitr0)
|
|t:|1769313159
|switch|p2a: Iron Moth|Iron Moth|100/100
|-enditem|p2a: Iron Moth|Booster Energy
|-activate|p2a: Iron Moth|ability: Quark Drive|[fromitem]
|-start|p2a: Iron Moth|quarkdrivespe
|move|p1a: Gholdengo|Make It Rain|p2a: Iron Moth
|-resisted|p2a: Iron Moth
|-damage|p2a: Iron Moth|74/100
|-unboost|p1a: Gholdengo|spa|1
|
|-weather|Snowscape|[upkeep]
|upkeep
|turn|2
|
|t:|1769313186
|switch|p1a: Fezandipiti|Fezandipiti, M|100/100
|move|p2a: Iron Moth|Fiery Dance|p1a: Fezandipiti
|-damage|p1a: Fezandipiti|77/100
|-boost|p2a: Iron Moth|spa|1
|
|-weather|Snowscape|[upkeep]
|upkeep
|turn|3
|inactive|Sitr0 has 120 seconds left.
|
|t:|1769313224
|move|p2a: Iron Moth|Sludge Wave|p1a: Fezandipiti
|-damage|p1a: Fezandipiti|38/100
|move|p1a: Fezandipiti|Beat Up|p2a: Iron Moth
|-crit|p2a: Iron Moth
|-damage|p2a: Iron Moth|67/100
|-damage|p2a: Iron Moth|61/100
|-damage|p2a: Iron Moth|55/100
|-damage|p2a: Iron Moth|51/100
|-damage|p2a: Iron Moth|47/100
|-damage|p2a: Iron Moth|42/100
|-hitcount|p2a: Iron Moth|6
|
|-weather|Snowscape|[upkeep]
|upkeep
|turn|4
|inactive|hitlurhatur has 120 seconds left.
|inactive|Sitr0 has 90 seconds left.
|
|t:|1769313250
|move|p2a: Iron Moth|Sludge Wave|p1a: Fezandipiti
|-damage|p1a: Fezandipiti|0 fnt
|faint|p1a: Fezandipiti
|
|-weather|Snowscape|[upkeep]
|upkeep
|
|t:|1769313254
|switch|p1a: Latias|Latias, F|100/100
|turn|5
|inactive|hitlurhatur has 120 seconds left.
|inactive|Sitr0 has 90 seconds left.
|
|t:|1769313273
|move|p2a: Iron Moth|Sludge Wave|p1a: Latias
|-damage|p1a: Latias|45/100
|move|p1a: Latias|Future Sight|p2a: Iron Moth
|-start|p1a: Latias|move: Future Sight
|
|-weather|none
|upkeep
|turn|6
|inactive|hitlurhatur has 120 seconds left.
|
|t:|1769313279
|-terastallize|p1a: Latias|Steel
|move|p2a: Iron Moth|Sludge Wave|p1a: Latias
|-immune|p1a: Latias
|move|p1a: Latias|Recover|p1a: Latias
|-heal|p1a: Latias|95/100
|
|upkeep
|turn|7
|inactive|hitlurhatur has 120 seconds left.
|inactive|Sitr0 has 90 seconds left.
|
|t:|1769313302
|move|p2a: Iron Moth|Fiery Dance|p1a: Latias
|-supereffective|p1a: Latias
|-damage|p1a: Latias|9/100
|move|p1a: Latias|Roar|p2a: Iron Moth
|-enditem|p1a: Latias|Throat Spray
|-boost|p1a: Latias|spa|1|[from] item: Throat Spray
|-end|p2a: Iron Moth|Quark Drive|[silent]
|drag|p2a: Ogerpon|Ogerpon-Wellspring, F|100/100
|
|-end|p2a: Ogerpon|move: Future Sight
|-damage|p2a: Ogerpon|0 fnt
|faint|p2a: Ogerpon
|upkeep
|inactive|Sitr0 has 90 seconds left.
|inactive|Sitr0 has 60 seconds left.
|
|t:|1769313339
|switch|p2a: Great Tusk|Great Tusk|100/100
|-enditem|p2a: Great Tusk|Booster Energy
|-activate|p2a: Great Tusk|ability: Protosynthesis|[fromitem]
|-start|p2a: Great Tusk|protosynthesisspe
|turn|8
|inactive|hitlurhatur has 120 seconds left.
|inactive|Sitr0 has 60 seconds left.
|
|t:|1769313352
|move|p2a: Great Tusk|Headlong Rush|p1a: Latias
|-immune|p1a: Latias|[from] ability: Levitate
|move|p1a: Latias|Recover|p1a: Latias
|-heal|p1a: Latias|59/100
|
|upkeep
|turn|9
|
|t:|1769313360
|move|p2a: Great Tusk|Stealth Rock|p1a: Latias
|-sidestart|p1: hitlurhatur|move: Stealth Rock
|move|p1a: Latias|Future Sight|p2a: Great Tusk
|-start|p1a: Latias|move: Future Sight
|
|upkeep
|turn|10
|inactive|Sitr0 has 60 seconds left.
|
|t:|1769313389
|-end|p2a: Great Tusk|Protosynthesis|[silent]
|switch|p2a: Gholdengo|Gholdengo|100/100
|move|p1a: Latias|Recover|p1a: Latias
|-heal|p1a: Latias|100/100
|
|upkeep
|turn|11
|
|t:|1769313408
|move|p2a: Gholdengo|Focus Blast|p1a: Latias
|-supereffective|p1a: Latias
|-damage|p1a: Latias|36/100
|move|p1a: Latias|Roar|p2a: Gholdengo
|-immune|p2a: Gholdengo|[from] ability: Good as Gold
|
|-end|p2a: Gholdengo|move: Future Sight
|-resisted|p2a: Gholdengo
|-damage|p2a: Gholdengo|51/100
|upkeep
|turn|12
|
|t:|1769313418
|switch|p1a: Gholdengo|Gholdengo|100/100
|-damage|p1a: Gholdengo|94/100|[from] Stealth Rock
|-item|p1a: Gholdengo|Air Balloon
|move|p2a: Gholdengo|Shadow Ball|p1a: Gholdengo
|-supereffective|p1a: Gholdengo
|-damage|p1a: Gholdengo|0 fnt
|-enditem|p1a: Gholdengo|Air Balloon
|faint|p1a: Gholdengo
|
|upkeep
|
|t:|1769313421
|switch|p1a: Ogerpon|Ogerpon-Wellspring, F|100/100
|-damage|p1a: Ogerpon|88/100|[from] Stealth Rock
|turn|13
|inactive|Sitr0 has 60 seconds left.
|inactive|Sitr0 has 30 seconds left.
|
|t:|1769313465
|move|p1a: Ogerpon|Ivy Cudgel|p2a: Gholdengo|[anim] Ivy Cudgel Water
|-crit|p2a: Gholdengo
|-damage|p2a: Gholdengo|0 fnt
|faint|p2a: Gholdengo
|
|upkeep
|inactive|Sitr0 has 30 seconds left this turn.
|
|t:|1769313475
|switch|p2a: Ninetales|Ninetales-Alola, M|100/100
|-weather|Snowscape|[from] ability: Snow Warning|[of] p2a: Ninetales
|turn|14
|
|t:|1769313481
|move|p1a: Ogerpon|U-turn|p2a: Ninetales
|-resisted|p2a: Ninetales
|-damage|p2a: Ninetales|89/100
|
|t:|1769313483
|switch|p1a: Latias|Latias, F, tera:Steel|36/100|[from] U-turn
|-damage|p1a: Latias|30/100|[from] Stealth Rock
|move|p2a: Ninetales|Aurora Veil|p2a: Ninetales
|-sidestart|p2: Sitr0|move: Aurora Veil
|
|-weather|Snowscape|[upkeep]
|upkeep
|turn|15
|
|t:|1769313495
|move|p2a: Ninetales|Moonblast|p1a: Latias
|-resisted|p1a: Latias
|-damage|p1a: Latias|21/100
|move|p1a: Latias|Recover|p1a: Latias
|-heal|p1a: Latias|71/100
|
|-weather|Snowscape|[upkeep]
|upkeep
|turn|16
|
|t:|1769313506
|move|p2a: Ninetales|Encore|p1a: Latias
|-start|p1a: Latias|Encore
|move|p1a: Latias|Recover|p1a: Latias
|-heal|p1a: Latias|100/100
|
|-weather|Snowscape|[upkeep]
|upkeep
|turn|17
|
|t:|1769313513
|switch|p2a: Iron Valiant|Iron Valiant|100/100
|-enditem|p2a: Iron Valiant|Booster Energy
|-activate|p2a: Iron Valiant|ability: Quark Drive|[fromitem]
|-start|p2a: Iron Valiant|quarkdrivespe
|switch|p1a: Great Tusk|Great Tusk|100/100
|
|-weather|Snowscape|[upkeep]
|upkeep
|turn|18
|
|t:|1769313533
|move|p2a: Iron Valiant|Swords Dance|p2a: Iron Valiant
|-boost|p2a: Iron Valiant|atk|2
|move|p1a: Great Tusk|Rapid Spin|p2a: Iron Valiant
|-damage|p2a: Iron Valiant|89/100
|-boost|p1a: Great Tusk|spe|1
|-sideend|p1: hitlurhatur|Stealth Rock|[from] move: Rapid Spin|[of] p1a: Great Tusk
|
|-weather|none
|upkeep
|turn|19
|
|t:|1769313549
|move|p2a: Iron Valiant|Close Combat|p1a: Great Tusk
|-damage|p1a: Great Tusk|17/100
|-unboost|p2a: Iron Valiant|def|1
|-unboost|p2a: Iron Valiant|spd|1
|move|p1a: Great Tusk|Stealth Rock|p2a: Iron Valiant
|-sidestart|p2: Sitr0|move: Stealth Rock
|
|upkeep
|turn|20
|inactive|Sitr0 has 30 seconds left.
|
|t:|1769313566
|move|p2a: Iron Valiant|Moonblast|p1a: Great Tusk
|-supereffective|p1a: Great Tusk
|-damage|p1a: Great Tusk|0 fnt
|faint|p1a: Great Tusk
|-end|p1a: Great Tusk|Protosynthesis|[silent]
|
|upkeep
|
|t:|1769313570
|switch|p1a: Corviknight|Corviknight, F|100/100
|-ability|p1a: Corviknight|Pressure
|turn|21
|inactive|Sitr0 has 30 seconds left.
|inactive|Sitr0 has 20 seconds left.
|inactive|Sitr0 has 15 seconds left.
|inactive|Sitr0 has 10 seconds left.
|
|t:|1769313605
|-terastallize|p2a: Iron Valiant|Dark
|move|p2a: Iron Valiant|Knock Off|p1a: Corviknight
|-damage|p1a: Corviknight|39/100
|-damage|p2a: Iron Valiant|73/100|[from] item: Rocky Helmet|[of] p1a: Corviknight
|-enditem|p1a: Corviknight|Rocky Helmet|[from] move: Knock Off|[of] p2a: Iron Valiant
|move|p1a: Corviknight|Iron Defense|p1a: Corviknight
|-boost|p1a: Corviknight|def|2
|
|-sideend|p2: Sitr0|move: Aurora Veil
|upkeep
|turn|22
|inactive|Sitr0 has 20 seconds left this turn.
|inactive|Sitr0 has 15 seconds left.
|inactive|Sitr0 has 10 seconds left.
|inactive|Sitr0 has 5 seconds left.
|inactive|hitlurhatur has 120 seconds left.
|
|t:|1769313646
|-end|p2a: Iron Valiant|Quark Drive|[silent]
|switch|p2a: Iron Moth|Iron Moth|42/100
|-damage|p2a: Iron Moth|17/100|[from] Stealth Rock
|move|p1a: Corviknight|Body Press|p2a: Iron Moth
|-resisted|p2a: Iron Moth
|-damage|p2a: Iron Moth|0 fnt
|faint|p2a: Iron Moth
|-end|p2a: Iron Moth|Quark Drive|[silent]
|
|upkeep
|inactive|Sitr0 has 10 seconds left this turn.
|inactive|Sitr0 has 5 seconds left.
|
|t:|1769313655
|switch|p2a: Ninetales|Ninetales-Alola, M|89/100
|-damage|p2a: Ninetales|64/100|[from] Stealth Rock
|-weather|Snowscape|[from] ability: Snow Warning|[of] p2a: Ninetales
|turn|23
|inactive|Sitr0 has 15 seconds left this turn.
|inactive|Sitr0 has 10 seconds left.
|
|t:|1769313662
|move|p2a: Ninetales|Aurora Veil|p2a: Ninetales
|-sidestart|p2: Sitr0|move: Aurora Veil
|move|p1a: Corviknight|Roost|p1a: Corviknight
|-heal|p1a: Corviknight|89/100
|-singleturn|p1a: Corviknight|move: Roost
|
|-weather|Snowscape|[upkeep]
|upkeep
|turn|24
|inactive|Sitr0 has 20 seconds left this turn.
|inactive|Sitr0 has 15 seconds left.
|
|t:|1769313670
|switch|p1a: Latias|Latias, F, tera:Steel|100/100
|move|p2a: Ninetales|Encore||[still]
|-fail|p2a: Ninetales
|
|-weather|Snowscape|[upkeep]
|upkeep
|turn|25
|inactive|Sitr0 has 25 seconds left this turn.
|inactive|Sitr0 has 20 seconds left.
|
|t:|1769313678
|move|p2a: Ninetales|Moonblast|p1a: Latias
|-resisted|p1a: Latias
|-damage|p1a: Latias|90/100
|move|p1a: Latias|Future Sight|p2a: Ninetales
|-start|p1a: Latias|move: Future Sight
|
|-weather|Snowscape|[upkeep]
|upkeep
|turn|26
|inactive|Sitr0 has 30 seconds left this turn.
|inactive|Sitr0 has 20 seconds left.
|
|t:|1769313692
|switch|p2a: Great Tusk|Great Tusk|100/100
|-damage|p2a: Great Tusk|97/100|[from] Stealth Rock
|move|p1a: Latias|Future Sight||[still]
|-fail|p1a: Latias
|
|-weather|Snowscape|[upkeep]
|upkeep
|turn|27
|inactive|Sitr0 has 30 seconds left this turn.
|inactive|Sitr0 has 20 seconds left.
|inactive|Sitr0 has 15 seconds left.
|
|t:|1769313710
|switch|p1a: Corviknight|Corviknight, F|89/100
|-ability|p1a: Corviknight|Pressure
|move|p2a: Great Tusk|Rapid Spin|p1a: Corviknight
|-resisted|p1a: Corviknight
|-damage|p1a: Corviknight|84/100
|-boost|p2a: Great Tusk|spe|1
|-sideend|p2: Sitr0|Stealth Rock|[from] move: Rapid Spin|[of] p2a: Great Tusk
|
|-weather|none
|-end|p2a: Great Tusk|move: Future Sight
|-supereffective|p2a: Great Tusk
|-damage|p2a: Great Tusk|27/100
|upkeep
|turn|28
|inactive|Sitr0 has 25 seconds left this turn.
|inactive|Sitr0 has 20 seconds left.
|inactive|Sitr0 has 15 seconds left.
|
|t:|1769313723
|move|p2a: Great Tusk|Ice Spinner|p1a: Corviknight
|-damage|p1a: Corviknight|70/100
|move|p1a: Corviknight|Iron Defense|p1a: Corviknight
|-boost|p1a: Corviknight|def|2
|
|upkeep
|turn|29
|inactive|Sitr0 has 25 seconds left this turn.
|inactive|Sitr0 has 20 seconds left.
|
|t:|1769313729
|-end|p2a: Great Tusk|Protosynthesis|[silent]
|switch|p2a: Ninetales|Ninetales-Alola, M|64/100
|-weather|Snowscape|[from] ability: Snow Warning|[of] p2a: Ninetales
|move|p1a: Corviknight|Body Press|p2a: Ninetales
|-damage|p2a: Ninetales|44/100
|
|-weather|Snowscape|[upkeep]
|upkeep
|turn|30
|inactive|Sitr0 has 30 seconds left this turn.
|inactive|Sitr0 has 20 seconds left.
|
|t:|1769313740
|move|p2a: Ninetales|Moonblast|p1a: Corviknight
|-resisted|p1a: Corviknight
|-damage|p1a: Corviknight|56/100
|move|p1a: Corviknight|Body Press|p2a: Ninetales
|-damage|p2a: Ninetales|21/100
|
|-weather|Snowscape|[upkeep]
|-sideend|p2: Sitr0|move: Aurora Veil
|upkeep
|turn|31
|inactive|Sitr0 has 30 seconds left this turn.
|
|t:|1769313747
|move|p2a: Ninetales|Aurora Veil|p2a: Ninetales
|-sidestart|p2: Sitr0|move: Aurora Veil
|move|p1a: Corviknight|Body Press|p2a: Ninetales
|-damage|p2a: Ninetales|1/100
|
|-weather|Snowscape|[upkeep]
|upkeep
|turn|32
|inactive|Sitr0 has 30 seconds left.
|
|t:|1769313756
|move|p2a: Ninetales|Freeze-Dry|p1a: Corviknight
|-damage|p1a: Corviknight|35/100
|move|p1a: Corviknight|Body Press|p2a: Ninetales
|-damage|p2a: Ninetales|0 fnt
|faint|p2a: Ninetales
|
|-weather|Snowscape|[upkeep]
|upkeep
|inactive|Sitr0 has 30 seconds left.
|
|t:|1769313767
|switch|p2a: Iron Valiant|Iron Valiant, tera:Dark|73/100
|turn|33
|inactive|Sitr0 has 30 seconds left.
|
|t:|1769313777
|move|p2a: Iron Valiant|Close Combat|p1a: Corviknight
|-damage|p1a: Corviknight|15/100
|-unboost|p2a: Iron Valiant|def|1
|-unboost|p2a: Iron Valiant|spd|1
|move|p1a: Corviknight|Roost|p1a: Corviknight
|-heal|p1a: Corviknight|65/100
|-singleturn|p1a: Corviknight|move: Roost
|
|-weather|none
|upkeep
|turn|34
|inactive|Sitr0 has 30 seconds left.
|
|t:|1769313791
|move|p2a: Iron Valiant|Close Combat|p1a: Corviknight
|-damage|p1a: Corviknight|46/100
|-unboost|p2a: Iron Valiant|def|1
|-unboost|p2a: Iron Valiant|spd|1
|move|p1a: Corviknight|Body Press|p2a: Iron Valiant
|-supereffective|p2a: Iron Valiant
|-damage|p2a: Iron Valiant|0 fnt
|faint|p2a: Iron Valiant
|-end|p2a: Iron Valiant|Quark Drive|[silent]
|
|upkeep
|inactive|Sitr0 has 30 seconds left this turn.
|-message|Sitr0 forfeited.
|
|win|hitlurhatur
|raw|hitlurhatur's rating: 1147 &rarr; <strong>1177</strong><br />(+30 for winning)
|raw|Sitr0's rating: 1221 &rarr; <strong>1191</strong><br />(-30 for losing)
|l|☆Sitr0
|player|p2|
|c|☆hitlurhatur|gg
