|j|☆Incredium
|j|☆GOLLUMM
|t:|1769292882
|gametype|singles
|player|p1|Incredium|fisherman-gen4|1086
|player|p2|GOLLUMM|kimonogirl|1079
|gen|9
|tier|[Gen 9] OU
|rated|
|rule|HP Percentage Mod: HP is shown in percentages
|rule|Endless Battle Clause: Forcing endless battles is banned
|rule|Species Clause: Limit one of each Pokémon
|rule|OHKO Clause: OHKO moves are banned
|rule|Evasion Items Clause: Evasion items are banned
|rule|Evasion Moves Clause: Evasion moves are banned
|rule|Evasion Abilities Clause: Evasion abilities are banned
|rule|Sleep Moves Clause: Sleep-inducing moves are banned
|clearpoke
|poke|p1|Torkoal, F|
|poke|p1|Walking Wake|
|poke|p1|Great Tusk|
|poke|p1|Venusaur, F|
|poke|p1|Iron Moth|
|poke|p1|Thundurus, M|
|poke|p2|Delibird, F|
|poke|p2|Persian-Alola, M|
|poke|p2|Plusle, F|
|poke|p2|Dunsparce, F|
|poke|p2|Rotom-Fan|
|poke|p2|Hoopa-Unbound|
|teampreview
|
|t:|1769292899
|teamsize|p1|6
|teamsize|p2|6
|start
|switch|p1a: Torkoal|Torkoal, F|100/100
|switch|p2a: From Temu|Rotom-Fan, shiny|100/100
|-weather|SunnyDay|[from] ability: Drought|[of] p1a: Torkoal
|turn|1
|
|t:|1769292911
|move|p2a: From Temu|Nasty Plot|p2a: From Temu
|-boost|p2a: From Temu|spa|2
|move|p1a: Torkoal|Stealth Rock|p2a: From Temu
|-sidestart|p2: GOLLUMM|move: Stealth Rock
|
|-weather|SunnyDay|[upkeep]
|upkeep
|turn|2
|
|t:|1769292920
|move|p2a: From Temu|Air Slash|p1a: Torkoal
|-damage|p1a: Torkoal|17/100
|cant|p1a: Torkoal|flinch
|
|-weather|SunnyDay|[upkeep]
|upkeep
|turn|3
|
|t:|1769292927
|move|p2a: From Temu|Shadow Ball|p1a: Torkoal
|-damage|p1a: Torkoal|0 fnt
|faint|p1a: Torkoal
|
|-weather|SunnyDay|[upkeep]
|upkeep
|
|t:|1769292938
|switch|p1a: Walking Wake|Walking Wake|100/100
|-activate|p1a: Walking Wake|ability: Protosynthesis
|-start|p1a: Walking Wake|protosynthesisspe
|turn|4
|
|t:|1769292946
|move|p1a: Walking Wake|Hydro Steam|p2a: From Temu
|-damage|p2a: From Temu|0 fnt
|faint|p2a: From Temu
|
|-weather|SunnyDay|[upkeep]
|upkeep
|
|t:|1769292963
|switch|p2a: moon face|Persian-Alola, M, shiny|100/100
|-damage|p2a: moon face|88/100|[from] Stealth Rock
|turn|5
|
|t:|1769292972
|move|p2a: moon face|Fake Out|p1a: Walking Wake
|-damage|p1a: Walking Wake|93/100
|cant|p1a: Walking Wake|flinch
|
|-weather|SunnyDay|[upkeep]
|-heal|p2a: moon face|94/100|[from] item: Leftovers
|upkeep
|turn|6
|
|t:|1769292979
|move|p1a: Walking Wake|Hydro Steam|p2a: moon face
|-damage|p2a: moon face|0 fnt
|faint|p2a: moon face
|
|-weather|SunnyDay|[upkeep]
|upkeep
|
|t:|1769292986
|switch|p2a: Mecces|Hoopa-Unbound|100/100
|-damage|p2a: Mecces|88/100|[from] Stealth Rock
|turn|7
|
|t:|1769292995
|-terastallize|p2a: Mecces|Steel
|move|p1a: Walking Wake|Hydro Steam|p2a: Mecces
|-damage|p2a: Mecces|6/100
|move|p2a: Mecces|Expanding Force|p1a: Walking Wake
|-damage|p1a: Walking Wake|36/100
|
|-weather|SunnyDay|[upkeep]
|upkeep
|turn|8
|inactive|Battle timer is ON: inactive players will automatically lose when time's up. (requested by Incredium)
|inactive|GOLLUMM has 120 seconds left.
|inactive|GOLLUMM has 90 seconds left.
|inactive|GOLLUMM has 60 seconds left.
|inactive|GOLLUMM has 30 seconds left.
|inactive|GOLLUMM has 20 seconds left.
|inactive|GOLLUMM has 15 seconds left.
|inactive|GOLLUMM has 10 seconds left.
|inactive|GOLLUMM has 5 seconds left.
|-message|GOLLUMM lost due to inactivity.
|
|win|Incredium
|raw|Incredium's rating: 1086 &rarr; <strong>1109</strong><br />(+23 for winning)
|raw|GOLLUMM's rating: 1035 &rarr; <strong>1022</strong><br />(-13 for losing)
|l|☆Incredium
|player|p1|
