|j|☆TheAzulKiwi
|j|☆CambridgeFoulPlay
|t:|1769363949
|gametype|singles
|player|p1|TheAzulKiwi|clemont|1713
|player|p2|CambridgeFoulPlay|266|1754
|gen|9
|tier|[Gen 9] OU
|rated|
|rule|HP Percentage Mod: HP is shown in percentages
|rule|Endless Battle Clause: Forcing endless battles is banned
|rule|Species Clause: Limit one of each Pokémon
|rule|OHKO Clause: OHKO moves are banned
|rule|Evasion Items Clause: Evasion items are banned
|rule|Evasion Moves Clause: Evasion moves are banned
|rule|Evasion Abilities Clause: Evasion abilities are banned
|rule|Sleep Moves Clause: Sleep-inducing moves are banned
|clearpoke
|poke|p1|Ceruledge, F|
|poke|p1|Hoopa-Unbound|
|poke|p1|Samurott-Hisui, F|
|poke|p1|Zamazenta-*|
|poke|p1|Iron Treads|
|poke|p1|Raging Bolt|
|poke|p2|Hydrapple, M|
|poke|p2|Tyranitar, F|
|poke|p2|Moltres|
|poke|p2|Zamazenta-*|
|poke|p2|Slowking-Galar, M|
|poke|p2|Excadrill, F|
|teampreview
|c|☆CambridgeFoulPlay|hf
|inactive|Battle timer is ON: inactive players will automatically lose when time's up. (requested by CambridgeFoulPlay)
|c|☆TheAzulKiwi|u2
|
|t:|1769363964
|teamsize|p1|6
|teamsize|p2|6
|start
|switch|p1a: Hoopa|Hoopa-Unbound|100/100
|switch|p2a: Zamazenta|Zamazenta|100/100
|-ability|p2a: Zamazenta|Dauntless Shield|boost
|-boost|p2a: Zamazenta|def|1
|turn|1
|
|t:|1769363967
|-terastallize|p1a: Hoopa|Ghost
|move|p2a: Zamazenta|Body Press|p1a: Hoopa
|-immune|p1a: Hoopa
|move|p1a: Hoopa|Psychic Noise|p2a: Zamazenta
|-supereffective|p2a: Zamazenta
|-damage|p2a: Zamazenta|8/100
|-start|p2a: Zamazenta|move: Heal Block
|
|upkeep
|turn|2
|
|t:|1769363974
|switch|p1a: Zamazenta|Zamazenta|100/100
|-ability|p1a: Zamazenta|Dauntless Shield|boost
|-boost|p1a: Zamazenta|def|1
|move|p2a: Zamazenta|Crunch|p1a: Zamazenta
|-resisted|p1a: Zamazenta
|-damage|p1a: Zamazenta|94/100
|
|-end|p2a: Zamazenta|move: Heal Block
|upkeep
|turn|3
|
|t:|1769363982
|switch|p2a: Hydrapple|Hydrapple, M|100/100
|move|p1a: Zamazenta|Stone Edge|p2a: Hydrapple
|-damage|p2a: Hydrapple|73/100
|-damage|p1a: Zamazenta|84/100|[from] item: Life Orb
|
|upkeep
|turn|4
|
|t:|1769363987
|switch|p1a: Hoopa|Hoopa-Unbound, tera:Ghost|100/100
|move|p2a: Hydrapple|Fickle Beam|p1a: Hoopa|[anim] Fickle Beam All Out
|-activate|p2a: Hydrapple|move: Fickle Beam
|-damage|p1a: Hoopa|63/100
|
|upkeep
|turn|5
|
|t:|1769363990
|switch|p2a: Tyranitar|Tyranitar, F|100/100
|-weather|Sandstorm|[from] ability: Sand Stream|[of] p2a: Tyranitar
|move|p1a: Hoopa|Focus Blast|p2a: Tyranitar|[miss]
|-miss|p1a: Hoopa|p2a: Tyranitar
|
|-weather|Sandstorm|[upkeep]
|-damage|p1a: Hoopa|57/100|[from] Sandstorm
|upkeep
|turn|6
|
|t:|1769363996
|move|p1a: Hoopa|Focus Blast|p2a: Tyranitar
|-supereffective|p2a: Tyranitar
|-damage|p2a: Tyranitar|12/100
|move|p2a: Tyranitar|Knock Off|p1a: Hoopa
|-supereffective|p1a: Hoopa
|-crit|p1a: Hoopa
|-damage|p1a: Hoopa|0 fnt
|-enditem|p1a: Hoopa|Assault Vest|[from] move: Knock Off|[of] p2a: Tyranitar
|faint|p1a: Hoopa
|
|-weather|Sandstorm|[upkeep]
|upkeep
|
|t:|1769364001
|switch|p1a: Samurott|Samurott-Hisui, F|100/100
|turn|7
|
|t:|1769364004
|switch|p2a: Hydrapple|Hydrapple, M|100/100
|move|p1a: Samurott|Ceaseless Edge|p2a: Hydrapple
|-damage|p2a: Hydrapple|72/100
|-sidestart|p2: CambridgeFoulPlay|Spikes
|
|-weather|Sandstorm|[upkeep]
|-damage|p1a: Samurott|94/100|[from] Sandstorm
|-damage|p2a: Hydrapple|65/100|[from] Sandstorm
|upkeep
|turn|8
|
|t:|1769364007
|move|p1a: Samurott|Ceaseless Edge|p2a: Hydrapple
|-crit|p2a: Hydrapple
|-damage|p2a: Hydrapple|25/100
|-sidestart|p2: CambridgeFoulPlay|Spikes
|move|p2a: Hydrapple|Giga Drain|p1a: Samurott
|-supereffective|p1a: Samurott
|-damage|p1a: Samurott|0 fnt
|-heal|p2a: Hydrapple|63/100|[from] drain|[of] p1a: Samurott
|faint|p1a: Samurott
|
|-weather|Sandstorm|[upkeep]
|-damage|p2a: Hydrapple|57/100|[from] Sandstorm
|upkeep
|
|t:|1769364018
|switch|p1a: Iron Treads|Iron Treads|100/100
|-enditem|p1a: Iron Treads|Booster Energy
|-activate|p1a: Iron Treads|ability: Quark Drive|[fromitem]
|-start|p1a: Iron Treads|quarkdrivespe
|turn|9
|
|t:|1769364020
|move|p1a: Iron Treads|Ice Spinner|p2a: Hydrapple
|-supereffective|p2a: Hydrapple
|-damage|p2a: Hydrapple|0 fnt
|faint|p2a: Hydrapple
|
|-weather|Sandstorm|[upkeep]
|upkeep
|
|t:|1769364023
|switch|p2a: Excadrill|Excadrill, F|100/100
|-item|p2a: Excadrill|Air Balloon
|turn|10
|
|t:|1769364026
|move|p2a: Excadrill|Rapid Spin|p1a: Iron Treads
|-resisted|p1a: Iron Treads
|-damage|p1a: Iron Treads|92/100
|-boost|p2a: Excadrill|spe|1
|-sideend|p2: CambridgeFoulPlay|Spikes|[from] move: Rapid Spin|[of] p2a: Excadrill
|move|p1a: Iron Treads|Ice Spinner|p2a: Excadrill
|-damage|p2a: Excadrill|63/100
|-enditem|p2a: Excadrill|Air Balloon
|
|-weather|Sandstorm|[upkeep]
|upkeep
|turn|11
|
|t:|1769364036
|move|p2a: Excadrill|Earthquake|p1a: Iron Treads
|-supereffective|p1a: Iron Treads
|-damage|p1a: Iron Treads|0 fnt
|faint|p1a: Iron Treads
|-end|p1a: Iron Treads|Quark Drive|[silent]
|
|-weather|Sandstorm|[upkeep]
|upkeep
|j| Samurajen
|
|t:|1769364038
|switch|p1a: Zamazenta|Zamazenta|84/100
|turn|12
|
|t:|1769364040
|move|p2a: Excadrill|Iron Head|p1a: Zamazenta
|-damage|p1a: Zamazenta|46/100
|move|p1a: Zamazenta|Close Combat|p2a: Excadrill
|-supereffective|p2a: Excadrill
|-damage|p2a: Excadrill|0 fnt
|-unboost|p1a: Zamazenta|def|1
|-unboost|p1a: Zamazenta|spd|1
|faint|p2a: Excadrill
|-damage|p1a: Zamazenta|36/100|[from] item: Life Orb
|
|-weather|none
|upkeep
|
|t:|1769364042
|switch|p2a: Zamazenta|Zamazenta|8/100
|turn|13
|
|t:|1769364045
|move|p1a: Zamazenta|Close Combat|p2a: Zamazenta
|-damage|p2a: Zamazenta|0 fnt
|-unboost|p1a: Zamazenta|def|1
|-unboost|p1a: Zamazenta|spd|1
|faint|p2a: Zamazenta
|-damage|p1a: Zamazenta|27/100|[from] item: Life Orb
|
|upkeep
|
|t:|1769364047
|switch|p2a: Slowking|Slowking-Galar, M|100/100
|turn|14
|
|t:|1769364052
|switch|p1a: Ceruledge|Ceruledge, F|100/100
|switch|p2a: Moltres|Moltres|100/100
|
|upkeep
|turn|15
|
|t:|1769364054
|move|p1a: Ceruledge|Poltergeist|p2a: Moltres
|-activate|p2a: Moltres|move: Poltergeist|Heavy-Duty Boots
|-damage|p2a: Moltres|61/100
|move|p2a: Moltres|Roar|p1a: Ceruledge
|drag|p1a: Raging Bolt|Raging Bolt|100/100
|-enditem|p1a: Raging Bolt|Booster Energy
|-activate|p1a: Raging Bolt|ability: Protosynthesis|[fromitem]
|-start|p1a: Raging Bolt|protosynthesisspa
|
|upkeep
|turn|16
|
|t:|1769364061
|switch|p2a: Slowking|Slowking-Galar, M|100/100
|move|p1a: Raging Bolt|Thunderbolt|p2a: Slowking
|-damage|p2a: Slowking|66/100
|
|upkeep
|turn|17
|
|t:|1769364064
|move|p1a: Raging Bolt|Thunderbolt|p2a: Slowking
|-damage|p2a: Slowking|31/100
|move|p2a: Slowking|Sludge Bomb|p1a: Raging Bolt
|-damage|p1a: Raging Bolt|71/100
|-status|p1a: Raging Bolt|psn
|
|-damage|p1a: Raging Bolt|58/100 psn|[from] psn
|upkeep
|turn|18
|
|t:|1769364068
|switch|p2a: Tyranitar|Tyranitar, F|12/100
|-weather|Sandstorm|[from] ability: Sand Stream|[of] p2a: Tyranitar
|move|p1a: Raging Bolt|Thunderbolt|p2a: Tyranitar
|-damage|p2a: Tyranitar|0 fnt
|faint|p2a: Tyranitar
|
|-weather|Sandstorm|[upkeep]
|-damage|p1a: Raging Bolt|52/100 psn|[from] Sandstorm
|-damage|p1a: Raging Bolt|40/100 psn|[from] psn
|upkeep
|
|t:|1769364071
|switch|p2a: Slowking|Slowking-Galar, M|65/100
|turn|19
|
|t:|1769364076
|-end|p1a: Raging Bolt|Protosynthesis|[silent]
|switch|p1a: Ceruledge|Ceruledge, F|100/100
|move|p2a: Slowking|Flamethrower|p1a: Ceruledge
|-resisted|p1a: Ceruledge
|-damage|p1a: Ceruledge|87/100
|
|-weather|Sandstorm|[upkeep]
|-damage|p1a: Ceruledge|81/100|[from] Sandstorm
|-damage|p2a: Slowking|59/100|[from] Sandstorm
|upkeep
|turn|20
|
|t:|1769364079
|move|p1a: Ceruledge|Poltergeist|p2a: Slowking
|-activate|p2a: Slowking|move: Poltergeist|Assault Vest
|-supereffective|p2a: Slowking
|-damage|p2a: Slowking|0 fnt
|faint|p2a: Slowking
|
|-weather|Sandstorm|[upkeep]
|-damage|p1a: Ceruledge|75/100|[from] Sandstorm
|upkeep
|
|t:|1769364081
|switch|p2a: Moltres|Moltres|61/100
|turn|21
|
|t:|1769364083
|move|p1a: Ceruledge|Poltergeist|p2a: Moltres
|-activate|p2a: Moltres|move: Poltergeist|Heavy-Duty Boots
|-damage|p2a: Moltres|23/100
|move|p2a: Moltres|Roar|p1a: Ceruledge
|drag|p1a: Raging Bolt|Raging Bolt|40/100 psn
|
|-weather|Sandstorm|[upkeep]
|-damage|p2a: Moltres|17/100|[from] Sandstorm
|-damage|p1a: Raging Bolt|34/100 psn|[from] Sandstorm
|-damage|p1a: Raging Bolt|21/100 psn|[from] psn
|upkeep
|turn|22
|
|t:|1769364087
|move|p2a: Moltres|Flamethrower|p1a: Raging Bolt
|-resisted|p1a: Raging Bolt
|-damage|p1a: Raging Bolt|5/100 psn
|move|p1a: Raging Bolt|Thunderbolt|p2a: Moltres
|-supereffective|p2a: Moltres
|-damage|p2a: Moltres|0 fnt
|faint|p2a: Moltres
|
|win|TheAzulKiwi
|raw|TheAzulKiwi's rating: 1713 &rarr; <strong>1735</strong><br />(+22 for winning)
|raw|CambridgeFoulPlay's rating: 1754 &rarr; <strong>1732</strong><br />(-22 for losing)
|c|☆CambridgeFoulPlay|gg
|l|☆CambridgeFoulPlay
|player|p2|
|c|☆TheAzulKiwi|gg
|l|☆TheAzulKiwi
|player|p1|
