|j|☆Mamiya_Yumehisa
|j|☆Above ur wayss
|t:|1769421002
|gametype|singles
|player|p1|Mamiya_Yumehisa|leaf-masters|1629
|player|p2|Above ur wayss|101|1599
|gen|9
|tier|[Gen 9] OU
|rated|
|rule|HP Percentage Mod: HP is shown in percentages
|rule|Endless Battle Clause: Forcing endless battles is banned
|rule|Species Clause: Limit one of each Pokémon
|rule|OHKO Clause: OHKO moves are banned
|rule|Evasion Items Clause: Evasion items are banned
|rule|Evasion Moves Clause: Evasion moves are banned
|rule|Evasion Abilities Clause: Evasion abilities are banned
|rule|Sleep Moves Clause: Sleep-inducing moves are banned
|clearpoke
|poke|p1|Samurott-Hisui, F|
|poke|p1|Sinistcha|
|poke|p1|Ting-Lu|
|poke|p1|Slowking-Galar, M|
|poke|p1|Dragonite, F|
|poke|p1|Iron Valiant|
|poke|p2|Kyurem|
|poke|p2|Cinderace, F|
|poke|p2|Landorus-Therian, M|
|poke|p2|Kingambit, F|
|poke|p2|Glimmora, M|
|poke|p2|Dragapult, M|
|teampreview
|inactive|Battle timer is ON: inactive players will automatically lose when time's up. (requested by Mamiya_Yumehisa)
|
|t:|1769421024
|teamsize|p1|6
|teamsize|p2|6
|start
|switch|p1a: Samurott|Samurott-Hisui, F|100/100
|switch|p2a: Landorus|Landorus-Therian, M|100/100
|-ability|p2a: Landorus|Intimidate|boost
|-unboost|p1a: Samurott|atk|1
|turn|1
|
|t:|1769421034
|move|p2a: Landorus|Earthquake|p1a: Samurott
|-damage|p1a: Samurott|37/100
|move|p1a: Samurott|Razor Shell|p2a: Landorus
|-supereffective|p2a: Landorus
|-damage|p2a: Landorus|34/100
|-damage|p1a: Samurott|20/100|[from] item: Rocky Helmet|[of] p2a: Landorus
|
|upkeep
|turn|2
|inactive|Mamiya_Yumehisa has 120 seconds left.
|inactive|Mamiya_Yumehisa has 90 seconds left.
|
|t:|1769421112
|move|p1a: Samurott|Aqua Jet|p2a: Landorus
|-supereffective|p2a: Landorus
|-damage|p2a: Landorus|11/100
|-damage|p1a: Samurott|4/100|[from] item: Rocky Helmet|[of] p2a: Landorus
|move|p2a: Landorus|U-turn|p1a: Samurott
|-supereffective|p1a: Samurott
|-damage|p1a: Samurott|0 fnt
|faint|p1a: Samurott
|j| Samurajen
|
|t:|1769421125
|switch|p2a: Glimmora|Glimmora, M|100/100|[from] U-turn
|
|upkeep
|inactive|Mamiya_Yumehisa has 60 seconds left.
|
|t:|1769421162
|switch|p1a: Ting-Lu|Ting-Lu|100/100
|-ability|p1a: Ting-Lu|Vessel of Ruin
|turn|3
|
|t:|1769421171
|switch|p2a: Landorus|Landorus-Therian, M|11/100
|-ability|p2a: Landorus|Intimidate|boost
|-unboost|p1a: Ting-Lu|atk|1
|move|p1a: Ting-Lu|Stealth Rock|p2a: Landorus
|-sidestart|p2: Above ur wayss|move: Stealth Rock
|
|upkeep
|turn|4
|inactive|Mamiya_Yumehisa has 60 seconds left.
|
|t:|1769421181
|switch|p1a: Sinistcha|Sinistcha|100/100
|move|p2a: Landorus|Stealth Rock|p1a: Sinistcha
|-sidestart|p1: Mamiya_Yumehisa|move: Stealth Rock
|
|upkeep
|turn|5
|inactive|Mamiya_Yumehisa has 60 seconds left.
|
|t:|1769421193
|move|p2a: Landorus|U-turn|p1a: Sinistcha
|-damage|p1a: Sinistcha|86/100
|
|t:|1769421195
|switch|p2a: Cinderace|Cinderace, F|100/100|[from] U-turn
|move|p1a: Sinistcha|Matcha Gotcha|p2a: Cinderace
|-resisted|p2a: Cinderace
|-damage|p2a: Cinderace|80/100
|-heal|p1a: Sinistcha|96/100|[from] drain|[of] p2a: Cinderace
|
|upkeep
|turn|6
|
|t:|1769421205
|move|p2a: Cinderace|Gunk Shot|p1a: Sinistcha
|-start|p2a: Cinderace|typechange|Poison|[from] ability: Libero
|-damage|p1a: Sinistcha|56/100
|-status|p1a: Sinistcha|psn
|move|p1a: Sinistcha|Shadow Ball|p2a: Cinderace
|-damage|p2a: Cinderace|38/100
|
|-damage|p1a: Sinistcha|44/100 psn|[from] psn
|upkeep
|turn|7
|
|t:|1769421215
|move|p2a: Cinderace|U-turn|p1a: Sinistcha
|-damage|p1a: Sinistcha|28/100 psn
|
|t:|1769421217
|switch|p2a: Landorus|Landorus-Therian, M|11/100|[from] U-turn
|-damage|p2a: Landorus|0 fnt|[from] Stealth Rock
|faint|p2a: Landorus
|move|p1a: Sinistcha|Strength Sap|p2: Landorus|[notarget]
|-fail|p1a: Sinistcha
|
|-damage|p1a: Sinistcha|16/100 psn|[from] psn
|upkeep
|
|t:|1769421231
|switch|p2a: Kyurem|Kyurem|100/100
|-damage|p2a: Kyurem|75/100|[from] Stealth Rock
|-ability|p2a: Kyurem|Pressure
|turn|8
|
|t:|1769421239
|switch|p1a: Slowking|Slowking-Galar, M|100/100
|move|p2a: Kyurem|Freeze-Dry|p1a: Slowking
|-damage|p1a: Slowking|81/100
|
|-heal|p2a: Kyurem|82/100|[from] item: Leftovers
|upkeep
|turn|9
|inactive|Mamiya_Yumehisa has 90 seconds left.
|
|t:|1769421249
|move|p2a: Kyurem|Protect|p2a: Kyurem
|-singleturn|p2a: Kyurem|Protect
|move|p1a: Slowking|Future Sight|p2a: Kyurem
|-start|p1a: Slowking|move: Future Sight
|
|-heal|p2a: Kyurem|88/100|[from] item: Leftovers
|upkeep
|turn|10
|
|t:|1769421258
|move|p2a: Kyurem|Substitute|p2a: Kyurem
|-start|p2a: Kyurem|Substitute
|-damage|p2a: Kyurem|63/100
|-prepare|p1a: Slowking|Chilly Reception|[premajor]
|move|p1a: Slowking|Chilly Reception|p1a: Slowking
|-weather|Snowscape
|inactive|Mamiya_Yumehisa has 90 seconds left.
|
|t:|1769421268
|switch|p1a: Iron Valiant|Iron Valiant|100/100|[from] Chilly Reception
|-damage|p1a: Iron Valiant|94/100|[from] Stealth Rock
|-enditem|p1a: Iron Valiant|Booster Energy
|-activate|p1a: Iron Valiant|ability: Quark Drive|[fromitem]
|-start|p1a: Iron Valiant|quarkdrivespe
|
|-weather|Snowscape|[upkeep]
|-heal|p2a: Kyurem|69/100|[from] item: Leftovers
|upkeep
|turn|11
|
|t:|1769421274
|move|p2a: Kyurem|Protect|p2a: Kyurem
|-singleturn|p2a: Kyurem|Protect
|move|p1a: Iron Valiant|Encore|p2a: Kyurem
|-activate|p2a: Kyurem|move: Protect
|
|-weather|Snowscape|[upkeep]
|-end|p2a: Kyurem|move: Future Sight
|-end|p2a: Kyurem|Substitute
|-heal|p2a: Kyurem|75/100|[from] item: Leftovers
|upkeep
|turn|12
|
|t:|1769421287
|switch|p2a: Glimmora|Glimmora, M|100/100
|-damage|p2a: Glimmora|88/100|[from] Stealth Rock
|move|p1a: Iron Valiant|Close Combat|p2a: Glimmora
|-damage|p2a: Glimmora|44/100
|-unboost|p1a: Iron Valiant|def|1
|-unboost|p1a: Iron Valiant|spd|1
|-activate|p2a: Glimmora|ability: Toxic Debris
|-sidestart|p1: Mamiya_Yumehisa|move: Toxic Spikes
|-enditem|p2a: Glimmora|Red Card|[of] p1a: Iron Valiant
|-end|p1a: Iron Valiant|Quark Drive|[silent]
|drag|p1a: Slowking|Slowking-Galar, M|100/100
|-sideend|p1: Mamiya_Yumehisa|move: Toxic Spikes|[of] p1a: Slowking
|
|-weather|Snowscape|[upkeep]
|upkeep
|turn|13
|
|t:|1769421298
|move|p2a: Glimmora|Mortal Spin|p1a: Slowking
|-resisted|p1a: Slowking
|-damage|p1a: Slowking|97/100
|-sideend|p2: Above ur wayss|Stealth Rock|[from] move: Mortal Spin|[of] p2a: Glimmora
|move|p1a: Slowking|Future Sight|p2a: Glimmora
|-start|p1a: Slowking|move: Future Sight
|
|-weather|Snowscape|[upkeep]
|upkeep
|turn|14
|
|t:|1769421310
|move|p2a: Glimmora|Spikes|p1a: Slowking
|-sidestart|p1: Mamiya_Yumehisa|Spikes
|-prepare|p1a: Slowking|Chilly Reception|[premajor]
|move|p1a: Slowking|Chilly Reception|p1a: Slowking
|
|t:|1769421322
|switch|p1a: Iron Valiant|Iron Valiant|94/100|[from] Chilly Reception
|-damage|p1a: Iron Valiant|88/100|[from] Stealth Rock
|-damage|p1a: Iron Valiant|76/100|[from] Spikes
|
|-weather|none
|upkeep
|turn|15
|inactive|Above ur wayss has 120 seconds left.
|
|t:|1769421354
|switch|p2a: Cinderace|Cinderace, F|38/100
|move|p1a: Iron Valiant|Close Combat|p2a: Cinderace
|-damage|p2a: Cinderace|0 fnt
|-unboost|p1a: Iron Valiant|def|1
|-unboost|p1a: Iron Valiant|spd|1
|faint|p2a: Cinderace
|
|-hint|Future Sight did not hit because the target is fainted.
|upkeep
|
|t:|1769421356
|switch|p2a: Dragapult|Dragapult, M|100/100
|turn|16
|inactive|Mamiya_Yumehisa has 120 seconds left.
|
|t:|1769421367
|-end|p1a: Iron Valiant|Quark Drive|[silent]
|switch|p1a: Sinistcha|Sinistcha|16/100 psn
|move|p2a: Dragapult|U-turn|p1a: Sinistcha
|-damage|p1a: Sinistcha|3/100 psn
|
|t:|1769421378
|switch|p2a: Kyurem|Kyurem|75/100|[from] U-turn
|-ability|p2a: Kyurem|Pressure
|
|-heal|p2a: Kyurem|81/100|[from] item: Leftovers
|-damage|p1a: Sinistcha|0 fnt|[from] psn
|faint|p1a: Sinistcha
|upkeep
|inactive|Mamiya_Yumehisa has 120 seconds left.
|
|t:|1769421401
|switch|p1a: Slowking|Slowking-Galar, M|100/100
|turn|17
|
|t:|1769421407
|move|p2a: Kyurem|Substitute|p2a: Kyurem
|-start|p2a: Kyurem|Substitute
|-damage|p2a: Kyurem|56/100
|move|p1a: Slowking|Future Sight|p2a: Kyurem
|-start|p1a: Slowking|move: Future Sight
|
|-heal|p2a: Kyurem|63/100|[from] item: Leftovers
|upkeep
|turn|18
|inactive|Mamiya_Yumehisa has 120 seconds left.
|
|t:|1769421414
|move|p2a: Kyurem|Earth Power|p1a: Slowking
|-supereffective|p1a: Slowking
|-damage|p1a: Slowking|64/100
|-unboost|p1a: Slowking|spd|1
|-prepare|p1a: Slowking|Chilly Reception|[premajor]
|move|p1a: Slowking|Chilly Reception|p1a: Slowking
|-weather|Snowscape
|inactive|Mamiya_Yumehisa has 120 seconds left.
|inactive|Mamiya_Yumehisa has 90 seconds left.
|
|t:|1769421455
|switch|p1a: Dragonite|Dragonite, F|100/100|[from] Chilly Reception
|
|-weather|Snowscape|[upkeep]
|-heal|p2a: Kyurem|69/100|[from] item: Leftovers
|upkeep
|turn|19
|
|t:|1769421460
|-terastallize|p1a: Dragonite|Normal
|move|p1a: Dragonite|Extreme Speed|p2a: Kyurem
|-end|p2a: Kyurem|Substitute
|move|p2a: Kyurem|Freeze-Dry|p1a: Dragonite
|-damage|p1a: Dragonite|86/100
|
|-weather|Snowscape|[upkeep]
|-end|p2a: Kyurem|move: Future Sight
|-damage|p2a: Kyurem|25/100
|-heal|p2a: Kyurem|31/100|[from] item: Leftovers
|upkeep
|turn|20
|
|t:|1769421475
|switch|p2a: Kingambit|Kingambit, F|100/100
|-activate|p2a: Kingambit|ability: Supreme Overlord
|-start|p2a: Kingambit|fallen2|[silent]
|move|p1a: Dragonite|Roost|p1a: Dragonite
|-heal|p1a: Dragonite|100/100
|
|-weather|Snowscape|[upkeep]
|upkeep
|turn|21
|
|t:|1769421484
|move|p2a: Kingambit|Low Kick|p1a: Dragonite
|-supereffective|p1a: Dragonite
|-damage|p1a: Dragonite|55/100
|move|p1a: Dragonite|Earthquake|p2a: Kingambit
|-supereffective|p2a: Kingambit
|-enditem|p2a: Kingambit|Shuca Berry|[eat]
|-enditem|p2a: Kingambit|Shuca Berry|[weaken]
|-damage|p2a: Kingambit|70/100
|
|-weather|Snowscape|[upkeep]
|upkeep
|turn|22
|c|☆Above ur wayss|Piss slow dnite
|inactive|Mamiya_Yumehisa has 90 seconds left.
|
|t:|1769421520
|switch|p1a: Ting-Lu|Ting-Lu|100/100
|-damage|p1a: Ting-Lu|94/100|[from] Stealth Rock
|-damage|p1a: Ting-Lu|82/100|[from] Spikes
|-ability|p1a: Ting-Lu|Vessel of Ruin
|move|p2a: Kingambit|Low Kick|p1a: Ting-Lu
|-supereffective|p1a: Ting-Lu
|-damage|p1a: Ting-Lu|26/100
|
|-weather|none
|-heal|p1a: Ting-Lu|32/100|[from] item: Leftovers
|upkeep
|turn|23
|
|t:|1769421525
|move|p2a: Kingambit|Low Kick|p1a: Ting-Lu
|-supereffective|p1a: Ting-Lu
|-damage|p1a: Ting-Lu|0 fnt
|faint|p1a: Ting-Lu
|
|upkeep
|
|t:|1769421528
|switch|p1a: Iron Valiant|Iron Valiant|76/100
|-damage|p1a: Iron Valiant|69/100|[from] Stealth Rock
|-damage|p1a: Iron Valiant|57/100|[from] Spikes
|turn|24
|inactive|Mamiya_Yumehisa has 90 seconds left.
|
|t:|1769421549
|-terastallize|p2a: Kingambit|Fire
|move|p1a: Iron Valiant|Moonblast|p2a: Kingambit
|-resisted|p2a: Kingambit
|-damage|p2a: Kingambit|47/100
|move|p2a: Kingambit|Iron Head|p1a: Iron Valiant
|-supereffective|p1a: Iron Valiant
|-damage|p1a: Iron Valiant|0 fnt
|faint|p1a: Iron Valiant
|-end|p1a: Iron Valiant|Quark Drive|[silent]
|
|upkeep
|inactive|Mamiya_Yumehisa has 90 seconds left.
|
|t:|1769421560
|switch|p1a: Dragonite|Dragonite, F, tera:Normal|55/100
|turn|25
|
|t:|1769421563
|move|p1a: Dragonite|Extreme Speed|p2a: Kingambit
|-damage|p2a: Kingambit|11/100
|move|p2a: Kingambit|Low Kick|p1a: Dragonite
|-supereffective|p1a: Dragonite
|-crit|p1a: Dragonite
|-damage|p1a: Dragonite|0 fnt
|faint|p1a: Dragonite
|
|upkeep
|-message|Mamiya_Yumehisa forfeited.
|
|win|Above ur wayss
|raw|Mamiya_Yumehisa's rating: 1629 &rarr; <strong>1607</strong><br />(-22 for losing)
|raw|Above ur wayss's rating: 1599 &rarr; <strong>1621</strong><br />(+22 for winning)
|l|☆Mamiya_Yumehisa
|player|p1|
|l|☆Above ur wayss
|player|p2|
