|j|☆kookabura7
|j|☆EleaRosea
|t:|1769348296
|gametype|singles
|player|p1|kookabura7|hilbert|1492
|player|p2|EleaRosea|harmony|1500
|gen|9
|tier|[Gen 9] OU
|rated|
|rule|HP Percentage Mod: HP is shown in percentages
|rule|Endless Battle Clause: Forcing endless battles is banned
|rule|Species Clause: Limit one of each Pokémon
|rule|OHKO Clause: OHKO moves are banned
|rule|Evasion Items Clause: Evasion items are banned
|rule|Evasion Moves Clause: Evasion moves are banned
|rule|Evasion Abilities Clause: Evasion abilities are banned
|rule|Sleep Moves Clause: Sleep-inducing moves are banned
|clearpoke
|poke|p1|Gliscor, F|
|poke|p1|Dragapult, F|
|poke|p1|Suicune|
|poke|p1|Iron Valiant|
|poke|p1|Heatran, F|
|poke|p1|Corviknight, F|
|poke|p2|Great Tusk|
|poke|p2|Heatran, F|
|poke|p2|Weavile, F|
|poke|p2|Primarina, F|
|poke|p2|Ogerpon, F|
|poke|p2|Pecharunt|
|teampreview
|inactive|Battle timer is ON: inactive players will automatically lose when time's up. (requested by kookabura7)
|inactive|EleaRosea has 120 seconds left.
|
|t:|1769348351
|teamsize|p1|6
|teamsize|p2|6
|start
|switch|p1a: Heatran|Heatran, F|100/100
|switch|p2a: Bandit|Weavile, F, shiny|100/100
|-ability|p2a: Bandit|Pressure
|turn|1
|
|t:|1769348360
|switch|p1a: Corviknight|Corviknight, F|100/100
|-ability|p1a: Corviknight|Pressure
|move|p2a: Bandit|Low Kick|p1a: Corviknight
|-damage|p1a: Corviknight|77/100
|-damage|p2a: Bandit|84/100|[from] item: Rocky Helmet|[of] p1a: Corviknight
|
|upkeep
|turn|2
|
|t:|1769348372
|move|p2a: Bandit|Low Kick|p1a: Corviknight
|-damage|p1a: Corviknight|53/100
|-damage|p2a: Bandit|68/100|[from] item: Rocky Helmet|[of] p1a: Corviknight
|move|p1a: Corviknight|U-turn|p2a: Bandit
|-supereffective|p2a: Bandit
|-damage|p2a: Bandit|17/100
|
|t:|1769348379
|switch|p1a: Iron Valiant|Iron Valiant|100/100|[from] U-turn
|-enditem|p1a: Iron Valiant|Booster Energy
|-activate|p1a: Iron Valiant|ability: Quark Drive|[fromitem]
|-start|p1a: Iron Valiant|quarkdrivespe
|
|upkeep
|turn|3
|
|t:|1769348403
|switch|p2a: Celestine|Primarina, F, shiny|100/100
|move|p1a: Iron Valiant|Moonblast|p2a: Celestine
|-damage|p2a: Celestine|77/100
|-unboost|p2a: Celestine|spa|1
|
|upkeep
|turn|4
|
|t:|1769348409
|-end|p1a: Iron Valiant|Quark Drive|[silent]
|switch|p1a: Suicune|Suicune|100/100
|-ability|p1a: Suicune|Pressure
|move|p2a: Celestine|Moonblast|p1a: Suicune
|-damage|p1a: Suicune|74/100
|-unboost|p1a: Suicune|spa|1
|
|-heal|p1a: Suicune|80/100|[from] item: Leftovers
|upkeep
|turn|5
|
|t:|1769348413
|move|p1a: Suicune|Substitute|p1a: Suicune
|-start|p1a: Suicune|Substitute
|-damage|p1a: Suicune|55/100
|move|p2a: Celestine|Flip Turn|p1a: Suicune
|-resisted|p1a: Suicune
|-activate|p1a: Suicune|move: Substitute|[damage]
|
|t:|1769348417
|switch|p2a: Anonymous|Ogerpon, F|100/100|[from] Flip Turn
|
|-heal|p1a: Suicune|61/100|[from] item: Leftovers
|upkeep
|turn|6
|
|t:|1769348421
|move|p2a: Anonymous|U-turn|p1a: Suicune
|-end|p1a: Suicune|Substitute
|
|t:|1769348423
|switch|p2a: Celestine|Primarina, F, shiny|77/100|[from] U-turn
|move|p1a: Suicune|Ice Beam|p2a: Celestine
|-resisted|p2a: Celestine
|-damage|p2a: Celestine|73/100
|
|-heal|p1a: Suicune|67/100|[from] item: Leftovers
|upkeep
|turn|7
|
|t:|1769348434
|move|p1a: Suicune|Calm Mind|p1a: Suicune
|-boost|p1a: Suicune|spa|1
|-boost|p1a: Suicune|spd|1
|move|p2a: Celestine|Moonblast|p1a: Suicune
|-damage|p1a: Suicune|43/100
|
|-heal|p1a: Suicune|49/100|[from] item: Leftovers
|upkeep
|turn|8
|
|t:|1769348445
|move|p1a: Suicune|Substitute|p1a: Suicune
|-start|p1a: Suicune|Substitute
|-damage|p1a: Suicune|24/100
|move|p2a: Celestine|Flip Turn|p1a: Suicune
|-resisted|p1a: Suicune
|-activate|p1a: Suicune|move: Substitute|[damage]
|
|t:|1769348447
|switch|p2a: Anonymous|Ogerpon, F|100/100|[from] Flip Turn
|
|-heal|p1a: Suicune|30/100|[from] item: Leftovers
|upkeep
|turn|9
|
|t:|1769348452
|move|p2a: Anonymous|U-turn|p1a: Suicune
|-end|p1a: Suicune|Substitute
|
|t:|1769348454
|switch|p2a: Celestine|Primarina, F, shiny|73/100|[from] U-turn
|move|p1a: Suicune|Calm Mind|p1a: Suicune
|-boost|p1a: Suicune|spa|1
|-boost|p1a: Suicune|spd|1
|
|-heal|p1a: Suicune|37/100|[from] item: Leftovers
|upkeep
|turn|10
|
|t:|1769348460
|move|p1a: Suicune|Scald|p2a: Celestine
|-resisted|p2a: Celestine
|-damage|p2a: Celestine|63/100
|move|p2a: Celestine|Flip Turn|p1a: Suicune
|-resisted|p1a: Suicune
|-damage|p1a: Suicune|33/100
|
|t:|1769348462
|switch|p2a: Anonymous|Ogerpon, F|100/100|[from] Flip Turn
|
|-heal|p1a: Suicune|39/100|[from] item: Leftovers
|upkeep
|turn|11
|
|t:|1769348467
|switch|p1a: Corviknight|Corviknight, F|53/100
|-ability|p1a: Corviknight|Pressure
|move|p2a: Anonymous|Ivy Cudgel|p1a: Corviknight
|-resisted|p1a: Corviknight
|-damage|p1a: Corviknight|42/100
|
|upkeep
|turn|12
|
|t:|1769348473
|switch|p2a: Overseer|Pecharunt|100/100
|move|p1a: Corviknight|Roost|p1a: Corviknight
|-heal|p1a: Corviknight|92/100
|-singleturn|p1a: Corviknight|move: Roost
|
|upkeep
|turn|13
|
|t:|1769348478
|move|p2a: Overseer|Parting Shot|p1a: Corviknight
|-unboost|p1a: Corviknight|atk|1
|-unboost|p1a: Corviknight|spa|1
|
|t:|1769348491
|switch|p2a: Chaos|Heatran, F, shiny|100/100|[from] Parting Shot
|-item|p2a: Chaos|Air Balloon
|move|p1a: Corviknight|U-turn|p2a: Chaos
|-resisted|p2a: Chaos
|-damage|p2a: Chaos|98/100
|-enditem|p2a: Chaos|Air Balloon
|
|t:|1769348498
|switch|p1a: Gliscor|Gliscor, F|100/100|[from] U-turn
|
|-status|p1a: Gliscor|tox|[from] item: Toxic Orb
|upkeep
|turn|14
|
|t:|1769348503
|switch|p2a: Bandit|Weavile, F, shiny|17/100
|-ability|p2a: Bandit|Pressure
|move|p1a: Gliscor|Spikes|p2a: Bandit
|-sidestart|p2: EleaRosea|Spikes
|
|upkeep
|turn|15
|
|t:|1769348515
|switch|p1a: Corviknight|Corviknight, F|92/100
|-ability|p1a: Corviknight|Pressure
|move|p2a: Bandit|Triple Axel|p1a: Corviknight
|-damage|p1a: Corviknight|83/100
|-damage|p2a: Bandit|1/100|[from] item: Rocky Helmet|[of] p1a: Corviknight
|-damage|p1a: Corviknight|66/100
|-damage|p2a: Bandit|0 fnt|[from] item: Rocky Helmet|[of] p1a: Corviknight
|faint|p2a: Bandit
|-hitcount|p1a: Corviknight|2
|
|upkeep
|
|t:|1769348522
|switch|p2a: Chaos|Heatran, F, shiny|98/100
|-damage|p2a: Chaos|86/100|[from] Spikes
|turn|16
|
|t:|1769348527
|switch|p1a: Heatran|Heatran, F|100/100
|move|p2a: Chaos|Magma Storm|p1a: Heatran
|-start|p1a: Heatran|ability: Flash Fire
|
|upkeep
|turn|17
|
|t:|1769348529
|move|p2a: Chaos|Earth Power|p1a: Heatran
|-supereffective|p1a: Heatran
|-damage|p1a: Heatran|20/100
|move|p1a: Heatran|Earth Power|p2a: Chaos
|-supereffective|p2a: Chaos
|-damage|p2a: Chaos|0 fnt
|faint|p2a: Chaos
|
|-heal|p1a: Heatran|26/100|[from] item: Leftovers
|upkeep
|
|t:|1769348537
|switch|p2a: Behemoth|Great Tusk, shiny|100/100
|turn|18
|
|t:|1769348541
|-end|p1a: Heatran|ability: Flash Fire|[silent]
|switch|p1a: Corviknight|Corviknight, F|66/100
|-ability|p1a: Corviknight|Pressure
|move|p2a: Behemoth|Close Combat|p1a: Corviknight
|-damage|p1a: Corviknight|29/100
|-unboost|p2a: Behemoth|def|1
|-unboost|p2a: Behemoth|spd|1
|-damage|p2a: Behemoth|84/100|[from] item: Rocky Helmet|[of] p1a: Corviknight
|
|upkeep
|turn|19
|
|t:|1769348543
|move|p2a: Behemoth|Close Combat|p1a: Corviknight
|-damage|p1a: Corviknight|0 fnt
|-unboost|p2a: Behemoth|def|1
|-unboost|p2a: Behemoth|spd|1
|-damage|p2a: Behemoth|68/100|[from] item: Rocky Helmet|[of] p1a: Corviknight
|faint|p1a: Corviknight
|
|upkeep
|
|t:|1769348546
|switch|p1a: Gliscor|Gliscor, F|100/100 tox
|turn|20
|
|t:|1769348549
|move|p2a: Behemoth|Rapid Spin|p1a: Gliscor
|-damage|p1a: Gliscor|89/100 tox
|-boost|p2a: Behemoth|spe|1
|-sideend|p2: EleaRosea|Spikes|[from] move: Rapid Spin|[of] p2a: Behemoth
|move|p1a: Gliscor|Earthquake|p2a: Behemoth
|-damage|p2a: Behemoth|18/100
|
|-heal|p1a: Gliscor|100/100 tox|[from] ability: Poison Heal
|upkeep
|turn|21
|
|t:|1769348559
|-end|p2a: Behemoth|Protosynthesis|[silent]
|switch|p2a: Celestine|Primarina, F, shiny|63/100
|move|p1a: Gliscor|Earthquake|p2a: Celestine
|-damage|p2a: Celestine|23/100
|
|upkeep
|turn|22
|
|t:|1769348565
|move|p1a: Gliscor|Earthquake|p2a: Celestine
|-damage|p2a: Celestine|0 fnt
|faint|p2a: Celestine
|
|upkeep
|
|t:|1769348567
|switch|p2a: Anonymous|Ogerpon, F|100/100
|turn|23
|
|t:|1769348590
|move|p2a: Anonymous|Ivy Cudgel|p1a: Gliscor
|-crit|p1a: Gliscor
|-damage|p1a: Gliscor|26/100 tox
|move|p1a: Gliscor|Toxic|p2a: Anonymous|[miss]
|-miss|p1a: Gliscor|p2a: Anonymous
|
|-heal|p1a: Gliscor|39/100 tox|[from] ability: Poison Heal
|upkeep
|turn|24
|
|t:|1769348602
|move|p2a: Anonymous|Ivy Cudgel|p1a: Gliscor
|-damage|p1a: Gliscor|0 fnt
|faint|p1a: Gliscor
|
|upkeep
|
|t:|1769348605
|switch|p1a: Iron Valiant|Iron Valiant|100/100
|turn|25
|
|t:|1769348610
|-terastallize|p2a: Anonymous|Grass
|detailschange|p2a: Anonymous|Ogerpon-Teal-Tera, F, tera:Grass
|-ability|p2a: Anonymous|Embody Aspect (Teal)|boost
|-boost|p2a: Anonymous|spe|1
|move|p2a: Anonymous|Ivy Cudgel|p1a: Iron Valiant
|-damage|p1a: Iron Valiant|0 fnt
|faint|p1a: Iron Valiant
|-end|p1a: Iron Valiant|Quark Drive|[silent]
|
|upkeep
|
|t:|1769348620
|switch|p1a: Dragapult|Dragapult, F|100/100
|turn|26
|
|t:|1769348624
|switch|p2a: Behemoth|Great Tusk, shiny|18/100
|move|p1a: Dragapult|Dragon Darts|p2a: Behemoth
|-damage|p2a: Behemoth|0 fnt
|faint|p2a: Behemoth
|-end|p2a: Behemoth|Protosynthesis|[silent]
|-damage|p1a: Dragapult|91/100|[from] item: Life Orb
|
|upkeep
|
|t:|1769348641
|switch|p2a: Anonymous|Ogerpon-Teal-Tera, F, tera:Grass|100/100
|-ability|p2a: Anonymous|Embody Aspect (Teal)|boost
|-boost|p2a: Anonymous|spe|1
|turn|27
|
|t:|1769348645
|move|p2a: Anonymous|Knock Off|p1a: Dragapult
|-supereffective|p1a: Dragapult
|-damage|p1a: Dragapult|0 fnt
|-enditem|p1a: Dragapult|Life Orb|[from] move: Knock Off|[of] p2a: Anonymous
|faint|p1a: Dragapult
|
|upkeep
|
|t:|1769348649
|switch|p1a: Suicune|Suicune|39/100
|-ability|p1a: Suicune|Pressure
|turn|28
|
|t:|1769348652
|-terastallize|p1a: Suicune|Grass
|move|p2a: Anonymous|Knock Off|p1a: Suicune
|-damage|p1a: Suicune|8/100
|-enditem|p1a: Suicune|Leftovers|[from] move: Knock Off|[of] p2a: Anonymous
|move|p1a: Suicune|Ice Beam|p2a: Anonymous
|-supereffective|p2a: Anonymous
|-damage|p2a: Anonymous|51/100
|
|upkeep
|turn|29
|c|☆EleaRosea|gg
|c|☆EleaRosea|ogerpon :D
|
|t:|1769348661
|move|p2a: Anonymous|Knock Off|p1a: Suicune
|-damage|p1a: Suicune|0 fnt
|faint|p1a: Suicune
|
|upkeep
|c|☆kookabura7|gg
|
|t:|1769348665
|switch|p1a: Heatran|Heatran, F|26/100
|turn|30
|
|t:|1769348667
|move|p2a: Anonymous|Knock Off|p1a: Heatran
|-damage|p1a: Heatran|0 fnt
|-enditem|p1a: Heatran|Leftovers|[from] move: Knock Off|[of] p2a: Anonymous
|faint|p1a: Heatran
|
|win|EleaRosea
|raw|kookabura7's rating: 1492 &rarr; <strong>1472</strong><br />(-20 for losing)
|raw|EleaRosea's rating: 1500 &rarr; <strong>1520</strong><br />(+20 for winning)
