|j|☆1colour
|j|☆Igoodnamename
|t:|1769374750
|gametype|singles
|player|p1|1colour|parasollady|1648
|player|p2|Igoodnamename|266|1602
|gen|9
|tier|[Gen 9] OU
|rated|
|rule|HP Percentage Mod: HP is shown in percentages
|rule|Endless Battle Clause: Forcing endless battles is banned
|rule|Species Clause: Limit one of each Pokémon
|rule|OHKO Clause: OHKO moves are banned
|rule|Evasion Items Clause: Evasion items are banned
|rule|Evasion Moves Clause: Evasion moves are banned
|rule|Evasion Abilities Clause: Evasion abilities are banned
|rule|Sleep Moves Clause: Sleep-inducing moves are banned
|clearpoke
|poke|p1|Cinderace, F|
|poke|p1|Ambipom, M|
|poke|p1|Samurott-Hisui, F|
|poke|p1|Slowking-Galar, F|
|poke|p1|Kyurem|
|poke|p1|Iron Treads|
|poke|p2|Hydrapple, F|
|poke|p2|Pecharunt|
|poke|p2|Weavile, F|
|poke|p2|Ting-Lu|
|poke|p2|Clefable, F|
|poke|p2|Iron Moth|
|teampreview
|c|☆1colour|minkoziod
|
|t:|1769374763
|teamsize|p1|6
|teamsize|p2|6
|start
|switch|p1a: Kyurem|Kyurem, shiny|100/100
|switch|p2a: Hydrapple|Hydrapple, F|100/100
|-ability|p1a: Kyurem|Pressure
|turn|1
|c|☆Igoodnamename|what
|
|t:|1769374774
|move|p1a: Kyurem|Draco Meteor|p2a: Hydrapple
|-supereffective|p2a: Hydrapple
|-damage|p2a: Hydrapple|0 fnt
|-unboost|p1a: Kyurem|spa|2
|faint|p2a: Hydrapple
|
|upkeep
|c|☆1colour|?
|
|t:|1769374778
|switch|p2a: Ting-Lu|Ting-Lu|100/100
|-ability|p2a: Ting-Lu|Vessel of Ruin
|turn|2
|
|t:|1769374784
|switch|p1a: Samurott|Samurott-Hisui, F|100/100
|move|p2a: Ting-Lu|Spikes|p1a: Samurott
|-sidestart|p1: 1colour|Spikes
|
|upkeep
|turn|3
|
|t:|1769374787
|switch|p2a: Clefable|Clefable, F|100/100
|move|p1a: Samurott|Encore||[still]
|-fail|p1a: Samurott
|
|upkeep
|turn|4
|
|t:|1769374792
|switch|p1a: Cinderace|Cinderace, F|100/100
|move|p2a: Clefable|Stealth Rock|p1a: Cinderace
|-sidestart|p1: 1colour|move: Stealth Rock
|
|upkeep
|turn|5
|
|t:|1769374795
|move|p1a: Cinderace|Court Change|p1a: Cinderace
|-start|p1a: Cinderace|typechange|Normal|[from] ability: Libero
|-swapsideconditions
|-activate|p1a: Cinderace|move: Court Change
|move|p2a: Clefable|Thunder Wave|p1a: Cinderace
|-status|p1a: Cinderace|par
|
|upkeep
|turn|6
|
|t:|1769374801
|switch|p1a: Samurott|Samurott-Hisui, F|100/100
|move|p2a: Clefable|Stealth Rock|p1a: Samurott
|-sidestart|p1: 1colour|move: Stealth Rock
|
|upkeep
|turn|7
|
|t:|1769374812
|switch|p2a: Ting-Lu|Ting-Lu|100/100
|-damage|p2a: Ting-Lu|88/100|[from] Spikes
|-damage|p2a: Ting-Lu|82/100|[from] Stealth Rock
|-ability|p2a: Ting-Lu|Vessel of Ruin
|move|p1a: Samurott|Encore||[still]
|-fail|p1a: Samurott
|
|-heal|p2a: Ting-Lu|88/100|[from] item: Leftovers
|upkeep
|turn|8
|
|t:|1769374815
|switch|p2a: Clefable|Clefable, F|100/100
|move|p1a: Samurott|Aqua Cutter|p2a: Clefable
|-damage|p2a: Clefable|63/100
|
|upkeep
|turn|9
|
|t:|1769374822
|move|p1a: Samurott|Aqua Cutter|p2a: Clefable
|-crit|p2a: Clefable
|-damage|p2a: Clefable|5/100
|move|p2a: Clefable|Moonblast|p1a: Samurott
|-supereffective|p1a: Samurott
|-damage|p1a: Samurott|13/100
|
|upkeep
|turn|10
|
|t:|1769374827
|move|p1a: Samurott|Aqua Cutter|p2a: Clefable
|-damage|p2a: Clefable|0 fnt
|faint|p2a: Clefable
|
|upkeep
|
|t:|1769374830
|switch|p2a: Weavile|Weavile, F|100/100
|-ability|p2a: Weavile|Pressure
|turn|11
|
|t:|1769374834
|move|p2a: Weavile|Knock Off|p1a: Samurott
|-resisted|p1a: Samurott
|-damage|p1a: Samurott|0 fnt
|-enditem|p1a: Samurott|Focus Sash|[from] move: Knock Off|[of] p2a: Weavile
|faint|p1a: Samurott
|
|upkeep
|
|t:|1769374837
|switch|p1a: Cinderace|Cinderace, F|100/100 par
|turn|12
|
|t:|1769374851
|move|p2a: Weavile|Swords Dance|p2a: Weavile
|-boost|p2a: Weavile|atk|2
|move|p1a: Cinderace|Pyro Ball|p2a: Weavile
|-supereffective|p2a: Weavile
|-damage|p2a: Weavile|0 fnt
|faint|p2a: Weavile
|
|upkeep
|c|☆1colour|hahaha
|
|t:|1769374860
|switch|p2a: Iron Moth|Iron Moth|100/100
|turn|13
|c|☆1colour|this guy really tried it
|
|t:|1769374876
|switch|p1a: Ambipom|Ambipom, M|100/100
|-damage|p1a: Ambipom|88/100|[from] Stealth Rock
|move|p2a: Iron Moth|Fiery Dance|p1a: Ambipom
|-damage|p1a: Ambipom|37/100
|-boost|p2a: Iron Moth|spa|1
|
|upkeep
|turn|14
|
|t:|1769374885
|-end|p2a: Iron Moth|Quark Drive|[silent]
|switch|p2a: Pecharunt|Pecharunt|100/100
|move|p1a: Ambipom|Fake Out|p2a: Pecharunt
|-immune|p2a: Pecharunt
|
|upkeep
|turn|15
|
|t:|1769374889
|move|p1a: Ambipom|Knock Off|p2a: Pecharunt
|-supereffective|p2a: Pecharunt
|-damage|p2a: Pecharunt|72/100
|-enditem|p2a: Pecharunt|Heavy-Duty Boots|[from] move: Knock Off|[of] p1a: Ambipom
|move|p2a: Pecharunt|Parting Shot|p1a: Ambipom
|-unboost|p1a: Ambipom|atk|1
|-unboost|p1a: Ambipom|spa|1
|
|t:|1769374893
|switch|p2a: Ting-Lu|Ting-Lu|88/100|[from] Parting Shot
|-damage|p2a: Ting-Lu|76/100|[from] Spikes
|-damage|p2a: Ting-Lu|69/100|[from] Stealth Rock
|-ability|p2a: Ting-Lu|Vessel of Ruin
|
|-heal|p2a: Ting-Lu|76/100|[from] item: Leftovers
|upkeep
|turn|16
|
|t:|1769374909
|switch|p1a: Cinderace|Cinderace, F|100/100 par
|move|p2a: Ting-Lu|Earthquake|p1a: Cinderace
|-supereffective|p1a: Cinderace
|-damage|p1a: Cinderace|0 fnt
|faint|p1a: Cinderace
|
|-heal|p2a: Ting-Lu|82/100|[from] item: Leftovers
|upkeep
|c|☆1colour|im snickering
|c|☆1colour|like a lalabubu
|
|t:|1769374935
|switch|p1a: Ambipom|Ambipom, M|37/100
|-damage|p1a: Ambipom|24/100|[from] Stealth Rock
|turn|17
|
|t:|1769374943
|switch|p2a: Pecharunt|Pecharunt|72/100
|-damage|p2a: Pecharunt|59/100|[from] Spikes
|-damage|p2a: Pecharunt|47/100|[from] Stealth Rock
|move|p1a: Ambipom|Fake Out|p2a: Pecharunt
|-immune|p2a: Pecharunt
|
|upkeep
|turn|18
|
|t:|1769374950
|move|p1a: Ambipom|Triple Axel|p2a: Pecharunt
|-damage|p2a: Pecharunt|43/100
|-damage|p2a: Pecharunt|35/100
|-damage|p2a: Pecharunt|22/100
|-hitcount|p2a: Pecharunt|3
|move|p2a: Pecharunt|Recover|p2a: Pecharunt
|-heal|p2a: Pecharunt|72/100
|
|upkeep
|turn|19
|
|t:|1769374958
|switch|p1a: Slowking|Slowking-Galar, F|100/100
|move|p2a: Pecharunt|Malignant Chain|p1a: Slowking
|-resisted|p1a: Slowking
|-damage|p1a: Slowking|92/100
|
|upkeep
|turn|20
|
|t:|1769374962
|move|p2a: Pecharunt|Parting Shot|p1a: Slowking
|-unboost|p1a: Slowking|atk|1
|-unboost|p1a: Slowking|spa|1
|
|t:|1769374968
|switch|p2a: Ting-Lu|Ting-Lu|82/100|[from] Parting Shot
|-damage|p2a: Ting-Lu|69/100|[from] Spikes
|-damage|p2a: Ting-Lu|63/100|[from] Stealth Rock
|-ability|p2a: Ting-Lu|Vessel of Ruin
|move|p1a: Slowking|Future Sight|p2a: Ting-Lu
|-start|p1a: Slowking|move: Future Sight
|
|-heal|p2a: Ting-Lu|69/100|[from] item: Leftovers
|upkeep
|turn|21
|
|t:|1769374980
|-terastallize|p1a: Slowking|Water
|move|p2a: Ting-Lu|Earthquake|p1a: Slowking
|-crit|p1a: Slowking
|-damage|p1a: Slowking|29/100
|-prepare|p1a: Slowking|Chilly Reception|[premajor]
|move|p1a: Slowking|Chilly Reception|p1a: Slowking
|-weather|Snowscape
|
|t:|1769374990
|switch|p1a: Ambipom|Ambipom, M|24/100|[from] Chilly Reception
|-damage|p1a: Ambipom|12/100|[from] Stealth Rock
|
|-weather|Snowscape|[upkeep]
|-heal|p2a: Ting-Lu|76/100|[from] item: Leftovers
|upkeep
|turn|22
|c|☆1colour|hahaha
|
|t:|1769374998
|move|p1a: Ambipom|Low Kick|p2a: Ting-Lu
|-supereffective|p2a: Ting-Lu
|-damage|p2a: Ting-Lu|38/100
|move|p2a: Ting-Lu|Earthquake|p1a: Ambipom
|-damage|p1a: Ambipom|0 fnt
|faint|p1a: Ambipom
|
|-weather|Snowscape|[upkeep]
|-end|p2a: Ting-Lu|move: Future Sight
|-immune|p2a: Ting-Lu
|-heal|p2a: Ting-Lu|44/100|[from] item: Leftovers
|upkeep
|
|t:|1769375005
|switch|p1a: Kyurem|Kyurem, shiny|100/100
|-damage|p1a: Kyurem|76/100|[from] Stealth Rock
|-ability|p1a: Kyurem|Pressure
|turn|23
|
|t:|1769375043
|-terastallize|p2a: Ting-Lu|Water
|move|p1a: Kyurem|Blizzard|p2a: Ting-Lu
|-resisted|p2a: Ting-Lu
|-damage|p2a: Ting-Lu|33/100
|move|p2a: Ting-Lu|Ruination|p1a: Kyurem
|-damage|p1a: Kyurem|38/100
|
|-weather|Snowscape|[upkeep]
|-heal|p2a: Ting-Lu|39/100|[from] item: Leftovers
|upkeep
|turn|24
|c|☆1colour|ououou
|
|t:|1769375056
|switch|p1a: Slowking|Slowking-Galar, F, tera:Water|62/100
|move|p2a: Ting-Lu|Earthquake|p1a: Slowking
|-damage|p1a: Slowking|25/100
|
|-weather|Snowscape|[upkeep]
|-heal|p2a: Ting-Lu|45/100|[from] item: Leftovers
|upkeep
|turn|25
|
|t:|1769375065
|move|p2a: Ting-Lu|Earthquake|p1a: Slowking
|-damage|p1a: Slowking|0 fnt
|faint|p1a: Slowking
|
|-weather|none
|-heal|p2a: Ting-Lu|51/100|[from] item: Leftovers
|upkeep
|
|t:|1769375067
|switch|p1a: Kyurem|Kyurem, shiny|38/100
|-damage|p1a: Kyurem|13/100|[from] Stealth Rock
|-ability|p1a: Kyurem|Pressure
|turn|26
|
|t:|1769375080
|move|p1a: Kyurem|Freeze-Dry|p2a: Ting-Lu
|-supereffective|p2a: Ting-Lu
|-damage|p2a: Ting-Lu|17/100
|-status|p2a: Ting-Lu|frz
|cant|p2a: Ting-Lu|frz
|
|-heal|p2a: Ting-Lu|23/100 frz|[from] item: Leftovers
|upkeep
|turn|27
|
|t:|1769375084
|move|p1a: Kyurem|Freeze-Dry|p2a: Ting-Lu
|-supereffective|p2a: Ting-Lu
|-damage|p2a: Ting-Lu|0 fnt
|faint|p2a: Ting-Lu
|
|upkeep
|
|t:|1769375088
|switch|p2a: Iron Moth|Iron Moth|100/100
|turn|28
|
|t:|1769375091
|move|p1a: Kyurem|Freeze-Dry|p2a: Iron Moth
|-resisted|p2a: Iron Moth
|-damage|p2a: Iron Moth|80/100
|move|p2a: Iron Moth|Fiery Dance|p1a: Kyurem
|-damage|p1a: Kyurem|0 fnt
|faint|p1a: Kyurem
|
|upkeep
|
|t:|1769375093
|switch|p1a: Iron Treads|Iron Treads|100/100
|-damage|p1a: Iron Treads|97/100|[from] Stealth Rock
|-enditem|p1a: Iron Treads|Booster Energy
|-activate|p1a: Iron Treads|ability: Quark Drive|[fromitem]
|-start|p1a: Iron Treads|quarkdrivespe
|turn|29
|
|t:|1769375100
|move|p1a: Iron Treads|Earthquake|p2a: Iron Moth
|-supereffective|p2a: Iron Moth
|-damage|p2a: Iron Moth|0 fnt
|faint|p2a: Iron Moth
|-end|p2a: Iron Moth|Quark Drive|[silent]
|
|upkeep
|
|t:|1769375103
|switch|p2a: Pecharunt|Pecharunt|72/100
|-damage|p2a: Pecharunt|59/100|[from] Spikes
|-damage|p2a: Pecharunt|47/100|[from] Stealth Rock
|turn|30
|
|t:|1769375106
|move|p1a: Iron Treads|Earthquake|p2a: Pecharunt
|-supereffective|p2a: Pecharunt
|-damage|p2a: Pecharunt|6/100
|move|p2a: Pecharunt|Recover|p2a: Pecharunt
|-heal|p2a: Pecharunt|56/100
|
|upkeep
|turn|31
|
|t:|1769375108
|move|p1a: Iron Treads|Earthquake|p2a: Pecharunt
|-supereffective|p2a: Pecharunt
|-damage|p2a: Pecharunt|16/100
|move|p2a: Pecharunt|Recover|p2a: Pecharunt
|-heal|p2a: Pecharunt|66/100
|
|upkeep
|turn|32
|
|t:|1769375111
|move|p1a: Iron Treads|Earthquake|p2a: Pecharunt
|-supereffective|p2a: Pecharunt
|-damage|p2a: Pecharunt|29/100
|move|p2a: Pecharunt|Recover|p2a: Pecharunt
|-heal|p2a: Pecharunt|79/100
|
|upkeep
|turn|33
|
|t:|1769375115
|move|p1a: Iron Treads|Earthquake|p2a: Pecharunt
|-supereffective|p2a: Pecharunt
|-damage|p2a: Pecharunt|40/100
|move|p2a: Pecharunt|Parting Shot|p1a: Iron Treads
|-unboost|p1a: Iron Treads|atk|1
|-unboost|p1a: Iron Treads|spa|1
|
|upkeep
|turn|34
|c|☆1colour|die
|
|t:|1769375119
|move|p1a: Iron Treads|Earthquake|p2a: Pecharunt
|-supereffective|p2a: Pecharunt
|-damage|p2a: Pecharunt|17/100
|move|p2a: Pecharunt|Recover|p2a: Pecharunt
|-heal|p2a: Pecharunt|67/100
|
|upkeep
|turn|35
|
|t:|1769375124
|move|p1a: Iron Treads|Earthquake|p2a: Pecharunt
|-supereffective|p2a: Pecharunt
|-damage|p2a: Pecharunt|42/100
|move|p2a: Pecharunt|Parting Shot|p1a: Iron Treads
|-unboost|p1a: Iron Treads|atk|1
|-unboost|p1a: Iron Treads|spa|1
|
|upkeep
|turn|36
|
|t:|1769375130
|move|p1a: Iron Treads|Earthquake|p2a: Pecharunt
|-supereffective|p2a: Pecharunt
|-damage|p2a: Pecharunt|23/100
|move|p2a: Pecharunt|Recover|p2a: Pecharunt
|-heal|p2a: Pecharunt|73/100
|
|upkeep
|turn|37
|
|t:|1769375133
|move|p1a: Iron Treads|Earthquake|p2a: Pecharunt
|-supereffective|p2a: Pecharunt
|-damage|p2a: Pecharunt|54/100
|move|p2a: Pecharunt|Parting Shot|p1a: Iron Treads
|-unboost|p1a: Iron Treads|atk|1
|-unboost|p1a: Iron Treads|spa|1
|
|upkeep
|turn|38
|
|t:|1769375136
|move|p1a: Iron Treads|Earthquake|p2a: Pecharunt
|-supereffective|p2a: Pecharunt
|-damage|p2a: Pecharunt|39/100
|move|p2a: Pecharunt|Recover|p2a: Pecharunt
|-heal|p2a: Pecharunt|89/100
|
|upkeep
|turn|39
|
|t:|1769375140
|move|p1a: Iron Treads|Earthquake|p2a: Pecharunt
|-supereffective|p2a: Pecharunt
|-damage|p2a: Pecharunt|74/100
|move|p2a: Pecharunt|Shadow Ball|p1a: Iron Treads
|-damage|p1a: Iron Treads|71/100
|
|upkeep
|turn|40
|c|☆1colour|crit him
|c|☆1colour|crit the petch
|
|t:|1769375152
|move|p1a: Iron Treads|Earthquake|p2a: Pecharunt
|-supereffective|p2a: Pecharunt
|-damage|p2a: Pecharunt|59/100
|move|p2a: Pecharunt|Shadow Ball|p1a: Iron Treads
|-damage|p1a: Iron Treads|45/100
|
|upkeep
|turn|41
|
|t:|1769375157
|move|p1a: Iron Treads|Earthquake|p2a: Pecharunt
|-supereffective|p2a: Pecharunt
|-damage|p2a: Pecharunt|43/100
|move|p2a: Pecharunt|Shadow Ball|p1a: Iron Treads
|-damage|p1a: Iron Treads|19/100
|
|upkeep
|turn|42
|
|t:|1769375162
|move|p1a: Iron Treads|Earthquake|p2a: Pecharunt
|-supereffective|p2a: Pecharunt
|-damage|p2a: Pecharunt|27/100
|move|p2a: Pecharunt|Shadow Ball|p1a: Iron Treads
|-damage|p1a: Iron Treads|0 fnt
|faint|p1a: Iron Treads
|-end|p1a: Iron Treads|Quark Drive|[silent]
|
|win|Igoodnamename
|raw|1colour's rating: 1648 &rarr; <strong>1625</strong><br />(-23 for losing)
|raw|Igoodnamename's rating: 1602 &rarr; <strong>1625</strong><br />(+23 for winning)
|c|☆Igoodnamename|ggs
|l|☆1colour
|player|p1|
