|j|☆ondutysecurityrama
|j|☆WelcomToZaun
|t:|1769356602
|gametype|singles
|player|p1|ondutysecurityrama|policeman-gen4|1449
|player|p2|WelcomToZaun|101|1434
|gen|9
|tier|[Gen 9] OU
|rated|
|rule|HP Percentage Mod: HP is shown in percentages
|rule|Endless Battle Clause: Forcing endless battles is banned
|rule|Species Clause: Limit one of each Pokémon
|rule|OHKO Clause: OHKO moves are banned
|rule|Evasion Items Clause: Evasion items are banned
|rule|Evasion Moves Clause: Evasion moves are banned
|rule|Evasion Abilities Clause: Evasion abilities are banned
|rule|Sleep Moves Clause: Sleep-inducing moves are banned
|clearpoke
|poke|p1|Klefki, M|
|poke|p1|Ursaluna, F|
|poke|p1|Dondozo, F|
|poke|p1|Kingambit, M|
|poke|p1|Great Tusk|
|poke|p1|Dragapult, M|
|poke|p2|Dragonite, M|
|poke|p2|Great Tusk|
|poke|p2|Enamorus, F|
|poke|p2|Meowscarada, F|
|poke|p2|Goodra-Hisui, F|
|poke|p2|Arcanine-Hisui, M|
|teampreview
|
|t:|1769356608
|teamsize|p1|6
|teamsize|p2|6
|start
|switch|p1a: Elton|Dragapult, M, shiny|100/100
|switch|p2a: Arcanine|Arcanine-Hisui, M|100/100
|turn|1
|inactive|Battle timer is ON: inactive players will automatically lose when time's up. (requested by ondutysecurityrama)
|
|t:|1769356621
|move|p1a: Elton|U-turn|p2a: Arcanine
|-resisted|p2a: Arcanine
|-damage|p2a: Arcanine|91/100
|
|t:|1769356626
|switch|p1a: PacificaSwtLemn|Dondozo, F, shiny|100/100|[from] U-turn
|move|p2a: Arcanine|Flare Blitz|p1a: PacificaSwtLemn
|-resisted|p1a: PacificaSwtLemn
|-damage|p1a: PacificaSwtLemn|79/100
|
|-heal|p1a: PacificaSwtLemn|85/100|[from] item: Leftovers
|upkeep
|turn|2
|
|t:|1769356636
|switch|p2a: Meowscarada|Meowscarada, F|100/100
|move|p1a: PacificaSwtLemn|Body Press|p2a: Meowscarada
|-supereffective|p2a: Meowscarada
|-damage|p2a: Meowscarada|14/100
|
|-heal|p1a: PacificaSwtLemn|91/100|[from] item: Leftovers
|upkeep
|turn|3
|
|t:|1769356650
|switch|p1a: St.Pierre|Klefki, M, shiny|100/100
|move|p2a: Meowscarada|U-turn|p1a: St.Pierre
|-start|p2a: Meowscarada|typechange|Bug|[from] ability: Protean
|-resisted|p1a: St.Pierre
|-damage|p1a: St.Pierre|92/100
|
|t:|1769356654
|switch|p2a: Arcanine|Arcanine-Hisui, M|91/100|[from] U-turn
|
|upkeep
|turn|4
|
|t:|1769356661
|move|p1a: St.Pierre|Reflect|p1a: St.Pierre
|-sidestart|p1: ondutysecurityrama|Reflect
|move|p2a: Arcanine|Flare Blitz|p1a: St.Pierre
|-supereffective|p1a: St.Pierre
|-damage|p1a: St.Pierre|0 fnt
|faint|p1a: St.Pierre
|
|upkeep
|
|t:|1769356673
|switch|p1a: Montana Daisy|Ursaluna, F, shiny|100/100
|turn|5
|inactive|WelcomToZaun has 120 seconds left.
|
|t:|1769356705
|switch|p2a: Enamorus|Enamorus, F|100/100
|move|p1a: Montana Daisy|Trailblaze|p2a: Enamorus
|-resisted|p2a: Enamorus
|-damage|p2a: Enamorus|86/100
|-boost|p1a: Montana Daisy|spe|1
|
|-status|p1a: Montana Daisy|brn|[from] item: Flame Orb
|upkeep
|turn|6
|inactive|WelcomToZaun has 120 seconds left.
|
|t:|1769356725
|switch|p2a: Goodra|Goodra-Hisui, F|100/100
|move|p1a: Montana Daisy|Facade|p2a: Goodra
|-resisted|p2a: Goodra
|-damage|p2a: Goodra|44/100
|
|-damage|p1a: Montana Daisy|94/100 brn|[from] brn
|upkeep
|turn|7
|
|t:|1769356733
|move|p1a: Montana Daisy|Earthquake|p2a: Goodra
|-supereffective|p2a: Goodra
|-damage|p2a: Goodra|0 fnt
|faint|p2a: Goodra
|
|-damage|p1a: Montana Daisy|88/100 brn|[from] brn
|upkeep
|
|t:|1769356735
|switch|p2a: Great Tusk|Great Tusk|100/100
|turn|8
|
|t:|1769356747
|move|p1a: Montana Daisy|Facade|p2a: Great Tusk
|-damage|p2a: Great Tusk|15/100
|move|p2a: Great Tusk|Close Combat|p1a: Montana Daisy
|-supereffective|p1a: Montana Daisy
|-damage|p1a: Montana Daisy|36/100 brn
|-unboost|p2a: Great Tusk|def|1
|-unboost|p2a: Great Tusk|spd|1
|
|-damage|p1a: Montana Daisy|30/100 brn|[from] brn
|upkeep
|turn|9
|
|t:|1769356756
|move|p1a: Montana Daisy|Trailblaze|p2a: Great Tusk
|-supereffective|p2a: Great Tusk
|-damage|p2a: Great Tusk|0 fnt
|-boost|p1a: Montana Daisy|spe|1
|faint|p2a: Great Tusk
|-end|p2a: Great Tusk|Protosynthesis|[silent]
|
|-damage|p1a: Montana Daisy|24/100 brn|[from] brn
|upkeep
|
|t:|1769356766
|switch|p2a: Arcanine|Arcanine-Hisui, M|91/100
|turn|10
|
|t:|1769356769
|move|p2a: Arcanine|Extreme Speed|p1a: Montana Daisy
|-damage|p1a: Montana Daisy|8/100 brn
|move|p1a: Montana Daisy|Earthquake|p2a: Arcanine
|-supereffective|p2a: Arcanine
|-damage|p2a: Arcanine|0 fnt
|faint|p2a: Arcanine
|
|-damage|p1a: Montana Daisy|1/100 brn|[from] brn
|upkeep
|-message|WelcomToZaun forfeited.
|
|win|ondutysecurityrama
|raw|ondutysecurityrama's rating: 1449 &rarr; <strong>1468</strong><br />(+19 for winning)
|raw|WelcomToZaun's rating: 1434 &rarr; <strong>1415</strong><br />(-19 for losing)
|l|☆WelcomToZaun
|player|p2|
