|j|☆Yarm
|j|☆yiiiih
|t:|1769296996
|gametype|singles
|player|p1|Yarm|supernerd|1430
|player|p2|yiiiih|bellelba|1471
|gen|9
|tier|[Gen 9] OU
|rated|
|rule|HP Percentage Mod: HP is shown in percentages
|rule|Endless Battle Clause: Forcing endless battles is banned
|rule|Species Clause: Limit one of each Pokémon
|rule|OHKO Clause: OHKO moves are banned
|rule|Evasion Items Clause: Evasion items are banned
|rule|Evasion Moves Clause: Evasion moves are banned
|rule|Evasion Abilities Clause: Evasion abilities are banned
|rule|Sleep Moves Clause: Sleep-inducing moves are banned
|clearpoke
|poke|p1|Deoxys-Speed|
|poke|p1|Ceruledge, F|
|poke|p1|Zamazenta-*|
|poke|p1|Ogerpon-Wellspring, F|
|poke|p1|Glimmora, F|
|poke|p1|Moltres-Galar|
|poke|p2|Iron Moth|
|poke|p2|Kingambit, F|
|poke|p2|Dragonite, F|
|poke|p2|Ogerpon-Cornerstone, F|
|poke|p2|Iron Valiant|
|poke|p2|Raging Bolt|
|teampreview
|inactive|Battle timer is ON: inactive players will automatically lose when time's up. (requested by yiiiih)
|inactive|Yarm also wants the timer to be on.
|inactive|Yarm has 120 seconds left.
|
|t:|1769297029
|teamsize|p1|6
|teamsize|p2|6
|start
|switch|p1a: Glimmora|Glimmora, F|100/100
|switch|p2a: Iron Moth|Iron Moth|100/100
|-enditem|p2a: Iron Moth|Booster Energy
|-activate|p2a: Iron Moth|ability: Quark Drive|[fromitem]
|-start|p2a: Iron Moth|quarkdrivespe
|turn|1
|
|t:|1769297051
|-terastallize|p2a: Iron Moth|Grass
|move|p2a: Iron Moth|Fiery Dance|p1a: Glimmora
|-resisted|p1a: Glimmora
|-damage|p1a: Glimmora|73/100
|-boost|p2a: Iron Moth|spa|1
|move|p1a: Glimmora|Meteor Beam||[still]
|-prepare|p1a: Glimmora|Meteor Beam
|-boost|p1a: Glimmora|spa|1
|-enditem|p1a: Glimmora|Power Herb
|-anim|p1a: Glimmora|Meteor Beam|p2a: Iron Moth
|-damage|p2a: Iron Moth|9/100
|
|upkeep
|turn|2
|
|t:|1769297067
|move|p2a: Iron Moth|Energy Ball|p1a: Glimmora
|-damage|p1a: Glimmora|0 fnt
|faint|p1a: Glimmora
|
|upkeep
|
|t:|1769297076
|switch|p1a: Deoxys|Deoxys-Speed|100/100
|-ability|p1a: Deoxys|Pressure
|turn|3
|
|t:|1769297085
|move|p2a: Iron Moth|Energy Ball|p1a: Deoxys
|-damage|p1a: Deoxys|16/100
|-unboost|p1a: Deoxys|spd|1
|move|p1a: Deoxys|Psycho Boost|p2a: Iron Moth
|-damage|p2a: Iron Moth|0 fnt
|-unboost|p1a: Deoxys|spa|2
|faint|p2a: Iron Moth
|-end|p2a: Iron Moth|Quark Drive|[silent]
|
|upkeep
|
|t:|1769297098
|switch|p2a: Iron Valiant|Iron Valiant|100/100
|-enditem|p2a: Iron Valiant|Booster Energy
|-activate|p2a: Iron Valiant|ability: Quark Drive|[fromitem]
|-start|p2a: Iron Valiant|quarkdrivespe
|turn|4
|
|t:|1769297109
|move|p2a: Iron Valiant|Knock Off|p1a: Deoxys
|-supereffective|p1a: Deoxys
|-damage|p1a: Deoxys|0 fnt
|-enditem|p1a: Deoxys|Light Clay|[from] move: Knock Off|[of] p2a: Iron Valiant
|faint|p1a: Deoxys
|
|upkeep
|
|t:|1769297118
|switch|p1a: Ogerpon|Ogerpon-Wellspring, F|100/100
|turn|5
|
|t:|1769297122
|move|p2a: Iron Valiant|Knock Off|p1a: Ogerpon
|-damage|p1a: Ogerpon|68/100
|move|p1a: Ogerpon|Play Rough|p2a: Iron Valiant
|-supereffective|p2a: Iron Valiant
|-damage|p2a: Iron Valiant|8/100
|
|upkeep
|turn|6
|
|t:|1769297131
|switch|p1a: Ceruledge|Ceruledge, F|100/100
|move|p2a: Iron Valiant|Destiny Bond|p2a: Iron Valiant
|-singlemove|p2a: Iron Valiant|Destiny Bond
|
|upkeep
|turn|7
|
|t:|1769297137
|switch|p1a: Ogerpon|Ogerpon-Wellspring, F|68/100
|move|p2a: Iron Valiant|Knock Off|p1a: Ogerpon
|-damage|p1a: Ogerpon|37/100
|
|upkeep
|turn|8
|
|t:|1769297148
|switch|p1a: Moltres|Moltres-Galar|100/100
|move|p2a: Iron Valiant|Destiny Bond|p2a: Iron Valiant
|-singlemove|p2a: Iron Valiant|Destiny Bond
|
|upkeep
|turn|9
|
|t:|1769297155
|move|p2a: Iron Valiant|Knock Off|p1a: Moltres
|-resisted|p1a: Moltres
|-damage|p1a: Moltres|83/100
|-enditem|p1a: Moltres|Sitrus Berry|[from] move: Knock Off|[of] p2a: Iron Valiant
|move|p1a: Moltres|Agility|p1a: Moltres
|-boost|p1a: Moltres|spe|2
|
|upkeep
|turn|10
|
|t:|1769297161
|move|p1a: Moltres|Agility|p1a: Moltres
|-boost|p1a: Moltres|spe|2
|move|p2a: Iron Valiant|Destiny Bond|p2a: Iron Valiant
|-singlemove|p2a: Iron Valiant|Destiny Bond
|
|upkeep
|turn|11
|
|t:|1769297165
|move|p1a: Moltres|Nasty Plot|p1a: Moltres
|-boost|p1a: Moltres|spa|2
|move|p2a: Iron Valiant|Close Combat|p1a: Moltres
|-damage|p1a: Moltres|5/100
|-unboost|p2a: Iron Valiant|def|1
|-unboost|p2a: Iron Valiant|spd|1
|-ability|p1a: Moltres|Berserk|boost
|-boost|p1a: Moltres|spa|1
|
|upkeep
|turn|12
|
|t:|1769297172
|move|p1a: Moltres|Fiery Wrath|p2a: Iron Valiant
|-resisted|p2a: Iron Valiant
|-damage|p2a: Iron Valiant|0 fnt
|faint|p2a: Iron Valiant
|-end|p2a: Iron Valiant|Quark Drive|[silent]
|
|upkeep
|
|t:|1769297174
|switch|p2a: Raging Bolt|Raging Bolt|100/100
|-enditem|p2a: Raging Bolt|Booster Energy
|-activate|p2a: Raging Bolt|ability: Protosynthesis|[fromitem]
|-start|p2a: Raging Bolt|protosynthesisspa
|turn|13
|
|t:|1769297178
|move|p2a: Raging Bolt|Thunderclap||[still]
|-fail|p2a: Raging Bolt
|move|p1a: Moltres|Nasty Plot|p1a: Moltres
|-boost|p1a: Moltres|spa|2
|
|upkeep
|turn|14
|
|t:|1769297181
|move|p2a: Raging Bolt|Thunderclap||[still]
|-fail|p2a: Raging Bolt
|move|p1a: Moltres|Nasty Plot|p1a: Moltres
|-boost|p1a: Moltres|spa|1
|
|upkeep
|turn|15
|
|t:|1769297183
|move|p2a: Raging Bolt|Thunderclap||[still]
|-fail|p2a: Raging Bolt
|move|p1a: Moltres|Agility|p1a: Moltres
|-boost|p1a: Moltres|spe|2
|
|upkeep
|turn|16
|
|t:|1769297188
|move|p2a: Raging Bolt|Thunderclap||[still]
|-fail|p2a: Raging Bolt
|move|p1a: Moltres|Nasty Plot|p1a: Moltres
|-boost|p1a: Moltres|spa|0
|
|upkeep
|turn|17
|
|t:|1769297192
|move|p2a: Raging Bolt|Thunderclap||[still]
|-fail|p2a: Raging Bolt
|move|p1a: Moltres|Agility|p1a: Moltres
|-boost|p1a: Moltres|spe|0
|
|upkeep
|turn|18
|
|t:|1769297196
|move|p2a: Raging Bolt|Thunderclap||[still]
|-fail|p2a: Raging Bolt
|move|p1a: Moltres|Nasty Plot|p1a: Moltres
|-boost|p1a: Moltres|spa|0
|
|upkeep
|turn|19
|
|t:|1769297200
|move|p1a: Moltres|Agility|p1a: Moltres
|-boost|p1a: Moltres|spe|0
|move|p2a: Raging Bolt|Thunderbolt|p1a: Moltres
|-supereffective|p1a: Moltres
|-damage|p1a: Moltres|0 fnt
|faint|p1a: Moltres
|
|upkeep
|
|t:|1769297209
|switch|p1a: Zamazenta|Zamazenta|100/100
|-ability|p1a: Zamazenta|Dauntless Shield|boost
|-boost|p1a: Zamazenta|def|1
|turn|20
|
|t:|1769297220
|move|p2a: Raging Bolt|Thunderbolt|p1a: Zamazenta
|-damage|p1a: Zamazenta|30/100
|move|p1a: Zamazenta|Roar|p2a: Raging Bolt
|-end|p2a: Raging Bolt|Protosynthesis|[silent]
|drag|p2a: Ogerpon|Ogerpon-Cornerstone, F|100/100
|
|-heal|p1a: Zamazenta|36/100|[from] item: Leftovers
|upkeep
|turn|21
|
|t:|1769297232
|switch|p2a: Dragonite|Dragonite, F|100/100
|move|p1a: Zamazenta|Heavy Slam|p2a: Dragonite
|-damage|p2a: Dragonite|95/100
|
|-heal|p1a: Zamazenta|42/100|[from] item: Leftovers
|upkeep
|turn|22
|
|t:|1769297242
|move|p1a: Zamazenta|Iron Defense|p1a: Zamazenta
|-boost|p1a: Zamazenta|def|2
|move|p2a: Dragonite|Dragon Dance|p2a: Dragonite
|-boost|p2a: Dragonite|atk|1
|-boost|p2a: Dragonite|spe|1
|
|-heal|p1a: Zamazenta|48/100|[from] item: Leftovers
|upkeep
|turn|23
|
|t:|1769297244
|move|p2a: Dragonite|Earthquake|p1a: Zamazenta
|-damage|p1a: Zamazenta|30/100
|move|p1a: Zamazenta|Roar|p2a: Dragonite
|drag|p2a: Ogerpon|Ogerpon-Cornerstone, F|100/100
|
|-heal|p1a: Zamazenta|36/100|[from] item: Leftovers
|upkeep
|turn|24
|
|t:|1769297249
|switch|p2a: Raging Bolt|Raging Bolt|100/100
|move|p1a: Zamazenta|Body Press|p2a: Raging Bolt
|-damage|p2a: Raging Bolt|11/100
|
|-heal|p1a: Zamazenta|42/100|[from] item: Leftovers
|upkeep
|turn|25
|
|t:|1769297255
|-terastallize|p1a: Zamazenta|Electric
|move|p2a: Raging Bolt|Thunderclap|p1a: Zamazenta
|-resisted|p1a: Zamazenta
|-damage|p1a: Zamazenta|21/100
|move|p1a: Zamazenta|Body Press|p2a: Raging Bolt
|-damage|p2a: Raging Bolt|0 fnt
|faint|p2a: Raging Bolt
|-end|p2a: Raging Bolt|Protosynthesis|[silent]
|
|-heal|p1a: Zamazenta|27/100|[from] item: Leftovers
|upkeep
|
|t:|1769297269
|switch|p2a: Dragonite|Dragonite, F|95/100
|turn|26
|
|t:|1769297272
|move|p1a: Zamazenta|Body Press|p2a: Dragonite
|-resisted|p2a: Dragonite
|-damage|p2a: Dragonite|39/100
|move|p2a: Dragonite|Earthquake|p1a: Zamazenta
|-supereffective|p1a: Zamazenta
|-damage|p1a: Zamazenta|2/100
|
|-heal|p1a: Zamazenta|8/100|[from] item: Leftovers
|upkeep
|turn|27
|
|t:|1769297278
|move|p2a: Dragonite|Extreme Speed|p1a: Zamazenta
|-damage|p1a: Zamazenta|0 fnt
|faint|p1a: Zamazenta
|
|upkeep
|
|t:|1769297284
|switch|p1a: Ceruledge|Ceruledge, F|100/100
|turn|28
|
|t:|1769297295
|move|p2a: Dragonite|Earthquake|p1a: Ceruledge
|-supereffective|p1a: Ceruledge
|-damage|p1a: Ceruledge|0 fnt
|faint|p1a: Ceruledge
|
|upkeep
|-message|Yarm forfeited.
|
|win|yiiiih
|raw|Yarm's rating: 1430 &rarr; <strong>1412</strong><br />(-18 for losing)
|raw|yiiiih's rating: 1471 &rarr; <strong>1489</strong><br />(+18 for winning)
