|j|☆okijk
|j|☆lockbekillin
|t:|1769407439
|gametype|singles
|player|p1|okijk|firebreather|1119
|player|p2|lockbekillin|170|1084
|gen|9
|tier|[Gen 9] OU
|rated|
|rule|HP Percentage Mod: HP is shown in percentages
|rule|Endless Battle Clause: Forcing endless battles is banned
|rule|Species Clause: Limit one of each Pokémon
|rule|OHKO Clause: OHKO moves are banned
|rule|Evasion Items Clause: Evasion items are banned
|rule|Evasion Moves Clause: Evasion moves are banned
|rule|Evasion Abilities Clause: Evasion abilities are banned
|rule|Sleep Moves Clause: Sleep-inducing moves are banned
|clearpoke
|poke|p1|Ogerpon, F|
|poke|p1|Meowscarada, F|
|poke|p1|Inteleon, M|
|poke|p1|Exeggutor-Alola, M|
|poke|p1|Cinderace, M|
|poke|p1|Dragonite, M|
|poke|p2|Greninja-*, M|
|poke|p2|Blaziken, F|
|poke|p2|Cinderace, F|
|poke|p2|Scyther, M|
|poke|p2|Ursaring, F|
|poke|p2|Gholdengo|
|teampreview
|inactive|Battle timer is ON: inactive players will automatically lose when time's up. (requested by okijk)
|
|t:|1769407457
|teamsize|p1|6
|teamsize|p2|6
|start
|switch|p1a: Exeggutor|Exeggutor-Alola, M|100/100
|switch|p2a: Gholdengo|Gholdengo|100/100
|turn|1
|
|t:|1769407467
|move|p2a: Gholdengo|Memento|p1a: Exeggutor
|-unboost|p1a: Exeggutor|atk|2
|-unboost|p1a: Exeggutor|spa|2
|faint|p2a: Gholdengo
|move|p1a: Exeggutor|Substitute|p1a: Exeggutor
|-start|p1a: Exeggutor|Substitute
|-damage|p1a: Exeggutor|75/100
|
|upkeep
|
|t:|1769407483
|switch|p2a: Blaziken|Blaziken, F, shiny|100/100
|turn|2
|
|t:|1769407496
|-terastallize|p2a: Blaziken|Normal
|move|p2a: Blaziken|Swords Dance|p2a: Blaziken
|-boost|p2a: Blaziken|atk|2
|move|p1a: Exeggutor|Dragon Pulse|p2a: Blaziken
|-damage|p2a: Blaziken|73/100
|
|-ability|p2a: Blaziken|Speed Boost|boost
|-boost|p2a: Blaziken|spe|1
|upkeep
|turn|3
|
|t:|1769407506
|move|p2a: Blaziken|Acrobatics|p1a: Exeggutor
|-supereffective|p1a: Exeggutor
|-end|p1a: Exeggutor|Substitute
|move|p1a: Exeggutor|Substitute|p1a: Exeggutor
|-start|p1a: Exeggutor|Substitute
|-damage|p1a: Exeggutor|50/100
|
|-ability|p2a: Blaziken|Speed Boost|boost
|-boost|p2a: Blaziken|spe|1
|upkeep
|turn|4
|
|t:|1769407518
|move|p2a: Blaziken|Acrobatics|p1a: Exeggutor
|-supereffective|p1a: Exeggutor
|-end|p1a: Exeggutor|Substitute
|move|p1a: Exeggutor|Substitute|p1a: Exeggutor
|-start|p1a: Exeggutor|Substitute
|-damage|p1a: Exeggutor|25/100
|-enditem|p1a: Exeggutor|Starf Berry|[eat]
|-boost|p1a: Exeggutor|spd|2|[from] item: Starf Berry
|
|-ability|p2a: Blaziken|Speed Boost|boost
|-boost|p2a: Blaziken|spe|1
|upkeep
|turn|5
|
|t:|1769407530
|move|p2a: Blaziken|Acrobatics|p1a: Exeggutor
|-supereffective|p1a: Exeggutor
|-end|p1a: Exeggutor|Substitute
|move|p1a: Exeggutor|Synthesis|p1a: Exeggutor
|-heal|p1a: Exeggutor|75/100
|
|-ability|p2a: Blaziken|Speed Boost|boost
|-boost|p2a: Blaziken|spe|1
|upkeep
|turn|6
|
|t:|1769407539
|move|p2a: Blaziken|Acrobatics|p1a: Exeggutor
|-supereffective|p1a: Exeggutor
|-damage|p1a: Exeggutor|0 fnt
|faint|p1a: Exeggutor
|
|-ability|p2a: Blaziken|Speed Boost|boost
|-boost|p2a: Blaziken|spe|1
|upkeep
|-message|okijk forfeited.
|
|win|lockbekillin
|raw|okijk's rating: 1119 &rarr; <strong>1091</strong><br />(-28 for losing)
|raw|lockbekillin's rating: 1084 &rarr; <strong>1114</strong><br />(+30 for winning)
|l|☆okijk
|player|p1|
|l|☆lockbekillin
|player|p2|
