|j|☆Singing in...
|j|‽bigkatt96
|t:|1769409867
|gametype|singles
|player|p1|Singing in...|misty-masters|1110
|player|p2|bigkatt96|102|1135
|gen|9
|tier|[Gen 9] OU
|rated|
|rule|HP Percentage Mod: HP is shown in percentages
|rule|Endless Battle Clause: Forcing endless battles is banned
|rule|Species Clause: Limit one of each Pokémon
|rule|OHKO Clause: OHKO moves are banned
|rule|Evasion Items Clause: Evasion items are banned
|rule|Evasion Moves Clause: Evasion moves are banned
|rule|Evasion Abilities Clause: Evasion abilities are banned
|rule|Sleep Moves Clause: Sleep-inducing moves are banned
|clearpoke
|poke|p1|Pelipper, M|
|poke|p1|Zapdos|
|poke|p1|Raging Bolt|
|poke|p1|Barraskewda, F|
|poke|p1|Iron Treads|
|poke|p1|Ogerpon-Wellspring, F|
|poke|p2|Rhyperior, M|
|poke|p2|Slowbro, M|
|poke|p2|Hitmonlee, M|
|poke|p2|Scizor, M|
|poke|p2|Sandy Shocks|
|poke|p2|Vileplume, M|
|teampreview
|
|t:|1769409874
|teamsize|p1|6
|teamsize|p2|6
|start
|switch|p1a: ...the Rain|Pelipper, M|100/100
|switch|p2a: Rhyperior|Rhyperior, M|100/100
|-weather|RainDance|[from] ability: Drizzle|[of] p1a: ...the Rain
|turn|1
|
|t:|1769409888
|-terastallize|p2a: Rhyperior|Steel
|move|p1a: ...the Rain|Surf|p2a: Rhyperior
|-damage|p2a: Rhyperior|64/100
|move|p2a: Rhyperior|Supercell Slam|p1a: ...the Rain
|-supereffective|p1a: ...the Rain
|-damage|p1a: ...the Rain|0 fnt
|faint|p1a: ...the Rain
|
|-weather|RainDance|[upkeep]
|upkeep
|
|t:|1769409902
|switch|p1a: Barraskewda|Barraskewda, F, shiny|100/100
|turn|2
|
|t:|1769409911
|-terastallize|p1a: Barraskewda|Water
|move|p1a: Barraskewda|Liquidation|p2a: Rhyperior
|-damage|p2a: Rhyperior|0 fnt
|faint|p2a: Rhyperior
|
|-weather|RainDance|[upkeep]
|upkeep
|
|t:|1769409924
|switch|p2a: Slowbro|Slowbro, M, shiny|100/100
|turn|3
|
|t:|1769409928
|switch|p1a: Zapdos|Zapdos|100/100
|move|p2a: Slowbro|Calm Mind|p2a: Slowbro
|-boost|p2a: Slowbro|spa|1
|-boost|p2a: Slowbro|spd|1
|
|-weather|RainDance|[upkeep]
|upkeep
|turn|4
|
|t:|1769409936
|switch|p2a: Sandy Shocks|Sandy Shocks|100/100
|-enditem|p2a: Sandy Shocks|Booster Energy
|-activate|p2a: Sandy Shocks|ability: Protosynthesis|[fromitem]
|-start|p2a: Sandy Shocks|protosynthesisspe
|move|p1a: Zapdos|Thunder Wave|p2a: Sandy Shocks
|-immune|p2a: Sandy Shocks
|
|-weather|RainDance|[upkeep]
|upkeep
|turn|5
|
|t:|1769409946
|switch|p1a: Iron Treads|Iron Treads, shiny|100/100
|move|p2a: Sandy Shocks|Stealth Rock|p1a: Iron Treads
|-sidestart|p1: Singing in...|move: Stealth Rock
|
|-weather|RainDance|[upkeep]
|upkeep
|turn|6
|
|t:|1769409953
|move|p2a: Sandy Shocks|Earth Power|p1a: Iron Treads
|-supereffective|p1a: Iron Treads
|-damage|p1a: Iron Treads|25/100
|move|p1a: Iron Treads|Rapid Spin|p2a: Sandy Shocks
|-damage|p2a: Sandy Shocks|84/100
|-boost|p1a: Iron Treads|spe|1
|-sideend|p1: Singing in...|Stealth Rock|[from] move: Rapid Spin|[of] p1a: Iron Treads
|
|-weather|RainDance|[upkeep]
|upkeep
|turn|7
|
|t:|1769409964
|move|p1a: Iron Treads|Earthquake|p2a: Sandy Shocks
|-supereffective|p2a: Sandy Shocks
|-crit|p2a: Sandy Shocks
|-damage|p2a: Sandy Shocks|0 fnt
|faint|p2a: Sandy Shocks
|-end|p2a: Sandy Shocks|Protosynthesis|[silent]
|
|-weather|RainDance|[upkeep]
|upkeep
|
|t:|1769409974
|switch|p2a: Slowbro|Slowbro, M, shiny|100/100
|turn|8
|
|t:|1769409979
|move|p1a: Iron Treads|Knock Off|p2a: Slowbro
|-supereffective|p2a: Slowbro
|-damage|p2a: Slowbro|67/100
|-enditem|p2a: Slowbro|Covert Cloak|[from] move: Knock Off|[of] p1a: Iron Treads
|move|p2a: Slowbro|Calm Mind|p2a: Slowbro
|-boost|p2a: Slowbro|spa|1
|-boost|p2a: Slowbro|spd|1
|
|-weather|none
|upkeep
|turn|9
|
|t:|1769409990
|move|p1a: Iron Treads|Iron Head|p2a: Slowbro
|-resisted|p2a: Slowbro
|-damage|p2a: Slowbro|57/100
|move|p2a: Slowbro|Slack Off|p2a: Slowbro
|-heal|p2a: Slowbro|100/100
|
|upkeep
|turn|10
|
|t:|1769409997
|move|p1a: Iron Treads|Knock Off|p2a: Slowbro
|-supereffective|p2a: Slowbro
|-damage|p2a: Slowbro|75/100
|move|p2a: Slowbro|Calm Mind|p2a: Slowbro
|-boost|p2a: Slowbro|spa|1
|-boost|p2a: Slowbro|spd|1
|
|upkeep
|turn|11
|
|t:|1769410005
|move|p1a: Iron Treads|Knock Off|p2a: Slowbro
|-supereffective|p2a: Slowbro
|-damage|p2a: Slowbro|50/100
|move|p2a: Slowbro|Calm Mind|p2a: Slowbro
|-boost|p2a: Slowbro|spa|1
|-boost|p2a: Slowbro|spd|1
|
|upkeep
|turn|12
|
|t:|1769410012
|-end|p1a: Iron Treads|Quark Drive|[silent]
|switch|p1a: Ogerpon|Ogerpon-Wellspring, F|100/100
|move|p2a: Slowbro|Slack Off|p2a: Slowbro
|-heal|p2a: Slowbro|99/100
|
|upkeep
|turn|13
|
|t:|1769410018
|move|p1a: Ogerpon|Power Whip|p2a: Slowbro
|-supereffective|p2a: Slowbro
|-damage|p2a: Slowbro|20/100
|move|p2a: Slowbro|Stored Power|p1a: Ogerpon
|-damage|p1a: Ogerpon|0 fnt
|faint|p1a: Ogerpon
|
|upkeep
|
|t:|1769410023
|switch|p1a: Barraskewda|Barraskewda, F, shiny, tera:Water|100/100
|turn|14
|
|t:|1769410028
|move|p1a: Barraskewda|Liquidation|p2a: Slowbro
|-resisted|p2a: Slowbro
|-damage|p2a: Slowbro|0 fnt
|faint|p2a: Slowbro
|
|upkeep
|
|t:|1769410034
|switch|p2a: Hitmonlee|Hitmonlee, M|100/100
|turn|15
|
|t:|1769410038
|move|p2a: Hitmonlee|Endure|p2a: Hitmonlee
|-singleturn|p2a: Hitmonlee|move: Endure
|move|p1a: Barraskewda|Liquidation|p2a: Hitmonlee
|-activate|p2a: Hitmonlee|move: Endure
|-damage|p2a: Hitmonlee|1/100
|-unboost|p2a: Hitmonlee|def|1
|-enditem|p2a: Hitmonlee|Liechi Berry|[eat]
|-boost|p2a: Hitmonlee|atk|1|[from] item: Liechi Berry
|
|upkeep
|turn|16
|
|t:|1769410047
|move|p2a: Hitmonlee|Reversal|p1a: Barraskewda
|-damage|p1a: Barraskewda|0 fnt
|faint|p1a: Barraskewda
|
|upkeep
|
|t:|1769410058
|switch|p1a: Iron Treads|Iron Treads, shiny|25/100
|turn|17
|
|t:|1769410062
|move|p2a: Hitmonlee|Reversal|p1a: Iron Treads
|-supereffective|p1a: Iron Treads
|-damage|p1a: Iron Treads|0 fnt
|faint|p1a: Iron Treads
|-end|p1a: Iron Treads|Quark Drive|[silent]
|
|upkeep
|
|t:|1769410074
|switch|p1a: Zapdos|Zapdos|100/100
|turn|18
|
|t:|1769410080
|move|p2a: Hitmonlee|Reversal|p1a: Zapdos
|-resisted|p1a: Zapdos
|-damage|p1a: Zapdos|21/100
|move|p1a: Zapdos|Thunder Wave|p2a: Hitmonlee
|-status|p2a: Hitmonlee|par
|
|upkeep
|turn|19
|
|t:|1769410099
|move|p1a: Zapdos|Volt Switch|p2a: Hitmonlee
|-damage|p2a: Hitmonlee|0 fnt
|faint|p2a: Hitmonlee
|
|t:|1769410101
|switch|p1a: Raging Bolt|Raging Bolt|100/100|[from] Volt Switch
|-enditem|p1a: Raging Bolt|Booster Energy
|-activate|p1a: Raging Bolt|ability: Protosynthesis|[fromitem]
|-start|p1a: Raging Bolt|protosynthesisspa
|
|upkeep
|
|t:|1769410109
|switch|p2a: Vileplume|Vileplume, M|100/100
|turn|20
|
|t:|1769410113
|move|p1a: Raging Bolt|Calm Mind|p1a: Raging Bolt
|-boost|p1a: Raging Bolt|spa|1
|-boost|p1a: Raging Bolt|spd|1
|move|p2a: Vileplume|Leech Seed|p1a: Raging Bolt|[miss]
|-miss|p2a: Vileplume|p1a: Raging Bolt
|
|upkeep
|turn|21
|-message|bigkatt96 forfeited.
|
|win|Singing in...
|raw|Singing in...'s rating: 1110 &rarr; <strong>1137</strong><br />(+27 for winning)
|raw|bigkatt96's rating: 1135 &rarr; <strong>1108</strong><br />(-27 for losing)
|l|‽bigkatt96
|player|p2|
|l|☆Singing in...
|player|p1|
