|j|☆Phillip Blevin
|j|☆PixelPenguin2
|t:|1769408639
|gametype|singles
|player|p1|Phillip Blevin|265|1465
|player|p2|PixelPenguin2|guitarist|1506
|gen|9
|tier|[Gen 9] OU
|rated|
|rule|HP Percentage Mod: HP is shown in percentages
|rule|Endless Battle Clause: Forcing endless battles is banned
|rule|Species Clause: Limit one of each Pokémon
|rule|OHKO Clause: OHKO moves are banned
|rule|Evasion Items Clause: Evasion items are banned
|rule|Evasion Moves Clause: Evasion moves are banned
|rule|Evasion Abilities Clause: Evasion abilities are banned
|rule|Sleep Moves Clause: Sleep-inducing moves are banned
|clearpoke
|poke|p1|Iron Hands|
|poke|p1|Mandibuzz, F|
|poke|p1|Garganacl, M|
|poke|p1|Rillaboom, M|
|poke|p1|Alomomola, M|
|poke|p1|Tornadus-Therian, M|
|poke|p2|Gyarados, F|
|poke|p2|Landorus-Therian, M|
|poke|p2|Scizor, M|
|poke|p2|Glimmora, M|
|poke|p2|Keldeo-Resolute|
|poke|p2|Dragapult, M|
|teampreview
|inactive|Battle timer is ON: inactive players will automatically lose when time's up. (requested by PixelPenguin2)
|inactive|Phillip Blevin also wants the timer to be on.
|
|t:|1769408652
|teamsize|p1|6
|teamsize|p2|6
|start
|switch|p1a: Tornadus|Tornadus-Therian, M|100/100
|switch|p2a: Glimmora|Glimmora, M|100/100
|turn|1
|
|t:|1769408659
|switch|p1a: Alomomola|Alomomola, M|100/100
|move|p2a: Glimmora|Meteor Beam||[still]
|-prepare|p2a: Glimmora|Meteor Beam
|-boost|p2a: Glimmora|spa|1
|-enditem|p2a: Glimmora|Power Herb
|-anim|p2a: Glimmora|Meteor Beam|p1a: Alomomola
|-damage|p1a: Alomomola|0 fnt
|faint|p1a: Alomomola
|
|upkeep
|
|t:|1769408662
|switch|p1a: Iron Hands|Iron Hands|100/100
|turn|2
|
|t:|1769408668
|move|p2a: Glimmora|Stealth Rock|p1a: Iron Hands
|-sidestart|p1: Phillip Blevin|move: Stealth Rock
|move|p1a: Iron Hands|Earthquake|p2a: Glimmora
|-supereffective|p2a: Glimmora
|-damage|p2a: Glimmora|0 fnt
|-activate|p2a: Glimmora|ability: Toxic Debris
|-sidestart|p1: Phillip Blevin|move: Toxic Spikes
|faint|p2a: Glimmora
|
|upkeep
|
|t:|1769408673
|switch|p2a: Dragapult|Dragapult, M|100/100
|turn|3
|
|t:|1769408677
|move|p2a: Dragapult|U-turn|p1a: Iron Hands
|-resisted|p1a: Iron Hands
|-damage|p1a: Iron Hands|94/100
|
|t:|1769408682
|switch|p2a: Gyarados|Gyarados, F|100/100|[from] U-turn
|-ability|p2a: Gyarados|Intimidate|boost
|-unboost|p1a: Iron Hands|atk|1
|move|p1a: Iron Hands|Ice Punch|p2a: Gyarados
|-damage|p2a: Gyarados|78/100
|
|-heal|p2a: Gyarados|84/100|[from] item: Leftovers
|upkeep
|turn|4
|
|t:|1769408685
|switch|p2a: Dragapult|Dragapult, M|100/100
|move|p1a: Iron Hands|Supercell Slam|p2a: Dragapult
|-resisted|p2a: Dragapult
|-damage|p2a: Dragapult|71/100
|
|upkeep
|turn|5
|
|t:|1769408689
|-end|p1a: Iron Hands|Quark Drive|[silent]
|switch|p1a: Mandibuzz|Mandibuzz, F|100/100
|move|p2a: Dragapult|Will-O-Wisp|p1a: Mandibuzz
|-status|p1a: Mandibuzz|brn
|
|-damage|p1a: Mandibuzz|94/100 brn|[from] brn
|upkeep
|turn|6
|
|t:|1769408696
|move|p2a: Dragapult|Draco Meteor|p1a: Mandibuzz
|-damage|p1a: Mandibuzz|44/100 brn
|-unboost|p2a: Dragapult|spa|2
|move|p1a: Mandibuzz|Defog|p2a: Dragapult
|-unboost|p2a: Dragapult|evasion|1
|-sideend|p1: Phillip Blevin|Toxic Spikes|[from] move: Defog|[of] p1a: Mandibuzz
|-sideend|p1: Phillip Blevin|Stealth Rock|[from] move: Defog|[of] p1a: Mandibuzz
|
|-damage|p1a: Mandibuzz|38/100 brn|[from] brn
|upkeep
|turn|7
|
|t:|1769408699
|move|p2a: Dragapult|U-turn|p1a: Mandibuzz
|-damage|p1a: Mandibuzz|28/100 brn
|
|t:|1769408709
|switch|p2a: Gyarados|Gyarados, F|84/100|[from] U-turn
|-ability|p2a: Gyarados|Intimidate|boost
|-unboost|p1a: Mandibuzz|atk|1
|move|p1a: Mandibuzz|Roost|p1a: Mandibuzz
|-heal|p1a: Mandibuzz|78/100 brn
|-singleturn|p1a: Mandibuzz|move: Roost
|
|-heal|p2a: Gyarados|90/100|[from] item: Leftovers
|-damage|p1a: Mandibuzz|72/100 brn|[from] brn
|upkeep
|turn|8
|
|t:|1769408713
|move|p2a: Gyarados|Dragon Dance|p2a: Gyarados
|-boost|p2a: Gyarados|atk|1
|-boost|p2a: Gyarados|spe|1
|move|p1a: Mandibuzz|Foul Play|p2a: Gyarados
|-damage|p2a: Gyarados|49/100
|
|-heal|p2a: Gyarados|55/100|[from] item: Leftovers
|-damage|p1a: Mandibuzz|66/100 brn|[from] brn
|upkeep
|turn|9
|
|t:|1769408722
|move|p2a: Gyarados|Waterfall|p1a: Mandibuzz
|-damage|p1a: Mandibuzz|25/100 brn
|move|p1a: Mandibuzz|Foul Play|p2a: Gyarados
|-damage|p2a: Gyarados|14/100
|
|-heal|p2a: Gyarados|20/100|[from] item: Leftovers
|-damage|p1a: Mandibuzz|19/100 brn|[from] brn
|upkeep
|turn|10
|
|t:|1769408726
|move|p2a: Gyarados|Waterfall|p1a: Mandibuzz
|-damage|p1a: Mandibuzz|0 fnt
|faint|p1a: Mandibuzz
|
|-heal|p2a: Gyarados|26/100|[from] item: Leftovers
|upkeep
|
|t:|1769408728
|switch|p1a: Rillaboom|Rillaboom, M|100/100
|-fieldstart|move: Grassy Terrain|[from] ability: Grassy Surge|[of] p1a: Rillaboom
|turn|11
|
|t:|1769408738
|switch|p2a: Scizor|Scizor, M|100/100
|-terastallize|p1a: Rillaboom|Grass
|move|p1a: Rillaboom|Grassy Glide|p2a: Scizor
|-resisted|p2a: Scizor
|-damage|p2a: Scizor|84/100
|
|-heal|p2a: Scizor|90/100|[from] Grassy Terrain
|upkeep
|turn|12
|
|t:|1769408742
|move|p1a: Rillaboom|U-turn|p2a: Scizor
|-resisted|p2a: Scizor
|-damage|p2a: Scizor|76/100
|
|t:|1769408744
|switch|p1a: Iron Hands|Iron Hands|94/100|[from] U-turn
|move|p2a: Scizor|Knock Off|p1a: Iron Hands
|-resisted|p1a: Iron Hands
|-damage|p1a: Iron Hands|81/100
|-enditem|p1a: Iron Hands|Assault Vest|[from] move: Knock Off|[of] p2a: Scizor
|
|-heal|p2a: Scizor|82/100|[from] Grassy Terrain
|-heal|p1a: Iron Hands|87/100|[from] Grassy Terrain
|upkeep
|turn|13
|
|t:|1769408748
|move|p2a: Scizor|U-turn|p1a: Iron Hands
|-resisted|p1a: Iron Hands
|-damage|p1a: Iron Hands|72/100
|
|t:|1769408756
|switch|p2a: Gyarados|Gyarados, F|26/100|[from] U-turn
|-ability|p2a: Gyarados|Intimidate|boost
|-unboost|p1a: Iron Hands|atk|1
|move|p1a: Iron Hands|Supercell Slam|p2a: Gyarados
|-supereffective|p2a: Gyarados
|-damage|p2a: Gyarados|0 fnt
|faint|p2a: Gyarados
|
|-heal|p1a: Iron Hands|78/100|[from] Grassy Terrain
|upkeep
|
|t:|1769408761
|switch|p2a: Dragapult|Dragapult, M|71/100
|turn|14
|
|t:|1769408766
|-end|p1a: Iron Hands|Quark Drive|[silent]
|switch|p1a: Garganacl|Garganacl, M|100/100
|move|p2a: Dragapult|Will-O-Wisp|p1a: Garganacl
|-immune|p1a: Garganacl|[from] ability: Purifying Salt
|
|-heal|p2a: Dragapult|77/100|[from] Grassy Terrain
|upkeep
|turn|15
|
|t:|1769408770
|switch|p2a: Landorus|Landorus-Therian, M|100/100
|-ability|p2a: Landorus|Intimidate|boost
|-unboost|p1a: Garganacl|atk|1
|move|p1a: Garganacl|Salt Cure|p2a: Landorus
|-damage|p2a: Landorus|92/100
|-start|p2a: Landorus|Salt Cure
|
|-damage|p2a: Landorus|80/100|[from] Salt Cure
|upkeep
|turn|16
|
|t:|1769408775
|switch|p1a: Tornadus|Tornadus-Therian, M|100/100
|move|p2a: Landorus|Smack Down|p1a: Tornadus
|-supereffective|p1a: Tornadus
|-damage|p1a: Tornadus|62/100
|-start|p1a: Tornadus|Smack Down
|
|-heal|p1a: Tornadus|68/100|[from] Grassy Terrain
|-damage|p2a: Landorus|67/100|[from] Salt Cure
|upkeep
|turn|17
|
|t:|1769408779
|move|p1a: Tornadus|U-turn|p2a: Landorus
|-resisted|p2a: Landorus
|-damage|p2a: Landorus|60/100
|
|t:|1769408780
|switch|p1a: Rillaboom|Rillaboom, M, tera:Grass|100/100|[from] U-turn
|move|p2a: Landorus|U-turn|p1a: Rillaboom
|-supereffective|p1a: Rillaboom
|-damage|p1a: Rillaboom|59/100
|
|t:|1769408785
|switch|p2a: Scizor|Scizor, M|82/100|[from] U-turn
|
|-heal|p1a: Rillaboom|65/100|[from] Grassy Terrain
|-heal|p2a: Scizor|88/100|[from] Grassy Terrain
|upkeep
|turn|18
|
|t:|1769408788
|move|p1a: Rillaboom|U-turn|p2a: Scizor
|-resisted|p2a: Scizor
|-damage|p2a: Scizor|73/100
|
|t:|1769408790
|switch|p1a: Iron Hands|Iron Hands|78/100|[from] U-turn
|move|p2a: Scizor|U-turn|p1a: Iron Hands
|-resisted|p1a: Iron Hands
|-damage|p1a: Iron Hands|64/100
|
|t:|1769408793
|switch|p2a: Dragapult|Dragapult, M|77/100|[from] U-turn
|
|-heal|p2a: Dragapult|83/100|[from] Grassy Terrain
|-heal|p1a: Iron Hands|70/100|[from] Grassy Terrain
|-fieldend|move: Grassy Terrain
|upkeep
|turn|19
|
|t:|1769408796
|move|p2a: Dragapult|Draco Meteor|p1a: Iron Hands
|-crit|p1a: Iron Hands
|-damage|p1a: Iron Hands|0 fnt
|-unboost|p2a: Dragapult|spa|2
|faint|p1a: Iron Hands
|-end|p1a: Iron Hands|Quark Drive|[silent]
|
|upkeep
|
|t:|1769408801
|switch|p1a: Tornadus|Tornadus-Therian, M|100/100
|turn|20
|
|t:|1769408807
|switch|p2a: Landorus|Landorus-Therian, M|60/100
|-ability|p2a: Landorus|Intimidate|boost
|-unboost|p1a: Tornadus|atk|1
|move|p1a: Tornadus|Knock Off|p2a: Landorus
|-damage|p2a: Landorus|47/100
|-enditem|p2a: Landorus|Assault Vest|[from] move: Knock Off|[of] p1a: Tornadus
|
|upkeep
|turn|21
|
|t:|1769408812
|move|p1a: Tornadus|Bleakwind Storm|p2a: Landorus
|-damage|p2a: Landorus|5/100
|move|p2a: Landorus|Rock Tomb|p1a: Tornadus
|-supereffective|p1a: Tornadus
|-damage|p1a: Tornadus|56/100
|-unboost|p1a: Tornadus|spe|1
|
|upkeep
|turn|22
|
|t:|1769408817
|switch|p1a: Rillaboom|Rillaboom, M, tera:Grass|65/100
|-fieldstart|move: Grassy Terrain|[from] ability: Grassy Surge|[of] p1a: Rillaboom
|move|p2a: Landorus|Rock Tomb|p1a: Rillaboom
|-damage|p1a: Rillaboom|45/100
|-unboost|p1a: Rillaboom|spe|1
|
|-heal|p1a: Rillaboom|52/100|[from] Grassy Terrain
|upkeep
|turn|23
|
|t:|1769408820
|switch|p2a: Scizor|Scizor, M|73/100
|move|p1a: Rillaboom|Grassy Glide|p2a: Scizor
|-resisted|p2a: Scizor
|-damage|p2a: Scizor|57/100
|
|-heal|p2a: Scizor|64/100|[from] Grassy Terrain
|-heal|p1a: Rillaboom|58/100|[from] Grassy Terrain
|upkeep
|turn|24
|
|t:|1769408823
|switch|p1a: Tornadus|Tornadus-Therian, M|89/100
|move|p2a: Scizor|U-turn|p1a: Tornadus
|-resisted|p1a: Tornadus
|-damage|p1a: Tornadus|68/100
|
|t:|1769408826
|switch|p2a: Dragapult|Dragapult, M|83/100|[from] U-turn
|
|-heal|p2a: Dragapult|89/100|[from] Grassy Terrain
|upkeep
|turn|25
|
|t:|1769408828
|switch|p1a: Garganacl|Garganacl, M|100/100
|move|p2a: Dragapult|Draco Meteor|p1a: Garganacl
|-damage|p1a: Garganacl|66/100
|-unboost|p2a: Dragapult|spa|2
|
|-heal|p2a: Dragapult|95/100|[from] Grassy Terrain
|-heal|p1a: Garganacl|72/100|[from] Grassy Terrain
|-heal|p1a: Garganacl|78/100|[from] item: Leftovers
|upkeep
|turn|26
|
|t:|1769408835
|switch|p2a: Landorus|Landorus-Therian, M|5/100
|-ability|p2a: Landorus|Intimidate|boost
|-unboost|p1a: Garganacl|atk|1
|move|p1a: Garganacl|Stealth Rock|p2a: Landorus
|-sidestart|p2: PixelPenguin2|move: Stealth Rock
|
|-heal|p1a: Garganacl|85/100|[from] Grassy Terrain
|-heal|p1a: Garganacl|91/100|[from] item: Leftovers
|upkeep
|turn|27
|
|t:|1769408840
|move|p2a: Landorus|Earthquake|p1a: Garganacl
|-supereffective|p1a: Garganacl
|-damage|p1a: Garganacl|61/100
|move|p1a: Garganacl|Iron Defense|p1a: Garganacl
|-boost|p1a: Garganacl|def|2
|
|-heal|p1a: Garganacl|67/100|[from] Grassy Terrain
|-heal|p1a: Garganacl|73/100|[from] item: Leftovers
|upkeep
|turn|28
|
|t:|1769408844
|move|p2a: Landorus|Earthquake|p1a: Garganacl
|-supereffective|p1a: Garganacl
|-damage|p1a: Garganacl|55/100
|move|p1a: Garganacl|Salt Cure|p2a: Landorus
|-damage|p2a: Landorus|0 fnt
|faint|p2a: Landorus
|
|-heal|p1a: Garganacl|61/100|[from] Grassy Terrain
|-heal|p1a: Garganacl|68/100|[from] item: Leftovers
|upkeep
|
|t:|1769408846
|switch|p2a: Keldeo|Keldeo-Resolute|100/100
|turn|29
|
|t:|1769408853
|move|p2a: Keldeo|Calm Mind|p2a: Keldeo
|-boost|p2a: Keldeo|spa|1
|-boost|p2a: Keldeo|spd|1
|move|p1a: Garganacl|Salt Cure|p2a: Keldeo
|-resisted|p2a: Keldeo
|-damage|p2a: Keldeo|95/100
|-start|p2a: Keldeo|Salt Cure
|
|-heal|p2a: Keldeo|100/100|[from] Grassy Terrain
|-heal|p1a: Garganacl|74/100|[from] Grassy Terrain
|-heal|p1a: Garganacl|80/100|[from] item: Leftovers
|-damage|p2a: Keldeo|76/100|[from] Salt Cure
|-fieldend|move: Grassy Terrain
|upkeep
|turn|30
|
|t:|1769408856
|switch|p1a: Rillaboom|Rillaboom, M, tera:Grass|58/100
|-fieldstart|move: Grassy Terrain|[from] ability: Grassy Surge|[of] p1a: Rillaboom
|move|p2a: Keldeo|Surf|p1a: Rillaboom
|-resisted|p1a: Rillaboom
|-damage|p1a: Rillaboom|15/100
|
|-heal|p2a: Keldeo|82/100|[from] Grassy Terrain
|-heal|p1a: Rillaboom|21/100|[from] Grassy Terrain
|-damage|p2a: Keldeo|57/100|[from] Salt Cure
|upkeep
|turn|31
|
|t:|1769408859
|move|p2a: Keldeo|Vacuum Wave|p1a: Rillaboom
|-damage|p1a: Rillaboom|0 fnt
|faint|p1a: Rillaboom
|
|-heal|p2a: Keldeo|63/100|[from] Grassy Terrain
|-damage|p2a: Keldeo|39/100|[from] Salt Cure
|upkeep
|
|t:|1769408861
|switch|p1a: Tornadus|Tornadus-Therian, M|100/100
|turn|32
|
|t:|1769408866
|switch|p2a: Scizor|Scizor, M|64/100
|-damage|p2a: Scizor|51/100|[from] Stealth Rock
|move|p1a: Tornadus|Bleakwind Storm|p2a: Scizor
|-damage|p2a: Scizor|19/100
|-unboost|p2a: Scizor|spe|1
|
|-heal|p2a: Scizor|25/100|[from] Grassy Terrain
|upkeep
|turn|33
|
|t:|1769408872
|move|p2a: Scizor|Bullet Punch|p1a: Tornadus
|-damage|p1a: Tornadus|62/100
|move|p1a: Tornadus|Bleakwind Storm|p2a: Scizor
|-damage|p2a: Scizor|0 fnt
|faint|p2a: Scizor
|
|upkeep
|
|t:|1769408877
|switch|p2a: Dragapult|Dragapult, M|95/100
|turn|34
|
|t:|1769408880
|switch|p1a: Garganacl|Garganacl, M|80/100
|move|p2a: Dragapult|U-turn|p1a: Garganacl
|-damage|p1a: Garganacl|68/100
|
|t:|1769408881
|switch|p2a: Keldeo|Keldeo-Resolute|39/100|[from] U-turn
|
|-heal|p2a: Keldeo|45/100|[from] Grassy Terrain
|-heal|p1a: Garganacl|74/100|[from] Grassy Terrain
|-heal|p1a: Garganacl|80/100|[from] item: Leftovers
|upkeep
|turn|35
|
|t:|1769408888
|switch|p1a: Tornadus|Tornadus-Therian, M|96/100
|move|p2a: Keldeo|Surf|p1a: Tornadus
|-damage|p1a: Tornadus|46/100
|
|-heal|p2a: Keldeo|51/100|[from] Grassy Terrain
|upkeep
|turn|36
|
|t:|1769408893
|-terastallize|p2a: Keldeo|Steel
|move|p1a: Tornadus|Bleakwind Storm|p2a: Keldeo|[miss]
|-miss|p1a: Tornadus|p2a: Keldeo
|move|p2a: Keldeo|Surf|p1a: Tornadus
|-damage|p1a: Tornadus|0 fnt
|faint|p1a: Tornadus
|
|-heal|p2a: Keldeo|57/100|[from] Grassy Terrain
|upkeep
|-message|Phillip Blevin forfeited.
|
|win|PixelPenguin2
|raw|Phillip Blevin's rating: 1465 &rarr; <strong>1447</strong><br />(-18 for losing)
|raw|PixelPenguin2's rating: 1506 &rarr; <strong>1524</strong><br />(+18 for winning)
