|j|☆VryFry
|j|☆Digga Darby
|t:|1769321049
|gametype|singles
|player|p1|VryFry|swimmerf|
|player|p2|Digga Darby|170|
|gen|9
|tier|[Gen 9] OU
|rule|HP Percentage Mod: HP is shown in percentages
|rule|Endless Battle Clause: Forcing endless battles is banned
|rule|Species Clause: Limit one of each Pokémon
|rule|OHKO Clause: OHKO moves are banned
|rule|Evasion Items Clause: Evasion items are banned
|rule|Evasion Moves Clause: Evasion moves are banned
|rule|Evasion Abilities Clause: Evasion abilities are banned
|rule|Sleep Moves Clause: Sleep-inducing moves are banned
|clearpoke
|poke|p1|Ceruledge, F|
|poke|p1|Walking Wake|
|poke|p1|Garganacl, M|
|poke|p1|Dragonite, F|
|poke|p1|Cinderace, F|
|poke|p1|Darkrai|
|poke|p2|Kyurem|
|poke|p2|Cinderace, F|
|poke|p2|Tornadus-Therian, M|
|poke|p2|Hatterene, F|
|poke|p2|Great Tusk|
|poke|p2|Kingambit, F|
|teampreview
|
|t:|1769321068
|teamsize|p1|6
|teamsize|p2|6
|start
|switch|p1a: Ceruledge|Ceruledge, F|100/100
|switch|p2a: Kingambit|Kingambit, F|100/100
|turn|1
|
|t:|1769321085
|move|p1a: Ceruledge|Destiny Bond|p1a: Ceruledge
|-singlemove|p1a: Ceruledge|Destiny Bond
|move|p2a: Kingambit|Kowtow Cleave|p1a: Ceruledge
|-supereffective|p1a: Ceruledge
|-damage|p1a: Ceruledge|0 fnt
|faint|p1a: Ceruledge
|-activate|p1a: Ceruledge|move: Destiny Bond
|faint|p2a: Kingambit
|-end|p2a: Kingambit|fallenundefined|[silent]
|
|upkeep
|
|t:|1769321099
|switch|p1a: Cinderace|Cinderace, F|100/100
|switch|p2a: Hatterene|Hatterene, F|100/100
|turn|2
|
|t:|1769321116
|move|p1a: Cinderace|Facade|p2a: Hatterene
|-start|p1a: Cinderace|typechange|Normal|[from] ability: Libero
|-damage|p2a: Hatterene|74/100
|move|p2a: Hatterene|Draining Kiss|p1a: Cinderace
|-damage|p1a: Cinderace|73/100
|-heal|p2a: Hatterene|95/100|[from] drain|[of] p1a: Cinderace
|
|-heal|p1a: Cinderace|79/100|[from] item: Leftovers
|-heal|p2a: Hatterene|100/100|[from] item: Leftovers
|upkeep
|turn|3
|
|t:|1769321130
|move|p1a: Cinderace|Acrobatics|p2a: Hatterene
|-damage|p2a: Hatterene|86/100
|move|p2a: Hatterene|Draining Kiss|p1a: Cinderace
|-damage|p1a: Cinderace|48/100
|-heal|p2a: Hatterene|100/100|[from] drain|[of] p1a: Cinderace
|
|-heal|p1a: Cinderace|54/100|[from] item: Leftovers
|upkeep
|turn|4
|
|t:|1769321141
|move|p1a: Cinderace|Fire Fang|p2a: Hatterene
|-damage|p2a: Hatterene|86/100
|move|p2a: Hatterene|Draining Kiss|p1a: Cinderace
|-damage|p1a: Cinderace|23/100
|-heal|p2a: Hatterene|100/100|[from] drain|[of] p1a: Cinderace
|
|-heal|p1a: Cinderace|29/100|[from] item: Leftovers
|upkeep
|turn|5
|c|☆Digga Darby|bta
|
|t:|1769321151
|move|p1a: Cinderace|Facade|p2a: Hatterene
|-damage|p2a: Hatterene|74/100
|move|p2a: Hatterene|Draining Kiss|p1a: Cinderace
|-damage|p1a: Cinderace|1/100
|-heal|p2a: Hatterene|96/100|[from] drain|[of] p1a: Cinderace
|
|-heal|p1a: Cinderace|7/100|[from] item: Leftovers
|-heal|p2a: Hatterene|100/100|[from] item: Leftovers
|upkeep
|turn|6
|c|☆Digga Darby|u turn
|c|☆Digga Darby|go u turn
|
|t:|1769321167
|move|p1a: Cinderace|Facade|p2a: Hatterene
|-damage|p2a: Hatterene|77/100
|move|p2a: Hatterene|Draining Kiss|p1a: Cinderace
|-damage|p1a: Cinderace|0 fnt
|-heal|p2a: Hatterene|82/100|[from] drain|[of] p1a: Cinderace
|faint|p1a: Cinderace
|
|-heal|p2a: Hatterene|88/100|[from] item: Leftovers
|upkeep
|c|☆Digga Darby|idiot
|
|t:|1769321185
|switch|p1a: Garganacl|Garganacl, M|100/100
|turn|7
|
|t:|1769321212
|move|p1a: Garganacl|Salt Cure|p2a: Hatterene
|-damage|p2a: Hatterene|73/100
|-start|p2a: Hatterene|Salt Cure
|move|p2a: Hatterene|Draining Kiss|p1a: Garganacl
|-damage|p1a: Garganacl|79/100
|-heal|p2a: Hatterene|92/100|[from] drain|[of] p1a: Garganacl
|
|-heal|p2a: Hatterene|98/100|[from] item: Leftovers
|-damage|p2a: Hatterene|86/100|[from] Salt Cure
|upkeep
|turn|8
|
|t:|1769321225
|move|p1a: Garganacl|Earthquake|p2a: Hatterene
|-damage|p2a: Hatterene|66/100
|move|p2a: Hatterene|Draining Kiss|p1a: Garganacl
|-damage|p1a: Garganacl|56/100
|-heal|p2a: Hatterene|86/100|[from] drain|[of] p1a: Garganacl
|
|-heal|p2a: Hatterene|92/100|[from] item: Leftovers
|-damage|p2a: Hatterene|80/100|[from] Salt Cure
|upkeep
|turn|9
|
|t:|1769321234
|move|p1a: Garganacl|Flash Cannon|p2a: Hatterene
|-supereffective|p2a: Hatterene
|-damage|p2a: Hatterene|54/100
|move|p2a: Hatterene|Draining Kiss|p1a: Garganacl
|-damage|p1a: Garganacl|33/100
|-heal|p2a: Hatterene|75/100|[from] drain|[of] p1a: Garganacl
|
|-heal|p2a: Hatterene|81/100|[from] item: Leftovers
|-damage|p2a: Hatterene|68/100|[from] Salt Cure
|upkeep
|turn|10
|
|t:|1769321248
|move|p1a: Garganacl|Flash Cannon|p2a: Hatterene
|-supereffective|p2a: Hatterene
|-damage|p2a: Hatterene|43/100
|move|p2a: Hatterene|Psychic Noise|p1a: Garganacl
|-damage|p1a: Garganacl|0 fnt
|faint|p1a: Garganacl
|
|-heal|p2a: Hatterene|49/100|[from] item: Leftovers
|-damage|p2a: Hatterene|37/100|[from] Salt Cure
|upkeep
|
|t:|1769321259
|switch|p1a: Walking Wake|Walking Wake|100/100
|turn|11
|
|t:|1769321266
|move|p1a: Walking Wake|Facade|p2a: Hatterene
|-damage|p2a: Hatterene|25/100
|move|p2a: Hatterene|Draining Kiss|p1a: Walking Wake
|-supereffective|p1a: Walking Wake
|-damage|p1a: Walking Wake|51/100
|-heal|p2a: Hatterene|67/100|[from] drain|[of] p1a: Walking Wake
|
|-heal|p2a: Hatterene|73/100|[from] item: Leftovers
|-damage|p2a: Hatterene|61/100|[from] Salt Cure
|upkeep
|turn|12
|
|t:|1769321277
|move|p2a: Hatterene|Draining Kiss|p1a: Walking Wake
|-supereffective|p1a: Walking Wake
|-damage|p1a: Walking Wake|0 fnt
|-heal|p2a: Hatterene|100/100|[from] drain|[of] p1a: Walking Wake
|faint|p1a: Walking Wake
|-end|p1a: Walking Wake|Protosynthesis|[silent]
|
|-damage|p2a: Hatterene|88/100|[from] Salt Cure
|upkeep
|c|☆Digga Darby|ball game lil guy
|
|t:|1769321285
|switch|p1a: Darkrai|Darkrai|100/100
|turn|13
|
|t:|1769321308
|move|p1a: Darkrai|Foul Play|p2a: Hatterene
|-damage|p2a: Hatterene|67/100
|move|p2a: Hatterene|Psychic Noise|p1a: Darkrai
|-immune|p1a: Darkrai
|
|-heal|p2a: Hatterene|73/100|[from] item: Leftovers
|-damage|p2a: Hatterene|61/100|[from] Salt Cure
|upkeep
|turn|14
|
|t:|1769321319
|move|p1a: Darkrai|Drain Punch|p2a: Hatterene
|-resisted|p2a: Hatterene
|-damage|p2a: Hatterene|57/100
|move|p2a: Hatterene|Draining Kiss|p1a: Darkrai
|-supereffective|p1a: Darkrai
|-damage|p1a: Darkrai|49/100
|-heal|p2a: Hatterene|95/100|[from] drain|[of] p1a: Darkrai
|
|-heal|p2a: Hatterene|100/100|[from] item: Leftovers
|-damage|p2a: Hatterene|88/100|[from] Salt Cure
|upkeep
|turn|15
|
|t:|1769321331
|move|p1a: Darkrai|Psyshock|p2a: Hatterene
|-resisted|p2a: Hatterene
|-damage|p2a: Hatterene|76/100
|move|p2a: Hatterene|Draining Kiss|p1a: Darkrai
|-supereffective|p1a: Darkrai
|-damage|p1a: Darkrai|0 fnt
|-heal|p2a: Hatterene|100/100|[from] drain|[of] p1a: Darkrai
|faint|p1a: Darkrai
|
|-damage|p2a: Hatterene|88/100|[from] Salt Cure
|upkeep
|
|t:|1769321340
|switch|p1a: Dragonite|Dragonite, F|100/100
|turn|16
|
|t:|1769321349
|move|p1a: Dragonite|Draco Meteor|p2a: Hatterene
|-immune|p2a: Hatterene
|move|p2a: Hatterene|Draining Kiss|p1a: Dragonite
|-supereffective|p1a: Dragonite
|-damage|p1a: Dragonite|54/100
|-heal|p2a: Hatterene|100/100|[from] drain|[of] p1a: Dragonite
|
|-heal|p1a: Dragonite|60/100|[from] item: Leftovers
|-damage|p2a: Hatterene|88/100|[from] Salt Cure
|upkeep
|turn|17
|
|t:|1769321363
|move|p1a: Dragonite|Aqua Tail|p2a: Hatterene|[miss]
|-miss|p1a: Dragonite|p2a: Hatterene
|move|p2a: Hatterene|Draining Kiss|p1a: Dragonite
|-supereffective|p1a: Dragonite
|-damage|p1a: Dragonite|12/100
|-heal|p2a: Hatterene|100/100|[from] drain|[of] p1a: Dragonite
|
|-heal|p1a: Dragonite|18/100|[from] item: Leftovers
|-damage|p2a: Hatterene|88/100|[from] Salt Cure
|upkeep
|turn|18
|
|t:|1769321372
|move|p1a: Dragonite|Aqua Tail|p2a: Hatterene
|-damage|p2a: Hatterene|67/100
|move|p2a: Hatterene|Draining Kiss|p1a: Dragonite
|-supereffective|p1a: Dragonite
|-damage|p1a: Dragonite|0 fnt
|-heal|p2a: Hatterene|82/100|[from] drain|[of] p1a: Dragonite
|faint|p1a: Dragonite
|
|win|Digga Darby
|l|☆VryFry
|player|p1|
