|j|☆iliketobehome
|j|☆eltitoguille
|t:|1769447451
|gametype|singles
|player|p1|iliketobehome|169|1565
|player|p2|eltitoguille|101|1584
|gen|9
|tier|[Gen 9] OU
|rated|
|rule|HP Percentage Mod: HP is shown in percentages
|rule|Endless Battle Clause: Forcing endless battles is banned
|rule|Species Clause: Limit one of each Pokémon
|rule|OHKO Clause: OHKO moves are banned
|rule|Evasion Items Clause: Evasion items are banned
|rule|Evasion Moves Clause: Evasion moves are banned
|rule|Evasion Abilities Clause: Evasion abilities are banned
|rule|Sleep Moves Clause: Sleep-inducing moves are banned
|clearpoke
|poke|p1|Iron Moth|
|poke|p1|Rillaboom, M|
|poke|p1|Hatterene, F|
|poke|p1|Landorus-Therian, M|
|poke|p1|Kingambit, M|
|poke|p1|Alomomola, M|
|poke|p2|Zapdos-Galar|
|poke|p2|Blissey, F|
|poke|p2|Darkrai|
|poke|p2|Gliscor, F|
|poke|p2|Skarmory, M|
|poke|p2|Pecharunt|
|teampreview
|
|t:|1769447462
|teamsize|p1|6
|teamsize|p2|6
|start
|switch|p1a: Alomomola|Alomomola, M|100/100
|switch|p2a: Da Kicker|Zapdos-Galar|100/100
|turn|1
|
|t:|1769447467
|move|p2a: Da Kicker|Knock Off|p1a: Alomomola
|-damage|p1a: Alomomola|65/100
|-enditem|p1a: Alomomola|Assault Vest|[from] move: Knock Off|[of] p2a: Da Kicker
|move|p1a: Alomomola|Flip Turn|p2a: Da Kicker
|-damage|p2a: Da Kicker|81/100
|
|t:|1769447509
|switch|p1a: Rillaboom|Rillaboom, M|100/100|[from] Flip Turn
|-fieldstart|move: Grassy Terrain|[from] ability: Grassy Surge|[of] p1a: Rillaboom
|
|upkeep
|turn|2
|inactive|Battle timer is ON: inactive players will automatically lose when time's up. (requested by iliketobehome)
|
|t:|1769447532
|switch|p2a: Skarmory|Skarmory, M|100/100
|switch|p1a: Hatterene|Hatterene, F|100/100
|-enditem|p1a: Hatterene|Grassy Seed
|-boost|p1a: Hatterene|def|1|[from] item: Grassy Seed
|
|upkeep
|turn|3
|
|t:|1769447546
|switch|p2a: Darkrai|Darkrai|100/100
|move|p1a: Hatterene|Calm Mind|p1a: Hatterene
|-boost|p1a: Hatterene|spa|1
|-boost|p1a: Hatterene|spd|1
|
|upkeep
|turn|4
|
|t:|1769447551
|-terastallize|p2a: Darkrai|Poison
|move|p2a: Darkrai|Sludge Bomb|p1a: Hatterene
|-supereffective|p1a: Hatterene
|-damage|p1a: Hatterene|36/100
|-status|p1a: Hatterene|psn
|move|p1a: Hatterene|Draining Kiss|p2a: Darkrai
|-resisted|p2a: Darkrai
|-damage|p2a: Darkrai|79/100
|-heal|p1a: Hatterene|50/100 psn|[from] drain|[of] p2a: Darkrai
|
|-heal|p2a: Darkrai|85/100|[from] Grassy Terrain
|-heal|p1a: Hatterene|56/100 psn|[from] Grassy Terrain
|-damage|p1a: Hatterene|44/100 psn|[from] psn
|upkeep
|turn|5
|
|t:|1769447559
|-terastallize|p1a: Hatterene|Water
|move|p2a: Darkrai|Sludge Bomb|p1a: Hatterene
|-damage|p1a: Hatterene|7/100 psn
|move|p1a: Hatterene|Psyshock|p2a: Darkrai
|-supereffective|p2a: Darkrai
|-damage|p2a: Darkrai|0 fnt
|faint|p2a: Darkrai
|
|-heal|p1a: Hatterene|13/100 psn|[from] Grassy Terrain
|-damage|p1a: Hatterene|0 fnt|[from] psn
|faint|p1a: Hatterene
|upkeep
|
|t:|1769447578
|switch|p2a: Da Kicker|Zapdos-Galar|81/100
|switch|p1a: Alomomola|Alomomola, M|98/100
|turn|6
|
|t:|1769447584
|move|p2a: Da Kicker|U-turn|p1a: Alomomola
|-damage|p1a: Alomomola|71/100
|
|t:|1769447586
|switch|p2a: Skarmory|Skarmory, M|100/100|[from] U-turn
|move|p1a: Alomomola|Flip Turn|p2a: Skarmory
|-damage|p2a: Skarmory|89/100
|-damage|p1a: Alomomola|54/100|[from] item: Rocky Helmet|[of] p2a: Skarmory
|
|t:|1769447590
|switch|p1a: Iron Moth|Iron Moth|100/100|[from] Flip Turn
|
|upkeep
|turn|7
|
|t:|1769447598
|switch|p2a: Blissey|Blissey, F|100/100
|move|p1a: Iron Moth|Fiery Dance|p2a: Blissey
|-damage|p2a: Blissey|79/100
|-boost|p1a: Iron Moth|spa|1
|
|-heal|p2a: Blissey|85/100|[from] Grassy Terrain
|upkeep
|turn|8
|
|t:|1769447603
|move|p1a: Iron Moth|Fiery Dance|p2a: Blissey
|-damage|p2a: Blissey|55/100
|move|p2a: Blissey|Seismic Toss|p1a: Iron Moth
|-damage|p1a: Iron Moth|67/100
|
|-heal|p1a: Iron Moth|73/100|[from] Grassy Terrain
|-heal|p2a: Blissey|61/100|[from] Grassy Terrain
|-fieldend|move: Grassy Terrain
|upkeep
|turn|9
|
|t:|1769447609
|move|p1a: Iron Moth|Fiery Dance|p2a: Blissey
|-damage|p2a: Blissey|30/100
|move|p2a: Blissey|Thunder Wave|p1a: Iron Moth
|-status|p1a: Iron Moth|par
|
|upkeep
|turn|10
|
|t:|1769447619
|move|p1a: Iron Moth|Fiery Dance|p2a: Blissey
|-damage|p2a: Blissey|0 fnt
|faint|p2a: Blissey
|
|upkeep
|
|t:|1769447624
|switch|p2a: Da Kicker|Zapdos-Galar|81/100
|turn|11
|
|t:|1769447634
|-end|p1a: Iron Moth|Quark Drive|[silent]
|switch|p1a: Landorus|Landorus-Therian, M|100/100
|-ability|p1a: Landorus|Intimidate|boost
|-unboost|p2a: Da Kicker|atk|1
|-ability|p2a: Da Kicker|Defiant|boost
|-boost|p2a: Da Kicker|atk|2
|move|p2a: Da Kicker|Brave Bird|p1a: Landorus
|-damage|p1a: Landorus|0 fnt
|-damage|p2a: Da Kicker|65/100|[from] item: Rocky Helmet|[of] p1a: Landorus
|faint|p1a: Landorus
|-damage|p2a: Da Kicker|26/100|[from] Recoil
|
|upkeep
|c|☆iliketobehome|forgot about that ability
|
|t:|1769447657
|switch|p1a: Kingambit|Kingambit, M|100/100
|-activate|p1a: Kingambit|ability: Supreme Overlord
|-start|p1a: Kingambit|fallen2|[silent]
|turn|12
|
|t:|1769447664
|move|p2a: Da Kicker|Brave Bird|p1a: Kingambit
|-resisted|p1a: Kingambit
|-damage|p1a: Kingambit|54/100
|-damage|p2a: Da Kicker|7/100|[from] Recoil
|move|p1a: Kingambit|Swords Dance|p1a: Kingambit
|-boost|p1a: Kingambit|atk|2
|
|-heal|p1a: Kingambit|60/100|[from] item: Leftovers
|upkeep
|turn|13
|
|t:|1769447668
|move|p1a: Kingambit|Sucker Punch|p2a: Da Kicker
|-resisted|p2a: Da Kicker
|-damage|p2a: Da Kicker|0 fnt
|faint|p2a: Da Kicker
|
|-heal|p1a: Kingambit|66/100|[from] item: Leftovers
|upkeep
|
|t:|1769447669
|switch|p2a: Skarmory|Skarmory, M|89/100
|turn|14
|
|t:|1769447682
|-end|p1a: Kingambit|fallen2|[silent]
|switch|p1a: Iron Moth|Iron Moth|73/100 par
|move|p2a: Skarmory|Body Press|p1a: Iron Moth
|-resisted|p1a: Iron Moth
|-damage|p1a: Iron Moth|49/100 par
|
|upkeep
|turn|15
|
|t:|1769447688
|switch|p2a: Gliscor|Gliscor, F|100/100
|move|p1a: Iron Moth|Fiery Dance|p2a: Gliscor
|-damage|p2a: Gliscor|35/100
|-boost|p1a: Iron Moth|spa|1
|
|-status|p2a: Gliscor|tox|[from] item: Toxic Orb
|upkeep
|turn|16
|
|t:|1769447699
|-end|p1a: Iron Moth|Quark Drive|[silent]
|switch|p1a: Alomomola|Alomomola, M|88/100
|move|p2a: Gliscor|Protect||[still]
|-fail|p2a: Gliscor
|
|-heal|p2a: Gliscor|47/100 tox|[from] ability: Poison Heal
|upkeep
|turn|17
|
|t:|1769447703
|move|p2a: Gliscor|Protect|p2a: Gliscor
|-singleturn|p2a: Gliscor|Protect
|move|p1a: Alomomola|Flip Turn|p2a: Gliscor
|-activate|p2a: Gliscor|move: Protect
|
|-heal|p2a: Gliscor|60/100 tox|[from] ability: Poison Heal
|upkeep
|turn|18
|
|t:|1769447709
|move|p2a: Gliscor|Swords Dance|p2a: Gliscor
|-boost|p2a: Gliscor|atk|2
|move|p1a: Alomomola|Flip Turn|p2a: Gliscor
|-supereffective|p2a: Gliscor
|-damage|p2a: Gliscor|35/100 tox
|
|t:|1769447714
|switch|p1a: Rillaboom|Rillaboom, M|100/100|[from] Flip Turn
|-fieldstart|move: Grassy Terrain|[from] ability: Grassy Surge|[of] p1a: Rillaboom
|
|-heal|p2a: Gliscor|48/100 tox|[from] ability: Poison Heal
|upkeep
|turn|19
|
|t:|1769447724
|move|p2a: Gliscor|Protect|p2a: Gliscor
|-singleturn|p2a: Gliscor|Protect
|move|p1a: Rillaboom|Grassy Glide|p2a: Gliscor
|-activate|p2a: Gliscor|move: Protect
|
|-heal|p2a: Gliscor|60/100 tox|[from] ability: Poison Heal
|upkeep
|turn|20
|
|t:|1769447738
|switch|p2a: Pecharunt|Pecharunt|100/100
|-item|p2a: Pecharunt|Air Balloon
|move|p1a: Rillaboom|Grassy Glide|p2a: Pecharunt
|-resisted|p2a: Pecharunt
|-damage|p2a: Pecharunt|87/100
|-enditem|p2a: Pecharunt|Air Balloon
|
|-heal|p2a: Pecharunt|93/100|[from] Grassy Terrain
|upkeep
|turn|21
|
|t:|1769447751
|move|p2a: Pecharunt|Parting Shot|p1a: Rillaboom
|-unboost|p1a: Rillaboom|atk|1
|-unboost|p1a: Rillaboom|spa|1
|
|t:|1769447756
|switch|p2a: Skarmory|Skarmory, M|89/100|[from] Parting Shot
|move|p1a: Rillaboom|U-turn|p2a: Skarmory
|-resisted|p2a: Skarmory
|-damage|p2a: Skarmory|87/100
|-damage|p1a: Rillaboom|84/100|[from] item: Rocky Helmet|[of] p2a: Skarmory
|
|t:|1769447758
|switch|p1a: Iron Moth|Iron Moth|49/100 par|[from] U-turn
|
|-heal|p1a: Iron Moth|55/100 par|[from] Grassy Terrain
|upkeep
|turn|22
|
|t:|1769447780
|switch|p2a: Pecharunt|Pecharunt|93/100
|move|p1a: Iron Moth|Overheat|p2a: Pecharunt
|-damage|p2a: Pecharunt|0 fnt
|-unboost|p1a: Iron Moth|spa|2
|faint|p2a: Pecharunt
|
|-heal|p1a: Iron Moth|61/100 par|[from] Grassy Terrain
|upkeep
|
|t:|1769447790
|switch|p2a: Gliscor|Gliscor, F|60/100 tox
|turn|23
|
|t:|1769447797
|-end|p1a: Iron Moth|Quark Drive|[silent]
|switch|p1a: Rillaboom|Rillaboom, M|84/100
|move|p2a: Gliscor|Swords Dance|p2a: Gliscor
|-boost|p2a: Gliscor|atk|2
|
|-heal|p1a: Rillaboom|90/100|[from] Grassy Terrain
|-heal|p2a: Gliscor|73/100 tox|[from] ability: Poison Heal
|upkeep
|turn|24
|
|t:|1769447800
|move|p2a: Gliscor|Protect|p2a: Gliscor
|-singleturn|p2a: Gliscor|Protect
|move|p1a: Rillaboom|Grassy Glide|p2a: Gliscor
|-activate|p2a: Gliscor|move: Protect
|
|-heal|p1a: Rillaboom|96/100|[from] Grassy Terrain
|-heal|p2a: Gliscor|85/100 tox|[from] ability: Poison Heal
|upkeep
|turn|25
|
|t:|1769447805
|move|p2a: Gliscor|Facade|p1a: Rillaboom
|-damage|p1a: Rillaboom|34/100
|move|p1a: Rillaboom|U-turn|p2a: Gliscor
|-resisted|p2a: Gliscor
|-damage|p2a: Gliscor|75/100 tox
|
|t:|1769447809
|switch|p1a: Alomomola|Alomomola, M|100/100|[from] U-turn
|
|-heal|p2a: Gliscor|88/100 tox|[from] ability: Poison Heal
|-fieldend|move: Grassy Terrain
|upkeep
|turn|26
|
|t:|1769447814
|move|p2a: Gliscor|Protect|p2a: Gliscor
|-singleturn|p2a: Gliscor|Protect
|move|p1a: Alomomola|Flip Turn|p2a: Gliscor
|-activate|p2a: Gliscor|move: Protect
|
|-heal|p2a: Gliscor|100/100 tox|[from] ability: Poison Heal
|upkeep
|turn|27
|
|t:|1769447816
|move|p2a: Gliscor|Swords Dance|p2a: Gliscor
|-boost|p2a: Gliscor|atk|2
|move|p1a: Alomomola|Flip Turn|p2a: Gliscor
|-supereffective|p2a: Gliscor
|-damage|p2a: Gliscor|77/100 tox
|
|t:|1769447817
|switch|p1a: Rillaboom|Rillaboom, M|34/100|[from] Flip Turn
|-fieldstart|move: Grassy Terrain|[from] ability: Grassy Surge|[of] p1a: Rillaboom
|
|-heal|p1a: Rillaboom|40/100|[from] Grassy Terrain
|-heal|p2a: Gliscor|89/100 tox|[from] ability: Poison Heal
|upkeep
|turn|28
|
|t:|1769447819
|move|p2a: Gliscor|Protect|p2a: Gliscor
|-singleturn|p2a: Gliscor|Protect
|move|p1a: Rillaboom|Grassy Glide|p2a: Gliscor
|-activate|p2a: Gliscor|move: Protect
|
|-heal|p1a: Rillaboom|46/100|[from] Grassy Terrain
|-heal|p2a: Gliscor|100/100 tox|[from] ability: Poison Heal
|upkeep
|turn|29
|
|t:|1769447823
|move|p1a: Rillaboom|Grassy Glide|p2a: Gliscor
|-damage|p2a: Gliscor|69/100 tox
|move|p2a: Gliscor|Facade|p1a: Rillaboom
|-damage|p1a: Rillaboom|0 fnt
|faint|p1a: Rillaboom
|
|-heal|p2a: Gliscor|81/100 tox|[from] ability: Poison Heal
|upkeep
|
|t:|1769447829
|switch|p1a: Iron Moth|Iron Moth|61/100 par
|turn|30
|
|t:|1769447834
|move|p2a: Gliscor|Facade|p1a: Iron Moth
|-damage|p1a: Iron Moth|0 fnt
|faint|p1a: Iron Moth
|-end|p1a: Iron Moth|Quark Drive|[silent]
|
|-heal|p2a: Gliscor|94/100 tox|[from] ability: Poison Heal
|upkeep
|-message|iliketobehome forfeited.
|
|win|eltitoguille
|raw|iliketobehome's rating: 1565 &rarr; <strong>1546</strong><br />(-19 for losing)
|raw|eltitoguille's rating: 1584 &rarr; <strong>1603</strong><br />(+19 for winning)
|l|☆iliketobehome
|player|p1|
|l|☆eltitoguille
|player|p2|
