|j|☆OR1IIII
|j|☆Pearl Loose
|t:|1769326693
|gametype|singles
|player|p1|OR1IIII|lucas-gen4pt|1253
|player|p2|Pearl Loose|picnicker|1249
|gen|9
|tier|[Gen 9] OU
|rated|
|rule|HP Percentage Mod: HP is shown in percentages
|rule|Endless Battle Clause: Forcing endless battles is banned
|rule|Species Clause: Limit one of each Pokémon
|rule|OHKO Clause: OHKO moves are banned
|rule|Evasion Items Clause: Evasion items are banned
|rule|Evasion Moves Clause: Evasion moves are banned
|rule|Evasion Abilities Clause: Evasion abilities are banned
|rule|Sleep Moves Clause: Sleep-inducing moves are banned
|clearpoke
|poke|p1|Gholdengo|
|poke|p1|Ogerpon, F|
|poke|p1|Rillaboom, F|
|poke|p1|Samurott-Hisui, M|
|poke|p1|Glimmora, F|
|poke|p1|Raging Bolt|
|poke|p2|Ninetales-Alola, M|
|poke|p2|Gholdengo|
|poke|p2|Hydrapple, M|
|poke|p2|Maushold-Four|
|poke|p2|Grimmsnarl, M|
|poke|p2|Ursaluna, F|
|teampreview
|
|t:|1769326708
|teamsize|p1|6
|teamsize|p2|6
|start
|switch|p1a: Gholdengo|Gholdengo|100/100
|switch|p2a: Ninetales|Ninetales-Alola, M|100/100
|-weather|Snowscape|[from] ability: Snow Warning|[of] p2a: Ninetales
|turn|1
|
|t:|1769326723
|-terastallize|p2a: Ninetales|Ice
|move|p2a: Ninetales|Aurora Veil|p2a: Ninetales
|-sidestart|p2: Pearl Loose|move: Aurora Veil
|move|p1a: Gholdengo|Nasty Plot|p1a: Gholdengo
|-boost|p1a: Gholdengo|spa|2
|
|-weather|Snowscape|[upkeep]
|upkeep
|turn|2
|
|t:|1769326732
|switch|p2a: Ursaluna|Ursaluna, F|100/100
|move|p1a: Gholdengo|Shadow Ball|p2a: Ursaluna
|-immune|p2a: Ursaluna
|
|-weather|Snowscape|[upkeep]
|-status|p2a: Ursaluna|brn|[from] item: Flame Orb
|upkeep
|turn|3
|
|t:|1769326743
|-terastallize|p1a: Gholdengo|Fairy
|move|p1a: Gholdengo|Dazzling Gleam|p2a: Ursaluna
|-damage|p2a: Ursaluna|72/100 brn
|move|p2a: Ursaluna|Earthquake|p1a: Gholdengo
|-damage|p1a: Gholdengo|40/100
|
|-weather|Snowscape|[upkeep]
|-damage|p2a: Ursaluna|66/100 brn|[from] brn
|upkeep
|turn|4
|
|t:|1769326761
|switch|p1a: Rillaboom|Rillaboom, F|100/100
|-fieldstart|move: Grassy Terrain|[from] ability: Grassy Surge|[of] p1a: Rillaboom
|move|p2a: Ursaluna|Facade|p1a: Rillaboom
|-damage|p1a: Rillaboom|0 fnt
|faint|p1a: Rillaboom
|
|-weather|Snowscape|[upkeep]
|-heal|p2a: Ursaluna|72/100 brn|[from] Grassy Terrain
|-damage|p2a: Ursaluna|66/100 brn|[from] brn
|upkeep
|
|t:|1769326768
|switch|p1a: Ogerpon|Ogerpon, F|100/100
|turn|5
|
|t:|1769326776
|switch|p2a: Hydrapple|Hydrapple, M|100/100
|move|p1a: Ogerpon|Ivy Cudgel|p2a: Hydrapple
|-resisted|p2a: Hydrapple
|-damage|p2a: Hydrapple|92/100
|
|-weather|none
|-heal|p2a: Hydrapple|98/100|[from] Grassy Terrain
|-heal|p2a: Hydrapple|100/100|[from] item: Leftovers
|upkeep
|turn|6
|
|t:|1769326796
|switch|p1a: Samurott|Samurott-Hisui, M|100/100
|move|p2a: Hydrapple|Nasty Plot|p2a: Hydrapple
|-boost|p2a: Hydrapple|spa|2
|
|upkeep
|turn|7
|
|t:|1769326802
|move|p1a: Samurott|Ceaseless Edge|p2a: Hydrapple
|-damage|p2a: Hydrapple|86/100
|-sidestart|p2: Pearl Loose|Spikes
|move|p2a: Hydrapple|Giga Drain|p1a: Samurott
|-supereffective|p1a: Samurott
|-damage|p1a: Samurott|0 fnt
|-heal|p2a: Hydrapple|100/100|[from] drain|[of] p1a: Samurott
|faint|p1a: Samurott
|
|upkeep
|
|t:|1769326810
|switch|p1a: Glimmora|Glimmora, F|100/100
|turn|8
|
|t:|1769326816
|move|p1a: Glimmora|Mortal Spin|p2a: Hydrapple
|-supereffective|p2a: Hydrapple
|-damage|p2a: Hydrapple|96/100
|-status|p2a: Hydrapple|psn
|move|p2a: Hydrapple|Giga Drain|p1a: Glimmora
|-damage|p1a: Glimmora|22/100
|-heal|p2a: Hydrapple|100/100 psn|[from] drain|[of] p1a: Glimmora
|-enditem|p1a: Glimmora|Red Card|[of] p2a: Hydrapple
|drag|p2a: Maushold|Maushold-Four|100/100
|-damage|p2a: Maushold|88/100|[from] Spikes
|
|-heal|p2a: Maushold|94/100|[from] Grassy Terrain
|-heal|p2a: Maushold|100/100|[from] item: Leftovers
|-heal|p1a: Glimmora|29/100|[from] Grassy Terrain
|-sideend|p2: Pearl Loose|move: Aurora Veil
|-fieldend|move: Grassy Terrain
|upkeep
|turn|9
|
|t:|1769326833
|move|p2a: Maushold|Tidy Up|p2a: Maushold
|-sideend|p2: Pearl Loose|Spikes
|-activate|p2a: Maushold|move: Tidy Up
|-boost|p2a: Maushold|atk|1
|-boost|p2a: Maushold|spe|1
|move|p1a: Glimmora|Power Gem|p2a: Maushold
|-damage|p2a: Maushold|66/100
|
|-heal|p2a: Maushold|72/100|[from] item: Leftovers
|upkeep
|turn|10
|
|t:|1769326844
|move|p2a: Maushold|Tidy Up|p2a: Maushold
|-boost|p2a: Maushold|atk|1
|-boost|p2a: Maushold|spe|1
|move|p1a: Glimmora|Mortal Spin|p2a: Maushold
|-damage|p2a: Maushold|65/100
|-status|p2a: Maushold|psn
|
|-heal|p2a: Maushold|72/100 psn|[from] item: Leftovers
|-damage|p2a: Maushold|59/100 psn|[from] psn
|upkeep
|turn|11
|
|t:|1769326855
|move|p2a: Maushold|Population Bomb|p1a: Glimmora|[miss]
|-miss|p2a: Maushold|p1a: Glimmora
|move|p1a: Glimmora|Stealth Rock|p2a: Maushold
|-sidestart|p2: Pearl Loose|move: Stealth Rock
|
|-heal|p2a: Maushold|65/100 psn|[from] item: Leftovers
|-damage|p2a: Maushold|53/100 psn|[from] psn
|upkeep
|turn|12
|
|t:|1769326865
|move|p2a: Maushold|Population Bomb|p1a: Glimmora
|-resisted|p1a: Glimmora
|-damage|p1a: Glimmora|21/100
|-activate|p1a: Glimmora|ability: Toxic Debris
|-sidestart|p2: Pearl Loose|move: Toxic Spikes
|-resisted|p1a: Glimmora
|-damage|p1a: Glimmora|15/100
|-activate|p1a: Glimmora|ability: Toxic Debris
|-sidestart|p2: Pearl Loose|move: Toxic Spikes
|-resisted|p1a: Glimmora
|-damage|p1a: Glimmora|8/100
|-resisted|p1a: Glimmora
|-damage|p1a: Glimmora|0 fnt
|faint|p1a: Glimmora
|-hitcount|p1: Glimmora|4
|
|-heal|p2a: Maushold|59/100 psn|[from] item: Leftovers
|-damage|p2a: Maushold|47/100 psn|[from] psn
|upkeep
|
|t:|1769326868
|switch|p1a: Raging Bolt|Raging Bolt|100/100
|-enditem|p1a: Raging Bolt|Booster Energy
|-activate|p1a: Raging Bolt|ability: Protosynthesis|[fromitem]
|-start|p1a: Raging Bolt|protosynthesisspa
|turn|13
|
|t:|1769326886
|move|p1a: Raging Bolt|Thunderclap||[still]
|-fail|p1a: Raging Bolt
|move|p2a: Maushold|Tidy Up|p2a: Maushold
|-sideend|p2: Pearl Loose|Toxic Spikes
|-sideend|p2: Pearl Loose|Stealth Rock
|-activate|p2a: Maushold|move: Tidy Up
|-boost|p2a: Maushold|atk|1
|-boost|p2a: Maushold|spe|1
|
|-heal|p2a: Maushold|53/100 psn|[from] item: Leftovers
|-damage|p2a: Maushold|40/100 psn|[from] psn
|upkeep
|turn|14
|
|t:|1769326897
|move|p1a: Raging Bolt|Thunderclap||[still]
|-fail|p1a: Raging Bolt
|move|p2a: Maushold|Tidy Up|p2a: Maushold
|-boost|p2a: Maushold|atk|1
|-boost|p2a: Maushold|spe|1
|
|-heal|p2a: Maushold|47/100 psn|[from] item: Leftovers
|-damage|p2a: Maushold|34/100 psn|[from] psn
|upkeep
|turn|15
|
|t:|1769326907
|move|p1a: Raging Bolt|Thunderclap|p2a: Maushold
|-damage|p2a: Maushold|0 fnt
|faint|p2a: Maushold
|
|upkeep
|
|t:|1769326912
|switch|p2a: Ninetales|Ninetales-Alola, M, tera:Ice|100/100
|-weather|Snowscape|[from] ability: Snow Warning|[of] p2a: Ninetales
|turn|16
|
|t:|1769326917
|move|p2a: Ninetales|Aurora Veil|p2a: Ninetales
|-sidestart|p2: Pearl Loose|move: Aurora Veil
|move|p1a: Raging Bolt|Calm Mind|p1a: Raging Bolt
|-boost|p1a: Raging Bolt|spa|1
|-boost|p1a: Raging Bolt|spd|1
|
|-weather|Snowscape|[upkeep]
|upkeep
|turn|17
|
|t:|1769326924
|move|p2a: Ninetales|Nasty Plot|p2a: Ninetales
|-boost|p2a: Ninetales|spa|2
|move|p1a: Raging Bolt|Calm Mind|p1a: Raging Bolt
|-boost|p1a: Raging Bolt|spa|1
|-boost|p1a: Raging Bolt|spd|1
|
|-weather|Snowscape|[upkeep]
|upkeep
|turn|18
|
|t:|1769326932
|move|p2a: Ninetales|Freeze-Dry|p1a: Raging Bolt
|-supereffective|p1a: Raging Bolt
|-damage|p1a: Raging Bolt|53/100
|move|p1a: Raging Bolt|Thunderbolt|p2a: Ninetales
|-damage|p2a: Ninetales|24/100
|
|-weather|Snowscape|[upkeep]
|upkeep
|turn|19
|
|t:|1769326941
|move|p1a: Raging Bolt|Thunderclap|p2a: Ninetales
|-crit|p2a: Ninetales
|-damage|p2a: Ninetales|0 fnt
|faint|p2a: Ninetales
|
|-weather|Snowscape|[upkeep]
|upkeep
|
|t:|1769326950
|switch|p2a: Grimmsnarl|Grimmsnarl, M|100/100
|turn|20
|
|t:|1769326955
|move|p2a: Grimmsnarl|Light Screen|p2a: Grimmsnarl
|-sidestart|p2: Pearl Loose|move: Light Screen
|move|p1a: Raging Bolt|Thunderbolt|p2a: Grimmsnarl
|-damage|p2a: Grimmsnarl|52/100
|
|-weather|none
|upkeep
|turn|21
|
|t:|1769326962
|move|p2a: Grimmsnarl|Parting Shot|p1a: Raging Bolt
|-unboost|p1a: Raging Bolt|atk|1
|-unboost|p1a: Raging Bolt|spa|1
|
|t:|1769326965
|switch|p2a: Ursaluna|Ursaluna, F|66/100 brn|[from] Parting Shot
|move|p1a: Raging Bolt|Thunderbolt|p2a: Ursaluna
|-immune|p2a: Ursaluna
|
|-damage|p2a: Ursaluna|60/100 brn|[from] brn
|upkeep
|turn|22
|
|t:|1769326974
|move|p1a: Raging Bolt|Dragon Pulse|p2a: Ursaluna
|-damage|p2a: Ursaluna|21/100 brn
|move|p2a: Ursaluna|Earthquake|p1a: Raging Bolt
|-supereffective|p1a: Raging Bolt
|-damage|p1a: Raging Bolt|0 fnt
|faint|p1a: Raging Bolt
|-end|p1a: Raging Bolt|Protosynthesis|[silent]
|
|-damage|p2a: Ursaluna|15/100 brn|[from] brn
|upkeep
|
|t:|1769326982
|switch|p1a: Gholdengo|Gholdengo, tera:Fairy|40/100
|turn|23
|
|t:|1769326987
|move|p1a: Gholdengo|Dazzling Gleam|p2a: Ursaluna
|-crit|p2a: Ursaluna
|-damage|p2a: Ursaluna|0 fnt
|faint|p2a: Ursaluna
|
|-sideend|p2: Pearl Loose|move: Aurora Veil
|upkeep
|
|t:|1769326993
|switch|p2a: Hydrapple|Hydrapple, M|100/100 psn
|turn|24
|
|t:|1769326998
|move|p1a: Gholdengo|Recover|p1a: Gholdengo
|-heal|p1a: Gholdengo|90/100
|move|p2a: Hydrapple|Giga Drain|p1a: Gholdengo
|-damage|p1a: Gholdengo|54/100
|
|-damage|p2a: Hydrapple|88/100 psn|[from] psn
|upkeep
|turn|25
|
|t:|1769327007
|move|p1a: Gholdengo|Recover|p1a: Gholdengo
|-heal|p1a: Gholdengo|100/100
|move|p2a: Hydrapple|Nasty Plot|p2a: Hydrapple
|-boost|p2a: Hydrapple|spa|2
|
|-heal|p2a: Hydrapple|94/100 psn|[from] item: Leftovers
|-damage|p2a: Hydrapple|82/100 psn|[from] psn
|upkeep
|turn|26
|
|t:|1769327017
|move|p1a: Gholdengo|Dazzling Gleam|p2a: Hydrapple
|-supereffective|p2a: Hydrapple
|-damage|p2a: Hydrapple|51/100 psn
|move|p2a: Hydrapple|Giga Drain|p1a: Gholdengo
|-damage|p1a: Gholdengo|26/100
|-heal|p2a: Hydrapple|84/100 psn|[from] drain|[of] p1a: Gholdengo
|
|-heal|p2a: Hydrapple|91/100 psn|[from] item: Leftovers
|-damage|p2a: Hydrapple|78/100 psn|[from] psn
|upkeep
|turn|27
|
|t:|1769327027
|move|p1a: Gholdengo|Recover|p1a: Gholdengo
|-heal|p1a: Gholdengo|76/100
|move|p2a: Hydrapple|Giga Drain|p1a: Gholdengo
|-damage|p1a: Gholdengo|9/100
|-heal|p2a: Hydrapple|100/100 psn|[from] drain|[of] p1a: Gholdengo
|
|-damage|p2a: Hydrapple|88/100 psn|[from] psn
|-sideend|p2: Pearl Loose|move: Light Screen
|upkeep
|turn|28
|-message|Pearl Loose forfeited.
|
|win|OR1IIII
|raw|OR1IIII's rating: 1253 &rarr; <strong>1278</strong><br />(+25 for winning)
|raw|Pearl Loose's rating: 1249 &rarr; <strong>1224</strong><br />(-25 for losing)
|l|☆Pearl Loose
|player|p2|
|l|☆OR1IIII
|player|p1|
