|j|☆Eared Robot
|j|☆xiacian
|t:|1769375490
|gametype|singles
|player|p1|Eared Robot|miku-ghost|1296
|player|p2|xiacian|102|1264
|gen|9
|tier|[Gen 9] OU
|rated|
|rule|HP Percentage Mod: HP is shown in percentages
|rule|Endless Battle Clause: Forcing endless battles is banned
|rule|Species Clause: Limit one of each Pokémon
|rule|OHKO Clause: OHKO moves are banned
|rule|Evasion Items Clause: Evasion items are banned
|rule|Evasion Moves Clause: Evasion moves are banned
|rule|Evasion Abilities Clause: Evasion abilities are banned
|rule|Sleep Moves Clause: Sleep-inducing moves are banned
|clearpoke
|poke|p1|Latios, M|
|poke|p1|Rotom-Wash|
|poke|p1|Gholdengo|
|poke|p1|Ting-Lu|
|poke|p1|Iron Valiant|
|poke|p1|Hydreigon, M|
|poke|p2|Garganacl, M|
|poke|p2|Munkidori, M|
|poke|p2|Zapdos|
|poke|p2|Landorus-Therian, M|
|poke|p2|Hatterene, F|
|poke|p2|Rillaboom, F|
|teampreview
|
|t:|1769375502
|teamsize|p1|6
|teamsize|p2|6
|start
|switch|p1a: Rotom|Rotom-Wash|100/100
|switch|p2a: Munkidori|Munkidori, M|100/100
|turn|1
|
|t:|1769375534
|move|p2a: Munkidori|Fake Out|p1a: Rotom
|-damage|p1a: Rotom|95/100
|-status|p1a: Rotom|tox|[from] ability: Toxic Chain|[of] p2a: Munkidori
|cant|p1a: Rotom|flinch
|
|-heal|p1a: Rotom|100/100 tox|[from] item: Leftovers
|-damage|p1a: Rotom|94/100 tox|[from] psn
|upkeep
|turn|2
|
|t:|1769375542
|move|p2a: Munkidori|U-turn|p1a: Rotom
|-damage|p1a: Rotom|85/100 tox
|
|t:|1769375547
|switch|p2a: Landorus|Landorus-Therian, M|100/100|[from] U-turn
|-ability|p2a: Landorus|Intimidate|boost
|-unboost|p1a: Rotom|atk|1
|move|p1a: Rotom|Will-O-Wisp|p2a: Landorus
|-status|p2a: Landorus|brn
|
|-heal|p1a: Rotom|91/100 tox|[from] item: Leftovers
|-damage|p1a: Rotom|78/100 tox|[from] psn
|-damage|p2a: Landorus|95/100 brn|[from] brn
|upkeep
|turn|3
|
|t:|1769375553
|move|p2a: Landorus|Stealth Rock|p1a: Rotom
|-sidestart|p1: Eared Robot|move: Stealth Rock
|move|p1a: Rotom|Hydro Pump|p2a: Landorus
|-supereffective|p2a: Landorus
|-damage|p2a: Landorus|0 fnt
|faint|p2a: Landorus
|
|-heal|p1a: Rotom|85/100 tox|[from] item: Leftovers
|-damage|p1a: Rotom|66/100 tox|[from] psn
|upkeep
|
|t:|1769375567
|switch|p2a: Garganacl|Garganacl, M|100/100
|turn|4
|
|t:|1769375572
|move|p1a: Rotom|Hydro Pump|p2a: Garganacl
|-supereffective|p2a: Garganacl
|-damage|p2a: Garganacl|50/100
|move|p2a: Garganacl|Salt Cure|p1a: Rotom
|-damage|p1a: Rotom|55/100 tox
|-start|p1a: Rotom|Salt Cure
|
|-heal|p1a: Rotom|61/100 tox|[from] item: Leftovers
|-heal|p2a: Garganacl|56/100|[from] item: Leftovers
|-damage|p1a: Rotom|36/100 tox|[from] psn
|-damage|p1a: Rotom|11/100 tox|[from] Salt Cure
|upkeep
|turn|5
|
|t:|1769375585
|switch|p2a: Munkidori|Munkidori, M|100/100
|move|p1a: Rotom|Hydro Pump|p2a: Munkidori
|-damage|p2a: Munkidori|76/100
|
|-heal|p1a: Rotom|18/100 tox|[from] item: Leftovers
|-damage|p1a: Rotom|0 fnt|[from] psn
|faint|p1a: Rotom
|upkeep
|
|t:|1769375595
|switch|p1a: Latios|Latios, M|100/100
|-damage|p1a: Latios|88/100|[from] Stealth Rock
|turn|6
|
|t:|1769375612
|move|p2a: Munkidori|Fake Out|p1a: Latios
|-damage|p1a: Latios|78/100
|cant|p1a: Latios|flinch
|
|upkeep
|turn|7
|
|t:|1769375617
|move|p1a: Latios|Draco Meteor|p2a: Munkidori|[miss]
|-miss|p1a: Latios|p2a: Munkidori
|move|p2a: Munkidori|U-turn|p1a: Latios
|-supereffective|p1a: Latios
|-damage|p1a: Latios|41/100
|
|t:|1769375626
|switch|p2a: Hatterene|Hatterene, F|100/100|[from] U-turn
|
|upkeep
|turn|8
|
|t:|1769375630
|switch|p1a: Gholdengo|Gholdengo|100/100
|-damage|p1a: Gholdengo|94/100|[from] Stealth Rock
|-item|p1a: Gholdengo|Air Balloon
|move|p2a: Hatterene|Draining Kiss|p1a: Gholdengo
|-resisted|p1a: Gholdengo
|-damage|p1a: Gholdengo|84/100
|-enditem|p1a: Gholdengo|Air Balloon
|
|upkeep
|turn|9
|
|t:|1769375638
|-terastallize|p2a: Hatterene|Water
|move|p1a: Gholdengo|Make It Rain|p2a: Hatterene
|-resisted|p2a: Hatterene
|-damage|p2a: Hatterene|72/100
|-unboost|p1a: Gholdengo|spa|1
|move|p2a: Hatterene|Mystical Fire|p1a: Gholdengo
|-supereffective|p1a: Gholdengo
|-damage|p1a: Gholdengo|42/100
|-unboost|p1a: Gholdengo|spa|1
|
|-heal|p2a: Hatterene|78/100|[from] item: Leftovers
|upkeep
|turn|10
|
|t:|1769375655
|switch|p1a: Ting-Lu|Ting-Lu|100/100
|-damage|p1a: Ting-Lu|94/100|[from] Stealth Rock
|-ability|p1a: Ting-Lu|Vessel of Ruin
|move|p2a: Hatterene|Calm Mind|p2a: Hatterene
|-boost|p2a: Hatterene|spa|1
|-boost|p2a: Hatterene|spd|1
|
|-heal|p1a: Ting-Lu|100/100|[from] item: Leftovers
|-heal|p2a: Hatterene|84/100|[from] item: Leftovers
|upkeep
|turn|11
|
|t:|1769375664
|-terastallize|p1a: Ting-Lu|Poison
|move|p1a: Ting-Lu|Stealth Rock|p2a: Hatterene
|move|p2a: Hatterene|Stealth Rock||[from] ability: Magic Bounce|[still]
|-fail|p2a: Hatterene
|move|p2a: Hatterene|Calm Mind|p2a: Hatterene
|-boost|p2a: Hatterene|spa|1
|-boost|p2a: Hatterene|spd|1
|
|-heal|p2a: Hatterene|90/100|[from] item: Leftovers
|upkeep
|turn|12
|
|t:|1769375675
|move|p1a: Ting-Lu|Ruination|p2a: Hatterene
|-damage|p2a: Hatterene|45/100
|move|p2a: Hatterene|Psychic Noise|p1a: Ting-Lu
|-supereffective|p1a: Ting-Lu
|-damage|p1a: Ting-Lu|43/100
|-start|p1a: Ting-Lu|move: Heal Block
|
|-heal|p2a: Hatterene|51/100|[from] item: Leftovers
|upkeep
|turn|13
|
|t:|1769375680
|move|p1a: Ting-Lu|Ruination|p2a: Hatterene
|-damage|p2a: Hatterene|26/100
|move|p2a: Hatterene|Psychic Noise|p1a: Ting-Lu
|-supereffective|p1a: Ting-Lu
|-damage|p1a: Ting-Lu|0 fnt
|faint|p1a: Ting-Lu
|
|-heal|p2a: Hatterene|32/100|[from] item: Leftovers
|upkeep
|
|t:|1769375690
|switch|p1a: Iron Valiant|Iron Valiant|100/100
|turn|14
|
|t:|1769375696
|move|p1a: Iron Valiant|Close Combat|p2a: Hatterene
|-damage|p2a: Hatterene|0 fnt
|-unboost|p1a: Iron Valiant|def|1
|-unboost|p1a: Iron Valiant|spd|1
|faint|p2a: Hatterene
|
|upkeep
|
|t:|1769375706
|switch|p2a: Rillaboom|Rillaboom, F|100/100
|-fieldstart|move: Grassy Terrain|[from] ability: Grassy Surge|[of] p2a: Rillaboom
|turn|15
|
|t:|1769375711
|-end|p1a: Iron Valiant|Quark Drive|[silent]
|switch|p1a: Gholdengo|Gholdengo|42/100
|-damage|p1a: Gholdengo|36/100|[from] Stealth Rock
|move|p2a: Rillaboom|Grassy Glide|p1a: Gholdengo
|-resisted|p1a: Gholdengo
|-damage|p1a: Gholdengo|15/100
|
|-heal|p1a: Gholdengo|21/100|[from] Grassy Terrain
|upkeep
|turn|16
|
|t:|1769375717
|move|p2a: Rillaboom|Grassy Glide|p1a: Gholdengo
|-resisted|p1a: Gholdengo
|-damage|p1a: Gholdengo|1/100
|move|p1a: Gholdengo|Thunder Wave|p2a: Rillaboom
|-status|p2a: Rillaboom|par
|
|-heal|p1a: Gholdengo|7/100|[from] Grassy Terrain
|upkeep
|turn|17
|
|t:|1769375724
|cant|p2a: Rillaboom|par
|move|p1a: Gholdengo|Hex|p2a: Rillaboom
|-damage|p2a: Rillaboom|28/100 par
|
|-heal|p1a: Gholdengo|13/100|[from] Grassy Terrain
|-heal|p2a: Rillaboom|35/100 par|[from] Grassy Terrain
|upkeep
|turn|18
|-message|xiacian forfeited.
|
|win|Eared Robot
|raw|Eared Robot's rating: 1296 &rarr; <strong>1319</strong><br />(+23 for winning)
|raw|xiacian's rating: 1264 &rarr; <strong>1241</strong><br />(-23 for losing)
|l|☆xiacian
|player|p2|
|l|☆Eared Robot
|player|p1|
