|j|☆ACATM
|j|☆praveenkumart236
|t:|1769429474
|gametype|singles
|player|p1|ACATM|lillie|1698
|player|p2|praveenkumart236|266|1673
|gen|9
|tier|[Gen 9] OU
|rated|
|rule|HP Percentage Mod: HP is shown in percentages
|rule|Endless Battle Clause: Forcing endless battles is banned
|rule|Species Clause: Limit one of each Pokémon
|rule|OHKO Clause: OHKO moves are banned
|rule|Evasion Items Clause: Evasion items are banned
|rule|Evasion Moves Clause: Evasion moves are banned
|rule|Evasion Abilities Clause: Evasion abilities are banned
|rule|Sleep Moves Clause: Sleep-inducing moves are banned
|clearpoke
|poke|p1|Great Tusk|
|poke|p1|Slowking-Galar, M|
|poke|p1|Corviknight, F|
|poke|p1|Clefable, F|
|poke|p1|Samurott-Hisui, M|
|poke|p1|Dragapult, F|
|poke|p2|Farigiraf, F|
|poke|p2|Kingambit, F|
|poke|p2|Raging Bolt|
|poke|p2|Pecharunt|
|poke|p2|Great Tusk|
|poke|p2|Grimmsnarl, M|
|teampreview
|inactive|Battle timer is ON: inactive players will automatically lose when time's up. (requested by praveenkumart236)
|
|t:|1769429494
|teamsize|p1|6
|teamsize|p2|6
|start
|switch|p1a: Great Tusk|Great Tusk|100/100
|switch|p2a: Grimmsnarl|Grimmsnarl, M|100/100
|turn|1
|
|t:|1769429511
|move|p2a: Grimmsnarl|Reflect|p2a: Grimmsnarl
|-sidestart|p2: praveenkumart236|Reflect
|move|p1a: Great Tusk|Headlong Rush|p2a: Grimmsnarl
|-damage|p2a: Grimmsnarl|62/100
|-unboost|p1a: Great Tusk|def|1
|-unboost|p1a: Great Tusk|spd|1
|
|upkeep
|turn|2
|
|t:|1769429518
|-end|p1a: Great Tusk|Protosynthesis|[silent]
|switch|p1a: Slowking|Slowking-Galar, M|100/100
|move|p2a: Grimmsnarl|Parting Shot|p1a: Slowking
|-unboost|p1a: Slowking|atk|1
|-unboost|p1a: Slowking|spa|1
|
|t:|1769429525
|switch|p2a: Pecharunt|Pecharunt|100/100|[from] Parting Shot
|-item|p2a: Pecharunt|Air Balloon
|
|upkeep
|turn|3
|
|t:|1769429537
|switch|p2a: Grimmsnarl|Grimmsnarl, M|62/100
|move|p1a: Slowking|Future Sight|p2a: Grimmsnarl
|-start|p1a: Slowking|move: Future Sight
|
|upkeep
|turn|4
|
|t:|1769429545
|switch|p1a: Clefable|Clefable, F|100/100
|move|p2a: Grimmsnarl|Light Screen|p2a: Grimmsnarl
|-sidestart|p2: praveenkumart236|move: Light Screen
|
|upkeep
|turn|5
|
|t:|1769429553
|move|p2a: Grimmsnarl|Parting Shot|p1a: Clefable
|-unboost|p1a: Clefable|atk|1
|-unboost|p1a: Clefable|spa|1
|
|t:|1769429557
|switch|p2a: Kingambit|Kingambit, F|100/100|[from] Parting Shot
|move|p1a: Clefable|Knock Off|p2a: Kingambit
|-resisted|p2a: Kingambit
|-damage|p2a: Kingambit|98/100
|-enditem|p2a: Kingambit|Black Glasses|[from] move: Knock Off|[of] p1a: Clefable
|
|-end|p2a: Kingambit|move: Future Sight
|-immune|p2a: Kingambit
|upkeep
|turn|6
|
|t:|1769429570
|-end|p2a: Kingambit|fallenundefined|[silent]
|switch|p2a: Farigiraf|Farigiraf, F|100/100
|switch|p1a: Corviknight|Corviknight, F|100/100
|-ability|p1a: Corviknight|Pressure
|
|upkeep
|turn|7
|
|t:|1769429583
|move|p1a: Corviknight|U-turn|p2a: Farigiraf
|-supereffective|p2a: Farigiraf
|-damage|p2a: Farigiraf|86/100
|
|t:|1769429588
|switch|p1a: Samurott|Samurott-Hisui, M|100/100|[from] U-turn
|move|p2a: Farigiraf|Nasty Plot|p2a: Farigiraf
|-boost|p2a: Farigiraf|spa|2
|
|-heal|p2a: Farigiraf|92/100|[from] item: Leftovers
|upkeep
|turn|8
|
|t:|1769429611
|-terastallize|p2a: Farigiraf|Fighting
|move|p1a: Samurott|Knock Off|p2a: Farigiraf
|-resisted|p2a: Farigiraf
|-damage|p2a: Farigiraf|82/100
|-enditem|p2a: Farigiraf|Leftovers|[from] move: Knock Off|[of] p1a: Samurott
|move|p2a: Farigiraf|Tera Blast|p1a: Samurott|[anim] Tera Blast Fighting
|-supereffective|p1a: Samurott
|-damage|p1a: Samurott|0 fnt
|faint|p1a: Samurott
|
|-sideend|p2: praveenkumart236|Reflect
|upkeep
|
|t:|1769429620
|switch|p1a: Slowking|Slowking-Galar, M|100/100
|turn|9
|
|t:|1769429626
|move|p2a: Farigiraf|Shadow Ball|p1a: Slowking
|-supereffective|p1a: Slowking
|-damage|p1a: Slowking|45/100
|move|p1a: Slowking|Psyshock|p2a: Farigiraf
|-supereffective|p2a: Farigiraf
|-damage|p2a: Farigiraf|44/100
|
|upkeep
|turn|10
|
|t:|1769429634
|switch|p1a: Clefable|Clefable, F|100/100
|move|p2a: Farigiraf|Shadow Ball|p1a: Clefable
|-damage|p1a: Clefable|48/100
|-unboost|p1a: Clefable|spd|1
|
|-heal|p1a: Clefable|55/100|[from] item: Leftovers
|upkeep
|turn|11
|
|t:|1769429652
|move|p1a: Clefable|Stealth Rock|p2a: Farigiraf
|-sidestart|p2: praveenkumart236|move: Stealth Rock
|move|p2a: Farigiraf|Shadow Ball|p1a: Clefable
|-damage|p1a: Clefable|0 fnt
|faint|p1a: Clefable
|
|-sideend|p2: praveenkumart236|move: Light Screen
|upkeep
|
|t:|1769429656
|switch|p1a: Dragapult|Dragapult, F|100/100
|turn|12
|
|t:|1769429663
|move|p1a: Dragapult|Shadow Ball|p2a: Farigiraf
|-damage|p2a: Farigiraf|0 fnt
|faint|p2a: Farigiraf
|
|upkeep
|
|t:|1769429675
|switch|p2a: Grimmsnarl|Grimmsnarl, M|62/100
|-damage|p2a: Grimmsnarl|49/100|[from] Stealth Rock
|turn|13
|
|t:|1769429679
|move|p2a: Grimmsnarl|Light Screen|p2a: Grimmsnarl
|-sidestart|p2: praveenkumart236|move: Light Screen
|move|p1a: Dragapult|Shadow Ball|p2a: Grimmsnarl
|-resisted|p2a: Grimmsnarl
|-damage|p2a: Grimmsnarl|30/100
|
|upkeep
|turn|14
|
|t:|1769429686
|switch|p1a: Slowking|Slowking-Galar, M|78/100
|move|p2a: Grimmsnarl|Spirit Break|p1a: Slowking
|-resisted|p1a: Slowking
|-damage|p1a: Slowking|62/100
|-unboost|p1a: Slowking|spa|1
|
|upkeep
|turn|15
|
|t:|1769429691
|switch|p1a: Corviknight|Corviknight, F|100/100
|-ability|p1a: Corviknight|Pressure
|move|p2a: Grimmsnarl|Parting Shot|p1a: Corviknight
|-unboost|p1a: Corviknight|atk|1
|-unboost|p1a: Corviknight|spa|1
|
|t:|1769429703
|switch|p2a: Pecharunt|Pecharunt|100/100|[from] Parting Shot
|-damage|p2a: Pecharunt|88/100|[from] Stealth Rock
|-item|p2a: Pecharunt|Air Balloon
|
|upkeep
|turn|16
|
|t:|1769429706
|move|p2a: Pecharunt|Nasty Plot|p2a: Pecharunt
|-boost|p2a: Pecharunt|spa|2
|move|p1a: Corviknight|U-turn|p2a: Pecharunt
|-resisted|p2a: Pecharunt
|-damage|p2a: Pecharunt|87/100
|-enditem|p2a: Pecharunt|Air Balloon
|
|t:|1769429710
|switch|p1a: Dragapult|Dragapult, F|100/100|[from] U-turn
|
|upkeep
|turn|17
|
|t:|1769429719
|move|p1a: Dragapult|Shadow Ball|p2a: Pecharunt
|-supereffective|p2a: Pecharunt
|-damage|p2a: Pecharunt|0 fnt
|faint|p2a: Pecharunt
|
|upkeep
|
|t:|1769429726
|switch|p2a: Raging Bolt|Raging Bolt|100/100
|-damage|p2a: Raging Bolt|88/100|[from] Stealth Rock
|-enditem|p2a: Raging Bolt|Booster Energy
|-activate|p2a: Raging Bolt|ability: Protosynthesis|[fromitem]
|-start|p2a: Raging Bolt|protosynthesisspa
|turn|18
|j| official beef
|
|t:|1769429749
|switch|p1a: Slowking|Slowking-Galar, M|95/100
|move|p2a: Raging Bolt|Dragon Pulse|p1a: Slowking
|-damage|p1a: Slowking|63/100
|
|upkeep
|turn|19
|
|t:|1769429758
|move|p2a: Raging Bolt|Calm Mind|p2a: Raging Bolt
|-boost|p2a: Raging Bolt|spa|1
|-boost|p2a: Raging Bolt|spd|1
|move|p1a: Slowking|Sludge Bomb|p2a: Raging Bolt
|-damage|p2a: Raging Bolt|76/100
|-status|p2a: Raging Bolt|psn
|
|-damage|p2a: Raging Bolt|63/100 psn|[from] psn
|upkeep
|turn|20
|
|t:|1769429766
|move|p2a: Raging Bolt|Thunderbolt|p1a: Slowking
|-damage|p1a: Slowking|11/100
|move|p1a: Slowking|Future Sight|p2a: Raging Bolt
|-start|p1a: Slowking|move: Future Sight
|
|-damage|p2a: Raging Bolt|51/100 psn|[from] psn
|-sideend|p2: praveenkumart236|move: Light Screen
|upkeep
|turn|21
|
|t:|1769429771
|switch|p1a: Corviknight|Corviknight, F|100/100
|-ability|p1a: Corviknight|Pressure
|move|p2a: Raging Bolt|Dragon Pulse|p1a: Corviknight
|-resisted|p1a: Corviknight
|-damage|p1a: Corviknight|57/100
|
|-damage|p2a: Raging Bolt|38/100 psn|[from] psn
|upkeep
|turn|22
|
|t:|1769429776
|switch|p1a: Slowking|Slowking-Galar, M|44/100
|move|p2a: Raging Bolt|Thunderbolt|p1a: Slowking
|-damage|p1a: Slowking|0 fnt
|faint|p1a: Slowking
|
|-end|p2a: Raging Bolt|move: Future Sight
|-damage|p2a: Raging Bolt|6/100 psn
|-damage|p2a: Raging Bolt|0 fnt|[from] psn
|faint|p2a: Raging Bolt
|-end|p2a: Raging Bolt|Protosynthesis|[silent]
|upkeep
|
|t:|1769429787
|switch|p2a: Grimmsnarl|Grimmsnarl, M|30/100
|switch|p1a: Corviknight|Corviknight, F|57/100
|-ability|p1a: Corviknight|Pressure
|-damage|p2a: Grimmsnarl|18/100|[from] Stealth Rock
|turn|23
|
|t:|1769429795
|move|p2a: Grimmsnarl|Reflect|p2a: Grimmsnarl
|-sidestart|p2: praveenkumart236|Reflect
|move|p1a: Corviknight|Roost|p1a: Corviknight
|-heal|p1a: Corviknight|100/100
|-singleturn|p1a: Corviknight|move: Roost
|
|upkeep
|turn|24
|
|t:|1769429798
|move|p2a: Grimmsnarl|Light Screen|p2a: Grimmsnarl
|-sidestart|p2: praveenkumart236|move: Light Screen
|move|p1a: Corviknight|Iron Defense|p1a: Corviknight
|-boost|p1a: Corviknight|def|2
|
|upkeep
|turn|25
|
|t:|1769429802
|move|p2a: Grimmsnarl|Parting Shot|p1a: Corviknight
|-unboost|p1a: Corviknight|atk|1
|-unboost|p1a: Corviknight|spa|1
|
|t:|1769429807
|switch|p2a: Kingambit|Kingambit, F|98/100|[from] Parting Shot
|-damage|p2a: Kingambit|92/100|[from] Stealth Rock
|-activate|p2a: Kingambit|ability: Supreme Overlord
|-start|p2a: Kingambit|fallen3|[silent]
|move|p1a: Corviknight|Iron Defense|p1a: Corviknight
|-boost|p1a: Corviknight|def|2
|
|upkeep
|turn|26
|
|t:|1769429816
|move|p2a: Kingambit|Swords Dance|p2a: Kingambit
|-boost|p2a: Kingambit|atk|2
|move|p1a: Corviknight|Body Press|p2a: Kingambit
|-supereffective|p2a: Kingambit
|-damage|p2a: Kingambit|0 fnt
|faint|p2a: Kingambit
|-end|p2a: Kingambit|fallen3|[silent]
|
|upkeep
|-message|praveenkumart236 forfeited.
|
|win|ACATM
|raw|ACATM's rating: 1698 &rarr; <strong>1717</strong><br />(+19 for winning)
|raw|praveenkumart236's rating: 1673 &rarr; <strong>1654</strong><br />(-19 for losing)
|l|☆praveenkumart236
|player|p2|
