|j|☆Larpnan
|j|☆DcBaker
|t:|1769356533
|gametype|singles
|player|p1|Larpnan|fantina|1286
|player|p2|DcBaker|pokemonrangerf|1201
|gen|9
|tier|[Gen 9] OU
|rated|
|rule|HP Percentage Mod: HP is shown in percentages
|rule|Endless Battle Clause: Forcing endless battles is banned
|rule|Species Clause: Limit one of each Pokémon
|rule|OHKO Clause: OHKO moves are banned
|rule|Evasion Items Clause: Evasion items are banned
|rule|Evasion Moves Clause: Evasion moves are banned
|rule|Evasion Abilities Clause: Evasion abilities are banned
|rule|Sleep Moves Clause: Sleep-inducing moves are banned
|clearpoke
|poke|p1|Ursaluna, F|
|poke|p1|Hatterene, F|
|poke|p1|Slowking-Galar, M|
|poke|p1|Primarina, F|
|poke|p1|Iron Hands|
|poke|p1|Garganacl, F|
|poke|p2|Deoxys-Speed|
|poke|p2|Ceruledge, M|
|poke|p2|Zamazenta-*|
|poke|p2|Ogerpon-Wellspring, F|
|poke|p2|Glimmora, F|
|poke|p2|Moltres-Galar|
|teampreview
|inactive|Battle timer is ON: inactive players will automatically lose when time's up. (requested by DcBaker)
|
|t:|1769356551
|teamsize|p1|6
|teamsize|p2|6
|start
|switch|p1a: Hatterene|Hatterene, F, shiny|100/100
|switch|p2a: gimmie|Glimmora, F|100/100
|turn|1
|
|t:|1769356563
|move|p2a: gimmie|Meteor Beam||[still]
|-prepare|p2a: gimmie|Meteor Beam
|-boost|p2a: gimmie|spa|1
|-enditem|p2a: gimmie|Power Herb
|-anim|p2a: gimmie|Meteor Beam|p1a: Hatterene
|-damage|p1a: Hatterene|0 fnt
|faint|p1a: Hatterene
|
|upkeep
|
|t:|1769356583
|switch|p1a: Garganacl|Garganacl, F, shiny|100/100
|turn|2
|
|t:|1769356591
|move|p2a: gimmie|Stealth Rock|p1a: Garganacl
|-sidestart|p1: Larpnan|move: Stealth Rock
|move|p1a: Garganacl|Salt Cure|p2a: gimmie
|-damage|p2a: gimmie|84/100
|-start|p2a: gimmie|Salt Cure
|-activate|p2a: gimmie|ability: Toxic Debris
|-sidestart|p1: Larpnan|move: Toxic Spikes
|
|-damage|p2a: gimmie|71/100|[from] Salt Cure
|upkeep
|turn|3
|
|t:|1769356609
|move|p2a: gimmie|Earth Power|p1a: Garganacl
|-supereffective|p1a: Garganacl
|-damage|p1a: Garganacl|15/100
|-unboost|p1a: Garganacl|spd|1
|move|p1a: Garganacl|Salt Cure|p2a: gimmie
|-damage|p2a: gimmie|55/100
|-activate|p2a: gimmie|ability: Toxic Debris
|-sidestart|p1: Larpnan|move: Toxic Spikes
|
|-damage|p2a: gimmie|42/100|[from] Salt Cure
|upkeep
|turn|4
|
|t:|1769356622
|switch|p1a: Slowking|Slowking-Galar, M|100/100
|-damage|p1a: Slowking|88/100|[from] Stealth Rock
|-sideend|p1: Larpnan|move: Toxic Spikes|[of] p1a: Slowking
|move|p2a: gimmie|Earth Power|p1a: Slowking
|-supereffective|p1a: Slowking
|-damage|p1a: Slowking|32/100
|
|-heal|p1a: Slowking|38/100|[from] item: Leftovers
|-damage|p2a: gimmie|30/100|[from] Salt Cure
|upkeep
|turn|5
|
|t:|1769356636
|switch|p1a: Primarina|Primarina, F|100/100
|-damage|p1a: Primarina|88/100|[from] Stealth Rock
|move|p2a: gimmie|Earth Power|p1a: Primarina
|-damage|p1a: Primarina|57/100
|
|-damage|p2a: gimmie|17/100|[from] Salt Cure
|upkeep
|turn|6
|
|t:|1769356660
|move|p2a: gimmie|Earth Power|p1a: Primarina
|-damage|p1a: Primarina|28/100
|move|p1a: Primarina|Light Screen|p1a: Primarina
|-sidestart|p1: Larpnan|move: Light Screen
|
|-damage|p2a: gimmie|5/100|[from] Salt Cure
|upkeep
|turn|7
|inactive|Larpnan has 120 seconds left.
|
|t:|1769356676
|move|p2a: gimmie|Earth Power|p1a: Primarina
|-damage|p1a: Primarina|14/100
|move|p1a: Primarina|Hyper Voice|p2a: gimmie
|-supereffective|p2a: gimmie
|-damage|p2a: gimmie|0 fnt
|faint|p2a: gimmie
|
|upkeep
|
|t:|1769356683
|switch|p2a: Sara|Ceruledge, M|100/100
|turn|8
|
|t:|1769356692
|switch|p1a: Ursaluna|Ursaluna, F|100/100
|-damage|p1a: Ursaluna|94/100|[from] Stealth Rock
|move|p2a: Sara|Shadow Sneak|p1a: Ursaluna
|-immune|p1a: Ursaluna
|
|-status|p1a: Ursaluna|brn|[from] item: Flame Orb
|upkeep
|turn|9
|
|t:|1769356712
|switch|p2a: ZAHM|Zamazenta|100/100
|-ability|p2a: ZAHM|Dauntless Shield|boost
|-boost|p2a: ZAHM|def|1
|move|p1a: Ursaluna|Headlong Rush|p2a: ZAHM
|-damage|p2a: ZAHM|45/100
|-unboost|p1a: Ursaluna|def|1
|-unboost|p1a: Ursaluna|spd|1
|
|-heal|p2a: ZAHM|51/100|[from] item: Leftovers
|-damage|p1a: Ursaluna|88/100 brn|[from] brn
|upkeep
|turn|10
|
|t:|1769356726
|switch|p1a: Slowking|Slowking-Galar, M|72/100
|-damage|p1a: Slowking|59/100|[from] Stealth Rock
|move|p2a: ZAHM|Body Press|p1a: Slowking
|-resisted|p1a: Slowking
|-damage|p1a: Slowking|43/100
|
|-heal|p2a: ZAHM|57/100|[from] item: Leftovers
|-heal|p1a: Slowking|49/100|[from] item: Leftovers
|upkeep
|turn|11
|inactive|Larpnan has 120 seconds left.
|l|☆Larpnan
|inactive|Larpnan disconnected and has a minute to reconnect!
|player|p1|
|inactive|Larpnan has 30 seconds to reconnect!
|inactive|Larpnan has 20 seconds to reconnect!
|j|☆Larpnan
|inactive|Larpnan reconnected and has 70 seconds left.
|player|p1|Larpnan|fantina|
|
|t:|1769356796
|move|p2a: ZAHM|Iron Defense|p2a: ZAHM
|-boost|p2a: ZAHM|def|2
|move|p1a: Slowking|Trick Room|p1a: Slowking
|-fieldstart|move: Trick Room|[of] p1a: Slowking
|
|-heal|p1a: Slowking|56/100|[from] item: Leftovers
|-heal|p2a: ZAHM|63/100|[from] item: Leftovers
|upkeep
|turn|12
|
|t:|1769356809
|move|p1a: Slowking|Toxic Spikes|p2a: ZAHM
|-sidestart|p2: DcBaker|move: Toxic Spikes
|move|p2a: ZAHM|Roar|p1a: Slowking
|drag|p1a: Iron Hands|Iron Hands|100/100
|-damage|p1a: Iron Hands|94/100|[from] Stealth Rock
|-enditem|p1a: Iron Hands|Booster Energy
|-activate|p1a: Iron Hands|ability: Quark Drive|[fromitem]
|-start|p1a: Iron Hands|quarkdriveatk
|
|-heal|p2a: ZAHM|69/100|[from] item: Leftovers
|upkeep
|turn|13
|
|t:|1769356827
|move|p1a: Iron Hands|Swords Dance|p1a: Iron Hands
|-boost|p1a: Iron Hands|atk|2
|move|p2a: ZAHM|Body Press|p1a: Iron Hands
|-damage|p1a: Iron Hands|35/100
|
|-heal|p2a: ZAHM|76/100|[from] item: Leftovers
|-sideend|p1: Larpnan|move: Light Screen
|upkeep
|turn|14
|
|t:|1769356836
|move|p1a: Iron Hands|Close Combat|p2a: ZAHM
|-damage|p2a: ZAHM|18/100
|-unboost|p1a: Iron Hands|def|1
|-unboost|p1a: Iron Hands|spd|1
|move|p2a: ZAHM|Body Press|p1a: Iron Hands
|-damage|p1a: Iron Hands|0 fnt
|faint|p1a: Iron Hands
|-end|p1a: Iron Hands|Quark Drive|[silent]
|
|-heal|p2a: ZAHM|24/100|[from] item: Leftovers
|upkeep
|
|t:|1769356848
|switch|p1a: Ursaluna|Ursaluna, F|88/100 brn
|-damage|p1a: Ursaluna|82/100 brn|[from] Stealth Rock
|turn|15
|
|t:|1769356854
|move|p1a: Ursaluna|Facade|p2a: ZAHM
|-damage|p2a: ZAHM|0 fnt
|faint|p2a: ZAHM
|
|-damage|p1a: Ursaluna|76/100 brn|[from] brn
|-fieldend|move: Trick Room
|upkeep
|
|t:|1769356858
|switch|p2a: 1/151|Ogerpon-Wellspring, F|100/100
|-status|p2a: 1/151|psn
|turn|16
|
|t:|1769356876
|switch|p1a: Slowking|Slowking-Galar, M|89/100
|-damage|p1a: Slowking|76/100|[from] Stealth Rock
|move|p2a: 1/151|Ivy Cudgel|p1a: Slowking|[anim] Ivy Cudgel Water
|-damage|p1a: Slowking|4/100
|
|-heal|p1a: Slowking|10/100|[from] item: Leftovers
|-damage|p2a: 1/151|88/100 psn|[from] psn
|upkeep
|turn|17
|
|t:|1769356893
|switch|p1a: Primarina|Primarina, F|14/100
|-damage|p1a: Primarina|1/100|[from] Stealth Rock
|move|p2a: 1/151|Horn Leech|p1a: Primarina
|-supereffective|p1a: Primarina
|-damage|p1a: Primarina|0 fnt
|-heal|p2a: 1/151|89/100 psn|[from] drain|[of] p1a: Primarina
|faint|p1a: Primarina
|
|-damage|p2a: 1/151|77/100 psn|[from] psn
|upkeep
|
|t:|1769356908
|switch|p1a: Slowking|Slowking-Galar, M|43/100
|-damage|p1a: Slowking|31/100|[from] Stealth Rock
|turn|18
|
|t:|1769356916
|move|p2a: 1/151|Ivy Cudgel|p1a: Slowking|[anim] Ivy Cudgel Water
|-damage|p1a: Slowking|0 fnt
|faint|p1a: Slowking
|
|-damage|p2a: 1/151|64/100 psn|[from] psn
|upkeep
|
|t:|1769356924
|switch|p1a: Ursaluna|Ursaluna, F|76/100 brn
|-damage|p1a: Ursaluna|70/100 brn|[from] Stealth Rock
|turn|19
|-message|Larpnan forfeited.
|
|win|DcBaker
|raw|Larpnan's rating: 1286 &rarr; <strong>1255</strong><br />(-31 for losing)
|raw|DcBaker's rating: 1201 &rarr; <strong>1232</strong><br />(+31 for winning)
