|j|☆gamasese
|j|☆Riki_Nendo
|t:|1769412697
|gametype|singles
|player|p1|gamasese|ghetsis-gen5bw|1077
|player|p2|Riki_Nendo|flannery|1092
|gen|9
|tier|[Gen 9] OU
|rated|
|rule|HP Percentage Mod: HP is shown in percentages
|rule|Endless Battle Clause: Forcing endless battles is banned
|rule|Species Clause: Limit one of each Pokémon
|rule|OHKO Clause: OHKO moves are banned
|rule|Evasion Items Clause: Evasion items are banned
|rule|Evasion Moves Clause: Evasion moves are banned
|rule|Evasion Abilities Clause: Evasion abilities are banned
|rule|Sleep Moves Clause: Sleep-inducing moves are banned
|clearpoke
|poke|p1|Grimmsnarl, M|
|poke|p1|Excadrill, F|
|poke|p1|Metagross|
|poke|p1|Rotom-Wash|
|poke|p1|Lokix, M|
|poke|p1|Hydrapple, M|
|poke|p2|Glimmora, F|
|poke|p2|Corviknight, F|
|poke|p2|Rotom-Wash|
|poke|p2|Wooper, F|
|poke|p2|Iron Valiant|
|poke|p2|Gholdengo|
|teampreview
|inactive|Battle timer is ON: inactive players will automatically lose when time's up. (requested by gamasese)
|
|t:|1769412702
|teamsize|p1|6
|teamsize|p2|6
|start
|switch|p1a: Rotom|Rotom-Wash, shiny|100/100
|switch|p2a: Glimmora|Glimmora, F|100/100
|turn|1
|c|☆Riki_Nendo|hi
|
|t:|1769412710
|move|p2a: Glimmora|Stealth Rock|p1a: Rotom
|-sidestart|p1: gamasese|move: Stealth Rock
|move|p1a: Rotom|Hydro Pump|p2a: Glimmora
|-supereffective|p2a: Glimmora
|-enditem|p2a: Glimmora|Focus Sash
|-damage|p2a: Glimmora|1/100
|
|upkeep
|turn|2
|c|☆Riki_Nendo|not u running ghetsis
|inactive|Riki_Nendo has 120 seconds left.
|
|t:|1769412744
|switch|p2a: Wooper|Wooper, F|100/100
|move|p1a: Rotom|Will-O-Wisp|p2a: Wooper
|-status|p2a: Wooper|brn
|
|-damage|p2a: Wooper|94/100 brn|[from] brn
|upkeep
|turn|3
|inactive|Riki_Nendo has 120 seconds left.
|
|t:|1769412764
|switch|p1a: Lokix|Lokix, M|100/100
|move|p2a: Wooper|Curse|p2a: Wooper
|-unboost|p2a: Wooper|spe|1
|-boost|p2a: Wooper|atk|1
|-boost|p2a: Wooper|def|1
|
|-damage|p2a: Wooper|88/100 brn|[from] brn
|upkeep
|turn|4
|inactive|Riki_Nendo has 120 seconds left.
|
|t:|1769412775
|move|p1a: Lokix|U-turn|p2a: Wooper
|-damage|p2a: Wooper|67/100 brn
|
|t:|1769412778
|switch|p1a: Hydrapple|Hydrapple, M|100/100|[from] U-turn
|-damage|p1a: Hydrapple|88/100|[from] Stealth Rock
|move|p2a: Wooper|Curse|p2a: Wooper
|-unboost|p2a: Wooper|spe|1
|-boost|p2a: Wooper|atk|1
|-boost|p2a: Wooper|def|1
|
|-damage|p2a: Wooper|61/100 brn|[from] brn
|upkeep
|turn|5
|inactive|Riki_Nendo has 120 seconds left.
|
|t:|1769412797
|move|p1a: Hydrapple|Leaf Storm|p2a: Wooper
|-supereffective|p2a: Wooper
|-damage|p2a: Wooper|0 fnt
|-unboost|p1a: Hydrapple|spa|2
|faint|p2a: Wooper
|
|upkeep
|inactive|Riki_Nendo has 120 seconds left.
|
|t:|1769412809
|switch|p2a: Iron Valiant|Iron Valiant|100/100
|turn|6
|inactive|Riki_Nendo has 120 seconds left.
|
|t:|1769412821
|switch|p1a: Metagross|Metagross|100/100
|-damage|p1a: Metagross|94/100|[from] Stealth Rock
|-terastallize|p2a: Iron Valiant|Fairy
|move|p2a: Iron Valiant|Spirit Break|p1a: Metagross
|-resisted|p1a: Metagross
|-damage|p1a: Metagross|69/100
|-damage|p2a: Iron Valiant|91/100|[from] item: Life Orb
|
|upkeep
|turn|7
|inactive|Riki_Nendo has 120 seconds left.
|
|t:|1769412836
|move|p2a: Iron Valiant|Knock Off|p1a: Metagross
|-supereffective|p1a: Metagross
|-damage|p1a: Metagross|2/100
|-enditem|p1a: Metagross|Custap Berry|[from] move: Knock Off|[of] p2a: Iron Valiant
|-damage|p2a: Iron Valiant|81/100|[from] item: Life Orb
|move|p1a: Metagross|Heavy Slam|p2a: Iron Valiant
|-supereffective|p2a: Iron Valiant
|-damage|p2a: Iron Valiant|0 fnt
|faint|p2a: Iron Valiant
|-end|p2a: Iron Valiant|Quark Drive|[silent]
|
|upkeep
|
|t:|1769412850
|switch|p2a: Gholdengo|Gholdengo|100/100
|turn|8
|
|t:|1769412855
|move|p2a: Gholdengo|Shadow Ball|p1a: Metagross
|-supereffective|p1a: Metagross
|-damage|p1a: Metagross|0 fnt
|faint|p1a: Metagross
|-damage|p2a: Gholdengo|91/100|[from] item: Life Orb
|
|upkeep
|
|t:|1769412865
|switch|p1a: Lokix|Lokix, M|100/100
|turn|9
|inactive|Riki_Nendo has 120 seconds left.
|
|t:|1769412875
|move|p2a: Gholdengo|Focus Blast|p1a: Lokix
|-damage|p1a: Lokix|0 fnt
|faint|p1a: Lokix
|-damage|p2a: Gholdengo|81/100|[from] item: Life Orb
|
|upkeep
|
|t:|1769412882
|switch|p1a: Rotom|Rotom-Wash, shiny|100/100
|-damage|p1a: Rotom|88/100|[from] Stealth Rock
|turn|10
|inactive|Riki_Nendo has 120 seconds left.
|
|t:|1769412898
|move|p2a: Gholdengo|Focus Blast|p1a: Rotom|[miss]
|-miss|p2a: Gholdengo|p1a: Rotom
|move|p1a: Rotom|Hydro Pump|p2a: Gholdengo
|-damage|p2a: Gholdengo|33/100
|
|-heal|p1a: Rotom|94/100|[from] item: Leftovers
|upkeep
|turn|11
|inactive|Riki_Nendo has 120 seconds left.
|
|t:|1769412912
|switch|p2a: Rotom|Rotom-Wash|100/100
|move|p1a: Rotom|Volt Switch|p2a: Rotom
|-damage|p2a: Rotom|74/100
|
|t:|1769412920
|switch|p1a: Hydrapple|Hydrapple, M|100/100|[from] Volt Switch
|-damage|p1a: Hydrapple|88/100|[from] Stealth Rock
|
|-heal|p2a: Rotom|80/100|[from] item: Leftovers
|upkeep
|turn|12
|
|t:|1769412933
|move|p2a: Rotom|Will-O-Wisp|p1a: Hydrapple
|-status|p1a: Hydrapple|brn
|move|p1a: Hydrapple|Leaf Storm|p2a: Rotom
|-supereffective|p2a: Rotom
|-damage|p2a: Rotom|0 fnt
|-unboost|p1a: Hydrapple|spa|2
|faint|p2a: Rotom
|
|-damage|p1a: Hydrapple|82/100 brn|[from] brn
|upkeep
|
|t:|1769412942
|switch|p2a: Glimmora|Glimmora, F|1/100
|turn|13
|
|t:|1769412951
|switch|p1a: Excadrill|Excadrill, F|100/100
|-damage|p1a: Excadrill|97/100|[from] Stealth Rock
|-ability|p1a: Excadrill|Mold Breaker
|-item|p1a: Excadrill|Air Balloon
|move|p2a: Glimmora|Sludge Wave|p1a: Excadrill
|-immune|p1a: Excadrill
|
|upkeep
|turn|14
|c|☆Riki_Nendo|u win i think
|
|t:|1769412964
|move|p2a: Glimmora|Power Gem|p1a: Excadrill
|-resisted|p1a: Excadrill
|-damage|p1a: Excadrill|84/100
|-enditem|p1a: Excadrill|Air Balloon
|move|p1a: Excadrill|Rapid Spin|p2a: Glimmora
|-resisted|p2a: Glimmora
|-damage|p2a: Glimmora|0 fnt
|-boost|p1a: Excadrill|spe|1
|-activate|p2a: Glimmora|ability: Toxic Debris
|-sidestart|p1: gamasese|move: Toxic Spikes
|-sideend|p1: gamasese|Toxic Spikes|[from] move: Rapid Spin|[of] p1a: Excadrill
|-sideend|p1: gamasese|Stealth Rock|[from] move: Rapid Spin|[of] p1a: Excadrill
|faint|p2a: Glimmora
|
|upkeep
|
|t:|1769412976
|switch|p2a: Corviknight|Corviknight, F|100/100
|-ability|p2a: Corviknight|Pressure
|turn|15
|
|t:|1769412985
|switch|p1a: Rotom|Rotom-Wash, shiny|94/100
|move|p2a: Corviknight|Brave Bird|p1a: Rotom
|-resisted|p1a: Rotom
|-damage|p1a: Rotom|74/100
|-damage|p2a: Corviknight|96/100|[from] Recoil
|
|-heal|p1a: Rotom|80/100|[from] item: Leftovers
|upkeep
|turn|16
|
|t:|1769412994
|switch|p2a: Gholdengo|Gholdengo|33/100
|move|p1a: Rotom|Hydro Pump|p2a: Gholdengo
|-damage|p2a: Gholdengo|0 fnt
|faint|p2a: Gholdengo
|
|-heal|p1a: Rotom|86/100|[from] item: Leftovers
|upkeep
|
|t:|1769413002
|switch|p2a: Corviknight|Corviknight, F|96/100
|-ability|p2a: Corviknight|Pressure
|turn|17
|
|t:|1769413020
|move|p1a: Rotom|Will-O-Wisp|p2a: Corviknight
|-status|p2a: Corviknight|brn
|move|p2a: Corviknight|U-turn|p1a: Rotom
|-crit|p1a: Rotom
|-damage|p1a: Rotom|74/100
|
|-heal|p1a: Rotom|81/100|[from] item: Leftovers
|-damage|p2a: Corviknight|90/100 brn|[from] brn
|upkeep
|turn|18
|
|t:|1769413031
|move|p1a: Rotom|Pain Split|p2a: Corviknight
|-sethp|p2a: Corviknight|69/100 brn|[from] move: Pain Split|[silent]
|-sethp|p1a: Rotom|100/100|[from] move: Pain Split
|move|p2a: Corviknight|Brave Bird|p1a: Rotom
|-resisted|p1a: Rotom
|-damage|p1a: Rotom|91/100
|-damage|p2a: Corviknight|67/100 brn|[from] Recoil
|
|-heal|p1a: Rotom|97/100|[from] item: Leftovers
|-damage|p2a: Corviknight|61/100 brn|[from] brn
|upkeep
|turn|19
|
|t:|1769413044
|move|p1a: Rotom|Hydro Pump|p2a: Corviknight
|-damage|p2a: Corviknight|24/100 brn
|move|p2a: Corviknight|Roost|p2a: Corviknight
|-heal|p2a: Corviknight|74/100 brn
|-singleturn|p2a: Corviknight|move: Roost
|
|-heal|p1a: Rotom|100/100|[from] item: Leftovers
|-damage|p2a: Corviknight|68/100 brn|[from] brn
|upkeep
|turn|20
|c|☆Riki_Nendo|gg
|-message|Riki_Nendo forfeited.
|
|win|gamasese
|raw|gamasese's rating: 1077 &rarr; <strong>1107</strong><br />(+30 for winning)
|raw|Riki_Nendo's rating: 1092 &rarr; <strong>1067</strong><br />(-25 for losing)
|l|☆Riki_Nendo
|player|p2|
|l|☆gamasese
|player|p1|
