|j|☆roninXronin
|j|☆MMgharold
|t:|1769341838
|gametype|singles
|player|p1|roninXronin|shadowtriad|1102
|player|p2|MMgharold|101|1068
|gen|9
|tier|[Gen 9] OU
|rated|
|rule|HP Percentage Mod: HP is shown in percentages
|rule|Endless Battle Clause: Forcing endless battles is banned
|rule|Species Clause: Limit one of each Pokémon
|rule|OHKO Clause: OHKO moves are banned
|rule|Evasion Items Clause: Evasion items are banned
|rule|Evasion Moves Clause: Evasion moves are banned
|rule|Evasion Abilities Clause: Evasion abilities are banned
|rule|Sleep Moves Clause: Sleep-inducing moves are banned
|clearpoke
|poke|p1|Greninja-*, M|
|poke|p1|Kingambit, M|
|poke|p1|Great Tusk|
|poke|p1|Dragapult, F|
|poke|p1|Meowscarada, F|
|poke|p1|Toxapex, F|
|poke|p2|Blastoise, M|
|poke|p2|Politoed, F|
|poke|p2|Grimmsnarl, M|
|poke|p2|Dragapult, F|
|poke|p2|Rotom-Mow|
|poke|p2|Gliscor, F|
|teampreview
|
|t:|1769341844
|teamsize|p1|6
|teamsize|p2|6
|start
|switch|p1a: Furry|Meowscarada, F|100/100
|switch|p2a: Grimmsnarl|Grimmsnarl, M|100/100
|turn|1
|
|t:|1769341868
|move|p2a: Grimmsnarl|Light Screen|p2a: Grimmsnarl
|-sidestart|p2: MMgharold|move: Light Screen
|move|p1a: Furry|U-turn|p2a: Grimmsnarl
|-start|p1a: Furry|typechange|Bug|[from] ability: Protean
|-damage|p2a: Grimmsnarl|45/100
|-damage|p1a: Furry|91/100|[from] item: Life Orb
|
|t:|1769341877
|switch|p1a: Mommy|Dragapult, F, shiny|100/100|[from] U-turn
|
|upkeep
|turn|2
|
|t:|1769341887
|move|p2a: Grimmsnarl|Reflect|p2a: Grimmsnarl
|-sidestart|p2: MMgharold|Reflect
|move|p1a: Mommy|Draco Meteor|p2a: Grimmsnarl
|-immune|p2a: Grimmsnarl
|
|upkeep
|turn|3
|
|t:|1769341909
|switch|p1a: Miyamoto Musashi|Greninja, M|100/100
|move|p2a: Grimmsnarl|Spirit Break|p1a: Miyamoto Musashi
|-supereffective|p1a: Miyamoto Musashi
|-damage|p1a: Miyamoto Musashi|0 fnt
|faint|p1a: Miyamoto Musashi
|
|upkeep
|
|t:|1769341931
|switch|p1a: Fat Man|Great Tusk|100/100
|turn|4
|
|t:|1769341938
|move|p2a: Grimmsnarl|Taunt|p1a: Fat Man
|-start|p1a: Fat Man|move: Taunt
|move|p1a: Fat Man|Earthquake|p2a: Grimmsnarl
|-damage|p2a: Grimmsnarl|19/100
|
|upkeep
|turn|5
|
|t:|1769341948
|move|p1a: Fat Man|Earthquake|p2a: Grimmsnarl
|-damage|p2a: Grimmsnarl|0 fnt
|faint|p2a: Grimmsnarl
|
|upkeep
|
|t:|1769341956
|switch|p2a: Politoed|Politoed, F|100/100
|-weather|RainDance|[from] ability: Drizzle|[of] p2a: Politoed
|turn|6
|
|t:|1769341962
|-end|p1a: Fat Man|Protosynthesis|[silent]
|switch|p1a: Furry|Meowscarada, F|91/100
|switch|p2a: Blastoise|Blastoise, M|100/100
|
|-weather|RainDance|[upkeep]
|upkeep
|turn|7
|
|t:|1769341971
|-terastallize|p2a: Blastoise|Steel
|move|p1a: Furry|Flower Trick|p2a: Blastoise
|-start|p1a: Furry|typechange|Grass|[from] ability: Protean
|-resisted|p2a: Blastoise
|-crit|p2a: Blastoise
|-damage|p2a: Blastoise|69/100
|-damage|p1a: Furry|81/100|[from] item: Life Orb
|move|p2a: Blastoise|Ice Beam|p1a: Furry
|-supereffective|p1a: Furry
|-damage|p1a: Furry|0 fnt
|faint|p1a: Furry
|
|-weather|RainDance|[upkeep]
|upkeep
|
|t:|1769341990
|switch|p1a: Mommy|Dragapult, F, shiny|100/100
|turn|8
|
|t:|1769341996
|move|p1a: Mommy|Flamethrower|p2a: Blastoise
|-supereffective|p2a: Blastoise
|-damage|p2a: Blastoise|42/100
|move|p2a: Blastoise|Ice Beam|p1a: Mommy
|-supereffective|p1a: Mommy
|-damage|p1a: Mommy|24/100
|
|-weather|RainDance|[upkeep]
|-sideend|p2: MMgharold|move: Light Screen
|upkeep
|turn|9
|
|t:|1769342005
|move|p1a: Mommy|Flamethrower|p2a: Blastoise
|-supereffective|p2a: Blastoise
|-damage|p2a: Blastoise|18/100
|move|p2a: Blastoise|Shell Smash|p2a: Blastoise
|-unboost|p2a: Blastoise|def|1
|-unboost|p2a: Blastoise|spd|1
|-boost|p2a: Blastoise|atk|2
|-boost|p2a: Blastoise|spa|2
|-boost|p2a: Blastoise|spe|2
|-enditem|p2a: Blastoise|White Herb
|-clearnegativeboost|p2a: Blastoise|[silent]
|
|-weather|RainDance|[upkeep]
|-sideend|p2: MMgharold|Reflect
|upkeep
|turn|10
|
|t:|1769342018
|move|p1a: Mommy|Flamethrower|p2a: Blastoise
|-supereffective|p2a: Blastoise
|-damage|p2a: Blastoise|0 fnt
|faint|p2a: Blastoise
|
|-weather|RainDance|[upkeep]
|upkeep
|
|t:|1769342027
|switch|p2a: Dragapult|Dragapult, F|100/100
|turn|11
|
|t:|1769342046
|switch|p1a: Bobby Fisher|Kingambit, M|100/100
|-activate|p1a: Bobby Fisher|ability: Supreme Overlord
|-start|p1a: Bobby Fisher|fallen2|[silent]
|move|p2a: Dragapult|U-turn|p1a: Bobby Fisher
|-damage|p1a: Bobby Fisher|88/100
|
|t:|1769342053
|switch|p2a: Gliscor|Gliscor, F|100/100|[from] U-turn
|
|-weather|RainDance|[upkeep]
|-heal|p1a: Bobby Fisher|94/100|[from] item: Leftovers
|-status|p2a: Gliscor|tox|[from] item: Toxic Orb
|upkeep
|turn|12
|
|t:|1769342070
|-end|p1a: Bobby Fisher|fallen2|[silent]
|switch|p1a: Bunker|Toxapex, F|100/100
|move|p2a: Gliscor|Earthquake|p1a: Bunker
|-supereffective|p1a: Bunker
|-damage|p1a: Bunker|53/100
|
|-weather|RainDance|[upkeep]
|-heal|p1a: Bunker|59/100|[from] item: Black Sludge
|upkeep
|turn|13
|
|t:|1769342080
|move|p2a: Gliscor|Knock Off|p1a: Bunker
|-damage|p1a: Bunker|47/100
|-enditem|p1a: Bunker|Black Sludge|[from] move: Knock Off|[of] p2a: Gliscor
|move|p1a: Bunker|Hydro Pump|p2a: Gliscor
|-supereffective|p2a: Gliscor
|-damage|p2a: Gliscor|40/100 tox
|
|-weather|none
|-heal|p2a: Gliscor|53/100 tox|[from] ability: Poison Heal
|upkeep
|turn|14
|
|t:|1769342092
|move|p2a: Gliscor|Protect|p2a: Gliscor
|-singleturn|p2a: Gliscor|Protect
|move|p1a: Bunker|Hydro Pump|p2a: Gliscor
|-activate|p2a: Gliscor|move: Protect
|
|-heal|p2a: Gliscor|65/100 tox|[from] ability: Poison Heal
|upkeep
|turn|15
|
|t:|1769342102
|move|p2a: Gliscor|Protect|p2a: Gliscor
|-singleturn|p2a: Gliscor|Protect
|move|p1a: Bunker|Hydro Pump|p2a: Gliscor
|-activate|p2a: Gliscor|move: Protect
|
|-heal|p2a: Gliscor|78/100 tox|[from] ability: Poison Heal
|upkeep
|turn|16
|
|t:|1769342111
|move|p2a: Gliscor|Earthquake|p1a: Bunker
|-supereffective|p1a: Bunker
|-damage|p1a: Bunker|6/100
|move|p1a: Bunker|Hydro Pump|p2a: Gliscor
|-supereffective|p2a: Gliscor
|-damage|p2a: Gliscor|35/100 tox
|
|-heal|p2a: Gliscor|48/100 tox|[from] ability: Poison Heal
|upkeep
|turn|17
|
|t:|1769342121
|move|p2a: Gliscor|Protect|p2a: Gliscor
|-singleturn|p2a: Gliscor|Protect
|move|p1a: Bunker|Baneful Bunker||[still]
|-fail|p1a: Bunker
|
|-heal|p2a: Gliscor|60/100 tox|[from] ability: Poison Heal
|upkeep
|turn|18
|
|t:|1769342143
|switch|p1a: Fat Man|Great Tusk|100/100
|move|p2a: Gliscor|Earthquake|p1a: Fat Man
|-damage|p1a: Fat Man|84/100
|
|-heal|p2a: Gliscor|73/100 tox|[from] ability: Poison Heal
|upkeep
|turn|19
|
|t:|1769342155
|move|p2a: Gliscor|Toxic|p1a: Fat Man
|-status|p1a: Fat Man|tox
|move|p1a: Fat Man|Knock Off|p2a: Gliscor
|-damage|p2a: Gliscor|52/100 tox
|-enditem|p2a: Gliscor|Toxic Orb|[from] move: Knock Off|[of] p1a: Fat Man
|
|-heal|p2a: Gliscor|64/100 tox|[from] ability: Poison Heal
|-damage|p1a: Fat Man|78/100 tox|[from] psn
|upkeep
|turn|20
|
|t:|1769342166
|move|p2a: Gliscor|Protect|p2a: Gliscor
|-singleturn|p2a: Gliscor|Protect
|move|p1a: Fat Man|Rapid Spin|p2a: Gliscor
|-activate|p2a: Gliscor|move: Protect
|
|-heal|p2a: Gliscor|77/100 tox|[from] ability: Poison Heal
|-damage|p1a: Fat Man|66/100 tox|[from] psn
|upkeep
|turn|21
|
|t:|1769342187
|-end|p1a: Fat Man|Protosynthesis|[silent]
|switch|p1a: Mommy|Dragapult, F, shiny|24/100
|move|p2a: Gliscor|Earthquake|p1a: Mommy
|-damage|p1a: Mommy|0 fnt
|faint|p1a: Mommy
|
|-heal|p2a: Gliscor|89/100 tox|[from] ability: Poison Heal
|upkeep
|
|t:|1769342197
|switch|p1a: Bobby Fisher|Kingambit, M|94/100
|-activate|p1a: Bobby Fisher|ability: Supreme Overlord
|-start|p1a: Bobby Fisher|fallen3|[silent]
|turn|22
|
|t:|1769342205
|move|p2a: Gliscor|Earthquake|p1a: Bobby Fisher
|-supereffective|p1a: Bobby Fisher
|-damage|p1a: Bobby Fisher|46/100
|move|p1a: Bobby Fisher|Swords Dance|p1a: Bobby Fisher
|-boost|p1a: Bobby Fisher|atk|2
|
|-heal|p1a: Bobby Fisher|52/100|[from] item: Leftovers
|-heal|p2a: Gliscor|100/100 tox|[from] ability: Poison Heal
|upkeep
|turn|23
|
|t:|1769342219
|move|p1a: Bobby Fisher|Sucker Punch|p2a: Gliscor
|-damage|p2a: Gliscor|23/100 tox
|move|p2a: Gliscor|Earthquake|p1a: Bobby Fisher
|-supereffective|p1a: Bobby Fisher
|-damage|p1a: Bobby Fisher|3/100
|
|-heal|p1a: Bobby Fisher|9/100|[from] item: Leftovers
|-heal|p2a: Gliscor|35/100 tox|[from] ability: Poison Heal
|upkeep
|turn|24
|
|t:|1769342231
|move|p2a: Gliscor|Protect|p2a: Gliscor
|-singleturn|p2a: Gliscor|Protect
|move|p1a: Bobby Fisher|Sucker Punch||[still]
|-fail|p1a: Bobby Fisher
|
|-heal|p1a: Bobby Fisher|15/100|[from] item: Leftovers
|-heal|p2a: Gliscor|48/100 tox|[from] ability: Poison Heal
|upkeep
|turn|25
|
|t:|1769342240
|move|p2a: Gliscor|Protect|p2a: Gliscor
|-singleturn|p2a: Gliscor|Protect
|move|p1a: Bobby Fisher|Sucker Punch||[still]
|-fail|p1a: Bobby Fisher
|
|-heal|p1a: Bobby Fisher|22/100|[from] item: Leftovers
|-heal|p2a: Gliscor|60/100 tox|[from] ability: Poison Heal
|upkeep
|turn|26
|
|t:|1769342250
|move|p1a: Bobby Fisher|Sucker Punch|p2a: Gliscor
|-damage|p2a: Gliscor|0 fnt
|faint|p2a: Gliscor
|
|-heal|p1a: Bobby Fisher|28/100|[from] item: Leftovers
|upkeep
|inactive|Battle timer is ON: inactive players will automatically lose when time's up. (requested by roninXronin)
|inactive|MMgharold has 120 seconds left.
|
|t:|1769342358
|switch|p2a: Politoed|Politoed, F|100/100
|-weather|RainDance|[from] ability: Drizzle|[of] p2a: Politoed
|turn|27
|
|t:|1769342371
|move|p1a: Bobby Fisher|Sucker Punch||[still]
|-fail|p1a: Bobby Fisher
|move|p2a: Politoed|Perish Song|p2a: Politoed
|-start|p1a: Bobby Fisher|perish3|[silent]
|-start|p2a: Politoed|perish3|[silent]
|-fieldactivate|move: Perish Song
|
|-weather|RainDance|[upkeep]
|-heal|p1a: Bobby Fisher|34/100|[from] item: Leftovers
|-start|p2a: Politoed|perish3
|-start|p1a: Bobby Fisher|perish3
|upkeep
|turn|28
|
|t:|1769342382
|move|p2a: Politoed|Protect|p2a: Politoed
|-singleturn|p2a: Politoed|Protect
|move|p1a: Bobby Fisher|Iron Head|p2a: Politoed
|-activate|p2a: Politoed|move: Protect
|
|-weather|RainDance|[upkeep]
|-heal|p1a: Bobby Fisher|40/100|[from] item: Leftovers
|-start|p2a: Politoed|perish2
|-start|p1a: Bobby Fisher|perish2
|upkeep
|turn|29
|
|t:|1769342401
|move|p2a: Politoed|Protect|p2a: Politoed
|-singleturn|p2a: Politoed|Protect
|move|p1a: Bobby Fisher|Kowtow Cleave|p2a: Politoed
|-activate|p2a: Politoed|move: Protect
|
|-weather|RainDance|[upkeep]
|-heal|p1a: Bobby Fisher|46/100|[from] item: Leftovers
|-start|p2a: Politoed|perish1
|-start|p1a: Bobby Fisher|perish1
|upkeep
|turn|30
|
|t:|1769342412
|move|p2a: Politoed|Protect||[still]
|-fail|p2a: Politoed
|move|p1a: Bobby Fisher|Kowtow Cleave|p2a: Politoed
|-damage|p2a: Politoed|0 fnt
|faint|p2a: Politoed
|
|-weather|RainDance|[upkeep]
|-heal|p1a: Bobby Fisher|52/100|[from] item: Leftovers
|-start|p1a: Bobby Fisher|perish0
|upkeep
|faint|p1a: Bobby Fisher
|-end|p1a: Bobby Fisher|fallen3|[silent]
|
|t:|1769342429
|switch|p2a: Rotom|Rotom-Mow|100/100
|switch|p1a: Bunker|Toxapex, F|40/100
|turn|31
|inactive|roninXronin has 120 seconds left.
|
|t:|1769342458
|move|p2a: Rotom|Trick|p1a: Bunker
|-activate|p2a: Rotom|move: Trick|[of] p1a: Bunker
|-item|p1a: Bunker|Choice Scarf|[from] move: Trick
|-enditem|p2a: Rotom|Choice Scarf|[silent]|[from] move: Trick
|move|p1a: Bunker|Recover|p1a: Bunker
|-heal|p1a: Bunker|90/100
|
|-weather|RainDance|[upkeep]
|upkeep
|turn|32
|inactive|roninXronin has 120 seconds left.
|
|t:|1769342472
|switch|p1a: Fat Man|Great Tusk|66/100 tox
|move|p2a: Rotom|Thunderbolt|p1a: Fat Man
|-immune|p1a: Fat Man
|
|-weather|RainDance|[upkeep]
|-damage|p1a: Fat Man|59/100 tox|[from] psn
|upkeep
|turn|33
|
|t:|1769342486
|move|p2a: Rotom|Leaf Storm|p1a: Fat Man
|-supereffective|p1a: Fat Man
|-damage|p1a: Fat Man|0 fnt
|-unboost|p2a: Rotom|spa|2
|faint|p1a: Fat Man
|-end|p1a: Fat Man|Protosynthesis|[silent]
|
|-weather|RainDance|[upkeep]
|upkeep
|
|t:|1769342494
|switch|p1a: Bunker|Toxapex, F|100/100
|turn|34
|
|t:|1769342503
|move|p2a: Rotom|Thunderbolt|p1a: Bunker
|-supereffective|p1a: Bunker
|-damage|p1a: Bunker|70/100
|move|p1a: Bunker|Hydro Pump|p2a: Rotom
|-resisted|p2a: Rotom
|-damage|p2a: Rotom|76/100
|
|-weather|none
|upkeep
|turn|35
|-message|roninXronin forfeited.
|
|win|MMgharold
|raw|roninXronin's rating: 1102 &rarr; <strong>1075</strong><br />(-27 for losing)
|raw|MMgharold's rating: 1068 &rarr; <strong>1101</strong><br />(+33 for winning)
|l|☆roninXronin
|player|p1|
|l|☆MMgharold
|player|p2|
