|j|☆Ummsweep???
|j|☆FUKNNlGERRAPlST69
|t:|1769317561
|gametype|singles
|player|p1|Ummsweep???|cyrus|1047
|player|p2|FUKNNlGERRAPlST69|265|1000
|gen|9
|tier|[Gen 9] OU
|rated|
|rule|HP Percentage Mod: HP is shown in percentages
|rule|Endless Battle Clause: Forcing endless battles is banned
|rule|Species Clause: Limit one of each Pokémon
|rule|OHKO Clause: OHKO moves are banned
|rule|Evasion Items Clause: Evasion items are banned
|rule|Evasion Moves Clause: Evasion moves are banned
|rule|Evasion Abilities Clause: Evasion abilities are banned
|rule|Sleep Moves Clause: Sleep-inducing moves are banned
|clearpoke
|poke|p1|Scyther, M|
|poke|p1|Conkeldurr, F|
|poke|p1|Volcanion|
|poke|p1|Probopass, M|
|poke|p1|Tentacruel, F|
|poke|p1|Blaziken, F|
|poke|p2|Barraskewda, F|
|poke|p2|Iron Treads|
|poke|p2|Hatterene, F|
|poke|p2|Zapdos|
|poke|p2|Pelipper, F|
|poke|p2|Toxicroak, F|
|teampreview
|inactive|Battle timer is ON: inactive players will automatically lose when time's up. (requested by Ummsweep???)
|
|t:|1769317586
|teamsize|p1|6
|teamsize|p2|6
|start
|switch|p1a: Tentacruel|Tentacruel, F, shiny|100/100
|switch|p2a: Pelipper|Pelipper, F, shiny|100/100
|-weather|RainDance|[from] ability: Drizzle|[of] p2a: Pelipper
|turn|1
|
|t:|1769317594
|move|p1a: Tentacruel|Knock Off|p2a: Pelipper
|-damage|p2a: Pelipper|88/100
|-enditem|p2a: Pelipper|Damp Rock|[from] move: Knock Off|[of] p1a: Tentacruel
|move|p2a: Pelipper|Knock Off|p1a: Tentacruel
|-damage|p1a: Tentacruel|82/100
|-enditem|p1a: Tentacruel|Binding Band|[from] move: Knock Off|[of] p2a: Pelipper
|
|-weather|RainDance|[upkeep]
|upkeep
|turn|2
|
|t:|1769317604
|move|p1a: Tentacruel|Toxic|p2a: Pelipper
|-status|p2a: Pelipper|tox
|move|p2a: Pelipper|U-turn|p1a: Tentacruel
|-resisted|p1a: Tentacruel
|-damage|p1a: Tentacruel|75/100
|
|t:|1769317609
|switch|p2a: Zapdos|Zapdos, shiny|100/100|[from] U-turn
|
|-weather|RainDance|[upkeep]
|upkeep
|turn|3
|
|t:|1769317622
|move|p2a: Zapdos|Thunder|p1a: Tentacruel
|-supereffective|p1a: Tentacruel
|-damage|p1a: Tentacruel|0 fnt
|faint|p1a: Tentacruel
|
|-weather|RainDance|[upkeep]
|upkeep
|
|t:|1769317633
|switch|p1a: Probopass|Probopass, M, shiny|100/100
|turn|4
|
|t:|1769317653
|move|p2a: Zapdos|Thunder|p1a: Probopass
|-damage|p1a: Probopass|40/100
|move|p1a: Probopass|Stealth Rock|p2a: Zapdos
|-sidestart|p2: FUKNNlGERRAPlST69|move: Stealth Rock
|
|-weather|RainDance|[upkeep]
|upkeep
|turn|5
|
|t:|1769317668
|-terastallize|p1a: Probopass|Ground
|move|p2a: Zapdos|Thunder|p1a: Probopass
|-immune|p1a: Probopass
|move|p1a: Probopass|Iron Defense|p1a: Probopass
|-boost|p1a: Probopass|def|2
|
|-weather|RainDance|[upkeep]
|upkeep
|turn|6
|
|t:|1769317678
|switch|p2a: Toxicroak|Toxicroak, F, shiny|100/100
|-damage|p2a: Toxicroak|94/100|[from] Stealth Rock
|move|p1a: Probopass|Iron Defense|p1a: Probopass
|-boost|p1a: Probopass|def|2
|
|-weather|RainDance|[upkeep]
|-heal|p2a: Toxicroak|100/100|[from] ability: Dry Skin
|upkeep
|turn|7
|
|t:|1769317692
|move|p2a: Toxicroak|Encore|p1a: Probopass
|-start|p1a: Probopass|Encore
|move|p1a: Probopass|Iron Defense|p1a: Probopass
|-boost|p1a: Probopass|def|2
|
|-weather|RainDance|[upkeep]
|upkeep
|turn|8
|
|t:|1769317701
|move|p2a: Toxicroak|Toxic|p1a: Probopass
|-status|p1a: Probopass|tox
|move|p1a: Probopass|Iron Defense|p1a: Probopass
|-boost|p1a: Probopass|def|0
|
|-weather|none
|-damage|p1a: Probopass|34/100 tox|[from] psn
|upkeep
|turn|9
|
|t:|1769317711
|switch|p2a: Iron Treads|Iron Treads, shiny|100/100
|-damage|p2a: Iron Treads|97/100|[from] Stealth Rock
|move|p1a: Probopass|Iron Defense|p1a: Probopass
|-boost|p1a: Probopass|def|0
|
|-heal|p2a: Iron Treads|100/100|[from] item: Leftovers
|-damage|p1a: Probopass|22/100 tox|[from] psn
|-end|p1a: Probopass|Encore
|upkeep
|turn|10
|
|t:|1769317723
|move|p2a: Iron Treads|Rapid Spin|p1a: Probopass
|-damage|p1a: Probopass|19/100 tox
|-boost|p2a: Iron Treads|spe|1
|-damage|p2a: Iron Treads|84/100|[from] item: Rocky Helmet|[of] p1a: Probopass
|-sideend|p2: FUKNNlGERRAPlST69|Stealth Rock|[from] move: Rapid Spin|[of] p2a: Iron Treads
|move|p1a: Probopass|Body Press|p2a: Iron Treads
|-supereffective|p2a: Iron Treads
|-damage|p2a: Iron Treads|0 fnt
|faint|p2a: Iron Treads
|-end|p2a: Iron Treads|Quark Drive|[silent]
|
|-damage|p1a: Probopass|1/100 tox|[from] psn
|upkeep
|
|t:|1769317733
|switch|p2a: Pelipper|Pelipper, F, shiny|88/100 tox
|-weather|RainDance|[from] ability: Drizzle|[of] p2a: Pelipper
|turn|11
|
|t:|1769317740
|move|p2a: Pelipper|U-turn|p1a: Probopass
|-damage|p1a: Probopass|0 fnt
|-damage|p2a: Pelipper|71/100 tox|[from] item: Rocky Helmet|[of] p1a: Probopass
|faint|p1a: Probopass
|
|t:|1769317748
|switch|p2a: Zapdos|Zapdos, shiny|100/100|[from] U-turn
|
|-weather|RainDance|[upkeep]
|upkeep
|
|t:|1769317767
|switch|p1a: Volcanion|Volcanion|100/100
|turn|12
|
|t:|1769317776
|move|p2a: Zapdos|Volt Switch|p1a: Volcanion
|-supereffective|p1a: Volcanion
|-damage|p1a: Volcanion|8/100
|
|t:|1769317784
|switch|p2a: Hatterene|Hatterene, F, shiny|100/100|[from] Volt Switch
|move|p1a: Volcanion|Steam Eruption|p2a: Hatterene
|-damage|p2a: Hatterene|2/100
|-enditem|p2a: Hatterene|Eject Button
|
|t:|1769317790
|switch|p2a: Zapdos|Zapdos, shiny|100/100
|
|-weather|RainDance|[upkeep]
|upkeep
|turn|13
|
|t:|1769317796
|move|p2a: Zapdos|Hurricane|p1a: Volcanion
|-damage|p1a: Volcanion|0 fnt
|faint|p1a: Volcanion
|
|-weather|RainDance|[upkeep]
|upkeep
|
|t:|1769317805
|switch|p1a: Conkeldurr|Conkeldurr, F|100/100
|turn|14
|
|t:|1769317815
|move|p2a: Zapdos|Hurricane|p1a: Conkeldurr
|-supereffective|p1a: Conkeldurr
|-damage|p1a: Conkeldurr|0 fnt
|faint|p1a: Conkeldurr
|
|-weather|RainDance|[upkeep]
|upkeep
|
|t:|1769317825
|switch|p1a: Scyther|Scyther, M, shiny|100/100
|turn|15
|
|t:|1769317833
|move|p1a: Scyther|Swords Dance|p1a: Scyther
|-boost|p1a: Scyther|atk|2
|move|p2a: Zapdos|Hurricane|p1a: Scyther
|-supereffective|p1a: Scyther
|-damage|p1a: Scyther|0 fnt
|faint|p1a: Scyther
|
|-weather|none
|upkeep
|
|t:|1769317842
|switch|p1a: Blaziken|Blaziken, F, shiny|100/100
|turn|16
|
|t:|1769317849
|switch|p2a: Toxicroak|Toxicroak, F, shiny|100/100
|move|p1a: Blaziken|Rock Slide|p2a: Toxicroak
|-resisted|p2a: Toxicroak
|-damage|p2a: Toxicroak|88/100
|
|-ability|p1a: Blaziken|Speed Boost|boost
|-boost|p1a: Blaziken|spe|1
|upkeep
|turn|17
|
|t:|1769317858
|move|p1a: Blaziken|Blaze Kick|p2a: Toxicroak|[miss]
|-miss|p1a: Blaziken|p2a: Toxicroak
|move|p2a: Toxicroak|Encore|p1a: Blaziken
|-start|p1a: Blaziken|Encore
|
|-ability|p1a: Blaziken|Speed Boost|boost
|-boost|p1a: Blaziken|spe|1
|upkeep
|turn|18
|
|t:|1769317870
|-terastallize|p2a: Toxicroak|Ghost
|move|p1a: Blaziken|Blaze Kick|p2a: Toxicroak
|-damage|p2a: Toxicroak|30/100
|-damage|p1a: Blaziken|84/100|[from] item: Rocky Helmet|[of] p2a: Toxicroak
|move|p2a: Toxicroak|Drain Punch|p1a: Blaziken
|-damage|p1a: Blaziken|45/100
|-heal|p2a: Toxicroak|46/100|[from] drain|[of] p1a: Blaziken
|
|-ability|p1a: Blaziken|Speed Boost|boost
|-boost|p1a: Blaziken|spe|1
|upkeep
|turn|19
|
|t:|1769317883
|switch|p2a: Pelipper|Pelipper, F, shiny|71/100 tox
|-weather|RainDance|[from] ability: Drizzle|[of] p2a: Pelipper
|move|p1a: Blaziken|Blaze Kick|p2a: Pelipper
|-resisted|p2a: Pelipper
|-damage|p2a: Pelipper|61/100 tox
|
|-weather|RainDance|[upkeep]
|-damage|p2a: Pelipper|55/100 tox|[from] psn
|-ability|p1a: Blaziken|Speed Boost|boost
|-boost|p1a: Blaziken|spe|1
|upkeep
|turn|20
|inactive|Ummsweep??? has 120 seconds left.
|inactive|Ummsweep??? has 90 seconds left.
|
|t:|1769317961
|move|p1a: Blaziken|Blaze Kick|p2a: Pelipper
|-resisted|p2a: Pelipper
|-damage|p2a: Pelipper|44/100 tox
|move|p2a: Pelipper|Hurricane|p1a: Blaziken
|-supereffective|p1a: Blaziken
|-damage|p1a: Blaziken|0 fnt
|faint|p1a: Blaziken
|
|win|FUKNNlGERRAPlST69
|raw|Ummsweep???'s rating: 1047 &rarr; <strong>1032</strong><br />(-15 for losing)
|raw|FUKNNlGERRAPlST69's rating: 1087 &rarr; <strong>1111</strong><br />(+24 for winning)
|l|☆Ummsweep???
|player|p1|
