|j|☆forsithyl
|j|☆Berry84
|t:|1769407707
|gametype|singles
|player|p1|forsithyl|waiter|1182
|player|p2|Berry84|102|1222
|gen|9
|tier|[Gen 9] OU
|rated|
|rule|HP Percentage Mod: HP is shown in percentages
|rule|Endless Battle Clause: Forcing endless battles is banned
|rule|Species Clause: Limit one of each Pokémon
|rule|OHKO Clause: OHKO moves are banned
|rule|Evasion Items Clause: Evasion items are banned
|rule|Evasion Moves Clause: Evasion moves are banned
|rule|Evasion Abilities Clause: Evasion abilities are banned
|rule|Sleep Moves Clause: Sleep-inducing moves are banned
|clearpoke
|poke|p1|Masquerain, F|
|poke|p1|Scizor, M|
|poke|p1|Lokix, F|
|poke|p1|Araquanid, M|
|poke|p1|Yanmega, F|
|poke|p1|Forretress, M|
|poke|p2|Kyurem|
|poke|p2|Garganacl, F|
|poke|p2|Rillaboom, F|
|poke|p2|Cinderace, F|
|poke|p2|Tornadus-Therian, M|
|poke|p2|Kingambit, M|
|teampreview
|inactive|Battle timer is ON: inactive players will automatically lose when time's up. (requested by forsithyl)
|
|t:|1769407720
|teamsize|p1|6
|teamsize|p2|6
|start
|switch|p1a: slugger|Lokix, F|100/100
|switch|p2a: Tornadus|Tornadus-Therian, M|100/100
|turn|1
|
|t:|1769407728
|-terastallize|p1a: slugger|Bug
|move|p1a: slugger|First Impression|p2a: Tornadus
|-resisted|p2a: Tornadus
|-damage|p2a: Tornadus|0 fnt
|faint|p2a: Tornadus
|
|upkeep
|
|t:|1769407739
|switch|p2a: Cinderace|Cinderace, F|100/100
|turn|2
|
|t:|1769407742
|switch|p1a: lurker|Araquanid, M|100/100
|move|p2a: Cinderace|Pyro Ball|p1a: lurker
|-damage|p1a: lurker|67/100
|
|upkeep
|turn|3
|
|t:|1769407748
|move|p2a: Cinderace|U-turn|p1a: lurker
|-start|p2a: Cinderace|typechange|Bug|[from] ability: Libero
|-damage|p1a: lurker|29/100
|
|t:|1769407753
|switch|p2a: Rillaboom|Rillaboom, F|100/100|[from] U-turn
|-fieldstart|move: Grassy Terrain|[from] ability: Grassy Surge|[of] p2a: Rillaboom
|move|p1a: lurker|Rain Dance|p1a: lurker
|-weather|RainDance
|
|-weather|RainDance|[upkeep]
|-heal|p1a: lurker|35/100|[from] Grassy Terrain
|upkeep
|turn|4
|
|t:|1769407762
|switch|p1a: blocker|Forretress, M|100/100
|move|p2a: Rillaboom|Wood Hammer|p1a: blocker
|-resisted|p1a: blocker
|-damage|p1a: blocker|92/100
|-damage|p2a: Rillaboom|98/100|[from] Recoil
|
|-weather|RainDance|[upkeep]
|-heal|p2a: Rillaboom|100/100|[from] Grassy Terrain
|-heal|p1a: blocker|99/100|[from] Grassy Terrain
|upkeep
|turn|5
|
|t:|1769407766
|move|p2a: Rillaboom|Substitute|p2a: Rillaboom
|-start|p2a: Rillaboom|Substitute
|-damage|p2a: Rillaboom|76/100
|move|p1a: blocker|Reflect|p1a: blocker
|-sidestart|p1: forsithyl|Reflect
|
|-weather|RainDance|[upkeep]
|-heal|p2a: Rillaboom|82/100|[from] Grassy Terrain
|-heal|p2a: Rillaboom|88/100|[from] item: Leftovers
|-heal|p1a: blocker|100/100|[from] Grassy Terrain
|upkeep
|turn|6
|
|t:|1769407775
|move|p2a: Rillaboom|Leech Seed|p1a: blocker
|-start|p1a: blocker|move: Leech Seed
|move|p1a: blocker|Volt Switch|p2a: Rillaboom
|-resisted|p2a: Rillaboom
|-activate|p2a: Rillaboom|move: Substitute|[damage]
|
|t:|1769407778
|switch|p1a: flapper|Yanmega, F|100/100|[from] Volt Switch
|
|-weather|RainDance|[upkeep]
|-heal|p2a: Rillaboom|94/100|[from] Grassy Terrain
|-heal|p2a: Rillaboom|99/100|[from] item: Leftovers
|upkeep
|turn|7
|
|t:|1769407780
|move|p2a: Rillaboom|Leech Seed|p1a: flapper
|-start|p1a: flapper|move: Leech Seed
|move|p1a: flapper|Bug Buzz|p2a: Rillaboom
|-supereffective|p2a: Rillaboom
|-crit|p2a: Rillaboom
|-damage|p2a: Rillaboom|0 fnt
|faint|p2a: Rillaboom
|
|-weather|none
|-fieldend|move: Grassy Terrain
|upkeep
|
|t:|1769407795
|switch|p2a: Kyurem|Kyurem|100/100
|-ability|p2a: Kyurem|Pressure
|turn|8
|
|t:|1769407802
|switch|p1a: biter|Scizor, M|100/100
|move|p2a: Kyurem|Freeze-Dry|p1a: biter
|-resisted|p1a: biter
|-damage|p1a: biter|86/100
|
|upkeep
|turn|9
|
|t:|1769407809
|move|p2a: Kyurem|Earth Power|p1a: biter
|-damage|p1a: biter|62/100
|move|p1a: biter|Dual Wingbeat|p2a: Kyurem
|-damage|p2a: Kyurem|78/100
|-damage|p2a: Kyurem|57/100
|-hitcount|p2a: Kyurem|2
|
|upkeep
|turn|10
|
|t:|1769407816
|move|p1a: biter|Bullet Punch|p2a: Kyurem
|-supereffective|p2a: Kyurem
|-damage|p2a: Kyurem|0 fnt
|faint|p2a: Kyurem
|
|upkeep
|
|t:|1769407821
|switch|p2a: Garganacl|Garganacl, F|100/100
|turn|11
|
|t:|1769407827
|move|p1a: biter|Bullet Punch|p2a: Garganacl
|-supereffective|p2a: Garganacl
|-damage|p2a: Garganacl|57/100
|move|p2a: Garganacl|Iron Defense|p2a: Garganacl
|-boost|p2a: Garganacl|def|2
|
|-heal|p2a: Garganacl|64/100|[from] item: Leftovers
|upkeep
|turn|12
|
|t:|1769407835
|move|p1a: biter|U-turn|p2a: Garganacl
|-damage|p2a: Garganacl|51/100
|
|t:|1769407839
|switch|p1a: lurker|Araquanid, M|35/100|[from] U-turn
|move|p2a: Garganacl|Salt Cure|p1a: lurker
|-supereffective|p1a: lurker
|-crit|p1a: lurker
|-damage|p1a: lurker|0 fnt
|faint|p1a: lurker
|
|-heal|p2a: Garganacl|57/100|[from] item: Leftovers
|-sideend|p1: forsithyl|Reflect
|upkeep
|
|t:|1769407848
|switch|p1a: flapper|Yanmega, F|100/100
|turn|13
|
|t:|1769407852
|move|p1a: flapper|Bug Buzz|p2a: Garganacl
|-damage|p2a: Garganacl|11/100
|move|p2a: Garganacl|Salt Cure|p1a: flapper
|-supereffective|p1a: flapper
|-damage|p1a: flapper|28/100
|-start|p1a: flapper|Salt Cure
|
|-heal|p2a: Garganacl|17/100|[from] item: Leftovers
|-damage|p1a: flapper|15/100|[from] Salt Cure
|upkeep
|turn|14
|
|t:|1769407864
|move|p1a: flapper|Bug Buzz|p2a: Garganacl
|-damage|p2a: Garganacl|0 fnt
|faint|p2a: Garganacl
|
|-damage|p1a: flapper|3/100|[from] Salt Cure
|upkeep
|
|t:|1769407867
|switch|p2a: Kingambit|Kingambit, M|100/100
|-activate|p2a: Kingambit|ability: Supreme Overlord
|-start|p2a: Kingambit|fallen4|[silent]
|turn|15
|
|t:|1769407872
|move|p1a: flapper|Bug Buzz|p2a: Kingambit
|-damage|p2a: Kingambit|33/100
|move|p2a: Kingambit|Swords Dance|p2a: Kingambit
|-boost|p2a: Kingambit|atk|2
|
|-damage|p1a: flapper|0 fnt|[from] Salt Cure
|faint|p1a: flapper
|upkeep
|
|t:|1769407876
|switch|p1a: slugger|Lokix, F, tera:Bug|100/100
|turn|16
|c|☆forsithyl|gg
|
|t:|1769407882
|move|p1a: slugger|First Impression|p2a: Kingambit
|-damage|p2a: Kingambit|0 fnt
|faint|p2a: Kingambit
|-end|p2a: Kingambit|fallen4|[silent]
|
|upkeep
|
|t:|1769407885
|switch|p2a: Cinderace|Cinderace, F|100/100
|turn|17
|
|t:|1769407889
|switch|p1a: biter|Scizor, M|62/100
|move|p2a: Cinderace|Pyro Ball|p1a: biter
|-supereffective|p1a: biter
|-damage|p1a: biter|0 fnt
|faint|p1a: biter
|
|upkeep
|
|t:|1769407892
|switch|p1a: blocker|Forretress, M|100/100
|turn|18
|
|t:|1769407897
|move|p2a: Cinderace|Pyro Ball|p1a: blocker
|-supereffective|p1a: blocker
|-ability|p1a: blocker|Sturdy
|-damage|p1a: blocker|1/100
|move|p1a: blocker|Reflect|p1a: blocker
|-sidestart|p1: forsithyl|Reflect
|
|upkeep
|turn|19
|
|t:|1769407904
|move|p2a: Cinderace|Court Change|p2a: Cinderace
|-start|p2a: Cinderace|typechange|Normal|[from] ability: Libero
|-swapsideconditions
|-activate|p2a: Cinderace|move: Court Change
|move|p1a: blocker|Volt Switch|p2a: Cinderace
|-crit|p2a: Cinderace
|-damage|p2a: Cinderace|76/100
|
|t:|1769407909
|switch|p1a: whisker|Masquerain, F|100/100|[from] Volt Switch
|-ability|p1a: whisker|Intimidate|boost
|-unboost|p2a: Cinderace|atk|1
|
|upkeep
|turn|20
|
|t:|1769407916
|switch|p1a: blocker|Forretress, M|1/100
|move|p2a: Cinderace|Pyro Ball|p1a: blocker
|-supereffective|p1a: blocker
|-damage|p1a: blocker|0 fnt
|faint|p1a: blocker
|
|upkeep
|
|t:|1769407918
|switch|p1a: whisker|Masquerain, F|100/100
|-ability|p1a: whisker|Intimidate|boost
|-unboost|p2a: Cinderace|atk|1
|turn|21
|
|t:|1769407927
|move|p2a: Cinderace|Pyro Ball|p1a: whisker
|-supereffective|p1a: whisker
|-damage|p1a: whisker|37/100
|move|p1a: whisker|Quiver Dance|p1a: whisker
|-boost|p1a: whisker|spa|1
|-boost|p1a: whisker|spd|1
|-boost|p1a: whisker|spe|1
|
|upkeep
|turn|22
|
|t:|1769407935
|-terastallize|p2a: Cinderace|Ghost
|move|p1a: whisker|Ice Beam|p2a: Cinderace
|-damage|p2a: Cinderace|11/100
|move|p2a: Cinderace|Pyro Ball|p1a: whisker
|-supereffective|p1a: whisker
|-damage|p1a: whisker|0 fnt
|faint|p1a: whisker
|
|upkeep
|
|t:|1769407939
|switch|p1a: slugger|Lokix, F, tera:Bug|100/100
|turn|23
|c|☆forsithyl|gg
|
|t:|1769407943
|move|p1a: slugger|First Impression|p2a: Cinderace
|-resisted|p2a: Cinderace
|-damage|p2a: Cinderace|0 fnt
|faint|p2a: Cinderace
|
|win|forsithyl
|raw|forsithyl's rating: 1182 &rarr; <strong>1210</strong><br />(+28 for winning)
|raw|Berry84's rating: 1222 &rarr; <strong>1194</strong><br />(-28 for losing)
|c|☆Berry84|gg
|l|☆forsithyl
|player|p1|
|l|☆Berry84
|player|p2|
