|j|☆goon100
|j|☆notharmful
|t:|1769362326
|gametype|singles
|player|p1|goon100|170|1414
|player|p2|notharmful|darach-caitlin|1428
|gen|9
|tier|[Gen 9] OU
|rated|
|rule|HP Percentage Mod: HP is shown in percentages
|rule|Endless Battle Clause: Forcing endless battles is banned
|rule|Species Clause: Limit one of each Pokémon
|rule|OHKO Clause: OHKO moves are banned
|rule|Evasion Items Clause: Evasion items are banned
|rule|Evasion Moves Clause: Evasion moves are banned
|rule|Evasion Abilities Clause: Evasion abilities are banned
|rule|Sleep Moves Clause: Sleep-inducing moves are banned
|clearpoke
|poke|p1|Cinderace, M|
|poke|p1|Pecharunt|
|poke|p1|Deoxys-Speed|
|poke|p1|Dragonite, F|
|poke|p1|Golem-Alola, F|
|poke|p1|Ting-Lu|
|poke|p2|Hydrapple, F|
|poke|p2|Tinkaton, F|
|poke|p2|Moltres|
|poke|p2|Rotom-Wash|
|poke|p2|Great Tusk|
|poke|p2|Darkrai|
|teampreview
|inactive|Battle timer is ON: inactive players will automatically lose when time's up. (requested by goon100)
|
|t:|1769362348
|teamsize|p1|6
|teamsize|p2|6
|start
|switch|p1a: Golem|Golem-Alola, F|100/100
|switch|p2a: Great Tusk|Great Tusk|100/100
|turn|1
|
|t:|1769362355
|switch|p1a: Ting-Lu|Ting-Lu|100/100
|-ability|p1a: Ting-Lu|Vessel of Ruin
|move|p2a: Great Tusk|Headlong Rush|p1a: Ting-Lu
|-damage|p1a: Ting-Lu|64/100
|-unboost|p2a: Great Tusk|def|1
|-unboost|p2a: Great Tusk|spd|1
|
|-heal|p1a: Ting-Lu|71/100|[from] item: Leftovers
|upkeep
|turn|2
|
|t:|1769362366
|-end|p2a: Great Tusk|Protosynthesis|[silent]
|switch|p2a: Rotom|Rotom-Wash|100/100
|move|p1a: Ting-Lu|Ruination|p2a: Rotom|[miss]
|-miss|p1a: Ting-Lu|p2a: Rotom
|
|-heal|p1a: Ting-Lu|77/100|[from] item: Leftovers
|upkeep
|turn|3
|
|t:|1769362374
|move|p2a: Rotom|Will-O-Wisp|p1a: Ting-Lu
|-status|p1a: Ting-Lu|brn
|move|p1a: Ting-Lu|Ruination|p2a: Rotom
|-damage|p2a: Rotom|51/100
|
|-heal|p1a: Ting-Lu|83/100 brn|[from] item: Leftovers
|-damage|p1a: Ting-Lu|77/100 brn|[from] brn
|upkeep
|turn|4
|
|t:|1769362384
|move|p2a: Rotom|Hydro Pump|p1a: Ting-Lu
|-supereffective|p1a: Ting-Lu
|-damage|p1a: Ting-Lu|44/100 brn
|move|p1a: Ting-Lu|Ruination|p2a: Rotom
|-damage|p2a: Rotom|26/100
|
|-heal|p1a: Ting-Lu|50/100 brn|[from] item: Leftovers
|-damage|p1a: Ting-Lu|44/100 brn|[from] brn
|upkeep
|turn|5
|
|t:|1769362396
|move|p2a: Rotom|Hydro Pump|p1a: Ting-Lu
|-supereffective|p1a: Ting-Lu
|-damage|p1a: Ting-Lu|9/100 brn
|move|p1a: Ting-Lu|Stealth Rock|p2a: Rotom
|-sidestart|p2: notharmful|move: Stealth Rock
|
|-heal|p1a: Ting-Lu|15/100 brn|[from] item: Leftovers
|-damage|p1a: Ting-Lu|9/100 brn|[from] brn
|upkeep
|turn|6
|
|t:|1769362403
|move|p2a: Rotom|Hydro Pump|p1a: Ting-Lu
|-supereffective|p1a: Ting-Lu
|-damage|p1a: Ting-Lu|0 fnt
|faint|p1a: Ting-Lu
|
|upkeep
|
|t:|1769362414
|switch|p1a: Deoxys|Deoxys-Speed|100/100
|-ability|p1a: Deoxys|Pressure
|turn|7
|
|t:|1769362421
|move|p1a: Deoxys|Thunderbolt|p2a: Rotom
|-damage|p2a: Rotom|0 fnt
|faint|p2a: Rotom
|
|upkeep
|
|t:|1769362424
|switch|p2a: Tinkaton|Tinkaton, F|100/100
|-damage|p2a: Tinkaton|94/100|[from] Stealth Rock
|-ability|p2a: Tinkaton|Mold Breaker
|turn|8
|
|t:|1769362430
|switch|p1a: Golem|Golem-Alola, F|100/100
|move|p2a: Tinkaton|Knock Off|p1a: Golem
|-damage|p1a: Golem|84/100
|-enditem|p1a: Golem|Choice Band|[from] move: Knock Off|[of] p2a: Tinkaton
|
|-heal|p2a: Tinkaton|100/100|[from] item: Leftovers
|upkeep
|turn|9
|
|t:|1769362451
|move|p2a: Tinkaton|Gigaton Hammer|p1a: Golem
|-damage|p1a: Golem|47/100
|move|p1a: Golem|Earthquake|p2a: Tinkaton
|-supereffective|p2a: Tinkaton
|-damage|p2a: Tinkaton|30/100
|
|-heal|p2a: Tinkaton|36/100|[from] item: Leftovers
|upkeep
|turn|10
|
|t:|1769362459
|move|p2a: Tinkaton|Stealth Rock|p1a: Golem
|-sidestart|p1: goon100|move: Stealth Rock
|move|p1a: Golem|Earthquake|p2a: Tinkaton
|-supereffective|p2a: Tinkaton
|-damage|p2a: Tinkaton|0 fnt
|faint|p2a: Tinkaton
|
|upkeep
|
|t:|1769362461
|switch|p2a: Great Tusk|Great Tusk|100/100
|turn|11
|
|t:|1769362475
|move|p2a: Great Tusk|Knock Off|p1a: Golem
|-damage|p1a: Golem|28/100
|move|p1a: Golem|Earthquake|p2a: Great Tusk
|-damage|p2a: Great Tusk|76/100
|
|upkeep
|turn|12
|
|t:|1769362481
|move|p2a: Great Tusk|Rapid Spin|p1a: Golem
|-resisted|p1a: Golem
|-damage|p1a: Golem|20/100
|-boost|p2a: Great Tusk|spe|1
|-sideend|p2: notharmful|Stealth Rock|[from] move: Rapid Spin|[of] p2a: Great Tusk
|move|p1a: Golem|Earthquake|p2a: Great Tusk
|-damage|p2a: Great Tusk|53/100
|
|upkeep
|turn|13
|
|t:|1769362490
|move|p2a: Great Tusk|Ice Spinner|p1a: Golem
|-damage|p1a: Golem|0 fnt
|faint|p1a: Golem
|
|upkeep
|
|t:|1769362515
|switch|p1a: Deoxys|Deoxys-Speed|100/100
|-ability|p1a: Deoxys|Pressure
|turn|14
|
|t:|1769362520
|-end|p2a: Great Tusk|Protosynthesis|[silent]
|switch|p2a: Hydrapple|Hydrapple, F|100/100
|move|p1a: Deoxys|Ice Beam|p2a: Hydrapple
|-supereffective|p2a: Hydrapple
|-damage|p2a: Hydrapple|0 fnt
|faint|p2a: Hydrapple
|
|upkeep
|
|t:|1769362523
|switch|p2a: Darkrai|Darkrai|100/100
|turn|15
|
|t:|1769362536
|-terastallize|p1a: Deoxys|Electric
|move|p1a: Deoxys|Nasty Plot|p1a: Deoxys
|-boost|p1a: Deoxys|spa|2
|move|p2a: Darkrai|Nasty Plot|p2a: Darkrai
|-boost|p2a: Darkrai|spa|2
|
|upkeep
|turn|16
|
|t:|1769362556
|move|p1a: Deoxys|Thunderbolt|p2a: Darkrai
|-damage|p2a: Darkrai|0 fnt
|faint|p2a: Darkrai
|
|upkeep
|
|t:|1769362559
|switch|p2a: Moltres|Moltres|100/100
|turn|17
|
|t:|1769362562
|-terastallize|p2a: Moltres|Fairy
|move|p1a: Deoxys|Psycho Boost|p2a: Moltres
|-damage|p2a: Moltres|1/100
|-unboost|p1a: Deoxys|spa|2
|move|p2a: Moltres|Flamethrower|p1a: Deoxys
|-damage|p1a: Deoxys|50/100
|
|upkeep
|turn|18
|
|t:|1769362571
|move|p1a: Deoxys|Ice Beam|p2a: Moltres
|-damage|p2a: Moltres|0 fnt
|faint|p2a: Moltres
|
|upkeep
|c|☆goon100|gg
|-message|notharmful forfeited.
|
|win|goon100
|raw|goon100's rating: 1414 &rarr; <strong>1435</strong><br />(+21 for winning)
|raw|notharmful's rating: 1428 &rarr; <strong>1407</strong><br />(-21 for losing)
|l|☆notharmful
|player|p2|
|l|☆goon100
|player|p1|
