|j|☆goth r goat
|j|☆jazzbucket
|t:|1769308387
|gametype|singles
|player|p1|goth r goat|furisodegirl-black|1382
|player|p2|jazzbucket|sabrina|1421
|gen|9
|tier|[Gen 9] OU
|rated|
|rule|HP Percentage Mod: HP is shown in percentages
|rule|Endless Battle Clause: Forcing endless battles is banned
|rule|Species Clause: Limit one of each Pokémon
|rule|OHKO Clause: OHKO moves are banned
|rule|Evasion Items Clause: Evasion items are banned
|rule|Evasion Moves Clause: Evasion moves are banned
|rule|Evasion Abilities Clause: Evasion abilities are banned
|rule|Sleep Moves Clause: Sleep-inducing moves are banned
|clearpoke
|poke|p1|Great Tusk|
|poke|p1|Walking Wake|
|poke|p1|Kingambit, F|
|poke|p1|Venusaur, F|
|poke|p1|Ninetales, F|
|poke|p1|Raging Bolt|
|poke|p2|Clefable, F|
|poke|p2|Great Tusk|
|poke|p2|Dragapult, F|
|poke|p2|Slowking-Galar, M|
|poke|p2|Corviknight, F|
|poke|p2|Samurott-Hisui, M|
|teampreview
|
|t:|1769308414
|teamsize|p1|6
|teamsize|p2|6
|start
|switch|p1a: Walking Wake|Walking Wake|100/100
|switch|p2a: Great Tusk|Great Tusk|100/100
|turn|1
|
|t:|1769308420
|-end|p2a: Great Tusk|Protosynthesis|[silent]
|switch|p2a: Clefable|Clefable, F|100/100
|move|p1a: Walking Wake|Flip Turn|p2a: Clefable
|-damage|p2a: Clefable|89/100
|
|t:|1769308430
|-end|p1a: Walking Wake|Protosynthesis|[silent]
|switch|p1a: Venusaur|Venusaur, F|100/100|[from] Flip Turn
|
|-heal|p2a: Clefable|95/100|[from] item: Leftovers
|upkeep
|turn|2
|
|t:|1769308439
|switch|p1a: Ninetales|Ninetales, F|100/100
|-weather|SunnyDay|[from] ability: Drought|[of] p1a: Ninetales
|switch|p2a: Corviknight|Corviknight, F|100/100
|-ability|p2a: Corviknight|Pressure
|
|-weather|SunnyDay|[upkeep]
|upkeep
|turn|3
|
|t:|1769308444
|switch|p2a: Slowking|Slowking-Galar, M|100/100
|move|p1a: Ninetales|Will-O-Wisp|p2a: Slowking
|-status|p2a: Slowking|brn
|
|-weather|SunnyDay|[upkeep]
|-damage|p2a: Slowking|94/100 brn|[from] brn
|upkeep
|turn|4
|
|t:|1769308450
|switch|p1a: Walking Wake|Walking Wake|100/100
|-activate|p1a: Walking Wake|ability: Protosynthesis
|-start|p1a: Walking Wake|protosynthesisspe
|move|p2a: Slowking|Flamethrower|p1a: Walking Wake
|-resisted|p1a: Walking Wake
|-damage|p1a: Walking Wake|89/100
|
|-weather|SunnyDay|[upkeep]
|-damage|p2a: Slowking|88/100 brn|[from] brn
|upkeep
|turn|5
|
|t:|1769308457
|move|p1a: Walking Wake|Flip Turn|p2a: Slowking
|-damage|p2a: Slowking|80/100 brn
|
|t:|1769308464
|-end|p1a: Walking Wake|Protosynthesis|[silent]
|switch|p1a: Ninetales|Ninetales, F|100/100|[from] Flip Turn
|move|p2a: Slowking|Sludge Bomb|p1a: Ninetales
|-damage|p1a: Ninetales|58/100
|
|-weather|SunnyDay|[upkeep]
|-damage|p2a: Slowking|74/100 brn|[from] brn
|upkeep
|turn|6
|
|t:|1769308471
|switch|p1a: Great Tusk|Great Tusk|100/100
|-activate|p1a: Great Tusk|ability: Protosynthesis
|-start|p1a: Great Tusk|protosynthesisatk
|switch|p2a: Samurott|Samurott-Hisui, M|100/100
|
|-weather|SunnyDay|[upkeep]
|upkeep
|turn|7
|
|t:|1769308492
|switch|p2a: Corviknight|Corviknight, F|100/100
|-ability|p2a: Corviknight|Pressure
|move|p1a: Great Tusk|Close Combat|p2a: Corviknight
|-damage|p2a: Corviknight|52/100
|-unboost|p1a: Great Tusk|def|1
|-unboost|p1a: Great Tusk|spd|1
|-damage|p1a: Great Tusk|84/100|[from] item: Rocky Helmet|[of] p2a: Corviknight
|
|-weather|SunnyDay|[upkeep]
|upkeep
|turn|8
|
|t:|1769308505
|-end|p1a: Great Tusk|Protosynthesis|[silent]
|switch|p1a: Raging Bolt|Raging Bolt|100/100
|-item|p1a: Raging Bolt|Air Balloon
|-activate|p1a: Raging Bolt|ability: Protosynthesis
|-start|p1a: Raging Bolt|protosynthesisspa
|move|p2a: Corviknight|Roost|p2a: Corviknight
|-heal|p2a: Corviknight|100/100
|-singleturn|p2a: Corviknight|move: Roost
|
|-weather|SunnyDay|[upkeep]
|upkeep
|turn|9
|
|t:|1769308547
|-end|p1a: Raging Bolt|Protosynthesis|[silent]
|switch|p1a: Great Tusk|Great Tusk|84/100
|-activate|p1a: Great Tusk|ability: Protosynthesis
|-start|p1a: Great Tusk|protosynthesisatk
|move|p2a: Corviknight|U-turn|p1a: Great Tusk
|-resisted|p1a: Great Tusk
|-damage|p1a: Great Tusk|79/100
|
|t:|1769308552
|switch|p2a: Clefable|Clefable, F|95/100|[from] U-turn
|
|-weather|none
|-end|p1a: Great Tusk|Protosynthesis
|-heal|p2a: Clefable|100/100|[from] item: Leftovers
|upkeep
|turn|10
|
|t:|1769308573
|-end|p1a: Great Tusk|Protosynthesis|[silent]
|switch|p1a: Venusaur|Venusaur, F|100/100
|move|p2a: Clefable|Knock Off|p1a: Venusaur
|-damage|p1a: Venusaur|82/100
|-enditem|p1a: Venusaur|Life Orb|[from] move: Knock Off|[of] p2a: Clefable
|
|upkeep
|turn|11
|
|t:|1769308578
|move|p1a: Venusaur|Sludge Bomb|p2a: Clefable
|-supereffective|p2a: Clefable
|-damage|p2a: Clefable|20/100
|-status|p2a: Clefable|psn
|move|p2a: Clefable|Stealth Rock|p1a: Venusaur
|-sidestart|p1: goth r goat|move: Stealth Rock
|
|-heal|p2a: Clefable|26/100 psn|[from] item: Leftovers
|upkeep
|turn|12
|
|t:|1769308582
|switch|p1a: Ninetales|Ninetales, F|58/100
|-damage|p1a: Ninetales|33/100|[from] Stealth Rock
|-weather|SunnyDay|[from] ability: Drought|[of] p1a: Ninetales
|move|p2a: Clefable|Knock Off|p1a: Ninetales
|-damage|p1a: Ninetales|15/100
|-enditem|p1a: Ninetales|Heat Rock|[from] move: Knock Off|[of] p2a: Clefable
|
|-weather|SunnyDay|[upkeep]
|-heal|p2a: Clefable|32/100 psn|[from] item: Leftovers
|upkeep
|turn|13
|
|t:|1769308587
|move|p1a: Ninetales|Weather Ball|p2a: Clefable
|-damage|p2a: Clefable|0 fnt
|faint|p2a: Clefable
|
|-weather|SunnyDay|[upkeep]
|upkeep
|
|t:|1769308598
|switch|p2a: Great Tusk|Great Tusk|100/100
|-activate|p2a: Great Tusk|ability: Protosynthesis
|-start|p2a: Great Tusk|protosynthesisatk
|turn|14
|
|t:|1769308608
|-end|p2a: Great Tusk|Protosynthesis|[silent]
|switch|p2a: Slowking|Slowking-Galar, M|100/100 brn
|move|p1a: Ninetales|Will-O-Wisp|p2a: Slowking
|-fail|p2a: Slowking|brn
|
|-weather|SunnyDay|[upkeep]
|-damage|p2a: Slowking|94/100 brn|[from] brn
|upkeep
|turn|15
|
|t:|1769308642
|switch|p1a: Great Tusk|Great Tusk|79/100
|-damage|p1a: Great Tusk|76/100|[from] Stealth Rock
|-activate|p1a: Great Tusk|ability: Protosynthesis
|-start|p1a: Great Tusk|protosynthesisatk
|move|p2a: Slowking|Flamethrower|p1a: Great Tusk
|-damage|p1a: Great Tusk|37/100
|-status|p1a: Great Tusk|brn
|
|-weather|SunnyDay|[upkeep]
|-damage|p1a: Great Tusk|30/100 brn|[from] brn
|-damage|p2a: Slowking|88/100 brn|[from] brn
|upkeep
|turn|16
|
|t:|1769308657
|switch|p2a: Corviknight|Corviknight, F|100/100
|-ability|p2a: Corviknight|Pressure
|move|p1a: Great Tusk|Ice Spinner|p2a: Corviknight
|-damage|p2a: Corviknight|89/100
|-damage|p1a: Great Tusk|14/100 brn|[from] item: Rocky Helmet|[of] p2a: Corviknight
|
|-weather|SunnyDay|[upkeep]
|-damage|p1a: Great Tusk|8/100 brn|[from] brn
|upkeep
|turn|17
|
|t:|1769308664
|move|p1a: Great Tusk|Rapid Spin|p2a: Corviknight
|-resisted|p2a: Corviknight
|-damage|p2a: Corviknight|85/100
|-boost|p1a: Great Tusk|spe|1
|-damage|p1a: Great Tusk|0 fnt|[from] item: Rocky Helmet|[of] p2a: Corviknight
|faint|p1a: Great Tusk
|-end|p1a: Great Tusk|Protosynthesis|[silent]
|move|p2a: Corviknight|Roost|p2a: Corviknight
|-heal|p2a: Corviknight|100/100
|-singleturn|p2a: Corviknight|move: Roost
|
|-weather|SunnyDay|[upkeep]
|upkeep
|
|t:|1769308672
|switch|p1a: Venusaur|Venusaur, F|82/100
|-damage|p1a: Venusaur|70/100|[from] Stealth Rock
|turn|18
|
|t:|1769308692
|switch|p2a: Slowking|Slowking-Galar, M|100/100 brn
|move|p1a: Venusaur|Weather Ball|p2a: Slowking
|-damage|p2a: Slowking|80/100 brn
|
|-weather|SunnyDay|[upkeep]
|-damage|p2a: Slowking|74/100 brn|[from] brn
|upkeep
|turn|19
|
|t:|1769308704
|move|p1a: Venusaur|Weather Ball|p2a: Slowking
|-damage|p2a: Slowking|51/100 brn
|move|p2a: Slowking|Ice Beam|p1a: Venusaur
|-supereffective|p1a: Venusaur
|-damage|p1a: Venusaur|7/100
|
|-weather|none
|-damage|p2a: Slowking|45/100 brn|[from] brn
|upkeep
|turn|20
|
|t:|1769308716
|switch|p2a: Samurott|Samurott-Hisui, M|100/100
|move|p1a: Venusaur|Giga Drain|p2a: Samurott
|-supereffective|p2a: Samurott
|-damage|p2a: Samurott|13/100
|-heal|p1a: Venusaur|61/100|[from] drain|[of] p2a: Samurott
|
|upkeep
|turn|21
|
|t:|1769308723
|switch|p2a: Corviknight|Corviknight, F|100/100
|-ability|p2a: Corviknight|Pressure
|move|p1a: Venusaur|Giga Drain|p2a: Corviknight
|-resisted|p2a: Corviknight
|-crit|p2a: Corviknight
|-damage|p2a: Corviknight|89/100
|-heal|p1a: Venusaur|69/100|[from] drain|[of] p2a: Corviknight
|
|upkeep
|turn|22
|
|t:|1769308727
|switch|p1a: Ninetales|Ninetales, F|15/100
|-damage|p1a: Ninetales|0 fnt|[from] Stealth Rock
|faint|p1a: Ninetales
|move|p2a: Corviknight|Brave Bird|p1: Ninetales|[notarget]
|-fail|p2a: Corviknight
|
|upkeep
|
|t:|1769308731
|switch|p1a: Raging Bolt|Raging Bolt|100/100
|-damage|p1a: Raging Bolt|88/100|[from] Stealth Rock
|-item|p1a: Raging Bolt|Air Balloon
|turn|23
|
|t:|1769308768
|-terastallize|p2a: Corviknight|Dragon
|move|p1a: Raging Bolt|Thunderbolt|p2a: Corviknight
|-resisted|p2a: Corviknight
|-damage|p2a: Corviknight|62/100
|move|p2a: Corviknight|U-turn|p1a: Raging Bolt
|-damage|p1a: Raging Bolt|74/100
|-enditem|p1a: Raging Bolt|Air Balloon
|
|t:|1769308773
|switch|p2a: Great Tusk|Great Tusk|100/100|[from] U-turn
|
|upkeep
|turn|24
|
|t:|1769308781
|-end|p1a: Raging Bolt|Protosynthesis|[silent]
|switch|p1a: Venusaur|Venusaur, F|69/100
|-damage|p1a: Venusaur|57/100|[from] Stealth Rock
|move|p2a: Great Tusk|Headlong Rush|p1a: Venusaur
|-damage|p1a: Venusaur|0 fnt
|-unboost|p2a: Great Tusk|def|1
|-unboost|p2a: Great Tusk|spd|1
|faint|p1a: Venusaur
|
|upkeep
|
|t:|1769308784
|switch|p1a: Walking Wake|Walking Wake|89/100
|-damage|p1a: Walking Wake|77/100|[from] Stealth Rock
|turn|25
|
|t:|1769308792
|-end|p2a: Great Tusk|Protosynthesis|[silent]
|switch|p2a: Samurott|Samurott-Hisui, M|13/100
|move|p1a: Walking Wake|Flip Turn|p2a: Samurott
|-resisted|p2a: Samurott
|-damage|p2a: Samurott|4/100
|
|t:|1769308796
|-end|p1a: Walking Wake|Protosynthesis|[silent]
|switch|p1a: Raging Bolt|Raging Bolt|74/100|[from] Flip Turn
|-damage|p1a: Raging Bolt|62/100|[from] Stealth Rock
|
|upkeep
|turn|26
|
|t:|1769308799
|move|p2a: Samurott|Aqua Jet|p1a: Raging Bolt
|-resisted|p1a: Raging Bolt
|-damage|p1a: Raging Bolt|54/100
|move|p1a: Raging Bolt|Thunderbolt|p2a: Samurott
|-supereffective|p2a: Samurott
|-damage|p2a: Samurott|0 fnt
|faint|p2a: Samurott
|
|upkeep
|
|t:|1769308803
|switch|p2a: Great Tusk|Great Tusk|100/100
|turn|27
|
|t:|1769308813
|move|p2a: Great Tusk|Ice Spinner|p1a: Raging Bolt
|-supereffective|p1a: Raging Bolt
|-damage|p1a: Raging Bolt|0 fnt
|faint|p1a: Raging Bolt
|-end|p1a: Raging Bolt|Protosynthesis|[silent]
|
|upkeep
|
|t:|1769308817
|switch|p1a: Walking Wake|Walking Wake|77/100
|-damage|p1a: Walking Wake|65/100|[from] Stealth Rock
|turn|28
|
|t:|1769308840
|-end|p2a: Great Tusk|Protosynthesis|[silent]
|switch|p2a: Corviknight|Corviknight, F, tera:Dragon|62/100
|-ability|p2a: Corviknight|Pressure
|move|p1a: Walking Wake|Draco Meteor|p2a: Corviknight
|-supereffective|p2a: Corviknight
|-damage|p2a: Corviknight|0 fnt
|-unboost|p1a: Walking Wake|spa|2
|faint|p2a: Corviknight
|
|upkeep
|
|t:|1769308851
|switch|p2a: Dragapult|Dragapult, F|100/100
|turn|29
|
|t:|1769308858
|move|p2a: Dragapult|U-turn|p1a: Walking Wake
|-damage|p1a: Walking Wake|47/100
|
|t:|1769308898
|switch|p2a: Slowking|Slowking-Galar, M|78/100 brn|[from] U-turn
|move|p1a: Walking Wake|Draco Meteor|p2a: Slowking
|-crit|p2a: Slowking
|-damage|p2a: Slowking|22/100 brn
|-unboost|p1a: Walking Wake|spa|2
|
|-damage|p2a: Slowking|16/100 brn|[from] brn
|upkeep
|turn|30
|
|t:|1769308910
|move|p1a: Walking Wake|Flip Turn|p2a: Slowking
|-damage|p2a: Slowking|0 fnt
|faint|p2a: Slowking
|
|t:|1769308912
|-end|p1a: Walking Wake|Protosynthesis|[silent]
|switch|p1a: Kingambit|Kingambit, F|100/100|[from] Flip Turn
|-damage|p1a: Kingambit|94/100|[from] Stealth Rock
|-activate|p1a: Kingambit|ability: Supreme Overlord
|-start|p1a: Kingambit|fallen4|[silent]
|-item|p1a: Kingambit|Air Balloon
|
|upkeep
|
|t:|1769308924
|switch|p2a: Great Tusk|Great Tusk|100/100
|turn|31
|
|t:|1769308929
|-terastallize|p1a: Kingambit|Ghost
|move|p2a: Great Tusk|Rapid Spin|p1a: Kingambit
|-immune|p1a: Kingambit
|move|p1a: Kingambit|Swords Dance|p1a: Kingambit
|-boost|p1a: Kingambit|atk|2
|
|upkeep
|turn|32
|
|t:|1769308932
|move|p2a: Great Tusk|Ice Spinner|p1a: Kingambit
|-damage|p1a: Kingambit|73/100
|-enditem|p1a: Kingambit|Air Balloon
|move|p1a: Kingambit|Iron Head|p2a: Great Tusk
|-damage|p2a: Great Tusk|8/100
|
|-heal|p2a: Great Tusk|14/100|[from] item: Leftovers
|upkeep
|turn|33
|
|t:|1769308937
|move|p1a: Kingambit|Sucker Punch|p2a: Great Tusk
|-resisted|p2a: Great Tusk
|-damage|p2a: Great Tusk|0 fnt
|faint|p2a: Great Tusk
|-end|p2a: Great Tusk|Protosynthesis|[silent]
|
|upkeep
|
|t:|1769308938
|switch|p2a: Dragapult|Dragapult, F|100/100
|turn|34
|c|☆jazzbucket|gg
|
|t:|1769308942
|move|p1a: Kingambit|Sucker Punch|p2a: Dragapult
|-supereffective|p2a: Dragapult
|-damage|p2a: Dragapult|0 fnt
|faint|p2a: Dragapult
|
|win|goth r goat
|raw|goth r goat's rating: 1382 &rarr; <strong>1404</strong><br />(+22 for winning)
|raw|jazzbucket's rating: 1421 &rarr; <strong>1399</strong><br />(-22 for losing)
|c|☆goth r goat|gg
|l|☆jazzbucket
|player|p2|
