|j|☆coolcinnabuns
|j|☆athene10
|t:|1769439779
|gametype|singles
|player|p1|coolcinnabuns|102|1251
|player|p2|athene10|fisherman-gen4|1303
|gen|9
|tier|[Gen 9] OU
|rated|
|rule|HP Percentage Mod: HP is shown in percentages
|rule|Endless Battle Clause: Forcing endless battles is banned
|rule|Species Clause: Limit one of each Pokémon
|rule|OHKO Clause: OHKO moves are banned
|rule|Evasion Items Clause: Evasion items are banned
|rule|Evasion Moves Clause: Evasion moves are banned
|rule|Evasion Abilities Clause: Evasion abilities are banned
|rule|Sleep Moves Clause: Sleep-inducing moves are banned
|clearpoke
|poke|p1|Jolteon, M|
|poke|p1|Clefable, F|
|poke|p1|Sceptile, F|
|poke|p1|Conkeldurr, F|
|poke|p1|Revavroom, M|
|poke|p1|Gyarados, F|
|poke|p2|Cinderace, M|
|poke|p2|Corviknight, M|
|poke|p2|Dragapult, F|
|poke|p2|Clodsire, F|
|poke|p2|Gyarados, M|
|poke|p2|Kingambit, M|
|teampreview
|
|t:|1769439802
|teamsize|p1|6
|teamsize|p2|6
|start
|switch|p1a: Gyarados|Gyarados, F|100/100
|switch|p2a: Cinderace|Cinderace, M|100/100
|-ability|p1a: Gyarados|Intimidate|boost
|-unboost|p2a: Cinderace|atk|1
|turn|1
|
|t:|1769439818
|switch|p2a: Clodsire|Clodsire, F|100/100
|move|p1a: Gyarados|Thunder Wave|p2a: Clodsire
|-immune|p2a: Clodsire
|
|upkeep
|turn|2
|
|t:|1769439835
|switch|p1a: Revavroom|Revavroom, M|100/100
|-item|p1a: Revavroom|Air Balloon
|move|p2a: Clodsire|Stealth Rock|p1a: Revavroom
|-sidestart|p1: coolcinnabuns|move: Stealth Rock
|
|upkeep
|turn|3
|
|t:|1769439845
|switch|p2a: Corviknight|Corviknight, M|100/100
|-ability|p2a: Corviknight|Pressure
|move|p1a: Revavroom|Shift Gear|p1a: Revavroom
|-boost|p1a: Revavroom|spe|2
|-boost|p1a: Revavroom|atk|1
|
|upkeep
|turn|4
|
|t:|1769439855
|move|p1a: Revavroom|Iron Head|p2a: Corviknight
|-resisted|p2a: Corviknight
|-damage|p2a: Corviknight|81/100
|-damage|p1a: Revavroom|84/100|[from] item: Rocky Helmet|[of] p2a: Corviknight
|move|p2a: Corviknight|Body Press|p1a: Revavroom
|-damage|p1a: Revavroom|54/100
|-enditem|p1a: Revavroom|Air Balloon
|
|upkeep
|turn|5
|
|t:|1769439874
|switch|p1a: Gyarados|Gyarados, F|100/100
|-damage|p1a: Gyarados|76/100|[from] Stealth Rock
|-ability|p1a: Gyarados|Intimidate|boost
|-unboost|p2a: Corviknight|atk|1
|move|p2a: Corviknight|Iron Defense|p2a: Corviknight
|-boost|p2a: Corviknight|def|2
|
|-heal|p1a: Gyarados|82/100|[from] item: Leftovers
|upkeep
|turn|6
|
|t:|1769439890
|switch|p2a: Clodsire|Clodsire, F|100/100
|move|p1a: Gyarados|Waterfall|p2a: Clodsire
|-immune|p2a: Clodsire|[from] ability: Water Absorb
|
|-heal|p1a: Gyarados|88/100|[from] item: Leftovers
|upkeep
|turn|7
|
|t:|1769439898
|move|p1a: Gyarados|Dragon Dance|p1a: Gyarados
|-boost|p1a: Gyarados|atk|1
|-boost|p1a: Gyarados|spe|1
|move|p2a: Clodsire|Toxic|p1a: Gyarados
|-status|p1a: Gyarados|tox
|
|-heal|p1a: Gyarados|94/100 tox|[from] item: Leftovers
|-damage|p1a: Gyarados|88/100 tox|[from] psn
|upkeep
|turn|8
|
|t:|1769439914
|switch|p2a: Corviknight|Corviknight, M|81/100
|-ability|p2a: Corviknight|Pressure
|move|p1a: Gyarados|Earthquake|p2a: Corviknight
|-immune|p2a: Corviknight
|
|-heal|p1a: Gyarados|94/100 tox|[from] item: Leftovers
|-damage|p1a: Gyarados|82/100 tox|[from] psn
|upkeep
|turn|9
|
|t:|1769439924
|move|p1a: Gyarados|Dragon Dance|p1a: Gyarados
|-boost|p1a: Gyarados|atk|1
|-boost|p1a: Gyarados|spe|1
|move|p2a: Corviknight|Iron Defense|p2a: Corviknight
|-boost|p2a: Corviknight|def|2
|
|-heal|p1a: Gyarados|88/100 tox|[from] item: Leftovers
|-damage|p1a: Gyarados|69/100 tox|[from] psn
|upkeep
|turn|10
|
|t:|1769439941
|move|p1a: Gyarados|Thunder Wave|p2a: Corviknight
|-status|p2a: Corviknight|par
|cant|p2a: Corviknight|par
|
|-heal|p1a: Gyarados|76/100 tox|[from] item: Leftovers
|-damage|p1a: Gyarados|51/100 tox|[from] psn
|upkeep
|turn|11
|
|t:|1769439950
|switch|p1a: Jolteon|Jolteon, M|100/100
|-damage|p1a: Jolteon|88/100|[from] Stealth Rock
|move|p2a: Corviknight|Body Press|p1a: Jolteon
|-damage|p1a: Jolteon|0 fnt
|faint|p1a: Jolteon
|
|upkeep
|
|t:|1769439958
|switch|p1a: Clefable|Clefable, F|100/100
|turn|12
|inactive|Battle timer is ON: inactive players will automatically lose when time's up. (requested by coolcinnabuns)
|
|t:|1769439998
|switch|p2a: Gyarados|Gyarados, M|100/100
|move|p1a: Clefable|Cosmic Power|p1a: Clefable
|-boost|p1a: Clefable|def|1
|-boost|p1a: Clefable|spd|1
|
|upkeep
|turn|13
|
|t:|1769440009
|move|p2a: Gyarados|Taunt|p1a: Clefable
|-start|p1a: Clefable|move: Taunt
|move|p1a: Clefable|Moonblast|p2a: Gyarados
|-damage|p2a: Gyarados|56/100
|
|upkeep
|turn|14
|
|t:|1769440017
|switch|p2a: Cinderace|Cinderace, M|100/100
|move|p1a: Clefable|Moonblast|p2a: Cinderace
|-resisted|p2a: Cinderace
|-damage|p2a: Cinderace|73/100
|
|upkeep
|turn|15
|
|t:|1769440038
|switch|p1a: Gyarados|Gyarados, F|51/100 tox
|-damage|p1a: Gyarados|26/100 tox|[from] Stealth Rock
|-ability|p1a: Gyarados|Intimidate|boost
|-unboost|p2a: Cinderace|atk|1
|move|p2a: Cinderace|Pyro Ball|p1a: Gyarados
|-resisted|p1a: Gyarados
|-damage|p1a: Gyarados|4/100 tox
|
|-heal|p1a: Gyarados|10/100 tox|[from] item: Leftovers
|-damage|p1a: Gyarados|4/100 tox|[from] psn
|upkeep
|turn|16
|
|t:|1769440053
|move|p2a: Cinderace|U-turn|p1a: Gyarados
|-start|p2a: Cinderace|typechange|Bug|[from] ability: Libero
|-resisted|p1a: Gyarados
|-damage|p1a: Gyarados|0 fnt
|faint|p1a: Gyarados
|
|t:|1769440059
|switch|p2a: Dragapult|Dragapult, F|100/100|[from] U-turn
|
|upkeep
|
|t:|1769440066
|switch|p1a: Conkeldurr|Conkeldurr, F|100/100
|-damage|p1a: Conkeldurr|94/100|[from] Stealth Rock
|turn|17
|
|t:|1769440071
|move|p2a: Dragapult|Draco Meteor|p1a: Conkeldurr|[miss]
|-miss|p2a: Dragapult|p1a: Conkeldurr
|move|p1a: Conkeldurr|Knock Off|p2a: Dragapult
|-supereffective|p2a: Dragapult
|-damage|p2a: Dragapult|0 fnt
|-enditem|p2a: Dragapult|Choice Specs|[from] move: Knock Off|[of] p1a: Conkeldurr
|faint|p2a: Dragapult
|
|upkeep
|
|t:|1769440091
|switch|p2a: Clodsire|Clodsire, F|100/100
|turn|18
|
|t:|1769440102
|switch|p1a: Clefable|Clefable, F|100/100
|move|p2a: Clodsire|Toxic|p1a: Clefable
|-status|p1a: Clefable|tox
|
|upkeep
|turn|19
|
|t:|1769440120
|switch|p2a: Cinderace|Cinderace, M|73/100
|move|p1a: Clefable|Ice Beam|p2a: Cinderace
|-resisted|p2a: Cinderace
|-damage|p2a: Cinderace|53/100
|
|upkeep
|turn|20
|
|t:|1769440129
|move|p2a: Cinderace|Pyro Ball|p1a: Clefable
|-damage|p1a: Clefable|60/100 tox
|move|p1a: Clefable|Moonblast|p2a: Cinderace
|-resisted|p2a: Cinderace
|-damage|p2a: Cinderace|22/100
|
|upkeep
|turn|21
|
|t:|1769440137
|move|p2a: Cinderace|Pyro Ball|p1a: Clefable
|-damage|p1a: Clefable|16/100 tox
|move|p1a: Clefable|Moonlight|p1a: Clefable
|-heal|p1a: Clefable|66/100 tox
|
|upkeep
|turn|22
|
|t:|1769440144
|move|p2a: Cinderace|Pyro Ball|p1a: Clefable
|-damage|p1a: Clefable|23/100 tox
|move|p1a: Clefable|Moonlight|p1a: Clefable
|-heal|p1a: Clefable|73/100 tox
|
|upkeep
|turn|23
|
|t:|1769440153
|move|p2a: Cinderace|Pyro Ball|p1a: Clefable
|-damage|p1a: Clefable|25/100 tox
|move|p1a: Clefable|Cosmic Power|p1a: Clefable
|-boost|p1a: Clefable|def|1
|-boost|p1a: Clefable|spd|1
|
|upkeep
|turn|24
|
|t:|1769440160
|move|p2a: Cinderace|Pyro Ball|p1a: Clefable
|-damage|p1a: Clefable|0 fnt
|faint|p1a: Clefable
|
|upkeep
|
|t:|1769440165
|switch|p1a: Conkeldurr|Conkeldurr, F|94/100
|-damage|p1a: Conkeldurr|88/100|[from] Stealth Rock
|turn|25
|
|t:|1769440189
|move|p1a: Conkeldurr|Mach Punch|p2a: Cinderace
|-damage|p2a: Cinderace|0 fnt
|faint|p2a: Cinderace
|
|upkeep
|
|t:|1769440196
|switch|p2a: Clodsire|Clodsire, F|100/100
|turn|26
|
|t:|1769440202
|move|p1a: Conkeldurr|Knock Off|p2a: Clodsire
|-damage|p2a: Clodsire|68/100
|-enditem|p2a: Clodsire|Heavy-Duty Boots|[from] move: Knock Off|[of] p1a: Conkeldurr
|move|p2a: Clodsire|Toxic|p1a: Conkeldurr
|-status|p1a: Conkeldurr|tox
|
|-damage|p1a: Conkeldurr|82/100 tox|[from] psn
|upkeep
|turn|27
|
|t:|1769440215
|switch|p1a: Sceptile|Sceptile, F|100/100
|-damage|p1a: Sceptile|88/100|[from] Stealth Rock
|move|p2a: Clodsire|Recover|p2a: Clodsire
|-heal|p2a: Clodsire|100/100
|
|upkeep
|turn|28
|
|t:|1769440222
|move|p1a: Sceptile|Substitute|p1a: Sceptile
|-start|p1a: Sceptile|Substitute
|-damage|p1a: Sceptile|63/100
|move|p2a: Clodsire|Toxic||[still]
|-fail|p2a: Clodsire
|
|upkeep
|turn|29
|
|t:|1769440230
|switch|p2a: Gyarados|Gyarados, M|56/100
|move|p1a: Sceptile|Leech Seed|p2a: Gyarados
|-start|p2a: Gyarados|move: Leech Seed
|
|-damage|p2a: Gyarados|44/100|[from] Leech Seed|[of] p1a: Sceptile
|-heal|p1a: Sceptile|78/100|[silent]
|upkeep
|turn|30
|
|t:|1769440241
|switch|p2a: Corviknight|Corviknight, M|81/100 par
|-ability|p2a: Corviknight|Pressure
|move|p1a: Sceptile|Leaf Blade|p2a: Corviknight
|-resisted|p2a: Corviknight
|-damage|p2a: Corviknight|75/100 par
|-damage|p1a: Sceptile|61/100|[from] item: Rocky Helmet|[of] p2a: Corviknight
|
|upkeep
|turn|31
|
|t:|1769440262
|move|p1a: Sceptile|Leech Seed|p2a: Corviknight
|-start|p2a: Corviknight|move: Leech Seed
|move|p2a: Corviknight|Iron Defense|p2a: Corviknight
|-boost|p2a: Corviknight|def|2
|
|-damage|p2a: Corviknight|63/100 par|[from] Leech Seed|[of] p1a: Sceptile
|-heal|p1a: Sceptile|79/100|[silent]
|upkeep
|turn|32
|
|t:|1769440271
|move|p1a: Sceptile|Substitute|p1a: Sceptile
|-fail|p1a: Sceptile|move: Substitute
|move|p2a: Corviknight|Body Press|p1a: Sceptile
|-end|p1a: Sceptile|Substitute
|
|-damage|p2a: Corviknight|51/100 par|[from] Leech Seed|[of] p1a: Sceptile
|-heal|p1a: Sceptile|96/100|[silent]
|upkeep
|turn|33
|
|t:|1769440283
|move|p1a: Sceptile|Substitute|p1a: Sceptile
|-start|p1a: Sceptile|Substitute
|-damage|p1a: Sceptile|71/100
|move|p2a: Corviknight|Body Press|p1a: Sceptile
|-end|p1a: Sceptile|Substitute
|
|-damage|p2a: Corviknight|38/100 par|[from] Leech Seed|[of] p1a: Sceptile
|-heal|p1a: Sceptile|88/100|[silent]
|upkeep
|turn|34
|
|t:|1769440291
|move|p1a: Sceptile|Substitute|p1a: Sceptile
|-start|p1a: Sceptile|Substitute
|-damage|p1a: Sceptile|64/100
|move|p2a: Corviknight|Roost|p2a: Corviknight
|-heal|p2a: Corviknight|88/100 par
|-singleturn|p2a: Corviknight|move: Roost
|
|-damage|p2a: Corviknight|76/100 par|[from] Leech Seed|[of] p1a: Sceptile
|-heal|p1a: Sceptile|81/100|[silent]
|upkeep
|turn|35
|
|t:|1769440302
|move|p1a: Sceptile|Substitute|p1a: Sceptile
|-fail|p1a: Sceptile|move: Substitute
|move|p2a: Corviknight|Body Press|p1a: Sceptile
|-end|p1a: Sceptile|Substitute
|
|-damage|p2a: Corviknight|64/100 par|[from] Leech Seed|[of] p1a: Sceptile
|-heal|p1a: Sceptile|98/100|[silent]
|upkeep
|turn|36
|
|t:|1769440312
|move|p1a: Sceptile|Substitute|p1a: Sceptile
|-start|p1a: Sceptile|Substitute
|-damage|p1a: Sceptile|74/100
|move|p2a: Corviknight|Body Press|p1a: Sceptile
|-end|p1a: Sceptile|Substitute
|
|-damage|p2a: Corviknight|52/100 par|[from] Leech Seed|[of] p1a: Sceptile
|-heal|p1a: Sceptile|91/100|[silent]
|upkeep
|turn|37
|
|t:|1769440324
|switch|p1a: Conkeldurr|Conkeldurr, F|82/100 tox
|-damage|p1a: Conkeldurr|76/100 tox|[from] Stealth Rock
|cant|p2a: Corviknight|par
|
|-damage|p2a: Corviknight|39/100 par|[from] Leech Seed|[of] p1a: Conkeldurr
|-heal|p1a: Conkeldurr|88/100 tox|[silent]
|-damage|p1a: Conkeldurr|82/100 tox|[from] psn
|upkeep
|turn|38
|
|t:|1769440334
|switch|p2a: Clodsire|Clodsire, F|100/100
|move|p1a: Conkeldurr|Knock Off|p2a: Clodsire
|-damage|p2a: Clodsire|79/100
|
|-damage|p1a: Conkeldurr|70/100 tox|[from] psn
|upkeep
|turn|39
|
|t:|1769440344
|move|p1a: Conkeldurr|Drain Punch|p2a: Clodsire
|-resisted|p2a: Clodsire
|-damage|p2a: Clodsire|56/100
|-heal|p1a: Conkeldurr|83/100 tox|[from] drain|[of] p2a: Clodsire
|move|p2a: Clodsire|Toxic|p1a: Conkeldurr
|-fail|p1a: Conkeldurr|tox
|
|-damage|p1a: Conkeldurr|65/100 tox|[from] psn
|upkeep
|turn|40
|
|t:|1769440354
|move|p1a: Conkeldurr|Drain Punch|p2a: Clodsire
|-resisted|p2a: Clodsire
|-damage|p2a: Clodsire|34/100
|-heal|p1a: Conkeldurr|77/100 tox|[from] drain|[of] p2a: Clodsire
|move|p2a: Clodsire|Recover|p2a: Clodsire
|-heal|p2a: Clodsire|84/100
|
|-damage|p1a: Conkeldurr|53/100 tox|[from] psn
|upkeep
|turn|41
|
|t:|1769440364
|switch|p1a: Revavroom|Revavroom, M|54/100
|-damage|p1a: Revavroom|48/100|[from] Stealth Rock
|move|p2a: Clodsire|Toxic|p1a: Revavroom
|-immune|p1a: Revavroom
|
|upkeep
|turn|42
|
|t:|1769440376
|move|p1a: Revavroom|High Horsepower|p2a: Clodsire
|-supereffective|p2a: Clodsire
|-damage|p2a: Clodsire|34/100
|move|p2a: Clodsire|Earthquake|p1a: Revavroom
|-supereffective|p1a: Revavroom
|-damage|p1a: Revavroom|0 fnt
|faint|p1a: Revavroom
|
|upkeep
|
|t:|1769440383
|switch|p1a: Conkeldurr|Conkeldurr, F|53/100 tox
|-damage|p1a: Conkeldurr|47/100 tox|[from] Stealth Rock
|turn|43
|
|t:|1769440390
|-terastallize|p1a: Conkeldurr|Fighting
|move|p1a: Conkeldurr|Drain Punch|p2a: Clodsire
|-resisted|p2a: Clodsire
|-damage|p2a: Clodsire|3/100
|-heal|p1a: Conkeldurr|64/100 tox|[from] drain|[of] p2a: Clodsire
|move|p2a: Clodsire|Recover|p2a: Clodsire
|-heal|p2a: Clodsire|53/100
|
|-damage|p1a: Conkeldurr|58/100 tox|[from] psn
|upkeep
|turn|44
|
|t:|1769440412
|move|p1a: Conkeldurr|Drain Punch|p2a: Clodsire
|-resisted|p2a: Clodsire
|-damage|p2a: Clodsire|25/100
|-heal|p1a: Conkeldurr|74/100 tox|[from] drain|[of] p2a: Clodsire
|move|p2a: Clodsire|Recover|p2a: Clodsire
|-heal|p2a: Clodsire|75/100
|
|-damage|p1a: Conkeldurr|62/100 tox|[from] psn
|upkeep
|turn|45
|
|t:|1769440422
|move|p1a: Conkeldurr|Drain Punch|p2a: Clodsire
|-resisted|p2a: Clodsire
|-damage|p2a: Clodsire|45/100
|-heal|p1a: Conkeldurr|79/100 tox|[from] drain|[of] p2a: Clodsire
|move|p2a: Clodsire|Toxic|p1a: Conkeldurr
|-fail|p1a: Conkeldurr|tox
|
|-damage|p1a: Conkeldurr|60/100 tox|[from] psn
|upkeep
|turn|46
|
|t:|1769440433
|move|p1a: Conkeldurr|Drain Punch|p2a: Clodsire
|-resisted|p2a: Clodsire
|-damage|p2a: Clodsire|16/100
|-heal|p1a: Conkeldurr|77/100 tox|[from] drain|[of] p2a: Clodsire
|move|p2a: Clodsire|Recover|p2a: Clodsire
|-heal|p2a: Clodsire|66/100
|
|-damage|p1a: Conkeldurr|52/100 tox|[from] psn
|upkeep
|turn|47
|
|t:|1769440447
|switch|p2a: Gyarados|Gyarados, M|44/100
|move|p1a: Conkeldurr|Drain Punch|p2a: Gyarados
|-resisted|p2a: Gyarados
|-damage|p2a: Gyarados|0 fnt
|-heal|p1a: Conkeldurr|70/100 tox|[from] drain|[of] p2a: Gyarados
|faint|p2a: Gyarados
|
|-damage|p1a: Conkeldurr|40/100 tox|[from] psn
|upkeep
|
|t:|1769440460
|switch|p2a: Clodsire|Clodsire, F|66/100
|turn|48
|
|t:|1769440465
|move|p1a: Conkeldurr|Drain Punch|p2a: Clodsire
|-resisted|p2a: Clodsire
|-damage|p2a: Clodsire|39/100
|-heal|p1a: Conkeldurr|55/100 tox|[from] drain|[of] p2a: Clodsire
|move|p2a: Clodsire|Recover|p2a: Clodsire
|-heal|p2a: Clodsire|89/100
|
|-damage|p1a: Conkeldurr|19/100 tox|[from] psn
|upkeep
|turn|49
|
|t:|1769440473
|switch|p1a: Sceptile|Sceptile, F|91/100
|-damage|p1a: Sceptile|79/100|[from] Stealth Rock
|move|p2a: Clodsire|Toxic|p1a: Sceptile
|-status|p1a: Sceptile|tox
|
|-damage|p1a: Sceptile|72/100 tox|[from] psn
|upkeep
|turn|50
|
|t:|1769440483
|move|p1a: Sceptile|Leaf Blade|p2a: Clodsire
|-damage|p2a: Clodsire|59/100
|move|p2a: Clodsire|Earthquake|p1a: Sceptile
|-resisted|p1a: Sceptile
|-damage|p1a: Sceptile|49/100 tox
|
|-damage|p1a: Sceptile|37/100 tox|[from] psn
|upkeep
|turn|51
|
|t:|1769440493
|switch|p2a: Corviknight|Corviknight, M|39/100 par
|-ability|p2a: Corviknight|Pressure
|move|p1a: Sceptile|Leaf Blade|p2a: Corviknight
|-resisted|p2a: Corviknight
|-damage|p2a: Corviknight|34/100 par
|-damage|p1a: Sceptile|20/100 tox|[from] item: Rocky Helmet|[of] p2a: Corviknight
|-enditem|p1a: Sceptile|Liechi Berry|[eat]
|-boost|p1a: Sceptile|atk|1|[from] item: Liechi Berry
|
|-damage|p1a: Sceptile|2/100 tox|[from] psn
|upkeep
|turn|52
|
|t:|1769440505
|move|p1a: Sceptile|Acrobatics|p2a: Corviknight
|-resisted|p2a: Corviknight
|-damage|p2a: Corviknight|20/100 par
|-damage|p1a: Sceptile|0 fnt|[from] item: Rocky Helmet|[of] p2a: Corviknight
|faint|p1a: Sceptile
|move|p2a: Corviknight|Roost|p2a: Corviknight
|-heal|p2a: Corviknight|70/100 par
|-singleturn|p2a: Corviknight|move: Roost
|
|upkeep
|
|t:|1769440508
|switch|p1a: Conkeldurr|Conkeldurr, F, tera:Fighting|19/100 tox
|-damage|p1a: Conkeldurr|13/100 tox|[from] Stealth Rock
|turn|53
|
|t:|1769440516
|move|p1a: Conkeldurr|Drain Punch|p2a: Corviknight
|-damage|p2a: Corviknight|29/100 par
|-heal|p1a: Conkeldurr|33/100 tox|[from] drain|[of] p2a: Corviknight
|-damage|p1a: Conkeldurr|16/100 tox|[from] item: Rocky Helmet|[of] p2a: Corviknight
|move|p2a: Corviknight|Brave Bird|p1a: Conkeldurr
|-supereffective|p1a: Conkeldurr
|-damage|p1a: Conkeldurr|0 fnt
|faint|p1a: Conkeldurr
|-damage|p2a: Corviknight|23/100 par|[from] Recoil
|
|win|athene10
|raw|coolcinnabuns's rating: 1251 &rarr; <strong>1230</strong><br />(-21 for losing)
|raw|athene10's rating: 1303 &rarr; <strong>1320</strong><br />(+17 for winning)
|c|☆coolcinnabuns|gg
|l|☆coolcinnabuns
|player|p1|
|c|☆athene10|thanks
|l|☆athene10
|player|p2|
