|j|☆PanaRabbit
|j|☆big bod3
|t:|1769428881
|gametype|singles
|player|p1|PanaRabbit|170|1145
|player|p2|big bod3|marshal|1096
|gen|9
|tier|[Gen 9] OU
|rated|
|rule|HP Percentage Mod: HP is shown in percentages
|rule|Endless Battle Clause: Forcing endless battles is banned
|rule|Species Clause: Limit one of each Pokémon
|rule|OHKO Clause: OHKO moves are banned
|rule|Evasion Items Clause: Evasion items are banned
|rule|Evasion Moves Clause: Evasion moves are banned
|rule|Evasion Abilities Clause: Evasion abilities are banned
|rule|Sleep Moves Clause: Sleep-inducing moves are banned
|clearpoke
|poke|p1|Jolteon, F|
|poke|p1|Gholdengo|
|poke|p1|Bronzong|
|poke|p1|Breloom, F|
|poke|p1|Noivern, F|
|poke|p1|Pelipper, F|
|poke|p2|Feraligatr, F|
|poke|p2|Electivire, M|
|poke|p2|Salazzle, F|
|poke|p2|Gholdengo|
|poke|p2|Great Tusk|
|poke|p2|Skarmory, F|
|teampreview
|
|t:|1769428897
|teamsize|p1|6
|teamsize|p2|6
|start
|switch|p1a: Breloom|Breloom, F|100/100
|switch|p2a: ᛃᚦgrunderRoots|Great Tusk, shiny|100/100
|turn|1
|
|t:|1769428916
|-end|p2a: ᛃᚦgrunderRoots|Protosynthesis|[silent]
|switch|p2a: ᛇSentinel|Skarmory, F|100/100
|move|p1a: Breloom|Bullet Seed|p2a: ᛇSentinel
|-resisted|p2a: ᛇSentinel
|-damage|p2a: ᛇSentinel|98/100
|-resisted|p2a: ᛇSentinel
|-damage|p2a: ᛇSentinel|95/100
|-resisted|p2a: ᛇSentinel
|-damage|p2a: ᛇSentinel|92/100
|-hitcount|p2a: ᛇSentinel|3
|
|upkeep
|turn|2
|
|t:|1769428928
|switch|p1a: Gholdengo|Gholdengo|100/100
|move|p2a: ᛇSentinel|Spikes|p1a: Gholdengo
|-sidestart|p1: PanaRabbit|Spikes
|
|upkeep
|turn|3
|
|t:|1769428934
|move|p1a: Gholdengo|Trick|p2a: ᛇSentinel
|-activate|p1a: Gholdengo|move: Trick|[of] p2a: ᛇSentinel
|-item|p2a: ᛇSentinel|Choice Band|[from] move: Trick
|-item|p1a: Gholdengo|Rocky Helmet|[from] move: Trick
|move|p2a: ᛇSentinel|Spikes|p1a: Gholdengo
|-sidestart|p1: PanaRabbit|Spikes
|
|upkeep
|turn|4
|
|t:|1769428941
|move|p1a: Gholdengo|Poltergeist|p2a: ᛇSentinel
|-activate|p2a: ᛇSentinel|move: Poltergeist|Choice Band
|-damage|p2a: ᛇSentinel|71/100
|move|p2a: ᛇSentinel|Spikes|p1a: Gholdengo
|-sidestart|p1: PanaRabbit|Spikes
|
|upkeep
|turn|5
|
|t:|1769428951
|switch|p2a: ᛃᚦgrunderRoots|Great Tusk, shiny|100/100
|move|p1a: Gholdengo|Poltergeist|p2a: ᛃᚦgrunderRoots
|-activate|p2a: ᛃᚦgrunderRoots|move: Poltergeist|Assault Vest
|-damage|p2a: ᛃᚦgrunderRoots|83/100
|
|upkeep
|turn|6
|
|t:|1769428964
|switch|p1a: Bronzong|Bronzong|100/100
|move|p2a: ᛃᚦgrunderRoots|Knock Off|p1a: Bronzong
|-supereffective|p1a: Bronzong
|-damage|p1a: Bronzong|55/100
|-enditem|p1a: Bronzong|Leftovers|[from] move: Knock Off|[of] p2a: ᛃᚦgrunderRoots
|
|upkeep
|turn|7
|
|t:|1769428973
|move|p2a: ᛃᚦgrunderRoots|Headlong Rush|p1a: Bronzong
|-immune|p1a: Bronzong|[from] ability: Levitate
|move|p1a: Bronzong|Calm Mind|p1a: Bronzong
|-boost|p1a: Bronzong|spa|1
|-boost|p1a: Bronzong|spd|1
|
|upkeep
|turn|8
|
|t:|1769428990
|move|p2a: ᛃᚦgrunderRoots|Knock Off|p1a: Bronzong
|-supereffective|p1a: Bronzong
|-damage|p1a: Bronzong|27/100
|move|p1a: Bronzong|Calm Mind|p1a: Bronzong
|-boost|p1a: Bronzong|spa|1
|-boost|p1a: Bronzong|spd|1
|
|upkeep
|turn|9
|
|t:|1769428997
|-terastallize|p1a: Bronzong|Electric
|move|p2a: ᛃᚦgrunderRoots|Knock Off|p1a: Bronzong
|-damage|p1a: Bronzong|12/100
|move|p1a: Bronzong|Rest|p1a: Bronzong
|-status|p1a: Bronzong|slp|[from] move: Rest
|-heal|p1a: Bronzong|100/100 slp|[silent]
|
|upkeep
|turn|10
|
|t:|1769429006
|-end|p2a: ᛃᚦgrunderRoots|Protosynthesis|[silent]
|switch|p2a: ᛏTerry|Feraligatr, F, shiny|100/100
|cant|p1a: Bronzong|slp
|
|upkeep
|turn|11
|
|t:|1769429013
|move|p2a: ᛏTerry|Dragon Dance|p2a: ᛏTerry
|-boost|p2a: ᛏTerry|atk|1
|-boost|p2a: ᛏTerry|spe|1
|cant|p1a: Bronzong|slp
|
|upkeep
|turn|12
|
|t:|1769429019
|move|p2a: ᛏTerry|Dragon Dance|p2a: ᛏTerry
|-boost|p2a: ᛏTerry|atk|1
|-boost|p2a: ᛏTerry|spe|1
|-curestatus|p1a: Bronzong|slp|[msg]
|move|p1a: Bronzong|Calm Mind|p1a: Bronzong
|-boost|p1a: Bronzong|spa|1
|-boost|p1a: Bronzong|spd|1
|
|upkeep
|turn|13
|
|t:|1769429032
|-terastallize|p2a: ᛏTerry|Water
|move|p2a: ᛏTerry|Liquidation|p1a: Bronzong
|-damage|p1a: Bronzong|7/100
|move|p1a: Bronzong|Stored Power|p2a: ᛏTerry
|-damage|p2a: ᛏTerry|0 fnt
|faint|p2a: ᛏTerry
|
|upkeep
|
|t:|1769429046
|switch|p2a: ᚱBolt|Electivire, M|100/100
|turn|14
|
|t:|1769429051
|move|p2a: ᚱBolt|Volt Switch|p1a: Bronzong
|-resisted|p1a: Bronzong
|-damage|p1a: Bronzong|3/100
|
|t:|1769429063
|switch|p2a: ᛇSentinel|Skarmory, F|71/100|[from] Volt Switch
|move|p1a: Bronzong|Rest|p1a: Bronzong
|-status|p1a: Bronzong|slp|[from] move: Rest
|-heal|p1a: Bronzong|100/100 slp|[silent]
|
|upkeep
|turn|15
|c|☆PanaRabbit|loool
|
|t:|1769429076
|switch|p2a: ᛖᛟguardcoinstorm|Gholdengo|100/100
|cant|p1a: Bronzong|slp
|
|upkeep
|turn|16
|
|t:|1769429080
|move|p2a: ᛖᛟguardcoinstorm|Nasty Plot|p2a: ᛖᛟguardcoinstorm
|-boost|p2a: ᛖᛟguardcoinstorm|spa|2
|cant|p1a: Bronzong|slp
|
|upkeep
|turn|17
|
|t:|1769429086
|move|p2a: ᛖᛟguardcoinstorm|Nasty Plot|p2a: ᛖᛟguardcoinstorm
|-boost|p2a: ᛖᛟguardcoinstorm|spa|2
|-curestatus|p1a: Bronzong|slp|[msg]
|move|p1a: Bronzong|Calm Mind|p1a: Bronzong
|-boost|p1a: Bronzong|spa|1
|-boost|p1a: Bronzong|spd|1
|
|upkeep
|turn|18
|
|t:|1769429093
|move|p2a: ᛖᛟguardcoinstorm|Make It Rain|p1a: Bronzong
|-resisted|p1a: Bronzong
|-damage|p1a: Bronzong|81/100
|-unboost|p2a: ᛖᛟguardcoinstorm|spa|1
|move|p1a: Bronzong|Stored Power|p2a: ᛖᛟguardcoinstorm
|-resisted|p2a: ᛖᛟguardcoinstorm
|-damage|p2a: ᛖᛟguardcoinstorm|26/100
|
|-heal|p2a: ᛖᛟguardcoinstorm|32/100|[from] item: Leftovers
|upkeep
|turn|19
|
|t:|1769429110
|move|p2a: ᛖᛟguardcoinstorm|Shadow Ball|p1a: Bronzong
|-damage|p1a: Bronzong|58/100
|-unboost|p1a: Bronzong|spd|1
|move|p1a: Bronzong|Stored Power|p2a: ᛖᛟguardcoinstorm
|-resisted|p2a: ᛖᛟguardcoinstorm
|-damage|p2a: ᛖᛟguardcoinstorm|0 fnt
|faint|p2a: ᛖᛟguardcoinstorm
|
|upkeep
|
|t:|1769429117
|switch|p2a: ᚱBolt|Electivire, M|100/100
|turn|20
|
|t:|1769429124
|move|p2a: ᚱBolt|Ice Punch|p1a: Bronzong
|-damage|p1a: Bronzong|39/100
|move|p1a: Bronzong|Stored Power|p2a: ᚱBolt
|-damage|p2a: ᚱBolt|0 fnt
|faint|p2a: ᚱBolt
|
|upkeep
|
|t:|1769429131
|switch|p2a: ᛃᚦgrunderRoots|Great Tusk, shiny|83/100
|turn|21
|
|t:|1769429138
|move|p2a: ᛃᚦgrunderRoots|Headlong Rush|p1a: Bronzong
|-immune|p1a: Bronzong|[from] ability: Levitate
|move|p1a: Bronzong|Rest|p1a: Bronzong
|-status|p1a: Bronzong|slp|[from] move: Rest
|-heal|p1a: Bronzong|100/100 slp|[silent]
|
|upkeep
|turn|22
|
|t:|1769429143
|move|p2a: ᛃᚦgrunderRoots|Close Combat|p1a: Bronzong
|-damage|p1a: Bronzong|59/100 slp
|-unboost|p2a: ᛃᚦgrunderRoots|def|1
|-unboost|p2a: ᛃᚦgrunderRoots|spd|1
|cant|p1a: Bronzong|slp
|
|upkeep
|turn|23
|
|t:|1769429149
|move|p2a: ᛃᚦgrunderRoots|Close Combat|p1a: Bronzong
|-damage|p1a: Bronzong|18/100 slp
|-unboost|p2a: ᛃᚦgrunderRoots|def|1
|-unboost|p2a: ᛃᚦgrunderRoots|spd|1
|cant|p1a: Bronzong|slp
|
|upkeep
|turn|24
|
|t:|1769429153
|move|p2a: ᛃᚦgrunderRoots|Close Combat|p1a: Bronzong
|-damage|p1a: Bronzong|0 fnt
|-unboost|p2a: ᛃᚦgrunderRoots|def|1
|-unboost|p2a: ᛃᚦgrunderRoots|spd|1
|faint|p1a: Bronzong
|
|upkeep
|
|t:|1769429164
|switch|p1a: Pelipper|Pelipper, F|100/100
|-weather|RainDance|[from] ability: Drizzle|[of] p1a: Pelipper
|turn|25
|
|t:|1769429195
|-end|p2a: ᛃᚦgrunderRoots|Protosynthesis|[silent]
|switch|p2a: ᛇSentinel|Skarmory, F|71/100
|move|p1a: Pelipper|Hurricane|p2a: ᛇSentinel
|-resisted|p2a: ᛇSentinel
|-damage|p2a: ᛇSentinel|37/100
|
|-weather|RainDance|[upkeep]
|upkeep
|turn|26
|
|t:|1769429203
|move|p2a: ᛇSentinel|Roost|p2a: ᛇSentinel
|-heal|p2a: ᛇSentinel|87/100
|-singleturn|p2a: ᛇSentinel|move: Roost
|move|p1a: Pelipper|Hydro Pump|p2a: ᛇSentinel
|-damage|p2a: ᛇSentinel|0 fnt
|faint|p2a: ᛇSentinel
|
|-weather|RainDance|[upkeep]
|upkeep
|
|t:|1769429214
|switch|p2a: ᚲᛒFlameSpark|Salazzle, F, shiny|100/100
|turn|27
|
|t:|1769429219
|move|p2a: ᚲᛒFlameSpark|Sludge Wave|p1a: Pelipper
|-damage|p1a: Pelipper|35/100
|move|p1a: Pelipper|Hydro Pump|p2a: ᚲᛒFlameSpark
|-supereffective|p2a: ᚲᛒFlameSpark
|-damage|p2a: ᚲᛒFlameSpark|0 fnt
|faint|p2a: ᚲᛒFlameSpark
|
|-weather|RainDance|[upkeep]
|upkeep
|
|t:|1769429229
|switch|p2a: ᛃᚦgrunderRoots|Great Tusk, shiny|83/100
|turn|28
|
|t:|1769429232
|move|p2a: ᛃᚦgrunderRoots|Knock Off|p1a: Pelipper
|-damage|p1a: Pelipper|4/100
|-enditem|p1a: Pelipper|Heavy-Duty Boots|[from] move: Knock Off|[of] p2a: ᛃᚦgrunderRoots
|move|p1a: Pelipper|Hydro Pump|p2a: ᛃᚦgrunderRoots
|-supereffective|p2a: ᛃᚦgrunderRoots
|-damage|p2a: ᛃᚦgrunderRoots|0 fnt
|faint|p2a: ᛃᚦgrunderRoots
|-end|p2a: ᛃᚦgrunderRoots|Protosynthesis|[silent]
|
|win|PanaRabbit
|raw|PanaRabbit's rating: 1145 &rarr; <strong>1166</strong><br />(+21 for winning)
|raw|big bod3's rating: 1096 &rarr; <strong>1075</strong><br />(-21 for losing)
|c|☆PanaRabbit|gg wp
