|j|☆Jaycobi1017
|j|☆the russian
|t:|1769414541
|gametype|singles
|player|p1|Jaycobi1017|brycenman|1270
|player|p2|the russian|170|1299
|gen|9
|tier|[Gen 9] OU
|rated|
|rule|HP Percentage Mod: HP is shown in percentages
|rule|Endless Battle Clause: Forcing endless battles is banned
|rule|Species Clause: Limit one of each Pokémon
|rule|OHKO Clause: OHKO moves are banned
|rule|Evasion Items Clause: Evasion items are banned
|rule|Evasion Moves Clause: Evasion moves are banned
|rule|Evasion Abilities Clause: Evasion abilities are banned
|rule|Sleep Moves Clause: Sleep-inducing moves are banned
|clearpoke
|poke|p1|Politoed, F|
|poke|p1|Crawdaunt, M|
|poke|p1|Ogerpon-Wellspring, F|
|poke|p1|Basculegion-F, F|
|poke|p1|Zapdos|
|poke|p1|Rillaboom, M|
|poke|p2|Garchomp, F|
|poke|p2|Milotic, F|
|poke|p2|Metagross|
|poke|p2|Chesnaught, F|
|poke|p2|Glimmora, M|
|poke|p2|Moltres|
|teampreview
|
|t:|1769414570
|teamsize|p1|6
|teamsize|p2|6
|start
|switch|p1a: Politoed|Politoed, F|100/100
|switch|p2a: Milotic|Milotic, F|100/100
|-weather|RainDance|[from] ability: Drizzle|[of] p1a: Politoed
|turn|1
|
|t:|1769414577
|switch|p1a: Rillaboom|Rillaboom, M|100/100
|-fieldstart|move: Grassy Terrain|[from] ability: Grassy Surge|[of] p1a: Rillaboom
|move|p2a: Milotic|Scald|p1a: Rillaboom
|-resisted|p1a: Rillaboom
|-damage|p1a: Rillaboom|85/100
|
|-weather|RainDance|[upkeep]
|-heal|p1a: Rillaboom|91/100|[from] Grassy Terrain
|upkeep
|turn|2
|
|t:|1769414585
|move|p1a: Rillaboom|U-turn|p2a: Milotic
|-damage|p2a: Milotic|74/100
|
|t:|1769414589
|switch|p1a: Ogerpon|Ogerpon-Wellspring, F|100/100|[from] U-turn
|move|p2a: Milotic|Ice Beam|p1a: Ogerpon
|-crit|p1a: Ogerpon
|-damage|p1a: Ogerpon|59/100
|
|-weather|RainDance|[upkeep]
|-heal|p1a: Ogerpon|65/100|[from] Grassy Terrain
|-heal|p2a: Milotic|80/100|[from] Grassy Terrain
|-heal|p2a: Milotic|86/100|[from] item: Leftovers
|upkeep
|turn|3
|
|t:|1769414598
|switch|p2a: Moltres|Moltres|100/100
|move|p1a: Ogerpon|Wood Hammer|p2a: Moltres
|-resisted|p2a: Moltres
|-damage|p2a: Moltres|78/100
|-status|p1a: Ogerpon|brn|[from] ability: Flame Body|[of] p2a: Moltres
|-damage|p1a: Ogerpon|56/100 brn|[from] Recoil
|
|-weather|RainDance|[upkeep]
|-heal|p1a: Ogerpon|62/100 brn|[from] Grassy Terrain
|-damage|p1a: Ogerpon|56/100 brn|[from] brn
|upkeep
|turn|4
|
|t:|1769414602
|switch|p2a: Chesnaught|Chesnaught, F|100/100
|move|p1a: Ogerpon|Ivy Cudgel|p2a: Chesnaught|[anim] Ivy Cudgel Water
|-resisted|p2a: Chesnaught
|-damage|p2a: Chesnaught|87/100
|
|-weather|RainDance|[upkeep]
|-heal|p1a: Ogerpon|62/100 brn|[from] Grassy Terrain
|-heal|p2a: Chesnaught|93/100|[from] Grassy Terrain
|-heal|p2a: Chesnaught|99/100|[from] item: Leftovers
|-damage|p1a: Ogerpon|56/100 brn|[from] brn
|upkeep
|turn|5
|
|t:|1769414607
|move|p1a: Ogerpon|Taunt|p2a: Chesnaught
|-start|p2a: Chesnaught|move: Taunt
|move|p2a: Chesnaught|Knock Off|p1a: Ogerpon
|-damage|p1a: Ogerpon|33/100 brn
|
|-weather|RainDance|[upkeep]
|-heal|p1a: Ogerpon|39/100 brn|[from] Grassy Terrain
|-heal|p2a: Chesnaught|100/100|[from] Grassy Terrain
|-damage|p1a: Ogerpon|33/100 brn|[from] brn
|-fieldend|move: Grassy Terrain
|upkeep
|turn|6
|
|t:|1769414618
|switch|p1a: Zapdos|Zapdos|100/100
|move|p2a: Chesnaught|Drain Punch|p1a: Zapdos
|-resisted|p1a: Zapdos
|-damage|p1a: Zapdos|89/100
|
|-weather|RainDance|[upkeep]
|upkeep
|turn|7
|
|t:|1769414631
|switch|p2a: Milotic|Milotic, F|86/100
|move|p1a: Zapdos|U-turn|p2a: Milotic
|-damage|p2a: Milotic|72/100
|
|t:|1769414640
|switch|p1a: Crawdaunt|Crawdaunt, M|100/100|[from] U-turn
|
|-weather|RainDance|[upkeep]
|-heal|p2a: Milotic|78/100|[from] item: Leftovers
|upkeep
|turn|8
|
|t:|1769414654
|move|p1a: Crawdaunt|Knock Off|p2a: Milotic
|-damage|p2a: Milotic|0 fnt
|-enditem|p2a: Milotic|Leftovers|[from] move: Knock Off|[of] p1a: Crawdaunt
|faint|p2a: Milotic
|
|-weather|none
|upkeep
|
|t:|1769414657
|switch|p2a: Chesnaught|Chesnaught, F|100/100
|turn|9
|
|t:|1769414666
|switch|p1a: Zapdos|Zapdos|89/100
|move|p2a: Chesnaught|Drain Punch|p1a: Zapdos
|-resisted|p1a: Zapdos
|-damage|p1a: Zapdos|78/100
|-status|p2a: Chesnaught|par|[from] ability: Static|[of] p1a: Zapdos
|
|upkeep
|turn|10
|
|t:|1769414673
|move|p1a: Zapdos|Roost|p1a: Zapdos
|-heal|p1a: Zapdos|100/100
|-singleturn|p1a: Zapdos|move: Roost
|move|p2a: Chesnaught|Knock Off|p1a: Zapdos
|-damage|p1a: Zapdos|79/100
|-enditem|p1a: Zapdos|Heavy-Duty Boots|[from] move: Knock Off|[of] p2a: Chesnaught
|
|upkeep
|turn|11
|
|t:|1769414679
|move|p1a: Zapdos|Hurricane|p2a: Chesnaught|[miss]
|-miss|p1a: Zapdos|p2a: Chesnaught
|move|p2a: Chesnaught|Leech Seed|p1a: Zapdos
|-start|p1a: Zapdos|move: Leech Seed
|
|-damage|p1a: Zapdos|66/100|[from] Leech Seed|[of] p2a: Chesnaught
|upkeep
|turn|12
|
|t:|1769414695
|switch|p2a: Metagross|Metagross|100/100
|move|p1a: Zapdos|Hurricane|p2a: Metagross
|-resisted|p2a: Metagross
|-damage|p2a: Metagross|74/100
|-start|p2a: Metagross|confusion
|
|-damage|p1a: Zapdos|54/100|[from] Leech Seed|[of] p2a: Metagross
|-heal|p2a: Metagross|88/100|[silent]
|upkeep
|turn|13
|
|t:|1769414706
|move|p1a: Zapdos|U-turn|p2a: Metagross
|-crit|p2a: Metagross
|-damage|p2a: Metagross|72/100
|
|t:|1769414707
|switch|p1a: Politoed|Politoed, F|100/100|[from] U-turn
|-weather|RainDance|[from] ability: Drizzle|[of] p1a: Politoed
|-activate|p2a: Metagross|confusion
|move|p2a: Metagross|Psychic Fangs|p1a: Politoed
|-damage|p1a: Politoed|46/100
|
|-weather|RainDance|[upkeep]
|upkeep
|turn|14
|
|t:|1769414720
|switch|p1a: Zapdos|Zapdos|54/100
|-activate|p2a: Metagross|confusion
|-damage|p2a: Metagross|59/100|[from] confusion
|
|-weather|RainDance|[upkeep]
|upkeep
|turn|15
|
|t:|1769414738
|move|p1a: Zapdos|Roost|p1a: Zapdos
|-heal|p1a: Zapdos|100/100
|-singleturn|p1a: Zapdos|move: Roost
|-activate|p2a: Metagross|confusion
|-damage|p2a: Metagross|45/100|[from] confusion
|
|-weather|RainDance|[upkeep]
|upkeep
|turn|16
|
|t:|1769414743
|move|p1a: Zapdos|Thunder|p2a: Metagross
|-damage|p2a: Metagross|0 fnt
|faint|p2a: Metagross
|
|-weather|RainDance|[upkeep]
|upkeep
|
|t:|1769414746
|switch|p2a: Garchomp|Garchomp, F|100/100
|turn|17
|
|t:|1769414750
|move|p2a: Garchomp|Stealth Rock|p1a: Zapdos
|-sidestart|p1: Jaycobi1017|move: Stealth Rock
|move|p1a: Zapdos|Hurricane|p2a: Garchomp
|-damage|p2a: Garchomp|50/100
|-start|p2a: Garchomp|confusion
|
|-weather|RainDance|[upkeep]
|upkeep
|turn|18
|
|t:|1769414755
|-activate|p2a: Garchomp|confusion
|move|p2a: Garchomp|Spikes|p1a: Zapdos
|-sidestart|p1: Jaycobi1017|Spikes
|move|p1a: Zapdos|Hurricane|p2a: Garchomp
|-damage|p2a: Garchomp|3/100
|
|-weather|RainDance|[upkeep]
|upkeep
|turn|19
|
|t:|1769414762
|-end|p2a: Garchomp|confusion
|move|p2a: Garchomp|Spikes|p1a: Zapdos
|-sidestart|p1: Jaycobi1017|Spikes
|move|p1a: Zapdos|Hurricane|p2a: Garchomp
|-damage|p2a: Garchomp|0 fnt
|faint|p2a: Garchomp
|
|-weather|RainDance|[upkeep]
|upkeep
|
|t:|1769414770
|switch|p2a: Moltres|Moltres|78/100
|turn|20
|
|t:|1769414781
|move|p1a: Zapdos|Thunder|p2a: Moltres
|-supereffective|p2a: Moltres
|-damage|p2a: Moltres|0 fnt
|faint|p2a: Moltres
|
|-weather|none
|upkeep
|
|t:|1769414783
|switch|p2a: Glimmora|Glimmora, M|100/100
|turn|21
|
|t:|1769414786
|move|p2a: Glimmora|Sludge Wave|p1a: Zapdos
|-damage|p1a: Zapdos|50/100
|-status|p1a: Zapdos|psn
|move|p1a: Zapdos|Thunder|p2a: Glimmora|[miss]
|-miss|p1a: Zapdos|p2a: Glimmora
|
|-damage|p1a: Zapdos|37/100 psn|[from] psn
|upkeep
|turn|22
|
|t:|1769414796
|move|p2a: Glimmora|Sludge Wave|p1a: Zapdos
|-damage|p1a: Zapdos|0 fnt
|faint|p1a: Zapdos
|
|upkeep
|
|t:|1769414802
|switch|p1a: Politoed|Politoed, F|46/100
|-damage|p1a: Politoed|34/100|[from] Stealth Rock
|-damage|p1a: Politoed|17/100|[from] Spikes
|-weather|RainDance|[from] ability: Drizzle|[of] p1a: Politoed
|turn|23
|
|t:|1769414806
|move|p2a: Glimmora|Sludge Wave|p1a: Politoed
|-damage|p1a: Politoed|0 fnt
|faint|p1a: Politoed
|
|-weather|RainDance|[upkeep]
|upkeep
|
|t:|1769414814
|switch|p1a: Basculegion|Basculegion-F, F|100/100
|-damage|p1a: Basculegion|88/100|[from] Stealth Rock
|-damage|p1a: Basculegion|72/100|[from] Spikes
|turn|24
|
|t:|1769414819
|move|p1a: Basculegion|Hydro Pump|p2a: Glimmora
|-supereffective|p2a: Glimmora
|-damage|p2a: Glimmora|0 fnt
|faint|p2a: Glimmora
|
|-weather|RainDance|[upkeep]
|upkeep
|
|t:|1769414821
|switch|p2a: Chesnaught|Chesnaught, F|100/100 par
|turn|25
|
|t:|1769414825
|move|p1a: Basculegion|Hydro Pump|p2a: Chesnaught
|-resisted|p2a: Chesnaught
|-damage|p2a: Chesnaught|36/100 par
|move|p2a: Chesnaught|Knock Off|p1a: Basculegion
|-supereffective|p1a: Basculegion
|-damage|p1a: Basculegion|0 fnt
|-enditem|p1a: Basculegion|Choice Specs|[from] move: Knock Off|[of] p2a: Chesnaught
|faint|p1a: Basculegion
|
|-weather|RainDance|[upkeep]
|-heal|p2a: Chesnaught|42/100 par|[from] item: Leftovers
|upkeep
|
|t:|1769414831
|switch|p1a: Crawdaunt|Crawdaunt, M|100/100
|-damage|p1a: Crawdaunt|88/100|[from] Stealth Rock
|-damage|p1a: Crawdaunt|72/100|[from] Spikes
|turn|26
|
|t:|1769414835
|-terastallize|p1a: Crawdaunt|Water
|cant|p2a: Chesnaught|par
|move|p1a: Crawdaunt|Crabhammer|p2a: Chesnaught
|-resisted|p2a: Chesnaught
|-damage|p2a: Chesnaught|0 fnt
|faint|p2a: Chesnaught
|
|win|Jaycobi1017
|raw|Jaycobi1017's rating: 1270 &rarr; <strong>1297</strong><br />(+27 for winning)
|raw|the russian's rating: 1299 &rarr; <strong>1272</strong><br />(-27 for losing)
|l|☆the russian
|player|p2|
|l|☆Jaycobi1017
|player|p1|
