|j|☆polgo
|j|☆sidethe_pro_2
|t:|1769365351
|gametype|singles
|player|p1|polgo|swimmer-gen4|1100
|player|p2|sidethe_pro_2|hooligans|1152
|gen|9
|tier|[Gen 9] OU
|rated|
|rule|HP Percentage Mod: HP is shown in percentages
|rule|Endless Battle Clause: Forcing endless battles is banned
|rule|Species Clause: Limit one of each Pokémon
|rule|OHKO Clause: OHKO moves are banned
|rule|Evasion Items Clause: Evasion items are banned
|rule|Evasion Moves Clause: Evasion moves are banned
|rule|Evasion Abilities Clause: Evasion abilities are banned
|rule|Sleep Moves Clause: Sleep-inducing moves are banned
|clearpoke
|poke|p1|Iron Hands|
|poke|p1|Bastiodon, F|
|poke|p1|Altaria, M|
|poke|p1|Slowking, M|
|poke|p1|Spiritomb, M|
|poke|p1|Camerupt, F|
|poke|p2|Honchkrow, M|
|poke|p2|Ogerpon, F|
|poke|p2|Araquanid, F|
|poke|p2|Chandelure, M|
|poke|p2|Glastrier|
|poke|p2|Glimmora, M|
|teampreview
|c|☆sidethe_pro_2|!dt slowking
|c|☆sidethe_pro_2|/raw <div class="message"><ul class="utilichart"><li class="result"><span class="col numcol">UU</span> <span class="col iconcol"><psicon pokemon="slowking"/></span> <span class="col pokemonnamecol" style="white-space:nowrap"><a href="https://dex.pokemonshowdown.com/pokemon/slowking" target="_blank">Slowking</a></span> <span class="col typecol"><img src="https://play.pokemonshowdown.com/sprites/types/Water.png" alt="Water" height="14" width="32"><img src="https://play.pokemonshowdown.com/sprites/types/Psychic.png" alt="Psychic" height="14" width="32"></span> <span style="float:left;min-height:26px"><span class="col twoabilitycol">Oblivious<br />Own Tempo</span><span class="col abilitycol"><em>Regenerator</em></span></span><span style="float:left;min-height:26px"><span class="col statcol"><em>HP</em><br />95</span> <span class="col statcol"><em>Atk</em><br />75</span> <span class="col statcol"><em>Def</em><br />80</span> <span class="col statcol"><em>SpA</em><br />100</span> <span class="col statcol"><em>SpD</em><br />110</span> <span class="col statcol"><em>Spe</em><br />30</span> <span class="col bstcol"><em>BST<br />490</em></span> </span></li><li style="clear:both"></li></ul></div>
|c|☆sidethe_pro_2|/raw <font size="1"><font color="#686868">Dex#:</font> 199&nbsp;|&ThickSpace;<font color="#686868">Gen:</font> 2&nbsp;|&ThickSpace;<font color="#686868">Height:</font> 2 m&nbsp;|&ThickSpace;<font color="#686868">Weight:</font> 79.5 kg <em>(80 BP)</em>&nbsp;|&ThickSpace;<font color="#686868">Dex Colour:</font> Pink&nbsp;|&ThickSpace;<font color="#686868">Egg Group(s):</font> Monster, Water 1&nbsp;|&ThickSpace;<font color="#686868">Pre-Evolution:</font> Slowpoke&nbsp;|&ThickSpace;<font color="#686868">Does Not Evolve</font></font>

|c|☆sidethe_pro_2|!dt galarian slowking
|c|☆sidethe_pro_2|/raw <div class="message"><ul class="utilichart"><li class="result"><span class="col numcol">OU</span> <span class="col iconcol"><psicon pokemon="slowkinggalar"/></span> <span class="col pokemonnamecol" style="white-space:nowrap"><a href="https://dex.pokemonshowdown.com/pokemon/slowkinggalar" target="_blank">Slowking-Galar</a></span> <span class="col typecol"><img src="https://play.pokemonshowdown.com/sprites/types/Poison.png" alt="Poison" height="14" width="32"><img src="https://play.pokemonshowdown.com/sprites/types/Psychic.png" alt="Psychic" height="14" width="32"></span> <span style="float:left;min-height:26px"><span class="col twoabilitycol">Curious Medicine<br />Own Tempo</span><span class="col abilitycol"><em>Regenerator</em></span></span><span style="float:left;min-height:26px"><span class="col statcol"><em>HP</em><br />95</span> <span class="col statcol"><em>Atk</em><br />65</span> <span class="col statcol"><em>Def</em><br />80</span> <span class="col statcol"><em>SpA</em><br />110</span> <span class="col statcol"><em>SpD</em><br />110</span> <span class="col statcol"><em>Spe</em><br />30</span> <span class="col bstcol"><em>BST<br />490</em></span> </span></li><li style="clear:both"></li></ul></div>
|c|☆sidethe_pro_2|/raw <font size="1"><font color="#686868">Dex#:</font> 199&nbsp;|&ThickSpace;<font color="#686868">Gen:</font> 8&nbsp;|&ThickSpace;<font color="#686868">Height:</font> 1.8 m&nbsp;|&ThickSpace;<font color="#686868">Weight:</font> 79.5 kg <em>(80 BP)</em>&nbsp;|&ThickSpace;<font color="#686868">Dex Colour:</font> Pink&nbsp;|&ThickSpace;<font color="#686868">Egg Group(s):</font> Monster, Water 1&nbsp;|&ThickSpace;<font color="#686868">Pre-Evolution:</font> Slowpoke-Galar&nbsp;|&ThickSpace;<font color="#686868">Does Not Evolve</font></font>

|inactive|Battle timer is ON: inactive players will automatically lose when time's up. (requested by polgo)
|
|t:|1769365381
|teamsize|p1|6
|teamsize|p2|6
|start
|switch|p1a: Iron Hands|Iron Hands, shiny|100/100
|switch|p2a: Queen Stickup|Araquanid, F|100/100
|turn|1
|
|t:|1769365403
|switch|p2a: Duke Payload|Glimmora, M|100/100
|move|p1a: Iron Hands|Fake Out|p2a: Duke Payload
|-resisted|p2a: Duke Payload
|-damage|p2a: Duke Payload|95/100
|-activate|p2a: Duke Payload|ability: Toxic Debris
|-sidestart|p1: polgo|move: Toxic Spikes
|-enditem|p2a: Duke Payload|Red Card|[of] p1a: Iron Hands
|-end|p1a: Iron Hands|Quark Drive|[silent]
|drag|p1a: Bastiodon|Bastiodon, F, shiny|100/100
|
|upkeep
|turn|2
|
|t:|1769365415
|move|p2a: Duke Payload|Earth Power|p1a: Bastiodon
|-supereffective|p1a: Bastiodon
|-damage|p1a: Bastiodon|35/100
|-enditem|p1a: Bastiodon|Red Card|[of] p2a: Duke Payload
|drag|p2a: Sir Lure|Chandelure, M|100/100
|move|p1a: Bastiodon|Stealth Rock|p2a: Sir Lure
|-sidestart|p2: sidethe_pro_2|move: Stealth Rock
|
|upkeep
|turn|3
|
|t:|1769365426
|move|p2a: Sir Lure|Overheat|p1a: Bastiodon
|-damage|p1a: Bastiodon|0 fnt
|-unboost|p2a: Sir Lure|spa|2
|faint|p1a: Bastiodon
|
|upkeep
|
|t:|1769365436
|switch|p1a: Spiritomb|Spiritomb, M, shiny|100/100
|-status|p1a: Spiritomb|psn
|turn|4
|
|t:|1769365442
|move|p2a: Sir Lure|Overheat|p1a: Spiritomb
|-damage|p1a: Spiritomb|65/100 psn
|-unboost|p2a: Sir Lure|spa|2
|move|p1a: Spiritomb|Poltergeist|p2a: Sir Lure
|-activate|p2a: Sir Lure|move: Poltergeist|Choice Scarf
|-supereffective|p2a: Sir Lure
|-damage|p2a: Sir Lure|6/100
|
|-damage|p1a: Spiritomb|52/100 psn|[from] psn
|upkeep
|turn|5
|
|t:|1769365454
|switch|p2a: King Krow|Honchkrow, M|100/100
|-damage|p2a: King Krow|76/100|[from] Stealth Rock
|move|p1a: Spiritomb|Trick Room|p1a: Spiritomb
|-fieldstart|move: Trick Room|[of] p1a: Spiritomb
|
|-damage|p1a: Spiritomb|40/100 psn|[from] psn
|upkeep
|turn|6
|
|t:|1769365464
|move|p1a: Spiritomb|Will-O-Wisp|p2a: King Krow
|-status|p2a: King Krow|brn
|move|p2a: King Krow|Acrobatics|p1a: Spiritomb
|-damage|p1a: Spiritomb|16/100 psn
|-damage|p2a: King Krow|59/100 brn|[from] item: Rocky Helmet|[of] p1a: Spiritomb
|
|-damage|p1a: Spiritomb|3/100 psn|[from] psn
|-damage|p2a: King Krow|53/100 brn|[from] brn
|upkeep
|turn|7
|
|t:|1769365475
|move|p2a: King Krow|Sucker Punch|p1a: Spiritomb
|-damage|p1a: Spiritomb|0 fnt
|-damage|p2a: King Krow|36/100 brn|[from] item: Rocky Helmet|[of] p1a: Spiritomb
|faint|p1a: Spiritomb
|
|-damage|p2a: King Krow|30/100 brn|[from] brn
|upkeep
|
|t:|1769365484
|switch|p1a: Iron Hands|Iron Hands, shiny|100/100
|-status|p1a: Iron Hands|psn
|turn|8
|
|t:|1769365498
|move|p1a: Iron Hands|Supercell Slam|p2a: King Krow
|-supereffective|p2a: King Krow
|-damage|p2a: King Krow|0 fnt
|faint|p2a: King Krow
|
|-damage|p1a: Iron Hands|88/100 psn|[from] psn
|upkeep
|
|t:|1769365510
|switch|p2a: Royal Steed|Glastrier|100/100
|-damage|p2a: Royal Steed|75/100|[from] Stealth Rock
|turn|9
|
|t:|1769365514
|move|p2a: Royal Steed|Protect|p2a: Royal Steed
|-singleturn|p2a: Royal Steed|Protect
|move|p1a: Iron Hands|Drain Punch|p2a: Royal Steed
|-activate|p2a: Royal Steed|move: Protect
|
|-heal|p2a: Royal Steed|82/100|[from] item: Leftovers
|-damage|p1a: Iron Hands|75/100 psn|[from] psn
|-fieldend|move: Trick Room
|upkeep
|turn|10
|
|t:|1769365526
|switch|p2a: Duke Payload|Glimmora, M|95/100
|-damage|p2a: Duke Payload|83/100|[from] Stealth Rock
|move|p1a: Iron Hands|Drain Punch|p2a: Duke Payload
|-damage|p2a: Duke Payload|48/100
|-heal|p1a: Iron Hands|88/100 psn|[from] drain|[of] p2a: Duke Payload
|-activate|p2a: Duke Payload|ability: Toxic Debris
|-sidestart|p1: polgo|move: Toxic Spikes
|
|-damage|p1a: Iron Hands|76/100 psn|[from] psn
|upkeep
|turn|11
|
|t:|1769365536
|move|p2a: Duke Payload|Mortal Spin|p1a: Iron Hands
|-damage|p1a: Iron Hands|72/100 psn
|-sideend|p2: sidethe_pro_2|Stealth Rock|[from] move: Mortal Spin|[of] p2a: Duke Payload
|move|p1a: Iron Hands|Drain Punch|p2a: Duke Payload
|-damage|p2a: Duke Payload|15/100
|-heal|p1a: Iron Hands|84/100 psn|[from] drain|[of] p2a: Duke Payload
|
|-damage|p1a: Iron Hands|72/100 psn|[from] psn
|upkeep
|turn|12
|
|t:|1769365544
|move|p2a: Duke Payload|Stealth Rock|p1a: Iron Hands
|-sidestart|p1: polgo|move: Stealth Rock
|move|p1a: Iron Hands|Drain Punch|p2a: Duke Payload
|-damage|p2a: Duke Payload|0 fnt
|-heal|p1a: Iron Hands|77/100 psn|[from] drain|[of] p2a: Duke Payload
|faint|p2a: Duke Payload
|
|-damage|p1a: Iron Hands|64/100 psn|[from] psn
|upkeep
|
|t:|1769365555
|switch|p2a: Royal Jester|Ogerpon, F|100/100
|turn|13
|
|t:|1769365559
|move|p2a: Royal Jester|Play Rough|p1a: Iron Hands
|-supereffective|p1a: Iron Hands
|-damage|p1a: Iron Hands|6/100 psn
|move|p1a: Iron Hands|Ice Punch|p2a: Royal Jester
|-supereffective|p2a: Royal Jester
|-damage|p2a: Royal Jester|37/100
|
|-damage|p1a: Iron Hands|0 fnt|[from] psn
|faint|p1a: Iron Hands
|-end|p1a: Iron Hands|Quark Drive|[silent]
|upkeep
|
|t:|1769365567
|switch|p1a: Slowking|Slowking, M, shiny|100/100
|-status|p1a: Slowking|tox
|-damage|p1a: Slowking|88/100 tox|[from] Stealth Rock
|turn|14
|
|t:|1769365578
|switch|p2a: Queen Stickup|Araquanid, F|100/100
|move|p1a: Slowking|Trick Room|p1a: Slowking
|-fieldstart|move: Trick Room|[of] p1a: Slowking
|
|-damage|p1a: Slowking|82/100 tox|[from] psn
|upkeep
|turn|15
|
|t:|1769365586
|switch|p1a: Altaria|Altaria, M, shiny|100/100
|move|p2a: Queen Stickup|Giga Drain|p1a: Altaria
|-resisted|p1a: Altaria
|-damage|p1a: Altaria|97/100
|
|upkeep
|turn|16
|
|t:|1769365592
|move|p2a: Queen Stickup|Ice Beam|p1a: Altaria
|-supereffective|p1a: Altaria
|-crit|p1a: Altaria
|-damage|p1a: Altaria|12/100
|-status|p1a: Altaria|frz
|-curestatus|p1a: Altaria|frz|[msg]
|move|p1a: Altaria|Fire Spin|p2a: Queen Stickup
|-damage|p2a: Queen Stickup|99/100
|-activate|p2a: Queen Stickup|move: Fire Spin|[of] p1a: Altaria
|
|-damage|p2a: Queen Stickup|86/100|[from] move: Fire Spin|[partiallytrapped]
|upkeep
|turn|17
|
|t:|1769365610
|-terastallize|p1a: Altaria|Steel
|move|p2a: Queen Stickup|Ice Beam|p1a: Altaria
|-resisted|p1a: Altaria
|-damage|p1a: Altaria|4/100
|move|p1a: Altaria|Defog|p2a: Queen Stickup
|-unboost|p2a: Queen Stickup|evasion|1
|-sideend|p1: polgo|Toxic Spikes|[from] move: Defog|[of] p1a: Altaria
|-sideend|p1: polgo|Stealth Rock|[from] move: Defog|[of] p1a: Altaria
|
|-damage|p2a: Queen Stickup|74/100|[from] move: Fire Spin|[partiallytrapped]
|upkeep
|turn|18
|
|t:|1769365625
|move|p2a: Queen Stickup|Surf|p1a: Altaria
|-damage|p1a: Altaria|0 fnt
|faint|p1a: Altaria
|
|-end|p2a: Queen Stickup|Fire Spin|[partiallytrapped]|[silent]
|-fieldend|move: Trick Room
|upkeep
|
|t:|1769365629
|switch|p1a: Slowking|Slowking, M, shiny|100/100 tox
|turn|19
|-message|polgo forfeited.
|
|win|sidethe_pro_2
|raw|polgo's rating: 1100 &rarr; <strong>1079</strong><br />(-21 for losing)
|raw|sidethe_pro_2's rating: 1152 &rarr; <strong>1173</strong><br />(+21 for winning)
|l|☆polgo
|player|p1|
