|j|☆aplyw
|j|☆antonitaly
|t:|1769428957
|gametype|singles
|player|p1|aplyw|steven|1556
|player|p2|antonitaly|nate|1533
|gen|9
|tier|[Gen 9] OU
|rated|
|rule|HP Percentage Mod: HP is shown in percentages
|rule|Endless Battle Clause: Forcing endless battles is banned
|rule|Species Clause: Limit one of each Pokémon
|rule|OHKO Clause: OHKO moves are banned
|rule|Evasion Items Clause: Evasion items are banned
|rule|Evasion Moves Clause: Evasion moves are banned
|rule|Evasion Abilities Clause: Evasion abilities are banned
|rule|Sleep Moves Clause: Sleep-inducing moves are banned
|clearpoke
|poke|p1|Ogerpon-Wellspring, F|
|poke|p1|Scizor, F|
|poke|p1|Pelipper, M|
|poke|p1|Kingdra, F|
|poke|p1|Glimmora, M|
|poke|p1|Wo-Chien|
|poke|p2|Rillaboom, M|
|poke|p2|Serperior, F|
|poke|p2|Heatran, M|
|poke|p2|Gholdengo|
|poke|p2|Zamazenta-*|
|poke|p2|Great Tusk|
|teampreview
|
|t:|1769428969
|teamsize|p1|6
|teamsize|p2|6
|start
|switch|p1a: Scizor|Scizor, F|100/100
|switch|p2a: Serperior|Serperior, F|100/100
|turn|1
|inactive|Battle timer is ON: inactive players will automatically lose when time's up. (requested by antonitaly)
|
|t:|1769428985
|switch|p2a: Zamazenta|Zamazenta|100/100
|-ability|p2a: Zamazenta|Dauntless Shield|boost
|-boost|p2a: Zamazenta|def|1
|move|p1a: Scizor|U-turn|p2a: Zamazenta
|-resisted|p2a: Zamazenta
|-damage|p2a: Zamazenta|83/100
|
|t:|1769428999
|switch|p1a: Pelipper|Pelipper, M, shiny|100/100|[from] U-turn
|-weather|RainDance|[from] ability: Drizzle|[of] p1a: Pelipper
|
|-weather|RainDance|[upkeep]
|upkeep
|turn|2
|
|t:|1769429025
|switch|p2a: Gholdengo|Gholdengo|100/100
|move|p1a: Pelipper|Hurricane|p2a: Gholdengo
|-resisted|p2a: Gholdengo
|-damage|p2a: Gholdengo|80/100
|-start|p2a: Gholdengo|confusion
|
|-weather|RainDance|[upkeep]
|upkeep
|turn|3
|
|t:|1769429036
|-terastallize|p2a: Gholdengo|Water
|-activate|p2a: Gholdengo|confusion
|move|p2a: Gholdengo|Shadow Ball|p1a: Pelipper
|-damage|p1a: Pelipper|44/100
|-unboost|p1a: Pelipper|spd|1
|move|p1a: Pelipper|U-turn|p2a: Gholdengo
|-damage|p2a: Gholdengo|72/100
|
|t:|1769429045
|switch|p1a: Ogerpon|Ogerpon-Wellspring, F|100/100|[from] U-turn
|
|-weather|RainDance|[upkeep]
|upkeep
|turn|4
|
|t:|1769429061
|switch|p1a: Scizor|Scizor, F|100/100
|switch|p2a: Rillaboom|Rillaboom, M|100/100
|-fieldstart|move: Grassy Terrain|[from] ability: Grassy Surge|[of] p2a: Rillaboom
|
|-weather|RainDance|[upkeep]
|upkeep
|turn|5
|
|t:|1769429079
|switch|p2a: Heatran|Heatran, M|100/100
|-item|p2a: Heatran|Air Balloon
|move|p1a: Scizor|U-turn|p2a: Heatran
|-resisted|p2a: Heatran
|-damage|p2a: Heatran|87/100
|-enditem|p2a: Heatran|Air Balloon
|inactive|aplyw has 120 seconds left.
|
|t:|1769429101
|switch|p1a: Kingdra|Kingdra, F|100/100|[from] U-turn
|
|-weather|RainDance|[upkeep]
|-heal|p2a: Heatran|93/100|[from] Grassy Terrain
|upkeep
|turn|6
|inactive|antonitaly has 120 seconds left.
|
|t:|1769429129
|switch|p2a: Rillaboom|Rillaboom, M|100/100
|move|p1a: Kingdra|Weather Ball|p2a: Rillaboom
|-resisted|p2a: Rillaboom
|-damage|p2a: Rillaboom|45/100
|-damage|p1a: Kingdra|91/100|[from] item: Life Orb
|
|-weather|RainDance|[upkeep]
|-heal|p1a: Kingdra|97/100|[from] Grassy Terrain
|-heal|p2a: Rillaboom|51/100|[from] Grassy Terrain
|upkeep
|turn|7
|
|t:|1769429140
|move|p2a: Rillaboom|Grassy Glide|p1a: Kingdra
|-crit|p1a: Kingdra
|-damage|p1a: Kingdra|7/100
|-damage|p2a: Rillaboom|41/100|[from] item: Life Orb
|move|p1a: Kingdra|Ice Beam|p2a: Rillaboom
|-supereffective|p2a: Rillaboom
|-damage|p2a: Rillaboom|0 fnt
|faint|p2a: Rillaboom
|-damage|p1a: Kingdra|0 fnt|[from] item: Life Orb
|faint|p1a: Kingdra
|
|-weather|RainDance|[upkeep]
|upkeep
|inactive|aplyw has 120 seconds left.
|inactive|antonitaly has 120 seconds left.
|
|t:|1769429166
|switch|p1a: Ogerpon|Ogerpon-Wellspring, F|100/100
|switch|p2a: Serperior|Serperior, F|100/100
|turn|8
|
|t:|1769429176
|switch|p1a: Scizor|Scizor, F|100/100
|move|p2a: Serperior|Glare|p1a: Scizor
|-status|p1a: Scizor|par
|
|-weather|none
|-fieldend|move: Grassy Terrain
|upkeep
|turn|9
|
|t:|1769429195
|switch|p2a: Gholdengo|Gholdengo, tera:Water|72/100
|move|p1a: Scizor|Close Combat|p2a: Gholdengo
|-damage|p2a: Gholdengo|11/100
|-unboost|p1a: Scizor|def|1
|-unboost|p1a: Scizor|spd|1
|
|upkeep
|turn|10
|
|t:|1769429217
|switch|p1a: Wo-Chien|Wo-Chien|100/100
|-ability|p1a: Wo-Chien|Tablets of Ruin
|move|p2a: Gholdengo|Shadow Ball|p1a: Wo-Chien
|-resisted|p1a: Wo-Chien
|-damage|p1a: Wo-Chien|88/100
|-unboost|p1a: Wo-Chien|spd|1
|
|-heal|p1a: Wo-Chien|95/100|[from] item: Leftovers
|upkeep
|turn|11
|
|t:|1769429230
|move|p2a: Gholdengo|Focus Blast|p1a: Wo-Chien
|-supereffective|p1a: Wo-Chien
|-damage|p1a: Wo-Chien|28/100
|move|p1a: Wo-Chien|Knock Off|p2a: Gholdengo
|-damage|p2a: Gholdengo|0 fnt
|-enditem|p2a: Gholdengo|Grassy Seed|[from] move: Knock Off|[of] p1a: Wo-Chien
|faint|p2a: Gholdengo
|
|-heal|p1a: Wo-Chien|34/100|[from] item: Leftovers
|upkeep
|
|t:|1769429240
|switch|p2a: Heatran|Heatran, M|93/100
|turn|12
|j| Tbccc15
|
|t:|1769429244
|move|p1a: Wo-Chien|Protect|p1a: Wo-Chien
|-singleturn|p1a: Wo-Chien|Protect
|move|p2a: Heatran|Magma Storm|p1a: Wo-Chien
|-activate|p1a: Wo-Chien|move: Protect
|
|-heal|p1a: Wo-Chien|40/100|[from] item: Leftovers
|upkeep
|turn|13
|
|t:|1769429257
|switch|p1a: Pelipper|Pelipper, M, shiny|44/100
|-weather|RainDance|[from] ability: Drizzle|[of] p1a: Pelipper
|move|p2a: Heatran|Magma Storm|p1a: Pelipper
|-resisted|p1a: Pelipper
|-damage|p1a: Pelipper|29/100
|-activate|p1a: Pelipper|move: Magma Storm|[of] p2a: Heatran
|
|-weather|RainDance|[upkeep]
|-damage|p1a: Pelipper|17/100|[from] move: Magma Storm|[partiallytrapped]
|upkeep
|turn|14
|
|t:|1769429269
|move|p2a: Heatran|Heavy Slam|p1a: Pelipper
|-resisted|p1a: Pelipper
|-damage|p1a: Pelipper|0 fnt
|faint|p1a: Pelipper
|
|-weather|RainDance|[upkeep]
|upkeep
|
|t:|1769429283
|switch|p1a: Glimmora|Glimmora, M, shiny|100/100
|-item|p1a: Glimmora|Air Balloon
|turn|15
|
|t:|1769429299
|switch|p2a: Serperior|Serperior, F|100/100
|-terastallize|p1a: Glimmora|Grass
|move|p1a: Glimmora|Earth Power|p2a: Serperior
|-resisted|p2a: Serperior
|-damage|p2a: Serperior|82/100
|-boost|p2a: Serperior|spd|1
|
|-weather|RainDance|[upkeep]
|upkeep
|turn|16
|j| js_redstar
|
|t:|1769429327
|move|p2a: Serperior|Leaf Storm|p1a: Glimmora
|-resisted|p1a: Glimmora
|-damage|p1a: Glimmora|70/100
|-boost|p2a: Serperior|spa|2
|-enditem|p1a: Glimmora|Air Balloon
|move|p1a: Glimmora|Sludge Bomb|p2a: Serperior
|-supereffective|p2a: Serperior
|-damage|p2a: Serperior|9/100
|-status|p2a: Serperior|psn
|
|-weather|RainDance|[upkeep]
|-damage|p2a: Serperior|0 fnt|[from] psn
|faint|p2a: Serperior
|upkeep
|inactive|antonitaly has 120 seconds left.
|
|t:|1769429350
|switch|p2a: Great Tusk|Great Tusk|100/100
|-enditem|p2a: Great Tusk|Booster Energy
|-activate|p2a: Great Tusk|ability: Protosynthesis|[fromitem]
|-start|p2a: Great Tusk|protosynthesisspe
|turn|17
|l| js_redstar
|inactive|aplyw has 90 seconds left.
|
|t:|1769429383
|move|p2a: Great Tusk|Head Smash|p1a: Glimmora
|-damage|p1a: Glimmora|21/100
|-activate|p1a: Glimmora|ability: Toxic Debris
|-sidestart|p2: antonitaly|move: Toxic Spikes
|-damage|p2a: Great Tusk|81/100|[from] Recoil
|move|p1a: Glimmora|Stealth Rock|p2a: Great Tusk
|-sidestart|p2: antonitaly|move: Stealth Rock
|
|-weather|RainDance|[upkeep]
|upkeep
|turn|18
|inactive|aplyw has 90 seconds left.
|inactive|antonitaly has 120 seconds left.
|
|t:|1769429396
|move|p2a: Great Tusk|Rapid Spin|p1a: Glimmora
|-damage|p1a: Glimmora|7/100
|-boost|p2a: Great Tusk|spe|1
|-activate|p1a: Glimmora|ability: Toxic Debris
|-sidestart|p2: antonitaly|move: Toxic Spikes
|-sideend|p2: antonitaly|Toxic Spikes|[from] move: Rapid Spin|[of] p2a: Great Tusk
|-sideend|p2: antonitaly|Stealth Rock|[from] move: Rapid Spin|[of] p2a: Great Tusk
|move|p1a: Glimmora|Earth Power|p2a: Great Tusk
|-damage|p2a: Great Tusk|43/100
|
|-weather|RainDance|[upkeep]
|upkeep
|turn|19
|inactive|aplyw has 90 seconds left.
|inactive|antonitaly has 120 seconds left.
|
|t:|1769429424
|switch|p1a: Wo-Chien|Wo-Chien|40/100
|-ability|p1a: Wo-Chien|Tablets of Ruin
|move|p2a: Great Tusk|Rapid Spin|p1a: Wo-Chien
|-damage|p1a: Wo-Chien|31/100
|-boost|p2a: Great Tusk|spe|1
|
|-weather|RainDance|[upkeep]
|-heal|p1a: Wo-Chien|37/100|[from] item: Leftovers
|upkeep
|turn|20
|inactive|antonitaly has 120 seconds left.
|
|t:|1769429437
|move|p2a: Great Tusk|Head Smash|p1a: Wo-Chien
|-damage|p1a: Wo-Chien|10/100
|-damage|p2a: Great Tusk|31/100|[from] Recoil
|move|p1a: Wo-Chien|Leech Seed|p2a: Great Tusk
|-start|p2a: Great Tusk|move: Leech Seed
|
|-weather|none
|-heal|p1a: Wo-Chien|17/100|[from] item: Leftovers
|-damage|p2a: Great Tusk|19/100|[from] Leech Seed|[of] p1a: Wo-Chien
|-heal|p1a: Wo-Chien|31/100|[silent]
|upkeep
|turn|21
|
|t:|1769429455
|-end|p2a: Great Tusk|Protosynthesis|[silent]
|switch|p2a: Heatran|Heatran, M|93/100
|move|p1a: Wo-Chien|Protect||[still]
|-fail|p1a: Wo-Chien
|
|-heal|p1a: Wo-Chien|37/100|[from] item: Leftovers
|upkeep
|turn|22
|inactive|aplyw has 60 seconds left.
|
|t:|1769429480
|move|p1a: Wo-Chien|Protect|p1a: Wo-Chien
|-singleturn|p1a: Wo-Chien|Protect
|move|p2a: Heatran|Magma Storm|p1a: Wo-Chien
|-activate|p1a: Wo-Chien|move: Protect
|
|-heal|p1a: Wo-Chien|43/100|[from] item: Leftovers
|upkeep
|turn|23
|inactive|aplyw has 60 seconds left.
|
|t:|1769429490
|move|p2a: Heatran|Magma Storm|p1a: Wo-Chien
|-supereffective|p1a: Wo-Chien
|-damage|p1a: Wo-Chien|0 fnt
|faint|p1a: Wo-Chien
|
|upkeep
|
|t:|1769429496
|switch|p1a: Ogerpon|Ogerpon-Wellspring, F|100/100
|turn|24
|inactive|aplyw has 60 seconds left.
|
|t:|1769429503
|switch|p2a: Great Tusk|Great Tusk|19/100
|move|p1a: Ogerpon|Ivy Cudgel|p2a: Great Tusk|[anim] Ivy Cudgel Water
|-supereffective|p2a: Great Tusk
|-damage|p2a: Great Tusk|0 fnt
|faint|p2a: Great Tusk
|-end|p2a: Great Tusk|Protosynthesis|[silent]
|
|upkeep
|
|t:|1769429510
|switch|p2a: Zamazenta|Zamazenta|83/100
|turn|25
|inactive|aplyw has 60 seconds left.
|
|t:|1769429535
|move|p2a: Zamazenta|Close Combat|p1a: Ogerpon
|-crit|p1a: Ogerpon
|-damage|p1a: Ogerpon|0 fnt
|-unboost|p2a: Zamazenta|def|1
|-unboost|p2a: Zamazenta|spd|1
|faint|p1a: Ogerpon
|-damage|p2a: Zamazenta|73/100|[from] item: Life Orb
|
|upkeep
|
|t:|1769429545
|switch|p1a: Scizor|Scizor, F|100/100 par
|turn|26
|inactive|aplyw has 60 seconds left.
|
|t:|1769429552
|switch|p2a: Heatran|Heatran, M|93/100
|move|p1a: Scizor|Close Combat|p2a: Heatran
|-supereffective|p2a: Heatran
|-damage|p2a: Heatran|0 fnt
|-unboost|p1a: Scizor|def|1
|-unboost|p1a: Scizor|spd|1
|faint|p2a: Heatran
|
|upkeep
|
|t:|1769429560
|switch|p2a: Zamazenta|Zamazenta|73/100
|turn|27
|
|t:|1769429566
|switch|p1a: Glimmora|Glimmora, M, shiny, tera:Grass|7/100
|move|p2a: Zamazenta|Crunch|p1a: Glimmora
|-damage|p1a: Glimmora|0 fnt
|-activate|p1a: Glimmora|ability: Toxic Debris
|-sidestart|p2: antonitaly|move: Toxic Spikes
|faint|p1a: Glimmora
|-damage|p2a: Zamazenta|64/100|[from] item: Life Orb
|
|upkeep
|
|t:|1769429577
|switch|p1a: Scizor|Scizor, F|100/100 par
|turn|28
|
|t:|1769429585
|move|p1a: Scizor|Bullet Punch|p2a: Zamazenta
|-damage|p2a: Zamazenta|14/100
|move|p2a: Zamazenta|Close Combat|p1a: Scizor
|-damage|p1a: Scizor|12/100 par
|-unboost|p2a: Zamazenta|def|1
|-unboost|p2a: Zamazenta|spd|1
|-damage|p2a: Zamazenta|4/100|[from] item: Life Orb
|
|upkeep
|turn|29
|
|t:|1769429594
|move|p1a: Scizor|Bullet Punch|p2a: Zamazenta
|-damage|p2a: Zamazenta|0 fnt
|faint|p2a: Zamazenta
|
|win|aplyw
|raw|aplyw's rating: 1556 &rarr; <strong>1575</strong><br />(+19 for winning)
|raw|antonitaly's rating: 1533 &rarr; <strong>1514</strong><br />(-19 for losing)
|c|☆antonitaly|gg
|l|☆antonitaly
|player|p2|
|l|☆aplyw
|player|p1|
