|j|‽NatdexMegasA%Z
|j|☆tytardefuego
|t:|1769437918
|gametype|singles
|player|p1|NatdexMegasA%Z|101|1110
|player|p2|tytardefuego|steven|1143
|gen|9
|tier|[Gen 9] OU
|rated|
|rule|HP Percentage Mod: HP is shown in percentages
|rule|Endless Battle Clause: Forcing endless battles is banned
|rule|Species Clause: Limit one of each Pokémon
|rule|OHKO Clause: OHKO moves are banned
|rule|Evasion Items Clause: Evasion items are banned
|rule|Evasion Moves Clause: Evasion moves are banned
|rule|Evasion Abilities Clause: Evasion abilities are banned
|rule|Sleep Moves Clause: Sleep-inducing moves are banned
|clearpoke
|poke|p1|Deoxys-Speed|
|poke|p1|Gliscor, F|
|poke|p1|Blaziken, M|
|poke|p1|Enamorus, F|
|poke|p1|Iron Treads|
|poke|p1|Dragapult, M|
|poke|p2|Pelipper, F|
|poke|p2|Ludicolo, F|
|poke|p2|Crawdaunt, F|
|poke|p2|Latias, F|
|poke|p2|Flygon, M|
|poke|p2|Metagross|
|teampreview
|inactive|Battle timer is ON: inactive players will automatically lose when time's up. (requested by NatdexMegasA%Z)
|
|t:|1769437924
|teamsize|p1|6
|teamsize|p2|6
|start
|switch|p1a: Deoxys|Deoxys-Speed|100/100
|switch|p2a: Pelipper|Pelipper, F|100/100
|-ability|p1a: Deoxys|Pressure
|-weather|RainDance|[from] ability: Drizzle|[of] p2a: Pelipper
|turn|1
|
|t:|1769437928
|move|p1a: Deoxys|Stealth Rock|p2a: Pelipper
|-sidestart|p2: tytardefuego|move: Stealth Rock
|move|p2a: Pelipper|U-turn|p1a: Deoxys
|-supereffective|p1a: Deoxys
|-damage|p1a: Deoxys|76/100
|
|t:|1769437931
|switch|p2a: Ludicolo|Ludicolo, F|100/100|[from] U-turn
|-damage|p2a: Ludicolo|88/100|[from] Stealth Rock
|
|-weather|RainDance|[upkeep]
|upkeep
|turn|2
|
|t:|1769437938
|move|p2a: Ludicolo|Weather Ball|p1a: Deoxys
|-damage|p1a: Deoxys|0 fnt
|faint|p1a: Deoxys
|-damage|p2a: Ludicolo|78/100|[from] item: Life Orb
|
|-weather|RainDance|[upkeep]
|upkeep
|
|t:|1769437948
|switch|p1a: Dragapult|Dragapult, M|100/100
|turn|3
|
|t:|1769437954
|move|p2a: Ludicolo|Ice Beam|p1a: Dragapult
|-supereffective|p1a: Dragapult
|-damage|p1a: Dragapult|7/100
|-status|p1a: Dragapult|frz
|-damage|p2a: Ludicolo|68/100|[from] item: Life Orb
|-curestatus|p1a: Dragapult|frz|[msg]
|move|p1a: Dragapult|Dragon Darts|p2a: Ludicolo
|-damage|p2a: Ludicolo|13/100
|-anim|p1a: Dragapult|Dragon Darts|p2a: Ludicolo
|-damage|p2a: Ludicolo|0 fnt
|faint|p2a: Ludicolo
|-damage|p1a: Dragapult|0 fnt|[from] item: Life Orb
|faint|p1a: Dragapult
|
|-weather|RainDance|[upkeep]
|upkeep
|inactive|tytardefuego has 120 seconds left.
|
|t:|1769437986
|switch|p1a: Gliscor|Gliscor, F|100/100
|switch|p2a: Crawdaunt|Crawdaunt, F|100/100
|-damage|p2a: Crawdaunt|88/100|[from] Stealth Rock
|turn|4
|
|t:|1769437994
|move|p1a: Gliscor|Protect|p1a: Gliscor
|-singleturn|p1a: Gliscor|Protect
|move|p2a: Crawdaunt|Dragon Dance|p2a: Crawdaunt
|-boost|p2a: Crawdaunt|atk|1
|-boost|p2a: Crawdaunt|spe|1
|
|-weather|RainDance|[upkeep]
|-status|p1a: Gliscor|tox|[from] item: Toxic Orb
|upkeep
|turn|5
|
|t:|1769437999
|move|p2a: Crawdaunt|Crabhammer|p1a: Gliscor
|-supereffective|p1a: Gliscor
|-damage|p1a: Gliscor|0 fnt
|faint|p1a: Gliscor
|
|-weather|RainDance|[upkeep]
|upkeep
|
|t:|1769438004
|switch|p1a: Blaziken|Blaziken, M|100/100
|turn|6
|
|t:|1769438010
|move|p2a: Crawdaunt|Crabhammer|p1a: Blaziken
|-supereffective|p1a: Blaziken
|-enditem|p1a: Blaziken|Focus Sash
|-damage|p1a: Blaziken|1/100
|move|p1a: Blaziken|Swords Dance|p1a: Blaziken
|-boost|p1a: Blaziken|atk|2
|
|-weather|RainDance|[upkeep]
|-ability|p1a: Blaziken|Speed Boost|boost
|-boost|p1a: Blaziken|spe|1
|upkeep
|turn|7
|
|t:|1769438014
|move|p2a: Crawdaunt|Aqua Jet|p1a: Blaziken
|-supereffective|p1a: Blaziken
|-damage|p1a: Blaziken|0 fnt
|faint|p1a: Blaziken
|
|-weather|RainDance|[upkeep]
|upkeep
|
|t:|1769438017
|switch|p1a: Enamorus|Enamorus, F|100/100
|turn|8
|inactive|tytardefuego has 120 seconds left.
|
|t:|1769438054
|-terastallize|p1a: Enamorus|Fairy
|move|p2a: Crawdaunt|Aqua Jet|p1a: Enamorus
|-damage|p1a: Enamorus|7/100
|move|p1a: Enamorus|Moonblast|p2a: Crawdaunt
|-supereffective|p2a: Crawdaunt
|-damage|p2a: Crawdaunt|0 fnt
|faint|p2a: Crawdaunt
|
|-weather|none
|upkeep
|inactive|tytardefuego has 90 seconds left.
|
|t:|1769438098
|switch|p2a: Latias|Latias, F|100/100
|-damage|p2a: Latias|88/100|[from] Stealth Rock
|turn|9
|
|t:|1769438118
|move|p2a: Latias|Mist Ball|p1a: Enamorus
|-damage|p1a: Enamorus|0 fnt
|faint|p1a: Enamorus
|
|-heal|p2a: Latias|94/100|[from] item: Leftovers
|upkeep
|
|t:|1769438120
|switch|p1a: Iron Treads|Iron Treads|100/100
|turn|10
|
|t:|1769438134
|move|p2a: Latias|Aura Sphere|p1a: Iron Treads
|-supereffective|p1a: Iron Treads
|-crit|p1a: Iron Treads
|-damage|p1a: Iron Treads|21/100
|move|p1a: Iron Treads|Heavy Slam|p2a: Latias
|-damage|p2a: Latias|40/100
|
|-heal|p2a: Latias|46/100|[from] item: Leftovers
|-heal|p1a: Iron Treads|28/100|[from] item: Leftovers
|upkeep
|turn|11
|j| CubeyTheCube
|inactive|NatdexMegasA%Z has 120 seconds left.
|l| CubeyTheCube
|inactive|NatdexMegasA%Z has 90 seconds left.
|l|‽NatdexMegasA%Z
|inactive|NatdexMegasA%Z disconnected and has a minute to reconnect!
|player|p1|
|inactive|NatdexMegasA%Z has 30 seconds to reconnect!
|inactive|NatdexMegasA%Z has 20 seconds to reconnect!
|inactive|NatdexMegasA%Z has 15 seconds to reconnect!
|inactive|NatdexMegasA%Z has 10 seconds to reconnect!
|inactive|NatdexMegasA%Z has 5 seconds to reconnect!
|-message|NatdexMegasA%Z lost due to inactivity.
|
|win|tytardefuego
|raw|NatdexMegasA%Z's rating: 1110 &rarr; <strong>1087</strong><br />(-23 for losing)
|raw|tytardefuego's rating: 1143 &rarr; <strong>1166</strong><br />(+23 for winning)
