|j|☆shadowauraaa
|j|☆dmac99
|t:|1769306657
|gametype|singles
|player|p1|shadowauraaa|dawn|1417
|player|p2|dmac99|veteran|1453
|gen|9
|tier|[Gen 9] OU
|rated|
|rule|HP Percentage Mod: HP is shown in percentages
|rule|Endless Battle Clause: Forcing endless battles is banned
|rule|Species Clause: Limit one of each Pokémon
|rule|OHKO Clause: OHKO moves are banned
|rule|Evasion Items Clause: Evasion items are banned
|rule|Evasion Moves Clause: Evasion moves are banned
|rule|Evasion Abilities Clause: Evasion abilities are banned
|rule|Sleep Moves Clause: Sleep-inducing moves are banned
|clearpoke
|poke|p1|Slaking, F|
|poke|p1|Ribombee, M|
|poke|p1|Gholdengo|
|poke|p1|Corviknight, M|
|poke|p1|Slowking-Galar, F|
|poke|p1|Great Tusk|
|poke|p2|Moltres-Galar|
|poke|p2|Iron Valiant|
|poke|p2|Samurott-Hisui, F|
|poke|p2|Kingambit, M|
|poke|p2|Dragonite, F|
|poke|p2|Iron Moth|
|teampreview
|inactive|Battle timer is ON: inactive players will automatically lose when time's up. (requested by shadowauraaa)
|
|t:|1769306665
|teamsize|p1|6
|teamsize|p2|6
|start
|switch|p1a: Bzzzzzzz|Ribombee, M|100/100
|switch|p2a: Samurott|Samurott-Hisui, F|100/100
|turn|1
|
|t:|1769306671
|move|p1a: Bzzzzzzz|Sticky Web|p2a: Samurott
|-sidestart|p2: dmac99|move: Sticky Web
|move|p2a: Samurott|Ceaseless Edge|p1a: Bzzzzzzz|[miss]
|-miss|p2a: Samurott|p1a: Bzzzzzzz
|
|upkeep
|turn|2
|
|t:|1769306677
|move|p1a: Bzzzzzzz|Moonblast|p2a: Samurott
|-supereffective|p2a: Samurott
|-enditem|p2a: Samurott|Focus Sash
|-damage|p2a: Samurott|1/100
|-unboost|p2a: Samurott|spa|1
|move|p2a: Samurott|Ceaseless Edge|p1a: Bzzzzzzz
|-resisted|p1a: Bzzzzzzz
|-damage|p1a: Bzzzzzzz|57/100
|-sidestart|p1: shadowauraaa|Spikes
|
|upkeep
|turn|3
|
|t:|1769306685
|move|p2a: Samurott|Aqua Jet|p1a: Bzzzzzzz
|-damage|p1a: Bzzzzzzz|23/100
|move|p1a: Bzzzzzzz|Moonblast|p2a: Samurott
|-supereffective|p2a: Samurott
|-damage|p2a: Samurott|0 fnt
|faint|p2a: Samurott
|
|upkeep
|
|t:|1769306691
|switch|p2a: Dragonite|Dragonite, F|100/100
|turn|4
|
|t:|1769306695
|move|p2a: Dragonite|Extreme Speed|p1a: Bzzzzzzz
|-damage|p1a: Bzzzzzzz|0 fnt
|faint|p1a: Bzzzzzzz
|
|upkeep
|
|t:|1769306699
|switch|p1a: AverageTusk|Great Tusk|100/100
|turn|5
|
|t:|1769306706
|switch|p2a: Moltres|Moltres-Galar|100/100
|move|p1a: AverageTusk|Rapid Spin|p2a: Moltres
|-damage|p2a: Moltres|81/100
|-boost|p1a: AverageTusk|spe|1
|-sideend|p1: shadowauraaa|Spikes|[from] move: Rapid Spin|[of] p1a: AverageTusk
|
|upkeep
|turn|6
|
|t:|1769306717
|-end|p1a: AverageTusk|Protosynthesis|[silent]
|switch|p1a: Slagoat|Slaking, F|100/100
|move|p2a: Moltres|Agility|p2a: Moltres
|-boost|p2a: Moltres|spe|2
|
|upkeep
|turn|7
|inactive|dmac99 has 120 seconds left.
|
|t:|1769306748
|move|p2a: Moltres|Fiery Wrath|p1a: Slagoat
|-crit|p1a: Slagoat
|-damage|p1a: Slagoat|23/100
|move|p1a: Slagoat|Ice Punch|p2a: Moltres
|-supereffective|p2a: Moltres
|-damage|p2a: Moltres|0 fnt
|faint|p2a: Moltres
|
|upkeep
|inactive|dmac99 has 120 seconds left.
|
|t:|1769306756
|switch|p2a: Iron Moth|Iron Moth|100/100
|-activate|p2a: Iron Moth|move: Sticky Web
|-unboost|p2a: Iron Moth|spe|1
|-enditem|p2a: Iron Moth|Booster Energy
|-activate|p2a: Iron Moth|ability: Quark Drive|[fromitem]
|-start|p2a: Iron Moth|quarkdrivespa
|turn|8
|
|t:|1769306764
|switch|p1a: YourEx|Slowking-Galar, F|100/100
|move|p2a: Iron Moth|Substitute|p2a: Iron Moth
|-start|p2a: Iron Moth|Substitute
|-damage|p2a: Iron Moth|76/100
|
|upkeep
|turn|9
|
|t:|1769306771
|move|p2a: Iron Moth|Fiery Dance|p1a: YourEx
|-damage|p1a: YourEx|70/100
|-boost|p2a: Iron Moth|spa|1
|move|p1a: YourEx|Future Sight|p2a: Iron Moth
|-start|p1a: YourEx|move: Future Sight
|
|upkeep
|turn|10
|
|t:|1769306781
|move|p2a: Iron Moth|Fiery Dance|p1a: YourEx
|-damage|p1a: YourEx|26/100
|-prepare|p1a: YourEx|Chilly Reception|[premajor]
|move|p1a: YourEx|Chilly Reception|p1a: YourEx
|-weather|Snowscape
|
|t:|1769306788
|switch|p1a: AverageTusk|Great Tusk|100/100|[from] Chilly Reception
|
|-weather|Snowscape|[upkeep]
|upkeep
|turn|11
|
|t:|1769306794
|-end|p1a: AverageTusk|Protosynthesis|[silent]
|switch|p1a: YourEx|Slowking-Galar, F|60/100
|move|p2a: Iron Moth|Fiery Dance|p1a: YourEx
|-damage|p1a: YourEx|12/100
|-boost|p2a: Iron Moth|spa|1
|
|-weather|Snowscape|[upkeep]
|-end|p2a: Iron Moth|move: Future Sight
|-supereffective|p2a: Iron Moth
|-end|p2a: Iron Moth|Substitute
|upkeep
|turn|12
|
|t:|1769306804
|move|p2a: Iron Moth|Fiery Dance|p1a: YourEx
|-damage|p1a: YourEx|0 fnt
|faint|p1a: YourEx
|
|-weather|Snowscape|[upkeep]
|upkeep
|
|t:|1769306814
|switch|p1a: AverageTusk|Great Tusk|100/100
|turn|13
|
|t:|1769306820
|move|p1a: AverageTusk|Headlong Rush|p2a: Iron Moth
|-supereffective|p2a: Iron Moth
|-damage|p2a: Iron Moth|0 fnt
|-unboost|p1a: AverageTusk|def|1
|-unboost|p1a: AverageTusk|spd|1
|faint|p2a: Iron Moth
|-end|p2a: Iron Moth|Quark Drive|[silent]
|
|-weather|Snowscape|[upkeep]
|upkeep
|
|t:|1769306824
|switch|p2a: Iron Valiant|Iron Valiant|100/100
|-activate|p2a: Iron Valiant|move: Sticky Web
|-unboost|p2a: Iron Valiant|spe|1
|-enditem|p2a: Iron Valiant|Booster Energy
|-activate|p2a: Iron Valiant|ability: Quark Drive|[fromitem]
|-start|p2a: Iron Valiant|quarkdriveatk
|turn|14
|
|t:|1769306833
|-end|p1a: AverageTusk|Protosynthesis|[silent]
|switch|p1a: DesertEagle|Corviknight, M|100/100
|-ability|p1a: DesertEagle|Pressure
|move|p2a: Iron Valiant|Swords Dance|p2a: Iron Valiant
|-boost|p2a: Iron Valiant|atk|2
|
|-weather|none
|upkeep
|turn|15
|
|t:|1769306841
|move|p2a: Iron Valiant|Close Combat|p1a: DesertEagle
|-damage|p1a: DesertEagle|7/100
|-unboost|p2a: Iron Valiant|def|1
|-unboost|p2a: Iron Valiant|spd|1
|-damage|p2a: Iron Valiant|84/100|[from] item: Rocky Helmet|[of] p1a: DesertEagle
|move|p1a: DesertEagle|Iron Defense|p1a: DesertEagle
|-boost|p1a: DesertEagle|def|2
|
|upkeep
|turn|16
|
|t:|1769306848
|move|p2a: Iron Valiant|Knock Off|p1a: DesertEagle
|-damage|p1a: DesertEagle|0 fnt
|-damage|p2a: Iron Valiant|67/100|[from] item: Rocky Helmet|[of] p1a: DesertEagle
|-enditem|p1a: DesertEagle|Rocky Helmet|[from] move: Knock Off|[of] p2a: Iron Valiant
|faint|p1a: DesertEagle
|
|upkeep
|
|t:|1769306857
|switch|p1a: AverageTusk|Great Tusk|100/100
|turn|17
|
|t:|1769306866
|move|p1a: AverageTusk|Headlong Rush|p2a: Iron Valiant
|-damage|p2a: Iron Valiant|0 fnt
|-unboost|p1a: AverageTusk|def|1
|-unboost|p1a: AverageTusk|spd|1
|faint|p2a: Iron Valiant
|-end|p2a: Iron Valiant|Quark Drive|[silent]
|
|upkeep
|
|t:|1769306876
|switch|p2a: Kingambit|Kingambit, M|100/100
|-activate|p2a: Kingambit|move: Sticky Web
|-unboost|p2a: Kingambit|spe|1
|-activate|p2a: Kingambit|ability: Supreme Overlord
|-start|p2a: Kingambit|fallen4|[silent]
|turn|18
|
|t:|1769306881
|-end|p1a: AverageTusk|Protosynthesis|[silent]
|switch|p1a: NoHate|Gholdengo|100/100
|-item|p1a: NoHate|Air Balloon
|-end|p2a: Kingambit|fallen4|[silent]
|switch|p2a: Dragonite|Dragonite, F|100/100
|
|upkeep
|turn|19
|
|t:|1769306887
|switch|p2a: Kingambit|Kingambit, M|100/100
|-activate|p2a: Kingambit|move: Sticky Web
|-unboost|p2a: Kingambit|spe|1
|-activate|p2a: Kingambit|ability: Supreme Overlord
|-start|p2a: Kingambit|fallen4|[silent]
|move|p1a: NoHate|Nasty Plot|p1a: NoHate
|-boost|p1a: NoHate|spa|2
|
|upkeep
|turn|20
|
|t:|1769306906
|switch|p1a: Slagoat|Slaking, F|23/100
|move|p2a: Kingambit|Kowtow Cleave|p1a: Slagoat
|-damage|p1a: Slagoat|0 fnt
|faint|p1a: Slagoat
|
|upkeep
|
|t:|1769306912
|switch|p1a: AverageTusk|Great Tusk|100/100
|turn|21
|
|t:|1769306917
|-end|p2a: Kingambit|fallen4|[silent]
|switch|p2a: Dragonite|Dragonite, F|100/100
|move|p1a: AverageTusk|Rapid Spin|p2a: Dragonite
|-damage|p2a: Dragonite|91/100
|-boost|p1a: AverageTusk|spe|1
|
|upkeep
|turn|22
|
|t:|1769306924
|move|p1a: AverageTusk|Ice Spinner|p2a: Dragonite
|-supereffective|p2a: Dragonite
|-damage|p2a: Dragonite|0 fnt
|faint|p2a: Dragonite
|
|upkeep
|
|t:|1769306926
|switch|p2a: Kingambit|Kingambit, M|100/100
|-activate|p2a: Kingambit|move: Sticky Web
|-unboost|p2a: Kingambit|spe|1
|-activate|p2a: Kingambit|ability: Supreme Overlord
|-start|p2a: Kingambit|fallen5|[silent]
|turn|23
|
|t:|1769306933
|-terastallize|p2a: Kingambit|Ghost
|move|p1a: AverageTusk|Ice Spinner|p2a: Kingambit
|-damage|p2a: Kingambit|78/100
|move|p2a: Kingambit|Swords Dance|p2a: Kingambit
|-boost|p2a: Kingambit|atk|2
|
|upkeep
|turn|24
|
|t:|1769306948
|move|p1a: AverageTusk|Headlong Rush|p2a: Kingambit
|-damage|p2a: Kingambit|27/100
|-unboost|p1a: AverageTusk|def|1
|-unboost|p1a: AverageTusk|spd|1
|move|p2a: Kingambit|Iron Head|p1a: AverageTusk
|-crit|p1a: AverageTusk
|-damage|p1a: AverageTusk|0 fnt
|faint|p1a: AverageTusk
|-end|p1a: AverageTusk|Protosynthesis|[silent]
|
|upkeep
|
|t:|1769306956
|switch|p1a: NoHate|Gholdengo|100/100
|-item|p1a: NoHate|Air Balloon
|turn|25
|
|t:|1769306962
|-terastallize|p1a: NoHate|Fairy
|move|p2a: Kingambit|Sucker Punch|p1a: NoHate
|-resisted|p1a: NoHate
|-damage|p1a: NoHate|56/100
|-enditem|p1a: NoHate|Air Balloon
|move|p1a: NoHate|Shadow Ball|p2a: Kingambit
|-supereffective|p2a: Kingambit
|-damage|p2a: Kingambit|0 fnt
|faint|p2a: Kingambit
|-end|p2a: Kingambit|fallen5|[silent]
|
|win|shadowauraaa
|raw|shadowauraaa's rating: 1417 &rarr; <strong>1439</strong><br />(+22 for winning)
|raw|dmac99's rating: 1453 &rarr; <strong>1431</strong><br />(-22 for losing)
|l|☆dmac99
|player|p2|
|l|☆shadowauraaa
|player|p1|
