|badge|p2|bronze|gen9ou|100-8
|uhtml|medal-msg|<div class="broadcast-blue">Curious what those medals under the avatar are? PS now has Ladder Seasons! For more information, check out the <a href="https://www.smogon.com/forums/threads/3740067/">thread on Smogon.</a></div>
|j|☆Nikator98
|j|☆Trainer #39
|t:|1769446375
|gametype|singles
|player|p1|Nikator98|giovanni|1768
|player|p2|Trainer #39|bugsy|1845
|gen|9
|tier|[Gen 9] OU
|rated|
|rule|HP Percentage Mod: HP is shown in percentages
|rule|Endless Battle Clause: Forcing endless battles is banned
|rule|Species Clause: Limit one of each Pokémon
|rule|OHKO Clause: OHKO moves are banned
|rule|Evasion Items Clause: Evasion items are banned
|rule|Evasion Moves Clause: Evasion moves are banned
|rule|Evasion Abilities Clause: Evasion abilities are banned
|rule|Sleep Moves Clause: Sleep-inducing moves are banned
|clearpoke
|poke|p1|Metagross|
|poke|p1|Great Tusk|
|poke|p1|Haxorus, M|
|poke|p1|Iron Moth|
|poke|p1|Zoroark-Hisui, M|
|poke|p1|Ninetales-Alola, F|
|poke|p2|Blissey, F|
|poke|p2|Corviknight, M|
|poke|p2|Dondozo, M|
|poke|p2|Gliscor, M|
|poke|p2|Clefable, M|
|poke|p2|Slowking-Galar, M|
|teampreview
|j| 54 insane rats
|l| 54 insane rats
|
|t:|1769446386
|teamsize|p1|6
|teamsize|p2|6
|start
|switch|p1a: Asfaloth|Ninetales-Alola, F, shiny|100/100
|switch|p2a: Free Palestine|Gliscor, M|100/100
|-weather|Snowscape|[from] ability: Snow Warning|[of] p1a: Asfaloth
|turn|1
|
|t:|1769446392
|move|p2a: Free Palestine|Protect|p2a: Free Palestine
|-singleturn|p2a: Free Palestine|Protect
|move|p1a: Asfaloth|Freeze-Dry|p2a: Free Palestine
|-activate|p2a: Free Palestine|move: Protect
|
|-weather|Snowscape|[upkeep]
|-status|p2a: Free Palestine|tox|[from] item: Toxic Orb
|upkeep
|turn|2
|
|t:|1769446400
|switch|p2a: brat|Blissey, F|100/100
|move|p1a: Asfaloth|Freeze-Dry|p2a: brat
|-damage|p2a: brat|93/100
|
|-weather|Snowscape|[upkeep]
|upkeep
|turn|3
|
|t:|1769446406
|switch|p1a: Kumaryia|Great Tusk, shiny|100/100
|move|p2a: brat|Stealth Rock|p1a: Kumaryia
|-sidestart|p1: Nikator98|move: Stealth Rock
|
|-weather|Snowscape|[upkeep]
|upkeep
|turn|4
|
|t:|1769446412
|switch|p2a: Trump is low IQ|Corviknight, M|100/100
|-ability|p2a: Trump is low IQ|Pressure
|move|p1a: Kumaryia|Knock Off|p2a: Trump is low IQ
|-damage|p2a: Trump is low IQ|81/100
|-damage|p1a: Kumaryia|84/100|[from] item: Rocky Helmet|[of] p2a: Trump is low IQ
|-enditem|p2a: Trump is low IQ|Rocky Helmet|[from] move: Knock Off|[of] p1a: Kumaryia
|
|-weather|Snowscape|[upkeep]
|upkeep
|turn|5
|
|t:|1769446422
|-end|p1a: Kumaryia|Protosynthesis|[silent]
|switch|p1a: Arquillian Sentry|Metagross|100/100
|-damage|p1a: Arquillian Sentry|95/100|[from] Stealth Rock
|move|p2a: Trump is low IQ|Brave Bird|p1a: Arquillian Sentry
|-resisted|p1a: Arquillian Sentry
|-damage|p1a: Arquillian Sentry|80/100
|-damage|p2a: Trump is low IQ|77/100|[from] Recoil
|
|-weather|none
|upkeep
|turn|6
|
|t:|1769446433
|move|p1a: Arquillian Sentry|Stealth Rock|p2a: Trump is low IQ
|-sidestart|p2: Trainer #39|move: Stealth Rock
|move|p2a: Trump is low IQ|Brave Bird|p1a: Arquillian Sentry
|-resisted|p1a: Arquillian Sentry
|-damage|p1a: Arquillian Sentry|65/100
|-damage|p2a: Trump is low IQ|73/100|[from] Recoil
|
|upkeep
|turn|7
|
|t:|1769446440
|move|p1a: Arquillian Sentry|Meteor Mash|p2a: Trump is low IQ
|-resisted|p2a: Trump is low IQ
|-damage|p2a: Trump is low IQ|56/100
|move|p2a: Trump is low IQ|Brave Bird|p1a: Arquillian Sentry
|-resisted|p1a: Arquillian Sentry
|-damage|p1a: Arquillian Sentry|52/100
|-damage|p2a: Trump is low IQ|52/100|[from] Recoil
|
|upkeep
|turn|8
|
|t:|1769446448
|move|p1a: Arquillian Sentry|Meteor Mash|p2a: Trump is low IQ
|-resisted|p2a: Trump is low IQ
|-damage|p2a: Trump is low IQ|36/100
|move|p2a: Trump is low IQ|Roost|p2a: Trump is low IQ
|-heal|p2a: Trump is low IQ|86/100
|-singleturn|p2a: Trump is low IQ|move: Roost
|
|upkeep
|turn|9
|
|t:|1769446455
|move|p1a: Arquillian Sentry|Meteor Mash|p2a: Trump is low IQ
|-resisted|p2a: Trump is low IQ
|-damage|p2a: Trump is low IQ|71/100
|move|p2a: Trump is low IQ|Brave Bird|p1a: Arquillian Sentry
|-resisted|p1a: Arquillian Sentry
|-damage|p1a: Arquillian Sentry|39/100
|-damage|p2a: Trump is low IQ|67/100|[from] Recoil
|
|upkeep
|turn|10
|
|t:|1769446463
|move|p1a: Arquillian Sentry|Meteor Mash|p2a: Trump is low IQ
|-resisted|p2a: Trump is low IQ
|-damage|p2a: Trump is low IQ|52/100
|move|p2a: Trump is low IQ|Brave Bird|p1a: Arquillian Sentry
|-resisted|p1a: Arquillian Sentry
|-damage|p1a: Arquillian Sentry|25/100
|-damage|p2a: Trump is low IQ|48/100|[from] Recoil
|
|upkeep
|turn|11
|inactive|Battle timer is ON: inactive players will automatically lose when time's up. (requested by Trainer #39)
|
|t:|1769446473
|switch|p1a: Arquillian Sentry|Metagross|100/100
|-damage|p1a: Arquillian Sentry|88/100|[from] Stealth Rock
|move|p2a: Trump is low IQ|Roost|p2a: Trump is low IQ
|-heal|p2a: Trump is low IQ|98/100
|-singleturn|p2a: Trump is low IQ|move: Roost
|
|upkeep
|turn|12
|
|t:|1769446484
|switch|p2a: Charli xcx|Clefable, M|100/100
|move|p1a: Arquillian Sentry|Trick|p2a: Charli xcx
|-activate|p1a: Arquillian Sentry|move: Trick|[of] p2a: Charli xcx
|-item|p2a: Charli xcx|Choice Specs|[from] move: Trick
|-item|p1a: Arquillian Sentry|Heavy-Duty Boots|[from] move: Trick
|
|upkeep
|turn|13
|inactive|Nikator98 has 120 seconds left.
|
|t:|1769446542
|switch|p1a: Gothmog|Iron Moth|100/100
|-damage|p1a: Gothmog|76/100|[from] Stealth Rock
|-enditem|p1a: Gothmog|Booster Energy
|-activate|p1a: Gothmog|ability: Quark Drive|[fromitem]
|-start|p1a: Gothmog|quarkdrivespe
|move|p2a: Charli xcx|Moonblast|p1a: Gothmog
|-resisted|p1a: Gothmog
|-damage|p1a: Gothmog|64/100
|
|upkeep
|turn|14
|
|t:|1769446552
|switch|p2a: brat|Blissey, F|93/100
|move|p1a: Gothmog|Fiery Dance|p2a: brat
|-damage|p2a: brat|78/100
|-boost|p1a: Gothmog|spa|1
|
|upkeep
|turn|15
|
|t:|1769446559
|-end|p1a: Gothmog|Quark Drive|[silent]
|switch|p1a: Kumaryia|Great Tusk, shiny|84/100
|move|p2a: brat|Calm Mind|p2a: brat
|-boost|p2a: brat|spa|1
|-boost|p2a: brat|spd|1
|
|upkeep
|turn|16
|
|t:|1769446565
|switch|p2a: Trump is low IQ|Corviknight, M|98/100
|-damage|p2a: Trump is low IQ|86/100|[from] Stealth Rock
|-ability|p2a: Trump is low IQ|Pressure
|move|p1a: Kumaryia|Rapid Spin|p2a: Trump is low IQ
|-resisted|p2a: Trump is low IQ
|-damage|p2a: Trump is low IQ|81/100
|-boost|p1a: Kumaryia|spe|1
|-sideend|p1: Nikator98|Stealth Rock|[from] move: Rapid Spin|[of] p1a: Kumaryia
|
|upkeep
|turn|17
|inactive|Nikator98 has 90 seconds left.
|
|t:|1769446596
|-end|p1a: Kumaryia|Protosynthesis|[silent]
|switch|p1a: Arquillian Sentry|Metagross|25/100
|move|p2a: Trump is low IQ|Defog|p1a: Arquillian Sentry
|-fail|p1a: Arquillian Sentry|unboost|[from] ability: Clear Body|[of] p1a: Arquillian Sentry
|-sideend|p2: Trainer #39|Stealth Rock|[from] move: Defog|[of] p2a: Trump is low IQ
|
|upkeep
|turn|18
|-enditem|p1a: Arquillian Sentry|Custap Berry|[eat]
|-activate|p1a: Arquillian Sentry|item: Custap Berry|[consumed]
|
|t:|1769446606
|move|p1a: Arquillian Sentry|Stealth Rock|p2a: Trump is low IQ
|-sidestart|p2: Trainer #39|move: Stealth Rock
|move|p2a: Trump is low IQ|Brave Bird|p1a: Arquillian Sentry
|-resisted|p1a: Arquillian Sentry
|-damage|p1a: Arquillian Sentry|10/100
|-damage|p2a: Trump is low IQ|77/100|[from] Recoil
|
|upkeep
|turn|19
|
|t:|1769446619
|move|p1a: Arquillian Sentry|Explosion|p2a: Trump is low IQ
|-resisted|p2a: Trump is low IQ
|-damage|p2a: Trump is low IQ|48/100
|faint|p1a: Arquillian Sentry
|move|p2a: Trump is low IQ|Defog|p1: Arquillian Sentry|[notarget]
|-fail|p2a: Trump is low IQ
|
|upkeep
|inactive|Nikator98 has 90 seconds left.
|
|t:|1769446632
|switch|p1a: Gothmog|Iron Moth|64/100
|turn|20
|
|t:|1769446637
|switch|p2a: brat|Blissey, F|78/100
|move|p1a: Gothmog|Fiery Dance|p2a: brat
|-damage|p2a: brat|64/100
|-boost|p1a: Gothmog|spa|1
|
|upkeep
|turn|21
|
|t:|1769446645
|-end|p1a: Gothmog|Quark Drive|[silent]
|switch|p1a: Asfaloth|Ninetales-Alola, F, shiny|100/100
|-weather|Snowscape|[from] ability: Snow Warning|[of] p1a: Asfaloth
|move|p2a: brat|Calm Mind|p2a: brat
|-boost|p2a: brat|spa|1
|-boost|p2a: brat|spd|1
|
|-weather|Snowscape|[upkeep]
|upkeep
|turn|22
|
|t:|1769446653
|move|p1a: Asfaloth|Aurora Veil|p1a: Asfaloth
|-sidestart|p1: Nikator98|move: Aurora Veil
|move|p2a: brat|Stealth Rock|p1a: Asfaloth
|-sidestart|p1: Nikator98|move: Stealth Rock
|
|-weather|Snowscape|[upkeep]
|upkeep
|turn|23
|
|t:|1769446664
|switch|p1a: Kumaryia|Great Tusk, shiny|84/100
|move|p2a: brat|Shadow Ball|p1a: Kumaryia
|-damage|p1a: Kumaryia|67/100
|
|-weather|Snowscape|[upkeep]
|upkeep
|turn|24
|
|t:|1769446671
|switch|p2a: Trump is low IQ|Corviknight, M|48/100
|-damage|p2a: Trump is low IQ|36/100|[from] Stealth Rock
|-ability|p2a: Trump is low IQ|Pressure
|move|p1a: Kumaryia|Rapid Spin|p2a: Trump is low IQ
|-resisted|p2a: Trump is low IQ
|-damage|p2a: Trump is low IQ|31/100
|-boost|p1a: Kumaryia|spe|1
|-sideend|p1: Nikator98|Stealth Rock|[from] move: Rapid Spin|[of] p1a: Kumaryia
|
|-weather|Snowscape|[upkeep]
|upkeep
|turn|25
|
|t:|1769446682
|-end|p1a: Kumaryia|Protosynthesis|[silent]
|switch|p1a: Gothmog|Iron Moth|64/100
|move|p2a: Trump is low IQ|Defog|p1a: Gothmog
|-unboost|p1a: Gothmog|evasion|1
|-sideend|p1: Nikator98|move: Aurora Veil
|-sideend|p2: Trainer #39|Stealth Rock|[from] move: Defog|[of] p2a: Trump is low IQ
|
|-weather|none
|upkeep
|turn|26
|
|t:|1769446689
|switch|p2a: Save Sudan|Slowking-Galar, M|100/100
|move|p1a: Gothmog|Fiery Dance|p2a: Save Sudan
|-damage|p2a: Save Sudan|72/100
|
|upkeep
|turn|27
|inactive|Nikator98 has 120 seconds left.
|
|t:|1769446705
|move|p1a: Gothmog|Fiery Dance|p2a: Save Sudan
|-damage|p2a: Save Sudan|40/100
|move|p2a: Save Sudan|Future Sight|p1a: Gothmog
|-start|p2a: Save Sudan|move: Future Sight
|
|upkeep
|turn|28
|
|t:|1769446713
|switch|p2a: Free Palestine|Gliscor, M|100/100 tox
|move|p1a: Gothmog|Fiery Dance|p2a: Free Palestine
|-damage|p2a: Free Palestine|52/100 tox
|
|-heal|p2a: Free Palestine|64/100 tox|[from] ability: Poison Heal
|upkeep
|turn|29
|inactive|Nikator98 has 120 seconds left.
|
|t:|1769446724
|-end|p1a: Gothmog|Quark Drive|[silent]
|switch|p1a: Asfaloth|Ninetales-Alola, F, shiny|100/100
|-weather|Snowscape|[from] ability: Snow Warning|[of] p1a: Asfaloth
|move|p2a: Free Palestine|Protect||[still]
|-fail|p2a: Free Palestine
|
|-weather|Snowscape|[upkeep]
|-end|p1a: Asfaloth|move: Future Sight
|-damage|p1a: Asfaloth|48/100
|-heal|p2a: Free Palestine|77/100 tox|[from] ability: Poison Heal
|upkeep
|turn|30
|inactive|Nikator98 has 120 seconds left.
|
|t:|1769446734
|switch|p2a: Trump is low IQ|Corviknight, M|31/100
|-ability|p2a: Trump is low IQ|Pressure
|move|p1a: Asfaloth|Freeze-Dry|p2a: Trump is low IQ
|-damage|p2a: Trump is low IQ|9/100
|
|-weather|Snowscape|[upkeep]
|upkeep
|turn|31
|inactive|Nikator98 has 120 seconds left.
|
|t:|1769446742
|switch|p2a: Save Sudan|Slowking-Galar, M|73/100
|move|p1a: Asfaloth|Freeze-Dry|p2a: Save Sudan
|-damage|p2a: Save Sudan|58/100
|
|-weather|Snowscape|[upkeep]
|upkeep
|turn|32
|
|t:|1769446748
|move|p1a: Asfaloth|Aurora Veil|p1a: Asfaloth
|-sidestart|p1: Nikator98|move: Aurora Veil
|move|p2a: Save Sudan|Sludge Bomb|p1a: Asfaloth
|-supereffective|p1a: Asfaloth
|-damage|p1a: Asfaloth|12/100
|
|-weather|Snowscape|[upkeep]
|upkeep
|turn|33
|
|t:|1769446759
|switch|p2a: Charli xcx|Clefable, M|100/100
|move|p1a: Asfaloth|Encore||[still]
|-fail|p1a: Asfaloth
|
|-weather|none
|upkeep
|turn|34
|
|t:|1769446767
|switch|p1a: Gothmog|Iron Moth|64/100
|switch|p2a: Save Sudan|Slowking-Galar, M|91/100
|
|upkeep
|turn|35
|
|t:|1769446779
|move|p1a: Gothmog|Fiery Dance|p2a: Save Sudan
|-damage|p2a: Save Sudan|63/100
|-boost|p1a: Gothmog|spa|1
|move|p2a: Save Sudan|Future Sight|p1a: Gothmog
|-start|p2a: Save Sudan|move: Future Sight
|
|upkeep
|turn|36
|
|t:|1769446785
|switch|p2a: brat|Blissey, F|64/100
|move|p1a: Gothmog|Fiery Dance|p2a: brat
|-damage|p2a: brat|43/100
|-boost|p1a: Gothmog|spa|1
|
|upkeep
|turn|37
|j| MakX70
|
|t:|1769446793
|move|p1a: Gothmog|Sludge Wave|p2a: brat
|-damage|p2a: brat|9/100
|move|p2a: brat|Soft-Boiled|p2a: brat
|-heal|p2a: brat|59/100
|
|-end|p1a: Gothmog|move: Future Sight
|-supereffective|p1a: Gothmog
|-damage|p1a: Gothmog|21/100
|upkeep
|turn|38
|j| PQPP215
|
|t:|1769446804
|move|p1a: Gothmog|Sludge Wave|p2a: brat
|-damage|p2a: brat|29/100
|move|p2a: brat|Soft-Boiled|p2a: brat
|-heal|p2a: brat|79/100
|
|upkeep
|turn|39
|
|t:|1769446810
|-end|p1a: Gothmog|Quark Drive|[silent]
|switch|p1a: Asfaloth|Ninetales-Alola, F, shiny|12/100
|-weather|Snowscape|[from] ability: Snow Warning|[of] p1a: Asfaloth
|move|p2a: brat|Calm Mind|p2a: brat
|-boost|p2a: brat|spa|1
|-boost|p2a: brat|spd|1
|
|-weather|Snowscape|[upkeep]
|-sideend|p1: Nikator98|move: Aurora Veil
|upkeep
|turn|40
|l| MakX70
|
|t:|1769446818
|move|p1a: Asfaloth|Aurora Veil|p1a: Asfaloth
|-sidestart|p1: Nikator98|move: Aurora Veil
|move|p2a: brat|Stealth Rock|p1a: Asfaloth
|-sidestart|p1: Nikator98|move: Stealth Rock
|
|-weather|Snowscape|[upkeep]
|upkeep
|turn|41
|
|t:|1769446827
|switch|p2a: Save Sudan|Slowking-Galar, M|96/100
|move|p1a: Asfaloth|Encore||[still]
|-fail|p1a: Asfaloth
|
|-weather|Snowscape|[upkeep]
|upkeep
|turn|42
|
|t:|1769446833
|switch|p1a: Kumaryia|Great Tusk, shiny|67/100
|move|p2a: Save Sudan|Future Sight|p1a: Kumaryia
|-start|p2a: Save Sudan|move: Future Sight
|
|-weather|Snowscape|[upkeep]
|upkeep
|turn|43
|
|t:|1769446839
|switch|p2a: Free Palestine|Gliscor, M|77/100 tox
|move|p1a: Kumaryia|Rapid Spin|p2a: Free Palestine
|-damage|p2a: Free Palestine|65/100 tox
|-boost|p1a: Kumaryia|spe|1
|-sideend|p1: Nikator98|Stealth Rock|[from] move: Rapid Spin|[of] p1a: Kumaryia
|
|-weather|none
|-heal|p2a: Free Palestine|77/100 tox|[from] ability: Poison Heal
|upkeep
|turn|44
|l| PQPP215
|
|t:|1769446864
|-end|p1a: Kumaryia|Protosynthesis|[silent]
|switch|p1a: Gothmog|Iron Moth|21/100
|move|p2a: Free Palestine|Substitute|p2a: Free Palestine
|-start|p2a: Free Palestine|Substitute
|-damage|p2a: Free Palestine|52/100 tox
|
|-end|p1a: Gothmog|move: Future Sight
|-supereffective|p1a: Gothmog
|-damage|p1a: Gothmog|0 fnt
|faint|p1a: Gothmog
|-end|p1a: Gothmog|Quark Drive|[silent]
|-heal|p2a: Free Palestine|65/100 tox|[from] ability: Poison Heal
|upkeep
|j| PQPP215
|inactive|Nikator98 has 120 seconds left.
|
|t:|1769446886
|switch|p1a: Kumaryia|Great Tusk, shiny|67/100
|turn|45
|
|t:|1769446890
|move|p1a: Kumaryia|Ice Spinner|p2a: Free Palestine
|-supereffective|p2a: Free Palestine
|-end|p2a: Free Palestine|Substitute
|move|p2a: Free Palestine|Toxic|p1a: Kumaryia
|-status|p1a: Kumaryia|tox
|
|-damage|p1a: Kumaryia|61/100 tox|[from] psn
|-heal|p2a: Free Palestine|77/100 tox|[from] ability: Poison Heal
|upkeep
|turn|46
|
|t:|1769446898
|move|p2a: Free Palestine|Protect|p2a: Free Palestine
|-singleturn|p2a: Free Palestine|Protect
|move|p1a: Kumaryia|Ice Spinner|p2a: Free Palestine
|-activate|p2a: Free Palestine|move: Protect
|
|-damage|p1a: Kumaryia|48/100 tox|[from] psn
|-heal|p2a: Free Palestine|90/100 tox|[from] ability: Poison Heal
|upkeep
|turn|47
|
|t:|1769446906
|switch|p2a: Trump is low IQ|Corviknight, M|9/100
|-ability|p2a: Trump is low IQ|Pressure
|move|p1a: Kumaryia|Ice Spinner|p2a: Trump is low IQ
|-damage|p2a: Trump is low IQ|0 fnt
|faint|p2a: Trump is low IQ
|
|-damage|p1a: Kumaryia|30/100 tox|[from] psn
|-sideend|p1: Nikator98|move: Aurora Veil
|upkeep
|
|t:|1769446917
|switch|p2a: 808 and curses|Dondozo, M|100/100
|turn|48
|
|t:|1769446920
|switch|p2a: Free Palestine|Gliscor, M|90/100 tox
|move|p1a: Kumaryia|Knock Off|p2a: Free Palestine
|-damage|p2a: Free Palestine|68/100 tox
|-enditem|p2a: Free Palestine|Toxic Orb|[from] move: Knock Off|[of] p1a: Kumaryia
|
|-damage|p1a: Kumaryia|5/100 tox|[from] psn
|-heal|p2a: Free Palestine|80/100 tox|[from] ability: Poison Heal
|upkeep
|turn|49
|
|t:|1769446931
|move|p2a: Free Palestine|Protect|p2a: Free Palestine
|-singleturn|p2a: Free Palestine|Protect
|move|p1a: Kumaryia|Ice Spinner|p2a: Free Palestine
|-activate|p2a: Free Palestine|move: Protect
|
|-damage|p1a: Kumaryia|0 fnt|[from] psn
|faint|p1a: Kumaryia
|-end|p1a: Kumaryia|Protosynthesis|[silent]
|-heal|p2a: Free Palestine|93/100 tox|[from] ability: Poison Heal
|upkeep
|
|t:|1769446940
|switch|p1a: Asfaloth|Ninetales-Alola, F, shiny|12/100
|-weather|Snowscape|[from] ability: Snow Warning|[of] p1a: Asfaloth
|turn|50
|
|t:|1769446955
|switch|p2a: Save Sudan|Slowking-Galar, M|100/100
|move|p1a: Asfaloth|Aurora Veil|p1a: Asfaloth
|-sidestart|p1: Nikator98|move: Aurora Veil
|
|-weather|Snowscape|[upkeep]
|upkeep
|turn|51
|
|t:|1769446964
|move|p1a: Asfaloth|Moonblast|p2a: Save Sudan
|-resisted|p2a: Save Sudan
|-damage|p2a: Save Sudan|89/100
|move|p2a: Save Sudan|Trick|p1a: Asfaloth
|-activate|p2a: Save Sudan|move: Trick|[of] p1a: Asfaloth
|-item|p1a: Asfaloth|Choice Scarf|[from] move: Trick
|-item|p2a: Save Sudan|Light Clay|[from] move: Trick
|
|-weather|Snowscape|[upkeep]
|upkeep
|turn|52
|
|t:|1769446991
|move|p1a: Asfaloth|Freeze-Dry|p2a: Save Sudan
|-damage|p2a: Save Sudan|71/100
|move|p2a: Save Sudan|Future Sight|p1a: Asfaloth
|-start|p2a: Save Sudan|move: Future Sight
|
|-weather|Snowscape|[upkeep]
|upkeep
|turn|53
|
|t:|1769446996
|move|p1a: Asfaloth|Freeze-Dry|p2a: Save Sudan
|-damage|p2a: Save Sudan|54/100
|move|p2a: Save Sudan|Sludge Bomb|p1a: Asfaloth
|-supereffective|p1a: Asfaloth
|-damage|p1a: Asfaloth|0 fnt
|faint|p1a: Asfaloth
|
|-weather|Snowscape|[upkeep]
|upkeep
|
|t:|1769447009
|switch|p1a: Lacelle|Haxorus, M, shiny|88/100
|turn|54
|
|t:|1769447018
|switch|p2a: Charli xcx|Clefable, M|100/100
|move|p1a: Lacelle|Bitter Malice|p2a: Charli xcx
|-damage|p2a: Charli xcx|74/100
|-unboost|p2a: Charli xcx|atk|1
|
|-weather|none
|-end|p1a: Lacelle|move: Future Sight
|-damage|p1a: Lacelle|46/100
|replace|p1a: Van Helsing|Zoroark-Hisui, M, shiny
|-end|p1a: Van Helsing|Illusion
|upkeep
|turn|55
|
|t:|1769447032
|move|p1a: Van Helsing|Tera Blast|p2a: Charli xcx
|-crit|p2a: Charli xcx
|-damage|p2a: Charli xcx|34/100
|move|p2a: Charli xcx|Moonblast|p1a: Van Helsing
|-damage|p1a: Van Helsing|0 fnt
|faint|p1a: Van Helsing
|
|upkeep
|
|t:|1769447039
|switch|p1a: Lacelle|Haxorus, M, shiny|100/100
|-ability|p1a: Lacelle|Mold Breaker
|turn|56
|
|t:|1769447045
|-terastallize|p1a: Lacelle|Steel
|move|p1a: Lacelle|Swords Dance|p1a: Lacelle
|-boost|p1a: Lacelle|atk|2
|move|p2a: Charli xcx|Moonblast|p1a: Lacelle
|-resisted|p1a: Lacelle
|-damage|p1a: Lacelle|81/100
|-unboost|p1a: Lacelle|spa|1
|
|upkeep
|turn|57
|
|t:|1769447053
|switch|p2a: 808 and curses|Dondozo, M|100/100
|move|p1a: Lacelle|Swords Dance|p1a: Lacelle
|-boost|p1a: Lacelle|atk|2
|
|-sideend|p1: Nikator98|move: Aurora Veil
|upkeep
|turn|58
|
|t:|1769447074
|move|p1a: Lacelle|Scale Shot|p2a: 808 and curses|[miss]
|-miss|p1a: Lacelle|p2a: 808 and curses
|move|p2a: 808 and curses|Curse|p2a: 808 and curses
|-unboost|p2a: 808 and curses|spe|1
|-boost|p2a: 808 and curses|atk|1
|-boost|p2a: 808 and curses|def|1
|
|upkeep
|turn|59
|
|t:|1769447086
|move|p1a: Lacelle|Scale Shot|p2a: 808 and curses
|-damage|p2a: 808 and curses|87/100
|-damage|p2a: 808 and curses|73/100
|-damage|p2a: 808 and curses|60/100
|-damage|p2a: 808 and curses|47/100
|-hitcount|p2a: 808 and curses|4
|-unboost|p1a: Lacelle|def|1
|-boost|p1a: Lacelle|spe|1
|move|p2a: 808 and curses|Curse|p2a: 808 and curses
|-unboost|p2a: 808 and curses|spe|1
|-boost|p2a: 808 and curses|atk|1
|-boost|p2a: 808 and curses|def|1
|
|-heal|p2a: 808 and curses|53/100|[from] item: Leftovers
|upkeep
|turn|60
|
|t:|1769447103
|move|p1a: Lacelle|Scale Shot|p2a: 808 and curses
|-damage|p2a: 808 and curses|43/100
|-crit|p2a: 808 and curses
|-damage|p2a: 808 and curses|17/100
|-damage|p2a: 808 and curses|7/100
|-damage|p2a: 808 and curses|0 fnt
|faint|p2a: 808 and curses
|-hitcount|p2: 808 and curses|4
|-unboost|p1a: Lacelle|def|1
|-boost|p1a: Lacelle|spe|1
|
|upkeep
|j| js_redstar
|l|☆Trainer #39
|inactive|Trainer #39 disconnected and has a minute to reconnect!
|player|p2|
|inactive|Trainer #39 has 30 seconds to reconnect!
|inactive|Trainer #39 has 20 seconds to reconnect!
|inactive|Trainer #39 has 15 seconds to reconnect!
|c|☆Nikator98|test
|inactive|Trainer #39 has 10 seconds to reconnect!
|inactive|Trainer #39 has 5 seconds to reconnect!
|-message|Trainer #39 lost due to inactivity.
|
|win|Nikator98
|raw|Nikator98's rating: 1768 &rarr; <strong>1792</strong><br />(+24 for winning)
|raw|Trainer #39's rating: 1845 &rarr; <strong>1821</strong><br />(-24 for losing)
|l| PQPP215
|l| js_redstar
