|j|☆jeffery111
|j|☆que pasa pepe
|t:|1769329548
|gametype|singles
|player|p1|jeffery111|janitor|1140
|player|p2|que pasa pepe|102|1145
|gen|9
|tier|[Gen 9] OU
|rated|
|rule|HP Percentage Mod: HP is shown in percentages
|rule|Endless Battle Clause: Forcing endless battles is banned
|rule|Species Clause: Limit one of each Pokémon
|rule|OHKO Clause: OHKO moves are banned
|rule|Evasion Items Clause: Evasion items are banned
|rule|Evasion Moves Clause: Evasion moves are banned
|rule|Evasion Abilities Clause: Evasion abilities are banned
|rule|Sleep Moves Clause: Sleep-inducing moves are banned
|clearpoke
|poke|p1|Great Tusk|
|poke|p1|Raging Bolt|
|poke|p1|Dragapult, F|
|poke|p1|Slowking-Galar, M|
|poke|p1|Kingambit, F|
|poke|p1|Ogerpon-Wellspring, F|
|poke|p2|Garganacl, M|
|poke|p2|Ceruledge, M|
|poke|p2|Oricorio-Pom-Pom, F|
|poke|p2|Quaquaval, F|
|poke|p2|Kingambit, M|
|poke|p2|Hydrapple, M|
|teampreview
|
|t:|1769329571
|teamsize|p1|6
|teamsize|p2|6
|start
|switch|p1a: Ogerpon|Ogerpon-Wellspring, F|100/100
|switch|p2a: Quaquaval|Quaquaval, F, shiny|100/100
|turn|1
|
|t:|1769329586
|switch|p2a: Ceruledge|Ceruledge, M, shiny|100/100
|move|p1a: Ogerpon|Ivy Cudgel|p2a: Ceruledge|[anim] Ivy Cudgel Water
|-supereffective|p2a: Ceruledge
|-crit|p2a: Ceruledge
|-damage|p2a: Ceruledge|0 fnt
|faint|p2a: Ceruledge
|
|upkeep
|
|t:|1769329595
|switch|p2a: Hydrapple|Hydrapple, M, shiny|100/100
|turn|2
|l|☆jeffery111
|player|p1|
|j|☆jeffery111
|player|p1|jeffery111|janitor|
|
|t:|1769329655
|move|p1a: Ogerpon|U-turn|p2a: Hydrapple
|-supereffective|p2a: Hydrapple
|-damage|p2a: Hydrapple|62/100
|
|t:|1769329660
|switch|p1a: Slowking|Slowking-Galar, M|100/100|[from] U-turn
|move|p2a: Hydrapple|Fickle Beam|p1a: Slowking|[anim] Fickle Beam All Out
|-activate|p2a: Hydrapple|move: Fickle Beam
|-damage|p1a: Slowking|46/100
|-damage|p2a: Hydrapple|52/100|[from] item: Life Orb
|
|upkeep
|turn|3
|
|t:|1769329675
|move|p2a: Hydrapple|Giga Drain|p1a: Slowking
|-resisted|p1a: Slowking
|-damage|p1a: Slowking|33/100
|-heal|p2a: Hydrapple|58/100|[from] drain|[of] p1a: Slowking
|-damage|p2a: Hydrapple|48/100|[from] item: Life Orb
|move|p1a: Slowking|Ice Beam|p2a: Hydrapple
|-supereffective|p2a: Hydrapple
|-damage|p2a: Hydrapple|0 fnt
|faint|p2a: Hydrapple
|
|upkeep
|
|t:|1769329686
|switch|p2a: Kingambit|Kingambit, M, shiny|100/100
|-activate|p2a: Kingambit|ability: Supreme Overlord
|-start|p2a: Kingambit|fallen2|[silent]
|turn|4
|
|t:|1769329695
|switch|p1a: Dragapult|Dragapult, F|100/100
|move|p2a: Kingambit|Swords Dance|p2a: Kingambit
|-boost|p2a: Kingambit|atk|2
|
|upkeep
|turn|5
|
|t:|1769329702
|move|p1a: Dragapult|Will-O-Wisp|p2a: Kingambit
|-status|p2a: Kingambit|brn
|move|p2a: Kingambit|Kowtow Cleave|p1a: Dragapult
|-supereffective|p1a: Dragapult
|-crit|p1a: Dragapult
|-damage|p1a: Dragapult|0 fnt
|faint|p1a: Dragapult
|
|-damage|p2a: Kingambit|94/100 brn|[from] brn
|upkeep
|
|t:|1769329712
|switch|p1a: Great Tusk|Great Tusk|100/100
|turn|6
|
|t:|1769329730
|-end|p2a: Kingambit|fallen2|[silent]
|switch|p2a: MVP|Oricorio-Pom-Pom, F, shiny|100/100
|move|p1a: Great Tusk|Ice Spinner|p2a: MVP
|-supereffective|p2a: MVP
|-damage|p2a: MVP|53/100
|
|upkeep
|turn|7
|
|t:|1769329745
|-end|p1a: Great Tusk|Protosynthesis|[silent]
|switch|p1a: Raging Bolt|Raging Bolt|100/100
|-enditem|p1a: Raging Bolt|Booster Energy
|-activate|p1a: Raging Bolt|ability: Protosynthesis|[fromitem]
|-start|p1a: Raging Bolt|protosynthesisspa
|switch|p2a: Quaquaval|Quaquaval, F, shiny|100/100
|
|upkeep
|turn|8
|
|t:|1769329760
|switch|p2a: Garganacl|Garganacl, M, shiny|100/100
|-terastallize|p1a: Raging Bolt|Fairy
|move|p1a: Raging Bolt|Dragon Pulse|p2a: Garganacl
|-damage|p2a: Garganacl|54/100
|
|upkeep
|turn|9
|
|t:|1769329769
|move|p1a: Raging Bolt|Calm Mind|p1a: Raging Bolt
|-boost|p1a: Raging Bolt|spa|1
|-boost|p1a: Raging Bolt|spd|1
|move|p2a: Garganacl|Recover|p2a: Garganacl
|-heal|p2a: Garganacl|100/100
|
|upkeep
|turn|10
|
|t:|1769329780
|move|p1a: Raging Bolt|Thunderbolt|p2a: Garganacl
|-damage|p2a: Garganacl|36/100
|move|p2a: Garganacl|Salt Cure|p1a: Raging Bolt
|-damage|p1a: Raging Bolt|87/100
|-start|p1a: Raging Bolt|Salt Cure
|
|-damage|p1a: Raging Bolt|74/100|[from] Salt Cure
|upkeep
|turn|11
|
|t:|1769329790
|-terastallize|p2a: Garganacl|Ground
|move|p1a: Raging Bolt|Thunderbolt|p2a: Garganacl
|-immune|p2a: Garganacl
|move|p2a: Garganacl|Recover|p2a: Garganacl
|-heal|p2a: Garganacl|86/100
|
|-damage|p1a: Raging Bolt|62/100|[from] Salt Cure
|upkeep
|turn|12
|
|t:|1769329798
|move|p1a: Raging Bolt|Dragon Pulse|p2a: Garganacl
|-damage|p2a: Garganacl|21/100
|move|p2a: Garganacl|Body Press|p1a: Raging Bolt
|-resisted|p1a: Raging Bolt
|-damage|p1a: Raging Bolt|51/100
|
|-damage|p1a: Raging Bolt|38/100|[from] Salt Cure
|upkeep
|turn|13
|
|t:|1769329812
|switch|p2a: Quaquaval|Quaquaval, F, shiny|100/100
|move|p1a: Raging Bolt|Dragon Pulse|p2a: Quaquaval
|-damage|p2a: Quaquaval|0 fnt
|faint|p2a: Quaquaval
|
|-damage|p1a: Raging Bolt|26/100|[from] Salt Cure
|upkeep
|
|t:|1769329820
|switch|p2a: MVP|Oricorio-Pom-Pom, F, shiny|53/100
|turn|14
|
|t:|1769329831
|move|p1a: Raging Bolt|Thunderclap|p2a: MVP
|-damage|p2a: MVP|0 fnt
|faint|p2a: MVP
|
|-damage|p1a: Raging Bolt|14/100|[from] Salt Cure
|upkeep
|
|t:|1769329840
|switch|p2a: Kingambit|Kingambit, M, shiny|94/100 brn
|-activate|p2a: Kingambit|ability: Supreme Overlord
|-start|p2a: Kingambit|fallen4|[silent]
|turn|15
|
|t:|1769329847
|move|p1a: Raging Bolt|Thunderclap|p2a: Kingambit
|-damage|p2a: Kingambit|20/100 brn
|move|p2a: Kingambit|Sucker Punch||[still]
|-fail|p2a: Kingambit
|
|-heal|p2a: Kingambit|26/100 brn|[from] item: Leftovers
|-damage|p2a: Kingambit|20/100 brn|[from] brn
|-damage|p1a: Raging Bolt|2/100|[from] Salt Cure
|upkeep
|turn|16
|
|t:|1769329857
|move|p1a: Raging Bolt|Thunderclap|p2a: Kingambit
|-damage|p2a: Kingambit|0 fnt
|faint|p2a: Kingambit
|-end|p2a: Kingambit|fallen4|[silent]
|
|-damage|p1a: Raging Bolt|0 fnt|[from] Salt Cure
|faint|p1a: Raging Bolt
|-end|p1a: Raging Bolt|Protosynthesis|[silent]
|upkeep
|
|t:|1769329863
|switch|p1a: Ogerpon|Ogerpon-Wellspring, F|100/100
|switch|p2a: Garganacl|Garganacl, M, shiny, tera:Ground|21/100
|turn|17
|
|t:|1769329869
|move|p1a: Ogerpon|Ivy Cudgel|p2a: Garganacl|[anim] Ivy Cudgel Water
|-supereffective|p2a: Garganacl
|-damage|p2a: Garganacl|0 fnt
|faint|p2a: Garganacl
|
|win|jeffery111
|raw|jeffery111's rating: 1140 &rarr; <strong>1165</strong><br />(+25 for winning)
|raw|que pasa pepe's rating: 1145 &rarr; <strong>1120</strong><br />(-25 for losing)
|l|☆que pasa pepe
|player|p2|
|l|☆jeffery111
|player|p1|
