|j|☆redhyina
|j|☆skyltie
|t:|1769420479
|gametype|singles
|player|p1|redhyina|265|1263
|player|p2|skyltie|clay|1295
|gen|9
|tier|[Gen 9] OU
|rated|
|rule|HP Percentage Mod: HP is shown in percentages
|rule|Endless Battle Clause: Forcing endless battles is banned
|rule|Species Clause: Limit one of each Pokémon
|rule|OHKO Clause: OHKO moves are banned
|rule|Evasion Items Clause: Evasion items are banned
|rule|Evasion Moves Clause: Evasion moves are banned
|rule|Evasion Abilities Clause: Evasion abilities are banned
|rule|Sleep Moves Clause: Sleep-inducing moves are banned
|clearpoke
|poke|p1|Samurott-Hisui, F|
|poke|p1|Araquanid, M|
|poke|p1|Garchomp, M|
|poke|p1|Gliscor, F|
|poke|p1|Great Tusk|
|poke|p1|Kingambit, F|
|poke|p2|Metagross|
|poke|p2|Galvantula, M|
|poke|p2|Garchomp, F|
|poke|p2|Clodsire, M|
|poke|p2|Corviknight, M|
|poke|p2|Gholdengo|
|teampreview
|c|☆redhyina|glhf
|c|☆skyltie|u2 :>
|
|t:|1769420490
|teamsize|p1|6
|teamsize|p2|6
|start
|switch|p1a: Araquanid|Araquanid, M|100/100
|switch|p2a: Galvantula|Galvantula, M|100/100
|turn|1
|
|t:|1769420496
|move|p2a: Galvantula|Volt Switch|p1a: Araquanid
|-supereffective|p1a: Araquanid
|-damage|p1a: Araquanid|56/100
|
|t:|1769420502
|switch|p2a: Gholdengo|Gholdengo|100/100|[from] Volt Switch
|move|p1a: Araquanid|Sticky Web|p2a: Gholdengo
|-sidestart|p2: skyltie|move: Sticky Web
|
|upkeep
|turn|2
|
|t:|1769420509
|move|p2a: Gholdengo|Thunderbolt|p1a: Araquanid
|-supereffective|p1a: Araquanid
|-damage|p1a: Araquanid|0 fnt
|faint|p1a: Araquanid
|
|upkeep
|
|t:|1769420512
|switch|p1a: Garchomp|Garchomp, M|100/100
|turn|3
|
|t:|1769420518
|switch|p2a: Corviknight|Corviknight, M|100/100
|move|p1a: Garchomp|Spikes|p2a: Corviknight
|-sidestart|p2: skyltie|Spikes
|
|upkeep
|turn|4
|
|t:|1769420521
|move|p2a: Corviknight|Defog|p1a: Garchomp
|-unboost|p1a: Garchomp|evasion|1
|-sideend|p2: skyltie|Spikes|[from] move: Defog|[of] p2a: Corviknight
|-sideend|p2: skyltie|Sticky Web|[from] move: Defog|[of] p2a: Corviknight
|move|p1a: Garchomp|Dragon Tail|p2a: Corviknight
|-resisted|p2a: Corviknight
|-damage|p2a: Corviknight|93/100
|-damage|p1a: Garchomp|84/100|[from] item: Rocky Helmet|[of] p2a: Corviknight
|drag|p2a: Galvantula|Galvantula, M|100/100
|
|upkeep
|turn|5
|
|t:|1769420527
|switch|p2a: Corviknight|Corviknight, M|93/100
|move|p1a: Garchomp|Earthquake|p2a: Corviknight
|-immune|p2a: Corviknight
|
|upkeep
|turn|6
|
|t:|1769420533
|move|p2a: Corviknight|Body Press|p1a: Garchomp
|-damage|p1a: Garchomp|67/100
|-damage|p2a: Corviknight|81/100|[from] ability: Rough Skin|[of] p1a: Garchomp
|-damage|p2a: Corviknight|64/100|[from] item: Rocky Helmet|[of] p1a: Garchomp
|move|p1a: Garchomp|Dragon Tail|p2a: Corviknight
|-resisted|p2a: Corviknight
|-crit|p2a: Corviknight
|-damage|p2a: Corviknight|53/100
|-damage|p1a: Garchomp|50/100|[from] item: Rocky Helmet|[of] p2a: Corviknight
|drag|p2a: Gholdengo|Gholdengo|100/100
|
|upkeep
|turn|7
|
|t:|1769420538
|move|p2a: Gholdengo|Make It Rain|p1a: Garchomp
|-damage|p1a: Garchomp|0 fnt
|-unboost|p2a: Gholdengo|spa|1
|faint|p1a: Garchomp
|
|upkeep
|
|t:|1769420542
|switch|p1a: Samurott|Samurott-Hisui, F|100/100
|turn|8
|
|t:|1769420545
|switch|p2a: Corviknight|Corviknight, M|53/100
|move|p1a: Samurott|Ceaseless Edge|p2a: Corviknight
|-damage|p2a: Corviknight|28/100
|-damage|p1a: Samurott|84/100|[from] item: Rocky Helmet|[of] p2a: Corviknight
|-sidestart|p2: skyltie|Spikes
|
|upkeep
|turn|9
|
|t:|1769420547
|move|p1a: Samurott|Ceaseless Edge|p2a: Corviknight
|-damage|p2a: Corviknight|0 fnt
|-damage|p1a: Samurott|67/100|[from] item: Rocky Helmet|[of] p2a: Corviknight
|-sidestart|p2: skyltie|Spikes
|faint|p2a: Corviknight
|
|upkeep
|
|t:|1769420554
|switch|p2a: Garchomp|Garchomp, F|100/100
|-damage|p2a: Garchomp|84/100|[from] Spikes
|turn|10
|
|t:|1769420567
|move|p2a: Garchomp|Swords Dance|p2a: Garchomp
|-boost|p2a: Garchomp|atk|2
|move|p1a: Samurott|Razor Shell|p2a: Garchomp
|-damage|p2a: Garchomp|37/100
|-unboost|p2a: Garchomp|def|1
|-damage|p1a: Samurott|55/100|[from] ability: Rough Skin|[of] p2a: Garchomp
|
|upkeep
|turn|11
|
|t:|1769420573
|move|p1a: Samurott|Aqua Jet|p2a: Garchomp
|-damage|p2a: Garchomp|11/100
|-damage|p1a: Samurott|43/100|[from] ability: Rough Skin|[of] p2a: Garchomp
|move|p2a: Garchomp|Scale Shot|p1a: Samurott
|-damage|p1a: Samurott|11/100
|-damage|p1a: Samurott|0 fnt
|faint|p1a: Samurott
|-hitcount|p1: Samurott|2
|-unboost|p2a: Garchomp|def|1
|-boost|p2a: Garchomp|spe|1
|
|upkeep
|
|t:|1769420577
|switch|p1a: Gliscor|Gliscor, F|100/100
|turn|12
|
|t:|1769420581
|move|p2a: Garchomp|Scale Shot|p1a: Gliscor
|-damage|p1a: Gliscor|78/100
|-damage|p1a: Gliscor|58/100
|-damage|p1a: Gliscor|37/100
|-damage|p1a: Gliscor|17/100
|-hitcount|p1a: Gliscor|4
|-unboost|p2a: Garchomp|def|1
|-boost|p2a: Garchomp|spe|1
|move|p1a: Gliscor|Toxic|p2a: Garchomp|[miss]
|-miss|p1a: Gliscor|p2a: Garchomp
|
|-status|p1a: Gliscor|tox|[from] item: Toxic Orb
|upkeep
|turn|13
|
|t:|1769420591
|move|p2a: Garchomp|Fire Fang|p1a: Gliscor
|-damage|p1a: Gliscor|0 fnt
|faint|p1a: Gliscor
|
|upkeep
|
|t:|1769420593
|switch|p1a: Great Tusk|Great Tusk|100/100
|turn|14
|
|t:|1769420596
|move|p2a: Garchomp|Scale Shot|p1a: Great Tusk
|-damage|p1a: Great Tusk|81/100
|-damage|p1a: Great Tusk|63/100
|-damage|p1a: Great Tusk|44/100
|-damage|p1a: Great Tusk|25/100
|-hitcount|p1a: Great Tusk|4
|-unboost|p2a: Garchomp|def|1
|-boost|p2a: Garchomp|spe|1
|move|p1a: Great Tusk|Stealth Rock|p2a: Garchomp
|-sidestart|p2: skyltie|move: Stealth Rock
|
|upkeep
|turn|15
|
|t:|1769420602
|move|p2a: Garchomp|Scale Shot|p1a: Great Tusk
|-damage|p1a: Great Tusk|5/100
|-damage|p1a: Great Tusk|0 fnt
|faint|p1a: Great Tusk
|-end|p1a: Great Tusk|Protosynthesis|[silent]
|-hitcount|p1: Great Tusk|2
|-unboost|p2a: Garchomp|def|1
|-boost|p2a: Garchomp|spe|1
|
|upkeep
|
|t:|1769420605
|switch|p1a: Kingambit|Kingambit, F|100/100
|-activate|p1a: Kingambit|ability: Supreme Overlord
|-start|p1a: Kingambit|fallen5|[silent]
|turn|16
|
|t:|1769420607
|move|p1a: Kingambit|Sucker Punch||[still]
|-fail|p1a: Kingambit
|move|p2a: Garchomp|Swords Dance|p2a: Garchomp
|-boost|p2a: Garchomp|atk|2
|
|upkeep
|turn|17
|
|t:|1769420611
|move|p1a: Kingambit|Sucker Punch||[still]
|-fail|p1a: Kingambit
|move|p2a: Garchomp|Swords Dance|p2a: Garchomp
|-boost|p2a: Garchomp|atk|2
|
|upkeep
|turn|18
|
|t:|1769420614
|switch|p2a: Gholdengo|Gholdengo|100/100
|-damage|p2a: Gholdengo|84/100|[from] Spikes
|-damage|p2a: Gholdengo|78/100|[from] Stealth Rock
|move|p1a: Kingambit|Sucker Punch||[still]
|-fail|p1a: Kingambit
|
|upkeep
|turn|19
|
|t:|1769420616
|move|p2a: Gholdengo|Trick|p1a: Kingambit
|-activate|p2a: Gholdengo|move: Trick|[of] p1a: Kingambit
|-item|p1a: Kingambit|Choice Specs|[from] move: Trick
|-item|p2a: Gholdengo|Leftovers|[from] move: Trick
|move|p1a: Kingambit|Swords Dance|p1a: Kingambit
|-boost|p1a: Kingambit|atk|2
|
|-heal|p2a: Gholdengo|84/100|[from] item: Leftovers
|upkeep
|turn|20
|c|☆redhyina|gg
|c|☆skyltie|gg
|-message|redhyina forfeited.
|
|win|skyltie
|raw|redhyina's rating: 1263 &rarr; <strong>1240</strong><br />(-23 for losing)
|raw|skyltie's rating: 1295 &rarr; <strong>1318</strong><br />(+23 for winning)
|l|☆redhyina
|player|p1|
|l|☆skyltie
|player|p2|
