|j|☆Itshmdicom
|j|☆IvanZM
|t:|1769401994
|gametype|singles
|player|p1|Itshmdicom|170|1327
|player|p2|IvanZM|policeman-gen4|1321
|gen|9
|tier|[Gen 9] OU
|rated|
|rule|HP Percentage Mod: HP is shown in percentages
|rule|Endless Battle Clause: Forcing endless battles is banned
|rule|Species Clause: Limit one of each Pokémon
|rule|OHKO Clause: OHKO moves are banned
|rule|Evasion Items Clause: Evasion items are banned
|rule|Evasion Moves Clause: Evasion moves are banned
|rule|Evasion Abilities Clause: Evasion abilities are banned
|rule|Sleep Moves Clause: Sleep-inducing moves are banned
|clearpoke
|poke|p1|Dondozo, M|
|poke|p1|Latias, F|
|poke|p1|Corviknight, M|
|poke|p1|Rotom-Wash|
|poke|p1|Heatran, F|
|poke|p1|Meowscarada, F|
|poke|p2|Dragonite, F|
|poke|p2|Walking Wake|
|poke|p2|Kingambit, F|
|poke|p2|Gholdengo|
|poke|p2|Vaporeon, F|
|poke|p2|Enamorus, F|
|teampreview
|inactive|Battle timer is ON: inactive players will automatically lose when time's up. (requested by IvanZM)
|
|t:|1769402014
|teamsize|p1|6
|teamsize|p2|6
|start
|switch|p1a: Rotom|Rotom-Wash|100/100
|switch|p2a: Enamorus|Enamorus, F|100/100
|turn|1
|inactive|Itshmdicom has 120 seconds left.
|
|t:|1769402050
|move|p2a: Enamorus|Superpower|p1a: Rotom
|-damage|p1a: Rotom|66/100
|-boost|p2a: Enamorus|atk|1
|-boost|p2a: Enamorus|def|1
|move|p1a: Rotom|Thunder Wave|p2a: Enamorus
|-status|p2a: Enamorus|par
|
|-heal|p1a: Rotom|72/100|[from] item: Leftovers
|upkeep
|turn|2
|inactive|Itshmdicom has 120 seconds left.
|
|t:|1769402061
|move|p1a: Rotom|Volt Switch|p2a: Enamorus
|-supereffective|p2a: Enamorus
|-damage|p2a: Enamorus|20/100 par
|inactive|Itshmdicom has 120 seconds left.
|
|t:|1769402066
|switch|p1a: Dondozo|Dondozo, M|100/100|[from] Volt Switch
|cant|p2a: Enamorus|par
|
|-heal|p2a: Enamorus|26/100 par|[from] item: Leftovers
|upkeep
|turn|3
|inactive|Itshmdicom has 120 seconds left.
|
|t:|1769402078
|move|p2a: Enamorus|Iron Head|p1a: Dondozo
|-resisted|p1a: Dondozo
|-damage|p1a: Dondozo|95/100
|cant|p1a: Dondozo|flinch
|
|-heal|p2a: Enamorus|32/100 par|[from] item: Leftovers
|-heal|p1a: Dondozo|100/100|[from] item: Leftovers
|upkeep
|turn|4
|
|t:|1769402083
|move|p2a: Enamorus|Outrage|p1a: Dondozo
|-damage|p1a: Dondozo|82/100
|move|p1a: Dondozo|Curse|p1a: Dondozo
|-unboost|p1a: Dondozo|spe|1
|-boost|p1a: Dondozo|atk|1
|-boost|p1a: Dondozo|def|1
|
|-heal|p2a: Enamorus|38/100 par|[from] item: Leftovers
|-heal|p1a: Dondozo|88/100|[from] item: Leftovers
|upkeep
|turn|5
|
|t:|1769402086
|cant|p2a: Enamorus|par
|move|p1a: Dondozo|Curse|p1a: Dondozo
|-unboost|p1a: Dondozo|spe|1
|-boost|p1a: Dondozo|atk|1
|-boost|p1a: Dondozo|def|1
|
|-heal|p2a: Enamorus|44/100 par|[from] item: Leftovers
|-heal|p1a: Dondozo|94/100|[from] item: Leftovers
|upkeep
|turn|6
|
|t:|1769402106
|move|p2a: Enamorus|Play Rough|p1a: Dondozo
|-damage|p1a: Dondozo|84/100
|move|p1a: Dondozo|Curse|p1a: Dondozo
|-unboost|p1a: Dondozo|spe|1
|-boost|p1a: Dondozo|atk|1
|-boost|p1a: Dondozo|def|1
|
|-heal|p2a: Enamorus|50/100 par|[from] item: Leftovers
|-heal|p1a: Dondozo|90/100|[from] item: Leftovers
|upkeep
|turn|7
|
|t:|1769402111
|cant|p2a: Enamorus|par
|move|p1a: Dondozo|Curse|p1a: Dondozo
|-unboost|p1a: Dondozo|spe|1
|-boost|p1a: Dondozo|atk|1
|-boost|p1a: Dondozo|def|1
|
|-heal|p2a: Enamorus|56/100 par|[from] item: Leftovers
|-heal|p1a: Dondozo|97/100|[from] item: Leftovers
|upkeep
|turn|8
|
|t:|1769402118
|move|p2a: Enamorus|Superpower|p1a: Dondozo
|-damage|p1a: Dondozo|90/100
|-boost|p2a: Enamorus|atk|1
|-boost|p2a: Enamorus|def|1
|move|p1a: Dondozo|Curse|p1a: Dondozo
|-unboost|p1a: Dondozo|spe|1
|-boost|p1a: Dondozo|atk|1
|-boost|p1a: Dondozo|def|1
|
|-heal|p2a: Enamorus|62/100 par|[from] item: Leftovers
|-heal|p1a: Dondozo|96/100|[from] item: Leftovers
|upkeep
|turn|9
|
|t:|1769402127
|move|p2a: Enamorus|Superpower|p1a: Dondozo
|-damage|p1a: Dondozo|90/100
|-boost|p2a: Enamorus|atk|1
|-boost|p2a: Enamorus|def|1
|move|p1a: Dondozo|Curse|p1a: Dondozo
|-unboost|p1a: Dondozo|spe|1
|-boost|p1a: Dondozo|atk|1
|-boost|p1a: Dondozo|def|1
|
|-heal|p2a: Enamorus|68/100 par|[from] item: Leftovers
|-heal|p1a: Dondozo|97/100|[from] item: Leftovers
|upkeep
|turn|10
|
|t:|1769402134
|cant|p2a: Enamorus|par
|move|p1a: Dondozo|Waterfall|p2a: Enamorus
|-damage|p2a: Enamorus|0 fnt
|faint|p2a: Enamorus
|
|-heal|p1a: Dondozo|100/100|[from] item: Leftovers
|upkeep
|
|t:|1769402139
|switch|p2a: Vaporeon|Vaporeon, F|100/100
|turn|11
|
|t:|1769402150
|switch|p1a: Latias|Latias, F|100/100
|move|p2a: Vaporeon|Acid Armor|p2a: Vaporeon
|-boost|p2a: Vaporeon|def|2
|
|upkeep
|turn|12
|c|☆Itshmdicom|??
|
|t:|1769402154
|move|p1a: Latias|Calm Mind|p1a: Latias
|-boost|p1a: Latias|spa|1
|-boost|p1a: Latias|spd|1
|move|p2a: Vaporeon|Calm Mind|p2a: Vaporeon
|-boost|p2a: Vaporeon|spa|1
|-boost|p2a: Vaporeon|spd|1
|
|upkeep
|turn|13
|
|t:|1769402162
|move|p1a: Latias|Calm Mind|p1a: Latias
|-boost|p1a: Latias|spa|1
|-boost|p1a: Latias|spd|1
|move|p2a: Vaporeon|Calm Mind|p2a: Vaporeon
|-boost|p2a: Vaporeon|spa|1
|-boost|p2a: Vaporeon|spd|1
|
|upkeep
|turn|14
|
|t:|1769402170
|move|p1a: Latias|Calm Mind|p1a: Latias
|-boost|p1a: Latias|spa|1
|-boost|p1a: Latias|spd|1
|move|p2a: Vaporeon|Calm Mind|p2a: Vaporeon
|-boost|p2a: Vaporeon|spa|1
|-boost|p2a: Vaporeon|spd|1
|
|upkeep
|turn|15
|
|t:|1769402174
|move|p1a: Latias|Calm Mind|p1a: Latias
|-boost|p1a: Latias|spa|1
|-boost|p1a: Latias|spd|1
|move|p2a: Vaporeon|Calm Mind|p2a: Vaporeon
|-boost|p2a: Vaporeon|spa|1
|-boost|p2a: Vaporeon|spd|1
|
|upkeep
|turn|16
|
|t:|1769402191
|move|p1a: Latias|Psyshock|p2a: Vaporeon
|-damage|p2a: Vaporeon|67/100
|move|p2a: Vaporeon|Calm Mind|p2a: Vaporeon
|-boost|p2a: Vaporeon|spa|1
|-boost|p2a: Vaporeon|spd|1
|
|-heal|p2a: Vaporeon|74/100|[from] item: Leftovers
|upkeep
|turn|17
|
|t:|1769402194
|move|p1a: Latias|Calm Mind|p1a: Latias
|-boost|p1a: Latias|spa|1
|-boost|p1a: Latias|spd|1
|move|p2a: Vaporeon|Stored Power|p1a: Latias
|-resisted|p1a: Latias
|-damage|p1a: Latias|81/100
|
|-heal|p1a: Latias|87/100|[from] item: Leftovers
|-heal|p2a: Vaporeon|80/100|[from] item: Leftovers
|upkeep
|turn|18
|
|t:|1769402197
|move|p1a: Latias|Calm Mind|p1a: Latias
|-boost|p1a: Latias|spa|1
|-boost|p1a: Latias|spd|1
|move|p2a: Vaporeon|Acid Armor|p2a: Vaporeon
|-boost|p2a: Vaporeon|def|2
|
|-heal|p1a: Latias|93/100|[from] item: Leftovers
|-heal|p2a: Vaporeon|86/100|[from] item: Leftovers
|upkeep
|turn|19
|
|t:|1769402218
|move|p1a: Latias|Psyshock|p2a: Vaporeon
|-damage|p2a: Vaporeon|53/100
|move|p2a: Vaporeon|Calm Mind|p2a: Vaporeon
|-boost|p2a: Vaporeon|spa|1
|-boost|p2a: Vaporeon|spd|1
|
|-heal|p1a: Latias|99/100|[from] item: Leftovers
|-heal|p2a: Vaporeon|59/100|[from] item: Leftovers
|upkeep
|turn|20
|
|t:|1769402225
|move|p1a: Latias|Psyshock|p2a: Vaporeon
|-damage|p2a: Vaporeon|25/100
|move|p2a: Vaporeon|Acid Armor|p2a: Vaporeon
|-boost|p2a: Vaporeon|def|2
|
|-heal|p1a: Latias|100/100|[from] item: Leftovers
|-heal|p2a: Vaporeon|31/100|[from] item: Leftovers
|upkeep
|turn|21
|
|t:|1769402229
|move|p1a: Latias|Psyshock|p2a: Vaporeon
|-damage|p2a: Vaporeon|6/100
|move|p2a: Vaporeon|Rest|p2a: Vaporeon
|-status|p2a: Vaporeon|slp|[from] move: Rest
|-heal|p2a: Vaporeon|100/100 slp|[silent]
|
|upkeep
|turn|22
|
|t:|1769402234
|move|p1a: Latias|Psyshock|p2a: Vaporeon
|-crit|p2a: Vaporeon
|-damage|p2a: Vaporeon|0 fnt
|faint|p2a: Vaporeon
|
|upkeep
|-message|IvanZM forfeited.
|
|win|Itshmdicom
|raw|Itshmdicom's rating: 1327 &rarr; <strong>1347</strong><br />(+20 for winning)
|raw|IvanZM's rating: 1321 &rarr; <strong>1301</strong><br />(-20 for losing)
|l|☆IvanZM
|player|p2|
