|j|‽maitreyathe
|j|☆Flameorbjolt
|t:|1769322152
|gametype|singles
|player|p1|maitreyathe|skyla-masters2|1342
|player|p2|Flameorbjolt|twins-gen4|1403
|gen|9
|tier|[Gen 9] OU
|rated|
|rule|HP Percentage Mod: HP is shown in percentages
|rule|Endless Battle Clause: Forcing endless battles is banned
|rule|Species Clause: Limit one of each Pokémon
|rule|OHKO Clause: OHKO moves are banned
|rule|Evasion Items Clause: Evasion items are banned
|rule|Evasion Moves Clause: Evasion moves are banned
|rule|Evasion Abilities Clause: Evasion abilities are banned
|rule|Sleep Moves Clause: Sleep-inducing moves are banned
|clearpoke
|poke|p1|Darkrai|
|poke|p1|Great Tusk|
|poke|p1|Gholdengo|
|poke|p1|Kingambit, F|
|poke|p1|Glimmora, M|
|poke|p1|Dragonite, M|
|poke|p2|Medicham, F|
|poke|p2|Corviknight, F|
|poke|p2|Iron Treads|
|poke|p2|Darkrai|
|poke|p2|Pecharunt|
|poke|p2|Ogerpon-Wellspring, F|
|teampreview
|inactive|Battle timer is ON: inactive players will automatically lose when time's up. (requested by maitreyathe)
|
|t:|1769322170
|teamsize|p1|6
|teamsize|p2|6
|start
|switch|p1a: Gholdengo|Gholdengo, shiny|100/100
|switch|p2a: Medicham|Medicham, F|100/100
|-item|p1a: Gholdengo|Air Balloon
|turn|1
|
|t:|1769322182
|switch|p2a: Darkrai|Darkrai|100/100
|move|p1a: Gholdengo|Nasty Plot|p1a: Gholdengo
|-boost|p1a: Gholdengo|spa|2
|
|upkeep
|turn|2
|
|t:|1769322186
|move|p2a: Darkrai|Dark Pulse|p1a: Gholdengo
|-supereffective|p1a: Gholdengo
|-damage|p1a: Gholdengo|0 fnt
|-enditem|p1a: Gholdengo|Air Balloon
|faint|p1a: Gholdengo
|
|upkeep
|
|t:|1769322197
|switch|p1a: Glimmora|Glimmora, M, shiny|100/100
|turn|3
|
|t:|1769322200
|move|p2a: Darkrai|Dark Pulse|p1a: Glimmora
|-damage|p1a: Glimmora|20/100
|move|p1a: Glimmora|Meteor Beam||[still]
|-prepare|p1a: Glimmora|Meteor Beam
|-boost|p1a: Glimmora|spa|1
|-enditem|p1a: Glimmora|Power Herb
|-anim|p1a: Glimmora|Meteor Beam|p2a: Darkrai
|-damage|p2a: Darkrai|0 fnt
|faint|p2a: Darkrai
|
|upkeep
|
|t:|1769322210
|switch|p2a: Iron Treads|Iron Treads|100/100
|turn|4
|
|t:|1769322213
|move|p2a: Iron Treads|Volt Switch|p1a: Glimmora
|-damage|p1a: Glimmora|6/100
|
|t:|1769322217
|-end|p2a: Iron Treads|Quark Drive|[silent]
|switch|p2a: Corviknight|Corviknight, F|100/100|[from] Volt Switch
|-ability|p2a: Corviknight|Pressure
|move|p1a: Glimmora|Stealth Rock|p2a: Corviknight
|-sidestart|p2: Flameorbjolt|move: Stealth Rock
|
|upkeep
|turn|5
|
|t:|1769322223
|move|p1a: Glimmora|Dazzling Gleam|p2a: Corviknight
|-resisted|p2a: Corviknight
|-damage|p2a: Corviknight|80/100
|-enditem|p2a: Corviknight|Eject Button
|
|t:|1769322227
|switch|p2a: Ogerpon|Ogerpon-Wellspring, F|100/100
|-damage|p2a: Ogerpon|88/100|[from] Stealth Rock
|
|upkeep
|turn|6
|
|t:|1769322232
|move|p2a: Ogerpon|U-turn|p1a: Glimmora
|-resisted|p1a: Glimmora
|-damage|p1a: Glimmora|0 fnt
|-activate|p1a: Glimmora|ability: Toxic Debris
|-sidestart|p2: Flameorbjolt|move: Toxic Spikes
|faint|p1a: Glimmora
|
|t:|1769322236
|switch|p2a: Pecharunt|Pecharunt|100/100|[from] U-turn
|-sideend|p2: Flameorbjolt|move: Toxic Spikes|[of] p2a: Pecharunt
|
|upkeep
|
|t:|1769322239
|switch|p1a: Darkrai|Darkrai, shiny|100/100
|turn|7
|
|t:|1769322249
|move|p1a: Darkrai|Dark Pulse|p2a: Pecharunt
|-supereffective|p2a: Pecharunt
|-damage|p2a: Pecharunt|0 fnt
|faint|p2a: Pecharunt
|
|upkeep
|
|t:|1769322256
|switch|p2a: Ogerpon|Ogerpon-Wellspring, F|88/100
|-damage|p2a: Ogerpon|76/100|[from] Stealth Rock
|turn|8
|
|t:|1769322263
|switch|p1a: Dragonite|Dragonite, M, shiny|100/100
|-terastallize|p2a: Ogerpon|Water
|detailschange|p2a: Ogerpon|Ogerpon-Wellspring-Tera, F, tera:Water
|-ability|p2a: Ogerpon|Embody Aspect (Wellspring)|boost
|-boost|p2a: Ogerpon|spd|1
|move|p2a: Ogerpon|Ivy Cudgel|p1a: Dragonite|[anim] Ivy Cudgel Water
|-resisted|p1a: Dragonite
|-damage|p1a: Dragonite|82/100
|
|upkeep
|turn|9
|
|t:|1769322270
|switch|p2a: Corviknight|Corviknight, F|80/100
|-damage|p2a: Corviknight|68/100|[from] Stealth Rock
|-ability|p2a: Corviknight|Pressure
|move|p1a: Dragonite|Dragon Dance|p1a: Dragonite
|-boost|p1a: Dragonite|atk|1
|-boost|p1a: Dragonite|spe|1
|
|upkeep
|turn|10
|
|t:|1769322273
|move|p1a: Dragonite|Roost|p1a: Dragonite
|-heal|p1a: Dragonite|100/100
|-singleturn|p1a: Dragonite|move: Roost
|move|p2a: Corviknight|Defog|p1a: Dragonite
|-unboost|p1a: Dragonite|evasion|1
|-sideend|p2: Flameorbjolt|Stealth Rock|[from] move: Defog|[of] p2a: Corviknight
|
|upkeep
|turn|11
|
|t:|1769322277
|move|p1a: Dragonite|Dragon Dance|p1a: Dragonite
|-boost|p1a: Dragonite|atk|1
|-boost|p1a: Dragonite|spe|1
|move|p2a: Corviknight|U-turn|p1a: Dragonite
|-resisted|p1a: Dragonite
|-damage|p1a: Dragonite|97/100
|
|t:|1769322279
|switch|p2a: Medicham|Medicham, F|100/100|[from] U-turn
|
|upkeep
|turn|12
|
|t:|1769322283
|move|p1a: Dragonite|Earthquake|p2a: Medicham
|-damage|p2a: Medicham|0 fnt
|faint|p2a: Medicham
|
|upkeep
|
|t:|1769322286
|switch|p2a: Ogerpon|Ogerpon-Wellspring-Tera, F, tera:Water|76/100
|-ability|p2a: Ogerpon|Embody Aspect (Wellspring)|boost
|-boost|p2a: Ogerpon|spd|1
|turn|13
|
|t:|1769322289
|move|p1a: Dragonite|Extreme Speed|p2a: Ogerpon
|-damage|p2a: Ogerpon|0 fnt
|faint|p2a: Ogerpon
|detailschange|p2: Ogerpon|Ogerpon-Wellspring, F|[silent]
|
|upkeep
|-message|Flameorbjolt forfeited.
|
|win|maitreyathe
|raw|maitreyathe's rating: 1342 &rarr; <strong>1365</strong><br />(+23 for winning)
|raw|Flameorbjolt's rating: 1403 &rarr; <strong>1380</strong><br />(-23 for losing)
|l|☆Flameorbjolt
|player|p2|
|l|‽maitreyathe
|player|p1|
