|j|☆im at the office
|j|☆capitainecrash
|t:|1769300888
|gametype|singles
|player|p1|im at the office|ghetsis|1354
|player|p2|capitainecrash|lyra|1317
|gen|9
|tier|[Gen 9] OU
|rated|
|rule|HP Percentage Mod: HP is shown in percentages
|rule|Endless Battle Clause: Forcing endless battles is banned
|rule|Species Clause: Limit one of each Pokémon
|rule|OHKO Clause: OHKO moves are banned
|rule|Evasion Items Clause: Evasion items are banned
|rule|Evasion Moves Clause: Evasion moves are banned
|rule|Evasion Abilities Clause: Evasion abilities are banned
|rule|Sleep Moves Clause: Sleep-inducing moves are banned
|clearpoke
|poke|p1|Pecharunt|
|poke|p1|Mabosstiff, M|
|poke|p1|Volcanion|
|poke|p1|Iron Valiant|
|poke|p1|Landorus-Therian, M|
|poke|p1|Deoxys-Speed|
|poke|p2|Rillaboom, F|
|poke|p2|Raging Bolt|
|poke|p2|Iron Crown|
|poke|p2|Great Tusk|
|poke|p2|Iron Valiant|
|poke|p2|Kingambit, M|
|teampreview
|inactive|Battle timer is ON: inactive players will automatically lose when time's up. (requested by capitainecrash)
|
|t:|1769300903
|teamsize|p1|6
|teamsize|p2|6
|start
|switch|p1a: Deoxys|Deoxys-Speed|100/100
|switch|p2a: Kingambit|Kingambit, M|100/100
|-ability|p1a: Deoxys|Pressure
|turn|1
|
|t:|1769300910
|move|p1a: Deoxys|Superpower|p2a: Kingambit
|-supereffective|p2a: Kingambit
|-damage|p2a: Kingambit|8/100
|-unboost|p1a: Deoxys|atk|1
|-unboost|p1a: Deoxys|def|1
|-enditem|p1a: Deoxys|Eject Pack
|
|t:|1769300915
|switch|p1a: Landorus|Landorus-Therian, M|100/100
|-ability|p1a: Landorus|Intimidate|boost
|-unboost|p2a: Kingambit|atk|1
|move|p2a: Kingambit|Kowtow Cleave|p1a: Landorus
|-damage|p1a: Landorus|59/100
|-damage|p2a: Kingambit|0 fnt|[from] item: Rocky Helmet|[of] p1a: Landorus
|faint|p2a: Kingambit
|-end|p2a: Kingambit|fallenundefined|[silent]
|
|upkeep
|
|t:|1769300928
|switch|p2a: Great Tusk|Great Tusk|100/100
|turn|2
|
|t:|1769300933
|move|p1a: Landorus|Stealth Rock|p2a: Great Tusk
|-sidestart|p2: capitainecrash|move: Stealth Rock
|move|p2a: Great Tusk|Ice Spinner|p1a: Landorus
|-supereffective|p1a: Landorus
|-damage|p1a: Landorus|0 fnt
|-damage|p2a: Great Tusk|84/100|[from] item: Rocky Helmet|[of] p1a: Landorus
|faint|p1a: Landorus
|
|-heal|p2a: Great Tusk|90/100|[from] item: Leftovers
|upkeep
|
|t:|1769300938
|switch|p1a: Mabosstiff|Mabosstiff, M, shiny|100/100
|-ability|p1a: Mabosstiff|Intimidate|boost
|-unboost|p2a: Great Tusk|atk|1
|turn|3
|
|t:|1769300945
|-terastallize|p1a: Mabosstiff|Bug
|move|p2a: Great Tusk|Headlong Rush|p1a: Mabosstiff
|-resisted|p1a: Mabosstiff
|-damage|p1a: Mabosstiff|83/100
|-unboost|p2a: Great Tusk|def|1
|-unboost|p2a: Great Tusk|spd|1
|-enditem|p1a: Mabosstiff|Kee Berry|[eat]
|-boost|p1a: Mabosstiff|def|1|[from] item: Kee Berry
|move|p1a: Mabosstiff|Jaw Lock|p2a: Great Tusk
|-resisted|p2a: Great Tusk
|-damage|p2a: Great Tusk|71/100
|-activate|p1a: Mabosstiff|trapped
|-activate|p2a: Great Tusk|trapped
|
|-heal|p2a: Great Tusk|78/100|[from] item: Leftovers
|upkeep
|turn|4
|
|t:|1769300967
|move|p2a: Great Tusk|Ice Spinner|p1a: Mabosstiff
|-damage|p1a: Mabosstiff|71/100
|move|p1a: Mabosstiff|Trailblaze|p2a: Great Tusk
|-supereffective|p2a: Great Tusk
|-damage|p2a: Great Tusk|42/100
|-boost|p1a: Mabosstiff|spe|1
|
|-heal|p2a: Great Tusk|48/100|[from] item: Leftovers
|upkeep
|turn|5
|
|t:|1769300975
|move|p1a: Mabosstiff|Trailblaze|p2a: Great Tusk
|-supereffective|p2a: Great Tusk
|-damage|p2a: Great Tusk|13/100
|-boost|p1a: Mabosstiff|spe|1
|move|p2a: Great Tusk|Bulk Up|p2a: Great Tusk
|-boost|p2a: Great Tusk|atk|1
|-boost|p2a: Great Tusk|def|1
|
|-heal|p2a: Great Tusk|20/100|[from] item: Leftovers
|upkeep
|turn|6
|
|t:|1769300980
|move|p1a: Mabosstiff|Hone Claws|p1a: Mabosstiff
|-boost|p1a: Mabosstiff|atk|1
|-boost|p1a: Mabosstiff|accuracy|1
|move|p2a: Great Tusk|Rapid Spin|p1a: Mabosstiff
|-damage|p1a: Mabosstiff|60/100
|-boost|p2a: Great Tusk|spe|1
|-sideend|p2: capitainecrash|Stealth Rock|[from] move: Rapid Spin|[of] p2a: Great Tusk
|
|-heal|p2a: Great Tusk|26/100|[from] item: Leftovers
|upkeep
|turn|7
|
|t:|1769300986
|move|p2a: Great Tusk|Ice Spinner|p1a: Mabosstiff
|-damage|p1a: Mabosstiff|42/100
|move|p1a: Mabosstiff|Hone Claws|p1a: Mabosstiff
|-boost|p1a: Mabosstiff|atk|1
|-boost|p1a: Mabosstiff|accuracy|1
|
|-heal|p2a: Great Tusk|32/100|[from] item: Leftovers
|upkeep
|turn|8
|
|t:|1769300993
|move|p2a: Great Tusk|Bulk Up|p2a: Great Tusk
|-boost|p2a: Great Tusk|atk|1
|-boost|p2a: Great Tusk|def|1
|move|p1a: Mabosstiff|Rest|p1a: Mabosstiff
|-status|p1a: Mabosstiff|slp|[from] move: Rest
|-heal|p1a: Mabosstiff|100/100 slp|[silent]
|
|-heal|p2a: Great Tusk|38/100|[from] item: Leftovers
|upkeep
|turn|9
|
|t:|1769300999
|move|p2a: Great Tusk|Bulk Up|p2a: Great Tusk
|-boost|p2a: Great Tusk|atk|1
|-boost|p2a: Great Tusk|def|1
|cant|p1a: Mabosstiff|slp
|
|-heal|p2a: Great Tusk|45/100|[from] item: Leftovers
|upkeep
|turn|10
|
|t:|1769301003
|move|p2a: Great Tusk|Bulk Up|p2a: Great Tusk
|-boost|p2a: Great Tusk|atk|1
|-boost|p2a: Great Tusk|def|1
|cant|p1a: Mabosstiff|slp
|
|-heal|p2a: Great Tusk|51/100|[from] item: Leftovers
|upkeep
|turn|11
|
|t:|1769301005
|move|p2a: Great Tusk|Bulk Up|p2a: Great Tusk
|-boost|p2a: Great Tusk|atk|1
|-boost|p2a: Great Tusk|def|1
|-curestatus|p1a: Mabosstiff|slp|[msg]
|move|p1a: Mabosstiff|Trailblaze|p2a: Great Tusk
|-supereffective|p2a: Great Tusk
|-damage|p2a: Great Tusk|35/100
|-boost|p1a: Mabosstiff|spe|1
|
|-heal|p2a: Great Tusk|41/100|[from] item: Leftovers
|upkeep
|turn|12
|
|t:|1769301010
|move|p1a: Mabosstiff|Jaw Lock|p2a: Great Tusk
|-resisted|p2a: Great Tusk
|-damage|p2a: Great Tusk|32/100
|move|p2a: Great Tusk|Ice Spinner|p1a: Mabosstiff
|-crit|p1a: Mabosstiff
|-damage|p1a: Mabosstiff|0 fnt
|faint|p1a: Mabosstiff
|
|-heal|p2a: Great Tusk|38/100|[from] item: Leftovers
|upkeep
|-message|im at the office forfeited.
|
|win|capitainecrash
|raw|im at the office's rating: 1354 &rarr; <strong>1332</strong><br />(-22 for losing)
|raw|capitainecrash's rating: 1317 &rarr; <strong>1339</strong><br />(+22 for winning)
|l|☆im at the office
|player|p1|
|l|☆capitainecrash
|player|p2|
