|j|☆Gen5>Gen1
|j|☆overquilled)
|t:|1769441809
|gametype|singles
|player|p1|Gen5>Gen1|1|1177
|player|p2|overquilled)|boarder|1162
|gen|9
|tier|[Gen 9] OU
|rated|
|rule|HP Percentage Mod: HP is shown in percentages
|rule|Endless Battle Clause: Forcing endless battles is banned
|rule|Species Clause: Limit one of each Pokémon
|rule|OHKO Clause: OHKO moves are banned
|rule|Evasion Items Clause: Evasion items are banned
|rule|Evasion Moves Clause: Evasion moves are banned
|rule|Evasion Abilities Clause: Evasion abilities are banned
|rule|Sleep Moves Clause: Sleep-inducing moves are banned
|clearpoke
|poke|p1|Chandelure, M|
|poke|p1|Cobalion|
|poke|p1|Amoonguss, F|
|poke|p1|Hydreigon, F|
|poke|p1|Cinccino, F|
|poke|p1|Excadrill, F|
|poke|p2|Drakloak, F|
|poke|p2|Carkol, M|
|poke|p2|Piloswine, M|
|poke|p2|Croconaw, F|
|poke|p2|Impidimp, M|
|poke|p2|Sliggoo-Hisui, F|
|teampreview
|c|☆overquilled)|practicing for nfe tourney
|inactive|Battle timer is ON: inactive players will automatically lose when time's up. (requested by overquilled))
|
|t:|1769441833
|teamsize|p1|6
|teamsize|p2|6
|start
|switch|p1a: Cinccino|Cinccino, F|100/100
|switch|p2a: Impidimp|Impidimp, M, shiny|100/100
|turn|1
|
|t:|1769441856
|move|p2a: Impidimp|Parting Shot|p1a: Cinccino
|-unboost|p1a: Cinccino|atk|1
|-unboost|p1a: Cinccino|spa|1
|
|t:|1769441862
|switch|p2a: Sliggoo|Sliggoo-Hisui, F|100/100|[from] Parting Shot
|move|p1a: Cinccino|Tail Slap|p2a: Sliggoo
|-resisted|p2a: Sliggoo
|-damage|p2a: Sliggoo|97/100
|-resisted|p2a: Sliggoo
|-damage|p2a: Sliggoo|94/100
|-resisted|p2a: Sliggoo
|-damage|p2a: Sliggoo|90/100
|-resisted|p2a: Sliggoo
|-damage|p2a: Sliggoo|87/100
|-hitcount|p2a: Sliggoo|4
|
|upkeep
|turn|2
|
|t:|1769441868
|switch|p1a: Cobalion|Cobalion|100/100
|move|p2a: Sliggoo|Curse|p2a: Sliggoo
|-unboost|p2a: Sliggoo|spe|1
|-boost|p2a: Sliggoo|atk|1
|-boost|p2a: Sliggoo|def|1
|
|upkeep
|turn|3
|
|t:|1769441872
|move|p1a: Cobalion|Iron Defense|p1a: Cobalion
|-boost|p1a: Cobalion|def|2
|move|p2a: Sliggoo|Curse|p2a: Sliggoo
|-unboost|p2a: Sliggoo|spe|1
|-boost|p2a: Sliggoo|atk|1
|-boost|p2a: Sliggoo|def|1
|
|upkeep
|turn|4
|
|t:|1769441876
|-terastallize|p2a: Sliggoo|Bug
|move|p1a: Cobalion|Iron Defense|p1a: Cobalion
|-boost|p1a: Cobalion|def|2
|move|p2a: Sliggoo|Life Dew|p2a: Sliggoo
|-heal|p2a: Sliggoo|100/100
|
|upkeep
|turn|5
|
|t:|1769441879
|move|p1a: Cobalion|Iron Defense|p1a: Cobalion
|-boost|p1a: Cobalion|def|2
|move|p2a: Sliggoo|Curse|p2a: Sliggoo
|-unboost|p2a: Sliggoo|spe|1
|-boost|p2a: Sliggoo|atk|1
|-boost|p2a: Sliggoo|def|1
|
|upkeep
|turn|6
|
|t:|1769441882
|move|p1a: Cobalion|Body Press|p2a: Sliggoo
|-resisted|p2a: Sliggoo
|-damage|p2a: Sliggoo|78/100
|move|p2a: Sliggoo|Curse|p2a: Sliggoo
|-unboost|p2a: Sliggoo|spe|1
|-boost|p2a: Sliggoo|atk|1
|-boost|p2a: Sliggoo|def|1
|
|upkeep
|turn|7
|
|t:|1769441886
|switch|p1a: Chandelure|Chandelure, M, shiny|100/100
|move|p2a: Sliggoo|Life Dew|p2a: Sliggoo
|-heal|p2a: Sliggoo|100/100
|
|upkeep
|turn|8
|
|t:|1769441892
|move|p1a: Chandelure|Flamethrower|p2a: Sliggoo
|-supereffective|p2a: Sliggoo
|-damage|p2a: Sliggoo|40/100
|move|p2a: Sliggoo|Outrage|p1a: Chandelure
|-damage|p1a: Chandelure|0 fnt
|faint|p1a: Chandelure
|
|upkeep
|
|t:|1769441898
|switch|p1a: Hydreigon|Hydreigon, F|100/100
|turn|9
|
|t:|1769441901
|move|p1a: Hydreigon|Dark Pulse|p2a: Sliggoo
|-damage|p2a: Sliggoo|9/100
|-damage|p1a: Hydreigon|91/100|[from] item: Life Orb
|move|p2a: Sliggoo|Outrage|p1a: Hydreigon|[from] lockedmove
|-supereffective|p1a: Hydreigon
|-damage|p1a: Hydreigon|0 fnt
|faint|p1a: Hydreigon
|-start|p2a: Sliggoo|confusion|[fatigue]
|
|upkeep
|
|t:|1769441907
|switch|p1a: Excadrill|Excadrill, F|100/100
|-ability|p1a: Excadrill|Mold Breaker
|-item|p1a: Excadrill|Air Balloon
|turn|10
|
|t:|1769441915
|move|p1a: Excadrill|Earthquake|p2a: Sliggoo
|-resisted|p2a: Sliggoo
|-damage|p2a: Sliggoo|3/100
|-activate|p2a: Sliggoo|confusion
|-damage|p2a: Sliggoo|0 fnt|[from] confusion
|faint|p2a: Sliggoo
|
|upkeep
|
|t:|1769441924
|switch|p2a: Impidimp|Impidimp, M, shiny|100/100
|turn|11
|
|t:|1769441929
|move|p2a: Impidimp|Reflect|p2a: Impidimp
|-sidestart|p2: overquilled)|Reflect
|move|p1a: Excadrill|Stealth Rock|p2a: Impidimp
|-sidestart|p2: overquilled)|move: Stealth Rock
|
|upkeep
|turn|12
|
|t:|1769441933
|move|p2a: Impidimp|Light Screen|p2a: Impidimp
|-sidestart|p2: overquilled)|move: Light Screen
|move|p1a: Excadrill|Rapid Spin|p2a: Impidimp
|-damage|p2a: Impidimp|76/100
|-boost|p1a: Excadrill|spe|1
|
|upkeep
|turn|13
|
|t:|1769441938
|move|p2a: Impidimp|Parting Shot|p1a: Excadrill
|-unboost|p1a: Excadrill|atk|1
|-unboost|p1a: Excadrill|spa|1
|
|t:|1769441942
|switch|p2a: Carkol|Carkol, M, shiny|100/100|[from] Parting Shot
|move|p1a: Excadrill|Earthquake|p2a: Carkol
|-supereffective|p2a: Carkol
|-damage|p2a: Carkol|20/100
|
|upkeep
|turn|14
|
|t:|1769441945
|move|p1a: Excadrill|Earthquake|p2a: Carkol
|-supereffective|p2a: Carkol
|-damage|p2a: Carkol|0 fnt
|faint|p2a: Carkol
|
|upkeep
|
|t:|1769441948
|switch|p2a: Croconaw|Croconaw, F, shiny|100/100
|-damage|p2a: Croconaw|88/100|[from] Stealth Rock
|turn|15
|
|t:|1769441952
|switch|p1a: Amoonguss|Amoonguss, F|100/100
|move|p2a: Croconaw|Liquidation|p1a: Amoonguss
|-resisted|p1a: Amoonguss
|-damage|p1a: Amoonguss|76/100
|-damage|p2a: Croconaw|72/100|[from] item: Rocky Helmet|[of] p1a: Amoonguss
|
|upkeep
|turn|16
|
|t:|1769441956
|move|p2a: Croconaw|Dragon Dance|p2a: Croconaw
|-boost|p2a: Croconaw|atk|1
|-boost|p2a: Croconaw|spe|1
|move|p1a: Amoonguss|Toxic|p2a: Croconaw
|-status|p2a: Croconaw|tox
|
|-damage|p2a: Croconaw|66/100 tox|[from] psn
|upkeep
|turn|17
|
|t:|1769441959
|move|p2a: Croconaw|Ice Punch|p1a: Amoonguss
|-supereffective|p1a: Amoonguss
|-damage|p1a: Amoonguss|0 fnt
|-damage|p2a: Croconaw|49/100 tox|[from] item: Rocky Helmet|[of] p1a: Amoonguss
|faint|p1a: Amoonguss
|
|-damage|p2a: Croconaw|37/100 tox|[from] psn
|upkeep
|
|t:|1769441963
|switch|p1a: Cobalion|Cobalion|100/100
|turn|18
|
|t:|1769441967
|move|p1a: Cobalion|Protect|p1a: Cobalion
|-singleturn|p1a: Cobalion|Protect
|move|p2a: Croconaw|Liquidation|p1a: Cobalion
|-activate|p1a: Cobalion|move: Protect
|
|-damage|p2a: Croconaw|20/100 tox|[from] psn
|-sideend|p2: overquilled)|Reflect
|upkeep
|turn|19
|
|t:|1769441972
|move|p2a: Croconaw|Liquidation|p1a: Cobalion
|-damage|p1a: Cobalion|41/100
|move|p1a: Cobalion|Iron Defense|p1a: Cobalion
|-boost|p1a: Cobalion|def|2
|
|-heal|p1a: Cobalion|47/100|[from] item: Leftovers
|-damage|p2a: Croconaw|0 fnt|[from] psn
|faint|p2a: Croconaw
|-sideend|p2: overquilled)|move: Light Screen
|upkeep
|-message|overquilled) forfeited.
|
|win|Gen5>Gen1
|raw|Gen5&gt;Gen1's rating: 1177 &rarr; <strong>1201</strong><br />(+24 for winning)
|raw|overquilled)'s rating: 1162 &rarr; <strong>1138</strong><br />(-24 for losing)
|l|☆overquilled)
|player|p2|
|l|☆Gen5>Gen1
|player|p1|
