|j|☆little infinity
|j|☆zahtoo
|t:|1769364152
|gametype|singles
|player|p1|little infinity|miku-ghost|1360
|player|p2|zahtoo|clair|1294
|gen|9
|tier|[Gen 9] OU
|rated|
|rule|HP Percentage Mod: HP is shown in percentages
|rule|Endless Battle Clause: Forcing endless battles is banned
|rule|Species Clause: Limit one of each Pokémon
|rule|OHKO Clause: OHKO moves are banned
|rule|Evasion Items Clause: Evasion items are banned
|rule|Evasion Moves Clause: Evasion moves are banned
|rule|Evasion Abilities Clause: Evasion abilities are banned
|rule|Sleep Moves Clause: Sleep-inducing moves are banned
|clearpoke
|poke|p1|Ceruledge, F|
|poke|p1|Gholdengo|
|poke|p1|Dragapult, F|
|poke|p1|Palossand, F|
|poke|p1|Gengar, F|
|poke|p1|Sinistcha|
|poke|p2|Ninetales-Alola, F|
|poke|p2|Eiscue, M|
|poke|p2|Ogerpon-Wellspring, F|
|poke|p2|Ceruledge, F|
|poke|p2|Kingambit, F|
|poke|p2|Iron Moth|
|teampreview
|inactive|Battle timer is ON: inactive players will automatically lose when time's up. (requested by zahtoo)
|
|t:|1769364178
|teamsize|p1|6
|teamsize|p2|6
|start
|switch|p1a: Hell Knight|Ceruledge, F, shiny|100/100
|switch|p2a: My Nightmare|Eiscue, M, shiny|100/100
|turn|1
|
|t:|1769364193
|switch|p2a: Ogerpon|Ogerpon-Wellspring, F|100/100
|move|p1a: Hell Knight|Bitter Blade|p2a: Ogerpon
|-damage|p2a: Ogerpon|54/100
|
|upkeep
|turn|2
|
|t:|1769364200
|switch|p1a: Blood Vine|Sinistcha, shiny|100/100
|move|p2a: Ogerpon|Ivy Cudgel|p1a: Blood Vine|[anim] Ivy Cudgel Water
|-resisted|p1a: Blood Vine
|-damage|p1a: Blood Vine|78/100
|
|-heal|p1a: Blood Vine|84/100|[from] item: Leftovers
|upkeep
|turn|3
|
|t:|1769364209
|switch|p2a: Iron Moth|Iron Moth|100/100
|-enditem|p2a: Iron Moth|Booster Energy
|-activate|p2a: Iron Moth|ability: Quark Drive|[fromitem]
|-start|p2a: Iron Moth|quarkdrivespe
|move|p1a: Blood Vine|Strength Sap|p2a: Iron Moth
|-unboost|p2a: Iron Moth|atk|1
|-heal|p1a: Blood Vine|100/100
|
|upkeep
|turn|4
|
|t:|1769364219
|switch|p1a: Hell Knight|Ceruledge, F, shiny|100/100
|move|p2a: Iron Moth|Substitute|p2a: Iron Moth
|-start|p2a: Iron Moth|Substitute
|-damage|p2a: Iron Moth|76/100
|
|upkeep
|turn|5
|
|t:|1769364231
|-terastallize|p1a: Hell Knight|Bug
|move|p2a: Iron Moth|Sludge Wave|p1a: Hell Knight
|-damage|p1a: Hell Knight|65/100
|move|p1a: Hell Knight|Bitter Blade|p2a: Iron Moth
|-resisted|p2a: Iron Moth
|-end|p2a: Iron Moth|Substitute
|-heal|p1a: Hell Knight|76/100|[from] drain|[of] p2a: Iron Moth
|
|upkeep
|turn|6
|
|t:|1769364239
|move|p1a: Hell Knight|Shadow Sneak|p2a: Iron Moth
|-damage|p2a: Iron Moth|51/100
|move|p2a: Iron Moth|Sludge Wave|p1a: Hell Knight
|-damage|p1a: Hell Knight|44/100
|
|upkeep
|turn|7
|
|t:|1769364247
|move|p2a: Iron Moth|Sludge Wave|p1a: Hell Knight
|-damage|p1a: Hell Knight|8/100
|move|p1a: Hell Knight|Bulk Up|p1a: Hell Knight
|-boost|p1a: Hell Knight|atk|1
|-boost|p1a: Hell Knight|def|1
|
|upkeep
|turn|8
|
|t:|1769364255
|move|p1a: Hell Knight|Shadow Sneak|p2a: Iron Moth
|-damage|p2a: Iron Moth|14/100
|move|p2a: Iron Moth|Sludge Wave|p1a: Hell Knight
|-damage|p1a: Hell Knight|0 fnt
|faint|p1a: Hell Knight
|
|upkeep
|
|t:|1769364261
|switch|p1a: Evil Twin|Gengar, F, shiny|100/100
|turn|9
|
|t:|1769364269
|move|p2a: Iron Moth|Fiery Dance|p1a: Evil Twin
|-damage|p1a: Evil Twin|32/100
|-boost|p2a: Iron Moth|spa|1
|move|p1a: Evil Twin|Shadow Ball|p2a: Iron Moth
|-damage|p2a: Iron Moth|0 fnt
|faint|p2a: Iron Moth
|-end|p2a: Iron Moth|Quark Drive|[silent]
|
|upkeep
|
|t:|1769364277
|switch|p2a: My Nightmare|Eiscue, M, shiny|100/100
|turn|10
|
|t:|1769364284
|switch|p1a: Crypt Keeper|Gholdengo, shiny|100/100
|move|p2a: My Nightmare|Belly Drum|p2a: My Nightmare
|-damage|p2a: My Nightmare|50/100
|-setboost|p2a: My Nightmare|atk|6|[from] move: Belly Drum
|
|upkeep
|turn|11
|-message|little infinity forfeited.
|
|win|zahtoo
|raw|little infinity's rating: 1360 &rarr; <strong>1337</strong><br />(-23 for losing)
|raw|zahtoo's rating: 1313 &rarr; <strong>1336</strong><br />(+23 for winning)
|l|☆little infinity
|player|p1|
|l|☆zahtoo
|player|p2|
