|j|☆bill1234765
|j|‽jidbackinthecity
|t:|1769415532
|gametype|singles
|player|p1|bill1234765|cynthia-gen4|1572
|player|p2|jidbackinthecity|giovanni|1585
|gen|9
|tier|[Gen 9] OU
|rated|
|rule|HP Percentage Mod: HP is shown in percentages
|rule|Endless Battle Clause: Forcing endless battles is banned
|rule|Species Clause: Limit one of each Pokémon
|rule|OHKO Clause: OHKO moves are banned
|rule|Evasion Items Clause: Evasion items are banned
|rule|Evasion Moves Clause: Evasion moves are banned
|rule|Evasion Abilities Clause: Evasion abilities are banned
|rule|Sleep Moves Clause: Sleep-inducing moves are banned
|clearpoke
|poke|p1|Cinderace, M|
|poke|p1|Volcanion|
|poke|p1|Torkoal, M|
|poke|p1|Mandibuzz, F|
|poke|p1|Great Tusk|
|poke|p1|Fezandipiti, M|
|poke|p2|Dragapult, F|
|poke|p2|Alomomola, F|
|poke|p2|Ting-Lu|
|poke|p2|Kyurem|
|poke|p2|Weezing-Galar, F|
|poke|p2|Corviknight, F|
|teampreview
|j| Tbccc15
|
|t:|1769415554
|teamsize|p1|6
|teamsize|p2|6
|start
|switch|p1a: Haku|Great Tusk, shiny|100/100
|switch|p2a: Kyurem|Kyurem, shiny|100/100
|-ability|p2a: Kyurem|Pressure
|turn|1
|
|t:|1769415559
|move|p1a: Haku|Close Combat|p2a: Kyurem
|-supereffective|p2a: Kyurem
|-damage|p2a: Kyurem|0 fnt
|-unboost|p1a: Haku|def|1
|-unboost|p1a: Haku|spd|1
|faint|p2a: Kyurem
|
|upkeep
|
|t:|1769415562
|switch|p2a: Dragapult|Dragapult, F|100/100
|turn|2
|
|t:|1769415564
|-end|p1a: Haku|Protosynthesis|[silent]
|switch|p1a: Chihiro|Fezandipiti, M|100/100
|-terastallize|p2a: Dragapult|Ghost
|move|p2a: Dragapult|Tera Blast|p1a: Chihiro|[anim] Tera Blast Ghost
|-damage|p1a: Chihiro|20/100
|
|-heal|p1a: Chihiro|26/100|[from] item: Leftovers
|upkeep
|turn|3
|
|t:|1769415569
|switch|p1a: Omari P Bird|Mandibuzz, F, shiny|100/100
|move|p2a: Dragapult|Tera Blast|p1a: Omari P Bird|[anim] Tera Blast Ghost
|-resisted|p1a: Omari P Bird
|-damage|p1a: Omari P Bird|78/100
|
|upkeep
|turn|4
|
|t:|1769415573
|switch|p2a: Weezing|Weezing-Galar, F|100/100
|-ability|p2a: Weezing|Neutralizing Gas
|switch|p1a: Haku|Great Tusk, shiny|100/100
|
|upkeep
|turn|5
|
|t:|1769415577
|-end|p1a: Haku|Protosynthesis|[silent]
|switch|p1a: Volcanion|Volcanion|100/100
|-end|p2a: Weezing|ability: Neutralizing Gas
|switch|p2a: Alomomola|Alomomola, F|100/100
|
|upkeep
|turn|6
|
|t:|1769415587
|switch|p1a: Torkoal|Torkoal, M, shiny|100/100
|-weather|SunnyDay|[from] ability: Drought|[of] p1a: Torkoal
|move|p2a: Alomomola|Wish|p2a: Alomomola
|
|-weather|SunnyDay|[upkeep]
|upkeep
|turn|7
|
|t:|1769415593
|switch|p1a: Volcanion|Volcanion|100/100
|move|p2a: Alomomola|Flip Turn|p1a: Volcanion
|-immune|p1a: Volcanion|[from] ability: Water Absorb
|
|-weather|SunnyDay|[upkeep]
|upkeep
|turn|8
|
|t:|1769415599
|move|p2a: Alomomola|Protect|p2a: Alomomola
|-singleturn|p2a: Alomomola|Protect
|move|p1a: Volcanion|Fire Blast|p2a: Alomomola
|-activate|p2a: Alomomola|move: Protect
|
|-weather|SunnyDay|[upkeep]
|upkeep
|turn|9
|
|t:|1769415604
|move|p1a: Volcanion|Fire Blast|p2a: Alomomola
|-resisted|p2a: Alomomola
|-damage|p2a: Alomomola|15/100
|move|p2a: Alomomola|Wish|p2a: Alomomola
|
|-weather|SunnyDay|[upkeep]
|upkeep
|turn|10
|
|t:|1769415608
|move|p2a: Alomomola|Protect|p2a: Alomomola
|-singleturn|p2a: Alomomola|Protect
|move|p1a: Volcanion|Fire Blast|p2a: Alomomola
|-activate|p2a: Alomomola|move: Protect
|
|-weather|SunnyDay|[upkeep]
|-heal|p2a: Alomomola|65/100|[from] move: Wish|[wisher] Alomomola
|upkeep
|turn|11
|
|t:|1769415613
|move|p1a: Volcanion|Fire Blast|p2a: Alomomola
|-resisted|p2a: Alomomola
|-damage|p2a: Alomomola|0 fnt
|faint|p2a: Alomomola
|
|-weather|SunnyDay|[upkeep]
|upkeep
|
|t:|1769415615
|switch|p2a: Dragapult|Dragapult, F, tera:Ghost|100/100
|turn|12
|
|t:|1769415619
|switch|p1a: Chihiro|Fezandipiti, M|26/100
|move|p2a: Dragapult|Dragon Darts|p1a: Chihiro
|-immune|p1a: Chihiro
|
|-weather|SunnyDay|[upkeep]
|-heal|p1a: Chihiro|32/100|[from] item: Leftovers
|upkeep
|turn|13
|
|t:|1769415630
|move|p2a: Dragapult|Dragon Darts|p1a: Chihiro
|-immune|p1a: Chihiro
|move|p1a: Chihiro|Nasty Plot|p1a: Chihiro
|-boost|p1a: Chihiro|spa|2
|
|-weather|none
|-heal|p1a: Chihiro|38/100|[from] item: Leftovers
|upkeep
|turn|14
|
|t:|1769415641
|switch|p2a: Corviknight|Corviknight, F|100/100
|-ability|p2a: Corviknight|Pressure
|move|p1a: Chihiro|Sludge Bomb|p2a: Corviknight
|-immune|p2a: Corviknight
|
|-heal|p1a: Chihiro|44/100|[from] item: Leftovers
|upkeep
|turn|15
|
|t:|1769415643
|move|p1a: Chihiro|Moonblast|p2a: Corviknight
|-resisted|p2a: Corviknight
|-damage|p2a: Corviknight|75/100
|move|p2a: Corviknight|U-turn|p1a: Chihiro
|-resisted|p1a: Chihiro
|-damage|p1a: Chihiro|40/100
|
|t:|1769415645
|switch|p2a: Dragapult|Dragapult, F, tera:Ghost|100/100|[from] U-turn
|
|-heal|p1a: Chihiro|47/100|[from] item: Leftovers
|upkeep
|turn|16
|
|t:|1769415650
|switch|p1a: Omari P Bird|Mandibuzz, F, shiny|78/100
|move|p2a: Dragapult|Tera Blast|p1a: Omari P Bird|[anim] Tera Blast Ghost
|-resisted|p1a: Omari P Bird
|-damage|p1a: Omari P Bird|55/100
|
|upkeep
|turn|17
|
|t:|1769415657
|switch|p2a: Weezing|Weezing-Galar, F|100/100
|-ability|p2a: Weezing|Neutralizing Gas
|move|p1a: Omari P Bird|Toxic|p2a: Weezing
|-immune|p2a: Weezing
|
|upkeep
|turn|18
|
|t:|1769415660
|move|p1a: Omari P Bird|Roost|p1a: Omari P Bird
|-heal|p1a: Omari P Bird|100/100
|-singleturn|p1a: Omari P Bird|move: Roost
|move|p2a: Weezing|Toxic|p1a: Omari P Bird
|-status|p1a: Omari P Bird|tox
|
|-damage|p1a: Omari P Bird|94/100 tox|[from] psn
|upkeep
|turn|19
|
|t:|1769415664
|switch|p1a: Torkoal|Torkoal, M, shiny|100/100
|move|p2a: Weezing|Strange Steam|p1a: Torkoal
|-resisted|p1a: Torkoal
|-damage|p1a: Torkoal|82/100
|
|upkeep
|turn|20
|
|t:|1769415671
|move|p2a: Weezing|Toxic|p1a: Torkoal
|-status|p1a: Torkoal|tox
|move|p1a: Torkoal|Stealth Rock|p2a: Weezing
|-sidestart|p2: jidbackinthecity|move: Stealth Rock
|
|-damage|p1a: Torkoal|76/100 tox|[from] psn
|upkeep
|turn|21
|
|t:|1769415676
|switch|p1a: Volcanion|Volcanion|100/100
|move|p2a: Weezing|Defog|p1a: Volcanion
|-unboost|p1a: Volcanion|evasion|1
|-sideend|p2: jidbackinthecity|Stealth Rock|[from] move: Defog|[of] p2a: Weezing
|
|upkeep
|turn|22
|
|t:|1769415690
|move|p1a: Volcanion|Fire Blast|p2a: Weezing
|-damage|p2a: Weezing|0 fnt
|faint|p2a: Weezing
|-end|p2a: Weezing|ability: Neutralizing Gas
|
|upkeep
|
|t:|1769415694
|switch|p2a: Dragapult|Dragapult, F, tera:Ghost|100/100
|turn|23
|
|t:|1769415698
|move|p2a: Dragapult|Dragon Darts|p1a: Volcanion
|-damage|p1a: Volcanion|66/100
|-anim|p2a: Dragapult|Dragon Darts|p1a: Volcanion
|-damage|p1a: Volcanion|32/100
|move|p1a: Volcanion|Fire Blast|p2a: Dragapult
|-damage|p2a: Dragapult|0 fnt
|faint|p2a: Dragapult
|
|upkeep
|-message|jidbackinthecity forfeited.
|
|win|bill1234765
|raw|bill1234765's rating: 1572 &rarr; <strong>1593</strong><br />(+21 for winning)
|raw|jidbackinthecity's rating: 1585 &rarr; <strong>1564</strong><br />(-21 for losing)
|l|‽jidbackinthecity
|player|p2|
|l| Tbccc15
|l|☆bill1234765
|player|p1|
