|j|☆dekukuroko
|j|☆THESWIMMER974
|t:|1769433930
|gametype|singles
|player|p1|dekukuroko|veteran|1139
|player|p2|THESWIMMER974|swimmer|1151
|gen|9
|tier|[Gen 9] OU
|rated|
|rule|HP Percentage Mod: HP is shown in percentages
|rule|Endless Battle Clause: Forcing endless battles is banned
|rule|Species Clause: Limit one of each Pokémon
|rule|OHKO Clause: OHKO moves are banned
|rule|Evasion Items Clause: Evasion items are banned
|rule|Evasion Moves Clause: Evasion moves are banned
|rule|Evasion Abilities Clause: Evasion abilities are banned
|rule|Sleep Moves Clause: Sleep-inducing moves are banned
|clearpoke
|poke|p1|Moltres-Galar|
|poke|p1|Slowking-Galar, M|
|poke|p1|Okidogi, M|
|poke|p1|Iron Treads|
|poke|p1|Weavile, M|
|poke|p1|Walking Wake|
|poke|p2|Pelipper, F|
|poke|p2|Barraskewda, M|
|poke|p2|Landorus-Therian, M|
|poke|p2|Corviknight, F|
|poke|p2|Goodra-Hisui, M|
|poke|p2|Golduck, M|
|teampreview
|inactive|Battle timer is ON: inactive players will automatically lose when time's up. (requested by dekukuroko)
|
|t:|1769433940
|teamsize|p1|6
|teamsize|p2|6
|start
|switch|p1a: Moltres|Moltres-Galar|100/100
|switch|p2a: ZOIZO|Pelipper, F|100/100
|-weather|RainDance|[from] ability: Drizzle|[of] p2a: ZOIZO
|turn|1
|
|t:|1769433953
|move|p1a: Moltres|Nasty Plot|p1a: Moltres
|-boost|p1a: Moltres|spa|2
|move|p2a: ZOIZO|U-turn|p1a: Moltres
|-damage|p1a: Moltres|91/100
|
|t:|1769433959
|switch|p2a: ROCKET|Barraskewda, M|100/100|[from] U-turn
|
|-weather|RainDance|[upkeep]
|upkeep
|turn|2
|
|t:|1769433966
|move|p2a: ROCKET|Flip Turn|p1a: Moltres
|-damage|p1a: Moltres|12/100
|-ability|p1a: Moltres|Berserk|boost
|-boost|p1a: Moltres|spa|1
|-damage|p2a: ROCKET|91/100|[from] item: Life Orb
|-enditem|p1a: Moltres|Sitrus Berry|[eat]
|-heal|p1a: Moltres|37/100|[from] item: Sitrus Berry
|
|t:|1769433976
|switch|p2a: CROW|Corviknight, F|100/100|[from] Flip Turn
|move|p1a: Moltres|Fiery Wrath|p2a: CROW
|-damage|p2a: CROW|0 fnt
|faint|p2a: CROW
|
|-weather|RainDance|[upkeep]
|upkeep
|
|t:|1769433986
|switch|p2a: ROCKET|Barraskewda, M|91/100
|turn|3
|
|t:|1769433997
|move|p2a: ROCKET|Liquidation|p1a: Moltres
|-damage|p1a: Moltres|0 fnt
|faint|p1a: Moltres
|-damage|p2a: ROCKET|81/100|[from] item: Life Orb
|
|-weather|RainDance|[upkeep]
|upkeep
|
|t:|1769434004
|switch|p1a: Slowking|Slowking-Galar, M|100/100
|turn|4
|
|t:|1769434015
|move|p2a: ROCKET|Liquidation|p1a: Slowking
|-damage|p1a: Slowking|8/100
|-damage|p2a: ROCKET|71/100|[from] item: Life Orb
|move|p1a: Slowking|Thunder Wave|p2a: ROCKET
|-status|p2a: ROCKET|par
|
|-weather|RainDance|[upkeep]
|upkeep
|turn|5
|
|t:|1769434027
|move|p2a: ROCKET|Flip Turn|p1a: Slowking
|-damage|p1a: Slowking|0 fnt
|faint|p1a: Slowking
|-damage|p2a: ROCKET|61/100 par|[from] item: Life Orb
|
|t:|1769434033
|switch|p2a: TIGER|Landorus-Therian, M|100/100|[from] Flip Turn
|
|-weather|RainDance|[upkeep]
|upkeep
|
|t:|1769434043
|switch|p1a: Okidogi|Okidogi, M|100/100
|turn|6
|
|t:|1769434048
|move|p2a: TIGER|Earthquake|p1a: Okidogi
|-supereffective|p1a: Okidogi
|-damage|p1a: Okidogi|10/100
|move|p1a: Okidogi|Bulk Up|p1a: Okidogi
|-boost|p1a: Okidogi|atk|1
|-boost|p1a: Okidogi|def|1
|
|-weather|RainDance|[upkeep]
|-heal|p1a: Okidogi|16/100|[from] item: Leftovers
|upkeep
|turn|7
|
|t:|1769434058
|move|p2a: TIGER|Earthquake|p1a: Okidogi
|-supereffective|p1a: Okidogi
|-damage|p1a: Okidogi|0 fnt
|faint|p1a: Okidogi
|
|-weather|RainDance|[upkeep]
|upkeep
|
|t:|1769434062
|switch|p1a: Iron Treads|Iron Treads|100/100
|turn|8
|
|t:|1769434070
|move|p1a: Iron Treads|Stealth Rock|p2a: TIGER
|-sidestart|p2: THESWIMMER974|move: Stealth Rock
|move|p2a: TIGER|Earthquake|p1a: Iron Treads
|-supereffective|p1a: Iron Treads
|-damage|p1a: Iron Treads|0 fnt
|faint|p1a: Iron Treads
|-end|p1a: Iron Treads|Quark Drive|[silent]
|
|-weather|none
|upkeep
|
|t:|1769434080
|switch|p1a: Walking Wake|Walking Wake|100/100
|turn|9
|
|t:|1769434084
|move|p1a: Walking Wake|Hydro Steam|p2a: TIGER
|-supereffective|p2a: TIGER
|-damage|p2a: TIGER|0 fnt
|faint|p2a: TIGER
|
|upkeep
|
|t:|1769434093
|switch|p2a: ZOIZO|Pelipper, F|100/100
|-damage|p2a: ZOIZO|76/100|[from] Stealth Rock
|-weather|RainDance|[from] ability: Drizzle|[of] p2a: ZOIZO
|turn|10
|
|t:|1769434100
|-end|p1a: Walking Wake|Protosynthesis|[silent]
|switch|p1a: Weavile|Weavile, M|100/100
|-ability|p1a: Weavile|Pressure
|move|p2a: ZOIZO|U-turn|p1a: Weavile
|-supereffective|p1a: Weavile
|-damage|p1a: Weavile|72/100
|
|t:|1769434108
|switch|p2a: ROCKET|Barraskewda, M|61/100 par|[from] U-turn
|-damage|p2a: ROCKET|49/100 par|[from] Stealth Rock
|
|-weather|RainDance|[upkeep]
|upkeep
|turn|11
|
|t:|1769434118
|move|p2a: ROCKET|Aqua Jet|p1a: Weavile
|-damage|p1a: Weavile|0 fnt
|faint|p1a: Weavile
|-damage|p2a: ROCKET|39/100 par|[from] item: Life Orb
|
|-weather|RainDance|[upkeep]
|upkeep
|
|t:|1769434121
|switch|p1a: Walking Wake|Walking Wake|100/100
|turn|12
|
|t:|1769434129
|-terastallize|p1a: Walking Wake|Water
|move|p2a: ROCKET|Liquidation|p1a: Walking Wake
|-resisted|p1a: Walking Wake
|-damage|p1a: Walking Wake|55/100
|-damage|p2a: ROCKET|29/100 par|[from] item: Life Orb
|move|p1a: Walking Wake|Dragon Pulse|p2a: ROCKET
|-damage|p2a: ROCKET|0 fnt
|faint|p2a: ROCKET
|
|-weather|RainDance|[upkeep]
|upkeep
|
|t:|1769434141
|switch|p2a: DUCKY|Golduck, M|100/100
|turn|13
|
|t:|1769434150
|move|p2a: DUCKY|Grass Knot|p1a: Walking Wake
|-supereffective|p1a: Walking Wake
|-damage|p1a: Walking Wake|0 fnt
|faint|p1a: Walking Wake
|-end|p1a: Walking Wake|Protosynthesis|[silent]
|
|win|THESWIMMER974
|raw|dekukuroko's rating: 1139 &rarr; <strong>1115</strong><br />(-24 for losing)
|raw|THESWIMMER974's rating: 1151 &rarr; <strong>1175</strong><br />(+24 for winning)
|l|☆dekukuroko
|player|p1|
|l|☆THESWIMMER974
|player|p2|
