|inactive|Battle timer is ON: inactive players will automatically lose when time's up.
|t:|1769368483
|gametype|singles
|player|p1|ina fable|#losjuegosdelazariv|
|player|p2|haxlolo|#rbtt9phantoms2|
|gen|9
|tier|[Gen 9] OU
|rule|HP Percentage Mod: HP is shown in percentages
|rule|Endless Battle Clause: Forcing endless battles is banned
|rule|Species Clause: Limit one of each Pokémon
|rule|OHKO Clause: OHKO moves are banned
|rule|Evasion Items Clause: Evasion items are banned
|rule|Evasion Moves Clause: Evasion moves are banned
|rule|Evasion Abilities Clause: Evasion abilities are banned
|rule|Sleep Moves Clause: Sleep-inducing moves are banned
|clearpoke
|poke|p1|Kyurem|
|poke|p1|Iron Moth|
|poke|p1|Great Tusk|
|poke|p1|Hatterene, F|
|poke|p1|Dragonite, F|
|poke|p1|Kingambit, F|
|poke|p2|Zamazenta-*|
|poke|p2|Clefable, F|
|poke|p2|Darkrai|
|poke|p2|Gliscor, M|
|poke|p2|Dragonite, M|
|poke|p2|Slowking-Galar, F|
|teampreview
|c|☆haxlolo|glhf
|inactive|haxlolo has 270 seconds left.
|inactive|ina fable has 270 seconds left.
|
|t:|1769368528
|teamsize|p1|6
|teamsize|p2|6
|start
|switch|p1a: Kyurem|Kyurem|100/100
|switch|p2a: Clefable|Clefable, F|100/100
|-ability|p1a: Kyurem|Pressure
|turn|1
|
|t:|1769368538
|switch|p1a: Iron Moth|Iron Moth|100/100
|-enditem|p1a: Iron Moth|Booster Energy
|-activate|p1a: Iron Moth|ability: Quark Drive|[fromitem]
|-start|p1a: Iron Moth|quarkdrivespe
|move|p2a: Clefable|Moonblast|p1a: Iron Moth
|-resisted|p1a: Iron Moth
|-damage|p1a: Iron Moth|92/100
|-unboost|p1a: Iron Moth|spa|1
|
|upkeep
|turn|2
|
|t:|1769368548
|-end|p1a: Iron Moth|Quark Drive|[silent]
|switch|p1a: Great Tusk|Great Tusk|100/100
|switch|p2a: Slowking|Slowking-Galar, F|100/100
|
|upkeep
|turn|3
|
|t:|1769368556
|switch|p2a: Clefable|Clefable, F|100/100
|move|p1a: Great Tusk|Stealth Rock|p2a: Clefable
|-sidestart|p2: haxlolo|move: Stealth Rock
|
|upkeep
|turn|4
|
|t:|1769368561
|-end|p1a: Great Tusk|Protosynthesis|[silent]
|switch|p1a: Hatterene|Hatterene, F|100/100
|move|p2a: Clefable|Moonblast|p1a: Hatterene
|-damage|p1a: Hatterene|66/100
|
|upkeep
|turn|5
|
|t:|1769368563
|move|p2a: Clefable|Moonblast|p1a: Hatterene
|-damage|p1a: Hatterene|32/100
|-unboost|p1a: Hatterene|spa|1
|move|p1a: Hatterene|Nuzzle|p2a: Clefable
|-damage|p2a: Clefable|97/100
|-status|p2a: Clefable|par
|-damage|p1a: Hatterene|16/100|[from] item: Rocky Helmet|[of] p2a: Clefable
|
|upkeep
|turn|6
|
|t:|1769368589
|switch|p1a: Iron Moth|Iron Moth|92/100
|move|p2a: Clefable|Moonblast|p1a: Iron Moth
|-resisted|p1a: Iron Moth
|-damage|p1a: Iron Moth|84/100
|
|upkeep
|turn|7
|c|+glass shadows|ina la cochina
|
|t:|1769368594
|switch|p2a: Slowking|Slowking-Galar, F|100/100
|move|p1a: Iron Moth|Fiery Dance|p2a: Slowking
|-damage|p2a: Slowking|76/100
|-boost|p1a: Iron Moth|spa|1
|
|upkeep
|turn|8
|c|☆ina fable|Glass shadows el panchito
|inactive|ina fable has 270 seconds left.
|c|+glass shadows|xoxo
|c|+Peum|por menos lockearon a caesar
|c|☆ina fable|True
|
|t:|1769368647
|move|p1a: Iron Moth|Fiery Dance|p2a: Slowking
|-damage|p2a: Slowking|41/100
|-boost|p1a: Iron Moth|spa|1
|move|p2a: Slowking|Toxic Spikes|p1a: Iron Moth
|-sidestart|p1: ina fable|move: Toxic Spikes
|
|upkeep
|turn|9
|
|t:|1769368666
|move|p1a: Iron Moth|Fiery Dance|p2a: Slowking
|-damage|p2a: Slowking|0 fnt
|-boost|p1a: Iron Moth|spa|1
|faint|p2a: Slowking
|
|upkeep
|
|t:|1769368671
|switch|p2a: Zamazenta|Zamazenta|100/100
|-ability|p2a: Zamazenta|Dauntless Shield|boost
|-boost|p2a: Zamazenta|def|1
|turn|10
|
|t:|1769368679
|-end|p1a: Iron Moth|Quark Drive|[silent]
|switch|p1a: Great Tusk|Great Tusk|100/100
|-status|p1a: Great Tusk|psn
|move|p2a: Zamazenta|Stone Edge|p1a: Great Tusk
|-resisted|p1a: Great Tusk
|-damage|p1a: Great Tusk|95/100 psn
|
|-damage|p1a: Great Tusk|83/100 psn|[from] psn
|upkeep
|turn|11
|c|+fifier|lolo cuando juegas wcap
|c|☆haxlolo|a las
|c|☆haxlolo|7pm -3
|inactive|haxlolo has 270 seconds left.
|c|+fifier|pq me respondes ahora y no antes
|c|☆haxlolo|pq no se
|c|+Maxisc23|Cuando el lock a fifier
|inactive|haxlolo has 240 seconds left.
|
|t:|1769368740
|switch|p2a: Clefable|Clefable, F|97/100 par
|move|p1a: Great Tusk|Rapid Spin|p2a: Clefable
|-damage|p2a: Clefable|85/100 par
|-boost|p1a: Great Tusk|spe|1
|-damage|p1a: Great Tusk|66/100 psn|[from] item: Rocky Helmet|[of] p2a: Clefable
|-sideend|p1: ina fable|Toxic Spikes|[from] move: Rapid Spin|[of] p1a: Great Tusk
|
|-damage|p1a: Great Tusk|54/100 psn|[from] psn
|upkeep
|turn|12
|c|+fifier|pronto
|
|t:|1769368750
|-end|p1a: Great Tusk|Protosynthesis|[silent]
|switch|p1a: Iron Moth|Iron Moth|84/100
|switch|p2a: Gliscor|Gliscor, M|100/100
|-damage|p2a: Gliscor|88/100|[from] Stealth Rock
|
|-status|p2a: Gliscor|tox|[from] item: Toxic Orb
|upkeep
|turn|13
|c|+Maxisc23|Te creo
|
|t:|1769368761
|move|p1a: Iron Moth|Overheat|p2a: Gliscor
|-damage|p2a: Gliscor|22/100 tox
|-unboost|p1a: Iron Moth|spa|2
|move|p2a: Gliscor|Earthquake|p1a: Iron Moth
|-supereffective|p1a: Iron Moth
|-damage|p1a: Iron Moth|0 fnt
|faint|p1a: Iron Moth
|-end|p1a: Iron Moth|Quark Drive|[silent]
|
|-heal|p2a: Gliscor|35/100 tox|[from] ability: Poison Heal
|upkeep
|
|t:|1769368782
|switch|p1a: Dragonite|Dragonite, F|100/100
|turn|14
|inactive|haxlolo has 270 seconds left.
|inactive|ina fable has 240 seconds left.
|
|t:|1769368798
|switch|p2a: Clefable|Clefable, F|85/100 par
|move|p1a: Dragonite|Dragon Dance|p1a: Dragonite
|-boost|p1a: Dragonite|atk|1
|-boost|p1a: Dragonite|spe|1
|
|upkeep
|turn|15
|
|t:|1769368807
|-terastallize|p1a: Dragonite|Flying
|move|p1a: Dragonite|Tera Blast|p2a: Clefable|[anim] Tera Blast Flying
|-crit|p2a: Clefable
|-damage|p2a: Clefable|0 fnt
|faint|p2a: Clefable
|
|upkeep
|c|☆haxlolo|a
|inactive|haxlolo has 270 seconds left.
|
|t:|1769368830
|switch|p2a: Dragonite|Dragonite, M|100/100
|turn|16
|
|t:|1769368834
|-terastallize|p2a: Dragonite|Normal
|move|p1a: Dragonite|Tera Blast|p2a: Dragonite|[anim] Tera Blast Flying
|-damage|p2a: Dragonite|62/100
|move|p2a: Dragonite|Dragon Tail|p1a: Dragonite
|-damage|p1a: Dragonite|81/100
|drag|p1a: Kyurem|Kyurem|100/100
|-ability|p1a: Kyurem|Pressure
|
|upkeep
|turn|17
|c|+fifier|buen tera lolo
|inactive|haxlolo has 270 seconds left.
|c|☆haxlolo|gracias hermano
|
|t:|1769368861
|move|p1a: Kyurem|Draco Meteor|p2a: Dragonite
|-damage|p2a: Dragonite|0 fnt
|-unboost|p1a: Kyurem|spa|2
|faint|p2a: Dragonite
|
|upkeep
|
|t:|1769368865
|switch|p2a: Zamazenta|Zamazenta|100/100
|turn|18
|
|t:|1769368868
|switch|p1a: Great Tusk|Great Tusk|54/100 psn
|move|p2a: Zamazenta|Close Combat|p1a: Great Tusk
|-damage|p1a: Great Tusk|9/100 psn
|-unboost|p2a: Zamazenta|def|1
|-unboost|p2a: Zamazenta|spd|1
|-damage|p2a: Zamazenta|84/100|[from] item: Rocky Helmet|[of] p1a: Great Tusk
|
|-damage|p1a: Great Tusk|0 fnt|[from] psn
|faint|p1a: Great Tusk
|-end|p1a: Great Tusk|Protosynthesis|[silent]
|upkeep
|c|+ZeroKitss|Lolo eres muy humilde hermano  no querias ganar 3-0 y por eso puro turno cagada
|inactive|ina fable has 270 seconds left.
|
|t:|1769368880
|switch|p1a: Hatterene|Hatterene, F|16/100
|turn|19
|-enditem|p1a: Hatterene|Custap Berry|[eat]
|-activate|p1a: Hatterene|item: Custap Berry|[consumed]
|
|t:|1769368889
|switch|p2a: Gliscor|Gliscor, M|35/100 tox
|-damage|p2a: Gliscor|22/100 tox|[from] Stealth Rock
|move|p1a: Hatterene|Dazzling Gleam|p2a: Gliscor
|-damage|p2a: Gliscor|0 fnt
|faint|p2a: Gliscor
|
|upkeep
|
|t:|1769368892
|switch|p2a: Darkrai|Darkrai|100/100
|turn|20
|
|t:|1769368894
|move|p2a: Darkrai|Dark Pulse|p1a: Hatterene
|-damage|p1a: Hatterene|0 fnt
|faint|p1a: Hatterene
|
|upkeep
|
|t:|1769368902
|switch|p1a: Dragonite|Dragonite, F, tera:Flying|81/100
|turn|21
|
|t:|1769368907
|move|p2a: Darkrai|Will-O-Wisp|p1a: Dragonite
|-status|p1a: Dragonite|brn
|move|p1a: Dragonite|Dragon Dance|p1a: Dragonite
|-boost|p1a: Dragonite|atk|1
|-boost|p1a: Dragonite|spe|1
|
|-heal|p1a: Dragonite|87/100 brn|[from] item: Leftovers
|-damage|p1a: Dragonite|81/100 brn|[from] brn
|upkeep
|turn|22
|
|t:|1769368913
|move|p1a: Dragonite|Encore|p2a: Darkrai
|-start|p2a: Darkrai|Encore
|move|p2a: Darkrai|Will-O-Wisp|p1a: Dragonite|[miss]
|-miss|p2a: Darkrai|p1a: Dragonite
|
|-heal|p1a: Dragonite|87/100 brn|[from] item: Leftovers
|-damage|p1a: Dragonite|81/100 brn|[from] brn
|upkeep
|turn|23
|
|t:|1769368915
|switch|p2a: Zamazenta|Zamazenta|84/100
|move|p1a: Dragonite|Tera Blast|p2a: Zamazenta|[anim] Tera Blast Flying
|-supereffective|p2a: Zamazenta
|-damage|p2a: Zamazenta|2/100
|
|-heal|p1a: Dragonite|87/100 brn|[from] item: Leftovers
|-damage|p1a: Dragonite|81/100 brn|[from] brn
|upkeep
|turn|24
|
|t:|1769368918
|move|p1a: Dragonite|Tera Blast|p2a: Zamazenta|[anim] Tera Blast Flying
|-supereffective|p2a: Zamazenta
|-damage|p2a: Zamazenta|0 fnt
|faint|p2a: Zamazenta
|
|-heal|p1a: Dragonite|87/100 brn|[from] item: Leftovers
|-damage|p1a: Dragonite|81/100 brn|[from] brn
|upkeep
|
|t:|1769368919
|switch|p2a: Darkrai|Darkrai|100/100
|turn|25
|
|t:|1769368924
|move|p1a: Dragonite|Tera Blast|p2a: Darkrai|[anim] Tera Blast Flying
|-damage|p2a: Darkrai|43/100
|move|p2a: Darkrai|Dark Pulse|p1a: Dragonite
|-damage|p1a: Dragonite|35/100 brn
|
|-heal|p1a: Dragonite|41/100 brn|[from] item: Leftovers
|-damage|p1a: Dragonite|35/100 brn|[from] brn
|upkeep
|turn|26
|c|☆ina fable|Gg
|c|☆haxlolo|gg
|
|t:|1769368927
|move|p1a: Dragonite|Tera Blast|p2a: Darkrai|[anim] Tera Blast Flying
|-damage|p2a: Darkrai|0 fnt
|faint|p2a: Darkrai
|
|win|ina fable
|player|p2|
