|j|☆FlamingWraithSeer
|j|☆kevinsuw
|t:|1769444796
|gametype|singles
|player|p1|FlamingWraithSeer|265|1322
|player|p2|kevinsuw|266|1339
|gen|9
|tier|[Gen 9] OU
|rated|
|rule|HP Percentage Mod: HP is shown in percentages
|rule|Endless Battle Clause: Forcing endless battles is banned
|rule|Species Clause: Limit one of each Pokémon
|rule|OHKO Clause: OHKO moves are banned
|rule|Evasion Items Clause: Evasion items are banned
|rule|Evasion Moves Clause: Evasion moves are banned
|rule|Evasion Abilities Clause: Evasion abilities are banned
|rule|Sleep Moves Clause: Sleep-inducing moves are banned
|clearpoke
|poke|p1|Torkoal, M|
|poke|p1|Lilligant-Hisui, F|
|poke|p1|Sandslash-Alola, M|
|poke|p1|Ninetales, F|
|poke|p1|Walking Wake|
|poke|p1|Raging Bolt|
|poke|p2|Slowking-Galar, M|
|poke|p2|Tornadus-Therian, M|
|poke|p2|Hydrapple, F|
|poke|p2|Mienshao, F|
|poke|p2|Cyclizar, M|
|poke|p2|Alomomola, M|
|teampreview
|c|☆FlamingWraithSeer|glhf
|c|☆kevinsuw|u too
|c|☆FlamingWraithSeer|:D
|
|t:|1769444816
|teamsize|p1|6
|teamsize|p2|6
|start
|switch|p1a: Torky|Torkoal, M|100/100
|switch|p2a: Cyclizar|Cyclizar, M|100/100
|-weather|SunnyDay|[from] ability: Drought|[of] p1a: Torky
|turn|1
|
|t:|1769444823
|move|p2a: Cyclizar|Taunt|p1a: Torky
|-start|p1a: Torky|move: Taunt
|move|p1a: Torky|Body Press|p2a: Cyclizar
|-supereffective|p2a: Cyclizar
|-damage|p2a: Cyclizar|0 fnt
|faint|p2a: Cyclizar
|
|-weather|SunnyDay|[upkeep]
|upkeep
|
|t:|1769444834
|switch|p2a: Tornadus|Tornadus-Therian, M|100/100
|turn|2
|
|t:|1769444843
|switch|p1a: Tigre|Raging Bolt|100/100
|-activate|p1a: Tigre|ability: Protosynthesis
|-start|p1a: Tigre|protosynthesisspa
|-terastallize|p2a: Tornadus|Flying
|move|p2a: Tornadus|Air Slash|p1a: Tigre
|-resisted|p1a: Tigre
|-damage|p1a: Tigre|81/100
|
|-weather|SunnyDay|[upkeep]
|upkeep
|turn|3
|
|t:|1769444853
|switch|p2a: Slowking|Slowking-Galar, M|100/100
|move|p1a: Tigre|Volt Switch|p2a: Slowking
|-damage|p2a: Slowking|75/100
|
|t:|1769444866
|-end|p1a: Tigre|Protosynthesis|[silent]
|switch|p1a: Blitz|Sandslash-Alola, M|100/100|[from] Volt Switch
|
|-weather|SunnyDay|[upkeep]
|upkeep
|turn|4
|
|t:|1769444874
|switch|p2a: Alomomola|Alomomola, M|100/100
|move|p1a: Blitz|Rapid Spin|p2a: Alomomola
|-damage|p2a: Alomomola|88/100
|-boost|p1a: Blitz|spe|1
|-damage|p1a: Blitz|84/100|[from] item: Rocky Helmet|[of] p2a: Alomomola
|-damage|p1a: Blitz|74/100|[from] item: Life Orb
|
|-weather|SunnyDay|[upkeep]
|upkeep
|turn|5
|
|t:|1769444888
|switch|p1a: Foxglove|Lilligant-Hisui, F|100/100
|move|p2a: Alomomola|Flip Turn|p1a: Foxglove
|-resisted|p1a: Foxglove
|-damage|p1a: Foxglove|96/100
|
|t:|1769444919
|switch|p2a: Slowking|Slowking-Galar, M|100/100|[from] Flip Turn
|
|-weather|SunnyDay|[upkeep]
|upkeep
|turn|6
|
|t:|1769444929
|switch|p1a: Blitz|Sandslash-Alola, M|74/100
|move|p2a: Slowking|Flamethrower|p1a: Blitz
|-supereffective|p1a: Blitz
|-damage|p1a: Blitz|0 fnt
|faint|p1a: Blitz
|
|-weather|SunnyDay|[upkeep]
|upkeep
|c|☆FlamingWraithSeer|oof
|c|☆FlamingWraithSeer|nice
|c|☆kevinsuw|hahahah yeah
|
|t:|1769444951
|switch|p1a: Tigre|Raging Bolt|81/100
|-activate|p1a: Tigre|ability: Protosynthesis
|-start|p1a: Tigre|protosynthesisspa
|turn|7
|
|t:|1769444963
|move|p1a: Tigre|Draco Meteor|p2a: Slowking
|-damage|p2a: Slowking|52/100
|-unboost|p1a: Tigre|spa|2
|move|p2a: Slowking|Ice Beam|p1a: Tigre
|-supereffective|p1a: Tigre
|-damage|p1a: Tigre|48/100
|
|-weather|SunnyDay|[upkeep]
|upkeep
|turn|8
|
|t:|1769444973
|move|p1a: Tigre|Volt Switch|p2a: Slowking
|-damage|p2a: Slowking|37/100
|
|t:|1769444976
|-end|p1a: Tigre|Protosynthesis|[silent]
|switch|p1a: Ninex|Ninetales, F, shiny|100/100|[from] Volt Switch
|move|p2a: Slowking|Sludge Bomb|p1a: Ninex
|-damage|p1a: Ninex|47/100
|
|-weather|none
|upkeep
|turn|9
|
|t:|1769444984
|-terastallize|p1a: Ninex|Poison
|move|p1a: Ninex|Nasty Plot|p1a: Ninex
|-boost|p1a: Ninex|spa|2
|move|p2a: Slowking|Sludge Bomb|p1a: Ninex
|-resisted|p1a: Ninex
|-damage|p1a: Ninex|19/100
|
|upkeep
|turn|10
|
|t:|1769444995
|switch|p2a: Alomomola|Alomomola, M|100/100
|move|p1a: Ninex|Extrasensory|p2a: Alomomola
|-damage|p2a: Alomomola|59/100
|
|upkeep
|turn|11
|
|t:|1769445007
|move|p1a: Ninex|Healing Wish|p1a: Ninex
|faint|p1a: Ninex
|move|p2a: Alomomola|Mirror Coat|p1: Ninex|[notarget]
|-fail|p2a: Alomomola
|
|upkeep
|
|t:|1769445011
|switch|p1a: Tigre|Raging Bolt|48/100
|-heal|p1a: Tigre|100/100|[from] move: Healing Wish
|turn|12
|
|t:|1769445021
|switch|p2a: Slowking|Slowking-Galar, M|70/100
|move|p1a: Tigre|Volt Switch|p2a: Slowking
|-damage|p2a: Slowking|47/100
|
|t:|1769445033
|-end|p1a: Tigre|Protosynthesis|[silent]
|switch|p1a: Suicunee|Walking Wake|100/100|[from] Volt Switch
|
|upkeep
|turn|13
|
|t:|1769445039
|switch|p2a: Alomomola|Alomomola, M|92/100
|move|p1a: Suicunee|Draco Meteor|p2a: Alomomola
|-damage|p2a: Alomomola|25/100
|-unboost|p1a: Suicunee|spa|2
|
|upkeep
|turn|14
|
|t:|1769445047
|switch|p2a: Slowking|Slowking-Galar, M|80/100
|move|p1a: Suicunee|Draco Meteor|p2a: Slowking
|-damage|p2a: Slowking|63/100
|-unboost|p1a: Suicunee|spa|2
|
|upkeep
|turn|15
|
|t:|1769445055
|-end|p1a: Suicunee|Protosynthesis|[silent]
|switch|p1a: Tigre|Raging Bolt|100/100
|move|p2a: Slowking|Sludge Bomb|p1a: Tigre
|-damage|p1a: Tigre|78/100
|
|upkeep
|turn|16
|
|t:|1769445061
|move|p1a: Tigre|Volt Switch|p2a: Slowking
|-damage|p2a: Slowking|43/100
|
|t:|1769445064
|-end|p1a: Tigre|Protosynthesis|[silent]
|switch|p1a: Torky|Torkoal, M|100/100|[from] Volt Switch
|-weather|SunnyDay|[from] ability: Drought|[of] p1a: Torky
|move|p2a: Slowking|Sludge Bomb|p1a: Torky
|-crit|p1a: Torky
|-damage|p1a: Torky|15/100
|
|-weather|SunnyDay|[upkeep]
|upkeep
|turn|17
|
|t:|1769445075
|switch|p1a: Suicunee|Walking Wake|100/100
|-activate|p1a: Suicunee|ability: Protosynthesis
|-start|p1a: Suicunee|protosynthesisspe
|switch|p2a: Alomomola|Alomomola, M|59/100
|
|-weather|SunnyDay|[upkeep]
|upkeep
|turn|18
|
|t:|1769445082
|move|p1a: Suicunee|Draco Meteor|p2a: Alomomola
|-damage|p2a: Alomomola|0 fnt
|-unboost|p1a: Suicunee|spa|2
|faint|p2a: Alomomola
|
|-weather|SunnyDay|[upkeep]
|upkeep
|
|t:|1769445091
|switch|p2a: Slowking|Slowking-Galar, M|76/100
|turn|19
|
|t:|1769445097
|-end|p1a: Suicunee|Protosynthesis|[silent]
|switch|p1a: Tigre|Raging Bolt|78/100
|-activate|p1a: Tigre|ability: Protosynthesis
|-start|p1a: Tigre|protosynthesisspa
|move|p2a: Slowking|Sludge Bomb|p1a: Tigre
|-damage|p1a: Tigre|57/100
|-status|p1a: Tigre|psn
|
|-weather|SunnyDay|[upkeep]
|-damage|p1a: Tigre|44/100 psn|[from] psn
|upkeep
|turn|20
|
|t:|1769445111
|move|p1a: Tigre|Draco Meteor|p2a: Slowking
|-damage|p2a: Slowking|21/100
|-unboost|p1a: Tigre|spa|2
|move|p2a: Slowking|Ice Beam|p1a: Tigre
|-supereffective|p1a: Tigre
|-damage|p1a: Tigre|13/100 psn
|
|-weather|SunnyDay|[upkeep]
|-damage|p1a: Tigre|0 fnt|[from] psn
|faint|p1a: Tigre
|-end|p1a: Tigre|Protosynthesis|[silent]
|upkeep
|
|t:|1769445120
|switch|p1a: Foxglove|Lilligant-Hisui, F|96/100
|turn|21
|
|t:|1769445123
|switch|p2a: Tornadus|Tornadus-Therian, M, tera:Flying|100/100
|move|p1a: Foxglove|Triple Axel|p2a: Tornadus
|-supereffective|p2a: Tornadus
|-damage|p2a: Tornadus|75/100
|-supereffective|p2a: Tornadus
|-damage|p2a: Tornadus|28/100
|-supereffective|p2a: Tornadus
|-damage|p2a: Tornadus|0 fnt
|faint|p2a: Tornadus
|-hitcount|p2: Tornadus|3
|-damage|p1a: Foxglove|86/100|[from] item: Life Orb
|
|-weather|SunnyDay|[upkeep]
|upkeep
|
|t:|1769445172
|switch|p2a: Slowking|Slowking-Galar, M|55/100
|turn|22
|
|t:|1769445183
|switch|p2a: Hydrapple|Hydrapple, F|100/100
|move|p1a: Foxglove|Triple Axel|p2a: Hydrapple
|-supereffective|p2a: Hydrapple
|-damage|p2a: Hydrapple|72/100
|-supereffective|p2a: Hydrapple
|-damage|p2a: Hydrapple|19/100
|-hitcount|p2a: Hydrapple|2
|-damage|p1a: Foxglove|76/100|[from] item: Life Orb
|
|-weather|SunnyDay|[upkeep]
|upkeep
|turn|23
|
|t:|1769445196
|move|p1a: Foxglove|Close Combat|p2a: Hydrapple
|-damage|p2a: Hydrapple|0 fnt
|-unboost|p1a: Foxglove|def|1
|-unboost|p1a: Foxglove|spd|1
|faint|p2a: Hydrapple
|-damage|p1a: Foxglove|66/100|[from] item: Life Orb
|
|-weather|none
|upkeep
|
|t:|1769445204
|switch|p2a: Mienshao|Mienshao, F|100/100
|turn|24
|
|t:|1769445210
|switch|p1a: Torky|Torkoal, M|15/100
|-weather|SunnyDay|[from] ability: Drought|[of] p1a: Torky
|move|p2a: Mienshao|Close Combat|p1a: Torky
|-damage|p1a: Torky|0 fnt
|-unboost|p2a: Mienshao|def|1
|-unboost|p2a: Mienshao|spd|1
|faint|p1a: Torky
|
|-weather|SunnyDay|[upkeep]
|upkeep
|
|t:|1769445234
|switch|p1a: Suicunee|Walking Wake|100/100
|-activate|p1a: Suicunee|ability: Protosynthesis
|-start|p1a: Suicunee|protosynthesisspe
|turn|25
|c|☆kevinsuw|intensive battle
|
|t:|1769445240
|switch|p2a: Slowking|Slowking-Galar, M|88/100
|move|p1a: Suicunee|Hydro Steam|p2a: Slowking
|-damage|p2a: Slowking|58/100
|
|-weather|SunnyDay|[upkeep]
|upkeep
|turn|26
|
|t:|1769445252
|move|p1a: Suicunee|Draco Meteor|p2a: Slowking
|-damage|p2a: Slowking|26/100
|-unboost|p1a: Suicunee|spa|2
|move|p2a: Slowking|Sludge Bomb|p1a: Suicunee
|-damage|p1a: Suicunee|68/100
|-status|p1a: Suicunee|psn
|
|-weather|SunnyDay|[upkeep]
|-damage|p1a: Suicunee|55/100 psn|[from] psn
|upkeep
|turn|27
|
|t:|1769445262
|switch|p2a: Mienshao|Mienshao, F|100/100
|move|p1a: Suicunee|Draco Meteor|p2a: Mienshao
|-damage|p2a: Mienshao|39/100
|-unboost|p1a: Suicunee|spa|2
|
|-weather|SunnyDay|[upkeep]
|-damage|p1a: Suicunee|43/100 psn|[from] psn
|upkeep
|turn|28
|
|t:|1769445272
|move|p1a: Suicunee|Draco Meteor|p2a: Mienshao
|-crit|p2a: Mienshao
|-damage|p2a: Mienshao|0 fnt
|-unboost|p1a: Suicunee|spa|2
|faint|p2a: Mienshao
|
|-weather|SunnyDay|[upkeep]
|-damage|p1a: Suicunee|31/100 psn|[from] psn
|upkeep
|
|t:|1769445279
|switch|p2a: Slowking|Slowking-Galar, M|59/100
|turn|29
|
|t:|1769445283
|move|p1a: Suicunee|Draco Meteor|p2a: Slowking|[miss]
|-miss|p1a: Suicunee|p2a: Slowking
|move|p2a: Slowking|Sludge Bomb|p1a: Suicunee
|-damage|p1a: Suicunee|0 fnt
|faint|p1a: Suicunee
|-end|p1a: Suicunee|Protosynthesis|[silent]
|
|-weather|SunnyDay|[upkeep]
|upkeep
|
|t:|1769445289
|switch|p1a: Foxglove|Lilligant-Hisui, F|66/100
|turn|30
|
|t:|1769445292
|move|p1a: Foxglove|Triple Axel|p2a: Slowking
|-damage|p2a: Slowking|50/100
|-damage|p2a: Slowking|31/100
|-damage|p2a: Slowking|6/100
|-hitcount|p2a: Slowking|3
|-damage|p1a: Foxglove|56/100|[from] item: Life Orb
|move|p2a: Slowking|Sludge Bomb|p1a: Foxglove
|-supereffective|p1a: Foxglove
|-damage|p1a: Foxglove|0 fnt
|faint|p1a: Foxglove
|
|win|kevinsuw
|raw|FlamingWraithSeer's rating: 1322 &rarr; <strong>1304</strong><br />(-18 for losing)
|raw|kevinsuw's rating: 1357 &rarr; <strong>1375</strong><br />(+18 for winning)
|c|☆FlamingWraithSeer|ggwp
|c|☆kevinsuw|gg
|c|☆kevinsuw|wp
|l|☆FlamingWraithSeer
|player|p1|
|l|☆kevinsuw
|player|p2|
