|j|☆biggruse04
|j|☆ariude3
|t:|1769437143
|gametype|singles
|player|p1|biggruse04|lady-gen4|1078
|player|p2|ariude3|102|1022
|gen|9
|tier|[Gen 9] OU
|rated|
|rule|HP Percentage Mod: HP is shown in percentages
|rule|Endless Battle Clause: Forcing endless battles is banned
|rule|Species Clause: Limit one of each Pokémon
|rule|OHKO Clause: OHKO moves are banned
|rule|Evasion Items Clause: Evasion items are banned
|rule|Evasion Moves Clause: Evasion moves are banned
|rule|Evasion Abilities Clause: Evasion abilities are banned
|rule|Sleep Moves Clause: Sleep-inducing moves are banned
|clearpoke
|poke|p1|Zapdos-Galar|
|poke|p1|Meowscarada, M|
|poke|p1|Gholdengo|
|poke|p1|Kyurem|
|poke|p1|Quaquaval, M|
|poke|p1|Iron Treads|
|poke|p2|Primarina, F|
|poke|p2|Lycanroc-Midnight, M|
|poke|p2|Magnezone|
|poke|p2|Electivire, M|
|poke|p2|Lucario, M|
|poke|p2|Charizard, F|
|teampreview
|
|t:|1769437157
|teamsize|p1|6
|teamsize|p2|6
|start
|switch|p1a: frank the truck|Iron Treads, shiny|100/100
|switch|p2a: Electivire|Electivire, M|100/100
|turn|1
|
|t:|1769437168
|switch|p2a: Primarina|Primarina, F|100/100
|-item|p2a: Primarina|Air Balloon
|move|p1a: frank the truck|Stealth Rock|p2a: Primarina
|-sidestart|p2: ariude3|move: Stealth Rock
|
|upkeep
|turn|2
|
|t:|1769437178
|move|p1a: frank the truck|Volt Switch|p2a: Primarina
|-supereffective|p2a: Primarina
|-damage|p2a: Primarina|81/100
|-enditem|p2a: Primarina|Air Balloon
|
|t:|1769437185
|-end|p1a: frank the truck|Quark Drive|[silent]
|switch|p1a: fancy dancer|Meowscarada, M, shiny|100/100|[from] Volt Switch
|move|p2a: Primarina|Surf|p1a: fancy dancer
|-resisted|p1a: fancy dancer
|-damage|p1a: fancy dancer|67/100
|
|upkeep
|turn|3
|
|t:|1769437198
|switch|p2a: Charizard|Charizard, F|100/100
|-damage|p2a: Charizard|51/100|[from] Stealth Rock
|move|p1a: fancy dancer|Flower Trick|p2a: Charizard
|-start|p1a: fancy dancer|typechange|Grass|[from] ability: Protean
|-resisted|p2a: Charizard
|-crit|p2a: Charizard
|-damage|p2a: Charizard|29/100
|
|upkeep
|turn|4
|
|t:|1769437210
|switch|p1a: fridge|Kyurem, shiny|100/100
|-ability|p1a: fridge|Pressure
|move|p2a: Charizard|Flame Charge|p1a: fridge
|-damage|p1a: fridge|72/100
|-boost|p2a: Charizard|spe|1
|
|upkeep
|turn|5
|
|t:|1769437220
|move|p2a: Charizard|Dragon Pulse|p1a: fridge
|-supereffective|p1a: fridge
|-damage|p1a: fridge|31/100
|-enditem|p1a: fridge|Weakness Policy
|-boost|p1a: fridge|atk|2|[from] item: Weakness Policy
|-boost|p1a: fridge|spa|2|[from] item: Weakness Policy
|move|p1a: fridge|Ice Beam|p2a: Charizard
|-damage|p2a: Charizard|0 fnt
|faint|p2a: Charizard
|
|upkeep
|
|t:|1769437237
|switch|p2a: Lycanroc|Lycanroc-Midnight, M|100/100
|-damage|p2a: Lycanroc|88/100|[from] Stealth Rock
|turn|6
|
|t:|1769437241
|move|p1a: fridge|Ice Beam|p2a: Lycanroc
|-damage|p2a: Lycanroc|0 fnt
|faint|p2a: Lycanroc
|
|upkeep
|
|t:|1769437249
|switch|p2a: Electivire|Electivire, M|100/100
|-damage|p2a: Electivire|88/100|[from] Stealth Rock
|turn|7
|
|t:|1769437254
|move|p1a: fridge|Earth Power|p2a: Electivire
|-supereffective|p2a: Electivire
|-damage|p2a: Electivire|0 fnt
|faint|p2a: Electivire
|
|upkeep
|
|t:|1769437260
|switch|p2a: Lucario|Lucario, M|100/100
|-damage|p2a: Lucario|98/100|[from] Stealth Rock
|turn|8
|
|t:|1769437273
|move|p1a: fridge|Earth Power|p2a: Lucario
|-supereffective|p2a: Lucario
|-damage|p2a: Lucario|0 fnt
|faint|p2a: Lucario
|
|upkeep
|
|t:|1769437279
|switch|p2a: Magnezone|Magnezone|100/100
|-damage|p2a: Magnezone|94/100|[from] Stealth Rock
|-item|p2a: Magnezone|Air Balloon
|turn|9
|
|t:|1769437286
|move|p1a: fridge|Ice Beam|p2a: Magnezone
|-resisted|p2a: Magnezone
|-damage|p2a: Magnezone|33/100
|-enditem|p2a: Magnezone|Air Balloon
|move|p2a: Magnezone|Thunder Wave|p1a: fridge
|-status|p1a: fridge|par
|
|upkeep
|turn|10
|
|t:|1769437295
|move|p2a: Magnezone|Thunder|p1a: fridge
|-resisted|p1a: fridge
|-damage|p1a: fridge|10/100 par
|cant|p1a: fridge|par
|
|upkeep
|turn|11
|
|t:|1769437301
|move|p2a: Magnezone|Thunder|p1a: fridge
|-resisted|p1a: fridge
|-damage|p1a: fridge|0 fnt
|faint|p1a: fridge
|
|upkeep
|
|t:|1769437305
|switch|p1a: fancy dancer|Meowscarada, M, shiny|67/100
|turn|12
|
|t:|1769437309
|move|p1a: fancy dancer|Knock Off|p2a: Magnezone
|-start|p1a: fancy dancer|typechange|Dark|[from] ability: Protean
|-damage|p2a: Magnezone|0 fnt
|faint|p2a: Magnezone
|
|upkeep
|
|t:|1769437316
|switch|p2a: Primarina|Primarina, F|81/100
|-damage|p2a: Primarina|68/100|[from] Stealth Rock
|turn|13
|
|t:|1769437321
|-terastallize|p1a: fancy dancer|Poison
|move|p1a: fancy dancer|Knock Off|p2a: Primarina
|-resisted|p2a: Primarina
|-crit|p2a: Primarina
|-damage|p2a: Primarina|26/100
|move|p2a: Primarina|Ice Beam|p1a: fancy dancer
|-damage|p1a: fancy dancer|22/100
|
|upkeep
|turn|14
|
|t:|1769437337
|switch|p1a: money man|Gholdengo, shiny|100/100
|-item|p1a: money man|Air Balloon
|move|p2a: Primarina|Ice Beam|p1a: money man
|-resisted|p1a: money man
|-damage|p1a: money man|85/100
|-enditem|p1a: money man|Air Balloon
|
|upkeep
|turn|15
|
|t:|1769437349
|-terastallize|p2a: Primarina|Water
|move|p1a: money man|Make It Rain|p2a: Primarina
|-resisted|p2a: Primarina
|-damage|p2a: Primarina|0 fnt
|-unboost|p1a: money man|spa|1
|faint|p2a: Primarina
|
|win|biggruse04
|raw|biggruse04's rating: 1078 &rarr; <strong>1102</strong><br />(+24 for winning)
|raw|ariude3's rating: 1022 &rarr; <strong>1011</strong><br />(-11 for losing)
