|j|☆DcBaker
|j|☆Culete de Cemento
|t:|1769377626
|gametype|singles
|player|p1|DcBaker|pokemonrangerf|1184
|player|p2|Culete de Cemento|wallace|1209
|gen|9
|tier|[Gen 9] OU
|rated|
|rule|HP Percentage Mod: HP is shown in percentages
|rule|Endless Battle Clause: Forcing endless battles is banned
|rule|Species Clause: Limit one of each Pokémon
|rule|OHKO Clause: OHKO moves are banned
|rule|Evasion Items Clause: Evasion items are banned
|rule|Evasion Moves Clause: Evasion moves are banned
|rule|Evasion Abilities Clause: Evasion abilities are banned
|rule|Sleep Moves Clause: Sleep-inducing moves are banned
|clearpoke
|poke|p1|Deoxys-Speed|
|poke|p1|Ceruledge, F|
|poke|p1|Zamazenta-*|
|poke|p1|Ogerpon-Wellspring, F|
|poke|p1|Glimmora, M|
|poke|p1|Moltres-Galar|
|poke|p2|Drifblim, F|
|poke|p2|Grimmsnarl, M|
|poke|p2|Slowking-Galar, F|
|poke|p2|Gliscor, F|
|poke|p2|Empoleon, M|
|poke|p2|Cyclizar, F|
|teampreview
|inactive|Battle timer is ON: inactive players will automatically lose when time's up. (requested by Culete de Cemento)
|inactive|DcBaker also wants the timer to be on.
|j| djeikovein
|
|t:|1769377636
|teamsize|p1|6
|teamsize|p2|6
|start
|switch|p1a: gimmie|Glimmora, M|100/100
|switch|p2a: Grimmsnarl|Grimmsnarl, M, shiny|100/100
|turn|1
|
|t:|1769377644
|move|p2a: Grimmsnarl|Taunt|p1a: gimmie
|-start|p1a: gimmie|move: Taunt
|cant|p1a: gimmie|move: Taunt|Stealth Rock
|
|upkeep
|turn|2
|
|t:|1769377649
|move|p2a: Grimmsnarl|Light Screen|p2a: Grimmsnarl
|-sidestart|p2: Culete de Cemento|move: Light Screen
|move|p1a: gimmie|Mortal Spin|p2a: Grimmsnarl
|-supereffective|p2a: Grimmsnarl
|-damage|p2a: Grimmsnarl|91/100
|-status|p2a: Grimmsnarl|psn
|
|-damage|p2a: Grimmsnarl|79/100 psn|[from] psn
|upkeep
|turn|3
|
|t:|1769377663
|move|p2a: Grimmsnarl|Parting Shot|p1a: gimmie
|-unboost|p1a: gimmie|atk|1
|-unboost|p1a: gimmie|spa|1
|l| djeikovein
|
|t:|1769377676
|switch|p2a: Gliscor|Gliscor, F|100/100|[from] Parting Shot
|move|p1a: gimmie|Mortal Spin|p2a: Gliscor
|-resisted|p2a: Gliscor
|-damage|p2a: Gliscor|99/100
|-status|p2a: Gliscor|psn
|
|-heal|p2a: Gliscor|100/100 psn|[from] ability: Poison Heal
|-end|p1a: gimmie|move: Taunt
|upkeep
|turn|4
|
|t:|1769377691
|move|p1a: gimmie|Stealth Rock|p2a: Gliscor
|-sidestart|p2: Culete de Cemento|move: Stealth Rock
|move|p2a: Gliscor|Stealth Rock|p1a: gimmie
|-sidestart|p1: DcBaker|move: Stealth Rock
|
|upkeep
|turn|5
|
|t:|1769377699
|move|p1a: gimmie|Mortal Spin|p2a: Gliscor
|-resisted|p2a: Gliscor
|-damage|p2a: Gliscor|99/100 psn
|-sideend|p1: DcBaker|Stealth Rock|[from] move: Mortal Spin|[of] p1a: gimmie
|move|p2a: Gliscor|U-turn|p1a: gimmie
|-resisted|p1a: gimmie
|-damage|p1a: gimmie|90/100
|-activate|p1a: gimmie|ability: Toxic Debris
|-sidestart|p2: Culete de Cemento|move: Toxic Spikes
|
|t:|1769377707
|switch|p2a: Slowking|Slowking-Galar, F|100/100|[from] U-turn
|-damage|p2a: Slowking|88/100|[from] Stealth Rock
|-sideend|p2: Culete de Cemento|move: Toxic Spikes|[of] p2a: Slowking
|
|-heal|p2a: Slowking|94/100|[from] item: Black Sludge
|upkeep
|turn|6
|
|t:|1769377728
|move|p1a: gimmie|Meteor Beam||[still]
|-prepare|p1a: gimmie|Meteor Beam
|-boost|p1a: gimmie|spa|1
|-enditem|p1a: gimmie|Power Herb
|-anim|p1a: gimmie|Meteor Beam|p2a: Slowking
|-damage|p2a: Slowking|75/100
|-prepare|p2a: Slowking|Chilly Reception|[premajor]
|move|p2a: Slowking|Chilly Reception|p2a: Slowking
|-weather|Snowscape
|inactive|Culete de Cemento has 120 seconds left.
|
|t:|1769377749
|switch|p2a: Empoleon|Empoleon, M|100/100|[from] Chilly Reception
|-damage|p2a: Empoleon|94/100|[from] Stealth Rock
|
|-weather|Snowscape|[upkeep]
|upkeep
|turn|7
|
|t:|1769377761
|move|p2a: Empoleon|Blizzard|p1a: gimmie
|-damage|p1a: gimmie|43/100
|move|p1a: gimmie|Earth Power|p2a: Empoleon
|-supereffective|p2a: Empoleon
|-damage|p2a: Empoleon|62/100
|
|-weather|Snowscape|[upkeep]
|upkeep
|turn|8
|
|t:|1769377768
|move|p2a: Empoleon|Blizzard|p1a: gimmie
|-damage|p1a: gimmie|0 fnt
|faint|p1a: gimmie
|
|-weather|Snowscape|[upkeep]
|upkeep
|
|t:|1769377783
|switch|p1a: Sara|Ceruledge, F|100/100
|turn|9
|
|t:|1769377788
|move|p2a: Empoleon|Blizzard|p1a: Sara
|-resisted|p1a: Sara
|-damage|p1a: Sara|80/100
|move|p1a: Sara|Bitter Blade|p2a: Empoleon
|-damage|p2a: Empoleon|0 fnt
|-heal|p1a: Sara|100/100|[from] drain|[of] p2a: Empoleon
|faint|p2a: Empoleon
|-damage|p1a: Sara|91/100|[from] item: Life Orb
|
|-weather|Snowscape|[upkeep]
|-sideend|p2: Culete de Cemento|move: Light Screen
|upkeep
|
|t:|1769377813
|switch|p2a: Gliscor|Gliscor, F|99/100 psn
|-damage|p2a: Gliscor|87/100 psn|[from] Stealth Rock
|turn|10
|
|t:|1769377827
|-terastallize|p1a: Sara|Ghost
|move|p1a: Sara|Swords Dance|p1a: Sara
|-boost|p1a: Sara|atk|2
|move|p2a: Gliscor|Toxic|p1a: Sara
|-status|p1a: Sara|tox
|
|-weather|none
|-damage|p1a: Sara|84/100 tox|[from] psn
|-heal|p2a: Gliscor|99/100 psn|[from] ability: Poison Heal
|upkeep
|turn|11
|
|t:|1769377839
|move|p1a: Sara|Swords Dance|p1a: Sara
|-boost|p1a: Sara|atk|2
|move|p2a: Gliscor|Stealth Rock|p1a: Sara
|-sidestart|p1: DcBaker|move: Stealth Rock
|
|-damage|p1a: Sara|72/100 tox|[from] psn
|-heal|p2a: Gliscor|100/100 psn|[from] ability: Poison Heal
|upkeep
|turn|12
|
|t:|1769377848
|move|p2a: Gliscor|Protect|p2a: Gliscor
|-singleturn|p2a: Gliscor|Protect
|move|p1a: Sara|Bitter Blade|p2a: Gliscor
|-activate|p2a: Gliscor|move: Protect
|
|-damage|p1a: Sara|53/100 tox|[from] psn
|upkeep
|turn|13
|
|t:|1769377862
|switch|p2a: Grimmsnarl|Grimmsnarl, M, shiny|79/100 psn
|-damage|p2a: Grimmsnarl|66/100 psn|[from] Stealth Rock
|move|p1a: Sara|Bitter Blade|p2a: Grimmsnarl
|-damage|p2a: Grimmsnarl|0 fnt
|-heal|p1a: Sara|96/100 tox|[from] drain|[of] p2a: Grimmsnarl
|faint|p2a: Grimmsnarl
|-damage|p1a: Sara|86/100 tox|[from] item: Life Orb
|
|-damage|p1a: Sara|61/100 tox|[from] psn
|upkeep
|
|t:|1769377872
|switch|p2a: Cyclizar|Cyclizar, F|100/100
|turn|14
|
|t:|1769377877
|move|p2a: Cyclizar|Knock Off|p1a: Sara
|-supereffective|p1a: Sara
|-damage|p1a: Sara|0 fnt
|-enditem|p1a: Sara|Life Orb|[from] move: Knock Off|[of] p2a: Cyclizar
|faint|p1a: Sara
|
|upkeep
|
|t:|1769377885
|switch|p1a: 1/151|Ogerpon-Wellspring, F|100/100
|-damage|p1a: 1/151|88/100|[from] Stealth Rock
|turn|15
|
|t:|1769377890
|move|p2a: Cyclizar|Rapid Spin|p1a: 1/151
|-damage|p1a: 1/151|62/100
|-boost|p2a: Cyclizar|spe|1
|-sideend|p2: Culete de Cemento|Stealth Rock|[from] move: Rapid Spin|[of] p2a: Cyclizar
|move|p1a: 1/151|Play Rough|p2a: Cyclizar
|-supereffective|p2a: Cyclizar
|-damage|p2a: Cyclizar|0 fnt
|faint|p2a: Cyclizar
|
|upkeep
|
|t:|1769377906
|switch|p2a: Slowking|Slowking-Galar, F|100/100
|turn|16
|
|t:|1769377913
|move|p1a: 1/151|Swords Dance|p1a: 1/151
|-boost|p1a: 1/151|atk|2
|move|p2a: Slowking|Psychic Noise|p1a: 1/151
|-damage|p1a: 1/151|30/100
|-start|p1a: 1/151|move: Heal Block
|
|upkeep
|turn|17
|
|t:|1769377922
|move|p1a: 1/151|Ivy Cudgel|p2a: Slowking|[anim] Ivy Cudgel Water
|-damage|p2a: Slowking|0 fnt
|faint|p2a: Slowking
|
|-end|p1a: 1/151|move: Heal Block
|upkeep
|
|t:|1769377928
|switch|p2a: Drifblim|Drifblim, F, shiny|100/100
|turn|18
|
|t:|1769377937
|move|p1a: 1/151|Horn Leech|p2a: Drifblim
|-resisted|p2a: Drifblim
|-damage|p2a: Drifblim|47/100
|-heal|p1a: 1/151|70/100|[from] drain|[of] p2a: Drifblim
|move|p2a: Drifblim|Strength Sap|p1a: 1/151
|-unboost|p1a: 1/151|atk|1
|-heal|p2a: Drifblim|100/100
|
|upkeep
|turn|19
|
|t:|1769377948
|move|p1a: 1/151|Ivy Cudgel|p2a: Drifblim|[anim] Ivy Cudgel Water
|-crit|p2a: Drifblim
|-damage|p2a: Drifblim|0 fnt
|faint|p2a: Drifblim
|
|upkeep
|-message|Culete de Cemento forfeited.
|
|win|DcBaker
|raw|DcBaker's rating: 1184 &rarr; <strong>1211</strong><br />(+27 for winning)
|raw|Culete de Cemento's rating: 1209 &rarr; <strong>1182</strong><br />(-27 for losing)
