|j|☆parenting
|j|☆Touftouf37
|t:|1769418262
|gametype|singles
|player|p1|parenting|lady|1279
|player|p2|Touftouf37|giovanni|1287
|gen|9
|tier|[Gen 9] OU
|rated|
|rule|HP Percentage Mod: HP is shown in percentages
|rule|Endless Battle Clause: Forcing endless battles is banned
|rule|Species Clause: Limit one of each Pokémon
|rule|OHKO Clause: OHKO moves are banned
|rule|Evasion Items Clause: Evasion items are banned
|rule|Evasion Moves Clause: Evasion moves are banned
|rule|Evasion Abilities Clause: Evasion abilities are banned
|rule|Sleep Moves Clause: Sleep-inducing moves are banned
|clearpoke
|poke|p1|Gholdengo|
|poke|p1|Iron Treads|
|poke|p1|Moltres|
|poke|p1|Samurott-Hisui, M|
|poke|p1|Sinistcha|
|poke|p1|Ting-Lu|
|poke|p2|Keldeo-Resolute|
|poke|p2|Ceruledge, M|
|poke|p2|Rillaboom, M|
|poke|p2|Cobalion|
|poke|p2|Scizor, F|
|poke|p2|Raging Bolt|
|teampreview
|inactive|Battle timer is ON: inactive players will automatically lose when time's up. (requested by Touftouf37)
|inactive|parenting also wants the timer to be on.
|
|t:|1769418283
|teamsize|p1|6
|teamsize|p2|6
|start
|switch|p1a: Samurott|Samurott-Hisui, M|100/100
|switch|p2a: Cobalion|Cobalion|100/100
|turn|1
|
|t:|1769418290
|switch|p1a: Gholdengo|Gholdengo|100/100
|move|p2a: Cobalion|Close Combat|p1a: Gholdengo
|-immune|p1a: Gholdengo
|
|upkeep
|turn|2
|
|t:|1769418295
|move|p2a: Cobalion|Stealth Rock|p1a: Gholdengo
|-sidestart|p1: parenting|move: Stealth Rock
|move|p1a: Gholdengo|Nasty Plot|p1a: Gholdengo
|-boost|p1a: Gholdengo|spa|2
|
|upkeep
|turn|3
|
|t:|1769418301
|move|p2a: Cobalion|Volt Switch|p1a: Gholdengo
|-damage|p1a: Gholdengo|85/100
|
|t:|1769418327
|switch|p2a: Ceruledge|Ceruledge, M|100/100|[from] Volt Switch
|move|p1a: Gholdengo|Thunderbolt|p2a: Ceruledge
|-crit|p2a: Ceruledge
|-enditem|p2a: Ceruledge|Focus Sash
|-damage|p2a: Ceruledge|1/100
|
|upkeep
|turn|4
|
|t:|1769418341
|switch|p1a: Moltres|Moltres|100/100
|move|p2a: Ceruledge|Poltergeist|p1a: Moltres
|-activate|p1a: Moltres|move: Poltergeist|Heavy-Duty Boots
|-damage|p1a: Moltres|63/100
|
|upkeep
|turn|5
|
|t:|1769418354
|move|p2a: Ceruledge|Poltergeist|p1a: Moltres
|-activate|p1a: Moltres|move: Poltergeist|Heavy-Duty Boots
|-damage|p1a: Moltres|22/100
|move|p1a: Moltres|U-turn|p2a: Ceruledge
|-resisted|p2a: Ceruledge
|-damage|p2a: Ceruledge|0 fnt
|faint|p2a: Ceruledge
|
|t:|1769418360
|switch|p1a: Iron Treads|Iron Treads|100/100|[from] U-turn
|-damage|p1a: Iron Treads|98/100|[from] Stealth Rock
|-item|p1a: Iron Treads|Air Balloon
|
|upkeep
|
|t:|1769418370
|switch|p2a: Cobalion|Cobalion|100/100
|turn|6
|
|t:|1769418378
|move|p2a: Cobalion|Taunt|p1a: Iron Treads
|-start|p1a: Iron Treads|move: Taunt
|move|p1a: Iron Treads|Rapid Spin|p2a: Cobalion
|-resisted|p2a: Cobalion
|-damage|p2a: Cobalion|95/100
|-boost|p1a: Iron Treads|spe|1
|-sideend|p1: parenting|Stealth Rock|[from] move: Rapid Spin|[of] p1a: Iron Treads
|
|-heal|p2a: Cobalion|100/100|[from] item: Leftovers
|upkeep
|turn|7
|
|t:|1769418387
|-end|p1a: Iron Treads|Quark Drive|[silent]
|switch|p1a: Gholdengo|Gholdengo|85/100
|move|p2a: Cobalion|Stealth Rock|p1a: Gholdengo
|-sidestart|p1: parenting|move: Stealth Rock
|
|upkeep
|turn|8
|
|t:|1769418391
|move|p2a: Cobalion|Volt Switch|p1a: Gholdengo
|-damage|p1a: Gholdengo|68/100
|
|t:|1769418397
|switch|p2a: Scizor|Scizor, F|100/100|[from] Volt Switch
|move|p1a: Gholdengo|Nasty Plot|p1a: Gholdengo
|-boost|p1a: Gholdengo|spa|2
|
|upkeep
|turn|9
|
|t:|1769418403
|move|p1a: Gholdengo|Recover|p1a: Gholdengo
|-heal|p1a: Gholdengo|100/100
|move|p2a: Scizor|Knock Off|p1a: Gholdengo
|-supereffective|p1a: Gholdengo
|-damage|p1a: Gholdengo|19/100
|-enditem|p1a: Gholdengo|Metal Coat|[from] move: Knock Off|[of] p2a: Scizor
|
|upkeep
|turn|10
|
|t:|1769418410
|move|p2a: Scizor|Bullet Punch|p1a: Gholdengo
|-resisted|p1a: Gholdengo
|-damage|p1a: Gholdengo|0 fnt
|faint|p1a: Gholdengo
|
|upkeep
|
|t:|1769418414
|switch|p1a: Moltres|Moltres|22/100
|turn|11
|
|t:|1769418419
|switch|p2a: Keldeo|Keldeo-Resolute|100/100
|move|p1a: Moltres|Roost|p1a: Moltres
|-heal|p1a: Moltres|72/100
|-singleturn|p1a: Moltres|move: Roost
|
|upkeep
|turn|12
|
|t:|1769418432
|switch|p1a: Sinistcha|Sinistcha|100/100
|move|p2a: Keldeo|Surf|p1a: Sinistcha
|-resisted|p1a: Sinistcha
|-damage|p1a: Sinistcha|74/100
|
|upkeep
|turn|13
|
|t:|1769418439
|move|p2a: Keldeo|Flip Turn|p1a: Sinistcha
|-resisted|p1a: Sinistcha
|-damage|p1a: Sinistcha|69/100
|
|t:|1769418448
|switch|p2a: Scizor|Scizor, F|100/100|[from] Flip Turn
|move|p1a: Sinistcha|Matcha Gotcha|p2a: Scizor
|-resisted|p2a: Scizor
|-damage|p2a: Scizor|91/100
|-heal|p1a: Sinistcha|74/100|[from] drain|[of] p2a: Scizor
|
|upkeep
|turn|14
|
|t:|1769418462
|switch|p1a: Iron Treads|Iron Treads|98/100
|-damage|p1a: Iron Treads|95/100|[from] Stealth Rock
|-item|p1a: Iron Treads|Air Balloon
|move|p2a: Scizor|Knock Off|p1a: Iron Treads
|-crit|p1a: Iron Treads
|-damage|p1a: Iron Treads|50/100
|-enditem|p1a: Iron Treads|Air Balloon
|
|upkeep
|turn|15
|
|t:|1769418473
|move|p1a: Iron Treads|Rapid Spin|p2a: Scizor
|-resisted|p2a: Scizor
|-damage|p2a: Scizor|84/100
|-boost|p1a: Iron Treads|spe|1
|-sideend|p1: parenting|Stealth Rock|[from] move: Rapid Spin|[of] p1a: Iron Treads
|move|p2a: Scizor|U-turn|p1a: Iron Treads
|-resisted|p1a: Iron Treads
|-damage|p1a: Iron Treads|34/100
|
|t:|1769418475
|switch|p2a: Cobalion|Cobalion|100/100|[from] U-turn
|
|upkeep
|turn|16
|
|t:|1769418481
|move|p1a: Iron Treads|Earthquake|p2a: Cobalion
|-supereffective|p2a: Cobalion
|-damage|p2a: Cobalion|33/100
|move|p2a: Cobalion|Stealth Rock|p1a: Iron Treads
|-sidestart|p1: parenting|move: Stealth Rock
|
|-heal|p2a: Cobalion|39/100|[from] item: Leftovers
|upkeep
|turn|17
|
|t:|1769418489
|-terastallize|p2a: Cobalion|Ghost
|move|p1a: Iron Treads|Rapid Spin|p2a: Cobalion
|-immune|p2a: Cobalion
|move|p2a: Cobalion|Close Combat|p1a: Iron Treads
|-supereffective|p1a: Iron Treads
|-damage|p1a: Iron Treads|0 fnt
|-unboost|p2a: Cobalion|def|1
|-unboost|p2a: Cobalion|spd|1
|faint|p1a: Iron Treads
|-end|p1a: Iron Treads|Quark Drive|[silent]
|
|-heal|p2a: Cobalion|45/100|[from] item: Leftovers
|upkeep
|
|t:|1769418496
|switch|p1a: Samurott|Samurott-Hisui, M|100/100
|-damage|p1a: Samurott|88/100|[from] Stealth Rock
|turn|18
|
|t:|1769418502
|move|p1a: Samurott|Ceaseless Edge|p2a: Cobalion
|-supereffective|p2a: Cobalion
|-damage|p2a: Cobalion|0 fnt
|-sidestart|p2: Touftouf37|Spikes
|faint|p2a: Cobalion
|
|upkeep
|
|t:|1769418510
|switch|p2a: Rillaboom|Rillaboom, M|100/100
|-damage|p2a: Rillaboom|88/100|[from] Spikes
|-fieldstart|move: Grassy Terrain|[from] ability: Grassy Surge|[of] p2a: Rillaboom
|turn|19
|
|t:|1769418518
|switch|p1a: Moltres|Moltres|72/100
|move|p2a: Rillaboom|U-turn|p1a: Moltres
|-resisted|p1a: Moltres
|-damage|p1a: Moltres|68/100
|
|t:|1769418522
|switch|p2a: Keldeo|Keldeo-Resolute|100/100|[from] U-turn
|
|upkeep
|turn|20
|
|t:|1769418529
|switch|p1a: Sinistcha|Sinistcha|74/100
|move|p2a: Keldeo|Surf|p1a: Sinistcha
|-resisted|p1a: Sinistcha
|-damage|p1a: Sinistcha|47/100
|
|-heal|p1a: Sinistcha|54/100|[from] Grassy Terrain
|upkeep
|turn|21
|
|t:|1769418535
|switch|p2a: Scizor|Scizor, F|84/100
|move|p1a: Sinistcha|Strength Sap|p2a: Scizor
|-unboost|p2a: Scizor|atk|1
|-heal|p1a: Sinistcha|100/100
|
|-heal|p2a: Scizor|91/100|[from] Grassy Terrain
|upkeep
|turn|22
|
|t:|1769418548
|switch|p1a: Ting-Lu|Ting-Lu|100/100
|-damage|p1a: Ting-Lu|94/100|[from] Stealth Rock
|-ability|p1a: Ting-Lu|Vessel of Ruin
|move|p2a: Scizor|Knock Off|p1a: Ting-Lu
|-resisted|p1a: Ting-Lu
|-damage|p1a: Ting-Lu|87/100
|-enditem|p1a: Ting-Lu|Leftovers|[from] move: Knock Off|[of] p2a: Scizor
|
|-heal|p2a: Scizor|97/100|[from] Grassy Terrain
|-heal|p1a: Ting-Lu|93/100|[from] Grassy Terrain
|upkeep
|turn|23
|
|t:|1769418554
|move|p2a: Scizor|U-turn|p1a: Ting-Lu
|-supereffective|p1a: Ting-Lu
|-damage|p1a: Ting-Lu|65/100
|
|t:|1769418558
|switch|p2a: Rillaboom|Rillaboom, M|88/100|[from] U-turn
|-damage|p2a: Rillaboom|76/100|[from] Spikes
|move|p1a: Ting-Lu|Stealth Rock|p2a: Rillaboom
|-sidestart|p2: Touftouf37|move: Stealth Rock
|
|-heal|p2a: Rillaboom|82/100|[from] Grassy Terrain
|-heal|p1a: Ting-Lu|72/100|[from] Grassy Terrain
|-fieldend|move: Grassy Terrain
|upkeep
|turn|24
|
|t:|1769418565
|move|p2a: Rillaboom|U-turn|p1a: Ting-Lu
|-supereffective|p1a: Ting-Lu
|-damage|p1a: Ting-Lu|47/100
|
|t:|1769418571
|switch|p2a: Scizor|Scizor, F|97/100|[from] U-turn
|move|p1a: Ting-Lu|Whirlwind|p2a: Scizor
|drag|p2a: Keldeo|Keldeo-Resolute|100/100
|
|upkeep
|turn|25
|
|t:|1769418579
|move|p2a: Keldeo|Flip Turn|p1a: Ting-Lu
|-supereffective|p1a: Ting-Lu
|-damage|p1a: Ting-Lu|31/100
|
|t:|1769418584
|switch|p2a: Scizor|Scizor, F|97/100|[from] Flip Turn
|move|p1a: Ting-Lu|Earthquake|p2a: Scizor
|-damage|p2a: Scizor|61/100
|
|upkeep
|turn|26
|
|t:|1769418594
|switch|p1a: Moltres|Moltres|68/100
|move|p2a: Scizor|U-turn|p1a: Moltres
|-resisted|p1a: Moltres
|-damage|p1a: Moltres|61/100
|
|t:|1769418599
|switch|p2a: Raging Bolt|Raging Bolt|100/100|[from] U-turn
|-damage|p2a: Raging Bolt|88/100|[from] Spikes
|-damage|p2a: Raging Bolt|76/100|[from] Stealth Rock
|-enditem|p2a: Raging Bolt|Booster Energy
|-activate|p2a: Raging Bolt|ability: Protosynthesis|[fromitem]
|-start|p2a: Raging Bolt|protosynthesisspa
|
|upkeep
|turn|27
|
|t:|1769418607
|switch|p1a: Ting-Lu|Ting-Lu|31/100
|-damage|p1a: Ting-Lu|25/100|[from] Stealth Rock
|-ability|p1a: Ting-Lu|Vessel of Ruin
|move|p2a: Raging Bolt|Dragon Pulse|p1a: Ting-Lu
|-crit|p1a: Ting-Lu
|-damage|p1a: Ting-Lu|0 fnt
|faint|p1a: Ting-Lu
|
|upkeep
|
|t:|1769418617
|switch|p1a: Sinistcha|Sinistcha|100/100
|turn|28
|
|t:|1769418631
|move|p2a: Raging Bolt|Dragon Pulse|p1a: Sinistcha
|-damage|p1a: Sinistcha|28/100
|move|p1a: Sinistcha|Calm Mind|p1a: Sinistcha
|-boost|p1a: Sinistcha|spa|1
|-boost|p1a: Sinistcha|spd|1
|
|upkeep
|turn|29
|-message|parenting forfeited.
|
|win|Touftouf37
|raw|parenting's rating: 1279 &rarr; <strong>1255</strong><br />(-24 for losing)
|raw|Touftouf37's rating: 1287 &rarr; <strong>1311</strong><br />(+24 for winning)
|l|☆parenting
|player|p1|
|l|☆Touftouf37
|player|p2|
