|j|☆test_luke
|j|☆undftd1
|t:|1769446121
|gametype|singles
|player|p1|test_luke|winona|1396
|player|p2|undftd1|169|1373
|gen|9
|tier|[Gen 9] OU
|rated|
|rule|HP Percentage Mod: HP is shown in percentages
|rule|Endless Battle Clause: Forcing endless battles is banned
|rule|Species Clause: Limit one of each Pokémon
|rule|OHKO Clause: OHKO moves are banned
|rule|Evasion Items Clause: Evasion items are banned
|rule|Evasion Moves Clause: Evasion moves are banned
|rule|Evasion Abilities Clause: Evasion abilities are banned
|rule|Sleep Moves Clause: Sleep-inducing moves are banned
|clearpoke
|poke|p1|Dragapult, F|
|poke|p1|Slither Wing|
|poke|p1|Heatran, M|
|poke|p1|Zapdos|
|poke|p1|Great Tusk|
|poke|p1|Primarina, M|
|poke|p2|Raging Bolt|
|poke|p2|Landorus-Therian, M|
|poke|p2|Darkrai|
|poke|p2|Torkoal, M|
|poke|p2|Zapdos|
|poke|p2|Walking Wake|
|teampreview
|inactive|Battle timer is ON: inactive players will automatically lose when time's up. (requested by test_luke)
|
|t:|1769446181
|teamsize|p1|6
|teamsize|p2|6
|start
|switch|p1a: Primarina|Primarina, M, shiny|100/100
|switch|p2a: Torkoal|Torkoal, M|100/100
|-weather|SunnyDay|[from] ability: Drought|[of] p2a: Torkoal
|turn|1
|
|t:|1769446184
|move|p1a: Primarina|Substitute|p1a: Primarina
|-start|p1a: Primarina|Substitute
|-damage|p1a: Primarina|76/100
|move|p2a: Torkoal|Stealth Rock|p1a: Primarina
|-sidestart|p1: test_luke|move: Stealth Rock
|
|-weather|SunnyDay|[upkeep]
|-heal|p1a: Primarina|82/100|[from] item: Leftovers
|upkeep
|turn|2
|
|t:|1769446190
|move|p1a: Primarina|Psychic Noise|p2a: Torkoal
|-supereffective|p2a: Torkoal
|-damage|p2a: Torkoal|52/100
|-start|p2a: Torkoal|move: Heal Block
|move|p2a: Torkoal|Clear Smog|p1a: Primarina
|-supereffective|p1a: Primarina
|-activate|p1a: Primarina|move: Substitute|[damage]
|
|-weather|SunnyDay|[upkeep]
|-heal|p1a: Primarina|88/100|[from] item: Leftovers
|upkeep
|turn|3
|
|t:|1769446199
|move|p1a: Primarina|Substitute|p1a: Primarina
|-fail|p1a: Primarina|move: Substitute
|move|p2a: Torkoal|Clear Smog|p1a: Primarina
|-supereffective|p1a: Primarina
|-end|p1a: Primarina|Substitute
|
|-weather|SunnyDay|[upkeep]
|-heal|p1a: Primarina|94/100|[from] item: Leftovers
|-end|p2a: Torkoal|move: Heal Block
|upkeep
|turn|4
|
|t:|1769446223
|switch|p2a: Zapdos|Zapdos, shiny|100/100
|move|p1a: Primarina|Substitute|p1a: Primarina
|-start|p1a: Primarina|Substitute
|-damage|p1a: Primarina|69/100
|
|-weather|SunnyDay|[upkeep]
|-heal|p1a: Primarina|75/100|[from] item: Leftovers
|upkeep
|turn|5
|
|t:|1769446233
|move|p2a: Zapdos|Volt Switch|p1a: Primarina
|-supereffective|p1a: Primarina
|-end|p1a: Primarina|Substitute
|
|t:|1769446238
|switch|p2a: Torkoal|Torkoal, M|52/100|[from] Volt Switch
|move|p1a: Primarina|Psychic Noise|p2a: Torkoal
|-supereffective|p2a: Torkoal
|-damage|p2a: Torkoal|9/100
|-start|p2a: Torkoal|move: Heal Block
|
|-weather|SunnyDay|[upkeep]
|-heal|p1a: Primarina|81/100|[from] item: Leftovers
|upkeep
|turn|6
|
|t:|1769446245
|move|p1a: Primarina|Substitute|p1a: Primarina
|-start|p1a: Primarina|Substitute
|-damage|p1a: Primarina|56/100
|move|p2a: Torkoal|Lava Plume|p1a: Primarina
|-resisted|p1a: Primarina
|-activate|p1a: Primarina|move: Substitute|[damage]
|
|-weather|SunnyDay|[upkeep]
|-heal|p1a: Primarina|62/100|[from] item: Leftovers
|-end|p2a: Torkoal|move: Heal Block
|upkeep
|turn|7
|
|t:|1769446254
|switch|p2a: Zapdos|Zapdos, shiny|100/100
|move|p1a: Primarina|Psychic Noise|p2a: Zapdos
|-damage|p2a: Zapdos|77/100
|-start|p2a: Zapdos|move: Heal Block
|
|-weather|SunnyDay|[upkeep]
|-heal|p1a: Primarina|68/100|[from] item: Leftovers
|upkeep
|turn|8
|
|t:|1769446258
|move|p2a: Zapdos|Volt Switch|p1a: Primarina
|-supereffective|p1a: Primarina
|-crit|p1a: Primarina
|-end|p1a: Primarina|Substitute
|
|t:|1769446273
|switch|p2a: Raging Bolt|Raging Bolt|100/100|[from] Volt Switch
|-activate|p2a: Raging Bolt|ability: Protosynthesis
|-start|p2a: Raging Bolt|protosynthesisspa
|move|p1a: Primarina|Substitute|p1a: Primarina
|-start|p1a: Primarina|Substitute
|-damage|p1a: Primarina|43/100
|
|-weather|none
|-end|p2a: Raging Bolt|Protosynthesis
|-heal|p1a: Primarina|49/100|[from] item: Leftovers
|upkeep
|turn|9
|
|t:|1769446281
|-end|p2a: Raging Bolt|Protosynthesis|[silent]
|switch|p2a: Torkoal|Torkoal, M|9/100
|-weather|SunnyDay|[from] ability: Drought|[of] p2a: Torkoal
|move|p1a: Primarina|Whirlpool|p2a: Torkoal
|-supereffective|p2a: Torkoal
|-damage|p2a: Torkoal|0 fnt
|faint|p2a: Torkoal
|
|-weather|SunnyDay|[upkeep]
|-heal|p1a: Primarina|55/100|[from] item: Leftovers
|upkeep
|
|t:|1769446285
|switch|p2a: Zapdos|Zapdos, shiny|77/100
|turn|10
|
|t:|1769446292
|move|p2a: Zapdos|Volt Switch|p1a: Primarina
|-supereffective|p1a: Primarina
|-end|p1a: Primarina|Substitute
|
|t:|1769446294
|switch|p2a: Landorus|Landorus-Therian, M, shiny|100/100|[from] Volt Switch
|-ability|p2a: Landorus|Intimidate|boost
|-unboost|p1a: Primarina|atk|1
|move|p1a: Primarina|Substitute|p1a: Primarina
|-start|p1a: Primarina|Substitute
|-damage|p1a: Primarina|30/100
|
|-weather|SunnyDay|[upkeep]
|-heal|p1a: Primarina|36/100|[from] item: Leftovers
|upkeep
|turn|11
|
|t:|1769446297
|move|p2a: Landorus|U-turn|p1a: Primarina
|-resisted|p1a: Primarina
|-activate|p1a: Primarina|move: Substitute|[damage]
|
|t:|1769446299
|switch|p2a: Zapdos|Zapdos, shiny|77/100|[from] U-turn
|move|p1a: Primarina|Psychic Noise|p2a: Zapdos
|-damage|p2a: Zapdos|55/100
|-start|p2a: Zapdos|move: Heal Block
|
|-weather|SunnyDay|[upkeep]
|-heal|p1a: Primarina|42/100|[from] item: Leftovers
|upkeep
|turn|12
|
|t:|1769446309
|move|p2a: Zapdos|Volt Switch|p1a: Primarina
|-supereffective|p1a: Primarina
|-end|p1a: Primarina|Substitute
|
|t:|1769446313
|switch|p2a: Raging Bolt|Raging Bolt|100/100|[from] Volt Switch
|-activate|p2a: Raging Bolt|ability: Protosynthesis
|-start|p2a: Raging Bolt|protosynthesisspa
|move|p1a: Primarina|Substitute|p1a: Primarina
|-start|p1a: Primarina|Substitute
|-damage|p1a: Primarina|17/100
|
|-weather|SunnyDay|[upkeep]
|-heal|p1a: Primarina|23/100|[from] item: Leftovers
|upkeep
|turn|13
|
|t:|1769446318
|move|p1a: Primarina|Whirlpool|p2a: Raging Bolt
|-resisted|p2a: Raging Bolt
|-damage|p2a: Raging Bolt|98/100
|-activate|p2a: Raging Bolt|move: Whirlpool|[of] p1a: Primarina
|move|p2a: Raging Bolt|Weather Ball|p1a: Primarina
|-resisted|p1a: Primarina
|-end|p1a: Primarina|Substitute
|
|-weather|SunnyDay|[upkeep]
|-heal|p1a: Primarina|29/100|[from] item: Leftovers
|-damage|p2a: Raging Bolt|85/100|[from] move: Whirlpool|[partiallytrapped]
|upkeep
|turn|14
|
|t:|1769446327
|move|p2a: Raging Bolt|Thunderclap||[still]
|-fail|p2a: Raging Bolt
|move|p1a: Primarina|Substitute|p1a: Primarina
|-start|p1a: Primarina|Substitute
|-damage|p1a: Primarina|4/100
|
|-weather|SunnyDay|[upkeep]
|-heal|p1a: Primarina|10/100|[from] item: Leftovers
|-damage|p2a: Raging Bolt|73/100|[from] move: Whirlpool|[partiallytrapped]
|upkeep
|turn|15
|
|t:|1769446329
|move|p1a: Primarina|Moonblast|p2a: Raging Bolt
|-supereffective|p2a: Raging Bolt
|-damage|p2a: Raging Bolt|8/100
|move|p2a: Raging Bolt|Weather Ball|p1a: Primarina
|-resisted|p1a: Primarina
|-end|p1a: Primarina|Substitute
|
|-weather|SunnyDay|[upkeep]
|-heal|p1a: Primarina|16/100|[from] item: Leftovers
|-damage|p2a: Raging Bolt|0 fnt|[from] move: Whirlpool|[partiallytrapped]
|faint|p2a: Raging Bolt
|-end|p2a: Raging Bolt|Protosynthesis|[silent]
|upkeep
|
|t:|1769446332
|switch|p2a: Zapdos|Zapdos, shiny|55/100
|turn|16
|
|t:|1769446340
|switch|p1a: Heatran|Heatran, M|100/100
|-damage|p1a: Heatran|88/100|[from] Stealth Rock
|move|p2a: Zapdos|Volt Switch|p1a: Heatran
|-damage|p1a: Heatran|65/100
|
|t:|1769446344
|switch|p2a: Walking Wake|Walking Wake|100/100|[from] Volt Switch
|-activate|p2a: Walking Wake|ability: Protosynthesis
|-start|p2a: Walking Wake|protosynthesisspa
|
|-weather|none
|-end|p2a: Walking Wake|Protosynthesis
|-heal|p1a: Heatran|71/100|[from] item: Leftovers
|upkeep
|turn|17
|
|t:|1769446349
|-terastallize|p1a: Heatran|Grass
|move|p2a: Walking Wake|Agility|p2a: Walking Wake
|-boost|p2a: Walking Wake|spe|2
|move|p1a: Heatran|Magma Storm|p2a: Walking Wake
|-resisted|p2a: Walking Wake
|-damage|p2a: Walking Wake|88/100
|-activate|p2a: Walking Wake|move: Magma Storm|[of] p1a: Heatran
|
|-heal|p1a: Heatran|77/100|[from] item: Leftovers
|-damage|p2a: Walking Wake|76/100|[from] move: Magma Storm|[partiallytrapped]
|upkeep
|turn|18
|
|t:|1769446359
|move|p2a: Walking Wake|Dragon Pulse|p1a: Heatran
|-crit|p1a: Heatran
|-damage|p1a: Heatran|23/100
|-damage|p2a: Walking Wake|66/100|[from] item: Life Orb
|move|p1a: Heatran|Earth Power|p2a: Walking Wake
|-damage|p2a: Walking Wake|37/100
|
|-heal|p1a: Heatran|29/100|[from] item: Leftovers
|-damage|p2a: Walking Wake|25/100|[from] move: Magma Storm|[partiallytrapped]
|upkeep
|turn|19
|
|t:|1769446362
|move|p2a: Walking Wake|Dragon Pulse|p1a: Heatran
|-damage|p1a: Heatran|0 fnt
|faint|p1a: Heatran
|-damage|p2a: Walking Wake|15/100|[from] item: Life Orb
|
|-end|p2a: Walking Wake|Magma Storm|[partiallytrapped]|[silent]
|upkeep
|
|t:|1769446365
|switch|p1a: Slither Wing|Slither Wing, shiny|100/100
|turn|20
|
|t:|1769446371
|move|p1a: Slither Wing|First Impression|p2a: Walking Wake
|-damage|p2a: Walking Wake|0 fnt
|faint|p2a: Walking Wake
|-end|p2a: Walking Wake|Protosynthesis|[silent]
|
|upkeep
|
|t:|1769446374
|switch|p2a: Landorus|Landorus-Therian, M, shiny|100/100
|-ability|p2a: Landorus|Intimidate|boost
|-unboost|p1a: Slither Wing|atk|1
|turn|21
|
|t:|1769446377
|-terastallize|p2a: Landorus|Fairy
|move|p2a: Landorus|Tera Blast|p1a: Slither Wing|[anim] Tera Blast Fairy
|-supereffective|p1a: Slither Wing
|-damage|p1a: Slither Wing|30/100
|move|p1a: Slither Wing|Will-O-Wisp|p2a: Landorus
|-status|p2a: Landorus|brn
|
|-damage|p2a: Landorus|95/100 brn|[from] brn
|upkeep
|turn|22
|
|t:|1769446387
|-end|p1a: Slither Wing|Protosynthesis|[silent]
|switch|p1a: Zapdos|Zapdos|100/100
|move|p2a: Landorus|Tera Blast|p1a: Zapdos|[anim] Tera Blast Fairy
|-damage|p1a: Zapdos|83/100
|
|-damage|p2a: Landorus|89/100 brn|[from] brn
|upkeep
|turn|23
|
|t:|1769446391
|move|p2a: Landorus|Tera Blast|p1a: Zapdos|[anim] Tera Blast Fairy
|-crit|p1a: Zapdos
|-damage|p1a: Zapdos|58/100
|move|p1a: Zapdos|Discharge|p2a: Landorus
|-damage|p2a: Landorus|49/100 brn
|
|-damage|p2a: Landorus|43/100 brn|[from] brn
|upkeep
|turn|24
|-message|undftd1 forfeited.
|
|win|test_luke
|raw|test_luke's rating: 1396 &rarr; <strong>1415</strong><br />(+19 for winning)
|raw|undftd1's rating: 1373 &rarr; <strong>1354</strong><br />(-19 for losing)
|l|☆undftd1
|player|p2|
