|j|☆Randamore
|j|☆CuyGa
|t:|1769446824
|gametype|singles
|player|p1|Randamore|acetrainer-gen2|1159
|player|p2|CuyGa|2|1153
|gen|9
|tier|[Gen 9] OU
|rated|
|rule|HP Percentage Mod: HP is shown in percentages
|rule|Endless Battle Clause: Forcing endless battles is banned
|rule|Species Clause: Limit one of each Pokémon
|rule|OHKO Clause: OHKO moves are banned
|rule|Evasion Items Clause: Evasion items are banned
|rule|Evasion Moves Clause: Evasion moves are banned
|rule|Evasion Abilities Clause: Evasion abilities are banned
|rule|Sleep Moves Clause: Sleep-inducing moves are banned
|clearpoke
|poke|p1|Houndoom, M|
|poke|p1|Flygon, F|
|poke|p1|Scizor, F|
|poke|p1|Umbreon, F|
|poke|p1|Hydrapple, F|
|poke|p1|Lanturn, M|
|poke|p2|Mienshao, F|
|poke|p2|Donphan, M|
|poke|p2|Chansey, F|
|poke|p2|Empoleon, F|
|poke|p2|Gliscor, M|
|poke|p2|Tyranitar, F|
|teampreview
|
|t:|1769446830
|teamsize|p1|6
|teamsize|p2|6
|start
|switch|p1a: Scizor|Scizor, F|100/100
|switch|p2a: Homura Akemi|Mienshao, F|100/100
|turn|1
|
|t:|1769446845
|move|p2a: Homura Akemi|Fake Out|p1a: Scizor
|-resisted|p1a: Scizor
|-damage|p1a: Scizor|92/100
|-damage|p2a: Homura Akemi|91/100|[from] item: Life Orb
|cant|p1a: Scizor|flinch
|
|upkeep
|turn|2
|
|t:|1769446852
|switch|p2a: Gliscor|Gliscor, M|100/100
|move|p1a: Scizor|Knock Off|p2a: Gliscor
|-damage|p2a: Gliscor|64/100
|-enditem|p2a: Gliscor|Toxic Orb|[from] move: Knock Off|[of] p1a: Scizor
|-damage|p1a: Scizor|82/100|[from] item: Life Orb
|
|upkeep
|turn|3
|
|t:|1769446871
|switch|p1a: Lanturn|Lanturn, M|100/100
|move|p2a: Gliscor|Earthquake|p1a: Lanturn
|-supereffective|p1a: Lanturn
|-damage|p1a: Lanturn|10/100
|
|upkeep
|turn|4
|
|t:|1769446881
|switch|p2a: Madoka Kaname|Chansey, F|100/100
|switch|p1a: Flygon|Flygon, F|100/100
|
|upkeep
|turn|5
|
|t:|1769446890
|switch|p2a: Demoledor|Donphan, M|100/100
|move|p1a: Flygon|First Impression|p2a: Demoledor
|-damage|p2a: Demoledor|81/100
|
|-heal|p2a: Demoledor|88/100|[from] item: Leftovers
|upkeep
|turn|6
|
|t:|1769446897
|switch|p1a: Hydrapple|Hydrapple, F|100/100
|move|p2a: Demoledor|Ice Shard|p1a: Hydrapple
|-supereffective|p1a: Hydrapple
|-damage|p1a: Hydrapple|60/100
|
|-heal|p2a: Demoledor|94/100|[from] item: Leftovers
|-heal|p1a: Hydrapple|66/100|[from] item: Leftovers
|upkeep
|turn|7
|
|t:|1769446907
|switch|p2a: Empoleon|Empoleon, F|100/100
|move|p1a: Hydrapple|Energy Ball|p2a: Empoleon
|-damage|p2a: Empoleon|54/100
|
|-heal|p2a: Empoleon|60/100|[from] item: Leftovers
|-heal|p1a: Hydrapple|72/100|[from] item: Leftovers
|upkeep
|turn|8
|
|t:|1769446917
|switch|p1a: Umbreon|Umbreon, F|100/100
|move|p2a: Empoleon|Roost|p2a: Empoleon
|-heal|p2a: Empoleon|100/100
|-singleturn|p2a: Empoleon|move: Roost
|
|upkeep
|turn|9
|
|t:|1769446925
|move|p2a: Empoleon|Vacuum Wave|p1a: Umbreon
|-supereffective|p1a: Umbreon
|-damage|p1a: Umbreon|85/100
|move|p1a: Umbreon|Wish|p1a: Umbreon
|
|-heal|p1a: Umbreon|91/100|[from] item: Leftovers
|upkeep
|turn|10
|
|t:|1769446942
|switch|p1a: Scizor|Scizor, F|82/100
|move|p2a: Empoleon|Ice Beam|p1a: Scizor
|-resisted|p1a: Scizor
|-damage|p1a: Scizor|60/100
|
|-heal|p1a: Scizor|100/100|[from] move: Wish|[wisher] Umbreon
|upkeep
|turn|11
|
|t:|1769446950
|switch|p2a: Gliscor|Gliscor, M|64/100
|-terastallize|p1a: Scizor|Fighting
|move|p1a: Scizor|Close Combat|p2a: Gliscor
|-resisted|p2a: Gliscor
|-damage|p2a: Gliscor|34/100
|-unboost|p1a: Scizor|def|1
|-unboost|p1a: Scizor|spd|1
|-damage|p1a: Scizor|91/100|[from] item: Life Orb
|
|upkeep
|turn|12
|
|t:|1769446966
|switch|p1a: Hydrapple|Hydrapple, F|100/100
|move|p2a: Gliscor|Swords Dance|p2a: Gliscor
|-boost|p2a: Gliscor|atk|2
|
|upkeep
|turn|13
|
|t:|1769446971
|move|p2a: Gliscor|Earthquake|p1a: Hydrapple
|-resisted|p1a: Hydrapple
|-damage|p1a: Hydrapple|72/100
|move|p1a: Hydrapple|Energy Ball|p2a: Gliscor
|-damage|p2a: Gliscor|0 fnt
|faint|p2a: Gliscor
|
|-heal|p1a: Hydrapple|78/100|[from] item: Leftovers
|upkeep
|
|t:|1769446992
|switch|p2a: Empoleon|Empoleon, F|100/100
|turn|14
|
|t:|1769446996
|switch|p1a: Umbreon|Umbreon, F|91/100
|move|p2a: Empoleon|Surf|p1a: Umbreon
|-damage|p1a: Umbreon|68/100
|
|-heal|p1a: Umbreon|74/100|[from] item: Leftovers
|upkeep
|turn|15
|
|t:|1769447009
|switch|p2a: Persona 3|Tyranitar, F|100/100
|-weather|Sandstorm|[from] ability: Sand Stream|[of] p2a: Persona 3
|move|p1a: Umbreon|Toxic|p2a: Persona 3
|-status|p2a: Persona 3|tox
|
|-weather|Sandstorm|[upkeep]
|-damage|p1a: Umbreon|68/100|[from] Sandstorm
|-heal|p1a: Umbreon|74/100|[from] item: Leftovers
|-damage|p2a: Persona 3|94/100 tox|[from] psn
|upkeep
|turn|16
|
|t:|1769447021
|move|p1a: Umbreon|Foul Play|p2a: Persona 3
|-resisted|p2a: Persona 3
|-damage|p2a: Persona 3|74/100 tox
|move|p2a: Persona 3|Brick Break|p1a: Umbreon
|-supereffective|p1a: Umbreon
|-damage|p1a: Umbreon|31/100
|
|-weather|Sandstorm|[upkeep]
|-damage|p1a: Umbreon|25/100|[from] Sandstorm
|-heal|p1a: Umbreon|31/100|[from] item: Leftovers
|-damage|p2a: Persona 3|62/100 tox|[from] psn
|upkeep
|turn|17
|
|t:|1769447044
|switch|p2a: Demoledor|Donphan, M|94/100
|move|p1a: Umbreon|Protect||[still]
|-fail|p1a: Umbreon
|
|-weather|Sandstorm|[upkeep]
|-damage|p1a: Umbreon|25/100|[from] Sandstorm
|-heal|p1a: Umbreon|31/100|[from] item: Leftovers
|-heal|p2a: Demoledor|99/100|[from] item: Leftovers
|upkeep
|turn|18
|
|t:|1769447053
|switch|p1a: Hydrapple|Hydrapple, F|100/100
|switch|p2a: Persona 3|Tyranitar, F|62/100 tox
|
|-weather|Sandstorm|[upkeep]
|-damage|p1a: Hydrapple|94/100|[from] Sandstorm
|-heal|p1a: Hydrapple|100/100|[from] item: Leftovers
|-damage|p2a: Persona 3|56/100 tox|[from] psn
|upkeep
|turn|19
|
|t:|1769447062
|move|p1a: Hydrapple|Energy Ball|p2a: Persona 3
|-supereffective|p2a: Persona 3
|-damage|p2a: Persona 3|25/100 tox
|move|p2a: Persona 3|Avalanche|p1a: Hydrapple
|-supereffective|p1a: Hydrapple
|-crit|p1a: Hydrapple
|-damage|p1a: Hydrapple|0 fnt
|faint|p1a: Hydrapple
|
|-weather|none
|-damage|p2a: Persona 3|12/100 tox|[from] psn
|upkeep
|
|t:|1769447069
|switch|p1a: Scizor|Scizor, F, tera:Fighting|91/100
|turn|20
|
|t:|1769447074
|switch|p2a: Demoledor|Donphan, M|99/100
|move|p1a: Scizor|Bullet Punch|p2a: Demoledor
|-damage|p2a: Demoledor|69/100
|-damage|p1a: Scizor|81/100|[from] item: Life Orb
|
|-heal|p2a: Demoledor|75/100|[from] item: Leftovers
|upkeep
|turn|21
|
|t:|1769447100
|move|p1a: Scizor|Knock Off|p2a: Demoledor
|-damage|p2a: Demoledor|37/100
|-enditem|p2a: Demoledor|Leftovers|[from] move: Knock Off|[of] p1a: Scizor
|-damage|p1a: Scizor|71/100|[from] item: Life Orb
|move|p2a: Demoledor|Stone Edge|p1a: Scizor
|-resisted|p1a: Scizor
|-damage|p1a: Scizor|53/100
|
|upkeep
|turn|22
|
|t:|1769447124
|move|p1a: Scizor|Bug Bite|p2a: Demoledor
|-damage|p2a: Demoledor|0 fnt
|faint|p2a: Demoledor
|-damage|p1a: Scizor|43/100|[from] item: Life Orb
|
|upkeep
|
|t:|1769447130
|switch|p2a: Persona 3|Tyranitar, F|12/100 tox
|-weather|Sandstorm|[from] ability: Sand Stream|[of] p2a: Persona 3
|turn|23
|
|t:|1769447135
|move|p1a: Scizor|Bullet Punch|p2a: Persona 3
|-supereffective|p2a: Persona 3
|-damage|p2a: Persona 3|0 fnt
|faint|p2a: Persona 3
|-damage|p1a: Scizor|33/100|[from] item: Life Orb
|
|-weather|Sandstorm|[upkeep]
|-damage|p1a: Scizor|27/100|[from] Sandstorm
|upkeep
|
|t:|1769447158
|switch|p2a: Homura Akemi|Mienshao, F|100/100
|turn|24
|
|t:|1769447167
|switch|p1a: Flygon|Flygon, F|100/100
|move|p2a: Homura Akemi|Fake Out|p1a: Flygon
|-damage|p1a: Flygon|75/100
|-damage|p2a: Homura Akemi|91/100|[from] item: Life Orb
|
|-weather|Sandstorm|[upkeep]
|-damage|p2a: Homura Akemi|84/100|[from] Sandstorm
|upkeep
|turn|25
|
|t:|1769447182
|-terastallize|p2a: Homura Akemi|Fighting
|move|p2a: Homura Akemi|High Jump Kick|p1a: Flygon|[miss]
|-miss|p2a: Homura Akemi|p1a: Flygon
|-damage|p2a: Homura Akemi|34/100|[from] highjumpkick
|move|p1a: Flygon|Earthquake|p2a: Homura Akemi
|-damage|p2a: Homura Akemi|0 fnt
|faint|p2a: Homura Akemi
|
|-weather|Sandstorm|[upkeep]
|upkeep
|c|☆Randamore|gg
|-message|CuyGa forfeited.
|
|win|Randamore
|raw|Randamore's rating: 1159 &rarr; <strong>1184</strong><br />(+25 for winning)
|raw|CuyGa's rating: 1153 &rarr; <strong>1128</strong><br />(-25 for losing)
|l|☆CuyGa
|player|p2|
|l|☆Randamore
|player|p1|
