|j|☆Dillnchill
|j|☆yoyolord
|t:|1769404012
|gametype|singles
|player|p1|Dillnchill|170|1626
|player|p2|yoyolord|policeman-gen4|1579
|gen|9
|tier|[Gen 9] OU
|rated|
|rule|HP Percentage Mod: HP is shown in percentages
|rule|Endless Battle Clause: Forcing endless battles is banned
|rule|Species Clause: Limit one of each Pokémon
|rule|OHKO Clause: OHKO moves are banned
|rule|Evasion Items Clause: Evasion items are banned
|rule|Evasion Moves Clause: Evasion moves are banned
|rule|Evasion Abilities Clause: Evasion abilities are banned
|rule|Sleep Moves Clause: Sleep-inducing moves are banned
|clearpoke
|poke|p1|Tyranitar, F|
|poke|p1|Excadrill, M|
|poke|p1|Iron Valiant|
|poke|p1|Zapdos|
|poke|p1|Ogerpon, F|
|poke|p1|Toxapex, M|
|poke|p2|Volcanion|
|poke|p2|Slowking-Galar, M|
|poke|p2|Zamazenta-*|
|poke|p2|Corviknight, F|
|poke|p2|Hatterene, F|
|poke|p2|Ting-Lu|
|teampreview
|inactive|Battle timer is ON: inactive players will automatically lose when time's up. (requested by Dillnchill)
|
|t:|1769404048
|teamsize|p1|6
|teamsize|p2|6
|start
|switch|p1a: Ogerpon|Ogerpon, F|100/100
|switch|p2a: Volcanion|Volcanion|100/100
|turn|1
|j| Itz J
|inactive|yoyolord has 120 seconds left.
|
|t:|1769404091
|move|p1a: Ogerpon|Ivy Cudgel|p2a: Volcanion
|-damage|p2a: Volcanion|35/100
|move|p2a: Volcanion|Earth Power|p1a: Ogerpon
|-resisted|p1a: Ogerpon
|-damage|p1a: Ogerpon|70/100
|
|upkeep
|turn|2
|
|t:|1769404099
|switch|p2a: Slowking|Slowking-Galar, M, shiny|100/100
|move|p1a: Ogerpon|Ivy Cudgel|p2a: Slowking
|-resisted|p2a: Slowking
|-damage|p2a: Slowking|72/100
|
|-heal|p2a: Slowking|78/100|[from] item: Black Sludge
|upkeep
|turn|3
|
|t:|1769404103
|switch|p1a: Tyranitar|Tyranitar, F|100/100
|-weather|Sandstorm|[from] ability: Sand Stream|[of] p1a: Tyranitar
|move|p2a: Slowking|Trick|p1a: Tyranitar
|-activate|p2a: Slowking|move: Trick|[of] p1a: Tyranitar
|-item|p1a: Tyranitar|Black Sludge|[from] move: Trick
|-item|p2a: Slowking|Smooth Rock|[from] move: Trick
|
|-weather|Sandstorm|[upkeep]
|-damage|p2a: Slowking|72/100|[from] Sandstorm
|-damage|p1a: Tyranitar|88/100|[from] item: Black Sludge
|upkeep
|turn|4
|
|t:|1769404108
|switch|p2a: Hatterene|Hatterene, F|100/100
|move|p1a: Tyranitar|Knock Off|p2a: Hatterene
|-damage|p2a: Hatterene|58/100
|-damage|p1a: Tyranitar|72/100|[from] item: Rocky Helmet|[of] p2a: Hatterene
|-enditem|p2a: Hatterene|Rocky Helmet|[from] move: Knock Off|[of] p1a: Tyranitar
|
|-weather|Sandstorm|[upkeep]
|-damage|p2a: Hatterene|52/100|[from] Sandstorm
|-damage|p1a: Tyranitar|59/100|[from] item: Black Sludge
|upkeep
|turn|5
|
|t:|1769404124
|switch|p1a: Excadrill|Excadrill, M|100/100
|move|p2a: Hatterene|Pain Split|p1a: Excadrill
|-sethp|p1a: Excadrill|73/100|[from] move: Pain Split|[silent]
|-sethp|p2a: Hatterene|83/100|[from] move: Pain Split
|
|-weather|Sandstorm|[upkeep]
|-damage|p2a: Hatterene|77/100|[from] Sandstorm
|-heal|p1a: Excadrill|79/100|[from] item: Leftovers
|upkeep
|turn|6
|
|t:|1769404130
|switch|p2a: Corviknight|Corviknight, F, shiny|100/100
|-ability|p2a: Corviknight|Pressure
|move|p1a: Excadrill|Earthquake|p2a: Corviknight
|-immune|p2a: Corviknight
|
|-weather|Sandstorm|[upkeep]
|-heal|p1a: Excadrill|85/100|[from] item: Leftovers
|upkeep
|turn|7
|
|t:|1769404134
|switch|p1a: Zapdos|Zapdos|100/100
|switch|p2a: Slowking|Slowking-Galar, M, shiny|100/100
|
|-weather|Sandstorm|[upkeep]
|-damage|p1a: Zapdos|94/100|[from] Sandstorm
|-damage|p2a: Slowking|94/100|[from] Sandstorm
|upkeep
|turn|8
|
|t:|1769404144
|move|p1a: Zapdos|Volt Switch|p2a: Slowking
|-damage|p2a: Slowking|69/100
|
|t:|1769404148
|switch|p1a: Excadrill|Excadrill, M|85/100|[from] Volt Switch
|-prepare|p2a: Slowking|Chilly Reception|[premajor]
|move|p2a: Slowking|Chilly Reception|p2a: Slowking
|-weather|Snowscape
|
|t:|1769404155
|switch|p2a: Ting-Lu|Ting-Lu|100/100|[from] Chilly Reception
|-ability|p2a: Ting-Lu|Vessel of Ruin
|
|-weather|Snowscape|[upkeep]
|-heal|p1a: Excadrill|91/100|[from] item: Leftovers
|upkeep
|turn|9
|
|t:|1769404163
|switch|p1a: Ogerpon|Ogerpon, F|70/100
|move|p2a: Ting-Lu|Earthquake|p1a: Ogerpon
|-resisted|p1a: Ogerpon
|-damage|p1a: Ogerpon|46/100
|
|-weather|Snowscape|[upkeep]
|upkeep
|turn|10
|
|t:|1769404170
|switch|p1a: Zapdos|Zapdos|94/100
|switch|p2a: Corviknight|Corviknight, F, shiny|100/100
|-ability|p2a: Corviknight|Pressure
|
|-weather|Snowscape|[upkeep]
|upkeep
|turn|11
|
|t:|1769404174
|switch|p2a: Ting-Lu|Ting-Lu|100/100
|-ability|p2a: Ting-Lu|Vessel of Ruin
|move|p1a: Zapdos|Volt Switch|p2a: Ting-Lu
|-immune|p2a: Ting-Lu
|
|-weather|Snowscape|[upkeep]
|upkeep
|turn|12
|
|t:|1769404180
|switch|p2a: Slowking|Slowking-Galar, M, shiny|100/100
|move|p1a: Zapdos|Hurricane|p2a: Slowking
|-damage|p2a: Slowking|55/100
|
|-weather|none
|upkeep
|turn|13
|
|t:|1769404185
|move|p1a: Zapdos|Hurricane|p2a: Slowking|[miss]
|-miss|p1a: Zapdos|p2a: Slowking
|move|p2a: Slowking|Sludge Bomb|p1a: Zapdos
|-damage|p1a: Zapdos|57/100
|
|upkeep
|turn|14
|
|t:|1769404191
|move|p1a: Zapdos|Hurricane|p2a: Slowking
|-damage|p2a: Slowking|12/100
|move|p2a: Slowking|Sludge Bomb|p1a: Zapdos
|-damage|p1a: Zapdos|19/100
|
|upkeep
|turn|15
|
|t:|1769404198
|switch|p2a: Ting-Lu|Ting-Lu|100/100
|-ability|p2a: Ting-Lu|Vessel of Ruin
|move|p1a: Zapdos|Hurricane|p2a: Ting-Lu
|-damage|p2a: Ting-Lu|75/100
|-start|p2a: Ting-Lu|confusion
|
|-heal|p2a: Ting-Lu|81/100|[from] item: Leftovers
|upkeep
|turn|16
|
|t:|1769404207
|switch|p1a: Tyranitar|Tyranitar, F|59/100
|-weather|Sandstorm|[from] ability: Sand Stream|[of] p1a: Tyranitar
|-activate|p2a: Ting-Lu|confusion
|move|p2a: Ting-Lu|Earthquake|p1a: Tyranitar
|-supereffective|p1a: Tyranitar
|-damage|p1a: Tyranitar|0 fnt
|faint|p1a: Tyranitar
|
|-weather|Sandstorm|[upkeep]
|-heal|p2a: Ting-Lu|88/100|[from] item: Leftovers
|upkeep
|
|t:|1769404216
|switch|p1a: Iron Valiant|Iron Valiant|100/100
|turn|17
|
|t:|1769404231
|switch|p2a: Volcanion|Volcanion|35/100
|move|p1a: Iron Valiant|Moonblast|p2a: Volcanion
|-resisted|p2a: Volcanion
|-damage|p2a: Volcanion|0 fnt
|faint|p2a: Volcanion
|
|-weather|Sandstorm|[upkeep]
|-damage|p1a: Iron Valiant|94/100|[from] Sandstorm
|upkeep
|
|t:|1769404234
|switch|p2a: Slowking|Slowking-Galar, M, shiny|45/100
|turn|18
|
|t:|1769404248
|move|p1a: Iron Valiant|Moonblast|p2a: Slowking
|-resisted|p2a: Slowking
|-damage|p2a: Slowking|20/100
|-prepare|p2a: Slowking|Chilly Reception|[premajor]
|move|p2a: Slowking|Chilly Reception|p2a: Slowking
|-weather|Snowscape
|
|t:|1769404258
|switch|p2a: Ting-Lu|Ting-Lu|88/100|[from] Chilly Reception
|-ability|p2a: Ting-Lu|Vessel of Ruin
|
|-weather|Snowscape|[upkeep]
|-heal|p2a: Ting-Lu|94/100|[from] item: Leftovers
|upkeep
|turn|19
|
|t:|1769404262
|switch|p2a: Slowking|Slowking-Galar, M, shiny|53/100
|move|p1a: Iron Valiant|Moonblast|p2a: Slowking
|-resisted|p2a: Slowking
|-damage|p2a: Slowking|25/100
|
|-weather|Snowscape|[upkeep]
|upkeep
|turn|20
|
|t:|1769404272
|switch|p2a: Hatterene|Hatterene, F|77/100
|move|p1a: Iron Valiant|Moonblast|p2a: Hatterene
|-crit|p2a: Hatterene
|-damage|p2a: Hatterene|0 fnt
|faint|p2a: Hatterene
|
|-weather|Snowscape|[upkeep]
|upkeep
|
|t:|1769404275
|switch|p2a: Slowking|Slowking-Galar, M, shiny|59/100
|turn|21
|
|t:|1769404280
|-end|p1a: Iron Valiant|Quark Drive|[silent]
|switch|p1a: Toxapex|Toxapex, M, shiny|100/100
|move|p2a: Slowking|Sludge Bomb|p1a: Toxapex
|-resisted|p1a: Toxapex
|-damage|p1a: Toxapex|89/100
|-enditem|p1a: Toxapex|Eject Button
|
|t:|1769404295
|switch|p1a: Ogerpon|Ogerpon, F|46/100
|
|-weather|Snowscape|[upkeep]
|upkeep
|turn|22
|
|t:|1769404303
|switch|p2a: Corviknight|Corviknight, F, shiny|100/100
|-ability|p2a: Corviknight|Pressure
|move|p1a: Ogerpon|Knock Off|p2a: Corviknight
|-damage|p2a: Corviknight|71/100
|-damage|p1a: Ogerpon|30/100|[from] item: Rocky Helmet|[of] p2a: Corviknight
|-enditem|p2a: Corviknight|Rocky Helmet|[from] move: Knock Off|[of] p1a: Ogerpon
|
|-weather|none
|upkeep
|turn|23
|
|t:|1769404312
|switch|p1a: Zapdos|Zapdos|19/100
|switch|p2a: Slowking|Slowking-Galar, M, shiny|92/100
|
|upkeep
|turn|24
|
|t:|1769404321
|move|p1a: Zapdos|Volt Switch|p2a: Slowking
|-damage|p2a: Slowking|63/100
|
|t:|1769404325
|switch|p1a: Toxapex|Toxapex, M, shiny|100/100|[from] Volt Switch
|move|p2a: Slowking|Sludge Bomb|p1a: Toxapex
|-resisted|p1a: Toxapex
|-damage|p1a: Toxapex|88/100
|
|upkeep
|turn|25
|
|t:|1769404328
|move|p1a: Toxapex|Toxic Spikes|p2a: Slowking
|-sidestart|p2: yoyolord|move: Toxic Spikes
|move|p2a: Slowking|Future Sight|p1a: Toxapex
|-start|p2a: Slowking|move: Future Sight
|
|upkeep
|turn|26
|
|t:|1769404345
|switch|p1a: Ogerpon|Ogerpon, F|30/100
|move|p2a: Slowking|Sludge Bomb|p1a: Ogerpon
|-supereffective|p1a: Ogerpon
|-damage|p1a: Ogerpon|0 fnt
|faint|p1a: Ogerpon
|
|upkeep
|
|t:|1769404354
|switch|p1a: Zapdos|Zapdos|19/100
|turn|27
|
|t:|1769404365
|move|p1a: Zapdos|Hurricane|p2a: Slowking
|-damage|p2a: Slowking|22/100
|move|p2a: Slowking|Sludge Bomb|p1a: Zapdos
|-damage|p1a: Zapdos|0 fnt
|faint|p1a: Zapdos
|
|-hint|Future Sight did not hit because the target is fainted.
|upkeep
|
|t:|1769404374
|switch|p1a: Iron Valiant|Iron Valiant|94/100
|turn|28
|
|t:|1769404390
|switch|p2a: Zamazenta|Zamazenta|100/100
|-status|p2a: Zamazenta|psn
|-ability|p2a: Zamazenta|Dauntless Shield|boost
|-boost|p2a: Zamazenta|def|1
|move|p1a: Iron Valiant|Moonblast|p2a: Zamazenta
|-supereffective|p2a: Zamazenta
|-damage|p2a: Zamazenta|0 fnt
|faint|p2a: Zamazenta
|
|upkeep
|
|t:|1769404392
|switch|p2a: Ting-Lu|Ting-Lu|94/100
|-status|p2a: Ting-Lu|psn
|-ability|p2a: Ting-Lu|Vessel of Ruin
|turn|29
|
|t:|1769404404
|-end|p1a: Iron Valiant|Quark Drive|[silent]
|switch|p1a: Toxapex|Toxapex, M, shiny|100/100
|-terastallize|p2a: Ting-Lu|Poison
|move|p2a: Ting-Lu|Earthquake|p1a: Toxapex
|-supereffective|p1a: Toxapex
|-damage|p1a: Toxapex|45/100
|
|-heal|p2a: Ting-Lu|99/100 psn|[from] item: Leftovers
|-damage|p2a: Ting-Lu|88/100 psn|[from] psn
|upkeep
|turn|30
|
|t:|1769404410
|move|p2a: Ting-Lu|Earthquake|p1a: Toxapex
|-supereffective|p1a: Toxapex
|-damage|p1a: Toxapex|0 fnt
|faint|p1a: Toxapex
|
|-heal|p2a: Ting-Lu|94/100 psn|[from] item: Leftovers
|-damage|p2a: Ting-Lu|81/100 psn|[from] psn
|upkeep
|
|t:|1769404415
|switch|p1a: Excadrill|Excadrill, M|91/100
|turn|31
|
|t:|1769404418
|switch|p1a: Iron Valiant|Iron Valiant|94/100
|switch|p2a: Corviknight|Corviknight, F, shiny|71/100
|-ability|p2a: Corviknight|Pressure
|
|upkeep
|turn|32
|
|t:|1769404421
|switch|p2a: Slowking|Slowking-Galar, M, shiny|55/100
|-sideend|p2: yoyolord|move: Toxic Spikes|[of] p2a: Slowking
|move|p1a: Iron Valiant|Thunderbolt|p2a: Slowking
|-damage|p2a: Slowking|19/100
|
|upkeep
|turn|33
|
|t:|1769404426
|-end|p1a: Iron Valiant|Quark Drive|[silent]
|switch|p1a: Excadrill|Excadrill, M|91/100
|switch|p2a: Ting-Lu|Ting-Lu, tera:Poison|81/100 psn
|-ability|p2a: Ting-Lu|Vessel of Ruin
|
|-heal|p1a: Excadrill|97/100|[from] item: Leftovers
|-heal|p2a: Ting-Lu|88/100 psn|[from] item: Leftovers
|-damage|p2a: Ting-Lu|75/100 psn|[from] psn
|upkeep
|turn|34
|
|t:|1769404429
|switch|p1a: Iron Valiant|Iron Valiant|94/100
|switch|p2a: Corviknight|Corviknight, F, shiny|71/100
|-ability|p2a: Corviknight|Pressure
|
|upkeep
|turn|35
|
|t:|1769404436
|switch|p2a: Ting-Lu|Ting-Lu, tera:Poison|75/100 psn
|-ability|p2a: Ting-Lu|Vessel of Ruin
|move|p1a: Iron Valiant|Shadow Ball|p2a: Ting-Lu
|-damage|p2a: Ting-Lu|60/100 psn
|
|-heal|p2a: Ting-Lu|66/100 psn|[from] item: Leftovers
|-damage|p2a: Ting-Lu|53/100 psn|[from] psn
|upkeep
|turn|36
|
|t:|1769404455
|-end|p1a: Iron Valiant|Quark Drive|[silent]
|switch|p1a: Excadrill|Excadrill, M|97/100
|move|p2a: Ting-Lu|Rest|p2a: Ting-Lu
|-status|p2a: Ting-Lu|slp|[from] move: Rest
|-heal|p2a: Ting-Lu|100/100 slp|[silent]
|
|-heal|p1a: Excadrill|100/100|[from] item: Leftovers
|upkeep
|turn|37
|l|☆yoyolord
|inactive|yoyolord disconnected and has a minute to reconnect!
|player|p2|
|j|☆yoyolord
|inactive|yoyolord reconnected and has 140 seconds left.
|player|p2|yoyolord|policeman-gen4|
|
|t:|1769404467
|switch|p1a: Iron Valiant|Iron Valiant|94/100
|switch|p2a: Corviknight|Corviknight, F, shiny|71/100
|-ability|p2a: Corviknight|Pressure
|
|upkeep
|turn|38
|
|t:|1769404477
|switch|p2a: Ting-Lu|Ting-Lu, tera:Poison|100/100 slp
|-ability|p2a: Ting-Lu|Vessel of Ruin
|move|p1a: Iron Valiant|Thunderbolt|p2a: Ting-Lu
|-damage|p2a: Ting-Lu|82/100 slp
|
|-heal|p2a: Ting-Lu|88/100 slp|[from] item: Leftovers
|upkeep
|turn|39
|
|t:|1769404483
|-end|p1a: Iron Valiant|Quark Drive|[silent]
|switch|p1a: Excadrill|Excadrill, M|100/100
|cant|p2a: Ting-Lu|slp
|move|p2a: Ting-Lu|Sleep Talk|p2a: Ting-Lu
|move|p2a: Ting-Lu|Rest||[from] move: Sleep Talk|[still]
|-fail|p2a: Ting-Lu
|
|-heal|p2a: Ting-Lu|94/100 slp|[from] item: Leftovers
|upkeep
|turn|40
|
|t:|1769404489
|switch|p2a: Corviknight|Corviknight, F, shiny|71/100
|-ability|p2a: Corviknight|Pressure
|move|p1a: Excadrill|Substitute|p1a: Excadrill
|-start|p1a: Excadrill|Substitute
|-damage|p1a: Excadrill|76/100
|
|-heal|p1a: Excadrill|82/100|[from] item: Leftovers
|upkeep
|turn|41
|
|t:|1769404492
|move|p1a: Excadrill|Rock Slide|p2a: Corviknight
|-damage|p2a: Corviknight|52/100
|move|p2a: Corviknight|Iron Defense|p2a: Corviknight
|-boost|p2a: Corviknight|def|2
|
|-heal|p1a: Excadrill|88/100|[from] item: Leftovers
|upkeep
|turn|42
|
|t:|1769404497
|switch|p1a: Iron Valiant|Iron Valiant|94/100
|move|p2a: Corviknight|Roost|p2a: Corviknight
|-heal|p2a: Corviknight|100/100
|-singleturn|p2a: Corviknight|move: Roost
|
|upkeep
|turn|43
|
|t:|1769404501
|switch|p2a: Ting-Lu|Ting-Lu, tera:Poison|94/100 slp
|-ability|p2a: Ting-Lu|Vessel of Ruin
|move|p1a: Iron Valiant|Thunderbolt|p2a: Ting-Lu
|-damage|p2a: Ting-Lu|75/100 slp
|
|-heal|p2a: Ting-Lu|81/100 slp|[from] item: Leftovers
|upkeep
|turn|44
|
|t:|1769404503
|-end|p1a: Iron Valiant|Quark Drive|[silent]
|switch|p1a: Excadrill|Excadrill, M|88/100
|cant|p2a: Ting-Lu|slp
|move|p2a: Ting-Lu|Sleep Talk|p2a: Ting-Lu
|move|p2a: Ting-Lu|Payback|p1a: Excadrill|[from] move: Sleep Talk
|-damage|p1a: Excadrill|60/100
|
|-heal|p1a: Excadrill|66/100|[from] item: Leftovers
|-heal|p2a: Ting-Lu|87/100 slp|[from] item: Leftovers
|upkeep
|turn|45
|
|t:|1769404507
|switch|p2a: Corviknight|Corviknight, F, shiny|100/100
|-ability|p2a: Corviknight|Pressure
|move|p1a: Excadrill|Earthquake|p2a: Corviknight
|-immune|p2a: Corviknight
|
|-heal|p1a: Excadrill|72/100|[from] item: Leftovers
|upkeep
|turn|46
|
|t:|1769404510
|switch|p1a: Iron Valiant|Iron Valiant|94/100
|move|p2a: Corviknight|Body Press|p1a: Iron Valiant
|-resisted|p1a: Iron Valiant
|-damage|p1a: Iron Valiant|76/100
|
|upkeep
|turn|47
|
|t:|1769404523
|switch|p2a: Ting-Lu|Ting-Lu, tera:Poison|87/100 slp
|-ability|p2a: Ting-Lu|Vessel of Ruin
|move|p1a: Iron Valiant|Moonblast|p2a: Ting-Lu
|-resisted|p2a: Ting-Lu
|-damage|p2a: Ting-Lu|73/100 slp
|-unboost|p2a: Ting-Lu|spa|1
|
|-heal|p2a: Ting-Lu|79/100 slp|[from] item: Leftovers
|upkeep
|turn|48
|l| Itz J
|
|t:|1769404530
|-end|p1a: Iron Valiant|Quark Drive|[silent]
|switch|p1a: Excadrill|Excadrill, M|72/100
|-curestatus|p2a: Ting-Lu|slp|[msg]
|move|p2a: Ting-Lu|Earthquake|p1a: Excadrill
|-supereffective|p1a: Excadrill
|-damage|p1a: Excadrill|0 fnt
|faint|p1a: Excadrill
|
|-heal|p2a: Ting-Lu|85/100|[from] item: Leftovers
|upkeep
|
|t:|1769404534
|switch|p1a: Iron Valiant|Iron Valiant|76/100
|turn|49
|
|t:|1769404538
|-terastallize|p1a: Iron Valiant|Ghost
|move|p1a: Iron Valiant|Shadow Ball|p2a: Ting-Lu
|-damage|p2a: Ting-Lu|60/100
|move|p2a: Ting-Lu|Earthquake|p1a: Iron Valiant
|-crit|p1a: Iron Valiant
|-damage|p1a: Iron Valiant|0 fnt
|faint|p1a: Iron Valiant
|-end|p1a: Iron Valiant|Quark Drive|[silent]
|
|win|yoyolord
|raw|Dillnchill's rating: 1626 &rarr; <strong>1603</strong><br />(-23 for losing)
|raw|yoyolord's rating: 1579 &rarr; <strong>1602</strong><br />(+23 for winning)
|l|☆Dillnchill
|player|p1|
|l|☆yoyolord
|player|p2|
