|j|☆P4t4tr4f1c0
|j|☆Schrosch
|t:|1769322542
|gametype|singles
|player|p1|P4t4tr4f1c0|2|1135
|player|p2|Schrosch|169|1151
|gen|9
|tier|[Gen 9] OU
|rated|
|rule|HP Percentage Mod: HP is shown in percentages
|rule|Endless Battle Clause: Forcing endless battles is banned
|rule|Species Clause: Limit one of each Pokémon
|rule|OHKO Clause: OHKO moves are banned
|rule|Evasion Items Clause: Evasion items are banned
|rule|Evasion Moves Clause: Evasion moves are banned
|rule|Evasion Abilities Clause: Evasion abilities are banned
|rule|Sleep Moves Clause: Sleep-inducing moves are banned
|clearpoke
|poke|p1|Tyranitar, M|
|poke|p1|Excadrill, F|
|poke|p1|Alomomola, F|
|poke|p1|Dragapult, F|
|poke|p1|Zapdos|
|poke|p1|Iron Valiant|
|poke|p2|Porygon-Z|
|poke|p2|Gardevoir, M|
|poke|p2|Probopass, F|
|poke|p2|Corviknight, F|
|poke|p2|Serperior, F|
|poke|p2|Flygon, M|
|teampreview
|
|t:|1769322554
|teamsize|p1|6
|teamsize|p2|6
|start
|switch|p1a: Shukaku|Tyranitar, M|100/100
|switch|p2a: Flygon|Flygon, M|100/100
|-weather|Sandstorm|[from] ability: Sand Stream|[of] p1a: Shukaku
|turn|1
|
|t:|1769322563
|move|p2a: Flygon|U-turn|p1a: Shukaku
|-supereffective|p1a: Shukaku
|-damage|p1a: Shukaku|70/100
|inactive|Battle timer is ON: inactive players will automatically lose when time's up. (requested by Schrosch)
|
|t:|1769322576
|switch|p2a: Corviknight|Corviknight, F|100/100|[from] U-turn
|-ability|p2a: Corviknight|Pressure
|move|p1a: Shukaku|Ice Punch|p2a: Corviknight
|-damage|p2a: Corviknight|87/100
|-damage|p1a: Shukaku|54/100|[from] item: Rocky Helmet|[of] p2a: Corviknight
|
|-weather|Sandstorm|[upkeep]
|upkeep
|turn|2
|
|t:|1769322586
|move|p2a: Corviknight|U-turn|p1a: Shukaku
|-supereffective|p1a: Shukaku
|-damage|p1a: Shukaku|30/100
|
|t:|1769322594
|switch|p2a: Probopass|Probopass, F|100/100|[from] U-turn
|move|p1a: Shukaku|Stealth Rock|p2a: Probopass
|-sidestart|p2: Schrosch|move: Stealth Rock
|
|-weather|Sandstorm|[upkeep]
|upkeep
|turn|3
|
|t:|1769322606
|switch|p1a: Alomomola|Alomomola, F|100/100
|move|p2a: Probopass|Body Press|p1a: Alomomola
|-damage|p1a: Alomomola|83/100
|
|-weather|Sandstorm|[upkeep]
|-damage|p1a: Alomomola|77/100|[from] Sandstorm
|upkeep
|turn|4
|
|t:|1769322619
|move|p2a: Probopass|Thunderbolt|p1a: Alomomola
|-supereffective|p1a: Alomomola
|-damage|p1a: Alomomola|38/100
|move|p1a: Alomomola|Scald|p2a: Probopass
|-supereffective|p2a: Probopass
|-damage|p2a: Probopass|86/100
|
|-weather|Sandstorm|[upkeep]
|-damage|p1a: Alomomola|32/100|[from] Sandstorm
|upkeep
|turn|5
|
|t:|1769322635
|move|p1a: Alomomola|Protect|p1a: Alomomola
|-singleturn|p1a: Alomomola|Protect
|move|p2a: Probopass|Thunderbolt|p1a: Alomomola
|-activate|p1a: Alomomola|move: Protect
|
|-weather|Sandstorm|[upkeep]
|-damage|p1a: Alomomola|26/100|[from] Sandstorm
|upkeep
|turn|6
|
|t:|1769322646
|switch|p1a: Zapdos|Zapdos|100/100
|move|p2a: Probopass|Body Press|p1a: Zapdos
|-resisted|p1a: Zapdos
|-damage|p1a: Zapdos|89/100
|
|-weather|Sandstorm|[upkeep]
|-damage|p1a: Zapdos|83/100|[from] Sandstorm
|upkeep
|turn|7
|
|t:|1769322658
|move|p1a: Zapdos|Hurricane|p2a: Probopass
|-resisted|p2a: Probopass
|-damage|p2a: Probopass|80/100
|move|p2a: Probopass|Meteor Beam||[still]
|-prepare|p2a: Probopass|Meteor Beam
|-boost|p2a: Probopass|spa|1
|-enditem|p2a: Probopass|Power Herb
|-anim|p2a: Probopass|Meteor Beam|p1a: Zapdos
|-supereffective|p1a: Zapdos
|-damage|p1a: Zapdos|0 fnt
|faint|p1a: Zapdos
|
|-weather|Sandstorm|[upkeep]
|upkeep
|
|t:|1769322679
|switch|p1a: Iron Valiant|Iron Valiant|100/100
|-enditem|p1a: Iron Valiant|Booster Energy
|-activate|p1a: Iron Valiant|ability: Quark Drive|[fromitem]
|-start|p1a: Iron Valiant|quarkdrivespe
|turn|8
|
|t:|1769322696
|-terastallize|p2a: Probopass|Flying
|move|p1a: Iron Valiant|Focus Blast|p2a: Probopass
|-resisted|p2a: Probopass
|-damage|p2a: Probopass|59/100
|move|p2a: Probopass|Thunderbolt|p1a: Iron Valiant
|-damage|p1a: Iron Valiant|49/100
|
|-weather|none
|upkeep
|turn|9
|
|t:|1769322707
|move|p1a: Iron Valiant|Destiny Bond|p1a: Iron Valiant
|-singlemove|p1a: Iron Valiant|Destiny Bond
|move|p2a: Probopass|Thunderbolt|p1a: Iron Valiant
|-damage|p1a: Iron Valiant|0 fnt
|faint|p1a: Iron Valiant
|-activate|p1a: Iron Valiant|move: Destiny Bond
|-end|p1a: Iron Valiant|Quark Drive|[silent]
|faint|p2a: Probopass
|
|upkeep
|
|t:|1769322727
|switch|p1a: Alomomola|Alomomola, F|59/100
|switch|p2a: Serperior|Serperior, F|100/100
|-damage|p2a: Serperior|88/100|[from] Stealth Rock
|turn|10
|
|t:|1769322740
|move|p1a: Alomomola|Protect|p1a: Alomomola
|-singleturn|p1a: Alomomola|Protect
|move|p2a: Serperior|Leaf Storm|p1a: Alomomola
|-activate|p1a: Alomomola|move: Protect
|
|upkeep
|turn|11
|
|t:|1769322748
|switch|p1a: Dragapult|Dragapult, F|100/100
|move|p2a: Serperior|Leaf Storm|p1a: Dragapult
|-resisted|p1a: Dragapult
|-crit|p1a: Dragapult
|-damage|p1a: Dragapult|40/100
|-boost|p2a: Serperior|spa|2
|
|upkeep
|turn|12
|
|t:|1769322762
|move|p1a: Dragapult|Flamethrower|p2a: Serperior
|-supereffective|p2a: Serperior
|-damage|p2a: Serperior|0 fnt
|faint|p2a: Serperior
|
|upkeep
|
|t:|1769322772
|switch|p2a: Flygon|Flygon, M|100/100
|-damage|p2a: Flygon|95/100|[from] Stealth Rock
|turn|13
|
|t:|1769322789
|switch|p1a: Alomomola|Alomomola, F|93/100
|move|p2a: Flygon|First Impression|p1a: Alomomola
|-damage|p1a: Alomomola|78/100
|
|upkeep
|turn|14
|
|t:|1769322799
|move|p2a: Flygon|U-turn|p1a: Alomomola
|-damage|p1a: Alomomola|67/100
|
|t:|1769322802
|switch|p2a: Gardevoir|Gardevoir, M|100/100|[from] U-turn
|-damage|p2a: Gardevoir|88/100|[from] Stealth Rock
|-ability|p2a: Gardevoir|Regenerator|Trace|[from] ability: Trace|[of] p1a: Alomomola
|move|p1a: Alomomola|Wish|p1a: Alomomola
|
|upkeep
|turn|15
|
|t:|1769322814
|switch|p1a: Shukaku|Tyranitar, M|30/100
|-weather|Sandstorm|[from] ability: Sand Stream|[of] p1a: Shukaku
|move|p2a: Gardevoir|Substitute|p2a: Gardevoir
|-start|p2a: Gardevoir|Substitute
|-damage|p2a: Gardevoir|63/100
|
|-weather|Sandstorm|[upkeep]
|-damage|p2a: Gardevoir|57/100|[from] Sandstorm
|-heal|p1a: Shukaku|97/100|[from] move: Wish|[wisher] Alomomola
|upkeep
|turn|16
|
|t:|1769322829
|move|p2a: Gardevoir|Trick|p1a: Shukaku
|-activate|p2a: Gardevoir|move: Trick|[of] p1a: Shukaku
|-item|p1a: Shukaku|Pecha Berry|[from] move: Trick
|-item|p2a: Gardevoir|Smooth Rock|[from] move: Trick
|move|p1a: Shukaku|Knock Off|p2a: Gardevoir
|-end|p2a: Gardevoir|Substitute
|
|-weather|Sandstorm|[upkeep]
|-damage|p2a: Gardevoir|51/100|[from] Sandstorm
|upkeep
|turn|17
|
|t:|1769322846
|switch|p2a: Porygon-Z|Porygon-Z|100/100
|-damage|p2a: Porygon-Z|88/100|[from] Stealth Rock
|move|p1a: Shukaku|Knock Off|p2a: Porygon-Z
|-damage|p2a: Porygon-Z|30/100
|-enditem|p2a: Porygon-Z|Chople Berry|[from] move: Knock Off|[of] p1a: Shukaku
|
|-weather|Sandstorm|[upkeep]
|-damage|p2a: Porygon-Z|24/100|[from] Sandstorm
|upkeep
|turn|18
|
|t:|1769322865
|switch|p2a: Corviknight|Corviknight, F|87/100
|-damage|p2a: Corviknight|75/100|[from] Stealth Rock
|-ability|p2a: Corviknight|Pressure
|switch|p1a: Excadrill|Excadrill, F|100/100
|-item|p1a: Excadrill|Air Balloon
|
|-weather|Sandstorm|[upkeep]
|upkeep
|turn|19
|
|t:|1769322894
|move|p1a: Excadrill|Rock Slide|p2a: Corviknight|[miss]
|-miss|p1a: Excadrill|p2a: Corviknight
|move|p2a: Corviknight|U-turn|p1a: Excadrill
|-resisted|p1a: Excadrill
|-damage|p1a: Excadrill|90/100
|-enditem|p1a: Excadrill|Air Balloon
|inactive|Schrosch has 120 seconds left.
|
|t:|1769322906
|switch|p2a: Flygon|Flygon, M|95/100|[from] U-turn
|-damage|p2a: Flygon|89/100|[from] Stealth Rock
|
|-weather|Sandstorm|[upkeep]
|upkeep
|turn|20
|inactive|Schrosch has 120 seconds left.
|
|t:|1769322917
|move|p1a: Excadrill|Swords Dance|p1a: Excadrill
|-boost|p1a: Excadrill|atk|2
|move|p2a: Flygon|Earthquake|p1a: Excadrill
|-supereffective|p1a: Excadrill
|-damage|p1a: Excadrill|0 fnt
|faint|p1a: Excadrill
|
|-weather|Sandstorm|[upkeep]
|upkeep
|
|t:|1769322927
|switch|p1a: Dragapult|Dragapult, F|40/100
|turn|21
|inactive|Schrosch has 120 seconds left.
|
|t:|1769322947
|switch|p2a: Corviknight|Corviknight, F|75/100
|-damage|p2a: Corviknight|62/100|[from] Stealth Rock
|-ability|p2a: Corviknight|Pressure
|move|p1a: Dragapult|Draco Meteor|p2a: Corviknight
|-resisted|p2a: Corviknight
|-damage|p2a: Corviknight|23/100
|-unboost|p1a: Dragapult|spa|2
|
|-weather|Sandstorm|[upkeep]
|-damage|p1a: Dragapult|34/100|[from] Sandstorm
|upkeep
|turn|22
|inactive|Schrosch has 120 seconds left.
|
|t:|1769322959
|switch|p2a: Gardevoir|Gardevoir, M|84/100
|-damage|p2a: Gardevoir|71/100|[from] Stealth Rock
|-ability|p2a: Gardevoir|Infiltrator|Trace|[from] ability: Trace|[of] p1a: Dragapult
|move|p1a: Dragapult|Draco Meteor|p2a: Gardevoir
|-immune|p2a: Gardevoir
|
|-weather|none
|upkeep
|turn|23
|inactive|Schrosch has 120 seconds left.
|
|t:|1769322975
|switch|p1a: Alomomola|Alomomola, F|99/100
|move|p2a: Gardevoir|Moonblast|p1a: Alomomola
|-crit|p1a: Alomomola
|-damage|p1a: Alomomola|15/100
|-unboost|p1a: Alomomola|spa|1
|
|upkeep
|turn|24
|inactive|Schrosch has 120 seconds left.
|c|☆P4t4tr4f1c0|gg
|
|t:|1769322999
|move|p1a: Alomomola|Protect|p1a: Alomomola
|-singleturn|p1a: Alomomola|Protect
|move|p2a: Gardevoir|Moonblast|p1a: Alomomola
|-activate|p1a: Alomomola|move: Protect
|
|upkeep
|turn|25
|inactive|P4t4tr4f1c0 has 120 seconds left.
|
|t:|1769323038
|switch|p1a: Shukaku|Tyranitar, M|97/100
|-weather|Sandstorm|[from] ability: Sand Stream|[of] p1a: Shukaku
|move|p2a: Gardevoir|Moonblast|p1a: Shukaku
|-supereffective|p1a: Shukaku
|-damage|p1a: Shukaku|59/100
|
|-weather|Sandstorm|[upkeep]
|-damage|p2a: Gardevoir|65/100|[from] Sandstorm
|upkeep
|turn|26
|inactive|P4t4tr4f1c0 has 120 seconds left.
|inactive|Schrosch has 120 seconds left.
|inactive|Schrosch has 90 seconds left.
|
|t:|1769323073
|switch|p2a: Flygon|Flygon, M|89/100
|-damage|p2a: Flygon|83/100|[from] Stealth Rock
|move|p1a: Shukaku|Knock Off|p2a: Flygon
|-damage|p2a: Flygon|27/100
|-enditem|p2a: Flygon|Sitrus Berry|[from] move: Knock Off|[of] p1a: Shukaku
|
|-weather|Sandstorm|[upkeep]
|upkeep
|turn|27
|
|t:|1769323083
|move|p2a: Flygon|Earthquake|p1a: Shukaku
|-supereffective|p1a: Shukaku
|-damage|p1a: Shukaku|0 fnt
|faint|p1a: Shukaku
|
|-weather|Sandstorm|[upkeep]
|upkeep
|
|t:|1769323089
|switch|p1a: Dragapult|Dragapult, F|34/100
|turn|28
|
|t:|1769323101
|switch|p2a: Corviknight|Corviknight, F|23/100
|-damage|p2a: Corviknight|10/100|[from] Stealth Rock
|-ability|p2a: Corviknight|Pressure
|move|p1a: Dragapult|Shadow Ball|p2a: Corviknight
|-damage|p2a: Corviknight|0 fnt
|faint|p2a: Corviknight
|
|-weather|Sandstorm|[upkeep]
|-damage|p1a: Dragapult|28/100|[from] Sandstorm
|upkeep
|
|t:|1769323109
|switch|p2a: Porygon-Z|Porygon-Z|24/100
|-damage|p2a: Porygon-Z|12/100|[from] Stealth Rock
|turn|29
|inactive|P4t4tr4f1c0 has 120 seconds left.
|
|t:|1769323122
|move|p1a: Dragapult|Shadow Ball|p2a: Porygon-Z
|-immune|p2a: Porygon-Z
|move|p2a: Porygon-Z|Nasty Plot|p2a: Porygon-Z
|-boost|p2a: Porygon-Z|spa|2
|
|-weather|none
|upkeep
|turn|30
|
|t:|1769323130
|switch|p1a: Alomomola|Alomomola, F|48/100
|move|p2a: Porygon-Z|Thunderbolt|p1a: Alomomola
|-supereffective|p1a: Alomomola
|-damage|p1a: Alomomola|0 fnt
|faint|p1a: Alomomola
|
|upkeep
|
|t:|1769323133
|switch|p1a: Dragapult|Dragapult, F|28/100
|turn|31
|
|t:|1769323140
|move|p1a: Dragapult|Flamethrower|p2a: Porygon-Z
|-damage|p2a: Porygon-Z|0 fnt
|faint|p2a: Porygon-Z
|
|upkeep
|
|t:|1769323144
|switch|p2a: Flygon|Flygon, M|27/100
|-damage|p2a: Flygon|21/100|[from] Stealth Rock
|turn|32
|
|t:|1769323148
|move|p2a: Flygon|First Impression|p1a: Dragapult
|-resisted|p1a: Dragapult
|-damage|p1a: Dragapult|9/100
|move|p1a: Dragapult|Flamethrower|p2a: Flygon
|-resisted|p2a: Flygon
|-damage|p2a: Flygon|0 fnt
|faint|p2a: Flygon
|
|upkeep
|
|t:|1769323155
|switch|p2a: Gardevoir|Gardevoir, M|65/100
|-damage|p2a: Gardevoir|53/100|[from] Stealth Rock
|-ability|p2a: Gardevoir|Infiltrator|Trace|[from] ability: Trace|[of] p1a: Dragapult
|turn|33
|
|t:|1769323161
|move|p1a: Dragapult|Flamethrower|p2a: Gardevoir
|-damage|p2a: Gardevoir|18/100
|move|p2a: Gardevoir|Moonblast|p1a: Dragapult
|-supereffective|p1a: Dragapult
|-damage|p1a: Dragapult|0 fnt
|faint|p1a: Dragapult
|
|win|Schrosch
|raw|P4t4tr4f1c0's rating: 1135 &rarr; <strong>1113</strong><br />(-22 for losing)
|raw|Schrosch's rating: 1175 &rarr; <strong>1197</strong><br />(+22 for winning)
|c|☆Schrosch|gg
|l|☆P4t4tr4f1c0
|player|p1|
|l|☆Schrosch
|player|p2|
