|j|☆Supa Dupa Hoopa
|j|☆DeeDzss
|t:|1769321909
|gametype|singles
|player|p1|Supa Dupa Hoopa|102|1322
|player|p2|DeeDzss|lucas|1317
|gen|9
|tier|[Gen 9] OU
|rated|
|rule|HP Percentage Mod: HP is shown in percentages
|rule|Endless Battle Clause: Forcing endless battles is banned
|rule|Species Clause: Limit one of each Pokémon
|rule|OHKO Clause: OHKO moves are banned
|rule|Evasion Items Clause: Evasion items are banned
|rule|Evasion Moves Clause: Evasion moves are banned
|rule|Evasion Abilities Clause: Evasion abilities are banned
|rule|Sleep Moves Clause: Sleep-inducing moves are banned
|clearpoke
|poke|p1|Great Tusk|
|poke|p1|Dragapult, F|
|poke|p1|Corviknight, F|
|poke|p1|Alomomola, F|
|poke|p1|Meowscarada, F|
|poke|p1|Toxtricity-Low-Key, F|
|poke|p2|Hoopa-Unbound|
|poke|p2|Landorus-Therian, M|
|poke|p2|Weavile, M|
|poke|p2|Tyranitar, F|
|poke|p2|Excadrill, F|
|poke|p2|Okidogi, M|
|teampreview
|inactive|Battle timer is ON: inactive players will automatically lose when time's up. (requested by DeeDzss)
|
|t:|1769321918
|teamsize|p1|6
|teamsize|p2|6
|start
|switch|p1a: Meowscarada|Meowscarada, F|100/100
|switch|p2a: Weavile|Weavile, M|100/100
|-ability|p2a: Weavile|Pressure
|turn|1
|
|t:|1769321932
|move|p1a: Meowscarada|U-turn|p2a: Weavile
|-start|p1a: Meowscarada|typechange|Bug|[from] ability: Protean
|-supereffective|p2a: Weavile
|-damage|p2a: Weavile|0 fnt
|faint|p2a: Weavile
|
|t:|1769321938
|switch|p1a: Dragapult|Dragapult, F|100/100|[from] U-turn
|
|upkeep
|
|t:|1769321947
|switch|p2a: Landorus|Landorus-Therian, M|100/100
|-ability|p2a: Landorus|Intimidate|boost
|-fail|p1a: Dragapult|unboost|[from] ability: Clear Body|[of] p1a: Dragapult
|turn|2
|
|t:|1769321955
|switch|p1a: Great Tusk|Great Tusk|100/100
|-enditem|p1a: Great Tusk|Booster Energy
|-activate|p1a: Great Tusk|ability: Protosynthesis|[fromitem]
|-start|p1a: Great Tusk|protosynthesisatk
|move|p2a: Landorus|Stealth Rock|p1a: Great Tusk
|-sidestart|p1: Supa Dupa Hoopa|move: Stealth Rock
|
|upkeep
|turn|3
|
|t:|1769321965
|switch|p2a: Okidogi|Okidogi, M|100/100
|move|p1a: Great Tusk|Rapid Spin|p2a: Okidogi
|-damage|p2a: Okidogi|83/100
|-boost|p1a: Great Tusk|spe|1
|-sideend|p1: Supa Dupa Hoopa|Stealth Rock|[from] move: Rapid Spin|[of] p1a: Great Tusk
|
|-heal|p2a: Okidogi|89/100|[from] item: Leftovers
|upkeep
|turn|4
|
|t:|1769321978
|-terastallize|p2a: Okidogi|Water
|move|p1a: Great Tusk|Earthquake|p2a: Okidogi
|-damage|p2a: Okidogi|34/100
|move|p2a: Okidogi|Bulk Up|p2a: Okidogi
|-boost|p2a: Okidogi|atk|1
|-boost|p2a: Okidogi|def|1
|
|-heal|p2a: Okidogi|40/100|[from] item: Leftovers
|upkeep
|turn|5
|
|t:|1769321991
|-end|p1a: Great Tusk|Protosynthesis|[silent]
|switch|p1a: Meowscarada|Meowscarada, F|100/100
|move|p2a: Okidogi|Drain Punch|p1a: Meowscarada
|-supereffective|p1a: Meowscarada
|-damage|p1a: Meowscarada|0 fnt
|-heal|p2a: Okidogi|79/100|[from] drain|[of] p1a: Meowscarada
|faint|p1a: Meowscarada
|
|-heal|p2a: Okidogi|85/100|[from] item: Leftovers
|upkeep
|
|t:|1769322002
|switch|p1a: Corviknight|Corviknight, F|100/100
|-ability|p1a: Corviknight|Pressure
|turn|6
|
|t:|1769322008
|move|p2a: Okidogi|Bulk Up|p2a: Okidogi
|-boost|p2a: Okidogi|atk|1
|-boost|p2a: Okidogi|def|1
|move|p1a: Corviknight|Bulk Up|p1a: Corviknight
|-boost|p1a: Corviknight|atk|1
|-boost|p1a: Corviknight|def|1
|
|-heal|p2a: Okidogi|91/100|[from] item: Leftovers
|upkeep
|turn|7
|
|t:|1769322016
|move|p2a: Okidogi|Bulk Up|p2a: Okidogi
|-boost|p2a: Okidogi|atk|1
|-boost|p2a: Okidogi|def|1
|move|p1a: Corviknight|Bulk Up|p1a: Corviknight
|-boost|p1a: Corviknight|atk|1
|-boost|p1a: Corviknight|def|1
|
|-heal|p2a: Okidogi|97/100|[from] item: Leftovers
|upkeep
|turn|8
|
|t:|1769322023
|move|p2a: Okidogi|Bulk Up|p2a: Okidogi
|-boost|p2a: Okidogi|atk|1
|-boost|p2a: Okidogi|def|1
|move|p1a: Corviknight|Bulk Up|p1a: Corviknight
|-boost|p1a: Corviknight|atk|1
|-boost|p1a: Corviknight|def|1
|
|-heal|p2a: Okidogi|100/100|[from] item: Leftovers
|upkeep
|turn|9
|
|t:|1769322031
|move|p2a: Okidogi|Bulk Up|p2a: Okidogi
|-boost|p2a: Okidogi|atk|1
|-boost|p2a: Okidogi|def|1
|move|p1a: Corviknight|Bulk Up|p1a: Corviknight
|-boost|p1a: Corviknight|atk|1
|-boost|p1a: Corviknight|def|1
|
|upkeep
|turn|10
|
|t:|1769322037
|move|p2a: Okidogi|Bulk Up|p2a: Okidogi
|-boost|p2a: Okidogi|atk|1
|-boost|p2a: Okidogi|def|1
|move|p1a: Corviknight|Bulk Up|p1a: Corviknight
|-boost|p1a: Corviknight|atk|1
|-boost|p1a: Corviknight|def|1
|
|upkeep
|turn|11
|
|t:|1769322044
|move|p1a: Corviknight|Bulk Up|p1a: Corviknight
|-boost|p1a: Corviknight|atk|1
|-boost|p1a: Corviknight|def|1
|move|p2a: Okidogi|Roar|p1a: Corviknight
|drag|p1a: Alomomola|Alomomola, F|100/100
|
|upkeep
|turn|12
|
|t:|1769322052
|move|p2a: Okidogi|Drain Punch|p1a: Alomomola
|-damage|p1a: Alomomola|11/100
|move|p1a: Alomomola|Flip Turn|p2a: Okidogi
|-resisted|p2a: Okidogi
|-damage|p2a: Okidogi|99/100
|
|t:|1769322058
|switch|p1a: Dragapult|Dragapult, F|100/100|[from] Flip Turn
|
|-heal|p2a: Okidogi|100/100|[from] item: Leftovers
|upkeep
|turn|13
|
|t:|1769322064
|move|p1a: Dragapult|Draco Meteor|p2a: Okidogi
|-damage|p2a: Okidogi|27/100
|-unboost|p1a: Dragapult|spa|2
|move|p2a: Okidogi|Ice Punch|p1a: Dragapult
|-supereffective|p1a: Dragapult
|-damage|p1a: Dragapult|0 fnt
|faint|p1a: Dragapult
|
|-heal|p2a: Okidogi|33/100|[from] item: Leftovers
|upkeep
|
|t:|1769322075
|switch|p1a: Toxtricity|Toxtricity-Low-Key, F|100/100
|turn|14
|
|t:|1769322095
|move|p1a: Toxtricity|Boomburst|p2a: Okidogi
|-crit|p2a: Okidogi
|-damage|p2a: Okidogi|0 fnt
|faint|p2a: Okidogi
|
|upkeep
|
|t:|1769322102
|switch|p2a: Tyranitar|Tyranitar, F|100/100
|-weather|Sandstorm|[from] ability: Sand Stream|[of] p2a: Tyranitar
|turn|15
|
|t:|1769322119
|switch|p1a: Great Tusk|Great Tusk|100/100
|move|p2a: Tyranitar|Knock Off|p1a: Great Tusk
|-resisted|p1a: Great Tusk
|-damage|p1a: Great Tusk|89/100
|
|-weather|Sandstorm|[upkeep]
|upkeep
|turn|16
|
|t:|1769322139
|move|p1a: Great Tusk|Ice Spinner|p2a: Tyranitar
|-damage|p2a: Tyranitar|83/100
|move|p2a: Tyranitar|Ice Punch|p1a: Great Tusk
|-supereffective|p1a: Great Tusk
|-damage|p1a: Great Tusk|54/100
|-status|p1a: Great Tusk|frz
|
|-weather|Sandstorm|[upkeep]
|upkeep
|turn|17
|
|t:|1769322146
|cant|p1a: Great Tusk|frz
|move|p2a: Tyranitar|Ice Punch|p1a: Great Tusk
|-supereffective|p1a: Great Tusk
|-damage|p1a: Great Tusk|20/100 frz
|
|-weather|Sandstorm|[upkeep]
|upkeep
|turn|18
|
|t:|1769322152
|cant|p1a: Great Tusk|frz
|move|p2a: Tyranitar|Ice Punch|p1a: Great Tusk
|-supereffective|p1a: Great Tusk
|-damage|p1a: Great Tusk|0 fnt
|faint|p1a: Great Tusk
|-end|p1a: Great Tusk|Protosynthesis|[silent]
|
|-weather|Sandstorm|[upkeep]
|upkeep
|
|t:|1769322163
|switch|p1a: Corviknight|Corviknight, F|100/100
|-ability|p1a: Corviknight|Pressure
|turn|19
|
|t:|1769322169
|move|p2a: Tyranitar|Knock Off|p1a: Corviknight
|-damage|p1a: Corviknight|73/100
|-enditem|p1a: Corviknight|Leftovers|[from] move: Knock Off|[of] p2a: Tyranitar
|move|p1a: Corviknight|Bulk Up|p1a: Corviknight
|-boost|p1a: Corviknight|atk|1
|-boost|p1a: Corviknight|def|1
|
|-weather|Sandstorm|[upkeep]
|upkeep
|turn|20
|
|t:|1769322181
|move|p2a: Tyranitar|Thunder Wave|p1a: Corviknight
|-status|p1a: Corviknight|par
|move|p1a: Corviknight|Bulk Up|p1a: Corviknight
|-boost|p1a: Corviknight|atk|1
|-boost|p1a: Corviknight|def|1
|
|-weather|Sandstorm|[upkeep]
|upkeep
|turn|21
|
|t:|1769322192
|move|p2a: Tyranitar|Ice Punch|p1a: Corviknight
|-damage|p1a: Corviknight|66/100 par
|cant|p1a: Corviknight|par
|
|-weather|Sandstorm|[upkeep]
|upkeep
|turn|22
|
|t:|1769322198
|switch|p2a: Hoopa|Hoopa-Unbound|100/100
|cant|p1a: Corviknight|par
|
|-weather|none
|upkeep
|turn|23
|
|t:|1769322206
|move|p2a: Hoopa|Thunder Punch|p1a: Corviknight
|-supereffective|p1a: Corviknight
|-damage|p1a: Corviknight|45/100 par
|move|p1a: Corviknight|Roost|p1a: Corviknight
|-heal|p1a: Corviknight|95/100 par
|-singleturn|p1a: Corviknight|move: Roost
|
|upkeep
|turn|24
|
|t:|1769322215
|switch|p2a: Landorus|Landorus-Therian, M|100/100
|-ability|p2a: Landorus|Intimidate|boost
|-unboost|p1a: Corviknight|atk|1
|move|p1a: Corviknight|Bulk Up|p1a: Corviknight
|-boost|p1a: Corviknight|atk|1
|-boost|p1a: Corviknight|def|1
|
|upkeep
|turn|25
|
|t:|1769322226
|move|p2a: Landorus|Taunt|p1a: Corviknight
|-start|p1a: Corviknight|move: Taunt
|move|p1a: Corviknight|Power Trip|p2a: Landorus
|-damage|p2a: Landorus|41/100
|
|upkeep
|turn|26
|
|t:|1769322237
|move|p2a: Landorus|U-turn|p1a: Corviknight
|-resisted|p1a: Corviknight
|-damage|p1a: Corviknight|94/100 par
|
|t:|1769322241
|switch|p2a: Tyranitar|Tyranitar, F|83/100|[from] U-turn
|-weather|Sandstorm|[from] ability: Sand Stream|[of] p2a: Tyranitar
|cant|p1a: Corviknight|par
|
|-weather|Sandstorm|[upkeep]
|upkeep
|turn|27
|
|t:|1769322252
|switch|p2a: Landorus|Landorus-Therian, M|41/100
|-ability|p2a: Landorus|Intimidate|boost
|-unboost|p1a: Corviknight|atk|1
|move|p1a: Corviknight|Power Trip|p2a: Landorus
|-damage|p2a: Landorus|6/100
|
|-weather|Sandstorm|[upkeep]
|-end|p1a: Corviknight|move: Taunt
|upkeep
|turn|28
|
|t:|1769322261
|move|p2a: Landorus|Taunt|p1a: Corviknight
|-start|p1a: Corviknight|move: Taunt
|move|p1a: Corviknight|Body Press|p2a: Landorus
|-resisted|p2a: Landorus
|-damage|p2a: Landorus|0 fnt
|faint|p2a: Landorus
|
|-weather|Sandstorm|[upkeep]
|upkeep
|
|t:|1769322273
|switch|p2a: Excadrill|Excadrill, F|100/100
|-item|p2a: Excadrill|Air Balloon
|turn|29
|
|t:|1769322279
|move|p2a: Excadrill|Swords Dance|p2a: Excadrill
|-boost|p2a: Excadrill|atk|2
|cant|p1a: Corviknight|par
|
|-weather|Sandstorm|[upkeep]
|upkeep
|turn|30
|
|t:|1769322284
|move|p2a: Excadrill|Rock Slide|p1a: Corviknight
|-damage|p1a: Corviknight|78/100 par
|move|p1a: Corviknight|Body Press|p2a: Excadrill
|-supereffective|p2a: Excadrill
|-damage|p2a: Excadrill|0 fnt
|-enditem|p2a: Excadrill|Air Balloon
|faint|p2a: Excadrill
|
|-weather|Sandstorm|[upkeep]
|-end|p1a: Corviknight|move: Taunt
|upkeep
|-message|DeeDzss forfeited.
|
|win|Supa Dupa Hoopa
|raw|Supa Dupa Hoopa's rating: 1322 &rarr; <strong>1342</strong><br />(+20 for winning)
|raw|DeeDzss's rating: 1317 &rarr; <strong>1297</strong><br />(-20 for losing)
|l|☆DeeDzss
|player|p2|
|l|☆Supa Dupa Hoopa
|player|p1|
