|j|☆lunala_guy
|j|☆pobrelascado33
|t:|1769424519
|gametype|singles
|player|p1|lunala_guy|grimsley|1147
|player|p2|pobrelascado33|170|1141
|gen|9
|tier|[Gen 9] OU
|rated|
|rule|HP Percentage Mod: HP is shown in percentages
|rule|Endless Battle Clause: Forcing endless battles is banned
|rule|Species Clause: Limit one of each Pokémon
|rule|OHKO Clause: OHKO moves are banned
|rule|Evasion Items Clause: Evasion items are banned
|rule|Evasion Moves Clause: Evasion moves are banned
|rule|Evasion Abilities Clause: Evasion abilities are banned
|rule|Sleep Moves Clause: Sleep-inducing moves are banned
|clearpoke
|poke|p1|Typhlosion-Hisui, F|
|poke|p1|Enamorus, F|
|poke|p1|Latios, M|
|poke|p1|Raging Bolt|
|poke|p1|Excadrill, M|
|poke|p1|Zoroark-Hisui, F|
|poke|p2|Vespiquen, F|
|poke|p2|Combee, M|
|poke|p2|Great Tusk|
|poke|p2|Ceruledge, F|
|poke|p2|Ogerpon-Wellspring, F|
|poke|p2|Raging Bolt|
|teampreview
|inactive|Battle timer is ON: inactive players will automatically lose when time's up. (requested by pobrelascado33)
|inactive|lunala_guy also wants the timer to be on.
|c|☆lunala_guy|hi
|
|t:|1769424530
|teamsize|p1|6
|teamsize|p2|6
|start
|switch|p1a: Excadrill|Excadrill, M, shiny|100/100
|switch|p2a: Great Tusk|Great Tusk|100/100
|-enditem|p2a: Great Tusk|Booster Energy
|-activate|p2a: Great Tusk|ability: Protosynthesis|[fromitem]
|-start|p2a: Great Tusk|protosynthesisatk
|turn|1
|
|t:|1769424558
|move|p1a: Excadrill|Nasty Plot|p1a: Excadrill
|-boost|p1a: Excadrill|spa|2
|move|p2a: Great Tusk|Close Combat|p1a: Excadrill
|-immune|p1a: Excadrill
|
|upkeep
|turn|2
|
|t:|1769424566
|move|p1a: Excadrill|Nasty Plot|p1a: Excadrill
|-boost|p1a: Excadrill|spa|2
|move|p2a: Great Tusk|Headlong Rush|p1a: Excadrill
|-enditem|p1a: Excadrill|Focus Sash
|-damage|p1a: Excadrill|1/100
|-unboost|p2a: Great Tusk|def|1
|-unboost|p2a: Great Tusk|spd|1
|replace|p1a: Zoroark|Zoroark-Hisui, F
|-end|p1a: Zoroark|Illusion
|
|upkeep
|turn|3
|
|t:|1769424584
|move|p1a: Zoroark|Bitter Malice|p2a: Great Tusk
|-damage|p2a: Great Tusk|0 fnt
|faint|p2a: Great Tusk
|-end|p2a: Great Tusk|Protosynthesis|[silent]
|
|upkeep
|
|t:|1769424587
|switch|p2a: Raging Bolt|Raging Bolt|100/100
|turn|4
|
|t:|1769424615
|move|p2a: Raging Bolt|Thunderclap||[still]
|-fail|p2a: Raging Bolt
|move|p1a: Zoroark|Nasty Plot|p1a: Zoroark
|-boost|p1a: Zoroark|spa|2
|
|upkeep
|turn|5
|
|t:|1769424628
|move|p2a: Raging Bolt|Thunderclap|p1a: Zoroark
|-damage|p1a: Zoroark|0 fnt
|faint|p1a: Zoroark
|
|upkeep
|
|t:|1769424632
|switch|p1a: Excadrill|Excadrill, M, shiny|100/100
|-ability|p1a: Excadrill|Mold Breaker
|-item|p1a: Excadrill|Air Balloon
|turn|6
|
|t:|1769424639
|-end|p2a: Raging Bolt|Protosynthesis|[silent]
|switch|p2a: Combee|Combee, M|100/100
|move|p1a: Excadrill|Earthquake|p2a: Combee
|-immune|p2a: Combee
|
|upkeep
|turn|7
|
|t:|1769424650
|move|p1a: Excadrill|Swords Dance|p1a: Excadrill
|-boost|p1a: Excadrill|atk|2
|move|p2a: Combee|Endeavor|p1a: Excadrill
|-damage|p1a: Excadrill|56/100
|-enditem|p1a: Excadrill|Air Balloon
|
|upkeep
|turn|8
|
|t:|1769424662
|move|p1a: Excadrill|Swords Dance|p1a: Excadrill
|-boost|p1a: Excadrill|atk|2
|move|p2a: Combee|Endeavor|p1a: Excadrill
|-immune|p1a: Excadrill
|
|upkeep
|turn|9
|inactive|lunala_guy has 120 seconds left.
|inactive|lunala_guy has 90 seconds left.
|inactive|lunala_guy has 60 seconds left.
|
|t:|1769424756
|move|p1a: Excadrill|Iron Head|p2a: Combee
|-enditem|p2a: Combee|Focus Sash
|-damage|p2a: Combee|1/100
|move|p2a: Combee|Endeavor|p1a: Excadrill
|-damage|p1a: Excadrill|1/100
|
|upkeep
|turn|10
|
|t:|1769424764
|move|p1a: Excadrill|Iron Head|p2a: Combee
|-damage|p2a: Combee|0 fnt
|faint|p2a: Combee
|
|upkeep
|
|t:|1769424768
|switch|p2a: Ceruledge|Ceruledge, F|100/100
|turn|11
|
|t:|1769424774
|move|p2a: Ceruledge|Shadow Sneak|p1a: Excadrill
|-damage|p1a: Excadrill|0 fnt
|faint|p1a: Excadrill
|
|upkeep
|
|t:|1769424778
|switch|p1a: Typhlosion|Typhlosion-Hisui, F|100/100
|-item|p2a: Ceruledge|Focus Sash|[from] ability: Frisk|[of] p1a: Typhlosion
|turn|12
|
|t:|1769424782
|-terastallize|p1a: Typhlosion|Fire
|move|p1a: Typhlosion|Infernal Parade|p2a: Ceruledge
|-supereffective|p2a: Ceruledge
|-crit|p2a: Ceruledge
|-enditem|p2a: Ceruledge|Focus Sash
|-damage|p2a: Ceruledge|1/100
|move|p2a: Ceruledge|Shadow Claw|p1a: Typhlosion
|-damage|p1a: Typhlosion|49/100
|
|upkeep
|turn|13
|
|t:|1769424801
|switch|p1a: Enamorus|Enamorus, F|100/100
|move|p2a: Ceruledge|Shadow Sneak|p1a: Enamorus
|-damage|p1a: Enamorus|71/100
|
|upkeep
|turn|14
|inactive|lunala_guy has 90 seconds left.
|inactive|lunala_guy has 60 seconds left.
|inactive|lunala_guy has 30 seconds left.
|inactive|lunala_guy has 20 seconds left.
|inactive|lunala_guy has 15 seconds left.
|inactive|lunala_guy has 10 seconds left.
|inactive|lunala_guy has 5 seconds left.
|-message|lunala_guy lost due to inactivity.
|
|win|pobrelascado33
|raw|lunala_guy's rating: 1147 &rarr; <strong>1123</strong><br />(-24 for losing)
|raw|pobrelascado33's rating: 1164 &rarr; <strong>1188</strong><br />(+24 for winning)
|l|☆pobrelascado33
|player|p2|
|l|☆lunala_guy
|player|p1|
