|j|☆luismito986
|j|☆Ballindog34
|t:|1769438287
|gametype|singles
|player|p1|luismito986|101|1072
|player|p2|Ballindog34|pokekid|1105
|gen|9
|tier|[Gen 9] OU
|rated|
|rule|HP Percentage Mod: HP is shown in percentages
|rule|Endless Battle Clause: Forcing endless battles is banned
|rule|Species Clause: Limit one of each Pokémon
|rule|OHKO Clause: OHKO moves are banned
|rule|Evasion Items Clause: Evasion items are banned
|rule|Evasion Moves Clause: Evasion moves are banned
|rule|Evasion Abilities Clause: Evasion abilities are banned
|rule|Sleep Moves Clause: Sleep-inducing moves are banned
|clearpoke
|poke|p1|Clefable, M|
|poke|p1|Corviknight, F|
|poke|p1|Latios, M|
|poke|p1|Rillaboom, M|
|poke|p1|Crawdaunt, F|
|poke|p1|Armarouge, M|
|poke|p2|Lurantis, F|
|poke|p2|Hatterene, F|
|poke|p2|Gligar, M|
|poke|p2|Polteageist|
|poke|p2|Grimmsnarl, M|
|poke|p2|Electrode-Hisui|
|teampreview
|inactive|Battle timer is ON: inactive players will automatically lose when time's up. (requested by Ballindog34)
|
|t:|1769438312
|teamsize|p1|6
|teamsize|p2|6
|start
|switch|p1a: Armarouge|Armarouge, M, shiny|100/100
|switch|p2a: Hatterweeny|Hatterene, F, shiny|100/100
|turn|1
|
|t:|1769438321
|move|p1a: Armarouge|Expanding Force|p2a: Hatterweeny
|-resisted|p2a: Hatterweeny
|-damage|p2a: Hatterweeny|71/100
|-damage|p1a: Armarouge|91/100|[from] item: Life Orb
|move|p2a: Hatterweeny|Trick Room|p2a: Hatterweeny
|-fieldstart|move: Trick Room|[of] p2a: Hatterweeny
|
|upkeep
|turn|2
|
|t:|1769438335
|switch|p1a: Corviknight|Corviknight, F, shiny|100/100
|-ability|p1a: Corviknight|Pressure
|move|p2a: Hatterweeny|Psyshock|p1a: Corviknight
|-resisted|p1a: Corviknight
|-damage|p1a: Corviknight|84/100
|-damage|p2a: Hatterweeny|61/100|[from] item: Life Orb
|
|upkeep
|turn|3
|
|t:|1769438349
|move|p2a: Hatterweeny|Mystical Fire|p1a: Corviknight
|-supereffective|p1a: Corviknight
|-damage|p1a: Corviknight|16/100
|-unboost|p1a: Corviknight|spa|1
|-damage|p2a: Hatterweeny|51/100|[from] item: Life Orb
|move|p1a: Corviknight|Brave Bird|p2a: Hatterweeny
|-damage|p2a: Hatterweeny|15/100
|-damage|p1a: Corviknight|7/100|[from] Recoil
|
|upkeep
|turn|4
|
|t:|1769438360
|move|p2a: Hatterweeny|Mystical Fire|p1a: Corviknight
|-supereffective|p1a: Corviknight
|-damage|p1a: Corviknight|0 fnt
|faint|p1a: Corviknight
|-damage|p2a: Hatterweeny|6/100|[from] item: Life Orb
|
|upkeep
|
|t:|1769438375
|switch|p1a: Crawdaunt|Crawdaunt, F, shiny|100/100
|turn|5
|
|t:|1769438389
|move|p1a: Crawdaunt|Aqua Jet|p2a: Hatterweeny
|-crit|p2a: Hatterweeny
|-damage|p2a: Hatterweeny|0 fnt
|faint|p2a: Hatterweeny
|
|-fieldend|move: Trick Room
|upkeep
|inactive|Ballindog34 has 120 seconds left.
|
|t:|1769438415
|switch|p2a: Elechode|Electrode-Hisui, shiny|100/100
|turn|6
|
|t:|1769438438
|switch|p1a: Armarouge|Armarouge, M, shiny|91/100
|move|p2a: Elechode|Discharge|p1a: Armarouge
|-damage|p1a: Armarouge|33/100
|-status|p1a: Armarouge|par
|
|upkeep
|turn|7
|
|t:|1769438453
|-terastallize|p1a: Armarouge|Fire
|move|p2a: Elechode|Discharge|p1a: Armarouge
|-damage|p1a: Armarouge|0 fnt
|faint|p1a: Armarouge
|
|upkeep
|c|☆Ballindog34|Huh
|
|t:|1769438467
|switch|p1a: Latios|Latios, M, shiny|100/100
|turn|8
|
|t:|1769438476
|switch|p2a: Screens|Grimmsnarl, M, shiny|100/100
|move|p1a: Latios|Luster Purge|p2a: Screens
|-immune|p2a: Screens
|
|upkeep
|turn|9
|inactive|luismito986 has 120 seconds left.
|
|t:|1769438510
|move|p2a: Screens|Bulk Up|p2a: Screens
|-boost|p2a: Screens|atk|1
|-boost|p2a: Screens|def|1
|move|p1a: Latios|Aura Sphere|p2a: Screens
|-damage|p2a: Screens|65/100
|
|upkeep
|turn|10
|
|t:|1769438523
|move|p2a: Screens|Sucker Punch|p1a: Latios
|-supereffective|p1a: Latios
|-damage|p1a: Latios|0 fnt
|faint|p1a: Latios
|-damage|p2a: Screens|55/100|[from] item: Life Orb
|
|upkeep
|
|t:|1769438530
|switch|p1a: Clefable|Clefable, M, shiny|100/100
|turn|11
|
|t:|1769438535
|move|p2a: Screens|Spirit Break|p1a: Clefable
|-damage|p1a: Clefable|7/100
|-unboost|p1a: Clefable|spa|1
|-damage|p2a: Screens|45/100|[from] item: Life Orb
|move|p1a: Clefable|Cosmic Power|p1a: Clefable
|-boost|p1a: Clefable|def|1
|-boost|p1a: Clefable|spd|1
|
|-heal|p1a: Clefable|13/100|[from] item: Leftovers
|upkeep
|turn|12
|
|t:|1769438546
|move|p2a: Screens|Fire Punch|p1a: Clefable
|-damage|p1a: Clefable|0 fnt
|faint|p1a: Clefable
|-damage|p2a: Screens|35/100|[from] item: Life Orb
|
|upkeep
|inactive|luismito986 has 120 seconds left.
|
|t:|1769438571
|switch|p1a: Crawdaunt|Crawdaunt, F, shiny|100/100
|turn|13
|
|t:|1769438579
|move|p1a: Crawdaunt|Close Combat|p2a: Screens
|-damage|p2a: Screens|0 fnt
|-unboost|p1a: Crawdaunt|def|1
|-unboost|p1a: Crawdaunt|spd|1
|faint|p2a: Screens
|
|upkeep
|
|t:|1769438590
|switch|p2a: Slurp|Polteageist, shiny|100/100
|turn|14
|
|t:|1769438596
|switch|p1a: Rillaboom|Rillaboom, M, shiny|100/100
|-fieldstart|move: Grassy Terrain|[from] ability: Grassy Surge|[of] p1a: Rillaboom
|-terastallize|p2a: Slurp|Fairy
|move|p2a: Slurp|Shell Smash|p2a: Slurp
|-unboost|p2a: Slurp|def|1
|-unboost|p2a: Slurp|spd|1
|-boost|p2a: Slurp|atk|2
|-boost|p2a: Slurp|spa|2
|-boost|p2a: Slurp|spe|2
|-enditem|p2a: Slurp|White Herb
|-clearnegativeboost|p2a: Slurp|[silent]
|
|upkeep
|turn|15
|inactive|luismito986 has 120 seconds left.
|
|t:|1769438613
|move|p2a: Slurp|Strength Sap|p1a: Rillaboom
|-unboost|p1a: Rillaboom|atk|1
|move|p1a: Rillaboom|Knock Off|p2a: Slurp
|-resisted|p2a: Slurp
|-damage|p2a: Slurp|84/100
|
|-heal|p2a: Slurp|91/100|[from] Grassy Terrain
|upkeep
|turn|16
|
|t:|1769438621
|move|p2a: Slurp|Strength Sap|p1a: Rillaboom
|-unboost|p1a: Rillaboom|atk|1
|-heal|p2a: Slurp|100/100
|move|p1a: Rillaboom|Knock Off|p2a: Slurp
|-resisted|p2a: Slurp
|-damage|p2a: Slurp|88/100
|
|-heal|p2a: Slurp|94/100|[from] Grassy Terrain
|upkeep
|turn|17
|
|t:|1769438635
|switch|p1a: Crawdaunt|Crawdaunt, F, shiny|100/100
|move|p2a: Slurp|Shell Smash|p2a: Slurp
|-unboost|p2a: Slurp|def|1
|-unboost|p2a: Slurp|spd|1
|-boost|p2a: Slurp|atk|2
|-boost|p2a: Slurp|spa|2
|-boost|p2a: Slurp|spe|2
|
|-heal|p2a: Slurp|100/100|[from] Grassy Terrain
|upkeep
|turn|18
|
|t:|1769438650
|move|p1a: Crawdaunt|Aqua Jet|p2a: Slurp
|-crit|p2a: Slurp
|-damage|p2a: Slurp|0 fnt
|faint|p2a: Slurp
|
|-fieldend|move: Grassy Terrain
|upkeep
|
|t:|1769438661
|switch|p2a: Elechode|Electrode-Hisui, shiny|100/100
|turn|19
|
|t:|1769438670
|switch|p1a: Rillaboom|Rillaboom, M, shiny|100/100
|-fieldstart|move: Grassy Terrain|[from] ability: Grassy Surge|[of] p1a: Rillaboom
|move|p2a: Elechode|Discharge|p1a: Rillaboom
|-resisted|p1a: Rillaboom
|-damage|p1a: Rillaboom|65/100
|-status|p1a: Rillaboom|par
|
|-heal|p1a: Rillaboom|71/100 par|[from] Grassy Terrain
|upkeep
|turn|20
|
|t:|1769438690
|switch|p2a: Green bean|Lurantis, F, shiny|100/100
|move|p1a: Rillaboom|Knock Off|p2a: Green bean
|-damage|p2a: Green bean|43/100
|-enditem|p2a: Green bean|Focus Sash|[from] move: Knock Off|[of] p1a: Rillaboom
|
|-heal|p1a: Rillaboom|77/100 par|[from] Grassy Terrain
|-heal|p2a: Green bean|49/100|[from] Grassy Terrain
|upkeep
|turn|21
|
|t:|1769438699
|move|p1a: Rillaboom|Knock Off|p2a: Green bean
|-damage|p2a: Green bean|14/100
|move|p2a: Green bean|Leech Life|p1a: Rillaboom
|-supereffective|p1a: Rillaboom
|-damage|p1a: Rillaboom|21/100 par
|-heal|p2a: Green bean|48/100|[from] drain|[of] p1a: Rillaboom
|
|-heal|p1a: Rillaboom|27/100 par|[from] Grassy Terrain
|-heal|p2a: Green bean|54/100|[from] Grassy Terrain
|upkeep
|turn|22
|
|t:|1769438709
|cant|p1a: Rillaboom|par
|move|p2a: Green bean|Superpower|p1a: Rillaboom
|-damage|p1a: Rillaboom|0 fnt
|-boost|p2a: Green bean|atk|1
|-boost|p2a: Green bean|def|1
|faint|p1a: Rillaboom
|
|-heal|p2a: Green bean|60/100|[from] Grassy Terrain
|upkeep
|
|t:|1769438720
|switch|p1a: Crawdaunt|Crawdaunt, F, shiny|100/100
|turn|23
|
|t:|1769438743
|move|p1a: Crawdaunt|Close Combat|p2a: Green bean
|-damage|p2a: Green bean|17/100
|-unboost|p1a: Crawdaunt|def|1
|-unboost|p1a: Crawdaunt|spd|1
|move|p2a: Green bean|Leaf Blade|p1a: Crawdaunt
|-supereffective|p1a: Crawdaunt
|-damage|p1a: Crawdaunt|0 fnt
|faint|p1a: Crawdaunt
|
|win|Ballindog34
|raw|luismito986's rating: 1072 &rarr; <strong>1053</strong><br />(-19 for losing)
|raw|Ballindog34's rating: 1105 &rarr; <strong>1128</strong><br />(+23 for winning)
|l|☆luismito986
|player|p1|
|c|☆Ballindog34|Gg
|l|☆Ballindog34
|player|p2|
