|j|☆big bod3
|j|☆redbones20
|t:|1769427739
|gametype|singles
|player|p1|big bod3|marshal|1097
|player|p2|redbones20|101|1030
|gen|9
|tier|[Gen 9] OU
|rated|
|rule|HP Percentage Mod: HP is shown in percentages
|rule|Endless Battle Clause: Forcing endless battles is banned
|rule|Species Clause: Limit one of each Pokémon
|rule|OHKO Clause: OHKO moves are banned
|rule|Evasion Items Clause: Evasion items are banned
|rule|Evasion Moves Clause: Evasion moves are banned
|rule|Evasion Abilities Clause: Evasion abilities are banned
|rule|Sleep Moves Clause: Sleep-inducing moves are banned
|clearpoke
|poke|p1|Feraligatr, F|
|poke|p1|Electivire, M|
|poke|p1|Salazzle, F|
|poke|p1|Gholdengo|
|poke|p1|Great Tusk|
|poke|p1|Skarmory, F|
|poke|p2|Weezing-Galar, F|
|poke|p2|Hawlucha, F|
|poke|p2|Dragalge, F|
|poke|p2|Forretress, F|
|poke|p2|Carbink|
|poke|p2|Ribombee, F|
|teampreview
|
|t:|1769427743
|teamsize|p1|6
|teamsize|p2|6
|start
|switch|p1a: ᚱBolt|Electivire, M|100/100
|switch|p2a: Ribombee|Ribombee, F|100/100
|turn|1
|
|t:|1769427753
|move|p2a: Ribombee|Quiver Dance|p2a: Ribombee
|-boost|p2a: Ribombee|spa|1
|-boost|p2a: Ribombee|spd|1
|-boost|p2a: Ribombee|spe|1
|move|p1a: ᚱBolt|Volt Switch|p2a: Ribombee
|-damage|p2a: Ribombee|75/100
|
|t:|1769427764
|switch|p1a: ᛖᛟguardcoinstorm|Gholdengo|100/100|[from] Volt Switch
|
|upkeep
|turn|2
|
|t:|1769427769
|move|p2a: Ribombee|Sticky Web|p1a: ᛖᛟguardcoinstorm
|-sidestart|p1: big bod3|move: Sticky Web
|move|p1a: ᛖᛟguardcoinstorm|Nasty Plot|p1a: ᛖᛟguardcoinstorm
|-boost|p1a: ᛖᛟguardcoinstorm|spa|2
|
|upkeep
|turn|3
|
|t:|1769427778
|move|p2a: Ribombee|Psychic Noise|p1a: ᛖᛟguardcoinstorm
|-resisted|p1a: ᛖᛟguardcoinstorm
|-damage|p1a: ᛖᛟguardcoinstorm|84/100
|-start|p1a: ᛖᛟguardcoinstorm|move: Heal Block
|move|p1a: ᛖᛟguardcoinstorm|Make It Rain|p2a: Ribombee
|-supereffective|p2a: Ribombee
|-damage|p2a: Ribombee|0 fnt
|-unboost|p1a: ᛖᛟguardcoinstorm|spa|1
|faint|p2a: Ribombee
|
|upkeep
|
|t:|1769427790
|switch|p2a: Weezing|Weezing-Galar, F|100/100
|-ability|p2a: Weezing|Neutralizing Gas
|turn|4
|
|t:|1769427795
|move|p1a: ᛖᛟguardcoinstorm|Nasty Plot|p1a: ᛖᛟguardcoinstorm
|-boost|p1a: ᛖᛟguardcoinstorm|spa|2
|move|p2a: Weezing|Flamethrower|p1a: ᛖᛟguardcoinstorm
|-supereffective|p1a: ᛖᛟguardcoinstorm
|-damage|p1a: ᛖᛟguardcoinstorm|31/100
|
|-end|p1a: ᛖᛟguardcoinstorm|move: Heal Block
|upkeep
|turn|5
|
|t:|1769427805
|-terastallize|p1a: ᛖᛟguardcoinstorm|Flying
|move|p1a: ᛖᛟguardcoinstorm|Recover|p1a: ᛖᛟguardcoinstorm
|-heal|p1a: ᛖᛟguardcoinstorm|81/100
|move|p2a: Weezing|Flamethrower|p1a: ᛖᛟguardcoinstorm
|-damage|p1a: ᛖᛟguardcoinstorm|53/100
|
|-heal|p1a: ᛖᛟguardcoinstorm|59/100|[from] item: Leftovers
|upkeep
|turn|6
|
|t:|1769427816
|move|p1a: ᛖᛟguardcoinstorm|Make It Rain|p2a: Weezing
|-supereffective|p2a: Weezing
|-damage|p2a: Weezing|0 fnt
|-unboost|p1a: ᛖᛟguardcoinstorm|spa|1
|faint|p2a: Weezing
|-end|p2a: Weezing|ability: Neutralizing Gas
|
|-heal|p1a: ᛖᛟguardcoinstorm|65/100|[from] item: Leftovers
|upkeep
|
|t:|1769427831
|switch|p2a: Carbink|Carbink|100/100
|turn|7
|c|☆big bod3|You love gold thrown at you huh
|
|t:|1769427869
|-terastallize|p2a: Carbink|Rock
|move|p1a: ᛖᛟguardcoinstorm|Nasty Plot|p1a: ᛖᛟguardcoinstorm
|-boost|p1a: ᛖᛟguardcoinstorm|spa|2
|move|p2a: Carbink|Light Screen|p2a: Carbink
|-sidestart|p2: redbones20|move: Light Screen
|
|-heal|p1a: ᛖᛟguardcoinstorm|71/100|[from] item: Leftovers
|upkeep
|turn|8
|
|t:|1769427879
|move|p1a: ᛖᛟguardcoinstorm|Shadow Ball|p2a: Carbink
|-damage|p2a: Carbink|70/100
|move|p2a: Carbink|Meteor Beam||[still]
|-prepare|p2a: Carbink|Meteor Beam
|-boost|p2a: Carbink|spa|1
|-enditem|p2a: Carbink|Power Herb
|-anim|p2a: Carbink|Meteor Beam|p1a: ᛖᛟguardcoinstorm
|-supereffective|p1a: ᛖᛟguardcoinstorm
|-damage|p1a: ᛖᛟguardcoinstorm|0 fnt
|faint|p1a: ᛖᛟguardcoinstorm
|
|upkeep
|
|t:|1769427890
|switch|p1a: ᛃᚦgrunderRoots|Great Tusk, shiny|100/100
|-activate|p1a: ᛃᚦgrunderRoots|move: Sticky Web
|-unboost|p1a: ᛃᚦgrunderRoots|spe|1
|turn|9
|
|t:|1769427898
|move|p1a: ᛃᚦgrunderRoots|Rapid Spin|p2a: Carbink
|-resisted|p2a: Carbink
|-crit|p2a: Carbink
|-damage|p2a: Carbink|61/100
|-boost|p1a: ᛃᚦgrunderRoots|spe|1
|-sideend|p1: big bod3|Sticky Web|[from] move: Rapid Spin|[of] p1a: ᛃᚦgrunderRoots
|move|p2a: Carbink|Reflect|p2a: Carbink
|-sidestart|p2: redbones20|Reflect
|
|upkeep
|turn|10
|
|t:|1769427907
|move|p1a: ᛃᚦgrunderRoots|Knock Off|p2a: Carbink
|-damage|p2a: Carbink|53/100
|move|p2a: Carbink|Body Press|p1a: ᛃᚦgrunderRoots
|-damage|p1a: ᛃᚦgrunderRoots|89/100
|
|upkeep
|turn|11
|
|t:|1769427915
|move|p1a: ᛃᚦgrunderRoots|Close Combat|p2a: Carbink
|-supereffective|p2a: Carbink
|-damage|p2a: Carbink|8/100
|-unboost|p1a: ᛃᚦgrunderRoots|def|1
|-unboost|p1a: ᛃᚦgrunderRoots|spd|1
|move|p2a: Carbink|Meteor Beam||[still]
|-prepare|p2a: Carbink|Meteor Beam
|-boost|p2a: Carbink|spa|1
|
|-sideend|p2: redbones20|move: Light Screen
|upkeep
|turn|12
|
|t:|1769427926
|move|p1a: ᛃᚦgrunderRoots|Rapid Spin|p2a: Carbink
|-resisted|p2a: Carbink
|-damage|p2a: Carbink|5/100
|-boost|p1a: ᛃᚦgrunderRoots|spe|1
|move|p2a: Carbink|Meteor Beam|p1a: ᛃᚦgrunderRoots|[from] lockedmove
|-resisted|p1a: ᛃᚦgrunderRoots
|-damage|p1a: ᛃᚦgrunderRoots|69/100
|
|upkeep
|turn|13
|
|t:|1769427937
|move|p1a: ᛃᚦgrunderRoots|Rapid Spin|p2a: Carbink
|-resisted|p2a: Carbink
|-damage|p2a: Carbink|2/100
|-boost|p1a: ᛃᚦgrunderRoots|spe|1
|move|p2a: Carbink|Light Screen|p2a: Carbink
|-sidestart|p2: redbones20|move: Light Screen
|
|-sideend|p2: redbones20|Reflect
|upkeep
|turn|14
|
|t:|1769427945
|move|p1a: ᛃᚦgrunderRoots|Rapid Spin|p2a: Carbink
|-resisted|p2a: Carbink
|-damage|p2a: Carbink|0 fnt
|-boost|p1a: ᛃᚦgrunderRoots|spe|1
|faint|p2a: Carbink
|
|upkeep
|
|t:|1769427954
|switch|p2a: Hawlucha|Hawlucha, F|100/100
|turn|15
|
|t:|1769427961
|move|p1a: ᛃᚦgrunderRoots|Close Combat|p2a: Hawlucha
|-resisted|p2a: Hawlucha
|-damage|p2a: Hawlucha|62/100
|-unboost|p1a: ᛃᚦgrunderRoots|def|1
|-unboost|p1a: ᛃᚦgrunderRoots|spd|1
|move|p2a: Hawlucha|Flying Press|p1a: ᛃᚦgrunderRoots
|-supereffective|p1a: ᛃᚦgrunderRoots
|-damage|p1a: ᛃᚦgrunderRoots|0 fnt
|faint|p1a: ᛃᚦgrunderRoots
|-end|p1a: ᛃᚦgrunderRoots|Protosynthesis|[silent]
|
|upkeep
|
|t:|1769427984
|switch|p1a: ᛇSentinel|Skarmory, F|100/100
|turn|16
|
|t:|1769427988
|move|p2a: Hawlucha|Drain Punch|p1a: ᛇSentinel
|-damage|p1a: ᛇSentinel|80/100
|-heal|p2a: Hawlucha|74/100|[from] drain|[of] p1a: ᛇSentinel
|-damage|p2a: Hawlucha|57/100|[from] item: Rocky Helmet|[of] p1a: ᛇSentinel
|move|p1a: ᛇSentinel|Iron Defense|p1a: ᛇSentinel
|-boost|p1a: ᛇSentinel|def|2
|
|upkeep
|turn|17
|
|t:|1769427997
|move|p2a: Hawlucha|U-turn|p1a: ᛇSentinel
|-resisted|p1a: ᛇSentinel
|-damage|p1a: ᛇSentinel|78/100
|-damage|p2a: Hawlucha|41/100|[from] item: Rocky Helmet|[of] p1a: ᛇSentinel
|
|t:|1769428002
|switch|p2a: Forretress|Forretress, F|100/100|[from] U-turn
|move|p1a: ᛇSentinel|Iron Defense|p1a: ᛇSentinel
|-boost|p1a: ᛇSentinel|def|2
|
|-sideend|p2: redbones20|move: Light Screen
|upkeep
|turn|18
|c|☆big bod3|These min be laughing
|inactive|Battle timer is ON: inactive players will automatically lose when time's up. (requested by redbones20)
|
|t:|1769428033
|move|p1a: ᛇSentinel|Spikes|p2a: Forretress
|-sidestart|p2: redbones20|Spikes
|move|p2a: Forretress|Stealth Rock|p1a: ᛇSentinel
|-sidestart|p1: big bod3|move: Stealth Rock
|
|upkeep
|turn|19
|
|t:|1769428040
|move|p1a: ᛇSentinel|Spikes|p2a: Forretress
|-sidestart|p2: redbones20|Spikes
|move|p2a: Forretress|Rapid Spin|p1a: ᛇSentinel
|-resisted|p1a: ᛇSentinel
|-damage|p1a: ᛇSentinel|77/100
|-boost|p2a: Forretress|spe|1
|-damage|p2a: Forretress|84/100|[from] item: Rocky Helmet|[of] p1a: ᛇSentinel
|-sideend|p2: redbones20|Spikes|[from] move: Rapid Spin|[of] p2a: Forretress
|
|upkeep
|turn|20
|
|t:|1769428049
|move|p1a: ᛇSentinel|Iron Defense|p1a: ᛇSentinel
|-boost|p1a: ᛇSentinel|def|2
|move|p2a: Forretress|Body Press|p1a: ᛇSentinel
|-damage|p1a: ᛇSentinel|72/100
|-damage|p2a: Forretress|67/100|[from] item: Rocky Helmet|[of] p1a: ᛇSentinel
|
|upkeep
|turn|21
|
|t:|1769428063
|move|p1a: ᛇSentinel|Body Press|p2a: Forretress
|-damage|p2a: Forretress|0 fnt
|faint|p2a: Forretress
|
|upkeep
|
|t:|1769428073
|switch|p2a: Dragalge|Dragalge, F|100/100
|turn|22
|c|☆big bod3|Bag what
|
|t:|1769428102
|move|p1a: ᛇSentinel|Spikes|p2a: Dragalge
|-sidestart|p2: redbones20|Spikes
|move|p2a: Dragalge|Acid Armor|p2a: Dragalge
|-boost|p2a: Dragalge|def|2
|
|upkeep
|turn|23
|
|t:|1769428110
|move|p1a: ᛇSentinel|Body Press|p2a: Dragalge
|-resisted|p2a: Dragalge
|-damage|p2a: Dragalge|67/100
|move|p2a: Dragalge|Draco Meteor|p1a: ᛇSentinel
|-resisted|p1a: ᛇSentinel
|-damage|p1a: ᛇSentinel|12/100
|-unboost|p2a: Dragalge|spa|2
|-enditem|p2a: Dragalge|White Herb
|-clearnegativeboost|p2a: Dragalge|[silent]
|
|upkeep
|turn|24
|
|t:|1769428123
|move|p1a: ᛇSentinel|Spikes|p2a: Dragalge
|-sidestart|p2: redbones20|Spikes
|move|p2a: Dragalge|Draco Meteor|p1a: ᛇSentinel
|-resisted|p1a: ᛇSentinel
|-damage|p1a: ᛇSentinel|0 fnt
|-unboost|p2a: Dragalge|spa|2
|faint|p1a: ᛇSentinel
|
|upkeep
|
|t:|1769428131
|switch|p1a: ᚲᛒFlameSpark|Salazzle, F, shiny|100/100
|-damage|p1a: ᚲᛒFlameSpark|76/100|[from] Stealth Rock
|turn|25
|
|t:|1769428143
|move|p1a: ᚲᛒFlameSpark|Toxic|p2a: Dragalge
|-status|p2a: Dragalge|tox
|move|p2a: Dragalge|Flip Turn|p1a: ᚲᛒFlameSpark
|-supereffective|p1a: ᚲᛒFlameSpark
|-damage|p1a: ᚲᛒFlameSpark|40/100
|
|t:|1769428150
|switch|p2a: Hawlucha|Hawlucha, F|41/100|[from] Flip Turn
|
|-heal|p1a: ᚲᛒFlameSpark|46/100|[from] item: Black Sludge
|upkeep
|turn|26
|
|t:|1769428162
|move|p1a: ᚲᛒFlameSpark|Sludge Wave|p2a: Hawlucha
|-damage|p2a: Hawlucha|0 fnt
|faint|p2a: Hawlucha
|
|-heal|p1a: ᚲᛒFlameSpark|52/100|[from] item: Black Sludge
|upkeep
|
|t:|1769428167
|switch|p2a: Dragalge|Dragalge, F|67/100 tox
|-damage|p2a: Dragalge|51/100 tox|[from] Spikes
|turn|27
|c|☆big bod3|Worm
|inactive|big bod3 has 120 seconds left.
|c|☆redbones20|yeah it does look like a worm haha
|c|☆big bod3|But this is Florida region sosa
|c|☆big bod3|Welcome to pokemon showdown presents bod3 battles
|inactive|big bod3 has 90 seconds left.
|c|☆big bod3|Im on twitch yt and ig under bigbod3 ✨️T✨️
|inactive|big bod3 has 60 seconds left.
|
|t:|1769428258
|move|p1a: ᚲᛒFlameSpark|Sludge Wave|p2a: Dragalge
|-resisted|p2a: Dragalge
|-damage|p2a: Dragalge|33/100 tox
|move|p2a: Dragalge|Draco Meteor|p1a: ᚲᛒFlameSpark
|-damage|p1a: ᚲᛒFlameSpark|0 fnt
|-unboost|p2a: Dragalge|spa|2
|faint|p1a: ᚲᛒFlameSpark
|
|-damage|p2a: Dragalge|27/100 tox|[from] psn
|upkeep
|inactive|big bod3 has 60 seconds left.
|
|t:|1769428270
|switch|p1a: ᛏTerry|Feraligatr, F, shiny|100/100
|-damage|p1a: ᛏTerry|88/100|[from] Stealth Rock
|turn|28
|inactive|big bod3 has 60 seconds left.
|
|t:|1769428276
|move|p1a: ᛏTerry|Dragon Dance|p1a: ᛏTerry
|-boost|p1a: ᛏTerry|atk|1
|-boost|p1a: ᛏTerry|spe|1
|move|p2a: Dragalge|Sludge Wave|p1a: ᛏTerry
|-damage|p1a: ᛏTerry|52/100
|
|-damage|p2a: Dragalge|15/100 tox|[from] psn
|upkeep
|turn|29
|
|t:|1769428285
|move|p1a: ᛏTerry|Dragon Dance|p1a: ᛏTerry
|-boost|p1a: ᛏTerry|atk|1
|-boost|p1a: ᛏTerry|spe|1
|move|p2a: Dragalge|Sludge Wave|p1a: ᛏTerry
|-damage|p1a: ᛏTerry|14/100
|
|-damage|p2a: Dragalge|0 fnt|[from] psn
|faint|p2a: Dragalge
|
|win|big bod3
|raw|big bod3's rating: 1097 &rarr; <strong>1118</strong><br />(+21 for winning)
|raw|redbones20's rating: 1030 &rarr; <strong>1018</strong><br />(-12 for losing)
|c|☆redbones20|gg
|l|☆redbones20
|player|p2|
|c|☆big bod3|I'll trade you
|c|☆big bod3|The badge for dragalge ✨️🏴‍☠️☀️🏴‍☠️✨️
|c|☆big bod3|It's real sun stones
|c|☆big bod3|Bet cool
