|j|☆echoedvoiceteam
|j|☆vinyza
|t:|1769372831
|gametype|singles
|player|p1|echoedvoiceteam|grimsley-gen7|1080
|player|p2|vinyza|dawn|1000
|gen|9
|tier|[Gen 9] OU
|rated|
|rule|HP Percentage Mod: HP is shown in percentages
|rule|Endless Battle Clause: Forcing endless battles is banned
|rule|Species Clause: Limit one of each Pokémon
|rule|OHKO Clause: OHKO moves are banned
|rule|Evasion Items Clause: Evasion items are banned
|rule|Evasion Moves Clause: Evasion moves are banned
|rule|Evasion Abilities Clause: Evasion abilities are banned
|rule|Sleep Moves Clause: Sleep-inducing moves are banned
|clearpoke
|poke|p1|Ninetales-Alola, M|
|poke|p1|Meloetta|
|poke|p1|Kyurem|
|poke|p1|Iron Crown|
|poke|p1|Landorus-Therian, M|
|poke|p1|Ogerpon-Wellspring, F|
|poke|p2|Umbreon, F|
|poke|p2|Kommo-o, F|
|poke|p2|Zarude|
|poke|p2|Fezandipiti, M|
|poke|p2|Cresselia, F|
|poke|p2|Chandelure, M|
|teampreview
|inactive|Battle timer is ON: inactive players will automatically lose when time's up. (requested by echoedvoiceteam)
|inactive|vinyza has 120 seconds left.
|
|t:|1769372895
|teamsize|p1|6
|teamsize|p2|6
|start
|switch|p1a: Ninetales|Ninetales-Alola, M|100/100
|switch|p2a: Fezandipiti|Fezandipiti, M|100/100
|-weather|Snowscape|[from] ability: Snow Warning|[of] p1a: Ninetales
|turn|1
|
|t:|1769372904
|move|p1a: Ninetales|Aurora Veil|p1a: Ninetales
|-sidestart|p1: echoedvoiceteam|move: Aurora Veil
|move|p2a: Fezandipiti|Swords Dance|p2a: Fezandipiti
|-boost|p2a: Fezandipiti|atk|2
|
|-weather|Snowscape|[upkeep]
|upkeep
|turn|2
|
|t:|1769372928
|move|p1a: Ninetales|Encore|p2a: Fezandipiti
|-start|p2a: Fezandipiti|Encore
|move|p2a: Fezandipiti|Swords Dance|p2a: Fezandipiti
|-boost|p2a: Fezandipiti|atk|2
|
|-weather|Snowscape|[upkeep]
|upkeep
|turn|3
|
|t:|1769372934
|switch|p1a: Landorus|Landorus-Therian, M|100/100
|-ability|p1a: Landorus|Intimidate|boost
|-unboost|p2a: Fezandipiti|atk|1
|move|p2a: Fezandipiti|Swords Dance|p2a: Fezandipiti
|-boost|p2a: Fezandipiti|atk|2
|
|-weather|Snowscape|[upkeep]
|upkeep
|turn|4
|inactive|vinyza has 120 seconds left.
|
|t:|1769372981
|switch|p2a: Umbreon|Umbreon, F|100/100
|move|p1a: Landorus|Earthquake|p2a: Umbreon
|-damage|p2a: Umbreon|52/100
|
|-weather|Snowscape|[upkeep]
|-heal|p2a: Umbreon|58/100|[from] item: Leftovers
|upkeep
|turn|5
|
|t:|1769373009
|move|p1a: Landorus|Earthquake|p2a: Umbreon
|-damage|p2a: Umbreon|12/100
|move|p2a: Umbreon|Toxic|p1a: Landorus
|-status|p1a: Landorus|tox
|
|-weather|none
|-heal|p2a: Umbreon|18/100|[from] item: Leftovers
|-damage|p1a: Landorus|95/100 tox|[from] psn
|upkeep
|turn|6
|
|t:|1769373020
|switch|p1a: Meloetta|Meloetta|100/100
|move|p2a: Umbreon|Protect||[still]
|-fail|p2a: Umbreon
|
|-heal|p2a: Umbreon|24/100|[from] item: Leftovers
|upkeep
|turn|7
|inactive|echoedvoiceteam has 120 seconds left.
|
|t:|1769373064
|move|p1a: Meloetta|Substitute|p1a: Meloetta
|-start|p1a: Meloetta|Substitute
|-damage|p1a: Meloetta|76/100
|move|p2a: Umbreon|Wish|p2a: Umbreon
|
|-heal|p2a: Umbreon|30/100|[from] item: Leftovers
|upkeep
|turn|8
|
|t:|1769373071
|move|p2a: Umbreon|Protect|p2a: Umbreon
|-singleturn|p2a: Umbreon|Protect
|move|p1a: Meloetta|Echoed Voice|p2a: Umbreon
|-activate|p2a: Umbreon|move: Protect
|
|-heal|p2a: Umbreon|80/100|[from] move: Wish|[wisher] Umbreon
|-heal|p2a: Umbreon|86/100|[from] item: Leftovers
|-sideend|p1: echoedvoiceteam|move: Aurora Veil
|upkeep
|turn|9
|inactive|vinyza has 120 seconds left.
|
|t:|1769373082
|move|p1a: Meloetta|Echoed Voice|p2a: Umbreon
|-damage|p2a: Umbreon|62/100
|move|p2a: Umbreon|Foul Play|p1a: Meloetta
|-supereffective|p1a: Meloetta
|-end|p1a: Meloetta|Substitute
|
|-heal|p2a: Umbreon|69/100|[from] item: Leftovers
|upkeep
|turn|10
|inactive|vinyza has 120 seconds left.
|
|t:|1769373090
|move|p1a: Meloetta|Echoed Voice|p2a: Umbreon
|-damage|p2a: Umbreon|31/100
|move|p2a: Umbreon|Foul Play|p1a: Meloetta
|-supereffective|p1a: Meloetta
|-damage|p1a: Meloetta|21/100
|
|-heal|p2a: Umbreon|37/100|[from] item: Leftovers
|upkeep
|turn|11
|inactive|vinyza has 120 seconds left.
|
|t:|1769373101
|move|p1a: Meloetta|Echoed Voice|p2a: Umbreon
|-damage|p2a: Umbreon|0 fnt
|faint|p2a: Umbreon
|
|upkeep
|inactive|vinyza has 120 seconds left.
|
|t:|1769373109
|switch|p2a: Zarude|Zarude|100/100
|turn|12
|
|t:|1769373118
|move|p1a: Meloetta|Echoed Voice|p2a: Zarude
|-damage|p2a: Zarude|0 fnt
|faint|p2a: Zarude
|
|upkeep
|inactive|vinyza has 120 seconds left.
|
|t:|1769373147
|switch|p2a: Kommo-o|Kommo-o, F|100/100
|turn|13
|
|t:|1769373156
|move|p1a: Meloetta|Echoed Voice|p2a: Kommo-o
|-crit|p2a: Kommo-o
|-damage|p2a: Kommo-o|0 fnt
|faint|p2a: Kommo-o
|
|upkeep
|
|t:|1769373171
|switch|p2a: Fezandipiti|Fezandipiti, M|100/100
|turn|14
|
|t:|1769373180
|move|p1a: Meloetta|Echoed Voice|p2a: Fezandipiti
|-damage|p2a: Fezandipiti|0 fnt
|faint|p2a: Fezandipiti
|
|upkeep
|
|t:|1769373187
|switch|p2a: Chandelure|Chandelure, M|100/100
|turn|15
|
|t:|1769373198
|switch|p1a: Landorus|Landorus-Therian, M|95/100 tox
|-ability|p1a: Landorus|Intimidate|boost
|-unboost|p2a: Chandelure|atk|1
|move|p2a: Chandelure|Flamethrower|p1a: Landorus
|-damage|p1a: Landorus|28/100 tox
|
|-damage|p1a: Landorus|22/100 tox|[from] psn
|upkeep
|turn|16
|
|t:|1769373210
|move|p1a: Landorus|Earthquake|p2a: Chandelure
|-supereffective|p2a: Chandelure
|-damage|p2a: Chandelure|0 fnt
|faint|p2a: Chandelure
|
|-damage|p1a: Landorus|10/100 tox|[from] psn
|upkeep
|
|t:|1769373216
|switch|p2a: Cresselia|Cresselia, F|100/100
|turn|17
|inactive|echoedvoiceteam has 120 seconds left.
|
|t:|1769373259
|switch|p1a: Iron Crown|Iron Crown|100/100
|move|p2a: Cresselia|Calm Mind|p2a: Cresselia
|-boost|p2a: Cresselia|spa|1
|-boost|p2a: Cresselia|spd|1
|
|upkeep
|turn|18
|inactive|vinyza has 120 seconds left.
|
|t:|1769373269
|move|p1a: Iron Crown|Volt Switch|p2a: Cresselia
|-damage|p2a: Cresselia|91/100
|inactive|echoedvoiceteam has 120 seconds left.
|
|t:|1769373275
|-end|p1a: Iron Crown|Quark Drive|[silent]
|switch|p1a: Ogerpon|Ogerpon-Wellspring, F|100/100|[from] Volt Switch
|move|p2a: Cresselia|Calm Mind|p2a: Cresselia
|-boost|p2a: Cresselia|spa|1
|-boost|p2a: Cresselia|spd|1
|
|-heal|p2a: Cresselia|97/100|[from] item: Leftovers
|upkeep
|turn|19
|
|t:|1769373284
|move|p1a: Ogerpon|Knock Off|p2a: Cresselia
|-supereffective|p2a: Cresselia
|-damage|p2a: Cresselia|56/100
|-enditem|p2a: Cresselia|Leftovers|[from] move: Knock Off|[of] p1a: Ogerpon
|move|p2a: Cresselia|Psychic|p1a: Ogerpon
|-crit|p1a: Ogerpon
|-damage|p1a: Ogerpon|7/100
|
|upkeep
|turn|20
|inactive|echoedvoiceteam has 120 seconds left.
|
|t:|1769373326
|-terastallize|p1a: Ogerpon|Water
|detailschange|p1a: Ogerpon|Ogerpon-Wellspring-Tera, F, tera:Water
|-ability|p1a: Ogerpon|Embody Aspect (Wellspring)|boost
|-boost|p1a: Ogerpon|spd|1
|move|p1a: Ogerpon|Ivy Cudgel|p2a: Cresselia|[anim] Ivy Cudgel Water
|-damage|p2a: Cresselia|14/100
|move|p2a: Cresselia|Psychic|p1a: Ogerpon
|-damage|p1a: Ogerpon|0 fnt
|faint|p1a: Ogerpon
|detailschange|p1: Ogerpon|Ogerpon-Wellspring, F|[silent]
|
|upkeep
|
|t:|1769373330
|switch|p1a: Landorus|Landorus-Therian, M|10/100 tox
|-ability|p1a: Landorus|Intimidate|boost
|-unboost|p2a: Cresselia|atk|1
|turn|21
|
|t:|1769373339
|move|p1a: Landorus|U-turn|p2a: Cresselia
|-supereffective|p2a: Cresselia
|-damage|p2a: Cresselia|0 fnt
|faint|p2a: Cresselia
|
|win|echoedvoiceteam
|raw|echoedvoiceteam's rating: 1080 &rarr; <strong>1102</strong><br />(+22 for winning)
|raw|vinyza's rating: 1000 &rarr; <strong>1000</strong><br />(+0 for losing)
