|j|☆kianchimchar
|j|☆dragn1
|t:|1769307089
|gametype|singles
|player|p1|kianchimchar|unknown|1436
|player|p2|dragn1|102|1412
|gen|9
|tier|[Gen 9] OU
|rated|
|rule|HP Percentage Mod: HP is shown in percentages
|rule|Endless Battle Clause: Forcing endless battles is banned
|rule|Species Clause: Limit one of each Pokémon
|rule|OHKO Clause: OHKO moves are banned
|rule|Evasion Items Clause: Evasion items are banned
|rule|Evasion Moves Clause: Evasion moves are banned
|rule|Evasion Abilities Clause: Evasion abilities are banned
|rule|Sleep Moves Clause: Sleep-inducing moves are banned
|clearpoke
|poke|p1|Dragonite, F|
|poke|p1|Smeargle, F|
|poke|p1|Zoroark-Hisui, F|
|poke|p1|Scizor, M|
|poke|p1|Kyurem|
|poke|p1|Ditto|
|poke|p2|Landorus-Therian, M|
|poke|p2|Rillaboom, F|
|poke|p2|Blaziken, F|
|poke|p2|Samurott-Hisui, M|
|poke|p2|Clefable, F|
|poke|p2|Gholdengo|
|teampreview
|inactive|Battle timer is ON: inactive players will automatically lose when time's up. (requested by kianchimchar)
|
|t:|1769307110
|teamsize|p1|6
|teamsize|p2|6
|start
|switch|p1a: Kyurem|Kyurem|100/100
|switch|p2a: Landorus|Landorus-Therian, M|100/100
|-ability|p1a: Kyurem|Pressure
|-ability|p2a: Landorus|Intimidate|boost
|-unboost|p1a: Kyurem|atk|1
|turn|1
|
|t:|1769307128
|switch|p2a: Samurott|Samurott-Hisui, M|100/100
|move|p1a: Kyurem|Freeze-Dry|p2a: Samurott
|-supereffective|p2a: Samurott
|-damage|p2a: Samurott|44/100
|
|upkeep
|turn|2
|
|t:|1769307137
|-terastallize|p2a: Samurott|Poison
|move|p1a: Kyurem|Freeze-Dry|p2a: Samurott
|-damage|p2a: Samurott|18/100
|move|p2a: Samurott|Knock Off|p1a: Kyurem
|-damage|p1a: Kyurem|61/100
|-enditem|p1a: Kyurem|Focus Sash|[from] move: Knock Off|[of] p2a: Samurott
|
|upkeep
|turn|3
|
|t:|1769307150
|move|p2a: Samurott|Aqua Jet|p1a: Kyurem
|-resisted|p1a: Kyurem
|-damage|p1a: Kyurem|54/100
|move|p1a: Kyurem|Freeze-Dry|p2a: Samurott
|-damage|p2a: Samurott|0 fnt
|faint|p2a: Samurott
|
|upkeep
|
|t:|1769307158
|switch|p2a: Blaziken|Blaziken, F|100/100
|turn|4
|
|t:|1769307162
|move|p2a: Blaziken|Protect|p2a: Blaziken
|-singleturn|p2a: Blaziken|Protect
|move|p1a: Kyurem|Roar|p2a: Blaziken
|drag|p2a: Gholdengo|Gholdengo|100/100
|-item|p2a: Gholdengo|Air Balloon
|
|upkeep
|turn|5
|
|t:|1769307172
|move|p1a: Kyurem|Freeze-Dry|p2a: Gholdengo
|-resisted|p2a: Gholdengo
|-damage|p2a: Gholdengo|78/100
|-enditem|p2a: Gholdengo|Air Balloon
|move|p2a: Gholdengo|Dazzling Gleam|p1a: Kyurem
|-supereffective|p1a: Kyurem
|-damage|p1a: Kyurem|3/100
|
|upkeep
|turn|6
|
|t:|1769307181
|move|p1a: Kyurem|Earth Power|p2a: Gholdengo
|-supereffective|p2a: Gholdengo
|-damage|p2a: Gholdengo|8/100
|move|p2a: Gholdengo|Shadow Ball|p1a: Kyurem
|-damage|p1a: Kyurem|0 fnt
|faint|p1a: Kyurem
|
|upkeep
|
|t:|1769307188
|switch|p1a: Scizor|Scizor, M, shiny|100/100
|turn|7
|
|t:|1769307204
|move|p1a: Scizor|Shadow Ball|p2a: Gholdengo
|-supereffective|p2a: Gholdengo
|-damage|p2a: Gholdengo|0 fnt
|faint|p2a: Gholdengo
|
|upkeep
|
|t:|1769307209
|switch|p2a: Blaziken|Blaziken, F|100/100
|turn|8
|
|t:|1769307213
|move|p2a: Blaziken|Protect|p2a: Blaziken
|-singleturn|p2a: Blaziken|Protect
|move|p1a: Scizor|Shadow Ball|p2a: Blaziken
|-activate|p2a: Blaziken|move: Protect
|
|-ability|p2a: Blaziken|Speed Boost|boost
|-boost|p2a: Blaziken|spe|1
|upkeep
|turn|9
|
|t:|1769307220
|move|p1a: Scizor|Shadow Ball|p2a: Blaziken
|-damage|p2a: Blaziken|39/100
|move|p2a: Blaziken|Knock Off|p1a: Scizor
|-supereffective|p1a: Scizor
|-damage|p1a: Scizor|0 fnt
|replace|p1a: Zoroark|Zoroark-Hisui, F
|-end|p1a: Zoroark|Illusion
|-enditem|p1a: Zoroark|Choice Scarf|[from] move: Knock Off|[of] p2a: Blaziken
|faint|p1a: Zoroark
|-damage|p2a: Blaziken|29/100|[from] item: Life Orb
|
|-ability|p2a: Blaziken|Speed Boost|boost
|-boost|p2a: Blaziken|spe|1
|upkeep
|
|t:|1769307226
|switch|p1a: Ditto|Ditto|100/100
|-transform|p1a: Ditto|p2a: Blaziken|[from] ability: Imposter
|turn|10
|
|t:|1769307235
|move|p2a: Blaziken|Protect|p2a: Blaziken
|-singleturn|p2a: Blaziken|Protect
|move|p1a: Ditto|Knock Off|p2a: Blaziken
|-activate|p2a: Blaziken|move: Protect
|
|-ability|p2a: Blaziken|Speed Boost|boost
|-boost|p2a: Blaziken|spe|1
|-ability|p1a: Ditto|Speed Boost|boost
|-boost|p1a: Ditto|spe|1
|upkeep
|turn|11
|
|t:|1769307247
|switch|p2a: Landorus|Landorus-Therian, M|100/100
|-ability|p2a: Landorus|Intimidate|boost
|-unboost|p1a: Ditto|atk|1
|move|p1a: Ditto|Knock Off|p2a: Landorus
|-damage|p2a: Landorus|64/100
|-damage|p1a: Ditto|84/100|[from] item: Rocky Helmet|[of] p2a: Landorus
|-enditem|p2a: Landorus|Rocky Helmet|[from] move: Knock Off|[of] p1a: Ditto
|-damage|p1a: Ditto|74/100|[from] item: Life Orb
|
|-ability|p1a: Ditto|Speed Boost|boost
|-boost|p1a: Ditto|spe|1
|upkeep
|turn|12
|
|t:|1769307259
|move|p1a: Ditto|Flare Blitz|p2a: Landorus
|-damage|p2a: Landorus|2/100
|-damage|p1a: Ditto|50/100|[from] Recoil
|-damage|p1a: Ditto|40/100|[from] item: Life Orb
|move|p2a: Landorus|Stone Edge|p1a: Ditto
|-damage|p1a: Ditto|0 fnt
|faint|p1a: Ditto
|
|upkeep
|
|t:|1769307262
|switch|p1a: Scizor|Scizor, M, shiny|100/100
|turn|13
|
|t:|1769307270
|move|p2a: Landorus|Earthquake|p1a: Scizor
|-damage|p1a: Scizor|42/100
|move|p1a: Scizor|Swords Dance|p1a: Scizor
|-boost|p1a: Scizor|atk|2
|
|upkeep
|turn|14
|
|t:|1769307278
|move|p1a: Scizor|Bullet Punch|p2a: Landorus
|-damage|p2a: Landorus|0 fnt
|faint|p2a: Landorus
|
|upkeep
|
|t:|1769307284
|switch|p2a: Rillaboom|Rillaboom, F|100/100
|-fieldstart|move: Grassy Terrain|[from] ability: Grassy Surge|[of] p2a: Rillaboom
|turn|15
|
|t:|1769307290
|move|p2a: Rillaboom|Stomping Tantrum|p1a: Scizor
|-damage|p1a: Scizor|1/100
|-damage|p2a: Rillaboom|84/100|[from] item: Rocky Helmet|[of] p1a: Scizor
|move|p1a: Scizor|Knock Off|p2a: Rillaboom
|-damage|p2a: Rillaboom|9/100
|-enditem|p2a: Rillaboom|Choice Band|[from] move: Knock Off|[of] p1a: Scizor
|
|-heal|p2a: Rillaboom|15/100|[from] Grassy Terrain
|-heal|p1a: Scizor|7/100|[from] Grassy Terrain
|upkeep
|turn|16
|
|t:|1769307300
|move|p2a: Rillaboom|Grassy Glide|p1a: Scizor
|-resisted|p1a: Scizor
|-damage|p1a: Scizor|0 fnt
|-damage|p2a: Rillaboom|0 fnt|[from] item: Rocky Helmet|[of] p1a: Scizor
|faint|p1a: Scizor
|faint|p2a: Rillaboom
|
|upkeep
|
|t:|1769307309
|switch|p2a: Clefable|Clefable, F|100/100
|switch|p1a: Smeargle|Smeargle, F|100/100
|turn|17
|
|t:|1769307316
|move|p1a: Smeargle|Mortal Spin|p2a: Clefable
|-supereffective|p2a: Clefable
|-damage|p2a: Clefable|91/100
|-status|p2a: Clefable|psn
|move|p2a: Clefable|Thunder Wave|p1a: Smeargle
|-status|p1a: Smeargle|par
|
|-heal|p2a: Clefable|97/100 psn|[from] Grassy Terrain
|-heal|p2a: Clefable|100/100 psn|[from] item: Leftovers
|upkeep
|turn|18
|
|t:|1769307326
|move|p2a: Clefable|Calm Mind|p2a: Clefable
|-boost|p2a: Clefable|spa|1
|-boost|p2a: Clefable|spd|1
|move|p1a: Smeargle|Ceaseless Edge|p2a: Clefable
|-resisted|p2a: Clefable
|-damage|p2a: Clefable|97/100 psn
|-sidestart|p2: dragn1|Spikes
|
|-heal|p2a: Clefable|100/100 psn|[from] Grassy Terrain
|upkeep
|turn|19
|
|t:|1769307337
|move|p2a: Clefable|Moonblast|p1a: Smeargle
|-enditem|p1a: Smeargle|Focus Sash
|-damage|p1a: Smeargle|1/100 par
|-unboost|p1a: Smeargle|spa|1
|cant|p1a: Smeargle|par
|
|-heal|p1a: Smeargle|7/100 par|[from] Grassy Terrain
|-fieldend|move: Grassy Terrain
|upkeep
|turn|20
|
|t:|1769307345
|move|p2a: Clefable|Moonblast|p1a: Smeargle
|-damage|p1a: Smeargle|0 fnt
|faint|p1a: Smeargle
|
|upkeep
|
|t:|1769307347
|switch|p1a: one man army|Dragonite, F, shiny|100/100
|turn|21
|
|t:|1769307352
|-terastallize|p1a: one man army|Ghost
|move|p1a: one man army|Dragon Dance|p1a: one man army
|-boost|p1a: one man army|atk|1
|-boost|p1a: one man army|spe|1
|move|p2a: Clefable|Moonblast|p1a: one man army
|-damage|p1a: one man army|75/100
|
|-heal|p1a: one man army|81/100|[from] item: Leftovers
|upkeep
|turn|22
|
|t:|1769307362
|move|p1a: one man army|Dragon Dance|p1a: one man army
|-boost|p1a: one man army|atk|1
|-boost|p1a: one man army|spe|1
|move|p2a: Clefable|Thunder Wave|p1a: one man army
|-status|p1a: one man army|par
|
|-heal|p1a: one man army|87/100 par|[from] item: Leftovers
|upkeep
|turn|23
|
|t:|1769307369
|move|p1a: one man army|Dragon Dance|p1a: one man army
|-boost|p1a: one man army|atk|1
|-boost|p1a: one man army|spe|1
|move|p2a: Clefable|Moonblast|p1a: one man army
|-damage|p1a: one man army|37/100 par
|-unboost|p1a: one man army|spa|1
|
|-heal|p1a: one man army|43/100 par|[from] item: Leftovers
|upkeep
|turn|24
|
|t:|1769307377
|cant|p1a: one man army|par
|move|p2a: Clefable|Moonblast|p1a: one man army
|-damage|p1a: one man army|0 fnt
|faint|p1a: one man army
|
|win|dragn1
|raw|kianchimchar's rating: 1436 &rarr; <strong>1415</strong><br />(-21 for losing)
|raw|dragn1's rating: 1412 &rarr; <strong>1433</strong><br />(+21 for winning)
|l|☆kianchimchar
|player|p1|
