|inactive|Battle timer is ON: inactive players will automatically lose when time's up.
|badge|p1|bronze|gen9ou|100-8
|badge|p1|bronze|gen9randombattle|100-8
|uhtml|medal-msg|<div class="broadcast-blue">Curious what those medals under the avatar are? PS now has Ladder Seasons! For more information, check out the <a href="https://www.smogon.com/forums/threads/3740067/">thread on Smogon.</a></div>
|t:|1769360686
|gametype|singles
|player|p1|inertialinitiative|#rbtt9mechas2|
|player|p2|watashi|#watashisnow|
|gen|9
|tier|[Gen 9] OU
|rule|HP Percentage Mod: HP is shown in percentages
|rule|Endless Battle Clause: Forcing endless battles is banned
|rule|Species Clause: Limit one of each Pokémon
|rule|OHKO Clause: OHKO moves are banned
|rule|Evasion Items Clause: Evasion items are banned
|rule|Evasion Moves Clause: Evasion moves are banned
|rule|Evasion Abilities Clause: Evasion abilities are banned
|rule|Sleep Moves Clause: Sleep-inducing moves are banned
|clearpoke
|poke|p1|Weavile, F|
|poke|p1|Samurott-Hisui, F|
|poke|p1|Great Tusk|
|poke|p1|Slowking-Galar, M|
|poke|p1|Zapdos|
|poke|p1|Hydrapple, M|
|poke|p2|Ogerpon-Wellspring, F|
|poke|p2|Zamazenta-*|
|poke|p2|Pecharunt|
|poke|p2|Gliscor, M|
|poke|p2|Iron Treads|
|poke|p2|Hatterene, F|
|teampreview
|c|☆watashi|glhf
|c|☆inertialinitiative|hf
|inactive|inertialinitiative has 270 seconds left.
|inactive|watashi has 270 seconds left.
|
|t:|1769360745
|teamsize|p1|6
|teamsize|p2|6
|start
|switch|p1a: Samurott|Samurott-Hisui, F|100/100
|switch|p2a: Ogerpon|Ogerpon-Wellspring, F|100/100
|turn|1
|
|t:|1769360754
|switch|p1a: Zapdos|Zapdos|100/100
|move|p2a: Ogerpon|Knock Off|p1a: Zapdos
|-damage|p1a: Zapdos|74/100
|-enditem|p1a: Zapdos|Heavy-Duty Boots|[from] move: Knock Off|[of] p2a: Ogerpon
|
|upkeep
|turn|2
|
|t:|1769360775
|switch|p2a: Iron Treads|Iron Treads|100/100
|move|p1a: Zapdos|U-turn|p2a: Iron Treads
|-resisted|p2a: Iron Treads
|-damage|p2a: Iron Treads|95/100
|rated|Smogon Premier League
|
|t:|1769360795
|switch|p1a: Great Tusk|Great Tusk|100/100|[from] U-turn
|
|-heal|p2a: Iron Treads|100/100|[from] item: Leftovers
|upkeep
|turn|3
|
|t:|1769360803
|-end|p2a: Iron Treads|Quark Drive|[silent]
|switch|p2a: Hatterene|Hatterene, F|100/100
|move|p1a: Great Tusk|Headlong Rush|p2a: Hatterene
|-damage|p2a: Hatterene|58/100
|-unboost|p1a: Great Tusk|def|1
|-unboost|p1a: Great Tusk|spd|1
|-damage|p1a: Great Tusk|84/100|[from] item: Rocky Helmet|[of] p2a: Hatterene
|
|upkeep
|turn|4
|
|t:|1769360818
|-end|p1a: Great Tusk|Protosynthesis|[silent]
|switch|p1a: Zapdos|Zapdos|74/100
|move|p2a: Hatterene|Pain Split|p1a: Zapdos
|-sethp|p1a: Zapdos|61/100|[from] move: Pain Split|[silent]
|-sethp|p2a: Hatterene|74/100|[from] move: Pain Split
|
|upkeep
|turn|5
|
|t:|1769360828
|switch|p2a: Iron Treads|Iron Treads|100/100
|move|p1a: Zapdos|Hurricane|p2a: Iron Treads|[miss]
|-miss|p1a: Zapdos|p2a: Iron Treads
|
|upkeep
|turn|6
|
|t:|1769360833
|move|p2a: Iron Treads|Stealth Rock|p1a: Zapdos
|-sidestart|p1: inertialinitiative|move: Stealth Rock
|move|p1a: Zapdos|Roost|p1a: Zapdos
|-heal|p1a: Zapdos|100/100
|-singleturn|p1a: Zapdos|move: Roost
|
|upkeep
|turn|7
|
|t:|1769360855
|-end|p2a: Iron Treads|Quark Drive|[silent]
|switch|p2a: Gliscor|Gliscor, M|100/100
|move|p1a: Zapdos|Hurricane|p2a: Gliscor
|-damage|p2a: Gliscor|41/100
|
|-status|p2a: Gliscor|tox|[from] item: Toxic Orb
|upkeep
|turn|8
|
|t:|1769360860
|switch|p1a: Great Tusk|Great Tusk|84/100
|-damage|p1a: Great Tusk|81/100|[from] Stealth Rock
|move|p2a: Gliscor|Protect||[still]
|-fail|p2a: Gliscor
|
|-heal|p2a: Gliscor|54/100 tox|[from] ability: Poison Heal
|upkeep
|turn|9
|
|t:|1769360865
|switch|p2a: Hatterene|Hatterene, F|74/100
|move|p1a: Great Tusk|Stealth Rock|p2a: Hatterene
|move|p2a: Hatterene|Stealth Rock||[from] ability: Magic Bounce|[still]
|-fail|p2a: Hatterene
|
|upkeep
|turn|10
|
|t:|1769360884
|-end|p1a: Great Tusk|Protosynthesis|[silent]
|switch|p1a: Slowking|Slowking-Galar, M|100/100
|move|p2a: Hatterene|Draining Kiss|p1a: Slowking
|-resisted|p1a: Slowking
|-damage|p1a: Slowking|94/100
|-heal|p2a: Hatterene|79/100|[from] drain|[of] p1a: Slowking
|
|upkeep
|turn|11
|
|t:|1769360893
|switch|p2a: Iron Treads|Iron Treads|100/100
|move|p1a: Slowking|Future Sight|p2a: Iron Treads
|-start|p1a: Slowking|move: Future Sight
|
|upkeep
|turn|12
|
|t:|1769360908
|-end|p2a: Iron Treads|Quark Drive|[silent]
|switch|p2a: Ogerpon|Ogerpon-Wellspring, F|100/100
|switch|p1a: Great Tusk|Great Tusk|81/100
|-damage|p1a: Great Tusk|78/100|[from] Stealth Rock
|
|upkeep
|turn|13
|
|t:|1769360924
|switch|p2a: Hatterene|Hatterene, F|79/100
|-end|p1a: Great Tusk|Protosynthesis|[silent]
|switch|p1a: Hydrapple|Hydrapple, M|100/100
|
|-end|p2a: Hatterene|move: Future Sight
|-resisted|p2a: Hatterene
|-damage|p2a: Hatterene|57/100
|upkeep
|turn|14
|
|t:|1769360932
|switch|p1a: Slowking|Slowking-Galar, M|100/100
|move|p2a: Hatterene|Pain Split|p1a: Slowking
|-sethp|p1a: Slowking|73/100|[from] move: Pain Split|[silent]
|-sethp|p2a: Hatterene|90/100|[from] move: Pain Split
|
|upkeep
|turn|15
|
|t:|1769360947
|switch|p2a: Iron Treads|Iron Treads|100/100
|move|p1a: Slowking|Future Sight|p2a: Iron Treads
|-start|p1a: Slowking|move: Future Sight
|
|upkeep
|turn|16
|
|t:|1769360953
|switch|p1a: Great Tusk|Great Tusk|78/100
|-damage|p1a: Great Tusk|75/100|[from] Stealth Rock
|move|p2a: Iron Treads|Earthquake|p1a: Great Tusk
|-damage|p1a: Great Tusk|53/100
|
|upkeep
|turn|17
|
|t:|1769360977
|-end|p2a: Iron Treads|Quark Drive|[silent]
|switch|p2a: Ogerpon|Ogerpon-Wellspring, F|100/100
|move|p1a: Great Tusk|Headlong Rush|p2a: Ogerpon
|-resisted|p2a: Ogerpon
|-damage|p2a: Ogerpon|68/100
|-unboost|p1a: Great Tusk|def|1
|-unboost|p1a: Great Tusk|spd|1
|
|-end|p2a: Ogerpon|move: Future Sight
|-damage|p2a: Ogerpon|13/100
|upkeep
|turn|18
|
|t:|1769360995
|-end|p1a: Great Tusk|Protosynthesis|[silent]
|switch|p1a: Hydrapple|Hydrapple, M|100/100
|move|p2a: Ogerpon|Knock Off|p1a: Hydrapple
|-damage|p1a: Hydrapple|77/100
|-enditem|p1a: Hydrapple|Heavy-Duty Boots|[from] move: Knock Off|[of] p2a: Ogerpon
|
|upkeep
|turn|19
|inactive|watashi has 270 seconds left.
|
|t:|1769361032
|switch|p2a: Hatterene|Hatterene, F|90/100
|move|p1a: Hydrapple|Giga Drain|p2a: Hatterene
|-damage|p2a: Hatterene|61/100
|-heal|p1a: Hydrapple|89/100|[from] drain|[of] p2a: Hatterene
|
|upkeep
|turn|20
|
|t:|1769361047
|switch|p1a: Zapdos|Zapdos|100/100
|-damage|p1a: Zapdos|75/100|[from] Stealth Rock
|switch|p2a: Gliscor|Gliscor, M|54/100 tox
|
|-heal|p2a: Gliscor|66/100 tox|[from] ability: Poison Heal
|upkeep
|turn|21
|
|t:|1769361054
|move|p2a: Gliscor|Protect|p2a: Gliscor
|-singleturn|p2a: Gliscor|Protect
|move|p1a: Zapdos|Hurricane|p2a: Gliscor
|-activate|p2a: Gliscor|move: Protect
|
|-heal|p2a: Gliscor|79/100 tox|[from] ability: Poison Heal
|upkeep
|turn|22
|
|t:|1769361067
|switch|p2a: Iron Treads|Iron Treads|100/100
|move|p1a: Zapdos|Hurricane|p2a: Iron Treads
|-resisted|p2a: Iron Treads
|-damage|p2a: Iron Treads|83/100
|
|-heal|p2a: Iron Treads|89/100|[from] item: Leftovers
|upkeep
|turn|23
|
|t:|1769361074
|move|p2a: Iron Treads|Knock Off|p1a: Zapdos
|-damage|p1a: Zapdos|63/100
|move|p1a: Zapdos|Hurricane|p2a: Iron Treads
|-resisted|p2a: Iron Treads
|-damage|p2a: Iron Treads|70/100
|
|-heal|p2a: Iron Treads|76/100|[from] item: Leftovers
|upkeep
|turn|24
|inactive|watashi has 240 seconds left.
|
|t:|1769361112
|move|p2a: Iron Treads|Knock Off|p1a: Zapdos
|-damage|p1a: Zapdos|52/100
|move|p1a: Zapdos|Hurricane|p2a: Iron Treads
|-resisted|p2a: Iron Treads
|-damage|p2a: Iron Treads|58/100
|
|-heal|p2a: Iron Treads|64/100|[from] item: Leftovers
|upkeep
|turn|25
|inactive|watashi has 240 seconds left.
|
|t:|1769361146
|-end|p2a: Iron Treads|Quark Drive|[silent]
|switch|p2a: Pecharunt|Pecharunt|100/100
|move|p1a: Zapdos|Roost|p1a: Zapdos
|-heal|p1a: Zapdos|100/100
|-singleturn|p1a: Zapdos|move: Roost
|
|upkeep
|turn|26
|inactive|watashi has 210 seconds left.
|
|t:|1769361176
|move|p2a: Pecharunt|Shadow Ball|p1a: Zapdos
|-damage|p1a: Zapdos|74/100
|move|p1a: Zapdos|Discharge|p2a: Pecharunt
|-crit|p2a: Pecharunt
|-damage|p2a: Pecharunt|54/100
|
|upkeep
|turn|27
|
|t:|1769361184
|switch|p1a: Slowking|Slowking-Galar, M|100/100
|move|p2a: Pecharunt|Recover|p2a: Pecharunt
|-heal|p2a: Pecharunt|100/100
|
|upkeep
|turn|28
|
|t:|1769361191
|switch|p2a: Iron Treads|Iron Treads|64/100
|move|p1a: Slowking|Future Sight|p2a: Iron Treads
|-start|p1a: Slowking|move: Future Sight
|
|-heal|p2a: Iron Treads|70/100|[from] item: Leftovers
|upkeep
|turn|29
|
|t:|1769361198
|switch|p1a: Hydrapple|Hydrapple, M|100/100
|-damage|p1a: Hydrapple|88/100|[from] Stealth Rock
|move|p2a: Iron Treads|Earthquake|p1a: Hydrapple
|-resisted|p1a: Hydrapple
|-damage|p1a: Hydrapple|78/100
|
|-heal|p2a: Iron Treads|76/100|[from] item: Leftovers
|upkeep
|turn|30
|
|t:|1769361207
|-end|p2a: Iron Treads|Quark Drive|[silent]
|switch|p2a: Ogerpon|Ogerpon-Wellspring, F|13/100
|move|p1a: Hydrapple|Nasty Plot|p1a: Hydrapple
|-boost|p1a: Hydrapple|spa|2
|
|-end|p2a: Ogerpon|move: Future Sight
|-damage|p2a: Ogerpon|0 fnt
|faint|p2a: Ogerpon
|upkeep
|
|t:|1769361226
|switch|p2a: Pecharunt|Pecharunt|100/100
|turn|31
|
|t:|1769361244
|switch|p1a: Slowking|Slowking-Galar, M|100/100
|move|p2a: Pecharunt|Malignant Chain|p1a: Slowking
|-resisted|p1a: Slowking
|-damage|p1a: Slowking|91/100
|
|upkeep
|turn|32
|inactive|watashi has 210 seconds left.
|inactive|watashi has 180 seconds left.
|
|t:|1769361300
|switch|p2a: Iron Treads|Iron Treads|76/100
|move|p1a: Slowking|Future Sight|p2a: Iron Treads
|-start|p1a: Slowking|move: Future Sight
|
|-heal|p2a: Iron Treads|82/100|[from] item: Leftovers
|upkeep
|turn|33
|
|t:|1769361314
|-end|p2a: Iron Treads|Quark Drive|[silent]
|switch|p2a: Hatterene|Hatterene, F|61/100
|switch|p1a: Hydrapple|Hydrapple, M|100/100
|-damage|p1a: Hydrapple|88/100|[from] Stealth Rock
|
|upkeep
|turn|34
|inactive|watashi has 180 seconds left.
|
|t:|1769361331
|switch|p1a: Slowking|Slowking-Galar, M|100/100
|move|p2a: Hatterene|Pain Split|p1a: Slowking
|-sethp|p1a: Slowking|75/100|[from] move: Pain Split|[silent]
|-sethp|p2a: Hatterene|93/100|[from] move: Pain Split
|
|-end|p2a: Hatterene|move: Future Sight
|-resisted|p2a: Hatterene
|-damage|p2a: Hatterene|71/100
|upkeep
|turn|35
|
|t:|1769361339
|switch|p2a: Iron Treads|Iron Treads|82/100
|move|p1a: Slowking|Future Sight|p2a: Iron Treads
|-start|p1a: Slowking|move: Future Sight
|
|-heal|p2a: Iron Treads|88/100|[from] item: Leftovers
|upkeep
|turn|36
|
|t:|1769361346
|-end|p2a: Iron Treads|Quark Drive|[silent]
|switch|p2a: Hatterene|Hatterene, F|71/100
|switch|p1a: Hydrapple|Hydrapple, M|100/100
|-damage|p1a: Hydrapple|88/100|[from] Stealth Rock
|
|upkeep
|turn|37
|
|t:|1769361359
|switch|p1a: Slowking|Slowking-Galar, M|100/100
|move|p2a: Hatterene|Psychic Noise|p1a: Slowking
|-damage|p1a: Slowking|80/100
|-start|p1a: Slowking|move: Heal Block
|
|-end|p2a: Hatterene|move: Future Sight
|-resisted|p2a: Hatterene
|-damage|p2a: Hatterene|47/100
|upkeep
|turn|38
|
|t:|1769361371
|switch|p2a: Gliscor|Gliscor, M|79/100 tox
|move|p1a: Slowking|Future Sight|p2a: Gliscor
|-start|p1a: Slowking|move: Future Sight
|
|-heal|p2a: Gliscor|91/100 tox|[from] ability: Poison Heal
|-end|p1a: Slowking|move: Heal Block
|upkeep
|turn|39
|
|t:|1769361377
|switch|p2a: Hatterene|Hatterene, F|47/100
|switch|p1a: Great Tusk|Great Tusk|53/100
|-damage|p1a: Great Tusk|50/100|[from] Stealth Rock
|
|upkeep
|turn|40
|
|t:|1769361388
|-end|p1a: Great Tusk|Protosynthesis|[silent]
|switch|p1a: Slowking|Slowking-Galar, M|100/100
|move|p2a: Hatterene|Pain Split|p1a: Slowking
|-sethp|p1a: Slowking|69/100|[from] move: Pain Split|[silent]
|-sethp|p2a: Hatterene|86/100|[from] move: Pain Split
|
|-end|p2a: Hatterene|move: Future Sight
|-resisted|p2a: Hatterene
|-damage|p2a: Hatterene|62/100
|upkeep
|turn|41
|inactive|watashi has 210 seconds left.
|
|t:|1769361409
|move|p2a: Hatterene|Mystical Fire|p1a: Slowking
|-damage|p1a: Slowking|56/100
|-unboost|p1a: Slowking|spa|1
|move|p1a: Slowking|Future Sight|p2a: Hatterene
|-start|p1a: Slowking|move: Future Sight
|
|upkeep
|turn|42
|
|t:|1769361429
|switch|p2a: Iron Treads|Iron Treads|88/100
|-prepare|p1a: Slowking|Chilly Reception|[premajor]
|move|p1a: Slowking|Chilly Reception|p1a: Slowking
|-weather|Snowscape
|
|t:|1769361448
|switch|p1a: Samurott|Samurott-Hisui, F|100/100|[from] Chilly Reception
|-damage|p1a: Samurott|88/100|[from] Stealth Rock
|
|-weather|Snowscape|[upkeep]
|-heal|p2a: Iron Treads|94/100|[from] item: Leftovers
|upkeep
|turn|43
|
|t:|1769361466
|move|p2a: Iron Treads|Rapid Spin|p1a: Samurott
|-damage|p1a: Samurott|74/100
|-boost|p2a: Iron Treads|spe|1
|move|p1a: Samurott|Razor Shell|p2a: Iron Treads
|-supereffective|p2a: Iron Treads
|-damage|p2a: Iron Treads|13/100
|-unboost|p2a: Iron Treads|def|1
|
|-weather|Snowscape|[upkeep]
|-end|p2a: Iron Treads|move: Future Sight
|-resisted|p2a: Iron Treads
|-damage|p2a: Iron Treads|0 fnt
|faint|p2a: Iron Treads
|-end|p2a: Iron Treads|Quark Drive|[silent]
|upkeep
|
|t:|1769361480
|switch|p2a: Zamazenta|Zamazenta|100/100
|-ability|p2a: Zamazenta|Dauntless Shield|boost
|-boost|p2a: Zamazenta|def|1
|turn|44
|inactive|watashi has 180 seconds left.
|
|t:|1769361499
|switch|p1a: Zapdos|Zapdos|74/100
|-damage|p1a: Zapdos|49/100|[from] Stealth Rock
|move|p2a: Zamazenta|Body Press|p1a: Zapdos
|-resisted|p1a: Zapdos
|-damage|p1a: Zapdos|29/100
|
|-weather|Snowscape|[upkeep]
|upkeep
|turn|45
|
|t:|1769361506
|move|p1a: Zapdos|Roost|p1a: Zapdos
|-heal|p1a: Zapdos|79/100
|-singleturn|p1a: Zapdos|move: Roost
|move|p2a: Zamazenta|Roar|p1a: Zapdos
|drag|p1a: Great Tusk|Great Tusk|50/100
|-damage|p1a: Great Tusk|47/100|[from] Stealth Rock
|
|-weather|Snowscape|[upkeep]
|upkeep
|turn|46
|
|t:|1769361513
|switch|p2a: Pecharunt|Pecharunt|100/100
|move|p1a: Great Tusk|Rapid Spin|p2a: Pecharunt
|-immune|p2a: Pecharunt
|
|-weather|none
|upkeep
|turn|47
|
|t:|1769361520
|move|p2a: Pecharunt|Nasty Plot|p2a: Pecharunt
|-boost|p2a: Pecharunt|spa|2
|move|p1a: Great Tusk|Headlong Rush|p2a: Pecharunt
|-supereffective|p2a: Pecharunt
|-damage|p2a: Pecharunt|42/100
|-unboost|p1a: Great Tusk|def|1
|-unboost|p1a: Great Tusk|spd|1
|
|upkeep
|turn|48
|
|t:|1769361541
|move|p2a: Pecharunt|Recover|p2a: Pecharunt
|-heal|p2a: Pecharunt|92/100
|move|p1a: Great Tusk|Headlong Rush|p2a: Pecharunt
|-supereffective|p2a: Pecharunt
|-damage|p2a: Pecharunt|29/100
|-unboost|p1a: Great Tusk|def|1
|-unboost|p1a: Great Tusk|spd|1
|
|upkeep
|turn|49
|
|t:|1769361544
|-terastallize|p2a: Pecharunt|Water
|move|p2a: Pecharunt|Recover|p2a: Pecharunt
|-heal|p2a: Pecharunt|79/100
|move|p1a: Great Tusk|Headlong Rush|p2a: Pecharunt
|-damage|p2a: Pecharunt|48/100
|-unboost|p1a: Great Tusk|def|1
|-unboost|p1a: Great Tusk|spd|1
|
|upkeep
|turn|50
|
|t:|1769361549
|move|p2a: Pecharunt|Shadow Ball|p1a: Great Tusk
|-damage|p1a: Great Tusk|0 fnt
|faint|p1a: Great Tusk
|-end|p1a: Great Tusk|Protosynthesis|[silent]
|
|upkeep
|
|t:|1769361559
|switch|p1a: Hydrapple|Hydrapple, M|100/100
|-damage|p1a: Hydrapple|88/100|[from] Stealth Rock
|turn|51
|inactive|watashi has 210 seconds left.
|
|t:|1769361579
|-terastallize|p1a: Hydrapple|Poison
|move|p2a: Pecharunt|Malignant Chain|p1a: Hydrapple
|-resisted|p1a: Hydrapple
|-damage|p1a: Hydrapple|56/100
|move|p1a: Hydrapple|Giga Drain|p2a: Pecharunt
|-supereffective|p2a: Pecharunt
|-damage|p2a: Pecharunt|0 fnt
|-heal|p1a: Hydrapple|78/100|[from] drain|[of] p2a: Pecharunt
|faint|p2a: Pecharunt
|
|upkeep
|inactive|watashi has 210 seconds left.
|
|t:|1769361584
|switch|p2a: Gliscor|Gliscor, M|91/100 tox
|turn|52
|inactive|watashi has 210 seconds left.
|
|t:|1769361598
|switch|p1a: Zapdos|Zapdos|79/100
|-damage|p1a: Zapdos|54/100|[from] Stealth Rock
|move|p2a: Gliscor|Swords Dance|p2a: Gliscor
|-boost|p2a: Gliscor|atk|2
|
|-heal|p2a: Gliscor|100/100 tox|[from] ability: Poison Heal
|upkeep
|turn|53
|
|t:|1769361602
|move|p2a: Gliscor|Facade|p1a: Zapdos
|-damage|p1a: Zapdos|10/100
|move|p1a: Zapdos|Hurricane|p2a: Gliscor
|-damage|p2a: Gliscor|40/100 tox
|
|-heal|p2a: Gliscor|52/100 tox|[from] ability: Poison Heal
|upkeep
|turn|54
|
|t:|1769361608
|move|p2a: Gliscor|Facade|p1a: Zapdos
|-damage|p1a: Zapdos|0 fnt
|faint|p1a: Zapdos
|
|-heal|p2a: Gliscor|65/100 tox|[from] ability: Poison Heal
|upkeep
|
|t:|1769361611
|switch|p1a: Weavile|Weavile, F|100/100
|turn|55
|
|t:|1769361615
|move|p2a: Gliscor|Protect|p2a: Gliscor
|-singleturn|p2a: Gliscor|Protect
|move|p1a: Weavile|Triple Axel|p2a: Gliscor
|-activate|p2a: Gliscor|move: Protect
|
|-heal|p2a: Gliscor|77/100 tox|[from] ability: Poison Heal
|upkeep
|turn|56
|
|t:|1769361619
|switch|p2a: Zamazenta|Zamazenta|100/100
|move|p1a: Weavile|Triple Axel|p2a: Zamazenta
|-damage|p2a: Zamazenta|93/100
|-damage|p2a: Zamazenta|78/100
|-damage|p2a: Zamazenta|56/100
|-hitcount|p2a: Zamazenta|3
|
|-heal|p2a: Zamazenta|63/100|[from] item: Leftovers
|upkeep
|turn|57
|
|t:|1769361625
|switch|p2a: Gliscor|Gliscor, M|77/100 tox
|switch|p1a: Slowking|Slowking-Galar, M|89/100
|
|-heal|p2a: Gliscor|90/100 tox|[from] ability: Poison Heal
|upkeep
|turn|58
|
|t:|1769361632
|move|p2a: Gliscor|Earthquake|p1a: Slowking
|-supereffective|p1a: Slowking
|-damage|p1a: Slowking|25/100
|-prepare|p1a: Slowking|Chilly Reception|[premajor]
|move|p1a: Slowking|Chilly Reception|p1a: Slowking
|-weather|Snowscape
|
|t:|1769361639
|switch|p1a: Weavile|Weavile, F|100/100|[from] Chilly Reception
|
|-weather|Snowscape|[upkeep]
|-heal|p2a: Gliscor|100/100 tox|[from] ability: Poison Heal
|upkeep
|turn|59
|
|t:|1769361642
|move|p2a: Gliscor|Protect|p2a: Gliscor
|-singleturn|p2a: Gliscor|Protect
|move|p1a: Weavile|Triple Axel|p2a: Gliscor
|-activate|p2a: Gliscor|move: Protect
|
|-weather|Snowscape|[upkeep]
|upkeep
|turn|60
|
|t:|1769361651
|switch|p2a: Hatterene|Hatterene, F|62/100
|move|p1a: Weavile|Knock Off|p2a: Hatterene
|-damage|p2a: Hatterene|21/100
|-damage|p1a: Weavile|84/100|[from] item: Rocky Helmet|[of] p2a: Hatterene
|-enditem|p2a: Hatterene|Rocky Helmet|[from] move: Knock Off|[of] p1a: Weavile
|
|-weather|Snowscape|[upkeep]
|upkeep
|turn|61
|
|t:|1769361667
|switch|p2a: Zamazenta|Zamazenta|63/100
|move|p1a: Weavile|Knock Off|p2a: Zamazenta
|-resisted|p2a: Zamazenta
|-damage|p2a: Zamazenta|45/100
|-enditem|p2a: Zamazenta|Leftovers|[from] move: Knock Off|[of] p1a: Weavile
|
|-weather|Snowscape|[upkeep]
|upkeep
|turn|62
|
|t:|1769361672
|switch|p2a: Gliscor|Gliscor, M|100/100 tox
|switch|p1a: Samurott|Samurott-Hisui, F|74/100
|-damage|p1a: Samurott|62/100|[from] Stealth Rock
|
|-weather|none
|upkeep
|turn|63
|
|t:|1769361679
|move|p2a: Gliscor|Protect|p2a: Gliscor
|-singleturn|p2a: Gliscor|Protect
|move|p1a: Samurott|Razor Shell|p2a: Gliscor
|-activate|p2a: Gliscor|move: Protect
|
|upkeep
|turn|64
|
|t:|1769361683
|move|p2a: Gliscor|Swords Dance|p2a: Gliscor
|-boost|p2a: Gliscor|atk|2
|move|p1a: Samurott|Razor Shell|p2a: Gliscor
|-supereffective|p2a: Gliscor
|-damage|p2a: Gliscor|8/100 tox
|
|-heal|p2a: Gliscor|20/100 tox|[from] ability: Poison Heal
|upkeep
|turn|65
|
|t:|1769361691
|move|p2a: Gliscor|Protect|p2a: Gliscor
|-singleturn|p2a: Gliscor|Protect
|move|p1a: Samurott|Sucker Punch||[still]
|-fail|p1a: Samurott
|
|-heal|p2a: Gliscor|33/100 tox|[from] ability: Poison Heal
|upkeep
|turn|66
|
|t:|1769361697
|move|p1a: Samurott|Sucker Punch|p2a: Gliscor
|-damage|p2a: Gliscor|4/100 tox
|move|p2a: Gliscor|Earthquake|p1a: Samurott
|-damage|p1a: Samurott|0 fnt
|faint|p1a: Samurott
|
|-heal|p2a: Gliscor|16/100 tox|[from] ability: Poison Heal
|upkeep
|
|t:|1769361701
|switch|p1a: Weavile|Weavile, F|84/100
|turn|67
|
|t:|1769361706
|move|p2a: Gliscor|Protect|p2a: Gliscor
|-singleturn|p2a: Gliscor|Protect
|move|p1a: Weavile|Knock Off|p2a: Gliscor
|-activate|p2a: Gliscor|move: Protect
|
|-heal|p2a: Gliscor|29/100 tox|[from] ability: Poison Heal
|upkeep
|turn|68
|
|t:|1769361715
|switch|p2a: Zamazenta|Zamazenta|45/100
|move|p1a: Weavile|Knock Off|p2a: Zamazenta
|-resisted|p2a: Zamazenta
|-damage|p2a: Zamazenta|33/100
|
|upkeep
|turn|69
|
|t:|1769361723
|switch|p2a: Gliscor|Gliscor, M|29/100 tox
|move|p1a: Weavile|Ice Shard|p2a: Gliscor
|-supereffective|p2a: Gliscor
|-damage|p2a: Gliscor|0 fnt
|faint|p2a: Gliscor
|
|upkeep
|c|☆watashi|gg
|c|☆inertialinitiative|gg
|-message|watashi forfeited.
|
|win|inertialinitiative
|player|p2|
|player|p2|watashi|#watashisnow|
