|j|☆Superborne
|j|☆lean_z1p3
|t:|1769436006
|gametype|singles
|player|p1|Superborne|theroyal|1112
|player|p2|lean_z1p3|valerie|1188
|gen|9
|tier|[Gen 9] OU
|rated|
|rule|HP Percentage Mod: HP is shown in percentages
|rule|Endless Battle Clause: Forcing endless battles is banned
|rule|Species Clause: Limit one of each Pokémon
|rule|OHKO Clause: OHKO moves are banned
|rule|Evasion Items Clause: Evasion items are banned
|rule|Evasion Moves Clause: Evasion moves are banned
|rule|Evasion Abilities Clause: Evasion abilities are banned
|rule|Sleep Moves Clause: Sleep-inducing moves are banned
|clearpoke
|poke|p1|Iron Valiant|
|poke|p1|Ceruledge, M|
|poke|p1|Latias, F|
|poke|p1|Darkrai|
|poke|p1|Zapdos|
|poke|p1|Iron Treads|
|poke|p2|Iron Treads|
|poke|p2|Gholdengo|
|poke|p2|Infernape, M|
|poke|p2|Rillaboom, M|
|poke|p2|Greninja-*, M|
|poke|p2|Salamence, M|
|teampreview
|inactive|Battle timer is ON: inactive players will automatically lose when time's up. (requested by lean_z1p3)
|
|t:|1769436026
|teamsize|p1|6
|teamsize|p2|6
|start
|switch|p1a: Iron Valiant|Iron Valiant|100/100
|switch|p2a: iron_wheel.mp4|Iron Treads|100/100
|-enditem|p2a: iron_wheel.mp4|Booster Energy
|-activate|p2a: iron_wheel.mp4|ability: Quark Drive|[fromitem]
|-start|p2a: iron_wheel.mp4|quarkdrivespe
|turn|1
|
|t:|1769436031
|move|p2a: iron_wheel.mp4|Stealth Rock|p1a: Iron Valiant
|-sidestart|p1: Superborne|move: Stealth Rock
|move|p1a: Iron Valiant|Aura Sphere|p2a: iron_wheel.mp4
|-supereffective|p2a: iron_wheel.mp4
|-damage|p2a: iron_wheel.mp4|0 fnt
|faint|p2a: iron_wheel.mp4
|-end|p2a: iron_wheel.mp4|Quark Drive|[silent]
|
|upkeep
|inactive|lean_z1p3 has 120 seconds left.
|
|t:|1769436063
|switch|p2a: golden_ficello.mp4|Gholdengo, shiny|100/100
|turn|2
|
|t:|1769436080
|-end|p1a: Iron Valiant|Quark Drive|[silent]
|switch|p1a: Zapdos|Zapdos|100/100
|move|p2a: golden_ficello.mp4|Make It Rain|p1a: Zapdos
|-resisted|p1a: Zapdos
|-damage|p1a: Zapdos|68/100
|-unboost|p2a: golden_ficello.mp4|spa|1
|
|upkeep
|turn|3
|
|t:|1769436097
|switch|p2a: grass_monkey.mp4|Rillaboom, M|100/100
|-fieldstart|move: Grassy Terrain|[from] ability: Grassy Surge|[of] p2a: grass_monkey.mp4
|move|p1a: Zapdos|Thunder Wave|p2a: grass_monkey.mp4
|-status|p2a: grass_monkey.mp4|par
|
|upkeep
|turn|4
|
|t:|1769436103
|move|p1a: Zapdos|Hurricane|p2a: grass_monkey.mp4
|-supereffective|p2a: grass_monkey.mp4
|-damage|p2a: grass_monkey.mp4|0 fnt
|faint|p2a: grass_monkey.mp4
|
|upkeep
|
|t:|1769436111
|switch|p2a: ninja_frog.mp4|Greninja, M|100/100
|turn|5
|
|t:|1769436115
|move|p2a: ninja_frog.mp4|Ice Beam|p1a: Zapdos
|-start|p2a: ninja_frog.mp4|typechange|Ice|[from] ability: Protean
|-supereffective|p1a: Zapdos
|-damage|p1a: Zapdos|0 fnt
|faint|p1a: Zapdos
|
|upkeep
|
|t:|1769436142
|switch|p1a: Iron Treads|Iron Treads|100/100
|-damage|p1a: Iron Treads|97/100|[from] Stealth Rock
|turn|6
|
|t:|1769436149
|switch|p2a: golden_ficello.mp4|Gholdengo, shiny|100/100
|move|p1a: Iron Treads|Rapid Spin|p2a: golden_ficello.mp4
|-immune|p2a: golden_ficello.mp4
|
|-heal|p1a: Iron Treads|100/100|[from] Grassy Terrain
|upkeep
|turn|7
|
|t:|1769436156
|switch|p2a: ugly_dragon.mp4|Salamence, M|100/100
|move|p1a: Iron Treads|Earthquake|p2a: ugly_dragon.mp4
|-immune|p2a: ugly_dragon.mp4
|
|-fieldend|move: Grassy Terrain
|upkeep
|turn|8
|
|t:|1769436159
|move|p1a: Iron Treads|Rapid Spin|p2a: ugly_dragon.mp4
|-damage|p2a: ugly_dragon.mp4|82/100
|-boost|p1a: Iron Treads|spe|1
|-sideend|p1: Superborne|Stealth Rock|[from] move: Rapid Spin|[of] p1a: Iron Treads
|move|p2a: ugly_dragon.mp4|Dragon Dance|p2a: ugly_dragon.mp4
|-boost|p2a: ugly_dragon.mp4|atk|1
|-boost|p2a: ugly_dragon.mp4|spe|1
|
|upkeep
|turn|9
|
|t:|1769436173
|move|p1a: Iron Treads|Knock Off|p2a: ugly_dragon.mp4
|-damage|p2a: ugly_dragon.mp4|42/100
|-enditem|p2a: ugly_dragon.mp4|Heavy-Duty Boots|[from] move: Knock Off|[of] p1a: Iron Treads
|move|p2a: ugly_dragon.mp4|Dual Wingbeat|p1a: Iron Treads|[miss]
|-miss|p2a: ugly_dragon.mp4|p1a: Iron Treads
|
|upkeep
|turn|10
|
|t:|1769436183
|move|p1a: Iron Treads|Stealth Rock|p2a: ugly_dragon.mp4
|-sidestart|p2: lean_z1p3|move: Stealth Rock
|move|p2a: ugly_dragon.mp4|Temper Flare|p1a: Iron Treads
|-supereffective|p1a: Iron Treads
|-damage|p1a: Iron Treads|0 fnt
|faint|p1a: Iron Treads
|-end|p1a: Iron Treads|Quark Drive|[silent]
|-ability|p2a: ugly_dragon.mp4|Moxie|boost
|-boost|p2a: ugly_dragon.mp4|atk|1
|
|upkeep
|
|t:|1769436196
|switch|p1a: Darkrai|Darkrai|100/100
|turn|11
|
|t:|1769436200
|move|p1a: Darkrai|Ice Beam|p2a: ugly_dragon.mp4
|-supereffective|p2a: ugly_dragon.mp4
|-damage|p2a: ugly_dragon.mp4|0 fnt
|faint|p2a: ugly_dragon.mp4
|
|upkeep
|
|t:|1769436203
|switch|p2a: ninja_frog.mp4|Greninja, M|100/100
|-damage|p2a: ninja_frog.mp4|88/100|[from] Stealth Rock
|turn|12
|
|t:|1769436211
|switch|p1a: Iron Valiant|Iron Valiant|100/100
|move|p2a: ninja_frog.mp4|U-turn|p1a: Iron Valiant
|-start|p2a: ninja_frog.mp4|typechange|Bug|[from] ability: Protean
|-resisted|p1a: Iron Valiant
|-damage|p1a: Iron Valiant|93/100
|
|t:|1769436219
|switch|p2a: golden_ficello.mp4|Gholdengo, shiny|100/100|[from] U-turn
|-damage|p2a: golden_ficello.mp4|94/100|[from] Stealth Rock
|
|upkeep
|turn|13
|
|t:|1769436223
|move|p2a: golden_ficello.mp4|Make It Rain|p1a: Iron Valiant
|-supereffective|p1a: Iron Valiant
|-damage|p1a: Iron Valiant|0 fnt
|-unboost|p2a: golden_ficello.mp4|spa|1
|faint|p1a: Iron Valiant
|-end|p1a: Iron Valiant|Quark Drive|[silent]
|
|upkeep
|
|t:|1769436232
|switch|p1a: Ceruledge|Ceruledge, M|100/100
|turn|14
|
|t:|1769436238
|switch|p2a: fire_monkey.mp4|Infernape, M|100/100
|-damage|p2a: fire_monkey.mp4|88/100|[from] Stealth Rock
|move|p1a: Ceruledge|Swords Dance|p1a: Ceruledge
|-boost|p1a: Ceruledge|atk|2
|
|upkeep
|turn|15
|
|t:|1769436255
|move|p2a: fire_monkey.mp4|Tera Blast|p1a: Ceruledge
|-immune|p1a: Ceruledge
|move|p1a: Ceruledge|Poltergeist|p2a: fire_monkey.mp4
|-activate|p2a: fire_monkey.mp4|move: Poltergeist|Life Orb
|-damage|p2a: fire_monkey.mp4|0 fnt
|faint|p2a: fire_monkey.mp4
|
|upkeep
|
|t:|1769436258
|switch|p2a: golden_ficello.mp4|Gholdengo, shiny|94/100
|-damage|p2a: golden_ficello.mp4|88/100|[from] Stealth Rock
|turn|16
|
|t:|1769436268
|-terastallize|p2a: golden_ficello.mp4|Flying
|move|p2a: golden_ficello.mp4|Trick|p1a: Ceruledge
|-activate|p2a: golden_ficello.mp4|move: Trick|[of] p1a: Ceruledge
|-item|p1a: Ceruledge|Choice Scarf|[from] move: Trick
|-item|p2a: golden_ficello.mp4|Focus Sash|[from] move: Trick
|move|p1a: Ceruledge|Bitter Blade|p2a: golden_ficello.mp4
|-damage|p2a: golden_ficello.mp4|0 fnt
|faint|p2a: golden_ficello.mp4
|
|upkeep
|
|t:|1769436275
|switch|p2a: ninja_frog.mp4|Greninja, M|88/100
|-damage|p2a: ninja_frog.mp4|76/100|[from] Stealth Rock
|turn|17
|
|t:|1769436278
|move|p2a: ninja_frog.mp4|Surf|p1a: Ceruledge
|-start|p2a: ninja_frog.mp4|typechange|Water|[from] ability: Protean
|-supereffective|p1a: Ceruledge
|-damage|p1a: Ceruledge|1/100
|move|p1a: Ceruledge|Bitter Blade|p2a: ninja_frog.mp4
|-resisted|p2a: ninja_frog.mp4
|-damage|p2a: ninja_frog.mp4|6/100
|-heal|p1a: Ceruledge|35/100|[from] drain|[of] p2a: ninja_frog.mp4
|
|upkeep
|turn|18
|
|t:|1769436284
|move|p2a: ninja_frog.mp4|Surf|p1a: Ceruledge
|-supereffective|p1a: Ceruledge
|-damage|p1a: Ceruledge|0 fnt
|faint|p1a: Ceruledge
|
|upkeep
|
|t:|1769436285
|switch|p1a: Darkrai|Darkrai|100/100
|turn|19
|c|☆lean_z1p3|gg!
|
|t:|1769436291
|move|p1a: Darkrai|Dark Pulse|p2a: ninja_frog.mp4
|-damage|p2a: ninja_frog.mp4|0 fnt
|faint|p2a: ninja_frog.mp4
|
|win|Superborne
|raw|Superborne's rating: 1112 &rarr; <strong>1142</strong><br />(+30 for winning)
|raw|lean_z1p3's rating: 1188 &rarr; <strong>1158</strong><br />(-30 for losing)
|l|☆lean_z1p3
|player|p2|
|c|☆Superborne|Gg
