|j|☆SokamiTv
|j|☆mister shiz
|t:|1769394536
|gametype|singles
|player|p1|SokamiTv|266|1327
|player|p2|mister shiz|sage|1340
|gen|9
|tier|[Gen 9] OU
|rated|
|rule|HP Percentage Mod: HP is shown in percentages
|rule|Endless Battle Clause: Forcing endless battles is banned
|rule|Species Clause: Limit one of each Pokémon
|rule|OHKO Clause: OHKO moves are banned
|rule|Evasion Items Clause: Evasion items are banned
|rule|Evasion Moves Clause: Evasion moves are banned
|rule|Evasion Abilities Clause: Evasion abilities are banned
|rule|Sleep Moves Clause: Sleep-inducing moves are banned
|clearpoke
|poke|p1|Gholdengo|
|poke|p1|Ogerpon, F|
|poke|p1|Rillaboom, M|
|poke|p1|Samurott-Hisui, M|
|poke|p1|Glimmora, M|
|poke|p1|Raging Bolt|
|poke|p2|Raging Bolt|
|poke|p2|Alomomola, M|
|poke|p2|Hatterene, F|
|poke|p2|Lokix, F|
|poke|p2|Great Tusk|
|poke|p2|Heatran, M|
|teampreview
|inactive|Battle timer is ON: inactive players will automatically lose when time's up. (requested by SokamiTv)
|
|t:|1769394560
|teamsize|p1|6
|teamsize|p2|6
|start
|switch|p1a: Samurott|Samurott-Hisui, M, shiny|100/100
|switch|p2a: Great Tusk|Great Tusk|100/100
|turn|1
|
|t:|1769394573
|-end|p2a: Great Tusk|Protosynthesis|[silent]
|switch|p2a: Alomomola|Alomomola, M|100/100
|move|p1a: Samurott|Flip Turn|p2a: Alomomola
|-resisted|p2a: Alomomola
|-damage|p2a: Alomomola|92/100
|-enditem|p2a: Alomomola|Eject Button
|
|t:|1769394595
|switch|p2a: Lokix|Lokix, F|100/100
|
|upkeep
|turn|2
|
|t:|1769394606
|switch|p1a: Glimmora|Glimmora, M, shiny|100/100
|move|p2a: Lokix|U-turn|p1a: Glimmora
|-resisted|p1a: Glimmora
|-damage|p1a: Glimmora|60/100
|-activate|p1a: Glimmora|ability: Toxic Debris
|-sidestart|p2: mister shiz|move: Toxic Spikes
|-enditem|p1a: Glimmora|Red Card|[of] p2a: Lokix
|drag|p2a: Hatterene|Hatterene, F|100/100
|-status|p2a: Hatterene|psn
|
|-damage|p2a: Hatterene|88/100 psn|[from] psn
|upkeep
|turn|3
|
|t:|1769394622
|switch|p1a: Ogerpon|Ogerpon, F|100/100
|move|p2a: Hatterene|Nuzzle|p1a: Ogerpon
|-resisted|p1a: Ogerpon
|-damage|p1a: Ogerpon|98/100
|-status|p1a: Ogerpon|par
|
|-damage|p2a: Hatterene|76/100 psn|[from] psn
|upkeep
|turn|4
|
|t:|1769394637
|move|p1a: Ogerpon|Ivy Cudgel|p2a: Hatterene
|-damage|p2a: Hatterene|0 fnt
|faint|p2a: Hatterene
|
|upkeep
|inactive|mister shiz has 120 seconds left.
|
|t:|1769394653
|switch|p2a: Heatran|Heatran, M|100/100
|turn|5
|inactive|mister shiz has 120 seconds left.
|
|t:|1769394661
|switch|p1a: Samurott|Samurott-Hisui, M, shiny|100/100
|move|p2a: Heatran|Stealth Rock|p1a: Samurott
|-sidestart|p1: SokamiTv|move: Stealth Rock
|
|upkeep
|turn|6
|inactive|mister shiz has 120 seconds left.
|
|t:|1769394675
|switch|p2a: Alomomola|Alomomola, M|100/100
|-status|p2a: Alomomola|psn
|move|p1a: Samurott|Knock Off|p2a: Alomomola
|-damage|p2a: Alomomola|78/100 psn
|
|-damage|p2a: Alomomola|66/100 psn|[from] psn
|upkeep
|turn|7
|
|t:|1769394683
|move|p1a: Samurott|Ceaseless Edge|p2a: Alomomola
|-damage|p2a: Alomomola|31/100 psn
|-sidestart|p2: mister shiz|Spikes
|move|p2a: Alomomola|Flip Turn|p1a: Samurott
|-resisted|p1a: Samurott
|-damage|p1a: Samurott|90/100
|
|t:|1769394687
|switch|p2a: Great Tusk|Great Tusk|100/100|[from] Flip Turn
|-status|p2a: Great Tusk|psn
|-damage|p2a: Great Tusk|88/100 psn|[from] Spikes
|
|-damage|p2a: Great Tusk|76/100 psn|[from] psn
|upkeep
|turn|8
|
|t:|1769394695
|switch|p1a: Gholdengo|Gholdengo, shiny|100/100
|-damage|p1a: Gholdengo|94/100|[from] Stealth Rock
|move|p2a: Great Tusk|Headlong Rush|p1a: Gholdengo
|-supereffective|p1a: Gholdengo
|-damage|p1a: Gholdengo|2/100
|-unboost|p2a: Great Tusk|def|1
|-unboost|p2a: Great Tusk|spd|1
|
|-damage|p2a: Great Tusk|63/100 psn|[from] psn
|upkeep
|turn|9
|
|t:|1769394719
|-end|p2a: Great Tusk|Protosynthesis|[silent]
|switch|p2a: Alomomola|Alomomola, M|64/100 psn
|-damage|p2a: Alomomola|51/100 psn|[from] Spikes
|move|p1a: Gholdengo|Dazzling Gleam|p2a: Alomomola
|-damage|p2a: Alomomola|31/100 psn
|
|-damage|p2a: Alomomola|19/100 psn|[from] psn
|upkeep
|turn|10
|
|t:|1769394732
|switch|p2a: Heatran|Heatran, M|100/100
|-damage|p2a: Heatran|88/100|[from] Spikes
|move|p1a: Gholdengo|Recover|p1a: Gholdengo
|-heal|p1a: Gholdengo|52/100
|
|-heal|p2a: Heatran|94/100|[from] item: Leftovers
|upkeep
|turn|11
|
|t:|1769394742
|switch|p1a: Samurott|Samurott-Hisui, M, shiny|90/100
|-damage|p1a: Samurott|77/100|[from] Stealth Rock
|move|p2a: Heatran|Earth Power|p1a: Samurott
|-damage|p1a: Samurott|40/100
|-unboost|p1a: Samurott|spd|1
|
|-heal|p2a: Heatran|100/100|[from] item: Leftovers
|upkeep
|turn|12
|inactive|mister shiz has 120 seconds left.
|inactive|mister shiz has 90 seconds left.
|
|t:|1769394797
|move|p1a: Samurott|Flip Turn|p2a: Heatran
|-supereffective|p2a: Heatran
|-damage|p2a: Heatran|57/100
|
|t:|1769394805
|switch|p1a: Glimmora|Glimmora, M, shiny|60/100|[from] Flip Turn
|-damage|p1a: Glimmora|47/100|[from] Stealth Rock
|move|p2a: Heatran|Earth Power|p1a: Glimmora
|-supereffective|p1a: Glimmora
|-damage|p1a: Glimmora|0 fnt
|faint|p1a: Glimmora
|
|-heal|p2a: Heatran|63/100|[from] item: Leftovers
|upkeep
|
|t:|1769394810
|switch|p1a: Rillaboom|Rillaboom, M, shiny|100/100
|-damage|p1a: Rillaboom|88/100|[from] Stealth Rock
|-fieldstart|move: Grassy Terrain|[from] ability: Grassy Surge|[of] p1a: Rillaboom
|turn|13
|inactive|mister shiz has 90 seconds left.
|
|t:|1769394841
|-terastallize|p1a: Rillaboom|Electric
|-terastallize|p2a: Heatran|Grass
|move|p1a: Rillaboom|Swords Dance|p1a: Rillaboom
|-boost|p1a: Rillaboom|atk|2
|move|p2a: Heatran|Magma Storm|p1a: Rillaboom|[miss]
|-miss|p2a: Heatran|p1a: Rillaboom
|
|-heal|p1a: Rillaboom|94/100|[from] Grassy Terrain
|-heal|p2a: Heatran|69/100|[from] Grassy Terrain
|-heal|p2a: Heatran|76/100|[from] item: Leftovers
|upkeep
|turn|14
|
|t:|1769394856
|move|p1a: Rillaboom|Tera Blast|p2a: Heatran|[anim] Tera Blast Electric
|-resisted|p2a: Heatran
|-damage|p2a: Heatran|35/100
|-damage|p1a: Rillaboom|84/100|[from] item: Life Orb
|move|p2a: Heatran|Earth Power|p1a: Rillaboom
|-supereffective|p1a: Rillaboom
|-damage|p1a: Rillaboom|10/100
|
|-heal|p1a: Rillaboom|16/100|[from] Grassy Terrain
|-heal|p2a: Heatran|41/100|[from] Grassy Terrain
|-heal|p2a: Heatran|47/100|[from] item: Leftovers
|upkeep
|turn|15
|
|t:|1769394868
|move|p1a: Rillaboom|Tera Blast|p2a: Heatran|[anim] Tera Blast Electric
|-resisted|p2a: Heatran
|-damage|p2a: Heatran|11/100
|-damage|p1a: Rillaboom|6/100|[from] item: Life Orb
|move|p2a: Heatran|Earth Power|p1a: Rillaboom
|-supereffective|p1a: Rillaboom
|-damage|p1a: Rillaboom|0 fnt
|faint|p1a: Rillaboom
|
|-heal|p2a: Heatran|18/100|[from] Grassy Terrain
|-heal|p2a: Heatran|24/100|[from] item: Leftovers
|upkeep
|
|t:|1769394877
|switch|p1a: Samurott|Samurott-Hisui, M, shiny|40/100
|-damage|p1a: Samurott|28/100|[from] Stealth Rock
|turn|16
|
|t:|1769394900
|switch|p2a: Alomomola|Alomomola, M|52/100 psn
|-damage|p2a: Alomomola|40/100 psn|[from] Spikes
|move|p1a: Samurott|Sucker Punch||[still]
|-fail|p1a: Samurott
|
|-heal|p1a: Samurott|34/100|[from] Grassy Terrain
|-heal|p2a: Alomomola|46/100 psn|[from] Grassy Terrain
|-damage|p2a: Alomomola|33/100 psn|[from] psn
|upkeep
|turn|17
|
|t:|1769394905
|move|p1a: Samurott|Ceaseless Edge|p2a: Alomomola
|-damage|p2a: Alomomola|0 fnt
|-sidestart|p2: mister shiz|Spikes
|faint|p2a: Alomomola
|
|-heal|p1a: Samurott|40/100|[from] Grassy Terrain
|-fieldend|move: Grassy Terrain
|upkeep
|
|t:|1769394909
|switch|p2a: Great Tusk|Great Tusk|63/100 psn
|-damage|p2a: Great Tusk|47/100 psn|[from] Spikes
|turn|18
|
|t:|1769394917
|switch|p1a: Gholdengo|Gholdengo, shiny|52/100
|-damage|p1a: Gholdengo|46/100|[from] Stealth Rock
|move|p2a: Great Tusk|Rapid Spin|p1a: Gholdengo
|-immune|p1a: Gholdengo
|
|-damage|p2a: Great Tusk|34/100 psn|[from] psn
|upkeep
|turn|19
|
|t:|1769394926
|move|p2a: Great Tusk|Headlong Rush|p1a: Gholdengo
|-supereffective|p1a: Gholdengo
|-crit|p1a: Gholdengo
|-damage|p1a: Gholdengo|0 fnt
|-unboost|p2a: Great Tusk|def|1
|-unboost|p2a: Great Tusk|spd|1
|faint|p1a: Gholdengo
|
|-damage|p2a: Great Tusk|22/100 psn|[from] psn
|upkeep
|
|t:|1769394930
|switch|p1a: Samurott|Samurott-Hisui, M, shiny|40/100
|-damage|p1a: Samurott|28/100|[from] Stealth Rock
|turn|20
|
|t:|1769394941
|move|p1a: Samurott|Sucker Punch|p2a: Great Tusk
|-resisted|p2a: Great Tusk
|-damage|p2a: Great Tusk|0 fnt
|faint|p2a: Great Tusk
|-end|p2a: Great Tusk|Protosynthesis|[silent]
|
|upkeep
|inactive|mister shiz has 90 seconds left.
|
|t:|1769394966
|switch|p2a: Lokix|Lokix, F|100/100
|-status|p2a: Lokix|psn
|-damage|p2a: Lokix|84/100 psn|[from] Spikes
|turn|21
|
|t:|1769394970
|move|p1a: Samurott|Sucker Punch|p2a: Lokix
|-resisted|p2a: Lokix
|-damage|p2a: Lokix|54/100 psn
|move|p2a: Lokix|U-turn|p1a: Samurott
|-supereffective|p1a: Samurott
|-damage|p1a: Samurott|0 fnt
|faint|p1a: Samurott
|
|t:|1769394980
|switch|p2a: Heatran|Heatran, M, tera:Grass|24/100|[from] U-turn
|-status|p2a: Heatran|psn
|-damage|p2a: Heatran|7/100 psn|[from] Spikes
|
|-heal|p2a: Heatran|13/100 psn|[from] item: Leftovers
|-damage|p2a: Heatran|1/100 psn|[from] psn
|upkeep
|
|t:|1769394990
|switch|p1a: Raging Bolt|Raging Bolt|100/100
|-damage|p1a: Raging Bolt|88/100|[from] Stealth Rock
|-enditem|p1a: Raging Bolt|Booster Energy
|-activate|p1a: Raging Bolt|ability: Protosynthesis|[fromitem]
|-start|p1a: Raging Bolt|protosynthesisspa
|turn|22
|
|t:|1769394996
|move|p1a: Raging Bolt|Thunderbolt|p2a: Heatran
|-resisted|p2a: Heatran
|-crit|p2a: Heatran
|-damage|p2a: Heatran|0 fnt
|faint|p2a: Heatran
|
|upkeep
|
|t:|1769395003
|switch|p2a: Raging Bolt|Raging Bolt|100/100
|-status|p2a: Raging Bolt|psn
|-damage|p2a: Raging Bolt|84/100 psn|[from] Spikes
|turn|23
|
|t:|1769395011
|move|p2a: Raging Bolt|Draco Meteor|p1a: Raging Bolt
|-supereffective|p1a: Raging Bolt
|-damage|p1a: Raging Bolt|0 fnt
|-unboost|p2a: Raging Bolt|spa|2
|faint|p1a: Raging Bolt
|-end|p1a: Raging Bolt|Protosynthesis|[silent]
|
|-damage|p2a: Raging Bolt|72/100 psn|[from] psn
|upkeep
|
|t:|1769395015
|switch|p1a: Ogerpon|Ogerpon, F|98/100 par
|-damage|p1a: Ogerpon|86/100 par|[from] Stealth Rock
|turn|24
|inactive|mister shiz has 120 seconds left.
|
|t:|1769395026
|move|p2a: Raging Bolt|Draco Meteor|p1a: Ogerpon
|-damage|p1a: Ogerpon|41/100 par
|-unboost|p2a: Raging Bolt|spa|2
|move|p1a: Ogerpon|Ivy Cudgel|p2a: Raging Bolt
|-resisted|p2a: Raging Bolt
|-damage|p2a: Raging Bolt|37/100 psn
|
|-damage|p2a: Raging Bolt|25/100 psn|[from] psn
|upkeep
|turn|25
|
|t:|1769395033
|move|p2a: Raging Bolt|Draco Meteor|p1a: Ogerpon
|-damage|p1a: Ogerpon|13/100 par
|-unboost|p2a: Raging Bolt|spa|2
|move|p1a: Ogerpon|Ivy Cudgel|p2a: Raging Bolt
|-resisted|p2a: Raging Bolt
|-damage|p2a: Raging Bolt|0 fnt
|faint|p2a: Raging Bolt
|-end|p2a: Raging Bolt|Protosynthesis|[silent]
|
|upkeep
|
|t:|1769395036
|switch|p2a: Lokix|Lokix, F|54/100 psn
|-damage|p2a: Lokix|38/100 psn|[from] Spikes
|turn|26
|
|t:|1769395039
|move|p2a: Lokix|First Impression|p1a: Ogerpon
|-supereffective|p1a: Ogerpon
|-damage|p1a: Ogerpon|0 fnt
|faint|p1a: Ogerpon
|
|win|mister shiz
|raw|SokamiTv's rating: 1327 &rarr; <strong>1308</strong><br />(-19 for losing)
|raw|mister shiz's rating: 1340 &rarr; <strong>1359</strong><br />(+19 for winning)
|c|☆mister shiz|gg
|l|☆SokamiTv
|player|p1|
