|j|☆Esiolamond
|j|☆AminitraboTTT
|t:|1769339219
|gametype|singles
|player|p1|Esiolamond|aromalady-gen3rs|
|player|p2|AminitraboTTT|supernerd|
|gen|9
|tier|[Gen 9] OU
|rule|HP Percentage Mod: HP is shown in percentages
|rule|Endless Battle Clause: Forcing endless battles is banned
|rule|Species Clause: Limit one of each Pokémon
|rule|OHKO Clause: OHKO moves are banned
|rule|Evasion Items Clause: Evasion items are banned
|rule|Evasion Moves Clause: Evasion moves are banned
|rule|Evasion Abilities Clause: Evasion abilities are banned
|rule|Sleep Moves Clause: Sleep-inducing moves are banned
|clearpoke
|poke|p1|Flareon, M|
|poke|p1|Leafeon, M|
|poke|p1|Vaporeon, M|
|poke|p1|Sylveon, M|
|poke|p1|Espeon, M|
|poke|p1|Jolteon, M|
|poke|p2|Ogerpon-Wellspring, F|
|poke|p2|Raging Bolt|
|poke|p2|Great Tusk|
|poke|p2|Heatran, F|
|poke|p2|Enamorus, F|
|poke|p2|Kingambit, F|
|teampreview
|c|☆AminitraboTTT|Hola, soy AminitraboTTT, el bot de la sala Español. gl hf
|inactive|Battle timer is ON: inactive players will automatically lose when time's up. (requested by AminitraboTTT)
|
|t:|1769339224
|teamsize|p1|6
|teamsize|p2|6
|start
|switch|p1a: Flareon|Flareon, M, shiny|100/100
|switch|p2a: Great Tusk|Great Tusk|100/100
|turn|1
|
|t:|1769339233
|switch|p1a: Leafeon|Leafeon, M, shiny|100/100
|-terastallize|p2a: Great Tusk|Steel
|move|p2a: Great Tusk|Headlong Rush|p1a: Leafeon
|-resisted|p1a: Leafeon
|-damage|p1a: Leafeon|74/100
|-unboost|p2a: Great Tusk|def|1
|-unboost|p2a: Great Tusk|spd|1
|
|upkeep
|turn|2
|
|t:|1769339244
|-end|p2a: Great Tusk|Protosynthesis|[silent]
|switch|p2a: Heatran|Heatran, F, shiny|100/100
|move|p1a: Leafeon|Swords Dance|p1a: Leafeon
|-boost|p1a: Leafeon|atk|2
|
|upkeep
|turn|3
|
|t:|1769339250
|move|p1a: Leafeon|Knock Off|p2a: Heatran
|-crit|p2a: Heatran
|-damage|p2a: Heatran|0 fnt
|-enditem|p2a: Heatran|Leftovers|[from] move: Knock Off|[of] p1a: Leafeon
|faint|p2a: Heatran
|-damage|p1a: Leafeon|64/100|[from] item: Life Orb
|
|upkeep
|
|t:|1769339250
|switch|p2a: Raging Bolt|Raging Bolt|100/100
|turn|4
|
|t:|1769339258
|move|p1a: Leafeon|Synthesis|p1a: Leafeon
|-heal|p1a: Leafeon|100/100
|move|p2a: Raging Bolt|Draco Meteor|p1a: Leafeon
|-damage|p1a: Leafeon|0 fnt
|-unboost|p2a: Raging Bolt|spa|2
|faint|p1a: Leafeon
|
|upkeep
|
|t:|1769339275
|switch|p1a: Sylveon|Sylveon, M, shiny|100/100
|turn|5
|
|t:|1769339280
|-end|p2a: Raging Bolt|Protosynthesis|[silent]
|switch|p2a: Great Tusk|Great Tusk, tera:Steel|100/100
|move|p1a: Sylveon|Hyper Voice|p2a: Great Tusk
|-resisted|p2a: Great Tusk
|-damage|p2a: Great Tusk|65/100
|
|upkeep
|turn|6
|
|t:|1769339292
|switch|p1a: Vaporeon|Vaporeon, M, shiny|100/100
|move|p2a: Great Tusk|Rapid Spin|p1a: Vaporeon
|-damage|p1a: Vaporeon|85/100
|-boost|p2a: Great Tusk|spe|1
|
|-heal|p1a: Vaporeon|91/100|[from] item: Leftovers
|upkeep
|turn|7
|
|t:|1769339298
|-end|p2a: Great Tusk|Protosynthesis|[silent]
|switch|p2a: Ogerpon|Ogerpon-Wellspring, F|100/100
|move|p1a: Vaporeon|Wish|p1a: Vaporeon
|
|-heal|p1a: Vaporeon|97/100|[from] item: Leftovers
|upkeep
|turn|8
|
|t:|1769339308
|switch|p1a: Sylveon|Sylveon, M, shiny|100/100
|move|p2a: Ogerpon|Trailblaze|p1a: Sylveon
|-damage|p1a: Sylveon|71/100
|-boost|p2a: Ogerpon|spe|1
|
|-heal|p1a: Sylveon|100/100|[from] move: Wish|[wisher] Vaporeon
|upkeep
|turn|9
|
|t:|1769339314
|switch|p2a: Enamorus|Enamorus, F|100/100
|move|p1a: Sylveon|Hyper Voice|p2a: Enamorus
|-damage|p2a: Enamorus|24/100
|
|upkeep
|turn|10
|
|t:|1769339318
|move|p2a: Enamorus|Moonblast|p1a: Sylveon
|-damage|p1a: Sylveon|59/100
|move|p1a: Sylveon|Hyper Voice|p2a: Enamorus
|-damage|p2a: Enamorus|0 fnt
|faint|p2a: Enamorus
|
|-heal|p1a: Sylveon|65/100|[from] item: Leftovers
|upkeep
|
|t:|1769339318
|switch|p2a: Ogerpon|Ogerpon-Wellspring, F|100/100
|turn|11
|
|t:|1769339327
|move|p2a: Ogerpon|Swords Dance|p2a: Ogerpon
|-boost|p2a: Ogerpon|atk|2
|move|p1a: Sylveon|Hyper Voice|p2a: Ogerpon
|-damage|p2a: Ogerpon|32/100
|
|-heal|p1a: Sylveon|71/100|[from] item: Leftovers
|upkeep
|turn|12
|
|t:|1769339333
|switch|p1a: Vaporeon|Vaporeon, M, shiny|97/100
|move|p2a: Ogerpon|Ivy Cudgel|p1a: Vaporeon|[anim] Ivy Cudgel Water
|-heal|p1a: Vaporeon|100/100|[from] ability: Water Absorb|[of] p2a: Ogerpon
|
|upkeep
|turn|13
|
|t:|1769339339
|move|p1a: Vaporeon|Protect|p1a: Vaporeon
|-singleturn|p1a: Vaporeon|Protect
|move|p2a: Ogerpon|Trailblaze|p1a: Vaporeon
|-activate|p1a: Vaporeon|move: Protect
|
|upkeep
|turn|14
|
|t:|1769339352
|-terastallize|p1a: Vaporeon|Grass
|move|p2a: Ogerpon|Trailblaze|p1a: Vaporeon
|-resisted|p1a: Vaporeon
|-damage|p1a: Vaporeon|67/100
|-boost|p2a: Ogerpon|spe|1
|move|p1a: Vaporeon|Ice Beam|p2a: Ogerpon
|-damage|p2a: Ogerpon|4/100
|
|-heal|p1a: Vaporeon|73/100|[from] item: Leftovers
|upkeep
|turn|15
|
|t:|1769339357
|move|p2a: Ogerpon|Play Rough|p1a: Vaporeon|[miss]
|-miss|p2a: Ogerpon|p1a: Vaporeon
|move|p1a: Vaporeon|Ice Beam|p2a: Ogerpon
|-damage|p2a: Ogerpon|0 fnt
|faint|p2a: Ogerpon
|
|-heal|p1a: Vaporeon|79/100|[from] item: Leftovers
|upkeep
|
|t:|1769339357
|switch|p2a: Raging Bolt|Raging Bolt|100/100
|turn|16
|
|t:|1769339363
|switch|p1a: Sylveon|Sylveon, M, shiny|71/100
|move|p2a: Raging Bolt|Draco Meteor|p1a: Sylveon
|-immune|p1a: Sylveon
|
|-heal|p1a: Sylveon|77/100|[from] item: Leftovers
|upkeep
|turn|17
|
|t:|1769339374
|-end|p2a: Raging Bolt|Protosynthesis|[silent]
|switch|p2a: Kingambit|Kingambit, F|100/100
|-activate|p2a: Kingambit|ability: Supreme Overlord
|-start|p2a: Kingambit|fallen3|[silent]
|-item|p2a: Kingambit|Air Balloon
|move|p1a: Sylveon|Hyper Voice|p2a: Kingambit
|-damage|p2a: Kingambit|51/100
|-enditem|p2a: Kingambit|Air Balloon
|
|-heal|p1a: Sylveon|84/100|[from] item: Leftovers
|upkeep
|turn|18
|
|t:|1769339382
|move|p1a: Sylveon|Hyper Voice|p2a: Kingambit
|-damage|p2a: Kingambit|1/100
|move|p2a: Kingambit|Kowtow Cleave|p1a: Sylveon
|-resisted|p1a: Sylveon
|-damage|p1a: Sylveon|47/100
|
|-heal|p1a: Sylveon|53/100|[from] item: Leftovers
|upkeep
|turn|19
|
|t:|1769339385
|move|p1a: Sylveon|Hyper Voice|p2a: Kingambit
|-damage|p2a: Kingambit|0 fnt
|faint|p2a: Kingambit
|-end|p2a: Kingambit|fallen3|[silent]
|
|-heal|p1a: Sylveon|60/100|[from] item: Leftovers
|upkeep
|
|t:|1769339385
|switch|p2a: Raging Bolt|Raging Bolt|100/100
|turn|20
|
|t:|1769339390
|switch|p1a: Vaporeon|Vaporeon, M, shiny, tera:Grass|79/100
|move|p2a: Raging Bolt|Volt Switch|p1a: Vaporeon
|-resisted|p1a: Vaporeon
|-damage|p1a: Vaporeon|61/100
|
|t:|1769339390
|-end|p2a: Raging Bolt|Protosynthesis|[silent]
|switch|p2a: Great Tusk|Great Tusk, tera:Steel|65/100|[from] Volt Switch
|
|-heal|p1a: Vaporeon|67/100|[from] item: Leftovers
|upkeep
|turn|21
|
|t:|1769339398
|move|p2a: Great Tusk|Ice Spinner|p1a: Vaporeon
|-supereffective|p1a: Vaporeon
|-damage|p1a: Vaporeon|19/100
|move|p1a: Vaporeon|Wish|p1a: Vaporeon
|
|-heal|p1a: Vaporeon|25/100|[from] item: Leftovers
|upkeep
|turn|22
|
|t:|1769339407
|switch|p1a: Jolteon|Jolteon, M, shiny|100/100
|move|p2a: Great Tusk|Ice Spinner|p1a: Jolteon
|-damage|p1a: Jolteon|66/100
|
|-heal|p1a: Jolteon|100/100|[from] move: Wish|[wisher] Vaporeon
|-status|p1a: Jolteon|brn|[from] item: Flame Orb
|upkeep
|turn|23
|
|t:|1769339412
|move|p1a: Jolteon|Thunderbolt|p2a: Great Tusk
|-damage|p2a: Great Tusk|1/100
|move|p2a: Great Tusk|Headlong Rush|p1a: Jolteon
|-supereffective|p1a: Jolteon
|-damage|p1a: Jolteon|0 fnt
|-unboost|p2a: Great Tusk|def|1
|-unboost|p2a: Great Tusk|spd|1
|faint|p1a: Jolteon
|
|upkeep
|
|t:|1769339419
|switch|p1a: Espeon|Espeon, M, shiny|100/100
|turn|24
|
|t:|1769339422
|move|p1a: Espeon|Alluring Voice|p2a: Great Tusk
|-resisted|p2a: Great Tusk
|-damage|p2a: Great Tusk|0 fnt
|faint|p2a: Great Tusk
|-end|p2a: Great Tusk|Protosynthesis|[silent]
|
|upkeep
|
|t:|1769339422
|switch|p2a: Raging Bolt|Raging Bolt|100/100
|turn|25
|
|t:|1769339424
|move|p1a: Espeon|Alluring Voice|p2a: Raging Bolt
|-supereffective|p2a: Raging Bolt
|-damage|p2a: Raging Bolt|17/100
|move|p2a: Raging Bolt|Dragon Pulse|p1a: Espeon
|-damage|p1a: Espeon|0 fnt
|faint|p1a: Espeon
|
|upkeep
|
|t:|1769339429
|switch|p1a: Sylveon|Sylveon, M, shiny|60/100
|turn|26
|
|t:|1769339432
|move|p2a: Raging Bolt|Dragon Pulse|p1a: Sylveon
|-immune|p1a: Sylveon
|move|p1a: Sylveon|Hyper Voice|p2a: Raging Bolt
|-supereffective|p2a: Raging Bolt
|-damage|p2a: Raging Bolt|0 fnt
|faint|p2a: Raging Bolt
|-end|p2a: Raging Bolt|Protosynthesis|[silent]
|
|win|Esiolamond
|c|☆AminitraboTTT|hax c:
|l|☆AminitraboTTT
|player|p2|
