|j|☆gabry06
|j|☆Benny&TheJetssss
|t:|1769351194
|gametype|singles
|player|p1|gabry06|169|1197
|player|p2|Benny&TheJetssss|byron|1194
|gen|9
|tier|[Gen 9] OU
|rated|
|rule|HP Percentage Mod: HP is shown in percentages
|rule|Endless Battle Clause: Forcing endless battles is banned
|rule|Species Clause: Limit one of each Pokémon
|rule|OHKO Clause: OHKO moves are banned
|rule|Evasion Items Clause: Evasion items are banned
|rule|Evasion Moves Clause: Evasion moves are banned
|rule|Evasion Abilities Clause: Evasion abilities are banned
|rule|Sleep Moves Clause: Sleep-inducing moves are banned
|clearpoke
|poke|p1|Tyranitar, F|
|poke|p1|Corviknight, F|
|poke|p1|Great Tusk|
|poke|p1|Clefable, M|
|poke|p1|Ogerpon-Cornerstone, F|
|poke|p1|Rotom-Wash|
|poke|p2|Zamazenta-*|
|poke|p2|Slowking-Galar, F|
|poke|p2|Gliscor, F|
|poke|p2|Rillaboom, M|
|poke|p2|Raging Bolt|
|poke|p2|Cinderace, F|
|teampreview
|inactive|Battle timer is ON: inactive players will automatically lose when time's up. (requested by Benny&TheJetssss)
|inactive|gabry06 also wants the timer to be on.
|
|t:|1769351204
|teamsize|p1|6
|teamsize|p2|6
|start
|switch|p1a: Rotom|Rotom-Wash|100/100
|switch|p2a: Cinderace|Cinderace, F|100/100
|turn|1
|j| SlimyWert
|
|t:|1769351219
|move|p2a: Cinderace|Trailblaze|p1a: Rotom
|-start|p2a: Cinderace|typechange|Grass|[from] ability: Libero
|-supereffective|p1a: Rotom
|-damage|p1a: Rotom|39/100
|-boost|p2a: Cinderace|spe|1
|-damage|p2a: Cinderace|84/100|[from] item: Rocky Helmet|[of] p1a: Rotom
|move|p1a: Rotom|Discharge|p2a: Cinderace
|-resisted|p2a: Cinderace
|-damage|p2a: Cinderace|61/100
|-status|p2a: Cinderace|par
|
|upkeep
|turn|2
|
|t:|1769351232
|move|p2a: Cinderace|Trailblaze|p1a: Rotom
|-supereffective|p1a: Rotom
|-damage|p1a: Rotom|0 fnt
|-boost|p2a: Cinderace|spe|1
|-damage|p2a: Cinderace|44/100 par|[from] item: Rocky Helmet|[of] p1a: Rotom
|faint|p1a: Rotom
|
|upkeep
|
|t:|1769351242
|switch|p1a: Corviknight|Corviknight, F|100/100
|turn|3
|
|t:|1769351255
|cant|p2a: Cinderace|par
|move|p1a: Corviknight|Brave Bird|p2a: Cinderace
|-supereffective|p2a: Cinderace
|-damage|p2a: Cinderace|0 fnt
|faint|p2a: Cinderace
|-damage|p1a: Corviknight|89/100|[from] Recoil
|
|-heal|p1a: Corviknight|96/100|[from] item: Leftovers
|upkeep
|
|t:|1769351263
|switch|p2a: Raging Bolt|Raging Bolt|100/100
|-enditem|p2a: Raging Bolt|Booster Energy
|-activate|p2a: Raging Bolt|ability: Protosynthesis|[fromitem]
|-start|p2a: Raging Bolt|protosynthesisspa
|turn|4
|
|t:|1769351280
|switch|p1a: Tyranitar|Tyranitar, F|100/100
|-weather|Sandstorm|[from] ability: Sand Stream|[of] p1a: Tyranitar
|move|p2a: Raging Bolt|Draco Meteor|p1a: Tyranitar
|-damage|p1a: Tyranitar|43/100
|-unboost|p2a: Raging Bolt|spa|2
|
|-weather|Sandstorm|[upkeep]
|-damage|p2a: Raging Bolt|94/100|[from] Sandstorm
|upkeep
|turn|5
|
|t:|1769351299
|-end|p2a: Raging Bolt|Protosynthesis|[silent]
|switch|p2a: Gliscor|Gliscor, F|100/100
|move|p1a: Tyranitar|Stealth Rock|p2a: Gliscor
|-sidestart|p2: Benny&TheJetssss|move: Stealth Rock
|
|-weather|Sandstorm|[upkeep]
|-status|p2a: Gliscor|tox|[from] item: Toxic Orb
|upkeep
|turn|6
|
|t:|1769351309
|move|p2a: Gliscor|Stealth Rock|p1a: Tyranitar
|-sidestart|p1: gabry06|move: Stealth Rock
|move|p1a: Tyranitar|Knock Off|p2a: Gliscor
|-damage|p2a: Gliscor|39/100 tox
|-enditem|p2a: Gliscor|Toxic Orb|[from] move: Knock Off|[of] p1a: Tyranitar
|-damage|p1a: Tyranitar|33/100|[from] item: Life Orb
|
|-weather|Sandstorm|[upkeep]
|-heal|p2a: Gliscor|52/100 tox|[from] ability: Poison Heal
|upkeep
|turn|7
|l| SlimyWert
|inactive|gabry06 has 120 seconds left.
|
|t:|1769351339
|move|p2a: Gliscor|Protect|p2a: Gliscor
|-singleturn|p2a: Gliscor|Protect
|move|p1a: Tyranitar|Stone Edge|p2a: Gliscor
|-activate|p2a: Gliscor|move: Protect
|
|-weather|Sandstorm|[upkeep]
|-heal|p2a: Gliscor|64/100 tox|[from] ability: Poison Heal
|upkeep
|turn|8
|
|t:|1769351348
|move|p2a: Gliscor|Earthquake|p1a: Tyranitar
|-supereffective|p1a: Tyranitar
|-damage|p1a: Tyranitar|0 fnt
|faint|p1a: Tyranitar
|
|-weather|none
|-heal|p2a: Gliscor|77/100 tox|[from] ability: Poison Heal
|upkeep
|
|t:|1769351356
|switch|p1a: Great Tusk|Great Tusk, shiny|100/100
|turn|9
|
|t:|1769351363
|move|p2a: Gliscor|Protect|p2a: Gliscor
|-singleturn|p2a: Gliscor|Protect
|move|p1a: Great Tusk|Ice Spinner|p2a: Gliscor
|-activate|p2a: Gliscor|move: Protect
|
|-heal|p2a: Gliscor|89/100 tox|[from] ability: Poison Heal
|upkeep
|turn|10
|
|t:|1769351371
|move|p2a: Gliscor|U-turn|p1a: Great Tusk
|-resisted|p1a: Great Tusk
|-damage|p1a: Great Tusk|95/100
|
|t:|1769351384
|switch|p2a: Slowking|Slowking-Galar, F|100/100|[from] U-turn
|-damage|p2a: Slowking|88/100|[from] Stealth Rock
|move|p1a: Great Tusk|Rapid Spin|p2a: Slowking
|-damage|p2a: Slowking|66/100
|-boost|p1a: Great Tusk|spe|1
|-sideend|p1: gabry06|Stealth Rock|[from] move: Rapid Spin|[of] p1a: Great Tusk
|
|upkeep
|turn|11
|
|t:|1769351400
|switch|p2a: Rillaboom|Rillaboom, M|100/100
|-damage|p2a: Rillaboom|88/100|[from] Stealth Rock
|-fieldstart|move: Grassy Terrain|[from] ability: Grassy Surge|[of] p2a: Rillaboom
|move|p1a: Great Tusk|Earthquake|p2a: Rillaboom
|-resisted|p2a: Rillaboom
|-damage|p2a: Rillaboom|71/100
|
|-heal|p1a: Great Tusk|100/100|[from] Grassy Terrain
|-heal|p2a: Rillaboom|77/100|[from] Grassy Terrain
|upkeep
|turn|12
|
|t:|1769351417
|-end|p1a: Great Tusk|Protosynthesis|[silent]
|switch|p1a: Corviknight|Corviknight, F|96/100
|move|p2a: Rillaboom|Wood Hammer|p1a: Corviknight
|-resisted|p1a: Corviknight
|-damage|p1a: Corviknight|79/100
|-damage|p2a: Rillaboom|71/100|[from] Recoil
|
|-heal|p2a: Rillaboom|77/100|[from] Grassy Terrain
|-heal|p1a: Corviknight|85/100|[from] item: Leftovers
|upkeep
|turn|13
|
|t:|1769351434
|switch|p2a: Raging Bolt|Raging Bolt|94/100
|-damage|p2a: Raging Bolt|82/100|[from] Stealth Rock
|move|p1a: Corviknight|Brave Bird|p2a: Raging Bolt
|-resisted|p2a: Raging Bolt
|-damage|p2a: Raging Bolt|68/100
|-damage|p1a: Corviknight|80/100|[from] Recoil
|
|-heal|p2a: Raging Bolt|74/100|[from] Grassy Terrain
|-heal|p1a: Corviknight|86/100|[from] item: Leftovers
|upkeep
|turn|14
|
|t:|1769351446
|switch|p1a: Clefable|Clefable, M|100/100
|move|p2a: Raging Bolt|Substitute|p2a: Raging Bolt
|-start|p2a: Raging Bolt|Substitute
|-damage|p2a: Raging Bolt|49/100
|
|-heal|p2a: Raging Bolt|56/100|[from] Grassy Terrain
|upkeep
|turn|15
|
|t:|1769351455
|move|p2a: Raging Bolt|Thunderbolt|p1a: Clefable
|-damage|p1a: Clefable|67/100
|move|p1a: Clefable|Calm Mind|p1a: Clefable
|-boost|p1a: Clefable|spa|1
|-boost|p1a: Clefable|spd|1
|
|-heal|p2a: Raging Bolt|62/100|[from] Grassy Terrain
|-heal|p1a: Clefable|73/100|[from] Grassy Terrain
|-heal|p1a: Clefable|79/100|[from] item: Leftovers
|-fieldend|move: Grassy Terrain
|upkeep
|turn|16
|
|t:|1769351465
|move|p2a: Raging Bolt|Thunderbolt|p1a: Clefable
|-crit|p1a: Clefable
|-damage|p1a: Clefable|21/100
|move|p1a: Clefable|Draining Kiss|p2a: Raging Bolt
|-supereffective|p2a: Raging Bolt
|-end|p2a: Raging Bolt|Substitute
|-heal|p1a: Clefable|43/100|[from] drain|[of] p2a: Raging Bolt
|
|-heal|p1a: Clefable|49/100|[from] item: Leftovers
|upkeep
|turn|17
|
|t:|1769351475
|-end|p2a: Raging Bolt|Protosynthesis|[silent]
|switch|p2a: Slowking|Slowking-Galar, F|99/100
|-damage|p2a: Slowking|87/100|[from] Stealth Rock
|move|p1a: Clefable|Draining Kiss|p2a: Slowking
|-resisted|p2a: Slowking
|-damage|p2a: Slowking|81/100
|-heal|p1a: Clefable|53/100|[from] drain|[of] p2a: Slowking
|
|-heal|p1a: Clefable|59/100|[from] item: Leftovers
|upkeep
|turn|18
|
|t:|1769351491
|switch|p1a: Corviknight|Corviknight, F|86/100
|move|p2a: Slowking|Sludge Wave|p1a: Corviknight
|-immune|p1a: Corviknight
|
|-heal|p1a: Corviknight|92/100|[from] item: Leftovers
|upkeep
|turn|19
|
|t:|1769351500
|move|p1a: Corviknight|Brave Bird|p2a: Slowking
|-damage|p2a: Slowking|41/100
|-damage|p1a: Corviknight|80/100|[from] Recoil
|move|p2a: Slowking|Flamethrower|p1a: Corviknight
|-supereffective|p1a: Corviknight
|-damage|p1a: Corviknight|21/100
|
|-heal|p1a: Corviknight|27/100|[from] item: Leftovers
|upkeep
|turn|20
|inactive|gabry06 has 120 seconds left.
|
|t:|1769351526
|switch|p2a: Raging Bolt|Raging Bolt|62/100
|-damage|p2a: Raging Bolt|49/100|[from] Stealth Rock
|move|p1a: Corviknight|Roost|p1a: Corviknight
|-heal|p1a: Corviknight|77/100
|-singleturn|p1a: Corviknight|move: Roost
|
|-heal|p1a: Corviknight|83/100|[from] item: Leftovers
|upkeep
|turn|21
|inactive|gabry06 has 120 seconds left.
|
|t:|1769351560
|move|p2a: Raging Bolt|Thunderbolt|p1a: Corviknight
|-supereffective|p1a: Corviknight
|-damage|p1a: Corviknight|0 fnt
|faint|p1a: Corviknight
|
|upkeep
|
|t:|1769351570
|switch|p1a: Clefable|Clefable, M|59/100
|turn|22
|
|t:|1769351576
|move|p2a: Raging Bolt|Thunderbolt|p1a: Clefable
|-damage|p1a: Clefable|20/100
|move|p1a: Clefable|Wish|p1a: Clefable
|
|-heal|p1a: Clefable|26/100|[from] item: Leftovers
|upkeep
|turn|23
|
|t:|1769351584
|-end|p2a: Raging Bolt|Protosynthesis|[silent]
|switch|p2a: Rillaboom|Rillaboom, M|77/100
|-damage|p2a: Rillaboom|65/100|[from] Stealth Rock
|-fieldstart|move: Grassy Terrain|[from] ability: Grassy Surge|[of] p2a: Rillaboom
|switch|p1a: Ogerpon|Ogerpon-Cornerstone, F|100/100
|
|-heal|p2a: Rillaboom|71/100|[from] Grassy Terrain
|upkeep
|turn|24
|
|t:|1769351598
|move|p1a: Ogerpon|Ivy Cudgel|p2a: Rillaboom|[anim] Ivy Cudgel Rock
|-damage|p2a: Rillaboom|4/100
|move|p2a: Rillaboom|Knock Off|p1a: Ogerpon
|-damage|p1a: Ogerpon|60/100
|
|-heal|p1a: Ogerpon|66/100|[from] Grassy Terrain
|-heal|p2a: Rillaboom|10/100|[from] Grassy Terrain
|upkeep
|turn|25
|
|t:|1769351614
|move|p1a: Ogerpon|Play Rough|p2a: Rillaboom
|-damage|p2a: Rillaboom|0 fnt
|faint|p2a: Rillaboom
|
|-heal|p1a: Ogerpon|72/100|[from] Grassy Terrain
|upkeep
|
|t:|1769351617
|switch|p2a: Zamazenta|Zamazenta|100/100
|-damage|p2a: Zamazenta|94/100|[from] Stealth Rock
|-ability|p2a: Zamazenta|Dauntless Shield|boost
|-boost|p2a: Zamazenta|def|1
|turn|26
|
|t:|1769351628
|switch|p1a: Great Tusk|Great Tusk, shiny|100/100
|move|p2a: Zamazenta|Heavy Slam|p1a: Great Tusk
|-crit|p1a: Great Tusk
|-damage|p1a: Great Tusk|82/100
|
|-heal|p2a: Zamazenta|100/100|[from] Grassy Terrain
|-heal|p1a: Great Tusk|88/100|[from] Grassy Terrain
|upkeep
|turn|27
|
|t:|1769351645
|switch|p2a: Raging Bolt|Raging Bolt|49/100
|-damage|p2a: Raging Bolt|37/100|[from] Stealth Rock
|-terastallize|p1a: Great Tusk|Ground
|move|p1a: Great Tusk|Earthquake|p2a: Raging Bolt
|-supereffective|p2a: Raging Bolt
|-damage|p2a: Raging Bolt|0 fnt
|faint|p2a: Raging Bolt
|-end|p2a: Raging Bolt|Protosynthesis|[silent]
|
|-heal|p1a: Great Tusk|95/100|[from] Grassy Terrain
|-fieldend|move: Grassy Terrain
|upkeep
|
|t:|1769351652
|switch|p2a: Zamazenta|Zamazenta|100/100
|-damage|p2a: Zamazenta|94/100|[from] Stealth Rock
|turn|28
|
|t:|1769351660
|move|p2a: Zamazenta|Close Combat|p1a: Great Tusk
|-damage|p1a: Great Tusk|36/100
|-unboost|p2a: Zamazenta|def|1
|-unboost|p2a: Zamazenta|spd|1
|move|p1a: Great Tusk|Earthquake|p2a: Zamazenta
|-damage|p2a: Zamazenta|0 fnt
|faint|p2a: Zamazenta
|
|upkeep
|
|t:|1769351665
|switch|p2a: Gliscor|Gliscor, F|89/100 tox
|-damage|p2a: Gliscor|77/100 tox|[from] Stealth Rock
|turn|29
|inactive|gabry06 has 120 seconds left.
|
|t:|1769351673
|move|p2a: Gliscor|Earthquake|p1a: Great Tusk
|-damage|p1a: Great Tusk|15/100
|move|p1a: Great Tusk|Ice Spinner|p2a: Gliscor
|-supereffective|p2a: Gliscor
|-damage|p2a: Gliscor|0 fnt
|faint|p2a: Gliscor
|
|upkeep
|
|t:|1769351675
|switch|p2a: Slowking|Slowking-Galar, F|74/100
|-damage|p2a: Slowking|62/100|[from] Stealth Rock
|turn|30
|
|t:|1769351683
|move|p1a: Great Tusk|Earthquake|p2a: Slowking
|-supereffective|p2a: Slowking
|-damage|p2a: Slowking|0 fnt
|faint|p2a: Slowking
|
|win|gabry06
|raw|gabry06's rating: 1197 &rarr; <strong>1222</strong><br />(+25 for winning)
|raw|Benny&amp;TheJetssss's rating: 1194 &rarr; <strong>1169</strong><br />(-25 for losing)
|l|☆Benny&TheJetssss
|player|p2|
