|j|☆SKHD1998
|j|☆Grimblez
|t:|1769319441
|gametype|singles
|player|p1|SKHD1998|veteran|1232
|player|p2|Grimblez|brawly|1214
|gen|9
|tier|[Gen 9] OU
|rated|
|rule|HP Percentage Mod: HP is shown in percentages
|rule|Endless Battle Clause: Forcing endless battles is banned
|rule|Species Clause: Limit one of each Pokémon
|rule|OHKO Clause: OHKO moves are banned
|rule|Evasion Items Clause: Evasion items are banned
|rule|Evasion Moves Clause: Evasion moves are banned
|rule|Evasion Abilities Clause: Evasion abilities are banned
|rule|Sleep Moves Clause: Sleep-inducing moves are banned
|clearpoke
|poke|p1|Skarmory, F|
|poke|p1|Rillaboom, F|
|poke|p1|Raging Bolt|
|poke|p1|Moltres-Galar|
|poke|p1|Heatran, M|
|poke|p1|Primarina, F|
|poke|p2|Sinistcha-Masterpiece|
|poke|p2|Garganacl, F|
|poke|p2|Corviknight, M|
|poke|p2|Ting-Lu|
|poke|p2|Zapdos|
|poke|p2|Kingambit, F|
|teampreview
|inactive|Battle timer is ON: inactive players will automatically lose when time's up. (requested by Grimblez)
|
|t:|1769319466
|teamsize|p1|6
|teamsize|p2|6
|start
|switch|p1a: Moltres|Moltres-Galar|100/100
|switch|p2a: Ting-Lu|Ting-Lu|100/100
|-ability|p2a: Ting-Lu|Vessel of Ruin
|turn|1
|
|t:|1769319486
|switch|p2a: Garganacl|Garganacl, F|100/100
|move|p1a: Moltres|U-turn|p2a: Garganacl
|-damage|p2a: Garganacl|92/100
|
|t:|1769319497
|switch|p1a: Heatran|Heatran, M|100/100|[from] U-turn
|-item|p1a: Heatran|Air Balloon
|
|-heal|p2a: Garganacl|98/100|[from] item: Leftovers
|upkeep
|turn|2
|inactive|SKHD1998 has 120 seconds left.
|
|t:|1769319519
|switch|p2a: Ting-Lu|Ting-Lu|100/100
|-ability|p2a: Ting-Lu|Vessel of Ruin
|move|p1a: Heatran|Flash Cannon|p2a: Ting-Lu
|-damage|p2a: Ting-Lu|83/100
|
|-heal|p2a: Ting-Lu|90/100|[from] item: Leftovers
|upkeep
|turn|3
|inactive|SKHD1998 has 120 seconds left.
|
|t:|1769319530
|move|p1a: Heatran|Magma Storm|p2a: Ting-Lu
|-damage|p2a: Ting-Lu|68/100
|-activate|p2a: Ting-Lu|move: Magma Storm|[of] p1a: Heatran
|move|p2a: Ting-Lu|Spikes|p1a: Heatran
|-sidestart|p1: SKHD1998|Spikes
|
|-heal|p2a: Ting-Lu|74/100|[from] item: Leftovers
|-damage|p2a: Ting-Lu|62/100|[from] move: Magma Storm|[partiallytrapped]
|upkeep
|turn|4
|inactive|SKHD1998 has 120 seconds left.
|
|t:|1769319542
|switch|p1a: Rillaboom|Rillaboom, F|100/100
|-damage|p1a: Rillaboom|88/100|[from] Spikes
|-fieldstart|move: Grassy Terrain|[from] ability: Grassy Surge|[of] p1a: Rillaboom
|move|p2a: Ting-Lu|Ruination|p1a: Rillaboom
|-damage|p1a: Rillaboom|44/100
|
|-heal|p1a: Rillaboom|50/100|[from] Grassy Terrain
|-heal|p2a: Ting-Lu|68/100|[from] Grassy Terrain
|-heal|p2a: Ting-Lu|74/100|[from] item: Leftovers
|-end|p2a: Ting-Lu|Magma Storm|[partiallytrapped]|[silent]
|upkeep
|turn|5
|inactive|SKHD1998 has 120 seconds left.
|
|t:|1769319555
|switch|p2a: Corviknight|Corviknight, M|100/100
|-ability|p2a: Corviknight|Pressure
|move|p1a: Rillaboom|Wood Hammer|p2a: Corviknight
|-resisted|p2a: Corviknight
|-damage|p2a: Corviknight|87/100
|-damage|p1a: Rillaboom|45/100|[from] Recoil
|
|-heal|p1a: Rillaboom|51/100|[from] Grassy Terrain
|upkeep
|turn|6
|inactive|SKHD1998 has 120 seconds left.
|
|t:|1769319569
|switch|p1a: Heatran|Heatran, M|100/100
|-item|p1a: Heatran|Air Balloon
|move|p2a: Corviknight|U-turn|p1a: Heatran
|-resisted|p1a: Heatran
|-damage|p1a: Heatran|98/100
|-enditem|p1a: Heatran|Air Balloon
|
|t:|1769319576
|switch|p2a: Ting-Lu|Ting-Lu|74/100|[from] U-turn
|-ability|p2a: Ting-Lu|Vessel of Ruin
|
|-heal|p1a: Heatran|100/100|[from] Grassy Terrain
|-heal|p2a: Ting-Lu|80/100|[from] Grassy Terrain
|-heal|p2a: Ting-Lu|86/100|[from] item: Leftovers
|upkeep
|turn|7
|
|t:|1769319591
|switch|p1a: Skarmory|Skarmory, F|100/100
|move|p2a: Ting-Lu|Ruination|p1a: Skarmory
|-damage|p1a: Skarmory|51/100
|
|-heal|p2a: Ting-Lu|93/100|[from] Grassy Terrain
|-heal|p2a: Ting-Lu|99/100|[from] item: Leftovers
|upkeep
|turn|8
|
|t:|1769319602
|move|p1a: Skarmory|Swords Dance|p1a: Skarmory
|-boost|p1a: Skarmory|atk|2
|move|p2a: Ting-Lu|Spikes|p1a: Skarmory
|-sidestart|p1: SKHD1998|Spikes
|
|-heal|p2a: Ting-Lu|100/100|[from] Grassy Terrain
|-fieldend|move: Grassy Terrain
|upkeep
|turn|9
|
|t:|1769319609
|move|p1a: Skarmory|Swords Dance|p1a: Skarmory
|-boost|p1a: Skarmory|atk|2
|move|p2a: Ting-Lu|Whirlwind|p1a: Skarmory
|drag|p1a: Moltres|Moltres-Galar|100/100
|
|upkeep
|turn|10
|
|t:|1769319621
|switch|p2a: Garganacl|Garganacl, F|98/100
|move|p1a: Moltres|U-turn|p2a: Garganacl
|-damage|p2a: Garganacl|90/100
|
|t:|1769319632
|switch|p1a: Rillaboom|Rillaboom, F|51/100|[from] U-turn
|-damage|p1a: Rillaboom|35/100|[from] Spikes
|-fieldstart|move: Grassy Terrain|[from] ability: Grassy Surge|[of] p1a: Rillaboom
|
|-heal|p1a: Rillaboom|41/100|[from] Grassy Terrain
|-heal|p2a: Garganacl|96/100|[from] Grassy Terrain
|-heal|p2a: Garganacl|100/100|[from] item: Leftovers
|upkeep
|turn|11
|
|t:|1769319643
|switch|p2a: Corviknight|Corviknight, M|87/100
|-ability|p2a: Corviknight|Pressure
|move|p1a: Rillaboom|Drain Punch|p2a: Corviknight
|-damage|p2a: Corviknight|70/100
|-heal|p1a: Rillaboom|50/100|[from] drain|[of] p2a: Corviknight
|
|-heal|p1a: Rillaboom|57/100|[from] Grassy Terrain
|upkeep
|turn|12
|inactive|SKHD1998 has 120 seconds left.
|
|t:|1769319663
|move|p1a: Rillaboom|Drain Punch|p2a: Corviknight
|-damage|p2a: Corviknight|51/100
|-heal|p1a: Rillaboom|68/100|[from] drain|[of] p2a: Corviknight
|move|p2a: Corviknight|Brave Bird|p1a: Rillaboom
|-supereffective|p1a: Rillaboom
|-damage|p1a: Rillaboom|0 fnt
|faint|p1a: Rillaboom
|-damage|p2a: Corviknight|32/100|[from] Recoil
|
|upkeep
|inactive|SKHD1998 has 120 seconds left.
|
|t:|1769319673
|switch|p1a: Heatran|Heatran, M|100/100
|-damage|p1a: Heatran|84/100|[from] Spikes
|turn|13
|inactive|SKHD1998 has 120 seconds left.
|
|t:|1769319680
|switch|p2a: Ting-Lu|Ting-Lu|100/100
|-ability|p2a: Ting-Lu|Vessel of Ruin
|move|p1a: Heatran|Magma Storm|p2a: Ting-Lu
|-damage|p2a: Ting-Lu|79/100
|-activate|p2a: Ting-Lu|move: Magma Storm|[of] p1a: Heatran
|
|-heal|p1a: Heatran|90/100|[from] Grassy Terrain
|-heal|p2a: Ting-Lu|86/100|[from] Grassy Terrain
|-heal|p2a: Ting-Lu|92/100|[from] item: Leftovers
|-damage|p2a: Ting-Lu|79/100|[from] move: Magma Storm|[partiallytrapped]
|upkeep
|turn|14
|inactive|SKHD1998 has 120 seconds left.
|
|t:|1769319712
|switch|p1a: Primarina|Primarina, F|100/100
|-damage|p1a: Primarina|84/100|[from] Spikes
|move|p2a: Ting-Lu|Whirlwind|p1a: Primarina
|drag|p1a: Raging Bolt|Raging Bolt|100/100
|-damage|p1a: Raging Bolt|84/100|[from] Spikes
|-enditem|p1a: Raging Bolt|Booster Energy
|-activate|p1a: Raging Bolt|ability: Protosynthesis|[fromitem]
|-start|p1a: Raging Bolt|protosynthesisspa
|
|-heal|p1a: Raging Bolt|90/100|[from] Grassy Terrain
|-heal|p2a: Ting-Lu|86/100|[from] Grassy Terrain
|-heal|p2a: Ting-Lu|92/100|[from] item: Leftovers
|-end|p2a: Ting-Lu|Magma Storm|[partiallytrapped]|[silent]
|-fieldend|move: Grassy Terrain
|upkeep
|turn|15
|
|t:|1769319732
|move|p1a: Raging Bolt|Draco Meteor|p2a: Ting-Lu
|-damage|p2a: Ting-Lu|51/100
|-unboost|p1a: Raging Bolt|spa|2
|move|p2a: Ting-Lu|Whirlwind|p1a: Raging Bolt
|-end|p1a: Raging Bolt|Protosynthesis|[silent]
|drag|p1a: Moltres|Moltres-Galar|100/100
|
|-heal|p2a: Ting-Lu|57/100|[from] item: Leftovers
|upkeep
|turn|16
|
|t:|1769319744
|switch|p2a: Garganacl|Garganacl, F|100/100
|move|p1a: Moltres|U-turn|p2a: Garganacl
|-damage|p2a: Garganacl|93/100
|inactive|SKHD1998 has 90 seconds left.
|
|t:|1769319780
|switch|p1a: Primarina|Primarina, F|84/100|[from] U-turn
|-damage|p1a: Primarina|67/100|[from] Spikes
|
|-heal|p1a: Primarina|73/100|[from] item: Leftovers
|-heal|p2a: Garganacl|99/100|[from] item: Leftovers
|upkeep
|turn|17
|
|t:|1769319793
|switch|p2a: Sinistcha|Sinistcha-Masterpiece|100/100
|move|p1a: Primarina|Hyper Voice|p2a: Sinistcha
|-resisted|p2a: Sinistcha
|-damage|p2a: Sinistcha|76/100
|
|-heal|p1a: Primarina|79/100|[from] item: Leftovers
|upkeep
|turn|18
|
|t:|1769319804
|switch|p1a: Skarmory|Skarmory, F|51/100
|move|p2a: Sinistcha|Shadow Ball|p1a: Skarmory
|-damage|p1a: Skarmory|0 fnt
|faint|p1a: Skarmory
|
|upkeep
|
|t:|1769319811
|switch|p1a: Moltres|Moltres-Galar|100/100
|turn|19
|
|t:|1769319819
|switch|p2a: Garganacl|Garganacl, F|99/100
|move|p1a: Moltres|Fiery Wrath|p2a: Garganacl
|-damage|p2a: Garganacl|73/100
|
|-heal|p2a: Garganacl|79/100|[from] item: Leftovers
|upkeep
|turn|20
|
|t:|1769319830
|move|p1a: Moltres|U-turn|p2a: Garganacl
|-damage|p2a: Garganacl|70/100
|
|t:|1769319834
|switch|p1a: Raging Bolt|Raging Bolt|90/100|[from] U-turn
|-damage|p1a: Raging Bolt|74/100|[from] Spikes
|move|p2a: Garganacl|Salt Cure|p1a: Raging Bolt
|-damage|p1a: Raging Bolt|63/100
|-start|p1a: Raging Bolt|Salt Cure
|
|-heal|p2a: Garganacl|76/100|[from] item: Leftovers
|-damage|p1a: Raging Bolt|51/100|[from] Salt Cure
|upkeep
|turn|21
|
|t:|1769319845
|move|p2a: Garganacl|Protect|p2a: Garganacl
|-singleturn|p2a: Garganacl|Protect
|move|p1a: Raging Bolt|Draco Meteor|p2a: Garganacl
|-activate|p2a: Garganacl|move: Protect
|
|-heal|p2a: Garganacl|82/100|[from] item: Leftovers
|-damage|p1a: Raging Bolt|38/100|[from] Salt Cure
|upkeep
|turn|22
|
|t:|1769319853
|move|p1a: Raging Bolt|Draco Meteor|p2a: Garganacl
|-damage|p2a: Garganacl|37/100
|-unboost|p1a: Raging Bolt|spa|2
|move|p2a: Garganacl|Recover|p2a: Garganacl
|-heal|p2a: Garganacl|87/100
|
|-heal|p2a: Garganacl|93/100|[from] item: Leftovers
|-damage|p1a: Raging Bolt|26/100|[from] Salt Cure
|upkeep
|turn|23
|-message|SKHD1998 forfeited.
|
|win|Grimblez
|raw|SKHD1998's rating: 1232 &rarr; <strong>1206</strong><br />(-26 for losing)
|raw|Grimblez's rating: 1214 &rarr; <strong>1240</strong><br />(+26 for winning)
|l|☆SKHD1998
|player|p1|
|l|☆Grimblez
|player|p2|
