|j|☆emperor721
|j|☆youseeme20226
|t:|1769406096
|gametype|singles
|player|p1|emperor721|n|1265
|player|p2|youseeme20226|170|1216
|gen|9
|tier|[Gen 9] OU
|rated|
|rule|HP Percentage Mod: HP is shown in percentages
|rule|Endless Battle Clause: Forcing endless battles is banned
|rule|Species Clause: Limit one of each Pokémon
|rule|OHKO Clause: OHKO moves are banned
|rule|Evasion Items Clause: Evasion items are banned
|rule|Evasion Moves Clause: Evasion moves are banned
|rule|Evasion Abilities Clause: Evasion abilities are banned
|rule|Sleep Moves Clause: Sleep-inducing moves are banned
|clearpoke
|poke|p1|Kyurem|
|poke|p1|Slowking-Galar, F|
|poke|p1|Kingambit, F|
|poke|p1|Cinderace, F|
|poke|p1|Landorus-Therian, M|
|poke|p1|Iron Valiant|
|poke|p2|Darkrai|
|poke|p2|Ceruledge, F|
|poke|p2|Araquanid, M|
|poke|p2|Glimmora, F|
|poke|p2|Crocalor, M|
|poke|p2|Hariyama, M|
|teampreview
|
|t:|1769406118
|teamsize|p1|6
|teamsize|p2|6
|start
|switch|p1a: Landorus|Landorus-Therian, M|100/100
|switch|p2a: Darkrai|Darkrai|100/100
|-ability|p1a: Landorus|Intimidate|boost
|-unboost|p2a: Darkrai|atk|1
|turn|1
|inactive|Battle timer is ON: inactive players will automatically lose when time's up. (requested by youseeme20226)
|
|t:|1769406127
|move|p2a: Darkrai|Ice Beam|p1a: Landorus
|-supereffective|p1a: Landorus
|-damage|p1a: Landorus|0 fnt
|faint|p1a: Landorus
|-damage|p2a: Darkrai|91/100|[from] item: Life Orb
|
|upkeep
|
|t:|1769406131
|switch|p1a: Slowking|Slowking-Galar, F|100/100
|turn|2
|
|t:|1769406144
|move|p2a: Darkrai|Dark Pulse|p1a: Slowking
|-supereffective|p1a: Slowking
|-damage|p1a: Slowking|35/100
|-damage|p2a: Darkrai|81/100|[from] item: Life Orb
|move|p1a: Slowking|Light Screen|p1a: Slowking
|-sidestart|p1: emperor721|move: Light Screen
|
|upkeep
|turn|3
|
|t:|1769406151
|move|p2a: Darkrai|Dark Pulse|p1a: Slowking
|-supereffective|p1a: Slowking
|-damage|p1a: Slowking|1/100
|-damage|p2a: Darkrai|71/100|[from] item: Life Orb
|-prepare|p1a: Slowking|Chilly Reception|[premajor]
|move|p1a: Slowking|Chilly Reception|p1a: Slowking
|-weather|Snowscape
|
|t:|1769406158
|switch|p1a: Kyurem|Kyurem, shiny|100/100|[from] Chilly Reception
|-ability|p1a: Kyurem|Pressure
|
|-weather|Snowscape|[upkeep]
|upkeep
|turn|4
|
|t:|1769406168
|move|p2a: Darkrai|Dark Pulse|p1a: Kyurem
|-damage|p1a: Kyurem|74/100
|-damage|p2a: Darkrai|61/100|[from] item: Life Orb
|move|p1a: Kyurem|Dragon Dance|p1a: Kyurem
|-boost|p1a: Kyurem|atk|1
|-boost|p1a: Kyurem|spe|1
|
|-weather|Snowscape|[upkeep]
|upkeep
|turn|5
|
|t:|1769406177
|switch|p2a: Crocalor|Crocalor, M|100/100
|move|p1a: Kyurem|Dragon Dance|p1a: Kyurem
|-boost|p1a: Kyurem|atk|1
|-boost|p1a: Kyurem|spe|1
|
|-weather|Snowscape|[upkeep]
|upkeep
|turn|6
|
|t:|1769406187
|-terastallize|p1a: Kyurem|Fire
|move|p1a: Kyurem|Scale Shot|p2a: Crocalor
|-damage|p2a: Crocalor|90/100
|-damage|p2a: Crocalor|79/100
|-damage|p2a: Crocalor|67/100
|-damage|p2a: Crocalor|57/100
|-hitcount|p2a: Crocalor|4
|-unboost|p1a: Kyurem|def|1
|-boost|p1a: Kyurem|spe|1
|move|p2a: Crocalor|Will-O-Wisp|p1a: Kyurem|[miss]
|-miss|p2a: Crocalor|p1a: Kyurem
|
|-weather|Snowscape|[upkeep]
|-sideend|p1: emperor721|move: Light Screen
|upkeep
|turn|7
|
|t:|1769406200
|move|p1a: Kyurem|Scale Shot|p2a: Crocalor
|-damage|p2a: Crocalor|45/100
|-damage|p2a: Crocalor|34/100
|-damage|p2a: Crocalor|22/100
|-damage|p2a: Crocalor|10/100
|-hitcount|p2a: Crocalor|4
|-unboost|p1a: Kyurem|def|1
|-boost|p1a: Kyurem|spe|1
|move|p2a: Crocalor|Slack Off|p2a: Crocalor
|-heal|p2a: Crocalor|60/100
|
|-weather|none
|upkeep
|turn|8
|
|t:|1769406212
|move|p1a: Kyurem|Scale Shot|p2a: Crocalor
|-damage|p2a: Crocalor|49/100
|-damage|p2a: Crocalor|39/100
|-damage|p2a: Crocalor|28/100
|-damage|p2a: Crocalor|17/100
|-hitcount|p2a: Crocalor|4
|-unboost|p1a: Kyurem|def|1
|-boost|p1a: Kyurem|spe|1
|move|p2a: Crocalor|Slack Off|p2a: Crocalor
|-heal|p2a: Crocalor|67/100
|
|upkeep
|turn|9
|
|t:|1769406235
|move|p1a: Kyurem|Scale Shot|p2a: Crocalor
|-damage|p2a: Crocalor|57/100
|-damage|p2a: Crocalor|45/100
|-damage|p2a: Crocalor|33/100
|-damage|p2a: Crocalor|22/100
|-hitcount|p2a: Crocalor|4
|-unboost|p1a: Kyurem|def|1
|-boost|p1a: Kyurem|spe|1
|move|p2a: Crocalor|Slack Off|p2a: Crocalor
|-heal|p2a: Crocalor|72/100
|
|upkeep
|turn|10
|
|t:|1769406250
|move|p1a: Kyurem|Scale Shot|p2a: Crocalor
|-crit|p2a: Crocalor
|-damage|p2a: Crocalor|56/100
|-damage|p2a: Crocalor|44/100
|-damage|p2a: Crocalor|33/100
|-damage|p2a: Crocalor|23/100
|-hitcount|p2a: Crocalor|4
|-unboost|p1a: Kyurem|def|1
|move|p2a: Crocalor|Slack Off|p2a: Crocalor
|-heal|p2a: Crocalor|73/100
|
|upkeep
|turn|11
|
|t:|1769406261
|move|p1a: Kyurem|Scale Shot|p2a: Crocalor
|-crit|p2a: Crocalor
|-damage|p2a: Crocalor|57/100
|-damage|p2a: Crocalor|47/100
|-damage|p2a: Crocalor|36/100
|-damage|p2a: Crocalor|24/100
|-damage|p2a: Crocalor|12/100
|-hitcount|p2a: Crocalor|5
|-unboost|p1a: Kyurem|def|1
|move|p2a: Crocalor|Mud-Slap|p1a: Kyurem
|-supereffective|p1a: Kyurem
|-damage|p1a: Kyurem|66/100
|-unboost|p1a: Kyurem|accuracy|1
|
|upkeep
|turn|12
|
|t:|1769406274
|move|p1a: Kyurem|Scale Shot|p2a: Crocalor
|-damage|p2a: Crocalor|2/100
|-damage|p2a: Crocalor|0 fnt
|faint|p2a: Crocalor
|-hitcount|p2: Crocalor|2
|
|upkeep
|
|t:|1769406279
|switch|p2a: Ceruledge|Ceruledge, F|100/100
|turn|13
|
|t:|1769406285
|move|p2a: Ceruledge|Shadow Sneak|p1a: Kyurem
|-damage|p1a: Kyurem|0 fnt
|faint|p1a: Kyurem
|
|upkeep
|
|t:|1769406295
|switch|p1a: Iron Valiant|Iron Valiant, shiny|100/100
|-enditem|p1a: Iron Valiant|Booster Energy
|-activate|p1a: Iron Valiant|ability: Quark Drive|[fromitem]
|-start|p1a: Iron Valiant|quarkdrivespe
|turn|14
|
|t:|1769406303
|move|p1a: Iron Valiant|Encore|p2a: Ceruledge
|-start|p2a: Ceruledge|Encore
|move|p2a: Ceruledge|Shadow Sneak|p1a: Iron Valiant
|-damage|p1a: Iron Valiant|73/100
|
|upkeep
|turn|15
|
|t:|1769406313
|switch|p2a: Glimmora|Glimmora, F|100/100
|move|p1a: Iron Valiant|Calm Mind|p1a: Iron Valiant
|-boost|p1a: Iron Valiant|spa|1
|-boost|p1a: Iron Valiant|spd|1
|
|upkeep
|turn|16
|
|t:|1769406330
|move|p1a: Iron Valiant|Calm Mind|p1a: Iron Valiant
|-boost|p1a: Iron Valiant|spa|1
|-boost|p1a: Iron Valiant|spd|1
|move|p2a: Glimmora|Mortal Spin|p1a: Iron Valiant
|-supereffective|p1a: Iron Valiant
|-damage|p1a: Iron Valiant|56/100
|-status|p1a: Iron Valiant|psn
|
|-damage|p1a: Iron Valiant|43/100 psn|[from] psn
|upkeep
|turn|17
|
|t:|1769406344
|move|p1a: Iron Valiant|Shadow Ball|p2a: Glimmora
|-damage|p2a: Glimmora|41/100
|move|p2a: Glimmora|Spikes|p1a: Iron Valiant
|-sidestart|p1: emperor721|Spikes
|
|-damage|p1a: Iron Valiant|31/100 psn|[from] psn
|upkeep
|turn|18
|
|t:|1769406351
|move|p1a: Iron Valiant|Shadow Ball|p2a: Glimmora
|-damage|p2a: Glimmora|0 fnt
|faint|p2a: Glimmora
|
|-damage|p1a: Iron Valiant|18/100 psn|[from] psn
|upkeep
|
|t:|1769406369
|switch|p2a: Hariyama|Hariyama, M|100/100
|turn|19
|
|t:|1769406373
|move|p2a: Hariyama|Bullet Punch|p1a: Iron Valiant
|-supereffective|p1a: Iron Valiant
|-damage|p1a: Iron Valiant|0 fnt
|faint|p1a: Iron Valiant
|-end|p1a: Iron Valiant|Quark Drive|[silent]
|
|upkeep
|
|t:|1769406384
|switch|p1a: Slowking|Slowking-Galar, F|34/100
|turn|20
|
|t:|1769406389
|switch|p2a: Darkrai|Darkrai|61/100
|-prepare|p1a: Slowking|Chilly Reception|[premajor]
|move|p1a: Slowking|Chilly Reception|p1a: Slowking
|-weather|Snowscape
|
|t:|1769406398
|switch|p1a: Kingambit|Kingambit, F|100/100|[from] Chilly Reception
|-damage|p1a: Kingambit|88/100|[from] Spikes
|-activate|p1a: Kingambit|ability: Supreme Overlord
|-start|p1a: Kingambit|fallen3|[silent]
|
|-weather|Snowscape|[upkeep]
|-heal|p1a: Kingambit|94/100|[from] item: Leftovers
|upkeep
|turn|21
|
|t:|1769406411
|move|p2a: Darkrai|Dark Pulse|p1a: Kingambit
|-resisted|p1a: Kingambit
|-damage|p1a: Kingambit|62/100
|-damage|p2a: Darkrai|51/100|[from] item: Life Orb
|move|p1a: Kingambit|Iron Head|p2a: Darkrai
|-crit|p2a: Darkrai
|-damage|p2a: Darkrai|0 fnt
|faint|p2a: Darkrai
|
|-weather|Snowscape|[upkeep]
|-heal|p1a: Kingambit|69/100|[from] item: Leftovers
|upkeep
|
|t:|1769406428
|switch|p2a: Hariyama|Hariyama, M|100/100
|turn|22
|
|t:|1769406436
|-end|p1a: Kingambit|fallen3|[silent]
|switch|p1a: Slowking|Slowking-Galar, F|67/100
|move|p2a: Hariyama|Drain Punch|p1a: Slowking
|-resisted|p1a: Slowking
|-damage|p1a: Slowking|57/100
|
|-weather|Snowscape|[upkeep]
|upkeep
|turn|23
|
|t:|1769406447
|move|p2a: Hariyama|Belly Drum|p2a: Hariyama
|-damage|p2a: Hariyama|50/100
|-setboost|p2a: Hariyama|atk|6|[from] move: Belly Drum
|-prepare|p1a: Slowking|Chilly Reception|[premajor]
|move|p1a: Slowking|Chilly Reception|p1a: Slowking
|
|t:|1769406453
|switch|p1a: Cinderace|Cinderace, F|100/100|[from] Chilly Reception
|
|-weather|Snowscape|[upkeep]
|upkeep
|turn|24
|
|t:|1769406461
|move|p1a: Cinderace|Will-O-Wisp|p2a: Hariyama
|-status|p2a: Hariyama|brn
|move|p2a: Hariyama|Drain Punch|p1a: Cinderace
|-damage|p1a: Cinderace|5/100
|-heal|p2a: Hariyama|86/100 brn|[from] drain|[of] p1a: Cinderace
|
|-weather|none
|-damage|p2a: Hariyama|80/100 brn|[from] brn
|upkeep
|turn|25
|
|t:|1769406473
|move|p2a: Hariyama|Bullet Punch|p1a: Cinderace
|-resisted|p1a: Cinderace
|-damage|p1a: Cinderace|0 fnt
|faint|p1a: Cinderace
|
|-damage|p2a: Hariyama|73/100 brn|[from] brn
|upkeep
|
|t:|1769406480
|switch|p1a: Slowking|Slowking-Galar, F|91/100
|turn|26
|inactive|youseeme20226 has 120 seconds left.
|inactive|youseeme20226 has 90 seconds left.
|inactive|youseeme20226 has 60 seconds left.
|
|t:|1769406597
|move|p2a: Hariyama|Bullet Punch|p1a: Slowking
|-damage|p1a: Slowking|61/100
|move|p1a: Slowking|Sludge Bomb|p2a: Hariyama
|-damage|p2a: Hariyama|36/100 brn
|
|-damage|p2a: Hariyama|30/100 brn|[from] brn
|upkeep
|turn|27
|
|t:|1769406608
|move|p2a: Hariyama|Bullet Punch|p1a: Slowking
|-damage|p1a: Slowking|33/100
|move|p1a: Slowking|Sludge Bomb|p2a: Hariyama
|-damage|p2a: Hariyama|0 fnt
|faint|p2a: Hariyama
|
|upkeep
|
|t:|1769406616
|switch|p2a: Ceruledge|Ceruledge, F|100/100
|turn|28
|
|t:|1769406622
|move|p2a: Ceruledge|Bitter Blade|p1a: Slowking
|-damage|p1a: Slowking|0 fnt
|faint|p1a: Slowking
|
|upkeep
|
|t:|1769406626
|switch|p1a: Kingambit|Kingambit, F|69/100
|-damage|p1a: Kingambit|56/100|[from] Spikes
|-activate|p1a: Kingambit|ability: Supreme Overlord
|-start|p1a: Kingambit|fallen5|[silent]
|turn|29
|
|t:|1769406633
|-terastallize|p2a: Ceruledge|Fire
|move|p1a: Kingambit|Sucker Punch|p2a: Ceruledge
|-damage|p2a: Ceruledge|19/100
|-ability|p2a: Ceruledge|Weak Armor|boost
|-unboost|p2a: Ceruledge|def|1
|-boost|p2a: Ceruledge|spe|2
|move|p2a: Ceruledge|Bitter Blade|p1a: Kingambit
|-supereffective|p1a: Kingambit
|-damage|p1a: Kingambit|0 fnt
|-heal|p2a: Ceruledge|54/100|[from] drain|[of] p1a: Kingambit
|faint|p1a: Kingambit
|-end|p1a: Kingambit|fallen5|[silent]
|
|win|youseeme20226
|raw|emperor721's rating: 1265 &rarr; <strong>1236</strong><br />(-29 for losing)
|raw|youseeme20226's rating: 1216 &rarr; <strong>1245</strong><br />(+29 for winning)
|l|☆emperor721
|player|p1|
|l|☆youseeme20226
|player|p2|
