|j|☆glos lad
|j|☆canbetaught2
|t:|1769366728
|gametype|singles
|player|p1|glos lad|2|1528
|player|p2|canbetaught2|hilda-wonderlauncher|1532
|gen|9
|tier|[Gen 9] OU
|rated|
|rule|HP Percentage Mod: HP is shown in percentages
|rule|Endless Battle Clause: Forcing endless battles is banned
|rule|Species Clause: Limit one of each Pokémon
|rule|OHKO Clause: OHKO moves are banned
|rule|Evasion Items Clause: Evasion items are banned
|rule|Evasion Moves Clause: Evasion moves are banned
|rule|Evasion Abilities Clause: Evasion abilities are banned
|rule|Sleep Moves Clause: Sleep-inducing moves are banned
|clearpoke
|poke|p1|Araquanid, F|
|poke|p1|Gholdengo|
|poke|p1|Raging Bolt|
|poke|p1|Iron Valiant|
|poke|p1|Ceruledge, M|
|poke|p1|Deoxys-Speed|
|poke|p2|Hatterene, F|
|poke|p2|Ursaluna, M|
|poke|p2|Porygon2|
|poke|p2|Cresselia, F|
|poke|p2|Iron Hands|
|poke|p2|Volcanion|
|teampreview
|
|t:|1769366750
|teamsize|p1|6
|teamsize|p2|6
|start
|switch|p1a: Araquanid|Araquanid, F|100/100
|switch|p2a: TARS|Porygon2|100/100
|-ability|p2a: TARS|Download|boost
|-boost|p2a: TARS|atk|1
|turn|1
|
|t:|1769366764
|move|p1a: Araquanid|Sticky Web|p2a: TARS
|-sidestart|p2: canbetaught2|move: Sticky Web
|move|p2a: TARS|Tera Blast|p1a: Araquanid
|-damage|p1a: Araquanid|74/100
|
|upkeep
|turn|2
|
|t:|1769366781
|move|p1a: Araquanid|Surf|p2a: TARS
|-damage|p2a: TARS|73/100
|move|p2a: TARS|Tera Blast|p1a: Araquanid
|-damage|p1a: Araquanid|46/100
|
|upkeep
|turn|3
|
|t:|1769366786
|move|p1a: Araquanid|Lunge|p2a: TARS
|-damage|p2a: TARS|61/100
|-unboost|p2a: TARS|atk|1
|move|p2a: TARS|Tera Blast|p1a: Araquanid
|-damage|p1a: Araquanid|22/100
|
|upkeep
|turn|4
|-enditem|p1a: Araquanid|Custap Berry|[eat]
|-activate|p1a: Araquanid|item: Custap Berry|[consumed]
|
|t:|1769366790
|move|p1a: Araquanid|Surf|p2a: TARS
|-damage|p2a: TARS|36/100
|move|p2a: TARS|Tera Blast|p1a: Araquanid
|-damage|p1a: Araquanid|0 fnt
|faint|p1a: Araquanid
|
|upkeep
|
|t:|1769366801
|switch|p1a: Ceruledge|Ceruledge, M|100/100
|turn|5
|inactive|Battle timer is ON: inactive players will automatically lose when time's up. (requested by canbetaught2)
|
|t:|1769366827
|move|p1a: Ceruledge|Close Combat|p2a: TARS
|-supereffective|p2a: TARS
|-damage|p2a: TARS|0 fnt
|-unboost|p1a: Ceruledge|def|1
|-unboost|p1a: Ceruledge|spd|1
|faint|p2a: TARS
|
|upkeep
|
|t:|1769366833
|switch|p2a: volcano guy|Volcanion|100/100
|-activate|p2a: volcano guy|move: Sticky Web
|-unboost|p2a: volcano guy|spe|1
|turn|6
|
|t:|1769366842
|switch|p1a: Raging Bolt|Raging Bolt|100/100
|-enditem|p1a: Raging Bolt|Booster Energy
|-activate|p1a: Raging Bolt|ability: Protosynthesis|[fromitem]
|-start|p1a: Raging Bolt|protosynthesisspa
|move|p2a: volcano guy|Earth Power|p1a: Raging Bolt
|-supereffective|p1a: Raging Bolt
|-damage|p1a: Raging Bolt|9/100
|
|upkeep
|turn|7
|
|t:|1769366849
|switch|p2a: Saturn|Cresselia, F, shiny|100/100
|move|p1a: Raging Bolt|Thunderbolt|p2a: Saturn
|-damage|p2a: Saturn|59/100
|-status|p2a: Saturn|par
|
|upkeep
|turn|8
|
|t:|1769366854
|move|p1a: Raging Bolt|Thunderbolt|p2a: Saturn
|-damage|p2a: Saturn|20/100 par
|move|p2a: Saturn|Trick Room|p2a: Saturn
|-fieldstart|move: Trick Room|[of] p2a: Saturn
|
|upkeep
|turn|9
|
|t:|1769366858
|move|p1a: Raging Bolt|Thunderclap|p2a: Saturn
|-damage|p2a: Saturn|0 fnt
|faint|p2a: Saturn
|
|upkeep
|
|t:|1769366861
|switch|p2a: Winnie|Ursaluna, M|100/100
|-activate|p2a: Winnie|move: Sticky Web
|-unboost|p2a: Winnie|spe|1
|turn|10
|
|t:|1769366864
|move|p2a: Winnie|Fire Punch|p1a: Raging Bolt
|-resisted|p1a: Raging Bolt
|-damage|p1a: Raging Bolt|0 fnt
|faint|p1a: Raging Bolt
|-end|p1a: Raging Bolt|Protosynthesis|[silent]
|
|-status|p2a: Winnie|brn|[from] item: Flame Orb
|upkeep
|l|☆glos lad
|inactive|glos lad disconnected and has a minute to reconnect!
|player|p1|
|j|☆glos lad
|inactive|glos lad reconnected and has 125 seconds left.
|player|p1|glos lad|2|
|inactive|glos lad has 120 seconds left.
|
|t:|1769366895
|switch|p1a: Iron Valiant|Iron Valiant|100/100
|-enditem|p1a: Iron Valiant|Booster Energy
|-activate|p1a: Iron Valiant|ability: Quark Drive|[fromitem]
|-start|p1a: Iron Valiant|quarkdrivespa
|turn|11
|
|t:|1769366900
|move|p1a: Iron Valiant|Vacuum Wave|p2a: Winnie
|-supereffective|p2a: Winnie
|-damage|p2a: Winnie|50/100 brn
|move|p2a: Winnie|Headlong Rush|p1a: Iron Valiant
|-damage|p1a: Iron Valiant|0 fnt
|-unboost|p2a: Winnie|def|1
|-unboost|p2a: Winnie|spd|1
|faint|p1a: Iron Valiant
|-end|p1a: Iron Valiant|Quark Drive|[silent]
|
|-damage|p2a: Winnie|43/100 brn|[from] brn
|upkeep
|
|t:|1769366913
|switch|p1a: Ceruledge|Ceruledge, M|100/100
|turn|12
|
|t:|1769366916
|move|p2a: Winnie|Headlong Rush|p1a: Ceruledge
|-supereffective|p1a: Ceruledge
|-enditem|p1a: Ceruledge|Focus Sash
|-damage|p1a: Ceruledge|1/100
|-unboost|p2a: Winnie|def|1
|-unboost|p2a: Winnie|spd|1
|-ability|p1a: Ceruledge|Weak Armor|boost
|-unboost|p1a: Ceruledge|def|1
|-boost|p1a: Ceruledge|spe|2
|move|p1a: Ceruledge|Swords Dance|p1a: Ceruledge
|-boost|p1a: Ceruledge|atk|2
|
|-damage|p2a: Winnie|37/100 brn|[from] brn
|-fieldend|move: Trick Room
|upkeep
|turn|13
|
|t:|1769366923
|switch|p2a: Mr. Hands|Iron Hands|100/100
|-activate|p2a: Mr. Hands|move: Sticky Web
|-unboost|p2a: Mr. Hands|spe|1
|-enditem|p2a: Mr. Hands|Booster Energy
|-activate|p2a: Mr. Hands|ability: Quark Drive|[fromitem]
|-start|p2a: Mr. Hands|quarkdriveatk
|move|p1a: Ceruledge|Bitter Blade|p2a: Mr. Hands
|-crit|p2a: Mr. Hands
|-damage|p2a: Mr. Hands|6/100
|-heal|p1a: Ceruledge|84/100|[from] drain|[of] p2a: Mr. Hands
|
|upkeep
|turn|14
|
|t:|1769366927
|move|p1a: Ceruledge|Shadow Sneak|p2a: Mr. Hands
|-damage|p2a: Mr. Hands|0 fnt
|faint|p2a: Mr. Hands
|-end|p2a: Mr. Hands|Quark Drive|[silent]
|
|upkeep
|
|t:|1769366930
|switch|p2a: Mad Hatter|Hatterene, F, shiny|100/100
|-activate|p2a: Mad Hatter|move: Sticky Web
|-unboost|p2a: Mad Hatter|spe|1
|turn|15
|
|t:|1769366937
|move|p1a: Ceruledge|Bitter Blade|p2a: Mad Hatter
|-enditem|p2a: Mad Hatter|Focus Sash
|-damage|p2a: Mad Hatter|1/100
|-heal|p1a: Ceruledge|100/100|[from] drain|[of] p2a: Mad Hatter
|move|p2a: Mad Hatter|Trick Room|p2a: Mad Hatter
|-fieldstart|move: Trick Room|[of] p2a: Mad Hatter
|
|upkeep
|turn|16
|
|t:|1769366943
|move|p1a: Ceruledge|Shadow Sneak|p2a: Mad Hatter
|-supereffective|p2a: Mad Hatter
|-damage|p2a: Mad Hatter|0 fnt
|faint|p2a: Mad Hatter
|
|upkeep
|
|t:|1769366946
|switch|p2a: volcano guy|Volcanion|100/100
|-activate|p2a: volcano guy|move: Sticky Web
|-unboost|p2a: volcano guy|spe|1
|turn|17
|
|t:|1769366976
|-terastallize|p1a: Ceruledge|Grass
|move|p2a: volcano guy|Steam Eruption|p1a: Ceruledge
|-resisted|p1a: Ceruledge
|-damage|p1a: Ceruledge|46/100
|-status|p1a: Ceruledge|brn
|move|p1a: Ceruledge|Close Combat|p2a: volcano guy
|-damage|p2a: volcano guy|62/100
|-unboost|p1a: Ceruledge|def|1
|-unboost|p1a: Ceruledge|spd|1
|
|-damage|p1a: Ceruledge|40/100 brn|[from] brn
|upkeep
|turn|18
|
|t:|1769366992
|move|p1a: Ceruledge|Shadow Sneak|p2a: volcano guy
|-damage|p2a: volcano guy|43/100
|move|p2a: volcano guy|Steam Eruption|p1a: Ceruledge
|-resisted|p1a: Ceruledge
|-damage|p1a: Ceruledge|0 fnt
|faint|p1a: Ceruledge
|
|upkeep
|inactive|glos lad has 120 seconds left.
|
|t:|1769367003
|switch|p1a: Deoxys|Deoxys-Speed|100/100
|-ability|p1a: Deoxys|Pressure
|turn|19
|
|t:|1769367011
|move|p2a: volcano guy|Steam Eruption|p1a: Deoxys
|-damage|p1a: Deoxys|0 fnt
|faint|p1a: Deoxys
|
|-fieldend|move: Trick Room
|upkeep
|
|t:|1769367014
|switch|p1a: Gholdengo|Gholdengo|100/100
|-item|p1a: Gholdengo|Air Balloon
|turn|20
|
|t:|1769367021
|move|p1a: Gholdengo|Shadow Ball|p2a: volcano guy
|-damage|p2a: volcano guy|0 fnt
|faint|p2a: volcano guy
|
|upkeep
|
|t:|1769367023
|switch|p2a: Winnie|Ursaluna, M|37/100 brn
|-activate|p2a: Winnie|move: Sticky Web
|-unboost|p2a: Winnie|spe|1
|turn|21
|
|t:|1769367042
|move|p1a: Gholdengo|Make It Rain|p2a: Winnie
|-damage|p2a: Winnie|0 fnt
|-unboost|p1a: Gholdengo|spa|1
|faint|p2a: Winnie
|
|win|glos lad
|raw|glos lad's rating: 1528 &rarr; <strong>1549</strong><br />(+21 for winning)
|raw|canbetaught2's rating: 1553 &rarr; <strong>1532</strong><br />(-21 for losing)
|l|☆canbetaught2
|player|p2|
