|j|☆Digga Darby
|j|☆VryFry
|t:|1769322519
|gametype|singles
|player|p1|Digga Darby|170|
|player|p2|VryFry|swimmerf|
|gen|9
|tier|[Gen 9] OU
|rule|HP Percentage Mod: HP is shown in percentages
|rule|Endless Battle Clause: Forcing endless battles is banned
|rule|Species Clause: Limit one of each Pokémon
|rule|OHKO Clause: OHKO moves are banned
|rule|Evasion Items Clause: Evasion items are banned
|rule|Evasion Moves Clause: Evasion moves are banned
|rule|Evasion Abilities Clause: Evasion abilities are banned
|rule|Sleep Moves Clause: Sleep-inducing moves are banned
|clearpoke
|poke|p1|Kyurem|
|poke|p1|Cinderace, F|
|poke|p1|Tornadus-Therian, M|
|poke|p1|Hatterene, F|
|poke|p1|Great Tusk|
|poke|p1|Kingambit, F|
|poke|p2|Dragapult, F|
|poke|p2|Clefable, F|
|poke|p2|Hatterene, F|
|poke|p2|Alomomola, M|
|poke|p2|Weezing-Galar, F|
|poke|p2|Corviknight, M|
|teampreview
|
|t:|1769322570
|teamsize|p1|6
|teamsize|p2|6
|start
|switch|p1a: Great Tusk|Great Tusk|100/100
|switch|p2a: Hatterene|Hatterene, F|100/100
|-item|p2a: Hatterene|Air Balloon
|turn|1
|
|t:|1769322601
|move|p1a: Great Tusk|Stealth Rock|p2a: Hatterene
|move|p2a: Hatterene|Stealth Rock|p1a: Great Tusk|[from] ability: Magic Bounce
|-sidestart|p1: Digga Darby|move: Stealth Rock
|move|p2a: Hatterene|Expanding Force|p1a: Great Tusk
|-supereffective|p1a: Great Tusk
|-damage|p1a: Great Tusk|0 fnt
|faint|p1a: Great Tusk
|-end|p1a: Great Tusk|Protosynthesis|[silent]
|
|upkeep
|
|t:|1769322622
|switch|p1a: Kingambit|Kingambit, F|100/100
|-damage|p1a: Kingambit|94/100|[from] Stealth Rock
|-activate|p1a: Kingambit|ability: Supreme Overlord
|-start|p1a: Kingambit|fallen1|[silent]
|turn|2
|
|t:|1769322648
|switch|p2a: Clefable|Clefable, F|100/100
|-terastallize|p1a: Kingambit|Fairy
|move|p1a: Kingambit|Swords Dance|p1a: Kingambit
|-boost|p1a: Kingambit|atk|2
|
|-heal|p1a: Kingambit|100/100|[from] item: Leftovers
|upkeep
|turn|3
|
|t:|1769322665
|move|p2a: Clefable|Future Sight|p1a: Kingambit
|-start|p2a: Clefable|move: Future Sight
|move|p1a: Kingambit|Tera Blast|p2a: Clefable|[anim] Tera Blast Fairy
|-damage|p2a: Clefable|0 fnt
|faint|p2a: Clefable
|
|upkeep
|
|t:|1769322687
|switch|p2a: Corviknight|Corviknight, M|100/100
|-item|p2a: Corviknight|Air Balloon
|turn|4
|
|t:|1769322708
|-terastallize|p2a: Corviknight|Flying
|move|p2a: Corviknight|Flash Cannon|p1a: Kingambit
|-supereffective|p1a: Kingambit
|-damage|p1a: Kingambit|57/100
|move|p1a: Kingambit|Kowtow Cleave|p2a: Corviknight
|-damage|p2a: Corviknight|0 fnt
|-enditem|p2a: Corviknight|Air Balloon
|faint|p2a: Corviknight
|
|-heal|p1a: Kingambit|63/100|[from] item: Leftovers
|upkeep
|
|t:|1769322741
|switch|p2a: Weezing|Weezing-Galar, F|100/100
|turn|5
|
|t:|1769322747
|move|p2a: Weezing|Gunk Shot|p1a: Kingambit|[miss]
|-miss|p2a: Weezing|p1a: Kingambit
|move|p1a: Kingambit|Kowtow Cleave|p2a: Weezing
|-resisted|p2a: Weezing
|-damage|p2a: Weezing|43/100
|
|-end|p1a: Kingambit|move: Future Sight
|-damage|p1a: Kingambit|30/100
|-heal|p1a: Kingambit|36/100|[from] item: Leftovers
|upkeep
|turn|6
|
|t:|1769322757
|move|p2a: Weezing|Gunk Shot|p1a: Kingambit
|-supereffective|p1a: Kingambit
|-damage|p1a: Kingambit|0 fnt
|faint|p1a: Kingambit
|-end|p1a: Kingambit|fallen1|[silent]
|
|upkeep
|
|t:|1769322783
|switch|p1a: Cinderace|Cinderace, F|100/100
|turn|7
|
|t:|1769322789
|switch|p2a: Alomomola|Alomomola, M|100/100
|-item|p2a: Alomomola|Air Balloon
|move|p1a: Cinderace|Pyro Ball|p2a: Alomomola
|-resisted|p2a: Alomomola
|-damage|p2a: Alomomola|77/100
|-enditem|p2a: Alomomola|Air Balloon
|
|upkeep
|turn|8
|
|t:|1769322799
|move|p1a: Cinderace|Gunk Shot|p2a: Alomomola
|-start|p1a: Cinderace|typechange|Poison|[from] ability: Libero
|-damage|p2a: Alomomola|22/100
|move|p2a: Alomomola|Rain Dance|p2a: Alomomola
|-weather|RainDance
|
|-weather|RainDance|[upkeep]
|upkeep
|turn|9
|
|t:|1769322808
|move|p1a: Cinderace|Gunk Shot|p2a: Alomomola
|-damage|p2a: Alomomola|0 fnt
|faint|p2a: Alomomola
|
|-weather|RainDance|[upkeep]
|upkeep
|
|t:|1769322821
|switch|p2a: Weezing|Weezing-Galar, F|43/100
|turn|10
|
|t:|1769322858
|move|p1a: Cinderace|Pyro Ball|p2a: Weezing
|-damage|p2a: Weezing|24/100
|move|p2a: Weezing|Dark Pulse|p1a: Cinderace
|-crit|p1a: Cinderace
|-damage|p1a: Cinderace|61/100
|
|-weather|RainDance|[upkeep]
|upkeep
|turn|11
|
|t:|1769322872
|move|p1a: Cinderace|U-turn|p2a: Weezing
|-resisted|p2a: Weezing
|-damage|p2a: Weezing|18/100
|
|t:|1769322884
|switch|p1a: Tornadus|Tornadus-Therian, M|100/100|[from] U-turn
|-damage|p1a: Tornadus|76/100|[from] Stealth Rock
|move|p2a: Weezing|Destiny Bond|p2a: Weezing
|-singlemove|p2a: Weezing|Destiny Bond
|
|-weather|RainDance|[upkeep]
|upkeep
|turn|12
|
|t:|1769322896
|move|p1a: Tornadus|Bleakwind Storm|p2a: Weezing
|-damage|p2a: Weezing|0 fnt
|faint|p2a: Weezing
|-activate|p2a: Weezing|move: Destiny Bond
|faint|p1a: Tornadus
|
|-weather|none
|upkeep
|
|t:|1769322921
|switch|p1a: Cinderace|Cinderace, F|61/100
|switch|p2a: Hatterene|Hatterene, F|100/100
|-item|p2a: Hatterene|Air Balloon
|turn|13
|
|t:|1769322939
|move|p1a: Cinderace|Pyro Ball|p2a: Hatterene
|-damage|p2a: Hatterene|18/100
|-enditem|p2a: Hatterene|Air Balloon
|move|p2a: Hatterene|Expanding Force|p1a: Cinderace
|-damage|p1a: Cinderace|2/100
|
|upkeep
|turn|14
|
|t:|1769322948
|move|p1a: Cinderace|Pyro Ball|p2a: Hatterene
|-damage|p2a: Hatterene|0 fnt
|faint|p2a: Hatterene
|
|upkeep
|
|t:|1769322952
|switch|p2a: Dragapult|Dragapult, F|100/100
|turn|15
|
|t:|1769322960
|move|p2a: Dragapult|Dragon Darts|p1a: Cinderace
|-damage|p1a: Cinderace|0 fnt
|faint|p1a: Cinderace
|
|upkeep
|
|t:|1769322967
|switch|p1a: Hatterene|Hatterene, F|100/100
|-damage|p1a: Hatterene|88/100|[from] Stealth Rock
|turn|16
|
|t:|1769322985
|move|p2a: Dragapult|Shadow Ball|p1a: Hatterene
|-supereffective|p1a: Hatterene
|-damage|p1a: Hatterene|11/100
|move|p1a: Hatterene|Draining Kiss|p2a: Dragapult
|-supereffective|p2a: Dragapult
|-damage|p2a: Dragapult|38/100
|-heal|p1a: Hatterene|58/100|[from] drain|[of] p2a: Dragapult
|-start|p1a: Hatterene|Disable|Draining Kiss|[from] ability: Cursed Body|[of] p2a: Dragapult
|
|-heal|p1a: Hatterene|64/100|[from] item: Leftovers
|upkeep
|turn|17
|
|t:|1769322999
|move|p2a: Dragapult|Shadow Ball|p1a: Hatterene
|-supereffective|p1a: Hatterene
|-damage|p1a: Hatterene|0 fnt
|faint|p1a: Hatterene
|
|upkeep
|
|t:|1769323003
|switch|p1a: Kyurem|Kyurem|100/100
|-damage|p1a: Kyurem|76/100|[from] Stealth Rock
|-ability|p1a: Kyurem|Pressure
|turn|18
|
|t:|1769323018
|move|p2a: Dragapult|Dragon Darts|p1a: Kyurem
|-supereffective|p1a: Kyurem
|-damage|p1a: Kyurem|40/100
|-anim|p2a: Dragapult|Dragon Darts|p1a: Kyurem
|-supereffective|p1a: Kyurem
|-damage|p1a: Kyurem|2/100
|move|p1a: Kyurem|Draco Meteor|p2a: Dragapult
|-supereffective|p2a: Dragapult
|-damage|p2a: Dragapult|0 fnt
|-unboost|p1a: Kyurem|spa|2
|faint|p2a: Dragapult
|
|win|Digga Darby
