|j|☆Legendary Crashout
|j|☆choppedkins
|t:|1769311286
|gametype|singles
|player|p1|Legendary Crashout|101|1642
|player|p2|choppedkins|tate|1615
|gen|9
|tier|[Gen 9] OU
|rated|
|rule|HP Percentage Mod: HP is shown in percentages
|rule|Endless Battle Clause: Forcing endless battles is banned
|rule|Species Clause: Limit one of each Pokémon
|rule|OHKO Clause: OHKO moves are banned
|rule|Evasion Items Clause: Evasion items are banned
|rule|Evasion Moves Clause: Evasion moves are banned
|rule|Evasion Abilities Clause: Evasion abilities are banned
|rule|Sleep Moves Clause: Sleep-inducing moves are banned
|clearpoke
|poke|p1|Deoxys-Speed|
|poke|p1|Blaziken, M|
|poke|p1|Moltres-Galar|
|poke|p1|Comfey, M|
|poke|p1|Ogerpon, F|
|poke|p1|Iron Treads|
|poke|p2|Moltres|
|poke|p2|Serperior, F|
|poke|p2|Great Tusk|
|poke|p2|Chansey, F|
|poke|p2|Scizor, M|
|poke|p2|Dragapult, M|
|teampreview
|inactive|Battle timer is ON: inactive players will automatically lose when time's up. (requested by Legendary Crashout)
|
|t:|1769311303
|teamsize|p1|6
|teamsize|p2|6
|start
|switch|p1a: Iron Treads|Iron Treads|100/100
|switch|p2a: 2013 summer|Scizor, M|100/100
|turn|1
|
|t:|1769311307
|move|p1a: Iron Treads|Earthquake|p2a: 2013 summer
|-damage|p2a: 2013 summer|46/100
|move|p2a: 2013 summer|Close Combat|p1a: Iron Treads
|-supereffective|p1a: Iron Treads
|-damage|p1a: Iron Treads|0 fnt
|-unboost|p2a: 2013 summer|def|1
|-unboost|p2a: 2013 summer|spd|1
|faint|p1a: Iron Treads
|-end|p1a: Iron Treads|Quark Drive|[silent]
|
|upkeep
|
|t:|1769311318
|switch|p1a: Comfey|Comfey, M|100/100
|turn|2
|
|t:|1769311322
|switch|p2a: Wrathwring|Moltres, shiny|100/100
|move|p1a: Comfey|Calm Mind|p1a: Comfey
|-boost|p1a: Comfey|spa|1
|-boost|p1a: Comfey|spd|1
|
|upkeep
|turn|3
|
|t:|1769311328
|move|p1a: Comfey|Calm Mind|p1a: Comfey
|-boost|p1a: Comfey|spa|1
|-boost|p1a: Comfey|spd|1
|move|p2a: Wrathwring|Roar|p1a: Comfey
|drag|p1a: Deoxys|Deoxys-Speed|100/100
|-ability|p1a: Deoxys|Pressure
|
|upkeep
|turn|4
|
|t:|1769311333
|move|p1a: Deoxys|Stealth Rock|p2a: Wrathwring
|-sidestart|p2: choppedkins|move: Stealth Rock
|move|p2a: Wrathwring|U-turn|p1a: Deoxys
|-supereffective|p1a: Deoxys
|-damage|p1a: Deoxys|65/100
|
|t:|1769311342
|switch|p2a: Eternity|Chansey, F, shiny|100/100|[from] U-turn
|-damage|p2a: Eternity|88/100|[from] Stealth Rock
|
|upkeep
|turn|5
|
|t:|1769311357
|move|p1a: Deoxys|Taunt|p2a: Eternity
|-start|p2a: Eternity|move: Taunt
|cant|p2a: Eternity|move: Taunt|Stealth Rock
|
|upkeep
|turn|6
|
|t:|1769311371
|move|p1a: Deoxys|Reflect|p1a: Deoxys
|-sidestart|p1: Legendary Crashout|Reflect
|move|p2a: Eternity|Seismic Toss|p1a: Deoxys
|-damage|p1a: Deoxys|32/100
|
|upkeep
|turn|7
|
|t:|1769311382
|switch|p1a: Comfey|Comfey, M|100/100
|move|p2a: Eternity|Seismic Toss|p1a: Comfey
|-damage|p1a: Comfey|64/100
|
|-end|p2a: Eternity|move: Taunt
|upkeep
|turn|8
|
|t:|1769311395
|switch|p1a: Ogerpon|Ogerpon, F|100/100
|move|p2a: Eternity|Thunder Wave|p1a: Ogerpon
|-status|p1a: Ogerpon|par
|
|upkeep
|turn|9
|
|t:|1769311413
|switch|p2a: Mistlestorm|Serperior, F|100/100
|-damage|p2a: Mistlestorm|88/100|[from] Stealth Rock
|move|p1a: Ogerpon|Knock Off|p2a: Mistlestorm
|-damage|p2a: Mistlestorm|53/100
|-enditem|p2a: Mistlestorm|Leftovers|[from] move: Knock Off|[of] p1a: Ogerpon
|
|upkeep
|turn|10
|
|t:|1769311426
|move|p2a: Mistlestorm|Glare|p1a: Ogerpon
|-fail|p1a: Ogerpon|par
|move|p1a: Ogerpon|Encore|p2a: Mistlestorm
|-start|p2a: Mistlestorm|Encore
|
|upkeep
|turn|11
|
|t:|1769311446
|move|p2a: Mistlestorm|Glare|p1a: Ogerpon
|-fail|p1a: Ogerpon|par
|move|p1a: Ogerpon|Knock Off|p2a: Mistlestorm
|-damage|p2a: Mistlestorm|29/100
|
|upkeep
|turn|12
|
|t:|1769311451
|move|p2a: Mistlestorm|Glare|p1a: Ogerpon
|-fail|p1a: Ogerpon|par
|move|p1a: Ogerpon|Ivy Cudgel|p2a: Mistlestorm
|-resisted|p2a: Mistlestorm
|-crit|p2a: Mistlestorm
|-damage|p2a: Mistlestorm|0 fnt
|faint|p2a: Mistlestorm
|
|upkeep
|inactive|choppedkins has 120 seconds left.
|
|t:|1769311477
|switch|p2a: 2013 summer|Scizor, M|46/100
|-damage|p2a: 2013 summer|34/100|[from] Stealth Rock
|turn|13
|
|t:|1769311487
|switch|p1a: Comfey|Comfey, M|64/100
|move|p2a: 2013 summer|U-turn|p1a: Comfey
|-resisted|p1a: Comfey
|-damage|p1a: Comfey|46/100
|inactive|choppedkins has 120 seconds left.
|
|t:|1769311497
|switch|p2a: Wrathwring|Moltres, shiny|100/100|[from] U-turn
|
|-sideend|p1: Legendary Crashout|Reflect
|upkeep
|turn|14
|
|t:|1769311513
|move|p1a: Comfey|Calm Mind|p1a: Comfey
|-boost|p1a: Comfey|spa|1
|-boost|p1a: Comfey|spd|1
|move|p2a: Wrathwring|Flamethrower|p1a: Comfey
|-damage|p1a: Comfey|19/100
|
|upkeep
|turn|15
|
|t:|1769311517
|move|p1a: Comfey|Draining Kiss|p2a: Wrathwring
|-resisted|p2a: Wrathwring
|-damage|p2a: Wrathwring|80/100
|-heal|p1a: Comfey|41/100|[from] drain|[of] p2a: Wrathwring
|-damage|p1a: Comfey|31/100|[from] item: Life Orb
|move|p2a: Wrathwring|Roar|p1a: Comfey
|drag|p1a: Moltres|Moltres-Galar|100/100
|
|upkeep
|turn|16
|
|t:|1769311527
|switch|p2a: Eternity|Chansey, F, shiny|88/100
|-damage|p2a: Eternity|76/100|[from] Stealth Rock
|move|p1a: Moltres|Fiery Wrath|p2a: Eternity
|-damage|p2a: Eternity|63/100
|
|upkeep
|turn|17
|
|t:|1769311531
|switch|p1a: Blaziken|Blaziken, M|100/100
|move|p2a: Eternity|Stealth Rock|p1a: Blaziken
|-sidestart|p1: Legendary Crashout|move: Stealth Rock
|
|upkeep
|turn|18
|
|t:|1769311535
|switch|p2a: Wrathwring|Moltres, shiny|80/100
|move|p1a: Blaziken|Swords Dance|p1a: Blaziken
|-boost|p1a: Blaziken|atk|2
|
|-ability|p1a: Blaziken|Speed Boost|boost
|-boost|p1a: Blaziken|spe|1
|upkeep
|turn|19
|
|t:|1769311556
|-terastallize|p1a: Blaziken|Fighting
|move|p1a: Blaziken|Close Combat|p2a: Wrathwring
|-resisted|p2a: Wrathwring
|-crit|p2a: Wrathwring
|-damage|p2a: Wrathwring|0 fnt
|-unboost|p1a: Blaziken|def|1
|-unboost|p1a: Blaziken|spd|1
|faint|p2a: Wrathwring
|-damage|p1a: Blaziken|91/100|[from] item: Life Orb
|
|-ability|p1a: Blaziken|Speed Boost|boost
|-boost|p1a: Blaziken|spe|1
|upkeep
|
|t:|1769311570
|switch|p2a: 2013 summer|Scizor, M|34/100
|-damage|p2a: 2013 summer|22/100|[from] Stealth Rock
|turn|20
|inactive|Legendary Crashout has 120 seconds left.
|inactive|choppedkins has 120 seconds left.
|
|t:|1769311616
|switch|p1a: Moltres|Moltres-Galar|100/100
|-damage|p1a: Moltres|76/100|[from] Stealth Rock
|move|p2a: 2013 summer|Bullet Punch|p1a: Moltres
|-damage|p1a: Moltres|20/100
|-ability|p1a: Moltres|Berserk|boost
|-boost|p1a: Moltres|spa|1
|-enditem|p1a: Moltres|Sitrus Berry|[eat]
|-heal|p1a: Moltres|45/100|[from] item: Sitrus Berry
|
|upkeep
|turn|21
|
|t:|1769311622
|move|p2a: 2013 summer|Bullet Punch|p1a: Moltres
|-damage|p1a: Moltres|0 fnt
|faint|p1a: Moltres
|
|upkeep
|
|t:|1769311623
|switch|p1a: Ogerpon|Ogerpon, F|100/100 par
|-damage|p1a: Ogerpon|88/100 par|[from] Stealth Rock
|turn|22
|inactive|choppedkins has 120 seconds left.
|
|t:|1769311662
|-terastallize|p2a: 2013 summer|Steel
|move|p2a: 2013 summer|Bullet Punch|p1a: Ogerpon
|-damage|p1a: Ogerpon|0 fnt
|faint|p1a: Ogerpon
|
|upkeep
|inactive|Legendary Crashout has 120 seconds left.
|inactive|Legendary Crashout has 90 seconds left.
|inactive|Legendary Crashout has 60 seconds left.
|inactive|Legendary Crashout has 30 seconds left.
|
|t:|1769311764
|switch|p1a: Comfey|Comfey, M|31/100
|-damage|p1a: Comfey|18/100|[from] Stealth Rock
|turn|23
|
|t:|1769311768
|move|p1a: Comfey|Draining Kiss|p2a: 2013 summer
|-resisted|p2a: 2013 summer
|-damage|p2a: 2013 summer|4/100
|-heal|p1a: Comfey|33/100|[from] drain|[of] p2a: 2013 summer
|-damage|p1a: Comfey|24/100|[from] item: Life Orb
|move|p2a: 2013 summer|Bullet Punch|p1a: Comfey
|-supereffective|p1a: Comfey
|-damage|p1a: Comfey|0 fnt
|faint|p1a: Comfey
|
|upkeep
|c|☆choppedkins|?
|inactive|Legendary Crashout has 30 seconds left.
|inactive|Legendary Crashout has 20 seconds left.
|inactive|Legendary Crashout has 15 seconds left.
|
|t:|1769311802
|switch|p1a: Deoxys|Deoxys-Speed|32/100
|-damage|p1a: Deoxys|20/100|[from] Stealth Rock
|-ability|p1a: Deoxys|Pressure
|turn|24
|inactive|Legendary Crashout has 25 seconds left this turn.
|inactive|choppedkins has 120 seconds left.
|
|t:|1769311807
|move|p2a: 2013 summer|Bullet Punch|p1a: Deoxys
|-damage|p1a: Deoxys|0 fnt
|faint|p1a: Deoxys
|
|upkeep
|inactive|Legendary Crashout has 30 seconds left this turn.
|inactive|Legendary Crashout has 20 seconds left.
|c|☆choppedkins|gg!
|inactive|Legendary Crashout has 15 seconds left.
|inactive|Legendary Crashout has 10 seconds left.
|inactive|Legendary Crashout has 5 seconds left.
|-message|Legendary Crashout lost due to inactivity.
|
|win|choppedkins
|raw|Legendary Crashout's rating: 1618 &rarr; <strong>1598</strong><br />(-20 for losing)
|raw|choppedkins's rating: 1615 &rarr; <strong>1635</strong><br />(+20 for winning)
|l|☆choppedkins
|player|p2|
|l|☆Legendary Crashout
|player|p1|
