|j|☆Z-A Fynx
|j|☆Red the pikamon
|t:|1769404792
|gametype|singles
|player|p1|Z-A Fynx|2|1190
|player|p2|Red the pikamon|firebreather|1134
|gen|9
|tier|[Gen 9] OU
|rated|
|rule|HP Percentage Mod: HP is shown in percentages
|rule|Endless Battle Clause: Forcing endless battles is banned
|rule|Species Clause: Limit one of each Pokémon
|rule|OHKO Clause: OHKO moves are banned
|rule|Evasion Items Clause: Evasion items are banned
|rule|Evasion Moves Clause: Evasion moves are banned
|rule|Evasion Abilities Clause: Evasion abilities are banned
|rule|Sleep Moves Clause: Sleep-inducing moves are banned
|clearpoke
|poke|p1|Gliscor, M|
|poke|p1|Slowking-Galar, F|
|poke|p1|Ogerpon-Wellspring, F|
|poke|p1|Heatran, M|
|poke|p1|Great Tusk|
|poke|p1|Iron Valiant|
|poke|p2|Pikachu, M|
|poke|p2|Charizard, M|
|poke|p2|Venusaur, F|
|poke|p2|Blastoise, F|
|poke|p2|Snorlax, M|
|poke|p2|Dragonite, M|
|teampreview
|inactive|Battle timer is ON: inactive players will automatically lose when time's up. (requested by Z-A Fynx)
|
|t:|1769404804
|teamsize|p1|6
|teamsize|p2|6
|start
|switch|p1a: Heatran|Heatran, M|100/100
|switch|p2a: Pikachu|Pikachu, M|100/100
|turn|1
|
|t:|1769404811
|move|p2a: Pikachu|Encore||[still]
|-fail|p2a: Pikachu
|move|p1a: Heatran|Magma Storm|p2a: Pikachu
|-damage|p2a: Pikachu|0 fnt
|faint|p2a: Pikachu
|
|upkeep
|
|t:|1769404818
|switch|p2a: Blastoise|Blastoise, F|100/100
|turn|2
|
|t:|1769404826
|switch|p1a: Iron Valiant|Iron Valiant|100/100
|-enditem|p1a: Iron Valiant|Booster Energy
|-activate|p1a: Iron Valiant|ability: Quark Drive|[fromitem]
|-start|p1a: Iron Valiant|quarkdrivespe
|move|p2a: Blastoise|Flip Turn|p1a: Iron Valiant
|-damage|p1a: Iron Valiant|79/100
|
|t:|1769404846
|switch|p2a: Venusaur|Venusaur, F|100/100|[from] Flip Turn
|
|upkeep
|turn|3
|
|t:|1769404853
|-end|p1a: Iron Valiant|Quark Drive|[silent]
|switch|p1a: Slowking|Slowking-Galar, F|100/100
|move|p2a: Venusaur|Leech Seed|p1a: Slowking
|-start|p1a: Slowking|move: Leech Seed
|
|-damage|p1a: Slowking|88/100|[from] Leech Seed|[of] p2a: Venusaur
|upkeep
|turn|4
|
|t:|1769404863
|switch|p1a: Heatran|Heatran, M|100/100
|move|p2a: Venusaur|Substitute|p2a: Venusaur
|-start|p2a: Venusaur|Substitute
|-damage|p2a: Venusaur|75/100
|
|-heal|p2a: Venusaur|82/100|[from] item: Black Sludge
|upkeep
|turn|5
|
|t:|1769404886
|move|p1a: Heatran|Earth Power|p2a: Venusaur
|-end|p2a: Venusaur|Substitute
|move|p2a: Venusaur|Leech Seed|p1a: Heatran
|-start|p1a: Heatran|move: Leech Seed
|
|-heal|p2a: Venusaur|88/100|[from] item: Black Sludge
|-damage|p1a: Heatran|88/100|[from] Leech Seed|[of] p2a: Venusaur
|-heal|p2a: Venusaur|99/100|[silent]
|upkeep
|turn|6
|
|t:|1769404902
|switch|p2a: Blastoise|Blastoise, F|100/100
|move|p1a: Heatran|Taunt|p2a: Blastoise
|-start|p2a: Blastoise|move: Taunt
|
|-heal|p1a: Heatran|94/100|[from] item: Leftovers
|-damage|p1a: Heatran|82/100|[from] Leech Seed|[of] p2a: Blastoise
|upkeep
|turn|7
|
|t:|1769404911
|switch|p1a: Ogerpon|Ogerpon-Wellspring, F|100/100
|move|p2a: Blastoise|Flip Turn|p1a: Ogerpon
|-immune|p1a: Ogerpon|[from] ability: Water Absorb
|
|upkeep
|turn|8
|
|t:|1769404920
|switch|p2a: Snorlax|Snorlax, M|100/100
|move|p1a: Ogerpon|Swords Dance|p1a: Ogerpon
|-boost|p1a: Ogerpon|atk|2
|
|upkeep
|turn|9
|
|t:|1769404927
|move|p1a: Ogerpon|Knock Off|p2a: Snorlax
|-damage|p2a: Snorlax|42/100
|-enditem|p2a: Snorlax|Leftovers|[from] move: Knock Off|[of] p1a: Ogerpon
|move|p2a: Snorlax|Curse|p2a: Snorlax
|-unboost|p2a: Snorlax|spe|1
|-boost|p2a: Snorlax|atk|1
|-boost|p2a: Snorlax|def|1
|
|upkeep
|turn|10
|
|t:|1769404934
|move|p1a: Ogerpon|Trailblaze|p2a: Snorlax
|-crit|p2a: Snorlax
|-damage|p2a: Snorlax|0 fnt
|-boost|p1a: Ogerpon|spe|1
|faint|p2a: Snorlax
|
|upkeep
|-message|Red the pikamon forfeited.
|
|win|Z-A Fynx
|raw|Z-A Fynx's rating: 1190 &rarr; <strong>1211</strong><br />(+21 for winning)
|raw|Red the pikamon's rating: 1134 &rarr; <strong>1113</strong><br />(-21 for losing)
|l|☆Red the pikamon
|player|p2|
|l|☆Z-A Fynx
|player|p1|
