|j|☆Permanultimatum
|j|☆SladeRG
|t:|1769341431
|gametype|singles
|player|p1|Permanultimatum|scientist-gen4|1293
|player|p2|SladeRG|102|1325
|gen|9
|tier|[Gen 9] OU
|rated|
|rule|HP Percentage Mod: HP is shown in percentages
|rule|Endless Battle Clause: Forcing endless battles is banned
|rule|Species Clause: Limit one of each Pokémon
|rule|OHKO Clause: OHKO moves are banned
|rule|Evasion Items Clause: Evasion items are banned
|rule|Evasion Moves Clause: Evasion moves are banned
|rule|Evasion Abilities Clause: Evasion abilities are banned
|rule|Sleep Moves Clause: Sleep-inducing moves are banned
|clearpoke
|poke|p1|Jirachi|
|poke|p1|Hydrapple, F|
|poke|p1|Hoopa-Unbound|
|poke|p1|Mandibuzz, F|
|poke|p1|Slither Wing|
|poke|p1|Magnezone|
|poke|p2|Torkoal, F|
|poke|p2|Lilligant-Hisui, F|
|poke|p2|Walking Wake|
|poke|p2|Typhlosion-Hisui, M|
|poke|p2|Raging Bolt|
|poke|p2|Corviknight, M|
|teampreview
|
|t:|1769341440
|teamsize|p1|6
|teamsize|p2|6
|start
|switch|p1a: Slither Wing|Slither Wing|100/100
|switch|p2a: Torkoal|Torkoal, F|100/100
|-weather|SunnyDay|[from] ability: Drought|[of] p2a: Torkoal
|-activate|p1a: Slither Wing|ability: Protosynthesis
|-start|p1a: Slither Wing|protosynthesisatk
|turn|1
|
|t:|1769341445
|move|p1a: Slither Wing|U-turn|p2a: Torkoal
|-resisted|p2a: Torkoal
|-damage|p2a: Torkoal|77/100
|
|t:|1769341449
|-end|p1a: Slither Wing|Protosynthesis|[silent]
|switch|p1a: Hydrapple|Hydrapple, F|100/100|[from] U-turn
|move|p2a: Torkoal|Lava Plume|p1a: Hydrapple
|-damage|p1a: Hydrapple|78/100
|
|-weather|SunnyDay|[upkeep]
|upkeep
|turn|2
|
|t:|1769341467
|switch|p2a: Corviknight|Corviknight, M|100/100
|-ability|p2a: Corviknight|Pressure
|move|p1a: Hydrapple|Dragon Tail|p2a: Corviknight
|-resisted|p2a: Corviknight
|-damage|p2a: Corviknight|96/100
|-damage|p1a: Hydrapple|62/100|[from] item: Rocky Helmet|[of] p2a: Corviknight
|drag|p2a: Walking Wake|Walking Wake|100/100
|-activate|p2a: Walking Wake|ability: Protosynthesis
|-start|p2a: Walking Wake|protosynthesisspa
|
|-weather|SunnyDay|[upkeep]
|upkeep
|turn|3
|
|t:|1769341482
|-terastallize|p1a: Hydrapple|Steel
|move|p2a: Walking Wake|Draco Meteor|p1a: Hydrapple
|-resisted|p1a: Hydrapple
|-damage|p1a: Hydrapple|20/100
|-unboost|p2a: Walking Wake|spa|2
|move|p1a: Hydrapple|Draco Meteor|p2a: Walking Wake
|-supereffective|p2a: Walking Wake
|-damage|p2a: Walking Wake|0 fnt
|-unboost|p1a: Hydrapple|spa|2
|faint|p2a: Walking Wake
|-end|p2a: Walking Wake|Protosynthesis|[silent]
|
|-weather|SunnyDay|[upkeep]
|upkeep
|
|t:|1769341492
|switch|p2a: Typhlosion|Typhlosion-Hisui, M|100/100
|turn|4
|
|t:|1769341507
|move|p2a: Typhlosion|Eruption|p1a: Hydrapple
|-supereffective|p1a: Hydrapple
|-damage|p1a: Hydrapple|0 fnt
|faint|p1a: Hydrapple
|
|-weather|SunnyDay|[upkeep]
|upkeep
|
|t:|1769341519
|switch|p1a: Hoopa|Hoopa-Unbound|100/100
|turn|5
|
|t:|1769341568
|switch|p2a: Corviknight|Corviknight, M|96/100
|-ability|p2a: Corviknight|Pressure
|move|p1a: Hoopa|Hyperspace Fury|p2a: Corviknight
|-damage|p2a: Corviknight|55/100
|-unboost|p1a: Hoopa|def|1
|-damage|p1a: Hoopa|91/100|[from] item: Life Orb
|
|-weather|SunnyDay|[upkeep]
|upkeep
|turn|6
|
|t:|1769341580
|move|p1a: Hoopa|Future Sight|p2a: Corviknight
|-start|p1a: Hoopa|move: Future Sight
|move|p2a: Corviknight|Roost|p2a: Corviknight
|-heal|p2a: Corviknight|100/100
|-singleturn|p2a: Corviknight|move: Roost
|
|-weather|SunnyDay|[upkeep]
|upkeep
|turn|7
|
|t:|1769341595
|switch|p1a: Slither Wing|Slither Wing|100/100
|-activate|p1a: Slither Wing|ability: Protosynthesis
|-start|p1a: Slither Wing|protosynthesisatk
|move|p2a: Corviknight|U-turn|p1a: Slither Wing
|-resisted|p1a: Slither Wing
|-damage|p1a: Slither Wing|92/100
|
|t:|1769341604
|switch|p2a: Typhlosion|Typhlosion-Hisui, M|100/100|[from] U-turn
|
|-weather|SunnyDay|[upkeep]
|upkeep
|turn|8
|
|t:|1769341630
|-end|p1a: Slither Wing|Protosynthesis|[silent]
|switch|p1a: Hoopa|Hoopa-Unbound|91/100
|move|p2a: Typhlosion|Eruption|p1a: Hoopa
|-damage|p1a: Hoopa|4/100
|
|-weather|none
|-end|p2a: Typhlosion|move: Future Sight
|-damage|p2a: Typhlosion|0 fnt
|faint|p2a: Typhlosion
|-damage|p1a: Hoopa|0 fnt|[from] item: Life Orb
|faint|p1a: Hoopa
|upkeep
|
|t:|1769341654
|switch|p2a: Torkoal|Torkoal, F|77/100
|switch|p1a: Magnezone|Magnezone|100/100
|-item|p1a: Magnezone|Air Balloon
|-weather|SunnyDay|[from] ability: Drought|[of] p2a: Torkoal
|turn|9
|
|t:|1769341670
|move|p1a: Magnezone|Volt Switch|p2a: Torkoal
|-damage|p2a: Torkoal|25/100
|
|t:|1769341674
|switch|p1a: Mandibuzz|Mandibuzz, F|100/100|[from] Volt Switch
|move|p2a: Torkoal|Lava Plume|p1a: Mandibuzz
|-damage|p1a: Mandibuzz|72/100
|
|-weather|SunnyDay|[upkeep]
|upkeep
|turn|10
|
|t:|1769341683
|move|p2a: Torkoal|Stealth Rock|p1a: Mandibuzz
|-sidestart|p1: Permanultimatum|move: Stealth Rock
|move|p1a: Mandibuzz|Whirlwind|p2a: Torkoal
|drag|p2a: Corviknight|Corviknight, M|100/100
|-ability|p2a: Corviknight|Pressure
|
|-weather|SunnyDay|[upkeep]
|upkeep
|turn|11
|
|t:|1769341691
|move|p2a: Corviknight|U-turn|p1a: Mandibuzz
|-damage|p1a: Mandibuzz|64/100
|
|t:|1769341695
|switch|p2a: Raging Bolt|Raging Bolt|100/100|[from] U-turn
|-activate|p2a: Raging Bolt|ability: Protosynthesis
|-start|p2a: Raging Bolt|protosynthesisspa
|move|p1a: Mandibuzz|Whirlwind|p2a: Raging Bolt
|-end|p2a: Raging Bolt|Protosynthesis|[silent]
|drag|p2a: Corviknight|Corviknight, M|100/100
|-ability|p2a: Corviknight|Pressure
|
|-weather|SunnyDay|[upkeep]
|upkeep
|turn|12
|
|t:|1769341706
|move|p1a: Mandibuzz|Defog|p2a: Corviknight
|-unboost|p2a: Corviknight|evasion|1
|-sideend|p1: Permanultimatum|Stealth Rock|[from] move: Defog|[of] p1a: Mandibuzz
|move|p2a: Corviknight|Brave Bird|p1a: Mandibuzz
|-damage|p1a: Mandibuzz|42/100
|-damage|p2a: Corviknight|93/100|[from] Recoil
|
|-weather|SunnyDay|[upkeep]
|upkeep
|turn|13
|
|t:|1769341712
|move|p2a: Corviknight|Brave Bird|p1a: Mandibuzz
|-damage|p1a: Mandibuzz|20/100
|-damage|p2a: Corviknight|85/100|[from] Recoil
|move|p1a: Mandibuzz|Whirlwind|p2a: Corviknight
|drag|p2a: Lilligant|Lilligant-Hisui, F|100/100
|
|-weather|SunnyDay|[upkeep]
|upkeep
|turn|14
|
|t:|1769341725
|switch|p1a: Magnezone|Magnezone|100/100
|-item|p1a: Magnezone|Air Balloon
|move|p2a: Lilligant|Triple Axel|p1a: Magnezone
|-resisted|p1a: Magnezone
|-damage|p1a: Magnezone|97/100
|-enditem|p1a: Magnezone|Air Balloon
|-resisted|p1a: Magnezone
|-damage|p1a: Magnezone|89/100
|-resisted|p1a: Magnezone
|-damage|p1a: Magnezone|76/100
|-hitcount|p1a: Magnezone|3
|-damage|p2a: Lilligant|91/100|[from] item: Life Orb
|
|-weather|SunnyDay|[upkeep]
|upkeep
|turn|15
|
|t:|1769341752
|switch|p1a: Slither Wing|Slither Wing|92/100
|-activate|p1a: Slither Wing|ability: Protosynthesis
|-start|p1a: Slither Wing|protosynthesisatk
|-terastallize|p2a: Lilligant|Fire
|move|p2a: Lilligant|Tera Blast|p1a: Slither Wing|[anim] Tera Blast Fire
|-supereffective|p1a: Slither Wing
|-damage|p1a: Slither Wing|0 fnt
|faint|p1a: Slither Wing
|-end|p1a: Slither Wing|Protosynthesis|[silent]
|-damage|p2a: Lilligant|81/100|[from] item: Life Orb
|
|-weather|SunnyDay|[upkeep]
|upkeep
|inactive|Battle timer is ON: inactive players will automatically lose when time's up. (requested by SladeRG)
|-message|Permanultimatum forfeited.
|
|win|SladeRG
|raw|Permanultimatum's rating: 1293 &rarr; <strong>1269</strong><br />(-24 for losing)
|raw|SladeRG's rating: 1308 &rarr; <strong>1327</strong><br />(+19 for winning)
|l|☆Permanultimatum
|player|p1|
|l|☆SladeRG
|player|p2|
