|badge|p1|silver|gen9ou|30-8
|uhtml|medal-msg|<div class="broadcast-blue">Curious what those medals under the avatar are? PS now has Ladder Seasons! For more information, check out the <a href="https://www.smogon.com/forums/threads/3740067/">thread on Smogon.</a></div>
|j|‽ClRCUS MAXIMUS
|j|☆spunder_policy
|t:|1769324921
|gametype|singles
|player|p1|ClRCUS MAXIMUS|rood|1862
|player|p2|spunder_policy|169|1840
|gen|9
|tier|[Gen 9] OU
|rated|
|rule|HP Percentage Mod: HP is shown in percentages
|rule|Endless Battle Clause: Forcing endless battles is banned
|rule|Species Clause: Limit one of each Pokémon
|rule|OHKO Clause: OHKO moves are banned
|rule|Evasion Items Clause: Evasion items are banned
|rule|Evasion Moves Clause: Evasion moves are banned
|rule|Evasion Abilities Clause: Evasion abilities are banned
|rule|Sleep Moves Clause: Sleep-inducing moves are banned
|clearpoke
|poke|p1|Ogerpon-Cornerstone, F|
|poke|p1|Pecharunt|
|poke|p1|Great Tusk|
|poke|p1|Alomomola, M|
|poke|p1|Iron Moth|
|poke|p1|Garganacl, M|
|poke|p2|Zoroark-Hisui, F|
|poke|p2|Mesprit|
|poke|p2|Alomomola, F|
|poke|p2|Goodra-Hisui, M|
|poke|p2|Thundurus, M|
|poke|p2|Blaziken, F|
|teampreview
|inactive|Battle timer is ON: inactive players will automatically lose when time's up. (requested by spunder_policy)
|j| darfsgsfgsefse
|
|t:|1769324954
|teamsize|p1|6
|teamsize|p2|6
|start
|switch|p1a: Ogerpon|Ogerpon-Cornerstone, F|100/100
|switch|p2a: Alomomola|Alomomola, F|100/100
|turn|1
|
|t:|1769324964
|switch|p1a: Garganacl|Garganacl, M, shiny|100/100
|switch|p2a: Blaziken|Blaziken, F|100/100
|
|upkeep
|turn|2
|
|t:|1769324975
|-terastallize|p2a: Blaziken|Ground
|move|p2a: Blaziken|Earthquake|p1a: Garganacl
|-supereffective|p1a: Garganacl
|-damage|p1a: Garganacl|42/100
|move|p1a: Garganacl|Salt Cure|p2a: Blaziken
|-resisted|p2a: Blaziken
|-damage|p2a: Blaziken|90/100
|-start|p2a: Blaziken|Salt Cure
|
|-heal|p1a: Garganacl|49/100|[from] item: Leftovers
|-damage|p2a: Blaziken|78/100|[from] Salt Cure
|-ability|p2a: Blaziken|Speed Boost|boost
|-boost|p2a: Blaziken|spe|1
|upkeep
|turn|3
|
|t:|1769324987
|move|p1a: Garganacl|Protect|p1a: Garganacl
|-singleturn|p1a: Garganacl|Protect
|move|p2a: Blaziken|Earthquake|p1a: Garganacl
|-activate|p1a: Garganacl|move: Protect
|
|-heal|p1a: Garganacl|55/100|[from] item: Leftovers
|-damage|p2a: Blaziken|66/100|[from] Salt Cure
|-ability|p2a: Blaziken|Speed Boost|boost
|-boost|p2a: Blaziken|spe|1
|upkeep
|turn|4
|
|t:|1769324994
|switch|p1a: Alomomola|Alomomola, M, shiny|100/100
|move|p2a: Blaziken|U-turn|p1a: Alomomola
|-damage|p1a: Alomomola|87/100
|
|t:|1769324996
|switch|p2a: Mesprit|Mesprit|100/100|[from] U-turn
|
|upkeep
|turn|5
|
|t:|1769325001
|move|p2a: Mesprit|Stealth Rock|p1a: Alomomola
|-sidestart|p1: ClRCUS MAXIMUS|move: Stealth Rock
|move|p1a: Alomomola|Flip Turn|p2a: Mesprit
|-damage|p2a: Mesprit|89/100
|
|t:|1769325020
|switch|p1a: Iron Moth|Iron Moth, shiny|100/100|[from] Flip Turn
|-damage|p1a: Iron Moth|76/100|[from] Stealth Rock
|
|upkeep
|turn|6
|
|t:|1769325034
|switch|p2a: Goodra|Goodra-Hisui, M|100/100
|move|p1a: Iron Moth|Overheat|p2a: Goodra
|-damage|p2a: Goodra|31/100
|-unboost|p1a: Iron Moth|spa|2
|
|upkeep
|turn|7
|j| AmberArm
|
|t:|1769325044
|-end|p1a: Iron Moth|Quark Drive|[silent]
|switch|p1a: Alomomola|Alomomola, M, shiny|100/100
|-damage|p1a: Alomomola|88/100|[from] Stealth Rock
|switch|p2a: Alomomola|Alomomola, F|100/100
|
|upkeep
|turn|8
|
|t:|1769325055
|move|p2a: Alomomola|Flip Turn|p1a: Alomomola
|-resisted|p1a: Alomomola
|-damage|p1a: Alomomola|83/100
|
|t:|1769325057
|switch|p2a: Mesprit|Mesprit|100/100|[from] Flip Turn
|move|p1a: Alomomola|Flip Turn|p2a: Mesprit
|-crit|p2a: Mesprit
|-damage|p2a: Mesprit|46/100
|replace|p2a: Zoroark|Zoroark-Hisui, F
|-end|p2a: Zoroark|Illusion
|
|t:|1769325063
|switch|p1a: Garganacl|Garganacl, M, shiny|55/100|[from] Flip Turn
|-damage|p1a: Garganacl|42/100|[from] Stealth Rock
|
|-heal|p1a: Garganacl|49/100|[from] item: Leftovers
|upkeep
|turn|9
|
|t:|1769325066
|move|p1a: Garganacl|Protect|p1a: Garganacl
|-singleturn|p1a: Garganacl|Protect
|move|p2a: Zoroark|Focus Blast|p1a: Garganacl
|-activate|p1a: Garganacl|move: Protect
|
|-heal|p1a: Garganacl|55/100|[from] item: Leftovers
|upkeep
|turn|10
|
|t:|1769325070
|switch|p1a: Alomomola|Alomomola, M, shiny|100/100
|-damage|p1a: Alomomola|88/100|[from] Stealth Rock
|move|p2a: Zoroark|Focus Blast|p1a: Alomomola
|-damage|p1a: Alomomola|68/100
|
|upkeep
|turn|11
|
|t:|1769325072
|move|p2a: Zoroark|Will-O-Wisp|p1a: Alomomola|[miss]
|-miss|p2a: Zoroark|p1a: Alomomola
|move|p1a: Alomomola|Flip Turn|p2a: Zoroark
|-damage|p2a: Zoroark|9/100
|inactive|ClRCUS MAXIMUS has 120 seconds left.
|
|t:|1769325104
|switch|p1a: Iron Moth|Iron Moth, shiny|76/100|[from] Flip Turn
|-damage|p1a: Iron Moth|51/100|[from] Stealth Rock
|
|upkeep
|turn|12
|
|t:|1769325116
|switch|p2a: Alomomola|Alomomola, F|100/100
|move|p1a: Iron Moth|U-turn|p2a: Alomomola
|-damage|p2a: Alomomola|93/100
|
|t:|1769325121
|-end|p1a: Iron Moth|Quark Drive|[silent]
|switch|p1a: Great Tusk|Great Tusk, shiny|100/100|[from] U-turn
|
|upkeep
|turn|13
|
|t:|1769325126
|move|p1a: Great Tusk|Rapid Spin|p2a: Alomomola
|-damage|p2a: Alomomola|80/100
|-boost|p1a: Great Tusk|spe|1
|-sideend|p1: ClRCUS MAXIMUS|Stealth Rock|[from] move: Rapid Spin|[of] p1a: Great Tusk
|move|p2a: Alomomola|Scald|p1a: Great Tusk
|-supereffective|p1a: Great Tusk
|-crit|p1a: Great Tusk
|-damage|p1a: Great Tusk|49/100
|
|upkeep
|turn|14
|
|t:|1769325133
|-end|p1a: Great Tusk|Protosynthesis|[silent]
|switch|p1a: Alomomola|Alomomola, M, shiny|100/100
|move|p2a: Alomomola|Flip Turn|p1a: Alomomola
|-resisted|p1a: Alomomola
|-damage|p1a: Alomomola|95/100
|
|t:|1769325135
|switch|p2a: Mesprit|Mesprit|89/100|[from] Flip Turn
|
|upkeep
|turn|15
|
|t:|1769325142
|switch|p1a: Ogerpon|Ogerpon-Cornerstone, F|100/100
|move|p2a: Mesprit|Stealth Rock|p1a: Ogerpon
|-sidestart|p1: ClRCUS MAXIMUS|move: Stealth Rock
|
|upkeep
|turn|16
|
|t:|1769325145
|move|p1a: Ogerpon|Encore|p2a: Mesprit
|-start|p2a: Mesprit|Encore
|move|p2a: Mesprit|Stealth Rock||[still]
|-fail|p2a: Mesprit
|
|upkeep
|turn|17
|
|t:|1769325150
|switch|p2a: Blaziken|Blaziken, F, tera:Ground|66/100
|move|p1a: Ogerpon|Ivy Cudgel|p2a: Blaziken|[anim] Ivy Cudgel Rock
|-resisted|p2a: Blaziken
|-crit|p2a: Blaziken
|-damage|p2a: Blaziken|0 fnt
|faint|p2a: Blaziken
|
|upkeep
|
|t:|1769325158
|switch|p2a: Thundurus|Thundurus, M|100/100
|turn|18
|
|t:|1769325162
|move|p2a: Thundurus|U-turn|p1a: Ogerpon
|-supereffective|p1a: Ogerpon
|-damage|p1a: Ogerpon|57/100
|
|t:|1769325163
|switch|p2a: Mesprit|Mesprit|89/100|[from] U-turn
|move|p1a: Ogerpon|Ivy Cudgel|p2a: Mesprit|[anim] Ivy Cudgel Rock
|-damage|p2a: Mesprit|41/100
|
|upkeep
|turn|19
|
|t:|1769325175
|switch|p2a: Alomomola|Alomomola, F|100/100
|move|p1a: Ogerpon|Ivy Cudgel|p2a: Alomomola|[anim] Ivy Cudgel Rock
|-damage|p2a: Alomomola|54/100
|
|upkeep
|turn|20
|
|t:|1769325179
|move|p1a: Ogerpon|Power Whip|p2a: Alomomola
|-supereffective|p2a: Alomomola
|-damage|p2a: Alomomola|0 fnt
|faint|p2a: Alomomola
|
|upkeep
|
|t:|1769325182
|switch|p2a: Mesprit|Mesprit|9/100
|turn|21
|
|t:|1769325195
|switch|p1a: Alomomola|Alomomola, M, shiny|100/100
|-damage|p1a: Alomomola|88/100|[from] Stealth Rock
|move|p2a: Mesprit|Focus Blast|p1a: Alomomola
|-damage|p1a: Alomomola|64/100
|
|upkeep
|turn|22
|
|t:|1769325201
|switch|p2a: Thundurus|Thundurus, M|100/100
|move|p1a: Alomomola|Flip Turn|p2a: Thundurus
|-damage|p2a: Thundurus|81/100
|
|t:|1769325204
|switch|p1a: Garganacl|Garganacl, M, shiny|55/100|[from] Flip Turn
|-damage|p1a: Garganacl|42/100|[from] Stealth Rock
|
|-heal|p1a: Garganacl|49/100|[from] item: Leftovers
|upkeep
|turn|23
|
|t:|1769325208
|switch|p2a: Mesprit|Mesprit|41/100
|move|p1a: Garganacl|Recover|p1a: Garganacl
|-heal|p1a: Garganacl|99/100
|
|-heal|p1a: Garganacl|100/100|[from] item: Leftovers
|upkeep
|turn|24
|-message|spunder_policy forfeited.
|
|win|ClRCUS MAXIMUS
|raw|ClRCUS MAXIMUS's rating: 1862 &rarr; <strong>1881</strong><br />(+19 for winning)
|raw|spunder_policy's rating: 1840 &rarr; <strong>1821</strong><br />(-19 for losing)
|l|☆spunder_policy
|player|p2|
|l|‽ClRCUS MAXIMUS
|player|p1|
|l| AmberArm
|l| darfsgsfgsefse
