|j|☆CambridgeFoulPlay
|j|☆furkanbolukbasi
|t:|1769357613
|gametype|singles
|player|p1|CambridgeFoulPlay|266|1819
|player|p2|furkanbolukbasi|xerosic|1736
|gen|9
|tier|[Gen 9] OU
|rated|
|rule|HP Percentage Mod: HP is shown in percentages
|rule|Endless Battle Clause: Forcing endless battles is banned
|rule|Species Clause: Limit one of each Pokémon
|rule|OHKO Clause: OHKO moves are banned
|rule|Evasion Items Clause: Evasion items are banned
|rule|Evasion Moves Clause: Evasion moves are banned
|rule|Evasion Abilities Clause: Evasion abilities are banned
|rule|Sleep Moves Clause: Sleep-inducing moves are banned
|clearpoke
|poke|p1|Hydrapple, M|
|poke|p1|Tyranitar, F|
|poke|p1|Moltres|
|poke|p1|Zamazenta-*|
|poke|p1|Slowking-Galar, M|
|poke|p1|Excadrill, F|
|poke|p2|Pecharunt|
|poke|p2|Mabosstiff, F|
|poke|p2|Volcanion|
|poke|p2|Iron Valiant|
|poke|p2|Landorus-Therian, M|
|poke|p2|Deoxys-Speed|
|teampreview
|c|☆CambridgeFoulPlay|hf
|inactive|Battle timer is ON: inactive players will automatically lose when time's up. (requested by CambridgeFoulPlay)
|
|t:|1769357635
|teamsize|p1|6
|teamsize|p2|6
|start
|switch|p1a: Hydrapple|Hydrapple, M|100/100
|switch|p2a: Deoxys|Deoxys-Speed|100/100
|-ability|p2a: Deoxys|Pressure
|turn|1
|
|t:|1769357639
|switch|p1a: Slowking|Slowking-Galar, M|100/100
|move|p2a: Deoxys|Spikes|p1a: Slowking
|-sidestart|p1: CambridgeFoulPlay|Spikes
|
|upkeep
|turn|2
|
|t:|1769357642
|move|p2a: Deoxys|Knock Off|p1a: Slowking
|-supereffective|p1a: Slowking
|-damage|p1a: Slowking|61/100
|-enditem|p1a: Slowking|Assault Vest|[from] move: Knock Off|[of] p2a: Deoxys
|move|p1a: Slowking|Sludge Bomb|p2a: Deoxys
|-crit|p2a: Deoxys
|-damage|p2a: Deoxys|13/100
|
|upkeep
|turn|3
|
|t:|1769357646
|switch|p1a: Tyranitar|Tyranitar, F|100/100
|-damage|p1a: Tyranitar|88/100|[from] Spikes
|-weather|Sandstorm|[from] ability: Sand Stream|[of] p1a: Tyranitar
|move|p2a: Deoxys|Psycho Boost|p1a: Tyranitar
|-immune|p1a: Tyranitar
|
|-weather|Sandstorm|[upkeep]
|-damage|p2a: Deoxys|7/100|[from] Sandstorm
|upkeep
|turn|4
|
|t:|1769357648
|move|p2a: Deoxys|Superpower|p1a: Tyranitar
|-supereffective|p1a: Tyranitar
|-damage|p1a: Tyranitar|0 fnt
|-unboost|p2a: Deoxys|atk|1
|-unboost|p2a: Deoxys|def|1
|faint|p1a: Tyranitar
|-enditem|p2a: Deoxys|Eject Pack
|
|t:|1769357666
|switch|p2a: Volcanion|Volcanion|100/100
|
|-weather|Sandstorm|[upkeep]
|-damage|p2a: Volcanion|94/100|[from] Sandstorm
|-heal|p2a: Volcanion|100/100|[from] item: Leftovers
|upkeep
|
|t:|1769357669
|switch|p1a: Hydrapple|Hydrapple, M|100/100
|turn|5
|
|t:|1769357691
|switch|p2a: Landorus|Landorus-Therian, M|100/100
|-ability|p2a: Landorus|Intimidate|boost
|-unboost|p1a: Hydrapple|atk|1
|move|p1a: Hydrapple|Earth Power|p2a: Landorus
|-immune|p2a: Landorus
|
|-weather|Sandstorm|[upkeep]
|-damage|p1a: Hydrapple|94/100|[from] Sandstorm
|upkeep
|turn|6
|
|t:|1769357695
|move|p2a: Landorus|Stealth Rock|p1a: Hydrapple
|-sidestart|p1: CambridgeFoulPlay|move: Stealth Rock
|move|p1a: Hydrapple|Fickle Beam|p2a: Landorus|[anim] Fickle Beam All Out
|-activate|p1a: Hydrapple|move: Fickle Beam
|-damage|p2a: Landorus|24/100
|
|-weather|Sandstorm|[upkeep]
|-damage|p1a: Hydrapple|88/100|[from] Sandstorm
|upkeep
|turn|7
|
|t:|1769357699
|move|p2a: Landorus|Taunt|p1a: Hydrapple
|-start|p1a: Hydrapple|move: Taunt
|move|p1a: Hydrapple|Fickle Beam|p2a: Landorus|[anim] Fickle Beam All Out
|-activate|p1a: Hydrapple|move: Fickle Beam
|-damage|p2a: Landorus|0 fnt
|faint|p2a: Landorus
|
|-weather|Sandstorm|[upkeep]
|-damage|p1a: Hydrapple|82/100|[from] Sandstorm
|upkeep
|
|t:|1769357708
|switch|p2a: Iron Valiant|Iron Valiant|100/100
|-enditem|p2a: Iron Valiant|Booster Energy
|-activate|p2a: Iron Valiant|ability: Quark Drive|[fromitem]
|-start|p2a: Iron Valiant|quarkdrivespe
|turn|8
|
|t:|1769357711
|switch|p1a: Excadrill|Excadrill, F|100/100
|-damage|p1a: Excadrill|97/100|[from] Stealth Rock
|-item|p1a: Excadrill|Air Balloon
|move|p2a: Iron Valiant|Moonblast|p1a: Excadrill
|-resisted|p1a: Excadrill
|-damage|p1a: Excadrill|71/100
|-enditem|p1a: Excadrill|Air Balloon
|
|-weather|Sandstorm|[upkeep]
|-damage|p2a: Iron Valiant|94/100|[from] Sandstorm
|upkeep
|turn|9
|
|t:|1769357714
|-end|p2a: Iron Valiant|Quark Drive|[silent]
|switch|p2a: Pecharunt|Pecharunt|100/100
|move|p1a: Excadrill|Iron Head|p2a: Pecharunt
|-damage|p2a: Pecharunt|71/100
|
|-weather|Sandstorm|[upkeep]
|-damage|p2a: Pecharunt|65/100|[from] Sandstorm
|upkeep
|turn|10
|
|t:|1769357721
|move|p1a: Excadrill|Earthquake|p2a: Pecharunt
|-supereffective|p2a: Pecharunt
|-damage|p2a: Pecharunt|0 fnt
|faint|p2a: Pecharunt
|
|-weather|none
|upkeep
|
|t:|1769357728
|switch|p2a: Mabosstiff|Mabosstiff, F|100/100
|-ability|p2a: Mabosstiff|Intimidate|boost
|-unboost|p1a: Excadrill|atk|1
|turn|11
|
|t:|1769357730
|-terastallize|p2a: Mabosstiff|Bug
|move|p1a: Excadrill|Rapid Spin|p2a: Mabosstiff
|-crit|p2a: Mabosstiff
|-damage|p2a: Mabosstiff|73/100
|-boost|p1a: Excadrill|spe|1
|-sideend|p1: CambridgeFoulPlay|Spikes|[from] move: Rapid Spin|[of] p1a: Excadrill
|-sideend|p1: CambridgeFoulPlay|Stealth Rock|[from] move: Rapid Spin|[of] p1a: Excadrill
|-enditem|p2a: Mabosstiff|Kee Berry|[eat]
|-boost|p2a: Mabosstiff|def|1|[from] item: Kee Berry
|move|p2a: Mabosstiff|Jaw Lock|p1a: Excadrill
|-damage|p1a: Excadrill|13/100
|-activate|p2a: Mabosstiff|trapped
|-activate|p1a: Excadrill|trapped
|
|upkeep
|turn|12
|
|t:|1769357735
|move|p1a: Excadrill|Iron Head|p2a: Mabosstiff
|-damage|p2a: Mabosstiff|52/100
|move|p2a: Mabosstiff|Hone Claws|p2a: Mabosstiff
|-boost|p2a: Mabosstiff|atk|1
|-boost|p2a: Mabosstiff|accuracy|1
|
|upkeep
|turn|13
|
|t:|1769357750
|move|p1a: Excadrill|Swords Dance|p1a: Excadrill
|-boost|p1a: Excadrill|atk|2
|move|p2a: Mabosstiff|Rest|p2a: Mabosstiff
|-status|p2a: Mabosstiff|slp|[from] move: Rest
|-heal|p2a: Mabosstiff|100/100 slp|[silent]
|
|upkeep
|turn|14
|
|t:|1769357752
|move|p1a: Excadrill|Swords Dance|p1a: Excadrill
|-boost|p1a: Excadrill|atk|2
|cant|p2a: Mabosstiff|slp
|
|upkeep
|turn|15
|
|t:|1769357754
|move|p1a: Excadrill|Iron Head|p2a: Mabosstiff
|-damage|p2a: Mabosstiff|20/100 slp
|cant|p2a: Mabosstiff|slp
|
|upkeep
|turn|16
|
|t:|1769357757
|move|p1a: Excadrill|Rapid Spin|p2a: Mabosstiff
|-damage|p2a: Mabosstiff|0 fnt
|-boost|p1a: Excadrill|spe|1
|faint|p2a: Mabosstiff
|
|upkeep
|-message|furkanbolukbasi forfeited.
|
|win|CambridgeFoulPlay
|raw|CambridgeFoulPlay's rating: 1819 &rarr; <strong>1834</strong><br />(+15 for winning)
|raw|furkanbolukbasi's rating: 1736 &rarr; <strong>1721</strong><br />(-15 for losing)
|c|☆CambridgeFoulPlay|gg
|l|☆furkanbolukbasi
|player|p2|
|l|☆CambridgeFoulPlay
|player|p1|
