|j|‽liamsdad
|j|☆1colour
|t:|1769394177
|gametype|singles
|player|p1|liamsdad|bruno|1628
|player|p2|1colour|parasollady|1607
|gen|9
|tier|[Gen 9] OU
|rated|
|rule|HP Percentage Mod: HP is shown in percentages
|rule|Endless Battle Clause: Forcing endless battles is banned
|rule|Species Clause: Limit one of each Pokémon
|rule|OHKO Clause: OHKO moves are banned
|rule|Evasion Items Clause: Evasion items are banned
|rule|Evasion Moves Clause: Evasion moves are banned
|rule|Evasion Abilities Clause: Evasion abilities are banned
|rule|Sleep Moves Clause: Sleep-inducing moves are banned
|clearpoke
|poke|p1|Electrode-Hisui|
|poke|p1|Rillaboom, M|
|poke|p1|Iron Crown|
|poke|p1|Primarina, F|
|poke|p1|Garchomp, F|
|poke|p1|Great Tusk|
|poke|p2|Cinderace, M|
|poke|p2|Ambipom, F|
|poke|p2|Samurott-Hisui, M|
|poke|p2|Slowking-Galar, F|
|poke|p2|Kyurem|
|poke|p2|Iron Treads|
|teampreview
|inactive|Battle timer is ON: inactive players will automatically lose when time's up. (requested by liamsdad)
|
|t:|1769394189
|teamsize|p1|6
|teamsize|p2|6
|start
|switch|p1a: Rillaboom|Rillaboom, M|100/100
|switch|p2a: Ambipom|Ambipom, F|100/100
|-fieldstart|move: Grassy Terrain|[from] ability: Grassy Surge|[of] p1a: Rillaboom
|turn|1
|
|t:|1769394193
|switch|p1a: Garchomp|Garchomp, F|100/100
|move|p2a: Ambipom|Fake Out|p1a: Garchomp
|-damage|p1a: Garchomp|72/100
|-damage|p2a: Ambipom|88/100|[from] ability: Rough Skin|[of] p1a: Garchomp
|-damage|p2a: Ambipom|72/100|[from] item: Rocky Helmet|[of] p1a: Garchomp
|
|-heal|p2a: Ambipom|78/100|[from] Grassy Terrain
|-heal|p1a: Garchomp|78/100|[from] Grassy Terrain
|upkeep
|turn|2
|
|t:|1769394197
|move|p2a: Ambipom|Triple Axel|p1a: Garchomp
|-supereffective|p1a: Garchomp
|-damage|p1a: Garchomp|43/100
|-damage|p2a: Ambipom|65/100|[from] ability: Rough Skin|[of] p1a: Garchomp
|-damage|p2a: Ambipom|49/100|[from] item: Rocky Helmet|[of] p1a: Garchomp
|-supereffective|p1a: Garchomp
|-damage|p1a: Garchomp|0 fnt
|-damage|p2a: Ambipom|37/100|[from] ability: Rough Skin|[of] p1a: Garchomp
|-damage|p2a: Ambipom|20/100|[from] item: Rocky Helmet|[of] p1a: Garchomp
|faint|p1a: Garchomp
|-hitcount|p1: Garchomp|2
|
|-heal|p2a: Ambipom|26/100|[from] Grassy Terrain
|upkeep
|
|t:|1769394208
|switch|p1a: Electrode|Electrode-Hisui|100/100
|turn|3
|
|t:|1769394213
|switch|p2a: Slowking|Slowking-Galar, F|100/100
|move|p1a: Electrode|Substitute|p1a: Electrode
|-start|p1a: Electrode|Substitute
|-damage|p1a: Electrode|76/100
|
|-heal|p1a: Electrode|82/100|[from] Grassy Terrain
|upkeep
|turn|4
|
|t:|1769394217
|move|p1a: Electrode|Leech Seed|p2a: Slowking
|-start|p2a: Slowking|move: Leech Seed
|move|p2a: Slowking|Sludge Bomb|p1a: Electrode
|-supereffective|p1a: Electrode
|-end|p1a: Electrode|Substitute
|
|-heal|p1a: Electrode|88/100|[from] Grassy Terrain
|-damage|p2a: Slowking|88/100|[from] Leech Seed|[of] p1a: Electrode
|-heal|p1a: Electrode|100/100|[silent]
|upkeep
|turn|5
|
|t:|1769394221
|move|p1a: Electrode|Substitute|p1a: Electrode
|-start|p1a: Electrode|Substitute
|-damage|p1a: Electrode|76/100
|move|p2a: Slowking|Future Sight|p1a: Electrode
|-start|p2a: Slowking|move: Future Sight
|
|-heal|p1a: Electrode|82/100|[from] Grassy Terrain
|-heal|p2a: Slowking|94/100|[from] Grassy Terrain
|-damage|p2a: Slowking|82/100|[from] Leech Seed|[of] p1a: Electrode
|-heal|p1a: Electrode|100/100|[silent]
|upkeep
|turn|6
|
|t:|1769394232
|move|p1a: Electrode|Chloroblast|p2a: Slowking
|-resisted|p2a: Slowking
|-damage|p2a: Slowking|60/100
|-damage|p1a: Electrode|50/100|[from] Recoil
|-heal|p1a: Electrode|54/100|[from] item: Shell Bell|[of] p2a: Slowking
|-prepare|p2a: Slowking|Chilly Reception|[premajor]
|move|p2a: Slowking|Chilly Reception|p2a: Slowking
|-weather|Snowscape
|
|t:|1769394241
|switch|p2a: Samurott|Samurott-Hisui, M|100/100|[from] Chilly Reception
|
|-weather|Snowscape|[upkeep]
|-heal|p1a: Electrode|60/100|[from] Grassy Terrain
|upkeep
|turn|7
|
|t:|1769394245
|move|p1a: Electrode|Leech Seed|p2a: Samurott
|-start|p2a: Samurott|move: Leech Seed
|move|p2a: Samurott|Ceaseless Edge|p1a: Electrode
|-end|p1a: Electrode|Substitute
|-sidestart|p1: liamsdad|Spikes
|
|-weather|Snowscape|[upkeep]
|-end|p1a: Electrode|move: Future Sight
|-damage|p1a: Electrode|0 fnt
|faint|p1a: Electrode
|upkeep
|
|t:|1769394257
|switch|p1a: Primarina|Primarina, F|100/100
|-damage|p1a: Primarina|88/100|[from] Spikes
|turn|8
|
|t:|1769394262
|switch|p2a: Slowking|Slowking-Galar, F|93/100
|move|p1a: Primarina|Calm Mind|p1a: Primarina
|-boost|p1a: Primarina|spa|1
|-boost|p1a: Primarina|spd|1
|
|-weather|Snowscape|[upkeep]
|-heal|p1a: Primarina|94/100|[from] Grassy Terrain
|-heal|p2a: Slowking|99/100|[from] Grassy Terrain
|-fieldend|move: Grassy Terrain
|upkeep
|turn|9
|
|t:|1769394267
|-terastallize|p1a: Primarina|Steel
|move|p1a: Primarina|Calm Mind|p1a: Primarina
|-boost|p1a: Primarina|spa|1
|-boost|p1a: Primarina|spd|1
|move|p2a: Slowking|Sludge Bomb|p1a: Primarina
|-immune|p1a: Primarina
|
|-weather|Snowscape|[upkeep]
|upkeep
|turn|10
|
|t:|1769394273
|move|p1a: Primarina|Encore|p2a: Slowking
|-start|p2a: Slowking|Encore
|move|p2a: Slowking|Sludge Bomb|p1a: Primarina
|-immune|p1a: Primarina
|
|-weather|none
|upkeep
|turn|11
|
|t:|1769394280
|switch|p2a: Samurott|Samurott-Hisui, M|100/100
|move|p1a: Primarina|Psychic Noise|p2a: Samurott
|-resisted|p2a: Samurott
|-damage|p2a: Samurott|41/100
|-start|p2a: Samurott|move: Heal Block
|
|upkeep
|turn|12
|
|t:|1769394283
|move|p2a: Samurott|Ceaseless Edge|p1a: Primarina
|-damage|p1a: Primarina|44/100
|-sidestart|p1: liamsdad|Spikes
|move|p1a: Primarina|Draining Kiss|p2a: Samurott
|-supereffective|p2a: Samurott
|-damage|p2a: Samurott|0 fnt
|-heal|p1a: Primarina|79/100|[from] drain|[of] p2a: Samurott
|faint|p2a: Samurott
|
|upkeep
|
|t:|1769394293
|switch|p2a: Iron Treads|Iron Treads|100/100
|-enditem|p2a: Iron Treads|Booster Energy
|-activate|p2a: Iron Treads|ability: Quark Drive|[fromitem]
|-start|p2a: Iron Treads|quarkdrivespe
|turn|13
|
|t:|1769394296
|move|p2a: Iron Treads|Earthquake|p1a: Primarina
|-supereffective|p1a: Primarina
|-damage|p1a: Primarina|0 fnt
|faint|p1a: Primarina
|
|upkeep
|
|t:|1769394300
|switch|p1a: Rillaboom|Rillaboom, M|100/100
|-damage|p1a: Rillaboom|84/100|[from] Spikes
|-fieldstart|move: Grassy Terrain|[from] ability: Grassy Surge|[of] p1a: Rillaboom
|turn|14
|
|t:|1769394305
|move|p2a: Iron Treads|Ice Spinner|p1a: Rillaboom
|-supereffective|p1a: Rillaboom
|-damage|p1a: Rillaboom|37/100
|-fieldend|move: Grassy Terrain
|move|p1a: Rillaboom|Swords Dance|p1a: Rillaboom
|-boost|p1a: Rillaboom|atk|2
|
|upkeep
|turn|15
|
|t:|1769394310
|move|p2a: Iron Treads|Ice Spinner|p1a: Rillaboom
|-supereffective|p1a: Rillaboom
|-damage|p1a: Rillaboom|0 fnt
|faint|p1a: Rillaboom
|
|upkeep
|c|☆1colour|hahaha
|
|t:|1769394312
|switch|p1a: Great Tusk|Great Tusk|100/100
|-damage|p1a: Great Tusk|84/100|[from] Spikes
|-enditem|p1a: Great Tusk|Booster Energy
|-activate|p1a: Great Tusk|ability: Protosynthesis|[fromitem]
|-start|p1a: Great Tusk|protosynthesisatk
|turn|16
|
|t:|1769394316
|-terastallize|p2a: Iron Treads|Ground
|move|p2a: Iron Treads|Earthquake|p1a: Great Tusk
|-damage|p1a: Great Tusk|48/100
|move|p1a: Great Tusk|Rapid Spin|p2a: Iron Treads
|-damage|p2a: Iron Treads|84/100
|-boost|p1a: Great Tusk|spe|1
|-sideend|p1: liamsdad|Spikes|[from] move: Rapid Spin|[of] p1a: Great Tusk
|
|upkeep
|turn|17
|
|t:|1769394327
|move|p2a: Iron Treads|Rapid Spin|p1a: Great Tusk
|-damage|p1a: Great Tusk|38/100
|-boost|p2a: Iron Treads|spe|1
|move|p1a: Great Tusk|Rapid Spin|p2a: Iron Treads
|-damage|p2a: Iron Treads|67/100
|-boost|p1a: Great Tusk|spe|1
|
|upkeep
|turn|18
|
|t:|1769394332
|move|p2a: Iron Treads|Earthquake|p1a: Great Tusk
|-damage|p1a: Great Tusk|0 fnt
|faint|p1a: Great Tusk
|-end|p1a: Great Tusk|Protosynthesis|[silent]
|
|upkeep
|-message|liamsdad forfeited.
|
|win|1colour
|raw|liamsdad's rating: 1628 &rarr; <strong>1606</strong><br />(-22 for losing)
|raw|1colour's rating: 1588 &rarr; <strong>1610</strong><br />(+22 for winning)
|l|‽liamsdad
|player|p1|
|l|☆1colour
|player|p2|
