|j|☆pospo
|j|☆Not A Fallacy
|t:|1769363700
|gametype|singles
|player|p1|pospo|blaine|1388
|player|p2|Not A Fallacy|gardenia-masters|1331
|gen|9
|tier|[Gen 9] OU
|rated|
|rule|HP Percentage Mod: HP is shown in percentages
|rule|Endless Battle Clause: Forcing endless battles is banned
|rule|Species Clause: Limit one of each Pokémon
|rule|OHKO Clause: OHKO moves are banned
|rule|Evasion Items Clause: Evasion items are banned
|rule|Evasion Moves Clause: Evasion moves are banned
|rule|Evasion Abilities Clause: Evasion abilities are banned
|rule|Sleep Moves Clause: Sleep-inducing moves are banned
|clearpoke
|poke|p1|Hoopa-Unbound|
|poke|p1|Slowking-Galar, F|
|poke|p1|Alomomola, F|
|poke|p1|Zamazenta-*|
|poke|p1|Great Tusk|
|poke|p1|Kingambit, F|
|poke|p2|Tyranitar, F|
|poke|p2|Moltres|
|poke|p2|Zamazenta-*|
|poke|p2|Slowking-Galar, F|
|poke|p2|Excadrill, F|
|poke|p2|Hydrapple, M|
|teampreview
|
|t:|1769363741
|teamsize|p1|6
|teamsize|p2|6
|start
|switch|p1a: Slowking|Slowking-Galar, F|100/100
|switch|p2a: Tyranitar|Tyranitar, F|100/100
|-weather|Sandstorm|[from] ability: Sand Stream|[of] p2a: Tyranitar
|turn|1
|
|t:|1769363746
|switch|p1a: Alomomola|Alomomola, F|100/100
|move|p2a: Tyranitar|Thunder Wave|p1a: Alomomola
|-status|p1a: Alomomola|par
|
|-weather|Sandstorm|[upkeep]
|-damage|p1a: Alomomola|94/100 par|[from] Sandstorm
|upkeep
|turn|2
|
|t:|1769363752
|move|p2a: Tyranitar|Stealth Rock|p1a: Alomomola
|-sidestart|p1: pospo|move: Stealth Rock
|move|p1a: Alomomola|Flip Turn|p2a: Tyranitar
|-supereffective|p2a: Tyranitar
|-damage|p2a: Tyranitar|75/100
|
|t:|1769363756
|switch|p1a: Great Tusk|Great Tusk|100/100|[from] Flip Turn
|
|-weather|Sandstorm|[upkeep]
|upkeep
|turn|3
|
|t:|1769363763
|switch|p2a: Moltres|Moltres|100/100
|move|p1a: Great Tusk|Stealth Rock|p2a: Moltres
|-sidestart|p2: Not A Fallacy|move: Stealth Rock
|
|-weather|Sandstorm|[upkeep]
|-damage|p2a: Moltres|94/100|[from] Sandstorm
|upkeep
|turn|4
|
|t:|1769363768
|-end|p1a: Great Tusk|Protosynthesis|[silent]
|switch|p1a: Alomomola|Alomomola, F|100/100 par
|move|p2a: Moltres|Flamethrower|p1a: Alomomola
|-resisted|p1a: Alomomola
|-damage|p1a: Alomomola|84/100 par
|
|-weather|Sandstorm|[upkeep]
|-damage|p2a: Moltres|88/100|[from] Sandstorm
|-damage|p1a: Alomomola|78/100 par|[from] Sandstorm
|upkeep
|turn|5
|
|t:|1769363771
|move|p2a: Moltres|Flamethrower|p1a: Alomomola
|-resisted|p1a: Alomomola
|-damage|p1a: Alomomola|61/100 par
|cant|p1a: Alomomola|par
|
|-weather|Sandstorm|[upkeep]
|-damage|p2a: Moltres|82/100|[from] Sandstorm
|-damage|p1a: Alomomola|55/100 par|[from] Sandstorm
|upkeep
|turn|6
|
|t:|1769363775
|move|p2a: Moltres|Flamethrower|p1a: Alomomola
|-resisted|p1a: Alomomola
|-damage|p1a: Alomomola|38/100 par
|move|p1a: Alomomola|Flip Turn|p2a: Moltres
|-supereffective|p2a: Moltres
|-damage|p2a: Moltres|58/100
|
|t:|1769363778
|switch|p1a: Slowking|Slowking-Galar, F|100/100|[from] Flip Turn
|
|-weather|Sandstorm|[upkeep]
|-damage|p2a: Moltres|52/100|[from] Sandstorm
|-damage|p1a: Slowking|94/100|[from] Sandstorm
|upkeep
|turn|7
|
|t:|1769363783
|move|p2a: Moltres|U-turn|p1a: Slowking
|-damage|p1a: Slowking|81/100
|
|t:|1769363785
|switch|p2a: Excadrill|Excadrill, F|100/100|[from] U-turn
|-damage|p2a: Excadrill|97/100|[from] Stealth Rock
|-item|p2a: Excadrill|Air Balloon
|-prepare|p1a: Slowking|Chilly Reception|[premajor]
|move|p1a: Slowking|Chilly Reception|p1a: Slowking
|-weather|Snowscape
|
|t:|1769363798
|switch|p1a: Hoopa|Hoopa-Unbound|100/100|[from] Chilly Reception
|-damage|p1a: Hoopa|88/100|[from] Stealth Rock
|
|-weather|Snowscape|[upkeep]
|upkeep
|turn|8
|
|t:|1769363834
|switch|p2a: Tyranitar|Tyranitar, F|75/100
|-damage|p2a: Tyranitar|63/100|[from] Stealth Rock
|-weather|Sandstorm|[from] ability: Sand Stream|[of] p2a: Tyranitar
|move|p1a: Hoopa|Knock Off|p2a: Tyranitar
|-resisted|p2a: Tyranitar
|-damage|p2a: Tyranitar|25/100
|-enditem|p2a: Tyranitar|Smooth Rock|[from] move: Knock Off|[of] p1a: Hoopa
|
|-weather|Sandstorm|[upkeep]
|-damage|p1a: Hoopa|82/100|[from] Sandstorm
|upkeep
|turn|9
|
|t:|1769363841
|switch|p1a: Slowking|Slowking-Galar, F|100/100
|switch|p2a: Moltres|Moltres|52/100
|
|-weather|Sandstorm|[upkeep]
|-damage|p2a: Moltres|46/100|[from] Sandstorm
|-damage|p1a: Slowking|94/100|[from] Sandstorm
|upkeep
|turn|10
|
|t:|1769363845
|move|p2a: Moltres|Roost|p2a: Moltres
|-heal|p2a: Moltres|97/100
|-singleturn|p2a: Moltres|move: Roost
|-prepare|p1a: Slowking|Chilly Reception|[premajor]
|move|p1a: Slowking|Chilly Reception|p1a: Slowking
|-weather|Snowscape
|
|t:|1769363847
|switch|p1a: Alomomola|Alomomola, F|72/100 par|[from] Chilly Reception
|
|-weather|Snowscape|[upkeep]
|upkeep
|turn|11
|
|t:|1769363849
|move|p2a: Moltres|Flamethrower|p1a: Alomomola
|-resisted|p1a: Alomomola
|-damage|p1a: Alomomola|55/100 par
|move|p1a: Alomomola|Flip Turn|p2a: Moltres
|-supereffective|p2a: Moltres
|-damage|p2a: Moltres|73/100
|
|t:|1769363854
|switch|p1a: Slowking|Slowking-Galar, F|100/100|[from] Flip Turn
|
|-weather|Snowscape|[upkeep]
|upkeep
|turn|12
|
|t:|1769363887
|move|p2a: Moltres|Flamethrower|p1a: Slowking
|-damage|p1a: Slowking|80/100
|-status|p1a: Slowking|brn
|move|p1a: Slowking|Future Sight|p2a: Moltres
|-start|p1a: Slowking|move: Future Sight
|
|-weather|Snowscape|[upkeep]
|-damage|p1a: Slowking|74/100 brn|[from] brn
|upkeep
|turn|13
|
|t:|1769363891
|move|p2a: Moltres|Roost|p2a: Moltres
|-heal|p2a: Moltres|100/100
|-singleturn|p2a: Moltres|move: Roost
|-prepare|p1a: Slowking|Chilly Reception|[premajor]
|move|p1a: Slowking|Chilly Reception|p1a: Slowking
|
|t:|1769363899
|switch|p1a: Alomomola|Alomomola, F|89/100 par|[from] Chilly Reception
|
|-weather|Snowscape|[upkeep]
|upkeep
|turn|14
|
|t:|1769363907
|move|p2a: Moltres|U-turn|p1a: Alomomola
|-damage|p1a: Alomomola|80/100 par
|
|t:|1769363912
|switch|p2a: Tyranitar|Tyranitar, F|25/100|[from] U-turn
|-damage|p2a: Tyranitar|12/100|[from] Stealth Rock
|-weather|Sandstorm|[from] ability: Sand Stream|[of] p2a: Tyranitar
|move|p1a: Alomomola|Flip Turn|p2a: Tyranitar
|-supereffective|p2a: Tyranitar
|-damage|p2a: Tyranitar|0 fnt
|faint|p2a: Tyranitar
|
|t:|1769363942
|switch|p1a: Great Tusk|Great Tusk|100/100|[from] Flip Turn
|
|-weather|Sandstorm|[upkeep]
|-hint|Future Sight did not hit because the target is fainted.
|upkeep
|
|t:|1769363947
|switch|p2a: Excadrill|Excadrill, F|97/100
|-damage|p2a: Excadrill|94/100|[from] Stealth Rock
|-item|p2a: Excadrill|Air Balloon
|turn|15
|
|t:|1769363952
|move|p2a: Excadrill|Rapid Spin|p1a: Great Tusk
|-damage|p1a: Great Tusk|87/100
|-boost|p2a: Excadrill|spe|1
|-sideend|p2: Not A Fallacy|Stealth Rock|[from] move: Rapid Spin|[of] p2a: Excadrill
|move|p1a: Great Tusk|Rapid Spin|p2a: Excadrill
|-resisted|p2a: Excadrill
|-damage|p2a: Excadrill|81/100
|-boost|p1a: Great Tusk|spe|1
|-enditem|p2a: Excadrill|Air Balloon
|-sideend|p1: pospo|Stealth Rock|[from] move: Rapid Spin|[of] p1a: Great Tusk
|
|-weather|Sandstorm|[upkeep]
|upkeep
|turn|16
|
|t:|1769363960
|switch|p2a: Moltres|Moltres|100/100
|move|p1a: Great Tusk|Headlong Rush|p2a: Moltres
|-immune|p2a: Moltres
|
|-weather|Sandstorm|[upkeep]
|-damage|p2a: Moltres|94/100|[from] Sandstorm
|upkeep
|turn|17
|
|t:|1769363964
|-end|p1a: Great Tusk|Protosynthesis|[silent]
|switch|p1a: Alomomola|Alomomola, F|100/100 par
|move|p2a: Moltres|Flamethrower|p1a: Alomomola
|-resisted|p1a: Alomomola
|-damage|p1a: Alomomola|84/100 par
|
|-weather|Sandstorm|[upkeep]
|-damage|p2a: Moltres|88/100|[from] Sandstorm
|-damage|p1a: Alomomola|78/100 par|[from] Sandstorm
|upkeep
|turn|18
|
|t:|1769363966
|move|p2a: Moltres|U-turn|p1a: Alomomola
|-damage|p1a: Alomomola|70/100 par
|
|t:|1769363968
|switch|p2a: Hydrapple|Hydrapple, M, shiny|100/100|[from] U-turn
|cant|p1a: Alomomola|par
|
|-weather|none
|upkeep
|turn|19
|
|t:|1769363976
|switch|p1a: Slowking|Slowking-Galar, F|100/100 brn
|move|p2a: Hydrapple|Draco Meteor|p1a: Slowking
|-damage|p1a: Slowking|43/100 brn
|-unboost|p2a: Hydrapple|spa|2
|-damage|p2a: Hydrapple|91/100|[from] item: Life Orb
|
|-damage|p1a: Slowking|37/100 brn|[from] brn
|upkeep
|turn|20
|
|t:|1769363984
|switch|p1a: Great Tusk|Great Tusk|87/100
|move|p2a: Hydrapple|Earth Power|p1a: Great Tusk
|-damage|p1a: Great Tusk|54/100
|-unboost|p1a: Great Tusk|spd|1
|-damage|p2a: Hydrapple|81/100|[from] item: Life Orb
|
|upkeep
|turn|21
|
|t:|1769363986
|move|p1a: Great Tusk|Stealth Rock|p2a: Hydrapple
|-sidestart|p2: Not A Fallacy|move: Stealth Rock
|move|p2a: Hydrapple|Giga Drain|p1a: Great Tusk
|-supereffective|p1a: Great Tusk
|-damage|p1a: Great Tusk|0 fnt
|-heal|p2a: Hydrapple|100/100|[from] drain|[of] p1a: Great Tusk
|faint|p1a: Great Tusk
|-end|p1a: Great Tusk|Protosynthesis|[silent]
|-damage|p2a: Hydrapple|91/100|[from] item: Life Orb
|
|upkeep
|
|t:|1769363991
|switch|p1a: Hoopa|Hoopa-Unbound|82/100
|turn|22
|
|t:|1769363995
|switch|p2a: Moltres|Moltres|88/100
|move|p1a: Hoopa|Hyperspace Fury|p2a: Moltres
|-damage|p2a: Moltres|24/100
|-unboost|p1a: Hoopa|def|1
|
|upkeep
|turn|23
|
|t:|1769364015
|switch|p1a: Slowking|Slowking-Galar, F|70/100 brn
|move|p2a: Moltres|Roost|p2a: Moltres
|-heal|p2a: Moltres|74/100
|-singleturn|p2a: Moltres|move: Roost
|
|-damage|p1a: Slowking|64/100 brn|[from] brn
|upkeep
|turn|24
|
|t:|1769364017
|move|p2a: Moltres|U-turn|p1a: Slowking
|-damage|p1a: Slowking|49/100 brn
|
|t:|1769364022
|switch|p2a: Excadrill|Excadrill, F|81/100|[from] U-turn
|-damage|p2a: Excadrill|78/100|[from] Stealth Rock
|move|p1a: Slowking|Future Sight|p2a: Excadrill
|-start|p1a: Slowking|move: Future Sight
|
|-damage|p1a: Slowking|43/100 brn|[from] brn
|upkeep
|turn|25
|
|t:|1769364030
|switch|p1a: Zamazenta|Zamazenta|100/100
|-ability|p1a: Zamazenta|Dauntless Shield|boost
|-boost|p1a: Zamazenta|def|1
|move|p2a: Excadrill|Rapid Spin|p1a: Zamazenta
|-damage|p1a: Zamazenta|92/100
|-boost|p2a: Excadrill|spe|1
|-sideend|p2: Not A Fallacy|Stealth Rock|[from] move: Rapid Spin|[of] p2a: Excadrill
|
|-heal|p1a: Zamazenta|98/100|[from] item: Leftovers
|upkeep
|turn|26
|
|t:|1769364037
|switch|p2a: Slowking|Slowking-Galar, F|100/100
|move|p1a: Zamazenta|Iron Defense|p1a: Zamazenta
|-boost|p1a: Zamazenta|def|2
|
|-end|p2a: Slowking|move: Future Sight
|-crit|p2a: Slowking
|-damage|p2a: Slowking|64/100
|-heal|p1a: Zamazenta|100/100|[from] item: Leftovers
|upkeep
|turn|27
|
|t:|1769364039
|move|p1a: Zamazenta|Crunch|p2a: Slowking
|-supereffective|p2a: Slowking
|-damage|p2a: Slowking|33/100
|move|p2a: Slowking|Sludge Bomb|p1a: Zamazenta
|-damage|p1a: Zamazenta|73/100
|-status|p1a: Zamazenta|psn
|
|-heal|p1a: Zamazenta|79/100 psn|[from] item: Leftovers
|-damage|p1a: Zamazenta|66/100 psn|[from] psn
|upkeep
|turn|28
|
|t:|1769364047
|switch|p2a: Zamazenta|Zamazenta|100/100
|-ability|p2a: Zamazenta|Dauntless Shield|boost
|-boost|p2a: Zamazenta|def|1
|move|p1a: Zamazenta|Body Press|p2a: Zamazenta
|-damage|p2a: Zamazenta|54/100
|
|-heal|p2a: Zamazenta|60/100|[from] item: Leftovers
|-heal|p1a: Zamazenta|72/100 psn|[from] item: Leftovers
|-damage|p1a: Zamazenta|60/100 psn|[from] psn
|upkeep
|turn|29
|
|t:|1769364051
|move|p1a: Zamazenta|Body Press|p2a: Zamazenta
|-damage|p2a: Zamazenta|14/100
|move|p2a: Zamazenta|Roar|p1a: Zamazenta
|drag|p1a: Kingambit|Kingambit, F|100/100
|-activate|p1a: Kingambit|ability: Supreme Overlord
|-start|p1a: Kingambit|fallen1|[silent]
|
|-heal|p2a: Zamazenta|20/100|[from] item: Leftovers
|upkeep
|turn|30
|
|t:|1769364058
|-end|p1a: Kingambit|fallen1|[silent]
|switch|p1a: Alomomola|Alomomola, F|100/100 par
|move|p2a: Zamazenta|Roar|p1a: Alomomola
|drag|p1a: Kingambit|Kingambit, F|100/100
|-activate|p1a: Kingambit|ability: Supreme Overlord
|-start|p1a: Kingambit|fallen1|[silent]
|
|-heal|p2a: Zamazenta|26/100|[from] item: Leftovers
|upkeep
|turn|31
|
|t:|1769364062
|-end|p1a: Kingambit|fallen1|[silent]
|switch|p1a: Alomomola|Alomomola, F|100/100 par
|move|p2a: Zamazenta|Body Press|p1a: Alomomola
|-damage|p1a: Alomomola|65/100 par
|
|-heal|p2a: Zamazenta|32/100|[from] item: Leftovers
|upkeep
|turn|32
|
|t:|1769364065
|move|p2a: Zamazenta|Iron Defense|p2a: Zamazenta
|-boost|p2a: Zamazenta|def|2
|move|p1a: Alomomola|Flip Turn|p2a: Zamazenta
|-damage|p2a: Zamazenta|28/100
|
|t:|1769364071
|switch|p1a: Zamazenta|Zamazenta|60/100 psn|[from] Flip Turn
|
|-heal|p2a: Zamazenta|34/100|[from] item: Leftovers
|-heal|p1a: Zamazenta|66/100 psn|[from] item: Leftovers
|-damage|p1a: Zamazenta|54/100 psn|[from] psn
|upkeep
|turn|33
|
|t:|1769364076
|move|p2a: Zamazenta|Body Press|p1a: Zamazenta
|-damage|p1a: Zamazenta|0 fnt
|faint|p1a: Zamazenta
|
|-heal|p2a: Zamazenta|40/100|[from] item: Leftovers
|upkeep
|
|t:|1769364081
|switch|p1a: Slowking|Slowking-Galar, F|76/100 brn
|turn|34
|
|t:|1769364085
|move|p2a: Zamazenta|Crunch|p1a: Slowking
|-supereffective|p1a: Slowking
|-damage|p1a: Slowking|28/100 brn
|move|p1a: Slowking|Future Sight|p2a: Zamazenta
|-start|p1a: Slowking|move: Future Sight
|
|-heal|p2a: Zamazenta|46/100|[from] item: Leftovers
|-damage|p1a: Slowking|22/100 brn|[from] brn
|upkeep
|turn|35
|
|t:|1769364090
|switch|p1a: Alomomola|Alomomola, F|98/100 par
|move|p2a: Zamazenta|Crunch|p1a: Alomomola
|-damage|p1a: Alomomola|86/100 par
|
|-heal|p2a: Zamazenta|52/100|[from] item: Leftovers
|upkeep
|turn|36
|
|t:|1769364094
|move|p1a: Alomomola|Protect|p1a: Alomomola
|-singleturn|p1a: Alomomola|Protect
|move|p2a: Zamazenta|Body Press|p1a: Alomomola
|-activate|p1a: Alomomola|move: Protect
|
|-end|p2a: Zamazenta|move: Future Sight
|-supereffective|p2a: Zamazenta
|-damage|p2a: Zamazenta|0 fnt
|faint|p2a: Zamazenta
|upkeep
|
|t:|1769364097
|switch|p2a: Hydrapple|Hydrapple, M, shiny|100/100
|turn|37
|
|t:|1769364105
|switch|p1a: Kingambit|Kingambit, F|100/100
|-activate|p1a: Kingambit|ability: Supreme Overlord
|-start|p1a: Kingambit|fallen2|[silent]
|move|p2a: Hydrapple|Earth Power|p1a: Kingambit
|-supereffective|p1a: Kingambit
|-damage|p1a: Kingambit|24/100
|-damage|p2a: Hydrapple|91/100|[from] item: Life Orb
|
|-heal|p1a: Kingambit|30/100|[from] item: Leftovers
|upkeep
|turn|38
|
|t:|1769364115
|move|p1a: Kingambit|Sucker Punch|p2a: Hydrapple
|-damage|p2a: Hydrapple|54/100
|move|p2a: Hydrapple|Earth Power|p1a: Kingambit
|-supereffective|p1a: Kingambit
|-damage|p1a: Kingambit|0 fnt
|faint|p1a: Kingambit
|-end|p1a: Kingambit|fallen2|[silent]
|-damage|p2a: Hydrapple|44/100|[from] item: Life Orb
|
|upkeep
|
|t:|1769364118
|switch|p1a: Hoopa|Hoopa-Unbound|82/100
|turn|39
|
|t:|1769364127
|switch|p2a: Moltres|Moltres|74/100
|move|p1a: Hoopa|Hyperspace Fury|p2a: Moltres
|-damage|p2a: Moltres|5/100
|-unboost|p1a: Hoopa|def|1
|
|upkeep
|turn|40
|
|t:|1769364131
|move|p1a: Hoopa|Hyperspace Fury|p2a: Moltres
|-damage|p2a: Moltres|0 fnt
|-unboost|p1a: Hoopa|def|1
|faint|p2a: Moltres
|
|upkeep
|
|t:|1769364136
|switch|p2a: Excadrill|Excadrill, F|78/100
|turn|41
|
|t:|1769364139
|move|p2a: Excadrill|Iron Head|p1a: Hoopa
|-damage|p1a: Hoopa|0 fnt
|faint|p1a: Hoopa
|
|upkeep
|
|t:|1769364144
|switch|p1a: Alomomola|Alomomola, F|100/100 par
|turn|42
|
|t:|1769364147
|move|p2a: Excadrill|Iron Head|p1a: Alomomola
|-resisted|p1a: Alomomola
|-damage|p1a: Alomomola|88/100 par
|cant|p1a: Alomomola|par
|
|upkeep
|turn|43
|
|t:|1769364153
|switch|p2a: Hydrapple|Hydrapple, M, shiny|77/100
|move|p1a: Alomomola|Tickle|p2a: Hydrapple
|-unboost|p2a: Hydrapple|atk|1
|-unboost|p2a: Hydrapple|def|1
|
|upkeep
|turn|44
|
|t:|1769364165
|cant|p1a: Alomomola|par
|move|p2a: Hydrapple|Nasty Plot|p2a: Hydrapple
|-boost|p2a: Hydrapple|spa|2
|
|upkeep
|turn|45
|
|t:|1769364175
|move|p2a: Hydrapple|Earth Power|p1a: Alomomola
|-damage|p1a: Alomomola|7/100 par
|-damage|p2a: Hydrapple|67/100|[from] item: Life Orb
|move|p1a: Alomomola|Flip Turn|p2a: Hydrapple
|-resisted|p2a: Hydrapple
|-damage|p2a: Hydrapple|63/100
|
|t:|1769364178
|switch|p1a: Slowking|Slowking-Galar, F|55/100 brn|[from] Flip Turn
|
|-damage|p1a: Slowking|49/100 brn|[from] brn
|upkeep
|turn|46
|
|t:|1769364184
|-terastallize|p2a: Hydrapple|Dragon
|-terastallize|p1a: Slowking|Water
|move|p2a: Hydrapple|Earth Power|p1a: Slowking
|-damage|p1a: Slowking|0 fnt
|faint|p1a: Slowking
|-damage|p2a: Hydrapple|53/100|[from] item: Life Orb
|
|upkeep
|
|t:|1769364187
|switch|p1a: Alomomola|Alomomola, F|40/100 par
|turn|47
|
|t:|1769364198
|move|p2a: Hydrapple|Giga Drain|p1a: Alomomola
|-supereffective|p1a: Alomomola
|-damage|p1a: Alomomola|0 fnt
|-heal|p2a: Hydrapple|75/100|[from] drain|[of] p1a: Alomomola
|faint|p1a: Alomomola
|-damage|p2a: Hydrapple|65/100|[from] item: Life Orb
|
|win|Not A Fallacy
|raw|pospo's rating: 1388 &rarr; <strong>1365</strong><br />(-23 for losing)
|raw|Not A Fallacy's rating: 1331 &rarr; <strong>1354</strong><br />(+23 for winning)
