|badge|p2|silver|gen9ou|30-8
|uhtml|medal-msg|<div class="broadcast-blue">Curious what those medals under the avatar are? PS now has Ladder Seasons! For more information, check out the <a href="https://www.smogon.com/forums/threads/3740067/">thread on Smogon.</a></div>
|j|☆OP Sand
|j|‽ClRCUS MAXIMUS
|t:|1769324232
|gametype|singles
|player|p1|OP Sand|giovanni-masters|1628
|player|p2|ClRCUS MAXIMUS|rood|1918
|gen|9
|tier|[Gen 9] OU
|rated|
|rule|HP Percentage Mod: HP is shown in percentages
|rule|Endless Battle Clause: Forcing endless battles is banned
|rule|Species Clause: Limit one of each Pokémon
|rule|OHKO Clause: OHKO moves are banned
|rule|Evasion Items Clause: Evasion items are banned
|rule|Evasion Moves Clause: Evasion moves are banned
|rule|Evasion Abilities Clause: Evasion abilities are banned
|rule|Sleep Moves Clause: Sleep-inducing moves are banned
|clearpoke
|poke|p1|Excadrill, F|
|poke|p1|Tyranitar, M|
|poke|p1|Kyurem|
|poke|p1|Hawlucha, M|
|poke|p1|Pawmot, F|
|poke|p1|Greninja-*, M|
|poke|p2|Ogerpon-Cornerstone, F|
|poke|p2|Pecharunt|
|poke|p2|Great Tusk|
|poke|p2|Alomomola, F|
|poke|p2|Iron Moth|
|poke|p2|Garganacl, F|
|teampreview
|inactive|Battle timer is ON: inactive players will automatically lose when time's up. (requested by OP Sand)
|c|☆OP Sand|Hey again
|
|t:|1769324257
|teamsize|p1|6
|teamsize|p2|6
|start
|switch|p1a: Itachi|Hawlucha, M, shiny|100/100
|switch|p2a: Ogerpon|Ogerpon-Cornerstone, F|100/100
|-ability|p1a: Itachi|Mold Breaker
|turn|1
|
|t:|1769324262
|switch|p2a: Pecharunt|Pecharunt|100/100
|move|p1a: Itachi|Brave Bird|p2a: Pecharunt
|-crit|p2a: Pecharunt
|-damage|p2a: Pecharunt|63/100
|-damage|p1a: Itachi|84/100|[from] Recoil
|
|upkeep
|turn|2
|
|t:|1769324272
|switch|p1a: Shukaku|Tyranitar, M, shiny|100/100
|-weather|Sandstorm|[from] ability: Sand Stream|[of] p1a: Shukaku
|move|p2a: Pecharunt|Recover|p2a: Pecharunt
|-heal|p2a: Pecharunt|100/100
|
|-weather|Sandstorm|[upkeep]
|-damage|p2a: Pecharunt|94/100|[from] Sandstorm
|upkeep
|turn|3
|
|t:|1769324278
|switch|p2a: Great Tusk|Great Tusk, shiny|100/100
|move|p1a: Shukaku|Stealth Rock|p2a: Great Tusk
|-sidestart|p2: ClRCUS MAXIMUS|move: Stealth Rock
|
|-weather|Sandstorm|[upkeep]
|upkeep
|turn|4
|
|t:|1769324280
|-terastallize|p1a: Shukaku|Ghost
|move|p2a: Great Tusk|Rapid Spin|p1a: Shukaku
|-immune|p1a: Shukaku
|move|p1a: Shukaku|Ice Beam|p2a: Great Tusk
|-supereffective|p2a: Great Tusk
|-damage|p2a: Great Tusk|23/100
|
|-weather|Sandstorm|[upkeep]
|-damage|p1a: Shukaku|94/100|[from] Sandstorm
|upkeep
|turn|5
|
|t:|1769324291
|-end|p2a: Great Tusk|Protosynthesis|[silent]
|switch|p2a: Garganacl|Garganacl, F, shiny|100/100
|-damage|p2a: Garganacl|88/100|[from] Stealth Rock
|move|p1a: Shukaku|Ice Beam|p2a: Garganacl
|-damage|p2a: Garganacl|77/100
|
|-weather|Sandstorm|[upkeep]
|-damage|p1a: Shukaku|88/100|[from] Sandstorm
|-heal|p2a: Garganacl|83/100|[from] item: Leftovers
|upkeep
|turn|6
|
|t:|1769324297
|switch|p1a: Itachi|Hawlucha, M, shiny|84/100
|-ability|p1a: Itachi|Mold Breaker
|move|p2a: Garganacl|Stealth Rock|p1a: Itachi
|-sidestart|p1: OP Sand|move: Stealth Rock
|
|-weather|Sandstorm|[upkeep]
|-damage|p1a: Itachi|78/100|[from] Sandstorm
|-heal|p2a: Garganacl|90/100|[from] item: Leftovers
|upkeep
|turn|7
|
|t:|1769324302
|switch|p2a: Pecharunt|Pecharunt|94/100
|move|p1a: Itachi|Encore||[still]
|-fail|p1a: Itachi
|
|-weather|Sandstorm|[upkeep]
|-damage|p1a: Itachi|72/100|[from] Sandstorm
|-damage|p2a: Pecharunt|88/100|[from] Sandstorm
|upkeep
|turn|8
|
|t:|1769324315
|switch|p1a: OP|Excadrill, F|100/100
|-damage|p1a: OP|97/100|[from] Stealth Rock
|move|p2a: Pecharunt|Parting Shot|p1a: OP
|-unboost|p1a: OP|atk|1
|-unboost|p1a: OP|spa|1
|
|t:|1769324322
|switch|p2a: Alomomola|Alomomola, F, shiny|100/100|[from] Parting Shot
|-damage|p2a: Alomomola|88/100|[from] Stealth Rock
|
|-weather|Sandstorm|[upkeep]
|-damage|p2a: Alomomola|82/100|[from] Sandstorm
|upkeep
|turn|9
|j| Samurajen
|
|t:|1769324335
|switch|p1a: Greninja|Greninja, M|100/100
|-damage|p1a: Greninja|88/100|[from] Stealth Rock
|move|p2a: Alomomola|Flip Turn|p1a: Greninja
|-resisted|p1a: Greninja
|-damage|p1a: Greninja|75/100
|
|t:|1769324345
|switch|p2a: Great Tusk|Great Tusk, shiny|23/100|[from] Flip Turn
|
|-weather|none
|upkeep
|turn|10
|
|t:|1769324356
|-end|p2a: Great Tusk|Protosynthesis|[silent]
|switch|p2a: Alomomola|Alomomola, F, shiny|100/100
|-damage|p2a: Alomomola|88/100|[from] Stealth Rock
|move|p1a: Greninja|Water Shuriken|p2a: Alomomola
|-start|p1a: Greninja|typechange|Water|[from] ability: Protean
|-resisted|p2a: Alomomola
|-damage|p2a: Alomomola|85/100
|-resisted|p2a: Alomomola
|-damage|p2a: Alomomola|82/100
|-hitcount|p2a: Alomomola|2
|
|upkeep
|turn|11
|
|t:|1769324365
|switch|p1a: Itachi|Hawlucha, M, shiny|72/100
|-damage|p1a: Itachi|60/100|[from] Stealth Rock
|-ability|p1a: Itachi|Mold Breaker
|move|p2a: Alomomola|Flip Turn|p1a: Itachi
|-damage|p1a: Itachi|36/100
|-enditem|p1a: Itachi|Red Card|[of] p2a: Alomomola
|drag|p2a: Iron Moth|Iron Moth, shiny|100/100
|-damage|p2a: Iron Moth|76/100|[from] Stealth Rock
|
|upkeep
|turn|12
|j| 16yxy
|
|t:|1769324372
|-end|p2a: Iron Moth|Quark Drive|[silent]
|switch|p2a: Pecharunt|Pecharunt|88/100
|move|p1a: Itachi|Brave Bird|p2a: Pecharunt
|-damage|p2a: Pecharunt|67/100
|-damage|p1a: Itachi|27/100|[from] Recoil
|
|upkeep
|turn|13
|
|t:|1769324376
|switch|p1a: Greninja|Greninja, M|75/100
|-damage|p1a: Greninja|62/100|[from] Stealth Rock
|move|p2a: Pecharunt|Recover|p2a: Pecharunt
|-heal|p2a: Pecharunt|100/100
|
|upkeep
|turn|14
|j| Ctannn
|
|t:|1769324384
|switch|p2a: Alomomola|Alomomola, F, shiny|100/100
|-damage|p2a: Alomomola|88/100|[from] Stealth Rock
|move|p1a: Greninja|Dark Pulse|p2a: Alomomola
|-start|p1a: Greninja|typechange|Dark|[from] ability: Protean
|-damage|p2a: Alomomola|57/100
|
|upkeep
|turn|15
|
|t:|1769324394
|move|p1a: Greninja|Dark Pulse|p2a: Alomomola
|-damage|p2a: Alomomola|29/100
|move|p2a: Alomomola|Flip Turn|p1a: Greninja
|-damage|p1a: Greninja|37/100
|
|t:|1769324399
|switch|p2a: Garganacl|Garganacl, F, shiny|90/100|[from] Flip Turn
|-damage|p2a: Garganacl|77/100|[from] Stealth Rock
|
|-heal|p2a: Garganacl|83/100|[from] item: Leftovers
|upkeep
|turn|16
|
|t:|1769324403
|move|p1a: Greninja|Dark Pulse|p2a: Garganacl
|-damage|p2a: Garganacl|49/100
|move|p2a: Garganacl|Salt Cure|p1a: Greninja
|-damage|p1a: Greninja|16/100
|-start|p1a: Greninja|Salt Cure
|
|-heal|p2a: Garganacl|55/100|[from] item: Leftovers
|-damage|p1a: Greninja|4/100|[from] Salt Cure
|upkeep
|turn|17
|
|t:|1769324409
|move|p2a: Garganacl|Protect|p2a: Garganacl
|-singleturn|p2a: Garganacl|Protect
|move|p1a: Greninja|Dark Pulse|p2a: Garganacl
|-activate|p2a: Garganacl|move: Protect
|
|-heal|p2a: Garganacl|61/100|[from] item: Leftovers
|-damage|p1a: Greninja|0 fnt|[from] Salt Cure
|faint|p1a: Greninja
|upkeep
|
|t:|1769324412
|switch|p1a: Porunga|Pawmot, F|100/100
|-damage|p1a: Porunga|95/100|[from] Stealth Rock
|turn|18
|
|t:|1769324426
|move|p1a: Porunga|Revival Blessing|p1a: Porunga
|-enditem|p1a: Porunga|Leppa Berry|[eat]
|-activate|p1a: Porunga|item: Leppa Berry|Revival Blessing|[consumed]
|j| AmberArm
|
|t:|1769324429
|-heal|p1: Greninja|50/100|[from] move: Revival Blessing
|move|p2a: Garganacl|Salt Cure|p1a: Porunga
|-resisted|p1a: Porunga
|-damage|p1a: Porunga|85/100
|-start|p1a: Porunga|Salt Cure
|
|-heal|p2a: Garganacl|67/100|[from] item: Leftovers
|-damage|p1a: Porunga|73/100|[from] Salt Cure
|upkeep
|turn|19
|j| loongfushichou4413
|l| loongfushichou4413
|
|t:|1769324440
|switch|p1a: Shukaku|Tyranitar, M, shiny, tera:Ghost|88/100
|-damage|p1a: Shukaku|76/100|[from] Stealth Rock
|-weather|Sandstorm|[from] ability: Sand Stream|[of] p1a: Shukaku
|move|p2a: Garganacl|Protect||[still]
|-fail|p2a: Garganacl
|
|-weather|Sandstorm|[upkeep]
|-damage|p1a: Shukaku|70/100|[from] Sandstorm
|-heal|p2a: Garganacl|74/100|[from] item: Leftovers
|upkeep
|turn|20
|j| cyphertests
|
|t:|1769324447
|move|p2a: Garganacl|Protect|p2a: Garganacl
|-singleturn|p2a: Garganacl|Protect
|move|p1a: Shukaku|Roar|p2a: Garganacl
|drag|p2a: Ogerpon|Ogerpon-Cornerstone, F|100/100
|-damage|p2a: Ogerpon|88/100|[from] Stealth Rock
|
|-weather|Sandstorm|[upkeep]
|-damage|p1a: Shukaku|64/100|[from] Sandstorm
|upkeep
|turn|21
|
|t:|1769324456
|switch|p1a: Itachi|Hawlucha, M, shiny|27/100
|-damage|p1a: Itachi|14/100|[from] Stealth Rock
|-ability|p1a: Itachi|Mold Breaker
|move|p2a: Ogerpon|Power Whip|p1a: Itachi
|-resisted|p1a: Itachi
|-damage|p1a: Itachi|0 fnt
|faint|p1a: Itachi
|
|-weather|Sandstorm|[upkeep]
|upkeep
|
|t:|1769324464
|switch|p1a: OP|Excadrill, F|97/100
|-damage|p1a: OP|94/100|[from] Stealth Rock
|turn|22
|inactive|ClRCUS MAXIMUS has 120 seconds left.
|
|t:|1769324500
|switch|p2a: Great Tusk|Great Tusk, shiny|23/100
|move|p1a: OP|Earthquake|p2a: Great Tusk
|-damage|p2a: Great Tusk|0 fnt
|faint|p2a: Great Tusk
|-end|p2a: Great Tusk|Protosynthesis|[silent]
|
|-weather|Sandstorm|[upkeep]
|upkeep
|inactive|ClRCUS MAXIMUS has 90 seconds left.
|
|t:|1769324540
|switch|p2a: Alomomola|Alomomola, F, shiny|62/100
|-damage|p2a: Alomomola|50/100|[from] Stealth Rock
|turn|23
|
|t:|1769324543
|move|p1a: OP|Earthquake|p2a: Alomomola
|-damage|p2a: Alomomola|0 fnt
|faint|p2a: Alomomola
|
|-weather|Sandstorm|[upkeep]
|upkeep
|
|t:|1769324548
|switch|p2a: Garganacl|Garganacl, F, shiny|74/100
|-damage|p2a: Garganacl|61/100|[from] Stealth Rock
|turn|24
|
|t:|1769324551
|move|p2a: Garganacl|Protect|p2a: Garganacl
|-singleturn|p2a: Garganacl|Protect
|move|p1a: OP|Earthquake|p2a: Garganacl
|-activate|p2a: Garganacl|move: Protect
|
|-weather|Sandstorm|[upkeep]
|-heal|p2a: Garganacl|67/100|[from] item: Leftovers
|upkeep
|turn|25
|
|t:|1769324554
|-terastallize|p2a: Garganacl|Water
|move|p1a: OP|Earthquake|p2a: Garganacl
|-damage|p2a: Garganacl|9/100
|move|p2a: Garganacl|Recover|p2a: Garganacl
|-heal|p2a: Garganacl|60/100
|
|-weather|Sandstorm|[upkeep]
|-damage|p2a: Garganacl|53/100|[from] Sandstorm
|-heal|p2a: Garganacl|60/100|[from] item: Leftovers
|upkeep
|turn|26
|inactive|ClRCUS MAXIMUS has 120 seconds left.
|
|t:|1769324561
|move|p2a: Garganacl|Protect|p2a: Garganacl
|-singleturn|p2a: Garganacl|Protect
|move|p1a: OP|Earthquake|p2a: Garganacl
|-activate|p2a: Garganacl|move: Protect
|
|-weather|none
|-heal|p2a: Garganacl|66/100|[from] item: Leftovers
|upkeep
|turn|27
|
|t:|1769324566
|move|p1a: OP|Earthquake|p2a: Garganacl
|-damage|p2a: Garganacl|13/100
|move|p2a: Garganacl|Recover|p2a: Garganacl
|-heal|p2a: Garganacl|63/100
|
|-heal|p2a: Garganacl|69/100|[from] item: Leftovers
|upkeep
|turn|28
|
|t:|1769324571
|move|p2a: Garganacl|Protect|p2a: Garganacl
|-singleturn|p2a: Garganacl|Protect
|move|p1a: OP|Earthquake|p2a: Garganacl
|-activate|p2a: Garganacl|move: Protect
|
|-heal|p2a: Garganacl|75/100|[from] item: Leftovers
|upkeep
|turn|29
|
|t:|1769324581
|move|p1a: OP|Earthquake|p2a: Garganacl
|-damage|p2a: Garganacl|23/100
|move|p2a: Garganacl|Recover|p2a: Garganacl
|-heal|p2a: Garganacl|73/100
|
|-heal|p2a: Garganacl|79/100|[from] item: Leftovers
|upkeep
|turn|30
|
|t:|1769324584
|switch|p1a: Frieza|Kyurem, shiny|100/100
|-damage|p1a: Frieza|76/100|[from] Stealth Rock
|-ability|p1a: Frieza|Pressure
|move|p2a: Garganacl|Protect||[still]
|-fail|p2a: Garganacl
|
|-heal|p2a: Garganacl|86/100|[from] item: Leftovers
|upkeep
|turn|31
|
|t:|1769324591
|move|p2a: Garganacl|Protect|p2a: Garganacl
|-singleturn|p2a: Garganacl|Protect
|move|p1a: Frieza|Earth Power|p2a: Garganacl
|-activate|p2a: Garganacl|move: Protect
|
|-heal|p2a: Garganacl|92/100|[from] item: Leftovers
|upkeep
|turn|32
|
|t:|1769324596
|move|p1a: Frieza|Freeze-Dry|p2a: Garganacl
|-supereffective|p2a: Garganacl
|-damage|p2a: Garganacl|29/100
|move|p2a: Garganacl|Salt Cure|p1a: Frieza
|-supereffective|p1a: Frieza
|-crit|p1a: Frieza
|-damage|p1a: Frieza|39/100
|-start|p1a: Frieza|Salt Cure
|
|-heal|p2a: Garganacl|35/100|[from] item: Leftovers
|-damage|p1a: Frieza|27/100|[from] Salt Cure
|upkeep
|turn|33
|
|t:|1769324604
|switch|p1a: Greninja|Greninja, M|50/100
|-damage|p1a: Greninja|38/100|[from] Stealth Rock
|move|p2a: Garganacl|Protect||[still]
|-fail|p2a: Garganacl
|
|-heal|p2a: Garganacl|42/100|[from] item: Leftovers
|upkeep
|turn|34
|
|t:|1769324612
|move|p2a: Garganacl|Protect|p2a: Garganacl
|-singleturn|p2a: Garganacl|Protect
|move|p1a: Greninja|Dark Pulse|p2a: Garganacl
|-start|p1a: Greninja|typechange|Dark|[from] ability: Protean
|-activate|p2a: Garganacl|move: Protect
|
|-heal|p2a: Garganacl|48/100|[from] item: Leftovers
|upkeep
|turn|35
|
|t:|1769324621
|move|p1a: Greninja|Dark Pulse|p2a: Garganacl
|-damage|p2a: Garganacl|10/100
|cant|p2a: Garganacl|flinch
|
|-heal|p2a: Garganacl|16/100|[from] item: Leftovers
|upkeep
|turn|36
|
|t:|1769324625
|move|p1a: Greninja|Dark Pulse|p2a: Garganacl
|-damage|p2a: Garganacl|0 fnt
|faint|p2a: Garganacl
|
|upkeep
|-message|ClRCUS MAXIMUS forfeited.
|
|win|OP Sand
|raw|OP Sand's rating: 1628 &rarr; <strong>1662</strong><br />(+34 for winning)
|raw|ClRCUS MAXIMUS's rating: 1918 &rarr; <strong>1884</strong><br />(-34 for losing)
|l|‽ClRCUS MAXIMUS
|player|p2|
|c|☆OP Sand|Yummy
|l|☆OP Sand
|player|p1|
|l| cyphertests
|l| AmberArm
|l| 16yxy
|l| Ctannn
