|j|☆KneasTR
|j|☆coaldog127
|t:|1769352777
|gametype|singles
|player|p1|KneasTR|1|1000
|player|p2|coaldog127|iris-gen5bw2|1000
|gen|9
|tier|[Gen 9] OU
|rated|
|rule|HP Percentage Mod: HP is shown in percentages
|rule|Endless Battle Clause: Forcing endless battles is banned
|rule|Species Clause: Limit one of each Pokémon
|rule|OHKO Clause: OHKO moves are banned
|rule|Evasion Items Clause: Evasion items are banned
|rule|Evasion Moves Clause: Evasion moves are banned
|rule|Evasion Abilities Clause: Evasion abilities are banned
|rule|Sleep Moves Clause: Sleep-inducing moves are banned
|clearpoke
|poke|p1|Rampardos, F|
|poke|p1|Regidrago|
|poke|p1|Pecharunt|
|poke|p1|Hoopa-Unbound|
|poke|p1|Electrode-Hisui|
|poke|p1|Regigigas|
|poke|p2|Lokix, F|
|poke|p2|Zapdos|
|poke|p2|Pelipper, M|
|poke|p2|Incineroar, F|
|poke|p2|Garchomp, F|
|poke|p2|Grimmsnarl, M|
|teampreview
|
|t:|1769352786
|teamsize|p1|6
|teamsize|p2|6
|start
|switch|p1a: Electrode|Electrode-Hisui|100/100
|switch|p2a: Garchomp|Garchomp, F, shiny|100/100
|turn|1
|inactive|Battle timer is ON: inactive players will automatically lose when time's up. (requested by KneasTR)
|
|t:|1769352806
|move|p1a: Electrode|Leaf Storm|p2a: Garchomp
|-damage|p2a: Garchomp|65/100
|-unboost|p1a: Electrode|spa|2
|move|p2a: Garchomp|Stealth Rock|p1a: Electrode
|-sidestart|p1: KneasTR|move: Stealth Rock
|
|upkeep
|turn|2
|
|t:|1769352815
|move|p1a: Electrode|Leaf Storm|p2a: Garchomp|[miss]
|-miss|p1a: Electrode|p2a: Garchomp
|move|p2a: Garchomp|Spikes|p1a: Electrode
|-sidestart|p1: KneasTR|Spikes
|
|upkeep
|turn|3
|
|t:|1769352822
|move|p1a: Electrode|Leaf Storm|p2a: Garchomp
|-damage|p2a: Garchomp|47/100
|-unboost|p1a: Electrode|spa|2
|move|p2a: Garchomp|Spikes|p1a: Electrode
|-sidestart|p1: KneasTR|Spikes
|
|upkeep
|turn|4
|
|t:|1769352830
|-terastallize|p1a: Electrode|Electric
|move|p1a: Electrode|Leaf Storm|p2a: Garchomp
|-damage|p2a: Garchomp|35/100
|-unboost|p1a: Electrode|spa|2
|move|p2a: Garchomp|Dragon Tail|p1a: Electrode
|-damage|p1a: Electrode|55/100
|drag|p1a: Regidrago|Regidrago|100/100
|-damage|p1a: Regidrago|88/100|[from] Stealth Rock
|-damage|p1a: Regidrago|72/100|[from] Spikes
|
|-heal|p1a: Regidrago|78/100|[from] item: Leftovers
|upkeep
|turn|5
|
|t:|1769352847
|move|p1a: Regidrago|Explosion|p2a: Garchomp
|-damage|p2a: Garchomp|0 fnt
|faint|p1a: Regidrago
|faint|p2a: Garchomp
|
|upkeep
|
|t:|1769352859
|switch|p2a: Grimmsnarl|Grimmsnarl, M, shiny|100/100
|switch|p1a: Rampardos|Rampardos, F|100/100
|-damage|p1a: Rampardos|88/100|[from] Stealth Rock
|-damage|p1a: Rampardos|72/100|[from] Spikes
|turn|6
|
|t:|1769352870
|move|p2a: Grimmsnarl|Reflect|p2a: Grimmsnarl
|-sidestart|p2: coaldog127|Reflect
|move|p1a: Rampardos|Fire Blast|p2a: Grimmsnarl
|-damage|p2a: Grimmsnarl|78/100
|
|upkeep
|turn|7
|
|t:|1769352878
|switch|p1a: Hoopa|Hoopa-Unbound|100/100
|-damage|p1a: Hoopa|88/100|[from] Stealth Rock
|-damage|p1a: Hoopa|72/100|[from] Spikes
|move|p2a: Grimmsnarl|Light Screen|p2a: Grimmsnarl
|-sidestart|p2: coaldog127|move: Light Screen
|
|upkeep
|turn|8
|
|t:|1769352886
|move|p2a: Grimmsnarl|Thunder Wave|p1a: Hoopa
|-hint|Since gen 7, Dark is immune to Prankster moves.
|-immune|p1a: Hoopa
|move|p1a: Hoopa|Knock Off|p2a: Grimmsnarl
|-resisted|p2a: Grimmsnarl
|-damage|p2a: Grimmsnarl|72/100
|-enditem|p2a: Grimmsnarl|Light Clay|[from] move: Knock Off|[of] p1a: Hoopa
|
|upkeep
|turn|9
|
|t:|1769352898
|switch|p1a: Regigigas|Regigigas|100/100
|-damage|p1a: Regigigas|88/100|[from] Stealth Rock
|-damage|p1a: Regigigas|72/100|[from] Spikes
|-start|p1a: Regigigas|ability: Slow Start
|switch|p2a: Pelipper|Pelipper, M, shiny|100/100
|-weather|RainDance|[from] ability: Drizzle|[of] p2a: Pelipper
|
|-weather|RainDance|[upkeep]
|upkeep
|turn|10
|
|t:|1769352915
|move|p2a: Pelipper|Hurricane|p1a: Regigigas
|-damage|p1a: Regigigas|35/100
|move|p1a: Regigigas|Focus Blast|p2a: Pelipper|[miss]
|-miss|p1a: Regigigas|p2a: Pelipper
|
|-weather|RainDance|[upkeep]
|upkeep
|turn|11
|
|t:|1769352924
|move|p2a: Pelipper|Hurricane|p1a: Regigigas
|-damage|p1a: Regigigas|0 fnt
|faint|p1a: Regigigas
|
|-weather|RainDance|[upkeep]
|upkeep
|
|t:|1769352933
|switch|p1a: Pecharunt|Pecharunt|100/100
|-damage|p1a: Pecharunt|88/100|[from] Stealth Rock
|-damage|p1a: Pecharunt|72/100|[from] Spikes
|turn|12
|
|t:|1769352940
|move|p2a: Pelipper|U-turn|p1a: Pecharunt
|-resisted|p1a: Pecharunt
|-damage|p1a: Pecharunt|70/100
|
|t:|1769352946
|switch|p2a: Lokix|Lokix, F, shiny|100/100|[from] U-turn
|move|p1a: Pecharunt|Gunk Shot|p2a: Lokix
|-damage|p2a: Lokix|71/100
|
|-weather|RainDance|[upkeep]
|upkeep
|turn|13
|
|t:|1769352955
|move|p2a: Lokix|First Impression|p1a: Pecharunt
|-resisted|p1a: Pecharunt
|-damage|p1a: Pecharunt|53/100
|move|p1a: Pecharunt|Shadow Ball|p2a: Lokix
|-resisted|p2a: Lokix
|-damage|p2a: Lokix|59/100
|
|-weather|RainDance|[upkeep]
|-sideend|p2: coaldog127|Reflect
|upkeep
|turn|14
|
|t:|1769352969
|switch|p2a: Pelipper|Pelipper, M, shiny|100/100
|move|p1a: Pecharunt|Gunk Shot|p2a: Pelipper
|-damage|p2a: Pelipper|59/100
|
|-weather|RainDance|[upkeep]
|-sideend|p2: coaldog127|move: Light Screen
|upkeep
|turn|15
|
|t:|1769352978
|move|p2a: Pelipper|Hurricane|p1a: Pecharunt
|-damage|p1a: Pecharunt|26/100
|move|p1a: Pecharunt|Gunk Shot|p2a: Pelipper
|-crit|p2a: Pelipper
|-damage|p2a: Pelipper|0 fnt
|faint|p2a: Pelipper
|
|-weather|RainDance|[upkeep]
|upkeep
|
|t:|1769352990
|switch|p2a: Zapdos|Zapdos|100/100
|turn|16
|
|t:|1769353000
|switch|p1a: Hoopa|Hoopa-Unbound|72/100
|-damage|p1a: Hoopa|59/100|[from] Stealth Rock
|-damage|p1a: Hoopa|43/100|[from] Spikes
|move|p2a: Zapdos|Thunder|p1a: Hoopa
|-damage|p1a: Hoopa|0 fnt
|faint|p1a: Hoopa
|
|-weather|none
|upkeep
|-message|KneasTR forfeited.
|
|win|coaldog127
|raw|KneasTR's rating: 1000 &rarr; <strong>1000</strong><br />(+0 for losing)
|raw|coaldog127's rating: 1000 &rarr; <strong>1040</strong><br />(+40 for winning)
|l|☆KneasTR
|player|p1|
