|j|☆arixzoiberg
|j|☆superduperpro
|t:|1769383153
|gametype|singles
|player|p1|arixzoiberg|170|1347
|player|p2|superduperpro|265|1344
|gen|9
|tier|[Gen 9] OU
|rated|
|rule|HP Percentage Mod: HP is shown in percentages
|rule|Endless Battle Clause: Forcing endless battles is banned
|rule|Species Clause: Limit one of each Pokémon
|rule|OHKO Clause: OHKO moves are banned
|rule|Evasion Items Clause: Evasion items are banned
|rule|Evasion Moves Clause: Evasion moves are banned
|rule|Evasion Abilities Clause: Evasion abilities are banned
|rule|Sleep Moves Clause: Sleep-inducing moves are banned
|clearpoke
|poke|p1|Venusaur, M|
|poke|p1|Walking Wake|
|poke|p1|Torkoal, F|
|poke|p1|Great Tusk|
|poke|p1|Leavanny, F|
|poke|p1|Ceruledge, F|
|poke|p2|Primeape, F|
|poke|p2|Landorus-Therian, M|
|poke|p2|Hatterene, F|
|poke|p2|Kyurem|
|poke|p2|Tyranitar, F|
|poke|p2|Slowking, M|
|teampreview
|inactive|Battle timer is ON: inactive players will automatically lose when time's up. (requested by arixzoiberg)
|inactive|superduperpro has 120 seconds left.
|inactive|superduperpro has 90 seconds left.
|inactive|superduperpro has 60 seconds left.
|
|t:|1769383258
|teamsize|p1|6
|teamsize|p2|6
|start
|switch|p1a: Walking Wake 2|Walking Wake|100/100
|switch|p2a: Slowking|Slowking, M|100/100
|turn|1
|inactive|arixzoiberg has 120 seconds left.
|inactive|arixzoiberg has 90 seconds left.
|
|t:|1769383331
|move|p1a: Walking Wake 2|Draco Meteor|p2a: Slowking
|-damage|p2a: Slowking|32/100
|-unboost|p1a: Walking Wake 2|spa|2
|-damage|p1a: Walking Wake 2|91/100|[from] item: Life Orb
|move|p2a: Slowking|Thunder Wave|p1a: Walking Wake 2|[miss]
|-miss|p2a: Slowking|p1a: Walking Wake 2
|
|upkeep
|turn|2
|inactive|superduperpro has 120 seconds left.
|
|t:|1769383354
|switch|p2a: Hatterene|Hatterene, F|100/100
|move|p1a: Walking Wake 2|Draco Meteor|p2a: Hatterene
|-immune|p2a: Hatterene
|
|upkeep
|turn|3
|
|t:|1769383376
|-end|p1a: Walking Wake 2|Protosynthesis|[silent]
|switch|p1a: Venusaur|Venusaur, M|100/100
|move|p2a: Hatterene|Nuzzle|p1a: Venusaur
|-resisted|p1a: Venusaur
|-damage|p1a: Venusaur|98/100
|-status|p1a: Venusaur|par
|
|upkeep
|turn|4
|
|t:|1769383386
|switch|p2a: Tyranitar|Tyranitar, F|100/100
|-weather|Sandstorm|[from] ability: Sand Stream|[of] p2a: Tyranitar
|move|p1a: Venusaur|Sludge Bomb|p2a: Tyranitar
|-resisted|p2a: Tyranitar
|-damage|p2a: Tyranitar|83/100
|-status|p2a: Tyranitar|psn
|-damage|p1a: Venusaur|88/100 par|[from] item: Life Orb
|
|-weather|Sandstorm|[upkeep]
|-damage|p1a: Venusaur|82/100 par|[from] Sandstorm
|-damage|p2a: Tyranitar|71/100 psn|[from] psn
|upkeep
|turn|5
|inactive|arixzoiberg has 60 seconds left.
|
|t:|1769383430
|move|p2a: Tyranitar|Knock Off|p1a: Venusaur
|-damage|p1a: Venusaur|0 fnt
|-enditem|p1a: Venusaur|Life Orb|[from] move: Knock Off|[of] p2a: Tyranitar
|faint|p1a: Venusaur
|
|-weather|Sandstorm|[upkeep]
|-damage|p2a: Tyranitar|59/100 psn|[from] psn
|upkeep
|inactive|arixzoiberg has 30 seconds left.
|
|t:|1769383449
|switch|p1a: Walking Wake 2|Walking Wake|91/100
|turn|6
|
|t:|1769383455
|switch|p2a: Slowking|Slowking, M|65/100
|-terastallize|p1a: Walking Wake 2|Steel
|move|p1a: Walking Wake 2|Tera Blast|p2a: Slowking|[anim] Tera Blast Steel
|-resisted|p2a: Slowking
|-damage|p2a: Slowking|45/100
|-damage|p1a: Walking Wake 2|81/100|[from] item: Life Orb
|
|-weather|Sandstorm|[upkeep]
|-damage|p2a: Slowking|39/100|[from] Sandstorm
|upkeep
|turn|7
|
|t:|1769383465
|-end|p1a: Walking Wake 2|Protosynthesis|[silent]
|switch|p1a: Tork5.3|Torkoal, F|100/100
|-weather|SunnyDay|[from] ability: Drought|[of] p1a: Tork5.3
|-prepare|p2a: Slowking|Chilly Reception|[premajor]
|move|p2a: Slowking|Chilly Reception|p2a: Slowking
|-weather|Snowscape
|c|☆arixzoiberg|omg
|
|t:|1769383476
|switch|p2a: Landorus|Landorus-Therian, M|100/100|[from] Chilly Reception
|-ability|p2a: Landorus|Intimidate|boost
|-unboost|p1a: Tork5.3|atk|1
|
|-weather|Snowscape|[upkeep]
|upkeep
|turn|8
|c|☆superduperpro|hi
|
|t:|1769383483
|switch|p1a: Great Tusk rpd spn|Great Tusk|100/100
|move|p2a: Landorus|Stealth Rock|p1a: Great Tusk rpd spn
|-sidestart|p1: arixzoiberg|move: Stealth Rock
|
|-weather|Snowscape|[upkeep]
|upkeep
|turn|9
|c|☆arixzoiberg|hi lol
|
|t:|1769383497
|move|p2a: Landorus|U-turn|p1a: Great Tusk rpd spn
|-resisted|p1a: Great Tusk rpd spn
|-damage|p1a: Great Tusk rpd spn|91/100
|
|t:|1769383509
|switch|p2a: Hatterene|Hatterene, F|100/100|[from] U-turn
|move|p1a: Great Tusk rpd spn|Knock Off|p2a: Hatterene
|-damage|p2a: Hatterene|65/100
|-damage|p1a: Great Tusk rpd spn|75/100|[from] item: Rocky Helmet|[of] p2a: Hatterene
|-enditem|p2a: Hatterene|Rocky Helmet|[from] move: Knock Off|[of] p1a: Great Tusk rpd spn
|
|-weather|Snowscape|[upkeep]
|upkeep
|turn|10
|inactive|arixzoiberg has 60 seconds left.
|
|t:|1769383519
|-end|p1a: Great Tusk rpd spn|Protosynthesis|[silent]
|switch|p1a: Tork5.3|Torkoal, F|100/100
|-damage|p1a: Tork5.3|76/100|[from] Stealth Rock
|-weather|SunnyDay|[from] ability: Drought|[of] p1a: Tork5.3
|move|p2a: Hatterene|Psychic Noise|p1a: Tork5.3
|-damage|p1a: Tork5.3|43/100
|-start|p1a: Tork5.3|move: Heal Block
|
|-weather|SunnyDay|[upkeep]
|upkeep
|turn|11
|inactive|arixzoiberg has 60 seconds left.
|
|t:|1769383529
|switch|p2a: Tyranitar|Tyranitar, F|59/100 psn
|-weather|Sandstorm|[from] ability: Sand Stream|[of] p2a: Tyranitar
|move|p1a: Tork5.3|Rapid Spin|p2a: Tyranitar
|-resisted|p2a: Tyranitar
|-damage|p2a: Tyranitar|55/100 psn
|-boost|p1a: Tork5.3|spe|1
|-sideend|p1: arixzoiberg|Stealth Rock|[from] move: Rapid Spin|[of] p1a: Tork5.3
|
|-weather|Sandstorm|[upkeep]
|-damage|p1a: Tork5.3|37/100|[from] Sandstorm
|-damage|p2a: Tyranitar|42/100 psn|[from] psn
|-end|p1a: Tork5.3|move: Heal Block
|upkeep
|turn|12
|inactive|arixzoiberg has 60 seconds left.
|
|t:|1769383541
|switch|p1a: Great Tusk rpd spn|Great Tusk|75/100
|move|p2a: Tyranitar|Knock Off|p1a: Great Tusk rpd spn
|-resisted|p1a: Great Tusk rpd spn
|-damage|p1a: Great Tusk rpd spn|46/100
|-enditem|p1a: Great Tusk rpd spn|Muscle Band|[from] move: Knock Off|[of] p2a: Tyranitar
|
|-weather|Sandstorm|[upkeep]
|-damage|p2a: Tyranitar|30/100 psn|[from] psn
|upkeep
|turn|13
|inactive|arixzoiberg has 60 seconds left.
|
|t:|1769383556
|switch|p2a: Landorus|Landorus-Therian, M|100/100
|-ability|p2a: Landorus|Intimidate|boost
|-unboost|p1a: Great Tusk rpd spn|atk|1
|move|p1a: Great Tusk rpd spn|Knock Off|p2a: Landorus
|-damage|p2a: Landorus|73/100
|-damage|p1a: Great Tusk rpd spn|29/100|[from] item: Rocky Helmet|[of] p2a: Landorus
|-enditem|p2a: Landorus|Rocky Helmet|[from] move: Knock Off|[of] p1a: Great Tusk rpd spn
|
|-weather|Sandstorm|[upkeep]
|upkeep
|turn|14
|inactive|arixzoiberg has 60 seconds left.
|
|t:|1769383585
|-end|p1a: Great Tusk rpd spn|Protosynthesis|[silent]
|switch|p1a: Tork5.3|Torkoal, F|37/100
|-weather|SunnyDay|[from] ability: Drought|[of] p1a: Tork5.3
|move|p2a: Landorus|Earthquake|p1a: Tork5.3
|-supereffective|p1a: Tork5.3
|-damage|p1a: Tork5.3|0 fnt
|faint|p1a: Tork5.3
|
|-weather|SunnyDay|[upkeep]
|upkeep
|
|t:|1769383592
|switch|p1a: Leavanny 2|Leavanny, F|100/100
|turn|15
|
|t:|1769383596
|switch|p2a: Tyranitar|Tyranitar, F|30/100 psn
|-weather|Sandstorm|[from] ability: Sand Stream|[of] p2a: Tyranitar
|move|p1a: Leavanny 2|Triple Axel|p2a: Tyranitar|[miss]
|-miss|p1a: Leavanny 2|p2a: Tyranitar
|
|-weather|Sandstorm|[upkeep]
|-damage|p1a: Leavanny 2|94/100|[from] Sandstorm
|-damage|p2a: Tyranitar|18/100 psn|[from] psn
|upkeep
|turn|16
|inactive|arixzoiberg has 60 seconds left.
|
|t:|1769383602
|move|p1a: Leavanny 2|Lunge|p2a: Tyranitar
|-supereffective|p2a: Tyranitar
|-damage|p2a: Tyranitar|0 fnt
|faint|p2a: Tyranitar
|
|-weather|Sandstorm|[upkeep]
|-damage|p1a: Leavanny 2|88/100|[from] Sandstorm
|upkeep
|
|t:|1769383611
|switch|p2a: Kyurem|Kyurem|100/100
|-ability|p2a: Kyurem|Pressure
|turn|17
|
|t:|1769383619
|move|p2a: Kyurem|Earth Power|p1a: Leavanny 2
|-resisted|p1a: Leavanny 2
|-crit|p1a: Leavanny 2
|-damage|p1a: Leavanny 2|72/100
|move|p1a: Leavanny 2|Sticky Web|p2a: Kyurem
|-sidestart|p2: superduperpro|move: Sticky Web
|
|-weather|Sandstorm|[upkeep]
|-damage|p2a: Kyurem|94/100|[from] Sandstorm
|-damage|p1a: Leavanny 2|65/100|[from] Sandstorm
|upkeep
|turn|18
|
|t:|1769383627
|move|p2a: Kyurem|Ice Beam|p1a: Leavanny 2
|-supereffective|p1a: Leavanny 2
|-damage|p1a: Leavanny 2|0 fnt
|faint|p1a: Leavanny 2
|
|-weather|Sandstorm|[upkeep]
|-damage|p2a: Kyurem|88/100|[from] Sandstorm
|upkeep
|
|t:|1769383634
|switch|p1a: Walking Wake 2|Walking Wake, tera:Steel|81/100
|turn|19
|
|t:|1769383640
|switch|p2a: Hatterene|Hatterene, F|65/100
|-activate|p2a: Hatterene|move: Sticky Web
|-unboost|p2a: Hatterene|spe|1
|move|p1a: Walking Wake 2|Tera Blast|p2a: Hatterene|[anim] Tera Blast Steel
|-supereffective|p2a: Hatterene
|-damage|p2a: Hatterene|0 fnt
|faint|p2a: Hatterene
|-damage|p1a: Walking Wake 2|71/100|[from] item: Life Orb
|
|-weather|none
|upkeep
|
|t:|1769383643
|switch|p2a: Slowking|Slowking, M|72/100
|turn|20
|
|t:|1769383655
|move|p1a: Walking Wake 2|Draco Meteor|p2a: Slowking
|-damage|p2a: Slowking|5/100
|-unboost|p1a: Walking Wake 2|spa|2
|-damage|p1a: Walking Wake 2|61/100|[from] item: Life Orb
|move|p2a: Slowking|Scald|p1a: Walking Wake 2
|-damage|p1a: Walking Wake 2|27/100
|
|upkeep
|turn|21
|
|t:|1769383667
|-end|p1a: Walking Wake 2|Protosynthesis|[silent]
|switch|p1a: Ceruledge|Ceruledge, F|100/100
|-prepare|p2a: Slowking|Chilly Reception|[premajor]
|move|p2a: Slowking|Chilly Reception|p2a: Slowking
|-weather|Snowscape
|
|t:|1769383674
|switch|p2a: Kyurem|Kyurem|88/100|[from] Chilly Reception
|-ability|p2a: Kyurem|Pressure
|
|-weather|Snowscape|[upkeep]
|upkeep
|turn|22
|
|t:|1769383683
|move|p2a: Kyurem|Earth Power|p1a: Ceruledge
|-supereffective|p1a: Ceruledge
|-damage|p1a: Ceruledge|29/100
|move|p1a: Ceruledge|Swords Dance|p1a: Ceruledge
|-boost|p1a: Ceruledge|atk|2
|
|-weather|Snowscape|[upkeep]
|upkeep
|turn|23
|
|t:|1769383691
|move|p1a: Ceruledge|Shadow Sneak|p2a: Kyurem
|-damage|p2a: Kyurem|62/100
|move|p2a: Kyurem|Earth Power|p1a: Ceruledge
|-supereffective|p1a: Ceruledge
|-damage|p1a: Ceruledge|0 fnt
|faint|p1a: Ceruledge
|
|-weather|Snowscape|[upkeep]
|upkeep
|
|t:|1769383706
|switch|p1a: Walking Wake 2|Walking Wake, tera:Steel|27/100
|turn|24
|
|t:|1769383715
|switch|p2a: Slowking|Slowking, M|39/100
|move|p1a: Walking Wake 2|Draco Meteor|p2a: Slowking
|-damage|p2a: Slowking|0 fnt
|-unboost|p1a: Walking Wake 2|spa|2
|faint|p2a: Slowking
|-damage|p1a: Walking Wake 2|17/100|[from] item: Life Orb
|
|-weather|Snowscape|[upkeep]
|upkeep
|
|t:|1769383720
|switch|p2a: Landorus|Landorus-Therian, M|73/100
|-ability|p2a: Landorus|Intimidate|boost
|-unboost|p1a: Walking Wake 2|atk|1
|turn|25
|
|t:|1769383723
|-end|p1a: Walking Wake 2|Protosynthesis|[silent]
|switch|p1a: Great Tusk rpd spn|Great Tusk|29/100
|move|p2a: Landorus|Earthquake|p1a: Great Tusk rpd spn
|-damage|p1a: Great Tusk rpd spn|0 fnt
|faint|p1a: Great Tusk rpd spn
|-end|p1a: Great Tusk rpd spn|Protosynthesis|[silent]
|
|-weather|none
|upkeep
|
|t:|1769383729
|switch|p1a: Walking Wake 2|Walking Wake, tera:Steel|17/100
|turn|26
|
|t:|1769383731
|move|p1a: Walking Wake 2|Hydro Steam|p2a: Landorus
|-supereffective|p2a: Landorus
|-damage|p2a: Landorus|0 fnt
|faint|p2a: Landorus
|-damage|p1a: Walking Wake 2|7/100|[from] item: Life Orb
|
|upkeep
|
|t:|1769383734
|switch|p2a: Kyurem|Kyurem|62/100
|-ability|p2a: Kyurem|Pressure
|turn|27
|c|☆arixzoiberg|gg
|
|t:|1769383739
|switch|p2a: Primeape|Primeape, F|100/100
|-activate|p2a: Primeape|move: Sticky Web
|-unboost|p2a: Primeape|spe|1
|-ability|p2a: Primeape|Defiant|boost
|-boost|p2a: Primeape|atk|2
|move|p1a: Walking Wake 2|Draco Meteor|p2a: Primeape
|-damage|p2a: Primeape|0 fnt
|-unboost|p1a: Walking Wake 2|spa|2
|faint|p2a: Primeape
|-damage|p1a: Walking Wake 2|0 fnt|[from] item: Life Orb
|faint|p1a: Walking Wake 2
|-end|p1a: Walking Wake 2|Protosynthesis|[silent]
|
|win|superduperpro
|raw|arixzoiberg's rating: 1347 &rarr; <strong>1327</strong><br />(-20 for losing)
|raw|superduperpro's rating: 1344 &rarr; <strong>1364</strong><br />(+20 for winning)
|c|☆superduperpro|gg
|l|☆superduperpro
|player|p2|
|l|☆arixzoiberg
|player|p1|
