|j|☆sllalaal
|j|☆Cesar2702
|t:|1769349425
|gametype|singles
|player|p1|sllalaal|acetrainer-gen4dp|1145
|player|p2|Cesar2702|palmer|1130
|gen|9
|tier|[Gen 9] OU
|rated|
|rule|HP Percentage Mod: HP is shown in percentages
|rule|Endless Battle Clause: Forcing endless battles is banned
|rule|Species Clause: Limit one of each Pokémon
|rule|OHKO Clause: OHKO moves are banned
|rule|Evasion Items Clause: Evasion items are banned
|rule|Evasion Moves Clause: Evasion moves are banned
|rule|Evasion Abilities Clause: Evasion abilities are banned
|rule|Sleep Moves Clause: Sleep-inducing moves are banned
|clearpoke
|poke|p1|Kyurem|
|poke|p1|Iron Crown|
|poke|p1|Zapdos|
|poke|p1|Glimmora, F|
|poke|p1|Gengar, F|
|poke|p1|Grimmsnarl, M|
|poke|p2|Lurantis, F|
|poke|p2|Yanmega, F|
|poke|p2|Snorlax, F|
|poke|p2|Azumarill, M|
|poke|p2|Tentacruel, M|
|poke|p2|Morpeko, F|
|teampreview
|
|t:|1769349429
|teamsize|p1|6
|teamsize|p2|6
|start
|switch|p1a: Grimmimon|Grimmsnarl, M, shiny|100/100
|switch|p2a: Morpeko|Morpeko, F|100/100
|turn|1
|inactive|Battle timer is ON: inactive players will automatically lose when time's up. (requested by Cesar2702)
|
|t:|1769349435
|move|p2a: Morpeko|Fake Out|p1a: Grimmimon
|-crit|p1a: Grimmimon
|-damage|p1a: Grimmimon|79/100
|cant|p1a: Grimmimon|flinch
|
|-formechange|p2a: Morpeko|Morpeko-Hangry||[from] ability: Hunger Switch
|upkeep
|turn|2
|
|t:|1769349441
|switch|p2a: Tentacruel|Tentacruel, M|100/100
|move|p1a: Grimmimon|Reflect|p1a: Grimmimon
|-sidestart|p1: sllalaal|Reflect
|
|upkeep
|turn|3
|
|t:|1769349449
|move|p1a: Grimmimon|Parting Shot|p2a: Tentacruel
|-unboost|p2a: Tentacruel|atk|1
|-unboost|p2a: Tentacruel|spa|1
|
|t:|1769349461
|switch|p1a: toxicrockmon|Glimmora, F|100/100|[from] Parting Shot
|move|p2a: Tentacruel|Sludge Bomb|p1a: toxicrockmon
|-resisted|p1a: toxicrockmon
|-damage|p1a: toxicrockmon|95/100
|
|upkeep
|turn|4
|
|t:|1769349473
|switch|p1a: Grimmimon|Grimmsnarl, M, shiny|79/100
|move|p2a: Tentacruel|Muddy Water|p1a: Grimmimon
|-damage|p1a: Grimmimon|63/100
|
|upkeep
|turn|5
|
|t:|1769349481
|switch|p2a: Lurantis|Lurantis, F|100/100
|move|p1a: Grimmimon|Parting Shot|p2a: Lurantis
|-boost|p2a: Lurantis|atk|1
|-boost|p2a: Lurantis|spa|1
|
|t:|1769349485
|switch|p1a: Thorchikenmon|Zapdos|100/100|[from] Parting Shot
|
|upkeep
|turn|6
|
|t:|1769349494
|-terastallize|p2a: Lurantis|Dark
|move|p1a: Thorchikenmon|U-turn|p2a: Lurantis
|-supereffective|p2a: Lurantis
|-damage|p2a: Lurantis|76/100
|
|t:|1769349498
|switch|p1a: Grimmimon|Grimmsnarl, M, shiny|63/100|[from] U-turn
|move|p2a: Lurantis|Superpower|p1a: Grimmimon
|-damage|p1a: Grimmimon|35/100
|-boost|p2a: Lurantis|atk|1
|-boost|p2a: Lurantis|def|1
|
|upkeep
|turn|7
|
|t:|1769349506
|move|p1a: Grimmimon|Metronome|p1a: Grimmimon
|move|p1a: Grimmimon|Poison Powder|p2a: Lurantis|[from] move: Metronome
|-hint|Since gen 7, Dark is immune to Prankster moves.
|-immune|p2a: Lurantis
|move|p2a: Lurantis|Superpower|p1a: Grimmimon
|-damage|p1a: Grimmimon|1/100
|-boost|p2a: Lurantis|atk|1
|-boost|p2a: Lurantis|def|1
|
|upkeep
|turn|8
|
|t:|1769349516
|switch|p1a: toxicrockmon|Glimmora, F|95/100
|move|p2a: Lurantis|Leaf Storm|p1a: toxicrockmon
|-damage|p1a: toxicrockmon|41/100
|-boost|p2a: Lurantis|spa|2
|
|upkeep
|turn|9
|
|t:|1769349525
|move|p1a: toxicrockmon|Mortal Spin|p2a: Lurantis
|-damage|p2a: Lurantis|72/100
|-status|p2a: Lurantis|psn
|move|p2a: Lurantis|Superpower|p1a: toxicrockmon
|-damage|p1a: toxicrockmon|0 fnt
|-boost|p2a: Lurantis|atk|1
|-boost|p2a: Lurantis|def|1
|-activate|p1a: toxicrockmon|ability: Toxic Debris
|-sidestart|p2: Cesar2702|move: Toxic Spikes
|faint|p1a: toxicrockmon
|
|-damage|p2a: Lurantis|60/100 psn|[from] psn
|-sideend|p1: sllalaal|Reflect
|upkeep
|
|t:|1769349533
|switch|p1a: Thorchikenmon|Zapdos|100/100
|turn|10
|
|t:|1769349539
|move|p1a: Thorchikenmon|U-turn|p2a: Lurantis
|-supereffective|p2a: Lurantis
|-damage|p2a: Lurantis|49/100 psn
|
|t:|1769349542
|switch|p1a: Bellymon|Gengar, F|100/100|[from] U-turn
|move|p2a: Lurantis|Superpower|p1a: Bellymon
|-immune|p1a: Bellymon
|
|-damage|p2a: Lurantis|37/100 psn|[from] psn
|upkeep
|turn|11
|
|t:|1769349552
|switch|p1a: Thorchikenmon|Zapdos|100/100
|move|p2a: Lurantis|Leech Life|p1a: Thorchikenmon
|-resisted|p1a: Thorchikenmon
|-damage|p1a: Thorchikenmon|67/100
|-heal|p2a: Lurantis|56/100 psn|[from] drain|[of] p1a: Thorchikenmon
|
|-damage|p2a: Lurantis|44/100 psn|[from] psn
|upkeep
|turn|12
|
|t:|1769349559
|move|p1a: Thorchikenmon|Discharge|p2a: Lurantis
|-damage|p2a: Lurantis|17/100 psn
|move|p2a: Lurantis|Leech Life|p1a: Thorchikenmon
|-resisted|p1a: Thorchikenmon
|-damage|p1a: Thorchikenmon|35/100
|-heal|p2a: Lurantis|36/100 psn|[from] drain|[of] p1a: Thorchikenmon
|
|-damage|p2a: Lurantis|23/100 psn|[from] psn
|upkeep
|turn|13
|
|t:|1769349577
|move|p1a: Thorchikenmon|Discharge|p2a: Lurantis
|-damage|p2a: Lurantis|0 fnt
|faint|p2a: Lurantis
|
|upkeep
|
|t:|1769349582
|switch|p2a: Tentacruel|Tentacruel, M|100/100
|-sideend|p2: Cesar2702|move: Toxic Spikes|[of] p2a: Tentacruel
|turn|14
|
|t:|1769349589
|switch|p2a: Morpeko|Morpeko, F|100/100
|move|p1a: Thorchikenmon|Roost|p1a: Thorchikenmon
|-heal|p1a: Thorchikenmon|86/100
|-singleturn|p1a: Thorchikenmon|move: Roost
|
|-formechange|p2a: Morpeko|Morpeko-Hangry||[from] ability: Hunger Switch
|upkeep
|turn|15
|
|t:|1769349595
|switch|p1a: Bellymon|Gengar, F|100/100
|move|p2a: Morpeko|Fake Out|p1a: Bellymon
|-immune|p1a: Bellymon
|
|-formechange|p2a: Morpeko|Morpeko||[from] ability: Hunger Switch
|upkeep
|turn|16
|
|t:|1769349606
|move|p1a: Bellymon|Shadow Ball|p2a: Morpeko
|-resisted|p2a: Morpeko
|-damage|p2a: Morpeko|42/100
|-damage|p1a: Bellymon|91/100|[from] item: Life Orb
|move|p2a: Morpeko|Aura Wheel|p1a: Bellymon
|-damage|p1a: Bellymon|0 fnt
|-boost|p2a: Morpeko|spe|1
|faint|p1a: Bellymon
|
|-formechange|p2a: Morpeko|Morpeko-Hangry||[from] ability: Hunger Switch
|upkeep
|
|t:|1769349618
|switch|p1a: Thorchikenmon|Zapdos|86/100
|turn|17
|
|t:|1769349621
|move|p2a: Morpeko|Aura Wheel|p1a: Thorchikenmon
|-damage|p1a: Thorchikenmon|33/100
|-boost|p2a: Morpeko|spe|1
|move|p1a: Thorchikenmon|U-turn|p2a: Morpeko
|-supereffective|p2a: Morpeko
|-damage|p2a: Morpeko|0 fnt
|faint|p2a: Morpeko
|
|t:|1769349626
|switch|p1a: Grimmimon|Grimmsnarl, M, shiny|1/100|[from] U-turn
|
|upkeep
|
|t:|1769349628
|switch|p2a: Azumarill|Azumarill, M|100/100
|turn|18
|
|t:|1769349632
|move|p1a: Grimmimon|Parting Shot|p2a: Azumarill
|-unboost|p2a: Azumarill|atk|1
|-unboost|p2a: Azumarill|spa|1
|
|t:|1769349637
|switch|p1a: MetalDearmon|Iron Crown|100/100|[from] Parting Shot
|-enditem|p1a: MetalDearmon|Booster Energy
|-activate|p1a: MetalDearmon|ability: Quark Drive|[fromitem]
|-start|p1a: MetalDearmon|quarkdrivespe
|move|p2a: Azumarill|Aqua Jet|p1a: MetalDearmon
|-damage|p1a: MetalDearmon|95/100
|
|upkeep
|turn|19
|
|t:|1769349645
|switch|p2a: Yanmega|Yanmega, F, shiny|100/100
|move|p1a: MetalDearmon|Iron Defense|p1a: MetalDearmon
|-boost|p1a: MetalDearmon|def|2
|
|upkeep
|turn|20
|
|t:|1769349653
|-terastallize|p1a: MetalDearmon|Ghost
|move|p1a: MetalDearmon|Calm Mind|p1a: MetalDearmon
|-boost|p1a: MetalDearmon|spa|1
|-boost|p1a: MetalDearmon|spd|1
|move|p2a: Yanmega|Bug Buzz|p1a: MetalDearmon
|-resisted|p1a: MetalDearmon
|-crit|p1a: MetalDearmon
|-damage|p1a: MetalDearmon|59/100
|-unboost|p1a: MetalDearmon|spd|1
|
|-ability|p2a: Yanmega|Speed Boost|boost
|-boost|p2a: Yanmega|spe|1
|upkeep
|turn|21
|
|t:|1769349663
|move|p1a: MetalDearmon|Calm Mind|p1a: MetalDearmon
|-boost|p1a: MetalDearmon|spa|1
|-boost|p1a: MetalDearmon|spd|1
|move|p2a: Yanmega|Bug Buzz|p1a: MetalDearmon
|-resisted|p1a: MetalDearmon
|-damage|p1a: MetalDearmon|43/100
|
|-ability|p2a: Yanmega|Speed Boost|boost
|-boost|p2a: Yanmega|spe|1
|upkeep
|turn|22
|
|t:|1769349674
|move|p1a: MetalDearmon|Stored Power|p2a: Yanmega
|-enditem|p2a: Yanmega|Focus Sash
|-damage|p2a: Yanmega|1/100
|move|p2a: Yanmega|Bug Buzz|p1a: MetalDearmon
|-resisted|p1a: MetalDearmon
|-damage|p1a: MetalDearmon|29/100
|
|-ability|p2a: Yanmega|Speed Boost|boost
|-boost|p2a: Yanmega|spe|1
|upkeep
|turn|23
|
|t:|1769349682
|move|p2a: Yanmega|Air Slash|p1a: MetalDearmon
|-damage|p1a: MetalDearmon|2/100
|move|p1a: MetalDearmon|Stored Power|p2a: Yanmega
|-damage|p2a: Yanmega|0 fnt
|faint|p2a: Yanmega
|
|upkeep
|
|t:|1769349687
|switch|p2a: Azumarill|Azumarill, M|100/100
|turn|24
|
|t:|1769349699
|move|p2a: Azumarill|Aqua Jet|p1a: MetalDearmon
|-damage|p1a: MetalDearmon|0 fnt
|faint|p1a: MetalDearmon
|-end|p1a: MetalDearmon|Quark Drive|[silent]
|
|upkeep
|
|t:|1769349701
|switch|p1a: Grimmimon|Grimmsnarl, M, shiny|1/100
|turn|25
|
|t:|1769349710
|move|p1a: Grimmimon|Metronome|p1a: Grimmimon
|move|p1a: Grimmimon|Flame Charge|p2a: Azumarill|[from] move: Metronome
|-resisted|p2a: Azumarill
|-damage|p2a: Azumarill|94/100
|-boost|p1a: Grimmimon|spe|1
|move|p2a: Azumarill|Belly Drum|p2a: Azumarill
|-damage|p2a: Azumarill|44/100
|-setboost|p2a: Azumarill|atk|6|[from] move: Belly Drum
|
|-heal|p2a: Azumarill|50/100|[from] item: Leftovers
|upkeep
|turn|26
|
|t:|1769349719
|move|p2a: Azumarill|Protect|p2a: Azumarill
|-singleturn|p2a: Azumarill|Protect
|move|p1a: Grimmimon|Metronome|p1a: Grimmimon
|move|p1a: Grimmimon|No Retreat|p1a: Grimmimon|[from] move: Metronome
|-boost|p1a: Grimmimon|atk|1
|-boost|p1a: Grimmimon|def|1
|-boost|p1a: Grimmimon|spa|1
|-boost|p1a: Grimmimon|spd|1
|-boost|p1a: Grimmimon|spe|1
|-start|p1a: Grimmimon|move: No Retreat
|
|-heal|p2a: Azumarill|57/100|[from] item: Leftovers
|upkeep
|turn|27
|
|t:|1769349728
|move|p1a: Grimmimon|Metronome|p1a: Grimmimon
|move|p1a: Grimmimon|Avalanche|p2a: Azumarill|[from] move: Metronome
|-resisted|p2a: Azumarill
|-damage|p2a: Azumarill|46/100
|move|p2a: Azumarill|Aqua Jet|p1a: Grimmimon
|-damage|p1a: Grimmimon|0 fnt
|faint|p1a: Grimmimon
|
|-heal|p2a: Azumarill|52/100|[from] item: Leftovers
|upkeep
|
|t:|1769349735
|switch|p1a: Abominamon|Kyurem|100/100
|-ability|p1a: Abominamon|Pressure
|turn|28
|
|t:|1769349740
|move|p2a: Azumarill|Protect|p2a: Azumarill
|-singleturn|p2a: Azumarill|Protect
|move|p1a: Abominamon|Scale Shot|p2a: Azumarill
|-activate|p2a: Azumarill|move: Protect
|
|-heal|p2a: Azumarill|58/100|[from] item: Leftovers
|upkeep
|turn|29
|
|t:|1769349745
|move|p1a: Abominamon|Scale Shot|p2a: Azumarill
|-immune|p2a: Azumarill
|move|p2a: Azumarill|Play Rough|p1a: Abominamon
|-supereffective|p1a: Abominamon
|-damage|p1a: Abominamon|0 fnt
|faint|p1a: Abominamon
|
|-heal|p2a: Azumarill|64/100|[from] item: Leftovers
|upkeep
|
|t:|1769349748
|switch|p1a: Thorchikenmon|Zapdos|33/100
|turn|30
|
|t:|1769349758
|move|p2a: Azumarill|Aqua Jet|p1a: Thorchikenmon
|-damage|p1a: Thorchikenmon|0 fnt
|-status|p2a: Azumarill|par|[from] ability: Static|[of] p1a: Thorchikenmon
|faint|p1a: Thorchikenmon
|
|win|Cesar2702
|raw|sllalaal's rating: 1145 &rarr; <strong>1119</strong><br />(-26 for losing)
|raw|Cesar2702's rating: 1130 &rarr; <strong>1156</strong><br />(+26 for winning)
|l|☆Cesar2702
|player|p2|
|l|☆sllalaal
|player|p1|
