|j|‽O_LNG9
|j|☆pogchimp970314
|t:|1769338232
|gametype|singles
|player|p1|O_LNG9|1|1347
|player|p2|pogchimp970314|elesa-masters|1352
|gen|9
|tier|[Gen 9] OU
|rated|
|rule|HP Percentage Mod: HP is shown in percentages
|rule|Endless Battle Clause: Forcing endless battles is banned
|rule|Species Clause: Limit one of each Pokémon
|rule|OHKO Clause: OHKO moves are banned
|rule|Evasion Items Clause: Evasion items are banned
|rule|Evasion Moves Clause: Evasion moves are banned
|rule|Evasion Abilities Clause: Evasion abilities are banned
|rule|Sleep Moves Clause: Sleep-inducing moves are banned
|clearpoke
|poke|p1|Polteageist|
|poke|p1|Indeedee, M|
|poke|p1|Samurott-Hisui, F|
|poke|p1|Dragapult, F|
|poke|p1|Great Tusk|
|poke|p1|Kingambit, F|
|poke|p2|Ceruledge, F|
|poke|p2|Ribombee, F|
|poke|p2|Corviknight, F|
|poke|p2|Zoroark-Hisui, M|
|poke|p2|Weavile, F|
|poke|p2|Landorus-Therian, M|
|teampreview
|inactive|Battle timer is ON: inactive players will automatically lose when time's up. (requested by pogchimp970314)
|inactive|O_LNG9 has 120 seconds left.
|inactive|O_LNG9 has 90 seconds left.
|inactive|O_LNG9 has 60 seconds left.
|
|t:|1769338336
|teamsize|p1|6
|teamsize|p2|6
|start
|switch|p1a: Samurott|Samurott-Hisui, F|100/100
|switch|p2a: Miku|Ribombee, F|100/100
|turn|1
|
|t:|1769338349
|move|p2a: Miku|Moonblast|p1a: Samurott
|-supereffective|p1a: Samurott
|-damage|p1a: Samurott|16/100
|-unboost|p1a: Samurott|spa|1
|move|p1a: Samurott|Ceaseless Edge|p2a: Miku
|-resisted|p2a: Miku
|-damage|p2a: Miku|55/100
|-sidestart|p2: pogchimp970314|Spikes
|
|upkeep
|turn|2
|inactive|O_LNG9 has 120 seconds left.
|
|t:|1769338357
|move|p1a: Samurott|Aqua Jet|p2a: Miku
|-damage|p2a: Miku|20/100
|move|p2a: Miku|Moonblast|p1a: Samurott
|-supereffective|p1a: Samurott
|-damage|p1a: Samurott|0 fnt
|faint|p1a: Samurott
|
|upkeep
|inactive|O_LNG9 has 120 seconds left.
|
|t:|1769338367
|switch|p1a: Dragapult|Dragapult, F|100/100
|turn|3
|
|t:|1769338370
|move|p1a: Dragapult|Dragon Darts|p2a: Miku
|-immune|p2a: Miku
|move|p2a: Miku|Moonblast|p1a: Dragapult
|-supereffective|p1a: Dragapult
|-damage|p1a: Dragapult|0 fnt
|faint|p1a: Dragapult
|
|upkeep
|c|☆pogchimp970314|huh
|
|t:|1769338377
|switch|p1a: Indeedee|Indeedee, M|100/100
|-fieldstart|move: Psychic Terrain|[from] ability: Psychic Surge|[of] p1a: Indeedee
|turn|4
|
|t:|1769338391
|switch|p2a: Kaito|Corviknight, F|100/100
|-ability|p2a: Kaito|Pressure
|move|p1a: Indeedee|Healing Wish|p1a: Indeedee
|faint|p1a: Indeedee
|
|upkeep
|l|‽O_LNG9
|inactive|O_LNG9 disconnected and has a minute to reconnect!
|player|p1|
|j|☆O_LNG9
|inactive|O_LNG9 reconnected and has 140 seconds left.
|player|p1|O_LNG9|1|
|c|☆O_LNG9|fucking fairy type omg
|
|t:|1769338401
|switch|p1a: Polteageist|Polteageist|100/100
|turn|5
|c|☆O_LNG9|im so shit
|
|t:|1769338409
|move|p1a: Polteageist|Shell Smash|p1a: Polteageist
|-unboost|p1a: Polteageist|def|1
|-unboost|p1a: Polteageist|spd|1
|-boost|p1a: Polteageist|atk|2
|-boost|p1a: Polteageist|spa|2
|-boost|p1a: Polteageist|spe|2
|move|p2a: Kaito|Brave Bird|p1a: Polteageist
|-enditem|p1a: Polteageist|Focus Sash
|-damage|p1a: Polteageist|1/100
|-ability|p1a: Polteageist|Weak Armor|boost
|-unboost|p1a: Polteageist|def|1
|-boost|p1a: Polteageist|spe|2
|-damage|p2a: Kaito|79/100|[from] Recoil
|
|upkeep
|turn|6
|inactive|O_LNG9 has 120 seconds left.
|
|t:|1769338449
|move|p1a: Polteageist|Shadow Ball|p2a: Kaito
|-damage|p2a: Kaito|0 fnt
|faint|p2a: Kaito
|
|upkeep
|
|t:|1769338464
|switch|p2a: Rin|Weavile, F|100/100
|-damage|p2a: Rin|88/100|[from] Spikes
|turn|7
|
|t:|1769338469
|-terastallize|p1a: Polteageist|Fighting
|move|p1a: Polteageist|Tera Blast|p2a: Rin|[anim] Tera Blast Fighting
|-immune|p2a: Rin
|move|p2a: Rin|Shadow Ball|p1a: Polteageist
|-damage|p1a: Polteageist|0 fnt
|faint|p1a: Polteageist
|
|upkeep
|c|☆O_LNG9|fucking hell
|
|t:|1769338480
|switch|p1a: Great Tusk|Great Tusk|100/100
|-enditem|p1a: Great Tusk|Booster Energy
|-activate|p1a: Great Tusk|ability: Protosynthesis|[fromitem]
|-start|p1a: Great Tusk|protosynthesisatk
|turn|8
|
|t:|1769338498
|-terastallize|p2a: Rin|Ghost
|move|p2a: Rin|Shadow Ball|p1a: Great Tusk
|-damage|p1a: Great Tusk|0 fnt
|faint|p1a: Great Tusk
|-end|p1a: Great Tusk|Protosynthesis|[silent]
|
|upkeep
|-message|O_LNG9 forfeited.
|
|win|pogchimp970314
