|j|☆Timbred
|j|☆dragn1
|t:|1769341996
|gametype|singles
|player|p1|Timbred|byron|1378
|player|p2|dragn1|265|1423
|gen|9
|tier|[Gen 9] OU
|rated|
|rule|HP Percentage Mod: HP is shown in percentages
|rule|Endless Battle Clause: Forcing endless battles is banned
|rule|Species Clause: Limit one of each Pokémon
|rule|OHKO Clause: OHKO moves are banned
|rule|Evasion Items Clause: Evasion items are banned
|rule|Evasion Moves Clause: Evasion moves are banned
|rule|Evasion Abilities Clause: Evasion abilities are banned
|rule|Sleep Moves Clause: Sleep-inducing moves are banned
|clearpoke
|poke|p1|Ninetales-Alola, M|
|poke|p1|Mandibuzz, F|
|poke|p1|Clodsire, M|
|poke|p1|Jirachi|
|poke|p1|Grafaiai, F|
|poke|p1|Ursaluna, F|
|poke|p2|Landorus-Therian, M|
|poke|p2|Rillaboom, F|
|poke|p2|Blaziken, M|
|poke|p2|Samurott-Hisui, F|
|poke|p2|Clefable, M|
|poke|p2|Gholdengo|
|teampreview
|
|t:|1769342007
|teamsize|p1|6
|teamsize|p2|6
|start
|switch|p1a: selling tail $4|Grafaiai, F|100/100
|switch|p2a: Landorus|Landorus-Therian, M|100/100
|-ability|p2a: Landorus|Intimidate|boost
|-unboost|p1a: selling tail $4|atk|1
|turn|1
|
|t:|1769342017
|move|p1a: selling tail $4|Switcheroo|p2a: Landorus
|-activate|p1a: selling tail $4|move: Trick|[of] p2a: Landorus
|-item|p2a: Landorus|Choice Scarf|[from] move: Switcheroo
|-item|p1a: selling tail $4|Rocky Helmet|[from] move: Switcheroo
|move|p2a: Landorus|Earthquake|p1a: selling tail $4
|-supereffective|p1a: selling tail $4
|-damage|p1a: selling tail $4|0 fnt
|faint|p1a: selling tail $4
|
|upkeep
|
|t:|1769342024
|switch|p1a: im missing a tail|Ninetales-Alola, M|100/100
|-weather|Snowscape|[from] ability: Snow Warning|[of] p1a: im missing a tail
|turn|2
|
|t:|1769342028
|move|p2a: Landorus|Earthquake|p1a: im missing a tail
|-damage|p1a: im missing a tail|54/100
|move|p1a: im missing a tail|Aurora Veil|p1a: im missing a tail
|-sidestart|p1: Timbred|move: Aurora Veil
|
|-weather|Snowscape|[upkeep]
|upkeep
|turn|3
|
|t:|1769342036
|move|p2a: Landorus|Earthquake|p1a: im missing a tail
|-damage|p1a: im missing a tail|31/100
|move|p1a: im missing a tail|Blizzard|p2a: Landorus
|-supereffective|p2a: Landorus
|-damage|p2a: Landorus|0 fnt
|faint|p2a: Landorus
|
|-weather|Snowscape|[upkeep]
|upkeep
|
|t:|1769342044
|switch|p2a: Blaziken|Blaziken, M|100/100
|turn|4
|
|t:|1769342056
|move|p2a: Blaziken|Protect|p2a: Blaziken
|-singleturn|p2a: Blaziken|Protect
|move|p1a: im missing a tail|Moonblast|p2a: Blaziken
|-activate|p2a: Blaziken|move: Protect
|
|-weather|Snowscape|[upkeep]
|-ability|p2a: Blaziken|Speed Boost|boost
|-boost|p2a: Blaziken|spe|1
|upkeep
|turn|5
|
|t:|1769342064
|move|p2a: Blaziken|Flare Blitz|p1a: im missing a tail
|-supereffective|p1a: im missing a tail
|-damage|p1a: im missing a tail|0 fnt
|faint|p1a: im missing a tail
|-damage|p2a: Blaziken|89/100|[from] Recoil
|-damage|p2a: Blaziken|79/100|[from] item: Life Orb
|
|-weather|Snowscape|[upkeep]
|-ability|p2a: Blaziken|Speed Boost|boost
|-boost|p2a: Blaziken|spe|1
|upkeep
|
|t:|1769342078
|switch|p1a: finger lickin good|Mandibuzz, F|100/100
|turn|6
|
|t:|1769342083
|switch|p2a: Clefable|Clefable, M|100/100
|move|p1a: finger lickin good|Foul Play|p2a: Clefable
|-resisted|p2a: Clefable
|-damage|p2a: Clefable|93/100
|
|-weather|none
|-heal|p2a: Clefable|99/100|[from] item: Leftovers
|upkeep
|turn|7
|
|t:|1769342096
|switch|p1a: kangz rock|Jirachi|100/100
|switch|p2a: Samurott|Samurott-Hisui, F|100/100
|
|upkeep
|turn|8
|
|t:|1769342103
|move|p1a: kangz rock|Wish|p1a: kangz rock
|move|p2a: Samurott|Knock Off|p1a: kangz rock
|-supereffective|p1a: kangz rock
|-damage|p1a: kangz rock|69/100
|-enditem|p1a: kangz rock|Weakness Policy
|-boost|p1a: kangz rock|atk|2|[from] item: Weakness Policy
|-boost|p1a: kangz rock|spa|2|[from] item: Weakness Policy
|
|upkeep
|turn|9
|
|t:|1769342110
|move|p1a: kangz rock|Cosmic Power|p1a: kangz rock
|-boost|p1a: kangz rock|def|1
|-boost|p1a: kangz rock|spd|1
|move|p2a: Samurott|Ceaseless Edge|p1a: kangz rock
|-supereffective|p1a: kangz rock
|-damage|p1a: kangz rock|50/100
|-sidestart|p1: Timbred|Spikes
|
|-heal|p1a: kangz rock|100/100|[from] move: Wish|[wisher] kangz rock
|-sideend|p1: Timbred|move: Aurora Veil
|upkeep
|turn|10
|
|t:|1769342122
|-terastallize|p1a: kangz rock|Poison
|move|p1a: kangz rock|Wish|p1a: kangz rock
|move|p2a: Samurott|Ceaseless Edge|p1a: kangz rock
|-damage|p1a: kangz rock|79/100
|-sidestart|p1: Timbred|Spikes
|
|upkeep
|turn|11
|
|t:|1769342129
|move|p1a: kangz rock|Cosmic Power|p1a: kangz rock
|-boost|p1a: kangz rock|def|1
|-boost|p1a: kangz rock|spd|1
|move|p2a: Samurott|Ceaseless Edge|p1a: kangz rock
|-damage|p1a: kangz rock|64/100
|-sidestart|p1: Timbred|Spikes
|
|-heal|p1a: kangz rock|100/100|[from] move: Wish|[wisher] kangz rock
|upkeep
|turn|12
|
|t:|1769342138
|move|p1a: kangz rock|Dazzling Gleam|p2a: Samurott
|-supereffective|p2a: Samurott
|-damage|p2a: Samurott|47/100
|move|p2a: Samurott|Aqua Cutter|p1a: kangz rock
|-damage|p1a: kangz rock|83/100
|
|upkeep
|turn|13
|
|t:|1769342145
|-terastallize|p2a: Samurott|Poison
|move|p1a: kangz rock|Dazzling Gleam|p2a: Samurott
|-resisted|p2a: Samurott
|-damage|p2a: Samurott|33/100
|move|p2a: Samurott|Aqua Cutter|p1a: kangz rock
|-damage|p1a: kangz rock|69/100
|
|upkeep
|turn|14
|
|t:|1769342153
|move|p1a: kangz rock|Wish|p1a: kangz rock
|move|p2a: Samurott|Aqua Cutter|p1a: kangz rock
|-damage|p1a: kangz rock|54/100
|
|upkeep
|turn|15
|
|t:|1769342158
|move|p1a: kangz rock|Stored Power|p2a: Samurott
|-supereffective|p2a: Samurott
|-damage|p2a: Samurott|0 fnt
|faint|p2a: Samurott
|
|-heal|p1a: kangz rock|100/100|[from] move: Wish|[wisher] kangz rock
|upkeep
|
|t:|1769342169
|switch|p2a: Gholdengo|Gholdengo|100/100
|-item|p2a: Gholdengo|Air Balloon
|turn|16
|
|t:|1769342177
|move|p2a: Gholdengo|Nasty Plot|p2a: Gholdengo
|-boost|p2a: Gholdengo|spa|2
|move|p1a: kangz rock|Stored Power|p2a: Gholdengo
|-resisted|p2a: Gholdengo
|-damage|p2a: Gholdengo|27/100
|-enditem|p2a: Gholdengo|Air Balloon
|
|upkeep
|turn|17
|
|t:|1769342184
|move|p2a: Gholdengo|Make It Rain|p1a: kangz rock
|-damage|p1a: kangz rock|52/100
|-unboost|p2a: Gholdengo|spa|1
|move|p1a: kangz rock|Stored Power|p2a: Gholdengo
|-resisted|p2a: Gholdengo
|-damage|p2a: Gholdengo|0 fnt
|faint|p2a: Gholdengo
|
|upkeep
|
|t:|1769342202
|switch|p2a: Blaziken|Blaziken, M|79/100
|turn|18
|
|t:|1769342206
|move|p2a: Blaziken|Flare Blitz|p1a: kangz rock
|-damage|p1a: kangz rock|22/100
|-damage|p2a: Blaziken|66/100|[from] Recoil
|-damage|p2a: Blaziken|56/100|[from] item: Life Orb
|move|p1a: kangz rock|Stored Power|p2a: Blaziken
|-supereffective|p2a: Blaziken
|-damage|p2a: Blaziken|0 fnt
|faint|p2a: Blaziken
|
|upkeep
|
|t:|1769342215
|switch|p2a: Rillaboom|Rillaboom, F|100/100
|-fieldstart|move: Grassy Terrain|[from] ability: Grassy Surge|[of] p2a: Rillaboom
|turn|19
|
|t:|1769342219
|move|p2a: Rillaboom|Stomping Tantrum|p1a: kangz rock
|-supereffective|p1a: kangz rock
|-damage|p1a: kangz rock|0 fnt
|faint|p1a: kangz rock
|
|upkeep
|
|t:|1769342225
|switch|p1a: finger lickin good|Mandibuzz, F|100/100
|turn|20
|
|t:|1769342228
|switch|p2a: Clefable|Clefable, M|99/100
|move|p1a: finger lickin good|Defog|p2a: Clefable
|-unboost|p2a: Clefable|evasion|1
|-sideend|p1: Timbred|Spikes|[from] move: Defog|[of] p1a: finger lickin good
|-fieldend|move: Grassy Terrain
|
|-heal|p2a: Clefable|100/100|[from] item: Leftovers
|upkeep
|turn|21
|
|t:|1769342238
|move|p1a: finger lickin good|Protect|p1a: finger lickin good
|-singleturn|p1a: finger lickin good|Protect
|move|p2a: Clefable|Moonblast|p1a: finger lickin good
|-activate|p1a: finger lickin good|move: Protect
|
|upkeep
|turn|22
|
|t:|1769342244
|switch|p1a: free hugs|Clodsire, M|100/100
|move|p2a: Clefable|Moonblast|p1a: free hugs
|-resisted|p1a: free hugs
|-damage|p1a: free hugs|90/100
|
|upkeep
|turn|23
|
|t:|1769342252
|move|p2a: Clefable|Calm Mind|p2a: Clefable
|-boost|p2a: Clefable|spa|1
|-boost|p2a: Clefable|spd|1
|move|p1a: free hugs|Stockpile|p1a: free hugs
|-start|p1a: free hugs|stockpile1
|-boost|p1a: free hugs|def|1
|-boost|p1a: free hugs|spd|1
|
|upkeep
|turn|24
|
|t:|1769342261
|switch|p2a: Rillaboom|Rillaboom, F|100/100
|-fieldstart|move: Grassy Terrain|[from] ability: Grassy Surge|[of] p2a: Rillaboom
|switch|p1a: WHS Bear|Ursaluna, F|100/100
|
|-status|p1a: WHS Bear|brn|[from] item: Flame Orb
|upkeep
|turn|25
|
|t:|1769342270
|switch|p1a: finger lickin good|Mandibuzz, F|100/100
|move|p2a: Rillaboom|Wood Hammer|p1a: finger lickin good
|-resisted|p1a: finger lickin good
|-damage|p1a: finger lickin good|65/100
|-damage|p2a: Rillaboom|86/100|[from] Recoil
|
|-heal|p2a: Rillaboom|92/100|[from] Grassy Terrain
|upkeep
|turn|26
|
|t:|1769342279
|switch|p1a: free hugs|Clodsire, M|90/100
|move|p2a: Rillaboom|Wood Hammer|p1a: free hugs
|-damage|p1a: free hugs|7/100
|-damage|p2a: Rillaboom|54/100|[from] Recoil
|
|-heal|p2a: Rillaboom|61/100|[from] Grassy Terrain
|-heal|p1a: free hugs|13/100|[from] Grassy Terrain
|upkeep
|turn|27
|
|t:|1769342294
|move|p2a: Rillaboom|Wood Hammer|p1a: free hugs
|-damage|p1a: free hugs|0 fnt
|faint|p1a: free hugs
|-damage|p2a: Rillaboom|55/100|[from] Recoil
|
|-heal|p2a: Rillaboom|61/100|[from] Grassy Terrain
|upkeep
|
|t:|1769342301
|switch|p1a: finger lickin good|Mandibuzz, F|65/100
|turn|28
|
|t:|1769342304
|switch|p2a: Clefable|Clefable, M|100/100
|move|p1a: finger lickin good|Foul Play|p2a: Clefable
|-resisted|p2a: Clefable
|-damage|p2a: Clefable|93/100
|
|-heal|p2a: Clefable|99/100|[from] Grassy Terrain
|-heal|p2a: Clefable|100/100|[from] item: Leftovers
|-fieldend|move: Grassy Terrain
|upkeep
|turn|29
|
|t:|1769342313
|switch|p1a: WHS Bear|Ursaluna, F|100/100 brn
|move|p2a: Clefable|Moonblast|p1a: WHS Bear
|-damage|p1a: WHS Bear|74/100 brn
|-unboost|p1a: WHS Bear|spa|1
|
|-damage|p1a: WHS Bear|68/100 brn|[from] brn
|upkeep
|turn|30
|
|t:|1769342324
|move|p2a: Clefable|Moonblast|p1a: WHS Bear
|-damage|p1a: WHS Bear|39/100 brn
|move|p1a: WHS Bear|Facade|p2a: Clefable
|-damage|p2a: Clefable|2/100
|
|-heal|p2a: Clefable|8/100|[from] item: Leftovers
|-damage|p1a: WHS Bear|33/100 brn|[from] brn
|upkeep
|turn|31
|
|t:|1769342333
|move|p2a: Clefable|Moonblast|p1a: WHS Bear
|-damage|p1a: WHS Bear|7/100 brn
|-unboost|p1a: WHS Bear|spa|1
|move|p1a: WHS Bear|Facade|p2a: Clefable
|-damage|p2a: Clefable|0 fnt
|faint|p2a: Clefable
|
|-damage|p1a: WHS Bear|1/100 brn|[from] brn
|upkeep
|
|t:|1769342342
|switch|p2a: Rillaboom|Rillaboom, F|61/100
|-fieldstart|move: Grassy Terrain|[from] ability: Grassy Surge|[of] p2a: Rillaboom
|turn|32
|
|t:|1769342349
|move|p2a: Rillaboom|Wood Hammer|p1a: WHS Bear
|-supereffective|p1a: WHS Bear
|-damage|p1a: WHS Bear|0 fnt
|faint|p1a: WHS Bear
|-damage|p2a: Rillaboom|61/100|[from] Recoil
|
|-heal|p2a: Rillaboom|67/100|[from] Grassy Terrain
|upkeep
|
|t:|1769342356
|switch|p1a: finger lickin good|Mandibuzz, F|65/100
|turn|33
|
|t:|1769342361
|move|p2a: Rillaboom|Wood Hammer|p1a: finger lickin good
|-resisted|p1a: finger lickin good
|-damage|p1a: finger lickin good|31/100
|-damage|p2a: Rillaboom|53/100|[from] Recoil
|move|p1a: finger lickin good|Roost|p1a: finger lickin good
|-heal|p1a: finger lickin good|81/100
|-singleturn|p1a: finger lickin good|move: Roost
|
|-heal|p2a: Rillaboom|59/100|[from] Grassy Terrain
|-heal|p1a: finger lickin good|87/100|[from] Grassy Terrain
|upkeep
|turn|34
|
|t:|1769342372
|move|p2a: Rillaboom|Wood Hammer|p1a: finger lickin good
|-resisted|p1a: finger lickin good
|-damage|p1a: finger lickin good|50/100
|-damage|p2a: Rillaboom|44/100|[from] Recoil
|move|p1a: finger lickin good|Foul Play|p2a: Rillaboom
|-damage|p2a: Rillaboom|0 fnt
|faint|p2a: Rillaboom
|
|win|Timbred
|raw|Timbred's rating: 1378 &rarr; <strong>1401</strong><br />(+23 for winning)
|raw|dragn1's rating: 1423 &rarr; <strong>1400</strong><br />(-23 for losing)
|c|☆dragn1|f
|c|☆Timbred|gg
|l|☆Timbred
|player|p1|
|c|☆dragn1|jirachi god
|l|☆dragn1
|player|p2|
