|j|☆I'm evil and spicy
|j|☆mystery rain ninja
|t:|1769423860
|gametype|singles
|player|p1|I'm evil and spicy|elesa|1548
|player|p2|mystery rain ninja|janine|1487
|gen|9
|tier|[Gen 9] OU
|rated|
|rule|HP Percentage Mod: HP is shown in percentages
|rule|Endless Battle Clause: Forcing endless battles is banned
|rule|Species Clause: Limit one of each Pokémon
|rule|OHKO Clause: OHKO moves are banned
|rule|Evasion Items Clause: Evasion items are banned
|rule|Evasion Moves Clause: Evasion moves are banned
|rule|Evasion Abilities Clause: Evasion abilities are banned
|rule|Sleep Moves Clause: Sleep-inducing moves are banned
|clearpoke
|poke|p1|Ogerpon-Cornerstone, F|
|poke|p1|Samurott-Hisui, F|
|poke|p1|Corviknight, F|
|poke|p1|Great Tusk|
|poke|p1|Slowking-Galar, M|
|poke|p1|Dragapult, M|
|poke|p2|Surskit, F|
|poke|p2|Pelipper, M|
|poke|p2|Raging Bolt|
|poke|p2|Gholdengo|
|poke|p2|Ogerpon-Wellspring, F|
|poke|p2|Hatterene, F|
|teampreview
|
|t:|1769423868
|teamsize|p1|6
|teamsize|p2|6
|start
|switch|p1a: Ogerpon|Ogerpon-Cornerstone, F|100/100
|switch|p2a: Pelipper|Pelipper, M|100/100
|-weather|RainDance|[from] ability: Drizzle|[of] p2a: Pelipper
|turn|1
|
|t:|1769423883
|switch|p2a: Hatterene|Hatterene, F|100/100
|move|p1a: Ogerpon|Ivy Cudgel|p2a: Hatterene|[anim] Ivy Cudgel Rock
|-damage|p2a: Hatterene|52/100
|-enditem|p2a: Hatterene|Eject Button
|
|t:|1769423891
|switch|p2a: Surskit|Surskit, F, shiny|100/100
|
|-weather|RainDance|[upkeep]
|upkeep
|turn|2
|
|t:|1769423904
|move|p2a: Surskit|Bug Buzz|p1a: Ogerpon
|-supereffective|p1a: Ogerpon
|-damage|p1a: Ogerpon|28/100
|move|p1a: Ogerpon|Ivy Cudgel|p2a: Surskit|[anim] Ivy Cudgel Rock
|-supereffective|p2a: Surskit
|-crit|p2a: Surskit
|-enditem|p2a: Surskit|Focus Sash
|-damage|p2a: Surskit|1/100
|
|-weather|RainDance|[upkeep]
|upkeep
|turn|3
|
|t:|1769423912
|switch|p1a: Slowking|Slowking-Galar, M|100/100
|move|p2a: Surskit|Sticky Web|p1a: Slowking
|-sidestart|p1: I'm evil and spicy|move: Sticky Web
|
|-weather|RainDance|[upkeep]
|upkeep
|turn|4
|
|t:|1769423923
|switch|p2a: Gholdengo|Gholdengo|100/100
|-item|p2a: Gholdengo|Air Balloon
|-prepare|p1a: Slowking|Chilly Reception|[premajor]
|move|p1a: Slowking|Chilly Reception|p1a: Slowking
|-weather|Snowscape
|
|t:|1769423931
|switch|p1a: Samurott|Samurott-Hisui, F|100/100|[from] Chilly Reception
|
|-weather|Snowscape|[upkeep]
|upkeep
|turn|5
|
|t:|1769423937
|-terastallize|p2a: Gholdengo|Fairy
|move|p2a: Gholdengo|Dazzling Gleam|p1a: Samurott
|-supereffective|p1a: Samurott
|-damage|p1a: Samurott|0 fnt
|faint|p1a: Samurott
|
|-weather|Snowscape|[upkeep]
|upkeep
|
|t:|1769423945
|switch|p1a: Slowking|Slowking-Galar, M|100/100
|turn|6
|
|t:|1769423961
|move|p2a: Gholdengo|Shadow Ball|p1a: Slowking
|-supereffective|p1a: Slowking
|-damage|p1a: Slowking|49/100
|move|p1a: Slowking|Sludge Bomb|p2a: Gholdengo
|-supereffective|p2a: Gholdengo
|-damage|p2a: Gholdengo|16/100
|-status|p2a: Gholdengo|psn
|-enditem|p2a: Gholdengo|Air Balloon
|
|-weather|Snowscape|[upkeep]
|-damage|p2a: Gholdengo|4/100 psn|[from] psn
|upkeep
|turn|7
|
|t:|1769423981
|-terastallize|p1a: Slowking|Water
|move|p2a: Gholdengo|Shadow Ball|p1a: Slowking
|-crit|p1a: Slowking
|-damage|p1a: Slowking|8/100
|-prepare|p1a: Slowking|Chilly Reception|[premajor]
|move|p1a: Slowking|Chilly Reception|p1a: Slowking
|
|t:|1769423991
|switch|p1a: Great Tusk|Great Tusk|100/100|[from] Chilly Reception
|
|-weather|Snowscape|[upkeep]
|-damage|p2a: Gholdengo|0 fnt|[from] psn
|faint|p2a: Gholdengo
|upkeep
|
|t:|1769424004
|switch|p2a: Ogerpon|Ogerpon-Wellspring, F|100/100
|turn|8
|
|t:|1769424022
|move|p2a: Ogerpon|Power Whip|p1a: Great Tusk
|-supereffective|p1a: Great Tusk
|-crit|p1a: Great Tusk
|-damage|p1a: Great Tusk|0 fnt
|faint|p1a: Great Tusk
|-end|p1a: Great Tusk|Protosynthesis|[silent]
|
|-weather|none
|upkeep
|
|t:|1769424027
|switch|p1a: Corviknight|Corviknight, F|100/100
|-ability|p1a: Corviknight|Pressure
|turn|9
|
|t:|1769424034
|switch|p2a: Hatterene|Hatterene, F|52/100
|move|p1a: Corviknight|Defog|p2a: Hatterene
|move|p2a: Hatterene|Defog|p1a: Corviknight|[from] ability: Magic Bounce
|-unboost|p1a: Corviknight|evasion|1
|-sideend|p1: I'm evil and spicy|Sticky Web|[from] move: Defog|[of] p2a: Hatterene
|
|upkeep
|turn|10
|
|t:|1769424053
|move|p1a: Corviknight|U-turn|p2a: Hatterene
|-damage|p2a: Hatterene|39/100
|
|t:|1769424057
|switch|p1a: Slowking|Slowking-Galar, M, tera:Water|41/100|[from] U-turn
|move|p2a: Hatterene|Nuzzle|p1a: Slowking
|-supereffective|p1a: Slowking
|-damage|p1a: Slowking|32/100
|-status|p1a: Slowking|par
|
|upkeep
|turn|11
|
|t:|1769424068
|move|p2a: Hatterene|Healing Wish|p2a: Hatterene
|faint|p2a: Hatterene
|-prepare|p1a: Slowking|Chilly Reception|[premajor]
|cant|p1a: Slowking|par
|
|upkeep
|
|t:|1769424107
|switch|p2a: Raging Bolt|Raging Bolt|100/100
|-enditem|p2a: Raging Bolt|Booster Energy
|-activate|p2a: Raging Bolt|ability: Protosynthesis|[fromitem]
|-start|p2a: Raging Bolt|protosynthesisspa
|turn|12
|
|t:|1769424156
|move|p2a: Raging Bolt|Dragon Pulse|p1a: Slowking
|-damage|p1a: Slowking|0 fnt
|faint|p1a: Slowking
|
|upkeep
|
|t:|1769424159
|switch|p1a: Dragapult|Dragapult, M|100/100
|turn|13
|
|t:|1769424163
|-end|p2a: Raging Bolt|Protosynthesis|[silent]
|switch|p2a: Pelipper|Pelipper, M|100/100
|-weather|RainDance|[from] ability: Drizzle|[of] p2a: Pelipper
|move|p1a: Dragapult|Draco Meteor|p2a: Pelipper
|-damage|p2a: Pelipper|0 fnt
|-unboost|p1a: Dragapult|spa|2
|faint|p2a: Pelipper
|
|-weather|RainDance|[upkeep]
|upkeep
|
|t:|1769424166
|switch|p2a: Surskit|Surskit, F, shiny|1/100
|-heal|p2a: Surskit|100/100|[from] move: Healing Wish
|turn|14
|
|t:|1769424184
|move|p2a: Surskit|Sticky Web|p1a: Dragapult
|-sidestart|p1: I'm evil and spicy|move: Sticky Web
|move|p1a: Dragapult|Draco Meteor|p2a: Surskit
|-damage|p2a: Surskit|0 fnt
|-unboost|p1a: Dragapult|spa|2
|faint|p2a: Surskit
|
|-weather|RainDance|[upkeep]
|upkeep
|
|t:|1769424198
|switch|p2a: Raging Bolt|Raging Bolt|100/100
|turn|15
|
|t:|1769424211
|switch|p1a: Ogerpon|Ogerpon-Cornerstone, F|28/100
|-activate|p1a: Ogerpon|move: Sticky Web
|-unboost|p1a: Ogerpon|spe|1
|move|p2a: Raging Bolt|Calm Mind|p2a: Raging Bolt
|-boost|p2a: Raging Bolt|spa|1
|-boost|p2a: Raging Bolt|spd|1
|
|-weather|RainDance|[upkeep]
|upkeep
|turn|16
|
|t:|1769424218
|move|p2a: Raging Bolt|Dragon Pulse|p1a: Ogerpon
|-crit|p1a: Ogerpon
|-damage|p1a: Ogerpon|0 fnt
|faint|p1a: Ogerpon
|
|-weather|RainDance|[upkeep]
|upkeep
|-message|I'm evil and spicy forfeited.
|
|win|mystery rain ninja
|raw|I&apos;m evil and spicy's rating: 1548 &rarr; <strong>1525</strong><br />(-23 for losing)
|raw|mystery rain ninja's rating: 1487 &rarr; <strong>1510</strong><br />(+23 for winning)
|l|☆I'm evil and spicy
|player|p1|
|l|☆mystery rain ninja
|player|p2|
