|j|☆CL IRL
|j|☆fadingstrawberry
|t:|1769362851
|gametype|singles
|player|p1|CL IRL|richboy-gen4|1605
|player|p2|fadingstrawberry|may-masters|1670
|gen|9
|tier|[Gen 9] OU
|rated|
|rule|HP Percentage Mod: HP is shown in percentages
|rule|Endless Battle Clause: Forcing endless battles is banned
|rule|Species Clause: Limit one of each Pokémon
|rule|OHKO Clause: OHKO moves are banned
|rule|Evasion Items Clause: Evasion items are banned
|rule|Evasion Moves Clause: Evasion moves are banned
|rule|Evasion Abilities Clause: Evasion abilities are banned
|rule|Sleep Moves Clause: Sleep-inducing moves are banned
|clearpoke
|poke|p1|Hoopa-Unbound|
|poke|p1|Keldeo-Resolute|
|poke|p1|Corviknight, F|
|poke|p1|Alomomola, F|
|poke|p1|Garganacl, M|
|poke|p1|Slowking-Galar, M|
|poke|p2|Ninetales-Alola, M|
|poke|p2|Raging Bolt|
|poke|p2|Rillaboom, M|
|poke|p2|Polteageist|
|poke|p2|Kingambit, F|
|poke|p2|Primarina, F|
|teampreview
|inactive|Battle timer is ON: inactive players will automatically lose when time's up. (requested by CL IRL)
|
|t:|1769362862
|teamsize|p1|6
|teamsize|p2|6
|start
|switch|p1a: Garganacl|Garganacl, M|100/100
|switch|p2a: Rillaboom|Rillaboom, M|100/100
|-fieldstart|move: Grassy Terrain|[from] ability: Grassy Surge|[of] p2a: Rillaboom
|turn|1
|
|t:|1769362865
|move|p1a: Garganacl|Protect|p1a: Garganacl
|-singleturn|p1a: Garganacl|Protect
|move|p2a: Rillaboom|Swords Dance|p2a: Rillaboom
|-boost|p2a: Rillaboom|atk|2
|
|upkeep
|turn|2
|
|t:|1769362872
|switch|p1a: Corviknight|Corviknight, F|100/100
|-ability|p1a: Corviknight|Pressure
|move|p2a: Rillaboom|Knock Off|p1a: Corviknight
|-damage|p1a: Corviknight|47/100
|-enditem|p1a: Corviknight|Leftovers|[from] move: Knock Off|[of] p2a: Rillaboom
|-damage|p2a: Rillaboom|91/100|[from] item: Life Orb
|
|-heal|p2a: Rillaboom|97/100|[from] Grassy Terrain
|upkeep
|turn|3
|
|t:|1769362889
|move|p2a: Rillaboom|Swords Dance|p2a: Rillaboom
|-boost|p2a: Rillaboom|atk|2
|move|p1a: Corviknight|Brave Bird|p2a: Rillaboom
|-supereffective|p2a: Rillaboom
|-crit|p2a: Rillaboom
|-damage|p2a: Rillaboom|0 fnt
|faint|p2a: Rillaboom
|-damage|p1a: Corviknight|20/100|[from] Recoil
|
|upkeep
|j| AdmiradorDeMessi
|
|t:|1769362897
|switch|p2a: Polteageist|Polteageist|100/100
|turn|4
|
|t:|1769362904
|move|p2a: Polteageist|Shell Smash|p2a: Polteageist
|-unboost|p2a: Polteageist|def|1
|-unboost|p2a: Polteageist|spd|1
|-boost|p2a: Polteageist|atk|2
|-boost|p2a: Polteageist|spa|2
|-boost|p2a: Polteageist|spe|2
|-enditem|p2a: Polteageist|White Herb
|-clearnegativeboost|p2a: Polteageist|[silent]
|move|p1a: Corviknight|U-turn|p2a: Polteageist
|-resisted|p2a: Polteageist
|-damage|p2a: Polteageist|92/100
|
|t:|1769362925
|switch|p1a: Alomomola|Alomomola, F|100/100|[from] U-turn
|
|-heal|p2a: Polteageist|98/100|[from] Grassy Terrain
|upkeep
|turn|5
|
|t:|1769362931
|move|p2a: Polteageist|Shell Smash|p2a: Polteageist
|-unboost|p2a: Polteageist|def|1
|-unboost|p2a: Polteageist|spd|1
|-boost|p2a: Polteageist|atk|2
|-boost|p2a: Polteageist|spa|2
|-boost|p2a: Polteageist|spe|2
|move|p1a: Alomomola|Alluring Voice|p2a: Polteageist
|-damage|p2a: Polteageist|85/100
|-start|p2a: Polteageist|confusion
|
|-heal|p2a: Polteageist|92/100|[from] Grassy Terrain
|-fieldend|move: Grassy Terrain
|upkeep
|turn|6
|
|t:|1769362936
|-activate|p2a: Polteageist|confusion
|move|p2a: Polteageist|Shell Smash|p2a: Polteageist
|-unboost|p2a: Polteageist|def|1
|-unboost|p2a: Polteageist|spd|1
|-boost|p2a: Polteageist|atk|2
|-boost|p2a: Polteageist|spa|2
|-boost|p2a: Polteageist|spe|2
|move|p1a: Alomomola|Flip Turn|p2a: Polteageist
|-damage|p2a: Polteageist|53/100
|
|t:|1769362954
|switch|p1a: Garganacl|Garganacl, M|100/100|[from] Flip Turn
|
|upkeep
|turn|7
|
|t:|1769362959
|-end|p2a: Polteageist|confusion
|move|p2a: Polteageist|Tera Blast|p1a: Garganacl
|-resisted|p1a: Garganacl
|-damage|p1a: Garganacl|59/100
|move|p1a: Garganacl|Salt Cure|p2a: Polteageist
|-damage|p2a: Polteageist|20/100
|-start|p2a: Polteageist|Salt Cure
|
|-heal|p1a: Garganacl|65/100|[from] item: Leftovers
|-damage|p2a: Polteageist|7/100|[from] Salt Cure
|upkeep
|turn|8
|
|t:|1769362967
|switch|p2a: Kingambit|Kingambit, F|100/100
|-activate|p2a: Kingambit|ability: Supreme Overlord
|-start|p2a: Kingambit|fallen1|[silent]
|move|p1a: Garganacl|Protect||[still]
|-fail|p1a: Garganacl
|
|-heal|p1a: Garganacl|72/100|[from] item: Leftovers
|upkeep
|turn|9
|
|t:|1769362973
|move|p2a: Kingambit|Iron Head|p1a: Garganacl
|-supereffective|p1a: Garganacl
|-damage|p1a: Garganacl|20/100
|move|p1a: Garganacl|Salt Cure|p2a: Kingambit
|-resisted|p2a: Kingambit
|-damage|p2a: Kingambit|95/100
|-start|p2a: Kingambit|Salt Cure
|
|-heal|p2a: Kingambit|100/100|[from] item: Leftovers
|-heal|p1a: Garganacl|26/100|[from] item: Leftovers
|-damage|p2a: Kingambit|76/100|[from] Salt Cure
|upkeep
|turn|10
|
|t:|1769362979
|-end|p2a: Kingambit|fallen1|[silent]
|switch|p2a: Polteageist|Polteageist|7/100
|move|p1a: Garganacl|Recover|p1a: Garganacl
|-heal|p1a: Garganacl|76/100
|
|-heal|p1a: Garganacl|82/100|[from] item: Leftovers
|upkeep
|turn|11
|
|t:|1769362983
|move|p2a: Polteageist|Strength Sap|p1a: Garganacl
|-unboost|p1a: Garganacl|atk|1
|-heal|p2a: Polteageist|80/100
|move|p1a: Garganacl|Salt Cure|p2a: Polteageist
|-damage|p2a: Polteageist|68/100
|-start|p2a: Polteageist|Salt Cure
|-start|p1a: Garganacl|Disable|Salt Cure|[from] ability: Cursed Body|[of] p2a: Polteageist
|
|-heal|p1a: Garganacl|88/100|[from] item: Leftovers
|-damage|p2a: Polteageist|56/100|[from] Salt Cure
|upkeep
|turn|12
|
|t:|1769362994
|switch|p2a: Raging Bolt|Raging Bolt|100/100
|-enditem|p2a: Raging Bolt|Booster Energy
|-activate|p2a: Raging Bolt|ability: Protosynthesis|[fromitem]
|-start|p2a: Raging Bolt|protosynthesisspa
|switch|p1a: Alomomola|Alomomola, F|100/100
|
|upkeep
|turn|13
|
|t:|1769362999
|move|p2a: Raging Bolt|Thunderbolt|p1a: Alomomola
|-supereffective|p1a: Alomomola
|-damage|p1a: Alomomola|31/100
|move|p1a: Alomomola|Mirror Coat|p2a: Raging Bolt
|-damage|p2a: Raging Bolt|0 fnt
|faint|p2a: Raging Bolt
|-end|p2a: Raging Bolt|Protosynthesis|[silent]
|
|upkeep
|
|t:|1769363003
|switch|p2a: Polteageist|Polteageist|56/100
|turn|14
|
|t:|1769363009
|move|p2a: Polteageist|Strength Sap|p1a: Alomomola
|-unboost|p1a: Alomomola|atk|1
|-heal|p2a: Polteageist|100/100
|move|p1a: Alomomola|Alluring Voice|p2a: Polteageist
|-damage|p2a: Polteageist|92/100
|
|upkeep
|turn|15
|
|t:|1769363018
|switch|p2a: Ninetales|Ninetales-Alola, M|100/100
|-weather|Snowscape|[from] ability: Snow Warning|[of] p2a: Ninetales
|move|p1a: Alomomola|Flip Turn|p2a: Ninetales
|-damage|p2a: Ninetales|90/100
|
|t:|1769363025
|switch|p1a: Slowking|Slowking-Galar, M|100/100|[from] Flip Turn
|
|-weather|Snowscape|[upkeep]
|upkeep
|turn|16
|
|t:|1769363031
|move|p2a: Ninetales|Aurora Veil|p2a: Ninetales
|-sidestart|p2: fadingstrawberry|move: Aurora Veil
|move|p1a: Slowking|Thunder Wave|p2a: Ninetales
|-status|p2a: Ninetales|par
|
|-weather|Snowscape|[upkeep]
|upkeep
|turn|17
|
|t:|1769363036
|cant|p2a: Ninetales|par
|-prepare|p1a: Slowking|Chilly Reception|[premajor]
|move|p1a: Slowking|Chilly Reception|p1a: Slowking
|
|t:|1769363045
|switch|p1a: Alomomola|Alomomola, F|31/100|[from] Chilly Reception
|
|-weather|Snowscape|[upkeep]
|upkeep
|turn|18
|
|t:|1769363049
|switch|p1a: Corviknight|Corviknight, F|20/100
|-ability|p1a: Corviknight|Pressure
|cant|p2a: Ninetales|par
|
|-weather|Snowscape|[upkeep]
|upkeep
|turn|19
|
|t:|1769363051
|move|p2a: Ninetales|Freeze-Dry|p1a: Corviknight
|-damage|p1a: Corviknight|1/100
|move|p1a: Corviknight|Roost|p1a: Corviknight
|-heal|p1a: Corviknight|51/100
|-singleturn|p1a: Corviknight|move: Roost
|
|-weather|none
|upkeep
|turn|20
|
|t:|1769363057
|switch|p2a: Polteageist|Polteageist|92/100
|move|p1a: Corviknight|Roost|p1a: Corviknight
|-heal|p1a: Corviknight|100/100
|-singleturn|p1a: Corviknight|move: Roost
|
|upkeep
|turn|21
|
|t:|1769363066
|move|p2a: Polteageist|Shell Smash|p2a: Polteageist
|-unboost|p2a: Polteageist|def|1
|-unboost|p2a: Polteageist|spd|1
|-boost|p2a: Polteageist|atk|2
|-boost|p2a: Polteageist|spa|2
|-boost|p2a: Polteageist|spe|2
|move|p1a: Corviknight|U-turn|p2a: Polteageist
|-resisted|p2a: Polteageist
|-damage|p2a: Polteageist|86/100
|-start|p1a: Corviknight|Disable|U-turn|[from] ability: Cursed Body|[of] p2a: Polteageist
|
|t:|1769363081
|switch|p1a: Hoopa|Hoopa-Unbound|100/100|[from] U-turn
|
|upkeep
|turn|22
|
|t:|1769363096
|-terastallize|p2a: Polteageist|Fighting
|move|p2a: Polteageist|Tera Blast|p1a: Hoopa|[anim] Tera Blast Fighting
|-damage|p1a: Hoopa|40/100
|move|p1a: Hoopa|Knock Off|p2a: Polteageist
|-resisted|p2a: Polteageist
|-damage|p2a: Polteageist|58/100
|
|upkeep
|turn|23
|
|t:|1769363103
|switch|p1a: Alomomola|Alomomola, F|31/100
|move|p2a: Polteageist|Tera Blast|p1a: Alomomola|[anim] Tera Blast Fighting
|-damage|p1a: Alomomola|0 fnt
|faint|p1a: Alomomola
|
|-sideend|p2: fadingstrawberry|move: Aurora Veil
|upkeep
|
|t:|1769363106
|switch|p1a: Slowking|Slowking-Galar, M|100/100
|turn|24
|
|t:|1769363114
|move|p2a: Polteageist|Shadow Ball|p1a: Slowking
|-supereffective|p1a: Slowking
|-damage|p1a: Slowking|8/100
|move|p1a: Slowking|Psychic Noise|p2a: Polteageist
|-supereffective|p2a: Polteageist
|-damage|p2a: Polteageist|0 fnt
|faint|p2a: Polteageist
|
|upkeep
|
|t:|1769363120
|switch|p2a: Primarina|Primarina, F|100/100
|turn|25
|
|t:|1769363128
|move|p2a: Primarina|Substitute|p2a: Primarina
|-start|p2a: Primarina|Substitute
|-damage|p2a: Primarina|75/100
|move|p1a: Slowking|Thunder Wave||[still]
|-fail|p1a: Slowking
|
|-heal|p2a: Primarina|82/100|[from] item: Leftovers
|upkeep
|turn|26
|
|t:|1769363131
|move|p2a: Primarina|Calm Mind|p2a: Primarina
|-boost|p2a: Primarina|spa|1
|-boost|p2a: Primarina|spd|1
|move|p1a: Slowking|Sludge Bomb|p2a: Primarina
|-supereffective|p2a: Primarina
|-end|p2a: Primarina|Substitute
|
|-heal|p2a: Primarina|88/100|[from] item: Leftovers
|upkeep
|turn|27
|
|t:|1769363136
|move|p2a: Primarina|Substitute|p2a: Primarina
|-start|p2a: Primarina|Substitute
|-damage|p2a: Primarina|63/100
|move|p1a: Slowking|Sludge Bomb|p2a: Primarina
|-supereffective|p2a: Primarina
|-end|p2a: Primarina|Substitute
|
|-heal|p2a: Primarina|69/100|[from] item: Leftovers
|upkeep
|turn|28
|
|t:|1769363140
|move|p2a: Primarina|Draining Kiss|p1a: Slowking
|-resisted|p1a: Slowking
|-damage|p1a: Slowking|0 fnt
|-heal|p2a: Primarina|74/100|[from] drain|[of] p1a: Slowking
|faint|p1a: Slowking
|
|-heal|p2a: Primarina|80/100|[from] item: Leftovers
|upkeep
|
|t:|1769363145
|switch|p1a: Hoopa|Hoopa-Unbound|40/100
|turn|29
|
|t:|1769363153
|move|p1a: Hoopa|Drain Punch|p2a: Primarina
|-resisted|p2a: Primarina
|-damage|p2a: Primarina|61/100
|-heal|p1a: Hoopa|51/100|[from] drain|[of] p2a: Primarina
|move|p2a: Primarina|Draining Kiss|p1a: Hoopa
|-supereffective|p1a: Hoopa
|-damage|p1a: Hoopa|0 fnt
|-heal|p2a: Primarina|93/100|[from] drain|[of] p1a: Hoopa
|faint|p1a: Hoopa
|
|-heal|p2a: Primarina|99/100|[from] item: Leftovers
|upkeep
|
|t:|1769363156
|switch|p1a: Garganacl|Garganacl, M|88/100
|turn|30
|
|t:|1769363162
|move|p2a: Primarina|Substitute|p2a: Primarina
|-start|p2a: Primarina|Substitute
|-damage|p2a: Primarina|74/100
|move|p1a: Garganacl|Salt Cure|p2a: Primarina
|-activate|p2a: Primarina|move: Substitute|[damage]
|
|-heal|p2a: Primarina|80/100|[from] item: Leftovers
|-heal|p1a: Garganacl|94/100|[from] item: Leftovers
|upkeep
|turn|31
|-message|CL IRL forfeited.
|
|win|fadingstrawberry
|raw|CL IRL's rating: 1605 &rarr; <strong>1589</strong><br />(-16 for losing)
|raw|fadingstrawberry's rating: 1670 &rarr; <strong>1686</strong><br />(+16 for winning)
|l|☆CL IRL
|player|p1|
