|j|☆mrpostalman
|j|☆serpico XD
|t:|1769362593
|gametype|singles
|player|p1|mrpostalman|hoopster|1404
|player|p2|serpico XD|blue|1445
|gen|9
|tier|[Gen 9] OU
|rated|
|rule|HP Percentage Mod: HP is shown in percentages
|rule|Endless Battle Clause: Forcing endless battles is banned
|rule|Species Clause: Limit one of each Pokémon
|rule|OHKO Clause: OHKO moves are banned
|rule|Evasion Items Clause: Evasion items are banned
|rule|Evasion Moves Clause: Evasion moves are banned
|rule|Evasion Abilities Clause: Evasion abilities are banned
|rule|Sleep Moves Clause: Sleep-inducing moves are banned
|clearpoke
|poke|p1|Meowscarada, M|
|poke|p1|Indeedee-F, F|
|poke|p1|Garganacl, F|
|poke|p1|Darkrai|
|poke|p1|Glimmora, F|
|poke|p1|Dondozo, M|
|poke|p2|Gholdengo|
|poke|p2|Great Tusk|
|poke|p2|Slowking-Galar, F|
|poke|p2|Landorus-Therian, M|
|poke|p2|Ogerpon-Wellspring, F|
|poke|p2|Iron Valiant|
|teampreview
|inactive|Battle timer is ON: inactive players will automatically lose when time's up. (requested by serpico XD)
|
|t:|1769362616
|teamsize|p1|6
|teamsize|p2|6
|start
|switch|p1a: Indeedee|Indeedee-F, F|100/100
|switch|p2a: Landorus|Landorus-Therian, M, shiny|100/100
|-ability|p2a: Landorus|Intimidate|boost
|-unboost|p1a: Indeedee|atk|1
|-fieldstart|move: Psychic Terrain|[from] ability: Psychic Surge|[of] p1a: Indeedee
|turn|1
|
|t:|1769362628
|move|p2a: Landorus|U-turn|p1a: Indeedee
|-supereffective|p1a: Indeedee
|-damage|p1a: Indeedee|25/100
|-enditem|p1a: Indeedee|Sitrus Berry|[eat]
|-heal|p1a: Indeedee|50/100|[from] item: Sitrus Berry
|
|t:|1769362633
|switch|p2a: Slowking|Slowking-Galar, F|100/100|[from] U-turn
|move|p1a: Indeedee|Reflect|p1a: Indeedee
|-sidestart|p1: mrpostalman|Reflect
|
|upkeep
|turn|2
|
|t:|1769362639
|move|p1a: Indeedee|Light Screen|p1a: Indeedee
|-sidestart|p1: mrpostalman|move: Light Screen
|move|p2a: Slowking|Future Sight|p1a: Indeedee
|-start|p2a: Slowking|move: Future Sight
|
|upkeep
|turn|3
|
|t:|1769362644
|move|p1a: Indeedee|Body Slam|p2a: Slowking
|-damage|p2a: Slowking|89/100
|move|p2a: Slowking|Sludge Wave|p1a: Indeedee
|-damage|p1a: Indeedee|32/100
|
|upkeep
|turn|4
|
|t:|1769362654
|switch|p2a: Gholdengo|Gholdengo|100/100
|move|p1a: Indeedee|Body Slam|p2a: Gholdengo
|-immune|p2a: Gholdengo
|
|-end|p1a: Indeedee|move: Future Sight
|-resisted|p1a: Indeedee
|-damage|p1a: Indeedee|17/100
|upkeep
|turn|5
|
|t:|1769362668
|switch|p1a: Darkrai|Darkrai|100/100
|move|p2a: Gholdengo|Make It Rain|p1a: Darkrai
|-damage|p1a: Darkrai|61/100
|-unboost|p2a: Gholdengo|spa|1
|
|-sideend|p1: mrpostalman|Reflect
|-fieldend|move: Psychic Terrain
|upkeep
|turn|6
|
|t:|1769362684
|switch|p2a: Great Tusk|Great Tusk|100/100
|move|p1a: Darkrai|Blizzard|p2a: Great Tusk|[miss]
|-miss|p1a: Darkrai|p2a: Great Tusk
|
|-sideend|p1: mrpostalman|move: Light Screen
|upkeep
|turn|7
|
|t:|1769362692
|move|p1a: Darkrai|Blizzard|p2a: Great Tusk
|-supereffective|p2a: Great Tusk
|-damage|p2a: Great Tusk|0 fnt
|faint|p2a: Great Tusk
|-end|p2a: Great Tusk|Protosynthesis|[silent]
|
|upkeep
|
|t:|1769362695
|switch|p2a: Ogerpon|Ogerpon-Wellspring, F|100/100
|turn|8
|
|t:|1769362704
|switch|p1a: Indeedee|Indeedee-F, F|17/100
|-fieldstart|move: Psychic Terrain|[from] ability: Psychic Surge|[of] p1a: Indeedee
|move|p2a: Ogerpon|U-turn|p1a: Indeedee
|-supereffective|p1a: Indeedee
|-damage|p1a: Indeedee|0 fnt
|faint|p1a: Indeedee
|
|t:|1769362710
|switch|p2a: Gholdengo|Gholdengo|100/100|[from] U-turn
|
|upkeep
|
|t:|1769362715
|switch|p1a: Darkrai|Darkrai|61/100
|turn|9
|
|t:|1769362719
|move|p2a: Gholdengo|Make It Rain|p1a: Darkrai
|-damage|p1a: Darkrai|0 fnt
|-unboost|p2a: Gholdengo|spa|1
|faint|p1a: Darkrai
|
|upkeep
|
|t:|1769362734
|switch|p1a: Meowscarada|Meowscarada, M|100/100
|turn|10
|
|t:|1769362740
|switch|p2a: Landorus|Landorus-Therian, M, shiny|100/100
|-ability|p2a: Landorus|Intimidate|boost
|-unboost|p1a: Meowscarada|atk|1
|move|p1a: Meowscarada|Hone Claws|p1a: Meowscarada
|-boost|p1a: Meowscarada|atk|1
|-boost|p1a: Meowscarada|accuracy|1
|
|upkeep
|turn|11
|
|t:|1769362748
|-terastallize|p2a: Landorus|Water
|move|p1a: Meowscarada|Triple Axel|p2a: Landorus
|-resisted|p2a: Landorus
|-damage|p2a: Landorus|97/100
|-resisted|p2a: Landorus
|-damage|p2a: Landorus|90/100
|-resisted|p2a: Landorus
|-damage|p2a: Landorus|79/100
|-hitcount|p2a: Landorus|3
|move|p2a: Landorus|U-turn|p1a: Meowscarada
|-supereffective|p1a: Meowscarada
|-enditem|p1a: Meowscarada|Focus Sash
|-damage|p1a: Meowscarada|1/100
|
|t:|1769362755
|switch|p2a: Gholdengo|Gholdengo|100/100|[from] U-turn
|
|upkeep
|turn|12
|
|t:|1769362775
|move|p2a: Gholdengo|Shadow Ball|p1a: Meowscarada
|-resisted|p1a: Meowscarada
|-crit|p1a: Meowscarada
|-damage|p1a: Meowscarada|0 fnt
|faint|p1a: Meowscarada
|
|-fieldend|move: Psychic Terrain
|upkeep
|
|t:|1769362787
|switch|p1a: Dondozo|Dondozo, M|100/100
|turn|13
|
|t:|1769362797
|switch|p2a: Ogerpon|Ogerpon-Wellspring, F|100/100
|-terastallize|p1a: Dondozo|Dark
|move|p1a: Dondozo|Curse|p1a: Dondozo
|-unboost|p1a: Dondozo|spe|1
|-boost|p1a: Dondozo|atk|1
|-boost|p1a: Dondozo|def|1
|
|upkeep
|turn|14
|
|t:|1769362809
|move|p2a: Ogerpon|Knock Off|p1a: Dondozo
|-resisted|p1a: Dondozo
|-damage|p1a: Dondozo|95/100
|-enditem|p1a: Dondozo|Heavy-Duty Boots|[from] move: Knock Off|[of] p2a: Ogerpon
|move|p1a: Dondozo|Body Press|p2a: Ogerpon
|-damage|p2a: Ogerpon|44/100
|
|upkeep
|turn|15
|
|t:|1769362818
|move|p2a: Ogerpon|U-turn|p1a: Dondozo
|-supereffective|p1a: Dondozo
|-damage|p1a: Dondozo|78/100
|
|t:|1769362821
|switch|p2a: Gholdengo|Gholdengo|100/100|[from] U-turn
|move|p1a: Dondozo|Curse|p1a: Dondozo
|-unboost|p1a: Dondozo|spe|1
|-boost|p1a: Dondozo|atk|1
|-boost|p1a: Dondozo|def|1
|
|upkeep
|turn|16
|
|t:|1769362830
|move|p2a: Gholdengo|Trick|p1a: Dondozo
|-activate|p2a: Gholdengo|move: Trick|[of] p1a: Dondozo
|-item|p1a: Dondozo|Choice Scarf|[from] move: Trick
|-enditem|p2a: Gholdengo|Choice Scarf|[silent]|[from] move: Trick
|move|p1a: Dondozo|Crunch|p2a: Gholdengo
|-supereffective|p2a: Gholdengo
|-damage|p2a: Gholdengo|0 fnt
|faint|p2a: Gholdengo
|
|upkeep
|
|t:|1769362838
|switch|p2a: Iron Valiant|Iron Valiant, shiny|100/100
|-enditem|p2a: Iron Valiant|Booster Energy
|-activate|p2a: Iron Valiant|ability: Quark Drive|[fromitem]
|-start|p2a: Iron Valiant|quarkdrivespe
|turn|17
|
|t:|1769362849
|move|p2a: Iron Valiant|Aura Sphere|p1a: Dondozo
|-supereffective|p1a: Dondozo
|-damage|p1a: Dondozo|8/100
|move|p1a: Dondozo|Crunch|p2a: Iron Valiant
|-resisted|p2a: Iron Valiant
|-damage|p2a: Iron Valiant|82/100
|
|upkeep
|turn|18
|
|t:|1769362857
|move|p2a: Iron Valiant|Aura Sphere|p1a: Dondozo
|-supereffective|p1a: Dondozo
|-damage|p1a: Dondozo|0 fnt
|faint|p1a: Dondozo
|
|upkeep
|
|t:|1769362863
|switch|p1a: Glimmora|Glimmora, F|100/100
|turn|19
|
|t:|1769362872
|-end|p2a: Iron Valiant|Quark Drive|[silent]
|switch|p2a: Slowking|Slowking-Galar, F|100/100
|move|p1a: Glimmora|Mortal Spin|p2a: Slowking
|-resisted|p2a: Slowking
|-damage|p2a: Slowking|97/100
|
|upkeep
|turn|20
|
|t:|1769362880
|move|p1a: Glimmora|Stealth Rock|p2a: Slowking
|-sidestart|p2: serpico XD|move: Stealth Rock
|move|p2a: Slowking|Future Sight|p1a: Glimmora
|-start|p2a: Slowking|move: Future Sight
|
|upkeep
|turn|21
|
|t:|1769362885
|move|p1a: Glimmora|Spikes|p2a: Slowking
|-sidestart|p2: serpico XD|Spikes
|move|p2a: Slowking|Ice Beam|p1a: Glimmora
|-damage|p1a: Glimmora|67/100
|
|upkeep
|turn|22
|
|t:|1769362896
|switch|p2a: Landorus|Landorus-Therian, M, shiny, tera:Water|79/100
|-damage|p2a: Landorus|67/100|[from] Stealth Rock
|-damage|p2a: Landorus|55/100|[from] Spikes
|-ability|p2a: Landorus|Intimidate|boost
|-unboost|p1a: Glimmora|atk|1
|move|p1a: Glimmora|Spikes|p2a: Landorus
|-sidestart|p2: serpico XD|Spikes
|
|-end|p1a: Glimmora|move: Future Sight
|-supereffective|p1a: Glimmora
|-damage|p1a: Glimmora|0 fnt
|faint|p1a: Glimmora
|-heal|p2a: Landorus|61/100|[from] item: Leftovers
|upkeep
|
|t:|1769362910
|switch|p1a: Garganacl|Garganacl, F|100/100
|turn|23
|
|t:|1769362922
|move|p2a: Landorus|Earthquake|p1a: Garganacl
|-supereffective|p1a: Garganacl
|-damage|p1a: Garganacl|24/100
|move|p1a: Garganacl|Thunder Punch|p2a: Landorus
|-supereffective|p2a: Landorus
|-damage|p2a: Landorus|0 fnt
|faint|p2a: Landorus
|
|upkeep
|-message|mrpostalman forfeited.
|
|win|serpico XD
|raw|mrpostalman's rating: 1404 &rarr; <strong>1386</strong><br />(-18 for losing)
|raw|serpico XD's rating: 1445 &rarr; <strong>1463</strong><br />(+18 for winning)
|l|☆mrpostalman
|player|p1|
|l|☆serpico XD
|player|p2|
