|j|☆big bod3
|j|☆zookarwm
|t:|1769405415
|gametype|singles
|player|p1|big bod3|marshal|1045
|player|p2|zookarwm|266|1031
|gen|9
|tier|[Gen 9] OU
|rated|
|rule|HP Percentage Mod: HP is shown in percentages
|rule|Endless Battle Clause: Forcing endless battles is banned
|rule|Species Clause: Limit one of each Pokémon
|rule|OHKO Clause: OHKO moves are banned
|rule|Evasion Items Clause: Evasion items are banned
|rule|Evasion Moves Clause: Evasion moves are banned
|rule|Evasion Abilities Clause: Evasion abilities are banned
|rule|Sleep Moves Clause: Sleep-inducing moves are banned
|clearpoke
|poke|p1|Glalie, F|
|poke|p1|Appletun, F|
|poke|p1|Galvantula, M|
|poke|p1|Palossand, F|
|poke|p1|Yanmega, F|
|poke|p1|Arboliva, M|
|poke|p2|Cloyster, F|
|poke|p2|Gliscor, F|
|poke|p2|Forretress, M|
|poke|p2|Great Tusk|
|poke|p2|Salamence, M|
|poke|p2|Dragapult, F|
|teampreview
|
|t:|1769405419
|teamsize|p1|6
|teamsize|p2|6
|start
|switch|p1a: ᛏᚷYaneem|Yanmega, F, shiny|100/100
|switch|p2a: Forretress|Forretress, M|100/100
|turn|1
|
|t:|1769405429
|move|p1a: ᛏᚷYaneem|Air Slash|p2a: Forretress
|-damage|p2a: Forretress|38/100
|move|p2a: Forretress|Stealth Rock|p1a: ᛏᚷYaneem
|-sidestart|p1: big bod3|move: Stealth Rock
|
|-ability|p1a: ᛏᚷYaneem|Speed Boost|boost
|-boost|p1a: ᛏᚷYaneem|spe|1
|upkeep
|turn|2
|
|t:|1769405437
|move|p1a: ᛏᚷYaneem|Air Slash|p2a: Forretress
|-damage|p2a: Forretress|0 fnt
|faint|p2a: Forretress
|
|-ability|p1a: ᛏᚷYaneem|Speed Boost|boost
|-boost|p1a: ᛏᚷYaneem|spe|1
|upkeep
|
|t:|1769405447
|switch|p2a: Cloyster|Cloyster, F|100/100
|turn|3
|
|t:|1769405466
|switch|p1a: ᛃᛖᛚpalo|Palossand, F, shiny|100/100
|-damage|p1a: ᛃᛖᛚpalo|94/100|[from] Stealth Rock
|move|p2a: Cloyster|Icicle Spear|p1a: ᛃᛖᛚpalo
|-supereffective|p1a: ᛃᛖᛚpalo
|-damage|p1a: ᛃᛖᛚpalo|75/100
|-supereffective|p1a: ᛃᛖᛚpalo
|-damage|p1a: ᛃᛖᛚpalo|59/100
|-supereffective|p1a: ᛃᛖᛚpalo
|-damage|p1a: ᛃᛖᛚpalo|42/100
|-supereffective|p1a: ᛃᛖᛚpalo
|-damage|p1a: ᛃᛖᛚpalo|23/100
|-supereffective|p1a: ᛃᛖᛚpalo
|-damage|p1a: ᛃᛖᛚpalo|3/100
|-hitcount|p1a: ᛃᛖᛚpalo|5
|
|-heal|p1a: ᛃᛖᛚpalo|10/100|[from] item: Leftovers
|upkeep
|turn|4
|
|t:|1769405489
|move|p2a: Cloyster|Shell Smash|p2a: Cloyster
|-unboost|p2a: Cloyster|def|1
|-unboost|p2a: Cloyster|spd|1
|-boost|p2a: Cloyster|atk|2
|-boost|p2a: Cloyster|spa|2
|-boost|p2a: Cloyster|spe|2
|move|p1a: ᛃᛖᛚpalo|Chilling Water|p2a: Cloyster
|-resisted|p2a: Cloyster
|-damage|p2a: Cloyster|68/100
|-unboost|p2a: Cloyster|atk|1
|
|-heal|p1a: ᛃᛖᛚpalo|16/100|[from] item: Leftovers
|upkeep
|turn|5
|
|t:|1769405507
|move|p2a: Cloyster|Icicle Spear|p1a: ᛃᛖᛚpalo
|-supereffective|p1a: ᛃᛖᛚpalo
|-damage|p1a: ᛃᛖᛚpalo|0 fnt
|faint|p1a: ᛃᛖᛚpalo
|-hitcount|p1: ᛃᛖᛚpalo|1
|
|upkeep
|
|t:|1769405510
|switch|p1a: ᛁᛝᛃSnotur|Glalie, F, shiny|100/100
|-damage|p1a: ᛁᛝᛃSnotur|75/100|[from] Stealth Rock
|turn|6
|
|t:|1769405516
|-terastallize|p1a: ᛁᛝᛃSnotur|Ice
|move|p2a: Cloyster|Rock Blast|p1a: ᛁᛝᛃSnotur
|-supereffective|p1a: ᛁᛝᛃSnotur
|-damage|p1a: ᛁᛝᛃSnotur|52/100
|-supereffective|p1a: ᛁᛝᛃSnotur
|-damage|p1a: ᛁᛝᛃSnotur|29/100
|-supereffective|p1a: ᛁᛝᛃSnotur
|-damage|p1a: ᛁᛝᛃSnotur|6/100
|-supereffective|p1a: ᛁᛝᛃSnotur
|-damage|p1a: ᛁᛝᛃSnotur|0 fnt
|faint|p1a: ᛁᛝᛃSnotur
|-hitcount|p1: ᛁᛝᛃSnotur|4
|
|upkeep
|
|t:|1769405526
|switch|p1a: ᚱᛇGal|Galvantula, M, shiny|100/100
|-damage|p1a: ᚱᛇGal|76/100|[from] Stealth Rock
|-item|p1a: ᚱᛇGal|Air Balloon
|turn|7
|
|t:|1769405532
|move|p2a: Cloyster|Icicle Spear|p1a: ᚱᛇGal
|-damage|p1a: ᚱᛇGal|45/100
|-enditem|p1a: ᚱᛇGal|Air Balloon
|-damage|p1a: ᚱᛇGal|14/100
|-damage|p1a: ᚱᛇGal|0 fnt
|faint|p1a: ᚱᛇGal
|-hitcount|p1: ᚱᛇGal|3
|
|upkeep
|
|t:|1769405544
|switch|p1a: ᛃᛟArbolive|Arboliva, M|100/100
|-damage|p1a: ᛃᛟArbolive|88/100|[from] Stealth Rock
|turn|8
|
|t:|1769405549
|move|p2a: Cloyster|Icicle Spear|p1a: ᛃᛟArbolive
|-supereffective|p1a: ᛃᛟArbolive
|-damage|p1a: ᛃᛟArbolive|55/100
|-fieldstart|move: Grassy Terrain|[from] ability: Seed Sower|[of] p1a: ᛃᛟArbolive
|-supereffective|p1a: ᛃᛟArbolive
|-damage|p1a: ᛃᛟArbolive|22/100
|-supereffective|p1a: ᛃᛟArbolive
|-damage|p1a: ᛃᛟArbolive|0 fnt
|faint|p1a: ᛃᛟArbolive
|-hitcount|p1: ᛃᛟArbolive|3
|
|-heal|p2a: Cloyster|74/100|[from] Grassy Terrain
|upkeep
|
|t:|1769405553
|switch|p1a: ᛟᚷᛃWitchfruit|Appletun, F|100/100
|-damage|p1a: ᛟᚷᛃWitchfruit|88/100|[from] Stealth Rock
|turn|9
|
|t:|1769405562
|move|p2a: Cloyster|Icicle Spear|p1a: ᛟᚷᛃWitchfruit
|-supereffective|p1a: ᛟᚷᛃWitchfruit
|-damage|p1a: ᛟᚷᛃWitchfruit|56/100
|-supereffective|p1a: ᛟᚷᛃWitchfruit
|-damage|p1a: ᛟᚷᛃWitchfruit|24/100
|-supereffective|p1a: ᛟᚷᛃWitchfruit
|-damage|p1a: ᛟᚷᛃWitchfruit|0 fnt
|faint|p1a: ᛟᚷᛃWitchfruit
|-hitcount|p1: ᛟᚷᛃWitchfruit|3
|
|-heal|p2a: Cloyster|81/100|[from] Grassy Terrain
|upkeep
|
|t:|1769405568
|switch|p1a: ᛏᚷYaneem|Yanmega, F, shiny|100/100
|-damage|p1a: ᛏᚷYaneem|50/100|[from] Stealth Rock
|turn|10
|
|t:|1769405574
|move|p2a: Cloyster|Icicle Spear|p1a: ᛏᚷYaneem
|-supereffective|p1a: ᛏᚷYaneem
|-damage|p1a: ᛏᚷYaneem|20/100
|-supereffective|p1a: ᛏᚷYaneem
|-damage|p1a: ᛏᚷYaneem|0 fnt
|faint|p1a: ᛏᚷYaneem
|-hitcount|p1: ᛏᚷYaneem|2
|
|win|zookarwm
|raw|big bod3's rating: 1045 &rarr; <strong>1028</strong><br />(-17 for losing)
|raw|zookarwm's rating: 1031 &rarr; <strong>1068</strong><br />(+37 for winning)
|l|☆zookarwm
|player|p2|
|c|☆big bod3|Ur badge
|c|☆big bod3|✨️☀️✨️
