|j|☆patchworrk
|j|☆z13l
|t:|1769298613
|gametype|singles
|player|p1|patchworrk|rosa|1218
|player|p2|z13l|dancer|1208
|gen|9
|tier|[Gen 9] OU
|rated|
|rule|HP Percentage Mod: HP is shown in percentages
|rule|Endless Battle Clause: Forcing endless battles is banned
|rule|Species Clause: Limit one of each Pokémon
|rule|OHKO Clause: OHKO moves are banned
|rule|Evasion Items Clause: Evasion items are banned
|rule|Evasion Moves Clause: Evasion moves are banned
|rule|Evasion Abilities Clause: Evasion abilities are banned
|rule|Sleep Moves Clause: Sleep-inducing moves are banned
|clearpoke
|poke|p1|Hatterene, F|
|poke|p1|Garganacl, M|
|poke|p1|Iron Moth|
|poke|p1|Iron Treads|
|poke|p1|Dragapult, M|
|poke|p1|Meowscarada, M|
|poke|p2|Indeedee, M|
|poke|p2|Ninetales-Alola, M|
|poke|p2|Kyurem|
|poke|p2|Torkoal, F|
|poke|p2|Walking Wake|
|poke|p2|Ceruledge, F|
|teampreview
|
|t:|1769298620
|teamsize|p1|6
|teamsize|p2|6
|start
|switch|p1a: golden wind|Dragapult, M, shiny|100/100
|switch|p2a: hehe|Ninetales-Alola, M|100/100
|-weather|Snowscape|[from] ability: Snow Warning|[of] p2a: hehe
|turn|1
|
|t:|1769298638
|switch|p1a: hivemind|Iron Moth|100/100
|-enditem|p1a: hivemind|Booster Energy
|-activate|p1a: hivemind|ability: Quark Drive|[fromitem]
|-start|p1a: hivemind|quarkdrivespa
|move|p2a: hehe|Aurora Veil|p2a: hehe
|-sidestart|p2: z13l|move: Aurora Veil
|
|-weather|Snowscape|[upkeep]
|upkeep
|turn|2
|
|t:|1769298654
|switch|p2a: turtwing|Torkoal, F|100/100
|-weather|SunnyDay|[from] ability: Drought|[of] p2a: turtwing
|move|p1a: hivemind|Fiery Dance|p2a: turtwing
|-resisted|p2a: turtwing
|-damage|p2a: turtwing|70/100
|
|-weather|SunnyDay|[upkeep]
|upkeep
|turn|3
|
|t:|1769298678
|move|p1a: hivemind|Sludge Wave|p2a: turtwing
|-damage|p2a: turtwing|25/100
|move|p2a: turtwing|Stealth Rock|p1a: hivemind
|-sidestart|p1: patchworrk|move: Stealth Rock
|
|-weather|SunnyDay|[upkeep]
|upkeep
|turn|4
|
|t:|1769298716
|switch|p2a: purplewins|Indeedee, M|100/100
|-fieldstart|move: Psychic Terrain|[from] ability: Psychic Surge|[of] p2a: purplewins
|move|p1a: hivemind|Sludge Wave|p2a: purplewins
|-damage|p2a: purplewins|63/100
|
|-weather|SunnyDay|[upkeep]
|upkeep
|turn|5
|
|t:|1769298730
|-end|p1a: hivemind|Quark Drive|[silent]
|switch|p1a: golden wind|Dragapult, M, shiny|100/100
|-damage|p1a: golden wind|88/100|[from] Stealth Rock
|move|p2a: purplewins|Expanding Force|p1a: golden wind
|-damage|p1a: golden wind|16/100
|
|-weather|SunnyDay|[upkeep]
|upkeep
|turn|6
|inactive|Battle timer is ON: inactive players will automatically lose when time's up. (requested by patchworrk)
|
|t:|1769298810
|move|p1a: golden wind|U-turn|p2a: purplewins
|-supereffective|p2a: purplewins
|-damage|p2a: purplewins|28/100
|
|t:|1769298819
|switch|p1a: phantom thief|Meowscarada, M, shiny|100/100|[from] U-turn
|move|p2a: purplewins|Expanding Force|p1a: phantom thief
|-immune|p1a: phantom thief
|
|-weather|SunnyDay|[upkeep]
|upkeep
|turn|7
|
|t:|1769298828
|move|p1a: phantom thief|Sucker Punch||[still]
|-fail|p1a: phantom thief
|move|p2a: purplewins|Healing Wish|p2a: purplewins
|faint|p2a: purplewins
|
|-weather|SunnyDay|[upkeep]
|upkeep
|inactive|z13l has 120 seconds left.
|inactive|z13l has 90 seconds left.
|inactive|z13l has 60 seconds left.
|inactive|z13l has 30 seconds left.
|inactive|z13l has 20 seconds left.
|inactive|z13l has 15 seconds left.
|inactive|z13l has 10 seconds left.
|inactive|z13l has 5 seconds left.
|
|t:|1769298975
|switch|p2a: hehe|Ninetales-Alola, M|100/100
|-weather|Snowscape|[from] ability: Snow Warning|[of] p2a: hehe
|turn|8
|inactive|z13l has 20 seconds left this turn.
|inactive|patchworrk has 120 seconds left.
|
|t:|1769299008
|switch|p1a: hivemind|Iron Moth|100/100
|-damage|p1a: hivemind|76/100|[from] Stealth Rock
|move|p2a: hehe|Moonblast|p1a: hivemind
|-resisted|p1a: hivemind
|-damage|p1a: hivemind|69/100
|
|-weather|Snowscape|[upkeep]
|-sideend|p2: z13l|move: Aurora Veil
|upkeep
|turn|9
|inactive|z13l has 30 seconds left this turn.
|inactive|patchworrk has 120 seconds left.
|
|t:|1769299023
|move|p1a: hivemind|Sludge Wave|p2a: hehe
|-supereffective|p2a: hehe
|-damage|p2a: hehe|0 fnt
|faint|p2a: hehe
|
|-weather|Snowscape|[upkeep]
|upkeep
|inactive|z13l has 30 seconds left.
|
|t:|1769299029
|switch|p2a: turtwing|Torkoal, F|25/100
|-heal|p2a: turtwing|100/100|[from] move: Healing Wish
|-weather|SunnyDay|[from] ability: Drought|[of] p2a: turtwing
|turn|10
|inactive|z13l has 30 seconds left.
|inactive|z13l has 20 seconds left.
|inactive|z13l has 15 seconds left.
|inactive|z13l has 10 seconds left.
|inactive|z13l has 5 seconds left.
|-message|z13l lost due to inactivity.
|
|win|patchworrk
|raw|patchworrk's rating: 1218 &rarr; <strong>1242</strong><br />(+24 for winning)
|raw|z13l's rating: 1208 &rarr; <strong>1184</strong><br />(-24 for losing)
