|j|☆sableye555
|j|☆mimiqt314
|t:|1769322375
|gametype|singles
|player|p1|sableye555|gentleman-gen4|1434
|player|p2|mimiqt314|265|1508
|gen|9
|tier|[Gen 9] OU
|rated|
|rule|HP Percentage Mod: HP is shown in percentages
|rule|Endless Battle Clause: Forcing endless battles is banned
|rule|Species Clause: Limit one of each Pokémon
|rule|OHKO Clause: OHKO moves are banned
|rule|Evasion Items Clause: Evasion items are banned
|rule|Evasion Moves Clause: Evasion moves are banned
|rule|Evasion Abilities Clause: Evasion abilities are banned
|rule|Sleep Moves Clause: Sleep-inducing moves are banned
|clearpoke
|poke|p1|Slowking-Galar, M|
|poke|p1|Lokix, M|
|poke|p1|Ogerpon-Wellspring, F|
|poke|p1|Cinderace, F|
|poke|p1|Garganacl, M|
|poke|p1|Ditto|
|poke|p2|Gholdengo|
|poke|p2|Dragonite, F|
|poke|p2|Raging Bolt|
|poke|p2|Great Tusk|
|poke|p2|Iron Valiant|
|poke|p2|Ting-Lu|
|teampreview
|inactive|Battle timer is ON: inactive players will automatically lose when time's up. (requested by mimiqt314)
|inactive|sableye555 also wants the timer to be on.
|
|t:|1769322396
|teamsize|p1|6
|teamsize|p2|6
|start
|switch|p1a: BigXthaBug|Lokix, M|100/100
|switch|p2a: Great Neck|Raging Bolt|100/100
|turn|1
|
|t:|1769322402
|-terastallize|p1a: BigXthaBug|Bug
|move|p1a: BigXthaBug|U-turn|p2a: Great Neck
|-damage|p2a: Great Neck|47/100
|
|t:|1769322408
|switch|p1a: Garganacl|Garganacl, M|100/100|[from] U-turn
|move|p2a: Great Neck|Draco Meteor|p1a: Garganacl
|-damage|p1a: Garganacl|28/100
|-unboost|p2a: Great Neck|spa|2
|
|-heal|p1a: Garganacl|34/100|[from] item: Leftovers
|upkeep
|turn|2
|inactive|mimiqt314 has 120 seconds left.
|inactive|mimiqt314 has 90 seconds left.
|
|t:|1769322480
|switch|p1a: Slowking|Slowking-Galar, M, shiny|100/100
|move|p2a: Great Neck|Draco Meteor|p1a: Slowking
|-damage|p1a: Slowking|59/100
|-unboost|p2a: Great Neck|spa|2
|
|-heal|p1a: Slowking|65/100|[from] item: Leftovers
|upkeep
|turn|3
|
|t:|1769322487
|-end|p2a: Great Neck|Protosynthesis|[silent]
|switch|p2a: Ting-Lu|Ting-Lu|100/100
|-ability|p2a: Ting-Lu|Vessel of Ruin
|move|p1a: Slowking|Toxic|p2a: Ting-Lu
|-status|p2a: Ting-Lu|tox
|
|-heal|p1a: Slowking|71/100|[from] item: Leftovers
|-damage|p2a: Ting-Lu|94/100 tox|[from] psn
|upkeep
|turn|4
|inactive|mimiqt314 has 90 seconds left.
|
|t:|1769322524
|switch|p1a: Ogerpon|Ogerpon-Wellspring, F|100/100
|move|p2a: Ting-Lu|Stealth Rock|p1a: Ogerpon
|-sidestart|p1: sableye555|move: Stealth Rock
|
|-heal|p2a: Ting-Lu|100/100 tox|[from] item: Leftovers
|-damage|p2a: Ting-Lu|88/100 tox|[from] psn
|upkeep
|turn|5
|inactive|mimiqt314 has 60 seconds left.
|
|t:|1769322557
|move|p1a: Ogerpon|Ivy Cudgel|p2a: Ting-Lu|[anim] Ivy Cudgel Water
|-supereffective|p2a: Ting-Lu
|-crit|p2a: Ting-Lu
|-damage|p2a: Ting-Lu|0 fnt
|faint|p2a: Ting-Lu
|
|upkeep
|
|t:|1769322574
|switch|p2a: Great Neck|Raging Bolt|47/100
|turn|6
|
|t:|1769322579
|move|p2a: Great Neck|Thunderclap|p1a: Ogerpon
|-damage|p1a: Ogerpon|33/100
|move|p1a: Ogerpon|Low Kick|p2a: Great Neck
|-damage|p2a: Great Neck|6/100
|
|upkeep
|turn|7
|
|t:|1769322600
|switch|p1a: Garganacl|Garganacl, M|34/100
|-damage|p1a: Garganacl|22/100|[from] Stealth Rock
|-end|p2a: Great Neck|Protosynthesis|[silent]
|switch|p2a: Great Tusk|Great Tusk|100/100
|
|-heal|p1a: Garganacl|28/100|[from] item: Leftovers
|upkeep
|turn|8
|inactive|mimiqt314 has 30 seconds left.
|
|t:|1769322616
|move|p1a: Garganacl|Protect|p1a: Garganacl
|-singleturn|p1a: Garganacl|Protect
|move|p2a: Great Tusk|Close Combat|p1a: Garganacl
|-activate|p1a: Garganacl|move: Protect
|
|-heal|p1a: Garganacl|34/100|[from] item: Leftovers
|upkeep
|turn|9
|
|t:|1769322632
|switch|p1a: Slowking|Slowking-Galar, M, shiny|100/100
|-damage|p1a: Slowking|88/100|[from] Stealth Rock
|move|p2a: Great Tusk|Close Combat|p1a: Slowking
|-resisted|p1a: Slowking
|-damage|p1a: Slowking|75/100
|-unboost|p2a: Great Tusk|def|1
|-unboost|p2a: Great Tusk|spd|1
|
|-heal|p1a: Slowking|81/100|[from] item: Leftovers
|upkeep
|turn|10
|
|t:|1769322650
|switch|p1a: Ogerpon|Ogerpon-Wellspring, F|33/100
|-damage|p1a: Ogerpon|21/100|[from] Stealth Rock
|move|p2a: Great Tusk|Headlong Rush|p1a: Ogerpon
|-resisted|p1a: Ogerpon
|-damage|p1a: Ogerpon|0 fnt
|-unboost|p2a: Great Tusk|def|1
|-unboost|p2a: Great Tusk|spd|1
|faint|p1a: Ogerpon
|
|upkeep
|
|t:|1769322657
|switch|p1a: BigXthaBug|Lokix, M, tera:Bug|100/100
|-damage|p1a: BigXthaBug|76/100|[from] Stealth Rock
|turn|11
|inactive|mimiqt314 has 30 seconds left.
|
|t:|1769322690
|-end|p2a: Great Tusk|Protosynthesis|[silent]
|switch|p2a: Great Neck|Raging Bolt|6/100
|move|p1a: BigXthaBug|U-turn|p2a: Great Neck
|-damage|p2a: Great Neck|0 fnt
|faint|p2a: Great Neck
|-end|p2a: Great Neck|Protosynthesis|[silent]
|
|t:|1769322695
|switch|p1a: Cinderace|Cinderace, F|100/100|[from] U-turn
|
|upkeep
|inactive|mimiqt314 has 30 seconds left.
|
|t:|1769322703
|switch|p2a: Great Tusk|Great Tusk|100/100
|turn|12
|
|t:|1769322711
|move|p1a: Cinderace|Pyro Ball|p2a: Great Tusk
|-damage|p2a: Great Tusk|65/100
|move|p2a: Great Tusk|Headlong Rush|p1a: Cinderace
|-supereffective|p1a: Cinderace
|-damage|p1a: Cinderace|0 fnt
|-unboost|p2a: Great Tusk|def|1
|-unboost|p2a: Great Tusk|spd|1
|faint|p1a: Cinderace
|
|upkeep
|
|t:|1769322716
|switch|p1a: BigXthaBug|Lokix, M, tera:Bug|76/100
|-damage|p1a: BigXthaBug|51/100|[from] Stealth Rock
|turn|13
|
|t:|1769322722
|-end|p2a: Great Tusk|Protosynthesis|[silent]
|switch|p2a: Gholdengo|Gholdengo|100/100
|move|p1a: BigXthaBug|U-turn|p2a: Gholdengo
|-resisted|p2a: Gholdengo
|-damage|p2a: Gholdengo|65/100
|
|t:|1769322728
|switch|p1a: The Blob|Ditto|100/100|[from] U-turn
|-damage|p1a: The Blob|88/100|[from] Stealth Rock
|-transform|p1a: The Blob|p2a: Gholdengo|[from] ability: Imposter
|
|upkeep
|turn|14
|
|t:|1769322733
|switch|p2a: Great Tusk|Great Tusk|65/100
|move|p1a: The Blob|Shadow Ball|p2a: Great Tusk
|-damage|p2a: Great Tusk|23/100
|
|upkeep
|turn|15
|inactive|mimiqt314 has 60 seconds left.
|
|t:|1769322745
|move|p1a: The Blob|Shadow Ball|p2a: Great Tusk
|-damage|p2a: Great Tusk|0 fnt
|faint|p2a: Great Tusk
|-end|p2a: Great Tusk|Protosynthesis|[silent]
|
|upkeep
|
|t:|1769322756
|switch|p2a: Dragonite|Dragonite, F|100/100
|turn|16
|
|t:|1769322769
|switch|p1a: Slowking|Slowking-Galar, M, shiny|100/100
|-damage|p1a: Slowking|88/100|[from] Stealth Rock
|move|p2a: Dragonite|Earthquake|p1a: Slowking
|-supereffective|p1a: Slowking
|-damage|p1a: Slowking|29/100
|
|-heal|p1a: Slowking|35/100|[from] item: Leftovers
|upkeep
|turn|17
|
|t:|1769322777
|switch|p1a: The Blob|Ditto|88/100
|-damage|p1a: The Blob|76/100|[from] Stealth Rock
|-transform|p1a: The Blob|p2a: Dragonite|[from] ability: Imposter
|move|p2a: Dragonite|Earthquake|p1a: The Blob
|-immune|p1a: The Blob
|
|upkeep
|turn|18
|inactive|mimiqt314 has 60 seconds left.
|
|t:|1769322790
|move|p1a: The Blob|Earthquake|p2a: Dragonite
|-immune|p2a: Dragonite
|move|p2a: Dragonite|Outrage|p1a: The Blob
|-supereffective|p1a: The Blob
|-damage|p1a: The Blob|0 fnt
|faint|p1a: The Blob
|
|upkeep
|
|t:|1769322799
|switch|p1a: Garganacl|Garganacl, M|34/100
|-damage|p1a: Garganacl|22/100|[from] Stealth Rock
|turn|19
|
|t:|1769322801
|move|p1a: Garganacl|Protect|p1a: Garganacl
|-singleturn|p1a: Garganacl|Protect
|move|p2a: Dragonite|Outrage|p1a: Garganacl|[from] lockedmove
|-activate|p1a: Garganacl|move: Protect
|
|-heal|p1a: Garganacl|28/100|[from] item: Leftovers
|upkeep
|turn|20
|
|t:|1769322817
|move|p1a: Garganacl|Protect||[still]
|-fail|p1a: Garganacl
|move|p2a: Dragonite|Dragon Dance|p2a: Dragonite
|-boost|p2a: Dragonite|atk|1
|-boost|p2a: Dragonite|spe|1
|
|-heal|p1a: Garganacl|34/100|[from] item: Leftovers
|upkeep
|turn|21
|
|t:|1769322825
|move|p2a: Dragonite|Earthquake|p1a: Garganacl
|-supereffective|p1a: Garganacl
|-damage|p1a: Garganacl|0 fnt
|faint|p1a: Garganacl
|
|upkeep
|-message|sableye555 forfeited.
|
|win|mimiqt314
|raw|sableye555's rating: 1434 &rarr; <strong>1418</strong><br />(-16 for losing)
|raw|mimiqt314's rating: 1508 &rarr; <strong>1524</strong><br />(+16 for winning)
|l|☆sableye555
|player|p1|
