|j|☆St. Saturn
|j|☆hou…♡ooooo~♡
|t:|1769421999
|gametype|singles
|player|p1|St. Saturn|lance|1361
|player|p2|hou…♡ooooo~♡|266|1402
|gen|9
|tier|[Gen 9] OU
|rated|
|rule|HP Percentage Mod: HP is shown in percentages
|rule|Endless Battle Clause: Forcing endless battles is banned
|rule|Species Clause: Limit one of each Pokémon
|rule|OHKO Clause: OHKO moves are banned
|rule|Evasion Items Clause: Evasion items are banned
|rule|Evasion Moves Clause: Evasion moves are banned
|rule|Evasion Abilities Clause: Evasion abilities are banned
|rule|Sleep Moves Clause: Sleep-inducing moves are banned
|clearpoke
|poke|p1|Meowscarada, M|
|poke|p1|Kingambit, M|
|poke|p1|Slowking-Galar, F|
|poke|p1|Moltres|
|poke|p1|Great Tusk|
|poke|p1|Darkrai|
|poke|p2|Wo-Chien|
|poke|p2|Mamoswine, M|
|poke|p2|Okidogi, M|
|poke|p2|Cinderace, M|
|poke|p2|Magnezone|
|poke|p2|Salamence, M|
|teampreview
|inactive|Battle timer is ON: inactive players will automatically lose when time's up. (requested by St. Saturn)
|
|t:|1769422018
|teamsize|p1|6
|teamsize|p2|6
|start
|switch|p1a: Meowscarada|Meowscarada, M|100/100
|switch|p2a: Salamence|Salamence, M|100/100
|-ability|p2a: Salamence|Intimidate|boost
|-unboost|p1a: Meowscarada|atk|1
|turn|1
|
|t:|1769422035
|switch|p2a: Okidogi|Okidogi, M|100/100
|move|p1a: Meowscarada|Triple Axel|p2a: Okidogi
|-start|p1a: Meowscarada|typechange|Ice|[from] ability: Protean
|-damage|p2a: Okidogi|96/100
|-crit|p2a: Okidogi
|-damage|p2a: Okidogi|77/100
|-hitcount|p2a: Okidogi|2
|
|-heal|p2a: Okidogi|83/100|[from] item: Leftovers
|upkeep
|turn|2
|
|t:|1769422059
|switch|p1a: Slowking|Slowking-Galar, F|100/100
|move|p2a: Okidogi|Knock Off|p1a: Slowking
|-supereffective|p1a: Slowking
|-damage|p1a: Slowking|27/100
|-enditem|p1a: Slowking|Assault Vest|[from] move: Knock Off|[of] p2a: Okidogi
|
|-heal|p2a: Okidogi|89/100|[from] item: Leftovers
|upkeep
|turn|3
|
|t:|1769422070
|move|p2a: Okidogi|Knock Off|p1a: Slowking
|-supereffective|p1a: Slowking
|-damage|p1a: Slowking|0 fnt
|faint|p1a: Slowking
|
|-heal|p2a: Okidogi|95/100|[from] item: Leftovers
|upkeep
|
|t:|1769422077
|switch|p1a: Great Tusk|Great Tusk|100/100
|-enditem|p1a: Great Tusk|Booster Energy
|-activate|p1a: Great Tusk|ability: Protosynthesis|[fromitem]
|-start|p1a: Great Tusk|protosynthesisatk
|turn|4
|
|t:|1769422089
|switch|p2a: Salamence|Salamence, M|100/100
|-ability|p2a: Salamence|Intimidate|boost
|-unboost|p1a: Great Tusk|atk|1
|move|p1a: Great Tusk|Rapid Spin|p2a: Salamence
|-damage|p2a: Salamence|84/100
|-boost|p1a: Great Tusk|spe|1
|
|upkeep
|turn|5
|
|t:|1769422099
|switch|p2a: Cinderace|Cinderace, M|100/100
|move|p1a: Great Tusk|Ice Spinner|p2a: Cinderace
|-resisted|p2a: Cinderace
|-damage|p2a: Cinderace|83/100
|
|upkeep
|turn|6
|
|t:|1769422108
|switch|p2a: Salamence|Salamence, M|84/100
|-ability|p2a: Salamence|Intimidate|boost
|-unboost|p1a: Great Tusk|atk|1
|move|p1a: Great Tusk|Headlong Rush|p2a: Salamence
|-immune|p2a: Salamence
|
|upkeep
|turn|7
|
|t:|1769422119
|-end|p1a: Great Tusk|Protosynthesis|[silent]
|switch|p1a: Moltres|Moltres|100/100
|switch|p2a: Wo-Chien|Wo-Chien|100/100
|-ability|p2a: Wo-Chien|Tablets of Ruin
|
|upkeep
|turn|8
|
|t:|1769422127
|switch|p2a: Salamence|Salamence, M|84/100
|-ability|p2a: Salamence|Intimidate|boost
|-unboost|p1a: Moltres|atk|1
|move|p1a: Moltres|Flamethrower|p2a: Salamence
|-resisted|p2a: Salamence
|-damage|p2a: Salamence|64/100
|
|upkeep
|turn|9
|
|t:|1769422136
|move|p2a: Salamence|Air Slash|p1a: Moltres
|-damage|p1a: Moltres|73/100
|cant|p1a: Moltres|flinch
|
|upkeep
|turn|10
|
|t:|1769422146
|move|p2a: Salamence|Air Slash|p1a: Moltres
|-damage|p1a: Moltres|44/100
|move|p1a: Moltres|Hurricane|p2a: Salamence
|-damage|p2a: Salamence|13/100
|-start|p2a: Salamence|confusion
|
|upkeep
|turn|11
|
|t:|1769422155
|-activate|p2a: Salamence|confusion
|move|p2a: Salamence|Air Slash|p1a: Moltres
|-damage|p1a: Moltres|17/100
|cant|p1a: Moltres|flinch
|
|upkeep
|turn|12
|
|t:|1769422161
|-end|p2a: Salamence|confusion
|move|p2a: Salamence|Air Slash|p1a: Moltres
|-damage|p1a: Moltres|0 fnt
|faint|p1a: Moltres
|
|upkeep
|
|t:|1769422169
|switch|p1a: Meowscarada|Meowscarada, M|100/100
|turn|13
|
|t:|1769422184
|move|p1a: Meowscarada|U-turn|p2a: Salamence
|-start|p1a: Meowscarada|typechange|Bug|[from] ability: Protean
|-resisted|p2a: Salamence
|-damage|p2a: Salamence|0 fnt
|faint|p2a: Salamence
|
|t:|1769422193
|switch|p1a: Darkrai|Darkrai|100/100|[from] U-turn
|
|upkeep
|
|t:|1769422202
|switch|p2a: Magnezone|Magnezone|100/100
|turn|14
|
|t:|1769422210
|move|p1a: Darkrai|Dark Pulse|p2a: Magnezone
|-damage|p2a: Magnezone|63/100
|cant|p2a: Magnezone|flinch
|
|upkeep
|turn|15
|
|t:|1769422220
|move|p1a: Darkrai|Dark Pulse|p2a: Magnezone
|-damage|p2a: Magnezone|24/100
|move|p2a: Magnezone|Flash Cannon|p1a: Darkrai
|-damage|p1a: Darkrai|35/100
|
|upkeep
|turn|16
|
|t:|1769422228
|move|p1a: Darkrai|Dark Pulse|p2a: Magnezone
|-damage|p2a: Magnezone|0 fnt
|faint|p2a: Magnezone
|
|upkeep
|
|t:|1769422239
|switch|p2a: Okidogi|Okidogi, M|95/100
|turn|17
|
|t:|1769422251
|switch|p1a: Great Tusk|Great Tusk|100/100
|move|p2a: Okidogi|Bulk Up|p2a: Okidogi
|-boost|p2a: Okidogi|atk|1
|-boost|p2a: Okidogi|def|1
|
|-heal|p2a: Okidogi|100/100|[from] item: Leftovers
|upkeep
|turn|18
|
|t:|1769422262
|-terastallize|p2a: Okidogi|Dark
|move|p1a: Great Tusk|Headlong Rush|p2a: Okidogi
|-damage|p2a: Okidogi|70/100
|-unboost|p1a: Great Tusk|def|1
|-unboost|p1a: Great Tusk|spd|1
|move|p2a: Okidogi|Bulk Up|p2a: Okidogi
|-boost|p2a: Okidogi|atk|1
|-boost|p2a: Okidogi|def|1
|
|-heal|p2a: Okidogi|76/100|[from] item: Leftovers
|upkeep
|turn|19
|
|t:|1769422275
|move|p1a: Great Tusk|Close Combat|p2a: Okidogi
|-supereffective|p2a: Okidogi
|-damage|p2a: Okidogi|32/100
|-unboost|p1a: Great Tusk|def|1
|-unboost|p1a: Great Tusk|spd|1
|move|p2a: Okidogi|Drain Punch|p1a: Great Tusk
|-damage|p1a: Great Tusk|0 fnt
|-heal|p2a: Okidogi|81/100|[from] drain|[of] p1a: Great Tusk
|faint|p1a: Great Tusk
|-end|p1a: Great Tusk|Protosynthesis|[silent]
|
|-heal|p2a: Okidogi|87/100|[from] item: Leftovers
|upkeep
|
|t:|1769422292
|switch|p1a: Darkrai|Darkrai|35/100
|turn|20
|
|t:|1769422299
|-terastallize|p1a: Darkrai|Poison
|move|p1a: Darkrai|Sludge Bomb|p2a: Okidogi
|-damage|p2a: Okidogi|41/100
|move|p2a: Okidogi|Drain Punch|p1a: Darkrai
|-resisted|p1a: Darkrai
|-damage|p1a: Darkrai|0 fnt
|-heal|p2a: Okidogi|54/100|[from] drain|[of] p1a: Darkrai
|faint|p1a: Darkrai
|
|-heal|p2a: Okidogi|60/100|[from] item: Leftovers
|upkeep
|
|t:|1769422309
|switch|p1a: Meowscarada|Meowscarada, M|100/100
|turn|21
|
|t:|1769422316
|move|p1a: Meowscarada|U-turn|p2a: Okidogi
|-start|p1a: Meowscarada|typechange|Bug|[from] ability: Protean
|-supereffective|p2a: Okidogi
|-damage|p2a: Okidogi|36/100
|-message|St. Saturn forfeited.
|
|win|hou…♡ooooo~♡
|raw|St. Saturn's rating: 1361 &rarr; <strong>1342</strong><br />(-19 for losing)
|raw|hou…♡ooooo~♡'s rating: 1378 &rarr; <strong>1397</strong><br />(+19 for winning)
|l|☆St. Saturn
|player|p1|
