|j|☆GrabBalls
|j|☆fawefoiaslh
|t:|1769298965
|gametype|singles
|player|p1|GrabBalls|hoopster|1406
|player|p2|fawefoiaslh|265|1345
|gen|9
|tier|[Gen 9] OU
|rated|
|rule|HP Percentage Mod: HP is shown in percentages
|rule|Endless Battle Clause: Forcing endless battles is banned
|rule|Species Clause: Limit one of each Pokémon
|rule|OHKO Clause: OHKO moves are banned
|rule|Evasion Items Clause: Evasion items are banned
|rule|Evasion Moves Clause: Evasion moves are banned
|rule|Evasion Abilities Clause: Evasion abilities are banned
|rule|Sleep Moves Clause: Sleep-inducing moves are banned
|clearpoke
|poke|p1|Moltres|
|poke|p1|Clefable, F|
|poke|p1|Rillaboom, M|
|poke|p1|Meowscarada, M|
|poke|p1|Iron Treads|
|poke|p1|Gholdengo|
|poke|p2|Kingambit, F|
|poke|p2|Glimmora, M|
|poke|p2|Zamazenta-*|
|poke|p2|Iron Valiant|
|poke|p2|Iron Moth|
|poke|p2|Ogerpon-Wellspring, F|
|teampreview
|inactive|Battle timer is ON: inactive players will automatically lose when time's up. (requested by GrabBalls)
|
|t:|1769298976
|teamsize|p1|6
|teamsize|p2|6
|start
|switch|p1a: Tread Vanvleet|Iron Treads, shiny|100/100
|switch|p2a: Ogerpon|Ogerpon-Wellspring, F|100/100
|turn|1
|
|t:|1769298985
|move|p2a: Ogerpon|Swords Dance|p2a: Ogerpon
|-boost|p2a: Ogerpon|atk|2
|move|p1a: Tread Vanvleet|Stealth Rock|p2a: Ogerpon
|-sidestart|p2: fawefoiaslh|move: Stealth Rock
|
|upkeep
|turn|2
|
|t:|1769298989
|-end|p1a: Tread Vanvleet|Quark Drive|[silent]
|switch|p1a: MF BOOM|Rillaboom, M, shiny|100/100
|-fieldstart|move: Grassy Terrain|[from] ability: Grassy Surge|[of] p1a: MF BOOM
|move|p2a: Ogerpon|Ivy Cudgel|p1a: MF BOOM|[anim] Ivy Cudgel Water
|-resisted|p1a: MF BOOM
|-damage|p1a: MF BOOM|41/100
|
|-heal|p1a: MF BOOM|47/100|[from] Grassy Terrain
|upkeep
|turn|3
|inactive|fawefoiaslh has 120 seconds left.
|
|t:|1769299020
|switch|p2a: Iron Moth|Iron Moth, shiny|100/100
|-damage|p2a: Iron Moth|76/100|[from] Stealth Rock
|-enditem|p2a: Iron Moth|Booster Energy
|-activate|p2a: Iron Moth|ability: Quark Drive|[fromitem]
|-start|p2a: Iron Moth|quarkdrivespe
|move|p1a: MF BOOM|Grassy Glide|p2a: Iron Moth
|-resisted|p2a: Iron Moth
|-damage|p2a: Iron Moth|54/100
|
|-heal|p2a: Iron Moth|60/100|[from] Grassy Terrain
|-heal|p1a: MF BOOM|53/100|[from] Grassy Terrain
|upkeep
|turn|4
|
|t:|1769299026
|switch|p1a: Wade County|Moltres, shiny|100/100
|move|p2a: Iron Moth|Fiery Dance|p1a: Wade County
|-resisted|p1a: Wade County
|-damage|p1a: Wade County|79/100
|
|-heal|p2a: Iron Moth|66/100|[from] Grassy Terrain
|upkeep
|turn|5
|
|t:|1769299035
|move|p2a: Iron Moth|Fiery Dance|p1a: Wade County
|-resisted|p1a: Wade County
|-damage|p1a: Wade County|57/100
|-boost|p2a: Iron Moth|spa|1
|move|p1a: Wade County|Roar|p2a: Iron Moth
|-end|p2a: Iron Moth|Quark Drive|[silent]
|drag|p2a: Kingambit|Kingambit, F, shiny|100/100
|-damage|p2a: Kingambit|94/100|[from] Stealth Rock
|
|-heal|p2a: Kingambit|100/100|[from] Grassy Terrain
|upkeep
|turn|6
|
|t:|1769299045
|-end|p2a: Kingambit|fallenundefined|[silent]
|switch|p2a: Glimmora|Glimmora, M, shiny|100/100
|-damage|p2a: Glimmora|88/100|[from] Stealth Rock
|move|p1a: Wade County|Roost|p1a: Wade County
|-heal|p1a: Wade County|100/100
|-singleturn|p1a: Wade County|move: Roost
|
|-heal|p2a: Glimmora|94/100|[from] Grassy Terrain
|-fieldend|move: Grassy Terrain
|upkeep
|turn|7
|
|t:|1769299053
|switch|p1a: Tread Vanvleet|Iron Treads, shiny|100/100
|move|p2a: Glimmora|Mortal Spin|p1a: Tread Vanvleet
|-immune|p1a: Tread Vanvleet
|
|upkeep
|turn|8
|
|t:|1769299059
|switch|p2a: Ogerpon|Ogerpon-Wellspring, F|100/100
|-damage|p2a: Ogerpon|88/100|[from] Stealth Rock
|move|p1a: Tread Vanvleet|Rapid Spin|p2a: Ogerpon
|-damage|p2a: Ogerpon|71/100
|-boost|p1a: Tread Vanvleet|spe|1
|
|upkeep
|turn|9
|
|t:|1769299068
|-end|p1a: Tread Vanvleet|Quark Drive|[silent]
|switch|p1a: MF BOOM|Rillaboom, M, shiny|53/100
|-fieldstart|move: Grassy Terrain|[from] ability: Grassy Surge|[of] p1a: MF BOOM
|move|p2a: Ogerpon|Ivy Cudgel|p1a: MF BOOM|[anim] Ivy Cudgel Water
|-resisted|p1a: MF BOOM
|-crit|p1a: MF BOOM
|-damage|p1a: MF BOOM|4/100
|
|-heal|p2a: Ogerpon|77/100|[from] Grassy Terrain
|-heal|p1a: MF BOOM|10/100|[from] Grassy Terrain
|upkeep
|turn|10
|
|t:|1769299079
|switch|p2a: Iron Moth|Iron Moth, shiny|66/100
|-damage|p2a: Iron Moth|41/100|[from] Stealth Rock
|move|p1a: MF BOOM|U-turn|p2a: Iron Moth
|-resisted|p2a: Iron Moth
|-damage|p2a: Iron Moth|27/100
|
|t:|1769299085
|switch|p1a: Bad Bunny|Meowscarada, M, shiny|100/100|[from] U-turn
|
|-heal|p2a: Iron Moth|33/100|[from] Grassy Terrain
|upkeep
|turn|11
|
|t:|1769299091
|move|p1a: Bad Bunny|Knock Off|p2a: Iron Moth
|-start|p1a: Bad Bunny|typechange|Dark|[from] ability: Protean
|-damage|p2a: Iron Moth|0 fnt
|faint|p2a: Iron Moth
|-end|p2a: Iron Moth|Quark Drive|[silent]
|
|upkeep
|
|t:|1769299096
|switch|p2a: Iron Valiant|Iron Valiant, shiny|100/100
|-damage|p2a: Iron Valiant|94/100|[from] Stealth Rock
|-enditem|p2a: Iron Valiant|Booster Energy
|-activate|p2a: Iron Valiant|ability: Quark Drive|[fromitem]
|-start|p2a: Iron Valiant|quarkdrivespe
|turn|12
|
|t:|1769299109
|switch|p1a: Wade County|Moltres, shiny|100/100
|move|p2a: Iron Valiant|Moonblast|p1a: Wade County
|-resisted|p1a: Wade County
|-damage|p1a: Wade County|75/100
|
|-heal|p2a: Iron Valiant|100/100|[from] Grassy Terrain
|upkeep
|turn|13
|
|t:|1769299114
|-end|p2a: Iron Valiant|Quark Drive|[silent]
|switch|p2a: Glimmora|Glimmora, M, shiny|94/100
|-damage|p2a: Glimmora|82/100|[from] Stealth Rock
|move|p1a: Wade County|Roar|p2a: Glimmora
|drag|p2a: Zamazenta|Zamazenta, shiny|100/100
|-damage|p2a: Zamazenta|94/100|[from] Stealth Rock
|-ability|p2a: Zamazenta|Dauntless Shield|boost
|-boost|p2a: Zamazenta|def|1
|
|-heal|p2a: Zamazenta|100/100|[from] Grassy Terrain
|-fieldend|move: Grassy Terrain
|upkeep
|turn|14
|
|t:|1769299119
|move|p2a: Zamazenta|Stone Edge|p1a: Wade County
|-supereffective|p1a: Wade County
|-damage|p1a: Wade County|0 fnt
|faint|p1a: Wade County
|
|upkeep
|
|t:|1769299123
|switch|p1a: MF BOOM|Rillaboom, M, shiny|10/100
|-fieldstart|move: Grassy Terrain|[from] ability: Grassy Surge|[of] p1a: MF BOOM
|turn|15
|
|t:|1769299140
|switch|p1a: Tread Vanvleet|Iron Treads, shiny|100/100
|move|p2a: Zamazenta|Body Press|p1a: Tread Vanvleet
|-supereffective|p1a: Tread Vanvleet
|-damage|p1a: Tread Vanvleet|25/100
|
|-heal|p1a: Tread Vanvleet|32/100|[from] Grassy Terrain
|-heal|p1a: Tread Vanvleet|38/100|[from] item: Leftovers
|upkeep
|turn|16
|
|t:|1769299149
|-end|p1a: Tread Vanvleet|Quark Drive|[silent]
|switch|p1a: Shanice|Clefable, F|100/100
|move|p2a: Zamazenta|Body Press|p1a: Shanice
|-resisted|p1a: Shanice
|-damage|p1a: Shanice|81/100
|-damage|p2a: Zamazenta|84/100|[from] item: Rocky Helmet|[of] p1a: Shanice
|
|-heal|p2a: Zamazenta|90/100|[from] Grassy Terrain
|-heal|p2a: Zamazenta|96/100|[from] item: Leftovers
|-heal|p1a: Shanice|88/100|[from] Grassy Terrain
|upkeep
|turn|17
|
|t:|1769299154
|switch|p2a: Glimmora|Glimmora, M, shiny|82/100
|-damage|p2a: Glimmora|70/100|[from] Stealth Rock
|move|p1a: Shanice|Moonblast|p2a: Glimmora
|-resisted|p2a: Glimmora
|-damage|p2a: Glimmora|46/100
|
|-heal|p2a: Glimmora|52/100|[from] Grassy Terrain
|-heal|p1a: Shanice|94/100|[from] Grassy Terrain
|upkeep
|turn|18
|
|t:|1769299166
|move|p2a: Glimmora|Earth Power|p1a: Shanice
|-damage|p1a: Shanice|64/100
|-unboost|p1a: Shanice|spd|1
|move|p1a: Shanice|Calm Mind|p1a: Shanice
|-boost|p1a: Shanice|spa|1
|-boost|p1a: Shanice|spd|1
|
|-heal|p2a: Glimmora|58/100|[from] Grassy Terrain
|-heal|p1a: Shanice|70/100|[from] Grassy Terrain
|upkeep
|turn|19
|
|t:|1769299171
|switch|p1a: Tread Vanvleet|Iron Treads, shiny|38/100
|move|p2a: Glimmora|Mortal Spin|p1a: Tread Vanvleet
|-immune|p1a: Tread Vanvleet
|
|-heal|p1a: Tread Vanvleet|44/100|[from] Grassy Terrain
|-heal|p1a: Tread Vanvleet|50/100|[from] item: Leftovers
|-heal|p2a: Glimmora|64/100|[from] Grassy Terrain
|-fieldend|move: Grassy Terrain
|upkeep
|turn|20
|
|t:|1769299178
|switch|p2a: Ogerpon|Ogerpon-Wellspring, F|77/100
|-damage|p2a: Ogerpon|65/100|[from] Stealth Rock
|move|p1a: Tread Vanvleet|Earthquake|p2a: Ogerpon
|-resisted|p2a: Ogerpon
|-crit|p2a: Ogerpon
|-damage|p2a: Ogerpon|23/100
|
|-heal|p1a: Tread Vanvleet|57/100|[from] item: Leftovers
|upkeep
|turn|21
|
|t:|1769299185
|move|p2a: Ogerpon|Ivy Cudgel|p1a: Tread Vanvleet|[anim] Ivy Cudgel Water
|-supereffective|p1a: Tread Vanvleet
|-crit|p1a: Tread Vanvleet
|-damage|p1a: Tread Vanvleet|0 fnt
|faint|p1a: Tread Vanvleet
|-end|p1a: Tread Vanvleet|Quark Drive|[silent]
|
|upkeep
|
|t:|1769299187
|switch|p1a: Bad Bunny|Meowscarada, M, shiny|100/100
|turn|22
|
|t:|1769299195
|move|p1a: Bad Bunny|U-turn|p2a: Ogerpon
|-start|p1a: Bad Bunny|typechange|Bug|[from] ability: Protean
|-supereffective|p2a: Ogerpon
|-damage|p2a: Ogerpon|0 fnt
|faint|p2a: Ogerpon
|
|t:|1769299198
|switch|p1a: MF BOOM|Rillaboom, M, shiny|10/100|[from] U-turn
|-fieldstart|move: Grassy Terrain|[from] ability: Grassy Surge|[of] p1a: MF BOOM
|
|-heal|p1a: MF BOOM|16/100|[from] Grassy Terrain
|upkeep
|
|t:|1769299213
|switch|p2a: Zamazenta|Zamazenta, shiny|96/100
|-damage|p2a: Zamazenta|90/100|[from] Stealth Rock
|turn|23
|
|t:|1769299217
|move|p1a: MF BOOM|Grassy Glide|p2a: Zamazenta
|-damage|p2a: Zamazenta|42/100
|move|p2a: Zamazenta|Body Press|p1a: MF BOOM
|-damage|p1a: MF BOOM|0 fnt
|faint|p1a: MF BOOM
|
|-heal|p2a: Zamazenta|48/100|[from] Grassy Terrain
|-heal|p2a: Zamazenta|54/100|[from] item: Leftovers
|upkeep
|
|t:|1769299225
|switch|p1a: Ghoul D. Locks|Gholdengo, shiny|100/100
|-enditem|p1a: Ghoul D. Locks|Grassy Seed
|-boost|p1a: Ghoul D. Locks|def|1|[from] item: Grassy Seed
|turn|24
|
|t:|1769299241
|switch|p2a: Kingambit|Kingambit, F, shiny|100/100
|-damage|p2a: Kingambit|94/100|[from] Stealth Rock
|-activate|p2a: Kingambit|ability: Supreme Overlord
|-start|p2a: Kingambit|fallen2|[silent]
|move|p1a: Ghoul D. Locks|Nasty Plot|p1a: Ghoul D. Locks
|-boost|p1a: Ghoul D. Locks|spa|2
|
|-heal|p2a: Kingambit|100/100|[from] Grassy Terrain
|upkeep
|turn|25
|
|t:|1769299246
|-terastallize|p1a: Ghoul D. Locks|Fairy
|move|p1a: Ghoul D. Locks|Dazzling Gleam|p2a: Kingambit
|-damage|p2a: Kingambit|13/100
|move|p2a: Kingambit|Kowtow Cleave|p1a: Ghoul D. Locks
|-resisted|p1a: Ghoul D. Locks
|-damage|p1a: Ghoul D. Locks|84/100
|
|-heal|p1a: Ghoul D. Locks|90/100|[from] Grassy Terrain
|-heal|p2a: Kingambit|19/100|[from] Grassy Terrain
|upkeep
|turn|26
|
|t:|1769299256
|move|p2a: Kingambit|Sucker Punch|p1a: Ghoul D. Locks
|-resisted|p1a: Ghoul D. Locks
|-damage|p1a: Ghoul D. Locks|75/100
|move|p1a: Ghoul D. Locks|Dazzling Gleam|p2a: Kingambit
|-damage|p2a: Kingambit|0 fnt
|faint|p2a: Kingambit
|-end|p2a: Kingambit|fallen2|[silent]
|
|-heal|p1a: Ghoul D. Locks|81/100|[from] Grassy Terrain
|-fieldend|move: Grassy Terrain
|upkeep
|
|t:|1769299269
|switch|p2a: Iron Valiant|Iron Valiant, shiny|100/100
|-damage|p2a: Iron Valiant|94/100|[from] Stealth Rock
|turn|27
|
|t:|1769299276
|move|p2a: Iron Valiant|Moonblast|p1a: Ghoul D. Locks
|-damage|p1a: Ghoul D. Locks|31/100
|move|p1a: Ghoul D. Locks|Recover|p1a: Ghoul D. Locks
|-heal|p1a: Ghoul D. Locks|81/100
|
|upkeep
|turn|28
|
|t:|1769299292
|move|p2a: Iron Valiant|Moonblast|p1a: Ghoul D. Locks
|-crit|p1a: Ghoul D. Locks
|-damage|p1a: Ghoul D. Locks|9/100
|move|p1a: Ghoul D. Locks|Dazzling Gleam|p2a: Iron Valiant
|-supereffective|p2a: Iron Valiant
|-damage|p2a: Iron Valiant|0 fnt
|faint|p2a: Iron Valiant
|-end|p2a: Iron Valiant|Quark Drive|[silent]
|
|upkeep
|
|t:|1769299301
|switch|p2a: Zamazenta|Zamazenta, shiny|54/100
|-damage|p2a: Zamazenta|48/100|[from] Stealth Rock
|turn|29
|
|t:|1769299304
|move|p2a: Zamazenta|Body Press|p1a: Ghoul D. Locks
|-resisted|p1a: Ghoul D. Locks
|-damage|p1a: Ghoul D. Locks|2/100
|move|p1a: Ghoul D. Locks|Recover|p1a: Ghoul D. Locks
|-heal|p1a: Ghoul D. Locks|52/100
|
|-heal|p2a: Zamazenta|54/100|[from] item: Leftovers
|upkeep
|turn|30
|-message|fawefoiaslh forfeited.
|
|win|GrabBalls
|raw|GrabBalls's rating: 1406 &rarr; <strong>1423</strong><br />(+17 for winning)
|raw|fawefoiaslh's rating: 1345 &rarr; <strong>1328</strong><br />(-17 for losing)
|l|☆fawefoiaslh
|player|p2|
|l|☆GrabBalls
|player|p1|
|j|☆GrabBalls
|player|p1|GrabBalls|hoopster|
