|j|☆Gege88
|j|☆hnmdpjt2yc4cygy54o
|t:|1769303902
|gametype|singles
|player|p1|Gege88|hiker-gen4|1146
|player|p2|hnmdpjt2yc4cygy54o|lucas|1130
|gen|9
|tier|[Gen 9] OU
|rated|
|rule|HP Percentage Mod: HP is shown in percentages
|rule|Endless Battle Clause: Forcing endless battles is banned
|rule|Species Clause: Limit one of each Pokémon
|rule|OHKO Clause: OHKO moves are banned
|rule|Evasion Items Clause: Evasion items are banned
|rule|Evasion Moves Clause: Evasion moves are banned
|rule|Evasion Abilities Clause: Evasion abilities are banned
|rule|Sleep Moves Clause: Sleep-inducing moves are banned
|clearpoke
|poke|p1|Metagross|
|poke|p1|Staraptor, F|
|poke|p1|Golem, F|
|poke|p1|Delibird, F|
|poke|p1|Kingambit, F|
|poke|p1|Hatterene, F|
|poke|p2|Samurott-Hisui, F|
|poke|p2|Great Tusk|
|poke|p2|Dragapult, F|
|poke|p2|Slowking-Galar, F|
|poke|p2|Skarmory, F|
|poke|p2|Kingambit, F|
|teampreview
|inactive|Battle timer is ON: inactive players will automatically lose when time's up. (requested by hnmdpjt2yc4cygy54o)
|c|☆Gege88|gf
|c|☆Gege88|hf
|
|t:|1769303912
|teamsize|p1|6
|teamsize|p2|6
|start
|switch|p1a: Suicide lead|Golem, F|100/100
|switch|p2a: Samurott|Samurott-Hisui, F|100/100
|turn|1
|
|t:|1769303922
|move|p2a: Samurott|Aqua Cutter|p1a: Suicide lead
|-supereffective|p1a: Suicide lead
|-ability|p1a: Suicide lead|Sturdy
|-damage|p1a: Suicide lead|1/100
|move|p1a: Suicide lead|Stealth Rock|p2a: Samurott
|-sidestart|p2: hnmdpjt2yc4cygy54o|move: Stealth Rock
|
|upkeep
|turn|2
|-enditem|p1a: Suicide lead|Custap Berry|[eat]
|-activate|p1a: Suicide lead|item: Custap Berry|[consumed]
|
|t:|1769303925
|move|p1a: Suicide lead|Explosion|p2a: Samurott
|-damage|p2a: Samurott|0 fnt
|faint|p1a: Suicide lead
|faint|p2a: Samurott
|
|upkeep
|
|t:|1769303933
|switch|p2a: Slowking|Slowking-Galar, F|100/100
|switch|p1a: dynamite|Metagross|100/100
|-damage|p2a: Slowking|88/100|[from] Stealth Rock
|turn|3
|
|t:|1769303939
|move|p1a: dynamite|Explosion|p2a: Slowking
|-damage|p2a: Slowking|0 fnt
|faint|p1a: dynamite
|faint|p2a: Slowking
|
|upkeep
|
|t:|1769303945
|switch|p1a: hodor|Staraptor, F|100/100
|switch|p2a: Dragapult|Dragapult, F|100/100
|turn|4
|
|t:|1769303951
|switch|p1a: Hatterene|Hatterene, F|100/100
|move|p2a: Dragapult|Draco Meteor|p1a: Hatterene
|-immune|p1a: Hatterene
|
|upkeep
|turn|5
|
|t:|1769303958
|move|p2a: Dragapult|Hex|p1a: Hatterene
|-supereffective|p1a: Hatterene
|-damage|p1a: Hatterene|45/100
|move|p1a: Hatterene|Dazzling Gleam|p2a: Dragapult
|-supereffective|p2a: Dragapult
|-damage|p2a: Dragapult|10/100
|
|-heal|p1a: Hatterene|51/100|[from] item: Leftovers
|upkeep
|turn|6
|
|t:|1769303965
|move|p2a: Dragapult|Hex|p1a: Hatterene
|-supereffective|p1a: Hatterene
|-crit|p1a: Hatterene
|-damage|p1a: Hatterene|0 fnt
|faint|p1a: Hatterene
|
|upkeep
|
|t:|1769303970
|switch|p1a: faut gagner|Kingambit, F|100/100
|-activate|p1a: faut gagner|ability: Supreme Overlord
|-start|p1a: faut gagner|fallen3|[silent]
|turn|7
|
|t:|1769303974
|move|p1a: faut gagner|Sucker Punch||[still]
|-fail|p1a: faut gagner
|move|p2a: Dragapult|Thunder Wave|p1a: faut gagner|[miss]
|-miss|p2a: Dragapult|p1a: faut gagner
|
|upkeep
|turn|8
|
|t:|1769303985
|-end|p1a: faut gagner|fallen3|[silent]
|switch|p1a: un pingouin???|Delibird, F|100/100
|move|p2a: Dragapult|Thunder Wave|p1a: un pingouin???
|-status|p1a: un pingouin???|par
|
|upkeep
|turn|9
|
|t:|1769304001
|switch|p2a: Kingambit|Kingambit, F|100/100
|-damage|p2a: Kingambit|94/100|[from] Stealth Rock
|-activate|p2a: Kingambit|ability: Supreme Overlord
|-start|p2a: Kingambit|fallen2|[silent]
|move|p1a: un pingouin???|Destiny Bond|p1a: un pingouin???
|-singlemove|p1a: un pingouin???|Destiny Bond
|
|-heal|p2a: Kingambit|100/100|[from] item: Leftovers
|upkeep
|turn|10
|
|t:|1769304016
|switch|p1a: hodor|Staraptor, F|100/100
|move|p2a: Kingambit|Swords Dance|p2a: Kingambit
|-boost|p2a: Kingambit|atk|2
|
|upkeep
|turn|11
|
|t:|1769304018
|move|p2a: Kingambit|Sucker Punch|p1a: hodor
|-damage|p1a: hodor|0 fnt
|faint|p1a: hodor
|
|upkeep
|
|t:|1769304022
|switch|p1a: faut gagner|Kingambit, F|100/100
|-activate|p1a: faut gagner|ability: Supreme Overlord
|-start|p1a: faut gagner|fallen4|[silent]
|turn|12
|c|☆Gege88|ah bah gg
|
|t:|1769304030
|move|p1a: faut gagner|Iron Head|p2a: Kingambit
|-resisted|p2a: Kingambit
|-damage|p2a: Kingambit|76/100
|move|p2a: Kingambit|Iron Head|p1a: faut gagner
|-resisted|p1a: faut gagner
|-damage|p1a: faut gagner|57/100
|
|-heal|p1a: faut gagner|63/100|[from] item: Leftovers
|-heal|p2a: Kingambit|82/100|[from] item: Leftovers
|upkeep
|turn|13
|-message|Gege88 forfeited.
|
|win|hnmdpjt2yc4cygy54o
|raw|Gege88's rating: 1146 &rarr; <strong>1120</strong><br />(-26 for losing)
|raw|hnmdpjt2yc4cygy54o's rating: 1130 &rarr; <strong>1156</strong><br />(+26 for winning)
|l|☆Gege88
|player|p1|
|l|☆hnmdpjt2yc4cygy54o
|player|p2|
