|badge|p1|bronze|gen9ou|100-8
|uhtml|medal-msg|<div class="broadcast-blue">Curious what those medals under the avatar are? PS now has Ladder Seasons! For more information, check out the <a href="https://www.smogon.com/forums/threads/3740067/">thread on Smogon.</a></div>
|j|☆Eel56
|j|☆Tokiwakano
|t:|1769367884
|gametype|singles
|player|p1|Eel56|265|1844
|player|p2|Tokiwakano|acetrainerf|1827
|gen|9
|tier|[Gen 9] OU
|rated|
|rule|HP Percentage Mod: HP is shown in percentages
|rule|Endless Battle Clause: Forcing endless battles is banned
|rule|Species Clause: Limit one of each Pokémon
|rule|OHKO Clause: OHKO moves are banned
|rule|Evasion Items Clause: Evasion items are banned
|rule|Evasion Moves Clause: Evasion moves are banned
|rule|Evasion Abilities Clause: Evasion abilities are banned
|rule|Sleep Moves Clause: Sleep-inducing moves are banned
|clearpoke
|poke|p1|Great Tusk|
|poke|p1|Pecharunt|
|poke|p1|Iron Valiant|
|poke|p1|Iron Crown|
|poke|p1|Samurott-Hisui, M|
|poke|p1|Dragonite, M|
|poke|p2|Kyurem|
|poke|p2|Cinderace, F|
|poke|p2|Tornadus-Therian, M|
|poke|p2|Hatterene, F|
|poke|p2|Great Tusk|
|poke|p2|Kingambit, F|
|teampreview
|inactive|Battle timer is ON: inactive players will automatically lose when time's up. (requested by Tokiwakano)
|
|t:|1769367906
|teamsize|p1|6
|teamsize|p2|6
|start
|switch|p1a: Pecharunt|Pecharunt|100/100
|switch|p2a: Tornadus|Tornadus-Therian, M|100/100
|turn|1
|
|t:|1769367911
|move|p2a: Tornadus|U-turn|p1a: Pecharunt
|-resisted|p1a: Pecharunt
|-damage|p1a: Pecharunt|99/100
|-damage|p2a: Tornadus|84/100|[from] item: Rocky Helmet|[of] p1a: Pecharunt
|
|t:|1769367913
|switch|p2a: Kingambit|Kingambit, F|100/100|[from] U-turn
|move|p1a: Pecharunt|Malignant Chain|p2a: Kingambit
|-immune|p2a: Kingambit
|
|upkeep
|turn|2
|j| 54 insane rats
|
|t:|1769367920
|-end|p2a: Kingambit|fallenundefined|[silent]
|switch|p2a: Hatterene|Hatterene, F|100/100
|move|p1a: Pecharunt|Parting Shot|p2a: Hatterene
|move|p2a: Hatterene|Parting Shot|p1a: Pecharunt|[from] ability: Magic Bounce
|-unboost|p1a: Pecharunt|atk|1
|-unboost|p1a: Pecharunt|spa|1
|
|t:|1769367926
|switch|p2a: Kyurem|Kyurem|100/100|[from] Parting Shot
|-ability|p2a: Kyurem|Pressure
|
|upkeep
|turn|3
|j| El.Capo.Camino
|
|t:|1769367933
|switch|p1a: Iron Crown|Iron Crown|100/100
|move|p2a: Kyurem|Earth Power|p1a: Iron Crown
|-supereffective|p1a: Iron Crown
|-damage|p1a: Iron Crown|43/100
|
|upkeep
|turn|4
|l| El.Capo.Camino
|
|t:|1769367942
|switch|p2a: Tornadus|Tornadus-Therian, M|100/100
|move|p1a: Iron Crown|Future Sight|p2a: Tornadus
|-start|p1a: Iron Crown|move: Future Sight
|
|upkeep
|turn|5
|
|t:|1769367948
|move|p2a: Tornadus|U-turn|p1a: Iron Crown
|-damage|p1a: Iron Crown|26/100
|
|t:|1769367951
|switch|p2a: Cinderace|Cinderace, F|100/100|[from] U-turn
|move|p1a: Iron Crown|Volt Switch|p2a: Cinderace
|-crit|p2a: Cinderace
|-damage|p2a: Cinderace|50/100
|
|t:|1769367979
|-end|p1a: Iron Crown|Quark Drive|[silent]
|switch|p1a: Great Tusk|Great Tusk, shiny|100/100|[from] Volt Switch
|
|upkeep
|turn|6
|j| ArtistsRendition
|
|t:|1769367990
|move|p2a: Cinderace|Will-O-Wisp|p1a: Great Tusk|[miss]
|-miss|p2a: Cinderace|p1a: Great Tusk
|move|p1a: Great Tusk|Ice Spinner|p2a: Cinderace
|-resisted|p2a: Cinderace
|-damage|p2a: Cinderace|28/100
|
|-end|p2a: Cinderace|move: Future Sight
|-damage|p2a: Cinderace|0 fnt
|faint|p2a: Cinderace
|upkeep
|
|t:|1769367994
|switch|p2a: Kyurem|Kyurem|100/100
|-ability|p2a: Kyurem|Pressure
|turn|7
|
|t:|1769368016
|-end|p1a: Great Tusk|Protosynthesis|[silent]
|switch|p1a: Iron Crown|Iron Crown|26/100
|move|p2a: Kyurem|Freeze-Dry|p1a: Iron Crown
|-resisted|p1a: Iron Crown
|-damage|p1a: Iron Crown|10/100
|
|upkeep
|turn|8
|
|t:|1769368021
|switch|p2a: Tornadus|Tornadus-Therian, M|100/100
|move|p1a: Iron Crown|Tachyon Cutter|p2a: Tornadus
|-damage|p2a: Tornadus|84/100
|-damage|p2a: Tornadus|68/100
|-hitcount|p2a: Tornadus|2
|
|upkeep
|turn|9
|
|t:|1769368027
|-end|p1a: Iron Crown|Quark Drive|[silent]
|switch|p1a: Pecharunt|Pecharunt|99/100
|move|p2a: Tornadus|U-turn|p1a: Pecharunt
|-resisted|p1a: Pecharunt
|-damage|p1a: Pecharunt|97/100
|-damage|p2a: Tornadus|52/100|[from] item: Rocky Helmet|[of] p1a: Pecharunt
|
|t:|1769368030
|switch|p2a: Kyurem|Kyurem|100/100|[from] U-turn
|-ability|p2a: Kyurem|Pressure
|
|upkeep
|turn|10
|
|t:|1769368035
|switch|p1a: Iron Crown|Iron Crown|10/100
|move|p2a: Kyurem|Ice Beam|p1a: Iron Crown
|-resisted|p1a: Iron Crown
|-damage|p1a: Iron Crown|0 fnt
|faint|p1a: Iron Crown
|-end|p1a: Iron Crown|Quark Drive|[silent]
|
|upkeep
|
|t:|1769368050
|switch|p1a: Samurott|Samurott-Hisui, M, shiny|100/100
|turn|11
|
|t:|1769368054
|switch|p2a: Great Tusk|Great Tusk|100/100
|move|p1a: Samurott|Ceaseless Edge|p2a: Great Tusk
|-resisted|p2a: Great Tusk
|-crit|p2a: Great Tusk
|-damage|p2a: Great Tusk|75/100
|-damage|p1a: Samurott|84/100|[from] item: Rocky Helmet|[of] p2a: Great Tusk
|-sidestart|p2: Tokiwakano|Spikes
|
|upkeep
|turn|12
|
|t:|1769368058
|switch|p1a: Pecharunt|Pecharunt|97/100
|move|p2a: Great Tusk|Rapid Spin|p1a: Pecharunt
|-immune|p1a: Pecharunt
|
|upkeep
|turn|13
|
|t:|1769368067
|-end|p2a: Great Tusk|Protosynthesis|[silent]
|switch|p2a: Kingambit|Kingambit, F|100/100
|-damage|p2a: Kingambit|88/100|[from] Spikes
|-activate|p2a: Kingambit|ability: Supreme Overlord
|-start|p2a: Kingambit|fallen1|[silent]
|move|p1a: Pecharunt|Malignant Chain|p2a: Kingambit
|-immune|p2a: Kingambit
|
|-heal|p2a: Kingambit|94/100|[from] item: Leftovers
|upkeep
|turn|14
|
|t:|1769368073
|move|p1a: Pecharunt|Parting Shot|p2a: Kingambit
|-unboost|p2a: Kingambit|atk|1
|-unboost|p2a: Kingambit|spa|1
|
|t:|1769368080
|switch|p1a: Great Tusk|Great Tusk, shiny|100/100|[from] Parting Shot
|move|p2a: Kingambit|Swords Dance|p2a: Kingambit
|-boost|p2a: Kingambit|atk|2
|
|-heal|p2a: Kingambit|100/100|[from] item: Leftovers
|upkeep
|turn|15
|
|t:|1769368087
|-end|p2a: Kingambit|fallen1|[silent]
|switch|p2a: Tornadus|Tornadus-Therian, M|85/100
|move|p1a: Great Tusk|Headlong Rush|p2a: Tornadus
|-immune|p2a: Tornadus
|
|upkeep
|turn|16
|
|t:|1769368116
|move|p2a: Tornadus|Bleakwind Storm|p1a: Great Tusk
|-supereffective|p1a: Great Tusk
|-damage|p1a: Great Tusk|0 fnt
|faint|p1a: Great Tusk
|-end|p1a: Great Tusk|Protosynthesis|[silent]
|
|upkeep
|j| yadonenjoyer
|
|t:|1769368124
|switch|p1a: Samurott|Samurott-Hisui, M, shiny|84/100
|turn|17
|
|t:|1769368136
|move|p2a: Tornadus|Bleakwind Storm|p1a: Samurott
|-damage|p1a: Samurott|24/100
|move|p1a: Samurott|Ceaseless Edge|p2a: Tornadus
|-damage|p2a: Tornadus|10/100
|-sidestart|p2: Tokiwakano|Spikes
|
|upkeep
|turn|18
|
|t:|1769368143
|switch|p2a: Great Tusk|Great Tusk|75/100
|-damage|p2a: Great Tusk|59/100|[from] Spikes
|move|p1a: Samurott|Sucker Punch||[still]
|-fail|p1a: Samurott
|
|upkeep
|turn|19
|
|t:|1769368147
|move|p2a: Great Tusk|Rapid Spin|p1a: Samurott
|-damage|p1a: Samurott|5/100
|-boost|p2a: Great Tusk|spe|1
|-sideend|p2: Tokiwakano|Spikes|[from] move: Rapid Spin|[of] p2a: Great Tusk
|move|p1a: Samurott|Flip Turn|p2a: Great Tusk
|-supereffective|p2a: Great Tusk
|-damage|p2a: Great Tusk|23/100
|-damage|p1a: Samurott|0 fnt|[from] item: Rocky Helmet|[of] p2a: Great Tusk
|faint|p1a: Samurott
|
|upkeep
|
|t:|1769368159
|switch|p1a: Pecharunt|Pecharunt|97/100
|turn|20
|
|t:|1769368165
|move|p2a: Great Tusk|Headlong Rush|p1a: Pecharunt
|-supereffective|p1a: Pecharunt
|-damage|p1a: Pecharunt|45/100
|-unboost|p2a: Great Tusk|def|1
|-unboost|p2a: Great Tusk|spd|1
|-damage|p2a: Great Tusk|6/100|[from] item: Rocky Helmet|[of] p1a: Pecharunt
|move|p1a: Pecharunt|Malignant Chain|p2a: Great Tusk
|-resisted|p2a: Great Tusk
|-damage|p2a: Great Tusk|0 fnt
|faint|p2a: Great Tusk
|-end|p2a: Great Tusk|Protosynthesis|[silent]
|
|upkeep
|
|t:|1769368169
|switch|p2a: Kyurem|Kyurem|100/100
|-ability|p2a: Kyurem|Pressure
|turn|21
|
|t:|1769368171
|move|p2a: Kyurem|Ice Beam|p1a: Pecharunt
|-damage|p1a: Pecharunt|0 fnt
|faint|p1a: Pecharunt
|
|upkeep
|
|t:|1769368172
|switch|p1a: Iron Valiant|Iron Valiant, shiny|100/100
|turn|22
|
|t:|1769368180
|switch|p2a: Tornadus|Tornadus-Therian, M|43/100
|move|p1a: Iron Valiant|Moonblast|p2a: Tornadus
|-damage|p2a: Tornadus|0 fnt
|faint|p2a: Tornadus
|
|upkeep
|
|t:|1769368186
|switch|p2a: Hatterene|Hatterene, F|100/100
|turn|23
|
|t:|1769368200
|-terastallize|p1a: Iron Valiant|Fairy
|move|p1a: Iron Valiant|Moonblast|p2a: Hatterene
|-damage|p2a: Hatterene|0 fnt
|faint|p2a: Hatterene
|
|upkeep
|
|t:|1769368207
|switch|p2a: Kingambit|Kingambit, F|100/100
|-activate|p2a: Kingambit|ability: Supreme Overlord
|-start|p2a: Kingambit|fallen4|[silent]
|turn|24
|
|t:|1769368224
|-end|p1a: Iron Valiant|Quark Drive|[silent]
|switch|p1a: Dragonite|Dragonite, M, shiny|100/100
|-terastallize|p2a: Kingambit|Fairy
|move|p2a: Kingambit|Tera Blast|p1a: Dragonite|[anim] Tera Blast Fairy
|-supereffective|p1a: Dragonite
|-damage|p1a: Dragonite|34/100
|
|upkeep
|turn|25
|
|t:|1769368232
|-end|p2a: Kingambit|fallen4|[silent]
|switch|p2a: Kyurem|Kyurem|100/100
|-ability|p2a: Kyurem|Pressure
|move|p1a: Dragonite|Earthquake|p2a: Kyurem
|-damage|p2a: Kyurem|68/100
|
|upkeep
|turn|26
|
|t:|1769368238
|move|p2a: Kyurem|Ice Beam|p1a: Dragonite
|-supereffective|p1a: Dragonite
|-damage|p1a: Dragonite|0 fnt
|faint|p1a: Dragonite
|
|upkeep
|
|t:|1769368239
|switch|p1a: Iron Valiant|Iron Valiant, shiny, tera:Fairy|100/100
|turn|27
|
|t:|1769368242
|move|p1a: Iron Valiant|Moonblast|p2a: Kyurem
|-supereffective|p2a: Kyurem
|-damage|p2a: Kyurem|0 fnt
|faint|p2a: Kyurem
|
|upkeep
|
|t:|1769368244
|switch|p2a: Kingambit|Kingambit, F, tera:Fairy|100/100
|-activate|p2a: Kingambit|ability: Supreme Overlord
|-start|p2a: Kingambit|fallen5|[silent]
|turn|28
|
|t:|1769368246
|move|p1a: Iron Valiant|Moonblast|p2a: Kingambit
|-damage|p2a: Kingambit|3/100
|move|p2a: Kingambit|Tera Blast|p1a: Iron Valiant|[anim] Tera Blast Fairy
|-damage|p1a: Iron Valiant|14/100
|
|-heal|p2a: Kingambit|10/100|[from] item: Leftovers
|upkeep
|turn|29
|
|t:|1769368252
|move|p2a: Kingambit|Sucker Punch|p1a: Iron Valiant
|-resisted|p1a: Iron Valiant
|-damage|p1a: Iron Valiant|0 fnt
|faint|p1a: Iron Valiant
|-end|p1a: Iron Valiant|Quark Drive|[silent]
|
|win|Tokiwakano
|raw|Eel56's rating: 1844 &rarr; <strong>1823</strong><br />(-21 for losing)
|raw|Tokiwakano's rating: 1827 &rarr; <strong>1848</strong><br />(+21 for winning)
|l|☆Eel56
|player|p1|
|l| ArtistsRendition
|l| 54 insane rats
|l|☆Tokiwakano
|player|p2|
|l| yadonenjoyer
