|j|☆ChronosVeros
|j|☆DerDonPorrello
|t:|1769338024
|gametype|singles
|player|p1|ChronosVeros|pokemonranger-gen4|1231
|player|p2|DerDonPorrello|hiker-gen4|1187
|gen|9
|tier|[Gen 9] OU
|rated|
|rule|HP Percentage Mod: HP is shown in percentages
|rule|Endless Battle Clause: Forcing endless battles is banned
|rule|Species Clause: Limit one of each Pokémon
|rule|OHKO Clause: OHKO moves are banned
|rule|Evasion Items Clause: Evasion items are banned
|rule|Evasion Moves Clause: Evasion moves are banned
|rule|Evasion Abilities Clause: Evasion abilities are banned
|rule|Sleep Moves Clause: Sleep-inducing moves are banned
|clearpoke
|poke|p1|Magnezone|
|poke|p1|Cresselia, F|
|poke|p1|Iron Valiant|
|poke|p1|Basculegion, M|
|poke|p1|Hydrapple, F|
|poke|p1|Great Tusk|
|poke|p2|Zamazenta-*|
|poke|p2|Empoleon, M|
|poke|p2|Hydrapple, M|
|poke|p2|Ninetales, F|
|poke|p2|Hitmontop, M|
|poke|p2|Lilligant-Hisui, F|
|teampreview
|
|t:|1769338039
|teamsize|p1|6
|teamsize|p2|6
|start
|switch|p1a: Great Tusk|Great Tusk|100/100
|switch|p2a: Zamazenta|Zamazenta|100/100
|-ability|p2a: Zamazenta|Dauntless Shield|boost
|-boost|p2a: Zamazenta|def|1
|turn|1
|
|t:|1769338053
|move|p2a: Zamazenta|Close Combat|p1a: Great Tusk
|-damage|p1a: Great Tusk|48/100
|-unboost|p2a: Zamazenta|def|1
|-unboost|p2a: Zamazenta|spd|1
|-damage|p2a: Zamazenta|84/100|[from] item: Rocky Helmet|[of] p1a: Great Tusk
|move|p1a: Great Tusk|Stealth Rock|p2a: Zamazenta
|-sidestart|p2: DerDonPorrello|move: Stealth Rock
|
|upkeep
|turn|2
|
|t:|1769338065
|-end|p1a: Great Tusk|Protosynthesis|[silent]
|switch|p1a: Cresselia|Cresselia, F|100/100
|move|p2a: Zamazenta|Close Combat|p1a: Cresselia
|-resisted|p1a: Cresselia
|-damage|p1a: Cresselia|75/100
|-unboost|p2a: Zamazenta|def|1
|-unboost|p2a: Zamazenta|spd|1
|
|upkeep
|turn|3
|
|t:|1769338082
|switch|p2a: Empoleon|Empoleon, M|100/100
|-damage|p2a: Empoleon|94/100|[from] Stealth Rock
|move|p1a: Cresselia|Reflect|p1a: Cresselia
|-sidestart|p1: ChronosVeros|Reflect
|
|-heal|p2a: Empoleon|100/100|[from] item: Leftovers
|upkeep
|turn|4
|
|t:|1769338117
|switch|p1a: Magnezone|Magnezone|100/100
|move|p2a: Empoleon|Surf|p1a: Magnezone
|-damage|p1a: Magnezone|69/100
|
|upkeep
|turn|5
|
|t:|1769338127
|move|p2a: Empoleon|Surf|p1a: Magnezone
|-damage|p1a: Magnezone|39/100
|move|p1a: Magnezone|Thunderbolt|p2a: Empoleon
|-supereffective|p2a: Empoleon
|-damage|p2a: Empoleon|0 fnt
|faint|p2a: Empoleon
|
|upkeep
|
|t:|1769338145
|switch|p2a: Ninetales|Ninetales, F|100/100
|-damage|p2a: Ninetales|76/100|[from] Stealth Rock
|-weather|SunnyDay|[from] ability: Drought|[of] p2a: Ninetales
|turn|6
|
|t:|1769338160
|switch|p1a: Basculegion|Basculegion, M|100/100
|move|p2a: Ninetales|Weather Ball|p1a: Basculegion
|-resisted|p1a: Basculegion
|-damage|p1a: Basculegion|77/100
|
|-weather|SunnyDay|[upkeep]
|upkeep
|turn|7
|
|t:|1769338174
|move|p1a: Basculegion|Flip Turn|p2a: Ninetales
|-supereffective|p2a: Ninetales
|-damage|p2a: Ninetales|22/100
|
|t:|1769338193
|switch|p1a: Hydrapple|Hydrapple, F|100/100|[from] Flip Turn
|move|p2a: Ninetales|Will-O-Wisp|p1a: Hydrapple
|-status|p1a: Hydrapple|brn
|
|-weather|SunnyDay|[upkeep]
|-damage|p1a: Hydrapple|94/100 brn|[from] brn
|-sideend|p1: ChronosVeros|Reflect
|upkeep
|turn|8
|
|t:|1769338211
|switch|p2a: Hitmontop|Hitmontop, M|100/100
|-damage|p2a: Hitmontop|94/100|[from] Stealth Rock
|move|p1a: Hydrapple|Draco Meteor|p2a: Hitmontop
|-damage|p2a: Hitmontop|19/100
|-unboost|p1a: Hydrapple|spa|2
|
|-weather|SunnyDay|[upkeep]
|-damage|p1a: Hydrapple|88/100 brn|[from] brn
|upkeep
|turn|9
|
|t:|1769338251
|switch|p1a: Basculegion|Basculegion, M|77/100
|move|p2a: Hitmontop|Rapid Spin|p1a: Basculegion
|-immune|p1a: Basculegion
|
|-weather|SunnyDay|[upkeep]
|upkeep
|turn|10
|
|t:|1769338265
|switch|p2a: Hydrapple|Hydrapple, M|100/100
|move|p1a: Basculegion|Liquidation|p2a: Hydrapple
|-resisted|p2a: Hydrapple
|-damage|p2a: Hydrapple|96/100
|
|-weather|SunnyDay|[upkeep]
|upkeep
|turn|11
|
|t:|1769338293
|switch|p1a: Iron Valiant|Iron Valiant|100/100
|move|p2a: Hydrapple|Earth Power|p1a: Iron Valiant
|-damage|p1a: Iron Valiant|59/100
|
|-weather|SunnyDay|[upkeep]
|upkeep
|turn|12
|
|t:|1769338313
|-terastallize|p2a: Hydrapple|Fairy
|move|p1a: Iron Valiant|Moonblast|p2a: Hydrapple
|-damage|p2a: Hydrapple|30/100
|-unboost|p2a: Hydrapple|spa|1
|-damage|p1a: Iron Valiant|49/100|[from] item: Life Orb
|move|p2a: Hydrapple|Giga Drain|p1a: Iron Valiant
|-damage|p1a: Iron Valiant|10/100
|-heal|p2a: Hydrapple|44/100|[from] drain|[of] p1a: Iron Valiant
|
|-weather|SunnyDay|[upkeep]
|upkeep
|turn|13
|
|t:|1769338335
|switch|p2a: Ninetales|Ninetales, F|22/100
|-damage|p2a: Ninetales|0 fnt|[from] Stealth Rock
|faint|p2a: Ninetales
|move|p1a: Iron Valiant|Moonblast|p2: Ninetales|[notarget]
|-fail|p1a: Iron Valiant
|
|-weather|none
|upkeep
|
|t:|1769338346
|switch|p2a: Zamazenta|Zamazenta|84/100
|-damage|p2a: Zamazenta|78/100|[from] Stealth Rock
|turn|14
|
|t:|1769338359
|-end|p1a: Iron Valiant|Quark Drive|[silent]
|switch|p1a: Hydrapple|Hydrapple, F|100/100 brn
|move|p2a: Zamazenta|Close Combat|p1a: Hydrapple
|-damage|p1a: Hydrapple|38/100 brn
|-unboost|p2a: Zamazenta|def|1
|-unboost|p2a: Zamazenta|spd|1
|
|-damage|p1a: Hydrapple|31/100 brn|[from] brn
|upkeep
|turn|15
|
|t:|1769338375
|switch|p1a: Basculegion|Basculegion, M|77/100
|move|p2a: Zamazenta|Close Combat|p1a: Basculegion
|-immune|p1a: Basculegion
|
|upkeep
|turn|16
|
|t:|1769338384
|switch|p2a: Hydrapple|Hydrapple, M, tera:Fairy|77/100
|move|p1a: Basculegion|Wave Crash|p2a: Hydrapple
|-damage|p2a: Hydrapple|31/100
|-damage|p1a: Basculegion|61/100|[from] Recoil
|
|upkeep
|turn|17
|
|t:|1769338396
|switch|p2a: Lilligant|Lilligant-Hisui, F|100/100
|-damage|p2a: Lilligant|94/100|[from] Stealth Rock
|move|p1a: Basculegion|Wave Crash|p2a: Lilligant
|-resisted|p2a: Lilligant
|-damage|p2a: Lilligant|27/100
|-damage|p1a: Basculegion|44/100|[from] Recoil
|
|upkeep
|turn|18
|-message|DerDonPorrello forfeited.
|
|win|ChronosVeros
|raw|ChronosVeros's rating: 1231 &rarr; <strong>1253</strong><br />(+22 for winning)
|raw|DerDonPorrello's rating: 1187 &rarr; <strong>1165</strong><br />(-22 for losing)
|l|☆DerDonPorrello
|player|p2|
|l|☆ChronosVeros
|player|p1|
