|j|☆lukoviisk
|j|☆Ekos_V
|t:|1769364149
|gametype|singles
|player|p1|lukoviisk|blackbelt-gen4dp|1207
|player|p2|Ekos_V|volkner|1203
|gen|9
|tier|[Gen 9] OU
|rated|
|rule|HP Percentage Mod: HP is shown in percentages
|rule|Endless Battle Clause: Forcing endless battles is banned
|rule|Species Clause: Limit one of each Pokémon
|rule|OHKO Clause: OHKO moves are banned
|rule|Evasion Items Clause: Evasion items are banned
|rule|Evasion Moves Clause: Evasion moves are banned
|rule|Evasion Abilities Clause: Evasion abilities are banned
|rule|Sleep Moves Clause: Sleep-inducing moves are banned
|clearpoke
|poke|p1|Basculegion, M|
|poke|p1|Bellibolt, F|
|poke|p1|Dragonite, F|
|poke|p1|Iron Treads|
|poke|p1|Barraskewda, F|
|poke|p1|Pelipper, M|
|poke|p2|Pelipper, F|
|poke|p2|Barraskewda, F|
|poke|p2|Walking Wake|
|poke|p2|Ogerpon-Wellspring, F|
|poke|p2|Primarina, F|
|poke|p2|Alomomola, F|
|teampreview
|inactive|Battle timer is ON: inactive players will automatically lose when time's up. (requested by lukoviisk)
|
|t:|1769364158
|teamsize|p1|6
|teamsize|p2|6
|start
|switch|p1a: Pelipper|Pelipper, M|100/100
|switch|p2a: Alomomola|Alomomola, F|100/100
|-weather|RainDance|[from] ability: Drizzle|[of] p1a: Pelipper
|turn|1
|
|t:|1769364165
|move|p2a: Alomomola|Light Screen|p2a: Alomomola
|-sidestart|p2: Ekos_V|move: Light Screen
|move|p1a: Pelipper|U-turn|p2a: Alomomola
|-damage|p2a: Alomomola|96/100
|
|t:|1769364183
|switch|p1a: Iron Treads|Iron Treads|100/100|[from] U-turn
|
|-weather|RainDance|[upkeep]
|upkeep
|turn|2
|inactive|Ekos_V has 120 seconds left.
|
|t:|1769364222
|move|p1a: Iron Treads|Volt Switch|p2a: Alomomola
|-supereffective|p2a: Alomomola
|-damage|p2a: Alomomola|81/100
|
|t:|1769364235
|-end|p1a: Iron Treads|Quark Drive|[silent]
|switch|p1a: Basculegion|Basculegion, M|100/100|[from] Volt Switch
|move|p2a: Alomomola|Flip Turn|p1a: Basculegion
|-resisted|p1a: Basculegion
|-damage|p1a: Basculegion|87/100
|inactive|Ekos_V has 120 seconds left.
|
|t:|1769364247
|switch|p2a: Ogerpon|Ogerpon-Wellspring, F|100/100|[from] Flip Turn
|
|-weather|RainDance|[upkeep]
|upkeep
|turn|3
|
|t:|1769364253
|move|p2a: Ogerpon|Trailblaze|p1a: Basculegion
|-supereffective|p1a: Basculegion
|-damage|p1a: Basculegion|9/100
|-boost|p2a: Ogerpon|spe|1
|move|p1a: Basculegion|Psychic Fangs|p2a: Ogerpon
|-sideend|p2: Ekos_V|move: Light Screen
|-damage|p2a: Ogerpon|44/100
|
|-weather|RainDance|[upkeep]
|upkeep
|turn|4
|
|t:|1769364267
|switch|p1a: Dragonite|Dragonite, F|100/100
|move|p2a: Ogerpon|Trailblaze|p1a: Dragonite
|-resisted|p1a: Dragonite
|-damage|p1a: Dragonite|96/100
|-boost|p2a: Ogerpon|spe|1
|
|-weather|RainDance|[upkeep]
|upkeep
|turn|5
|inactive|Ekos_V has 120 seconds left.
|
|t:|1769364304
|switch|p2a: Alomomola|Alomomola, F|100/100
|move|p1a: Dragonite|Hurricane|p2a: Alomomola
|-damage|p2a: Alomomola|35/100
|
|-weather|RainDance|[upkeep]
|upkeep
|turn|6
|
|t:|1769364317
|switch|p2a: Primarina|Primarina, F|100/100
|move|p1a: Dragonite|Hurricane|p2a: Primarina
|-damage|p2a: Primarina|66/100
|
|-weather|RainDance|[upkeep]
|-heal|p2a: Primarina|72/100|[from] item: Leftovers
|upkeep
|turn|7
|
|t:|1769364334
|switch|p1a: Bellibolt|Bellibolt, F|100/100
|-terastallize|p2a: Primarina|Steel
|move|p2a: Primarina|Calm Mind|p2a: Primarina
|-boost|p2a: Primarina|spa|1
|-boost|p2a: Primarina|spd|1
|
|-weather|RainDance|[upkeep]
|-heal|p2a: Primarina|78/100|[from] item: Leftovers
|upkeep
|turn|8
|
|t:|1769364356
|move|p2a: Primarina|Hyper Voice|p1a: Bellibolt
|-damage|p1a: Bellibolt|37/100
|-start|p1a: Bellibolt|Charge|Hyper Voice|[from] ability: Electromorphosis
|move|p1a: Bellibolt|Thunder|p2a: Primarina
|-damage|p2a: Primarina|31/100
|-end|p1a: Bellibolt|Charge|[silent]
|
|-weather|none
|-heal|p2a: Primarina|37/100|[from] item: Leftovers
|upkeep
|turn|9
|inactive|lukoviisk has 120 seconds left.
|
|t:|1769364383
|switch|p1a: Iron Treads|Iron Treads|100/100
|move|p2a: Primarina|Draining Kiss|p1a: Iron Treads
|-resisted|p1a: Iron Treads
|-damage|p1a: Iron Treads|79/100
|-heal|p2a: Primarina|54/100|[from] drain|[of] p1a: Iron Treads
|-enditem|p1a: Iron Treads|Eject Button
|
|t:|1769364400
|-end|p1a: Iron Treads|Quark Drive|[silent]
|switch|p1a: Basculegion|Basculegion, M|9/100
|
|-heal|p2a: Primarina|60/100|[from] item: Leftovers
|upkeep
|turn|10
|
|t:|1769364409
|switch|p2a: Pelipper|Pelipper, F|100/100
|-weather|RainDance|[from] ability: Drizzle|[of] p2a: Pelipper
|move|p1a: Basculegion|Wave Crash|p2a: Pelipper
|-resisted|p2a: Pelipper
|-damage|p2a: Pelipper|10/100
|-damage|p1a: Basculegion|0 fnt|[from] Recoil
|faint|p1a: Basculegion
|
|-weather|RainDance|[upkeep]
|upkeep
|
|t:|1769364421
|switch|p1a: Iron Treads|Iron Treads|79/100
|turn|11
|
|t:|1769364428
|switch|p2a: Walking Wake|Walking Wake|100/100
|move|p1a: Iron Treads|Volt Switch|p2a: Walking Wake
|-damage|p2a: Walking Wake|84/100
|inactive|lukoviisk has 90 seconds left.
|
|t:|1769364462
|-end|p1a: Iron Treads|Quark Drive|[silent]
|switch|p1a: Bellibolt|Bellibolt, F|37/100|[from] Volt Switch
|
|-weather|RainDance|[upkeep]
|upkeep
|turn|12
|inactive|lukoviisk has 90 seconds left.
|
|t:|1769364469
|-terastallize|p1a: Bellibolt|Fairy
|move|p2a: Walking Wake|Hydro Steam|p1a: Bellibolt
|-damage|p1a: Bellibolt|0 fnt
|faint|p1a: Bellibolt
|
|-weather|RainDance|[upkeep]
|upkeep
|inactive|lukoviisk has 90 seconds left.
|
|t:|1769364478
|switch|p1a: Barraskewda|Barraskewda, F|100/100
|turn|13
|
|t:|1769364489
|-end|p2a: Walking Wake|Protosynthesis|[silent]
|switch|p2a: Pelipper|Pelipper, F|10/100
|move|p1a: Barraskewda|Close Combat|p2a: Pelipper
|-resisted|p2a: Pelipper
|-damage|p2a: Pelipper|0 fnt
|-unboost|p1a: Barraskewda|def|1
|-unboost|p1a: Barraskewda|spd|1
|faint|p2a: Pelipper
|
|-weather|RainDance|[upkeep]
|upkeep
|
|t:|1769364504
|switch|p2a: Barraskewda|Barraskewda, F|100/100
|turn|14
|
|t:|1769364512
|switch|p1a: Dragonite|Dragonite, F|96/100
|move|p2a: Barraskewda|Liquidation|p1a: Dragonite
|-resisted|p1a: Dragonite
|-damage|p1a: Dragonite|42/100
|-unboost|p1a: Dragonite|def|1
|-enditem|p1a: Dragonite|Eject Pack
|
|t:|1769364526
|switch|p1a: Barraskewda|Barraskewda, F|100/100
|
|-weather|RainDance|[upkeep]
|upkeep
|turn|15
|
|t:|1769364534
|move|p2a: Barraskewda|Liquidation|p1a: Barraskewda
|-resisted|p1a: Barraskewda
|-damage|p1a: Barraskewda|0 fnt
|faint|p1a: Barraskewda
|
|-weather|RainDance|[upkeep]
|upkeep
|
|t:|1769364545
|switch|p1a: Pelipper|Pelipper, M|100/100
|turn|16
|
|t:|1769364550
|switch|p2a: Primarina|Primarina, F, tera:Steel|60/100
|move|p1a: Pelipper|Hurricane|p2a: Primarina
|-resisted|p2a: Primarina
|-damage|p2a: Primarina|46/100
|
|-weather|RainDance|[upkeep]
|-heal|p2a: Primarina|52/100|[from] item: Leftovers
|upkeep
|turn|17
|inactive|lukoviisk has 120 seconds left.
|
|t:|1769364558
|move|p1a: Pelipper|U-turn|p2a: Primarina
|-resisted|p2a: Primarina
|-damage|p2a: Primarina|47/100
|inactive|lukoviisk has 120 seconds left.
|
|t:|1769364564
|switch|p1a: Dragonite|Dragonite, F|42/100|[from] U-turn
|move|p2a: Primarina|Hyper Voice|p1a: Dragonite
|-resisted|p1a: Dragonite
|-damage|p1a: Dragonite|6/100
|
|-weather|none
|-heal|p2a: Primarina|53/100|[from] item: Leftovers
|upkeep
|turn|18
|
|t:|1769364573
|move|p1a: Dragonite|Roost|p1a: Dragonite
|-heal|p1a: Dragonite|56/100
|-singleturn|p1a: Dragonite|move: Roost
|move|p2a: Primarina|Draining Kiss|p1a: Dragonite
|-supereffective|p1a: Dragonite
|-damage|p1a: Dragonite|6/100
|-heal|p2a: Primarina|87/100|[from] drain|[of] p1a: Dragonite
|
|-heal|p2a: Primarina|93/100|[from] item: Leftovers
|upkeep
|turn|19
|
|t:|1769364583
|move|p1a: Dragonite|Low Kick|p2a: Primarina
|-supereffective|p2a: Primarina
|-damage|p2a: Primarina|49/100
|move|p2a: Primarina|Draining Kiss|p1a: Dragonite
|-supereffective|p1a: Dragonite
|-damage|p1a: Dragonite|0 fnt
|-heal|p2a: Primarina|53/100|[from] drain|[of] p1a: Dragonite
|faint|p1a: Dragonite
|
|-heal|p2a: Primarina|59/100|[from] item: Leftovers
|upkeep
|
|t:|1769364592
|switch|p1a: Iron Treads|Iron Treads|79/100
|turn|20
|
|t:|1769364599
|switch|p2a: Ogerpon|Ogerpon-Wellspring, F|44/100
|move|p1a: Iron Treads|Stealth Rock|p2a: Ogerpon
|-sidestart|p2: Ekos_V|move: Stealth Rock
|
|upkeep
|turn|21
|
|t:|1769364605
|-end|p1a: Iron Treads|Quark Drive|[silent]
|switch|p1a: Pelipper|Pelipper, M|100/100
|-weather|RainDance|[from] ability: Drizzle|[of] p1a: Pelipper
|move|p2a: Ogerpon|Ivy Cudgel|p1a: Pelipper|[anim] Ivy Cudgel Water
|-resisted|p1a: Pelipper
|-damage|p1a: Pelipper|66/100
|
|-weather|RainDance|[upkeep]
|upkeep
|turn|22
|
|t:|1769364615
|switch|p2a: Primarina|Primarina, F, tera:Steel|59/100
|-damage|p2a: Primarina|53/100|[from] Stealth Rock
|move|p1a: Pelipper|U-turn|p2a: Primarina
|-resisted|p2a: Primarina
|-damage|p2a: Primarina|48/100
|
|t:|1769364621
|switch|p1a: Iron Treads|Iron Treads|79/100|[from] U-turn
|
|-weather|RainDance|[upkeep]
|-heal|p2a: Primarina|54/100|[from] item: Leftovers
|upkeep
|turn|23
|
|t:|1769364629
|move|p1a: Iron Treads|Rapid Spin|p2a: Primarina
|-resisted|p2a: Primarina
|-damage|p2a: Primarina|47/100
|-boost|p1a: Iron Treads|spe|1
|move|p2a: Primarina|Hyper Voice|p1a: Iron Treads
|-supereffective|p1a: Iron Treads
|-damage|p1a: Iron Treads|0 fnt
|faint|p1a: Iron Treads
|-end|p1a: Iron Treads|Quark Drive|[silent]
|
|-weather|RainDance|[upkeep]
|-heal|p2a: Primarina|54/100|[from] item: Leftovers
|upkeep
|-message|lukoviisk forfeited.
|
|win|Ekos_V
|raw|lukoviisk's rating: 1207 &rarr; <strong>1182</strong><br />(-25 for losing)
|raw|Ekos_V's rating: 1203 &rarr; <strong>1228</strong><br />(+25 for winning)
|l|☆lukoviisk
|player|p1|
|l|☆Ekos_V
|player|p2|
