|j|☆fluffycool
|j|☆only_one_shot_32
|t:|1769332768
|gametype|singles
|player|p1|fluffycool|schoolboy-gen2|1328
|player|p2|only_one_shot_32|barry|1344
|gen|9
|tier|[Gen 9] OU
|rated|
|rule|HP Percentage Mod: HP is shown in percentages
|rule|Endless Battle Clause: Forcing endless battles is banned
|rule|Species Clause: Limit one of each Pokémon
|rule|OHKO Clause: OHKO moves are banned
|rule|Evasion Items Clause: Evasion items are banned
|rule|Evasion Moves Clause: Evasion moves are banned
|rule|Evasion Abilities Clause: Evasion abilities are banned
|rule|Sleep Moves Clause: Sleep-inducing moves are banned
|clearpoke
|poke|p1|Latios, M|
|poke|p1|Gliscor, M|
|poke|p1|Kingambit, F|
|poke|p1|Clodsire, F|
|poke|p1|Slowking-Galar, F|
|poke|p1|Dragapult, F|
|poke|p2|Alomomola, M|
|poke|p2|Weezing-Galar, F|
|poke|p2|Armarouge, M|
|poke|p2|Tyranitar, F|
|poke|p2|Rillaboom, F|
|poke|p2|Regidrago|
|teampreview
|inactive|Battle timer is ON: inactive players will automatically lose when time's up. (requested by only_one_shot_32)
|inactive|fluffycool also wants the timer to be on.
|
|t:|1769332776
|teamsize|p1|6
|teamsize|p2|6
|start
|switch|p1a: Dragapult|Dragapult, F|100/100
|switch|p2a: Regidrago|Regidrago|100/100
|turn|1
|
|t:|1769332787
|switch|p1a: Slowking|Slowking-Galar, F|100/100
|move|p2a: Regidrago|Dragon Energy|p1a: Slowking
|-damage|p1a: Slowking|42/100
|
|upkeep
|turn|2
|
|t:|1769332797
|switch|p1a: Clodsire|Clodsire, F|100/100
|move|p2a: Regidrago|Dragon Energy|p1a: Clodsire
|-damage|p1a: Clodsire|50/100
|
|upkeep
|turn|3
|
|t:|1769332803
|-terastallize|p2a: Regidrago|Dragon
|move|p2a: Regidrago|Dragon Energy|p1a: Clodsire
|-damage|p1a: Clodsire|0 fnt
|faint|p1a: Clodsire
|
|upkeep
|
|t:|1769332806
|switch|p1a: Slowking|Slowking-Galar, F|76/100
|turn|4
|
|t:|1769332819
|move|p2a: Regidrago|Dragon Energy|p1a: Slowking
|-damage|p1a: Slowking|0 fnt
|faint|p1a: Slowking
|
|upkeep
|
|t:|1769332826
|switch|p1a: Gliscor|Gliscor, M|100/100
|turn|5
|
|t:|1769332829
|move|p2a: Regidrago|Dragon Energy|p1a: Gliscor
|-damage|p1a: Gliscor|0 fnt
|faint|p1a: Gliscor
|
|upkeep
|
|t:|1769332835
|switch|p1a: Latios|Latios, M|100/100
|turn|6
|
|t:|1769332839
|-terastallize|p1a: Latios|Steel
|move|p2a: Regidrago|Dragon Energy|p1a: Latios
|-resisted|p1a: Latios
|-damage|p1a: Latios|32/100
|move|p1a: Latios|Calm Mind|p1a: Latios
|-boost|p1a: Latios|spa|1
|-boost|p1a: Latios|spd|1
|
|upkeep
|turn|7
|
|t:|1769332844
|move|p2a: Regidrago|Dragon Energy|p1a: Latios
|-resisted|p1a: Latios
|-damage|p1a: Latios|0 fnt
|faint|p1a: Latios
|
|upkeep
|
|t:|1769332847
|switch|p1a: Kingambit|Kingambit, F|100/100
|-activate|p1a: Kingambit|ability: Supreme Overlord
|-start|p1a: Kingambit|fallen4|[silent]
|turn|8
|
|t:|1769332852
|switch|p2a: Alomomola|Alomomola, M|100/100
|-end|p1a: Kingambit|fallen4|[silent]
|switch|p1a: Dragapult|Dragapult, F|100/100
|
|upkeep
|turn|9
|
|t:|1769332858
|move|p1a: Dragapult|Will-O-Wisp|p2a: Alomomola
|-status|p2a: Alomomola|brn
|move|p2a: Alomomola|Flip Turn|p1a: Dragapult
|-resisted|p1a: Dragapult
|-damage|p1a: Dragapult|95/100
|
|t:|1769332863
|switch|p2a: Regidrago|Regidrago, tera:Dragon|100/100|[from] Flip Turn
|
|upkeep
|turn|10
|
|t:|1769332868
|move|p2a: Regidrago|Dragon Pulse|p1a: Dragapult
|-supereffective|p1a: Dragapult
|-damage|p1a: Dragapult|0 fnt
|faint|p1a: Dragapult
|
|upkeep
|
|t:|1769332870
|switch|p1a: Kingambit|Kingambit, F|100/100
|-activate|p1a: Kingambit|ability: Supreme Overlord
|-start|p1a: Kingambit|fallen5|[silent]
|turn|11
|
|t:|1769332874
|move|p2a: Regidrago|Dragon Pulse|p1a: Kingambit
|-resisted|p1a: Kingambit
|-damage|p1a: Kingambit|55/100
|move|p1a: Kingambit|Swords Dance|p1a: Kingambit
|-boost|p1a: Kingambit|atk|2
|
|upkeep
|turn|12
|
|t:|1769332878
|move|p2a: Regidrago|Dragon Pulse|p1a: Kingambit
|-resisted|p1a: Kingambit
|-damage|p1a: Kingambit|15/100
|move|p1a: Kingambit|Swords Dance|p1a: Kingambit
|-boost|p1a: Kingambit|atk|2
|
|upkeep
|turn|13
|
|t:|1769332882
|move|p1a: Kingambit|Sucker Punch|p2a: Regidrago
|-damage|p2a: Regidrago|0 fnt
|faint|p2a: Regidrago
|
|upkeep
|
|t:|1769332884
|switch|p2a: Rillaboom|Rillaboom, F|100/100
|-fieldstart|move: Grassy Terrain|[from] ability: Grassy Surge|[of] p2a: Rillaboom
|turn|14
|
|t:|1769332887
|move|p2a: Rillaboom|Grassy Glide|p1a: Kingambit
|-resisted|p1a: Kingambit
|-damage|p1a: Kingambit|0 fnt
|faint|p1a: Kingambit
|-end|p1a: Kingambit|fallen5|[silent]
|
|win|only_one_shot_32
|raw|fluffycool's rating: 1328 &rarr; <strong>1309</strong><br />(-19 for losing)
|raw|only_one_shot_32's rating: 1344 &rarr; <strong>1363</strong><br />(+19 for winning)
|l|☆fluffycool
|player|p1|
