|j|☆Vega_M2
|j|☆Trainerbeat
|t:|1769378638
|gametype|singles
|player|p1|Vega_M2|byron|1335
|player|p2|Trainerbeat|red|1296
|gen|9
|tier|[Gen 9] OU
|rated|
|rule|HP Percentage Mod: HP is shown in percentages
|rule|Endless Battle Clause: Forcing endless battles is banned
|rule|Species Clause: Limit one of each Pokémon
|rule|OHKO Clause: OHKO moves are banned
|rule|Evasion Items Clause: Evasion items are banned
|rule|Evasion Moves Clause: Evasion moves are banned
|rule|Evasion Abilities Clause: Evasion abilities are banned
|rule|Sleep Moves Clause: Sleep-inducing moves are banned
|clearpoke
|poke|p1|Pelipper, M|
|poke|p1|Keldeo|
|poke|p1|Overqwil, M|
|poke|p1|Corviknight, F|
|poke|p1|Raging Bolt|
|poke|p1|Heatran, F|
|poke|p2|Kingambit, F|
|poke|p2|Landorus-Therian, M|
|poke|p2|Pecharunt|
|poke|p2|Gholdengo|
|poke|p2|Raikou|
|poke|p2|Latios, M|
|teampreview
|inactive|Battle timer is ON: inactive players will automatically lose when time's up. (requested by Vega_M2)
|
|t:|1769378650
|teamsize|p1|6
|teamsize|p2|6
|start
|switch|p1a: Pelipper|Pelipper, M|100/100
|switch|p2a: Latios|Latios, M, shiny|100/100
|-weather|RainDance|[from] ability: Drizzle|[of] p1a: Pelipper
|turn|1
|
|t:|1769378656
|switch|p1a: Heatran|Heatran, F|100/100
|move|p2a: Latios|Agility|p2a: Latios
|-boost|p2a: Latios|spe|2
|
|-weather|RainDance|[upkeep]
|upkeep
|turn|2
|
|t:|1769378663
|move|p2a: Latios|Calm Mind|p2a: Latios
|-boost|p2a: Latios|spa|1
|-boost|p2a: Latios|spd|1
|move|p1a: Heatran|Stealth Rock|p2a: Latios
|-sidestart|p2: Trainerbeat|move: Stealth Rock
|
|-weather|RainDance|[upkeep]
|upkeep
|turn|3
|
|t:|1769378671
|move|p2a: Latios|Calm Mind|p2a: Latios
|-boost|p2a: Latios|spa|1
|-boost|p2a: Latios|spd|1
|move|p1a: Heatran|Magma Storm|p2a: Latios|[miss]
|-miss|p1a: Heatran|p2a: Latios
|
|-weather|RainDance|[upkeep]
|upkeep
|turn|4
|
|t:|1769378685
|move|p2a: Latios|Calm Mind|p2a: Latios
|-boost|p2a: Latios|spa|1
|-boost|p2a: Latios|spd|1
|move|p1a: Heatran|Flash Cannon|p2a: Latios
|-damage|p2a: Latios|83/100
|
|-weather|RainDance|[upkeep]
|upkeep
|turn|5
|
|t:|1769378691
|move|p2a: Latios|Calm Mind|p2a: Latios
|-boost|p2a: Latios|spa|1
|-boost|p2a: Latios|spd|1
|move|p1a: Heatran|Magma Storm|p2a: Latios
|-resisted|p2a: Latios
|-damage|p2a: Latios|78/100
|-activate|p2a: Latios|move: Magma Storm|[of] p1a: Heatran
|
|-weather|RainDance|[upkeep]
|-damage|p2a: Latios|65/100|[from] move: Magma Storm|[partiallytrapped]
|upkeep
|turn|6
|
|t:|1769378699
|move|p2a: Latios|Psyshock|p1a: Heatran
|-resisted|p1a: Heatran
|-damage|p1a: Heatran|41/100
|move|p1a: Heatran|Flash Cannon|p2a: Latios
|-damage|p2a: Latios|50/100
|
|-weather|RainDance|[upkeep]
|-heal|p1a: Heatran|48/100|[from] item: Leftovers
|-damage|p2a: Latios|38/100|[from] move: Magma Storm|[partiallytrapped]
|upkeep
|turn|7
|
|t:|1769378708
|move|p2a: Latios|Draco Meteor|p1a: Heatran
|-resisted|p1a: Heatran
|-damage|p1a: Heatran|0 fnt
|-unboost|p2a: Latios|spa|2
|faint|p1a: Heatran
|
|-weather|RainDance|[upkeep]
|-end|p2a: Latios|Magma Storm|[partiallytrapped]|[silent]
|upkeep
|
|t:|1769378724
|switch|p1a: Overqwil|Overqwil, M|100/100
|turn|8
|
|t:|1769378728
|move|p2a: Latios|Draco Meteor|p1a: Overqwil|[miss]
|-miss|p2a: Latios|p1a: Overqwil
|move|p1a: Overqwil|Crunch|p2a: Latios
|-supereffective|p2a: Latios
|-crit|p2a: Latios
|-damage|p2a: Latios|0 fnt
|faint|p2a: Latios
|-damage|p1a: Overqwil|91/100|[from] item: Life Orb
|
|-weather|none
|upkeep
|
|t:|1769378733
|switch|p2a: Landorus|Landorus-Therian, M, shiny|100/100
|-damage|p2a: Landorus|88/100|[from] Stealth Rock
|-ability|p2a: Landorus|Intimidate|boost
|-unboost|p1a: Overqwil|atk|1
|turn|9
|
|t:|1769378742
|switch|p1a: Pelipper|Pelipper, M|100/100
|-weather|RainDance|[from] ability: Drizzle|[of] p1a: Pelipper
|move|p2a: Landorus|Stealth Rock|p1a: Pelipper
|-sidestart|p1: Vega_M2|move: Stealth Rock
|
|-weather|RainDance|[upkeep]
|upkeep
|turn|10
|
|t:|1769378749
|move|p2a: Landorus|Smack Down|p1a: Pelipper
|-supereffective|p1a: Pelipper
|-damage|p1a: Pelipper|75/100
|-start|p1a: Pelipper|Smack Down
|move|p1a: Pelipper|U-turn|p2a: Landorus
|-resisted|p2a: Landorus
|-crit|p2a: Landorus
|-damage|p2a: Landorus|84/100
|-damage|p1a: Pelipper|59/100|[from] item: Rocky Helmet|[of] p2a: Landorus
|
|t:|1769378758
|switch|p1a: Overqwil|Overqwil, M|91/100|[from] U-turn
|-damage|p1a: Overqwil|78/100|[from] Stealth Rock
|
|-weather|RainDance|[upkeep]
|upkeep
|turn|11
|l|☆Trainerbeat
|inactive|Trainerbeat disconnected and has a minute to reconnect!
|player|p2|
|j|☆Trainerbeat
|inactive|Trainerbeat reconnected and has 135 seconds left.
|player|p2|Trainerbeat|red|
|
|t:|1769378779
|-terastallize|p1a: Overqwil|Water
|move|p1a: Overqwil|Swords Dance|p1a: Overqwil
|-boost|p1a: Overqwil|atk|2
|move|p2a: Landorus|Earthquake|p1a: Overqwil
|-damage|p1a: Overqwil|25/100
|
|-weather|RainDance|[upkeep]
|upkeep
|turn|12
|
|t:|1769378786
|move|p1a: Overqwil|Liquidation|p2a: Landorus
|-supereffective|p2a: Landorus
|-damage|p2a: Landorus|0 fnt
|-damage|p1a: Overqwil|9/100|[from] item: Rocky Helmet|[of] p2a: Landorus
|faint|p2a: Landorus
|-damage|p1a: Overqwil|0 fnt|[from] item: Life Orb
|faint|p1a: Overqwil
|
|-weather|RainDance|[upkeep]
|upkeep
|
|t:|1769378796
|switch|p1a: Keldeo|Keldeo|100/100
|switch|p2a: Raikou|Raikou, shiny|100/100
|-damage|p2a: Raikou|88/100|[from] Stealth Rock
|-ability|p2a: Raikou|Pressure
|-damage|p1a: Keldeo|94/100|[from] Stealth Rock
|turn|13
|
|t:|1769378806
|move|p2a: Raikou|Thunderbolt|p1a: Keldeo
|-supereffective|p1a: Keldeo
|-damage|p1a: Keldeo|0 fnt
|faint|p1a: Keldeo
|-damage|p2a: Raikou|78/100|[from] item: Life Orb
|
|-weather|RainDance|[upkeep]
|upkeep
|-message|Vega_M2 forfeited.
|
|win|Trainerbeat
|raw|Vega_M2's rating: 1335 &rarr; <strong>1313</strong><br />(-22 for losing)
|raw|Trainerbeat's rating: 1296 &rarr; <strong>1324</strong><br />(+28 for winning)
|l|☆Vega_M2
|player|p1|
|l|☆Trainerbeat
|player|p2|
