|j|☆tiasco23
|j|☆BrenBrenlol
|t:|1769447364
|gametype|singles
|player|p1|tiasco23|102|1332
|player|p2|BrenBrenlol|169|1307
|gen|9
|tier|[Gen 9] OU
|rated|
|rule|HP Percentage Mod: HP is shown in percentages
|rule|Endless Battle Clause: Forcing endless battles is banned
|rule|Species Clause: Limit one of each Pokémon
|rule|OHKO Clause: OHKO moves are banned
|rule|Evasion Items Clause: Evasion items are banned
|rule|Evasion Moves Clause: Evasion moves are banned
|rule|Evasion Abilities Clause: Evasion abilities are banned
|rule|Sleep Moves Clause: Sleep-inducing moves are banned
|clearpoke
|poke|p1|Ninetales-Alola, F|
|poke|p1|Manaphy|
|poke|p1|Moltres-Galar|
|poke|p1|Heatran, F|
|poke|p1|Hatterene, F|
|poke|p1|Decidueye, M|
|poke|p2|Clefable, F|
|poke|p2|Greninja-*, M|
|poke|p2|Dragapult, M|
|poke|p2|Zamazenta-*|
|poke|p2|Pecharunt|
|poke|p2|Tentacruel, M|
|teampreview
|
|t:|1769447373
|teamsize|p1|6
|teamsize|p2|6
|start
|switch|p1a: Heatran|Heatran, F|100/100
|switch|p2a: Dragapult|Dragapult, M|100/100
|turn|1
|
|t:|1769447379
|move|p2a: Dragapult|U-turn|p1a: Heatran
|-resisted|p1a: Heatran
|-damage|p1a: Heatran|95/100
|
|t:|1769447381
|switch|p2a: Zamazenta|Zamazenta, shiny|100/100|[from] U-turn
|-ability|p2a: Zamazenta|Dauntless Shield|boost
|-boost|p2a: Zamazenta|def|1
|move|p1a: Heatran|Lava Plume|p2a: Zamazenta
|-damage|p2a: Zamazenta|76/100
|
|upkeep
|turn|2
|
|t:|1769447387
|move|p2a: Zamazenta|Body Press|p1a: Heatran
|-supereffective|p1a: Heatran
|-damage|p1a: Heatran|29/100
|move|p1a: Heatran|Lava Plume|p2a: Zamazenta
|-damage|p2a: Zamazenta|54/100
|
|upkeep
|turn|3
|
|t:|1769447395
|switch|p1a: Decidueye|Decidueye, M|100/100
|move|p2a: Zamazenta|Body Press|p1a: Decidueye
|-immune|p1a: Decidueye
|
|upkeep
|turn|4
|
|t:|1769447399
|move|p2a: Zamazenta|Crunch|p1a: Decidueye
|-supereffective|p1a: Decidueye
|-damage|p1a: Decidueye|63/100
|move|p1a: Decidueye|Spirit Shackle|p2a: Zamazenta
|-damage|p2a: Zamazenta|39/100
|-activate|p2a: Zamazenta|trapped
|
|-heal|p1a: Decidueye|69/100|[from] item: Leftovers
|upkeep
|turn|5
|
|t:|1769447404
|move|p2a: Zamazenta|Ice Fang|p1a: Decidueye
|-supereffective|p1a: Decidueye
|-damage|p1a: Decidueye|38/100
|move|p1a: Decidueye|Roost|p1a: Decidueye
|-heal|p1a: Decidueye|88/100
|-singleturn|p1a: Decidueye|move: Roost
|
|-heal|p1a: Decidueye|94/100|[from] item: Leftovers
|upkeep
|turn|6
|
|t:|1769447413
|move|p2a: Zamazenta|Crunch|p1a: Decidueye
|-supereffective|p1a: Decidueye
|-damage|p1a: Decidueye|55/100
|move|p1a: Decidueye|Leaf Storm|p2a: Zamazenta
|-damage|p2a: Zamazenta|15/100
|-unboost|p1a: Decidueye|spa|2
|
|-heal|p1a: Decidueye|61/100|[from] item: Leftovers
|upkeep
|turn|7
|
|t:|1769447418
|move|p2a: Zamazenta|Crunch|p1a: Decidueye
|-supereffective|p1a: Decidueye
|-damage|p1a: Decidueye|20/100
|move|p1a: Decidueye|Roost|p1a: Decidueye
|-heal|p1a: Decidueye|70/100
|-singleturn|p1a: Decidueye|move: Roost
|
|-heal|p1a: Decidueye|77/100|[from] item: Leftovers
|upkeep
|turn|8
|
|t:|1769447423
|move|p2a: Zamazenta|Crunch|p1a: Decidueye
|-supereffective|p1a: Decidueye
|-damage|p1a: Decidueye|36/100
|move|p1a: Decidueye|Roost|p1a: Decidueye
|-heal|p1a: Decidueye|86/100
|-singleturn|p1a: Decidueye|move: Roost
|
|-heal|p1a: Decidueye|92/100|[from] item: Leftovers
|upkeep
|turn|9
|
|t:|1769447429
|move|p2a: Zamazenta|Crunch|p1a: Decidueye
|-supereffective|p1a: Decidueye
|-crit|p1a: Decidueye
|-damage|p1a: Decidueye|33/100
|move|p1a: Decidueye|Leaf Storm|p2a: Zamazenta
|-damage|p2a: Zamazenta|3/100
|-unboost|p1a: Decidueye|spa|2
|
|-heal|p1a: Decidueye|39/100|[from] item: Leftovers
|upkeep
|turn|10
|
|t:|1769447436
|move|p2a: Zamazenta|Crunch|p1a: Decidueye
|-supereffective|p1a: Decidueye
|-damage|p1a: Decidueye|0 fnt
|faint|p1a: Decidueye
|
|upkeep
|
|t:|1769447442
|switch|p1a: Ninetales|Ninetales-Alola, F|100/100
|-weather|Snowscape|[from] ability: Snow Warning|[of] p1a: Ninetales
|turn|11
|
|t:|1769447446
|move|p2a: Zamazenta|Heavy Slam|p1a: Ninetales
|-supereffective|p1a: Ninetales
|-damage|p1a: Ninetales|0 fnt
|faint|p1a: Ninetales
|
|-weather|Snowscape|[upkeep]
|upkeep
|
|t:|1769447449
|switch|p1a: Manaphy|Manaphy|100/100
|turn|12
|
|t:|1769447479
|move|p2a: Zamazenta|Body Press|p1a: Manaphy
|-damage|p1a: Manaphy|59/100
|move|p1a: Manaphy|Acid Armor|p1a: Manaphy
|-boost|p1a: Manaphy|def|2
|
|-weather|Snowscape|[upkeep]
|-heal|p1a: Manaphy|66/100|[from] item: Leftovers
|upkeep
|turn|13
|
|t:|1769447484
|move|p2a: Zamazenta|Body Press|p1a: Manaphy
|-damage|p1a: Manaphy|47/100
|move|p1a: Manaphy|Take Heart|p1a: Manaphy
|-boost|p1a: Manaphy|spa|1
|-boost|p1a: Manaphy|spd|1
|
|-weather|Snowscape|[upkeep]
|-heal|p1a: Manaphy|53/100|[from] item: Leftovers
|upkeep
|turn|14
|
|t:|1769447487
|move|p2a: Zamazenta|Body Press|p1a: Manaphy
|-damage|p1a: Manaphy|33/100
|move|p1a: Manaphy|Acid Armor|p1a: Manaphy
|-boost|p1a: Manaphy|def|2
|
|-weather|Snowscape|[upkeep]
|-heal|p1a: Manaphy|40/100|[from] item: Leftovers
|upkeep
|turn|15
|
|t:|1769447491
|move|p2a: Zamazenta|Body Press|p1a: Manaphy
|-damage|p1a: Manaphy|25/100
|move|p1a: Manaphy|Take Heart|p1a: Manaphy
|-boost|p1a: Manaphy|spa|1
|-boost|p1a: Manaphy|spd|1
|
|-weather|none
|-heal|p1a: Manaphy|32/100|[from] item: Leftovers
|upkeep
|turn|16
|
|t:|1769447495
|move|p2a: Zamazenta|Body Press|p1a: Manaphy
|-damage|p1a: Manaphy|17/100
|move|p1a: Manaphy|Acid Armor|p1a: Manaphy
|-boost|p1a: Manaphy|def|2
|
|-heal|p1a: Manaphy|23/100|[from] item: Leftovers
|upkeep
|turn|17
|
|t:|1769447501
|move|p2a: Zamazenta|Body Press|p1a: Manaphy
|-damage|p1a: Manaphy|12/100
|move|p1a: Manaphy|Scald|p2a: Zamazenta
|-damage|p2a: Zamazenta|0 fnt
|faint|p2a: Zamazenta
|
|-heal|p1a: Manaphy|18/100|[from] item: Leftovers
|upkeep
|
|t:|1769447506
|switch|p2a: Clefable|Clefable, F|100/100
|turn|18
|
|t:|1769447508
|move|p1a: Manaphy|Stored Power|p2a: Clefable
|-damage|p2a: Clefable|68/100
|move|p2a: Clefable|Thunderbolt|p1a: Manaphy
|-supereffective|p1a: Manaphy
|-damage|p1a: Manaphy|0 fnt
|faint|p1a: Manaphy
|
|-heal|p2a: Clefable|74/100|[from] item: Leftovers
|upkeep
|
|t:|1769447511
|switch|p1a: Hatterene|Hatterene, F|100/100
|turn|19
|
|t:|1769447518
|switch|p2a: Pecharunt|Pecharunt|100/100
|move|p1a: Hatterene|Calm Mind|p1a: Hatterene
|-boost|p1a: Hatterene|spa|1
|-boost|p1a: Hatterene|spd|1
|
|upkeep
|turn|20
|
|t:|1769447523
|move|p2a: Pecharunt|Malignant Chain|p1a: Hatterene
|-supereffective|p1a: Hatterene
|-damage|p1a: Hatterene|60/100
|move|p1a: Hatterene|Mystical Fire|p2a: Pecharunt
|-damage|p2a: Pecharunt|65/100
|-unboost|p2a: Pecharunt|spa|1
|
|upkeep
|turn|21
|
|t:|1769447533
|move|p2a: Pecharunt|Malignant Chain|p1a: Hatterene
|-supereffective|p1a: Hatterene
|-damage|p1a: Hatterene|33/100
|move|p1a: Hatterene|Draining Kiss|p2a: Pecharunt
|-resisted|p2a: Pecharunt
|-damage|p2a: Pecharunt|49/100
|-heal|p1a: Hatterene|47/100|[from] drain|[of] p2a: Pecharunt
|-damage|p1a: Hatterene|31/100|[from] item: Rocky Helmet|[of] p2a: Pecharunt
|
|upkeep
|turn|22
|
|t:|1769447539
|move|p2a: Pecharunt|Malignant Chain|p1a: Hatterene
|-supereffective|p1a: Hatterene
|-damage|p1a: Hatterene|0 fnt
|faint|p1a: Hatterene
|
|upkeep
|
|t:|1769447545
|switch|p1a: Heatran|Heatran, F|29/100
|turn|23
|
|t:|1769447548
|move|p2a: Pecharunt|Parting Shot|p1a: Heatran
|-unboost|p1a: Heatran|atk|1
|-unboost|p1a: Heatran|spa|1
|
|t:|1769447551
|switch|p2a: Tentacruel|Tentacruel, M|100/100|[from] Parting Shot
|-item|p2a: Tentacruel|Air Balloon
|move|p1a: Heatran|Lava Plume|p2a: Tentacruel
|-resisted|p2a: Tentacruel
|-crit|p2a: Tentacruel
|-damage|p2a: Tentacruel|78/100
|-enditem|p2a: Tentacruel|Air Balloon
|
|upkeep
|turn|24
|
|t:|1769447556
|move|p2a: Tentacruel|Surf|p1a: Heatran
|-supereffective|p1a: Heatran
|-damage|p1a: Heatran|0 fnt
|faint|p1a: Heatran
|
|upkeep
|
|t:|1769447557
|switch|p1a: Moltres|Moltres-Galar|100/100
|turn|25
|
|t:|1769447562
|move|p1a: Moltres|Nasty Plot|p1a: Moltres
|-boost|p1a: Moltres|spa|2
|move|p2a: Tentacruel|Surf|p1a: Moltres
|-damage|p1a: Moltres|75/100
|
|upkeep
|turn|26
|
|t:|1769447594
|move|p1a: Moltres|Agility|p1a: Moltres
|-boost|p1a: Moltres|spe|2
|move|p2a: Tentacruel|Surf|p1a: Moltres
|-damage|p1a: Moltres|45/100
|-ability|p1a: Moltres|Berserk|boost
|-boost|p1a: Moltres|spa|1
|-enditem|p1a: Moltres|Sitrus Berry|[eat]
|-heal|p1a: Moltres|70/100|[from] item: Sitrus Berry
|
|upkeep
|turn|27
|
|t:|1769447598
|move|p1a: Moltres|Fiery Wrath|p2a: Tentacruel
|-damage|p2a: Tentacruel|14/100
|move|p2a: Tentacruel|Toxic Spikes|p1a: Moltres
|-sidestart|p1: tiasco23|move: Toxic Spikes
|
|upkeep
|turn|28
|
|t:|1769447620
|move|p1a: Moltres|Fiery Wrath|p2a: Tentacruel
|-damage|p2a: Tentacruel|0 fnt
|faint|p2a: Tentacruel
|
|upkeep
|
|t:|1769447623
|switch|p2a: Clefable|Clefable, F|74/100
|turn|29
|
|t:|1769447625
|-terastallize|p1a: Moltres|Fairy
|move|p1a: Moltres|Tera Blast|p2a: Clefable|[anim] Tera Blast Fairy
|-damage|p2a: Clefable|50/100
|move|p2a: Clefable|Moonblast|p1a: Moltres
|-damage|p1a: Moltres|46/100
|-unboost|p1a: Moltres|spa|1
|-ability|p1a: Moltres|Berserk|boost
|-boost|p1a: Moltres|spa|1
|
|-heal|p2a: Clefable|56/100|[from] item: Leftovers
|upkeep
|turn|30
|
|t:|1769447633
|move|p1a: Moltres|Tera Blast|p2a: Clefable|[anim] Tera Blast Fairy
|-damage|p2a: Clefable|31/100
|move|p2a: Clefable|Thunderbolt|p1a: Moltres
|-damage|p1a: Moltres|30/100
|
|-heal|p2a: Clefable|38/100|[from] item: Leftovers
|upkeep
|turn|31
|
|t:|1769447646
|move|p1a: Moltres|Fiery Wrath|p2a: Clefable
|-resisted|p2a: Clefable
|-damage|p2a: Clefable|25/100
|move|p2a: Clefable|Moonblast|p1a: Moltres
|-damage|p1a: Moltres|3/100
|-unboost|p1a: Moltres|spa|1
|
|-heal|p2a: Clefable|31/100|[from] item: Leftovers
|upkeep
|turn|32
|
|t:|1769447651
|move|p1a: Moltres|Tera Blast|p2a: Clefable|[anim] Tera Blast Fairy
|-damage|p2a: Clefable|9/100
|move|p2a: Clefable|Moonlight|p2a: Clefable
|-heal|p2a: Clefable|59/100
|
|-heal|p2a: Clefable|65/100|[from] item: Leftovers
|upkeep
|turn|33
|-message|tiasco23 forfeited.
|
|win|BrenBrenlol
|raw|tiasco23's rating: 1332 &rarr; <strong>1311</strong><br />(-21 for losing)
|raw|BrenBrenlol's rating: 1307 &rarr; <strong>1328</strong><br />(+21 for winning)
|l|☆tiasco23
|player|p1|
|l|☆BrenBrenlol
|player|p2|
