|j|☆JayTL
|j|☆banjin
|t:|1769397322
|gametype|singles
|player|p1|JayTL|102|1318
|player|p2|banjin|beauty-gen6xy|1337
|gen|9
|tier|[Gen 9] OU
|rated|
|rule|HP Percentage Mod: HP is shown in percentages
|rule|Endless Battle Clause: Forcing endless battles is banned
|rule|Species Clause: Limit one of each Pokémon
|rule|OHKO Clause: OHKO moves are banned
|rule|Evasion Items Clause: Evasion items are banned
|rule|Evasion Moves Clause: Evasion moves are banned
|rule|Evasion Abilities Clause: Evasion abilities are banned
|rule|Sleep Moves Clause: Sleep-inducing moves are banned
|clearpoke
|poke|p1|Vikavolt, M|
|poke|p1|Gholdengo|
|poke|p1|Great Tusk|
|poke|p1|Kyurem|
|poke|p1|Volcanion|
|poke|p1|Ogerpon-Cornerstone, F|
|poke|p2|Minior-Blue|
|poke|p2|Lokix, F|
|poke|p2|Thundurus-Therian, M|
|poke|p2|Muk-Alola, F|
|poke|p2|Emboar, F|
|poke|p2|Ditto|
|teampreview
|inactive|Battle timer is ON: inactive players will automatically lose when time's up. (requested by banjin)
|inactive|JayTL also wants the timer to be on.
|
|t:|1769397332
|teamsize|p1|6
|teamsize|p2|6
|start
|switch|p1a: Great Tusk|Great Tusk|100/100
|switch|p2a: Paws|Thundurus-Therian, M|100/100
|turn|1
|
|t:|1769397345
|-end|p1a: Great Tusk|Protosynthesis|[silent]
|switch|p1a: Kyurem|Kyurem, shiny|100/100
|-ability|p1a: Kyurem|Pressure
|move|p2a: Paws|Grass Knot|p1a: Kyurem
|-resisted|p1a: Kyurem
|-damage|p1a: Kyurem|78/100
|
|upkeep
|turn|2
|
|t:|1769397361
|switch|p2a: Dragmire|Emboar, F, shiny|100/100
|move|p1a: Kyurem|Scale Shot|p2a: Dragmire
|-damage|p2a: Dragmire|84/100
|-damage|p2a: Dragmire|64/100
|-damage|p2a: Dragmire|45/100
|-damage|p2a: Dragmire|27/100
|-hitcount|p2a: Dragmire|4
|-unboost|p1a: Kyurem|def|1
|-boost|p1a: Kyurem|spe|1
|
|upkeep
|turn|3
|
|t:|1769397372
|move|p1a: Kyurem|Scale Shot|p2a: Dragmire
|-damage|p2a: Dragmire|8/100
|-damage|p2a: Dragmire|0 fnt
|faint|p2a: Dragmire
|-hitcount|p2: Dragmire|2
|-unboost|p1a: Kyurem|def|1
|-boost|p1a: Kyurem|spe|1
|
|upkeep
|
|t:|1769397377
|switch|p2a: Katy|Lokix, F|100/100
|turn|4
|
|t:|1769397384
|switch|p1a: Great Tusk|Great Tusk|100/100
|move|p2a: Katy|First Impression|p1a: Great Tusk
|-resisted|p1a: Great Tusk
|-damage|p1a: Great Tusk|74/100
|
|-heal|p1a: Great Tusk|80/100|[from] item: Leftovers
|upkeep
|turn|5
|
|t:|1769397391
|move|p2a: Katy|Lunge|p1a: Great Tusk
|-resisted|p1a: Great Tusk
|-damage|p1a: Great Tusk|55/100
|-unboost|p1a: Great Tusk|atk|1
|move|p1a: Great Tusk|Stealth Rock|p2a: Katy
|-sidestart|p2: banjin|move: Stealth Rock
|
|-heal|p1a: Great Tusk|62/100|[from] item: Leftovers
|upkeep
|turn|6
|
|t:|1769397399
|move|p2a: Katy|Lunge|p1a: Great Tusk
|-resisted|p1a: Great Tusk
|-damage|p1a: Great Tusk|36/100
|-unboost|p1a: Great Tusk|atk|1
|move|p1a: Great Tusk|Knock Off|p2a: Katy
|-resisted|p2a: Katy
|-damage|p2a: Katy|86/100
|-enditem|p2a: Katy|Heavy-Duty Boots|[from] move: Knock Off|[of] p1a: Great Tusk
|
|-heal|p1a: Great Tusk|43/100|[from] item: Leftovers
|upkeep
|turn|7
|
|t:|1769397411
|move|p2a: Katy|Lunge|p1a: Great Tusk
|-resisted|p1a: Great Tusk
|-damage|p1a: Great Tusk|15/100
|-unboost|p1a: Great Tusk|atk|1
|move|p1a: Great Tusk|Headlong Rush|p2a: Katy
|-resisted|p2a: Katy
|-damage|p2a: Katy|65/100
|-unboost|p1a: Great Tusk|def|1
|-unboost|p1a: Great Tusk|spd|1
|
|-heal|p1a: Great Tusk|21/100|[from] item: Leftovers
|upkeep
|turn|8
|
|t:|1769397427
|switch|p2a: Mr. Brightside|Minior-Blue|100/100
|-damage|p2a: Mr. Brightside|75/100|[from] Stealth Rock
|-formechange|p2a: Mr. Brightside|Minior-Meteor||[from] ability: Shields Down
|move|p1a: Great Tusk|Headlong Rush|p2a: Mr. Brightside
|-immune|p2a: Mr. Brightside
|
|-heal|p1a: Great Tusk|27/100|[from] item: Leftovers
|upkeep
|turn|9
|
|t:|1769397437
|move|p1a: Great Tusk|Knock Off|p2a: Mr. Brightside
|-damage|p2a: Mr. Brightside|57/100
|-enditem|p2a: Mr. Brightside|White Herb|[from] move: Knock Off|[of] p1a: Great Tusk
|move|p2a: Mr. Brightside|Shell Smash|p2a: Mr. Brightside
|-unboost|p2a: Mr. Brightside|def|1
|-unboost|p2a: Mr. Brightside|spd|1
|-boost|p2a: Mr. Brightside|atk|2
|-boost|p2a: Mr. Brightside|spa|2
|-boost|p2a: Mr. Brightside|spe|2
|
|-heal|p1a: Great Tusk|34/100|[from] item: Leftovers
|upkeep
|turn|10
|
|t:|1769397450
|-end|p1a: Great Tusk|Protosynthesis|[silent]
|switch|p1a: Kyurem|Kyurem, shiny|78/100
|-ability|p1a: Kyurem|Pressure
|move|p2a: Mr. Brightside|Substitute|p2a: Mr. Brightside
|-start|p2a: Mr. Brightside|Substitute
|-damage|p2a: Mr. Brightside|32/100
|
|-formechange|p2a: Mr. Brightside|Minior-Blue||[from] ability: Shields Down
|upkeep
|turn|11
|c|☆banjin|gg
|
|t:|1769397463
|-terastallize|p1a: Kyurem|Steel
|move|p2a: Mr. Brightside|Acrobatics|p1a: Kyurem
|-resisted|p1a: Kyurem
|-damage|p1a: Kyurem|25/100
|move|p1a: Kyurem|Icicle Spear|p2a: Mr. Brightside
|-supereffective|p2a: Mr. Brightside
|-end|p2a: Mr. Brightside|Substitute
|-supereffective|p2a: Mr. Brightside
|-damage|p2a: Mr. Brightside|0 fnt
|faint|p2a: Mr. Brightside
|-hitcount|p2: Mr. Brightside|2
|
|upkeep
|
|t:|1769397469
|switch|p2a: Katy|Lokix, F|65/100
|-damage|p2a: Katy|40/100|[from] Stealth Rock
|turn|12
|
|t:|1769397479
|switch|p1a: Great Tusk|Great Tusk|34/100
|move|p2a: Katy|First Impression|p1a: Great Tusk
|-resisted|p1a: Great Tusk
|-damage|p1a: Great Tusk|3/100
|
|-heal|p1a: Great Tusk|10/100|[from] item: Leftovers
|upkeep
|turn|13
|
|t:|1769397486
|move|p2a: Katy|Lunge|p1a: Great Tusk
|-resisted|p1a: Great Tusk
|-damage|p1a: Great Tusk|0 fnt
|faint|p1a: Great Tusk
|-end|p1a: Great Tusk|Protosynthesis|[silent]
|
|upkeep
|
|t:|1769397499
|switch|p1a: Volcanion|Volcanion|100/100
|turn|14
|
|t:|1769397505
|switch|p2a: 𒉎|Ditto|100/100
|-damage|p2a: 𒉎|88/100|[from] Stealth Rock
|-transform|p2a: 𒉎|p1a: Volcanion|[from] ability: Imposter
|move|p1a: Volcanion|Steam Eruption|p2a: 𒉎
|-heal|p2a: 𒉎|100/100|[from] ability: Water Absorb|[of] p1a: Volcanion
|
|upkeep
|turn|15
|
|t:|1769397517
|move|p2a: 𒉎|Flamethrower|p1a: Volcanion
|-resisted|p1a: Volcanion
|-damage|p1a: Volcanion|84/100
|move|p1a: Volcanion|Taunt|p2a: 𒉎
|-start|p2a: 𒉎|move: Taunt
|
|upkeep
|turn|16
|
|t:|1769397534
|switch|p2a: Beppo|Muk-Alola, F|100/100
|-damage|p2a: Beppo|88/100|[from] Stealth Rock
|move|p1a: Volcanion|Sludge Bomb|p2a: Beppo
|-resisted|p2a: Beppo
|-damage|p2a: Beppo|75/100
|
|upkeep
|turn|17
|-activate|p2a: Beppo|item: Quick Claw
|
|t:|1769397542
|move|p2a: Beppo|Knock Off|p1a: Volcanion
|-damage|p1a: Volcanion|40/100
|-enditem|p1a: Volcanion|Heavy-Duty Boots|[from] move: Knock Off|[of] p2a: Beppo
|move|p1a: Volcanion|Taunt|p2a: Beppo
|-start|p2a: Beppo|move: Taunt
|
|upkeep
|turn|18
|-activate|p2a: Beppo|item: Quick Claw
|
|t:|1769397551
|move|p2a: Beppo|Poison Jab|p1a: Volcanion
|-damage|p1a: Volcanion|0 fnt
|faint|p1a: Volcanion
|
|upkeep
|
|t:|1769397573
|switch|p1a: Ogerpon|Ogerpon-Cornerstone, F|100/100
|turn|19
|
|t:|1769397596
|switch|p2a: 𒉎|Ditto|100/100
|-damage|p2a: 𒉎|88/100|[from] Stealth Rock
|-transform|p2a: 𒉎|p1a: Ogerpon|[from] ability: Imposter
|move|p1a: Ogerpon|Ivy Cudgel|p2a: 𒉎|[anim] Ivy Cudgel Rock
|-damage|p2a: 𒉎|15/100
|
|upkeep
|turn|20
|
|t:|1769397607
|switch|p1a: Gholdengo|Gholdengo|100/100
|-item|p1a: Gholdengo|Air Balloon
|move|p2a: 𒉎|Ivy Cudgel|p1a: Gholdengo|[anim] Ivy Cudgel Rock
|-resisted|p1a: Gholdengo
|-damage|p1a: Gholdengo|77/100
|-enditem|p1a: Gholdengo|Air Balloon
|
|upkeep
|turn|21
|
|t:|1769397615
|move|p2a: 𒉎|Ivy Cudgel|p1a: Gholdengo|[anim] Ivy Cudgel Rock
|-resisted|p1a: Gholdengo
|-damage|p1a: Gholdengo|55/100
|move|p1a: Gholdengo|Nasty Plot|p1a: Gholdengo
|-boost|p1a: Gholdengo|spa|2
|
|upkeep
|turn|22
|
|t:|1769397621
|move|p2a: 𒉎|Ivy Cudgel|p1a: Gholdengo|[anim] Ivy Cudgel Rock
|-resisted|p1a: Gholdengo
|-damage|p1a: Gholdengo|34/100
|move|p1a: Gholdengo|Shadow Ball|p2a: 𒉎
|-damage|p2a: 𒉎|0 fnt
|faint|p2a: 𒉎
|
|upkeep
|
|t:|1769397632
|switch|p2a: Paws|Thundurus-Therian, M|100/100
|-damage|p2a: Paws|76/100|[from] Stealth Rock
|turn|23
|
|t:|1769397637
|move|p2a: Paws|Thunderbolt|p1a: Gholdengo
|-damage|p1a: Gholdengo|0 fnt
|faint|p1a: Gholdengo
|
|upkeep
|
|t:|1769397654
|switch|p1a: Vikavolt|Vikavolt, M|100/100
|turn|24
|
|t:|1769397660
|move|p2a: Paws|Nasty Plot|p2a: Paws
|-boost|p2a: Paws|spa|2
|move|p1a: Vikavolt|Tera Blast|p2a: Paws
|-damage|p2a: Paws|32/100
|
|upkeep
|turn|25
|
|t:|1769397667
|move|p2a: Paws|Thunderbolt|p1a: Vikavolt
|-resisted|p1a: Vikavolt
|-damage|p1a: Vikavolt|31/100
|move|p1a: Vikavolt|Tera Blast|p2a: Paws
|-crit|p2a: Paws
|-damage|p2a: Paws|0 fnt
|faint|p2a: Paws
|
|upkeep
|
|t:|1769397671
|switch|p2a: Katy|Lokix, F|40/100
|-damage|p2a: Katy|15/100|[from] Stealth Rock
|turn|26
|
|t:|1769397682
|move|p2a: Katy|First Impression|p1a: Vikavolt
|-damage|p1a: Vikavolt|0 fnt
|faint|p1a: Vikavolt
|
|upkeep
|
|t:|1769397687
|switch|p1a: Ogerpon|Ogerpon-Cornerstone, F|100/100
|turn|27
|
|t:|1769397690
|move|p2a: Katy|Sucker Punch|p1a: Ogerpon
|-damage|p1a: Ogerpon|59/100
|move|p1a: Ogerpon|Ivy Cudgel|p2a: Katy|[anim] Ivy Cudgel Rock
|-supereffective|p2a: Katy
|-damage|p2a: Katy|0 fnt
|faint|p2a: Katy
|
|upkeep
|
|t:|1769397693
|switch|p2a: Beppo|Muk-Alola, F|75/100
|-damage|p2a: Beppo|62/100|[from] Stealth Rock
|turn|28
|
|t:|1769397700
|move|p1a: Ogerpon|Ivy Cudgel|p2a: Beppo|[anim] Ivy Cudgel Rock
|-damage|p2a: Beppo|5/100
|move|p2a: Beppo|Poison Jab|p1a: Ogerpon
|-damage|p1a: Ogerpon|9/100
|-status|p1a: Ogerpon|psn
|
|-damage|p1a: Ogerpon|0 fnt|[from] psn
|faint|p1a: Ogerpon
|upkeep
|
|t:|1769397708
|switch|p1a: Kyurem|Kyurem, shiny, tera:Steel|25/100
|-ability|p1a: Kyurem|Pressure
|turn|29
|c|☆JayTL|GG
|
|t:|1769397712
|-terastallize|p2a: Beppo|Water
|move|p1a: Kyurem|Icicle Spear|p2a: Beppo
|-resisted|p2a: Beppo
|-damage|p2a: Beppo|0 fnt
|faint|p2a: Beppo
|-hitcount|p2: Beppo|1
|
|win|JayTL
|raw|JayTL's rating: 1318 &rarr; <strong>1339</strong><br />(+21 for winning)
|raw|banjin's rating: 1337 &rarr; <strong>1316</strong><br />(-21 for losing)
|c|☆banjin|gg
|l|☆JayTL
|player|p1|
|l|☆banjin
|player|p2|
