|j|☆plshelpme37
|j|☆Evioliths for win
|t:|1769349374
|gametype|singles
|player|p1|plshelpme37|harlequin|1363
|player|p2|Evioliths for win|ninjaboy|1328
|gen|9
|tier|[Gen 9] OU
|rated|
|rule|HP Percentage Mod: HP is shown in percentages
|rule|Endless Battle Clause: Forcing endless battles is banned
|rule|Species Clause: Limit one of each Pokémon
|rule|OHKO Clause: OHKO moves are banned
|rule|Evasion Items Clause: Evasion items are banned
|rule|Evasion Moves Clause: Evasion moves are banned
|rule|Evasion Abilities Clause: Evasion abilities are banned
|rule|Sleep Moves Clause: Sleep-inducing moves are banned
|clearpoke
|poke|p1|Cinderace, M|
|poke|p1|Torterra, M|
|poke|p1|Corviknight, F|
|poke|p1|Slowking-Galar, M|
|poke|p1|Hoopa-Unbound|
|poke|p1|Slither Wing|
|poke|p2|Darkrai|
|poke|p2|Landorus-Therian, M|
|poke|p2|Clefable, F|
|poke|p2|Gholdengo|
|poke|p2|Corviknight, M|
|poke|p2|Great Tusk|
|teampreview
|
|t:|1769349384
|teamsize|p1|6
|teamsize|p2|6
|start
|switch|p1a: Slither Wing|Slither Wing|100/100
|switch|p2a: Landorus|Landorus-Therian, M|100/100
|-ability|p2a: Landorus|Intimidate|boost
|-unboost|p1a: Slither Wing|atk|1
|turn|1
|inactive|Battle timer is ON: inactive players will automatically lose when time's up. (requested by Evioliths for win)
|inactive|Evioliths for win has 120 seconds left.
|
|t:|1769349421
|move|p2a: Landorus|Stealth Rock|p1a: Slither Wing
|-sidestart|p1: plshelpme37|move: Stealth Rock
|move|p1a: Slither Wing|Will-O-Wisp|p2a: Landorus
|-status|p2a: Landorus|brn
|
|-damage|p2a: Landorus|94/100 brn|[from] brn
|upkeep
|turn|2
|
|t:|1769349429
|move|p2a: Landorus|Taunt|p1a: Slither Wing
|-start|p1a: Slither Wing|move: Taunt
|cant|p1a: Slither Wing|move: Taunt|Will-O-Wisp
|
|-heal|p2a: Landorus|100/100 brn|[from] item: Leftovers
|-damage|p2a: Landorus|94/100 brn|[from] brn
|upkeep
|turn|3
|
|t:|1769349435
|move|p2a: Landorus|U-turn|p1a: Slither Wing
|-resisted|p1a: Slither Wing
|-damage|p1a: Slither Wing|95/100
|
|t:|1769349438
|switch|p2a: Corviknight|Corviknight, M|100/100|[from] U-turn
|move|p1a: Slither Wing|U-turn|p2a: Corviknight
|-resisted|p2a: Corviknight
|-damage|p2a: Corviknight|97/100
|
|t:|1769349442
|-end|p1a: Slither Wing|Protosynthesis|[silent]
|switch|p1a: Cinderace|Cinderace, M|100/100|[from] U-turn
|
|-heal|p2a: Corviknight|100/100|[from] item: Leftovers
|upkeep
|turn|4
|
|t:|1769349453
|switch|p2a: Landorus|Landorus-Therian, M|94/100 brn
|-ability|p2a: Landorus|Intimidate|boost
|-unboost|p1a: Cinderace|atk|1
|move|p1a: Cinderace|Pyro Ball|p2a: Landorus
|-damage|p2a: Landorus|67/100 brn
|
|-heal|p2a: Landorus|73/100 brn|[from] item: Leftovers
|-damage|p2a: Landorus|67/100 brn|[from] brn
|upkeep
|turn|5
|
|t:|1769349468
|move|p1a: Cinderace|U-turn|p2a: Landorus
|-resisted|p2a: Landorus
|-damage|p2a: Landorus|61/100 brn
|
|t:|1769349472
|switch|p1a: Corviknight|Corviknight, F|100/100|[from] U-turn
|-damage|p1a: Corviknight|88/100|[from] Stealth Rock
|move|p2a: Landorus|U-turn|p1a: Corviknight
|-resisted|p1a: Corviknight
|-damage|p1a: Corviknight|86/100
|-damage|p2a: Landorus|45/100 brn|[from] item: Rocky Helmet|[of] p1a: Corviknight
|
|t:|1769349478
|switch|p2a: Gholdengo|Gholdengo|100/100|[from] U-turn
|
|upkeep
|turn|6
|
|t:|1769349484
|move|p2a: Gholdengo|Trick|p1a: Corviknight
|-activate|p2a: Gholdengo|move: Trick|[of] p1a: Corviknight
|-item|p1a: Corviknight|Choice Scarf|[from] move: Trick
|-item|p2a: Gholdengo|Rocky Helmet|[from] move: Trick
|move|p1a: Corviknight|U-turn|p2a: Gholdengo
|-resisted|p2a: Gholdengo
|-damage|p2a: Gholdengo|97/100
|-damage|p1a: Corviknight|69/100|[from] item: Rocky Helmet|[of] p2a: Gholdengo
|
|t:|1769349490
|switch|p1a: Cinderace|Cinderace, M|100/100|[from] U-turn
|
|upkeep
|turn|7
|
|t:|1769349501
|switch|p2a: Landorus|Landorus-Therian, M|45/100 brn
|-ability|p2a: Landorus|Intimidate|boost
|-unboost|p1a: Cinderace|atk|1
|move|p1a: Cinderace|Pyro Ball|p2a: Landorus
|-damage|p2a: Landorus|18/100 brn
|
|-heal|p2a: Landorus|24/100 brn|[from] item: Leftovers
|-damage|p2a: Landorus|18/100 brn|[from] brn
|upkeep
|turn|8
|
|t:|1769349510
|move|p1a: Cinderace|Pyro Ball|p2a: Landorus
|-damage|p2a: Landorus|0 fnt
|faint|p2a: Landorus
|
|upkeep
|
|t:|1769349516
|switch|p2a: Great Tusk|Great Tusk|100/100
|turn|9
|
|t:|1769349520
|move|p1a: Cinderace|Will-O-Wisp|p2a: Great Tusk
|-status|p2a: Great Tusk|brn
|move|p2a: Great Tusk|Knock Off|p1a: Cinderace
|-damage|p1a: Cinderace|79/100
|-enditem|p1a: Cinderace|Heavy-Duty Boots|[from] move: Knock Off|[of] p2a: Great Tusk
|
|-damage|p2a: Great Tusk|94/100 brn|[from] brn
|upkeep
|turn|10
|
|t:|1769349528
|move|p1a: Cinderace|Court Change|p1a: Cinderace
|-swapsideconditions
|-activate|p1a: Cinderace|move: Court Change
|move|p2a: Great Tusk|Headlong Rush|p1a: Cinderace
|-supereffective|p1a: Cinderace
|-damage|p1a: Cinderace|0 fnt
|-unboost|p2a: Great Tusk|def|1
|-unboost|p2a: Great Tusk|spd|1
|faint|p1a: Cinderace
|
|-damage|p2a: Great Tusk|88/100 brn|[from] brn
|upkeep
|
|t:|1769349534
|switch|p1a: Hoopa|Hoopa-Unbound|100/100
|turn|11
|
|t:|1769349539
|move|p1a: Hoopa|Psychic|p2a: Great Tusk
|-supereffective|p2a: Great Tusk
|-damage|p2a: Great Tusk|0 fnt
|faint|p2a: Great Tusk
|-end|p2a: Great Tusk|Protosynthesis|[silent]
|
|upkeep
|
|t:|1769349544
|switch|p2a: Darkrai|Darkrai|100/100
|-damage|p2a: Darkrai|88/100|[from] Stealth Rock
|turn|12
|
|t:|1769349553
|switch|p1a: Slither Wing|Slither Wing|95/100
|move|p2a: Darkrai|Dark Pulse|p1a: Slither Wing
|-resisted|p1a: Slither Wing
|-damage|p1a: Slither Wing|70/100
|-damage|p2a: Darkrai|78/100|[from] item: Life Orb
|
|-heal|p1a: Slither Wing|76/100|[from] item: Leftovers
|upkeep
|turn|13
|
|t:|1769349567
|move|p2a: Darkrai|Sludge Bomb|p1a: Slither Wing
|-damage|p1a: Slither Wing|40/100
|-damage|p2a: Darkrai|68/100|[from] item: Life Orb
|move|p1a: Slither Wing|U-turn|p2a: Darkrai
|-supereffective|p2a: Darkrai
|-damage|p2a: Darkrai|0 fnt
|faint|p2a: Darkrai
|
|t:|1769349576
|-end|p1a: Slither Wing|Protosynthesis|[silent]
|switch|p1a: Hoopa|Hoopa-Unbound|100/100|[from] U-turn
|
|upkeep
|
|t:|1769349581
|switch|p2a: Corviknight|Corviknight, M|100/100
|-damage|p2a: Corviknight|88/100|[from] Stealth Rock
|turn|14
|
|t:|1769349593
|move|p1a: Hoopa|Trick|p2a: Corviknight
|-activate|p1a: Hoopa|move: Trick|[of] p2a: Corviknight
|-item|p2a: Corviknight|Choice Scarf|[from] move: Trick
|-item|p1a: Hoopa|Leftovers|[from] move: Trick
|move|p2a: Corviknight|U-turn|p1a: Hoopa
|-supereffective|p1a: Hoopa
|-damage|p1a: Hoopa|0 fnt
|faint|p1a: Hoopa
|
|t:|1769349600
|switch|p2a: Gholdengo|Gholdengo|97/100|[from] U-turn
|-damage|p2a: Gholdengo|91/100|[from] Stealth Rock
|
|upkeep
|
|t:|1769349606
|switch|p1a: Torterra|Torterra, M|100/100
|turn|15
|
|t:|1769349615
|move|p2a: Gholdengo|Make It Rain|p1a: Torterra
|-damage|p1a: Torterra|28/100
|-unboost|p2a: Gholdengo|spa|1
|move|p1a: Torterra|Shell Smash|p1a: Torterra
|-unboost|p1a: Torterra|def|1
|-unboost|p1a: Torterra|spd|1
|-boost|p1a: Torterra|atk|2
|-boost|p1a: Torterra|spa|2
|-boost|p1a: Torterra|spe|2
|-enditem|p1a: Torterra|White Herb
|-clearnegativeboost|p1a: Torterra|[silent]
|
|upkeep
|turn|16
|
|t:|1769349626
|switch|p2a: Corviknight|Corviknight, M|88/100
|-damage|p2a: Corviknight|75/100|[from] Stealth Rock
|-terastallize|p1a: Torterra|Fire
|move|p1a: Torterra|Tera Blast|p2a: Corviknight|[anim] Tera Blast Fire
|-supereffective|p2a: Corviknight
|-damage|p2a: Corviknight|0 fnt
|faint|p2a: Corviknight
|
|upkeep
|
|t:|1769349641
|switch|p2a: Clefable|Clefable, F|100/100
|turn|17
|
|t:|1769349645
|move|p1a: Torterra|Wood Hammer|p2a: Clefable
|-damage|p2a: Clefable|0 fnt
|faint|p2a: Clefable
|-damage|p1a: Torterra|0 fnt|[from] Recoil
|faint|p1a: Torterra
|
|upkeep
|
|t:|1769349654
|switch|p1a: Slowking|Slowking-Galar, M|100/100
|switch|p2a: Gholdengo|Gholdengo|91/100
|-damage|p2a: Gholdengo|85/100|[from] Stealth Rock
|turn|18
|
|t:|1769349660
|move|p2a: Gholdengo|Shadow Ball|p1a: Slowking
|-supereffective|p1a: Slowking
|-damage|p1a: Slowking|50/100
|-unboost|p1a: Slowking|spd|1
|move|p1a: Slowking|Future Sight|p2a: Gholdengo
|-start|p1a: Slowking|move: Future Sight
|
|upkeep
|turn|19
|
|t:|1769349669
|switch|p1a: Corviknight|Corviknight, F|69/100
|move|p2a: Gholdengo|Shadow Ball|p1a: Corviknight
|-damage|p1a: Corviknight|42/100
|
|upkeep
|turn|20
|
|t:|1769349676
|move|p2a: Gholdengo|Shadow Ball|p1a: Corviknight
|-damage|p1a: Corviknight|12/100
|move|p1a: Corviknight|Roost|p1a: Corviknight
|-heal|p1a: Corviknight|62/100
|-singleturn|p1a: Corviknight|move: Roost
|
|-end|p2a: Gholdengo|move: Future Sight
|-resisted|p2a: Gholdengo
|-damage|p2a: Gholdengo|60/100
|upkeep
|turn|21
|
|t:|1769349687
|move|p2a: Gholdengo|Recover|p2a: Gholdengo
|-heal|p2a: Gholdengo|100/100
|move|p1a: Corviknight|Roost|p1a: Corviknight
|-heal|p1a: Corviknight|100/100
|-singleturn|p1a: Corviknight|move: Roost
|
|upkeep
|turn|22
|-message|plshelpme37 forfeited.
|
|win|Evioliths for win
|raw|plshelpme37's rating: 1363 &rarr; <strong>1341</strong><br />(-22 for losing)
|raw|Evioliths for win's rating: 1328 &rarr; <strong>1350</strong><br />(+22 for winning)
|l|☆plshelpme37
|player|p1|
|l|☆Evioliths for win
|player|p2|
