|j|☆pratham990
|j|‽ilbkjbi
|t:|1769407864
|gametype|singles
|player|p1|pratham990|cynthia-gen4|1104
|player|p2|ilbkjbi|169|1089
|gen|9
|tier|[Gen 9] OU
|rated|
|rule|HP Percentage Mod: HP is shown in percentages
|rule|Endless Battle Clause: Forcing endless battles is banned
|rule|Species Clause: Limit one of each Pokémon
|rule|OHKO Clause: OHKO moves are banned
|rule|Evasion Items Clause: Evasion items are banned
|rule|Evasion Moves Clause: Evasion moves are banned
|rule|Evasion Abilities Clause: Evasion abilities are banned
|rule|Sleep Moves Clause: Sleep-inducing moves are banned
|clearpoke
|poke|p1|Ninetales-Alola, F|
|poke|p1|Eiscue, F|
|poke|p1|Ogerpon-Wellspring, F|
|poke|p1|Ceruledge, M|
|poke|p1|Kingambit, F|
|poke|p1|Iron Moth|
|poke|p2|Zorua-Hisui, F|
|poke|p2|Alomomola, L99, M|
|poke|p2|Slowking-Galar, F|
|poke|p2|Raging Bolt|
|poke|p2|Dragonite, F|
|poke|p2|Landorus-Therian, M|
|teampreview
|
|t:|1769407876
|teamsize|p1|6
|teamsize|p2|6
|start
|switch|p1a: Ninetales|Ninetales-Alola, F|100/100
|switch|p2a: Dragonite|Dragonite, F|100/100
|-weather|Snowscape|[from] ability: Snow Warning|[of] p1a: Ninetales
|turn|1
|
|t:|1769407887
|move|p2a: Dragonite|Trick|p1a: Ninetales
|-activate|p2a: Dragonite|move: Trick|[of] p1a: Ninetales
|-item|p1a: Ninetales|Choice Scarf|[from] move: Trick
|-item|p2a: Dragonite|Light Clay|[from] move: Trick
|move|p1a: Ninetales|Moonblast|p2a: Dragonite
|-damage|p2a: Dragonite|0 fnt
|replace|p2a: Zorua|Zorua-Hisui, F, shiny
|-end|p2a: Zorua|Illusion
|faint|p2a: Zorua
|
|-weather|Snowscape|[upkeep]
|upkeep
|
|t:|1769407901
|switch|p2a: Slowking|Slowking-Galar, F|100/100
|turn|2
|
|t:|1769407905
|move|p1a: Ninetales|Moonblast|p2a: Slowking
|-resisted|p2a: Slowking
|-damage|p2a: Slowking|90/100
|move|p2a: Slowking|Calm Mind|p2a: Slowking
|-boost|p2a: Slowking|spa|1
|-boost|p2a: Slowking|spd|1
|
|-weather|Snowscape|[upkeep]
|upkeep
|turn|3
|
|t:|1769407912
|switch|p1a: My Nightmare|Eiscue, F, shiny|100/100
|move|p2a: Slowking|Calm Mind|p2a: Slowking
|-boost|p2a: Slowking|spa|1
|-boost|p2a: Slowking|spd|1
|
|-weather|Snowscape|[upkeep]
|upkeep
|turn|4
|
|t:|1769407923
|move|p1a: My Nightmare|Substitute|p1a: My Nightmare
|-start|p1a: My Nightmare|Substitute
|-damage|p1a: My Nightmare|76/100
|move|p2a: Slowking|Calm Mind|p2a: Slowking
|-boost|p2a: Slowking|spa|1
|-boost|p2a: Slowking|spd|1
|
|-weather|Snowscape|[upkeep]
|upkeep
|turn|5
|
|t:|1769407931
|move|p1a: My Nightmare|Belly Drum|p1a: My Nightmare
|-damage|p1a: My Nightmare|26/100
|-setboost|p1a: My Nightmare|atk|6|[from] move: Belly Drum
|-enditem|p1a: My Nightmare|Sitrus Berry|[eat]
|-heal|p1a: My Nightmare|50/100|[from] item: Sitrus Berry
|move|p2a: Slowking|Stored Power|p1a: My Nightmare
|-end|p1a: My Nightmare|Substitute
|
|-weather|none
|upkeep
|turn|6
|
|t:|1769407954
|move|p1a: My Nightmare|Icicle Crash|p2a: Slowking|[miss]
|-miss|p1a: My Nightmare|p2a: Slowking
|move|p2a: Slowking|Stored Power|p1a: My Nightmare
|-damage|p1a: My Nightmare|0 fnt
|faint|p1a: My Nightmare
|
|upkeep
|
|t:|1769407961
|switch|p1a: Ceruledge|Ceruledge, M|100/100
|turn|7
|
|t:|1769407972
|move|p1a: Ceruledge|Close Combat|p2a: Slowking
|-resisted|p2a: Slowking
|-damage|p2a: Slowking|79/100
|-unboost|p1a: Ceruledge|def|1
|-unboost|p1a: Ceruledge|spd|1
|move|p2a: Slowking|Stored Power|p1a: Ceruledge
|-damage|p1a: Ceruledge|0 fnt
|faint|p1a: Ceruledge
|
|upkeep
|
|t:|1769407987
|switch|p1a: Iron Moth|Iron Moth|100/100
|-enditem|p1a: Iron Moth|Booster Energy
|-activate|p1a: Iron Moth|ability: Quark Drive|[fromitem]
|-start|p1a: Iron Moth|quarkdrivespe
|turn|8
|inactive|Battle timer is ON: inactive players will automatically lose when time's up. (requested by ilbkjbi)
|
|t:|1769408010
|move|p1a: Iron Moth|Sludge Wave|p2a: Slowking
|-resisted|p2a: Slowking
|-damage|p2a: Slowking|73/100
|move|p2a: Slowking|Stored Power|p1a: Iron Moth
|-supereffective|p1a: Iron Moth
|-damage|p1a: Iron Moth|0 fnt
|faint|p1a: Iron Moth
|-end|p1a: Iron Moth|Quark Drive|[silent]
|
|upkeep
|
|t:|1769408018
|switch|p1a: Ogerpon|Ogerpon-Wellspring, F|100/100
|turn|9
|
|t:|1769408026
|move|p1a: Ogerpon|Ivy Cudgel|p2a: Slowking|[anim] Ivy Cudgel Water
|-crit|p2a: Slowking
|-damage|p2a: Slowking|0 fnt
|faint|p2a: Slowking
|
|upkeep
|
|t:|1769408033
|switch|p2a: Dragonite|Dragonite, F|100/100
|turn|10
|
|t:|1769408038
|switch|p1a: Ninetales|Ninetales-Alola, F|100/100
|-weather|Snowscape|[from] ability: Snow Warning|[of] p1a: Ninetales
|move|p2a: Dragonite|Dragon Dance|p2a: Dragonite
|-boost|p2a: Dragonite|atk|1
|-boost|p2a: Dragonite|spe|1
|
|-weather|Snowscape|[upkeep]
|upkeep
|turn|11
|
|t:|1769408048
|move|p1a: Ninetales|Moonblast|p2a: Dragonite
|-supereffective|p2a: Dragonite
|-damage|p2a: Dragonite|67/100
|-unboost|p2a: Dragonite|spa|1
|move|p2a: Dragonite|Dragon Dance|p2a: Dragonite
|-boost|p2a: Dragonite|atk|1
|-boost|p2a: Dragonite|spe|1
|
|-weather|Snowscape|[upkeep]
|upkeep
|turn|12
|
|t:|1769408061
|-terastallize|p1a: Ninetales|Fire
|-terastallize|p2a: Dragonite|Flying
|move|p1a: Ninetales|Moonblast|p2a: Dragonite
|-damage|p2a: Dragonite|32/100
|move|p2a: Dragonite|Tera Blast|p1a: Ninetales|[anim] Tera Blast Flying
|-damage|p1a: Ninetales|0 fnt
|faint|p1a: Ninetales
|
|-weather|Snowscape|[upkeep]
|upkeep
|
|t:|1769408073
|switch|p1a: Ogerpon|Ogerpon-Wellspring, F|100/100
|turn|13
|
|t:|1769408087
|move|p2a: Dragonite|Tera Blast|p1a: Ogerpon|[anim] Tera Blast Flying
|-supereffective|p1a: Ogerpon
|-damage|p1a: Ogerpon|0 fnt
|faint|p1a: Ogerpon
|
|-weather|Snowscape|[upkeep]
|upkeep
|
|t:|1769408092
|switch|p1a: Kingambit|Kingambit, F|100/100
|-activate|p1a: Kingambit|ability: Supreme Overlord
|-start|p1a: Kingambit|fallen5|[silent]
|turn|14
|
|t:|1769408099
|move|p2a: Dragonite|Roost|p2a: Dragonite
|-heal|p2a: Dragonite|83/100
|-hint|If a Terastallized Pokemon uses Roost, it remains Flying-type.
|move|p1a: Kingambit|Iron Head|p2a: Dragonite
|-damage|p2a: Dragonite|20/100
|
|-weather|none
|upkeep
|turn|15
|
|t:|1769408108
|move|p1a: Kingambit|Sucker Punch||[still]
|-fail|p1a: Kingambit
|move|p2a: Dragonite|Roost|p2a: Dragonite
|-heal|p2a: Dragonite|70/100
|-hint|If a Terastallized Pokemon uses Roost, it remains Flying-type.
|
|upkeep
|turn|16
|
|t:|1769408119
|move|p1a: Kingambit|Sucker Punch||[still]
|-fail|p1a: Kingambit
|move|p2a: Dragonite|Encore|p1a: Kingambit
|-start|p1a: Kingambit|Encore
|
|upkeep
|turn|17
|
|t:|1769408124
|move|p1a: Kingambit|Sucker Punch||[still]
|-fail|p1a: Kingambit
|move|p2a: Dragonite|Roost|p2a: Dragonite
|-heal|p2a: Dragonite|100/100
|-hint|If a Terastallized Pokemon uses Roost, it remains Flying-type.
|
|upkeep
|turn|18
|
|t:|1769408130
|move|p1a: Kingambit|Sucker Punch||[still]
|-fail|p1a: Kingambit
|move|p2a: Dragonite|Dragon Dance|p2a: Dragonite
|-boost|p2a: Dragonite|atk|1
|-boost|p2a: Dragonite|spe|1
|
|upkeep
|turn|19
|
|t:|1769408136
|move|p1a: Kingambit|Sucker Punch||[still]
|-fail|p1a: Kingambit
|move|p2a: Dragonite|Dragon Dance|p2a: Dragonite
|-boost|p2a: Dragonite|atk|1
|-boost|p2a: Dragonite|spe|1
|
|-end|p1a: Kingambit|Encore
|upkeep
|turn|20
|
|t:|1769408145
|move|p2a: Dragonite|Encore|p1a: Kingambit
|-start|p1a: Kingambit|Encore
|move|p1a: Kingambit|Sucker Punch||[still]
|-fail|p1a: Kingambit
|
|upkeep
|turn|21
|
|t:|1769408150
|move|p1a: Kingambit|Sucker Punch|p2a: Dragonite
|-damage|p2a: Dragonite|73/100
|move|p2a: Dragonite|Tera Blast|p1a: Kingambit|[anim] Tera Blast Flying
|-resisted|p1a: Kingambit
|-damage|p1a: Kingambit|23/100
|
|-heal|p1a: Kingambit|30/100|[from] item: Leftovers
|upkeep
|turn|22
|
|t:|1769408158
|move|p1a: Kingambit|Sucker Punch||[still]
|-fail|p1a: Kingambit
|move|p2a: Dragonite|Roost|p2a: Dragonite
|-heal|p2a: Dragonite|100/100
|-hint|If a Terastallized Pokemon uses Roost, it remains Flying-type.
|
|-heal|p1a: Kingambit|36/100|[from] item: Leftovers
|-end|p1a: Kingambit|Encore
|upkeep
|turn|23
|
|t:|1769408175
|move|p2a: Dragonite|Tera Blast|p1a: Kingambit|[anim] Tera Blast Flying
|-resisted|p1a: Kingambit
|-damage|p1a: Kingambit|0 fnt
|faint|p1a: Kingambit
|-end|p1a: Kingambit|fallen5|[silent]
|
|win|ilbkjbi
|raw|pratham990's rating: 1104 &rarr; <strong>1078</strong><br />(-26 for losing)
|raw|ilbkjbi's rating: 1089 &rarr; <strong>1117</strong><br />(+28 for winning)
|l|☆pratham990
|player|p1|
|l|‽ilbkjbi
|player|p2|
