|badge|p2|bronze|gen9ou|100-8
|uhtml|medal-msg|<div class="broadcast-blue">Curious what those medals under the avatar are? PS now has Ladder Seasons! For more information, check out the <a href="https://www.smogon.com/forums/threads/3740067/">thread on Smogon.</a></div>
|j|☆GODKUD
|j|☆Acastillo631
|t:|1769349868
|gametype|singles
|player|p1|GODKUD|ghetsis|1678
|player|p2|Acastillo631|silver|1914
|gen|9
|tier|[Gen 9] OU
|rated|
|rule|HP Percentage Mod: HP is shown in percentages
|rule|Endless Battle Clause: Forcing endless battles is banned
|rule|Species Clause: Limit one of each Pokémon
|rule|OHKO Clause: OHKO moves are banned
|rule|Evasion Items Clause: Evasion items are banned
|rule|Evasion Moves Clause: Evasion moves are banned
|rule|Evasion Abilities Clause: Evasion abilities are banned
|rule|Sleep Moves Clause: Sleep-inducing moves are banned
|clearpoke
|poke|p1|Ceruledge, M|
|poke|p1|Corviknight, M|
|poke|p1|Slowking-Galar, F|
|poke|p1|Great Tusk|
|poke|p1|Hydreigon, M|
|poke|p1|Primarina, F|
|poke|p2|Iron Valiant|
|poke|p2|Sinistcha|
|poke|p2|Tyranitar, F|
|poke|p2|Keldeo-Resolute|
|poke|p2|Iron Treads|
|poke|p2|Klefki, M|
|teampreview
|inactive|Battle timer is ON: inactive players will automatically lose when time's up. (requested by GODKUD)
|j| FirstLightSoulja
|
|t:|1769349887
|teamsize|p1|6
|teamsize|p2|6
|start
|switch|p1a: Corviknight|Corviknight, M|100/100
|switch|p2a: Redips|Klefki, M|100/100
|-ability|p1a: Corviknight|Pressure
|turn|1
|
|t:|1769349891
|move|p2a: Redips|Thunder Wave|p1a: Corviknight
|-status|p1a: Corviknight|par
|move|p1a: Corviknight|U-turn|p2a: Redips
|-resisted|p2a: Redips
|-damage|p2a: Redips|97/100
|-damage|p1a: Corviknight|84/100 par|[from] item: Rocky Helmet|[of] p2a: Redips
|
|t:|1769349896
|switch|p1a: Hydreigon|Hydreigon, M|100/100|[from] U-turn
|
|upkeep
|turn|2
|
|t:|1769349903
|move|p2a: Redips|Magnet Rise|p2a: Redips
|-start|p2a: Redips|Magnet Rise
|move|p1a: Hydreigon|Earth Power|p2a: Redips
|-immune|p2a: Redips
|
|upkeep
|turn|3
|
|t:|1769349908
|switch|p1a: Slowking|Slowking-Galar, F|100/100
|move|p2a: Redips|Dazzling Gleam|p1a: Slowking
|-resisted|p1a: Slowking
|-damage|p1a: Slowking|94/100
|
|upkeep
|turn|4
|
|t:|1769349914
|switch|p1a: Corviknight|Corviknight, M|84/100 par
|-ability|p1a: Corviknight|Pressure
|move|p2a: Redips|Spikes|p1a: Corviknight
|-sidestart|p1: GODKUD|Spikes
|
|upkeep
|turn|5
|
|t:|1769349921
|switch|p2a: Wire Sponge|Sinistcha|100/100
|move|p1a: Corviknight|Defog|p2a: Wire Sponge
|-unboost|p2a: Wire Sponge|evasion|1
|-sideend|p1: GODKUD|Spikes|[from] move: Defog|[of] p1a: Corviknight
|
|upkeep
|turn|6
|
|t:|1769349926
|move|p2a: Wire Sponge|Nasty Plot|p2a: Wire Sponge
|-boost|p2a: Wire Sponge|spa|2
|move|p1a: Corviknight|U-turn|p2a: Wire Sponge
|-damage|p2a: Wire Sponge|90/100
|
|t:|1769349932
|switch|p1a: Hydreigon|Hydreigon, M|100/100|[from] U-turn
|
|upkeep
|turn|7
|
|t:|1769349940
|switch|p2a: Redips|Klefki, M|97/100
|move|p1a: Hydreigon|Dark Pulse|p2a: Redips
|-resisted|p2a: Redips
|-damage|p2a: Redips|63/100
|
|upkeep
|turn|8
|
|t:|1769349948
|move|p2a: Redips|Spikes|p1a: Hydreigon
|-sidestart|p1: GODKUD|Spikes
|move|p1a: Hydreigon|Dark Pulse|p2a: Redips
|-resisted|p2a: Redips
|-damage|p2a: Redips|29/100
|
|upkeep
|turn|9
|
|t:|1769349955
|switch|p2a: Eregion|Tyranitar, F|100/100
|-weather|Sandstorm|[from] ability: Sand Stream|[of] p2a: Eregion
|move|p1a: Hydreigon|Dark Pulse|p2a: Eregion
|-resisted|p2a: Eregion
|-damage|p2a: Eregion|89/100
|
|-weather|Sandstorm|[upkeep]
|-damage|p1a: Hydreigon|94/100|[from] Sandstorm
|-heal|p2a: Eregion|95/100|[from] item: Leftovers
|upkeep
|turn|10
|
|t:|1769349963
|switch|p1a: Corviknight|Corviknight, M|84/100 par
|-ability|p1a: Corviknight|Pressure
|move|p2a: Eregion|Knock Off|p1a: Corviknight
|-damage|p1a: Corviknight|56/100 par
|-damage|p2a: Eregion|78/100|[from] item: Rocky Helmet|[of] p1a: Corviknight
|-enditem|p1a: Corviknight|Rocky Helmet|[from] move: Knock Off|[of] p2a: Eregion
|
|-weather|Sandstorm|[upkeep]
|-heal|p2a: Eregion|85/100|[from] item: Leftovers
|upkeep
|turn|11
|
|t:|1769349970
|switch|p2a: Wire Sponge|Sinistcha|90/100
|move|p1a: Corviknight|Roost|p1a: Corviknight
|-heal|p1a: Corviknight|100/100 par
|-singleturn|p1a: Corviknight|move: Roost
|
|-weather|Sandstorm|[upkeep]
|-damage|p2a: Wire Sponge|84/100|[from] Sandstorm
|upkeep
|turn|12
|
|t:|1769349977
|move|p2a: Wire Sponge|Shadow Ball|p1a: Corviknight
|-damage|p1a: Corviknight|69/100 par
|move|p1a: Corviknight|Defog|p2a: Wire Sponge
|-unboost|p2a: Wire Sponge|evasion|1
|-sideend|p1: GODKUD|Spikes|[from] move: Defog|[of] p1a: Corviknight
|
|-weather|Sandstorm|[upkeep]
|-damage|p2a: Wire Sponge|78/100|[from] Sandstorm
|upkeep
|turn|13
|
|t:|1769349983
|switch|p1a: Hydreigon|Hydreigon, M|94/100
|move|p2a: Wire Sponge|Shadow Ball|p1a: Hydreigon
|-resisted|p1a: Hydreigon
|-damage|p1a: Hydreigon|77/100
|
|-weather|none
|upkeep
|turn|14
|
|t:|1769349990
|switch|p2a: Spiral Pegasus|Keldeo-Resolute|100/100
|move|p1a: Hydreigon|Draco Meteor|p2a: Spiral Pegasus
|-damage|p2a: Spiral Pegasus|0 fnt
|-unboost|p1a: Hydreigon|spa|2
|faint|p2a: Spiral Pegasus
|
|upkeep
|
|t:|1769350001
|switch|p2a: Wire Sponge|Sinistcha|78/100
|turn|15
|
|t:|1769350005
|switch|p1a: Slowking|Slowking-Galar, F|100/100
|move|p2a: Wire Sponge|Strength Sap|p1a: Slowking
|-unboost|p1a: Slowking|atk|1
|-heal|p2a: Wire Sponge|100/100
|
|upkeep
|turn|16
|
|t:|1769350014
|switch|p2a: Eregion|Tyranitar, F|85/100
|-weather|Sandstorm|[from] ability: Sand Stream|[of] p2a: Eregion
|move|p1a: Slowking|Toxic|p2a: Eregion
|-status|p2a: Eregion|tox
|
|-weather|Sandstorm|[upkeep]
|-damage|p1a: Slowking|94/100|[from] Sandstorm
|-heal|p2a: Eregion|91/100 tox|[from] item: Leftovers
|-damage|p2a: Eregion|85/100 tox|[from] psn
|upkeep
|turn|17
|
|t:|1769350019
|switch|p1a: Corviknight|Corviknight, M|69/100 par
|-ability|p1a: Corviknight|Pressure
|move|p2a: Eregion|Stealth Rock|p1a: Corviknight
|-sidestart|p1: GODKUD|move: Stealth Rock
|
|-weather|Sandstorm|[upkeep]
|-heal|p2a: Eregion|91/100 tox|[from] item: Leftovers
|-damage|p2a: Eregion|78/100 tox|[from] psn
|upkeep
|turn|18
|
|t:|1769350025
|switch|p2a: Wire Sponge|Sinistcha|100/100
|move|p1a: Corviknight|Defog|p2a: Wire Sponge
|-unboost|p2a: Wire Sponge|evasion|1
|-sideend|p1: GODKUD|Stealth Rock|[from] move: Defog|[of] p1a: Corviknight
|
|-weather|Sandstorm|[upkeep]
|-damage|p2a: Wire Sponge|94/100|[from] Sandstorm
|upkeep
|turn|19
|
|t:|1769350040
|move|p2a: Wire Sponge|Shadow Ball|p1a: Corviknight
|-damage|p1a: Corviknight|35/100 par
|move|p1a: Corviknight|U-turn|p2a: Wire Sponge
|-damage|p2a: Wire Sponge|84/100
|
|t:|1769350051
|switch|p1a: Slowking|Slowking-Galar, F|100/100|[from] U-turn
|
|-weather|Sandstorm|[upkeep]
|-damage|p2a: Wire Sponge|78/100|[from] Sandstorm
|-damage|p1a: Slowking|94/100|[from] Sandstorm
|upkeep
|turn|20
|
|t:|1769350057
|switch|p2a: Redips|Klefki, M|29/100
|-prepare|p1a: Slowking|Chilly Reception|[premajor]
|move|p1a: Slowking|Chilly Reception|p1a: Slowking
|-weather|Snowscape
|
|t:|1769350062
|switch|p1a: Hydreigon|Hydreigon, M|77/100|[from] Chilly Reception
|
|-weather|Snowscape|[upkeep]
|upkeep
|turn|21
|
|t:|1769350068
|move|p2a: Redips|Spikes|p1a: Hydreigon
|-sidestart|p1: GODKUD|Spikes
|move|p1a: Hydreigon|Dark Pulse|p2a: Redips
|-resisted|p2a: Redips
|-damage|p2a: Redips|0 fnt
|faint|p2a: Redips
|
|-weather|Snowscape|[upkeep]
|upkeep
|
|t:|1769350078
|switch|p2a: Eregion|Tyranitar, F|78/100 tox
|-weather|Sandstorm|[from] ability: Sand Stream|[of] p2a: Eregion
|turn|22
|
|t:|1769350087
|switch|p1a: Great Tusk|Great Tusk|100/100
|-damage|p1a: Great Tusk|88/100|[from] Spikes
|-enditem|p1a: Great Tusk|Booster Energy
|-activate|p1a: Great Tusk|ability: Protosynthesis|[fromitem]
|-start|p1a: Great Tusk|protosynthesisatk
|move|p2a: Eregion|Knock Off|p1a: Great Tusk
|-resisted|p1a: Great Tusk
|-damage|p1a: Great Tusk|78/100
|
|-weather|Sandstorm|[upkeep]
|-heal|p2a: Eregion|85/100 tox|[from] item: Leftovers
|-damage|p2a: Eregion|78/100 tox|[from] psn
|upkeep
|turn|23
|
|t:|1769350099
|switch|p2a: Armored Armadillo|Iron Treads|100/100
|-item|p2a: Armored Armadillo|Air Balloon
|move|p1a: Great Tusk|Stealth Rock|p2a: Armored Armadillo
|-sidestart|p2: Acastillo631|move: Stealth Rock
|
|-weather|Sandstorm|[upkeep]
|upkeep
|turn|24
|
|t:|1769350107
|move|p2a: Armored Armadillo|Ice Spinner|p1a: Great Tusk
|-supereffective|p1a: Great Tusk
|-damage|p1a: Great Tusk|44/100
|move|p1a: Great Tusk|Rapid Spin|p2a: Armored Armadillo
|-resisted|p2a: Armored Armadillo
|-damage|p2a: Armored Armadillo|90/100
|-boost|p1a: Great Tusk|spe|1
|-enditem|p2a: Armored Armadillo|Air Balloon
|-sideend|p1: GODKUD|Spikes|[from] move: Rapid Spin|[of] p1a: Great Tusk
|
|-weather|Sandstorm|[upkeep]
|upkeep
|turn|25
|-message|Acastillo631 forfeited.
|
|win|GODKUD
|raw|GODKUD's rating: 1678 &rarr; <strong>1710</strong><br />(+32 for winning)
|raw|Acastillo631's rating: 1914 &rarr; <strong>1882</strong><br />(-32 for losing)
|l|☆Acastillo631
|player|p2|
|l|☆GODKUD
|player|p1|
