|j|☆Trainerthatisded
|j|☆valiums
|t:|1769404570
|gametype|singles
|player|p1|Trainerthatisded|birdkeeper|1408
|player|p2|valiums|iono-masters2|1419
|gen|9
|tier|[Gen 9] OU
|rated|
|rule|HP Percentage Mod: HP is shown in percentages
|rule|Endless Battle Clause: Forcing endless battles is banned
|rule|Species Clause: Limit one of each Pokémon
|rule|OHKO Clause: OHKO moves are banned
|rule|Evasion Items Clause: Evasion items are banned
|rule|Evasion Moves Clause: Evasion moves are banned
|rule|Evasion Abilities Clause: Evasion abilities are banned
|rule|Sleep Moves Clause: Sleep-inducing moves are banned
|clearpoke
|poke|p1|Cinderace, F|
|poke|p1|Raging Bolt|
|poke|p1|Meowscarada, M|
|poke|p1|Slowking-Galar, M|
|poke|p1|Great Tusk|
|poke|p1|Corviknight, F|
|poke|p2|Pecharunt|
|poke|p2|Hatterene, F|
|poke|p2|Rillaboom, F|
|poke|p2|Ceruledge, F|
|poke|p2|Iron Treads|
|poke|p2|Araquanid, F|
|teampreview
|
|t:|1769404610
|teamsize|p1|6
|teamsize|p2|6
|start
|switch|p1a: Turboking|Slowking-Galar, M|100/100
|switch|p2a: Ceruledge|Ceruledge, F, shiny|100/100
|turn|1
|
|t:|1769404618
|switch|p2a: Araquanid|Araquanid, F, shiny|100/100
|move|p1a: Turboking|Psyshock|p2a: Araquanid
|-damage|p2a: Araquanid|60/100
|
|upkeep
|turn|2
|
|t:|1769404657
|move|p2a: Araquanid|Surf|p1a: Turboking
|-damage|p1a: Turboking|72/100
|move|p1a: Turboking|Sludge Bomb|p2a: Araquanid
|-damage|p2a: Araquanid|27/100
|
|upkeep
|turn|3
|
|t:|1769404675
|-terastallize|p2a: Araquanid|Ghost
|move|p2a: Araquanid|Sticky Web|p1a: Turboking
|-sidestart|p1: Trainerthatisded|move: Sticky Web
|move|p1a: Turboking|Sludge Bomb|p2a: Araquanid
|-resisted|p2a: Araquanid
|-damage|p2a: Araquanid|10/100
|
|upkeep
|turn|4
|-enditem|p2a: Araquanid|Custap Berry|[eat]
|-activate|p2a: Araquanid|item: Custap Berry|[consumed]
|
|t:|1769404685
|move|p2a: Araquanid|Reflect|p2a: Araquanid
|-sidestart|p2: valiums|Reflect
|move|p1a: Turboking|Psyshock|p2a: Araquanid
|-damage|p2a: Araquanid|0 fnt
|faint|p2a: Araquanid
|
|upkeep
|
|t:|1769404692
|switch|p2a: Rillaboom|Rillaboom, F, shiny|100/100
|-fieldstart|move: Grassy Terrain|[from] ability: Grassy Surge|[of] p2a: Rillaboom
|turn|5
|
|t:|1769404696
|move|p2a: Rillaboom|Knock Off|p1a: Turboking
|-supereffective|p1a: Turboking
|-damage|p1a: Turboking|2/100
|-enditem|p1a: Turboking|Assault Vest|[from] move: Knock Off|[of] p2a: Rillaboom
|move|p1a: Turboking|Sludge Bomb|p2a: Rillaboom
|-supereffective|p2a: Rillaboom
|-damage|p2a: Rillaboom|34/100
|-status|p2a: Rillaboom|psn
|
|-heal|p2a: Rillaboom|40/100 psn|[from] Grassy Terrain
|-heal|p1a: Turboking|8/100|[from] Grassy Terrain
|-damage|p2a: Rillaboom|28/100 psn|[from] psn
|upkeep
|turn|6
|
|t:|1769404707
|switch|p1a: Corviknight|Corviknight, F|100/100
|-ability|p1a: Corviknight|Pressure
|move|p2a: Rillaboom|U-turn|p1a: Corviknight
|-resisted|p1a: Corviknight
|-damage|p1a: Corviknight|96/100
|-damage|p2a: Rillaboom|11/100 psn|[from] item: Rocky Helmet|[of] p1a: Corviknight
|
|t:|1769404719
|switch|p2a: Pecharunt|Pecharunt|100/100|[from] U-turn
|
|upkeep
|turn|7
|
|t:|1769404723
|move|p2a: Pecharunt|Parting Shot|p1a: Corviknight
|-unboost|p1a: Corviknight|atk|1
|-unboost|p1a: Corviknight|spa|1
|
|t:|1769404726
|switch|p2a: Hatterene|Hatterene, F, shiny|100/100|[from] Parting Shot
|-enditem|p2a: Hatterene|Grassy Seed
|-boost|p2a: Hatterene|def|1|[from] item: Grassy Seed
|move|p1a: Corviknight|U-turn|p2a: Hatterene
|-damage|p2a: Hatterene|98/100
|
|t:|1769404742
|switch|p1a: Brontobolt|Raging Bolt|100/100|[from] U-turn
|-activate|p1a: Brontobolt|move: Sticky Web
|-unboost|p1a: Brontobolt|spe|1
|
|-heal|p2a: Hatterene|100/100|[from] Grassy Terrain
|upkeep
|turn|8
|
|t:|1769404759
|move|p1a: Brontobolt|Thunderclap||[still]
|-fail|p1a: Brontobolt
|move|p2a: Hatterene|Calm Mind|p2a: Hatterene
|-boost|p2a: Hatterene|spa|1
|-boost|p2a: Hatterene|spd|1
|
|-sideend|p2: valiums|Reflect
|upkeep
|turn|9
|
|t:|1769404767
|-end|p1a: Brontobolt|Protosynthesis|[silent]
|switch|p1a: Cinderace|Cinderace, F|100/100
|move|p2a: Hatterene|Calm Mind|p2a: Hatterene
|-boost|p2a: Hatterene|spa|1
|-boost|p2a: Hatterene|spd|1
|
|-fieldend|move: Grassy Terrain
|upkeep
|turn|10
|
|t:|1769404806
|move|p1a: Cinderace|Pyro Ball|p2a: Hatterene
|-damage|p2a: Hatterene|68/100
|move|p2a: Hatterene|Stored Power|p1a: Cinderace
|-damage|p1a: Cinderace|0 fnt
|faint|p1a: Cinderace
|
|upkeep
|
|t:|1769404819
|switch|p1a: Meowscarada|Meowscarada, M|100/100
|-activate|p1a: Meowscarada|move: Sticky Web
|-unboost|p1a: Meowscarada|spe|1
|turn|11
|
|t:|1769404833
|move|p1a: Meowscarada|U-turn|p2a: Hatterene
|-start|p1a: Meowscarada|typechange|Bug|[from] ability: Protean
|-damage|p2a: Hatterene|50/100
|
|t:|1769404839
|switch|p1a: Corviknight|Corviknight, F|96/100|[from] U-turn
|-ability|p1a: Corviknight|Pressure
|move|p2a: Hatterene|Draining Kiss|p1a: Corviknight
|-resisted|p1a: Corviknight
|-damage|p1a: Corviknight|72/100
|-heal|p2a: Hatterene|73/100|[from] drain|[of] p1a: Corviknight
|-damage|p2a: Hatterene|56/100|[from] item: Rocky Helmet|[of] p1a: Corviknight
|
|upkeep
|turn|12
|
|t:|1769404850
|move|p1a: Corviknight|Iron Defense|p1a: Corviknight
|-boost|p1a: Corviknight|def|2
|move|p2a: Hatterene|Stored Power|p1a: Corviknight
|-resisted|p1a: Corviknight
|-damage|p1a: Corviknight|21/100
|
|upkeep
|turn|13
|
|t:|1769404856
|move|p1a: Corviknight|Roost|p1a: Corviknight
|-heal|p1a: Corviknight|71/100
|-singleturn|p1a: Corviknight|move: Roost
|move|p2a: Hatterene|Stored Power|p1a: Corviknight
|-resisted|p1a: Corviknight
|-damage|p1a: Corviknight|14/100
|
|upkeep
|turn|14
|
|t:|1769404861
|move|p1a: Corviknight|Roost|p1a: Corviknight
|-heal|p1a: Corviknight|64/100
|-singleturn|p1a: Corviknight|move: Roost
|move|p2a: Hatterene|Stored Power|p1a: Corviknight
|-resisted|p1a: Corviknight
|-damage|p1a: Corviknight|15/100
|
|upkeep
|turn|15
|
|t:|1769404885
|switch|p1a: Meowscarada|Meowscarada, M|100/100
|-activate|p1a: Meowscarada|move: Sticky Web
|-unboost|p1a: Meowscarada|spe|1
|move|p2a: Hatterene|Stored Power|p1a: Meowscarada
|-immune|p1a: Meowscarada
|
|upkeep
|turn|16
|
|t:|1769404894
|move|p1a: Meowscarada|Flower Trick|p2a: Hatterene
|-start|p1a: Meowscarada|typechange|Grass|[from] ability: Protean
|-crit|p2a: Hatterene
|-damage|p2a: Hatterene|17/100
|move|p2a: Hatterene|Draining Kiss|p1a: Meowscarada
|-damage|p1a: Meowscarada|28/100
|-heal|p2a: Hatterene|67/100|[from] drain|[of] p1a: Meowscarada
|
|upkeep
|turn|17
|
|t:|1769404906
|move|p1a: Meowscarada|Flower Trick|p2a: Hatterene
|-crit|p2a: Hatterene
|-damage|p2a: Hatterene|28/100
|move|p2a: Hatterene|Draining Kiss|p1a: Meowscarada
|-damage|p1a: Meowscarada|0 fnt
|-heal|p2a: Hatterene|47/100|[from] drain|[of] p1a: Meowscarada
|faint|p1a: Meowscarada
|
|upkeep
|
|t:|1769404917
|switch|p1a: Donphang|Great Tusk|100/100
|turn|18
|inactive|Battle timer is ON: inactive players will automatically lose when time's up. (requested by Trainerthatisded)
|
|t:|1769404946
|move|p1a: Donphang|Headlong Rush|p2a: Hatterene
|-damage|p2a: Hatterene|14/100
|-unboost|p1a: Donphang|def|1
|-unboost|p1a: Donphang|spd|1
|move|p2a: Hatterene|Draining Kiss|p1a: Donphang
|-supereffective|p1a: Donphang
|-damage|p1a: Donphang|0 fnt
|-heal|p2a: Hatterene|100/100|[from] drain|[of] p1a: Donphang
|faint|p1a: Donphang
|-end|p1a: Donphang|Protosynthesis|[silent]
|
|upkeep
|-message|Trainerthatisded forfeited.
|
|win|valiums
|raw|Trainerthatisded's rating: 1408 &rarr; <strong>1389</strong><br />(-19 for losing)
|raw|valiums's rating: 1419 &rarr; <strong>1438</strong><br />(+19 for winning)
|l|☆Trainerthatisded
|player|p1|
|l|☆valiums
|player|p2|
