|j|☆Smizzo
|j|☆fieryflames123*
|t:|1769351640
|gametype|singles
|player|p1|Smizzo|102|1196
|player|p2|fieryflames123*|roxie|1216
|gen|9
|tier|[Gen 9] OU
|rated|
|rule|HP Percentage Mod: HP is shown in percentages
|rule|Endless Battle Clause: Forcing endless battles is banned
|rule|Species Clause: Limit one of each Pokémon
|rule|OHKO Clause: OHKO moves are banned
|rule|Evasion Items Clause: Evasion items are banned
|rule|Evasion Moves Clause: Evasion moves are banned
|rule|Evasion Abilities Clause: Evasion abilities are banned
|rule|Sleep Moves Clause: Sleep-inducing moves are banned
|clearpoke
|poke|p1|Hippowdon, F|
|poke|p1|Indeedee, M|
|poke|p1|Iron Valiant|
|poke|p1|Corviknight, M|
|poke|p1|Ogerpon-Cornerstone, F|
|poke|p1|Araquanid, F|
|poke|p2|Infernape, F|
|poke|p2|Typhlosion-Hisui, F|
|poke|p2|Blaziken, M|
|poke|p2|Torkoal, M|
|poke|p2|Heatran, M|
|poke|p2|Delphox, M|
|teampreview
|
|t:|1769351652
|teamsize|p1|6
|teamsize|p2|6
|start
|switch|p1a: Ogerpon|Ogerpon-Cornerstone, F|100/100
|switch|p2a: Heatran|Heatran, M|100/100
|-item|p2a: Heatran|Air Balloon
|turn|1
|
|t:|1769351666
|move|p1a: Ogerpon|Ivy Cudgel|p2a: Heatran|[anim] Ivy Cudgel Rock
|-damage|p2a: Heatran|53/100
|-enditem|p2a: Heatran|Air Balloon
|move|p2a: Heatran|Flash Cannon|p1a: Ogerpon
|-supereffective|p1a: Ogerpon
|-ability|p1a: Ogerpon|Sturdy
|-damage|p1a: Ogerpon|1/100
|
|upkeep
|turn|2
|
|t:|1769351677
|-terastallize|p1a: Ogerpon|Rock
|detailschange|p1a: Ogerpon|Ogerpon-Cornerstone-Tera, F, tera:Rock
|-ability|p1a: Ogerpon|Embody Aspect (Cornerstone)|boost
|-boost|p1a: Ogerpon|def|1
|move|p1a: Ogerpon|Ivy Cudgel|p2a: Heatran|[anim] Ivy Cudgel Rock
|-crit|p2a: Heatran
|-damage|p2a: Heatran|0 fnt
|faint|p2a: Heatran
|
|upkeep
|
|t:|1769351687
|switch|p2a: Infernape|Infernape, F|100/100
|turn|3
|
|t:|1769351691
|switch|p1a: Indeedee|Indeedee, M|100/100
|-fieldstart|move: Psychic Terrain|[from] ability: Psychic Surge|[of] p1a: Indeedee
|move|p2a: Infernape|Mach Punch|p1a: Indeedee
|-activate|p1a: Indeedee|move: Psychic Terrain
|
|upkeep
|turn|4
|
|t:|1769351703
|switch|p1a: Corviknight|Corviknight, M|100/100
|move|p2a: Infernape|Flare Blitz|p1a: Corviknight
|-supereffective|p1a: Corviknight
|-damage|p1a: Corviknight|0 fnt
|faint|p1a: Corviknight
|-damage|p2a: Infernape|63/100|[from] Recoil
|
|upkeep
|
|t:|1769351709
|switch|p1a: Araquanid|Araquanid, F|100/100
|-enditem|p1a: Araquanid|Psychic Seed
|-boost|p1a: Araquanid|spd|1|[from] item: Psychic Seed
|turn|5
|
|t:|1769351722
|move|p2a: Infernape|Thunder Punch|p1a: Araquanid
|-supereffective|p1a: Araquanid
|-damage|p1a: Araquanid|68/100
|move|p1a: Araquanid|Sticky Web|p2a: Infernape
|-sidestart|p2: fieryflames123*|move: Sticky Web
|
|upkeep
|turn|6
|
|t:|1769351728
|move|p2a: Infernape|Thunder Punch|p1a: Araquanid
|-supereffective|p1a: Araquanid
|-damage|p1a: Araquanid|30/100
|move|p1a: Araquanid|Liquidation|p2a: Infernape
|-supereffective|p2a: Infernape
|-damage|p2a: Infernape|0 fnt
|faint|p2a: Infernape
|
|upkeep
|
|t:|1769351741
|switch|p2a: Torkoal|Torkoal, M|100/100
|-activate|p2a: Torkoal|move: Sticky Web
|-unboost|p2a: Torkoal|spe|1
|-weather|SunnyDay|[from] ability: Drought|[of] p2a: Torkoal
|turn|7
|
|t:|1769351754
|move|p1a: Araquanid|Liquidation|p2a: Torkoal
|-supereffective|p2a: Torkoal
|-damage|p2a: Torkoal|68/100
|move|p2a: Torkoal|Lava Plume|p1a: Araquanid
|-damage|p1a: Araquanid|17/100
|
|-weather|SunnyDay|[upkeep]
|-fieldend|move: Psychic Terrain
|upkeep
|turn|8
|
|t:|1769351765
|move|p1a: Araquanid|Liquidation|p2a: Torkoal
|-supereffective|p2a: Torkoal
|-damage|p2a: Torkoal|35/100
|move|p2a: Torkoal|Stealth Rock|p1a: Araquanid
|-sidestart|p1: Smizzo|move: Stealth Rock
|
|-weather|SunnyDay|[upkeep]
|upkeep
|turn|9
|
|t:|1769351774
|move|p1a: Araquanid|Liquidation|p2a: Torkoal
|-supereffective|p2a: Torkoal
|-damage|p2a: Torkoal|5/100
|move|p2a: Torkoal|Rapid Spin|p1a: Araquanid
|-damage|p1a: Araquanid|10/100
|-boost|p2a: Torkoal|spe|1
|-sideend|p2: fieryflames123*|Sticky Web|[from] move: Rapid Spin|[of] p2a: Torkoal
|
|-weather|SunnyDay|[upkeep]
|upkeep
|turn|10
|
|t:|1769351783
|move|p1a: Araquanid|Liquidation|p2a: Torkoal
|-supereffective|p2a: Torkoal
|-damage|p2a: Torkoal|0 fnt
|faint|p2a: Torkoal
|
|-weather|SunnyDay|[upkeep]
|upkeep
|
|t:|1769351791
|switch|p2a: Delphox|Delphox, M|100/100
|turn|11
|
|t:|1769351798
|move|p2a: Delphox|Psychic|p1a: Araquanid
|-damage|p1a: Araquanid|0 fnt
|faint|p1a: Araquanid
|
|-weather|SunnyDay|[upkeep]
|upkeep
|
|t:|1769351806
|switch|p1a: Hippowdon|Hippowdon, F|100/100
|-damage|p1a: Hippowdon|94/100|[from] Stealth Rock
|-weather|Sandstorm|[from] ability: Sand Stream|[of] p1a: Hippowdon
|turn|12
|
|t:|1769351812
|move|p2a: Delphox|Trick|p1a: Hippowdon
|-activate|p2a: Delphox|move: Trick|[of] p1a: Hippowdon
|-item|p1a: Hippowdon|Flame Orb|[from] move: Trick
|-item|p2a: Delphox|Assault Vest|[from] move: Trick
|move|p1a: Hippowdon|Earthquake|p2a: Delphox
|-supereffective|p2a: Delphox
|-damage|p2a: Delphox|0 fnt
|faint|p2a: Delphox
|
|-weather|Sandstorm|[upkeep]
|-status|p1a: Hippowdon|brn|[from] item: Flame Orb
|upkeep
|
|t:|1769351824
|switch|p2a: Typhlosion|Typhlosion-Hisui, F|100/100
|turn|13
|
|t:|1769351829
|move|p2a: Typhlosion|Infernal Parade|p1a: Hippowdon
|-damage|p1a: Hippowdon|37/100 brn
|move|p1a: Hippowdon|Earthquake|p2a: Typhlosion
|-supereffective|p2a: Typhlosion
|-damage|p2a: Typhlosion|15/100
|
|-weather|Sandstorm|[upkeep]
|-damage|p2a: Typhlosion|9/100|[from] Sandstorm
|-damage|p1a: Hippowdon|31/100 brn|[from] brn
|upkeep
|turn|14
|
|t:|1769351840
|move|p2a: Typhlosion|Infernal Parade|p1a: Hippowdon
|-damage|p1a: Hippowdon|0 fnt
|faint|p1a: Hippowdon
|
|-weather|Sandstorm|[upkeep]
|-damage|p2a: Typhlosion|3/100|[from] Sandstorm
|upkeep
|
|t:|1769351847
|switch|p1a: Indeedee|Indeedee, M|100/100
|-damage|p1a: Indeedee|88/100|[from] Stealth Rock
|-fieldstart|move: Psychic Terrain|[from] ability: Psychic Surge|[of] p1a: Indeedee
|turn|15
|
|t:|1769351852
|move|p2a: Typhlosion|Infernal Parade|p1a: Indeedee
|-immune|p1a: Indeedee
|move|p1a: Indeedee|Expanding Force|p2a: Typhlosion
|-damage|p2a: Typhlosion|0 fnt
|faint|p2a: Typhlosion
|-damage|p1a: Indeedee|78/100|[from] item: Life Orb
|
|-weather|Sandstorm|[upkeep]
|-damage|p1a: Indeedee|72/100|[from] Sandstorm
|upkeep
|
|t:|1769351863
|switch|p2a: Blaziken|Blaziken, M, shiny|100/100
|turn|16
|
|t:|1769351875
|-terastallize|p2a: Blaziken|Ghost
|move|p2a: Blaziken|Protect|p2a: Blaziken
|-singleturn|p2a: Blaziken|Protect
|move|p1a: Indeedee|Expanding Force|p2a: Blaziken
|-activate|p2a: Blaziken|move: Protect
|
|-weather|none
|-ability|p2a: Blaziken|Speed Boost|boost
|-boost|p2a: Blaziken|spe|1
|upkeep
|turn|17
|
|t:|1769351891
|move|p2a: Blaziken|Fire Punch|p1a: Indeedee
|-damage|p1a: Indeedee|0 fnt
|faint|p1a: Indeedee
|
|-ability|p2a: Blaziken|Speed Boost|boost
|-boost|p2a: Blaziken|spe|1
|upkeep
|
|t:|1769351896
|switch|p1a: Iron Valiant|Iron Valiant|100/100
|-damage|p1a: Iron Valiant|94/100|[from] Stealth Rock
|-enditem|p1a: Iron Valiant|Booster Energy
|-activate|p1a: Iron Valiant|ability: Quark Drive|[fromitem]
|-start|p1a: Iron Valiant|quarkdrivespe
|turn|18
|
|t:|1769351907
|move|p2a: Blaziken|Protect|p2a: Blaziken
|-singleturn|p2a: Blaziken|Protect
|move|p1a: Iron Valiant|Spirit Break|p2a: Blaziken
|-activate|p2a: Blaziken|move: Protect
|
|-ability|p2a: Blaziken|Speed Boost|boost
|-boost|p2a: Blaziken|spe|1
|upkeep
|turn|19
|
|t:|1769351933
|move|p2a: Blaziken|Fire Punch|p1a: Iron Valiant
|-damage|p1a: Iron Valiant|39/100
|-status|p1a: Iron Valiant|brn
|move|p1a: Iron Valiant|Spirit Break|p2a: Blaziken
|-damage|p2a: Blaziken|72/100
|-unboost|p2a: Blaziken|spa|1
|
|-damage|p1a: Iron Valiant|33/100 brn|[from] brn
|-fieldend|move: Psychic Terrain
|-ability|p2a: Blaziken|Speed Boost|boost
|-boost|p2a: Blaziken|spe|1
|upkeep
|turn|20
|-message|Smizzo forfeited.
|
|win|fieryflames123*
|raw|Smizzo's rating: 1196 &rarr; <strong>1172</strong><br />(-24 for losing)
|raw|fieryflames123*'s rating: 1216 &rarr; <strong>1240</strong><br />(+24 for winning)
|l|☆Smizzo
|player|p1|
|l|☆fieryflames123*
|player|p2|
