|j|☆SocialCreditLover
|j|☆Goblin Demolisher
|t:|1769384666
|gametype|singles
|player|p1|SocialCreditLover|li|1570
|player|p2|Goblin Demolisher|cheryl|1555
|gen|9
|tier|[Gen 9] OU
|rated|
|rule|HP Percentage Mod: HP is shown in percentages
|rule|Endless Battle Clause: Forcing endless battles is banned
|rule|Species Clause: Limit one of each Pokémon
|rule|OHKO Clause: OHKO moves are banned
|rule|Evasion Items Clause: Evasion items are banned
|rule|Evasion Moves Clause: Evasion moves are banned
|rule|Evasion Abilities Clause: Evasion abilities are banned
|rule|Sleep Moves Clause: Sleep-inducing moves are banned
|clearpoke
|poke|p1|Ting-Lu|
|poke|p1|Weezing-Galar, M|
|poke|p1|Alomomola, F|
|poke|p1|Tornadus-Therian, M|
|poke|p1|Gholdengo|
|poke|p1|Zamazenta-*|
|poke|p2|Mienshao, M|
|poke|p2|Alomomola, F|
|poke|p2|Kyurem|
|poke|p2|Great Tusk|
|poke|p2|Tornadus-Therian, M|
|poke|p2|Iron Crown|
|teampreview
|
|t:|1769384677
|teamsize|p1|6
|teamsize|p2|6
|start
|switch|p1a: Therry Christmas|Tornadus-Therian, M|100/100
|switch|p2a: Mienshao|Mienshao, M|100/100
|turn|1
|inactive|Battle timer is ON: inactive players will automatically lose when time's up. (requested by SocialCreditLover)
|
|t:|1769384681
|switch|p2a: Alomomola|Alomomola, F|100/100
|move|p1a: Therry Christmas|Bleakwind Storm|p2a: Alomomola|[miss]
|-miss|p1a: Therry Christmas|p2a: Alomomola
|
|upkeep
|turn|2
|
|t:|1769384685
|move|p1a: Therry Christmas|Knock Off|p2a: Alomomola
|-damage|p2a: Alomomola|88/100
|-enditem|p2a: Alomomola|Assault Vest|[from] move: Knock Off|[of] p1a: Therry Christmas
|move|p2a: Alomomola|Flip Turn|p1a: Therry Christmas
|-damage|p1a: Therry Christmas|81/100
|
|t:|1769384688
|switch|p2a: Iron Crown|Iron Crown|100/100|[from] Flip Turn
|
|upkeep
|turn|3
|
|t:|1769384693
|move|p2a: Iron Crown|Volt Switch|p1a: Therry Christmas
|-supereffective|p1a: Therry Christmas
|-damage|p1a: Therry Christmas|29/100
|
|t:|1769384700
|-end|p2a: Iron Crown|Quark Drive|[silent]
|switch|p2a: Tornadus|Tornadus-Therian, M|100/100|[from] Volt Switch
|move|p1a: Therry Christmas|Knock Off|p2a: Tornadus
|-damage|p2a: Tornadus|76/100
|-enditem|p2a: Tornadus|Heavy-Duty Boots|[from] move: Knock Off|[of] p1a: Therry Christmas
|
|upkeep
|turn|4
|
|t:|1769384710
|switch|p1a: Alomomola|Alomomola, F|100/100
|move|p2a: Tornadus|Knock Off|p1a: Alomomola
|-damage|p1a: Alomomola|89/100
|-damage|p2a: Tornadus|60/100|[from] item: Rocky Helmet|[of] p1a: Alomomola
|-enditem|p1a: Alomomola|Rocky Helmet|[from] move: Knock Off|[of] p2a: Tornadus
|
|upkeep
|turn|5
|
|t:|1769384714
|move|p2a: Tornadus|U-turn|p1a: Alomomola
|-damage|p1a: Alomomola|80/100
|
|t:|1769384718
|switch|p2a: Alomomola|Alomomola, F|100/100|[from] U-turn
|move|p1a: Alomomola|Flip Turn|p2a: Alomomola
|-resisted|p2a: Alomomola
|-damage|p2a: Alomomola|95/100
|
|t:|1769384724
|switch|p1a: Therry Christmas|Tornadus-Therian, M|62/100|[from] Flip Turn
|
|upkeep
|turn|6
|
|t:|1769384726
|move|p1a: Therry Christmas|U-turn|p2a: Alomomola
|-damage|p2a: Alomomola|85/100
|
|t:|1769384728
|switch|p1a: Alomomola|Alomomola, F|100/100|[from] U-turn
|move|p2a: Alomomola|Flip Turn|p1a: Alomomola
|-resisted|p1a: Alomomola
|-damage|p1a: Alomomola|96/100
|
|t:|1769384730
|switch|p2a: Kyurem|Kyurem|100/100|[from] Flip Turn
|-ability|p2a: Kyurem|Pressure
|
|upkeep
|turn|7
|
|t:|1769384734
|move|p2a: Kyurem|Freeze-Dry|p1a: Alomomola
|-supereffective|p1a: Alomomola
|-damage|p1a: Alomomola|0 fnt
|faint|p1a: Alomomola
|
|upkeep
|
|t:|1769384740
|switch|p1a: Dog in this Fight|Zamazenta|100/100
|-ability|p1a: Dog in this Fight|Dauntless Shield|boost
|-boost|p1a: Dog in this Fight|def|1
|turn|8
|
|t:|1769384746
|-terastallize|p2a: Kyurem|Ghost
|move|p1a: Dog in this Fight|Stone Edge|p2a: Kyurem
|-damage|p2a: Kyurem|70/100
|move|p2a: Kyurem|Freeze-Dry|p1a: Dog in this Fight
|-damage|p1a: Dog in this Fight|55/100
|
|upkeep
|turn|9
|
|t:|1769384761
|switch|p2a: Mienshao|Mienshao, M|100/100
|move|p1a: Dog in this Fight|Crunch|p2a: Mienshao
|-resisted|p2a: Mienshao
|-damage|p2a: Mienshao|75/100
|
|upkeep
|turn|10
|
|t:|1769384764
|switch|p2a: Tornadus|Tornadus-Therian, M|93/100
|move|p1a: Dog in this Fight|Close Combat|p2a: Tornadus
|-resisted|p2a: Tornadus
|-damage|p2a: Tornadus|59/100
|-unboost|p1a: Dog in this Fight|def|1
|-unboost|p1a: Dog in this Fight|spd|1
|
|upkeep
|turn|11
|
|t:|1769384770
|switch|p2a: Great Tusk|Great Tusk|100/100
|move|p1a: Dog in this Fight|Stone Edge|p2a: Great Tusk|[miss]
|-miss|p1a: Dog in this Fight|p2a: Great Tusk
|
|upkeep
|turn|12
|
|t:|1769384776
|switch|p1a: Das Capital|Weezing-Galar, M|100/100
|-ability|p1a: Das Capital|Neutralizing Gas
|move|p2a: Great Tusk|Rapid Spin|p1a: Das Capital
|-damage|p1a: Das Capital|91/100
|-boost|p2a: Great Tusk|spe|1
|
|upkeep
|turn|13
|
|t:|1769384784
|move|p2a: Great Tusk|Headlong Rush|p1a: Das Capital
|-supereffective|p1a: Das Capital
|-damage|p1a: Das Capital|17/100
|-unboost|p2a: Great Tusk|def|1
|-unboost|p2a: Great Tusk|spd|1
|move|p1a: Das Capital|Will-O-Wisp|p2a: Great Tusk
|-status|p2a: Great Tusk|brn
|
|-damage|p2a: Great Tusk|94/100 brn|[from] brn
|upkeep
|turn|14
|
|t:|1769384791
|-end|p1a: Das Capital|ability: Neutralizing Gas
|switch|p1a: Therry Christmas|Tornadus-Therian, M|95/100
|move|p2a: Great Tusk|Stealth Rock|p1a: Therry Christmas
|-sidestart|p1: SocialCreditLover|move: Stealth Rock
|
|-damage|p2a: Great Tusk|88/100 brn|[from] brn
|upkeep
|turn|15
|
|t:|1769384800
|-end|p2a: Great Tusk|Protosynthesis|[silent]
|switch|p2a: Alomomola|Alomomola, F|100/100
|move|p1a: Therry Christmas|U-turn|p2a: Alomomola
|-damage|p2a: Alomomola|90/100
|
|t:|1769384802
|switch|p1a: Das Capital|Weezing-Galar, M|17/100|[from] U-turn
|-ability|p1a: Das Capital|Neutralizing Gas
|
|upkeep
|turn|16
|
|t:|1769384805
|move|p1a: Das Capital|Pain Split|p2a: Alomomola
|-sethp|p2a: Alomomola|51/100|[from] move: Pain Split|[silent]
|-sethp|p1a: Das Capital|72/100|[from] move: Pain Split
|move|p2a: Alomomola|Flip Turn|p1a: Das Capital
|-damage|p1a: Das Capital|60/100
|
|t:|1769384810
|switch|p2a: Iron Crown|Iron Crown|100/100|[from] Flip Turn
|
|upkeep
|turn|17
|
|t:|1769384818
|-end|p1a: Das Capital|ability: Neutralizing Gas
|switch|p1a: Lus-Lus Situation|Ting-Lu|100/100
|-damage|p1a: Lus-Lus Situation|94/100|[from] Stealth Rock
|-ability|p1a: Lus-Lus Situation|Vessel of Ruin
|move|p2a: Iron Crown|Focus Blast|p1a: Lus-Lus Situation
|-supereffective|p1a: Lus-Lus Situation
|-damage|p1a: Lus-Lus Situation|56/100
|
|-heal|p1a: Lus-Lus Situation|62/100|[from] item: Leftovers
|upkeep
|turn|18
|
|t:|1769384829
|-end|p2a: Iron Crown|Quark Drive|[silent]
|switch|p2a: Alomomola|Alomomola, F|51/100
|move|p1a: Lus-Lus Situation|Stealth Rock|p2a: Alomomola
|-sidestart|p2: Goblin Demolisher|move: Stealth Rock
|
|-heal|p1a: Lus-Lus Situation|69/100|[from] item: Leftovers
|upkeep
|turn|19
|
|t:|1769384831
|move|p1a: Lus-Lus Situation|Earthquake|p2a: Alomomola
|-damage|p2a: Alomomola|24/100
|move|p2a: Alomomola|Flip Turn|p1a: Lus-Lus Situation
|-supereffective|p1a: Lus-Lus Situation
|-damage|p1a: Lus-Lus Situation|51/100
|
|t:|1769384834
|switch|p2a: Mienshao|Mienshao, M|100/100|[from] Flip Turn
|-damage|p2a: Mienshao|95/100|[from] Stealth Rock
|
|-heal|p1a: Lus-Lus Situation|57/100|[from] item: Leftovers
|upkeep
|turn|20
|
|t:|1769384839
|switch|p1a: Therry Christmas|Tornadus-Therian, M|100/100
|move|p2a: Mienshao|Knock Off|p1a: Therry Christmas
|-damage|p1a: Therry Christmas|52/100
|-enditem|p1a: Therry Christmas|Heavy-Duty Boots|[from] move: Knock Off|[of] p2a: Mienshao
|-damage|p2a: Mienshao|85/100|[from] item: Life Orb
|
|upkeep
|turn|21
|
|t:|1769384847
|switch|p2a: Iron Crown|Iron Crown|100/100
|-damage|p2a: Iron Crown|94/100|[from] Stealth Rock
|move|p1a: Therry Christmas|Bleakwind Storm|p2a: Iron Crown
|-resisted|p2a: Iron Crown
|-damage|p2a: Iron Crown|76/100
|-unboost|p2a: Iron Crown|spe|1
|
|upkeep
|turn|22
|
|t:|1769384857
|move|p1a: Therry Christmas|Knock Off|p2a: Iron Crown
|-supereffective|p2a: Iron Crown
|-damage|p2a: Iron Crown|32/100
|-enditem|p2a: Iron Crown|Choice Scarf|[from] move: Knock Off|[of] p1a: Therry Christmas
|move|p2a: Iron Crown|Focus Blast|p1a: Therry Christmas
|-resisted|p1a: Therry Christmas
|-damage|p1a: Therry Christmas|29/100
|-unboost|p1a: Therry Christmas|spd|1
|
|upkeep
|turn|23
|
|t:|1769384863
|-end|p2a: Iron Crown|Quark Drive|[silent]
|switch|p2a: Alomomola|Alomomola, F|58/100
|-damage|p2a: Alomomola|45/100|[from] Stealth Rock
|move|p1a: Therry Christmas|Heat Wave|p2a: Alomomola|[miss]
|-miss|p1a: Therry Christmas|p2a: Alomomola
|
|upkeep
|turn|24
|
|t:|1769384866
|move|p1a: Therry Christmas|U-turn|p2a: Alomomola
|-damage|p2a: Alomomola|36/100
|
|t:|1769384876
|switch|p1a: Dog in this Fight|Zamazenta|55/100|[from] U-turn
|move|p2a: Alomomola|Flip Turn|p1a: Dog in this Fight
|-damage|p1a: Dog in this Fight|41/100
|
|t:|1769384897
|switch|p2a: Great Tusk|Great Tusk|88/100 brn|[from] Flip Turn
|
|-damage|p2a: Great Tusk|82/100 brn|[from] brn
|upkeep
|turn|25
|
|t:|1769384915
|move|p1a: Dog in this Fight|Ice Fang|p2a: Great Tusk
|-supereffective|p2a: Great Tusk
|-damage|p2a: Great Tusk|56/100 brn
|move|p2a: Great Tusk|Headlong Rush|p1a: Dog in this Fight
|-damage|p1a: Dog in this Fight|19/100
|-unboost|p2a: Great Tusk|def|1
|-unboost|p2a: Great Tusk|spd|1
|
|-damage|p2a: Great Tusk|50/100 brn|[from] brn
|upkeep
|turn|26
|
|t:|1769384927
|move|p1a: Dog in this Fight|Close Combat|p2a: Great Tusk
|-damage|p2a: Great Tusk|0 fnt
|-unboost|p1a: Dog in this Fight|def|1
|-unboost|p1a: Dog in this Fight|spd|1
|faint|p2a: Great Tusk
|-end|p2a: Great Tusk|Protosynthesis|[silent]
|
|upkeep
|
|t:|1769384940
|switch|p2a: Kyurem|Kyurem, tera:Ghost|70/100
|-damage|p2a: Kyurem|57/100|[from] Stealth Rock
|-ability|p2a: Kyurem|Pressure
|turn|27
|
|t:|1769384955
|move|p1a: Dog in this Fight|Crunch|p2a: Kyurem
|-supereffective|p2a: Kyurem
|-damage|p2a: Kyurem|9/100
|move|p2a: Kyurem|Earth Power|p1a: Dog in this Fight
|-damage|p1a: Dog in this Fight|0 fnt
|faint|p1a: Dog in this Fight
|
|upkeep
|
|t:|1769384963
|switch|p1a: Therry Christmas|Tornadus-Therian, M|62/100
|-damage|p1a: Therry Christmas|37/100|[from] Stealth Rock
|turn|28
|
|t:|1769384966
|switch|p2a: Alomomola|Alomomola, F|69/100
|-damage|p2a: Alomomola|57/100|[from] Stealth Rock
|move|p1a: Therry Christmas|Bleakwind Storm|p2a: Alomomola
|-damage|p2a: Alomomola|26/100
|
|upkeep
|turn|29
|
|t:|1769384973
|switch|p2a: Tornadus|Tornadus-Therian, M|92/100
|-damage|p2a: Tornadus|67/100|[from] Stealth Rock
|move|p1a: Therry Christmas|Bleakwind Storm|p2a: Tornadus
|-damage|p2a: Tornadus|27/100
|-unboost|p2a: Tornadus|spe|1
|
|upkeep
|turn|30
|
|t:|1769384981
|switch|p2a: Kyurem|Kyurem, tera:Ghost|9/100
|-damage|p2a: Kyurem|0 fnt|[from] Stealth Rock
|faint|p2a: Kyurem
|move|p1a: Therry Christmas|Bleakwind Storm|p2: Kyurem|[notarget]
|-fail|p1a: Therry Christmas
|
|upkeep
|
|t:|1769384992
|switch|p2a: Alomomola|Alomomola, F|59/100
|-damage|p2a: Alomomola|47/100|[from] Stealth Rock
|turn|31
|
|t:|1769384999
|move|p1a: Therry Christmas|Bleakwind Storm|p2a: Alomomola
|-damage|p2a: Alomomola|19/100
|-unboost|p2a: Alomomola|spe|1
|move|p2a: Alomomola|Flip Turn|p1a: Therry Christmas
|-damage|p1a: Therry Christmas|19/100
|
|t:|1769385008
|switch|p2a: Mienshao|Mienshao, M|100/100|[from] Flip Turn
|-damage|p2a: Mienshao|95/100|[from] Stealth Rock
|
|upkeep
|turn|32
|
|t:|1769385025
|switch|p1a: Das Capital|Weezing-Galar, M|60/100
|-ability|p1a: Das Capital|Neutralizing Gas
|switch|p2a: Tornadus|Tornadus-Therian, M|60/100
|-damage|p2a: Tornadus|36/100|[from] Stealth Rock
|
|upkeep
|turn|33
|
|t:|1769385031
|move|p2a: Tornadus|Bleakwind Storm|p1a: Das Capital
|-damage|p1a: Das Capital|9/100
|move|p1a: Das Capital|Sludge Bomb|p2a: Tornadus
|-damage|p2a: Tornadus|8/100
|
|upkeep
|turn|34
|
|t:|1769385038
|move|p2a: Tornadus|Heat Wave|p1a: Das Capital
|-damage|p1a: Das Capital|0 fnt
|faint|p1a: Das Capital
|-end|p1a: Das Capital|ability: Neutralizing Gas
|
|upkeep
|
|t:|1769385042
|switch|p1a: Lus-Lus Situation|Ting-Lu|57/100
|-damage|p1a: Lus-Lus Situation|51/100|[from] Stealth Rock
|-ability|p1a: Lus-Lus Situation|Vessel of Ruin
|turn|35
|
|t:|1769385046
|move|p2a: Tornadus|U-turn|p1a: Lus-Lus Situation
|-supereffective|p1a: Lus-Lus Situation
|-damage|p1a: Lus-Lus Situation|34/100
|
|t:|1769385050
|switch|p2a: Mienshao|Mienshao, M|95/100|[from] U-turn
|-damage|p2a: Mienshao|89/100|[from] Stealth Rock
|move|p1a: Lus-Lus Situation|Ruination|p2a: Mienshao
|-damage|p2a: Mienshao|45/100
|
|-heal|p1a: Lus-Lus Situation|41/100|[from] item: Leftovers
|upkeep
|turn|36
|
|t:|1769385055
|switch|p1a: Therry Christmas|Tornadus-Therian, M|52/100
|-damage|p1a: Therry Christmas|27/100|[from] Stealth Rock
|move|p2a: Mienshao|U-turn|p1a: Therry Christmas
|-resisted|p1a: Therry Christmas
|-damage|p1a: Therry Christmas|10/100
|-damage|p2a: Mienshao|35/100|[from] item: Life Orb
|
|t:|1769385058
|switch|p2a: Alomomola|Alomomola, F|52/100|[from] U-turn
|-damage|p2a: Alomomola|39/100|[from] Stealth Rock
|
|upkeep
|turn|37
|
|t:|1769385063
|move|p1a: Therry Christmas|Bleakwind Storm|p2a: Alomomola
|-damage|p2a: Alomomola|7/100
|-unboost|p2a: Alomomola|spe|1
|move|p2a: Alomomola|Flip Turn|p1a: Therry Christmas
|-damage|p1a: Therry Christmas|0 fnt
|faint|p1a: Therry Christmas
|
|t:|1769385069
|switch|p2a: Mienshao|Mienshao, M|68/100|[from] Flip Turn
|-damage|p2a: Mienshao|62/100|[from] Stealth Rock
|
|upkeep
|
|t:|1769385071
|switch|p1a: Djengo Unrained|Gholdengo|100/100
|-damage|p1a: Djengo Unrained|94/100|[from] Stealth Rock
|turn|38
|
|t:|1769385074
|-terastallize|p1a: Djengo Unrained|Steel
|move|p1a: Djengo Unrained|Make It Rain|p2a: Mienshao
|-damage|p2a: Mienshao|0 fnt
|-unboost|p1a: Djengo Unrained|spa|1
|faint|p2a: Mienshao
|
|upkeep
|
|t:|1769385081
|switch|p2a: Alomomola|Alomomola, F|40/100
|-damage|p2a: Alomomola|28/100|[from] Stealth Rock
|turn|39
|
|t:|1769385086
|switch|p1a: Lus-Lus Situation|Ting-Lu|41/100
|-damage|p1a: Lus-Lus Situation|34/100|[from] Stealth Rock
|-ability|p1a: Lus-Lus Situation|Vessel of Ruin
|switch|p2a: Tornadus|Tornadus-Therian, M|41/100
|-damage|p2a: Tornadus|17/100|[from] Stealth Rock
|
|-heal|p1a: Lus-Lus Situation|41/100|[from] item: Leftovers
|upkeep
|turn|40
|
|t:|1769385095
|switch|p1a: Djengo Unrained|Gholdengo, tera:Steel|94/100
|-damage|p1a: Djengo Unrained|88/100|[from] Stealth Rock
|move|p2a: Tornadus|U-turn|p1a: Djengo Unrained
|-resisted|p1a: Djengo Unrained
|-damage|p1a: Djengo Unrained|80/100
|
|t:|1769385096
|switch|p2a: Alomomola|Alomomola, F|61/100|[from] U-turn
|-damage|p2a: Alomomola|48/100|[from] Stealth Rock
|
|upkeep
|turn|41
|
|t:|1769385126
|move|p1a: Djengo Unrained|Shadow Ball|p2a: Alomomola
|-damage|p2a: Alomomola|16/100
|move|p2a: Alomomola|Mirror Coat|p1a: Djengo Unrained
|-damage|p1a: Djengo Unrained|0 fnt
|faint|p1a: Djengo Unrained
|
|upkeep
|
|t:|1769385131
|switch|p1a: Lus-Lus Situation|Ting-Lu|41/100
|-damage|p1a: Lus-Lus Situation|34/100|[from] Stealth Rock
|-ability|p1a: Lus-Lus Situation|Vessel of Ruin
|turn|42
|-message|SocialCreditLover forfeited.
|
|win|Goblin Demolisher
|raw|SocialCreditLover's rating: 1570 &rarr; <strong>1549</strong><br />(-21 for losing)
|raw|Goblin Demolisher's rating: 1555 &rarr; <strong>1576</strong><br />(+21 for winning)
|l|☆SocialCreditLover
|player|p1|
|l|☆Goblin Demolisher
|player|p2|
