|j|☆youseeme20226
|j|☆ntn4life
|t:|1769406726
|gametype|singles
|player|p1|youseeme20226|170|1245
|player|p2|ntn4life|pokemonranger-gen4|1225
|gen|9
|tier|[Gen 9] OU
|rated|
|rule|HP Percentage Mod: HP is shown in percentages
|rule|Endless Battle Clause: Forcing endless battles is banned
|rule|Species Clause: Limit one of each Pokémon
|rule|OHKO Clause: OHKO moves are banned
|rule|Evasion Items Clause: Evasion items are banned
|rule|Evasion Moves Clause: Evasion moves are banned
|rule|Evasion Abilities Clause: Evasion abilities are banned
|rule|Sleep Moves Clause: Sleep-inducing moves are banned
|clearpoke
|poke|p1|Darkrai|
|poke|p1|Ceruledge, M|
|poke|p1|Araquanid, F|
|poke|p1|Glimmora, F|
|poke|p1|Crocalor, M|
|poke|p1|Hariyama, F|
|poke|p2|Ninetales, M|
|poke|p2|Great Tusk|
|poke|p2|Venusaur, M|
|poke|p2|Walking Wake|
|poke|p2|Ceruledge, F|
|poke|p2|Hatterene, F|
|teampreview
|
|t:|1769406757
|teamsize|p1|6
|teamsize|p2|6
|start
|switch|p1a: Darkrai|Darkrai|100/100
|switch|p2a: Ninetales|Ninetales, M, shiny|100/100
|-weather|SunnyDay|[from] ability: Drought|[of] p2a: Ninetales
|turn|1
|inactive|Battle timer is ON: inactive players will automatically lose when time's up. (requested by youseeme20226)
|
|t:|1769406778
|move|p1a: Darkrai|Dark Pulse|p2a: Ninetales
|-damage|p2a: Ninetales|43/100
|-damage|p1a: Darkrai|91/100|[from] item: Life Orb
|move|p2a: Ninetales|Weather Ball|p1a: Darkrai
|-damage|p1a: Darkrai|35/100
|
|-weather|SunnyDay|[upkeep]
|upkeep
|turn|2
|
|t:|1769406790
|move|p1a: Darkrai|Dark Pulse|p2a: Ninetales
|-damage|p2a: Ninetales|0 fnt
|faint|p2a: Ninetales
|-damage|p1a: Darkrai|25/100|[from] item: Life Orb
|
|-weather|SunnyDay|[upkeep]
|upkeep
|
|t:|1769406796
|switch|p2a: Walking Wake|Walking Wake|100/100
|-activate|p2a: Walking Wake|ability: Protosynthesis
|-start|p2a: Walking Wake|protosynthesisspe
|turn|3
|
|t:|1769406808
|switch|p1a: Araquanid|Araquanid, F|100/100
|move|p2a: Walking Wake|Hydro Steam|p1a: Araquanid
|-resisted|p1a: Araquanid
|-damage|p1a: Araquanid|75/100
|
|-weather|SunnyDay|[upkeep]
|upkeep
|turn|4
|
|t:|1769406818
|move|p2a: Walking Wake|Flip Turn|p1a: Araquanid
|-resisted|p1a: Araquanid
|-damage|p1a: Araquanid|71/100
|
|t:|1769406821
|-end|p2a: Walking Wake|Protosynthesis|[silent]
|switch|p2a: Hatterene|Hatterene, F|100/100|[from] Flip Turn
|move|p1a: Araquanid|Sticky Web|p2a: Hatterene
|move|p2a: Hatterene|Sticky Web|p1a: Araquanid|[from] ability: Magic Bounce
|-sidestart|p1: youseeme20226|move: Sticky Web
|
|-weather|SunnyDay|[upkeep]
|upkeep
|turn|5
|inactive|ntn4life has 120 seconds left.
|
|t:|1769406853
|move|p1a: Araquanid|Hydro Pump|p2a: Hatterene
|-damage|p2a: Hatterene|72/100
|move|p2a: Hatterene|Nuzzle|p1a: Araquanid
|-supereffective|p1a: Araquanid
|-damage|p1a: Araquanid|63/100
|-status|p1a: Araquanid|par
|
|-weather|SunnyDay|[upkeep]
|upkeep
|turn|6
|
|t:|1769406865
|move|p2a: Hatterene|Psyshock|p1a: Araquanid
|-damage|p1a: Araquanid|19/100 par
|cant|p1a: Araquanid|par
|
|-weather|SunnyDay|[upkeep]
|upkeep
|turn|7
|
|t:|1769406874
|move|p2a: Hatterene|Draining Kiss|p1a: Araquanid
|-damage|p1a: Araquanid|0 fnt
|-heal|p2a: Hatterene|87/100|[from] drain|[of] p1a: Araquanid
|faint|p1a: Araquanid
|
|-weather|SunnyDay|[upkeep]
|upkeep
|
|t:|1769406878
|switch|p1a: Glimmora|Glimmora, F|100/100
|-activate|p1a: Glimmora|move: Sticky Web
|-unboost|p1a: Glimmora|spe|1
|turn|8
|
|t:|1769406887
|move|p1a: Glimmora|Mortal Spin|p2a: Hatterene
|-supereffective|p2a: Hatterene
|-damage|p2a: Hatterene|73/100
|-status|p2a: Hatterene|psn
|-sideend|p1: youseeme20226|Sticky Web|[from] move: Mortal Spin|[of] p1a: Glimmora
|move|p2a: Hatterene|Psyshock|p1a: Glimmora
|-supereffective|p1a: Glimmora
|-damage|p1a: Glimmora|11/100
|
|-weather|none
|-damage|p2a: Hatterene|61/100 psn|[from] psn
|upkeep
|turn|9
|
|t:|1769406900
|move|p1a: Glimmora|Power Gem|p2a: Hatterene
|-damage|p2a: Hatterene|38/100 psn
|move|p2a: Hatterene|Psyshock|p1a: Glimmora
|-supereffective|p1a: Glimmora
|-damage|p1a: Glimmora|0 fnt
|faint|p1a: Glimmora
|
|-damage|p2a: Hatterene|26/100 psn|[from] psn
|upkeep
|
|t:|1769406909
|switch|p1a: Hariyama|Hariyama, F|100/100
|turn|10
|
|t:|1769406914
|move|p1a: Hariyama|Bullet Punch|p2a: Hatterene
|-supereffective|p2a: Hatterene
|-damage|p2a: Hatterene|0 fnt
|faint|p2a: Hatterene
|
|upkeep
|
|t:|1769406922
|switch|p2a: Ceruledge|Ceruledge, F|100/100
|turn|11
|
|t:|1769406930
|move|p2a: Ceruledge|Swords Dance|p2a: Ceruledge
|-boost|p2a: Ceruledge|atk|2
|move|p1a: Hariyama|Belly Drum|p1a: Hariyama
|-damage|p1a: Hariyama|50/100
|-setboost|p1a: Hariyama|atk|6|[from] move: Belly Drum
|
|upkeep
|turn|12
|
|t:|1769406940
|move|p1a: Hariyama|Bullet Punch|p2a: Ceruledge
|-resisted|p2a: Ceruledge
|-damage|p2a: Ceruledge|57/100
|-ability|p2a: Ceruledge|Weak Armor|boost
|-unboost|p2a: Ceruledge|def|1
|-boost|p2a: Ceruledge|spe|2
|move|p2a: Ceruledge|Swords Dance|p2a: Ceruledge
|-boost|p2a: Ceruledge|atk|2
|
|upkeep
|turn|13
|
|t:|1769406949
|switch|p1a: Crocalor|Crocalor, M|100/100
|move|p2a: Ceruledge|Shadow Sneak|p1a: Crocalor
|-damage|p1a: Crocalor|83/100
|
|upkeep
|turn|14
|
|t:|1769406960
|move|p2a: Ceruledge|Poltergeist|p1a: Crocalor
|-activate|p1a: Crocalor|move: Poltergeist|Eviolite
|-damage|p1a: Crocalor|40/100
|move|p1a: Crocalor|Mud-Slap|p2a: Ceruledge
|-supereffective|p2a: Ceruledge
|-damage|p2a: Ceruledge|47/100
|-unboost|p2a: Ceruledge|accuracy|1
|
|upkeep
|turn|15
|
|t:|1769406968
|move|p2a: Ceruledge|Poltergeist|p1a: Crocalor
|-activate|p1a: Crocalor|move: Poltergeist|Eviolite
|-damage|p1a: Crocalor|0 fnt
|faint|p1a: Crocalor
|
|upkeep
|
|t:|1769406975
|switch|p1a: Ceruledge|Ceruledge, M|100/100
|turn|16
|
|t:|1769406980
|move|p2a: Ceruledge|Shadow Sneak|p1a: Ceruledge|[miss]
|-miss|p2a: Ceruledge|p1a: Ceruledge
|move|p1a: Ceruledge|Shadow Sneak|p2a: Ceruledge
|-supereffective|p2a: Ceruledge
|-damage|p2a: Ceruledge|0 fnt
|faint|p2a: Ceruledge
|
|upkeep
|
|t:|1769407000
|switch|p2a: Walking Wake|Walking Wake|100/100
|turn|17
|
|t:|1769407012
|switch|p1a: Hariyama|Hariyama, F|50/100
|move|p2a: Walking Wake|Hydro Steam|p1a: Hariyama
|-damage|p1a: Hariyama|3/100
|-enditem|p1a: Hariyama|Aguav Berry|[eat]
|-heal|p1a: Hariyama|37/100|[from] item: Aguav Berry
|
|upkeep
|turn|18
|
|t:|1769407022
|-terastallize|p1a: Hariyama|Fighting
|move|p2a: Walking Wake|Hydro Steam|p1a: Hariyama
|-damage|p1a: Hariyama|0 fnt
|faint|p1a: Hariyama
|
|upkeep
|
|t:|1769407030
|switch|p1a: Darkrai|Darkrai|25/100
|turn|19
|
|t:|1769407038
|-terastallize|p2a: Walking Wake|Fairy
|move|p1a: Darkrai|Dark Pulse|p2a: Walking Wake
|-resisted|p2a: Walking Wake
|-damage|p2a: Walking Wake|70/100
|-damage|p1a: Darkrai|15/100|[from] item: Life Orb
|move|p2a: Walking Wake|Hydro Steam|p1a: Darkrai
|-damage|p1a: Darkrai|0 fnt
|faint|p1a: Darkrai
|
|upkeep
|
|t:|1769407047
|switch|p1a: Ceruledge|Ceruledge, M|100/100
|turn|20
|
|t:|1769407051
|move|p2a: Walking Wake|Hydro Steam|p1a: Ceruledge
|-supereffective|p1a: Ceruledge
|-damage|p1a: Ceruledge|4/100
|move|p1a: Ceruledge|Bitter Blade|p2a: Walking Wake
|-damage|p2a: Walking Wake|17/100
|-heal|p1a: Ceruledge|35/100|[from] drain|[of] p2a: Walking Wake
|
|upkeep
|turn|21
|
|t:|1769407059
|move|p1a: Ceruledge|Shadow Sneak|p2a: Walking Wake
|-damage|p2a: Walking Wake|0 fnt
|faint|p2a: Walking Wake
|-end|p2a: Walking Wake|Protosynthesis|[silent]
|
|upkeep
|
|t:|1769407064
|switch|p2a: Great Tusk|Great Tusk|100/100
|turn|22
|
|t:|1769407068
|move|p2a: Great Tusk|Headlong Rush|p1a: Ceruledge
|-supereffective|p1a: Ceruledge
|-damage|p1a: Ceruledge|0 fnt
|-unboost|p2a: Great Tusk|def|1
|-unboost|p2a: Great Tusk|spd|1
|faint|p1a: Ceruledge
|
|win|ntn4life
|raw|youseeme20226's rating: 1245 &rarr; <strong>1219</strong><br />(-26 for losing)
|raw|ntn4life's rating: 1225 &rarr; <strong>1251</strong><br />(+26 for winning)
|l|☆youseeme20226
|player|p1|
|l|☆ntn4life
|player|p2|
