|j|☆Avery29
|j|☆Naturmacht
|t:|1769307363
|gametype|singles
|player|p1|Avery29|266|1288
|player|p2|Naturmacht|drake-gen3|1322
|gen|9
|tier|[Gen 9] OU
|rated|
|rule|HP Percentage Mod: HP is shown in percentages
|rule|Endless Battle Clause: Forcing endless battles is banned
|rule|Species Clause: Limit one of each Pokémon
|rule|OHKO Clause: OHKO moves are banned
|rule|Evasion Items Clause: Evasion items are banned
|rule|Evasion Moves Clause: Evasion moves are banned
|rule|Evasion Abilities Clause: Evasion abilities are banned
|rule|Sleep Moves Clause: Sleep-inducing moves are banned
|clearpoke
|poke|p1|Quaquaval, M|
|poke|p1|Skarmory, M|
|poke|p1|Meowscarada, F|
|poke|p1|Mandibuzz, F|
|poke|p1|Umbreon, F|
|poke|p1|Sandy Shocks|
|poke|p2|Rillaboom, M|
|poke|p2|Hatterene, F|
|poke|p2|Heatran, M|
|poke|p2|Clodsire, M|
|poke|p2|Corviknight, M|
|poke|p2|Ogerpon-Wellspring, F|
|teampreview
|inactive|Battle timer is ON: inactive players will automatically lose when time's up. (requested by Naturmacht)
|
|t:|1769307374
|teamsize|p1|6
|teamsize|p2|6
|start
|switch|p1a: Sandy Shocks|Sandy Shocks, shiny|100/100
|switch|p2a: Heatran|Heatran, M|100/100
|turn|1
|
|t:|1769307402
|switch|p2a: Rillaboom|Rillaboom, M|100/100
|-fieldstart|move: Grassy Terrain|[from] ability: Grassy Surge|[of] p2a: Rillaboom
|move|p1a: Sandy Shocks|Volt Switch|p2a: Rillaboom
|-resisted|p2a: Rillaboom
|-damage|p2a: Rillaboom|69/100
|
|t:|1769307411
|-end|p1a: Sandy Shocks|Protosynthesis|[silent]
|switch|p1a: Hey|Meowscarada, F|100/100|[from] Volt Switch
|
|-heal|p2a: Rillaboom|75/100|[from] Grassy Terrain
|upkeep
|turn|2
|
|t:|1769307416
|switch|p2a: Corviknight|Corviknight, M|100/100
|-ability|p2a: Corviknight|Pressure
|move|p1a: Hey|U-turn|p2a: Corviknight
|-start|p1a: Hey|typechange|Bug|[from] ability: Protean
|-resisted|p2a: Corviknight
|-damage|p2a: Corviknight|96/100
|-damage|p1a: Hey|84/100|[from] item: Rocky Helmet|[of] p2a: Corviknight
|
|t:|1769307420
|switch|p1a: Sandy Shocks|Sandy Shocks, shiny|100/100|[from] U-turn
|
|upkeep
|turn|3
|
|t:|1769307432
|-end|p1a: Sandy Shocks|Protosynthesis|[silent]
|switch|p1a: Stall|Skarmory, M|100/100
|switch|p2a: Clodsire|Clodsire, M|100/100
|
|upkeep
|turn|4
|
|t:|1769307440
|switch|p1a: Sandy Shocks|Sandy Shocks, shiny|100/100
|move|p2a: Clodsire|Spikes|p1a: Sandy Shocks
|-sidestart|p1: Avery29|Spikes
|
|upkeep
|turn|5
|
|t:|1769307448
|move|p1a: Sandy Shocks|Earth Power|p2a: Clodsire
|-supereffective|p2a: Clodsire
|-damage|p2a: Clodsire|28/100
|move|p2a: Clodsire|Toxic|p1a: Sandy Shocks
|-status|p1a: Sandy Shocks|tox
|
|-heal|p2a: Clodsire|34/100|[from] Grassy Terrain
|-heal|p2a: Clodsire|40/100|[from] item: Leftovers
|-damage|p1a: Sandy Shocks|94/100 tox|[from] psn
|upkeep
|turn|6
|
|t:|1769307460
|-end|p1a: Sandy Shocks|Protosynthesis|[silent]
|switch|p1a: Mandibuzz|Mandibuzz, F|100/100
|switch|p2a: Rillaboom|Rillaboom, M|75/100
|
|-heal|p2a: Rillaboom|81/100|[from] Grassy Terrain
|upkeep
|turn|7
|
|t:|1769307468
|move|p2a: Rillaboom|Leech Seed|p1a: Mandibuzz
|-start|p1a: Mandibuzz|move: Leech Seed
|move|p1a: Mandibuzz|Knock Off|p2a: Rillaboom
|-damage|p2a: Rillaboom|58/100
|-enditem|p2a: Rillaboom|Terrain Extender|[from] move: Knock Off|[of] p1a: Mandibuzz
|
|-heal|p2a: Rillaboom|64/100|[from] Grassy Terrain
|-damage|p1a: Mandibuzz|88/100|[from] Leech Seed|[of] p2a: Rillaboom
|-heal|p2a: Rillaboom|77/100|[silent]
|upkeep
|turn|8
|
|t:|1769307477
|move|p2a: Rillaboom|U-turn|p1a: Mandibuzz
|-damage|p1a: Mandibuzz|75/100
|
|t:|1769307481
|switch|p2a: Clodsire|Clodsire, M|40/100|[from] U-turn
|move|p1a: Mandibuzz|Defog|p2a: Clodsire
|-unboost|p2a: Clodsire|evasion|1
|-sideend|p1: Avery29|Spikes|[from] move: Defog|[of] p1a: Mandibuzz
|-fieldend|move: Grassy Terrain
|
|-heal|p2a: Clodsire|46/100|[from] item: Leftovers
|-damage|p1a: Mandibuzz|62/100|[from] Leech Seed|[of] p2a: Clodsire
|-heal|p2a: Clodsire|58/100|[silent]
|upkeep
|turn|9
|
|t:|1769307490
|move|p1a: Mandibuzz|Knock Off|p2a: Clodsire
|-damage|p2a: Clodsire|32/100
|-enditem|p2a: Clodsire|Leftovers|[from] move: Knock Off|[of] p1a: Mandibuzz
|move|p2a: Clodsire|Toxic|p1a: Mandibuzz
|-status|p1a: Mandibuzz|tox
|
|-damage|p1a: Mandibuzz|50/100 tox|[from] Leech Seed|[of] p2a: Clodsire
|-heal|p2a: Clodsire|43/100|[silent]
|-damage|p1a: Mandibuzz|44/100 tox|[from] psn
|upkeep
|turn|10
|
|t:|1769307502
|switch|p1a: Stall|Skarmory, M|100/100
|move|p2a: Clodsire|Recover|p2a: Clodsire
|-heal|p2a: Clodsire|93/100
|
|upkeep
|turn|11
|
|t:|1769307511
|switch|p2a: Hatterene|Hatterene, F|100/100
|move|p1a: Stall|Stealth Rock|p2a: Hatterene
|move|p2a: Hatterene|Stealth Rock|p1a: Stall|[from] ability: Magic Bounce
|-sidestart|p1: Avery29|move: Stealth Rock
|
|upkeep
|turn|12
|
|t:|1769307518
|move|p2a: Hatterene|Nuzzle|p1a: Stall
|-supereffective|p1a: Stall
|-damage|p1a: Stall|96/100
|-status|p1a: Stall|par
|-damage|p2a: Hatterene|84/100|[from] item: Rocky Helmet|[of] p1a: Stall
|move|p1a: Stall|Roar|p2a: Hatterene
|move|p2a: Hatterene|Roar|p1a: Stall|[from] ability: Magic Bounce
|drag|p1a: One step|Quaquaval, M, shiny|100/100
|-damage|p1a: One step|94/100|[from] Stealth Rock
|
|-heal|p2a: Hatterene|90/100|[from] item: Leftovers
|upkeep
|turn|13
|
|t:|1769307531
|-terastallize|p1a: One step|Fire
|move|p1a: One step|Swords Dance|p1a: One step
|-boost|p1a: One step|atk|2
|move|p2a: Hatterene|Draining Kiss|p1a: One step
|-resisted|p1a: One step
|-damage|p1a: One step|80/100
|-heal|p2a: Hatterene|100/100|[from] drain|[of] p1a: One step
|
|upkeep
|turn|14
|
|t:|1769307540
|move|p1a: One step|Aqua Step|p2a: Hatterene
|-crit|p2a: Hatterene
|-damage|p2a: Hatterene|11/100
|-boost|p1a: One step|spe|1
|move|p2a: Hatterene|Nuzzle|p1a: One step
|-damage|p1a: One step|74/100
|-status|p1a: One step|par
|
|-heal|p2a: Hatterene|17/100|[from] item: Leftovers
|upkeep
|turn|15
|
|t:|1769307550
|switch|p2a: Corviknight|Corviknight, M|96/100
|-ability|p2a: Corviknight|Pressure
|move|p1a: One step|Aqua Step|p2a: Corviknight
|-damage|p2a: Corviknight|48/100
|-boost|p1a: One step|spe|1
|-damage|p1a: One step|58/100 par|[from] item: Rocky Helmet|[of] p2a: Corviknight
|
|upkeep
|turn|16
|
|t:|1769307561
|-terastallize|p2a: Corviknight|Dragon
|move|p1a: One step|Swords Dance|p1a: One step
|-boost|p1a: One step|atk|2
|move|p2a: Corviknight|Roost|p2a: Corviknight
|-heal|p2a: Corviknight|98/100
|
|upkeep
|turn|17
|
|t:|1769307568
|move|p1a: One step|Ice Spinner|p2a: Corviknight
|-supereffective|p2a: Corviknight
|-damage|p2a: Corviknight|0 fnt
|-damage|p1a: One step|42/100 par|[from] item: Rocky Helmet|[of] p2a: Corviknight
|faint|p2a: Corviknight
|-ability|p1a: One step|Moxie|boost
|-boost|p1a: One step|atk|1
|
|upkeep
|
|t:|1769307575
|switch|p2a: Ogerpon|Ogerpon-Wellspring, F|100/100
|turn|18
|
|t:|1769307578
|move|p2a: Ogerpon|Ivy Cudgel|p1a: One step|[anim] Ivy Cudgel Water
|-supereffective|p1a: One step
|-damage|p1a: One step|0 fnt
|faint|p1a: One step
|
|upkeep
|
|t:|1769307580
|switch|p1a: Hey|Meowscarada, F|84/100
|-damage|p1a: Hey|72/100|[from] Stealth Rock
|turn|19
|
|t:|1769307585
|switch|p2a: Heatran|Heatran, M|100/100
|move|p1a: Hey|U-turn|p2a: Heatran
|-start|p1a: Hey|typechange|Bug|[from] ability: Protean
|-resisted|p2a: Heatran
|-damage|p2a: Heatran|94/100
|
|t:|1769307591
|switch|p1a: Sandy Shocks|Sandy Shocks, shiny|94/100 tox|[from] U-turn
|-damage|p1a: Sandy Shocks|88/100 tox|[from] Stealth Rock
|
|-heal|p2a: Heatran|99/100|[from] item: Leftovers
|-damage|p1a: Sandy Shocks|82/100 tox|[from] psn
|upkeep
|turn|20
|
|t:|1769307602
|move|p2a: Heatran|Protect|p2a: Heatran
|-singleturn|p2a: Heatran|Protect
|move|p1a: Sandy Shocks|Earth Power|p2a: Heatran
|-activate|p2a: Heatran|move: Protect
|
|-heal|p2a: Heatran|100/100|[from] item: Leftovers
|-damage|p1a: Sandy Shocks|70/100 tox|[from] psn
|upkeep
|turn|21
|
|t:|1769307614
|switch|p2a: Rillaboom|Rillaboom, M|77/100
|-fieldstart|move: Grassy Terrain|[from] ability: Grassy Surge|[of] p2a: Rillaboom
|move|p1a: Sandy Shocks|Earth Power|p2a: Rillaboom
|-resisted|p2a: Rillaboom
|-damage|p2a: Rillaboom|39/100
|
|-heal|p1a: Sandy Shocks|76/100 tox|[from] Grassy Terrain
|-heal|p2a: Rillaboom|45/100|[from] Grassy Terrain
|-damage|p1a: Sandy Shocks|58/100 tox|[from] psn
|upkeep
|turn|22
|
|t:|1769307624
|-end|p1a: Sandy Shocks|Protosynthesis|[silent]
|switch|p1a: Stall|Skarmory, M|96/100 par
|-damage|p1a: Stall|83/100 par|[from] Stealth Rock
|move|p2a: Rillaboom|Grassy Glide|p1a: Stall
|-resisted|p1a: Stall
|-damage|p1a: Stall|78/100 par
|-damage|p2a: Rillaboom|29/100|[from] item: Rocky Helmet|[of] p1a: Stall
|
|-heal|p2a: Rillaboom|35/100|[from] Grassy Terrain
|upkeep
|turn|23
|
|t:|1769307637
|switch|p2a: Hatterene|Hatterene, F|17/100
|move|p1a: Stall|Roar|p2a: Hatterene
|move|p2a: Hatterene|Roar|p1a: Stall|[from] ability: Magic Bounce
|drag|p1a: Wall-U|Umbreon, F|100/100
|-damage|p1a: Wall-U|88/100|[from] Stealth Rock
|
|-heal|p1a: Wall-U|94/100|[from] Grassy Terrain
|-heal|p1a: Wall-U|99/100|[from] item: Leftovers
|-heal|p2a: Hatterene|23/100|[from] Grassy Terrain
|-heal|p2a: Hatterene|29/100|[from] item: Leftovers
|upkeep
|turn|24
|
|t:|1769307656
|move|p1a: Wall-U|Wish|p1a: Wall-U
|move|p2a: Hatterene|Draining Kiss|p1a: Wall-U
|-supereffective|p1a: Wall-U
|-damage|p1a: Wall-U|74/100
|-heal|p2a: Hatterene|53/100|[from] drain|[of] p1a: Wall-U
|
|-heal|p1a: Wall-U|80/100|[from] Grassy Terrain
|-heal|p1a: Wall-U|87/100|[from] item: Leftovers
|-heal|p2a: Hatterene|59/100|[from] Grassy Terrain
|-heal|p2a: Hatterene|65/100|[from] item: Leftovers
|upkeep
|turn|25
|
|t:|1769307665
|switch|p1a: Sandy Shocks|Sandy Shocks, shiny|58/100 tox
|-damage|p1a: Sandy Shocks|52/100 tox|[from] Stealth Rock
|move|p2a: Hatterene|Calm Mind|p2a: Hatterene
|-boost|p2a: Hatterene|spa|1
|-boost|p2a: Hatterene|spd|1
|
|-heal|p1a: Sandy Shocks|100/100 tox|[from] move: Wish|[wisher] Wall-U
|-heal|p2a: Hatterene|71/100|[from] Grassy Terrain
|-heal|p2a: Hatterene|77/100|[from] item: Leftovers
|-damage|p1a: Sandy Shocks|94/100 tox|[from] psn
|-fieldend|move: Grassy Terrain
|upkeep
|turn|26
|
|t:|1769307679
|move|p1a: Sandy Shocks|Earth Power|p2a: Hatterene
|-damage|p2a: Hatterene|35/100
|-unboost|p2a: Hatterene|spd|1
|move|p2a: Hatterene|Calm Mind|p2a: Hatterene
|-boost|p2a: Hatterene|spa|1
|-boost|p2a: Hatterene|spd|1
|
|-heal|p2a: Hatterene|41/100|[from] item: Leftovers
|-damage|p1a: Sandy Shocks|82/100 tox|[from] psn
|upkeep
|turn|27
|
|t:|1769307691
|switch|p2a: Rillaboom|Rillaboom, M|35/100
|-fieldstart|move: Grassy Terrain|[from] ability: Grassy Surge|[of] p2a: Rillaboom
|move|p1a: Sandy Shocks|Earth Power|p2a: Rillaboom
|-resisted|p2a: Rillaboom
|-damage|p2a: Rillaboom|0 fnt
|faint|p2a: Rillaboom
|
|-heal|p1a: Sandy Shocks|88/100 tox|[from] Grassy Terrain
|-damage|p1a: Sandy Shocks|70/100 tox|[from] psn
|upkeep
|
|t:|1769307702
|switch|p2a: Ogerpon|Ogerpon-Wellspring, F|100/100
|turn|28
|
|t:|1769307706
|-end|p1a: Sandy Shocks|Protosynthesis|[silent]
|switch|p1a: Mandibuzz|Mandibuzz, F|44/100 tox
|move|p2a: Ogerpon|Ivy Cudgel|p1a: Mandibuzz|[anim] Ivy Cudgel Water
|-damage|p1a: Mandibuzz|12/100 tox
|
|-damage|p1a: Mandibuzz|6/100 tox|[from] psn
|upkeep
|turn|29
|
|t:|1769307714
|move|p2a: Ogerpon|Ivy Cudgel|p1a: Mandibuzz|[anim] Ivy Cudgel Water
|-damage|p1a: Mandibuzz|0 fnt
|faint|p1a: Mandibuzz
|
|upkeep
|
|t:|1769307717
|switch|p1a: Hey|Meowscarada, F|72/100
|-damage|p1a: Hey|60/100|[from] Stealth Rock
|turn|30
|
|t:|1769307723
|switch|p2a: Heatran|Heatran, M|100/100
|move|p1a: Hey|U-turn|p2a: Heatran
|-start|p1a: Hey|typechange|Bug|[from] ability: Protean
|-resisted|p2a: Heatran
|-damage|p2a: Heatran|94/100
|
|t:|1769307729
|switch|p1a: Sandy Shocks|Sandy Shocks, shiny|70/100 tox|[from] U-turn
|-damage|p1a: Sandy Shocks|64/100 tox|[from] Stealth Rock
|
|-heal|p1a: Sandy Shocks|70/100 tox|[from] Grassy Terrain
|-heal|p2a: Heatran|99/100|[from] Grassy Terrain
|-heal|p2a: Heatran|100/100|[from] item: Leftovers
|-damage|p1a: Sandy Shocks|64/100 tox|[from] psn
|upkeep
|turn|31
|
|t:|1769307739
|move|p2a: Heatran|Protect|p2a: Heatran
|-singleturn|p2a: Heatran|Protect
|move|p1a: Sandy Shocks|Earth Power|p2a: Heatran
|-activate|p2a: Heatran|move: Protect
|
|-heal|p1a: Sandy Shocks|70/100 tox|[from] Grassy Terrain
|-damage|p1a: Sandy Shocks|58/100 tox|[from] psn
|-fieldend|move: Grassy Terrain
|upkeep
|turn|32
|
|t:|1769307749
|switch|p2a: Hatterene|Hatterene, F|41/100
|move|p1a: Sandy Shocks|Earth Power|p2a: Hatterene
|-damage|p2a: Hatterene|0 fnt
|faint|p2a: Hatterene
|
|-damage|p1a: Sandy Shocks|39/100 tox|[from] psn
|upkeep
|
|t:|1769307756
|switch|p2a: Ogerpon|Ogerpon-Wellspring, F|100/100
|turn|33
|
|t:|1769307761
|-end|p1a: Sandy Shocks|Protosynthesis|[silent]
|switch|p1a: Stall|Skarmory, M|78/100 par
|-damage|p1a: Stall|65/100 par|[from] Stealth Rock
|move|p2a: Ogerpon|Ivy Cudgel|p1a: Stall|[anim] Ivy Cudgel Water
|-damage|p1a: Stall|32/100 par
|
|upkeep
|turn|34
|
|t:|1769307770
|move|p2a: Ogerpon|Swords Dance|p2a: Ogerpon
|-boost|p2a: Ogerpon|atk|2
|move|p1a: Stall|Roost|p1a: Stall
|-heal|p1a: Stall|82/100 par
|-singleturn|p1a: Stall|move: Roost
|
|upkeep
|turn|35
|
|t:|1769307780
|move|p2a: Ogerpon|Encore|p1a: Stall
|-start|p1a: Stall|Encore
|cant|p1a: Stall|par
|
|upkeep
|turn|36
|
|t:|1769307785
|switch|p1a: Hey|Meowscarada, F|60/100
|-damage|p1a: Hey|47/100|[from] Stealth Rock
|move|p2a: Ogerpon|Ivy Cudgel|p1a: Hey|[anim] Ivy Cudgel Water
|-resisted|p1a: Hey
|-crit|p1a: Hey
|-damage|p1a: Hey|0 fnt
|faint|p1a: Hey
|
|upkeep
|
|t:|1769307788
|switch|p1a: Stall|Skarmory, M|82/100 par
|-damage|p1a: Stall|70/100 par|[from] Stealth Rock
|turn|37
|
|t:|1769307796
|move|p2a: Ogerpon|Ivy Cudgel|p1a: Stall|[anim] Ivy Cudgel Water
|-damage|p1a: Stall|3/100 par
|cant|p1a: Stall|par
|
|upkeep
|turn|38
|
|t:|1769307802
|move|p2a: Ogerpon|Horn Leech|p1a: Stall
|-resisted|p1a: Stall
|-damage|p1a: Stall|0 fnt
|-damage|p2a: Ogerpon|84/100|[from] item: Rocky Helmet|[of] p1a: Stall
|faint|p1a: Stall
|
|upkeep
|
|t:|1769307808
|switch|p1a: Wall-U|Umbreon, F|87/100
|-damage|p1a: Wall-U|74/100|[from] Stealth Rock
|turn|39
|
|t:|1769307815
|move|p1a: Wall-U|Protect|p1a: Wall-U
|-singleturn|p1a: Wall-U|Protect
|move|p2a: Ogerpon|Horn Leech|p1a: Wall-U
|-activate|p1a: Wall-U|move: Protect
|
|-heal|p1a: Wall-U|80/100|[from] item: Leftovers
|upkeep
|turn|40
|
|t:|1769307834
|move|p2a: Ogerpon|Encore|p1a: Wall-U
|-start|p1a: Wall-U|Encore
|move|p1a: Wall-U|Protect||[still]
|-fail|p1a: Wall-U
|
|-heal|p1a: Wall-U|86/100|[from] item: Leftovers
|upkeep
|turn|41
|
|t:|1769307840
|move|p1a: Wall-U|Protect|p1a: Wall-U
|-singleturn|p1a: Wall-U|Protect
|move|p2a: Ogerpon|Swords Dance|p2a: Ogerpon
|-boost|p2a: Ogerpon|atk|2
|
|-heal|p1a: Wall-U|92/100|[from] item: Leftovers
|upkeep
|turn|42
|
|t:|1769307857
|move|p1a: Wall-U|Protect||[still]
|-fail|p1a: Wall-U
|move|p2a: Ogerpon|Horn Leech|p1a: Wall-U
|-damage|p1a: Wall-U|0 fnt
|-heal|p2a: Ogerpon|100/100|[from] drain|[of] p1a: Wall-U
|faint|p1a: Wall-U
|
|upkeep
|
|t:|1769307860
|switch|p1a: Sandy Shocks|Sandy Shocks, shiny|39/100 tox
|-damage|p1a: Sandy Shocks|33/100 tox|[from] Stealth Rock
|turn|43
|
|t:|1769307867
|move|p2a: Ogerpon|Ivy Cudgel|p1a: Sandy Shocks|[anim] Ivy Cudgel Water
|-supereffective|p1a: Sandy Shocks
|-damage|p1a: Sandy Shocks|0 fnt
|faint|p1a: Sandy Shocks
|-end|p1a: Sandy Shocks|Protosynthesis|[silent]
|
|win|Naturmacht
|raw|Avery29's rating: 1288 &rarr; <strong>1265</strong><br />(-23 for losing)
|raw|Naturmacht's rating: 1322 &rarr; <strong>1340</strong><br />(+18 for winning)
|l|☆Avery29
|player|p1|
