|j|☆pokemon prefect
|j|☆BeachLeak
|t:|1769305219
|gametype|singles
|player|p1|pokemon prefect|266|1472
|player|p2|BeachLeak|archer|1494
|gen|9
|tier|[Gen 9] OU
|rated|
|rule|HP Percentage Mod: HP is shown in percentages
|rule|Endless Battle Clause: Forcing endless battles is banned
|rule|Species Clause: Limit one of each Pokémon
|rule|OHKO Clause: OHKO moves are banned
|rule|Evasion Items Clause: Evasion items are banned
|rule|Evasion Moves Clause: Evasion moves are banned
|rule|Evasion Abilities Clause: Evasion abilities are banned
|rule|Sleep Moves Clause: Sleep-inducing moves are banned
|clearpoke
|poke|p1|Iron Hands|
|poke|p1|Ursaluna, M|
|poke|p1|Kingambit, F|
|poke|p1|Porygon2|
|poke|p1|Cresselia, F|
|poke|p1|Hatterene, F|
|poke|p2|Salamence, M|
|poke|p2|Tyranitar, M|
|poke|p2|Excadrill, M|
|poke|p2|Iron Crown|
|poke|p2|Azumarill, F|
|poke|p2|Zamazenta-*|
|teampreview
|inactive|Battle timer is ON: inactive players will automatically lose when time's up. (requested by BeachLeak)
|
|t:|1769305236
|teamsize|p1|6
|teamsize|p2|6
|start
|switch|p1a: Porygon2|Porygon2|100/100
|switch|p2a: Crush|Salamence, M, shiny|100/100
|-ability|p2a: Crush|Intimidate|boost
|-unboost|p1a: Porygon2|atk|1
|-ability|p1a: Porygon2|Intimidate|Trace|[from] ability: Trace|[of] p2a: Crush
|-ability|p1a: Porygon2|Intimidate|boost
|-unboost|p2a: Crush|atk|1
|turn|1
|
|t:|1769305245
|switch|p2a: Tris|Tyranitar, M, shiny|100/100
|-weather|Sandstorm|[from] ability: Sand Stream|[of] p2a: Tris
|move|p1a: Porygon2|Trick Room|p1a: Porygon2
|-fieldstart|move: Trick Room|[of] p1a: Porygon2
|
|-weather|Sandstorm|[upkeep]
|-damage|p1a: Porygon2|94/100|[from] Sandstorm
|upkeep
|turn|2
|
|t:|1769305252
|switch|p1a: Iron Hands|Iron Hands|100/100
|-enditem|p1a: Iron Hands|Booster Energy
|-activate|p1a: Iron Hands|ability: Quark Drive|[fromitem]
|-start|p1a: Iron Hands|quarkdriveatk
|move|p2a: Tris|Knock Off|p1a: Iron Hands
|-resisted|p1a: Iron Hands
|-damage|p1a: Iron Hands|81/100
|
|-weather|Sandstorm|[upkeep]
|-damage|p1a: Iron Hands|74/100|[from] Sandstorm
|upkeep
|turn|3
|
|t:|1769305261
|switch|p2a: Crush|Salamence, M, shiny|100/100
|-ability|p2a: Crush|Intimidate|boost
|-unboost|p1a: Iron Hands|atk|1
|move|p1a: Iron Hands|Swords Dance|p1a: Iron Hands
|-boost|p1a: Iron Hands|atk|2
|
|-weather|Sandstorm|[upkeep]
|-damage|p1a: Iron Hands|68/100|[from] Sandstorm
|-damage|p2a: Crush|94/100|[from] Sandstorm
|upkeep
|turn|4
|
|t:|1769305278
|switch|p2a: sniffany|Azumarill, F, shiny|100/100
|move|p1a: Iron Hands|Ice Punch|p2a: sniffany
|-resisted|p2a: sniffany
|-damage|p2a: sniffany|70/100
|
|-weather|Sandstorm|[upkeep]
|-damage|p1a: Iron Hands|62/100|[from] Sandstorm
|-damage|p2a: sniffany|64/100|[from] Sandstorm
|upkeep
|turn|5
|
|t:|1769305291
|switch|p2a: Excadrill|Excadrill, M|100/100
|-item|p2a: Excadrill|Air Balloon
|move|p1a: Iron Hands|Drain Punch|p2a: Excadrill
|-supereffective|p2a: Excadrill
|-damage|p2a: Excadrill|0 fnt
|-heal|p1a: Iron Hands|100/100|[from] drain|[of] p2a: Excadrill
|-enditem|p2a: Excadrill|Air Balloon
|faint|p2a: Excadrill
|
|-weather|none
|-fieldend|move: Trick Room
|upkeep
|
|t:|1769305303
|switch|p2a: Tris|Tyranitar, M, shiny|100/100
|-weather|Sandstorm|[from] ability: Sand Stream|[of] p2a: Tris
|turn|6
|
|t:|1769305308
|move|p2a: Tris|Earthquake|p1a: Iron Hands
|-supereffective|p1a: Iron Hands
|-damage|p1a: Iron Hands|23/100
|move|p1a: Iron Hands|Drain Punch|p2a: Tris
|-supereffective|p2a: Tris
|-damage|p2a: Tris|0 fnt
|-heal|p1a: Iron Hands|61/100|[from] drain|[of] p2a: Tris
|faint|p2a: Tris
|
|-weather|Sandstorm|[upkeep]
|-damage|p1a: Iron Hands|54/100|[from] Sandstorm
|upkeep
|
|t:|1769305316
|switch|p2a: Crush|Salamence, M, shiny|94/100
|-ability|p2a: Crush|Intimidate|boost
|-unboost|p1a: Iron Hands|atk|1
|turn|7
|
|t:|1769305324
|-end|p1a: Iron Hands|Quark Drive|[silent]
|switch|p1a: Porygon2|Porygon2|94/100
|-ability|p1a: Porygon2|Intimidate|Trace|[from] ability: Trace|[of] p2a: Crush
|-ability|p1a: Porygon2|Intimidate|boost
|-unboost|p2a: Crush|atk|1
|move|p2a: Crush|Draco Meteor|p1a: Porygon2
|-crit|p1a: Porygon2
|-damage|p1a: Porygon2|14/100
|-unboost|p2a: Crush|spa|2
|
|-weather|Sandstorm|[upkeep]
|-damage|p2a: Crush|88/100|[from] Sandstorm
|-damage|p1a: Porygon2|8/100|[from] Sandstorm
|upkeep
|turn|8
|
|t:|1769305347
|switch|p1a: Hatterene|Hatterene, F|100/100
|move|p2a: Crush|Draco Meteor|p1a: Hatterene
|-immune|p1a: Hatterene
|
|-weather|Sandstorm|[upkeep]
|-damage|p2a: Crush|82/100|[from] Sandstorm
|-damage|p1a: Hatterene|95/100|[from] Sandstorm
|upkeep
|turn|9
|
|t:|1769305350
|switch|p2a: Double Whammy|Iron Crown|100/100
|move|p1a: Hatterene|Trick Room|p1a: Hatterene
|-fieldstart|move: Trick Room|[of] p1a: Hatterene
|
|-weather|Sandstorm|[upkeep]
|-damage|p1a: Hatterene|89/100|[from] Sandstorm
|upkeep
|turn|10
|
|t:|1769305358
|switch|p1a: Porygon2|Porygon2|8/100
|move|p2a: Double Whammy|Tachyon Cutter|p1a: Porygon2
|-damage|p1a: Porygon2|0 fnt
|faint|p1a: Porygon2
|-hitcount|p1: Porygon2|1
|
|-weather|none
|upkeep
|
|t:|1769305368
|switch|p1a: Ursaluna|Ursaluna, M|100/100
|turn|11
|
|t:|1769305375
|move|p1a: Ursaluna|Swords Dance|p1a: Ursaluna
|-boost|p1a: Ursaluna|atk|2
|move|p2a: Double Whammy|Tachyon Cutter|p1a: Ursaluna
|-damage|p1a: Ursaluna|76/100
|-damage|p1a: Ursaluna|55/100
|-hitcount|p1a: Ursaluna|2
|
|-status|p1a: Ursaluna|brn|[from] item: Flame Orb
|upkeep
|turn|12
|
|t:|1769305385
|-end|p2a: Double Whammy|Quark Drive|[silent]
|switch|p2a: Crush|Salamence, M, shiny|82/100
|-ability|p2a: Crush|Intimidate|boost
|-unboost|p1a: Ursaluna|atk|1
|move|p1a: Ursaluna|Fire Punch|p2a: Crush
|-resisted|p2a: Crush
|-damage|p2a: Crush|42/100
|
|-damage|p1a: Ursaluna|49/100 brn|[from] brn
|upkeep
|turn|13
|
|t:|1769305396
|switch|p2a: Double Whammy|Iron Crown|100/100
|move|p1a: Ursaluna|Facade|p2a: Double Whammy
|-resisted|p2a: Double Whammy
|-damage|p2a: Double Whammy|7/100
|
|-damage|p1a: Ursaluna|43/100 brn|[from] brn
|-fieldend|move: Trick Room
|upkeep
|turn|14
|
|t:|1769305418
|switch|p1a: Kingambit|Kingambit, F|100/100
|-activate|p1a: Kingambit|ability: Supreme Overlord
|-start|p1a: Kingambit|fallen1|[silent]
|move|p2a: Double Whammy|Volt Switch|p1a: Kingambit
|-damage|p1a: Kingambit|78/100
|
|t:|1769305428
|-end|p2a: Double Whammy|Quark Drive|[silent]
|switch|p2a: Crush|Salamence, M, shiny|42/100|[from] Volt Switch
|-ability|p2a: Crush|Intimidate|boost
|-unboost|p1a: Kingambit|atk|1
|
|upkeep
|turn|15
|
|t:|1769305439
|-end|p1a: Kingambit|fallen1|[silent]
|switch|p1a: Hatterene|Hatterene, F|89/100
|move|p2a: Crush|Fire Blast|p1a: Hatterene
|-damage|p1a: Hatterene|31/100
|-status|p1a: Hatterene|brn
|
|-damage|p1a: Hatterene|25/100 brn|[from] brn
|upkeep
|turn|16
|
|t:|1769305449
|switch|p1a: Cresselia|Cresselia, F|100/100
|move|p2a: Crush|Fire Blast|p1a: Cresselia
|-damage|p1a: Cresselia|67/100
|
|upkeep
|turn|17
|
|t:|1769305460
|switch|p2a: sniffany|Azumarill, F, shiny|64/100
|move|p1a: Cresselia|Trick Room|p1a: Cresselia
|-fieldstart|move: Trick Room|[of] p1a: Cresselia
|
|upkeep
|turn|18
|
|t:|1769305489
|switch|p1a: Hatterene|Hatterene, F|25/100 brn
|move|p2a: sniffany|Belly Drum|p2a: sniffany
|-damage|p2a: sniffany|14/100
|-setboost|p2a: sniffany|atk|6|[from] move: Belly Drum
|-enditem|p2a: sniffany|Sitrus Berry|[eat]
|-heal|p2a: sniffany|39/100|[from] item: Sitrus Berry
|
|-damage|p1a: Hatterene|19/100 brn|[from] brn
|upkeep
|turn|19
|
|t:|1769305499
|move|p2a: sniffany|Aqua Jet|p1a: Hatterene
|-damage|p1a: Hatterene|0 fnt
|faint|p1a: Hatterene
|
|upkeep
|
|t:|1769305508
|switch|p1a: Iron Hands|Iron Hands|54/100
|turn|20
|
|t:|1769305513
|-terastallize|p2a: sniffany|Water
|move|p2a: sniffany|Aqua Jet|p1a: Iron Hands
|-damage|p1a: Iron Hands|0 fnt
|faint|p1a: Iron Hands
|-end|p1a: Iron Hands|Quark Drive|[silent]
|
|upkeep
|inactive|pokemon prefect has 120 seconds left.
|inactive|pokemon prefect has 90 seconds left.
|inactive|pokemon prefect has 60 seconds left.
|inactive|pokemon prefect has 30 seconds left.
|inactive|pokemon prefect has 20 seconds left.
|inactive|pokemon prefect has 15 seconds left.
|inactive|pokemon prefect has 10 seconds left.
|inactive|pokemon prefect has 5 seconds left.
|-message|pokemon prefect lost due to inactivity.
|
|win|BeachLeak
|raw|pokemon prefect's rating: 1472 &rarr; <strong>1453</strong><br />(-19 for losing)
|raw|BeachLeak's rating: 1494 &rarr; <strong>1513</strong><br />(+19 for winning)
|l|☆BeachLeak
|player|p2|
|l|☆pokemon prefect
|player|p1|
