|j|☆pixel_dragon9
|j|☆abhuboi
|t:|1769417277
|gametype|singles
|player|p1|pixel_dragon9|2|1095
|player|p2|abhuboi|2|1090
|gen|9
|tier|[Gen 9] OU
|rated|
|rule|HP Percentage Mod: HP is shown in percentages
|rule|Endless Battle Clause: Forcing endless battles is banned
|rule|Species Clause: Limit one of each Pokémon
|rule|OHKO Clause: OHKO moves are banned
|rule|Evasion Items Clause: Evasion items are banned
|rule|Evasion Moves Clause: Evasion moves are banned
|rule|Evasion Abilities Clause: Evasion abilities are banned
|rule|Sleep Moves Clause: Sleep-inducing moves are banned
|clearpoke
|poke|p1|Deoxys-Speed|
|poke|p1|Dragapult, F|
|poke|p1|Gholdengo|
|poke|p1|Great Tusk|
|poke|p1|Kingambit, M|
|poke|p1|Ogerpon-Wellspring, F|
|poke|p2|Cinderace, F|
|poke|p2|Venusaur, M|
|poke|p2|Iron Crown|
|poke|p2|Primarina, F|
|poke|p2|Great Tusk|
|poke|p2|Dragapult, F|
|teampreview
|inactive|Battle timer is ON: inactive players will automatically lose when time's up. (requested by pixel_dragon9)
|
|t:|1769417305
|teamsize|p1|6
|teamsize|p2|6
|start
|switch|p1a: Deoxys|Deoxys-Speed|100/100
|switch|p2a: Cinderace|Cinderace, F|100/100
|-ability|p1a: Deoxys|Pressure
|turn|1
|
|t:|1769417333
|move|p1a: Deoxys|Stealth Rock|p2a: Cinderace
|-sidestart|p2: abhuboi|move: Stealth Rock
|move|p2a: Cinderace|U-turn|p1a: Deoxys
|-start|p2a: Cinderace|typechange|Bug|[from] ability: Libero
|-supereffective|p1a: Deoxys
|-damage|p1a: Deoxys|2/100
|
|t:|1769417340
|switch|p2a: Iron Crown|Iron Crown|100/100|[from] U-turn
|-damage|p2a: Iron Crown|94/100|[from] Stealth Rock
|-enditem|p2a: Iron Crown|Booster Energy
|-activate|p2a: Iron Crown|ability: Quark Drive|[fromitem]
|-start|p2a: Iron Crown|quarkdrivespa
|
|upkeep
|turn|2
|
|t:|1769417352
|move|p1a: Deoxys|Spikes|p2a: Iron Crown
|-sidestart|p2: abhuboi|Spikes
|move|p2a: Iron Crown|Calm Mind|p2a: Iron Crown
|-boost|p2a: Iron Crown|spa|1
|-boost|p2a: Iron Crown|spd|1
|
|upkeep
|turn|3
|
|t:|1769417364
|move|p1a: Deoxys|Spikes|p2a: Iron Crown
|-sidestart|p2: abhuboi|Spikes
|move|p2a: Iron Crown|Calm Mind|p2a: Iron Crown
|-boost|p2a: Iron Crown|spa|1
|-boost|p2a: Iron Crown|spd|1
|
|upkeep
|turn|4
|
|t:|1769417370
|move|p1a: Deoxys|Spikes|p2a: Iron Crown
|-sidestart|p2: abhuboi|Spikes
|move|p2a: Iron Crown|Tachyon Cutter|p1a: Deoxys
|-damage|p1a: Deoxys|0 fnt
|faint|p1a: Deoxys
|-hitcount|p1: Deoxys|1
|
|upkeep
|
|t:|1769417374
|switch|p1a: Dragapult|Dragapult, F|100/100
|turn|5
|
|t:|1769417392
|move|p1a: Dragapult|Phantom Force||[still]
|-prepare|p1a: Dragapult|Phantom Force
|move|p2a: Iron Crown|Tachyon Cutter|p1a: Dragapult|[miss]
|-miss|p2a: Iron Crown|p1a: Dragapult
|
|upkeep
|turn|6
|
|t:|1769417400
|-terastallize|p2a: Iron Crown|Steel
|move|p1a: Dragapult|Phantom Force|p2a: Iron Crown|[from] lockedmove
|-damage|p2a: Iron Crown|36/100
|-damage|p1a: Dragapult|91/100|[from] item: Life Orb
|move|p2a: Iron Crown|Tachyon Cutter|p1a: Dragapult
|-damage|p1a: Dragapult|0 fnt
|faint|p1a: Dragapult
|-hitcount|p1: Dragapult|1
|
|upkeep
|
|t:|1769417411
|switch|p1a: Ogerpon|Ogerpon-Wellspring, F|100/100
|turn|7
|
|t:|1769417423
|move|p1a: Ogerpon|Ivy Cudgel|p2a: Iron Crown|[anim] Ivy Cudgel Water
|-damage|p2a: Iron Crown|0 fnt
|faint|p2a: Iron Crown
|-end|p2a: Iron Crown|Quark Drive|[silent]
|
|upkeep
|
|t:|1769417431
|switch|p2a: Venusaur|Venusaur, M|100/100
|-damage|p2a: Venusaur|88/100|[from] Stealth Rock
|-damage|p2a: Venusaur|63/100|[from] Spikes
|turn|8
|
|t:|1769417442
|move|p1a: Ogerpon|U-turn|p2a: Venusaur
|-damage|p2a: Venusaur|31/100
|
|t:|1769417444
|switch|p1a: Gholdengo|Gholdengo|100/100|[from] U-turn
|move|p2a: Venusaur|Giga Drain|p1a: Gholdengo
|-resisted|p1a: Gholdengo
|-damage|p1a: Gholdengo|76/100
|-heal|p2a: Venusaur|42/100|[from] drain|[of] p1a: Gholdengo
|
|-heal|p2a: Venusaur|48/100|[from] item: Leftovers
|upkeep
|turn|9
|
|t:|1769417457
|move|p1a: Gholdengo|Shadow Ball|p2a: Venusaur
|-damage|p2a: Venusaur|17/100
|move|p2a: Venusaur|Giga Drain|p1a: Gholdengo
|-resisted|p1a: Gholdengo
|-damage|p1a: Gholdengo|54/100
|-heal|p2a: Venusaur|27/100|[from] drain|[of] p1a: Gholdengo
|
|-heal|p2a: Venusaur|33/100|[from] item: Leftovers
|upkeep
|turn|10
|
|t:|1769417468
|move|p1a: Gholdengo|Shadow Ball|p2a: Venusaur
|-damage|p2a: Venusaur|3/100
|move|p2a: Venusaur|Giga Drain|p1a: Gholdengo
|-resisted|p1a: Gholdengo
|-damage|p1a: Gholdengo|32/100
|-heal|p2a: Venusaur|13/100|[from] drain|[of] p1a: Gholdengo
|
|-heal|p2a: Venusaur|19/100|[from] item: Leftovers
|upkeep
|turn|11
|
|t:|1769417479
|move|p1a: Gholdengo|Shadow Ball|p2a: Venusaur
|-damage|p2a: Venusaur|0 fnt
|faint|p2a: Venusaur
|
|upkeep
|
|t:|1769417499
|switch|p2a: Dragapult|Dragapult, F|100/100
|-damage|p2a: Dragapult|88/100|[from] Stealth Rock
|-damage|p2a: Dragapult|63/100|[from] Spikes
|turn|12
|
|t:|1769417505
|move|p1a: Gholdengo|Shadow Ball|p2a: Dragapult
|-supereffective|p2a: Dragapult
|-damage|p2a: Dragapult|0 fnt
|faint|p2a: Dragapult
|
|upkeep
|
|t:|1769417515
|switch|p2a: Cinderace|Cinderace, F|100/100
|-damage|p2a: Cinderace|76/100|[from] Stealth Rock
|-damage|p2a: Cinderace|51/100|[from] Spikes
|turn|13
|
|t:|1769417523
|move|p2a: Cinderace|Sucker Punch|p1a: Gholdengo
|-start|p2a: Cinderace|typechange|Dark|[from] ability: Libero
|-supereffective|p1a: Gholdengo
|-damage|p1a: Gholdengo|0 fnt
|faint|p1a: Gholdengo
|
|upkeep
|
|t:|1769417534
|switch|p1a: Great Tusk|Great Tusk|100/100
|turn|14
|
|t:|1769417543
|move|p2a: Cinderace|U-turn|p1a: Great Tusk
|-resisted|p1a: Great Tusk
|-damage|p1a: Great Tusk|94/100
|
|t:|1769417546
|switch|p2a: Primarina|Primarina, F|100/100|[from] U-turn
|-damage|p2a: Primarina|88/100|[from] Stealth Rock
|-damage|p2a: Primarina|63/100|[from] Spikes
|move|p1a: Great Tusk|Rapid Spin|p2a: Primarina
|-damage|p2a: Primarina|40/100
|-boost|p1a: Great Tusk|spe|1
|
|upkeep
|turn|15
|
|t:|1769417560
|move|p1a: Great Tusk|Heavy Slam|p2a: Primarina
|-damage|p2a: Primarina|0 fnt
|faint|p2a: Primarina
|
|upkeep
|
|t:|1769417570
|switch|p2a: Great Tusk|Great Tusk|100/100
|-damage|p2a: Great Tusk|97/100|[from] Stealth Rock
|-damage|p2a: Great Tusk|72/100|[from] Spikes
|-enditem|p2a: Great Tusk|Booster Energy
|-activate|p2a: Great Tusk|ability: Protosynthesis|[fromitem]
|-start|p2a: Great Tusk|protosynthesisdef
|turn|16
|
|t:|1769417582
|move|p1a: Great Tusk|Close Combat|p2a: Great Tusk
|-damage|p2a: Great Tusk|41/100
|-unboost|p1a: Great Tusk|def|1
|-unboost|p1a: Great Tusk|spd|1
|move|p2a: Great Tusk|Body Press|p1a: Great Tusk
|-damage|p1a: Great Tusk|55/100
|
|upkeep
|turn|17
|
|t:|1769417591
|move|p1a: Great Tusk|Close Combat|p2a: Great Tusk
|-damage|p2a: Great Tusk|14/100
|-unboost|p1a: Great Tusk|def|1
|-unboost|p1a: Great Tusk|spd|1
|move|p2a: Great Tusk|Bulk Up|p2a: Great Tusk
|-boost|p2a: Great Tusk|atk|1
|-boost|p2a: Great Tusk|def|1
|
|upkeep
|turn|18
|
|t:|1769417601
|move|p1a: Great Tusk|Close Combat|p2a: Great Tusk
|-damage|p2a: Great Tusk|0 fnt
|-unboost|p1a: Great Tusk|def|1
|-unboost|p1a: Great Tusk|spd|1
|faint|p2a: Great Tusk
|-end|p2a: Great Tusk|Protosynthesis|[silent]
|
|upkeep
|
|t:|1769417609
|switch|p2a: Cinderace|Cinderace, F|51/100
|-damage|p2a: Cinderace|26/100|[from] Stealth Rock
|-damage|p2a: Cinderace|1/100|[from] Spikes
|turn|19
|
|t:|1769417616
|move|p2a: Cinderace|Sucker Punch|p1a: Great Tusk
|-start|p2a: Cinderace|typechange|Dark|[from] ability: Libero
|-resisted|p1a: Great Tusk
|-damage|p1a: Great Tusk|26/100
|move|p1a: Great Tusk|Heavy Slam|p2a: Cinderace
|-damage|p2a: Cinderace|0 fnt
|faint|p2a: Cinderace
|
|win|pixel_dragon9
|raw|pixel_dragon9's rating: 1095 &rarr; <strong>1120</strong><br />(+25 for winning)
|raw|abhuboi's rating: 1090 &rarr; <strong>1067</strong><br />(-23 for losing)
|l|☆abhuboi
|player|p2|
