|badge|p1|bronze|gen9ou|100-8
|uhtml|medal-msg|<div class="broadcast-blue">Curious what those medals under the avatar are? PS now has Ladder Seasons! For more information, check out the <a href="https://www.smogon.com/forums/threads/3740067/">thread on Smogon.</a></div>
|j|☆Acastillo631
|j|☆bh.babiri
|t:|1769350144
|gametype|singles
|player|p1|Acastillo631|silver|1882
|player|p2|bh.babiri|cyclistf-gen4|1817
|gen|9
|tier|[Gen 9] OU
|rated|
|rule|HP Percentage Mod: HP is shown in percentages
|rule|Endless Battle Clause: Forcing endless battles is banned
|rule|Species Clause: Limit one of each Pokémon
|rule|OHKO Clause: OHKO moves are banned
|rule|Evasion Items Clause: Evasion items are banned
|rule|Evasion Moves Clause: Evasion moves are banned
|rule|Evasion Abilities Clause: Evasion abilities are banned
|rule|Sleep Moves Clause: Sleep-inducing moves are banned
|clearpoke
|poke|p1|Iron Valiant|
|poke|p1|Sinistcha|
|poke|p1|Tyranitar, F|
|poke|p1|Keldeo-Resolute|
|poke|p1|Iron Treads|
|poke|p1|Klefki, F|
|poke|p2|Hydrapple, M|
|poke|p2|Great Tusk|
|poke|p2|Iron Crown|
|poke|p2|Deoxys-Speed|
|poke|p2|Ceruledge, M|
|poke|p2|Iron Valiant|
|teampreview
|inactive|Battle timer is ON: inactive players will automatically lose when time's up. (requested by bh.babiri)
|
|t:|1769350159
|teamsize|p1|6
|teamsize|p2|6
|start
|switch|p1a: Redips|Klefki, F|100/100
|switch|p2a: Iron Valiant|Iron Valiant|100/100
|turn|1
|
|t:|1769350166
|-end|p2a: Iron Valiant|Quark Drive|[silent]
|switch|p2a: Great Tusk|Great Tusk|100/100
|-enditem|p2a: Great Tusk|Booster Energy
|-activate|p2a: Great Tusk|ability: Protosynthesis|[fromitem]
|-start|p2a: Great Tusk|protosynthesisatk
|move|p1a: Redips|Thunder Wave|p2a: Great Tusk
|-immune|p2a: Great Tusk
|
|upkeep
|turn|2
|
|t:|1769350170
|move|p1a: Redips|Magnet Rise|p1a: Redips
|-start|p1a: Redips|Magnet Rise
|move|p2a: Great Tusk|Stealth Rock|p1a: Redips
|-sidestart|p1: Acastillo631|move: Stealth Rock
|
|upkeep
|turn|3
|
|t:|1769350174
|-end|p2a: Great Tusk|Protosynthesis|[silent]
|switch|p2a: Iron Crown|Iron Crown|100/100
|-enditem|p2a: Iron Crown|Booster Energy
|-activate|p2a: Iron Crown|ability: Quark Drive|[fromitem]
|-start|p2a: Iron Crown|quarkdrivespa
|move|p1a: Redips|Spikes|p2a: Iron Crown
|-sidestart|p2: bh.babiri|Spikes
|
|upkeep
|turn|4
|
|t:|1769350180
|move|p1a: Redips|Thunder Wave|p2a: Iron Crown
|-status|p2a: Iron Crown|par
|move|p2a: Iron Crown|Tachyon Cutter|p1a: Redips
|-damage|p1a: Redips|63/100
|-damage|p1a: Redips|25/100
|-hitcount|p1a: Redips|2
|
|upkeep
|turn|5
|
|t:|1769350195
|move|p1a: Redips|Spikes|p2a: Iron Crown
|-sidestart|p2: bh.babiri|Spikes
|move|p2a: Iron Crown|Tachyon Cutter|p1a: Redips
|-damage|p1a: Redips|0 fnt
|faint|p1a: Redips
|-hitcount|p1: Redips|1
|
|upkeep
|
|t:|1769350197
|switch|p1a: Armored Armadillo|Iron Treads|100/100
|-damage|p1a: Armored Armadillo|97/100|[from] Stealth Rock
|-item|p1a: Armored Armadillo|Air Balloon
|turn|6
|
|t:|1769350207
|move|p1a: Armored Armadillo|Earthquake|p2a: Iron Crown
|-supereffective|p2a: Iron Crown
|-damage|p2a: Iron Crown|0 fnt
|faint|p2a: Iron Crown
|-end|p2a: Iron Crown|Quark Drive|[silent]
|
|upkeep
|
|t:|1769350210
|switch|p2a: Great Tusk|Great Tusk|100/100
|-damage|p2a: Great Tusk|84/100|[from] Spikes
|turn|7
|
|t:|1769350214
|-end|p1a: Armored Armadillo|Quark Drive|[silent]
|switch|p1a: Wire Sponge|Sinistcha|100/100
|move|p2a: Great Tusk|Ice Spinner|p1a: Wire Sponge
|-supereffective|p1a: Wire Sponge
|-damage|p1a: Wire Sponge|61/100
|
|upkeep
|turn|8
|
|t:|1769350216
|-end|p2a: Great Tusk|Protosynthesis|[silent]
|switch|p2a: Hydrapple|Hydrapple, M, shiny|100/100
|-damage|p2a: Hydrapple|84/100|[from] Spikes
|move|p1a: Wire Sponge|Strength Sap|p2a: Hydrapple
|-unboost|p2a: Hydrapple|atk|1
|-heal|p1a: Wire Sponge|100/100
|
|-heal|p2a: Hydrapple|90/100|[from] item: Leftovers
|upkeep
|turn|9
|
|t:|1769350222
|switch|p1a: Eregion|Tyranitar, F|100/100
|-damage|p1a: Eregion|88/100|[from] Stealth Rock
|-weather|Sandstorm|[from] ability: Sand Stream|[of] p1a: Eregion
|move|p2a: Hydrapple|Nasty Plot|p2a: Hydrapple
|-boost|p2a: Hydrapple|spa|2
|
|-weather|Sandstorm|[upkeep]
|-damage|p2a: Hydrapple|84/100|[from] Sandstorm
|-heal|p1a: Eregion|94/100|[from] item: Leftovers
|-heal|p2a: Hydrapple|90/100|[from] item: Leftovers
|upkeep
|turn|10
|
|t:|1769350233
|move|p1a: Eregion|Ice Beam|p2a: Hydrapple
|-supereffective|p2a: Hydrapple
|-damage|p2a: Hydrapple|14/100
|move|p2a: Hydrapple|Giga Drain|p1a: Eregion
|-supereffective|p1a: Eregion
|-damage|p1a: Eregion|31/100
|-heal|p2a: Hydrapple|45/100|[from] drain|[of] p1a: Eregion
|
|-weather|Sandstorm|[upkeep]
|-damage|p2a: Hydrapple|38/100|[from] Sandstorm
|-heal|p1a: Eregion|38/100|[from] item: Leftovers
|-heal|p2a: Hydrapple|45/100|[from] item: Leftovers
|upkeep
|turn|11
|
|t:|1769350241
|switch|p2a: Iron Valiant|Iron Valiant|100/100
|-damage|p2a: Iron Valiant|84/100|[from] Spikes
|move|p1a: Eregion|Ice Beam|p2a: Iron Valiant
|-damage|p2a: Iron Valiant|47/100
|
|-weather|Sandstorm|[upkeep]
|-damage|p2a: Iron Valiant|41/100|[from] Sandstorm
|-heal|p1a: Eregion|44/100|[from] item: Leftovers
|upkeep
|turn|12
|inactive|Acastillo631 has 120 seconds left.
|
|t:|1769350280
|move|p2a: Iron Valiant|Moonblast|p1a: Eregion
|-supereffective|p1a: Eregion
|-damage|p1a: Eregion|0 fnt
|faint|p1a: Eregion
|
|-weather|Sandstorm|[upkeep]
|-damage|p2a: Iron Valiant|34/100|[from] Sandstorm
|upkeep
|
|t:|1769350300
|switch|p1a: Armored Armadillo|Iron Treads|97/100
|-damage|p1a: Armored Armadillo|94/100|[from] Stealth Rock
|-item|p1a: Armored Armadillo|Air Balloon
|turn|13
|
|t:|1769350307
|move|p2a: Iron Valiant|Moonblast|p1a: Armored Armadillo
|-resisted|p1a: Armored Armadillo
|-damage|p1a: Armored Armadillo|41/100
|-enditem|p1a: Armored Armadillo|Air Balloon
|move|p1a: Armored Armadillo|Earthquake|p2a: Iron Valiant
|-damage|p2a: Iron Valiant|0 fnt
|faint|p2a: Iron Valiant
|-end|p2a: Iron Valiant|Quark Drive|[silent]
|
|-weather|none
|upkeep
|
|t:|1769350310
|switch|p2a: Great Tusk|Great Tusk|84/100
|-damage|p2a: Great Tusk|68/100|[from] Spikes
|turn|14
|
|t:|1769350315
|-end|p1a: Armored Armadillo|Quark Drive|[silent]
|switch|p1a: Wire Sponge|Sinistcha|100/100
|move|p2a: Great Tusk|Ice Spinner|p1a: Wire Sponge
|-supereffective|p1a: Wire Sponge
|-damage|p1a: Wire Sponge|61/100
|
|upkeep
|turn|15
|
|t:|1769350323
|-end|p2a: Great Tusk|Protosynthesis|[silent]
|switch|p2a: Hydrapple|Hydrapple, M, shiny|78/100
|-damage|p2a: Hydrapple|61/100|[from] Spikes
|move|p1a: Wire Sponge|Nasty Plot|p1a: Wire Sponge
|-boost|p1a: Wire Sponge|spa|2
|
|-heal|p2a: Hydrapple|68/100|[from] item: Leftovers
|upkeep
|turn|16
|
|t:|1769350331
|move|p1a: Wire Sponge|Shadow Ball|p2a: Hydrapple
|-damage|p2a: Hydrapple|8/100
|move|p2a: Hydrapple|Fickle Beam|p1a: Wire Sponge
|-crit|p1a: Wire Sponge
|-damage|p1a: Wire Sponge|0 fnt
|faint|p1a: Wire Sponge
|
|-heal|p2a: Hydrapple|15/100|[from] item: Leftovers
|upkeep
|inactive|Acastillo631 has 120 seconds left.
|
|t:|1769350366
|switch|p1a: Spiral Pegasus|Keldeo-Resolute|100/100
|turn|17
|inactive|Acastillo631 has 120 seconds left.
|inactive|bh.babiri has 120 seconds left.
|
|t:|1769350401
|move|p1a: Spiral Pegasus|Surf|p2a: Hydrapple
|-resisted|p2a: Hydrapple
|-damage|p2a: Hydrapple|3/100
|move|p2a: Hydrapple|Giga Drain|p1a: Spiral Pegasus
|-supereffective|p1a: Spiral Pegasus
|-damage|p1a: Spiral Pegasus|9/100
|-heal|p2a: Hydrapple|39/100|[from] drain|[of] p1a: Spiral Pegasus
|
|-heal|p2a: Hydrapple|45/100|[from] item: Leftovers
|upkeep
|turn|18
|inactive|bh.babiri has 120 seconds left.
|
|t:|1769350409
|move|p1a: Spiral Pegasus|Secret Sword|p2a: Hydrapple
|-damage|p2a: Hydrapple|13/100
|move|p2a: Hydrapple|Giga Drain|p1a: Spiral Pegasus
|-supereffective|p1a: Spiral Pegasus
|-damage|p1a: Spiral Pegasus|0 fnt
|-heal|p2a: Hydrapple|16/100|[from] drain|[of] p1a: Spiral Pegasus
|faint|p1a: Spiral Pegasus
|
|-heal|p2a: Hydrapple|23/100|[from] item: Leftovers
|upkeep
|-message|Acastillo631 forfeited.
|
|win|bh.babiri
|raw|Acastillo631's rating: 1882 &rarr; <strong>1858</strong><br />(-24 for losing)
|raw|bh.babiri's rating: 1817 &rarr; <strong>1841</strong><br />(+24 for winning)
|l|☆Acastillo631
|player|p1|
|l|☆bh.babiri
|player|p2|
