|j|☆ari5509
|j|☆Pig Perfect
|t:|1769425318
|gametype|singles
|player|p1|ari5509|ingo|1557
|player|p2|Pig Perfect|workerice|1556
|gen|9
|tier|[Gen 9] OU
|rated|
|rule|HP Percentage Mod: HP is shown in percentages
|rule|Endless Battle Clause: Forcing endless battles is banned
|rule|Species Clause: Limit one of each Pokémon
|rule|OHKO Clause: OHKO moves are banned
|rule|Evasion Items Clause: Evasion items are banned
|rule|Evasion Moves Clause: Evasion moves are banned
|rule|Evasion Abilities Clause: Evasion abilities are banned
|rule|Sleep Moves Clause: Sleep-inducing moves are banned
|clearpoke
|poke|p1|Slowking-Galar, F|
|poke|p1|Landorus-Therian, M|
|poke|p1|Kyurem|
|poke|p1|Iron Valiant|
|poke|p1|Cinderace, F|
|poke|p1|Kingambit, F|
|poke|p2|Cresselia, F|
|poke|p2|Great Tusk|
|poke|p2|Heatran, F|
|poke|p2|Ninetales, M|
|poke|p2|Raging Bolt|
|poke|p2|Walking Wake|
|teampreview
|inactive|Battle timer is ON: inactive players will automatically lose when time's up. (requested by ari5509)
|inactive|Pig Perfect has 120 seconds left.
|
|t:|1769425354
|teamsize|p1|6
|teamsize|p2|6
|start
|switch|p1a: Slowking|Slowking-Galar, F|100/100
|switch|p2a: Great Tusk|Great Tusk|100/100
|turn|1
|
|t:|1769425374
|-end|p2a: Great Tusk|Protosynthesis|[silent]
|switch|p2a: Ninetales|Ninetales, M|100/100
|-weather|SunnyDay|[from] ability: Drought|[of] p2a: Ninetales
|switch|p1a: Landorus|Landorus-Therian, M|100/100
|-ability|p1a: Landorus|Intimidate|boost
|-unboost|p2a: Ninetales|atk|1
|
|-weather|SunnyDay|[upkeep]
|upkeep
|turn|2
|
|t:|1769425384
|switch|p2a: Walking Wake|Walking Wake|100/100
|-activate|p2a: Walking Wake|ability: Protosynthesis
|-start|p2a: Walking Wake|protosynthesisspe
|switch|p1a: Slowking|Slowking-Galar, F|100/100
|
|-weather|SunnyDay|[upkeep]
|upkeep
|turn|3
|
|t:|1769425404
|-terastallize|p1a: Slowking|Water
|move|p2a: Walking Wake|Draco Meteor|p1a: Slowking
|-damage|p1a: Slowking|40/100
|-unboost|p2a: Walking Wake|spa|2
|move|p1a: Slowking|Sludge Bomb|p2a: Walking Wake
|-damage|p2a: Walking Wake|58/100
|-status|p2a: Walking Wake|psn
|
|-weather|SunnyDay|[upkeep]
|-damage|p2a: Walking Wake|46/100 psn|[from] psn
|upkeep
|turn|4
|
|t:|1769425418
|-end|p2a: Walking Wake|Protosynthesis|[silent]
|switch|p2a: Heatran|Heatran, F|100/100
|-prepare|p1a: Slowking|Chilly Reception|[premajor]
|move|p1a: Slowking|Chilly Reception|p1a: Slowking
|-weather|Snowscape
|
|t:|1769425424
|switch|p1a: Landorus|Landorus-Therian, M|100/100|[from] Chilly Reception
|-ability|p1a: Landorus|Intimidate|boost
|-unboost|p2a: Heatran|atk|1
|
|-weather|Snowscape|[upkeep]
|upkeep
|turn|5
|j| Heliophete
|
|t:|1769425430
|switch|p2a: Cresselia|Cresselia, F|100/100
|move|p1a: Landorus|Earthquake|p2a: Cresselia
|-immune|p2a: Cresselia|[from] ability: Levitate
|
|-weather|Snowscape|[upkeep]
|upkeep
|turn|6
|
|t:|1769425436
|move|p1a: Landorus|Taunt|p2a: Cresselia
|-start|p2a: Cresselia|move: Taunt
|cant|p2a: Cresselia|move: Taunt|Thunder Wave
|
|-weather|Snowscape|[upkeep]
|upkeep
|turn|7
|
|t:|1769425441
|move|p1a: Landorus|Stealth Rock|p2a: Cresselia
|-sidestart|p2: Pig Perfect|move: Stealth Rock
|move|p2a: Cresselia|Ice Beam|p1a: Landorus
|-supereffective|p1a: Landorus
|-damage|p1a: Landorus|28/100
|
|-weather|Snowscape|[upkeep]
|upkeep
|turn|8
|
|t:|1769425452
|switch|p2a: Great Tusk|Great Tusk|100/100
|-damage|p2a: Great Tusk|97/100|[from] Stealth Rock
|move|p1a: Landorus|U-turn|p2a: Great Tusk
|-resisted|p2a: Great Tusk
|-damage|p2a: Great Tusk|91/100
|
|t:|1769425455
|switch|p1a: Kyurem|Kyurem|100/100|[from] U-turn
|-ability|p1a: Kyurem|Pressure
|
|-weather|none
|upkeep
|turn|9
|
|t:|1769425461
|-end|p2a: Great Tusk|Protosynthesis|[silent]
|switch|p2a: Cresselia|Cresselia, F|100/100
|-damage|p2a: Cresselia|88/100|[from] Stealth Rock
|move|p1a: Kyurem|Freeze-Dry|p2a: Cresselia
|-damage|p2a: Cresselia|51/100
|
|upkeep
|turn|10
|
|t:|1769425469
|switch|p1a: Landorus|Landorus-Therian, M|28/100
|-ability|p1a: Landorus|Intimidate|boost
|-unboost|p2a: Cresselia|atk|1
|move|p2a: Cresselia|Moonlight|p2a: Cresselia
|-heal|p2a: Cresselia|100/100
|
|upkeep
|turn|11
|
|t:|1769425477
|switch|p2a: Ninetales|Ninetales, M|100/100
|-damage|p2a: Ninetales|76/100|[from] Stealth Rock
|-weather|SunnyDay|[from] ability: Drought|[of] p2a: Ninetales
|move|p1a: Landorus|U-turn|p2a: Ninetales
|-resisted|p2a: Ninetales
|-damage|p2a: Ninetales|61/100
|
|t:|1769425480
|switch|p1a: Slowking|Slowking-Galar, F, tera:Water|73/100|[from] U-turn
|
|-weather|SunnyDay|[upkeep]
|upkeep
|turn|12
|
|t:|1769425485
|move|p2a: Ninetales|Will-O-Wisp|p1a: Slowking
|-status|p1a: Slowking|brn
|-prepare|p1a: Slowking|Chilly Reception|[premajor]
|move|p1a: Slowking|Chilly Reception|p1a: Slowking
|-weather|Snowscape
|
|t:|1769425492
|switch|p1a: Cinderace|Cinderace, F|100/100|[from] Chilly Reception
|
|-weather|Snowscape|[upkeep]
|upkeep
|turn|13
|
|t:|1769425499
|switch|p2a: Heatran|Heatran, F|100/100
|-damage|p2a: Heatran|88/100|[from] Stealth Rock
|move|p1a: Cinderace|Pyro Ball|p2a: Heatran
|-start|p2a: Heatran|ability: Flash Fire
|
|-weather|Snowscape|[upkeep]
|-heal|p2a: Heatran|94/100|[from] item: Leftovers
|upkeep
|turn|14
|
|t:|1769425504
|move|p1a: Cinderace|U-turn|p2a: Heatran
|-start|p1a: Cinderace|typechange|Bug|[from] ability: Libero
|-resisted|p2a: Heatran
|-damage|p2a: Heatran|86/100
|
|t:|1769425509
|switch|p1a: Slowking|Slowking-Galar, F, tera:Water|100/100 brn|[from] U-turn
|move|p2a: Heatran|Magma Storm|p1a: Slowking|[miss]
|-miss|p2a: Heatran|p1a: Slowking
|
|-weather|Snowscape|[upkeep]
|-heal|p2a: Heatran|92/100|[from] item: Leftovers
|-damage|p1a: Slowking|94/100 brn|[from] brn
|upkeep
|turn|15
|
|t:|1769425515
|move|p2a: Heatran|Taunt|p1a: Slowking
|-start|p1a: Slowking|move: Taunt
|move|p1a: Slowking|Future Sight|p2a: Heatran
|-start|p1a: Slowking|move: Future Sight
|
|-weather|Snowscape|[upkeep]
|-heal|p2a: Heatran|98/100|[from] item: Leftovers
|-damage|p1a: Slowking|88/100 brn|[from] brn
|upkeep
|turn|16
|
|t:|1769425528
|switch|p1a: Cinderace|Cinderace, F|100/100
|move|p2a: Heatran|Magma Storm|p1a: Cinderace
|-resisted|p1a: Cinderace
|-damage|p1a: Cinderace|41/100
|-activate|p1a: Cinderace|move: Magma Storm|[of] p2a: Heatran
|
|-weather|none
|-heal|p2a: Heatran|100/100|[from] item: Leftovers
|-damage|p1a: Cinderace|28/100|[from] move: Magma Storm|[partiallytrapped]
|upkeep
|turn|17
|
|t:|1769425535
|move|p1a: Cinderace|U-turn|p2a: Heatran
|-start|p1a: Cinderace|typechange|Bug|[from] ability: Libero
|-resisted|p2a: Heatran
|-damage|p2a: Heatran|92/100
|
|t:|1769425548
|switch|p1a: Slowking|Slowking-Galar, F, tera:Water|100/100 brn|[from] U-turn
|move|p2a: Heatran|Stealth Rock|p1a: Slowking
|-sidestart|p1: ari5509|move: Stealth Rock
|
|-end|p2a: Heatran|move: Future Sight
|-resisted|p2a: Heatran
|-damage|p2a: Heatran|72/100
|-heal|p2a: Heatran|78/100|[from] item: Leftovers
|-damage|p1a: Slowking|94/100 brn|[from] brn
|upkeep
|turn|18
|
|t:|1769425558
|switch|p1a: Landorus|Landorus-Therian, M|28/100
|-damage|p1a: Landorus|16/100|[from] Stealth Rock
|-ability|p1a: Landorus|Intimidate|boost
|-unboost|p2a: Heatran|atk|1
|move|p2a: Heatran|Magma Storm|p1a: Landorus|[miss]
|-miss|p2a: Heatran|p1a: Landorus
|
|-heal|p2a: Heatran|84/100|[from] item: Leftovers
|upkeep
|turn|19
|j| skjsosjdjd
|
|t:|1769425570
|-end|p2a: Heatran|ability: Flash Fire|[silent]
|switch|p2a: Cresselia|Cresselia, F|100/100
|-damage|p2a: Cresselia|88/100|[from] Stealth Rock
|move|p1a: Landorus|U-turn|p2a: Cresselia
|-supereffective|p2a: Cresselia
|-damage|p2a: Cresselia|63/100
|-damage|p1a: Landorus|0 fnt|[from] item: Rocky Helmet|[of] p2a: Cresselia
|faint|p1a: Landorus
|
|upkeep
|
|t:|1769425579
|switch|p1a: Slowking|Slowking-Galar, F, tera:Water|100/100 brn
|turn|20
|
|t:|1769425601
|switch|p2a: Great Tusk|Great Tusk|91/100
|-damage|p2a: Great Tusk|88/100|[from] Stealth Rock
|move|p1a: Slowking|Toxic|p2a: Great Tusk
|-status|p2a: Great Tusk|tox
|
|-damage|p2a: Great Tusk|81/100 tox|[from] psn
|-damage|p1a: Slowking|94/100 brn|[from] brn
|upkeep
|turn|21
|
|t:|1769425609
|move|p2a: Great Tusk|Rapid Spin|p1a: Slowking
|-damage|p1a: Slowking|79/100 brn
|-boost|p2a: Great Tusk|spe|1
|-sideend|p2: Pig Perfect|Stealth Rock|[from] move: Rapid Spin|[of] p2a: Great Tusk
|-prepare|p1a: Slowking|Chilly Reception|[premajor]
|move|p1a: Slowking|Chilly Reception|p1a: Slowking
|-weather|Snowscape
|
|t:|1769425615
|switch|p1a: Iron Valiant|Iron Valiant|100/100|[from] Chilly Reception
|-damage|p1a: Iron Valiant|94/100|[from] Stealth Rock
|-enditem|p1a: Iron Valiant|Booster Energy
|-activate|p1a: Iron Valiant|ability: Quark Drive|[fromitem]
|-start|p1a: Iron Valiant|quarkdrivespe
|
|-weather|Snowscape|[upkeep]
|-damage|p2a: Great Tusk|69/100 tox|[from] psn
|upkeep
|turn|22
|l| Heliophete
|
|t:|1769425623
|-end|p2a: Great Tusk|Protosynthesis|[silent]
|switch|p2a: Heatran|Heatran, F|84/100
|move|p1a: Iron Valiant|Moonblast|p2a: Heatran
|-resisted|p2a: Heatran
|-damage|p2a: Heatran|72/100
|-unboost|p2a: Heatran|spa|1
|
|-weather|Snowscape|[upkeep]
|-heal|p2a: Heatran|78/100|[from] item: Leftovers
|upkeep
|turn|23
|
|t:|1769425627
|switch|p2a: Cresselia|Cresselia, F|63/100
|move|p1a: Iron Valiant|Close Combat|p2a: Cresselia
|-resisted|p2a: Cresselia
|-damage|p2a: Cresselia|50/100
|-unboost|p1a: Iron Valiant|def|1
|-unboost|p1a: Iron Valiant|spd|1
|-damage|p1a: Iron Valiant|78/100|[from] item: Rocky Helmet|[of] p2a: Cresselia
|
|-weather|Snowscape|[upkeep]
|upkeep
|turn|24
|
|t:|1769425630
|move|p1a: Iron Valiant|Knock Off|p2a: Cresselia
|-supereffective|p2a: Cresselia
|-damage|p2a: Cresselia|16/100
|-damage|p1a: Iron Valiant|61/100|[from] item: Rocky Helmet|[of] p2a: Cresselia
|-enditem|p2a: Cresselia|Rocky Helmet|[from] move: Knock Off|[of] p1a: Iron Valiant
|move|p2a: Cresselia|Ice Beam|p1a: Iron Valiant
|-damage|p1a: Iron Valiant|16/100
|
|-weather|Snowscape|[upkeep]
|upkeep
|turn|25
|j| opthebestkkj
|
|t:|1769425642
|move|p1a: Iron Valiant|Moonblast|p2a: Cresselia
|-damage|p2a: Cresselia|0 fnt
|faint|p2a: Cresselia
|
|-weather|none
|upkeep
|
|t:|1769425647
|switch|p2a: Ninetales|Ninetales, M|61/100
|-weather|SunnyDay|[from] ability: Drought|[of] p2a: Ninetales
|turn|26
|
|t:|1769425659
|switch|p2a: Walking Wake|Walking Wake|46/100 psn
|-activate|p2a: Walking Wake|ability: Protosynthesis
|-start|p2a: Walking Wake|protosynthesisspe
|move|p1a: Iron Valiant|Close Combat|p2a: Walking Wake
|-damage|p2a: Walking Wake|0 fnt
|-unboost|p1a: Iron Valiant|def|1
|-unboost|p1a: Iron Valiant|spd|1
|faint|p2a: Walking Wake
|-end|p2a: Walking Wake|Protosynthesis|[silent]
|
|-weather|SunnyDay|[upkeep]
|upkeep
|
|t:|1769425669
|switch|p2a: Raging Bolt|Raging Bolt|100/100
|-activate|p2a: Raging Bolt|ability: Protosynthesis
|-start|p2a: Raging Bolt|protosynthesisspa
|turn|27
|
|t:|1769425674
|move|p2a: Raging Bolt|Thunderclap||[still]
|-fail|p2a: Raging Bolt
|move|p1a: Iron Valiant|Encore|p2a: Raging Bolt
|-start|p2a: Raging Bolt|Encore
|
|-weather|SunnyDay|[upkeep]
|upkeep
|turn|28
|
|t:|1769425689
|-end|p1a: Iron Valiant|Quark Drive|[silent]
|switch|p1a: Kyurem|Kyurem|100/100
|-damage|p1a: Kyurem|76/100|[from] Stealth Rock
|-ability|p1a: Kyurem|Pressure
|move|p2a: Raging Bolt|Thunderclap||[still]
|-fail|p2a: Raging Bolt
|
|-weather|SunnyDay|[upkeep]
|upkeep
|turn|29
|
|t:|1769425701
|-end|p2a: Raging Bolt|Protosynthesis|[silent]
|switch|p2a: Great Tusk|Great Tusk|69/100 tox
|-activate|p2a: Great Tusk|ability: Protosynthesis
|-start|p2a: Great Tusk|protosynthesisatk
|move|p1a: Kyurem|Earth Power|p2a: Great Tusk
|-damage|p2a: Great Tusk|39/100 tox
|
|-weather|SunnyDay|[upkeep]
|-damage|p2a: Great Tusk|33/100 tox|[from] psn
|upkeep
|turn|30
|
|t:|1769425711
|move|p1a: Kyurem|Earth Power|p2a: Great Tusk
|-damage|p2a: Great Tusk|2/100 tox
|move|p2a: Great Tusk|Headlong Rush|p1a: Kyurem
|-damage|p1a: Kyurem|7/100
|-unboost|p2a: Great Tusk|def|1
|-unboost|p2a: Great Tusk|spd|1
|
|-weather|SunnyDay|[upkeep]
|-damage|p2a: Great Tusk|0 fnt|[from] psn
|faint|p2a: Great Tusk
|-end|p2a: Great Tusk|Protosynthesis|[silent]
|upkeep
|
|t:|1769425721
|switch|p2a: Ninetales|Ninetales, M|61/100
|turn|31
|
|t:|1769425723
|move|p2a: Ninetales|Weather Ball|p1a: Kyurem
|-damage|p1a: Kyurem|0 fnt
|faint|p1a: Kyurem
|
|-weather|SunnyDay|[upkeep]
|upkeep
|
|t:|1769425725
|switch|p1a: Slowking|Slowking-Galar, F, tera:Water|100/100 brn
|turn|32
|
|t:|1769425731
|switch|p2a: Heatran|Heatran, F|78/100
|-prepare|p1a: Slowking|Chilly Reception|[premajor]
|move|p1a: Slowking|Chilly Reception|p1a: Slowking
|-weather|Snowscape
|
|t:|1769425734
|switch|p1a: Iron Valiant|Iron Valiant|16/100|[from] Chilly Reception
|-damage|p1a: Iron Valiant|10/100|[from] Stealth Rock
|
|-weather|Snowscape|[upkeep]
|-heal|p2a: Heatran|84/100|[from] item: Leftovers
|upkeep
|turn|33
|
|t:|1769425747
|switch|p2a: Ninetales|Ninetales, M|61/100
|-weather|SunnyDay|[from] ability: Drought|[of] p2a: Ninetales
|move|p1a: Iron Valiant|Moonblast|p2a: Ninetales
|-resisted|p2a: Ninetales
|-damage|p2a: Ninetales|37/100
|-unboost|p2a: Ninetales|spa|1
|
|-weather|SunnyDay|[upkeep]
|upkeep
|turn|34
|
|t:|1769425757
|switch|p2a: Heatran|Heatran, F|84/100
|move|p1a: Iron Valiant|Close Combat|p2a: Heatran
|-supereffective|p2a: Heatran
|-damage|p2a: Heatran|0 fnt
|-unboost|p1a: Iron Valiant|def|1
|-unboost|p1a: Iron Valiant|spd|1
|faint|p2a: Heatran
|
|-weather|SunnyDay|[upkeep]
|upkeep
|
|t:|1769425760
|switch|p2a: Raging Bolt|Raging Bolt|100/100
|-activate|p2a: Raging Bolt|ability: Protosynthesis
|-start|p2a: Raging Bolt|protosynthesisspa
|turn|35
|
|t:|1769425767
|-end|p1a: Iron Valiant|Quark Drive|[silent]
|switch|p1a: Cinderace|Cinderace, F|28/100
|move|p2a: Raging Bolt|Thunderbolt|p1a: Cinderace
|-damage|p1a: Cinderace|0 fnt
|faint|p1a: Cinderace
|
|-weather|SunnyDay|[upkeep]
|upkeep
|
|t:|1769425778
|switch|p1a: Iron Valiant|Iron Valiant|10/100
|-damage|p1a: Iron Valiant|4/100|[from] Stealth Rock
|turn|36
|
|t:|1769425780
|move|p2a: Raging Bolt|Thunderclap||[still]
|-fail|p2a: Raging Bolt
|move|p1a: Iron Valiant|Encore|p2a: Raging Bolt
|-start|p2a: Raging Bolt|Encore
|
|-weather|SunnyDay|[upkeep]
|upkeep
|turn|37
|
|t:|1769425789
|-end|p2a: Raging Bolt|Protosynthesis|[silent]
|switch|p2a: Ninetales|Ninetales, M|37/100
|move|p1a: Iron Valiant|Moonblast|p2a: Ninetales
|-resisted|p2a: Ninetales
|-damage|p2a: Ninetales|15/100
|
|-weather|SunnyDay|[upkeep]
|upkeep
|turn|38
|
|t:|1769425793
|move|p1a: Iron Valiant|Knock Off|p2a: Ninetales
|-damage|p2a: Ninetales|0 fnt
|-enditem|p2a: Ninetales|Heat Rock|[from] move: Knock Off|[of] p1a: Iron Valiant
|faint|p2a: Ninetales
|
|-weather|SunnyDay|[upkeep]
|upkeep
|
|t:|1769425795
|switch|p2a: Raging Bolt|Raging Bolt|100/100
|-activate|p2a: Raging Bolt|ability: Protosynthesis
|-start|p2a: Raging Bolt|protosynthesisspa
|turn|39
|
|t:|1769425798
|move|p1a: Iron Valiant|Encore||[still]
|-fail|p1a: Iron Valiant
|move|p2a: Raging Bolt|Thunderbolt|p1a: Iron Valiant
|-damage|p1a: Iron Valiant|0 fnt
|faint|p1a: Iron Valiant
|-end|p1a: Iron Valiant|Quark Drive|[silent]
|
|-weather|SunnyDay|[upkeep]
|upkeep
|
|t:|1769425802
|switch|p1a: Kingambit|Kingambit, F|100/100
|-damage|p1a: Kingambit|94/100|[from] Stealth Rock
|-activate|p1a: Kingambit|ability: Supreme Overlord
|-start|p1a: Kingambit|fallen4|[silent]
|turn|40
|
|t:|1769425807
|move|p2a: Raging Bolt|Thunderbolt|p1a: Kingambit
|-crit|p1a: Kingambit
|-damage|p1a: Kingambit|3/100
|-status|p1a: Kingambit|par
|move|p1a: Kingambit|Kowtow Cleave|p2a: Raging Bolt
|-crit|p2a: Raging Bolt
|-damage|p2a: Raging Bolt|16/100
|
|-weather|none
|-end|p2a: Raging Bolt|Protosynthesis
|-heal|p2a: Raging Bolt|23/100|[from] item: Leftovers
|-heal|p1a: Kingambit|10/100 par|[from] item: Leftovers
|upkeep
|turn|41
|
|t:|1769425815
|move|p2a: Raging Bolt|Thunderclap|p1a: Kingambit
|-damage|p1a: Kingambit|0 fnt
|faint|p1a: Kingambit
|-end|p1a: Kingambit|fallen4|[silent]
|
|-heal|p2a: Raging Bolt|29/100|[from] item: Leftovers
|upkeep
|
|t:|1769425817
|switch|p1a: Slowking|Slowking-Galar, F, tera:Water|100/100 brn
|turn|42
|
|t:|1769425823
|-terastallize|p2a: Raging Bolt|Ghost
|move|p2a: Raging Bolt|Calm Mind|p2a: Raging Bolt
|-boost|p2a: Raging Bolt|spa|1
|-boost|p2a: Raging Bolt|spd|1
|move|p1a: Slowking|Sludge Bomb|p2a: Raging Bolt
|-resisted|p2a: Raging Bolt
|-crit|p2a: Raging Bolt
|-damage|p2a: Raging Bolt|7/100
|
|-heal|p2a: Raging Bolt|13/100|[from] item: Leftovers
|-damage|p1a: Slowking|94/100 brn|[from] brn
|upkeep
|turn|43
|
|t:|1769425830
|move|p2a: Raging Bolt|Thunderbolt|p1a: Slowking
|-supereffective|p1a: Slowking
|-damage|p1a: Slowking|1/100 brn
|move|p1a: Slowking|Toxic|p2a: Raging Bolt
|-status|p2a: Raging Bolt|tox
|
|-heal|p2a: Raging Bolt|19/100 tox|[from] item: Leftovers
|-damage|p2a: Raging Bolt|13/100 tox|[from] psn
|-damage|p1a: Slowking|0 fnt|[from] brn
|faint|p1a: Slowking
|
|win|Pig Perfect
|raw|ari5509's rating: 1557 &rarr; <strong>1537</strong><br />(-20 for losing)
|raw|Pig Perfect's rating: 1556 &rarr; <strong>1576</strong><br />(+20 for winning)
|l|☆ari5509
|player|p1|
|j| Tbccc15
|c|☆Pig Perfect|Gg
|c| opthebestkkj|epic
|l|☆Pig Perfect
|player|p2|
|l| opthebestkkj
|l| Tbccc15
