|j|☆Don Birria
|j|☆morakki
|t:|1769370672
|gametype|singles
|player|p1|Don Birria|266|1223
|player|p2|morakki|2|1237
|gen|9
|tier|[Gen 9] OU
|rated|
|rule|HP Percentage Mod: HP is shown in percentages
|rule|Endless Battle Clause: Forcing endless battles is banned
|rule|Species Clause: Limit one of each Pokémon
|rule|OHKO Clause: OHKO moves are banned
|rule|Evasion Items Clause: Evasion items are banned
|rule|Evasion Moves Clause: Evasion moves are banned
|rule|Evasion Abilities Clause: Evasion abilities are banned
|rule|Sleep Moves Clause: Sleep-inducing moves are banned
|clearpoke
|poke|p1|Vaporeon, M|
|poke|p1|Meowscarada, M|
|poke|p1|Hydrapple, M|
|poke|p1|Muk-Alola, M|
|poke|p1|Grimmsnarl, M|
|poke|p1|Cinderace, M|
|poke|p2|Vivillon-Pokeball, M|
|poke|p2|Pelipper, M|
|poke|p2|Raging Bolt|
|poke|p2|Ogerpon-Wellspring, F|
|poke|p2|Quaquaval, M|
|poke|p2|Chansey, F|
|teampreview
|inactive|Battle timer is ON: inactive players will automatically lose when time's up. (requested by morakki)
|
|t:|1769370682
|teamsize|p1|6
|teamsize|p2|6
|start
|switch|p1a: Luceroi|Muk-Alola, M|100/100
|switch|p2a: Pelipper|Pelipper, M|100/100
|-weather|RainDance|[from] ability: Drizzle|[of] p2a: Pelipper
|turn|1
|
|t:|1769370702
|move|p2a: Pelipper|Hurricane|p1a: Luceroi
|-damage|p1a: Luceroi|70/100
|-start|p1a: Luceroi|confusion
|-activate|p1a: Luceroi|confusion
|move|p1a: Luceroi|Knock Off|p2a: Pelipper
|-damage|p2a: Pelipper|64/100
|-status|p2a: Pelipper|psn|[from] ability: Poison Touch|[of] p1a: Luceroi
|-enditem|p2a: Pelipper|Leftovers|[from] move: Knock Off|[of] p1a: Luceroi
|
|-weather|RainDance|[upkeep]
|-heal|p1a: Luceroi|76/100|[from] item: Black Sludge
|-damage|p2a: Pelipper|52/100 psn|[from] psn
|upkeep
|turn|2
|
|t:|1769370714
|move|p2a: Pelipper|U-turn|p1a: Luceroi
|-damage|p1a: Luceroi|68/100
|
|t:|1769370734
|switch|p2a: Raging Bolt|Raging Bolt|100/100|[from] U-turn
|-enditem|p2a: Raging Bolt|Booster Energy
|-activate|p2a: Raging Bolt|ability: Protosynthesis|[fromitem]
|-start|p2a: Raging Bolt|protosynthesisspa
|-activate|p1a: Luceroi|confusion
|move|p1a: Luceroi|Knock Off|p2a: Raging Bolt
|-damage|p2a: Raging Bolt|73/100
|
|-weather|RainDance|[upkeep]
|-heal|p1a: Luceroi|74/100|[from] item: Black Sludge
|upkeep
|turn|3
|
|t:|1769370749
|switch|p1a: Greegno|Grimmsnarl, M|100/100
|move|p2a: Raging Bolt|Thunder|p1a: Greegno
|-damage|p1a: Greegno|13/100
|
|-weather|RainDance|[upkeep]
|upkeep
|turn|4
|
|t:|1769370757
|move|p1a: Greegno|Parting Shot|p2a: Raging Bolt
|-unboost|p2a: Raging Bolt|atk|1
|-unboost|p2a: Raging Bolt|spa|1
|
|t:|1769370761
|switch|p1a: Galdra|Meowscarada, M|100/100|[from] Parting Shot
|move|p2a: Raging Bolt|Thunder|p1a: Galdra
|-resisted|p1a: Galdra
|-damage|p1a: Galdra|53/100
|
|-weather|RainDance|[upkeep]
|upkeep
|turn|5
|
|t:|1769370772
|move|p1a: Galdra|Triple Axel|p2a: Raging Bolt
|-supereffective|p2a: Raging Bolt
|-damage|p2a: Raging Bolt|60/100
|-supereffective|p2a: Raging Bolt
|-damage|p2a: Raging Bolt|38/100
|-supereffective|p2a: Raging Bolt
|-damage|p2a: Raging Bolt|2/100
|-hitcount|p2a: Raging Bolt|3
|move|p2a: Raging Bolt|Calm Mind|p2a: Raging Bolt
|-boost|p2a: Raging Bolt|spa|1
|-boost|p2a: Raging Bolt|spd|1
|
|-weather|none
|upkeep
|turn|6
|
|t:|1769370782
|move|p1a: Galdra|Sucker Punch|p2a: Raging Bolt
|-damage|p2a: Raging Bolt|0 fnt
|faint|p2a: Raging Bolt
|-end|p2a: Raging Bolt|Protosynthesis|[silent]
|
|upkeep
|
|t:|1769370785
|switch|p2a: Pelipper|Pelipper, M|52/100 psn
|-weather|RainDance|[from] ability: Drizzle|[of] p2a: Pelipper
|turn|7
|
|t:|1769370789
|move|p1a: Galdra|Flower Trick|p2a: Pelipper
|-crit|p2a: Pelipper
|-damage|p2a: Pelipper|15/100 psn
|move|p2a: Pelipper|Hurricane|p1a: Galdra
|-supereffective|p1a: Galdra
|-damage|p1a: Galdra|0 fnt
|faint|p1a: Galdra
|
|-weather|RainDance|[upkeep]
|-damage|p2a: Pelipper|2/100 psn|[from] psn
|upkeep
|
|t:|1769370797
|switch|p1a: Luceroi|Muk-Alola, M|74/100
|turn|8
|
|t:|1769370800
|move|p1a: Luceroi|Shadow Sneak|p2a: Pelipper
|-damage|p2a: Pelipper|0 fnt
|faint|p2a: Pelipper
|
|-weather|RainDance|[upkeep]
|-heal|p1a: Luceroi|80/100|[from] item: Black Sludge
|upkeep
|
|t:|1769370807
|switch|p2a: Chansey|Chansey, F|100/100
|turn|9
|
|t:|1769370822
|move|p1a: Luceroi|Knock Off|p2a: Chansey
|-damage|p2a: Chansey|18/100
|-enditem|p2a: Chansey|Eviolite|[from] move: Knock Off|[of] p1a: Luceroi
|move|p2a: Chansey|Thunder Wave|p1a: Luceroi
|-status|p1a: Luceroi|par
|
|-weather|RainDance|[upkeep]
|-heal|p1a: Luceroi|86/100 par|[from] item: Black Sludge
|upkeep
|turn|10
|
|t:|1769370843
|move|p2a: Chansey|Stealth Rock|p1a: Luceroi
|-sidestart|p1: Don Birria|move: Stealth Rock
|move|p1a: Luceroi|Drain Punch|p2a: Chansey
|-supereffective|p2a: Chansey
|-damage|p2a: Chansey|0 fnt
|-heal|p1a: Luceroi|100/100 par|[from] drain|[of] p2a: Chansey
|faint|p2a: Chansey
|
|-weather|RainDance|[upkeep]
|upkeep
|
|t:|1769370850
|switch|p2a: Quaquaval|Quaquaval, M|100/100
|turn|11
|
|t:|1769370853
|move|p2a: Quaquaval|Aqua Step|p1a: Luceroi
|-crit|p1a: Luceroi
|-damage|p1a: Luceroi|0 fnt
|-boost|p2a: Quaquaval|spe|1
|faint|p1a: Luceroi
|-ability|p2a: Quaquaval|Moxie|boost
|-boost|p2a: Quaquaval|atk|1
|
|-weather|none
|upkeep
|
|t:|1769370864
|switch|p1a: Sidra|Hydrapple, M, shiny|100/100
|-damage|p1a: Sidra|88/100|[from] Stealth Rock
|turn|12
|
|t:|1769370868
|-terastallize|p1a: Sidra|Poison
|move|p2a: Quaquaval|Triple Axel|p1a: Sidra
|-damage|p1a: Sidra|81/100
|-damage|p1a: Sidra|68/100
|-damage|p1a: Sidra|50/100
|-hitcount|p1a: Sidra|3
|move|p1a: Sidra|Giga Drain|p2a: Quaquaval
|-supereffective|p2a: Quaquaval
|-enditem|p2a: Quaquaval|Focus Sash
|-damage|p2a: Quaquaval|1/100
|-heal|p1a: Sidra|94/100|[from] drain|[of] p2a: Quaquaval
|
|-heal|p1a: Sidra|99/100|[from] item: Leftovers
|upkeep
|turn|13
|
|t:|1769370881
|move|p2a: Quaquaval|Aqua Step|p1a: Sidra
|-damage|p1a: Sidra|60/100
|-boost|p2a: Quaquaval|spe|1
|move|p1a: Sidra|Giga Drain|p2a: Quaquaval
|-supereffective|p2a: Quaquaval
|-damage|p2a: Quaquaval|0 fnt
|-heal|p1a: Sidra|60/100|[from] drain|[of] p2a: Quaquaval
|faint|p2a: Quaquaval
|
|-heal|p1a: Sidra|66/100|[from] item: Leftovers
|upkeep
|
|t:|1769370888
|switch|p2a: Vivillon|Vivillon-Pokeball, M|100/100
|turn|14
|
|t:|1769370896
|switch|p1a: Vaporeon|Vaporeon, M, shiny|100/100
|-damage|p1a: Vaporeon|88/100|[from] Stealth Rock
|move|p2a: Vivillon|Substitute|p2a: Vivillon
|-start|p2a: Vivillon|Substitute
|-damage|p2a: Vivillon|76/100
|
|-heal|p1a: Vaporeon|94/100|[from] item: Leftovers
|upkeep
|turn|15
|
|t:|1769370919
|move|p2a: Vivillon|Quiver Dance|p2a: Vivillon
|-boost|p2a: Vivillon|spa|1
|-boost|p2a: Vivillon|spd|1
|-boost|p2a: Vivillon|spe|1
|move|p1a: Vaporeon|Calm Mind|p1a: Vaporeon
|-boost|p1a: Vaporeon|spa|1
|-boost|p1a: Vaporeon|spd|1
|
|-heal|p1a: Vaporeon|100/100|[from] item: Leftovers
|upkeep
|turn|16
|
|t:|1769370928
|move|p2a: Vivillon|Quiver Dance|p2a: Vivillon
|-boost|p2a: Vivillon|spa|1
|-boost|p2a: Vivillon|spd|1
|-boost|p2a: Vivillon|spe|1
|move|p1a: Vaporeon|Calm Mind|p1a: Vaporeon
|-boost|p1a: Vaporeon|spa|1
|-boost|p1a: Vaporeon|spd|1
|
|upkeep
|turn|17
|
|t:|1769370934
|move|p2a: Vivillon|Quiver Dance|p2a: Vivillon
|-boost|p2a: Vivillon|spa|1
|-boost|p2a: Vivillon|spd|1
|-boost|p2a: Vivillon|spe|1
|move|p1a: Vaporeon|Scald|p2a: Vivillon
|-end|p2a: Vivillon|Substitute
|
|upkeep
|turn|18
|
|t:|1769370941
|move|p2a: Vivillon|Quiver Dance|p2a: Vivillon
|-boost|p2a: Vivillon|spa|1
|-boost|p2a: Vivillon|spd|1
|-boost|p2a: Vivillon|spe|1
|move|p1a: Vaporeon|Scald|p2a: Vivillon
|-damage|p2a: Vivillon|40/100
|
|upkeep
|turn|19
|
|t:|1769370948
|move|p2a: Vivillon|Substitute|p2a: Vivillon
|-start|p2a: Vivillon|Substitute
|-damage|p2a: Vivillon|15/100
|move|p1a: Vaporeon|Calm Mind|p1a: Vaporeon
|-boost|p1a: Vaporeon|spa|1
|-boost|p1a: Vaporeon|spd|1
|
|upkeep
|turn|20
|
|t:|1769370953
|move|p2a: Vivillon|Quiver Dance|p2a: Vivillon
|-boost|p2a: Vivillon|spa|1
|-boost|p2a: Vivillon|spd|1
|-boost|p2a: Vivillon|spe|1
|move|p1a: Vaporeon|Scald|p2a: Vivillon
|-end|p2a: Vivillon|Substitute
|
|upkeep
|turn|21
|
|t:|1769370959
|move|p2a: Vivillon|Hurricane|p1a: Vaporeon
|-damage|p1a: Vaporeon|54/100
|-start|p1a: Vaporeon|confusion
|-activate|p1a: Vaporeon|confusion
|-damage|p1a: Vaporeon|51/100|[from] confusion
|
|-heal|p1a: Vaporeon|57/100|[from] item: Leftovers
|upkeep
|turn|22
|
|t:|1769370967
|move|p2a: Vivillon|Hurricane|p1a: Vaporeon
|-damage|p1a: Vaporeon|13/100
|-activate|p1a: Vaporeon|confusion
|move|p1a: Vaporeon|Ice Beam|p2a: Vivillon
|-supereffective|p2a: Vivillon
|-damage|p2a: Vivillon|0 fnt
|faint|p2a: Vivillon
|
|-heal|p1a: Vaporeon|20/100|[from] item: Leftovers
|upkeep
|
|t:|1769370970
|switch|p2a: Ogerpon|Ogerpon-Wellspring, F|100/100
|turn|23
|
|t:|1769370985
|move|p2a: Ogerpon|Swords Dance|p2a: Ogerpon
|-boost|p2a: Ogerpon|atk|2
|-activate|p1a: Vaporeon|confusion
|-damage|p1a: Vaporeon|16/100|[from] confusion
|
|-heal|p1a: Vaporeon|23/100|[from] item: Leftovers
|upkeep
|turn|24
|
|t:|1769370991
|move|p2a: Ogerpon|Trailblaze|p1a: Vaporeon
|-supereffective|p1a: Vaporeon
|-damage|p1a: Vaporeon|0 fnt
|-boost|p2a: Ogerpon|spe|1
|faint|p1a: Vaporeon
|
|upkeep
|
|t:|1769371001
|switch|p1a: Sidra|Hydrapple, M, shiny, tera:Poison|99/100
|-damage|p1a: Sidra|87/100|[from] Stealth Rock
|turn|25
|
|t:|1769371013
|-terastallize|p2a: Ogerpon|Water
|detailschange|p2a: Ogerpon|Ogerpon-Wellspring-Tera, F, tera:Water
|-ability|p2a: Ogerpon|Embody Aspect (Wellspring)|boost
|-boost|p2a: Ogerpon|spd|1
|move|p2a: Ogerpon|Ivy Cudgel|p1a: Sidra|[anim] Ivy Cudgel Water
|-damage|p1a: Sidra|0 fnt
|faint|p1a: Sidra
|
|upkeep
|-message|Don Birria forfeited.
|
|win|morakki
|raw|Don Birria's rating: 1223 &rarr; <strong>1199</strong><br />(-24 for losing)
|raw|morakki's rating: 1237 &rarr; <strong>1261</strong><br />(+24 for winning)
|l|☆Don Birria
|player|p1|
|l|☆morakki
|player|p2|
