|j|☆DuckyBro
|j|☆besudo
|t:|1769424731
|gametype|singles
|player|p1|DuckyBro|ghetsis|1700
|player|p2|besudo|dancer|1752
|gen|9
|tier|[Gen 9] OU
|rated|
|rule|HP Percentage Mod: HP is shown in percentages
|rule|Endless Battle Clause: Forcing endless battles is banned
|rule|Species Clause: Limit one of each Pokémon
|rule|OHKO Clause: OHKO moves are banned
|rule|Evasion Items Clause: Evasion items are banned
|rule|Evasion Moves Clause: Evasion moves are banned
|rule|Evasion Abilities Clause: Evasion abilities are banned
|rule|Sleep Moves Clause: Sleep-inducing moves are banned
|clearpoke
|poke|p1|Cinderace, M|
|poke|p1|Dondozo, F|
|poke|p1|Zapdos|
|poke|p1|Garchomp, M|
|poke|p1|Kyurem|
|poke|p1|Volcanion|
|poke|p2|Regidrago|
|poke|p2|Hatterene, F|
|poke|p2|Corviknight, M|
|poke|p2|Okidogi, M|
|poke|p2|Ting-Lu|
|poke|p2|Ceruledge, F|
|teampreview
|inactive|Battle timer is ON: inactive players will automatically lose when time's up. (requested by besudo)
|j| whatsupmathletes
|
|t:|1769424755
|teamsize|p1|6
|teamsize|p2|6
|start
|switch|p1a: Kyurem|Kyurem|100/100
|switch|p2a: Regidrago|Regidrago|100/100
|-ability|p1a: Kyurem|Pressure
|turn|1
|
|t:|1769424769
|-terastallize|p2a: Regidrago|Dragon
|-terastallize|p1a: Kyurem|Fairy
|move|p2a: Regidrago|Dragon Energy|p1a: Kyurem
|-immune|p1a: Kyurem
|move|p1a: Kyurem|Freeze-Dry|p2a: Regidrago
|-supereffective|p2a: Regidrago
|-crit|p2a: Regidrago
|-damage|p2a: Regidrago|0 fnt
|faint|p2a: Regidrago
|
|upkeep
|c|☆DuckyBro|had to make sure
|
|t:|1769424781
|switch|p2a: Okidogi|Okidogi, M|100/100
|turn|2
|c|☆DuckyBro|that thing wipe my team so cleanly it's not even funny
|
|t:|1769424796
|switch|p1a: Dondozo|Dondozo, F|100/100
|move|p2a: Okidogi|Poison Jab|p1a: Dondozo
|-damage|p1a: Dondozo|85/100
|-status|p1a: Dondozo|psn
|
|-heal|p1a: Dondozo|91/100 psn|[from] item: Leftovers
|-damage|p1a: Dondozo|79/100 psn|[from] psn
|upkeep
|turn|3
|c|☆besudo|Lol
|
|t:|1769424804
|move|p2a: Okidogi|Taunt|p1a: Dondozo
|-start|p1a: Dondozo|move: Taunt
|cant|p1a: Dondozo|move: Taunt|Rest
|
|-heal|p1a: Dondozo|85/100 psn|[from] item: Leftovers
|-damage|p1a: Dondozo|72/100 psn|[from] psn
|upkeep
|turn|4
|
|t:|1769424809
|move|p2a: Okidogi|Poison Jab|p1a: Dondozo
|-damage|p1a: Dondozo|59/100 psn
|move|p1a: Dondozo|Liquidation|p2a: Okidogi
|-damage|p2a: Okidogi|81/100
|
|-heal|p2a: Okidogi|87/100|[from] item: Leftovers
|-heal|p1a: Dondozo|65/100 psn|[from] item: Leftovers
|-damage|p1a: Dondozo|52/100 psn|[from] psn
|upkeep
|turn|5
|
|t:|1769424814
|move|p2a: Okidogi|Poison Jab|p1a: Dondozo
|-damage|p1a: Dondozo|37/100 psn
|move|p1a: Dondozo|Liquidation|p2a: Okidogi
|-damage|p2a: Okidogi|71/100
|
|-heal|p2a: Okidogi|77/100|[from] item: Leftovers
|-heal|p1a: Dondozo|43/100 psn|[from] item: Leftovers
|-damage|p1a: Dondozo|31/100 psn|[from] psn
|-end|p1a: Dondozo|move: Taunt
|upkeep
|turn|6
|
|t:|1769424817
|switch|p1a: Zapdos|Zapdos|100/100
|move|p2a: Okidogi|Taunt|p1a: Zapdos
|-start|p1a: Zapdos|move: Taunt
|
|-heal|p2a: Okidogi|83/100|[from] item: Leftovers
|upkeep
|turn|7
|
|t:|1769424822
|switch|p2a: Ting-Lu|Ting-Lu, shiny|100/100
|-ability|p2a: Ting-Lu|Vessel of Ruin
|move|p1a: Zapdos|Hurricane|p2a: Ting-Lu
|-damage|p2a: Ting-Lu|76/100
|-start|p2a: Ting-Lu|confusion
|
|-heal|p2a: Ting-Lu|82/100|[from] item: Leftovers
|upkeep
|turn|8
|
|t:|1769424826
|switch|p1a: Dondozo|Dondozo, F|31/100 psn
|-activate|p2a: Ting-Lu|confusion
|move|p2a: Ting-Lu|Ruination|p1a: Dondozo
|-damage|p1a: Dondozo|16/100 psn
|
|-heal|p2a: Ting-Lu|88/100|[from] item: Leftovers
|-heal|p1a: Dondozo|22/100 psn|[from] item: Leftovers
|-damage|p1a: Dondozo|9/100 psn|[from] psn
|upkeep
|turn|9
|
|t:|1769424830
|-end|p2a: Ting-Lu|confusion
|move|p2a: Ting-Lu|Earthquake|p1a: Dondozo
|-damage|p1a: Dondozo|0 fnt
|faint|p1a: Dondozo
|
|-heal|p2a: Ting-Lu|95/100|[from] item: Leftovers
|upkeep
|
|t:|1769424834
|switch|p1a: Garchomp|Garchomp, M|100/100
|turn|10
|
|t:|1769424836
|switch|p2a: Hatterene|Hatterene, F, shiny|100/100
|move|p1a: Garchomp|Swords Dance|p1a: Garchomp
|-boost|p1a: Garchomp|atk|2
|
|upkeep
|turn|11
|
|t:|1769424840
|move|p1a: Garchomp|Iron Head|p2a: Hatterene
|-supereffective|p2a: Hatterene
|-damage|p2a: Hatterene|0 fnt
|faint|p2a: Hatterene
|
|upkeep
|
|t:|1769424857
|switch|p2a: Ting-Lu|Ting-Lu, shiny|95/100
|-ability|p2a: Ting-Lu|Vessel of Ruin
|turn|12
|
|t:|1769424862
|move|p1a: Garchomp|Earthquake|p2a: Ting-Lu
|-damage|p2a: Ting-Lu|37/100
|move|p2a: Ting-Lu|Whirlwind|p1a: Garchomp
|drag|p1a: Cinderace|Cinderace, M|100/100
|
|-heal|p2a: Ting-Lu|43/100|[from] item: Leftovers
|upkeep
|turn|13
|
|t:|1769424866
|switch|p2a: Ceruledge|Ceruledge, F|100/100
|move|p1a: Cinderace|U-turn|p2a: Ceruledge
|-start|p1a: Cinderace|typechange|Bug|[from] ability: Libero
|-resisted|p2a: Ceruledge
|-damage|p2a: Ceruledge|91/100
|-ability|p2a: Ceruledge|Weak Armor|boost
|-unboost|p2a: Ceruledge|def|1
|-boost|p2a: Ceruledge|spe|2
|
|t:|1769424869
|switch|p1a: Volcanion|Volcanion|100/100|[from] U-turn
|
|upkeep
|turn|14
|
|t:|1769424876
|move|p2a: Ceruledge|Swords Dance|p2a: Ceruledge
|-boost|p2a: Ceruledge|atk|2
|move|p1a: Volcanion|Steam Eruption|p2a: Ceruledge
|-supereffective|p2a: Ceruledge
|-crit|p2a: Ceruledge
|-damage|p2a: Ceruledge|0 fnt
|faint|p2a: Ceruledge
|
|upkeep
|
|t:|1769424882
|switch|p2a: Okidogi|Okidogi, M|83/100
|turn|15
|
|t:|1769424889
|switch|p1a: Zapdos|Zapdos|100/100
|move|p2a: Okidogi|Poison Jab|p1a: Zapdos
|-damage|p1a: Zapdos|64/100
|-status|p1a: Zapdos|psn
|-status|p2a: Okidogi|par|[from] ability: Static|[of] p1a: Zapdos
|
|-heal|p2a: Okidogi|89/100 par|[from] item: Leftovers
|-damage|p1a: Zapdos|51/100 psn|[from] psn
|upkeep
|turn|16
|
|t:|1769424895
|switch|p2a: Ting-Lu|Ting-Lu, shiny|43/100
|-ability|p2a: Ting-Lu|Vessel of Ruin
|move|p1a: Zapdos|Roost|p1a: Zapdos
|-heal|p1a: Zapdos|100/100 psn
|-singleturn|p1a: Zapdos|move: Roost
|
|-heal|p2a: Ting-Lu|49/100|[from] item: Leftovers
|-damage|p1a: Zapdos|88/100 psn|[from] psn
|upkeep
|turn|17
|
|t:|1769424902
|switch|p1a: Volcanion|Volcanion|100/100
|move|p2a: Ting-Lu|Earthquake|p1a: Volcanion
|-supereffective|p1a: Volcanion
|-damage|p1a: Volcanion|39/100
|
|-heal|p2a: Ting-Lu|55/100|[from] item: Leftovers
|upkeep
|turn|18
|
|t:|1769424907
|move|p1a: Volcanion|Steam Eruption|p2a: Ting-Lu
|-supereffective|p2a: Ting-Lu
|-damage|p2a: Ting-Lu|0 fnt
|faint|p2a: Ting-Lu
|
|upkeep
|
|t:|1769424910
|switch|p2a: Okidogi|Okidogi, M|89/100 par
|turn|19
|
|t:|1769424914
|switch|p1a: Zapdos|Zapdos|88/100 psn
|move|p2a: Okidogi|Poison Jab|p1a: Zapdos
|-damage|p1a: Zapdos|53/100 psn
|
|-heal|p2a: Okidogi|95/100 par|[from] item: Leftovers
|-damage|p1a: Zapdos|40/100 psn|[from] psn
|upkeep
|turn|20
|
|t:|1769424917
|move|p1a: Zapdos|Hurricane|p2a: Okidogi
|-supereffective|p2a: Okidogi
|-damage|p2a: Okidogi|0 fnt
|faint|p2a: Okidogi
|
|-damage|p1a: Zapdos|28/100 psn|[from] psn
|upkeep
|
|t:|1769424919
|switch|p2a: Corviknight|Corviknight, M, shiny|100/100
|-ability|p2a: Corviknight|Pressure
|turn|21
|
|t:|1769424922
|move|p1a: Zapdos|Heat Wave|p2a: Corviknight
|-supereffective|p2a: Corviknight
|-damage|p2a: Corviknight|36/100
|-status|p2a: Corviknight|brn
|move|p2a: Corviknight|Iron Head|p1a: Zapdos
|-resisted|p1a: Zapdos
|-damage|p1a: Zapdos|22/100 psn
|
|-heal|p2a: Corviknight|42/100 brn|[from] item: Leftovers
|-damage|p1a: Zapdos|9/100 psn|[from] psn
|-damage|p2a: Corviknight|36/100 brn|[from] brn
|upkeep
|turn|22
|j| PokeForPokeFN
|c|☆besudo|Gg
|c|☆DuckyBro|wp
|
|t:|1769424935
|move|p1a: Zapdos|Heat Wave|p2a: Corviknight
|-supereffective|p2a: Corviknight
|-damage|p2a: Corviknight|0 fnt
|faint|p2a: Corviknight
|
|win|DuckyBro
|raw|DuckyBro's rating: 1700 &rarr; <strong>1723</strong><br />(+23 for winning)
|raw|besudo's rating: 1752 &rarr; <strong>1729</strong><br />(-23 for losing)
|l|☆DuckyBro
|player|p1|
|l|☆besudo
|player|p2|
