|j|☆d'ent42
|j|☆spdvn
|t:|1769315253
|gametype|singles
|player|p1|d'ent42|janitor|1268
|player|p2|spdvn|pokekid|1318
|gen|9
|tier|[Gen 9] OU
|rated|
|rule|HP Percentage Mod: HP is shown in percentages
|rule|Endless Battle Clause: Forcing endless battles is banned
|rule|Species Clause: Limit one of each Pokémon
|rule|OHKO Clause: OHKO moves are banned
|rule|Evasion Items Clause: Evasion items are banned
|rule|Evasion Moves Clause: Evasion moves are banned
|rule|Evasion Abilities Clause: Evasion abilities are banned
|rule|Sleep Moves Clause: Sleep-inducing moves are banned
|clearpoke
|poke|p1|Orthworm, F|
|poke|p1|Dragapult, F|
|poke|p1|Amoonguss, F|
|poke|p1|Hariyama, F|
|poke|p1|Gastrodon, F|
|poke|p1|Dondozo, M|
|poke|p2|Glimmora, F|
|poke|p2|Magnezone|
|poke|p2|Dachsbun, F|
|poke|p2|Typhlosion-Hisui, M|
|poke|p2|Lycanroc-Dusk, M|
|poke|p2|Meowscarada, M|
|teampreview
|inactive|Battle timer is ON: inactive players will automatically lose when time's up. (requested by d'ent42)
|
|t:|1769315270
|teamsize|p1|6
|teamsize|p2|6
|start
|switch|p1a: Gastrodon|Gastrodon, F|100/100
|switch|p2a: Meowscarada|Meowscarada, M|100/100
|turn|1
|
|t:|1769315276
|switch|p1a: Amoonguss|Amoonguss, F|100/100
|move|p2a: Meowscarada|Knock Off|p1a: Amoonguss
|-start|p2a: Meowscarada|typechange|Dark|[from] ability: Protean
|-damage|p1a: Amoonguss|69/100
|-enditem|p1a: Amoonguss|Black Sludge|[from] move: Knock Off|[of] p2a: Meowscarada
|
|upkeep
|turn|2
|
|t:|1769315298
|switch|p2a: Magnezone|Magnezone|100/100
|move|p1a: Amoonguss|Sludge Bomb|p2a: Magnezone
|-immune|p2a: Magnezone
|
|upkeep
|turn|3
|
|t:|1769315305
|switch|p1a: Gastrodon|Gastrodon, F|100/100
|move|p2a: Magnezone|Volt Switch|p1a: Gastrodon
|-immune|p1a: Gastrodon
|
|upkeep
|turn|4
|
|t:|1769315315
|switch|p2a: Lycanroc|Lycanroc-Dusk, M|100/100
|move|p1a: Gastrodon|Stealth Rock|p2a: Lycanroc
|-sidestart|p2: spdvn|move: Stealth Rock
|
|upkeep
|turn|5
|
|t:|1769315322
|move|p2a: Lycanroc|Taunt|p1a: Gastrodon
|-start|p1a: Gastrodon|move: Taunt
|move|p1a: Gastrodon|Earth Power|p2a: Lycanroc
|-supereffective|p2a: Lycanroc
|-damage|p2a: Lycanroc|2/100
|
|upkeep
|turn|6
|
|t:|1769315329
|move|p2a: Lycanroc|Endeavor|p1a: Gastrodon
|-damage|p1a: Gastrodon|1/100
|move|p1a: Gastrodon|Ice Beam|p2a: Lycanroc
|-damage|p2a: Lycanroc|0 fnt
|faint|p2a: Lycanroc
|
|-heal|p1a: Gastrodon|8/100|[from] item: Leftovers
|upkeep
|
|t:|1769315341
|switch|p2a: Glimmora|Glimmora, F|100/100
|-damage|p2a: Glimmora|88/100|[from] Stealth Rock
|-item|p2a: Glimmora|Air Balloon
|turn|7
|
|t:|1769315352
|switch|p1a: Orthworm|Orthworm, F|100/100
|move|p2a: Glimmora|Stealth Rock|p1a: Orthworm
|-sidestart|p1: d'ent42|move: Stealth Rock
|
|upkeep
|turn|8
|
|t:|1769315366
|switch|p2a: Magnezone|Magnezone|100/100
|-damage|p2a: Magnezone|94/100|[from] Stealth Rock
|move|p1a: Orthworm|Heavy Slam|p2a: Magnezone
|-resisted|p2a: Magnezone
|-damage|p2a: Magnezone|91/100
|
|upkeep
|turn|9
|
|t:|1769315374
|move|p2a: Magnezone|Flash Cannon|p1a: Orthworm
|-resisted|p1a: Orthworm
|-damage|p1a: Orthworm|69/100
|move|p1a: Orthworm|Body Press|p2a: Magnezone
|-supereffective|p2a: Magnezone
|-damage|p2a: Magnezone|24/100
|
|-heal|p1a: Orthworm|75/100|[from] item: Leftovers
|upkeep
|turn|10
|
|t:|1769315382
|move|p2a: Magnezone|Thunderbolt|p1a: Orthworm
|-damage|p1a: Orthworm|6/100
|move|p1a: Orthworm|Spikes|p2a: Magnezone
|-sidestart|p2: spdvn|Spikes
|
|-heal|p1a: Orthworm|12/100|[from] item: Leftovers
|upkeep
|turn|11
|
|t:|1769315391
|move|p2a: Magnezone|Flash Cannon|p1a: Orthworm
|-resisted|p1a: Orthworm
|-damage|p1a: Orthworm|0 fnt
|faint|p1a: Orthworm
|
|upkeep
|
|t:|1769315394
|switch|p1a: Dragapult|Dragapult, F|100/100
|-damage|p1a: Dragapult|88/100|[from] Stealth Rock
|turn|12
|
|t:|1769315403
|move|p1a: Dragapult|Flamethrower|p2a: Magnezone
|-supereffective|p2a: Magnezone
|-damage|p2a: Magnezone|0 fnt
|faint|p2a: Magnezone
|-damage|p1a: Dragapult|78/100|[from] item: Life Orb
|
|upkeep
|
|t:|1769315409
|switch|p2a: Typhlosion|Typhlosion-Hisui, M|100/100
|-damage|p2a: Typhlosion|76/100|[from] Stealth Rock
|-damage|p2a: Typhlosion|64/100|[from] Spikes
|turn|13
|
|t:|1769315414
|move|p2a: Typhlosion|Shadow Ball|p1a: Dragapult
|-supereffective|p1a: Dragapult
|-damage|p1a: Dragapult|0 fnt
|faint|p1a: Dragapult
|
|upkeep
|
|t:|1769315422
|switch|p1a: Hariyama|Hariyama, F|100/100
|-damage|p1a: Hariyama|94/100|[from] Stealth Rock
|turn|14
|
|t:|1769315432
|switch|p2a: Glimmora|Glimmora, F|88/100
|-damage|p2a: Glimmora|76/100|[from] Stealth Rock
|-item|p2a: Glimmora|Air Balloon
|move|p1a: Hariyama|Earthquake|p2a: Glimmora
|-immune|p2a: Glimmora
|
|-status|p1a: Hariyama|brn|[from] item: Flame Orb
|upkeep
|turn|15
|
|t:|1769315445
|move|p2a: Glimmora|Sludge Wave|p1a: Hariyama
|-damage|p1a: Hariyama|36/100 brn
|move|p1a: Hariyama|Close Combat|p2a: Glimmora
|-damage|p2a: Glimmora|0 fnt
|-unboost|p1a: Hariyama|def|1
|-unboost|p1a: Hariyama|spd|1
|-activate|p2a: Glimmora|ability: Toxic Debris
|-sidestart|p1: d'ent42|move: Toxic Spikes
|-enditem|p2a: Glimmora|Air Balloon
|faint|p2a: Glimmora
|
|-damage|p1a: Hariyama|30/100 brn|[from] brn
|upkeep
|
|t:|1769315458
|switch|p2a: Dachsbun|Dachsbun, F|100/100
|-damage|p2a: Dachsbun|88/100|[from] Stealth Rock
|-damage|p2a: Dachsbun|76/100|[from] Spikes
|turn|16
|
|t:|1769315469
|switch|p1a: Amoonguss|Amoonguss, F|100/100
|-damage|p1a: Amoonguss|88/100|[from] Stealth Rock
|-sideend|p1: d'ent42|move: Toxic Spikes|[of] p1a: Amoonguss
|move|p2a: Dachsbun|Play Rough|p1a: Amoonguss
|-resisted|p1a: Amoonguss
|-damage|p1a: Amoonguss|79/100
|
|-heal|p2a: Dachsbun|82/100|[from] item: Leftovers
|upkeep
|turn|17
|
|t:|1769315484
|move|p2a: Dachsbun|Protect|p2a: Dachsbun
|-singleturn|p2a: Dachsbun|Protect
|move|p1a: Amoonguss|Sludge Bomb|p2a: Dachsbun
|-activate|p2a: Dachsbun|move: Protect
|
|-heal|p2a: Dachsbun|88/100|[from] item: Leftovers
|upkeep
|turn|18
|
|t:|1769315492
|-terastallize|p2a: Dachsbun|Steel
|move|p2a: Dachsbun|Wish|p2a: Dachsbun
|move|p1a: Amoonguss|Sludge Bomb|p2a: Dachsbun
|-immune|p2a: Dachsbun
|
|-heal|p2a: Dachsbun|94/100|[from] item: Leftovers
|upkeep
|turn|19
|
|t:|1769315501
|switch|p2a: Typhlosion|Typhlosion-Hisui, M|64/100
|-damage|p2a: Typhlosion|39/100|[from] Stealth Rock
|-damage|p2a: Typhlosion|27/100|[from] Spikes
|move|p1a: Amoonguss|Stun Spore|p2a: Typhlosion
|-status|p2a: Typhlosion|par
|
|-heal|p2a: Typhlosion|80/100 par|[from] move: Wish|[wisher] Dachsbun
|upkeep
|turn|20
|
|t:|1769315516
|switch|p1a: Gastrodon|Gastrodon, F|8/100
|-damage|p1a: Gastrodon|1/100|[from] Stealth Rock
|cant|p2a: Typhlosion|par
|
|-heal|p1a: Gastrodon|8/100|[from] item: Leftovers
|upkeep
|turn|21
|
|t:|1769315525
|move|p2a: Typhlosion|Shadow Ball|p1a: Gastrodon
|-damage|p1a: Gastrodon|0 fnt
|faint|p1a: Gastrodon
|
|upkeep
|
|t:|1769315529
|switch|p1a: Dondozo|Dondozo, M|100/100
|-damage|p1a: Dondozo|88/100|[from] Stealth Rock
|turn|22
|
|t:|1769315534
|switch|p2a: Dachsbun|Dachsbun, F, tera:Steel|94/100
|-damage|p2a: Dachsbun|88/100|[from] Stealth Rock
|-damage|p2a: Dachsbun|76/100|[from] Spikes
|move|p1a: Dondozo|Liquidation|p2a: Dachsbun
|-damage|p2a: Dachsbun|44/100
|
|-heal|p2a: Dachsbun|50/100|[from] item: Leftovers
|-heal|p1a: Dondozo|94/100|[from] item: Leftovers
|upkeep
|turn|23
|
|t:|1769315544
|move|p2a: Dachsbun|Protect|p2a: Dachsbun
|-singleturn|p2a: Dachsbun|Protect
|move|p1a: Dondozo|Body Press|p2a: Dachsbun
|-activate|p2a: Dachsbun|move: Protect
|
|-heal|p2a: Dachsbun|56/100|[from] item: Leftovers
|-heal|p1a: Dondozo|99/100|[from] item: Leftovers
|upkeep
|turn|24
|
|t:|1769315551
|move|p2a: Dachsbun|Wish|p2a: Dachsbun
|move|p1a: Dondozo|Body Press|p2a: Dachsbun
|-supereffective|p2a: Dachsbun
|-damage|p2a: Dachsbun|3/100
|
|-heal|p2a: Dachsbun|9/100|[from] item: Leftovers
|-heal|p1a: Dondozo|100/100|[from] item: Leftovers
|upkeep
|turn|25
|
|t:|1769315568
|move|p2a: Dachsbun|Play Rough|p1a: Dondozo
|-damage|p1a: Dondozo|86/100
|move|p1a: Dondozo|Liquidation|p2a: Dachsbun
|-damage|p2a: Dachsbun|0 fnt
|faint|p2a: Dachsbun
|
|-heal|p1a: Dondozo|93/100|[from] item: Leftovers
|upkeep
|
|t:|1769315578
|switch|p2a: Meowscarada|Meowscarada, M|100/100
|-damage|p2a: Meowscarada|88/100|[from] Stealth Rock
|-damage|p2a: Meowscarada|76/100|[from] Spikes
|turn|26
|
|t:|1769315586
|switch|p1a: Amoonguss|Amoonguss, F|100/100
|-damage|p1a: Amoonguss|88/100|[from] Stealth Rock
|move|p2a: Meowscarada|Flower Trick|p1a: Amoonguss
|-start|p2a: Meowscarada|typechange|Grass|[from] ability: Protean
|-resisted|p1a: Amoonguss
|-crit|p1a: Amoonguss
|-damage|p1a: Amoonguss|79/100
|
|upkeep
|turn|27
|
|t:|1769315596
|switch|p2a: Typhlosion|Typhlosion-Hisui, M|80/100 par
|-damage|p2a: Typhlosion|56/100 par|[from] Stealth Rock
|-damage|p2a: Typhlosion|44/100 par|[from] Spikes
|move|p1a: Amoonguss|Sludge Bomb|p2a: Typhlosion
|-resisted|p2a: Typhlosion
|-damage|p2a: Typhlosion|27/100 par
|
|upkeep
|turn|28
|
|t:|1769315612
|switch|p1a: Dondozo|Dondozo, M|93/100
|-damage|p1a: Dondozo|80/100|[from] Stealth Rock
|move|p2a: Typhlosion|Shadow Ball|p1a: Dondozo
|-damage|p1a: Dondozo|38/100
|
|-heal|p1a: Dondozo|44/100|[from] item: Leftovers
|upkeep
|turn|29
|
|t:|1769315620
|move|p2a: Typhlosion|Shadow Ball|p1a: Dondozo
|-damage|p1a: Dondozo|5/100
|move|p1a: Dondozo|Liquidation|p2a: Typhlosion
|-supereffective|p2a: Typhlosion
|-damage|p2a: Typhlosion|0 fnt
|faint|p2a: Typhlosion
|
|-heal|p1a: Dondozo|11/100|[from] item: Leftovers
|upkeep
|
|t:|1769315630
|switch|p2a: Meowscarada|Meowscarada, M|76/100
|-damage|p2a: Meowscarada|64/100|[from] Stealth Rock
|-damage|p2a: Meowscarada|52/100|[from] Spikes
|turn|30
|
|t:|1769315636
|move|p2a: Meowscarada|Trick|p1a: Dondozo
|-start|p2a: Meowscarada|typechange|Psychic|[from] ability: Protean
|-activate|p2a: Meowscarada|move: Trick|[of] p1a: Dondozo
|-item|p1a: Dondozo|Choice Scarf|[from] move: Trick
|-item|p2a: Meowscarada|Leftovers|[from] move: Trick
|move|p1a: Dondozo|Body Press|p2a: Meowscarada
|-resisted|p2a: Meowscarada
|-damage|p2a: Meowscarada|30/100
|
|-heal|p2a: Meowscarada|36/100|[from] item: Leftovers
|upkeep
|turn|31
|
|t:|1769315647
|move|p2a: Meowscarada|Knock Off|p1a: Dondozo
|-damage|p1a: Dondozo|0 fnt
|-enditem|p1a: Dondozo|Choice Scarf|[from] move: Knock Off|[of] p2a: Meowscarada
|faint|p1a: Dondozo
|
|-heal|p2a: Meowscarada|42/100|[from] item: Leftovers
|upkeep
|
|t:|1769315658
|switch|p1a: Amoonguss|Amoonguss, F|100/100
|-damage|p1a: Amoonguss|88/100|[from] Stealth Rock
|turn|32
|
|t:|1769315666
|move|p2a: Meowscarada|Knock Off|p1a: Amoonguss
|-damage|p1a: Amoonguss|74/100
|move|p1a: Amoonguss|Stun Spore|p2a: Meowscarada
|-status|p2a: Meowscarada|par
|
|-heal|p2a: Meowscarada|48/100 par|[from] item: Leftovers
|upkeep
|turn|33
|
|t:|1769315685
|cant|p2a: Meowscarada|par
|move|p1a: Amoonguss|Sludge Bomb|p2a: Meowscarada
|-damage|p2a: Meowscarada|6/100 par
|
|-heal|p2a: Meowscarada|12/100 par|[from] item: Leftovers
|upkeep
|turn|34
|
|t:|1769315693
|cant|p2a: Meowscarada|par
|move|p1a: Amoonguss|Sludge Bomb|p2a: Meowscarada
|-damage|p2a: Meowscarada|0 fnt
|faint|p2a: Meowscarada
|
|win|d'ent42
|raw|d&apos;ent42's rating: 1268 &rarr; <strong>1297</strong><br />(+29 for winning)
|raw|spdvn's rating: 1318 &rarr; <strong>1295</strong><br />(-23 for losing)
|l|☆d'ent42
|player|p1|
|l|☆spdvn
|player|p2|
