|j|☆SigmaGamer123321
|j|☆Orange74
|t:|1769418524
|gametype|singles
|player|p1|SigmaGamer123321|n|1254
|player|p2|Orange74|bugsy-masters|1312
|gen|9
|tier|[Gen 9] OU
|rated|
|rule|HP Percentage Mod: HP is shown in percentages
|rule|Endless Battle Clause: Forcing endless battles is banned
|rule|Species Clause: Limit one of each Pokémon
|rule|OHKO Clause: OHKO moves are banned
|rule|Evasion Items Clause: Evasion items are banned
|rule|Evasion Moves Clause: Evasion moves are banned
|rule|Evasion Abilities Clause: Evasion abilities are banned
|rule|Sleep Moves Clause: Sleep-inducing moves are banned
|clearpoke
|poke|p1|Ribombee, M|
|poke|p1|Glimmora, F|
|poke|p1|Ting-Lu|
|poke|p1|Veluza, F|
|poke|p1|Azelf|
|poke|p1|Kingambit, F|
|poke|p2|Ting-Lu|
|poke|p2|Walking Wake|
|poke|p2|Iron Moth|
|poke|p2|Corviknight, M|
|poke|p2|Tornadus-Therian, M|
|poke|p2|Ogerpon-Cornerstone, F|
|teampreview
|inactive|Battle timer is ON: inactive players will automatically lose when time's up. (requested by SigmaGamer123321)
|
|t:|1769418531
|teamsize|p1|6
|teamsize|p2|6
|start
|switch|p1a: Ribombee|Ribombee, M|100/100
|switch|p2a: The Moth|Iron Moth|100/100
|-enditem|p2a: The Moth|Booster Energy
|-activate|p2a: The Moth|ability: Quark Drive|[fromitem]
|-start|p2a: The Moth|quarkdrivespe
|turn|1
|
|t:|1769418536
|move|p2a: The Moth|Fiery Dance|p1a: Ribombee
|-supereffective|p1a: Ribombee
|-enditem|p1a: Ribombee|Focus Sash
|-damage|p1a: Ribombee|1/100
|-boost|p2a: The Moth|spa|1
|move|p1a: Ribombee|Stun Spore|p2a: The Moth
|-status|p2a: The Moth|par
|
|upkeep
|turn|2
|
|t:|1769418543
|move|p1a: Ribombee|Sticky Web|p2a: The Moth
|-sidestart|p2: Orange74|move: Sticky Web
|move|p2a: The Moth|Fiery Dance|p1a: Ribombee
|-supereffective|p1a: Ribombee
|-damage|p1a: Ribombee|0 fnt
|-boost|p2a: The Moth|spa|1
|faint|p1a: Ribombee
|
|upkeep
|
|t:|1769418546
|switch|p1a: Glimmora|Glimmora, F|100/100
|turn|3
|
|t:|1769418548
|move|p1a: Glimmora|Stealth Rock|p2a: The Moth
|-sidestart|p2: Orange74|move: Stealth Rock
|move|p2a: The Moth|Energy Ball|p1a: Glimmora
|-damage|p1a: Glimmora|22/100
|-unboost|p1a: Glimmora|spd|1
|
|upkeep
|turn|4
|
|t:|1769418552
|move|p1a: Glimmora|Memento|p2a: The Moth
|-unboost|p2a: The Moth|atk|2
|-unboost|p2a: The Moth|spa|2
|faint|p1a: Glimmora
|move|p2a: The Moth|Energy Ball|p1: Glimmora|[notarget]
|-fail|p2a: The Moth
|
|upkeep
|
|t:|1769418554
|switch|p1a: Ting-Lu|Ting-Lu|100/100
|-ability|p1a: Ting-Lu|Vessel of Ruin
|turn|5
|
|t:|1769418560
|cant|p2a: The Moth|par
|move|p1a: Ting-Lu|Spikes|p2a: The Moth
|-sidestart|p2: Orange74|Spikes
|
|upkeep
|turn|6
|
|t:|1769418563
|move|p2a: The Moth|Energy Ball|p1a: Ting-Lu
|-supereffective|p1a: Ting-Lu
|-damage|p1a: Ting-Lu|62/100
|move|p1a: Ting-Lu|Earthquake|p2a: The Moth
|-supereffective|p2a: The Moth
|-damage|p2a: The Moth|0 fnt
|faint|p2a: The Moth
|-end|p2a: The Moth|Quark Drive|[silent]
|
|upkeep
|
|t:|1769418566
|switch|p2a: Corviknight|Corviknight, M|100/100
|-damage|p2a: Corviknight|88/100|[from] Stealth Rock
|-ability|p2a: Corviknight|Pressure
|turn|7
|
|t:|1769418574
|switch|p1a: Veluza|Veluza, F|100/100
|move|p2a: Corviknight|Defog|p1a: Veluza
|-unboost|p1a: Veluza|evasion|1
|-sideend|p2: Orange74|Spikes|[from] move: Defog|[of] p2a: Corviknight
|-sideend|p2: Orange74|Stealth Rock|[from] move: Defog|[of] p2a: Corviknight
|-sideend|p2: Orange74|Sticky Web|[from] move: Defog|[of] p2a: Corviknight
|
|upkeep
|turn|8
|
|t:|1769418579
|move|p1a: Veluza|Final Gambit|p2a: Corviknight
|-damage|p2a: Corviknight|0 fnt
|faint|p1a: Veluza
|faint|p2a: Corviknight
|
|upkeep
|
|t:|1769418588
|switch|p1a: Ting-Lu|Ting-Lu|62/100
|switch|p2a: The Wake|Walking Wake|100/100
|-ability|p1a: Ting-Lu|Vessel of Ruin
|turn|9
|
|t:|1769418592
|move|p2a: The Wake|Hydro Steam|p1a: Ting-Lu
|-supereffective|p1a: Ting-Lu
|-damage|p1a: Ting-Lu|0 fnt
|faint|p1a: Ting-Lu
|
|upkeep
|
|t:|1769418594
|switch|p1a: Azelf|Azelf|100/100
|turn|10
|
|t:|1769418597
|move|p1a: Azelf|Light Screen|p1a: Azelf
|-sidestart|p1: SigmaGamer123321|move: Light Screen
|move|p2a: The Wake|Hydro Steam|p1a: Azelf
|-damage|p1a: Azelf|52/100
|
|upkeep
|turn|11
|
|t:|1769418604
|move|p1a: Azelf|Reflect|p1a: Azelf
|-sidestart|p1: SigmaGamer123321|Reflect
|move|p2a: The Wake|Hydro Steam|p1a: Azelf
|-damage|p1a: Azelf|7/100
|
|upkeep
|turn|12
|
|t:|1769418608
|move|p1a: Azelf|Explosion|p2a: The Wake
|-damage|p2a: The Wake|13/100
|faint|p1a: Azelf
|move|p2a: The Wake|Hydro Steam|p1: Azelf|[notarget]
|-fail|p2a: The Wake
|
|upkeep
|
|t:|1769418612
|switch|p1a: Kingambit|Kingambit, F|100/100
|-activate|p1a: Kingambit|ability: Supreme Overlord
|-start|p1a: Kingambit|fallen5|[silent]
|turn|13
|
|t:|1769418616
|move|p2a: The Wake|Hydro Steam|p1a: Kingambit
|-damage|p1a: Kingambit|67/100
|move|p1a: Kingambit|Swords Dance|p1a: Kingambit
|-boost|p1a: Kingambit|atk|2
|
|upkeep
|turn|14
|
|t:|1769418622
|move|p2a: The Wake|Hydro Steam|p1a: Kingambit
|-damage|p1a: Kingambit|35/100
|move|p1a: Kingambit|Kowtow Cleave|p2a: The Wake
|-damage|p2a: The Wake|0 fnt
|faint|p2a: The Wake
|-end|p2a: The Wake|Protosynthesis|[silent]
|
|upkeep
|
|t:|1769418624
|switch|p2a: Big 'Lu|Ting-Lu|100/100
|-ability|p2a: Big 'Lu|Vessel of Ruin
|turn|15
|
|t:|1769418629
|-terastallize|p1a: Kingambit|Dark
|move|p1a: Kingambit|Kowtow Cleave|p2a: Big 'Lu
|-resisted|p2a: Big 'Lu
|-damage|p2a: Big 'Lu|33/100
|move|p2a: Big 'Lu|Earthquake|p1a: Kingambit
|-damage|p1a: Kingambit|20/100
|
|-heal|p2a: Big 'Lu|40/100|[from] item: Leftovers
|upkeep
|turn|16
|
|t:|1769418637
|move|p1a: Kingambit|Rest|p1a: Kingambit
|-status|p1a: Kingambit|slp|[from] move: Rest
|-heal|p1a: Kingambit|100/100 slp|[silent]
|move|p2a: Big 'Lu|Rest|p2a: Big 'Lu
|-status|p2a: Big 'Lu|slp|[from] move: Rest
|-heal|p2a: Big 'Lu|100/100 slp|[silent]
|
|upkeep
|turn|17
|
|t:|1769418641
|cant|p1a: Kingambit|slp
|cant|p2a: Big 'Lu|slp
|move|p2a: Big 'Lu|Sleep Talk|p2a: Big 'Lu
|move|p2a: Big 'Lu|Ruination|p1a: Kingambit|[from] move: Sleep Talk
|-damage|p1a: Kingambit|51/100 slp
|
|-sideend|p1: SigmaGamer123321|move: Light Screen
|upkeep
|turn|18
|
|t:|1769418644
|cant|p1a: Kingambit|slp
|cant|p2a: Big 'Lu|slp
|move|p2a: Big 'Lu|Sleep Talk|p2a: Big 'Lu
|move|p2a: Big 'Lu|Ruination|p1a: Kingambit|[from] move: Sleep Talk
|-damage|p1a: Kingambit|26/100 slp
|
|-sideend|p1: SigmaGamer123321|Reflect
|upkeep
|turn|19
|
|t:|1769418649
|-curestatus|p1a: Kingambit|slp|[msg]
|move|p1a: Kingambit|Swords Dance|p1a: Kingambit
|-boost|p1a: Kingambit|atk|2
|-curestatus|p2a: Big 'Lu|slp|[msg]
|move|p2a: Big 'Lu|Sleep Talk||[still]
|-fail|p2a: Big 'Lu
|
|upkeep
|turn|20
|
|t:|1769418655
|move|p1a: Kingambit|Kowtow Cleave|p2a: Big 'Lu
|-resisted|p2a: Big 'Lu
|-damage|p2a: Big 'Lu|7/100
|move|p2a: Big 'Lu|Earthquake|p1a: Kingambit
|-damage|p1a: Kingambit|0 fnt
|faint|p1a: Kingambit
|-end|p1a: Kingambit|fallen5|[silent]
|
|win|Orange74
|raw|SigmaGamer123321's rating: 1254 &rarr; <strong>1233</strong><br />(-21 for losing)
|raw|Orange74's rating: 1312 &rarr; <strong>1329</strong><br />(+17 for winning)
|l|☆SigmaGamer123321
|player|p1|
|l|☆Orange74
|player|p2|
