|j|☆the.ramen.gang
|j|☆gz01
|t:|1769303779
|gametype|singles
|player|p1|the.ramen.gang|265|1262
|player|p2|gz01|red|1311
|gen|9
|tier|[Gen 9] OU
|rated|
|rule|HP Percentage Mod: HP is shown in percentages
|rule|Endless Battle Clause: Forcing endless battles is banned
|rule|Species Clause: Limit one of each Pokémon
|rule|OHKO Clause: OHKO moves are banned
|rule|Evasion Items Clause: Evasion items are banned
|rule|Evasion Moves Clause: Evasion moves are banned
|rule|Evasion Abilities Clause: Evasion abilities are banned
|rule|Sleep Moves Clause: Sleep-inducing moves are banned
|clearpoke
|poke|p1|Shiftry, F|
|poke|p1|Swanna, M|
|poke|p1|Munkidori, M|
|poke|p1|Magmortar, M|
|poke|p1|Honchkrow, F|
|poke|p1|Sudowoodo, F|
|poke|p2|Torkoal, M|
|poke|p2|Walking Wake|
|poke|p2|Venusaur, F|
|poke|p2|Typhlosion-Hisui, F|
|poke|p2|Great Tusk|
|poke|p2|Brute Bonnet|
|teampreview
|inactive|Battle timer is ON: inactive players will automatically lose when time's up. (requested by gz01)
|
|t:|1769303784
|teamsize|p1|6
|teamsize|p2|6
|start
|switch|p1a: Sudowoodo|Sudowoodo, F|100/100
|switch|p2a: Koalosun|Torkoal, M, shiny|100/100
|-weather|SunnyDay|[from] ability: Drought|[of] p2a: Koalosun
|turn|1
|
|t:|1769303789
|switch|p2a: Raging Bull|Great Tusk, shiny|100/100
|-activate|p2a: Raging Bull|ability: Protosynthesis
|-start|p2a: Raging Bull|protosynthesisatk
|move|p1a: Sudowoodo|Head Smash|p2a: Raging Bull|[miss]
|-miss|p1a: Sudowoodo|p2a: Raging Bull
|
|-weather|SunnyDay|[upkeep]
|upkeep
|turn|2
|
|t:|1769303797
|switch|p1a: Swanna|Swanna, M|100/100
|move|p2a: Raging Bull|Close Combat|p1a: Swanna
|-resisted|p1a: Swanna
|-damage|p1a: Swanna|44/100
|-unboost|p2a: Raging Bull|def|1
|-unboost|p2a: Raging Bull|spd|1
|
|-weather|SunnyDay|[upkeep]
|upkeep
|turn|3
|
|t:|1769303802
|move|p2a: Raging Bull|Close Combat|p1a: Swanna
|-resisted|p1a: Swanna
|-damage|p1a: Swanna|0 fnt
|-unboost|p2a: Raging Bull|def|1
|-unboost|p2a: Raging Bull|spd|1
|faint|p1a: Swanna
|
|-weather|SunnyDay|[upkeep]
|upkeep
|
|t:|1769303806
|switch|p1a: Munkidori|Munkidori, M|100/100
|turn|4
|
|t:|1769303809
|move|p1a: Munkidori|Psychic|p2a: Raging Bull
|-supereffective|p2a: Raging Bull
|-damage|p2a: Raging Bull|0 fnt
|faint|p2a: Raging Bull
|-end|p2a: Raging Bull|Protosynthesis|[silent]
|
|-weather|SunnyDay|[upkeep]
|upkeep
|
|t:|1769303818
|switch|p2a: Vicious Plant|Brute Bonnet, shiny|100/100
|-activate|p2a: Vicious Plant|ability: Protosynthesis
|-start|p2a: Vicious Plant|protosynthesisatk
|turn|5
|
|t:|1769303829
|switch|p1a: Honchkrow|Honchkrow, F|100/100
|move|p2a: Vicious Plant|Sucker Punch||[still]
|-fail|p2a: Vicious Plant
|
|-weather|SunnyDay|[upkeep]
|upkeep
|turn|6
|
|t:|1769303842
|-end|p2a: Vicious Plant|Protosynthesis|[silent]
|switch|p2a: Koalosun|Torkoal, M, shiny|100/100
|move|p1a: Honchkrow|Brave Bird|p2a: Koalosun
|-damage|p2a: Koalosun|57/100
|-damage|p1a: Honchkrow|86/100|[from] Recoil
|
|-weather|SunnyDay|[upkeep]
|upkeep
|turn|7
|
|t:|1769303848
|move|p1a: Honchkrow|Brave Bird|p2a: Koalosun
|-damage|p2a: Koalosun|17/100
|-damage|p1a: Honchkrow|74/100|[from] Recoil
|move|p2a: Koalosun|Overheat|p1a: Honchkrow
|-damage|p1a: Honchkrow|0 fnt
|-unboost|p2a: Koalosun|spa|2
|faint|p1a: Honchkrow
|
|-weather|SunnyDay|[upkeep]
|upkeep
|
|t:|1769303855
|switch|p1a: Munkidori|Munkidori, M|100/100
|turn|8
|
|t:|1769303874
|switch|p2a: Vicious Plant|Brute Bonnet, shiny|100/100
|-activate|p2a: Vicious Plant|ability: Protosynthesis
|-start|p2a: Vicious Plant|protosynthesisatk
|move|p1a: Munkidori|Sludge Wave|p2a: Vicious Plant
|-supereffective|p2a: Vicious Plant
|-damage|p2a: Vicious Plant|0 fnt
|faint|p2a: Vicious Plant
|-end|p2a: Vicious Plant|Protosynthesis|[silent]
|
|-weather|none
|upkeep
|
|t:|1769303881
|switch|p2a: Koalosun|Torkoal, M, shiny|17/100
|-weather|SunnyDay|[from] ability: Drought|[of] p2a: Koalosun
|turn|9
|
|t:|1769303886
|move|p1a: Munkidori|Sludge Wave|p2a: Koalosun
|-damage|p2a: Koalosun|0 fnt
|faint|p2a: Koalosun
|
|-weather|SunnyDay|[upkeep]
|upkeep
|
|t:|1769303892
|switch|p2a: Phlosion-Hence|Typhlosion-Hisui, F, shiny|100/100
|turn|10
|
|t:|1769303895
|-terastallize|p2a: Phlosion-Hence|Fire
|move|p2a: Phlosion-Hence|Eruption|p1a: Munkidori
|-damage|p1a: Munkidori|0 fnt
|faint|p1a: Munkidori
|
|-weather|SunnyDay|[upkeep]
|upkeep
|
|t:|1769303900
|switch|p1a: Sudowoodo|Sudowoodo, F|100/100
|turn|11
|
|t:|1769303904
|switch|p2a: Sauros|Venusaur, F, shiny|100/100
|move|p1a: Sudowoodo|Head Smash|p2a: Sauros|[miss]
|-miss|p1a: Sudowoodo|p2a: Sauros
|
|-weather|SunnyDay|[upkeep]
|upkeep
|turn|12
|
|t:|1769303909
|move|p2a: Sauros|Solar Beam||[still]
|-prepare|p2a: Sauros|Solar Beam
|-anim|p2a: Sauros|Solar Beam|p1a: Sudowoodo
|-supereffective|p1a: Sudowoodo
|-ability|p1a: Sudowoodo|Sturdy
|-damage|p1a: Sudowoodo|1/100
|-damage|p2a: Sauros|91/100|[from] item: Life Orb
|move|p1a: Sudowoodo|Head Smash|p2a: Sauros
|-damage|p2a: Sauros|0 fnt
|faint|p2a: Sauros
|-damage|p1a: Sudowoodo|0 fnt|[from] Recoil
|faint|p1a: Sudowoodo
|
|-weather|SunnyDay|[upkeep]
|upkeep
|
|t:|1769303920
|switch|p2a: Phlosion-Hence|Typhlosion-Hisui, F, shiny, tera:Fire|100/100
|switch|p1a: Shiftry|Shiftry, F|100/100
|turn|13
|
|t:|1769303923
|move|p2a: Phlosion-Hence|Eruption|p1a: Shiftry
|-supereffective|p1a: Shiftry
|-enditem|p1a: Shiftry|Focus Sash
|-damage|p1a: Shiftry|1/100
|move|p1a: Shiftry|Tailwind|p1a: Shiftry
|-sidestart|p1: the.ramen.gang|move: Tailwind
|-ability|p1a: Shiftry|Wind Rider|boost
|-boost|p1a: Shiftry|atk|1
|
|-weather|SunnyDay|[upkeep]
|upkeep
|turn|14
|
|t:|1769303928
|-terastallize|p1a: Shiftry|Rock
|move|p1a: Shiftry|Rock Slide|p2a: Phlosion-Hence
|-supereffective|p2a: Phlosion-Hence
|-damage|p2a: Phlosion-Hence|0 fnt
|faint|p2a: Phlosion-Hence
|
|-weather|SunnyDay|[upkeep]
|upkeep
|
|t:|1769303931
|switch|p2a: Dual Blades|Walking Wake|100/100
|-activate|p2a: Dual Blades|ability: Protosynthesis
|-start|p2a: Dual Blades|protosynthesisspa
|turn|15
|
|t:|1769303941
|move|p1a: Shiftry|Knock Off|p2a: Dual Blades
|-damage|p2a: Dual Blades|30/100
|-enditem|p2a: Dual Blades|Choice Specs|[from] move: Knock Off|[of] p1a: Shiftry
|move|p2a: Dual Blades|Hydro Steam|p1a: Shiftry
|-supereffective|p1a: Shiftry
|-damage|p1a: Shiftry|0 fnt
|faint|p1a: Shiftry
|
|-weather|SunnyDay|[upkeep]
|upkeep
|
|t:|1769303943
|switch|p1a: Magmortar|Magmortar, M|100/100
|turn|16
|
|t:|1769303947
|move|p1a: Magmortar|Thunderbolt|p2a: Dual Blades
|-damage|p2a: Dual Blades|0 fnt
|faint|p2a: Dual Blades
|-end|p2a: Dual Blades|Protosynthesis|[silent]
|
|win|the.ramen.gang
|raw|the.ramen.gang's rating: 1262 &rarr; <strong>1291</strong><br />(+29 for winning)
|raw|gz01's rating: 1311 &rarr; <strong>1288</strong><br />(-23 for losing)
|c|☆gz01|Gg
|c|☆the.ramen.gang|Gg
|l|☆gz01
|player|p2|
|l|☆the.ramen.gang
|player|p1|
