|j|☆Auburn Hills
|j|☆Einarorn1
|t:|1769375728
|gametype|singles
|player|p1|Auburn Hills|alder|1724
|player|p2|Einarorn1|1|1709
|gen|9
|tier|[Gen 9] OU
|rated|
|rule|HP Percentage Mod: HP is shown in percentages
|rule|Endless Battle Clause: Forcing endless battles is banned
|rule|Species Clause: Limit one of each Pokémon
|rule|OHKO Clause: OHKO moves are banned
|rule|Evasion Items Clause: Evasion items are banned
|rule|Evasion Moves Clause: Evasion moves are banned
|rule|Evasion Abilities Clause: Evasion abilities are banned
|rule|Sleep Moves Clause: Sleep-inducing moves are banned
|clearpoke
|poke|p1|Iron Moth|
|poke|p1|Umbreon, F|
|poke|p1|Garchomp, F|
|poke|p1|Glimmora, M|
|poke|p1|Gholdengo|
|poke|p1|Dragonite, M|
|poke|p2|Garchomp, M|
|poke|p2|Iron Valiant|
|poke|p2|Tyranitar, F|
|poke|p2|Rotom-Wash|
|poke|p2|Pecharunt|
|poke|p2|Corviknight, M|
|teampreview
|inactive|Battle timer is ON: inactive players will automatically lose when time's up. (requested by Einarorn1)
|
|t:|1769375751
|teamsize|p1|6
|teamsize|p2|6
|start
|switch|p1a: Julia Jacklin|Glimmora, M|100/100
|switch|p2a: Tyranitar|Tyranitar, F|100/100
|-weather|Sandstorm|[from] ability: Sand Stream|[of] p2a: Tyranitar
|turn|1
|
|t:|1769375756
|switch|p2a: Rotom|Rotom-Wash|100/100
|move|p1a: Julia Jacklin|Stealth Rock|p2a: Rotom
|-sidestart|p2: Einarorn1|move: Stealth Rock
|
|-weather|Sandstorm|[upkeep]
|-damage|p2a: Rotom|94/100|[from] Sandstorm
|upkeep
|turn|2
|inactive|Auburn Hills has 120 seconds left.
|
|t:|1769375790
|move|p2a: Rotom|Hydro Pump|p1a: Julia Jacklin
|-supereffective|p1a: Julia Jacklin
|-damage|p1a: Julia Jacklin|8/100
|move|p1a: Julia Jacklin|Sludge Wave|p2a: Rotom
|-damage|p2a: Rotom|31/100
|
|-weather|Sandstorm|[upkeep]
|-damage|p2a: Rotom|25/100|[from] Sandstorm
|upkeep
|turn|3
|j| ISimpForKlara
|
|t:|1769375795
|move|p2a: Rotom|Hydro Pump|p1a: Julia Jacklin
|-supereffective|p1a: Julia Jacklin
|-crit|p1a: Julia Jacklin
|-damage|p1a: Julia Jacklin|0 fnt
|faint|p1a: Julia Jacklin
|
|-weather|Sandstorm|[upkeep]
|-damage|p2a: Rotom|18/100|[from] Sandstorm
|upkeep
|
|t:|1769375799
|switch|p1a: Elucid|Dragonite, M|100/100
|turn|4
|
|t:|1769375806
|switch|p2a: Garchomp|Garchomp, M|100/100
|-damage|p2a: Garchomp|94/100|[from] Stealth Rock
|move|p1a: Elucid|Dragon Dance|p1a: Elucid
|-boost|p1a: Elucid|atk|1
|-boost|p1a: Elucid|spe|1
|
|-weather|Sandstorm|[upkeep]
|-damage|p1a: Elucid|94/100|[from] Sandstorm
|upkeep
|turn|5
|
|t:|1769375810
|move|p1a: Elucid|Ice Spinner|p2a: Garchomp
|-supereffective|p2a: Garchomp
|-damage|p2a: Garchomp|0 fnt
|-damage|p1a: Elucid|82/100|[from] ability: Rough Skin|[of] p2a: Garchomp
|-damage|p1a: Elucid|66/100|[from] item: Rocky Helmet|[of] p2a: Garchomp
|faint|p2a: Garchomp
|
|-weather|none
|upkeep
|
|t:|1769375824
|switch|p2a: Tyranitar|Tyranitar, F|100/100
|-damage|p2a: Tyranitar|88/100|[from] Stealth Rock
|-weather|Sandstorm|[from] ability: Sand Stream|[of] p2a: Tyranitar
|turn|6
|
|t:|1769375830
|switch|p2a: Corviknight|Corviknight, M|100/100
|-damage|p2a: Corviknight|88/100|[from] Stealth Rock
|-ability|p2a: Corviknight|Pressure
|move|p1a: Elucid|Earthquake|p2a: Corviknight
|-immune|p2a: Corviknight
|
|-weather|Sandstorm|[upkeep]
|-damage|p1a: Elucid|59/100|[from] Sandstorm
|upkeep
|turn|7
|
|t:|1769375834
|switch|p1a: Smino|Gholdengo|100/100
|move|p2a: Corviknight|Defog|p1a: Smino
|-immune|p1a: Smino|[from] ability: Good as Gold
|
|-weather|Sandstorm|[upkeep]
|upkeep
|turn|8
|
|t:|1769375840
|move|p1a: Smino|Trick|p2a: Corviknight
|-activate|p1a: Smino|move: Trick|[of] p2a: Corviknight
|-item|p2a: Corviknight|Choice Scarf|[from] move: Trick
|-item|p1a: Smino|Rocky Helmet|[from] move: Trick
|move|p2a: Corviknight|U-turn|p1a: Smino
|-resisted|p1a: Smino
|-damage|p1a: Smino|97/100
|-damage|p2a: Corviknight|72/100|[from] item: Rocky Helmet|[of] p1a: Smino
|
|t:|1769375861
|switch|p2a: Tyranitar|Tyranitar, F|88/100|[from] U-turn
|-damage|p2a: Tyranitar|76/100|[from] Stealth Rock
|
|-weather|Sandstorm|[upkeep]
|upkeep
|turn|9
|
|t:|1769375866
|switch|p1a: Elucid|Dragonite, M|59/100
|move|p2a: Tyranitar|Knock Off|p1a: Elucid
|-damage|p1a: Elucid|4/100
|-enditem|p1a: Elucid|Heavy-Duty Boots|[from] move: Knock Off|[of] p2a: Tyranitar
|
|-weather|Sandstorm|[upkeep]
|-damage|p1a: Elucid|0 fnt|[from] Sandstorm
|faint|p1a: Elucid
|upkeep
|
|t:|1769375868
|switch|p1a: Rat Tally|Garchomp, F|100/100
|turn|10
|
|t:|1769375874
|move|p1a: Rat Tally|Earthquake|p2a: Tyranitar
|-supereffective|p2a: Tyranitar
|-damage|p2a: Tyranitar|0 fnt
|faint|p2a: Tyranitar
|
|-weather|none
|upkeep
|
|t:|1769375888
|switch|p2a: Rotom|Rotom-Wash|18/100
|-damage|p2a: Rotom|6/100|[from] Stealth Rock
|turn|11
|
|t:|1769375891
|switch|p1a: Smino|Gholdengo|97/100
|move|p2a: Rotom|Hydro Pump|p1a: Smino
|-damage|p1a: Smino|36/100
|
|upkeep
|turn|12
|
|t:|1769375896
|switch|p1a: Alvvays|Umbreon, F|100/100
|move|p2a: Rotom|Hydro Pump|p1a: Alvvays|[miss]
|-miss|p2a: Rotom|p1a: Alvvays
|
|upkeep
|turn|13
|j| N Binary
|
|t:|1769375904
|switch|p2a: Corviknight|Corviknight, M|72/100
|-damage|p2a: Corviknight|59/100|[from] Stealth Rock
|-ability|p2a: Corviknight|Pressure
|move|p1a: Alvvays|Wish|p1a: Alvvays
|
|upkeep
|turn|14
|
|t:|1769375908
|switch|p1a: Smino|Gholdengo|36/100
|move|p2a: Corviknight|U-turn|p1a: Smino
|-resisted|p1a: Smino
|-damage|p1a: Smino|33/100
|-damage|p2a: Corviknight|43/100|[from] item: Rocky Helmet|[of] p1a: Smino
|
|t:|1769375911
|switch|p2a: Pecharunt|Pecharunt|100/100|[from] U-turn
|
|-heal|p1a: Smino|95/100|[from] move: Wish|[wisher] Alvvays
|upkeep
|turn|15
|
|t:|1769375929
|move|p2a: Pecharunt|Shadow Ball|p1a: Smino
|-supereffective|p1a: Smino
|-damage|p1a: Smino|19/100
|move|p1a: Smino|Shadow Ball|p2a: Pecharunt
|-supereffective|p2a: Pecharunt
|-damage|p2a: Pecharunt|2/100
|
|upkeep
|turn|16
|
|t:|1769375934
|switch|p1a: Alvvays|Umbreon, F|100/100
|move|p2a: Pecharunt|Shadow Ball|p1a: Alvvays
|-resisted|p1a: Alvvays
|-damage|p1a: Alvvays|92/100
|
|-heal|p1a: Alvvays|98/100|[from] item: Leftovers
|upkeep
|turn|17
|
|t:|1769375937
|move|p2a: Pecharunt|Malignant Chain|p1a: Alvvays
|-damage|p1a: Alvvays|77/100
|move|p1a: Alvvays|Thunder Wave|p2a: Pecharunt
|-status|p2a: Pecharunt|par
|
|-heal|p1a: Alvvays|83/100|[from] item: Leftovers
|upkeep
|turn|18
|
|t:|1769375942
|move|p1a: Alvvays|Foul Play|p2a: Pecharunt
|-supereffective|p2a: Pecharunt
|-crit|p2a: Pecharunt
|-damage|p2a: Pecharunt|0 fnt
|faint|p2a: Pecharunt
|
|-heal|p1a: Alvvays|89/100|[from] item: Leftovers
|upkeep
|
|t:|1769375951
|switch|p2a: Corviknight|Corviknight, M|43/100
|-damage|p2a: Corviknight|31/100|[from] Stealth Rock
|-ability|p2a: Corviknight|Pressure
|turn|19
|
|t:|1769375956
|move|p1a: Alvvays|Protect|p1a: Alvvays
|-singleturn|p1a: Alvvays|Protect
|move|p2a: Corviknight|U-turn|p1a: Alvvays
|-activate|p1a: Alvvays|move: Protect
|
|-heal|p1a: Alvvays|95/100|[from] item: Leftovers
|upkeep
|turn|20
|
|t:|1769375959
|move|p2a: Corviknight|U-turn|p1a: Alvvays
|-supereffective|p1a: Alvvays
|-damage|p1a: Alvvays|72/100
|
|t:|1769375962
|switch|p2a: Rotom|Rotom-Wash|6/100|[from] U-turn
|-damage|p2a: Rotom|0 fnt|[from] Stealth Rock
|faint|p2a: Rotom
|move|p1a: Alvvays|Thunder Wave|p2: Rotom|[notarget]
|-fail|p1a: Alvvays
|
|-heal|p1a: Alvvays|78/100|[from] item: Leftovers
|upkeep
|
|t:|1769375973
|switch|p2a: Iron Valiant|Iron Valiant, shiny|100/100
|-damage|p2a: Iron Valiant|94/100|[from] Stealth Rock
|-enditem|p2a: Iron Valiant|Booster Energy
|-activate|p2a: Iron Valiant|ability: Quark Drive|[fromitem]
|-start|p2a: Iron Valiant|quarkdrivespe
|turn|21
|
|t:|1769375980
|move|p2a: Iron Valiant|Swords Dance|p2a: Iron Valiant
|-boost|p2a: Iron Valiant|atk|2
|move|p1a: Alvvays|Thunder Wave|p2a: Iron Valiant
|-status|p2a: Iron Valiant|par
|
|-heal|p1a: Alvvays|84/100|[from] item: Leftovers
|upkeep
|turn|22
|
|t:|1769375984
|cant|p2a: Iron Valiant|par
|move|p1a: Alvvays|Foul Play|p2a: Iron Valiant
|-resisted|p2a: Iron Valiant
|-damage|p2a: Iron Valiant|63/100 par
|
|-heal|p1a: Alvvays|90/100|[from] item: Leftovers
|upkeep
|turn|23
|
|t:|1769375988
|move|p2a: Iron Valiant|Close Combat|p1a: Alvvays
|-supereffective|p1a: Alvvays
|-damage|p1a: Alvvays|0 fnt
|-unboost|p2a: Iron Valiant|def|1
|-unboost|p2a: Iron Valiant|spd|1
|faint|p1a: Alvvays
|
|upkeep
|
|t:|1769375990
|switch|p1a: Carly Rae|Iron Moth|100/100
|-enditem|p1a: Carly Rae|Booster Energy
|-activate|p1a: Carly Rae|ability: Quark Drive|[fromitem]
|-start|p1a: Carly Rae|quarkdrivespe
|turn|24
|
|t:|1769375994
|move|p1a: Carly Rae|Fiery Dance|p2a: Iron Valiant
|-damage|p2a: Iron Valiant|0 fnt
|faint|p2a: Iron Valiant
|-end|p2a: Iron Valiant|Quark Drive|[silent]
|
|upkeep
|-message|Einarorn1 forfeited.
|
|win|Auburn Hills
|raw|Auburn Hills's rating: 1739 &rarr; <strong>1757</strong><br />(+18 for winning)
|raw|Einarorn1's rating: 1709 &rarr; <strong>1691</strong><br />(-18 for losing)
|l|☆Einarorn1
|player|p2|
|l|☆Auburn Hills
|player|p1|
|l| N Binary
