|j|☆Garebare1213
|j|☆thebugkid
|t:|1769320908
|gametype|singles
|player|p1|Garebare1213|2|1430
|player|p2|thebugkid|bugsy-gen2|1398
|gen|9
|tier|[Gen 9] OU
|rated|
|rule|HP Percentage Mod: HP is shown in percentages
|rule|Endless Battle Clause: Forcing endless battles is banned
|rule|Species Clause: Limit one of each Pokémon
|rule|OHKO Clause: OHKO moves are banned
|rule|Evasion Items Clause: Evasion items are banned
|rule|Evasion Moves Clause: Evasion moves are banned
|rule|Evasion Abilities Clause: Evasion abilities are banned
|rule|Sleep Moves Clause: Sleep-inducing moves are banned
|clearpoke
|poke|p1|Iron Boulder|
|poke|p1|Rillaboom, M|
|poke|p1|Moltres|
|poke|p1|Ogerpon-Wellspring, F|
|poke|p1|Kingambit, F|
|poke|p1|Great Tusk|
|poke|p2|Great Tusk|
|poke|p2|Venusaur, F|
|poke|p2|Kingambit, F|
|poke|p2|Walking Wake|
|poke|p2|Ninetales, M|
|poke|p2|Raging Bolt|
|teampreview
|inactive|Battle timer is ON: inactive players will automatically lose when time's up. (requested by Garebare1213)
|
|t:|1769320932
|teamsize|p1|6
|teamsize|p2|6
|start
|switch|p1a: Ogerpon|Ogerpon-Wellspring, F|100/100
|switch|p2a: the|Ninetales, M, shiny|100/100
|-weather|SunnyDay|[from] ability: Drought|[of] p2a: the
|turn|1
|
|t:|1769320940
|switch|p1a: Moltres|Moltres|100/100
|move|p2a: the|Will-O-Wisp|p1a: Moltres
|-immune|p1a: Moltres
|
|-weather|SunnyDay|[upkeep]
|upkeep
|turn|2
|
|t:|1769320950
|switch|p2a: buddy|Walking Wake|100/100
|-activate|p2a: buddy|ability: Protosynthesis
|-start|p2a: buddy|protosynthesisspe
|move|p1a: Moltres|U-turn|p2a: buddy
|-damage|p2a: buddy|84/100
|
|t:|1769320956
|switch|p1a: Ogerpon|Ogerpon-Wellspring, F|100/100|[from] U-turn
|
|-weather|SunnyDay|[upkeep]
|upkeep
|turn|3
|inactive|thebugkid has 120 seconds left.
|
|t:|1769320988
|switch|p1a: Kingambit|Kingambit, F|100/100
|move|p2a: buddy|Flamethrower|p1a: Kingambit
|-supereffective|p1a: Kingambit
|-damage|p1a: Kingambit|0 fnt
|faint|p1a: Kingambit
|
|-weather|SunnyDay|[upkeep]
|upkeep
|
|t:|1769321002
|switch|p1a: Ogerpon|Ogerpon-Wellspring, F|100/100
|turn|4
|
|t:|1769321016
|move|p2a: buddy|Draco Meteor|p1a: Ogerpon
|-damage|p1a: Ogerpon|15/100
|-unboost|p2a: buddy|spa|2
|move|p1a: Ogerpon|Horn Leech|p2a: buddy
|-damage|p2a: buddy|35/100
|-heal|p1a: Ogerpon|43/100|[from] drain|[of] p2a: buddy
|
|-weather|SunnyDay|[upkeep]
|upkeep
|turn|5
|
|t:|1769321038
|switch|p1a: Moltres|Moltres|100/100
|move|p2a: buddy|Draco Meteor|p1a: Moltres
|-damage|p1a: Moltres|76/100
|-unboost|p2a: buddy|spa|2
|
|-weather|SunnyDay|[upkeep]
|upkeep
|turn|6
|
|t:|1769321047
|switch|p1a: Ogerpon|Ogerpon-Wellspring, F|43/100
|move|p2a: buddy|Flip Turn|p1a: Ogerpon
|-heal|p1a: Ogerpon|68/100|[from] ability: Water Absorb|[of] p2a: buddy
|
|-weather|SunnyDay|[upkeep]
|upkeep
|turn|7
|
|t:|1769321066
|-end|p2a: buddy|Protosynthesis|[silent]
|switch|p2a: idiot|Venusaur, F, shiny|100/100
|move|p1a: Ogerpon|Horn Leech|p2a: idiot
|-resisted|p2a: idiot
|-damage|p2a: idiot|85/100
|-heal|p1a: Ogerpon|76/100|[from] drain|[of] p2a: idiot
|
|-weather|SunnyDay|[upkeep]
|upkeep
|turn|8
|
|t:|1769321078
|switch|p1a: Moltres|Moltres|76/100
|move|p2a: idiot|Sludge Bomb|p1a: Moltres
|-damage|p1a: Moltres|37/100
|-damage|p2a: idiot|75/100|[from] item: Life Orb
|
|-weather|none
|upkeep
|turn|9
|
|t:|1769321095
|-terastallize|p2a: idiot|Fire
|move|p2a: idiot|Sludge Bomb|p1a: Moltres
|-damage|p1a: Moltres|0 fnt
|faint|p1a: Moltres
|-damage|p2a: idiot|65/100|[from] item: Life Orb
|
|upkeep
|inactive|Garebare1213 has 120 seconds left.
|
|t:|1769321106
|switch|p1a: Great Tusk|Great Tusk|100/100
|turn|10
|
|t:|1769321115
|switch|p2a: an|Kingambit, F, shiny|100/100
|-item|p2a: an|Air Balloon
|move|p1a: Great Tusk|Headlong Rush|p2a: an
|-immune|p2a: an
|
|upkeep
|turn|11
|
|t:|1769321120
|-end|p2a: an|fallenundefined|[silent]
|switch|p2a: the|Ninetales, M, shiny|100/100
|-weather|SunnyDay|[from] ability: Drought|[of] p2a: the
|-activate|p1a: Great Tusk|ability: Protosynthesis
|-start|p1a: Great Tusk|protosynthesisatk
|move|p1a: Great Tusk|Temper Flare|p2a: the
|-resisted|p2a: the
|-damage|p2a: the|46/100
|
|-weather|SunnyDay|[upkeep]
|upkeep
|turn|12
|
|t:|1769321145
|-end|p1a: Great Tusk|Protosynthesis|[silent]
|switch|p1a: Ogerpon|Ogerpon-Wellspring, F|76/100
|move|p2a: the|Will-O-Wisp|p1a: Ogerpon|[miss]
|-miss|p2a: the|p1a: Ogerpon
|
|-weather|SunnyDay|[upkeep]
|upkeep
|turn|13
|
|t:|1769321157
|switch|p2a: why|Raging Bolt|100/100
|-activate|p2a: why|ability: Protosynthesis
|-start|p2a: why|protosynthesisspa
|move|p1a: Ogerpon|Ivy Cudgel|p2a: why|[anim] Ivy Cudgel Water
|-resisted|p2a: why
|-damage|p2a: why|86/100
|
|-weather|SunnyDay|[upkeep]
|-heal|p2a: why|93/100|[from] item: Leftovers
|upkeep
|turn|14
|inactive|Garebare1213 has 120 seconds left.
|
|t:|1769321208
|move|p1a: Ogerpon|Play Rough|p2a: why
|-supereffective|p2a: why
|-damage|p2a: why|24/100
|move|p2a: why|Dragon Pulse|p1a: Ogerpon
|-damage|p1a: Ogerpon|0 fnt
|faint|p1a: Ogerpon
|
|-weather|SunnyDay|[upkeep]
|-heal|p2a: why|30/100|[from] item: Leftovers
|upkeep
|
|t:|1769321215
|switch|p1a: Great Tusk|Great Tusk|100/100
|-activate|p1a: Great Tusk|ability: Protosynthesis
|-start|p1a: Great Tusk|protosynthesisatk
|turn|15
|inactive|Garebare1213 has 90 seconds left.
|inactive|thebugkid has 120 seconds left.
|
|t:|1769321245
|move|p1a: Great Tusk|Headlong Rush|p2a: why
|-supereffective|p2a: why
|-damage|p2a: why|0 fnt
|-unboost|p1a: Great Tusk|def|1
|-unboost|p1a: Great Tusk|spd|1
|faint|p2a: why
|-end|p2a: why|Protosynthesis|[silent]
|
|-weather|SunnyDay|[upkeep]
|upkeep
|inactive|thebugkid has 120 seconds left.
|
|t:|1769321251
|switch|p2a: buddy|Walking Wake|35/100
|-activate|p2a: buddy|ability: Protosynthesis
|-start|p2a: buddy|protosynthesisspe
|turn|16
|
|t:|1769321261
|-end|p1a: Great Tusk|Protosynthesis|[silent]
|switch|p1a: Rillaboom|Rillaboom, M|100/100
|-fieldstart|move: Grassy Terrain|[from] ability: Grassy Surge|[of] p1a: Rillaboom
|move|p2a: buddy|Flamethrower|p1a: Rillaboom
|-supereffective|p1a: Rillaboom
|-damage|p1a: Rillaboom|0 fnt
|faint|p1a: Rillaboom
|
|-weather|SunnyDay|[upkeep]
|-heal|p2a: buddy|41/100|[from] Grassy Terrain
|upkeep
|
|t:|1769321276
|switch|p1a: Iron Boulder|Iron Boulder|100/100
|-enditem|p1a: Iron Boulder|Booster Energy
|-activate|p1a: Iron Boulder|ability: Quark Drive|[fromitem]
|-start|p1a: Iron Boulder|quarkdrivespe
|turn|17
|inactive|thebugkid has 120 seconds left.
|
|t:|1769321300
|-end|p2a: buddy|Protosynthesis|[silent]
|switch|p2a: ?|Great Tusk, shiny|100/100
|-activate|p2a: ?|ability: Protosynthesis
|-start|p2a: ?|protosynthesisatk
|move|p1a: Iron Boulder|Mighty Cleave|p2a: ?
|-resisted|p2a: ?
|-damage|p2a: ?|92/100
|
|-weather|SunnyDay|[upkeep]
|-heal|p2a: ?|98/100|[from] Grassy Terrain
|upkeep
|turn|18
|inactive|thebugkid has 120 seconds left.
|
|t:|1769321320
|-end|p1a: Iron Boulder|Quark Drive|[silent]
|switch|p1a: Great Tusk|Great Tusk|100/100
|-activate|p1a: Great Tusk|ability: Protosynthesis
|-start|p1a: Great Tusk|protosynthesisatk
|move|p2a: ?|Headlong Rush|p1a: Great Tusk
|-damage|p1a: Great Tusk|44/100
|-unboost|p2a: ?|def|1
|-unboost|p2a: ?|spd|1
|
|-weather|none
|-end|p1a: Great Tusk|Protosynthesis
|-end|p2a: ?|Protosynthesis
|-heal|p1a: Great Tusk|50/100|[from] Grassy Terrain
|-heal|p1a: Great Tusk|56/100|[from] item: Leftovers
|-heal|p2a: ?|100/100|[from] Grassy Terrain
|upkeep
|turn|19
|inactive|thebugkid has 120 seconds left.
|
|t:|1769321343
|-end|p2a: ?|Protosynthesis|[silent]
|switch|p2a: an|Kingambit, F, shiny|100/100
|-activate|p2a: an|ability: Supreme Overlord
|-start|p2a: an|fallen1|[silent]
|-item|p2a: an|Air Balloon
|move|p1a: Great Tusk|Rapid Spin|p2a: an
|-resisted|p2a: an
|-damage|p2a: an|94/100
|-boost|p1a: Great Tusk|spe|1
|-enditem|p2a: an|Air Balloon
|
|-heal|p1a: Great Tusk|62/100|[from] Grassy Terrain
|-heal|p1a: Great Tusk|69/100|[from] item: Leftovers
|-heal|p2a: an|99/100|[from] Grassy Terrain
|upkeep
|turn|20
|
|t:|1769321357
|move|p1a: Great Tusk|Rapid Spin|p2a: an
|-resisted|p2a: an
|-damage|p2a: an|94/100
|-boost|p1a: Great Tusk|spe|1
|move|p2a: an|Iron Head|p1a: Great Tusk
|-damage|p1a: Great Tusk|30/100
|
|-heal|p1a: Great Tusk|36/100|[from] Grassy Terrain
|-heal|p1a: Great Tusk|42/100|[from] item: Leftovers
|-heal|p2a: an|99/100|[from] Grassy Terrain
|upkeep
|turn|21
|
|t:|1769321374
|move|p2a: an|Sucker Punch|p1a: Great Tusk
|-resisted|p1a: Great Tusk
|-damage|p1a: Great Tusk|26/100
|move|p1a: Great Tusk|Headlong Rush|p2a: an
|-supereffective|p2a: an
|-damage|p2a: an|0 fnt
|-unboost|p1a: Great Tusk|def|1
|-unboost|p1a: Great Tusk|spd|1
|faint|p2a: an
|-end|p2a: an|fallen1|[silent]
|
|-heal|p1a: Great Tusk|32/100|[from] Grassy Terrain
|-heal|p1a: Great Tusk|38/100|[from] item: Leftovers
|upkeep
|inactive|thebugkid has 90 seconds left.
|
|t:|1769321394
|switch|p2a: ?|Great Tusk, shiny|100/100
|turn|22
|
|t:|1769321411
|move|p1a: Great Tusk|Headlong Rush|p2a: ?
|-damage|p2a: ?|56/100
|-unboost|p1a: Great Tusk|def|1
|-unboost|p1a: Great Tusk|spd|1
|move|p2a: ?|Headlong Rush|p1a: Great Tusk
|-damage|p1a: Great Tusk|0 fnt
|-unboost|p2a: ?|def|1
|-unboost|p2a: ?|spd|1
|faint|p1a: Great Tusk
|-end|p1a: Great Tusk|Protosynthesis|[silent]
|
|-heal|p2a: ?|63/100|[from] Grassy Terrain
|upkeep
|
|t:|1769321418
|switch|p1a: Iron Boulder|Iron Boulder|100/100
|turn|23
|
|t:|1769321422
|move|p1a: Iron Boulder|Close Combat|p2a: ?
|-damage|p2a: ?|23/100
|-unboost|p1a: Iron Boulder|def|1
|-unboost|p1a: Iron Boulder|spd|1
|move|p2a: ?|Headlong Rush|p1a: Iron Boulder
|-supereffective|p1a: Iron Boulder
|-damage|p1a: Iron Boulder|0 fnt
|-unboost|p2a: ?|def|1
|-unboost|p2a: ?|spd|1
|faint|p1a: Iron Boulder
|-end|p1a: Iron Boulder|Quark Drive|[silent]
|
|win|thebugkid
|raw|Garebare1213's rating: 1430 &rarr; <strong>1408</strong><br />(-22 for losing)
|raw|thebugkid's rating: 1398 &rarr; <strong>1420</strong><br />(+22 for winning)
|l|☆Garebare1213
|player|p1|
|l|☆thebugkid
|player|p2|
