|j|☆On the wave now
|j|☆Luisowbro
|t:|1769439023
|gametype|singles
|player|p1|On the wave now|depotagent|1562
|player|p2|Luisowbro|ingo|1578
|gen|9
|tier|[Gen 9] OU
|rated|
|rule|HP Percentage Mod: HP is shown in percentages
|rule|Endless Battle Clause: Forcing endless battles is banned
|rule|Species Clause: Limit one of each Pokémon
|rule|OHKO Clause: OHKO moves are banned
|rule|Evasion Items Clause: Evasion items are banned
|rule|Evasion Moves Clause: Evasion moves are banned
|rule|Evasion Abilities Clause: Evasion abilities are banned
|rule|Sleep Moves Clause: Sleep-inducing moves are banned
|clearpoke
|poke|p1|Regigigas|
|poke|p1|Ting-Lu|
|poke|p1|Great Tusk|
|poke|p1|Zamazenta-*|
|poke|p1|Pecharunt|
|poke|p1|Alomomola, M|
|poke|p2|Haxorus, M|
|poke|p2|Moltres-Galar|
|poke|p2|Mamoswine, M|
|poke|p2|Scizor, M|
|poke|p2|Volcanion|
|poke|p2|Ninetales-Alola, F|
|teampreview
|inactive|Battle timer is ON: inactive players will automatically lose when time's up. (requested by On the wave now)
|inactive|Luisowbro has 120 seconds left.
|
|t:|1769439069
|teamsize|p1|6
|teamsize|p2|6
|start
|switch|p1a: Regigigas|Regigigas|100/100
|switch|p2a: Scizor|Scizor, M|100/100
|-start|p1a: Regigigas|ability: Slow Start
|turn|1
|
|t:|1769439076
|move|p2a: Scizor|Close Combat|p1a: Regigigas
|-supereffective|p1a: Regigigas
|-damage|p1a: Regigigas|0 fnt
|-unboost|p2a: Scizor|def|1
|-unboost|p2a: Scizor|spd|1
|faint|p1a: Regigigas
|
|upkeep
|
|t:|1769439084
|switch|p1a: Great Tusk|Great Tusk|100/100
|turn|2
|
|t:|1769439103
|switch|p2a: Ninetales|Ninetales-Alola, F, shiny|100/100
|-weather|Snowscape|[from] ability: Snow Warning|[of] p2a: Ninetales
|move|p1a: Great Tusk|Stealth Rock|p2a: Ninetales
|-sidestart|p2: Luisowbro|move: Stealth Rock
|
|-weather|Snowscape|[upkeep]
|upkeep
|turn|3
|
|t:|1769439110
|-end|p1a: Great Tusk|Protosynthesis|[silent]
|switch|p1a: Pecharunt|Pecharunt|100/100
|move|p2a: Ninetales|Freeze-Dry|p1a: Pecharunt
|-damage|p1a: Pecharunt|81/100
|
|-weather|Snowscape|[upkeep]
|upkeep
|turn|4
|
|t:|1769439119
|switch|p2a: Scizor|Scizor, M|100/100
|-damage|p2a: Scizor|88/100|[from] Stealth Rock
|move|p1a: Pecharunt|Malignant Chain|p2a: Scizor
|-immune|p2a: Scizor
|
|-weather|Snowscape|[upkeep]
|upkeep
|turn|5
|inactive|On the wave now has 120 seconds left.
|
|t:|1769439174
|move|p1a: Pecharunt|Hex|p2a: Scizor
|-damage|p2a: Scizor|66/100
|move|p2a: Scizor|Defog|p1a: Pecharunt
|-unboost|p1a: Pecharunt|evasion|1
|-sideend|p2: Luisowbro|Stealth Rock|[from] move: Defog|[of] p2a: Scizor
|
|-weather|Snowscape|[upkeep]
|upkeep
|turn|6
|
|t:|1769439187
|switch|p2a: Volcanion|Volcanion|100/100
|move|p1a: Pecharunt|Parting Shot|p2a: Volcanion
|-unboost|p2a: Volcanion|atk|1
|-unboost|p2a: Volcanion|spa|1
|
|t:|1769439207
|switch|p1a: Great Tusk|Great Tusk|100/100|[from] Parting Shot
|
|-weather|none
|upkeep
|turn|7
|
|t:|1769439215
|move|p1a: Great Tusk|Headlong Rush|p2a: Volcanion
|-supereffective|p2a: Volcanion
|-damage|p2a: Volcanion|0 fnt
|-unboost|p1a: Great Tusk|def|1
|-unboost|p1a: Great Tusk|spd|1
|faint|p2a: Volcanion
|
|upkeep
|
|t:|1769439222
|switch|p2a: Ninetales|Ninetales-Alola, F, shiny|100/100
|-weather|Snowscape|[from] ability: Snow Warning|[of] p2a: Ninetales
|turn|8
|
|t:|1769439231
|-end|p1a: Great Tusk|Protosynthesis|[silent]
|switch|p1a: Pecharunt|Pecharunt|81/100
|move|p2a: Ninetales|Aurora Veil|p2a: Ninetales
|-sidestart|p2: Luisowbro|move: Aurora Veil
|
|-weather|Snowscape|[upkeep]
|upkeep
|turn|9
|inactive|On the wave now has 120 seconds left.
|
|t:|1769439243
|switch|p2a: Scizor|Scizor, M|66/100
|move|p1a: Pecharunt|Parting Shot|p2a: Scizor
|-unboost|p2a: Scizor|atk|1
|-unboost|p2a: Scizor|spa|1
|inactive|On the wave now has 120 seconds left.
|
|t:|1769439255
|switch|p1a: Great Tusk|Great Tusk|100/100|[from] Parting Shot
|
|-weather|Snowscape|[upkeep]
|upkeep
|turn|10
|
|t:|1769439264
|move|p1a: Great Tusk|Stealth Rock|p2a: Scizor
|-sidestart|p2: Luisowbro|move: Stealth Rock
|move|p2a: Scizor|U-turn|p1a: Great Tusk
|-resisted|p1a: Great Tusk
|-damage|p1a: Great Tusk|86/100
|
|t:|1769439292
|switch|p2a: Mamoswine|Mamoswine, M|100/100|[from] U-turn
|-damage|p2a: Mamoswine|88/100|[from] Stealth Rock
|
|-weather|Snowscape|[upkeep]
|upkeep
|turn|11
|inactive|Luisowbro has 120 seconds left.
|inactive|On the wave now has 120 seconds left.
|
|t:|1769439322
|-end|p1a: Great Tusk|Protosynthesis|[silent]
|switch|p1a: Alomomola|Alomomola, M|100/100
|move|p2a: Mamoswine|Knock Off|p1a: Alomomola
|-damage|p1a: Alomomola|77/100
|-enditem|p1a: Alomomola|Heavy-Duty Boots|[from] move: Knock Off|[of] p2a: Mamoswine
|
|-weather|Snowscape|[upkeep]
|upkeep
|turn|12
|inactive|Luisowbro has 120 seconds left.
|
|t:|1769439349
|switch|p2a: Haxorus|Haxorus, M, shiny|100/100
|-damage|p2a: Haxorus|88/100|[from] Stealth Rock
|-ability|p2a: Haxorus|Mold Breaker
|move|p1a: Alomomola|Flip Turn|p2a: Haxorus
|-resisted|p2a: Haxorus
|-damage|p2a: Haxorus|83/100
|inactive|On the wave now has 120 seconds left.
|
|t:|1769439376
|switch|p1a: Pecharunt|Pecharunt|81/100|[from] Flip Turn
|
|-weather|none
|upkeep
|turn|13
|
|t:|1769439402
|move|p2a: Haxorus|Scale Shot|p1a: Pecharunt
|-damage|p1a: Pecharunt|74/100
|-crit|p1a: Pecharunt
|-damage|p1a: Pecharunt|62/100
|-damage|p1a: Pecharunt|54/100
|-damage|p1a: Pecharunt|46/100
|-hitcount|p1a: Pecharunt|4
|-unboost|p2a: Haxorus|def|1
|-boost|p2a: Haxorus|spe|1
|move|p1a: Pecharunt|Parting Shot|p2a: Haxorus
|-unboost|p2a: Haxorus|atk|1
|-unboost|p2a: Haxorus|spa|1
|
|t:|1769439407
|switch|p1a: Alomomola|Alomomola, M|100/100|[from] Parting Shot
|
|upkeep
|turn|14
|
|t:|1769439417
|move|p2a: Haxorus|Swords Dance|p2a: Haxorus
|-boost|p2a: Haxorus|atk|2
|move|p1a: Alomomola|Flip Turn|p2a: Haxorus
|-resisted|p2a: Haxorus
|-damage|p2a: Haxorus|76/100
|
|t:|1769439424
|switch|p1a: Zamazenta|Zamazenta|100/100|[from] Flip Turn
|-ability|p1a: Zamazenta|Dauntless Shield|boost
|-boost|p1a: Zamazenta|def|1
|
|upkeep
|turn|15
|
|t:|1769439432
|switch|p2a: Moltres|Moltres-Galar, shiny|100/100
|-damage|p2a: Moltres|75/100|[from] Stealth Rock
|move|p1a: Zamazenta|Close Combat|p2a: Moltres
|-damage|p2a: Moltres|34/100
|-unboost|p1a: Zamazenta|def|1
|-unboost|p1a: Zamazenta|spd|1
|-ability|p2a: Moltres|Berserk|boost
|-boost|p2a: Moltres|spa|1
|-enditem|p2a: Moltres|Sitrus Berry|[eat]
|-heal|p2a: Moltres|59/100|[from] item: Sitrus Berry
|
|-sideend|p2: Luisowbro|move: Aurora Veil
|upkeep
|turn|16
|inactive|Luisowbro has 120 seconds left.
|inactive|On the wave now has 120 seconds left.
|
|t:|1769439447
|move|p1a: Zamazenta|Close Combat|p2a: Moltres
|-damage|p2a: Moltres|0 fnt
|-unboost|p1a: Zamazenta|def|1
|-unboost|p1a: Zamazenta|spd|1
|faint|p2a: Moltres
|
|upkeep
|
|t:|1769439468
|switch|p2a: Scizor|Scizor, M|66/100
|-damage|p2a: Scizor|53/100|[from] Stealth Rock
|turn|17
|inactive|On the wave now has 120 seconds left.
|inactive|Luisowbro has 90 seconds left.
|
|t:|1769439504
|-terastallize|p1a: Zamazenta|Fighting
|move|p2a: Scizor|Bullet Punch|p1a: Zamazenta
|-damage|p1a: Zamazenta|28/100
|move|p1a: Zamazenta|Close Combat|p2a: Scizor
|-crit|p2a: Scizor
|-damage|p2a: Scizor|0 fnt
|-unboost|p1a: Zamazenta|def|1
|-unboost|p1a: Zamazenta|spd|1
|faint|p2a: Scizor
|
|upkeep
|inactive|Luisowbro has 60 seconds left.
|
|t:|1769439526
|switch|p2a: Mamoswine|Mamoswine, M|88/100
|-damage|p2a: Mamoswine|76/100|[from] Stealth Rock
|turn|18
|inactive|On the wave now has 120 seconds left.
|
|t:|1769439540
|switch|p1a: Alomomola|Alomomola, M|100/100
|move|p2a: Mamoswine|Earthquake|p1a: Alomomola
|-damage|p1a: Alomomola|64/100
|
|upkeep
|turn|19
|
|t:|1769439549
|switch|p2a: Ninetales|Ninetales-Alola, F, shiny|100/100
|-damage|p2a: Ninetales|76/100|[from] Stealth Rock
|-weather|Snowscape|[from] ability: Snow Warning|[of] p2a: Ninetales
|move|p1a: Alomomola|Flip Turn|p2a: Ninetales
|-damage|p2a: Ninetales|63/100
|
|t:|1769439551
|switch|p1a: Zamazenta|Zamazenta, tera:Fighting|28/100|[from] Flip Turn
|
|-weather|Snowscape|[upkeep]
|upkeep
|turn|20
|
|t:|1769439560
|-terastallize|p2a: Ninetales|Ghost
|move|p1a: Zamazenta|Close Combat|p2a: Ninetales
|-immune|p2a: Ninetales
|move|p2a: Ninetales|Aurora Veil|p2a: Ninetales
|-sidestart|p2: Luisowbro|move: Aurora Veil
|
|-weather|Snowscape|[upkeep]
|upkeep
|turn|21
|inactive|On the wave now has 120 seconds left.
|
|t:|1769439597
|switch|p1a: Ting-Lu|Ting-Lu|100/100
|-ability|p1a: Ting-Lu|Vessel of Ruin
|move|p2a: Ninetales|Freeze-Dry|p1a: Ting-Lu
|-supereffective|p1a: Ting-Lu
|-damage|p1a: Ting-Lu|82/100
|
|-weather|Snowscape|[upkeep]
|-heal|p1a: Ting-Lu|88/100|[from] item: Leftovers
|upkeep
|turn|22
|inactive|Luisowbro has 90 seconds left.
|
|t:|1769439606
|move|p2a: Ninetales|Freeze-Dry|p1a: Ting-Lu
|-supereffective|p1a: Ting-Lu
|-damage|p1a: Ting-Lu|69/100
|move|p1a: Ting-Lu|Spikes|p2a: Ninetales
|-sidestart|p2: Luisowbro|Spikes
|
|-weather|Snowscape|[upkeep]
|-heal|p1a: Ting-Lu|76/100|[from] item: Leftovers
|upkeep
|turn|23
|
|t:|1769439613
|switch|p1a: Pecharunt|Pecharunt|46/100
|move|p2a: Ninetales|Freeze-Dry|p1a: Pecharunt
|-damage|p1a: Pecharunt|24/100
|
|-weather|none
|upkeep
|turn|24
|
|t:|1769439619
|move|p2a: Ninetales|Freeze-Dry|p1a: Pecharunt
|-damage|p1a: Pecharunt|2/100
|move|p1a: Pecharunt|Recover|p1a: Pecharunt
|-heal|p1a: Pecharunt|52/100
|
|upkeep
|turn|25
|
|t:|1769439625
|move|p2a: Ninetales|Freeze-Dry|p1a: Pecharunt
|-damage|p1a: Pecharunt|31/100
|move|p1a: Pecharunt|Recover|p1a: Pecharunt
|-heal|p1a: Pecharunt|81/100
|
|upkeep
|turn|26
|
|t:|1769439644
|switch|p2a: Mamoswine|Mamoswine, M|76/100
|-damage|p2a: Mamoswine|63/100|[from] Stealth Rock
|-damage|p2a: Mamoswine|51/100|[from] Spikes
|move|p1a: Pecharunt|Malignant Chain|p2a: Mamoswine
|-resisted|p2a: Mamoswine
|-damage|p2a: Mamoswine|40/100
|
|upkeep
|turn|27
|
|t:|1769439654
|switch|p1a: Alomomola|Alomomola, M|97/100
|move|p2a: Mamoswine|Earthquake|p1a: Alomomola
|-damage|p1a: Alomomola|61/100
|
|-sideend|p2: Luisowbro|move: Aurora Veil
|upkeep
|turn|28
|
|t:|1769439673
|switch|p2a: Ninetales|Ninetales-Alola, F, shiny, tera:Ghost|63/100
|-damage|p2a: Ninetales|50/100|[from] Stealth Rock
|-damage|p2a: Ninetales|38/100|[from] Spikes
|-weather|Snowscape|[from] ability: Snow Warning|[of] p2a: Ninetales
|move|p1a: Alomomola|Flip Turn|p2a: Ninetales
|-damage|p2a: Ninetales|19/100
|
|t:|1769439678
|switch|p1a: Zamazenta|Zamazenta, tera:Fighting|28/100|[from] Flip Turn
|
|-weather|Snowscape|[upkeep]
|upkeep
|turn|29
|
|t:|1769439685
|move|p1a: Zamazenta|Crunch|p2a: Ninetales
|-supereffective|p2a: Ninetales
|-damage|p2a: Ninetales|0 fnt
|faint|p2a: Ninetales
|
|-weather|Snowscape|[upkeep]
|upkeep
|
|t:|1769439690
|switch|p2a: Haxorus|Haxorus, M, shiny|76/100
|-damage|p2a: Haxorus|64/100|[from] Stealth Rock
|-damage|p2a: Haxorus|51/100|[from] Spikes
|-ability|p2a: Haxorus|Mold Breaker
|turn|30
|
|t:|1769439714
|move|p1a: Zamazenta|Crunch|p2a: Haxorus
|-damage|p2a: Haxorus|5/100
|move|p2a: Haxorus|Scale Shot|p1a: Zamazenta
|-damage|p1a: Zamazenta|15/100
|-damage|p1a: Zamazenta|2/100
|-damage|p1a: Zamazenta|0 fnt
|faint|p1a: Zamazenta
|-hitcount|p1: Zamazenta|3
|-unboost|p2a: Haxorus|def|1
|-boost|p2a: Haxorus|spe|1
|
|-weather|Snowscape|[upkeep]
|upkeep
|
|t:|1769439718
|switch|p1a: Great Tusk|Great Tusk|86/100
|turn|31
|
|t:|1769439731
|move|p2a: Haxorus|Iron Head|p1a: Great Tusk
|-damage|p1a: Great Tusk|64/100
|cant|p1a: Great Tusk|flinch
|
|-weather|Snowscape|[upkeep]
|upkeep
|turn|32
|inactive|On the wave now has 120 seconds left.
|
|t:|1769439764
|move|p2a: Haxorus|Iron Head|p1a: Great Tusk
|-damage|p1a: Great Tusk|41/100
|move|p1a: Great Tusk|Rapid Spin|p2a: Haxorus
|-damage|p2a: Haxorus|0 fnt
|-boost|p1a: Great Tusk|spe|1
|faint|p2a: Haxorus
|
|-weather|none
|upkeep
|
|t:|1769439771
|switch|p2a: Mamoswine|Mamoswine, M|40/100
|-damage|p2a: Mamoswine|28/100|[from] Stealth Rock
|-damage|p2a: Mamoswine|15/100|[from] Spikes
|turn|33
|
|t:|1769439778
|move|p1a: Great Tusk|Rapid Spin|p2a: Mamoswine
|-damage|p2a: Mamoswine|0 fnt
|-boost|p1a: Great Tusk|spe|1
|faint|p2a: Mamoswine
|
|win|On the wave now
|raw|On the wave now's rating: 1530 &rarr; <strong>1553</strong><br />(+23 for winning)
|raw|Luisowbro's rating: 1578 &rarr; <strong>1555</strong><br />(-23 for losing)
|l|☆On the wave now
|player|p1|
|l|☆Luisowbro
|player|p2|
