|j|☆VaporeonUser
|j|☆DigitalSalt
|t:|1769444888
|gametype|singles
|player|p1|VaporeonUser|volkner|1615
|player|p2|DigitalSalt|will-gen2|1583
|gen|9
|tier|[Gen 9] OU
|rated|
|rule|HP Percentage Mod: HP is shown in percentages
|rule|Endless Battle Clause: Forcing endless battles is banned
|rule|Species Clause: Limit one of each Pokémon
|rule|OHKO Clause: OHKO moves are banned
|rule|Evasion Items Clause: Evasion items are banned
|rule|Evasion Moves Clause: Evasion moves are banned
|rule|Evasion Abilities Clause: Evasion abilities are banned
|rule|Sleep Moves Clause: Sleep-inducing moves are banned
|clearpoke
|poke|p1|Gholdengo|
|poke|p1|Dragonite, F|
|poke|p1|Raging Bolt|
|poke|p1|Great Tusk|
|poke|p1|Iron Valiant|
|poke|p1|Ting-Lu|
|poke|p2|Moltres-Galar|
|poke|p2|Ninetales-Alola, F|
|poke|p2|Great Tusk|
|poke|p2|Gholdengo|
|poke|p2|Glimmora, F|
|poke|p2|Ceruledge, M|
|teampreview
|
|t:|1769444903
|teamsize|p1|6
|teamsize|p2|6
|start
|switch|p1a: Gholdengo|Gholdengo|100/100
|switch|p2a: Glimmora|Glimmora, F|100/100
|turn|1
|
|t:|1769444909
|move|p2a: Glimmora|Earth Power|p1a: Gholdengo
|-supereffective|p1a: Gholdengo
|-damage|p1a: Gholdengo|29/100
|move|p1a: Gholdengo|Make It Rain|p2a: Glimmora
|-supereffective|p2a: Glimmora
|-enditem|p2a: Glimmora|Focus Sash
|-damage|p2a: Glimmora|1/100
|-unboost|p1a: Gholdengo|spa|1
|
|upkeep
|turn|2
|
|t:|1769444918
|switch|p1a: Great Tusk|Great Tusk|100/100
|move|p2a: Glimmora|Earth Power|p1a: Great Tusk
|-damage|p1a: Great Tusk|75/100
|
|upkeep
|turn|3
|
|t:|1769444927
|move|p2a: Glimmora|Stealth Rock|p1a: Great Tusk
|-sidestart|p1: VaporeonUser|move: Stealth Rock
|move|p1a: Great Tusk|Ice Spinner|p2a: Glimmora
|-damage|p2a: Glimmora|0 fnt
|-activate|p2a: Glimmora|ability: Toxic Debris
|-sidestart|p1: VaporeonUser|move: Toxic Spikes
|faint|p2a: Glimmora
|
|upkeep
|
|t:|1769444932
|switch|p2a: Gholdengo|Gholdengo|100/100
|-item|p2a: Gholdengo|Air Balloon
|turn|4
|
|t:|1769444938
|move|p2a: Gholdengo|Make It Rain|p1a: Great Tusk
|-damage|p1a: Great Tusk|29/100
|-unboost|p2a: Gholdengo|spa|1
|move|p1a: Great Tusk|Ice Spinner|p2a: Gholdengo
|-resisted|p2a: Gholdengo
|-damage|p2a: Gholdengo|90/100
|-enditem|p2a: Gholdengo|Air Balloon
|
|upkeep
|turn|5
|
|t:|1769444944
|-end|p1a: Great Tusk|Protosynthesis|[silent]
|switch|p1a: Ting-Lu|Ting-Lu|100/100
|-damage|p1a: Ting-Lu|94/100|[from] Stealth Rock
|-status|p1a: Ting-Lu|psn
|-ability|p1a: Ting-Lu|Vessel of Ruin
|move|p2a: Gholdengo|Make It Rain|p1a: Ting-Lu
|-damage|p1a: Ting-Lu|79/100 psn
|-unboost|p2a: Gholdengo|spa|1
|
|-heal|p1a: Ting-Lu|85/100 psn|[from] item: Leftovers
|-damage|p1a: Ting-Lu|72/100 psn|[from] psn
|upkeep
|turn|6
|
|t:|1769444950
|switch|p2a: Ninetales|Ninetales-Alola, F|100/100
|-weather|Snowscape|[from] ability: Snow Warning|[of] p2a: Ninetales
|move|p1a: Ting-Lu|Stealth Rock|p2a: Ninetales
|-sidestart|p2: DigitalSalt|move: Stealth Rock
|
|-weather|Snowscape|[upkeep]
|-heal|p1a: Ting-Lu|79/100 psn|[from] item: Leftovers
|-damage|p1a: Ting-Lu|66/100 psn|[from] psn
|upkeep
|turn|7
|
|t:|1769444954
|move|p2a: Ninetales|Encore|p1a: Ting-Lu
|-start|p1a: Ting-Lu|Encore
|move|p1a: Ting-Lu|Stealth Rock||[still]
|-fail|p1a: Ting-Lu
|
|-weather|Snowscape|[upkeep]
|-heal|p1a: Ting-Lu|72/100 psn|[from] item: Leftovers
|-damage|p1a: Ting-Lu|60/100 psn|[from] psn
|upkeep
|turn|8
|
|t:|1769444956
|switch|p1a: Gholdengo|Gholdengo|29/100
|-damage|p1a: Gholdengo|23/100|[from] Stealth Rock
|move|p2a: Ninetales|Aurora Veil|p2a: Ninetales
|-sidestart|p2: DigitalSalt|move: Aurora Veil
|
|-weather|Snowscape|[upkeep]
|upkeep
|turn|9
|
|t:|1769444962
|switch|p2a: Moltres|Moltres-Galar|100/100
|-damage|p2a: Moltres|75/100|[from] Stealth Rock
|move|p1a: Gholdengo|Shadow Ball|p2a: Moltres
|-resisted|p2a: Moltres
|-damage|p2a: Moltres|64/100
|
|-weather|Snowscape|[upkeep]
|upkeep
|turn|10
|
|t:|1769444970
|switch|p1a: Iron Valiant|Iron Valiant|100/100
|-damage|p1a: Iron Valiant|94/100|[from] Stealth Rock
|-status|p1a: Iron Valiant|psn
|-enditem|p1a: Iron Valiant|Booster Energy
|-activate|p1a: Iron Valiant|ability: Quark Drive|[fromitem]
|-start|p1a: Iron Valiant|quarkdrivespe
|move|p2a: Moltres|Nasty Plot|p2a: Moltres
|-boost|p2a: Moltres|spa|2
|
|-weather|none
|-damage|p1a: Iron Valiant|82/100 psn|[from] psn
|upkeep
|turn|11
|
|t:|1769444979
|-terastallize|p2a: Moltres|Fairy
|move|p1a: Iron Valiant|Encore|p2a: Moltres
|-start|p2a: Moltres|Encore
|move|p2a: Moltres|Nasty Plot|p2a: Moltres
|-boost|p2a: Moltres|spa|2
|
|-damage|p1a: Iron Valiant|69/100 psn|[from] psn
|upkeep
|turn|12
|
|t:|1769444990
|switch|p2a: Gholdengo|Gholdengo|90/100
|-damage|p2a: Gholdengo|84/100|[from] Stealth Rock
|move|p1a: Iron Valiant|Shadow Ball|p2a: Gholdengo
|-supereffective|p2a: Gholdengo
|-damage|p2a: Gholdengo|59/100
|
|-damage|p1a: Iron Valiant|57/100 psn|[from] psn
|upkeep
|turn|13
|
|t:|1769445000
|-end|p1a: Iron Valiant|Quark Drive|[silent]
|switch|p1a: Ting-Lu|Ting-Lu|60/100 psn
|-damage|p1a: Ting-Lu|54/100 psn|[from] Stealth Rock
|-ability|p1a: Ting-Lu|Vessel of Ruin
|move|p2a: Gholdengo|Recover|p2a: Gholdengo
|-heal|p2a: Gholdengo|100/100
|
|-heal|p1a: Ting-Lu|60/100 psn|[from] item: Leftovers
|-damage|p1a: Ting-Lu|47/100 psn|[from] psn
|upkeep
|turn|14
|
|t:|1769445014
|move|p2a: Gholdengo|Nasty Plot|p2a: Gholdengo
|-boost|p2a: Gholdengo|spa|2
|move|p1a: Ting-Lu|Earthquake|p2a: Gholdengo
|-supereffective|p2a: Gholdengo
|-damage|p2a: Gholdengo|74/100
|
|-heal|p1a: Ting-Lu|54/100 psn|[from] item: Leftovers
|-damage|p1a: Ting-Lu|41/100 psn|[from] psn
|upkeep
|turn|15
|
|t:|1769445021
|move|p2a: Gholdengo|Make It Rain|p1a: Ting-Lu
|-damage|p1a: Ting-Lu|0 fnt
|-unboost|p2a: Gholdengo|spa|1
|faint|p1a: Ting-Lu
|
|-sideend|p2: DigitalSalt|move: Aurora Veil
|upkeep
|
|t:|1769445024
|switch|p1a: Great Neck|Raging Bolt|100/100
|-damage|p1a: Great Neck|88/100|[from] Stealth Rock
|-status|p1a: Great Neck|psn
|turn|16
|
|t:|1769445030
|move|p2a: Gholdengo|Shadow Ball|p1a: Great Neck
|-damage|p1a: Great Neck|44/100 psn
|move|p1a: Great Neck|Thunderbolt|p2a: Gholdengo
|-damage|p2a: Gholdengo|0 fnt
|faint|p2a: Gholdengo
|
|-damage|p1a: Great Neck|32/100 psn|[from] psn
|upkeep
|
|t:|1769445039
|switch|p2a: Ninetales|Ninetales-Alola, F|100/100
|-damage|p2a: Ninetales|76/100|[from] Stealth Rock
|-weather|Snowscape|[from] ability: Snow Warning|[of] p2a: Ninetales
|turn|17
|
|t:|1769445044
|move|p2a: Ninetales|Aurora Veil|p2a: Ninetales
|-sidestart|p2: DigitalSalt|move: Aurora Veil
|move|p1a: Great Neck|Thunderbolt|p2a: Ninetales
|-crit|p2a: Ninetales
|-damage|p2a: Ninetales|0 fnt
|faint|p2a: Ninetales
|
|-weather|Snowscape|[upkeep]
|-damage|p1a: Great Neck|20/100 psn|[from] psn
|upkeep
|
|t:|1769445048
|switch|p2a: Moltres|Moltres-Galar, tera:Fairy|64/100
|-damage|p2a: Moltres|51/100|[from] Stealth Rock
|turn|18
|
|t:|1769445053
|move|p2a: Moltres|Agility|p2a: Moltres
|-boost|p2a: Moltres|spe|2
|move|p1a: Great Neck|Thunderbolt|p2a: Moltres
|-damage|p2a: Moltres|23/100
|-ability|p2a: Moltres|Berserk|boost
|-boost|p2a: Moltres|spa|1
|-enditem|p2a: Moltres|Sitrus Berry|[eat]
|-heal|p2a: Moltres|48/100|[from] item: Sitrus Berry
|
|-weather|Snowscape|[upkeep]
|-damage|p1a: Great Neck|7/100 psn|[from] psn
|upkeep
|turn|19
|
|t:|1769445059
|move|p2a: Moltres|Fiery Wrath|p1a: Great Neck
|-damage|p1a: Great Neck|0 fnt
|faint|p1a: Great Neck
|-end|p1a: Great Neck|Protosynthesis|[silent]
|
|-weather|Snowscape|[upkeep]
|upkeep
|
|t:|1769445064
|switch|p1a: Dragonite|Dragonite, F|100/100
|turn|20
|
|t:|1769445066
|-terastallize|p1a: Dragonite|Normal
|move|p1a: Dragonite|Extreme Speed|p2a: Moltres
|-damage|p2a: Moltres|27/100
|move|p2a: Moltres|Fiery Wrath|p1a: Dragonite
|-damage|p1a: Dragonite|73/100
|
|-weather|Snowscape|[upkeep]
|upkeep
|turn|21
|
|t:|1769445075
|move|p1a: Dragonite|Extreme Speed|p2a: Moltres
|-crit|p2a: Moltres
|-damage|p2a: Moltres|0 fnt
|faint|p2a: Moltres
|
|-weather|none
|upkeep
|
|t:|1769445084
|switch|p2a: Great Tusk|Great Tusk|100/100
|-damage|p2a: Great Tusk|98/100|[from] Stealth Rock
|-enditem|p2a: Great Tusk|Booster Energy
|-activate|p2a: Great Tusk|ability: Protosynthesis|[fromitem]
|-start|p2a: Great Tusk|protosynthesisspe
|turn|22
|
|t:|1769445090
|switch|p1a: Gholdengo|Gholdengo|23/100
|-damage|p1a: Gholdengo|17/100|[from] Stealth Rock
|move|p2a: Great Tusk|Bulk Up|p2a: Great Tusk
|-boost|p2a: Great Tusk|atk|1
|-boost|p2a: Great Tusk|def|1
|
|upkeep
|turn|23
|
|t:|1769445097
|move|p2a: Great Tusk|Ice Spinner|p1a: Gholdengo
|-resisted|p1a: Gholdengo
|-damage|p1a: Gholdengo|0 fnt
|faint|p1a: Gholdengo
|
|upkeep
|
|t:|1769445101
|switch|p1a: Great Tusk|Great Tusk|29/100
|-damage|p1a: Great Tusk|26/100|[from] Stealth Rock
|-status|p1a: Great Tusk|psn
|turn|24
|-message|VaporeonUser forfeited.
|
|win|DigitalSalt
|raw|VaporeonUser's rating: 1615 &rarr; <strong>1593</strong><br />(-22 for losing)
|raw|DigitalSalt's rating: 1583 &rarr; <strong>1605</strong><br />(+22 for winning)
|l|☆VaporeonUser
|player|p1|
|l|☆DigitalSalt
|player|p2|
