|j|☆darkpiss28
|j|☆brohemethchess
|t:|1769322255
|gametype|singles
|player|p1|darkpiss28|waiter|1256
|player|p2|brohemethchess|266|1195
|gen|9
|tier|[Gen 9] OU
|rated|
|rule|HP Percentage Mod: HP is shown in percentages
|rule|Endless Battle Clause: Forcing endless battles is banned
|rule|Species Clause: Limit one of each Pokémon
|rule|OHKO Clause: OHKO moves are banned
|rule|Evasion Items Clause: Evasion items are banned
|rule|Evasion Moves Clause: Evasion moves are banned
|rule|Evasion Abilities Clause: Evasion abilities are banned
|rule|Sleep Moves Clause: Sleep-inducing moves are banned
|clearpoke
|poke|p1|Regigigas|
|poke|p1|Alomomola, F|
|poke|p1|Garganacl, F|
|poke|p1|Great Tusk|
|poke|p1|Deoxys-Speed|
|poke|p1|Corviknight, F|
|poke|p2|Dragonite, M|
|poke|p2|Samurott-Hisui, F|
|poke|p2|Clefable, F|
|poke|p2|Gliscor, M|
|poke|p2|Gholdengo|
|poke|p2|Zamazenta-*|
|teampreview
|inactive|Battle timer is ON: inactive players will automatically lose when time's up. (requested by darkpiss28)
|inactive|darkpiss28 has 120 seconds left.
|inactive|brohemethchess has 120 seconds left.
|
|t:|1769322303
|teamsize|p1|6
|teamsize|p2|6
|start
|switch|p1a: Wuld-Nah-Kest|Deoxys-Speed|100/100
|switch|p2a: Samurott|Samurott-Hisui, F|100/100
|-ability|p1a: Wuld-Nah-Kest|Pressure
|turn|1
|
|t:|1769322310
|move|p1a: Wuld-Nah-Kest|Focus Blast|p2a: Samurott
|-supereffective|p2a: Samurott
|-damage|p2a: Samurott|20/100
|move|p2a: Samurott|Ceaseless Edge|p1a: Wuld-Nah-Kest
|-supereffective|p1a: Wuld-Nah-Kest
|-damage|p1a: Wuld-Nah-Kest|0 fnt
|-sidestart|p1: darkpiss28|Spikes
|faint|p1a: Wuld-Nah-Kest
|
|upkeep
|
|t:|1769322326
|switch|p1a: Molag Baals|Regigigas, shiny|100/100
|-damage|p1a: Molag Baals|88/100|[from] Spikes
|-start|p1a: Molag Baals|ability: Slow Start
|turn|2
|inactive|brohemethchess has 120 seconds left.
|
|t:|1769322378
|move|p2a: Samurott|Ceaseless Edge|p1a: Molag Baals
|-damage|p1a: Molag Baals|57/100
|-sidestart|p1: darkpiss28|Spikes
|move|p1a: Molag Baals|Substitute|p1a: Molag Baals
|-start|p1a: Molag Baals|Substitute
|-damage|p1a: Molag Baals|32/100
|
|-heal|p1a: Molag Baals|38/100|[from] item: Leftovers
|upkeep
|turn|3
|
|t:|1769322405
|move|p1a: Molag Baals|Protect|p1a: Molag Baals
|-singleturn|p1a: Molag Baals|Protect
|move|p2a: Samurott|Ceaseless Edge|p1a: Molag Baals
|-activate|p1a: Molag Baals|move: Protect
|
|-heal|p1a: Molag Baals|44/100|[from] item: Leftovers
|upkeep
|turn|4
|inactive|brohemethchess has 90 seconds left.
|inactive|brohemethchess has 60 seconds left.
|
|t:|1769322467
|move|p2a: Samurott|Ceaseless Edge|p1a: Molag Baals
|-end|p1a: Molag Baals|Substitute
|-sidestart|p1: darkpiss28|Spikes
|move|p1a: Molag Baals|Drain Punch|p2a: Samurott
|-supereffective|p2a: Samurott
|-damage|p2a: Samurott|0 fnt
|-heal|p1a: Molag Baals|53/100|[from] drain|[of] p2a: Samurott
|faint|p2a: Samurott
|
|-heal|p1a: Molag Baals|59/100|[from] item: Leftovers
|upkeep
|inactive|brohemethchess has 60 seconds left.
|
|t:|1769322475
|switch|p2a: Zamazenta|Zamazenta|100/100
|-ability|p2a: Zamazenta|Dauntless Shield|boost
|-boost|p2a: Zamazenta|def|1
|turn|5
|
|t:|1769322489
|move|p1a: Molag Baals|Protect|p1a: Molag Baals
|-singleturn|p1a: Molag Baals|Protect
|move|p2a: Zamazenta|Iron Defense|p2a: Zamazenta
|-boost|p2a: Zamazenta|def|2
|
|-heal|p1a: Molag Baals|65/100|[from] item: Leftovers
|upkeep
|turn|6
|
|t:|1769322498
|move|p2a: Zamazenta|Body Press|p1a: Molag Baals
|-supereffective|p1a: Molag Baals
|-damage|p1a: Molag Baals|0 fnt
|faint|p1a: Molag Baals
|
|upkeep
|
|t:|1769322502
|switch|p1a: Paarthurnax|Corviknight, F, shiny|100/100
|turn|7
|
|t:|1769322507
|move|p2a: Zamazenta|Iron Defense|p2a: Zamazenta
|-boost|p2a: Zamazenta|def|2
|move|p1a: Paarthurnax|Nasty Plot|p1a: Paarthurnax
|-boost|p1a: Paarthurnax|spa|2
|
|upkeep
|turn|8
|
|t:|1769322511
|move|p2a: Zamazenta|Body Press|p1a: Paarthurnax
|-damage|p1a: Paarthurnax|0 fnt
|faint|p1a: Paarthurnax
|
|upkeep
|-message|darkpiss28 forfeited.
|
|win|brohemethchess
|raw|darkpiss28's rating: 1256 &rarr; <strong>1227</strong><br />(-29 for losing)
|raw|brohemethchess's rating: 1195 &rarr; <strong>1224</strong><br />(+29 for winning)
|l|☆darkpiss28
|player|p1|
|l|☆brohemethchess
|player|p2|
