|j|☆I still miss her
|j|‽psych210
|t:|1769322918
|gametype|singles
|player|p1|I still miss her|n|1383
|player|p2|psych210|elesa|1373
|gen|9
|tier|[Gen 9] OU
|rated|
|rule|HP Percentage Mod: HP is shown in percentages
|rule|Endless Battle Clause: Forcing endless battles is banned
|rule|Species Clause: Limit one of each Pokémon
|rule|OHKO Clause: OHKO moves are banned
|rule|Evasion Items Clause: Evasion items are banned
|rule|Evasion Moves Clause: Evasion moves are banned
|rule|Evasion Abilities Clause: Evasion abilities are banned
|rule|Sleep Moves Clause: Sleep-inducing moves are banned
|clearpoke
|poke|p1|Toucannon, F|
|poke|p1|Dragonite, F|
|poke|p1|Zamazenta-*|
|poke|p1|Iron Treads|
|poke|p1|Zapdos|
|poke|p1|Primarina, F|
|poke|p2|Greninja-*, M|
|poke|p2|Dragonite, M|
|poke|p2|Gholdengo|
|poke|p2|Iron Moth|
|poke|p2|Glimmora, M|
|poke|p2|Iron Valiant|
|teampreview
|
|t:|1769322930
|teamsize|p1|6
|teamsize|p2|6
|start
|switch|p1a: Toucannon|Toucannon, F|100/100
|switch|p2a: Iron Moth|Iron Moth|100/100
|-enditem|p2a: Iron Moth|Booster Energy
|-activate|p2a: Iron Moth|ability: Quark Drive|[fromitem]
|-start|p2a: Iron Moth|quarkdrivespe
|turn|1
|
|t:|1769322934
|move|p2a: Iron Moth|Substitute|p2a: Iron Moth
|-start|p2a: Iron Moth|Substitute
|-damage|p2a: Iron Moth|76/100
|move|p1a: Toucannon|Rock Blast|p2a: Iron Moth
|-supereffective|p2a: Iron Moth
|-end|p2a: Iron Moth|Substitute
|-supereffective|p2a: Iron Moth
|-damage|p2a: Iron Moth|46/100
|-supereffective|p2a: Iron Moth
|-damage|p2a: Iron Moth|15/100
|-supereffective|p2a: Iron Moth
|-damage|p2a: Iron Moth|0 fnt
|faint|p2a: Iron Moth
|-end|p2a: Iron Moth|Quark Drive|[silent]
|-hitcount|p2: Iron Moth|4
|
|upkeep
|
|t:|1769322940
|switch|p2a: Glimmora|Glimmora, M|100/100
|turn|2
|
|t:|1769322958
|switch|p1a: Iron Treads|Iron Treads|100/100
|-item|p1a: Iron Treads|Air Balloon
|move|p2a: Glimmora|Power Gem|p1a: Iron Treads
|-resisted|p1a: Iron Treads
|-damage|p1a: Iron Treads|87/100
|-enditem|p1a: Iron Treads|Air Balloon
|
|upkeep
|turn|3
|
|t:|1769322967
|move|p1a: Iron Treads|Earthquake|p2a: Glimmora
|-supereffective|p2a: Glimmora
|-enditem|p2a: Glimmora|Focus Sash
|-damage|p2a: Glimmora|1/100
|-activate|p2a: Glimmora|ability: Toxic Debris
|-sidestart|p1: I still miss her|move: Toxic Spikes
|move|p2a: Glimmora|Stealth Rock|p1a: Iron Treads
|-sidestart|p1: I still miss her|move: Stealth Rock
|
|upkeep
|turn|4
|
|t:|1769322972
|switch|p2a: Gholdengo|Gholdengo|100/100
|-item|p2a: Gholdengo|Air Balloon
|move|p1a: Iron Treads|Rapid Spin|p2a: Gholdengo
|-immune|p2a: Gholdengo
|
|upkeep
|turn|5
|
|t:|1769322975
|move|p1a: Iron Treads|Knock Off|p2a: Gholdengo
|-supereffective|p2a: Gholdengo
|-damage|p2a: Gholdengo|38/100
|-enditem|p2a: Gholdengo|Air Balloon
|move|p2a: Gholdengo|Shadow Ball|p1a: Iron Treads
|-damage|p1a: Iron Treads|31/100
|
|upkeep
|turn|6
|
|t:|1769322981
|switch|p2a: Greninja|Greninja, M|100/100
|move|p1a: Iron Treads|Knock Off|p2a: Greninja
|-resisted|p2a: Greninja
|-damage|p2a: Greninja|79/100
|-enditem|p2a: Greninja|Life Orb|[from] move: Knock Off|[of] p1a: Iron Treads
|
|upkeep
|turn|7
|
|t:|1769322991
|-end|p1a: Iron Treads|Quark Drive|[silent]
|switch|p1a: Zapdos|Zapdos|100/100
|move|p2a: Greninja|Surf|p1a: Zapdos
|-damage|p1a: Zapdos|55/100
|
|upkeep
|turn|8
|
|t:|1769322997
|-terastallize|p2a: Greninja|Water
|move|p2a: Greninja|Surf|p1a: Zapdos
|-damage|p1a: Zapdos|0 fnt
|faint|p1a: Zapdos
|-ability|p2a: Greninja|Battle Bond|boost
|-boost|p2a: Greninja|atk|1
|-boost|p2a: Greninja|spa|1
|-boost|p2a: Greninja|spe|1
|-activate|p2a: Greninja|ability: Battle Bond
|
|upkeep
|
|t:|1769323002
|switch|p1a: Primarina|Primarina, F|100/100
|-status|p1a: Primarina|psn
|-damage|p1a: Primarina|88/100 psn|[from] Stealth Rock
|turn|9
|
|t:|1769323007
|switch|p2a: Glimmora|Glimmora, M|1/100
|move|p1a: Primarina|Energy Ball|p2a: Glimmora
|-damage|p2a: Glimmora|0 fnt
|faint|p2a: Glimmora
|
|-damage|p1a: Primarina|76/100 psn|[from] psn
|upkeep
|
|t:|1769323011
|switch|p2a: Gholdengo|Gholdengo|38/100
|turn|10
|
|t:|1769323016
|move|p2a: Gholdengo|Shadow Ball|p1a: Primarina
|-damage|p1a: Primarina|52/100 psn
|-unboost|p1a: Primarina|spd|1
|move|p1a: Primarina|Psychic Noise|p2a: Gholdengo
|-damage|p2a: Gholdengo|0 fnt
|faint|p2a: Gholdengo
|
|-damage|p1a: Primarina|40/100 psn|[from] psn
|upkeep
|
|t:|1769323029
|switch|p2a: Dragonite|Dragonite, M|100/100
|turn|11
|
|t:|1769323033
|move|p2a: Dragonite|Dragon Dance|p2a: Dragonite
|-boost|p2a: Dragonite|atk|1
|-boost|p2a: Dragonite|spe|1
|move|p1a: Primarina|Flip Turn|p2a: Dragonite
|-resisted|p2a: Dragonite
|-damage|p2a: Dragonite|97/100
|
|t:|1769323045
|switch|p1a: Zamazenta|Zamazenta|100/100|[from] Flip Turn
|-status|p1a: Zamazenta|psn
|-damage|p1a: Zamazenta|94/100 psn|[from] Stealth Rock
|-ability|p1a: Zamazenta|Dauntless Shield|boost
|-boost|p1a: Zamazenta|def|1
|
|-damage|p1a: Zamazenta|82/100 psn|[from] psn
|upkeep
|turn|12
|
|t:|1769323056
|switch|p2a: Iron Valiant|Iron Valiant|100/100
|-enditem|p2a: Iron Valiant|Booster Energy
|-activate|p2a: Iron Valiant|ability: Quark Drive|[fromitem]
|-start|p2a: Iron Valiant|quarkdrivespe
|move|p1a: Zamazenta|Ice Fang|p2a: Iron Valiant
|-damage|p2a: Iron Valiant|56/100
|
|-damage|p1a: Zamazenta|70/100 psn|[from] psn
|upkeep
|turn|13
|
|t:|1769323066
|switch|p1a: Primarina|Primarina, F|40/100 psn
|-damage|p1a: Primarina|27/100 psn|[from] Stealth Rock
|move|p2a: Iron Valiant|Encore||[still]
|-fail|p2a: Iron Valiant
|
|-damage|p1a: Primarina|15/100 psn|[from] psn
|upkeep
|turn|14
|
|t:|1769323072
|move|p2a: Iron Valiant|Knock Off|p1a: Primarina
|-resisted|p1a: Primarina
|-damage|p1a: Primarina|0 fnt
|-enditem|p1a: Primarina|Assault Vest|[from] move: Knock Off|[of] p2a: Iron Valiant
|faint|p1a: Primarina
|
|upkeep
|
|t:|1769323080
|switch|p1a: Iron Treads|Iron Treads|31/100
|-damage|p1a: Iron Treads|28/100|[from] Stealth Rock
|turn|15
|
|t:|1769323086
|move|p2a: Iron Valiant|Close Combat|p1a: Iron Treads
|-supereffective|p1a: Iron Treads
|-damage|p1a: Iron Treads|0 fnt
|-unboost|p2a: Iron Valiant|def|1
|-unboost|p2a: Iron Valiant|spd|1
|faint|p1a: Iron Treads
|-end|p1a: Iron Treads|Quark Drive|[silent]
|
|upkeep
|
|t:|1769323091
|switch|p1a: Dragonite|Dragonite, F|100/100
|turn|16
|
|t:|1769323099
|move|p2a: Iron Valiant|Knock Off|p1a: Dragonite
|-damage|p1a: Dragonite|81/100
|-enditem|p1a: Dragonite|Heavy-Duty Boots|[from] move: Knock Off|[of] p2a: Iron Valiant
|move|p1a: Dragonite|Dragon Dance|p1a: Dragonite
|-boost|p1a: Dragonite|atk|1
|-boost|p1a: Dragonite|spe|1
|
|upkeep
|turn|17
|
|t:|1769323103
|-terastallize|p1a: Dragonite|Normal
|move|p1a: Dragonite|Extreme Speed|p2a: Iron Valiant
|-crit|p2a: Iron Valiant
|-damage|p2a: Iron Valiant|0 fnt
|faint|p2a: Iron Valiant
|-end|p2a: Iron Valiant|Quark Drive|[silent]
|
|upkeep
|
|t:|1769323107
|switch|p2a: Dragonite|Dragonite, M|97/100
|turn|18
|
|t:|1769323112
|move|p1a: Dragonite|Extreme Speed|p2a: Dragonite
|-damage|p2a: Dragonite|22/100
|move|p2a: Dragonite|Dragon Dance|p2a: Dragonite
|-boost|p2a: Dragonite|atk|1
|-boost|p2a: Dragonite|spe|1
|
|upkeep
|turn|19
|
|t:|1769323116
|move|p2a: Dragonite|Extreme Speed|p1a: Dragonite
|-damage|p1a: Dragonite|28/100
|move|p1a: Dragonite|Extreme Speed|p2a: Dragonite
|-damage|p2a: Dragonite|0 fnt
|faint|p2a: Dragonite
|
|upkeep
|
|t:|1769323120
|switch|p2a: Greninja|Greninja, M, tera:Water|79/100
|turn|20
|
|t:|1769323123
|move|p1a: Dragonite|Extreme Speed|p2a: Greninja
|-damage|p2a: Greninja|0 fnt
|faint|p2a: Greninja
|
|win|I still miss her
|raw|I still miss her's rating: 1383 &rarr; <strong>1402</strong><br />(+19 for winning)
|raw|psych210's rating: 1373 &rarr; <strong>1354</strong><br />(-19 for losing)
|l|☆I still miss her
|player|p1|
