|j|☆sketchizard
|j|☆smurtgurt
|t:|1769366322
|gametype|singles
|player|p1|sketchizard|lance|1222
|player|p2|smurtgurt|unknown|1296
|gen|9
|tier|[Gen 9] OU
|rated|
|rule|HP Percentage Mod: HP is shown in percentages
|rule|Endless Battle Clause: Forcing endless battles is banned
|rule|Species Clause: Limit one of each Pokémon
|rule|OHKO Clause: OHKO moves are banned
|rule|Evasion Items Clause: Evasion items are banned
|rule|Evasion Moves Clause: Evasion moves are banned
|rule|Evasion Abilities Clause: Evasion abilities are banned
|rule|Sleep Moves Clause: Sleep-inducing moves are banned
|clearpoke
|poke|p1|Ursaluna, F|
|poke|p1|Slowbro, F|
|poke|p1|Slowking-Galar, M|
|poke|p1|Braviary-Hisui, M|
|poke|p1|Porygon2|
|poke|p1|Iron Hands|
|poke|p2|Ogerpon-Cornerstone, F|
|poke|p2|Iron Valiant|
|poke|p2|Dragonite, M|
|poke|p2|Great Tusk|
|poke|p2|Tornadus-Therian, M|
|poke|p2|Toxapex, M|
|teampreview
|inactive|Battle timer is ON: inactive players will automatically lose when time's up. (requested by sketchizard)
|j| V_Decx
|
|t:|1769366354
|teamsize|p1|6
|teamsize|p2|6
|start
|switch|p1a: Slowking|Slowking-Galar, M|100/100
|switch|p2a: Great Tusk|Great Tusk|100/100
|-enditem|p2a: Great Tusk|Booster Energy
|-activate|p2a: Great Tusk|ability: Protosynthesis|[fromitem]
|-start|p2a: Great Tusk|protosynthesisdef
|turn|1
|
|t:|1769366363
|switch|p1a: Slowbro|Slowbro, F|100/100
|move|p2a: Great Tusk|Knock Off|p1a: Slowbro
|-supereffective|p1a: Slowbro
|-damage|p1a: Slowbro|70/100
|-enditem|p1a: Slowbro|Leftovers|[from] move: Knock Off|[of] p2a: Great Tusk
|
|upkeep
|turn|2
|
|t:|1769366372
|move|p2a: Great Tusk|Stealth Rock|p1a: Slowbro
|-sidestart|p1: sketchizard|move: Stealth Rock
|move|p1a: Slowbro|Trick Room|p1a: Slowbro
|-fieldstart|move: Trick Room|[of] p1a: Slowbro
|
|upkeep
|turn|3
|
|t:|1769366382
|move|p1a: Slowbro|Future Sight|p2a: Great Tusk
|-start|p1a: Slowbro|move: Future Sight
|move|p2a: Great Tusk|Knock Off|p1a: Slowbro
|-supereffective|p1a: Slowbro
|-damage|p1a: Slowbro|48/100
|
|upkeep
|turn|4
|
|t:|1769366396
|move|p1a: Slowbro|Scald|p2a: Great Tusk
|-supereffective|p2a: Great Tusk
|-damage|p2a: Great Tusk|26/100
|move|p2a: Great Tusk|Knock Off|p1a: Slowbro
|-supereffective|p1a: Slowbro
|-damage|p1a: Slowbro|26/100
|
|upkeep
|turn|5
|
|t:|1769366402
|move|p1a: Slowbro|Slack Off|p1a: Slowbro
|-heal|p1a: Slowbro|76/100
|move|p2a: Great Tusk|Knock Off|p1a: Slowbro
|-supereffective|p1a: Slowbro
|-damage|p1a: Slowbro|52/100
|
|-end|p2a: Great Tusk|move: Future Sight
|-supereffective|p2a: Great Tusk
|-damage|p2a: Great Tusk|0 fnt
|faint|p2a: Great Tusk
|-end|p2a: Great Tusk|Protosynthesis|[silent]
|upkeep
|
|t:|1769366407
|switch|p2a: Ogerpon|Ogerpon-Cornerstone, F|100/100
|turn|6
|l| V_Decx
|
|t:|1769366413
|move|p1a: Slowbro|Future Sight|p2a: Ogerpon
|-start|p1a: Slowbro|move: Future Sight
|move|p2a: Ogerpon|Wood Hammer|p1a: Slowbro
|-supereffective|p1a: Slowbro
|-damage|p1a: Slowbro|0 fnt
|faint|p1a: Slowbro
|-damage|p2a: Ogerpon|78/100|[from] Recoil
|
|-fieldend|move: Trick Room
|upkeep
|
|t:|1769366419
|switch|p1a: Porygon2|Porygon2|100/100
|-damage|p1a: Porygon2|88/100|[from] Stealth Rock
|-ability|p1a: Porygon2|Download|boost
|-boost|p1a: Porygon2|atk|1
|turn|7
|
|t:|1769366426
|move|p2a: Ogerpon|Knock Off|p1a: Porygon2
|-crit|p1a: Porygon2
|-damage|p1a: Porygon2|52/100
|-enditem|p1a: Porygon2|Eviolite|[from] move: Knock Off|[of] p2a: Ogerpon
|move|p1a: Porygon2|Trick Room|p1a: Porygon2
|-fieldstart|move: Trick Room|[of] p1a: Porygon2
|
|upkeep
|turn|8
|
|t:|1769366438
|switch|p1a: Iron Hands|Iron Hands|100/100
|-damage|p1a: Iron Hands|94/100|[from] Stealth Rock
|-enditem|p1a: Iron Hands|Booster Energy
|-activate|p1a: Iron Hands|ability: Quark Drive|[fromitem]
|-start|p1a: Iron Hands|quarkdriveatk
|move|p2a: Ogerpon|Ivy Cudgel|p1a: Iron Hands|[anim] Ivy Cudgel Rock
|-resisted|p1a: Iron Hands
|-damage|p1a: Iron Hands|75/100
|
|-end|p2a: Ogerpon|move: Future Sight
|-damage|p2a: Ogerpon|29/100
|upkeep
|turn|9
|
|t:|1769366455
|switch|p2a: Toxapex|Toxapex, M|100/100
|move|p1a: Iron Hands|Supercell Slam|p2a: Toxapex
|-supereffective|p2a: Toxapex
|-damage|p2a: Toxapex|0 fnt
|faint|p2a: Toxapex
|
|upkeep
|
|t:|1769366462
|switch|p2a: Ogerpon|Ogerpon-Cornerstone, F|29/100
|turn|10
|
|t:|1769366467
|move|p1a: Iron Hands|Ice Punch|p2a: Ogerpon
|-supereffective|p2a: Ogerpon
|-damage|p2a: Ogerpon|0 fnt
|faint|p2a: Ogerpon
|
|upkeep
|-message|smurtgurt forfeited.
|
|win|sketchizard
|raw|sketchizard's rating: 1222 &rarr; <strong>1252</strong><br />(+30 for winning)
|raw|smurtgurt's rating: 1296 &rarr; <strong>1266</strong><br />(-30 for losing)
|l|☆smurtgurt
|player|p2|
