|j|☆Champion Snagem
|j|☆bumpered
|t:|1769415523
|gametype|singles
|player|p1|Champion Snagem|lance|1125
|player|p2|bumpered|roxie|1170
|gen|9
|tier|[Gen 9] OU
|rated|
|rule|HP Percentage Mod: HP is shown in percentages
|rule|Endless Battle Clause: Forcing endless battles is banned
|rule|Species Clause: Limit one of each Pokémon
|rule|OHKO Clause: OHKO moves are banned
|rule|Evasion Items Clause: Evasion items are banned
|rule|Evasion Moves Clause: Evasion moves are banned
|rule|Evasion Abilities Clause: Evasion abilities are banned
|rule|Sleep Moves Clause: Sleep-inducing moves are banned
|clearpoke
|poke|p1|Meganium, F|
|poke|p1|Feraligatr, M|
|poke|p1|Typhlosion, F|
|poke|p1|Scizor, M|
|poke|p1|Kingdra, M|
|poke|p1|Espeon, M|
|poke|p2|Ninetales, F|
|poke|p2|Slither Wing|
|poke|p2|Leavanny, F|
|poke|p2|Walking Wake|
|poke|p2|Skeledirge, F|
|poke|p2|Great Tusk|
|teampreview
|inactive|Battle timer is ON: inactive players will automatically lose when time's up. (requested by bumpered)
|
|t:|1769415547
|teamsize|p1|6
|teamsize|p2|6
|start
|switch|p1a: Feraligatr|Feraligatr, M|100/100
|switch|p2a: Ninetales|Ninetales, F|100/100
|-weather|SunnyDay|[from] ability: Drought|[of] p2a: Ninetales
|turn|1
|
|t:|1769415556
|move|p2a: Ninetales|Will-O-Wisp|p1a: Feraligatr
|-status|p1a: Feraligatr|brn
|move|p1a: Feraligatr|Agility|p1a: Feraligatr
|-boost|p1a: Feraligatr|spe|2
|
|-weather|SunnyDay|[upkeep]
|-damage|p1a: Feraligatr|94/100 brn|[from] brn
|upkeep
|turn|2
|
|t:|1769415576
|move|p1a: Feraligatr|Liquidation|p2a: Ninetales
|-supereffective|p2a: Ninetales
|-crit|p2a: Ninetales
|-damage|p2a: Ninetales|31/100
|move|p2a: Ninetales|Encore|p1a: Feraligatr
|-start|p1a: Feraligatr|Encore
|
|-weather|SunnyDay|[upkeep]
|-damage|p1a: Feraligatr|88/100 brn|[from] brn
|upkeep
|turn|3
|
|t:|1769415585
|switch|p2a: Leavanny|Leavanny, F|100/100
|move|p1a: Feraligatr|Liquidation|p2a: Leavanny
|-resisted|p2a: Leavanny
|-damage|p2a: Leavanny|88/100
|
|-weather|SunnyDay|[upkeep]
|-damage|p1a: Feraligatr|82/100 brn|[from] brn
|upkeep
|turn|4
|
|t:|1769415594
|switch|p1a: Scizor|Scizor, M, shiny|100/100
|move|p2a: Leavanny|Leaf Storm|p1a: Scizor
|-resisted|p1a: Scizor
|-damage|p1a: Scizor|88/100
|-unboost|p2a: Leavanny|spa|2
|-enditem|p2a: Leavanny|Eject Pack
|
|t:|1769415605
|switch|p2a: Skeledirge|Skeledirge, F|100/100
|
|-weather|SunnyDay|[upkeep]
|upkeep
|turn|5
|
|t:|1769415621
|switch|p1a: Kingdra|Kingdra, M, shiny|100/100
|move|p2a: Skeledirge|Will-O-Wisp|p1a: Kingdra
|-status|p1a: Kingdra|brn
|
|-weather|SunnyDay|[upkeep]
|-damage|p1a: Kingdra|94/100 brn|[from] brn
|upkeep
|turn|6
|
|t:|1769415632
|switch|p2a: Leavanny|Leavanny, F|88/100
|move|p1a: Kingdra|Scale Shot|p2a: Leavanny
|-damage|p2a: Leavanny|81/100
|-damage|p2a: Leavanny|72/100
|-damage|p2a: Leavanny|64/100
|-damage|p2a: Leavanny|56/100
|-hitcount|p2a: Leavanny|4
|-unboost|p1a: Kingdra|def|1
|-boost|p1a: Kingdra|spe|1
|
|-weather|SunnyDay|[upkeep]
|-damage|p1a: Kingdra|88/100 brn|[from] brn
|upkeep
|turn|7
|
|t:|1769415655
|move|p2a: Leavanny|Sticky Web|p1a: Kingdra
|-sidestart|p1: Champion Snagem|move: Sticky Web
|move|p1a: Kingdra|Draco Meteor|p2a: Leavanny
|-damage|p2a: Leavanny|0 fnt
|-unboost|p1a: Kingdra|spa|2
|faint|p2a: Leavanny
|
|-weather|SunnyDay|[upkeep]
|-damage|p1a: Kingdra|82/100 brn|[from] brn
|upkeep
|
|t:|1769415666
|switch|p2a: Walking Wake|Walking Wake|100/100
|-activate|p2a: Walking Wake|ability: Protosynthesis
|-start|p2a: Walking Wake|protosynthesisspa
|turn|8
|
|t:|1769415677
|-terastallize|p1a: Kingdra|Steel
|move|p1a: Kingdra|Scale Shot|p2a: Walking Wake
|-supereffective|p2a: Walking Wake
|-damage|p2a: Walking Wake|87/100
|-supereffective|p2a: Walking Wake
|-damage|p2a: Walking Wake|74/100
|-supereffective|p2a: Walking Wake
|-damage|p2a: Walking Wake|61/100
|-hitcount|p2a: Walking Wake|3
|-unboost|p1a: Kingdra|def|1
|-boost|p1a: Kingdra|spe|1
|move|p2a: Walking Wake|Draco Meteor|p1a: Kingdra
|-resisted|p1a: Kingdra
|-damage|p1a: Kingdra|39/100 brn
|-unboost|p2a: Walking Wake|spa|2
|-damage|p2a: Walking Wake|52/100|[from] item: Life Orb
|
|-weather|none
|-end|p2a: Walking Wake|Protosynthesis
|-damage|p1a: Kingdra|33/100 brn|[from] brn
|upkeep
|turn|9
|
|t:|1769415696
|-end|p2a: Walking Wake|Protosynthesis|[silent]
|switch|p2a: Ninetales|Ninetales, F|31/100
|-weather|SunnyDay|[from] ability: Drought|[of] p2a: Ninetales
|move|p1a: Kingdra|Scale Shot|p2a: Ninetales
|-damage|p2a: Ninetales|24/100
|-damage|p2a: Ninetales|17/100
|-hitcount|p2a: Ninetales|2
|-unboost|p1a: Kingdra|def|1
|-boost|p1a: Kingdra|spe|1
|
|-weather|SunnyDay|[upkeep]
|-damage|p1a: Kingdra|27/100 brn|[from] brn
|upkeep
|turn|10
|
|t:|1769415713
|move|p1a: Kingdra|Liquidation|p2a: Ninetales
|-supereffective|p2a: Ninetales
|-damage|p2a: Ninetales|0 fnt
|faint|p2a: Ninetales
|
|-weather|SunnyDay|[upkeep]
|-damage|p1a: Kingdra|20/100 brn|[from] brn
|upkeep
|inactive|bumpered has 120 seconds left.
|
|t:|1769415727
|switch|p2a: Skeledirge|Skeledirge, F|100/100
|turn|11
|
|t:|1769415736
|move|p1a: Kingdra|Liquidation|p2a: Skeledirge
|-supereffective|p2a: Skeledirge
|-damage|p2a: Skeledirge|86/100
|-unboost|p2a: Skeledirge|def|1
|move|p2a: Skeledirge|Torch Song|p1a: Kingdra
|-supereffective|p1a: Kingdra
|-damage|p1a: Kingdra|0 fnt
|-boost|p2a: Skeledirge|spa|1
|faint|p1a: Kingdra
|
|-weather|SunnyDay|[upkeep]
|upkeep
|
|t:|1769415750
|switch|p1a: Feraligatr|Feraligatr, M|82/100 brn
|-activate|p1a: Feraligatr|move: Sticky Web
|-unboost|p1a: Feraligatr|spe|1
|turn|12
|
|t:|1769415759
|switch|p2a: Slither Wing|Slither Wing|100/100
|-activate|p2a: Slither Wing|ability: Protosynthesis
|-start|p2a: Slither Wing|protosynthesisatk
|move|p1a: Feraligatr|Liquidation|p2a: Slither Wing
|-damage|p2a: Slither Wing|77/100
|
|-weather|SunnyDay|[upkeep]
|-damage|p1a: Feraligatr|76/100 brn|[from] brn
|upkeep
|turn|13
|
|t:|1769415771
|move|p2a: Slither Wing|First Impression|p1a: Feraligatr
|-crit|p1a: Feraligatr
|-damage|p1a: Feraligatr|0 fnt
|faint|p1a: Feraligatr
|
|-weather|SunnyDay|[upkeep]
|upkeep
|
|t:|1769415778
|switch|p1a: Typhlosion|Typhlosion, F|100/100
|-activate|p1a: Typhlosion|move: Sticky Web
|-unboost|p1a: Typhlosion|spe|1
|turn|14
|
|t:|1769415787
|-end|p2a: Slither Wing|Protosynthesis|[silent]
|switch|p2a: Skeledirge|Skeledirge, F|86/100
|move|p1a: Typhlosion|Eruption|p2a: Skeledirge
|-resisted|p2a: Skeledirge
|-damage|p2a: Skeledirge|39/100
|
|-weather|SunnyDay|[upkeep]
|upkeep
|turn|15
|
|t:|1769415798
|move|p1a: Typhlosion|Eruption|p2a: Skeledirge
|-resisted|p2a: Skeledirge
|-damage|p2a: Skeledirge|0 fnt
|faint|p2a: Skeledirge
|
|-weather|SunnyDay|[upkeep]
|upkeep
|
|t:|1769415804
|switch|p2a: Walking Wake|Walking Wake|52/100
|-activate|p2a: Walking Wake|ability: Protosynthesis
|-start|p2a: Walking Wake|protosynthesisspa
|turn|16
|
|t:|1769415809
|move|p2a: Walking Wake|Hydro Steam|p1a: Typhlosion
|-supereffective|p1a: Typhlosion
|-damage|p1a: Typhlosion|0 fnt
|faint|p1a: Typhlosion
|-damage|p2a: Walking Wake|42/100|[from] item: Life Orb
|
|-weather|none
|-end|p2a: Walking Wake|Protosynthesis
|upkeep
|
|t:|1769415818
|switch|p1a: Meganium|Meganium, F|100/100
|-activate|p1a: Meganium|move: Sticky Web
|-unboost|p1a: Meganium|spe|1
|turn|17
|
|t:|1769415829
|-end|p2a: Walking Wake|Protosynthesis|[silent]
|switch|p2a: Slither Wing|Slither Wing|77/100
|move|p1a: Meganium|Trailblaze|p2a: Slither Wing
|-resisted|p2a: Slither Wing
|-damage|p2a: Slither Wing|65/100
|-boost|p1a: Meganium|spe|1
|
|upkeep
|turn|18
|
|t:|1769415838
|switch|p1a: Scizor|Scizor, M, shiny|88/100
|-activate|p1a: Scizor|move: Sticky Web
|-unboost|p1a: Scizor|spe|1
|move|p2a: Slither Wing|First Impression|p1a: Scizor
|-resisted|p1a: Scizor
|-damage|p1a: Scizor|59/100
|
|upkeep
|turn|19
|
|t:|1769415856
|move|p2a: Slither Wing|Flare Blitz|p1a: Scizor
|-supereffective|p1a: Scizor
|-damage|p1a: Scizor|0 fnt
|faint|p1a: Scizor
|-damage|p2a: Slither Wing|44/100|[from] Recoil
|
|upkeep
|
|t:|1769415862
|switch|p1a: Espeon|Espeon, M, shiny|100/100
|-activate|p1a: Espeon|move: Sticky Web
|-unboost|p1a: Espeon|spe|1
|turn|20
|
|t:|1769415867
|move|p1a: Espeon|Psychic|p2a: Slither Wing
|-supereffective|p2a: Slither Wing
|-damage|p2a: Slither Wing|0 fnt
|faint|p2a: Slither Wing
|-end|p2a: Slither Wing|Protosynthesis|[silent]
|
|upkeep
|
|t:|1769415872
|switch|p2a: Walking Wake|Walking Wake|42/100
|turn|21
|
|t:|1769415875
|-terastallize|p2a: Walking Wake|Water
|move|p2a: Walking Wake|Hydro Steam|p1a: Espeon
|-damage|p1a: Espeon|15/100
|-damage|p2a: Walking Wake|32/100|[from] item: Life Orb
|move|p1a: Espeon|Psychic|p2a: Walking Wake
|-damage|p2a: Walking Wake|0 fnt
|faint|p2a: Walking Wake
|-end|p2a: Walking Wake|Protosynthesis|[silent]
|
|upkeep
|
|t:|1769415884
|switch|p2a: Great Tusk|Great Tusk|100/100
|turn|22
|
|t:|1769415888
|move|p1a: Espeon|Psychic|p2a: Great Tusk
|-supereffective|p2a: Great Tusk
|-damage|p2a: Great Tusk|0 fnt
|faint|p2a: Great Tusk
|-end|p2a: Great Tusk|Protosynthesis|[silent]
|
|win|Champion Snagem
|raw|Champion Snagem's rating: 1125 &rarr; <strong>1153</strong><br />(+28 for winning)
|raw|bumpered's rating: 1170 &rarr; <strong>1142</strong><br />(-28 for losing)
|l|☆bumpered
|player|p2|
|l|☆Champion Snagem
|player|p1|
