|j|☆SlimeyT9
|j|☆Kippty
|t:|1769301950
|gametype|singles
|player|p1|SlimeyT9|shadowtriad|1234
|player|p2|Kippty|1|1197
|gen|9
|tier|[Gen 9] OU
|rated|
|rule|HP Percentage Mod: HP is shown in percentages
|rule|Endless Battle Clause: Forcing endless battles is banned
|rule|Species Clause: Limit one of each Pokémon
|rule|OHKO Clause: OHKO moves are banned
|rule|Evasion Items Clause: Evasion items are banned
|rule|Evasion Moves Clause: Evasion moves are banned
|rule|Evasion Abilities Clause: Evasion abilities are banned
|rule|Sleep Moves Clause: Sleep-inducing moves are banned
|clearpoke
|poke|p1|Glimmora, F|
|poke|p1|Garganacl, M|
|poke|p1|Ceruledge, M|
|poke|p1|Samurott-Hisui, M|
|poke|p1|Brambleghast, F|
|poke|p1|Scream Tail|
|poke|p2|Gholdengo|
|poke|p2|Rotom-Wash|
|poke|p2|Meowscarada, F|
|poke|p2|Maushold|
|poke|p2|Gliscor, F|
|poke|p2|Latios, M|
|teampreview
|inactive|Battle timer is ON: inactive players will automatically lose when time's up. (requested by SlimeyT9)
|
|t:|1769301969
|teamsize|p1|6
|teamsize|p2|6
|start
|switch|p1a: Saltwater|Samurott-Hisui, M, shiny|100/100
|switch|p2a: Rotom|Rotom-Wash|100/100
|turn|1
|
|t:|1769301980
|move|p2a: Rotom|Trick|p1a: Saltwater
|-activate|p2a: Rotom|move: Trick|[of] p1a: Saltwater
|-item|p1a: Saltwater|Choice Scarf|[from] move: Trick
|-item|p2a: Rotom|Choice Scarf|[from] move: Trick
|move|p1a: Saltwater|Flip Turn|p2a: Rotom
|-resisted|p2a: Rotom
|-damage|p2a: Rotom|81/100
|
|t:|1769301987
|switch|p1a: Brambles!?|Brambleghast, F, shiny|100/100|[from] Flip Turn
|
|upkeep
|turn|2
|
|t:|1769301994
|move|p2a: Rotom|Volt Switch|p1a: Brambles!?
|-resisted|p1a: Brambles!?
|-damage|p1a: Brambles!?|72/100
|
|t:|1769302000
|switch|p2a: Meowscarada|Meowscarada, F|100/100|[from] Volt Switch
|move|p1a: Brambles!?|Rapid Spin|p2a: Meowscarada
|-damage|p2a: Meowscarada|76/100
|-boost|p1a: Brambles!?|spe|1
|
|upkeep
|turn|3
|
|t:|1769302011
|switch|p1a: Flur|Glimmora, F, shiny|100/100
|move|p2a: Meowscarada|Trick|p1a: Flur
|-start|p2a: Meowscarada|typechange|Psychic|[from] ability: Protean
|-activate|p2a: Meowscarada|move: Trick|[of] p1a: Flur
|-item|p1a: Flur|Choice Scarf|[from] move: Trick
|-item|p2a: Meowscarada|Focus Sash|[from] move: Trick
|
|upkeep
|turn|4
|
|t:|1769302025
|move|p1a: Flur|Stealth Rock|p2a: Meowscarada
|-sidestart|p2: Kippty|move: Stealth Rock
|move|p2a: Meowscarada|Flower Trick|p1a: Flur
|-crit|p1a: Flur
|-damage|p1a: Flur|64/100
|-activate|p1a: Flur|ability: Toxic Debris
|-sidestart|p2: Kippty|move: Toxic Spikes
|
|upkeep
|turn|5
|
|t:|1769302052
|switch|p1a: Brambles!?|Brambleghast, F, shiny|72/100
|move|p2a: Meowscarada|Knock Off|p1a: Brambles!?
|-supereffective|p1a: Brambles!?
|-damage|p1a: Brambles!?|0 fnt
|-enditem|p1a: Brambles!?|Heavy-Duty Boots|[from] move: Knock Off|[of] p2a: Meowscarada
|faint|p1a: Brambles!?
|
|upkeep
|
|t:|1769302057
|switch|p1a: Flur|Glimmora, F, shiny|64/100
|turn|6
|
|t:|1769302066
|move|p1a: Flur|Mortal Spin|p2a: Meowscarada
|-damage|p2a: Meowscarada|64/100
|-status|p2a: Meowscarada|psn
|move|p2a: Meowscarada|Flower Trick|p1a: Flur
|-crit|p1a: Flur
|-damage|p1a: Flur|24/100
|-activate|p1a: Flur|ability: Toxic Debris
|-sidestart|p2: Kippty|move: Toxic Spikes
|
|-damage|p2a: Meowscarada|52/100 psn|[from] psn
|upkeep
|turn|7
|
|t:|1769302076
|move|p1a: Flur|Mortal Spin|p2a: Meowscarada
|-damage|p2a: Meowscarada|42/100 psn
|move|p2a: Meowscarada|Knock Off|p1a: Flur
|-damage|p1a: Flur|0 fnt
|-enditem|p1a: Flur|Choice Scarf|[from] move: Knock Off|[of] p2a: Meowscarada
|faint|p1a: Flur
|
|-damage|p2a: Meowscarada|30/100 psn|[from] psn
|upkeep
|
|t:|1769302087
|switch|p1a: Saltwater|Samurott-Hisui, M, shiny|100/100
|turn|8
|
|t:|1769302114
|move|p1a: Saltwater|Ceaseless Edge|p2a: Meowscarada
|-supereffective|p2a: Meowscarada
|-damage|p2a: Meowscarada|0 fnt
|-sidestart|p2: Kippty|Spikes
|faint|p2a: Meowscarada
|
|upkeep
|inactive|Kippty has 120 seconds left.
|
|t:|1769302126
|switch|p2a: Maushold|Maushold|100/100
|-damage|p2a: Maushold|88/100|[from] Stealth Rock
|-status|p2a: Maushold|tox
|-damage|p2a: Maushold|76/100 tox|[from] Spikes
|turn|9
|
|t:|1769302136
|move|p1a: Saltwater|Ceaseless Edge|p2a: Maushold|[miss]
|-miss|p1a: Saltwater|p2a: Maushold
|move|p2a: Maushold|Tidy Up|p2a: Maushold
|-sideend|p2: Kippty|Spikes
|-sideend|p2: Kippty|Toxic Spikes
|-sideend|p2: Kippty|Stealth Rock
|-activate|p2a: Maushold|move: Tidy Up
|-boost|p2a: Maushold|atk|1
|-boost|p2a: Maushold|spe|1
|
|-damage|p2a: Maushold|69/100 tox|[from] psn
|upkeep
|turn|10
|
|t:|1769302142
|move|p2a: Maushold|Population Bomb|p1a: Saltwater
|-damage|p1a: Saltwater|81/100
|-damage|p1a: Saltwater|60/100
|-damage|p1a: Saltwater|39/100
|-damage|p1a: Saltwater|16/100
|-damage|p1a: Saltwater|0 fnt
|faint|p1a: Saltwater
|-hitcount|p1: Saltwater|5
|
|-damage|p2a: Maushold|57/100 tox|[from] psn
|upkeep
|
|t:|1769302145
|switch|p1a: Anthong|Ceruledge, M|100/100
|turn|11
|
|t:|1769302153
|move|p2a: Maushold|Bite|p1a: Anthong
|-supereffective|p1a: Anthong
|-damage|p1a: Anthong|6/100
|-ability|p1a: Anthong|Weak Armor|boost
|-unboost|p1a: Anthong|def|1
|-boost|p1a: Anthong|spe|2
|move|p1a: Anthong|Swords Dance|p1a: Anthong
|-boost|p1a: Anthong|atk|2
|
|-damage|p2a: Maushold|38/100 tox|[from] psn
|upkeep
|turn|12
|
|t:|1769302166
|move|p1a: Anthong|Bitter Blade|p2a: Maushold
|-damage|p2a: Maushold|0 fnt
|-heal|p1a: Anthong|27/100|[from] drain|[of] p2a: Maushold
|faint|p2a: Maushold
|
|upkeep
|
|t:|1769302176
|switch|p2a: Rotom|Rotom-Wash|81/100
|turn|13
|
|t:|1769302185
|move|p1a: Anthong|Night Slash|p2a: Rotom
|-damage|p2a: Rotom|15/100
|move|p2a: Rotom|Hydro Pump|p1a: Anthong
|-supereffective|p1a: Anthong
|-damage|p1a: Anthong|0 fnt
|faint|p1a: Anthong
|
|upkeep
|
|t:|1769302190
|switch|p1a: NU!?|Scream Tail, shiny|100/100
|turn|14
|
|t:|1769302197
|move|p2a: Rotom|Hydro Pump|p1a: NU!?|[miss]
|-miss|p2a: Rotom|p1a: NU!?
|move|p1a: NU!?|Bulk Up|p1a: NU!?
|-boost|p1a: NU!?|atk|1
|-boost|p1a: NU!?|def|1
|
|upkeep
|turn|15
|
|t:|1769302205
|move|p2a: Rotom|Hydro Pump|p1a: NU!?
|-damage|p1a: NU!?|68/100
|move|p1a: NU!?|Bulk Up|p1a: NU!?
|-boost|p1a: NU!?|atk|1
|-boost|p1a: NU!?|def|1
|
|-heal|p1a: NU!?|74/100|[from] item: Leftovers
|upkeep
|turn|16
|
|t:|1769302209
|move|p2a: Rotom|Hydro Pump|p1a: NU!?
|-damage|p1a: NU!?|42/100
|move|p1a: NU!?|Drain Punch|p2a: Rotom
|-damage|p2a: Rotom|0 fnt
|-heal|p1a: NU!?|47/100|[from] drain|[of] p2a: Rotom
|faint|p2a: Rotom
|
|-heal|p1a: NU!?|53/100|[from] item: Leftovers
|upkeep
|
|t:|1769302215
|switch|p2a: Gholdengo|Gholdengo|100/100
|turn|17
|
|t:|1769302228
|-terastallize|p2a: Gholdengo|Steel
|move|p2a: Gholdengo|Trick|p1a: NU!?
|-activate|p2a: Gholdengo|move: Trick|[of] p1a: NU!?
|-item|p1a: NU!?|Choice Scarf|[from] move: Trick
|-item|p2a: Gholdengo|Leftovers|[from] move: Trick
|move|p1a: NU!?|Ice Punch|p2a: Gholdengo
|-resisted|p2a: Gholdengo
|-damage|p2a: Gholdengo|81/100
|
|-heal|p2a: Gholdengo|87/100|[from] item: Leftovers
|upkeep
|turn|18
|
|t:|1769302241
|move|p1a: NU!?|Ice Punch|p2a: Gholdengo
|-resisted|p2a: Gholdengo
|-damage|p2a: Gholdengo|69/100
|move|p2a: Gholdengo|Shadow Ball|p1a: NU!?
|-supereffective|p1a: NU!?
|-damage|p1a: NU!?|0 fnt
|faint|p1a: NU!?
|-end|p1a: NU!?|Protosynthesis|[silent]
|
|-heal|p2a: Gholdengo|75/100|[from] item: Leftovers
|upkeep
|
|t:|1769302243
|switch|p1a: Onigiri|Garganacl, M|100/100
|turn|19
|
|t:|1769302266
|-terastallize|p1a: Onigiri|Ghost
|move|p2a: Gholdengo|Make It Rain|p1a: Onigiri
|-damage|p1a: Onigiri|42/100
|-unboost|p2a: Gholdengo|spa|1
|move|p1a: Onigiri|Salt Cure|p2a: Gholdengo
|-resisted|p2a: Gholdengo
|-damage|p2a: Gholdengo|67/100
|-start|p2a: Gholdengo|Salt Cure
|
|-heal|p2a: Gholdengo|73/100|[from] item: Leftovers
|-heal|p1a: Onigiri|48/100|[from] item: Leftovers
|-damage|p2a: Gholdengo|48/100|[from] Salt Cure
|upkeep
|turn|20
|
|t:|1769302274
|move|p2a: Gholdengo|Shadow Ball|p1a: Onigiri
|-supereffective|p1a: Onigiri
|-damage|p1a: Onigiri|29/100
|move|p1a: Onigiri|Recover|p1a: Onigiri
|-heal|p1a: Onigiri|79/100
|
|-heal|p2a: Gholdengo|54/100|[from] item: Leftovers
|-heal|p1a: Onigiri|86/100|[from] item: Leftovers
|-damage|p2a: Gholdengo|29/100|[from] Salt Cure
|upkeep
|turn|21
|
|t:|1769302283
|move|p2a: Gholdengo|Make It Rain|p1a: Onigiri
|-damage|p1a: Onigiri|50/100
|-unboost|p2a: Gholdengo|spa|1
|move|p1a: Onigiri|Iron Defense|p1a: Onigiri
|-boost|p1a: Onigiri|def|2
|
|-heal|p2a: Gholdengo|35/100|[from] item: Leftovers
|-heal|p1a: Onigiri|56/100|[from] item: Leftovers
|-damage|p2a: Gholdengo|10/100|[from] Salt Cure
|upkeep
|turn|22
|
|t:|1769302296
|move|p2a: Gholdengo|Shadow Ball|p1a: Onigiri
|-supereffective|p1a: Onigiri
|-damage|p1a: Onigiri|43/100
|move|p1a: Onigiri|Recover|p1a: Onigiri
|-heal|p1a: Onigiri|93/100
|
|-heal|p2a: Gholdengo|16/100|[from] item: Leftovers
|-heal|p1a: Onigiri|99/100|[from] item: Leftovers
|-damage|p2a: Gholdengo|0 fnt|[from] Salt Cure
|faint|p2a: Gholdengo
|upkeep
|
|t:|1769302310
|switch|p2a: Gliscor|Gliscor, F|100/100
|turn|23
|
|t:|1769302323
|move|p2a: Gliscor|Protect|p2a: Gliscor
|-singleturn|p2a: Gliscor|Protect
|move|p1a: Onigiri|Salt Cure|p2a: Gliscor
|-activate|p2a: Gliscor|move: Protect
|
|-heal|p1a: Onigiri|100/100|[from] item: Leftovers
|-status|p2a: Gliscor|tox|[from] item: Toxic Orb
|upkeep
|turn|24
|
|t:|1769302326
|move|p2a: Gliscor|Knock Off|p1a: Onigiri
|-supereffective|p1a: Onigiri
|-damage|p1a: Onigiri|86/100
|-enditem|p1a: Onigiri|Leftovers|[from] move: Knock Off|[of] p2a: Gliscor
|move|p1a: Onigiri|Salt Cure|p2a: Gliscor
|-damage|p2a: Gliscor|89/100 tox
|-start|p2a: Gliscor|Salt Cure
|
|-heal|p2a: Gliscor|100/100 tox|[from] ability: Poison Heal
|-damage|p2a: Gliscor|88/100 tox|[from] Salt Cure
|upkeep
|turn|25
|
|t:|1769302336
|move|p2a: Gliscor|Knock Off|p1a: Onigiri
|-supereffective|p1a: Onigiri
|-damage|p1a: Onigiri|75/100
|move|p1a: Onigiri|Iron Defense|p1a: Onigiri
|-boost|p1a: Onigiri|def|2
|
|-heal|p2a: Gliscor|100/100 tox|[from] ability: Poison Heal
|-damage|p2a: Gliscor|88/100 tox|[from] Salt Cure
|upkeep
|turn|26
|
|t:|1769302340
|move|p2a: Gliscor|Knock Off|p1a: Onigiri
|-supereffective|p1a: Onigiri
|-damage|p1a: Onigiri|68/100
|move|p1a: Onigiri|Iron Defense|p1a: Onigiri
|-boost|p1a: Onigiri|def|2
|
|-heal|p2a: Gliscor|100/100 tox|[from] ability: Poison Heal
|-damage|p2a: Gliscor|88/100 tox|[from] Salt Cure
|upkeep
|turn|27
|
|t:|1769302345
|move|p2a: Gliscor|Knock Off|p1a: Onigiri
|-supereffective|p1a: Onigiri
|-damage|p1a: Onigiri|63/100
|move|p1a: Onigiri|Recover|p1a: Onigiri
|-heal|p1a: Onigiri|100/100
|
|-heal|p2a: Gliscor|100/100 tox|[from] ability: Poison Heal
|-damage|p2a: Gliscor|88/100 tox|[from] Salt Cure
|upkeep
|turn|28
|
|t:|1769302354
|move|p2a: Gliscor|Knock Off|p1a: Onigiri
|-supereffective|p1a: Onigiri
|-damage|p1a: Onigiri|95/100
|move|p1a: Onigiri|Body Press|p2a: Gliscor
|-resisted|p2a: Gliscor
|-damage|p2a: Gliscor|52/100 tox
|
|-heal|p2a: Gliscor|64/100 tox|[from] ability: Poison Heal
|-damage|p2a: Gliscor|52/100 tox|[from] Salt Cure
|upkeep
|turn|29
|
|t:|1769302360
|move|p2a: Gliscor|Protect|p2a: Gliscor
|-singleturn|p2a: Gliscor|Protect
|move|p1a: Onigiri|Body Press|p2a: Gliscor
|-activate|p2a: Gliscor|move: Protect
|
|-heal|p2a: Gliscor|64/100 tox|[from] ability: Poison Heal
|-damage|p2a: Gliscor|52/100 tox|[from] Salt Cure
|upkeep
|turn|30
|
|t:|1769302370
|move|p2a: Gliscor|Knock Off|p1a: Onigiri
|-supereffective|p1a: Onigiri
|-damage|p1a: Onigiri|89/100
|move|p1a: Onigiri|Body Press|p2a: Gliscor
|-resisted|p2a: Gliscor
|-damage|p2a: Gliscor|17/100 tox
|
|-heal|p2a: Gliscor|29/100 tox|[from] ability: Poison Heal
|-damage|p2a: Gliscor|17/100 tox|[from] Salt Cure
|upkeep
|turn|31
|
|t:|1769302381
|move|p2a: Gliscor|Protect|p2a: Gliscor
|-singleturn|p2a: Gliscor|Protect
|move|p1a: Onigiri|Salt Cure|p2a: Gliscor
|-activate|p2a: Gliscor|move: Protect
|
|-heal|p2a: Gliscor|29/100 tox|[from] ability: Poison Heal
|-damage|p2a: Gliscor|17/100 tox|[from] Salt Cure
|upkeep
|turn|32
|
|t:|1769302387
|move|p2a: Gliscor|Knock Off|p1a: Onigiri
|-supereffective|p1a: Onigiri
|-damage|p1a: Onigiri|84/100
|move|p1a: Onigiri|Body Press|p2a: Gliscor
|-resisted|p2a: Gliscor
|-damage|p2a: Gliscor|0 fnt
|faint|p2a: Gliscor
|
|upkeep
|
|t:|1769302390
|switch|p2a: Latios|Latios, M|100/100
|turn|33
|
|t:|1769302400
|move|p2a: Latios|Trick|p1a: Onigiri
|-activate|p2a: Latios|move: Trick|[of] p1a: Onigiri
|-item|p1a: Onigiri|Choice Scarf|[from] move: Trick
|-enditem|p2a: Latios|Choice Scarf|[silent]|[from] move: Trick
|move|p1a: Onigiri|Body Press|p2a: Latios
|-resisted|p2a: Latios
|-damage|p2a: Latios|36/100
|
|upkeep
|turn|34
|
|t:|1769302408
|move|p2a: Latios|Draco Meteor|p1a: Onigiri
|-damage|p1a: Onigiri|37/100
|-unboost|p2a: Latios|spa|2
|move|p1a: Onigiri|Body Press|p2a: Latios
|-resisted|p2a: Latios
|-damage|p2a: Latios|0 fnt
|faint|p2a: Latios
|
|win|SlimeyT9
|raw|SlimeyT9's rating: 1234 &rarr; <strong>1256</strong><br />(+22 for winning)
|raw|Kippty's rating: 1197 &rarr; <strong>1175</strong><br />(-22 for losing)
|c|☆SlimeyT9|gg
|l|☆Kippty
|player|p2|
