|j|☆jarrodbennett
|j|☆C-losss8
|t:|1769391644
|gametype|singles
|player|p1|jarrodbennett|102|1421
|player|p2|C-losss8|1|1403
|gen|9
|tier|[Gen 9] OU
|rated|
|rule|HP Percentage Mod: HP is shown in percentages
|rule|Endless Battle Clause: Forcing endless battles is banned
|rule|Species Clause: Limit one of each Pokémon
|rule|OHKO Clause: OHKO moves are banned
|rule|Evasion Items Clause: Evasion items are banned
|rule|Evasion Moves Clause: Evasion moves are banned
|rule|Evasion Abilities Clause: Evasion abilities are banned
|rule|Sleep Moves Clause: Sleep-inducing moves are banned
|clearpoke
|poke|p1|Ribombee, F|
|poke|p1|Cinderace, M|
|poke|p1|Serperior, F|
|poke|p1|Hitmonlee, M|
|poke|p1|Empoleon, M|
|poke|p1|Kingambit, F|
|poke|p2|Glimmora, F|
|poke|p2|Garganacl, F|
|poke|p2|Dragonite, F|
|poke|p2|Darkrai|
|poke|p2|Iron Valiant|
|poke|p2|Ogerpon-Wellspring, F|
|teampreview
|l|☆C-losss8
|player|p2|
|j|☆C-losss8
|player|p2|C-losss8|1|
|
|t:|1769391694
|teamsize|p1|6
|teamsize|p2|6
|start
|switch|p1a: Ya Like Jazz?|Ribombee, F|100/100
|switch|p2a: Ogerpon|Ogerpon-Wellspring, F|100/100
|turn|1
|inactive|Battle timer is ON: inactive players will automatically lose when time's up. (requested by C-losss8)
|
|t:|1769391701
|move|p1a: Ya Like Jazz?|Sticky Web|p2a: Ogerpon
|-sidestart|p2: C-losss8|move: Sticky Web
|move|p2a: Ogerpon|Horn Leech|p1a: Ya Like Jazz?
|-resisted|p1a: Ya Like Jazz?
|-damage|p1a: Ya Like Jazz?|55/100
|
|upkeep
|turn|2
|
|t:|1769391715
|move|p1a: Ya Like Jazz?|Charm|p2a: Ogerpon
|-unboost|p2a: Ogerpon|atk|2
|move|p2a: Ogerpon|Ivy Cudgel|p1a: Ya Like Jazz?|[anim] Ivy Cudgel Water
|-damage|p1a: Ya Like Jazz?|0 fnt
|faint|p1a: Ya Like Jazz?
|
|upkeep
|
|t:|1769391723
|switch|p1a: What's Up Doc?|Cinderace, M|100/100
|turn|3
|
|t:|1769391732
|switch|p2a: Garganacl|Garganacl, F|100/100
|-activate|p2a: Garganacl|move: Sticky Web
|-unboost|p2a: Garganacl|spe|1
|move|p1a: What's Up Doc?|Court Change|p1a: What's Up Doc?
|-start|p1a: What's Up Doc?|typechange|Normal|[from] ability: Libero
|-swapsideconditions
|-activate|p1a: What's Up Doc?|move: Court Change
|
|upkeep
|turn|4
|
|t:|1769391744
|move|p1a: What's Up Doc?|High Jump Kick|p2a: Garganacl
|-supereffective|p2a: Garganacl
|-damage|p2a: Garganacl|45/100
|move|p2a: Garganacl|Salt Cure|p1a: What's Up Doc?
|-damage|p1a: What's Up Doc?|81/100
|-start|p1a: What's Up Doc?|Salt Cure
|
|-heal|p2a: Garganacl|51/100|[from] item: Leftovers
|-damage|p1a: What's Up Doc?|68/100|[from] Salt Cure
|upkeep
|turn|5
|
|t:|1769391755
|switch|p2a: Ogerpon|Ogerpon-Wellspring, F|100/100
|move|p1a: What's Up Doc?|Taunt|p2a: Ogerpon
|-start|p2a: Ogerpon|move: Taunt
|
|-damage|p1a: What's Up Doc?|56/100|[from] Salt Cure
|upkeep
|turn|6
|
|t:|1769391764
|move|p1a: What's Up Doc?|Pyro Ball|p2a: Ogerpon
|-damage|p2a: Ogerpon|51/100
|move|p2a: Ogerpon|Knock Off|p1a: What's Up Doc?
|-damage|p1a: What's Up Doc?|5/100
|-enditem|p1a: What's Up Doc?|Heavy-Duty Boots|[from] move: Knock Off|[of] p2a: Ogerpon
|
|-damage|p1a: What's Up Doc?|0 fnt|[from] Salt Cure
|faint|p1a: What's Up Doc?
|upkeep
|
|t:|1769391773
|switch|p1a: Slytherin|Serperior, F|100/100
|-activate|p1a: Slytherin|move: Sticky Web
|-boost|p1a: Slytherin|spe|1
|turn|7
|
|t:|1769391779
|switch|p2a: Glimmora|Glimmora, F|100/100
|move|p1a: Slytherin|Leaf Storm|p2a: Glimmora
|-damage|p2a: Glimmora|42/100
|-boost|p1a: Slytherin|spa|2
|
|upkeep
|turn|8
|
|t:|1769391788
|move|p1a: Slytherin|Leaf Storm|p2a: Glimmora
|-damage|p2a: Glimmora|0 fnt
|-boost|p1a: Slytherin|spa|2
|faint|p2a: Glimmora
|
|upkeep
|
|t:|1769391794
|switch|p2a: Darkrai|Darkrai|100/100
|turn|9
|
|t:|1769391799
|move|p1a: Slytherin|Leaf Storm|p2a: Darkrai
|-damage|p2a: Darkrai|0 fnt
|-boost|p1a: Slytherin|spa|2
|faint|p2a: Darkrai
|
|upkeep
|
|t:|1769391807
|switch|p2a: Iron Valiant|Iron Valiant|100/100
|-enditem|p2a: Iron Valiant|Booster Energy
|-activate|p2a: Iron Valiant|ability: Quark Drive|[fromitem]
|-start|p2a: Iron Valiant|quarkdrivespe
|turn|10
|
|t:|1769391812
|move|p2a: Iron Valiant|Close Combat|p1a: Slytherin
|-damage|p1a: Slytherin|28/100
|-unboost|p2a: Iron Valiant|def|1
|-unboost|p2a: Iron Valiant|spd|1
|move|p1a: Slytherin|Leaf Storm|p2a: Iron Valiant
|-damage|p2a: Iron Valiant|0 fnt
|faint|p2a: Iron Valiant
|-end|p2a: Iron Valiant|Quark Drive|[silent]
|
|upkeep
|
|t:|1769391822
|switch|p2a: Dragonite|Dragonite, F|100/100
|turn|11
|
|t:|1769391825
|move|p2a: Dragonite|Extreme Speed|p1a: Slytherin
|-damage|p1a: Slytherin|0 fnt
|faint|p1a: Slytherin
|
|upkeep
|
|t:|1769391831
|switch|p1a: Big Z|Empoleon, M|100/100
|-activate|p1a: Big Z|move: Sticky Web
|-unboost|p1a: Big Z|spe|1
|-ability|p1a: Big Z|Competitive|boost
|-boost|p1a: Big Z|spa|2
|turn|12
|
|t:|1769391837
|move|p2a: Dragonite|Earthquake|p1a: Big Z
|-supereffective|p1a: Big Z
|-damage|p1a: Big Z|27/100
|move|p1a: Big Z|Ice Beam|p2a: Dragonite
|-supereffective|p2a: Dragonite
|-damage|p2a: Dragonite|0 fnt
|faint|p2a: Dragonite
|
|upkeep
|
|t:|1769391846
|switch|p2a: Ogerpon|Ogerpon-Wellspring, F|51/100
|turn|13
|
|t:|1769391850
|move|p1a: Big Z|Vacuum Wave|p2a: Ogerpon
|-damage|p2a: Ogerpon|16/100
|move|p2a: Ogerpon|Horn Leech|p1a: Big Z
|-damage|p1a: Big Z|0 fnt
|-heal|p2a: Ogerpon|33/100|[from] drain|[of] p1a: Big Z
|faint|p1a: Big Z
|
|upkeep
|
|t:|1769391858
|switch|p1a: Kickin' Nugget|Hitmonlee, M|100/100
|-activate|p1a: Kickin' Nugget|move: Sticky Web
|-unboost|p1a: Kickin' Nugget|spe|1
|-enditem|p1a: Kickin' Nugget|White Herb
|-clearnegativeboost|p1a: Kickin' Nugget|[silent]
|turn|14
|
|t:|1769391866
|move|p1a: Kickin' Nugget|Knock Off|p2a: Ogerpon
|-damage|p2a: Ogerpon|1/100
|move|p2a: Ogerpon|Horn Leech|p1a: Kickin' Nugget
|-damage|p1a: Kickin' Nugget|0 fnt
|-heal|p2a: Ogerpon|41/100|[from] drain|[of] p1a: Kickin' Nugget
|faint|p1a: Kickin' Nugget
|
|upkeep
|c|☆jarrodbennett|Oops.
|
|t:|1769391878
|switch|p1a: Come At Me Bro|Kingambit, F|100/100
|-activate|p1a: Come At Me Bro|move: Sticky Web
|-unboost|p1a: Come At Me Bro|spe|1
|-ability|p1a: Come At Me Bro|Defiant|boost
|-boost|p1a: Come At Me Bro|atk|2
|turn|15
|
|t:|1769391884
|move|p2a: Ogerpon|Knock Off|p1a: Come At Me Bro
|-resisted|p1a: Come At Me Bro
|-damage|p1a: Come At Me Bro|87/100
|-enditem|p1a: Come At Me Bro|Lum Berry|[from] move: Knock Off|[of] p2a: Ogerpon
|move|p1a: Come At Me Bro|Kowtow Cleave|p2a: Ogerpon
|-damage|p2a: Ogerpon|0 fnt
|faint|p2a: Ogerpon
|
|upkeep
|
|t:|1769391894
|switch|p2a: Garganacl|Garganacl, F|51/100
|turn|16
|
|t:|1769391898
|-terastallize|p2a: Garganacl|Water
|-terastallize|p1a: Come At Me Bro|Fairy
|move|p2a: Garganacl|Recover|p2a: Garganacl
|-heal|p2a: Garganacl|100/100
|move|p1a: Come At Me Bro|Kowtow Cleave|p2a: Garganacl
|-damage|p2a: Garganacl|37/100
|
|-heal|p2a: Garganacl|44/100|[from] item: Leftovers
|upkeep
|turn|17
|
|t:|1769391910
|move|p2a: Garganacl|Recover|p2a: Garganacl
|-heal|p2a: Garganacl|94/100
|move|p1a: Come At Me Bro|Kowtow Cleave|p2a: Garganacl
|-damage|p2a: Garganacl|29/100
|
|-heal|p2a: Garganacl|35/100|[from] item: Leftovers
|upkeep
|turn|18
|inactive|C-losss8 has 120 seconds left.
|
|t:|1769391942
|move|p2a: Garganacl|Recover|p2a: Garganacl
|-heal|p2a: Garganacl|85/100
|move|p1a: Come At Me Bro|Kowtow Cleave|p2a: Garganacl
|-damage|p2a: Garganacl|16/100
|
|-heal|p2a: Garganacl|23/100|[from] item: Leftovers
|upkeep
|turn|19
|-message|C-losss8 forfeited.
|
|win|jarrodbennett
|raw|jarrodbennett's rating: 1421 &rarr; <strong>1440</strong><br />(+19 for winning)
|raw|C-losss8's rating: 1403 &rarr; <strong>1384</strong><br />(-19 for losing)
|l|☆C-losss8
|player|p2|
|l|☆jarrodbennett
|player|p1|
