|j|☆Luisowbro
|j|☆22dt
|t:|1769438385
|gametype|singles
|player|p1|Luisowbro|ingo|1593
|player|p2|22dt|1|1678
|gen|9
|tier|[Gen 9] OU
|rated|
|rule|HP Percentage Mod: HP is shown in percentages
|rule|Endless Battle Clause: Forcing endless battles is banned
|rule|Species Clause: Limit one of each Pokémon
|rule|OHKO Clause: OHKO moves are banned
|rule|Evasion Items Clause: Evasion items are banned
|rule|Evasion Moves Clause: Evasion moves are banned
|rule|Evasion Abilities Clause: Evasion abilities are banned
|rule|Sleep Moves Clause: Sleep-inducing moves are banned
|clearpoke
|poke|p1|Haxorus, M|
|poke|p1|Moltres-Galar|
|poke|p1|Mamoswine, M|
|poke|p1|Scizor, M|
|poke|p1|Volcanion|
|poke|p1|Ninetales-Alola, F|
|poke|p2|Samurott-Hisui, M|
|poke|p2|Ceruledge, F|
|poke|p2|Zamazenta-*|
|poke|p2|Dragonite, M|
|poke|p2|Zapdos|
|poke|p2|Kingambit, F|
|teampreview
|inactive|Battle timer is ON: inactive players will automatically lose when time's up. (requested by 22dt)
|inactive|Luisowbro has 120 seconds left.
|inactive|22dt has 120 seconds left.
|c|☆22dt|glhf
|
|t:|1769438434
|teamsize|p1|6
|teamsize|p2|6
|start
|switch|p1a: Scizor|Scizor, M|100/100
|switch|p2a: Samurott|Samurott-Hisui, M|100/100
|turn|1
|c|☆Luisowbro|glhf
|inactive|22dt has 120 seconds left.
|
|t:|1769438477
|move|p2a: Samurott|Taunt|p1a: Scizor
|-start|p1a: Scizor|move: Taunt
|move|p1a: Scizor|U-turn|p2a: Samurott
|-supereffective|p2a: Samurott
|-enditem|p2a: Samurott|Focus Sash
|-damage|p2a: Samurott|1/100
|
|t:|1769438494
|switch|p1a: Ninetales|Ninetales-Alola, F, shiny|100/100|[from] U-turn
|-weather|Snowscape|[from] ability: Snow Warning|[of] p1a: Ninetales
|
|-weather|Snowscape|[upkeep]
|upkeep
|turn|2
|inactive|22dt has 120 seconds left.
|
|t:|1769438500
|move|p2a: Samurott|Sucker Punch|p1a: Ninetales
|-resisted|p1a: Ninetales
|-damage|p1a: Ninetales|88/100
|move|p1a: Ninetales|Freeze-Dry|p2a: Samurott
|-supereffective|p2a: Samurott
|-damage|p2a: Samurott|0 fnt
|faint|p2a: Samurott
|
|-weather|Snowscape|[upkeep]
|upkeep
|inactive|22dt has 120 seconds left.
|
|t:|1769438519
|switch|p2a: Ceruledge|Ceruledge, F|100/100
|turn|3
|
|t:|1769438526
|switch|p1a: Volcanion|Volcanion|100/100
|move|p2a: Ceruledge|Swords Dance|p2a: Ceruledge
|-boost|p2a: Ceruledge|atk|2
|
|-weather|Snowscape|[upkeep]
|upkeep
|turn|4
|
|t:|1769438532
|move|p2a: Ceruledge|Poltergeist|p1a: Volcanion
|-activate|p1a: Volcanion|move: Poltergeist|Assault Vest
|-damage|p1a: Volcanion|9/100
|move|p1a: Volcanion|Steam Eruption|p2a: Ceruledge
|-supereffective|p2a: Ceruledge
|-enditem|p2a: Ceruledge|Focus Sash
|-damage|p2a: Ceruledge|1/100
|
|-weather|Snowscape|[upkeep]
|upkeep
|turn|5
|
|t:|1769438541
|move|p2a: Ceruledge|Shadow Sneak|p1a: Volcanion
|-damage|p1a: Volcanion|0 fnt
|faint|p1a: Volcanion
|
|-weather|none
|upkeep
|inactive|Luisowbro has 120 seconds left.
|
|t:|1769438585
|switch|p1a: Ninetales|Ninetales-Alola, F, shiny|88/100
|-weather|Snowscape|[from] ability: Snow Warning|[of] p1a: Ninetales
|turn|6
|
|t:|1769438600
|move|p1a: Ninetales|Freeze-Dry|p2a: Ceruledge
|-resisted|p2a: Ceruledge
|-damage|p2a: Ceruledge|0 fnt
|faint|p2a: Ceruledge
|
|-weather|Snowscape|[upkeep]
|upkeep
|
|t:|1769438605
|switch|p2a: Zamazenta|Zamazenta|100/100
|-ability|p2a: Zamazenta|Dauntless Shield|boost
|-boost|p2a: Zamazenta|def|1
|turn|7
|inactive|Luisowbro has 120 seconds left.
|
|t:|1769438622
|switch|p1a: Moltres|Moltres-Galar, shiny|100/100
|move|p2a: Zamazenta|Heavy Slam|p1a: Moltres
|-damage|p1a: Moltres|75/100
|
|-weather|Snowscape|[upkeep]
|upkeep
|turn|8
|
|t:|1769438642
|switch|p2a: Zapdos|Zapdos|100/100
|move|p1a: Moltres|Air Slash|p2a: Zapdos
|-resisted|p2a: Zapdos
|-damage|p2a: Zapdos|82/100
|
|-weather|Snowscape|[upkeep]
|upkeep
|turn|9
|inactive|Luisowbro has 120 seconds left.
|
|t:|1769438662
|switch|p1a: Mamoswine|Mamoswine, M|100/100
|move|p2a: Zapdos|Volt Switch|p1a: Mamoswine
|-immune|p1a: Mamoswine
|
|-weather|Snowscape|[upkeep]
|upkeep
|turn|10
|inactive|Luisowbro has 120 seconds left.
|
|t:|1769438680
|switch|p1a: Ninetales|Ninetales-Alola, F, shiny|88/100
|switch|p2a: Kingambit|Kingambit, F|100/100
|
|-weather|none
|upkeep
|turn|11
|
|t:|1769438691
|switch|p1a: Scizor|Scizor, M|100/100
|move|p2a: Kingambit|Iron Head|p1a: Scizor
|-resisted|p1a: Scizor
|-damage|p1a: Scizor|76/100
|
|upkeep
|turn|12
|
|t:|1769438711
|switch|p2a: Zapdos|Zapdos|82/100
|move|p1a: Scizor|U-turn|p2a: Zapdos
|-resisted|p2a: Zapdos
|-crit|p2a: Zapdos
|-damage|p2a: Zapdos|28/100
|-status|p1a: Scizor|par|[from] ability: Static|[of] p2a: Zapdos
|c|☆22dt|GODDAMN
|
|t:|1769438724
|switch|p1a: Mamoswine|Mamoswine, M|100/100|[from] U-turn
|
|upkeep
|turn|13
|c|☆Luisowbro|crit
|c|☆Luisowbro|but
|c|☆Luisowbro|static
|c|☆Luisowbro|jajaja
|c|☆22dt|XD
|inactive|22dt has 120 seconds left.
|
|t:|1769438755
|switch|p2a: Kingambit|Kingambit, F|100/100
|move|p1a: Mamoswine|Icicle Crash|p2a: Kingambit
|-resisted|p2a: Kingambit
|-damage|p2a: Kingambit|82/100
|
|-heal|p2a: Kingambit|88/100|[from] item: Leftovers
|upkeep
|turn|14
|inactive|22dt has 120 seconds left.
|inactive|Luisowbro has 90 seconds left.
|
|t:|1769438793
|switch|p1a: Scizor|Scizor, M|76/100 par
|-terastallize|p2a: Kingambit|Dark
|move|p2a: Kingambit|Swords Dance|p2a: Kingambit
|-boost|p2a: Kingambit|atk|2
|
|-heal|p2a: Kingambit|94/100|[from] item: Leftovers
|upkeep
|turn|15
|
|t:|1769438807
|move|p2a: Kingambit|Sucker Punch|p1a: Scizor
|-damage|p1a: Scizor|0 fnt
|faint|p1a: Scizor
|
|-heal|p2a: Kingambit|100/100|[from] item: Leftovers
|upkeep
|
|t:|1769438821
|switch|p1a: Ninetales|Ninetales-Alola, F, shiny|88/100
|-weather|Snowscape|[from] ability: Snow Warning|[of] p1a: Ninetales
|turn|16
|
|t:|1769438826
|move|p1a: Ninetales|Aurora Veil|p1a: Ninetales
|-sidestart|p1: Luisowbro|move: Aurora Veil
|move|p2a: Kingambit|Iron Head|p1a: Ninetales
|-supereffective|p1a: Ninetales
|-damage|p1a: Ninetales|0 fnt
|faint|p1a: Ninetales
|
|-weather|Snowscape|[upkeep]
|upkeep
|inactive|Luisowbro has 60 seconds left.
|
|t:|1769438865
|switch|p1a: Haxorus|Haxorus, M, shiny|100/100
|-ability|p1a: Haxorus|Mold Breaker
|turn|17
|
|t:|1769438880
|move|p1a: Haxorus|Swords Dance|p1a: Haxorus
|-boost|p1a: Haxorus|atk|2
|move|p2a: Kingambit|Kowtow Cleave|p1a: Haxorus
|-damage|p1a: Haxorus|22/100
|
|-weather|Snowscape|[upkeep]
|upkeep
|turn|18
|
|t:|1769438888
|move|p2a: Kingambit|Sucker Punch|p1a: Haxorus
|-damage|p1a: Haxorus|0 fnt
|faint|p1a: Haxorus
|
|-weather|Snowscape|[upkeep]
|upkeep
|
|t:|1769438896
|switch|p1a: Moltres|Moltres-Galar, shiny|75/100
|turn|19
|
|t:|1769438900
|move|p1a: Moltres|Nasty Plot|p1a: Moltres
|-boost|p1a: Moltres|spa|2
|move|p2a: Kingambit|Iron Head|p1a: Moltres
|-damage|p1a: Moltres|26/100
|-ability|p1a: Moltres|Berserk|boost
|-boost|p1a: Moltres|spa|1
|-enditem|p1a: Moltres|Sitrus Berry|[eat]
|-heal|p1a: Moltres|51/100|[from] item: Sitrus Berry
|
|-weather|Snowscape|[upkeep]
|upkeep
|turn|20
|inactive|22dt has 120 seconds left.
|
|t:|1769438936
|switch|p2a: Zapdos|Zapdos|28/100
|move|p1a: Moltres|Air Slash|p2a: Zapdos
|-resisted|p2a: Zapdos
|-damage|p2a: Zapdos|0 fnt
|faint|p2a: Zapdos
|
|-weather|none
|upkeep
|c|☆22dt|oooooof
|
|t:|1769438949
|switch|p2a: Zamazenta|Zamazenta|100/100
|turn|21
|
|t:|1769438959
|move|p2a: Zamazenta|Stone Edge|p1a: Moltres
|-supereffective|p1a: Moltres
|-damage|p1a: Moltres|21/100
|-ability|p1a: Moltres|Berserk|boost
|-boost|p1a: Moltres|spa|1
|move|p1a: Moltres|Agility|p1a: Moltres
|-boost|p1a: Moltres|spe|2
|
|upkeep
|turn|22
|inactive|22dt has 120 seconds left.
|
|t:|1769438972
|-terastallize|p1a: Moltres|Steel
|move|p1a: Moltres|Air Slash|p2a: Zamazenta
|-supereffective|p2a: Zamazenta
|-damage|p2a: Zamazenta|0 fnt
|faint|p2a: Zamazenta
|
|upkeep
|inactive|22dt has 120 seconds left.
|
|t:|1769438981
|switch|p2a: Kingambit|Kingambit, F, tera:Dark|100/100
|turn|23
|
|t:|1769438989
|move|p2a: Kingambit|Sucker Punch|p1a: Moltres
|-damage|p1a: Moltres|0 fnt
|faint|p1a: Moltres
|
|-sideend|p1: Luisowbro|move: Aurora Veil
|upkeep
|
|t:|1769438994
|switch|p1a: Mamoswine|Mamoswine, M|100/100
|turn|24
|
|t:|1769439001
|move|p1a: Mamoswine|Icicle Crash|p2a: Kingambit
|-damage|p2a: Kingambit|66/100
|cant|p2a: Kingambit|flinch
|
|-heal|p2a: Kingambit|73/100|[from] item: Leftovers
|upkeep
|turn|25
|c|☆22dt|😭😭😭
|
|t:|1769439008
|move|p1a: Mamoswine|Icicle Crash|p2a: Kingambit
|-damage|p2a: Kingambit|37/100
|move|p2a: Kingambit|Iron Head|p1a: Mamoswine
|-supereffective|p1a: Mamoswine
|-damage|p1a: Mamoswine|0 fnt
|faint|p1a: Mamoswine
|
|win|22dt
|raw|Luisowbro's rating: 1593 &rarr; <strong>1578</strong><br />(-15 for losing)
|raw|22dt's rating: 1678 &rarr; <strong>1693</strong><br />(+15 for winning)
|c|☆22dt|ggs
|c|☆Luisowbro|gg
|l|☆22dt
|player|p2|
|l|☆Luisowbro
|player|p1|
