|j|☆manu333
|j|☆beeboobaa
|t:|1769376024
|gametype|singles
|player|p1|manu333|brycenman|1463
|player|p2|beeboobaa|2|1499
|gen|9
|tier|[Gen 9] OU
|rated|
|rule|HP Percentage Mod: HP is shown in percentages
|rule|Endless Battle Clause: Forcing endless battles is banned
|rule|Species Clause: Limit one of each Pokémon
|rule|OHKO Clause: OHKO moves are banned
|rule|Evasion Items Clause: Evasion items are banned
|rule|Evasion Moves Clause: Evasion moves are banned
|rule|Evasion Abilities Clause: Evasion abilities are banned
|rule|Sleep Moves Clause: Sleep-inducing moves are banned
|clearpoke
|poke|p1|Pecharunt|
|poke|p1|Ting-Lu|
|poke|p1|Skarmory, F|
|poke|p1|Clefable, M|
|poke|p1|Zamazenta-*|
|poke|p1|Walking Wake|
|poke|p2|Clefable, F|
|poke|p2|Gengar, F|
|poke|p2|Chansey, F|
|poke|p2|Ditto|
|poke|p2|Zapdos|
|poke|p2|Dragonite, M|
|teampreview
|inactive|Battle timer is ON: inactive players will automatically lose when time's up. (requested by manu333)
|
|t:|1769376033
|teamsize|p1|6
|teamsize|p2|6
|start
|switch|p1a: Walking Wake|Walking Wake|100/100
|switch|p2a: Zapdos|Zapdos|100/100
|turn|1
|
|t:|1769376056
|move|p1a: Walking Wake|Knock Off|p2a: Zapdos
|-damage|p2a: Zapdos|85/100
|-enditem|p2a: Zapdos|Heavy-Duty Boots|[from] move: Knock Off|[of] p1a: Walking Wake
|move|p2a: Zapdos|Thunder Wave|p1a: Walking Wake
|-status|p1a: Walking Wake|par
|
|upkeep
|turn|2
|
|t:|1769376065
|-end|p1a: Walking Wake|Protosynthesis|[silent]
|switch|p1a: Ting-Lu|Ting-Lu, shiny|100/100
|-ability|p1a: Ting-Lu|Vessel of Ruin
|move|p2a: Zapdos|Hurricane|p1a: Ting-Lu
|-damage|p1a: Ting-Lu|81/100
|
|upkeep
|turn|3
|inactive|beeboobaa has 120 seconds left.
|
|t:|1769376108
|switch|p2a: Gengar|Gengar, F, shiny|100/100
|move|p1a: Ting-Lu|Stealth Rock|p2a: Gengar
|-sidestart|p2: beeboobaa|move: Stealth Rock
|
|upkeep
|turn|4
|
|t:|1769376126
|move|p2a: Gengar|Focus Blast|p1a: Ting-Lu|[miss]
|-miss|p2a: Gengar|p1a: Ting-Lu
|move|p1a: Ting-Lu|Earthquake|p2a: Gengar
|-supereffective|p2a: Gengar
|-damage|p2a: Gengar|0 fnt
|-start|p1a: Ting-Lu|Disable|Earthquake|[from] ability: Cursed Body|[of] p2a: Gengar
|faint|p2a: Gengar
|
|upkeep
|inactive|beeboobaa has 120 seconds left.
|
|t:|1769376158
|switch|p2a: Clefable|Clefable, F|100/100
|turn|5
|
|t:|1769376168
|switch|p1a: Clefable|Clefable, M|100/100
|move|p2a: Clefable|Moonblast|p1a: Clefable
|-crit|p1a: Clefable
|-damage|p1a: Clefable|54/100
|-unboost|p1a: Clefable|spa|1
|
|-heal|p1a: Clefable|60/100|[from] item: Leftovers
|upkeep
|turn|6
|
|t:|1769376177
|switch|p2a: Chansey|Chansey, F|100/100
|-damage|p2a: Chansey|88/100|[from] Stealth Rock
|move|p1a: Clefable|Moonlight|p1a: Clefable
|-heal|p1a: Clefable|100/100
|
|upkeep
|turn|7
|
|t:|1769376180
|move|p1a: Clefable|Knock Off|p2a: Chansey
|-damage|p2a: Chansey|77/100
|-enditem|p2a: Chansey|Eviolite|[from] move: Knock Off|[of] p1a: Clefable
|move|p2a: Chansey|Seismic Toss|p1a: Clefable
|-damage|p1a: Clefable|75/100
|
|-heal|p1a: Clefable|81/100|[from] item: Leftovers
|upkeep
|turn|8
|
|t:|1769376190
|switch|p1a: Skarmory|Skarmory, F|100/100
|move|p2a: Chansey|Seismic Toss|p1a: Skarmory
|-damage|p1a: Skarmory|70/100
|-damage|p2a: Chansey|61/100|[from] item: Rocky Helmet|[of] p1a: Skarmory
|
|upkeep
|turn|9
|
|t:|1769376201
|switch|p2a: Zapdos|Zapdos|85/100
|-damage|p2a: Zapdos|60/100|[from] Stealth Rock
|move|p1a: Skarmory|Spikes|p2a: Zapdos
|-sidestart|p2: beeboobaa|Spikes
|
|upkeep
|turn|10
|
|t:|1769376204
|switch|p1a: Ting-Lu|Ting-Lu, shiny|81/100
|-ability|p1a: Ting-Lu|Vessel of Ruin
|move|p2a: Zapdos|Roost|p2a: Zapdos
|-heal|p2a: Zapdos|100/100
|-singleturn|p2a: Zapdos|move: Roost
|
|upkeep
|turn|11
|
|t:|1769376210
|switch|p2a: Clefable|Clefable, F|100/100
|move|p1a: Ting-Lu|Ruination|p2a: Clefable
|-damage|p2a: Clefable|50/100
|
|upkeep
|turn|12
|
|t:|1769376214
|switch|p1a: Pecharunt|Pecharunt|100/100
|move|p2a: Clefable|Calm Mind|p2a: Clefable
|-boost|p2a: Clefable|spa|1
|-boost|p2a: Clefable|spd|1
|
|upkeep
|turn|13
|
|t:|1769376240
|move|p1a: Pecharunt|Parting Shot|p2a: Clefable
|-unboost|p2a: Clefable|atk|1
|-unboost|p2a: Clefable|spa|1
|
|t:|1769376245
|switch|p1a: Skarmory|Skarmory, F|70/100|[from] Parting Shot
|move|p2a: Clefable|Thunder Wave|p1a: Skarmory
|-status|p1a: Skarmory|par
|
|upkeep
|turn|14
|
|t:|1769376256
|switch|p1a: Pecharunt|Pecharunt|100/100
|move|p2a: Clefable|Moonlight|p2a: Clefable
|-heal|p2a: Clefable|100/100
|
|upkeep
|turn|15
|
|t:|1769376260
|move|p1a: Pecharunt|Malignant Chain|p2a: Clefable
|-supereffective|p2a: Clefable
|-damage|p2a: Clefable|60/100
|-status|p2a: Clefable|tox
|-start|p2a: Clefable|confusion|[from] ability: Poison Puppeteer|[of] p1a: Pecharunt
|-activate|p2a: Clefable|confusion
|move|p2a: Clefable|Calm Mind|p2a: Clefable
|-boost|p2a: Clefable|spa|1
|-boost|p2a: Clefable|spd|1
|
|upkeep
|turn|16
|
|t:|1769376268
|move|p1a: Pecharunt|Parting Shot|p2a: Clefable
|-unboost|p2a: Clefable|atk|1
|-unboost|p2a: Clefable|spa|1
|
|t:|1769376270
|switch|p1a: Skarmory|Skarmory, F|70/100 par|[from] Parting Shot
|-activate|p2a: Clefable|confusion
|move|p2a: Clefable|Thunder Wave|p1a: Skarmory
|-fail|p1a: Skarmory|par
|
|upkeep
|turn|17
|
|t:|1769376278
|-activate|p2a: Clefable|confusion
|move|p2a: Clefable|Calm Mind|p2a: Clefable
|-boost|p2a: Clefable|spa|1
|-boost|p2a: Clefable|spd|1
|move|p1a: Skarmory|Spikes|p2a: Clefable
|-sidestart|p2: beeboobaa|Spikes
|
|upkeep
|turn|18
|
|t:|1769376291
|switch|p1a: Zamazenta|Zamazenta|100/100
|-ability|p1a: Zamazenta|Dauntless Shield|boost
|-boost|p1a: Zamazenta|def|1
|-end|p2a: Clefable|confusion
|move|p2a: Clefable|Moonlight|p2a: Clefable
|-heal|p2a: Clefable|100/100 tox
|
|upkeep
|turn|19
|
|t:|1769376297
|-terastallize|p1a: Zamazenta|Steel
|move|p1a: Zamazenta|Heavy Slam|p2a: Clefable
|-supereffective|p2a: Clefable
|-damage|p2a: Clefable|4/100 tox
|-damage|p1a: Zamazenta|84/100|[from] item: Rocky Helmet|[of] p2a: Clefable
|move|p2a: Clefable|Moonblast|p1a: Zamazenta
|-resisted|p1a: Zamazenta
|-damage|p1a: Zamazenta|64/100
|-unboost|p1a: Zamazenta|spa|1
|
|upkeep
|turn|20
|
|t:|1769376304
|move|p1a: Zamazenta|Stone Edge|p2a: Clefable|[miss]
|-miss|p1a: Zamazenta|p2a: Clefable
|move|p2a: Clefable|Thunder Wave|p1a: Zamazenta|[miss]
|-miss|p2a: Clefable|p1a: Zamazenta
|
|upkeep
|turn|21
|
|t:|1769376311
|move|p1a: Zamazenta|Crunch|p2a: Clefable
|-resisted|p2a: Clefable
|-damage|p2a: Clefable|0 fnt
|-damage|p1a: Zamazenta|48/100|[from] item: Rocky Helmet|[of] p2a: Clefable
|faint|p2a: Clefable
|
|upkeep
|
|t:|1769376328
|switch|p2a: Ditto|Ditto|100/100
|-damage|p2a: Ditto|88/100|[from] Stealth Rock
|-damage|p2a: Ditto|72/100|[from] Spikes
|-transform|p2a: Ditto|p1a: Zamazenta|[from] ability: Imposter
|-ability|p2a: Ditto|Dauntless Shield|boost
|-boost|p2a: Ditto|def|1
|-start|p2a: Ditto|typechange|Fighting|[silent]
|turn|22
|
|t:|1769376333
|switch|p1a: Pecharunt|Pecharunt|100/100
|move|p2a: Ditto|Close Combat|p1a: Pecharunt
|-immune|p1a: Pecharunt
|
|upkeep
|turn|23
|
|t:|1769376341
|switch|p2a: Chansey|Chansey, F|61/100
|-damage|p2a: Chansey|48/100|[from] Stealth Rock
|-damage|p2a: Chansey|32/100|[from] Spikes
|move|p1a: Pecharunt|Parting Shot|p2a: Chansey
|-unboost|p2a: Chansey|atk|1
|-unboost|p2a: Chansey|spa|1
|
|t:|1769376346
|switch|p1a: Zamazenta|Zamazenta, tera:Steel|48/100|[from] Parting Shot
|
|upkeep
|turn|24
|
|t:|1769376357
|switch|p2a: Zapdos|Zapdos|100/100
|-damage|p2a: Zapdos|75/100|[from] Stealth Rock
|move|p1a: Zamazenta|Stone Edge|p2a: Zapdos|[miss]
|-miss|p1a: Zamazenta|p2a: Zapdos
|
|upkeep
|turn|25
|
|t:|1769376367
|move|p1a: Zamazenta|Stone Edge|p2a: Zapdos
|-supereffective|p2a: Zapdos
|-damage|p2a: Zapdos|23/100
|move|p2a: Zapdos|Hurricane|p1a: Zamazenta
|-resisted|p1a: Zamazenta
|-damage|p1a: Zamazenta|26/100
|
|upkeep
|turn|26
|c|☆beeboobaa|ops
|c|☆beeboobaa|forgot the tera
|
|t:|1769376385
|move|p1a: Zamazenta|Close Combat|p2a: Zapdos
|-resisted|p2a: Zapdos
|-damage|p2a: Zapdos|0 fnt
|-unboost|p1a: Zamazenta|def|1
|-unboost|p1a: Zamazenta|spd|1
|faint|p2a: Zapdos
|
|upkeep
|
|t:|1769376394
|switch|p2a: Dragonite|Dragonite, M|100/100
|turn|27
|inactive|beeboobaa has 120 seconds left.
|
|t:|1769376421
|switch|p1a: Walking Wake|Walking Wake|100/100 par
|move|p2a: Dragonite|Dragon Dance|p2a: Dragonite
|-boost|p2a: Dragonite|atk|1
|-boost|p2a: Dragonite|spe|1
|
|upkeep
|turn|28
|
|t:|1769376429
|move|p2a: Dragonite|Earthquake|p1a: Walking Wake
|-damage|p1a: Walking Wake|33/100 par
|move|p1a: Walking Wake|Dragon Tail|p2a: Dragonite
|-supereffective|p2a: Dragonite
|-damage|p2a: Dragonite|86/100
|drag|p2a: Chansey|Chansey, F|32/100
|-damage|p2a: Chansey|19/100|[from] Stealth Rock
|-damage|p2a: Chansey|3/100|[from] Spikes
|
|upkeep
|turn|29
|
|t:|1769376440
|move|p1a: Walking Wake|Flip Turn|p2a: Chansey
|-damage|p2a: Chansey|0 fnt
|faint|p2a: Chansey
|
|t:|1769376445
|-end|p1a: Walking Wake|Protosynthesis|[silent]
|switch|p1a: Clefable|Clefable, M|81/100|[from] Flip Turn
|
|-heal|p1a: Clefable|87/100|[from] item: Leftovers
|upkeep
|
|t:|1769376456
|switch|p2a: Dragonite|Dragonite, M|86/100
|turn|30
|inactive|beeboobaa has 120 seconds left.
|
|t:|1769376472
|-terastallize|p2a: Dragonite|Steel
|move|p2a: Dragonite|Dragon Dance|p2a: Dragonite
|-boost|p2a: Dragonite|atk|1
|-boost|p2a: Dragonite|spe|1
|move|p1a: Clefable|Moonblast|p2a: Dragonite
|-resisted|p2a: Dragonite
|-damage|p2a: Dragonite|71/100
|-unboost|p2a: Dragonite|spa|1
|
|-heal|p1a: Clefable|93/100|[from] item: Leftovers
|upkeep
|turn|31
|
|t:|1769376479
|switch|p1a: Ting-Lu|Ting-Lu, shiny|81/100
|-ability|p1a: Ting-Lu|Vessel of Ruin
|move|p2a: Dragonite|Dragon Dance|p2a: Dragonite
|-boost|p2a: Dragonite|atk|1
|-boost|p2a: Dragonite|spe|1
|
|upkeep
|turn|32
|
|t:|1769376487
|move|p2a: Dragonite|Ice Spinner|p1a: Ting-Lu
|-supereffective|p1a: Ting-Lu
|-damage|p1a: Ting-Lu|14/100
|move|p1a: Ting-Lu|Earthquake|p2a: Dragonite
|-supereffective|p2a: Dragonite
|-damage|p2a: Dragonite|0 fnt
|faint|p2a: Dragonite
|
|upkeep
|
|t:|1769376493
|switch|p2a: Ditto|Ditto|72/100
|-damage|p2a: Ditto|59/100|[from] Stealth Rock
|-damage|p2a: Ditto|43/100|[from] Spikes
|-transform|p2a: Ditto|p1a: Ting-Lu|[from] ability: Imposter
|-ability|p2a: Ditto|Vessel of Ruin
|turn|33
|
|t:|1769376496
|move|p2a: Ditto|Earthquake|p1a: Ting-Lu
|-damage|p1a: Ting-Lu|0 fnt
|faint|p1a: Ting-Lu
|
|upkeep
|
|t:|1769376499
|switch|p1a: Skarmory|Skarmory, F|70/100 par
|turn|34
|-message|beeboobaa forfeited.
|
|win|manu333
|raw|manu333's rating: 1463 &rarr; <strong>1485</strong><br />(+22 for winning)
|raw|beeboobaa's rating: 1499 &rarr; <strong>1477</strong><br />(-22 for losing)
|l|☆beeboobaa
|player|p2|
|l|☆manu333
|player|p1|
