|j|☆Fifo drummer
|j|☆Moeoet
|t:|1769352527
|gametype|singles
|player|p1|Fifo drummer|unknown|1389
|player|p2|Moeoet|101|1439
|gen|9
|tier|[Gen 9] OU
|rated|
|rule|HP Percentage Mod: HP is shown in percentages
|rule|Endless Battle Clause: Forcing endless battles is banned
|rule|Species Clause: Limit one of each Pokémon
|rule|OHKO Clause: OHKO moves are banned
|rule|Evasion Items Clause: Evasion items are banned
|rule|Evasion Moves Clause: Evasion moves are banned
|rule|Evasion Abilities Clause: Evasion abilities are banned
|rule|Sleep Moves Clause: Sleep-inducing moves are banned
|clearpoke
|poke|p1|Crawdaunt, M|
|poke|p1|Krookodile, M|
|poke|p1|Goodra-Hisui, F|
|poke|p1|Haxorus, M|
|poke|p1|Espeon, F|
|poke|p1|Corviknight, F|
|poke|p2|Hatterene, F|
|poke|p2|Ursaluna, M|
|poke|p2|Porygon2|
|poke|p2|Cresselia, F|
|poke|p2|Iron Hands|
|poke|p2|Volcanion|
|teampreview
|inactive|Battle timer is ON: inactive players will automatically lose when time's up. (requested by Fifo drummer)
|
|t:|1769352532
|teamsize|p1|6
|teamsize|p2|6
|start
|switch|p1a: Bubba Gump|Crawdaunt, M|100/100
|switch|p2a: Cybercuck|Iron Hands|100/100
|-enditem|p2a: Cybercuck|Booster Energy
|-activate|p2a: Cybercuck|ability: Quark Drive|[fromitem]
|-start|p2a: Cybercuck|quarkdriveatk
|turn|1
|
|t:|1769352541
|move|p1a: Bubba Gump|Swords Dance|p1a: Bubba Gump
|-boost|p1a: Bubba Gump|atk|2
|move|p2a: Cybercuck|Drain Punch|p1a: Bubba Gump
|-supereffective|p1a: Bubba Gump
|-enditem|p1a: Bubba Gump|Focus Sash
|-damage|p1a: Bubba Gump|1/100
|
|upkeep
|turn|2
|
|t:|1769352549
|move|p1a: Bubba Gump|Endeavor|p2a: Cybercuck
|-damage|p2a: Cybercuck|1/100
|move|p2a: Cybercuck|Drain Punch|p1a: Bubba Gump
|-supereffective|p1a: Bubba Gump
|-damage|p1a: Bubba Gump|0 fnt
|-heal|p2a: Cybercuck|1/100|[from] drain|[of] p1a: Bubba Gump
|faint|p1a: Bubba Gump
|
|upkeep
|
|t:|1769352558
|switch|p1a: The Lone Ranger|Krookodile, M, shiny|100/100
|turn|3
|
|t:|1769352567
|-end|p2a: Cybercuck|Quark Drive|[silent]
|switch|p2a: Glühwein|Hatterene, F, shiny|100/100
|move|p1a: The Lone Ranger|Knock Off|p2a: Glühwein
|-damage|p2a: Glühwein|39/100
|-enditem|p2a: Glühwein|Focus Sash|[from] move: Knock Off|[of] p1a: The Lone Ranger
|
|upkeep
|turn|4
|
|t:|1769352574
|move|p1a: The Lone Ranger|Knock Off|p2a: Glühwein
|-damage|p2a: Glühwein|0 fnt
|faint|p2a: Glühwein
|-ability|p1a: The Lone Ranger|Moxie|boost
|-boost|p1a: The Lone Ranger|atk|1
|
|upkeep
|
|t:|1769352579
|switch|p2a: Puidgeduck|Porygon2|100/100
|-ability|p2a: Puidgeduck|Download|boost
|-boost|p2a: Puidgeduck|spa|1
|turn|5
|
|t:|1769352583
|move|p1a: The Lone Ranger|Knock Off|p2a: Puidgeduck
|-damage|p2a: Puidgeduck|54/100
|-enditem|p2a: Puidgeduck|Eviolite|[from] move: Knock Off|[of] p1a: The Lone Ranger
|move|p2a: Puidgeduck|Trick Room|p2a: Puidgeduck
|-fieldstart|move: Trick Room|[of] p2a: Puidgeduck
|
|upkeep
|turn|6
|
|t:|1769352590
|switch|p1a: 鉄の竜|Goodra-Hisui, F|100/100
|move|p2a: Puidgeduck|Ice Beam|p1a: 鉄の竜
|-damage|p1a: 鉄の竜|75/100
|
|upkeep
|turn|7
|
|t:|1769352601
|switch|p2a: Cuckstoel|Ursaluna, M|100/100
|move|p1a: 鉄の竜|Dragon Pulse|p2a: Cuckstoel
|-damage|p2a: Cuckstoel|60/100
|
|-status|p2a: Cuckstoel|brn|[from] item: Flame Orb
|upkeep
|turn|8
|
|t:|1769352615
|-terastallize|p1a: 鉄の竜|Flying
|move|p2a: Cuckstoel|Headlong Rush|p1a: 鉄の竜
|-immune|p1a: 鉄の竜
|move|p1a: 鉄の竜|Surf|p2a: Cuckstoel
|-supereffective|p2a: Cuckstoel
|-damage|p2a: Cuckstoel|4/100 brn
|
|-damage|p2a: Cuckstoel|0 fnt|[from] brn
|faint|p2a: Cuckstoel
|upkeep
|
|t:|1769352622
|switch|p2a: Puidgeduck|Porygon2|54/100
|-ability|p2a: Puidgeduck|Download|boost
|-boost|p2a: Puidgeduck|atk|1
|turn|9
|
|t:|1769352630
|switch|p1a: Mrs Raven|Corviknight, F, shiny|100/100
|move|p2a: Puidgeduck|Ice Beam|p1a: Mrs Raven
|-crit|p1a: Mrs Raven
|-damage|p1a: Mrs Raven|58/100
|
|-fieldend|move: Trick Room
|upkeep
|turn|10
|
|t:|1769352638
|move|p1a: Mrs Raven|Body Press|p2a: Puidgeduck
|-supereffective|p2a: Puidgeduck
|-damage|p2a: Puidgeduck|10/100
|move|p2a: Puidgeduck|Trick Room|p2a: Puidgeduck
|-fieldstart|move: Trick Room|[of] p2a: Puidgeduck
|
|upkeep
|turn|11
|
|t:|1769352645
|move|p2a: Puidgeduck|Thunderbolt|p1a: Mrs Raven
|-supereffective|p1a: Mrs Raven
|-damage|p1a: Mrs Raven|7/100
|move|p1a: Mrs Raven|Brave Bird|p2a: Puidgeduck
|-damage|p2a: Puidgeduck|0 fnt
|faint|p2a: Puidgeduck
|-damage|p1a: Mrs Raven|4/100|[from] Recoil
|
|upkeep
|inactive|Moeoet has 120 seconds left.
|
|t:|1769352686
|switch|p2a: Doppelapfel|Volcanion|100/100
|turn|12
|inactive|Moeoet has 120 seconds left.
|
|t:|1769352692
|switch|p1a: 鉄の竜|Goodra-Hisui, F, tera:Flying|75/100
|move|p2a: Doppelapfel|Steam Eruption|p1a: 鉄の竜
|-damage|p1a: 鉄の竜|28/100
|
|upkeep
|turn|13
|
|t:|1769352701
|move|p2a: Doppelapfel|Steam Eruption|p1a: 鉄の竜
|-damage|p1a: 鉄の竜|0 fnt
|faint|p1a: 鉄の竜
|
|upkeep
|
|t:|1769352707
|switch|p1a: AXE Bodyspray|Haxorus, M, shiny|100/100
|-ability|p1a: AXE Bodyspray|Mold Breaker
|turn|14
|
|t:|1769352712
|move|p2a: Doppelapfel|Steam Eruption|p1a: AXE Bodyspray
|-resisted|p1a: AXE Bodyspray
|-damage|p1a: AXE Bodyspray|26/100
|move|p1a: AXE Bodyspray|Dragon Dance|p1a: AXE Bodyspray
|-boost|p1a: AXE Bodyspray|atk|1
|-boost|p1a: AXE Bodyspray|spe|1
|
|-fieldend|move: Trick Room
|upkeep
|turn|15
|
|t:|1769352722
|move|p1a: AXE Bodyspray|Earthquake|p2a: Doppelapfel
|-supereffective|p2a: Doppelapfel
|-damage|p2a: Doppelapfel|5/100
|move|p2a: Doppelapfel|Steam Eruption|p1a: AXE Bodyspray
|-resisted|p1a: AXE Bodyspray
|-damage|p1a: AXE Bodyspray|0 fnt
|faint|p1a: AXE Bodyspray
|
|upkeep
|
|t:|1769352732
|switch|p1a: The Lone Ranger|Krookodile, M, shiny|100/100
|turn|16
|
|t:|1769352735
|move|p1a: The Lone Ranger|Knock Off|p2a: Doppelapfel
|-damage|p2a: Doppelapfel|0 fnt
|-enditem|p2a: Doppelapfel|Choice Specs|[from] move: Knock Off|[of] p1a: The Lone Ranger
|faint|p2a: Doppelapfel
|-ability|p1a: The Lone Ranger|Moxie|boost
|-boost|p1a: The Lone Ranger|atk|1
|
|upkeep
|
|t:|1769352737
|switch|p2a: R.I.P. Joe Biden|Cresselia, F|100/100
|turn|17
|
|t:|1769352744
|-terastallize|p2a: R.I.P. Joe Biden|Fairy
|move|p1a: The Lone Ranger|Knock Off|p2a: R.I.P. Joe Biden
|-resisted|p2a: R.I.P. Joe Biden
|-damage|p2a: R.I.P. Joe Biden|79/100
|-enditem|p2a: R.I.P. Joe Biden|Mental Herb|[from] move: Knock Off|[of] p1a: The Lone Ranger
|move|p2a: R.I.P. Joe Biden|Trick Room|p2a: R.I.P. Joe Biden
|-fieldstart|move: Trick Room|[of] p2a: R.I.P. Joe Biden
|
|upkeep
|turn|18
|
|t:|1769352753
|switch|p1a: Bio Hazard|Espeon, F, shiny|100/100
|move|p2a: R.I.P. Joe Biden|Lunar Dance|p2a: R.I.P. Joe Biden
|faint|p2a: R.I.P. Joe Biden
|
|upkeep
|
|t:|1769352756
|switch|p2a: Cybercuck|Iron Hands|1/100
|-heal|p2a: Cybercuck|100/100|[from] move: Lunar Dance
|turn|19
|
|t:|1769352763
|switch|p1a: Mrs Raven|Corviknight, F, shiny|4/100
|move|p2a: Cybercuck|Swords Dance|p2a: Cybercuck
|-boost|p2a: Cybercuck|atk|2
|
|upkeep
|turn|20
|
|t:|1769352770
|switch|p1a: The Lone Ranger|Krookodile, M, shiny|100/100
|move|p2a: Cybercuck|Drain Punch|p1a: The Lone Ranger
|-supereffective|p1a: The Lone Ranger
|-damage|p1a: The Lone Ranger|0 fnt
|faint|p1a: The Lone Ranger
|
|upkeep
|
|t:|1769352778
|switch|p1a: Mrs Raven|Corviknight, F, shiny|4/100
|turn|21
|
|t:|1769352781
|move|p2a: Cybercuck|Drain Punch|p1a: Mrs Raven
|-damage|p1a: Mrs Raven|0 fnt
|-damage|p2a: Cybercuck|84/100|[from] item: Rocky Helmet|[of] p1a: Mrs Raven
|faint|p1a: Mrs Raven
|
|-fieldend|move: Trick Room
|upkeep
|
|t:|1769352788
|switch|p1a: Bio Hazard|Espeon, F, shiny|100/100
|turn|22
|c|☆Fifo drummer|Ggs wp
|
|t:|1769352796
|move|p1a: Bio Hazard|Psychic|p2a: Cybercuck
|-supereffective|p2a: Cybercuck
|-damage|p2a: Cybercuck|0 fnt
|faint|p2a: Cybercuck
|-end|p2a: Cybercuck|Quark Drive|[silent]
|
|win|Fifo drummer
|raw|Fifo drummer's rating: 1389 &rarr; <strong>1412</strong><br />(+23 for winning)
|raw|Moeoet's rating: 1439 &rarr; <strong>1416</strong><br />(-23 for losing)
|l|☆Moeoet
|player|p2|
|l|☆Fifo drummer
|player|p1|
