|j|☆jellofish01
|j|☆d00d guy
|t:|1769313224
|gametype|singles
|player|p1|jellofish01|265|1436
|player|p2|d00d guy|emmet|1409
|gen|9
|tier|[Gen 9] OU
|rated|
|rule|HP Percentage Mod: HP is shown in percentages
|rule|Endless Battle Clause: Forcing endless battles is banned
|rule|Species Clause: Limit one of each Pokémon
|rule|OHKO Clause: OHKO moves are banned
|rule|Evasion Items Clause: Evasion items are banned
|rule|Evasion Moves Clause: Evasion moves are banned
|rule|Evasion Abilities Clause: Evasion abilities are banned
|rule|Sleep Moves Clause: Sleep-inducing moves are banned
|clearpoke
|poke|p1|Dragonite, F|
|poke|p1|Samurott-Hisui, F|
|poke|p1|Clefable, F|
|poke|p1|Gliscor, M|
|poke|p1|Gholdengo|
|poke|p1|Zamazenta-*|
|poke|p2|Tyranitar, M|
|poke|p2|Excadrill, M|
|poke|p2|Iron Valiant|
|poke|p2|Zapdos|
|poke|p2|Ogerpon, F|
|poke|p2|Toxapex, M|
|teampreview
|inactive|Battle timer is ON: inactive players will automatically lose when time's up. (requested by jellofish01)
|
|t:|1769313230
|teamsize|p1|6
|teamsize|p2|6
|start
|switch|p1a: Samurott|Samurott-Hisui, F|100/100
|switch|p2a: Tyranitar|Tyranitar, M, shiny|100/100
|-weather|Sandstorm|[from] ability: Sand Stream|[of] p2a: Tyranitar
|turn|1
|
|t:|1769313237
|move|p1a: Samurott|Razor Shell|p2a: Tyranitar
|-supereffective|p2a: Tyranitar
|-damage|p2a: Tyranitar|11/100
|-unboost|p2a: Tyranitar|def|1
|move|p2a: Tyranitar|Low Kick|p1a: Samurott
|-supereffective|p1a: Samurott
|-damage|p1a: Samurott|38/100
|
|-weather|Sandstorm|[upkeep]
|-damage|p1a: Samurott|32/100|[from] Sandstorm
|upkeep
|turn|2
|
|t:|1769313250
|switch|p2a: Zapdos|Zapdos, shiny|100/100
|move|p1a: Samurott|Ceaseless Edge|p2a: Zapdos|[miss]
|-miss|p1a: Samurott|p2a: Zapdos
|
|-weather|Sandstorm|[upkeep]
|-damage|p2a: Zapdos|94/100|[from] Sandstorm
|-damage|p1a: Samurott|26/100|[from] Sandstorm
|upkeep
|turn|3
|
|t:|1769313275
|switch|p1a: Dragonite|Dragonite, F|100/100
|move|p2a: Zapdos|Volt Switch|p1a: Dragonite
|-damage|p1a: Dragonite|83/100
|
|t:|1769313284
|switch|p2a: Iron Valiant|Iron Valiant, shiny|100/100|[from] Volt Switch
|
|-weather|Sandstorm|[upkeep]
|-damage|p2a: Iron Valiant|94/100|[from] Sandstorm
|-damage|p1a: Dragonite|77/100|[from] Sandstorm
|upkeep
|turn|4
|
|t:|1769313289
|switch|p1a: Gholdengo|Gholdengo|100/100
|move|p2a: Iron Valiant|Moonblast|p1a: Gholdengo
|-resisted|p1a: Gholdengo
|-damage|p1a: Gholdengo|59/100
|
|-weather|Sandstorm|[upkeep]
|-damage|p2a: Iron Valiant|88/100|[from] Sandstorm
|upkeep
|turn|5
|
|t:|1769313301
|-end|p2a: Iron Valiant|Quark Drive|[silent]
|switch|p2a: Zapdos|Zapdos, shiny|94/100
|move|p1a: Gholdengo|Trick|p2a: Zapdos
|-activate|p1a: Gholdengo|move: Trick|[of] p2a: Zapdos
|-item|p2a: Zapdos|Choice Scarf|[from] move: Trick
|-item|p1a: Gholdengo|Heavy-Duty Boots|[from] move: Trick
|
|-weather|Sandstorm|[upkeep]
|-damage|p2a: Zapdos|88/100|[from] Sandstorm
|upkeep
|turn|6
|
|t:|1769313310
|switch|p1a: Gliscor|Gliscor, M|100/100
|move|p2a: Zapdos|Heat Wave|p1a: Gliscor
|-damage|p1a: Gliscor|68/100
|
|-weather|Sandstorm|[upkeep]
|-damage|p2a: Zapdos|82/100|[from] Sandstorm
|-status|p1a: Gliscor|tox|[from] item: Toxic Orb
|upkeep
|turn|7
|
|t:|1769313317
|switch|p2a: Toxapex|Toxapex, M, shiny|100/100
|move|p1a: Gliscor|Swords Dance|p1a: Gliscor
|-boost|p1a: Gliscor|atk|2
|
|-weather|Sandstorm|[upkeep]
|-damage|p2a: Toxapex|95/100|[from] Sandstorm
|-heal|p1a: Gliscor|81/100 tox|[from] ability: Poison Heal
|upkeep
|turn|8
|
|t:|1769313323
|move|p1a: Gliscor|Knock Off|p2a: Toxapex
|-damage|p2a: Toxapex|64/100
|-enditem|p2a: Toxapex|Eject Button|[from] move: Knock Off|[of] p1a: Gliscor
|move|p2a: Toxapex|Haze|p2a: Toxapex
|-clearallboost
|
|-weather|none
|-heal|p1a: Gliscor|93/100 tox|[from] ability: Poison Heal
|upkeep
|turn|9
|
|t:|1769313331
|switch|p1a: Gholdengo|Gholdengo|59/100
|switch|p2a: Tyranitar|Tyranitar, M, shiny|11/100
|-weather|Sandstorm|[from] ability: Sand Stream|[of] p2a: Tyranitar
|
|-weather|Sandstorm|[upkeep]
|upkeep
|turn|10
|
|t:|1769313337
|move|p1a: Gholdengo|Make It Rain|p2a: Tyranitar
|-supereffective|p2a: Tyranitar
|-damage|p2a: Tyranitar|0 fnt
|-unboost|p1a: Gholdengo|spa|1
|faint|p2a: Tyranitar
|
|-weather|Sandstorm|[upkeep]
|upkeep
|
|t:|1769313351
|switch|p2a: Iron Valiant|Iron Valiant, shiny|88/100
|turn|11
|
|t:|1769313362
|switch|p1a: Samurott|Samurott-Hisui, F|26/100
|move|p2a: Iron Valiant|Shadow Ball|p1a: Samurott
|-resisted|p1a: Samurott
|-damage|p1a: Samurott|10/100
|
|-weather|Sandstorm|[upkeep]
|-damage|p2a: Iron Valiant|82/100|[from] Sandstorm
|-damage|p1a: Samurott|4/100|[from] Sandstorm
|upkeep
|turn|12
|
|t:|1769313366
|move|p1a: Samurott|Sucker Punch|p2a: Iron Valiant
|-resisted|p2a: Iron Valiant
|-damage|p2a: Iron Valiant|71/100
|move|p2a: Iron Valiant|Shadow Ball|p1a: Samurott
|-resisted|p1a: Samurott
|-damage|p1a: Samurott|0 fnt
|faint|p1a: Samurott
|
|-weather|Sandstorm|[upkeep]
|-damage|p2a: Iron Valiant|65/100|[from] Sandstorm
|upkeep
|
|t:|1769313372
|switch|p1a: Clefable|Clefable, F|100/100
|turn|13
|
|t:|1769313378
|-end|p2a: Iron Valiant|Quark Drive|[silent]
|switch|p2a: Toxapex|Toxapex, M, shiny|97/100
|move|p1a: Clefable|Stealth Rock|p2a: Toxapex
|-sidestart|p2: d00d guy|move: Stealth Rock
|
|-weather|Sandstorm|[upkeep]
|-damage|p2a: Toxapex|91/100|[from] Sandstorm
|upkeep
|turn|14
|
|t:|1769313390
|switch|p1a: Gliscor|Gliscor, M|93/100 tox
|move|p2a: Toxapex|Toxic Spikes|p1a: Gliscor
|-sidestart|p1: jellofish01|move: Toxic Spikes
|
|-weather|Sandstorm|[upkeep]
|-damage|p2a: Toxapex|85/100|[from] Sandstorm
|-heal|p1a: Gliscor|100/100 tox|[from] ability: Poison Heal
|upkeep
|turn|15
|
|t:|1769313395
|move|p1a: Gliscor|Swords Dance|p1a: Gliscor
|-boost|p1a: Gliscor|atk|2
|move|p2a: Toxapex|Haze|p2a: Toxapex
|-clearallboost
|
|-weather|Sandstorm|[upkeep]
|-damage|p2a: Toxapex|79/100|[from] Sandstorm
|upkeep
|turn|16
|
|t:|1769313399
|switch|p2a: Zapdos|Zapdos, shiny|82/100
|-damage|p2a: Zapdos|57/100|[from] Stealth Rock
|move|p1a: Gliscor|Swords Dance|p1a: Gliscor
|-boost|p1a: Gliscor|atk|2
|
|-weather|none
|upkeep
|turn|17
|
|t:|1769313403
|-terastallize|p2a: Zapdos|Ice
|move|p2a: Zapdos|Tera Blast|p1a: Gliscor|[anim] Tera Blast Ice
|-supereffective|p1a: Gliscor
|-damage|p1a: Gliscor|0 fnt
|faint|p1a: Gliscor
|
|upkeep
|inactive|jellofish01 has 120 seconds left.
|
|t:|1769313446
|switch|p1a: Zamazenta|Zamazenta|100/100
|-status|p1a: Zamazenta|psn
|-ability|p1a: Zamazenta|Dauntless Shield|boost
|-boost|p1a: Zamazenta|def|1
|turn|18
|
|t:|1769313454
|switch|p2a: Toxapex|Toxapex, M, shiny|100/100
|-damage|p2a: Toxapex|88/100|[from] Stealth Rock
|move|p1a: Zamazenta|Body Press|p2a: Toxapex
|-resisted|p2a: Toxapex
|-damage|p2a: Toxapex|69/100
|
|-damage|p1a: Zamazenta|88/100 psn|[from] psn
|upkeep
|turn|19
|inactive|jellofish01 has 120 seconds left.
|
|t:|1769313486
|switch|p1a: Gholdengo|Gholdengo|59/100
|move|p2a: Toxapex|Recover|p2a: Toxapex
|-heal|p2a: Toxapex|100/100
|
|upkeep
|turn|20
|
|t:|1769313510
|switch|p2a: Zapdos|Zapdos, shiny, tera:Ice|57/100
|-damage|p2a: Zapdos|32/100|[from] Stealth Rock
|move|p1a: Gholdengo|Recover|p1a: Gholdengo
|-heal|p1a: Gholdengo|100/100
|
|upkeep
|turn|21
|inactive|jellofish01 has 120 seconds left.
|
|t:|1769313523
|switch|p1a: Dragonite|Dragonite, F|77/100
|move|p2a: Zapdos|Heat Wave|p1a: Dragonite
|-resisted|p1a: Dragonite
|-damage|p1a: Dragonite|61/100
|
|upkeep
|turn|22
|
|t:|1769313527
|switch|p2a: Toxapex|Toxapex, M, shiny|100/100
|-damage|p2a: Toxapex|88/100|[from] Stealth Rock
|move|p1a: Dragonite|Roost|p1a: Dragonite
|-heal|p1a: Dragonite|100/100
|-singleturn|p1a: Dragonite|move: Roost
|
|upkeep
|turn|23
|
|t:|1769313533
|move|p1a: Dragonite|Earthquake|p2a: Toxapex
|-supereffective|p2a: Toxapex
|-damage|p2a: Toxapex|35/100
|move|p2a: Toxapex|Toxic|p1a: Dragonite
|-status|p1a: Dragonite|tox
|
|-damage|p1a: Dragonite|94/100 tox|[from] psn
|upkeep
|turn|24
|
|t:|1769313539
|switch|p2a: Zapdos|Zapdos, shiny, tera:Ice|32/100
|-damage|p2a: Zapdos|7/100|[from] Stealth Rock
|move|p1a: Dragonite|Earthquake|p2a: Zapdos
|-damage|p2a: Zapdos|0 fnt
|faint|p2a: Zapdos
|
|-damage|p1a: Dragonite|82/100 tox|[from] psn
|upkeep
|
|t:|1769313553
|switch|p2a: Iron Valiant|Iron Valiant, shiny|65/100
|-damage|p2a: Iron Valiant|59/100|[from] Stealth Rock
|turn|25
|
|t:|1769313580
|-terastallize|p1a: Dragonite|Normal
|move|p1a: Dragonite|Extreme Speed|p2a: Iron Valiant
|-damage|p2a: Iron Valiant|3/100
|move|p2a: Iron Valiant|Moonblast|p1a: Dragonite
|-damage|p1a: Dragonite|14/100 tox
|
|-damage|p1a: Dragonite|0 fnt|[from] psn
|faint|p1a: Dragonite
|upkeep
|
|t:|1769313585
|switch|p1a: Clefable|Clefable, F|100/100
|-status|p1a: Clefable|psn
|turn|26
|
|t:|1769313588
|move|p2a: Iron Valiant|Moonblast|p1a: Clefable
|-damage|p1a: Clefable|37/100 psn
|move|p1a: Clefable|Knock Off|p2a: Iron Valiant
|-resisted|p2a: Iron Valiant
|-damage|p2a: Iron Valiant|0 fnt
|-enditem|p2a: Iron Valiant|Choice Specs|[from] move: Knock Off|[of] p1a: Clefable
|faint|p2a: Iron Valiant
|-end|p2a: Iron Valiant|Quark Drive|[silent]
|
|upkeep
|
|t:|1769313605
|switch|p2a: Excadrill|Excadrill, M, shiny|100/100
|-damage|p2a: Excadrill|97/100|[from] Stealth Rock
|turn|27
|
|t:|1769313629
|move|p2a: Excadrill|Substitute|p2a: Excadrill
|-start|p2a: Excadrill|Substitute
|-damage|p2a: Excadrill|73/100
|move|p1a: Clefable|Knock Off|p2a: Excadrill
|-activate|p2a: Excadrill|move: Substitute|[damage]
|
|-heal|p2a: Excadrill|79/100|[from] item: Leftovers
|upkeep
|turn|28
|
|t:|1769313635
|switch|p1a: Zamazenta|Zamazenta|88/100 psn
|move|p2a: Excadrill|Earthquake|p1a: Zamazenta
|-damage|p1a: Zamazenta|43/100 psn
|
|-heal|p1a: Zamazenta|49/100 psn|[from] item: Leftovers
|-heal|p2a: Excadrill|85/100|[from] item: Leftovers
|-damage|p1a: Zamazenta|37/100 psn|[from] psn
|upkeep
|turn|29
|
|t:|1769313659
|move|p1a: Zamazenta|Body Press|p2a: Excadrill
|-supereffective|p2a: Excadrill
|-end|p2a: Excadrill|Substitute
|move|p2a: Excadrill|Earthquake|p1a: Zamazenta
|-damage|p1a: Zamazenta|0 fnt
|faint|p1a: Zamazenta
|
|-heal|p2a: Excadrill|91/100|[from] item: Leftovers
|upkeep
|-message|jellofish01 forfeited.
|
|win|d00d guy
|raw|jellofish01's rating: 1452 &rarr; <strong>1430</strong><br />(-22 for losing)
|raw|d00d guy's rating: 1409 &rarr; <strong>1431</strong><br />(+22 for winning)
