|j|☆sinn6r
|j|☆NO1Griefer
|t:|1769406640
|gametype|singles
|player|p1|sinn6r|psychic-gen4|1117
|player|p2|NO1Griefer|cameraman|1134
|gen|9
|tier|[Gen 9] OU
|rated|
|rule|HP Percentage Mod: HP is shown in percentages
|rule|Endless Battle Clause: Forcing endless battles is banned
|rule|Species Clause: Limit one of each Pokémon
|rule|OHKO Clause: OHKO moves are banned
|rule|Evasion Items Clause: Evasion items are banned
|rule|Evasion Moves Clause: Evasion moves are banned
|rule|Evasion Abilities Clause: Evasion abilities are banned
|rule|Sleep Moves Clause: Sleep-inducing moves are banned
|clearpoke
|poke|p1|Alomomola, M|
|poke|p1|Iron Valiant|
|poke|p1|Kingambit, F|
|poke|p1|Glimmora, M|
|poke|p1|Great Tusk|
|poke|p1|Zamazenta-*|
|poke|p2|Scovillain, M|
|poke|p2|Torkoal, F|
|poke|p2|Lilligant, F|
|poke|p2|Venusaur, F|
|poke|p2|Leafeon, M|
|poke|p2|Ceruledge, F|
|teampreview
|inactive|Battle timer is ON: inactive players will automatically lose when time's up. (requested by sinn6r)
|
|t:|1769406667
|teamsize|p1|6
|teamsize|p2|6
|start
|switch|p1a: Glimmora|Glimmora, M|100/100
|switch|p2a: Torkoal|Torkoal, F, shiny|100/100
|-weather|SunnyDay|[from] ability: Drought|[of] p2a: Torkoal
|turn|1
|inactive|NO1Griefer has 120 seconds left.
|
|t:|1769406702
|switch|p2a: Venusaur|Venusaur, F, shiny|100/100
|move|p1a: Glimmora|Toxic|p2a: Venusaur
|-immune|p2a: Venusaur
|
|-weather|SunnyDay|[upkeep]
|upkeep
|turn|2
|inactive|NO1Griefer has 120 seconds left.
|
|t:|1769406709
|move|p2a: Venusaur|Solar Beam||[still]
|-prepare|p2a: Venusaur|Solar Beam
|-anim|p2a: Venusaur|Solar Beam|p1a: Glimmora
|-enditem|p1a: Glimmora|Focus Sash
|-damage|p1a: Glimmora|1/100
|-damage|p2a: Venusaur|91/100|[from] item: Life Orb
|move|p1a: Glimmora|Stealth Rock|p2a: Venusaur
|-sidestart|p2: NO1Griefer|move: Stealth Rock
|
|-weather|SunnyDay|[upkeep]
|upkeep
|turn|3
|
|t:|1769406717
|switch|p1a: Zamazenta|Zamazenta|100/100
|-ability|p1a: Zamazenta|Dauntless Shield|boost
|-boost|p1a: Zamazenta|def|1
|move|p2a: Venusaur|Giga Drain|p1a: Zamazenta
|-damage|p1a: Zamazenta|76/100
|-heal|p2a: Venusaur|100/100|[from] drain|[of] p1a: Zamazenta
|-damage|p2a: Venusaur|91/100|[from] item: Life Orb
|
|-weather|SunnyDay|[upkeep]
|upkeep
|turn|4
|
|t:|1769406724
|move|p2a: Venusaur|Solar Beam||[still]
|-prepare|p2a: Venusaur|Solar Beam
|-anim|p2a: Venusaur|Solar Beam|p1a: Zamazenta
|-damage|p1a: Zamazenta|39/100
|-damage|p2a: Venusaur|81/100|[from] item: Life Orb
|move|p1a: Zamazenta|Ice Fang|p2a: Venusaur
|-supereffective|p2a: Venusaur
|-damage|p2a: Venusaur|21/100
|
|-weather|SunnyDay|[upkeep]
|upkeep
|turn|5
|
|t:|1769406735
|move|p2a: Venusaur|Solar Beam||[still]
|-prepare|p2a: Venusaur|Solar Beam
|-anim|p2a: Venusaur|Solar Beam|p1a: Zamazenta
|-damage|p1a: Zamazenta|0 fnt
|faint|p1a: Zamazenta
|-damage|p2a: Venusaur|11/100|[from] item: Life Orb
|
|-weather|SunnyDay|[upkeep]
|upkeep
|
|t:|1769406750
|switch|p1a: Iron Valiant|Iron Valiant|100/100
|turn|6
|
|t:|1769406756
|move|p1a: Iron Valiant|Vacuum Wave|p2a: Venusaur
|-resisted|p2a: Venusaur
|-damage|p2a: Venusaur|0 fnt
|faint|p2a: Venusaur
|
|-weather|SunnyDay|[upkeep]
|upkeep
|
|t:|1769406766
|switch|p2a: Lilligant|Lilligant, F, shiny|100/100
|-damage|p2a: Lilligant|88/100|[from] Stealth Rock
|turn|7
|
|t:|1769406781
|-end|p1a: Iron Valiant|Quark Drive|[silent]
|switch|p1a: Glimmora|Glimmora, M|1/100
|move|p2a: Lilligant|Quiver Dance|p2a: Lilligant
|-boost|p2a: Lilligant|spa|1
|-boost|p2a: Lilligant|spd|1
|-boost|p2a: Lilligant|spe|1
|
|-weather|SunnyDay|[upkeep]
|upkeep
|turn|8
|
|t:|1769406789
|move|p2a: Lilligant|Giga Drain|p1a: Glimmora
|-damage|p1a: Glimmora|0 fnt
|-heal|p2a: Lilligant|88/100|[from] drain|[of] p1a: Glimmora
|faint|p1a: Glimmora
|
|-weather|none
|upkeep
|
|t:|1769406793
|switch|p1a: Kingambit|Kingambit, F|100/100
|-activate|p1a: Kingambit|ability: Supreme Overlord
|-start|p1a: Kingambit|fallen2|[silent]
|turn|9
|
|t:|1769406798
|switch|p2a: Torkoal|Torkoal, F, shiny|100/100
|-damage|p2a: Torkoal|76/100|[from] Stealth Rock
|-weather|SunnyDay|[from] ability: Drought|[of] p2a: Torkoal
|move|p1a: Kingambit|Sucker Punch||[still]
|-fail|p1a: Kingambit
|
|-weather|SunnyDay|[upkeep]
|upkeep
|turn|10
|
|t:|1769406810
|-end|p1a: Kingambit|fallen2|[silent]
|switch|p1a: Alomomola|Alomomola, M|100/100
|move|p2a: Torkoal|Will-O-Wisp|p1a: Alomomola
|-status|p1a: Alomomola|brn
|
|-weather|SunnyDay|[upkeep]
|-damage|p1a: Alomomola|94/100 brn|[from] brn
|upkeep
|turn|11
|
|t:|1769406838
|switch|p2a: Leafeon|Leafeon, M|100/100
|-damage|p2a: Leafeon|88/100|[from] Stealth Rock
|move|p1a: Alomomola|Wish|p1a: Alomomola
|
|-weather|SunnyDay|[upkeep]
|-heal|p2a: Leafeon|94/100|[from] item: Leftovers
|-damage|p1a: Alomomola|88/100 brn|[from] brn
|upkeep
|turn|12
|inactive|NO1Griefer has 120 seconds left.
|
|t:|1769406858
|move|p2a: Leafeon|Swords Dance|p2a: Leafeon
|-boost|p2a: Leafeon|atk|2
|move|p1a: Alomomola|Flip Turn|p2a: Leafeon
|-resisted|p2a: Leafeon
|-damage|p2a: Leafeon|92/100
|
|t:|1769406861
|switch|p1a: Iron Valiant|Iron Valiant|100/100|[from] Flip Turn
|
|-weather|SunnyDay|[upkeep]
|-heal|p2a: Leafeon|98/100|[from] item: Leftovers
|upkeep
|turn|13
|
|t:|1769406868
|move|p2a: Leafeon|Leaf Blade|p1a: Iron Valiant
|-damage|p1a: Iron Valiant|0 fnt
|faint|p1a: Iron Valiant
|-end|p1a: Iron Valiant|Quark Drive|[silent]
|
|-weather|SunnyDay|[upkeep]
|-heal|p2a: Leafeon|100/100|[from] item: Leftovers
|upkeep
|
|t:|1769406870
|switch|p1a: Kingambit|Kingambit, F|100/100
|-activate|p1a: Kingambit|ability: Supreme Overlord
|-start|p1a: Kingambit|fallen3|[silent]
|turn|14
|
|t:|1769406878
|-terastallize|p2a: Leafeon|Ground
|move|p2a: Leafeon|Tera Blast|p1a: Kingambit|[anim] Tera Blast Ground
|-supereffective|p1a: Kingambit
|-damage|p1a: Kingambit|0 fnt
|faint|p1a: Kingambit
|-end|p1a: Kingambit|fallen3|[silent]
|
|-weather|SunnyDay|[upkeep]
|upkeep
|-message|sinn6r forfeited.
|
|win|NO1Griefer
|raw|sinn6r's rating: 1117 &rarr; <strong>1093</strong><br />(-24 for losing)
|raw|NO1Griefer's rating: 1134 &rarr; <strong>1158</strong><br />(+24 for winning)
|l|☆sinn6r
|player|p1|
|l|☆NO1Griefer
|player|p2|
