|j|☆Speedwagon02
|j|☆epixblas
|t:|1769369275
|gametype|singles
|player|p1|Speedwagon02|2|1102
|player|p2|epixblas|backers|1134
|gen|9
|tier|[Gen 9] OU
|rated|
|rule|HP Percentage Mod: HP is shown in percentages
|rule|Endless Battle Clause: Forcing endless battles is banned
|rule|Species Clause: Limit one of each Pokémon
|rule|OHKO Clause: OHKO moves are banned
|rule|Evasion Items Clause: Evasion items are banned
|rule|Evasion Moves Clause: Evasion moves are banned
|rule|Evasion Abilities Clause: Evasion abilities are banned
|rule|Sleep Moves Clause: Sleep-inducing moves are banned
|clearpoke
|poke|p1|Dragonite, M|
|poke|p1|Greninja-*, M|
|poke|p1|Incineroar, F|
|poke|p1|Gholdengo|
|poke|p1|Great Tusk|
|poke|p1|Zapdos|
|poke|p2|Zamazenta-*|
|poke|p2|Ogerpon-Wellspring, F|
|poke|p2|Slowking-Galar, M|
|poke|p2|Great Tusk|
|poke|p2|Kingambit, M|
|poke|p2|Zapdos|
|teampreview
|
|t:|1769369317
|teamsize|p1|6
|teamsize|p2|6
|start
|switch|p1a: Incineroar|Incineroar, F|100/100
|switch|p2a: Ogerpon|Ogerpon-Wellspring, F|100/100
|-ability|p1a: Incineroar|Intimidate|boost
|-unboost|p2a: Ogerpon|atk|1
|turn|1
|
|t:|1769369334
|move|p1a: Incineroar|Fake Out|p2a: Ogerpon
|-damage|p2a: Ogerpon|83/100
|cant|p2a: Ogerpon|flinch
|
|upkeep
|turn|2
|
|t:|1769369337
|switch|p1a: Zapdos|Zapdos|100/100
|move|p2a: Ogerpon|U-turn|p1a: Zapdos
|-resisted|p1a: Zapdos
|-damage|p1a: Zapdos|90/100
|
|t:|1769369355
|switch|p2a: Slowking|Slowking-Galar, M|100/100|[from] U-turn
|
|upkeep
|turn|3
|
|t:|1769369374
|switch|p1a: Great Tusk|Great Tusk|100/100
|-enditem|p1a: Great Tusk|Booster Energy
|-activate|p1a: Great Tusk|ability: Protosynthesis|[fromitem]
|-start|p1a: Great Tusk|protosynthesisatk
|move|p2a: Slowking|Ice Beam|p1a: Great Tusk
|-supereffective|p1a: Great Tusk
|-damage|p1a: Great Tusk|7/100
|
|upkeep
|turn|4
|
|t:|1769369407
|switch|p2a: Zamazenta|Zamazenta|100/100
|-ability|p2a: Zamazenta|Dauntless Shield|boost
|-boost|p2a: Zamazenta|def|1
|move|p1a: Great Tusk|Earthquake|p2a: Zamazenta
|-damage|p2a: Zamazenta|57/100
|
|upkeep
|turn|5
|
|t:|1769369418
|-end|p1a: Great Tusk|Protosynthesis|[silent]
|switch|p1a: Incineroar|Incineroar, F|100/100
|-ability|p1a: Incineroar|Intimidate|boost
|-unboost|p2a: Zamazenta|atk|1
|move|p2a: Zamazenta|Crunch|p1a: Incineroar
|-resisted|p1a: Incineroar
|-damage|p1a: Incineroar|91/100
|
|-heal|p1a: Incineroar|97/100|[from] item: Leftovers
|upkeep
|turn|6
|
|t:|1769369427
|move|p1a: Incineroar|Fake Out|p2a: Zamazenta
|-damage|p2a: Zamazenta|48/100
|cant|p2a: Zamazenta|flinch
|
|-heal|p1a: Incineroar|100/100|[from] item: Leftovers
|upkeep
|turn|7
|
|t:|1769369433
|move|p2a: Zamazenta|Close Combat|p1a: Incineroar
|-supereffective|p1a: Incineroar
|-damage|p1a: Incineroar|13/100
|-unboost|p2a: Zamazenta|def|1
|-unboost|p2a: Zamazenta|spd|1
|move|p1a: Incineroar|Knock Off|p2a: Zamazenta
|-resisted|p2a: Zamazenta
|-damage|p2a: Zamazenta|26/100
|-enditem|p2a: Zamazenta|Expert Belt|[from] move: Knock Off|[of] p1a: Incineroar
|
|-heal|p1a: Incineroar|19/100|[from] item: Leftovers
|upkeep
|turn|8
|
|t:|1769369457
|switch|p1a: Gholdengo|Gholdengo|100/100
|-item|p1a: Gholdengo|Air Balloon
|move|p2a: Zamazenta|Close Combat|p1a: Gholdengo
|-immune|p1a: Gholdengo
|
|upkeep
|turn|9
|
|t:|1769369462
|move|p2a: Zamazenta|Crunch|p1a: Gholdengo
|-supereffective|p1a: Gholdengo
|-damage|p1a: Gholdengo|67/100
|-enditem|p1a: Gholdengo|Air Balloon
|move|p1a: Gholdengo|Psychic|p2a: Zamazenta
|-supereffective|p2a: Zamazenta
|-damage|p2a: Zamazenta|0 fnt
|faint|p2a: Zamazenta
|
|upkeep
|
|t:|1769369487
|switch|p2a: Slowking|Slowking-Galar, M|100/100
|turn|10
|
|t:|1769369494
|move|p1a: Gholdengo|Shadow Ball|p2a: Slowking
|-supereffective|p2a: Slowking
|-damage|p2a: Slowking|52/100
|move|p2a: Slowking|Flamethrower|p1a: Gholdengo
|-supereffective|p1a: Gholdengo
|-damage|p1a: Gholdengo|8/100
|
|upkeep
|turn|11
|
|t:|1769369520
|switch|p2a: Great Tusk|Great Tusk, shiny|100/100
|move|p1a: Gholdengo|Shadow Ball|p2a: Great Tusk
|-damage|p2a: Great Tusk|29/100
|-unboost|p2a: Great Tusk|spd|1
|
|upkeep
|turn|12
|
|t:|1769369536
|switch|p1a: Dragonite|Dragonite, M|100/100
|move|p2a: Great Tusk|Ice Spinner|p1a: Dragonite
|-supereffective|p1a: Dragonite
|-damage|p1a: Dragonite|0 fnt
|faint|p1a: Dragonite
|
|upkeep
|
|t:|1769369543
|switch|p1a: Greninja|Greninja, M|100/100
|turn|13
|
|t:|1769369558
|-end|p2a: Great Tusk|Protosynthesis|[silent]
|switch|p2a: Kingambit|Kingambit, M|100/100
|-activate|p2a: Kingambit|ability: Supreme Overlord
|-start|p2a: Kingambit|fallen1|[silent]
|move|p1a: Greninja|Surf|p2a: Kingambit
|-damage|p2a: Kingambit|61/100
|
|-heal|p2a: Kingambit|68/100|[from] item: Leftovers
|upkeep
|turn|14
|
|t:|1769369569
|switch|p1a: Incineroar|Incineroar, F|19/100
|-ability|p1a: Incineroar|Intimidate|boost
|-unboost|p2a: Kingambit|atk|1
|move|p2a: Kingambit|Low Kick|p1a: Incineroar
|-supereffective|p1a: Incineroar
|-damage|p1a: Incineroar|0 fnt
|faint|p1a: Incineroar
|
|-heal|p2a: Kingambit|74/100|[from] item: Leftovers
|upkeep
|
|t:|1769369576
|switch|p1a: Great Tusk|Great Tusk|7/100
|turn|15
|
|t:|1769369580
|move|p2a: Kingambit|Sucker Punch|p1a: Great Tusk
|-resisted|p1a: Great Tusk
|-crit|p1a: Great Tusk
|-damage|p1a: Great Tusk|0 fnt
|faint|p1a: Great Tusk
|-end|p1a: Great Tusk|Protosynthesis|[silent]
|
|-heal|p2a: Kingambit|80/100|[from] item: Leftovers
|upkeep
|
|t:|1769369586
|switch|p1a: Zapdos|Zapdos|90/100
|turn|16
|
|t:|1769369605
|move|p1a: Zapdos|Heat Wave|p2a: Kingambit
|-supereffective|p2a: Kingambit
|-damage|p2a: Kingambit|11/100
|move|p2a: Kingambit|Kowtow Cleave|p1a: Zapdos
|-damage|p1a: Zapdos|47/100
|
|-heal|p2a: Kingambit|17/100|[from] item: Leftovers
|upkeep
|turn|17
|
|t:|1769369612
|-end|p2a: Kingambit|fallen1|[silent]
|switch|p2a: Slowking|Slowking-Galar, M|85/100
|move|p1a: Zapdos|Heat Wave|p2a: Slowking
|-damage|p2a: Slowking|69/100
|
|upkeep
|turn|18
|
|t:|1769369622
|move|p1a: Zapdos|Roost|p1a: Zapdos
|-heal|p1a: Zapdos|97/100
|-singleturn|p1a: Zapdos|move: Roost
|move|p2a: Slowking|Sludge Bomb|p1a: Zapdos
|-damage|p1a: Zapdos|49/100
|
|upkeep
|turn|19
|
|t:|1769369629
|move|p1a: Zapdos|Roost|p1a: Zapdos
|-heal|p1a: Zapdos|99/100
|-singleturn|p1a: Zapdos|move: Roost
|move|p2a: Slowking|Sludge Bomb|p1a: Zapdos
|-damage|p1a: Zapdos|51/100
|
|upkeep
|turn|20
|
|t:|1769369634
|move|p1a: Zapdos|Roost|p1a: Zapdos
|-heal|p1a: Zapdos|100/100
|-singleturn|p1a: Zapdos|move: Roost
|move|p2a: Slowking|Sludge Bomb|p1a: Zapdos
|-damage|p1a: Zapdos|44/100
|
|upkeep
|turn|21
|
|t:|1769369639
|move|p1a: Zapdos|Roost|p1a: Zapdos
|-heal|p1a: Zapdos|95/100
|-singleturn|p1a: Zapdos|move: Roost
|move|p2a: Slowking|Sludge Bomb|p1a: Zapdos
|-damage|p1a: Zapdos|44/100
|-status|p1a: Zapdos|psn
|
|-damage|p1a: Zapdos|31/100 psn|[from] psn
|upkeep
|turn|22
|
|t:|1769369643
|switch|p1a: Gholdengo|Gholdengo|8/100
|move|p2a: Slowking|Sludge Bomb|p1a: Gholdengo
|-immune|p1a: Gholdengo
|
|upkeep
|turn|23
|
|t:|1769369649
|move|p1a: Gholdengo|Shadow Ball|p2a: Slowking
|-supereffective|p2a: Slowking
|-damage|p2a: Slowking|21/100
|move|p2a: Slowking|Flamethrower|p1a: Gholdengo
|-supereffective|p1a: Gholdengo
|-damage|p1a: Gholdengo|0 fnt
|faint|p1a: Gholdengo
|
|upkeep
|
|t:|1769369652
|switch|p1a: Greninja|Greninja, M|100/100
|turn|24
|
|t:|1769369658
|move|p1a: Greninja|Dark Pulse|p2a: Slowking
|-supereffective|p2a: Slowking
|-damage|p2a: Slowking|0 fnt
|faint|p2a: Slowking
|-ability|p1a: Greninja|Battle Bond|boost
|-boost|p1a: Greninja|atk|1
|-boost|p1a: Greninja|spa|1
|-boost|p1a: Greninja|spe|1
|-activate|p1a: Greninja|ability: Battle Bond
|
|upkeep
|
|t:|1769369668
|switch|p2a: Zapdos|Zapdos|100/100
|turn|25
|
|t:|1769369676
|move|p1a: Greninja|Ice Beam|p2a: Zapdos
|-supereffective|p2a: Zapdos
|-damage|p2a: Zapdos|26/100
|move|p2a: Zapdos|Thunder Wave|p1a: Greninja
|-status|p1a: Greninja|par
|
|upkeep
|turn|26
|
|t:|1769369683
|cant|p1a: Greninja|par
|move|p2a: Zapdos|Volt Switch|p1a: Greninja
|-supereffective|p1a: Greninja
|-damage|p1a: Greninja|11/100 par
|
|t:|1769369687
|switch|p2a: Kingambit|Kingambit, M|17/100|[from] Volt Switch
|-activate|p2a: Kingambit|ability: Supreme Overlord
|-start|p2a: Kingambit|fallen2|[silent]
|
|-heal|p2a: Kingambit|23/100|[from] item: Leftovers
|upkeep
|turn|27
|
|t:|1769369697
|move|p2a: Kingambit|Sucker Punch|p1a: Greninja
|-resisted|p1a: Greninja
|-damage|p1a: Greninja|0 fnt
|faint|p1a: Greninja
|
|-heal|p2a: Kingambit|29/100|[from] item: Leftovers
|upkeep
|
|t:|1769369699
|switch|p1a: Zapdos|Zapdos|31/100 psn
|turn|28
|
|t:|1769369702
|move|p2a: Kingambit|Sucker Punch|p1a: Zapdos
|-damage|p1a: Zapdos|0 fnt
|faint|p1a: Zapdos
|
|win|epixblas
|raw|Speedwagon02's rating: 1102 &rarr; <strong>1079</strong><br />(-23 for losing)
|raw|epixblas's rating: 1134 &rarr; <strong>1157</strong><br />(+23 for winning)
|l|☆Speedwagon02
|player|p1|
|c|☆epixblas|gg
