|j|☆Supertoki1
|j|☆chutimatongbai
|t:|1769393198
|gametype|singles
|player|p1|Supertoki1|volkner|1083
|player|p2|chutimatongbai|265|1062
|gen|9
|tier|[Gen 9] OU
|rated|
|rule|HP Percentage Mod: HP is shown in percentages
|rule|Endless Battle Clause: Forcing endless battles is banned
|rule|Species Clause: Limit one of each Pokémon
|rule|OHKO Clause: OHKO moves are banned
|rule|Evasion Items Clause: Evasion items are banned
|rule|Evasion Moves Clause: Evasion moves are banned
|rule|Evasion Abilities Clause: Evasion abilities are banned
|rule|Sleep Moves Clause: Sleep-inducing moves are banned
|clearpoke
|poke|p1|Glalie, F|
|poke|p1|Swampert, M|
|poke|p1|Porygon-Z|
|poke|p1|Mimikyu, M|
|poke|p1|Salamence, F|
|poke|p1|Arcanine, M|
|poke|p2|Golduck, F|
|poke|p2|Quagsire, F|
|poke|p2|Amoonguss, M|
|poke|p2|Great Tusk|
|poke|p2|Conkeldurr, M|
|poke|p2|Gholdengo|
|teampreview
|inactive|Battle timer is ON: inactive players will automatically lose when time's up. (requested by Supertoki1)
|
|t:|1769393211
|teamsize|p1|6
|teamsize|p2|6
|start
|switch|p1a: Porygon-Z|Porygon-Z|100/100
|switch|p2a: Amoonguss|Amoonguss, M|100/100
|-ability|p1a: Porygon-Z|Download|boost
|-boost|p1a: Porygon-Z|spa|1
|turn|1
|
|t:|1769393221
|move|p1a: Porygon-Z|Tri Attack|p2a: Amoonguss
|-damage|p2a: Amoonguss|26/100
|-damage|p1a: Porygon-Z|91/100|[from] item: Life Orb
|move|p2a: Amoonguss|Clear Smog|p1a: Porygon-Z
|-damage|p1a: Porygon-Z|71/100
|-clearboost|p1a: Porygon-Z
|
|upkeep
|turn|2
|
|t:|1769393237
|switch|p2a: Gholdengo|Gholdengo|100/100
|move|p1a: Porygon-Z|Tri Attack|p2a: Gholdengo
|-immune|p2a: Gholdengo
|
|upkeep
|turn|3
|
|t:|1769393247
|move|p1a: Porygon-Z|Nasty Plot|p1a: Porygon-Z
|-boost|p1a: Porygon-Z|spa|2
|move|p2a: Gholdengo|Nasty Plot|p2a: Gholdengo
|-boost|p2a: Gholdengo|spa|2
|
|upkeep
|turn|4
|
|t:|1769393255
|move|p1a: Porygon-Z|Shadow Ball|p2a: Gholdengo
|-supereffective|p2a: Gholdengo
|-damage|p2a: Gholdengo|0 fnt
|faint|p2a: Gholdengo
|-damage|p1a: Porygon-Z|61/100|[from] item: Life Orb
|
|upkeep
|
|t:|1769393265
|switch|p2a: Quagsire|Quagsire, F|100/100
|turn|5
|
|t:|1769393272
|move|p1a: Porygon-Z|Tri Attack|p2a: Quagsire
|-damage|p2a: Quagsire|51/100
|-damage|p1a: Porygon-Z|51/100|[from] item: Life Orb
|move|p2a: Quagsire|Toxic|p1a: Porygon-Z
|-status|p1a: Porygon-Z|tox
|
|-heal|p2a: Quagsire|57/100|[from] item: Leftovers
|-damage|p1a: Porygon-Z|45/100 tox|[from] psn
|upkeep
|turn|6
|
|t:|1769393282
|move|p1a: Porygon-Z|Tri Attack|p2a: Quagsire
|-damage|p2a: Quagsire|3/100
|-damage|p1a: Porygon-Z|35/100 tox|[from] item: Life Orb
|move|p2a: Quagsire|Recover|p2a: Quagsire
|-heal|p2a: Quagsire|53/100
|
|-heal|p2a: Quagsire|59/100|[from] item: Leftovers
|-damage|p1a: Porygon-Z|23/100 tox|[from] psn
|upkeep
|turn|7
|
|t:|1769393292
|move|p1a: Porygon-Z|Tri Attack|p2a: Quagsire
|-damage|p2a: Quagsire|5/100
|-damage|p1a: Porygon-Z|13/100 tox|[from] item: Life Orb
|move|p2a: Quagsire|Recover|p2a: Quagsire
|-heal|p2a: Quagsire|55/100
|
|-heal|p2a: Quagsire|61/100|[from] item: Leftovers
|-damage|p1a: Porygon-Z|0 fnt|[from] psn
|faint|p1a: Porygon-Z
|upkeep
|
|t:|1769393297
|switch|p1a: Glalie|Glalie, F|100/100
|turn|8
|
|t:|1769393304
|move|p1a: Glalie|Freeze-Dry|p2a: Quagsire
|-supereffective|p2a: Quagsire
|-damage|p2a: Quagsire|0 fnt
|faint|p2a: Quagsire
|
|upkeep
|
|t:|1769393315
|switch|p2a: Conkeldurr|Conkeldurr, M|100/100
|turn|9
|
|t:|1769393320
|switch|p1a: Mimikyu|Mimikyu, M|100/100
|move|p2a: Conkeldurr|Knock Off|p1a: Mimikyu
|-activate|p1a: Mimikyu|ability: Disguise
|-damage|p1a: Mimikyu|100/100
|-enditem|p1a: Mimikyu|Life Orb|[from] move: Knock Off|[of] p2a: Conkeldurr
|detailschange|p1a: Mimikyu|Mimikyu-Busted, M
|-damage|p1a: Mimikyu|88/100|[from] pokemon: Mimikyu-Busted
|
|-status|p2a: Conkeldurr|brn|[from] item: Flame Orb
|upkeep
|turn|10
|
|t:|1769393339
|move|p1a: Mimikyu|Play Rough|p2a: Conkeldurr
|-supereffective|p2a: Conkeldurr
|-damage|p2a: Conkeldurr|35/100 brn
|-unboost|p2a: Conkeldurr|atk|1
|move|p2a: Conkeldurr|Knock Off|p1a: Mimikyu
|-damage|p1a: Mimikyu|43/100
|
|-damage|p2a: Conkeldurr|29/100 brn|[from] brn
|upkeep
|turn|11
|
|t:|1769393349
|switch|p2a: Amoonguss|Amoonguss, M|60/100
|move|p1a: Mimikyu|Play Rough|p2a: Amoonguss
|-resisted|p2a: Amoonguss
|-damage|p2a: Amoonguss|45/100
|-unboost|p2a: Amoonguss|atk|1
|-damage|p1a: Mimikyu|26/100|[from] item: Rocky Helmet|[of] p2a: Amoonguss
|
|upkeep
|turn|12
|
|t:|1769393359
|move|p2a: Amoonguss|Protect|p2a: Amoonguss
|-singleturn|p2a: Amoonguss|Protect
|move|p1a: Mimikyu|Shadow Claw|p2a: Amoonguss
|-activate|p2a: Amoonguss|move: Protect
|
|upkeep
|turn|13
|
|t:|1769393366
|move|p1a: Mimikyu|Shadow Claw|p2a: Amoonguss
|-damage|p2a: Amoonguss|22/100
|-damage|p1a: Mimikyu|10/100|[from] item: Rocky Helmet|[of] p2a: Amoonguss
|move|p2a: Amoonguss|Clear Smog|p1a: Mimikyu
|-damage|p1a: Mimikyu|0 fnt
|-clearboost|p1a: Mimikyu
|faint|p1a: Mimikyu
|
|upkeep
|
|t:|1769393371
|switch|p1a: Arcanine|Arcanine, M|100/100
|-ability|p1a: Arcanine|Intimidate|boost
|-unboost|p2a: Amoonguss|atk|1
|turn|14
|
|t:|1769393383
|switch|p1a: Glalie|Glalie, F|100/100
|switch|p2a: Golduck|Golduck, F|100/100
|-ability|p2a: Golduck|Cloud Nine
|
|upkeep
|turn|15
|
|t:|1769393396
|move|p2a: Golduck|Hydro Pump|p1a: Glalie
|-damage|p1a: Glalie|31/100
|move|p1a: Glalie|Freeze-Dry|p2a: Golduck
|-supereffective|p2a: Golduck
|-damage|p2a: Golduck|46/100
|
|upkeep
|turn|16
|
|t:|1769393414
|move|p1a: Glalie|Ice Shard|p2a: Golduck
|-resisted|p2a: Golduck
|-damage|p2a: Golduck|35/100
|move|p2a: Golduck|Hydro Pump|p1a: Glalie
|-damage|p1a: Glalie|0 fnt
|faint|p1a: Glalie
|
|upkeep
|
|t:|1769393420
|switch|p1a: Swampert|Swampert, M|100/100
|turn|17
|
|t:|1769393425
|switch|p2a: Amoonguss|Amoonguss, M|55/100
|-terastallize|p1a: Swampert|Steel
|move|p1a: Swampert|Stealth Rock|p2a: Amoonguss
|-sidestart|p2: chutimatongbai|move: Stealth Rock
|
|upkeep
|turn|18
|
|t:|1769393435
|switch|p2a: Great Tusk|Great Tusk|100/100
|-damage|p2a: Great Tusk|98/100|[from] Stealth Rock
|-enditem|p2a: Great Tusk|Booster Energy
|-activate|p2a: Great Tusk|ability: Protosynthesis|[fromitem]
|-start|p2a: Great Tusk|protosynthesisatk
|move|p1a: Swampert|Roar|p2a: Great Tusk
|-end|p2a: Great Tusk|Protosynthesis|[silent]
|drag|p2a: Amoonguss|Amoonguss, M|88/100
|-damage|p2a: Amoonguss|76/100|[from] Stealth Rock
|
|upkeep
|turn|19
|
|t:|1769393449
|move|p1a: Swampert|Earthquake|p2a: Amoonguss
|-damage|p2a: Amoonguss|44/100
|move|p2a: Amoonguss|Pollen Puff|p1a: Swampert
|-resisted|p1a: Swampert
|-damage|p1a: Swampert|92/100
|
|-heal|p1a: Swampert|98/100|[from] item: Leftovers
|upkeep
|turn|20
|
|t:|1769393470
|move|p1a: Swampert|Earthquake|p2a: Amoonguss
|-damage|p2a: Amoonguss|15/100
|move|p2a: Amoonguss|Pollen Puff|p1a: Swampert
|-resisted|p1a: Swampert
|-damage|p1a: Swampert|90/100
|
|-heal|p1a: Swampert|96/100|[from] item: Leftovers
|upkeep
|turn|21
|
|t:|1769393479
|move|p1a: Swampert|Earthquake|p2a: Amoonguss
|-damage|p2a: Amoonguss|0 fnt
|faint|p2a: Amoonguss
|
|-heal|p1a: Swampert|100/100|[from] item: Leftovers
|upkeep
|
|t:|1769393485
|switch|p2a: Conkeldurr|Conkeldurr, M|29/100 brn
|-damage|p2a: Conkeldurr|23/100 brn|[from] Stealth Rock
|turn|22
|
|t:|1769393499
|move|p2a: Conkeldurr|Drain Punch|p1a: Swampert
|-supereffective|p1a: Swampert
|-crit|p1a: Swampert
|-damage|p1a: Swampert|0 fnt
|-heal|p2a: Conkeldurr|72/100 brn|[from] drain|[of] p1a: Swampert
|faint|p1a: Swampert
|
|-damage|p2a: Conkeldurr|66/100 brn|[from] brn
|upkeep
|
|t:|1769393509
|switch|p1a: Salamence|Salamence, F|100/100
|turn|23
|
|t:|1769393512
|move|p1a: Salamence|Dual Wingbeat|p2a: Conkeldurr
|-supereffective|p2a: Conkeldurr
|-damage|p2a: Conkeldurr|28/100 brn
|-supereffective|p2a: Conkeldurr
|-damage|p2a: Conkeldurr|0 fnt
|faint|p2a: Conkeldurr
|-ability|p1a: Salamence|Moxie|boost
|-boost|p1a: Salamence|atk|1
|-hitcount|p2: Conkeldurr|2
|
|upkeep
|
|t:|1769393520
|switch|p2a: Golduck|Golduck, F|35/100
|-damage|p2a: Golduck|23/100|[from] Stealth Rock
|-ability|p2a: Golduck|Cloud Nine
|turn|24
|
|t:|1769393525
|move|p1a: Salamence|Dual Wingbeat|p2a: Golduck
|-crit|p2a: Golduck
|-damage|p2a: Golduck|0 fnt
|faint|p2a: Golduck
|-ability|p1a: Salamence|Moxie|boost
|-boost|p1a: Salamence|atk|1
|-hitcount|p2: Golduck|1
|
|upkeep
|
|t:|1769393532
|switch|p2a: Great Tusk|Great Tusk|98/100
|-damage|p2a: Great Tusk|95/100|[from] Stealth Rock
|turn|25
|
|t:|1769393536
|-terastallize|p2a: Great Tusk|Ground
|move|p1a: Salamence|Dual Wingbeat|p2a: Great Tusk|[miss]
|-miss|p1a: Salamence|p2a: Great Tusk
|move|p2a: Great Tusk|Ice Spinner|p1a: Salamence
|-supereffective|p1a: Salamence
|-damage|p1a: Salamence|0 fnt
|faint|p1a: Salamence
|
|upkeep
|
|t:|1769393544
|switch|p1a: Arcanine|Arcanine, M|100/100
|-ability|p1a: Arcanine|Intimidate|boost
|-unboost|p2a: Great Tusk|atk|1
|turn|26
|
|t:|1769393549
|move|p1a: Arcanine|Will-O-Wisp|p2a: Great Tusk
|-status|p2a: Great Tusk|brn
|move|p2a: Great Tusk|Earthquake|p1a: Arcanine
|-supereffective|p1a: Arcanine
|-damage|p1a: Arcanine|64/100
|
|-damage|p2a: Great Tusk|88/100 brn|[from] brn
|upkeep
|turn|27
|
|t:|1769393558
|move|p1a: Arcanine|Flamethrower|p2a: Great Tusk
|-damage|p2a: Great Tusk|48/100 brn
|move|p2a: Great Tusk|Earthquake|p1a: Arcanine
|-supereffective|p1a: Arcanine
|-crit|p1a: Arcanine
|-damage|p1a: Arcanine|0 fnt
|faint|p1a: Arcanine
|
|win|chutimatongbai
|raw|Supertoki1's rating: 1083 &rarr; <strong>1059</strong><br />(-24 for losing)
|raw|chutimatongbai's rating: 1062 &rarr; <strong>1095</strong><br />(+33 for winning)
|l|☆Supertoki1
|player|p1|
|l|☆chutimatongbai
|player|p2|
