|j|☆jrayo5
|j|☆DerDonPorrello
|t:|1769295878
|gametype|singles
|player|p1|jrayo5|cyclist-gen4|1108
|player|p2|DerDonPorrello|hiker-gen4|1191
|gen|9
|tier|[Gen 9] OU
|rated|
|rule|HP Percentage Mod: HP is shown in percentages
|rule|Endless Battle Clause: Forcing endless battles is banned
|rule|Species Clause: Limit one of each Pokémon
|rule|OHKO Clause: OHKO moves are banned
|rule|Evasion Items Clause: Evasion items are banned
|rule|Evasion Moves Clause: Evasion moves are banned
|rule|Evasion Abilities Clause: Evasion abilities are banned
|rule|Sleep Moves Clause: Sleep-inducing moves are banned
|clearpoke
|poke|p1|Dragapult, F|
|poke|p1|Great Tusk|
|poke|p1|Kingambit, F|
|poke|p1|Gholdengo|
|poke|p1|Iron Valiant|
|poke|p1|Rotom-Wash|
|poke|p2|Alomomola, F|
|poke|p2|Hydrapple, M|
|poke|p2|Kleavor, F|
|poke|p2|Overqwil, M|
|poke|p2|Hoopa|
|poke|p2|Quaxwell, M|
|teampreview
|inactive|Battle timer is ON: inactive players will automatically lose when time's up. (requested by jrayo5)
|
|t:|1769295891
|teamsize|p1|6
|teamsize|p2|6
|start
|switch|p1a: Dragapult|Dragapult, F, shiny|100/100
|switch|p2a: Overqwil|Overqwil, M|100/100
|-ability|p2a: Overqwil|Intimidate|boost
|-unboost|p1a: Dragapult|atk|1
|turn|1
|
|t:|1769295903
|move|p1a: Dragapult|U-turn|p2a: Overqwil
|-damage|p2a: Overqwil|93/100
|
|t:|1769295914
|switch|p1a: Great Tusk|Great Tusk, shiny|100/100|[from] U-turn
|move|p2a: Overqwil|Spikes|p1a: Great Tusk
|-sidestart|p1: jrayo5|Spikes
|
|-heal|p2a: Overqwil|99/100|[from] item: Black Sludge
|upkeep
|turn|2
|
|t:|1769295927
|switch|p2a: Alomomola|Alomomola, F|100/100
|move|p1a: Great Tusk|Earthquake|p2a: Alomomola
|-damage|p2a: Alomomola|75/100
|
|upkeep
|turn|3
|
|t:|1769295943
|-end|p1a: Great Tusk|Protosynthesis|[silent]
|switch|p1a: Iron Valiant|Iron Valiant, shiny|100/100
|-damage|p1a: Iron Valiant|88/100|[from] Spikes
|-enditem|p1a: Iron Valiant|Booster Energy
|-activate|p1a: Iron Valiant|ability: Quark Drive|[fromitem]
|-start|p1a: Iron Valiant|quarkdrivespe
|move|p2a: Alomomola|Wish|p2a: Alomomola
|
|upkeep
|turn|4
|
|t:|1769295951
|move|p1a: Iron Valiant|Thunderbolt|p2a: Alomomola
|-supereffective|p2a: Alomomola
|-damage|p2a: Alomomola|21/100
|-status|p2a: Alomomola|par
|cant|p2a: Alomomola|par
|
|-heal|p2a: Alomomola|71/100 par|[from] move: Wish|[wisher] Alomomola
|upkeep
|turn|5
|
|t:|1769295969
|switch|p2a: Hydrapple|Hydrapple, M|100/100
|move|p1a: Iron Valiant|Thunderbolt|p2a: Hydrapple
|-resisted|p2a: Hydrapple
|-damage|p2a: Hydrapple|96/100
|
|upkeep
|turn|6
|
|t:|1769295980
|switch|p2a: Alomomola|Alomomola, F|100/100 par
|move|p1a: Iron Valiant|Close Combat|p2a: Alomomola
|-damage|p2a: Alomomola|72/100 par
|-unboost|p1a: Iron Valiant|def|1
|-unboost|p1a: Iron Valiant|spd|1
|-damage|p1a: Iron Valiant|71/100|[from] item: Rocky Helmet|[of] p2a: Alomomola
|
|upkeep
|turn|7
|
|t:|1769296002
|move|p1a: Iron Valiant|Moonblast|p2a: Alomomola
|-damage|p2a: Alomomola|26/100 par
|move|p2a: Alomomola|Wish|p2a: Alomomola
|
|upkeep
|turn|8
|
|t:|1769296007
|switch|p2a: Hoopa|Hoopa|100/100
|move|p1a: Iron Valiant|Moonblast|p2a: Hoopa
|-damage|p2a: Hoopa|61/100
|
|-heal|p2a: Hoopa|100/100|[from] move: Wish|[wisher] Alomomola
|upkeep
|turn|9
|
|t:|1769296022
|move|p1a: Iron Valiant|Close Combat|p2a: Hoopa
|-immune|p2a: Hoopa
|move|p2a: Hoopa|Trick|p1a: Iron Valiant
|-activate|p2a: Hoopa|move: Trick|[of] p1a: Iron Valiant
|-item|p1a: Iron Valiant|Choice Specs|[from] move: Trick
|-enditem|p2a: Hoopa|Choice Specs|[silent]|[from] move: Trick
|
|upkeep
|turn|10
|
|t:|1769296032
|move|p1a: Iron Valiant|Encore|p2a: Hoopa
|-start|p2a: Hoopa|Encore
|move|p2a: Hoopa|Trick|p1a: Iron Valiant
|-activate|p2a: Hoopa|move: Trick|[of] p1a: Iron Valiant
|-enditem|p1a: Iron Valiant|Choice Specs|[silent]|[from] move: Trick
|-item|p2a: Hoopa|Choice Specs|[from] move: Trick
|
|upkeep
|turn|11
|
|t:|1769296039
|move|p1a: Iron Valiant|Thunderbolt|p2a: Hoopa
|-damage|p2a: Hoopa|72/100
|move|p2a: Hoopa|Trick|p1a: Iron Valiant
|-activate|p2a: Hoopa|move: Trick|[of] p1a: Iron Valiant
|-item|p1a: Iron Valiant|Choice Specs|[from] move: Trick
|-enditem|p2a: Hoopa|Choice Specs|[silent]|[from] move: Trick
|
|upkeep
|turn|12
|
|t:|1769296051
|switch|p2a: Hydrapple|Hydrapple, M|100/100
|move|p1a: Iron Valiant|Moonblast|p2a: Hydrapple
|-supereffective|p2a: Hydrapple
|-damage|p2a: Hydrapple|14/100
|
|upkeep
|turn|13
|
|t:|1769296063
|switch|p2a: Hoopa|Hoopa|72/100
|move|p1a: Iron Valiant|Moonblast|p2a: Hoopa
|-damage|p2a: Hoopa|4/100
|
|upkeep
|turn|14
|
|t:|1769296070
|move|p1a: Iron Valiant|Moonblast|p2a: Hoopa
|-damage|p2a: Hoopa|0 fnt
|faint|p2a: Hoopa
|
|upkeep
|
|t:|1769296077
|switch|p2a: Overqwil|Overqwil, M|99/100
|-ability|p2a: Overqwil|Intimidate|boost
|-unboost|p1a: Iron Valiant|atk|1
|turn|15
|
|t:|1769296086
|-end|p1a: Iron Valiant|Quark Drive|[silent]
|switch|p1a: Great Tusk|Great Tusk, shiny|100/100
|-damage|p1a: Great Tusk|88/100|[from] Spikes
|move|p2a: Overqwil|Barb Barrage|p1a: Great Tusk
|-resisted|p1a: Great Tusk
|-damage|p1a: Great Tusk|82/100
|
|-heal|p1a: Great Tusk|88/100|[from] item: Leftovers
|-heal|p2a: Overqwil|100/100|[from] item: Black Sludge
|upkeep
|turn|16
|
|t:|1769296097
|switch|p2a: Alomomola|Alomomola, F|59/100 par
|move|p1a: Great Tusk|Earthquake|p2a: Alomomola
|-damage|p2a: Alomomola|31/100 par
|
|-heal|p1a: Great Tusk|95/100|[from] item: Leftovers
|upkeep
|turn|17
|
|t:|1769296107
|-end|p1a: Great Tusk|Protosynthesis|[silent]
|switch|p1a: Rotom|Rotom-Wash, shiny|100/100
|switch|p2a: Quaxwell|Quaxwell, M|100/100
|
|upkeep
|turn|18
|
|t:|1769296113
|switch|p2a: Hydrapple|Hydrapple, M|47/100
|move|p1a: Rotom|Volt Switch|p2a: Hydrapple
|-resisted|p2a: Hydrapple
|-damage|p2a: Hydrapple|43/100
|
|t:|1769296125
|switch|p1a: Great Tusk|Great Tusk, shiny|95/100|[from] Volt Switch
|-damage|p1a: Great Tusk|82/100|[from] Spikes
|
|-heal|p1a: Great Tusk|88/100|[from] item: Leftovers
|upkeep
|turn|19
|
|t:|1769296137
|move|p1a: Great Tusk|Knock Off|p2a: Hydrapple
|-damage|p2a: Hydrapple|22/100
|-enditem|p2a: Hydrapple|Assault Vest|[from] move: Knock Off|[of] p1a: Great Tusk
|move|p2a: Hydrapple|Giga Drain|p1a: Great Tusk
|-supereffective|p1a: Great Tusk
|-damage|p1a: Great Tusk|0 fnt
|-heal|p2a: Hydrapple|68/100|[from] drain|[of] p1a: Great Tusk
|faint|p1a: Great Tusk
|-end|p1a: Great Tusk|Protosynthesis|[silent]
|
|upkeep
|
|t:|1769296149
|switch|p1a: Dragapult|Dragapult, F, shiny|100/100
|-damage|p1a: Dragapult|88/100|[from] Spikes
|turn|20
|
|t:|1769296157
|-terastallize|p2a: Hydrapple|Fighting
|move|p1a: Dragapult|Flamethrower|p2a: Hydrapple
|-damage|p2a: Hydrapple|27/100
|move|p2a: Hydrapple|Fickle Beam|p1a: Dragapult
|-supereffective|p1a: Dragapult
|-damage|p1a: Dragapult|0 fnt
|faint|p1a: Dragapult
|
|upkeep
|
|t:|1769296171
|switch|p1a: Iron Valiant|Iron Valiant, shiny|71/100
|-damage|p1a: Iron Valiant|59/100|[from] Spikes
|turn|21
|
|t:|1769296183
|move|p1a: Iron Valiant|Moonblast|p2a: Hydrapple
|-supereffective|p2a: Hydrapple
|-damage|p2a: Hydrapple|0 fnt
|faint|p2a: Hydrapple
|
|upkeep
|
|t:|1769296188
|switch|p2a: Overqwil|Overqwil, M|100/100
|-ability|p2a: Overqwil|Intimidate|boost
|-unboost|p1a: Iron Valiant|atk|1
|turn|22
|
|t:|1769296193
|move|p1a: Iron Valiant|Moonblast|p2a: Overqwil
|-damage|p2a: Overqwil|5/100
|move|p2a: Overqwil|Barb Barrage|p1a: Iron Valiant
|-supereffective|p1a: Iron Valiant
|-damage|p1a: Iron Valiant|1/100
|
|-heal|p2a: Overqwil|11/100|[from] item: Black Sludge
|upkeep
|turn|23
|
|t:|1769296201
|move|p1a: Iron Valiant|Moonblast|p2a: Overqwil
|-crit|p2a: Overqwil
|-damage|p2a: Overqwil|0 fnt
|faint|p2a: Overqwil
|
|upkeep
|
|t:|1769296209
|switch|p2a: Quaxwell|Quaxwell, M|100/100
|turn|24
|
|t:|1769296212
|move|p1a: Iron Valiant|Moonblast|p2a: Quaxwell
|-damage|p2a: Quaxwell|25/100
|move|p2a: Quaxwell|Rapid Spin|p1a: Iron Valiant
|-damage|p1a: Iron Valiant|0 fnt
|-boost|p2a: Quaxwell|spe|1
|faint|p1a: Iron Valiant
|-end|p1a: Iron Valiant|Quark Drive|[silent]
|-ability|p2a: Quaxwell|Moxie|boost
|-boost|p2a: Quaxwell|atk|1
|
|upkeep
|
|t:|1769296223
|switch|p1a: Kingambit|Kingambit, F, shiny|100/100
|-damage|p1a: Kingambit|88/100|[from] Spikes
|-activate|p1a: Kingambit|ability: Supreme Overlord
|-start|p1a: Kingambit|fallen3|[silent]
|turn|25
|
|t:|1769296228
|move|p2a: Quaxwell|Roost|p2a: Quaxwell
|-heal|p2a: Quaxwell|75/100
|-singleturn|p2a: Quaxwell|move: Roost
|move|p1a: Kingambit|Swords Dance|p1a: Kingambit
|-boost|p1a: Kingambit|atk|2
|
|upkeep
|turn|26
|
|t:|1769296234
|move|p2a: Quaxwell|Liquidation|p1a: Kingambit
|-damage|p1a: Kingambit|62/100
|move|p1a: Kingambit|Kowtow Cleave|p2a: Quaxwell
|-damage|p2a: Quaxwell|0 fnt
|faint|p2a: Quaxwell
|
|upkeep
|
|t:|1769296247
|switch|p2a: Kleavor|Kleavor, F|100/100
|turn|27
|
|t:|1769296251
|move|p2a: Kleavor|Close Combat|p1a: Kingambit
|-supereffective|p1a: Kingambit
|-damage|p1a: Kingambit|0 fnt
|-unboost|p2a: Kleavor|def|1
|-unboost|p2a: Kleavor|spd|1
|faint|p1a: Kingambit
|-end|p1a: Kingambit|fallen3|[silent]
|
|upkeep
|
|t:|1769296263
|switch|p1a: Gholdengo|Gholdengo, shiny|100/100
|-damage|p1a: Gholdengo|88/100|[from] Spikes
|turn|28
|
|t:|1769296275
|move|p2a: Kleavor|U-turn|p1a: Gholdengo
|-resisted|p1a: Gholdengo
|-damage|p1a: Gholdengo|80/100
|
|t:|1769296279
|switch|p2a: Alomomola|Alomomola, F|65/100 par|[from] U-turn
|move|p1a: Gholdengo|Make It Rain|p2a: Alomomola
|-resisted|p2a: Alomomola
|-damage|p2a: Alomomola|41/100 par
|-unboost|p1a: Gholdengo|spa|1
|
|-heal|p1a: Gholdengo|86/100|[from] item: Leftovers
|upkeep
|turn|29
|
|t:|1769296290
|move|p1a: Gholdengo|Nasty Plot|p1a: Gholdengo
|-boost|p1a: Gholdengo|spa|2
|move|p2a: Alomomola|Wish|p2a: Alomomola
|
|-heal|p1a: Gholdengo|92/100|[from] item: Leftovers
|upkeep
|turn|30
|
|t:|1769296297
|move|p1a: Gholdengo|Shadow Ball|p2a: Alomomola
|-damage|p2a: Alomomola|0 fnt
|faint|p2a: Alomomola
|
|-heal|p1a: Gholdengo|98/100|[from] item: Leftovers
|upkeep
|
|t:|1769296303
|switch|p2a: Kleavor|Kleavor, F|100/100
|turn|31
|
|t:|1769296306
|move|p2a: Kleavor|Night Slash|p1a: Gholdengo
|-supereffective|p1a: Gholdengo
|-damage|p1a: Gholdengo|30/100
|move|p1a: Gholdengo|Make It Rain|p2a: Kleavor
|-supereffective|p2a: Kleavor
|-damage|p2a: Kleavor|0 fnt
|-unboost|p1a: Gholdengo|spa|1
|faint|p2a: Kleavor
|
|win|jrayo5
|raw|jrayo5's rating: 1108 &rarr; <strong>1139</strong><br />(+31 for winning)
|raw|DerDonPorrello's rating: 1191 &rarr; <strong>1160</strong><br />(-31 for losing)
|l|☆DerDonPorrello
|player|p2|
|c|☆jrayo5|gg
|l|☆jrayo5
|player|p1|
