|j|☆MfxxkingReal
|j|‽Massimog
|t:|1769340933
|gametype|singles
|player|p1|MfxxkingReal|169|1457
|player|p2|Massimog|cheren-gen5bw2|1500
|gen|9
|tier|[Gen 9] OU
|rated|
|rule|HP Percentage Mod: HP is shown in percentages
|rule|Endless Battle Clause: Forcing endless battles is banned
|rule|Species Clause: Limit one of each Pokémon
|rule|OHKO Clause: OHKO moves are banned
|rule|Evasion Items Clause: Evasion items are banned
|rule|Evasion Moves Clause: Evasion moves are banned
|rule|Evasion Abilities Clause: Evasion abilities are banned
|rule|Sleep Moves Clause: Sleep-inducing moves are banned
|clearpoke
|poke|p1|Alomomola, M|
|poke|p1|Garganacl, M|
|poke|p1|Ogerpon-Wellspring, F|
|poke|p1|Zoroark-Hisui, F|
|poke|p1|Pecharunt|
|poke|p1|Great Tusk|
|poke|p2|Manaphy|
|poke|p2|Pelipper, F|
|poke|p2|Iron Treads|
|poke|p2|Zamazenta-*|
|poke|p2|Toxicroak, M|
|poke|p2|Barraskewda, F|
|teampreview
|inactive|Battle timer is ON: inactive players will automatically lose when time's up. (requested by MfxxkingReal)
|
|t:|1769340959
|teamsize|p1|6
|teamsize|p2|6
|start
|switch|p1a: Great Tusk|Great Tusk|100/100
|switch|p2a: Pelipper|Pelipper, F|100/100
|-weather|RainDance|[from] ability: Drizzle|[of] p2a: Pelipper
|turn|1
|
|t:|1769340980
|move|p1a: Great Tusk|Hyper Voice|p2a: Pelipper
|-damage|p2a: Pelipper|10/100
|move|p2a: Pelipper|Surf|p1a: Great Tusk
|-damage|p1a: Great Tusk|4/100
|replace|p1a: Zoroark|Zoroark-Hisui, F
|-end|p1a: Zoroark|Illusion
|
|-weather|RainDance|[upkeep]
|upkeep
|turn|2
|
|t:|1769340995
|switch|p2a: Iron Treads|Iron Treads|100/100
|move|p1a: Zoroark|Hyper Voice|p2a: Iron Treads
|-resisted|p2a: Iron Treads
|-damage|p2a: Iron Treads|78/100
|
|-weather|RainDance|[upkeep]
|upkeep
|turn|3
|
|t:|1769341004
|switch|p1a: Ogerpon|Ogerpon-Wellspring, F|100/100
|move|p2a: Iron Treads|Volt Switch|p1a: Ogerpon
|-crit|p1a: Ogerpon
|-damage|p1a: Ogerpon|79/100
|
|t:|1769341014
|-end|p2a: Iron Treads|Quark Drive|[silent]
|switch|p2a: Toxicroak|Toxicroak, M|100/100|[from] Volt Switch
|
|-weather|RainDance|[upkeep]
|upkeep
|turn|4
|
|t:|1769341019
|move|p1a: Ogerpon|U-turn|p2a: Toxicroak
|-resisted|p2a: Toxicroak
|-damage|p2a: Toxicroak|94/100
|-damage|p1a: Ogerpon|63/100|[from] item: Rocky Helmet|[of] p2a: Toxicroak
|
|t:|1769341024
|switch|p1a: Great Tusk|Great Tusk|100/100|[from] U-turn
|move|p2a: Toxicroak|Knock Off|p1a: Great Tusk
|-resisted|p1a: Great Tusk
|-damage|p1a: Great Tusk|93/100
|-enditem|p1a: Great Tusk|Assault Vest|[from] move: Knock Off|[of] p2a: Toxicroak
|
|-weather|RainDance|[upkeep]
|-heal|p2a: Toxicroak|100/100|[from] ability: Dry Skin
|upkeep
|turn|5
|inactive|Massimog has 120 seconds left.
|
|t:|1769341054
|switch|p2a: Zamazenta|Zamazenta|100/100
|-ability|p2a: Zamazenta|Dauntless Shield|boost
|-boost|p2a: Zamazenta|def|1
|move|p1a: Great Tusk|Rapid Spin|p2a: Zamazenta
|-damage|p2a: Zamazenta|93/100
|-boost|p1a: Great Tusk|spe|1
|
|-weather|RainDance|[upkeep]
|upkeep
|turn|6
|inactive|Massimog has 120 seconds left.
|
|t:|1769341070
|move|p1a: Great Tusk|Earthquake|p2a: Zamazenta
|-crit|p2a: Zamazenta
|-damage|p2a: Zamazenta|41/100
|move|p2a: Zamazenta|Ice Fang|p1a: Great Tusk
|-supereffective|p1a: Great Tusk
|-damage|p1a: Great Tusk|62/100
|
|-weather|RainDance|[upkeep]
|upkeep
|turn|7
|
|t:|1769341078
|move|p1a: Great Tusk|Earthquake|p2a: Zamazenta
|-crit|p2a: Zamazenta
|-damage|p2a: Zamazenta|0 fnt
|faint|p2a: Zamazenta
|
|-weather|RainDance|[upkeep]
|upkeep
|
|t:|1769341085
|switch|p2a: Barraskewda|Barraskewda, F|100/100
|turn|8
|
|t:|1769341089
|-end|p1a: Great Tusk|Protosynthesis|[silent]
|switch|p1a: Ogerpon|Ogerpon-Wellspring, F|63/100
|move|p2a: Barraskewda|Flip Turn|p1a: Ogerpon
|-heal|p1a: Ogerpon|88/100|[from] ability: Water Absorb|[of] p2a: Barraskewda
|
|-weather|none
|upkeep
|turn|9
|
|t:|1769341107
|switch|p2a: Toxicroak|Toxicroak, M|100/100
|move|p1a: Ogerpon|U-turn|p2a: Toxicroak
|-resisted|p2a: Toxicroak
|-damage|p2a: Toxicroak|94/100
|-damage|p1a: Ogerpon|71/100|[from] item: Rocky Helmet|[of] p2a: Toxicroak
|
|t:|1769341113
|switch|p1a: Great Tusk|Great Tusk|62/100|[from] U-turn
|
|upkeep
|turn|10
|
|t:|1769341141
|switch|p2a: Manaphy|Manaphy|100/100
|move|p1a: Great Tusk|Earthquake|p2a: Manaphy
|-damage|p2a: Manaphy|66/100
|
|-heal|p2a: Manaphy|72/100|[from] item: Leftovers
|upkeep
|turn|11
|
|t:|1769341154
|-end|p1a: Great Tusk|Protosynthesis|[silent]
|switch|p1a: Pecharunt|Pecharunt|100/100
|switch|p2a: Pelipper|Pelipper, F|10/100
|-weather|RainDance|[from] ability: Drizzle|[of] p2a: Pelipper
|
|-weather|RainDance|[upkeep]
|upkeep
|turn|12
|
|t:|1769341166
|switch|p2a: Iron Treads|Iron Treads|78/100
|move|p1a: Pecharunt|Shadow Ball|p2a: Iron Treads
|-damage|p2a: Iron Treads|56/100
|-unboost|p2a: Iron Treads|spd|1
|
|-weather|RainDance|[upkeep]
|upkeep
|turn|13
|
|t:|1769341177
|move|p1a: Pecharunt|Shadow Ball|p2a: Iron Treads
|-damage|p2a: Iron Treads|23/100
|-unboost|p2a: Iron Treads|spd|1
|move|p2a: Iron Treads|Earthquake|p1a: Pecharunt
|-supereffective|p1a: Pecharunt
|-damage|p1a: Pecharunt|26/100
|
|-weather|RainDance|[upkeep]
|upkeep
|turn|14
|inactive|Massimog has 120 seconds left.
|
|t:|1769341208
|-end|p2a: Iron Treads|Quark Drive|[silent]
|switch|p2a: Manaphy|Manaphy|72/100
|move|p1a: Pecharunt|Shadow Ball|p2a: Manaphy
|-crit|p2a: Manaphy
|-damage|p2a: Manaphy|45/100
|
|-weather|RainDance|[upkeep]
|-heal|p2a: Manaphy|51/100|[from] item: Leftovers
|upkeep
|turn|15
|
|t:|1769341216
|move|p1a: Pecharunt|Malignant Chain|p2a: Manaphy
|-damage|p2a: Manaphy|28/100
|move|p2a: Manaphy|Rest|p2a: Manaphy
|-status|p2a: Manaphy|slp|[from] move: Rest
|-heal|p2a: Manaphy|100/100 slp|[silent]
|
|-weather|RainDance|[upkeep]
|-activate|p2a: Manaphy|ability: Hydration
|-curestatus|p2a: Manaphy|slp|[msg]
|upkeep
|turn|16
|
|t:|1769341233
|switch|p2a: Toxicroak|Toxicroak, M|94/100
|move|p1a: Pecharunt|Destiny Bond|p1a: Pecharunt
|-singlemove|p1a: Pecharunt|Destiny Bond
|
|-weather|RainDance|[upkeep]
|-heal|p2a: Toxicroak|100/100|[from] ability: Dry Skin
|upkeep
|turn|17
|
|t:|1769341246
|move|p1a: Pecharunt|Shadow Ball|p2a: Toxicroak
|-damage|p2a: Toxicroak|59/100
|-unboost|p2a: Toxicroak|spd|1
|move|p2a: Toxicroak|Knock Off|p1a: Pecharunt
|-supereffective|p1a: Pecharunt
|-damage|p1a: Pecharunt|0 fnt
|-damage|p2a: Toxicroak|42/100|[from] item: Rocky Helmet|[of] p1a: Pecharunt
|-enditem|p1a: Pecharunt|Rocky Helmet|[from] move: Knock Off|[of] p2a: Toxicroak
|faint|p1a: Pecharunt
|
|-weather|RainDance|[upkeep]
|-heal|p2a: Toxicroak|55/100|[from] ability: Dry Skin
|upkeep
|
|t:|1769341249
|switch|p1a: Great Tusk|Great Tusk|62/100
|turn|18
|
|t:|1769341266
|switch|p2a: Manaphy|Manaphy|100/100
|move|p1a: Great Tusk|Rapid Spin|p2a: Manaphy
|-damage|p2a: Manaphy|88/100
|-boost|p1a: Great Tusk|spe|1
|
|-weather|none
|-heal|p2a: Manaphy|94/100|[from] item: Leftovers
|upkeep
|turn|19
|
|t:|1769341275
|move|p1a: Great Tusk|Earthquake|p2a: Manaphy
|-damage|p2a: Manaphy|58/100
|move|p2a: Manaphy|Surf|p1a: Great Tusk
|-supereffective|p1a: Great Tusk
|-damage|p1a: Great Tusk|0 fnt
|faint|p1a: Great Tusk
|-end|p1a: Great Tusk|Protosynthesis|[silent]
|
|-heal|p2a: Manaphy|64/100|[from] item: Leftovers
|upkeep
|
|t:|1769341279
|switch|p1a: Ogerpon|Ogerpon-Wellspring, F|4/100
|turn|20
|inactive|Massimog has 120 seconds left.
|inactive|Massimog has 90 seconds left.
|
|t:|1769341338
|switch|p2a: Toxicroak|Toxicroak, M|55/100
|move|p1a: Ogerpon|Hyper Voice|p2a: Toxicroak
|-damage|p2a: Toxicroak|0 fnt
|faint|p2a: Toxicroak
|
|upkeep
|
|t:|1769341350
|switch|p2a: Barraskewda|Barraskewda, F|100/100
|turn|21
|
|t:|1769341355
|switch|p1a: Alomomola|Alomomola, M|100/100
|move|p2a: Barraskewda|Poison Jab|p1a: Alomomola
|-damage|p1a: Alomomola|75/100
|
|-heal|p1a: Alomomola|81/100|[from] item: Leftovers
|upkeep
|turn|22
|
|t:|1769341373
|move|p2a: Barraskewda|Poison Jab|p1a: Alomomola
|-damage|p1a: Alomomola|54/100
|move|p1a: Alomomola|Flip Turn|p2a: Barraskewda
|-resisted|p2a: Barraskewda
|-damage|p2a: Barraskewda|83/100
|
|t:|1769341392
|switch|p1a: Garganacl|Garganacl, M|100/100|[from] Flip Turn
|
|upkeep
|turn|23
|
|t:|1769341405
|switch|p2a: Iron Treads|Iron Treads|23/100
|move|p1a: Garganacl|Salt Cure|p2a: Iron Treads
|-resisted|p2a: Iron Treads
|-damage|p2a: Iron Treads|20/100
|-start|p2a: Iron Treads|Salt Cure
|
|-damage|p2a: Iron Treads|0 fnt|[from] Salt Cure
|faint|p2a: Iron Treads
|-end|p2a: Iron Treads|Quark Drive|[silent]
|upkeep
|
|t:|1769341413
|switch|p2a: Pelipper|Pelipper, F|10/100
|-weather|RainDance|[from] ability: Drizzle|[of] p2a: Pelipper
|turn|24
|
|t:|1769341423
|-terastallize|p1a: Garganacl|Water
|move|p2a: Pelipper|U-turn|p1a: Garganacl
|-damage|p1a: Garganacl|94/100
|
|t:|1769341434
|switch|p2a: Manaphy|Manaphy|64/100|[from] U-turn
|move|p1a: Garganacl|Salt Cure|p2a: Manaphy
|-damage|p2a: Manaphy|52/100
|-start|p2a: Manaphy|Salt Cure
|
|-weather|RainDance|[upkeep]
|-heal|p2a: Manaphy|58/100|[from] item: Leftovers
|-heal|p1a: Garganacl|100/100|[from] item: Leftovers
|-damage|p2a: Manaphy|33/100|[from] Salt Cure
|upkeep
|turn|25
|
|t:|1769341451
|-terastallize|p2a: Manaphy|Grass
|move|p2a: Manaphy|Rest|p2a: Manaphy
|-status|p2a: Manaphy|slp|[from] move: Rest
|-heal|p2a: Manaphy|100/100 slp|[silent]
|move|p1a: Garganacl|Iron Defense|p1a: Garganacl
|-boost|p1a: Garganacl|def|2
|
|-weather|RainDance|[upkeep]
|-activate|p2a: Manaphy|ability: Hydration
|-curestatus|p2a: Manaphy|slp|[msg]
|-damage|p2a: Manaphy|88/100|[from] Salt Cure
|upkeep
|turn|26
|
|t:|1769341463
|move|p2a: Manaphy|Take Heart|p2a: Manaphy
|-boost|p2a: Manaphy|spa|1
|-boost|p2a: Manaphy|spd|1
|move|p1a: Garganacl|Body Press|p2a: Manaphy
|-damage|p2a: Manaphy|50/100
|
|-weather|RainDance|[upkeep]
|-heal|p2a: Manaphy|57/100|[from] item: Leftovers
|-damage|p2a: Manaphy|44/100|[from] Salt Cure
|upkeep
|turn|27
|
|t:|1769341478
|move|p2a: Manaphy|Acid Armor|p2a: Manaphy
|-boost|p2a: Manaphy|def|2
|move|p1a: Garganacl|Body Press|p2a: Manaphy
|-damage|p2a: Manaphy|26/100
|
|-weather|RainDance|[upkeep]
|-heal|p2a: Manaphy|32/100|[from] item: Leftovers
|-damage|p2a: Manaphy|20/100|[from] Salt Cure
|upkeep
|turn|28
|
|t:|1769341486
|move|p2a: Manaphy|Surf|p1a: Garganacl
|-resisted|p1a: Garganacl
|-damage|p1a: Garganacl|79/100
|move|p1a: Garganacl|Iron Defense|p1a: Garganacl
|-boost|p1a: Garganacl|def|2
|
|-weather|RainDance|[upkeep]
|-heal|p2a: Manaphy|26/100|[from] item: Leftovers
|-heal|p1a: Garganacl|86/100|[from] item: Leftovers
|-damage|p2a: Manaphy|14/100|[from] Salt Cure
|upkeep
|turn|29
|
|t:|1769341494
|move|p2a: Manaphy|Rest|p2a: Manaphy
|-status|p2a: Manaphy|slp|[from] move: Rest
|-heal|p2a: Manaphy|100/100 slp|[silent]
|move|p1a: Garganacl|Body Press|p2a: Manaphy
|-damage|p2a: Manaphy|73/100 slp
|
|-weather|RainDance|[upkeep]
|-activate|p2a: Manaphy|ability: Hydration
|-curestatus|p2a: Manaphy|slp|[msg]
|-heal|p2a: Manaphy|79/100|[from] item: Leftovers
|-heal|p1a: Garganacl|92/100|[from] item: Leftovers
|-damage|p2a: Manaphy|67/100|[from] Salt Cure
|upkeep
|turn|30
|
|t:|1769341516
|move|p2a: Manaphy|Acid Armor|p2a: Manaphy
|-boost|p2a: Manaphy|def|2
|move|p1a: Garganacl|Body Press|p2a: Manaphy
|-damage|p2a: Manaphy|48/100
|
|-weather|RainDance|[upkeep]
|-heal|p2a: Manaphy|54/100|[from] item: Leftovers
|-heal|p1a: Garganacl|98/100|[from] item: Leftovers
|-damage|p2a: Manaphy|42/100|[from] Salt Cure
|upkeep
|turn|31
|
|t:|1769341527
|move|p2a: Manaphy|Surf|p1a: Garganacl
|-resisted|p1a: Garganacl
|-damage|p1a: Garganacl|75/100
|move|p1a: Garganacl|Iron Defense|p1a: Garganacl
|-boost|p1a: Garganacl|def|2
|
|-weather|none
|-heal|p2a: Manaphy|48/100|[from] item: Leftovers
|-heal|p1a: Garganacl|82/100|[from] item: Leftovers
|-damage|p2a: Manaphy|36/100|[from] Salt Cure
|upkeep
|turn|32
|
|t:|1769341536
|move|p2a: Manaphy|Surf|p1a: Garganacl
|-resisted|p1a: Garganacl
|-damage|p1a: Garganacl|65/100
|move|p1a: Garganacl|Body Press|p2a: Manaphy
|-damage|p2a: Manaphy|9/100
|
|-heal|p2a: Manaphy|15/100|[from] item: Leftovers
|-heal|p1a: Garganacl|71/100|[from] item: Leftovers
|-damage|p2a: Manaphy|2/100|[from] Salt Cure
|upkeep
|turn|33
|
|t:|1769341546
|switch|p1a: Ogerpon|Ogerpon-Wellspring, F|71/100
|move|p2a: Manaphy|Rest|p2a: Manaphy
|-status|p2a: Manaphy|slp|[from] move: Rest
|-heal|p2a: Manaphy|100/100 slp|[silent]
|
|-damage|p2a: Manaphy|88/100 slp|[from] Salt Cure
|upkeep
|turn|34
|
|t:|1769341556
|switch|p2a: Pelipper|Pelipper, F|10/100
|-weather|RainDance|[from] ability: Drizzle|[of] p2a: Pelipper
|move|p1a: Ogerpon|Swords Dance|p1a: Ogerpon
|-boost|p1a: Ogerpon|atk|2
|
|-weather|RainDance|[upkeep]
|upkeep
|turn|35
|
|t:|1769341564
|move|p1a: Ogerpon|Ivy Cudgel|p2a: Pelipper|[anim] Ivy Cudgel Water
|-resisted|p2a: Pelipper
|-damage|p2a: Pelipper|0 fnt
|faint|p2a: Pelipper
|
|-weather|RainDance|[upkeep]
|upkeep
|
|t:|1769341569
|switch|p2a: Barraskewda|Barraskewda, F|83/100
|turn|36
|
|t:|1769341584
|move|p2a: Barraskewda|Poison Jab|p1a: Ogerpon
|-supereffective|p1a: Ogerpon
|-damage|p1a: Ogerpon|0 fnt
|faint|p1a: Ogerpon
|
|-weather|RainDance|[upkeep]
|upkeep
|
|t:|1769341589
|switch|p1a: Garganacl|Garganacl, M, tera:Water|71/100
|turn|37
|inactive|Massimog has 90 seconds left.
|
|t:|1769341611
|move|p2a: Barraskewda|Poison Jab|p1a: Garganacl
|-damage|p1a: Garganacl|43/100
|move|p1a: Garganacl|Iron Defense|p1a: Garganacl
|-boost|p1a: Garganacl|def|2
|
|-weather|RainDance|[upkeep]
|-heal|p1a: Garganacl|50/100|[from] item: Leftovers
|upkeep
|turn|38
|inactive|Massimog has 90 seconds left.
|
|t:|1769341624
|move|p2a: Barraskewda|Poison Jab|p1a: Garganacl
|-damage|p1a: Garganacl|36/100
|move|p1a: Garganacl|Body Press|p2a: Barraskewda
|-damage|p2a: Barraskewda|0 fnt
|faint|p2a: Barraskewda
|
|-weather|RainDance|[upkeep]
|-heal|p1a: Garganacl|42/100|[from] item: Leftovers
|upkeep
|inactive|Massimog has 90 seconds left.
|
|t:|1769341631
|switch|p2a: Manaphy|Manaphy, tera:Grass|88/100 slp
|turn|39
|
|t:|1769341637
|cant|p2a: Manaphy|slp
|move|p1a: Garganacl|Body Press|p2a: Manaphy
|-damage|p2a: Manaphy|49/100 slp
|
|-weather|RainDance|[upkeep]
|-activate|p2a: Manaphy|ability: Hydration
|-curestatus|p2a: Manaphy|slp|[msg]
|-heal|p2a: Manaphy|55/100|[from] item: Leftovers
|-heal|p1a: Garganacl|48/100|[from] item: Leftovers
|upkeep
|turn|40
|inactive|Massimog has 90 seconds left.
|
|t:|1769341663
|move|p2a: Manaphy|Acid Armor|p2a: Manaphy
|-boost|p2a: Manaphy|def|2
|move|p1a: Garganacl|Salt Cure|p2a: Manaphy
|-damage|p2a: Manaphy|49/100
|-start|p2a: Manaphy|Salt Cure
|
|-weather|RainDance|[upkeep]
|-heal|p2a: Manaphy|55/100|[from] item: Leftovers
|-heal|p1a: Garganacl|54/100|[from] item: Leftovers
|-damage|p2a: Manaphy|42/100|[from] Salt Cure
|upkeep
|turn|41
|
|t:|1769341675
|move|p2a: Manaphy|Acid Armor|p2a: Manaphy
|-boost|p2a: Manaphy|def|2
|move|p1a: Garganacl|Iron Defense|p1a: Garganacl
|-boost|p1a: Garganacl|def|2
|
|-weather|none
|-heal|p2a: Manaphy|49/100|[from] item: Leftovers
|-heal|p1a: Garganacl|61/100|[from] item: Leftovers
|-damage|p2a: Manaphy|36/100|[from] Salt Cure
|upkeep
|turn|42
|
|t:|1769341683
|move|p2a: Manaphy|Acid Armor|p2a: Manaphy
|-boost|p2a: Manaphy|def|2
|move|p1a: Garganacl|Iron Defense|p1a: Garganacl
|-boost|p1a: Garganacl|def|2
|
|-heal|p2a: Manaphy|42/100|[from] item: Leftovers
|-heal|p1a: Garganacl|67/100|[from] item: Leftovers
|-damage|p2a: Manaphy|30/100|[from] Salt Cure
|upkeep
|turn|43
|inactive|Massimog has 90 seconds left.
|
|t:|1769341697
|move|p2a: Manaphy|Take Heart|p2a: Manaphy
|-boost|p2a: Manaphy|spa|1
|-boost|p2a: Manaphy|spd|1
|move|p1a: Garganacl|Body Press|p2a: Manaphy
|-damage|p2a: Manaphy|12/100
|
|-heal|p2a: Manaphy|18/100|[from] item: Leftovers
|-heal|p1a: Garganacl|73/100|[from] item: Leftovers
|-damage|p2a: Manaphy|5/100|[from] Salt Cure
|upkeep
|turn|44
|inactive|Massimog has 90 seconds left.
|
|t:|1769341709
|move|p2a: Manaphy|Rest|p2a: Manaphy
|-status|p2a: Manaphy|slp|[from] move: Rest
|-heal|p2a: Manaphy|100/100 slp|[silent]
|move|p1a: Garganacl|Body Press|p2a: Manaphy
|-damage|p2a: Manaphy|82/100 slp
|
|-heal|p2a: Manaphy|89/100 slp|[from] item: Leftovers
|-heal|p1a: Garganacl|79/100|[from] item: Leftovers
|-damage|p2a: Manaphy|76/100 slp|[from] Salt Cure
|upkeep
|turn|45
|inactive|Massimog has 90 seconds left.
|
|t:|1769341719
|cant|p2a: Manaphy|slp
|move|p1a: Garganacl|Body Press|p2a: Manaphy
|-damage|p2a: Manaphy|57/100 slp
|
|-heal|p2a: Manaphy|63/100 slp|[from] item: Leftovers
|-heal|p1a: Garganacl|86/100|[from] item: Leftovers
|-damage|p2a: Manaphy|51/100 slp|[from] Salt Cure
|upkeep
|turn|46
|
|t:|1769341728
|cant|p2a: Manaphy|slp
|move|p1a: Garganacl|Body Press|p2a: Manaphy
|-damage|p2a: Manaphy|30/100 slp
|
|-heal|p2a: Manaphy|37/100 slp|[from] item: Leftovers
|-heal|p1a: Garganacl|92/100|[from] item: Leftovers
|-damage|p2a: Manaphy|24/100 slp|[from] Salt Cure
|upkeep
|turn|47
|inactive|Massimog has 90 seconds left.
|
|t:|1769341754
|-curestatus|p2a: Manaphy|slp|[msg]
|move|p2a: Manaphy|Rest|p2a: Manaphy
|-status|p2a: Manaphy|slp|[from] move: Rest
|-heal|p2a: Manaphy|100/100 slp|[silent]
|move|p1a: Garganacl|Body Press|p2a: Manaphy
|-damage|p2a: Manaphy|81/100 slp
|
|-heal|p2a: Manaphy|88/100 slp|[from] item: Leftovers
|-heal|p1a: Garganacl|98/100|[from] item: Leftovers
|-damage|p2a: Manaphy|75/100 slp|[from] Salt Cure
|upkeep
|turn|48
|
|t:|1769341766
|cant|p2a: Manaphy|slp
|move|p1a: Garganacl|Body Press|p2a: Manaphy
|-damage|p2a: Manaphy|56/100 slp
|
|-heal|p2a: Manaphy|63/100 slp|[from] item: Leftovers
|-heal|p1a: Garganacl|100/100|[from] item: Leftovers
|-damage|p2a: Manaphy|50/100 slp|[from] Salt Cure
|upkeep
|turn|49
|
|t:|1769341775
|cant|p2a: Manaphy|slp
|move|p1a: Garganacl|Body Press|p2a: Manaphy
|-damage|p2a: Manaphy|32/100 slp
|
|-heal|p2a: Manaphy|38/100 slp|[from] item: Leftovers
|-damage|p2a: Manaphy|26/100 slp|[from] Salt Cure
|upkeep
|turn|50
|inactive|Massimog has 90 seconds left.
|
|t:|1769341783
|-curestatus|p2a: Manaphy|slp|[msg]
|move|p2a: Manaphy|Rest|p2a: Manaphy
|-status|p2a: Manaphy|slp|[from] move: Rest
|-heal|p2a: Manaphy|100/100 slp|[silent]
|move|p1a: Garganacl|Body Press|p2a: Manaphy
|-damage|p2a: Manaphy|81/100 slp
|
|-heal|p2a: Manaphy|87/100 slp|[from] item: Leftovers
|-damage|p2a: Manaphy|75/100 slp|[from] Salt Cure
|upkeep
|turn|51
|inactive|Massimog has 90 seconds left.
|
|t:|1769341795
|cant|p2a: Manaphy|slp
|move|p1a: Garganacl|Body Press|p2a: Manaphy
|-damage|p2a: Manaphy|54/100 slp
|
|-heal|p2a: Manaphy|60/100 slp|[from] item: Leftovers
|-damage|p2a: Manaphy|48/100 slp|[from] Salt Cure
|upkeep
|turn|52
|
|t:|1769341805
|cant|p2a: Manaphy|slp
|move|p1a: Garganacl|Salt Cure|p2a: Manaphy
|-damage|p2a: Manaphy|45/100 slp
|
|-heal|p2a: Manaphy|51/100 slp|[from] item: Leftovers
|-damage|p2a: Manaphy|38/100 slp|[from] Salt Cure
|upkeep
|turn|53
|
|t:|1769341812
|-curestatus|p2a: Manaphy|slp|[msg]
|move|p2a: Manaphy|Take Heart|p2a: Manaphy
|-boost|p2a: Manaphy|spa|1
|-boost|p2a: Manaphy|spd|1
|move|p1a: Garganacl|Salt Cure|p2a: Manaphy
|-damage|p2a: Manaphy|35/100
|
|-heal|p2a: Manaphy|41/100|[from] item: Leftovers
|-damage|p2a: Manaphy|29/100|[from] Salt Cure
|upkeep
|turn|54
|
|t:|1769341822
|move|p2a: Manaphy|Take Heart|p2a: Manaphy
|-boost|p2a: Manaphy|spa|1
|-boost|p2a: Manaphy|spd|1
|move|p1a: Garganacl|Salt Cure|p2a: Manaphy
|-damage|p2a: Manaphy|25/100
|
|-heal|p2a: Manaphy|31/100|[from] item: Leftovers
|-damage|p2a: Manaphy|19/100|[from] Salt Cure
|upkeep
|turn|55
|
|t:|1769341841
|move|p2a: Manaphy|Rest|p2a: Manaphy
|-status|p2a: Manaphy|slp|[from] move: Rest
|-heal|p2a: Manaphy|100/100 slp|[silent]
|move|p1a: Garganacl|Salt Cure|p2a: Manaphy
|-damage|p2a: Manaphy|97/100 slp
|
|-heal|p2a: Manaphy|100/100 slp|[from] item: Leftovers
|-damage|p2a: Manaphy|88/100 slp|[from] Salt Cure
|upkeep
|turn|56
|
|t:|1769341852
|switch|p1a: Alomomola|Alomomola, M|4/100
|cant|p2a: Manaphy|slp
|
|-heal|p2a: Manaphy|94/100 slp|[from] item: Leftovers
|-damage|p2a: Manaphy|82/100 slp|[from] Salt Cure
|upkeep
|turn|57
|
|t:|1769341859
|move|p1a: Alomomola|Hyper Voice|p2a: Manaphy
|-damage|p2a: Manaphy|64/100 slp
|cant|p2a: Manaphy|slp
|
|-heal|p2a: Manaphy|70/100 slp|[from] item: Leftovers
|-damage|p2a: Manaphy|58/100 slp|[from] Salt Cure
|upkeep
|turn|58
|
|t:|1769341867
|move|p1a: Alomomola|Hyper Voice|p2a: Manaphy
|-damage|p2a: Manaphy|41/100 slp
|-curestatus|p2a: Manaphy|slp|[msg]
|move|p2a: Manaphy|Surf|p1a: Alomomola
|-damage|p1a: Alomomola|0 fnt
|replace|p1a: Zoroark|Zoroark-Hisui, F
|-end|p1a: Zoroark|Illusion
|faint|p1a: Zoroark
|
|-heal|p2a: Manaphy|47/100|[from] item: Leftovers
|-damage|p2a: Manaphy|35/100|[from] Salt Cure
|upkeep
|
|t:|1769341874
|switch|p1a: Alomomola|Alomomola, M|87/100
|turn|59
|inactive|Massimog has 120 seconds left.
|
|t:|1769341884
|move|p2a: Manaphy|Surf|p1a: Alomomola
|-resisted|p1a: Alomomola
|-damage|p1a: Alomomola|47/100
|move|p1a: Alomomola|Wish|p1a: Alomomola
|
|-heal|p2a: Manaphy|41/100|[from] item: Leftovers
|-heal|p1a: Alomomola|54/100|[from] item: Leftovers
|-damage|p2a: Manaphy|28/100|[from] Salt Cure
|upkeep
|turn|60
|inactive|Massimog has 120 seconds left.
|
|t:|1769341891
|move|p2a: Manaphy|Surf|p1a: Alomomola
|-resisted|p1a: Alomomola
|-damage|p1a: Alomomola|16/100
|move|p1a: Alomomola|Scald|p2a: Manaphy
|-resisted|p2a: Manaphy
|-damage|p2a: Manaphy|27/100
|
|-heal|p1a: Alomomola|66/100|[from] move: Wish|[wisher] Alomomola
|-heal|p2a: Manaphy|33/100|[from] item: Leftovers
|-heal|p1a: Alomomola|72/100|[from] item: Leftovers
|-damage|p2a: Manaphy|21/100|[from] Salt Cure
|upkeep
|turn|61
|inactive|Massimog has 120 seconds left.
|
|t:|1769341902
|move|p2a: Manaphy|Surf|p1a: Alomomola
|-resisted|p1a: Alomomola
|-damage|p1a: Alomomola|32/100
|move|p1a: Alomomola|Wish|p1a: Alomomola
|
|-heal|p2a: Manaphy|27/100|[from] item: Leftovers
|-heal|p1a: Alomomola|38/100|[from] item: Leftovers
|-damage|p2a: Manaphy|15/100|[from] Salt Cure
|upkeep
|turn|62
|
|t:|1769341910
|move|p1a: Alomomola|Protect|p1a: Alomomola
|-singleturn|p1a: Alomomola|Protect
|move|p2a: Manaphy|Surf|p1a: Alomomola
|-activate|p1a: Alomomola|move: Protect
|
|-heal|p1a: Alomomola|88/100|[from] move: Wish|[wisher] Alomomola
|-heal|p2a: Manaphy|21/100|[from] item: Leftovers
|-heal|p1a: Alomomola|94/100|[from] item: Leftovers
|-damage|p2a: Manaphy|8/100|[from] Salt Cure
|upkeep
|turn|63
|
|t:|1769341919
|move|p2a: Manaphy|Surf|p1a: Alomomola
|-resisted|p1a: Alomomola
|-damage|p1a: Alomomola|51/100
|move|p1a: Alomomola|Wish|p1a: Alomomola
|
|-heal|p2a: Manaphy|15/100|[from] item: Leftovers
|-heal|p1a: Alomomola|57/100|[from] item: Leftovers
|-damage|p2a: Manaphy|2/100|[from] Salt Cure
|upkeep
|turn|64
|
|t:|1769341926
|move|p2a: Manaphy|Surf|p1a: Alomomola
|-resisted|p1a: Alomomola
|-damage|p1a: Alomomola|15/100
|move|p1a: Alomomola|Flip Turn|p2a: Manaphy
|-resisted|p2a: Manaphy
|-damage|p2a: Manaphy|0 fnt
|faint|p2a: Manaphy
|
|win|MfxxkingReal
|raw|MfxxkingReal's rating: 1457 &rarr; <strong>1479</strong><br />(+22 for winning)
|raw|Massimog's rating: 1500 &rarr; <strong>1478</strong><br />(-22 for losing)
|l|☆MfxxkingReal
|player|p1|
|l|‽Massimog
|player|p2|
