|j|☆Barbers2096
|j|☆kiko5bolas
|t:|1769441844
|gametype|singles
|player|p1|Barbers2096|1|1206
|player|p2|kiko5bolas|ingo|1216
|gen|9
|tier|[Gen 9] OU
|rated|
|rule|HP Percentage Mod: HP is shown in percentages
|rule|Endless Battle Clause: Forcing endless battles is banned
|rule|Species Clause: Limit one of each Pokémon
|rule|OHKO Clause: OHKO moves are banned
|rule|Evasion Items Clause: Evasion items are banned
|rule|Evasion Moves Clause: Evasion moves are banned
|rule|Evasion Abilities Clause: Evasion abilities are banned
|rule|Sleep Moves Clause: Sleep-inducing moves are banned
|clearpoke
|poke|p1|Magcargo, F|
|poke|p1|Slowking, M|
|poke|p1|Hatterene, F|
|poke|p1|Muk-Alola, F|
|poke|p1|Greedent, F|
|poke|p1|Salamence, M|
|poke|p2|Garganacl, F|
|poke|p2|Corviknight, M|
|poke|p2|Dondozo, M|
|poke|p2|Alomomola, F|
|poke|p2|Gholdengo|
|poke|p2|Tinkaton, F|
|teampreview
|j| NShF
|
|t:|1769441863
|teamsize|p1|6
|teamsize|p2|6
|start
|switch|p1a: Muk|Muk-Alola, F|100/100
|switch|p2a: Garganacl|Garganacl, F|100/100
|turn|1
|inactive|Battle timer is ON: inactive players will automatically lose when time's up. (requested by Barbers2096)
|
|t:|1769441870
|switch|p1a: Hatterene|Hatterene, F|100/100
|move|p2a: Garganacl|Salt Cure|p1a: Hatterene
|-damage|p1a: Hatterene|84/100
|-start|p1a: Hatterene|Salt Cure
|
|-heal|p1a: Hatterene|90/100|[from] item: Leftovers
|-damage|p1a: Hatterene|78/100|[from] Salt Cure
|upkeep
|turn|2
|
|t:|1769441891
|move|p2a: Garganacl|Stealth Rock|p1a: Hatterene
|move|p1a: Hatterene|Stealth Rock|p2a: Garganacl|[from] ability: Magic Bounce
|-sidestart|p2: kiko5bolas|move: Stealth Rock
|move|p1a: Hatterene|Trick Room|p1a: Hatterene
|-fieldstart|move: Trick Room|[of] p1a: Hatterene
|
|-heal|p1a: Hatterene|84/100|[from] item: Leftovers
|-damage|p1a: Hatterene|72/100|[from] Salt Cure
|upkeep
|turn|3
|
|t:|1769441900
|switch|p2a: Corviknight|Corviknight, M|100/100
|-damage|p2a: Corviknight|88/100|[from] Stealth Rock
|-ability|p2a: Corviknight|Pressure
|move|p1a: Hatterene|Psychic|p2a: Corviknight
|-resisted|p2a: Corviknight
|-damage|p2a: Corviknight|65/100
|
|-heal|p1a: Hatterene|78/100|[from] item: Leftovers
|-heal|p2a: Corviknight|72/100|[from] item: Leftovers
|-damage|p1a: Hatterene|65/100|[from] Salt Cure
|upkeep
|turn|4
|
|t:|1769441914
|move|p1a: Hatterene|Mystical Fire|p2a: Corviknight
|-supereffective|p2a: Corviknight
|-damage|p2a: Corviknight|21/100
|-unboost|p2a: Corviknight|spa|1
|move|p2a: Corviknight|Defog|p1a: Hatterene
|move|p1a: Hatterene|Defog|p2a: Corviknight|[from] ability: Magic Bounce
|-unboost|p2a: Corviknight|evasion|1
|-sideend|p2: kiko5bolas|Stealth Rock|[from] move: Defog|[of] p1a: Hatterene
|
|-heal|p1a: Hatterene|71/100|[from] item: Leftovers
|-heal|p2a: Corviknight|27/100|[from] item: Leftovers
|-damage|p1a: Hatterene|59/100|[from] Salt Cure
|upkeep
|turn|5
|
|t:|1769441931
|switch|p2a: Tinkaton|Tinkaton, F|100/100
|-ability|p2a: Tinkaton|Mold Breaker
|move|p1a: Hatterene|Psychic|p2a: Tinkaton
|-resisted|p2a: Tinkaton
|-damage|p2a: Tinkaton|76/100
|
|-heal|p1a: Hatterene|65/100|[from] item: Leftovers
|-heal|p2a: Tinkaton|82/100|[from] item: Leftovers
|-damage|p1a: Hatterene|53/100|[from] Salt Cure
|upkeep
|turn|6
|
|t:|1769441942
|switch|p1a: Magcargo|Magcargo, F, shiny|100/100
|move|p2a: Tinkaton|Knock Off|p1a: Magcargo
|-damage|p1a: Magcargo|88/100
|-damage|p2a: Tinkaton|65/100|[from] item: Rocky Helmet|[of] p1a: Magcargo
|-enditem|p1a: Magcargo|Rocky Helmet|[from] move: Knock Off|[of] p2a: Tinkaton
|
|-heal|p2a: Tinkaton|71/100|[from] item: Leftovers
|-fieldend|move: Trick Room
|upkeep
|turn|7
|
|t:|1769441953
|switch|p2a: Alomomola|Alomomola, F|100/100
|move|p1a: Magcargo|Stealth Rock|p2a: Alomomola
|-sidestart|p2: kiko5bolas|move: Stealth Rock
|
|upkeep
|turn|8
|
|t:|1769441973
|switch|p1a: Slowking|Slowking, M|100/100
|move|p2a: Alomomola|Scald|p1a: Slowking
|-resisted|p1a: Slowking
|-damage|p1a: Slowking|96/100
|
|upkeep
|turn|9
|
|t:|1769441992
|move|p2a: Alomomola|Wish|p2a: Alomomola
|move|p1a: Slowking|Future Sight|p2a: Alomomola
|-start|p1a: Slowking|move: Future Sight
|
|upkeep
|turn|10
|
|t:|1769442014
|switch|p1a: Magcargo|Magcargo, F, shiny|88/100
|move|p2a: Alomomola|Flip Turn|p1a: Magcargo
|-supereffective|p1a: Magcargo
|-damage|p1a: Magcargo|51/100
|inactive|kiko5bolas has 120 seconds left.
|
|t:|1769442025
|switch|p2a: Corviknight|Corviknight, M|27/100|[from] Flip Turn
|-damage|p2a: Corviknight|15/100|[from] Stealth Rock
|-ability|p2a: Corviknight|Pressure
|
|-heal|p2a: Corviknight|82/100|[from] move: Wish|[wisher] Alomomola
|-heal|p2a: Corviknight|88/100|[from] item: Leftovers
|upkeep
|turn|11
|
|t:|1769442035
|move|p2a: Corviknight|U-turn|p1a: Magcargo
|-resisted|p1a: Magcargo
|-damage|p1a: Magcargo|45/100
|-status|p2a: Corviknight|brn|[from] ability: Flame Body|[of] p1a: Magcargo
|inactive|kiko5bolas has 120 seconds left.
|
|t:|1769442056
|switch|p2a: Garganacl|Garganacl, F|100/100|[from] U-turn
|-damage|p2a: Garganacl|88/100|[from] Stealth Rock
|move|p1a: Magcargo|Lava Plume|p2a: Garganacl
|-resisted|p2a: Garganacl
|-damage|p2a: Garganacl|79/100
|
|-end|p2a: Garganacl|move: Future Sight
|-damage|p2a: Garganacl|49/100
|-heal|p2a: Garganacl|55/100|[from] item: Leftovers
|upkeep
|turn|12
|
|t:|1769442069
|switch|p1a: Hatterene|Hatterene, F|53/100
|-terastallize|p2a: Garganacl|Water
|move|p2a: Garganacl|Salt Cure|p1a: Hatterene
|-damage|p1a: Hatterene|35/100
|-start|p1a: Hatterene|Salt Cure
|
|-heal|p2a: Garganacl|61/100|[from] item: Leftovers
|-heal|p1a: Hatterene|41/100|[from] item: Leftovers
|-damage|p1a: Hatterene|29/100|[from] Salt Cure
|upkeep
|turn|13
|inactive|kiko5bolas has 120 seconds left.
|
|t:|1769442081
|move|p2a: Garganacl|Recover|p2a: Garganacl
|-heal|p2a: Garganacl|100/100
|move|p1a: Hatterene|Draining Kiss|p2a: Garganacl
|-damage|p2a: Garganacl|82/100
|-heal|p1a: Hatterene|47/100|[from] drain|[of] p2a: Garganacl
|
|-heal|p2a: Garganacl|88/100|[from] item: Leftovers
|-heal|p1a: Hatterene|53/100|[from] item: Leftovers
|-damage|p1a: Hatterene|40/100|[from] Salt Cure
|upkeep
|turn|14
|
|t:|1769442094
|switch|p2a: Tinkaton|Tinkaton, F|71/100
|-damage|p2a: Tinkaton|65/100|[from] Stealth Rock
|-ability|p2a: Tinkaton|Mold Breaker
|move|p1a: Hatterene|Draining Kiss|p2a: Tinkaton
|-resisted|p2a: Tinkaton
|-damage|p2a: Tinkaton|52/100
|-heal|p1a: Hatterene|52/100|[from] drain|[of] p2a: Tinkaton
|
|-heal|p2a: Tinkaton|58/100|[from] item: Leftovers
|-heal|p1a: Hatterene|58/100|[from] item: Leftovers
|-damage|p1a: Hatterene|46/100|[from] Salt Cure
|upkeep
|turn|15
|
|t:|1769442108
|move|p2a: Tinkaton|Fake Out|p1a: Hatterene
|-damage|p1a: Hatterene|38/100
|cant|p1a: Hatterene|flinch
|
|-heal|p2a: Tinkaton|64/100|[from] item: Leftovers
|-heal|p1a: Hatterene|44/100|[from] item: Leftovers
|-damage|p1a: Hatterene|31/100|[from] Salt Cure
|upkeep
|turn|16
|
|t:|1769442121
|switch|p1a: Magcargo|Magcargo, F, shiny|45/100
|move|p2a: Tinkaton|Knock Off|p1a: Magcargo
|-damage|p1a: Magcargo|37/100
|-status|p2a: Tinkaton|brn|[from] ability: Flame Body|[of] p1a: Magcargo
|
|-heal|p2a: Tinkaton|71/100 brn|[from] item: Leftovers
|-damage|p2a: Tinkaton|64/100 brn|[from] brn
|upkeep
|turn|17
|
|t:|1769442131
|switch|p2a: Alomomola|Alomomola, F|100/100
|-damage|p2a: Alomomola|88/100|[from] Stealth Rock
|move|p1a: Magcargo|Recover|p1a: Magcargo
|-heal|p1a: Magcargo|87/100
|
|upkeep
|turn|18
|
|t:|1769442142
|switch|p1a: Slowking|Slowking, M|100/100
|move|p2a: Alomomola|Scald|p1a: Slowking
|-resisted|p1a: Slowking
|-damage|p1a: Slowking|96/100
|
|upkeep
|turn|19
|
|t:|1769442159
|switch|p2a: Corviknight|Corviknight, M|88/100 brn
|-damage|p2a: Corviknight|75/100 brn|[from] Stealth Rock
|-ability|p2a: Corviknight|Pressure
|move|p1a: Slowking|Future Sight|p2a: Corviknight
|-start|p1a: Slowking|move: Future Sight
|
|-heal|p2a: Corviknight|82/100 brn|[from] item: Leftovers
|-damage|p2a: Corviknight|75/100 brn|[from] brn
|upkeep
|turn|20
|
|t:|1769442170
|switch|p1a: Magcargo|Magcargo, F, shiny|87/100
|move|p2a: Corviknight|Defog|p1a: Magcargo
|-unboost|p1a: Magcargo|evasion|1
|-sideend|p2: kiko5bolas|Stealth Rock|[from] move: Defog|[of] p2a: Corviknight
|
|-heal|p2a: Corviknight|82/100 brn|[from] item: Leftovers
|-damage|p2a: Corviknight|75/100 brn|[from] brn
|upkeep
|turn|21
|
|t:|1769442190
|switch|p2a: Alomomola|Alomomola, F|100/100
|move|p1a: Magcargo|Stealth Rock|p2a: Alomomola
|-sidestart|p2: kiko5bolas|move: Stealth Rock
|
|-end|p2a: Alomomola|move: Future Sight
|-damage|p2a: Alomomola|44/100
|upkeep
|turn|22
|inactive|kiko5bolas has 120 seconds left.
|
|t:|1769442212
|switch|p1a: Slowking|Slowking, M|100/100
|move|p2a: Alomomola|Wish|p2a: Alomomola
|
|upkeep
|turn|23
|
|t:|1769442221
|move|p2a: Alomomola|Protect|p2a: Alomomola
|-singleturn|p2a: Alomomola|Protect
|move|p1a: Slowking|Trick Room|p1a: Slowking
|-fieldstart|move: Trick Room|[of] p1a: Slowking
|
|-heal|p2a: Alomomola|94/100|[from] move: Wish|[wisher] Alomomola
|upkeep
|turn|24
|
|t:|1769442237
|switch|p1a: Hatterene|Hatterene, F|31/100
|switch|p2a: Tinkaton|Tinkaton, F|64/100 brn
|-damage|p2a: Tinkaton|58/100 brn|[from] Stealth Rock
|-ability|p2a: Tinkaton|Mold Breaker
|
|-heal|p1a: Hatterene|37/100|[from] item: Leftovers
|-heal|p2a: Tinkaton|64/100 brn|[from] item: Leftovers
|-damage|p2a: Tinkaton|58/100 brn|[from] brn
|upkeep
|turn|25
|
|t:|1769442249
|move|p2a: Tinkaton|Fake Out|p1a: Hatterene
|-damage|p1a: Hatterene|33/100
|cant|p1a: Hatterene|flinch
|
|-heal|p1a: Hatterene|39/100|[from] item: Leftovers
|-heal|p2a: Tinkaton|64/100 brn|[from] item: Leftovers
|-damage|p2a: Tinkaton|58/100 brn|[from] brn
|upkeep
|turn|26
|
|t:|1769442260
|move|p1a: Hatterene|Mystical Fire|p2a: Tinkaton
|-supereffective|p2a: Tinkaton
|-damage|p2a: Tinkaton|5/100 brn
|-unboost|p2a: Tinkaton|spa|1
|move|p2a: Tinkaton|Knock Off|p1a: Hatterene
|-damage|p1a: Hatterene|29/100
|-enditem|p1a: Hatterene|Leftovers|[from] move: Knock Off|[of] p2a: Tinkaton
|
|-heal|p2a: Tinkaton|11/100 brn|[from] item: Leftovers
|-damage|p2a: Tinkaton|5/100 brn|[from] brn
|upkeep
|turn|27
|
|t:|1769442273
|switch|p2a: Alomomola|Alomomola, F|100/100
|-damage|p2a: Alomomola|88/100|[from] Stealth Rock
|move|p1a: Hatterene|Draining Kiss|p2a: Alomomola
|-damage|p2a: Alomomola|56/100
|-heal|p1a: Hatterene|71/100|[from] drain|[of] p2a: Alomomola
|-damage|p1a: Hatterene|54/100|[from] item: Rocky Helmet|[of] p2a: Alomomola
|
|-fieldend|move: Trick Room
|upkeep
|turn|28
|
|t:|1769442285
|move|p2a: Alomomola|Flip Turn|p1a: Hatterene
|-damage|p1a: Hatterene|38/100
|
|t:|1769442288
|switch|p2a: Corviknight|Corviknight, M|75/100 brn|[from] Flip Turn
|-damage|p2a: Corviknight|63/100 brn|[from] Stealth Rock
|-ability|p2a: Corviknight|Pressure
|move|p1a: Hatterene|Trick Room|p1a: Hatterene
|-fieldstart|move: Trick Room|[of] p1a: Hatterene
|
|-heal|p2a: Corviknight|69/100 brn|[from] item: Leftovers
|-damage|p2a: Corviknight|63/100 brn|[from] brn
|upkeep
|turn|29
|
|t:|1769442307
|move|p1a: Hatterene|Mystical Fire|p2a: Corviknight
|-supereffective|p2a: Corviknight
|-damage|p2a: Corviknight|8/100 brn
|-unboost|p2a: Corviknight|spa|1
|move|p2a: Corviknight|Roost|p2a: Corviknight
|-heal|p2a: Corviknight|58/100 brn
|-singleturn|p2a: Corviknight|move: Roost
|
|-heal|p2a: Corviknight|64/100 brn|[from] item: Leftovers
|-damage|p2a: Corviknight|58/100 brn|[from] brn
|upkeep
|turn|30
|
|t:|1769442320
|move|p1a: Hatterene|Mystical Fire|p2a: Corviknight
|-supereffective|p2a: Corviknight
|-damage|p2a: Corviknight|6/100 brn
|-unboost|p2a: Corviknight|spa|1
|move|p2a: Corviknight|Roost|p2a: Corviknight
|-heal|p2a: Corviknight|56/100 brn
|-singleturn|p2a: Corviknight|move: Roost
|
|-heal|p2a: Corviknight|63/100 brn|[from] item: Leftovers
|-damage|p2a: Corviknight|56/100 brn|[from] brn
|upkeep
|turn|31
|
|t:|1769442331
|switch|p2a: Garganacl|Garganacl, F, tera:Water|88/100
|-damage|p2a: Garganacl|76/100|[from] Stealth Rock
|move|p1a: Hatterene|Mystical Fire|p2a: Garganacl
|-resisted|p2a: Garganacl
|-damage|p2a: Garganacl|66/100
|-unboost|p2a: Garganacl|spa|1
|
|-heal|p2a: Garganacl|72/100|[from] item: Leftovers
|upkeep
|turn|32
|
|t:|1769442351
|move|p1a: Hatterene|Draining Kiss|p2a: Garganacl
|-damage|p2a: Garganacl|51/100
|-heal|p1a: Hatterene|57/100|[from] drain|[of] p2a: Garganacl
|move|p2a: Garganacl|Salt Cure|p1a: Hatterene
|-crit|p1a: Hatterene
|-damage|p1a: Hatterene|33/100
|-start|p1a: Hatterene|Salt Cure
|
|-heal|p2a: Garganacl|58/100|[from] item: Leftovers
|-damage|p1a: Hatterene|20/100|[from] Salt Cure
|-fieldend|move: Trick Room
|upkeep
|turn|33
|
|t:|1769442363
|move|p2a: Garganacl|Recover|p2a: Garganacl
|-heal|p2a: Garganacl|100/100
|move|p1a: Hatterene|Psychic|p2a: Garganacl
|-damage|p2a: Garganacl|69/100
|
|-heal|p2a: Garganacl|75/100|[from] item: Leftovers
|-damage|p1a: Hatterene|8/100|[from] Salt Cure
|upkeep
|turn|34
|
|t:|1769442379
|move|p2a: Garganacl|Protect|p2a: Garganacl
|-singleturn|p2a: Garganacl|Protect
|move|p1a: Hatterene|Psychic|p2a: Garganacl
|-activate|p2a: Garganacl|move: Protect
|
|-heal|p2a: Garganacl|81/100|[from] item: Leftovers
|-damage|p1a: Hatterene|0 fnt|[from] Salt Cure
|faint|p1a: Hatterene
|upkeep
|
|t:|1769442391
|switch|p1a: Salamence|Salamence, M, shiny|100/100
|turn|35
|
|t:|1769442398
|move|p1a: Salamence|Dragon Claw|p2a: Garganacl
|-crit|p2a: Garganacl
|-damage|p2a: Garganacl|35/100
|move|p2a: Garganacl|Salt Cure|p1a: Salamence
|-supereffective|p1a: Salamence
|-damage|p1a: Salamence|64/100
|-start|p1a: Salamence|Salt Cure
|
|-heal|p2a: Garganacl|42/100|[from] item: Leftovers
|-damage|p1a: Salamence|52/100|[from] Salt Cure
|upkeep
|turn|36
|
|t:|1769442417
|move|p2a: Garganacl|Protect|p2a: Garganacl
|-singleturn|p2a: Garganacl|Protect
|move|p1a: Salamence|Dragon Dance|p1a: Salamence
|-boost|p1a: Salamence|atk|1
|-boost|p1a: Salamence|spe|1
|
|-heal|p2a: Garganacl|48/100|[from] item: Leftovers
|-damage|p1a: Salamence|39/100|[from] Salt Cure
|upkeep
|turn|37
|
|t:|1769442440
|switch|p2a: Dondozo|Dondozo, M|100/100
|-damage|p2a: Dondozo|88/100|[from] Stealth Rock
|move|p1a: Salamence|Dragon Claw|p2a: Dondozo
|-damage|p2a: Dondozo|66/100
|
|-heal|p2a: Dondozo|73/100|[from] item: Leftovers
|-damage|p1a: Salamence|27/100|[from] Salt Cure
|upkeep
|turn|38
|
|t:|1769442451
|switch|p1a: Slowking|Slowking, M|100/100
|move|p2a: Dondozo|Rest|p2a: Dondozo
|-status|p2a: Dondozo|slp|[from] move: Rest
|-heal|p2a: Dondozo|100/100 slp|[silent]
|
|upkeep
|turn|39
|l| NShF
|
|t:|1769442470
|switch|p2a: Alomomola|Alomomola, F|89/100
|-damage|p2a: Alomomola|77/100|[from] Stealth Rock
|move|p1a: Slowking|Trick|p2a: Alomomola
|-activate|p1a: Slowking|move: Trick|[of] p2a: Alomomola
|-item|p2a: Alomomola|Choice Scarf|[from] move: Trick
|-item|p1a: Slowking|Rocky Helmet|[from] move: Trick
|
|upkeep
|turn|40
|
|t:|1769442480
|move|p2a: Alomomola|Wish|p2a: Alomomola
|move|p1a: Slowking|Future Sight|p2a: Alomomola
|-start|p1a: Slowking|move: Future Sight
|
|upkeep
|turn|41
|
|t:|1769442493
|switch|p2a: Garganacl|Garganacl, F, tera:Water|48/100
|-damage|p2a: Garganacl|35/100|[from] Stealth Rock
|move|p1a: Slowking|Trick Room|p1a: Slowking
|-fieldstart|move: Trick Room|[of] p1a: Slowking
|
|-heal|p2a: Garganacl|100/100|[from] move: Wish|[wisher] Alomomola
|upkeep
|turn|42
|
|t:|1769442502
|switch|p1a: Greedent|Greedent, F|100/100
|move|p2a: Garganacl|Salt Cure|p1a: Greedent
|-damage|p1a: Greedent|88/100
|-start|p1a: Greedent|Salt Cure
|
|-end|p2a: Garganacl|move: Future Sight
|-damage|p2a: Garganacl|69/100
|-heal|p2a: Garganacl|75/100|[from] item: Leftovers
|-damage|p1a: Greedent|76/100|[from] Salt Cure
|upkeep
|turn|43
|
|t:|1769442514
|move|p2a: Garganacl|Protect|p2a: Garganacl
|-singleturn|p2a: Garganacl|Protect
|move|p1a: Greedent|Belly Drum|p1a: Greedent
|-damage|p1a: Greedent|26/100
|-setboost|p1a: Greedent|atk|6|[from] move: Belly Drum
|-enditem|p1a: Greedent|Sitrus Berry|[eat]
|-heal|p1a: Greedent|51/100|[from] item: Sitrus Berry
|-heal|p1a: Greedent|84/100|[from] ability: Cheek Pouch
|
|-heal|p2a: Garganacl|81/100|[from] item: Leftovers
|-damage|p1a: Greedent|72/100|[from] Salt Cure
|upkeep
|turn|44
|
|t:|1769442527
|move|p1a: Greedent|Body Slam|p2a: Garganacl
|-damage|p2a: Garganacl|0 fnt
|faint|p2a: Garganacl
|
|-damage|p1a: Greedent|59/100|[from] Salt Cure
|upkeep
|
|t:|1769442531
|switch|p2a: Dondozo|Dondozo, M|100/100 slp
|-damage|p2a: Dondozo|88/100 slp|[from] Stealth Rock
|turn|45
|
|t:|1769442539
|switch|p1a: Muk|Muk-Alola, F|100/100
|cant|p2a: Dondozo|slp
|move|p2a: Dondozo|Sleep Talk|p2a: Dondozo
|move|p2a: Dondozo|Wave Crash|p1a: Muk|[from] move: Sleep Talk
|-damage|p1a: Muk|55/100
|-damage|p2a: Dondozo|76/100 slp|[from] Recoil
|
|-heal|p1a: Muk|61/100|[from] item: Leftovers
|-heal|p2a: Dondozo|82/100 slp|[from] item: Leftovers
|-fieldend|move: Trick Room
|upkeep
|turn|46
|
|t:|1769442557
|switch|p2a: Tinkaton|Tinkaton, F|5/100 brn
|-damage|p2a: Tinkaton|0 fnt|[from] Stealth Rock
|faint|p2a: Tinkaton
|move|p1a: Muk|Poison Jab|p2: Tinkaton|[notarget]
|-fail|p1a: Muk
|
|-heal|p1a: Muk|67/100|[from] item: Leftovers
|upkeep
|inactive|kiko5bolas has 120 seconds left.
|
|t:|1769442585
|switch|p2a: Corviknight|Corviknight, M|56/100 brn
|-damage|p2a: Corviknight|44/100 brn|[from] Stealth Rock
|-ability|p2a: Corviknight|Pressure
|turn|47
|
|t:|1769442595
|switch|p1a: Magcargo|Magcargo, F, shiny|87/100
|move|p2a: Corviknight|Roost|p2a: Corviknight
|-heal|p2a: Corviknight|94/100 brn
|-singleturn|p2a: Corviknight|move: Roost
|
|-heal|p2a: Corviknight|99/100 brn|[from] item: Leftovers
|-damage|p2a: Corviknight|94/100 brn|[from] brn
|upkeep
|turn|48
|
|t:|1769442606
|switch|p2a: Alomomola|Alomomola, F|100/100
|-damage|p2a: Alomomola|88/100|[from] Stealth Rock
|move|p1a: Magcargo|Lava Plume|p2a: Alomomola
|-resisted|p2a: Alomomola
|-damage|p2a: Alomomola|73/100
|
|upkeep
|turn|49
|inactive|kiko5bolas has 120 seconds left.
|
|t:|1769442635
|switch|p1a: Slowking|Slowking, M|100/100
|move|p2a: Alomomola|Scald|p1a: Slowking
|-resisted|p1a: Slowking
|-damage|p1a: Slowking|96/100
|-status|p1a: Slowking|brn
|
|-damage|p1a: Slowking|90/100 brn|[from] brn
|upkeep
|turn|50
|inactive|kiko5bolas has 120 seconds left.
|
|t:|1769442646
|switch|p2a: Gholdengo|Gholdengo|100/100
|-damage|p2a: Gholdengo|94/100|[from] Stealth Rock
|-item|p2a: Gholdengo|Air Balloon
|move|p1a: Slowking|Trick Room|p1a: Slowking
|-fieldstart|move: Trick Room|[of] p1a: Slowking
|
|-damage|p1a: Slowking|84/100 brn|[from] brn
|upkeep
|turn|51
|inactive|kiko5bolas has 120 seconds left.
|
|t:|1769442661
|switch|p1a: Greedent|Greedent, F|59/100
|move|p2a: Gholdengo|Hex|p1a: Greedent
|-immune|p1a: Greedent
|
|upkeep
|turn|52
|
|t:|1769442671
|switch|p2a: Dondozo|Dondozo, M|82/100 slp
|-damage|p2a: Dondozo|69/100 slp|[from] Stealth Rock
|move|p1a: Greedent|Fire Fang|p2a: Dondozo
|-resisted|p2a: Dondozo
|-damage|p2a: Dondozo|65/100 slp
|
|-heal|p2a: Dondozo|71/100 slp|[from] item: Leftovers
|upkeep
|turn|53
|
|t:|1769442688
|switch|p1a: Slowking|Slowking, M|100/100 brn
|cant|p2a: Dondozo|slp
|move|p2a: Dondozo|Sleep Talk|p2a: Dondozo
|move|p2a: Dondozo|Rest||[from] move: Sleep Talk|[still]
|-fail|p2a: Dondozo
|
|-heal|p2a: Dondozo|77/100 slp|[from] item: Leftovers
|-damage|p1a: Slowking|94/100 brn|[from] brn
|upkeep
|turn|54
|
|t:|1769442701
|switch|p2a: Gholdengo|Gholdengo|94/100
|-damage|p2a: Gholdengo|88/100|[from] Stealth Rock
|-item|p2a: Gholdengo|Air Balloon
|move|p1a: Slowking|Future Sight|p2a: Gholdengo
|-start|p1a: Slowking|move: Future Sight
|
|-damage|p1a: Slowking|88/100 brn|[from] brn
|-fieldend|move: Trick Room
|upkeep
|turn|55
|
|t:|1769442713
|switch|p1a: Muk|Muk-Alola, F|67/100
|move|p2a: Gholdengo|Hex|p1a: Muk
|-resisted|p1a: Muk
|-damage|p1a: Muk|55/100
|
|-heal|p1a: Muk|61/100|[from] item: Leftovers
|upkeep
|turn|56
|
|t:|1769442726
|switch|p2a: Corviknight|Corviknight, M|94/100 brn
|-damage|p2a: Corviknight|81/100 brn|[from] Stealth Rock
|-ability|p2a: Corviknight|Pressure
|move|p1a: Muk|Shadow Sneak|p2a: Corviknight
|-damage|p2a: Corviknight|74/100 brn
|
|-end|p2a: Corviknight|move: Future Sight
|-resisted|p2a: Corviknight
|-damage|p2a: Corviknight|53/100 brn
|-heal|p2a: Corviknight|59/100 brn|[from] item: Leftovers
|-heal|p1a: Muk|67/100|[from] item: Leftovers
|-damage|p2a: Corviknight|53/100 brn|[from] brn
|upkeep
|turn|57
|
|t:|1769442740
|move|p2a: Corviknight|Roost|p2a: Corviknight
|-heal|p2a: Corviknight|100/100 brn
|-singleturn|p2a: Corviknight|move: Roost
|move|p1a: Muk|Knock Off|p2a: Corviknight
|-damage|p2a: Corviknight|72/100 brn
|-enditem|p2a: Corviknight|Leftovers|[from] move: Knock Off|[of] p1a: Muk
|
|-heal|p1a: Muk|73/100|[from] item: Leftovers
|-damage|p2a: Corviknight|65/100 brn|[from] brn
|upkeep
|turn|58
|
|t:|1769442753
|switch|p1a: Magcargo|Magcargo, F, shiny|87/100
|move|p2a: Corviknight|U-turn|p1a: Magcargo
|-resisted|p1a: Magcargo
|-damage|p1a: Magcargo|85/100
|
|t:|1769442758
|switch|p2a: Alomomola|Alomomola, F|100/100|[from] U-turn
|-damage|p2a: Alomomola|88/100|[from] Stealth Rock
|
|upkeep
|turn|59
|
|t:|1769442765
|switch|p1a: Slowking|Slowking, M|100/100 brn
|move|p2a: Alomomola|Flip Turn|p1a: Slowking
|-resisted|p1a: Slowking
|-damage|p1a: Slowking|93/100 brn
|-damage|p2a: Alomomola|71/100|[from] item: Rocky Helmet|[of] p1a: Slowking
|
|t:|1769442781
|switch|p2a: Gholdengo|Gholdengo|88/100|[from] Flip Turn
|-damage|p2a: Gholdengo|82/100|[from] Stealth Rock
|-item|p2a: Gholdengo|Air Balloon
|
|-damage|p1a: Slowking|87/100 brn|[from] brn
|upkeep
|turn|60
|
|t:|1769442792
|switch|p1a: Salamence|Salamence, M, shiny|27/100
|move|p2a: Gholdengo|Thunder Wave|p1a: Salamence
|-status|p1a: Salamence|par
|-enditem|p1a: Salamence|Lum Berry|[eat]
|-curestatus|p1a: Salamence|par|[msg]
|
|upkeep
|turn|61
|
|t:|1769442810
|move|p1a: Salamence|Dragon Claw|p2a: Gholdengo
|-resisted|p2a: Gholdengo
|-damage|p2a: Gholdengo|67/100
|-enditem|p2a: Gholdengo|Air Balloon
|move|p2a: Gholdengo|Hex|p1a: Salamence
|-damage|p1a: Salamence|0 fnt
|faint|p1a: Salamence
|
|upkeep
|
|t:|1769442824
|switch|p1a: Greedent|Greedent, F|59/100
|turn|62
|
|t:|1769442832
|move|p2a: Gholdengo|Thunder Wave|p1a: Greedent
|-status|p1a: Greedent|par
|cant|p1a: Greedent|par
|
|upkeep
|turn|63
|
|t:|1769442838
|move|p2a: Gholdengo|Recover|p2a: Gholdengo
|-heal|p2a: Gholdengo|100/100
|move|p1a: Greedent|Earthquake|p2a: Gholdengo
|-supereffective|p2a: Gholdengo
|-damage|p2a: Gholdengo|57/100
|
|upkeep
|turn|64
|
|t:|1769442845
|move|p2a: Gholdengo|Recover|p2a: Gholdengo
|-heal|p2a: Gholdengo|100/100
|move|p1a: Greedent|Fire Fang|p2a: Gholdengo
|-supereffective|p2a: Gholdengo
|-damage|p2a: Gholdengo|71/100
|
|upkeep
|turn|65
|
|t:|1769442853
|move|p2a: Gholdengo|Recover|p2a: Gholdengo
|-heal|p2a: Gholdengo|100/100
|move|p1a: Greedent|Earthquake|p2a: Gholdengo
|-supereffective|p2a: Gholdengo
|-damage|p2a: Gholdengo|56/100
|
|upkeep
|turn|66
|
|t:|1769442862
|move|p2a: Gholdengo|Hex|p1a: Greedent
|-immune|p1a: Greedent
|move|p1a: Greedent|Earthquake|p2a: Gholdengo
|-supereffective|p2a: Gholdengo
|-damage|p2a: Gholdengo|11/100
|
|upkeep
|turn|67
|
|t:|1769442872
|move|p2a: Gholdengo|Recover|p2a: Gholdengo
|-heal|p2a: Gholdengo|61/100
|move|p1a: Greedent|Earthquake|p2a: Gholdengo
|-supereffective|p2a: Gholdengo
|-damage|p2a: Gholdengo|20/100
|
|upkeep
|turn|68
|
|t:|1769442879
|switch|p2a: Corviknight|Corviknight, M|65/100 brn
|-damage|p2a: Corviknight|53/100 brn|[from] Stealth Rock
|-ability|p2a: Corviknight|Pressure
|move|p1a: Greedent|Fire Fang|p2a: Corviknight
|-supereffective|p2a: Corviknight
|-damage|p2a: Corviknight|27/100 brn
|
|-damage|p2a: Corviknight|21/100 brn|[from] brn
|upkeep
|turn|69
|
|t:|1769442890
|move|p2a: Corviknight|Roost|p2a: Corviknight
|-heal|p2a: Corviknight|71/100 brn
|-singleturn|p2a: Corviknight|move: Roost
|cant|p1a: Greedent|par
|
|-damage|p2a: Corviknight|65/100 brn|[from] brn
|upkeep
|turn|70
|
|t:|1769442899
|switch|p1a: Magcargo|Magcargo, F, shiny|85/100
|move|p2a: Corviknight|Roost|p2a: Corviknight
|-heal|p2a: Corviknight|100/100 brn
|-singleturn|p2a: Corviknight|move: Roost
|
|-damage|p2a: Corviknight|94/100 brn|[from] brn
|upkeep
|turn|71
|
|t:|1769442909
|switch|p2a: Alomomola|Alomomola, F|100/100
|-damage|p2a: Alomomola|88/100|[from] Stealth Rock
|move|p1a: Magcargo|Lava Plume|p2a: Alomomola
|-resisted|p2a: Alomomola
|-damage|p2a: Alomomola|73/100
|
|upkeep
|turn|72
|
|t:|1769442919
|switch|p1a: Slowking|Slowking, M|100/100 brn
|move|p2a: Alomomola|Wish|p2a: Alomomola
|
|-damage|p1a: Slowking|94/100 brn|[from] brn
|upkeep
|turn|73
|
|t:|1769442933
|switch|p2a: Gholdengo|Gholdengo|20/100
|-damage|p2a: Gholdengo|14/100|[from] Stealth Rock
|move|p1a: Slowking|Trick Room|p1a: Slowking
|-fieldstart|move: Trick Room|[of] p1a: Slowking
|
|-heal|p2a: Gholdengo|85/100|[from] move: Wish|[wisher] Alomomola
|-damage|p1a: Slowking|88/100 brn|[from] brn
|upkeep
|turn|74
|
|t:|1769442944
|switch|p1a: Muk|Muk-Alola, F|73/100
|switch|p2a: Dondozo|Dondozo, M|77/100 slp
|-damage|p2a: Dondozo|65/100 slp|[from] Stealth Rock
|
|-heal|p1a: Muk|79/100|[from] item: Leftovers
|-heal|p2a: Dondozo|71/100 slp|[from] item: Leftovers
|upkeep
|turn|75
|
|t:|1769442954
|move|p1a: Muk|Poison Jab|p2a: Dondozo
|-damage|p2a: Dondozo|54/100 slp
|-curestatus|p2a: Dondozo|slp|[msg]
|move|p2a: Dondozo|Sleep Talk||[still]
|-fail|p2a: Dondozo
|
|-heal|p1a: Muk|85/100|[from] item: Leftovers
|-heal|p2a: Dondozo|60/100|[from] item: Leftovers
|upkeep
|turn|76
|
|t:|1769442967
|move|p1a: Muk|Knock Off|p2a: Dondozo
|-damage|p2a: Dondozo|39/100
|-status|p2a: Dondozo|psn|[from] ability: Poison Touch|[of] p1a: Muk
|-enditem|p2a: Dondozo|Leftovers|[from] move: Knock Off|[of] p1a: Muk
|move|p2a: Dondozo|Wave Crash|p1a: Muk
|-damage|p1a: Muk|39/100
|-damage|p2a: Dondozo|27/100 psn|[from] Recoil
|
|-heal|p1a: Muk|45/100|[from] item: Leftovers
|-damage|p2a: Dondozo|14/100 psn|[from] psn
|upkeep
|turn|77
|
|t:|1769442982
|move|p1a: Muk|Poison Jab|p2a: Dondozo
|-damage|p2a: Dondozo|0 fnt
|faint|p2a: Dondozo
|
|-heal|p1a: Muk|51/100|[from] item: Leftovers
|-fieldend|move: Trick Room
|upkeep
|
|t:|1769442985
|switch|p2a: Corviknight|Corviknight, M|94/100 brn
|-damage|p2a: Corviknight|82/100 brn|[from] Stealth Rock
|-ability|p2a: Corviknight|Pressure
|turn|78
|
|t:|1769442996
|switch|p2a: Alomomola|Alomomola, F|100/100
|-damage|p2a: Alomomola|88/100|[from] Stealth Rock
|switch|p1a: Magcargo|Magcargo, F, shiny|85/100
|
|upkeep
|turn|79
|
|t:|1769443012
|switch|p2a: Gholdengo|Gholdengo|85/100
|-damage|p2a: Gholdengo|79/100|[from] Stealth Rock
|switch|p1a: Slowking|Slowking, M|100/100 brn
|
|-damage|p1a: Slowking|94/100 brn|[from] brn
|upkeep
|turn|80
|
|t:|1769443021
|switch|p2a: Alomomola|Alomomola, F|100/100
|-damage|p2a: Alomomola|88/100|[from] Stealth Rock
|switch|p1a: Greedent|Greedent, F|59/100 par
|
|upkeep
|turn|81
|inactive|kiko5bolas has 120 seconds left.
|
|t:|1769443061
|switch|p1a: Slowking|Slowking, M|100/100 brn
|move|p2a: Alomomola|Scald|p1a: Slowking
|-resisted|p1a: Slowking
|-damage|p1a: Slowking|96/100 brn
|
|-damage|p1a: Slowking|90/100 brn|[from] brn
|upkeep
|turn|82
|
|t:|1769443069
|switch|p2a: Corviknight|Corviknight, M|82/100 brn
|-damage|p2a: Corviknight|69/100 brn|[from] Stealth Rock
|-ability|p2a: Corviknight|Pressure
|move|p1a: Slowking|Trick Room|p1a: Slowking
|-fieldstart|move: Trick Room|[of] p1a: Slowking
|
|-damage|p1a: Slowking|84/100 brn|[from] brn
|-damage|p2a: Corviknight|63/100 brn|[from] brn
|upkeep
|turn|83
|
|t:|1769443084
|move|p1a: Slowking|Future Sight|p2a: Corviknight
|-start|p1a: Slowking|move: Future Sight
|move|p2a: Corviknight|U-turn|p1a: Slowking
|-supereffective|p1a: Slowking
|-damage|p1a: Slowking|68/100 brn
|-damage|p2a: Corviknight|46/100 brn|[from] item: Rocky Helmet|[of] p1a: Slowking
|
|t:|1769443089
|switch|p2a: Gholdengo|Gholdengo|79/100|[from] U-turn
|-damage|p2a: Gholdengo|73/100|[from] Stealth Rock
|
|-damage|p1a: Slowking|62/100 brn|[from] brn
|upkeep
|turn|84
|inactive|kiko5bolas has 120 seconds left.
|-message|kiko5bolas forfeited.
|
|win|Barbers2096
|raw|Barbers2096's rating: 1206 &rarr; <strong>1232</strong><br />(+26 for winning)
|raw|kiko5bolas's rating: 1222 &rarr; <strong>1196</strong><br />(-26 for losing)
|l|☆Barbers2096
|player|p1|
|l|☆kiko5bolas
|player|p2|
