|j|☆vishalv996
|j|☆Birdbrostm
|t:|1769446973
|gametype|singles
|player|p1|vishalv996|wallace|1117
|player|p2|Birdbrostm|101|1193
|gen|9
|tier|[Gen 9] OU
|rated|
|rule|HP Percentage Mod: HP is shown in percentages
|rule|Endless Battle Clause: Forcing endless battles is banned
|rule|Species Clause: Limit one of each Pokémon
|rule|OHKO Clause: OHKO moves are banned
|rule|Evasion Items Clause: Evasion items are banned
|rule|Evasion Moves Clause: Evasion moves are banned
|rule|Evasion Abilities Clause: Evasion abilities are banned
|rule|Sleep Moves Clause: Sleep-inducing moves are banned
|clearpoke
|poke|p1|Ogerpon-Wellspring, F|
|poke|p1|Ceruledge, M|
|poke|p1|Kingambit, F|
|poke|p1|Iron Treads|
|poke|p1|Raichu, F|
|poke|p1|Darkrai|
|poke|p2|Lycanroc-Dusk, M|
|poke|p2|Magneton|
|poke|p2|Skeledirge, M|
|poke|p2|Cinderace, M|
|poke|p2|Persian, F|
|poke|p2|Haxorus, M|
|teampreview
|
|t:|1769446984
|teamsize|p1|6
|teamsize|p2|6
|start
|switch|p1a: Ogerpon|Ogerpon-Wellspring, F|100/100
|switch|p2a: Cinderace|Cinderace, M|100/100
|turn|1
|
|t:|1769446990
|move|p2a: Cinderace|U-turn|p1a: Ogerpon
|-start|p2a: Cinderace|typechange|Bug|[from] ability: Libero
|-supereffective|p1a: Ogerpon
|-damage|p1a: Ogerpon|5/100
|
|t:|1769446995
|switch|p2a: Lycanroc|Lycanroc-Dusk, M|100/100|[from] U-turn
|move|p1a: Ogerpon|Ivy Cudgel|p2a: Lycanroc|[anim] Ivy Cudgel Water
|-supereffective|p2a: Lycanroc
|-enditem|p2a: Lycanroc|Focus Sash
|-damage|p2a: Lycanroc|1/100
|
|upkeep
|turn|2
|
|t:|1769447004
|move|p2a: Lycanroc|Accelerock|p1a: Ogerpon
|-damage|p1a: Ogerpon|0 fnt
|faint|p1a: Ogerpon
|
|upkeep
|
|t:|1769447016
|switch|p1a: Darkrai|Darkrai|100/100
|turn|3
|
|t:|1769447019
|move|p1a: Darkrai|Ice Beam|p2a: Lycanroc
|-damage|p2a: Lycanroc|0 fnt
|faint|p2a: Lycanroc
|
|upkeep
|
|t:|1769447022
|switch|p2a: Magneton|Magneton|100/100
|turn|4
|
|t:|1769447032
|move|p1a: Darkrai|Thunder|p2a: Magneton
|-resisted|p2a: Magneton
|-damage|p2a: Magneton|85/100
|move|p2a: Magneton|Thunderbolt|p1a: Darkrai
|-damage|p1a: Darkrai|30/100
|
|upkeep
|turn|5
|
|t:|1769447042
|move|p1a: Darkrai|Dark Pulse|p2a: Magneton
|-damage|p2a: Magneton|51/100
|move|p2a: Magneton|Confuse Ray|p1a: Darkrai
|-start|p1a: Darkrai|confusion
|
|upkeep
|turn|6
|
|t:|1769447048
|-activate|p1a: Darkrai|confusion
|-damage|p1a: Darkrai|19/100|[from] confusion
|move|p2a: Magneton|Volt Switch|p1a: Darkrai
|-damage|p1a: Darkrai|0 fnt
|faint|p1a: Darkrai
|
|t:|1769447053
|switch|p2a: Skeledirge|Skeledirge, M|100/100|[from] Volt Switch
|
|upkeep
|
|t:|1769447065
|switch|p1a: Ceruledge|Ceruledge, M|100/100
|turn|7
|
|t:|1769447070
|move|p1a: Ceruledge|Poltergeist|p2a: Skeledirge
|-activate|p2a: Skeledirge|move: Poltergeist|Leftovers
|-supereffective|p2a: Skeledirge
|-damage|p2a: Skeledirge|0 fnt
|faint|p2a: Skeledirge
|
|upkeep
|
|t:|1769447080
|switch|p2a: Persian|Persian, F|100/100
|turn|8
|
|t:|1769447088
|move|p2a: Persian|Knock Off|p1a: Ceruledge
|-supereffective|p1a: Ceruledge
|-damage|p1a: Ceruledge|20/100
|-ability|p1a: Ceruledge|Weak Armor|boost
|-unboost|p1a: Ceruledge|def|1
|-boost|p1a: Ceruledge|spe|2
|-enditem|p1a: Ceruledge|Focus Sash|[from] move: Knock Off|[of] p2a: Persian
|move|p1a: Ceruledge|Bitter Blade|p2a: Persian
|-damage|p2a: Persian|4/100
|-heal|p1a: Ceruledge|65/100|[from] drain|[of] p2a: Persian
|
|upkeep
|turn|9
|
|t:|1769447102
|move|p1a: Ceruledge|Bitter Blade|p2a: Persian
|-damage|p2a: Persian|0 fnt
|-heal|p1a: Ceruledge|66/100|[from] drain|[of] p2a: Persian
|faint|p2a: Persian
|
|upkeep
|
|t:|1769447104
|switch|p2a: Cinderace|Cinderace, M|100/100
|turn|10
|
|t:|1769447118
|move|p2a: Cinderace|Sucker Punch|p1a: Ceruledge
|-start|p2a: Cinderace|typechange|Dark|[from] ability: Libero
|-supereffective|p1a: Ceruledge
|-damage|p1a: Ceruledge|0 fnt
|faint|p1a: Ceruledge
|
|upkeep
|
|t:|1769447126
|switch|p1a: Raichu|Raichu, F|100/100
|turn|11
|
|t:|1769447132
|-terastallize|p2a: Cinderace|Dark
|move|p2a: Cinderace|Sucker Punch|p1a: Raichu
|-enditem|p1a: Raichu|Focus Sash
|-damage|p1a: Raichu|1/100
|move|p1a: Raichu|Thunderbolt|p2a: Cinderace
|-damage|p2a: Cinderace|40/100
|
|upkeep
|turn|12
|
|t:|1769447140
|move|p2a: Cinderace|Sucker Punch|p1a: Raichu
|-damage|p1a: Raichu|0 fnt
|faint|p1a: Raichu
|
|upkeep
|
|t:|1769447145
|switch|p1a: Iron Treads|Iron Treads|100/100
|-enditem|p1a: Iron Treads|Booster Energy
|-activate|p1a: Iron Treads|ability: Quark Drive|[fromitem]
|-start|p1a: Iron Treads|quarkdriveatk
|turn|13
|
|t:|1769447157
|move|p2a: Cinderace|Pyro Ball|p1a: Iron Treads
|-supereffective|p1a: Iron Treads
|-damage|p1a: Iron Treads|28/100
|move|p1a: Iron Treads|Earthquake|p2a: Cinderace
|-damage|p2a: Cinderace|0 fnt
|faint|p2a: Cinderace
|
|upkeep
|inactive|Battle timer is ON: inactive players will automatically lose when time's up. (requested by Birdbrostm)
|
|t:|1769447185
|switch|p2a: Magneton|Magneton|51/100
|turn|14
|
|t:|1769447206
|move|p1a: Iron Treads|Earthquake|p2a: Magneton
|-supereffective|p2a: Magneton
|-damage|p2a: Magneton|0 fnt
|faint|p2a: Magneton
|
|upkeep
|
|t:|1769447208
|switch|p2a: Haxorus|Haxorus, M, shiny|100/100
|-ability|p2a: Haxorus|Mold Breaker
|turn|15
|
|t:|1769447214
|move|p1a: Iron Treads|Ice Spinner|p2a: Haxorus
|-supereffective|p2a: Haxorus
|-damage|p2a: Haxorus|11/100
|move|p2a: Haxorus|Dragon Claw|p1a: Iron Treads
|-resisted|p1a: Iron Treads
|-damage|p1a: Iron Treads|5/100
|
|upkeep
|turn|16
|
|t:|1769447221
|move|p1a: Iron Treads|Ice Spinner|p2a: Haxorus
|-supereffective|p2a: Haxorus
|-damage|p2a: Haxorus|0 fnt
|faint|p2a: Haxorus
|
|win|vishalv996
|raw|vishalv996's rating: 1117 &rarr; <strong>1147</strong><br />(+30 for winning)
|raw|Birdbrostm's rating: 1193 &rarr; <strong>1163</strong><br />(-30 for losing)
|l|☆Birdbrostm
|player|p2|
