|j|☆rogerrc93
|j|☆Sz_dS
|t:|1769385477
|gametype|singles
|player|p1|rogerrc93|picnicker|1534
|player|p2|Sz_dS|1|1556
|gen|9
|tier|[Gen 9] OU
|rated|
|rule|HP Percentage Mod: HP is shown in percentages
|rule|Endless Battle Clause: Forcing endless battles is banned
|rule|Species Clause: Limit one of each Pokémon
|rule|OHKO Clause: OHKO moves are banned
|rule|Evasion Items Clause: Evasion items are banned
|rule|Evasion Moves Clause: Evasion moves are banned
|rule|Evasion Abilities Clause: Evasion abilities are banned
|rule|Sleep Moves Clause: Sleep-inducing moves are banned
|clearpoke
|poke|p1|Meowscarada, M|
|poke|p1|Volcanion|
|poke|p1|Iron Moth|
|poke|p1|Corviknight, M|
|poke|p1|Clodsire, M|
|poke|p1|Maushold-Four|
|poke|p2|Hydrapple, F|
|poke|p2|Landorus-Therian, M|
|poke|p2|Scizor, F|
|poke|p2|Primarina, M|
|poke|p2|Raging Bolt|
|poke|p2|Pecharunt|
|teampreview
|inactive|Battle timer is ON: inactive players will automatically lose when time's up. (requested by rogerrc93)
|
|t:|1769385492
|teamsize|p1|6
|teamsize|p2|6
|start
|switch|p1a: Meowscarada|Meowscarada, M|100/100
|switch|p2a: Landorus|Landorus-Therian, M|100/100
|-ability|p2a: Landorus|Intimidate|boost
|-unboost|p1a: Meowscarada|atk|1
|turn|1
|
|t:|1769385498
|switch|p2a: Pecharunt|Pecharunt|100/100
|move|p1a: Meowscarada|Triple Axel|p2a: Pecharunt
|-start|p1a: Meowscarada|typechange|Ice|[from] ability: Protean
|-damage|p2a: Pecharunt|97/100
|-hitcount|p2a: Pecharunt|1
|
|upkeep
|turn|2
|
|t:|1769385508
|switch|p1a: Clodsire|Clodsire, M|100/100
|move|p2a: Pecharunt|Parting Shot|p1a: Clodsire
|-unboost|p1a: Clodsire|atk|1
|-unboost|p1a: Clodsire|spa|1
|
|t:|1769385514
|switch|p2a: Landorus|Landorus-Therian, M|100/100|[from] Parting Shot
|-ability|p2a: Landorus|Intimidate|boost
|-unboost|p1a: Clodsire|atk|1
|
|upkeep
|turn|3
|
|t:|1769385519
|move|p2a: Landorus|Taunt|p1a: Clodsire
|-start|p1a: Clodsire|move: Taunt
|cant|p1a: Clodsire|move: Taunt|Toxic
|
|upkeep
|turn|4
|
|t:|1769385526
|switch|p1a: Meowscarada|Meowscarada, M|100/100
|move|p2a: Landorus|Earthquake|p1a: Meowscarada
|-resisted|p1a: Meowscarada
|-damage|p1a: Meowscarada|67/100
|
|upkeep
|turn|5
|
|t:|1769385530
|move|p1a: Meowscarada|Trick|p2a: Landorus
|-start|p1a: Meowscarada|typechange|Psychic|[from] ability: Protean
|-activate|p1a: Meowscarada|move: Trick|[of] p2a: Landorus
|-item|p2a: Landorus|Choice Scarf|[from] move: Trick
|-item|p1a: Meowscarada|Rocky Helmet|[from] move: Trick
|move|p2a: Landorus|U-turn|p1a: Meowscarada
|-supereffective|p1a: Meowscarada
|-damage|p1a: Meowscarada|0 fnt
|-damage|p2a: Landorus|84/100|[from] item: Rocky Helmet|[of] p1a: Meowscarada
|faint|p1a: Meowscarada
|
|t:|1769385541
|switch|p2a: Pecharunt|Pecharunt|97/100|[from] U-turn
|
|upkeep
|
|t:|1769385548
|switch|p1a: Iron Moth|Iron Moth|100/100
|-enditem|p1a: Iron Moth|Booster Energy
|-activate|p1a: Iron Moth|ability: Quark Drive|[fromitem]
|-start|p1a: Iron Moth|quarkdrivespe
|turn|6
|
|t:|1769385554
|move|p1a: Iron Moth|Fiery Dance|p2a: Pecharunt
|-damage|p2a: Pecharunt|57/100
|-boost|p1a: Iron Moth|spa|1
|move|p2a: Pecharunt|Parting Shot|p1a: Iron Moth
|-unboost|p1a: Iron Moth|atk|1
|-unboost|p1a: Iron Moth|spa|1
|
|t:|1769385557
|switch|p2a: Primarina|Primarina, M|100/100|[from] Parting Shot
|
|upkeep
|turn|7
|
|t:|1769385563
|move|p1a: Iron Moth|Sludge Wave|p2a: Primarina
|-supereffective|p2a: Primarina
|-damage|p2a: Primarina|44/100
|move|p2a: Primarina|Sparkling Aria|p1a: Iron Moth
|-supereffective|p1a: Iron Moth
|-damage|p1a: Iron Moth|0 fnt
|faint|p1a: Iron Moth
|-end|p1a: Iron Moth|Quark Drive|[silent]
|
|upkeep
|
|t:|1769385574
|switch|p1a: Maushold|Maushold-Four|100/100
|turn|8
|
|t:|1769385580
|move|p1a: Maushold|Tidy Up|p1a: Maushold
|-boost|p1a: Maushold|atk|1
|-boost|p1a: Maushold|spe|1
|move|p2a: Primarina|Flip Turn|p1a: Maushold
|-damage|p1a: Maushold|79/100
|
|t:|1769385582
|switch|p2a: Landorus|Landorus-Therian, M|84/100|[from] Flip Turn
|-ability|p2a: Landorus|Intimidate|boost
|-unboost|p1a: Maushold|atk|1
|
|upkeep
|turn|9
|
|t:|1769385590
|switch|p2a: Pecharunt|Pecharunt|57/100
|-terastallize|p1a: Maushold|Normal
|move|p1a: Maushold|Population Bomb|p2a: Pecharunt
|-immune|p2a: Pecharunt
|
|upkeep
|turn|10
|
|t:|1769385594
|move|p1a: Maushold|Bite|p2a: Pecharunt
|-supereffective|p2a: Pecharunt
|-damage|p2a: Pecharunt|32/100
|move|p2a: Pecharunt|Malignant Chain|p1a: Maushold
|-damage|p1a: Maushold|31/100
|-status|p1a: Maushold|tox
|-start|p1a: Maushold|confusion|[from] ability: Poison Puppeteer|[of] p2a: Pecharunt
|
|-damage|p1a: Maushold|25/100 tox|[from] psn
|upkeep
|turn|11
|
|t:|1769385600
|-activate|p1a: Maushold|confusion
|-damage|p1a: Maushold|9/100 tox|[from] confusion
|move|p2a: Pecharunt|Recover|p2a: Pecharunt
|-heal|p2a: Pecharunt|82/100
|
|-damage|p1a: Maushold|0 fnt|[from] psn
|faint|p1a: Maushold
|upkeep
|-message|rogerrc93 forfeited.
|
|win|Sz_dS
|raw|rogerrc93's rating: 1534 &rarr; <strong>1515</strong><br />(-19 for losing)
|raw|Sz_dS's rating: 1556 &rarr; <strong>1575</strong><br />(+19 for winning)
|l|☆rogerrc93
|player|p1|
|l|☆Sz_dS
|player|p2|
