|j|☆dfcgvbh
|j|☆isk2
|t:|1769423736
|gametype|singles
|player|p1|dfcgvbh|170|1259
|player|p2|isk2|cyrus|1284
|gen|9
|tier|[Gen 9] OU
|rated|
|rule|HP Percentage Mod: HP is shown in percentages
|rule|Endless Battle Clause: Forcing endless battles is banned
|rule|Species Clause: Limit one of each Pokémon
|rule|OHKO Clause: OHKO moves are banned
|rule|Evasion Items Clause: Evasion items are banned
|rule|Evasion Moves Clause: Evasion moves are banned
|rule|Evasion Abilities Clause: Evasion abilities are banned
|rule|Sleep Moves Clause: Sleep-inducing moves are banned
|clearpoke
|poke|p1|Magnezone|
|poke|p1|Zarude|
|poke|p1|Gliscor, M|
|poke|p1|Arcanine-Hisui, F|
|poke|p1|Azumarill, F|
|poke|p1|Gengar, M|
|poke|p2|Meowscarada, F|
|poke|p2|Dragonite, M|
|poke|p2|Corviknight, F|
|poke|p2|Samurott-Hisui, M|
|poke|p2|Thundurus-Therian, M|
|poke|p2|Iron Moth|
|teampreview
|
|t:|1769423750
|teamsize|p1|6
|teamsize|p2|6
|start
|switch|p1a: Azumarill|Azumarill, F|100/100
|switch|p2a: Samurott|Samurott-Hisui, M|100/100
|turn|1
|
|t:|1769423771
|switch|p2a: Iron Moth|Iron Moth|100/100
|-enditem|p2a: Iron Moth|Booster Energy
|-activate|p2a: Iron Moth|ability: Quark Drive|[fromitem]
|-start|p2a: Iron Moth|quarkdrivespa
|move|p1a: Azumarill|Play Rough|p2a: Iron Moth
|-resisted|p2a: Iron Moth
|-damage|p2a: Iron Moth|78/100
|
|upkeep
|turn|2
|
|t:|1769423777
|move|p1a: Azumarill|Aqua Jet|p2a: Iron Moth
|-supereffective|p2a: Iron Moth
|-damage|p2a: Iron Moth|0 fnt
|faint|p2a: Iron Moth
|-end|p2a: Iron Moth|Quark Drive|[silent]
|
|upkeep
|
|t:|1769423781
|switch|p2a: Meowscarada|Meowscarada, F|100/100
|turn|3
|
|t:|1769423787
|move|p2a: Meowscarada|Flower Trick|p1a: Azumarill
|-supereffective|p1a: Azumarill
|-crit|p1a: Azumarill
|-damage|p1a: Azumarill|0 fnt
|faint|p1a: Azumarill
|-damage|p2a: Meowscarada|91/100|[from] item: Life Orb
|
|upkeep
|
|t:|1769423795
|switch|p1a: Arcanine|Arcanine-Hisui, F|100/100
|-ability|p1a: Arcanine|Intimidate|boost
|-unboost|p2a: Meowscarada|atk|1
|turn|4
|
|t:|1769423809
|switch|p2a: Samurott|Samurott-Hisui, M|100/100
|move|p1a: Arcanine|Flare Blitz|p2a: Samurott
|-resisted|p2a: Samurott
|-damage|p2a: Samurott|68/100
|-damage|p1a: Arcanine|88/100|[from] Recoil
|
|-heal|p1a: Arcanine|94/100|[from] item: Leftovers
|upkeep
|turn|5
|
|t:|1769423836
|move|p1a: Arcanine|Rock Slide|p2a: Samurott
|-damage|p2a: Samurott|30/100
|cant|p2a: Samurott|flinch
|
|-heal|p1a: Arcanine|99/100|[from] item: Leftovers
|upkeep
|turn|6
|
|t:|1769423840
|move|p1a: Arcanine|Rock Slide|p2a: Samurott
|-damage|p2a: Samurott|0 fnt
|faint|p2a: Samurott
|
|-heal|p1a: Arcanine|100/100|[from] item: Leftovers
|upkeep
|
|t:|1769423844
|switch|p2a: Dragonite|Dragonite, M|100/100
|turn|7
|
|t:|1769423853
|move|p1a: Arcanine|Rock Slide|p2a: Dragonite
|-supereffective|p2a: Dragonite
|-damage|p2a: Dragonite|62/100
|move|p2a: Dragonite|Earthquake|p1a: Arcanine
|-supereffective|p1a: Arcanine
|-damage|p1a: Arcanine|0 fnt
|faint|p1a: Arcanine
|
|upkeep
|
|t:|1769423862
|switch|p1a: Zarude|Zarude|100/100
|turn|8
|
|t:|1769423865
|switch|p2a: Corviknight|Corviknight, F, shiny|100/100
|-ability|p2a: Corviknight|Pressure
|move|p1a: Zarude|Knock Off|p2a: Corviknight
|-damage|p2a: Corviknight|73/100
|-damage|p1a: Zarude|84/100|[from] item: Rocky Helmet|[of] p2a: Corviknight
|-enditem|p2a: Corviknight|Rocky Helmet|[from] move: Knock Off|[of] p1a: Zarude
|
|upkeep
|turn|9
|
|t:|1769423878
|move|p1a: Zarude|Swords Dance|p1a: Zarude
|-boost|p1a: Zarude|atk|2
|move|p2a: Corviknight|Body Press|p1a: Zarude
|-supereffective|p1a: Zarude
|-damage|p1a: Zarude|33/100
|
|upkeep
|turn|10
|
|t:|1769423880
|move|p1a: Zarude|Knock Off|p2a: Corviknight
|-damage|p2a: Corviknight|36/100
|move|p2a: Corviknight|Body Press|p1a: Zarude
|-supereffective|p1a: Zarude
|-damage|p1a: Zarude|0 fnt
|faint|p1a: Zarude
|
|upkeep
|
|t:|1769423884
|switch|p1a: Gliscor|Gliscor, M|100/100
|turn|11
|
|t:|1769423888
|move|p1a: Gliscor|Stealth Rock|p2a: Corviknight
|-sidestart|p2: isk2|move: Stealth Rock
|move|p2a: Corviknight|Roost|p2a: Corviknight
|-heal|p2a: Corviknight|86/100
|-singleturn|p2a: Corviknight|move: Roost
|
|-status|p1a: Gliscor|tox|[from] item: Toxic Orb
|upkeep
|turn|12
|
|t:|1769423891
|move|p1a: Gliscor|Protect|p1a: Gliscor
|-singleturn|p1a: Gliscor|Protect
|move|p2a: Corviknight|Taunt|p1a: Gliscor
|-activate|p1a: Gliscor|move: Protect
|
|upkeep
|turn|13
|
|t:|1769423894
|move|p1a: Gliscor|U-turn|p2a: Corviknight
|-resisted|p2a: Corviknight
|-damage|p2a: Corviknight|83/100
|
|t:|1769423897
|switch|p1a: Gengar|Gengar, M|100/100|[from] U-turn
|move|p2a: Corviknight|Taunt|p1a: Gengar
|-start|p1a: Gengar|move: Taunt
|
|upkeep
|turn|14
|
|t:|1769423902
|switch|p2a: Thundurus|Thundurus-Therian, M|100/100
|-damage|p2a: Thundurus|75/100|[from] Stealth Rock
|move|p1a: Gengar|Shadow Ball|p2a: Thundurus
|-damage|p2a: Thundurus|22/100
|
|upkeep
|turn|15
|
|t:|1769423906
|move|p1a: Gengar|Shadow Ball|p2a: Thundurus
|-damage|p2a: Thundurus|0 fnt
|faint|p2a: Thundurus
|
|-end|p1a: Gengar|move: Taunt
|upkeep
|
|t:|1769423909
|switch|p2a: Meowscarada|Meowscarada, F|91/100
|-damage|p2a: Meowscarada|78/100|[from] Stealth Rock
|turn|16
|
|t:|1769423916
|switch|p1a: Gliscor|Gliscor, M|100/100 tox
|move|p2a: Meowscarada|Knock Off|p1a: Gliscor
|-damage|p1a: Gliscor|40/100 tox
|-enditem|p1a: Gliscor|Toxic Orb|[from] move: Knock Off|[of] p2a: Meowscarada
|-damage|p2a: Meowscarada|69/100|[from] item: Life Orb
|
|-heal|p1a: Gliscor|53/100 tox|[from] ability: Poison Heal
|upkeep
|turn|17
|
|t:|1769423921
|move|p2a: Meowscarada|Knock Off|p1a: Gliscor
|-damage|p1a: Gliscor|14/100 tox
|-damage|p2a: Meowscarada|59/100|[from] item: Life Orb
|move|p1a: Gliscor|U-turn|p2a: Meowscarada
|-supereffective|p2a: Meowscarada
|-damage|p2a: Meowscarada|0 fnt
|faint|p2a: Meowscarada
|
|t:|1769423924
|switch|p1a: Gengar|Gengar, M|100/100|[from] U-turn
|
|upkeep
|
|t:|1769423927
|switch|p2a: Dragonite|Dragonite, M|62/100
|turn|18
|
|t:|1769423935
|-terastallize|p2a: Dragonite|Normal
|move|p1a: Gengar|Sludge Bomb|p2a: Dragonite
|-damage|p2a: Dragonite|10/100
|move|p2a: Dragonite|Dragon Dance|p2a: Dragonite
|-boost|p2a: Dragonite|atk|1
|-boost|p2a: Dragonite|spe|1
|
|upkeep
|turn|19
|
|t:|1769423939
|move|p1a: Gengar|Sludge Bomb|p2a: Dragonite
|-damage|p2a: Dragonite|0 fnt
|faint|p2a: Dragonite
|
|upkeep
|-message|isk2 forfeited.
|
|win|dfcgvbh
|raw|dfcgvbh's rating: 1231 &rarr; <strong>1260</strong><br />(+29 for winning)
|raw|isk2's rating: 1284 &rarr; <strong>1255</strong><br />(-29 for losing)
|l|☆isk2
|player|p2|
|l|☆dfcgvbh
|player|p1|
