|j|☆sveinung12321
|j|☆kimmmmmmm66
|t:|1769346366
|gametype|singles
|player|p1|sveinung12321|2|1423
|player|p2|kimmmmmmm66|265|1392
|gen|9
|tier|[Gen 9] OU
|rated|
|rule|HP Percentage Mod: HP is shown in percentages
|rule|Endless Battle Clause: Forcing endless battles is banned
|rule|Species Clause: Limit one of each Pokémon
|rule|OHKO Clause: OHKO moves are banned
|rule|Evasion Items Clause: Evasion items are banned
|rule|Evasion Moves Clause: Evasion moves are banned
|rule|Evasion Abilities Clause: Evasion abilities are banned
|rule|Sleep Moves Clause: Sleep-inducing moves are banned
|clearpoke
|poke|p1|Iron Valiant|
|poke|p1|Gliscor, M|
|poke|p1|Alomomola, F|
|poke|p1|Dragapult, F|
|poke|p1|Kingambit, M|
|poke|p1|Corviknight, F|
|poke|p2|Dragapult, M|
|poke|p2|Lokix, M|
|poke|p2|Espeon, M|
|poke|p2|Sinistcha|
|poke|p2|Incineroar, M|
|poke|p2|Glimmora, F|
|teampreview
|inactive|Battle timer is ON: inactive players will automatically lose when time's up. (requested by sveinung12321)
|
|t:|1769346379
|teamsize|p1|6
|teamsize|p2|6
|start
|switch|p1a: Gliscor|Gliscor, M|100/100
|switch|p2a: Incineroar|Incineroar, M|100/100
|-ability|p2a: Incineroar|Intimidate|boost
|-unboost|p1a: Gliscor|atk|1
|turn|1
|
|t:|1769346382
|move|p1a: Gliscor|Protect|p1a: Gliscor
|-singleturn|p1a: Gliscor|Protect
|move|p2a: Incineroar|Knock Off|p1a: Gliscor
|-activate|p1a: Gliscor|move: Protect
|
|-status|p1a: Gliscor|tox|[from] item: Toxic Orb
|upkeep
|turn|2
|
|t:|1769346387
|switch|p2a: Espeon|Espeon, M|100/100
|move|p1a: Gliscor|Earthquake|p2a: Espeon
|-damage|p2a: Espeon|57/100
|
|upkeep
|turn|3
|
|t:|1769346392
|move|p2a: Espeon|Reflect|p2a: Espeon
|-sidestart|p2: kimmmmmmm66|Reflect
|move|p1a: Gliscor|Earthquake|p2a: Espeon
|-damage|p2a: Espeon|35/100
|
|upkeep
|turn|4
|
|t:|1769346396
|move|p2a: Espeon|Psychic Noise|p1a: Gliscor
|-damage|p1a: Gliscor|54/100 tox
|-start|p1a: Gliscor|move: Heal Block
|move|p1a: Gliscor|Earthquake|p2a: Espeon
|-damage|p2a: Espeon|13/100
|
|upkeep
|turn|5
|
|t:|1769346402
|move|p1a: Gliscor|Protect|p1a: Gliscor
|-singleturn|p1a: Gliscor|Protect
|move|p2a: Espeon|Psychic Noise|p1a: Gliscor
|-activate|p1a: Gliscor|move: Protect
|
|-end|p1a: Gliscor|move: Heal Block
|upkeep
|turn|6
|
|t:|1769346404
|switch|p1a: Kingambit|Kingambit, M|100/100
|move|p2a: Espeon|Psychic Noise|p1a: Kingambit
|-immune|p1a: Kingambit
|
|upkeep
|turn|7
|
|t:|1769346407
|switch|p2a: Incineroar|Incineroar, M|100/100
|-ability|p2a: Incineroar|Intimidate|boost
|-unboost|p1a: Kingambit|atk|1
|-end|p1a: Kingambit|fallenundefined|[silent]
|switch|p1a: Gliscor|Gliscor, M|54/100 tox
|
|-heal|p1a: Gliscor|67/100 tox|[from] ability: Poison Heal
|upkeep
|turn|8
|
|t:|1769346414
|move|p1a: Gliscor|Earthquake|p2a: Incineroar
|-supereffective|p2a: Incineroar
|-damage|p2a: Incineroar|71/100
|move|p2a: Incineroar|Knock Off|p1a: Gliscor
|-damage|p1a: Gliscor|42/100 tox
|-enditem|p1a: Gliscor|Toxic Orb|[from] move: Knock Off|[of] p2a: Incineroar
|
|-heal|p1a: Gliscor|55/100 tox|[from] ability: Poison Heal
|upkeep
|turn|9
|
|t:|1769346419
|move|p1a: Gliscor|Earthquake|p2a: Incineroar
|-supereffective|p2a: Incineroar
|-damage|p2a: Incineroar|40/100
|-enditem|p2a: Incineroar|Sitrus Berry|[eat]
|-heal|p2a: Incineroar|65/100|[from] item: Sitrus Berry
|move|p2a: Incineroar|Parting Shot|p1a: Gliscor
|-unboost|p1a: Gliscor|atk|1
|-unboost|p1a: Gliscor|spa|1
|
|t:|1769346422
|switch|p2a: Espeon|Espeon, M|13/100|[from] Parting Shot
|
|-heal|p1a: Gliscor|67/100 tox|[from] ability: Poison Heal
|upkeep
|turn|10
|
|t:|1769346425
|move|p1a: Gliscor|Protect|p1a: Gliscor
|-singleturn|p1a: Gliscor|Protect
|move|p2a: Espeon|Psychic Noise|p1a: Gliscor
|-activate|p1a: Gliscor|move: Protect
|
|-heal|p1a: Gliscor|80/100 tox|[from] ability: Poison Heal
|-sideend|p2: kimmmmmmm66|Reflect
|upkeep
|turn|11
|
|t:|1769346427
|switch|p1a: Kingambit|Kingambit, M|100/100
|move|p2a: Espeon|Psychic Noise|p1a: Kingambit
|-immune|p1a: Kingambit
|
|upkeep
|turn|12
|
|t:|1769346430
|move|p2a: Espeon|Reflect|p2a: Espeon
|-sidestart|p2: kimmmmmmm66|Reflect
|move|p1a: Kingambit|Swords Dance|p1a: Kingambit
|-boost|p1a: Kingambit|atk|2
|
|upkeep
|turn|13
|
|t:|1769346433
|switch|p2a: Incineroar|Incineroar, M|65/100
|-ability|p2a: Incineroar|Intimidate|boost
|-unboost|p1a: Kingambit|atk|1
|move|p1a: Kingambit|Kowtow Cleave|p2a: Incineroar
|-resisted|p2a: Incineroar
|-damage|p2a: Incineroar|46/100
|
|upkeep
|turn|14
|
|t:|1769346440
|-end|p1a: Kingambit|fallenundefined|[silent]
|switch|p1a: Gliscor|Gliscor, M|80/100 tox
|move|p2a: Incineroar|Knock Off|p1a: Gliscor
|-damage|p1a: Gliscor|65/100 tox
|
|-heal|p1a: Gliscor|78/100 tox|[from] ability: Poison Heal
|upkeep
|turn|15
|
|t:|1769346445
|move|p1a: Gliscor|Earthquake|p2a: Incineroar
|-supereffective|p2a: Incineroar
|-damage|p2a: Incineroar|15/100
|move|p2a: Incineroar|Parting Shot|p1a: Gliscor
|-unboost|p1a: Gliscor|atk|1
|-unboost|p1a: Gliscor|spa|1
|
|t:|1769346451
|switch|p2a: Espeon|Espeon, M|13/100|[from] Parting Shot
|
|-heal|p1a: Gliscor|90/100 tox|[from] ability: Poison Heal
|upkeep
|turn|16
|
|t:|1769346453
|move|p2a: Espeon|Light Screen|p2a: Espeon
|-sidestart|p2: kimmmmmmm66|move: Light Screen
|move|p1a: Gliscor|Earthquake|p2a: Espeon
|-damage|p2a: Espeon|0 fnt
|faint|p2a: Espeon
|
|-heal|p1a: Gliscor|100/100 tox|[from] ability: Poison Heal
|upkeep
|
|t:|1769346458
|switch|p2a: Lokix|Lokix, M|100/100
|turn|17
|
|t:|1769346463
|switch|p1a: Corviknight|Corviknight, F|100/100
|-ability|p1a: Corviknight|Pressure
|move|p2a: Lokix|U-turn|p1a: Corviknight
|-resisted|p1a: Corviknight
|-damage|p1a: Corviknight|81/100
|
|t:|1769346468
|switch|p2a: Sinistcha|Sinistcha|100/100|[from] U-turn
|
|-heal|p1a: Corviknight|87/100|[from] item: Leftovers
|upkeep
|turn|18
|
|t:|1769346471
|move|p2a: Sinistcha|Shadow Ball|p1a: Corviknight
|-damage|p1a: Corviknight|55/100
|-damage|p2a: Sinistcha|91/100|[from] item: Life Orb
|move|p1a: Corviknight|U-turn|p2a: Sinistcha
|-damage|p2a: Sinistcha|84/100
|
|t:|1769346473
|switch|p1a: Gliscor|Gliscor, M|100/100 tox|[from] U-turn
|
|upkeep
|turn|19
|
|t:|1769346480
|-terastallize|p2a: Sinistcha|Steel
|move|p1a: Gliscor|Toxic|p2a: Sinistcha|[miss]
|-miss|p1a: Gliscor|p2a: Sinistcha
|move|p2a: Sinistcha|Calm Mind|p2a: Sinistcha
|-boost|p2a: Sinistcha|spa|1
|-boost|p2a: Sinistcha|spd|1
|
|-sideend|p2: kimmmmmmm66|Reflect
|upkeep
|turn|20
|
|t:|1769346492
|move|p1a: Gliscor|Earthquake|p2a: Sinistcha
|-supereffective|p2a: Sinistcha
|-damage|p2a: Sinistcha|16/100
|move|p2a: Sinistcha|Matcha Gotcha|p1a: Gliscor
|-damage|p1a: Gliscor|12/100 tox
|-heal|p2a: Sinistcha|61/100|[from] drain|[of] p1a: Gliscor
|-damage|p2a: Sinistcha|52/100|[from] item: Life Orb
|
|-heal|p1a: Gliscor|24/100 tox|[from] ability: Poison Heal
|upkeep
|turn|21
|
|t:|1769346504
|switch|p1a: Iron Valiant|Iron Valiant|100/100
|-enditem|p1a: Iron Valiant|Booster Energy
|-activate|p1a: Iron Valiant|ability: Quark Drive|[fromitem]
|-start|p1a: Iron Valiant|quarkdrivespe
|switch|p2a: Incineroar|Incineroar, M|15/100
|-ability|p2a: Incineroar|Intimidate|boost
|-unboost|p1a: Iron Valiant|atk|1
|
|upkeep
|turn|22
|
|t:|1769346510
|move|p2a: Incineroar|Fake Out|p1a: Iron Valiant
|-damage|p1a: Iron Valiant|87/100
|cant|p1a: Iron Valiant|flinch
|
|upkeep
|turn|23
|
|t:|1769346512
|move|p1a: Iron Valiant|Swords Dance|p1a: Iron Valiant
|-boost|p1a: Iron Valiant|atk|2
|move|p2a: Incineroar|Flare Blitz|p1a: Iron Valiant
|-damage|p1a: Iron Valiant|32/100
|-damage|p2a: Incineroar|2/100|[from] Recoil
|
|-sideend|p2: kimmmmmmm66|move: Light Screen
|upkeep
|turn|24
|
|t:|1769346516
|move|p1a: Iron Valiant|Knock Off|p2a: Incineroar
|-resisted|p2a: Incineroar
|-damage|p2a: Incineroar|0 fnt
|faint|p2a: Incineroar
|
|upkeep
|
|t:|1769346519
|switch|p2a: Lokix|Lokix, M|100/100
|turn|25
|
|t:|1769346524
|move|p2a: Lokix|First Impression|p1a: Iron Valiant
|-resisted|p1a: Iron Valiant
|-damage|p1a: Iron Valiant|0 fnt
|faint|p1a: Iron Valiant
|-end|p1a: Iron Valiant|Quark Drive|[silent]
|
|upkeep
|
|t:|1769346531
|switch|p1a: Gliscor|Gliscor, M|24/100 tox
|turn|26
|
|t:|1769346536
|switch|p2a: Glimmora|Glimmora, F|100/100
|move|p1a: Gliscor|Stealth Rock|p2a: Glimmora
|-sidestart|p2: kimmmmmmm66|move: Stealth Rock
|
|-heal|p1a: Gliscor|37/100 tox|[from] ability: Poison Heal
|upkeep
|turn|27
|
|t:|1769346540
|move|p2a: Glimmora|Spiky Shield|p2a: Glimmora
|-singleturn|p2a: Glimmora|move: Protect
|move|p1a: Gliscor|Earthquake|p2a: Glimmora
|-activate|p2a: Glimmora|move: Protect
|
|-heal|p1a: Gliscor|49/100 tox|[from] ability: Poison Heal
|upkeep
|turn|28
|
|t:|1769346545
|switch|p2a: Sinistcha|Sinistcha, tera:Steel|52/100
|-damage|p2a: Sinistcha|46/100|[from] Stealth Rock
|move|p1a: Gliscor|Earthquake|p2a: Sinistcha
|-supereffective|p2a: Sinistcha
|-damage|p2a: Sinistcha|0 fnt
|faint|p2a: Sinistcha
|
|-heal|p1a: Gliscor|62/100 tox|[from] ability: Poison Heal
|upkeep
|
|t:|1769346549
|switch|p2a: Lokix|Lokix, M|100/100
|-damage|p2a: Lokix|76/100|[from] Stealth Rock
|turn|29
|
|t:|1769346551
|move|p1a: Gliscor|Protect|p1a: Gliscor
|-singleturn|p1a: Gliscor|Protect
|move|p2a: Lokix|Throat Chop|p1a: Gliscor
|-activate|p1a: Gliscor|move: Protect
|
|-heal|p1a: Gliscor|74/100 tox|[from] ability: Poison Heal
|upkeep
|turn|30
|
|t:|1769346557
|move|p2a: Lokix|Throat Chop|p1a: Gliscor
|-damage|p1a: Gliscor|41/100 tox
|-start|p1a: Gliscor|Throat Chop|[silent]
|move|p1a: Gliscor|Toxic|p2a: Lokix
|-status|p2a: Lokix|tox
|
|-damage|p2a: Lokix|70/100 tox|[from] psn
|-heal|p1a: Gliscor|53/100 tox|[from] ability: Poison Heal
|upkeep
|turn|31
|
|t:|1769346562
|move|p1a: Gliscor|Protect|p1a: Gliscor
|-singleturn|p1a: Gliscor|Protect
|move|p2a: Lokix|Throat Chop|p1a: Gliscor
|-activate|p1a: Gliscor|move: Protect
|
|-damage|p2a: Lokix|58/100 tox|[from] psn
|-heal|p1a: Gliscor|66/100 tox|[from] ability: Poison Heal
|-end|p1a: Gliscor|Throat Chop|[silent]
|upkeep
|turn|32
|
|t:|1769346565
|move|p2a: Lokix|Throat Chop|p1a: Gliscor
|-damage|p1a: Gliscor|28/100 tox
|-start|p1a: Gliscor|Throat Chop|[silent]
|move|p1a: Gliscor|Earthquake|p2a: Lokix
|-resisted|p2a: Lokix
|-damage|p2a: Lokix|33/100 tox
|
|-damage|p2a: Lokix|15/100 tox|[from] psn
|-heal|p1a: Gliscor|40/100 tox|[from] ability: Poison Heal
|upkeep
|turn|33
|-message|kimmmmmmm66 forfeited.
|
|win|sveinung12321
|raw|sveinung12321's rating: 1423 &rarr; <strong>1441</strong><br />(+18 for winning)
|raw|kimmmmmmm66's rating: 1392 &rarr; <strong>1374</strong><br />(-18 for losing)
|l|☆kimmmmmmm66
|player|p2|
|l|☆sveinung12321
|player|p1|
