|j|☆tailspike
|j|☆1alphq
|t:|1769317696
|gametype|singles
|player|p1|tailspike|hilda-wonderlauncher|1285
|player|p2|1alphq|zinnia|1322
|gen|9
|tier|[Gen 9] OU
|rated|
|rule|HP Percentage Mod: HP is shown in percentages
|rule|Endless Battle Clause: Forcing endless battles is banned
|rule|Species Clause: Limit one of each Pokémon
|rule|OHKO Clause: OHKO moves are banned
|rule|Evasion Items Clause: Evasion items are banned
|rule|Evasion Moves Clause: Evasion moves are banned
|rule|Evasion Abilities Clause: Evasion abilities are banned
|rule|Sleep Moves Clause: Sleep-inducing moves are banned
|clearpoke
|poke|p1|Tyranitar, F|
|poke|p1|Hydrapple, F|
|poke|p1|Enamorus, F|
|poke|p1|Garganacl, M|
|poke|p1|Excadrill, M|
|poke|p1|Alomomola, M|
|poke|p2|Iron Moth|
|poke|p2|Samurott-Hisui, F|
|poke|p2|Glimmora, F|
|poke|p2|Ogerpon, F|
|poke|p2|Hatterene, F|
|poke|p2|Dragapult, F|
|teampreview
|inactive|Battle timer is ON: inactive players will automatically lose when time's up. (requested by 1alphq)
|
|t:|1769317707
|teamsize|p1|6
|teamsize|p2|6
|start
|switch|p1a: Tyranitar|Tyranitar, F|100/100
|switch|p2a: Glimmora|Glimmora, F|100/100
|-item|p2a: Glimmora|Air Balloon
|-weather|Sandstorm|[from] ability: Sand Stream|[of] p1a: Tyranitar
|turn|1
|
|t:|1769317721
|move|p2a: Glimmora|Stealth Rock|p1a: Tyranitar
|-sidestart|p1: tailspike|move: Stealth Rock
|move|p1a: Tyranitar|Knock Off|p2a: Glimmora
|-damage|p2a: Glimmora|12/100
|-activate|p2a: Glimmora|ability: Toxic Debris
|-sidestart|p1: tailspike|move: Toxic Spikes
|-enditem|p2a: Glimmora|Air Balloon
|
|-weather|Sandstorm|[upkeep]
|upkeep
|turn|2
|
|t:|1769317733
|switch|p1a: Excadrill|Excadrill, M|100/100
|-damage|p1a: Excadrill|97/100|[from] Stealth Rock
|move|p2a: Glimmora|Earth Power|p1a: Excadrill
|-supereffective|p1a: Excadrill
|-damage|p1a: Excadrill|27/100
|
|-weather|Sandstorm|[upkeep]
|-heal|p1a: Excadrill|33/100|[from] item: Leftovers
|upkeep
|turn|3
|
|t:|1769317745
|move|p1a: Excadrill|Rapid Spin|p2a: Glimmora
|-resisted|p2a: Glimmora
|-damage|p2a: Glimmora|4/100
|-boost|p1a: Excadrill|spe|1
|-activate|p2a: Glimmora|ability: Toxic Debris
|-sidestart|p1: tailspike|move: Toxic Spikes
|-sideend|p1: tailspike|Toxic Spikes|[from] move: Rapid Spin|[of] p1a: Excadrill
|-sideend|p1: tailspike|Stealth Rock|[from] move: Rapid Spin|[of] p1a: Excadrill
|move|p2a: Glimmora|Earth Power|p1a: Excadrill
|-supereffective|p1a: Excadrill
|-damage|p1a: Excadrill|0 fnt
|faint|p1a: Excadrill
|
|-weather|Sandstorm|[upkeep]
|upkeep
|
|t:|1769317753
|switch|p1a: Enamorus|Enamorus, F|100/100
|turn|4
|
|t:|1769317757
|switch|p2a: Hatterene|Hatterene, F|100/100
|move|p1a: Enamorus|Moonblast|p2a: Hatterene
|-damage|p2a: Hatterene|59/100
|-unboost|p2a: Hatterene|spa|1
|
|-weather|Sandstorm|[upkeep]
|-damage|p1a: Enamorus|94/100|[from] Sandstorm
|-damage|p2a: Hatterene|53/100|[from] Sandstorm
|upkeep
|turn|5
|
|t:|1769317763
|move|p1a: Enamorus|Moonblast|p2a: Hatterene
|-damage|p2a: Hatterene|15/100
|move|p2a: Hatterene|Nuzzle|p1a: Enamorus
|-supereffective|p1a: Enamorus
|-damage|p1a: Enamorus|80/100
|-status|p1a: Enamorus|par
|
|-weather|none
|upkeep
|turn|6
|
|t:|1769317782
|move|p1a: Enamorus|Moonblast|p2a: Hatterene
|-damage|p2a: Hatterene|0 fnt
|faint|p2a: Hatterene
|
|upkeep
|
|t:|1769317790
|switch|p2a: Iron Moth|Iron Moth|100/100
|-enditem|p2a: Iron Moth|Booster Energy
|-activate|p2a: Iron Moth|ability: Quark Drive|[fromitem]
|-start|p2a: Iron Moth|quarkdrivespa
|turn|7
|
|t:|1769317799
|switch|p1a: Garganacl|Garganacl, M|100/100
|move|p2a: Iron Moth|Fiery Dance|p1a: Garganacl
|-resisted|p1a: Garganacl
|-damage|p1a: Garganacl|81/100
|
|-heal|p1a: Garganacl|87/100|[from] item: Leftovers
|upkeep
|turn|8
|
|t:|1769317808
|-end|p2a: Iron Moth|Quark Drive|[silent]
|switch|p2a: Samurott|Samurott-Hisui, F|100/100
|move|p1a: Garganacl|Salt Cure|p2a: Samurott
|-damage|p2a: Samurott|82/100
|-start|p2a: Samurott|Salt Cure
|
|-heal|p1a: Garganacl|94/100|[from] item: Leftovers
|-damage|p2a: Samurott|57/100|[from] Salt Cure
|upkeep
|turn|9
|
|t:|1769317813
|switch|p1a: Hydrapple|Hydrapple, F|100/100
|move|p2a: Samurott|Ceaseless Edge|p1a: Hydrapple
|-damage|p1a: Hydrapple|74/100
|-damage|p2a: Samurott|40/100|[from] item: Rocky Helmet|[of] p1a: Hydrapple
|-sidestart|p1: tailspike|Spikes
|
|-damage|p2a: Samurott|15/100|[from] Salt Cure
|upkeep
|turn|10
|
|t:|1769317821
|move|p2a: Samurott|Ceaseless Edge|p1a: Hydrapple
|-damage|p1a: Hydrapple|50/100
|-damage|p2a: Samurott|0 fnt|[from] item: Rocky Helmet|[of] p1a: Hydrapple
|faint|p2a: Samurott
|move|p1a: Hydrapple|Nasty Plot|p1a: Hydrapple
|-boost|p1a: Hydrapple|spa|2
|
|upkeep
|
|t:|1769317838
|switch|p2a: Glimmora|Glimmora, F|4/100
|turn|11
|
|t:|1769317856
|-terastallize|p1a: Hydrapple|Poison
|move|p2a: Glimmora|Stealth Rock|p1a: Hydrapple
|-sidestart|p1: tailspike|move: Stealth Rock
|move|p1a: Hydrapple|Giga Drain|p2a: Glimmora
|-damage|p2a: Glimmora|0 fnt
|-heal|p1a: Hydrapple|51/100|[from] drain|[of] p2a: Glimmora
|faint|p2a: Glimmora
|
|upkeep
|
|t:|1769317865
|switch|p2a: Iron Moth|Iron Moth|100/100
|turn|12
|
|t:|1769317873
|move|p2a: Iron Moth|Psychic|p1a: Hydrapple
|-supereffective|p1a: Hydrapple
|-damage|p1a: Hydrapple|0 fnt
|faint|p1a: Hydrapple
|
|upkeep
|
|t:|1769317883
|switch|p1a: Alomomola|Alomomola, M|100/100
|-damage|p1a: Alomomola|88/100|[from] Spikes
|-damage|p1a: Alomomola|76/100|[from] Stealth Rock
|turn|13
|
|t:|1769317894
|-end|p2a: Iron Moth|Quark Drive|[silent]
|switch|p2a: Ogerpon|Ogerpon, F|100/100
|move|p1a: Alomomola|Body Slam|p2a: Ogerpon
|-damage|p2a: Ogerpon|80/100
|-status|p2a: Ogerpon|par
|
|upkeep
|turn|14
|
|t:|1769317911
|switch|p1a: Enamorus|Enamorus, F|80/100 par
|-damage|p1a: Enamorus|56/100 par|[from] Stealth Rock
|move|p2a: Ogerpon|Ivy Cudgel|p1a: Enamorus
|-resisted|p1a: Enamorus
|-damage|p1a: Enamorus|0 fnt
|faint|p1a: Enamorus
|
|upkeep
|
|t:|1769317922
|switch|p1a: Tyranitar|Tyranitar, F|100/100
|-damage|p1a: Tyranitar|88/100|[from] Spikes
|-damage|p1a: Tyranitar|76/100|[from] Stealth Rock
|-weather|Sandstorm|[from] ability: Sand Stream|[of] p1a: Tyranitar
|turn|15
|
|t:|1769317939
|-terastallize|p2a: Ogerpon|Grass
|detailschange|p2a: Ogerpon|Ogerpon-Teal-Tera, F, tera:Grass
|-ability|p2a: Ogerpon|Embody Aspect (Teal)|boost
|-boost|p2a: Ogerpon|spe|1
|cant|p2a: Ogerpon|par
|move|p1a: Tyranitar|Knock Off|p2a: Ogerpon
|-crit|p2a: Ogerpon
|-damage|p2a: Ogerpon|0 fnt
|-enditem|p2a: Ogerpon|Choice Band|[from] move: Knock Off|[of] p1a: Tyranitar
|faint|p2a: Ogerpon
|detailschange|p2: Ogerpon|Ogerpon, F|[silent]
|
|-weather|Sandstorm|[upkeep]
|upkeep
|
|t:|1769317949
|switch|p2a: Dragapult|Dragapult, F|100/100
|turn|16
|
|t:|1769317955
|move|p2a: Dragapult|Will-O-Wisp|p1a: Tyranitar|[miss]
|-miss|p2a: Dragapult|p1a: Tyranitar
|move|p1a: Tyranitar|Knock Off|p2a: Dragapult
|-supereffective|p2a: Dragapult
|-damage|p2a: Dragapult|0 fnt
|-enditem|p2a: Dragapult|Heavy-Duty Boots|[from] move: Knock Off|[of] p1a: Tyranitar
|faint|p2a: Dragapult
|
|-weather|Sandstorm|[upkeep]
|upkeep
|
|t:|1769317958
|switch|p2a: Iron Moth|Iron Moth|100/100
|turn|17
|-message|1alphq forfeited.
|
|win|tailspike
|raw|tailspike's rating: 1285 &rarr; <strong>1313</strong><br />(+28 for winning)
|raw|1alphq's rating: 1322 &rarr; <strong>1300</strong><br />(-22 for losing)
|l|☆1alphq
|player|p2|
|l|☆tailspike
|player|p1|
