|j|☆topmanbladee
|j|☆zong200
|t:|1769321257
|gametype|singles
|player|p1|topmanbladee|169|1766
|player|p2|zong200|iono-masters|1667
|gen|9
|tier|[Gen 9] OU
|rated|
|rule|HP Percentage Mod: HP is shown in percentages
|rule|Endless Battle Clause: Forcing endless battles is banned
|rule|Species Clause: Limit one of each Pokémon
|rule|OHKO Clause: OHKO moves are banned
|rule|Evasion Items Clause: Evasion items are banned
|rule|Evasion Moves Clause: Evasion moves are banned
|rule|Evasion Abilities Clause: Evasion abilities are banned
|rule|Sleep Moves Clause: Sleep-inducing moves are banned
|clearpoke
|poke|p1|Kyurem|
|poke|p1|Cinderace, M|
|poke|p1|Tornadus-Therian, M|
|poke|p1|Hatterene, F|
|poke|p1|Great Tusk|
|poke|p1|Kingambit, F|
|poke|p2|Zapdos|
|poke|p2|Iron Crown|
|poke|p2|Garganacl, F|
|poke|p2|Great Tusk|
|poke|p2|Samurott-Hisui, F|
|poke|p2|Dragapult, M|
|teampreview
|inactive|Battle timer is ON: inactive players will automatically lose when time's up. (requested by topmanbladee)
|
|t:|1769321264
|teamsize|p1|6
|teamsize|p2|6
|start
|switch|p1a: Kyurem|Kyurem|100/100
|switch|p2a: Dragapult|Dragapult, M|100/100
|-ability|p1a: Kyurem|Pressure
|turn|1
|
|t:|1769321267
|switch|p1a: Tornadus|Tornadus-Therian, M|100/100
|move|p2a: Dragapult|U-turn|p1a: Tornadus
|-resisted|p1a: Tornadus
|-damage|p1a: Tornadus|91/100
|
|t:|1769321271
|switch|p2a: Zapdos|Zapdos|100/100|[from] U-turn
|
|upkeep
|turn|2
|
|t:|1769321278
|move|p1a: Tornadus|Knock Off|p2a: Zapdos
|-damage|p2a: Zapdos|87/100
|-enditem|p2a: Zapdos|Heavy-Duty Boots|[from] move: Knock Off|[of] p1a: Tornadus
|move|p2a: Zapdos|Thunder Wave|p1a: Tornadus
|-status|p1a: Tornadus|par
|
|upkeep
|turn|3
|
|t:|1769321286
|move|p2a: Zapdos|Volt Switch|p1a: Tornadus
|-supereffective|p1a: Tornadus
|-damage|p1a: Tornadus|53/100 par
|j| 304Collector
|
|t:|1769321290
|switch|p2a: Great Tusk|Great Tusk|100/100|[from] Volt Switch
|move|p1a: Tornadus|U-turn|p2a: Great Tusk
|-resisted|p2a: Great Tusk
|-damage|p2a: Great Tusk|96/100
|-damage|p1a: Tornadus|36/100 par|[from] item: Rocky Helmet|[of] p2a: Great Tusk
|
|t:|1769321293
|switch|p1a: Kyurem|Kyurem|100/100|[from] U-turn
|-ability|p1a: Kyurem|Pressure
|
|upkeep
|turn|4
|
|t:|1769321299
|-end|p2a: Great Tusk|Protosynthesis|[silent]
|switch|p2a: Iron Crown|Iron Crown|100/100
|move|p1a: Kyurem|Freeze-Dry|p2a: Iron Crown
|-resisted|p2a: Iron Crown
|-damage|p2a: Iron Crown|73/100
|-status|p2a: Iron Crown|frz
|
|upkeep
|turn|5
|
|t:|1769321301
|switch|p1a: Cinderace|Cinderace, M|100/100
|cant|p2a: Iron Crown|frz
|
|upkeep
|turn|6
|
|t:|1769321305
|-end|p2a: Iron Crown|Quark Drive|[silent]
|switch|p2a: Zapdos|Zapdos|87/100
|move|p1a: Cinderace|Pyro Ball|p2a: Zapdos
|-damage|p2a: Zapdos|46/100
|-status|p2a: Zapdos|brn
|
|-damage|p2a: Zapdos|40/100 brn|[from] brn
|upkeep
|turn|7
|
|t:|1769321307
|move|p1a: Cinderace|Pyro Ball|p2a: Zapdos
|-damage|p2a: Zapdos|0 fnt
|faint|p2a: Zapdos
|
|upkeep
|
|t:|1769321310
|switch|p2a: Great Tusk|Great Tusk|96/100
|turn|8
|
|t:|1769321314
|switch|p1a: Hatterene|Hatterene, F|100/100
|move|p2a: Great Tusk|Headlong Rush|p1a: Hatterene
|-damage|p1a: Hatterene|49/100
|-unboost|p2a: Great Tusk|def|1
|-unboost|p2a: Great Tusk|spd|1
|
|-heal|p1a: Hatterene|55/100|[from] item: Leftovers
|upkeep
|turn|9
|
|t:|1769321317
|-end|p2a: Great Tusk|Protosynthesis|[silent]
|switch|p2a: Iron Crown|Iron Crown|73/100 frz
|move|p1a: Hatterene|Draining Kiss|p2a: Iron Crown
|-resisted|p2a: Iron Crown
|-crit|p2a: Iron Crown
|-damage|p2a: Iron Crown|56/100 frz
|-heal|p1a: Hatterene|69/100|[from] drain|[of] p2a: Iron Crown
|
|-heal|p1a: Hatterene|75/100|[from] item: Leftovers
|upkeep
|turn|10
|
|t:|1769321321
|switch|p1a: Cinderace|Cinderace, M|100/100
|cant|p2a: Iron Crown|frz
|
|upkeep
|turn|11
|
|t:|1769321325
|-end|p2a: Iron Crown|Quark Drive|[silent]
|switch|p2a: Great Tusk|Great Tusk|96/100
|move|p1a: Cinderace|Pyro Ball|p2a: Great Tusk
|-damage|p2a: Great Tusk|53/100
|
|upkeep
|turn|12
|
|t:|1769321338
|switch|p1a: Tornadus|Tornadus-Therian, M|69/100 par
|move|p2a: Great Tusk|Headlong Rush|p1a: Tornadus
|-immune|p1a: Tornadus
|
|upkeep
|turn|13
|
|t:|1769321343
|switch|p1a: Hatterene|Hatterene, F|75/100
|move|p2a: Great Tusk|Ice Spinner|p1a: Hatterene
|-damage|p1a: Hatterene|53/100
|
|-heal|p1a: Hatterene|59/100|[from] item: Leftovers
|upkeep
|turn|14
|
|t:|1769321346
|move|p2a: Great Tusk|Headlong Rush|p1a: Hatterene
|-damage|p1a: Hatterene|9/100
|-unboost|p2a: Great Tusk|def|1
|-unboost|p2a: Great Tusk|spd|1
|move|p1a: Hatterene|Draining Kiss|p2a: Great Tusk
|-supereffective|p2a: Great Tusk
|-damage|p2a: Great Tusk|0 fnt
|-heal|p1a: Hatterene|55/100|[from] drain|[of] p2a: Great Tusk
|-damage|p1a: Hatterene|39/100|[from] item: Rocky Helmet|[of] p2a: Great Tusk
|faint|p2a: Great Tusk
|-end|p2a: Great Tusk|Protosynthesis|[silent]
|
|-heal|p1a: Hatterene|45/100|[from] item: Leftovers
|upkeep
|
|t:|1769321349
|switch|p2a: Iron Crown|Iron Crown|56/100 frz
|turn|15
|
|t:|1769321351
|switch|p1a: Cinderace|Cinderace, M|100/100
|cant|p2a: Iron Crown|frz
|
|upkeep
|turn|16
|
|t:|1769321352
|move|p1a: Cinderace|Pyro Ball|p2a: Iron Crown
|-supereffective|p2a: Iron Crown
|-damage|p2a: Iron Crown|0 fnt
|faint|p2a: Iron Crown
|-end|p2a: Iron Crown|Quark Drive|[silent]
|
|upkeep
|
|t:|1769321354
|switch|p2a: Samurott|Samurott-Hisui, F|100/100
|turn|17
|
|t:|1769321356
|move|p1a: Cinderace|U-turn|p2a: Samurott
|-start|p1a: Cinderace|typechange|Bug|[from] ability: Libero
|-supereffective|p2a: Samurott
|-damage|p2a: Samurott|25/100
|
|t:|1769321358
|switch|p1a: Great Tusk|Great Tusk|100/100|[from] U-turn
|move|p2a: Samurott|Razor Shell|p1a: Great Tusk
|-supereffective|p1a: Great Tusk
|-damage|p1a: Great Tusk|39/100
|-damage|p2a: Samurott|8/100|[from] item: Rocky Helmet|[of] p1a: Great Tusk
|
|upkeep
|turn|18
|
|t:|1769321360
|move|p1a: Great Tusk|Stealth Rock|p2a: Samurott
|-sidestart|p2: zong200|move: Stealth Rock
|move|p2a: Samurott|Razor Shell|p1a: Great Tusk
|-supereffective|p1a: Great Tusk
|-crit|p1a: Great Tusk
|-damage|p1a: Great Tusk|0 fnt
|-damage|p2a: Samurott|0 fnt|[from] item: Rocky Helmet|[of] p1a: Great Tusk
|faint|p1a: Great Tusk
|-end|p1a: Great Tusk|Protosynthesis|[silent]
|faint|p2a: Samurott
|
|upkeep
|
|t:|1769321366
|switch|p1a: Kyurem|Kyurem|100/100
|switch|p2a: Dragapult|Dragapult, M|100/100
|-ability|p1a: Kyurem|Pressure
|turn|19
|
|t:|1769321392
|-terastallize|p1a: Kyurem|Fairy
|move|p2a: Dragapult|Draco Meteor|p1a: Kyurem
|-immune|p1a: Kyurem
|move|p1a: Kyurem|Freeze-Dry|p2a: Dragapult
|-supereffective|p2a: Dragapult
|-damage|p2a: Dragapult|0 fnt
|faint|p2a: Dragapult
|
|upkeep
|
|t:|1769321393
|switch|p2a: Garganacl|Garganacl, F|100/100
|-damage|p2a: Garganacl|88/100|[from] Stealth Rock
|turn|20
|
|t:|1769321397
|switch|p1a: Tornadus|Tornadus-Therian, M|100/100 par
|move|p2a: Garganacl|Curse|p2a: Garganacl
|-unboost|p2a: Garganacl|spe|1
|-boost|p2a: Garganacl|atk|1
|-boost|p2a: Garganacl|def|1
|
|-heal|p2a: Garganacl|94/100|[from] item: Leftovers
|upkeep
|turn|21
|
|t:|1769321413
|move|p1a: Tornadus|Knock Off|p2a: Garganacl
|-damage|p2a: Garganacl|85/100
|-enditem|p2a: Garganacl|Leftovers|[from] move: Knock Off|[of] p1a: Tornadus
|move|p2a: Garganacl|Curse|p2a: Garganacl
|-unboost|p2a: Garganacl|spe|1
|-boost|p2a: Garganacl|atk|1
|-boost|p2a: Garganacl|def|1
|
|upkeep
|turn|22
|
|t:|1769321416
|move|p1a: Tornadus|U-turn|p2a: Garganacl
|-damage|p2a: Garganacl|80/100
|
|t:|1769321417
|switch|p1a: Hatterene|Hatterene, F|45/100|[from] U-turn
|move|p2a: Garganacl|Recover|p2a: Garganacl
|-heal|p2a: Garganacl|100/100
|
|-heal|p1a: Hatterene|51/100|[from] item: Leftovers
|upkeep
|turn|23
|
|t:|1769321422
|move|p1a: Hatterene|Pain Split|p2a: Garganacl
|-sethp|p2a: Garganacl|70/100|[from] move: Pain Split|[silent]
|-sethp|p1a: Hatterene|89/100|[from] move: Pain Split
|move|p2a: Garganacl|Salt Cure|p1a: Hatterene
|-damage|p1a: Hatterene|68/100
|-start|p1a: Hatterene|Salt Cure
|
|-heal|p1a: Hatterene|74/100|[from] item: Leftovers
|-damage|p1a: Hatterene|61/100|[from] Salt Cure
|upkeep
|turn|24
|
|t:|1769321425
|move|p1a: Hatterene|Psychic Noise|p2a: Garganacl
|-crit|p2a: Garganacl
|-damage|p2a: Garganacl|37/100
|-start|p2a: Garganacl|move: Heal Block
|cant|p2a: Garganacl|move: Heal Block|Recover
|
|-heal|p1a: Hatterene|67/100|[from] item: Leftovers
|-damage|p1a: Hatterene|55/100|[from] Salt Cure
|upkeep
|turn|25
|
|t:|1769321429
|move|p1a: Hatterene|Psychic Noise|p2a: Garganacl
|-damage|p2a: Garganacl|14/100
|move|p2a: Garganacl|Salt Cure|p1a: Hatterene
|-damage|p1a: Hatterene|30/100
|
|-heal|p1a: Hatterene|36/100|[from] item: Leftovers
|-damage|p1a: Hatterene|24/100|[from] Salt Cure
|-end|p2a: Garganacl|move: Heal Block
|upkeep
|turn|26
|
|t:|1769321432
|move|p1a: Hatterene|Psychic Noise|p2a: Garganacl
|-damage|p2a: Garganacl|0 fnt
|faint|p2a: Garganacl
|
|win|topmanbladee
|raw|topmanbladee's rating: 1766 &rarr; <strong>1779</strong><br />(+13 for winning)
|raw|zong200's rating: 1648 &rarr; <strong>1635</strong><br />(-13 for losing)
|l|☆topmanbladee
|player|p1|
