|j|☆aver_stall_enjoyer
|j|☆Johnny tots
|t:|1769389206
|gametype|singles
|player|p1|aver_stall_enjoyer|dawn|1774
|player|p2|Johnny tots|169|1829
|gen|9
|tier|[Gen 9] OU
|rated|
|rule|HP Percentage Mod: HP is shown in percentages
|rule|Endless Battle Clause: Forcing endless battles is banned
|rule|Species Clause: Limit one of each Pokémon
|rule|OHKO Clause: OHKO moves are banned
|rule|Evasion Items Clause: Evasion items are banned
|rule|Evasion Moves Clause: Evasion moves are banned
|rule|Evasion Abilities Clause: Evasion abilities are banned
|rule|Sleep Moves Clause: Sleep-inducing moves are banned
|clearpoke
|poke|p1|Dondozo, F|
|poke|p1|Blissey, F|
|poke|p1|Corviknight, M|
|poke|p1|Gliscor, M|
|poke|p1|Kingambit, F|
|poke|p1|Garganacl, M|
|poke|p2|Rillaboom, F|
|poke|p2|Klefki, M|
|poke|p2|Manaphy|
|poke|p2|Ogerpon-Wellspring, F|
|poke|p2|Maushold-Four|
|poke|p2|Clefable, F|
|teampreview
|inactive|Battle timer is ON: inactive players will automatically lose when time's up. (requested by aver_stall_enjoyer)
|
|t:|1769389219
|teamsize|p1|6
|teamsize|p2|6
|start
|switch|p1a: Garganacl|Garganacl, M|100/100
|switch|p2a: Rillaboom|Rillaboom, F|100/100
|-fieldstart|move: Grassy Terrain|[from] ability: Grassy Surge|[of] p2a: Rillaboom
|turn|1
|
|t:|1769389224
|switch|p1a: Corviknight|Corviknight, M|100/100
|-ability|p1a: Corviknight|Pressure
|move|p2a: Rillaboom|Bulk Up|p2a: Rillaboom
|-boost|p2a: Rillaboom|atk|1
|-boost|p2a: Rillaboom|def|1
|
|upkeep
|turn|2
|
|t:|1769389227
|move|p2a: Rillaboom|Knock Off|p1a: Corviknight
|-damage|p1a: Corviknight|70/100
|-damage|p2a: Rillaboom|84/100|[from] item: Rocky Helmet|[of] p1a: Corviknight
|-enditem|p1a: Corviknight|Rocky Helmet|[from] move: Knock Off|[of] p2a: Rillaboom
|move|p1a: Corviknight|Iron Defense|p1a: Corviknight
|-boost|p1a: Corviknight|def|2
|
|-heal|p2a: Rillaboom|90/100|[from] Grassy Terrain
|upkeep
|turn|3
|
|t:|1769389233
|switch|p2a: Klefki|Klefki, M|100/100
|move|p1a: Corviknight|Body Press|p2a: Klefki
|-damage|p2a: Klefki|55/100
|
|-heal|p2a: Klefki|61/100|[from] Grassy Terrain
|upkeep
|turn|4
|
|t:|1769389241
|move|p2a: Klefki|Reflect|p2a: Klefki
|-sidestart|p2: Johnny tots|Reflect
|move|p1a: Corviknight|Body Press|p2a: Klefki
|-damage|p2a: Klefki|39/100
|
|-heal|p2a: Klefki|45/100|[from] Grassy Terrain
|upkeep
|turn|5
|
|t:|1769389247
|move|p2a: Klefki|Thunder Wave|p1a: Corviknight
|-status|p1a: Corviknight|par
|move|p1a: Corviknight|Defog|p2a: Klefki
|-unboost|p2a: Klefki|evasion|1
|-sideend|p2: Johnny tots|Reflect
|-fieldend|move: Grassy Terrain
|
|upkeep
|turn|6
|
|t:|1769389251
|move|p2a: Klefki|Reflect|p2a: Klefki
|-sidestart|p2: Johnny tots|Reflect
|move|p1a: Corviknight|Body Press|p2a: Klefki
|-damage|p2a: Klefki|23/100
|
|upkeep
|turn|7
|
|t:|1769389256
|switch|p2a: Maushold|Maushold-Four|100/100
|move|p1a: Corviknight|Defog|p2a: Maushold
|-unboost|p2a: Maushold|evasion|1
|-sideend|p2: Johnny tots|Reflect
|
|upkeep
|turn|8
|
|t:|1769389264
|switch|p1a: Garganacl|Garganacl, M|100/100
|move|p2a: Maushold|Encore||[still]
|-fail|p2a: Maushold
|
|upkeep
|turn|9
|
|t:|1769389267
|switch|p2a: Rillaboom|Rillaboom, F|90/100
|-fieldstart|move: Grassy Terrain|[from] ability: Grassy Surge|[of] p2a: Rillaboom
|move|p1a: Garganacl|Salt Cure|p2a: Rillaboom
|-damage|p2a: Rillaboom|76/100
|-start|p2a: Rillaboom|Salt Cure
|
|-heal|p2a: Rillaboom|82/100|[from] Grassy Terrain
|-damage|p2a: Rillaboom|70/100|[from] Salt Cure
|upkeep
|turn|10
|
|t:|1769389274
|switch|p2a: Clefable|Clefable, F|100/100
|move|p1a: Garganacl|Protect||[still]
|-fail|p1a: Garganacl
|
|upkeep
|turn|11
|
|t:|1769389279
|move|p2a: Clefable|Calm Mind|p2a: Clefable
|-boost|p2a: Clefable|spa|1
|-boost|p2a: Clefable|spd|1
|move|p1a: Garganacl|Stealth Rock|p2a: Clefable
|-sidestart|p2: Johnny tots|move: Stealth Rock
|
|upkeep
|turn|12
|
|t:|1769389285
|switch|p1a: Joseph Stallin|Blissey, F|100/100
|move|p2a: Clefable|Calm Mind|p2a: Clefable
|-boost|p2a: Clefable|spa|1
|-boost|p2a: Clefable|spd|1
|
|upkeep
|turn|13
|
|t:|1769389288
|move|p2a: Clefable|Moonblast|p1a: Joseph Stallin
|-damage|p1a: Joseph Stallin|74/100
|move|p1a: Joseph Stallin|Thunder Wave|p2a: Clefable
|-status|p2a: Clefable|par
|
|-heal|p1a: Joseph Stallin|80/100|[from] Grassy Terrain
|upkeep
|turn|14
|
|t:|1769389291
|move|p1a: Joseph Stallin|Calm Mind|p1a: Joseph Stallin
|-boost|p1a: Joseph Stallin|spa|1
|-boost|p1a: Joseph Stallin|spd|1
|move|p2a: Clefable|Calm Mind|p2a: Clefable
|-boost|p2a: Clefable|spa|1
|-boost|p2a: Clefable|spd|1
|
|-heal|p1a: Joseph Stallin|86/100|[from] Grassy Terrain
|upkeep
|turn|15
|
|t:|1769389293
|move|p1a: Joseph Stallin|Calm Mind|p1a: Joseph Stallin
|-boost|p1a: Joseph Stallin|spa|1
|-boost|p1a: Joseph Stallin|spd|1
|move|p2a: Clefable|Calm Mind|p2a: Clefable
|-boost|p2a: Clefable|spa|1
|-boost|p2a: Clefable|spd|1
|
|-heal|p1a: Joseph Stallin|93/100|[from] Grassy Terrain
|upkeep
|turn|16
|
|t:|1769389295
|move|p1a: Joseph Stallin|Calm Mind|p1a: Joseph Stallin
|-boost|p1a: Joseph Stallin|spa|1
|-boost|p1a: Joseph Stallin|spd|1
|cant|p2a: Clefable|par
|
|-heal|p1a: Joseph Stallin|99/100|[from] Grassy Terrain
|-fieldend|move: Grassy Terrain
|upkeep
|turn|17
|
|t:|1769389298
|move|p1a: Joseph Stallin|Calm Mind|p1a: Joseph Stallin
|-boost|p1a: Joseph Stallin|spa|1
|-boost|p1a: Joseph Stallin|spd|1
|move|p2a: Clefable|Calm Mind|p2a: Clefable
|-boost|p2a: Clefable|spa|1
|-boost|p2a: Clefable|spd|1
|
|upkeep
|turn|18
|
|t:|1769389300
|move|p1a: Joseph Stallin|Calm Mind|p1a: Joseph Stallin
|-boost|p1a: Joseph Stallin|spa|1
|-boost|p1a: Joseph Stallin|spd|1
|move|p2a: Clefable|Calm Mind|p2a: Clefable
|-boost|p2a: Clefable|spa|1
|-boost|p2a: Clefable|spd|1
|
|upkeep
|turn|19
|
|t:|1769389302
|move|p1a: Joseph Stallin|Calm Mind|p1a: Joseph Stallin
|-boost|p1a: Joseph Stallin|spa|1
|-boost|p1a: Joseph Stallin|spd|1
|move|p2a: Clefable|Psyshock|p1a: Joseph Stallin
|-damage|p1a: Joseph Stallin|5/100
|
|upkeep
|turn|20
|
|t:|1769389311
|-terastallize|p1a: Joseph Stallin|Dark
|move|p1a: Joseph Stallin|Soft-Boiled|p1a: Joseph Stallin
|-heal|p1a: Joseph Stallin|55/100
|move|p2a: Clefable|Moonblast|p1a: Joseph Stallin
|-supereffective|p1a: Joseph Stallin
|-damage|p1a: Joseph Stallin|31/100
|
|upkeep
|turn|21
|
|t:|1769389319
|move|p1a: Joseph Stallin|Soft-Boiled|p1a: Joseph Stallin
|-heal|p1a: Joseph Stallin|81/100
|move|p2a: Clefable|Moonblast|p1a: Joseph Stallin
|-supereffective|p1a: Joseph Stallin
|-crit|p1a: Joseph Stallin
|-damage|p1a: Joseph Stallin|0 fnt
|faint|p1a: Joseph Stallin
|
|upkeep
|
|t:|1769389334
|switch|p1a: Dondozo|Dondozo, F|100/100
|turn|22
|
|t:|1769389339
|cant|p2a: Clefable|par
|move|p1a: Dondozo|Avalanche|p2a: Clefable
|-damage|p2a: Clefable|88/100 par
|
|-heal|p2a: Clefable|94/100 par|[from] item: Leftovers
|upkeep
|turn|23
|
|t:|1769389342
|move|p2a: Clefable|Moonblast|p1a: Dondozo
|-damage|p1a: Dondozo|64/100
|move|p1a: Dondozo|Avalanche|p2a: Clefable
|-damage|p2a: Clefable|68/100 par
|
|-heal|p2a: Clefable|74/100 par|[from] item: Leftovers
|upkeep
|turn|24
|
|t:|1769389346
|move|p2a: Clefable|Moonblast|p1a: Dondozo
|-damage|p1a: Dondozo|25/100
|move|p1a: Dondozo|Avalanche|p2a: Clefable
|-damage|p2a: Clefable|48/100 par
|
|-heal|p2a: Clefable|54/100 par|[from] item: Leftovers
|upkeep
|turn|25
|
|t:|1769389364
|switch|p2a: Rillaboom|Rillaboom, F|70/100
|-damage|p2a: Rillaboom|58/100|[from] Stealth Rock
|-fieldstart|move: Grassy Terrain|[from] ability: Grassy Surge|[of] p2a: Rillaboom
|move|p1a: Dondozo|Rest|p1a: Dondozo
|-status|p1a: Dondozo|slp|[from] move: Rest
|-heal|p1a: Dondozo|100/100 slp|[silent]
|
|-heal|p2a: Rillaboom|64/100|[from] Grassy Terrain
|upkeep
|turn|26
|
|t:|1769389372
|switch|p2a: Maushold|Maushold-Four|100/100
|-damage|p2a: Maushold|88/100|[from] Stealth Rock
|switch|p1a: Corviknight|Corviknight, M|70/100 par
|-ability|p1a: Corviknight|Pressure
|
|-heal|p2a: Maushold|94/100|[from] Grassy Terrain
|upkeep
|turn|27
|
|t:|1769389376
|move|p2a: Maushold|Tidy Up|p2a: Maushold
|-sideend|p2: Johnny tots|Stealth Rock
|-activate|p2a: Maushold|move: Tidy Up
|-boost|p2a: Maushold|atk|1
|-boost|p2a: Maushold|spe|1
|move|p1a: Corviknight|Body Press|p2a: Maushold
|-supereffective|p2a: Maushold
|-damage|p2a: Maushold|14/100
|
|-heal|p2a: Maushold|20/100|[from] Grassy Terrain
|upkeep
|turn|28
|
|t:|1769389382
|move|p2a: Maushold|Population Bomb|p1a: Corviknight
|-resisted|p1a: Corviknight
|-damage|p1a: Corviknight|65/100 par
|-resisted|p1a: Corviknight
|-damage|p1a: Corviknight|59/100 par
|-resisted|p1a: Corviknight
|-damage|p1a: Corviknight|53/100 par
|-resisted|p1a: Corviknight
|-damage|p1a: Corviknight|48/100 par
|-resisted|p1a: Corviknight
|-damage|p1a: Corviknight|42/100 par
|-resisted|p1a: Corviknight
|-damage|p1a: Corviknight|37/100 par
|-resisted|p1a: Corviknight
|-damage|p1a: Corviknight|31/100 par
|-resisted|p1a: Corviknight
|-damage|p1a: Corviknight|25/100 par
|-resisted|p1a: Corviknight
|-damage|p1a: Corviknight|19/100 par
|-resisted|p1a: Corviknight
|-damage|p1a: Corviknight|14/100 par
|-hitcount|p1a: Corviknight|10
|move|p1a: Corviknight|Roost|p1a: Corviknight
|-heal|p1a: Corviknight|64/100 par
|-singleturn|p1a: Corviknight|move: Roost
|
|-heal|p2a: Maushold|26/100|[from] Grassy Terrain
|-heal|p1a: Corviknight|71/100 par|[from] Grassy Terrain
|upkeep
|turn|29
|
|t:|1769389392
|switch|p1a: Garganacl|Garganacl, M|100/100
|move|p2a: Maushold|Population Bomb|p1a: Garganacl
|-resisted|p1a: Garganacl
|-damage|p1a: Garganacl|94/100
|-resisted|p1a: Garganacl
|-damage|p1a: Garganacl|89/100
|-resisted|p1a: Garganacl
|-damage|p1a: Garganacl|82/100
|-resisted|p1a: Garganacl
|-damage|p1a: Garganacl|76/100
|-resisted|p1a: Garganacl
|-damage|p1a: Garganacl|70/100
|-resisted|p1a: Garganacl
|-damage|p1a: Garganacl|65/100
|-resisted|p1a: Garganacl
|-damage|p1a: Garganacl|59/100
|-resisted|p1a: Garganacl
|-crit|p1a: Garganacl
|-damage|p1a: Garganacl|51/100
|-resisted|p1a: Garganacl
|-damage|p1a: Garganacl|45/100
|-resisted|p1a: Garganacl
|-damage|p1a: Garganacl|39/100
|-hitcount|p1a: Garganacl|10
|
|-heal|p2a: Maushold|32/100|[from] Grassy Terrain
|-heal|p1a: Garganacl|45/100|[from] Grassy Terrain
|-heal|p1a: Garganacl|51/100|[from] item: Leftovers
|upkeep
|turn|30
|
|t:|1769389410
|move|p2a: Maushold|Population Bomb|p1a: Garganacl
|-resisted|p1a: Garganacl
|-damage|p1a: Garganacl|46/100
|-resisted|p1a: Garganacl
|-crit|p1a: Garganacl
|-damage|p1a: Garganacl|38/100
|-resisted|p1a: Garganacl
|-damage|p1a: Garganacl|32/100
|-resisted|p1a: Garganacl
|-damage|p1a: Garganacl|26/100
|-resisted|p1a: Garganacl
|-crit|p1a: Garganacl
|-damage|p1a: Garganacl|18/100
|-resisted|p1a: Garganacl
|-damage|p1a: Garganacl|12/100
|-resisted|p1a: Garganacl
|-damage|p1a: Garganacl|6/100
|-resisted|p1a: Garganacl
|-damage|p1a: Garganacl|0 fnt
|faint|p1a: Garganacl
|-hitcount|p1: Garganacl|8
|
|-heal|p2a: Maushold|38/100|[from] Grassy Terrain
|upkeep
|
|t:|1769389413
|switch|p1a: Corviknight|Corviknight, M|71/100 par
|-ability|p1a: Corviknight|Pressure
|turn|31
|l|☆Johnny tots
|inactive|Johnny tots disconnected and has a minute to reconnect!
|player|p2|
|inactive|Johnny tots has 30 seconds to reconnect!
|inactive|Johnny tots has 20 seconds to reconnect!
|j|☆Johnny tots
|inactive|Johnny tots reconnected and has 100 seconds left.
|player|p2|Johnny tots|169|
|inactive|Johnny tots has 90 seconds left.
|
|t:|1769389480
|-terastallize|p2a: Maushold|Ghost
|move|p2a: Maushold|Population Bomb|p1a: Corviknight
|-resisted|p1a: Corviknight
|-damage|p1a: Corviknight|65/100 par
|-resisted|p1a: Corviknight
|-damage|p1a: Corviknight|59/100 par
|-resisted|p1a: Corviknight
|-damage|p1a: Corviknight|54/100 par
|-resisted|p1a: Corviknight
|-damage|p1a: Corviknight|49/100 par
|-resisted|p1a: Corviknight
|-damage|p1a: Corviknight|44/100 par
|-resisted|p1a: Corviknight
|-damage|p1a: Corviknight|38/100 par
|-resisted|p1a: Corviknight
|-damage|p1a: Corviknight|32/100 par
|-resisted|p1a: Corviknight
|-damage|p1a: Corviknight|27/100 par
|-resisted|p1a: Corviknight
|-damage|p1a: Corviknight|22/100 par
|-resisted|p1a: Corviknight
|-damage|p1a: Corviknight|16/100 par
|-hitcount|p1a: Corviknight|10
|move|p1a: Corviknight|Body Press|p2a: Maushold
|-immune|p2a: Maushold
|
|-heal|p2a: Maushold|44/100|[from] Grassy Terrain
|upkeep
|turn|32
|
|t:|1769389487
|move|p2a: Maushold|Population Bomb|p1a: Corviknight
|-resisted|p1a: Corviknight
|-damage|p1a: Corviknight|11/100 par
|-resisted|p1a: Corviknight
|-damage|p1a: Corviknight|6/100 par
|-resisted|p1a: Corviknight
|-damage|p1a: Corviknight|1/100 par
|-resisted|p1a: Corviknight
|-damage|p1a: Corviknight|0 fnt
|faint|p1a: Corviknight
|-hitcount|p1: Corviknight|4
|
|-heal|p2a: Maushold|50/100|[from] Grassy Terrain
|-fieldend|move: Grassy Terrain
|upkeep
|
|t:|1769389489
|switch|p1a: Dondozo|Dondozo, F|100/100 slp
|turn|33
|
|t:|1769389492
|move|p2a: Maushold|Population Bomb|p1a: Dondozo
|-damage|p1a: Dondozo|95/100 slp
|-hitcount|p1a: Dondozo|1
|cant|p1a: Dondozo|slp
|move|p1a: Dondozo|Sleep Talk|p1a: Dondozo
|move|p1a: Dondozo|Body Press|p2a: Maushold|[from] move: Sleep Talk
|-immune|p2a: Maushold
|
|upkeep
|turn|34
|
|t:|1769389497
|move|p2a: Maushold|Population Bomb|p1a: Dondozo
|-damage|p1a: Dondozo|89/100 slp
|-damage|p1a: Dondozo|83/100 slp
|-damage|p1a: Dondozo|77/100 slp
|-damage|p1a: Dondozo|72/100 slp
|-crit|p1a: Dondozo
|-damage|p1a: Dondozo|64/100 slp
|-damage|p1a: Dondozo|59/100 slp
|-damage|p1a: Dondozo|53/100 slp
|-damage|p1a: Dondozo|48/100 slp
|-crit|p1a: Dondozo
|-damage|p1a: Dondozo|40/100 slp
|-damage|p1a: Dondozo|34/100 slp
|-hitcount|p1a: Dondozo|10
|cant|p1a: Dondozo|slp
|move|p1a: Dondozo|Sleep Talk|p1a: Dondozo
|move|p1a: Dondozo|Body Press|p2a: Maushold|[from] move: Sleep Talk
|-immune|p2a: Maushold
|
|upkeep
|turn|35
|
|t:|1769389501
|move|p2a: Maushold|Population Bomb|p1a: Dondozo
|-damage|p1a: Dondozo|28/100 slp
|-damage|p1a: Dondozo|23/100 slp
|-damage|p1a: Dondozo|18/100 slp
|-damage|p1a: Dondozo|12/100 slp
|-damage|p1a: Dondozo|6/100 slp
|-damage|p1a: Dondozo|1/100 slp
|-damage|p1a: Dondozo|0 fnt
|faint|p1a: Dondozo
|-hitcount|p1: Dondozo|7
|
|upkeep
|
|t:|1769389503
|switch|p1a: Kingambit|Kingambit, F|100/100
|-activate|p1a: Kingambit|ability: Supreme Overlord
|-start|p1a: Kingambit|fallen4|[silent]
|turn|36
|
|t:|1769389511
|move|p2a: Maushold|Population Bomb|p1a: Kingambit
|-resisted|p1a: Kingambit
|-damage|p1a: Kingambit|93/100
|-resisted|p1a: Kingambit
|-damage|p1a: Kingambit|86/100
|-resisted|p1a: Kingambit
|-damage|p1a: Kingambit|77/100
|-resisted|p1a: Kingambit
|-damage|p1a: Kingambit|70/100
|-resisted|p1a: Kingambit
|-damage|p1a: Kingambit|63/100
|-resisted|p1a: Kingambit
|-damage|p1a: Kingambit|55/100
|-resisted|p1a: Kingambit
|-damage|p1a: Kingambit|47/100
|-resisted|p1a: Kingambit
|-damage|p1a: Kingambit|40/100
|-resisted|p1a: Kingambit
|-damage|p1a: Kingambit|33/100
|-resisted|p1a: Kingambit
|-damage|p1a: Kingambit|26/100
|-hitcount|p1a: Kingambit|10
|move|p1a: Kingambit|Kowtow Cleave|p2a: Maushold
|-supereffective|p2a: Maushold
|-damage|p2a: Maushold|0 fnt
|faint|p2a: Maushold
|
|-heal|p1a: Kingambit|32/100|[from] item: Leftovers
|upkeep
|
|t:|1769389515
|switch|p2a: Ogerpon|Ogerpon-Wellspring, F|100/100
|turn|37
|
|t:|1769389519
|move|p1a: Kingambit|Sucker Punch|p2a: Ogerpon
|-damage|p2a: Ogerpon|22/100
|move|p2a: Ogerpon|Ivy Cudgel|p1a: Kingambit|[anim] Ivy Cudgel Water
|-crit|p1a: Kingambit
|-damage|p1a: Kingambit|0 fnt
|faint|p1a: Kingambit
|-end|p1a: Kingambit|fallen4|[silent]
|
|upkeep
|
|t:|1769389521
|switch|p1a: Gliscor|Gliscor, M|100/100
|turn|38
|
|t:|1769389527
|move|p2a: Ogerpon|Ivy Cudgel|p1a: Gliscor|[anim] Ivy Cudgel Water
|-supereffective|p1a: Gliscor
|-damage|p1a: Gliscor|14/100
|move|p1a: Gliscor|Earthquake|p2a: Ogerpon
|-resisted|p2a: Ogerpon
|-damage|p2a: Ogerpon|0 fnt
|faint|p2a: Ogerpon
|
|-status|p1a: Gliscor|tox|[from] item: Toxic Orb
|upkeep
|
|t:|1769389531
|switch|p2a: Rillaboom|Rillaboom, F|64/100
|-fieldstart|move: Grassy Terrain|[from] ability: Grassy Surge|[of] p2a: Rillaboom
|turn|39
|c|☆Johnny tots|Gg
|l|☆Johnny tots
|inactive|Johnny tots disconnected and has a minute to reconnect!
|player|p2|
|inactive|aver_stall_enjoyer has 120 seconds left.
|j|☆Johnny tots
|inactive|Johnny tots reconnected.
|player|p2|Johnny tots|169|
|
|t:|1769389577
|move|p1a: Gliscor|Protect|p1a: Gliscor
|-singleturn|p1a: Gliscor|Protect
|move|p2a: Rillaboom|Bulk Up|p2a: Rillaboom
|-boost|p2a: Rillaboom|atk|1
|-boost|p2a: Rillaboom|def|1
|
|-heal|p2a: Rillaboom|70/100|[from] Grassy Terrain
|-heal|p1a: Gliscor|26/100 tox|[from] ability: Poison Heal
|upkeep
|turn|40
|
|t:|1769389582
|move|p2a: Rillaboom|Knock Off|p1a: Gliscor
|-damage|p1a: Gliscor|0 fnt
|-enditem|p1a: Gliscor|Toxic Orb|[from] move: Knock Off|[of] p2a: Rillaboom
|faint|p1a: Gliscor
|
|win|Johnny tots
|raw|aver_stall_enjoyer's rating: 1774 &rarr; <strong>1757</strong><br />(-17 for losing)
|raw|Johnny tots's rating: 1829 &rarr; <strong>1846</strong><br />(+17 for winning)
|l|☆Johnny tots
|player|p2|
|c|☆aver_stall_enjoyer|gg
|l|☆aver_stall_enjoyer
|player|p1|
