|j|☆rekka auto
|j|☆Team10thPlanet
|t:|1769337602
|gametype|singles
|player|p1|rekka auto|drayden|1513
|player|p2|Team10thPlanet|alder|1561
|gen|9
|tier|[Gen 9] OU
|rated|
|rule|HP Percentage Mod: HP is shown in percentages
|rule|Endless Battle Clause: Forcing endless battles is banned
|rule|Species Clause: Limit one of each Pokémon
|rule|OHKO Clause: OHKO moves are banned
|rule|Evasion Items Clause: Evasion items are banned
|rule|Evasion Moves Clause: Evasion moves are banned
|rule|Evasion Abilities Clause: Evasion abilities are banned
|rule|Sleep Moves Clause: Sleep-inducing moves are banned
|clearpoke
|poke|p1|Rotom-Wash|
|poke|p1|Scizor, M|
|poke|p1|Great Tusk|
|poke|p1|Gholdengo|
|poke|p1|Dragonite, M|
|poke|p1|Ting-Lu|
|poke|p2|Goodra-Hisui, F|
|poke|p2|Kingambit, F|
|poke|p2|Corviknight, M|
|poke|p2|Hoopa-Unbound|
|poke|p2|Dragonite, F|
|poke|p2|Dipplin, F|
|teampreview
|inactive|Battle timer is ON: inactive players will automatically lose when time's up. (requested by rekka auto)
|inactive|rekka auto has 120 seconds left.
|
|t:|1769337633
|teamsize|p1|6
|teamsize|p2|6
|start
|switch|p1a: Rotom|Rotom-Wash|100/100
|switch|p2a: Goodra|Goodra-Hisui, F|100/100
|turn|1
|
|t:|1769337641
|move|p1a: Rotom|Volt Switch|p2a: Goodra
|-resisted|p2a: Goodra
|-damage|p2a: Goodra|96/100
|
|t:|1769337645
|switch|p1a: Ting-Lu|Ting-Lu|100/100|[from] Volt Switch
|-ability|p1a: Ting-Lu|Vessel of Ruin
|move|p2a: Goodra|Draco Meteor|p1a: Ting-Lu
|-damage|p1a: Ting-Lu|78/100
|-unboost|p2a: Goodra|spa|2
|
|-heal|p1a: Ting-Lu|84/100|[from] item: Leftovers
|upkeep
|turn|2
|inactive|Team10thPlanet has 120 seconds left.
|
|t:|1769337676
|move|p2a: Goodra|Ice Beam|p1a: Ting-Lu
|-supereffective|p1a: Ting-Lu
|-damage|p1a: Ting-Lu|73/100
|move|p1a: Ting-Lu|Stealth Rock|p2a: Goodra
|-sidestart|p2: Team10thPlanet|move: Stealth Rock
|
|-heal|p1a: Ting-Lu|79/100|[from] item: Leftovers
|upkeep
|turn|3
|
|t:|1769337685
|move|p2a: Goodra|Ice Beam|p1a: Ting-Lu
|-supereffective|p1a: Ting-Lu
|-damage|p1a: Ting-Lu|70/100
|move|p1a: Ting-Lu|Earthquake|p2a: Goodra
|-supereffective|p2a: Goodra
|-damage|p2a: Goodra|21/100
|
|-heal|p1a: Ting-Lu|76/100|[from] item: Leftovers
|upkeep
|turn|4
|
|t:|1769337695
|move|p2a: Goodra|Ice Beam|p1a: Ting-Lu
|-supereffective|p1a: Ting-Lu
|-damage|p1a: Ting-Lu|65/100
|move|p1a: Ting-Lu|Spikes|p2a: Goodra
|-sidestart|p2: Team10thPlanet|Spikes
|
|-heal|p1a: Ting-Lu|72/100|[from] item: Leftovers
|upkeep
|turn|5
|
|t:|1769337702
|move|p2a: Goodra|Ice Beam|p1a: Ting-Lu
|-supereffective|p1a: Ting-Lu
|-damage|p1a: Ting-Lu|61/100
|move|p1a: Ting-Lu|Earthquake|p2a: Goodra
|-supereffective|p2a: Goodra
|-damage|p2a: Goodra|0 fnt
|faint|p2a: Goodra
|
|-heal|p1a: Ting-Lu|67/100|[from] item: Leftovers
|upkeep
|
|t:|1769337715
|switch|p2a: Corviknight|Corviknight, M|100/100
|-damage|p2a: Corviknight|88/100|[from] Stealth Rock
|-ability|p2a: Corviknight|Pressure
|turn|6
|
|t:|1769337721
|switch|p1a: Gholdengo|Gholdengo|100/100
|move|p2a: Corviknight|Brave Bird|p1a: Gholdengo
|-resisted|p1a: Gholdengo
|-damage|p1a: Gholdengo|81/100
|-damage|p2a: Corviknight|83/100|[from] Recoil
|
|upkeep
|turn|7
|
|t:|1769337731
|switch|p2a: Dipplin|Dipplin, F|100/100
|-damage|p2a: Dipplin|88/100|[from] Stealth Rock
|-damage|p2a: Dipplin|76/100|[from] Spikes
|move|p1a: Gholdengo|Shadow Ball|p2a: Dipplin
|-damage|p2a: Dipplin|44/100
|
|upkeep
|turn|8
|
|t:|1769337741
|switch|p1a: Scizor|Scizor, M|100/100
|move|p2a: Dipplin|Sucker Punch||[still]
|-fail|p2a: Dipplin
|
|upkeep
|turn|9
|
|t:|1769337748
|move|p1a: Scizor|U-turn|p2a: Dipplin
|-supereffective|p2a: Dipplin
|-damage|p2a: Dipplin|0 fnt
|faint|p2a: Dipplin
|
|t:|1769337751
|switch|p1a: Gholdengo|Gholdengo|81/100|[from] U-turn
|
|upkeep
|
|t:|1769337756
|switch|p2a: Hoopa|Hoopa-Unbound|100/100
|-damage|p2a: Hoopa|88/100|[from] Stealth Rock
|-damage|p2a: Hoopa|76/100|[from] Spikes
|turn|10
|
|t:|1769337764
|switch|p1a: Ting-Lu|Ting-Lu|67/100
|-ability|p1a: Ting-Lu|Vessel of Ruin
|move|p2a: Hoopa|Dark Pulse|p1a: Ting-Lu
|-resisted|p1a: Ting-Lu
|-damage|p1a: Ting-Lu|57/100
|
|-heal|p1a: Ting-Lu|63/100|[from] item: Leftovers
|upkeep
|turn|11
|
|t:|1769337779
|switch|p2a: Dragonite|Dragonite, F|100/100
|-damage|p2a: Dragonite|76/100|[from] Stealth Rock
|move|p1a: Ting-Lu|Spikes|p2a: Dragonite
|-sidestart|p2: Team10thPlanet|Spikes
|
|-heal|p1a: Ting-Lu|70/100|[from] item: Leftovers
|upkeep
|turn|12
|
|t:|1769337788
|move|p2a: Dragonite|Outrage|p1a: Ting-Lu
|-damage|p1a: Ting-Lu|7/100
|move|p1a: Ting-Lu|Whirlwind|p2a: Dragonite
|drag|p2a: Corviknight|Corviknight, M|83/100
|-damage|p2a: Corviknight|70/100|[from] Stealth Rock
|-ability|p2a: Corviknight|Pressure
|
|-heal|p1a: Ting-Lu|13/100|[from] item: Leftovers
|upkeep
|turn|13
|
|t:|1769337800
|switch|p1a: Gholdengo|Gholdengo|81/100
|move|p2a: Corviknight|Brave Bird|p1a: Gholdengo
|-resisted|p1a: Gholdengo
|-crit|p1a: Gholdengo
|-damage|p1a: Gholdengo|52/100
|-damage|p2a: Corviknight|63/100|[from] Recoil
|
|upkeep
|turn|14
|
|t:|1769337810
|switch|p2a: Kingambit|Kingambit, F|100/100
|-damage|p2a: Kingambit|94/100|[from] Stealth Rock
|-damage|p2a: Kingambit|78/100|[from] Spikes
|-activate|p2a: Kingambit|ability: Supreme Overlord
|-start|p2a: Kingambit|fallen2|[silent]
|move|p1a: Gholdengo|Shadow Ball|p2a: Kingambit
|-resisted|p2a: Kingambit
|-damage|p2a: Kingambit|57/100
|
|upkeep
|turn|15
|
|t:|1769337821
|switch|p1a: Rotom|Rotom-Wash|100/100
|move|p2a: Kingambit|Swords Dance|p2a: Kingambit
|-boost|p2a: Kingambit|atk|2
|
|upkeep
|turn|16
|
|t:|1769337830
|move|p1a: Rotom|Will-O-Wisp|p2a: Kingambit
|-status|p2a: Kingambit|brn
|move|p2a: Kingambit|Low Kick|p1a: Rotom
|-damage|p1a: Rotom|90/100
|-damage|p2a: Kingambit|41/100 brn|[from] item: Rocky Helmet|[of] p1a: Rotom
|-damage|p2a: Kingambit|31/100 brn|[from] item: Life Orb
|
|-damage|p2a: Kingambit|25/100 brn|[from] brn
|upkeep
|turn|17
|-message|Team10thPlanet forfeited.
|
|win|rekka auto
|raw|rekka auto's rating: 1513 &rarr; <strong>1536</strong><br />(+23 for winning)
|raw|Team10thPlanet's rating: 1561 &rarr; <strong>1538</strong><br />(-23 for losing)
|l|☆Team10thPlanet
|player|p2|
|l|☆rekka auto
|player|p1|
