|j|☆hoyinshuang114
|j|☆OP Sand
|t:|1769409568
|gametype|singles
|player|p1|hoyinshuang114|265|1587
|player|p2|OP Sand|giovanni-masters|1638
|gen|9
|tier|[Gen 9] OU
|rated|
|rule|HP Percentage Mod: HP is shown in percentages
|rule|Endless Battle Clause: Forcing endless battles is banned
|rule|Species Clause: Limit one of each Pokémon
|rule|OHKO Clause: OHKO moves are banned
|rule|Evasion Items Clause: Evasion items are banned
|rule|Evasion Moves Clause: Evasion moves are banned
|rule|Evasion Abilities Clause: Evasion abilities are banned
|rule|Sleep Moves Clause: Sleep-inducing moves are banned
|clearpoke
|poke|p1|Regigigas|
|poke|p1|Ting-Lu|
|poke|p1|Great Tusk|
|poke|p1|Zamazenta-*|
|poke|p1|Pecharunt|
|poke|p1|Alomomola, M|
|poke|p2|Excadrill, F|
|poke|p2|Tyranitar, F|
|poke|p2|Kyurem|
|poke|p2|Hawlucha, F|
|poke|p2|Pawmot, M|
|poke|p2|Skarmory, F|
|teampreview
|inactive|Battle timer is ON: inactive players will automatically lose when time's up. (requested by OP Sand)
|inactive|hoyinshuang114 also wants the timer to be on.
|
|t:|1769409583
|teamsize|p1|6
|teamsize|p2|6
|start
|switch|p1a: Zamazenta|Zamazenta|100/100
|switch|p2a: Skarmory|Skarmory, F, shiny|100/100
|-ability|p1a: Zamazenta|Dauntless Shield|boost
|-boost|p1a: Zamazenta|def|1
|turn|1
|j| firecharmander004
|
|t:|1769409587
|move|p1a: Zamazenta|Close Combat|p2a: Skarmory
|-damage|p2a: Skarmory|48/100
|-unboost|p1a: Zamazenta|def|1
|-unboost|p1a: Zamazenta|spd|1
|-damage|p1a: Zamazenta|84/100|[from] item: Rocky Helmet|[of] p2a: Skarmory
|move|p2a: Skarmory|Spikes|p1a: Zamazenta
|-sidestart|p1: hoyinshuang114|Spikes
|
|upkeep
|turn|2
|j| KappaHalo
|
|t:|1769409597
|switch|p2a: Itachi|Hawlucha, F, shiny|100/100
|-ability|p2a: Itachi|Mold Breaker
|move|p1a: Zamazenta|Close Combat|p2a: Itachi
|-resisted|p2a: Itachi
|-damage|p2a: Itachi|33/100
|-unboost|p1a: Zamazenta|def|1
|-unboost|p1a: Zamazenta|spd|1
|-enditem|p2a: Itachi|Red Card|[of] p1a: Zamazenta
|drag|p1a: Pecharunt|Pecharunt|100/100
|-damage|p1a: Pecharunt|88/100|[from] Spikes
|
|upkeep
|turn|3
|
|t:|1769409606
|switch|p2a: Shukaku|Tyranitar, F, shiny|100/100
|-weather|Sandstorm|[from] ability: Sand Stream|[of] p2a: Shukaku
|move|p1a: Pecharunt|Parting Shot|p2a: Shukaku
|-unboost|p2a: Shukaku|atk|1
|-unboost|p2a: Shukaku|spa|1
|
|t:|1769409608
|switch|p1a: Zamazenta|Zamazenta|84/100|[from] Parting Shot
|-damage|p1a: Zamazenta|72/100|[from] Spikes
|
|-weather|Sandstorm|[upkeep]
|-damage|p1a: Zamazenta|65/100|[from] Sandstorm
|upkeep
|turn|4
|
|t:|1769409613
|-terastallize|p2a: Shukaku|Ghost
|move|p1a: Zamazenta|Close Combat|p2a: Shukaku
|-immune|p2a: Shukaku
|move|p2a: Shukaku|Thunder Wave|p1a: Zamazenta
|-status|p1a: Zamazenta|par
|
|-weather|Sandstorm|[upkeep]
|-damage|p1a: Zamazenta|59/100 par|[from] Sandstorm
|-damage|p2a: Shukaku|94/100|[from] Sandstorm
|upkeep
|turn|5
|
|t:|1769409627
|switch|p1a: Alomomola|Alomomola, M|100/100
|switch|p2a: Skarmory|Skarmory, F, shiny|48/100
|
|-weather|Sandstorm|[upkeep]
|-damage|p1a: Alomomola|94/100|[from] Sandstorm
|upkeep
|turn|6
|
|t:|1769409631
|move|p2a: Skarmory|Spikes|p1a: Alomomola
|-sidestart|p1: hoyinshuang114|Spikes
|move|p1a: Alomomola|Wish|p1a: Alomomola
|
|-weather|Sandstorm|[upkeep]
|-damage|p1a: Alomomola|88/100|[from] Sandstorm
|upkeep
|turn|7
|
|t:|1769409637
|move|p2a: Skarmory|Roost|p2a: Skarmory
|-heal|p2a: Skarmory|98/100
|-singleturn|p2a: Skarmory|move: Roost
|move|p1a: Alomomola|Flip Turn|p2a: Skarmory
|-damage|p2a: Skarmory|87/100
|-damage|p1a: Alomomola|72/100|[from] item: Rocky Helmet|[of] p2a: Skarmory
|
|t:|1769409639
|switch|p1a: Great Tusk|Great Tusk|100/100|[from] Flip Turn
|
|-weather|Sandstorm|[upkeep]
|upkeep
|turn|8
|
|t:|1769409643
|switch|p2a: Shukaku|Tyranitar, F, shiny, tera:Ghost|94/100
|move|p1a: Great Tusk|Stealth Rock|p2a: Shukaku
|-sidestart|p2: OP Sand|move: Stealth Rock
|
|-weather|Sandstorm|[upkeep]
|-damage|p2a: Shukaku|88/100|[from] Sandstorm
|upkeep
|turn|9
|inactive|hoyinshuang114 has 120 seconds left.
|j| electrored
|l| electrored
|inactive|hoyinshuang114 has 90 seconds left.
|
|t:|1769409705
|-end|p1a: Great Tusk|Protosynthesis|[silent]
|switch|p1a: Alomomola|Alomomola, M|100/100
|move|p2a: Shukaku|Ice Beam|p1a: Alomomola
|-resisted|p1a: Alomomola
|-damage|p1a: Alomomola|89/100
|
|-weather|Sandstorm|[upkeep]
|-damage|p1a: Alomomola|83/100|[from] Sandstorm
|-damage|p2a: Shukaku|82/100|[from] Sandstorm
|upkeep
|turn|10
|l| KappaHalo
|inactive|hoyinshuang114 has 90 seconds left.
|
|t:|1769409729
|move|p1a: Alomomola|Wish|p1a: Alomomola
|move|p2a: Shukaku|Thunder Wave|p1a: Alomomola
|-status|p1a: Alomomola|par
|
|-weather|none
|upkeep
|turn|11
|
|t:|1769409734
|move|p2a: Shukaku|Stealth Rock|p1a: Alomomola
|-sidestart|p1: hoyinshuang114|move: Stealth Rock
|move|p1a: Alomomola|Flip Turn|p2a: Shukaku
|-damage|p2a: Shukaku|72/100
|inactive|hoyinshuang114 has 90 seconds left.
|
|t:|1769409740
|switch|p1a: Zamazenta|Zamazenta|59/100 par|[from] Flip Turn
|-damage|p1a: Zamazenta|43/100 par|[from] Spikes
|-damage|p1a: Zamazenta|36/100 par|[from] Stealth Rock
|
|-heal|p1a: Zamazenta|100/100 par|[from] move: Wish|[wisher] Alomomola
|upkeep
|turn|12
|inactive|hoyinshuang114 has 90 seconds left.
|
|t:|1769409750
|switch|p1a: Regigigas|Regigigas|100/100
|-damage|p1a: Regigigas|84/100|[from] Spikes
|-damage|p1a: Regigigas|71/100|[from] Stealth Rock
|-start|p1a: Regigigas|ability: Slow Start
|switch|p2a: Skarmory|Skarmory, F, shiny|87/100
|-damage|p2a: Skarmory|75/100|[from] Stealth Rock
|
|-heal|p1a: Regigigas|78/100|[from] item: Leftovers
|upkeep
|turn|13
|
|t:|1769409754
|move|p2a: Skarmory|Spikes|p1a: Regigigas
|-sidestart|p1: hoyinshuang114|Spikes
|move|p1a: Regigigas|Knock Off|p2a: Skarmory
|-damage|p2a: Skarmory|64/100
|-damage|p1a: Regigigas|61/100|[from] item: Rocky Helmet|[of] p2a: Skarmory
|-enditem|p2a: Skarmory|Rocky Helmet|[from] move: Knock Off|[of] p1a: Regigigas
|
|-heal|p1a: Regigigas|67/100|[from] item: Leftovers
|upkeep
|turn|14
|
|t:|1769409761
|move|p2a: Skarmory|Roost|p2a: Skarmory
|-heal|p2a: Skarmory|100/100
|-singleturn|p2a: Skarmory|move: Roost
|move|p1a: Regigigas|Knock Off|p2a: Skarmory
|-damage|p2a: Skarmory|93/100
|
|-heal|p1a: Regigigas|73/100|[from] item: Leftovers
|upkeep
|turn|15
|
|t:|1769409764
|move|p2a: Skarmory|Body Press|p1a: Regigigas
|-supereffective|p1a: Regigigas
|-damage|p1a: Regigigas|23/100
|move|p1a: Regigigas|Knock Off|p2a: Skarmory
|-damage|p2a: Skarmory|86/100
|
|-heal|p1a: Regigigas|29/100|[from] item: Leftovers
|upkeep
|turn|16
|inactive|hoyinshuang114 has 120 seconds left.
|
|t:|1769409771
|switch|p1a: Alomomola|Alomomola, M|100/100 par
|move|p2a: Skarmory|Body Press|p1a: Alomomola
|-damage|p1a: Alomomola|82/100 par
|
|upkeep
|turn|17
|
|t:|1769409783
|switch|p2a: Itachi|Hawlucha, F, shiny|33/100
|-damage|p2a: Itachi|21/100|[from] Stealth Rock
|-ability|p2a: Itachi|Mold Breaker
|cant|p1a: Alomomola|par
|
|upkeep
|turn|18
|
|t:|1769409791
|move|p2a: Itachi|Swords Dance|p2a: Itachi
|-boost|p2a: Itachi|atk|2
|cant|p1a: Alomomola|par
|
|upkeep
|turn|19
|
|t:|1769409796
|move|p2a: Itachi|Brave Bird|p1a: Alomomola
|-damage|p1a: Alomomola|19/100 par
|-damage|p2a: Itachi|0 fnt|[from] Recoil
|faint|p2a: Itachi
|move|p1a: Alomomola|Wish|p1a: Alomomola
|
|upkeep
|
|t:|1769409799
|switch|p2a: Frieza|Kyurem, shiny|100/100
|-damage|p2a: Frieza|76/100|[from] Stealth Rock
|-ability|p2a: Frieza|Pressure
|turn|20
|
|t:|1769409809
|switch|p1a: Zamazenta|Zamazenta|100/100 par
|-damage|p1a: Zamazenta|76/100 par|[from] Spikes
|-damage|p1a: Zamazenta|69/100 par|[from] Stealth Rock
|move|p2a: Frieza|Freeze-Dry|p1a: Zamazenta
|-damage|p1a: Zamazenta|30/100 par
|
|-heal|p1a: Zamazenta|100/100 par|[from] move: Wish|[wisher] Alomomola
|upkeep
|turn|21
|
|t:|1769409818
|switch|p2a: Shukaku|Tyranitar, F, shiny, tera:Ghost|72/100
|-damage|p2a: Shukaku|60/100|[from] Stealth Rock
|-weather|Sandstorm|[from] ability: Sand Stream|[of] p2a: Shukaku
|move|p1a: Zamazenta|Crunch|p2a: Shukaku
|-supereffective|p2a: Shukaku
|-damage|p2a: Shukaku|5/100
|
|-weather|Sandstorm|[upkeep]
|-damage|p1a: Zamazenta|94/100 par|[from] Sandstorm
|-damage|p2a: Shukaku|0 fnt|[from] Sandstorm
|faint|p2a: Shukaku
|upkeep
|
|t:|1769409825
|switch|p2a: OP|Excadrill, F|100/100
|-damage|p2a: OP|97/100|[from] Stealth Rock
|turn|22
|
|t:|1769409831
|move|p2a: OP|Earthquake|p1a: Zamazenta
|-damage|p1a: Zamazenta|8/100 par
|move|p1a: Zamazenta|Crunch|p2a: OP
|-damage|p2a: OP|45/100
|
|-weather|Sandstorm|[upkeep]
|-damage|p1a: Zamazenta|2/100 par|[from] Sandstorm
|upkeep
|turn|23
|
|t:|1769409836
|move|p2a: OP|Earthquake|p1a: Zamazenta
|-damage|p1a: Zamazenta|0 fnt
|faint|p1a: Zamazenta
|
|-weather|Sandstorm|[upkeep]
|upkeep
|
|t:|1769409838
|switch|p1a: Great Tusk|Great Tusk|100/100
|turn|24
|
|t:|1769409840
|move|p2a: OP|Earthquake|p1a: Great Tusk
|-damage|p1a: Great Tusk|36/100
|move|p1a: Great Tusk|Rapid Spin|p2a: OP
|-resisted|p2a: OP
|-damage|p2a: OP|32/100
|-boost|p1a: Great Tusk|spe|1
|-sideend|p1: hoyinshuang114|Spikes|[from] move: Rapid Spin|[of] p1a: Great Tusk
|-sideend|p1: hoyinshuang114|Stealth Rock|[from] move: Rapid Spin|[of] p1a: Great Tusk
|
|-weather|Sandstorm|[upkeep]
|upkeep
|turn|25
|
|t:|1769409847
|move|p2a: OP|Earthquake|p1a: Great Tusk
|-damage|p1a: Great Tusk|0 fnt
|faint|p1a: Great Tusk
|-end|p1a: Great Tusk|Protosynthesis|[silent]
|
|-weather|Sandstorm|[upkeep]
|upkeep
|
|t:|1769409857
|switch|p1a: Ting-Lu|Ting-Lu|100/100
|-ability|p1a: Ting-Lu|Vessel of Ruin
|turn|26
|
|t:|1769409862
|switch|p2a: Skarmory|Skarmory, F, shiny|86/100
|-damage|p2a: Skarmory|74/100|[from] Stealth Rock
|move|p1a: Ting-Lu|Earthquake|p2a: Skarmory
|-immune|p2a: Skarmory
|
|-weather|Sandstorm|[upkeep]
|upkeep
|turn|27
|
|t:|1769409889
|move|p2a: Skarmory|Spikes|p1a: Ting-Lu
|-sidestart|p1: hoyinshuang114|Spikes
|move|p1a: Ting-Lu|Spikes|p2a: Skarmory
|-sidestart|p2: OP Sand|Spikes
|
|-weather|Sandstorm|[upkeep]
|upkeep
|turn|28
|
|t:|1769409892
|move|p2a: Skarmory|Spikes|p1a: Ting-Lu
|-sidestart|p1: hoyinshuang114|Spikes
|move|p1a: Ting-Lu|Spikes|p2a: Skarmory
|-sidestart|p2: OP Sand|Spikes
|
|-weather|none
|upkeep
|turn|29
|
|t:|1769409894
|move|p2a: Skarmory|Spikes|p1a: Ting-Lu
|-sidestart|p1: hoyinshuang114|Spikes
|move|p1a: Ting-Lu|Spikes|p2a: Skarmory
|-sidestart|p2: OP Sand|Spikes
|
|upkeep
|turn|30
|
|t:|1769409897
|move|p2a: Skarmory|Body Press|p1a: Ting-Lu
|-supereffective|p1a: Ting-Lu
|-damage|p1a: Ting-Lu|66/100
|move|p1a: Ting-Lu|Ruination|p2a: Skarmory
|-damage|p2a: Skarmory|37/100
|
|-heal|p1a: Ting-Lu|72/100|[from] item: Leftovers
|upkeep
|turn|31
|
|t:|1769409903
|move|p2a: Skarmory|Roost|p2a: Skarmory
|-heal|p2a: Skarmory|87/100
|-singleturn|p2a: Skarmory|move: Roost
|move|p1a: Ting-Lu|Earthquake|p2a: Skarmory
|-supereffective|p2a: Skarmory
|-damage|p2a: Skarmory|39/100
|
|-heal|p1a: Ting-Lu|78/100|[from] item: Leftovers
|upkeep
|turn|32
|
|t:|1769409907
|move|p2a: Skarmory|Roost|p2a: Skarmory
|-heal|p2a: Skarmory|89/100
|-singleturn|p2a: Skarmory|move: Roost
|move|p1a: Ting-Lu|Ruination|p2a: Skarmory
|-damage|p2a: Skarmory|45/100
|
|-heal|p1a: Ting-Lu|85/100|[from] item: Leftovers
|upkeep
|turn|33
|
|t:|1769409913
|move|p2a: Skarmory|Body Press|p1a: Ting-Lu
|-supereffective|p1a: Ting-Lu
|-damage|p1a: Ting-Lu|47/100
|move|p1a: Ting-Lu|Earthquake|p2a: Skarmory
|-immune|p2a: Skarmory
|
|-heal|p1a: Ting-Lu|53/100|[from] item: Leftovers
|upkeep
|turn|34
|
|t:|1769409919
|move|p2a: Skarmory|Roost|p2a: Skarmory
|-heal|p2a: Skarmory|95/100
|-singleturn|p2a: Skarmory|move: Roost
|move|p1a: Ting-Lu|Whirlwind|p2a: Skarmory
|drag|p2a: Porunga|Pawmot, M|100/100
|-damage|p2a: Porunga|95/100|[from] Stealth Rock
|-damage|p2a: Porunga|70/100|[from] Spikes
|
|-heal|p1a: Ting-Lu|60/100|[from] item: Leftovers
|upkeep
|turn|35
|
|t:|1769409925
|switch|p2a: Frieza|Kyurem, shiny|76/100
|-damage|p2a: Frieza|51/100|[from] Stealth Rock
|-damage|p2a: Frieza|26/100|[from] Spikes
|-ability|p2a: Frieza|Pressure
|move|p1a: Ting-Lu|Whirlwind|p2a: Frieza
|drag|p2a: Skarmory|Skarmory, F, shiny|95/100
|-damage|p2a: Skarmory|83/100|[from] Stealth Rock
|
|-heal|p1a: Ting-Lu|66/100|[from] item: Leftovers
|upkeep
|turn|36
|
|t:|1769409931
|move|p2a: Skarmory|Body Press|p1a: Ting-Lu
|-supereffective|p1a: Ting-Lu
|-damage|p1a: Ting-Lu|32/100
|move|p1a: Ting-Lu|Whirlwind|p2a: Skarmory
|drag|p2a: OP|Excadrill, F|32/100
|-damage|p2a: OP|29/100|[from] Stealth Rock
|-damage|p2a: OP|4/100|[from] Spikes
|
|-heal|p1a: Ting-Lu|38/100|[from] item: Leftovers
|upkeep
|turn|37
|
|t:|1769409938
|switch|p1a: Pecharunt|Pecharunt|88/100
|-damage|p1a: Pecharunt|63/100|[from] Spikes
|move|p2a: OP|Earthquake|p1a: Pecharunt
|-supereffective|p1a: Pecharunt
|-damage|p1a: Pecharunt|0 fnt
|faint|p1a: Pecharunt
|
|upkeep
|
|t:|1769409947
|switch|p1a: Ting-Lu|Ting-Lu|38/100
|-damage|p1a: Ting-Lu|13/100|[from] Spikes
|-ability|p1a: Ting-Lu|Vessel of Ruin
|turn|38
|
|t:|1769409949
|move|p2a: OP|Earthquake|p1a: Ting-Lu
|-damage|p1a: Ting-Lu|0 fnt
|faint|p1a: Ting-Lu
|
|upkeep
|
|t:|1769409952
|switch|p1a: Alomomola|Alomomola, M|52/100 par
|turn|39
|
|t:|1769409955
|move|p2a: OP|Earthquake|p1a: Alomomola
|-damage|p1a: Alomomola|0 fnt
|faint|p1a: Alomomola
|
|upkeep
|
|t:|1769409957
|switch|p1a: Regigigas|Regigigas|29/100
|-damage|p1a: Regigigas|4/100|[from] Spikes
|-start|p1a: Regigigas|ability: Slow Start
|turn|40
|
|t:|1769409960
|-terastallize|p1a: Regigigas|Ghost
|move|p2a: OP|Earthquake|p1a: Regigigas
|-damage|p1a: Regigigas|0 fnt
|faint|p1a: Regigigas
|
|win|OP Sand
|raw|hoyinshuang114's rating: 1587 &rarr; <strong>1570</strong><br />(-17 for losing)
|raw|OP Sand's rating: 1638 &rarr; <strong>1655</strong><br />(+17 for winning)
|l|☆hoyinshuang114
|player|p1|
|l|☆OP Sand
|player|p2|
