|j|☆apexacer
|j|☆blueisnoob
|t:|1769343028
|gametype|singles
|player|p1|apexacer|265|1509
|player|p2|blueisnoob|101|1516
|gen|9
|tier|[Gen 9] OU
|rated|
|rule|HP Percentage Mod: HP is shown in percentages
|rule|Endless Battle Clause: Forcing endless battles is banned
|rule|Species Clause: Limit one of each Pokémon
|rule|OHKO Clause: OHKO moves are banned
|rule|Evasion Items Clause: Evasion items are banned
|rule|Evasion Moves Clause: Evasion moves are banned
|rule|Evasion Abilities Clause: Evasion abilities are banned
|rule|Sleep Moves Clause: Sleep-inducing moves are banned
|clearpoke
|poke|p1|Indeedee, M|
|poke|p1|Kingambit, M|
|poke|p1|Polteageist|
|poke|p1|Grimmsnarl, M|
|poke|p1|Great Tusk|
|poke|p1|Kyurem|
|poke|p2|Zamazenta-*|
|poke|p2|Ogerpon-Wellspring, F|
|poke|p2|Slowking-Galar, F|
|poke|p2|Great Tusk|
|poke|p2|Kingambit, M|
|poke|p2|Zapdos|
|teampreview
|inactive|Battle timer is ON: inactive players will automatically lose when time's up. (requested by apexacer)
|
|t:|1769343047
|teamsize|p1|6
|teamsize|p2|6
|start
|switch|p1a: Great Tusk|Great Tusk|100/100
|switch|p2a: Zapdos|Zapdos|100/100
|turn|1
|
|t:|1769343053
|-end|p1a: Great Tusk|Protosynthesis|[silent]
|switch|p1a: Grimmsnarl|Grimmsnarl, M|100/100
|move|p2a: Zapdos|Hurricane|p1a: Grimmsnarl
|-damage|p1a: Grimmsnarl|69/100
|
|upkeep
|turn|2
|inactive|blueisnoob has 120 seconds left.
|l|☆apexacer
|inactive|apexacer disconnected and has a minute to reconnect!
|player|p1|
|j|☆apexacer
|inactive|apexacer reconnected.
|player|p1|apexacer|265|
|inactive|blueisnoob has 90 seconds left.
|
|t:|1769343125
|move|p1a: Grimmsnarl|Light Screen|p1a: Grimmsnarl
|-sidestart|p1: apexacer|move: Light Screen
|move|p2a: Zapdos|Thunder Wave|p1a: Grimmsnarl
|-status|p1a: Grimmsnarl|par
|
|upkeep
|turn|3
|
|t:|1769343136
|cant|p1a: Grimmsnarl|par
|move|p2a: Zapdos|Hurricane|p1a: Grimmsnarl|[miss]
|-miss|p2a: Zapdos|p1a: Grimmsnarl
|
|upkeep
|turn|4
|inactive|blueisnoob has 90 seconds left.
|
|t:|1769343146
|move|p1a: Grimmsnarl|Reflect|p1a: Grimmsnarl
|-sidestart|p1: apexacer|Reflect
|move|p2a: Zapdos|Hurricane|p1a: Grimmsnarl
|-damage|p1a: Grimmsnarl|52/100 par
|
|upkeep
|turn|5
|
|t:|1769343158
|move|p2a: Zapdos|Volt Switch|p1a: Grimmsnarl
|-damage|p1a: Grimmsnarl|41/100 par
|
|t:|1769343160
|switch|p2a: Slowking|Slowking-Galar, F|100/100|[from] Volt Switch
|cant|p1a: Grimmsnarl|par
|
|upkeep
|turn|6
|
|t:|1769343165
|switch|p1a: Polteageist|Polteageist|100/100
|switch|p2a: Zapdos|Zapdos|100/100
|
|upkeep
|turn|7
|
|t:|1769343171
|move|p2a: Zapdos|Thunder Wave|p1a: Polteageist
|-status|p1a: Polteageist|par
|move|p1a: Polteageist|Shell Smash|p1a: Polteageist
|-unboost|p1a: Polteageist|def|1
|-unboost|p1a: Polteageist|spd|1
|-boost|p1a: Polteageist|atk|2
|-boost|p1a: Polteageist|spa|2
|-boost|p1a: Polteageist|spe|2
|-enditem|p1a: Polteageist|White Herb
|-clearnegativeboost|p1a: Polteageist|[silent]
|
|upkeep
|turn|8
|
|t:|1769343178
|move|p2a: Zapdos|Volt Switch|p1a: Polteageist
|-damage|p1a: Polteageist|83/100 par
|
|t:|1769343180
|switch|p2a: Kingambit|Kingambit, M|100/100|[from] Volt Switch
|move|p1a: Polteageist|Stored Power|p2a: Kingambit
|-immune|p2a: Kingambit
|
|upkeep
|turn|9
|
|t:|1769343191
|-terastallize|p1a: Polteageist|Fighting
|move|p1a: Polteageist|Tera Blast|p2a: Kingambit|[anim] Tera Blast Fighting
|-supereffective|p2a: Kingambit
|-crit|p2a: Kingambit
|-damage|p2a: Kingambit|0 fnt
|faint|p2a: Kingambit
|-end|p2a: Kingambit|fallenundefined|[silent]
|
|-sideend|p1: apexacer|move: Light Screen
|upkeep
|
|t:|1769343199
|switch|p2a: Zapdos|Zapdos|100/100
|turn|10
|
|t:|1769343203
|move|p2a: Zapdos|Hurricane|p1a: Polteageist
|-supereffective|p1a: Polteageist
|-damage|p1a: Polteageist|0 fnt
|faint|p1a: Polteageist
|
|upkeep
|
|t:|1769343208
|switch|p1a: Kyurem|Kyurem|100/100
|-ability|p1a: Kyurem|Pressure
|turn|11
|
|t:|1769343212
|switch|p2a: Slowking|Slowking-Galar, F|100/100
|move|p1a: Kyurem|Freeze-Dry|p2a: Slowking
|-damage|p2a: Slowking|80/100
|
|-sideend|p1: apexacer|Reflect
|upkeep
|turn|12
|
|t:|1769343219
|switch|p1a: Great Tusk|Great Tusk|100/100
|move|p2a: Slowking|Flamethrower|p1a: Great Tusk
|-damage|p1a: Great Tusk|53/100
|
|upkeep
|turn|13
|
|t:|1769343226
|switch|p2a: Zapdos|Zapdos|100/100
|move|p1a: Great Tusk|Stealth Rock|p2a: Zapdos
|-sidestart|p2: blueisnoob|move: Stealth Rock
|
|upkeep
|turn|14
|
|t:|1769343231
|-end|p1a: Great Tusk|Protosynthesis|[silent]
|switch|p1a: Grimmsnarl|Grimmsnarl, M|41/100 par
|move|p2a: Zapdos|Hurricane|p1a: Grimmsnarl
|-damage|p1a: Grimmsnarl|5/100 par
|-start|p1a: Grimmsnarl|confusion
|
|upkeep
|turn|15
|
|t:|1769343242
|-activate|p1a: Grimmsnarl|confusion
|move|p1a: Grimmsnarl|Light Screen|p1a: Grimmsnarl
|-sidestart|p1: apexacer|move: Light Screen
|move|p2a: Zapdos|Volt Switch|p1a: Grimmsnarl
|-damage|p1a: Grimmsnarl|0 fnt
|faint|p1a: Grimmsnarl
|
|t:|1769343249
|switch|p2a: Slowking|Slowking-Galar, F|100/100|[from] Volt Switch
|-damage|p2a: Slowking|88/100|[from] Stealth Rock
|
|upkeep
|
|t:|1769343256
|switch|p1a: Kingambit|Kingambit, M|100/100
|-activate|p1a: Kingambit|ability: Supreme Overlord
|-start|p1a: Kingambit|fallen2|[silent]
|turn|16
|
|t:|1769343262
|switch|p2a: Zamazenta|Zamazenta|100/100
|-damage|p2a: Zamazenta|94/100|[from] Stealth Rock
|-ability|p2a: Zamazenta|Dauntless Shield|boost
|-boost|p2a: Zamazenta|def|1
|move|p1a: Kingambit|Kowtow Cleave|p2a: Zamazenta
|-resisted|p2a: Zamazenta
|-damage|p2a: Zamazenta|71/100
|
|upkeep
|turn|17
|
|t:|1769343267
|-end|p1a: Kingambit|fallen2|[silent]
|switch|p1a: Great Tusk|Great Tusk|53/100
|move|p2a: Zamazenta|Close Combat|p1a: Great Tusk
|-damage|p1a: Great Tusk|7/100
|-unboost|p2a: Zamazenta|def|1
|-unboost|p2a: Zamazenta|spd|1
|-damage|p2a: Zamazenta|55/100|[from] item: Rocky Helmet|[of] p1a: Great Tusk
|
|upkeep
|turn|18
|
|t:|1769343276
|move|p2a: Zamazenta|Crunch|p1a: Great Tusk
|-resisted|p1a: Great Tusk
|-damage|p1a: Great Tusk|0 fnt
|-damage|p2a: Zamazenta|38/100|[from] item: Rocky Helmet|[of] p1a: Great Tusk
|faint|p1a: Great Tusk
|-end|p1a: Great Tusk|Protosynthesis|[silent]
|
|upkeep
|
|t:|1769343286
|switch|p1a: Indeedee|Indeedee, M|100/100
|-fieldstart|move: Psychic Terrain|[from] ability: Psychic Surge|[of] p1a: Indeedee
|turn|19
|
|t:|1769343292
|-terastallize|p2a: Zamazenta|Dark
|move|p1a: Indeedee|Expanding Force|p2a: Zamazenta
|-immune|p2a: Zamazenta
|move|p2a: Zamazenta|Crunch|p1a: Indeedee
|-supereffective|p1a: Indeedee
|-damage|p1a: Indeedee|0 fnt
|faint|p1a: Indeedee
|
|upkeep
|
|t:|1769343297
|switch|p1a: Kyurem|Kyurem|100/100
|-ability|p1a: Kyurem|Pressure
|turn|20
|
|t:|1769343304
|move|p1a: Kyurem|Freeze-Dry|p2a: Zamazenta
|-damage|p2a: Zamazenta|0 fnt
|faint|p2a: Zamazenta
|
|upkeep
|
|t:|1769343307
|switch|p2a: Slowking|Slowking-Galar, F|100/100
|-damage|p2a: Slowking|88/100|[from] Stealth Rock
|turn|21
|
|t:|1769343310
|switch|p1a: Kingambit|Kingambit, M|100/100
|-activate|p1a: Kingambit|ability: Supreme Overlord
|-start|p1a: Kingambit|fallen4|[silent]
|move|p2a: Slowking|Flamethrower|p1a: Kingambit
|-supereffective|p1a: Kingambit
|-damage|p1a: Kingambit|71/100
|
|upkeep
|turn|22
|
|t:|1769343315
|switch|p2a: Great Tusk|Great Tusk, shiny|100/100
|move|p1a: Kingambit|Iron Head|p2a: Great Tusk
|-damage|p2a: Great Tusk|52/100
|
|-sideend|p1: apexacer|move: Light Screen
|upkeep
|turn|23
|
|t:|1769343324
|-end|p1a: Kingambit|fallen4|[silent]
|switch|p1a: Kyurem|Kyurem|100/100
|-ability|p1a: Kyurem|Pressure
|move|p2a: Great Tusk|Headlong Rush|p1a: Kyurem
|-damage|p1a: Kyurem|38/100
|-unboost|p2a: Great Tusk|def|1
|-unboost|p2a: Great Tusk|spd|1
|
|-fieldend|move: Psychic Terrain
|upkeep
|turn|24
|
|t:|1769343333
|-end|p2a: Great Tusk|Protosynthesis|[silent]
|switch|p2a: Slowking|Slowking-Galar, F|100/100
|-damage|p2a: Slowking|88/100|[from] Stealth Rock
|move|p1a: Kyurem|Draco Meteor|p2a: Slowking|[miss]
|-miss|p1a: Kyurem|p2a: Slowking
|
|upkeep
|turn|25
|
|t:|1769343339
|switch|p1a: Kingambit|Kingambit, M|71/100
|-activate|p1a: Kingambit|ability: Supreme Overlord
|-start|p1a: Kingambit|fallen4|[silent]
|move|p2a: Slowking|Flamethrower|p1a: Kingambit
|-supereffective|p1a: Kingambit
|-damage|p1a: Kingambit|17/100
|
|upkeep
|turn|26
|
|t:|1769343345
|move|p1a: Kingambit|Iron Head|p2a: Slowking
|-crit|p2a: Slowking
|-damage|p2a: Slowking|0 fnt
|faint|p2a: Slowking
|
|upkeep
|
|t:|1769343348
|switch|p2a: Ogerpon|Ogerpon-Wellspring, F|100/100
|-damage|p2a: Ogerpon|88/100|[from] Stealth Rock
|turn|27
|
|t:|1769343352
|move|p1a: Kingambit|Sucker Punch|p2a: Ogerpon
|-damage|p2a: Ogerpon|0 fnt
|faint|p2a: Ogerpon
|
|upkeep
|
|t:|1769343356
|switch|p2a: Great Tusk|Great Tusk, shiny|52/100
|turn|28
|
|t:|1769343360
|move|p1a: Kingambit|Sucker Punch|p2a: Great Tusk
|-resisted|p2a: Great Tusk
|-damage|p2a: Great Tusk|26/100
|move|p2a: Great Tusk|Headlong Rush|p1a: Kingambit
|-supereffective|p1a: Kingambit
|-damage|p1a: Kingambit|0 fnt
|-unboost|p2a: Great Tusk|def|1
|-unboost|p2a: Great Tusk|spd|1
|faint|p1a: Kingambit
|-end|p1a: Kingambit|fallen4|[silent]
|
|upkeep
|
|t:|1769343367
|switch|p1a: Kyurem|Kyurem|38/100
|-ability|p1a: Kyurem|Pressure
|turn|29
|
|t:|1769343372
|move|p1a: Kyurem|Freeze-Dry|p2a: Great Tusk
|-supereffective|p2a: Great Tusk
|-damage|p2a: Great Tusk|0 fnt
|faint|p2a: Great Tusk
|-end|p2a: Great Tusk|Protosynthesis|[silent]
|
|upkeep
|
|t:|1769343374
|switch|p2a: Zapdos|Zapdos|100/100
|turn|30
|
|t:|1769343377
|move|p1a: Kyurem|Freeze-Dry|p2a: Zapdos
|-supereffective|p2a: Zapdos
|-damage|p2a: Zapdos|25/100
|move|p2a: Zapdos|Thunder Wave|p1a: Kyurem
|-status|p1a: Kyurem|par
|
|upkeep
|turn|31
|
|t:|1769343383
|move|p2a: Zapdos|Roost|p2a: Zapdos
|-heal|p2a: Zapdos|75/100
|-singleturn|p2a: Zapdos|move: Roost
|move|p1a: Kyurem|Freeze-Dry|p2a: Zapdos
|-damage|p2a: Zapdos|39/100
|
|upkeep
|turn|32
|
|t:|1769343390
|move|p2a: Zapdos|Roost|p2a: Zapdos
|-heal|p2a: Zapdos|89/100
|-singleturn|p2a: Zapdos|move: Roost
|move|p1a: Kyurem|Freeze-Dry|p2a: Zapdos
|-damage|p2a: Zapdos|49/100
|
|upkeep
|turn|33
|
|t:|1769343396
|move|p2a: Zapdos|Roost|p2a: Zapdos
|-heal|p2a: Zapdos|99/100
|-singleturn|p2a: Zapdos|move: Roost
|move|p1a: Kyurem|Freeze-Dry|p2a: Zapdos
|-damage|p2a: Zapdos|60/100
|
|upkeep
|turn|34
|
|t:|1769343403
|move|p2a: Zapdos|Roost|p2a: Zapdos
|-heal|p2a: Zapdos|100/100
|-singleturn|p2a: Zapdos|move: Roost
|move|p1a: Kyurem|Freeze-Dry|p2a: Zapdos
|-damage|p2a: Zapdos|62/100
|
|upkeep
|turn|35
|
|t:|1769343410
|move|p2a: Zapdos|Roost|p2a: Zapdos
|-heal|p2a: Zapdos|100/100
|-singleturn|p2a: Zapdos|move: Roost
|move|p1a: Kyurem|Freeze-Dry|p2a: Zapdos
|-damage|p2a: Zapdos|59/100
|
|upkeep
|turn|36
|
|t:|1769343418
|move|p2a: Zapdos|Roost|p2a: Zapdos
|-heal|p2a: Zapdos|100/100
|-singleturn|p2a: Zapdos|move: Roost
|cant|p1a: Kyurem|par
|
|upkeep
|turn|37
|
|t:|1769343423
|move|p2a: Zapdos|Hurricane|p1a: Kyurem|[miss]
|-miss|p2a: Zapdos|p1a: Kyurem
|move|p1a: Kyurem|Freeze-Dry|p2a: Zapdos
|-supereffective|p2a: Zapdos
|-damage|p2a: Zapdos|17/100
|
|upkeep
|turn|38
|
|t:|1769343429
|move|p2a: Zapdos|Roost|p2a: Zapdos
|-heal|p2a: Zapdos|67/100
|-singleturn|p2a: Zapdos|move: Roost
|move|p1a: Kyurem|Freeze-Dry|p2a: Zapdos
|-damage|p2a: Zapdos|25/100
|
|upkeep
|turn|39
|
|t:|1769343438
|move|p2a: Zapdos|Roost|p2a: Zapdos
|-heal|p2a: Zapdos|75/100
|-singleturn|p2a: Zapdos|move: Roost
|move|p1a: Kyurem|Freeze-Dry|p2a: Zapdos
|-damage|p2a: Zapdos|39/100
|-status|p2a: Zapdos|frz
|
|upkeep
|turn|40
|
|t:|1769343442
|cant|p2a: Zapdos|frz
|move|p1a: Kyurem|Freeze-Dry|p2a: Zapdos
|-supereffective|p2a: Zapdos
|-damage|p2a: Zapdos|0 fnt
|faint|p2a: Zapdos
|
|win|apexacer
|raw|apexacer's rating: 1509 &rarr; <strong>1529</strong><br />(+20 for winning)
|raw|blueisnoob's rating: 1516 &rarr; <strong>1496</strong><br />(-20 for losing)
|l|☆blueisnoob
|player|p2|
|l|☆apexacer
|player|p1|
