|j|☆GenGarIsCrazy20
|j|☆its called
|t:|1769377169
|gametype|singles
|player|p1|GenGarIsCrazy20|cynthia-gen4|1172
|player|p2|its called|blue|1183
|gen|9
|tier|[Gen 9] OU
|rated|
|rule|HP Percentage Mod: HP is shown in percentages
|rule|Endless Battle Clause: Forcing endless battles is banned
|rule|Species Clause: Limit one of each Pokémon
|rule|OHKO Clause: OHKO moves are banned
|rule|Evasion Items Clause: Evasion items are banned
|rule|Evasion Moves Clause: Evasion moves are banned
|rule|Evasion Abilities Clause: Evasion abilities are banned
|rule|Sleep Moves Clause: Sleep-inducing moves are banned
|clearpoke
|poke|p1|Lucario, M|
|poke|p1|Garchomp, M|
|poke|p1|Spiritomb, M|
|poke|p1|Milotic, F|
|poke|p1|Eelektross, M|
|poke|p1|Braviary, M|
|poke|p2|Alomomola, M|
|poke|p2|Blissey, F|
|poke|p2|Clodsire, F|
|poke|p2|Gliscor, F|
|poke|p2|Dondozo, F|
|poke|p2|Muk, F|
|teampreview
|inactive|Battle timer is ON: inactive players will automatically lose when time's up. (requested by its called)
|
|t:|1769377181
|teamsize|p1|6
|teamsize|p2|6
|start
|switch|p1a: Garchomp|Garchomp, M|100/100
|switch|p2a: Gliscor|Gliscor, F|100/100
|turn|1
|
|t:|1769377188
|move|p1a: Garchomp|Substitute|p1a: Garchomp
|-start|p1a: Garchomp|Substitute
|-damage|p1a: Garchomp|76/100
|move|p2a: Gliscor|Spikes|p1a: Garchomp
|-sidestart|p1: GenGarIsCrazy20|Spikes
|
|-heal|p1a: Garchomp|82/100|[from] item: Leftovers
|-status|p2a: Gliscor|tox|[from] item: Toxic Orb
|upkeep
|turn|2
|
|t:|1769377198
|move|p1a: Garchomp|Swords Dance|p1a: Garchomp
|-boost|p1a: Garchomp|atk|2
|move|p2a: Gliscor|Spikes|p1a: Garchomp
|-sidestart|p1: GenGarIsCrazy20|Spikes
|
|-heal|p1a: Garchomp|88/100|[from] item: Leftovers
|upkeep
|turn|3
|
|t:|1769377207
|switch|p2a: Dondozo|Dondozo, F|100/100
|move|p1a: Garchomp|Swords Dance|p1a: Garchomp
|-boost|p1a: Garchomp|atk|2
|
|-heal|p1a: Garchomp|94/100|[from] item: Leftovers
|upkeep
|turn|4
|
|t:|1769377216
|move|p1a: Garchomp|Earthquake|p2a: Dondozo
|-damage|p2a: Dondozo|78/100
|move|p2a: Dondozo|Curse|p2a: Dondozo
|-unboost|p2a: Dondozo|spe|1
|-boost|p2a: Dondozo|atk|1
|-boost|p2a: Dondozo|def|1
|
|-heal|p1a: Garchomp|99/100|[from] item: Leftovers
|upkeep
|turn|5
|
|t:|1769377227
|move|p1a: Garchomp|Earthquake|p2a: Dondozo
|-damage|p2a: Dondozo|64/100
|move|p2a: Dondozo|Curse|p2a: Dondozo
|-unboost|p2a: Dondozo|spe|1
|-boost|p2a: Dondozo|atk|1
|-boost|p2a: Dondozo|def|1
|
|-heal|p1a: Garchomp|100/100|[from] item: Leftovers
|upkeep
|turn|6
|
|t:|1769377242
|move|p1a: Garchomp|Earthquake|p2a: Dondozo
|-damage|p2a: Dondozo|53/100
|move|p2a: Dondozo|Body Press|p1a: Garchomp
|-end|p1a: Garchomp|Substitute
|
|upkeep
|turn|7
|
|t:|1769377250
|switch|p1a: Spiritomb|Spiritomb, M|100/100
|-damage|p1a: Spiritomb|84/100|[from] Spikes
|move|p2a: Dondozo|Body Press|p1a: Spiritomb
|-immune|p1a: Spiritomb
|
|-heal|p1a: Spiritomb|90/100|[from] item: Leftovers
|upkeep
|turn|8
|
|t:|1769377262
|switch|p2a: Blissey|Blissey, F|100/100
|move|p1a: Spiritomb|Will-O-Wisp|p2a: Blissey
|-status|p2a: Blissey|brn
|
|-heal|p1a: Spiritomb|96/100|[from] item: Leftovers
|-damage|p2a: Blissey|94/100 brn|[from] brn
|upkeep
|turn|9
|
|t:|1769377288
|switch|p1a: Braviary|Braviary, M|100/100
|move|p2a: Blissey|Stealth Rock|p1a: Braviary
|-sidestart|p1: GenGarIsCrazy20|move: Stealth Rock
|
|-damage|p2a: Blissey|88/100 brn|[from] brn
|upkeep
|turn|10
|
|t:|1769377298
|-curestatus|p2a: Blissey|brn|[from] ability: Natural Cure
|switch|p2a: Gliscor|Gliscor, F|100/100 tox
|move|p1a: Braviary|Brave Bird|p2a: Gliscor
|-damage|p2a: Gliscor|64/100 tox
|-damage|p1a: Braviary|88/100|[from] Recoil
|
|-heal|p2a: Gliscor|76/100 tox|[from] ability: Poison Heal
|upkeep
|turn|11
|
|t:|1769377309
|move|p1a: Braviary|Brave Bird|p2a: Gliscor
|-damage|p2a: Gliscor|37/100 tox
|-damage|p1a: Braviary|75/100|[from] Recoil
|move|p2a: Gliscor|Knock Off|p1a: Braviary
|-crit|p1a: Braviary
|-damage|p1a: Braviary|31/100
|-enditem|p1a: Braviary|Choice Scarf|[from] move: Knock Off|[of] p2a: Gliscor
|
|-heal|p2a: Gliscor|50/100 tox|[from] ability: Poison Heal
|upkeep
|turn|12
|
|t:|1769377322
|move|p2a: Gliscor|Protect|p2a: Gliscor
|-singleturn|p2a: Gliscor|Protect
|move|p1a: Braviary|Brave Bird|p2a: Gliscor
|-activate|p2a: Gliscor|move: Protect
|
|-heal|p2a: Gliscor|62/100 tox|[from] ability: Poison Heal
|upkeep
|turn|13
|
|t:|1769377332
|move|p1a: Braviary|Brave Bird|p2a: Gliscor
|-damage|p2a: Gliscor|24/100 tox
|-damage|p1a: Braviary|17/100|[from] Recoil
|move|p2a: Gliscor|Spikes|p1a: Braviary
|-sidestart|p1: GenGarIsCrazy20|Spikes
|
|-heal|p2a: Gliscor|37/100 tox|[from] ability: Poison Heal
|upkeep
|turn|14
|
|t:|1769377341
|move|p2a: Gliscor|Protect|p2a: Gliscor
|-singleturn|p2a: Gliscor|Protect
|move|p1a: Braviary|Brave Bird|p2a: Gliscor
|-activate|p2a: Gliscor|move: Protect
|
|-heal|p2a: Gliscor|49/100 tox|[from] ability: Poison Heal
|upkeep
|turn|15
|
|t:|1769377350
|switch|p2a: Alomomola|Alomomola, M|100/100
|move|p1a: Braviary|Brave Bird|p2a: Alomomola
|-damage|p2a: Alomomola|63/100
|-damage|p1a: Braviary|0 fnt|[from] Recoil
|faint|p1a: Braviary
|
|upkeep
|
|t:|1769377363
|switch|p1a: Garchomp|Garchomp, M|100/100
|-damage|p1a: Garchomp|76/100|[from] Spikes
|-damage|p1a: Garchomp|69/100|[from] Stealth Rock
|turn|16
|-message|GenGarIsCrazy20 forfeited.
|
|win|its called
|raw|GenGarIsCrazy20's rating: 1172 &rarr; <strong>1148</strong><br />(-24 for losing)
|raw|its called's rating: 1183 &rarr; <strong>1207</strong><br />(+24 for winning)
|l|☆GenGarIsCrazy20
|player|p1|
|l|☆its called
|player|p2|
