|j|☆fangcunaite
|j|☆yzyang
|t:|1769347293
|gametype|singles
|player|p1|fangcunaite|clair|1349
|player|p2|yzyang|101|1294
|gen|9
|tier|[Gen 9] OU
|rated|
|rule|HP Percentage Mod: HP is shown in percentages
|rule|Endless Battle Clause: Forcing endless battles is banned
|rule|Species Clause: Limit one of each Pokémon
|rule|OHKO Clause: OHKO moves are banned
|rule|Evasion Items Clause: Evasion items are banned
|rule|Evasion Moves Clause: Evasion moves are banned
|rule|Evasion Abilities Clause: Evasion abilities are banned
|rule|Sleep Moves Clause: Sleep-inducing moves are banned
|clearpoke
|poke|p1|Pincurchin, M|
|poke|p1|Venusaur, F|
|poke|p1|Raging Bolt|
|poke|p1|Torkoal, M|
|poke|p1|Hawlucha, F|
|poke|p1|Great Tusk|
|poke|p2|Alomomola, F|
|poke|p2|Gliscor, F|
|poke|p2|Gardevoir, F|
|poke|p2|Ambipom, F|
|poke|p2|Corviknight, F|
|poke|p2|Blaziken, M|
|teampreview
|inactive|Battle timer is ON: inactive players will automatically lose when time's up. (requested by fangcunaite)
|
|t:|1769347316
|teamsize|p1|6
|teamsize|p2|6
|start
|switch|p1a: Torkoal|Torkoal, M|100/100
|switch|p2a: Ambipom|Ambipom, F|100/100
|-weather|SunnyDay|[from] ability: Drought|[of] p1a: Torkoal
|turn|1
|
|t:|1769347324
|switch|p1a: Pincurchin|Pincurchin, M|100/100
|-fieldstart|move: Electric Terrain|[from] ability: Electric Surge|[of] p1a: Pincurchin
|move|p2a: Ambipom|Fake Out|p1a: Pincurchin
|-damage|p1a: Pincurchin|64/100
|-enditem|p1a: Pincurchin|Eject Button
|
|t:|1769347332
|switch|p1a: Hawlucha|Hawlucha, F|100/100
|-enditem|p1a: Hawlucha|Electric Seed
|-boost|p1a: Hawlucha|def|1|[from] item: Electric Seed
|
|-weather|SunnyDay|[upkeep]
|upkeep
|turn|2
|
|t:|1769347350
|switch|p2a: Alomomola|Alomomola, F|100/100
|move|p1a: Hawlucha|Substitute|p1a: Hawlucha
|-start|p1a: Hawlucha|Substitute
|-damage|p1a: Hawlucha|76/100
|
|-weather|SunnyDay|[upkeep]
|upkeep
|turn|3
|
|t:|1769347358
|move|p1a: Hawlucha|Swords Dance|p1a: Hawlucha
|-boost|p1a: Hawlucha|atk|2
|move|p2a: Alomomola|Flip Turn|p1a: Hawlucha
|-activate|p1a: Hawlucha|move: Substitute|[damage]
|
|t:|1769347372
|switch|p2a: Gardevoir|Gardevoir, F, shiny|100/100|[from] Flip Turn
|-ability|p2a: Gardevoir|Unburden|Trace|[from] ability: Trace|[of] p1a: Hawlucha
|
|-weather|SunnyDay|[upkeep]
|upkeep
|turn|4
|
|t:|1769347385
|move|p1a: Hawlucha|Swords Dance|p1a: Hawlucha
|-boost|p1a: Hawlucha|atk|2
|move|p2a: Gardevoir|Moonblast|p1a: Hawlucha
|-supereffective|p1a: Hawlucha
|-end|p1a: Hawlucha|Substitute
|
|-weather|SunnyDay|[upkeep]
|upkeep
|turn|5
|
|t:|1769347394
|move|p1a: Hawlucha|Acrobatics|p2a: Gardevoir
|-damage|p2a: Gardevoir|0 fnt
|faint|p2a: Gardevoir
|
|-weather|SunnyDay|[upkeep]
|-fieldend|move: Electric Terrain
|upkeep
|
|t:|1769347408
|switch|p2a: Ambipom|Ambipom, F|100/100
|turn|6
|
|t:|1769347415
|move|p2a: Ambipom|Fake Out|p1a: Hawlucha
|-damage|p1a: Hawlucha|34/100
|cant|p1a: Hawlucha|flinch
|
|-weather|SunnyDay|[upkeep]
|upkeep
|turn|7
|
|t:|1769347424
|switch|p2a: Corviknight|Corviknight, F|100/100
|-ability|p2a: Corviknight|Pressure
|move|p1a: Hawlucha|Drain Punch|p2a: Corviknight
|-damage|p2a: Corviknight|29/100
|-heal|p1a: Hawlucha|75/100|[from] drain|[of] p2a: Corviknight
|-damage|p1a: Hawlucha|58/100|[from] item: Rocky Helmet|[of] p2a: Corviknight
|
|-weather|SunnyDay|[upkeep]
|upkeep
|turn|8
|
|t:|1769347437
|switch|p2a: Alomomola|Alomomola, F|100/100
|move|p1a: Hawlucha|Drain Punch|p2a: Alomomola
|-damage|p2a: Alomomola|30/100
|-heal|p1a: Hawlucha|100/100|[from] drain|[of] p2a: Alomomola
|
|-weather|none
|upkeep
|turn|9
|-message|yzyang forfeited.
|
|win|fangcunaite
|raw|fangcunaite's rating: 1349 &rarr; <strong>1366</strong><br />(+17 for winning)
|raw|yzyang's rating: 1294 &rarr; <strong>1273</strong><br />(-21 for losing)
|l|☆yzyang
|player|p2|
|l|☆fangcunaite
|player|p1|
