|j|☆Terttudjdje
|j|☆trashacc1
|t:|1769334203
|gametype|singles
|player|p1|Terttudjdje|266|1235
|player|p2|trashacc1|cynthia-gen4|1222
|gen|9
|tier|[Gen 9] OU
|rated|
|rule|HP Percentage Mod: HP is shown in percentages
|rule|Endless Battle Clause: Forcing endless battles is banned
|rule|Species Clause: Limit one of each Pokémon
|rule|OHKO Clause: OHKO moves are banned
|rule|Evasion Items Clause: Evasion items are banned
|rule|Evasion Moves Clause: Evasion moves are banned
|rule|Evasion Abilities Clause: Evasion abilities are banned
|rule|Sleep Moves Clause: Sleep-inducing moves are banned
|clearpoke
|poke|p1|Toxapex, F|
|poke|p1|Gliscor, F|
|poke|p1|Slaking, M|
|poke|p1|Heatran, F|
|poke|p1|Great Tusk|
|poke|p1|Alomomola, M|
|poke|p2|Hydrapple, F|
|poke|p2|Moltres|
|poke|p2|Slowking-Galar, M|
|poke|p2|Zamazenta-*|
|poke|p2|Iron Treads|
|poke|p2|Hydreigon, F|
|teampreview
|inactive|Battle timer is ON: inactive players will automatically lose when time's up. (requested by Terttudjdje)
|
|t:|1769334213
|teamsize|p1|6
|teamsize|p2|6
|start
|switch|p1a: Slaking|Slaking, M|100/100
|switch|p2a: Leviathan|Hydreigon, F, shiny|100/100
|turn|1
|
|t:|1769334228
|switch|p2a: Phenix|Moltres|100/100
|move|p1a: Slaking|Double-Edge|p2a: Phenix
|-damage|p2a: Phenix|0 fnt
|faint|p2a: Phenix
|-damage|p1a: Slaking|72/100|[from] Recoil
|
|upkeep
|
|t:|1769334242
|switch|p2a: Leviathan|Hydreigon, F, shiny|100/100
|turn|2
|
|t:|1769334258
|switch|p1a: Gliscor|Gliscor, F|100/100
|move|p2a: Leviathan|Nasty Plot|p2a: Leviathan
|-boost|p2a: Leviathan|spa|2
|
|-status|p1a: Gliscor|tox|[from] item: Toxic Orb
|upkeep
|turn|3
|
|t:|1769334269
|move|p2a: Leviathan|Taunt|p1a: Gliscor
|-start|p1a: Gliscor|move: Taunt
|move|p1a: Gliscor|Knock Off|p2a: Leviathan
|-resisted|p2a: Leviathan
|-damage|p2a: Leviathan|90/100
|-enditem|p2a: Leviathan|Leftovers|[from] move: Knock Off|[of] p1a: Gliscor
|
|upkeep
|turn|4
|
|t:|1769334289
|switch|p1a: Toxapex|Toxapex, F|100/100
|move|p2a: Leviathan|Dragon Pulse|p1a: Toxapex
|-damage|p1a: Toxapex|43/100
|
|-heal|p1a: Toxapex|49/100|[from] item: Leftovers
|upkeep
|turn|5
|
|t:|1769334302
|-terastallize|p1a: Toxapex|Steel
|move|p2a: Leviathan|Dragon Pulse|p1a: Toxapex
|-resisted|p1a: Toxapex
|-damage|p1a: Toxapex|23/100
|move|p1a: Toxapex|Toxic|p2a: Leviathan
|-status|p2a: Leviathan|tox
|
|-heal|p1a: Toxapex|29/100|[from] item: Leftovers
|-damage|p2a: Leviathan|84/100 tox|[from] psn
|upkeep
|turn|6
|inactive|Terttudjdje has 120 seconds left.
|
|t:|1769334338
|switch|p1a: Heatran|Heatran, F|100/100
|move|p2a: Leviathan|Flamethrower|p1a: Heatran
|-start|p1a: Heatran|ability: Flash Fire
|
|-damage|p2a: Leviathan|72/100 tox|[from] psn
|upkeep
|turn|7
|
|t:|1769334347
|switch|p2a: Belial|Slowking-Galar, M|100/100
|move|p1a: Heatran|Protect||[still]
|-fail|p1a: Heatran
|
|upkeep
|turn|8
|
|t:|1769334353
|-end|p1a: Heatran|ability: Flash Fire|[silent]
|switch|p1a: Slaking|Slaking, M|72/100
|move|p2a: Belial|Thunder Wave|p1a: Slaking
|-status|p1a: Slaking|par
|
|upkeep
|turn|9
|
|t:|1769334370
|switch|p2a: Behemoth|Iron Treads|100/100
|move|p1a: Slaking|Knock Off|p2a: Behemoth
|-damage|p2a: Behemoth|55/100
|-enditem|p2a: Behemoth|Heavy-Duty Boots|[from] move: Knock Off|[of] p1a: Slaking
|
|upkeep
|turn|10
|
|t:|1769334380
|switch|p1a: Alomomola|Alomomola, M|100/100
|move|p2a: Behemoth|Stealth Rock|p1a: Alomomola
|-sidestart|p1: Terttudjdje|move: Stealth Rock
|
|upkeep
|turn|11
|
|t:|1769334395
|-end|p2a: Behemoth|Quark Drive|[silent]
|switch|p2a: Leviathan|Hydreigon, F, shiny|72/100 tox
|move|p1a: Alomomola|Flip Turn|p2a: Leviathan
|-resisted|p2a: Leviathan
|-damage|p2a: Leviathan|63/100 tox
|
|t:|1769334407
|switch|p1a: Great Tusk|Great Tusk|100/100|[from] Flip Turn
|
|-damage|p2a: Leviathan|57/100 tox|[from] psn
|upkeep
|turn|12
|
|t:|1769334427
|move|p2a: Leviathan|Dragon Pulse|p1a: Great Tusk
|-damage|p1a: Great Tusk|37/100
|move|p1a: Great Tusk|Ice Spinner|p2a: Leviathan
|-supereffective|p2a: Leviathan
|-damage|p2a: Leviathan|0 fnt
|faint|p2a: Leviathan
|
|upkeep
|
|t:|1769334434
|switch|p2a: Fenrir|Zamazenta|100/100
|-ability|p2a: Fenrir|Dauntless Shield|boost
|-boost|p2a: Fenrir|def|1
|turn|13
|
|t:|1769334445
|move|p2a: Fenrir|Close Combat|p1a: Great Tusk
|-damage|p1a: Great Tusk|0 fnt
|-unboost|p2a: Fenrir|def|1
|-unboost|p2a: Fenrir|spd|1
|faint|p1a: Great Tusk
|-end|p1a: Great Tusk|Protosynthesis|[silent]
|-damage|p2a: Fenrir|91/100|[from] item: Life Orb
|
|upkeep
|inactive|Terttudjdje has 90 seconds left.
|
|t:|1769334463
|switch|p1a: Alomomola|Alomomola, M|100/100
|-damage|p1a: Alomomola|88/100|[from] Stealth Rock
|turn|14
|
|t:|1769334472
|move|p2a: Fenrir|Close Combat|p1a: Alomomola
|-damage|p1a: Alomomola|44/100
|-unboost|p2a: Fenrir|def|1
|-unboost|p2a: Fenrir|spd|1
|-damage|p2a: Fenrir|74/100|[from] item: Rocky Helmet|[of] p1a: Alomomola
|-damage|p2a: Fenrir|64/100|[from] item: Life Orb
|move|p1a: Alomomola|Wish|p1a: Alomomola
|
|upkeep
|turn|15
|
|t:|1769334482
|switch|p2a: Shiva|Hydrapple, F|100/100
|switch|p1a: Gliscor|Gliscor, F|100/100 tox
|-damage|p1a: Gliscor|88/100 tox|[from] Stealth Rock
|
|-heal|p1a: Gliscor|100/100 tox|[from] move: Wish|[wisher] Alomomola
|upkeep
|turn|16
|
|t:|1769334509
|move|p1a: Gliscor|Knock Off|p2a: Shiva
|-damage|p2a: Shiva|90/100
|-damage|p1a: Gliscor|84/100 tox|[from] item: Rocky Helmet|[of] p2a: Shiva
|-enditem|p2a: Shiva|Rocky Helmet|[from] move: Knock Off|[of] p1a: Gliscor
|move|p2a: Shiva|Nasty Plot|p2a: Shiva
|-boost|p2a: Shiva|spa|2
|
|-heal|p1a: Gliscor|96/100 tox|[from] ability: Poison Heal
|upkeep
|turn|17
|
|t:|1769334524
|-terastallize|p2a: Shiva|Poison
|move|p1a: Gliscor|Spikes|p2a: Shiva
|-sidestart|p2: trashacc1|Spikes
|move|p2a: Shiva|Giga Drain|p1a: Gliscor
|-damage|p1a: Gliscor|48/100 tox
|-heal|p2a: Shiva|100/100|[from] drain|[of] p1a: Gliscor
|
|-heal|p1a: Gliscor|60/100 tox|[from] ability: Poison Heal
|upkeep
|turn|18
|
|t:|1769334534
|move|p1a: Gliscor|Earthquake|p2a: Shiva
|-supereffective|p2a: Shiva
|-damage|p2a: Shiva|70/100
|move|p2a: Shiva|Nasty Plot|p2a: Shiva
|-boost|p2a: Shiva|spa|2
|
|-heal|p1a: Gliscor|73/100 tox|[from] ability: Poison Heal
|upkeep
|turn|19
|
|t:|1769334543
|move|p1a: Gliscor|Earthquake|p2a: Shiva
|-supereffective|p2a: Shiva
|-damage|p2a: Shiva|36/100
|move|p2a: Shiva|Giga Drain|p1a: Gliscor
|-damage|p1a: Gliscor|0 fnt
|-heal|p2a: Shiva|67/100|[from] drain|[of] p1a: Gliscor
|faint|p1a: Gliscor
|
|upkeep
|
|t:|1769334555
|switch|p1a: Slaking|Slaking, M|72/100 par
|-damage|p1a: Slaking|59/100 par|[from] Stealth Rock
|turn|20
|
|t:|1769334571
|switch|p2a: Belial|Slowking-Galar, M|100/100
|cant|p1a: Slaking|par
|
|upkeep
|turn|21
|
|t:|1769334578
|cant|p1a: Slaking|ability: Truant
|move|p2a: Belial|Future Sight|p1a: Slaking
|-start|p2a: Belial|move: Future Sight
|
|upkeep
|turn|22
|
|t:|1769334583
|switch|p2a: Behemoth|Iron Treads|55/100
|-damage|p2a: Behemoth|43/100|[from] Spikes
|cant|p1a: Slaking|par
|
|upkeep
|turn|23
|
|t:|1769334590
|switch|p1a: Toxapex|Toxapex, F, tera:Steel|62/100
|-damage|p1a: Toxapex|56/100|[from] Stealth Rock
|move|p2a: Behemoth|Earthquake|p1a: Toxapex
|-supereffective|p1a: Toxapex
|-damage|p1a: Toxapex|0 fnt
|faint|p1a: Toxapex
|
|-hint|Future Sight did not hit because the target is fainted.
|upkeep
|inactive|Terttudjdje has 120 seconds left.
|
|t:|1769334603
|switch|p1a: Alomomola|Alomomola, M|78/100
|-damage|p1a: Alomomola|65/100|[from] Stealth Rock
|turn|24
|
|t:|1769334610
|-end|p2a: Behemoth|Quark Drive|[silent]
|switch|p2a: Belial|Slowking-Galar, M|100/100
|move|p1a: Alomomola|Wish|p1a: Alomomola
|
|upkeep
|turn|25
|
|t:|1769334619
|move|p1a: Alomomola|Flip Turn|p2a: Belial
|-damage|p2a: Belial|82/100
|
|t:|1769334622
|switch|p1a: Slaking|Slaking, M|59/100 par|[from] Flip Turn
|-damage|p1a: Slaking|47/100 par|[from] Stealth Rock
|move|p2a: Belial|Future Sight|p1a: Slaking
|-start|p2a: Belial|move: Future Sight
|
|-heal|p1a: Slaking|100/100 par|[from] move: Wish|[wisher] Alomomola
|upkeep
|turn|26
|
|t:|1769334632
|switch|p2a: Behemoth|Iron Treads|43/100
|-damage|p2a: Behemoth|31/100|[from] Spikes
|move|p1a: Slaking|Earthquake|p2a: Behemoth
|-supereffective|p2a: Behemoth
|-damage|p2a: Behemoth|0 fnt
|faint|p2a: Behemoth
|-end|p2a: Behemoth|Quark Drive|[silent]
|
|upkeep
|
|t:|1769334640
|switch|p2a: Fenrir|Zamazenta|64/100
|-damage|p2a: Fenrir|52/100|[from] Spikes
|turn|27
|
|t:|1769334645
|switch|p1a: Alomomola|Alomomola, M|99/100
|-damage|p1a: Alomomola|86/100|[from] Stealth Rock
|move|p2a: Fenrir|Close Combat|p1a: Alomomola
|-damage|p1a: Alomomola|43/100
|-unboost|p2a: Fenrir|def|1
|-unboost|p2a: Fenrir|spd|1
|-damage|p2a: Fenrir|35/100|[from] item: Rocky Helmet|[of] p1a: Alomomola
|-damage|p2a: Fenrir|25/100|[from] item: Life Orb
|
|-end|p1a: Alomomola|move: Future Sight
|-damage|p1a: Alomomola|0 fnt
|faint|p1a: Alomomola
|upkeep
|
|t:|1769334665
|switch|p1a: Heatran|Heatran, F|100/100
|-damage|p1a: Heatran|88/100|[from] Stealth Rock
|turn|28
|-message|Terttudjdje forfeited.
|
|win|trashacc1
|raw|Terttudjdje's rating: 1235 &rarr; <strong>1209</strong><br />(-26 for losing)
|raw|trashacc1's rating: 1222 &rarr; <strong>1248</strong><br />(+26 for winning)
|l|☆Terttudjdje
|player|p1|
|l|☆trashacc1
|player|p2|
