|j|☆maneki uwu
|j|☆INTZ2902
|t:|1769423323
|gametype|singles
|player|p1|maneki uwu|serena-masters2|1120
|player|p2|INTZ2902|youngster-gen4dp|1097
|gen|9
|tier|[Gen 9] OU
|rated|
|rule|HP Percentage Mod: HP is shown in percentages
|rule|Endless Battle Clause: Forcing endless battles is banned
|rule|Species Clause: Limit one of each Pokémon
|rule|OHKO Clause: OHKO moves are banned
|rule|Evasion Items Clause: Evasion items are banned
|rule|Evasion Moves Clause: Evasion moves are banned
|rule|Evasion Abilities Clause: Evasion abilities are banned
|rule|Sleep Moves Clause: Sleep-inducing moves are banned
|clearpoke
|poke|p1|Glimmet, L1, F|
|poke|p1|Corviknight, F|
|poke|p1|Treecko, L1, F|
|poke|p1|Ceruledge, M|
|poke|p1|Clefable, F|
|poke|p1|Pikachu, F|
|poke|p2|Raging Bolt|
|poke|p2|Ceruledge, F|
|poke|p2|Hatterene, F|
|poke|p2|Weezing-Galar, M|
|poke|p2|Garchomp, F|
|poke|p2|Umbreon, M|
|teampreview
|
|t:|1769423341
|teamsize|p1|6
|teamsize|p2|6
|start
|switch|p1a: Salad|Treecko, L1, F|100/100
|switch|p2a: Garchomp|Garchomp, F|100/100
|turn|1
|
|t:|1769423347
|move|p2a: Garchomp|Stealth Rock|p1a: Salad
|-sidestart|p1: maneki uwu|move: Stealth Rock
|move|p1a: Salad|Endeavor|p2a: Garchomp
|-damage|p2a: Garchomp|3/100
|-damage|p1a: Salad|92/100|[from] ability: Rough Skin|[of] p2a: Garchomp
|-damage|p1a: Salad|75/100|[from] item: Rocky Helmet|[of] p2a: Garchomp
|
|upkeep
|turn|2
|
|t:|1769423360
|switch|p1a: Boeing 707|Corviknight, F|100/100
|-damage|p1a: Boeing 707|88/100|[from] Stealth Rock
|-ability|p1a: Boeing 707|Pressure
|move|p2a: Garchomp|Poison Jab|p1a: Boeing 707
|-immune|p1a: Boeing 707
|
|upkeep
|turn|3
|
|t:|1769423377
|switch|p2a: Ceruledge|Ceruledge, F|100/100
|move|p1a: Boeing 707|Iron Defense|p1a: Boeing 707
|-boost|p1a: Boeing 707|def|2
|
|upkeep
|turn|4
|
|t:|1769423385
|switch|p1a: OwO|Clefable, F|100/100
|move|p2a: Ceruledge|Bitter Blade|p1a: OwO
|-damage|p1a: OwO|68/100
|
|upkeep
|turn|5
|
|t:|1769423396
|move|p2a: Ceruledge|Swords Dance|p2a: Ceruledge
|-boost|p2a: Ceruledge|atk|2
|move|p1a: OwO|Moonblast|p2a: Ceruledge
|-resisted|p2a: Ceruledge
|-damage|p2a: Ceruledge|81/100
|-unboost|p2a: Ceruledge|spa|1
|
|upkeep
|turn|6
|
|t:|1769423406
|move|p2a: Ceruledge|Bitter Blade|p1a: OwO
|-damage|p1a: OwO|31/100
|-heal|p2a: Ceruledge|100/100|[from] drain|[of] p1a: OwO
|move|p1a: OwO|Moonlight|p1a: OwO
|-heal|p1a: OwO|81/100
|
|upkeep
|turn|7
|
|t:|1769423413
|move|p2a: Ceruledge|Swords Dance|p2a: Ceruledge
|-boost|p2a: Ceruledge|atk|2
|move|p1a: OwO|Calm Mind|p1a: OwO
|-boost|p1a: OwO|spa|1
|-boost|p1a: OwO|spd|1
|
|upkeep
|turn|8
|
|t:|1769423419
|move|p2a: Ceruledge|Bitter Blade|p1a: OwO
|-damage|p1a: OwO|45/100
|move|p1a: OwO|Calm Mind|p1a: OwO
|-boost|p1a: OwO|spa|1
|-boost|p1a: OwO|spd|1
|
|upkeep
|turn|9
|
|t:|1769423426
|move|p2a: Ceruledge|Bitter Blade|p1a: OwO
|-damage|p1a: OwO|8/100
|move|p1a: OwO|Calm Mind|p1a: OwO
|-boost|p1a: OwO|spa|1
|-boost|p1a: OwO|spd|1
|
|upkeep
|turn|10
|-message|maneki uwu forfeited.
|
|win|INTZ2902
|raw|maneki uwu's rating: 1120 &rarr; <strong>1093</strong><br />(-27 for losing)
|raw|INTZ2902's rating: 1097 &rarr; <strong>1124</strong><br />(+27 for winning)
|l|☆maneki uwu
|player|p1|
|l|☆INTZ2902
|player|p2|
