|j|☆SoyGomezLoco
|j|☆maruzensky's_car
|t:|1769325247
|gametype|singles
|player|p1|SoyGomezLoco|hiker-gen4|1055
|player|p2|maruzensky's_car|169|1079
|gen|9
|tier|[Gen 9] OU
|rated|
|rule|HP Percentage Mod: HP is shown in percentages
|rule|Endless Battle Clause: Forcing endless battles is banned
|rule|Species Clause: Limit one of each Pokémon
|rule|OHKO Clause: OHKO moves are banned
|rule|Evasion Items Clause: Evasion items are banned
|rule|Evasion Moves Clause: Evasion moves are banned
|rule|Evasion Abilities Clause: Evasion abilities are banned
|rule|Sleep Moves Clause: Sleep-inducing moves are banned
|clearpoke
|poke|p1|Samurott-Hisui, M|
|poke|p1|Glimmora, F|
|poke|p1|Corviknight, F|
|poke|p1|Ceruledge, M|
|poke|p1|Great Tusk|
|poke|p1|Polteageist-Antique|
|poke|p2|Gholdengo|
|poke|p2|Clodsire, F|
|poke|p2|Lokix, F|
|poke|p2|Tyranitar, M|
|poke|p2|Excadrill, M|
|poke|p2|Ogerpon-Cornerstone, F|
|teampreview
|
|t:|1769325253
|teamsize|p1|6
|teamsize|p2|6
|start
|switch|p1a: Samurott|Samurott-Hisui, M|100/100
|switch|p2a: Tyranitar|Tyranitar, M, shiny|100/100
|-weather|Sandstorm|[from] ability: Sand Stream|[of] p2a: Tyranitar
|turn|1
|
|t:|1769325280
|switch|p2a: Ogerpon|Ogerpon-Cornerstone, F|100/100
|move|p1a: Samurott|Swords Dance|p1a: Samurott
|-boost|p1a: Samurott|atk|2
|
|-weather|Sandstorm|[upkeep]
|-damage|p1a: Samurott|94/100|[from] Sandstorm
|upkeep
|turn|2
|
|t:|1769325295
|-terastallize|p1a: Samurott|Ghost
|move|p1a: Samurott|Aqua Jet|p2a: Ogerpon
|-damage|p2a: Ogerpon|48/100
|move|p2a: Ogerpon|Horn Leech|p1a: Samurott
|-damage|p1a: Samurott|58/100
|-heal|p2a: Ogerpon|69/100|[from] drain|[of] p1a: Samurott
|
|-weather|Sandstorm|[upkeep]
|-damage|p1a: Samurott|52/100|[from] Sandstorm
|upkeep
|turn|3
|
|t:|1769325309
|move|p2a: Ogerpon|Spiky Shield|p2a: Ogerpon
|-singleturn|p2a: Ogerpon|move: Protect
|move|p1a: Samurott|Sucker Punch||[still]
|-fail|p1a: Samurott
|
|-weather|Sandstorm|[upkeep]
|-damage|p1a: Samurott|46/100|[from] Sandstorm
|upkeep
|turn|4
|
|t:|1769325325
|switch|p2a: Excadrill|Excadrill, M, shiny|100/100
|move|p1a: Samurott|Swords Dance|p1a: Samurott
|-boost|p1a: Samurott|atk|2
|
|-weather|Sandstorm|[upkeep]
|-damage|p1a: Samurott|40/100|[from] Sandstorm
|upkeep
|turn|5
|
|t:|1769325341
|switch|p2a: Clodsire|Clodsire, F|100/100
|move|p1a: Samurott|Aqua Jet|p2a: Clodsire
|-supereffective|p2a: Clodsire
|-damage|p2a: Clodsire|64/100
|
|-weather|none
|-heal|p2a: Clodsire|70/100|[from] item: Black Sludge
|upkeep
|turn|6
|
|t:|1769325352
|move|p1a: Samurott|Ceaseless Edge|p2a: Clodsire
|-damage|p2a: Clodsire|34/100
|-sidestart|p2: maruzensky's_car|Spikes
|move|p2a: Clodsire|Toxic|p1a: Samurott
|-status|p1a: Samurott|tox
|
|-heal|p2a: Clodsire|40/100|[from] item: Black Sludge
|-damage|p1a: Samurott|33/100 tox|[from] psn
|upkeep
|turn|7
|
|t:|1769325363
|move|p1a: Samurott|Aqua Jet|p2a: Clodsire
|-supereffective|p2a: Clodsire
|-damage|p2a: Clodsire|2/100
|move|p2a: Clodsire|Recover|p2a: Clodsire
|-heal|p2a: Clodsire|52/100
|
|-heal|p2a: Clodsire|58/100|[from] item: Black Sludge
|-damage|p1a: Samurott|21/100 tox|[from] psn
|upkeep
|turn|8
|
|t:|1769325374
|move|p2a: Clodsire|Protect|p2a: Clodsire
|-singleturn|p2a: Clodsire|Protect
|move|p1a: Samurott|Ceaseless Edge|p2a: Clodsire
|-activate|p2a: Clodsire|move: Protect
|
|-heal|p2a: Clodsire|64/100|[from] item: Black Sludge
|-damage|p1a: Samurott|2/100 tox|[from] psn
|upkeep
|turn|9
|
|t:|1769325384
|move|p1a: Samurott|Ceaseless Edge|p2a: Clodsire
|-damage|p2a: Clodsire|25/100
|-sidestart|p2: maruzensky's_car|Spikes
|move|p2a: Clodsire|Stealth Rock|p1a: Samurott
|-sidestart|p1: SoyGomezLoco|move: Stealth Rock
|
|-heal|p2a: Clodsire|31/100|[from] item: Black Sludge
|-damage|p1a: Samurott|0 fnt|[from] psn
|faint|p1a: Samurott
|upkeep
|
|t:|1769325400
|switch|p1a: Great Tusk|Great Tusk|100/100
|-damage|p1a: Great Tusk|98/100|[from] Stealth Rock
|-enditem|p1a: Great Tusk|Booster Energy
|-activate|p1a: Great Tusk|ability: Protosynthesis|[fromitem]
|-start|p1a: Great Tusk|protosynthesisatk
|turn|10
|
|t:|1769325411
|move|p1a: Great Tusk|Ice Spinner|p2a: Clodsire
|-supereffective|p2a: Clodsire
|-damage|p2a: Clodsire|0 fnt
|faint|p2a: Clodsire
|
|upkeep
|
|t:|1769325421
|switch|p2a: Ogerpon|Ogerpon-Cornerstone, F|69/100
|-damage|p2a: Ogerpon|53/100|[from] Spikes
|turn|11
|
|t:|1769325432
|move|p2a: Ogerpon|Horn Leech|p1a: Great Tusk
|-supereffective|p1a: Great Tusk
|-damage|p1a: Great Tusk|48/100
|-heal|p2a: Ogerpon|81/100|[from] drain|[of] p1a: Great Tusk
|move|p1a: Great Tusk|Rapid Spin|p2a: Ogerpon
|-resisted|p2a: Ogerpon
|-damage|p2a: Ogerpon|70/100
|-boost|p1a: Great Tusk|spe|1
|-sideend|p1: SoyGomezLoco|Stealth Rock|[from] move: Rapid Spin|[of] p1a: Great Tusk
|
|upkeep
|turn|12
|
|t:|1769325444
|move|p1a: Great Tusk|Close Combat|p2a: Ogerpon
|-supereffective|p2a: Ogerpon
|-damage|p2a: Ogerpon|0 fnt
|-unboost|p1a: Great Tusk|def|1
|-unboost|p1a: Great Tusk|spd|1
|faint|p2a: Ogerpon
|
|upkeep
|
|t:|1769325453
|switch|p2a: Tyranitar|Tyranitar, M, shiny|100/100
|-damage|p2a: Tyranitar|84/100|[from] Spikes
|-weather|Sandstorm|[from] ability: Sand Stream|[of] p2a: Tyranitar
|turn|13
|
|t:|1769325462
|switch|p2a: Gholdengo|Gholdengo|100/100
|-item|p2a: Gholdengo|Air Balloon
|move|p1a: Great Tusk|Close Combat|p2a: Gholdengo
|-immune|p2a: Gholdengo
|
|-weather|Sandstorm|[upkeep]
|upkeep
|turn|14
|
|t:|1769325487
|move|p1a: Great Tusk|Ice Spinner|p2a: Gholdengo
|-resisted|p2a: Gholdengo
|-damage|p2a: Gholdengo|86/100
|-enditem|p2a: Gholdengo|Air Balloon
|move|p2a: Gholdengo|Make It Rain|p1a: Great Tusk
|-damage|p1a: Great Tusk|0 fnt
|-unboost|p2a: Gholdengo|spa|1
|faint|p1a: Great Tusk
|-end|p1a: Great Tusk|Protosynthesis|[silent]
|
|-weather|Sandstorm|[upkeep]
|upkeep
|
|t:|1769325503
|switch|p1a: Polteageist|Polteageist-Antique|100/100
|turn|15
|
|t:|1769325517
|move|p1a: Polteageist|Shell Smash|p1a: Polteageist
|-unboost|p1a: Polteageist|def|1
|-unboost|p1a: Polteageist|spd|1
|-boost|p1a: Polteageist|atk|2
|-boost|p1a: Polteageist|spa|2
|-boost|p1a: Polteageist|spe|2
|-enditem|p1a: Polteageist|White Herb
|-clearnegativeboost|p1a: Polteageist|[silent]
|move|p2a: Gholdengo|Thunder Wave|p1a: Polteageist
|-status|p1a: Polteageist|par
|
|-weather|Sandstorm|[upkeep]
|-damage|p1a: Polteageist|94/100 par|[from] Sandstorm
|upkeep
|turn|16
|
|t:|1769325531
|move|p1a: Polteageist|Shell Smash|p1a: Polteageist
|-unboost|p1a: Polteageist|def|1
|-unboost|p1a: Polteageist|spd|1
|-boost|p1a: Polteageist|atk|2
|-boost|p1a: Polteageist|spa|2
|-boost|p1a: Polteageist|spe|2
|move|p2a: Gholdengo|Hex|p1a: Polteageist
|-supereffective|p1a: Polteageist
|-damage|p1a: Polteageist|0 fnt
|faint|p1a: Polteageist
|
|-weather|Sandstorm|[upkeep]
|upkeep
|
|t:|1769325550
|switch|p1a: Ceruledge|Ceruledge, M|100/100
|turn|17
|
|t:|1769325553
|move|p1a: Ceruledge|Swords Dance|p1a: Ceruledge
|-boost|p1a: Ceruledge|atk|2
|move|p2a: Gholdengo|Thunder Wave|p1a: Ceruledge
|-status|p1a: Ceruledge|par
|
|-weather|none
|upkeep
|turn|18
|
|t:|1769325562
|-terastallize|p2a: Gholdengo|Ghost
|move|p2a: Gholdengo|Hex|p1a: Ceruledge
|-supereffective|p1a: Ceruledge
|-damage|p1a: Ceruledge|0 fnt
|faint|p1a: Ceruledge
|
|upkeep
|-message|SoyGomezLoco forfeited.
|
|win|maruzensky's_car
|raw|SoyGomezLoco's rating: 1055 &rarr; <strong>1038</strong><br />(-17 for losing)
|raw|maruzensky&apos;s_car's rating: 1079 &rarr; <strong>1105</strong><br />(+26 for winning)
|l|☆SoyGomezLoco
|player|p1|
|l|☆maruzensky's_car
|player|p2|
