|j|☆Scuhbee Fluff
|j|☆Riki_Nendo
|t:|1769412048
|gametype|singles
|player|p1|Scuhbee Fluff|265|1102
|player|p2|Riki_Nendo|flannery|1056
|gen|9
|tier|[Gen 9] OU
|rated|
|rule|HP Percentage Mod: HP is shown in percentages
|rule|Endless Battle Clause: Forcing endless battles is banned
|rule|Species Clause: Limit one of each Pokémon
|rule|OHKO Clause: OHKO moves are banned
|rule|Evasion Items Clause: Evasion items are banned
|rule|Evasion Moves Clause: Evasion moves are banned
|rule|Evasion Abilities Clause: Evasion abilities are banned
|rule|Sleep Moves Clause: Sleep-inducing moves are banned
|clearpoke
|poke|p1|Pelipper, M|
|poke|p1|Vaporeon, F|
|poke|p1|Volcanion|
|poke|p1|Quaquaval, M|
|poke|p1|Zapdos|
|poke|p1|Ogerpon-Wellspring, F|
|poke|p2|Glimmora, M|
|poke|p2|Corviknight, F|
|poke|p2|Rotom-Wash|
|poke|p2|Wooper, M|
|poke|p2|Iron Valiant|
|poke|p2|Gholdengo|
|teampreview
|
|t:|1769412058
|teamsize|p1|6
|teamsize|p2|6
|start
|switch|p1a: Queerquaval|Quaquaval, M|100/100
|switch|p2a: Glimmora|Glimmora, M|100/100
|turn|1
|c|☆Riki_Nendo|he is very queer ngl
|
|t:|1769412073
|move|p2a: Glimmora|Stealth Rock|p1a: Queerquaval
|-sidestart|p1: Scuhbee Fluff|move: Stealth Rock
|move|p1a: Queerquaval|Aqua Step|p2a: Glimmora
|-supereffective|p2a: Glimmora
|-damage|p2a: Glimmora|4/100
|-boost|p1a: Queerquaval|spe|1
|-activate|p2a: Glimmora|ability: Toxic Debris
|-sidestart|p1: Scuhbee Fluff|move: Toxic Spikes
|
|upkeep
|turn|2
|c|☆Scuhbee Fluff|yes
|
|t:|1769412095
|switch|p2a: Corviknight|Corviknight, F|100/100
|-ability|p2a: Corviknight|Pressure
|move|p1a: Queerquaval|Rapid Spin|p2a: Corviknight
|-resisted|p2a: Corviknight
|-damage|p2a: Corviknight|95/100
|-boost|p1a: Queerquaval|spe|1
|-damage|p1a: Queerquaval|84/100|[from] item: Rocky Helmet|[of] p2a: Corviknight
|-sideend|p1: Scuhbee Fluff|Toxic Spikes|[from] move: Rapid Spin|[of] p1a: Queerquaval
|-sideend|p1: Scuhbee Fluff|Stealth Rock|[from] move: Rapid Spin|[of] p1a: Queerquaval
|
|upkeep
|turn|3
|
|t:|1769412116
|move|p1a: Queerquaval|Aqua Step|p2a: Corviknight
|-damage|p2a: Corviknight|68/100
|-boost|p1a: Queerquaval|spe|1
|-damage|p1a: Queerquaval|68/100|[from] item: Rocky Helmet|[of] p2a: Corviknight
|move|p2a: Corviknight|Brave Bird|p1a: Queerquaval
|-supereffective|p1a: Queerquaval
|-damage|p1a: Queerquaval|0 fnt
|faint|p1a: Queerquaval
|-damage|p2a: Corviknight|50/100|[from] Recoil
|
|upkeep
|
|t:|1769412126
|switch|p1a: Big Bird|Zapdos|100/100
|turn|4
|
|t:|1769412139
|move|p1a: Big Bird|Discharge|p2a: Corviknight
|-supereffective|p2a: Corviknight
|-damage|p2a: Corviknight|0 fnt
|faint|p2a: Corviknight
|
|upkeep
|
|t:|1769412149
|switch|p2a: Wooper|Wooper, M|100/100
|turn|5
|
|t:|1769412154
|move|p1a: Big Bird|Rain Dance|p1a: Big Bird
|-weather|RainDance
|move|p2a: Wooper|Curse|p2a: Wooper
|-unboost|p2a: Wooper|spe|1
|-boost|p2a: Wooper|atk|1
|-boost|p2a: Wooper|def|1
|
|-weather|RainDance|[upkeep]
|upkeep
|turn|6
|
|t:|1769412163
|move|p1a: Big Bird|Hurricane|p2a: Wooper
|-damage|p2a: Wooper|8/100
|move|p2a: Wooper|Curse|p2a: Wooper
|-unboost|p2a: Wooper|spe|1
|-boost|p2a: Wooper|atk|1
|-boost|p2a: Wooper|def|1
|
|-weather|RainDance|[upkeep]
|upkeep
|turn|7
|
|t:|1769412174
|move|p1a: Big Bird|Hurricane|p2a: Wooper
|-damage|p2a: Wooper|0 fnt
|faint|p2a: Wooper
|
|-weather|RainDance|[upkeep]
|upkeep
|
|t:|1769412192
|switch|p2a: Gholdengo|Gholdengo|100/100
|turn|8
|
|t:|1769412199
|move|p2a: Gholdengo|Make It Rain|p1a: Big Bird
|-resisted|p1a: Big Bird
|-crit|p1a: Big Bird
|-damage|p1a: Big Bird|36/100
|-unboost|p2a: Gholdengo|spa|1
|-damage|p2a: Gholdengo|91/100|[from] item: Life Orb
|move|p1a: Big Bird|Discharge|p2a: Gholdengo
|-damage|p2a: Gholdengo|48/100
|
|-weather|RainDance|[upkeep]
|upkeep
|turn|9
|
|t:|1769412210
|move|p2a: Gholdengo|Make It Rain|p1a: Big Bird
|-resisted|p1a: Big Bird
|-damage|p1a: Big Bird|8/100
|-unboost|p2a: Gholdengo|spa|1
|-damage|p2a: Gholdengo|39/100|[from] item: Life Orb
|move|p1a: Big Bird|Roost|p1a: Big Bird
|-heal|p1a: Big Bird|58/100
|-singleturn|p1a: Big Bird|move: Roost
|
|-weather|none
|upkeep
|turn|10
|
|t:|1769412236
|move|p2a: Gholdengo|Shadow Ball|p1a: Big Bird
|-damage|p1a: Big Bird|29/100
|-damage|p2a: Gholdengo|29/100|[from] item: Life Orb
|move|p1a: Big Bird|Roost|p1a: Big Bird
|-heal|p1a: Big Bird|80/100
|-singleturn|p1a: Big Bird|move: Roost
|
|upkeep
|turn|11
|
|t:|1769412253
|switch|p1a: Toilet|Pelipper, M|100/100
|-weather|RainDance|[from] ability: Drizzle|[of] p1a: Toilet
|move|p2a: Gholdengo|Trick|p1a: Toilet
|-activate|p2a: Gholdengo|move: Trick|[of] p1a: Toilet
|-item|p1a: Toilet|Life Orb|[from] move: Trick
|-item|p2a: Gholdengo|Damp Rock|[from] move: Trick
|
|-weather|RainDance|[upkeep]
|upkeep
|turn|12
|
|t:|1769412268
|move|p2a: Gholdengo|Make It Rain|p1a: Toilet
|-resisted|p1a: Toilet
|-damage|p1a: Toilet|77/100
|-unboost|p2a: Gholdengo|spa|1
|move|p1a: Toilet|Tailwind|p1a: Toilet
|-sidestart|p1: Scuhbee Fluff|move: Tailwind
|
|-weather|RainDance|[upkeep]
|upkeep
|turn|13
|
|t:|1769412280
|switch|p1a: Bubbles|Vaporeon, F|100/100
|switch|p2a: Rotom|Rotom-Wash|100/100
|
|-weather|RainDance|[upkeep]
|upkeep
|turn|14
|
|t:|1769412287
|-terastallize|p1a: Bubbles|Ground
|move|p1a: Bubbles|Calm Mind|p1a: Bubbles
|-boost|p1a: Bubbles|spa|1
|-boost|p1a: Bubbles|spd|1
|move|p2a: Rotom|Volt Switch|p1a: Bubbles
|-immune|p1a: Bubbles
|
|-weather|RainDance|[upkeep]
|upkeep
|turn|15
|
|t:|1769412299
|move|p1a: Bubbles|Scald|p2a: Rotom
|-resisted|p2a: Rotom
|-damage|p2a: Rotom|67/100
|move|p2a: Rotom|Hydro Pump|p1a: Bubbles
|-supereffective|p1a: Bubbles
|-damage|p1a: Bubbles|54/100
|
|-weather|RainDance|[upkeep]
|-heal|p2a: Rotom|73/100|[from] item: Leftovers
|-sideend|p1: Scuhbee Fluff|move: Tailwind
|upkeep
|turn|16
|
|t:|1769412323
|move|p2a: Rotom|Hydro Pump|p1a: Bubbles
|-supereffective|p1a: Bubbles
|-damage|p1a: Bubbles|11/100
|move|p1a: Bubbles|Rest|p1a: Bubbles
|-status|p1a: Bubbles|slp|[from] move: Rest
|-heal|p1a: Bubbles|100/100 slp|[silent]
|
|-weather|RainDance|[upkeep]
|-heal|p2a: Rotom|79/100|[from] item: Leftovers
|-activate|p1a: Bubbles|ability: Hydration
|-curestatus|p1a: Bubbles|slp|[msg]
|upkeep
|turn|17
|
|t:|1769412340
|switch|p1a: ShyGuy|Ogerpon-Wellspring, F|100/100
|move|p2a: Rotom|Will-O-Wisp|p1a: ShyGuy
|-status|p1a: ShyGuy|brn
|
|-weather|RainDance|[upkeep]
|-heal|p2a: Rotom|85/100|[from] item: Leftovers
|-damage|p1a: ShyGuy|95/100 brn|[from] brn
|upkeep
|turn|18
|
|t:|1769412352
|move|p1a: ShyGuy|Horn Leech|p2a: Rotom
|-supereffective|p2a: Rotom
|-damage|p2a: Rotom|49/100
|-heal|p1a: ShyGuy|100/100 brn|[from] drain|[of] p2a: Rotom
|move|p2a: Rotom|Volt Switch|p1a: ShyGuy
|-damage|p1a: ShyGuy|69/100 brn
|
|t:|1769412365
|switch|p2a: Iron Valiant|Iron Valiant|100/100|[from] Volt Switch
|
|-weather|none
|-damage|p1a: ShyGuy|63/100 brn|[from] brn
|upkeep
|turn|19
|c|☆Riki_Nendo|waht are these nicknames bro
|c|☆Riki_Nendo|im crine
|
|t:|1769412390
|move|p2a: Iron Valiant|Psycho Cut|p1a: ShyGuy
|-crit|p1a: ShyGuy
|-damage|p1a: ShyGuy|4/100 brn
|-damage|p2a: Iron Valiant|91/100|[from] item: Life Orb
|move|p1a: ShyGuy|Play Rough|p2a: Iron Valiant
|-supereffective|p2a: Iron Valiant
|-damage|p2a: Iron Valiant|48/100
|-unboost|p2a: Iron Valiant|atk|1
|
|-damage|p1a: ShyGuy|0 fnt|[from] brn
|faint|p1a: ShyGuy
|upkeep
|c|☆Scuhbee Fluff|thanks lol
|
|t:|1769412406
|switch|p1a: Toilet|Pelipper, M|77/100
|-weather|RainDance|[from] ability: Drizzle|[of] p1a: Toilet
|turn|20
|
|t:|1769412435
|switch|p1a: Bubbles|Vaporeon, F, tera:Ground|100/100
|move|p2a: Iron Valiant|Close Combat|p1a: Bubbles
|-damage|p1a: Bubbles|43/100
|-unboost|p2a: Iron Valiant|def|1
|-unboost|p2a: Iron Valiant|spd|1
|-damage|p2a: Iron Valiant|38/100|[from] item: Life Orb
|
|-weather|RainDance|[upkeep]
|upkeep
|turn|21
|
|t:|1769412444
|switch|p1a: Big Bird|Zapdos|80/100
|move|p2a: Iron Valiant|Close Combat|p1a: Big Bird
|-resisted|p1a: Big Bird
|-crit|p1a: Big Bird
|-damage|p1a: Big Bird|33/100
|-unboost|p2a: Iron Valiant|def|1
|-unboost|p2a: Iron Valiant|spd|1
|-damage|p2a: Iron Valiant|21/100|[from] item: Rocky Helmet|[of] p1a: Big Bird
|-status|p2a: Iron Valiant|par|[from] ability: Static|[of] p1a: Big Bird
|-damage|p2a: Iron Valiant|12/100 par|[from] item: Life Orb
|
|-weather|RainDance|[upkeep]
|upkeep
|turn|22
|
|t:|1769412467
|move|p1a: Big Bird|Roost|p1a: Big Bird
|-heal|p1a: Big Bird|83/100
|-singleturn|p1a: Big Bird|move: Roost
|move|p2a: Iron Valiant|Knock Off|p1a: Big Bird
|-damage|p1a: Big Bird|60/100
|-damage|p2a: Iron Valiant|0 fnt|[from] item: Rocky Helmet|[of] p1a: Big Bird
|faint|p2a: Iron Valiant
|-end|p2a: Iron Valiant|Quark Drive|[silent]
|
|-weather|RainDance|[upkeep]
|upkeep
|
|t:|1769412479
|switch|p2a: Glimmora|Glimmora, M|4/100
|turn|23
|
|t:|1769412485
|move|p2a: Glimmora|Power Gem|p1a: Big Bird
|-supereffective|p1a: Big Bird
|-crit|p1a: Big Bird
|-damage|p1a: Big Bird|0 fnt
|faint|p1a: Big Bird
|
|-weather|RainDance|[upkeep]
|upkeep
|
|t:|1769412491
|switch|p1a: Bubbles|Vaporeon, F, tera:Ground|43/100
|turn|24
|
|t:|1769412495
|switch|p2a: Rotom|Rotom-Wash|49/100
|move|p1a: Bubbles|Rest|p1a: Bubbles
|-status|p1a: Bubbles|slp|[from] move: Rest
|-heal|p1a: Bubbles|100/100 slp|[silent]
|
|-weather|none
|-heal|p2a: Rotom|55/100|[from] item: Leftovers
|upkeep
|turn|25
|
|t:|1769412504
|switch|p1a: Toilet|Pelipper, M|77/100
|-weather|RainDance|[from] ability: Drizzle|[of] p1a: Toilet
|move|p2a: Rotom|Volt Switch|p1a: Toilet
|-supereffective|p1a: Toilet
|-damage|p1a: Toilet|0 fnt
|faint|p1a: Toilet
|
|t:|1769412531
|switch|p2a: Gholdengo|Gholdengo|29/100|[from] Volt Switch
|
|-weather|RainDance|[upkeep]
|upkeep
|
|t:|1769412535
|switch|p1a: Bubbles|Vaporeon, F, tera:Ground|100/100 slp
|turn|26
|
|t:|1769412546
|move|p2a: Gholdengo|Make It Rain|p1a: Bubbles
|-damage|p1a: Bubbles|64/100 slp
|-unboost|p2a: Gholdengo|spa|1
|cant|p1a: Bubbles|slp
|
|-weather|RainDance|[upkeep]
|-activate|p1a: Bubbles|ability: Hydration
|-curestatus|p1a: Bubbles|slp|[msg]
|upkeep
|turn|27
|
|t:|1769412558
|switch|p2a: Rotom|Rotom-Wash|55/100
|move|p1a: Bubbles|Calm Mind|p1a: Bubbles
|-boost|p1a: Bubbles|spa|1
|-boost|p1a: Bubbles|spd|1
|
|-weather|RainDance|[upkeep]
|-heal|p2a: Rotom|61/100|[from] item: Leftovers
|upkeep
|turn|28
|
|t:|1769412565
|move|p2a: Rotom|Volt Switch|p1a: Bubbles
|-immune|p1a: Bubbles
|move|p1a: Bubbles|Rest|p1a: Bubbles
|-status|p1a: Bubbles|slp|[from] move: Rest
|-heal|p1a: Bubbles|100/100 slp|[silent]
|
|-weather|RainDance|[upkeep]
|-heal|p2a: Rotom|67/100|[from] item: Leftovers
|-activate|p1a: Bubbles|ability: Hydration
|-curestatus|p1a: Bubbles|slp|[msg]
|upkeep
|turn|29
|c|☆Riki_Nendo|this fucking vaporeon bro
|c|☆Scuhbee Fluff|little bastard :D
|
|t:|1769412599
|move|p2a: Rotom|Will-O-Wisp|p1a: Bubbles
|-status|p1a: Bubbles|brn
|move|p1a: Bubbles|Scald|p2a: Rotom
|-resisted|p2a: Rotom
|-damage|p2a: Rotom|31/100
|
|-weather|none
|-heal|p2a: Rotom|37/100|[from] item: Leftovers
|-damage|p1a: Bubbles|94/100 brn|[from] brn
|upkeep
|turn|30
|
|t:|1769412617
|move|p2a: Rotom|Pain Split|p1a: Bubbles
|-sethp|p1a: Bubbles|59/100 brn|[from] move: Pain Split|[silent]
|-sethp|p2a: Rotom|90/100|[from] move: Pain Split
|move|p1a: Bubbles|Scald|p2a: Rotom
|-resisted|p2a: Rotom
|-damage|p2a: Rotom|66/100
|
|-heal|p2a: Rotom|73/100|[from] item: Leftovers
|-damage|p1a: Bubbles|53/100 brn|[from] brn
|upkeep
|turn|31
|
|t:|1769412631
|move|p2a: Rotom|Hydro Pump|p1a: Bubbles
|-supereffective|p1a: Bubbles
|-damage|p1a: Bubbles|25/100 brn
|move|p1a: Bubbles|Calm Mind|p1a: Bubbles
|-boost|p1a: Bubbles|spa|1
|-boost|p1a: Bubbles|spd|1
|
|-heal|p2a: Rotom|79/100|[from] item: Leftovers
|-damage|p1a: Bubbles|18/100 brn|[from] brn
|upkeep
|turn|32
|
|t:|1769412640
|move|p2a: Rotom|Hydro Pump|p1a: Bubbles
|-supereffective|p1a: Bubbles
|-damage|p1a: Bubbles|0 fnt
|faint|p1a: Bubbles
|
|-heal|p2a: Rotom|85/100|[from] item: Leftovers
|upkeep
|c|☆Riki_Nendo|yessss
|
|t:|1769412646
|switch|p1a: Onion|Volcanion|100/100
|turn|33
|
|t:|1769412652
|move|p1a: Onion|Steam Eruption|p2a: Rotom
|-resisted|p2a: Rotom
|-damage|p2a: Rotom|42/100
|-status|p2a: Rotom|brn
|move|p2a: Rotom|Volt Switch|p1a: Onion
|-supereffective|p1a: Onion
|-damage|p1a: Onion|39/100
|
|t:|1769412660
|switch|p2a: Glimmora|Glimmora, M|4/100|[from] Volt Switch
|
|upkeep
|turn|34
|
|t:|1769412676
|move|p2a: Glimmora|Sludge Wave|p1a: Onion
|-damage|p1a: Onion|0 fnt
|faint|p1a: Onion
|
|win|Riki_Nendo
|raw|Scuhbee Fluff's rating: 1102 &rarr; <strong>1074</strong><br />(-28 for losing)
|raw|Riki_Nendo's rating: 1056 &rarr; <strong>1092</strong><br />(+36 for winning)
|c|☆Scuhbee Fluff|gg
|c|☆Riki_Nendo|gg
|l|☆Scuhbee Fluff
|player|p1|
|l|☆Riki_Nendo
|player|p2|
