|j|☆Sweetmoney
|j|☆hectro_999
|t:|1769360840
|gametype|singles
|player|p1|Sweetmoney|266|1166
|player|p2|hectro_999|ghetsis|1174
|gen|9
|tier|[Gen 9] OU
|rated|
|rule|HP Percentage Mod: HP is shown in percentages
|rule|Endless Battle Clause: Forcing endless battles is banned
|rule|Species Clause: Limit one of each Pokémon
|rule|OHKO Clause: OHKO moves are banned
|rule|Evasion Items Clause: Evasion items are banned
|rule|Evasion Moves Clause: Evasion moves are banned
|rule|Evasion Abilities Clause: Evasion abilities are banned
|rule|Sleep Moves Clause: Sleep-inducing moves are banned
|clearpoke
|poke|p1|Greninja-*, M|
|poke|p1|Tropius, M|
|poke|p1|Arcanine-Hisui, F|
|poke|p1|Darkrai|
|poke|p1|Ursaluna, M|
|poke|p1|Enamorus, F|
|poke|p2|Dondozo, F|
|poke|p2|Blissey, F|
|poke|p2|Toxapex, M|
|poke|p2|Glimmora, M|
|poke|p2|Kingambit, M|
|poke|p2|Blaziken, M|
|teampreview
|inactive|Battle timer is ON: inactive players will automatically lose when time's up. (requested by Sweetmoney)
|inactive|Sweetmoney has 120 seconds left.
|inactive|hectro_999 has 120 seconds left.
|
|t:|1769360877
|teamsize|p1|6
|teamsize|p2|6
|start
|switch|p1a: YN|Greninja, M|100/100
|switch|p2a: Toxapex|Toxapex, M, shiny|100/100
|turn|1
|
|t:|1769360897
|move|p1a: YN|Extrasensory|p2a: Toxapex
|-supereffective|p2a: Toxapex
|-damage|p2a: Toxapex|42/100
|-damage|p1a: YN|91/100|[from] item: Life Orb
|move|p2a: Toxapex|Toxic|p1a: YN
|-status|p1a: YN|tox
|
|-heal|p2a: Toxapex|49/100|[from] item: Black Sludge
|-damage|p1a: YN|85/100 tox|[from] psn
|upkeep
|turn|2
|
|t:|1769360915
|move|p2a: Toxapex|Baneful Bunker|p2a: Toxapex
|-singleturn|p2a: Toxapex|move: Protect
|move|p1a: YN|Dark Pulse|p2a: Toxapex
|-activate|p2a: Toxapex|move: Protect
|
|-heal|p2a: Toxapex|55/100|[from] item: Black Sludge
|-damage|p1a: YN|73/100 tox|[from] psn
|upkeep
|turn|3
|
|t:|1769360928
|switch|p2a: Blissey|Blissey, F, shiny|100/100
|move|p1a: YN|Extrasensory|p2a: Blissey
|-damage|p2a: Blissey|91/100
|-damage|p1a: YN|63/100 tox|[from] item: Life Orb
|
|-heal|p2a: Blissey|97/100|[from] item: Leftovers
|-damage|p1a: YN|45/100 tox|[from] psn
|upkeep
|turn|4
|
|t:|1769360938
|switch|p1a: Arcanine|Arcanine-Hisui, F|100/100
|move|p2a: Blissey|Calm Mind|p2a: Blissey
|-boost|p2a: Blissey|spa|1
|-boost|p2a: Blissey|spd|1
|
|-heal|p2a: Blissey|100/100|[from] item: Leftovers
|upkeep
|turn|5
|
|t:|1769360953
|switch|p2a: Dondozo|Dondozo, F, shiny|100/100
|move|p1a: Arcanine|Head Smash|p2a: Dondozo
|-damage|p2a: Dondozo|49/100
|
|-heal|p2a: Dondozo|55/100|[from] item: Leftovers
|upkeep
|turn|6
|
|t:|1769360977
|switch|p1a: Tropius|Tropius, M|100/100
|move|p2a: Dondozo|Protect||[still]
|-fail|p2a: Dondozo
|
|-heal|p2a: Dondozo|61/100|[from] item: Leftovers
|upkeep
|turn|7
|
|t:|1769360998
|switch|p2a: Blaziken|Blaziken, M, shiny|100/100
|move|p1a: Tropius|Leech Seed|p2a: Blaziken
|-start|p2a: Blaziken|move: Leech Seed
|
|-damage|p2a: Blaziken|88/100|[from] Leech Seed|[of] p1a: Tropius
|upkeep
|turn|8
|
|t:|1769361011
|move|p1a: Tropius|Protect|p1a: Tropius
|-singleturn|p1a: Tropius|Protect
|move|p2a: Blaziken|Swords Dance|p2a: Blaziken
|-boost|p2a: Blaziken|atk|2
|
|-damage|p2a: Blaziken|76/100|[from] Leech Seed|[of] p1a: Tropius
|-ability|p2a: Blaziken|Speed Boost|boost
|-boost|p2a: Blaziken|spe|1
|upkeep
|turn|9
|inactive|hectro_999 has 120 seconds left.
|
|t:|1769361037
|switch|p1a: YN|Greninja, M|45/100 tox
|move|p2a: Blaziken|Flare Blitz|p1a: YN
|-resisted|p1a: YN
|-damage|p1a: YN|0 fnt
|faint|p1a: YN
|-damage|p2a: Blaziken|62/100|[from] Recoil
|-damage|p2a: Blaziken|52/100|[from] item: Life Orb
|
|-ability|p2a: Blaziken|Speed Boost|boost
|-boost|p2a: Blaziken|spe|1
|upkeep
|inactive|Sweetmoney has 120 seconds left.
|
|t:|1769361066
|switch|p1a: Arcanine|Arcanine-Hisui, F|100/100
|turn|10
|inactive|hectro_999 has 120 seconds left.
|
|t:|1769361082
|move|p1a: Arcanine|Extreme Speed|p2a: Blaziken
|-damage|p2a: Blaziken|0 fnt
|faint|p2a: Blaziken
|
|upkeep
|
|t:|1769361094
|switch|p2a: Glimmora|Glimmora, M, shiny|100/100
|turn|11
|
|t:|1769361100
|switch|p1a: Ursaluna|Ursaluna, M|100/100
|move|p2a: Glimmora|Earth Power|p1a: Ursaluna
|-damage|p1a: Ursaluna|72/100
|
|-status|p1a: Ursaluna|brn|[from] item: Flame Orb
|upkeep
|turn|12
|
|t:|1769361113
|move|p2a: Glimmora|Energy Ball|p1a: Ursaluna
|-supereffective|p1a: Ursaluna
|-damage|p1a: Ursaluna|21/100 brn
|move|p1a: Ursaluna|Swords Dance|p1a: Ursaluna
|-boost|p1a: Ursaluna|atk|2
|
|-damage|p1a: Ursaluna|15/100 brn|[from] brn
|upkeep
|turn|13
|inactive|Sweetmoney has 120 seconds left.
|inactive|hectro_999 has 120 seconds left.
|
|t:|1769361132
|switch|p1a: Tropius|Tropius, M|100/100
|move|p2a: Glimmora|Spiky Shield||[still]
|-fail|p2a: Glimmora
|
|upkeep
|turn|14
|
|t:|1769361139
|move|p2a: Glimmora|Toxic|p1a: Tropius
|-status|p1a: Tropius|tox
|move|p1a: Tropius|Air Slash|p2a: Glimmora
|-resisted|p2a: Glimmora
|-damage|p2a: Glimmora|89/100
|
|-damage|p1a: Tropius|94/100 tox|[from] psn
|upkeep
|turn|15
|
|t:|1769361153
|switch|p1a: Enamorus|Enamorus, F|100/100
|move|p2a: Glimmora|Energy Ball|p1a: Enamorus
|-resisted|p1a: Enamorus
|-damage|p1a: Enamorus|85/100
|-unboost|p1a: Enamorus|spd|1
|
|upkeep
|turn|16
|
|t:|1769361162
|move|p1a: Enamorus|Earth Power|p2a: Glimmora
|-supereffective|p2a: Glimmora
|-damage|p2a: Glimmora|0 fnt
|faint|p2a: Glimmora
|
|upkeep
|
|t:|1769361169
|switch|p2a: Toxapex|Toxapex, M, shiny|88/100
|turn|17
|
|t:|1769361175
|move|p1a: Enamorus|Earth Power|p2a: Toxapex
|-supereffective|p2a: Toxapex
|-damage|p2a: Toxapex|35/100
|move|p2a: Toxapex|Toxic|p1a: Enamorus
|-status|p1a: Enamorus|tox
|
|-heal|p2a: Toxapex|42/100|[from] item: Black Sludge
|-damage|p1a: Enamorus|79/100 tox|[from] psn
|upkeep
|turn|18
|
|t:|1769361201
|move|p2a: Toxapex|Baneful Bunker|p2a: Toxapex
|-singleturn|p2a: Toxapex|move: Protect
|move|p1a: Enamorus|Earth Power|p2a: Toxapex
|-activate|p2a: Toxapex|move: Protect
|
|-heal|p2a: Toxapex|48/100|[from] item: Black Sludge
|-damage|p1a: Enamorus|66/100 tox|[from] psn
|upkeep
|turn|19
|
|t:|1769361213
|switch|p2a: Dondozo|Dondozo, F, shiny|61/100
|move|p1a: Enamorus|Earth Power|p2a: Dondozo
|-damage|p2a: Dondozo|31/100
|
|-heal|p2a: Dondozo|37/100|[from] item: Leftovers
|-damage|p1a: Enamorus|48/100 tox|[from] psn
|upkeep
|turn|20
|
|t:|1769361223
|move|p2a: Dondozo|Protect|p2a: Dondozo
|-singleturn|p2a: Dondozo|Protect
|move|p1a: Enamorus|Dazzling Gleam|p2a: Dondozo
|-activate|p2a: Dondozo|move: Protect
|
|-heal|p2a: Dondozo|43/100|[from] item: Leftovers
|-damage|p1a: Enamorus|23/100 tox|[from] psn
|upkeep
|turn|21
|
|t:|1769361240
|switch|p2a: Blissey|Blissey, F, shiny|100/100
|move|p1a: Enamorus|Dazzling Gleam|p2a: Blissey
|-damage|p2a: Blissey|89/100
|
|-heal|p2a: Blissey|95/100|[from] item: Leftovers
|-damage|p1a: Enamorus|0 fnt|[from] psn
|faint|p1a: Enamorus
|upkeep
|inactive|Sweetmoney has 120 seconds left.
|
|t:|1769361255
|switch|p1a: Tropius|Tropius, M|94/100 tox
|turn|22
|
|t:|1769361262
|move|p2a: Blissey|Flamethrower|p1a: Tropius
|-supereffective|p1a: Tropius
|-damage|p1a: Tropius|65/100 tox
|move|p1a: Tropius|Leech Seed|p2a: Blissey
|-start|p2a: Blissey|move: Leech Seed
|
|-heal|p2a: Blissey|100/100|[from] item: Leftovers
|-damage|p2a: Blissey|88/100|[from] Leech Seed|[of] p1a: Tropius
|-heal|p1a: Tropius|91/100 tox|[silent]
|-damage|p1a: Tropius|85/100 tox|[from] psn
|upkeep
|turn|23
|
|t:|1769361280
|move|p2a: Blissey|Thunderbolt|p1a: Tropius
|-crit|p1a: Tropius
|-damage|p1a: Tropius|65/100 tox
|move|p1a: Tropius|Substitute|p1a: Tropius
|-start|p1a: Tropius|Substitute
|-damage|p1a: Tropius|40/100 tox
|-enditem|p1a: Tropius|Sitrus Berry|[eat]
|-heal|p1a: Tropius|65/100 tox|[from] item: Sitrus Berry
|
|-heal|p2a: Blissey|94/100|[from] item: Leftovers
|-damage|p2a: Blissey|82/100|[from] Leech Seed|[of] p1a: Tropius
|-heal|p1a: Tropius|91/100 tox|[silent]
|-damage|p1a: Tropius|79/100 tox|[from] psn
|-item|p1a: Tropius|Sitrus Berry|[from] ability: Harvest
|upkeep
|turn|24
|inactive|Sweetmoney has 120 seconds left.
|
|t:|1769361302
|move|p2a: Blissey|Flamethrower|p1a: Tropius
|-supereffective|p1a: Tropius
|-crit|p1a: Tropius
|-end|p1a: Tropius|Substitute
|move|p1a: Tropius|Air Slash|p2a: Blissey
|-damage|p2a: Blissey|76/100
|
|-heal|p2a: Blissey|82/100|[from] item: Leftovers
|-damage|p2a: Blissey|70/100|[from] Leech Seed|[of] p1a: Tropius
|-heal|p1a: Tropius|100/100 tox|[silent]
|-damage|p1a: Tropius|82/100 tox|[from] psn
|upkeep
|turn|25
|inactive|Sweetmoney has 120 seconds left.
|
|t:|1769361320
|switch|p1a: Arcanine|Arcanine-Hisui, F|100/100
|move|p2a: Blissey|Flamethrower|p1a: Arcanine
|-resisted|p1a: Arcanine
|-damage|p1a: Arcanine|96/100
|
|-heal|p2a: Blissey|76/100|[from] item: Leftovers
|-damage|p2a: Blissey|64/100|[from] Leech Seed|[of] p1a: Arcanine
|-heal|p1a: Arcanine|100/100|[silent]
|upkeep
|turn|26
|inactive|Sweetmoney has 120 seconds left.
|
|t:|1769361331
|switch|p2a: Toxapex|Toxapex, M, shiny|81/100
|move|p1a: Arcanine|Wild Charge|p2a: Toxapex
|-supereffective|p2a: Toxapex
|-damage|p2a: Toxapex|28/100
|
|-heal|p2a: Toxapex|35/100|[from] item: Black Sludge
|upkeep
|turn|27
|inactive|Sweetmoney has 120 seconds left.
|
|t:|1769361350
|move|p2a: Toxapex|Baneful Bunker|p2a: Toxapex
|-singleturn|p2a: Toxapex|move: Protect
|move|p1a: Arcanine|Wild Charge|p2a: Toxapex
|-activate|p2a: Toxapex|move: Protect
|-status|p1a: Arcanine|psn
|
|-heal|p2a: Toxapex|41/100|[from] item: Black Sludge
|-damage|p1a: Arcanine|88/100 psn|[from] psn
|upkeep
|turn|28
|
|t:|1769361361
|switch|p2a: Dondozo|Dondozo, F, shiny|43/100
|move|p1a: Arcanine|Wild Charge|p2a: Dondozo
|-supereffective|p2a: Dondozo
|-damage|p2a: Dondozo|6/100
|
|-heal|p2a: Dondozo|12/100|[from] item: Leftovers
|-damage|p1a: Arcanine|76/100 psn|[from] psn
|upkeep
|turn|29
|
|t:|1769361372
|move|p2a: Dondozo|Protect|p2a: Dondozo
|-singleturn|p2a: Dondozo|Protect
|move|p1a: Arcanine|Wild Charge|p2a: Dondozo
|-activate|p2a: Dondozo|move: Protect
|
|-heal|p2a: Dondozo|18/100|[from] item: Leftovers
|-damage|p1a: Arcanine|63/100 psn|[from] psn
|upkeep
|turn|30
|
|t:|1769361381
|move|p1a: Arcanine|Wild Charge|p2a: Dondozo
|-supereffective|p2a: Dondozo
|-damage|p2a: Dondozo|0 fnt
|faint|p2a: Dondozo
|
|-damage|p1a: Arcanine|51/100 psn|[from] psn
|upkeep
|
|t:|1769361387
|switch|p2a: Toxapex|Toxapex, M, shiny|74/100
|turn|31
|
|t:|1769361403
|switch|p1a: Darkrai|Darkrai|100/100
|move|p2a: Toxapex|Pain Split|p1a: Darkrai
|-sethp|p1a: Darkrai|90/100|[from] move: Pain Split|[silent]
|-sethp|p2a: Toxapex|83/100|[from] move: Pain Split
|
|-heal|p2a: Toxapex|90/100|[from] item: Black Sludge
|upkeep
|turn|32
|
|t:|1769361416
|move|p1a: Darkrai|Sludge Bomb|p2a: Toxapex
|-resisted|p2a: Toxapex
|-damage|p2a: Toxapex|73/100
|-damage|p1a: Darkrai|80/100|[from] item: Life Orb
|move|p2a: Toxapex|Toxic|p1a: Darkrai
|-status|p1a: Darkrai|tox
|
|-heal|p2a: Toxapex|79/100|[from] item: Black Sludge
|-damage|p1a: Darkrai|74/100 tox|[from] psn
|upkeep
|turn|33
|
|t:|1769361428
|switch|p1a: Arcanine|Arcanine-Hisui, F|51/100 psn
|move|p2a: Toxapex|Hex|p1a: Arcanine
|-damage|p1a: Arcanine|30/100 psn
|
|-heal|p2a: Toxapex|85/100|[from] item: Black Sludge
|-damage|p1a: Arcanine|17/100 psn|[from] psn
|upkeep
|turn|34
|
|t:|1769361438
|move|p2a: Toxapex|Baneful Bunker|p2a: Toxapex
|-singleturn|p2a: Toxapex|move: Protect
|move|p1a: Arcanine|Wild Charge|p2a: Toxapex
|-activate|p2a: Toxapex|move: Protect
|
|-heal|p2a: Toxapex|92/100|[from] item: Black Sludge
|-damage|p1a: Arcanine|5/100 psn|[from] psn
|upkeep
|turn|35
|
|t:|1769361449
|move|p1a: Arcanine|Wild Charge|p2a: Toxapex
|-supereffective|p2a: Toxapex
|-crit|p2a: Toxapex
|-damage|p2a: Toxapex|17/100
|move|p2a: Toxapex|Hex|p1a: Arcanine
|-damage|p1a: Arcanine|0 fnt
|faint|p1a: Arcanine
|
|-heal|p2a: Toxapex|24/100|[from] item: Black Sludge
|upkeep
|
|t:|1769361462
|switch|p1a: Darkrai|Darkrai|74/100 tox
|turn|36
|
|t:|1769361474
|move|p2a: Toxapex|Baneful Bunker|p2a: Toxapex
|-singleturn|p2a: Toxapex|move: Protect
|move|p1a: Darkrai|Dark Pulse|p2a: Toxapex
|-activate|p2a: Toxapex|move: Protect
|
|-heal|p2a: Toxapex|30/100|[from] item: Black Sludge
|-damage|p1a: Darkrai|68/100 tox|[from] psn
|upkeep
|turn|37
|
|t:|1769361484
|switch|p2a: Blissey|Blissey, F, shiny|64/100
|move|p1a: Darkrai|Dark Pulse|p2a: Blissey
|-damage|p2a: Blissey|47/100
|-damage|p1a: Darkrai|58/100 tox|[from] item: Life Orb
|
|-heal|p2a: Blissey|53/100|[from] item: Leftovers
|-damage|p1a: Darkrai|46/100 tox|[from] psn
|upkeep
|turn|38
|
|t:|1769361493
|switch|p1a: Ursaluna|Ursaluna, M|15/100 brn
|move|p2a: Blissey|Soft-Boiled|p2a: Blissey
|-heal|p2a: Blissey|100/100
|
|-damage|p1a: Ursaluna|8/100 brn|[from] brn
|upkeep
|turn|39
|
|t:|1769361507
|switch|p2a: Toxapex|Toxapex, M, shiny|63/100
|move|p1a: Ursaluna|Facade|p2a: Toxapex
|-damage|p2a: Toxapex|0 fnt
|faint|p2a: Toxapex
|
|-damage|p1a: Ursaluna|2/100 brn|[from] brn
|upkeep
|
|t:|1769361515
|switch|p2a: Kingambit|Kingambit, M, shiny|100/100
|-activate|p2a: Kingambit|ability: Supreme Overlord
|-start|p2a: Kingambit|fallen4|[silent]
|turn|40
|
|t:|1769361522
|move|p2a: Kingambit|Sucker Punch|p1a: Ursaluna
|-damage|p1a: Ursaluna|0 fnt
|faint|p1a: Ursaluna
|-damage|p2a: Kingambit|91/100|[from] item: Life Orb
|
|upkeep
|
|t:|1769361526
|switch|p1a: Tropius|Tropius, M|82/100 tox
|turn|41
|
|t:|1769361535
|move|p1a: Tropius|Leech Seed|p2a: Kingambit
|-start|p2a: Kingambit|move: Leech Seed
|move|p2a: Kingambit|Swords Dance|p2a: Kingambit
|-boost|p2a: Kingambit|atk|2
|
|-damage|p2a: Kingambit|78/100|[from] Leech Seed|[of] p1a: Tropius
|-heal|p1a: Tropius|97/100 tox|[silent]
|-damage|p1a: Tropius|91/100 tox|[from] psn
|upkeep
|turn|42
|
|t:|1769361544
|move|p1a: Tropius|Substitute|p1a: Tropius
|-start|p1a: Tropius|Substitute
|-damage|p1a: Tropius|66/100 tox
|move|p2a: Kingambit|Iron Head|p1a: Tropius
|-end|p1a: Tropius|Substitute
|-damage|p2a: Kingambit|68/100|[from] item: Life Orb
|
|-damage|p2a: Kingambit|56/100|[from] Leech Seed|[of] p1a: Tropius
|-heal|p1a: Tropius|80/100 tox|[silent]
|-damage|p1a: Tropius|68/100 tox|[from] psn
|upkeep
|turn|43
|
|t:|1769361557
|move|p1a: Tropius|Substitute|p1a: Tropius
|-start|p1a: Tropius|Substitute
|-damage|p1a: Tropius|43/100 tox
|-enditem|p1a: Tropius|Sitrus Berry|[eat]
|-heal|p1a: Tropius|68/100 tox|[from] item: Sitrus Berry
|move|p2a: Kingambit|Iron Head|p1a: Tropius
|-end|p1a: Tropius|Substitute
|-damage|p2a: Kingambit|46/100|[from] item: Life Orb
|
|-damage|p2a: Kingambit|34/100|[from] Leech Seed|[of] p1a: Tropius
|-heal|p1a: Tropius|83/100 tox|[silent]
|-damage|p1a: Tropius|64/100 tox|[from] psn
|-item|p1a: Tropius|Sitrus Berry|[from] ability: Harvest
|upkeep
|turn|44
|
|t:|1769361576
|-end|p2a: Kingambit|fallen4|[silent]
|switch|p2a: Blissey|Blissey, F, shiny|100/100
|move|p1a: Tropius|Substitute|p1a: Tropius
|-start|p1a: Tropius|Substitute
|-damage|p1a: Tropius|39/100 tox
|-enditem|p1a: Tropius|Sitrus Berry|[eat]
|-heal|p1a: Tropius|64/100 tox|[from] item: Sitrus Berry
|
|-damage|p1a: Tropius|40/100 tox|[from] psn
|upkeep
|turn|45
|
|t:|1769361587
|move|p2a: Blissey|Calm Mind|p2a: Blissey
|-boost|p2a: Blissey|spa|1
|-boost|p2a: Blissey|spd|1
|move|p1a: Tropius|Leech Seed|p2a: Blissey
|-start|p2a: Blissey|move: Leech Seed
|
|-damage|p2a: Blissey|88/100|[from] Leech Seed|[of] p1a: Tropius
|-heal|p1a: Tropius|66/100 tox|[silent]
|-damage|p1a: Tropius|35/100 tox|[from] psn
|-item|p1a: Tropius|Sitrus Berry|[from] ability: Harvest
|upkeep
|-enditem|p1a: Tropius|Sitrus Berry|[eat]
|-heal|p1a: Tropius|60/100 tox|[from] item: Sitrus Berry
|turn|46
|
|t:|1769361617
|switch|p1a: Darkrai|Darkrai|46/100 tox
|move|p2a: Blissey|Flamethrower|p1a: Darkrai
|-damage|p1a: Darkrai|16/100 tox
|
|-heal|p2a: Blissey|94/100|[from] item: Leftovers
|-damage|p2a: Blissey|82/100|[from] Leech Seed|[of] p1a: Darkrai
|-heal|p1a: Darkrai|47/100 tox|[silent]
|-damage|p1a: Darkrai|41/100 tox|[from] psn
|upkeep
|turn|47
|
|t:|1769361641
|move|p1a: Darkrai|Focus Blast|p2a: Blissey
|-supereffective|p2a: Blissey
|-damage|p2a: Blissey|61/100
|-damage|p1a: Darkrai|31/100 tox|[from] item: Life Orb
|move|p2a: Blissey|Thunderbolt|p1a: Darkrai
|-damage|p1a: Darkrai|0 fnt
|faint|p1a: Darkrai
|
|-heal|p2a: Blissey|67/100|[from] item: Leftovers
|upkeep
|inactive|Sweetmoney has 120 seconds left.
|-message|Sweetmoney forfeited.
|
|win|hectro_999
|raw|Sweetmoney's rating: 1166 &rarr; <strong>1142</strong><br />(-24 for losing)
|raw|hectro_999's rating: 1174 &rarr; <strong>1198</strong><br />(+24 for winning)
|l|☆Sweetmoney
|player|p1|
|l|☆hectro_999
|player|p2|
