|j|☆pooltoys
|j|☆lildreamer32
|t:|1769439370
|gametype|singles
|player|p1|pooltoys|lucas|1438
|player|p2|lildreamer32|leaf-masters|1425
|gen|9
|tier|[Gen 9] OU
|rated|
|rule|HP Percentage Mod: HP is shown in percentages
|rule|Endless Battle Clause: Forcing endless battles is banned
|rule|Species Clause: Limit one of each Pokémon
|rule|OHKO Clause: OHKO moves are banned
|rule|Evasion Items Clause: Evasion items are banned
|rule|Evasion Moves Clause: Evasion moves are banned
|rule|Evasion Abilities Clause: Evasion abilities are banned
|rule|Sleep Moves Clause: Sleep-inducing moves are banned
|clearpoke
|poke|p1|Raging Bolt|
|poke|p1|Ting-Lu|
|poke|p1|Dragapult, F|
|poke|p1|Pecharunt|
|poke|p1|Great Tusk|
|poke|p1|Meloetta|
|poke|p2|Quagsire, M|
|poke|p2|Blissey, F|
|poke|p2|Toxapex, M|
|poke|p2|Weezing-Galar, F|
|poke|p2|Gliscor, M|
|poke|p2|Corviknight, F|
|teampreview
|inactive|Battle timer is ON: inactive players will automatically lose when time's up. (requested by lildreamer32)
|inactive|lildreamer32 has 120 seconds left.
|
|t:|1769439405
|teamsize|p1|6
|teamsize|p2|6
|start
|switch|p1a: Raging Bolt|Raging Bolt|100/100
|switch|p2a: Gliscor|Gliscor, M|100/100
|turn|1
|
|t:|1769439414
|move|p2a: Gliscor|Protect|p2a: Gliscor
|-singleturn|p2a: Gliscor|Protect
|move|p1a: Raging Bolt|Draco Meteor|p2a: Gliscor
|-activate|p2a: Gliscor|move: Protect
|
|-status|p2a: Gliscor|tox|[from] item: Toxic Orb
|upkeep
|turn|2
|
|t:|1769439441
|switch|p2a: Weezing|Weezing-Galar, F|100/100
|-ability|p2a: Weezing|Neutralizing Gas
|move|p1a: Raging Bolt|Draco Meteor|p2a: Weezing
|-immune|p2a: Weezing
|
|upkeep
|turn|3
|
|t:|1769439453
|-end|p2a: Weezing|ability: Neutralizing Gas
|switch|p2a: Blissey|Blissey, F|100/100
|move|p1a: Raging Bolt|Thunderbolt|p2a: Blissey
|-damage|p2a: Blissey|78/100
|-damage|p1a: Raging Bolt|91/100|[from] item: Life Orb
|
|-heal|p2a: Blissey|85/100|[from] item: Leftovers
|upkeep
|turn|4
|
|t:|1769439460
|-end|p1a: Raging Bolt|Protosynthesis|[silent]
|switch|p1a: Ting-Lu|Ting-Lu|100/100
|-ability|p1a: Ting-Lu|Vessel of Ruin
|move|p2a: Blissey|Stealth Rock|p1a: Ting-Lu
|-sidestart|p1: pooltoys|move: Stealth Rock
|
|-heal|p2a: Blissey|91/100|[from] item: Leftovers
|upkeep
|turn|5
|
|t:|1769439469
|switch|p2a: Toxapex|Toxapex, M|100/100
|move|p1a: Ting-Lu|Stealth Rock|p2a: Toxapex
|-sidestart|p2: lildreamer32|move: Stealth Rock
|
|upkeep
|turn|6
|
|t:|1769439472
|switch|p1a: Pecharunt|Pecharunt|100/100
|move|p2a: Toxapex|Toxic|p1a: Pecharunt
|-immune|p1a: Pecharunt
|
|upkeep
|turn|7
|
|t:|1769439479
|switch|p2a: Weezing|Weezing-Galar, F|100/100
|-ability|p2a: Weezing|Neutralizing Gas
|-damage|p2a: Weezing|88/100|[from] Stealth Rock
|move|p1a: Pecharunt|Foul Play|p2a: Weezing
|-resisted|p2a: Weezing
|-damage|p2a: Weezing|83/100
|
|-heal|p2a: Weezing|89/100|[from] item: Leftovers
|upkeep
|turn|8
|
|t:|1769439484
|move|p1a: Pecharunt|Malignant Chain|p2a: Weezing
|-damage|p2a: Weezing|46/100
|move|p2a: Weezing|Will-O-Wisp|p1a: Pecharunt
|-status|p1a: Pecharunt|brn
|
|-heal|p2a: Weezing|52/100|[from] item: Leftovers
|-damage|p1a: Pecharunt|94/100 brn|[from] brn
|upkeep
|turn|9
|
|t:|1769439498
|-end|p2a: Weezing|ability: Neutralizing Gas
|switch|p2a: Gliscor|Gliscor, M|100/100 tox
|-damage|p2a: Gliscor|88/100 tox|[from] Stealth Rock
|move|p1a: Pecharunt|Malignant Chain|p2a: Gliscor
|-resisted|p2a: Gliscor
|-damage|p2a: Gliscor|68/100 tox
|
|-heal|p2a: Gliscor|80/100 tox|[from] ability: Poison Heal
|-damage|p1a: Pecharunt|88/100 brn|[from] brn
|upkeep
|turn|10
|
|t:|1769439504
|move|p2a: Gliscor|Protect|p2a: Gliscor
|-singleturn|p2a: Gliscor|Protect
|move|p1a: Pecharunt|Parting Shot|p2a: Gliscor
|-activate|p2a: Gliscor|move: Protect
|
|-heal|p2a: Gliscor|93/100 tox|[from] ability: Poison Heal
|-damage|p1a: Pecharunt|82/100 brn|[from] brn
|upkeep
|turn|11
|
|t:|1769439508
|move|p2a: Gliscor|Knock Off|p1a: Pecharunt
|-supereffective|p1a: Pecharunt
|-damage|p1a: Pecharunt|61/100 brn
|-enditem|p1a: Pecharunt|Heavy-Duty Boots|[from] move: Knock Off|[of] p2a: Gliscor
|move|p1a: Pecharunt|Parting Shot|p2a: Gliscor
|-unboost|p2a: Gliscor|atk|1
|-unboost|p2a: Gliscor|spa|1
|
|t:|1769439518
|switch|p1a: Raging Bolt|Raging Bolt|91/100|[from] Parting Shot
|-damage|p1a: Raging Bolt|78/100|[from] Stealth Rock
|
|-heal|p2a: Gliscor|100/100 tox|[from] ability: Poison Heal
|upkeep
|turn|12
|
|t:|1769439526
|switch|p2a: Blissey|Blissey, F|91/100
|-damage|p2a: Blissey|78/100|[from] Stealth Rock
|move|p1a: Raging Bolt|Draco Meteor|p2a: Blissey
|-damage|p2a: Blissey|46/100
|-unboost|p1a: Raging Bolt|spa|2
|-damage|p1a: Raging Bolt|68/100|[from] item: Life Orb
|
|-heal|p2a: Blissey|52/100|[from] item: Leftovers
|upkeep
|turn|13
|
|t:|1769439534
|move|p1a: Raging Bolt|Taunt|p2a: Blissey
|-start|p2a: Blissey|move: Taunt
|cant|p2a: Blissey|move: Taunt|Soft-Boiled
|
|-heal|p2a: Blissey|58/100|[from] item: Leftovers
|upkeep
|turn|14
|
|t:|1769439542
|-end|p1a: Raging Bolt|Protosynthesis|[silent]
|switch|p1a: Dragapult|Dragapult, F|100/100
|-damage|p1a: Dragapult|88/100|[from] Stealth Rock
|switch|p2a: Gliscor|Gliscor, M|100/100 tox
|-damage|p2a: Gliscor|88/100 tox|[from] Stealth Rock
|
|-heal|p2a: Gliscor|100/100 tox|[from] ability: Poison Heal
|upkeep
|turn|15
|
|t:|1769439551
|move|p2a: Gliscor|Protect|p2a: Gliscor
|-singleturn|p2a: Gliscor|Protect
|move|p1a: Dragapult|Shadow Ball|p2a: Gliscor
|-activate|p2a: Gliscor|move: Protect
|
|upkeep
|turn|16
|
|t:|1769439563
|switch|p1a: Pecharunt|Pecharunt|61/100 brn
|-damage|p1a: Pecharunt|49/100 brn|[from] Stealth Rock
|switch|p2a: Blissey|Blissey, F|58/100
|-damage|p2a: Blissey|46/100|[from] Stealth Rock
|
|-heal|p2a: Blissey|52/100|[from] item: Leftovers
|-damage|p1a: Pecharunt|43/100 brn|[from] brn
|upkeep
|turn|17
|
|t:|1769439569
|move|p1a: Pecharunt|Malignant Chain|p2a: Blissey
|-damage|p2a: Blissey|42/100
|-status|p2a: Blissey|tox
|-start|p2a: Blissey|confusion|[from] ability: Poison Puppeteer|[of] p1a: Pecharunt
|-activate|p2a: Blissey|confusion
|move|p2a: Blissey|Soft-Boiled|p2a: Blissey
|-heal|p2a: Blissey|92/100 tox
|
|-heal|p2a: Blissey|98/100 tox|[from] item: Leftovers
|-damage|p2a: Blissey|92/100 tox|[from] psn
|-damage|p1a: Pecharunt|37/100 brn|[from] brn
|upkeep
|turn|18
|
|t:|1769439579
|-curestatus|p2a: Blissey|tox|[from] ability: Natural Cure
|switch|p2a: Gliscor|Gliscor, M|100/100 tox
|-damage|p2a: Gliscor|88/100 tox|[from] Stealth Rock
|move|p1a: Pecharunt|Recover|p1a: Pecharunt
|-heal|p1a: Pecharunt|87/100 brn
|
|-heal|p2a: Gliscor|100/100 tox|[from] ability: Poison Heal
|-damage|p1a: Pecharunt|81/100 brn|[from] brn
|upkeep
|turn|19
|
|t:|1769439585
|move|p2a: Gliscor|Knock Off|p1a: Pecharunt
|-supereffective|p1a: Pecharunt
|-damage|p1a: Pecharunt|68/100 brn
|move|p1a: Pecharunt|Parting Shot|p2a: Gliscor
|-unboost|p2a: Gliscor|atk|1
|-unboost|p2a: Gliscor|spa|1
|
|t:|1769439590
|switch|p1a: Great Tusk|Great Tusk|100/100|[from] Parting Shot
|
|upkeep
|turn|20
|
|t:|1769439593
|move|p2a: Gliscor|Protect|p2a: Gliscor
|-singleturn|p2a: Gliscor|Protect
|move|p1a: Great Tusk|Rapid Spin|p2a: Gliscor
|-activate|p2a: Gliscor|move: Protect
|
|upkeep
|turn|21
|
|t:|1769439608
|switch|p2a: Quagsire|Quagsire, M|100/100
|-damage|p2a: Quagsire|94/100|[from] Stealth Rock
|move|p1a: Great Tusk|Rapid Spin|p2a: Quagsire
|-damage|p2a: Quagsire|82/100
|-boost|p1a: Great Tusk|spe|1
|-sideend|p1: pooltoys|Stealth Rock|[from] move: Rapid Spin|[of] p1a: Great Tusk
|
|-heal|p2a: Quagsire|88/100|[from] item: Leftovers
|upkeep
|turn|22
|
|t:|1769439616
|-end|p1a: Great Tusk|Protosynthesis|[silent]
|switch|p1a: Raging Bolt|Raging Bolt|68/100
|move|p2a: Quagsire|Toxic|p1a: Raging Bolt
|-status|p1a: Raging Bolt|tox
|
|-heal|p2a: Quagsire|94/100|[from] item: Leftovers
|-damage|p1a: Raging Bolt|62/100 tox|[from] psn
|upkeep
|turn|23
|
|t:|1769439621
|switch|p2a: Blissey|Blissey, F|92/100
|-damage|p2a: Blissey|80/100|[from] Stealth Rock
|move|p1a: Raging Bolt|Draco Meteor|p2a: Blissey
|-damage|p2a: Blissey|48/100
|-unboost|p1a: Raging Bolt|spa|2
|-damage|p1a: Raging Bolt|52/100 tox|[from] item: Life Orb
|
|-heal|p2a: Blissey|54/100|[from] item: Leftovers
|-damage|p1a: Raging Bolt|40/100 tox|[from] psn
|upkeep
|turn|24
|
|t:|1769439633
|-end|p1a: Raging Bolt|Protosynthesis|[silent]
|switch|p1a: Dragapult|Dragapult, F|88/100
|move|p2a: Blissey|Soft-Boiled|p2a: Blissey
|-heal|p2a: Blissey|100/100
|
|upkeep
|turn|25
|
|t:|1769439637
|move|p1a: Dragapult|Shadow Ball|p2a: Blissey
|-immune|p2a: Blissey
|move|p2a: Blissey|Calm Mind|p2a: Blissey
|-boost|p2a: Blissey|spa|1
|-boost|p2a: Blissey|spd|1
|
|upkeep
|turn|26
|
|t:|1769439645
|move|p1a: Dragapult|Dragon Darts|p2a: Blissey
|-damage|p2a: Blissey|75/100
|-anim|p1a: Dragapult|Dragon Darts|p2a: Blissey
|-damage|p2a: Blissey|47/100
|-damage|p1a: Dragapult|78/100|[from] item: Life Orb
|move|p2a: Blissey|Stealth Rock|p1a: Dragapult
|-sidestart|p1: pooltoys|move: Stealth Rock
|
|-heal|p2a: Blissey|54/100|[from] item: Leftovers
|upkeep
|turn|27
|
|t:|1769439659
|switch|p2a: Toxapex|Toxapex, M|100/100
|-damage|p2a: Toxapex|88/100|[from] Stealth Rock
|move|p1a: Dragapult|Dragon Darts|p2a: Toxapex
|-damage|p2a: Toxapex|68/100
|-anim|p1a: Dragapult|Dragon Darts|p2a: Toxapex
|-damage|p2a: Toxapex|47/100
|-damage|p1a: Dragapult|69/100|[from] item: Life Orb
|
|-heal|p2a: Toxapex|53/100|[from] item: Leftovers
|upkeep
|turn|28
|
|t:|1769439665
|move|p1a: Dragapult|Shadow Ball|p2a: Toxapex
|-damage|p2a: Toxapex|23/100
|-damage|p1a: Dragapult|59/100|[from] item: Life Orb
|move|p2a: Toxapex|Toxic|p1a: Dragapult
|-status|p1a: Dragapult|tox
|
|-heal|p2a: Toxapex|29/100|[from] item: Leftovers
|-damage|p1a: Dragapult|53/100 tox|[from] psn
|upkeep
|turn|29
|
|t:|1769439671
|move|p2a: Toxapex|Baneful Bunker|p2a: Toxapex
|-singleturn|p2a: Toxapex|move: Protect
|move|p1a: Dragapult|Dragon Darts|p2a: Toxapex
|-activate|p2a: Toxapex|move: Protect
|
|-heal|p2a: Toxapex|35/100|[from] item: Leftovers
|-damage|p1a: Dragapult|41/100 tox|[from] psn
|upkeep
|turn|30
|
|t:|1769439677
|switch|p2a: Weezing|Weezing-Galar, F|52/100
|-ability|p2a: Weezing|Neutralizing Gas
|-damage|p2a: Weezing|40/100|[from] Stealth Rock
|move|p1a: Dragapult|Draco Meteor|p2a: Weezing
|-immune|p2a: Weezing
|
|-heal|p2a: Weezing|46/100|[from] item: Leftovers
|-damage|p1a: Dragapult|23/100 tox|[from] psn
|upkeep
|turn|31
|
|t:|1769439687
|-end|p2a: Weezing|ability: Neutralizing Gas
|switch|p2a: Corviknight|Corviknight, F|100/100
|-damage|p2a: Corviknight|88/100|[from] Stealth Rock
|-ability|p2a: Corviknight|Pressure
|move|p1a: Dragapult|Dragon Darts|p2a: Corviknight
|-resisted|p2a: Corviknight
|-damage|p2a: Corviknight|78/100
|-anim|p1a: Dragapult|Dragon Darts|p2a: Corviknight
|-resisted|p2a: Corviknight
|-damage|p2a: Corviknight|70/100
|-damage|p1a: Dragapult|13/100 tox|[from] item: Life Orb
|
|-damage|p1a: Dragapult|0 fnt|[from] psn
|faint|p1a: Dragapult
|upkeep
|
|t:|1769439694
|switch|p1a: Raging Bolt|Raging Bolt|40/100 tox
|-damage|p1a: Raging Bolt|28/100 tox|[from] Stealth Rock
|turn|32
|
|t:|1769439698
|switch|p2a: Gliscor|Gliscor, M|100/100 tox
|-damage|p2a: Gliscor|88/100 tox|[from] Stealth Rock
|move|p1a: Raging Bolt|Thunderbolt|p2a: Gliscor
|-immune|p2a: Gliscor
|
|-heal|p2a: Gliscor|100/100 tox|[from] ability: Poison Heal
|-damage|p1a: Raging Bolt|21/100 tox|[from] psn
|upkeep
|turn|33
|
|t:|1769439703
|move|p2a: Gliscor|Protect|p2a: Gliscor
|-singleturn|p2a: Gliscor|Protect
|move|p1a: Raging Bolt|Draco Meteor|p2a: Gliscor
|-activate|p2a: Gliscor|move: Protect
|
|-damage|p1a: Raging Bolt|9/100 tox|[from] psn
|upkeep
|turn|34
|
|t:|1769439733
|switch|p2a: Blissey|Blissey, F|54/100
|-damage|p2a: Blissey|41/100|[from] Stealth Rock
|move|p1a: Raging Bolt|Draco Meteor|p2a: Blissey
|-damage|p2a: Blissey|11/100
|-unboost|p1a: Raging Bolt|spa|2
|-damage|p1a: Raging Bolt|0 fnt|[from] item: Life Orb
|faint|p1a: Raging Bolt
|-end|p1a: Raging Bolt|Protosynthesis|[silent]
|
|-heal|p2a: Blissey|17/100|[from] item: Leftovers
|upkeep
|
|t:|1769439744
|switch|p1a: Great Tusk|Great Tusk|100/100
|turn|35
|inactive|lildreamer32 has 120 seconds left.
|
|t:|1769439770
|switch|p2a: Gliscor|Gliscor, M|100/100 tox
|-damage|p2a: Gliscor|88/100 tox|[from] Stealth Rock
|move|p1a: Great Tusk|Ice Spinner|p2a: Gliscor
|-supereffective|p2a: Gliscor
|-damage|p2a: Gliscor|5/100 tox
|
|-heal|p2a: Gliscor|18/100 tox|[from] ability: Poison Heal
|upkeep
|turn|36
|
|t:|1769439775
|move|p2a: Gliscor|Protect|p2a: Gliscor
|-singleturn|p2a: Gliscor|Protect
|move|p1a: Great Tusk|Ice Spinner|p2a: Gliscor
|-activate|p2a: Gliscor|move: Protect
|
|-heal|p2a: Gliscor|30/100 tox|[from] ability: Poison Heal
|upkeep
|turn|37
|
|t:|1769439786
|switch|p2a: Quagsire|Quagsire, M|94/100
|-damage|p2a: Quagsire|88/100|[from] Stealth Rock
|move|p1a: Great Tusk|Rapid Spin|p2a: Quagsire
|-damage|p2a: Quagsire|75/100
|-boost|p1a: Great Tusk|spe|1
|-sideend|p1: pooltoys|Stealth Rock|[from] move: Rapid Spin|[of] p1a: Great Tusk
|
|-heal|p2a: Quagsire|81/100|[from] item: Leftovers
|upkeep
|turn|38
|
|t:|1769439791
|-end|p1a: Great Tusk|Protosynthesis|[silent]
|switch|p1a: Pecharunt|Pecharunt|68/100 brn
|move|p2a: Quagsire|Toxic|p1a: Pecharunt|[miss]
|-miss|p2a: Quagsire|p1a: Pecharunt
|
|-heal|p2a: Quagsire|88/100|[from] item: Leftovers
|-damage|p1a: Pecharunt|62/100 brn|[from] brn
|upkeep
|turn|39
|
|t:|1769439798
|move|p1a: Pecharunt|Malignant Chain|p2a: Quagsire
|-resisted|p2a: Quagsire
|-damage|p2a: Quagsire|68/100
|-status|p2a: Quagsire|tox
|-start|p2a: Quagsire|confusion|[from] ability: Poison Puppeteer|[of] p1a: Pecharunt
|-activate|p2a: Quagsire|confusion
|move|p2a: Quagsire|Spikes|p1a: Pecharunt
|-sidestart|p1: pooltoys|Spikes
|
|-heal|p2a: Quagsire|74/100 tox|[from] item: Leftovers
|-damage|p2a: Quagsire|68/100 tox|[from] psn
|-damage|p1a: Pecharunt|55/100 brn|[from] brn
|upkeep
|turn|40
|
|t:|1769439808
|move|p1a: Pecharunt|Parting Shot|p2a: Quagsire
|-unboost|p2a: Quagsire|atk|1
|-unboost|p2a: Quagsire|spa|1
|
|t:|1769439811
|switch|p1a: Great Tusk|Great Tusk|100/100|[from] Parting Shot
|-end|p2a: Quagsire|confusion
|move|p2a: Quagsire|Earthquake|p1a: Great Tusk
|-damage|p1a: Great Tusk|86/100
|
|-heal|p2a: Quagsire|74/100 tox|[from] item: Leftovers
|-damage|p2a: Quagsire|62/100 tox|[from] psn
|upkeep
|turn|41
|
|t:|1769439817
|switch|p2a: Toxapex|Toxapex, M|68/100
|-damage|p2a: Toxapex|56/100|[from] Stealth Rock
|move|p1a: Great Tusk|Rapid Spin|p2a: Toxapex
|-damage|p2a: Toxapex|42/100
|-boost|p1a: Great Tusk|spe|1
|-sideend|p1: pooltoys|Spikes|[from] move: Rapid Spin|[of] p1a: Great Tusk
|
|-heal|p2a: Toxapex|48/100|[from] item: Leftovers
|upkeep
|turn|42
|
|t:|1769439824
|-end|p1a: Great Tusk|Protosynthesis|[silent]
|switch|p1a: Ting-Lu|Ting-Lu|100/100
|-ability|p1a: Ting-Lu|Vessel of Ruin
|move|p2a: Toxapex|Baneful Bunker||[still]
|-fail|p2a: Toxapex
|
|-heal|p2a: Toxapex|54/100|[from] item: Leftovers
|upkeep
|turn|43
|
|t:|1769439831
|move|p1a: Ting-Lu|Earthquake|p2a: Toxapex
|-supereffective|p2a: Toxapex
|-damage|p2a: Toxapex|0 fnt
|faint|p2a: Toxapex
|
|upkeep
|
|t:|1769439840
|switch|p2a: Corviknight|Corviknight, F|70/100
|-damage|p2a: Corviknight|57/100|[from] Stealth Rock
|-ability|p2a: Corviknight|Pressure
|turn|44
|
|t:|1769439846
|move|p2a: Corviknight|Defog|p1a: Ting-Lu
|-unboost|p1a: Ting-Lu|evasion|1
|-sideend|p2: lildreamer32|Stealth Rock|[from] move: Defog|[of] p2a: Corviknight
|move|p1a: Ting-Lu|Ruination|p2a: Corviknight
|-damage|p2a: Corviknight|29/100
|
|upkeep
|turn|45
|
|t:|1769439858
|move|p2a: Corviknight|Roost|p2a: Corviknight
|-heal|p2a: Corviknight|79/100
|-singleturn|p2a: Corviknight|move: Roost
|move|p1a: Ting-Lu|Stealth Rock|p2a: Corviknight
|-sidestart|p2: lildreamer32|move: Stealth Rock
|
|upkeep
|turn|46
|
|t:|1769439870
|switch|p2a: Blissey|Blissey, F|17/100
|-damage|p2a: Blissey|5/100|[from] Stealth Rock
|move|p1a: Ting-Lu|Ruination|p2a: Blissey
|-damage|p2a: Blissey|3/100
|
|-heal|p2a: Blissey|9/100|[from] item: Leftovers
|upkeep
|turn|47
|
|t:|1769439876
|switch|p1a: Meloetta|Meloetta|100/100
|move|p2a: Blissey|Soft-Boiled|p2a: Blissey
|-heal|p2a: Blissey|59/100
|
|-heal|p2a: Blissey|65/100|[from] item: Leftovers
|upkeep
|turn|48
|inactive|lildreamer32 has 120 seconds left.
|
|t:|1769439935
|switch|p2a: Weezing|Weezing-Galar, F|46/100
|-ability|p2a: Weezing|Neutralizing Gas
|-damage|p2a: Weezing|33/100|[from] Stealth Rock
|move|p1a: Meloetta|Calm Mind|p1a: Meloetta
|-boost|p1a: Meloetta|spa|1
|-boost|p1a: Meloetta|spd|1
|
|-heal|p2a: Weezing|39/100|[from] item: Leftovers
|upkeep
|turn|49
|inactive|lildreamer32 has 90 seconds left.
|
|t:|1769439954
|move|p1a: Meloetta|Substitute|p1a: Meloetta
|-start|p1a: Meloetta|Substitute
|-damage|p1a: Meloetta|76/100
|move|p2a: Weezing|Will-O-Wisp||[still]
|-fail|p2a: Weezing
|
|-heal|p1a: Meloetta|82/100|[from] item: Leftovers
|-heal|p2a: Weezing|45/100|[from] item: Leftovers
|upkeep
|turn|50
|
|t:|1769439961
|move|p1a: Meloetta|Tera Blast|p2a: Weezing
|-damage|p2a: Weezing|0 fnt
|faint|p2a: Weezing
|-end|p2a: Weezing|ability: Neutralizing Gas
|
|-heal|p1a: Meloetta|88/100|[from] item: Leftovers
|upkeep
|
|t:|1769439969
|switch|p2a: Quagsire|Quagsire, M|62/100 tox
|-damage|p2a: Quagsire|56/100 tox|[from] Stealth Rock
|turn|51
|
|t:|1769439976
|move|p1a: Meloetta|Calm Mind|p1a: Meloetta
|-boost|p1a: Meloetta|spa|1
|-boost|p1a: Meloetta|spd|1
|move|p2a: Quagsire|Earthquake|p1a: Meloetta
|-crit|p1a: Meloetta
|-end|p1a: Meloetta|Substitute
|
|-heal|p1a: Meloetta|94/100|[from] item: Leftovers
|-heal|p2a: Quagsire|62/100 tox|[from] item: Leftovers
|-damage|p2a: Quagsire|56/100 tox|[from] psn
|upkeep
|turn|52
|
|t:|1769439983
|move|p1a: Meloetta|Substitute|p1a: Meloetta
|-start|p1a: Meloetta|Substitute
|-damage|p1a: Meloetta|69/100
|move|p2a: Quagsire|Earthquake|p1a: Meloetta
|-end|p1a: Meloetta|Substitute
|
|-heal|p1a: Meloetta|75/100|[from] item: Leftovers
|-heal|p2a: Quagsire|62/100 tox|[from] item: Leftovers
|-damage|p2a: Quagsire|49/100 tox|[from] psn
|upkeep
|turn|53
|
|t:|1769439993
|move|p1a: Meloetta|Substitute|p1a: Meloetta
|-start|p1a: Meloetta|Substitute
|-damage|p1a: Meloetta|50/100
|move|p2a: Quagsire|Recover|p2a: Quagsire
|-heal|p2a: Quagsire|99/100 tox
|
|-heal|p1a: Meloetta|57/100|[from] item: Leftovers
|-heal|p2a: Quagsire|100/100 tox|[from] item: Leftovers
|-damage|p2a: Quagsire|82/100 tox|[from] psn
|upkeep
|turn|54
|
|t:|1769439999
|switch|p2a: Blissey|Blissey, F|65/100
|-damage|p2a: Blissey|52/100|[from] Stealth Rock
|move|p1a: Meloetta|Tera Blast|p2a: Blissey
|-damage|p2a: Blissey|29/100
|
|-heal|p1a: Meloetta|63/100|[from] item: Leftovers
|-heal|p2a: Blissey|35/100|[from] item: Leftovers
|upkeep
|turn|55
|
|t:|1769440002
|move|p1a: Meloetta|Psyshock|p2a: Blissey
|-damage|p2a: Blissey|0 fnt
|faint|p2a: Blissey
|
|-heal|p1a: Meloetta|69/100|[from] item: Leftovers
|upkeep
|
|t:|1769440008
|switch|p2a: Quagsire|Quagsire, M|82/100 tox
|-damage|p2a: Quagsire|76/100 tox|[from] Stealth Rock
|turn|56
|
|t:|1769440011
|move|p1a: Meloetta|Tera Blast|p2a: Quagsire
|-damage|p2a: Quagsire|30/100 tox
|move|p2a: Quagsire|Earthquake|p1a: Meloetta
|-end|p1a: Meloetta|Substitute
|
|-heal|p1a: Meloetta|75/100|[from] item: Leftovers
|-heal|p2a: Quagsire|36/100 tox|[from] item: Leftovers
|-damage|p2a: Quagsire|30/100 tox|[from] psn
|upkeep
|turn|57
|
|t:|1769440016
|move|p1a: Meloetta|Substitute|p1a: Meloetta
|-start|p1a: Meloetta|Substitute
|-damage|p1a: Meloetta|50/100
|move|p2a: Quagsire|Recover|p2a: Quagsire
|-heal|p2a: Quagsire|80/100 tox
|
|-heal|p1a: Meloetta|56/100|[from] item: Leftovers
|-heal|p2a: Quagsire|86/100 tox|[from] item: Leftovers
|-damage|p2a: Quagsire|74/100 tox|[from] psn
|upkeep
|turn|58
|
|t:|1769440019
|move|p1a: Meloetta|Tera Blast|p2a: Quagsire
|-damage|p2a: Quagsire|25/100 tox
|move|p2a: Quagsire|Earthquake|p1a: Meloetta
|-end|p1a: Meloetta|Substitute
|
|-heal|p1a: Meloetta|62/100|[from] item: Leftovers
|-heal|p2a: Quagsire|31/100 tox|[from] item: Leftovers
|-damage|p2a: Quagsire|12/100 tox|[from] psn
|upkeep
|turn|59
|-message|lildreamer32 forfeited.
|
|win|pooltoys
|raw|pooltoys's rating: 1438 &rarr; <strong>1457</strong><br />(+19 for winning)
|raw|lildreamer32's rating: 1425 &rarr; <strong>1406</strong><br />(-19 for losing)
|l|☆lildreamer32
|player|p2|
|l|☆pooltoys
|player|p1|
