|j|☆THE BOWENER
|j|☆habracadabrah
|t:|1769339695
|gametype|singles
|player|p1|THE BOWENER|lenora|1268
|player|p2|habracadabrah|hugh|1281
|gen|9
|tier|[Gen 9] OU
|rated|
|rule|HP Percentage Mod: HP is shown in percentages
|rule|Endless Battle Clause: Forcing endless battles is banned
|rule|Species Clause: Limit one of each Pokémon
|rule|OHKO Clause: OHKO moves are banned
|rule|Evasion Items Clause: Evasion items are banned
|rule|Evasion Moves Clause: Evasion moves are banned
|rule|Evasion Abilities Clause: Evasion abilities are banned
|rule|Sleep Moves Clause: Sleep-inducing moves are banned
|clearpoke
|poke|p1|Rillaboom, M|
|poke|p1|Hawlucha, M|
|poke|p1|Iron Moth|
|poke|p1|Dragapult, F|
|poke|p1|Corviknight, M|
|poke|p1|Tyranitar, M|
|poke|p2|Cacturne, M|
|poke|p2|Tyranitar, M|
|poke|p2|Umbreon, M|
|poke|p2|Weavile, M|
|poke|p2|Ninetales-Alola, F|
|poke|p2|Excadrill, F|
|teampreview
|
|t:|1769339705
|teamsize|p1|6
|teamsize|p2|6
|start
|switch|p1a: Luis Diaz|Hawlucha, M|100/100
|switch|p2a: Ninetales|Ninetales-Alola, F|100/100
|-weather|Snowscape|[from] ability: Snow Warning|[of] p2a: Ninetales
|turn|1
|
|t:|1769339720
|switch|p1a: Juergen|Tyranitar, M|100/100
|-weather|Sandstorm|[from] ability: Sand Stream|[of] p1a: Juergen
|move|p2a: Ninetales|Encore||[still]
|-fail|p2a: Ninetales
|
|-weather|Sandstorm|[upkeep]
|-damage|p2a: Ninetales|95/100|[from] Sandstorm
|upkeep
|turn|2
|
|t:|1769339734
|switch|p2a: Umbreon|Umbreon, M|100/100
|move|p1a: Juergen|Stone Edge|p2a: Umbreon
|-damage|p2a: Umbreon|53/100
|
|-weather|Sandstorm|[upkeep]
|-damage|p2a: Umbreon|47/100|[from] Sandstorm
|-heal|p2a: Umbreon|53/100|[from] item: Leftovers
|upkeep
|turn|3
|
|t:|1769339745
|move|p1a: Juergen|Stone Edge|p2a: Umbreon
|-damage|p2a: Umbreon|6/100
|move|p2a: Umbreon|Wish|p2a: Umbreon
|
|-weather|Sandstorm|[upkeep]
|-damage|p2a: Umbreon|0 fnt|[from] Sandstorm
|faint|p2a: Umbreon
|upkeep
|
|t:|1769339762
|switch|p2a: Excadrill|Excadrill, F|100/100
|-ability|p2a: Excadrill|Mold Breaker
|-item|p2a: Excadrill|Air Balloon
|turn|4
|
|t:|1769339776
|switch|p1a: Leonid|Corviknight, M|100/100
|move|p2a: Excadrill|Swords Dance|p2a: Excadrill
|-boost|p2a: Excadrill|atk|2
|
|-weather|Sandstorm|[upkeep]
|upkeep
|turn|5
|
|t:|1769339785
|move|p2a: Excadrill|Iron Head|p1a: Leonid
|-resisted|p1a: Leonid
|-damage|p1a: Leonid|65/100
|-damage|p2a: Excadrill|84/100|[from] item: Rocky Helmet|[of] p1a: Leonid
|move|p1a: Leonid|Body Press|p2a: Excadrill
|-supereffective|p2a: Excadrill
|-damage|p2a: Excadrill|7/100
|-enditem|p2a: Excadrill|Air Balloon
|
|-weather|none
|upkeep
|turn|6
|
|t:|1769339796
|move|p2a: Excadrill|Iron Head|p1a: Leonid
|-resisted|p1a: Leonid
|-damage|p1a: Leonid|34/100
|-damage|p2a: Excadrill|0 fnt|[from] item: Rocky Helmet|[of] p1a: Leonid
|faint|p2a: Excadrill
|move|p1a: Leonid|U-turn|p2: Excadrill|[notarget]
|-fail|p1a: Leonid
|
|upkeep
|
|t:|1769339807
|switch|p2a: Ninetales|Ninetales-Alola, F|95/100
|-weather|Snowscape|[from] ability: Snow Warning|[of] p2a: Ninetales
|turn|7
|
|t:|1769339831
|move|p2a: Ninetales|Blizzard|p1a: Leonid
|-damage|p1a: Leonid|0 fnt
|faint|p1a: Leonid
|
|-weather|Snowscape|[upkeep]
|upkeep
|
|t:|1769339836
|switch|p1a: Juergen|Tyranitar, M|100/100
|-weather|Sandstorm|[from] ability: Sand Stream|[of] p1a: Juergen
|turn|8
|
|t:|1769339848
|switch|p2a: Tyranitar|Tyranitar, M|100/100
|move|p1a: Juergen|Stone Edge|p2a: Tyranitar|[miss]
|-miss|p1a: Juergen|p2a: Tyranitar
|
|-weather|Sandstorm|[upkeep]
|upkeep
|turn|9
|
|t:|1769339857
|move|p1a: Juergen|Earthquake|p2a: Tyranitar
|-supereffective|p2a: Tyranitar
|-damage|p2a: Tyranitar|37/100
|move|p2a: Tyranitar|Knock Off|p1a: Juergen
|-resisted|p1a: Juergen
|-damage|p1a: Juergen|73/100
|-enditem|p1a: Juergen|Assault Vest|[from] move: Knock Off|[of] p2a: Tyranitar
|
|-weather|Sandstorm|[upkeep]
|upkeep
|turn|10
|
|t:|1769339864
|move|p1a: Juergen|Earthquake|p2a: Tyranitar
|-supereffective|p2a: Tyranitar
|-damage|p2a: Tyranitar|0 fnt
|faint|p2a: Tyranitar
|
|-weather|Sandstorm|[upkeep]
|upkeep
|
|t:|1769339867
|switch|p2a: Ninetales|Ninetales-Alola, F|95/100
|-weather|Snowscape|[from] ability: Snow Warning|[of] p2a: Ninetales
|turn|11
|
|t:|1769339873
|move|p2a: Ninetales|Aurora Veil|p2a: Ninetales
|-sidestart|p2: habracadabrah|move: Aurora Veil
|move|p1a: Juergen|Stone Edge|p2a: Ninetales|[miss]
|-miss|p1a: Juergen|p2a: Ninetales
|
|-weather|Snowscape|[upkeep]
|upkeep
|turn|12
|
|t:|1769339885
|move|p2a: Ninetales|Moonblast|p1a: Juergen
|-supereffective|p1a: Juergen
|-damage|p1a: Juergen|5/100
|move|p1a: Juergen|Stone Edge|p2a: Ninetales|[miss]
|-miss|p1a: Juergen|p2a: Ninetales
|
|-weather|Snowscape|[upkeep]
|upkeep
|turn|13
|
|t:|1769339894
|switch|p1a: Iron Moth|Iron Moth|100/100
|-enditem|p1a: Iron Moth|Booster Energy
|-activate|p1a: Iron Moth|ability: Quark Drive|[fromitem]
|-start|p1a: Iron Moth|quarkdrivespa
|move|p2a: Ninetales|Blizzard|p1a: Iron Moth
|-resisted|p1a: Iron Moth
|-damage|p1a: Iron Moth|78/100
|
|-weather|Snowscape|[upkeep]
|upkeep
|turn|14
|
|t:|1769339913
|switch|p2a: Cacturne|Cacturne, M|100/100
|move|p1a: Iron Moth|Fiery Dance|p2a: Cacturne
|-supereffective|p2a: Cacturne
|-damage|p2a: Cacturne|13/100
|
|-weather|Snowscape|[upkeep]
|upkeep
|turn|15
|
|t:|1769339921
|move|p2a: Cacturne|Sucker Punch|p1a: Iron Moth
|-damage|p1a: Iron Moth|33/100
|move|p1a: Iron Moth|Fiery Dance|p2a: Cacturne
|-supereffective|p2a: Cacturne
|-damage|p2a: Cacturne|0 fnt
|-boost|p1a: Iron Moth|spa|1
|faint|p2a: Cacturne
|
|-weather|none
|upkeep
|
|t:|1769339925
|switch|p2a: Weavile|Weavile, M|100/100
|turn|16
|
|t:|1769339935
|move|p2a: Weavile|Knock Off|p1a: Iron Moth
|-damage|p1a: Iron Moth|0 fnt
|faint|p1a: Iron Moth
|-end|p1a: Iron Moth|Quark Drive|[silent]
|
|upkeep
|
|t:|1769339940
|switch|p1a: Andy Robertson|Rillaboom, M|100/100
|-fieldstart|move: Grassy Terrain|[from] ability: Grassy Surge|[of] p1a: Andy Robertson
|turn|17
|
|t:|1769339948
|move|p1a: Andy Robertson|Grassy Glide|p2a: Weavile
|-damage|p2a: Weavile|71/100
|move|p2a: Weavile|Icicle Crash|p1a: Andy Robertson
|-supereffective|p1a: Andy Robertson
|-damage|p1a: Andy Robertson|32/100
|
|-heal|p2a: Weavile|77/100|[from] Grassy Terrain
|-heal|p1a: Andy Robertson|38/100|[from] Grassy Terrain
|upkeep
|turn|18
|
|t:|1769339959
|move|p2a: Weavile|Icicle Crash|p1a: Andy Robertson
|-supereffective|p1a: Andy Robertson
|-damage|p1a: Andy Robertson|0 fnt
|faint|p1a: Andy Robertson
|
|-heal|p2a: Weavile|83/100|[from] Grassy Terrain
|-sideend|p2: habracadabrah|move: Aurora Veil
|upkeep
|
|t:|1769339966
|switch|p1a: Luis Diaz|Hawlucha, M|100/100
|-enditem|p1a: Luis Diaz|Grassy Seed
|-boost|p1a: Luis Diaz|def|1|[from] item: Grassy Seed
|turn|19
|
|t:|1769339973
|-terastallize|p2a: Weavile|Fighting
|move|p1a: Luis Diaz|Close Combat|p2a: Weavile
|-damage|p2a: Weavile|0 fnt
|-unboost|p1a: Luis Diaz|def|1
|-unboost|p1a: Luis Diaz|spd|1
|faint|p2a: Weavile
|
|upkeep
|
|t:|1769339978
|switch|p2a: Ninetales|Ninetales-Alola, F|95/100
|-weather|Snowscape|[from] ability: Snow Warning|[of] p2a: Ninetales
|turn|20
|
|t:|1769339984
|switch|p1a: Juergen|Tyranitar, M|5/100
|-weather|Sandstorm|[from] ability: Sand Stream|[of] p1a: Juergen
|move|p2a: Ninetales|Aurora Veil||[still]
|-fail|p2a: Ninetales
|
|-weather|Sandstorm|[upkeep]
|-damage|p2a: Ninetales|89/100|[from] Sandstorm
|-heal|p2a: Ninetales|95/100|[from] Grassy Terrain
|-heal|p1a: Juergen|11/100|[from] Grassy Terrain
|upkeep
|turn|21
|
|t:|1769339990
|move|p2a: Ninetales|Moonblast|p1a: Juergen
|-supereffective|p1a: Juergen
|-damage|p1a: Juergen|0 fnt
|faint|p1a: Juergen
|
|-weather|Sandstorm|[upkeep]
|-damage|p2a: Ninetales|89/100|[from] Sandstorm
|-heal|p2a: Ninetales|95/100|[from] Grassy Terrain
|-fieldend|move: Grassy Terrain
|upkeep
|
|t:|1769339998
|switch|p1a: Arina|Dragapult, F|100/100
|turn|22
|
|t:|1769340003
|-terastallize|p1a: Arina|Water
|move|p1a: Arina|Hydro Pump|p2a: Ninetales
|-damage|p2a: Ninetales|16/100
|move|p2a: Ninetales|Moonblast|p1a: Arina
|-damage|p1a: Arina|42/100
|
|-weather|Sandstorm|[upkeep]
|-damage|p1a: Arina|36/100|[from] Sandstorm
|-damage|p2a: Ninetales|10/100|[from] Sandstorm
|upkeep
|turn|23
|
|t:|1769340009
|move|p1a: Arina|Hydro Pump|p2a: Ninetales
|-damage|p2a: Ninetales|0 fnt
|faint|p2a: Ninetales
|
|win|THE BOWENER
|raw|THE BOWENER's rating: 1268 &rarr; <strong>1294</strong><br />(+26 for winning)
|raw|habracadabrah's rating: 1281 &rarr; <strong>1255</strong><br />(-26 for losing)
|l|☆habracadabrah
|player|p2|
|l|☆THE BOWENER
|player|p1|
