|j|☆guensama
|j|☆hsp20040923
|t:|1769412837
|gametype|singles
|player|p1|guensama|marley|1194
|player|p2|hsp20040923|170|1222
|gen|9
|tier|[Gen 9] OU
|rated|
|rule|HP Percentage Mod: HP is shown in percentages
|rule|Endless Battle Clause: Forcing endless battles is banned
|rule|Species Clause: Limit one of each Pokémon
|rule|OHKO Clause: OHKO moves are banned
|rule|Evasion Items Clause: Evasion items are banned
|rule|Evasion Moves Clause: Evasion moves are banned
|rule|Evasion Abilities Clause: Evasion abilities are banned
|rule|Sleep Moves Clause: Sleep-inducing moves are banned
|clearpoke
|poke|p1|Moltres-Galar|
|poke|p1|Great Tusk|
|poke|p1|Meowscarada, F|
|poke|p1|Iron Valiant|
|poke|p1|Dragonite, M|
|poke|p1|Cinderace, F|
|poke|p2|Gliscor, F|
|poke|p2|Alomomola, F|
|poke|p2|Amoonguss, F|
|poke|p2|Slowking-Galar, M|
|poke|p2|Blissey, F|
|poke|p2|Sableye, M|
|teampreview
|
|t:|1769412855
|teamsize|p1|6
|teamsize|p2|6
|start
|switch|p1a: Meowscarada|Meowscarada, F|100/100
|switch|p2a: Sableye|Sableye, M|100/100
|turn|1
|
|t:|1769412876
|move|p2a: Sableye|Trick|p1a: Meowscarada
|-hint|Since gen 7, Dark is immune to Prankster moves.
|-immune|p1a: Meowscarada
|move|p1a: Meowscarada|Knock Off|p2a: Sableye
|-start|p1a: Meowscarada|typechange|Dark|[from] ability: Protean
|-damage|p2a: Sableye|48/100
|-enditem|p2a: Sableye|Choice Scarf|[from] move: Knock Off|[of] p1a: Meowscarada
|-damage|p1a: Meowscarada|91/100|[from] item: Life Orb
|
|upkeep
|turn|2
|
|t:|1769412886
|move|p2a: Sableye|Will-O-Wisp|p1a: Meowscarada
|-hint|Since gen 7, Dark is immune to Prankster moves.
|-immune|p1a: Meowscarada
|move|p1a: Meowscarada|Knock Off|p2a: Sableye
|-damage|p2a: Sableye|10/100
|-damage|p1a: Meowscarada|81/100|[from] item: Life Orb
|
|upkeep
|turn|3
|
|t:|1769412892
|move|p2a: Sableye|Recover|p2a: Sableye
|-heal|p2a: Sableye|60/100
|move|p1a: Meowscarada|Knock Off|p2a: Sableye
|-damage|p2a: Sableye|21/100
|-damage|p1a: Meowscarada|71/100|[from] item: Life Orb
|
|upkeep
|turn|4
|
|t:|1769412903
|move|p2a: Sableye|Recover|p2a: Sableye
|-heal|p2a: Sableye|71/100
|move|p1a: Meowscarada|U-turn|p2a: Sableye
|-damage|p2a: Sableye|46/100
|-damage|p1a: Meowscarada|61/100|[from] item: Life Orb
|
|t:|1769412906
|switch|p1a: Goty=Silksong|Moltres-Galar|100/100|[from] U-turn
|
|upkeep
|turn|5
|
|t:|1769412910
|move|p2a: Sableye|Will-O-Wisp|p1a: Goty=Silksong
|-hint|Since gen 7, Dark is immune to Prankster moves.
|-immune|p1a: Goty=Silksong
|move|p1a: Goty=Silksong|Agility|p1a: Goty=Silksong
|-boost|p1a: Goty=Silksong|spe|2
|
|upkeep
|turn|6
|
|t:|1769412922
|switch|p2a: Blissey|Blissey, F|100/100
|move|p1a: Goty=Silksong|Hurricane|p2a: Blissey
|-damage|p2a: Blissey|86/100
|
|upkeep
|turn|7
|
|t:|1769412931
|switch|p1a: Meowscarada|Meowscarada, F|61/100
|move|p2a: Blissey|Trick|p1a: Meowscarada
|-activate|p2a: Blissey|move: Trick|[of] p1a: Meowscarada
|-item|p1a: Meowscarada|Choice Band|[from] move: Trick
|-item|p2a: Blissey|Life Orb|[from] move: Trick
|
|upkeep
|turn|8
|
|t:|1769412940
|move|p2a: Blissey|Protect|p2a: Blissey
|-singleturn|p2a: Blissey|Protect
|move|p1a: Meowscarada|Knock Off|p2a: Blissey
|-start|p1a: Meowscarada|typechange|Dark|[from] ability: Protean
|-activate|p2a: Blissey|move: Protect
|
|upkeep
|turn|9
|
|t:|1769412949
|switch|p2a: Sableye|Sableye, M|46/100
|move|p1a: Meowscarada|Knock Off|p2a: Sableye
|-damage|p2a: Sableye|3/100
|
|upkeep
|turn|10
|
|t:|1769412958
|move|p2a: Sableye|Recover|p2a: Sableye
|-heal|p2a: Sableye|53/100
|move|p1a: Meowscarada|Knock Off|p2a: Sableye
|-damage|p2a: Sableye|10/100
|
|upkeep
|turn|11
|
|t:|1769412963
|move|p2a: Sableye|Recover|p2a: Sableye
|-heal|p2a: Sableye|60/100
|move|p1a: Meowscarada|Knock Off|p2a: Sableye
|-damage|p2a: Sableye|19/100
|
|upkeep
|turn|12
|
|t:|1769412972
|switch|p1a: Goty=Silksong|Moltres-Galar|100/100
|move|p2a: Sableye|Recover|p2a: Sableye
|-heal|p2a: Sableye|69/100
|
|upkeep
|turn|13
|
|t:|1769412978
|switch|p1a: Meowscarada|Meowscarada, F|61/100
|switch|p2a: Blissey|Blissey, F|86/100
|
|upkeep
|turn|14
|
|t:|1769412991
|switch|p2a: Amoonguss|Amoonguss, F|100/100
|move|p1a: Meowscarada|Knock Off|p2a: Amoonguss
|-start|p1a: Meowscarada|typechange|Dark|[from] ability: Protean
|-damage|p2a: Amoonguss|53/100
|-damage|p1a: Meowscarada|45/100|[from] item: Rocky Helmet|[of] p2a: Amoonguss
|-enditem|p2a: Amoonguss|Rocky Helmet|[from] move: Knock Off|[of] p1a: Meowscarada
|
|upkeep
|turn|15
|
|t:|1769413004
|move|p1a: Meowscarada|Knock Off|p2a: Amoonguss
|-damage|p2a: Amoonguss|21/100
|move|p2a: Amoonguss|Toxic|p1a: Meowscarada
|-status|p1a: Meowscarada|tox
|
|-damage|p1a: Meowscarada|38/100 tox|[from] psn
|upkeep
|turn|16
|
|t:|1769413012
|switch|p2a: Sableye|Sableye, M|69/100
|move|p1a: Meowscarada|Knock Off|p2a: Sableye
|-damage|p2a: Sableye|28/100
|
|-damage|p1a: Meowscarada|26/100 tox|[from] psn
|upkeep
|turn|17
|
|t:|1769413027
|switch|p1a: Goty=Silksong|Moltres-Galar|100/100
|move|p2a: Sableye|Recover|p2a: Sableye
|-heal|p2a: Sableye|78/100
|
|upkeep
|turn|18
|
|t:|1769413036
|switch|p2a: Blissey|Blissey, F|86/100
|move|p1a: Goty=Silksong|Agility|p1a: Goty=Silksong
|-boost|p1a: Goty=Silksong|spe|2
|
|upkeep
|turn|19
|
|t:|1769413076
|switch|p2a: Gliscor|Gliscor, F|100/100
|move|p1a: Goty=Silksong|Agility|p1a: Goty=Silksong
|-boost|p1a: Goty=Silksong|spe|2
|
|-status|p2a: Gliscor|tox|[from] item: Toxic Orb
|upkeep
|turn|20
|
|t:|1769413101
|-terastallize|p1a: Goty=Silksong|Steel
|move|p1a: Goty=Silksong|Hurricane|p2a: Gliscor
|-damage|p2a: Gliscor|61/100 tox
|move|p2a: Gliscor|Knock Off|p1a: Goty=Silksong
|-damage|p1a: Goty=Silksong|77/100
|-enditem|p1a: Goty=Silksong|Weakness Policy|[from] move: Knock Off|[of] p2a: Gliscor
|
|-heal|p2a: Gliscor|73/100 tox|[from] ability: Poison Heal
|upkeep
|turn|21
|
|t:|1769413114
|move|p2a: Gliscor|Protect|p2a: Gliscor
|-singleturn|p2a: Gliscor|Protect
|move|p1a: Goty=Silksong|Fiery Wrath|p2a: Gliscor
|-activate|p2a: Gliscor|move: Protect
|
|-heal|p2a: Gliscor|86/100 tox|[from] ability: Poison Heal
|upkeep
|turn|22
|
|t:|1769413127
|move|p1a: Goty=Silksong|Pain Split|p2a: Gliscor
|-sethp|p2a: Gliscor|78/100 tox|[from] move: Pain Split|[silent]
|-sethp|p1a: Goty=Silksong|85/100|[from] move: Pain Split
|move|p2a: Gliscor|Stealth Rock|p1a: Goty=Silksong
|-sidestart|p1: guensama|move: Stealth Rock
|
|-heal|p2a: Gliscor|90/100 tox|[from] ability: Poison Heal
|upkeep
|turn|23
|
|t:|1769413134
|move|p2a: Gliscor|Protect|p2a: Gliscor
|-singleturn|p2a: Gliscor|Protect
|move|p1a: Goty=Silksong|Fiery Wrath|p2a: Gliscor
|-activate|p2a: Gliscor|move: Protect
|
|-heal|p2a: Gliscor|100/100 tox|[from] ability: Poison Heal
|upkeep
|turn|24
|
|t:|1769413148
|move|p1a: Goty=Silksong|Hurricane|p2a: Gliscor|[miss]
|-miss|p1a: Goty=Silksong|p2a: Gliscor
|move|p2a: Gliscor|U-turn|p1a: Goty=Silksong
|-resisted|p1a: Goty=Silksong
|-damage|p1a: Goty=Silksong|76/100
|
|t:|1769413154
|switch|p2a: Alomomola|Alomomola, F|100/100|[from] U-turn
|
|upkeep
|turn|25
|
|t:|1769413160
|move|p2a: Alomomola|Protect|p2a: Alomomola
|-singleturn|p2a: Alomomola|Protect
|move|p1a: Goty=Silksong|Pain Split|p2a: Alomomola
|-activate|p2a: Alomomola|move: Protect
|
|upkeep
|turn|26
|
|t:|1769413167
|move|p1a: Goty=Silksong|Fiery Wrath|p2a: Alomomola
|-damage|p2a: Alomomola|72/100
|move|p2a: Alomomola|Mirror Coat|p1a: Goty=Silksong
|-damage|p1a: Goty=Silksong|0 fnt
|faint|p1a: Goty=Silksong
|
|-heal|p2a: Alomomola|78/100|[from] item: Leftovers
|upkeep
|
|t:|1769413180
|switch|p1a: Great Tusk|Great Tusk|100/100
|-damage|p1a: Great Tusk|98/100|[from] Stealth Rock
|-enditem|p1a: Great Tusk|Booster Energy
|-activate|p1a: Great Tusk|ability: Protosynthesis|[fromitem]
|-start|p1a: Great Tusk|protosynthesisatk
|turn|27
|
|t:|1769413186
|move|p1a: Great Tusk|Headlong Rush|p2a: Alomomola
|-damage|p2a: Alomomola|13/100
|-unboost|p1a: Great Tusk|def|1
|-unboost|p1a: Great Tusk|spd|1
|move|p2a: Alomomola|Flip Turn|p1a: Great Tusk
|-supereffective|p1a: Great Tusk
|-damage|p1a: Great Tusk|63/100
|
|t:|1769413199
|switch|p2a: Sableye|Sableye, M|78/100|[from] Flip Turn
|
|upkeep
|turn|28
|
|t:|1769413205
|move|p2a: Sableye|Will-O-Wisp|p1a: Great Tusk
|-status|p1a: Great Tusk|brn
|move|p1a: Great Tusk|Headlong Rush|p2a: Sableye
|-damage|p2a: Sableye|34/100
|-unboost|p1a: Great Tusk|def|1
|-unboost|p1a: Great Tusk|spd|1
|
|-damage|p1a: Great Tusk|57/100 brn|[from] brn
|upkeep
|turn|29
|
|t:|1769413214
|move|p2a: Sableye|Recover|p2a: Sableye
|-heal|p2a: Sableye|84/100
|move|p1a: Great Tusk|Headlong Rush|p2a: Sableye
|-damage|p2a: Sableye|42/100
|-unboost|p1a: Great Tusk|def|1
|-unboost|p1a: Great Tusk|spd|1
|
|-damage|p1a: Great Tusk|51/100 brn|[from] brn
|upkeep
|turn|30
|-message|guensama forfeited.
|
|win|hsp20040923
|raw|guensama's rating: 1193 &rarr; <strong>1170</strong><br />(-23 for losing)
|raw|hsp20040923's rating: 1222 &rarr; <strong>1245</strong><br />(+23 for winning)
|l|☆guensama
|player|p1|
|l|☆hsp20040923
|player|p2|
