|j|‽bryan_184v
|j|☆leonel2001
|t:|1769321907
|gametype|singles
|player|p1|bryan_184v|170|1042
|player|p2|leonel2001|dragontamer|1112
|gen|9
|tier|[Gen 9] OU
|rated|
|rule|HP Percentage Mod: HP is shown in percentages
|rule|Endless Battle Clause: Forcing endless battles is banned
|rule|Species Clause: Limit one of each Pokémon
|rule|OHKO Clause: OHKO moves are banned
|rule|Evasion Items Clause: Evasion items are banned
|rule|Evasion Moves Clause: Evasion moves are banned
|rule|Evasion Abilities Clause: Evasion abilities are banned
|rule|Sleep Moves Clause: Sleep-inducing moves are banned
|clearpoke
|poke|p1|Clefable, M|
|poke|p1|Gengar, M|
|poke|p1|Skarmory, F|
|poke|p1|Donphan, M|
|poke|p1|Umbreon, M|
|poke|p1|Conkeldurr, F|
|poke|p2|Gyarados, F|
|poke|p2|Goodra-Hisui, F|
|poke|p2|Dragonite, F|
|poke|p2|Toxapex, M|
|poke|p2|Gliscor, F|
|poke|p2|Forretress, F|
|teampreview
|inactive|Battle timer is ON: inactive players will automatically lose when time's up. (requested by bryan_184v)
|
|t:|1769321925
|teamsize|p1|6
|teamsize|p2|6
|start
|switch|p1a: Umbreon|Umbreon, M|100/100
|switch|p2a: Forretress|Forretress, F|100/100
|turn|1
|
|t:|1769321932
|switch|p1a: Clefable|Clefable, M|100/100
|move|p2a: Forretress|Stealth Rock|p1a: Clefable
|-sidestart|p1: bryan_184v|move: Stealth Rock
|
|upkeep
|turn|2
|
|t:|1769321938
|move|p1a: Clefable|Thunder Wave|p2a: Forretress
|-status|p2a: Forretress|par
|cant|p2a: Forretress|par
|
|upkeep
|turn|3
|
|t:|1769321943
|move|p1a: Clefable|Knock Off|p2a: Forretress
|-damage|p2a: Forretress|93/100 par
|-enditem|p2a: Forretress|Rocky Helmet|[from] move: Knock Off|[of] p1a: Clefable
|cant|p2a: Forretress|par
|
|upkeep
|turn|4
|
|t:|1769321952
|switch|p1a: Conkeldurr|Conkeldurr, F|100/100
|-damage|p1a: Conkeldurr|94/100|[from] Stealth Rock
|cant|p2a: Forretress|par
|
|-status|p1a: Conkeldurr|brn|[from] item: Flame Orb
|upkeep
|turn|5
|c|☆leonel2001|whatttttt
|
|t:|1769321968
|move|p1a: Conkeldurr|Drain Punch|p2a: Forretress
|-damage|p2a: Forretress|47/100 par
|-heal|p1a: Conkeldurr|100/100 brn|[from] drain|[of] p2a: Forretress
|move|p2a: Forretress|Volt Switch|p1a: Conkeldurr
|-crit|p1a: Conkeldurr
|-damage|p1a: Conkeldurr|81/100 brn
|
|t:|1769321978
|switch|p2a: Gliscor|Gliscor, F|100/100|[from] Volt Switch
|
|-damage|p1a: Conkeldurr|75/100 brn|[from] brn
|-status|p2a: Gliscor|tox|[from] item: Toxic Orb
|upkeep
|turn|6
|
|t:|1769321984
|move|p2a: Gliscor|Knock Off|p1a: Conkeldurr
|-resisted|p1a: Conkeldurr
|-damage|p1a: Conkeldurr|65/100 brn
|-enditem|p1a: Conkeldurr|Flame Orb|[from] move: Knock Off|[of] p2a: Gliscor
|move|p1a: Conkeldurr|Facade|p2a: Gliscor
|-damage|p2a: Gliscor|46/100 tox
|
|-heal|p2a: Gliscor|58/100 tox|[from] ability: Poison Heal
|-damage|p1a: Conkeldurr|59/100 brn|[from] brn
|upkeep
|turn|7
|
|t:|1769321993
|move|p2a: Gliscor|Protect|p2a: Gliscor
|-singleturn|p2a: Gliscor|Protect
|move|p1a: Conkeldurr|Drain Punch|p2a: Gliscor
|-activate|p2a: Gliscor|move: Protect
|
|-heal|p2a: Gliscor|71/100 tox|[from] ability: Poison Heal
|-damage|p1a: Conkeldurr|53/100 brn|[from] brn
|upkeep
|turn|8
|
|t:|1769322002
|move|p2a: Gliscor|Earthquake|p1a: Conkeldurr
|-damage|p1a: Conkeldurr|25/100 brn
|move|p1a: Conkeldurr|Drain Punch|p2a: Gliscor
|-resisted|p2a: Gliscor
|-damage|p2a: Gliscor|51/100 tox
|-heal|p1a: Conkeldurr|33/100 brn|[from] drain|[of] p2a: Gliscor
|
|-heal|p2a: Gliscor|63/100 tox|[from] ability: Poison Heal
|-damage|p1a: Conkeldurr|27/100 brn|[from] brn
|upkeep
|turn|9
|
|t:|1769322017
|switch|p1a: Gengar|Gengar, M|100/100
|-damage|p1a: Gengar|88/100|[from] Stealth Rock
|move|p2a: Gliscor|Protect||[still]
|-fail|p2a: Gliscor
|
|-heal|p2a: Gliscor|76/100 tox|[from] ability: Poison Heal
|upkeep
|turn|10
|
|t:|1769322030
|-terastallize|p1a: Gengar|Ghost
|move|p2a: Gliscor|Protect|p2a: Gliscor
|-singleturn|p2a: Gliscor|Protect
|move|p1a: Gengar|Shadow Ball|p2a: Gliscor
|-activate|p2a: Gliscor|move: Protect
|
|-heal|p2a: Gliscor|88/100 tox|[from] ability: Poison Heal
|upkeep
|turn|11
|
|t:|1769322040
|move|p1a: Gengar|Shadow Ball|p2a: Gliscor
|-damage|p2a: Gliscor|14/100 tox
|move|p2a: Gliscor|Knock Off|p1a: Gengar
|-supereffective|p1a: Gengar
|-damage|p1a: Gengar|0 fnt
|-start|p2a: Gliscor|Disable|Knock Off|[from] ability: Cursed Body|[of] p1a: Gengar
|-enditem|p1a: Gengar|Choice Scarf|[from] move: Knock Off|[of] p2a: Gliscor
|faint|p1a: Gengar
|
|-heal|p2a: Gliscor|26/100 tox|[from] ability: Poison Heal
|upkeep
|
|t:|1769322048
|switch|p1a: Donphan|Donphan, M|100/100
|turn|12
|
|t:|1769322053
|move|p2a: Gliscor|Protect|p2a: Gliscor
|-singleturn|p2a: Gliscor|Protect
|move|p1a: Donphan|Ice Shard|p2a: Gliscor
|-activate|p2a: Gliscor|move: Protect
|
|-heal|p2a: Gliscor|39/100 tox|[from] ability: Poison Heal
|upkeep
|turn|13
|
|t:|1769322062
|switch|p2a: Toxapex|Toxapex, M|100/100
|move|p1a: Donphan|Ice Shard|p2a: Toxapex
|-resisted|p2a: Toxapex
|-damage|p2a: Toxapex|97/100
|
|-heal|p2a: Toxapex|100/100|[from] item: Black Sludge
|upkeep
|turn|14
|
|t:|1769322073
|move|p2a: Toxapex|Infestation|p1a: Donphan
|-damage|p1a: Donphan|96/100
|-activate|p1a: Donphan|move: Infestation|[of] p2a: Toxapex
|move|p1a: Donphan|Knock Off|p2a: Toxapex
|-damage|p2a: Toxapex|84/100
|-enditem|p2a: Toxapex|Black Sludge|[from] move: Knock Off|[of] p1a: Donphan
|
|-damage|p1a: Donphan|83/100|[from] move: Infestation|[partiallytrapped]
|upkeep
|turn|15
|
|t:|1769322082
|move|p2a: Toxapex|Recover|p2a: Toxapex
|-heal|p2a: Toxapex|100/100
|move|p1a: Donphan|Earthquake|p2a: Toxapex
|-supereffective|p2a: Toxapex
|-damage|p2a: Toxapex|50/100
|
|-damage|p1a: Donphan|71/100|[from] move: Infestation|[partiallytrapped]
|upkeep
|turn|16
|
|t:|1769322091
|move|p2a: Toxapex|Recover|p2a: Toxapex
|-heal|p2a: Toxapex|100/100
|move|p1a: Donphan|Rapid Spin|p2a: Toxapex
|-damage|p2a: Toxapex|91/100
|-boost|p1a: Donphan|spe|1
|-sideend|p1: bryan_184v|Stealth Rock|[from] move: Rapid Spin|[of] p1a: Donphan
|-end|p1a: Donphan|Infestation|[partiallytrapped]
|
|upkeep
|turn|17
|
|t:|1769322103
|switch|p2a: Gliscor|Gliscor, F|39/100 tox
|move|p1a: Donphan|Earthquake|p2a: Gliscor
|-immune|p2a: Gliscor
|
|-heal|p2a: Gliscor|51/100 tox|[from] ability: Poison Heal
|upkeep
|turn|18
|
|t:|1769322112
|move|p2a: Gliscor|Protect|p2a: Gliscor
|-singleturn|p2a: Gliscor|Protect
|move|p1a: Donphan|Ice Shard|p2a: Gliscor
|-activate|p2a: Gliscor|move: Protect
|
|-heal|p2a: Gliscor|64/100 tox|[from] ability: Poison Heal
|upkeep
|turn|19
|
|t:|1769322122
|switch|p2a: Forretress|Forretress, F|47/100 par
|move|p1a: Donphan|Earthquake|p2a: Forretress
|-crit|p2a: Forretress
|-damage|p2a: Forretress|6/100 par
|
|upkeep
|turn|20
|
|t:|1769322130
|move|p1a: Donphan|Earthquake|p2a: Forretress
|-damage|p2a: Forretress|0 fnt
|faint|p2a: Forretress
|
|upkeep
|
|t:|1769322138
|switch|p2a: Gyarados|Gyarados, F|100/100
|turn|21
|
|t:|1769322148
|switch|p1a: Conkeldurr|Conkeldurr, F|27/100 brn
|move|p2a: Gyarados|Dragon Dance|p2a: Gyarados
|-boost|p2a: Gyarados|atk|1
|-boost|p2a: Gyarados|spe|1
|
|-damage|p1a: Conkeldurr|21/100 brn|[from] brn
|upkeep
|turn|22
|
|t:|1769322158
|move|p2a: Gyarados|Scale Shot|p1a: Conkeldurr
|-damage|p1a: Conkeldurr|10/100 brn
|-damage|p1a: Conkeldurr|0 fnt
|faint|p1a: Conkeldurr
|-ability|p2a: Gyarados|Moxie|boost
|-boost|p2a: Gyarados|atk|1
|-hitcount|p1: Conkeldurr|2
|-unboost|p2a: Gyarados|def|1
|-boost|p2a: Gyarados|spe|1
|
|upkeep
|
|t:|1769322165
|switch|p1a: Skarmory|Skarmory, F|100/100
|turn|23
|
|t:|1769322181
|-terastallize|p2a: Gyarados|Ground
|move|p2a: Gyarados|Scale Shot|p1a: Skarmory
|-resisted|p1a: Skarmory
|-damage|p1a: Skarmory|95/100
|-resisted|p1a: Skarmory
|-damage|p1a: Skarmory|89/100
|-resisted|p1a: Skarmory
|-damage|p1a: Skarmory|84/100
|-hitcount|p1a: Skarmory|3
|-unboost|p2a: Gyarados|def|1
|-boost|p2a: Gyarados|spe|1
|move|p1a: Skarmory|Stealth Rock|p2a: Gyarados
|-sidestart|p2: leonel2001|move: Stealth Rock
|
|-heal|p1a: Skarmory|90/100|[from] item: Leftovers
|upkeep
|turn|24
|
|t:|1769322196
|move|p2a: Gyarados|Aqua Tail|p1a: Skarmory
|-damage|p1a: Skarmory|29/100
|move|p1a: Skarmory|Spikes|p2a: Gyarados
|-sidestart|p2: leonel2001|Spikes
|
|-heal|p1a: Skarmory|35/100|[from] item: Leftovers
|upkeep
|turn|25
|
|t:|1769322203
|switch|p1a: Clefable|Clefable, M|100/100
|move|p2a: Gyarados|Aqua Tail|p1a: Clefable|[miss]
|-miss|p2a: Gyarados|p1a: Clefable
|
|upkeep
|turn|26
|
|t:|1769322209
|move|p2a: Gyarados|Iron Head|p1a: Clefable
|-supereffective|p1a: Clefable
|-damage|p1a: Clefable|0 fnt
|faint|p1a: Clefable
|-ability|p2a: Gyarados|Moxie|boost
|-boost|p2a: Gyarados|atk|1
|
|upkeep
|
|t:|1769322212
|switch|p1a: Umbreon|Umbreon, M|100/100
|turn|27
|c|☆leonel2001|hehehhehe
|
|t:|1769322217
|move|p2a: Gyarados|Scale Shot|p1a: Umbreon
|-damage|p1a: Umbreon|82/100
|-damage|p1a: Umbreon|65/100
|-hitcount|p1a: Umbreon|2
|-unboost|p2a: Gyarados|def|1
|-boost|p2a: Gyarados|spe|1
|move|p1a: Umbreon|Toxic|p2a: Gyarados
|-status|p2a: Gyarados|tox
|
|-heal|p1a: Umbreon|71/100|[from] item: Leftovers
|-damage|p2a: Gyarados|94/100 tox|[from] psn
|upkeep
|turn|28
|
|t:|1769322230
|move|p1a: Umbreon|Protect|p1a: Umbreon
|-singleturn|p1a: Umbreon|Protect
|move|p2a: Gyarados|Aqua Tail|p1a: Umbreon
|-activate|p1a: Umbreon|move: Protect
|
|-heal|p2a: Gyarados|100/100 tox|[from] item: Leftovers
|-heal|p1a: Umbreon|77/100|[from] item: Leftovers
|-damage|p2a: Gyarados|88/100 tox|[from] psn
|upkeep
|turn|29
|
|t:|1769322239
|move|p2a: Gyarados|Aqua Tail|p1a: Umbreon|[miss]
|-miss|p2a: Gyarados|p1a: Umbreon
|move|p1a: Umbreon|Wish|p1a: Umbreon
|
|-heal|p2a: Gyarados|94/100 tox|[from] item: Leftovers
|-heal|p1a: Umbreon|83/100|[from] item: Leftovers
|-damage|p2a: Gyarados|76/100 tox|[from] psn
|upkeep
|turn|30
|
|t:|1769322246
|move|p1a: Umbreon|Protect|p1a: Umbreon
|-singleturn|p1a: Umbreon|Protect
|move|p2a: Gyarados|Dragon Dance|p2a: Gyarados
|-boost|p2a: Gyarados|atk|1
|-boost|p2a: Gyarados|spe|1
|
|-heal|p1a: Umbreon|100/100|[from] move: Wish|[wisher] Umbreon
|-heal|p2a: Gyarados|82/100 tox|[from] item: Leftovers
|-damage|p2a: Gyarados|58/100 tox|[from] psn
|upkeep
|turn|31
|
|t:|1769322262
|move|p2a: Gyarados|Scale Shot|p1a: Umbreon
|-damage|p1a: Umbreon|80/100
|-damage|p1a: Umbreon|56/100
|-hitcount|p1a: Umbreon|2
|-unboost|p2a: Gyarados|def|1
|-boost|p2a: Gyarados|spe|1
|move|p1a: Umbreon|Wish|p1a: Umbreon
|
|-heal|p2a: Gyarados|64/100 tox|[from] item: Leftovers
|-heal|p1a: Umbreon|62/100|[from] item: Leftovers
|-damage|p2a: Gyarados|34/100 tox|[from] psn
|upkeep
|turn|32
|
|t:|1769322274
|move|p1a: Umbreon|Protect|p1a: Umbreon
|-singleturn|p1a: Umbreon|Protect
|move|p2a: Gyarados|Aqua Tail|p1a: Umbreon
|-activate|p1a: Umbreon|move: Protect
|
|-heal|p1a: Umbreon|100/100|[from] move: Wish|[wisher] Umbreon
|-heal|p2a: Gyarados|40/100 tox|[from] item: Leftovers
|-damage|p2a: Gyarados|4/100 tox|[from] psn
|upkeep
|turn|33
|
|t:|1769322286
|move|p2a: Gyarados|Aqua Tail|p1a: Umbreon|[miss]
|-miss|p2a: Gyarados|p1a: Umbreon
|move|p1a: Umbreon|Wish|p1a: Umbreon
|
|-heal|p2a: Gyarados|10/100 tox|[from] item: Leftovers
|-damage|p2a: Gyarados|0 fnt|[from] psn
|faint|p2a: Gyarados
|upkeep
|
|t:|1769322295
|switch|p2a: Toxapex|Toxapex, M|100/100
|-damage|p2a: Toxapex|88/100|[from] Stealth Rock
|-damage|p2a: Toxapex|75/100|[from] Spikes
|turn|34
|
|t:|1769322300
|switch|p1a: Skarmory|Skarmory, F|35/100
|move|p2a: Toxapex|Infestation|p1a: Skarmory
|-resisted|p1a: Skarmory
|-damage|p1a: Skarmory|33/100
|-activate|p1a: Skarmory|move: Infestation|[of] p2a: Toxapex
|
|-heal|p1a: Skarmory|92/100|[from] move: Wish|[wisher] Umbreon
|-heal|p1a: Skarmory|98/100|[from] item: Leftovers
|-damage|p1a: Skarmory|86/100|[from] move: Infestation|[partiallytrapped]
|upkeep
|turn|35
|
|t:|1769322319
|switch|p2a: Gliscor|Gliscor, F|64/100 tox
|-damage|p2a: Gliscor|51/100 tox|[from] Stealth Rock
|move|p1a: Skarmory|Spikes|p2a: Gliscor
|-sidestart|p2: leonel2001|Spikes
|
|-heal|p1a: Skarmory|92/100|[from] item: Leftovers
|-heal|p2a: Gliscor|64/100 tox|[from] ability: Poison Heal
|-end|p1a: Skarmory|Infestation|[partiallytrapped]|[silent]
|upkeep
|turn|36
|
|t:|1769322332
|move|p2a: Gliscor|Knock Off|p1a: Skarmory
|-damage|p1a: Skarmory|79/100
|-enditem|p1a: Skarmory|Leftovers|[from] move: Knock Off|[of] p2a: Gliscor
|move|p1a: Skarmory|Spikes|p2a: Gliscor
|-sidestart|p2: leonel2001|Spikes
|
|-heal|p2a: Gliscor|76/100 tox|[from] ability: Poison Heal
|upkeep
|turn|37
|
|t:|1769322341
|move|p2a: Gliscor|Knock Off|p1a: Skarmory
|-damage|p1a: Skarmory|71/100
|move|p1a: Skarmory|Whirlwind|p2a: Gliscor
|drag|p2a: Goodra|Goodra-Hisui, F|100/100
|-damage|p2a: Goodra|94/100|[from] Stealth Rock
|-damage|p2a: Goodra|69/100|[from] Spikes
|
|-heal|p2a: Goodra|75/100|[from] item: Leftovers
|upkeep
|turn|38
|
|t:|1769322351
|move|p2a: Goodra|Flamethrower|p1a: Skarmory
|-supereffective|p1a: Skarmory
|-damage|p1a: Skarmory|0 fnt
|faint|p1a: Skarmory
|
|-heal|p2a: Goodra|82/100|[from] item: Leftovers
|upkeep
|
|t:|1769322360
|switch|p1a: Donphan|Donphan, M|71/100
|turn|39
|
|t:|1769322367
|switch|p2a: Gliscor|Gliscor, F|76/100 tox
|-damage|p2a: Gliscor|64/100 tox|[from] Stealth Rock
|move|p1a: Donphan|Knock Off|p2a: Gliscor
|-damage|p2a: Gliscor|47/100 tox
|-enditem|p2a: Gliscor|Toxic Orb|[from] move: Knock Off|[of] p1a: Donphan
|
|-heal|p2a: Gliscor|60/100 tox|[from] ability: Poison Heal
|upkeep
|turn|40
|
|t:|1769322376
|move|p2a: Gliscor|Protect|p2a: Gliscor
|-singleturn|p2a: Gliscor|Protect
|move|p1a: Donphan|Ice Shard|p2a: Gliscor
|-activate|p2a: Gliscor|move: Protect
|
|-heal|p2a: Gliscor|72/100 tox|[from] ability: Poison Heal
|upkeep
|turn|41
|
|t:|1769322387
|move|p2a: Gliscor|Knock Off|p1a: Donphan
|-damage|p1a: Donphan|58/100
|-enditem|p1a: Donphan|Heavy-Duty Boots|[from] move: Knock Off|[of] p2a: Gliscor
|move|p1a: Donphan|Earthquake|p2a: Gliscor
|-immune|p2a: Gliscor
|
|-heal|p2a: Gliscor|84/100 tox|[from] ability: Poison Heal
|upkeep
|turn|42
|
|t:|1769322395
|move|p2a: Gliscor|Protect|p2a: Gliscor
|-singleturn|p2a: Gliscor|Protect
|move|p1a: Donphan|Ice Shard|p2a: Gliscor
|-activate|p2a: Gliscor|move: Protect
|
|-heal|p2a: Gliscor|97/100 tox|[from] ability: Poison Heal
|upkeep
|turn|43
|
|t:|1769322402
|switch|p2a: Toxapex|Toxapex, M|100/100
|-damage|p2a: Toxapex|88/100|[from] Stealth Rock
|-damage|p2a: Toxapex|63/100|[from] Spikes
|move|p1a: Donphan|Ice Shard|p2a: Toxapex
|-resisted|p2a: Toxapex
|-damage|p2a: Toxapex|59/100
|
|upkeep
|turn|44
|
|t:|1769322411
|switch|p1a: Umbreon|Umbreon, M|100/100
|move|p2a: Toxapex|Recover|p2a: Toxapex
|-heal|p2a: Toxapex|100/100
|
|upkeep
|turn|45
|
|t:|1769322417
|move|p1a: Umbreon|Toxic|p2a: Toxapex
|-immune|p2a: Toxapex
|move|p2a: Toxapex|Toxic|p1a: Umbreon
|-status|p1a: Umbreon|tox
|-activate|p1a: Umbreon|ability: Synchronize
|-immune|p2a: Toxapex
|
|-damage|p1a: Umbreon|94/100 tox|[from] psn
|upkeep
|turn|46
|c|☆leonel2001|eaayyyyy
|c|☆leonel2001|noob4
|
|t:|1769322431
|move|p1a: Umbreon|Foul Play|p2a: Toxapex
|-damage|p2a: Toxapex|89/100
|move|p2a: Toxapex|Infestation|p1a: Umbreon
|-supereffective|p1a: Umbreon
|-damage|p1a: Umbreon|91/100 tox
|-activate|p1a: Umbreon|move: Infestation|[of] p2a: Toxapex
|
|-heal|p1a: Umbreon|97/100 tox|[from] item: Leftovers
|-damage|p1a: Umbreon|85/100 tox|[from] psn
|-damage|p1a: Umbreon|72/100 tox|[from] move: Infestation|[partiallytrapped]
|upkeep
|turn|47
|
|t:|1769322441
|move|p1a: Umbreon|Wish|p1a: Umbreon
|move|p2a: Toxapex|Recover|p2a: Toxapex
|-heal|p2a: Toxapex|100/100
|
|-heal|p1a: Umbreon|78/100 tox|[from] item: Leftovers
|-damage|p1a: Umbreon|60/100 tox|[from] psn
|-damage|p1a: Umbreon|48/100 tox|[from] move: Infestation|[partiallytrapped]
|upkeep
|turn|48
|
|t:|1769322452
|move|p1a: Umbreon|Protect|p1a: Umbreon
|-singleturn|p1a: Umbreon|Protect
|move|p2a: Toxapex|Haze|p2a: Toxapex
|-clearallboost
|
|-heal|p1a: Umbreon|98/100 tox|[from] move: Wish|[wisher] Umbreon
|-heal|p1a: Umbreon|100/100 tox|[from] item: Leftovers
|-damage|p1a: Umbreon|76/100 tox|[from] psn
|-damage|p1a: Umbreon|64/100 tox|[from] move: Infestation|[partiallytrapped]
|upkeep
|turn|49
|
|t:|1769322463
|move|p1a: Umbreon|Wish|p1a: Umbreon
|move|p2a: Toxapex|Haze|p2a: Toxapex
|-clearallboost
|
|-heal|p1a: Umbreon|70/100 tox|[from] item: Leftovers
|-damage|p1a: Umbreon|39/100 tox|[from] psn
|-damage|p1a: Umbreon|27/100 tox|[from] move: Infestation|[partiallytrapped]
|upkeep
|turn|50
|
|t:|1769322471
|move|p1a: Umbreon|Protect|p1a: Umbreon
|-singleturn|p1a: Umbreon|Protect
|move|p2a: Toxapex|Infestation|p1a: Umbreon
|-activate|p1a: Umbreon|move: Protect
|
|-heal|p1a: Umbreon|77/100 tox|[from] move: Wish|[wisher] Umbreon
|-heal|p1a: Umbreon|83/100 tox|[from] item: Leftovers
|-damage|p1a: Umbreon|46/100 tox|[from] psn
|-end|p1a: Umbreon|Infestation|[partiallytrapped]
|upkeep
|turn|51
|
|t:|1769322481
|switch|p1a: Donphan|Donphan, M|58/100
|move|p2a: Toxapex|Infestation|p1a: Donphan
|-damage|p1a: Donphan|53/100
|-activate|p1a: Donphan|move: Infestation|[of] p2a: Toxapex
|
|-damage|p1a: Donphan|40/100|[from] move: Infestation|[partiallytrapped]
|upkeep
|turn|52
|
|t:|1769322490
|move|p2a: Toxapex|Recover||[still]
|-fail|p2a: Toxapex|heal
|move|p1a: Donphan|Earthquake|p2a: Toxapex
|-supereffective|p2a: Toxapex
|-damage|p2a: Toxapex|49/100
|
|-damage|p1a: Donphan|28/100|[from] move: Infestation|[partiallytrapped]
|upkeep
|turn|53
|
|t:|1769322497
|move|p2a: Toxapex|Recover|p2a: Toxapex
|-heal|p2a: Toxapex|99/100
|move|p1a: Donphan|Rapid Spin|p2a: Toxapex
|-damage|p2a: Toxapex|89/100
|-boost|p1a: Donphan|spe|1
|-end|p1a: Donphan|Infestation|[partiallytrapped]
|
|upkeep
|turn|54
|
|t:|1769322504
|move|p1a: Donphan|Earthquake|p2a: Toxapex
|-supereffective|p2a: Toxapex
|-damage|p2a: Toxapex|39/100
|move|p2a: Toxapex|Infestation|p1a: Donphan
|-damage|p1a: Donphan|23/100
|-activate|p1a: Donphan|move: Infestation|[of] p2a: Toxapex
|
|-damage|p1a: Donphan|10/100|[from] move: Infestation|[partiallytrapped]
|upkeep
|turn|55
|
|t:|1769322515
|switch|p2a: Gliscor|Gliscor, F|97/100 tox
|-damage|p2a: Gliscor|84/100 tox|[from] Stealth Rock
|move|p1a: Donphan|Earthquake|p2a: Gliscor
|-immune|p2a: Gliscor
|
|-heal|p2a: Gliscor|97/100 tox|[from] ability: Poison Heal
|-end|p1a: Donphan|Infestation|[partiallytrapped]|[silent]
|upkeep
|turn|56
|
|t:|1769322525
|move|p2a: Gliscor|Protect|p2a: Gliscor
|-singleturn|p2a: Gliscor|Protect
|move|p1a: Donphan|Ice Shard|p2a: Gliscor
|-activate|p2a: Gliscor|move: Protect
|
|-heal|p2a: Gliscor|100/100 tox|[from] ability: Poison Heal
|upkeep
|turn|57
|
|t:|1769322536
|move|p1a: Donphan|Ice Shard|p2a: Gliscor
|-supereffective|p2a: Gliscor
|-damage|p2a: Gliscor|72/100 tox
|move|p2a: Gliscor|Earthquake|p1a: Donphan
|-damage|p1a: Donphan|0 fnt
|faint|p1a: Donphan
|
|-heal|p2a: Gliscor|85/100 tox|[from] ability: Poison Heal
|upkeep
|
|t:|1769322539
|switch|p1a: Umbreon|Umbreon, M|46/100 tox
|turn|58
|
|t:|1769322548
|move|p2a: Gliscor|Knock Off|p1a: Umbreon
|-resisted|p1a: Umbreon
|-damage|p1a: Umbreon|38/100 tox
|-enditem|p1a: Umbreon|Leftovers|[from] move: Knock Off|[of] p2a: Gliscor
|move|p1a: Umbreon|Toxic|p2a: Gliscor
|-fail|p2a: Gliscor|tox
|
|-heal|p2a: Gliscor|97/100 tox|[from] ability: Poison Heal
|-damage|p1a: Umbreon|32/100 tox|[from] psn
|upkeep
|turn|59
|c|☆leonel2001|noob
|c|☆leonel2001|easy
|c|☆leonel2001|lmao
|inactive|bryan_184v has 120 seconds left.
|
|t:|1769322600
|move|p2a: Gliscor|Earthquake|p1a: Umbreon
|-damage|p1a: Umbreon|5/100 tox
|move|p1a: Umbreon|Wish|p1a: Umbreon
|
|-heal|p2a: Gliscor|100/100 tox|[from] ability: Poison Heal
|-damage|p1a: Umbreon|0 fnt|[from] psn
|faint|p1a: Umbreon
|
|win|leonel2001
