|j|☆CambridgeFoulPlay
|j|☆spunder_policy
|t:|1769328642
|gametype|singles
|player|p1|CambridgeFoulPlay|266|1652
|player|p2|spunder_policy|169|1755
|gen|9
|tier|[Gen 9] OU
|rated|
|rule|HP Percentage Mod: HP is shown in percentages
|rule|Endless Battle Clause: Forcing endless battles is banned
|rule|Species Clause: Limit one of each Pokémon
|rule|OHKO Clause: OHKO moves are banned
|rule|Evasion Items Clause: Evasion items are banned
|rule|Evasion Moves Clause: Evasion moves are banned
|rule|Evasion Abilities Clause: Evasion abilities are banned
|rule|Sleep Moves Clause: Sleep-inducing moves are banned
|clearpoke
|poke|p1|Hydrapple, M|
|poke|p1|Tyranitar, F|
|poke|p1|Moltres|
|poke|p1|Zamazenta-*|
|poke|p1|Slowking-Galar, F|
|poke|p1|Excadrill, F|
|poke|p2|Ting-Lu|
|poke|p2|Zamazenta-*|
|poke|p2|Volcanion|
|poke|p2|Meowscarada, F|
|poke|p2|Entei|
|poke|p2|Krookodile, F|
|teampreview
|inactive|Battle timer is ON: inactive players will automatically lose when time's up. (requested by spunder_policy)
|c|☆CambridgeFoulPlay|hf
|inactive|CambridgeFoulPlay also wants the timer to be on.
|
|t:|1769328652
|teamsize|p1|6
|teamsize|p2|6
|start
|switch|p1a: Excadrill|Excadrill, F|100/100
|switch|p2a: Volcanion|Volcanion|100/100
|-item|p1a: Excadrill|Air Balloon
|turn|1
|
|t:|1769328656
|move|p1a: Excadrill|Earthquake|p2a: Volcanion
|-supereffective|p2a: Volcanion
|-damage|p2a: Volcanion|20/100
|move|p2a: Volcanion|Flamethrower|p1a: Excadrill
|-supereffective|p1a: Excadrill
|-crit|p1a: Excadrill
|-damage|p1a: Excadrill|0 fnt
|-enditem|p1a: Excadrill|Air Balloon
|faint|p1a: Excadrill
|
|upkeep
|
|t:|1769328658
|switch|p1a: Zamazenta|Zamazenta|100/100
|-ability|p1a: Zamazenta|Dauntless Shield|boost
|-boost|p1a: Zamazenta|def|1
|turn|2
|
|t:|1769328669
|move|p1a: Zamazenta|Body Press|p2a: Volcanion
|-damage|p2a: Volcanion|0 fnt
|-damage|p1a: Zamazenta|84/100|[from] item: Rocky Helmet|[of] p2a: Volcanion
|faint|p2a: Volcanion
|
|-heal|p1a: Zamazenta|90/100|[from] item: Leftovers
|upkeep
|
|t:|1769328671
|switch|p2a: Entei|Entei|100/100
|turn|3
|
|t:|1769328674
|move|p1a: Zamazenta|Body Press|p2a: Entei
|-damage|p2a: Entei|57/100
|move|p2a: Entei|Roar|p1a: Zamazenta
|drag|p1a: Slowking|Slowking-Galar, F|100/100
|
|upkeep
|turn|4
|
|t:|1769328678
|switch|p1a: Zamazenta|Zamazenta|90/100
|move|p2a: Entei|Sacred Fire|p1a: Zamazenta
|-damage|p1a: Zamazenta|61/100
|-status|p1a: Zamazenta|brn
|
|-heal|p1a: Zamazenta|68/100 brn|[from] item: Leftovers
|-damage|p1a: Zamazenta|61/100 brn|[from] brn
|upkeep
|turn|5
|
|t:|1769328681
|switch|p2a: Krookodile|Krookodile, F|100/100
|-ability|p2a: Krookodile|Intimidate|boost
|-unboost|p1a: Zamazenta|atk|1
|move|p1a: Zamazenta|Iron Defense|p1a: Zamazenta
|-boost|p1a: Zamazenta|def|2
|
|-heal|p1a: Zamazenta|68/100 brn|[from] item: Leftovers
|-damage|p1a: Zamazenta|61/100 brn|[from] brn
|upkeep
|turn|6
|
|t:|1769328685
|move|p1a: Zamazenta|Body Press|p2a: Krookodile
|-supereffective|p2a: Krookodile
|-damage|p2a: Krookodile|13/100
|-damage|p1a: Zamazenta|45/100 brn|[from] item: Rocky Helmet|[of] p2a: Krookodile
|move|p2a: Krookodile|Stealth Rock|p1a: Zamazenta
|-sidestart|p1: CambridgeFoulPlay|move: Stealth Rock
|
|-heal|p1a: Zamazenta|51/100 brn|[from] item: Leftovers
|-damage|p1a: Zamazenta|45/100 brn|[from] brn
|upkeep
|turn|7
|
|t:|1769328689
|switch|p2a: Zamazenta|Zamazenta|100/100
|-ability|p2a: Zamazenta|Dauntless Shield|boost
|-boost|p2a: Zamazenta|def|1
|move|p1a: Zamazenta|Body Press|p2a: Zamazenta
|-damage|p2a: Zamazenta|84/100
|
|-heal|p1a: Zamazenta|51/100 brn|[from] item: Leftovers
|-damage|p1a: Zamazenta|45/100 brn|[from] brn
|upkeep
|turn|8
|
|t:|1769328692
|move|p1a: Zamazenta|Body Press|p2a: Zamazenta
|-damage|p2a: Zamazenta|66/100
|move|p2a: Zamazenta|Roar|p1a: Zamazenta
|drag|p1a: Hydrapple|Hydrapple, M|100/100
|
|upkeep
|turn|9
|
|t:|1769328696
|switch|p2a: Meowscarada|Meowscarada, F|100/100
|move|p1a: Hydrapple|Fickle Beam|p2a: Meowscarada|[anim] Fickle Beam All Out
|-activate|p1a: Hydrapple|move: Fickle Beam
|-damage|p2a: Meowscarada|1/100
|
|upkeep
|turn|10
|
|t:|1769328704
|move|p2a: Meowscarada|Spikes|p1a: Hydrapple
|-start|p2a: Meowscarada|typechange|Ground|[from] ability: Protean
|-sidestart|p1: CambridgeFoulPlay|Spikes
|move|p1a: Hydrapple|Fickle Beam|p2a: Meowscarada
|-damage|p2a: Meowscarada|0 fnt
|faint|p2a: Meowscarada
|
|upkeep
|j| boli6uayo
|
|t:|1769328712
|switch|p2a: Krookodile|Krookodile, F|13/100
|-ability|p2a: Krookodile|Intimidate|boost
|-unboost|p1a: Hydrapple|atk|1
|turn|11
|
|t:|1769328716
|move|p2a: Krookodile|Knock Off|p1a: Hydrapple
|-damage|p1a: Hydrapple|69/100
|-enditem|p1a: Hydrapple|Heavy-Duty Boots|[from] move: Knock Off|[of] p2a: Krookodile
|move|p1a: Hydrapple|Nasty Plot|p1a: Hydrapple
|-boost|p1a: Hydrapple|spa|2
|
|upkeep
|turn|12
|
|t:|1769328719
|move|p2a: Krookodile|Endeavor|p1a: Hydrapple
|-damage|p1a: Hydrapple|11/100
|move|p1a: Hydrapple|Giga Drain|p2a: Krookodile
|-supereffective|p2a: Krookodile
|-damage|p2a: Krookodile|0 fnt
|-heal|p1a: Hydrapple|17/100|[from] drain|[of] p2a: Krookodile
|faint|p2a: Krookodile
|
|upkeep
|
|t:|1769328728
|switch|p2a: Entei|Entei|57/100
|turn|13
|
|t:|1769328730
|switch|p1a: Moltres|Moltres|100/100
|move|p2a: Entei|Sacred Fire|p1a: Moltres
|-resisted|p1a: Moltres
|-damage|p1a: Moltres|87/100
|
|upkeep
|turn|14
|j| Linnae
|
|t:|1769328733
|move|p2a: Entei|Rest|p2a: Entei
|-status|p2a: Entei|slp|[from] move: Rest
|-heal|p2a: Entei|100/100 slp|[silent]
|move|p1a: Moltres|Flamethrower|p2a: Entei
|-resisted|p2a: Entei
|-damage|p2a: Entei|80/100 slp
|
|upkeep
|turn|15
|
|t:|1769328736
|cant|p2a: Entei|slp
|move|p2a: Entei|Sleep Talk|p2a: Entei
|move|p2a: Entei|Sacred Fire|p1a: Moltres|[from] move: Sleep Talk
|-resisted|p1a: Moltres
|-damage|p1a: Moltres|73/100
|move|p1a: Moltres|Flamethrower|p2a: Entei
|-resisted|p2a: Entei
|-damage|p2a: Entei|61/100 slp
|
|upkeep
|turn|16
|
|t:|1769328737
|cant|p2a: Entei|slp
|move|p2a: Entei|Sleep Talk|p2a: Entei
|move|p2a: Entei|Roar|p1a: Moltres|[from] move: Sleep Talk
|drag|p1a: Zamazenta|Zamazenta|45/100 brn
|-damage|p1a: Zamazenta|39/100 brn|[from] Stealth Rock
|-damage|p1a: Zamazenta|26/100 brn|[from] Spikes
|
|-heal|p1a: Zamazenta|32/100 brn|[from] item: Leftovers
|-damage|p1a: Zamazenta|26/100 brn|[from] brn
|upkeep
|turn|17
|
|t:|1769328740
|move|p1a: Zamazenta|Iron Defense|p1a: Zamazenta
|-boost|p1a: Zamazenta|def|2
|-curestatus|p2a: Entei|slp|[msg]
|move|p2a: Entei|Rest|p2a: Entei
|-status|p2a: Entei|slp|[from] move: Rest
|-heal|p2a: Entei|100/100 slp|[silent]
|
|-heal|p1a: Zamazenta|32/100 brn|[from] item: Leftovers
|-damage|p1a: Zamazenta|26/100 brn|[from] brn
|upkeep
|turn|18
|
|t:|1769328742
|move|p1a: Zamazenta|Body Press|p2a: Entei
|-damage|p2a: Entei|71/100 slp
|cant|p2a: Entei|slp
|
|-heal|p1a: Zamazenta|32/100 brn|[from] item: Leftovers
|-damage|p1a: Zamazenta|26/100 brn|[from] brn
|upkeep
|turn|19
|
|t:|1769328743
|move|p1a: Zamazenta|Body Press|p2a: Entei
|-damage|p2a: Entei|42/100 slp
|cant|p2a: Entei|slp
|move|p2a: Entei|Sleep Talk|p2a: Entei
|move|p2a: Entei|Sacred Fire|p1a: Zamazenta|[from] move: Sleep Talk
|-damage|p1a: Zamazenta|11/100 brn
|
|-heal|p1a: Zamazenta|17/100 brn|[from] item: Leftovers
|-damage|p1a: Zamazenta|11/100 brn|[from] brn
|upkeep
|turn|20
|
|t:|1769328746
|move|p1a: Zamazenta|Iron Defense|p1a: Zamazenta
|-boost|p1a: Zamazenta|def|2
|-curestatus|p2a: Entei|slp|[msg]
|move|p2a: Entei|Rest|p2a: Entei
|-status|p2a: Entei|slp|[from] move: Rest
|-heal|p2a: Entei|100/100 slp|[silent]
|
|-heal|p1a: Zamazenta|17/100 brn|[from] item: Leftovers
|-damage|p1a: Zamazenta|11/100 brn|[from] brn
|upkeep
|turn|21
|
|t:|1769328748
|move|p1a: Zamazenta|Body Press|p2a: Entei
|-damage|p2a: Entei|58/100 slp
|cant|p2a: Entei|slp
|move|p2a: Entei|Sleep Talk|p2a: Entei
|move|p2a: Entei|Sacred Fire|p1a: Zamazenta|[from] move: Sleep Talk
|-damage|p1a: Zamazenta|1/100 brn
|
|-heal|p1a: Zamazenta|7/100 brn|[from] item: Leftovers
|-damage|p1a: Zamazenta|1/100 brn|[from] brn
|upkeep
|turn|22
|
|t:|1769328750
|move|p1a: Zamazenta|Body Press|p2a: Entei
|-damage|p2a: Entei|16/100 slp
|cant|p2a: Entei|slp
|move|p2a: Entei|Sleep Talk|p2a: Entei
|move|p2a: Entei|Sacred Fire|p1a: Zamazenta|[from] move: Sleep Talk
|-damage|p1a: Zamazenta|0 fnt
|faint|p1a: Zamazenta
|
|upkeep
|
|t:|1769328751
|switch|p1a: Hydrapple|Hydrapple, M|50/100
|-damage|p1a: Hydrapple|38/100|[from] Stealth Rock
|-damage|p1a: Hydrapple|25/100|[from] Spikes
|turn|23
|
|t:|1769328759
|-curestatus|p2a: Entei|slp|[msg]
|move|p2a: Entei|Rest|p2a: Entei
|-status|p2a: Entei|slp|[from] move: Rest
|-heal|p2a: Entei|100/100 slp|[silent]
|move|p1a: Hydrapple|Earth Power|p2a: Entei
|-supereffective|p2a: Entei
|-damage|p2a: Entei|45/100 slp
|
|upkeep
|turn|24
|
|t:|1769328763
|cant|p2a: Entei|slp
|move|p2a: Entei|Sleep Talk|p2a: Entei
|move|p2a: Entei|Roar|p1a: Hydrapple|[from] move: Sleep Talk
|drag|p1a: Tyranitar|Tyranitar, F|100/100
|-damage|p1a: Tyranitar|88/100|[from] Stealth Rock
|-damage|p1a: Tyranitar|76/100|[from] Spikes
|-weather|Sandstorm|[from] ability: Sand Stream|[of] p1a: Tyranitar
|
|-weather|Sandstorm|[upkeep]
|-damage|p2a: Entei|39/100 slp|[from] Sandstorm
|upkeep
|turn|25
|
|t:|1769328766
|cant|p2a: Entei|slp
|move|p2a: Entei|Sleep Talk|p2a: Entei
|move|p2a: Entei|Rest||[from] move: Sleep Talk|[still]
|-fail|p2a: Entei
|move|p1a: Tyranitar|Knock Off|p2a: Entei
|-damage|p2a: Entei|7/100 slp
|-enditem|p2a: Entei|Heavy-Duty Boots|[from] move: Knock Off|[of] p1a: Tyranitar
|
|-weather|Sandstorm|[upkeep]
|-damage|p2a: Entei|1/100 slp|[from] Sandstorm
|upkeep
|turn|26
|
|t:|1769328769
|-curestatus|p2a: Entei|slp|[msg]
|move|p2a: Entei|Rest|p2a: Entei
|-status|p2a: Entei|slp|[from] move: Rest
|-heal|p2a: Entei|100/100 slp|[silent]
|move|p1a: Tyranitar|Knock Off|p2a: Entei
|-damage|p2a: Entei|76/100 slp
|
|-weather|Sandstorm|[upkeep]
|-damage|p2a: Entei|70/100 slp|[from] Sandstorm
|upkeep
|turn|27
|
|t:|1769328772
|cant|p2a: Entei|slp
|move|p2a: Entei|Sleep Talk|p2a: Entei
|move|p2a: Entei|Rest||[from] move: Sleep Talk|[still]
|-fail|p2a: Entei
|move|p1a: Tyranitar|Knock Off|p2a: Entei
|-damage|p2a: Entei|49/100 slp
|
|-weather|Sandstorm|[upkeep]
|-damage|p2a: Entei|43/100 slp|[from] Sandstorm
|upkeep
|turn|28
|
|t:|1769328773
|cant|p2a: Entei|slp
|move|p2a: Entei|Sleep Talk|p2a: Entei
|move|p2a: Entei|Sacred Fire|p1a: Tyranitar|[from] move: Sleep Talk
|-resisted|p1a: Tyranitar
|-damage|p1a: Tyranitar|61/100
|move|p1a: Tyranitar|Stealth Rock|p2a: Entei
|-sidestart|p2: spunder_policy|move: Stealth Rock
|
|-weather|Sandstorm|[upkeep]
|-damage|p2a: Entei|37/100 slp|[from] Sandstorm
|upkeep
|turn|29
|
|t:|1769328776
|switch|p1a: Moltres|Moltres|73/100
|-curestatus|p2a: Entei|slp|[msg]
|move|p2a: Entei|Sacred Fire|p1a: Moltres
|-resisted|p1a: Moltres
|-damage|p1a: Moltres|60/100
|
|-weather|Sandstorm|[upkeep]
|-damage|p2a: Entei|31/100|[from] Sandstorm
|-damage|p1a: Moltres|54/100|[from] Sandstorm
|upkeep
|turn|30
|
|t:|1769328778
|move|p2a: Entei|Rest|p2a: Entei
|-status|p2a: Entei|slp|[from] move: Rest
|-heal|p2a: Entei|100/100 slp|[silent]
|move|p1a: Moltres|Roost|p1a: Moltres
|-heal|p1a: Moltres|100/100
|-singleturn|p1a: Moltres|move: Roost
|
|-weather|Sandstorm|[upkeep]
|-damage|p2a: Entei|94/100 slp|[from] Sandstorm
|-damage|p1a: Moltres|94/100|[from] Sandstorm
|upkeep
|turn|31
|
|t:|1769328781
|cant|p2a: Entei|slp
|move|p2a: Entei|Sleep Talk|p2a: Entei
|move|p2a: Entei|Rest||[from] move: Sleep Talk|[still]
|-fail|p2a: Entei
|move|p1a: Moltres|Flamethrower|p2a: Entei
|-resisted|p2a: Entei
|-damage|p2a: Entei|75/100 slp
|
|-weather|none
|upkeep
|turn|32
|
|t:|1769328782
|cant|p2a: Entei|slp
|move|p2a: Entei|Sleep Talk|p2a: Entei
|move|p2a: Entei|Sacred Fire|p1a: Moltres|[from] move: Sleep Talk|[miss]
|-miss|p2a: Entei|p1a: Moltres
|move|p1a: Moltres|Flamethrower|p2a: Entei
|-resisted|p2a: Entei
|-damage|p2a: Entei|54/100 slp
|
|upkeep
|turn|33
|
|t:|1769328786
|-curestatus|p2a: Entei|slp|[msg]
|move|p2a: Entei|Sacred Fire|p1a: Moltres
|-resisted|p1a: Moltres
|-damage|p1a: Moltres|81/100
|move|p1a: Moltres|U-turn|p2a: Entei
|-resisted|p2a: Entei
|-damage|p2a: Entei|48/100
|
|t:|1769328787
|switch|p1a: Hydrapple|Hydrapple, M|59/100|[from] U-turn
|-damage|p1a: Hydrapple|46/100|[from] Stealth Rock
|-damage|p1a: Hydrapple|34/100|[from] Spikes
|
|upkeep
|turn|34
|
|t:|1769328789
|move|p2a: Entei|Sacred Fire|p1a: Hydrapple
|-damage|p1a: Hydrapple|8/100
|-status|p1a: Hydrapple|brn
|move|p1a: Hydrapple|Earth Power|p2a: Entei
|-supereffective|p2a: Entei
|-damage|p2a: Entei|0 fnt
|faint|p2a: Entei
|
|-damage|p1a: Hydrapple|2/100 brn|[from] brn
|upkeep
|
|t:|1769328794
|switch|p2a: Ting-Lu|Ting-Lu|100/100
|-damage|p2a: Ting-Lu|94/100|[from] Stealth Rock
|-ability|p2a: Ting-Lu|Vessel of Ruin
|turn|35
|
|t:|1769328799
|move|p1a: Hydrapple|Giga Drain|p2a: Ting-Lu
|-supereffective|p2a: Ting-Lu
|-damage|p2a: Ting-Lu|72/100
|-heal|p1a: Hydrapple|15/100 brn|[from] drain|[of] p2a: Ting-Lu
|move|p2a: Ting-Lu|Payback|p1a: Hydrapple
|-damage|p1a: Hydrapple|0 fnt
|faint|p1a: Hydrapple
|
|upkeep
|
|t:|1769328802
|switch|p1a: Moltres|Moltres|81/100
|turn|36
|
|t:|1769328806
|move|p2a: Ting-Lu|Ruination|p1a: Moltres|[miss]
|-miss|p2a: Ting-Lu|p1a: Moltres
|move|p1a: Moltres|Roar|p2a: Ting-Lu
|drag|p2a: Zamazenta|Zamazenta|66/100
|
|upkeep
|turn|37
|
|t:|1769328814
|-terastallize|p2a: Zamazenta|Fighting
|move|p2a: Zamazenta|Body Press|p1a: Moltres
|-resisted|p1a: Moltres
|-damage|p1a: Moltres|63/100
|move|p1a: Moltres|Flamethrower|p2a: Zamazenta
|-damage|p2a: Zamazenta|35/100
|
|upkeep
|turn|38
|
|t:|1769328818
|move|p2a: Zamazenta|Rest|p2a: Zamazenta
|-status|p2a: Zamazenta|slp|[from] move: Rest
|-heal|p2a: Zamazenta|100/100 slp|[silent]
|move|p1a: Moltres|Flamethrower|p2a: Zamazenta
|-damage|p2a: Zamazenta|66/100 slp
|
|upkeep
|turn|39
|
|t:|1769328820
|cant|p2a: Zamazenta|slp
|move|p2a: Zamazenta|Sleep Talk|p2a: Zamazenta
|move|p2a: Zamazenta|Roar|p1a: Moltres|[from] move: Sleep Talk
|drag|p1a: Tyranitar|Tyranitar, F|61/100
|-damage|p1a: Tyranitar|48/100|[from] Stealth Rock
|-damage|p1a: Tyranitar|36/100|[from] Spikes
|-weather|Sandstorm|[from] ability: Sand Stream|[of] p1a: Tyranitar
|
|-weather|Sandstorm|[upkeep]
|-damage|p2a: Zamazenta|60/100 slp|[from] Sandstorm
|upkeep
|turn|40
|
|t:|1769328822
|cant|p2a: Zamazenta|slp
|move|p2a: Zamazenta|Sleep Talk|p2a: Zamazenta
|move|p2a: Zamazenta|Roar|p1a: Tyranitar|[from] move: Sleep Talk
|drag|p1a: Moltres|Moltres|63/100
|
|-weather|Sandstorm|[upkeep]
|-damage|p2a: Zamazenta|54/100 slp|[from] Sandstorm
|-damage|p1a: Moltres|57/100|[from] Sandstorm
|upkeep
|turn|41
|
|t:|1769328824
|-curestatus|p2a: Zamazenta|slp|[msg]
|move|p2a: Zamazenta|Body Press|p1a: Moltres
|-resisted|p1a: Moltres
|-damage|p1a: Moltres|41/100
|-status|p2a: Zamazenta|brn|[from] ability: Flame Body|[of] p1a: Moltres
|move|p1a: Moltres|Roost|p1a: Moltres
|-heal|p1a: Moltres|91/100
|-singleturn|p1a: Moltres|move: Roost
|
|-weather|Sandstorm|[upkeep]
|-damage|p2a: Zamazenta|48/100 brn|[from] Sandstorm
|-damage|p1a: Moltres|85/100|[from] Sandstorm
|-damage|p2a: Zamazenta|42/100 brn|[from] brn
|upkeep
|turn|42
|
|t:|1769328826
|move|p2a: Zamazenta|Rest|p2a: Zamazenta
|-status|p2a: Zamazenta|slp|[from] move: Rest
|-heal|p2a: Zamazenta|100/100 slp|[silent]
|move|p1a: Moltres|Flamethrower|p2a: Zamazenta
|-damage|p2a: Zamazenta|66/100 slp
|
|-weather|Sandstorm|[upkeep]
|-damage|p2a: Zamazenta|60/100 slp|[from] Sandstorm
|-damage|p1a: Moltres|79/100|[from] Sandstorm
|upkeep
|turn|43
|
|t:|1769328828
|cant|p2a: Zamazenta|slp
|move|p2a: Zamazenta|Sleep Talk|p2a: Zamazenta
|move|p2a: Zamazenta|Body Press|p1a: Moltres|[from] move: Sleep Talk
|-resisted|p1a: Moltres
|-damage|p1a: Moltres|60/100
|move|p1a: Moltres|Flamethrower|p2a: Zamazenta
|-damage|p2a: Zamazenta|31/100 slp
|
|-weather|Sandstorm|[upkeep]
|-damage|p2a: Zamazenta|25/100 slp|[from] Sandstorm
|-damage|p1a: Moltres|54/100|[from] Sandstorm
|upkeep
|turn|44
|
|t:|1769328837
|switch|p2a: Ting-Lu|Ting-Lu|72/100
|-damage|p2a: Ting-Lu|66/100|[from] Stealth Rock
|-ability|p2a: Ting-Lu|Vessel of Ruin
|move|p1a: Moltres|Roost|p1a: Moltres
|-heal|p1a: Moltres|100/100
|-singleturn|p1a: Moltres|move: Roost
|
|-weather|Sandstorm|[upkeep]
|-damage|p1a: Moltres|94/100|[from] Sandstorm
|upkeep
|turn|45
|
|t:|1769328842
|move|p1a: Moltres|Flamethrower|p2a: Ting-Lu
|-damage|p2a: Ting-Lu|54/100
|move|p2a: Ting-Lu|Ruination|p1a: Moltres
|-damage|p1a: Moltres|47/100
|
|-weather|Sandstorm|[upkeep]
|-damage|p1a: Moltres|41/100|[from] Sandstorm
|upkeep
|turn|46
|
|t:|1769328846
|move|p1a: Moltres|Flamethrower|p2a: Ting-Lu
|-damage|p2a: Ting-Lu|42/100
|move|p2a: Ting-Lu|Earthquake|p1a: Moltres
|-immune|p1a: Moltres
|
|-weather|none
|upkeep
|turn|47
|
|t:|1769328848
|move|p1a: Moltres|Flamethrower|p2a: Ting-Lu
|-damage|p2a: Ting-Lu|30/100
|move|p2a: Ting-Lu|Earthquake|p1a: Moltres
|-immune|p1a: Moltres
|
|upkeep
|turn|48
|
|t:|1769328851
|move|p1a: Moltres|Flamethrower|p2a: Ting-Lu
|-damage|p2a: Ting-Lu|17/100
|-status|p2a: Ting-Lu|brn
|move|p2a: Ting-Lu|Ruination|p1a: Moltres
|-damage|p1a: Moltres|21/100
|
|-damage|p2a: Ting-Lu|11/100 brn|[from] brn
|upkeep
|turn|49
|
|t:|1769328854
|move|p1a: Moltres|U-turn|p2a: Ting-Lu
|-supereffective|p2a: Ting-Lu
|-damage|p2a: Ting-Lu|0 fnt
|faint|p2a: Ting-Lu
|
|t:|1769328855
|switch|p1a: Slowking|Slowking-Galar, F|100/100|[from] U-turn
|-damage|p1a: Slowking|88/100|[from] Stealth Rock
|-damage|p1a: Slowking|76/100|[from] Spikes
|
|upkeep
|
|t:|1769328856
|switch|p2a: Zamazenta|Zamazenta, tera:Fighting|25/100 slp
|turn|50
|
|t:|1769328860
|cant|p2a: Zamazenta|slp
|move|p2a: Zamazenta|Sleep Talk|p2a: Zamazenta
|move|p2a: Zamazenta|Roar|p1a: Slowking|[from] move: Sleep Talk
|drag|p1a: Tyranitar|Tyranitar, F|36/100
|-damage|p1a: Tyranitar|24/100|[from] Stealth Rock
|-damage|p1a: Tyranitar|11/100|[from] Spikes
|-weather|Sandstorm|[from] ability: Sand Stream|[of] p1a: Tyranitar
|
|-weather|Sandstorm|[upkeep]
|-damage|p2a: Zamazenta|19/100 slp|[from] Sandstorm
|upkeep
|turn|51
|
|t:|1769328863
|switch|p1a: Slowking|Slowking-Galar, F|100/100
|-damage|p1a: Slowking|88/100|[from] Stealth Rock
|-damage|p1a: Slowking|76/100|[from] Spikes
|-curestatus|p2a: Zamazenta|slp|[msg]
|move|p2a: Zamazenta|Rest|p2a: Zamazenta
|-status|p2a: Zamazenta|slp|[from] move: Rest
|-heal|p2a: Zamazenta|100/100 slp|[silent]
|
|-weather|Sandstorm|[upkeep]
|-damage|p2a: Zamazenta|94/100 slp|[from] Sandstorm
|-damage|p1a: Slowking|69/100|[from] Sandstorm
|upkeep
|turn|52
|
|t:|1769328866
|cant|p2a: Zamazenta|slp
|move|p2a: Zamazenta|Sleep Talk|p2a: Zamazenta
|move|p2a: Zamazenta|Body Press|p1a: Slowking|[from] move: Sleep Talk
|-resisted|p1a: Slowking
|-damage|p1a: Slowking|59/100
|move|p1a: Slowking|Psyshock|p2a: Zamazenta
|-supereffective|p2a: Zamazenta
|-damage|p2a: Zamazenta|54/100 slp
|
|-weather|Sandstorm|[upkeep]
|-damage|p2a: Zamazenta|48/100 slp|[from] Sandstorm
|-damage|p1a: Slowking|53/100|[from] Sandstorm
|upkeep
|turn|53
|
|t:|1769328869
|-terastallize|p1a: Slowking|Grass
|cant|p2a: Zamazenta|slp
|move|p2a: Zamazenta|Sleep Talk|p2a: Zamazenta
|move|p2a: Zamazenta|Body Press|p1a: Slowking|[from] move: Sleep Talk
|-damage|p1a: Slowking|14/100
|move|p1a: Slowking|Psyshock|p2a: Zamazenta
|-supereffective|p2a: Zamazenta
|-damage|p2a: Zamazenta|10/100 slp
|
|-weather|Sandstorm|[upkeep]
|-damage|p2a: Zamazenta|4/100 slp|[from] Sandstorm
|-damage|p1a: Slowking|8/100|[from] Sandstorm
|upkeep
|turn|54
|
|t:|1769328873
|-curestatus|p2a: Zamazenta|slp|[msg]
|move|p2a: Zamazenta|Body Press|p1a: Slowking
|-damage|p1a: Slowking|0 fnt
|faint|p1a: Slowking
|
|-weather|Sandstorm|[upkeep]
|-damage|p2a: Zamazenta|0 fnt|[from] Sandstorm
|faint|p2a: Zamazenta
|
|win|CambridgeFoulPlay
|raw|CambridgeFoulPlay's rating: 1652 &rarr; <strong>1678</strong><br />(+26 for winning)
|raw|spunder_policy's rating: 1755 &rarr; <strong>1729</strong><br />(-26 for losing)
|c|☆CambridgeFoulPlay|gg
