|j|☆BlazikenNuggies
|j|☆woai78
|t:|1769447227
|gametype|singles
|player|p1|BlazikenNuggies|2|1098
|player|p2|woai78|265|1089
|gen|9
|tier|[Gen 9] OU
|rated|
|rule|HP Percentage Mod: HP is shown in percentages
|rule|Endless Battle Clause: Forcing endless battles is banned
|rule|Species Clause: Limit one of each Pokémon
|rule|OHKO Clause: OHKO moves are banned
|rule|Evasion Items Clause: Evasion items are banned
|rule|Evasion Moves Clause: Evasion moves are banned
|rule|Evasion Abilities Clause: Evasion abilities are banned
|rule|Sleep Moves Clause: Sleep-inducing moves are banned
|clearpoke
|poke|p1|Gholdengo|
|poke|p1|Blaziken, F|
|poke|p1|Scizor, F|
|poke|p1|Azumarill, F|
|poke|p1|Tinkaton, F|
|poke|p1|Minccino, M|
|poke|p2|Pelipper, F|
|poke|p2|Zapdos|
|poke|p2|Scizor, F|
|poke|p2|Araquanid, F|
|poke|p2|Kingdra, F|
|poke|p2|Quaquaval, M|
|teampreview
|inactive|Battle timer is ON: inactive players will automatically lose when time's up. (requested by BlazikenNuggies)
|
|t:|1769447239
|teamsize|p1|6
|teamsize|p2|6
|start
|switch|p1a: Candy|Minccino, M, shiny|100/100
|switch|p2a: Araquanid|Araquanid, F|100/100
|turn|1
|
|t:|1769447253
|move|p1a: Candy|Bullet Seed|p2a: Araquanid
|-damage|p2a: Araquanid|92/100
|-damage|p2a: Araquanid|84/100
|-damage|p2a: Araquanid|75/100
|-damage|p2a: Araquanid|65/100
|-damage|p2a: Araquanid|57/100
|-hitcount|p2a: Araquanid|5
|move|p2a: Araquanid|Sticky Web|p1a: Candy
|-sidestart|p1: BlazikenNuggies|move: Sticky Web
|
|upkeep
|turn|2
|
|t:|1769447263
|move|p1a: Candy|Tidy Up|p1a: Candy
|-sideend|p1: BlazikenNuggies|Sticky Web
|-activate|p1a: Candy|move: Tidy Up
|-boost|p1a: Candy|atk|1
|-boost|p1a: Candy|spe|1
|move|p2a: Araquanid|Hydro Pump|p1a: Candy
|-damage|p1a: Candy|0 fnt
|faint|p1a: Candy
|-damage|p2a: Araquanid|47/100|[from] item: Life Orb
|
|upkeep
|
|t:|1769447276
|switch|p1a: Glitter Peace|Gholdengo|100/100
|turn|3
|
|t:|1769447282
|move|p1a: Glitter Peace|Thunderbolt|p2a: Araquanid
|-supereffective|p2a: Araquanid
|-damage|p2a: Araquanid|0 fnt
|faint|p2a: Araquanid
|
|upkeep
|
|t:|1769447290
|switch|p2a: Scizor|Scizor, F|100/100
|turn|4
|
|t:|1769447299
|move|p2a: Scizor|Bullet Punch|p1a: Glitter Peace
|-resisted|p1a: Glitter Peace
|-damage|p1a: Glitter Peace|72/100
|move|p1a: Glitter Peace|Thunderbolt|p2a: Scizor
|-damage|p2a: Scizor|62/100
|
|upkeep
|turn|5
|
|t:|1769447308
|switch|p2a: Zapdos|Zapdos, shiny|100/100
|-ability|p2a: Zapdos|Pressure
|move|p1a: Glitter Peace|Thunderbolt|p2a: Zapdos
|-damage|p2a: Zapdos|65/100
|
|upkeep
|turn|6
|
|t:|1769447321
|switch|p1a: Glitter Lucky|Tinkaton, F|100/100
|move|p2a: Zapdos|Volt Switch|p1a: Glitter Lucky
|-damage|p1a: Glitter Lucky|42/100
|
|t:|1769447328
|switch|p2a: Pelipper|Pelipper, F, shiny|100/100|[from] Volt Switch
|-weather|RainDance|[from] ability: Drizzle|[of] p2a: Pelipper
|
|-weather|RainDance|[upkeep]
|upkeep
|turn|7
|
|t:|1769447337
|move|p1a: Glitter Lucky|Fake Out|p2a: Pelipper
|-damage|p2a: Pelipper|91/100
|-damage|p1a: Glitter Lucky|32/100|[from] item: Life Orb
|cant|p2a: Pelipper|flinch
|
|-weather|RainDance|[upkeep]
|upkeep
|turn|8
|
|t:|1769447344
|move|p1a: Glitter Lucky|Play Rough|p2a: Pelipper
|-damage|p2a: Pelipper|58/100
|-damage|p1a: Glitter Lucky|22/100|[from] item: Life Orb
|move|p2a: Pelipper|U-turn|p1a: Glitter Lucky
|-resisted|p1a: Glitter Lucky
|-damage|p1a: Glitter Lucky|19/100
|
|t:|1769447352
|switch|p2a: Zapdos|Zapdos, shiny|65/100|[from] U-turn
|-ability|p2a: Zapdos|Pressure
|
|-weather|RainDance|[upkeep]
|upkeep
|turn|9
|
|t:|1769447360
|move|p2a: Zapdos|Thunder|p1a: Glitter Lucky
|-damage|p1a: Glitter Lucky|0 fnt
|faint|p1a: Glitter Lucky
|
|-weather|RainDance|[upkeep]
|upkeep
|
|t:|1769447375
|switch|p1a: Glitter Peace|Gholdengo|72/100
|turn|10
|
|t:|1769447379
|move|p1a: Glitter Peace|Shadow Ball|p2a: Zapdos
|-damage|p2a: Zapdos|15/100
|move|p2a: Zapdos|Thunder|p1a: Glitter Peace
|-damage|p1a: Glitter Peace|0 fnt
|faint|p1a: Glitter Peace
|
|-weather|RainDance|[upkeep]
|upkeep
|
|t:|1769447386
|switch|p1a: Glitter Spring|Scizor, F, shiny|100/100
|turn|11
|
|t:|1769447390
|move|p1a: Glitter Spring|Bullet Punch|p2a: Zapdos
|-resisted|p2a: Zapdos
|-damage|p2a: Zapdos|0 fnt
|faint|p2a: Zapdos
|
|-weather|RainDance|[upkeep]
|upkeep
|
|t:|1769447399
|switch|p2a: Scizor|Scizor, F|62/100
|turn|12
|
|t:|1769447410
|-terastallize|p1a: Glitter Spring|Flying
|move|p2a: Scizor|Dual Wingbeat|p1a: Glitter Spring
|-damage|p1a: Glitter Spring|67/100
|-damage|p1a: Glitter Spring|35/100
|-hitcount|p1a: Glitter Spring|2
|move|p1a: Glitter Spring|Swords Dance|p1a: Glitter Spring
|-boost|p1a: Glitter Spring|atk|2
|
|-weather|RainDance|[upkeep]
|upkeep
|turn|13
|
|t:|1769447421
|move|p1a: Glitter Spring|Bullet Punch|p2a: Scizor
|-resisted|p2a: Scizor
|-damage|p2a: Scizor|25/100
|move|p2a: Scizor|Dual Wingbeat|p1a: Glitter Spring
|-damage|p1a: Glitter Spring|5/100
|-damage|p1a: Glitter Spring|0 fnt
|faint|p1a: Glitter Spring
|-hitcount|p1: Glitter Spring|2
|
|-weather|none
|upkeep
|
|t:|1769447428
|switch|p1a: Glitter Sunny|Blaziken, F|100/100
|turn|14
|
|t:|1769447433
|move|p1a: Glitter Sunny|Protect|p1a: Glitter Sunny
|-singleturn|p1a: Glitter Sunny|Protect
|move|p2a: Scizor|Dual Wingbeat|p1a: Glitter Sunny
|-activate|p1a: Glitter Sunny|move: Protect
|
|-ability|p1a: Glitter Sunny|Speed Boost|boost
|-boost|p1a: Glitter Sunny|spe|1
|upkeep
|turn|15
|
|t:|1769447443
|move|p1a: Glitter Sunny|Flare Blitz|p2a: Scizor
|-supereffective|p2a: Scizor
|-damage|p2a: Scizor|0 fnt
|faint|p2a: Scizor
|-damage|p1a: Glitter Sunny|92/100|[from] Recoil
|-damage|p1a: Glitter Sunny|82/100|[from] item: Life Orb
|
|-ability|p1a: Glitter Sunny|Speed Boost|boost
|-boost|p1a: Glitter Sunny|spe|1
|upkeep
|
|t:|1769447452
|switch|p2a: Pelipper|Pelipper, F, shiny|58/100
|-weather|RainDance|[from] ability: Drizzle|[of] p2a: Pelipper
|turn|16
|
|t:|1769447460
|move|p1a: Glitter Sunny|Swords Dance|p1a: Glitter Sunny
|-boost|p1a: Glitter Sunny|atk|2
|move|p2a: Pelipper|Hurricane|p1a: Glitter Sunny
|-supereffective|p1a: Glitter Sunny
|-damage|p1a: Glitter Sunny|0 fnt
|faint|p1a: Glitter Sunny
|
|-weather|RainDance|[upkeep]
|upkeep
|
|t:|1769447465
|switch|p1a: Glitter Breeze|Azumarill, F|100/100
|turn|17
|
|t:|1769447472
|move|p2a: Pelipper|Hurricane|p1a: Glitter Breeze
|-damage|p1a: Glitter Breeze|60/100
|move|p1a: Glitter Breeze|Play Rough|p2a: Pelipper
|-damage|p2a: Pelipper|13/100
|
|-weather|RainDance|[upkeep]
|-heal|p1a: Glitter Breeze|67/100|[from] item: Leftovers
|upkeep
|turn|18
|
|t:|1769447481
|move|p1a: Glitter Breeze|Aqua Jet|p2a: Pelipper
|-resisted|p2a: Pelipper
|-damage|p2a: Pelipper|0 fnt
|faint|p2a: Pelipper
|
|-weather|RainDance|[upkeep]
|-heal|p1a: Glitter Breeze|73/100|[from] item: Leftovers
|upkeep
|
|t:|1769447495
|switch|p2a: Kingdra|Kingdra, F|100/100
|turn|19
|
|t:|1769447501
|-terastallize|p2a: Kingdra|Water
|move|p2a: Kingdra|Blizzard|p1a: Glitter Breeze
|-resisted|p1a: Glitter Breeze
|-damage|p1a: Glitter Breeze|47/100
|move|p1a: Glitter Breeze|Play Rough|p2a: Kingdra
|-damage|p2a: Kingdra|33/100
|
|-weather|RainDance|[upkeep]
|-heal|p1a: Glitter Breeze|53/100|[from] item: Leftovers
|upkeep
|turn|20
|
|t:|1769447514
|move|p2a: Kingdra|Blizzard|p1a: Glitter Breeze|[miss]
|-miss|p2a: Kingdra|p1a: Glitter Breeze
|move|p1a: Glitter Breeze|Play Rough|p2a: Kingdra
|-damage|p2a: Kingdra|0 fnt
|faint|p2a: Kingdra
|
|-weather|RainDance|[upkeep]
|-heal|p1a: Glitter Breeze|59/100|[from] item: Leftovers
|upkeep
|
|t:|1769447524
|switch|p2a: Quaquaval|Quaquaval, M|100/100
|turn|21
|
|t:|1769447532
|move|p2a: Quaquaval|Close Combat|p1a: Glitter Breeze
|-resisted|p1a: Glitter Breeze
|-damage|p1a: Glitter Breeze|28/100
|-unboost|p2a: Quaquaval|def|1
|-unboost|p2a: Quaquaval|spd|1
|move|p1a: Glitter Breeze|Play Rough|p2a: Quaquaval
|-supereffective|p2a: Quaquaval
|-damage|p2a: Quaquaval|0 fnt
|faint|p2a: Quaquaval
|
|win|BlazikenNuggies
|raw|BlazikenNuggies's rating: 1098 &rarr; <strong>1123</strong><br />(+25 for winning)
|raw|woai78's rating: 1089 &rarr; <strong>1066</strong><br />(-23 for losing)
|l|☆woai78
|player|p2|
|c|☆BlazikenNuggies|gg
|l|☆BlazikenNuggies
|player|p1|
