|j|☆zxcvbh
|j|☆CambridgeFoulPlay
|t:|1769330853
|gametype|singles
|player|p1|zxcvbh|elesa|1597
|player|p2|CambridgeFoulPlay|266|1666
|gen|9
|tier|[Gen 9] OU
|rated|
|rule|HP Percentage Mod: HP is shown in percentages
|rule|Endless Battle Clause: Forcing endless battles is banned
|rule|Species Clause: Limit one of each Pokémon
|rule|OHKO Clause: OHKO moves are banned
|rule|Evasion Items Clause: Evasion items are banned
|rule|Evasion Moves Clause: Evasion moves are banned
|rule|Evasion Abilities Clause: Evasion abilities are banned
|rule|Sleep Moves Clause: Sleep-inducing moves are banned
|clearpoke
|poke|p1|Sandy Shocks|
|poke|p1|Scizor, F|
|poke|p1|Latios, M|
|poke|p1|Ogerpon, F|
|poke|p1|Iron Jugulis|
|poke|p1|Primarina, F|
|poke|p2|Hydrapple, M|
|poke|p2|Tyranitar, F|
|poke|p2|Moltres|
|poke|p2|Zamazenta-*|
|poke|p2|Slowking-Galar, F|
|poke|p2|Excadrill, F|
|teampreview
|c|☆CambridgeFoulPlay|hf
|inactive|Battle timer is ON: inactive players will automatically lose when time's up. (requested by CambridgeFoulPlay)
|inactive|zxcvbh has 120 seconds left.
|
|t:|1769330893
|teamsize|p1|6
|teamsize|p2|6
|start
|switch|p1a: Sandy Shocks|Sandy Shocks|100/100
|switch|p2a: Slowking|Slowking-Galar, F|100/100
|-enditem|p1a: Sandy Shocks|Booster Energy
|-activate|p1a: Sandy Shocks|ability: Protosynthesis|[fromitem]
|-start|p1a: Sandy Shocks|protosynthesisspe
|turn|1
|
|t:|1769330896
|move|p1a: Sandy Shocks|Stealth Rock|p2a: Slowking
|-sidestart|p2: CambridgeFoulPlay|move: Stealth Rock
|move|p2a: Slowking|Ice Beam|p1a: Sandy Shocks
|-supereffective|p1a: Sandy Shocks
|-damage|p1a: Sandy Shocks|47/100
|
|upkeep
|turn|2
|
|t:|1769330903
|move|p1a: Sandy Shocks|Earth Power|p2a: Slowking
|-supereffective|p2a: Slowking
|-damage|p2a: Slowking|58/100
|move|p2a: Slowking|Ice Beam|p1a: Sandy Shocks
|-supereffective|p1a: Sandy Shocks
|-damage|p1a: Sandy Shocks|0 fnt
|faint|p1a: Sandy Shocks
|-end|p1a: Sandy Shocks|Protosynthesis|[silent]
|
|upkeep
|
|t:|1769330913
|switch|p1a: Latios|Latios, M|100/100
|turn|3
|
|t:|1769330915
|move|p1a: Latios|Agility|p1a: Latios
|-boost|p1a: Latios|spe|2
|move|p2a: Slowking|Ice Beam|p1a: Latios
|-supereffective|p1a: Latios
|-damage|p1a: Latios|63/100
|-enditem|p1a: Latios|Weakness Policy
|-boost|p1a: Latios|atk|2|[from] item: Weakness Policy
|-boost|p1a: Latios|spa|2|[from] item: Weakness Policy
|
|upkeep
|turn|4
|
|t:|1769330923
|switch|p2a: Tyranitar|Tyranitar, F|100/100
|-damage|p2a: Tyranitar|88/100|[from] Stealth Rock
|-weather|Sandstorm|[from] ability: Sand Stream|[of] p2a: Tyranitar
|move|p1a: Latios|Stored Power|p2a: Tyranitar
|-immune|p2a: Tyranitar
|
|-weather|Sandstorm|[upkeep]
|-damage|p1a: Latios|57/100|[from] Sandstorm
|upkeep
|turn|5
|
|t:|1769330929
|-terastallize|p1a: Latios|Fighting
|move|p1a: Latios|Aura Sphere|p2a: Tyranitar
|-supereffective|p2a: Tyranitar
|-damage|p2a: Tyranitar|0 fnt
|faint|p2a: Tyranitar
|
|-weather|Sandstorm|[upkeep]
|-damage|p1a: Latios|50/100|[from] Sandstorm
|upkeep
|
|t:|1769330930
|switch|p2a: Slowking|Slowking-Galar, F|91/100
|-damage|p2a: Slowking|79/100|[from] Stealth Rock
|turn|6
|
|t:|1769330941
|move|p1a: Latios|Stored Power|p2a: Slowking
|-damage|p2a: Slowking|11/100
|move|p2a: Slowking|Psyshock|p1a: Latios
|-supereffective|p1a: Latios
|-damage|p1a: Latios|0 fnt
|faint|p1a: Latios
|
|-weather|Sandstorm|[upkeep]
|-damage|p2a: Slowking|5/100|[from] Sandstorm
|upkeep
|
|t:|1769330956
|switch|p1a: Scizor|Scizor, F|100/100
|turn|7
|
|t:|1769330961
|switch|p2a: Moltres|Moltres|100/100
|move|p1a: Scizor|Bullet Punch|p2a: Moltres
|-resisted|p2a: Moltres
|-damage|p2a: Moltres|89/100
|
|-weather|Sandstorm|[upkeep]
|-damage|p2a: Moltres|83/100|[from] Sandstorm
|upkeep
|turn|8
|
|t:|1769330969
|switch|p1a: Iron Jugulis|Iron Jugulis|100/100
|-enditem|p1a: Iron Jugulis|Booster Energy
|-activate|p1a: Iron Jugulis|ability: Quark Drive|[fromitem]
|-start|p1a: Iron Jugulis|quarkdrivespe
|move|p2a: Moltres|Roar|p1a: Iron Jugulis
|-end|p1a: Iron Jugulis|Quark Drive|[silent]
|drag|p1a: Scizor|Scizor, F|100/100
|
|-weather|Sandstorm|[upkeep]
|-damage|p2a: Moltres|77/100|[from] Sandstorm
|upkeep
|turn|9
|
|t:|1769330977
|switch|p1a: Iron Jugulis|Iron Jugulis|100/100
|move|p2a: Moltres|Roar|p1a: Iron Jugulis
|-end|p1a: Iron Jugulis|Quark Drive|[silent]
|drag|p1a: Scizor|Scizor, F|100/100
|
|-weather|Sandstorm|[upkeep]
|-damage|p2a: Moltres|71/100|[from] Sandstorm
|upkeep
|turn|10
|
|t:|1769330984
|switch|p1a: Iron Jugulis|Iron Jugulis|100/100
|move|p2a: Moltres|Roar|p1a: Iron Jugulis
|-end|p1a: Iron Jugulis|Quark Drive|[silent]
|drag|p1a: Ogerpon|Ogerpon, F|100/100
|
|-weather|Sandstorm|[upkeep]
|-damage|p1a: Ogerpon|95/100|[from] Sandstorm
|-damage|p2a: Moltres|65/100|[from] Sandstorm
|upkeep
|turn|11
|
|t:|1769330992
|move|p1a: Ogerpon|Rock Tomb|p2a: Moltres
|-supereffective|p2a: Moltres
|-damage|p2a: Moltres|0 fnt
|faint|p2a: Moltres
|-damage|p1a: Ogerpon|85/100|[from] item: Life Orb
|
|-weather|none
|upkeep
|
|t:|1769330994
|switch|p2a: Zamazenta|Zamazenta|100/100
|-damage|p2a: Zamazenta|94/100|[from] Stealth Rock
|-ability|p2a: Zamazenta|Dauntless Shield|boost
|-boost|p2a: Zamazenta|def|1
|turn|12
|
|t:|1769331006
|move|p2a: Zamazenta|Iron Defense|p2a: Zamazenta
|-boost|p2a: Zamazenta|def|2
|move|p1a: Ogerpon|Encore|p2a: Zamazenta
|-start|p2a: Zamazenta|Encore
|
|-heal|p2a: Zamazenta|100/100|[from] item: Leftovers
|upkeep
|turn|13
|
|t:|1769331012
|switch|p2a: Hydrapple|Hydrapple, M|100/100
|switch|p1a: Primarina|Primarina, F|100/100
|
|upkeep
|turn|14
|
|t:|1769331020
|-terastallize|p2a: Hydrapple|Poison
|move|p1a: Primarina|Moonblast|p2a: Hydrapple
|-resisted|p2a: Hydrapple
|-damage|p2a: Hydrapple|75/100
|move|p2a: Hydrapple|Giga Drain|p1a: Primarina
|-supereffective|p1a: Primarina
|-damage|p1a: Primarina|50/100
|-heal|p2a: Hydrapple|97/100|[from] drain|[of] p1a: Primarina
|
|upkeep
|turn|15
|
|t:|1769331030
|move|p1a: Primarina|Flip Turn|p2a: Hydrapple
|-damage|p2a: Hydrapple|88/100
|
|t:|1769331035
|switch|p1a: Scizor|Scizor, F|100/100|[from] Flip Turn
|move|p2a: Hydrapple|Giga Drain|p1a: Scizor
|-resisted|p1a: Scizor
|-crit|p1a: Scizor
|-damage|p1a: Scizor|86/100
|-heal|p2a: Hydrapple|95/100|[from] drain|[of] p1a: Scizor
|
|upkeep
|turn|16
|
|t:|1769331044
|move|p1a: Scizor|Swords Dance|p1a: Scizor
|-boost|p1a: Scizor|atk|2
|move|p2a: Hydrapple|Giga Drain|p1a: Scizor
|-resisted|p1a: Scizor
|-damage|p1a: Scizor|76/100
|-heal|p2a: Hydrapple|99/100|[from] drain|[of] p1a: Scizor
|
|upkeep
|turn|17
|
|t:|1769331051
|move|p1a: Scizor|Knock Off|p2a: Hydrapple
|-damage|p2a: Hydrapple|52/100
|-enditem|p2a: Hydrapple|Heavy-Duty Boots|[from] move: Knock Off|[of] p1a: Scizor
|move|p2a: Hydrapple|Earth Power|p1a: Scizor
|-damage|p1a: Scizor|44/100
|-enditem|p1a: Scizor|Sitrus Berry|[eat]
|-heal|p1a: Scizor|69/100|[from] item: Sitrus Berry
|
|upkeep
|turn|18
|
|t:|1769331061
|switch|p2a: Zamazenta|Zamazenta|100/100
|-damage|p2a: Zamazenta|94/100|[from] Stealth Rock
|move|p1a: Scizor|Bullet Punch|p2a: Zamazenta
|-damage|p2a: Zamazenta|43/100
|
|-heal|p2a: Zamazenta|49/100|[from] item: Leftovers
|upkeep
|turn|19
|
|t:|1769331067
|switch|p2a: Slowking|Slowking-Galar, F|38/100
|-damage|p2a: Slowking|26/100|[from] Stealth Rock
|move|p1a: Scizor|Bullet Punch|p2a: Slowking
|-damage|p2a: Slowking|0 fnt
|faint|p2a: Slowking
|
|upkeep
|
|t:|1769331068
|switch|p2a: Zamazenta|Zamazenta|49/100
|-damage|p2a: Zamazenta|43/100|[from] Stealth Rock
|turn|20
|
|t:|1769331070
|switch|p2a: Excadrill|Excadrill, F|100/100
|-damage|p2a: Excadrill|97/100|[from] Stealth Rock
|-item|p2a: Excadrill|Air Balloon
|move|p1a: Scizor|Bullet Punch|p2a: Excadrill
|-resisted|p2a: Excadrill
|-damage|p2a: Excadrill|52/100
|-enditem|p2a: Excadrill|Air Balloon
|
|upkeep
|turn|21
|
|t:|1769331078
|move|p1a: Scizor|Bullet Punch|p2a: Excadrill
|-resisted|p2a: Excadrill
|-damage|p2a: Excadrill|7/100
|move|p2a: Excadrill|Iron Head|p1a: Scizor
|-resisted|p1a: Scizor
|-damage|p1a: Scizor|49/100
|
|upkeep
|turn|22
|
|t:|1769331086
|move|p1a: Scizor|Bullet Punch|p2a: Excadrill
|-resisted|p2a: Excadrill
|-damage|p2a: Excadrill|0 fnt
|faint|p2a: Excadrill
|
|upkeep
|
|t:|1769331087
|switch|p2a: Hydrapple|Hydrapple, M, tera:Poison|85/100
|-damage|p2a: Hydrapple|73/100|[from] Stealth Rock
|turn|23
|
|t:|1769331094
|move|p1a: Scizor|Bullet Punch|p2a: Hydrapple
|-damage|p2a: Hydrapple|28/100
|move|p2a: Hydrapple|Earth Power|p1a: Scizor
|-damage|p1a: Scizor|16/100
|
|upkeep
|turn|24
|
|t:|1769331099
|switch|p2a: Zamazenta|Zamazenta|43/100
|-damage|p2a: Zamazenta|36/100|[from] Stealth Rock
|move|p1a: Scizor|Bullet Punch|p2a: Zamazenta
|-damage|p2a: Zamazenta|0 fnt
|faint|p2a: Zamazenta
|
|upkeep
|
|t:|1769331100
|switch|p2a: Hydrapple|Hydrapple, M, tera:Poison|61/100
|-damage|p2a: Hydrapple|49/100|[from] Stealth Rock
|turn|25
|
|t:|1769331102
|move|p1a: Scizor|Bullet Punch|p2a: Hydrapple
|-damage|p2a: Hydrapple|8/100
|move|p2a: Hydrapple|Fickle Beam|p1a: Scizor
|-resisted|p1a: Scizor
|-damage|p1a: Scizor|0 fnt
|faint|p1a: Scizor
|
|upkeep
|
|t:|1769331108
|switch|p1a: Primarina|Primarina, F|50/100
|turn|26
|
|t:|1769331113
|move|p1a: Primarina|Ice Beam|p2a: Hydrapple
|-crit|p2a: Hydrapple
|-damage|p2a: Hydrapple|0 fnt
|faint|p2a: Hydrapple
|
|win|zxcvbh
|raw|zxcvbh's rating: 1597 &rarr; <strong>1621</strong><br />(+24 for winning)
|raw|CambridgeFoulPlay's rating: 1666 &rarr; <strong>1642</strong><br />(-24 for losing)
|c|☆CambridgeFoulPlay|gg
