|j|☆Pizzasmash
|j|☆ElectivireGoat
|t:|1769317642
|gametype|singles
|player|p1|Pizzasmash|flannery|1357
|player|p2|ElectivireGoat|bruno|1332
|gen|9
|tier|[Gen 9] OU
|rated|
|rule|HP Percentage Mod: HP is shown in percentages
|rule|Endless Battle Clause: Forcing endless battles is banned
|rule|Species Clause: Limit one of each Pokémon
|rule|OHKO Clause: OHKO moves are banned
|rule|Evasion Items Clause: Evasion items are banned
|rule|Evasion Moves Clause: Evasion moves are banned
|rule|Evasion Abilities Clause: Evasion abilities are banned
|rule|Sleep Moves Clause: Sleep-inducing moves are banned
|clearpoke
|poke|p1|Galvantula, F|
|poke|p1|Scizor, M|
|poke|p1|Zoroark-Hisui, F|
|poke|p1|Garganacl, M|
|poke|p1|Skeledirge, M|
|poke|p1|Garchomp, F|
|poke|p2|Araquanid, M|
|poke|p2|Electivire, F|
|poke|p2|Gholdengo|
|poke|p2|Kingambit, M|
|poke|p2|Serperior, M|
|poke|p2|Great Tusk|
|teampreview
|inactive|Battle timer is ON: inactive players will automatically lose when time's up. (requested by Pizzasmash)
|
|t:|1769317653
|teamsize|p1|6
|teamsize|p2|6
|start
|switch|p1a: Galvantula|Galvantula, F, shiny|100/100
|switch|p2a: Araquanid|Araquanid, M|100/100
|turn|1
|
|t:|1769317657
|move|p1a: Galvantula|Thunder|p2a: Araquanid
|-supereffective|p2a: Araquanid
|-damage|p2a: Araquanid|25/100
|move|p2a: Araquanid|Lunge|p1a: Galvantula
|-damage|p1a: Galvantula|47/100
|-unboost|p1a: Galvantula|atk|1
|
|upkeep
|turn|2
|
|t:|1769317666
|switch|p2a: Alex Voltanovski|Electivire, F|100/100
|move|p1a: Galvantula|Energy Ball|p2a: Alex Voltanovski
|-damage|p2a: Alex Voltanovski|69/100
|-unboost|p2a: Alex Voltanovski|spd|1
|
|upkeep
|turn|3
|
|t:|1769317677
|move|p1a: Galvantula|Sticky Web|p2a: Alex Voltanovski
|-sidestart|p2: ElectivireGoat|move: Sticky Web
|move|p2a: Alex Voltanovski|Ice Punch|p1a: Galvantula
|-damage|p1a: Galvantula|0 fnt
|faint|p1a: Galvantula
|-damage|p2a: Alex Voltanovski|59/100|[from] item: Life Orb
|
|upkeep
|
|t:|1769317703
|switch|p1a: Scizor|Scizor, M|100/100
|turn|4
|
|t:|1769317717
|switch|p2a: Serperior|Serperior, M, shiny|100/100
|-activate|p2a: Serperior|move: Sticky Web
|-boost|p2a: Serperior|spe|1
|move|p1a: Scizor|Swords Dance|p1a: Scizor
|-boost|p1a: Scizor|atk|2
|
|upkeep
|turn|5
|
|t:|1769317726
|-terastallize|p2a: Serperior|Fire
|move|p2a: Serperior|Tera Blast|p1a: Scizor|[anim] Tera Blast Fire
|-supereffective|p1a: Scizor
|-damage|p1a: Scizor|0 fnt
|faint|p1a: Scizor
|
|upkeep
|
|t:|1769317737
|switch|p1a: Garchomp|Garchomp, F, shiny|100/100
|turn|6
|
|t:|1769317765
|switch|p2a: Booster Ghold|Gholdengo|100/100
|-item|p2a: Booster Ghold|Air Balloon
|move|p1a: Garchomp|Earthquake|p2a: Booster Ghold
|-immune|p2a: Booster Ghold
|
|upkeep
|turn|7
|inactive|ElectivireGoat has 120 seconds left.
|
|t:|1769317789
|switch|p2a: Araquanid|Araquanid, M|25/100
|-activate|p2a: Araquanid|move: Sticky Web
|-unboost|p2a: Araquanid|spe|1
|move|p1a: Garchomp|Scale Shot|p2a: Araquanid
|-damage|p2a: Araquanid|9/100
|-damage|p2a: Araquanid|0 fnt
|faint|p2a: Araquanid
|-hitcount|p2: Araquanid|2
|-unboost|p1a: Garchomp|def|1
|-boost|p1a: Garchomp|spe|1
|
|upkeep
|
|t:|1769317797
|switch|p2a: Rapid Spinjitsu|Great Tusk|100/100
|-activate|p2a: Rapid Spinjitsu|move: Sticky Web
|-unboost|p2a: Rapid Spinjitsu|spe|1
|-enditem|p2a: Rapid Spinjitsu|Booster Energy
|-activate|p2a: Rapid Spinjitsu|ability: Protosynthesis|[fromitem]
|-start|p2a: Rapid Spinjitsu|protosynthesisatk
|turn|8
|inactive|ElectivireGoat has 120 seconds left.
|
|t:|1769317824
|move|p1a: Garchomp|Scale Shot|p2a: Rapid Spinjitsu
|-damage|p2a: Rapid Spinjitsu|90/100
|-damage|p2a: Rapid Spinjitsu|79/100
|-damage|p2a: Rapid Spinjitsu|69/100
|-damage|p2a: Rapid Spinjitsu|58/100
|-hitcount|p2a: Rapid Spinjitsu|4
|-unboost|p1a: Garchomp|def|1
|-boost|p1a: Garchomp|spe|1
|move|p2a: Rapid Spinjitsu|Ice Spinner|p1a: Garchomp
|-supereffective|p1a: Garchomp
|-damage|p1a: Garchomp|0 fnt
|-damage|p2a: Rapid Spinjitsu|46/100|[from] ability: Rough Skin|[of] p1a: Garchomp
|faint|p1a: Garchomp
|
|upkeep
|inactive|Pizzasmash has 120 seconds left.
|
|t:|1769317836
|switch|p1a: Skeledirge|Skeledirge, M, shiny|100/100
|turn|9
|inactive|ElectivireGoat has 120 seconds left.
|
|t:|1769317854
|move|p1a: Skeledirge|Hyper Voice|p2a: Rapid Spinjitsu
|-damage|p2a: Rapid Spinjitsu|0 fnt
|faint|p2a: Rapid Spinjitsu
|-end|p2a: Rapid Spinjitsu|Protosynthesis|[silent]
|-enditem|p1a: Skeledirge|Throat Spray
|-boost|p1a: Skeledirge|spa|1|[from] item: Throat Spray
|
|upkeep
|
|t:|1769317860
|switch|p2a: Serperior|Serperior, M, shiny, tera:Fire|100/100
|-activate|p2a: Serperior|move: Sticky Web
|-boost|p2a: Serperior|spe|1
|turn|10
|
|t:|1769317867
|move|p2a: Serperior|Glare|p1a: Skeledirge
|-status|p1a: Skeledirge|par
|move|p1a: Skeledirge|Hyper Voice|p2a: Serperior
|-damage|p2a: Serperior|17/100
|
|-heal|p2a: Serperior|23/100|[from] item: Leftovers
|upkeep
|turn|11
|inactive|ElectivireGoat has 120 seconds left.
|
|t:|1769317874
|switch|p2a: Booster Ghold|Gholdengo|100/100
|-item|p2a: Booster Ghold|Air Balloon
|move|p1a: Skeledirge|Hyper Voice|p2a: Booster Ghold
|-immune|p2a: Booster Ghold
|
|upkeep
|turn|12
|
|t:|1769317879
|move|p2a: Booster Ghold|Hex|p1a: Skeledirge
|-immune|p1a: Skeledirge
|cant|p1a: Skeledirge|par
|
|upkeep
|turn|13
|
|t:|1769317884
|move|p2a: Booster Ghold|Make It Rain|p1a: Skeledirge
|-damage|p1a: Skeledirge|0 fnt
|-unboost|p2a: Booster Ghold|spa|1
|replace|p1a: Zoroark|Zoroark-Hisui, F, shiny
|-end|p1a: Zoroark|Illusion
|faint|p1a: Zoroark
|
|upkeep
|
|t:|1769317889
|switch|p1a: Skeledirge|Skeledirge, M, shiny|100/100
|turn|14
|
|t:|1769317901
|switch|p2a: Alex Voltanovski|Electivire, F|59/100
|-activate|p2a: Alex Voltanovski|move: Sticky Web
|-unboost|p2a: Alex Voltanovski|spe|1
|move|p1a: Skeledirge|Torch Song|p2a: Alex Voltanovski
|-damage|p2a: Alex Voltanovski|2/100
|-boost|p1a: Skeledirge|spa|1
|
|upkeep
|turn|15
|
|t:|1769317905
|move|p2a: Alex Voltanovski|Earthquake|p1a: Skeledirge
|-supereffective|p1a: Skeledirge
|-damage|p1a: Skeledirge|19/100
|-damage|p2a: Alex Voltanovski|0 fnt|[from] item: Life Orb
|faint|p2a: Alex Voltanovski
|move|p1a: Skeledirge|Torch Song|p2: Alex Voltanovski|[notarget]
|-fail|p1a: Skeledirge
|
|-heal|p1a: Skeledirge|25/100|[from] item: Leftovers
|upkeep
|
|t:|1769317909
|switch|p2a: Kingambit|Kingambit, M|100/100
|-activate|p2a: Kingambit|move: Sticky Web
|-unboost|p2a: Kingambit|spe|1
|-activate|p2a: Kingambit|ability: Supreme Overlord
|-start|p2a: Kingambit|fallen3|[silent]
|turn|16
|
|t:|1769317921
|-terastallize|p1a: Skeledirge|Grass
|move|p2a: Kingambit|Sucker Punch||[still]
|-fail|p2a: Kingambit
|move|p1a: Skeledirge|Slack Off|p1a: Skeledirge
|-heal|p1a: Skeledirge|75/100
|
|-heal|p1a: Skeledirge|81/100|[from] item: Leftovers
|upkeep
|turn|17
|
|t:|1769317943
|move|p1a: Skeledirge|Torch Song|p2a: Kingambit
|-supereffective|p2a: Kingambit
|-damage|p2a: Kingambit|34/100
|-boost|p1a: Skeledirge|spa|1
|move|p2a: Kingambit|Kowtow Cleave|p1a: Skeledirge
|-damage|p1a: Skeledirge|35/100
|
|-heal|p1a: Skeledirge|42/100|[from] item: Leftovers
|upkeep
|turn|18
|
|t:|1769317946
|move|p2a: Kingambit|Sucker Punch||[still]
|-fail|p2a: Kingambit
|move|p1a: Skeledirge|Slack Off|p1a: Skeledirge
|-heal|p1a: Skeledirge|92/100
|
|-heal|p1a: Skeledirge|98/100|[from] item: Leftovers
|upkeep
|turn|19
|
|t:|1769317952
|move|p2a: Kingambit|Sucker Punch|p1a: Skeledirge
|-damage|p1a: Skeledirge|59/100
|move|p1a: Skeledirge|Torch Song|p2a: Kingambit
|-supereffective|p2a: Kingambit
|-damage|p2a: Kingambit|0 fnt
|-boost|p1a: Skeledirge|spa|1
|faint|p2a: Kingambit
|-end|p2a: Kingambit|fallen3|[silent]
|
|-heal|p1a: Skeledirge|66/100|[from] item: Leftovers
|upkeep
|
|t:|1769317958
|switch|p2a: Serperior|Serperior, M, shiny, tera:Fire|23/100
|-activate|p2a: Serperior|move: Sticky Web
|-boost|p2a: Serperior|spe|1
|turn|20
|
|t:|1769317967
|switch|p1a: Garganacl|Garganacl, M|100/100
|move|p2a: Serperior|Glare|p1a: Garganacl
|-immune|p1a: Garganacl|[from] ability: Purifying Salt
|
|-heal|p2a: Serperior|29/100|[from] item: Leftovers
|upkeep
|turn|21
|
|t:|1769317979
|switch|p2a: Booster Ghold|Gholdengo|100/100
|-item|p2a: Booster Ghold|Air Balloon
|move|p1a: Garganacl|Salt Cure|p2a: Booster Ghold
|-resisted|p2a: Booster Ghold
|-damage|p2a: Booster Ghold|95/100
|-start|p2a: Booster Ghold|Salt Cure
|-enditem|p2a: Booster Ghold|Air Balloon
|
|-damage|p2a: Booster Ghold|70/100|[from] Salt Cure
|upkeep
|turn|22
|
|t:|1769317986
|switch|p1a: Skeledirge|Skeledirge, M, shiny, tera:Grass|66/100
|move|p2a: Booster Ghold|Make It Rain|p1a: Skeledirge
|-damage|p1a: Skeledirge|1/100
|-unboost|p2a: Booster Ghold|spa|1
|
|-heal|p1a: Skeledirge|8/100|[from] item: Leftovers
|-damage|p2a: Booster Ghold|45/100|[from] Salt Cure
|upkeep
|turn|23
|
|t:|1769318001
|switch|p2a: Serperior|Serperior, M, shiny, tera:Fire|29/100
|-activate|p2a: Serperior|move: Sticky Web
|-boost|p2a: Serperior|spe|1
|move|p1a: Skeledirge|Slack Off|p1a: Skeledirge
|-heal|p1a: Skeledirge|58/100
|
|-heal|p2a: Serperior|35/100|[from] item: Leftovers
|-heal|p1a: Skeledirge|64/100|[from] item: Leftovers
|upkeep
|turn|24
|
|t:|1769318014
|move|p2a: Serperior|Tera Blast|p1a: Skeledirge|[anim] Tera Blast Fire
|-supereffective|p1a: Skeledirge
|-damage|p1a: Skeledirge|0 fnt
|faint|p1a: Skeledirge
|
|-heal|p2a: Serperior|41/100|[from] item: Leftovers
|upkeep
|
|t:|1769318016
|switch|p1a: Garganacl|Garganacl, M|100/100
|turn|25
|
|t:|1769318020
|move|p2a: Serperior|Leaf Storm|p1a: Garganacl
|-supereffective|p1a: Garganacl
|-damage|p1a: Garganacl|30/100
|-boost|p2a: Serperior|spa|2
|move|p1a: Garganacl|Salt Cure|p2a: Serperior
|-supereffective|p2a: Serperior
|-damage|p2a: Serperior|8/100
|-start|p2a: Serperior|Salt Cure
|
|-heal|p2a: Serperior|15/100|[from] item: Leftovers
|-heal|p1a: Garganacl|36/100|[from] item: Leftovers
|-damage|p2a: Serperior|2/100|[from] Salt Cure
|upkeep
|turn|26
|-message|Pizzasmash forfeited.
|
|win|ElectivireGoat
|raw|Pizzasmash's rating: 1357 &rarr; <strong>1336</strong><br />(-21 for losing)
|raw|ElectivireGoat's rating: 1332 &rarr; <strong>1353</strong><br />(+21 for winning)
|l|☆Pizzasmash
|player|p1|
|l|☆ElectivireGoat
|player|p2|
