|j|☆topmanbladee
|j|☆Davetron3030
|t:|1769383634
|gametype|singles
|player|p1|topmanbladee|170|1667
|player|p2|Davetron3030|dancer|1660
|gen|9
|tier|[Gen 9] OU
|rated|
|rule|HP Percentage Mod: HP is shown in percentages
|rule|Endless Battle Clause: Forcing endless battles is banned
|rule|Species Clause: Limit one of each Pokémon
|rule|OHKO Clause: OHKO moves are banned
|rule|Evasion Items Clause: Evasion items are banned
|rule|Evasion Moves Clause: Evasion moves are banned
|rule|Evasion Abilities Clause: Evasion abilities are banned
|rule|Sleep Moves Clause: Sleep-inducing moves are banned
|clearpoke
|poke|p1|Kyurem|
|poke|p1|Cinderace, F|
|poke|p1|Tornadus-Therian, M|
|poke|p1|Hatterene, F|
|poke|p1|Great Tusk|
|poke|p1|Kingambit, F|
|poke|p2|Garchomp, F|
|poke|p2|Gholdengo|
|poke|p2|Iron Crown|
|poke|p2|Iron Valiant|
|poke|p2|Ogerpon-Cornerstone, F|
|poke|p2|Zapdos-Galar|
|teampreview
|inactive|Battle timer is ON: inactive players will automatically lose when time's up. (requested by topmanbladee)
|
|t:|1769383639
|teamsize|p1|6
|teamsize|p2|6
|start
|switch|p1a: Cinderace|Cinderace, F|100/100
|switch|p2a: Zapdos|Zapdos-Galar|100/100
|turn|1
|
|t:|1769383648
|switch|p1a: Hatterene|Hatterene, F|100/100
|-terastallize|p2a: Zapdos|Flying
|move|p2a: Zapdos|Brave Bird|p1a: Hatterene
|-damage|p1a: Hatterene|36/100
|-damage|p2a: Zapdos|80/100|[from] Recoil
|
|-heal|p1a: Hatterene|42/100|[from] item: Leftovers
|upkeep
|turn|2
|
|t:|1769383662
|switch|p1a: Kingambit|Kingambit, F|100/100
|move|p2a: Zapdos|Brave Bird|p1a: Kingambit
|-resisted|p1a: Kingambit
|-damage|p1a: Kingambit|70/100
|-damage|p2a: Zapdos|67/100|[from] Recoil
|
|-heal|p1a: Kingambit|76/100|[from] item: Leftovers
|upkeep
|turn|3
|
|t:|1769383672
|switch|p2a: Garchomp|Garchomp, F|100/100
|-end|p1a: Kingambit|fallenundefined|[silent]
|switch|p1a: Kyurem|Kyurem|100/100
|-ability|p1a: Kyurem|Pressure
|
|upkeep
|turn|4
|
|t:|1769383681
|switch|p2a: Iron Crown|Iron Crown|100/100
|move|p1a: Kyurem|Ice Beam|p2a: Iron Crown
|-resisted|p2a: Iron Crown
|-damage|p2a: Iron Crown|75/100
|
|upkeep
|turn|5
|
|t:|1769383690
|switch|p1a: Tornadus|Tornadus-Therian, M|100/100
|move|p2a: Iron Crown|Volt Switch|p1a: Tornadus
|-supereffective|p1a: Tornadus
|-damage|p1a: Tornadus|68/100
|
|t:|1769383698
|-end|p2a: Iron Crown|Quark Drive|[silent]
|switch|p2a: Zapdos|Zapdos-Galar, tera:Flying|67/100|[from] Volt Switch
|
|upkeep
|turn|6
|
|t:|1769383704
|switch|p1a: Kingambit|Kingambit, F|76/100
|move|p2a: Zapdos|Brave Bird|p1a: Kingambit
|-resisted|p1a: Kingambit
|-damage|p1a: Kingambit|44/100
|-damage|p2a: Zapdos|54/100|[from] Recoil
|
|-heal|p1a: Kingambit|50/100|[from] item: Leftovers
|upkeep
|turn|7
|
|t:|1769383722
|switch|p2a: Garchomp|Garchomp, F|100/100
|-end|p1a: Kingambit|fallenundefined|[silent]
|switch|p1a: Hatterene|Hatterene, F|42/100
|
|-heal|p1a: Hatterene|48/100|[from] item: Leftovers
|upkeep
|turn|8
|
|t:|1769383730
|move|p2a: Garchomp|Earthquake|p1a: Hatterene
|-damage|p1a: Hatterene|13/100
|move|p1a: Hatterene|Draining Kiss|p2a: Garchomp
|-supereffective|p2a: Garchomp
|-damage|p2a: Garchomp|62/100
|-heal|p1a: Hatterene|52/100|[from] drain|[of] p2a: Garchomp
|-damage|p1a: Hatterene|39/100|[from] ability: Rough Skin|[of] p2a: Garchomp
|-damage|p1a: Hatterene|23/100|[from] item: Rocky Helmet|[of] p2a: Garchomp
|
|-heal|p1a: Hatterene|29/100|[from] item: Leftovers
|upkeep
|turn|9
|
|t:|1769383742
|switch|p1a: Tornadus|Tornadus-Therian, M|100/100
|move|p2a: Garchomp|Earthquake|p1a: Tornadus
|-immune|p1a: Tornadus
|
|upkeep
|turn|10
|
|t:|1769383750
|move|p1a: Tornadus|Bleakwind Storm|p2a: Garchomp|[miss]
|-miss|p1a: Tornadus|p2a: Garchomp
|move|p2a: Garchomp|Stone Edge|p1a: Tornadus|[miss]
|-miss|p2a: Garchomp|p1a: Tornadus
|
|upkeep
|turn|11
|
|t:|1769383759
|switch|p1a: Great Tusk|Great Tusk|100/100
|move|p2a: Garchomp|Stealth Rock|p1a: Great Tusk
|-sidestart|p1: topmanbladee|move: Stealth Rock
|
|upkeep
|turn|12
|j| Box Scammer
|l| Box Scammer
|
|t:|1769383772
|move|p1a: Great Tusk|Ice Spinner|p2a: Garchomp
|-supereffective|p2a: Garchomp
|-damage|p2a: Garchomp|6/100
|-damage|p1a: Great Tusk|88/100|[from] ability: Rough Skin|[of] p2a: Garchomp
|-damage|p1a: Great Tusk|71/100|[from] item: Rocky Helmet|[of] p2a: Garchomp
|move|p2a: Garchomp|Dragon Tail|p1a: Great Tusk
|-damage|p1a: Great Tusk|55/100
|-damage|p2a: Garchomp|0 fnt|[from] item: Rocky Helmet|[of] p1a: Great Tusk
|faint|p2a: Garchomp
|-end|p1a: Great Tusk|Protosynthesis|[silent]
|drag|p1a: Kyurem|Kyurem|100/100
|-damage|p1a: Kyurem|76/100|[from] Stealth Rock
|-ability|p1a: Kyurem|Pressure
|
|upkeep
|
|t:|1769383791
|switch|p2a: Zapdos|Zapdos-Galar, tera:Flying|54/100
|turn|13
|
|t:|1769383803
|-terastallize|p1a: Kyurem|Fairy
|move|p2a: Zapdos|Thunderous Kick|p1a: Kyurem
|-resisted|p1a: Kyurem
|-damage|p1a: Kyurem|55/100
|-unboost|p1a: Kyurem|def|1
|move|p1a: Kyurem|Ice Beam|p2a: Zapdos
|-supereffective|p2a: Zapdos
|-damage|p2a: Zapdos|0 fnt
|faint|p2a: Zapdos
|
|upkeep
|
|t:|1769383822
|switch|p2a: Iron Crown|Iron Crown|75/100
|turn|14
|
|t:|1769383837
|switch|p1a: Tornadus|Tornadus-Therian, M|100/100
|-damage|p1a: Tornadus|76/100|[from] Stealth Rock
|move|p2a: Iron Crown|Focus Blast|p1a: Tornadus|[miss]
|-miss|p2a: Iron Crown|p1a: Tornadus
|
|upkeep
|turn|15
|
|t:|1769383848
|move|p1a: Tornadus|Heat Wave|p2a: Iron Crown|[miss]
|-miss|p1a: Tornadus|p2a: Iron Crown
|move|p2a: Iron Crown|Tachyon Cutter|p1a: Tornadus
|-damage|p1a: Tornadus|60/100
|-damage|p1a: Tornadus|44/100
|-hitcount|p1a: Tornadus|2
|
|upkeep
|turn|16
|
|t:|1769383858
|move|p1a: Tornadus|Knock Off|p2a: Iron Crown
|-supereffective|p2a: Iron Crown
|-damage|p2a: Iron Crown|30/100
|-enditem|p2a: Iron Crown|Assault Vest|[from] move: Knock Off|[of] p1a: Tornadus
|move|p2a: Iron Crown|Tachyon Cutter|p1a: Tornadus
|-damage|p1a: Tornadus|27/100
|-damage|p1a: Tornadus|10/100
|-hitcount|p1a: Tornadus|2
|
|upkeep
|turn|17
|
|t:|1769383868
|move|p1a: Tornadus|Heat Wave|p2a: Iron Crown
|-supereffective|p2a: Iron Crown
|-damage|p2a: Iron Crown|0 fnt
|faint|p2a: Iron Crown
|-end|p2a: Iron Crown|Quark Drive|[silent]
|
|upkeep
|
|t:|1769383874
|switch|p2a: Iron Valiant|Iron Valiant|100/100
|turn|18
|j| FirstLightSoulja
|
|t:|1769383881
|move|p1a: Tornadus|Bleakwind Storm|p2a: Iron Valiant
|-supereffective|p2a: Iron Valiant
|-damage|p2a: Iron Valiant|0 fnt
|faint|p2a: Iron Valiant
|-end|p2a: Iron Valiant|Quark Drive|[silent]
|
|upkeep
|-message|Davetron3030 forfeited.
|
|win|topmanbladee
|raw|topmanbladee's rating: 1667 &rarr; <strong>1687</strong><br />(+20 for winning)
|raw|Davetron3030's rating: 1660 &rarr; <strong>1640</strong><br />(-20 for losing)
|l|☆Davetron3030
|player|p2|
|l|☆topmanbladee
|player|p1|
|l| FirstLightSoulja
