|j|☆BIG NlGER RAPlST
|j|☆Timbred
|t:|1769341501
|gametype|singles
|player|p1|BIG NlGER RAPlST|101|1322
|player|p2|Timbred|byron|1380
|gen|9
|tier|[Gen 9] OU
|rated|
|rule|HP Percentage Mod: HP is shown in percentages
|rule|Endless Battle Clause: Forcing endless battles is banned
|rule|Species Clause: Limit one of each Pokémon
|rule|OHKO Clause: OHKO moves are banned
|rule|Evasion Items Clause: Evasion items are banned
|rule|Evasion Moves Clause: Evasion moves are banned
|rule|Evasion Abilities Clause: Evasion abilities are banned
|rule|Sleep Moves Clause: Sleep-inducing moves are banned
|clearpoke
|poke|p1|Barraskewda, M|
|poke|p1|Iron Treads|
|poke|p1|Hatterene, F|
|poke|p1|Zapdos|
|poke|p1|Pelipper, M|
|poke|p1|Toxicroak, F|
|poke|p2|Ninetales-Alola, M|
|poke|p2|Mandibuzz, F|
|poke|p2|Clodsire, M|
|poke|p2|Jirachi|
|poke|p2|Grafaiai, F|
|poke|p2|Ursaluna, F|
|teampreview
|
|t:|1769341511
|teamsize|p1|6
|teamsize|p2|6
|start
|switch|p1a: Pelipper|Pelipper, M, shiny|100/100
|switch|p2a: selling tail $4|Grafaiai, F|100/100
|-weather|RainDance|[from] ability: Drizzle|[of] p1a: Pelipper
|turn|1
|
|t:|1769341522
|switch|p1a: Toxicroak|Toxicroak, F, shiny|100/100
|move|p2a: selling tail $4|Switcheroo|p1a: Toxicroak
|-activate|p2a: selling tail $4|move: Trick|[of] p1a: Toxicroak
|-item|p1a: Toxicroak|Choice Scarf|[from] move: Switcheroo
|-item|p2a: selling tail $4|Rocky Helmet|[from] move: Switcheroo
|
|-weather|RainDance|[upkeep]
|upkeep
|turn|2
|
|t:|1769341531
|move|p2a: selling tail $4|Super Fang|p1a: Toxicroak
|-damage|p1a: Toxicroak|50/100
|move|p1a: Toxicroak|Knock Off|p2a: selling tail $4
|-damage|p2a: selling tail $4|67/100
|-damage|p1a: Toxicroak|34/100|[from] item: Rocky Helmet|[of] p2a: selling tail $4
|-enditem|p2a: selling tail $4|Rocky Helmet|[from] move: Knock Off|[of] p1a: Toxicroak
|
|-weather|RainDance|[upkeep]
|-heal|p1a: Toxicroak|46/100|[from] ability: Dry Skin
|upkeep
|turn|3
|
|t:|1769341540
|switch|p2a: im missing a tail|Ninetales-Alola, M|100/100
|-weather|Snowscape|[from] ability: Snow Warning|[of] p2a: im missing a tail
|move|p1a: Toxicroak|Knock Off|p2a: im missing a tail
|-resisted|p2a: im missing a tail
|-damage|p2a: im missing a tail|91/100
|-enditem|p2a: im missing a tail|Light Clay|[from] move: Knock Off|[of] p1a: Toxicroak
|
|-weather|Snowscape|[upkeep]
|upkeep
|turn|4
|
|t:|1769341555
|switch|p2a: selling tail $4|Grafaiai, F|67/100
|switch|p1a: Iron Treads|Iron Treads, shiny|100/100
|
|-weather|Snowscape|[upkeep]
|upkeep
|turn|5
|
|t:|1769341570
|move|p2a: selling tail $4|Parting Shot|p1a: Iron Treads
|-unboost|p1a: Iron Treads|atk|1
|-unboost|p1a: Iron Treads|spa|1
|
|t:|1769341573
|switch|p2a: finger lickin good|Mandibuzz, F|100/100|[from] Parting Shot
|move|p1a: Iron Treads|Stealth Rock|p2a: finger lickin good
|-sidestart|p2: Timbred|move: Stealth Rock
|
|-weather|Snowscape|[upkeep]
|upkeep
|turn|6
|
|t:|1769341579
|move|p1a: Iron Treads|Volt Switch|p2a: finger lickin good
|-supereffective|p2a: finger lickin good
|-damage|p2a: finger lickin good|90/100
|
|t:|1769341587
|-end|p1a: Iron Treads|Quark Drive|[silent]
|switch|p1a: Hatterene|Hatterene, F, shiny|100/100|[from] Volt Switch
|move|p2a: finger lickin good|Defog|p1a: Hatterene
|move|p1a: Hatterene|Defog|p2a: finger lickin good|[from] ability: Magic Bounce
|-unboost|p2a: finger lickin good|evasion|1
|-sideend|p2: Timbred|Stealth Rock|[from] move: Defog|[of] p1a: Hatterene
|
|-weather|Snowscape|[upkeep]
|upkeep
|turn|7
|
|t:|1769341596
|switch|p2a: selling tail $4|Grafaiai, F|67/100
|move|p1a: Hatterene|Psychic Noise|p2a: selling tail $4
|-supereffective|p2a: selling tail $4
|-damage|p2a: selling tail $4|0 fnt
|faint|p2a: selling tail $4
|
|-weather|none
|upkeep
|
|t:|1769341608
|switch|p2a: kangz rock|Jirachi|100/100
|turn|8
|
|t:|1769341612
|switch|p1a: Pelipper|Pelipper, M, shiny|100/100
|-weather|RainDance|[from] ability: Drizzle|[of] p1a: Pelipper
|move|p2a: kangz rock|Cosmic Power|p2a: kangz rock
|-boost|p2a: kangz rock|def|1
|-boost|p2a: kangz rock|spd|1
|
|-weather|RainDance|[upkeep]
|upkeep
|turn|9
|
|t:|1769341619
|move|p2a: kangz rock|Wish|p2a: kangz rock
|move|p1a: Pelipper|U-turn|p2a: kangz rock
|-damage|p2a: kangz rock|96/100
|
|t:|1769341628
|switch|p1a: Hatterene|Hatterene, F, shiny|100/100|[from] U-turn
|
|-weather|RainDance|[upkeep]
|upkeep
|turn|10
|
|t:|1769341637
|move|p2a: kangz rock|Cosmic Power|p2a: kangz rock
|-boost|p2a: kangz rock|def|1
|-boost|p2a: kangz rock|spd|1
|move|p1a: Hatterene|Nuzzle|p2a: kangz rock
|-damage|p2a: kangz rock|94/100
|-status|p2a: kangz rock|par
|
|-weather|RainDance|[upkeep]
|-heal|p2a: kangz rock|100/100 par|[from] move: Wish|[wisher] kangz rock
|upkeep
|turn|11
|
|t:|1769341646
|switch|p1a: Toxicroak|Toxicroak, F, shiny|46/100
|move|p2a: kangz rock|Cosmic Power|p2a: kangz rock
|-boost|p2a: kangz rock|def|1
|-boost|p2a: kangz rock|spd|1
|
|-weather|RainDance|[upkeep]
|-heal|p1a: Toxicroak|59/100|[from] ability: Dry Skin
|upkeep
|turn|12
|
|t:|1769341654
|move|p1a: Toxicroak|Encore|p2a: kangz rock
|-start|p2a: kangz rock|Encore
|move|p2a: kangz rock|Cosmic Power|p2a: kangz rock
|-boost|p2a: kangz rock|def|1
|-boost|p2a: kangz rock|spd|1
|
|-weather|RainDance|[upkeep]
|-heal|p1a: Toxicroak|71/100|[from] ability: Dry Skin
|upkeep
|turn|13
|
|t:|1769341666
|switch|p1a: Barraskewda|Barraskewda, M, shiny|100/100
|switch|p2a: WHS Bear|Ursaluna, F|100/100
|
|-weather|RainDance|[upkeep]
|-status|p2a: WHS Bear|brn|[from] item: Flame Orb
|upkeep
|turn|14
|
|t:|1769341679
|switch|p2a: im missing a tail|Ninetales-Alola, M|91/100
|-weather|Snowscape|[from] ability: Snow Warning|[of] p2a: im missing a tail
|move|p1a: Barraskewda|Flip Turn|p2a: im missing a tail
|-damage|p2a: im missing a tail|54/100
|
|t:|1769341682
|switch|p1a: Pelipper|Pelipper, M, shiny|100/100|[from] Flip Turn
|-weather|RainDance|[from] ability: Drizzle|[of] p1a: Pelipper
|
|-weather|RainDance|[upkeep]
|upkeep
|turn|15
|
|t:|1769341698
|switch|p2a: WHS Bear|Ursaluna, F|100/100 brn
|switch|p1a: Iron Treads|Iron Treads, shiny|100/100
|
|-weather|RainDance|[upkeep]
|-damage|p2a: WHS Bear|94/100 brn|[from] brn
|upkeep
|turn|16
|
|t:|1769341713
|move|p1a: Iron Treads|Stealth Rock|p2a: WHS Bear
|-sidestart|p2: Timbred|move: Stealth Rock
|move|p2a: WHS Bear|Facade|p1a: Iron Treads
|-resisted|p1a: Iron Treads
|-damage|p1a: Iron Treads|53/100
|
|-weather|RainDance|[upkeep]
|-heal|p1a: Iron Treads|59/100|[from] item: Leftovers
|-damage|p2a: WHS Bear|88/100 brn|[from] brn
|upkeep
|turn|17
|
|t:|1769341722
|move|p1a: Iron Treads|Earthquake|p2a: WHS Bear
|-damage|p2a: WHS Bear|63/100 brn
|move|p2a: WHS Bear|Earthquake|p1a: Iron Treads
|-supereffective|p1a: Iron Treads
|-damage|p1a: Iron Treads|0 fnt
|faint|p1a: Iron Treads
|-end|p1a: Iron Treads|Quark Drive|[silent]
|
|-weather|RainDance|[upkeep]
|-damage|p2a: WHS Bear|57/100 brn|[from] brn
|upkeep
|
|t:|1769341728
|switch|p1a: Barraskewda|Barraskewda, M, shiny|100/100
|turn|18
|
|t:|1769341735
|move|p1a: Barraskewda|Flip Turn|p2a: WHS Bear
|-supereffective|p2a: WHS Bear
|-crit|p2a: WHS Bear
|-damage|p2a: WHS Bear|0 fnt
|faint|p2a: WHS Bear
|
|t:|1769341742
|switch|p1a: Toxicroak|Toxicroak, F, shiny|71/100|[from] Flip Turn
|
|-weather|RainDance|[upkeep]
|-heal|p1a: Toxicroak|84/100|[from] ability: Dry Skin
|upkeep
|-message|Timbred forfeited.
|
|win|BIG NlGER RAPlST
|raw|BIG NlGER RAPlST's rating: 1322 &rarr; <strong>1345</strong><br />(+23 for winning)
|raw|Timbred's rating: 1380 &rarr; <strong>1357</strong><br />(-23 for losing)
|l|☆Timbred
|player|p2|
