|j|☆AtrociousApplin
|j|☆UnregisteredFaiv
|t:|1769324223
|gametype|singles
|player|p1|AtrociousApplin|youngster-gen4dp|1167
|player|p2|UnregisteredFaiv|klara|1142
|gen|9
|tier|[Gen 9] OU
|rated|
|rule|HP Percentage Mod: HP is shown in percentages
|rule|Endless Battle Clause: Forcing endless battles is banned
|rule|Species Clause: Limit one of each Pokémon
|rule|OHKO Clause: OHKO moves are banned
|rule|Evasion Items Clause: Evasion items are banned
|rule|Evasion Moves Clause: Evasion moves are banned
|rule|Evasion Abilities Clause: Evasion abilities are banned
|rule|Sleep Moves Clause: Sleep-inducing moves are banned
|clearpoke
|poke|p1|Dragonite, M|
|poke|p1|Ceruledge, M|
|poke|p1|Meowscarada, F|
|poke|p1|Greninja-*, M|
|poke|p1|Iron Treads|
|poke|p1|Iron Boulder|
|poke|p2|Barraskewda, F|
|poke|p2|Gallade, M|
|poke|p2|Clefable, M|
|poke|p2|Corviknight, M|
|poke|p2|Zapdos|
|poke|p2|Zamazenta-*|
|teampreview
|inactive|Battle timer is ON: inactive players will automatically lose when time's up. (requested by UnregisteredFaiv)
|inactive|AtrociousApplin also wants the timer to be on.
|inactive|UnregisteredFaiv has 120 seconds left.
|
|t:|1769324270
|teamsize|p1|6
|teamsize|p2|6
|start
|switch|p1a: Nyx|Meowscarada, F|100/100
|switch|p2a: Barraskewda|Barraskewda, F|100/100
|turn|1
|
|t:|1769324279
|move|p2a: Barraskewda|Close Combat|p1a: Nyx
|-supereffective|p1a: Nyx
|-damage|p1a: Nyx|0 fnt
|-unboost|p2a: Barraskewda|def|1
|-unboost|p2a: Barraskewda|spd|1
|faint|p1a: Nyx
|
|upkeep
|
|t:|1769324289
|switch|p1a: Dragon Dance|Dragonite, M|100/100
|turn|2
|
|t:|1769324294
|switch|p2a: Zapdos|Zapdos|100/100
|-ability|p2a: Zapdos|Pressure
|move|p1a: Dragon Dance|Dragon Dance|p1a: Dragon Dance
|-boost|p1a: Dragon Dance|atk|1
|-boost|p1a: Dragon Dance|spe|1
|
|upkeep
|turn|3
|
|t:|1769324308
|-terastallize|p1a: Dragon Dance|Ground
|move|p1a: Dragon Dance|Dragon Claw|p2a: Zapdos
|-damage|p2a: Zapdos|10/100
|move|p2a: Zapdos|Thunderbolt|p1a: Dragon Dance
|-immune|p1a: Dragon Dance
|
|upkeep
|turn|4
|inactive|UnregisteredFaiv has 120 seconds left.
|inactive|UnregisteredFaiv has 90 seconds left.
|inactive|UnregisteredFaiv has 60 seconds left.
|c|☆UnregisteredFaiv|Oh
|
|t:|1769324403
|move|p1a: Dragon Dance|Extreme Speed|p2a: Zapdos
|-damage|p2a: Zapdos|0 fnt
|faint|p2a: Zapdos
|
|upkeep
|
|t:|1769324417
|switch|p2a: Zamazenta|Zamazenta|100/100
|-ability|p2a: Zamazenta|Dauntless Shield|boost
|-boost|p2a: Zamazenta|def|1
|turn|5
|
|t:|1769324435
|move|p1a: Dragon Dance|Earthquake|p2a: Zamazenta
|-damage|p2a: Zamazenta|52/100
|move|p2a: Zamazenta|Iron Defense|p2a: Zamazenta
|-boost|p2a: Zamazenta|def|2
|
|-heal|p2a: Zamazenta|58/100|[from] item: Leftovers
|upkeep
|turn|6
|
|t:|1769324445
|switch|p1a: Too good 4 UU|Greninja, M|100/100
|move|p2a: Zamazenta|Body Press|p1a: Too good 4 UU
|-supereffective|p1a: Too good 4 UU
|-damage|p1a: Too good 4 UU|0 fnt
|faint|p1a: Too good 4 UU
|
|-heal|p2a: Zamazenta|64/100|[from] item: Leftovers
|upkeep
|c|☆UnregisteredFaiv|Stay in UU
|c|☆AtrociousApplin|lol
|
|t:|1769324462
|switch|p1a: Rutger|Ceruledge, M|100/100
|turn|7
|
|t:|1769324472
|move|p2a: Zamazenta|Play Rough|p1a: Rutger
|-resisted|p1a: Rutger
|-damage|p1a: Rutger|78/100
|-ability|p1a: Rutger|Weak Armor|boost
|-unboost|p1a: Rutger|def|1
|-boost|p1a: Rutger|spe|2
|move|p1a: Rutger|Poltergeist|p2a: Zamazenta
|-activate|p2a: Zamazenta|move: Poltergeist|Leftovers
|-damage|p2a: Zamazenta|44/100
|
|-heal|p2a: Zamazenta|50/100|[from] item: Leftovers
|upkeep
|turn|8
|
|t:|1769324484
|move|p1a: Rutger|Bitter Blade|p2a: Zamazenta
|-damage|p2a: Zamazenta|34/100
|-heal|p1a: Rutger|87/100|[from] drain|[of] p2a: Zamazenta
|move|p2a: Zamazenta|Play Rough|p1a: Rutger|[miss]
|-miss|p2a: Zamazenta|p1a: Rutger
|
|-heal|p2a: Zamazenta|40/100|[from] item: Leftovers
|upkeep
|turn|9
|c|☆UnregisteredFaiv|WHAT
|
|t:|1769324494
|move|p1a: Rutger|Bitter Blade|p2a: Zamazenta
|-damage|p2a: Zamazenta|22/100
|-heal|p1a: Rutger|97/100|[from] drain|[of] p2a: Zamazenta
|move|p2a: Zamazenta|Iron Defense|p2a: Zamazenta
|-boost|p2a: Zamazenta|def|2
|
|-heal|p2a: Zamazenta|28/100|[from] item: Leftovers
|upkeep
|turn|10
|
|t:|1769324502
|move|p1a: Rutger|Bitter Blade|p2a: Zamazenta
|-damage|p2a: Zamazenta|17/100
|-heal|p1a: Rutger|100/100|[from] drain|[of] p2a: Zamazenta
|move|p2a: Zamazenta|Play Rough|p1a: Rutger
|-resisted|p1a: Rutger
|-damage|p1a: Rutger|64/100
|-ability|p1a: Rutger|Weak Armor|boost
|-unboost|p1a: Rutger|def|1
|-boost|p1a: Rutger|spe|2
|
|-heal|p2a: Zamazenta|24/100|[from] item: Leftovers
|upkeep
|turn|11
|
|t:|1769324513
|move|p1a: Rutger|Bitter Blade|p2a: Zamazenta
|-damage|p2a: Zamazenta|12/100
|-heal|p1a: Rutger|71/100|[from] drain|[of] p2a: Zamazenta
|move|p2a: Zamazenta|Play Rough|p1a: Rutger|[miss]
|-miss|p2a: Zamazenta|p1a: Rutger
|
|-heal|p2a: Zamazenta|18/100|[from] item: Leftovers
|upkeep
|turn|12
|c|☆UnregisteredFaiv|Oh my
|
|t:|1769324530
|move|p1a: Rutger|Bitter Blade|p2a: Zamazenta
|-damage|p2a: Zamazenta|8/100
|-heal|p1a: Rutger|76/100|[from] drain|[of] p2a: Zamazenta
|move|p2a: Zamazenta|Play Rough|p1a: Rutger
|-resisted|p1a: Rutger
|-damage|p1a: Rutger|33/100
|-ability|p1a: Rutger|Weak Armor|boost
|-unboost|p1a: Rutger|def|1
|-boost|p1a: Rutger|spe|2
|
|-heal|p2a: Zamazenta|14/100|[from] item: Leftovers
|upkeep
|turn|13
|
|t:|1769324544
|move|p1a: Rutger|Poltergeist|p2a: Zamazenta
|-activate|p2a: Zamazenta|move: Poltergeist|Leftovers
|-damage|p2a: Zamazenta|0 fnt
|faint|p2a: Zamazenta
|
|upkeep
|
|t:|1769324555
|switch|p2a: Clefable|Clefable, M|100/100
|turn|14
|
|t:|1769324560
|move|p1a: Rutger|Bitter Blade|p2a: Clefable
|-damage|p2a: Clefable|54/100
|-heal|p1a: Rutger|63/100|[from] drain|[of] p2a: Clefable
|move|p2a: Clefable|Knock Off|p1a: Rutger
|-supereffective|p1a: Rutger
|-damage|p1a: Rutger|15/100
|-ability|p1a: Rutger|Weak Armor|boost
|-unboost|p1a: Rutger|def|1
|-enditem|p1a: Rutger|Expert Belt|[from] move: Knock Off|[of] p2a: Clefable
|
|-heal|p2a: Clefable|60/100|[from] item: Leftovers
|upkeep
|turn|15
|c|☆UnregisteredFaiv|oml I have nothing for this
|
|t:|1769324584
|switch|p2a: Gallade|Gallade, M|100/100
|move|p1a: Rutger|Bitter Blade|p2a: Gallade
|-damage|p2a: Gallade|25/100
|-heal|p1a: Rutger|51/100|[from] drain|[of] p2a: Gallade
|
|upkeep
|turn|16
|
|t:|1769324592
|move|p1a: Rutger|Bitter Blade|p2a: Gallade
|-damage|p2a: Gallade|0 fnt
|-heal|p1a: Rutger|63/100|[from] drain|[of] p2a: Gallade
|faint|p2a: Gallade
|
|upkeep
|
|t:|1769324598
|switch|p2a: Barraskewda|Barraskewda, F|100/100
|turn|17
|
|t:|1769324606
|move|p1a: Rutger|Poltergeist|p2a: Barraskewda
|-activate|p2a: Barraskewda|move: Poltergeist|Choice Band
|-damage|p2a: Barraskewda|0 fnt
|faint|p2a: Barraskewda
|
|upkeep
|inactive|UnregisteredFaiv has 120 seconds left.
|c|☆UnregisteredFaiv|corvi save me
|
|t:|1769324615
|switch|p2a: Corviknight|Corviknight, M|100/100
|-ability|p2a: Corviknight|Pressure
|turn|18
|
|t:|1769324621
|-terastallize|p2a: Corviknight|Dark
|move|p1a: Rutger|Bitter Blade|p2a: Corviknight
|-damage|p2a: Corviknight|68/100
|-heal|p1a: Rutger|85/100|[from] drain|[of] p2a: Corviknight
|move|p2a: Corviknight|Bulk Up|p2a: Corviknight
|-boost|p2a: Corviknight|atk|1
|-boost|p2a: Corviknight|def|1
|
|-heal|p2a: Corviknight|74/100|[from] item: Leftovers
|upkeep
|turn|19
|
|t:|1769324635
|move|p1a: Rutger|Swords Dance|p1a: Rutger
|-boost|p1a: Rutger|atk|2
|move|p2a: Corviknight|Bulk Up|p2a: Corviknight
|-boost|p2a: Corviknight|atk|1
|-boost|p2a: Corviknight|def|1
|
|-heal|p2a: Corviknight|80/100|[from] item: Leftovers
|upkeep
|turn|20
|
|t:|1769324647
|move|p1a: Rutger|Swords Dance|p1a: Rutger
|-boost|p1a: Rutger|atk|2
|move|p2a: Corviknight|Power Trip|p1a: Rutger
|-supereffective|p1a: Rutger
|-damage|p1a: Rutger|0 fnt
|faint|p1a: Rutger
|
|-heal|p2a: Corviknight|86/100|[from] item: Leftovers
|upkeep
|
|t:|1769324664
|switch|p1a: Treadmill|Iron Treads|100/100
|-enditem|p1a: Treadmill|Booster Energy
|-activate|p1a: Treadmill|ability: Quark Drive|[fromitem]
|-start|p1a: Treadmill|quarkdrivespe
|turn|21
|
|t:|1769324675
|move|p1a: Treadmill|Earthquake|p2a: Corviknight
|-damage|p2a: Corviknight|69/100
|move|p2a: Corviknight|Bulk Up|p2a: Corviknight
|-boost|p2a: Corviknight|atk|1
|-boost|p2a: Corviknight|def|1
|
|-heal|p2a: Corviknight|75/100|[from] item: Leftovers
|upkeep
|turn|22
|
|t:|1769324685
|move|p1a: Treadmill|Iron Head|p2a: Corviknight
|-damage|p2a: Corviknight|63/100
|move|p2a: Corviknight|Agility|p2a: Corviknight
|-boost|p2a: Corviknight|spe|2
|
|-heal|p2a: Corviknight|70/100|[from] item: Leftovers
|upkeep
|turn|23
|
|t:|1769324691
|move|p1a: Treadmill|Iron Head|p2a: Corviknight
|-damage|p2a: Corviknight|58/100
|cant|p2a: Corviknight|flinch
|
|-heal|p2a: Corviknight|65/100|[from] item: Leftovers
|upkeep
|turn|24
|
|t:|1769324698
|move|p1a: Treadmill|Iron Head|p2a: Corviknight
|-damage|p2a: Corviknight|52/100
|move|p2a: Corviknight|Agility|p2a: Corviknight
|-boost|p2a: Corviknight|spe|2
|
|-heal|p2a: Corviknight|58/100|[from] item: Leftovers
|upkeep
|turn|25
|
|t:|1769324704
|move|p1a: Treadmill|Iron Head|p2a: Corviknight
|-damage|p2a: Corviknight|46/100
|move|p2a: Corviknight|Roost|p2a: Corviknight
|-heal|p2a: Corviknight|97/100
|
|-heal|p2a: Corviknight|100/100|[from] item: Leftovers
|upkeep
|turn|26
|
|t:|1769324712
|move|p1a: Treadmill|Iron Head|p2a: Corviknight
|-damage|p2a: Corviknight|89/100
|move|p2a: Corviknight|Agility|p2a: Corviknight
|-boost|p2a: Corviknight|spe|2
|
|-heal|p2a: Corviknight|95/100|[from] item: Leftovers
|upkeep
|turn|27
|
|t:|1769324716
|move|p2a: Corviknight|Bulk Up|p2a: Corviknight
|-boost|p2a: Corviknight|atk|1
|-boost|p2a: Corviknight|def|1
|move|p1a: Treadmill|Earthquake|p2a: Corviknight
|-damage|p2a: Corviknight|83/100
|
|-heal|p2a: Corviknight|89/100|[from] item: Leftovers
|upkeep
|turn|28
|
|t:|1769324727
|-end|p1a: Treadmill|Quark Drive|[silent]
|switch|p1a: Dragon Dance|Dragonite, M, tera:Ground|100/100
|move|p2a: Corviknight|Bulk Up|p2a: Corviknight
|-boost|p2a: Corviknight|atk|1
|-boost|p2a: Corviknight|def|1
|
|-heal|p2a: Corviknight|96/100|[from] item: Leftovers
|upkeep
|turn|29
|
|t:|1769324735
|move|p1a: Dragon Dance|Extreme Speed|p2a: Corviknight
|-damage|p2a: Corviknight|89/100
|move|p2a: Corviknight|Bulk Up|p2a: Corviknight
|-boost|p2a: Corviknight|atk|1
|-boost|p2a: Corviknight|def|1
|
|-heal|p2a: Corviknight|95/100|[from] item: Leftovers
|upkeep
|turn|30
|c|☆UnregisteredFaiv|380 BP power trip go
|
|t:|1769324746
|move|p2a: Corviknight|Power Trip|p1a: Dragon Dance
|-damage|p1a: Dragon Dance|0 fnt
|faint|p1a: Dragon Dance
|
|-heal|p2a: Corviknight|100/100|[from] item: Leftovers
|upkeep
|
|t:|1769324759
|switch|p1a: Iron Boulder|Iron Boulder|100/100
|-enditem|p1a: Iron Boulder|Booster Energy
|-activate|p1a: Iron Boulder|ability: Quark Drive|[fromitem]
|-start|p1a: Iron Boulder|quarkdriveatk
|turn|31
|c|☆AtrociousApplin|Its so over rn
|
|t:|1769324769
|move|p2a: Corviknight|Power Trip|p1a: Iron Boulder
|-supereffective|p1a: Iron Boulder
|-damage|p1a: Iron Boulder|0 fnt
|faint|p1a: Iron Boulder
|-end|p1a: Iron Boulder|Quark Drive|[silent]
|
|upkeep
|
|t:|1769324775
|switch|p1a: Treadmill|Iron Treads|100/100
|turn|32
|
|t:|1769324784
|move|p2a: Corviknight|Power Trip|p1a: Treadmill
|-damage|p1a: Treadmill|0 fnt
|faint|p1a: Treadmill
|-end|p1a: Treadmill|Quark Drive|[silent]
|
|win|UnregisteredFaiv
|raw|AtrociousApplin's rating: 1167 &rarr; <strong>1140</strong><br />(-27 for losing)
|raw|UnregisteredFaiv's rating: 1142 &rarr; <strong>1169</strong><br />(+27 for winning)
|c|☆UnregisteredFaiv|gg
|c|☆AtrociousApplin|gg
|l|☆UnregisteredFaiv
|player|p2|
|l|☆AtrociousApplin
|player|p1|
