|j|☆ghighas
|j|☆Rblack_freeeza
|t:|1769317307
|gametype|singles
|player|p1|ghighas|ghetsis|1234
|player|p2|Rblack_freeeza|wallace|1230
|gen|9
|tier|[Gen 9] OU
|rated|
|rule|HP Percentage Mod: HP is shown in percentages
|rule|Endless Battle Clause: Forcing endless battles is banned
|rule|Species Clause: Limit one of each Pokémon
|rule|OHKO Clause: OHKO moves are banned
|rule|Evasion Items Clause: Evasion items are banned
|rule|Evasion Moves Clause: Evasion moves are banned
|rule|Evasion Abilities Clause: Evasion abilities are banned
|rule|Sleep Moves Clause: Sleep-inducing moves are banned
|clearpoke
|poke|p1|Barraskewda, F|
|poke|p1|Pelipper, F|
|poke|p1|Dondozo, M|
|poke|p1|Ogerpon-Wellspring, F|
|poke|p1|Goodra-Hisui, M|
|poke|p1|Great Tusk|
|poke|p2|Alomomola, F|
|poke|p2|Rillaboom, M|
|poke|p2|Hawlucha, M|
|poke|p2|Skeledirge, F|
|poke|p2|Cinderace, M|
|poke|p2|Hitmonlee, M|
|teampreview
|inactive|Battle timer is ON: inactive players will automatically lose when time's up. (requested by Rblack_freeeza)
|
|t:|1769317313
|teamsize|p1|6
|teamsize|p2|6
|start
|switch|p1a: Pelipper|Pelipper, F|100/100
|switch|p2a: Rillaboom|Rillaboom, M|100/100
|-fieldstart|move: Grassy Terrain|[from] ability: Grassy Surge|[of] p2a: Rillaboom
|-weather|RainDance|[from] ability: Drizzle|[of] p1a: Pelipper
|turn|1
|
|t:|1769317335
|move|p2a: Rillaboom|Knock Off|p1a: Pelipper
|-crit|p1a: Pelipper
|-damage|p1a: Pelipper|55/100
|-enditem|p1a: Pelipper|Damp Rock|[from] move: Knock Off|[of] p2a: Rillaboom
|move|p1a: Pelipper|Hurricane|p2a: Rillaboom
|-supereffective|p2a: Rillaboom
|-damage|p2a: Rillaboom|10/100
|-start|p2a: Rillaboom|confusion
|
|-weather|RainDance|[upkeep]
|-heal|p2a: Rillaboom|16/100|[from] Grassy Terrain
|upkeep
|turn|2
|
|t:|1769317346
|switch|p2a: Alomomola|Alomomola, F|100/100
|switch|p1a: Goodra|Goodra-Hisui, M|100/100
|
|-weather|RainDance|[upkeep]
|upkeep
|turn|3
|
|t:|1769317353
|switch|p1a: Ogerpon|Ogerpon-Wellspring, F|100/100
|move|p2a: Alomomola|Flip Turn|p1a: Ogerpon
|-immune|p1a: Ogerpon|[from] ability: Water Absorb
|
|-weather|RainDance|[upkeep]
|upkeep
|turn|4
|
|t:|1769317365
|switch|p2a: Hawlucha|Hawlucha, M|100/100
|-enditem|p2a: Hawlucha|Grassy Seed
|-boost|p2a: Hawlucha|def|1|[from] item: Grassy Seed
|move|p1a: Ogerpon|Horn Leech|p2a: Hawlucha
|-resisted|p2a: Hawlucha
|-damage|p2a: Hawlucha|75/100
|
|-weather|RainDance|[upkeep]
|upkeep
|turn|5
|
|t:|1769317374
|switch|p1a: Dondozo|Dondozo, M|100/100
|move|p2a: Hawlucha|Acrobatics|p1a: Dondozo
|-damage|p1a: Dondozo|77/100
|
|-weather|RainDance|[upkeep]
|-heal|p1a: Dondozo|83/100|[from] Grassy Terrain
|-heal|p1a: Dondozo|90/100|[from] item: Leftovers
|upkeep
|turn|6
|
|t:|1769317391
|move|p2a: Hawlucha|Acrobatics|p1a: Dondozo
|-damage|p1a: Dondozo|67/100
|move|p1a: Dondozo|Body Press|p2a: Hawlucha
|-resisted|p2a: Hawlucha
|-damage|p2a: Hawlucha|56/100
|
|-weather|RainDance|[upkeep]
|-heal|p1a: Dondozo|73/100|[from] Grassy Terrain
|-heal|p1a: Dondozo|79/100|[from] item: Leftovers
|upkeep
|turn|7
|
|t:|1769317400
|move|p2a: Hawlucha|Encore|p1a: Dondozo
|-start|p1a: Dondozo|Encore
|move|p1a: Dondozo|Body Press|p2a: Hawlucha
|-resisted|p2a: Hawlucha
|-damage|p2a: Hawlucha|39/100
|
|-weather|RainDance|[upkeep]
|-heal|p1a: Dondozo|85/100|[from] Grassy Terrain
|-heal|p1a: Dondozo|91/100|[from] item: Leftovers
|upkeep
|turn|8
|
|t:|1769317415
|move|p2a: Hawlucha|Acrobatics|p1a: Dondozo
|-damage|p1a: Dondozo|69/100
|move|p1a: Dondozo|Body Press|p2a: Hawlucha
|-resisted|p2a: Hawlucha
|-damage|p2a: Hawlucha|21/100
|
|-weather|none
|-heal|p1a: Dondozo|75/100|[from] Grassy Terrain
|-heal|p1a: Dondozo|81/100|[from] item: Leftovers
|-fieldend|move: Grassy Terrain
|upkeep
|turn|9
|
|t:|1769317425
|move|p2a: Hawlucha|Acrobatics|p1a: Dondozo
|-damage|p1a: Dondozo|57/100
|move|p1a: Dondozo|Body Press|p2a: Hawlucha
|-resisted|p2a: Hawlucha
|-damage|p2a: Hawlucha|4/100
|
|-heal|p1a: Dondozo|63/100|[from] item: Leftovers
|-end|p1a: Dondozo|Encore
|upkeep
|turn|10
|
|t:|1769317436
|move|p2a: Hawlucha|Acrobatics|p1a: Dondozo
|-damage|p1a: Dondozo|40/100
|move|p1a: Dondozo|Body Press|p2a: Hawlucha
|-resisted|p2a: Hawlucha
|-damage|p2a: Hawlucha|0 fnt
|faint|p2a: Hawlucha
|
|-heal|p1a: Dondozo|46/100|[from] item: Leftovers
|upkeep
|
|t:|1769317444
|switch|p2a: Rillaboom|Rillaboom, M|16/100
|-fieldstart|move: Grassy Terrain|[from] ability: Grassy Surge|[of] p2a: Rillaboom
|turn|11
|
|t:|1769317449
|-terastallize|p1a: Dondozo|Fighting
|move|p2a: Rillaboom|Grassy Glide|p1a: Dondozo
|-crit|p1a: Dondozo
|-damage|p1a: Dondozo|19/100
|move|p1a: Dondozo|Body Press|p2a: Rillaboom
|-damage|p2a: Rillaboom|0 fnt
|faint|p2a: Rillaboom
|
|-heal|p1a: Dondozo|25/100|[from] Grassy Terrain
|-heal|p1a: Dondozo|32/100|[from] item: Leftovers
|upkeep
|
|t:|1769317461
|switch|p2a: Hitmonlee|Hitmonlee, M|100/100
|-enditem|p2a: Hitmonlee|Grassy Seed
|-boost|p2a: Hitmonlee|def|1|[from] item: Grassy Seed
|turn|12
|
|t:|1769317468
|move|p2a: Hitmonlee|Close Combat|p1a: Dondozo
|-damage|p1a: Dondozo|0 fnt
|-unboost|p2a: Hitmonlee|def|1
|-unboost|p2a: Hitmonlee|spd|1
|faint|p1a: Dondozo
|
|upkeep
|
|t:|1769317470
|switch|p1a: Pelipper|Pelipper, F|55/100
|-weather|RainDance|[from] ability: Drizzle|[of] p1a: Pelipper
|turn|13
|
|t:|1769317484
|move|p2a: Hitmonlee|Close Combat|p1a: Pelipper
|-resisted|p1a: Pelipper
|-damage|p1a: Pelipper|27/100
|-unboost|p2a: Hitmonlee|def|1
|-unboost|p2a: Hitmonlee|spd|1
|move|p1a: Pelipper|U-turn|p2a: Hitmonlee
|-resisted|p2a: Hitmonlee
|-damage|p2a: Hitmonlee|87/100
|
|t:|1769317493
|switch|p1a: Barraskewda|Barraskewda, F, shiny|100/100|[from] U-turn
|
|-weather|RainDance|[upkeep]
|-heal|p2a: Hitmonlee|93/100|[from] Grassy Terrain
|upkeep
|turn|14
|
|t:|1769317500
|switch|p2a: Alomomola|Alomomola, F|100/100
|move|p1a: Barraskewda|Liquidation|p2a: Alomomola
|-resisted|p2a: Alomomola
|-damage|p2a: Alomomola|70/100
|
|-weather|RainDance|[upkeep]
|-heal|p2a: Alomomola|76/100|[from] Grassy Terrain
|upkeep
|turn|15
|
|t:|1769317518
|switch|p1a: Ogerpon|Ogerpon-Wellspring, F|100/100
|move|p2a: Alomomola|Wish|p2a: Alomomola
|
|-weather|RainDance|[upkeep]
|-heal|p2a: Alomomola|83/100|[from] Grassy Terrain
|upkeep
|turn|16
|inactive|Rblack_freeeza has 120 seconds left.
|
|t:|1769317576
|switch|p2a: Hitmonlee|Hitmonlee, M|93/100
|move|p1a: Ogerpon|Knock Off|p2a: Hitmonlee
|-resisted|p2a: Hitmonlee
|-damage|p2a: Hitmonlee|67/100
|
|-weather|RainDance|[upkeep]
|-heal|p2a: Hitmonlee|100/100|[from] move: Wish|[wisher] Alomomola
|upkeep
|turn|17
|
|t:|1769317601
|switch|p1a: Great Tusk|Great Tusk|100/100
|move|p2a: Hitmonlee|Close Combat|p1a: Great Tusk
|-damage|p1a: Great Tusk|69/100
|-unboost|p2a: Hitmonlee|def|1
|-unboost|p2a: Hitmonlee|spd|1
|
|-weather|none
|-heal|p1a: Great Tusk|75/100|[from] Grassy Terrain
|upkeep
|turn|18
|inactive|Rblack_freeeza has 90 seconds left.
|
|t:|1769317617
|switch|p2a: Alomomola|Alomomola, F|100/100
|move|p1a: Great Tusk|Stealth Rock|p2a: Alomomola
|-sidestart|p2: Rblack_freeeza|move: Stealth Rock
|
|-heal|p1a: Great Tusk|82/100|[from] Grassy Terrain
|-fieldend|move: Grassy Terrain
|upkeep
|turn|19
|
|t:|1769317625
|move|p1a: Great Tusk|Knock Off|p2a: Alomomola
|-damage|p2a: Alomomola|85/100
|-enditem|p2a: Alomomola|Heavy-Duty Boots|[from] move: Knock Off|[of] p1a: Great Tusk
|move|p2a: Alomomola|Scald|p1a: Great Tusk
|-supereffective|p1a: Great Tusk
|-damage|p1a: Great Tusk|53/100
|
|upkeep
|turn|20
|
|t:|1769317632
|-end|p1a: Great Tusk|Protosynthesis|[silent]
|switch|p1a: Ogerpon|Ogerpon-Wellspring, F|100/100
|move|p2a: Alomomola|Wish|p2a: Alomomola
|
|upkeep
|turn|21
|
|t:|1769317644
|switch|p2a: Skeledirge|Skeledirge, F|100/100
|-damage|p2a: Skeledirge|76/100|[from] Stealth Rock
|move|p1a: Ogerpon|Ivy Cudgel|p2a: Skeledirge|[anim] Ivy Cudgel Water
|-supereffective|p2a: Skeledirge
|-damage|p2a: Skeledirge|0 fnt
|faint|p2a: Skeledirge
|
|upkeep
|
|t:|1769317652
|switch|p2a: Hitmonlee|Hitmonlee, M|100/100
|-damage|p2a: Hitmonlee|94/100|[from] Stealth Rock
|turn|22
|
|t:|1769317662
|switch|p1a: Pelipper|Pelipper, F|27/100
|-weather|RainDance|[from] ability: Drizzle|[of] p1a: Pelipper
|move|p2a: Hitmonlee|Close Combat|p1a: Pelipper
|-resisted|p1a: Pelipper
|-damage|p1a: Pelipper|0 fnt
|-unboost|p2a: Hitmonlee|def|1
|-unboost|p2a: Hitmonlee|spd|1
|faint|p1a: Pelipper
|
|-weather|RainDance|[upkeep]
|upkeep
|
|t:|1769317663
|switch|p1a: Barraskewda|Barraskewda, F, shiny|100/100
|turn|23
|inactive|Rblack_freeeza has 120 seconds left.
|
|t:|1769317676
|switch|p2a: Alomomola|Alomomola, F|100/100
|-damage|p2a: Alomomola|88/100|[from] Stealth Rock
|move|p1a: Barraskewda|Liquidation|p2a: Alomomola
|-resisted|p2a: Alomomola
|-damage|p2a: Alomomola|58/100
|
|-weather|RainDance|[upkeep]
|upkeep
|turn|24
|inactive|Rblack_freeeza has 120 seconds left.
|inactive|ghighas has 120 seconds left.
|
|t:|1769317718
|switch|p1a: Ogerpon|Ogerpon-Wellspring, F|100/100
|move|p2a: Alomomola|Wish|p2a: Alomomola
|
|-weather|RainDance|[upkeep]
|upkeep
|turn|25
|inactive|Rblack_freeeza has 120 seconds left.
|
|t:|1769317730
|switch|p2a: Hitmonlee|Hitmonlee, M|94/100
|-damage|p2a: Hitmonlee|88/100|[from] Stealth Rock
|move|p1a: Ogerpon|Ivy Cudgel|p2a: Hitmonlee|[anim] Ivy Cudgel Water
|-damage|p2a: Hitmonlee|0 fnt
|faint|p2a: Hitmonlee
|
|-weather|RainDance|[upkeep]
|upkeep
|inactive|Rblack_freeeza has 120 seconds left.
|
|t:|1769317739
|switch|p2a: Cinderace|Cinderace, M|100/100
|turn|26
|inactive|ghighas has 120 seconds left.
|
|t:|1769317759
|switch|p1a: Great Tusk|Great Tusk|53/100
|move|p2a: Cinderace|Sucker Punch||[still]
|-fail|p2a: Cinderace
|
|-weather|none
|upkeep
|turn|27
|
|t:|1769317765
|-terastallize|p2a: Cinderace|Fire
|move|p2a: Cinderace|Pyro Ball|p1a: Great Tusk|[miss]
|-miss|p2a: Cinderace|p1a: Great Tusk
|move|p1a: Great Tusk|Earthquake|p2a: Cinderace
|-supereffective|p2a: Cinderace
|-damage|p2a: Cinderace|0 fnt
|faint|p2a: Cinderace
|
|upkeep
|-message|Rblack_freeeza forfeited.
|
|win|ghighas
|raw|ghighas's rating: 1258 &rarr; <strong>1281</strong><br />(+23 for winning)
|raw|Rblack_freeeza's rating: 1230 &rarr; <strong>1207</strong><br />(-23 for losing)
|l|☆Rblack_freeeza
|player|p2|
|l|☆ghighas
|player|p1|
