|j|☆miju2906
|j|☆maxthegoldencorgi
|t:|1769418221
|gametype|singles
|player|p1|miju2906|giovanni|1108
|player|p2|maxthegoldencorgi|170|1172
|gen|9
|tier|[Gen 9] OU
|rated|
|rule|HP Percentage Mod: HP is shown in percentages
|rule|Endless Battle Clause: Forcing endless battles is banned
|rule|Species Clause: Limit one of each Pokémon
|rule|OHKO Clause: OHKO moves are banned
|rule|Evasion Items Clause: Evasion items are banned
|rule|Evasion Moves Clause: Evasion moves are banned
|rule|Evasion Abilities Clause: Evasion abilities are banned
|rule|Sleep Moves Clause: Sleep-inducing moves are banned
|clearpoke
|poke|p1|Galvantula, F|
|poke|p1|Dragapult, M|
|poke|p1|Azumarill, F|
|poke|p1|Kingambit, M|
|poke|p1|Toxapex, F|
|poke|p1|Mimikyu, M|
|poke|p2|Quagsire, M|
|poke|p2|Regice|
|poke|p2|Porygon-Z|
|poke|p2|Clefable, M|
|poke|p2|Dragonite, M|
|poke|p2|Tyranitar, M|
|teampreview
|inactive|Battle timer is ON: inactive players will automatically lose when time's up. (requested by maxthegoldencorgi)
|
|t:|1769418230
|teamsize|p1|6
|teamsize|p2|6
|start
|switch|p1a: Galvantula|Galvantula, F, shiny|100/100
|switch|p2a: Tyranitar|Tyranitar, M|100/100
|-weather|Sandstorm|[from] ability: Sand Stream|[of] p2a: Tyranitar
|turn|1
|
|t:|1769418238
|move|p1a: Galvantula|Bug Buzz|p2a: Tyranitar
|-supereffective|p2a: Tyranitar
|-damage|p2a: Tyranitar|40/100
|-unboost|p2a: Tyranitar|spd|1
|-damage|p1a: Galvantula|91/100|[from] item: Life Orb
|move|p2a: Tyranitar|Dragon Dance|p2a: Tyranitar
|-boost|p2a: Tyranitar|atk|1
|-boost|p2a: Tyranitar|spe|1
|
|-weather|Sandstorm|[upkeep]
|-damage|p1a: Galvantula|84/100|[from] Sandstorm
|upkeep
|turn|2
|
|t:|1769418249
|-terastallize|p2a: Tyranitar|Rock
|move|p1a: Galvantula|Bug Buzz|p2a: Tyranitar
|-damage|p2a: Tyranitar|0 fnt
|faint|p2a: Tyranitar
|-damage|p1a: Galvantula|75/100|[from] item: Life Orb
|
|-weather|Sandstorm|[upkeep]
|-damage|p1a: Galvantula|68/100|[from] Sandstorm
|upkeep
|
|t:|1769418266
|switch|p2a: imgonnateraground|Porygon-Z|100/100
|turn|3
|
|t:|1769418270
|move|p2a: imgonnateraground|Tri Attack|p1a: Galvantula
|-damage|p1a: Galvantula|0 fnt
|faint|p1a: Galvantula
|
|-weather|Sandstorm|[upkeep]
|-damage|p2a: imgonnateraground|94/100|[from] Sandstorm
|upkeep
|
|t:|1769418282
|switch|p1a: Kingambit|Kingambit, M|100/100
|-activate|p1a: Kingambit|ability: Supreme Overlord
|-start|p1a: Kingambit|fallen1|[silent]
|turn|4
|
|t:|1769418292
|move|p2a: imgonnateraground|Tri Attack|p1a: Kingambit
|-resisted|p1a: Kingambit
|-damage|p1a: Kingambit|72/100
|-status|p1a: Kingambit|frz
|cant|p1a: Kingambit|frz
|
|-weather|Sandstorm|[upkeep]
|-damage|p2a: imgonnateraground|88/100|[from] Sandstorm
|upkeep
|turn|5
|
|t:|1769418302
|switch|p2a: Clefable|Clefable, M|100/100
|-curestatus|p1a: Kingambit|frz|[msg]
|move|p1a: Kingambit|Low Kick|p2a: Clefable
|-resisted|p2a: Clefable
|-damage|p2a: Clefable|86/100
|
|-weather|none
|upkeep
|turn|6
|
|t:|1769418314
|move|p2a: Clefable|Flamethrower|p1a: Kingambit
|-supereffective|p1a: Kingambit
|-damage|p1a: Kingambit|8/100
|move|p1a: Kingambit|Swords Dance|p1a: Kingambit
|-boost|p1a: Kingambit|atk|2
|
|upkeep
|turn|7
|
|t:|1769418322
|switch|p2a: Quagsire|Quagsire, M|100/100
|move|p1a: Kingambit|Iron Head|p2a: Quagsire
|-resisted|p2a: Quagsire
|-damage|p2a: Quagsire|83/100
|
|-heal|p2a: Quagsire|89/100|[from] item: Leftovers
|upkeep
|turn|8
|
|t:|1769418331
|move|p1a: Kingambit|Sucker Punch|p2a: Quagsire
|-damage|p2a: Quagsire|56/100
|move|p2a: Quagsire|Ice Punch|p1a: Kingambit
|-resisted|p1a: Kingambit
|-damage|p1a: Kingambit|2/100
|
|-heal|p2a: Quagsire|62/100|[from] item: Leftovers
|upkeep
|turn|9
|
|t:|1769418341
|move|p1a: Kingambit|Sucker Punch||[still]
|-fail|p1a: Kingambit
|move|p2a: Quagsire|Recover|p2a: Quagsire
|-heal|p2a: Quagsire|100/100
|
|upkeep
|turn|10
|
|t:|1769418349
|move|p1a: Kingambit|Sucker Punch|p2a: Quagsire
|-crit|p2a: Quagsire
|-damage|p2a: Quagsire|50/100
|move|p2a: Quagsire|Earthquake|p1a: Kingambit
|-supereffective|p1a: Kingambit
|-damage|p1a: Kingambit|0 fnt
|faint|p1a: Kingambit
|-end|p1a: Kingambit|fallen1|[silent]
|
|-heal|p2a: Quagsire|56/100|[from] item: Leftovers
|upkeep
|
|t:|1769418363
|switch|p1a: Mimikyu|Mimikyu, M, shiny|100/100
|turn|11
|
|t:|1769418370
|move|p1a: Mimikyu|Swords Dance|p1a: Mimikyu
|-boost|p1a: Mimikyu|atk|2
|move|p2a: Quagsire|Toxic|p1a: Mimikyu|[miss]
|-miss|p2a: Quagsire|p1a: Mimikyu
|
|-heal|p2a: Quagsire|62/100|[from] item: Leftovers
|upkeep
|turn|12
|
|t:|1769418379
|move|p1a: Mimikyu|Wood Hammer|p2a: Quagsire
|-supereffective|p2a: Quagsire
|-damage|p2a: Quagsire|0 fnt
|faint|p2a: Quagsire
|-damage|p1a: Mimikyu|68/100|[from] Recoil
|-damage|p1a: Mimikyu|58/100|[from] item: Life Orb
|
|upkeep
|
|t:|1769418386
|switch|p2a: Clefable|Clefable, M|86/100
|turn|13
|
|t:|1769418392
|move|p1a: Mimikyu|Wood Hammer|p2a: Clefable
|-crit|p2a: Clefable
|-damage|p2a: Clefable|0 fnt
|faint|p2a: Clefable
|-damage|p1a: Mimikyu|14/100|[from] Recoil
|-damage|p1a: Mimikyu|4/100|[from] item: Life Orb
|
|upkeep
|
|t:|1769418394
|switch|p2a: imgonnateraground|Porygon-Z|88/100
|turn|14
|
|t:|1769418402
|move|p1a: Mimikyu|Shadow Sneak|p2a: imgonnateraground
|-immune|p2a: imgonnateraground
|move|p2a: imgonnateraground|Ice Beam|p1a: Mimikyu
|-activate|p1a: Mimikyu|ability: Disguise
|-damage|p1a: Mimikyu|4/100
|detailschange|p1a: Mimikyu|Mimikyu-Busted, M, shiny
|-damage|p1a: Mimikyu|0 fnt|[from] pokemon: Mimikyu-Busted
|faint|p1a: Mimikyu
|
|upkeep
|
|t:|1769418417
|switch|p1a: Toxapex|Toxapex, F|100/100
|turn|15
|
|t:|1769418420
|switch|p2a: Regice|Regice|100/100
|move|p1a: Toxapex|Toxic|p2a: Regice
|-status|p2a: Regice|tox
|
|-damage|p2a: Regice|94/100 tox|[from] psn
|upkeep
|turn|16
|
|t:|1769418430
|move|p1a: Toxapex|Baneful Bunker|p1a: Toxapex
|-singleturn|p1a: Toxapex|move: Protect
|move|p2a: Regice|Charge Beam|p1a: Toxapex
|-activate|p1a: Toxapex|move: Protect
|
|-damage|p2a: Regice|82/100 tox|[from] psn
|upkeep
|turn|17
|
|t:|1769418438
|move|p2a: Regice|Charge Beam|p1a: Toxapex
|-supereffective|p1a: Toxapex
|-damage|p1a: Toxapex|74/100
|-boost|p2a: Regice|spa|1
|move|p1a: Toxapex|Recover|p1a: Toxapex
|-heal|p1a: Toxapex|100/100
|
|-damage|p2a: Regice|64/100 tox|[from] psn
|upkeep
|turn|18
|
|t:|1769418448
|switch|p2a: imgonnateraground|Porygon-Z|88/100
|move|p1a: Toxapex|Baneful Bunker||[still]
|-fail|p1a: Toxapex
|
|upkeep
|turn|19
|
|t:|1769418454
|move|p2a: imgonnateraground|Tri Attack|p1a: Toxapex
|-damage|p1a: Toxapex|54/100
|move|p1a: Toxapex|Recover|p1a: Toxapex
|-heal|p1a: Toxapex|100/100
|
|upkeep
|turn|20
|
|t:|1769418457
|move|p2a: imgonnateraground|Tri Attack|p1a: Toxapex
|-damage|p1a: Toxapex|56/100
|move|p1a: Toxapex|Toxic|p2a: imgonnateraground
|-status|p2a: imgonnateraground|tox
|
|-heal|p1a: Toxapex|63/100|[from] item: Black Sludge
|-damage|p2a: imgonnateraground|82/100 tox|[from] psn
|upkeep
|turn|21
|
|t:|1769418467
|switch|p2a: Regice|Regice|64/100 tox
|move|p1a: Toxapex|Baneful Bunker||[still]
|-fail|p1a: Toxapex
|
|-heal|p1a: Toxapex|69/100|[from] item: Black Sludge
|-damage|p2a: Regice|58/100 tox|[from] psn
|upkeep
|turn|22
|
|t:|1769418476
|move|p2a: Regice|Charge Beam|p1a: Toxapex
|-supereffective|p1a: Toxapex
|-damage|p1a: Toxapex|44/100
|-boost|p2a: Regice|spa|1
|move|p1a: Toxapex|Recover|p1a: Toxapex
|-heal|p1a: Toxapex|94/100
|
|-heal|p1a: Toxapex|99/100|[from] item: Black Sludge
|-damage|p2a: Regice|46/100 tox|[from] psn
|upkeep
|turn|23
|
|t:|1769418487
|switch|p2a: imgonnateraground|Porygon-Z|82/100 tox
|move|p1a: Toxapex|Toxic|p2a: imgonnateraground
|-fail|p2a: imgonnateraground|tox
|
|-heal|p1a: Toxapex|100/100|[from] item: Black Sludge
|-damage|p2a: imgonnateraground|76/100 tox|[from] psn
|upkeep
|turn|24
|
|t:|1769418496
|move|p2a: imgonnateraground|Psychic|p1a: Toxapex
|-supereffective|p1a: Toxapex
|-crit|p1a: Toxapex
|-damage|p1a: Toxapex|26/100
|move|p1a: Toxapex|Recover|p1a: Toxapex
|-heal|p1a: Toxapex|76/100
|
|-heal|p1a: Toxapex|82/100|[from] item: Black Sludge
|-damage|p2a: imgonnateraground|64/100 tox|[from] psn
|upkeep
|turn|25
|
|t:|1769418506
|move|p1a: Toxapex|Baneful Bunker|p1a: Toxapex
|-singleturn|p1a: Toxapex|move: Protect
|move|p2a: imgonnateraground|Psychic|p1a: Toxapex
|-activate|p1a: Toxapex|move: Protect
|
|-heal|p1a: Toxapex|89/100|[from] item: Black Sludge
|-damage|p2a: imgonnateraground|46/100 tox|[from] psn
|upkeep
|turn|26
|
|t:|1769418515
|move|p2a: imgonnateraground|Psychic|p1a: Toxapex
|-supereffective|p1a: Toxapex
|-damage|p1a: Toxapex|34/100
|move|p1a: Toxapex|Recover|p1a: Toxapex
|-heal|p1a: Toxapex|84/100
|
|-heal|p1a: Toxapex|90/100|[from] item: Black Sludge
|-damage|p2a: imgonnateraground|21/100 tox|[from] psn
|upkeep
|turn|27
|
|t:|1769418525
|switch|p2a: Regice|Regice|46/100 tox
|move|p1a: Toxapex|Baneful Bunker||[still]
|-fail|p1a: Toxapex
|
|-heal|p1a: Toxapex|97/100|[from] item: Black Sludge
|-damage|p2a: Regice|40/100 tox|[from] psn
|upkeep
|turn|28
|
|t:|1769418534
|move|p1a: Toxapex|Baneful Bunker|p1a: Toxapex
|-singleturn|p1a: Toxapex|move: Protect
|move|p2a: Regice|Charge Beam|p1a: Toxapex
|-activate|p1a: Toxapex|move: Protect
|
|-heal|p1a: Toxapex|100/100|[from] item: Black Sludge
|-damage|p2a: Regice|28/100 tox|[from] psn
|upkeep
|turn|29
|
|t:|1769418547
|move|p2a: Regice|Charge Beam|p1a: Toxapex|[miss]
|-miss|p2a: Regice|p1a: Toxapex
|move|p1a: Toxapex|Toxic|p2a: Regice
|-fail|p2a: Regice|tox
|
|-damage|p2a: Regice|10/100 tox|[from] psn
|upkeep
|turn|30
|-message|maxthegoldencorgi forfeited.
|
|win|miju2906
|raw|miju2906's rating: 1108 &rarr; <strong>1138</strong><br />(+30 for winning)
|raw|maxthegoldencorgi's rating: 1172 &rarr; <strong>1142</strong><br />(-30 for losing)
|l|☆maxthegoldencorgi
|player|p2|
|l|☆miju2906
|player|p1|
