|j|☆Cour3tro
|j|☆chuab
|t:|1769310886
|gametype|singles
|player|p1|Cour3tro|170|1147
|player|p2|chuab|265|1085
|gen|9
|tier|[Gen 9] OU
|rated|
|rule|HP Percentage Mod: HP is shown in percentages
|rule|Endless Battle Clause: Forcing endless battles is banned
|rule|Species Clause: Limit one of each Pokémon
|rule|OHKO Clause: OHKO moves are banned
|rule|Evasion Items Clause: Evasion items are banned
|rule|Evasion Moves Clause: Evasion moves are banned
|rule|Evasion Abilities Clause: Evasion abilities are banned
|rule|Sleep Moves Clause: Sleep-inducing moves are banned
|clearpoke
|poke|p1|Glimmora, F|
|poke|p1|Zapdos-Galar|
|poke|p1|Vaporeon, M|
|poke|p1|Haxorus, M|
|poke|p1|Toedscruel, F|
|poke|p1|Iron Thorns|
|poke|p2|Walking Wake|
|poke|p2|Umbreon, F|
|poke|p2|Feraligatr, M|
|poke|p2|Espeon, F|
|poke|p2|Charizard, M|
|poke|p2|Torkoal, M|
|teampreview
|
|t:|1769310900
|teamsize|p1|6
|teamsize|p2|6
|start
|switch|p1a: Iron Thorns|Iron Thorns|100/100
|switch|p2a: Torkoal|Torkoal, M, shiny|100/100
|-weather|SunnyDay|[from] ability: Drought|[of] p2a: Torkoal
|turn|1
|
|t:|1769310909
|switch|p2a: Charizard|Charizard, M|100/100
|move|p1a: Iron Thorns|Dragon Dance|p1a: Iron Thorns
|-boost|p1a: Iron Thorns|atk|1
|-boost|p1a: Iron Thorns|spe|1
|
|-weather|SunnyDay|[upkeep]
|-damage|p2a: Charizard|88/100|[from] ability: Solar Power|[of] p2a: Charizard
|upkeep
|turn|2
|
|t:|1769310915
|-terastallize|p1a: Iron Thorns|Bug
|-terastallize|p2a: Charizard|Grass
|move|p1a: Iron Thorns|Dragon Dance|p1a: Iron Thorns
|-boost|p1a: Iron Thorns|atk|1
|-boost|p1a: Iron Thorns|spe|1
|move|p2a: Charizard|Solar Beam||[still]
|-prepare|p2a: Charizard|Solar Beam
|-anim|p2a: Charizard|Solar Beam|p1a: Iron Thorns
|-resisted|p1a: Iron Thorns
|-damage|p1a: Iron Thorns|52/100
|
|-weather|SunnyDay|[upkeep]
|-damage|p2a: Charizard|76/100|[from] ability: Solar Power|[of] p2a: Charizard
|upkeep
|turn|3
|c|☆chuab|bug is fucking wild LOL
|
|t:|1769310950
|move|p1a: Iron Thorns|Pin Missile|p2a: Charizard
|-supereffective|p2a: Charizard
|-damage|p2a: Charizard|0 fnt
|faint|p2a: Charizard
|-hitcount|p2: Charizard|1
|
|-weather|SunnyDay|[upkeep]
|upkeep
|c|☆chuab|looooooool
|
|t:|1769310966
|switch|p2a: Umbreon|Umbreon, F|100/100
|turn|4
|
|t:|1769310971
|switch|p2a: Feraligatr|Feraligatr, M|100/100
|move|p1a: Iron Thorns|Pin Missile|p2a: Feraligatr
|-damage|p2a: Feraligatr|70/100
|-damage|p2a: Feraligatr|36/100
|-damage|p2a: Feraligatr|5/100
|-damage|p2a: Feraligatr|0 fnt
|faint|p2a: Feraligatr
|-hitcount|p2: Feraligatr|4
|
|-weather|SunnyDay|[upkeep]
|upkeep
|
|t:|1769310985
|switch|p2a: Torkoal|Torkoal, M, shiny|100/100
|turn|5
|
|t:|1769310991
|move|p1a: Iron Thorns|Rock Blast|p2a: Torkoal
|-supereffective|p2a: Torkoal
|-damage|p2a: Torkoal|62/100
|-supereffective|p2a: Torkoal
|-damage|p2a: Torkoal|24/100
|-supereffective|p2a: Torkoal
|-damage|p2a: Torkoal|0 fnt
|faint|p2a: Torkoal
|-hitcount|p2: Torkoal|3
|
|-weather|none
|upkeep
|
|t:|1769310995
|switch|p2a: Walking Wake|Walking Wake|100/100
|turn|6
|
|t:|1769311005
|move|p1a: Iron Thorns|Thunder Punch|p2a: Walking Wake
|-damage|p2a: Walking Wake|19/100
|move|p2a: Walking Wake|Hurricane|p1a: Iron Thorns|[miss]
|-miss|p2a: Walking Wake|p1a: Iron Thorns
|
|upkeep
|turn|7
|
|t:|1769311013
|move|p1a: Iron Thorns|Thunder Punch|p2a: Walking Wake
|-damage|p2a: Walking Wake|0 fnt
|faint|p2a: Walking Wake
|-end|p2a: Walking Wake|Protosynthesis|[silent]
|
|upkeep
|
|t:|1769311017
|switch|p2a: Espeon|Espeon, F|100/100
|turn|8
|
|t:|1769311022
|move|p1a: Iron Thorns|Pin Missile|p2a: Espeon
|-supereffective|p2a: Espeon
|-damage|p2a: Espeon|0 fnt
|faint|p2a: Espeon
|-hitcount|p2: Espeon|1
|
|upkeep
|
|t:|1769311024
|switch|p2a: Umbreon|Umbreon, F|100/100
|turn|9
|
|t:|1769311030
|move|p1a: Iron Thorns|Pin Missile|p2a: Umbreon
|-supereffective|p2a: Umbreon
|-damage|p2a: Umbreon|60/100
|-supereffective|p2a: Umbreon
|-damage|p2a: Umbreon|16/100
|-supereffective|p2a: Umbreon
|-damage|p2a: Umbreon|0 fnt
|faint|p2a: Umbreon
|-hitcount|p2: Umbreon|3
|
|win|Cour3tro
|raw|Cour3tro's rating: 1147 &rarr; <strong>1168</strong><br />(+21 for winning)
|raw|chuab's rating: 1085 &rarr; <strong>1066</strong><br />(-19 for losing)
|l|☆chuab
|player|p2|
