|j|☆jsxlllll
|j|☆Team10thPlanet
|t:|1769418428
|gametype|singles
|player|p1|jsxlllll|170|1587
|player|p2|Team10thPlanet|alder|1616
|gen|9
|tier|[Gen 9] OU
|rated|
|rule|HP Percentage Mod: HP is shown in percentages
|rule|Endless Battle Clause: Forcing endless battles is banned
|rule|Species Clause: Limit one of each Pokémon
|rule|OHKO Clause: OHKO moves are banned
|rule|Evasion Items Clause: Evasion items are banned
|rule|Evasion Moves Clause: Evasion moves are banned
|rule|Evasion Abilities Clause: Evasion abilities are banned
|rule|Sleep Moves Clause: Sleep-inducing moves are banned
|clearpoke
|poke|p1|Sandy Shocks|
|poke|p1|Scizor, M|
|poke|p1|Manaphy|
|poke|p1|Latios, M|
|poke|p1|Ogerpon, F|
|poke|p1|Iron Jugulis|
|poke|p2|Dragonite, F|
|poke|p2|Zamazenta-*|
|poke|p2|Araquanid, F|
|poke|p2|Iron Treads|
|poke|p2|Zapdos|
|poke|p2|Thundurus, M|
|teampreview
|
|t:|1769418451
|teamsize|p1|6
|teamsize|p2|6
|start
|switch|p1a: Sandy Shocks|Sandy Shocks|100/100
|switch|p2a: Iron Treads|Iron Treads|100/100
|-enditem|p2a: Iron Treads|Booster Energy
|-activate|p2a: Iron Treads|ability: Quark Drive|[fromitem]
|-start|p2a: Iron Treads|quarkdrivespe
|-enditem|p1a: Sandy Shocks|Booster Energy
|-activate|p1a: Sandy Shocks|ability: Protosynthesis|[fromitem]
|-start|p1a: Sandy Shocks|protosynthesisspe
|turn|1
|
|t:|1769418465
|move|p2a: Iron Treads|Earthquake|p1a: Sandy Shocks
|-supereffective|p1a: Sandy Shocks
|-damage|p1a: Sandy Shocks|0 fnt
|faint|p1a: Sandy Shocks
|-end|p1a: Sandy Shocks|Protosynthesis|[silent]
|
|upkeep
|
|t:|1769418469
|switch|p1a: Latios|Latios, M|100/100
|turn|2
|
|t:|1769418478
|move|p2a: Iron Treads|Ice Spinner|p1a: Latios
|-supereffective|p1a: Latios
|-damage|p1a: Latios|53/100
|-enditem|p1a: Latios|Weakness Policy
|-boost|p1a: Latios|atk|2|[from] item: Weakness Policy
|-boost|p1a: Latios|spa|2|[from] item: Weakness Policy
|move|p1a: Latios|Agility|p1a: Latios
|-boost|p1a: Latios|spe|2
|
|upkeep
|turn|3
|
|t:|1769418487
|move|p1a: Latios|Aura Sphere|p2a: Iron Treads
|-supereffective|p2a: Iron Treads
|-damage|p2a: Iron Treads|0 fnt
|faint|p2a: Iron Treads
|-end|p2a: Iron Treads|Quark Drive|[silent]
|
|upkeep
|
|t:|1769418501
|switch|p2a: Dragonite|Dragonite, F|100/100
|turn|4
|
|t:|1769418506
|-terastallize|p2a: Dragonite|Normal
|move|p2a: Dragonite|Extreme Speed|p1a: Latios
|-damage|p1a: Latios|0 fnt
|faint|p1a: Latios
|
|upkeep
|
|t:|1769418512
|switch|p1a: Scizor|Scizor, M|100/100
|turn|5
|
|t:|1769418517
|switch|p2a: Zapdos|Zapdos|100/100
|move|p1a: Scizor|Swords Dance|p1a: Scizor
|-boost|p1a: Scizor|atk|2
|
|upkeep
|turn|6
|
|t:|1769418522
|switch|p2a: PlsNoHatt&Ace|Araquanid, F, shiny|100/100
|move|p1a: Scizor|Swords Dance|p1a: Scizor
|-boost|p1a: Scizor|atk|2
|
|upkeep
|turn|7
|
|t:|1769418529
|switch|p2a: Zapdos|Zapdos|100/100
|move|p1a: Scizor|Knock Off|p2a: Zapdos
|-damage|p2a: Zapdos|17/100
|-enditem|p2a: Zapdos|Heavy-Duty Boots|[from] move: Knock Off|[of] p1a: Scizor
|
|upkeep
|turn|8
|
|t:|1769418536
|move|p1a: Scizor|Bullet Punch|p2a: Zapdos
|-resisted|p2a: Zapdos
|-damage|p2a: Zapdos|0 fnt
|faint|p2a: Zapdos
|
|upkeep
|
|t:|1769418545
|switch|p2a: Dragonite|Dragonite, F, tera:Normal|100/100
|turn|9
|
|t:|1769418549
|move|p2a: Dragonite|Fire Punch|p1a: Scizor
|-supereffective|p1a: Scizor
|-damage|p1a: Scizor|0 fnt
|faint|p1a: Scizor
|
|upkeep
|inactive|Battle timer is ON: inactive players will automatically lose when time's up. (requested by Team10thPlanet)
|
|t:|1769418562
|switch|p1a: Manaphy|Manaphy|100/100
|turn|10
|
|t:|1769418573
|switch|p2a: Thundurus|Thundurus, M|100/100
|move|p1a: Manaphy|Tail Glow|p1a: Manaphy
|-boost|p1a: Manaphy|spa|3
|
|upkeep
|turn|11
|
|t:|1769418586
|-terastallize|p1a: Manaphy|Grass
|move|p2a: Thundurus|Thunder Wave|p1a: Manaphy
|-status|p1a: Manaphy|par
|move|p1a: Manaphy|Ice Beam|p2a: Thundurus
|-supereffective|p2a: Thundurus
|-damage|p2a: Thundurus|0 fnt
|faint|p2a: Thundurus
|
|upkeep
|
|t:|1769418597
|switch|p2a: Dragonite|Dragonite, F, tera:Normal|100/100
|turn|12
|
|t:|1769418604
|move|p2a: Dragonite|Fire Punch|p1a: Manaphy
|-supereffective|p1a: Manaphy
|-damage|p1a: Manaphy|21/100 par
|-enditem|p1a: Manaphy|Sitrus Berry|[eat]
|-heal|p1a: Manaphy|46/100 par|[from] item: Sitrus Berry
|move|p1a: Manaphy|Surf|p2a: Dragonite
|-damage|p2a: Dragonite|58/100
|
|upkeep
|turn|13
|
|t:|1769418619
|move|p2a: Dragonite|Fire Punch|p1a: Manaphy
|-supereffective|p1a: Manaphy
|-damage|p1a: Manaphy|0 fnt
|faint|p1a: Manaphy
|
|upkeep
|
|t:|1769418621
|switch|p1a: Iron Jugulis|Iron Jugulis|100/100
|-enditem|p1a: Iron Jugulis|Booster Energy
|-activate|p1a: Iron Jugulis|ability: Quark Drive|[fromitem]
|-start|p1a: Iron Jugulis|quarkdrivespe
|turn|14
|
|t:|1769418631
|switch|p2a: Zamazenta|Zamazenta|100/100
|-ability|p2a: Zamazenta|Dauntless Shield|boost
|-boost|p2a: Zamazenta|def|1
|move|p1a: Iron Jugulis|Hurricane|p2a: Zamazenta
|-supereffective|p2a: Zamazenta
|-damage|p2a: Zamazenta|34/100
|
|upkeep
|turn|15
|
|t:|1769418641
|move|p1a: Iron Jugulis|Hurricane|p2a: Zamazenta|[miss]
|-miss|p1a: Iron Jugulis|p2a: Zamazenta
|move|p2a: Zamazenta|Close Combat|p1a: Iron Jugulis
|-damage|p1a: Iron Jugulis|34/100
|-unboost|p2a: Zamazenta|def|1
|-unboost|p2a: Zamazenta|spd|1
|
|upkeep
|turn|16
|
|t:|1769418649
|move|p1a: Iron Jugulis|Hurricane|p2a: Zamazenta|[miss]
|-miss|p1a: Iron Jugulis|p2a: Zamazenta
|move|p2a: Zamazenta|Close Combat|p1a: Iron Jugulis
|-damage|p1a: Iron Jugulis|0 fnt
|-unboost|p2a: Zamazenta|def|1
|-unboost|p2a: Zamazenta|spd|1
|faint|p1a: Iron Jugulis
|-end|p1a: Iron Jugulis|Quark Drive|[silent]
|
|upkeep
|
|t:|1769418652
|switch|p1a: Ogerpon|Ogerpon, F|100/100
|turn|17
|c|☆Team10thPlanet|man hurricane is garbage
|
|t:|1769418669
|move|p2a: Zamazenta|Close Combat|p1a: Ogerpon
|-damage|p1a: Ogerpon|25/100
|-unboost|p2a: Zamazenta|def|1
|-unboost|p2a: Zamazenta|spd|1
|move|p1a: Ogerpon|Ivy Cudgel|p2a: Zamazenta
|-damage|p2a: Zamazenta|0 fnt
|faint|p2a: Zamazenta
|
|upkeep
|
|t:|1769418687
|switch|p2a: Dragonite|Dragonite, F, tera:Normal|58/100
|turn|18
|
|t:|1769418691
|move|p2a: Dragonite|Extreme Speed|p1a: Ogerpon
|-crit|p1a: Ogerpon
|-damage|p1a: Ogerpon|0 fnt
|faint|p1a: Ogerpon
|
|win|Team10thPlanet
|raw|jsxlllll's rating: 1587 &rarr; <strong>1569</strong><br />(-18 for losing)
|raw|Team10thPlanet's rating: 1616 &rarr; <strong>1634</strong><br />(+18 for winning)
|l|☆jsxlllll
|player|p1|
|l|☆Team10thPlanet
|player|p2|
