|j|☆MucusLover49
|j|☆Nolan_pp1
|t:|1769421715
|gametype|singles
|player|p1|MucusLover49|drayden|1117
|player|p2|Nolan_pp1|bruno|1119
|gen|9
|tier|[Gen 9] OU
|rated|
|rule|HP Percentage Mod: HP is shown in percentages
|rule|Endless Battle Clause: Forcing endless battles is banned
|rule|Species Clause: Limit one of each Pokémon
|rule|OHKO Clause: OHKO moves are banned
|rule|Evasion Items Clause: Evasion items are banned
|rule|Evasion Moves Clause: Evasion moves are banned
|rule|Evasion Abilities Clause: Evasion abilities are banned
|rule|Sleep Moves Clause: Sleep-inducing moves are banned
|clearpoke
|poke|p1|Excadrill, F|
|poke|p1|Tyranitar, M|
|poke|p1|Hippowdon, M|
|poke|p1|Gastrodon-East, M|
|poke|p1|Dugtrio, F|
|poke|p1|Houndstone, F|
|poke|p2|Clodsire, M|
|poke|p2|Hoopa-Unbound|
|poke|p2|Corviknight, F|
|poke|p2|Darkrai|
|poke|p2|Ogerpon-Wellspring, F|
|poke|p2|Garganacl, F|
|teampreview
|inactive|Battle timer is ON: inactive players will automatically lose when time's up. (requested by MucusLover49)
|
|t:|1769421736
|teamsize|p1|6
|teamsize|p2|6
|start
|switch|p1a: Houndstone|Houndstone, F, shiny|100/100
|switch|p2a: Clodsire|Clodsire, M, shiny|100/100
|turn|1
|
|t:|1769421745
|move|p1a: Houndstone|Will-O-Wisp|p2a: Clodsire|[miss]
|-miss|p1a: Houndstone|p2a: Clodsire
|move|p2a: Clodsire|Toxic|p1a: Houndstone
|-status|p1a: Houndstone|tox
|
|-damage|p1a: Houndstone|95/100 tox|[from] psn
|upkeep
|turn|2
|
|t:|1769421752
|move|p1a: Houndstone|Will-O-Wisp|p2a: Clodsire|[miss]
|-miss|p1a: Houndstone|p2a: Clodsire
|move|p2a: Clodsire|Stealth Rock|p1a: Houndstone
|-sidestart|p1: MucusLover49|move: Stealth Rock
|
|-heal|p1a: Houndstone|100/100 tox|[from] item: Leftovers
|-damage|p1a: Houndstone|89/100 tox|[from] psn
|upkeep
|turn|3
|
|t:|1769421763
|move|p1a: Houndstone|Will-O-Wisp|p2a: Clodsire
|-status|p2a: Clodsire|brn
|move|p2a: Clodsire|Earthquake|p1a: Houndstone
|-damage|p1a: Houndstone|71/100 tox
|
|-heal|p1a: Houndstone|77/100 tox|[from] item: Leftovers
|-damage|p1a: Houndstone|59/100 tox|[from] psn
|-damage|p2a: Clodsire|94/100 brn|[from] brn
|upkeep
|turn|4
|
|t:|1769421779
|switch|p1a: Hippowdon|Hippowdon, M|100/100
|-damage|p1a: Hippowdon|94/100|[from] Stealth Rock
|-weather|Sandstorm|[from] ability: Sand Stream|[of] p1a: Hippowdon
|move|p2a: Clodsire|Toxic|p1a: Hippowdon
|-status|p1a: Hippowdon|tox
|
|-weather|Sandstorm|[upkeep]
|-damage|p1a: Hippowdon|88/100 tox|[from] psn
|-damage|p2a: Clodsire|88/100 brn|[from] brn
|upkeep
|turn|5
|
|t:|1769421788
|move|p1a: Hippowdon|Stealth Rock|p2a: Clodsire
|-sidestart|p2: Nolan_pp1|move: Stealth Rock
|move|p2a: Clodsire|Earthquake|p1a: Hippowdon
|-damage|p1a: Hippowdon|78/100 tox
|
|-weather|Sandstorm|[upkeep]
|-damage|p1a: Hippowdon|66/100 tox|[from] psn
|-damage|p2a: Clodsire|82/100 brn|[from] brn
|upkeep
|turn|6
|
|t:|1769421801
|switch|p1a: Excadrill|Excadrill, F|100/100
|switch|p2a: Ogerpon|Ogerpon-Wellspring, F|100/100
|-damage|p2a: Ogerpon|88/100|[from] Stealth Rock
|
|-weather|Sandstorm|[upkeep]
|-damage|p2a: Ogerpon|82/100|[from] Sandstorm
|upkeep
|turn|7
|
|t:|1769421816
|-terastallize|p1a: Excadrill|Flying
|move|p2a: Ogerpon|Horn Leech|p1a: Excadrill
|-resisted|p1a: Excadrill
|-damage|p1a: Excadrill|68/100
|-heal|p2a: Ogerpon|100/100|[from] drain|[of] p1a: Excadrill
|move|p1a: Excadrill|Rapid Spin|p2a: Ogerpon
|-damage|p2a: Ogerpon|77/100
|-boost|p1a: Excadrill|spe|1
|-sideend|p1: MucusLover49|Stealth Rock|[from] move: Rapid Spin|[of] p1a: Excadrill
|
|-weather|Sandstorm|[upkeep]
|-damage|p2a: Ogerpon|71/100|[from] Sandstorm
|upkeep
|turn|8
|
|t:|1769421838
|move|p1a: Excadrill|Rock Slide|p2a: Ogerpon
|-damage|p2a: Ogerpon|28/100
|move|p2a: Ogerpon|Ivy Cudgel|p1a: Excadrill|[anim] Ivy Cudgel Water
|-damage|p1a: Excadrill|0 fnt
|faint|p1a: Excadrill
|
|-weather|Sandstorm|[upkeep]
|-damage|p2a: Ogerpon|22/100|[from] Sandstorm
|upkeep
|
|t:|1769421848
|switch|p1a: Dugtrio|Dugtrio, F|100/100
|turn|9
|inactive|Nolan_pp1 has 120 seconds left.
|
|t:|1769421881
|move|p1a: Dugtrio|Rock Slide|p2a: Ogerpon
|-damage|p2a: Ogerpon|0 fnt
|faint|p2a: Ogerpon
|
|-weather|Sandstorm|[upkeep]
|upkeep
|inactive|Nolan_pp1 has 120 seconds left.
|
|t:|1769421890
|switch|p2a: Clodsire|Clodsire, M, shiny|82/100 brn
|-damage|p2a: Clodsire|75/100 brn|[from] Stealth Rock
|turn|10
|
|t:|1769421895
|switch|p1a: Houndstone|Houndstone, F, shiny|59/100 tox
|move|p2a: Clodsire|Earthquake|p1a: Houndstone
|-damage|p1a: Houndstone|42/100 tox
|
|-weather|Sandstorm|[upkeep]
|-heal|p1a: Houndstone|48/100 tox|[from] item: Leftovers
|-damage|p1a: Houndstone|42/100 tox|[from] psn
|-damage|p2a: Clodsire|69/100 brn|[from] brn
|upkeep
|turn|11
|
|t:|1769421905
|move|p1a: Houndstone|Poltergeist|p2a: Clodsire
|-activate|p2a: Clodsire|move: Poltergeist|Rocky Helmet
|-damage|p2a: Clodsire|11/100 brn
|move|p2a: Clodsire|Toxic|p1a: Houndstone
|-fail|p1a: Houndstone|tox
|
|-weather|none
|-heal|p1a: Houndstone|48/100 tox|[from] item: Leftovers
|-damage|p1a: Houndstone|36/100 tox|[from] psn
|-damage|p2a: Clodsire|5/100 brn|[from] brn
|upkeep
|turn|12
|
|t:|1769421916
|move|p1a: Houndstone|Poltergeist|p2a: Clodsire
|-activate|p2a: Clodsire|move: Poltergeist|Rocky Helmet
|-damage|p2a: Clodsire|0 fnt
|faint|p2a: Clodsire
|
|-heal|p1a: Houndstone|42/100 tox|[from] item: Leftovers
|-damage|p1a: Houndstone|24/100 tox|[from] psn
|upkeep
|
|t:|1769421929
|switch|p2a: Hoopa|Hoopa-Unbound|100/100
|-damage|p2a: Hoopa|88/100|[from] Stealth Rock
|turn|13
|
|t:|1769421935
|switch|p1a: Tyranitar|Tyranitar, M|100/100
|-weather|Sandstorm|[from] ability: Sand Stream|[of] p1a: Tyranitar
|move|p2a: Hoopa|Knock Off|p1a: Tyranitar
|-resisted|p1a: Tyranitar
|-damage|p1a: Tyranitar|80/100
|-enditem|p1a: Tyranitar|Smooth Rock|[from] move: Knock Off|[of] p2a: Hoopa
|
|-weather|Sandstorm|[upkeep]
|-damage|p2a: Hoopa|82/100|[from] Sandstorm
|upkeep
|turn|14
|
|t:|1769421946
|switch|p1a: Houndstone|Houndstone, F, shiny|24/100 tox
|move|p2a: Hoopa|Drain Punch|p1a: Houndstone
|-immune|p1a: Houndstone
|
|-weather|Sandstorm|[upkeep]
|-damage|p2a: Hoopa|76/100|[from] Sandstorm
|-heal|p1a: Houndstone|30/100 tox|[from] item: Leftovers
|-damage|p1a: Houndstone|24/100 tox|[from] psn
|upkeep
|turn|15
|
|t:|1769421959
|move|p1a: Houndstone|Will-O-Wisp|p2a: Hoopa|[miss]
|-miss|p1a: Houndstone|p2a: Hoopa
|move|p2a: Hoopa|Knock Off|p1a: Houndstone
|-supereffective|p1a: Houndstone
|-damage|p1a: Houndstone|0 fnt
|-enditem|p1a: Houndstone|Leftovers|[from] move: Knock Off|[of] p2a: Hoopa
|faint|p1a: Houndstone
|
|-weather|Sandstorm|[upkeep]
|-damage|p2a: Hoopa|70/100|[from] Sandstorm
|upkeep
|
|t:|1769421969
|switch|p1a: Dugtrio|Dugtrio, F|100/100
|turn|16
|
|t:|1769421975
|move|p1a: Dugtrio|Earthquake|p2a: Hoopa
|-damage|p2a: Hoopa|0 fnt
|faint|p2a: Hoopa
|
|-weather|Sandstorm|[upkeep]
|upkeep
|
|t:|1769421983
|switch|p2a: Garganacl|Garganacl, F|100/100
|-damage|p2a: Garganacl|88/100|[from] Stealth Rock
|turn|17
|
|t:|1769421988
|-terastallize|p2a: Garganacl|Water
|move|p1a: Dugtrio|Earthquake|p2a: Garganacl
|-damage|p2a: Garganacl|42/100
|move|p2a: Garganacl|Earthquake|p1a: Dugtrio
|-damage|p1a: Dugtrio|35/100
|
|-weather|Sandstorm|[upkeep]
|-damage|p2a: Garganacl|36/100|[from] Sandstorm
|-heal|p2a: Garganacl|42/100|[from] item: Leftovers
|upkeep
|turn|18
|
|t:|1769422001
|move|p1a: Dugtrio|Earthquake|p2a: Garganacl
|-crit|p2a: Garganacl
|-damage|p2a: Garganacl|0 fnt
|faint|p2a: Garganacl
|
|-weather|Sandstorm|[upkeep]
|upkeep
|-message|Nolan_pp1 forfeited.
|
|win|MucusLover49
|raw|MucusLover49's rating: 1117 &rarr; <strong>1142</strong><br />(+25 for winning)
|raw|Nolan_pp1's rating: 1119 &rarr; <strong>1094</strong><br />(-25 for losing)
|l|☆Nolan_pp1
|player|p2|
|l|☆MucusLover49
|player|p1|
