|j|☆GreninjaMyFav
|j|☆4G3NC Teo
|t:|1769406825
|gametype|singles
|player|p1|GreninjaMyFav|skyla|1509
|player|p2|4G3NC Teo|iris-gen5bw2|1489
|gen|9
|tier|[Gen 9] OU
|rated|
|rule|HP Percentage Mod: HP is shown in percentages
|rule|Endless Battle Clause: Forcing endless battles is banned
|rule|Species Clause: Limit one of each Pokémon
|rule|OHKO Clause: OHKO moves are banned
|rule|Evasion Items Clause: Evasion items are banned
|rule|Evasion Moves Clause: Evasion moves are banned
|rule|Evasion Abilities Clause: Evasion abilities are banned
|rule|Sleep Moves Clause: Sleep-inducing moves are banned
|clearpoke
|poke|p1|Rillaboom, M|
|poke|p1|Gholdengo|
|poke|p1|Greninja-*, F|
|poke|p1|Heatran, M|
|poke|p1|Great Tusk|
|poke|p1|Ogerpon, F|
|poke|p2|Quaquaval, M|
|poke|p2|Dragapult, F|
|poke|p2|Ursaluna, M|
|poke|p2|Sinistcha-Masterpiece|
|poke|p2|Tinkaton, F|
|poke|p2|Iron Treads|
|teampreview
|
|t:|1769406836
|teamsize|p1|6
|teamsize|p2|6
|start
|switch|p1a: Heatran|Heatran, M|100/100
|switch|p2a: Numb|Dragapult, F|100/100
|turn|1
|inactive|Battle timer is ON: inactive players will automatically lose when time's up. (requested by 4G3NC Teo)
|
|t:|1769406841
|move|p2a: Numb|Shadow Ball|p1a: Heatran
|-damage|p1a: Heatran|69/100
|move|p1a: Heatran|Stealth Rock|p2a: Numb
|-sidestart|p2: 4G3NC Teo|move: Stealth Rock
|
|-heal|p1a: Heatran|76/100|[from] item: Leftovers
|upkeep
|turn|2
|
|t:|1769406843
|move|p2a: Numb|Shadow Ball|p1a: Heatran
|-damage|p1a: Heatran|45/100
|-unboost|p1a: Heatran|spd|1
|move|p1a: Heatran|Lava Plume|p2a: Numb
|-resisted|p2a: Numb
|-damage|p2a: Numb|77/100
|
|-heal|p1a: Heatran|51/100|[from] item: Leftovers
|upkeep
|turn|3
|
|t:|1769406846
|switch|p1a: Greninja|Greninja, F|100/100
|move|p2a: Numb|Shadow Ball|p1a: Greninja
|-resisted|p1a: Greninja
|-damage|p1a: Greninja|61/100
|-unboost|p1a: Greninja|spd|1
|
|upkeep
|turn|4
|
|t:|1769406850
|switch|p2a: Another Stone|Tinkaton, F|100/100
|-damage|p2a: Another Stone|94/100|[from] Stealth Rock
|move|p1a: Greninja|Ice Beam|p2a: Another Stone
|-start|p1a: Greninja|typechange|Ice|[from] ability: Protean
|-resisted|p2a: Another Stone
|-damage|p2a: Another Stone|67/100
|
|-heal|p2a: Another Stone|73/100|[from] item: Leftovers
|upkeep
|turn|5
|
|t:|1769406857
|switch|p1a: Great Tusk|Great Tusk|100/100
|move|p2a: Another Stone|Thunder Wave|p1a: Great Tusk
|-immune|p1a: Great Tusk
|
|-heal|p2a: Another Stone|79/100|[from] item: Leftovers
|upkeep
|turn|6
|
|t:|1769406861
|switch|p2a: Husk|Sinistcha-Masterpiece|100/100
|move|p1a: Great Tusk|Headlong Rush|p2a: Husk
|-resisted|p2a: Husk
|-crit|p2a: Husk
|-damage|p2a: Husk|59/100
|-unboost|p1a: Great Tusk|def|1
|-unboost|p1a: Great Tusk|spd|1
|
|upkeep
|turn|7
|
|t:|1769406867
|-end|p1a: Great Tusk|Protosynthesis|[silent]
|switch|p1a: Gholdengo|Gholdengo|100/100
|-item|p1a: Gholdengo|Air Balloon
|move|p2a: Husk|Strength Sap|p1a: Gholdengo
|-immune|p1a: Gholdengo|[from] ability: Good as Gold
|
|upkeep
|turn|8
|
|t:|1769406875
|switch|p1a: Heatran|Heatran, M|51/100
|switch|p2a: Billie Toppy|Ursaluna, M|100/100
|-damage|p2a: Billie Toppy|94/100|[from] Stealth Rock
|
|-heal|p1a: Heatran|57/100|[from] item: Leftovers
|upkeep
|turn|9
|
|t:|1769406883
|switch|p1a: Rillaboom|Rillaboom, M|100/100
|-fieldstart|move: Grassy Terrain|[from] ability: Grassy Surge|[of] p1a: Rillaboom
|move|p2a: Billie Toppy|Headlong Rush|p1a: Rillaboom
|-resisted|p1a: Rillaboom
|-damage|p1a: Rillaboom|58/100
|-unboost|p2a: Billie Toppy|def|1
|-unboost|p2a: Billie Toppy|spd|1
|
|-heal|p1a: Rillaboom|64/100|[from] Grassy Terrain
|-heal|p2a: Billie Toppy|100/100|[from] Grassy Terrain
|upkeep
|turn|10
|
|t:|1769406888
|switch|p2a: Another Stone|Tinkaton, F|79/100
|-damage|p2a: Another Stone|73/100|[from] Stealth Rock
|move|p1a: Rillaboom|U-turn|p2a: Another Stone
|-resisted|p2a: Another Stone
|-damage|p2a: Another Stone|61/100
|
|t:|1769406893
|switch|p1a: Greninja|Greninja, F|61/100|[from] U-turn
|
|-heal|p1a: Greninja|67/100|[from] Grassy Terrain
|-heal|p2a: Another Stone|68/100|[from] Grassy Terrain
|-heal|p2a: Another Stone|74/100|[from] item: Leftovers
|upkeep
|turn|11
|
|t:|1769406898
|move|p1a: Greninja|Hydro Pump|p2a: Another Stone
|-start|p1a: Greninja|typechange|Water|[from] ability: Protean
|-damage|p2a: Another Stone|9/100
|move|p2a: Another Stone|Thunder Wave|p1a: Greninja
|-status|p1a: Greninja|par
|
|-heal|p2a: Another Stone|15/100|[from] Grassy Terrain
|-heal|p2a: Another Stone|21/100|[from] item: Leftovers
|-heal|p1a: Greninja|73/100 par|[from] Grassy Terrain
|upkeep
|turn|12
|
|t:|1769406902
|move|p2a: Another Stone|Stealth Rock|p1a: Greninja
|-sidestart|p1: GreninjaMyFav|move: Stealth Rock
|move|p1a: Greninja|Hydro Pump|p2a: Another Stone
|-damage|p2a: Another Stone|0 fnt
|faint|p2a: Another Stone
|
|-heal|p1a: Greninja|79/100 par|[from] Grassy Terrain
|upkeep
|
|t:|1769406912
|switch|p2a: Husk|Sinistcha-Masterpiece|59/100
|turn|13
|
|t:|1769406917
|switch|p1a: Heatran|Heatran, M|57/100
|-damage|p1a: Heatran|45/100|[from] Stealth Rock
|move|p2a: Husk|Matcha Gotcha|p1a: Heatran
|-resisted|p1a: Heatran
|-damage|p1a: Heatran|38/100
|-heal|p2a: Husk|64/100|[from] drain|[of] p1a: Heatran
|
|-heal|p1a: Heatran|44/100|[from] Grassy Terrain
|-heal|p1a: Heatran|50/100|[from] item: Leftovers
|-heal|p2a: Husk|70/100|[from] Grassy Terrain
|-fieldend|move: Grassy Terrain
|upkeep
|turn|14
|
|t:|1769406922
|switch|p2a: Billie Toppy|Ursaluna, M|100/100
|-damage|p2a: Billie Toppy|94/100|[from] Stealth Rock
|move|p1a: Heatran|Taunt|p2a: Billie Toppy
|-start|p2a: Billie Toppy|move: Taunt
|
|-heal|p1a: Heatran|56/100|[from] item: Leftovers
|upkeep
|turn|15
|
|t:|1769406933
|switch|p1a: Great Tusk|Great Tusk|100/100
|move|p2a: Billie Toppy|Ice Punch|p1a: Great Tusk
|-supereffective|p1a: Great Tusk
|-damage|p1a: Great Tusk|57/100
|
|upkeep
|turn|16
|
|t:|1769406941
|-end|p1a: Great Tusk|Protosynthesis|[silent]
|switch|p1a: Greninja|Greninja, F|79/100 par
|-damage|p1a: Greninja|66/100 par|[from] Stealth Rock
|move|p2a: Billie Toppy|Ice Punch|p1a: Greninja
|-resisted|p1a: Greninja
|-damage|p1a: Greninja|42/100 par
|
|-end|p2a: Billie Toppy|move: Taunt
|upkeep
|turn|17
|
|t:|1769406952
|switch|p2a: Seranade of Water|Quaquaval, M|100/100
|-damage|p2a: Seranade of Water|94/100|[from] Stealth Rock
|move|p1a: Greninja|Grass Knot|p2a: Seranade of Water
|-start|p1a: Greninja|typechange|Grass|[from] ability: Protean
|-supereffective|p2a: Seranade of Water
|-damage|p2a: Seranade of Water|0 fnt
|faint|p2a: Seranade of Water
|
|upkeep
|
|t:|1769406957
|switch|p2a: Porcelain|Iron Treads|100/100
|-damage|p2a: Porcelain|98/100|[from] Stealth Rock
|-enditem|p2a: Porcelain|Booster Energy
|-activate|p2a: Porcelain|ability: Quark Drive|[fromitem]
|-start|p2a: Porcelain|quarkdrivespe
|turn|18
|
|t:|1769406962
|switch|p1a: Gholdengo|Gholdengo|100/100
|-damage|p1a: Gholdengo|94/100|[from] Stealth Rock
|-item|p1a: Gholdengo|Air Balloon
|move|p2a: Porcelain|Knock Off|p1a: Gholdengo
|-supereffective|p1a: Gholdengo
|-damage|p1a: Gholdengo|54/100
|-enditem|p1a: Gholdengo|Air Balloon
|
|upkeep
|turn|19
|
|t:|1769406964
|move|p2a: Porcelain|Earthquake|p1a: Gholdengo
|-supereffective|p1a: Gholdengo
|-damage|p1a: Gholdengo|0 fnt
|faint|p1a: Gholdengo
|
|upkeep
|
|t:|1769406972
|switch|p1a: Ogerpon|Ogerpon, F|100/100
|-damage|p1a: Ogerpon|88/100|[from] Stealth Rock
|turn|20
|
|t:|1769406974
|-terastallize|p1a: Ogerpon|Grass
|detailschange|p1a: Ogerpon|Ogerpon-Teal-Tera, F, tera:Grass
|-ability|p1a: Ogerpon|Embody Aspect (Teal)|boost
|-boost|p1a: Ogerpon|spe|1
|move|p1a: Ogerpon|Substitute|p1a: Ogerpon
|-start|p1a: Ogerpon|Substitute
|-damage|p1a: Ogerpon|63/100
|move|p2a: Porcelain|Rapid Spin|p1a: Ogerpon
|-activate|p1a: Ogerpon|move: Substitute|[damage]
|-sideend|p2: 4G3NC Teo|Stealth Rock|[from] move: Rapid Spin|[of] p2a: Porcelain
|-boost|p2a: Porcelain|spe|1
|
|-heal|p1a: Ogerpon|69/100|[from] item: Leftovers
|upkeep
|turn|21
|
|t:|1769406981
|move|p2a: Porcelain|Ice Spinner|p1a: Ogerpon
|-supereffective|p1a: Ogerpon
|-end|p1a: Ogerpon|Substitute
|move|p1a: Ogerpon|Swords Dance|p1a: Ogerpon
|-boost|p1a: Ogerpon|atk|2
|
|-heal|p1a: Ogerpon|75/100|[from] item: Leftovers
|upkeep
|turn|22
|
|t:|1769406984
|move|p2a: Porcelain|Ice Spinner|p1a: Ogerpon
|-supereffective|p1a: Ogerpon
|-damage|p1a: Ogerpon|9/100
|move|p1a: Ogerpon|Ivy Cudgel|p2a: Porcelain
|-damage|p2a: Porcelain|0 fnt
|faint|p2a: Porcelain
|-end|p2a: Porcelain|Quark Drive|[silent]
|
|-heal|p1a: Ogerpon|15/100|[from] item: Leftovers
|upkeep
|
|t:|1769406988
|switch|p2a: Husk|Sinistcha-Masterpiece|70/100
|turn|23
|
|t:|1769406992
|-terastallize|p2a: Husk|Steel
|move|p1a: Ogerpon|Ivy Cudgel|p2a: Husk
|-resisted|p2a: Husk
|-damage|p2a: Husk|19/100
|move|p2a: Husk|Strength Sap|p1a: Ogerpon
|-unboost|p1a: Ogerpon|atk|1
|-heal|p2a: Husk|100/100
|
|-heal|p1a: Ogerpon|21/100|[from] item: Leftovers
|upkeep
|turn|24
|
|t:|1769407000
|switch|p1a: Heatran|Heatran, M|56/100
|-damage|p1a: Heatran|44/100|[from] Stealth Rock
|move|p2a: Husk|Shadow Ball|p1a: Heatran
|-damage|p1a: Heatran|22/100
|
|-heal|p1a: Heatran|28/100|[from] item: Leftovers
|upkeep
|turn|25
|
|t:|1769407005
|move|p1a: Heatran|Stealth Rock|p2a: Husk
|-sidestart|p2: 4G3NC Teo|move: Stealth Rock
|move|p2a: Husk|Calm Mind|p2a: Husk
|-boost|p2a: Husk|spa|1
|-boost|p2a: Husk|spd|1
|
|-heal|p1a: Heatran|34/100|[from] item: Leftovers
|upkeep
|turn|26
|
|t:|1769407009
|move|p1a: Heatran|Earth Power|p2a: Husk
|-supereffective|p2a: Husk
|-damage|p2a: Husk|62/100
|move|p2a: Husk|Shadow Ball|p1a: Heatran
|-damage|p1a: Heatran|0 fnt
|faint|p1a: Heatran
|
|upkeep
|
|t:|1769407012
|switch|p1a: Great Tusk|Great Tusk|57/100
|turn|27
|
|t:|1769407018
|move|p1a: Great Tusk|Headlong Rush|p2a: Husk
|-supereffective|p2a: Husk
|-damage|p2a: Husk|0 fnt
|-unboost|p1a: Great Tusk|def|1
|-unboost|p1a: Great Tusk|spd|1
|faint|p2a: Husk
|
|upkeep
|
|t:|1769407023
|switch|p2a: Numb|Dragapult, F|77/100
|-damage|p2a: Numb|65/100|[from] Stealth Rock
|turn|28
|
|t:|1769407024
|move|p2a: Numb|Shadow Ball|p1a: Great Tusk
|-damage|p1a: Great Tusk|0 fnt
|faint|p1a: Great Tusk
|-end|p1a: Great Tusk|Protosynthesis|[silent]
|
|upkeep
|
|t:|1769407026
|switch|p1a: Ogerpon|Ogerpon-Teal-Tera, F, tera:Grass|21/100
|-damage|p1a: Ogerpon|8/100|[from] Stealth Rock
|-ability|p1a: Ogerpon|Embody Aspect (Teal)|boost
|-boost|p1a: Ogerpon|spe|1
|turn|29
|
|t:|1769407029
|move|p1a: Ogerpon|Knock Off|p2a: Numb
|-supereffective|p2a: Numb
|-damage|p2a: Numb|0 fnt
|-enditem|p2a: Numb|Choice Specs|[from] move: Knock Off|[of] p1a: Ogerpon
|faint|p2a: Numb
|
|-heal|p1a: Ogerpon|14/100|[from] item: Leftovers
|upkeep
|
|t:|1769407032
|switch|p2a: Billie Toppy|Ursaluna, M|94/100
|-damage|p2a: Billie Toppy|88/100|[from] Stealth Rock
|turn|30
|
|t:|1769407035
|move|p1a: Ogerpon|Ivy Cudgel|p2a: Billie Toppy
|-supereffective|p2a: Billie Toppy
|-damage|p2a: Billie Toppy|0 fnt
|faint|p2a: Billie Toppy
|
|win|GreninjaMyFav
|raw|GreninjaMyFav's rating: 1509 &rarr; <strong>1528</strong><br />(+19 for winning)
|raw|4G3NC Teo's rating: 1489 &rarr; <strong>1470</strong><br />(-19 for losing)
|l|☆4G3NC Teo
|player|p2|
|l|☆GreninjaMyFav
|player|p1|
