|j|☆esta man oe
|j|☆Pablo_Pilsen
|t:|1769366384
|gametype|singles
|player|p1|esta man oe|preschooler|1110
|player|p2|Pablo_Pilsen|170|1078
|gen|9
|tier|[Gen 9] OU
|rated|
|rule|HP Percentage Mod: HP is shown in percentages
|rule|Endless Battle Clause: Forcing endless battles is banned
|rule|Species Clause: Limit one of each Pokémon
|rule|OHKO Clause: OHKO moves are banned
|rule|Evasion Items Clause: Evasion items are banned
|rule|Evasion Moves Clause: Evasion moves are banned
|rule|Evasion Abilities Clause: Evasion abilities are banned
|rule|Sleep Moves Clause: Sleep-inducing moves are banned
|clearpoke
|poke|p1|Hatterene, F|
|poke|p1|Slowking-Galar, M|
|poke|p1|Araquanid, M|
|poke|p1|Kingambit, M|
|poke|p1|Deoxys-Defense|
|poke|p1|Hoopa-Unbound|
|poke|p2|Iron Valiant|
|poke|p2|Great Tusk|
|poke|p2|Dragonite, M|
|poke|p2|Deoxys-Speed|
|poke|p2|Glimmora, M|
|poke|p2|Kingambit, F|
|teampreview
|inactive|Battle timer is ON: inactive players will automatically lose when time's up. (requested by esta man oe)
|
|t:|1769366391
|teamsize|p1|6
|teamsize|p2|6
|start
|switch|p1a: Araquanid|Araquanid, M|100/100
|switch|p2a: Deoxys|Deoxys-Speed|100/100
|-ability|p2a: Deoxys|Pressure
|turn|1
|
|t:|1769366396
|move|p2a: Deoxys|Taunt|p1a: Araquanid
|-start|p1a: Araquanid|move: Taunt
|move|p1a: Araquanid|Liquidation|p2a: Deoxys
|-damage|p2a: Deoxys|0 fnt
|faint|p2a: Deoxys
|
|upkeep
|
|t:|1769366410
|switch|p2a: Great Tusk|Great Tusk|100/100
|-enditem|p2a: Great Tusk|Booster Energy
|-activate|p2a: Great Tusk|ability: Protosynthesis|[fromitem]
|-start|p2a: Great Tusk|protosynthesisspe
|turn|2
|
|t:|1769366425
|move|p2a: Great Tusk|Head Smash|p1a: Araquanid
|-supereffective|p1a: Araquanid
|-damage|p1a: Araquanid|15/100
|-damage|p2a: Great Tusk|67/100|[from] Recoil
|move|p1a: Araquanid|Liquidation|p2a: Great Tusk
|-supereffective|p2a: Great Tusk
|-damage|p2a: Great Tusk|0 fnt
|faint|p2a: Great Tusk
|-end|p2a: Great Tusk|Protosynthesis|[silent]
|
|upkeep
|
|t:|1769366433
|switch|p2a: Glimmora|Glimmora, M|100/100
|turn|3
|
|t:|1769366436
|switch|p1a: Hatterene|Hatterene, F, shiny|100/100
|move|p2a: Glimmora|Stealth Rock|p1a: Hatterene
|move|p1a: Hatterene|Stealth Rock|p2a: Glimmora|[from] ability: Magic Bounce
|-sidestart|p2: Pablo_Pilsen|move: Stealth Rock
|
|upkeep
|turn|4
|
|t:|1769366445
|move|p2a: Glimmora|Meteor Beam||[still]
|-prepare|p2a: Glimmora|Meteor Beam
|-boost|p2a: Glimmora|spa|1
|-enditem|p2a: Glimmora|Power Herb
|-anim|p2a: Glimmora|Meteor Beam|p1a: Hatterene
|-enditem|p1a: Hatterene|Focus Sash
|-damage|p1a: Hatterene|1/100
|move|p1a: Hatterene|Trick Room|p1a: Hatterene
|-fieldstart|move: Trick Room|[of] p1a: Hatterene
|
|upkeep
|turn|5
|
|t:|1769366454
|move|p1a: Hatterene|Healing Wish|p1a: Hatterene
|faint|p1a: Hatterene
|move|p2a: Glimmora|Earth Power|p1: Hatterene|[notarget]
|-fail|p2a: Glimmora
|
|upkeep
|
|t:|1769366456
|switch|p1a: Araquanid|Araquanid, M|15/100
|-heal|p1a: Araquanid|100/100|[from] move: Healing Wish
|turn|6
|
|t:|1769366462
|move|p1a: Araquanid|Liquidation|p2a: Glimmora
|-supereffective|p2a: Glimmora
|-damage|p2a: Glimmora|0 fnt
|-activate|p2a: Glimmora|ability: Toxic Debris
|-sidestart|p1: esta man oe|move: Toxic Spikes
|faint|p2a: Glimmora
|
|upkeep
|
|t:|1769366466
|switch|p2a: Kingambit|Kingambit, F|100/100
|-damage|p2a: Kingambit|94/100|[from] Stealth Rock
|-activate|p2a: Kingambit|ability: Supreme Overlord
|-start|p2a: Kingambit|fallen3|[silent]
|turn|7
|
|t:|1769366481
|-terastallize|p1a: Araquanid|Water
|move|p1a: Araquanid|Liquidation|p2a: Kingambit
|-damage|p2a: Kingambit|0 fnt
|faint|p2a: Kingambit
|-end|p2a: Kingambit|fallen3|[silent]
|
|upkeep
|
|t:|1769366486
|switch|p2a: Iron Valiant|Iron Valiant|100/100
|-damage|p2a: Iron Valiant|94/100|[from] Stealth Rock
|-enditem|p2a: Iron Valiant|Booster Energy
|-activate|p2a: Iron Valiant|ability: Quark Drive|[fromitem]
|-start|p2a: Iron Valiant|quarkdrivespe
|turn|8
|
|t:|1769366489
|move|p1a: Araquanid|Liquidation|p2a: Iron Valiant
|-damage|p2a: Iron Valiant|0 fnt
|faint|p2a: Iron Valiant
|-end|p2a: Iron Valiant|Quark Drive|[silent]
|
|-fieldend|move: Trick Room
|upkeep
|
|t:|1769366491
|switch|p2a: Dragonite|Dragonite, M|100/100
|-damage|p2a: Dragonite|76/100|[from] Stealth Rock
|turn|9
|
|t:|1769366494
|move|p2a: Dragonite|Earthquake|p1a: Araquanid
|-crit|p1a: Araquanid
|-damage|p1a: Araquanid|43/100
|move|p1a: Araquanid|Liquidation|p2a: Dragonite
|-resisted|p2a: Dragonite
|-damage|p2a: Dragonite|9/100
|
|-heal|p2a: Dragonite|16/100|[from] item: Leftovers
|upkeep
|turn|10
|
|t:|1769366500
|move|p2a: Dragonite|Earthquake|p1a: Araquanid
|-damage|p1a: Araquanid|2/100
|move|p1a: Araquanid|Liquidation|p2a: Dragonite
|-resisted|p2a: Dragonite
|-damage|p2a: Dragonite|0 fnt
|faint|p2a: Dragonite
|
|win|esta man oe
|raw|esta man oe's rating: 1110 &rarr; <strong>1133</strong><br />(+23 for winning)
|raw|Pablo_Pilsen's rating: 1078 &rarr; <strong>1058</strong><br />(-20 for losing)
|l|☆Pablo_Pilsen
|player|p2|
