|j|☆Hera2705
|j|☆blzh
|t:|1769416220
|gametype|singles
|player|p1|Hera2705|170|1136
|player|p2|blzh|101|1133
|gen|9
|tier|[Gen 9] OU
|rated|
|rule|HP Percentage Mod: HP is shown in percentages
|rule|Endless Battle Clause: Forcing endless battles is banned
|rule|Species Clause: Limit one of each Pokémon
|rule|OHKO Clause: OHKO moves are banned
|rule|Evasion Items Clause: Evasion items are banned
|rule|Evasion Moves Clause: Evasion moves are banned
|rule|Evasion Abilities Clause: Evasion abilities are banned
|rule|Sleep Moves Clause: Sleep-inducing moves are banned
|clearpoke
|poke|p1|Tyranitar, M|
|poke|p1|Landorus-Therian, M|
|poke|p1|Moltres|
|poke|p1|Kyurem|
|poke|p1|Gholdengo|
|poke|p1|Iron Treads|
|poke|p2|Sceptile, M|
|poke|p2|Magnezone|
|poke|p2|Pelipper, F|
|poke|p2|Arcanine, M|
|poke|p2|Weavile, M|
|poke|p2|Dusknoir, F|
|teampreview
|inactive|Battle timer is ON: inactive players will automatically lose when time's up. (requested by blzh)
|inactive|Hera2705 has 120 seconds left.
|inactive|Hera2705 has 90 seconds left.
|inactive|Hera2705 has 60 seconds left.
|
|t:|1769416333
|teamsize|p1|6
|teamsize|p2|6
|start
|switch|p1a: Landorus|Landorus-Therian, M|100/100
|switch|p2a: Weavile|Weavile, M|100/100
|-ability|p1a: Landorus|Intimidate|boost
|-unboost|p2a: Weavile|atk|1
|turn|1
|
|t:|1769416346
|move|p2a: Weavile|Triple Axel|p1a: Landorus
|-supereffective|p1a: Landorus
|-damage|p1a: Landorus|72/100
|-damage|p2a: Weavile|84/100|[from] item: Rocky Helmet|[of] p1a: Landorus
|-supereffective|p1a: Landorus
|-damage|p1a: Landorus|18/100
|-damage|p2a: Weavile|68/100|[from] item: Rocky Helmet|[of] p1a: Landorus
|-supereffective|p1a: Landorus
|-damage|p1a: Landorus|0 fnt
|-damage|p2a: Weavile|51/100|[from] item: Rocky Helmet|[of] p1a: Landorus
|faint|p1a: Landorus
|-hitcount|p1: Landorus|3
|
|upkeep
|
|t:|1769416359
|switch|p1a: Moltres|Moltres|100/100
|turn|2
|
|t:|1769416367
|switch|p2a: Pelipper|Pelipper, F|100/100
|-weather|RainDance|[from] ability: Drizzle|[of] p2a: Pelipper
|move|p1a: Moltres|Roar|p2a: Pelipper
|drag|p2a: Arcanine|Arcanine, M|100/100
|-ability|p2a: Arcanine|Intimidate|boost
|-unboost|p1a: Moltres|atk|1
|
|-weather|RainDance|[upkeep]
|upkeep
|turn|3
|
|t:|1769416380
|switch|p1a: Tyranitar|Tyranitar, M, shiny|100/100
|-weather|Sandstorm|[from] ability: Sand Stream|[of] p1a: Tyranitar
|move|p2a: Arcanine|Wild Charge|p1a: Tyranitar
|-damage|p1a: Tyranitar|74/100
|-damage|p2a: Arcanine|94/100|[from] Recoil
|
|-weather|Sandstorm|[upkeep]
|-damage|p2a: Arcanine|87/100|[from] Sandstorm
|-heal|p2a: Arcanine|94/100|[from] item: Leftovers
|upkeep
|turn|4
|
|t:|1769416393
|move|p2a: Arcanine|Iron Head|p1a: Tyranitar
|-supereffective|p1a: Tyranitar
|-damage|p1a: Tyranitar|32/100
|move|p1a: Tyranitar|Stone Edge|p2a: Arcanine
|-supereffective|p2a: Arcanine
|-damage|p2a: Arcanine|0 fnt
|faint|p2a: Arcanine
|
|-weather|Sandstorm|[upkeep]
|upkeep
|
|t:|1769416402
|switch|p2a: Magnezone|Magnezone|100/100
|turn|5
|
|t:|1769416419
|move|p1a: Tyranitar|Stone Edge|p2a: Magnezone|[miss]
|-miss|p1a: Tyranitar|p2a: Magnezone
|move|p2a: Magnezone|Body Press|p1a: Tyranitar
|-supereffective|p1a: Tyranitar
|-damage|p1a: Tyranitar|0 fnt
|faint|p1a: Tyranitar
|
|-weather|Sandstorm|[upkeep]
|upkeep
|
|t:|1769416427
|switch|p1a: Moltres|Moltres|100/100
|turn|6
|
|t:|1769416443
|move|p1a: Moltres|Flamethrower|p2a: Magnezone
|-supereffective|p2a: Magnezone
|-damage|p2a: Magnezone|50/100
|move|p2a: Magnezone|Volt Switch|p1a: Moltres
|-supereffective|p1a: Moltres
|-damage|p1a: Moltres|40/100
|
|t:|1769416446
|switch|p2a: Pelipper|Pelipper, F|100/100|[from] Volt Switch
|-weather|RainDance|[from] ability: Drizzle|[of] p2a: Pelipper
|
|-weather|RainDance|[upkeep]
|upkeep
|turn|7
|inactive|Hera2705 has 120 seconds left.
|
|t:|1769416462
|switch|p1a: Kyurem|Kyurem, shiny|100/100
|-ability|p1a: Kyurem|Pressure
|move|p2a: Pelipper|Surf|p1a: Kyurem
|-resisted|p1a: Kyurem
|-damage|p1a: Kyurem|77/100
|
|-weather|RainDance|[upkeep]
|upkeep
|turn|8
|
|t:|1769416470
|move|p1a: Kyurem|Dragon Dance|p1a: Kyurem
|-boost|p1a: Kyurem|atk|1
|-boost|p1a: Kyurem|spe|1
|move|p2a: Pelipper|U-turn|p1a: Kyurem
|-crit|p1a: Kyurem
|-damage|p1a: Kyurem|64/100
|
|t:|1769416475
|switch|p2a: Sceptile|Sceptile, M|100/100|[from] U-turn
|
|-weather|RainDance|[upkeep]
|upkeep
|turn|9
|
|t:|1769416486
|move|p2a: Sceptile|Endure|p2a: Sceptile
|-singleturn|p2a: Sceptile|move: Endure
|move|p1a: Kyurem|Icicle Spear|p2a: Sceptile
|-supereffective|p2a: Sceptile
|-damage|p2a: Sceptile|24/100
|-enditem|p2a: Sceptile|Weakness Policy
|-boost|p2a: Sceptile|atk|2|[from] item: Weakness Policy
|-boost|p2a: Sceptile|spa|2|[from] item: Weakness Policy
|-supereffective|p2a: Sceptile
|-activate|p2a: Sceptile|move: Endure
|-damage|p2a: Sceptile|1/100
|-supereffective|p2a: Sceptile
|-activate|p2a: Sceptile|move: Endure
|-damage|p2a: Sceptile|1/100
|-supereffective|p2a: Sceptile
|-activate|p2a: Sceptile|move: Endure
|-damage|p2a: Sceptile|1/100
|-supereffective|p2a: Sceptile
|-activate|p2a: Sceptile|move: Endure
|-damage|p2a: Sceptile|1/100
|-hitcount|p2a: Sceptile|5
|
|-weather|RainDance|[upkeep]
|upkeep
|turn|10
|inactive|Hera2705 has 120 seconds left.
|
|t:|1769416517
|move|p2a: Sceptile|Dragon Pulse|p1a: Kyurem
|-supereffective|p1a: Kyurem
|-damage|p1a: Kyurem|0 fnt
|faint|p1a: Kyurem
|
|-weather|none
|upkeep
|
|t:|1769416528
|switch|p1a: Iron Treads|Iron Treads|100/100
|turn|11
|
|t:|1769416532
|move|p2a: Sceptile|Giga Drain|p1a: Iron Treads
|-damage|p1a: Iron Treads|0 fnt
|-heal|p2a: Sceptile|58/100|[from] drain|[of] p1a: Iron Treads
|faint|p1a: Iron Treads
|-end|p1a: Iron Treads|Quark Drive|[silent]
|
|upkeep
|
|t:|1769416537
|switch|p1a: Gholdengo|Gholdengo|100/100
|turn|12
|inactive|Hera2705 has 120 seconds left.
|
|t:|1769416545
|-terastallize|p2a: Sceptile|Fire
|move|p2a: Sceptile|Tera Blast|p1a: Gholdengo|[anim] Tera Blast Fire
|-supereffective|p1a: Gholdengo
|-damage|p1a: Gholdengo|0 fnt
|faint|p1a: Gholdengo
|
|upkeep
|inactive|Hera2705 has 120 seconds left.
|
|t:|1769416551
|switch|p1a: Moltres|Moltres|40/100
|turn|13
|
|t:|1769416556
|move|p2a: Sceptile|Dragon Pulse|p1a: Moltres
|-damage|p1a: Moltres|0 fnt
|faint|p1a: Moltres
|
|win|blzh
|raw|Hera2705's rating: 1136 &rarr; <strong>1109</strong><br />(-27 for losing)
|raw|blzh's rating: 1107 &rarr; <strong>1134</strong><br />(+27 for winning)
|l|☆blzh
|player|p2|
|l|☆Hera2705
|player|p1|
