|j|☆hexonicgd
|j|☆Zuhaitz01
|t:|1769347126
|gametype|singles
|player|p1|hexonicgd|265|1353
|player|p2|Zuhaitz01|n|1348
|gen|9
|tier|[Gen 9] OU
|rated|
|rule|HP Percentage Mod: HP is shown in percentages
|rule|Endless Battle Clause: Forcing endless battles is banned
|rule|Species Clause: Limit one of each Pokémon
|rule|OHKO Clause: OHKO moves are banned
|rule|Evasion Items Clause: Evasion items are banned
|rule|Evasion Moves Clause: Evasion moves are banned
|rule|Evasion Abilities Clause: Evasion abilities are banned
|rule|Sleep Moves Clause: Sleep-inducing moves are banned
|clearpoke
|poke|p1|Azelf|
|poke|p1|Porygon-Z|
|poke|p1|Araquanid, M|
|poke|p1|Gholdengo|
|poke|p1|Rampardos, M|
|poke|p1|Meowscarada, M|
|poke|p2|Hoopa-Unbound|
|poke|p2|Great Tusk|
|poke|p2|Zamazenta-*|
|poke|p2|Zapdos|
|poke|p2|Slowking-Galar, M|
|poke|p2|Glimmora, M|
|teampreview
|inactive|Battle timer is ON: inactive players will automatically lose when time's up. (requested by Zuhaitz01)
|
|t:|1769347146
|teamsize|p1|6
|teamsize|p2|6
|start
|switch|p1a: Araquanid|Araquanid, M|100/100
|switch|p2a: Glimmora|Glimmora, M, shiny|100/100
|turn|1
|
|t:|1769347155
|move|p2a: Glimmora|Meteor Beam||[still]
|-prepare|p2a: Glimmora|Meteor Beam
|-boost|p2a: Glimmora|spa|1
|-enditem|p2a: Glimmora|Power Herb
|-anim|p2a: Glimmora|Meteor Beam|p1a: Araquanid
|-supereffective|p1a: Araquanid
|-damage|p1a: Araquanid|0 fnt
|faint|p1a: Araquanid
|
|upkeep
|
|t:|1769347166
|switch|p1a: Azelf|Azelf|100/100
|turn|2
|
|t:|1769347180
|-terastallize|p2a: Glimmora|Ghost
|move|p1a: Azelf|Mystical Power|p2a: Glimmora
|-damage|p2a: Glimmora|50/100
|-boost|p1a: Azelf|spa|1
|move|p2a: Glimmora|Stealth Rock|p1a: Azelf
|-sidestart|p1: hexonicgd|move: Stealth Rock
|
|upkeep
|turn|3
|
|t:|1769347203
|move|p1a: Azelf|Mystical Power|p2a: Glimmora
|-damage|p2a: Glimmora|0 fnt
|-boost|p1a: Azelf|spa|1
|faint|p2a: Glimmora
|
|upkeep
|
|t:|1769347209
|switch|p2a: Hoopa|Hoopa-Unbound|100/100
|turn|4
|
|t:|1769347214
|-terastallize|p1a: Azelf|Fairy
|move|p1a: Azelf|Dazzling Gleam|p2a: Hoopa
|-supereffective|p2a: Hoopa
|-damage|p2a: Hoopa|11/100
|move|p2a: Hoopa|Knock Off|p1a: Azelf
|-resisted|p1a: Azelf
|-damage|p1a: Azelf|61/100
|-enditem|p1a: Azelf|Expert Belt|[from] move: Knock Off|[of] p2a: Hoopa
|
|upkeep
|turn|5
|
|t:|1769347233
|move|p1a: Azelf|Flamethrower|p2a: Hoopa
|-crit|p2a: Hoopa
|-damage|p2a: Hoopa|0 fnt
|faint|p2a: Hoopa
|
|upkeep
|
|t:|1769347246
|switch|p2a: Zapdos|Zapdos|100/100
|turn|6
|
|t:|1769347256
|move|p1a: Azelf|Dazzling Gleam|p2a: Zapdos
|-damage|p2a: Zapdos|7/100
|move|p2a: Zapdos|Volt Switch|p1a: Azelf
|-damage|p1a: Azelf|0 fnt
|faint|p1a: Azelf
|
|t:|1769347276
|switch|p2a: Great Tusk|Great Tusk|100/100|[from] Volt Switch
|-enditem|p2a: Great Tusk|Booster Energy
|-activate|p2a: Great Tusk|ability: Protosynthesis|[fromitem]
|-start|p2a: Great Tusk|protosynthesisatk
|
|upkeep
|
|t:|1769347286
|switch|p1a: Porygon-Z|Porygon-Z|100/100
|-damage|p1a: Porygon-Z|88/100|[from] Stealth Rock
|turn|7
|
|t:|1769347289
|move|p1a: Porygon-Z|Ice Beam|p2a: Great Tusk
|-supereffective|p2a: Great Tusk
|-damage|p2a: Great Tusk|0 fnt
|faint|p2a: Great Tusk
|-end|p2a: Great Tusk|Protosynthesis|[silent]
|
|upkeep
|
|t:|1769347298
|switch|p2a: Slowking|Slowking-Galar, M|100/100
|turn|8
|
|t:|1769347308
|move|p1a: Porygon-Z|Shadow Ball|p2a: Slowking
|-supereffective|p2a: Slowking
|-damage|p2a: Slowking|58/100
|move|p2a: Slowking|Future Sight|p1a: Porygon-Z
|-start|p2a: Slowking|move: Future Sight
|
|upkeep
|turn|9
|
|t:|1769347316
|move|p1a: Porygon-Z|Shadow Ball|p2a: Slowking
|-supereffective|p2a: Slowking
|-damage|p2a: Slowking|21/100
|-prepare|p2a: Slowking|Chilly Reception|[premajor]
|move|p2a: Slowking|Chilly Reception|p2a: Slowking
|-weather|Snowscape
|
|t:|1769347324
|switch|p2a: Zamazenta|Zamazenta|100/100|[from] Chilly Reception
|-ability|p2a: Zamazenta|Dauntless Shield|boost
|-boost|p2a: Zamazenta|def|1
|
|-weather|Snowscape|[upkeep]
|upkeep
|turn|10
|
|t:|1769347335
|move|p2a: Zamazenta|Iron Defense|p2a: Zamazenta
|-boost|p2a: Zamazenta|def|2
|move|p1a: Porygon-Z|Tera Blast|p2a: Zamazenta
|-damage|p2a: Zamazenta|52/100
|
|-weather|Snowscape|[upkeep]
|-end|p1a: Porygon-Z|move: Future Sight
|-damage|p1a: Porygon-Z|24/100
|upkeep
|turn|11
|
|t:|1769347343
|move|p2a: Zamazenta|Body Press|p1a: Porygon-Z
|-supereffective|p1a: Porygon-Z
|-damage|p1a: Porygon-Z|0 fnt
|faint|p1a: Porygon-Z
|
|-weather|Snowscape|[upkeep]
|upkeep
|
|t:|1769347351
|switch|p1a: Gholdengo|Gholdengo|100/100
|-damage|p1a: Gholdengo|94/100|[from] Stealth Rock
|-item|p1a: Gholdengo|Air Balloon
|turn|12
|
|t:|1769347360
|move|p2a: Zamazenta|Crunch|p1a: Gholdengo
|-supereffective|p1a: Gholdengo
|-damage|p1a: Gholdengo|45/100
|-enditem|p1a: Gholdengo|Air Balloon
|move|p1a: Gholdengo|Make It Rain|p2a: Zamazenta
|-damage|p2a: Zamazenta|2/100
|-unboost|p1a: Gholdengo|spa|1
|
|-weather|Snowscape|[upkeep]
|upkeep
|turn|13
|-message|hexonicgd forfeited.
|
|win|Zuhaitz01
|raw|hexonicgd's rating: 1353 &rarr; <strong>1333</strong><br />(-20 for losing)
|raw|Zuhaitz01's rating: 1348 &rarr; <strong>1368</strong><br />(+20 for winning)
|l|☆hexonicgd
|player|p1|
|l|☆Zuhaitz01
|player|p2|
