|j|☆polgo
|j|☆Eroset
|t:|1769366469
|gametype|singles
|player|p1|polgo|swimmer-gen4|1129
|player|p2|Eroset|veteran|1147
|gen|9
|tier|[Gen 9] OU
|rated|
|rule|HP Percentage Mod: HP is shown in percentages
|rule|Endless Battle Clause: Forcing endless battles is banned
|rule|Species Clause: Limit one of each Pokémon
|rule|OHKO Clause: OHKO moves are banned
|rule|Evasion Items Clause: Evasion items are banned
|rule|Evasion Moves Clause: Evasion moves are banned
|rule|Evasion Abilities Clause: Evasion abilities are banned
|rule|Sleep Moves Clause: Sleep-inducing moves are banned
|clearpoke
|poke|p1|Iron Hands|
|poke|p1|Bastiodon, M|
|poke|p1|Altaria, F|
|poke|p1|Slowking, M|
|poke|p1|Spiritomb, M|
|poke|p1|Camerupt, M|
|poke|p2|Magnezone|
|poke|p2|Decidueye, F|
|poke|p2|Glimmora, M|
|poke|p2|Grimmsnarl, M|
|poke|p2|Dragapult, F|
|poke|p2|Alomomola, M|
|teampreview
|inactive|Battle timer is ON: inactive players will automatically lose when time's up. (requested by Eroset)
|
|t:|1769366485
|teamsize|p1|6
|teamsize|p2|6
|start
|switch|p1a: Camerupt|Camerupt, M|100/100
|switch|p2a: Glimmora|Glimmora, M|100/100
|turn|1
|
|t:|1769366511
|move|p2a: Glimmora|Stealth Rock|p1a: Camerupt
|-sidestart|p1: polgo|move: Stealth Rock
|move|p1a: Camerupt|Earth Power|p2a: Glimmora
|-supereffective|p2a: Glimmora
|-enditem|p2a: Glimmora|Focus Sash
|-damage|p2a: Glimmora|1/100
|
|upkeep
|turn|2
|
|t:|1769366523
|move|p2a: Glimmora|Earth Power|p1a: Camerupt
|-supereffective|p1a: Camerupt
|-damage|p1a: Camerupt|57/100
|move|p1a: Camerupt|Lava Plume|p2a: Glimmora
|-resisted|p2a: Glimmora
|-crit|p2a: Glimmora
|-damage|p2a: Glimmora|0 fnt
|faint|p2a: Glimmora
|
|upkeep
|
|t:|1769366532
|switch|p2a: Alomomola|Alomomola, M|100/100
|turn|3
|
|t:|1769366536
|move|p2a: Alomomola|Scald|p1a: Camerupt
|-supereffective|p1a: Camerupt
|-damage|p1a: Camerupt|23/100
|move|p1a: Camerupt|Earth Power|p2a: Alomomola
|-damage|p2a: Alomomola|78/100
|
|upkeep
|turn|4
|
|t:|1769366544
|move|p2a: Alomomola|Scald|p1a: Camerupt
|-supereffective|p1a: Camerupt
|-damage|p1a: Camerupt|0 fnt
|faint|p1a: Camerupt
|
|upkeep
|
|t:|1769366549
|switch|p1a: Iron Hands|Iron Hands, shiny|100/100
|-damage|p1a: Iron Hands|94/100|[from] Stealth Rock
|turn|5
|
|t:|1769366556
|switch|p2a: Grimmsnarl|Grimmsnarl, M|100/100
|move|p1a: Iron Hands|Supercell Slam|p2a: Grimmsnarl
|-damage|p2a: Grimmsnarl|37/100
|
|upkeep
|turn|6
|
|t:|1769366562
|move|p2a: Grimmsnarl|Reflect|p2a: Grimmsnarl
|-sidestart|p2: Eroset|Reflect
|move|p1a: Iron Hands|Supercell Slam|p2a: Grimmsnarl
|-damage|p2a: Grimmsnarl|7/100
|
|upkeep
|turn|7
|
|t:|1769366569
|move|p2a: Grimmsnarl|Parting Shot|p1a: Iron Hands
|-unboost|p1a: Iron Hands|atk|1
|-unboost|p1a: Iron Hands|spa|1
|
|t:|1769366573
|switch|p2a: Intel|Magnezone, shiny|100/100|[from] Parting Shot
|move|p1a: Iron Hands|Drain Punch|p2a: Intel
|-supereffective|p2a: Intel
|-damage|p2a: Intel|71/100
|-heal|p1a: Iron Hands|100/100|[from] drain|[of] p2a: Intel
|
|upkeep
|turn|8
|
|t:|1769366581
|move|p2a: Intel|Volt Switch|p1a: Iron Hands
|-resisted|p1a: Iron Hands
|-damage|p1a: Iron Hands|85/100
|
|t:|1769366587
|switch|p2a: Robin Hoot|Decidueye, F|100/100|[from] Volt Switch
|move|p1a: Iron Hands|Drain Punch|p2a: Robin Hoot
|-immune|p2a: Robin Hoot
|
|upkeep
|turn|9
|
|t:|1769366593
|move|p2a: Robin Hoot|Spirit Shackle|p1a: Iron Hands
|-damage|p1a: Iron Hands|59/100
|-activate|p1a: Iron Hands|trapped
|move|p1a: Iron Hands|Ice Punch|p2a: Robin Hoot
|-supereffective|p2a: Robin Hoot
|-damage|p2a: Robin Hoot|76/100
|
|upkeep
|turn|10
|
|t:|1769366600
|move|p2a: Robin Hoot|Swords Dance|p2a: Robin Hoot
|-boost|p2a: Robin Hoot|atk|2
|move|p1a: Iron Hands|Ice Punch|p2a: Robin Hoot
|-supereffective|p2a: Robin Hoot
|-damage|p2a: Robin Hoot|51/100
|
|upkeep
|turn|11
|
|t:|1769366606
|move|p2a: Robin Hoot|Swords Dance|p2a: Robin Hoot
|-boost|p2a: Robin Hoot|atk|2
|move|p1a: Iron Hands|Ice Punch|p2a: Robin Hoot
|-supereffective|p2a: Robin Hoot
|-damage|p2a: Robin Hoot|25/100
|
|upkeep
|turn|12
|
|t:|1769366615
|move|p2a: Robin Hoot|Spirit Shackle|p1a: Iron Hands
|-damage|p1a: Iron Hands|0 fnt
|faint|p1a: Iron Hands
|-end|p1a: Iron Hands|Quark Drive|[silent]
|
|upkeep
|
|t:|1769366622
|switch|p1a: Bastiodon|Bastiodon, M, shiny|100/100
|-damage|p1a: Bastiodon|94/100|[from] Stealth Rock
|turn|13
|
|t:|1769366626
|move|p2a: Robin Hoot|Leaf Blade|p1a: Bastiodon
|-damage|p1a: Bastiodon|11/100
|-enditem|p1a: Bastiodon|Red Card|[of] p2a: Robin Hoot
|drag|p2a: Intel|Magnezone, shiny|71/100
|move|p1a: Bastiodon|Metal Burst|p2a: Intel
|-damage|p2a: Intel|0 fnt
|faint|p2a: Intel
|
|-sideend|p2: Eroset|Reflect
|upkeep
|
|t:|1769366635
|switch|p2a: Alomomola|Alomomola, M|100/100
|turn|14
|
|t:|1769366642
|switch|p1a: Altaria|Altaria, F, shiny|100/100
|move|p2a: Alomomola|Flip Turn|p1a: Altaria
|-resisted|p1a: Altaria
|-damage|p1a: Altaria|93/100
|
|t:|1769366648
|switch|p2a: Grimmsnarl|Grimmsnarl, M|7/100|[from] Flip Turn
|
|upkeep
|turn|15
|
|t:|1769366654
|move|p2a: Grimmsnarl|Parting Shot|p1a: Altaria
|-unboost|p1a: Altaria|atk|1
|-unboost|p1a: Altaria|spa|1
|
|t:|1769366658
|switch|p2a: Alomomola|Alomomola, M|100/100|[from] Parting Shot
|move|p1a: Altaria|Defog|p2a: Alomomola
|-unboost|p2a: Alomomola|evasion|1
|-sideend|p1: polgo|Stealth Rock|[from] move: Defog|[of] p1a: Altaria
|
|upkeep
|turn|16
|
|t:|1769366664
|move|p1a: Altaria|Fire Spin|p2a: Alomomola
|-resisted|p2a: Alomomola
|-damage|p2a: Alomomola|99/100
|-activate|p2a: Alomomola|move: Fire Spin|[of] p1a: Altaria
|move|p2a: Alomomola|Body Slam|p1a: Altaria
|-damage|p1a: Altaria|78/100
|
|-damage|p2a: Alomomola|87/100|[from] move: Fire Spin|[partiallytrapped]
|upkeep
|turn|17
|
|t:|1769366673
|move|p1a: Altaria|Perish Song|p1a: Altaria
|-start|p1a: Altaria|perish3|[silent]
|-start|p2a: Alomomola|perish3|[silent]
|-fieldactivate|move: Perish Song
|move|p2a: Alomomola|Body Slam|p1a: Altaria
|-damage|p1a: Altaria|64/100
|
|-damage|p2a: Alomomola|75/100|[from] move: Fire Spin|[partiallytrapped]
|-start|p1a: Altaria|perish3
|-start|p2a: Alomomola|perish3
|upkeep
|turn|18
|
|t:|1769366681
|move|p1a: Altaria|Roost|p1a: Altaria
|-heal|p1a: Altaria|100/100
|-singleturn|p1a: Altaria|move: Roost
|move|p2a: Alomomola|Flip Turn|p1a: Altaria
|-resisted|p1a: Altaria
|-damage|p1a: Altaria|92/100
|
|t:|1769366688
|switch|p2a: Grimmsnarl|Grimmsnarl, M|7/100|[from] Flip Turn
|
|-start|p1a: Altaria|perish2
|upkeep
|turn|19
|
|t:|1769366693
|move|p2a: Grimmsnarl|Light Screen|p2a: Grimmsnarl
|-sidestart|p2: Eroset|move: Light Screen
|move|p1a: Altaria|Fire Spin|p2a: Grimmsnarl
|-damage|p2a: Grimmsnarl|6/100
|-activate|p2a: Grimmsnarl|move: Fire Spin|[of] p1a: Altaria
|
|-damage|p2a: Grimmsnarl|0 fnt|[from] move: Fire Spin|[partiallytrapped]
|faint|p2a: Grimmsnarl
|-start|p1a: Altaria|perish1
|upkeep
|
|t:|1769366702
|switch|p2a: Alomomola|Alomomola, M|100/100
|turn|20
|
|t:|1769366707
|switch|p1a: Bastiodon|Bastiodon, M, shiny|11/100
|move|p2a: Alomomola|Scald|p1a: Bastiodon
|-supereffective|p1a: Bastiodon
|-damage|p1a: Bastiodon|0 fnt
|faint|p1a: Bastiodon
|
|upkeep
|
|t:|1769366712
|switch|p1a: Spiritomb|Spiritomb, M, shiny|100/100
|turn|21
|
|t:|1769366716
|move|p2a: Alomomola|Scald|p1a: Spiritomb
|-damage|p1a: Spiritomb|86/100
|move|p1a: Spiritomb|Will-O-Wisp|p2a: Alomomola
|-status|p2a: Alomomola|brn
|
|-damage|p2a: Alomomola|94/100 brn|[from] brn
|upkeep
|turn|22
|
|t:|1769366723
|move|p2a: Alomomola|Scald|p1a: Spiritomb
|-damage|p1a: Spiritomb|73/100
|move|p1a: Spiritomb|Poltergeist|p2a: Alomomola|[miss]
|-miss|p1a: Spiritomb|p2a: Alomomola
|
|-damage|p2a: Alomomola|88/100 brn|[from] brn
|upkeep
|turn|23
|
|t:|1769366732
|switch|p1a: Slowking|Slowking, M, shiny|100/100
|move|p2a: Alomomola|Scald|p1a: Slowking
|-resisted|p1a: Slowking
|-damage|p1a: Slowking|97/100
|-status|p1a: Slowking|brn
|
|-damage|p2a: Alomomola|82/100 brn|[from] brn
|-damage|p1a: Slowking|91/100 brn|[from] brn
|upkeep
|turn|24
|
|t:|1769366741
|switch|p2a: Robin Hoot|Decidueye, F|25/100
|move|p1a: Slowking|Scald|p2a: Robin Hoot
|-resisted|p2a: Robin Hoot
|-damage|p2a: Robin Hoot|18/100
|-status|p2a: Robin Hoot|brn
|
|-damage|p2a: Robin Hoot|12/100 brn|[from] brn
|-damage|p1a: Slowking|85/100 brn|[from] brn
|upkeep
|turn|25
|
|t:|1769366750
|move|p2a: Robin Hoot|Spirit Shackle|p1a: Slowking
|-supereffective|p1a: Slowking
|-crit|p1a: Slowking
|-damage|p1a: Slowking|17/100 brn
|-activate|p1a: Slowking|trapped
|move|p1a: Slowking|Scald|p2a: Robin Hoot
|-resisted|p2a: Robin Hoot
|-damage|p2a: Robin Hoot|4/100 brn
|
|-damage|p2a: Robin Hoot|0 fnt|[from] brn
|faint|p2a: Robin Hoot
|-damage|p1a: Slowking|11/100 brn|[from] brn
|upkeep
|
|t:|1769366760
|switch|p2a: Northrop Grumman|Dragapult, F|100/100
|turn|26
|
|t:|1769366764
|move|p2a: Northrop Grumman|U-turn|p1a: Slowking
|-supereffective|p1a: Slowking
|-damage|p1a: Slowking|0 fnt
|-damage|p2a: Northrop Grumman|84/100|[from] item: Rocky Helmet|[of] p1a: Slowking
|faint|p1a: Slowking
|
|t:|1769366769
|switch|p2a: Alomomola|Alomomola, M|100/100 brn|[from] U-turn
|
|-damage|p2a: Alomomola|94/100 brn|[from] brn
|-sideend|p2: Eroset|move: Light Screen
|upkeep
|
|t:|1769366773
|switch|p1a: Altaria|Altaria, F, shiny|92/100
|turn|27
|
|t:|1769366776
|move|p1a: Altaria|Perish Song|p1a: Altaria
|-start|p1a: Altaria|perish3|[silent]
|-start|p2a: Alomomola|perish3|[silent]
|-fieldactivate|move: Perish Song
|move|p2a: Alomomola|Body Slam|p1a: Altaria
|-damage|p1a: Altaria|86/100
|
|-damage|p2a: Alomomola|88/100 brn|[from] brn
|-start|p1a: Altaria|perish3
|-start|p2a: Alomomola|perish3
|upkeep
|turn|28
|
|t:|1769366784
|move|p1a: Altaria|Fire Spin|p2a: Alomomola
|-resisted|p2a: Alomomola
|-damage|p2a: Alomomola|87/100 brn
|-activate|p2a: Alomomola|move: Fire Spin|[of] p1a: Altaria
|move|p2a: Alomomola|Body Slam|p1a: Altaria
|-damage|p1a: Altaria|79/100
|
|-damage|p2a: Alomomola|81/100 brn|[from] brn
|-damage|p2a: Alomomola|68/100 brn|[from] move: Fire Spin|[partiallytrapped]
|-start|p1a: Altaria|perish2
|-start|p2a: Alomomola|perish2
|upkeep
|turn|29
|
|t:|1769366797
|move|p1a: Altaria|Roost|p1a: Altaria
|-heal|p1a: Altaria|100/100
|-singleturn|p1a: Altaria|move: Roost
|move|p2a: Alomomola|Scald|p1a: Altaria
|-resisted|p1a: Altaria
|-damage|p1a: Altaria|96/100
|
|-damage|p2a: Alomomola|62/100 brn|[from] brn
|-damage|p2a: Alomomola|50/100 brn|[from] move: Fire Spin|[partiallytrapped]
|-start|p1a: Altaria|perish1
|-start|p2a: Alomomola|perish1
|upkeep
|turn|30
|
|t:|1769366809
|switch|p1a: Spiritomb|Spiritomb, M, shiny|73/100
|move|p2a: Alomomola|Flip Turn|p1a: Spiritomb
|-damage|p1a: Spiritomb|66/100
|-damage|p2a: Alomomola|33/100 brn|[from] item: Rocky Helmet|[of] p1a: Spiritomb
|
|t:|1769366815
|switch|p2a: Northrop Grumman|Dragapult, F|84/100|[from] Flip Turn
|
|upkeep
|turn|31
|
|t:|1769366821
|-terastallize|p2a: Northrop Grumman|Fairy
|move|p2a: Northrop Grumman|Will-O-Wisp|p1a: Spiritomb|[miss]
|-miss|p2a: Northrop Grumman|p1a: Spiritomb
|move|p1a: Spiritomb|Will-O-Wisp|p2a: Northrop Grumman
|-status|p2a: Northrop Grumman|brn
|
|-damage|p2a: Northrop Grumman|78/100 brn|[from] brn
|upkeep
|turn|32
|
|t:|1769366829
|move|p2a: Northrop Grumman|Will-O-Wisp|p1a: Spiritomb
|-status|p1a: Spiritomb|brn
|move|p1a: Spiritomb|Poltergeist|p2a: Northrop Grumman
|-activate|p2a: Northrop Grumman|move: Poltergeist|Heavy-Duty Boots
|-damage|p2a: Northrop Grumman|55/100 brn
|
|-damage|p2a: Northrop Grumman|49/100 brn|[from] brn
|-damage|p1a: Spiritomb|59/100 brn|[from] brn
|upkeep
|turn|33
|
|t:|1769366838
|move|p2a: Northrop Grumman|Hex|p1a: Spiritomb
|-damage|p1a: Spiritomb|7/100 brn
|move|p1a: Spiritomb|Poltergeist|p2a: Northrop Grumman
|-activate|p2a: Northrop Grumman|move: Poltergeist|Heavy-Duty Boots
|-damage|p2a: Northrop Grumman|24/100 brn
|
|-damage|p2a: Northrop Grumman|18/100 brn|[from] brn
|-damage|p1a: Spiritomb|0 fnt|[from] brn
|faint|p1a: Spiritomb
|upkeep
|
|t:|1769366846
|switch|p1a: Altaria|Altaria, F, shiny|96/100
|turn|34
|
|t:|1769366853
|move|p2a: Northrop Grumman|Will-O-Wisp|p1a: Altaria
|-status|p1a: Altaria|brn
|move|p1a: Altaria|Fire Spin|p2a: Northrop Grumman
|-damage|p2a: Northrop Grumman|9/100 brn
|-activate|p2a: Northrop Grumman|move: Fire Spin|[of] p1a: Altaria
|
|-damage|p2a: Northrop Grumman|3/100 brn|[from] brn
|-damage|p1a: Altaria|89/100 brn|[from] brn
|-damage|p2a: Northrop Grumman|0 fnt|[from] move: Fire Spin|[partiallytrapped]
|faint|p2a: Northrop Grumman
|upkeep
|
|t:|1769366862
|switch|p2a: Alomomola|Alomomola, M|66/100 brn
|turn|35
|
|t:|1769366868
|move|p1a: Altaria|Perish Song|p1a: Altaria
|-start|p1a: Altaria|perish3|[silent]
|-start|p2a: Alomomola|perish3|[silent]
|-fieldactivate|move: Perish Song
|move|p2a: Alomomola|Body Slam|p1a: Altaria
|-damage|p1a: Altaria|83/100 brn
|
|-damage|p1a: Altaria|76/100 brn|[from] brn
|-damage|p2a: Alomomola|60/100 brn|[from] brn
|-start|p1a: Altaria|perish3
|-start|p2a: Alomomola|perish3
|upkeep
|turn|36
|
|t:|1769366878
|move|p1a: Altaria|Fire Spin|p2a: Alomomola|[miss]
|-miss|p1a: Altaria|p2a: Alomomola
|move|p2a: Alomomola|Scald|p1a: Altaria
|-resisted|p1a: Altaria
|-damage|p1a: Altaria|71/100 brn
|
|-damage|p1a: Altaria|65/100 brn|[from] brn
|-damage|p2a: Alomomola|54/100 brn|[from] brn
|-start|p1a: Altaria|perish2
|-start|p2a: Alomomola|perish2
|upkeep
|turn|37
|c|☆polgo|you shouldve u-turned
|
|t:|1769366888
|move|p1a: Altaria|Roost|p1a: Altaria
|-heal|p1a: Altaria|100/100 brn
|-singleturn|p1a: Altaria|move: Roost
|move|p2a: Alomomola|Scald|p1a: Altaria
|-resisted|p1a: Altaria
|-damage|p1a: Altaria|95/100 brn
|
|-damage|p1a: Altaria|89/100 brn|[from] brn
|-damage|p2a: Alomomola|48/100 brn|[from] brn
|-start|p1a: Altaria|perish1
|-start|p2a: Alomomola|perish1
|upkeep
|turn|38
|
|t:|1769366904
|move|p1a: Altaria|Fire Spin|p2a: Alomomola
|-resisted|p2a: Alomomola
|-damage|p2a: Alomomola|46/100 brn
|-activate|p2a: Alomomola|move: Fire Spin|[of] p1a: Altaria
|move|p2a: Alomomola|Scald|p1a: Altaria
|-resisted|p1a: Altaria
|-crit|p1a: Altaria
|-damage|p1a: Altaria|82/100 brn
|
|-damage|p1a: Altaria|75/100 brn|[from] brn
|-damage|p2a: Alomomola|40/100 brn|[from] brn
|-damage|p2a: Alomomola|28/100 brn|[from] move: Fire Spin|[partiallytrapped]
|-start|p1a: Altaria|perish0
|-start|p2a: Alomomola|perish0
|upkeep
|faint|p1a: Altaria
|faint|p2a: Alomomola
|
|win|Eroset
|raw|polgo's rating: 1129 &rarr; <strong>1105</strong><br />(-24 for losing)
|raw|Eroset's rating: 1147 &rarr; <strong>1171</strong><br />(+24 for winning)
|l|☆polgo
|player|p1|
|l|☆Eroset
|player|p2|
