|inactive|Battle timer is ON: inactive players will automatically lose when time's up.
|badge|p2|silver|gen9ubers|30-8
|uhtml|medal-msg|<div class="broadcast-blue">Curious what those medals under the avatar are? PS now has Ladder Seasons! For more information, check out the <a href="https://www.smogon.com/forums/threads/3740067/">thread on Smogon.</a></div>
|t:|1769374976
|gametype|singles
|player|p1|heileone2|pokemonbreederf-gen4|
|player|p2|Kate|#kate|
|gen|9
|tier|[Gen 9] OU
|rule|HP Percentage Mod: HP is shown in percentages
|rule|Endless Battle Clause: Forcing endless battles is banned
|rule|Species Clause: Limit one of each Pokémon
|rule|OHKO Clause: OHKO moves are banned
|rule|Evasion Items Clause: Evasion items are banned
|rule|Evasion Moves Clause: Evasion moves are banned
|rule|Evasion Abilities Clause: Evasion abilities are banned
|rule|Sleep Moves Clause: Sleep-inducing moves are banned
|clearpoke
|poke|p1|Gliscor, M|
|poke|p1|Samurott-Hisui, M|
|poke|p1|Dragonite, F|
|poke|p1|Clefable, M|
|poke|p1|Gholdengo|
|poke|p1|Zamazenta-*|
|poke|p2|Deoxys-Speed|
|poke|p2|Ceruledge, M|
|poke|p2|Kyurem|
|poke|p2|Glimmora, F|
|poke|p2|Zamazenta-*|
|poke|p2|Moltres-Galar|
|teampreview
|c|☆heileone2|hf
|rated|Smogon Premier League
|c|☆Kate|Hf
|inactive|heileone2 has 270 seconds left.
|inactive|Kate has 270 seconds left.
|inactive|heileone2 has 240 seconds left.
|inactive|Kate has 240 seconds left.
|inactive|heileone2 has 210 seconds left.
|inactive|Kate has 210 seconds left.
|
|t:|1769375083
|teamsize|p1|6
|teamsize|p2|6
|start
|switch|p1a: Samurott|Samurott-Hisui, M|100/100
|switch|p2a: This World is Good|Kyurem|100/100
|-ability|p2a: This World is Good|Pressure
|turn|1
|inactive|Kate has 270 seconds left.
|inactive|heileone2 has 240 seconds left.
|inactive|Kate has 240 seconds left.
|inactive|heileone2 has 210 seconds left.
|
|t:|1769375147
|switch|p1a: Gholdengo|Gholdengo|100/100
|move|p2a: This World is Good|Dragon Dance|p2a: This World is Good
|-boost|p2a: This World is Good|atk|1
|-boost|p2a: This World is Good|spe|1
|
|upkeep
|turn|2
|inactive|Kate has 240 seconds left.
|inactive|Kate has 210 seconds left.
|
|t:|1769375210
|switch|p2a: Sometimes|Deoxys-Speed|100/100
|-ability|p2a: Sometimes|Pressure
|move|p1a: Gholdengo|Trick|p2a: Sometimes
|-activate|p1a: Gholdengo|move: Trick|[of] p2a: Sometimes
|-item|p2a: Sometimes|Choice Scarf|[from] move: Trick
|-item|p1a: Gholdengo|Light Clay|[from] move: Trick
|
|upkeep
|turn|3
|inactive|heileone2 has 210 seconds left.
|inactive|Kate has 180 seconds left.
|
|t:|1769375240
|move|p2a: Sometimes|Reflect|p2a: Sometimes
|-sidestart|p2: Kate|Reflect
|move|p1a: Gholdengo|Thunder Wave|p2a: Sometimes
|-status|p2a: Sometimes|par
|
|upkeep
|turn|4
|inactive|Kate has 180 seconds left.
|inactive|Kate has 150 seconds left.
|
|t:|1769375284
|switch|p2a: Fans exist|Moltres-Galar|100/100
|move|p1a: Gholdengo|Thunder Wave|p2a: Fans exist
|-status|p2a: Fans exist|par
|
|upkeep
|turn|5
|inactive|Kate has 150 seconds left.
|
|t:|1769375307
|switch|p1a: Samurott|Samurott-Hisui, M|100/100
|cant|p2a: Fans exist|par
|
|upkeep
|turn|6
|inactive|Kate has 120 seconds left.
|
|t:|1769375339
|move|p1a: Samurott|Ceaseless Edge|p2a: Fans exist
|-resisted|p2a: Fans exist
|-damage|p2a: Fans exist|88/100 par
|-sidestart|p2: Kate|Spikes
|cant|p2a: Fans exist|par
|
|upkeep
|turn|7
|
|t:|1769375345
|move|p1a: Samurott|Ceaseless Edge|p2a: Fans exist
|-resisted|p2a: Fans exist
|-damage|p2a: Fans exist|75/100 par
|-sidestart|p2: Kate|Spikes
|move|p2a: Fans exist|Nasty Plot|p2a: Fans exist
|-boost|p2a: Fans exist|spa|2
|
|-sideend|p2: Kate|Reflect
|upkeep
|turn|8
|
|t:|1769375348
|move|p1a: Samurott|Encore|p2a: Fans exist
|-start|p2a: Fans exist|Encore
|move|p2a: Fans exist|Nasty Plot|p2a: Fans exist
|-boost|p2a: Fans exist|spa|2
|
|upkeep
|turn|9
|inactive|Kate has 120 seconds left.
|
|t:|1769375375
|switch|p2a: That Superman|Zamazenta|100/100
|-damage|p2a: That Superman|84/100|[from] Spikes
|-ability|p2a: That Superman|Dauntless Shield|boost
|-boost|p2a: That Superman|def|1
|move|p1a: Samurott|Ceaseless Edge|p2a: That Superman|[miss]
|-miss|p1a: Samurott|p2a: That Superman
|
|-heal|p2a: That Superman|90/100|[from] item: Leftovers
|upkeep
|turn|10
|inactive|Kate has 120 seconds left.
|
|t:|1769375390
|switch|p1a: Clefable|Clefable, M|100/100
|move|p2a: That Superman|Heavy Slam|p1a: Clefable
|-supereffective|p1a: Clefable
|-damage|p1a: Clefable|54/100
|-damage|p2a: That Superman|73/100|[from] item: Rocky Helmet|[of] p1a: Clefable
|
|-heal|p2a: That Superman|80/100|[from] item: Leftovers
|upkeep
|turn|11
|inactive|heileone2 has 270 seconds left.
|
|t:|1769375399
|switch|p2a: Then I recall|Glimmora, F|100/100
|-damage|p2a: Then I recall|84/100|[from] Spikes
|move|p1a: Clefable|Thunder Wave|p2a: Then I recall|[miss]
|-miss|p1a: Clefable|p2a: Then I recall
|
|upkeep
|turn|12
|inactive|heileone2 has 270 seconds left.
|
|t:|1769375413
|move|p2a: Then I recall|Stealth Rock|p1a: Clefable
|-sidestart|p1: heileone2|move: Stealth Rock
|move|p1a: Clefable|Thunder Wave|p2a: Then I recall
|-status|p2a: Then I recall|par
|
|upkeep
|turn|13
|
|t:|1769375418
|switch|p1a: Gholdengo|Gholdengo|100/100
|-damage|p1a: Gholdengo|94/100|[from] Stealth Rock
|move|p2a: Then I recall|Meteor Beam||[still]
|-prepare|p2a: Then I recall|Meteor Beam
|-boost|p2a: Then I recall|spa|1
|-enditem|p2a: Then I recall|Power Herb
|-anim|p2a: Then I recall|Meteor Beam|p1a: Gholdengo
|-resisted|p1a: Gholdengo
|-damage|p1a: Gholdengo|37/100
|
|upkeep
|turn|14
|
|t:|1769375427
|switch|p1a: Gliscor|Gliscor, M|100/100
|-damage|p1a: Gliscor|88/100|[from] Stealth Rock
|move|p2a: Then I recall|Earth Power|p1a: Gliscor
|-immune|p1a: Gliscor
|
|-status|p1a: Gliscor|tox|[from] item: Toxic Orb
|upkeep
|turn|15
|inactive|Kate has 150 seconds left.
|
|t:|1769375445
|switch|p2a: That Superman|Zamazenta|80/100
|-damage|p2a: That Superman|63/100|[from] Spikes
|move|p1a: Gliscor|Earthquake|p2a: That Superman
|-damage|p2a: That Superman|40/100
|
|-heal|p2a: That Superman|46/100|[from] item: Leftovers
|-heal|p1a: Gliscor|100/100 tox|[from] ability: Poison Heal
|upkeep
|turn|16
|
|t:|1769375458
|switch|p1a: Clefable|Clefable, M|54/100
|move|p2a: That Superman|Heavy Slam|p1a: Clefable
|-supereffective|p1a: Clefable
|-damage|p1a: Clefable|7/100
|-damage|p2a: That Superman|29/100|[from] item: Rocky Helmet|[of] p1a: Clefable
|
|-heal|p2a: That Superman|36/100|[from] item: Leftovers
|upkeep
|turn|17
|
|t:|1769375463
|move|p2a: That Superman|Heavy Slam|p1a: Clefable
|-supereffective|p1a: Clefable
|-damage|p1a: Clefable|0 fnt
|-damage|p2a: That Superman|19/100|[from] item: Rocky Helmet|[of] p1a: Clefable
|faint|p1a: Clefable
|
|-heal|p2a: That Superman|25/100|[from] item: Leftovers
|upkeep
|
|t:|1769375464
|switch|p1a: Dragonite|Dragonite, F|100/100
|turn|18
|
|t:|1769375468
|-terastallize|p1a: Dragonite|Normal
|move|p1a: Dragonite|Extreme Speed|p2a: That Superman
|-damage|p2a: That Superman|0 fnt
|faint|p2a: That Superman
|
|upkeep
|
|t:|1769375479
|switch|p2a: This World is Good|Kyurem|100/100
|-damage|p2a: This World is Good|84/100|[from] Spikes
|-ability|p2a: This World is Good|Pressure
|turn|19
|
|t:|1769375483
|move|p2a: This World is Good|Dragon Tail|p1a: Dragonite
|-damage|p1a: Dragonite|86/100
|drag|p1a: Zamazenta|Zamazenta|100/100
|-damage|p1a: Zamazenta|94/100|[from] Stealth Rock
|-ability|p1a: Zamazenta|Dauntless Shield|boost
|-boost|p1a: Zamazenta|def|1
|
|-heal|p1a: Zamazenta|100/100|[from] item: Leftovers
|upkeep
|turn|20
|
|t:|1769375506
|switch|p2a: Sometimes|Deoxys-Speed|100/100 par
|-damage|p2a: Sometimes|84/100 par|[from] Spikes
|-ability|p2a: Sometimes|Pressure
|move|p1a: Zamazenta|Crunch|p2a: Sometimes
|-supereffective|p2a: Sometimes
|-damage|p2a: Sometimes|21/100 par
|-unboost|p2a: Sometimes|def|1
|
|upkeep
|turn|21
|
|t:|1769375512
|switch|p1a: Samurott|Samurott-Hisui, M|100/100
|move|p2a: Sometimes|Psycho Boost|p1a: Samurott
|-immune|p1a: Samurott
|
|upkeep
|turn|22
|
|t:|1769375517
|move|p2a: Sometimes|Psycho Boost|p1a: Samurott
|-immune|p1a: Samurott
|move|p1a: Samurott|Ceaseless Edge|p2a: Sometimes|[miss]
|-miss|p1a: Samurott|p2a: Sometimes
|
|upkeep
|turn|23
|inactive|Kate has 180 seconds left.
|inactive|Kate has 150 seconds left.
|
|t:|1769375554
|switch|p2a: Then I recall|Glimmora, F|84/100 par
|-damage|p2a: Then I recall|67/100 par|[from] Spikes
|move|p1a: Samurott|Ceaseless Edge|p2a: Then I recall
|-damage|p2a: Then I recall|15/100 par
|-activate|p2a: Then I recall|ability: Toxic Debris
|-sidestart|p1: heileone2|move: Toxic Spikes
|-sidestart|p2: Kate|Spikes
|
|upkeep
|turn|24
|
|t:|1769375564
|move|p1a: Samurott|Knock Off|p2a: Then I recall
|-damage|p2a: Then I recall|0 fnt
|-activate|p2a: Then I recall|ability: Toxic Debris
|-sidestart|p1: heileone2|move: Toxic Spikes
|faint|p2a: Then I recall
|
|upkeep
|inactive|Kate has 150 seconds left.
|
|t:|1769375574
|switch|p2a: Fans exist|Moltres-Galar|75/100 par
|turn|25
|inactive|heileone2 has 270 seconds left.
|inactive|heileone2 has 240 seconds left.
|
|t:|1769375649
|switch|p1a: Dragonite|Dragonite, F, tera:Normal|86/100
|move|p2a: Fans exist|Hurricane|p1a: Dragonite
|-damage|p1a: Dragonite|41/100
|
|upkeep
|turn|26
|
|t:|1769375660
|switch|p2a: Sometimes|Deoxys-Speed|21/100 par
|-damage|p2a: Sometimes|0 fnt|[from] Spikes
|faint|p2a: Sometimes
|move|p1a: Dragonite|Roost|p1a: Dragonite
|-heal|p1a: Dragonite|91/100
|
|upkeep
|
|t:|1769375668
|switch|p2a: This World is Good|Kyurem|84/100
|-damage|p2a: This World is Good|59/100|[from] Spikes
|-ability|p2a: This World is Good|Pressure
|turn|27
|
|t:|1769375675
|move|p2a: This World is Good|Icicle Spear|p1a: Dragonite
|-damage|p1a: Dragonite|78/100
|-damage|p1a: Dragonite|66/100
|-damage|p1a: Dragonite|53/100
|-damage|p1a: Dragonite|42/100
|-hitcount|p1a: Dragonite|4
|move|p1a: Dragonite|Dragon Tail|p2a: This World is Good
|-supereffective|p2a: This World is Good
|-crit|p2a: This World is Good
|-damage|p2a: This World is Good|0 fnt
|faint|p2a: This World is Good
|
|upkeep
|
|t:|1769375679
|switch|p2a: I Think That|Ceruledge, M|100/100
|-damage|p2a: I Think That|76/100|[from] Spikes
|turn|28
|
|t:|1769375685
|move|p2a: I Think That|Bitter Blade|p1a: Dragonite
|-damage|p1a: Dragonite|0 fnt
|-heal|p2a: I Think That|100/100|[from] drain|[of] p1a: Dragonite
|faint|p1a: Dragonite
|-damage|p2a: I Think That|91/100|[from] item: Life Orb
|
|upkeep
|inactive|heileone2 has 270 seconds left.
|
|t:|1769375699
|switch|p1a: Samurott|Samurott-Hisui, M|100/100
|turn|29
|inactive|heileone2 has 270 seconds left.
|inactive|Kate has 180 seconds left.
|
|t:|1769375712
|switch|p2a: Fans exist|Moltres-Galar|75/100 par
|move|p1a: Samurott|Knock Off|p2a: Fans exist
|-resisted|p2a: Fans exist
|-damage|p2a: Fans exist|50/100 par
|-enditem|p2a: Fans exist|Sitrus Berry|[from] move: Knock Off|[of] p1a: Samurott
|-ability|p2a: Fans exist|Berserk|boost
|-boost|p2a: Fans exist|spa|1
|
|upkeep
|turn|30
|
|t:|1769375720
|move|p1a: Samurott|Razor Shell|p2a: Fans exist|[miss]
|-miss|p1a: Samurott|p2a: Fans exist
|move|p2a: Fans exist|Hurricane|p1a: Samurott|[miss]
|-miss|p2a: Fans exist|p1a: Samurott
|
|upkeep
|turn|31
|
|t:|1769375722
|move|p1a: Samurott|Razor Shell|p2a: Fans exist
|-damage|p2a: Fans exist|0 fnt
|faint|p2a: Fans exist
|
|upkeep
|inactive|Kate has 180 seconds left.
|
|t:|1769375757
|switch|p2a: I Think That|Ceruledge, M|91/100
|-damage|p2a: I Think That|66/100|[from] Spikes
|turn|32
|
|t:|1769375770
|-terastallize|p2a: I Think That|Ghost
|move|p1a: Samurott|Knock Off|p2a: I Think That
|-supereffective|p2a: I Think That
|-crit|p2a: I Think That
|-damage|p2a: I Think That|0 fnt
|-enditem|p2a: I Think That|Life Orb|[from] move: Knock Off|[of] p1a: Samurott
|faint|p2a: I Think That
|
|win|heileone2
|c|☆heileone2|gg
|c|☆Kate|Gg
|player|p2|
