|j|☆mildceiling122
|j|☆poloniumew
|t:|1769319276
|gametype|singles
|player|p1|mildceiling122|101|1546
|player|p2|poloniumew|serena-masters3|1601
|gen|9
|tier|[Gen 9] OU
|rated|
|rule|HP Percentage Mod: HP is shown in percentages
|rule|Endless Battle Clause: Forcing endless battles is banned
|rule|Species Clause: Limit one of each Pokémon
|rule|OHKO Clause: OHKO moves are banned
|rule|Evasion Items Clause: Evasion items are banned
|rule|Evasion Moves Clause: Evasion moves are banned
|rule|Evasion Abilities Clause: Evasion abilities are banned
|rule|Sleep Moves Clause: Sleep-inducing moves are banned
|clearpoke
|poke|p1|Slowking-Galar, F|
|poke|p1|Landorus-Therian, M|
|poke|p1|Kyurem|
|poke|p1|Iron Valiant|
|poke|p1|Cinderace, F|
|poke|p1|Kingambit, F|
|poke|p2|Kyurem|
|poke|p2|Corviknight, F|
|poke|p2|Alomomola, M|
|poke|p2|Slowking-Galar, M|
|poke|p2|Samurott-Hisui, F|
|poke|p2|Great Tusk|
|teampreview
|inactive|Battle timer is ON: inactive players will automatically lose when time's up. (requested by poloniumew)
|inactive|mildceiling122 has 120 seconds left.
|
|t:|1769319314
|teamsize|p1|6
|teamsize|p2|6
|start
|switch|p1a: Kyurem|Kyurem|100/100
|switch|p2a: Kyurem|Kyurem|100/100
|-ability|p2a: Kyurem|Pressure
|-ability|p1a: Kyurem|Pressure
|turn|1
|
|t:|1769319325
|switch|p1a: Slowking|Slowking-Galar, F|100/100
|move|p2a: Kyurem|Substitute|p2a: Kyurem
|-start|p2a: Kyurem|Substitute
|-damage|p2a: Kyurem|75/100
|
|-heal|p2a: Kyurem|82/100|[from] item: Leftovers
|upkeep
|turn|2
|
|t:|1769319335
|move|p2a: Kyurem|Protect|p2a: Kyurem
|-singleturn|p2a: Kyurem|Protect
|move|p1a: Slowking|Sludge Bomb|p2a: Kyurem
|-activate|p2a: Kyurem|move: Protect
|
|-heal|p2a: Kyurem|88/100|[from] item: Leftovers
|upkeep
|turn|3
|
|t:|1769319340
|move|p2a: Kyurem|Earth Power|p1a: Slowking
|-supereffective|p1a: Slowking
|-damage|p1a: Slowking|63/100
|move|p1a: Slowking|Sludge Bomb|p2a: Kyurem
|-end|p2a: Kyurem|Substitute
|
|-heal|p2a: Kyurem|94/100|[from] item: Leftovers
|upkeep
|turn|4
|
|t:|1769319351
|move|p2a: Kyurem|Substitute|p2a: Kyurem
|-start|p2a: Kyurem|Substitute
|-damage|p2a: Kyurem|69/100
|move|p1a: Slowking|Sludge Bomb|p2a: Kyurem
|-end|p2a: Kyurem|Substitute
|
|-heal|p2a: Kyurem|75/100|[from] item: Leftovers
|upkeep
|turn|5
|
|t:|1769319355
|move|p2a: Kyurem|Protect|p2a: Kyurem
|-singleturn|p2a: Kyurem|Protect
|move|p1a: Slowking|Sludge Bomb|p2a: Kyurem
|-activate|p2a: Kyurem|move: Protect
|
|-heal|p2a: Kyurem|81/100|[from] item: Leftovers
|upkeep
|turn|6
|
|t:|1769319360
|move|p2a: Kyurem|Substitute|p2a: Kyurem
|-start|p2a: Kyurem|Substitute
|-damage|p2a: Kyurem|56/100
|move|p1a: Slowking|Sludge Bomb|p2a: Kyurem
|-crit|p2a: Kyurem
|-end|p2a: Kyurem|Substitute
|
|-heal|p2a: Kyurem|63/100|[from] item: Leftovers
|upkeep
|turn|7
|
|t:|1769319365
|move|p2a: Kyurem|Protect|p2a: Kyurem
|-singleturn|p2a: Kyurem|Protect
|move|p1a: Slowking|Sludge Bomb|p2a: Kyurem
|-activate|p2a: Kyurem|move: Protect
|
|-heal|p2a: Kyurem|69/100|[from] item: Leftovers
|upkeep
|turn|8
|
|t:|1769319369
|move|p2a: Kyurem|Substitute|p2a: Kyurem
|-start|p2a: Kyurem|Substitute
|-damage|p2a: Kyurem|44/100
|move|p1a: Slowking|Sludge Bomb|p2a: Kyurem
|-end|p2a: Kyurem|Substitute
|
|-heal|p2a: Kyurem|50/100|[from] item: Leftovers
|upkeep
|turn|9
|
|t:|1769319374
|move|p2a: Kyurem|Protect|p2a: Kyurem
|-singleturn|p2a: Kyurem|Protect
|move|p1a: Slowking|Sludge Bomb|p2a: Kyurem
|-activate|p2a: Kyurem|move: Protect
|
|-heal|p2a: Kyurem|56/100|[from] item: Leftovers
|upkeep
|turn|10
|c|☆mildceiling122|BRO WHAT IS THIS EVIL
|inactive|mildceiling122 has 120 seconds left.
|c|☆mildceiling122|HAHA
|
|t:|1769319407
|switch|p1a: Cinderace|Cinderace, F|100/100
|move|p2a: Kyurem|Substitute|p2a: Kyurem
|-start|p2a: Kyurem|Substitute
|-damage|p2a: Kyurem|31/100
|
|-heal|p2a: Kyurem|37/100|[from] item: Leftovers
|upkeep
|turn|11
|
|t:|1769319416
|move|p1a: Cinderace|Pyro Ball|p2a: Kyurem
|-crit|p2a: Kyurem
|-end|p2a: Kyurem|Substitute
|move|p2a: Kyurem|Freeze-Dry|p1a: Cinderace
|-resisted|p1a: Cinderace
|-damage|p1a: Cinderace|75/100
|
|-heal|p2a: Kyurem|44/100|[from] item: Leftovers
|upkeep
|turn|12
|
|t:|1769319426
|switch|p2a: Alomomola|Alomomola, M|100/100
|move|p1a: Cinderace|Pyro Ball|p2a: Alomomola
|-resisted|p2a: Alomomola
|-damage|p2a: Alomomola|85/100
|-status|p2a: Alomomola|brn
|
|-damage|p2a: Alomomola|79/100 brn|[from] brn
|upkeep
|turn|13
|
|t:|1769319430
|move|p1a: Cinderace|U-turn|p2a: Alomomola
|-start|p1a: Cinderace|typechange|Bug|[from] ability: Libero
|-damage|p2a: Alomomola|59/100 brn
|
|t:|1769319435
|switch|p1a: Slowking|Slowking-Galar, F|97/100|[from] U-turn
|move|p2a: Alomomola|Flip Turn|p1a: Slowking
|-damage|p1a: Slowking|88/100
|j| iamfrhaan007
|inactive|poloniumew has 120 seconds left.
|
|t:|1769319465
|switch|p2a: Kyurem|Kyurem|44/100|[from] Flip Turn
|-ability|p2a: Kyurem|Pressure
|
|-heal|p2a: Kyurem|50/100|[from] item: Leftovers
|upkeep
|turn|14
|
|t:|1769319474
|move|p2a: Kyurem|Substitute|p2a: Kyurem
|-start|p2a: Kyurem|Substitute
|-damage|p2a: Kyurem|25/100
|-prepare|p1a: Slowking|Chilly Reception|[premajor]
|move|p1a: Slowking|Chilly Reception|p1a: Slowking
|-weather|Snowscape
|
|t:|1769319495
|switch|p1a: Iron Valiant|Iron Valiant|100/100|[from] Chilly Reception
|-enditem|p1a: Iron Valiant|Booster Energy
|-activate|p1a: Iron Valiant|ability: Quark Drive|[fromitem]
|-start|p1a: Iron Valiant|quarkdrivespe
|
|-weather|Snowscape|[upkeep]
|-heal|p2a: Kyurem|31/100|[from] item: Leftovers
|upkeep
|turn|15
|
|t:|1769319501
|move|p1a: Iron Valiant|Moonblast|p2a: Kyurem
|-supereffective|p2a: Kyurem
|-end|p2a: Kyurem|Substitute
|move|p2a: Kyurem|Freeze-Dry|p1a: Iron Valiant
|-damage|p1a: Iron Valiant|34/100
|-status|p1a: Iron Valiant|frz
|
|-weather|Snowscape|[upkeep]
|-heal|p2a: Kyurem|37/100|[from] item: Leftovers
|upkeep
|turn|16
|inactive|mildceiling122 has 120 seconds left.
|
|t:|1769319551
|-end|p1a: Iron Valiant|Quark Drive|[silent]
|switch|p1a: Kingambit|Kingambit, F|100/100
|move|p2a: Kyurem|Freeze-Dry|p1a: Kingambit
|-resisted|p1a: Kingambit
|-damage|p1a: Kingambit|84/100
|
|-weather|Snowscape|[upkeep]
|-heal|p2a: Kyurem|43/100|[from] item: Leftovers
|-heal|p1a: Kingambit|90/100|[from] item: Leftovers
|upkeep
|turn|17
|
|t:|1769319560
|-terastallize|p2a: Kyurem|Ground
|move|p2a: Kyurem|Earth Power|p1a: Kingambit
|-supereffective|p1a: Kingambit
|-damage|p1a: Kingambit|3/100
|move|p1a: Kingambit|Iron Head|p2a: Kyurem
|-damage|p2a: Kyurem|1/100
|
|-weather|Snowscape|[upkeep]
|-heal|p2a: Kyurem|7/100|[from] item: Leftovers
|-heal|p1a: Kingambit|10/100|[from] item: Leftovers
|upkeep
|turn|18
|
|t:|1769319573
|switch|p2a: Alomomola|Alomomola, M|93/100 brn
|-end|p1a: Kingambit|fallenundefined|[silent]
|switch|p1a: Landorus|Landorus-Therian, M|100/100
|-ability|p1a: Landorus|Intimidate|boost
|-unboost|p2a: Alomomola|atk|1
|
|-weather|none
|-damage|p2a: Alomomola|87/100 brn|[from] brn
|upkeep
|turn|19
|
|t:|1769319579
|move|p1a: Landorus|Stealth Rock|p2a: Alomomola
|-sidestart|p2: poloniumew|move: Stealth Rock
|move|p2a: Alomomola|Wish|p2a: Alomomola
|
|-damage|p2a: Alomomola|80/100 brn|[from] brn
|upkeep
|turn|20
|inactive|mildceiling122 has 120 seconds left.
|
|t:|1769319586
|move|p1a: Landorus|U-turn|p2a: Alomomola
|-damage|p2a: Alomomola|70/100 brn
|
|t:|1769319588
|switch|p1a: Kyurem|Kyurem|100/100|[from] U-turn
|-ability|p1a: Kyurem|Pressure
|move|p2a: Alomomola|Flip Turn|p1a: Kyurem
|-resisted|p1a: Kyurem
|-damage|p1a: Kyurem|98/100
|
|t:|1769319618
|switch|p2a: Kyurem|Kyurem, tera:Ground|7/100|[from] Flip Turn
|-damage|p2a: Kyurem|1/100|[from] Stealth Rock
|-ability|p2a: Kyurem|Pressure
|
|-heal|p2a: Kyurem|67/100|[from] move: Wish|[wisher] Alomomola
|-heal|p2a: Kyurem|73/100|[from] item: Leftovers
|upkeep
|turn|21
|
|t:|1769319628
|switch|p2a: Slowking|Slowking-Galar, M|100/100
|move|p1a: Kyurem|Freeze-Dry|p2a: Slowking
|-damage|p2a: Slowking|71/100
|
|upkeep
|turn|22
|
|t:|1769319636
|switch|p1a: Slowking|Slowking-Galar, F|100/100
|move|p2a: Slowking|Sludge Bomb|p1a: Slowking
|-resisted|p1a: Slowking
|-damage|p1a: Slowking|91/100
|
|upkeep
|turn|23
|
|t:|1769319642
|move|p2a: Slowking|Toxic Spikes|p1a: Slowking
|-sidestart|p1: mildceiling122|move: Toxic Spikes
|move|p1a: Slowking|Future Sight|p2a: Slowking
|-start|p1a: Slowking|move: Future Sight
|
|upkeep
|turn|24
|
|t:|1769319650
|-prepare|p1a: Slowking|Chilly Reception|[premajor]
|move|p1a: Slowking|Chilly Reception|p1a: Slowking
|-weather|Snowscape
|
|t:|1769319654
|switch|p1a: Landorus|Landorus-Therian, M|100/100|[from] Chilly Reception
|-ability|p1a: Landorus|Intimidate|boost
|-unboost|p2a: Slowking|atk|1
|-prepare|p2a: Slowking|Chilly Reception|[premajor]
|move|p2a: Slowking|Chilly Reception|p2a: Slowking
|
|t:|1769319663
|switch|p2a: Kyurem|Kyurem, tera:Ground|73/100|[from] Chilly Reception
|-damage|p2a: Kyurem|67/100|[from] Stealth Rock
|-ability|p2a: Kyurem|Pressure
|
|-weather|Snowscape|[upkeep]
|-heal|p2a: Kyurem|73/100|[from] item: Leftovers
|upkeep
|turn|25
|
|t:|1769319674
|move|p2a: Kyurem|Substitute|p2a: Kyurem
|-start|p2a: Kyurem|Substitute
|-damage|p2a: Kyurem|48/100
|move|p1a: Landorus|Earthquake|p2a: Kyurem
|-end|p2a: Kyurem|Substitute
|
|-weather|Snowscape|[upkeep]
|-end|p2a: Kyurem|move: Future Sight
|-damage|p2a: Kyurem|7/100
|-heal|p2a: Kyurem|13/100|[from] item: Leftovers
|upkeep
|turn|26
|
|t:|1769319681
|move|p2a: Kyurem|Freeze-Dry|p1a: Landorus
|-supereffective|p1a: Landorus
|-damage|p1a: Landorus|0 fnt
|faint|p1a: Landorus
|
|-weather|Snowscape|[upkeep]
|-heal|p2a: Kyurem|19/100|[from] item: Leftovers
|upkeep
|
|t:|1769319696
|switch|p1a: Cinderace|Cinderace, F|75/100
|turn|27
|
|t:|1769319701
|move|p2a: Kyurem|Protect|p2a: Kyurem
|-singleturn|p2a: Kyurem|Protect
|move|p1a: Cinderace|U-turn|p2a: Kyurem
|-start|p1a: Cinderace|typechange|Bug|[from] ability: Libero
|-activate|p2a: Kyurem|move: Protect
|
|-weather|Snowscape|[upkeep]
|-heal|p2a: Kyurem|25/100|[from] item: Leftovers
|upkeep
|turn|28
|
|t:|1769319708
|switch|p2a: Corviknight|Corviknight, F|100/100
|-damage|p2a: Corviknight|88/100|[from] Stealth Rock
|-ability|p2a: Corviknight|Pressure
|move|p1a: Cinderace|U-turn|p2a: Corviknight
|-resisted|p2a: Corviknight
|-damage|p2a: Corviknight|83/100
|-damage|p1a: Cinderace|59/100|[from] item: Rocky Helmet|[of] p2a: Corviknight
|
|t:|1769319716
|switch|p1a: Slowking|Slowking-Galar, F|100/100|[from] U-turn
|-sideend|p1: mildceiling122|move: Toxic Spikes|[of] p1a: Slowking
|
|-weather|none
|upkeep
|turn|29
|
|t:|1769319722
|move|p2a: Corviknight|U-turn|p1a: Slowking
|-damage|p1a: Slowking|87/100
|
|t:|1769319725
|switch|p2a: Great Tusk|Great Tusk|100/100|[from] U-turn
|move|p1a: Slowking|Future Sight|p2a: Great Tusk
|-start|p1a: Slowking|move: Future Sight
|
|upkeep
|turn|30
|
|t:|1769319738
|move|p2a: Great Tusk|Headlong Rush|p1a: Slowking
|-supereffective|p1a: Slowking
|-damage|p1a: Slowking|0 fnt
|-unboost|p2a: Great Tusk|def|1
|-unboost|p2a: Great Tusk|spd|1
|faint|p1a: Slowking
|
|upkeep
|l| iamfrhaan007
|
|t:|1769319756
|switch|p1a: Kyurem|Kyurem|98/100
|-ability|p1a: Kyurem|Pressure
|turn|31
|
|t:|1769319764
|-end|p2a: Great Tusk|Protosynthesis|[silent]
|switch|p2a: Slowking|Slowking-Galar, M|100/100
|move|p1a: Kyurem|Blizzard|p2a: Slowking
|-damage|p2a: Slowking|54/100
|-status|p2a: Slowking|frz
|
|-end|p2a: Slowking|move: Future Sight
|-damage|p2a: Slowking|28/100 frz
|upkeep
|turn|32
|
|t:|1769319772
|switch|p1a: Iron Valiant|Iron Valiant|34/100 frz
|cant|p2a: Slowking|frz
|
|upkeep
|turn|33
|
|t:|1769319776
|cant|p1a: Iron Valiant|frz
|-curestatus|p2a: Slowking|frz|[msg]
|move|p2a: Slowking|Sludge Bomb|p1a: Iron Valiant
|-supereffective|p1a: Iron Valiant
|-damage|p1a: Iron Valiant|0 fnt
|faint|p1a: Iron Valiant
|-end|p1a: Iron Valiant|Quark Drive|[silent]
|
|upkeep
|c|☆poloniumew|MINE WINS
|c|☆mildceiling122|GOAT
|
|t:|1769319795
|switch|p1a: Cinderace|Cinderace, F|59/100
|turn|34
|
|t:|1769319801
|switch|p2a: Alomomola|Alomomola, M|100/100 brn
|move|p1a: Cinderace|U-turn|p2a: Alomomola
|-start|p1a: Cinderace|typechange|Bug|[from] ability: Libero
|-damage|p2a: Alomomola|82/100 brn
|
|t:|1769319814
|switch|p1a: Kyurem|Kyurem|98/100|[from] U-turn
|-ability|p1a: Kyurem|Pressure
|
|-damage|p2a: Alomomola|76/100 brn|[from] brn
|upkeep
|turn|35
|
|t:|1769319823
|move|p1a: Kyurem|Freeze-Dry|p2a: Alomomola
|-supereffective|p2a: Alomomola
|-damage|p2a: Alomomola|0 fnt
|faint|p2a: Alomomola
|
|upkeep
|
|t:|1769319836
|switch|p2a: Samurott|Samurott-Hisui, F|100/100
|-damage|p2a: Samurott|88/100|[from] Stealth Rock
|turn|36
|
|t:|1769319844
|-terastallize|p1a: Kyurem|Ice
|move|p1a: Kyurem|Freeze-Dry|p2a: Samurott
|-supereffective|p2a: Samurott
|-damage|p2a: Samurott|0 fnt
|faint|p2a: Samurott
|
|upkeep
|inactive|poloniumew has 120 seconds left.
|
|t:|1769319901
|switch|p2a: Slowking|Slowking-Galar, M|61/100
|turn|37
|
|t:|1769319913
|switch|p1a: Kingambit|Kingambit, F|10/100
|-activate|p1a: Kingambit|ability: Supreme Overlord
|-start|p1a: Kingambit|fallen3|[silent]
|switch|p2a: Corviknight|Corviknight, F|83/100
|-damage|p2a: Corviknight|71/100|[from] Stealth Rock
|-ability|p2a: Corviknight|Pressure
|
|-heal|p1a: Kingambit|16/100|[from] item: Leftovers
|upkeep
|turn|38
|
|t:|1769319928
|move|p2a: Corviknight|Body Press|p1a: Kingambit
|-supereffective|p1a: Kingambit
|-damage|p1a: Kingambit|0 fnt
|faint|p1a: Kingambit
|-end|p1a: Kingambit|fallen3|[silent]
|
|upkeep
|
|t:|1769319931
|switch|p1a: Kyurem|Kyurem, tera:Ice|98/100
|-ability|p1a: Kyurem|Pressure
|turn|39
|
|t:|1769319947
|move|p1a: Kyurem|Blizzard|p2a: Corviknight|[miss]
|-miss|p1a: Kyurem|p2a: Corviknight
|move|p2a: Corviknight|Body Press|p1a: Kyurem
|-supereffective|p1a: Kyurem
|-damage|p1a: Kyurem|50/100
|
|upkeep
|turn|40
|
|t:|1769319954
|move|p1a: Kyurem|Blizzard|p2a: Corviknight
|-damage|p2a: Corviknight|0 fnt
|faint|p2a: Corviknight
|
|upkeep
|inactive|poloniumew has 90 seconds left.
|
|t:|1769319989
|switch|p2a: Slowking|Slowking-Galar, M|94/100
|turn|41
|
|t:|1769319996
|move|p1a: Kyurem|Blizzard|p2a: Slowking
|-damage|p2a: Slowking|25/100
|move|p2a: Slowking|Thunder Wave|p1a: Kyurem
|-status|p1a: Kyurem|par
|
|upkeep
|turn|42
|inactive|poloniumew has 90 seconds left.
|
|t:|1769320003
|move|p1a: Kyurem|Blizzard|p2a: Slowking|[miss]
|-miss|p1a: Kyurem|p2a: Slowking
|-prepare|p2a: Slowking|Chilly Reception|[premajor]
|move|p2a: Slowking|Chilly Reception|p2a: Slowking
|-weather|Snowscape
|
|t:|1769320005
|switch|p2a: Great Tusk|Great Tusk|100/100|[from] Chilly Reception
|
|-weather|Snowscape|[upkeep]
|upkeep
|turn|43
|
|t:|1769320008
|move|p2a: Great Tusk|Close Combat|p1a: Kyurem
|-supereffective|p1a: Kyurem
|-damage|p1a: Kyurem|0 fnt
|-unboost|p2a: Great Tusk|def|1
|-unboost|p2a: Great Tusk|spd|1
|faint|p1a: Kyurem
|
|-weather|Snowscape|[upkeep]
|upkeep
|
|t:|1769320011
|switch|p1a: Cinderace|Cinderace, F|59/100
|turn|44
|c|☆mildceiling122|GG
|
|t:|1769320037
|-end|p2a: Great Tusk|Protosynthesis|[silent]
|switch|p2a: Kyurem|Kyurem, tera:Ground|25/100
|-damage|p2a: Kyurem|19/100|[from] Stealth Rock
|-ability|p2a: Kyurem|Pressure
|move|p1a: Cinderace|Will-O-Wisp|p2a: Kyurem|[miss]
|-miss|p1a: Cinderace|p2a: Kyurem
|
|-weather|Snowscape|[upkeep]
|-heal|p2a: Kyurem|25/100|[from] item: Leftovers
|upkeep
|turn|45
|inactive|poloniumew has 90 seconds left.
|
|t:|1769320062
|move|p1a: Cinderace|Pyro Ball|p2a: Kyurem
|-damage|p2a: Kyurem|0 fnt
|faint|p2a: Kyurem
|
|-weather|Snowscape|[upkeep]
|upkeep
|
|t:|1769320067
|switch|p2a: Great Tusk|Great Tusk|100/100
|turn|46
|
|t:|1769320071
|move|p1a: Cinderace|Will-O-Wisp|p2a: Great Tusk
|-status|p2a: Great Tusk|brn
|move|p2a: Great Tusk|Headlong Rush|p1a: Cinderace
|-supereffective|p1a: Cinderace
|-damage|p1a: Cinderace|0 fnt
|-unboost|p2a: Great Tusk|def|1
|-unboost|p2a: Great Tusk|spd|1
|faint|p1a: Cinderace
|
|win|poloniumew
|raw|mildceiling122's rating: 1546 &rarr; <strong>1529</strong><br />(-17 for losing)
|raw|poloniumew's rating: 1601 &rarr; <strong>1618</strong><br />(+17 for winning)
|c|☆poloniumew|gg
|c|☆mildceiling122|GG
|l|☆poloniumew
|player|p2|
|c|☆mildceiling122|COOL TEAM
|l|☆mildceiling122
|player|p1|
