|j|☆WarusMoriz
|j|☆GoodyGutti
|t:|1769443080
|gametype|singles
|player|p1|WarusMoriz|li|1168
|player|p2|GoodyGutti|266|1231
|gen|9
|tier|[Gen 9] OU
|rated|
|rule|HP Percentage Mod: HP is shown in percentages
|rule|Endless Battle Clause: Forcing endless battles is banned
|rule|Species Clause: Limit one of each Pokémon
|rule|OHKO Clause: OHKO moves are banned
|rule|Evasion Items Clause: Evasion items are banned
|rule|Evasion Moves Clause: Evasion moves are banned
|rule|Evasion Abilities Clause: Evasion abilities are banned
|rule|Sleep Moves Clause: Sleep-inducing moves are banned
|clearpoke
|poke|p1|Ribombee, F|
|poke|p1|Lurantis, M|
|poke|p1|Hatterene, F|
|poke|p1|Goodra-Hisui, M|
|poke|p1|Forretress, F|
|poke|p1|Crawdaunt, F|
|poke|p2|Pelipper, M|
|poke|p2|Barraskewda, F|
|poke|p2|Raging Bolt|
|poke|p2|Kingambit, F|
|poke|p2|Great Tusk|
|poke|p2|Iron Valiant|
|teampreview
|
|t:|1769443087
|teamsize|p1|6
|teamsize|p2|6
|start
|switch|p1a: Ribombee|Ribombee, F|100/100
|switch|p2a: Pelipper|Pelipper, M|100/100
|-weather|RainDance|[from] ability: Drizzle|[of] p2a: Pelipper
|turn|1
|
|t:|1769443103
|move|p1a: Ribombee|Sticky Web|p2a: Pelipper
|-sidestart|p2: GoodyGutti|move: Sticky Web
|move|p2a: Pelipper|U-turn|p1a: Ribombee
|-resisted|p1a: Ribombee
|-damage|p1a: Ribombee|92/100
|
|t:|1769443112
|switch|p2a: Barraskewda|Barraskewda, F|100/100|[from] U-turn
|-activate|p2a: Barraskewda|move: Sticky Web
|-unboost|p2a: Barraskewda|spe|1
|
|-weather|RainDance|[upkeep]
|upkeep
|turn|2
|
|t:|1769443122
|move|p2a: Barraskewda|Flip Turn|p1a: Ribombee
|-damage|p1a: Ribombee|0 fnt
|faint|p1a: Ribombee
|
|t:|1769443125
|switch|p2a: Great Tusk|Great Tusk|100/100|[from] Flip Turn
|
|-weather|RainDance|[upkeep]
|upkeep
|
|t:|1769443132
|switch|p1a: Forretress|Forretress, F|100/100
|turn|3
|
|t:|1769443161
|switch|p1a: Crawdaunt|Crawdaunt, F|100/100
|move|p2a: Great Tusk|Knock Off|p1a: Crawdaunt
|-resisted|p1a: Crawdaunt
|-damage|p1a: Crawdaunt|86/100
|-enditem|p1a: Crawdaunt|Choice Band|[from] move: Knock Off|[of] p2a: Great Tusk
|
|-weather|RainDance|[upkeep]
|upkeep
|turn|4
|
|t:|1769443195
|-terastallize|p1a: Crawdaunt|Water
|move|p2a: Great Tusk|Rapid Spin|p1a: Crawdaunt
|-damage|p1a: Crawdaunt|72/100
|-boost|p2a: Great Tusk|spe|1
|-sideend|p2: GoodyGutti|Sticky Web|[from] move: Rapid Spin|[of] p2a: Great Tusk
|move|p1a: Crawdaunt|Crabhammer|p2a: Great Tusk
|-supereffective|p2a: Great Tusk
|-damage|p2a: Great Tusk|0 fnt
|faint|p2a: Great Tusk
|-end|p2a: Great Tusk|Protosynthesis|[silent]
|
|-weather|RainDance|[upkeep]
|upkeep
|
|t:|1769443224
|switch|p2a: Barraskewda|Barraskewda, F|100/100
|turn|5
|
|t:|1769443231
|move|p2a: Barraskewda|Close Combat|p1a: Crawdaunt
|-damage|p1a: Crawdaunt|11/100
|-unboost|p2a: Barraskewda|def|1
|-unboost|p2a: Barraskewda|spd|1
|move|p1a: Crawdaunt|Body Slam|p2a: Barraskewda
|-damage|p2a: Barraskewda|19/100
|
|-weather|RainDance|[upkeep]
|upkeep
|turn|6
|
|t:|1769443242
|move|p1a: Crawdaunt|Aqua Jet|p2a: Barraskewda
|-resisted|p2a: Barraskewda
|-damage|p2a: Barraskewda|0 fnt
|faint|p2a: Barraskewda
|
|-weather|RainDance|[upkeep]
|upkeep
|
|t:|1769443264
|switch|p2a: Pelipper|Pelipper, M|100/100
|turn|7
|
|t:|1769443271
|move|p1a: Crawdaunt|Aqua Jet|p2a: Pelipper
|-resisted|p2a: Pelipper
|-damage|p2a: Pelipper|84/100
|move|p2a: Pelipper|U-turn|p1a: Crawdaunt
|-damage|p1a: Crawdaunt|2/100
|
|t:|1769443283
|switch|p2a: Kingambit|Kingambit, F|100/100|[from] U-turn
|-activate|p2a: Kingambit|ability: Supreme Overlord
|-start|p2a: Kingambit|fallen2|[silent]
|
|-weather|RainDance|[upkeep]
|upkeep
|turn|8
|
|t:|1769443293
|move|p2a: Kingambit|Sucker Punch|p1a: Crawdaunt
|-damage|p1a: Crawdaunt|0 fnt
|faint|p1a: Crawdaunt
|
|-weather|none
|upkeep
|
|t:|1769443309
|switch|p1a: Goodra|Goodra-Hisui, M|100/100
|turn|9
|
|t:|1769443321
|-end|p2a: Kingambit|fallen2|[silent]
|switch|p2a: Pelipper|Pelipper, M|84/100
|-weather|RainDance|[from] ability: Drizzle|[of] p2a: Pelipper
|move|p1a: Goodra|Curse|p1a: Goodra
|-unboost|p1a: Goodra|spe|1
|-boost|p1a: Goodra|atk|1
|-boost|p1a: Goodra|def|1
|
|-weather|RainDance|[upkeep]
|upkeep
|turn|10
|
|t:|1769443331
|move|p2a: Pelipper|U-turn|p1a: Goodra
|-resisted|p1a: Goodra
|-damage|p1a: Goodra|98/100
|
|t:|1769443345
|switch|p2a: Kingambit|Kingambit, F|100/100|[from] U-turn
|-activate|p2a: Kingambit|ability: Supreme Overlord
|-start|p2a: Kingambit|fallen2|[silent]
|move|p1a: Goodra|Curse|p1a: Goodra
|-unboost|p1a: Goodra|spe|1
|-boost|p1a: Goodra|atk|1
|-boost|p1a: Goodra|def|1
|
|-weather|RainDance|[upkeep]
|-heal|p1a: Goodra|100/100|[from] item: Leftovers
|upkeep
|turn|11
|
|t:|1769443358
|move|p2a: Kingambit|Swords Dance|p2a: Kingambit
|-boost|p2a: Kingambit|atk|2
|move|p1a: Goodra|Body Press|p2a: Kingambit
|-supereffective|p2a: Kingambit
|-damage|p2a: Kingambit|0 fnt
|faint|p2a: Kingambit
|-end|p2a: Kingambit|fallen2|[silent]
|
|-weather|RainDance|[upkeep]
|upkeep
|
|t:|1769443373
|switch|p2a: Raging Bolt|Raging Bolt|100/100
|turn|12
|
|t:|1769443382
|move|p2a: Raging Bolt|Draco Meteor|p1a: Goodra
|-damage|p1a: Goodra|47/100
|-unboost|p2a: Raging Bolt|spa|2
|move|p1a: Goodra|Earthquake|p2a: Raging Bolt
|-supereffective|p2a: Raging Bolt
|-damage|p2a: Raging Bolt|23/100
|
|-weather|RainDance|[upkeep]
|-heal|p1a: Goodra|53/100|[from] item: Leftovers
|upkeep
|turn|13
|
|t:|1769443394
|move|p2a: Raging Bolt|Volt Switch|p1a: Goodra
|-resisted|p1a: Goodra
|-damage|p1a: Goodra|47/100
|
|t:|1769443397
|-end|p2a: Raging Bolt|Protosynthesis|[silent]
|switch|p2a: Pelipper|Pelipper, M|84/100|[from] Volt Switch
|move|p1a: Goodra|Body Press|p2a: Pelipper
|-resisted|p2a: Pelipper
|-damage|p2a: Pelipper|65/100
|
|-weather|RainDance|[upkeep]
|-heal|p1a: Goodra|53/100|[from] item: Leftovers
|upkeep
|turn|14
|
|t:|1769443418
|move|p2a: Pelipper|Weather Ball|p1a: Goodra
|-resisted|p1a: Goodra
|-damage|p1a: Goodra|37/100
|move|p1a: Goodra|Heavy Slam|p2a: Pelipper
|-resisted|p2a: Pelipper
|-damage|p2a: Pelipper|35/100
|
|-weather|RainDance|[upkeep]
|-heal|p1a: Goodra|43/100|[from] item: Leftovers
|upkeep
|turn|15
|
|t:|1769443428
|move|p2a: Pelipper|Roost|p2a: Pelipper
|-heal|p2a: Pelipper|86/100
|-singleturn|p2a: Pelipper|move: Roost
|move|p1a: Goodra|Curse|p1a: Goodra
|-unboost|p1a: Goodra|spe|1
|-boost|p1a: Goodra|atk|1
|-boost|p1a: Goodra|def|1
|
|-weather|RainDance|[upkeep]
|-heal|p1a: Goodra|49/100|[from] item: Leftovers
|upkeep
|turn|16
|
|t:|1769443440
|move|p2a: Pelipper|Weather Ball|p1a: Goodra
|-resisted|p1a: Goodra
|-damage|p1a: Goodra|33/100
|move|p1a: Goodra|Heavy Slam|p2a: Pelipper
|-resisted|p2a: Pelipper
|-damage|p2a: Pelipper|48/100
|
|-weather|none
|-heal|p1a: Goodra|39/100|[from] item: Leftovers
|upkeep
|turn|17
|
|t:|1769443454
|switch|p2a: Iron Valiant|Iron Valiant|100/100
|-enditem|p2a: Iron Valiant|Booster Energy
|-activate|p2a: Iron Valiant|ability: Quark Drive|[fromitem]
|-start|p2a: Iron Valiant|quarkdrivespe
|move|p1a: Goodra|Heavy Slam|p2a: Iron Valiant
|-supereffective|p2a: Iron Valiant
|-damage|p2a: Iron Valiant|0 fnt
|faint|p2a: Iron Valiant
|-end|p2a: Iron Valiant|Quark Drive|[silent]
|
|-heal|p1a: Goodra|45/100|[from] item: Leftovers
|upkeep
|
|t:|1769443455
|switch|p2a: Raging Bolt|Raging Bolt|23/100
|turn|18
|
|t:|1769443468
|move|p2a: Raging Bolt|Draco Meteor|p1a: Goodra
|-damage|p1a: Goodra|0 fnt
|-unboost|p2a: Raging Bolt|spa|2
|faint|p1a: Goodra
|
|upkeep
|
|t:|1769443474
|switch|p1a: Lurantis|Lurantis, M|100/100
|turn|19
|
|t:|1769443483
|-end|p2a: Raging Bolt|Protosynthesis|[silent]
|switch|p2a: Pelipper|Pelipper, M|48/100
|-weather|RainDance|[from] ability: Drizzle|[of] p2a: Pelipper
|move|p1a: Lurantis|Superpower|p2a: Pelipper
|-resisted|p2a: Pelipper
|-damage|p2a: Pelipper|28/100
|-boost|p1a: Lurantis|atk|1
|-boost|p1a: Lurantis|def|1
|
|-weather|RainDance|[upkeep]
|upkeep
|turn|20
|
|t:|1769443495
|move|p2a: Pelipper|Roost|p2a: Pelipper
|-heal|p2a: Pelipper|79/100
|-singleturn|p2a: Pelipper|move: Roost
|move|p1a: Lurantis|Superpower|p2a: Pelipper
|-damage|p2a: Pelipper|20/100
|-boost|p1a: Lurantis|atk|1
|-boost|p1a: Lurantis|def|1
|
|-weather|RainDance|[upkeep]
|upkeep
|turn|21
|
|t:|1769443511
|move|p2a: Pelipper|Hurricane|p1a: Lurantis
|-supereffective|p1a: Lurantis
|-damage|p1a: Lurantis|0 fnt
|faint|p1a: Lurantis
|
|-weather|RainDance|[upkeep]
|upkeep
|
|t:|1769443517
|switch|p1a: Hatterene|Hatterene, F|100/100
|turn|22
|
|t:|1769443529
|move|p2a: Pelipper|Roost|p2a: Pelipper
|-heal|p2a: Pelipper|70/100
|-singleturn|p2a: Pelipper|move: Roost
|move|p1a: Hatterene|Nuzzle|p2a: Pelipper
|-supereffective|p2a: Pelipper
|-damage|p2a: Pelipper|63/100
|-status|p2a: Pelipper|par
|
|-weather|RainDance|[upkeep]
|upkeep
|turn|23
|
|t:|1769443545
|move|p1a: Hatterene|Psychic|p2a: Pelipper
|-damage|p2a: Pelipper|0 fnt
|faint|p2a: Pelipper
|
|-weather|RainDance|[upkeep]
|upkeep
|
|t:|1769443547
|switch|p2a: Raging Bolt|Raging Bolt|23/100
|turn|24
|
|t:|1769443562
|-terastallize|p2a: Raging Bolt|Fairy
|move|p2a: Raging Bolt|Thunderbolt|p1a: Hatterene
|-damage|p1a: Hatterene|65/100
|move|p1a: Hatterene|Psychic|p2a: Raging Bolt
|-damage|p2a: Raging Bolt|0 fnt
|faint|p2a: Raging Bolt
|-end|p2a: Raging Bolt|Protosynthesis|[silent]
|
|win|WarusMoriz
|raw|WarusMoriz's rating: 1168 &rarr; <strong>1197</strong><br />(+29 for winning)
|raw|GoodyGutti's rating: 1231 &rarr; <strong>1202</strong><br />(-29 for losing)
|l|☆GoodyGutti
|player|p2|
|l|☆WarusMoriz
|player|p1|
