|j|☆OP Sand
|j|☆no_dupes
|t:|1769406492
|gametype|singles
|player|p1|OP Sand|giovanni-masters|1658
|player|p2|no_dupes|brock-gen2|1582
|gen|9
|tier|[Gen 9] OU
|rated|
|rule|HP Percentage Mod: HP is shown in percentages
|rule|Endless Battle Clause: Forcing endless battles is banned
|rule|Species Clause: Limit one of each Pokémon
|rule|OHKO Clause: OHKO moves are banned
|rule|Evasion Items Clause: Evasion items are banned
|rule|Evasion Moves Clause: Evasion moves are banned
|rule|Evasion Abilities Clause: Evasion abilities are banned
|rule|Sleep Moves Clause: Sleep-inducing moves are banned
|clearpoke
|poke|p1|Excadrill, F|
|poke|p1|Tyranitar, F|
|poke|p1|Kyurem|
|poke|p1|Hawlucha, M|
|poke|p1|Pawmot, F|
|poke|p1|Greninja-*, M|
|poke|p2|Great Tusk|
|poke|p2|Hatterene, F|
|poke|p2|Charizard, F|
|poke|p2|Goodra-Hisui, M|
|poke|p2|Walking Wake|
|poke|p2|Ninetales, M|
|teampreview
|inactive|Battle timer is ON: inactive players will automatically lose when time's up. (requested by OP Sand)
|c|☆OP Sand|GLHF
|c|☆no_dupes|u2
|
|t:|1769406516
|teamsize|p1|6
|teamsize|p2|6
|start
|switch|p1a: Frieza|Kyurem, shiny|100/100
|switch|p2a: Great Tusk|Great Tusk|100/100
|-ability|p1a: Frieza|Pressure
|turn|1
|
|t:|1769406518
|-end|p2a: Great Tusk|Protosynthesis|[silent]
|switch|p2a: Goodra|Goodra-Hisui, M|100/100
|-terastallize|p1a: Frieza|Ghost
|move|p1a: Frieza|Freeze-Dry|p2a: Goodra
|-damage|p2a: Goodra|84/100
|
|upkeep
|turn|2
|
|t:|1769406522
|switch|p1a: Shukaku|Tyranitar, F, shiny|100/100
|-weather|Sandstorm|[from] ability: Sand Stream|[of] p1a: Shukaku
|move|p2a: Goodra|Knock Off|p1a: Shukaku
|-resisted|p1a: Shukaku
|-damage|p1a: Shukaku|93/100
|-enditem|p1a: Shukaku|Smooth Rock|[from] move: Knock Off|[of] p2a: Goodra
|
|-weather|Sandstorm|[upkeep]
|upkeep
|turn|3
|
|t:|1769406526
|switch|p2a: Great Tusk|Great Tusk|100/100
|move|p1a: Shukaku|Stealth Rock|p2a: Great Tusk
|-sidestart|p2: no_dupes|move: Stealth Rock
|
|-weather|Sandstorm|[upkeep]
|upkeep
|turn|4
|
|t:|1769406531
|switch|p1a: Frieza|Kyurem, shiny, tera:Ghost|100/100
|-ability|p1a: Frieza|Pressure
|move|p2a: Great Tusk|Headlong Rush|p1a: Frieza
|-damage|p1a: Frieza|51/100
|-unboost|p2a: Great Tusk|def|1
|-unboost|p2a: Great Tusk|spd|1
|
|-weather|Sandstorm|[upkeep]
|-damage|p1a: Frieza|45/100|[from] Sandstorm
|upkeep
|turn|5
|j| KappaHalo
|
|t:|1769406534
|-end|p2a: Great Tusk|Protosynthesis|[silent]
|switch|p2a: Goodra|Goodra-Hisui, M|84/100
|-damage|p2a: Goodra|78/100|[from] Stealth Rock
|move|p1a: Frieza|Earth Power|p2a: Goodra
|-supereffective|p2a: Goodra
|-damage|p2a: Goodra|44/100
|-unboost|p2a: Goodra|spd|1
|
|-weather|Sandstorm|[upkeep]
|-damage|p1a: Frieza|39/100|[from] Sandstorm
|upkeep
|turn|6
|
|t:|1769406542
|move|p1a: Frieza|Earth Power|p2a: Goodra
|-supereffective|p2a: Goodra
|-damage|p2a: Goodra|0 fnt
|faint|p2a: Goodra
|
|-weather|Sandstorm|[upkeep]
|-damage|p1a: Frieza|33/100|[from] Sandstorm
|upkeep
|
|t:|1769406544
|switch|p2a: Ninetales|Ninetales, M|100/100
|-damage|p2a: Ninetales|76/100|[from] Stealth Rock
|-weather|SunnyDay|[from] ability: Drought|[of] p2a: Ninetales
|turn|7
|
|t:|1769406551
|switch|p2a: Great Tusk|Great Tusk|100/100
|-damage|p2a: Great Tusk|98/100|[from] Stealth Rock
|-activate|p2a: Great Tusk|ability: Protosynthesis
|-start|p2a: Great Tusk|protosynthesisdef
|switch|p1a: Shukaku|Tyranitar, F, shiny|93/100
|-weather|Sandstorm|[from] ability: Sand Stream|[of] p1a: Shukaku
|-end|p2a: Great Tusk|Protosynthesis
|
|-weather|Sandstorm|[upkeep]
|-heal|p2a: Great Tusk|100/100|[from] item: Leftovers
|upkeep
|turn|8
|
|t:|1769406555
|move|p2a: Great Tusk|Rapid Spin|p1a: Shukaku
|-resisted|p1a: Shukaku
|-damage|p1a: Shukaku|88/100
|-boost|p2a: Great Tusk|spe|1
|-sideend|p2: no_dupes|Stealth Rock|[from] move: Rapid Spin|[of] p2a: Great Tusk
|move|p1a: Shukaku|Ice Beam|p2a: Great Tusk
|-supereffective|p2a: Great Tusk
|-damage|p2a: Great Tusk|41/100
|
|-weather|Sandstorm|[upkeep]
|-heal|p2a: Great Tusk|47/100|[from] item: Leftovers
|upkeep
|turn|9
|
|t:|1769406562
|move|p2a: Great Tusk|Stealth Rock|p1a: Shukaku
|-sidestart|p1: OP Sand|move: Stealth Rock
|move|p1a: Shukaku|Stealth Rock|p2a: Great Tusk
|-sidestart|p2: no_dupes|move: Stealth Rock
|
|-weather|Sandstorm|[upkeep]
|-heal|p2a: Great Tusk|53/100|[from] item: Leftovers
|upkeep
|turn|10
|
|t:|1769406578
|move|p2a: Great Tusk|Headlong Rush|p1a: Shukaku
|-supereffective|p1a: Shukaku
|-damage|p1a: Shukaku|17/100
|-unboost|p2a: Great Tusk|def|1
|-unboost|p2a: Great Tusk|spd|1
|move|p1a: Shukaku|Ice Beam|p2a: Great Tusk
|-supereffective|p2a: Great Tusk
|-damage|p2a: Great Tusk|0 fnt
|faint|p2a: Great Tusk
|-end|p2a: Great Tusk|Protosynthesis|[silent]
|
|-weather|Sandstorm|[upkeep]
|upkeep
|
|t:|1769406590
|switch|p2a: Walking Wake|Walking Wake|100/100
|-damage|p2a: Walking Wake|88/100|[from] Stealth Rock
|turn|11
|
|t:|1769406595
|switch|p1a: Greninja|Greninja, M|100/100
|-damage|p1a: Greninja|88/100|[from] Stealth Rock
|move|p2a: Walking Wake|Hydro Steam|p1a: Greninja
|-resisted|p1a: Greninja
|-damage|p1a: Greninja|50/100
|
|-weather|none
|upkeep
|turn|12
|
|t:|1769406599
|-end|p2a: Walking Wake|Protosynthesis|[silent]
|switch|p2a: Hatterene|Hatterene, F|100/100
|-damage|p2a: Hatterene|88/100|[from] Stealth Rock
|move|p1a: Greninja|Sludge Wave|p2a: Hatterene
|-start|p1a: Greninja|typechange|Poison|[from] ability: Protean
|-supereffective|p2a: Hatterene
|-crit|p2a: Hatterene
|-damage|p2a: Hatterene|0 fnt
|faint|p2a: Hatterene
|
|upkeep
|
|t:|1769406601
|switch|p2a: Ninetales|Ninetales, M|76/100
|-damage|p2a: Ninetales|51/100|[from] Stealth Rock
|-weather|SunnyDay|[from] ability: Drought|[of] p2a: Ninetales
|turn|13
|
|t:|1769406606
|-terastallize|p2a: Ninetales|Ghost
|move|p1a: Greninja|Sludge Wave|p2a: Ninetales
|-resisted|p2a: Ninetales
|-damage|p2a: Ninetales|18/100
|move|p2a: Ninetales|Scorching Sands|p1a: Greninja
|-supereffective|p1a: Greninja
|-damage|p1a: Greninja|0 fnt
|faint|p1a: Greninja
|
|-weather|SunnyDay|[upkeep]
|upkeep
|
|t:|1769406614
|switch|p1a: Shukaku|Tyranitar, F, shiny|17/100
|-damage|p1a: Shukaku|4/100|[from] Stealth Rock
|-weather|Sandstorm|[from] ability: Sand Stream|[of] p1a: Shukaku
|turn|14
|
|t:|1769406621
|move|p2a: Ninetales|Overheat|p1a: Shukaku
|-resisted|p1a: Shukaku
|-damage|p1a: Shukaku|0 fnt
|-unboost|p2a: Ninetales|spa|2
|faint|p1a: Shukaku
|
|-weather|Sandstorm|[upkeep]
|-damage|p2a: Ninetales|11/100|[from] Sandstorm
|upkeep
|c|☆OP Sand|U had one more switch.. but u attacked
|c|☆no_dupes|forgor
|inactive|OP Sand has 120 seconds left.
|c|☆OP Sand|Lol
|
|t:|1769406658
|switch|p1a: OP|Excadrill, F|100/100
|-damage|p1a: OP|97/100|[from] Stealth Rock
|turn|15
|
|t:|1769406665
|move|p1a: OP|Iron Head|p2a: Ninetales
|-damage|p2a: Ninetales|0 fnt
|faint|p2a: Ninetales
|
|-weather|Sandstorm|[upkeep]
|upkeep
|
|t:|1769406667
|switch|p2a: Emperor|Charizard, F, shiny|100/100
|-damage|p2a: Emperor|51/100|[from] Stealth Rock
|turn|16
|
|t:|1769406677
|switch|p1a: Frieza|Kyurem, shiny, tera:Ghost|33/100
|-damage|p1a: Frieza|20/100|[from] Stealth Rock
|-ability|p1a: Frieza|Pressure
|move|p2a: Emperor|Overheat|p1a: Frieza
|-damage|p1a: Frieza|0 fnt
|-unboost|p2a: Emperor|spa|2
|faint|p1a: Frieza
|
|-weather|Sandstorm|[upkeep]
|-damage|p2a: Emperor|45/100|[from] Sandstorm
|upkeep
|
|t:|1769406678
|switch|p1a: Itachi|Hawlucha, M, shiny|100/100
|-damage|p1a: Itachi|88/100|[from] Stealth Rock
|-ability|p1a: Itachi|Mold Breaker
|turn|17
|
|t:|1769406681
|move|p1a: Itachi|Brave Bird|p2a: Emperor
|-damage|p2a: Emperor|0 fnt
|faint|p2a: Emperor
|-damage|p1a: Itachi|74/100|[from] Recoil
|
|-weather|Sandstorm|[upkeep]
|-damage|p1a: Itachi|68/100|[from] Sandstorm
|upkeep
|
|t:|1769406682
|switch|p2a: Walking Wake|Walking Wake|88/100
|-damage|p2a: Walking Wake|76/100|[from] Stealth Rock
|turn|18
|
|t:|1769406684
|move|p1a: Itachi|Brave Bird|p2a: Walking Wake
|-damage|p2a: Walking Wake|23/100
|-damage|p1a: Itachi|48/100|[from] Recoil
|move|p2a: Walking Wake|Hydro Steam|p1a: Itachi
|-damage|p1a: Itachi|0 fnt
|faint|p1a: Itachi
|
|-weather|none
|upkeep
|
|t:|1769406690
|switch|p1a: Porunga|Pawmot, F|100/100
|-damage|p1a: Porunga|95/100|[from] Stealth Rock
|turn|19
|
|t:|1769406694
|move|p2a: Walking Wake|Hydro Steam|p1a: Porunga
|-damage|p1a: Porunga|30/100
|move|p1a: Porunga|Revival Blessing|p1a: Porunga
|-enditem|p1a: Porunga|Leppa Berry|[eat]
|-activate|p1a: Porunga|item: Leppa Berry|Revival Blessing|[consumed]
|
|t:|1769406700
|-heal|p1: Shukaku|50/100|[from] move: Revival Blessing
|
|upkeep
|turn|20
|
|t:|1769406703
|switch|p1a: Shukaku|Tyranitar, F, shiny|50/100
|-damage|p1a: Shukaku|38/100|[from] Stealth Rock
|-weather|Sandstorm|[from] ability: Sand Stream|[of] p1a: Shukaku
|move|p2a: Walking Wake|Hydro Steam|p1a: Shukaku
|-supereffective|p1a: Shukaku
|-damage|p1a: Shukaku|0 fnt
|faint|p1a: Shukaku
|
|-weather|Sandstorm|[upkeep]
|-damage|p2a: Walking Wake|16/100|[from] Sandstorm
|upkeep
|
|t:|1769406705
|switch|p1a: OP|Excadrill, F|97/100
|-damage|p1a: OP|94/100|[from] Stealth Rock
|turn|21
|
|t:|1769406707
|move|p1a: OP|Earthquake|p2a: Walking Wake
|-damage|p2a: Walking Wake|0 fnt
|faint|p2a: Walking Wake
|-end|p2a: Walking Wake|Protosynthesis|[silent]
|
|win|OP Sand
|raw|OP Sand's rating: 1658 &rarr; <strong>1674</strong><br />(+16 for winning)
|raw|no_dupes's rating: 1582 &rarr; <strong>1566</strong><br />(-16 for losing)
|c|☆no_dupes|gg
|c|☆OP Sand|Gg
|l|☆OP Sand
|player|p1|
|l| KappaHalo
