|j|☆Lekyks
|j|☆wander36
|t:|1769363093
|gametype|singles
|player|p1|Lekyks|guzma|1369
|player|p2|wander36|169|1385
|gen|9
|tier|[Gen 9] OU
|rated|
|rule|HP Percentage Mod: HP is shown in percentages
|rule|Endless Battle Clause: Forcing endless battles is banned
|rule|Species Clause: Limit one of each Pokémon
|rule|OHKO Clause: OHKO moves are banned
|rule|Evasion Items Clause: Evasion items are banned
|rule|Evasion Moves Clause: Evasion moves are banned
|rule|Evasion Abilities Clause: Evasion abilities are banned
|rule|Sleep Moves Clause: Sleep-inducing moves are banned
|clearpoke
|poke|p1|Samurott-Hisui, M|
|poke|p1|Zamazenta-*|
|poke|p1|Ceruledge, M|
|poke|p1|Scizor, F|
|poke|p1|Iron Valiant|
|poke|p1|Kingambit, M|
|poke|p2|Gyarados, F|
|poke|p2|Garchomp, F|
|poke|p2|Glimmora, M|
|poke|p2|Corviknight, F|
|poke|p2|Drifblim, M|
|poke|p2|Incineroar, M|
|teampreview
|inactive|Battle timer is ON: inactive players will automatically lose when time's up. (requested by Lekyks)
|
|t:|1769363102
|teamsize|p1|6
|teamsize|p2|6
|start
|switch|p1a: Samurott|Samurott-Hisui, M, shiny|100/100
|switch|p2a: Gyarados|Gyarados, F|100/100
|turn|1
|
|t:|1769363107
|move|p1a: Samurott|Ceaseless Edge|p2a: Gyarados
|-damage|p2a: Gyarados|49/100
|-sidestart|p2: wander36|Spikes
|move|p2a: Gyarados|Dragon Dance|p2a: Gyarados
|-boost|p2a: Gyarados|atk|1
|-boost|p2a: Gyarados|spe|1
|
|upkeep
|turn|2
|
|t:|1769363117
|move|p2a: Gyarados|Waterfall|p1a: Samurott
|-resisted|p1a: Samurott
|-damage|p1a: Samurott|58/100
|move|p1a: Samurott|Ceaseless Edge|p2a: Gyarados
|-damage|p2a: Gyarados|0 fnt
|-sidestart|p2: wander36|Spikes
|faint|p2a: Gyarados
|
|upkeep
|
|t:|1769363134
|switch|p2a: Glimmora|Glimmora, M|100/100
|-damage|p2a: Glimmora|84/100|[from] Spikes
|turn|3
|
|t:|1769363143
|move|p1a: Samurott|Surf|p2a: Glimmora
|-supereffective|p2a: Glimmora
|-damage|p2a: Glimmora|27/100
|-enditem|p2a: Glimmora|Sitrus Berry|[eat]
|-heal|p2a: Glimmora|52/100|[from] item: Sitrus Berry
|move|p2a: Glimmora|Mortal Spin|p1a: Samurott
|-damage|p1a: Samurott|50/100
|-status|p1a: Samurott|psn
|-sideend|p2: wander36|Spikes|[from] move: Mortal Spin|[of] p2a: Glimmora
|
|-damage|p1a: Samurott|37/100 psn|[from] psn
|upkeep
|turn|4
|
|t:|1769363156
|move|p1a: Samurott|Ceaseless Edge|p2a: Glimmora
|-damage|p2a: Glimmora|16/100
|-sidestart|p2: wander36|Spikes
|move|p2a: Glimmora|Power Gem|p1a: Samurott
|-damage|p1a: Samurott|0 fnt
|faint|p1a: Samurott
|
|upkeep
|
|t:|1769363171
|switch|p1a: Scizor|Scizor, F|100/100
|turn|5
|
|t:|1769363176
|move|p1a: Scizor|Bullet Punch|p2a: Glimmora
|-supereffective|p2a: Glimmora
|-damage|p2a: Glimmora|0 fnt
|faint|p2a: Glimmora
|
|upkeep
|
|t:|1769363182
|switch|p2a: Drifblim|Drifblim, M|100/100
|turn|6
|
|t:|1769363187
|move|p2a: Drifblim|Calm Mind|p2a: Drifblim
|-boost|p2a: Drifblim|spa|1
|-boost|p2a: Drifblim|spd|1
|move|p1a: Scizor|Swords Dance|p1a: Scizor
|-boost|p1a: Scizor|atk|2
|
|upkeep
|turn|7
|
|t:|1769363198
|-terastallize|p2a: Drifblim|Electric
|move|p1a: Scizor|Bullet Punch|p2a: Drifblim
|-resisted|p2a: Drifblim
|-damage|p2a: Drifblim|66/100
|move|p2a: Drifblim|Shadow Ball|p1a: Scizor
|-damage|p1a: Scizor|53/100
|-unboost|p1a: Scizor|spd|1
|
|-heal|p1a: Scizor|60/100|[from] item: Leftovers
|upkeep
|turn|8
|
|t:|1769363210
|move|p2a: Drifblim|Shadow Ball|p1a: Scizor
|-crit|p1a: Scizor
|-damage|p1a: Scizor|0 fnt
|faint|p1a: Scizor
|
|upkeep
|
|t:|1769363226
|switch|p1a: Ceruledge|Ceruledge, M, shiny|100/100
|turn|9
|
|t:|1769363230
|move|p1a: Ceruledge|Swords Dance|p1a: Ceruledge
|-boost|p1a: Ceruledge|atk|2
|move|p2a: Drifblim|Strength Sap|p1a: Ceruledge
|-unboost|p1a: Ceruledge|atk|1
|-heal|p2a: Drifblim|100/100
|
|upkeep
|turn|10
|
|t:|1769363243
|move|p1a: Ceruledge|Bitter Blade|p2a: Drifblim
|-damage|p2a: Drifblim|35/100
|-enditem|p2a: Drifblim|Sitrus Berry|[eat]
|-heal|p2a: Drifblim|60/100|[from] item: Sitrus Berry
|move|p2a: Drifblim|Shadow Ball|p1a: Ceruledge
|-supereffective|p1a: Ceruledge
|-damage|p1a: Ceruledge|12/100
|
|upkeep
|turn|11
|
|t:|1769363263
|move|p2a: Drifblim|Shadow Ball|p1a: Ceruledge
|-supereffective|p1a: Ceruledge
|-damage|p1a: Ceruledge|0 fnt
|faint|p1a: Ceruledge
|
|upkeep
|
|t:|1769363270
|switch|p1a: Zamazenta|Zamazenta|100/100
|-ability|p1a: Zamazenta|Dauntless Shield|boost
|-boost|p1a: Zamazenta|def|1
|turn|12
|
|t:|1769363279
|move|p2a: Drifblim|Air Slash|p1a: Zamazenta
|-supereffective|p1a: Zamazenta
|-damage|p1a: Zamazenta|47/100
|move|p1a: Zamazenta|Iron Defense|p1a: Zamazenta
|-boost|p1a: Zamazenta|def|2
|
|-heal|p1a: Zamazenta|54/100|[from] item: Leftovers
|upkeep
|turn|13
|
|t:|1769363288
|move|p2a: Drifblim|Air Slash|p1a: Zamazenta
|-supereffective|p1a: Zamazenta
|-damage|p1a: Zamazenta|0 fnt
|faint|p1a: Zamazenta
|
|upkeep
|
|t:|1769363290
|switch|p1a: Iron Valiant|Iron Valiant, shiny|100/100
|-enditem|p1a: Iron Valiant|Booster Energy
|-activate|p1a: Iron Valiant|ability: Quark Drive|[fromitem]
|-start|p1a: Iron Valiant|quarkdrivespe
|turn|14
|
|t:|1769363298
|-terastallize|p1a: Iron Valiant|Ghost
|move|p1a: Iron Valiant|Shadow Ball|p2a: Drifblim
|-damage|p2a: Drifblim|31/100
|-unboost|p2a: Drifblim|spd|1
|move|p2a: Drifblim|Strength Sap|p1a: Iron Valiant
|-unboost|p1a: Iron Valiant|atk|1
|-heal|p2a: Drifblim|79/100
|
|upkeep
|turn|15
|
|t:|1769363310
|move|p1a: Iron Valiant|Shadow Ball|p2a: Drifblim
|-damage|p2a: Drifblim|37/100
|move|p2a: Drifblim|Calm Mind|p2a: Drifblim
|-boost|p2a: Drifblim|spa|1
|-boost|p2a: Drifblim|spd|1
|
|upkeep
|turn|16
|
|t:|1769363318
|move|p1a: Iron Valiant|Moonblast|p2a: Drifblim
|-damage|p2a: Drifblim|8/100
|move|p2a: Drifblim|Shadow Ball|p1a: Iron Valiant
|-supereffective|p1a: Iron Valiant
|-damage|p1a: Iron Valiant|0 fnt
|faint|p1a: Iron Valiant
|-end|p1a: Iron Valiant|Quark Drive|[silent]
|
|upkeep
|
|t:|1769363321
|switch|p1a: Kingambit|Kingambit, M|100/100
|-activate|p1a: Kingambit|ability: Supreme Overlord
|-start|p1a: Kingambit|fallen5|[silent]
|-item|p1a: Kingambit|Air Balloon
|turn|17
|
|t:|1769363331
|move|p2a: Drifblim|Strength Sap|p1a: Kingambit
|-unboost|p1a: Kingambit|atk|1
|-heal|p2a: Drifblim|81/100
|move|p1a: Kingambit|Swords Dance|p1a: Kingambit
|-boost|p1a: Kingambit|atk|2
|
|upkeep
|turn|18
|
|t:|1769363338
|move|p1a: Kingambit|Sucker Punch||[still]
|-fail|p1a: Kingambit
|move|p2a: Drifblim|Strength Sap|p1a: Kingambit
|-unboost|p1a: Kingambit|atk|1
|-heal|p2a: Drifblim|100/100
|
|upkeep
|turn|19
|-message|Lekyks forfeited.
|
|win|wander36
|raw|Lekyks's rating: 1369 &rarr; <strong>1350</strong><br />(-19 for losing)
|raw|wander36's rating: 1385 &rarr; <strong>1404</strong><br />(+19 for winning)
|l|☆Lekyks
|player|p1|
|l|☆wander36
|player|p2|
