|j|☆winfiftyfifties
|j|☆TheOddKeystone
|t:|1769439982
|gametype|singles
|player|p1|winfiftyfifties|2|1667
|player|p2|TheOddKeystone|bruno-gen2|1662
|gen|9
|tier|[Gen 9] OU
|rated|
|rule|HP Percentage Mod: HP is shown in percentages
|rule|Endless Battle Clause: Forcing endless battles is banned
|rule|Species Clause: Limit one of each Pokémon
|rule|OHKO Clause: OHKO moves are banned
|rule|Evasion Items Clause: Evasion items are banned
|rule|Evasion Moves Clause: Evasion moves are banned
|rule|Evasion Abilities Clause: Evasion abilities are banned
|rule|Sleep Moves Clause: Sleep-inducing moves are banned
|clearpoke
|poke|p1|Landorus-Therian, M|
|poke|p1|Ogerpon-Wellspring, F|
|poke|p1|Dragapult, F|
|poke|p1|Darkrai|
|poke|p1|Arcanine-Hisui, M|
|poke|p1|Scizor, M|
|poke|p2|Tinkaton, F|
|poke|p2|Ogerpon, F|
|poke|p2|Great Tusk|
|poke|p2|Pecharunt|
|poke|p2|Alomomola, M|
|poke|p2|Hydreigon, M|
|teampreview
|
|t:|1769439991
|teamsize|p1|6
|teamsize|p2|6
|start
|switch|p1a: Arcanine|Arcanine-Hisui, M|100/100
|switch|p2a: Smile.exe|Tinkaton, F, shiny|100/100
|-item|p2a: Smile.exe|Air Balloon
|turn|1
|
|t:|1769439997
|move|p2a: Smile.exe|Stealth Rock|p1a: Arcanine
|-sidestart|p1: winfiftyfifties|move: Stealth Rock
|move|p1a: Arcanine|Flare Blitz|p2a: Smile.exe
|-supereffective|p2a: Smile.exe
|-crit|p2a: Smile.exe
|-damage|p2a: Smile.exe|0 fnt
|-enditem|p2a: Smile.exe|Air Balloon
|faint|p2a: Smile.exe
|
|upkeep
|
|t:|1769440001
|switch|p2a: Hybrid|Hydreigon, M, shiny|100/100
|turn|2
|
|t:|1769440011
|move|p2a: Hybrid|Draco Meteor|p1a: Arcanine
|-damage|p1a: Arcanine|0 fnt
|-unboost|p2a: Hybrid|spa|2
|faint|p1a: Arcanine
|
|upkeep
|
|t:|1769440015
|switch|p1a: Scizor|Scizor, M|100/100
|-damage|p1a: Scizor|88/100|[from] Stealth Rock
|turn|3
|
|t:|1769440018
|switch|p2a: Overseer|Pecharunt|100/100
|move|p1a: Scizor|Defog|p2a: Overseer
|-unboost|p2a: Overseer|evasion|1
|-sideend|p1: winfiftyfifties|Stealth Rock|[from] move: Defog|[of] p1a: Scizor
|
|upkeep
|turn|4
|
|t:|1769440026
|switch|p1a: Landorus|Landorus-Therian, M|100/100
|-ability|p1a: Landorus|Intimidate|boost
|-unboost|p2a: Overseer|atk|1
|move|p2a: Overseer|Parting Shot|p1a: Landorus
|-unboost|p1a: Landorus|atk|1
|-unboost|p1a: Landorus|spa|1
|
|t:|1769440029
|switch|p2a: Hybrid|Hydreigon, M, shiny|100/100|[from] Parting Shot
|
|upkeep
|turn|5
|
|t:|1769440034
|switch|p1a: Scizor|Scizor, M|88/100
|move|p2a: Hybrid|Draco Meteor|p1a: Scizor
|-resisted|p1a: Scizor
|-damage|p1a: Scizor|28/100
|-unboost|p2a: Hybrid|spa|2
|
|upkeep
|turn|6
|
|t:|1769440044
|switch|p1a: Ogerpon|Ogerpon-Wellspring, F|100/100
|move|p2a: Hybrid|Draco Meteor|p1a: Ogerpon|[miss]
|-miss|p2a: Hybrid|p1a: Ogerpon
|
|upkeep
|turn|7
|
|t:|1769440049
|switch|p2a: Overseer|Pecharunt|100/100
|move|p1a: Ogerpon|U-turn|p2a: Overseer
|-resisted|p2a: Overseer
|-crit|p2a: Overseer
|-damage|p2a: Overseer|96/100
|-damage|p1a: Ogerpon|84/100|[from] item: Rocky Helmet|[of] p2a: Overseer
|
|t:|1769440054
|switch|p1a: Darkrai|Darkrai|100/100|[from] U-turn
|
|upkeep
|turn|8
|
|t:|1769440070
|switch|p2a: Pisces|Alomomola, M, shiny|100/100
|move|p1a: Darkrai|Ice Beam|p2a: Pisces
|-resisted|p2a: Pisces
|-damage|p2a: Pisces|88/100
|-status|p2a: Pisces|frz
|
|upkeep
|turn|9
|
|t:|1769440076
|switch|p1a: Ogerpon|Ogerpon-Wellspring, F|84/100
|switch|p2a: Hybrid|Hydreigon, M, shiny|100/100
|
|upkeep
|turn|10
|
|t:|1769440086
|switch|p2a: Overseer|Pecharunt|96/100
|move|p1a: Ogerpon|U-turn|p2a: Overseer
|-resisted|p2a: Overseer
|-damage|p2a: Overseer|93/100
|-damage|p1a: Ogerpon|67/100|[from] item: Rocky Helmet|[of] p2a: Overseer
|
|t:|1769440089
|switch|p1a: Darkrai|Darkrai|100/100|[from] U-turn
|
|upkeep
|turn|11
|
|t:|1769440093
|switch|p2a: Pisces|Alomomola, M, shiny|100/100 frz
|move|p1a: Darkrai|Dark Pulse|p2a: Pisces
|-damage|p2a: Pisces|70/100 frz
|
|upkeep
|turn|12
|
|t:|1769440100
|move|p1a: Darkrai|Dark Pulse|p2a: Pisces
|-damage|p2a: Pisces|36/100 frz
|-curestatus|p2a: Pisces|frz|[msg]
|move|p2a: Pisces|Flip Turn|p1a: Darkrai
|-damage|p1a: Darkrai|80/100
|
|t:|1769440115
|switch|p2a: Anonymous|Ogerpon, F|100/100|[from] Flip Turn
|
|upkeep
|turn|13
|j| jdjdjdjjdjdjd
|
|t:|1769440136
|switch|p1a: Scizor|Scizor, M|28/100
|-terastallize|p2a: Anonymous|Grass
|detailschange|p2a: Anonymous|Ogerpon-Teal-Tera, F, tera:Grass
|-ability|p2a: Anonymous|Embody Aspect (Teal)|boost
|-boost|p2a: Anonymous|spe|1
|move|p2a: Anonymous|U-turn|p1a: Scizor
|-resisted|p1a: Scizor
|-damage|p1a: Scizor|12/100
|j| YaraC
|inactive|Battle timer is ON: inactive players will automatically lose when time's up. (requested by winfiftyfifties)
|
|t:|1769440162
|switch|p2a: Overseer|Pecharunt|93/100|[from] U-turn
|
|upkeep
|turn|14
|
|t:|1769440179
|move|p1a: Scizor|Bullet Punch|p2a: Overseer
|-damage|p2a: Overseer|69/100
|-damage|p1a: Scizor|0 fnt|[from] item: Rocky Helmet|[of] p2a: Overseer
|faint|p1a: Scizor
|move|p2a: Overseer|Shadow Ball|p1: Scizor|[notarget]
|-fail|p2a: Overseer
|
|upkeep
|
|t:|1769440182
|switch|p1a: Dragapult|Dragapult, F|100/100
|turn|15
|
|t:|1769440185
|switch|p2a: Pisces|Alomomola, M, shiny|69/100
|-terastallize|p1a: Dragapult|Dragon
|move|p1a: Dragapult|Dragon Darts|p2a: Pisces
|-damage|p2a: Pisces|29/100
|-anim|p1a: Dragapult|Dragon Darts|p2a: Pisces
|-damage|p2a: Pisces|0 fnt
|faint|p2a: Pisces
|
|upkeep
|
|t:|1769440191
|switch|p2a: Anonymous|Ogerpon-Teal-Tera, F, tera:Grass|100/100
|-ability|p2a: Anonymous|Embody Aspect (Teal)|boost
|-boost|p2a: Anonymous|spe|1
|turn|16
|
|t:|1769440205
|switch|p1a: Landorus|Landorus-Therian, M|100/100
|-ability|p1a: Landorus|Intimidate|boost
|-unboost|p2a: Anonymous|atk|1
|move|p2a: Anonymous|U-turn|p1a: Landorus
|-resisted|p1a: Landorus
|-damage|p1a: Landorus|88/100
|
|t:|1769440217
|switch|p2a: Hybrid|Hydreigon, M, shiny|100/100|[from] U-turn
|
|upkeep
|turn|17
|
|t:|1769440231
|move|p2a: Hybrid|Draco Meteor|p1a: Landorus
|-damage|p1a: Landorus|0 fnt
|-unboost|p2a: Hybrid|spa|2
|faint|p1a: Landorus
|
|upkeep
|
|t:|1769440234
|switch|p1a: Dragapult|Dragapult, F, tera:Dragon|100/100
|turn|18
|
|t:|1769440243
|switch|p2a: Overseer|Pecharunt|69/100
|move|p1a: Dragapult|Dragon Darts|p2a: Overseer
|-damage|p2a: Overseer|46/100
|-anim|p1a: Dragapult|Dragon Darts|p2a: Overseer
|-damage|p2a: Overseer|24/100
|
|upkeep
|turn|19
|
|t:|1769440246
|move|p1a: Dragapult|Dragon Darts|p2a: Overseer
|-damage|p2a: Overseer|0 fnt
|faint|p2a: Overseer
|
|upkeep
|
|t:|1769440249
|switch|p2a: Behemoth|Great Tusk, shiny|100/100
|turn|20
|
|t:|1769440259
|switch|p1a: Darkrai|Darkrai|80/100
|move|p2a: Behemoth|Close Combat|p1a: Darkrai
|-supereffective|p1a: Darkrai
|-damage|p1a: Darkrai|0 fnt
|-unboost|p2a: Behemoth|def|1
|-unboost|p2a: Behemoth|spd|1
|faint|p1a: Darkrai
|
|upkeep
|inactive|winfiftyfifties has 120 seconds left.
|
|t:|1769440286
|switch|p1a: Dragapult|Dragapult, F, tera:Dragon|100/100
|turn|21
|
|t:|1769440289
|-end|p2a: Behemoth|Protosynthesis|[silent]
|switch|p2a: Hybrid|Hydreigon, M, shiny|100/100
|move|p1a: Dragapult|U-turn|p2a: Hybrid
|-supereffective|p2a: Hybrid
|-damage|p2a: Hybrid|18/100
|
|t:|1769440294
|switch|p1a: Ogerpon|Ogerpon-Wellspring, F|67/100|[from] U-turn
|
|upkeep
|turn|22
|
|t:|1769440311
|move|p1a: Ogerpon|U-turn|p2a: Hybrid
|-supereffective|p2a: Hybrid
|-damage|p2a: Hybrid|0 fnt
|faint|p2a: Hybrid
|
|t:|1769440314
|switch|p1a: Dragapult|Dragapult, F, tera:Dragon|100/100|[from] U-turn
|
|upkeep
|inactive|TheOddKeystone has 120 seconds left.
|
|t:|1769440339
|switch|p2a: Anonymous|Ogerpon-Teal-Tera, F, tera:Grass|100/100
|-ability|p2a: Anonymous|Embody Aspect (Teal)|boost
|-boost|p2a: Anonymous|spe|1
|turn|23
|
|t:|1769440357
|move|p2a: Anonymous|U-turn|p1a: Dragapult
|-damage|p1a: Dragapult|52/100
|
|t:|1769440359
|switch|p2a: Behemoth|Great Tusk, shiny|100/100|[from] U-turn
|move|p1a: Dragapult|Dragon Darts|p2a: Behemoth
|-damage|p2a: Behemoth|62/100
|-anim|p1a: Dragapult|Dragon Darts|p2a: Behemoth
|-damage|p2a: Behemoth|26/100
|
|upkeep
|turn|24
|
|t:|1769440363
|move|p1a: Dragapult|Dragon Darts|p2a: Behemoth
|-crit|p2a: Behemoth
|-damage|p2a: Behemoth|0 fnt
|faint|p2a: Behemoth
|-end|p2a: Behemoth|Protosynthesis|[silent]
|
|upkeep
|
|t:|1769440365
|switch|p2a: Anonymous|Ogerpon-Teal-Tera, F, tera:Grass|100/100
|-ability|p2a: Anonymous|Embody Aspect (Teal)|boost
|-boost|p2a: Anonymous|spe|1
|turn|25
|
|t:|1769440368
|move|p2a: Anonymous|Ivy Cudgel|p1a: Dragapult
|-resisted|p1a: Dragapult
|-damage|p1a: Dragapult|0 fnt
|faint|p1a: Dragapult
|
|upkeep
|
|t:|1769440371
|switch|p1a: Ogerpon|Ogerpon-Wellspring, F|67/100
|turn|26
|
|t:|1769440373
|move|p2a: Anonymous|Ivy Cudgel|p1a: Ogerpon
|-damage|p1a: Ogerpon|0 fnt
|faint|p1a: Ogerpon
|
|win|TheOddKeystone
|raw|winfiftyfifties's rating: 1667 &rarr; <strong>1645</strong><br />(-22 for losing)
|raw|TheOddKeystone's rating: 1636 &rarr; <strong>1658</strong><br />(+22 for winning)
|l|☆TheOddKeystone
|player|p2|
|l|☆winfiftyfifties
|player|p1|
