|j|☆thebambi1234
|j|☆AdamSplash23
|t:|1769376774
|gametype|singles
|player|p1|thebambi1234|102|1132
|player|p2|AdamSplash23|crasherwake|1115
|gen|9
|tier|[Gen 9] OU
|rated|
|rule|HP Percentage Mod: HP is shown in percentages
|rule|Endless Battle Clause: Forcing endless battles is banned
|rule|Species Clause: Limit one of each Pokémon
|rule|OHKO Clause: OHKO moves are banned
|rule|Evasion Items Clause: Evasion items are banned
|rule|Evasion Moves Clause: Evasion moves are banned
|rule|Evasion Abilities Clause: Evasion abilities are banned
|rule|Sleep Moves Clause: Sleep-inducing moves are banned
|clearpoke
|poke|p1|Ting-Lu|
|poke|p1|Cinderace, M|
|poke|p1|Dragapult, F|
|poke|p1|Gliscor, M|
|poke|p1|Ogerpon-Wellspring, F|
|poke|p1|Ribombee, M|
|poke|p2|Floatzel, M|
|poke|p2|Pelipper, M|
|poke|p2|Quagsire, F|
|poke|p2|Staraptor, M|
|poke|p2|Hitmontop, M|
|poke|p2|Magcargo, F|
|teampreview
|inactive|Battle timer is ON: inactive players will automatically lose when time's up. (requested by thebambi1234)
|
|t:|1769376777
|teamsize|p1|6
|teamsize|p2|6
|start
|switch|p1a: Ribombee|Ribombee, M|100/100
|switch|p2a: Magcargo|Magcargo, F|100/100
|turn|1
|
|t:|1769376781
|move|p1a: Ribombee|Trick|p2a: Magcargo
|-activate|p1a: Ribombee|move: Trick|[of] p2a: Magcargo
|-item|p2a: Magcargo|Sticky Barb|[from] move: Trick
|-item|p1a: Ribombee|Leftovers|[from] move: Trick
|move|p2a: Magcargo|Stealth Rock|p1a: Ribombee
|-sidestart|p1: thebambi1234|move: Stealth Rock
|
|-damage|p2a: Magcargo|88/100|[from] item: Sticky Barb
|upkeep
|turn|2
|
|t:|1769376791
|move|p1a: Ribombee|Sticky Web|p2a: Magcargo
|-sidestart|p2: AdamSplash23|move: Sticky Web
|move|p2a: Magcargo|Lava Plume|p1a: Ribombee
|-supereffective|p1a: Ribombee
|-damage|p1a: Ribombee|17/100
|
|-heal|p1a: Ribombee|23/100|[from] item: Leftovers
|-damage|p2a: Magcargo|76/100|[from] item: Sticky Barb
|upkeep
|turn|3
|
|t:|1769376796
|move|p1a: Ribombee|Stun Spore|p2a: Magcargo|[miss]
|-miss|p1a: Ribombee|p2a: Magcargo
|move|p2a: Magcargo|Power Gem|p1a: Ribombee
|-supereffective|p1a: Ribombee
|-damage|p1a: Ribombee|0 fnt
|faint|p1a: Ribombee
|
|-damage|p2a: Magcargo|63/100|[from] item: Sticky Barb
|upkeep
|
|t:|1769376801
|switch|p1a: Gliscor|Gliscor, M, shiny|100/100
|-damage|p1a: Gliscor|88/100|[from] Stealth Rock
|turn|4
|
|t:|1769376807
|move|p1a: Gliscor|Swords Dance|p1a: Gliscor
|-boost|p1a: Gliscor|atk|2
|move|p2a: Magcargo|Lava Plume|p1a: Gliscor
|-damage|p1a: Gliscor|51/100
|
|-status|p1a: Gliscor|tox|[from] item: Toxic Orb
|-damage|p2a: Magcargo|51/100|[from] item: Sticky Barb
|upkeep
|turn|5
|
|t:|1769376815
|move|p1a: Gliscor|Protect|p1a: Gliscor
|-singleturn|p1a: Gliscor|Protect
|move|p2a: Magcargo|Clear Smog|p1a: Gliscor
|-activate|p1a: Gliscor|move: Protect
|
|-heal|p1a: Gliscor|63/100 tox|[from] ability: Poison Heal
|-damage|p2a: Magcargo|39/100|[from] item: Sticky Barb
|upkeep
|turn|6
|
|t:|1769376823
|switch|p2a: Quagsire|Quagsire, F|100/100
|-activate|p2a: Quagsire|move: Sticky Web
|-unboost|p2a: Quagsire|spe|1
|move|p1a: Gliscor|Earthquake|p2a: Quagsire
|-crit|p2a: Quagsire
|-damage|p2a: Quagsire|59/100
|
|-heal|p2a: Quagsire|65/100|[from] item: Leftovers
|-heal|p1a: Gliscor|76/100 tox|[from] ability: Poison Heal
|upkeep
|turn|7
|
|t:|1769376829
|-terastallize|p1a: Gliscor|Normal
|move|p1a: Gliscor|Facade|p2a: Quagsire
|-damage|p2a: Quagsire|23/100
|move|p2a: Quagsire|Recover|p2a: Quagsire
|-heal|p2a: Quagsire|73/100
|
|-heal|p2a: Quagsire|79/100|[from] item: Leftovers
|-heal|p1a: Gliscor|88/100 tox|[from] ability: Poison Heal
|upkeep
|turn|8
|
|t:|1769376836
|move|p1a: Gliscor|Facade|p2a: Quagsire
|-damage|p2a: Quagsire|36/100
|move|p2a: Quagsire|Earthquake|p1a: Gliscor
|-damage|p1a: Gliscor|60/100 tox
|
|-heal|p2a: Quagsire|42/100|[from] item: Leftovers
|-heal|p1a: Gliscor|72/100 tox|[from] ability: Poison Heal
|upkeep
|turn|9
|
|t:|1769376843
|move|p2a: Quagsire|Protect|p2a: Quagsire
|-singleturn|p2a: Quagsire|Protect
|move|p1a: Gliscor|Facade|p2a: Quagsire
|-activate|p2a: Quagsire|move: Protect
|
|-heal|p2a: Quagsire|48/100|[from] item: Leftovers
|-heal|p1a: Gliscor|85/100 tox|[from] ability: Poison Heal
|upkeep
|turn|10
|
|t:|1769376846
|move|p1a: Gliscor|Facade|p2a: Quagsire
|-damage|p2a: Quagsire|8/100
|move|p2a: Quagsire|Recover|p2a: Quagsire
|-heal|p2a: Quagsire|58/100
|
|-heal|p2a: Quagsire|64/100|[from] item: Leftovers
|-heal|p1a: Gliscor|97/100 tox|[from] ability: Poison Heal
|upkeep
|turn|11
|
|t:|1769376849
|move|p1a: Gliscor|Facade|p2a: Quagsire
|-damage|p2a: Quagsire|25/100
|move|p2a: Quagsire|Recover|p2a: Quagsire
|-heal|p2a: Quagsire|75/100
|
|-heal|p2a: Quagsire|81/100|[from] item: Leftovers
|-heal|p1a: Gliscor|100/100 tox|[from] ability: Poison Heal
|upkeep
|turn|12
|
|t:|1769376852
|move|p1a: Gliscor|Facade|p2a: Quagsire
|-damage|p2a: Quagsire|40/100
|move|p2a: Quagsire|Recover|p2a: Quagsire
|-heal|p2a: Quagsire|90/100
|
|-heal|p2a: Quagsire|96/100|[from] item: Leftovers
|upkeep
|turn|13
|
|t:|1769376859
|switch|p2a: Hitmontop|Hitmontop, M, shiny|100/100
|-activate|p2a: Hitmontop|move: Sticky Web
|-unboost|p2a: Hitmontop|spe|1
|-ability|p2a: Hitmontop|Intimidate|boost
|-unboost|p1a: Gliscor|atk|1
|move|p1a: Gliscor|Facade|p2a: Hitmontop
|-damage|p2a: Hitmontop|25/100
|
|upkeep
|turn|14
|inactive|AdamSplash23 has 120 seconds left.
|
|t:|1769376894
|switch|p2a: Magcargo|Magcargo, F|39/100
|-activate|p2a: Magcargo|move: Sticky Web
|-unboost|p2a: Magcargo|spe|1
|move|p1a: Gliscor|Facade|p2a: Magcargo
|-resisted|p2a: Magcargo
|-damage|p2a: Magcargo|8/100
|
|-damage|p2a: Magcargo|0 fnt|[from] item: Sticky Barb
|faint|p2a: Magcargo
|upkeep
|inactive|AdamSplash23 has 120 seconds left.
|
|t:|1769376905
|switch|p2a: Staraptor|Staraptor, M|100/100
|turn|15
|inactive|AdamSplash23 has 120 seconds left.
|
|t:|1769376916
|move|p1a: Gliscor|Protect|p1a: Gliscor
|-singleturn|p1a: Gliscor|Protect
|move|p2a: Staraptor|Close Combat|p1a: Gliscor
|-activate|p1a: Gliscor|move: Protect
|
|upkeep
|turn|16
|
|t:|1769376923
|switch|p1a: Dragapult|Dragapult, F|100/100
|-damage|p1a: Dragapult|88/100|[from] Stealth Rock
|move|p2a: Staraptor|Close Combat|p1a: Dragapult
|-immune|p1a: Dragapult
|
|upkeep
|turn|17
|
|t:|1769376930
|switch|p2a: Pelipper|Pelipper, M|100/100
|-weather|RainDance|[from] ability: Drizzle|[of] p2a: Pelipper
|move|p1a: Dragapult|Draco Meteor|p2a: Pelipper
|-damage|p2a: Pelipper|0 fnt
|-unboost|p1a: Dragapult|spa|2
|faint|p2a: Pelipper
|
|-weather|RainDance|[upkeep]
|upkeep
|
|t:|1769376939
|switch|p2a: Floatzel|Floatzel, M|100/100
|-activate|p2a: Floatzel|move: Sticky Web
|-unboost|p2a: Floatzel|spe|1
|turn|18
|
|t:|1769376944
|switch|p1a: Ogerpon|Ogerpon-Wellspring, F|100/100
|-damage|p1a: Ogerpon|88/100|[from] Stealth Rock
|move|p2a: Floatzel|Wave Crash|p1a: Ogerpon
|-heal|p1a: Ogerpon|100/100|[from] ability: Water Absorb|[of] p2a: Floatzel
|
|-weather|RainDance|[upkeep]
|upkeep
|turn|19
|
|t:|1769376956
|-terastallize|p2a: Floatzel|Fighting
|move|p2a: Floatzel|Brick Break|p1a: Ogerpon
|-damage|p1a: Ogerpon|52/100
|move|p1a: Ogerpon|Encore|p2a: Floatzel
|-start|p2a: Floatzel|Encore
|
|-weather|RainDance|[upkeep]
|upkeep
|turn|20
|
|t:|1769376973
|switch|p2a: Hitmontop|Hitmontop, M, shiny|25/100
|-activate|p2a: Hitmontop|move: Sticky Web
|-unboost|p2a: Hitmontop|spe|1
|-ability|p2a: Hitmontop|Intimidate|boost
|-unboost|p1a: Ogerpon|atk|1
|switch|p1a: Dragapult|Dragapult, F|88/100
|-damage|p1a: Dragapult|76/100|[from] Stealth Rock
|
|-weather|RainDance|[upkeep]
|upkeep
|turn|21
|
|t:|1769376981
|move|p2a: Hitmontop|Sucker Punch|p1a: Dragapult
|-supereffective|p1a: Dragapult
|-crit|p1a: Dragapult
|-damage|p1a: Dragapult|17/100
|move|p1a: Dragapult|Draco Meteor|p2a: Hitmontop
|-damage|p2a: Hitmontop|0 fnt
|-unboost|p1a: Dragapult|spa|2
|faint|p2a: Hitmontop
|
|-weather|RainDance|[upkeep]
|upkeep
|
|t:|1769376987
|switch|p2a: Staraptor|Staraptor, M|100/100
|turn|22
|
|t:|1769376993
|switch|p1a: Ogerpon|Ogerpon-Wellspring, F|52/100
|-damage|p1a: Ogerpon|40/100|[from] Stealth Rock
|move|p2a: Staraptor|Brave Bird|p1a: Ogerpon
|-supereffective|p1a: Ogerpon
|-damage|p1a: Ogerpon|0 fnt
|faint|p1a: Ogerpon
|-damage|p2a: Staraptor|88/100|[from] Recoil
|
|-weather|RainDance|[upkeep]
|upkeep
|
|t:|1769377000
|switch|p1a: Dragapult|Dragapult, F|17/100
|-damage|p1a: Dragapult|4/100|[from] Stealth Rock
|turn|23
|
|t:|1769377003
|move|p2a: Staraptor|Brave Bird|p1a: Dragapult
|-damage|p1a: Dragapult|0 fnt
|faint|p1a: Dragapult
|-damage|p2a: Staraptor|87/100|[from] Recoil
|
|-weather|RainDance|[upkeep]
|upkeep
|
|t:|1769377011
|switch|p1a: Gliscor|Gliscor, M, shiny, tera:Normal|100/100 tox
|-damage|p1a: Gliscor|88/100 tox|[from] Stealth Rock
|turn|24
|
|t:|1769377012
|move|p2a: Staraptor|Brave Bird|p1a: Gliscor
|-damage|p1a: Gliscor|9/100 tox
|-damage|p2a: Staraptor|62/100|[from] Recoil
|move|p1a: Gliscor|Swords Dance|p1a: Gliscor
|-boost|p1a: Gliscor|atk|2
|
|-weather|none
|-heal|p1a: Gliscor|21/100 tox|[from] ability: Poison Heal
|upkeep
|turn|25
|
|t:|1769377018
|move|p1a: Gliscor|Protect|p1a: Gliscor
|-singleturn|p1a: Gliscor|Protect
|move|p2a: Staraptor|Brave Bird|p1a: Gliscor
|-activate|p1a: Gliscor|move: Protect
|
|-heal|p1a: Gliscor|33/100 tox|[from] ability: Poison Heal
|upkeep
|turn|26
|
|t:|1769377022
|move|p2a: Staraptor|Brave Bird|p1a: Gliscor
|-damage|p1a: Gliscor|0 fnt
|faint|p1a: Gliscor
|-damage|p2a: Staraptor|52/100|[from] Recoil
|
|upkeep
|-message|thebambi1234 forfeited.
|
|win|AdamSplash23
|raw|thebambi1234's rating: 1132 &rarr; <strong>1106</strong><br />(-26 for losing)
|raw|AdamSplash23's rating: 1115 &rarr; <strong>1141</strong><br />(+26 for winning)
|l|☆thebambi1234
|player|p1|
|l|☆AdamSplash23
|player|p2|
