|j|☆Shalimarrrr
|j|☆JakCK
|t:|1769367234
|gametype|singles
|player|p1|Shalimarrrr|iono|1376
|player|p2|JakCK|emmet|1385
|gen|9
|tier|[Gen 9] OU
|rated|
|rule|HP Percentage Mod: HP is shown in percentages
|rule|Endless Battle Clause: Forcing endless battles is banned
|rule|Species Clause: Limit one of each Pokémon
|rule|OHKO Clause: OHKO moves are banned
|rule|Evasion Items Clause: Evasion items are banned
|rule|Evasion Moves Clause: Evasion moves are banned
|rule|Evasion Abilities Clause: Evasion abilities are banned
|rule|Sleep Moves Clause: Sleep-inducing moves are banned
|clearpoke
|poke|p1|Walking Wake|
|poke|p1|Maushold|
|poke|p1|Azumarill, F|
|poke|p1|Kingambit, F|
|poke|p1|Dragapult, M|
|poke|p1|Great Tusk|
|poke|p2|Ninetales, F|
|poke|p2|Cresselia, F|
|poke|p2|Raging Bolt|
|poke|p2|Iron Moth|
|poke|p2|Great Tusk|
|poke|p2|Walking Wake|
|teampreview
|
|t:|1769367240
|teamsize|p1|6
|teamsize|p2|6
|start
|switch|p1a: Dragapult|Dragapult, M|100/100
|switch|p2a: Ninetales|Ninetales, F|100/100
|-weather|SunnyDay|[from] ability: Drought|[of] p2a: Ninetales
|turn|1
|inactive|Battle timer is ON: inactive players will automatically lose when time's up. (requested by Shalimarrrr)
|
|t:|1769367275
|switch|p2a: Cresselia|Cresselia, F|100/100
|move|p1a: Dragapult|Thunder Wave|p2a: Cresselia
|-status|p2a: Cresselia|par
|
|-weather|SunnyDay|[upkeep]
|upkeep
|turn|2
|
|t:|1769367292
|move|p1a: Dragapult|Hex|p2a: Cresselia
|-supereffective|p2a: Cresselia
|-damage|p2a: Cresselia|26/100 par
|-enditem|p2a: Cresselia|Eject Button
|
|t:|1769367307
|switch|p2a: Iron Moth|Iron Moth|100/100
|-enditem|p2a: Iron Moth|Booster Energy
|-activate|p2a: Iron Moth|ability: Quark Drive|[fromitem]
|-start|p2a: Iron Moth|quarkdrivespe
|
|-weather|SunnyDay|[upkeep]
|upkeep
|turn|3
|c|☆JakCK|!weakness dragapult
|c| JakCK|/raw <div class="infobox">Dragapult (ignoring abilities):<br /><span class="message-effect-weak">Weaknesses</span>: Dark, Dragon, Fairy, Ghost, Ice<br /><span class="message-effect-resist">Resistances</span>: Bug, Electric, Fire, Grass, Poison, Water<br /><span class="message-effect-immune">Immunities</span>: Fighting, Normal, Trapping</div>
|
|t:|1769367325
|move|p2a: Iron Moth|Fiery Dance|p1a: Dragapult
|-resisted|p1a: Dragapult
|-damage|p1a: Dragapult|53/100
|move|p1a: Dragapult|Thunder Wave|p2a: Iron Moth
|-status|p2a: Iron Moth|par
|
|-weather|SunnyDay|[upkeep]
|upkeep
|turn|4
|
|t:|1769367338
|move|p1a: Dragapult|Hex|p2a: Iron Moth
|-damage|p2a: Iron Moth|50/100 par
|cant|p2a: Iron Moth|par
|
|-weather|SunnyDay|[upkeep]
|upkeep
|turn|5
|inactive|JakCK has 120 seconds left.
|
|t:|1769367362
|move|p1a: Dragapult|Hex|p2a: Iron Moth
|-damage|p2a: Iron Moth|0 fnt
|faint|p2a: Iron Moth
|-end|p2a: Iron Moth|Quark Drive|[silent]
|
|-weather|SunnyDay|[upkeep]
|upkeep
|
|t:|1769367378
|switch|p2a: Raging Bolt|Raging Bolt|100/100
|-activate|p2a: Raging Bolt|ability: Protosynthesis
|-start|p2a: Raging Bolt|protosynthesisspa
|turn|6
|
|t:|1769367389
|-terastallize|p2a: Raging Bolt|Fairy
|move|p1a: Dragapult|Dragon Darts|p2a: Raging Bolt
|-immune|p2a: Raging Bolt
|move|p2a: Raging Bolt|Dragon Pulse|p1a: Dragapult
|-supereffective|p1a: Dragapult
|-crit|p1a: Dragapult
|-damage|p1a: Dragapult|0 fnt
|faint|p1a: Dragapult
|-damage|p2a: Raging Bolt|91/100|[from] item: Life Orb
|
|-weather|SunnyDay|[upkeep]
|upkeep
|
|t:|1769367394
|switch|p1a: Kingambit|Kingambit, F|100/100
|-activate|p1a: Kingambit|ability: Supreme Overlord
|-start|p1a: Kingambit|fallen1|[silent]
|turn|7
|inactive|JakCK has 120 seconds left.
|c|☆JakCK|!weakness kingambit
|c| JakCK|/raw <div class="infobox">Kingambit (ignoring abilities):<br /><span class="message-effect-weak">Weaknesses</span>: <b>Fighting</b>, Fire, Ground<br /><span class="message-effect-resist">Resistances</span>: Dark, Dragon, Flying, Ghost, Grass, Ice, Normal, Rock, Steel<br /><span class="message-effect-immune">Immunities</span>: Poison, Psychic, Prankster, Sandstorm damage, Toxic</div>
|
|t:|1769367412
|move|p2a: Raging Bolt|Weather Ball|p1a: Kingambit
|-supereffective|p1a: Kingambit
|-damage|p1a: Kingambit|0 fnt
|faint|p1a: Kingambit
|-end|p1a: Kingambit|fallen1|[silent]
|-damage|p2a: Raging Bolt|81/100|[from] item: Life Orb
|
|-weather|SunnyDay|[upkeep]
|upkeep
|
|t:|1769367426
|switch|p1a: Azumarill|Azumarill, F, shiny|100/100
|turn|8
|inactive|JakCK has 120 seconds left.
|c|☆JakCK|!weakness azumarill
|c| JakCK|/raw <div class="infobox">Azumarill (ignoring abilities):<br /><span class="message-effect-weak">Weaknesses</span>: Electric, Grass, Poison<br /><span class="message-effect-resist">Resistances</span>: Bug, Dark, Fighting, Fire, Ice, Water<br /><span class="message-effect-immune">Immunities</span>: Dragon</div>
|
|t:|1769367445
|-terastallize|p1a: Azumarill|Steel
|move|p2a: Raging Bolt|Thunderbolt|p1a: Azumarill
|-damage|p1a: Azumarill|0 fnt
|faint|p1a: Azumarill
|-damage|p2a: Raging Bolt|71/100|[from] item: Life Orb
|
|-weather|none
|-end|p2a: Raging Bolt|Protosynthesis
|upkeep
|
|t:|1769367454
|switch|p1a: Tandemauss|Maushold|100/100
|turn|9
|inactive|JakCK has 120 seconds left.
|c|☆JakCK|!weakness trandemauss
No Pokémon or type named 'trandemauss' was found. Searching for 'Tandemaus' instead.
|c| JakCK|/raw <div class="infobox">Tandemaus (ignoring abilities):<br /><span class="message-effect-weak">Weaknesses</span>: Fighting<br /><span class="message-effect-resist">Resistances</span>: <span class="gray">None</span><br /><span class="message-effect-immune">Immunities</span>: Ghost</div>
|
|t:|1769367469
|move|p1a: Tandemauss|Population Bomb|p2a: Raging Bolt
|-damage|p2a: Raging Bolt|60/100
|-damage|p2a: Raging Bolt|50/100
|-damage|p2a: Raging Bolt|39/100
|-damage|p2a: Raging Bolt|28/100
|-damage|p2a: Raging Bolt|18/100
|-damage|p2a: Raging Bolt|8/100
|-damage|p2a: Raging Bolt|0 fnt
|faint|p2a: Raging Bolt
|-end|p2a: Raging Bolt|Protosynthesis|[silent]
|-hitcount|p2: Raging Bolt|7
|
|upkeep
|
|t:|1769367494
|switch|p2a: Ninetales|Ninetales, F|100/100
|-weather|SunnyDay|[from] ability: Drought|[of] p2a: Ninetales
|turn|10
|
|t:|1769367508
|switch|p2a: Cresselia|Cresselia, F|26/100 par
|move|p1a: Tandemauss|Tidy Up|p1a: Tandemauss
|-boost|p1a: Tandemauss|atk|1
|-boost|p1a: Tandemauss|spe|1
|
|-weather|SunnyDay|[upkeep]
|upkeep
|turn|11
|
|t:|1769367519
|move|p1a: Tandemauss|Bite|p2a: Cresselia
|-supereffective|p2a: Cresselia
|-damage|p2a: Cresselia|0 fnt
|faint|p2a: Cresselia
|
|-weather|SunnyDay|[upkeep]
|upkeep
|inactive|JakCK has 90 seconds left.
|
|t:|1769367530
|switch|p2a: Great Tusk|Great Tusk|100/100
|-activate|p2a: Great Tusk|ability: Protosynthesis
|-start|p2a: Great Tusk|protosynthesisspe
|turn|12
|inactive|JakCK has 90 seconds left.
|
|t:|1769367553
|move|p1a: Tandemauss|Population Bomb|p2a: Great Tusk
|-damage|p2a: Great Tusk|90/100
|-damage|p1a: Tandemauss|84/100|[from] item: Rocky Helmet|[of] p2a: Great Tusk
|-damage|p2a: Great Tusk|79/100
|-damage|p1a: Tandemauss|67/100|[from] item: Rocky Helmet|[of] p2a: Great Tusk
|-damage|p2a: Great Tusk|68/100
|-damage|p1a: Tandemauss|51/100|[from] item: Rocky Helmet|[of] p2a: Great Tusk
|-damage|p2a: Great Tusk|58/100
|-damage|p1a: Tandemauss|34/100|[from] item: Rocky Helmet|[of] p2a: Great Tusk
|-damage|p2a: Great Tusk|47/100
|-damage|p1a: Tandemauss|17/100|[from] item: Rocky Helmet|[of] p2a: Great Tusk
|-damage|p2a: Great Tusk|35/100
|-damage|p1a: Tandemauss|1/100|[from] item: Rocky Helmet|[of] p2a: Great Tusk
|-damage|p2a: Great Tusk|24/100
|-damage|p1a: Tandemauss|0 fnt|[from] item: Rocky Helmet|[of] p2a: Great Tusk
|faint|p1a: Tandemauss
|-hitcount|p2a: Great Tusk|7
|move|p2a: Great Tusk|Headlong Rush|p1: Tandemauss|[notarget]
|-fail|p2a: Great Tusk
|
|-weather|SunnyDay|[upkeep]
|upkeep
|
|t:|1769367560
|switch|p1a: Walking Wake|Walking Wake|100/100
|-activate|p1a: Walking Wake|ability: Protosynthesis
|-start|p1a: Walking Wake|protosynthesisspa
|turn|13
|inactive|JakCK has 90 seconds left.
|
|t:|1769367579
|move|p2a: Great Tusk|Headlong Rush|p1a: Walking Wake
|-damage|p1a: Walking Wake|45/100
|-unboost|p2a: Great Tusk|def|1
|-unboost|p2a: Great Tusk|spd|1
|move|p1a: Walking Wake|Agility|p1a: Walking Wake
|-boost|p1a: Walking Wake|spe|2
|
|-weather|SunnyDay|[upkeep]
|upkeep
|turn|14
|
|t:|1769367606
|move|p1a: Walking Wake|Surf|p2a: Great Tusk
|-supereffective|p2a: Great Tusk
|-damage|p2a: Great Tusk|0 fnt
|faint|p2a: Great Tusk
|-end|p2a: Great Tusk|Protosynthesis|[silent]
|
|-weather|SunnyDay|[upkeep]
|upkeep
|inactive|JakCK has 60 seconds left.
|
|t:|1769367618
|switch|p2a: Walking Wake|Walking Wake|100/100
|-activate|p2a: Walking Wake|ability: Protosynthesis
|-start|p2a: Walking Wake|protosynthesisspa
|turn|15
|inactive|JakCK has 60 seconds left.
|
|t:|1769367635
|move|p1a: Walking Wake|Dragon Pulse|p2a: Walking Wake
|-supereffective|p2a: Walking Wake
|-damage|p2a: Walking Wake|0 fnt
|faint|p2a: Walking Wake
|-end|p2a: Walking Wake|Protosynthesis|[silent]
|
|-weather|SunnyDay|[upkeep]
|upkeep
|
|t:|1769367640
|switch|p2a: Ninetales|Ninetales, F|100/100
|turn|16
|inactive|JakCK has 60 seconds left.
|
|t:|1769367652
|move|p1a: Walking Wake|Surf|p2a: Ninetales
|-supereffective|p2a: Ninetales
|-damage|p2a: Ninetales|37/100
|move|p2a: Ninetales|Overheat|p1a: Walking Wake
|-resisted|p1a: Walking Wake
|-damage|p1a: Walking Wake|28/100
|-unboost|p2a: Ninetales|spa|2
|
|-weather|SunnyDay|[upkeep]
|upkeep
|turn|17
|inactive|JakCK has 60 seconds left.
|
|t:|1769367663
|move|p1a: Walking Wake|Surf|p2a: Ninetales
|-supereffective|p2a: Ninetales
|-damage|p2a: Ninetales|0 fnt
|faint|p2a: Ninetales
|
|win|Shalimarrrr
|raw|Shalimarrrr's rating: 1376 &rarr; <strong>1397</strong><br />(+21 for winning)
|raw|JakCK's rating: 1385 &rarr; <strong>1364</strong><br />(-21 for losing)
|l|☆Shalimarrrr
|player|p1|
|l|☆JakCK
|player|p2|
