|j|☆ballzak35
|j|☆Wienerdogski
|t:|1769319875
|gametype|singles
|player|p1|ballzak35|gamer-gen3|1187
|player|p2|Wienerdogski|red|1111
|gen|9
|tier|[Gen 9] OU
|rated|
|rule|HP Percentage Mod: HP is shown in percentages
|rule|Endless Battle Clause: Forcing endless battles is banned
|rule|Species Clause: Limit one of each Pokémon
|rule|OHKO Clause: OHKO moves are banned
|rule|Evasion Items Clause: Evasion items are banned
|rule|Evasion Moves Clause: Evasion moves are banned
|rule|Evasion Abilities Clause: Evasion abilities are banned
|rule|Sleep Moves Clause: Sleep-inducing moves are banned
|clearpoke
|poke|p1|Tyranitar, F|
|poke|p1|Garchomp, M|
|poke|p1|Zamazenta-*|
|poke|p1|Gliscor, M|
|poke|p1|Gholdengo|
|poke|p1|Zapdos|
|poke|p2|Zoroark-Hisui, F|
|poke|p2|Quaquaval, M|
|poke|p2|Kilowattrel, F|
|poke|p2|Tinkaton, F|
|poke|p2|Muk-Alola, M|
|poke|p2|Mamoswine, F|
|teampreview
|
|t:|1769319898
|teamsize|p1|6
|teamsize|p2|6
|start
|switch|p1a: Zapdos|Zapdos|100/100
|switch|p2a: Mamoswine|Mamoswine, F|100/100
|turn|1
|
|t:|1769319913
|switch|p1a: Zamazenta|Zamazenta|100/100
|-ability|p1a: Zamazenta|Dauntless Shield|boost
|-boost|p1a: Zamazenta|def|1
|move|p2a: Mamoswine|Hyper Voice|p1a: Zamazenta
|-damage|p1a: Zamazenta|58/100
|
|upkeep
|turn|2
|
|t:|1769319928
|move|p1a: Zamazenta|Crunch|p2a: Mamoswine
|-supereffective|p2a: Mamoswine
|-enditem|p2a: Mamoswine|Focus Sash
|-damage|p2a: Mamoswine|1/100
|replace|p2a: Zoroark|Zoroark-Hisui, F
|-end|p2a: Zoroark|Illusion
|move|p2a: Zoroark|Hyper Voice|p1a: Zamazenta
|-damage|p1a: Zamazenta|9/100
|
|upkeep
|turn|3
|
|t:|1769319946
|switch|p2a: Mamoswine|Mamoswine, F|100/100
|move|p1a: Zamazenta|Crunch|p2a: Mamoswine
|-damage|p2a: Mamoswine|61/100
|-damage|p1a: Zamazenta|0 fnt|[from] item: Rocky Helmet|[of] p2a: Mamoswine
|faint|p1a: Zamazenta
|
|upkeep
|
|t:|1769319957
|switch|p1a: cheese|Gholdengo|100/100
|turn|4
|
|t:|1769319967
|switch|p2a: Muk|Muk-Alola, M|100/100
|move|p1a: cheese|Make It Rain|p2a: Muk
|-damage|p2a: Muk|68/100
|-unboost|p1a: cheese|spa|1
|
|upkeep
|turn|5
|
|t:|1769319975
|switch|p1a: Garchomp|Garchomp, M|100/100
|move|p2a: Muk|Fire Punch|p1a: Garchomp
|-resisted|p1a: Garchomp
|-damage|p1a: Garchomp|95/100
|-damage|p2a: Muk|55/100|[from] ability: Rough Skin|[of] p1a: Garchomp
|-damage|p2a: Muk|39/100|[from] item: Rocky Helmet|[of] p1a: Garchomp
|
|upkeep
|turn|6
|
|t:|1769319986
|switch|p2a: Tinkaton|Tinkaton, F|100/100
|-ability|p2a: Tinkaton|Mold Breaker
|move|p1a: Garchomp|Spikes|p2a: Tinkaton
|-sidestart|p2: Wienerdogski|Spikes
|
|upkeep
|turn|7
|
|t:|1769320001
|switch|p1a: Zapdos|Zapdos|100/100
|move|p2a: Tinkaton|Play Rough|p1a: Zapdos
|-damage|p1a: Zapdos|82/100
|-status|p2a: Tinkaton|par|[from] ability: Static|[of] p1a: Zapdos
|
|upkeep
|turn|8
|
|t:|1769320010
|move|p1a: Zapdos|Heat Wave|p2a: Tinkaton|[miss]
|-miss|p1a: Zapdos|p2a: Tinkaton
|move|p2a: Tinkaton|Knock Off|p1a: Zapdos
|-damage|p1a: Zapdos|68/100
|-enditem|p1a: Zapdos|Heavy-Duty Boots|[from] move: Knock Off|[of] p2a: Tinkaton
|
|upkeep
|turn|9
|
|t:|1769320022
|-terastallize|p2a: Tinkaton|Dark
|move|p1a: Zapdos|U-turn|p2a: Tinkaton
|-supereffective|p2a: Tinkaton
|-damage|p2a: Tinkaton|62/100 par
|
|t:|1769320035
|switch|p1a: Garchomp|Garchomp, M|95/100|[from] U-turn
|move|p2a: Tinkaton|Play Rough|p1a: Garchomp
|-supereffective|p1a: Garchomp
|-damage|p1a: Garchomp|66/100
|-damage|p2a: Tinkaton|50/100 par|[from] ability: Rough Skin|[of] p1a: Garchomp
|-damage|p2a: Tinkaton|33/100 par|[from] item: Rocky Helmet|[of] p1a: Garchomp
|
|-heal|p2a: Tinkaton|39/100 par|[from] item: Leftovers
|upkeep
|turn|10
|
|t:|1769320081
|switch|p2a: Tinkaton|Tinkaton, F|1/100
|-damage|p2a: Tinkaton|0 fnt|[from] Spikes
|faint|p2a: Tinkaton
|move|p1a: Garchomp|Spikes|p2: Zoroark
|-sidestart|p2: Wienerdogski|Spikes
|
|upkeep
|
|t:|1769320090
|switch|p2a: Mamoswine|Mamoswine, F|61/100
|-damage|p2a: Mamoswine|45/100|[from] Spikes
|turn|11
|
|t:|1769320103
|switch|p1a: cheese|Gholdengo|100/100
|move|p2a: Mamoswine|Ice Shard|p1a: cheese
|-resisted|p1a: cheese
|-damage|p1a: cheese|89/100
|
|upkeep
|turn|12
|
|t:|1769320112
|switch|p2a: Muk|Muk-Alola, M|39/100
|-damage|p2a: Muk|22/100|[from] Spikes
|move|p1a: cheese|Make It Rain|p2a: Muk
|-damage|p2a: Muk|0 fnt
|-unboost|p1a: cheese|spa|1
|faint|p2a: Muk
|
|upkeep
|
|t:|1769320137
|switch|p2a: Quaquaval|Quaquaval, M|100/100
|-damage|p2a: Quaquaval|84/100|[from] Spikes
|turn|13
|
|t:|1769320149
|switch|p1a: Zapdos|Zapdos|68/100
|move|p2a: Quaquaval|Aqua Step|p1a: Zapdos
|-damage|p1a: Zapdos|33/100
|-boost|p2a: Quaquaval|spe|1
|-damage|p2a: Quaquaval|74/100|[from] item: Life Orb
|
|upkeep
|turn|14
|
|t:|1769320159
|move|p2a: Quaquaval|Aqua Step|p1a: Zapdos
|-damage|p1a: Zapdos|0 fnt
|-boost|p2a: Quaquaval|spe|1
|faint|p1a: Zapdos
|-ability|p2a: Quaquaval|Moxie|boost
|-boost|p2a: Quaquaval|atk|1
|-damage|p2a: Quaquaval|64/100|[from] item: Life Orb
|
|upkeep
|
|t:|1769320163
|switch|p1a: Darude|Tyranitar, F|100/100
|-weather|Sandstorm|[from] ability: Sand Stream|[of] p1a: Darude
|turn|15
|
|t:|1769320174
|switch|p1a: Garchomp|Garchomp, M|66/100
|move|p2a: Quaquaval|Close Combat|p1a: Garchomp
|-damage|p1a: Garchomp|0 fnt
|-unboost|p2a: Quaquaval|def|1
|-unboost|p2a: Quaquaval|spd|1
|-damage|p2a: Quaquaval|51/100|[from] ability: Rough Skin|[of] p1a: Garchomp
|-damage|p2a: Quaquaval|35/100|[from] item: Rocky Helmet|[of] p1a: Garchomp
|faint|p1a: Garchomp
|-ability|p2a: Quaquaval|Moxie|boost
|-boost|p2a: Quaquaval|atk|1
|-damage|p2a: Quaquaval|25/100|[from] item: Life Orb
|
|-weather|Sandstorm|[upkeep]
|-damage|p2a: Quaquaval|19/100|[from] Sandstorm
|upkeep
|
|t:|1769320183
|switch|p1a: Darude|Tyranitar, F|100/100
|turn|16
|
|t:|1769320189
|-terastallize|p1a: Darude|Flying
|move|p2a: Quaquaval|Close Combat|p1a: Darude
|-resisted|p1a: Darude
|-damage|p1a: Darude|44/100
|-unboost|p2a: Quaquaval|def|1
|-unboost|p2a: Quaquaval|spd|1
|-damage|p2a: Quaquaval|9/100|[from] item: Life Orb
|move|p1a: Darude|Knock Off|p2a: Quaquaval
|-resisted|p2a: Quaquaval
|-damage|p2a: Quaquaval|0 fnt
|-enditem|p2a: Quaquaval|Life Orb|[from] move: Knock Off|[of] p1a: Darude
|faint|p2a: Quaquaval
|
|-weather|Sandstorm|[upkeep]
|-damage|p1a: Darude|37/100|[from] Sandstorm
|-heal|p1a: Darude|44/100|[from] item: Leftovers
|upkeep
|
|t:|1769320213
|switch|p2a: Kilowattrel|Kilowattrel, F|100/100
|turn|17
|
|t:|1769320217
|switch|p1a: Gliscor|Gliscor, M|100/100
|move|p2a: Kilowattrel|Volt Switch|p1a: Gliscor
|-immune|p1a: Gliscor
|
|-weather|Sandstorm|[upkeep]
|-damage|p2a: Kilowattrel|94/100|[from] Sandstorm
|-status|p1a: Gliscor|tox|[from] item: Toxic Orb
|upkeep
|turn|18
|
|t:|1769320229
|switch|p2a: Tinkaton|Tinkaton, F, tera:Dark|39/100 par
|-damage|p2a: Tinkaton|23/100 par|[from] Spikes
|-ability|p2a: Tinkaton|Mold Breaker
|move|p1a: Gliscor|Facade|p2a: Tinkaton
|-damage|p2a: Tinkaton|0 fnt
|faint|p2a: Tinkaton
|
|-weather|Sandstorm|[upkeep]
|upkeep
|
|t:|1769320239
|switch|p2a: Mamoswine|Mamoswine, F|45/100
|-damage|p2a: Mamoswine|28/100|[from] Spikes
|turn|19
|
|t:|1769320244
|switch|p1a: Darude|Tyranitar, F, tera:Flying|44/100
|move|p2a: Mamoswine|Ice Shard|p1a: Darude
|-supereffective|p1a: Darude
|-damage|p1a: Darude|10/100
|
|-weather|none
|-heal|p1a: Darude|17/100|[from] item: Leftovers
|upkeep
|turn|20
|
|t:|1769320251
|move|p2a: Mamoswine|Ice Shard|p1a: Darude
|-supereffective|p1a: Darude
|-damage|p1a: Darude|0 fnt
|faint|p1a: Darude
|
|upkeep
|
|t:|1769320254
|switch|p1a: cheese|Gholdengo|89/100
|turn|21
|
|t:|1769320262
|switch|p2a: Kilowattrel|Kilowattrel, F|94/100
|move|p1a: cheese|Shadow Ball|p2a: Kilowattrel
|-damage|p2a: Kilowattrel|5/100
|
|upkeep
|turn|22
|
|t:|1769320270
|move|p2a: Kilowattrel|Thunderbolt|p1a: cheese
|-damage|p1a: cheese|29/100
|move|p1a: cheese|Shadow Ball|p2a: Kilowattrel
|-damage|p2a: Kilowattrel|0 fnt
|faint|p2a: Kilowattrel
|
|upkeep
|
|t:|1769320277
|switch|p2a: Mamoswine|Mamoswine, F|28/100
|-damage|p2a: Mamoswine|12/100|[from] Spikes
|turn|23
|
|t:|1769320281
|move|p1a: cheese|Shadow Ball|p2a: Mamoswine
|-damage|p2a: Mamoswine|0 fnt
|faint|p2a: Mamoswine
|
|win|ballzak35
|raw|ballzak35's rating: 1187 &rarr; <strong>1207</strong><br />(+20 for winning)
|raw|Wienerdogski's rating: 1111 &rarr; <strong>1091</strong><br />(-20 for losing)
|c|☆Wienerdogski|GG
|c|☆ballzak35|gg
|l|☆ballzak35
|player|p1|
|c|☆Wienerdogski|rematch
|l|☆Wienerdogski
|player|p2|
