|j|☆BloDragon
|j|☆Vandenta
|t:|1769377184
|gametype|singles
|player|p1|BloDragon|caitlin|1413
|player|p2|Vandenta|ghetsis-gen5bw|1386
|gen|9
|tier|[Gen 9] OU
|rated|
|rule|HP Percentage Mod: HP is shown in percentages
|rule|Endless Battle Clause: Forcing endless battles is banned
|rule|Species Clause: Limit one of each Pokémon
|rule|OHKO Clause: OHKO moves are banned
|rule|Evasion Items Clause: Evasion items are banned
|rule|Evasion Moves Clause: Evasion moves are banned
|rule|Evasion Abilities Clause: Evasion abilities are banned
|rule|Sleep Moves Clause: Sleep-inducing moves are banned
|clearpoke
|poke|p1|Kyurem|
|poke|p1|Alomomola, F|
|poke|p1|Great Tusk|
|poke|p1|Corviknight, F|
|poke|p1|Dragapult, F|
|poke|p1|Cinderace, M|
|poke|p2|Dragonite, F|
|poke|p2|Beartic, F|
|poke|p2|Slowking, F|
|poke|p2|Salazzle, F|
|poke|p2|Hydreigon, M|
|poke|p2|Corviknight, M|
|teampreview
|inactive|Battle timer is ON: inactive players will automatically lose when time's up. (requested by BloDragon)
|
|t:|1769377203
|teamsize|p1|6
|teamsize|p2|6
|start
|switch|p1a: Cinderace|Cinderace, M, shiny|100/100
|switch|p2a: Slowking|Slowking, F|100/100
|turn|1
|
|t:|1769377209
|move|p1a: Cinderace|U-turn|p2a: Slowking
|-start|p1a: Cinderace|typechange|Bug|[from] ability: Libero
|-supereffective|p2a: Slowking
|-damage|p2a: Slowking|50/100
|
|t:|1769377219
|switch|p1a: Alomomola|Alomomola, F|100/100|[from] U-turn
|-prepare|p2a: Slowking|Chilly Reception|[premajor]
|move|p2a: Slowking|Chilly Reception|p2a: Slowking
|-weather|Snowscape
|
|t:|1769377227
|switch|p2a: Beartic|Beartic, F|100/100|[from] Chilly Reception
|
|-weather|Snowscape|[upkeep]
|upkeep
|turn|2
|
|t:|1769377236
|move|p2a: Beartic|Swords Dance|p2a: Beartic
|-boost|p2a: Beartic|atk|2
|move|p1a: Alomomola|Flip Turn|p2a: Beartic
|-damage|p2a: Beartic|88/100
|
|t:|1769377239
|switch|p1a: Kyurem|Kyurem|100/100|[from] Flip Turn
|-ability|p1a: Kyurem|Pressure
|
|-weather|Snowscape|[upkeep]
|upkeep
|turn|3
|
|t:|1769377262
|switch|p1a: Corviknight|Corviknight, F|100/100
|-ability|p1a: Corviknight|Pressure
|move|p2a: Beartic|Swords Dance|p2a: Beartic
|-boost|p2a: Beartic|atk|2
|
|-weather|Snowscape|[upkeep]
|upkeep
|turn|4
|
|t:|1769377268
|move|p2a: Beartic|Icicle Spear|p1a: Corviknight
|-damage|p1a: Corviknight|79/100
|-damage|p1a: Corviknight|54/100
|-damage|p1a: Corviknight|29/100
|-damage|p1a: Corviknight|5/100
|-crit|p1a: Corviknight
|-damage|p1a: Corviknight|0 fnt
|faint|p1a: Corviknight
|-hitcount|p1: Corviknight|5
|
|-weather|Snowscape|[upkeep]
|upkeep
|
|t:|1769377281
|switch|p1a: Kyurem|Kyurem|100/100
|-ability|p1a: Kyurem|Pressure
|turn|5
|
|t:|1769377285
|move|p2a: Beartic|Icicle Spear|p1a: Kyurem
|-damage|p1a: Kyurem|74/100
|-damage|p1a: Kyurem|48/100
|-damage|p1a: Kyurem|25/100
|-damage|p1a: Kyurem|0 fnt
|faint|p1a: Kyurem
|-hitcount|p1: Kyurem|4
|
|-weather|Snowscape|[upkeep]
|upkeep
|
|t:|1769377295
|switch|p1a: Cinderace|Cinderace, M, shiny|100/100
|turn|6
|
|t:|1769377298
|move|p2a: Beartic|Earthquake|p1a: Cinderace
|-supereffective|p1a: Cinderace
|-damage|p1a: Cinderace|0 fnt
|faint|p1a: Cinderace
|
|-weather|Snowscape|[upkeep]
|upkeep
|-message|BloDragon forfeited.
|
|win|Vandenta
|raw|BloDragon's rating: 1413 &rarr; <strong>1391</strong><br />(-22 for losing)
|raw|Vandenta's rating: 1386 &rarr; <strong>1408</strong><br />(+22 for winning)
|l|☆BloDragon
|player|p1|
|l|☆Vandenta
|player|p2|
