|j|☆girafadex
|j|☆gjiom
|t:|1769352101
|gametype|singles
|player|p1|girafadex|gentleman-gen4|
|player|p2|gjiom|265|
|gen|9
|tier|[Gen 9] OU
|rule|HP Percentage Mod: HP is shown in percentages
|rule|Endless Battle Clause: Forcing endless battles is banned
|rule|Species Clause: Limit one of each Pokémon
|rule|OHKO Clause: OHKO moves are banned
|rule|Evasion Items Clause: Evasion items are banned
|rule|Evasion Moves Clause: Evasion moves are banned
|rule|Evasion Abilities Clause: Evasion abilities are banned
|rule|Sleep Moves Clause: Sleep-inducing moves are banned
|clearpoke
|poke|p1|Raging Bolt|
|poke|p1|Skarmory, F|
|poke|p1|Kingambit, F|
|poke|p1|Manaphy|
|poke|p1|Great Tusk|
|poke|p1|Gholdengo|
|poke|p2|Glimmora, F|
|poke|p2|Pelipper, M|
|poke|p2|Polteageist|
|poke|p2|Ogerpon-Cornerstone, F|
|poke|p2|Sandy Shocks|
|poke|p2|Volcanion|
|teampreview
|c|☆gjiom|Dame un segundo
|c|☆girafadex|Dale
|
|t:|1769352184
|teamsize|p1|6
|teamsize|p2|6
|start
|switch|p1a: Revenge|Gholdengo|100/100
|switch|p2a: Sandy Shocks|Sandy Shocks, shiny|100/100
|turn|1
|j| shinystorm_xd
|l| shinystorm_xd
|j| shinystorm_xd
|c| shinystorm_xd|Hola wenas
|
|t:|1769352223
|switch|p1a: Avioneta|Skarmory, F|100/100
|move|p2a: Sandy Shocks|Volt Switch|p1a: Avioneta
|-supereffective|p1a: Avioneta
|-ability|p1a: Avioneta|Sturdy
|-damage|p1a: Avioneta|1/100
|j| Zapatillazo34
|
|t:|1769352235
|-end|p2a: Sandy Shocks|Protosynthesis|[silent]
|switch|p2a: Polteageist|Polteageist|100/100|[from] Volt Switch
|
|upkeep
|turn|2
|
|t:|1769352252
|switch|p1a: Miyamoto Musashi|Kingambit, F|100/100
|move|p2a: Polteageist|Shell Smash|p2a: Polteageist
|-unboost|p2a: Polteageist|def|1
|-unboost|p2a: Polteageist|spd|1
|-boost|p2a: Polteageist|atk|2
|-boost|p2a: Polteageist|spa|2
|-boost|p2a: Polteageist|spe|2
|
|upkeep
|turn|3
|c| Zapatillazo34|gl a los doss
|
|t:|1769352281
|-terastallize|p2a: Polteageist|Fighting
|move|p2a: Polteageist|Tera Blast|p1a: Miyamoto Musashi|[anim] Tera Blast Fighting
|-supereffective|p1a: Miyamoto Musashi
|-damage|p1a: Miyamoto Musashi|0 fnt
|faint|p1a: Miyamoto Musashi
|-end|p1a: Miyamoto Musashi|fallenundefined|[silent]
|
|upkeep
|c|☆gjiom|Iugalmente
|
|t:|1769352325
|switch|p1a: Yolanda|Manaphy|100/100
|turn|4
|
|t:|1769352335
|move|p2a: Polteageist|Tera Blast|p1a: Yolanda|[anim] Tera Blast Fighting
|-damage|p1a: Yolanda|11/100
|move|p1a: Yolanda|Psychic|p2a: Polteageist
|-supereffective|p2a: Polteageist
|-damage|p2a: Polteageist|14/100
|
|upkeep
|turn|5
|
|t:|1769352344
|move|p2a: Polteageist|Shadow Ball|p1a: Yolanda
|-damage|p1a: Yolanda|0 fnt
|faint|p1a: Yolanda
|
|upkeep
|
|t:|1769352370
|switch|p1a: GirafaDex|Raging Bolt|100/100
|-enditem|p1a: GirafaDex|Booster Energy
|-activate|p1a: GirafaDex|ability: Protosynthesis|[fromitem]
|-start|p1a: GirafaDex|protosynthesisspa
|turn|6
|
|t:|1769352381
|move|p1a: GirafaDex|Thunderclap|p2a: Polteageist
|-damage|p2a: Polteageist|0 fnt
|faint|p2a: Polteageist
|
|upkeep
|
|t:|1769352387
|switch|p2a: Sandy Shocks|Sandy Shocks, shiny|100/100
|turn|7
|
|t:|1769352397
|-end|p1a: GirafaDex|Protosynthesis|[silent]
|switch|p1a: Avioneta|Skarmory, F|1/100
|move|p2a: Sandy Shocks|Earth Power|p1a: Avioneta
|-immune|p1a: Avioneta
|
|upkeep
|turn|8
|
|t:|1769352404
|-end|p2a: Sandy Shocks|Protosynthesis|[silent]
|switch|p2a: Glimmora|Glimmora, F|100/100
|move|p1a: Avioneta|Roost|p1a: Avioneta
|-heal|p1a: Avioneta|51/100
|-singleturn|p1a: Avioneta|move: Roost
|
|upkeep
|turn|9
|
|t:|1769352456
|switch|p2a: Ogerpon|Ogerpon-Cornerstone, F|100/100
|move|p1a: Avioneta|Body Press|p2a: Ogerpon
|-supereffective|p2a: Ogerpon
|-damage|p2a: Ogerpon|21/100
|
|upkeep
|turn|10
|
|t:|1769352468
|move|p2a: Ogerpon|Ivy Cudgel|p1a: Avioneta|[anim] Ivy Cudgel Rock
|-damage|p1a: Avioneta|17/100
|move|p1a: Avioneta|Body Press|p2a: Ogerpon
|-supereffective|p2a: Ogerpon
|-damage|p2a: Ogerpon|0 fnt
|faint|p2a: Ogerpon
|
|upkeep
|
|t:|1769352484
|switch|p2a: Glimmora|Glimmora, F|100/100
|turn|11
|
|t:|1769352493
|move|p2a: Glimmora|Power Gem|p1a: Avioneta
|-damage|p1a: Avioneta|0 fnt
|faint|p1a: Avioneta
|
|upkeep
|
|t:|1769352518
|switch|p1a: Revenge|Gholdengo|100/100
|turn|12
|
|t:|1769352562
|switch|p2a: Volcanion|Volcanion|100/100
|-terastallize|p1a: Revenge|Fighting
|move|p1a: Revenge|Shadow Ball|p2a: Volcanion
|-damage|p2a: Volcanion|73/100
|
|upkeep
|turn|13
|
|t:|1769352578
|switch|p1a: GirafaDex|Raging Bolt|100/100
|move|p2a: Volcanion|Steam Eruption|p1a: GirafaDex
|-resisted|p1a: GirafaDex
|-damage|p1a: GirafaDex|69/100
|-status|p1a: GirafaDex|brn
|
|-damage|p1a: GirafaDex|63/100 brn|[from] brn
|upkeep
|turn|14
|
|t:|1769352595
|switch|p2a: Sandy Shocks|Sandy Shocks, shiny|100/100
|move|p1a: GirafaDex|Thunderbolt|p2a: Sandy Shocks
|-immune|p2a: Sandy Shocks
|
|-damage|p1a: GirafaDex|57/100 brn|[from] brn
|upkeep
|turn|15
|j| Rosconkikista
|c| Rosconkikista|fil fil
|
|t:|1769352631
|move|p2a: Sandy Shocks|Earth Power|p1a: GirafaDex
|-supereffective|p1a: GirafaDex
|-damage|p1a: GirafaDex|0 fnt
|faint|p1a: GirafaDex
|-end|p1a: GirafaDex|Protosynthesis|[silent]
|
|upkeep
|
|t:|1769352638
|switch|p1a: Drácula|Great Tusk|100/100
|-enditem|p1a: Drácula|Booster Energy
|-activate|p1a: Drácula|ability: Protosynthesis|[fromitem]
|-start|p1a: Drácula|protosynthesisatk
|turn|16
|
|t:|1769352691
|move|p2a: Sandy Shocks|Earth Power|p1a: Drácula
|-damage|p1a: Drácula|35/100
|move|p1a: Drácula|Knock Off|p2a: Sandy Shocks
|-damage|p2a: Sandy Shocks|50/100
|-enditem|p2a: Sandy Shocks|Choice Scarf|[from] move: Knock Off|[of] p1a: Drácula
|
|upkeep
|turn|17
|
|t:|1769352714
|move|p2a: Sandy Shocks|Earth Power|p1a: Drácula
|-damage|p1a: Drácula|0 fnt
|faint|p1a: Drácula
|-end|p1a: Drácula|Protosynthesis|[silent]
|
|upkeep
|
|t:|1769352716
|switch|p1a: Revenge|Gholdengo, tera:Fighting|100/100
|turn|18
|
|t:|1769352735
|move|p1a: Revenge|Trick|p2a: Sandy Shocks
|-activate|p1a: Revenge|move: Trick|[of] p2a: Sandy Shocks
|-item|p2a: Sandy Shocks|Choice Scarf|[from] move: Trick
|-enditem|p1a: Revenge|Choice Scarf|[silent]|[from] move: Trick
|move|p2a: Sandy Shocks|Thunderbolt|p1a: Revenge
|-damage|p1a: Revenge|48/100
|-status|p1a: Revenge|par
|
|upkeep
|turn|19
|
|t:|1769352742
|move|p2a: Sandy Shocks|Thunderbolt|p1a: Revenge
|-damage|p1a: Revenge|0 fnt
|faint|p1a: Revenge
|
|win|gjiom
|c| shinystorm_xd|Gg
|c|☆girafadex|Gg
|c|☆gjiom|Gg
|l|☆girafadex
|player|p1|
|c| Zapatillazo34|gg
|l| shinystorm_xd
