|j|☆UnexpectdSets
|j|☆thepope9
|t:|1769387072
|gametype|singles
|player|p1|UnexpectdSets|flint|1392
|player|p2|thepope9|benga|1350
|gen|9
|tier|[Gen 9] OU
|rated|
|rule|HP Percentage Mod: HP is shown in percentages
|rule|Endless Battle Clause: Forcing endless battles is banned
|rule|Species Clause: Limit one of each Pokémon
|rule|OHKO Clause: OHKO moves are banned
|rule|Evasion Items Clause: Evasion items are banned
|rule|Evasion Moves Clause: Evasion moves are banned
|rule|Evasion Abilities Clause: Evasion abilities are banned
|rule|Sleep Moves Clause: Sleep-inducing moves are banned
|clearpoke
|poke|p1|Clawitzer, F|
|poke|p1|Landorus-Therian, M|
|poke|p1|Azelf|
|poke|p1|Gholdengo|
|poke|p1|Bisharp, F|
|poke|p1|Samurott-Hisui, M|
|poke|p2|Iron Treads|
|poke|p2|Raging Bolt|
|poke|p2|Greninja-*, M|
|poke|p2|Cloyster, F|
|poke|p2|Iron Moth|
|poke|p2|Kingambit, F|
|teampreview
|
|t:|1769387100
|teamsize|p1|6
|teamsize|p2|6
|start
|switch|p1a: Landorus|Landorus-Therian, M|100/100
|switch|p2a: Iron Treads|Iron Treads|100/100
|-ability|p1a: Landorus|Intimidate|boost
|-unboost|p2a: Iron Treads|atk|1
|turn|1
|
|t:|1769387110
|move|p2a: Iron Treads|Stealth Rock|p1a: Landorus
|-sidestart|p1: UnexpectdSets|move: Stealth Rock
|move|p1a: Landorus|Earthquake|p2a: Iron Treads
|-supereffective|p2a: Iron Treads
|-damage|p2a: Iron Treads|0 fnt
|faint|p2a: Iron Treads
|-end|p2a: Iron Treads|Quark Drive|[silent]
|
|upkeep
|
|t:|1769387126
|switch|p2a: Cloyster|Cloyster, F|100/100
|turn|2
|
|t:|1769387130
|move|p1a: Landorus|U-turn|p2a: Cloyster
|-damage|p2a: Cloyster|76/100
|
|t:|1769387138
|switch|p1a: Gholdengo|Gholdengo|100/100|[from] U-turn
|-damage|p1a: Gholdengo|94/100|[from] Stealth Rock
|move|p2a: Cloyster|Icicle Spear|p1a: Gholdengo
|-resisted|p1a: Gholdengo
|-damage|p1a: Gholdengo|89/100
|-resisted|p1a: Gholdengo
|-damage|p1a: Gholdengo|84/100
|-resisted|p1a: Gholdengo
|-damage|p1a: Gholdengo|79/100
|-resisted|p1a: Gholdengo
|-damage|p1a: Gholdengo|74/100
|-resisted|p1a: Gholdengo
|-damage|p1a: Gholdengo|70/100
|-hitcount|p1a: Gholdengo|5
|
|-heal|p1a: Gholdengo|76/100|[from] item: Leftovers
|upkeep
|turn|3
|
|t:|1769387166
|move|p2a: Cloyster|Shell Smash|p2a: Cloyster
|-unboost|p2a: Cloyster|def|1
|-unboost|p2a: Cloyster|spd|1
|-boost|p2a: Cloyster|atk|2
|-boost|p2a: Cloyster|spa|2
|-boost|p2a: Cloyster|spe|2
|move|p1a: Gholdengo|Shadow Ball|p2a: Cloyster
|-damage|p2a: Cloyster|0 fnt
|faint|p2a: Cloyster
|
|-heal|p1a: Gholdengo|82/100|[from] item: Leftovers
|upkeep
|
|t:|1769387183
|switch|p2a: Iron Moth|Iron Moth|100/100
|-enditem|p2a: Iron Moth|Booster Energy
|-activate|p2a: Iron Moth|ability: Quark Drive|[fromitem]
|-start|p2a: Iron Moth|quarkdrivespa
|turn|4
|
|t:|1769387193
|switch|p1a: Samurott|Samurott-Hisui, M|100/100
|-damage|p1a: Samurott|88/100|[from] Stealth Rock
|move|p2a: Iron Moth|Fiery Dance|p1a: Samurott
|-resisted|p1a: Samurott
|-damage|p1a: Samurott|40/100
|
|upkeep
|turn|5
|
|t:|1769387211
|-terastallize|p2a: Iron Moth|Fairy
|move|p1a: Samurott|Sucker Punch|p2a: Iron Moth
|-resisted|p2a: Iron Moth
|-damage|p2a: Iron Moth|71/100
|move|p2a: Iron Moth|Dazzling Gleam|p1a: Samurott
|-supereffective|p1a: Samurott
|-damage|p1a: Samurott|0 fnt
|faint|p1a: Samurott
|
|upkeep
|
|t:|1769387231
|switch|p1a: Clawitzer|Clawitzer, F|100/100
|-damage|p1a: Clawitzer|88/100|[from] Stealth Rock
|turn|6
|
|t:|1769387239
|move|p2a: Iron Moth|Energy Ball|p1a: Clawitzer
|-supereffective|p1a: Clawitzer
|-damage|p1a: Clawitzer|0 fnt
|faint|p1a: Clawitzer
|
|upkeep
|
|t:|1769387249
|switch|p1a: Azelf|Azelf|100/100
|-damage|p1a: Azelf|88/100|[from] Stealth Rock
|turn|7
|
|t:|1769387261
|move|p1a: Azelf|Psyshock|p2a: Iron Moth
|-crit|p2a: Iron Moth
|-damage|p2a: Iron Moth|0 fnt
|faint|p2a: Iron Moth
|-end|p2a: Iron Moth|Quark Drive|[silent]
|
|upkeep
|
|t:|1769387273
|switch|p2a: Raging Bolt|Raging Bolt|100/100
|-enditem|p2a: Raging Bolt|Booster Energy
|-activate|p2a: Raging Bolt|ability: Protosynthesis|[fromitem]
|-start|p2a: Raging Bolt|protosynthesisspa
|turn|8
|inactive|Battle timer is ON: inactive players will automatically lose when time's up. (requested by UnexpectdSets)
|
|t:|1769387285
|move|p1a: Azelf|Psyshock|p2a: Raging Bolt
|-damage|p2a: Raging Bolt|58/100
|move|p2a: Raging Bolt|Dragon Pulse|p1a: Azelf
|-damage|p1a: Azelf|0 fnt
|faint|p1a: Azelf
|
|upkeep
|
|t:|1769387289
|switch|p1a: Landorus|Landorus-Therian, M|100/100
|-damage|p1a: Landorus|88/100|[from] Stealth Rock
|-ability|p1a: Landorus|Intimidate|boost
|-unboost|p2a: Raging Bolt|atk|1
|turn|9
|
|t:|1769387297
|move|p1a: Landorus|Earthquake|p2a: Raging Bolt
|-supereffective|p2a: Raging Bolt
|-damage|p2a: Raging Bolt|0 fnt
|faint|p2a: Raging Bolt
|-end|p2a: Raging Bolt|Protosynthesis|[silent]
|
|upkeep
|
|t:|1769387308
|switch|p2a: Greninja|Greninja, M|100/100
|turn|10
|
|t:|1769387319
|-terastallize|p1a: Landorus|Water
|move|p2a: Greninja|Surf|p1a: Landorus
|-resisted|p1a: Landorus
|-damage|p1a: Landorus|60/100
|move|p1a: Landorus|U-turn|p2a: Greninja
|-supereffective|p2a: Greninja
|-damage|p2a: Greninja|0 fnt
|faint|p2a: Greninja
|
|t:|1769387328
|switch|p1a: Bisharp|Bisharp, F|100/100|[from] U-turn
|-damage|p1a: Bisharp|95/100|[from] Stealth Rock
|
|upkeep
|
|t:|1769387333
|switch|p2a: Kingambit|Kingambit, F|100/100
|-activate|p2a: Kingambit|ability: Supreme Overlord
|-start|p2a: Kingambit|fallen5|[silent]
|turn|11
|
|t:|1769387347
|move|p1a: Bisharp|Low Kick|p2a: Kingambit
|-supereffective|p2a: Kingambit
|-damage|p2a: Kingambit|0 fnt
|faint|p2a: Kingambit
|-end|p2a: Kingambit|fallen5|[silent]
|
|win|UnexpectdSets
|raw|UnexpectdSets's rating: 1392 &rarr; <strong>1410</strong><br />(+18 for winning)
|raw|thepope9's rating: 1350 &rarr; <strong>1332</strong><br />(-18 for losing)
|l|☆UnexpectdSets
|player|p1|
