|j|☆WarusMoriz
|j|☆wassou_21
|t:|1769443576
|gametype|singles
|player|p1|WarusMoriz|li|1197
|player|p2|wassou_21|102|1201
|gen|9
|tier|[Gen 9] OU
|rated|
|rule|HP Percentage Mod: HP is shown in percentages
|rule|Endless Battle Clause: Forcing endless battles is banned
|rule|Species Clause: Limit one of each Pokémon
|rule|OHKO Clause: OHKO moves are banned
|rule|Evasion Items Clause: Evasion items are banned
|rule|Evasion Moves Clause: Evasion moves are banned
|rule|Evasion Abilities Clause: Evasion abilities are banned
|rule|Sleep Moves Clause: Sleep-inducing moves are banned
|clearpoke
|poke|p1|Ribombee, M|
|poke|p1|Lurantis, F|
|poke|p1|Hatterene, F|
|poke|p1|Goodra-Hisui, M|
|poke|p1|Forretress, M|
|poke|p1|Crawdaunt, F|
|poke|p2|Araquanid, M|
|poke|p2|Cinderace, F|
|poke|p2|Serperior, F|
|poke|p2|Bisharp, F|
|poke|p2|Dragapult, F|
|poke|p2|Comfey, M|
|teampreview
|
|t:|1769443589
|teamsize|p1|6
|teamsize|p2|6
|start
|switch|p1a: Crawdaunt|Crawdaunt, F|100/100
|switch|p2a: Araquanid|Araquanid, M|100/100
|turn|1
|
|t:|1769443598
|move|p1a: Crawdaunt|Body Slam|p2a: Araquanid
|-damage|p2a: Araquanid|57/100
|move|p2a: Araquanid|Surf|p1a: Crawdaunt
|-resisted|p1a: Crawdaunt
|-damage|p1a: Crawdaunt|19/100
|
|upkeep
|turn|2
|
|t:|1769443614
|move|p1a: Crawdaunt|Body Slam|p2a: Araquanid
|-damage|p2a: Araquanid|11/100
|move|p2a: Araquanid|Surf|p1a: Crawdaunt
|-resisted|p1a: Crawdaunt
|-damage|p1a: Crawdaunt|0 fnt
|faint|p1a: Crawdaunt
|
|upkeep
|
|t:|1769443636
|switch|p1a: Ribombee|Ribombee, M|100/100
|turn|3
|
|t:|1769443641
|move|p1a: Ribombee|Sticky Web|p2a: Araquanid
|-sidestart|p2: wassou_21|move: Sticky Web
|move|p2a: Araquanid|Surf|p1a: Ribombee
|-enditem|p1a: Ribombee|Focus Sash
|-damage|p1a: Ribombee|1/100
|
|upkeep
|turn|4
|
|t:|1769443648
|move|p1a: Ribombee|Stun Spore|p2a: Araquanid
|-status|p2a: Araquanid|par
|cant|p2a: Araquanid|par
|
|upkeep
|turn|5
|
|t:|1769443654
|move|p1a: Ribombee|Struggle Bug|p2a: Araquanid
|-damage|p2a: Araquanid|0 fnt
|faint|p2a: Araquanid
|
|upkeep
|
|t:|1769443657
|switch|p2a: Comfey|Comfey, M|100/100
|-activate|p2a: Comfey|move: Sticky Web
|-unboost|p2a: Comfey|spe|1
|turn|6
|
|t:|1769443662
|move|p2a: Comfey|Draining Kiss|p1a: Ribombee
|-damage|p1a: Ribombee|0 fnt
|faint|p1a: Ribombee
|
|upkeep
|
|t:|1769443678
|switch|p1a: Hatterene|Hatterene, F|100/100
|turn|7
|
|t:|1769443683
|switch|p2a: Bisharp|Bisharp, F|100/100
|-activate|p2a: Bisharp|move: Sticky Web
|-unboost|p2a: Bisharp|spe|1
|-ability|p2a: Bisharp|Defiant|boost
|-boost|p2a: Bisharp|atk|2
|move|p1a: Hatterene|Nuzzle|p2a: Bisharp
|-damage|p2a: Bisharp|97/100
|-status|p2a: Bisharp|par
|
|upkeep
|turn|8
|
|t:|1769443708
|switch|p1a: Goodra|Goodra-Hisui, M|100/100
|move|p2a: Bisharp|Iron Head|p1a: Goodra
|-resisted|p1a: Goodra
|-damage|p1a: Goodra|67/100
|
|-heal|p1a: Goodra|73/100|[from] item: Leftovers
|upkeep
|turn|9
|
|t:|1769443723
|move|p1a: Goodra|Body Press|p2a: Bisharp
|-supereffective|p2a: Bisharp
|-damage|p2a: Bisharp|22/100 par
|cant|p2a: Bisharp|par
|
|-heal|p1a: Goodra|79/100|[from] item: Leftovers
|upkeep
|turn|10
|
|t:|1769443731
|move|p2a: Bisharp|Sucker Punch|p1a: Goodra
|-damage|p1a: Goodra|10/100
|move|p1a: Goodra|Body Press|p2a: Bisharp
|-supereffective|p2a: Bisharp
|-damage|p2a: Bisharp|0 fnt
|faint|p2a: Bisharp
|
|-heal|p1a: Goodra|16/100|[from] item: Leftovers
|upkeep
|
|t:|1769443738
|switch|p2a: Serperior|Serperior, F|100/100
|-activate|p2a: Serperior|move: Sticky Web
|-boost|p2a: Serperior|spe|1
|turn|11
|
|t:|1769443746
|move|p2a: Serperior|Leaf Storm|p1a: Goodra
|-ability|p1a: Goodra|Sap Sipper|boost
|-boost|p1a: Goodra|atk|1
|move|p1a: Goodra|Heavy Slam|p2a: Serperior
|-damage|p2a: Serperior|24/100
|
|-heal|p2a: Serperior|30/100|[from] item: Leftovers
|-heal|p1a: Goodra|22/100|[from] item: Leftovers
|upkeep
|turn|12
|
|t:|1769443756
|move|p2a: Serperior|Dragon Pulse|p1a: Goodra
|-damage|p1a: Goodra|9/100
|move|p1a: Goodra|Curse|p1a: Goodra
|-unboost|p1a: Goodra|spe|1
|-boost|p1a: Goodra|atk|1
|-boost|p1a: Goodra|def|1
|
|-heal|p2a: Serperior|37/100|[from] item: Leftovers
|-heal|p1a: Goodra|15/100|[from] item: Leftovers
|upkeep
|turn|13
|
|t:|1769443766
|move|p2a: Serperior|Dragon Pulse|p1a: Goodra
|-crit|p1a: Goodra
|-damage|p1a: Goodra|0 fnt
|faint|p1a: Goodra
|
|-heal|p2a: Serperior|43/100|[from] item: Leftovers
|upkeep
|
|t:|1769443773
|switch|p1a: Lurantis|Lurantis, F|100/100
|turn|14
|
|t:|1769443777
|-terastallize|p2a: Serperior|Fire
|move|p2a: Serperior|Tera Blast|p1a: Lurantis|[anim] Tera Blast Fire
|-supereffective|p1a: Lurantis
|-damage|p1a: Lurantis|24/100
|move|p1a: Lurantis|Poison Jab|p2a: Serperior
|-damage|p2a: Serperior|0 fnt
|faint|p2a: Serperior
|
|upkeep
|
|t:|1769443782
|switch|p2a: Cinderace|Cinderace, F|100/100
|turn|15
|
|t:|1769443792
|-terastallize|p1a: Lurantis|Fighting
|move|p2a: Cinderace|Pyro Ball|p1a: Lurantis
|-damage|p1a: Lurantis|0 fnt
|faint|p1a: Lurantis
|
|upkeep
|
|t:|1769443799
|switch|p1a: Hatterene|Hatterene, F|100/100
|turn|16
|
|t:|1769443809
|move|p2a: Cinderace|Pyro Ball|p1a: Hatterene
|-damage|p1a: Hatterene|25/100
|move|p1a: Hatterene|Nuzzle|p2a: Cinderace
|-damage|p2a: Cinderace|95/100
|-status|p2a: Cinderace|par
|
|upkeep
|turn|17
|
|t:|1769443820
|move|p2a: Cinderace|Pyro Ball|p1a: Hatterene|[miss]
|-miss|p2a: Cinderace|p1a: Hatterene
|move|p1a: Hatterene|Psychic|p2a: Cinderace
|-damage|p2a: Cinderace|19/100 par
|
|upkeep
|turn|18
|
|t:|1769443826
|move|p2a: Cinderace|Pyro Ball|p1a: Hatterene|[miss]
|-miss|p2a: Cinderace|p1a: Hatterene
|move|p1a: Hatterene|Psychic|p2a: Cinderace
|-damage|p2a: Cinderace|0 fnt
|faint|p2a: Cinderace
|
|upkeep
|
|t:|1769443829
|switch|p2a: Dragapult|Dragapult, F|100/100
|-activate|p2a: Dragapult|move: Sticky Web
|-fail|p2a: Dragapult|unboost|[from] ability: Clear Body|[of] p2a: Dragapult
|turn|19
|
|t:|1769443838
|move|p2a: Dragapult|Surf|p1a: Hatterene
|-damage|p1a: Hatterene|1/100
|-damage|p2a: Dragapult|91/100|[from] item: Life Orb
|move|p1a: Hatterene|Nuzzle|p2a: Dragapult
|-resisted|p2a: Dragapult
|-damage|p2a: Dragapult|88/100
|-status|p2a: Dragapult|par
|
|upkeep
|turn|20
|
|t:|1769443847
|move|p2a: Dragapult|Thunderbolt|p1a: Hatterene
|-damage|p1a: Hatterene|0 fnt
|faint|p1a: Hatterene
|-damage|p2a: Dragapult|78/100 par|[from] item: Life Orb
|
|upkeep
|
|t:|1769443853
|switch|p1a: Forretress|Forretress, M|100/100
|turn|21
|
|t:|1769443857
|move|p2a: Dragapult|Flamethrower|p1a: Forretress
|-supereffective|p1a: Forretress
|-ability|p1a: Forretress|Sturdy
|-damage|p1a: Forretress|1/100
|-damage|p2a: Dragapult|68/100 par|[from] item: Life Orb
|move|p1a: Forretress|Iron Defense|p1a: Forretress
|-boost|p1a: Forretress|def|2
|
|upkeep
|turn|22
|
|t:|1769443867
|move|p2a: Dragapult|Flamethrower|p1a: Forretress
|-supereffective|p1a: Forretress
|-damage|p1a: Forretress|0 fnt
|faint|p1a: Forretress
|-damage|p2a: Dragapult|58/100 par|[from] item: Life Orb
|
|win|wassou_21
|raw|WarusMoriz's rating: 1197 &rarr; <strong>1172</strong><br />(-25 for losing)
|raw|wassou_21's rating: 1201 &rarr; <strong>1226</strong><br />(+25 for winning)
|l|☆wassou_21
|player|p2|
|l|☆WarusMoriz
|player|p1|
