|j|☆Lambovino
|j|☆mekontchou111
|t:|1769362764
|gametype|singles
|player|p1|Lambovino|medium|
|player|p2|mekontchou111|101|
|gen|9
|tier|[Gen 9] OU
|rated|Tournament battle
|rule|HP Percentage Mod: HP is shown in percentages
|rule|Endless Battle Clause: Forcing endless battles is banned
|rule|Species Clause: Limit one of each Pokémon
|rule|OHKO Clause: OHKO moves are banned
|rule|Evasion Items Clause: Evasion items are banned
|rule|Evasion Moves Clause: Evasion moves are banned
|rule|Evasion Abilities Clause: Evasion abilities are banned
|rule|Sleep Moves Clause: Sleep-inducing moves are banned
|clearpoke
|poke|p1|Ninetales, M|
|poke|p1|Cresselia, F|
|poke|p1|Raging Bolt|
|poke|p1|Iron Moth|
|poke|p1|Great Tusk|
|poke|p1|Walking Wake|
|poke|p2|Araquanid, F|
|poke|p2|Gholdengo|
|poke|p2|Kingambit, M|
|poke|p2|Raging Bolt|
|poke|p2|Enamorus, F|
|poke|p2|Iron Moth|
|teampreview
|c|☆Lambovino|hf
|
|t:|1769362777
|teamsize|p1|6
|teamsize|p2|6
|start
|switch|p1a: Raging Bolt|Raging Bolt|100/100
|switch|p2a: Araquanid|Araquanid, F|100/100
|turn|1
|inactive|Battle timer is ON: inactive players will automatically lose when time's up. (requested by mekontchou111)
|
|t:|1769362799
|-terastallize|p2a: Araquanid|Ghost
|move|p1a: Raging Bolt|Thunderbolt|p2a: Araquanid
|-damage|p2a: Araquanid|48/100
|-damage|p1a: Raging Bolt|91/100|[from] item: Life Orb
|move|p2a: Araquanid|Sticky Web|p1a: Raging Bolt
|-sidestart|p1: Lambovino|move: Sticky Web
|
|upkeep
|turn|2
|j|+sulfura152
|
|t:|1769362807
|move|p2a: Araquanid|Endure|p2a: Araquanid
|-singleturn|p2a: Araquanid|move: Endure
|move|p1a: Raging Bolt|Thunderbolt|p2a: Araquanid
|-activate|p2a: Araquanid|move: Endure
|-damage|p2a: Araquanid|1/100
|-damage|p1a: Raging Bolt|81/100|[from] item: Life Orb
|
|upkeep
|turn|3
|
|t:|1769362823
|switch|p2a: Raging Bolt|Raging Bolt|100/100
|-enditem|p2a: Raging Bolt|Booster Energy
|-activate|p2a: Raging Bolt|ability: Protosynthesis|[fromitem]
|-start|p2a: Raging Bolt|protosynthesisspa
|move|p1a: Raging Bolt|Thunderclap||[still]
|-fail|p1a: Raging Bolt
|
|upkeep
|turn|4
|
|t:|1769362829
|-end|p1a: Raging Bolt|Protosynthesis|[silent]
|switch|p1a: Cresselia|Cresselia, F|100/100
|move|p2a: Raging Bolt|Dragon Pulse|p1a: Cresselia
|-damage|p1a: Cresselia|60/100
|-enditem|p1a: Cresselia|Eject Button
|
|t:|1769362832
|switch|p1a: Great Tusk|Great Tusk|100/100
|-activate|p1a: Great Tusk|move: Sticky Web
|-unboost|p1a: Great Tusk|spe|1
|
|upkeep
|turn|5
|j| Despotia
|
|t:|1769362844
|-end|p2a: Raging Bolt|Protosynthesis|[silent]
|switch|p2a: Gholdengo|Gholdengo|100/100
|-item|p2a: Gholdengo|Air Balloon
|move|p1a: Great Tusk|Stealth Rock|p2a: Gholdengo
|-sidestart|p2: mekontchou111|move: Stealth Rock
|
|upkeep
|turn|6
|
|t:|1769362859
|-end|p1a: Great Tusk|Protosynthesis|[silent]
|switch|p1a: Ninetales|Ninetales, M|100/100
|-activate|p1a: Ninetales|move: Sticky Web
|-unboost|p1a: Ninetales|spe|1
|-weather|SunnyDay|[from] ability: Drought|[of] p1a: Ninetales
|move|p2a: Gholdengo|Nasty Plot|p2a: Gholdengo
|-boost|p2a: Gholdengo|spa|2
|
|-weather|SunnyDay|[upkeep]
|upkeep
|turn|7
|
|t:|1769362872
|move|p2a: Gholdengo|Shadow Ball|p1a: Ninetales
|-damage|p1a: Ninetales|4/100
|move|p1a: Ninetales|Overheat|p2a: Gholdengo
|-supereffective|p2a: Gholdengo
|-damage|p2a: Gholdengo|0 fnt
|-unboost|p1a: Ninetales|spa|2
|-enditem|p2a: Gholdengo|Air Balloon
|faint|p2a: Gholdengo
|
|-weather|SunnyDay|[upkeep]
|upkeep
|
|t:|1769362880
|switch|p2a: Iron Moth|Iron Moth|100/100
|-damage|p2a: Iron Moth|76/100|[from] Stealth Rock
|-enditem|p2a: Iron Moth|Booster Energy
|-activate|p2a: Iron Moth|ability: Quark Drive|[fromitem]
|-start|p2a: Iron Moth|quarkdrivespa
|turn|8
|
|t:|1769362897
|switch|p1a: Cresselia|Cresselia, F|60/100
|move|p2a: Iron Moth|Fiery Dance|p1a: Cresselia
|-damage|p1a: Cresselia|7/100
|-boost|p2a: Iron Moth|spa|1
|
|-weather|SunnyDay|[upkeep]
|upkeep
|turn|9
|
|t:|1769362901
|move|p2a: Iron Moth|Fiery Dance|p1a: Cresselia
|-damage|p1a: Cresselia|0 fnt
|faint|p1a: Cresselia
|
|-weather|SunnyDay|[upkeep]
|upkeep
|
|t:|1769362919
|switch|p1a: Iron Moth|Iron Moth|100/100
|-activate|p1a: Iron Moth|move: Sticky Web
|-unboost|p1a: Iron Moth|spe|1
|-enditem|p1a: Iron Moth|Booster Energy
|-activate|p1a: Iron Moth|ability: Quark Drive|[fromitem]
|-start|p1a: Iron Moth|quarkdrivespa
|turn|10
|
|t:|1769362925
|move|p2a: Iron Moth|Sludge Wave|p1a: Iron Moth
|-resisted|p1a: Iron Moth
|-damage|p1a: Iron Moth|49/100
|move|p1a: Iron Moth|Fiery Dance|p2a: Iron Moth
|-resisted|p2a: Iron Moth
|-damage|p2a: Iron Moth|33/100
|-boost|p1a: Iron Moth|spa|1
|
|-weather|SunnyDay|[upkeep]
|upkeep
|turn|11
|
|t:|1769362931
|move|p2a: Iron Moth|Sludge Wave|p1a: Iron Moth
|-resisted|p1a: Iron Moth
|-damage|p1a: Iron Moth|0 fnt
|faint|p1a: Iron Moth
|-end|p1a: Iron Moth|Quark Drive|[silent]
|
|-weather|SunnyDay|[upkeep]
|upkeep
|
|t:|1769362932
|switch|p1a: Raging Bolt|Raging Bolt|81/100
|-activate|p1a: Raging Bolt|move: Sticky Web
|-unboost|p1a: Raging Bolt|spe|1
|-activate|p1a: Raging Bolt|ability: Protosynthesis
|-start|p1a: Raging Bolt|protosynthesisspa
|turn|12
|
|t:|1769362938
|move|p2a: Iron Moth|Substitute|p2a: Iron Moth
|-start|p2a: Iron Moth|Substitute
|-damage|p2a: Iron Moth|8/100
|move|p1a: Raging Bolt|Dragon Pulse|p2a: Iron Moth
|-end|p2a: Iron Moth|Substitute
|-damage|p1a: Raging Bolt|71/100|[from] item: Life Orb
|
|-weather|SunnyDay|[upkeep]
|upkeep
|turn|13
|
|t:|1769362953
|move|p1a: Raging Bolt|Thunderclap||[still]
|-fail|p1a: Raging Bolt
|move|p2a: Iron Moth|Substitute|p2a: Iron Moth
|-fail|p2a: Iron Moth|move: Substitute|[weak]
|
|-weather|none
|-end|p1a: Raging Bolt|Protosynthesis
|upkeep
|turn|14
|
|t:|1769362965
|-end|p2a: Iron Moth|Quark Drive|[silent]
|switch|p2a: Raging Bolt|Raging Bolt|100/100
|-damage|p2a: Raging Bolt|88/100|[from] Stealth Rock
|move|p1a: Raging Bolt|Thunderclap||[still]
|-fail|p1a: Raging Bolt
|
|upkeep
|turn|15
|
|t:|1769362985
|-terastallize|p1a: Raging Bolt|Fairy
|move|p2a: Raging Bolt|Dragon Pulse|p1a: Raging Bolt
|-immune|p1a: Raging Bolt
|move|p1a: Raging Bolt|Dragon Pulse|p2a: Raging Bolt
|-supereffective|p2a: Raging Bolt
|-damage|p2a: Raging Bolt|0 fnt
|faint|p2a: Raging Bolt
|-end|p2a: Raging Bolt|Protosynthesis|[silent]
|-damage|p1a: Raging Bolt|61/100|[from] item: Life Orb
|
|upkeep
|j| blueflea.n
|
|t:|1769362995
|switch|p2a: Kingambit|Kingambit, M|100/100
|-damage|p2a: Kingambit|94/100|[from] Stealth Rock
|-activate|p2a: Kingambit|ability: Supreme Overlord
|-start|p2a: Kingambit|fallen2|[silent]
|turn|16
|
|t:|1769362996
|-end|p1a: Raging Bolt|Protosynthesis|[silent]
|switch|p1a: Great Tusk|Great Tusk|100/100
|-activate|p1a: Great Tusk|move: Sticky Web
|-unboost|p1a: Great Tusk|spe|1
|move|p2a: Kingambit|Iron Head|p1a: Great Tusk
|-damage|p1a: Great Tusk|64/100
|-damage|p2a: Kingambit|78/100|[from] item: Rocky Helmet|[of] p1a: Great Tusk
|
|upkeep
|turn|17
|j| Aphynobiprime
|
|t:|1769363021
|-end|p1a: Great Tusk|Protosynthesis|[silent]
|switch|p1a: Ninetales|Ninetales, M|4/100
|-activate|p1a: Ninetales|move: Sticky Web
|-unboost|p1a: Ninetales|spe|1
|-weather|SunnyDay|[from] ability: Drought|[of] p1a: Ninetales
|-end|p2a: Kingambit|fallen2|[silent]
|switch|p2a: Araquanid|Araquanid, F, tera:Ghost|1/100
|-damage|p2a: Araquanid|0 fnt|[from] Stealth Rock
|faint|p2a: Araquanid
|
|-weather|SunnyDay|[upkeep]
|upkeep
|l| Despotia
|l| Aphynobiprime
|
|t:|1769363030
|switch|p2a: Kingambit|Kingambit, M|78/100
|-damage|p2a: Kingambit|72/100|[from] Stealth Rock
|-activate|p2a: Kingambit|ability: Supreme Overlord
|-start|p2a: Kingambit|fallen3|[silent]
|turn|18
|
|t:|1769363037
|move|p1a: Ninetales|Will-O-Wisp|p2a: Kingambit
|-status|p2a: Kingambit|brn
|move|p2a: Kingambit|Iron Head|p1a: Ninetales
|-resisted|p1a: Ninetales
|-damage|p1a: Ninetales|0 fnt
|faint|p1a: Ninetales
|
|-weather|SunnyDay|[upkeep]
|-damage|p2a: Kingambit|66/100 brn|[from] brn
|upkeep
|
|t:|1769363040
|switch|p1a: Great Tusk|Great Tusk|64/100
|-activate|p1a: Great Tusk|move: Sticky Web
|-unboost|p1a: Great Tusk|spe|1
|-activate|p1a: Great Tusk|ability: Protosynthesis
|-start|p1a: Great Tusk|protosynthesisatk
|turn|19
|
|t:|1769363049
|-end|p2a: Kingambit|fallen3|[silent]
|switch|p2a: Iron Moth|Iron Moth|8/100
|-damage|p2a: Iron Moth|0 fnt|[from] Stealth Rock
|faint|p2a: Iron Moth
|-end|p2a: Iron Moth|Quark Drive|[silent]
|move|p1a: Great Tusk|Rapid Spin|p2: Iron Moth|[notarget]
|-fail|p1a: Great Tusk
|
|-weather|SunnyDay|[upkeep]
|upkeep
|
|t:|1769363052
|switch|p2a: Enamorus|Enamorus, F|100/100
|-damage|p2a: Enamorus|76/100|[from] Stealth Rock
|turn|20
|
|t:|1769363062
|-end|p1a: Great Tusk|Protosynthesis|[silent]
|switch|p1a: Walking Wake|Walking Wake|100/100
|-activate|p1a: Walking Wake|move: Sticky Web
|-unboost|p1a: Walking Wake|spe|1
|-activate|p1a: Walking Wake|ability: Protosynthesis
|-start|p1a: Walking Wake|protosynthesisspa
|move|p2a: Enamorus|Moonblast|p1a: Walking Wake
|-supereffective|p1a: Walking Wake
|-damage|p1a: Walking Wake|0 fnt
|faint|p1a: Walking Wake
|-end|p1a: Walking Wake|Protosynthesis|[silent]
|
|-weather|SunnyDay|[upkeep]
|upkeep
|
|t:|1769363064
|switch|p1a: Raging Bolt|Raging Bolt, tera:Fairy|61/100
|-activate|p1a: Raging Bolt|move: Sticky Web
|-unboost|p1a: Raging Bolt|spe|1
|-activate|p1a: Raging Bolt|ability: Protosynthesis
|-start|p1a: Raging Bolt|protosynthesisspa
|turn|21
|
|t:|1769363071
|switch|p2a: Kingambit|Kingambit, M|66/100 brn
|-damage|p2a: Kingambit|59/100 brn|[from] Stealth Rock
|-activate|p2a: Kingambit|ability: Supreme Overlord
|-start|p2a: Kingambit|fallen4|[silent]
|move|p1a: Raging Bolt|Thunderclap||[still]
|-fail|p1a: Raging Bolt
|
|-weather|SunnyDay|[upkeep]
|-damage|p2a: Kingambit|53/100 brn|[from] brn
|upkeep
|turn|22
|
|t:|1769363080
|-end|p2a: Kingambit|fallen4|[silent]
|switch|p2a: Enamorus|Enamorus, F|76/100
|-damage|p2a: Enamorus|51/100|[from] Stealth Rock
|move|p1a: Raging Bolt|Thunderbolt|p2a: Enamorus
|-supereffective|p2a: Enamorus
|-damage|p2a: Enamorus|0 fnt
|faint|p2a: Enamorus
|-damage|p1a: Raging Bolt|51/100|[from] item: Life Orb
|
|-weather|SunnyDay|[upkeep]
|upkeep
|-message|mekontchou111 forfeited.
|
|win|Lambovino
|n|☆Lambovino|lambovino
|n|☆mekontchou111|mekontchou111
|n| sulfura152|sulfura152
|n| blueflea.n|blueflean
