|j|☆vishalv996
|j|☆BIG NlGER RAPlST
|t:|1769339664
|gametype|singles
|player|p1|vishalv996|wallace|1125
|player|p2|BIG NlGER RAPlST|101|1184
|gen|9
|tier|[Gen 9] OU
|rated|
|rule|HP Percentage Mod: HP is shown in percentages
|rule|Endless Battle Clause: Forcing endless battles is banned
|rule|Species Clause: Limit one of each Pokémon
|rule|OHKO Clause: OHKO moves are banned
|rule|Evasion Items Clause: Evasion items are banned
|rule|Evasion Moves Clause: Evasion moves are banned
|rule|Evasion Abilities Clause: Evasion abilities are banned
|rule|Sleep Moves Clause: Sleep-inducing moves are banned
|clearpoke
|poke|p1|Serperior, M|
|poke|p1|Quaquaval, F|
|poke|p1|Ceruledge, M|
|poke|p1|Toxtricity, F|
|poke|p1|Kingambit, F|
|poke|p1|Iron Treads|
|poke|p2|Barraskewda, M|
|poke|p2|Iron Treads|
|poke|p2|Hatterene, F|
|poke|p2|Zapdos|
|poke|p2|Pelipper, F|
|poke|p2|Toxicroak, F|
|teampreview
|
|t:|1769339681
|teamsize|p1|6
|teamsize|p2|6
|start
|switch|p1a: Toxtricity|Toxtricity, F, shiny|100/100
|switch|p2a: Pelipper|Pelipper, F, shiny|100/100
|-weather|RainDance|[from] ability: Drizzle|[of] p2a: Pelipper
|turn|1
|
|t:|1769339692
|switch|p2a: Iron Treads|Iron Treads, shiny|100/100
|-terastallize|p1a: Toxtricity|Flying
|move|p1a: Toxtricity|Boomburst|p2a: Iron Treads
|-resisted|p2a: Iron Treads
|-damage|p2a: Iron Treads|77/100
|
|-weather|RainDance|[upkeep]
|-heal|p2a: Iron Treads|83/100|[from] item: Leftovers
|upkeep
|turn|2
|
|t:|1769339703
|switch|p1a: Serperior|Serperior, M, shiny|100/100
|move|p2a: Iron Treads|Stealth Rock|p1a: Serperior
|-sidestart|p1: vishalv996|move: Stealth Rock
|
|-weather|RainDance|[upkeep]
|-heal|p2a: Iron Treads|89/100|[from] item: Leftovers
|upkeep
|turn|3
|
|t:|1769339711
|move|p1a: Serperior|Leaf Storm|p2a: Iron Treads
|-damage|p2a: Iron Treads|52/100
|-boost|p1a: Serperior|spa|2
|move|p2a: Iron Treads|Volt Switch|p1a: Serperior
|-resisted|p1a: Serperior
|-damage|p1a: Serperior|93/100
|
|t:|1769339715
|-end|p2a: Iron Treads|Quark Drive|[silent]
|switch|p2a: Zapdos|Zapdos, shiny|100/100|[from] Volt Switch
|
|-weather|RainDance|[upkeep]
|upkeep
|turn|4
|
|t:|1769339722
|move|p2a: Zapdos|Hurricane|p1a: Serperior
|-supereffective|p1a: Serperior
|-damage|p1a: Serperior|0 fnt
|faint|p1a: Serperior
|
|-weather|RainDance|[upkeep]
|upkeep
|
|t:|1769339729
|switch|p1a: Toxtricity|Toxtricity, F, shiny, tera:Flying|100/100
|-damage|p1a: Toxtricity|76/100|[from] Stealth Rock
|turn|5
|
|t:|1769339735
|move|p2a: Zapdos|Hurricane|p1a: Toxtricity
|-damage|p1a: Toxtricity|0 fnt
|faint|p1a: Toxtricity
|
|-weather|RainDance|[upkeep]
|upkeep
|
|t:|1769339741
|switch|p1a: Iron Treads|Iron Treads|100/100
|-damage|p1a: Iron Treads|97/100|[from] Stealth Rock
|-enditem|p1a: Iron Treads|Booster Energy
|-activate|p1a: Iron Treads|ability: Quark Drive|[fromitem]
|-start|p1a: Iron Treads|quarkdriveatk
|turn|6
|
|t:|1769339749
|switch|p2a: Iron Treads|Iron Treads, shiny|52/100
|move|p1a: Iron Treads|Ice Spinner|p2a: Iron Treads
|-damage|p2a: Iron Treads|27/100
|
|-weather|RainDance|[upkeep]
|-heal|p2a: Iron Treads|34/100|[from] item: Leftovers
|upkeep
|turn|7
|
|t:|1769339757
|move|p1a: Iron Treads|Earthquake|p2a: Iron Treads
|-supereffective|p2a: Iron Treads
|-damage|p2a: Iron Treads|0 fnt
|faint|p2a: Iron Treads
|-end|p2a: Iron Treads|Quark Drive|[silent]
|
|-weather|RainDance|[upkeep]
|upkeep
|
|t:|1769339760
|switch|p2a: Barraskewda|Barraskewda, M, shiny|100/100
|turn|8
|
|t:|1769339766
|move|p2a: Barraskewda|Flip Turn|p1a: Iron Treads
|-supereffective|p1a: Iron Treads
|-damage|p1a: Iron Treads|0 fnt
|faint|p1a: Iron Treads
|-end|p1a: Iron Treads|Quark Drive|[silent]
|
|t:|1769339772
|switch|p2a: Zapdos|Zapdos, shiny|100/100|[from] Flip Turn
|
|-weather|none
|upkeep
|inactive|Battle timer is ON: inactive players will automatically lose when time's up. (requested by BIG NlGER RAPlST)
|
|t:|1769339783
|switch|p1a: Kingambit|Kingambit, F, shiny|100/100
|-damage|p1a: Kingambit|94/100|[from] Stealth Rock
|-activate|p1a: Kingambit|ability: Supreme Overlord
|-start|p1a: Kingambit|fallen3|[silent]
|turn|9
|
|t:|1769339790
|switch|p2a: Toxicroak|Toxicroak, F, shiny|100/100
|move|p1a: Kingambit|Kowtow Cleave|p2a: Toxicroak
|-resisted|p2a: Toxicroak
|-damage|p2a: Toxicroak|72/100
|-damage|p1a: Kingambit|78/100|[from] item: Rocky Helmet|[of] p2a: Toxicroak
|
|upkeep
|turn|10
|
|t:|1769339798
|move|p2a: Toxicroak|Drain Punch|p1a: Kingambit
|-supereffective|p1a: Kingambit
|-damage|p1a: Kingambit|5/100
|-heal|p2a: Toxicroak|100/100|[from] drain|[of] p1a: Kingambit
|move|p1a: Kingambit|Iron Head|p2a: Toxicroak
|-damage|p2a: Toxicroak|46/100
|-damage|p1a: Kingambit|0 fnt|[from] item: Rocky Helmet|[of] p2a: Toxicroak
|faint|p1a: Kingambit
|-end|p1a: Kingambit|fallen3|[silent]
|
|upkeep
|
|t:|1769339808
|switch|p1a: Ceruledge|Ceruledge, M, shiny|100/100
|-damage|p1a: Ceruledge|75/100|[from] Stealth Rock
|turn|11
|
|t:|1769339813
|move|p1a: Ceruledge|Bitter Blade|p2a: Toxicroak
|-damage|p2a: Toxicroak|0 fnt
|-heal|p1a: Ceruledge|100/100|[from] drain|[of] p2a: Toxicroak
|-damage|p1a: Ceruledge|84/100|[from] item: Rocky Helmet|[of] p2a: Toxicroak
|faint|p2a: Toxicroak
|
|upkeep
|
|t:|1769339821
|switch|p2a: Barraskewda|Barraskewda, M, shiny|100/100
|turn|12
|
|t:|1769339826
|move|p2a: Barraskewda|Flip Turn|p1a: Ceruledge
|-supereffective|p1a: Ceruledge
|-damage|p1a: Ceruledge|0 fnt
|faint|p1a: Ceruledge
|
|t:|1769339831
|switch|p2a: Pelipper|Pelipper, F, shiny|100/100|[from] Flip Turn
|-weather|RainDance|[from] ability: Drizzle|[of] p2a: Pelipper
|
|-weather|RainDance|[upkeep]
|upkeep
|-message|vishalv996 forfeited.
|
|win|BIG NlGER RAPlST
|raw|vishalv996's rating: 1125 &rarr; <strong>1104</strong><br />(-21 for losing)
|raw|BIG NlGER RAPlST's rating: 1184 &rarr; <strong>1205</strong><br />(+21 for winning)
|l|☆vishalv996
|player|p1|
