|j|☆glos lad
|j|☆EleaRosea
|t:|1769336263
|gametype|singles
|player|p1|glos lad|2|1449
|player|p2|EleaRosea|harmony|1459
|gen|9
|tier|[Gen 9] OU
|rated|
|rule|HP Percentage Mod: HP is shown in percentages
|rule|Endless Battle Clause: Forcing endless battles is banned
|rule|Species Clause: Limit one of each Pokémon
|rule|OHKO Clause: OHKO moves are banned
|rule|Evasion Items Clause: Evasion items are banned
|rule|Evasion Moves Clause: Evasion moves are banned
|rule|Evasion Abilities Clause: Evasion abilities are banned
|rule|Sleep Moves Clause: Sleep-inducing moves are banned
|clearpoke
|poke|p1|Araquanid, M|
|poke|p1|Gholdengo|
|poke|p1|Raging Bolt|
|poke|p1|Iron Valiant|
|poke|p1|Ceruledge, F|
|poke|p1|Deoxys-Speed|
|poke|p2|Great Tusk|
|poke|p2|Heatran, F|
|poke|p2|Weavile, F|
|poke|p2|Primarina, F|
|poke|p2|Ogerpon, F|
|poke|p2|Pecharunt|
|teampreview
|
|t:|1769336313
|teamsize|p1|6
|teamsize|p2|6
|start
|switch|p1a: Araquanid|Araquanid, M|100/100
|switch|p2a: Overseer|Pecharunt|100/100
|turn|1
|
|t:|1769336336
|move|p2a: Overseer|Malignant Chain|p1a: Araquanid
|-damage|p1a: Araquanid|81/100
|move|p1a: Araquanid|Sticky Web|p2a: Overseer
|-sidestart|p2: EleaRosea|move: Sticky Web
|
|upkeep
|turn|2
|
|t:|1769336345
|move|p2a: Overseer|Parting Shot|p1a: Araquanid
|-unboost|p1a: Araquanid|atk|1
|-unboost|p1a: Araquanid|spa|1
|
|t:|1769336353
|switch|p2a: Anonymous|Ogerpon, F|100/100|[from] Parting Shot
|-activate|p2a: Anonymous|move: Sticky Web
|-unboost|p2a: Anonymous|spe|1
|-ability|p2a: Anonymous|Defiant|boost
|-boost|p2a: Anonymous|atk|2
|move|p1a: Araquanid|Surf|p2a: Anonymous
|-resisted|p2a: Anonymous
|-damage|p2a: Anonymous|84/100
|
|upkeep
|turn|3
|
|t:|1769336369
|move|p2a: Anonymous|Knock Off|p1a: Araquanid
|-damage|p1a: Araquanid|0 fnt
|-enditem|p1a: Araquanid|Custap Berry|[from] move: Knock Off|[of] p2a: Anonymous
|faint|p1a: Araquanid
|
|upkeep
|
|t:|1769336378
|switch|p1a: Ceruledge|Ceruledge, F|100/100
|turn|4
|
|t:|1769336389
|switch|p2a: Celestine|Primarina, F, shiny|100/100
|-activate|p2a: Celestine|move: Sticky Web
|-unboost|p2a: Celestine|spe|1
|move|p1a: Ceruledge|Bitter Blade|p2a: Celestine
|-resisted|p2a: Celestine
|-damage|p2a: Celestine|72/100
|
|upkeep
|turn|5
|
|t:|1769336405
|switch|p1a: Raging Bolt|Raging Bolt|100/100
|-enditem|p1a: Raging Bolt|Booster Energy
|-activate|p1a: Raging Bolt|ability: Protosynthesis|[fromitem]
|-start|p1a: Raging Bolt|protosynthesisspa
|switch|p2a: Chaos|Heatran, F, shiny|100/100
|-item|p2a: Chaos|Air Balloon
|
|upkeep
|turn|6
|
|t:|1769336420
|move|p2a: Chaos|Earth Power|p1a: Raging Bolt
|-supereffective|p1a: Raging Bolt
|-damage|p1a: Raging Bolt|44/100
|move|p1a: Raging Bolt|Thunderbolt|p2a: Chaos
|-damage|p2a: Chaos|41/100
|-enditem|p2a: Chaos|Air Balloon
|
|upkeep
|turn|7
|
|t:|1769336428
|move|p1a: Raging Bolt|Thunderclap||[still]
|-fail|p1a: Raging Bolt
|move|p2a: Chaos|Stealth Rock|p1a: Raging Bolt
|-sidestart|p1: glos lad|move: Stealth Rock
|
|upkeep
|turn|8
|
|t:|1769336443
|move|p1a: Raging Bolt|Thunderclap||[still]
|-fail|p1a: Raging Bolt
|move|p2a: Chaos|Taunt|p1a: Raging Bolt
|-start|p1a: Raging Bolt|move: Taunt
|
|upkeep
|turn|9
|
|t:|1769336450
|switch|p2a: Bandit|Weavile, F, shiny|100/100
|-activate|p2a: Bandit|move: Sticky Web
|-unboost|p2a: Bandit|spe|1
|-ability|p2a: Bandit|Pressure
|move|p1a: Raging Bolt|Thunderclap||[still]
|-fail|p1a: Raging Bolt
|
|upkeep
|turn|10
|
|t:|1769336453
|move|p2a: Bandit|Ice Shard|p1a: Raging Bolt
|-supereffective|p1a: Raging Bolt
|-damage|p1a: Raging Bolt|0 fnt
|faint|p1a: Raging Bolt
|-end|p1a: Raging Bolt|Protosynthesis|[silent]
|
|upkeep
|
|t:|1769336461
|switch|p1a: Iron Valiant|Iron Valiant|100/100
|-damage|p1a: Iron Valiant|94/100|[from] Stealth Rock
|-enditem|p1a: Iron Valiant|Booster Energy
|-activate|p1a: Iron Valiant|ability: Quark Drive|[fromitem]
|-start|p1a: Iron Valiant|quarkdrivespa
|turn|11
|
|t:|1769336467
|switch|p2a: Celestine|Primarina, F, shiny|72/100
|-activate|p2a: Celestine|move: Sticky Web
|-unboost|p2a: Celestine|spe|1
|move|p1a: Iron Valiant|Vacuum Wave|p2a: Celestine
|-resisted|p2a: Celestine
|-damage|p2a: Celestine|65/100
|
|upkeep
|turn|12
|
|t:|1769336475
|move|p1a: Iron Valiant|Calm Mind|p1a: Iron Valiant
|-boost|p1a: Iron Valiant|spa|1
|-boost|p1a: Iron Valiant|spd|1
|move|p2a: Celestine|Moonblast|p1a: Iron Valiant
|-supereffective|p1a: Iron Valiant
|-damage|p1a: Iron Valiant|0 fnt
|faint|p1a: Iron Valiant
|-end|p1a: Iron Valiant|Quark Drive|[silent]
|
|upkeep
|
|t:|1769336481
|switch|p1a: Gholdengo|Gholdengo|100/100
|-damage|p1a: Gholdengo|94/100|[from] Stealth Rock
|-item|p1a: Gholdengo|Air Balloon
|turn|13
|
|t:|1769336488
|switch|p2a: Bandit|Weavile, F, shiny|100/100
|-activate|p2a: Bandit|move: Sticky Web
|-unboost|p2a: Bandit|spe|1
|-ability|p2a: Bandit|Pressure
|move|p1a: Gholdengo|Nasty Plot|p1a: Gholdengo
|-boost|p1a: Gholdengo|spa|2
|
|upkeep
|turn|14
|
|t:|1769336492
|move|p1a: Gholdengo|Make It Rain|p2a: Bandit
|-supereffective|p2a: Bandit
|-damage|p2a: Bandit|0 fnt
|-unboost|p1a: Gholdengo|spa|1
|faint|p2a: Bandit
|
|upkeep
|
|t:|1769336516
|switch|p2a: Anonymous|Ogerpon, F|84/100
|-activate|p2a: Anonymous|move: Sticky Web
|-unboost|p2a: Anonymous|spe|1
|-ability|p2a: Anonymous|Defiant|boost
|-boost|p2a: Anonymous|atk|2
|turn|15
|
|t:|1769336527
|-terastallize|p1a: Gholdengo|Flying
|-terastallize|p2a: Anonymous|Grass
|detailschange|p2a: Anonymous|Ogerpon-Teal-Tera, F, tera:Grass
|-ability|p2a: Anonymous|Embody Aspect (Teal)|boost
|-boost|p2a: Anonymous|spe|1
|move|p2a: Anonymous|Knock Off|p1a: Gholdengo
|-damage|p1a: Gholdengo|0 fnt
|-enditem|p1a: Gholdengo|Air Balloon
|faint|p1a: Gholdengo
|
|upkeep
|
|t:|1769336536
|switch|p1a: Deoxys|Deoxys-Speed|100/100
|-damage|p1a: Deoxys|88/100|[from] Stealth Rock
|-ability|p1a: Deoxys|Pressure
|turn|16
|c|☆EleaRosea|ayy
|
|t:|1769336576
|switch|p2a: Celestine|Primarina, F, shiny|65/100
|-activate|p2a: Celestine|move: Sticky Web
|-unboost|p2a: Celestine|spe|1
|move|p1a: Deoxys|Ice Beam|p2a: Celestine
|-resisted|p2a: Celestine
|-damage|p2a: Celestine|56/100
|-damage|p1a: Deoxys|79/100|[from] item: Life Orb
|
|upkeep
|turn|17
|
|t:|1769336636
|move|p1a: Deoxys|Nasty Plot|p1a: Deoxys
|-boost|p1a: Deoxys|spa|2
|move|p2a: Celestine|Psychic Noise|p1a: Deoxys
|-damage|p1a: Deoxys|19/100
|-start|p1a: Deoxys|move: Heal Block
|
|upkeep
|turn|18
|
|t:|1769336645
|switch|p2a: Overseer|Pecharunt|100/100
|-activate|p2a: Overseer|move: Sticky Web
|-unboost|p2a: Overseer|spe|1
|move|p1a: Deoxys|Psycho Boost|p2a: Overseer|[miss]
|-miss|p1a: Deoxys|p2a: Overseer
|
|-end|p1a: Deoxys|move: Heal Block
|upkeep
|turn|19
|
|t:|1769336658
|move|p1a: Deoxys|Ice Beam|p2a: Overseer
|-damage|p2a: Overseer|26/100
|-damage|p1a: Deoxys|9/100|[from] item: Life Orb
|move|p2a: Overseer|Shadow Ball|p1a: Deoxys
|-supereffective|p1a: Deoxys
|-damage|p1a: Deoxys|0 fnt
|faint|p1a: Deoxys
|
|upkeep
|
|t:|1769336662
|switch|p1a: Ceruledge|Ceruledge, F|100/100
|-damage|p1a: Ceruledge|76/100|[from] Stealth Rock
|turn|20
|
|t:|1769336669
|move|p1a: Ceruledge|Swords Dance|p1a: Ceruledge
|-boost|p1a: Ceruledge|atk|2
|move|p2a: Overseer|Shadow Ball|p1a: Ceruledge
|-supereffective|p1a: Ceruledge
|-damage|p1a: Ceruledge|20/100
|
|upkeep
|turn|21
|
|t:|1769336692
|move|p1a: Ceruledge|Shadow Sneak|p2a: Overseer
|-supereffective|p2a: Overseer
|-damage|p2a: Overseer|0 fnt
|-damage|p1a: Ceruledge|4/100|[from] item: Rocky Helmet|[of] p2a: Overseer
|faint|p2a: Overseer
|
|upkeep
|
|t:|1769336696
|switch|p2a: Chaos|Heatran, F, shiny|41/100
|-activate|p2a: Chaos|move: Sticky Web
|-unboost|p2a: Chaos|spe|1
|turn|22
|c|☆EleaRosea|gg
|
|t:|1769336702
|move|p1a: Ceruledge|Close Combat|p2a: Chaos
|-supereffective|p2a: Chaos
|-damage|p2a: Chaos|0 fnt
|-unboost|p1a: Ceruledge|def|1
|-unboost|p1a: Ceruledge|spd|1
|faint|p2a: Chaos
|
|upkeep
|c|☆EleaRosea|:0
|
|t:|1769336717
|switch|p2a: Anonymous|Ogerpon-Teal-Tera, F, tera:Grass|84/100
|-activate|p2a: Anonymous|move: Sticky Web
|-unboost|p2a: Anonymous|spe|1
|-ability|p2a: Anonymous|Embody Aspect (Teal)|boost
|-boost|p2a: Anonymous|spe|1
|turn|23
|
|t:|1769336724
|move|p1a: Ceruledge|Shadow Sneak|p2a: Anonymous
|-damage|p2a: Anonymous|27/100
|move|p2a: Anonymous|Ivy Cudgel|p1a: Ceruledge
|-resisted|p1a: Ceruledge
|-crit|p1a: Ceruledge
|-damage|p1a: Ceruledge|0 fnt
|faint|p1a: Ceruledge
|
|win|EleaRosea
|raw|glos lad's rating: 1449 &rarr; <strong>1430</strong><br />(-19 for losing)
|raw|EleaRosea's rating: 1459 &rarr; <strong>1478</strong><br />(+19 for winning)
|l|☆glos lad
|player|p1|
