|j|☆Mace0
|j|☆Phillip Blevin
|t:|1769415394
|gametype|singles
|player|p1|Mace0|red-masters3|1409
|player|p2|Phillip Blevin|265|1436
|gen|9
|tier|[Gen 9] OU
|rated|
|rule|HP Percentage Mod: HP is shown in percentages
|rule|Endless Battle Clause: Forcing endless battles is banned
|rule|Species Clause: Limit one of each Pokémon
|rule|OHKO Clause: OHKO moves are banned
|rule|Evasion Items Clause: Evasion items are banned
|rule|Evasion Moves Clause: Evasion moves are banned
|rule|Evasion Abilities Clause: Evasion abilities are banned
|rule|Sleep Moves Clause: Sleep-inducing moves are banned
|clearpoke
|poke|p1|Iron Valiant|
|poke|p1|Moltres|
|poke|p1|Great Tusk|
|poke|p1|Iron Crown|
|poke|p1|Ogerpon-Wellspring, F|
|poke|p1|Garchomp, M|
|poke|p2|Iron Hands|
|poke|p2|Mandibuzz, F|
|poke|p2|Garganacl, F|
|poke|p2|Landorus-Therian, M|
|poke|p2|Alomomola, F|
|poke|p2|Dragapult, M|
|teampreview
|inactive|Battle timer is ON: inactive players will automatically lose when time's up. (requested by Phillip Blevin)
|
|t:|1769415422
|teamsize|p1|6
|teamsize|p2|6
|start
|switch|p1a: Iron Crown|Iron Crown|100/100
|switch|p2a: Dragapult|Dragapult, M|100/100
|turn|1
|
|t:|1769415426
|move|p2a: Dragapult|U-turn|p1a: Iron Crown
|-damage|p1a: Iron Crown|82/100
|
|t:|1769415428
|switch|p2a: Alomomola|Alomomola, F|100/100|[from] U-turn
|move|p1a: Iron Crown|Tachyon Cutter|p2a: Alomomola
|-resisted|p2a: Alomomola
|-damage|p2a: Alomomola|79/100
|-resisted|p2a: Alomomola
|-damage|p2a: Alomomola|57/100
|-hitcount|p2a: Alomomola|2
|
|upkeep
|turn|2
|
|t:|1769415433
|move|p2a: Alomomola|Protect|p2a: Alomomola
|-singleturn|p2a: Alomomola|Protect
|move|p1a: Iron Crown|Tachyon Cutter|p2a: Alomomola
|-activate|p2a: Alomomola|move: Protect
|
|upkeep
|turn|3
|
|t:|1769415437
|switch|p2a: Iron Hands|Iron Hands|100/100
|move|p1a: Iron Crown|Tachyon Cutter|p2a: Iron Hands
|-resisted|p2a: Iron Hands
|-damage|p2a: Iron Hands|90/100
|-resisted|p2a: Iron Hands
|-damage|p2a: Iron Hands|81/100
|-hitcount|p2a: Iron Hands|2
|
|upkeep
|turn|4
|
|t:|1769415443
|-end|p1a: Iron Crown|Quark Drive|[silent]
|switch|p1a: Great Tusk|Great Tusk|100/100
|move|p2a: Iron Hands|Drain Punch|p1a: Great Tusk
|-crit|p1a: Great Tusk
|-damage|p1a: Great Tusk|62/100
|-heal|p2a: Iron Hands|99/100|[from] drain|[of] p1a: Great Tusk
|
|-heal|p1a: Great Tusk|68/100|[from] item: Leftovers
|upkeep
|turn|5
|
|t:|1769415447
|-end|p2a: Iron Hands|Quark Drive|[silent]
|switch|p2a: Mandibuzz|Mandibuzz, F|100/100
|move|p1a: Great Tusk|Stealth Rock|p2a: Mandibuzz
|-sidestart|p2: Phillip Blevin|move: Stealth Rock
|
|-heal|p1a: Great Tusk|74/100|[from] item: Leftovers
|upkeep
|turn|6
|
|t:|1769415452
|-end|p1a: Great Tusk|Protosynthesis|[silent]
|switch|p1a: Iron Crown|Iron Crown|82/100
|move|p2a: Mandibuzz|Defog|p1a: Iron Crown
|-unboost|p1a: Iron Crown|evasion|1
|-sideend|p2: Phillip Blevin|Stealth Rock|[from] move: Defog|[of] p2a: Mandibuzz
|
|upkeep
|turn|7
|
|t:|1769415456
|move|p1a: Iron Crown|Volt Switch|p2a: Mandibuzz
|-supereffective|p2a: Mandibuzz
|-damage|p2a: Mandibuzz|45/100
|
|t:|1769415459
|-end|p1a: Iron Crown|Quark Drive|[silent]
|switch|p1a: Moltres|Moltres|100/100|[from] Volt Switch
|move|p2a: Mandibuzz|Roost|p2a: Mandibuzz
|-heal|p2a: Mandibuzz|95/100
|-singleturn|p2a: Mandibuzz|move: Roost
|
|upkeep
|turn|8
|
|t:|1769415464
|switch|p2a: Garganacl|Garganacl, F|100/100
|move|p1a: Moltres|Will-O-Wisp|p2a: Garganacl
|-immune|p2a: Garganacl|[from] ability: Purifying Salt
|
|upkeep
|turn|9
|
|t:|1769415466
|move|p1a: Moltres|U-turn|p2a: Garganacl
|-damage|p2a: Garganacl|91/100
|
|t:|1769415468
|switch|p1a: Great Tusk|Great Tusk|74/100|[from] U-turn
|move|p2a: Garganacl|Salt Cure|p1a: Great Tusk
|-resisted|p1a: Great Tusk
|-damage|p1a: Great Tusk|72/100
|-start|p1a: Great Tusk|Salt Cure
|
|-heal|p1a: Great Tusk|79/100|[from] item: Leftovers
|-heal|p2a: Garganacl|97/100|[from] item: Leftovers
|-damage|p1a: Great Tusk|66/100|[from] Salt Cure
|upkeep
|turn|10
|
|t:|1769415474
|switch|p2a: Alomomola|Alomomola, F|90/100
|move|p1a: Great Tusk|Stealth Rock|p2a: Alomomola
|-sidestart|p2: Phillip Blevin|move: Stealth Rock
|
|-heal|p1a: Great Tusk|72/100|[from] item: Leftovers
|-damage|p1a: Great Tusk|60/100|[from] Salt Cure
|upkeep
|turn|11
|
|t:|1769415479
|-end|p1a: Great Tusk|Protosynthesis|[silent]
|switch|p1a: Ogerpon|Ogerpon-Wellspring, F|100/100
|switch|p2a: Mandibuzz|Mandibuzz, F|95/100
|
|upkeep
|turn|12
|
|t:|1769415483
|move|p1a: Ogerpon|Swords Dance|p1a: Ogerpon
|-boost|p1a: Ogerpon|atk|2
|move|p2a: Mandibuzz|Foul Play|p1a: Ogerpon
|-damage|p1a: Ogerpon|0 fnt
|faint|p1a: Ogerpon
|
|upkeep
|
|t:|1769415487
|switch|p1a: Iron Crown|Iron Crown|82/100
|turn|13
|
|t:|1769415490
|-terastallize|p1a: Iron Crown|Steel
|move|p1a: Iron Crown|Tachyon Cutter|p2a: Mandibuzz
|-damage|p2a: Mandibuzz|56/100
|-damage|p2a: Mandibuzz|14/100
|-hitcount|p2a: Mandibuzz|2
|move|p2a: Mandibuzz|Roost|p2a: Mandibuzz
|-heal|p2a: Mandibuzz|64/100
|-singleturn|p2a: Mandibuzz|move: Roost
|
|upkeep
|turn|14
|
|t:|1769415495
|switch|p2a: Iron Hands|Iron Hands|99/100
|-damage|p2a: Iron Hands|93/100|[from] Stealth Rock
|move|p1a: Iron Crown|Tachyon Cutter|p2a: Iron Hands
|-resisted|p2a: Iron Hands
|-damage|p2a: Iron Hands|78/100
|-resisted|p2a: Iron Hands
|-damage|p2a: Iron Hands|63/100
|-hitcount|p2a: Iron Hands|2
|
|upkeep
|turn|15
|
|t:|1769415498
|-end|p1a: Iron Crown|Quark Drive|[silent]
|switch|p1a: Moltres|Moltres|100/100
|move|p2a: Iron Hands|Supercell Slam|p1a: Moltres
|-supereffective|p1a: Moltres
|-damage|p1a: Moltres|13/100
|
|upkeep
|turn|16
|
|t:|1769415502
|move|p1a: Moltres|Roost|p1a: Moltres
|-heal|p1a: Moltres|63/100
|-singleturn|p1a: Moltres|move: Roost
|move|p2a: Iron Hands|Earthquake|p1a: Moltres
|-supereffective|p1a: Moltres
|-damage|p1a: Moltres|4/100
|
|upkeep
|turn|17
|
|t:|1769415506
|-end|p2a: Iron Hands|Quark Drive|[silent]
|switch|p2a: Alomomola|Alomomola, F|100/100
|move|p1a: Moltres|Roost|p1a: Moltres
|-heal|p1a: Moltres|54/100
|-singleturn|p1a: Moltres|move: Roost
|
|upkeep
|turn|18
|
|t:|1769415510
|move|p1a: Moltres|Will-O-Wisp|p2a: Alomomola
|-status|p2a: Alomomola|brn
|move|p2a: Alomomola|Wish|p2a: Alomomola
|
|-damage|p2a: Alomomola|94/100 brn|[from] brn
|upkeep
|turn|19
|
|t:|1769415515
|move|p1a: Moltres|Roost|p1a: Moltres
|-heal|p1a: Moltres|100/100
|-singleturn|p1a: Moltres|move: Roost
|move|p2a: Alomomola|Flip Turn|p1a: Moltres
|-supereffective|p1a: Moltres
|-damage|p1a: Moltres|89/100
|
|t:|1769415518
|switch|p2a: Mandibuzz|Mandibuzz, F|64/100|[from] Flip Turn
|
|-heal|p2a: Mandibuzz|100/100|[from] move: Wish|[wisher] Alomomola
|upkeep
|turn|20
|
|t:|1769415520
|move|p1a: Moltres|Will-O-Wisp|p2a: Mandibuzz
|-status|p2a: Mandibuzz|brn
|move|p2a: Mandibuzz|Defog|p1a: Moltres
|-unboost|p1a: Moltres|evasion|1
|-sideend|p2: Phillip Blevin|Stealth Rock|[from] move: Defog|[of] p2a: Mandibuzz
|
|-damage|p2a: Mandibuzz|94/100 brn|[from] brn
|upkeep
|turn|21
|
|t:|1769415524
|switch|p2a: Alomomola|Alomomola, F|100/100 brn
|move|p1a: Moltres|Flamethrower|p2a: Alomomola
|-resisted|p2a: Alomomola
|-damage|p2a: Alomomola|78/100 brn
|
|-damage|p2a: Alomomola|72/100 brn|[from] brn
|upkeep
|turn|22
|
|t:|1769415527
|move|p1a: Moltres|U-turn|p2a: Alomomola
|-damage|p2a: Alomomola|65/100 brn
|
|t:|1769415530
|switch|p1a: Garchomp|Garchomp, M|100/100|[from] U-turn
|move|p2a: Alomomola|Wish|p2a: Alomomola
|
|-damage|p2a: Alomomola|58/100 brn|[from] brn
|upkeep
|turn|23
|
|t:|1769415535
|move|p1a: Garchomp|Swords Dance|p1a: Garchomp
|-boost|p1a: Garchomp|atk|2
|move|p2a: Alomomola|Flip Turn|p1a: Garchomp
|-damage|p1a: Garchomp|93/100
|-damage|p2a: Alomomola|46/100 brn|[from] ability: Rough Skin|[of] p1a: Garchomp
|
|t:|1769415540
|switch|p2a: Dragapult|Dragapult, M|100/100|[from] Flip Turn
|
|upkeep
|turn|24
|
|t:|1769415545
|switch|p1a: Iron Valiant|Iron Valiant|100/100
|move|p2a: Dragapult|U-turn|p1a: Iron Valiant
|-resisted|p1a: Iron Valiant
|-damage|p1a: Iron Valiant|95/100
|
|t:|1769415552
|switch|p2a: Landorus|Landorus-Therian, M|100/100|[from] U-turn
|-ability|p2a: Landorus|Intimidate|boost
|-unboost|p1a: Iron Valiant|atk|1
|
|upkeep
|turn|25
|
|t:|1769415556
|move|p2a: Landorus|Earthquake|p1a: Iron Valiant
|-damage|p1a: Iron Valiant|28/100
|move|p1a: Iron Valiant|Moonblast|p2a: Landorus
|-damage|p2a: Landorus|49/100
|
|upkeep
|turn|26
|
|t:|1769415565
|switch|p2a: Alomomola|Alomomola, F|79/100 brn
|move|p1a: Iron Valiant|Knock Off|p2a: Alomomola
|-damage|p2a: Alomomola|68/100 brn
|-enditem|p2a: Alomomola|Heavy-Duty Boots|[from] move: Knock Off|[of] p1a: Iron Valiant
|
|-damage|p2a: Alomomola|62/100 brn|[from] brn
|upkeep
|turn|27
|
|t:|1769415572
|move|p1a: Iron Valiant|Thunderbolt|p2a: Alomomola
|-supereffective|p2a: Alomomola
|-damage|p2a: Alomomola|0 fnt
|faint|p2a: Alomomola
|
|upkeep
|
|t:|1769415576
|switch|p2a: Dragapult|Dragapult, M|100/100
|turn|28
|
|t:|1769415580
|-end|p1a: Iron Valiant|Quark Drive|[silent]
|switch|p1a: Moltres|Moltres|89/100
|move|p2a: Dragapult|Shadow Ball|p1a: Moltres
|-damage|p1a: Moltres|32/100
|
|upkeep
|turn|29
|
|t:|1769415585
|move|p2a: Dragapult|Shadow Ball|p1a: Moltres
|-damage|p1a: Moltres|0 fnt
|faint|p1a: Moltres
|
|upkeep
|
|t:|1769415588
|switch|p1a: Garchomp|Garchomp, M|93/100
|turn|30
|
|t:|1769415590
|switch|p2a: Mandibuzz|Mandibuzz, F|94/100 brn
|move|p1a: Garchomp|Scale Shot|p2a: Mandibuzz
|-damage|p2a: Mandibuzz|87/100 brn
|-damage|p2a: Mandibuzz|79/100 brn
|-damage|p2a: Mandibuzz|72/100 brn
|-damage|p2a: Mandibuzz|64/100 brn
|-hitcount|p2a: Mandibuzz|4
|-unboost|p1a: Garchomp|def|1
|-boost|p1a: Garchomp|spe|1
|
|-damage|p2a: Mandibuzz|58/100 brn|[from] brn
|upkeep
|turn|31
|
|t:|1769415594
|move|p1a: Garchomp|Swords Dance|p1a: Garchomp
|-boost|p1a: Garchomp|atk|2
|move|p2a: Mandibuzz|Foul Play|p1a: Garchomp
|-damage|p1a: Garchomp|20/100
|-damage|p2a: Mandibuzz|45/100 brn|[from] ability: Rough Skin|[of] p1a: Garchomp
|
|-damage|p2a: Mandibuzz|39/100 brn|[from] brn
|upkeep
|turn|32
|
|t:|1769415604
|-terastallize|p2a: Mandibuzz|Steel
|move|p1a: Garchomp|Scale Shot|p2a: Mandibuzz
|-resisted|p2a: Mandibuzz
|-damage|p2a: Mandibuzz|31/100 brn
|-resisted|p2a: Mandibuzz
|-damage|p2a: Mandibuzz|24/100 brn
|-resisted|p2a: Mandibuzz
|-crit|p2a: Mandibuzz
|-damage|p2a: Mandibuzz|12/100 brn
|-resisted|p2a: Mandibuzz
|-damage|p2a: Mandibuzz|5/100 brn
|-hitcount|p2a: Mandibuzz|4
|-unboost|p1a: Garchomp|def|1
|-boost|p1a: Garchomp|spe|1
|move|p2a: Mandibuzz|Foul Play|p1a: Garchomp
|-damage|p1a: Garchomp|0 fnt
|-damage|p2a: Mandibuzz|0 fnt|[from] ability: Rough Skin|[of] p1a: Garchomp
|faint|p1a: Garchomp
|faint|p2a: Mandibuzz
|
|upkeep
|
|t:|1769415616
|switch|p1a: Iron Crown|Iron Crown, tera:Steel|82/100
|switch|p2a: Dragapult|Dragapult, M|100/100
|turn|33
|
|t:|1769415619
|move|p2a: Dragapult|Flamethrower|p1a: Iron Crown
|-supereffective|p1a: Iron Crown
|-damage|p1a: Iron Crown|0 fnt
|faint|p1a: Iron Crown
|-end|p1a: Iron Crown|Quark Drive|[silent]
|
|upkeep
|
|t:|1769415621
|switch|p1a: Great Tusk|Great Tusk|60/100
|turn|34
|
|t:|1769415625
|switch|p2a: Landorus|Landorus-Therian, M|49/100
|-ability|p2a: Landorus|Intimidate|boost
|-unboost|p1a: Great Tusk|atk|1
|move|p1a: Great Tusk|Headlong Rush|p2a: Landorus
|-immune|p2a: Landorus
|
|-heal|p1a: Great Tusk|66/100|[from] item: Leftovers
|upkeep
|turn|35
|
|t:|1769415628
|move|p2a: Landorus|Earthquake|p1a: Great Tusk
|-damage|p1a: Great Tusk|34/100
|move|p1a: Great Tusk|Ice Spinner|p2a: Landorus
|-supereffective|p2a: Landorus
|-damage|p2a: Landorus|0 fnt
|faint|p2a: Landorus
|
|-heal|p1a: Great Tusk|41/100|[from] item: Leftovers
|upkeep
|
|t:|1769415631
|switch|p2a: Dragapult|Dragapult, M|100/100
|turn|36
|
|t:|1769415632
|move|p2a: Dragapult|Shadow Ball|p1a: Great Tusk
|-damage|p1a: Great Tusk|0 fnt
|faint|p1a: Great Tusk
|-end|p1a: Great Tusk|Protosynthesis|[silent]
|
|upkeep
|
|t:|1769415634
|switch|p1a: Iron Valiant|Iron Valiant|28/100
|turn|37
|c|☆Phillip Blevin|gg
|
|t:|1769415636
|move|p2a: Dragapult|Shadow Ball|p1a: Iron Valiant
|-damage|p1a: Iron Valiant|0 fnt
|faint|p1a: Iron Valiant
|-end|p1a: Iron Valiant|Quark Drive|[silent]
|
|win|Phillip Blevin
|raw|Mace0's rating: 1409 &rarr; <strong>1391</strong><br />(-18 for losing)
|raw|Phillip Blevin's rating: 1436 &rarr; <strong>1454</strong><br />(+18 for winning)
