|j|☆jazzbucket
|j|☆ferrydiscs
|t:|1769303518
|gametype|singles
|player|p1|jazzbucket|sabrina|1436
|player|p2|ferrydiscs|will|1475
|gen|9
|tier|[Gen 9] OU
|rated|
|rule|HP Percentage Mod: HP is shown in percentages
|rule|Endless Battle Clause: Forcing endless battles is banned
|rule|Species Clause: Limit one of each Pokémon
|rule|OHKO Clause: OHKO moves are banned
|rule|Evasion Items Clause: Evasion items are banned
|rule|Evasion Moves Clause: Evasion moves are banned
|rule|Evasion Abilities Clause: Evasion abilities are banned
|rule|Sleep Moves Clause: Sleep-inducing moves are banned
|clearpoke
|poke|p1|Clefable, F|
|poke|p1|Great Tusk|
|poke|p1|Dragapult, F|
|poke|p1|Slowking-Galar, M|
|poke|p1|Corviknight, F|
|poke|p1|Samurott-Hisui, M|
|poke|p2|Tyranitar, M|
|poke|p2|Excadrill, M|
|poke|p2|Tornadus-Therian, M|
|poke|p2|Tinkaton, F|
|poke|p2|Sinistcha|
|poke|p2|Toxapex, M|
|teampreview
|
|t:|1769303551
|teamsize|p1|6
|teamsize|p2|6
|start
|switch|p1a: Samurott|Samurott-Hisui, M|100/100
|switch|p2a: Tornadus|Tornadus-Therian, M, shiny|100/100
|turn|1
|
|t:|1769303571
|move|p2a: Tornadus|Bleakwind Storm|p1a: Samurott
|-damage|p1a: Samurott|16/100
|-unboost|p1a: Samurott|spe|1
|move|p1a: Samurott|Ceaseless Edge|p2a: Tornadus
|-damage|p2a: Tornadus|41/100
|-sidestart|p2: ferrydiscs|Spikes
|
|upkeep
|turn|2
|
|t:|1769303584
|switch|p2a: Tinkaton|Tinkaton, F, shiny|100/100
|-item|p2a: Tinkaton|Air Balloon
|switch|p1a: Clefable|Clefable, F|100/100
|
|upkeep
|turn|3
|
|t:|1769303594
|move|p2a: Tinkaton|Stealth Rock|p1a: Clefable
|-sidestart|p1: jazzbucket|move: Stealth Rock
|move|p1a: Clefable|Moonblast|p2a: Tinkaton
|-resisted|p2a: Tinkaton
|-damage|p2a: Tinkaton|83/100
|-unboost|p2a: Tinkaton|spa|1
|-enditem|p2a: Tinkaton|Air Balloon
|
|upkeep
|turn|4
|
|t:|1769303598
|switch|p1a: Corviknight|Corviknight, F|100/100
|-damage|p1a: Corviknight|88/100|[from] Stealth Rock
|-ability|p1a: Corviknight|Pressure
|move|p2a: Tinkaton|Gigaton Hammer|p1a: Corviknight
|-resisted|p1a: Corviknight
|-damage|p1a: Corviknight|72/100
|
|upkeep
|turn|5
|
|t:|1769303602
|switch|p2a: Tornadus|Tornadus-Therian, M, shiny|74/100
|move|p1a: Corviknight|U-turn|p2a: Tornadus
|-resisted|p2a: Tornadus
|-damage|p2a: Tornadus|65/100
|
|t:|1769303622
|switch|p1a: Clefable|Clefable, F|100/100|[from] U-turn
|
|upkeep
|turn|6
|
|t:|1769303633
|switch|p2a: Tinkaton|Tinkaton, F, shiny|83/100
|-damage|p2a: Tinkaton|71/100|[from] Spikes
|move|p1a: Clefable|Knock Off|p2a: Tinkaton
|-resisted|p2a: Tinkaton
|-damage|p2a: Tinkaton|64/100
|-enditem|p1a: Clefable|Leftovers|[silent]|[from] ability: Pickpocket|[of] p1a: Clefable
|-item|p2a: Tinkaton|Leftovers|[from] ability: Pickpocket|[of] p1a: Clefable
|
|-heal|p2a: Tinkaton|70/100|[from] item: Leftovers
|upkeep
|turn|7
|inactive|Battle timer is ON: inactive players will automatically lose when time's up. (requested by jazzbucket)
|
|t:|1769303683
|move|p2a: Tinkaton|Gigaton Hammer|p1a: Clefable
|-supereffective|p1a: Clefable
|-damage|p1a: Clefable|7/100
|move|p1a: Clefable|Knock Off|p2a: Tinkaton
|-resisted|p2a: Tinkaton
|-damage|p2a: Tinkaton|60/100
|-enditem|p2a: Tinkaton|Leftovers|[from] move: Knock Off|[of] p1a: Clefable
|
|upkeep
|turn|8
|
|t:|1769303694
|move|p2a: Tinkaton|Ice Hammer|p1a: Clefable
|-damage|p1a: Clefable|0 fnt
|-unboost|p2a: Tinkaton|spe|1
|faint|p1a: Clefable
|
|upkeep
|
|t:|1769303709
|switch|p1a: Samurott|Samurott-Hisui, M|16/100
|turn|9
|inactive|ferrydiscs has 120 seconds left.
|
|t:|1769303741
|switch|p2a: Toxapex|Toxapex, M, shiny|100/100
|-damage|p2a: Toxapex|88/100|[from] Spikes
|move|p1a: Samurott|Aqua Cutter|p2a: Toxapex
|-resisted|p2a: Toxapex
|-damage|p2a: Toxapex|71/100
|-enditem|p2a: Toxapex|Eject Button
|inactive|ferrydiscs has 120 seconds left.
|
|t:|1769303751
|switch|p2a: Tornadus|Tornadus-Therian, M, shiny|98/100
|
|upkeep
|turn|10
|inactive|ferrydiscs has 120 seconds left.
|
|t:|1769303782
|switch|p1a: Corviknight|Corviknight, F|72/100
|-damage|p1a: Corviknight|60/100|[from] Stealth Rock
|-ability|p1a: Corviknight|Pressure
|move|p2a: Tornadus|Bleakwind Storm|p1a: Corviknight
|-resisted|p1a: Corviknight
|-damage|p1a: Corviknight|25/100
|
|upkeep
|turn|11
|
|t:|1769303792
|move|p2a: Tornadus|Bleakwind Storm|p1a: Corviknight
|-resisted|p1a: Corviknight
|-damage|p1a: Corviknight|0 fnt
|faint|p1a: Corviknight
|
|upkeep
|inactive|jazzbucket has 120 seconds left.
|
|t:|1769303814
|switch|p1a: Slowking|Slowking-Galar, M|100/100
|-damage|p1a: Slowking|88/100|[from] Stealth Rock
|turn|12
|inactive|jazzbucket has 120 seconds left.
|inactive|ferrydiscs has 120 seconds left.
|
|t:|1769303843
|switch|p2a: Tyranitar|Tyranitar, M, shiny|100/100
|-damage|p2a: Tyranitar|88/100|[from] Spikes
|-weather|Sandstorm|[from] ability: Sand Stream|[of] p2a: Tyranitar
|move|p1a: Slowking|Ice Beam|p2a: Tyranitar
|-damage|p2a: Tyranitar|69/100
|
|-weather|Sandstorm|[upkeep]
|-damage|p1a: Slowking|82/100|[from] Sandstorm
|upkeep
|turn|13
|inactive|ferrydiscs has 120 seconds left.
|
|t:|1769303856
|switch|p1a: Great Tusk|Great Tusk|100/100
|-damage|p1a: Great Tusk|98/100|[from] Stealth Rock
|move|p2a: Tyranitar|Knock Off|p1a: Great Tusk
|-resisted|p1a: Great Tusk
|-damage|p1a: Great Tusk|68/100
|-enditem|p1a: Great Tusk|Leftovers|[from] move: Knock Off|[of] p2a: Tyranitar
|
|-weather|Sandstorm|[upkeep]
|upkeep
|turn|14
|
|t:|1769303864
|switch|p2a: Sinistcha|Sinistcha, shiny|100/100
|-damage|p2a: Sinistcha|88/100|[from] Spikes
|move|p1a: Great Tusk|Ice Spinner|p2a: Sinistcha
|-supereffective|p2a: Sinistcha
|-damage|p2a: Sinistcha|52/100
|
|-weather|Sandstorm|[upkeep]
|-damage|p2a: Sinistcha|46/100|[from] Sandstorm
|-heal|p2a: Sinistcha|52/100|[from] item: Leftovers
|upkeep
|turn|15
|inactive|jazzbucket has 120 seconds left.
|
|t:|1769303879
|-end|p1a: Great Tusk|Protosynthesis|[silent]
|switch|p1a: Samurott|Samurott-Hisui, M|16/100
|move|p2a: Sinistcha|Strength Sap|p1a: Samurott
|-unboost|p1a: Samurott|atk|1
|-heal|p2a: Sinistcha|100/100
|
|-weather|Sandstorm|[upkeep]
|-damage|p1a: Samurott|10/100|[from] Sandstorm
|-damage|p2a: Sinistcha|94/100|[from] Sandstorm
|-heal|p2a: Sinistcha|100/100|[from] item: Leftovers
|upkeep
|turn|16
|
|t:|1769303891
|switch|p2a: Excadrill|Excadrill, M, shiny|100/100
|-damage|p2a: Excadrill|88/100|[from] Spikes
|move|p1a: Samurott|Ceaseless Edge|p2a: Excadrill
|-damage|p2a: Excadrill|45/100
|-sidestart|p2: ferrydiscs|Spikes
|
|-weather|none
|-heal|p2a: Excadrill|51/100|[from] item: Leftovers
|upkeep
|turn|17
|inactive|jazzbucket has 120 seconds left.
|
|t:|1769303919
|switch|p2a: Tornadus|Tornadus-Therian, M, shiny|100/100
|move|p1a: Samurott|Aqua Jet|p2a: Tornadus
|-damage|p2a: Tornadus|82/100
|
|upkeep
|turn|18
|
|t:|1769303939
|switch|p1a: Slowking|Slowking-Galar, M|100/100
|-damage|p1a: Slowking|88/100|[from] Stealth Rock
|move|p2a: Tornadus|Bleakwind Storm|p1a: Slowking
|-damage|p1a: Slowking|55/100
|
|upkeep
|turn|19
|inactive|ferrydiscs has 120 seconds left.
|
|t:|1769303977
|switch|p2a: Tinkaton|Tinkaton, F, shiny|60/100
|-damage|p2a: Tinkaton|43/100|[from] Spikes
|move|p1a: Slowking|Ice Beam|p2a: Tinkaton
|-resisted|p2a: Tinkaton
|-damage|p2a: Tinkaton|28/100
|-status|p2a: Tinkaton|frz
|
|upkeep
|turn|20
|
|t:|1769303985
|-curestatus|p2a: Tinkaton|frz|[msg]
|move|p2a: Tinkaton|Gigaton Hammer|p1a: Slowking
|-damage|p1a: Slowking|0 fnt
|faint|p1a: Slowking
|
|upkeep
|
|t:|1769303993
|switch|p1a: Great Tusk|Great Tusk|68/100
|-damage|p1a: Great Tusk|65/100|[from] Stealth Rock
|turn|21
|
|t:|1769303999
|switch|p2a: Sinistcha|Sinistcha, shiny|100/100
|-damage|p2a: Sinistcha|84/100|[from] Spikes
|move|p1a: Great Tusk|Ice Spinner|p2a: Sinistcha
|-supereffective|p2a: Sinistcha
|-damage|p2a: Sinistcha|46/100
|
|-heal|p2a: Sinistcha|52/100|[from] item: Leftovers
|upkeep
|turn|22
|
|t:|1769304008
|move|p1a: Great Tusk|Ice Spinner|p2a: Sinistcha
|-supereffective|p2a: Sinistcha
|-crit|p2a: Sinistcha
|-damage|p2a: Sinistcha|0 fnt
|faint|p2a: Sinistcha
|
|upkeep
|
|t:|1769304013
|switch|p2a: Tornadus|Tornadus-Therian, M, shiny|100/100
|turn|23
|c|☆jazzbucket|sorry
|
|t:|1769304022
|-terastallize|p1a: Great Tusk|Steel
|move|p2a: Tornadus|Bleakwind Storm|p1a: Great Tusk
|-resisted|p1a: Great Tusk
|-damage|p1a: Great Tusk|15/100
|-unboost|p1a: Great Tusk|spe|1
|move|p1a: Great Tusk|Rapid Spin|p2a: Tornadus
|-damage|p2a: Tornadus|75/100
|-boost|p1a: Great Tusk|spe|1
|-sideend|p1: jazzbucket|Stealth Rock|[from] move: Rapid Spin|[of] p1a: Great Tusk
|
|upkeep
|turn|24
|
|t:|1769304032
|-end|p1a: Great Tusk|Protosynthesis|[silent]
|switch|p1a: Samurott|Samurott-Hisui, M|10/100
|move|p2a: Tornadus|Bleakwind Storm|p1a: Samurott|[miss]
|-miss|p2a: Tornadus|p1a: Samurott
|
|upkeep
|turn|25
|
|t:|1769304036
|move|p1a: Samurott|Aqua Jet|p2a: Tornadus
|-damage|p2a: Tornadus|49/100
|move|p2a: Tornadus|Bleakwind Storm|p1a: Samurott
|-damage|p1a: Samurott|0 fnt
|faint|p1a: Samurott
|
|upkeep
|
|t:|1769304044
|switch|p1a: Dragapult|Dragapult, F|100/100
|turn|26
|
|t:|1769304049
|switch|p2a: Toxapex|Toxapex, M, shiny|100/100
|-damage|p2a: Toxapex|84/100|[from] Spikes
|move|p1a: Dragapult|Shadow Ball|p2a: Toxapex
|-damage|p2a: Toxapex|50/100
|
|upkeep
|turn|27
|
|t:|1769304064
|move|p1a: Dragapult|Shadow Ball|p2a: Toxapex
|-damage|p2a: Toxapex|16/100
|move|p2a: Toxapex|Recover|p2a: Toxapex
|-heal|p2a: Toxapex|67/100
|
|upkeep
|turn|28
|
|t:|1769304081
|switch|p1a: Great Tusk|Great Tusk, tera:Steel|15/100
|move|p2a: Toxapex|Toxic|p1a: Great Tusk
|-immune|p1a: Great Tusk
|
|upkeep
|turn|29
|
|t:|1769304093
|-terastallize|p2a: Toxapex|Fairy
|move|p1a: Great Tusk|Rapid Spin|p2a: Toxapex
|-damage|p2a: Toxapex|55/100
|-boost|p1a: Great Tusk|spe|1
|move|p2a: Toxapex|Recover|p2a: Toxapex
|-heal|p2a: Toxapex|100/100
|
|upkeep
|turn|30
|
|t:|1769304104
|move|p1a: Great Tusk|Headlong Rush|p2a: Toxapex
|-damage|p2a: Toxapex|59/100
|-unboost|p1a: Great Tusk|def|1
|-unboost|p1a: Great Tusk|spd|1
|move|p2a: Toxapex|Haze|p2a: Toxapex
|-clearallboost
|
|upkeep
|turn|31
|
|t:|1769304123
|switch|p2a: Tornadus|Tornadus-Therian, M, shiny|82/100
|move|p1a: Great Tusk|Rapid Spin|p2a: Tornadus
|-damage|p2a: Tornadus|60/100
|-boost|p1a: Great Tusk|spe|1
|
|upkeep
|turn|32
|inactive|ferrydiscs has 120 seconds left.
|
|t:|1769304150
|switch|p2a: Tyranitar|Tyranitar, M, shiny|69/100
|-damage|p2a: Tyranitar|52/100|[from] Spikes
|-weather|Sandstorm|[from] ability: Sand Stream|[of] p2a: Tyranitar
|move|p1a: Great Tusk|Ice Spinner|p2a: Tyranitar
|-damage|p2a: Tyranitar|29/100
|
|-weather|Sandstorm|[upkeep]
|upkeep
|turn|33
|
|t:|1769304178
|move|p1a: Great Tusk|Headlong Rush|p2a: Tyranitar
|-supereffective|p2a: Tyranitar
|-damage|p2a: Tyranitar|0 fnt
|-unboost|p1a: Great Tusk|def|1
|-unboost|p1a: Great Tusk|spd|1
|faint|p2a: Tyranitar
|
|-weather|Sandstorm|[upkeep]
|upkeep
|
|t:|1769304181
|switch|p2a: Excadrill|Excadrill, M, shiny|51/100
|-damage|p2a: Excadrill|34/100|[from] Spikes
|turn|34
|
|t:|1769304192
|move|p2a: Excadrill|Earthquake|p1a: Great Tusk
|-supereffective|p1a: Great Tusk
|-damage|p1a: Great Tusk|0 fnt
|faint|p1a: Great Tusk
|-end|p1a: Great Tusk|Protosynthesis|[silent]
|
|-weather|Sandstorm|[upkeep]
|-heal|p2a: Excadrill|40/100|[from] item: Leftovers
|upkeep
|
|t:|1769304195
|switch|p1a: Dragapult|Dragapult, F|100/100
|turn|35
|
|t:|1769304198
|move|p2a: Excadrill|Earthquake|p1a: Dragapult
|-damage|p1a: Dragapult|16/100
|move|p1a: Dragapult|Shadow Ball|p2a: Excadrill
|-damage|p2a: Excadrill|0 fnt
|faint|p2a: Excadrill
|
|-weather|Sandstorm|[upkeep]
|-damage|p1a: Dragapult|10/100|[from] Sandstorm
|upkeep
|
|t:|1769304210
|switch|p2a: Tornadus|Tornadus-Therian, M, shiny|93/100
|turn|36
|
|t:|1769304213
|move|p1a: Dragapult|Shadow Ball|p2a: Tornadus
|-damage|p2a: Tornadus|23/100
|move|p2a: Tornadus|Grass Knot|p1a: Dragapult
|-resisted|p1a: Dragapult
|-damage|p1a: Dragapult|0 fnt
|faint|p1a: Dragapult
|
|win|ferrydiscs
|raw|jazzbucket's rating: 1436 &rarr; <strong>1418</strong><br />(-18 for losing)
|raw|ferrydiscs's rating: 1475 &rarr; <strong>1493</strong><br />(+18 for winning)
|c|☆jazzbucket|gg
|c|☆ferrydiscs|gg
|l|☆jazzbucket
|player|p1|
