|j|☆daishinkantrim
|j|☆banjin
|t:|1769398929
|gametype|singles
|player|p1|daishinkantrim|265|1399
|player|p2|banjin|beauty-gen6xy|1363
|gen|9
|tier|[Gen 9] OU
|rated|
|rule|HP Percentage Mod: HP is shown in percentages
|rule|Endless Battle Clause: Forcing endless battles is banned
|rule|Species Clause: Limit one of each Pokémon
|rule|OHKO Clause: OHKO moves are banned
|rule|Evasion Items Clause: Evasion items are banned
|rule|Evasion Moves Clause: Evasion moves are banned
|rule|Evasion Abilities Clause: Evasion abilities are banned
|rule|Sleep Moves Clause: Sleep-inducing moves are banned
|clearpoke
|poke|p1|Ninetales-Alola, F|
|poke|p1|Gliscor, F|
|poke|p1|Samurott-Hisui, M|
|poke|p1|Kyurem|
|poke|p1|Hatterene, F|
|poke|p1|Cinderace, F|
|poke|p2|Minior-Blue|
|poke|p2|Lokix, F|
|poke|p2|Thundurus-Therian, M|
|poke|p2|Muk-Alola, M|
|poke|p2|Emboar, F|
|poke|p2|Ditto|
|teampreview
|inactive|Battle timer is ON: inactive players will automatically lose when time's up. (requested by banjin)
|
|t:|1769398935
|teamsize|p1|6
|teamsize|p2|6
|start
|switch|p1a: Ninetales|Ninetales-Alola, F|100/100
|switch|p2a: Katy|Lokix, F|100/100
|-weather|Snowscape|[from] ability: Snow Warning|[of] p1a: Ninetales
|turn|1
|
|t:|1769398940
|switch|p2a: Beppo|Muk-Alola, M|100/100
|move|p1a: Ninetales|Aurora Veil|p1a: Ninetales
|-sidestart|p1: daishinkantrim|move: Aurora Veil
|
|-weather|Snowscape|[upkeep]
|upkeep
|turn|2
|-activate|p2a: Beppo|item: Quick Claw
|
|t:|1769398946
|switch|p1a: Gliscor|Gliscor, F|100/100
|move|p2a: Beppo|Knock Off|p1a: Gliscor
|-damage|p1a: Gliscor|80/100
|-enditem|p1a: Gliscor|Toxic Orb|[from] move: Knock Off|[of] p2a: Beppo
|
|-weather|Snowscape|[upkeep]
|upkeep
|turn|3
|
|t:|1769398953
|switch|p2a: Mr. Brightside|Minior-Blue|100/100
|-formechange|p2a: Mr. Brightside|Minior-Meteor||[from] ability: Shields Down
|move|p1a: Gliscor|Swords Dance|p1a: Gliscor
|-boost|p1a: Gliscor|atk|2
|
|-weather|Snowscape|[upkeep]
|upkeep
|turn|4
|
|t:|1769398962
|move|p1a: Gliscor|Swords Dance|p1a: Gliscor
|-boost|p1a: Gliscor|atk|2
|move|p2a: Mr. Brightside|Shell Smash|p2a: Mr. Brightside
|-unboost|p2a: Mr. Brightside|def|1
|-unboost|p2a: Mr. Brightside|spd|1
|-boost|p2a: Mr. Brightside|atk|2
|-boost|p2a: Mr. Brightside|spa|2
|-boost|p2a: Mr. Brightside|spe|2
|-enditem|p2a: Mr. Brightside|White Herb
|-clearnegativeboost|p2a: Mr. Brightside|[silent]
|
|-weather|Snowscape|[upkeep]
|upkeep
|turn|5
|
|t:|1769398966
|-terastallize|p2a: Mr. Brightside|Ghost
|-terastallize|p1a: Gliscor|Fairy
|move|p2a: Mr. Brightside|Shell Smash|p2a: Mr. Brightside
|-unboost|p2a: Mr. Brightside|def|1
|-unboost|p2a: Mr. Brightside|spd|1
|-boost|p2a: Mr. Brightside|atk|2
|-boost|p2a: Mr. Brightside|spa|2
|-boost|p2a: Mr. Brightside|spe|2
|move|p1a: Gliscor|Tera Blast|p2a: Mr. Brightside|[anim] Tera Blast Fairy
|-damage|p2a: Mr. Brightside|0 fnt
|faint|p2a: Mr. Brightside
|
|-weather|none
|upkeep
|
|t:|1769398981
|switch|p2a: 𒉎|Ditto|100/100
|-transform|p2a: 𒉎|p1a: Gliscor|[from] ability: Imposter
|-start|p2a: 𒉎|typechange|Ground/Flying|[silent]
|turn|6
|
|t:|1769398986
|move|p2a: 𒉎|Earthquake|p1a: Gliscor
|-damage|p1a: Gliscor|17/100
|move|p1a: Gliscor|Tera Blast|p2a: 𒉎|[anim] Tera Blast Fairy
|-damage|p2a: 𒉎|5/100
|
|upkeep
|turn|7
|
|t:|1769398997
|move|p2a: 𒉎|Earthquake|p1a: Gliscor
|-damage|p1a: Gliscor|0 fnt
|faint|p1a: Gliscor
|
|upkeep
|
|t:|1769399015
|switch|p1a: Kyurem|Kyurem|100/100
|-ability|p1a: Kyurem|Pressure
|turn|8
|
|t:|1769399025
|move|p2a: 𒉎|Earthquake|p1a: Kyurem
|-damage|p1a: Kyurem|43/100
|move|p1a: Kyurem|Freeze-Dry|p2a: 𒉎
|-supereffective|p2a: 𒉎
|-damage|p2a: 𒉎|0 fnt
|faint|p2a: 𒉎
|
|-sideend|p1: daishinkantrim|move: Aurora Veil
|upkeep
|
|t:|1769399031
|switch|p2a: Katy|Lokix, F|100/100
|turn|9
|
|t:|1769399039
|move|p2a: Katy|First Impression|p1a: Kyurem
|-damage|p1a: Kyurem|3/100
|move|p1a: Kyurem|Freeze-Dry|p2a: Katy
|-damage|p2a: Katy|13/100
|
|upkeep
|turn|10
|
|t:|1769399044
|move|p2a: Katy|Sucker Punch|p1a: Kyurem
|-damage|p1a: Kyurem|0 fnt
|faint|p1a: Kyurem
|
|upkeep
|
|t:|1769399046
|switch|p1a: Ninetales|Ninetales-Alola, F|100/100
|-weather|Snowscape|[from] ability: Snow Warning|[of] p1a: Ninetales
|turn|11
|
|t:|1769399055
|switch|p2a: Beppo|Muk-Alola, M|100/100
|move|p1a: Ninetales|Aurora Veil|p1a: Ninetales
|-sidestart|p1: daishinkantrim|move: Aurora Veil
|
|-weather|Snowscape|[upkeep]
|upkeep
|turn|12
|
|t:|1769399061
|switch|p1a: Samurott|Samurott-Hisui, M|100/100
|move|p2a: Beppo|Poison Jab|p1a: Samurott
|-damage|p1a: Samurott|77/100
|-status|p1a: Samurott|psn
|
|-weather|Snowscape|[upkeep]
|-damage|p1a: Samurott|64/100 psn|[from] psn
|upkeep
|turn|13
|
|t:|1769399065
|move|p1a: Samurott|Ceaseless Edge|p2a: Beppo
|-resisted|p2a: Beppo
|-damage|p2a: Beppo|77/100
|-sidestart|p2: banjin|Spikes
|move|p2a: Beppo|Drain Punch|p1a: Samurott
|-supereffective|p1a: Samurott
|-damage|p1a: Samurott|32/100 psn
|-heal|p2a: Beppo|89/100|[from] drain|[of] p1a: Samurott
|
|-weather|Snowscape|[upkeep]
|-damage|p1a: Samurott|19/100 psn|[from] psn
|upkeep
|turn|14
|-activate|p2a: Beppo|item: Quick Claw
|
|t:|1769399073
|move|p2a: Beppo|Drain Punch|p1a: Samurott
|-supereffective|p1a: Samurott
|-damage|p1a: Samurott|0 fnt
|-heal|p2a: Beppo|97/100|[from] drain|[of] p1a: Samurott
|faint|p1a: Samurott
|
|-weather|Snowscape|[upkeep]
|upkeep
|
|t:|1769399095
|switch|p1a: Hatterene|Hatterene, F|100/100
|turn|15
|-activate|p2a: Beppo|item: Quick Claw
|
|t:|1769399099
|move|p2a: Beppo|Knock Off|p1a: Hatterene
|-damage|p1a: Hatterene|72/100
|-enditem|p1a: Hatterene|Custap Berry|[from] move: Knock Off|[of] p2a: Beppo
|move|p1a: Hatterene|Calm Mind|p1a: Hatterene
|-boost|p1a: Hatterene|spa|1
|-boost|p1a: Hatterene|spd|1
|
|-weather|none
|upkeep
|turn|16
|-activate|p2a: Beppo|item: Quick Claw
|
|t:|1769399108
|move|p2a: Beppo|Poison Jab|p1a: Hatterene
|-supereffective|p1a: Hatterene
|-damage|p1a: Hatterene|24/100
|-status|p1a: Hatterene|psn
|move|p1a: Hatterene|Draining Kiss|p2a: Beppo
|-damage|p2a: Beppo|63/100
|-heal|p1a: Hatterene|57/100 psn|[from] drain|[of] p2a: Beppo
|
|-damage|p1a: Hatterene|45/100 psn|[from] psn
|upkeep
|turn|17
|
|t:|1769399117
|move|p2a: Beppo|Poison Jab|p1a: Hatterene
|-supereffective|p1a: Hatterene
|-damage|p1a: Hatterene|0 fnt
|faint|p1a: Hatterene
|
|upkeep
|-message|daishinkantrim forfeited.
|
|win|banjin
|raw|daishinkantrim's rating: 1399 &rarr; <strong>1377</strong><br />(-22 for losing)
|raw|banjin's rating: 1363 &rarr; <strong>1385</strong><br />(+22 for winning)
|l|☆daishinkantrim
|player|p1|
|l|☆banjin
|player|p2|
