|j|☆Ziul Nebels
|j|☆YEAAAAAH
|t:|1769318991
|gametype|singles
|player|p1|Ziul Nebels|bruno|1144
|player|p2|YEAAAAAH|burgh|1189
|gen|9
|tier|[Gen 9] OU
|rated|
|rule|HP Percentage Mod: HP is shown in percentages
|rule|Endless Battle Clause: Forcing endless battles is banned
|rule|Species Clause: Limit one of each Pokémon
|rule|OHKO Clause: OHKO moves are banned
|rule|Evasion Items Clause: Evasion items are banned
|rule|Evasion Moves Clause: Evasion moves are banned
|rule|Evasion Abilities Clause: Evasion abilities are banned
|rule|Sleep Moves Clause: Sleep-inducing moves are banned
|clearpoke
|poke|p1|Glimmora, F|
|poke|p1|Dondozo, F|
|poke|p1|Darkrai|
|poke|p1|Cinderace, F|
|poke|p1|Raging Bolt|
|poke|p1|Sinistcha|
|poke|p2|Florges-White, F|
|poke|p2|Lurantis, F|
|poke|p2|Salazzle, F|
|poke|p2|Tsareena, F|
|poke|p2|Comfey, F|
|poke|p2|Espeon, F|
|teampreview
|inactive|Battle timer is ON: inactive players will automatically lose when time's up. (requested by Ziul Nebels)
|
|t:|1769319002
|teamsize|p1|6
|teamsize|p2|6
|start
|switch|p1a: Raging Bolt|Raging Bolt|100/100
|switch|p2a: Espeon|Espeon, F|100/100
|-enditem|p1a: Raging Bolt|Booster Energy
|-activate|p1a: Raging Bolt|ability: Protosynthesis|[fromitem]
|-start|p1a: Raging Bolt|protosynthesisspa
|turn|1
|
|t:|1769319015
|move|p2a: Espeon|Calm Mind|p2a: Espeon
|-boost|p2a: Espeon|spa|1
|-boost|p2a: Espeon|spd|1
|move|p1a: Raging Bolt|Volt Switch|p2a: Espeon
|-crit|p2a: Espeon
|-damage|p2a: Espeon|2/100
|
|t:|1769319022
|-end|p1a: Raging Bolt|Protosynthesis|[silent]
|switch|p1a: Dondozo|Dondozo, F|100/100|[from] Volt Switch
|
|upkeep
|turn|2
|
|t:|1769319044
|move|p2a: Espeon|Draining Kiss|p1a: Dondozo
|-damage|p1a: Dondozo|86/100
|-heal|p2a: Espeon|23/100|[from] drain|[of] p1a: Dondozo
|-damage|p2a: Espeon|13/100|[from] item: Life Orb
|move|p1a: Dondozo|Wave Crash|p2a: Espeon
|-damage|p2a: Espeon|0 fnt
|faint|p2a: Espeon
|-damage|p1a: Dondozo|83/100|[from] Recoil
|
|-heal|p1a: Dondozo|90/100|[from] item: Leftovers
|upkeep
|
|t:|1769319052
|switch|p2a: Lurantis|Lurantis, F, shiny|100/100
|turn|3
|
|t:|1769319066
|switch|p1a: Sinistcha|Sinistcha|100/100
|move|p2a: Lurantis|Knock Off|p1a: Sinistcha
|-supereffective|p1a: Sinistcha
|-damage|p1a: Sinistcha|53/100
|-enditem|p1a: Sinistcha|Leftovers|[from] move: Knock Off|[of] p2a: Lurantis
|
|upkeep
|turn|4
|
|t:|1769319074
|move|p1a: Sinistcha|Strength Sap|p2a: Lurantis
|-boost|p2a: Lurantis|atk|1
|-heal|p1a: Sinistcha|100/100
|move|p2a: Lurantis|Knock Off|p1a: Sinistcha
|-supereffective|p1a: Sinistcha
|-damage|p1a: Sinistcha|56/100
|
|upkeep
|turn|5
|
|t:|1769319081
|move|p1a: Sinistcha|Strength Sap|p2a: Lurantis
|-boost|p2a: Lurantis|atk|1
|-heal|p1a: Sinistcha|100/100
|move|p2a: Lurantis|Knock Off|p1a: Sinistcha
|-supereffective|p1a: Sinistcha
|-damage|p1a: Sinistcha|43/100
|
|upkeep
|turn|6
|
|t:|1769319092
|switch|p1a: Dondozo|Dondozo, F|90/100
|move|p2a: Lurantis|Knock Off|p1a: Dondozo
|-damage|p1a: Dondozo|71/100
|-enditem|p1a: Dondozo|Leftovers|[from] move: Knock Off|[of] p2a: Lurantis
|
|upkeep
|turn|7
|
|t:|1769319100
|move|p2a: Lurantis|Superpower|p1a: Dondozo
|-damage|p1a: Dondozo|47/100
|-boost|p2a: Lurantis|atk|1
|-boost|p2a: Lurantis|def|1
|move|p1a: Dondozo|Curse|p1a: Dondozo
|-unboost|p1a: Dondozo|spe|1
|-boost|p1a: Dondozo|atk|1
|-boost|p1a: Dondozo|def|1
|
|upkeep
|turn|8
|
|t:|1769319110
|move|p2a: Lurantis|Superpower|p1a: Dondozo
|-damage|p1a: Dondozo|31/100
|-boost|p2a: Lurantis|atk|1
|-boost|p2a: Lurantis|def|1
|move|p1a: Dondozo|Rest|p1a: Dondozo
|-status|p1a: Dondozo|slp|[from] move: Rest
|-heal|p1a: Dondozo|100/100 slp|[silent]
|
|upkeep
|turn|9
|
|t:|1769319124
|move|p2a: Lurantis|Superpower|p1a: Dondozo
|-damage|p1a: Dondozo|83/100 slp
|-boost|p2a: Lurantis|atk|1
|-boost|p2a: Lurantis|def|1
|cant|p1a: Dondozo|slp
|move|p1a: Dondozo|Sleep Talk|p1a: Dondozo
|move|p1a: Dondozo|Curse|p1a: Dondozo|[from] move: Sleep Talk
|-unboost|p1a: Dondozo|spe|1
|-boost|p1a: Dondozo|atk|1
|-boost|p1a: Dondozo|def|1
|
|upkeep
|turn|10
|
|t:|1769319139
|move|p2a: Lurantis|Leaf Blade|p1a: Dondozo
|-supereffective|p1a: Dondozo
|-damage|p1a: Dondozo|56/100 slp
|cant|p1a: Dondozo|slp
|move|p1a: Dondozo|Sleep Talk|p1a: Dondozo
|move|p1a: Dondozo|Curse|p1a: Dondozo|[from] move: Sleep Talk
|-unboost|p1a: Dondozo|spe|1
|-boost|p1a: Dondozo|atk|1
|-boost|p1a: Dondozo|def|1
|
|upkeep
|turn|11
|
|t:|1769319151
|move|p2a: Lurantis|Superpower|p1a: Dondozo
|-damage|p1a: Dondozo|46/100 slp
|-boost|p2a: Lurantis|atk|1
|-boost|p2a: Lurantis|def|1
|-curestatus|p1a: Dondozo|slp|[msg]
|move|p1a: Dondozo|Rest|p1a: Dondozo
|-status|p1a: Dondozo|slp|[from] move: Rest
|-heal|p1a: Dondozo|100/100 slp|[silent]
|
|upkeep
|turn|12
|c|☆YEAAAAAH|wow your strategy is super original and fun
|c|☆YEAAAAAH|you are such a unique person not boring at all
|
|t:|1769319179
|move|p2a: Lurantis|Leaf Blade|p1a: Dondozo
|-supereffective|p1a: Dondozo
|-damage|p1a: Dondozo|77/100 slp
|cant|p1a: Dondozo|slp
|move|p1a: Dondozo|Sleep Talk|p1a: Dondozo
|move|p1a: Dondozo|Rest||[from] move: Sleep Talk|[still]
|-fail|p1a: Dondozo
|
|upkeep
|turn|13
|
|t:|1769319190
|move|p2a: Lurantis|Superpower|p1a: Dondozo
|-damage|p1a: Dondozo|68/100 slp
|-boost|p2a: Lurantis|def|1
|cant|p1a: Dondozo|slp
|move|p1a: Dondozo|Sleep Talk|p1a: Dondozo
|move|p1a: Dondozo|Rest||[from] move: Sleep Talk|[still]
|-fail|p1a: Dondozo
|
|upkeep
|turn|14
|
|t:|1769319216
|move|p2a: Lurantis|Superpower|p1a: Dondozo
|-damage|p1a: Dondozo|59/100 slp
|-boost|p2a: Lurantis|def|1
|-curestatus|p1a: Dondozo|slp|[msg]
|move|p1a: Dondozo|Rest|p1a: Dondozo
|-status|p1a: Dondozo|slp|[from] move: Rest
|-heal|p1a: Dondozo|100/100 slp|[silent]
|
|upkeep
|turn|15
|
|t:|1769319225
|move|p2a: Lurantis|Leaf Blade|p1a: Dondozo
|-supereffective|p1a: Dondozo
|-damage|p1a: Dondozo|77/100 slp
|cant|p1a: Dondozo|slp
|move|p1a: Dondozo|Sleep Talk|p1a: Dondozo
|move|p1a: Dondozo|Curse|p1a: Dondozo|[from] move: Sleep Talk
|-unboost|p1a: Dondozo|spe|1
|-boost|p1a: Dondozo|atk|1
|-boost|p1a: Dondozo|def|1
|
|upkeep
|turn|16
|
|t:|1769319235
|move|p2a: Lurantis|Leaf Blade|p1a: Dondozo
|-supereffective|p1a: Dondozo
|-damage|p1a: Dondozo|58/100 slp
|cant|p1a: Dondozo|slp
|move|p1a: Dondozo|Sleep Talk|p1a: Dondozo
|move|p1a: Dondozo|Wave Crash|p2a: Lurantis|[from] move: Sleep Talk
|-resisted|p2a: Lurantis
|-damage|p2a: Lurantis|30/100
|-damage|p1a: Dondozo|42/100 slp|[from] Recoil
|
|upkeep
|turn|17
|
|t:|1769319246
|move|p2a: Lurantis|Leaf Blade|p1a: Dondozo
|-supereffective|p1a: Dondozo
|-damage|p1a: Dondozo|22/100 slp
|-curestatus|p1a: Dondozo|slp|[msg]
|move|p1a: Dondozo|Rest|p1a: Dondozo
|-status|p1a: Dondozo|slp|[from] move: Rest
|-heal|p1a: Dondozo|100/100 slp|[silent]
|
|upkeep
|turn|18
|
|t:|1769319255
|move|p2a: Lurantis|Leech Life|p1a: Dondozo
|-damage|p1a: Dondozo|95/100 slp
|-heal|p2a: Lurantis|33/100|[from] drain|[of] p1a: Dondozo
|cant|p1a: Dondozo|slp
|move|p1a: Dondozo|Sleep Talk|p1a: Dondozo
|move|p1a: Dondozo|Rest||[from] move: Sleep Talk|[still]
|-fail|p1a: Dondozo
|
|upkeep
|turn|19
|
|t:|1769319264
|move|p2a: Lurantis|Leaf Blade|p1a: Dondozo
|-supereffective|p1a: Dondozo
|-damage|p1a: Dondozo|79/100 slp
|cant|p1a: Dondozo|slp
|move|p1a: Dondozo|Sleep Talk|p1a: Dondozo
|move|p1a: Dondozo|Curse|p1a: Dondozo|[from] move: Sleep Talk
|-unboost|p1a: Dondozo|spe|1
|-boost|p1a: Dondozo|atk|1
|-boost|p1a: Dondozo|def|1
|
|upkeep
|turn|20
|
|t:|1769319274
|move|p2a: Lurantis|Leaf Blade|p1a: Dondozo
|-supereffective|p1a: Dondozo
|-damage|p1a: Dondozo|64/100 slp
|-curestatus|p1a: Dondozo|slp|[msg]
|move|p1a: Dondozo|Wave Crash|p2a: Lurantis
|-resisted|p2a: Lurantis
|-damage|p2a: Lurantis|0 fnt
|faint|p2a: Lurantis
|-damage|p1a: Dondozo|57/100|[from] Recoil
|
|upkeep
|
|t:|1769319292
|switch|p2a: Comfey|Comfey, F, shiny|100/100
|turn|21
|
|t:|1769319295
|move|p2a: Comfey|Leech Seed|p1a: Dondozo
|-start|p1a: Dondozo|move: Leech Seed
|move|p1a: Dondozo|Wave Crash|p2a: Comfey
|-damage|p2a: Comfey|0 fnt
|faint|p2a: Comfey
|-damage|p1a: Dondozo|41/100|[from] Recoil
|
|upkeep
|
|t:|1769319301
|switch|p2a: Florges|Florges-White, F, shiny|100/100
|turn|22
|
|t:|1769319304
|move|p2a: Florges|Moonblast|p1a: Dondozo
|-damage|p1a: Dondozo|12/100
|-unboost|p1a: Dondozo|spa|1
|move|p1a: Dondozo|Wave Crash|p2a: Florges
|-damage|p2a: Florges|0 fnt
|faint|p2a: Florges
|-damage|p1a: Dondozo|0 fnt|[from] Recoil
|faint|p1a: Dondozo
|
|upkeep
|
|t:|1769319316
|switch|p2a: Tsareena|Tsareena, F, shiny|100/100
|switch|p1a: Glimmora|Glimmora, F|100/100
|turn|23
|
|t:|1769319321
|move|p1a: Glimmora|Stealth Rock|p2a: Tsareena
|-sidestart|p2: YEAAAAAH|move: Stealth Rock
|move|p2a: Tsareena|High Jump Kick|p1a: Glimmora
|-damage|p1a: Glimmora|45/100
|-activate|p1a: Glimmora|ability: Toxic Debris
|-sidestart|p2: YEAAAAAH|move: Toxic Spikes
|
|upkeep
|turn|24
|
|t:|1769319329
|move|p1a: Glimmora|Mortal Spin|p2a: Tsareena
|-supereffective|p2a: Tsareena
|-damage|p2a: Tsareena|86/100
|-status|p2a: Tsareena|psn
|move|p2a: Tsareena|High Jump Kick|p1a: Glimmora
|-damage|p1a: Glimmora|0 fnt
|-activate|p1a: Glimmora|ability: Toxic Debris
|-sidestart|p2: YEAAAAAH|move: Toxic Spikes
|faint|p1a: Glimmora
|
|-damage|p2a: Tsareena|74/100 psn|[from] psn
|upkeep
|
|t:|1769319343
|switch|p1a: Darkrai|Darkrai|100/100
|turn|25
|
|t:|1769319348
|move|p1a: Darkrai|Sludge Bomb|p2a: Tsareena
|-supereffective|p2a: Tsareena
|-damage|p2a: Tsareena|0 fnt
|faint|p2a: Tsareena
|-damage|p1a: Darkrai|91/100|[from] item: Life Orb
|
|upkeep
|
|t:|1769319354
|switch|p2a: Salazzle|Salazzle, F, shiny|100/100
|-damage|p2a: Salazzle|76/100|[from] Stealth Rock
|-sideend|p2: YEAAAAAH|move: Toxic Spikes|[of] p2a: Salazzle
|turn|26
|-message|YEAAAAAH forfeited.
|
|win|Ziul Nebels
|raw|Ziul Nebels's rating: 1144 &rarr; <strong>1172</strong><br />(+28 for winning)
|raw|YEAAAAAH's rating: 1189 &rarr; <strong>1161</strong><br />(-28 for losing)
|l|☆YEAAAAAH
|player|p2|
|l|☆Ziul Nebels
|player|p1|
