|j|☆Terttudjdje
|j|☆GeorgiaEternatuss
|t:|1769332749
|gametype|singles
|player|p1|Terttudjdje|266|1183
|player|p2|GeorgiaEternatuss|steven|1149
|gen|9
|tier|[Gen 9] OU
|rated|
|rule|HP Percentage Mod: HP is shown in percentages
|rule|Endless Battle Clause: Forcing endless battles is banned
|rule|Species Clause: Limit one of each Pokémon
|rule|OHKO Clause: OHKO moves are banned
|rule|Evasion Items Clause: Evasion items are banned
|rule|Evasion Moves Clause: Evasion moves are banned
|rule|Evasion Abilities Clause: Evasion abilities are banned
|rule|Sleep Moves Clause: Sleep-inducing moves are banned
|clearpoke
|poke|p1|Toxapex, F|
|poke|p1|Gliscor, M|
|poke|p1|Slaking, M|
|poke|p1|Heatran, M|
|poke|p1|Great Tusk|
|poke|p1|Alomomola, M|
|poke|p2|Garganacl, F|
|poke|p2|Cinderace, M|
|poke|p2|Alomomola, M|
|poke|p2|Iron Valiant|
|poke|p2|Tornadus-Therian, M|
|poke|p2|Chansey, F|
|teampreview
|inactive|Battle timer is ON: inactive players will automatically lose when time's up. (requested by Terttudjdje)
|
|t:|1769332765
|teamsize|p1|6
|teamsize|p2|6
|start
|switch|p1a: Gliscor|Gliscor, M|100/100
|switch|p2a: Cinderace|Cinderace, M|100/100
|turn|1
|
|t:|1769332780
|switch|p2a: Alomomola|Alomomola, M|100/100
|move|p1a: Gliscor|Protect||[still]
|-fail|p1a: Gliscor
|
|-status|p1a: Gliscor|tox|[from] item: Toxic Orb
|upkeep
|turn|2
|
|t:|1769332794
|move|p1a: Gliscor|Knock Off|p2a: Alomomola
|-damage|p2a: Alomomola|89/100
|-damage|p1a: Gliscor|84/100 tox|[from] item: Rocky Helmet|[of] p2a: Alomomola
|-enditem|p2a: Alomomola|Rocky Helmet|[from] move: Knock Off|[of] p1a: Gliscor
|move|p2a: Alomomola|Flip Turn|p1a: Gliscor
|-supereffective|p1a: Gliscor
|-damage|p1a: Gliscor|58/100 tox
|
|t:|1769332805
|switch|p2a: Tornadus|Tornadus-Therian, M|100/100|[from] Flip Turn
|
|-heal|p1a: Gliscor|71/100 tox|[from] ability: Poison Heal
|upkeep
|turn|3
|
|t:|1769332814
|move|p1a: Gliscor|Protect|p1a: Gliscor
|-singleturn|p1a: Gliscor|Protect
|move|p2a: Tornadus|Bleakwind Storm|p1a: Gliscor
|-activate|p1a: Gliscor|move: Protect
|
|-heal|p1a: Gliscor|83/100 tox|[from] ability: Poison Heal
|upkeep
|turn|4
|inactive|GeorgiaEternatuss has 120 seconds left.
|
|t:|1769332843
|move|p2a: Tornadus|Bleakwind Storm|p1a: Gliscor
|-damage|p1a: Gliscor|41/100 tox
|-unboost|p1a: Gliscor|spe|1
|move|p1a: Gliscor|Knock Off|p2a: Tornadus
|-damage|p2a: Tornadus|72/100
|-enditem|p2a: Tornadus|Heavy-Duty Boots|[from] move: Knock Off|[of] p1a: Gliscor
|
|-heal|p1a: Gliscor|53/100 tox|[from] ability: Poison Heal
|upkeep
|turn|5
|inactive|GeorgiaEternatuss has 120 seconds left.
|
|t:|1769332854
|move|p1a: Gliscor|Protect|p1a: Gliscor
|-singleturn|p1a: Gliscor|Protect
|move|p2a: Tornadus|Bleakwind Storm|p1a: Gliscor
|-activate|p1a: Gliscor|move: Protect
|
|-heal|p1a: Gliscor|66/100 tox|[from] ability: Poison Heal
|upkeep
|turn|6
|
|t:|1769332863
|switch|p1a: Heatran|Heatran, M|100/100
|move|p2a: Tornadus|Bleakwind Storm|p1a: Heatran
|-resisted|p1a: Heatran
|-damage|p1a: Heatran|83/100
|-unboost|p1a: Heatran|spe|1
|
|-heal|p1a: Heatran|89/100|[from] item: Leftovers
|upkeep
|turn|7
|
|t:|1769332874
|switch|p2a: Chansey|Chansey, F|100/100
|move|p1a: Heatran|Stealth Rock|p2a: Chansey
|-sidestart|p2: GeorgiaEternatuss|move: Stealth Rock
|
|-heal|p1a: Heatran|96/100|[from] item: Leftovers
|upkeep
|turn|8
|
|t:|1769332882
|switch|p1a: Gliscor|Gliscor, M|66/100 tox
|move|p2a: Chansey|Seismic Toss|p1a: Gliscor
|-damage|p1a: Gliscor|38/100 tox
|
|-heal|p1a: Gliscor|50/100 tox|[from] ability: Poison Heal
|upkeep
|turn|9
|
|t:|1769332896
|switch|p2a: Alomomola|Alomomola, M|100/100
|-damage|p2a: Alomomola|88/100|[from] Stealth Rock
|move|p1a: Gliscor|Knock Off|p2a: Alomomola
|-damage|p2a: Alomomola|82/100
|
|-heal|p1a: Gliscor|62/100 tox|[from] ability: Poison Heal
|upkeep
|turn|10
|
|t:|1769332908
|move|p1a: Gliscor|Protect|p1a: Gliscor
|-singleturn|p1a: Gliscor|Protect
|move|p2a: Alomomola|Flip Turn|p1a: Gliscor
|-activate|p1a: Gliscor|move: Protect
|
|-heal|p1a: Gliscor|75/100 tox|[from] ability: Poison Heal
|upkeep
|turn|11
|
|t:|1769332919
|switch|p1a: Alomomola|Alomomola, M|100/100
|move|p2a: Alomomola|Flip Turn|p1a: Alomomola
|-resisted|p1a: Alomomola
|-damage|p1a: Alomomola|96/100
|-damage|p2a: Alomomola|65/100|[from] item: Rocky Helmet|[of] p1a: Alomomola
|inactive|GeorgiaEternatuss has 120 seconds left.
|
|t:|1769332936
|switch|p2a: Tornadus|Tornadus-Therian, M|100/100|[from] Flip Turn
|-damage|p2a: Tornadus|75/100|[from] Stealth Rock
|
|upkeep
|turn|12
|
|t:|1769332944
|move|p2a: Tornadus|Bleakwind Storm|p1a: Alomomola
|-damage|p1a: Alomomola|40/100
|move|p1a: Alomomola|Mirror Coat|p2a: Tornadus
|-damage|p2a: Tornadus|0 fnt
|faint|p2a: Tornadus
|
|upkeep
|inactive|GeorgiaEternatuss has 120 seconds left.
|
|t:|1769332956
|switch|p2a: Iron Valiant|Iron Valiant|100/100
|-damage|p2a: Iron Valiant|94/100|[from] Stealth Rock
|-enditem|p2a: Iron Valiant|Booster Energy
|-activate|p2a: Iron Valiant|ability: Quark Drive|[fromitem]
|-start|p2a: Iron Valiant|quarkdrivespe
|turn|13
|inactive|GeorgiaEternatuss has 120 seconds left.
|
|t:|1769332971
|switch|p1a: Heatran|Heatran, M|96/100
|-terastallize|p2a: Iron Valiant|Fairy
|move|p2a: Iron Valiant|Moonblast|p1a: Heatran
|-resisted|p1a: Heatran
|-damage|p1a: Heatran|83/100
|
|-heal|p1a: Heatran|90/100|[from] item: Leftovers
|upkeep
|turn|14
|inactive|GeorgiaEternatuss has 120 seconds left.
|
|t:|1769332990
|-end|p2a: Iron Valiant|Quark Drive|[silent]
|switch|p2a: Chansey|Chansey, F|100/100
|-damage|p2a: Chansey|88/100|[from] Stealth Rock
|move|p1a: Heatran|Lava Plume|p2a: Chansey
|-damage|p2a: Chansey|77/100
|
|-heal|p1a: Heatran|96/100|[from] item: Leftovers
|upkeep
|turn|15
|inactive|GeorgiaEternatuss has 120 seconds left.
|
|t:|1769333005
|switch|p1a: Alomomola|Alomomola, M|73/100
|move|p2a: Chansey|Seismic Toss|p1a: Alomomola
|-damage|p1a: Alomomola|54/100
|-damage|p2a: Chansey|61/100|[from] item: Rocky Helmet|[of] p1a: Alomomola
|
|upkeep
|turn|16
|inactive|GeorgiaEternatuss has 120 seconds left.
|
|t:|1769333015
|switch|p2a: Alomomola|Alomomola, M|98/100
|-damage|p2a: Alomomola|86/100|[from] Stealth Rock
|move|p1a: Alomomola|Flip Turn|p2a: Alomomola
|-resisted|p2a: Alomomola
|-damage|p2a: Alomomola|82/100
|
|t:|1769333022
|switch|p1a: Slaking|Slaking, M|100/100|[from] Flip Turn
|
|upkeep
|turn|17
|inactive|GeorgiaEternatuss has 120 seconds left.
|
|t:|1769333035
|-terastallize|p1a: Slaking|Normal
|move|p1a: Slaking|Giga Impact|p2a: Alomomola
|-damage|p2a: Alomomola|0 fnt
|-mustrecharge|p1a: Slaking
|faint|p2a: Alomomola
|
|upkeep
|inactive|GeorgiaEternatuss has 120 seconds left.
|
|t:|1769333048
|switch|p2a: Garganacl|Garganacl, F|100/100
|-damage|p2a: Garganacl|88/100|[from] Stealth Rock
|turn|18
|inactive|GeorgiaEternatuss has 120 seconds left.
|
|t:|1769333056
|cant|p1a: Slaking|recharge
|move|p2a: Garganacl|Salt Cure|p1a: Slaking
|-damage|p1a: Slaking|90/100
|-start|p1a: Slaking|Salt Cure
|
|-heal|p2a: Garganacl|94/100|[from] item: Leftovers
|-damage|p1a: Slaking|78/100|[from] Salt Cure
|upkeep
|turn|19
|
|t:|1769333067
|switch|p1a: Gliscor|Gliscor, M|75/100 tox
|move|p2a: Garganacl|Protect||[still]
|-fail|p2a: Garganacl
|
|-heal|p2a: Garganacl|100/100|[from] item: Leftovers
|-heal|p1a: Gliscor|87/100 tox|[from] ability: Poison Heal
|upkeep
|turn|20
|
|t:|1769333077
|move|p1a: Gliscor|Knock Off|p2a: Garganacl
|-damage|p2a: Garganacl|89/100
|-enditem|p2a: Garganacl|Leftovers|[from] move: Knock Off|[of] p1a: Gliscor
|move|p2a: Garganacl|Salt Cure|p1a: Gliscor
|-damage|p1a: Gliscor|76/100 tox
|-start|p1a: Gliscor|Salt Cure
|
|-heal|p1a: Gliscor|88/100 tox|[from] ability: Poison Heal
|-damage|p1a: Gliscor|76/100 tox|[from] Salt Cure
|upkeep
|turn|21
|
|t:|1769333092
|move|p2a: Garganacl|Protect|p2a: Garganacl
|-singleturn|p2a: Garganacl|Protect
|move|p1a: Gliscor|Earthquake|p2a: Garganacl
|-activate|p2a: Garganacl|move: Protect
|
|-heal|p1a: Gliscor|88/100 tox|[from] ability: Poison Heal
|-damage|p1a: Gliscor|76/100 tox|[from] Salt Cure
|upkeep
|turn|22
|
|t:|1769333106
|move|p1a: Gliscor|Spikes|p2a: Garganacl
|-sidestart|p2: GeorgiaEternatuss|Spikes
|move|p2a: Garganacl|Recover|p2a: Garganacl
|-heal|p2a: Garganacl|100/100
|
|-heal|p1a: Gliscor|88/100 tox|[from] ability: Poison Heal
|-damage|p1a: Gliscor|76/100 tox|[from] Salt Cure
|upkeep
|turn|23
|
|t:|1769333116
|move|p1a: Gliscor|Earthquake|p2a: Garganacl
|-supereffective|p2a: Garganacl
|-damage|p2a: Garganacl|66/100
|move|p2a: Garganacl|Salt Cure|p1a: Gliscor
|-damage|p1a: Gliscor|65/100 tox
|
|-heal|p1a: Gliscor|77/100 tox|[from] ability: Poison Heal
|-damage|p1a: Gliscor|65/100 tox|[from] Salt Cure
|upkeep
|turn|24
|
|t:|1769333127
|move|p1a: Gliscor|Earthquake|p2a: Garganacl
|-supereffective|p2a: Garganacl
|-damage|p2a: Garganacl|30/100
|move|p2a: Garganacl|Salt Cure|p1a: Gliscor
|-damage|p1a: Gliscor|54/100 tox
|
|-heal|p1a: Gliscor|67/100 tox|[from] ability: Poison Heal
|-damage|p1a: Gliscor|54/100 tox|[from] Salt Cure
|upkeep
|turn|25
|
|t:|1769333142
|move|p2a: Garganacl|Protect|p2a: Garganacl
|-singleturn|p2a: Garganacl|Protect
|move|p1a: Gliscor|Earthquake|p2a: Garganacl
|-activate|p2a: Garganacl|move: Protect
|
|-heal|p1a: Gliscor|67/100 tox|[from] ability: Poison Heal
|-damage|p1a: Gliscor|54/100 tox|[from] Salt Cure
|upkeep
|turn|26
|
|t:|1769333159
|move|p1a: Gliscor|Earthquake|p2a: Garganacl
|-supereffective|p2a: Garganacl
|-damage|p2a: Garganacl|0 fnt
|faint|p2a: Garganacl
|
|-heal|p1a: Gliscor|67/100 tox|[from] ability: Poison Heal
|-damage|p1a: Gliscor|54/100 tox|[from] Salt Cure
|upkeep
|inactive|GeorgiaEternatuss has 120 seconds left.
|
|t:|1769333175
|switch|p2a: Iron Valiant|Iron Valiant, tera:Fairy|94/100
|-damage|p2a: Iron Valiant|82/100|[from] Stealth Rock
|-damage|p2a: Iron Valiant|69/100|[from] Spikes
|turn|27
|inactive|GeorgiaEternatuss has 120 seconds left.
|
|t:|1769333181
|switch|p1a: Heatran|Heatran, M|96/100
|move|p2a: Iron Valiant|Moonblast|p1a: Heatran
|-resisted|p1a: Heatran
|-damage|p1a: Heatran|84/100
|
|-heal|p1a: Heatran|90/100|[from] item: Leftovers
|upkeep
|turn|28
|inactive|GeorgiaEternatuss has 120 seconds left.
|
|t:|1769333195
|-end|p2a: Iron Valiant|Quark Drive|[silent]
|switch|p2a: Chansey|Chansey, F|61/100
|-damage|p2a: Chansey|48/100|[from] Stealth Rock
|-damage|p2a: Chansey|36/100|[from] Spikes
|move|p1a: Heatran|Lava Plume|p2a: Chansey
|-damage|p2a: Chansey|25/100
|-status|p2a: Chansey|brn
|
|-heal|p1a: Heatran|96/100|[from] item: Leftovers
|-damage|p2a: Chansey|19/100 brn|[from] brn
|upkeep
|turn|29
|inactive|GeorgiaEternatuss has 120 seconds left.
|
|t:|1769333221
|switch|p1a: Slaking|Slaking, M, tera:Normal|78/100
|move|p2a: Chansey|Soft-Boiled|p2a: Chansey
|-heal|p2a: Chansey|69/100 brn
|
|-damage|p2a: Chansey|63/100 brn|[from] brn
|upkeep
|turn|30
|inactive|GeorgiaEternatuss has 90 seconds left.
|
|t:|1769333247
|move|p1a: Slaking|Double-Edge|p2a: Chansey
|-damage|p2a: Chansey|0 fnt
|faint|p2a: Chansey
|-damage|p1a: Slaking|45/100|[from] Recoil
|
|upkeep
|inactive|GeorgiaEternatuss has 90 seconds left.
|
|t:|1769333263
|switch|p2a: Iron Valiant|Iron Valiant, tera:Fairy|69/100
|-damage|p2a: Iron Valiant|57/100|[from] Stealth Rock
|-damage|p2a: Iron Valiant|44/100|[from] Spikes
|turn|31
|inactive|GeorgiaEternatuss has 60 seconds left.
|
|t:|1769333298
|switch|p1a: Heatran|Heatran, M|96/100
|move|p2a: Iron Valiant|Moonblast|p1a: Heatran
|-resisted|p1a: Heatran
|-damage|p1a: Heatran|85/100
|
|-heal|p1a: Heatran|91/100|[from] item: Leftovers
|upkeep
|turn|32
|inactive|GeorgiaEternatuss has 60 seconds left.
|inactive|GeorgiaEternatuss has 30 seconds left.
|inactive|GeorgiaEternatuss has 20 seconds left.
|inactive|GeorgiaEternatuss has 15 seconds left.
|inactive|GeorgiaEternatuss has 10 seconds left.
|inactive|GeorgiaEternatuss has 5 seconds left.
|-message|GeorgiaEternatuss lost due to inactivity.
|
|win|Terttudjdje
|raw|Terttudjdje's rating: 1183 &rarr; <strong>1206</strong><br />(+23 for winning)
|raw|GeorgiaEternatuss's rating: 1149 &rarr; <strong>1126</strong><br />(-23 for losing)
|l|☆GeorgiaEternatuss
|player|p2|
|l|☆Terttudjdje
|player|p1|
