|j|☆monoev
|j|☆Pichonidas
|t:|1769293896
|gametype|singles
|player|p1|monoev|youngcouple-gen4dp|1303
|player|p2|Pichonidas|falkner|1336
|gen|9
|tier|[Gen 9] OU
|rated|
|rule|HP Percentage Mod: HP is shown in percentages
|rule|Endless Battle Clause: Forcing endless battles is banned
|rule|Species Clause: Limit one of each Pokémon
|rule|OHKO Clause: OHKO moves are banned
|rule|Evasion Items Clause: Evasion items are banned
|rule|Evasion Moves Clause: Evasion moves are banned
|rule|Evasion Abilities Clause: Evasion abilities are banned
|rule|Sleep Moves Clause: Sleep-inducing moves are banned
|clearpoke
|poke|p1|Ceruledge, F|
|poke|p1|Corviknight, M|
|poke|p1|Chansey, F|
|poke|p1|Greninja-*, M|
|poke|p1|Rhyperior, M|
|poke|p1|Dragapult, F|
|poke|p2|Dragapult, M|
|poke|p2|Glimmora, M|
|poke|p2|Comfey, M|
|poke|p2|Kingambit, M|
|poke|p2|Ogerpon-Wellspring, F|
|poke|p2|Blaziken, M|
|teampreview
|inactive|Battle timer is ON: inactive players will automatically lose when time's up. (requested by monoev)
|inactive|Pichonidas also wants the timer to be on.
|
|t:|1769293909
|teamsize|p1|6
|teamsize|p2|6
|start
|switch|p1a: Dragapult|Dragapult, F|100/100
|switch|p2a: Glimmora|Glimmora, M, shiny|100/100
|turn|1
|
|t:|1769293914
|move|p1a: Dragapult|Shadow Ball|p2a: Glimmora
|-damage|p2a: Glimmora|48/100
|-unboost|p2a: Glimmora|spd|1
|-enditem|p2a: Glimmora|Red Card|[of] p1a: Dragapult
|drag|p1a: Corviknight|Corviknight, M|100/100
|move|p2a: Glimmora|Stealth Rock|p1a: Corviknight
|-sidestart|p1: monoev|move: Stealth Rock
|
|upkeep
|turn|2
|
|t:|1769293929
|switch|p2a: Dragapult|Dragapult, M, shiny|100/100
|move|p1a: Corviknight|Defog|p2a: Dragapult
|-fail|p2a: Dragapult|unboost|[from] ability: Clear Body|[of] p2a: Dragapult
|-sideend|p1: monoev|Stealth Rock|[from] move: Defog|[of] p1a: Corviknight
|
|upkeep
|turn|3
|
|t:|1769293934
|switch|p1a: Chansey|Chansey, F|100/100
|move|p2a: Dragapult|Flamethrower|p1a: Chansey
|-crit|p1a: Chansey
|-damage|p1a: Chansey|84/100
|-damage|p2a: Dragapult|91/100|[from] item: Life Orb
|
|upkeep
|turn|4
|
|t:|1769293940
|-terastallize|p2a: Dragapult|Dragon
|move|p2a: Dragapult|Dragon Darts|p1a: Chansey
|-damage|p1a: Chansey|61/100
|-anim|p2a: Dragapult|Dragon Darts|p1a: Chansey
|-damage|p1a: Chansey|37/100
|-damage|p2a: Dragapult|81/100|[from] item: Life Orb
|move|p1a: Chansey|Thunder Wave|p2a: Dragapult
|-status|p2a: Dragapult|par
|
|upkeep
|turn|5
|
|t:|1769293949
|move|p2a: Dragapult|Draco Meteor|p1a: Chansey
|-damage|p1a: Chansey|6/100
|-unboost|p2a: Dragapult|spa|2
|-damage|p2a: Dragapult|71/100 par|[from] item: Life Orb
|move|p1a: Chansey|Soft-Boiled|p1a: Chansey
|-heal|p1a: Chansey|56/100
|
|upkeep
|turn|6
|
|t:|1769293962
|switch|p2a: Glimmora|Glimmora, M, shiny|48/100
|move|p1a: Chansey|Soft-Boiled|p1a: Chansey
|-heal|p1a: Chansey|100/100
|
|upkeep
|turn|7
|
|t:|1769293970
|switch|p1a: Corviknight|Corviknight, M|100/100
|move|p2a: Glimmora|Mortal Spin|p1a: Corviknight
|-immune|p1a: Corviknight
|
|upkeep
|turn|8
|
|t:|1769293976
|move|p2a: Glimmora|Stealth Rock|p1a: Corviknight
|-sidestart|p1: monoev|move: Stealth Rock
|move|p1a: Corviknight|Defog|p2a: Glimmora
|-unboost|p2a: Glimmora|evasion|1
|-sideend|p1: monoev|Stealth Rock|[from] move: Defog|[of] p1a: Corviknight
|
|upkeep
|turn|9
|
|t:|1769293981
|move|p2a: Glimmora|Power Gem|p1a: Corviknight
|-damage|p1a: Corviknight|67/100
|move|p1a: Corviknight|U-turn|p2a: Glimmora
|-resisted|p2a: Glimmora
|-damage|p2a: Glimmora|43/100
|-activate|p2a: Glimmora|ability: Toxic Debris
|-sidestart|p1: monoev|move: Toxic Spikes
|
|t:|1769293986
|switch|p1a: Greninja|Greninja, M|100/100|[from] U-turn
|-status|p1a: Greninja|psn
|
|-damage|p1a: Greninja|88/100 psn|[from] psn
|upkeep
|turn|10
|
|t:|1769293993
|switch|p2a: Dragapult|Dragapult, M, shiny, tera:Dragon|71/100 par
|move|p1a: Greninja|Dark Pulse|p2a: Dragapult
|-damage|p2a: Dragapult|14/100 par
|
|-damage|p1a: Greninja|76/100 psn|[from] psn
|upkeep
|turn|11
|
|t:|1769294003
|move|p1a: Greninja|Dark Pulse|p2a: Dragapult
|-damage|p2a: Dragapult|0 fnt
|faint|p2a: Dragapult
|-ability|p1a: Greninja|Battle Bond|boost
|-boost|p1a: Greninja|atk|1
|-boost|p1a: Greninja|spa|1
|-boost|p1a: Greninja|spe|1
|-activate|p1a: Greninja|ability: Battle Bond
|
|-damage|p1a: Greninja|64/100 psn|[from] psn
|upkeep
|
|t:|1769294013
|switch|p2a: Comfey|Comfey, M, shiny|100/100
|turn|12
|
|t:|1769294018
|move|p2a: Comfey|Draining Kiss|p1a: Greninja
|-supereffective|p1a: Greninja
|-damage|p1a: Greninja|0 fnt
|faint|p1a: Greninja
|-damage|p2a: Comfey|91/100|[from] item: Life Orb
|
|upkeep
|
|t:|1769294026
|switch|p1a: Corviknight|Corviknight, M|67/100
|turn|13
|
|t:|1769294034
|switch|p2a: Glimmora|Glimmora, M, shiny|43/100
|move|p1a: Corviknight|Defog|p2a: Glimmora
|-unboost|p2a: Glimmora|evasion|1
|-sideend|p1: monoev|Toxic Spikes|[from] move: Defog|[of] p1a: Corviknight
|
|upkeep
|turn|14
|
|t:|1769294041
|move|p2a: Glimmora|Power Gem|p1a: Corviknight
|-damage|p1a: Corviknight|35/100
|move|p1a: Corviknight|Roost|p1a: Corviknight
|-heal|p1a: Corviknight|85/100
|-singleturn|p1a: Corviknight|move: Roost
|
|upkeep
|turn|15
|
|t:|1769294045
|switch|p1a: Rhyperior|Rhyperior, M|100/100
|move|p2a: Glimmora|Stealth Rock|p1a: Rhyperior
|-sidestart|p1: monoev|move: Stealth Rock
|
|upkeep
|turn|16
|
|t:|1769294051
|move|p2a: Glimmora|Mortal Spin|p1a: Rhyperior
|-resisted|p1a: Rhyperior
|-damage|p1a: Rhyperior|99/100
|-status|p1a: Rhyperior|psn
|move|p1a: Rhyperior|Earthquake|p2a: Glimmora
|-supereffective|p2a: Glimmora
|-damage|p2a: Glimmora|0 fnt
|-activate|p2a: Glimmora|ability: Toxic Debris
|-sidestart|p1: monoev|move: Toxic Spikes
|faint|p2a: Glimmora
|
|-damage|p1a: Rhyperior|87/100 psn|[from] psn
|upkeep
|
|t:|1769294062
|switch|p2a: Blaziken|Blaziken, M, shiny|100/100
|turn|17
|
|t:|1769294075
|move|p2a: Blaziken|Protect|p2a: Blaziken
|-singleturn|p2a: Blaziken|Protect
|move|p1a: Rhyperior|Earthquake|p2a: Blaziken
|-activate|p2a: Blaziken|move: Protect
|
|-damage|p1a: Rhyperior|75/100 psn|[from] psn
|-ability|p2a: Blaziken|Speed Boost|boost
|-boost|p2a: Blaziken|spe|1
|upkeep
|turn|18
|
|t:|1769294090
|move|p2a: Blaziken|Close Combat|p1a: Rhyperior
|-supereffective|p1a: Rhyperior
|-damage|p1a: Rhyperior|0 fnt
|-unboost|p2a: Blaziken|def|1
|-unboost|p2a: Blaziken|spd|1
|faint|p1a: Rhyperior
|-damage|p2a: Blaziken|91/100|[from] item: Life Orb
|
|-ability|p2a: Blaziken|Speed Boost|boost
|-boost|p2a: Blaziken|spe|1
|upkeep
|
|t:|1769294096
|switch|p1a: Corviknight|Corviknight, M|85/100
|-damage|p1a: Corviknight|73/100|[from] Stealth Rock
|turn|19
|
|t:|1769294102
|move|p2a: Blaziken|Flare Blitz|p1a: Corviknight
|-supereffective|p1a: Corviknight
|-damage|p1a: Corviknight|0 fnt
|-damage|p2a: Blaziken|74/100|[from] item: Rocky Helmet|[of] p1a: Corviknight
|faint|p1a: Corviknight
|-damage|p2a: Blaziken|42/100|[from] Recoil
|-damage|p2a: Blaziken|32/100|[from] item: Life Orb
|
|-ability|p2a: Blaziken|Speed Boost|boost
|-boost|p2a: Blaziken|spe|1
|upkeep
|
|t:|1769294108
|switch|p1a: Ceruledge|Ceruledge, F, shiny|100/100
|-damage|p1a: Ceruledge|76/100|[from] Stealth Rock
|-status|p1a: Ceruledge|psn
|turn|20
|
|t:|1769294113
|move|p2a: Blaziken|Protect|p2a: Blaziken
|-singleturn|p2a: Blaziken|Protect
|move|p1a: Ceruledge|Bulk Up|p1a: Ceruledge
|-boost|p1a: Ceruledge|atk|1
|-boost|p1a: Ceruledge|def|1
|
|-heal|p1a: Ceruledge|82/100 psn|[from] item: Leftovers
|-damage|p1a: Ceruledge|70/100 psn|[from] psn
|-ability|p2a: Blaziken|Speed Boost|boost
|-boost|p2a: Blaziken|spe|1
|upkeep
|turn|21
|
|t:|1769294128
|move|p1a: Ceruledge|Shadow Sneak|p2a: Blaziken
|-damage|p2a: Blaziken|0 fnt
|faint|p2a: Blaziken
|
|-heal|p1a: Ceruledge|76/100 psn|[from] item: Leftovers
|-damage|p1a: Ceruledge|63/100 psn|[from] psn
|upkeep
|c|☆monoev|hey i know you may not care, but I think your team would be really really solid if it had a wall
|
|t:|1769294135
|switch|p2a: Ogerpon|Ogerpon-Wellspring, F|100/100
|turn|22
|c|☆monoev|its already hard to fight
|
|t:|1769294144
|-terastallize|p1a: Ceruledge|Bug
|move|p2a: Ogerpon|Ivy Cudgel|p1a: Ceruledge|[anim] Ivy Cudgel Water
|-damage|p1a: Ceruledge|10/100 psn
|move|p1a: Ceruledge|Bitter Blade|p2a: Ogerpon
|-damage|p2a: Ogerpon|3/100
|-heal|p1a: Ceruledge|61/100 psn|[from] drain|[of] p2a: Ogerpon
|
|-heal|p1a: Ceruledge|67/100 psn|[from] item: Leftovers
|-damage|p1a: Ceruledge|54/100 psn|[from] psn
|upkeep
|turn|23
|c|☆Pichonidas|honestly i feel it too
|inactive|Pichonidas has 120 seconds left.
|c|☆Pichonidas|but its kind of the point for it to be offensive
|c|☆Pichonidas|but u might be right
|c|☆monoev|I don't disagree
|
|t:|1769294200
|move|p1a: Ceruledge|Shadow Sneak|p2a: Ogerpon
|-damage|p2a: Ogerpon|0 fnt
|faint|p2a: Ogerpon
|
|-heal|p1a: Ceruledge|61/100 psn|[from] item: Leftovers
|-damage|p1a: Ceruledge|48/100 psn|[from] psn
|upkeep
|c|☆monoev|Thank you for not taking offense, good luck
|
|t:|1769294207
|switch|p2a: Comfey|Comfey, M, shiny|91/100
|turn|24
|
|t:|1769294209
|move|p2a: Comfey|Draining Kiss|p1a: Ceruledge
|-damage|p1a: Ceruledge|13/100 psn
|-heal|p2a: Comfey|100/100|[from] drain|[of] p1a: Ceruledge
|-damage|p2a: Comfey|91/100|[from] item: Life Orb
|move|p1a: Ceruledge|Bitter Blade|p2a: Comfey
|-damage|p2a: Comfey|12/100
|-heal|p1a: Ceruledge|54/100 psn|[from] drain|[of] p2a: Comfey
|
|-heal|p1a: Ceruledge|60/100 psn|[from] item: Leftovers
|-damage|p1a: Ceruledge|48/100 psn|[from] psn
|upkeep
|turn|25
|
|t:|1769294216
|move|p2a: Comfey|Draining Kiss|p1a: Ceruledge
|-damage|p1a: Ceruledge|15/100 psn
|-heal|p2a: Comfey|36/100|[from] drain|[of] p1a: Ceruledge
|-damage|p2a: Comfey|26/100|[from] item: Life Orb
|move|p1a: Ceruledge|Bitter Blade|p2a: Comfey
|-damage|p2a: Comfey|0 fnt
|-heal|p1a: Ceruledge|28/100 psn|[from] drain|[of] p2a: Comfey
|faint|p2a: Comfey
|
|-heal|p1a: Ceruledge|34/100 psn|[from] item: Leftovers
|-damage|p1a: Ceruledge|22/100 psn|[from] psn
|upkeep
|
|t:|1769294220
|switch|p2a: Kingambit|Kingambit, M, shiny|100/100
|-activate|p2a: Kingambit|ability: Supreme Overlord
|-start|p2a: Kingambit|fallen5|[silent]
|turn|26
|inactive|Pichonidas has 120 seconds left.
|c|☆Pichonidas|of course man thanks
|
|t:|1769294232
|move|p1a: Ceruledge|Shadow Sneak|p2a: Kingambit
|-resisted|p2a: Kingambit
|-damage|p2a: Kingambit|89/100
|move|p2a: Kingambit|Sucker Punch||[still]
|-fail|p2a: Kingambit
|
|-heal|p1a: Ceruledge|28/100 psn|[from] item: Leftovers
|-heal|p2a: Kingambit|95/100|[from] item: Leftovers
|-damage|p1a: Ceruledge|16/100 psn|[from] psn
|upkeep
|turn|27
|inactive|Pichonidas has 120 seconds left.
|
|t:|1769294238
|move|p2a: Kingambit|Sucker Punch|p1a: Ceruledge
|-damage|p1a: Ceruledge|0 fnt
|faint|p1a: Ceruledge
|
|-heal|p2a: Kingambit|100/100|[from] item: Leftovers
|upkeep
|
|t:|1769294243
|switch|p1a: Chansey|Chansey, F|100/100
|-damage|p1a: Chansey|88/100|[from] Stealth Rock
|-status|p1a: Chansey|psn
|turn|28
|
|t:|1769294247
|move|p2a: Kingambit|Swords Dance|p2a: Kingambit
|-boost|p2a: Kingambit|atk|2
|move|p1a: Chansey|Charm|p2a: Kingambit
|-unboost|p2a: Kingambit|atk|2
|
|-damage|p1a: Chansey|76/100 psn|[from] psn
|upkeep
|turn|29
|
|t:|1769294257
|move|p2a: Kingambit|Kowtow Cleave|p1a: Chansey
|-damage|p1a: Chansey|25/100 psn
|move|p1a: Chansey|Thunder Wave|p2a: Kingambit
|-status|p2a: Kingambit|par
|
|-damage|p1a: Chansey|13/100 psn|[from] psn
|upkeep
|turn|30
|
|t:|1769294264
|move|p1a: Chansey|Charm|p2a: Kingambit
|-unboost|p2a: Kingambit|atk|2
|move|p2a: Kingambit|Iron Head|p1a: Chansey
|-damage|p1a: Chansey|0 fnt
|faint|p1a: Chansey
|
|upkeep
|
|t:|1769294266
|switch|p1a: Dragapult|Dragapult, F|100/100
|-damage|p1a: Dragapult|88/100|[from] Stealth Rock
|-status|p1a: Dragapult|psn
|turn|31
|
|t:|1769294268
|move|p1a: Dragapult|Fire Blast|p2a: Kingambit
|-supereffective|p2a: Kingambit
|-damage|p2a: Kingambit|5/100 par
|move|p2a: Kingambit|Swords Dance|p2a: Kingambit
|-boost|p2a: Kingambit|atk|2
|
|-heal|p2a: Kingambit|11/100 par|[from] item: Leftovers
|-damage|p1a: Dragapult|76/100 psn|[from] psn
|upkeep
|turn|32
|c|☆monoev|ggwp
|
|t:|1769294274
|cant|p2a: Kingambit|par
|move|p1a: Dragapult|Fire Blast|p2a: Kingambit
|-supereffective|p2a: Kingambit
|-crit|p2a: Kingambit
|-damage|p2a: Kingambit|0 fnt
|faint|p2a: Kingambit
|-end|p2a: Kingambit|fallen5|[silent]
|
|win|monoev
|raw|monoev's rating: 1303 &rarr; <strong>1325</strong><br />(+22 for winning)
|raw|Pichonidas's rating: 1336 &rarr; <strong>1314</strong><br />(-22 for losing)
|c|☆monoev|i got very lucky
|c|☆Pichonidas|ggs man
|c|☆monoev|you deserved that
|c|☆monoev|ggs
|l|☆monoev
|player|p1|
|c|☆Pichonidas|have a nice day bro
|l|☆Pichonidas
|player|p2|
