|j|☆zahonidas
|j|☆clouddaearth
|t:|1769335518
|gametype|singles
|player|p1|zahonidas|170|1146
|player|p2|clouddaearth|170|1084
|gen|9
|tier|[Gen 9] OU
|rated|
|rule|HP Percentage Mod: HP is shown in percentages
|rule|Endless Battle Clause: Forcing endless battles is banned
|rule|Species Clause: Limit one of each Pokémon
|rule|OHKO Clause: OHKO moves are banned
|rule|Evasion Items Clause: Evasion items are banned
|rule|Evasion Moves Clause: Evasion moves are banned
|rule|Evasion Abilities Clause: Evasion abilities are banned
|rule|Sleep Moves Clause: Sleep-inducing moves are banned
|clearpoke
|poke|p1|Heracross, F|
|poke|p1|Quaquaval, F|
|poke|p1|Enamorus, F|
|poke|p1|Iron Moth|
|poke|p1|Raging Bolt|
|poke|p1|Tornadus-Therian, M|
|poke|p2|Flareon, F|
|poke|p2|Weezing, M|
|poke|p2|Dusknoir, F|
|poke|p2|Abomasnow, F|
|poke|p2|Slowking, M|
|poke|p2|Zoroark, M|
|teampreview
|inactive|Battle timer is ON: inactive players will automatically lose when time's up. (requested by clouddaearth)
|
|t:|1769335539
|teamsize|p1|6
|teamsize|p2|6
|start
|switch|p1a: Tornadus|Tornadus-Therian, M|100/100
|switch|p2a: Abomasnow|Abomasnow, F|100/100
|-weather|Snowscape|[from] ability: Snow Warning|[of] p2a: Abomasnow
|turn|1
|
|t:|1769335553
|move|p1a: Tornadus|Bleakwind Storm|p2a: Abomasnow
|-supereffective|p2a: Abomasnow
|-damage|p2a: Abomasnow|8/100
|move|p2a: Abomasnow|Blizzard|p1a: Tornadus
|-supereffective|p1a: Tornadus
|-damage|p1a: Tornadus|46/100
|
|-weather|Snowscape|[upkeep]
|upkeep
|turn|2
|
|t:|1769335565
|switch|p2a: Caesar|Weezing, M|100/100
|move|p1a: Tornadus|U-turn|p2a: Caesar
|-resisted|p2a: Caesar
|-damage|p2a: Caesar|94/100
|
|t:|1769335592
|switch|p1a: Iron Moth|Iron Moth|100/100|[from] U-turn
|-enditem|p1a: Iron Moth|Booster Energy
|-activate|p1a: Iron Moth|ability: Quark Drive|[fromitem]
|-start|p1a: Iron Moth|quarkdrivespe
|
|-weather|Snowscape|[upkeep]
|-heal|p2a: Caesar|99/100|[from] item: Black Sludge
|upkeep
|turn|3
|inactive|zahonidas has 120 seconds left.
|inactive|zahonidas has 90 seconds left.
|
|t:|1769335638
|switch|p2a: Col.Roy Mustang|Flareon, F|100/100
|move|p1a: Iron Moth|Fiery Dance|p2a: Col.Roy Mustang
|-resisted|p2a: Col.Roy Mustang
|-damage|p2a: Col.Roy Mustang|83/100
|-boost|p1a: Iron Moth|spa|1
|
|-weather|Snowscape|[upkeep]
|-status|p2a: Col.Roy Mustang|tox|[from] item: Toxic Orb
|upkeep
|turn|4
|
|t:|1769335649
|move|p1a: Iron Moth|Sludge Wave|p2a: Col.Roy Mustang
|-damage|p2a: Col.Roy Mustang|15/100 tox
|move|p2a: Col.Roy Mustang|Facade|p1a: Iron Moth
|-damage|p1a: Iron Moth|0 fnt
|faint|p1a: Iron Moth
|-end|p1a: Iron Moth|Quark Drive|[silent]
|
|-weather|Snowscape|[upkeep]
|-damage|p2a: Col.Roy Mustang|9/100 tox|[from] psn
|upkeep
|inactive|zahonidas has 90 seconds left.
|inactive|zahonidas has 60 seconds left.
|
|t:|1769335706
|switch|p1a: Quaquaval|Quaquaval, F|100/100
|turn|5
|
|t:|1769335710
|move|p2a: Col.Roy Mustang|Quick Attack|p1a: Quaquaval
|-damage|p1a: Quaquaval|71/100
|move|p1a: Quaquaval|Aqua Step|p2a: Col.Roy Mustang
|-supereffective|p2a: Col.Roy Mustang
|-damage|p2a: Col.Roy Mustang|0 fnt
|-boost|p1a: Quaquaval|spe|1
|faint|p2a: Col.Roy Mustang
|-ability|p1a: Quaquaval|Moxie|boost
|-boost|p1a: Quaquaval|atk|1
|
|-weather|none
|upkeep
|
|t:|1769335724
|switch|p2a: Caesar|Weezing, M|99/100
|turn|6
|inactive|zahonidas has 60 seconds left.
|
|t:|1769335740
|move|p1a: Quaquaval|Knock Off|p2a: Caesar
|-damage|p2a: Caesar|55/100
|-enditem|p2a: Caesar|Black Sludge|[from] move: Knock Off|[of] p1a: Quaquaval
|move|p2a: Caesar|Will-O-Wisp|p1a: Quaquaval
|-status|p1a: Quaquaval|brn
|
|-damage|p1a: Quaquaval|65/100 brn|[from] brn
|upkeep
|turn|7
|inactive|zahonidas has 60 seconds left.
|
|t:|1769335753
|move|p1a: Quaquaval|Aqua Step|p2a: Caesar
|-damage|p2a: Caesar|31/100
|-boost|p1a: Quaquaval|spe|1
|move|p2a: Caesar|Pain Split|p1a: Quaquaval
|-sethp|p1a: Quaquaval|49/100 brn|[from] move: Pain Split|[silent]
|-sethp|p2a: Caesar|46/100|[from] move: Pain Split
|
|-damage|p1a: Quaquaval|43/100 brn|[from] brn
|upkeep
|turn|8
|
|t:|1769335767
|move|p1a: Quaquaval|Aqua Step|p2a: Caesar
|-damage|p2a: Caesar|21/100
|-boost|p1a: Quaquaval|spe|1
|move|p2a: Caesar|Sludge Bomb|p1a: Quaquaval
|-damage|p1a: Quaquaval|21/100 brn
|
|-damage|p1a: Quaquaval|15/100 brn|[from] brn
|upkeep
|turn|9
|
|t:|1769335780
|switch|p2a: Slowking|Slowking, M|100/100
|move|p1a: Quaquaval|Aqua Step|p2a: Slowking
|-resisted|p2a: Slowking
|-damage|p2a: Slowking|91/100
|-boost|p1a: Quaquaval|spe|1
|
|-heal|p2a: Slowking|97/100|[from] item: Leftovers
|-damage|p1a: Quaquaval|9/100 brn|[from] brn
|upkeep
|turn|10
|
|t:|1769335793
|switch|p2a: Caesar|Weezing, M|21/100
|move|p1a: Quaquaval|Knock Off|p2a: Caesar
|-damage|p2a: Caesar|8/100
|
|-damage|p1a: Quaquaval|2/100 brn|[from] brn
|upkeep
|turn|11
|
|t:|1769335807
|move|p1a: Quaquaval|Knock Off|p2a: Caesar
|-damage|p2a: Caesar|0 fnt
|faint|p2a: Caesar
|-ability|p1a: Quaquaval|Moxie|boost
|-boost|p1a: Quaquaval|atk|1
|
|-damage|p1a: Quaquaval|0 fnt|[from] brn
|faint|p1a: Quaquaval
|upkeep
|
|t:|1769335819
|switch|p1a: Tornadus|Tornadus-Therian, M|79/100
|switch|p2a: M.Bison|Dusknoir, F|100/100
|-item|p1a: Tornadus|Assault Vest|[from] ability: Frisk|[of] p2a: M.Bison
|turn|12
|
|t:|1769335828
|move|p1a: Tornadus|Dark Pulse|p2a: M.Bison
|-supereffective|p2a: M.Bison
|-crit|p2a: M.Bison
|-damage|p2a: M.Bison|37/100
|move|p2a: M.Bison|Substitute|p2a: M.Bison
|-start|p2a: M.Bison|Substitute
|-damage|p2a: M.Bison|12/100
|
|-heal|p2a: M.Bison|18/100|[from] item: Leftovers
|upkeep
|turn|13
|
|t:|1769335838
|move|p1a: Tornadus|Dark Pulse|p2a: M.Bison
|-supereffective|p2a: M.Bison
|-end|p2a: M.Bison|Substitute
|move|p2a: M.Bison|Poltergeist|p1a: Tornadus
|-activate|p1a: Tornadus|move: Poltergeist|Assault Vest
|-damage|p1a: Tornadus|7/100
|
|-heal|p2a: M.Bison|24/100|[from] item: Leftovers
|upkeep
|turn|14
|
|t:|1769335850
|move|p2a: M.Bison|Shadow Sneak|p1a: Tornadus
|-damage|p1a: Tornadus|0 fnt
|faint|p1a: Tornadus
|
|-heal|p2a: M.Bison|30/100|[from] item: Leftovers
|upkeep
|
|t:|1769335856
|switch|p1a: Heracross|Heracross, F|100/100
|turn|15
|
|t:|1769335861
|move|p2a: M.Bison|Shadow Sneak|p1a: Heracross
|-damage|p1a: Heracross|75/100
|move|p1a: Heracross|Earthquake|p2a: M.Bison
|-damage|p2a: M.Bison|0 fnt
|faint|p2a: M.Bison
|-ability|p1a: Heracross|Moxie|boost
|-boost|p1a: Heracross|atk|1
|
|upkeep
|
|t:|1769335870
|switch|p2a: Slowking|Slowking, M|100/100
|turn|16
|
|t:|1769335881
|move|p2a: Slowking|Flamethrower|p1a: Heracross
|-supereffective|p1a: Heracross
|-damage|p1a: Heracross|26/100
|-status|p1a: Heracross|brn
|move|p1a: Heracross|Earthquake|p2a: Slowking
|-damage|p2a: Slowking|43/100
|replace|p2a: Zoroark|Zoroark, M
|-end|p2a: Zoroark|Illusion
|
|-damage|p1a: Heracross|20/100 brn|[from] brn
|upkeep
|turn|17
|
|t:|1769335893
|switch|p2a: Abomasnow|Abomasnow, F|8/100
|-weather|Snowscape|[from] ability: Snow Warning|[of] p2a: Abomasnow
|move|p1a: Heracross|Lunge|p2a: Abomasnow
|-supereffective|p2a: Abomasnow
|-damage|p2a: Abomasnow|0 fnt
|faint|p2a: Abomasnow
|-ability|p1a: Heracross|Moxie|boost
|-boost|p1a: Heracross|atk|1
|
|-weather|Snowscape|[upkeep]
|-damage|p1a: Heracross|14/100 brn|[from] brn
|upkeep
|
|t:|1769335906
|switch|p2a: Slowking|Slowking, M|43/100
|turn|18
|
|t:|1769335912
|move|p2a: Slowking|Sludge Bomb|p1a: Heracross
|-crit|p1a: Heracross
|-damage|p1a: Heracross|0 fnt
|faint|p1a: Heracross
|
|-weather|Snowscape|[upkeep]
|upkeep
|
|t:|1769335917
|switch|p1a: Raging Bolt|Raging Bolt|100/100
|-enditem|p1a: Raging Bolt|Booster Energy
|-activate|p1a: Raging Bolt|ability: Protosynthesis|[fromitem]
|-start|p1a: Raging Bolt|protosynthesisspa
|turn|19
|
|t:|1769335926
|move|p2a: Slowking|Sludge Bomb|p1a: Raging Bolt
|-damage|p1a: Raging Bolt|77/100
|move|p1a: Raging Bolt|Calm Mind|p1a: Raging Bolt
|-boost|p1a: Raging Bolt|spa|1
|-boost|p1a: Raging Bolt|spd|1
|
|-weather|Snowscape|[upkeep]
|upkeep
|turn|20
|inactive|zahonidas has 120 seconds left.
|inactive|zahonidas has 90 seconds left.
|
|t:|1769335976
|move|p1a: Raging Bolt|Thunderclap|p2a: Slowking
|-damage|p2a: Slowking|0 fnt
|replace|p2a: Zoroark|Zoroark, M
|-end|p2a: Zoroark|Illusion
|faint|p2a: Zoroark
|
|-weather|Snowscape|[upkeep]
|upkeep
|
|t:|1769335989
|switch|p2a: Slowking|Slowking, M|100/100
|turn|21
|
|t:|1769335998
|-terastallize|p2a: Slowking|Water
|move|p1a: Raging Bolt|Dragon Pulse|p2a: Slowking
|-damage|p2a: Slowking|22/100
|move|p2a: Slowking|Trick Room|p2a: Slowking
|-fieldstart|move: Trick Room|[of] p2a: Slowking
|
|-weather|none
|-heal|p2a: Slowking|28/100|[from] item: Leftovers
|upkeep
|turn|22
|
|t:|1769336009
|move|p2a: Slowking|Psychic|p1a: Raging Bolt
|-damage|p1a: Raging Bolt|59/100
|move|p1a: Raging Bolt|Ancient Power|p2a: Slowking
|-damage|p2a: Slowking|0 fnt
|faint|p2a: Slowking
|
|win|zahonidas
|raw|zahonidas's rating: 1146 &rarr; <strong>1167</strong><br />(+21 for winning)
|raw|clouddaearth's rating: 1084 &rarr; <strong>1065</strong><br />(-19 for losing)
|l|☆clouddaearth
|player|p2|
|l|☆zahonidas
|player|p1|
