|j|☆Blazer52637
|j|☆Mxlphxs
|t:|1769341965
|gametype|singles
|player|p1|Blazer52637|juggler|1079
|player|p2|Mxlphxs|veteran|1126
|gen|9
|tier|[Gen 9] OU
|rated|
|rule|HP Percentage Mod: HP is shown in percentages
|rule|Endless Battle Clause: Forcing endless battles is banned
|rule|Species Clause: Limit one of each Pokémon
|rule|OHKO Clause: OHKO moves are banned
|rule|Evasion Items Clause: Evasion items are banned
|rule|Evasion Moves Clause: Evasion moves are banned
|rule|Evasion Abilities Clause: Evasion abilities are banned
|rule|Sleep Moves Clause: Sleep-inducing moves are banned
|clearpoke
|poke|p1|Tyranitar, M|
|poke|p1|Whimsicott, L1, F|
|poke|p1|Reuniclus, M|
|poke|p1|Ribombee, M|
|poke|p1|Clawitzer, F|
|poke|p1|Golem-Alola, M|
|poke|p2|Dragonite, M|
|poke|p2|Gliscor, M|
|poke|p2|Corviknight, M|
|poke|p2|Slowking-Galar, F|
|poke|p2|Ursaluna, M|
|poke|p2|Clefable, M|
|teampreview
|
|t:|1769341981
|teamsize|p1|6
|teamsize|p2|6
|start
|switch|p1a: Pooky|Ribombee, M, shiny|100/100
|switch|p2a: Slowking|Slowking-Galar, F|100/100
|turn|1
|
|t:|1769341988
|move|p1a: Pooky|Sticky Web|p2a: Slowking
|-sidestart|p2: Mxlphxs|move: Sticky Web
|move|p2a: Slowking|Sludge Bomb|p1a: Pooky
|-supereffective|p1a: Pooky
|-damage|p1a: Pooky|0 fnt
|faint|p1a: Pooky
|
|upkeep
|
|t:|1769341994
|switch|p1a: Atom|Reuniclus, M, shiny|100/100
|turn|2
|
|t:|1769342001
|move|p1a: Atom|Calm Mind|p1a: Atom
|-boost|p1a: Atom|spa|1
|-boost|p1a: Atom|spd|1
|move|p2a: Slowking|Sludge Bomb|p1a: Atom
|-damage|p1a: Atom|80/100
|-status|p1a: Atom|psn
|
|upkeep
|turn|3
|
|t:|1769342020
|move|p1a: Atom|Calm Mind|p1a: Atom
|-boost|p1a: Atom|spa|1
|-boost|p1a: Atom|spd|1
|move|p2a: Slowking|Future Sight|p1a: Atom
|-start|p2a: Slowking|move: Future Sight
|
|upkeep
|turn|4
|
|t:|1769342027
|move|p1a: Atom|Calm Mind|p1a: Atom
|-boost|p1a: Atom|spa|1
|-boost|p1a: Atom|spd|1
|-prepare|p2a: Slowking|Chilly Reception|[premajor]
|move|p2a: Slowking|Chilly Reception|p2a: Slowking
|-weather|Snowscape
|
|t:|1769342036
|switch|p2a: Ursaluna|Ursaluna, M|100/100|[from] Chilly Reception
|-activate|p2a: Ursaluna|move: Sticky Web
|-unboost|p2a: Ursaluna|spe|1
|
|-weather|Snowscape|[upkeep]
|-status|p2a: Ursaluna|brn|[from] item: Flame Orb
|upkeep
|turn|5
|
|t:|1769342049
|move|p2a: Ursaluna|Headlong Rush|p1a: Atom
|-damage|p1a: Atom|0 fnt
|-unboost|p2a: Ursaluna|def|1
|-unboost|p2a: Ursaluna|spd|1
|faint|p1a: Atom
|
|-weather|Snowscape|[upkeep]
|-hint|Future Sight did not hit because the target is fainted.
|-damage|p2a: Ursaluna|94/100 brn|[from] brn
|upkeep
|
|t:|1769342057
|switch|p1a: Pocket Lint|Whimsicott, L1, F, shiny|100/100
|turn|6
|
|t:|1769342079
|switch|p2a: Slowking|Slowking-Galar, F|100/100
|-activate|p2a: Slowking|move: Sticky Web
|-unboost|p2a: Slowking|spe|1
|move|p1a: Pocket Lint|Leech Seed|p2a: Slowking
|-start|p2a: Slowking|move: Leech Seed
|
|-weather|Snowscape|[upkeep]
|-damage|p2a: Slowking|88/100|[from] Leech Seed|[of] p1a: Pocket Lint
|upkeep
|turn|7
|
|t:|1769342088
|move|p1a: Pocket Lint|Substitute|p1a: Pocket Lint
|-start|p1a: Pocket Lint|Substitute
|-damage|p1a: Pocket Lint|77/100
|move|p2a: Slowking|Sludge Bomb|p1a: Pocket Lint
|-supereffective|p1a: Pocket Lint
|-end|p1a: Pocket Lint|Substitute
|
|-weather|Snowscape|[upkeep]
|-heal|p2a: Slowking|94/100|[from] item: Leftovers
|-damage|p2a: Slowking|82/100|[from] Leech Seed|[of] p1a: Pocket Lint
|-heal|p1a: Pocket Lint|100/100|[silent]
|upkeep
|turn|8
|
|t:|1769342097
|move|p1a: Pocket Lint|Substitute|p1a: Pocket Lint
|-start|p1a: Pocket Lint|Substitute
|-damage|p1a: Pocket Lint|77/100
|move|p2a: Slowking|Sludge Bomb|p1a: Pocket Lint
|-supereffective|p1a: Pocket Lint
|-end|p1a: Pocket Lint|Substitute
|
|-weather|none
|-heal|p2a: Slowking|88/100|[from] item: Leftovers
|-damage|p2a: Slowking|75/100|[from] Leech Seed|[of] p1a: Pocket Lint
|-heal|p1a: Pocket Lint|100/100|[silent]
|upkeep
|turn|9
|c|☆Mxlphxs|really...
|
|t:|1769342106
|move|p1a: Pocket Lint|Substitute|p1a: Pocket Lint
|-start|p1a: Pocket Lint|Substitute
|-damage|p1a: Pocket Lint|77/100
|move|p2a: Slowking|Sludge Bomb|p1a: Pocket Lint
|-supereffective|p1a: Pocket Lint
|-end|p1a: Pocket Lint|Substitute
|
|-heal|p2a: Slowking|81/100|[from] item: Leftovers
|-damage|p2a: Slowking|69/100|[from] Leech Seed|[of] p1a: Pocket Lint
|-heal|p1a: Pocket Lint|100/100|[silent]
|upkeep
|turn|10
|c|☆Blazer52637|ye
|c|☆Mxlphxs|Substitute spam is for the most degenerate nerdy losers
|
|t:|1769342125
|move|p1a: Pocket Lint|Substitute|p1a: Pocket Lint
|-start|p1a: Pocket Lint|Substitute
|-damage|p1a: Pocket Lint|77/100
|move|p2a: Slowking|Sludge Bomb|p1a: Pocket Lint
|-supereffective|p1a: Pocket Lint
|-end|p1a: Pocket Lint|Substitute
|
|-heal|p2a: Slowking|75/100|[from] item: Leftovers
|-damage|p2a: Slowking|63/100|[from] Leech Seed|[of] p1a: Pocket Lint
|-heal|p1a: Pocket Lint|100/100|[silent]
|upkeep
|turn|11
|c|☆Blazer52637|you would know huh
|c|☆Mxlphxs|do yourself a favor and grow some balls irl
|c|☆Blazer52637|nah
|c|☆Blazer52637|balls are scary
|c|☆Mxlphxs|my god youre do dogshit and then you do this
|c|☆Mxlphxs|u sacked Rimbombee without a sash, u sacked Reuniclas after 3 calm minds
|c|☆Blazer52637|cry harder
|c|☆Mxlphxs|and now you do this
|c|☆Mxlphxs|you are the worst and saddest player ive ever met in this game
|c|☆Blazer52637|true
|
|t:|1769342188
|move|p1a: Pocket Lint|Substitute|p1a: Pocket Lint
|-start|p1a: Pocket Lint|Substitute
|-damage|p1a: Pocket Lint|77/100
|move|p2a: Slowking|Sludge Bomb|p1a: Pocket Lint
|-supereffective|p1a: Pocket Lint
|-end|p1a: Pocket Lint|Substitute
|
|-heal|p2a: Slowking|69/100|[from] item: Leftovers
|-damage|p2a: Slowking|56/100|[from] Leech Seed|[of] p1a: Pocket Lint
|-heal|p1a: Pocket Lint|100/100|[silent]
|upkeep
|turn|12
|
|t:|1769342201
|move|p1a: Pocket Lint|Substitute|p1a: Pocket Lint
|-start|p1a: Pocket Lint|Substitute
|-damage|p1a: Pocket Lint|77/100
|move|p2a: Slowking|Sludge Bomb|p1a: Pocket Lint
|-supereffective|p1a: Pocket Lint
|-end|p1a: Pocket Lint|Substitute
|
|-heal|p2a: Slowking|62/100|[from] item: Leftovers
|-damage|p2a: Slowking|50/100|[from] Leech Seed|[of] p1a: Pocket Lint
|-heal|p1a: Pocket Lint|100/100|[silent]
|upkeep
|turn|13
|
|t:|1769342210
|move|p2a: Slowking|Slack Off|p2a: Slowking
|-heal|p2a: Slowking|99/100
|move|p1a: Pocket Lint|Endeavor|p2a: Slowking
|-damage|p2a: Slowking|4/100
|
|-heal|p2a: Slowking|10/100|[from] item: Leftovers
|-damage|p2a: Slowking|0 fnt|[from] Leech Seed|[of] p1a: Pocket Lint
|faint|p2a: Slowking
|upkeep
|c|☆Blazer52637|LMAO
|c|☆Mxlphxs|enjoy mate i dont give a fuck about this dumb game
|c|☆Blazer52637|sure you don't
|inactive|Battle timer is ON: inactive players will automatically lose when time's up. (requested by Blazer52637)
|c|☆Mxlphxs|nope next
|c|☆Mxlphxs|u too boring
|c|☆Blazer52637|that's definitely why you're on showdown at 4 in the morning complaining about my strats
|inactive|Mxlphxs has 120 seconds left.
|c|☆Blazer52637|not caring
|c|☆Blazer52637|100%
|c|☆Blazer52637|I believe you
|c|☆Mxlphxs|u should look at yourself mate
|c|☆Mxlphxs|u play so bad yet so desperate its just sad
|inactive|Mxlphxs has 90 seconds left.
|c|☆Mxlphxs|what kind of ugly boring nerd life do you have
|c|☆Blazer52637|what kind do you have
|inactive|Mxlphxs has 60 seconds left.
|inactive|Mxlphxs has 30 seconds left.
|inactive|Mxlphxs has 20 seconds left.
|inactive|Mxlphxs has 15 seconds left.
|inactive|Mxlphxs has 10 seconds left.
|inactive|Mxlphxs has 5 seconds left.
|c|☆Blazer52637|gg mate, cry to someone who cares
|-message|Mxlphxs lost due to inactivity.
|
|win|Blazer52637
|raw|Blazer52637's rating: 1079 &rarr; <strong>1111</strong><br />(+32 for winning)
|raw|Mxlphxs's rating: 1126 &rarr; <strong>1098</strong><br />(-28 for losing)
