|j|☆icouldcrithere
|j|☆WelcomToZaun
|t:|1769356231
|gametype|singles
|player|p1|icouldcrithere|hilbert|1415
|player|p2|WelcomToZaun|101|1414
|gen|9
|tier|[Gen 9] OU
|rated|
|rule|HP Percentage Mod: HP is shown in percentages
|rule|Endless Battle Clause: Forcing endless battles is banned
|rule|Species Clause: Limit one of each Pokémon
|rule|OHKO Clause: OHKO moves are banned
|rule|Evasion Items Clause: Evasion items are banned
|rule|Evasion Moves Clause: Evasion moves are banned
|rule|Evasion Abilities Clause: Evasion abilities are banned
|rule|Sleep Moves Clause: Sleep-inducing moves are banned
|clearpoke
|poke|p1|Primarina, F|
|poke|p1|Corviknight, F|
|poke|p1|Clodsire, F|
|poke|p1|Great Tusk|
|poke|p1|Darkrai|
|poke|p1|Ogerpon, F|
|poke|p2|Dragonite, M|
|poke|p2|Great Tusk|
|poke|p2|Enamorus, F|
|poke|p2|Meowscarada, M|
|poke|p2|Goodra-Hisui, F|
|poke|p2|Arcanine-Hisui, M|
|teampreview
|
|t:|1769356244
|teamsize|p1|6
|teamsize|p2|6
|start
|switch|p1a: Sir.Goliath|Corviknight, F|100/100
|switch|p2a: Dragonite|Dragonite, M|100/100
|-ability|p1a: Sir.Goliath|Pressure
|turn|1
|inactive|Battle timer is ON: inactive players will automatically lose when time's up. (requested by WelcomToZaun)
|
|t:|1769356252
|move|p2a: Dragonite|Flamethrower|p1a: Sir.Goliath
|-supereffective|p1a: Sir.Goliath
|-damage|p1a: Sir.Goliath|61/100
|move|p1a: Sir.Goliath|U-turn|p2a: Dragonite
|-resisted|p2a: Dragonite
|-damage|p2a: Dragonite|97/100
|
|t:|1769356261
|switch|p1a: Blonde Blazer|Primarina, F, shiny|100/100|[from] U-turn
|
|upkeep
|turn|2
|
|t:|1769356266
|switch|p2a: Goodra|Goodra-Hisui, F|100/100
|move|p1a: Blonde Blazer|Moonblast|p2a: Goodra
|-damage|p2a: Goodra|77/100
|-unboost|p2a: Goodra|spa|1
|
|upkeep
|turn|3
|
|t:|1769356274
|move|p1a: Blonde Blazer|Whirlpool|p2a: Goodra
|-resisted|p2a: Goodra
|-damage|p2a: Goodra|72/100
|-activate|p2a: Goodra|move: Whirlpool|[of] p1a: Blonde Blazer
|move|p2a: Goodra|Thunderbolt|p1a: Blonde Blazer
|-supereffective|p1a: Blonde Blazer
|-crit|p1a: Blonde Blazer
|-damage|p1a: Blonde Blazer|12/100
|
|-heal|p1a: Blonde Blazer|18/100|[from] item: Leftovers
|-damage|p2a: Goodra|60/100|[from] move: Whirlpool|[partiallytrapped]
|upkeep
|turn|4
|c|☆icouldcrithere|Bruhh
|
|t:|1769356294
|switch|p1a: MyBoy|Clodsire, F|100/100
|move|p2a: Goodra|Thunderbolt|p1a: MyBoy
|-immune|p1a: MyBoy
|
|-end|p2a: Goodra|Whirlpool|[partiallytrapped]|[silent]
|upkeep
|turn|5
|
|t:|1769356301
|switch|p2a: Great Tusk|Great Tusk|100/100
|move|p1a: MyBoy|Spikes|p2a: Great Tusk
|-sidestart|p2: WelcomToZaun|Spikes
|
|upkeep
|turn|6
|
|t:|1769356311
|switch|p1a: GiantTeeth|Great Tusk|100/100
|move|p2a: Great Tusk|Rapid Spin|p1a: GiantTeeth
|-damage|p1a: GiantTeeth|91/100
|-boost|p2a: Great Tusk|spe|1
|-sideend|p2: WelcomToZaun|Spikes|[from] move: Rapid Spin|[of] p2a: Great Tusk
|
|-heal|p1a: GiantTeeth|97/100|[from] item: Leftovers
|upkeep
|turn|7
|
|t:|1769356321
|move|p2a: Great Tusk|Knock Off|p1a: GiantTeeth
|-resisted|p1a: GiantTeeth
|-damage|p1a: GiantTeeth|89/100
|-enditem|p1a: GiantTeeth|Leftovers|[from] move: Knock Off|[of] p2a: Great Tusk
|move|p1a: GiantTeeth|Ice Spinner|p2a: Great Tusk
|-supereffective|p2a: Great Tusk
|-damage|p2a: Great Tusk|65/100
|
|upkeep
|turn|8
|
|t:|1769356332
|move|p2a: Great Tusk|Headlong Rush|p1a: GiantTeeth
|-damage|p1a: GiantTeeth|55/100
|-unboost|p2a: Great Tusk|def|1
|-unboost|p2a: Great Tusk|spd|1
|move|p1a: GiantTeeth|Ice Spinner|p2a: Great Tusk
|-supereffective|p2a: Great Tusk
|-damage|p2a: Great Tusk|13/100
|
|upkeep
|turn|9
|
|t:|1769356343
|-end|p1a: GiantTeeth|Protosynthesis|[silent]
|switch|p1a: Blonde Blazer|Primarina, F, shiny|18/100
|move|p2a: Great Tusk|Close Combat|p1a: Blonde Blazer
|-resisted|p1a: Blonde Blazer
|-damage|p1a: Blonde Blazer|0 fnt
|-unboost|p2a: Great Tusk|def|1
|-unboost|p2a: Great Tusk|spd|1
|faint|p1a: Blonde Blazer
|
|upkeep
|
|t:|1769356354
|switch|p1a: Sir.Goliath|Corviknight, F|61/100
|-ability|p1a: Sir.Goliath|Pressure
|turn|10
|
|t:|1769356359
|move|p2a: Great Tusk|Close Combat|p1a: Sir.Goliath
|-damage|p1a: Sir.Goliath|10/100
|-unboost|p2a: Great Tusk|def|1
|-unboost|p2a: Great Tusk|spd|1
|-damage|p2a: Great Tusk|0 fnt|[from] item: Rocky Helmet|[of] p1a: Sir.Goliath
|faint|p2a: Great Tusk
|-end|p2a: Great Tusk|Protosynthesis|[silent]
|move|p1a: Sir.Goliath|Roost|p1a: Sir.Goliath
|-heal|p1a: Sir.Goliath|60/100
|-singleturn|p1a: Sir.Goliath|move: Roost
|
|upkeep
|
|t:|1769356367
|switch|p2a: Arcanine|Arcanine-Hisui, M|100/100
|turn|11
|
|t:|1769356385
|switch|p1a: GiantTeeth|Great Tusk|55/100
|move|p2a: Arcanine|Flare Blitz|p1a: GiantTeeth
|-damage|p1a: GiantTeeth|7/100
|
|upkeep
|turn|12
|
|t:|1769356392
|move|p2a: Arcanine|Flare Blitz|p1a: GiantTeeth
|-damage|p1a: GiantTeeth|0 fnt
|faint|p1a: GiantTeeth
|-end|p1a: GiantTeeth|Protosynthesis|[silent]
|
|upkeep
|
|t:|1769356403
|switch|p1a: Petite-Bonkerstyle|Ogerpon, F|100/100
|turn|13
|
|t:|1769356410
|switch|p2a: Goodra|Goodra-Hisui, F|60/100
|-terastallize|p1a: Petite-Bonkerstyle|Grass
|detailschange|p1a: Petite-Bonkerstyle|Ogerpon-Teal-Tera, F, tera:Grass
|-ability|p1a: Petite-Bonkerstyle|Embody Aspect (Teal)|boost
|-boost|p1a: Petite-Bonkerstyle|spe|1
|move|p1a: Petite-Bonkerstyle|Ivy Cudgel|p2a: Goodra
|-ability|p2a: Goodra|Sap Sipper|boost
|-boost|p2a: Goodra|atk|1
|
|upkeep
|turn|14
|
|t:|1769356422
|switch|p1a: MyBoy|Clodsire, F|100/100
|move|p2a: Goodra|Flamethrower|p1a: MyBoy
|-damage|p1a: MyBoy|79/100
|
|upkeep
|turn|15
|
|t:|1769356428
|move|p2a: Goodra|Flash Cannon|p1a: MyBoy
|-damage|p1a: MyBoy|47/100
|move|p1a: MyBoy|Spikes|p2a: Goodra
|-sidestart|p2: WelcomToZaun|Spikes
|
|upkeep
|turn|16
|
|t:|1769356434
|move|p2a: Goodra|Flash Cannon|p1a: MyBoy
|-damage|p1a: MyBoy|18/100
|move|p1a: MyBoy|Recover|p1a: MyBoy
|-heal|p1a: MyBoy|68/100
|
|upkeep
|turn|17
|
|t:|1769356440
|move|p2a: Goodra|Flash Cannon|p1a: MyBoy
|-damage|p1a: MyBoy|40/100
|move|p1a: MyBoy|Recover|p1a: MyBoy
|-heal|p1a: MyBoy|90/100
|
|upkeep
|turn|18
|
|t:|1769356456
|move|p2a: Goodra|Flash Cannon|p1a: MyBoy
|-damage|p1a: MyBoy|58/100
|move|p1a: MyBoy|Earthquake|p2a: Goodra
|-supereffective|p2a: Goodra
|-crit|p2a: Goodra
|-damage|p2a: Goodra|0 fnt
|faint|p2a: Goodra
|
|upkeep
|
|t:|1769356467
|switch|p2a: Arcanine|Arcanine-Hisui, M|100/100
|-damage|p2a: Arcanine|88/100|[from] Spikes
|turn|19
|
|t:|1769356473
|move|p2a: Arcanine|Flare Blitz|p1a: MyBoy
|-damage|p1a: MyBoy|0 fnt
|-damage|p2a: Arcanine|71/100|[from] item: Rocky Helmet|[of] p1a: MyBoy
|faint|p1a: MyBoy
|
|upkeep
|
|t:|1769356479
|switch|p1a: Petite-Bonkerstyle|Ogerpon-Teal-Tera, F, tera:Grass|100/100
|-ability|p1a: Petite-Bonkerstyle|Embody Aspect (Teal)|boost
|-boost|p1a: Petite-Bonkerstyle|spe|1
|turn|20
|
|t:|1769356483
|-terastallize|p2a: Arcanine|Fire
|move|p1a: Petite-Bonkerstyle|Rock Tomb|p2a: Arcanine
|-supereffective|p2a: Arcanine
|-damage|p2a: Arcanine|0 fnt
|faint|p2a: Arcanine
|
|upkeep
|
|t:|1769356491
|switch|p2a: Meowscarada|Meowscarada, M|100/100
|turn|21
|
|t:|1769356498
|switch|p1a: Sir.Goliath|Corviknight, F|60/100
|-ability|p1a: Sir.Goliath|Pressure
|move|p2a: Meowscarada|U-turn|p1a: Sir.Goliath
|-start|p2a: Meowscarada|typechange|Bug|[from] ability: Protean
|-resisted|p1a: Sir.Goliath
|-damage|p1a: Sir.Goliath|54/100
|-damage|p2a: Meowscarada|84/100|[from] item: Rocky Helmet|[of] p1a: Sir.Goliath
|
|t:|1769356502
|switch|p2a: Dragonite|Dragonite, M|97/100|[from] U-turn
|
|upkeep
|turn|22
|
|t:|1769356515
|move|p2a: Dragonite|Flamethrower|p1a: Sir.Goliath
|-supereffective|p1a: Sir.Goliath
|-damage|p1a: Sir.Goliath|17/100
|move|p1a: Sir.Goliath|U-turn|p2a: Dragonite
|-resisted|p2a: Dragonite
|-damage|p2a: Dragonite|89/100
|
|t:|1769356525
|switch|p1a: Haxxmaxxing|Darkrai|100/100|[from] U-turn
|
|upkeep
|turn|23
|
|t:|1769356534
|move|p1a: Haxxmaxxing|Dark Pulse|p2a: Dragonite
|-damage|p2a: Dragonite|26/100
|move|p2a: Dragonite|Hurricane|p1a: Haxxmaxxing|[miss]
|-miss|p2a: Dragonite|p1a: Haxxmaxxing
|
|upkeep
|turn|24
|
|t:|1769356541
|move|p1a: Haxxmaxxing|Dark Pulse|p2a: Dragonite
|-damage|p2a: Dragonite|0 fnt
|faint|p2a: Dragonite
|
|upkeep
|
|t:|1769356543
|switch|p2a: Enamorus|Enamorus, F|100/100
|turn|25
|
|t:|1769356555
|switch|p1a: Petite-Bonkerstyle|Ogerpon-Teal-Tera, F, tera:Grass|100/100
|-ability|p1a: Petite-Bonkerstyle|Embody Aspect (Teal)|boost
|-boost|p1a: Petite-Bonkerstyle|spe|1
|move|p2a: Enamorus|Moonblast|p1a: Petite-Bonkerstyle
|-damage|p1a: Petite-Bonkerstyle|34/100
|
|upkeep
|turn|26
|
|t:|1769356569
|move|p1a: Petite-Bonkerstyle|Ivy Cudgel|p2a: Enamorus
|-resisted|p2a: Enamorus
|-damage|p2a: Enamorus|28/100
|move|p2a: Enamorus|Moonblast|p1a: Petite-Bonkerstyle
|-damage|p1a: Petite-Bonkerstyle|0 fnt
|faint|p1a: Petite-Bonkerstyle
|detailschange|p1: Petite-Bonkerstyle|Ogerpon, F|[silent]
|
|upkeep
|
|t:|1769356577
|switch|p1a: Sir.Goliath|Corviknight, F|17/100
|-ability|p1a: Sir.Goliath|Pressure
|turn|27
|
|t:|1769356583
|move|p2a: Enamorus|Moonblast|p1a: Sir.Goliath
|-resisted|p1a: Sir.Goliath
|-damage|p1a: Sir.Goliath|0 fnt
|faint|p1a: Sir.Goliath
|
|upkeep
|
|t:|1769356588
|switch|p1a: Haxxmaxxing|Darkrai|100/100
|turn|28
|
|t:|1769356592
|move|p2a: Enamorus|Moonblast|p1a: Haxxmaxxing
|-supereffective|p1a: Haxxmaxxing
|-damage|p1a: Haxxmaxxing|0 fnt
|faint|p1a: Haxxmaxxing
|
|win|WelcomToZaun
|raw|icouldcrithere's rating: 1415 &rarr; <strong>1395</strong><br />(-20 for losing)
|raw|WelcomToZaun's rating: 1414 &rarr; <strong>1434</strong><br />(+20 for winning)
|l|☆icouldcrithere
|player|p1|
|l|☆WelcomToZaun
|player|p2|
