|j|☆I still miss her
|j|☆Spartior1
|t:|1769322635
|gametype|singles
|player|p1|I still miss her|n|1406
|player|p2|Spartior1|1|1356
|gen|9
|tier|[Gen 9] OU
|rated|
|rule|HP Percentage Mod: HP is shown in percentages
|rule|Endless Battle Clause: Forcing endless battles is banned
|rule|Species Clause: Limit one of each Pokémon
|rule|OHKO Clause: OHKO moves are banned
|rule|Evasion Items Clause: Evasion items are banned
|rule|Evasion Moves Clause: Evasion moves are banned
|rule|Evasion Abilities Clause: Evasion abilities are banned
|rule|Sleep Moves Clause: Sleep-inducing moves are banned
|clearpoke
|poke|p1|Toucannon, M|
|poke|p1|Dragonite, M|
|poke|p1|Zamazenta-*|
|poke|p1|Iron Treads|
|poke|p1|Zapdos|
|poke|p1|Primarina, F|
|poke|p2|Indeedee, M|
|poke|p2|Hatterene, F|
|poke|p2|Ursaluna, M|
|poke|p2|Iron Hands|
|poke|p2|Hoopa-Unbound|
|poke|p2|Mimikyu, M|
|teampreview
|inactive|Battle timer is ON: inactive players will automatically lose when time's up. (requested by Spartior1)
|
|t:|1769322667
|teamsize|p1|6
|teamsize|p2|6
|start
|switch|p1a: Toucannon|Toucannon, M|100/100
|switch|p2a: Indeedee|Indeedee, M|100/100
|-fieldstart|move: Psychic Terrain|[from] ability: Psychic Surge|[of] p2a: Indeedee
|turn|1
|inactive|Spartior1 has 120 seconds left.
|
|t:|1769322702
|move|p1a: Toucannon|Knock Off|p2a: Indeedee
|-supereffective|p2a: Indeedee
|-damage|p2a: Indeedee|19/100
|-enditem|p2a: Indeedee|Terrain Extender|[from] move: Knock Off|[of] p1a: Toucannon
|move|p2a: Indeedee|Trick Room|p2a: Indeedee
|-fieldstart|move: Trick Room|[of] p2a: Indeedee
|
|upkeep
|turn|2
|inactive|I still miss her has 120 seconds left.
|
|t:|1769322738
|move|p1a: Toucannon|Bullet Seed|p2a: Indeedee
|-damage|p2a: Indeedee|9/100
|-damage|p2a: Indeedee|0 fnt
|faint|p2a: Indeedee
|-hitcount|p2: Indeedee|2
|
|upkeep
|inactive|Spartior1 has 120 seconds left.
|
|t:|1769322749
|switch|p2a: Hoopa|Hoopa-Unbound|100/100
|-enditem|p2a: Hoopa|Psychic Seed
|-boost|p2a: Hoopa|spd|1|[from] item: Psychic Seed
|turn|3
|
|t:|1769322757
|-singleturn|p1a: Toucannon|move: Beak Blast
|move|p2a: Hoopa|Expanding Force|p1a: Toucannon
|-damage|p1a: Toucannon|22/100
|-item|p2a: Hoopa|Assault Vest|[from] ability: Magician|[of] p1a: Toucannon
|move|p1a: Toucannon|Beak Blast|p2a: Hoopa
|-damage|p2a: Hoopa|34/100
|
|upkeep
|turn|4
|
|t:|1769322771
|switch|p1a: Primarina|Primarina, F|100/100
|move|p2a: Hoopa|Expanding Force|p1a: Primarina
|-damage|p1a: Primarina|48/100
|
|upkeep
|turn|5
|
|t:|1769322778
|switch|p1a: Iron Treads|Iron Treads|100/100
|-item|p1a: Iron Treads|Air Balloon
|move|p2a: Hoopa|Expanding Force|p1a: Iron Treads
|-resisted|p1a: Iron Treads
|-damage|p1a: Iron Treads|32/100
|-enditem|p1a: Iron Treads|Air Balloon
|
|-fieldend|move: Trick Room
|upkeep
|turn|6
|
|t:|1769322786
|move|p1a: Iron Treads|Knock Off|p2a: Hoopa
|-damage|p2a: Hoopa|4/100
|-enditem|p2a: Hoopa|Assault Vest|[from] move: Knock Off|[of] p1a: Iron Treads
|move|p2a: Hoopa|Expanding Force|p1a: Iron Treads
|-resisted|p1a: Iron Treads
|-damage|p1a: Iron Treads|0 fnt
|faint|p1a: Iron Treads
|-end|p1a: Iron Treads|Quark Drive|[silent]
|
|upkeep
|
|t:|1769322791
|switch|p1a: Toucannon|Toucannon, M|22/100
|turn|7
|
|t:|1769322794
|move|p1a: Toucannon|Knock Off|p2a: Hoopa
|-damage|p2a: Hoopa|0 fnt
|faint|p2a: Hoopa
|
|upkeep
|
|t:|1769322799
|switch|p2a: Hatterene|Hatterene, F|100/100
|turn|8
|
|t:|1769322804
|move|p1a: Toucannon|Bullet Seed|p2a: Hatterene
|-damage|p2a: Hatterene|90/100
|-damage|p2a: Hatterene|80/100
|-damage|p2a: Hatterene|69/100
|-crit|p2a: Hatterene
|-damage|p2a: Hatterene|54/100
|-damage|p2a: Hatterene|44/100
|-hitcount|p2a: Hatterene|5
|move|p2a: Hatterene|Expanding Force|p1a: Toucannon
|-damage|p1a: Toucannon|0 fnt
|faint|p1a: Toucannon
|-damage|p2a: Hatterene|34/100|[from] item: Life Orb
|
|-fieldend|move: Psychic Terrain
|upkeep
|
|t:|1769322815
|switch|p1a: Zapdos|Zapdos|100/100
|turn|9
|
|t:|1769322818
|move|p1a: Zapdos|Volt Switch|p2a: Hatterene
|-damage|p2a: Hatterene|0 fnt
|faint|p2a: Hatterene
|
|t:|1769322823
|switch|p1a: Primarina|Primarina, F|48/100|[from] Volt Switch
|
|upkeep
|
|t:|1769322828
|switch|p2a: Mimikyu|Mimikyu, M|100/100
|turn|10
|
|t:|1769322831
|move|p1a: Primarina|Psychic Noise|p2a: Mimikyu
|-activate|p2a: Mimikyu|ability: Disguise
|-damage|p2a: Mimikyu|100/100
|-start|p2a: Mimikyu|move: Heal Block
|detailschange|p2a: Mimikyu|Mimikyu-Busted, M
|-damage|p2a: Mimikyu|88/100|[from] pokemon: Mimikyu-Busted
|-enditem|p2a: Mimikyu|Red Card|[of] p1a: Primarina
|drag|p1a: Zapdos|Zapdos|100/100
|move|p2a: Mimikyu|Trick Room|p2a: Mimikyu
|-fieldstart|move: Trick Room|[of] p2a: Mimikyu
|
|upkeep
|turn|11
|
|t:|1769322838
|switch|p2a: Ursaluna|Ursaluna, M|100/100
|move|p1a: Zapdos|Hurricane|p2a: Ursaluna
|-damage|p2a: Ursaluna|54/100
|
|-status|p2a: Ursaluna|brn|[from] item: Flame Orb
|upkeep
|turn|12
|
|t:|1769322848
|-terastallize|p2a: Ursaluna|Normal
|move|p2a: Ursaluna|Facade|p1a: Zapdos
|-damage|p1a: Zapdos|0 fnt
|faint|p1a: Zapdos
|
|-damage|p2a: Ursaluna|48/100 brn|[from] brn
|upkeep
|
|t:|1769322857
|switch|p1a: Primarina|Primarina, F|48/100
|turn|13
|
|t:|1769322859
|move|p2a: Ursaluna|Facade|p1a: Primarina
|-damage|p1a: Primarina|0 fnt
|faint|p1a: Primarina
|
|-damage|p2a: Ursaluna|42/100 brn|[from] brn
|upkeep
|
|t:|1769322861
|switch|p1a: Zamazenta|Zamazenta|100/100
|-ability|p1a: Zamazenta|Dauntless Shield|boost
|-boost|p1a: Zamazenta|def|1
|turn|14
|
|t:|1769322870
|move|p2a: Ursaluna|Facade|p1a: Zamazenta
|-damage|p1a: Zamazenta|0 fnt
|faint|p1a: Zamazenta
|
|-damage|p2a: Ursaluna|36/100 brn|[from] brn
|-fieldend|move: Trick Room
|upkeep
|
|t:|1769322873
|switch|p1a: Dragonite|Dragonite, M|100/100
|turn|15
|
|t:|1769322882
|switch|p2a: Mimikyu|Mimikyu-Busted, M|88/100
|move|p1a: Dragonite|Dragon Dance|p1a: Dragonite
|-boost|p1a: Dragonite|atk|1
|-boost|p1a: Dragonite|spe|1
|
|upkeep
|turn|16
|
|t:|1769322890
|move|p1a: Dragonite|Earthquake|p2a: Mimikyu
|-damage|p2a: Mimikyu|34/100
|move|p2a: Mimikyu|Trick Room|p2a: Mimikyu
|-fieldstart|move: Trick Room|[of] p2a: Mimikyu
|
|upkeep
|turn|17
|
|t:|1769322898
|-terastallize|p1a: Dragonite|Normal
|move|p2a: Mimikyu|Curse|p1a: Dragonite
|-start|p1a: Dragonite|Curse|[of] p2a: Mimikyu
|-damage|p2a: Mimikyu|0 fnt
|faint|p2a: Mimikyu
|move|p1a: Dragonite|Earthquake|p2: Mimikyu|[notarget]
|-fail|p1a: Dragonite
|
|-damage|p1a: Dragonite|76/100|[from] Curse
|upkeep
|
|t:|1769322908
|switch|p2a: LEBRON|Iron Hands, shiny|100/100
|-enditem|p2a: LEBRON|Booster Energy
|-activate|p2a: LEBRON|ability: Quark Drive|[fromitem]
|-start|p2a: LEBRON|quarkdriveatk
|turn|18
|
|t:|1769322911
|move|p2a: LEBRON|Close Combat|p1a: Dragonite
|-supereffective|p1a: Dragonite
|-damage|p1a: Dragonite|0 fnt
|-unboost|p2a: LEBRON|def|1
|-unboost|p2a: LEBRON|spd|1
|faint|p1a: Dragonite
|
|win|Spartior1
|raw|I still miss her's rating: 1406 &rarr; <strong>1383</strong><br />(-23 for losing)
|raw|Spartior1's rating: 1356 &rarr; <strong>1379</strong><br />(+23 for winning)
|l|☆I still miss her
|player|p1|
|l|☆Spartior1
|player|p2|
