|j|☆frazybalkany
|j|☆swagswag234
|t:|1769358361
|gametype|singles
|player|p1|frazybalkany|101|1483
|player|p2|swagswag234|cyclist|1505
|gen|9
|tier|[Gen 9] OU
|rated|
|rule|HP Percentage Mod: HP is shown in percentages
|rule|Endless Battle Clause: Forcing endless battles is banned
|rule|Species Clause: Limit one of each Pokémon
|rule|OHKO Clause: OHKO moves are banned
|rule|Evasion Items Clause: Evasion items are banned
|rule|Evasion Moves Clause: Evasion moves are banned
|rule|Evasion Abilities Clause: Evasion abilities are banned
|rule|Sleep Moves Clause: Sleep-inducing moves are banned
|clearpoke
|poke|p1|Torkoal, F|
|poke|p1|Dragapult, F|
|poke|p1|Iron Moth|
|poke|p1|Kingambit, F|
|poke|p1|Ceruledge, M|
|poke|p1|Staraptor, M|
|poke|p2|Pecharunt|
|poke|p2|Mabosstiff, M|
|poke|p2|Volcanion|
|poke|p2|Iron Valiant|
|poke|p2|Landorus-Therian, M|
|poke|p2|Deoxys-Speed|
|teampreview
|inactive|Battle timer is ON: inactive players will automatically lose when time's up. (requested by swagswag234)
|inactive|frazybalkany also wants the timer to be on.
|c|☆swagswag234|the occasional starAPTOR
|inactive|swagswag234 has 120 seconds left.
|
|t:|1769358392
|teamsize|p1|6
|teamsize|p2|6
|start
|switch|p1a: Staraptor|Staraptor, M|100/100
|switch|p2a: Deoxys|Deoxys-Speed|100/100
|-ability|p2a: Deoxys|Pressure
|turn|1
|
|t:|1769358397
|move|p2a: Deoxys|Psycho Boost|p1a: Staraptor
|-damage|p1a: Staraptor|19/100
|-unboost|p2a: Deoxys|spa|2
|-enditem|p2a: Deoxys|Eject Pack
|
|t:|1769358400
|switch|p2a: Pecharunt|Pecharunt|100/100
|move|p1a: Staraptor|U-turn|p2a: Pecharunt
|-resisted|p2a: Pecharunt
|-damage|p2a: Pecharunt|97/100
|
|t:|1769358414
|switch|p1a: Iron Moth|Iron Moth|100/100|[from] U-turn
|-enditem|p1a: Iron Moth|Booster Energy
|-activate|p1a: Iron Moth|ability: Quark Drive|[fromitem]
|-start|p1a: Iron Moth|quarkdrivespe
|
|upkeep
|turn|2
|
|t:|1769358423
|move|p1a: Iron Moth|Fiery Dance|p2a: Pecharunt
|-damage|p2a: Pecharunt|52/100
|move|p2a: Pecharunt|Shadow Ball|p1a: Iron Moth
|-damage|p1a: Iron Moth|68/100
|
|upkeep
|turn|3
|
|t:|1769358430
|switch|p2a: Volcanion|Volcanion|100/100
|move|p1a: Iron Moth|Fiery Dance|p2a: Volcanion
|-resisted|p2a: Volcanion
|-damage|p2a: Volcanion|91/100
|
|-heal|p2a: Volcanion|97/100|[from] item: Leftovers
|upkeep
|turn|4
|
|t:|1769358434
|-terastallize|p1a: Iron Moth|Ground
|move|p1a: Iron Moth|Tera Blast|p2a: Volcanion|[anim] Tera Blast Ground
|-supereffective|p2a: Volcanion
|-damage|p2a: Volcanion|12/100
|move|p2a: Volcanion|Steam Eruption|p1a: Iron Moth
|-supereffective|p1a: Iron Moth
|-damage|p1a: Iron Moth|0 fnt
|faint|p1a: Iron Moth
|-end|p1a: Iron Moth|Quark Drive|[silent]
|
|-heal|p2a: Volcanion|18/100|[from] item: Leftovers
|upkeep
|
|t:|1769358442
|switch|p1a: Staraptor|Staraptor, M|19/100
|turn|5
|
|t:|1769358446
|move|p1a: Staraptor|Brave Bird|p2a: Volcanion
|-damage|p2a: Volcanion|0 fnt
|faint|p2a: Volcanion
|-damage|p1a: Staraptor|14/100|[from] Recoil
|
|upkeep
|
|t:|1769358458
|switch|p2a: Deoxys|Deoxys-Speed|100/100
|-ability|p2a: Deoxys|Pressure
|turn|6
|
|t:|1769358462
|move|p1a: Staraptor|Brave Bird|p2a: Deoxys
|-damage|p2a: Deoxys|3/100
|-damage|p1a: Staraptor|0 fnt|[from] Recoil
|faint|p1a: Staraptor
|move|p2a: Deoxys|Knock Off|p1: Staraptor|[notarget]
|-fail|p2a: Deoxys
|
|upkeep
|c|☆swagswag234|TS SCARF ADAMANT
|c|☆swagswag234|WE SPED TIED
|
|t:|1769358488
|switch|p1a: Torkoal|Torkoal, F|100/100
|-weather|SunnyDay|[from] ability: Drought|[of] p1a: Torkoal
|turn|7
|
|t:|1769358492
|move|p2a: Deoxys|Spikes|p1a: Torkoal
|-sidestart|p1: frazybalkany|Spikes
|move|p1a: Torkoal|Lava Plume|p2a: Deoxys
|-crit|p2a: Deoxys
|-damage|p2a: Deoxys|0 fnt
|faint|p2a: Deoxys
|
|-weather|SunnyDay|[upkeep]
|upkeep
|
|t:|1769358497
|switch|p2a: Mabosstiff|Mabosstiff, M, shiny|100/100
|-ability|p2a: Mabosstiff|Intimidate|boost
|-unboost|p1a: Torkoal|atk|1
|turn|8
|
|t:|1769358500
|move|p2a: Mabosstiff|Jaw Lock|p1a: Torkoal
|-damage|p1a: Torkoal|67/100
|-activate|p2a: Mabosstiff|trapped
|-activate|p1a: Torkoal|trapped
|move|p1a: Torkoal|Rapid Spin|p2a: Mabosstiff
|-damage|p2a: Mabosstiff|93/100
|-boost|p1a: Torkoal|spe|1
|-sideend|p1: frazybalkany|Spikes|[from] move: Rapid Spin|[of] p1a: Torkoal
|-enditem|p2a: Mabosstiff|Kee Berry|[eat]
|-boost|p2a: Mabosstiff|def|1|[from] item: Kee Berry
|
|-weather|SunnyDay|[upkeep]
|upkeep
|turn|9
|
|t:|1769358512
|move|p2a: Mabosstiff|Trailblaze|p1a: Torkoal
|-resisted|p1a: Torkoal
|-damage|p1a: Torkoal|60/100
|-boost|p2a: Mabosstiff|spe|1
|move|p1a: Torkoal|Lava Plume|p2a: Mabosstiff
|-damage|p2a: Mabosstiff|43/100
|
|-weather|SunnyDay|[upkeep]
|upkeep
|turn|10
|
|t:|1769358529
|move|p2a: Mabosstiff|Jaw Lock|p1a: Torkoal
|-damage|p1a: Torkoal|27/100
|move|p1a: Torkoal|Lava Plume|p2a: Mabosstiff
|-damage|p2a: Mabosstiff|0 fnt
|faint|p2a: Mabosstiff
|
|-weather|SunnyDay|[upkeep]
|upkeep
|
|t:|1769358533
|switch|p2a: Landorus|Landorus-Therian, M|100/100
|-ability|p2a: Landorus|Intimidate|boost
|-unboost|p1a: Torkoal|atk|1
|turn|11
|
|t:|1769358538
|move|p2a: Landorus|Stealth Rock|p1a: Torkoal
|-sidestart|p1: frazybalkany|move: Stealth Rock
|move|p1a: Torkoal|Stealth Rock|p2a: Landorus
|-sidestart|p2: swagswag234|move: Stealth Rock
|
|-weather|none
|upkeep
|turn|12
|
|t:|1769358541
|move|p2a: Landorus|Earthquake|p1a: Torkoal
|-supereffective|p1a: Torkoal
|-damage|p1a: Torkoal|0 fnt
|faint|p1a: Torkoal
|
|upkeep
|
|t:|1769358546
|switch|p1a: Dragapult|Dragapult, F|100/100
|-damage|p1a: Dragapult|88/100|[from] Stealth Rock
|turn|13
|
|t:|1769358556
|switch|p2a: Pecharunt|Pecharunt|52/100
|move|p1a: Dragapult|Dragon Dance|p1a: Dragapult
|-boost|p1a: Dragapult|atk|1
|-boost|p1a: Dragapult|spe|1
|
|-heal|p1a: Dragapult|94/100|[from] item: Leftovers
|upkeep
|turn|14
|
|t:|1769358564
|-terastallize|p2a: Pecharunt|Fairy
|move|p1a: Dragapult|Dragon Darts|p2a: Pecharunt
|-immune|p2a: Pecharunt
|move|p2a: Pecharunt|Shadow Ball|p1a: Dragapult
|-supereffective|p1a: Dragapult
|-damage|p1a: Dragapult|14/100
|-unboost|p1a: Dragapult|spd|1
|
|-heal|p1a: Dragapult|20/100|[from] item: Leftovers
|upkeep
|turn|15
|
|t:|1769358571
|switch|p2a: Landorus|Landorus-Therian, M|100/100
|-damage|p2a: Landorus|88/100|[from] Stealth Rock
|-ability|p2a: Landorus|Intimidate|boost
|-unboost|p1a: Dragapult|atk|1
|move|p1a: Dragapult|Phantom Force||[still]
|-prepare|p1a: Dragapult|Phantom Force
|
|-heal|p1a: Dragapult|26/100|[from] item: Leftovers
|upkeep
|turn|16
|
|t:|1769358579
|move|p1a: Dragapult|Phantom Force|p2a: Landorus|[from] lockedmove
|-damage|p2a: Landorus|43/100
|-damage|p1a: Dragapult|10/100|[from] item: Rocky Helmet|[of] p2a: Landorus
|move|p2a: Landorus|Earthquake|p1a: Dragapult
|-damage|p1a: Dragapult|0 fnt
|faint|p1a: Dragapult
|
|upkeep
|
|t:|1769358587
|switch|p1a: Kingambit|Kingambit, F|100/100
|-damage|p1a: Kingambit|94/100|[from] Stealth Rock
|-activate|p1a: Kingambit|ability: Supreme Overlord
|-start|p1a: Kingambit|fallen4|[silent]
|turn|17
|
|t:|1769358593
|move|p2a: Landorus|Taunt|p1a: Kingambit
|-start|p1a: Kingambit|move: Taunt
|cant|p1a: Kingambit|move: Taunt|Swords Dance
|
|upkeep
|turn|18
|
|t:|1769358600
|move|p1a: Kingambit|Sucker Punch|p2a: Landorus
|-damage|p2a: Landorus|0 fnt
|-damage|p1a: Kingambit|78/100|[from] item: Rocky Helmet|[of] p2a: Landorus
|faint|p2a: Landorus
|
|upkeep
|
|t:|1769358606
|switch|p2a: Iron Valiant|Iron Valiant|100/100
|-damage|p2a: Iron Valiant|94/100|[from] Stealth Rock
|-enditem|p2a: Iron Valiant|Booster Energy
|-activate|p2a: Iron Valiant|ability: Quark Drive|[fromitem]
|-start|p2a: Iron Valiant|quarkdrivespe
|turn|19
|
|t:|1769358609
|move|p2a: Iron Valiant|Encore|p1a: Kingambit
|-start|p1a: Kingambit|Encore
|move|p1a: Kingambit|Sucker Punch||[still]
|-fail|p1a: Kingambit
|
|-end|p1a: Kingambit|move: Taunt
|upkeep
|turn|20
|
|t:|1769358616
|move|p1a: Kingambit|Sucker Punch|p2a: Iron Valiant
|-resisted|p2a: Iron Valiant
|-damage|p2a: Iron Valiant|76/100
|move|p2a: Iron Valiant|Knock Off|p1a: Kingambit
|-resisted|p1a: Kingambit
|-damage|p1a: Kingambit|62/100
|-enditem|p1a: Kingambit|Focus Sash|[from] move: Knock Off|[of] p2a: Iron Valiant
|
|upkeep
|turn|21
|
|t:|1769358620
|move|p1a: Kingambit|Sucker Punch|p2a: Iron Valiant
|-resisted|p2a: Iron Valiant
|-damage|p2a: Iron Valiant|58/100
|move|p2a: Iron Valiant|Close Combat|p1a: Kingambit
|-supereffective|p1a: Kingambit
|-damage|p1a: Kingambit|0 fnt
|-unboost|p2a: Iron Valiant|def|1
|-unboost|p2a: Iron Valiant|spd|1
|faint|p1a: Kingambit
|-end|p1a: Kingambit|fallen4|[silent]
|
|upkeep
|
|t:|1769358623
|switch|p1a: Ceruledge|Ceruledge, M|100/100
|-damage|p1a: Ceruledge|76/100|[from] Stealth Rock
|turn|22
|
|t:|1769358626
|move|p2a: Iron Valiant|Knock Off|p1a: Ceruledge
|-supereffective|p1a: Ceruledge
|-damage|p1a: Ceruledge|0 fnt
|-enditem|p1a: Ceruledge|Focus Sash|[from] move: Knock Off|[of] p2a: Iron Valiant
|faint|p1a: Ceruledge
|
|win|swagswag234
|raw|frazybalkany's rating: 1483 &rarr; <strong>1464</strong><br />(-19 for losing)
|raw|swagswag234's rating: 1505 &rarr; <strong>1524</strong><br />(+19 for winning)
|l|☆frazybalkany
|player|p1|
|l|☆swagswag234
|player|p2|
