|j|☆gettinsmoov
|j|☆BeachLeak
|t:|1769306486
|gametype|singles
|player|p1|gettinsmoov|az|1523
|player|p2|BeachLeak|archer|1471
|gen|9
|tier|[Gen 9] OU
|rated|
|rule|HP Percentage Mod: HP is shown in percentages
|rule|Endless Battle Clause: Forcing endless battles is banned
|rule|Species Clause: Limit one of each Pokémon
|rule|OHKO Clause: OHKO moves are banned
|rule|Evasion Items Clause: Evasion items are banned
|rule|Evasion Moves Clause: Evasion moves are banned
|rule|Evasion Abilities Clause: Evasion abilities are banned
|rule|Sleep Moves Clause: Sleep-inducing moves are banned
|clearpoke
|poke|p1|Iron Valiant|
|poke|p1|Dragonite, F|
|poke|p1|Galvantula, M|
|poke|p1|Frosmoth, F|
|poke|p1|Gholdengo|
|poke|p1|Great Tusk|
|poke|p2|Gliscor, F|
|poke|p2|Ting-Lu|
|poke|p2|Gholdengo|
|poke|p2|Ogerpon-Wellspring, F|
|poke|p2|Dragonite, F|
|poke|p2|Glimmora, M|
|teampreview
|inactive|Battle timer is ON: inactive players will automatically lose when time's up. (requested by gettinsmoov)
|
|t:|1769306504
|teamsize|p1|6
|teamsize|p2|6
|start
|switch|p1a: Frosmoth|Frosmoth, F|100/100
|switch|p2a: Ting-Lu|Ting-Lu|100/100
|-ability|p2a: Ting-Lu|Vessel of Ruin
|turn|1
|
|t:|1769306513
|move|p1a: Frosmoth|Quiver Dance|p1a: Frosmoth
|-boost|p1a: Frosmoth|spa|1
|-boost|p1a: Frosmoth|spd|1
|-boost|p1a: Frosmoth|spe|1
|move|p2a: Ting-Lu|Stealth Rock|p1a: Frosmoth
|-sidestart|p1: gettinsmoov|move: Stealth Rock
|
|upkeep
|turn|2
|
|t:|1769306516
|move|p1a: Frosmoth|Ice Beam|p2a: Ting-Lu
|-supereffective|p2a: Ting-Lu
|-damage|p2a: Ting-Lu|47/100
|move|p2a: Ting-Lu|Whirlwind|p1a: Frosmoth
|drag|p1a: Galvantula|Galvantula, M|100/100
|-damage|p1a: Galvantula|76/100|[from] Stealth Rock
|
|-heal|p2a: Ting-Lu|53/100|[from] item: Leftovers
|upkeep
|turn|3
|
|t:|1769306523
|move|p1a: Galvantula|Sticky Web|p2a: Ting-Lu
|-sidestart|p2: BeachLeak|move: Sticky Web
|move|p2a: Ting-Lu|Earthquake|p1a: Galvantula
|-damage|p1a: Galvantula|10/100
|
|-heal|p2a: Ting-Lu|59/100|[from] item: Leftovers
|upkeep
|turn|4
|
|t:|1769306528
|move|p1a: Galvantula|Energy Ball|p2a: Ting-Lu
|-supereffective|p2a: Ting-Lu
|-damage|p2a: Ting-Lu|37/100
|move|p2a: Ting-Lu|Whirlwind|p1a: Galvantula
|drag|p1a: Gholdengo|Gholdengo|100/100
|-damage|p1a: Gholdengo|94/100|[from] Stealth Rock
|-item|p1a: Gholdengo|Air Balloon
|
|-heal|p2a: Ting-Lu|43/100|[from] item: Leftovers
|upkeep
|turn|5
|
|t:|1769306535
|move|p1a: Gholdengo|Dazzling Gleam|p2a: Ting-Lu
|-supereffective|p2a: Ting-Lu
|-damage|p2a: Ting-Lu|20/100
|move|p2a: Ting-Lu|Ruination|p1a: Gholdengo
|-damage|p1a: Gholdengo|48/100
|-enditem|p1a: Gholdengo|Air Balloon
|
|-heal|p2a: Ting-Lu|26/100|[from] item: Leftovers
|upkeep
|turn|6
|
|t:|1769306544
|move|p1a: Gholdengo|Dazzling Gleam|p2a: Ting-Lu
|-supereffective|p2a: Ting-Lu
|-damage|p2a: Ting-Lu|4/100
|move|p2a: Ting-Lu|Earthquake|p1a: Gholdengo
|-supereffective|p1a: Gholdengo
|-damage|p1a: Gholdengo|0 fnt
|faint|p1a: Gholdengo
|
|-heal|p2a: Ting-Lu|10/100|[from] item: Leftovers
|upkeep
|
|t:|1769306555
|switch|p1a: Great Tusk|Great Tusk|100/100
|-damage|p1a: Great Tusk|98/100|[from] Stealth Rock
|-enditem|p1a: Great Tusk|Booster Energy
|-activate|p1a: Great Tusk|ability: Protosynthesis|[fromitem]
|-start|p1a: Great Tusk|protosynthesisatk
|turn|7
|
|t:|1769306566
|switch|p2a: Gholdengo|Gholdengo|100/100
|-activate|p2a: Gholdengo|move: Sticky Web
|-unboost|p2a: Gholdengo|spe|1
|move|p1a: Great Tusk|Ice Spinner|p2a: Gholdengo
|-resisted|p2a: Gholdengo
|-damage|p2a: Gholdengo|78/100
|
|upkeep
|turn|8
|
|t:|1769306589
|-terastallize|p2a: Gholdengo|Fairy
|move|p1a: Great Tusk|Headlong Rush|p2a: Gholdengo
|-damage|p2a: Gholdengo|0 fnt
|-unboost|p1a: Great Tusk|def|1
|-unboost|p1a: Great Tusk|spd|1
|faint|p2a: Gholdengo
|
|upkeep
|inactive|BeachLeak has 120 seconds left.
|
|t:|1769306613
|switch|p2a: Ogerpon|Ogerpon-Wellspring, F|100/100
|-activate|p2a: Ogerpon|move: Sticky Web
|-unboost|p2a: Ogerpon|spe|1
|turn|9
|
|t:|1769306621
|move|p1a: Great Tusk|Head Smash|p2a: Ogerpon|[miss]
|-miss|p1a: Great Tusk|p2a: Ogerpon
|move|p2a: Ogerpon|Ivy Cudgel|p1a: Great Tusk|[anim] Ivy Cudgel Water
|-supereffective|p1a: Great Tusk
|-damage|p1a: Great Tusk|0 fnt
|faint|p1a: Great Tusk
|-end|p1a: Great Tusk|Protosynthesis|[silent]
|
|upkeep
|
|t:|1769306633
|switch|p1a: Frosmoth|Frosmoth, F|100/100
|turn|10
|
|t:|1769306643
|move|p1a: Frosmoth|Ice Beam|p2a: Ogerpon
|-damage|p2a: Ogerpon|45/100
|move|p2a: Ogerpon|Encore|p1a: Frosmoth
|-start|p1a: Frosmoth|Encore
|
|upkeep
|turn|11
|
|t:|1769306652
|switch|p2a: Glimmora|Glimmora, M|100/100
|-activate|p2a: Glimmora|move: Sticky Web
|-unboost|p2a: Glimmora|spe|1
|move|p1a: Frosmoth|Ice Beam|p2a: Glimmora
|-damage|p2a: Glimmora|51/100
|-enditem|p2a: Glimmora|Red Card|[of] p1a: Frosmoth
|drag|p1a: Galvantula|Galvantula, M|10/100
|-damage|p1a: Galvantula|0 fnt|[from] Stealth Rock
|faint|p1a: Galvantula
|
|upkeep
|
|t:|1769306660
|switch|p1a: Iron Valiant|Iron Valiant|100/100
|-damage|p1a: Iron Valiant|94/100|[from] Stealth Rock
|-enditem|p1a: Iron Valiant|Booster Energy
|-activate|p1a: Iron Valiant|ability: Quark Drive|[fromitem]
|-start|p1a: Iron Valiant|quarkdrivespe
|turn|12
|
|t:|1769306668
|move|p1a: Iron Valiant|Psyshock|p2a: Glimmora
|-supereffective|p2a: Glimmora
|-damage|p2a: Glimmora|11/100
|move|p2a: Glimmora|Mortal Spin|p1a: Iron Valiant
|-supereffective|p1a: Iron Valiant
|-damage|p1a: Iron Valiant|80/100
|-status|p1a: Iron Valiant|psn
|-sideend|p2: BeachLeak|Sticky Web|[from] move: Mortal Spin|[of] p2a: Glimmora
|
|-damage|p1a: Iron Valiant|67/100 psn|[from] psn
|upkeep
|turn|13
|
|t:|1769306676
|switch|p2a: Ting-Lu|Ting-Lu|10/100
|-ability|p2a: Ting-Lu|Vessel of Ruin
|move|p1a: Iron Valiant|Shadow Ball|p2a: Ting-Lu
|-resisted|p2a: Ting-Lu
|-damage|p2a: Ting-Lu|5/100
|
|-heal|p2a: Ting-Lu|11/100|[from] item: Leftovers
|-damage|p1a: Iron Valiant|55/100 psn|[from] psn
|upkeep
|turn|14
|
|t:|1769306691
|move|p1a: Iron Valiant|Moonblast|p2a: Ting-Lu
|-supereffective|p2a: Ting-Lu
|-damage|p2a: Ting-Lu|0 fnt
|faint|p2a: Ting-Lu
|
|-damage|p1a: Iron Valiant|42/100 psn|[from] psn
|upkeep
|
|t:|1769306704
|switch|p2a: Gliscor|Gliscor, F|100/100
|turn|15
|
|t:|1769306715
|move|p1a: Iron Valiant|Calm Mind|p1a: Iron Valiant
|-boost|p1a: Iron Valiant|spa|1
|-boost|p1a: Iron Valiant|spd|1
|move|p2a: Gliscor|Swords Dance|p2a: Gliscor
|-boost|p2a: Gliscor|atk|2
|
|-damage|p1a: Iron Valiant|30/100 psn|[from] psn
|-status|p2a: Gliscor|tox|[from] item: Toxic Orb
|upkeep
|turn|16
|
|t:|1769306720
|move|p1a: Iron Valiant|Moonblast|p2a: Gliscor
|-damage|p2a: Gliscor|9/100 tox
|move|p2a: Gliscor|Earthquake|p1a: Iron Valiant
|-damage|p1a: Iron Valiant|0 fnt
|faint|p1a: Iron Valiant
|-end|p1a: Iron Valiant|Quark Drive|[silent]
|
|-heal|p2a: Gliscor|22/100 tox|[from] ability: Poison Heal
|upkeep
|
|t:|1769306726
|switch|p1a: Dragonite|Dragonite, F, shiny|100/100
|turn|17
|
|t:|1769306730
|switch|p2a: Glimmora|Glimmora, M|11/100
|move|p1a: Dragonite|Dragon Dance|p1a: Dragonite
|-boost|p1a: Dragonite|atk|1
|-boost|p1a: Dragonite|spe|1
|
|upkeep
|turn|18
|
|t:|1769306736
|move|p1a: Dragonite|Earthquake|p2a: Glimmora
|-supereffective|p2a: Glimmora
|-damage|p2a: Glimmora|0 fnt
|-activate|p2a: Glimmora|ability: Toxic Debris
|-sidestart|p1: gettinsmoov|move: Toxic Spikes
|faint|p2a: Glimmora
|
|upkeep
|
|t:|1769306744
|switch|p2a: Dragonite|Dragonite, F|100/100
|turn|19
|
|t:|1769306747
|move|p1a: Dragonite|Ice Spinner|p2a: Dragonite
|-supereffective|p2a: Dragonite
|-damage|p2a: Dragonite|0 fnt
|faint|p2a: Dragonite
|
|upkeep
|
|t:|1769306750
|switch|p2a: Ogerpon|Ogerpon-Wellspring, F|45/100
|turn|20
|
|t:|1769306753
|move|p1a: Dragonite|Ice Spinner|p2a: Ogerpon
|-damage|p2a: Ogerpon|0 fnt
|faint|p2a: Ogerpon
|
|upkeep
|-message|BeachLeak forfeited.
|
|win|gettinsmoov
|raw|gettinsmoov's rating: 1523 &rarr; <strong>1540</strong><br />(+17 for winning)
|raw|BeachLeak's rating: 1471 &rarr; <strong>1454</strong><br />(-17 for losing)
|l|☆BeachLeak
|player|p2|
|l|☆gettinsmoov
|player|p1|
