|j|☆shreves0
|j|☆Jeveuxmbattre
|t:|1769348878
|gametype|singles
|player|p1|shreves0|lucas|1260
|player|p2|Jeveuxmbattre|skier|1259
|gen|9
|tier|[Gen 9] OU
|rated|
|rule|HP Percentage Mod: HP is shown in percentages
|rule|Endless Battle Clause: Forcing endless battles is banned
|rule|Species Clause: Limit one of each Pokémon
|rule|OHKO Clause: OHKO moves are banned
|rule|Evasion Items Clause: Evasion items are banned
|rule|Evasion Moves Clause: Evasion moves are banned
|rule|Evasion Abilities Clause: Evasion abilities are banned
|rule|Sleep Moves Clause: Sleep-inducing moves are banned
|clearpoke
|poke|p1|Dragonite, M|
|poke|p1|Arcanine-Hisui, M|
|poke|p1|Iron Treads|
|poke|p1|Pecharunt|
|poke|p1|Hatterene, F|
|poke|p1|Ogerpon-Wellspring, F|
|poke|p2|Dragapult, M|
|poke|p2|Slowking-Galar, M|
|poke|p2|Kingambit, M|
|poke|p2|Great Tusk|
|poke|p2|Alomomola, M|
|poke|p2|Ditto|
|teampreview
|inactive|Battle timer is ON: inactive players will automatically lose when time's up. (requested by shreves0)
|
|t:|1769348885
|teamsize|p1|6
|teamsize|p2|6
|start
|switch|p1a: Arcanine|Arcanine-Hisui, M|100/100
|switch|p2a: Great Tusk|Great Tusk|100/100
|-enditem|p2a: Great Tusk|Booster Energy
|-activate|p2a: Great Tusk|ability: Protosynthesis|[fromitem]
|-start|p2a: Great Tusk|protosynthesisspe
|turn|1
|
|t:|1769348895
|move|p1a: Arcanine|Flare Blitz|p2a: Great Tusk
|-crit|p2a: Great Tusk
|-damage|p2a: Great Tusk|42/100
|move|p2a: Great Tusk|Stealth Rock|p1a: Arcanine
|-sidestart|p1: shreves0|move: Stealth Rock
|
|upkeep
|turn|2
|
|t:|1769348907
|switch|p1a: Ogerpon|Ogerpon-Wellspring, F|100/100
|-damage|p1a: Ogerpon|88/100|[from] Stealth Rock
|-end|p2a: Great Tusk|Protosynthesis|[silent]
|switch|p2a: Alomomola|Alomomola, M|100/100
|
|upkeep
|turn|3
|
|t:|1769348917
|move|p1a: Ogerpon|Swords Dance|p1a: Ogerpon
|-boost|p1a: Ogerpon|atk|2
|move|p2a: Alomomola|Flip Turn|p1a: Ogerpon
|-heal|p1a: Ogerpon|100/100|[from] ability: Water Absorb|[of] p2a: Alomomola
|
|upkeep
|turn|4
|
|t:|1769348925
|switch|p2a: Great Tusk|Great Tusk|42/100
|move|p1a: Ogerpon|Encore||[still]
|-fail|p1a: Ogerpon
|
|upkeep
|turn|5
|
|t:|1769348932
|move|p1a: Ogerpon|Horn Leech|p2a: Great Tusk
|-supereffective|p2a: Great Tusk
|-damage|p2a: Great Tusk|0 fnt
|faint|p2a: Great Tusk
|-end|p2a: Great Tusk|Protosynthesis|[silent]
|
|upkeep
|
|t:|1769348935
|switch|p2a: Dragapult|Dragapult, M|100/100
|turn|6
|
|t:|1769348941
|-terastallize|p2a: Dragapult|Ghost
|move|p2a: Dragapult|Tera Blast|p1a: Ogerpon|[anim] Tera Blast Ghost
|-damage|p1a: Ogerpon|0 fnt
|faint|p1a: Ogerpon
|
|upkeep
|
|t:|1769348948
|switch|p1a: Arcanine|Arcanine-Hisui, M|100/100
|-damage|p1a: Arcanine|75/100|[from] Stealth Rock
|turn|7
|
|t:|1769348953
|switch|p2a: Alomomola|Alomomola, M|100/100
|move|p1a: Arcanine|Head Smash|p2a: Alomomola
|-damage|p2a: Alomomola|64/100
|
|upkeep
|turn|8
|
|t:|1769348960
|switch|p1a: Pecharunt|Pecharunt|100/100
|-damage|p1a: Pecharunt|88/100|[from] Stealth Rock
|move|p2a: Alomomola|Flip Turn|p1a: Pecharunt
|-damage|p1a: Pecharunt|78/100
|-damage|p2a: Alomomola|48/100|[from] item: Rocky Helmet|[of] p1a: Pecharunt
|
|t:|1769348971
|switch|p2a: Dragapult|Dragapult, M, tera:Ghost|100/100|[from] Flip Turn
|
|upkeep
|turn|9
|
|t:|1769348976
|-terastallize|p1a: Pecharunt|Dark
|move|p2a: Dragapult|Tera Blast|p1a: Pecharunt|[anim] Tera Blast Ghost
|-resisted|p1a: Pecharunt
|-damage|p1a: Pecharunt|52/100
|move|p1a: Pecharunt|Hex|p2a: Dragapult
|-supereffective|p2a: Dragapult
|-damage|p2a: Dragapult|26/100
|
|upkeep
|turn|10
|
|t:|1769348985
|switch|p2a: Ditto|Ditto|100/100
|-transform|p2a: Ditto|p1a: Pecharunt|[from] ability: Imposter
|move|p1a: Pecharunt|Hex|p2a: Ditto
|-supereffective|p2a: Ditto
|-damage|p2a: Ditto|32/100
|
|upkeep
|-start|p2a: Ditto|typechange|Poison/Ghost|[silent]
|turn|11
|
|t:|1769348996
|switch|p1a: Iron Treads|Iron Treads|100/100
|-damage|p1a: Iron Treads|97/100|[from] Stealth Rock
|-enditem|p1a: Iron Treads|Booster Energy
|-activate|p1a: Iron Treads|ability: Quark Drive|[fromitem]
|-start|p1a: Iron Treads|quarkdrivespe
|move|p2a: Ditto|Malignant Chain|p1a: Iron Treads
|-immune|p1a: Iron Treads
|
|upkeep
|turn|12
|
|t:|1769349009
|switch|p2a: Alomomola|Alomomola, M|81/100
|move|p1a: Iron Treads|Stealth Rock|p2a: Alomomola
|-sidestart|p2: Jeveuxmbattre|move: Stealth Rock
|
|upkeep
|turn|13
|
|t:|1769349016
|move|p1a: Iron Treads|Knock Off|p2a: Alomomola
|-damage|p2a: Alomomola|66/100
|-enditem|p2a: Alomomola|Heavy-Duty Boots|[from] move: Knock Off|[of] p1a: Iron Treads
|move|p2a: Alomomola|Scald|p1a: Iron Treads
|-supereffective|p1a: Iron Treads
|-damage|p1a: Iron Treads|56/100
|
|upkeep
|turn|14
|
|t:|1769349025
|move|p1a: Iron Treads|Rapid Spin|p2a: Alomomola
|-damage|p2a: Alomomola|58/100
|-boost|p1a: Iron Treads|spe|1
|-sideend|p1: shreves0|Stealth Rock|[from] move: Rapid Spin|[of] p1a: Iron Treads
|move|p2a: Alomomola|Flip Turn|p1a: Iron Treads
|-supereffective|p1a: Iron Treads
|-damage|p1a: Iron Treads|24/100
|
|t:|1769349029
|switch|p2a: Dragapult|Dragapult, M, tera:Ghost|26/100|[from] Flip Turn
|-damage|p2a: Dragapult|14/100|[from] Stealth Rock
|
|upkeep
|turn|15
|
|t:|1769349037
|move|p1a: Iron Treads|Knock Off|p2a: Dragapult
|-supereffective|p2a: Dragapult
|-damage|p2a: Dragapult|0 fnt
|-enditem|p2a: Dragapult|Choice Band|[from] move: Knock Off|[of] p1a: Iron Treads
|faint|p2a: Dragapult
|
|upkeep
|
|t:|1769349040
|switch|p2a: Kingambit|Kingambit, M|100/100
|-damage|p2a: Kingambit|94/100|[from] Stealth Rock
|-activate|p2a: Kingambit|ability: Supreme Overlord
|-start|p2a: Kingambit|fallen2|[silent]
|turn|16
|
|t:|1769349049
|-end|p1a: Iron Treads|Quark Drive|[silent]
|switch|p1a: Arcanine|Arcanine-Hisui, M|75/100
|move|p2a: Kingambit|Sucker Punch||[still]
|-fail|p2a: Kingambit
|
|-heal|p2a: Kingambit|100/100|[from] item: Leftovers
|upkeep
|turn|17
|
|t:|1769349059
|-end|p2a: Kingambit|fallen2|[silent]
|switch|p2a: Alomomola|Alomomola, M|91/100
|-damage|p2a: Alomomola|79/100|[from] Stealth Rock
|move|p1a: Arcanine|Wild Charge|p2a: Alomomola
|-supereffective|p2a: Alomomola
|-damage|p2a: Alomomola|51/100
|
|upkeep
|turn|18
|
|t:|1769349068
|switch|p1a: Pecharunt|Pecharunt, tera:Dark|52/100
|move|p2a: Alomomola|Scald|p1a: Pecharunt
|-damage|p1a: Pecharunt|38/100
|
|upkeep
|turn|19
|
|t:|1769349075
|move|p2a: Alomomola|Protect|p2a: Alomomola
|-singleturn|p2a: Alomomola|Protect
|move|p1a: Pecharunt|Recover|p1a: Pecharunt
|-heal|p1a: Pecharunt|88/100
|
|upkeep
|turn|20
|
|t:|1769349105
|move|p1a: Pecharunt|Parting Shot|p2a: Alomomola
|-unboost|p2a: Alomomola|atk|1
|-unboost|p2a: Alomomola|spa|1
|
|t:|1769349112
|switch|p1a: Iron Treads|Iron Treads|24/100|[from] Parting Shot
|move|p2a: Alomomola|Wish|p2a: Alomomola
|
|upkeep
|turn|21
|
|t:|1769349121
|move|p2a: Alomomola|Protect|p2a: Alomomola
|-singleturn|p2a: Alomomola|Protect
|move|p1a: Iron Treads|High Horsepower|p2a: Alomomola
|-activate|p2a: Alomomola|move: Protect
|
|-heal|p2a: Alomomola|100/100|[from] move: Wish|[wisher] Alomomola
|upkeep
|turn|22
|
|t:|1769349130
|move|p1a: Iron Treads|High Horsepower|p2a: Alomomola
|-damage|p2a: Alomomola|77/100
|move|p2a: Alomomola|Scald|p1a: Iron Treads
|-supereffective|p1a: Iron Treads
|-crit|p1a: Iron Treads
|-damage|p1a: Iron Treads|0 fnt
|faint|p1a: Iron Treads
|-end|p1a: Iron Treads|Quark Drive|[silent]
|
|upkeep
|
|t:|1769349139
|switch|p1a: Pecharunt|Pecharunt, tera:Dark|88/100
|turn|23
|
|t:|1769349150
|switch|p2a: Ditto|Ditto|32/100
|-damage|p2a: Ditto|19/100|[from] Stealth Rock
|-transform|p2a: Ditto|p1a: Pecharunt|[from] ability: Imposter
|move|p1a: Pecharunt|Malignant Chain|p2a: Ditto
|-resisted|p2a: Ditto
|-damage|p2a: Ditto|4/100
|
|upkeep
|turn|24
|
|t:|1769349162
|move|p2a: Ditto|Malignant Chain|p1a: Pecharunt
|-damage|p1a: Pecharunt|46/100
|-status|p1a: Pecharunt|tox
|move|p1a: Pecharunt|Malignant Chain|p2a: Ditto
|-resisted|p2a: Ditto
|-damage|p2a: Ditto|0 fnt
|faint|p2a: Ditto
|
|-damage|p1a: Pecharunt|40/100 tox|[from] psn
|upkeep
|
|t:|1769349171
|switch|p2a: Slowking|Slowking-Galar, M|100/100
|turn|25
|
|t:|1769349180
|switch|p2a: Kingambit|Kingambit, M|100/100
|-damage|p2a: Kingambit|94/100|[from] Stealth Rock
|-activate|p2a: Kingambit|ability: Supreme Overlord
|-start|p2a: Kingambit|fallen3|[silent]
|move|p1a: Pecharunt|Hex|p2a: Kingambit
|-resisted|p2a: Kingambit
|-damage|p2a: Kingambit|79/100
|
|-heal|p2a: Kingambit|85/100|[from] item: Leftovers
|-damage|p1a: Pecharunt|28/100 tox|[from] psn
|upkeep
|turn|26
|
|t:|1769349192
|move|p1a: Pecharunt|Recover|p1a: Pecharunt
|-heal|p1a: Pecharunt|78/100 tox
|move|p2a: Kingambit|Swords Dance|p2a: Kingambit
|-boost|p2a: Kingambit|atk|2
|
|-heal|p2a: Kingambit|91/100|[from] item: Leftovers
|-damage|p1a: Pecharunt|59/100 tox|[from] psn
|upkeep
|turn|27
|
|t:|1769349202
|move|p1a: Pecharunt|Parting Shot|p2a: Kingambit
|-unboost|p2a: Kingambit|atk|1
|-unboost|p2a: Kingambit|spa|1
|
|t:|1769349204
|switch|p1a: Dragonite|Dragonite, M|100/100|[from] Parting Shot
|move|p2a: Kingambit|Swords Dance|p2a: Kingambit
|-boost|p2a: Kingambit|atk|2
|
|-heal|p2a: Kingambit|97/100|[from] item: Leftovers
|upkeep
|turn|28
|
|t:|1769349214
|move|p2a: Kingambit|Sucker Punch|p1a: Dragonite
|-damage|p1a: Dragonite|26/100
|move|p1a: Dragonite|Earthquake|p2a: Kingambit
|-supereffective|p2a: Kingambit
|-damage|p2a: Kingambit|33/100
|
|-heal|p2a: Kingambit|39/100|[from] item: Leftovers
|upkeep
|turn|29
|
|t:|1769349222
|move|p1a: Dragonite|Extreme Speed|p2a: Kingambit
|-resisted|p2a: Kingambit
|-damage|p2a: Kingambit|25/100
|move|p2a: Kingambit|Sucker Punch||[still]
|-fail|p2a: Kingambit
|
|-heal|p2a: Kingambit|31/100|[from] item: Leftovers
|upkeep
|turn|30
|
|t:|1769349231
|move|p2a: Kingambit|Sucker Punch|p1a: Dragonite
|-damage|p1a: Dragonite|0 fnt
|faint|p1a: Dragonite
|
|-heal|p2a: Kingambit|37/100|[from] item: Leftovers
|upkeep
|
|t:|1769349237
|switch|p1a: Hatterene|Hatterene, F|100/100
|turn|31
|
|t:|1769349245
|move|p2a: Kingambit|Kowtow Cleave|p1a: Hatterene
|-damage|p1a: Hatterene|0 fnt
|faint|p1a: Hatterene
|
|-heal|p2a: Kingambit|43/100|[from] item: Leftovers
|upkeep
|-message|shreves0 forfeited.
|
|win|Jeveuxmbattre
|raw|shreves0's rating: 1260 &rarr; <strong>1235</strong><br />(-25 for losing)
|raw|Jeveuxmbattre's rating: 1259 &rarr; <strong>1284</strong><br />(+25 for winning)
|l|☆shreves0
|player|p1|
|j|☆shreves0
|player|p1|shreves0|lucas|
|l|☆shreves0
|player|p1|
