|j|☆JD2Sleepy
|j|☆BeachLeak
|t:|1769326504
|gametype|singles
|player|p1|JD2Sleepy|blackbelt-gen4dp|1502
|player|p2|BeachLeak|archer|1510
|gen|9
|tier|[Gen 9] OU
|rated|
|rule|HP Percentage Mod: HP is shown in percentages
|rule|Endless Battle Clause: Forcing endless battles is banned
|rule|Species Clause: Limit one of each Pokémon
|rule|OHKO Clause: OHKO moves are banned
|rule|Evasion Items Clause: Evasion items are banned
|rule|Evasion Moves Clause: Evasion moves are banned
|rule|Evasion Abilities Clause: Evasion abilities are banned
|rule|Sleep Moves Clause: Sleep-inducing moves are banned
|clearpoke
|poke|p1|Glimmora, M|
|poke|p1|Kyurem|
|poke|p1|Sableye, F|
|poke|p1|Blaziken, M|
|poke|p1|Ditto|
|poke|p1|Kingambit, F|
|poke|p2|Slowking-Galar, F|
|poke|p2|Scizor, F|
|poke|p2|Moltres|
|poke|p2|Meowscarada, F|
|poke|p2|Raging Bolt|
|poke|p2|Great Tusk|
|teampreview
|
|t:|1769326534
|teamsize|p1|6
|teamsize|p2|6
|start
|switch|p1a: Blaziken|Blaziken, M|100/100
|switch|p2a: Scizor|Scizor, F|100/100
|turn|1
|
|t:|1769326542
|move|p1a: Blaziken|Swords Dance|p1a: Blaziken
|-boost|p1a: Blaziken|atk|2
|move|p2a: Scizor|Close Combat|p1a: Blaziken
|-damage|p1a: Blaziken|0 fnt
|-unboost|p2a: Scizor|def|1
|-unboost|p2a: Scizor|spd|1
|faint|p1a: Blaziken
|
|upkeep
|inactive|Battle timer is ON: inactive players will automatically lose when time's up. (requested by BeachLeak)
|
|t:|1769326556
|switch|p1a: VwV|Glimmora, M|100/100
|turn|2
|
|t:|1769326562
|move|p1a: VwV|Stealth Rock|p2a: Scizor
|-sidestart|p2: BeachLeak|move: Stealth Rock
|move|p2a: Scizor|Close Combat|p1a: VwV
|-damage|p1a: VwV|11/100
|-unboost|p2a: Scizor|def|1
|-unboost|p2a: Scizor|spd|1
|-activate|p1a: VwV|ability: Toxic Debris
|-sidestart|p2: BeachLeak|move: Toxic Spikes
|
|upkeep
|turn|3
|
|t:|1769326569
|switch|p2a: Slowking|Slowking-Galar, F|100/100
|-sideend|p2: BeachLeak|move: Toxic Spikes|[of] p2a: Slowking
|move|p1a: VwV|Power Gem|p2a: Slowking
|-damage|p2a: Slowking|76/100
|
|upkeep
|turn|4
|
|t:|1769326585
|switch|p1a: Good As Bricks|Sableye, F, shiny|100/100
|-prepare|p2a: Slowking|Chilly Reception|[premajor]
|move|p2a: Slowking|Chilly Reception|p2a: Slowking
|-weather|Snowscape
|inactive|BeachLeak has 120 seconds left.
|
|t:|1769326606
|switch|p2a: Raging Bolt|Raging Bolt|100/100|[from] Chilly Reception
|-damage|p2a: Raging Bolt|88/100|[from] Stealth Rock
|
|-weather|Snowscape|[upkeep]
|upkeep
|turn|5
|
|t:|1769326611
|switch|p1a: VwV|Glimmora, M|11/100
|move|p2a: Raging Bolt|Volt Switch|p1a: VwV
|-damage|p1a: VwV|0 fnt
|faint|p1a: VwV
|
|t:|1769326623
|-end|p2a: Raging Bolt|Protosynthesis|[silent]
|switch|p2a: Tusk Freestyle|Great Tusk|100/100|[from] Volt Switch
|
|-weather|Snowscape|[upkeep]
|upkeep
|
|t:|1769326625
|switch|p1a: Good As Bricks|Sableye, F, shiny|100/100
|turn|6
|
|t:|1769326641
|-end|p2a: Tusk Freestyle|Protosynthesis|[silent]
|switch|p2a: Slowking|Slowking-Galar, F|100/100
|switch|p1a: Jet Black|Kyurem|100/100
|-ability|p1a: Jet Black|Pressure
|
|-weather|Snowscape|[upkeep]
|upkeep
|turn|7
|
|t:|1769326649
|move|p1a: Jet Black|Substitute|p1a: Jet Black
|-start|p1a: Jet Black|Substitute
|-damage|p1a: Jet Black|76/100
|move|p2a: Slowking|Future Sight|p1a: Jet Black
|-start|p2a: Slowking|move: Future Sight
|
|-weather|Snowscape|[upkeep]
|upkeep
|turn|8
|
|t:|1769326652
|move|p1a: Jet Black|Dragon Dance|p1a: Jet Black
|-boost|p1a: Jet Black|atk|1
|-boost|p1a: Jet Black|spe|1
|-prepare|p2a: Slowking|Chilly Reception|[premajor]
|move|p2a: Slowking|Chilly Reception|p2a: Slowking
|
|t:|1769326677
|switch|p2a: chateau marmont|Meowscarada, F|100/100|[from] Chilly Reception
|-damage|p2a: chateau marmont|88/100|[from] Stealth Rock
|
|-weather|none
|upkeep
|turn|9
|
|t:|1769326684
|move|p2a: chateau marmont|U-turn|p1a: Jet Black
|-start|p2a: chateau marmont|typechange|Bug|[from] ability: Protean
|-end|p1a: Jet Black|Substitute
|
|t:|1769326692
|switch|p2a: Moltres|Moltres|100/100|[from] U-turn
|move|p1a: Jet Black|Dragon Dance|p1a: Jet Black
|-boost|p1a: Jet Black|atk|1
|-boost|p1a: Jet Black|spe|1
|
|-end|p1a: Jet Black|move: Future Sight
|-damage|p1a: Jet Black|36/100
|upkeep
|turn|10
|
|t:|1769326697
|move|p1a: Jet Black|Icicle Spear|p2a: Moltres
|-damage|p2a: Moltres|81/100
|-damage|p2a: Moltres|59/100
|-damage|p2a: Moltres|38/100
|-damage|p2a: Moltres|19/100
|-hitcount|p2a: Moltres|4
|move|p2a: Moltres|Flamethrower|p1a: Jet Black
|-damage|p1a: Jet Black|0 fnt
|faint|p1a: Jet Black
|
|upkeep
|
|t:|1769326709
|switch|p1a: Don'tLetItBeYou|Ditto, shiny|100/100
|-transform|p1a: Don'tLetItBeYou|p2a: Moltres|[from] ability: Imposter
|turn|11
|
|t:|1769326726
|move|p1a: Don'tLetItBeYou|Flamethrower|p2a: Moltres
|-resisted|p2a: Moltres
|-damage|p2a: Moltres|0 fnt
|faint|p2a: Moltres
|
|upkeep
|
|t:|1769326733
|switch|p2a: Raging Bolt|Raging Bolt|88/100
|-damage|p2a: Raging Bolt|76/100|[from] Stealth Rock
|turn|12
|
|t:|1769326739
|move|p1a: Don'tLetItBeYou|Flamethrower|p2a: Raging Bolt
|-resisted|p2a: Raging Bolt
|-damage|p2a: Raging Bolt|59/100
|move|p2a: Raging Bolt|Volt Switch|p1a: Don'tLetItBeYou
|-supereffective|p1a: Don'tLetItBeYou
|-damage|p1a: Don'tLetItBeYou|0 fnt
|faint|p1a: Don'tLetItBeYou
|inactive|BeachLeak has 120 seconds left.
|inactive|BeachLeak has 90 seconds left.
|inactive|BeachLeak has 60 seconds left.
|
|t:|1769326858
|-end|p2a: Raging Bolt|Protosynthesis|[silent]
|switch|p2a: Slowking|Slowking-Galar, F|100/100|[from] Volt Switch
|
|upkeep
|
|t:|1769326862
|switch|p1a: 平和|Kingambit, F|100/100
|-activate|p1a: 平和|ability: Supreme Overlord
|-start|p1a: 平和|fallen4|[silent]
|turn|13
|
|t:|1769326866
|move|p1a: 平和|Kowtow Cleave|p2a: Slowking
|-supereffective|p2a: Slowking
|-damage|p2a: Slowking|0 fnt
|faint|p2a: Slowking
|
|upkeep
|
|t:|1769326871
|switch|p2a: Scizor|Scizor, F|100/100
|-damage|p2a: Scizor|88/100|[from] Stealth Rock
|turn|14
|
|t:|1769326874
|-end|p1a: 平和|fallen4|[silent]
|switch|p1a: Good As Bricks|Sableye, F, shiny|100/100
|move|p2a: Scizor|U-turn|p1a: Good As Bricks
|-damage|p1a: Good As Bricks|42/100
|-damage|p2a: Scizor|71/100|[from] item: Rocky Helmet|[of] p1a: Good As Bricks
|
|t:|1769326876
|switch|p2a: Raging Bolt|Raging Bolt|59/100|[from] U-turn
|-damage|p2a: Raging Bolt|47/100|[from] Stealth Rock
|
|upkeep
|turn|15
|
|t:|1769326883
|move|p1a: Good As Bricks|Will-O-Wisp|p2a: Raging Bolt
|-status|p2a: Raging Bolt|brn
|move|p2a: Raging Bolt|Volt Switch|p1a: Good As Bricks
|-crit|p1a: Good As Bricks
|-damage|p1a: Good As Bricks|0 fnt
|faint|p1a: Good As Bricks
|
|t:|1769326889
|-end|p2a: Raging Bolt|Protosynthesis|[silent]
|switch|p2a: Tusk Freestyle|Great Tusk|100/100|[from] Volt Switch
|
|upkeep
|
|t:|1769326891
|switch|p1a: 平和|Kingambit, F|100/100
|-activate|p1a: 平和|ability: Supreme Overlord
|-start|p1a: 平和|fallen5|[silent]
|turn|16
|
|t:|1769326895
|-terastallize|p1a: 平和|Dark
|move|p2a: Tusk Freestyle|Headlong Rush|p1a: 平和
|-damage|p1a: 平和|52/100
|-unboost|p2a: Tusk Freestyle|def|1
|-unboost|p2a: Tusk Freestyle|spd|1
|move|p1a: 平和|Swords Dance|p1a: 平和
|-boost|p1a: 平和|atk|2
|
|upkeep
|turn|17
|
|t:|1769326898
|move|p1a: 平和|Sucker Punch|p2a: Tusk Freestyle
|-resisted|p2a: Tusk Freestyle
|-damage|p2a: Tusk Freestyle|0 fnt
|faint|p2a: Tusk Freestyle
|-end|p2a: Tusk Freestyle|Protosynthesis|[silent]
|
|upkeep
|
|t:|1769326908
|switch|p2a: Raging Bolt|Raging Bolt|47/100 brn
|-damage|p2a: Raging Bolt|35/100 brn|[from] Stealth Rock
|turn|18
|
|t:|1769326915
|move|p2a: Raging Bolt|Thunderclap||[still]
|-fail|p2a: Raging Bolt
|move|p1a: 平和|Swords Dance|p1a: 平和
|-boost|p1a: 平和|atk|2
|
|-damage|p2a: Raging Bolt|28/100 brn|[from] brn
|upkeep
|turn|19
|
|t:|1769326919
|-end|p2a: Raging Bolt|Protosynthesis|[silent]
|switch|p2a: chateau marmont|Meowscarada, F|88/100
|-damage|p2a: chateau marmont|76/100|[from] Stealth Rock
|move|p1a: 平和|Swords Dance|p1a: 平和
|-boost|p1a: 平和|atk|2
|
|upkeep
|turn|20
|
|t:|1769326930
|switch|p2a: Raging Bolt|Raging Bolt|28/100 brn
|-damage|p2a: Raging Bolt|16/100 brn|[from] Stealth Rock
|move|p1a: 平和|Kowtow Cleave|p2a: Raging Bolt
|-damage|p2a: Raging Bolt|0 fnt
|faint|p2a: Raging Bolt
|-end|p2a: Raging Bolt|Protosynthesis|[silent]
|
|upkeep
|
|t:|1769326938
|switch|p2a: chateau marmont|Meowscarada, F|76/100
|-damage|p2a: chateau marmont|64/100|[from] Stealth Rock
|turn|21
|
|t:|1769326949
|move|p1a: 平和|Sucker Punch|p2a: chateau marmont
|-resisted|p2a: chateau marmont
|-damage|p2a: chateau marmont|0 fnt
|faint|p2a: chateau marmont
|
|upkeep
|
|t:|1769326952
|switch|p2a: Scizor|Scizor, F|71/100
|-damage|p2a: Scizor|59/100|[from] Stealth Rock
|turn|22
|
|t:|1769326955
|-terastallize|p2a: Scizor|Steel
|move|p2a: Scizor|Bullet Punch|p1a: 平和
|-crit|p1a: 平和
|-damage|p1a: 平和|0 fnt
|faint|p1a: 平和
|-end|p1a: 平和|fallen5|[silent]
|
|win|BeachLeak
|raw|JD2Sleepy's rating: 1502 &rarr; <strong>1482</strong><br />(-20 for losing)
|raw|BeachLeak's rating: 1510 &rarr; <strong>1530</strong><br />(+20 for winning)
|l|☆BeachLeak
|player|p2|
