|j|☆OUFR Test Alt 13
|j|☆GMJohnny
|t:|1769444858
|gametype|singles
|player|p1|OUFR Test Alt 13|iono-masters2|1435
|player|p2|GMJohnny|1|1400
|gen|9
|tier|[Gen 9] OU
|rated|
|rule|HP Percentage Mod: HP is shown in percentages
|rule|Endless Battle Clause: Forcing endless battles is banned
|rule|Species Clause: Limit one of each Pokémon
|rule|OHKO Clause: OHKO moves are banned
|rule|Evasion Items Clause: Evasion items are banned
|rule|Evasion Moves Clause: Evasion moves are banned
|rule|Evasion Abilities Clause: Evasion abilities are banned
|rule|Sleep Moves Clause: Sleep-inducing moves are banned
|clearpoke
|poke|p1|Kyurem|
|poke|p1|Samurott-Hisui, M|
|poke|p1|Slowking-Galar, M|
|poke|p1|Heatran, F|
|poke|p1|Corviknight, M|
|poke|p1|Gliscor, F|
|poke|p2|Ceruledge, M|
|poke|p2|Quaquaval, M|
|poke|p2|Azelf|
|poke|p2|Dragonite, M|
|poke|p2|Iron Moth|
|poke|p2|Darkrai|
|teampreview
|inactive|Battle timer is ON: inactive players will automatically lose when time's up. (requested by GMJohnny)
|c|☆OUFR Test Alt 13|gl
|
|t:|1769444874
|teamsize|p1|6
|teamsize|p2|6
|start
|switch|p1a: Jack Sparrow|Samurott-Hisui, M, shiny|100/100
|switch|p2a: Azelf|Azelf|100/100
|turn|1
|
|t:|1769444888
|move|p2a: Azelf|Stealth Rock|p1a: Jack Sparrow
|-sidestart|p1: OUFR Test Alt 13|move: Stealth Rock
|move|p1a: Jack Sparrow|Ceaseless Edge|p2a: Azelf
|-supereffective|p2a: Azelf
|-enditem|p2a: Azelf|Focus Sash
|-damage|p2a: Azelf|1/100
|-sidestart|p2: GMJohnny|Spikes
|
|upkeep
|turn|2
|
|t:|1769444892
|move|p1a: Jack Sparrow|Sucker Punch|p2a: Azelf
|-supereffective|p2a: Azelf
|-damage|p2a: Azelf|0 fnt
|faint|p2a: Azelf
|
|upkeep
|
|t:|1769444910
|switch|p2a: Quaquaval|Quaquaval, M|100/100
|turn|3
|
|t:|1769444920
|move|p2a: Quaquaval|Close Combat|p1a: Jack Sparrow
|-supereffective|p1a: Jack Sparrow
|-damage|p1a: Jack Sparrow|0 fnt
|-unboost|p2a: Quaquaval|def|1
|-unboost|p2a: Quaquaval|spd|1
|faint|p1a: Jack Sparrow
|-ability|p2a: Quaquaval|Moxie|boost
|-boost|p2a: Quaquaval|atk|1
|
|upkeep
|
|t:|1769444928
|switch|p1a: Gliscor|Gliscor, F|100/100
|-damage|p1a: Gliscor|88/100|[from] Stealth Rock
|turn|4
|
|t:|1769444931
|-terastallize|p1a: Gliscor|Water
|move|p2a: Quaquaval|Rapid Spin|p1a: Gliscor
|-damage|p1a: Gliscor|69/100
|-boost|p2a: Quaquaval|spe|1
|-sideend|p2: GMJohnny|Spikes|[from] move: Rapid Spin|[of] p2a: Quaquaval
|move|p1a: Gliscor|Toxic|p2a: Quaquaval|[miss]
|-miss|p1a: Gliscor|p2a: Quaquaval
|
|-status|p1a: Gliscor|tox|[from] item: Toxic Orb
|upkeep
|turn|5
|
|t:|1769444941
|switch|p2a: Iron Moth|Iron Moth|100/100
|-enditem|p2a: Iron Moth|Booster Energy
|-activate|p2a: Iron Moth|ability: Quark Drive|[fromitem]
|-start|p2a: Iron Moth|quarkdrivespa
|move|p1a: Gliscor|Toxic|p2a: Iron Moth|[miss]
|-miss|p1a: Gliscor|p2a: Iron Moth
|
|-heal|p1a: Gliscor|81/100 tox|[from] ability: Poison Heal
|upkeep
|turn|6
|
|t:|1769444947
|switch|p1a: Heatran|Heatran, F|100/100
|-damage|p1a: Heatran|88/100|[from] Stealth Rock
|move|p2a: Iron Moth|Energy Ball|p1a: Heatran
|-resisted|p1a: Heatran
|-damage|p1a: Heatran|82/100
|
|-heal|p1a: Heatran|88/100|[from] item: Leftovers
|upkeep
|turn|7
|
|t:|1769444952
|-end|p2a: Iron Moth|Quark Drive|[silent]
|switch|p2a: Quaquaval|Quaquaval, M|100/100
|move|p1a: Heatran|Stealth Rock|p2a: Quaquaval
|-sidestart|p2: GMJohnny|move: Stealth Rock
|
|-heal|p1a: Heatran|94/100|[from] item: Leftovers
|upkeep
|turn|8
|
|t:|1769444960
|switch|p1a: Gliscor|Gliscor, F, tera:Water|81/100 tox
|-damage|p1a: Gliscor|69/100 tox|[from] Stealth Rock
|move|p2a: Quaquaval|Close Combat|p1a: Gliscor
|-damage|p1a: Gliscor|24/100 tox
|-unboost|p2a: Quaquaval|def|1
|-unboost|p2a: Quaquaval|spd|1
|
|-heal|p1a: Gliscor|37/100 tox|[from] ability: Poison Heal
|upkeep
|turn|9
|
|t:|1769444964
|move|p1a: Gliscor|Protect|p1a: Gliscor
|-singleturn|p1a: Gliscor|Protect
|move|p2a: Quaquaval|Close Combat|p1a: Gliscor
|-activate|p1a: Gliscor|move: Protect
|
|-heal|p1a: Gliscor|49/100 tox|[from] ability: Poison Heal
|upkeep
|turn|10
|
|t:|1769444969
|move|p2a: Quaquaval|Rapid Spin|p1a: Gliscor
|-damage|p1a: Gliscor|36/100 tox
|-boost|p2a: Quaquaval|spe|1
|-sideend|p2: GMJohnny|Stealth Rock|[from] move: Rapid Spin|[of] p2a: Quaquaval
|move|p1a: Gliscor|Toxic|p2a: Quaquaval
|-status|p2a: Quaquaval|tox
|
|-damage|p2a: Quaquaval|94/100 tox|[from] psn
|-heal|p1a: Gliscor|49/100 tox|[from] ability: Poison Heal
|upkeep
|turn|11
|
|t:|1769444971
|move|p2a: Quaquaval|Close Combat|p1a: Gliscor
|-damage|p1a: Gliscor|7/100 tox
|-unboost|p2a: Quaquaval|def|1
|-unboost|p2a: Quaquaval|spd|1
|move|p1a: Gliscor|Earthquake|p2a: Quaquaval
|-damage|p2a: Quaquaval|9/100 tox
|
|-damage|p2a: Quaquaval|0 fnt|[from] psn
|faint|p2a: Quaquaval
|-heal|p1a: Gliscor|19/100 tox|[from] ability: Poison Heal
|upkeep
|
|t:|1769444978
|switch|p2a: Ceruledge|Ceruledge, M|100/100
|turn|12
|
|t:|1769444983
|move|p2a: Ceruledge|Shadow Sneak|p1a: Gliscor
|-crit|p1a: Gliscor
|-damage|p1a: Gliscor|0 fnt
|faint|p1a: Gliscor
|
|upkeep
|
|t:|1769444992
|switch|p1a: Heatran|Heatran, F|94/100
|-damage|p1a: Heatran|82/100|[from] Stealth Rock
|turn|13
|
|t:|1769444995
|move|p2a: Ceruledge|Swords Dance|p2a: Ceruledge
|-boost|p2a: Ceruledge|atk|2
|move|p1a: Heatran|Earth Power|p2a: Ceruledge
|-supereffective|p2a: Ceruledge
|-damage|p2a: Ceruledge|40/100
|
|-heal|p1a: Heatran|88/100|[from] item: Leftovers
|upkeep
|turn|14
|
|t:|1769445000
|move|p2a: Ceruledge|Close Combat|p1a: Heatran
|-supereffective|p1a: Heatran
|-crit|p1a: Heatran
|-damage|p1a: Heatran|0 fnt
|-unboost|p2a: Ceruledge|def|1
|-unboost|p2a: Ceruledge|spd|1
|faint|p1a: Heatran
|
|upkeep
|
|t:|1769445003
|switch|p1a: Fraudrem|Kyurem|100/100
|-ability|p1a: Fraudrem|Pressure
|turn|15
|
|t:|1769445008
|move|p2a: Ceruledge|Shadow Sneak|p1a: Fraudrem
|-damage|p1a: Fraudrem|64/100
|move|p1a: Fraudrem|Earth Power|p2a: Ceruledge
|-supereffective|p2a: Ceruledge
|-damage|p2a: Ceruledge|0 fnt
|faint|p2a: Ceruledge
|
|upkeep
|
|t:|1769445025
|switch|p2a: Dragonite|Dragonite, M|100/100
|turn|16
|
|t:|1769445028
|move|p2a: Dragonite|Dragon Dance|p2a: Dragonite
|-boost|p2a: Dragonite|atk|1
|-boost|p2a: Dragonite|spe|1
|move|p1a: Fraudrem|Dragon Tail|p2a: Dragonite
|-supereffective|p2a: Dragonite
|-damage|p2a: Dragonite|74/100
|-enditem|p2a: Dragonite|Weakness Policy
|-boost|p2a: Dragonite|atk|2|[from] item: Weakness Policy
|-boost|p2a: Dragonite|spa|2|[from] item: Weakness Policy
|drag|p2a: Darkrai|Darkrai|100/100
|
|upkeep
|turn|17
|
|t:|1769445034
|move|p2a: Darkrai|Nasty Plot|p2a: Darkrai
|-boost|p2a: Darkrai|spa|2
|move|p1a: Fraudrem|Freeze-Dry|p2a: Darkrai
|-damage|p2a: Darkrai|54/100
|
|upkeep
|turn|18
|
|t:|1769445041
|move|p2a: Darkrai|Dark Pulse|p1a: Fraudrem
|-damage|p1a: Fraudrem|0 fnt
|faint|p1a: Fraudrem
|
|upkeep
|
|t:|1769445044
|switch|p1a: Slowking|Slowking-Galar, M|100/100
|turn|19
|
|t:|1769445048
|move|p2a: Darkrai|Dark Pulse|p1a: Slowking
|-supereffective|p1a: Slowking
|-damage|p1a: Slowking|5/100
|move|p1a: Slowking|Sludge Bomb|p2a: Darkrai
|-damage|p2a: Darkrai|7/100
|
|upkeep
|turn|20
|-message|OUFR Test Alt 13 forfeited.
|
|win|GMJohnny
|raw|OUFR Test Alt 13's rating: 1435 &rarr; <strong>1413</strong><br />(-22 for losing)
|raw|GMJohnny's rating: 1400 &rarr; <strong>1422</strong><br />(+22 for winning)
|l|☆OUFR Test Alt 13
|player|p1|
