|j|☆Zoffy312
|j|☆Z-A Fynx
|t:|1769408090
|gametype|singles
|player|p1|Zoffy312|policeman|1235
|player|p2|Z-A Fynx|2|1235
|gen|9
|tier|[Gen 9] OU
|rated|
|rule|HP Percentage Mod: HP is shown in percentages
|rule|Endless Battle Clause: Forcing endless battles is banned
|rule|Species Clause: Limit one of each Pokémon
|rule|OHKO Clause: OHKO moves are banned
|rule|Evasion Items Clause: Evasion items are banned
|rule|Evasion Moves Clause: Evasion moves are banned
|rule|Evasion Abilities Clause: Evasion abilities are banned
|rule|Sleep Moves Clause: Sleep-inducing moves are banned
|clearpoke
|poke|p1|Incineroar, F|
|poke|p1|Landorus-Therian, M|
|poke|p1|Lokix, M|
|poke|p1|Pawmot, F|
|poke|p1|Kingambit, F|
|poke|p1|Hydreigon, F|
|poke|p2|Gliscor, M|
|poke|p2|Slowking-Galar, F|
|poke|p2|Ogerpon-Wellspring, F|
|poke|p2|Heatran, F|
|poke|p2|Great Tusk|
|poke|p2|Iron Valiant|
|teampreview
|inactive|Battle timer is ON: inactive players will automatically lose when time's up. (requested by Z-A Fynx)
|
|t:|1769408113
|teamsize|p1|6
|teamsize|p2|6
|start
|switch|p1a: Luchs|Landorus-Therian, M|100/100
|switch|p2a: Gliscor|Gliscor, M, shiny|100/100
|-ability|p1a: Luchs|Intimidate|boost
|-unboost|p2a: Gliscor|atk|1
|turn|1
|
|t:|1769408123
|move|p2a: Gliscor|Swords Dance|p2a: Gliscor
|-boost|p2a: Gliscor|atk|2
|move|p1a: Luchs|Taunt|p2a: Gliscor
|-start|p2a: Gliscor|move: Taunt
|
|-status|p2a: Gliscor|tox|[from] item: Toxic Orb
|upkeep
|turn|2
|
|t:|1769408134
|switch|p2a: Ogerpon|Ogerpon-Wellspring, F|100/100
|move|p1a: Luchs|Stealth Rock|p2a: Ogerpon
|-sidestart|p2: Z-A Fynx|move: Stealth Rock
|
|upkeep
|turn|3
|
|t:|1769408146
|move|p2a: Ogerpon|Ivy Cudgel|p1a: Luchs|[anim] Ivy Cudgel Water
|-supereffective|p1a: Luchs
|-crit|p1a: Luchs
|-damage|p1a: Luchs|0 fnt
|faint|p1a: Luchs
|
|upkeep
|
|t:|1769408160
|switch|p1a: Tiger|Incineroar, F|100/100
|-ability|p1a: Tiger|Intimidate|boost
|-unboost|p2a: Ogerpon|atk|1
|turn|4
|
|t:|1769408170
|move|p1a: Tiger|Fake Out|p2a: Ogerpon
|-damage|p2a: Ogerpon|87/100
|cant|p2a: Ogerpon|flinch
|
|upkeep
|turn|5
|
|t:|1769408179
|move|p2a: Ogerpon|Swords Dance|p2a: Ogerpon
|-boost|p2a: Ogerpon|atk|2
|move|p1a: Tiger|Will-O-Wisp|p2a: Ogerpon|[miss]
|-miss|p1a: Tiger|p2a: Ogerpon
|
|upkeep
|turn|6
|
|t:|1769408185
|move|p2a: Ogerpon|Ivy Cudgel|p1a: Tiger|[anim] Ivy Cudgel Water
|-supereffective|p1a: Tiger
|-damage|p1a: Tiger|0 fnt
|faint|p1a: Tiger
|
|upkeep
|
|t:|1769408192
|switch|p1a: Grasshopper|Lokix, M|100/100
|turn|7
|
|t:|1769408199
|switch|p2a: Heatran|Heatran, F|100/100
|-damage|p2a: Heatran|88/100|[from] Stealth Rock
|move|p1a: Grasshopper|First Impression|p2a: Heatran
|-resisted|p2a: Heatran
|-damage|p2a: Heatran|62/100
|-damage|p1a: Grasshopper|91/100|[from] item: Life Orb
|
|-heal|p2a: Heatran|68/100|[from] item: Leftovers
|upkeep
|turn|8
|
|t:|1769408211
|move|p1a: Grasshopper|U-turn|p2a: Heatran
|-resisted|p2a: Heatran
|-damage|p2a: Heatran|48/100
|-damage|p1a: Grasshopper|81/100|[from] item: Life Orb
|
|t:|1769408225
|switch|p1a: Maus|Pawmot, F|100/100|[from] U-turn
|move|p2a: Heatran|Magma Storm|p1a: Maus
|-damage|p1a: Maus|0 fnt
|faint|p1a: Maus
|
|-heal|p2a: Heatran|54/100|[from] item: Leftovers
|upkeep
|-message|Zoffy312 forfeited.
|
|win|Z-A Fynx
|raw|Zoffy312's rating: 1235 &rarr; <strong>1210</strong><br />(-25 for losing)
|raw|Z-A Fynx's rating: 1235 &rarr; <strong>1260</strong><br />(+25 for winning)
|l|☆Zoffy312
|player|p1|
|l|☆Z-A Fynx
|player|p2|
