|j|☆1colour
|j|☆ferrydiscs
|t:|1769381518
|gametype|singles
|player|p1|1colour|parasollady|1642
|player|p2|ferrydiscs|will|1609
|gen|9
|tier|[Gen 9] OU
|rated|
|rule|HP Percentage Mod: HP is shown in percentages
|rule|Endless Battle Clause: Forcing endless battles is banned
|rule|Species Clause: Limit one of each Pokémon
|rule|OHKO Clause: OHKO moves are banned
|rule|Evasion Items Clause: Evasion items are banned
|rule|Evasion Moves Clause: Evasion moves are banned
|rule|Evasion Abilities Clause: Evasion abilities are banned
|rule|Sleep Moves Clause: Sleep-inducing moves are banned
|clearpoke
|poke|p1|Cinderace, F|
|poke|p1|Rillaboom, F|
|poke|p1|Jirachi|
|poke|p1|Regidrago|
|poke|p1|Glimmora, F|
|poke|p1|Mimikyu, F|
|poke|p2|Tyranitar, M|
|poke|p2|Excadrill, M|
|poke|p2|Tornadus-Therian, M|
|poke|p2|Tinkaton, F|
|poke|p2|Sinistcha|
|poke|p2|Toxapex, M|
|teampreview
|
|t:|1769381537
|teamsize|p1|6
|teamsize|p2|6
|start
|switch|p1a: Glimmora|Glimmora, F, shiny|100/100
|switch|p2a: Tinkaton|Tinkaton, F, shiny|100/100
|-item|p2a: Tinkaton|Air Balloon
|turn|1
|
|t:|1769381545
|move|p2a: Tinkaton|Gigaton Hammer|p1a: Glimmora
|-supereffective|p1a: Glimmora
|-damage|p1a: Glimmora|5/100
|-activate|p1a: Glimmora|ability: Toxic Debris
|-sidestart|p2: ferrydiscs|move: Toxic Spikes
|move|p1a: Glimmora|Power Gem|p2a: Tinkaton
|-resisted|p2a: Tinkaton
|-damage|p2a: Tinkaton|82/100
|-enditem|p2a: Tinkaton|Air Balloon
|
|upkeep
|turn|2
|
|t:|1769381548
|move|p2a: Tinkaton|Ice Hammer|p1a: Glimmora
|-damage|p1a: Glimmora|0 fnt
|-unboost|p2a: Tinkaton|spe|1
|-damage|p2a: Tinkaton|66/100|[from] item: Rocky Helmet|[of] p1a: Glimmora
|-activate|p1a: Glimmora|ability: Toxic Debris
|-sidestart|p2: ferrydiscs|move: Toxic Spikes
|faint|p1a: Glimmora
|
|upkeep
|
|t:|1769381564
|switch|p1a: Jirachi|Jirachi|100/100
|turn|3
|
|t:|1769381566
|switch|p2a: Toxapex|Toxapex, M, shiny|100/100
|-sideend|p2: ferrydiscs|move: Toxic Spikes|[of] p2a: Toxapex
|move|p1a: Jirachi|Doom Desire|p2a: Toxapex
|-start|p1a: Jirachi|Doom Desire
|
|upkeep
|turn|4
|
|t:|1769381581
|switch|p1a: Regidrago|Regidrago|100/100
|switch|p2a: Excadrill|Excadrill, M, shiny|100/100
|
|upkeep
|turn|5
|
|t:|1769381595
|switch|p2a: Tornadus|Tornadus-Therian, M, shiny|100/100
|-terastallize|p1a: Regidrago|Dragon
|move|p1a: Regidrago|Dragon Energy|p2a: Tornadus
|-damage|p2a: Tornadus|0 fnt
|faint|p2a: Tornadus
|
|-hint|Doom Desire did not hit because the target is fainted.
|upkeep
|
|t:|1769381609
|switch|p2a: Tinkaton|Tinkaton, F, shiny|66/100
|turn|6
|
|t:|1769381616
|switch|p1a: Cinderace|Cinderace, F|100/100
|move|p2a: Tinkaton|Gigaton Hammer|p1a: Cinderace
|-resisted|p1a: Cinderace
|-damage|p1a: Cinderace|61/100
|
|upkeep
|turn|7
|
|t:|1769381620
|switch|p2a: Toxapex|Toxapex, M, shiny|100/100
|move|p1a: Cinderace|U-turn|p2a: Toxapex
|-start|p1a: Cinderace|typechange|Bug|[from] ability: Libero
|-resisted|p2a: Toxapex
|-damage|p2a: Toxapex|89/100
|-enditem|p2a: Toxapex|Eject Button
|
|t:|1769381623
|switch|p2a: Tyranitar|Tyranitar, M, shiny|100/100
|-weather|Sandstorm|[from] ability: Sand Stream|[of] p2a: Tyranitar
|
|-weather|Sandstorm|[upkeep]
|-damage|p1a: Cinderace|55/100|[from] Sandstorm
|upkeep
|turn|8
|
|t:|1769381629
|switch|p2a: Tinkaton|Tinkaton, F, shiny|66/100
|move|p1a: Cinderace|U-turn|p2a: Tinkaton
|-resisted|p2a: Tinkaton
|-damage|p2a: Tinkaton|55/100
|-enditem|p1a: Cinderace|Heavy-Duty Boots|[silent]|[from] ability: Pickpocket|[of] p1a: Cinderace
|-item|p2a: Tinkaton|Heavy-Duty Boots|[from] ability: Pickpocket|[of] p1a: Cinderace
|
|t:|1769381638
|switch|p1a: Jirachi|Jirachi|100/100|[from] U-turn
|
|-weather|Sandstorm|[upkeep]
|upkeep
|turn|9
|
|t:|1769381646
|switch|p2a: Tyranitar|Tyranitar, M, shiny|100/100
|move|p1a: Jirachi|Doom Desire|p2a: Tyranitar
|-start|p1a: Jirachi|Doom Desire
|
|-weather|Sandstorm|[upkeep]
|upkeep
|turn|10
|
|t:|1769381650
|switch|p1a: Rillaboom|Rillaboom, F|100/100
|-fieldstart|move: Grassy Terrain|[from] ability: Grassy Surge|[of] p1a: Rillaboom
|move|p2a: Tyranitar|Knock Off|p1a: Rillaboom
|-damage|p1a: Rillaboom|12/100
|-enditem|p1a: Rillaboom|Choice Band|[from] move: Knock Off|[of] p2a: Tyranitar
|
|-weather|Sandstorm|[upkeep]
|-damage|p1a: Rillaboom|6/100|[from] Sandstorm
|-heal|p1a: Rillaboom|12/100|[from] Grassy Terrain
|upkeep
|turn|11
|
|t:|1769381659
|switch|p2a: Sinistcha|Sinistcha, shiny|100/100
|move|p1a: Rillaboom|Grassy Glide|p2a: Sinistcha
|-resisted|p2a: Sinistcha
|-damage|p2a: Sinistcha|87/100
|
|-weather|none
|-end|p2a: Sinistcha|move: Doom Desire
|-damage|p2a: Sinistcha|33/100
|-heal|p1a: Rillaboom|18/100|[from] Grassy Terrain
|-heal|p2a: Sinistcha|39/100|[from] Grassy Terrain
|-heal|p2a: Sinistcha|45/100|[from] item: Leftovers
|upkeep
|turn|12
|
|t:|1769381668
|move|p1a: Rillaboom|Knock Off|p2a: Sinistcha
|-supereffective|p2a: Sinistcha
|-damage|p2a: Sinistcha|0 fnt
|-enditem|p2a: Sinistcha|Leftovers|[from] move: Knock Off|[of] p1a: Rillaboom
|faint|p2a: Sinistcha
|
|-heal|p1a: Rillaboom|24/100|[from] Grassy Terrain
|upkeep
|
|t:|1769381672
|switch|p2a: Tinkaton|Tinkaton, F, shiny|55/100
|turn|13
|
|t:|1769381676
|switch|p1a: Cinderace|Cinderace, F|55/100
|move|p2a: Tinkaton|Gigaton Hammer|p1a: Cinderace
|-resisted|p1a: Cinderace
|-damage|p1a: Cinderace|14/100
|
|-heal|p1a: Cinderace|20/100|[from] Grassy Terrain
|-heal|p2a: Tinkaton|62/100|[from] Grassy Terrain
|upkeep
|turn|14
|
|t:|1769381682
|switch|p2a: Toxapex|Toxapex, M, shiny|100/100
|move|p1a: Cinderace|Pyro Ball|p2a: Toxapex|[miss]
|-miss|p1a: Cinderace|p2a: Toxapex
|
|-heal|p1a: Cinderace|26/100|[from] Grassy Terrain
|-fieldend|move: Grassy Terrain
|upkeep
|turn|15
|
|t:|1769381689
|move|p1a: Cinderace|U-turn|p2a: Toxapex
|-start|p1a: Cinderace|typechange|Bug|[from] ability: Libero
|-resisted|p2a: Toxapex
|-damage|p2a: Toxapex|89/100
|
|t:|1769381696
|switch|p1a: Regidrago|Regidrago, tera:Dragon|100/100|[from] U-turn
|move|p2a: Toxapex|Toxic|p1a: Regidrago
|-status|p1a: Regidrago|tox
|
|-damage|p1a: Regidrago|94/100 tox|[from] psn
|upkeep
|turn|16
|
|t:|1769381705
|switch|p1a: Jirachi|Jirachi|100/100
|switch|p2a: Tinkaton|Tinkaton, F, shiny|62/100
|
|upkeep
|turn|17
|
|t:|1769381715
|switch|p2a: Excadrill|Excadrill, M, shiny|100/100
|move|p1a: Jirachi|Doom Desire|p2a: Excadrill
|-start|p1a: Jirachi|Doom Desire
|
|upkeep
|turn|18
|
|t:|1769381730
|switch|p1a: Cinderace|Cinderace, F|26/100
|move|p2a: Excadrill|Substitute|p2a: Excadrill
|-start|p2a: Excadrill|Substitute
|-damage|p2a: Excadrill|76/100
|
|-heal|p2a: Excadrill|82/100|[from] item: Leftovers
|upkeep
|turn|19
|
|t:|1769381736
|move|p1a: Cinderace|Pyro Ball|p2a: Excadrill
|-supereffective|p2a: Excadrill
|-end|p2a: Excadrill|Substitute
|move|p2a: Excadrill|Rapid Spin|p1a: Cinderace
|-damage|p1a: Cinderace|0 fnt
|-boost|p2a: Excadrill|spe|1
|faint|p1a: Cinderace
|
|-end|p2a: Excadrill|move: Doom Desire
|-resisted|p2a: Excadrill
|-damage|p2a: Excadrill|48/100
|-heal|p2a: Excadrill|54/100|[from] item: Leftovers
|upkeep
|
|t:|1769381742
|switch|p1a: Rillaboom|Rillaboom, F|24/100
|-fieldstart|move: Grassy Terrain|[from] ability: Grassy Surge|[of] p1a: Rillaboom
|turn|20
|
|t:|1769381756
|switch|p2a: Tinkaton|Tinkaton, F, shiny|62/100
|move|p1a: Rillaboom|Grassy Glide|p2a: Tinkaton
|-resisted|p2a: Tinkaton
|-damage|p2a: Tinkaton|35/100
|
|-heal|p2a: Tinkaton|41/100|[from] Grassy Terrain
|-heal|p1a: Rillaboom|30/100|[from] Grassy Terrain
|upkeep
|turn|21
|
|t:|1769381790
|switch|p2a: Tyranitar|Tyranitar, M, shiny|100/100
|-weather|Sandstorm|[from] ability: Sand Stream|[of] p2a: Tyranitar
|move|p1a: Rillaboom|Grassy Glide|p2a: Tyranitar
|-supereffective|p2a: Tyranitar
|-damage|p2a: Tyranitar|32/100
|
|-weather|Sandstorm|[upkeep]
|-damage|p1a: Rillaboom|24/100|[from] Sandstorm
|-heal|p1a: Rillaboom|30/100|[from] Grassy Terrain
|-heal|p2a: Tyranitar|38/100|[from] Grassy Terrain
|upkeep
|turn|22
|
|t:|1769381795
|switch|p2a: Toxapex|Toxapex, M, shiny|100/100
|move|p1a: Rillaboom|Grassy Glide|p2a: Toxapex
|-damage|p2a: Toxapex|70/100
|
|-weather|Sandstorm|[upkeep]
|-damage|p1a: Rillaboom|24/100|[from] Sandstorm
|-damage|p2a: Toxapex|64/100|[from] Sandstorm
|-heal|p1a: Rillaboom|30/100|[from] Grassy Terrain
|-heal|p2a: Toxapex|70/100|[from] Grassy Terrain
|upkeep
|turn|23
|
|t:|1769381804
|switch|p1a: Jirachi|Jirachi|100/100
|move|p2a: Toxapex|Toxic|p1a: Jirachi
|-immune|p1a: Jirachi
|
|-weather|Sandstorm|[upkeep]
|-damage|p2a: Toxapex|64/100|[from] Sandstorm
|-heal|p2a: Toxapex|70/100|[from] Grassy Terrain
|upkeep
|turn|24
|
|t:|1769381812
|switch|p2a: Excadrill|Excadrill, M, shiny|54/100
|move|p1a: Jirachi|Psychic Noise|p2a: Excadrill
|-resisted|p2a: Excadrill
|-damage|p2a: Excadrill|37/100
|-start|p2a: Excadrill|move: Heal Block
|
|-weather|Sandstorm|[upkeep]
|-fieldend|move: Grassy Terrain
|upkeep
|turn|25
|
|t:|1769381829
|move|p2a: Excadrill|Rock Slide|p1a: Jirachi|[miss]
|-miss|p2a: Excadrill|p1a: Jirachi
|move|p1a: Jirachi|Doom Desire|p2a: Excadrill
|-start|p1a: Jirachi|Doom Desire
|
|-weather|none
|-end|p2a: Excadrill|move: Heal Block
|upkeep
|turn|26
|
|t:|1769381837
|move|p1a: Jirachi|Protect|p1a: Jirachi
|-singleturn|p1a: Jirachi|Protect
|move|p2a: Excadrill|Earthquake|p1a: Jirachi
|-activate|p1a: Jirachi|move: Protect
|
|-heal|p2a: Excadrill|43/100|[from] item: Leftovers
|upkeep
|turn|27
|
|t:|1769381844
|switch|p1a: Rillaboom|Rillaboom, F|30/100
|-fieldstart|move: Grassy Terrain|[from] ability: Grassy Surge|[of] p1a: Rillaboom
|move|p2a: Excadrill|Earthquake|p1a: Rillaboom
|-resisted|p1a: Rillaboom
|-damage|p1a: Rillaboom|16/100
|
|-end|p2a: Excadrill|move: Doom Desire
|-resisted|p2a: Excadrill
|-damage|p2a: Excadrill|8/100
|-heal|p2a: Excadrill|14/100|[from] Grassy Terrain
|-heal|p2a: Excadrill|20/100|[from] item: Leftovers
|-heal|p1a: Rillaboom|23/100|[from] Grassy Terrain
|upkeep
|turn|28
|
|t:|1769381852
|switch|p2a: Toxapex|Toxapex, M, shiny|100/100
|move|p1a: Rillaboom|Grassy Glide|p2a: Toxapex
|-damage|p2a: Toxapex|72/100
|
|-heal|p1a: Rillaboom|29/100|[from] Grassy Terrain
|-heal|p2a: Toxapex|78/100|[from] Grassy Terrain
|upkeep
|turn|29
|
|t:|1769381866
|switch|p1a: Regidrago|Regidrago, tera:Dragon|94/100 tox
|switch|p2a: Tyranitar|Tyranitar, M, shiny|38/100
|-weather|Sandstorm|[from] ability: Sand Stream|[of] p2a: Tyranitar
|
|-weather|Sandstorm|[upkeep]
|-damage|p1a: Regidrago|88/100 tox|[from] Sandstorm
|-heal|p1a: Regidrago|94/100 tox|[from] Grassy Terrain
|-heal|p2a: Tyranitar|44/100|[from] Grassy Terrain
|-damage|p1a: Regidrago|88/100 tox|[from] psn
|upkeep
|turn|30
|
|t:|1769381870
|switch|p2a: Tinkaton|Tinkaton, F, shiny|41/100
|move|p1a: Regidrago|Earth Power|p2a: Tinkaton
|-supereffective|p2a: Tinkaton
|-damage|p2a: Tinkaton|0 fnt
|faint|p2a: Tinkaton
|
|-weather|Sandstorm|[upkeep]
|-damage|p1a: Regidrago|82/100 tox|[from] Sandstorm
|-heal|p1a: Regidrago|88/100 tox|[from] Grassy Terrain
|-damage|p1a: Regidrago|76/100 tox|[from] psn
|upkeep
|
|t:|1769381875
|switch|p2a: Tyranitar|Tyranitar, M, shiny|44/100
|turn|31
|
|t:|1769381889
|switch|p1a: Mimikyu|Mimikyu, F, shiny|100/100
|move|p2a: Tyranitar|Knock Off|p1a: Mimikyu
|-activate|p1a: Mimikyu|ability: Disguise
|-damage|p1a: Mimikyu|100/100
|-enditem|p1a: Mimikyu|Red Card|[from] move: Knock Off|[of] p2a: Tyranitar
|detailschange|p1a: Mimikyu|Mimikyu-Busted, F, shiny
|-damage|p1a: Mimikyu|88/100|[from] pokemon: Mimikyu-Busted
|
|-weather|Sandstorm|[upkeep]
|-damage|p1a: Mimikyu|82/100|[from] Sandstorm
|-heal|p1a: Mimikyu|88/100|[from] Grassy Terrain
|-heal|p2a: Tyranitar|50/100|[from] Grassy Terrain
|-fieldend|move: Grassy Terrain
|upkeep
|turn|32
|
|t:|1769381895
|switch|p2a: Toxapex|Toxapex, M, shiny|100/100
|move|p1a: Mimikyu|Swords Dance|p1a: Mimikyu
|-boost|p1a: Mimikyu|atk|2
|
|-weather|Sandstorm|[upkeep]
|-damage|p1a: Mimikyu|82/100|[from] Sandstorm
|-damage|p2a: Toxapex|95/100|[from] Sandstorm
|upkeep
|turn|33
|
|t:|1769381897
|move|p1a: Mimikyu|Shadow Claw|p2a: Toxapex
|-damage|p2a: Toxapex|52/100
|move|p2a: Toxapex|Toxic|p1a: Mimikyu
|-status|p1a: Mimikyu|tox
|
|-weather|none
|-damage|p1a: Mimikyu|76/100 tox|[from] psn
|upkeep
|turn|34
|
|t:|1769381903
|move|p1a: Mimikyu|Shadow Claw|p2a: Toxapex
|-damage|p2a: Toxapex|8/100
|move|p2a: Toxapex|Recover|p2a: Toxapex
|-heal|p2a: Toxapex|58/100
|
|-damage|p1a: Mimikyu|64/100 tox|[from] psn
|upkeep
|turn|35
|
|t:|1769381907
|move|p1a: Mimikyu|Shadow Claw|p2a: Toxapex
|-damage|p2a: Toxapex|17/100
|move|p2a: Toxapex|Haze|p2a: Toxapex
|-clearallboost
|
|-damage|p1a: Mimikyu|46/100 tox|[from] psn
|upkeep
|turn|36
|
|t:|1769381910
|switch|p2a: Tyranitar|Tyranitar, M, shiny|50/100
|-weather|Sandstorm|[from] ability: Sand Stream|[of] p2a: Tyranitar
|move|p1a: Mimikyu|Shadow Claw|p2a: Tyranitar
|-resisted|p2a: Tyranitar
|-damage|p2a: Tyranitar|36/100
|
|-weather|Sandstorm|[upkeep]
|-damage|p1a: Mimikyu|40/100 tox|[from] Sandstorm
|-damage|p1a: Mimikyu|16/100 tox|[from] psn
|upkeep
|turn|37
|
|t:|1769381916
|switch|p2a: Toxapex|Toxapex, M, shiny|51/100
|move|p1a: Mimikyu|Shadow Claw|p2a: Toxapex
|-crit|p2a: Toxapex
|-damage|p2a: Toxapex|22/100
|
|-weather|Sandstorm|[upkeep]
|-damage|p1a: Mimikyu|10/100 tox|[from] Sandstorm
|-damage|p2a: Toxapex|16/100|[from] Sandstorm
|-damage|p1a: Mimikyu|0 fnt|[from] psn
|faint|p1a: Mimikyu
|upkeep
|
|t:|1769381919
|switch|p1a: Regidrago|Regidrago, tera:Dragon|76/100 tox
|turn|38
|
|t:|1769381926
|switch|p2a: Excadrill|Excadrill, M, shiny|20/100
|move|p1a: Regidrago|Dragon Pulse|p2a: Excadrill
|-resisted|p2a: Excadrill
|-damage|p2a: Excadrill|0 fnt
|faint|p2a: Excadrill
|
|-weather|Sandstorm|[upkeep]
|-damage|p1a: Regidrago|70/100 tox|[from] Sandstorm
|-damage|p1a: Regidrago|64/100 tox|[from] psn
|upkeep
|
|t:|1769381930
|switch|p2a: Toxapex|Toxapex, M, shiny|49/100
|turn|39
|c|☆1colour|gg
|
|t:|1769381937
|-terastallize|p2a: Toxapex|Fairy
|move|p1a: Regidrago|Dragon Pulse|p2a: Toxapex
|-immune|p2a: Toxapex
|move|p2a: Toxapex|Toxic Spikes|p1a: Regidrago
|-sidestart|p1: 1colour|move: Toxic Spikes
|
|-weather|Sandstorm|[upkeep]
|-damage|p1a: Regidrago|58/100 tox|[from] Sandstorm
|-damage|p2a: Toxapex|43/100|[from] Sandstorm
|-damage|p1a: Regidrago|46/100 tox|[from] psn
|upkeep
|turn|40
|
|t:|1769381940
|switch|p1a: Jirachi|Jirachi|100/100
|move|p2a: Toxapex|Recover|p2a: Toxapex
|-heal|p2a: Toxapex|94/100
|
|-weather|none
|upkeep
|turn|41
|
|t:|1769381949
|move|p1a: Jirachi|Doom Desire|p2a: Toxapex
|-start|p1a: Jirachi|Doom Desire
|move|p2a: Toxapex|Toxic Spikes|p1a: Jirachi
|-sidestart|p1: 1colour|move: Toxic Spikes
|
|upkeep
|turn|42
|
|t:|1769381960
|move|p1a: Jirachi|Psychic Noise|p2a: Toxapex
|-damage|p2a: Toxapex|74/100
|-start|p2a: Toxapex|move: Heal Block
|move|p2a: Toxapex|Toxic|p1a: Jirachi
|-immune|p1a: Jirachi
|
|upkeep
|turn|43
|
|t:|1769381968
|move|p1a: Jirachi|Psychic Noise|p2a: Toxapex
|-damage|p2a: Toxapex|56/100
|move|p2a: Toxapex|Toxic|p1a: Jirachi
|-immune|p1a: Jirachi
|
|-end|p2a: Toxapex|move: Doom Desire
|-supereffective|p2a: Toxapex
|-damage|p2a: Toxapex|0 fnt
|faint|p2a: Toxapex
|upkeep
|
|t:|1769381971
|switch|p2a: Tyranitar|Tyranitar, M, shiny|36/100
|-weather|Sandstorm|[from] ability: Sand Stream|[of] p2a: Tyranitar
|turn|44
|c|☆ferrydiscs|gg
|
|t:|1769381974
|move|p1a: Jirachi|Doom Desire|p2a: Tyranitar
|-start|p1a: Jirachi|Doom Desire
|move|p2a: Tyranitar|Knock Off|p1a: Jirachi
|-supereffective|p1a: Jirachi
|-damage|p1a: Jirachi|0 fnt
|-enditem|p1a: Jirachi|Leftovers|[from] move: Knock Off|[of] p2a: Tyranitar
|faint|p1a: Jirachi
|
|-weather|Sandstorm|[upkeep]
|upkeep
|
|t:|1769381978
|switch|p1a: Rillaboom|Rillaboom, F|29/100
|-status|p1a: Rillaboom|tox
|-fieldstart|move: Grassy Terrain|[from] ability: Grassy Surge|[of] p1a: Rillaboom
|turn|45
|
|t:|1769381980
|move|p1a: Rillaboom|Grassy Glide|p2a: Tyranitar
|-supereffective|p2a: Tyranitar
|-damage|p2a: Tyranitar|0 fnt
|faint|p2a: Tyranitar
|
|win|1colour
|raw|1colour's rating: 1642 &rarr; <strong>1660</strong><br />(+18 for winning)
|raw|ferrydiscs's rating: 1609 &rarr; <strong>1591</strong><br />(-18 for losing)
|l|☆1colour
|player|p1|
|l|☆ferrydiscs
|player|p2|
