|j|☆Gyo99
|j|☆17bees57
|t:|1769297956
|gametype|singles
|player|p1|Gyo99|rocketgrunt|1483
|player|p2|17bees57|roxie|1496
|gen|9
|tier|[Gen 9] OU
|rated|
|rule|HP Percentage Mod: HP is shown in percentages
|rule|Endless Battle Clause: Forcing endless battles is banned
|rule|Species Clause: Limit one of each Pokémon
|rule|OHKO Clause: OHKO moves are banned
|rule|Evasion Items Clause: Evasion items are banned
|rule|Evasion Moves Clause: Evasion moves are banned
|rule|Evasion Abilities Clause: Evasion abilities are banned
|rule|Sleep Moves Clause: Sleep-inducing moves are banned
|clearpoke
|poke|p1|Garchomp, M|
|poke|p1|Corviknight, M|
|poke|p1|Clefable, F|
|poke|p1|Swampert, F|
|poke|p1|Cinderace, F|
|poke|p1|Darkrai|
|poke|p2|Moltres|
|poke|p2|Slowking-Galar, F|
|poke|p2|Scizor, F|
|poke|p2|Samurott-Hisui, M|
|poke|p2|Great Tusk|
|poke|p2|Raging Bolt|
|teampreview
|
|t:|1769297978
|teamsize|p1|6
|teamsize|p2|6
|start
|switch|p1a: Clefable|Clefable, F, shiny|100/100
|switch|p2a: Great Tusk|Great Tusk|100/100
|turn|1
|
|t:|1769297989
|move|p2a: Great Tusk|Stealth Rock|p1a: Clefable
|-sidestart|p1: Gyo99|move: Stealth Rock
|move|p1a: Clefable|Moonblast|p2a: Great Tusk
|-supereffective|p2a: Great Tusk
|-damage|p2a: Great Tusk|5/100
|
|upkeep
|turn|2
|
|t:|1769297997
|switch|p1a: Corviknight|Corviknight, M, shiny|100/100
|-damage|p1a: Corviknight|88/100|[from] Stealth Rock
|move|p2a: Great Tusk|Headlong Rush|p1a: Corviknight
|-immune|p1a: Corviknight
|
|upkeep
|turn|3
|
|t:|1769298008
|-end|p2a: Great Tusk|Protosynthesis|[silent]
|switch|p2a: Raging Bolt|Raging Bolt|100/100
|move|p1a: Corviknight|Defog|p2a: Raging Bolt
|-unboost|p2a: Raging Bolt|evasion|1
|-sideend|p1: Gyo99|Stealth Rock|[from] move: Defog|[of] p1a: Corviknight
|
|upkeep
|turn|4
|
|t:|1769298016
|switch|p1a: Swampert|Swampert, F|100/100
|move|p2a: Raging Bolt|Dragon Pulse|p1a: Swampert
|-damage|p1a: Swampert|66/100
|
|-heal|p1a: Swampert|72/100|[from] item: Leftovers
|upkeep
|turn|5
|
|t:|1769298027
|-end|p2a: Raging Bolt|Protosynthesis|[silent]
|switch|p2a: Samurott|Samurott-Hisui, M|100/100
|move|p1a: Swampert|Stealth Rock|p2a: Samurott
|-sidestart|p2: 17bees57|move: Stealth Rock
|
|-heal|p1a: Swampert|79/100|[from] item: Leftovers
|upkeep
|turn|6
|
|t:|1769298038
|move|p2a: Samurott|Ceaseless Edge|p1a: Swampert
|-damage|p1a: Swampert|40/100
|-sidestart|p1: Gyo99|Spikes
|move|p1a: Swampert|Knock Off|p2a: Samurott
|-resisted|p2a: Samurott
|-damage|p2a: Samurott|84/100
|-enditem|p2a: Samurott|Choice Scarf|[from] move: Knock Off|[of] p1a: Swampert
|
|-heal|p1a: Swampert|47/100|[from] item: Leftovers
|upkeep
|turn|7
|
|t:|1769298049
|switch|p1a: Corviknight|Corviknight, M, shiny|88/100
|move|p2a: Samurott|Flip Turn|p1a: Corviknight
|-crit|p1a: Corviknight
|-damage|p1a: Corviknight|65/100
|-damage|p2a: Samurott|67/100|[from] item: Rocky Helmet|[of] p1a: Corviknight
|
|t:|1769298061
|switch|p2a: Moltres|Moltres|100/100|[from] Flip Turn
|
|upkeep
|turn|8
|
|t:|1769298068
|move|p2a: Moltres|U-turn|p1a: Corviknight
|-resisted|p1a: Corviknight
|-damage|p1a: Corviknight|63/100
|-damage|p2a: Moltres|84/100|[from] item: Rocky Helmet|[of] p1a: Corviknight
|
|t:|1769298079
|switch|p2a: Slowking|Slowking-Galar, F|100/100|[from] U-turn
|move|p1a: Corviknight|U-turn|p2a: Slowking
|-damage|p2a: Slowking|86/100
|
|t:|1769298085
|switch|p1a: Swampert|Swampert, F|47/100|[from] U-turn
|-damage|p1a: Swampert|34/100|[from] Spikes
|
|-heal|p1a: Swampert|40/100|[from] item: Leftovers
|upkeep
|turn|9
|
|t:|1769298095
|switch|p2a: Moltres|Moltres|84/100
|move|p1a: Swampert|Knock Off|p2a: Moltres
|-damage|p2a: Moltres|68/100
|-status|p1a: Swampert|brn|[from] ability: Flame Body|[of] p2a: Moltres
|-enditem|p2a: Moltres|Heavy-Duty Boots|[from] move: Knock Off|[of] p1a: Swampert
|
|-heal|p1a: Swampert|47/100 brn|[from] item: Leftovers
|-damage|p1a: Swampert|40/100 brn|[from] brn
|upkeep
|turn|10
|
|t:|1769298118
|-terastallize|p2a: Moltres|Grass
|move|p1a: Swampert|Flip Turn|p2a: Moltres
|-resisted|p2a: Moltres
|-damage|p2a: Moltres|64/100
|
|t:|1769298129
|switch|p1a: Cinderace|Cinderace, F, shiny|100/100|[from] Flip Turn
|-damage|p1a: Cinderace|88/100|[from] Spikes
|move|p2a: Moltres|Roar|p1a: Cinderace
|drag|p1a: Corviknight|Corviknight, M, shiny|63/100
|
|upkeep
|turn|11
|
|t:|1769298139
|switch|p1a: Cinderace|Cinderace, F, shiny|88/100
|-damage|p1a: Cinderace|76/100|[from] Spikes
|move|p2a: Moltres|Flamethrower|p1a: Cinderace
|-resisted|p1a: Cinderace
|-damage|p1a: Cinderace|51/100
|
|upkeep
|turn|12
|
|t:|1769298148
|switch|p2a: Raging Bolt|Raging Bolt|100/100
|move|p1a: Cinderace|Pyro Ball|p2a: Raging Bolt
|-resisted|p2a: Raging Bolt
|-damage|p2a: Raging Bolt|65/100
|
|upkeep
|turn|13
|
|t:|1769298157
|switch|p1a: Swampert|Swampert, F|40/100 brn
|-damage|p1a: Swampert|28/100 brn|[from] Spikes
|move|p2a: Raging Bolt|Volt Switch|p1a: Swampert
|-immune|p1a: Swampert
|
|-heal|p1a: Swampert|34/100 brn|[from] item: Leftovers
|-damage|p1a: Swampert|28/100 brn|[from] brn
|upkeep
|turn|14
|
|t:|1769298168
|move|p2a: Raging Bolt|Dragon Pulse|p1a: Swampert
|-damage|p1a: Swampert|0 fnt
|faint|p1a: Swampert
|
|upkeep
|
|t:|1769298177
|switch|p1a: Darkrai|Darkrai, shiny|100/100
|-damage|p1a: Darkrai|88/100|[from] Spikes
|turn|15
|
|t:|1769298187
|-end|p2a: Raging Bolt|Protosynthesis|[silent]
|switch|p2a: Scizor|Scizor, F|100/100
|-damage|p2a: Scizor|88/100|[from] Stealth Rock
|move|p1a: Darkrai|Dark Pulse|p2a: Scizor
|-damage|p2a: Scizor|0 fnt
|faint|p2a: Scizor
|
|upkeep
|
|t:|1769298201
|switch|p2a: Samurott|Samurott-Hisui, M|67/100
|-damage|p2a: Samurott|55/100|[from] Stealth Rock
|turn|16
|
|t:|1769298206
|switch|p1a: Corviknight|Corviknight, M, shiny|63/100
|move|p2a: Samurott|Sacred Sword|p1a: Corviknight
|-crit|p1a: Corviknight
|-damage|p1a: Corviknight|25/100
|-damage|p2a: Samurott|39/100|[from] item: Rocky Helmet|[of] p1a: Corviknight
|
|upkeep
|turn|17
|
|t:|1769298217
|move|p2a: Samurott|Aqua Cutter|p1a: Corviknight
|-damage|p1a: Corviknight|0 fnt
|faint|p1a: Corviknight
|
|upkeep
|
|t:|1769298225
|switch|p1a: Darkrai|Darkrai, shiny|88/100
|-damage|p1a: Darkrai|76/100|[from] Spikes
|turn|18
|
|t:|1769298303
|move|p1a: Darkrai|Dark Pulse|p2a: Samurott
|-resisted|p2a: Samurott
|-damage|p2a: Samurott|0 fnt
|faint|p2a: Samurott
|
|upkeep
|
|t:|1769298308
|switch|p2a: Raging Bolt|Raging Bolt|65/100
|turn|19
|
|t:|1769298311
|move|p1a: Darkrai|Dark Pulse|p2a: Raging Bolt
|-damage|p2a: Raging Bolt|10/100
|cant|p2a: Raging Bolt|flinch
|
|upkeep
|turn|20
|-message|17bees57 forfeited.
|
|win|Gyo99
|raw|Gyo99's rating: 1483 &rarr; <strong>1504</strong><br />(+21 for winning)
|raw|17bees57's rating: 1496 &rarr; <strong>1475</strong><br />(-21 for losing)
|l|☆17bees57
|player|p2|
|l|☆Gyo99
|player|p1|
