|j|☆Palm X
|j|☆suprya
|t:|1769306445
|gametype|singles
|player|p1|Palm X|caitlin|1597
|player|p2|suprya|wattson|1588
|gen|9
|tier|[Gen 9] OU
|rated|
|rule|HP Percentage Mod: HP is shown in percentages
|rule|Endless Battle Clause: Forcing endless battles is banned
|rule|Species Clause: Limit one of each Pokémon
|rule|OHKO Clause: OHKO moves are banned
|rule|Evasion Items Clause: Evasion items are banned
|rule|Evasion Moves Clause: Evasion moves are banned
|rule|Evasion Abilities Clause: Evasion abilities are banned
|rule|Sleep Moves Clause: Sleep-inducing moves are banned
|clearpoke
|poke|p1|Dragonite, M|
|poke|p1|Gholdengo|
|poke|p1|Ting-Lu|
|poke|p1|Clefable, M|
|poke|p1|Ogerpon-Wellspring, F|
|poke|p1|Cinderace, F|
|poke|p2|Amoonguss, M|
|poke|p2|Garganacl, F|
|poke|p2|Moltres|
|poke|p2|Great Tusk|
|poke|p2|Iron Crown|
|poke|p2|Darkrai|
|teampreview
|inactive|Battle timer is ON: inactive players will automatically lose when time's up. (requested by suprya)
|inactive|Palm X also wants the timer to be on.
|j| Reixo‽♪
|l| Reixo‽♪
|j| Reixo‽♪
|
|t:|1769306459
|teamsize|p1|6
|teamsize|p2|6
|start
|switch|p1a: Perc Nowitzki|Cinderace, F, shiny|100/100
|switch|p2a: Darkrai|Darkrai|100/100
|turn|1
|
|t:|1769306469
|move|p2a: Darkrai|Dark Pulse|p1a: Perc Nowitzki
|-damage|p1a: Perc Nowitzki|45/100
|move|p1a: Perc Nowitzki|U-turn|p2a: Darkrai
|-supereffective|p2a: Darkrai
|-damage|p2a: Darkrai|51/100
|
|t:|1769306475
|switch|p1a: Popstar|Gholdengo|100/100|[from] U-turn
|
|upkeep
|turn|2
|
|t:|1769306493
|switch|p2a: Moltres|Moltres|100/100
|move|p1a: Popstar|Make It Rain|p2a: Moltres
|-resisted|p2a: Moltres
|-crit|p2a: Moltres
|-damage|p2a: Moltres|62/100
|-unboost|p1a: Popstar|spa|1
|
|upkeep
|turn|3
|
|t:|1769306502
|switch|p1a: Up Bowl On Em'|Ting-Lu|100/100
|-ability|p1a: Up Bowl On Em'|Vessel of Ruin
|move|p2a: Moltres|U-turn|p1a: Up Bowl On Em'
|-supereffective|p1a: Up Bowl On Em'
|-damage|p1a: Up Bowl On Em'|84/100
|inactive|suprya has 120 seconds left.
|
|t:|1769306543
|switch|p2a: Great Tusk|Great Tusk|100/100|[from] U-turn
|
|-heal|p1a: Up Bowl On Em'|90/100|[from] item: Leftovers
|upkeep
|turn|4
|
|t:|1769306547
|move|p2a: Great Tusk|Close Combat|p1a: Up Bowl On Em'
|-supereffective|p1a: Up Bowl On Em'
|-damage|p1a: Up Bowl On Em'|30/100
|-unboost|p2a: Great Tusk|def|1
|-unboost|p2a: Great Tusk|spd|1
|move|p1a: Up Bowl On Em'|Ruination|p2a: Great Tusk
|-damage|p2a: Great Tusk|51/100
|
|-heal|p2a: Great Tusk|57/100|[from] item: Leftovers
|-heal|p1a: Up Bowl On Em'|36/100|[from] item: Leftovers
|upkeep
|turn|5
|
|t:|1769306553
|switch|p1a: Popstar|Gholdengo|100/100
|move|p2a: Great Tusk|Knock Off|p1a: Popstar
|-supereffective|p1a: Popstar
|-damage|p1a: Popstar|33/100
|-enditem|p1a: Popstar|Choice Scarf|[from] move: Knock Off|[of] p2a: Great Tusk
|
|-heal|p2a: Great Tusk|63/100|[from] item: Leftovers
|upkeep
|turn|6
|
|t:|1769306570
|switch|p1a: WalkEmDownClef'|Clefable, M|100/100
|move|p2a: Great Tusk|Headlong Rush|p1a: WalkEmDownClef'
|-damage|p1a: WalkEmDownClef'|62/100
|-unboost|p2a: Great Tusk|def|1
|-unboost|p2a: Great Tusk|spd|1
|
|-heal|p2a: Great Tusk|69/100|[from] item: Leftovers
|-heal|p1a: WalkEmDownClef'|69/100|[from] item: Leftovers
|upkeep
|turn|7
|inactive|suprya has 120 seconds left.
|
|t:|1769306585
|-end|p2a: Great Tusk|Protosynthesis|[silent]
|switch|p2a: Amoonguss|Amoonguss, M|100/100
|move|p1a: WalkEmDownClef'|Knock Off|p2a: Amoonguss
|-damage|p2a: Amoonguss|89/100
|-enditem|p2a: Amoonguss|Rocky Helmet|[from] move: Knock Off|[of] p1a: WalkEmDownClef'
|
|-heal|p1a: WalkEmDownClef'|75/100|[from] item: Leftovers
|upkeep
|turn|8
|
|t:|1769306591
|switch|p1a: Popstar|Gholdengo|33/100
|move|p2a: Amoonguss|Sludge Bomb|p1a: Popstar
|-immune|p1a: Popstar
|
|upkeep
|turn|9
|inactive|suprya has 120 seconds left.
|
|t:|1769306618
|move|p1a: Popstar|Recover|p1a: Popstar
|-heal|p1a: Popstar|83/100
|move|p2a: Amoonguss|Stomping Tantrum|p1a: Popstar
|-supereffective|p1a: Popstar
|-damage|p1a: Popstar|26/100
|
|upkeep
|turn|10
|inactive|suprya has 120 seconds left.
|
|t:|1769306624
|switch|p2a: Moltres|Moltres|62/100
|move|p1a: Popstar|Recover|p1a: Popstar
|-heal|p1a: Popstar|76/100
|
|upkeep
|turn|11
|
|t:|1769306629
|switch|p1a: Perc Nowitzki|Cinderace, F, shiny|45/100
|move|p2a: Moltres|Flamethrower|p1a: Perc Nowitzki
|-resisted|p1a: Perc Nowitzki
|-damage|p1a: Perc Nowitzki|22/100
|
|upkeep
|turn|12
|
|t:|1769306648
|move|p1a: Perc Nowitzki|U-turn|p2a: Moltres
|-resisted|p2a: Moltres
|-damage|p2a: Moltres|58/100
|
|t:|1769306652
|switch|p1a: Up Bowl On Em'|Ting-Lu|36/100|[from] U-turn
|-ability|p1a: Up Bowl On Em'|Vessel of Ruin
|move|p2a: Moltres|Roost|p2a: Moltres
|-heal|p2a: Moltres|100/100
|-singleturn|p2a: Moltres|move: Roost
|
|-heal|p1a: Up Bowl On Em'|43/100|[from] item: Leftovers
|upkeep
|turn|13
|
|t:|1769306671
|move|p2a: Moltres|U-turn|p1a: Up Bowl On Em'
|-supereffective|p1a: Up Bowl On Em'
|-damage|p1a: Up Bowl On Em'|27/100
|
|t:|1769306674
|switch|p2a: Great Tusk|Great Tusk|69/100|[from] U-turn
|move|p1a: Up Bowl On Em'|Stealth Rock|p2a: Great Tusk
|-sidestart|p2: suprya|move: Stealth Rock
|
|-heal|p2a: Great Tusk|76/100|[from] item: Leftovers
|-heal|p1a: Up Bowl On Em'|33/100|[from] item: Leftovers
|upkeep
|turn|14
|l|☆Palm X
|inactive|Palm X disconnected and has a minute to reconnect!
|player|p1|
|inactive|Palm X has 30 seconds to reconnect!
|inactive|Palm X has 20 seconds to reconnect!
|inactive|Palm X has 15 seconds to reconnect!
|inactive|Palm X has 10 seconds to reconnect!
|inactive|Palm X has 5 seconds to reconnect!
|-message|Palm X lost due to inactivity.
|
|win|suprya
|raw|Palm X's rating: 1597 &rarr; <strong>1576</strong><br />(-21 for losing)
|raw|suprya's rating: 1588 &rarr; <strong>1609</strong><br />(+21 for winning)
|j|☆Palm X
|player|p1|Palm X|caitlin|
|l|☆Palm X
|player|p1|
|l|☆suprya
|player|p2|
