|inactive|Battle timer is ON: inactive players will automatically lose when time's up.
|t:|1769357551
|gametype|singles
|player|p1|xyldaz|archer|
|player|p2|SammyCe123|#sammyce123|
|gen|9
|tier|[Gen 9] OU
|rule|HP Percentage Mod: HP is shown in percentages
|rule|Endless Battle Clause: Forcing endless battles is banned
|rule|Species Clause: Limit one of each Pokémon
|rule|OHKO Clause: OHKO moves are banned
|rule|Evasion Items Clause: Evasion items are banned
|rule|Evasion Moves Clause: Evasion moves are banned
|rule|Evasion Abilities Clause: Evasion abilities are banned
|rule|Sleep Moves Clause: Sleep-inducing moves are banned
|clearpoke
|poke|p1|Dragapult, F|
|poke|p1|Iron Crown|
|poke|p1|Landorus-Therian, M|
|poke|p1|Samurott-Hisui, F|
|poke|p1|Primarina, M|
|poke|p1|Kingambit, M|
|poke|p2|Pecharunt|
|poke|p2|Ting-Lu|
|poke|p2|Iron Valiant|
|poke|p2|Kingambit, M|
|poke|p2|Dragonite, F|
|poke|p2|Ogerpon-Wellspring, F|
|teampreview
|c|☆xyldaz|gl
|inactive|xyldaz has 270 seconds left.
|inactive|SammyCe123 has 270 seconds left.
|c|☆SammyCe123|u2
|inactive|SammyCe123 has 240 seconds left.
|inactive|SammyCe123 has 210 seconds left.
|
|t:|1769357662
|teamsize|p1|6
|teamsize|p2|6
|start
|switch|p1a: Dragapult|Dragapult, F|100/100
|switch|p2a: Dragonite|Dragonite, F|100/100
|turn|1
|inactive|SammyCe123 has 240 seconds left.
|
|t:|1769357690
|switch|p2a: Ting-Lu|Ting-Lu|100/100
|-ability|p2a: Ting-Lu|Vessel of Ruin
|move|p1a: Dragapult|U-turn|p2a: Ting-Lu
|-supereffective|p2a: Ting-Lu
|-damage|p2a: Ting-Lu|67/100
|-enditem|p2a: Ting-Lu|Red Card|[of] p1a: Dragapult
|drag|p1a: Iron Crown|Iron Crown|100/100
|
|upkeep
|turn|2
|inactive|SammyCe123 has 240 seconds left.
|inactive|SammyCe123 has 210 seconds left.
|
|t:|1769357731
|-end|p1a: Iron Crown|Quark Drive|[silent]
|switch|p1a: Landorus|Landorus-Therian, M|100/100
|-ability|p1a: Landorus|Intimidate|boost
|-unboost|p2a: Ting-Lu|atk|1
|move|p2a: Ting-Lu|Stealth Rock|p1a: Landorus
|-sidestart|p1: xyldaz|move: Stealth Rock
|
|upkeep
|turn|3
|inactive|SammyCe123 has 210 seconds left.
|
|t:|1769357740
|move|p1a: Landorus|Stealth Rock|p2a: Ting-Lu
|-sidestart|p2: SammyCe123|move: Stealth Rock
|move|p2a: Ting-Lu|Ruination|p1a: Landorus
|-damage|p1a: Landorus|50/100
|
|upkeep
|turn|4
|
|t:|1769357743
|move|p1a: Landorus|Grass Knot|p2a: Ting-Lu
|-supereffective|p2a: Ting-Lu
|-damage|p2a: Ting-Lu|41/100
|move|p2a: Ting-Lu|Spikes|p1a: Landorus
|-sidestart|p1: xyldaz|Spikes
|
|upkeep
|turn|5
|
|t:|1769357762
|move|p1a: Landorus|Grass Knot|p2a: Ting-Lu
|-supereffective|p2a: Ting-Lu
|-damage|p2a: Ting-Lu|16/100
|move|p2a: Ting-Lu|Spikes|p1a: Landorus
|-sidestart|p1: xyldaz|Spikes
|
|upkeep
|turn|6
|
|t:|1769357773
|move|p1a: Landorus|U-turn|p2a: Ting-Lu
|-supereffective|p2a: Ting-Lu
|-damage|p2a: Ting-Lu|0 fnt
|faint|p2a: Ting-Lu
|
|t:|1769357783
|switch|p1a: Samurott|Samurott-Hisui, F|100/100|[from] U-turn
|
|upkeep
|inactive|SammyCe123 has 210 seconds left.
|
|t:|1769357819
|switch|p2a: Iron Valiant|Iron Valiant|100/100
|-damage|p2a: Iron Valiant|94/100|[from] Stealth Rock
|-enditem|p2a: Iron Valiant|Booster Energy
|-activate|p2a: Iron Valiant|ability: Quark Drive|[fromitem]
|-start|p2a: Iron Valiant|quarkdrivespe
|turn|7
|inactive|SammyCe123 has 180 seconds left.
|
|t:|1769357865
|switch|p1a: Landorus|Landorus-Therian, M|50/100
|-damage|p1a: Landorus|38/100|[from] Stealth Rock
|-ability|p1a: Landorus|Intimidate|boost
|-unboost|p2a: Iron Valiant|atk|1
|move|p2a: Iron Valiant|Knock Off|p1a: Landorus
|-damage|p1a: Landorus|22/100
|-damage|p2a: Iron Valiant|78/100|[from] item: Rocky Helmet|[of] p1a: Landorus
|-enditem|p1a: Landorus|Rocky Helmet|[from] move: Knock Off|[of] p2a: Iron Valiant
|
|upkeep
|turn|8
|
|t:|1769357869
|move|p2a: Iron Valiant|Moonblast|p1a: Landorus
|-damage|p1a: Landorus|0 fnt
|faint|p1a: Landorus
|
|upkeep
|
|t:|1769357873
|switch|p1a: Iron Crown|Iron Crown|100/100
|-damage|p1a: Iron Crown|94/100|[from] Stealth Rock
|-damage|p1a: Iron Crown|78/100|[from] Spikes
|turn|9
|inactive|SammyCe123 has 180 seconds left.
|inactive|SammyCe123 has 150 seconds left.
|
|t:|1769357930
|move|p2a: Iron Valiant|Destiny Bond|p2a: Iron Valiant
|-singlemove|p2a: Iron Valiant|Destiny Bond
|move|p1a: Iron Crown|Tachyon Cutter|p2a: Iron Valiant
|-supereffective|p2a: Iron Valiant
|-damage|p2a: Iron Valiant|0 fnt
|faint|p2a: Iron Valiant
|-activate|p2a: Iron Valiant|move: Destiny Bond
|-end|p2a: Iron Valiant|Quark Drive|[silent]
|faint|p1a: Iron Crown
|-end|p1a: Iron Crown|Quark Drive|[silent]
|-hitcount|p2: Iron Valiant|1
|
|upkeep
|inactive|xyldaz has 270 seconds left.
|inactive|SammyCe123 has 120 seconds left.
|inactive|xyldaz has 240 seconds left.
|inactive|SammyCe123 has 90 seconds left.
|inactive|SammyCe123 has 60 seconds left.
|
|t:|1769358029
|switch|p2a: Kingambit|Kingambit, M|100/100
|switch|p1a: Samurott|Samurott-Hisui, F|100/100
|-damage|p2a: Kingambit|94/100|[from] Stealth Rock
|-activate|p2a: Kingambit|ability: Supreme Overlord
|-start|p2a: Kingambit|fallen2|[silent]
|-item|p2a: Kingambit|Air Balloon
|turn|10
|
|t:|1769358039
|-terastallize|p2a: Kingambit|Fairy
|move|p1a: Samurott|Ceaseless Edge|p2a: Kingambit
|-resisted|p2a: Kingambit
|-damage|p2a: Kingambit|77/100
|-enditem|p2a: Kingambit|Air Balloon
|-sidestart|p2: SammyCe123|Spikes
|move|p2a: Kingambit|Tera Blast|p1a: Samurott|[anim] Tera Blast Fairy
|-supereffective|p1a: Samurott
|-damage|p1a: Samurott|0 fnt
|faint|p1a: Samurott
|
|upkeep
|
|t:|1769358050
|switch|p1a: Kingambit|Kingambit, M|100/100
|-damage|p1a: Kingambit|94/100|[from] Stealth Rock
|-damage|p1a: Kingambit|78/100|[from] Spikes
|-activate|p1a: Kingambit|ability: Supreme Overlord
|-start|p1a: Kingambit|fallen3|[silent]
|turn|11
|inactive|SammyCe123 has 60 seconds left.
|
|t:|1769358090
|move|p2a: Kingambit|Tera Blast|p1a: Kingambit|[anim] Tera Blast Fairy
|-damage|p1a: Kingambit|31/100
|move|p1a: Kingambit|Iron Head|p2a: Kingambit
|-supereffective|p2a: Kingambit
|-damage|p2a: Kingambit|0 fnt
|faint|p2a: Kingambit
|-end|p2a: Kingambit|fallen2|[silent]
|
|-heal|p1a: Kingambit|38/100|[from] item: Leftovers
|upkeep
|inactive|SammyCe123 has 30 seconds left.
|inactive|SammyCe123 has 20 seconds left.
|
|t:|1769358123
|switch|p2a: Ogerpon|Ogerpon-Wellspring, F|100/100
|-damage|p2a: Ogerpon|88/100|[from] Stealth Rock
|-damage|p2a: Ogerpon|76/100|[from] Spikes
|turn|12
|inactive|SammyCe123 has 30 seconds left this turn.
|inactive|xyldaz has 240 seconds left.
|inactive|xyldaz has 210 seconds left.
|
|t:|1769358183
|-end|p1a: Kingambit|fallen3|[silent]
|switch|p1a: Dragapult|Dragapult, F|100/100
|-damage|p1a: Dragapult|88/100|[from] Stealth Rock
|-damage|p1a: Dragapult|72/100|[from] Spikes
|move|p2a: Ogerpon|Ivy Cudgel|p1a: Dragapult|[anim] Ivy Cudgel Water
|-resisted|p1a: Dragapult
|-damage|p1a: Dragapult|25/100
|
|upkeep
|turn|13
|inactive|SammyCe123 has 30 seconds left.
|inactive|SammyCe123 has 20 seconds left.
|inactive|SammyCe123 has 15 seconds left.
|inactive|SammyCe123 has 10 seconds left.
|
|t:|1769358218
|switch|p2a: Dragonite|Dragonite, F|100/100
|move|p1a: Dragapult|Dragon Darts|p2a: Dragonite
|-supereffective|p2a: Dragonite
|-crit|p2a: Dragonite
|-damage|p2a: Dragonite|44/100
|-anim|p1a: Dragapult|Dragon Darts|p2a: Dragonite
|-supereffective|p2a: Dragonite
|-damage|p2a: Dragonite|0 fnt
|faint|p2a: Dragonite
|
|upkeep
|inactive|SammyCe123 has 15 seconds left this turn.
|
|t:|1769358219
|switch|p2a: Pecharunt|Pecharunt|100/100
|-damage|p2a: Pecharunt|88/100|[from] Stealth Rock
|-damage|p2a: Pecharunt|76/100|[from] Spikes
|turn|14
|inactive|SammyCe123 has 25 seconds left this turn.
|inactive|SammyCe123 has 20 seconds left.
|inactive|SammyCe123 has 15 seconds left.
|
|t:|1769358231
|move|p1a: Dragapult|Dragon Darts|p2a: Pecharunt
|-damage|p2a: Pecharunt|51/100
|-anim|p1a: Dragapult|Dragon Darts|p2a: Pecharunt
|-damage|p2a: Pecharunt|26/100
|move|p2a: Pecharunt|Recover|p2a: Pecharunt
|-heal|p2a: Pecharunt|76/100
|
|upkeep
|turn|15
|inactive|SammyCe123 has 25 seconds left this turn.
|
|t:|1769358241
|move|p1a: Dragapult|Dragon Darts|p2a: Pecharunt
|-damage|p2a: Pecharunt|51/100
|-anim|p1a: Dragapult|Dragon Darts|p2a: Pecharunt
|-damage|p2a: Pecharunt|27/100
|move|p2a: Pecharunt|Shadow Ball|p1a: Dragapult
|-supereffective|p1a: Dragapult
|-damage|p1a: Dragapult|0 fnt
|faint|p1a: Dragapult
|
|upkeep
|inactive|xyldaz has 180 seconds left.
|
|t:|1769358282
|switch|p1a: Kingambit|Kingambit, M|38/100
|-damage|p1a: Kingambit|31/100|[from] Stealth Rock
|-damage|p1a: Kingambit|15/100|[from] Spikes
|-activate|p1a: Kingambit|ability: Supreme Overlord
|-start|p1a: Kingambit|fallen4|[silent]
|turn|16
|inactive|SammyCe123 has 30 seconds left.
|inactive|SammyCe123 has 20 seconds left.
|
|t:|1769358304
|move|p1a: Kingambit|Sucker Punch||[still]
|-fail|p1a: Kingambit
|move|p2a: Pecharunt|Recover|p2a: Pecharunt
|-heal|p2a: Pecharunt|78/100
|
|-heal|p1a: Kingambit|21/100|[from] item: Leftovers
|upkeep
|turn|17
|inactive|SammyCe123 has 30 seconds left this turn.
|
|t:|1769358307
|move|p1a: Kingambit|Sucker Punch||[still]
|-fail|p1a: Kingambit
|move|p2a: Pecharunt|Nasty Plot|p2a: Pecharunt
|-boost|p2a: Pecharunt|spa|2
|
|-heal|p1a: Kingambit|27/100|[from] item: Leftovers
|upkeep
|turn|18
|inactive|SammyCe123 has 30 seconds left.
|inactive|xyldaz has 180 seconds left.
|
|t:|1769358331
|-terastallize|p1a: Kingambit|Dark
|move|p1a: Kingambit|Sucker Punch|p2a: Pecharunt
|-supereffective|p2a: Pecharunt
|-damage|p2a: Pecharunt|0 fnt
|faint|p2a: Pecharunt
|
|-heal|p1a: Kingambit|34/100|[from] item: Leftovers
|upkeep
|
|t:|1769358333
|switch|p2a: Ogerpon|Ogerpon-Wellspring, F|76/100
|-damage|p2a: Ogerpon|64/100|[from] Stealth Rock
|-damage|p2a: Ogerpon|51/100|[from] Spikes
|turn|19
|
|t:|1769358335
|move|p1a: Kingambit|Sucker Punch||[still]
|-fail|p1a: Kingambit
|move|p2a: Ogerpon|Swords Dance|p2a: Ogerpon
|-boost|p2a: Ogerpon|atk|2
|
|-heal|p1a: Kingambit|40/100|[from] item: Leftovers
|upkeep
|turn|20
|
|t:|1769358338
|move|p1a: Kingambit|Sucker Punch||[still]
|-fail|p1a: Kingambit
|move|p2a: Ogerpon|Swords Dance|p2a: Ogerpon
|-boost|p2a: Ogerpon|atk|2
|
|-heal|p1a: Kingambit|46/100|[from] item: Leftovers
|upkeep
|turn|21
|
|t:|1769358341
|move|p2a: Ogerpon|Swords Dance|p2a: Ogerpon
|-boost|p2a: Ogerpon|atk|2
|move|p1a: Kingambit|Kowtow Cleave|p2a: Ogerpon
|-damage|p2a: Ogerpon|0 fnt
|faint|p2a: Ogerpon
|
|win|xyldaz
|c|☆xyldaz|gg
|c|☆SammyCe123|gg
|player|p2|
|player|p1|
|player|p1|xyldaz|archer|
