|j|☆biscuitkhan
|j|☆buy my book azul
|t:|1769323923
|gametype|singles
|player|p1|biscuitkhan|101|1313
|player|p2|buy my book azul|diantha-masters|1333
|gen|9
|tier|[Gen 9] OU
|rated|
|rule|HP Percentage Mod: HP is shown in percentages
|rule|Endless Battle Clause: Forcing endless battles is banned
|rule|Species Clause: Limit one of each Pokémon
|rule|OHKO Clause: OHKO moves are banned
|rule|Evasion Items Clause: Evasion items are banned
|rule|Evasion Moves Clause: Evasion moves are banned
|rule|Evasion Abilities Clause: Evasion abilities are banned
|rule|Sleep Moves Clause: Sleep-inducing moves are banned
|clearpoke
|poke|p1|Meowscarada, M|
|poke|p1|Clodsire, M|
|poke|p1|Volcanion|
|poke|p1|Metagross|
|poke|p1|Garchomp, F|
|poke|p1|Scizor, F|
|poke|p2|Araquanid, M|
|poke|p2|Garchomp, F|
|poke|p2|Pecharunt|
|poke|p2|Ogerpon-Wellspring, F|
|poke|p2|Great Tusk|
|poke|p2|Iron Valiant|
|teampreview
|inactive|Battle timer is ON: inactive players will automatically lose when time's up. (requested by buy my book azul)
|
|t:|1769323959
|teamsize|p1|6
|teamsize|p2|6
|start
|switch|p1a: Metagross|Metagross|100/100
|switch|p2a: Iron Valiant|Iron Valiant|100/100
|turn|1
|
|t:|1769323973
|-terastallize|p2a: Iron Valiant|Ghost
|move|p2a: Iron Valiant|Shadow Ball|p1a: Metagross
|-supereffective|p1a: Metagross
|-damage|p1a: Metagross|0 fnt
|faint|p1a: Metagross
|
|upkeep
|
|t:|1769323993
|switch|p1a: Meowscarada|Meowscarada, M|100/100
|turn|2
|
|t:|1769324005
|-end|p2a: Iron Valiant|Quark Drive|[silent]
|switch|p2a: Pecharunt|Pecharunt|100/100
|move|p1a: Meowscarada|Knock Off|p2a: Pecharunt
|-start|p1a: Meowscarada|typechange|Dark|[from] ability: Protean
|-supereffective|p2a: Pecharunt
|-damage|p2a: Pecharunt|19/100
|-enditem|p2a: Pecharunt|Heavy-Duty Boots|[from] move: Knock Off|[of] p1a: Meowscarada
|
|upkeep
|turn|3
|
|t:|1769324013
|move|p1a: Meowscarada|Knock Off|p2a: Pecharunt
|-supereffective|p2a: Pecharunt
|-damage|p2a: Pecharunt|0 fnt
|faint|p2a: Pecharunt
|
|upkeep
|
|t:|1769324016
|switch|p2a: Araquanid|Araquanid, M|100/100
|turn|4
|
|t:|1769324022
|move|p1a: Meowscarada|Knock Off|p2a: Araquanid
|-damage|p2a: Araquanid|28/100
|-enditem|p2a: Araquanid|Custap Berry|[from] move: Knock Off|[of] p1a: Meowscarada
|move|p2a: Araquanid|Sticky Web|p1a: Meowscarada
|-sidestart|p1: biscuitkhan|move: Sticky Web
|
|upkeep
|turn|5
|
|t:|1769324028
|move|p1a: Meowscarada|Knock Off|p2a: Araquanid
|-damage|p2a: Araquanid|0 fnt
|faint|p2a: Araquanid
|
|upkeep
|
|t:|1769324033
|switch|p2a: Iron Valiant|Iron Valiant, tera:Ghost|100/100
|turn|6
|
|t:|1769324036
|-end|p2a: Iron Valiant|Quark Drive|[silent]
|switch|p2a: Ogerpon|Ogerpon-Wellspring, F|100/100
|move|p1a: Meowscarada|Knock Off|p2a: Ogerpon
|-damage|p2a: Ogerpon|43/100
|
|upkeep
|turn|7
|
|t:|1769324042
|move|p1a: Meowscarada|Knock Off|p2a: Ogerpon
|-damage|p2a: Ogerpon|0 fnt
|faint|p2a: Ogerpon
|
|upkeep
|
|t:|1769324044
|switch|p2a: Garchomp|Garchomp, F|100/100
|turn|8
|
|t:|1769324047
|move|p1a: Meowscarada|Knock Off|p2a: Garchomp
|-damage|p2a: Garchomp|43/100
|-damage|p1a: Meowscarada|88/100|[from] ability: Rough Skin|[of] p2a: Garchomp
|-enditem|p2a: Garchomp|Choice Band|[from] move: Knock Off|[of] p1a: Meowscarada
|move|p2a: Garchomp|Outrage|p1a: Meowscarada
|-damage|p1a: Meowscarada|0 fnt
|faint|p1a: Meowscarada
|
|upkeep
|inactive|biscuitkhan has 120 seconds left.
|
|t:|1769324086
|switch|p1a: Garchomp|Garchomp, F|100/100
|-activate|p1a: Garchomp|move: Sticky Web
|-unboost|p1a: Garchomp|spe|1
|turn|9
|
|t:|1769324091
|move|p2a: Garchomp|Outrage|p1a: Garchomp|[from] lockedmove
|-supereffective|p1a: Garchomp
|-damage|p1a: Garchomp|16/100
|-damage|p2a: Garchomp|31/100|[from] ability: Rough Skin|[of] p1a: Garchomp
|-damage|p2a: Garchomp|15/100|[from] item: Rocky Helmet|[of] p1a: Garchomp
|move|p1a: Garchomp|Stealth Rock|p2a: Garchomp
|-sidestart|p2: buy my book azul|move: Stealth Rock
|
|upkeep
|turn|10
|
|t:|1769324105
|move|p2a: Garchomp|Outrage|p1a: Garchomp|[from] lockedmove
|-supereffective|p1a: Garchomp
|-damage|p1a: Garchomp|0 fnt
|-damage|p2a: Garchomp|2/100|[from] ability: Rough Skin|[of] p1a: Garchomp
|-damage|p2a: Garchomp|0 fnt|[from] item: Rocky Helmet|[of] p1a: Garchomp
|faint|p1a: Garchomp
|faint|p2a: Garchomp
|
|upkeep
|inactive|biscuitkhan has 120 seconds left.
|
|t:|1769324121
|switch|p2a: Great Tusk|Great Tusk|100/100
|switch|p1a: Clodsire|Clodsire, M|100/100
|-damage|p2a: Great Tusk|98/100|[from] Stealth Rock
|-activate|p1a: Clodsire|move: Sticky Web
|-unboost|p1a: Clodsire|spe|1
|turn|11
|
|t:|1769324137
|move|p2a: Great Tusk|Earthquake|p1a: Clodsire
|-supereffective|p1a: Clodsire
|-damage|p1a: Clodsire|0 fnt
|faint|p1a: Clodsire
|
|-heal|p2a: Great Tusk|100/100|[from] item: Leftovers
|upkeep
|inactive|biscuitkhan has 120 seconds left.
|
|t:|1769324151
|switch|p1a: Volcanion|Volcanion|100/100
|-activate|p1a: Volcanion|move: Sticky Web
|-unboost|p1a: Volcanion|spe|1
|turn|12
|
|t:|1769324175
|move|p2a: Great Tusk|Earthquake|p1a: Volcanion
|-supereffective|p1a: Volcanion
|-damage|p1a: Volcanion|13/100
|move|p1a: Volcanion|Scald|p2a: Great Tusk
|-supereffective|p2a: Great Tusk
|-damage|p2a: Great Tusk|0 fnt
|faint|p2a: Great Tusk
|-end|p2a: Great Tusk|Protosynthesis|[silent]
|
|upkeep
|
|t:|1769324180
|switch|p2a: Iron Valiant|Iron Valiant, tera:Ghost|100/100
|-damage|p2a: Iron Valiant|88/100|[from] Stealth Rock
|turn|13
|
|t:|1769324190
|move|p2a: Iron Valiant|Shadow Ball|p1a: Volcanion
|-damage|p1a: Volcanion|0 fnt
|faint|p1a: Volcanion
|
|upkeep
|
|t:|1769324195
|switch|p1a: Scizor|Scizor, F|100/100
|turn|14
|
|t:|1769324200
|move|p2a: Iron Valiant|Shadow Ball|p1a: Scizor
|-damage|p1a: Scizor|9/100
|move|p1a: Scizor|Knock Off|p2a: Iron Valiant
|-supereffective|p2a: Iron Valiant
|-damage|p2a: Iron Valiant|0 fnt
|-enditem|p2a: Iron Valiant|Choice Specs|[from] move: Knock Off|[of] p1a: Scizor
|faint|p2a: Iron Valiant
|-end|p2a: Iron Valiant|Quark Drive|[silent]
|
|win|biscuitkhan
|raw|biscuitkhan's rating: 1313 &rarr; <strong>1334</strong><br />(+21 for winning)
|raw|buy my book azul's rating: 1333 &rarr; <strong>1312</strong><br />(-21 for losing)
|l|☆buy my book azul
|player|p2|
|l|☆biscuitkhan
|player|p1|
