|j|☆Trainer #39
|j|☆Obling
|t:|1769298481
|gametype|singles
|player|p1|Trainer #39|bugsy|1753
|player|p2|Obling|player-go|1827
|gen|9
|tier|[Gen 9] OU
|rated|
|rule|HP Percentage Mod: HP is shown in percentages
|rule|Endless Battle Clause: Forcing endless battles is banned
|rule|Species Clause: Limit one of each Pokémon
|rule|OHKO Clause: OHKO moves are banned
|rule|Evasion Items Clause: Evasion items are banned
|rule|Evasion Moves Clause: Evasion moves are banned
|rule|Evasion Abilities Clause: Evasion abilities are banned
|rule|Sleep Moves Clause: Sleep-inducing moves are banned
|clearpoke
|poke|p1|Blissey, F|
|poke|p1|Corviknight, M|
|poke|p1|Dondozo, M|
|poke|p1|Gliscor, M|
|poke|p1|Clefable, M|
|poke|p1|Slowking-Galar, M|
|poke|p2|Deoxys-Speed|
|poke|p2|Dragonite, M|
|poke|p2|Iron Valiant|
|poke|p2|Kingambit, M|
|poke|p2|Cresselia, F|
|poke|p2|Walking Wake|
|teampreview
|inactive|Battle timer is ON: inactive players will automatically lose when time's up. (requested by Obling)
|j| NShF
|l|☆Obling
|inactive|Obling disconnected and has a minute to reconnect!
|player|p2|
|
|t:|1769298506
|teamsize|p1|6
|teamsize|p2|6
|start
|switch|p1a: Free Palestine|Gliscor, M|100/100
|switch|p2a: Deoxys|Deoxys-Speed|100/100
|-ability|p2a: Deoxys|Pressure
|turn|1
|j|☆Obling
|inactive|Obling reconnected and has 140 seconds left.
|player|p2|Obling|player-go|
|
|t:|1769298521
|move|p1a: Free Palestine|Protect|p1a: Free Palestine
|-singleturn|p1a: Free Palestine|Protect
|move|p2a: Deoxys|Stealth Rock|p1a: Free Palestine
|-sidestart|p1: Trainer #39|move: Stealth Rock
|
|-status|p1a: Free Palestine|tox|[from] item: Toxic Orb
|upkeep
|turn|2
|
|t:|1769298523
|switch|p1a: Charli xcx|Clefable, M|100/100
|move|p2a: Deoxys|Taunt|p1a: Charli xcx
|-start|p1a: Charli xcx|move: Taunt
|
|upkeep
|turn|3
|
|t:|1769298529
|move|p2a: Deoxys|Spikes|p1a: Charli xcx
|-sidestart|p1: Trainer #39|Spikes
|move|p1a: Charli xcx|Knock Off|p2a: Deoxys
|-supereffective|p2a: Deoxys
|-damage|p2a: Deoxys|69/100
|-damage|p1a: Charli xcx|84/100|[from] item: Rocky Helmet|[of] p2a: Deoxys
|-enditem|p2a: Deoxys|Rocky Helmet|[from] move: Knock Off|[of] p1a: Charli xcx
|
|upkeep
|turn|4
|
|t:|1769298533
|move|p2a: Deoxys|Spikes|p1a: Charli xcx
|-sidestart|p1: Trainer #39|Spikes
|move|p1a: Charli xcx|Moonblast|p2a: Deoxys
|-damage|p2a: Deoxys|27/100
|
|-end|p1a: Charli xcx|move: Taunt
|upkeep
|turn|5
|
|t:|1769298536
|move|p2a: Deoxys|Taunt|p1a: Charli xcx
|-start|p1a: Charli xcx|move: Taunt
|move|p1a: Charli xcx|Moonblast|p2a: Deoxys
|-damage|p2a: Deoxys|0 fnt
|faint|p2a: Deoxys
|
|upkeep
|
|t:|1769298541
|switch|p2a: Cresselia|Cresselia, F|100/100
|turn|6
|
|t:|1769298543
|move|p2a: Cresselia|Calm Mind|p2a: Cresselia
|-boost|p2a: Cresselia|spa|1
|-boost|p2a: Cresselia|spd|1
|move|p1a: Charli xcx|Knock Off|p2a: Cresselia
|-supereffective|p2a: Cresselia
|-damage|p2a: Cresselia|82/100
|-enditem|p2a: Cresselia|Leftovers|[from] move: Knock Off|[of] p1a: Charli xcx
|
|upkeep
|turn|7
|
|t:|1769298545
|move|p2a: Cresselia|Calm Mind|p2a: Cresselia
|-boost|p2a: Cresselia|spa|1
|-boost|p2a: Cresselia|spd|1
|move|p1a: Charli xcx|Moonblast|p2a: Cresselia
|-damage|p2a: Cresselia|61/100
|
|-end|p1a: Charli xcx|move: Taunt
|upkeep
|turn|8
|
|t:|1769298553
|move|p2a: Cresselia|Moonlight|p2a: Cresselia
|-heal|p2a: Cresselia|100/100
|move|p1a: Charli xcx|Moonblast|p2a: Cresselia
|-damage|p2a: Cresselia|81/100
|
|upkeep
|turn|9
|
|t:|1769298555
|switch|p1a: Save Sudan|Slowking-Galar, M|100/100
|-damage|p1a: Save Sudan|88/100|[from] Stealth Rock
|-damage|p1a: Save Sudan|72/100|[from] Spikes
|move|p2a: Cresselia|Calm Mind|p2a: Cresselia
|-boost|p2a: Cresselia|spa|1
|-boost|p2a: Cresselia|spd|1
|
|upkeep
|turn|10
|
|t:|1769298560
|move|p1a: Save Sudan|Trick|p2a: Cresselia
|-activate|p1a: Save Sudan|move: Trick|[of] p2a: Cresselia
|-item|p2a: Cresselia|Choice Scarf|[from] move: Trick
|-enditem|p1a: Save Sudan|Choice Scarf|[silent]|[from] move: Trick
|move|p2a: Cresselia|Stored Power|p1a: Save Sudan
|-damage|p1a: Save Sudan|0 fnt
|faint|p1a: Save Sudan
|
|upkeep
|
|t:|1769298564
|switch|p1a: brat|Blissey, F|100/100
|turn|11
|
|t:|1769298565
|move|p2a: Cresselia|Stored Power|p1a: brat
|-damage|p1a: brat|66/100
|move|p1a: brat|Calm Mind|p1a: brat
|-boost|p1a: brat|spa|1
|-boost|p1a: brat|spd|1
|
|upkeep
|turn|12
|
|t:|1769298569
|move|p2a: Cresselia|Stored Power|p1a: brat
|-damage|p1a: brat|45/100
|move|p1a: brat|Stealth Rock|p2a: Cresselia
|-sidestart|p2: Obling|move: Stealth Rock
|
|upkeep
|turn|13
|
|t:|1769298573
|switch|p2a: Iron Valiant|Iron Valiant|100/100
|-damage|p2a: Iron Valiant|94/100|[from] Stealth Rock
|-enditem|p2a: Iron Valiant|Booster Energy
|-activate|p2a: Iron Valiant|ability: Quark Drive|[fromitem]
|-start|p2a: Iron Valiant|quarkdrivespe
|move|p1a: brat|Soft-Boiled|p1a: brat
|-heal|p1a: brat|95/100
|
|upkeep
|turn|14
|
|t:|1769298577
|switch|p1a: Trump is low IQ|Corviknight, M|100/100
|-damage|p1a: Trump is low IQ|88/100|[from] Stealth Rock
|-ability|p1a: Trump is low IQ|Pressure
|move|p2a: Iron Valiant|Swords Dance|p2a: Iron Valiant
|-boost|p2a: Iron Valiant|atk|2
|
|upkeep
|turn|15
|
|t:|1769298581
|move|p2a: Iron Valiant|Close Combat|p1a: Trump is low IQ
|-damage|p1a: Trump is low IQ|17/100
|-unboost|p2a: Iron Valiant|def|1
|-unboost|p2a: Iron Valiant|spd|1
|-damage|p2a: Iron Valiant|78/100|[from] item: Rocky Helmet|[of] p1a: Trump is low IQ
|move|p1a: Trump is low IQ|Defog|p2a: Iron Valiant
|-unboost|p2a: Iron Valiant|evasion|1
|-sideend|p2: Obling|Stealth Rock|[from] move: Defog|[of] p1a: Trump is low IQ
|-sideend|p1: Trainer #39|Spikes|[from] move: Defog|[of] p1a: Trump is low IQ
|-sideend|p1: Trainer #39|Stealth Rock|[from] move: Defog|[of] p1a: Trump is low IQ
|
|upkeep
|turn|16
|
|t:|1769298588
|switch|p1a: 808 and curses|Dondozo, M|100/100
|move|p2a: Iron Valiant|Knock Off|p1a: 808 and curses
|-damage|p1a: 808 and curses|85/100
|-enditem|p1a: 808 and curses|Leftovers|[from] move: Knock Off|[of] p2a: Iron Valiant
|
|upkeep
|turn|17
|
|t:|1769298593
|move|p2a: Iron Valiant|Close Combat|p1a: 808 and curses
|-damage|p1a: 808 and curses|56/100
|-unboost|p2a: Iron Valiant|def|1
|-unboost|p2a: Iron Valiant|spd|1
|move|p1a: 808 and curses|Waterfall|p2a: Iron Valiant
|-damage|p2a: Iron Valiant|42/100
|
|upkeep
|turn|18
|
|t:|1769298597
|move|p2a: Iron Valiant|Close Combat|p1a: 808 and curses
|-damage|p1a: 808 and curses|28/100
|-unboost|p2a: Iron Valiant|def|1
|-unboost|p2a: Iron Valiant|spd|1
|move|p1a: 808 and curses|Curse|p1a: 808 and curses
|-unboost|p1a: 808 and curses|spe|1
|-boost|p1a: 808 and curses|atk|1
|-boost|p1a: 808 and curses|def|1
|
|upkeep
|turn|19
|
|t:|1769298601
|move|p2a: Iron Valiant|Encore|p1a: 808 and curses
|-start|p1a: 808 and curses|Encore
|move|p1a: 808 and curses|Curse|p1a: 808 and curses
|-unboost|p1a: 808 and curses|spe|1
|-boost|p1a: 808 and curses|atk|1
|-boost|p1a: 808 and curses|def|1
|
|upkeep
|turn|20
|
|t:|1769298603
|switch|p1a: Free Palestine|Gliscor, M|100/100 tox
|move|p2a: Iron Valiant|Swords Dance|p2a: Iron Valiant
|-boost|p2a: Iron Valiant|atk|2
|
|upkeep
|turn|21
|
|t:|1769298608
|move|p2a: Iron Valiant|Knock Off|p1a: Free Palestine
|-damage|p1a: Free Palestine|38/100 tox
|-enditem|p1a: Free Palestine|Toxic Orb|[from] move: Knock Off|[of] p2a: Iron Valiant
|move|p1a: Free Palestine|Earthquake|p2a: Iron Valiant
|-damage|p2a: Iron Valiant|0 fnt
|faint|p2a: Iron Valiant
|-end|p2a: Iron Valiant|Quark Drive|[silent]
|
|-heal|p1a: Free Palestine|51/100 tox|[from] ability: Poison Heal
|upkeep
|
|t:|1769298615
|switch|p2a: Walking Wake|Walking Wake|100/100
|-enditem|p2a: Walking Wake|Booster Energy
|-activate|p2a: Walking Wake|ability: Protosynthesis|[fromitem]
|-start|p2a: Walking Wake|protosynthesisspa
|turn|22
|
|t:|1769298618
|move|p1a: Free Palestine|Protect|p1a: Free Palestine
|-singleturn|p1a: Free Palestine|Protect
|move|p2a: Walking Wake|Surf|p1a: Free Palestine
|-activate|p1a: Free Palestine|move: Protect
|
|-heal|p1a: Free Palestine|63/100 tox|[from] ability: Poison Heal
|upkeep
|turn|23
|
|t:|1769298622
|switch|p1a: brat|Blissey, F|95/100
|move|p2a: Walking Wake|Surf|p1a: brat
|-damage|p1a: brat|72/100
|
|upkeep
|turn|24
|
|t:|1769298626
|move|p2a: Walking Wake|Surf|p1a: brat
|-damage|p1a: brat|48/100
|move|p1a: brat|Stealth Rock|p2a: Walking Wake
|-sidestart|p2: Obling|move: Stealth Rock
|
|upkeep
|turn|25
|
|t:|1769298629
|move|p2a: Walking Wake|Surf|p1a: brat
|-damage|p1a: brat|28/100
|move|p1a: brat|Soft-Boiled|p1a: brat
|-heal|p1a: brat|78/100
|
|upkeep
|turn|26
|
|t:|1769298631
|-end|p2a: Walking Wake|Protosynthesis|[silent]
|switch|p2a: Dragonite|Dragonite, M|100/100
|move|p1a: brat|Calm Mind|p1a: brat
|-boost|p1a: brat|spa|1
|-boost|p1a: brat|spd|1
|
|upkeep
|turn|27
|
|t:|1769298635
|switch|p1a: Trump is low IQ|Corviknight, M|17/100
|-ability|p1a: Trump is low IQ|Pressure
|move|p2a: Dragonite|Dragon Dance|p2a: Dragonite
|-boost|p2a: Dragonite|atk|1
|-boost|p2a: Dragonite|spe|1
|
|upkeep
|turn|28
|
|t:|1769298640
|move|p2a: Dragonite|Ice Spinner|p1a: Trump is low IQ
|-damage|p1a: Trump is low IQ|0 fnt
|-damage|p2a: Dragonite|84/100|[from] item: Rocky Helmet|[of] p1a: Trump is low IQ
|faint|p1a: Trump is low IQ
|
|upkeep
|
|t:|1769298642
|switch|p1a: 808 and curses|Dondozo, M|28/100
|turn|29
|
|t:|1769298645
|move|p2a: Dragonite|Earthquake|p1a: 808 and curses
|-damage|p1a: 808 and curses|11/100
|move|p1a: 808 and curses|Rest|p1a: 808 and curses
|-status|p1a: 808 and curses|slp|[from] move: Rest
|-heal|p1a: 808 and curses|100/100 slp|[silent]
|
|upkeep
|turn|30
|
|t:|1769298650
|switch|p2a: Walking Wake|Walking Wake|100/100
|-damage|p2a: Walking Wake|88/100|[from] Stealth Rock
|cant|p1a: 808 and curses|slp
|move|p1a: 808 and curses|Sleep Talk|p1a: 808 and curses
|move|p1a: 808 and curses|Curse|p1a: 808 and curses|[from] move: Sleep Talk
|-unboost|p1a: 808 and curses|spe|1
|-boost|p1a: 808 and curses|atk|1
|-boost|p1a: 808 and curses|def|1
|
|upkeep
|turn|31
|
|t:|1769298652
|switch|p1a: brat|Blissey, F|78/100
|move|p2a: Walking Wake|Dragon Pulse|p1a: brat
|-damage|p1a: brat|61/100
|
|upkeep
|turn|32
|
|t:|1769298656
|-end|p2a: Walking Wake|Protosynthesis|[silent]
|switch|p2a: Dragonite|Dragonite, M|84/100
|move|p1a: brat|Soft-Boiled|p1a: brat
|-heal|p1a: brat|100/100
|
|upkeep
|turn|33
|
|t:|1769298659
|switch|p1a: Free Palestine|Gliscor, M|63/100 tox
|move|p2a: Dragonite|Earthquake|p1a: Free Palestine
|-immune|p1a: Free Palestine
|
|-heal|p1a: Free Palestine|76/100 tox|[from] ability: Poison Heal
|upkeep
|turn|34
|
|t:|1769298661
|move|p1a: Free Palestine|Protect|p1a: Free Palestine
|-singleturn|p1a: Free Palestine|Protect
|move|p2a: Dragonite|Ice Spinner|p1a: Free Palestine
|-activate|p1a: Free Palestine|move: Protect
|
|-heal|p1a: Free Palestine|88/100 tox|[from] ability: Poison Heal
|upkeep
|turn|35
|
|t:|1769298672
|switch|p2a: Kingambit|Kingambit, M|100/100
|-damage|p2a: Kingambit|94/100|[from] Stealth Rock
|-activate|p2a: Kingambit|ability: Supreme Overlord
|-start|p2a: Kingambit|fallen2|[silent]
|move|p1a: Free Palestine|Toxic|p2a: Kingambit
|-immune|p2a: Kingambit
|
|-heal|p1a: Free Palestine|100/100 tox|[from] ability: Poison Heal
|upkeep
|turn|36
|
|t:|1769298678
|-end|p2a: Kingambit|fallen2|[silent]
|switch|p2a: Dragonite|Dragonite, M|84/100
|move|p1a: Free Palestine|Earthquake|p2a: Dragonite
|-immune|p2a: Dragonite
|
|upkeep
|turn|37
|
|t:|1769298679
|move|p2a: Dragonite|Ice Spinner|p1a: Free Palestine
|-supereffective|p1a: Free Palestine
|-damage|p1a: Free Palestine|25/100 tox
|move|p1a: Free Palestine|Toxic|p2a: Dragonite
|-status|p2a: Dragonite|tox
|
|-damage|p2a: Dragonite|78/100 tox|[from] psn
|-heal|p1a: Free Palestine|37/100 tox|[from] ability: Poison Heal
|upkeep
|turn|38
|j| pacdan111
|
|t:|1769298682
|switch|p2a: Kingambit|Kingambit, M|94/100
|-damage|p2a: Kingambit|88/100|[from] Stealth Rock
|-activate|p2a: Kingambit|ability: Supreme Overlord
|-start|p2a: Kingambit|fallen2|[silent]
|move|p1a: Free Palestine|Protect||[still]
|-fail|p1a: Free Palestine
|
|-heal|p1a: Free Palestine|50/100 tox|[from] ability: Poison Heal
|upkeep
|turn|39
|
|t:|1769298688
|-end|p2a: Kingambit|fallen2|[silent]
|switch|p2a: Dragonite|Dragonite, M|78/100 tox
|move|p1a: Free Palestine|Protect||[still]
|-fail|p1a: Free Palestine
|
|-damage|p2a: Dragonite|72/100 tox|[from] psn
|-heal|p1a: Free Palestine|62/100 tox|[from] ability: Poison Heal
|upkeep
|turn|40
|
|t:|1769298690
|move|p1a: Free Palestine|Protect|p1a: Free Palestine
|-singleturn|p1a: Free Palestine|Protect
|move|p2a: Dragonite|Dragon Dance|p2a: Dragonite
|-boost|p2a: Dragonite|atk|1
|-boost|p2a: Dragonite|spe|1
|
|-damage|p2a: Dragonite|59/100 tox|[from] psn
|-heal|p1a: Free Palestine|75/100 tox|[from] ability: Poison Heal
|upkeep
|turn|41
|
|t:|1769298694
|switch|p1a: 808 and curses|Dondozo, M|100/100 slp
|move|p2a: Dragonite|Ice Spinner|p1a: 808 and curses
|-resisted|p1a: 808 and curses
|-damage|p1a: 808 and curses|93/100 slp
|
|-damage|p2a: Dragonite|41/100 tox|[from] psn
|upkeep
|turn|42
|
|t:|1769298698
|move|p2a: Dragonite|Earthquake|p1a: 808 and curses
|-damage|p1a: 808 and curses|75/100 slp
|cant|p1a: 808 and curses|slp
|move|p1a: 808 and curses|Sleep Talk|p1a: 808 and curses
|move|p1a: 808 and curses|Waterfall|p2a: Dragonite|[from] move: Sleep Talk
|-resisted|p2a: Dragonite
|-damage|p2a: Dragonite|27/100 tox
|
|-damage|p2a: Dragonite|2/100 tox|[from] psn
|upkeep
|turn|43
|
|t:|1769298701
|move|p2a: Dragonite|Earthquake|p1a: 808 and curses
|-damage|p1a: 808 and curses|59/100 slp
|-curestatus|p1a: 808 and curses|slp|[msg]
|move|p1a: 808 and curses|Curse|p1a: 808 and curses
|-unboost|p1a: 808 and curses|spe|1
|-boost|p1a: 808 and curses|atk|1
|-boost|p1a: 808 and curses|def|1
|
|-damage|p2a: Dragonite|0 fnt|[from] psn
|faint|p2a: Dragonite
|upkeep
|
|t:|1769298703
|switch|p2a: Walking Wake|Walking Wake|88/100
|-damage|p2a: Walking Wake|76/100|[from] Stealth Rock
|turn|44
|
|t:|1769298706
|switch|p1a: brat|Blissey, F|100/100
|move|p2a: Walking Wake|Dragon Pulse|p1a: brat
|-damage|p1a: brat|83/100
|
|upkeep
|turn|45
|
|t:|1769298710
|-end|p2a: Walking Wake|Protosynthesis|[silent]
|switch|p2a: Kingambit|Kingambit, M|88/100
|-damage|p2a: Kingambit|82/100|[from] Stealth Rock
|-activate|p2a: Kingambit|ability: Supreme Overlord
|-start|p2a: Kingambit|fallen3|[silent]
|move|p1a: brat|Shadow Ball|p2a: Kingambit
|-resisted|p2a: Kingambit
|-damage|p2a: Kingambit|75/100
|
|upkeep
|turn|46
|
|t:|1769298714
|switch|p1a: Free Palestine|Gliscor, M|75/100 tox
|move|p2a: Kingambit|Kowtow Cleave|p1a: Free Palestine
|-damage|p1a: Free Palestine|30/100 tox
|
|-heal|p1a: Free Palestine|42/100 tox|[from] ability: Poison Heal
|upkeep
|turn|47
|
|t:|1769298721
|-end|p2a: Kingambit|fallen3|[silent]
|switch|p2a: Walking Wake|Walking Wake|76/100
|-damage|p2a: Walking Wake|64/100|[from] Stealth Rock
|move|p1a: Free Palestine|Protect||[still]
|-fail|p1a: Free Palestine
|
|-heal|p1a: Free Palestine|54/100 tox|[from] ability: Poison Heal
|upkeep
|turn|48
|
|t:|1769298723
|move|p1a: Free Palestine|Protect|p1a: Free Palestine
|-singleturn|p1a: Free Palestine|Protect
|move|p2a: Walking Wake|Surf|p1a: Free Palestine
|-activate|p1a: Free Palestine|move: Protect
|
|-heal|p1a: Free Palestine|67/100 tox|[from] ability: Poison Heal
|upkeep
|turn|49
|
|t:|1769298725
|switch|p1a: brat|Blissey, F|83/100
|move|p2a: Walking Wake|Dragon Pulse|p1a: brat
|-damage|p1a: brat|65/100
|
|upkeep
|turn|50
|
|t:|1769298729
|-end|p2a: Walking Wake|Protosynthesis|[silent]
|switch|p2a: Cresselia|Cresselia, F|81/100
|-damage|p2a: Cresselia|69/100|[from] Stealth Rock
|move|p1a: brat|Shadow Ball|p2a: Cresselia
|-supereffective|p2a: Cresselia
|-damage|p2a: Cresselia|50/100
|
|upkeep
|turn|51
|
|t:|1769298732
|move|p2a: Cresselia|Moonblast|p1a: brat
|-damage|p1a: brat|59/100
|move|p1a: brat|Calm Mind|p1a: brat
|-boost|p1a: brat|spa|1
|-boost|p1a: brat|spd|1
|
|upkeep
|turn|52
|
|t:|1769298734
|move|p2a: Cresselia|Moonblast|p1a: brat
|-damage|p1a: brat|55/100
|move|p1a: brat|Soft-Boiled|p1a: brat
|-heal|p1a: brat|100/100
|
|upkeep
|turn|53
|
|t:|1769298737
|move|p2a: Cresselia|Moonblast|p1a: brat
|-damage|p1a: brat|97/100
|move|p1a: brat|Shadow Ball|p2a: Cresselia
|-supereffective|p2a: Cresselia
|-damage|p2a: Cresselia|19/100
|
|upkeep
|turn|54
|
|t:|1769298738
|move|p2a: Cresselia|Moonblast|p1a: brat
|-damage|p1a: brat|93/100
|-unboost|p1a: brat|spa|1
|move|p1a: brat|Shadow Ball|p2a: Cresselia
|-supereffective|p2a: Cresselia
|-damage|p2a: Cresselia|0 fnt
|faint|p2a: Cresselia
|
|upkeep
|
|t:|1769298742
|switch|p2a: Walking Wake|Walking Wake|64/100
|-damage|p2a: Walking Wake|51/100|[from] Stealth Rock
|turn|55
|
|t:|1769298745
|move|p2a: Walking Wake|Dragon Pulse|p1a: brat
|-damage|p1a: brat|81/100
|move|p1a: brat|Shadow Ball|p2a: Walking Wake
|-damage|p2a: Walking Wake|36/100
|
|upkeep
|turn|56
|
|t:|1769298747
|move|p2a: Walking Wake|Surf|p1a: brat
|-damage|p1a: brat|70/100
|move|p1a: brat|Shadow Ball|p2a: Walking Wake
|-damage|p2a: Walking Wake|20/100
|
|upkeep
|turn|57
|
|t:|1769298751
|move|p2a: Walking Wake|Surf|p1a: brat
|-damage|p1a: brat|59/100
|move|p1a: brat|Calm Mind|p1a: brat
|-boost|p1a: brat|spa|1
|-boost|p1a: brat|spd|1
|
|upkeep
|turn|58
|
|t:|1769298754
|move|p2a: Walking Wake|Dragon Pulse|p1a: brat
|-damage|p1a: brat|51/100
|move|p1a: brat|Soft-Boiled|p1a: brat
|-heal|p1a: brat|100/100
|
|upkeep
|turn|59
|
|t:|1769298757
|move|p2a: Walking Wake|Flamethrower|p1a: brat
|-damage|p1a: brat|95/100
|move|p1a: brat|Calm Mind|p1a: brat
|-boost|p1a: brat|spa|1
|-boost|p1a: brat|spd|1
|
|upkeep
|turn|60
|
|t:|1769298759
|-end|p2a: Walking Wake|Protosynthesis|[silent]
|switch|p2a: Kingambit|Kingambit, M|75/100
|-damage|p2a: Kingambit|68/100|[from] Stealth Rock
|-activate|p2a: Kingambit|ability: Supreme Overlord
|-start|p2a: Kingambit|fallen4|[silent]
|move|p1a: brat|Calm Mind|p1a: brat
|-boost|p1a: brat|spa|1
|-boost|p1a: brat|spd|1
|
|upkeep
|turn|61
|
|t:|1769298765
|switch|p1a: Charli xcx|Clefable, M|84/100
|-terastallize|p2a: Kingambit|Dark
|move|p2a: Kingambit|Sucker Punch||[still]
|-fail|p2a: Kingambit
|
|upkeep
|turn|62
|
|t:|1769298770
|-end|p2a: Kingambit|fallen4|[silent]
|switch|p2a: Walking Wake|Walking Wake|20/100
|-damage|p2a: Walking Wake|8/100|[from] Stealth Rock
|move|p1a: Charli xcx|Protect||[still]
|-fail|p1a: Charli xcx
|
|upkeep
|turn|63
|
|t:|1769298773
|move|p2a: Walking Wake|Surf|p1a: Charli xcx
|-damage|p1a: Charli xcx|49/100
|move|p1a: Charli xcx|Wish|p1a: Charli xcx
|
|upkeep
|turn|64
|
|t:|1769298779
|move|p1a: Charli xcx|Protect|p1a: Charli xcx
|-singleturn|p1a: Charli xcx|Protect
|move|p2a: Walking Wake|Surf|p1a: Charli xcx
|-activate|p1a: Charli xcx|move: Protect
|
|-heal|p1a: Charli xcx|99/100|[from] move: Wish|[wisher] Charli xcx
|upkeep
|turn|65
|
|t:|1769298781
|move|p2a: Walking Wake|Surf|p1a: Charli xcx
|-damage|p1a: Charli xcx|65/100
|move|p1a: Charli xcx|Wish|p1a: Charli xcx
|
|upkeep
|turn|66
|
|t:|1769298784
|move|p1a: Charli xcx|Protect|p1a: Charli xcx
|-singleturn|p1a: Charli xcx|Protect
|move|p2a: Walking Wake|Surf|p1a: Charli xcx
|-activate|p1a: Charli xcx|move: Protect
|
|-heal|p1a: Charli xcx|100/100|[from] move: Wish|[wisher] Charli xcx
|upkeep
|turn|67
|
|t:|1769298786
|move|p2a: Walking Wake|Surf|p1a: Charli xcx
|-damage|p1a: Charli xcx|68/100
|move|p1a: Charli xcx|Wish|p1a: Charli xcx
|
|upkeep
|turn|68
|
|t:|1769298787
|switch|p1a: 808 and curses|Dondozo, M|59/100
|move|p2a: Walking Wake|Surf|p1a: 808 and curses
|-resisted|p1a: 808 and curses
|-damage|p1a: 808 and curses|35/100
|
|-heal|p1a: 808 and curses|74/100|[from] move: Wish|[wisher] Charli xcx
|upkeep
|turn|69
|
|t:|1769298790
|switch|p1a: brat|Blissey, F|95/100
|move|p2a: Walking Wake|Dragon Pulse|p1a: brat
|-damage|p1a: brat|77/100
|
|upkeep
|turn|70
|
|t:|1769298792
|move|p2a: Walking Wake|Surf|p1a: brat
|-damage|p1a: brat|61/100
|move|p1a: brat|Calm Mind|p1a: brat
|-boost|p1a: brat|spa|1
|-boost|p1a: brat|spd|1
|
|upkeep
|turn|71
|
|t:|1769298794
|move|p2a: Walking Wake|Dragon Pulse|p1a: brat
|-damage|p1a: brat|50/100
|move|p1a: brat|Calm Mind|p1a: brat
|-boost|p1a: brat|spa|1
|-boost|p1a: brat|spd|1
|
|upkeep
|turn|72
|
|t:|1769298796
|move|p2a: Walking Wake|Surf|p1a: brat
|-damage|p1a: brat|41/100
|move|p1a: brat|Soft-Boiled|p1a: brat
|-heal|p1a: brat|91/100
|
|upkeep
|turn|73
|
|t:|1769298798
|move|p2a: Walking Wake|Dragon Pulse|p1a: brat
|-damage|p1a: brat|82/100
|move|p1a: brat|Calm Mind|p1a: brat
|-boost|p1a: brat|spa|1
|-boost|p1a: brat|spd|1
|
|upkeep
|turn|74
|
|t:|1769298800
|move|p2a: Walking Wake|Surf|p1a: brat
|-damage|p1a: brat|75/100
|move|p1a: brat|Calm Mind|p1a: brat
|-boost|p1a: brat|spa|1
|-boost|p1a: brat|spd|1
|
|upkeep
|turn|75
|
|t:|1769298802
|move|p2a: Walking Wake|Dragon Pulse|p1a: brat
|-damage|p1a: brat|69/100
|move|p1a: brat|Calm Mind|p1a: brat
|-boost|p1a: brat|spa|1
|-boost|p1a: brat|spd|1
|
|upkeep
|turn|76
|
|t:|1769298803
|move|p2a: Walking Wake|Surf|p1a: brat
|-damage|p1a: brat|64/100
|move|p1a: brat|Calm Mind|p1a: brat
|-boost|p1a: brat|spa|1
|-boost|p1a: brat|spd|1
|
|upkeep
|turn|77
|
|t:|1769298805
|move|p2a: Walking Wake|Dragon Pulse|p1a: brat
|-damage|p1a: brat|60/100
|move|p1a: brat|Stealth Rock||[still]
|-fail|p1a: brat
|
|upkeep
|turn|78
|
|t:|1769298807
|move|p2a: Walking Wake|Surf|p1a: brat
|-damage|p1a: brat|56/100
|move|p1a: brat|Stealth Rock||[still]
|-fail|p1a: brat
|
|upkeep
|turn|79
|
|t:|1769298809
|move|p2a: Walking Wake|Dragon Pulse|p1a: brat
|-damage|p1a: brat|52/100
|move|p1a: brat|Stealth Rock||[still]
|-fail|p1a: brat
|
|upkeep
|turn|80
|
|t:|1769298813
|move|p2a: Walking Wake|Surf|p1a: brat
|-damage|p1a: brat|48/100
|move|p1a: brat|Stealth Rock||[still]
|-fail|p1a: brat
|
|upkeep
|turn|81
|
|t:|1769298814
|move|p2a: Walking Wake|Flamethrower|p1a: brat
|-damage|p1a: brat|45/100
|move|p1a: brat|Soft-Boiled|p1a: brat
|-heal|p1a: brat|95/100
|
|upkeep
|turn|82
|
|t:|1769298818
|move|p2a: Walking Wake|Flamethrower|p1a: brat
|-damage|p1a: brat|92/100
|-status|p1a: brat|brn
|move|p1a: brat|Shadow Ball|p2a: Walking Wake
|-damage|p2a: Walking Wake|0 fnt
|faint|p2a: Walking Wake
|-end|p2a: Walking Wake|Protosynthesis|[silent]
|
|-damage|p1a: brat|86/100 brn|[from] brn
|upkeep
|
|t:|1769298820
|switch|p2a: Kingambit|Kingambit, M, tera:Dark|68/100
|-damage|p2a: Kingambit|56/100|[from] Stealth Rock
|-activate|p2a: Kingambit|ability: Supreme Overlord
|-start|p2a: Kingambit|fallen5|[silent]
|turn|83
|
|t:|1769298822
|move|p2a: Kingambit|Sucker Punch|p1a: brat
|-damage|p1a: brat|0 fnt
|faint|p1a: brat
|
|upkeep
|
|t:|1769298824
|switch|p1a: Free Palestine|Gliscor, M|67/100 tox
|turn|84
|
|t:|1769298829
|move|p1a: Free Palestine|Protect|p1a: Free Palestine
|-singleturn|p1a: Free Palestine|Protect
|move|p2a: Kingambit|Kowtow Cleave|p1a: Free Palestine
|-activate|p1a: Free Palestine|move: Protect
|
|-heal|p1a: Free Palestine|79/100 tox|[from] ability: Poison Heal
|upkeep
|turn|85
|
|t:|1769298832
|move|p2a: Kingambit|Sucker Punch||[still]
|-fail|p2a: Kingambit
|move|p1a: Free Palestine|Toxic|p2a: Kingambit
|-status|p2a: Kingambit|tox
|
|-heal|p1a: Free Palestine|92/100 tox|[from] ability: Poison Heal
|-damage|p2a: Kingambit|50/100 tox|[from] psn
|upkeep
|turn|86
|-message|Obling forfeited.
|
|win|Trainer #39
|raw|Trainer #39's rating: 1753 &rarr; <strong>1777</strong><br />(+24 for winning)
|raw|Obling's rating: 1827 &rarr; <strong>1803</strong><br />(-24 for losing)
|l|☆Trainer #39
|player|p1|
|l|☆Obling
|player|p2|
|l| NShF
