|j|☆capt.once
|j|☆my password broke
|t:|1769335190
|gametype|singles
|player|p1|capt.once|clerkf|1451
|player|p2|my password broke|clown|1534
|gen|9
|tier|[Gen 9] OU
|rated|
|rule|HP Percentage Mod: HP is shown in percentages
|rule|Endless Battle Clause: Forcing endless battles is banned
|rule|Species Clause: Limit one of each Pokémon
|rule|OHKO Clause: OHKO moves are banned
|rule|Evasion Items Clause: Evasion items are banned
|rule|Evasion Moves Clause: Evasion moves are banned
|rule|Evasion Abilities Clause: Evasion abilities are banned
|rule|Sleep Moves Clause: Sleep-inducing moves are banned
|clearpoke
|poke|p1|Samurott-Hisui, F|
|poke|p1|Salamence, M|
|poke|p1|Abomasnow, M|
|poke|p1|Glimmora, M|
|poke|p1|Iron Valiant|
|poke|p1|Iron Hands|
|poke|p2|Iron Valiant|
|poke|p2|Excadrill, M|
|poke|p2|Tyranitar, M|
|poke|p2|Tornadus-Therian, M|
|poke|p2|Ogerpon-Cornerstone, F|
|poke|p2|Toxapex, M|
|teampreview
|inactive|Battle timer is ON: inactive players will automatically lose when time's up. (requested by capt.once)
|
|t:|1769335211
|teamsize|p1|6
|teamsize|p2|6
|start
|switch|p1a: Samurott|Samurott-Hisui, F|100/100
|switch|p2a: Tyranitar|Tyranitar, M, shiny|100/100
|-weather|Sandstorm|[from] ability: Sand Stream|[of] p2a: Tyranitar
|turn|1
|
|t:|1769335220
|move|p1a: Samurott|Sacred Sword|p2a: Tyranitar
|-supereffective|p2a: Tyranitar
|-damage|p2a: Tyranitar|0 fnt
|faint|p2a: Tyranitar
|
|-weather|Sandstorm|[upkeep]
|-damage|p1a: Samurott|94/100|[from] Sandstorm
|upkeep
|
|t:|1769335226
|switch|p2a: Ogerpon|Ogerpon-Cornerstone, F|100/100
|turn|2
|
|t:|1769335242
|move|p1a: Samurott|Sacred Sword|p2a: Ogerpon
|-supereffective|p2a: Ogerpon
|-ability|p2a: Ogerpon|Sturdy
|-damage|p2a: Ogerpon|1/100
|move|p2a: Ogerpon|Power Whip|p1a: Samurott
|-supereffective|p1a: Samurott
|-damage|p1a: Samurott|0 fnt
|faint|p1a: Samurott
|
|-weather|Sandstorm|[upkeep]
|upkeep
|inactive|capt.once has 120 seconds left.
|
|t:|1769335270
|switch|p1a: Iron Hands|Iron Hands|100/100
|-enditem|p1a: Iron Hands|Booster Energy
|-activate|p1a: Iron Hands|ability: Quark Drive|[fromitem]
|-start|p1a: Iron Hands|quarkdriveatk
|turn|3
|inactive|capt.once has 120 seconds left.
|j| nitroLazer120
|
|t:|1769335291
|move|p2a: Ogerpon|Power Whip|p1a: Iron Hands
|-damage|p1a: Iron Hands|58/100
|move|p1a: Iron Hands|Wild Charge|p2a: Ogerpon
|-resisted|p2a: Ogerpon
|-damage|p2a: Ogerpon|0 fnt
|faint|p2a: Ogerpon
|-damage|p1a: Iron Hands|58/100|[from] Recoil
|
|-weather|Sandstorm|[upkeep]
|-damage|p1a: Iron Hands|52/100|[from] Sandstorm
|upkeep
|
|t:|1769335298
|switch|p2a: Excadrill|Excadrill, M, shiny|100/100
|turn|4
|
|t:|1769335305
|move|p2a: Excadrill|Substitute|p2a: Excadrill
|-start|p2a: Excadrill|Substitute
|-damage|p2a: Excadrill|76/100
|move|p1a: Iron Hands|Close Combat|p2a: Excadrill
|-supereffective|p2a: Excadrill
|-end|p2a: Excadrill|Substitute
|-unboost|p1a: Iron Hands|def|1
|-unboost|p1a: Iron Hands|spd|1
|
|-weather|Sandstorm|[upkeep]
|-damage|p1a: Iron Hands|46/100|[from] Sandstorm
|-heal|p2a: Excadrill|82/100|[from] item: Leftovers
|upkeep
|turn|5
|
|t:|1769335318
|move|p2a: Excadrill|Substitute|p2a: Excadrill
|-start|p2a: Excadrill|Substitute
|-damage|p2a: Excadrill|57/100
|move|p1a: Iron Hands|Earthquake|p2a: Excadrill
|-supereffective|p2a: Excadrill
|-end|p2a: Excadrill|Substitute
|
|-weather|Sandstorm|[upkeep]
|-damage|p1a: Iron Hands|39/100|[from] Sandstorm
|-heal|p2a: Excadrill|63/100|[from] item: Leftovers
|upkeep
|turn|6
|
|t:|1769335328
|move|p2a: Excadrill|Earthquake|p1a: Iron Hands
|-supereffective|p1a: Iron Hands
|-damage|p1a: Iron Hands|0 fnt
|faint|p1a: Iron Hands
|-end|p1a: Iron Hands|Quark Drive|[silent]
|
|-weather|Sandstorm|[upkeep]
|-heal|p2a: Excadrill|69/100|[from] item: Leftovers
|upkeep
|inactive|capt.once has 120 seconds left.
|
|t:|1769335339
|switch|p1a: Abomasnow|Abomasnow, M|100/100
|-weather|Snowscape|[from] ability: Snow Warning|[of] p1a: Abomasnow
|turn|7
|inactive|capt.once has 120 seconds left.
|
|t:|1769335356
|switch|p2a: Toxapex|Toxapex, M, shiny|100/100
|move|p1a: Abomasnow|Earth Power|p2a: Toxapex
|-supereffective|p2a: Toxapex
|-damage|p2a: Toxapex|64/100
|-enditem|p2a: Toxapex|Eject Button
|
|t:|1769335358
|switch|p2a: Tornadus|Tornadus-Therian, M, shiny|100/100
|
|-weather|Snowscape|[upkeep]
|upkeep
|turn|8
|
|t:|1769335367
|move|p2a: Tornadus|Heat Wave|p1a: Abomasnow
|-supereffective|p1a: Abomasnow
|-damage|p1a: Abomasnow|0 fnt
|faint|p1a: Abomasnow
|
|-weather|Snowscape|[upkeep]
|upkeep
|
|t:|1769335375
|switch|p1a: Glimmora|Glimmora, M|100/100
|turn|9
|
|t:|1769335379
|switch|p2a: Excadrill|Excadrill, M, shiny|69/100
|move|p1a: Glimmora|Power Gem|p2a: Excadrill
|-resisted|p2a: Excadrill
|-damage|p2a: Excadrill|56/100
|
|-weather|Snowscape|[upkeep]
|-heal|p2a: Excadrill|62/100|[from] item: Leftovers
|upkeep
|turn|10
|
|t:|1769335389
|move|p1a: Glimmora|Earth Power|p2a: Excadrill
|-supereffective|p2a: Excadrill
|-damage|p2a: Excadrill|0 fnt
|faint|p2a: Excadrill
|
|-weather|Snowscape|[upkeep]
|upkeep
|
|t:|1769335397
|switch|p2a: Iron Valiant|Iron Valiant, shiny|100/100
|turn|11
|
|t:|1769335406
|move|p2a: Iron Valiant|Thunderbolt|p1a: Glimmora
|-damage|p1a: Glimmora|40/100
|move|p1a: Glimmora|Sludge Wave|p2a: Iron Valiant
|-supereffective|p2a: Iron Valiant
|-damage|p2a: Iron Valiant|0 fnt
|faint|p2a: Iron Valiant
|-end|p2a: Iron Valiant|Quark Drive|[silent]
|
|-weather|none
|-heal|p1a: Glimmora|46/100|[from] item: Black Sludge
|upkeep
|
|t:|1769335411
|switch|p2a: Tornadus|Tornadus-Therian, M, shiny|100/100
|turn|12
|
|t:|1769335419
|-terastallize|p2a: Tornadus|Flying
|move|p2a: Tornadus|Bleakwind Storm|p1a: Glimmora
|-resisted|p1a: Glimmora
|-damage|p1a: Glimmora|0 fnt
|faint|p1a: Glimmora
|
|upkeep
|
|t:|1769335428
|switch|p1a: Salamence|Salamence, M|100/100
|turn|13
|
|t:|1769335433
|move|p2a: Tornadus|Bleakwind Storm|p1a: Salamence
|-crit|p1a: Salamence
|-damage|p1a: Salamence|0 fnt
|faint|p1a: Salamence
|
|upkeep
|
|t:|1769335438
|switch|p1a: Iron Valiant|Iron Valiant|100/100
|-enditem|p1a: Iron Valiant|Booster Energy
|-activate|p1a: Iron Valiant|ability: Quark Drive|[fromitem]
|-start|p1a: Iron Valiant|quarkdrivespe
|turn|14
|
|t:|1769335449
|switch|p2a: Toxapex|Toxapex, M, shiny|97/100
|-terastallize|p1a: Iron Valiant|Fairy
|move|p1a: Iron Valiant|Moonblast|p2a: Toxapex
|-resisted|p2a: Toxapex
|-damage|p2a: Toxapex|74/100
|
|upkeep
|turn|15
|
|t:|1769335459
|move|p1a: Iron Valiant|Psychic|p2a: Toxapex
|-supereffective|p2a: Toxapex
|-damage|p2a: Toxapex|31/100
|move|p2a: Toxapex|Toxic|p1a: Iron Valiant
|-status|p1a: Iron Valiant|tox
|
|-damage|p1a: Iron Valiant|94/100 tox|[from] psn
|upkeep
|turn|16
|
|t:|1769335468
|switch|p2a: Tornadus|Tornadus-Therian, M, shiny, tera:Flying|100/100
|move|p1a: Iron Valiant|Psychic|p2a: Tornadus
|-damage|p2a: Tornadus|66/100
|
|-damage|p1a: Iron Valiant|82/100 tox|[from] psn
|upkeep
|turn|17
|
|t:|1769335477
|switch|p2a: Toxapex|Toxapex, M, shiny|64/100
|move|p1a: Iron Valiant|Moonblast|p2a: Toxapex
|-resisted|p2a: Toxapex
|-damage|p2a: Toxapex|41/100
|-unboost|p2a: Toxapex|spa|1
|
|-damage|p1a: Iron Valiant|63/100 tox|[from] psn
|upkeep
|turn|18
|-message|capt.once forfeited.
|
|win|my password broke
|raw|capt.once's rating: 1451 &rarr; <strong>1435</strong><br />(-16 for losing)
|raw|my password broke's rating: 1518 &rarr; <strong>1534</strong><br />(+16 for winning)
|l|☆capt.once
|player|p1|
|l| nitroLazer120
|l|☆my password broke
|player|p2|
