|j|☆El Eco del Gato
|j|☆heavystorming
|t:|1769295102
|gametype|singles
|player|p1|El Eco del Gato|mina-lgpe|1213
|player|p2|heavystorming|janine|1187
|gen|9
|tier|[Gen 9] OU
|rated|
|rule|HP Percentage Mod: HP is shown in percentages
|rule|Endless Battle Clause: Forcing endless battles is banned
|rule|Species Clause: Limit one of each Pokémon
|rule|OHKO Clause: OHKO moves are banned
|rule|Evasion Items Clause: Evasion items are banned
|rule|Evasion Moves Clause: Evasion moves are banned
|rule|Evasion Abilities Clause: Evasion abilities are banned
|rule|Sleep Moves Clause: Sleep-inducing moves are banned
|clearpoke
|poke|p1|Hawlucha, M|
|poke|p1|Pincurchin, M|
|poke|p1|Skeledirge, F|
|poke|p1|Shaymin|
|poke|p1|Ogerpon-Cornerstone, F|
|poke|p1|Glimmora, F|
|poke|p2|Great Tusk|
|poke|p2|Kingambit, F|
|poke|p2|Gholdengo|
|poke|p2|Ogerpon-Wellspring, F|
|poke|p2|Dragonite, F|
|poke|p2|Raging Bolt|
|teampreview
|
|t:|1769295109
|teamsize|p1|6
|teamsize|p2|6
|start
|switch|p1a: Glimmora|Glimmora, F|100/100
|switch|p2a: Great Tusk|Great Tusk|100/100
|-item|p1a: Glimmora|Air Balloon
|turn|1
|inactive|Battle timer is ON: inactive players will automatically lose when time's up. (requested by heavystorming)
|
|t:|1769295114
|move|p2a: Great Tusk|Knock Off|p1a: Glimmora
|-damage|p1a: Glimmora|82/100
|-activate|p1a: Glimmora|ability: Toxic Debris
|-sidestart|p2: heavystorming|move: Toxic Spikes
|-enditem|p1a: Glimmora|Air Balloon
|move|p1a: Glimmora|Mortal Spin|p2a: Great Tusk
|-resisted|p2a: Great Tusk
|-damage|p2a: Great Tusk|99/100
|-status|p2a: Great Tusk|psn
|
|-damage|p2a: Great Tusk|87/100 psn|[from] psn
|upkeep
|turn|2
|
|t:|1769295124
|switch|p1a: Pincurchin|Pincurchin, M|100/100
|-fieldstart|move: Electric Terrain|[from] ability: Electric Surge|[of] p1a: Pincurchin
|-item|p1a: Pincurchin|Air Balloon
|move|p2a: Great Tusk|Earthquake|p1a: Pincurchin
|-immune|p1a: Pincurchin
|
|-damage|p2a: Great Tusk|74/100 psn|[from] psn
|upkeep
|turn|3
|
|t:|1769295133
|move|p2a: Great Tusk|Rapid Spin|p1a: Pincurchin
|-damage|p1a: Pincurchin|82/100
|-boost|p2a: Great Tusk|spe|1
|-enditem|p1a: Pincurchin|Air Balloon
|-sideend|p2: heavystorming|Toxic Spikes|[from] move: Rapid Spin|[of] p2a: Great Tusk
|move|p1a: Pincurchin|Spikes|p2a: Great Tusk
|-sidestart|p2: heavystorming|Spikes
|
|-damage|p2a: Great Tusk|62/100 psn|[from] psn
|upkeep
|turn|4
|
|t:|1769295141
|switch|p1a: Hawlucha|Hawlucha, M|100/100
|-enditem|p1a: Hawlucha|Electric Seed
|-boost|p1a: Hawlucha|def|1|[from] item: Electric Seed
|move|p2a: Great Tusk|Earthquake|p1a: Hawlucha
|-immune|p1a: Hawlucha
|
|-damage|p2a: Great Tusk|49/100 psn|[from] psn
|upkeep
|turn|5
|
|t:|1769295148
|move|p1a: Hawlucha|Swords Dance|p1a: Hawlucha
|-boost|p1a: Hawlucha|atk|2
|move|p2a: Great Tusk|Knock Off|p1a: Hawlucha
|-resisted|p1a: Hawlucha
|-damage|p1a: Hawlucha|91/100
|
|-damage|p2a: Great Tusk|37/100 psn|[from] psn
|upkeep
|turn|6
|
|t:|1769295168
|move|p1a: Hawlucha|Swords Dance|p1a: Hawlucha
|-boost|p1a: Hawlucha|atk|2
|move|p2a: Great Tusk|Rapid Spin|p1a: Hawlucha
|-damage|p1a: Hawlucha|78/100
|-boost|p2a: Great Tusk|spe|1
|-sideend|p2: heavystorming|Spikes|[from] move: Rapid Spin|[of] p2a: Great Tusk
|
|-damage|p2a: Great Tusk|24/100 psn|[from] psn
|-fieldend|move: Electric Terrain
|upkeep
|turn|7
|
|t:|1769295174
|move|p1a: Hawlucha|Swords Dance|p1a: Hawlucha
|-boost|p1a: Hawlucha|atk|2
|move|p2a: Great Tusk|Knock Off|p1a: Hawlucha
|-resisted|p1a: Hawlucha
|-damage|p1a: Hawlucha|68/100
|
|-damage|p2a: Great Tusk|12/100 psn|[from] psn
|upkeep
|turn|8
|
|t:|1769295181
|move|p1a: Hawlucha|Acrobatics|p2a: Great Tusk
|-supereffective|p2a: Great Tusk
|-damage|p2a: Great Tusk|0 fnt
|faint|p2a: Great Tusk
|-end|p2a: Great Tusk|Protosynthesis|[silent]
|
|upkeep
|
|t:|1769295188
|switch|p2a: Dragonite|Dragonite, F|100/100
|turn|9
|
|t:|1769295193
|move|p1a: Hawlucha|Thunder Punch|p2a: Dragonite
|-damage|p2a: Dragonite|58/100
|move|p2a: Dragonite|Fire Punch|p1a: Hawlucha
|-damage|p1a: Hawlucha|38/100
|
|upkeep
|turn|10
|
|t:|1769295199
|-terastallize|p2a: Dragonite|Normal
|move|p2a: Dragonite|Extreme Speed|p1a: Hawlucha
|-damage|p1a: Hawlucha|0 fnt
|faint|p1a: Hawlucha
|
|upkeep
|
|t:|1769295211
|switch|p1a: Skeledirge|Skeledirge, F|100/100
|turn|11
|
|t:|1769295216
|move|p2a: Dragonite|Earthquake|p1a: Skeledirge
|-supereffective|p1a: Skeledirge
|-damage|p1a: Skeledirge|41/100
|move|p1a: Skeledirge|Torch Song|p2a: Dragonite
|-damage|p2a: Dragonite|29/100
|-boost|p1a: Skeledirge|spa|1
|
|upkeep
|turn|12
|
|t:|1769295222
|-terastallize|p1a: Skeledirge|Fairy
|move|p2a: Dragonite|Earthquake|p1a: Skeledirge
|-damage|p1a: Skeledirge|10/100
|move|p1a: Skeledirge|Slack Off|p1a: Skeledirge
|-heal|p1a: Skeledirge|60/100
|
|upkeep
|turn|13
|
|t:|1769295228
|move|p2a: Dragonite|Dragon Dance|p2a: Dragonite
|-boost|p2a: Dragonite|atk|1
|-boost|p2a: Dragonite|spe|1
|move|p1a: Skeledirge|Slack Off|p1a: Skeledirge
|-heal|p1a: Skeledirge|100/100
|
|upkeep
|turn|14
|
|t:|1769295233
|move|p2a: Dragonite|Fire Punch|p1a: Skeledirge
|-damage|p1a: Skeledirge|77/100
|move|p1a: Skeledirge|Will-O-Wisp|p2a: Dragonite
|-status|p2a: Dragonite|brn
|
|-damage|p2a: Dragonite|23/100 brn|[from] brn
|upkeep
|turn|15
|
|t:|1769295240
|move|p2a: Dragonite|Earthquake|p1a: Skeledirge
|-damage|p1a: Skeledirge|61/100
|move|p1a: Skeledirge|Torch Song|p2a: Dragonite
|-damage|p2a: Dragonite|0 fnt
|-boost|p1a: Skeledirge|spa|1
|faint|p2a: Dragonite
|
|upkeep
|
|t:|1769295244
|switch|p2a: Gholdengo|Gholdengo|100/100
|turn|16
|
|t:|1769295248
|move|p2a: Gholdengo|Make It Rain|p1a: Skeledirge
|-supereffective|p1a: Skeledirge
|-damage|p1a: Skeledirge|0 fnt
|-unboost|p2a: Gholdengo|spa|1
|faint|p1a: Skeledirge
|
|upkeep
|
|t:|1769295266
|switch|p1a: Glimmora|Glimmora, F|82/100
|turn|17
|
|t:|1769295273
|move|p1a: Glimmora|Power Gem|p2a: Gholdengo
|-resisted|p2a: Gholdengo
|-damage|p2a: Gholdengo|89/100
|move|p2a: Gholdengo|Make It Rain|p1a: Glimmora
|-supereffective|p1a: Glimmora
|-damage|p1a: Glimmora|9/100
|-unboost|p2a: Gholdengo|spa|1
|
|-heal|p2a: Gholdengo|95/100|[from] item: Leftovers
|upkeep
|turn|18
|
|t:|1769295282
|move|p1a: Glimmora|Stealth Rock|p2a: Gholdengo
|-sidestart|p2: heavystorming|move: Stealth Rock
|move|p2a: Gholdengo|Shadow Ball|p1a: Glimmora
|-damage|p1a: Glimmora|0 fnt
|faint|p1a: Glimmora
|
|-heal|p2a: Gholdengo|100/100|[from] item: Leftovers
|upkeep
|
|t:|1769295290
|switch|p1a: Pincurchin|Pincurchin, M|82/100
|-fieldstart|move: Electric Terrain|[from] ability: Electric Surge|[of] p1a: Pincurchin
|turn|19
|
|t:|1769295292
|move|p2a: Gholdengo|Nasty Plot|p2a: Gholdengo
|-boost|p2a: Gholdengo|spa|2
|move|p1a: Pincurchin|Thunder Wave|p2a: Gholdengo
|-immune|p2a: Gholdengo|[from] ability: Good as Gold
|
|upkeep
|turn|20
|
|t:|1769295302
|move|p2a: Gholdengo|Nasty Plot|p2a: Gholdengo
|-boost|p2a: Gholdengo|spa|2
|move|p1a: Pincurchin|Spikes|p2a: Gholdengo
|-sidestart|p2: heavystorming|Spikes
|
|upkeep
|turn|21
|
|t:|1769295306
|switch|p1a: Shaymin|Shaymin|100/100
|move|p2a: Gholdengo|Nasty Plot|p2a: Gholdengo
|-boost|p2a: Gholdengo|spa|2
|
|upkeep
|turn|22
|
|t:|1769295313
|move|p1a: Shaymin|Worry Seed|p2a: Gholdengo
|-immune|p2a: Gholdengo|[from] ability: Good as Gold
|move|p2a: Gholdengo|Shadow Ball|p1a: Shaymin
|-damage|p1a: Shaymin|16/100
|
|-heal|p1a: Shaymin|22/100|[from] item: Leftovers
|upkeep
|turn|23
|
|t:|1769295322
|move|p1a: Shaymin|Petal Blizzard|p2a: Gholdengo
|-resisted|p2a: Gholdengo
|-damage|p2a: Gholdengo|85/100
|move|p2a: Gholdengo|Shadow Ball|p1a: Shaymin
|-damage|p1a: Shaymin|0 fnt
|faint|p1a: Shaymin
|
|-heal|p2a: Gholdengo|92/100|[from] item: Leftovers
|-fieldend|move: Electric Terrain
|upkeep
|
|t:|1769295326
|switch|p1a: Ogerpon|Ogerpon-Cornerstone, F|100/100
|turn|24
|
|t:|1769295329
|move|p1a: Ogerpon|Ivy Cudgel|p2a: Gholdengo|[anim] Ivy Cudgel Rock
|-resisted|p2a: Gholdengo
|-damage|p2a: Gholdengo|62/100
|move|p2a: Gholdengo|Make It Rain|p1a: Ogerpon
|-supereffective|p1a: Ogerpon
|-ability|p1a: Ogerpon|Sturdy
|-damage|p1a: Ogerpon|1/100
|-unboost|p2a: Gholdengo|spa|1
|
|-heal|p2a: Gholdengo|68/100|[from] item: Leftovers
|upkeep
|turn|25
|
|t:|1769295334
|move|p1a: Ogerpon|Ivy Cudgel|p2a: Gholdengo|[anim] Ivy Cudgel Rock
|-resisted|p2a: Gholdengo
|-damage|p2a: Gholdengo|40/100
|move|p2a: Gholdengo|Shadow Ball|p1a: Ogerpon
|-damage|p1a: Ogerpon|0 fnt
|faint|p1a: Ogerpon
|
|-heal|p2a: Gholdengo|46/100|[from] item: Leftovers
|upkeep
|-message|El Eco del Gato forfeited.
|
|win|heavystorming
|raw|El Eco del Gato's rating: 1213 &rarr; <strong>1186</strong><br />(-27 for losing)
|raw|heavystorming's rating: 1187 &rarr; <strong>1214</strong><br />(+27 for winning)
|l|☆El Eco del Gato
|player|p1|
|l|☆heavystorming
|player|p2|
