|j|☆ArvenDs
|j|☆kas1989
|t:|1769379988
|gametype|singles
|player|p1|ArvenDs|workerice|1196
|player|p2|kas1989|bugcatcher-gen4dp|1158
|gen|9
|tier|[Gen 9] OU
|rated|
|rule|HP Percentage Mod: HP is shown in percentages
|rule|Endless Battle Clause: Forcing endless battles is banned
|rule|Species Clause: Limit one of each Pokémon
|rule|OHKO Clause: OHKO moves are banned
|rule|Evasion Items Clause: Evasion items are banned
|rule|Evasion Moves Clause: Evasion moves are banned
|rule|Evasion Abilities Clause: Evasion abilities are banned
|rule|Sleep Moves Clause: Sleep-inducing moves are banned
|clearpoke
|poke|p1|Magnemite|
|poke|p1|Mamoswine, M|
|poke|p1|Ninetales-Alola, F|
|poke|p1|Glaceon, F|
|poke|p1|Weavile, M|
|poke|p1|Avalugg, M|
|poke|p2|Torkoal, M|
|poke|p2|Volcanion|
|poke|p2|Cinderace, F|
|poke|p2|Mandibuzz, F|
|poke|p2|Great Tusk|
|poke|p2|Fezandipiti, M|
|teampreview
|
|t:|1769380005
|teamsize|p1|6
|teamsize|p2|6
|start
|switch|p1a: Magnemite|Magnemite|100/100
|switch|p2a: Cinderace|Cinderace, F, shiny|100/100
|turn|1
|
|t:|1769380014
|move|p2a: Cinderace|Pyro Ball|p1a: Magnemite
|-supereffective|p1a: Magnemite
|-ability|p1a: Magnemite|Sturdy
|-damage|p1a: Magnemite|1/100
|move|p1a: Magnemite|Thunder Wave|p2a: Cinderace
|-status|p2a: Cinderace|par
|
|upkeep
|turn|2
|-enditem|p1a: Magnemite|Custap Berry|[eat]
|-activate|p1a: Magnemite|item: Custap Berry|[consumed]
|
|t:|1769380024
|move|p1a: Magnemite|Zap Cannon|p2a: Cinderace
|-damage|p2a: Cinderace|7/100 par
|cant|p2a: Cinderace|par
|
|upkeep
|turn|3
|
|t:|1769380036
|move|p2a: Cinderace|Sucker Punch||[still]
|-fail|p2a: Cinderace
|move|p1a: Magnemite|Lock-On|p2a: Cinderace
|-activate|p1a: Magnemite|move: Lock-On|[of] p2a: Cinderace
|
|upkeep
|turn|4
|
|t:|1769380043
|move|p2a: Cinderace|Sucker Punch|p1a: Magnemite
|-start|p2a: Cinderace|typechange|Dark|[from] ability: Libero
|-damage|p1a: Magnemite|0 fnt
|faint|p1a: Magnemite
|
|upkeep
|
|t:|1769380060
|switch|p1a: Mamoswine|Mamoswine, M|100/100
|turn|5
|
|t:|1769380065
|move|p1a: Mamoswine|Earthquake|p2a: Cinderace
|-damage|p2a: Cinderace|0 fnt
|faint|p2a: Cinderace
|
|upkeep
|
|t:|1769380079
|switch|p2a: Torkoal|Torkoal, M, shiny|100/100
|-weather|SunnyDay|[from] ability: Drought|[of] p2a: Torkoal
|turn|6
|
|t:|1769380085
|move|p1a: Mamoswine|Earthquake|p2a: Torkoal
|-supereffective|p2a: Torkoal
|-damage|p2a: Torkoal|0 fnt
|faint|p2a: Torkoal
|
|-weather|SunnyDay|[upkeep]
|upkeep
|
|t:|1769380090
|switch|p2a: Volcanion|Volcanion|100/100
|turn|7
|
|t:|1769380106
|switch|p1a: Glaceon|Glaceon, F|100/100
|move|p2a: Volcanion|Steam Eruption|p1a: Glaceon
|-damage|p1a: Glaceon|68/100
|
|-weather|SunnyDay|[upkeep]
|upkeep
|turn|8
|
|t:|1769380115
|switch|p2a: Fezandipiti|Fezandipiti, M|100/100
|move|p1a: Glaceon|Freeze-Dry|p2a: Fezandipiti
|-damage|p2a: Fezandipiti|72/100
|
|-weather|SunnyDay|[upkeep]
|-heal|p2a: Fezandipiti|78/100|[from] item: Leftovers
|upkeep
|turn|9
|
|t:|1769380125
|move|p2a: Fezandipiti|Nasty Plot|p2a: Fezandipiti
|-boost|p2a: Fezandipiti|spa|2
|move|p1a: Glaceon|Ice Beam|p2a: Fezandipiti
|-damage|p2a: Fezandipiti|38/100
|
|-weather|SunnyDay|[upkeep]
|-heal|p2a: Fezandipiti|44/100|[from] item: Leftovers
|upkeep
|turn|10
|
|t:|1769380133
|move|p2a: Fezandipiti|Sludge Bomb|p1a: Glaceon
|-damage|p1a: Glaceon|18/100
|move|p1a: Glaceon|Ice Beam|p2a: Fezandipiti
|-crit|p2a: Fezandipiti
|-damage|p2a: Fezandipiti|0 fnt
|faint|p2a: Fezandipiti
|
|-weather|SunnyDay|[upkeep]
|upkeep
|
|t:|1769380143
|switch|p2a: Volcanion|Volcanion|100/100
|turn|11
|
|t:|1769380145
|move|p2a: Volcanion|Fire Blast|p1a: Glaceon
|-supereffective|p1a: Glaceon
|-damage|p1a: Glaceon|0 fnt
|faint|p1a: Glaceon
|
|-weather|SunnyDay|[upkeep]
|upkeep
|
|t:|1769380153
|switch|p1a: Avalugg|Avalugg, M|100/100
|turn|12
|
|t:|1769380155
|move|p2a: Volcanion|Fire Blast|p1a: Avalugg|[miss]
|-miss|p2a: Volcanion|p1a: Avalugg
|move|p1a: Avalugg|Mirror Coat||[still]
|-fail|p1a: Avalugg
|
|-weather|SunnyDay|[upkeep]
|upkeep
|turn|13
|
|t:|1769380158
|move|p2a: Volcanion|Fire Blast|p1a: Avalugg|[miss]
|-miss|p2a: Volcanion|p1a: Avalugg
|move|p1a: Avalugg|Mirror Coat||[still]
|-fail|p1a: Avalugg
|
|-weather|none
|upkeep
|turn|14
|
|t:|1769380166
|move|p2a: Volcanion|Fire Blast|p1a: Avalugg
|-supereffective|p1a: Avalugg
|-crit|p1a: Avalugg
|-ability|p1a: Avalugg|Sturdy
|-damage|p1a: Avalugg|1/100
|move|p1a: Avalugg|Mirror Coat|p2a: Volcanion
|-damage|p2a: Volcanion|0 fnt
|faint|p2a: Volcanion
|
|upkeep
|
|t:|1769380174
|switch|p2a: Mandibuzz|Mandibuzz, F, shiny|100/100
|turn|15
|
|t:|1769380179
|move|p2a: Mandibuzz|Foul Play|p1a: Avalugg
|-damage|p1a: Avalugg|0 fnt
|faint|p1a: Avalugg
|
|upkeep
|
|t:|1769380184
|switch|p1a: Ninetales|Ninetales-Alola, F|100/100
|-weather|Snowscape|[from] ability: Snow Warning|[of] p1a: Ninetales
|turn|16
|
|t:|1769380191
|-terastallize|p2a: Mandibuzz|Fairy
|move|p1a: Ninetales|Encore|p2a: Mandibuzz
|-start|p2a: Mandibuzz|Encore
|move|p2a: Mandibuzz|Foul Play|p1a: Ninetales
|-resisted|p1a: Ninetales
|-damage|p1a: Ninetales|91/100
|
|-weather|Snowscape|[upkeep]
|upkeep
|turn|17
|
|t:|1769380199
|move|p1a: Ninetales|Aurora Veil|p1a: Ninetales
|-sidestart|p1: ArvenDs|move: Aurora Veil
|move|p2a: Mandibuzz|Foul Play|p1a: Ninetales
|-resisted|p1a: Ninetales
|-damage|p1a: Ninetales|87/100
|
|-weather|Snowscape|[upkeep]
|upkeep
|turn|18
|
|t:|1769380205
|move|p1a: Ninetales|Blizzard|p2a: Mandibuzz
|-damage|p2a: Mandibuzz|62/100
|move|p2a: Mandibuzz|Foul Play|p1a: Ninetales
|-resisted|p1a: Ninetales
|-damage|p1a: Ninetales|83/100
|
|-weather|Snowscape|[upkeep]
|-end|p2a: Mandibuzz|Encore
|upkeep
|turn|19
|
|t:|1769380210
|move|p1a: Ninetales|Encore|p2a: Mandibuzz
|-start|p2a: Mandibuzz|Encore
|move|p2a: Mandibuzz|Foul Play|p1a: Ninetales
|-resisted|p1a: Ninetales
|-damage|p1a: Ninetales|79/100
|
|-weather|Snowscape|[upkeep]
|upkeep
|turn|20
|-message|kas1989 forfeited.
|
|win|ArvenDs
|raw|ArvenDs's rating: 1196 &rarr; <strong>1218</strong><br />(+22 for winning)
|raw|kas1989's rating: 1158 &rarr; <strong>1136</strong><br />(-22 for losing)
|l|☆kas1989
|player|p2|
|l|☆ArvenDs
|player|p1|
