|j|☆Hera2705
|j|‽eliu28
|t:|1769440395
|gametype|singles
|player|p1|Hera2705|170|1142
|player|p2|eliu28|266|1164
|gen|9
|tier|[Gen 9] OU
|rated|
|rule|HP Percentage Mod: HP is shown in percentages
|rule|Endless Battle Clause: Forcing endless battles is banned
|rule|Species Clause: Limit one of each Pokémon
|rule|OHKO Clause: OHKO moves are banned
|rule|Evasion Items Clause: Evasion items are banned
|rule|Evasion Moves Clause: Evasion moves are banned
|rule|Evasion Abilities Clause: Evasion abilities are banned
|rule|Sleep Moves Clause: Sleep-inducing moves are banned
|clearpoke
|poke|p1|Tyranitar, M|
|poke|p1|Landorus-Therian, M|
|poke|p1|Moltres|
|poke|p1|Kyurem|
|poke|p1|Gholdengo|
|poke|p1|Iron Treads|
|poke|p2|Rhydon, F|
|poke|p2|Toxicroak, M|
|poke|p2|Pelipper, F|
|poke|p2|Tyranitar, F|
|poke|p2|Gengar, F|
|poke|p2|Garchomp, F|
|teampreview
|
|t:|1769440444
|teamsize|p1|6
|teamsize|p2|6
|start
|switch|p1a: Landorus|Landorus-Therian, M|100/100
|switch|p2a: Rhydon|Rhydon, F, shiny|100/100
|-ability|p1a: Landorus|Intimidate|boost
|-unboost|p2a: Rhydon|atk|1
|turn|1
|
|t:|1769440510
|-terastallize|p2a: Rhydon|Ground
|move|p1a: Landorus|Taunt|p2a: Rhydon
|-start|p2a: Rhydon|move: Taunt
|cant|p2a: Rhydon|move: Taunt|Stealth Rock
|
|upkeep
|turn|2
|
|t:|1769440516
|switch|p2a: Pelipper|Pelipper, F|100/100
|-weather|RainDance|[from] ability: Drizzle|[of] p2a: Pelipper
|move|p1a: Landorus|Stealth Rock|p2a: Pelipper
|-sidestart|p2: eliu28|move: Stealth Rock
|
|-weather|RainDance|[upkeep]
|upkeep
|turn|3
|
|t:|1769440529
|move|p1a: Landorus|U-turn|p2a: Pelipper
|-resisted|p2a: Pelipper
|-damage|p2a: Pelipper|91/100
|
|t:|1769440532
|switch|p1a: Kyurem|Kyurem, shiny|100/100|[from] U-turn
|-ability|p1a: Kyurem|Pressure
|move|p2a: Pelipper|Surf|p1a: Kyurem
|-resisted|p1a: Kyurem
|-damage|p1a: Kyurem|68/100
|
|-weather|RainDance|[upkeep]
|upkeep
|turn|4
|
|t:|1769440543
|switch|p2a: Tyranitar|Tyranitar, F|100/100
|-damage|p2a: Tyranitar|88/100|[from] Stealth Rock
|-weather|Sandstorm|[from] ability: Sand Stream|[of] p2a: Tyranitar
|move|p1a: Kyurem|Dragon Dance|p1a: Kyurem
|-boost|p1a: Kyurem|atk|1
|-boost|p1a: Kyurem|spe|1
|
|-weather|Sandstorm|[upkeep]
|-damage|p1a: Kyurem|62/100|[from] Sandstorm
|upkeep
|turn|5
|
|t:|1769440556
|switch|p2a: Rhydon|Rhydon, F, shiny, tera:Ground|100/100
|-damage|p2a: Rhydon|94/100|[from] Stealth Rock
|move|p1a: Kyurem|Icicle Spear|p2a: Rhydon
|-supereffective|p2a: Rhydon
|-damage|p2a: Rhydon|77/100
|-supereffective|p2a: Rhydon
|-damage|p2a: Rhydon|58/100
|-supereffective|p2a: Rhydon
|-damage|p2a: Rhydon|39/100
|-hitcount|p2a: Rhydon|3
|
|-weather|Sandstorm|[upkeep]
|-damage|p1a: Kyurem|56/100|[from] Sandstorm
|upkeep
|turn|6
|
|t:|1769440573
|switch|p2a: Garchomp|Garchomp, F|100/100
|-damage|p2a: Garchomp|94/100|[from] Stealth Rock
|move|p1a: Kyurem|Freeze-Dry|p2a: Garchomp
|-supereffective|p2a: Garchomp
|-damage|p2a: Garchomp|0 fnt
|faint|p2a: Garchomp
|
|-weather|Sandstorm|[upkeep]
|-damage|p1a: Kyurem|50/100|[from] Sandstorm
|upkeep
|
|t:|1769440582
|switch|p2a: Toxicroak|Toxicroak, M, shiny|100/100
|-damage|p2a: Toxicroak|94/100|[from] Stealth Rock
|turn|7
|
|t:|1769440588
|-terastallize|p1a: Kyurem|Ground
|move|p1a: Kyurem|Earth Power|p2a: Toxicroak
|-supereffective|p2a: Toxicroak
|-damage|p2a: Toxicroak|0 fnt
|faint|p2a: Toxicroak
|
|-weather|Sandstorm|[upkeep]
|upkeep
|-message|eliu28 forfeited.
|
|win|Hera2705
|raw|Hera2705's rating: 1142 &rarr; <strong>1169</strong><br />(+27 for winning)
|raw|eliu28's rating: 1164 &rarr; <strong>1137</strong><br />(-27 for losing)
|l|‽eliu28
|player|p2|
|l|☆Hera2705
|player|p1|
