|j|☆Goblin Demolisher
|j|☆Wozzathesexygod
|t:|1769379888
|gametype|singles
|player|p1|Goblin Demolisher|cheryl|1573
|player|p2|Wozzathesexygod|n|1534
|gen|9
|tier|[Gen 9] OU
|rated|
|rule|HP Percentage Mod: HP is shown in percentages
|rule|Endless Battle Clause: Forcing endless battles is banned
|rule|Species Clause: Limit one of each Pokémon
|rule|OHKO Clause: OHKO moves are banned
|rule|Evasion Items Clause: Evasion items are banned
|rule|Evasion Moves Clause: Evasion moves are banned
|rule|Evasion Abilities Clause: Evasion abilities are banned
|rule|Sleep Moves Clause: Sleep-inducing moves are banned
|clearpoke
|poke|p1|Wo-Chien|
|poke|p1|Alomomola, F|
|poke|p1|Corviknight, M|
|poke|p1|Dragapult, F|
|poke|p1|Ting-Lu|
|poke|p1|Zamazenta-*|
|poke|p2|Hydrapple, M|
|poke|p2|Tyranitar, F|
|poke|p2|Moltres|
|poke|p2|Zamazenta-*|
|poke|p2|Slowking-Galar, M|
|poke|p2|Excadrill, F|
|teampreview
|inactive|Battle timer is ON: inactive players will automatically lose when time's up. (requested by Wozzathesexygod)
|
|t:|1769379903
|teamsize|p1|6
|teamsize|p2|6
|start
|switch|p1a: Wo-Chien|Wo-Chien, shiny|100/100
|switch|p2a: Moltres|Moltres|100/100
|-ability|p1a: Wo-Chien|Tablets of Ruin
|turn|1
|
|t:|1769379908
|move|p2a: Moltres|Flamethrower|p1a: Wo-Chien
|-supereffective|p1a: Wo-Chien
|-damage|p1a: Wo-Chien|58/100
|move|p1a: Wo-Chien|Leech Seed|p2a: Moltres
|-start|p2a: Moltres|move: Leech Seed
|
|-damage|p2a: Moltres|88/100|[from] Leech Seed|[of] p1a: Wo-Chien
|-heal|p1a: Wo-Chien|71/100|[silent]
|upkeep
|turn|2
|
|t:|1769379917
|switch|p1a: Corviknight|Corviknight, M|100/100
|-ability|p1a: Corviknight|Pressure
|move|p2a: Moltres|U-turn|p1a: Corviknight
|-resisted|p1a: Corviknight
|-damage|p1a: Corviknight|98/100
|-damage|p2a: Moltres|72/100|[from] item: Rocky Helmet|[of] p1a: Corviknight
|
|t:|1769379928
|switch|p2a: Tyranitar|Tyranitar, F|100/100|[from] U-turn
|-weather|Sandstorm|[from] ability: Sand Stream|[of] p2a: Tyranitar
|
|-weather|Sandstorm|[upkeep]
|upkeep
|turn|3
|
|t:|1769379933
|move|p1a: Corviknight|Body Press|p2a: Tyranitar
|-supereffective|p2a: Tyranitar
|-damage|p2a: Tyranitar|18/100
|move|p2a: Tyranitar|Knock Off|p1a: Corviknight
|-damage|p1a: Corviknight|74/100
|-damage|p2a: Tyranitar|1/100|[from] item: Rocky Helmet|[of] p1a: Corviknight
|-enditem|p1a: Corviknight|Rocky Helmet|[from] move: Knock Off|[of] p2a: Tyranitar
|
|-weather|Sandstorm|[upkeep]
|upkeep
|turn|4
|
|t:|1769379939
|switch|p2a: Moltres|Moltres|72/100
|move|p1a: Corviknight|U-turn|p2a: Moltres
|-resisted|p2a: Moltres
|-damage|p2a: Moltres|69/100
|
|t:|1769379954
|switch|p1a: Dragapult|Dragapult, F|100/100|[from] U-turn
|
|-weather|Sandstorm|[upkeep]
|-damage|p1a: Dragapult|95/100|[from] Sandstorm
|-damage|p2a: Moltres|63/100|[from] Sandstorm
|upkeep
|turn|5
|
|t:|1769379968
|switch|p2a: Slowking|Slowking-Galar, M|100/100
|move|p1a: Dragapult|Dragon Darts|p2a: Slowking
|-damage|p2a: Slowking|82/100
|-anim|p1a: Dragapult|Dragon Darts|p2a: Slowking
|-damage|p2a: Slowking|62/100
|
|-weather|Sandstorm|[upkeep]
|-damage|p1a: Dragapult|89/100|[from] Sandstorm
|-damage|p2a: Slowking|56/100|[from] Sandstorm
|upkeep
|turn|6
|inactive|Wozzathesexygod has 120 seconds left.
|
|t:|1769380006
|move|p1a: Dragapult|U-turn|p2a: Slowking
|-damage|p2a: Slowking|37/100
|
|t:|1769380013
|switch|p1a: Ting-Lu|Ting-Lu|100/100|[from] U-turn
|-ability|p1a: Ting-Lu|Vessel of Ruin
|move|p2a: Slowking|Ice Beam|p1a: Ting-Lu
|-supereffective|p1a: Ting-Lu
|-damage|p1a: Ting-Lu|81/100
|
|-weather|Sandstorm|[upkeep]
|-damage|p2a: Slowking|31/100|[from] Sandstorm
|-heal|p1a: Ting-Lu|88/100|[from] item: Leftovers
|upkeep
|turn|7
|
|t:|1769380020
|switch|p2a: Hydrapple|Hydrapple, M|100/100
|move|p1a: Ting-Lu|Stealth Rock|p2a: Hydrapple
|-sidestart|p2: Wozzathesexygod|move: Stealth Rock
|
|-weather|Sandstorm|[upkeep]
|-damage|p2a: Hydrapple|94/100|[from] Sandstorm
|-heal|p1a: Ting-Lu|94/100|[from] item: Leftovers
|upkeep
|turn|8
|
|t:|1769380025
|move|p2a: Hydrapple|Nasty Plot|p2a: Hydrapple
|-boost|p2a: Hydrapple|spa|2
|move|p1a: Ting-Lu|Whirlwind|p2a: Hydrapple
|drag|p2a: Moltres|Moltres|63/100
|
|-weather|Sandstorm|[upkeep]
|-damage|p2a: Moltres|57/100|[from] Sandstorm
|-heal|p1a: Ting-Lu|99/100|[from] item: Leftovers
|upkeep
|turn|9
|
|t:|1769380032
|move|p2a: Moltres|Flamethrower|p1a: Ting-Lu
|-damage|p1a: Ting-Lu|84/100
|move|p1a: Ting-Lu|Spikes|p2a: Moltres
|-sidestart|p2: Wozzathesexygod|Spikes
|
|-weather|none
|-heal|p1a: Ting-Lu|90/100|[from] item: Leftovers
|upkeep
|turn|10
|
|t:|1769380037
|switch|p1a: Alomomola|Alomomola, F|100/100
|move|p2a: Moltres|Flamethrower|p1a: Alomomola
|-resisted|p1a: Alomomola
|-damage|p1a: Alomomola|83/100
|
|upkeep
|turn|11
|
|t:|1769380044
|move|p2a: Moltres|Roost|p2a: Moltres
|-heal|p2a: Moltres|100/100
|-singleturn|p2a: Moltres|move: Roost
|move|p1a: Alomomola|Flip Turn|p2a: Moltres
|-supereffective|p2a: Moltres
|-damage|p2a: Moltres|78/100
|-status|p1a: Alomomola|brn|[from] ability: Flame Body|[of] p2a: Moltres
|
|t:|1769380048
|switch|p1a: Dragapult|Dragapult, F|89/100|[from] Flip Turn
|
|upkeep
|turn|12
|
|t:|1769380069
|switch|p2a: Tyranitar|Tyranitar, F|1/100
|-damage|p2a: Tyranitar|0 fnt|[from] Stealth Rock
|faint|p2a: Tyranitar
|move|p1a: Dragapult|Dragon Darts|p2: Tyranitar|[notarget]
|-fail|p1a: Dragapult
|
|upkeep
|inactive|Wozzathesexygod has 120 seconds left.
|
|t:|1769380086
|switch|p2a: Hydrapple|Hydrapple, M|100/100
|turn|13
|
|t:|1769380090
|-terastallize|p2a: Hydrapple|Poison
|move|p1a: Dragapult|U-turn|p2a: Hydrapple
|-resisted|p2a: Hydrapple
|-damage|p2a: Hydrapple|94/100
|
|t:|1769380099
|switch|p1a: Ting-Lu|Ting-Lu|90/100|[from] U-turn
|-ability|p1a: Ting-Lu|Vessel of Ruin
|move|p2a: Hydrapple|Fickle Beam|p1a: Ting-Lu|[anim] Fickle Beam All Out
|-activate|p2a: Hydrapple|move: Fickle Beam
|-damage|p1a: Ting-Lu|59/100
|
|-heal|p1a: Ting-Lu|65/100|[from] item: Leftovers
|upkeep
|turn|14
|
|t:|1769380111
|switch|p1a: Wo-Chien|Wo-Chien, shiny|71/100
|-ability|p1a: Wo-Chien|Tablets of Ruin
|move|p2a: Hydrapple|Giga Drain|p1a: Wo-Chien
|-resisted|p1a: Wo-Chien
|-damage|p1a: Wo-Chien|61/100
|-heal|p2a: Hydrapple|99/100|[from] drain|[of] p1a: Wo-Chien
|
|upkeep
|turn|15
|
|t:|1769380123
|move|p1a: Wo-Chien|Knock Off|p2a: Hydrapple
|-damage|p2a: Hydrapple|82/100
|-enditem|p2a: Hydrapple|Heavy-Duty Boots|[from] move: Knock Off|[of] p1a: Wo-Chien
|move|p2a: Hydrapple|Fickle Beam|p1a: Wo-Chien
|-damage|p1a: Wo-Chien|41/100
|
|upkeep
|turn|16
|
|t:|1769380138
|move|p1a: Wo-Chien|Leech Seed|p2a: Hydrapple
|-start|p2a: Hydrapple|move: Leech Seed
|move|p2a: Hydrapple|Nasty Plot|p2a: Hydrapple
|-boost|p2a: Hydrapple|spa|2
|
|-damage|p2a: Hydrapple|70/100|[from] Leech Seed|[of] p1a: Wo-Chien
|-heal|p1a: Wo-Chien|55/100|[silent]
|upkeep
|turn|17
|
|t:|1769380147
|move|p1a: Wo-Chien|Substitute|p1a: Wo-Chien
|-start|p1a: Wo-Chien|Substitute
|-damage|p1a: Wo-Chien|30/100
|move|p2a: Hydrapple|Fickle Beam|p1a: Wo-Chien
|-end|p1a: Wo-Chien|Substitute
|
|-damage|p2a: Hydrapple|57/100|[from] Leech Seed|[of] p1a: Wo-Chien
|-heal|p1a: Wo-Chien|43/100|[silent]
|upkeep
|turn|18
|
|t:|1769380162
|move|p1a: Wo-Chien|Substitute|p1a: Wo-Chien
|-start|p1a: Wo-Chien|Substitute
|-damage|p1a: Wo-Chien|18/100
|move|p2a: Hydrapple|Fickle Beam|p1a: Wo-Chien|[anim] Fickle Beam All Out
|-activate|p2a: Hydrapple|move: Fickle Beam
|-end|p1a: Wo-Chien|Substitute
|
|-damage|p2a: Hydrapple|45/100|[from] Leech Seed|[of] p1a: Wo-Chien
|-heal|p1a: Wo-Chien|32/100|[silent]
|upkeep
|turn|19
|
|t:|1769380169
|move|p1a: Wo-Chien|Substitute|p1a: Wo-Chien
|-start|p1a: Wo-Chien|Substitute
|-damage|p1a: Wo-Chien|7/100
|move|p2a: Hydrapple|Fickle Beam|p1a: Wo-Chien
|-end|p1a: Wo-Chien|Substitute
|
|-damage|p2a: Hydrapple|33/100|[from] Leech Seed|[of] p1a: Wo-Chien
|-heal|p1a: Wo-Chien|20/100|[silent]
|upkeep
|turn|20
|
|t:|1769380181
|switch|p1a: Corviknight|Corviknight, M|74/100
|-ability|p1a: Corviknight|Pressure
|move|p2a: Hydrapple|Giga Drain|p1a: Corviknight
|-resisted|p1a: Corviknight
|-damage|p1a: Corviknight|58/100
|-heal|p2a: Hydrapple|40/100|[from] drain|[of] p1a: Corviknight
|
|-damage|p2a: Hydrapple|28/100|[from] Leech Seed|[of] p1a: Corviknight
|-heal|p1a: Corviknight|71/100|[silent]
|upkeep
|turn|21
|
|t:|1769380192
|switch|p2a: Moltres|Moltres|78/100
|move|p1a: Corviknight|U-turn|p2a: Moltres
|-resisted|p2a: Moltres
|-damage|p2a: Moltres|75/100
|-status|p1a: Corviknight|brn|[from] ability: Flame Body|[of] p2a: Moltres
|
|t:|1769380208
|switch|p1a: Dragapult|Dragapult, F|89/100|[from] U-turn
|
|upkeep
|turn|22
|
|t:|1769380228
|move|p1a: Dragapult|Dragon Darts|p2a: Moltres
|-damage|p2a: Moltres|57/100
|-anim|p1a: Dragapult|Dragon Darts|p2a: Moltres
|-damage|p2a: Moltres|39/100
|move|p2a: Moltres|Roost|p2a: Moltres
|-heal|p2a: Moltres|89/100
|-singleturn|p2a: Moltres|move: Roost
|
|upkeep
|turn|23
|
|t:|1769380234
|move|p1a: Dragapult|Dragon Darts|p2a: Moltres
|-damage|p2a: Moltres|73/100
|-anim|p1a: Dragapult|Dragon Darts|p2a: Moltres
|-damage|p2a: Moltres|56/100
|move|p2a: Moltres|Flamethrower|p1a: Dragapult
|-resisted|p1a: Dragapult
|-damage|p1a: Dragapult|63/100
|
|upkeep
|turn|24
|
|t:|1769380241
|move|p1a: Dragapult|Dragon Darts|p2a: Moltres
|-damage|p2a: Moltres|39/100
|-anim|p1a: Dragapult|Dragon Darts|p2a: Moltres
|-damage|p2a: Moltres|22/100
|move|p2a: Moltres|Roost|p2a: Moltres
|-heal|p2a: Moltres|72/100
|-singleturn|p2a: Moltres|move: Roost
|
|upkeep
|turn|25
|
|t:|1769380249
|move|p1a: Dragapult|Dragon Darts|p2a: Moltres
|-damage|p2a: Moltres|55/100
|-anim|p1a: Dragapult|Dragon Darts|p2a: Moltres
|-damage|p2a: Moltres|38/100
|move|p2a: Moltres|Flamethrower|p1a: Dragapult
|-resisted|p1a: Dragapult
|-damage|p1a: Dragapult|38/100
|
|upkeep
|turn|26
|
|t:|1769380254
|move|p1a: Dragapult|Dragon Darts|p2a: Moltres
|-damage|p2a: Moltres|20/100
|-anim|p1a: Dragapult|Dragon Darts|p2a: Moltres
|-damage|p2a: Moltres|2/100
|move|p2a: Moltres|Roost|p2a: Moltres
|-heal|p2a: Moltres|52/100
|-singleturn|p2a: Moltres|move: Roost
|
|upkeep
|turn|27
|
|t:|1769380260
|switch|p1a: Alomomola|Alomomola, F|100/100 brn
|move|p2a: Moltres|Roost|p2a: Moltres
|-heal|p2a: Moltres|100/100
|-singleturn|p2a: Moltres|move: Roost
|
|-damage|p1a: Alomomola|94/100 brn|[from] brn
|upkeep
|turn|28
|
|t:|1769380266
|move|p2a: Moltres|U-turn|p1a: Alomomola
|-damage|p1a: Alomomola|86/100 brn
|
|t:|1769380269
|switch|p2a: Hydrapple|Hydrapple, M, tera:Poison|61/100|[from] U-turn
|-damage|p2a: Hydrapple|49/100|[from] Stealth Rock
|-damage|p2a: Hydrapple|37/100|[from] Spikes
|move|p1a: Alomomola|Wish|p1a: Alomomola
|
|-damage|p1a: Alomomola|80/100 brn|[from] brn
|upkeep
|turn|29
|
|t:|1769380281
|switch|p1a: Wo-Chien|Wo-Chien, shiny|20/100
|-ability|p1a: Wo-Chien|Tablets of Ruin
|move|p2a: Hydrapple|Fickle Beam|p1a: Wo-Chien
|-damage|p1a: Wo-Chien|0 fnt
|faint|p1a: Wo-Chien
|
|upkeep
|
|t:|1769380291
|switch|p1a: Ting-Lu|Ting-Lu|65/100
|-ability|p1a: Ting-Lu|Vessel of Ruin
|turn|30
|
|t:|1769380294
|switch|p2a: Moltres|Moltres|100/100
|move|p1a: Ting-Lu|Earthquake|p2a: Moltres
|-immune|p2a: Moltres
|
|-heal|p1a: Ting-Lu|71/100|[from] item: Leftovers
|upkeep
|turn|31
|
|t:|1769380297
|move|p2a: Moltres|Flamethrower|p1a: Ting-Lu
|-damage|p1a: Ting-Lu|56/100
|move|p1a: Ting-Lu|Spikes|p2a: Moltres
|-sidestart|p2: Wozzathesexygod|Spikes
|
|-heal|p1a: Ting-Lu|62/100|[from] item: Leftovers
|upkeep
|turn|32
|
|t:|1769380319
|switch|p2a: Excadrill|Excadrill, F|100/100
|-damage|p2a: Excadrill|97/100|[from] Stealth Rock
|-item|p2a: Excadrill|Air Balloon
|move|p1a: Ting-Lu|Spikes|p2a: Excadrill
|-sidestart|p2: Wozzathesexygod|Spikes
|
|-heal|p1a: Ting-Lu|68/100|[from] item: Leftovers
|upkeep
|turn|33
|
|t:|1769380329
|move|p2a: Excadrill|Iron Head|p1a: Ting-Lu
|-damage|p1a: Ting-Lu|46/100
|cant|p1a: Ting-Lu|flinch
|
|-heal|p1a: Ting-Lu|52/100|[from] item: Leftovers
|upkeep
|turn|34
|
|t:|1769380338
|switch|p1a: Dragapult|Dragapult, F|38/100
|move|p2a: Excadrill|Rapid Spin|p1a: Dragapult
|-immune|p1a: Dragapult
|
|upkeep
|turn|35
|
|t:|1769380346
|switch|p2a: Moltres|Moltres|100/100
|move|p1a: Dragapult|U-turn|p2a: Moltres
|-resisted|p2a: Moltres
|-damage|p2a: Moltres|97/100
|
|t:|1769380349
|switch|p1a: Alomomola|Alomomola, F|100/100 brn|[from] U-turn
|
|-damage|p1a: Alomomola|94/100 brn|[from] brn
|upkeep
|turn|36
|
|t:|1769380357
|move|p2a: Moltres|U-turn|p1a: Alomomola
|-damage|p1a: Alomomola|85/100 brn
|
|t:|1769380358
|switch|p2a: Hydrapple|Hydrapple, M, tera:Poison|70/100|[from] U-turn
|-damage|p2a: Hydrapple|58/100|[from] Stealth Rock
|-damage|p2a: Hydrapple|33/100|[from] Spikes
|move|p1a: Alomomola|Wish|p1a: Alomomola
|
|-damage|p1a: Alomomola|79/100 brn|[from] brn
|upkeep
|turn|37
|
|t:|1769380367
|move|p2a: Hydrapple|Giga Drain|p1a: Alomomola
|-supereffective|p1a: Alomomola
|-damage|p1a: Alomomola|17/100 brn
|-heal|p2a: Hydrapple|69/100|[from] drain|[of] p1a: Alomomola
|move|p1a: Alomomola|Flip Turn|p2a: Hydrapple
|-damage|p2a: Hydrapple|64/100
|
|t:|1769380375
|switch|p1a: Dragapult|Dragapult, F|38/100|[from] Flip Turn
|
|-heal|p1a: Dragapult|100/100|[from] move: Wish|[wisher] Alomomola
|upkeep
|turn|38
|
|t:|1769380399
|switch|p1a: Corviknight|Corviknight, M|71/100 brn
|-ability|p1a: Corviknight|Pressure
|move|p2a: Hydrapple|Giga Drain|p1a: Corviknight
|-resisted|p1a: Corviknight
|-damage|p1a: Corviknight|64/100 brn
|-heal|p2a: Hydrapple|68/100|[from] drain|[of] p1a: Corviknight
|
|-damage|p1a: Corviknight|58/100 brn|[from] brn
|upkeep
|turn|39
|
|t:|1769380405
|switch|p1a: Ting-Lu|Ting-Lu|52/100
|-ability|p1a: Ting-Lu|Vessel of Ruin
|switch|p2a: Moltres|Moltres|97/100
|
|-heal|p1a: Ting-Lu|59/100|[from] item: Leftovers
|upkeep
|turn|40
|
|t:|1769380412
|move|p2a: Moltres|Flamethrower|p1a: Ting-Lu
|-damage|p1a: Ting-Lu|42/100
|move|p1a: Ting-Lu|Whirlwind|p2a: Moltres
|drag|p2a: Excadrill|Excadrill, F|97/100
|-damage|p2a: Excadrill|94/100|[from] Stealth Rock
|-item|p2a: Excadrill|Air Balloon
|
|-heal|p1a: Ting-Lu|49/100|[from] item: Leftovers
|upkeep
|turn|41
|
|t:|1769380422
|move|p2a: Excadrill|Swords Dance|p2a: Excadrill
|-boost|p2a: Excadrill|atk|2
|move|p1a: Ting-Lu|Whirlwind|p2a: Excadrill
|drag|p2a: Zamazenta|Zamazenta|100/100
|-damage|p2a: Zamazenta|94/100|[from] Stealth Rock
|-damage|p2a: Zamazenta|69/100|[from] Spikes
|-ability|p2a: Zamazenta|Dauntless Shield|boost
|-boost|p2a: Zamazenta|def|1
|
|-heal|p2a: Zamazenta|76/100|[from] item: Leftovers
|-heal|p1a: Ting-Lu|55/100|[from] item: Leftovers
|upkeep
|turn|42
|
|t:|1769380426
|switch|p1a: Dragapult|Dragapult, F|100/100
|move|p2a: Zamazenta|Body Press|p1a: Dragapult
|-immune|p1a: Dragapult
|
|-heal|p2a: Zamazenta|82/100|[from] item: Leftovers
|upkeep
|turn|43
|
|t:|1769380435
|move|p1a: Dragapult|Dragon Darts|p2a: Zamazenta
|-damage|p2a: Zamazenta|69/100
|-anim|p1a: Dragapult|Dragon Darts|p2a: Zamazenta
|-damage|p2a: Zamazenta|57/100
|move|p2a: Zamazenta|Crunch|p1a: Dragapult
|-supereffective|p1a: Dragapult
|-damage|p1a: Dragapult|34/100
|
|-heal|p2a: Zamazenta|64/100|[from] item: Leftovers
|upkeep
|turn|44
|
|t:|1769380446
|move|p1a: Dragapult|Will-O-Wisp|p2a: Zamazenta
|-status|p2a: Zamazenta|brn
|move|p2a: Zamazenta|Crunch|p1a: Dragapult
|-supereffective|p1a: Dragapult
|-damage|p1a: Dragapult|0 fnt
|faint|p1a: Dragapult
|
|-heal|p2a: Zamazenta|70/100 brn|[from] item: Leftovers
|-damage|p2a: Zamazenta|64/100 brn|[from] brn
|upkeep
|
|t:|1769380456
|switch|p1a: Zamazenta|Zamazenta|100/100
|-ability|p1a: Zamazenta|Dauntless Shield|boost
|-boost|p1a: Zamazenta|def|1
|turn|45
|
|t:|1769380462
|move|p1a: Zamazenta|Iron Defense|p1a: Zamazenta
|-boost|p1a: Zamazenta|def|2
|move|p2a: Zamazenta|Roar|p1a: Zamazenta
|drag|p1a: Ting-Lu|Ting-Lu|55/100
|-ability|p1a: Ting-Lu|Vessel of Ruin
|
|-heal|p2a: Zamazenta|70/100 brn|[from] item: Leftovers
|-heal|p1a: Ting-Lu|61/100|[from] item: Leftovers
|-damage|p2a: Zamazenta|64/100 brn|[from] brn
|upkeep
|turn|46
|
|t:|1769380469
|move|p2a: Zamazenta|Body Press|p1a: Ting-Lu
|-supereffective|p1a: Ting-Lu
|-damage|p1a: Ting-Lu|28/100
|move|p1a: Ting-Lu|Whirlwind|p2a: Zamazenta
|drag|p2a: Slowking|Slowking-Galar, M|64/100
|-damage|p2a: Slowking|52/100|[from] Stealth Rock
|-damage|p2a: Slowking|27/100|[from] Spikes
|
|-heal|p1a: Ting-Lu|34/100|[from] item: Leftovers
|upkeep
|turn|47
|
|t:|1769380474
|switch|p2a: Moltres|Moltres|97/100
|move|p1a: Ting-Lu|Whirlwind|p2a: Moltres
|drag|p2a: Slowking|Slowking-Galar, M|60/100
|-damage|p2a: Slowking|48/100|[from] Stealth Rock
|-damage|p2a: Slowking|23/100|[from] Spikes
|
|-heal|p1a: Ting-Lu|41/100|[from] item: Leftovers
|upkeep
|turn|48
|
|t:|1769380479
|switch|p2a: Moltres|Moltres|97/100
|move|p1a: Ting-Lu|Earthquake|p2a: Moltres
|-immune|p2a: Moltres
|
|-heal|p1a: Ting-Lu|47/100|[from] item: Leftovers
|upkeep
|turn|49
|
|t:|1769380482
|switch|p1a: Alomomola|Alomomola, F|50/100 brn
|move|p2a: Moltres|Flamethrower|p1a: Alomomola
|-resisted|p1a: Alomomola
|-damage|p1a: Alomomola|34/100 brn
|
|-damage|p1a: Alomomola|27/100 brn|[from] brn
|upkeep
|turn|50
|
|t:|1769380491
|move|p1a: Alomomola|Wish|p1a: Alomomola
|move|p2a: Moltres|Roar|p1a: Alomomola
|drag|p1a: Ting-Lu|Ting-Lu|47/100
|-ability|p1a: Ting-Lu|Vessel of Ruin
|
|-heal|p1a: Ting-Lu|53/100|[from] item: Leftovers
|upkeep
|turn|51
|
|t:|1769380499
|move|p2a: Moltres|Flamethrower|p1a: Ting-Lu
|-damage|p1a: Ting-Lu|36/100
|move|p1a: Ting-Lu|Whirlwind|p2a: Moltres
|drag|p2a: Zamazenta|Zamazenta|64/100 brn
|-damage|p2a: Zamazenta|57/100 brn|[from] Stealth Rock
|-damage|p2a: Zamazenta|32/100 brn|[from] Spikes
|
|-heal|p1a: Ting-Lu|82/100|[from] move: Wish|[wisher] Alomomola
|-heal|p2a: Zamazenta|39/100 brn|[from] item: Leftovers
|-heal|p1a: Ting-Lu|88/100|[from] item: Leftovers
|-damage|p2a: Zamazenta|32/100 brn|[from] brn
|upkeep
|turn|52
|
|t:|1769380506
|move|p2a: Zamazenta|Body Press|p1a: Ting-Lu
|-supereffective|p1a: Ting-Lu
|-damage|p1a: Ting-Lu|67/100
|move|p1a: Ting-Lu|Earthquake|p2a: Zamazenta
|-damage|p2a: Zamazenta|3/100 brn
|
|-heal|p2a: Zamazenta|9/100 brn|[from] item: Leftovers
|-heal|p1a: Ting-Lu|73/100|[from] item: Leftovers
|-damage|p2a: Zamazenta|3/100 brn|[from] brn
|upkeep
|turn|53
|
|t:|1769380513
|switch|p2a: Excadrill|Excadrill, F|94/100
|-damage|p2a: Excadrill|91/100|[from] Stealth Rock
|-item|p2a: Excadrill|Air Balloon
|switch|p1a: Alomomola|Alomomola, F|61/100 brn
|
|-damage|p1a: Alomomola|55/100 brn|[from] brn
|upkeep
|turn|54
|
|t:|1769380520
|move|p2a: Excadrill|Rapid Spin|p1a: Alomomola
|-damage|p1a: Alomomola|44/100 brn
|-boost|p2a: Excadrill|spe|1
|-sideend|p2: Wozzathesexygod|Spikes|[from] move: Rapid Spin|[of] p2a: Excadrill
|-sideend|p2: Wozzathesexygod|Stealth Rock|[from] move: Rapid Spin|[of] p2a: Excadrill
|move|p1a: Alomomola|Flip Turn|p2a: Excadrill
|-supereffective|p2a: Excadrill
|-damage|p2a: Excadrill|69/100
|-enditem|p2a: Excadrill|Air Balloon
|
|t:|1769380522
|switch|p1a: Ting-Lu|Ting-Lu|73/100|[from] Flip Turn
|-ability|p1a: Ting-Lu|Vessel of Ruin
|
|-heal|p1a: Ting-Lu|80/100|[from] item: Leftovers
|upkeep
|turn|55
|
|t:|1769380528
|move|p2a: Excadrill|Swords Dance|p2a: Excadrill
|-boost|p2a: Excadrill|atk|2
|move|p1a: Ting-Lu|Spikes|p2a: Excadrill
|-sidestart|p2: Wozzathesexygod|Spikes
|
|-heal|p1a: Ting-Lu|86/100|[from] item: Leftovers
|upkeep
|turn|56
|inactive|Wozzathesexygod has 120 seconds left.
|
|t:|1769380561
|move|p2a: Excadrill|Earthquake|p1a: Ting-Lu
|-damage|p1a: Ting-Lu|24/100
|move|p1a: Ting-Lu|Earthquake|p2a: Excadrill
|-supereffective|p2a: Excadrill
|-damage|p2a: Excadrill|0 fnt
|faint|p2a: Excadrill
|
|-heal|p1a: Ting-Lu|30/100|[from] item: Leftovers
|upkeep
|inactive|Wozzathesexygod has 120 seconds left.
|
|t:|1769380569
|switch|p2a: Hydrapple|Hydrapple, M, tera:Poison|100/100
|-damage|p2a: Hydrapple|88/100|[from] Spikes
|turn|57
|
|t:|1769380577
|switch|p1a: Corviknight|Corviknight, M|58/100 brn
|-ability|p1a: Corviknight|Pressure
|move|p2a: Hydrapple|Giga Drain|p1a: Corviknight
|-resisted|p1a: Corviknight
|-damage|p1a: Corviknight|50/100 brn
|-heal|p2a: Hydrapple|92/100|[from] drain|[of] p1a: Corviknight
|
|-damage|p1a: Corviknight|44/100 brn|[from] brn
|upkeep
|turn|58
|
|t:|1769380586
|move|p1a: Corviknight|Roost|p1a: Corviknight
|-heal|p1a: Corviknight|94/100 brn
|-singleturn|p1a: Corviknight|move: Roost
|move|p2a: Hydrapple|Earth Power|p1a: Corviknight
|-supereffective|p1a: Corviknight
|-crit|p1a: Corviknight
|-damage|p1a: Corviknight|19/100 brn
|
|-damage|p1a: Corviknight|13/100 brn|[from] brn
|upkeep
|turn|59
|
|t:|1769380592
|move|p1a: Corviknight|U-turn|p2a: Hydrapple
|-resisted|p2a: Hydrapple
|-damage|p2a: Hydrapple|90/100
|
|t:|1769380595
|switch|p1a: Alomomola|Alomomola, F|78/100 brn|[from] U-turn
|move|p2a: Hydrapple|Earth Power|p1a: Alomomola
|-damage|p1a: Alomomola|54/100 brn
|
|-damage|p1a: Alomomola|48/100 brn|[from] brn
|upkeep
|turn|60
|
|t:|1769380602
|-terastallize|p1a: Alomomola|Fairy
|move|p2a: Hydrapple|Giga Drain|p1a: Alomomola
|-damage|p1a: Alomomola|17/100 brn
|-heal|p2a: Hydrapple|100/100|[from] drain|[of] p1a: Alomomola
|move|p1a: Alomomola|Wish|p1a: Alomomola
|
|-damage|p1a: Alomomola|10/100 brn|[from] brn
|upkeep
|turn|61
|
|t:|1769380623
|switch|p2a: Slowking|Slowking-Galar, M|56/100
|-damage|p2a: Slowking|44/100|[from] Spikes
|move|p1a: Alomomola|Protect||[still]
|-fail|p1a: Alomomola
|
|-heal|p1a: Alomomola|60/100 brn|[from] move: Wish|[wisher] Alomomola
|-damage|p1a: Alomomola|54/100 brn|[from] brn
|upkeep
|turn|62
|
|t:|1769380631
|switch|p1a: Corviknight|Corviknight, M|13/100 brn
|-ability|p1a: Corviknight|Pressure
|switch|p2a: Moltres|Moltres|97/100
|
|-damage|p1a: Corviknight|7/100 brn|[from] brn
|upkeep
|turn|63
|
|t:|1769380637
|switch|p1a: Alomomola|Alomomola, F, tera:Fairy|88/100 brn
|move|p2a: Moltres|Flamethrower|p1a: Alomomola
|-damage|p1a: Alomomola|55/100 brn
|
|-damage|p1a: Alomomola|49/100 brn|[from] brn
|upkeep
|turn|64
|
|t:|1769380641
|move|p2a: Moltres|Flamethrower|p1a: Alomomola
|-damage|p1a: Alomomola|13/100 brn
|move|p1a: Alomomola|Wish|p1a: Alomomola
|
|-damage|p1a: Alomomola|7/100 brn|[from] brn
|upkeep
|turn|65
|
|t:|1769380647
|switch|p1a: Ting-Lu|Ting-Lu|30/100
|-ability|p1a: Ting-Lu|Vessel of Ruin
|move|p2a: Moltres|Flamethrower|p1a: Ting-Lu
|-damage|p1a: Ting-Lu|15/100
|
|-heal|p1a: Ting-Lu|61/100|[from] move: Wish|[wisher] Alomomola
|-heal|p1a: Ting-Lu|67/100|[from] item: Leftovers
|upkeep
|turn|66
|
|t:|1769380655
|move|p2a: Moltres|U-turn|p1a: Ting-Lu
|-supereffective|p1a: Ting-Lu
|-damage|p1a: Ting-Lu|52/100
|
|t:|1769380658
|switch|p2a: Hydrapple|Hydrapple, M, tera:Poison|100/100|[from] U-turn
|-damage|p2a: Hydrapple|88/100|[from] Spikes
|move|p1a: Ting-Lu|Stealth Rock|p2a: Hydrapple
|-sidestart|p2: Wozzathesexygod|move: Stealth Rock
|
|-heal|p1a: Ting-Lu|58/100|[from] item: Leftovers
|upkeep
|turn|67
|
|t:|1769380663
|move|p2a: Hydrapple|Giga Drain|p1a: Ting-Lu
|-supereffective|p1a: Ting-Lu
|-damage|p1a: Ting-Lu|32/100
|-heal|p2a: Hydrapple|100/100|[from] drain|[of] p1a: Ting-Lu
|move|p1a: Ting-Lu|Earthquake|p2a: Hydrapple
|-supereffective|p2a: Hydrapple
|-damage|p2a: Hydrapple|53/100
|
|-heal|p1a: Ting-Lu|39/100|[from] item: Leftovers
|upkeep
|turn|68
|
|t:|1769380672
|move|p2a: Hydrapple|Giga Drain|p1a: Ting-Lu
|-supereffective|p1a: Ting-Lu
|-damage|p1a: Ting-Lu|12/100
|-heal|p2a: Hydrapple|70/100|[from] drain|[of] p1a: Ting-Lu
|move|p1a: Ting-Lu|Earthquake|p2a: Hydrapple
|-supereffective|p2a: Hydrapple
|-damage|p2a: Hydrapple|24/100
|
|-heal|p1a: Ting-Lu|18/100|[from] item: Leftovers
|upkeep
|turn|69
|
|t:|1769380678
|switch|p1a: Corviknight|Corviknight, M|7/100 brn
|-ability|p1a: Corviknight|Pressure
|move|p2a: Hydrapple|Giga Drain|p1a: Corviknight
|-resisted|p1a: Corviknight
|-damage|p1a: Corviknight|0 fnt
|-heal|p2a: Hydrapple|27/100|[from] drain|[of] p1a: Corviknight
|faint|p1a: Corviknight
|
|upkeep
|
|t:|1769380680
|switch|p1a: Zamazenta|Zamazenta|100/100
|turn|70
|
|t:|1769380688
|switch|p2a: Moltres|Moltres|97/100
|move|p1a: Zamazenta|Iron Defense|p1a: Zamazenta
|-boost|p1a: Zamazenta|def|2
|
|upkeep
|turn|71
|
|t:|1769380701
|move|p1a: Zamazenta|Iron Defense|p1a: Zamazenta
|-boost|p1a: Zamazenta|def|2
|move|p2a: Moltres|Flamethrower|p1a: Zamazenta
|-damage|p1a: Zamazenta|68/100
|-status|p1a: Zamazenta|brn
|
|-damage|p1a: Zamazenta|62/100 brn|[from] brn
|upkeep
|turn|72
|
|t:|1769380704
|move|p1a: Zamazenta|Iron Defense|p1a: Zamazenta
|-boost|p1a: Zamazenta|def|2
|move|p2a: Moltres|Roar|p1a: Zamazenta
|drag|p1a: Ting-Lu|Ting-Lu|18/100
|-ability|p1a: Ting-Lu|Vessel of Ruin
|
|-heal|p1a: Ting-Lu|24/100|[from] item: Leftovers
|upkeep
|turn|73
|
|t:|1769380715
|move|p2a: Moltres|Flamethrower|p1a: Ting-Lu
|-damage|p1a: Ting-Lu|9/100
|move|p1a: Ting-Lu|Whirlwind|p2a: Moltres
|drag|p2a: Slowking|Slowking-Galar, M|77/100
|-damage|p2a: Slowking|64/100|[from] Spikes
|-damage|p2a: Slowking|52/100|[from] Stealth Rock
|
|-heal|p1a: Ting-Lu|15/100|[from] item: Leftovers
|upkeep
|turn|74
|
|t:|1769380725
|switch|p2a: Moltres|Moltres|97/100
|move|p1a: Ting-Lu|Earthquake|p2a: Moltres
|-immune|p2a: Moltres
|
|-heal|p1a: Ting-Lu|21/100|[from] item: Leftovers
|upkeep
|turn|75
|
|t:|1769380730
|switch|p1a: Zamazenta|Zamazenta|62/100 brn
|move|p2a: Moltres|Flamethrower|p1a: Zamazenta
|-damage|p1a: Zamazenta|32/100 brn
|
|-damage|p1a: Zamazenta|26/100 brn|[from] brn
|upkeep
|turn|76
|
|t:|1769380733
|move|p1a: Zamazenta|Body Press|p2a: Moltres
|-resisted|p2a: Moltres
|-damage|p2a: Moltres|91/100
|move|p2a: Moltres|Flamethrower|p1a: Zamazenta
|-damage|p1a: Zamazenta|0 fnt
|faint|p1a: Zamazenta
|
|upkeep
|
|t:|1769380735
|switch|p1a: Alomomola|Alomomola, F, tera:Fairy|40/100 brn
|turn|77
|
|t:|1769380745
|move|p2a: Moltres|Flamethrower|p1a: Alomomola
|-damage|p1a: Alomomola|5/100 brn
|move|p1a: Alomomola|Wish|p1a: Alomomola
|
|-damage|p1a: Alomomola|0 fnt|[from] brn
|faint|p1a: Alomomola
|upkeep
|
|t:|1769380747
|switch|p1a: Ting-Lu|Ting-Lu|21/100
|-ability|p1a: Ting-Lu|Vessel of Ruin
|turn|78
|
|t:|1769380754
|move|p2a: Moltres|Flamethrower|p1a: Ting-Lu
|-damage|p1a: Ting-Lu|6/100
|move|p1a: Ting-Lu|Spikes|p2a: Moltres
|-sidestart|p2: Wozzathesexygod|Spikes
|
|-heal|p1a: Ting-Lu|52/100|[from] move: Wish|[wisher] Alomomola
|-heal|p1a: Ting-Lu|58/100|[from] item: Leftovers
|upkeep
|turn|79
|
|t:|1769380764
|switch|p2a: Hydrapple|Hydrapple, M, tera:Poison|60/100
|-damage|p2a: Hydrapple|44/100|[from] Spikes
|-damage|p2a: Hydrapple|31/100|[from] Stealth Rock
|move|p1a: Ting-Lu|Spikes|p2a: Hydrapple
|-sidestart|p2: Wozzathesexygod|Spikes
|
|-heal|p1a: Ting-Lu|64/100|[from] item: Leftovers
|upkeep
|turn|80
|
|t:|1769380781
|move|p2a: Hydrapple|Giga Drain|p1a: Ting-Lu
|-supereffective|p1a: Ting-Lu
|-damage|p1a: Ting-Lu|36/100
|-heal|p2a: Hydrapple|49/100|[from] drain|[of] p1a: Ting-Lu
|move|p1a: Ting-Lu|Earthquake|p2a: Hydrapple
|-supereffective|p2a: Hydrapple
|-damage|p2a: Hydrapple|7/100
|
|-heal|p1a: Ting-Lu|42/100|[from] item: Leftovers
|upkeep
|turn|81
|
|t:|1769380788
|move|p2a: Hydrapple|Giga Drain|p1a: Ting-Lu
|-supereffective|p1a: Ting-Lu
|-damage|p1a: Ting-Lu|14/100
|-heal|p2a: Hydrapple|25/100|[from] drain|[of] p1a: Ting-Lu
|move|p1a: Ting-Lu|Earthquake|p2a: Hydrapple
|-supereffective|p2a: Hydrapple
|-crit|p2a: Hydrapple
|-damage|p2a: Hydrapple|0 fnt
|faint|p2a: Hydrapple
|
|-heal|p1a: Ting-Lu|20/100|[from] item: Leftovers
|upkeep
|
|t:|1769380793
|switch|p2a: Moltres|Moltres|91/100
|turn|82
|
|t:|1769380795
|move|p2a: Moltres|Flamethrower|p1a: Ting-Lu
|-damage|p1a: Ting-Lu|4/100
|move|p1a: Ting-Lu|Whirlwind|p2a: Moltres
|drag|p2a: Zamazenta|Zamazenta|3/100 brn
|-damage|p2a: Zamazenta|0 fnt|[from] Spikes
|faint|p2a: Zamazenta
|
|-heal|p1a: Ting-Lu|10/100|[from] item: Leftovers
|upkeep
|
|t:|1769380801
|switch|p2a: Moltres|Moltres|91/100
|turn|83
|
|t:|1769380802
|move|p2a: Moltres|Flamethrower|p1a: Ting-Lu
|-damage|p1a: Ting-Lu|0 fnt
|faint|p1a: Ting-Lu
|
|win|Wozzathesexygod
|raw|Goblin Demolisher's rating: 1573 &rarr; <strong>1551</strong><br />(-22 for losing)
|raw|Wozzathesexygod's rating: 1534 &rarr; <strong>1556</strong><br />(+22 for winning)
|l|☆Goblin Demolisher
|player|p1|
|c|☆Wozzathesexygod|Gg
