|j|☆TenRolf
|j|☆Rheinharut35
|t:|1769416145
|gametype|singles
|player|p1|TenRolf|riley|1420
|player|p2|Rheinharut35|marley|1437
|gen|9
|tier|[Gen 9] OU
|rated|
|rule|HP Percentage Mod: HP is shown in percentages
|rule|Endless Battle Clause: Forcing endless battles is banned
|rule|Species Clause: Limit one of each Pokémon
|rule|OHKO Clause: OHKO moves are banned
|rule|Evasion Items Clause: Evasion items are banned
|rule|Evasion Moves Clause: Evasion moves are banned
|rule|Evasion Abilities Clause: Evasion abilities are banned
|rule|Sleep Moves Clause: Sleep-inducing moves are banned
|clearpoke
|poke|p1|Garganacl, M|
|poke|p1|Corviknight, M|
|poke|p1|Iron Valiant|
|poke|p1|Samurott-Hisui, F|
|poke|p1|Kingambit, F|
|poke|p1|Gliscor, F|
|poke|p2|Torkoal, F|
|poke|p2|Ninetales, F|
|poke|p2|Walking Wake|
|poke|p2|Lilligant-Hisui, F|
|poke|p2|Great Tusk|
|poke|p2|Skeledirge, M|
|teampreview
|inactive|Battle timer is ON: inactive players will automatically lose when time's up. (requested by Rheinharut35)
|
|t:|1769416165
|teamsize|p1|6
|teamsize|p2|6
|start
|switch|p1a: Samurott|Samurott-Hisui, F|100/100
|switch|p2a: Torkoal|Torkoal, F|100/100
|-weather|SunnyDay|[from] ability: Drought|[of] p2a: Torkoal
|turn|1
|
|t:|1769416178
|move|p1a: Samurott|Knock Off|p2a: Torkoal
|-damage|p2a: Torkoal|72/100
|-enditem|p2a: Torkoal|Heat Rock|[from] move: Knock Off|[of] p1a: Samurott
|move|p2a: Torkoal|Body Press|p1a: Samurott
|-supereffective|p1a: Samurott
|-crit|p1a: Samurott
|-enditem|p1a: Samurott|Focus Sash
|-damage|p1a: Samurott|1/100
|
|-weather|SunnyDay|[upkeep]
|upkeep
|turn|2
|
|t:|1769416189
|move|p1a: Samurott|Ceaseless Edge|p2a: Torkoal
|-damage|p2a: Torkoal|44/100
|-sidestart|p2: Rheinharut35|Spikes
|move|p2a: Torkoal|Rapid Spin|p1a: Samurott
|-damage|p1a: Samurott|0 fnt
|-boost|p2a: Torkoal|spe|1
|-sideend|p2: Rheinharut35|Spikes|[from] move: Rapid Spin|[of] p2a: Torkoal
|faint|p1a: Samurott
|
|-weather|SunnyDay|[upkeep]
|upkeep
|
|t:|1769416201
|switch|p1a: Garganacl|Garganacl, M|100/100
|turn|3
|
|t:|1769416219
|switch|p2a: Walking Wake|Walking Wake|100/100
|-activate|p2a: Walking Wake|ability: Protosynthesis
|-start|p2a: Walking Wake|protosynthesisspa
|move|p1a: Garganacl|Salt Cure|p2a: Walking Wake
|-damage|p2a: Walking Wake|86/100
|-start|p2a: Walking Wake|Salt Cure
|
|-weather|SunnyDay|[upkeep]
|-damage|p2a: Walking Wake|62/100|[from] Salt Cure
|upkeep
|turn|4
|
|t:|1769416243
|-terastallize|p1a: Garganacl|Water
|move|p2a: Walking Wake|Hydro Steam|p1a: Garganacl
|-resisted|p1a: Garganacl
|-damage|p1a: Garganacl|63/100
|move|p1a: Garganacl|Stealth Rock|p2a: Walking Wake
|-sidestart|p2: Rheinharut35|move: Stealth Rock
|
|-weather|SunnyDay|[upkeep]
|-heal|p1a: Garganacl|69/100|[from] item: Leftovers
|-damage|p2a: Walking Wake|37/100|[from] Salt Cure
|upkeep
|turn|5
|
|t:|1769416264
|-end|p2a: Walking Wake|Protosynthesis|[silent]
|switch|p2a: Lilligant|Lilligant-Hisui, F|100/100
|-damage|p2a: Lilligant|94/100|[from] Stealth Rock
|move|p1a: Garganacl|Salt Cure|p2a: Lilligant
|-resisted|p2a: Lilligant
|-damage|p2a: Lilligant|84/100
|-start|p2a: Lilligant|Salt Cure
|
|-weather|SunnyDay|[upkeep]
|-heal|p1a: Garganacl|75/100|[from] item: Leftovers
|-damage|p2a: Lilligant|72/100|[from] Salt Cure
|upkeep
|turn|6
|
|t:|1769416277
|switch|p2a: Walking Wake|Walking Wake|37/100
|-damage|p2a: Walking Wake|24/100|[from] Stealth Rock
|-activate|p2a: Walking Wake|ability: Protosynthesis
|-start|p2a: Walking Wake|protosynthesisspa
|switch|p1a: Corviknight|Corviknight, M|100/100
|-ability|p1a: Corviknight|Pressure
|
|-weather|SunnyDay|[upkeep]
|upkeep
|turn|7
|
|t:|1769416291
|switch|p1a: Garganacl|Garganacl, M, tera:Water|75/100
|move|p2a: Walking Wake|Hydro Steam|p1a: Garganacl
|-resisted|p1a: Garganacl
|-damage|p1a: Garganacl|32/100
|
|-weather|SunnyDay|[upkeep]
|-heal|p1a: Garganacl|38/100|[from] item: Leftovers
|upkeep
|turn|8
|
|t:|1769416306
|move|p2a: Walking Wake|Hydro Steam|p1a: Garganacl
|-resisted|p1a: Garganacl
|-damage|p1a: Garganacl|0 fnt
|faint|p1a: Garganacl
|
|-weather|none
|-end|p2a: Walking Wake|Protosynthesis
|upkeep
|
|t:|1769416314
|switch|p1a: Iron Valiant|Iron Valiant|100/100
|-enditem|p1a: Iron Valiant|Booster Energy
|-activate|p1a: Iron Valiant|ability: Quark Drive|[fromitem]
|-start|p1a: Iron Valiant|quarkdrivespe
|turn|9
|
|t:|1769416328
|-end|p2a: Walking Wake|Protosynthesis|[silent]
|switch|p2a: Torkoal|Torkoal, F|44/100
|-damage|p2a: Torkoal|19/100|[from] Stealth Rock
|-weather|SunnyDay|[from] ability: Drought|[of] p2a: Torkoal
|move|p1a: Iron Valiant|Shadow Ball|p2a: Torkoal
|-damage|p2a: Torkoal|0 fnt
|faint|p2a: Torkoal
|
|-weather|SunnyDay|[upkeep]
|upkeep
|inactive|Rheinharut35 has 120 seconds left.
|
|t:|1769416370
|switch|p2a: Skeledirge|Skeledirge, M, shiny|100/100
|-damage|p2a: Skeledirge|76/100|[from] Stealth Rock
|turn|10
|inactive|Rheinharut35 has 120 seconds left.
|
|t:|1769416385
|move|p1a: Iron Valiant|Shadow Ball|p2a: Skeledirge
|-supereffective|p2a: Skeledirge
|-damage|p2a: Skeledirge|5/100
|move|p2a: Skeledirge|Overheat|p1a: Iron Valiant
|-damage|p1a: Iron Valiant|0 fnt
|-unboost|p2a: Skeledirge|spa|2
|faint|p1a: Iron Valiant
|-end|p1a: Iron Valiant|Quark Drive|[silent]
|
|-weather|SunnyDay|[upkeep]
|upkeep
|
|t:|1769416400
|switch|p1a: Gliscor|Gliscor, F|100/100
|turn|11
|
|t:|1769416408
|move|p2a: Skeledirge|Overheat|p1a: Gliscor
|-damage|p1a: Gliscor|48/100
|-unboost|p2a: Skeledirge|spa|2
|move|p1a: Gliscor|Knock Off|p2a: Skeledirge
|-supereffective|p2a: Skeledirge
|-damage|p2a: Skeledirge|0 fnt
|-enditem|p2a: Skeledirge|Choice Scarf|[from] move: Knock Off|[of] p1a: Gliscor
|faint|p2a: Skeledirge
|
|-weather|SunnyDay|[upkeep]
|-status|p1a: Gliscor|tox|[from] item: Toxic Orb
|upkeep
|
|t:|1769416424
|switch|p2a: Walking Wake|Walking Wake|24/100
|-damage|p2a: Walking Wake|12/100|[from] Stealth Rock
|-activate|p2a: Walking Wake|ability: Protosynthesis
|-start|p2a: Walking Wake|protosynthesisspa
|turn|12
|
|t:|1769416441
|move|p1a: Gliscor|Protect|p1a: Gliscor
|-singleturn|p1a: Gliscor|Protect
|move|p2a: Walking Wake|Hydro Steam|p1a: Gliscor
|-activate|p1a: Gliscor|move: Protect
|
|-weather|SunnyDay|[upkeep]
|-heal|p1a: Gliscor|60/100 tox|[from] ability: Poison Heal
|upkeep
|turn|13
|inactive|TenRolf has 120 seconds left.
|
|t:|1769416470
|move|p2a: Walking Wake|Hydro Steam|p1a: Gliscor
|-supereffective|p1a: Gliscor
|-damage|p1a: Gliscor|0 fnt
|faint|p1a: Gliscor
|
|-weather|none
|-end|p2a: Walking Wake|Protosynthesis
|upkeep
|inactive|TenRolf has 120 seconds left.
|
|t:|1769416482
|switch|p1a: Kingambit|Kingambit, F|100/100
|-activate|p1a: Kingambit|ability: Supreme Overlord
|-start|p1a: Kingambit|fallen4|[silent]
|turn|14
|inactive|TenRolf has 120 seconds left.
|
|t:|1769416496
|move|p2a: Walking Wake|Hydro Steam|p1a: Kingambit
|-damage|p1a: Kingambit|28/100
|move|p1a: Kingambit|Low Kick|p2a: Walking Wake
|-damage|p2a: Walking Wake|0 fnt
|faint|p2a: Walking Wake
|-end|p2a: Walking Wake|Protosynthesis|[silent]
|
|upkeep
|
|t:|1769416514
|switch|p2a: Lilligant|Lilligant-Hisui, F|72/100
|-damage|p2a: Lilligant|66/100|[from] Stealth Rock
|turn|15
|
|t:|1769416523
|-end|p1a: Kingambit|fallen4|[silent]
|switch|p1a: Corviknight|Corviknight, M|100/100
|-ability|p1a: Corviknight|Pressure
|-terastallize|p2a: Lilligant|Fighting
|move|p2a: Lilligant|Close Combat|p1a: Corviknight
|-damage|p1a: Corviknight|35/100
|-unboost|p2a: Lilligant|def|1
|-unboost|p2a: Lilligant|spd|1
|-damage|p2a: Lilligant|50/100|[from] item: Rocky Helmet|[of] p1a: Corviknight
|-damage|p2a: Lilligant|40/100|[from] item: Life Orb
|
|upkeep
|turn|16
|inactive|TenRolf has 120 seconds left.
|
|t:|1769416561
|move|p2a: Lilligant|Close Combat|p1a: Corviknight
|-damage|p1a: Corviknight|0 fnt
|-unboost|p2a: Lilligant|def|1
|-unboost|p2a: Lilligant|spd|1
|-damage|p2a: Lilligant|23/100|[from] item: Rocky Helmet|[of] p1a: Corviknight
|faint|p1a: Corviknight
|-damage|p2a: Lilligant|13/100|[from] item: Life Orb
|
|upkeep
|
|t:|1769416571
|switch|p1a: Kingambit|Kingambit, F|28/100
|-activate|p1a: Kingambit|ability: Supreme Overlord
|-start|p1a: Kingambit|fallen5|[silent]
|turn|17
|
|t:|1769416580
|move|p2a: Lilligant|Close Combat|p1a: Kingambit
|-supereffective|p1a: Kingambit
|-damage|p1a: Kingambit|0 fnt
|-unboost|p2a: Lilligant|def|1
|-unboost|p2a: Lilligant|spd|1
|faint|p1a: Kingambit
|-end|p1a: Kingambit|fallen5|[silent]
|-damage|p2a: Lilligant|3/100|[from] item: Life Orb
|
|win|Rheinharut35
|raw|TenRolf's rating: 1420 &rarr; <strong>1401</strong><br />(-19 for losing)
|raw|Rheinharut35's rating: 1437 &rarr; <strong>1456</strong><br />(+19 for winning)
|l|☆TenRolf
|player|p1|
