|j|☆Dat boii fam
|j|☆Malkharlegoat
|t:|1769354210
|gametype|singles
|player|p1|Dat boii fam|li|1250
|player|p2|Malkharlegoat|170|1237
|gen|9
|tier|[Gen 9] OU
|rated|
|rule|HP Percentage Mod: HP is shown in percentages
|rule|Endless Battle Clause: Forcing endless battles is banned
|rule|Species Clause: Limit one of each Pokémon
|rule|OHKO Clause: OHKO moves are banned
|rule|Evasion Items Clause: Evasion items are banned
|rule|Evasion Moves Clause: Evasion moves are banned
|rule|Evasion Abilities Clause: Evasion abilities are banned
|rule|Sleep Moves Clause: Sleep-inducing moves are banned
|clearpoke
|poke|p1|Hippowdon, M|
|poke|p1|Sandslash, F|
|poke|p1|Excadrill, F|
|poke|p1|Tyranitar, F|
|poke|p1|Gliscor, M|
|poke|p1|Deoxys-Defense|
|poke|p2|Tyranitar, F|
|poke|p2|Excadrill, F|
|poke|p2|Kyurem|
|poke|p2|Ogerpon-Wellspring, F|
|poke|p2|Glimmora, M|
|poke|p2|Enamorus, F|
|teampreview
|inactive|Battle timer is ON: inactive players will automatically lose when time's up. (requested by Malkharlegoat)
|
|t:|1769354237
|teamsize|p1|6
|teamsize|p2|6
|start
|switch|p1a: Deoxys|Deoxys-Defense|100/100
|switch|p2a: Jsp|Glimmora, M|100/100
|-ability|p1a: Deoxys|Pressure
|turn|1
|
|t:|1769354244
|move|p2a: Jsp|Stealth Rock|p1a: Deoxys
|-sidestart|p1: Dat boii fam|move: Stealth Rock
|move|p1a: Deoxys|Psychic Noise|p2a: Jsp
|-supereffective|p2a: Jsp
|-damage|p2a: Jsp|49/100
|-start|p2a: Jsp|move: Heal Block
|
|upkeep
|turn|2
|
|t:|1769354251
|move|p2a: Jsp|Mortal Spin|p1a: Deoxys
|-damage|p1a: Deoxys|97/100
|-status|p1a: Deoxys|psn
|move|p1a: Deoxys|Reflect|p1a: Deoxys
|-sidestart|p1: Dat boii fam|Reflect
|
|-damage|p1a: Deoxys|85/100 psn|[from] psn
|-end|p2a: Jsp|move: Heal Block
|upkeep
|turn|3
|
|t:|1769354259
|switch|p2a: Cadrill's gf :3|Tyranitar, F|100/100
|-weather|Sandstorm|[from] ability: Sand Stream|[of] p2a: Cadrill's gf :3
|move|p1a: Deoxys|Psychic Noise|p2a: Cadrill's gf :3
|-immune|p2a: Cadrill's gf :3
|
|-weather|Sandstorm|[upkeep]
|-damage|p1a: Deoxys|79/100 psn|[from] Sandstorm
|-damage|p1a: Deoxys|67/100 psn|[from] psn
|upkeep
|turn|4
|
|t:|1769354278
|switch|p1a: Sandslash|Sandslash, F|100/100
|move|p2a: Cadrill's gf :3|Knock Off|p1a: Sandslash
|-damage|p1a: Sandslash|55/100
|-enditem|p1a: Sandslash|Heavy-Duty Boots|[from] move: Knock Off|[of] p2a: Cadrill's gf :3
|
|-weather|Sandstorm|[upkeep]
|upkeep
|turn|5
|
|t:|1769354286
|switch|p2a: Jsp|Glimmora, M|49/100
|move|p1a: Sandslash|Swords Dance|p1a: Sandslash
|-boost|p1a: Sandslash|atk|2
|
|-weather|Sandstorm|[upkeep]
|upkeep
|turn|6
|
|t:|1769354293
|move|p1a: Sandslash|Earthquake|p2a: Jsp
|-supereffective|p2a: Jsp
|-damage|p2a: Jsp|0 fnt
|-activate|p2a: Jsp|ability: Toxic Debris
|-sidestart|p1: Dat boii fam|move: Toxic Spikes
|faint|p2a: Jsp
|
|-weather|Sandstorm|[upkeep]
|upkeep
|
|t:|1769354300
|switch|p2a: TTar's girlfriend|Excadrill, F|100/100
|-item|p2a: TTar's girlfriend|Air Balloon
|turn|7
|
|t:|1769354303
|move|p2a: TTar's girlfriend|Earthquake|p1a: Sandslash
|-damage|p1a: Sandslash|25/100
|move|p1a: Sandslash|Rapid Spin|p2a: TTar's girlfriend
|-resisted|p2a: TTar's girlfriend
|-damage|p2a: TTar's girlfriend|79/100
|-boost|p1a: Sandslash|spe|1
|-enditem|p2a: TTar's girlfriend|Air Balloon
|-sideend|p1: Dat boii fam|Toxic Spikes|[from] move: Rapid Spin|[of] p1a: Sandslash
|-sideend|p1: Dat boii fam|Stealth Rock|[from] move: Rapid Spin|[of] p1a: Sandslash
|
|-weather|none
|upkeep
|turn|8
|
|t:|1769354318
|switch|p2a: Slayyyy|Enamorus, F|100/100
|move|p1a: Sandslash|Rapid Spin|p2a: Slayyyy
|-damage|p2a: Slayyyy|52/100
|-boost|p1a: Sandslash|spe|1
|
|upkeep
|turn|9
|
|t:|1769354330
|-terastallize|p1a: Sandslash|Dark
|move|p2a: Slayyyy|Mystical Fire|p1a: Sandslash
|-crit|p1a: Sandslash
|-damage|p1a: Sandslash|0 fnt
|faint|p1a: Sandslash
|
|-sideend|p1: Dat boii fam|Reflect
|upkeep
|
|t:|1769354336
|switch|p1a: Tyranitar|Tyranitar, F|100/100
|-weather|Sandstorm|[from] ability: Sand Stream|[of] p1a: Tyranitar
|turn|10
|
|t:|1769354343
|switch|p2a: TTar's girlfriend|Excadrill, F|79/100
|move|p1a: Tyranitar|Stone Edge|p2a: TTar's girlfriend
|-resisted|p2a: TTar's girlfriend
|-damage|p2a: TTar's girlfriend|62/100
|
|-weather|Sandstorm|[upkeep]
|upkeep
|turn|11
|
|t:|1769354353
|move|p2a: TTar's girlfriend|Rapid Spin|p1a: Tyranitar
|-resisted|p1a: Tyranitar
|-damage|p1a: Tyranitar|93/100
|-boost|p2a: TTar's girlfriend|spe|1
|move|p1a: Tyranitar|Low Kick|p2a: TTar's girlfriend
|-supereffective|p2a: TTar's girlfriend
|-crit|p2a: TTar's girlfriend
|-damage|p2a: TTar's girlfriend|0 fnt
|faint|p2a: TTar's girlfriend
|
|-weather|Sandstorm|[upkeep]
|upkeep
|
|t:|1769354363
|switch|p2a: Slayyyy|Enamorus, F|52/100
|turn|12
|
|t:|1769354366
|move|p2a: Slayyyy|Moonblast|p1a: Tyranitar
|-supereffective|p1a: Tyranitar
|-damage|p1a: Tyranitar|43/100
|move|p1a: Tyranitar|Ice Punch|p2a: Slayyyy
|-supereffective|p2a: Slayyyy
|-damage|p2a: Slayyyy|0 fnt
|faint|p2a: Slayyyy
|
|-weather|Sandstorm|[upkeep]
|upkeep
|
|t:|1769354376
|switch|p2a: PonPon :3|Ogerpon-Wellspring, F|100/100
|turn|13
|
|t:|1769354382
|move|p2a: PonPon :3|Trailblaze|p1a: Tyranitar
|-supereffective|p1a: Tyranitar
|-damage|p1a: Tyranitar|0 fnt
|-boost|p2a: PonPon :3|spe|1
|faint|p1a: Tyranitar
|
|-weather|Sandstorm|[upkeep]
|-damage|p2a: PonPon :3|95/100|[from] Sandstorm
|upkeep
|
|t:|1769354395
|switch|p1a: Deoxys|Deoxys-Defense|67/100 psn
|-ability|p1a: Deoxys|Pressure
|turn|14
|
|t:|1769354399
|move|p2a: PonPon :3|Swords Dance|p2a: PonPon :3
|-boost|p2a: PonPon :3|atk|2
|move|p1a: Deoxys|Reflect|p1a: Deoxys
|-sidestart|p1: Dat boii fam|Reflect
|
|-weather|Sandstorm|[upkeep]
|-damage|p2a: PonPon :3|89/100|[from] Sandstorm
|-damage|p1a: Deoxys|61/100 psn|[from] Sandstorm
|-damage|p1a: Deoxys|49/100 psn|[from] psn
|upkeep
|turn|15
|
|t:|1769354407
|move|p2a: PonPon :3|Swords Dance|p2a: PonPon :3
|-boost|p2a: PonPon :3|atk|2
|move|p1a: Deoxys|Psychic Noise|p2a: PonPon :3
|-damage|p2a: PonPon :3|68/100
|-start|p2a: PonPon :3|move: Heal Block
|
|-weather|Sandstorm|[upkeep]
|-damage|p2a: PonPon :3|62/100|[from] Sandstorm
|-damage|p1a: Deoxys|43/100 psn|[from] Sandstorm
|-damage|p1a: Deoxys|30/100 psn|[from] psn
|upkeep
|turn|16
|
|t:|1769354418
|move|p2a: PonPon :3|Trailblaze|p1a: Deoxys
|-damage|p1a: Deoxys|2/100 psn
|-boost|p2a: PonPon :3|spe|1
|move|p1a: Deoxys|Psychic Noise|p2a: PonPon :3
|-damage|p2a: PonPon :3|39/100
|
|-weather|Sandstorm|[upkeep]
|-damage|p2a: PonPon :3|33/100|[from] Sandstorm
|-damage|p1a: Deoxys|0 fnt|[from] Sandstorm
|faint|p1a: Deoxys
|-end|p2a: PonPon :3|move: Heal Block
|upkeep
|
|t:|1769354430
|switch|p1a: Hippowdon|Hippowdon, M|100/100
|turn|17
|
|t:|1769354436
|move|p2a: PonPon :3|Horn Leech|p1a: Hippowdon
|-supereffective|p1a: Hippowdon
|-damage|p1a: Hippowdon|25/100
|-heal|p2a: PonPon :3|86/100|[from] drain|[of] p1a: Hippowdon
|move|p1a: Hippowdon|Whirlwind|p2a: PonPon :3
|drag|p2a: Kyurem|Kyurem|100/100
|-ability|p2a: Kyurem|Pressure
|
|-weather|none
|upkeep
|turn|18
|
|t:|1769354446
|switch|p1a: Gliscor|Gliscor, M|100/100
|move|p2a: Kyurem|Icicle Spear|p1a: Gliscor
|-supereffective|p1a: Gliscor
|-damage|p1a: Gliscor|80/100
|-supereffective|p1a: Gliscor
|-damage|p1a: Gliscor|57/100
|-supereffective|p1a: Gliscor
|-damage|p1a: Gliscor|37/100
|-supereffective|p1a: Gliscor
|-damage|p1a: Gliscor|14/100
|-supereffective|p1a: Gliscor
|-damage|p1a: Gliscor|0 fnt
|faint|p1a: Gliscor
|-hitcount|p1: Gliscor|5
|
|upkeep
|
|t:|1769354459
|switch|p1a: Hippowdon|Hippowdon, M|25/100
|-weather|Sandstorm|[from] ability: Sand Stream|[of] p1a: Hippowdon
|turn|19
|
|t:|1769354464
|move|p2a: Kyurem|Icicle Spear|p1a: Hippowdon
|-supereffective|p1a: Hippowdon
|-damage|p1a: Hippowdon|19/100
|-supereffective|p1a: Hippowdon
|-damage|p1a: Hippowdon|12/100
|-supereffective|p1a: Hippowdon
|-damage|p1a: Hippowdon|4/100
|-supereffective|p1a: Hippowdon
|-damage|p1a: Hippowdon|0 fnt
|faint|p1a: Hippowdon
|-hitcount|p1: Hippowdon|4
|
|-weather|Sandstorm|[upkeep]
|-damage|p2a: Kyurem|94/100|[from] Sandstorm
|upkeep
|
|t:|1769354474
|switch|p1a: Excadrill|Excadrill, F|100/100
|turn|20
|
|t:|1769354478
|-terastallize|p2a: Kyurem|Fire
|move|p1a: Excadrill|Swords Dance|p1a: Excadrill
|-boost|p1a: Excadrill|atk|2
|move|p2a: Kyurem|Tera Blast|p1a: Excadrill|[anim] Tera Blast Fire
|-supereffective|p1a: Excadrill
|-damage|p1a: Excadrill|37/100
|
|-weather|Sandstorm|[upkeep]
|-damage|p2a: Kyurem|88/100|[from] Sandstorm
|upkeep
|turn|21
|
|t:|1769354489
|switch|p2a: PonPon :3|Ogerpon-Wellspring, F|86/100
|move|p1a: Excadrill|Earthquake|p2a: PonPon :3
|-resisted|p2a: PonPon :3
|-damage|p2a: PonPon :3|8/100
|
|-weather|Sandstorm|[upkeep]
|-damage|p2a: PonPon :3|2/100|[from] Sandstorm
|-sideend|p1: Dat boii fam|Reflect
|upkeep
|turn|22
|
|t:|1769354498
|move|p1a: Excadrill|Earthquake|p2a: PonPon :3
|-resisted|p2a: PonPon :3
|-damage|p2a: PonPon :3|0 fnt
|faint|p2a: PonPon :3
|
|-weather|Sandstorm|[upkeep]
|upkeep
|
|t:|1769354504
|switch|p2a: Cadrill's gf :3|Tyranitar, F|100/100
|turn|23
|
|t:|1769354508
|move|p1a: Excadrill|Earthquake|p2a: Cadrill's gf :3
|-supereffective|p2a: Cadrill's gf :3
|-damage|p2a: Cadrill's gf :3|0 fnt
|faint|p2a: Cadrill's gf :3
|
|-weather|Sandstorm|[upkeep]
|upkeep
|c|☆Dat boii fam|gg
|
|t:|1769354513
|switch|p2a: Kyurem|Kyurem, tera:Fire|88/100
|-ability|p2a: Kyurem|Pressure
|turn|24
|c|☆Malkharlegoat|gg
|
|t:|1769354517
|move|p1a: Excadrill|Earthquake|p2a: Kyurem
|-supereffective|p2a: Kyurem
|-damage|p2a: Kyurem|0 fnt
|faint|p2a: Kyurem
|
|win|Dat boii fam
|raw|Dat boii fam's rating: 1250 &rarr; <strong>1274</strong><br />(+24 for winning)
|raw|Malkharlegoat's rating: 1237 &rarr; <strong>1213</strong><br />(-24 for losing)
|l|☆Malkharlegoat
|player|p2|
|l|☆Dat boii fam
|player|p1|
