|j|☆Chiavegato1
|j|☆big bod3
|t:|1769365138
|gametype|singles
|player|p1|Chiavegato1|youngcouple-gen4dp|1113
|player|p2|big bod3|marshal|1048
|gen|9
|tier|[Gen 9] OU
|rated|
|rule|HP Percentage Mod: HP is shown in percentages
|rule|Endless Battle Clause: Forcing endless battles is banned
|rule|Species Clause: Limit one of each Pokémon
|rule|OHKO Clause: OHKO moves are banned
|rule|Evasion Items Clause: Evasion items are banned
|rule|Evasion Moves Clause: Evasion moves are banned
|rule|Evasion Abilities Clause: Evasion abilities are banned
|rule|Sleep Moves Clause: Sleep-inducing moves are banned
|clearpoke
|poke|p1|Galvantula, M|
|poke|p1|Breloom, M|
|poke|p1|Forretress, F|
|poke|p1|Cinderace, M|
|poke|p1|Alomomola, M|
|poke|p1|Mimikyu, M|
|poke|p2|Glalie, F|
|poke|p2|Appletun, F|
|poke|p2|Galvantula, M|
|poke|p2|Palossand, F|
|poke|p2|Yanmega, F|
|poke|p2|Arboliva, F|
|teampreview
|
|t:|1769365146
|teamsize|p1|6
|teamsize|p2|6
|start
|switch|p1a: Galvantula|Galvantula, M|100/100
|switch|p2a: ᛃᛖᛚpalo|Palossand, F, shiny|100/100
|turn|1
|
|t:|1769365157
|move|p1a: Galvantula|Sticky Web|p2a: ᛃᛖᛚpalo
|-sidestart|p2: big bod3|move: Sticky Web
|move|p2a: ᛃᛖᛚpalo|Scorching Sands|p1a: Galvantula
|-damage|p1a: Galvantula|42/100
|
|upkeep
|turn|2
|
|t:|1769365167
|move|p1a: Galvantula|Energy Ball|p2a: ᛃᛖᛚpalo
|-supereffective|p2a: ᛃᛖᛚpalo
|-damage|p2a: ᛃᛖᛚpalo|39/100
|move|p2a: ᛃᛖᛚpalo|Sludge Bomb|p1a: Galvantula
|-damage|p1a: Galvantula|0 fnt
|faint|p1a: Galvantula
|
|-heal|p2a: ᛃᛖᛚpalo|45/100|[from] item: Leftovers
|upkeep
|
|t:|1769365181
|switch|p1a: Cinderace|Cinderace, M|100/100
|turn|3
|
|t:|1769365188
|move|p1a: Cinderace|Sucker Punch|p2a: ᛃᛖᛚpalo
|-start|p1a: Cinderace|typechange|Dark|[from] ability: Libero
|-supereffective|p2a: ᛃᛖᛚpalo
|-damage|p2a: ᛃᛖᛚpalo|0 fnt
|faint|p2a: ᛃᛖᛚpalo
|
|upkeep
|
|t:|1769365203
|switch|p2a: ᛏᚷYaneem|Yanmega, F, shiny|100/100
|turn|4
|
|t:|1769365218
|-terastallize|p2a: ᛏᚷYaneem|Bug
|move|p1a: Cinderace|Flare Blitz|p2a: ᛏᚷYaneem
|-supereffective|p2a: ᛏᚷYaneem
|-damage|p2a: ᛏᚷYaneem|0 fnt
|faint|p2a: ᛏᚷYaneem
|-damage|p1a: Cinderace|66/100|[from] Recoil
|
|upkeep
|
|t:|1769365225
|switch|p2a: ᛟᚷᛃWitchfruit|Appletun, F|100/100
|-activate|p2a: ᛟᚷᛃWitchfruit|move: Sticky Web
|-unboost|p2a: ᛟᚷᛃWitchfruit|spe|1
|turn|5
|
|t:|1769365233
|move|p1a: Cinderace|U-turn|p2a: ᛟᚷᛃWitchfruit
|-supereffective|p2a: ᛟᚷᛃWitchfruit
|-damage|p2a: ᛟᚷᛃWitchfruit|51/100
|
|t:|1769365239
|switch|p1a: Forretress|Forretress, F|100/100|[from] U-turn
|move|p2a: ᛟᚷᛃWitchfruit|Dragon Pulse|p1a: Forretress
|-resisted|p1a: Forretress
|-damage|p1a: Forretress|87/100
|
|-heal|p1a: Forretress|93/100|[from] item: Leftovers
|-heal|p2a: ᛟᚷᛃWitchfruit|57/100|[from] item: Leftovers
|upkeep
|turn|6
|
|t:|1769365250
|move|p1a: Forretress|Sand Tomb|p2a: ᛟᚷᛃWitchfruit
|-resisted|p2a: ᛟᚷᛃWitchfruit
|-damage|p2a: ᛟᚷᛃWitchfruit|54/100
|-activate|p2a: ᛟᚷᛃWitchfruit|move: Sand Tomb|[of] p1a: Forretress
|move|p2a: ᛟᚷᛃWitchfruit|Reflect|p2a: ᛟᚷᛃWitchfruit
|-sidestart|p2: big bod3|Reflect
|
|-heal|p1a: Forretress|99/100|[from] item: Leftovers
|-heal|p2a: ᛟᚷᛃWitchfruit|60/100|[from] item: Leftovers
|-damage|p2a: ᛟᚷᛃWitchfruit|47/100|[from] move: Sand Tomb|[partiallytrapped]
|upkeep
|turn|7
|
|t:|1769365261
|move|p1a: Forretress|Thunder Wave|p2a: ᛟᚷᛃWitchfruit
|-status|p2a: ᛟᚷᛃWitchfruit|par
|move|p2a: ᛟᚷᛃWitchfruit|Apple Acid|p1a: Forretress
|-resisted|p1a: Forretress
|-damage|p1a: Forretress|93/100
|-unboost|p1a: Forretress|spd|1
|
|-heal|p1a: Forretress|99/100|[from] item: Leftovers
|-heal|p2a: ᛟᚷᛃWitchfruit|54/100 par|[from] item: Leftovers
|-damage|p2a: ᛟᚷᛃWitchfruit|41/100 par|[from] move: Sand Tomb|[partiallytrapped]
|upkeep
|turn|8
|
|t:|1769365273
|move|p1a: Forretress|Rapid Spin|p2a: ᛟᚷᛃWitchfruit
|-damage|p2a: ᛟᚷᛃWitchfruit|36/100 par
|-boost|p1a: Forretress|spe|1
|move|p2a: ᛟᚷᛃWitchfruit|Apple Acid|p1a: Forretress
|-resisted|p1a: Forretress
|-damage|p1a: Forretress|90/100
|-unboost|p1a: Forretress|spd|1
|
|-heal|p1a: Forretress|96/100|[from] item: Leftovers
|-heal|p2a: ᛟᚷᛃWitchfruit|42/100 par|[from] item: Leftovers
|-damage|p2a: ᛟᚷᛃWitchfruit|30/100 par|[from] move: Sand Tomb|[partiallytrapped]
|upkeep
|turn|9
|
|t:|1769365292
|move|p1a: Forretress|Volt Switch|p2a: ᛟᚷᛃWitchfruit
|-resisted|p2a: ᛟᚷᛃWitchfruit
|-damage|p2a: ᛟᚷᛃWitchfruit|28/100 par
|
|t:|1769365296
|switch|p1a: Breloom|Breloom, M|100/100|[from] Volt Switch
|move|p2a: ᛟᚷᛃWitchfruit|Recover|p2a: ᛟᚷᛃWitchfruit
|-heal|p2a: ᛟᚷᛃWitchfruit|78/100 par
|
|-heal|p2a: ᛟᚷᛃWitchfruit|84/100 par|[from] item: Leftovers
|-end|p2a: ᛟᚷᛃWitchfruit|Sand Tomb|[partiallytrapped]|[silent]
|-status|p1a: Breloom|tox|[from] item: Toxic Orb
|upkeep
|turn|10
|
|t:|1769365310
|switch|p2a: ᛁᛝᛃSnotur|Glalie, F, shiny|100/100
|-activate|p2a: ᛁᛝᛃSnotur|move: Sticky Web
|-unboost|p2a: ᛁᛝᛃSnotur|spe|1
|move|p1a: Breloom|Bulk Up|p1a: Breloom
|-boost|p1a: Breloom|atk|1
|-boost|p1a: Breloom|def|1
|
|-sideend|p2: big bod3|Reflect
|upkeep
|turn|11
|
|t:|1769365325
|-terastallize|p1a: Breloom|Fire
|move|p1a: Breloom|Mach Punch|p2a: ᛁᛝᛃSnotur
|-supereffective|p2a: ᛁᛝᛃSnotur
|-damage|p2a: ᛁᛝᛃSnotur|39/100
|move|p2a: ᛁᛝᛃSnotur|Freeze-Dry|p1a: Breloom
|-resisted|p1a: Breloom
|-damage|p1a: Breloom|71/100 tox
|-damage|p2a: ᛁᛝᛃSnotur|29/100|[from] item: Life Orb
|
|-heal|p1a: Breloom|84/100 tox|[from] ability: Poison Heal
|upkeep
|turn|12
|
|t:|1769365337
|switch|p2a: ᛃᛟArbolive|Arboliva, F|100/100
|-activate|p2a: ᛃᛟArbolive|move: Sticky Web
|-unboost|p2a: ᛃᛟArbolive|spe|1
|move|p1a: Breloom|Mach Punch|p2a: ᛃᛟArbolive
|-supereffective|p2a: ᛃᛟArbolive
|-damage|p2a: ᛃᛟArbolive|44/100
|-fieldstart|move: Grassy Terrain|[from] ability: Seed Sower|[of] p2a: ᛃᛟArbolive
|
|-heal|p1a: Breloom|90/100 tox|[from] Grassy Terrain
|-heal|p2a: ᛃᛟArbolive|50/100|[from] Grassy Terrain
|-heal|p2a: ᛃᛟArbolive|56/100|[from] item: Leftovers
|-heal|p1a: Breloom|100/100 tox|[from] ability: Poison Heal
|upkeep
|turn|13
|
|t:|1769365349
|move|p2a: ᛃᛟArbolive|Protect|p2a: ᛃᛟArbolive
|-singleturn|p2a: ᛃᛟArbolive|Protect
|move|p1a: Breloom|Mach Punch|p2a: ᛃᛟArbolive
|-activate|p2a: ᛃᛟArbolive|move: Protect
|
|-heal|p2a: ᛃᛟArbolive|62/100|[from] Grassy Terrain
|-heal|p2a: ᛃᛟArbolive|68/100|[from] item: Leftovers
|upkeep
|turn|14
|
|t:|1769365359
|move|p1a: Breloom|Bulk Up|p1a: Breloom
|-boost|p1a: Breloom|atk|1
|-boost|p1a: Breloom|def|1
|move|p2a: ᛃᛟArbolive|Strength Sap|p1a: Breloom
|-unboost|p1a: Breloom|atk|1
|-heal|p2a: ᛃᛟArbolive|100/100
|
|upkeep
|turn|15
|
|t:|1769365368
|move|p1a: Breloom|Mach Punch|p2a: ᛃᛟArbolive
|-supereffective|p2a: ᛃᛟArbolive
|-damage|p2a: ᛃᛟArbolive|45/100
|move|p2a: ᛃᛟArbolive|Growth|p2a: ᛃᛟArbolive
|-boost|p2a: ᛃᛟArbolive|atk|1
|-boost|p2a: ᛃᛟArbolive|spa|1
|
|-heal|p2a: ᛃᛟArbolive|52/100|[from] Grassy Terrain
|-heal|p2a: ᛃᛟArbolive|58/100|[from] item: Leftovers
|upkeep
|turn|16
|
|t:|1769365378
|move|p2a: ᛃᛟArbolive|Protect|p2a: ᛃᛟArbolive
|-singleturn|p2a: ᛃᛟArbolive|Protect
|move|p1a: Breloom|Bulk Up|p1a: Breloom
|-boost|p1a: Breloom|atk|1
|-boost|p1a: Breloom|def|1
|
|-heal|p2a: ᛃᛟArbolive|64/100|[from] Grassy Terrain
|-heal|p2a: ᛃᛟArbolive|70/100|[from] item: Leftovers
|-fieldend|move: Grassy Terrain
|upkeep
|turn|17
|
|t:|1769365389
|move|p1a: Breloom|Mach Punch|p2a: ᛃᛟArbolive
|-supereffective|p2a: ᛃᛟArbolive
|-damage|p2a: ᛃᛟArbolive|0 fnt
|-fieldstart|move: Grassy Terrain|[from] ability: Seed Sower|[of] p2a: ᛃᛟArbolive
|faint|p2a: ᛃᛟArbolive
|
|upkeep
|
|t:|1769365400
|switch|p2a: ᛟᚷᛃWitchfruit|Appletun, F|84/100 par
|-activate|p2a: ᛟᚷᛃWitchfruit|move: Sticky Web
|-unboost|p2a: ᛟᚷᛃWitchfruit|spe|1
|turn|18
|
|t:|1769365413
|move|p1a: Breloom|Mach Punch|p2a: ᛟᚷᛃWitchfruit
|-damage|p2a: ᛟᚷᛃWitchfruit|50/100 par
|cant|p2a: ᛟᚷᛃWitchfruit|par
|
|-heal|p2a: ᛟᚷᛃWitchfruit|56/100 par|[from] Grassy Terrain
|-heal|p2a: ᛟᚷᛃWitchfruit|62/100 par|[from] item: Leftovers
|upkeep
|turn|19
|
|t:|1769365422
|move|p1a: Breloom|Mach Punch|p2a: ᛟᚷᛃWitchfruit
|-damage|p2a: ᛟᚷᛃWitchfruit|26/100 par
|move|p2a: ᛟᚷᛃWitchfruit|Reflect|p2a: ᛟᚷᛃWitchfruit
|-sidestart|p2: big bod3|Reflect
|
|-heal|p2a: ᛟᚷᛃWitchfruit|33/100 par|[from] Grassy Terrain
|-heal|p2a: ᛟᚷᛃWitchfruit|39/100 par|[from] item: Leftovers
|upkeep
|turn|20
|
|t:|1769365430
|move|p1a: Breloom|Mach Punch|p2a: ᛟᚷᛃWitchfruit
|-damage|p2a: ᛟᚷᛃWitchfruit|22/100 par
|move|p2a: ᛟᚷᛃWitchfruit|Recover|p2a: ᛟᚷᛃWitchfruit
|-heal|p2a: ᛟᚷᛃWitchfruit|72/100 par
|
|-heal|p2a: ᛟᚷᛃWitchfruit|78/100 par|[from] Grassy Terrain
|-heal|p2a: ᛟᚷᛃWitchfruit|84/100 par|[from] item: Leftovers
|upkeep
|turn|21
|
|t:|1769365442
|switch|p1a: Forretress|Forretress, F|96/100
|move|p2a: ᛟᚷᛃWitchfruit|Apple Acid|p1a: Forretress
|-resisted|p1a: Forretress
|-damage|p1a: Forretress|88/100
|-unboost|p1a: Forretress|spd|1
|
|-heal|p1a: Forretress|94/100|[from] Grassy Terrain
|-heal|p1a: Forretress|100/100|[from] item: Leftovers
|-heal|p2a: ᛟᚷᛃWitchfruit|90/100 par|[from] Grassy Terrain
|-heal|p2a: ᛟᚷᛃWitchfruit|96/100 par|[from] item: Leftovers
|-fieldend|move: Grassy Terrain
|upkeep
|turn|22
|
|t:|1769365456
|move|p1a: Forretress|Sand Tomb|p2a: ᛟᚷᛃWitchfruit|[miss]
|-miss|p1a: Forretress|p2a: ᛟᚷᛃWitchfruit
|move|p2a: ᛟᚷᛃWitchfruit|Apple Acid|p1a: Forretress
|-resisted|p1a: Forretress
|-damage|p1a: Forretress|91/100
|-unboost|p1a: Forretress|spd|1
|
|-heal|p1a: Forretress|97/100|[from] item: Leftovers
|-heal|p2a: ᛟᚷᛃWitchfruit|100/100 par|[from] item: Leftovers
|upkeep
|turn|23
|
|t:|1769365468
|switch|p2a: ᛁᛝᛃSnotur|Glalie, F, shiny|29/100
|-activate|p2a: ᛁᛝᛃSnotur|move: Sticky Web
|-unboost|p2a: ᛁᛝᛃSnotur|spe|1
|move|p1a: Forretress|Sand Tomb|p2a: ᛁᛝᛃSnotur
|-damage|p2a: ᛁᛝᛃSnotur|25/100
|-activate|p2a: ᛁᛝᛃSnotur|move: Sand Tomb|[of] p1a: Forretress
|
|-heal|p1a: Forretress|100/100|[from] item: Leftovers
|-damage|p2a: ᛁᛝᛃSnotur|12/100|[from] move: Sand Tomb|[partiallytrapped]
|-sideend|p2: big bod3|Reflect
|upkeep
|turn|24
|
|t:|1769365492
|move|p2a: ᛁᛝᛃSnotur|Freeze-Dry|p1a: Forretress
|-resisted|p1a: Forretress
|-damage|p1a: Forretress|66/100
|-damage|p2a: ᛁᛝᛃSnotur|2/100|[from] item: Life Orb
|move|p1a: Forretress|Volt Switch|p2a: ᛁᛝᛃSnotur
|-damage|p2a: ᛁᛝᛃSnotur|0 fnt
|faint|p2a: ᛁᛝᛃSnotur
|
|t:|1769365503
|switch|p1a: Mimikyu|Mimikyu, M|100/100|[from] Volt Switch
|
|upkeep
|
|t:|1769365510
|switch|p2a: ᛟᚷᛃWitchfruit|Appletun, F|100/100 par
|-activate|p2a: ᛟᚷᛃWitchfruit|move: Sticky Web
|-unboost|p2a: ᛟᚷᛃWitchfruit|spe|1
|turn|25
|
|t:|1769365516
|move|p1a: Mimikyu|Play Rough|p2a: ᛟᚷᛃWitchfruit
|-supereffective|p2a: ᛟᚷᛃWitchfruit
|-damage|p2a: ᛟᚷᛃWitchfruit|10/100 par
|-damage|p1a: Mimikyu|91/100|[from] item: Life Orb
|cant|p2a: ᛟᚷᛃWitchfruit|par
|
|-heal|p2a: ᛟᚷᛃWitchfruit|16/100 par|[from] item: Leftovers
|upkeep
|turn|26
|
|t:|1769365526
|move|p1a: Mimikyu|Drain Punch|p2a: ᛟᚷᛃWitchfruit
|-damage|p2a: ᛟᚷᛃWitchfruit|0 fnt
|-heal|p1a: Mimikyu|100/100|[from] drain|[of] p2a: ᛟᚷᛃWitchfruit
|faint|p2a: ᛟᚷᛃWitchfruit
|-damage|p1a: Mimikyu|91/100|[from] item: Life Orb
|
|upkeep
|
|t:|1769365534
|switch|p2a: ᚱᛇGal|Galvantula, M, shiny|100/100
|-item|p2a: ᚱᛇGal|Air Balloon
|turn|27
|
|t:|1769365550
|move|p2a: ᚱᛇGal|Bug Buzz|p1a: Mimikyu
|-activate|p1a: Mimikyu|ability: Disguise
|-damage|p1a: Mimikyu|91/100
|detailschange|p1a: Mimikyu|Mimikyu-Busted, M
|-damage|p1a: Mimikyu|78/100|[from] pokemon: Mimikyu-Busted
|move|p1a: Mimikyu|Shadow Claw|p2a: ᚱᛇGal
|-damage|p2a: ᚱᛇGal|33/100
|-enditem|p2a: ᚱᛇGal|Air Balloon
|-damage|p1a: Mimikyu|68/100|[from] item: Life Orb
|
|upkeep
|turn|28
|
|t:|1769365564
|switch|p1a: Breloom|Breloom, M, tera:Fire|100/100 tox
|move|p2a: ᚱᛇGal|Bug Buzz|p1a: Breloom
|-resisted|p1a: Breloom
|-crit|p1a: Breloom
|-damage|p1a: Breloom|32/100 tox
|
|-heal|p1a: Breloom|44/100 tox|[from] ability: Poison Heal
|upkeep
|turn|29
|
|t:|1769365575
|move|p2a: ᚱᛇGal|Discharge|p1a: Breloom
|-damage|p1a: Breloom|0 fnt
|faint|p1a: Breloom
|
|upkeep
|
|t:|1769365583
|switch|p1a: Alomomola|Alomomola, M|100/100
|turn|30
|
|t:|1769365587
|move|p2a: ᚱᛇGal|Discharge|p1a: Alomomola
|-supereffective|p1a: Alomomola
|-damage|p1a: Alomomola|44/100
|move|p1a: Alomomola|Wish|p1a: Alomomola
|
|upkeep
|turn|31
|
|t:|1769365593
|move|p1a: Alomomola|Protect|p1a: Alomomola
|-singleturn|p1a: Alomomola|Protect
|move|p2a: ᚱᛇGal|Discharge|p1a: Alomomola
|-activate|p1a: Alomomola|move: Protect
|
|-heal|p1a: Alomomola|94/100|[from] move: Wish|[wisher] Alomomola
|upkeep
|turn|32
|
|t:|1769365600
|move|p2a: ᚱᛇGal|Sticky Web|p1a: Alomomola
|-sidestart|p1: Chiavegato1|move: Sticky Web
|move|p1a: Alomomola|Pain Split|p2a: ᚱᛇGal
|-sethp|p2a: ᚱᛇGal|100/100|[from] move: Pain Split|[silent]
|-sethp|p1a: Alomomola|56/100|[from] move: Pain Split
|
|upkeep
|turn|33
|
|t:|1769365607
|move|p2a: ᚱᛇGal|Discharge|p1a: Alomomola
|-supereffective|p1a: Alomomola
|-damage|p1a: Alomomola|2/100
|-status|p1a: Alomomola|par
|cant|p1a: Alomomola|par
|
|upkeep
|turn|34
|
|t:|1769365617
|move|p2a: ᚱᛇGal|Discharge|p1a: Alomomola
|-supereffective|p1a: Alomomola
|-damage|p1a: Alomomola|0 fnt
|faint|p1a: Alomomola
|
|upkeep
|
|t:|1769365624
|switch|p1a: Forretress|Forretress, F|66/100
|-activate|p1a: Forretress|move: Sticky Web
|-unboost|p1a: Forretress|spe|1
|turn|35
|
|t:|1769365630
|move|p2a: ᚱᛇGal|Discharge|p1a: Forretress
|-damage|p1a: Forretress|33/100
|-status|p1a: Forretress|par
|move|p1a: Forretress|Rapid Spin|p2a: ᚱᛇGal
|-damage|p2a: ᚱᛇGal|80/100
|-boost|p1a: Forretress|spe|1
|-sideend|p1: Chiavegato1|Sticky Web|[from] move: Rapid Spin|[of] p1a: Forretress
|
|-heal|p1a: Forretress|39/100 par|[from] item: Leftovers
|upkeep
|turn|36
|
|t:|1769365641
|move|p2a: ᚱᛇGal|Discharge|p1a: Forretress
|-damage|p1a: Forretress|6/100 par
|move|p1a: Forretress|Sand Tomb|p2a: ᚱᛇGal
|-damage|p2a: ᚱᛇGal|65/100
|-activate|p2a: ᚱᛇGal|move: Sand Tomb|[of] p1a: Forretress
|
|-heal|p1a: Forretress|12/100 par|[from] item: Leftovers
|-damage|p2a: ᚱᛇGal|52/100|[from] move: Sand Tomb|[partiallytrapped]
|upkeep
|turn|37
|
|t:|1769365655
|move|p2a: ᚱᛇGal|Sticky Web|p1a: Forretress
|-sidestart|p1: Chiavegato1|move: Sticky Web
|move|p1a: Forretress|Rapid Spin|p2a: ᚱᛇGal
|-damage|p2a: ᚱᛇGal|32/100
|-boost|p1a: Forretress|spe|1
|-sideend|p1: Chiavegato1|Sticky Web|[from] move: Rapid Spin|[of] p1a: Forretress
|
|-heal|p1a: Forretress|19/100 par|[from] item: Leftovers
|-damage|p2a: ᚱᛇGal|19/100|[from] move: Sand Tomb|[partiallytrapped]
|upkeep
|turn|38
|
|t:|1769365666
|move|p2a: ᚱᛇGal|Discharge|p1a: Forretress
|-damage|p1a: Forretress|0 fnt
|faint|p1a: Forretress
|
|-end|p2a: ᚱᛇGal|Sand Tomb|[partiallytrapped]|[silent]
|upkeep
|
|t:|1769365678
|switch|p1a: Cinderace|Cinderace, M|66/100
|turn|39
|
|t:|1769365685
|move|p1a: Cinderace|Sucker Punch|p2a: ᚱᛇGal
|-start|p1a: Cinderace|typechange|Dark|[from] ability: Libero
|-damage|p2a: ᚱᛇGal|0 fnt
|faint|p2a: ᚱᛇGal
|
|win|Chiavegato1
|raw|Chiavegato1's rating: 1113 &rarr; <strong>1133</strong><br />(+20 for winning)
|raw|big bod3's rating: 1048 &rarr; <strong>1034</strong><br />(-14 for losing)
|l|☆Chiavegato1
|player|p1|
