|j|☆maxmoefoe pokemon
|j|☆Unscripted testing
|t:|1769354353
|gametype|singles
|player|p1|maxmoefoe pokemon|266|1687
|player|p2|Unscripted testing|caitlin-masters|1692
|gen|9
|tier|[Gen 9] OU
|rated|
|rule|HP Percentage Mod: HP is shown in percentages
|rule|Endless Battle Clause: Forcing endless battles is banned
|rule|Species Clause: Limit one of each Pokémon
|rule|OHKO Clause: OHKO moves are banned
|rule|Evasion Items Clause: Evasion items are banned
|rule|Evasion Moves Clause: Evasion moves are banned
|rule|Evasion Abilities Clause: Evasion abilities are banned
|rule|Sleep Moves Clause: Sleep-inducing moves are banned
|clearpoke
|poke|p1|Enamorus, F|
|poke|p1|Iron Moth|
|poke|p1|Landorus-Therian, M|
|poke|p1|Kingambit, F|
|poke|p1|Ogerpon-Wellspring, F|
|poke|p1|Deoxys-Speed|
|poke|p2|Tinkaton, F|
|poke|p2|Ogerpon, F|
|poke|p2|Great Tusk|
|poke|p2|Pecharunt|
|poke|p2|Alomomola, M|
|poke|p2|Hydreigon, M|
|teampreview
|inactive|Battle timer is ON: inactive players will automatically lose when time's up. (requested by Unscripted testing)
|
|t:|1769354381
|teamsize|p1|6
|teamsize|p2|6
|start
|switch|p1a: Ogerpon|Ogerpon-Wellspring, F|100/100
|switch|p2a: Anonymous|Ogerpon, F|100/100
|turn|1
|
|t:|1769354387
|move|p2a: Anonymous|U-turn|p1a: Ogerpon
|-supereffective|p1a: Ogerpon
|-damage|p1a: Ogerpon|3/100
|
|t:|1769354388
|switch|p2a: Overseer|Pecharunt|100/100|[from] U-turn
|move|p1a: Ogerpon|Spikes|p2a: Overseer
|-sidestart|p2: Unscripted testing|Spikes
|
|upkeep
|turn|2
|
|t:|1769354395
|move|p1a: Ogerpon|Spikes|p2a: Overseer
|-sidestart|p2: Unscripted testing|Spikes
|move|p2a: Overseer|Shadow Ball|p1a: Ogerpon
|-damage|p1a: Ogerpon|0 fnt
|faint|p1a: Ogerpon
|
|upkeep
|
|t:|1769354401
|switch|p1a: Landorus|Landorus-Therian, M|100/100
|-ability|p1a: Landorus|Intimidate|boost
|-unboost|p2a: Overseer|atk|1
|turn|3
|
|t:|1769354405
|switch|p2a: Smile.exe|Tinkaton, F, shiny|100/100
|-item|p2a: Smile.exe|Air Balloon
|move|p1a: Landorus|Earth Power|p2a: Smile.exe
|-immune|p2a: Smile.exe
|
|upkeep
|turn|4
|
|t:|1769354412
|move|p2a: Smile.exe|Stealth Rock|p1a: Landorus
|-sidestart|p1: maxmoefoe pokemon|move: Stealth Rock
|move|p1a: Landorus|Taunt|p2a: Smile.exe
|-start|p2a: Smile.exe|move: Taunt
|
|upkeep
|turn|5
|
|t:|1769354419
|move|p2a: Smile.exe|Gigaton Hammer|p1a: Landorus
|-damage|p1a: Landorus|47/100
|move|p1a: Landorus|Stealth Rock|p2a: Smile.exe
|-sidestart|p2: Unscripted testing|move: Stealth Rock
|
|upkeep
|turn|6
|
|t:|1769354424
|switch|p1a: Iron Moth|Iron Moth|100/100
|-damage|p1a: Iron Moth|76/100|[from] Stealth Rock
|-enditem|p1a: Iron Moth|Booster Energy
|-activate|p1a: Iron Moth|ability: Quark Drive|[fromitem]
|-start|p1a: Iron Moth|quarkdrivespe
|move|p2a: Smile.exe|Ice Hammer|p1a: Iron Moth
|-resisted|p1a: Iron Moth
|-damage|p1a: Iron Moth|57/100
|-unboost|p2a: Smile.exe|spe|1
|
|upkeep
|turn|7
|
|t:|1769354428
|switch|p2a: Pisces|Alomomola, M, shiny|100/100
|-damage|p2a: Pisces|84/100|[from] Spikes
|-damage|p2a: Pisces|72/100|[from] Stealth Rock
|move|p1a: Iron Moth|Substitute|p1a: Iron Moth
|-start|p1a: Iron Moth|Substitute
|-damage|p1a: Iron Moth|32/100
|
|upkeep
|turn|8
|
|t:|1769354431
|move|p2a: Pisces|Aqua Jet|p1a: Iron Moth
|-supereffective|p1a: Iron Moth
|-end|p1a: Iron Moth|Substitute
|move|p1a: Iron Moth|Sludge Wave|p2a: Pisces
|-damage|p2a: Pisces|47/100
|
|upkeep
|turn|9
|
|t:|1769354437
|move|p2a: Pisces|Aqua Jet|p1a: Iron Moth
|-supereffective|p1a: Iron Moth
|-damage|p1a: Iron Moth|0 fnt
|faint|p1a: Iron Moth
|-end|p1a: Iron Moth|Quark Drive|[silent]
|
|upkeep
|
|t:|1769354444
|switch|p1a: Kingambit|Kingambit, F|100/100
|-damage|p1a: Kingambit|94/100|[from] Stealth Rock
|-activate|p1a: Kingambit|ability: Supreme Overlord
|-start|p1a: Kingambit|fallen2|[silent]
|turn|10
|
|t:|1769354447
|switch|p2a: Behemoth|Great Tusk, shiny|100/100
|move|p1a: Kingambit|Kowtow Cleave|p2a: Behemoth
|-resisted|p2a: Behemoth
|-crit|p2a: Behemoth
|-damage|p2a: Behemoth|64/100
|
|upkeep
|turn|11
|
|t:|1769354451
|move|p2a: Behemoth|Rapid Spin|p1a: Kingambit
|-resisted|p1a: Kingambit
|-damage|p1a: Kingambit|86/100
|-boost|p2a: Behemoth|spe|1
|-sideend|p2: Unscripted testing|Spikes|[from] move: Rapid Spin|[of] p2a: Behemoth
|-sideend|p2: Unscripted testing|Stealth Rock|[from] move: Rapid Spin|[of] p2a: Behemoth
|move|p1a: Kingambit|Iron Head|p2a: Behemoth
|-damage|p2a: Behemoth|24/100
|
|upkeep
|turn|12
|
|t:|1769354458
|-end|p1a: Kingambit|fallen2|[silent]
|switch|p1a: Landorus|Landorus-Therian, M|47/100
|-damage|p1a: Landorus|35/100|[from] Stealth Rock
|-ability|p1a: Landorus|Intimidate|boost
|-unboost|p2a: Behemoth|atk|1
|move|p2a: Behemoth|Close Combat|p1a: Landorus
|-resisted|p1a: Landorus
|-damage|p1a: Landorus|15/100
|-unboost|p2a: Behemoth|def|1
|-unboost|p2a: Behemoth|spd|1
|-damage|p2a: Behemoth|8/100|[from] item: Rocky Helmet|[of] p1a: Landorus
|
|upkeep
|turn|13
|
|t:|1769354461
|move|p2a: Behemoth|Ice Spinner|p1a: Landorus
|-supereffective|p1a: Landorus
|-damage|p1a: Landorus|0 fnt
|-damage|p2a: Behemoth|0 fnt|[from] item: Rocky Helmet|[of] p1a: Landorus
|faint|p1a: Landorus
|faint|p2a: Behemoth
|-end|p2a: Behemoth|Protosynthesis|[silent]
|
|upkeep
|
|t:|1769354465
|switch|p1a: Kingambit|Kingambit, F|86/100
|switch|p2a: Anonymous|Ogerpon, F|100/100
|-damage|p1a: Kingambit|80/100|[from] Stealth Rock
|-activate|p1a: Kingambit|ability: Supreme Overlord
|-start|p1a: Kingambit|fallen3|[silent]
|turn|14
|
|t:|1769354469
|move|p1a: Kingambit|Sucker Punch|p2a: Anonymous
|-damage|p2a: Anonymous|17/100
|move|p2a: Anonymous|U-turn|p1a: Kingambit
|-damage|p1a: Kingambit|51/100
|
|t:|1769354472
|switch|p2a: Smile.exe|Tinkaton, F, shiny|100/100|[from] U-turn
|-item|p2a: Smile.exe|Air Balloon
|
|upkeep
|turn|15
|
|t:|1769354478
|move|p2a: Smile.exe|Encore|p1a: Kingambit
|-start|p1a: Kingambit|Encore
|move|p1a: Kingambit|Sucker Punch||[still]
|-fail|p1a: Kingambit
|
|upkeep
|turn|16
|
|t:|1769354481
|switch|p2a: Hybrid|Hydreigon, M, shiny|100/100
|-end|p1a: Kingambit|fallen3|[silent]
|switch|p1a: Deoxys|Deoxys-Speed|100/100
|-damage|p1a: Deoxys|88/100|[from] Stealth Rock
|-ability|p1a: Deoxys|Pressure
|
|upkeep
|turn|17
|
|t:|1769354484
|move|p1a: Deoxys|Superpower|p2a: Hybrid
|-supereffective|p2a: Hybrid
|-damage|p2a: Hybrid|4/100
|-unboost|p1a: Deoxys|atk|1
|-unboost|p1a: Deoxys|def|1
|-damage|p1a: Deoxys|78/100|[from] item: Life Orb
|move|p2a: Hybrid|Dark Pulse|p1a: Deoxys
|-supereffective|p1a: Deoxys
|-damage|p1a: Deoxys|0 fnt
|faint|p1a: Deoxys
|
|upkeep
|
|t:|1769354493
|switch|p1a: Enamorus|Enamorus, F|100/100
|-damage|p1a: Enamorus|76/100|[from] Stealth Rock
|turn|18
|
|t:|1769354496
|switch|p2a: Pisces|Alomomola, M, shiny|81/100
|move|p1a: Enamorus|Substitute|p1a: Enamorus
|-start|p1a: Enamorus|Substitute
|-damage|p1a: Enamorus|51/100
|
|-heal|p1a: Enamorus|57/100|[from] item: Leftovers
|upkeep
|turn|19
|
|t:|1769354499
|move|p1a: Enamorus|Superpower|p2a: Pisces
|-damage|p2a: Pisces|54/100
|-boost|p1a: Enamorus|atk|1
|-boost|p1a: Enamorus|def|1
|move|p2a: Pisces|Flip Turn|p1a: Enamorus
|-activate|p1a: Enamorus|move: Substitute|[damage]
|
|t:|1769354501
|switch|p2a: Overseer|Pecharunt|100/100|[from] Flip Turn
|
|-heal|p1a: Enamorus|63/100|[from] item: Leftovers
|upkeep
|turn|20
|
|t:|1769354508
|-terastallize|p2a: Overseer|Ghost
|move|p1a: Enamorus|Earth Power|p2a: Overseer
|-damage|p2a: Overseer|76/100
|move|p2a: Overseer|Malignant Chain|p1a: Enamorus
|-supereffective|p1a: Enamorus
|-end|p1a: Enamorus|Substitute
|
|-heal|p1a: Enamorus|69/100|[from] item: Leftovers
|upkeep
|turn|21
|
|t:|1769354516
|move|p1a: Enamorus|Play Rough|p2a: Overseer
|-damage|p2a: Overseer|49/100
|-damage|p1a: Enamorus|53/100|[from] item: Rocky Helmet|[of] p2a: Overseer
|move|p2a: Overseer|Malignant Chain|p1a: Enamorus
|-supereffective|p1a: Enamorus
|-damage|p1a: Enamorus|0 fnt
|faint|p1a: Enamorus
|
|upkeep
|
|t:|1769354522
|switch|p1a: Kingambit|Kingambit, F|51/100
|-damage|p1a: Kingambit|44/100|[from] Stealth Rock
|-activate|p1a: Kingambit|ability: Supreme Overlord
|-start|p1a: Kingambit|fallen5|[silent]
|turn|22
|
|t:|1769354525
|move|p1a: Kingambit|Kowtow Cleave|p2a: Overseer
|-supereffective|p2a: Overseer
|-damage|p2a: Overseer|0 fnt
|-damage|p1a: Kingambit|28/100|[from] item: Rocky Helmet|[of] p2a: Overseer
|faint|p2a: Overseer
|
|upkeep
|
|t:|1769354527
|switch|p2a: Hybrid|Hydreigon, M, shiny|4/100
|turn|23
|
|t:|1769354533
|switch|p2a: Smile.exe|Tinkaton, F, shiny|100/100
|-item|p2a: Smile.exe|Air Balloon
|move|p1a: Kingambit|Sucker Punch||[still]
|-fail|p1a: Kingambit
|
|upkeep
|turn|24
|
|t:|1769354538
|move|p2a: Smile.exe|Encore|p1a: Kingambit
|-start|p1a: Kingambit|Encore
|move|p1a: Kingambit|Sucker Punch||[still]
|-fail|p1a: Kingambit
|
|upkeep
|turn|25
|-message|maxmoefoe pokemon forfeited.
|
|win|Unscripted testing
|raw|maxmoefoe pokemon's rating: 1687 &rarr; <strong>1667</strong><br />(-20 for losing)
|raw|Unscripted testing's rating: 1692 &rarr; <strong>1712</strong><br />(+20 for winning)
|l|☆maxmoefoe pokemon
|player|p1|
|l|☆Unscripted testing
|player|p2|
