|j|☆big_beatle
|j|☆pbnk
|t:|1769304192
|gametype|singles
|player|p1|big_beatle|brawly|
|player|p2|pbnk|birdkeeper-gen4dp|
|gen|9
|tier|[Gen 9] OU
|rule|HP Percentage Mod: HP is shown in percentages
|rule|Endless Battle Clause: Forcing endless battles is banned
|rule|Species Clause: Limit one of each Pokémon
|rule|OHKO Clause: OHKO moves are banned
|rule|Evasion Items Clause: Evasion items are banned
|rule|Evasion Moves Clause: Evasion moves are banned
|rule|Evasion Abilities Clause: Evasion abilities are banned
|rule|Sleep Moves Clause: Sleep-inducing moves are banned
|clearpoke
|poke|p1|Gholdengo|
|poke|p1|Darkrai|
|poke|p1|Ting-Lu|
|poke|p1|Dragonite, F|
|poke|p1|Ogerpon-Wellspring, F|
|poke|p1|Blastoise, M|
|poke|p2|Rillaboom, M|
|poke|p2|Serperior, M|
|poke|p2|Heatran, F|
|poke|p2|Gholdengo|
|poke|p2|Zamazenta-*|
|poke|p2|Great Tusk|
|teampreview
|inactive|Battle timer is ON: inactive players will automatically lose when time's up. (requested by big_beatle)
|j| BoodleBoy
|inactive|big_beatle has 270 seconds left.
|inactive|pbnk has 270 seconds left.
|inactiveoff|Battle timer is now OFF.
|j| PlotBnuy
|j| halogenpkmn
|
|t:|1769304329
|teamsize|p1|6
|teamsize|p2|6
|start
|switch|p1a: Donkey|Ting-Lu|100/100
|switch|p2a: Serpy <3|Serperior, M|100/100
|-ability|p1a: Donkey|Vessel of Ruin
|turn|1
|
|t:|1769304401
|move|p2a: Serpy <3|Knock Off|p1a: Donkey
|-resisted|p1a: Donkey
|-damage|p1a: Donkey|96/100
|-enditem|p1a: Donkey|Leftovers|[from] move: Knock Off|[of] p2a: Serpy <3
|move|p1a: Donkey|Stealth Rock|p2a: Serpy <3
|-sidestart|p2: pbnk|move: Stealth Rock
|
|upkeep
|turn|2
|
|t:|1769304410
|move|p2a: Serpy <3|Knock Off|p1a: Donkey
|-resisted|p1a: Donkey
|-damage|p1a: Donkey|93/100
|move|p1a: Donkey|Ruination|p2a: Serpy <3
|-damage|p2a: Serpy <3|51/100
|
|upkeep
|turn|3
|
|t:|1769304440
|move|p2a: Serpy <3|Knock Off|p1a: Donkey
|-resisted|p1a: Donkey
|-damage|p1a: Donkey|90/100
|move|p1a: Donkey|Ruination|p2a: Serpy <3
|-damage|p2a: Serpy <3|26/100
|
|upkeep
|turn|4
|c|☆pbnk|big brain
|c|☆big_beatle|4th time?
|
|t:|1769304507
|switch|p2a: Rillaboombastic|Rillaboom, M|100/100
|-damage|p2a: Rillaboombastic|88/100|[from] Stealth Rock
|-fieldstart|move: Grassy Terrain|[from] ability: Grassy Surge|[of] p2a: Rillaboombastic
|switch|p1a: Shrek|Ogerpon-Wellspring, F|100/100
|
|-heal|p2a: Rillaboombastic|94/100|[from] Grassy Terrain
|upkeep
|turn|5
|
|t:|1769304551
|switch|p1a: Dragon|Dragonite, F|100/100
|move|p2a: Rillaboombastic|Swords Dance|p2a: Rillaboombastic
|-boost|p2a: Rillaboombastic|atk|2
|
|-heal|p2a: Rillaboombastic|100/100|[from] Grassy Terrain
|upkeep
|turn|6
|
|t:|1769304582
|move|p1a: Dragon|Extreme Speed|p2a: Rillaboombastic
|-damage|p2a: Rillaboombastic|66/100
|move|p2a: Rillaboombastic|Knock Off|p1a: Dragon
|-damage|p1a: Dragon|53/100
|-enditem|p1a: Dragon|Heavy-Duty Boots|[from] move: Knock Off|[of] p2a: Rillaboombastic
|-damage|p2a: Rillaboombastic|56/100|[from] item: Life Orb
|
|-heal|p2a: Rillaboombastic|63/100|[from] Grassy Terrain
|upkeep
|turn|7
|
|t:|1769304696
|-terastallize|p2a: Rillaboombastic|Fairy
|move|p1a: Dragon|Extreme Speed|p2a: Rillaboombastic
|-damage|p2a: Rillaboombastic|28/100
|move|p2a: Rillaboombastic|Tera Blast|p1a: Dragon|[anim] Tera Blast Fairy
|-supereffective|p1a: Dragon
|-damage|p1a: Dragon|0 fnt
|faint|p1a: Dragon
|-damage|p2a: Rillaboombastic|18/100|[from] item: Life Orb
|
|-heal|p2a: Rillaboombastic|24/100|[from] Grassy Terrain
|upkeep
|
|t:|1769304712
|switch|p1a: My Husband|Gholdengo|100/100
|turn|8
|
|t:|1769304785
|switch|p2a: Heatrain|Heatran, F|100/100
|-damage|p2a: Heatrain|88/100|[from] Stealth Rock
|-item|p2a: Heatrain|Air Balloon
|move|p1a: My Husband|Shadow Ball|p2a: Heatrain
|-damage|p2a: Heatrain|62/100
|-enditem|p2a: Heatrain|Air Balloon
|
|-heal|p2a: Heatrain|69/100|[from] Grassy Terrain
|-fieldend|move: Grassy Terrain
|upkeep
|turn|9
|c| halogenpkmn|heatrans rights
|
|t:|1769304934
|switch|p1a: Big Man|Blastoise, M|100/100
|move|p2a: Heatrain|Magma Storm|p1a: Big Man|[miss]
|-miss|p2a: Heatrain|p1a: Big Man
|
|upkeep
|turn|10
|c| PlotBnuy|Big man from Shrek
|
|t:|1769304989
|move|p1a: Big Man|Flip Turn|p2a: Heatrain
|-supereffective|p2a: Heatrain
|-damage|p2a: Heatrain|43/100
|
|t:|1769304998
|switch|p1a: Donkey|Ting-Lu|90/100|[from] Flip Turn
|-ability|p1a: Donkey|Vessel of Ruin
|move|p2a: Heatrain|Magma Storm|p1a: Donkey
|-damage|p1a: Donkey|71/100
|-activate|p1a: Donkey|move: Magma Storm|[of] p2a: Heatrain
|
|-damage|p1a: Donkey|58/100|[from] move: Magma Storm|[partiallytrapped]
|upkeep
|turn|11
|
|t:|1769305090
|switch|p2a: Great Trunk|Great Tusk|100/100
|-damage|p2a: Great Trunk|97/100|[from] Stealth Rock
|-enditem|p2a: Great Trunk|Booster Energy
|-activate|p2a: Great Trunk|ability: Protosynthesis|[fromitem]
|-start|p2a: Great Trunk|protosynthesisspe
|move|p1a: Donkey|Earthquake|p2a: Great Trunk
|-damage|p2a: Great Trunk|72/100
|
|-end|p1a: Donkey|Magma Storm|[partiallytrapped]|[silent]
|upkeep
|turn|12
|
|t:|1769305137
|switch|p1a: Big Man|Blastoise, M|100/100
|move|p2a: Great Trunk|Rapid Spin|p1a: Big Man
|-damage|p1a: Big Man|89/100
|-boost|p2a: Great Trunk|spe|1
|-sideend|p2: pbnk|Stealth Rock|[from] move: Rapid Spin|[of] p2a: Great Trunk
|
|-heal|p1a: Big Man|96/100|[from] item: Leftovers
|upkeep
|turn|13
|
|t:|1769305209
|-end|p2a: Great Trunk|Protosynthesis|[silent]
|switch|p2a: Serpy <3|Serperior, M|26/100
|move|p1a: Big Man|Flip Turn|p2a: Serpy <3
|-resisted|p2a: Serpy <3
|-damage|p2a: Serpy <3|17/100
|
|t:|1769305222
|switch|p1a: Shrek|Ogerpon-Wellspring, F|100/100|[from] Flip Turn
|
|upkeep
|turn|14
|
|t:|1769305251
|move|p2a: Serpy <3|Glare|p1a: Shrek
|-status|p1a: Shrek|par
|move|p1a: Shrek|Trailblaze|p2a: Serpy <3
|-resisted|p2a: Serpy <3
|-damage|p2a: Serpy <3|0 fnt
|-boost|p1a: Shrek|spe|1
|faint|p2a: Serpy <3
|
|upkeep
|
|t:|1769305333
|switch|p2a: Gholdenope|Gholdengo|100/100
|turn|15
|
|t:|1769305363
|move|p1a: Shrek|Ivy Cudgel|p2a: Gholdenope|[anim] Ivy Cudgel Water
|-damage|p2a: Gholdenope|47/100
|move|p2a: Gholdenope|Shadow Ball|p1a: Shrek
|-damage|p1a: Shrek|51/100 par
|-unboost|p1a: Shrek|spd|1
|
|upkeep
|turn|16
|
|t:|1769305481
|move|p1a: Shrek|Ivy Cudgel|p2a: Gholdenope|[anim] Ivy Cudgel Water
|-crit|p2a: Gholdenope
|-damage|p2a: Gholdenope|0 fnt
|faint|p2a: Gholdenope
|
|upkeep
|
|t:|1769305487
|switch|p2a: I'mazenta|Zamazenta|100/100
|-ability|p2a: I'mazenta|Dauntless Shield|boost
|-boost|p2a: I'mazenta|def|1
|turn|17
|
|t:|1769305530
|move|p2a: I'mazenta|Close Combat|p1a: Shrek
|-damage|p1a: Shrek|0 fnt
|-unboost|p2a: I'mazenta|def|1
|-unboost|p2a: I'mazenta|spd|1
|faint|p1a: Shrek
|-damage|p2a: I'mazenta|91/100|[from] item: Life Orb
|
|upkeep
|
|t:|1769305540
|switch|p1a: My Husband|Gholdengo|100/100
|turn|18
|
|t:|1769305659
|switch|p2a: Heatrain|Heatran, F|43/100
|move|p1a: My Husband|Make It Rain|p2a: Heatrain
|-resisted|p2a: Heatrain
|-damage|p2a: Heatrain|33/100
|-unboost|p1a: My Husband|spa|1
|
|upkeep
|turn|19
|
|t:|1769305785
|switch|p1a: Big Man|Blastoise, M|96/100
|move|p2a: Heatrain|Magma Storm|p1a: Big Man
|-resisted|p1a: Big Man
|-damage|p1a: Big Man|77/100
|-activate|p1a: Big Man|move: Magma Storm|[of] p2a: Heatrain
|
|-heal|p1a: Big Man|83/100|[from] item: Leftovers
|-damage|p1a: Big Man|70/100|[from] move: Magma Storm|[partiallytrapped]
|upkeep
|turn|20
|
|t:|1769305820
|move|p1a: Big Man|Hydro Pump|p2a: Heatrain
|-supereffective|p2a: Heatrain
|-damage|p2a: Heatrain|0 fnt
|faint|p2a: Heatrain
|
|-heal|p1a: Big Man|76/100|[from] item: Leftovers
|-end|p1a: Big Man|Magma Storm|[partiallytrapped]|[silent]
|upkeep
|
|t:|1769305829
|switch|p2a: Rillaboombastic|Rillaboom, M, tera:Fairy|24/100
|-fieldstart|move: Grassy Terrain|[from] ability: Grassy Surge|[of] p2a: Rillaboombastic
|turn|21
|
|t:|1769305863
|switch|p1a: Donkey|Ting-Lu|58/100
|-ability|p1a: Donkey|Vessel of Ruin
|move|p2a: Rillaboombastic|Grassy Glide|p1a: Donkey
|-supereffective|p1a: Donkey
|-damage|p1a: Donkey|0 fnt
|faint|p1a: Donkey
|-damage|p2a: Rillaboombastic|14/100|[from] item: Life Orb
|
|-heal|p2a: Rillaboombastic|21/100|[from] Grassy Terrain
|upkeep
|
|t:|1769306012
|switch|p1a: Fiona's Curse|Darkrai|100/100
|turn|22
|
|t:|1769306107
|move|p2a: Rillaboombastic|Grassy Glide|p1a: Fiona's Curse
|-damage|p1a: Fiona's Curse|31/100
|-damage|p2a: Rillaboombastic|11/100|[from] item: Life Orb
|move|p1a: Fiona's Curse|Ice Beam|p2a: Rillaboombastic
|-damage|p2a: Rillaboombastic|0 fnt
|faint|p2a: Rillaboombastic
|
|-heal|p1a: Fiona's Curse|37/100|[from] Grassy Terrain
|upkeep
|
|t:|1769306134
|switch|p2a: I'mazenta|Zamazenta|91/100
|turn|23
|
|t:|1769306267
|-terastallize|p1a: Fiona's Curse|Ghost
|move|p1a: Fiona's Curse|Ice Beam|p2a: I'mazenta
|-damage|p2a: I'mazenta|59/100
|move|p2a: I'mazenta|Crunch|p1a: Fiona's Curse
|-supereffective|p1a: Fiona's Curse
|-damage|p1a: Fiona's Curse|0 fnt
|faint|p1a: Fiona's Curse
|-damage|p2a: I'mazenta|49/100|[from] item: Life Orb
|
|-heal|p2a: I'mazenta|56/100|[from] Grassy Terrain
|upkeep
|
|t:|1769306306
|switch|p1a: My Husband|Gholdengo|100/100
|turn|24
|
|t:|1769306331
|move|p1a: My Husband|Make It Rain|p2a: I'mazenta
|-damage|p2a: I'mazenta|0 fnt
|-unboost|p1a: My Husband|spa|1
|faint|p2a: I'mazenta
|
|upkeep
|
|t:|1769306337
|switch|p2a: Great Trunk|Great Tusk|72/100
|turn|25
|
|t:|1769306422
|move|p1a: My Husband|Make It Rain|p2a: Great Trunk
|-damage|p2a: Great Trunk|15/100
|-unboost|p1a: My Husband|spa|1
|move|p2a: Great Trunk|Rapid Spin|p1a: My Husband
|-immune|p1a: My Husband
|
|-heal|p2a: Great Trunk|21/100|[from] Grassy Terrain
|-fieldend|move: Grassy Terrain
|upkeep
|turn|26
|c| PlotBnuy|Jake called it omg
|c| halogenpkmn|jake u fukr
|
|t:|1769306451
|move|p1a: My Husband|Make It Rain|p2a: Great Trunk
|-damage|p2a: Great Trunk|0 fnt
|-unboost|p1a: My Husband|spa|1
|faint|p2a: Great Trunk
|-end|p2a: Great Trunk|Protosynthesis|[silent]
|
|win|big_beatle
|c|☆big_beatle|wanna play a game 3?
|c| halogenpkmn|randbats?
|c| PlotBnuy|ggs
|c|☆big_beatle|i wanna play my 3rd team still
|c| halogenpkmn|wont count for differential tho
|c| halogenpkmn|but lets go
|c|☆pbnk|ok bringing team 3 lets give it up for team 3
|c| PlotBnuy|WOOOO TEAM THREE
|c|☆big_beatle|i got the replay
|l| halogenpkmn
