|j|☆SussyMeatballer
|j|☆Bug Trainer Barry
|t:|1769324194
|gametype|singles
|player|p1|SussyMeatballer|pokefan-gen4|1393
|player|p2|Bug Trainer Barry|steven|1324
|gen|9
|tier|[Gen 9] OU
|rated|
|rule|HP Percentage Mod: HP is shown in percentages
|rule|Endless Battle Clause: Forcing endless battles is banned
|rule|Species Clause: Limit one of each Pokémon
|rule|OHKO Clause: OHKO moves are banned
|rule|Evasion Items Clause: Evasion items are banned
|rule|Evasion Moves Clause: Evasion moves are banned
|rule|Evasion Abilities Clause: Evasion abilities are banned
|rule|Sleep Moves Clause: Sleep-inducing moves are banned
|clearpoke
|poke|p1|Dragonite, M|
|poke|p1|Clefable, F|
|poke|p1|Blastoise, F|
|poke|p1|Pikachu, M|
|poke|p1|Gengar, M|
|poke|p1|Arcanine, F|
|poke|p2|Scizor, F|
|poke|p2|Slither Wing|
|poke|p2|Araquanid, M|
|poke|p2|Kleavor, F|
|poke|p2|Lokix, M|
|poke|p2|Frosmoth, M|
|teampreview
|inactive|Battle timer is ON: inactive players will automatically lose when time's up. (requested by SussyMeatballer)
|
|t:|1769324206
|teamsize|p1|6
|teamsize|p2|6
|start
|switch|p1a: Turtle|Blastoise, F|100/100
|switch|p2a: Kleavor|Kleavor, F|100/100
|turn|1
|
|t:|1769324215
|move|p2a: Kleavor|U-turn|p1a: Turtle
|-damage|p1a: Turtle|58/100
|
|t:|1769324218
|switch|p2a: Araquanid|Araquanid, M|100/100|[from] U-turn
|move|p1a: Turtle|Shell Smash|p1a: Turtle
|-unboost|p1a: Turtle|def|1
|-unboost|p1a: Turtle|spd|1
|-boost|p1a: Turtle|atk|2
|-boost|p1a: Turtle|spa|2
|-boost|p1a: Turtle|spe|2
|-enditem|p1a: Turtle|White Herb
|-clearnegativeboost|p1a: Turtle|[silent]
|
|upkeep
|turn|2
|
|t:|1769324223
|move|p1a: Turtle|Ice Spinner|p2a: Araquanid
|-resisted|p2a: Araquanid
|-damage|p2a: Araquanid|75/100
|move|p2a: Araquanid|Sticky Web|p1a: Turtle
|-sidestart|p1: SussyMeatballer|move: Sticky Web
|
|upkeep
|turn|3
|
|t:|1769324228
|move|p1a: Turtle|Rapid Spin|p2a: Araquanid
|-damage|p2a: Araquanid|47/100
|-boost|p1a: Turtle|spe|1
|-sideend|p1: SussyMeatballer|Sticky Web|[from] move: Rapid Spin|[of] p1a: Turtle
|move|p2a: Araquanid|Surf|p1a: Turtle
|-resisted|p1a: Turtle
|-damage|p1a: Turtle|31/100
|
|upkeep
|turn|4
|
|t:|1769324235
|move|p1a: Turtle|Liquidation|p2a: Araquanid
|-resisted|p2a: Araquanid
|-damage|p2a: Araquanid|0 fnt
|faint|p2a: Araquanid
|
|upkeep
|
|t:|1769324239
|switch|p2a: Lokix|Lokix, M|100/100
|turn|5
|
|t:|1769324247
|switch|p1a: Hero Arc|Arcanine, F|100/100
|move|p2a: Lokix|First Impression|p1a: Hero Arc
|-resisted|p1a: Hero Arc
|-damage|p1a: Hero Arc|47/100
|
|upkeep
|turn|6
|
|t:|1769324258
|switch|p2a: Slither Wing|Slither Wing|100/100
|move|p1a: Hero Arc|Flare Blitz|p2a: Slither Wing
|-supereffective|p2a: Slither Wing
|-damage|p2a: Slither Wing|0 fnt
|-damage|p1a: Hero Arc|30/100|[from] item: Rocky Helmet|[of] p2a: Slither Wing
|faint|p2a: Slither Wing
|-end|p2a: Slither Wing|Protosynthesis|[silent]
|-damage|p1a: Hero Arc|0 fnt|[from] Recoil
|faint|p1a: Hero Arc
|
|upkeep
|
|t:|1769324274
|switch|p1a: Wispy Woods|Gengar, M|100/100
|switch|p2a: Kleavor|Kleavor, F|100/100
|turn|7
|
|t:|1769324279
|move|p1a: Wispy Woods|Shadow Ball|p2a: Kleavor
|-damage|p2a: Kleavor|32/100
|move|p2a: Kleavor|Stone Axe|p1a: Wispy Woods
|-damage|p1a: Wispy Woods|0 fnt
|-sidestart|p1: SussyMeatballer|move: Stealth Rock
|faint|p1a: Wispy Woods
|
|upkeep
|
|t:|1769324288
|switch|p1a: Star Baby|Clefable, F|100/100
|-damage|p1a: Star Baby|88/100|[from] Stealth Rock
|turn|8
|
|t:|1769324295
|-terastallize|p1a: Star Baby|Steel
|move|p2a: Kleavor|Stone Axe|p1a: Star Baby
|-resisted|p1a: Star Baby
|-damage|p1a: Star Baby|57/100
|-damage|p2a: Kleavor|15/100|[from] item: Rocky Helmet|[of] p1a: Star Baby
|move|p1a: Star Baby|Stealth Rock|p2a: Kleavor
|-sidestart|p2: Bug Trainer Barry|move: Stealth Rock
|
|upkeep
|turn|9
|
|t:|1769324304
|move|p2a: Kleavor|Close Combat|p1a: Star Baby
|-supereffective|p1a: Star Baby
|-damage|p1a: Star Baby|0 fnt
|-unboost|p2a: Kleavor|def|1
|-unboost|p2a: Kleavor|spd|1
|-damage|p2a: Kleavor|0 fnt|[from] item: Rocky Helmet|[of] p1a: Star Baby
|faint|p1a: Star Baby
|faint|p2a: Kleavor
|
|upkeep
|
|t:|1769324314
|switch|p2a: Frosmoth|Frosmoth, M|100/100
|switch|p1a: Dragoon|Dragonite, M|100/100
|-damage|p1a: Dragoon|75/100|[from] Stealth Rock
|turn|10
|
|t:|1769324323
|switch|p2a: Scizor|Scizor, F|100/100
|-damage|p2a: Scizor|88/100|[from] Stealth Rock
|move|p1a: Dragoon|Outrage|p2a: Scizor
|-resisted|p2a: Scizor
|-damage|p2a: Scizor|42/100
|
|upkeep
|turn|11
|
|t:|1769324330
|move|p2a: Scizor|Bullet Punch|p1a: Dragoon
|-damage|p1a: Dragoon|20/100
|move|p1a: Dragoon|Outrage|p2a: Scizor|[from] lockedmove
|-resisted|p2a: Scizor
|-damage|p2a: Scizor|0 fnt
|faint|p2a: Scizor
|
|upkeep
|
|t:|1769324333
|switch|p2a: Lokix|Lokix, M|100/100
|turn|12
|
|t:|1769324339
|move|p2a: Lokix|First Impression|p1a: Dragoon
|-resisted|p1a: Dragoon
|-damage|p1a: Dragoon|0 fnt
|faint|p1a: Dragoon
|
|upkeep
|
|t:|1769324344
|switch|p1a: Gotta Have It|Pikachu, M|100/100
|-damage|p1a: Gotta Have It|88/100|[from] Stealth Rock
|turn|13
|
|t:|1769324348
|move|p1a: Gotta Have It|Volt Tackle|p2a: Lokix
|-damage|p2a: Lokix|0 fnt
|faint|p2a: Lokix
|-damage|p1a: Gotta Have It|44/100|[from] Recoil
|
|upkeep
|
|t:|1769324350
|switch|p2a: Frosmoth|Frosmoth, M|100/100
|turn|14
|
|t:|1769324357
|-terastallize|p2a: Frosmoth|Ground
|move|p1a: Gotta Have It|Volt Tackle|p2a: Frosmoth
|-immune|p2a: Frosmoth
|move|p2a: Frosmoth|Quiver Dance|p2a: Frosmoth
|-boost|p2a: Frosmoth|spa|1
|-boost|p2a: Frosmoth|spd|1
|-boost|p2a: Frosmoth|spe|1
|
|upkeep
|turn|15
|
|t:|1769324365
|move|p2a: Frosmoth|Ice Beam|p1a: Gotta Have It
|-damage|p1a: Gotta Have It|0 fnt
|faint|p1a: Gotta Have It
|
|upkeep
|
|t:|1769324369
|switch|p1a: Turtle|Blastoise, F|31/100
|-damage|p1a: Turtle|19/100|[from] Stealth Rock
|turn|16
|c|☆SussyMeatballer|gg
|
|t:|1769324373
|move|p2a: Frosmoth|Giga Drain|p1a: Turtle
|-supereffective|p1a: Turtle
|-damage|p1a: Turtle|0 fnt
|faint|p1a: Turtle
|
|win|Bug Trainer Barry
|raw|SussyMeatballer's rating: 1393 &rarr; <strong>1369</strong><br />(-24 for losing)
|raw|Bug Trainer Barry's rating: 1324 &rarr; <strong>1348</strong><br />(+24 for winning)
|c|☆Bug Trainer Barry|gg
|l|☆SussyMeatballer
|player|p1|
