|j|☆big blue tree
|j|☆higashikataYashuo
|t:|1769331406
|gametype|singles
|player|p1|big blue tree|266|1317
|player|p2|higashikataYashuo|265|1349
|gen|9
|tier|[Gen 9] OU
|rated|
|rule|HP Percentage Mod: HP is shown in percentages
|rule|Endless Battle Clause: Forcing endless battles is banned
|rule|Species Clause: Limit one of each Pokémon
|rule|OHKO Clause: OHKO moves are banned
|rule|Evasion Items Clause: Evasion items are banned
|rule|Evasion Moves Clause: Evasion moves are banned
|rule|Evasion Abilities Clause: Evasion abilities are banned
|rule|Sleep Moves Clause: Sleep-inducing moves are banned
|clearpoke
|poke|p1|Arcanine-Hisui, F|
|poke|p1|Darkrai|
|poke|p1|Great Tusk|
|poke|p1|Hatterene, F|
|poke|p1|Ogerpon-Wellspring, F|
|poke|p1|Zapdos|
|poke|p2|Iron Hands|
|poke|p2|Glimmora, F|
|poke|p2|Landorus-Therian, M|
|poke|p2|Dragapult, M|
|poke|p2|Primarina, M|
|poke|p2|Kingambit, F|
|teampreview
|inactive|Battle timer is ON: inactive players will automatically lose when time's up. (requested by higashikataYashuo)
|inactive|big blue tree also wants the timer to be on.
|
|t:|1769331422
|teamsize|p1|6
|teamsize|p2|6
|start
|switch|p1a: Ogerpon|Ogerpon-Wellspring, F|100/100
|switch|p2a: Dragapult|Dragapult, M|100/100
|turn|1
|
|t:|1769331439
|switch|p1a: Hatterene|Hatterene, F|100/100
|move|p2a: Dragapult|U-turn|p1a: Hatterene
|-damage|p1a: Hatterene|65/100
|
|t:|1769331452
|switch|p2a: Glimmora|Glimmora, F|100/100|[from] U-turn
|
|upkeep
|turn|2
|
|t:|1769331455
|move|p2a: Glimmora|Sludge Wave|p1a: Hatterene
|-supereffective|p1a: Hatterene
|-damage|p1a: Hatterene|6/100
|move|p1a: Hatterene|Psyshock|p2a: Glimmora
|-supereffective|p2a: Glimmora
|-damage|p2a: Glimmora|0 fnt
|faint|p2a: Glimmora
|
|upkeep
|c|☆higashikataYashuo|tf
|
|t:|1769331468
|switch|p2a: Landorus|Landorus-Therian, M|100/100
|-ability|p2a: Landorus|Intimidate|boost
|-unboost|p1a: Hatterene|atk|1
|turn|3
|
|t:|1769331473
|switch|p1a: Zapdos|Zapdos|100/100
|move|p2a: Landorus|U-turn|p1a: Zapdos
|-resisted|p1a: Zapdos
|-damage|p1a: Zapdos|94/100
|
|t:|1769331476
|switch|p2a: Iron Hands|Iron Hands|100/100|[from] U-turn
|-enditem|p2a: Iron Hands|Booster Energy
|-activate|p2a: Iron Hands|ability: Quark Drive|[fromitem]
|-start|p2a: Iron Hands|quarkdriveatk
|
|upkeep
|turn|4
|inactive|big blue tree has 120 seconds left.
|l|☆big blue tree
|inactive|big blue tree disconnected and has a minute to reconnect!
|player|p1|
|j|☆big blue tree
|inactive|big blue tree reconnected and has 105 seconds left.
|player|p1|big blue tree|266|
|
|t:|1769331529
|move|p1a: Zapdos|Volt Switch|p2a: Iron Hands
|-resisted|p2a: Iron Hands
|-damage|p2a: Iron Hands|89/100
|
|t:|1769331532
|switch|p1a: Hatterene|Hatterene, F|6/100|[from] Volt Switch
|move|p2a: Iron Hands|Ice Punch|p1a: Hatterene
|-damage|p1a: Hatterene|0 fnt
|faint|p1a: Hatterene
|
|upkeep
|
|t:|1769331547
|switch|p1a: Arcanine|Arcanine-Hisui, F|100/100
|turn|5
|
|t:|1769331553
|move|p1a: Arcanine|Flare Blitz|p2a: Iron Hands
|-damage|p2a: Iron Hands|30/100
|-status|p2a: Iron Hands|brn
|move|p2a: Iron Hands|Close Combat|p1a: Arcanine
|-supereffective|p1a: Arcanine
|-damage|p1a: Arcanine|0 fnt
|-unboost|p2a: Iron Hands|def|1
|-unboost|p2a: Iron Hands|spd|1
|faint|p1a: Arcanine
|
|-damage|p2a: Iron Hands|24/100 brn|[from] brn
|upkeep
|c|☆higashikataYashuo|son
|
|t:|1769331565
|switch|p1a: Ogerpon|Ogerpon-Wellspring, F|100/100
|turn|6
|
|t:|1769331569
|move|p1a: Ogerpon|Ivy Cudgel|p2a: Iron Hands|[anim] Ivy Cudgel Water
|-damage|p2a: Iron Hands|0 fnt
|faint|p2a: Iron Hands
|-end|p2a: Iron Hands|Quark Drive|[silent]
|
|upkeep
|
|t:|1769331574
|switch|p2a: Dragapult|Dragapult, M|100/100
|turn|7
|
|t:|1769331578
|move|p2a: Dragapult|U-turn|p1a: Ogerpon
|-supereffective|p1a: Ogerpon
|-damage|p1a: Ogerpon|9/100
|
|t:|1769331581
|switch|p2a: Landorus|Landorus-Therian, M|100/100|[from] U-turn
|-ability|p2a: Landorus|Intimidate|boost
|-unboost|p1a: Ogerpon|atk|1
|move|p1a: Ogerpon|Knock Off|p2a: Landorus
|-damage|p2a: Landorus|76/100
|-damage|p1a: Ogerpon|0 fnt|[from] item: Rocky Helmet|[of] p2a: Landorus
|faint|p1a: Ogerpon
|
|upkeep
|
|t:|1769331589
|switch|p1a: Darkrai|Darkrai|100/100
|turn|8
|
|t:|1769331604
|switch|p2a: Primarina|Primarina, M|100/100
|move|p1a: Darkrai|Sludge Bomb|p2a: Primarina
|-supereffective|p2a: Primarina
|-crit|p2a: Primarina
|-damage|p2a: Primarina|51/100
|-status|p2a: Primarina|psn
|
|-damage|p2a: Primarina|39/100 psn|[from] psn
|upkeep
|turn|9
|
|t:|1769331609
|move|p1a: Darkrai|Sludge Bomb|p2a: Primarina
|-supereffective|p2a: Primarina
|-damage|p2a: Primarina|0 fnt
|faint|p2a: Primarina
|
|upkeep
|
|t:|1769331612
|switch|p2a: Dragapult|Dragapult, M|100/100
|turn|10
|
|t:|1769331622
|switch|p1a: Zapdos|Zapdos|94/100
|move|p2a: Dragapult|Dragon Darts|p1a: Zapdos
|-damage|p1a: Zapdos|67/100
|-anim|p2a: Dragapult|Dragon Darts|p1a: Zapdos
|-damage|p1a: Zapdos|40/100
|
|upkeep
|turn|11
|
|t:|1769331631
|move|p2a: Dragapult|Dragon Darts|p1a: Zapdos
|-damage|p1a: Zapdos|13/100
|-anim|p2a: Dragapult|Dragon Darts|p1a: Zapdos
|-damage|p1a: Zapdos|0 fnt
|faint|p1a: Zapdos
|
|upkeep
|
|t:|1769331634
|switch|p1a: Great Tusk|Great Tusk|100/100
|turn|12
|
|t:|1769331644
|switch|p2a: Landorus|Landorus-Therian, M|76/100
|-ability|p2a: Landorus|Intimidate|boost
|-unboost|p1a: Great Tusk|atk|1
|move|p1a: Great Tusk|Ice Spinner|p2a: Landorus
|-supereffective|p2a: Landorus
|-damage|p2a: Landorus|0 fnt
|-damage|p1a: Great Tusk|84/100|[from] item: Rocky Helmet|[of] p2a: Landorus
|faint|p2a: Landorus
|
|upkeep
|
|t:|1769331662
|switch|p2a: Dragapult|Dragapult, M|100/100
|turn|13
|
|t:|1769331679
|-terastallize|p2a: Dragapult|Ghost
|move|p2a: Dragapult|Dragon Darts|p1a: Great Tusk
|-damage|p1a: Great Tusk|59/100
|-anim|p2a: Dragapult|Dragon Darts|p1a: Great Tusk
|-damage|p1a: Great Tusk|34/100
|move|p1a: Great Tusk|Ice Spinner|p2a: Dragapult
|-damage|p2a: Dragapult|74/100
|
|upkeep
|turn|14
|c|☆higashikataYashuo|50 percent is crazy
|inactive|big blue tree has 120 seconds left.
|c|☆higashikataYashuo|big D my goat
|
|t:|1769331710
|-end|p1a: Great Tusk|Protosynthesis|[silent]
|switch|p1a: Darkrai|Darkrai|100/100
|move|p2a: Dragapult|Dragon Darts|p1a: Darkrai
|-damage|p1a: Darkrai|51/100
|-anim|p2a: Dragapult|Dragon Darts|p1a: Darkrai
|-damage|p1a: Darkrai|4/100
|
|upkeep
|turn|15
|
|t:|1769331719
|switch|p2a: Kingambit|Kingambit, F|100/100
|-activate|p2a: Kingambit|ability: Supreme Overlord
|-start|p2a: Kingambit|fallen4|[silent]
|move|p1a: Darkrai|Dark Pulse|p2a: Kingambit
|-resisted|p2a: Kingambit
|-damage|p2a: Kingambit|80/100
|
|-heal|p2a: Kingambit|86/100|[from] item: Leftovers
|upkeep
|turn|16
|
|t:|1769331726
|switch|p1a: Great Tusk|Great Tusk|34/100
|move|p2a: Kingambit|Iron Head|p1a: Great Tusk
|-damage|p1a: Great Tusk|0 fnt
|-damage|p2a: Kingambit|69/100|[from] item: Rocky Helmet|[of] p1a: Great Tusk
|faint|p1a: Great Tusk
|-end|p1a: Great Tusk|Protosynthesis|[silent]
|
|-heal|p2a: Kingambit|76/100|[from] item: Leftovers
|upkeep
|-message|big blue tree forfeited.
|
|win|higashikataYashuo
|raw|big blue tree's rating: 1317 &rarr; <strong>1299</strong><br />(-18 for losing)
|raw|higashikataYashuo's rating: 1349 &rarr; <strong>1367</strong><br />(+18 for winning)
|l|☆big blue tree
|player|p1|
