|j|☆CaraDaGeometria
|j|☆Tg%#hk46f9
|t:|1769406089
|gametype|singles
|player|p1|CaraDaGeometria|170|1142
|player|p2|Tg%#hk46f9|rosa-masters|1172
|gen|9
|tier|[Gen 9] OU
|rated|
|rule|HP Percentage Mod: HP is shown in percentages
|rule|Endless Battle Clause: Forcing endless battles is banned
|rule|Species Clause: Limit one of each Pokémon
|rule|OHKO Clause: OHKO moves are banned
|rule|Evasion Items Clause: Evasion items are banned
|rule|Evasion Moves Clause: Evasion moves are banned
|rule|Evasion Abilities Clause: Evasion abilities are banned
|rule|Sleep Moves Clause: Sleep-inducing moves are banned
|clearpoke
|poke|p1|Donphan, M|
|poke|p1|Keldeo-Resolute|
|poke|p1|Thundurus, M|
|poke|p1|Hydrapple, M|
|poke|p1|Metagross|
|poke|p1|Conkeldurr, M|
|poke|p2|Volcanion|
|poke|p2|Kyurem|
|poke|p2|Rillaboom, M|
|poke|p2|Gholdengo|
|poke|p2|Great Tusk|
|poke|p2|Samurott-Hisui, F|
|teampreview
|inactive|Battle timer is ON: inactive players will automatically lose when time's up. (requested by Tg%#hk46f9)
|
|t:|1769406101
|teamsize|p1|6
|teamsize|p2|6
|start
|switch|p1a: Hydrapple|Hydrapple, M|100/100
|switch|p2a: Samurott|Samurott-Hisui, F|100/100
|turn|1
|
|t:|1769406115
|move|p2a: Samurott|Ceaseless Edge|p1a: Hydrapple
|-damage|p1a: Hydrapple|74/100
|-sidestart|p1: CaraDaGeometria|Spikes
|move|p1a: Hydrapple|Nasty Plot|p1a: Hydrapple
|-boost|p1a: Hydrapple|spa|2
|
|upkeep
|turn|2
|
|t:|1769406123
|move|p2a: Samurott|Knock Off|p1a: Hydrapple
|-damage|p1a: Hydrapple|50/100
|-enditem|p1a: Hydrapple|Heavy-Duty Boots|[from] move: Knock Off|[of] p2a: Samurott
|move|p1a: Hydrapple|Fickle Beam|p2a: Samurott
|-damage|p2a: Samurott|52/100
|
|upkeep
|turn|3
|
|t:|1769406132
|move|p2a: Samurott|Ceaseless Edge|p1a: Hydrapple
|-damage|p1a: Hydrapple|21/100
|-sidestart|p1: CaraDaGeometria|Spikes
|move|p1a: Hydrapple|Recover|p1a: Hydrapple
|-heal|p1a: Hydrapple|71/100
|
|upkeep
|turn|4
|
|t:|1769406136
|move|p2a: Samurott|Ceaseless Edge|p1a: Hydrapple
|-damage|p1a: Hydrapple|45/100
|-sidestart|p1: CaraDaGeometria|Spikes
|move|p1a: Hydrapple|Fickle Beam|p2a: Samurott|[anim] Fickle Beam All Out
|-activate|p1a: Hydrapple|move: Fickle Beam
|-damage|p2a: Samurott|0 fnt
|faint|p2a: Samurott
|
|upkeep
|
|t:|1769406148
|switch|p2a: Kyurem|Kyurem|100/100
|-ability|p2a: Kyurem|Pressure
|turn|5
|
|t:|1769406159
|move|p2a: Kyurem|Substitute|p2a: Kyurem
|-start|p2a: Kyurem|Substitute
|-damage|p2a: Kyurem|76/100
|move|p1a: Hydrapple|Fickle Beam|p2a: Kyurem|[anim] Fickle Beam All Out
|-activate|p1a: Hydrapple|move: Fickle Beam
|-supereffective|p2a: Kyurem
|-end|p2a: Kyurem|Substitute
|
|upkeep
|turn|6
|
|t:|1769406162
|move|p2a: Kyurem|Icicle Spear|p1a: Hydrapple
|-supereffective|p1a: Hydrapple
|-damage|p1a: Hydrapple|9/100
|-supereffective|p1a: Hydrapple
|-damage|p1a: Hydrapple|0 fnt
|faint|p1a: Hydrapple
|-hitcount|p1: Hydrapple|2
|
|upkeep
|
|t:|1769406167
|switch|p1a: Donphan|Donphan, M|100/100
|-damage|p1a: Donphan|75/100|[from] Spikes
|turn|7
|
|t:|1769406170
|move|p2a: Kyurem|Icicle Spear|p1a: Donphan
|-supereffective|p1a: Donphan
|-damage|p1a: Donphan|60/100
|-supereffective|p1a: Donphan
|-damage|p1a: Donphan|44/100
|-supereffective|p1a: Donphan
|-damage|p1a: Donphan|28/100
|-supereffective|p1a: Donphan
|-damage|p1a: Donphan|14/100
|-hitcount|p1a: Donphan|4
|move|p1a: Donphan|Rapid Spin|p2a: Kyurem
|-damage|p2a: Kyurem|63/100
|-boost|p1a: Donphan|spe|1
|-sideend|p1: CaraDaGeometria|Spikes|[from] move: Rapid Spin|[of] p1a: Donphan
|
|-heal|p1a: Donphan|20/100|[from] item: Leftovers
|upkeep
|turn|8
|
|t:|1769406185
|move|p2a: Kyurem|Dragon Dance|p2a: Kyurem
|-boost|p2a: Kyurem|atk|1
|-boost|p2a: Kyurem|spe|1
|move|p1a: Donphan|Stealth Rock|p2a: Kyurem
|-sidestart|p2: Tg%#hk46f9|move: Stealth Rock
|
|-heal|p1a: Donphan|26/100|[from] item: Leftovers
|upkeep
|turn|9
|
|t:|1769406193
|move|p2a: Kyurem|Icicle Spear|p1a: Donphan
|-supereffective|p1a: Donphan
|-damage|p1a: Donphan|1/100
|-supereffective|p1a: Donphan
|-damage|p1a: Donphan|0 fnt
|faint|p1a: Donphan
|-hitcount|p1: Donphan|2
|
|upkeep
|
|t:|1769406202
|switch|p1a: Metagross|Metagross|100/100
|turn|10
|
|t:|1769406227
|-terastallize|p2a: Kyurem|Fire
|move|p2a: Kyurem|Dragon Dance|p2a: Kyurem
|-boost|p2a: Kyurem|atk|1
|-boost|p2a: Kyurem|spe|1
|move|p1a: Metagross|Trick|p2a: Kyurem
|-activate|p1a: Metagross|move: Trick|[of] p2a: Kyurem
|-item|p2a: Kyurem|Choice Scarf|[from] move: Trick
|-item|p1a: Metagross|Loaded Dice|[from] move: Trick
|
|upkeep
|turn|11
|
|t:|1769406235
|move|p2a: Kyurem|Tera Blast|p1a: Metagross|[anim] Tera Blast Fire
|-supereffective|p1a: Metagross
|-damage|p1a: Metagross|0 fnt
|faint|p1a: Metagross
|
|upkeep
|
|t:|1769406241
|switch|p1a: Keldeo|Keldeo-Resolute|100/100
|turn|12
|
|t:|1769406248
|-terastallize|p1a: Keldeo|Water
|move|p2a: Kyurem|Tera Blast|p1a: Keldeo|[anim] Tera Blast Fire
|-resisted|p1a: Keldeo
|-damage|p1a: Keldeo|55/100
|move|p1a: Keldeo|Surf|p2a: Kyurem
|-supereffective|p2a: Kyurem
|-crit|p2a: Kyurem
|-damage|p2a: Kyurem|0 fnt
|faint|p2a: Kyurem
|
|upkeep
|
|t:|1769406254
|switch|p2a: Rillaboom|Rillaboom, M|100/100
|-damage|p2a: Rillaboom|88/100|[from] Stealth Rock
|-fieldstart|move: Grassy Terrain|[from] ability: Grassy Surge|[of] p2a: Rillaboom
|turn|13
|
|t:|1769406262
|switch|p1a: Conkeldurr|Conkeldurr, M|100/100
|move|p2a: Rillaboom|Grassy Glide|p1a: Conkeldurr
|-damage|p1a: Conkeldurr|42/100
|
|-heal|p2a: Rillaboom|94/100|[from] Grassy Terrain
|-heal|p1a: Conkeldurr|48/100|[from] Grassy Terrain
|upkeep
|turn|14
|
|t:|1769406267
|move|p2a: Rillaboom|Grassy Glide|p1a: Conkeldurr
|-damage|p1a: Conkeldurr|0 fnt
|faint|p1a: Conkeldurr
|
|-heal|p2a: Rillaboom|100/100|[from] Grassy Terrain
|upkeep
|
|t:|1769406271
|switch|p1a: Thundurus|Thundurus, M|100/100
|turn|15
|
|t:|1769406273
|move|p1a: Thundurus|Thunder Wave|p2a: Rillaboom
|-status|p2a: Rillaboom|par
|move|p2a: Rillaboom|Grassy Glide|p1a: Thundurus
|-resisted|p1a: Thundurus
|-damage|p1a: Thundurus|51/100
|
|upkeep
|turn|16
|
|t:|1769406277
|cant|p2a: Rillaboom|par
|move|p1a: Thundurus|Knock Off|p2a: Rillaboom
|-damage|p2a: Rillaboom|74/100 par
|-enditem|p2a: Rillaboom|Choice Band|[from] move: Knock Off|[of] p1a: Thundurus
|
|-heal|p2a: Rillaboom|80/100 par|[from] Grassy Terrain
|upkeep
|turn|17
|
|t:|1769406287
|move|p1a: Thundurus|Focus Blast|p2a: Rillaboom|[miss]
|-miss|p1a: Thundurus|p2a: Rillaboom
|cant|p2a: Rillaboom|par
|
|-heal|p2a: Rillaboom|86/100 par|[from] Grassy Terrain
|-fieldend|move: Grassy Terrain
|upkeep
|turn|18
|
|t:|1769406292
|move|p1a: Thundurus|Focus Blast|p2a: Rillaboom|[miss]
|-miss|p1a: Thundurus|p2a: Rillaboom
|move|p2a: Rillaboom|Knock Off|p1a: Thundurus
|-damage|p1a: Thundurus|0 fnt
|-enditem|p1a: Thundurus|Heavy-Duty Boots|[from] move: Knock Off|[of] p2a: Rillaboom
|faint|p1a: Thundurus
|
|upkeep
|
|t:|1769406299
|switch|p1a: Keldeo|Keldeo-Resolute, tera:Water|55/100
|turn|19
|
|t:|1769406312
|move|p1a: Keldeo|Surf|p2a: Rillaboom
|-resisted|p2a: Rillaboom
|-damage|p2a: Rillaboom|25/100 par
|move|p2a: Rillaboom|Wood Hammer|p1a: Keldeo
|-supereffective|p1a: Keldeo
|-damage|p1a: Keldeo|0 fnt
|faint|p1a: Keldeo
|-damage|p2a: Rillaboom|8/100 par|[from] Recoil
|
|win|Tg%#hk46f9
|raw|CaraDaGeometria's rating: 1142 &rarr; <strong>1119</strong><br />(-23 for losing)
|raw|Tg%#hk46f9's rating: 1172 &rarr; <strong>1195</strong><br />(+23 for winning)
|l|☆Tg%#hk46f9
|player|p2|
|l|☆CaraDaGeometria
|player|p1|
