|j|☆veneno3
|j|☆Jahkem
|t:|1769399152
|gametype|singles
|player|p1|veneno3|galacticgrunt|1691
|player|p2|Jahkem|morty-masters|1660
|gen|9
|tier|[Gen 9] OU
|rated|
|rule|HP Percentage Mod: HP is shown in percentages
|rule|Endless Battle Clause: Forcing endless battles is banned
|rule|Species Clause: Limit one of each Pokémon
|rule|OHKO Clause: OHKO moves are banned
|rule|Evasion Items Clause: Evasion items are banned
|rule|Evasion Moves Clause: Evasion moves are banned
|rule|Evasion Abilities Clause: Evasion abilities are banned
|rule|Sleep Moves Clause: Sleep-inducing moves are banned
|clearpoke
|poke|p1|Great Tusk|
|poke|p1|Diancie|
|poke|p1|Raging Bolt|
|poke|p1|Pecharunt|
|poke|p1|Cinderace, F|
|poke|p1|Dragonite, F|
|poke|p2|Alomomola, M|
|poke|p2|Weezing-Galar, M|
|poke|p2|Gliscor, M|
|poke|p2|Corviknight, M|
|poke|p2|Ogerpon, F|
|poke|p2|Darkrai|
|teampreview
|
|t:|1769399201
|teamsize|p1|6
|teamsize|p2|6
|start
|switch|p1a: Diancie|Diancie|100/100
|switch|p2a: Gliscor|Gliscor, M|100/100
|turn|1
|
|t:|1769399206
|move|p2a: Gliscor|Toxic|p1a: Diancie
|-status|p1a: Diancie|tox
|move|p1a: Diancie|Stealth Rock|p2a: Gliscor
|-sidestart|p2: Jahkem|move: Stealth Rock
|
|-damage|p1a: Diancie|95/100 tox|[from] psn
|-status|p2a: Gliscor|tox|[from] item: Toxic Orb
|upkeep
|turn|2
|
|t:|1769399212
|move|p2a: Gliscor|Stealth Rock|p1a: Diancie
|-sidestart|p1: veneno3|move: Stealth Rock
|move|p1a: Diancie|Moonblast|p2a: Gliscor
|-damage|p2a: Gliscor|61/100 tox
|
|-heal|p2a: Gliscor|74/100 tox|[from] ability: Poison Heal
|-damage|p1a: Diancie|83/100 tox|[from] psn
|upkeep
|turn|3
|
|t:|1769399217
|move|p2a: Gliscor|Protect|p2a: Gliscor
|-singleturn|p2a: Gliscor|Protect
|move|p1a: Diancie|Moonblast|p2a: Gliscor
|-activate|p2a: Gliscor|move: Protect
|
|-heal|p2a: Gliscor|86/100 tox|[from] ability: Poison Heal
|-damage|p1a: Diancie|65/100 tox|[from] psn
|upkeep
|turn|4
|
|t:|1769399219
|move|p2a: Gliscor|Earthquake|p1a: Diancie
|-supereffective|p1a: Diancie
|-damage|p1a: Diancie|15/100 tox
|move|p1a: Diancie|Endeavor|p2a: Gliscor
|-damage|p2a: Gliscor|13/100 tox
|
|-heal|p2a: Gliscor|25/100 tox|[from] ability: Poison Heal
|-damage|p1a: Diancie|0 fnt|[from] psn
|faint|p1a: Diancie
|upkeep
|
|t:|1769399225
|switch|p1a: Pecharunt|Pecharunt|100/100
|-damage|p1a: Pecharunt|88/100|[from] Stealth Rock
|-item|p1a: Pecharunt|Air Balloon
|turn|5
|
|t:|1769399230
|move|p2a: Gliscor|Protect|p2a: Gliscor
|-singleturn|p2a: Gliscor|Protect
|move|p1a: Pecharunt|Nasty Plot|p1a: Pecharunt
|-boost|p1a: Pecharunt|spa|2
|
|-heal|p2a: Gliscor|38/100 tox|[from] ability: Poison Heal
|upkeep
|turn|6
|
|t:|1769399234
|switch|p2a: Corviknight|Corviknight, M|100/100
|-damage|p2a: Corviknight|88/100|[from] Stealth Rock
|-ability|p2a: Corviknight|Pressure
|move|p1a: Pecharunt|Shadow Ball|p2a: Corviknight
|-damage|p2a: Corviknight|47/100
|
|-heal|p2a: Corviknight|53/100|[from] item: Leftovers
|upkeep
|turn|7
|
|t:|1769399243
|move|p1a: Pecharunt|Shadow Ball|p2a: Corviknight
|-damage|p2a: Corviknight|8/100
|move|p2a: Corviknight|Roost|p2a: Corviknight
|-heal|p2a: Corviknight|58/100
|-singleturn|p2a: Corviknight|move: Roost
|
|-heal|p2a: Corviknight|64/100|[from] item: Leftovers
|upkeep
|turn|8
|
|t:|1769399250
|switch|p1a: Raging Bolt|Raging Bolt|100/100
|-damage|p1a: Raging Bolt|88/100|[from] Stealth Rock
|-enditem|p1a: Raging Bolt|Booster Energy
|-activate|p1a: Raging Bolt|ability: Protosynthesis|[fromitem]
|-start|p1a: Raging Bolt|protosynthesisspa
|move|p2a: Corviknight|Roost|p2a: Corviknight
|-heal|p2a: Corviknight|100/100
|-singleturn|p2a: Corviknight|move: Roost
|
|upkeep
|turn|9
|
|t:|1769399255
|move|p1a: Raging Bolt|Thunderbolt|p2a: Corviknight
|-supereffective|p2a: Corviknight
|-damage|p2a: Corviknight|7/100
|-status|p2a: Corviknight|par
|cant|p2a: Corviknight|par
|
|-heal|p2a: Corviknight|13/100 par|[from] item: Leftovers
|upkeep
|turn|10
|
|t:|1769399262
|move|p1a: Raging Bolt|Dragon Pulse|p2a: Corviknight
|-resisted|p2a: Corviknight
|-damage|p2a: Corviknight|0 fnt
|faint|p2a: Corviknight
|
|upkeep
|
|t:|1769399272
|switch|p2a: Darkrai|Darkrai|100/100
|-damage|p2a: Darkrai|88/100|[from] Stealth Rock
|turn|11
|
|t:|1769399280
|-end|p1a: Raging Bolt|Protosynthesis|[silent]
|switch|p1a: Cinderace|Cinderace, F|100/100
|-damage|p1a: Cinderace|76/100|[from] Stealth Rock
|move|p2a: Darkrai|Ice Beam|p1a: Cinderace
|-resisted|p1a: Cinderace
|-damage|p1a: Cinderace|41/100
|
|upkeep
|turn|12
|
|t:|1769399291
|switch|p2a: Weezing|Weezing-Galar, M|100/100
|-ability|p2a: Weezing|Neutralizing Gas
|-damage|p2a: Weezing|88/100|[from] Stealth Rock
|switch|p1a: Great Tusk|Great Tusk|100/100
|-damage|p1a: Great Tusk|98/100|[from] Stealth Rock
|
|-heal|p2a: Weezing|94/100|[from] item: Leftovers
|upkeep
|turn|13
|
|t:|1769399302
|-end|p1a: Great Tusk|Protosynthesis|[silent]
|switch|p1a: Raging Bolt|Raging Bolt|88/100
|-damage|p1a: Raging Bolt|76/100|[from] Stealth Rock
|move|p2a: Weezing|Will-O-Wisp|p1a: Raging Bolt
|-status|p1a: Raging Bolt|brn
|
|-heal|p2a: Weezing|99/100|[from] item: Leftovers
|-damage|p1a: Raging Bolt|70/100 brn|[from] brn
|upkeep
|turn|14
|
|t:|1769399312
|move|p1a: Raging Bolt|Thunderbolt|p2a: Weezing
|-damage|p2a: Weezing|21/100
|move|p2a: Weezing|Sludge Bomb|p1a: Raging Bolt
|-damage|p1a: Raging Bolt|46/100 brn
|
|-heal|p2a: Weezing|27/100|[from] item: Leftovers
|-damage|p1a: Raging Bolt|40/100 brn|[from] brn
|upkeep
|turn|15
|
|t:|1769399324
|move|p1a: Raging Bolt|Dragon Pulse|p2a: Weezing
|-immune|p2a: Weezing
|move|p2a: Weezing|Sludge Bomb|p1a: Raging Bolt
|-damage|p1a: Raging Bolt|17/100 brn
|
|-heal|p2a: Weezing|33/100|[from] item: Leftovers
|-damage|p1a: Raging Bolt|11/100 brn|[from] brn
|upkeep
|turn|16
|
|t:|1769399336
|-end|p2a: Weezing|ability: Neutralizing Gas
|switch|p2a: Gliscor|Gliscor, M|38/100 tox
|-damage|p2a: Gliscor|25/100 tox|[from] Stealth Rock
|move|p1a: Raging Bolt|Thunderbolt|p2a: Gliscor
|-immune|p2a: Gliscor
|
|-heal|p2a: Gliscor|38/100 tox|[from] ability: Poison Heal
|-damage|p1a: Raging Bolt|5/100 brn|[from] brn
|upkeep
|turn|17
|
|t:|1769399342
|-end|p1a: Raging Bolt|Protosynthesis|[silent]
|switch|p1a: Pecharunt|Pecharunt|88/100
|-damage|p1a: Pecharunt|76/100|[from] Stealth Rock
|-item|p1a: Pecharunt|Air Balloon
|move|p2a: Gliscor|Protect||[still]
|-fail|p2a: Gliscor
|
|-heal|p2a: Gliscor|50/100 tox|[from] ability: Poison Heal
|upkeep
|turn|18
|
|t:|1769399351
|switch|p2a: Darkrai|Darkrai|88/100
|-damage|p2a: Darkrai|76/100|[from] Stealth Rock
|move|p1a: Pecharunt|Malignant Chain|p2a: Darkrai
|-damage|p2a: Darkrai|26/100
|
|upkeep
|turn|19
|
|t:|1769399355
|switch|p1a: Raging Bolt|Raging Bolt|5/100 brn
|-damage|p1a: Raging Bolt|0 fnt|[from] Stealth Rock
|faint|p1a: Raging Bolt
|-end|p1a: Raging Bolt|Protosynthesis|[silent]
|move|p2a: Darkrai|Dark Pulse|p1: Raging Bolt|[notarget]
|-fail|p2a: Darkrai
|
|upkeep
|
|t:|1769399357
|switch|p1a: Great Tusk|Great Tusk|98/100
|-damage|p1a: Great Tusk|95/100|[from] Stealth Rock
|-enditem|p1a: Great Tusk|Booster Energy
|-activate|p1a: Great Tusk|ability: Protosynthesis|[fromitem]
|-start|p1a: Great Tusk|protosynthesisspe
|turn|20
|
|t:|1769399361
|switch|p2a: Alomomola|Alomomola, M|100/100
|-damage|p2a: Alomomola|88/100|[from] Stealth Rock
|move|p1a: Great Tusk|Rapid Spin|p2a: Alomomola
|-crit|p2a: Alomomola
|-damage|p2a: Alomomola|76/100
|-boost|p1a: Great Tusk|spe|1
|-damage|p1a: Great Tusk|78/100|[from] item: Rocky Helmet|[of] p2a: Alomomola
|-sideend|p1: veneno3|Stealth Rock|[from] move: Rapid Spin|[of] p1a: Great Tusk
|
|upkeep
|turn|21
|
|t:|1769399367
|move|p1a: Great Tusk|Headlong Rush|p2a: Alomomola
|-damage|p2a: Alomomola|49/100
|-unboost|p1a: Great Tusk|def|1
|-unboost|p1a: Great Tusk|spd|1
|-damage|p1a: Great Tusk|61/100|[from] item: Rocky Helmet|[of] p2a: Alomomola
|move|p2a: Alomomola|Wish|p2a: Alomomola
|
|upkeep
|turn|22
|
|t:|1769399375
|move|p1a: Great Tusk|Headlong Rush|p2a: Alomomola
|-damage|p2a: Alomomola|21/100
|-unboost|p1a: Great Tusk|def|1
|-unboost|p1a: Great Tusk|spd|1
|-damage|p1a: Great Tusk|45/100|[from] item: Rocky Helmet|[of] p2a: Alomomola
|move|p2a: Alomomola|Flip Turn|p1a: Great Tusk
|-supereffective|p1a: Great Tusk
|-damage|p1a: Great Tusk|2/100
|
|t:|1769399388
|switch|p2a: Darkrai|Darkrai|26/100|[from] Flip Turn
|-damage|p2a: Darkrai|14/100|[from] Stealth Rock
|
|-heal|p2a: Darkrai|100/100|[from] move: Wish|[wisher] Alomomola
|upkeep
|turn|23
|
|t:|1769399399
|switch|p2a: Alomomola|Alomomola, M|54/100
|-damage|p2a: Alomomola|42/100|[from] Stealth Rock
|move|p1a: Great Tusk|Ice Spinner|p2a: Alomomola
|-resisted|p2a: Alomomola
|-damage|p2a: Alomomola|35/100
|-damage|p1a: Great Tusk|0 fnt|[from] item: Rocky Helmet|[of] p2a: Alomomola
|faint|p1a: Great Tusk
|-end|p1a: Great Tusk|Protosynthesis|[silent]
|
|upkeep
|
|t:|1769399402
|switch|p1a: Pecharunt|Pecharunt|76/100
|-item|p1a: Pecharunt|Air Balloon
|turn|24
|j| tars0
|
|t:|1769399414
|switch|p2a: Ogerpon|Ogerpon, F|100/100
|-damage|p2a: Ogerpon|88/100|[from] Stealth Rock
|move|p1a: Pecharunt|Malignant Chain|p2a: Ogerpon
|-supereffective|p2a: Ogerpon
|-damage|p2a: Ogerpon|0 fnt
|faint|p2a: Ogerpon
|
|upkeep
|
|t:|1769399416
|switch|p2a: Darkrai|Darkrai|100/100
|-damage|p2a: Darkrai|88/100|[from] Stealth Rock
|turn|25
|
|t:|1769399423
|switch|p1a: Cinderace|Cinderace, F|41/100
|-terastallize|p2a: Darkrai|Dark
|move|p2a: Darkrai|Dark Pulse|p1a: Cinderace
|-damage|p1a: Cinderace|0 fnt
|faint|p1a: Cinderace
|
|upkeep
|
|t:|1769399426
|switch|p1a: Dragonite|Dragonite, F|100/100
|turn|26
|
|t:|1769399432
|switch|p2a: Alomomola|Alomomola, M|69/100
|-damage|p2a: Alomomola|56/100|[from] Stealth Rock
|move|p1a: Dragonite|Dragon Dance|p1a: Dragonite
|-boost|p1a: Dragonite|atk|1
|-boost|p1a: Dragonite|spe|1
|
|upkeep
|turn|27
|
|t:|1769399438
|switch|p2a: Weezing|Weezing-Galar, M|33/100
|-ability|p2a: Weezing|Neutralizing Gas
|-damage|p2a: Weezing|21/100|[from] Stealth Rock
|move|p1a: Dragonite|Scale Shot|p2a: Weezing
|-immune|p2a: Weezing
|
|-heal|p2a: Weezing|27/100|[from] item: Leftovers
|upkeep
|turn|28
|
|t:|1769399443
|-terastallize|p1a: Dragonite|Fire
|move|p1a: Dragonite|Dragon Dance|p1a: Dragonite
|-boost|p1a: Dragonite|atk|1
|-boost|p1a: Dragonite|spe|1
|move|p2a: Weezing|Will-O-Wisp|p1a: Dragonite
|-immune|p1a: Dragonite
|
|-heal|p2a: Weezing|33/100|[from] item: Leftovers
|upkeep
|turn|29
|
|t:|1769399447
|move|p1a: Dragonite|Dragon Dance|p1a: Dragonite
|-boost|p1a: Dragonite|atk|1
|-boost|p1a: Dragonite|spe|1
|move|p2a: Weezing|Sludge Bomb|p1a: Dragonite
|-damage|p1a: Dragonite|74/100
|
|-heal|p2a: Weezing|39/100|[from] item: Leftovers
|upkeep
|turn|30
|j| Ssul
|
|t:|1769399451
|-end|p2a: Weezing|ability: Neutralizing Gas
|switch|p2a: Alomomola|Alomomola, M|90/100
|-damage|p2a: Alomomola|77/100|[from] Stealth Rock
|move|p1a: Dragonite|Fire Punch|p2a: Alomomola
|-resisted|p2a: Alomomola
|-damage|p2a: Alomomola|47/100
|-damage|p1a: Dragonite|58/100|[from] item: Rocky Helmet|[of] p2a: Alomomola
|
|upkeep
|turn|31
|l| Ssul
|
|t:|1769399466
|move|p1a: Dragonite|Scale Shot|p2a: Alomomola
|-damage|p2a: Alomomola|29/100
|-damage|p2a: Alomomola|7/100
|-damage|p2a: Alomomola|0 fnt
|faint|p2a: Alomomola
|-hitcount|p2: Alomomola|3
|-unboost|p1a: Dragonite|def|1
|-boost|p1a: Dragonite|spe|1
|
|upkeep
|
|t:|1769399475
|switch|p2a: Gliscor|Gliscor, M|50/100 tox
|-damage|p2a: Gliscor|38/100 tox|[from] Stealth Rock
|turn|32
|
|t:|1769399479
|move|p1a: Dragonite|Fire Punch|p2a: Gliscor
|-damage|p2a: Gliscor|0 fnt
|faint|p2a: Gliscor
|
|upkeep
|
|t:|1769399481
|switch|p2a: Darkrai|Darkrai, tera:Dark|88/100
|-damage|p2a: Darkrai|76/100|[from] Stealth Rock
|turn|33
|
|t:|1769399484
|move|p1a: Dragonite|Fire Punch|p2a: Darkrai
|-damage|p2a: Darkrai|0 fnt
|faint|p2a: Darkrai
|
|upkeep
|j| FaronAan
|
|t:|1769399487
|switch|p2a: Weezing|Weezing-Galar, M|39/100
|-ability|p2a: Weezing|Neutralizing Gas
|-damage|p2a: Weezing|26/100|[from] Stealth Rock
|turn|34
|
|t:|1769399488
|move|p1a: Dragonite|Fire Punch|p2a: Weezing
|-crit|p2a: Weezing
|-damage|p2a: Weezing|0 fnt
|faint|p2a: Weezing
|-end|p2a: Weezing|ability: Neutralizing Gas
|
|win|veneno3
|raw|veneno3's rating: 1691 &rarr; <strong>1709</strong><br />(+18 for winning)
|raw|Jahkem's rating: 1660 &rarr; <strong>1642</strong><br />(-18 for losing)
|l|☆Jahkem
|player|p2|
