|j|☆srgshowdownedition
|j|☆hypergamer_2422
|t:|1769297790
|gametype|singles
|player|p1|srgshowdownedition|allister|
|player|p2|hypergamer_2422|pokemaniac|
|gen|9
|tier|[Gen 9] OU
|rule|HP Percentage Mod: HP is shown in percentages
|rule|Endless Battle Clause: Forcing endless battles is banned
|rule|Species Clause: Limit one of each Pokémon
|rule|OHKO Clause: OHKO moves are banned
|rule|Evasion Items Clause: Evasion items are banned
|rule|Evasion Moves Clause: Evasion moves are banned
|rule|Evasion Abilities Clause: Evasion abilities are banned
|rule|Sleep Moves Clause: Sleep-inducing moves are banned
|clearpoke
|poke|p1|Azumarill, F|
|poke|p1|Dragapult, M|
|poke|p1|Kingambit, F|
|poke|p1|Blaziken, M|
|poke|p1|Zapdos|
|poke|p1|Clodsire, M|
|poke|p2|Gholdengo|
|poke|p2|Darkrai|
|poke|p2|Clefable, F|
|poke|p2|Ting-Lu|
|poke|p2|Pecharunt|
|poke|p2|Garchomp, F|
|teampreview
|
|t:|1769297805
|teamsize|p1|6
|teamsize|p2|6
|start
|switch|p1a: Cloddy|Clodsire, M|100/100
|switch|p2a: Ting-Lu|Ting-Lu|100/100
|-ability|p2a: Ting-Lu|Vessel of Ruin
|turn|1
|
|t:|1769297814
|move|p2a: Ting-Lu|Stealth Rock|p1a: Cloddy
|-sidestart|p1: srgshowdownedition|move: Stealth Rock
|move|p1a: Cloddy|Stealth Rock|p2a: Ting-Lu
|-sidestart|p2: hypergamer_2422|move: Stealth Rock
|
|upkeep
|turn|2
|
|t:|1769297819
|move|p2a: Ting-Lu|Spikes|p1a: Cloddy
|-sidestart|p1: srgshowdownedition|Spikes
|move|p1a: Cloddy|Toxic|p2a: Ting-Lu
|-status|p2a: Ting-Lu|tox
|
|-damage|p2a: Ting-Lu|94/100 tox|[from] psn
|upkeep
|turn|3
|
|t:|1769297828
|move|p2a: Ting-Lu|Spikes|p1a: Cloddy
|-sidestart|p1: srgshowdownedition|Spikes
|move|p1a: Cloddy|Earthquake|p2a: Ting-Lu
|-damage|p2a: Ting-Lu|81/100 tox
|-enditem|p2a: Ting-Lu|Red Card|[of] p1a: Cloddy
|drag|p1a: Zappy|Zapdos|100/100
|
|-damage|p2a: Ting-Lu|68/100 tox|[from] psn
|upkeep
|turn|4
|
|t:|1769297841
|move|p1a: Zappy|Hurricane|p2a: Ting-Lu|[miss]
|-miss|p1a: Zappy|p2a: Ting-Lu
|move|p2a: Ting-Lu|Whirlwind|p1a: Zappy
|drag|p1a: Kingy|Kingambit, F|100/100
|-damage|p1a: Kingy|94/100|[from] Stealth Rock
|-damage|p1a: Kingy|78/100|[from] Spikes
|
|-heal|p1a: Kingy|84/100|[from] item: Leftovers
|-damage|p2a: Ting-Lu|50/100 tox|[from] psn
|upkeep
|turn|5
|
|t:|1769297857
|-end|p1a: Kingy|fallenundefined|[silent]
|switch|p1a: Azzy|Azumarill, F|100/100
|-damage|p1a: Azzy|88/100|[from] Stealth Rock
|-damage|p1a: Azzy|72/100|[from] Spikes
|move|p2a: Ting-Lu|Spikes|p1a: Azzy
|-sidestart|p1: srgshowdownedition|Spikes
|
|-damage|p2a: Ting-Lu|25/100 tox|[from] psn
|upkeep
|turn|6
|
|t:|1769297879
|switch|p2a: Pecharunt|Pecharunt|100/100
|move|p1a: Azzy|Aqua Jet|p2a: Pecharunt
|-damage|p2a: Pecharunt|84/100
|
|upkeep
|turn|7
|
|t:|1769297891
|switch|p1a: Cloddy|Clodsire, M|100/100
|move|p2a: Pecharunt|Malignant Chain|p1a: Cloddy
|-resisted|p1a: Cloddy
|-damage|p1a: Cloddy|96/100
|
|upkeep
|turn|8
|
|t:|1769297907
|switch|p2a: Clefable|Clefable, F|100/100
|move|p1a: Cloddy|Earthquake|p2a: Clefable
|-damage|p2a: Clefable|71/100
|
|upkeep
|turn|9
|
|t:|1769297914
|move|p2a: Clefable|Flamethrower|p1a: Cloddy
|-damage|p1a: Cloddy|80/100
|move|p1a: Cloddy|Toxic|p2a: Clefable
|-status|p2a: Clefable|tox
|
|upkeep
|turn|10
|
|t:|1769297930
|move|p2a: Clefable|Calm Mind|p2a: Clefable
|-boost|p2a: Clefable|spa|1
|-boost|p2a: Clefable|spd|1
|move|p1a: Cloddy|Earthquake|p2a: Clefable
|-damage|p2a: Clefable|39/100 tox
|
|upkeep
|turn|11
|
|t:|1769297940
|move|p2a: Clefable|Moonlight|p2a: Clefable
|-heal|p2a: Clefable|89/100 tox
|move|p1a: Cloddy|Earthquake|p2a: Clefable
|-damage|p2a: Clefable|58/100 tox
|
|upkeep
|turn|12
|
|t:|1769297947
|move|p2a: Clefable|Flamethrower|p1a: Cloddy
|-damage|p1a: Cloddy|62/100
|move|p1a: Cloddy|Earthquake|p2a: Clefable
|-damage|p2a: Clefable|29/100 tox
|
|upkeep
|turn|13
|j| ILoveWater
|
|t:|1769297959
|move|p2a: Clefable|Moonlight|p2a: Clefable
|-heal|p2a: Clefable|79/100 tox
|move|p1a: Cloddy|Earthquake|p2a: Clefable
|-damage|p2a: Clefable|51/100 tox
|
|upkeep
|turn|14
|
|t:|1769297967
|move|p2a: Clefable|Calm Mind|p2a: Clefable
|-boost|p2a: Clefable|spa|1
|-boost|p2a: Clefable|spd|1
|move|p1a: Cloddy|Earthquake|p2a: Clefable
|-damage|p2a: Clefable|19/100 tox
|
|upkeep
|turn|15
|
|t:|1769297973
|move|p2a: Clefable|Moonlight|p2a: Clefable
|-heal|p2a: Clefable|69/100 tox
|move|p1a: Cloddy|Recover|p1a: Cloddy
|-heal|p1a: Cloddy|100/100
|
|upkeep
|turn|16
|
|t:|1769297978
|move|p2a: Clefable|Flamethrower|p1a: Cloddy
|-damage|p1a: Cloddy|84/100
|move|p1a: Cloddy|Earthquake|p2a: Clefable
|-damage|p2a: Clefable|41/100 tox
|
|upkeep
|turn|17
|
|t:|1769297986
|move|p2a: Clefable|Flamethrower|p1a: Cloddy
|-damage|p1a: Cloddy|68/100
|move|p1a: Cloddy|Earthquake|p2a: Clefable
|-damage|p2a: Clefable|12/100 tox
|
|upkeep
|turn|18
|
|t:|1769297992
|move|p2a: Clefable|Moonlight|p2a: Clefable
|-heal|p2a: Clefable|62/100 tox
|move|p1a: Cloddy|Earthquake|p2a: Clefable
|-damage|p2a: Clefable|31/100 tox
|
|upkeep
|turn|19
|
|t:|1769297999
|move|p2a: Clefable|Flamethrower|p1a: Cloddy
|-crit|p1a: Cloddy
|-damage|p1a: Cloddy|45/100
|move|p1a: Cloddy|Earthquake|p2a: Clefable
|-damage|p2a: Clefable|2/100 tox
|
|upkeep
|turn|20
|
|t:|1769298005
|move|p2a: Clefable|Moonlight|p2a: Clefable
|-heal|p2a: Clefable|52/100 tox
|move|p1a: Cloddy|Recover|p1a: Cloddy
|-heal|p1a: Cloddy|95/100
|
|upkeep
|turn|21
|
|t:|1769298018
|switch|p2a: Ting-Lu|Ting-Lu|25/100 tox
|-damage|p2a: Ting-Lu|18/100 tox|[from] Stealth Rock
|-ability|p2a: Ting-Lu|Vessel of Ruin
|move|p1a: Cloddy|Earthquake|p2a: Ting-Lu
|-damage|p2a: Ting-Lu|4/100 tox
|
|-damage|p2a: Ting-Lu|0 fnt|[from] psn
|faint|p2a: Ting-Lu
|upkeep
|
|t:|1769298031
|switch|p2a: Darkrai|Darkrai|100/100
|turn|22
|
|t:|1769298034
|move|p2a: Darkrai|Ice Beam|p1a: Cloddy
|-supereffective|p1a: Cloddy
|-damage|p1a: Cloddy|58/100
|move|p1a: Cloddy|Toxic|p2a: Darkrai
|-status|p2a: Darkrai|tox
|
|-damage|p2a: Darkrai|94/100 tox|[from] psn
|upkeep
|turn|23
|
|t:|1769298041
|move|p2a: Darkrai|Ice Beam|p1a: Cloddy
|-supereffective|p1a: Cloddy
|-damage|p1a: Cloddy|23/100
|move|p1a: Cloddy|Recover|p1a: Cloddy
|-heal|p1a: Cloddy|73/100
|
|-damage|p2a: Darkrai|82/100 tox|[from] psn
|upkeep
|turn|24
|
|t:|1769298049
|move|p2a: Darkrai|Knock Off|p1a: Cloddy
|-damage|p1a: Cloddy|45/100
|-enditem|p1a: Cloddy|Heavy-Duty Boots|[from] move: Knock Off|[of] p2a: Darkrai
|move|p1a: Cloddy|Recover|p1a: Cloddy
|-heal|p1a: Cloddy|95/100
|
|-damage|p2a: Darkrai|64/100 tox|[from] psn
|upkeep
|turn|25
|
|t:|1769298064
|switch|p2a: Garchomp|Garchomp, F|100/100
|-damage|p2a: Garchomp|94/100|[from] Stealth Rock
|move|p1a: Cloddy|Earthquake|p2a: Garchomp
|-damage|p2a: Garchomp|68/100
|
|upkeep
|turn|26
|
|t:|1769298076
|move|p2a: Garchomp|Earthquake|p1a: Cloddy
|-supereffective|p1a: Cloddy
|-damage|p1a: Cloddy|0 fnt
|faint|p1a: Cloddy
|
|upkeep
|
|t:|1769298083
|switch|p1a: Azzy|Azumarill, F|72/100
|-damage|p1a: Azzy|59/100|[from] Stealth Rock
|-damage|p1a: Azzy|34/100|[from] Spikes
|-enditem|p1a: Azzy|Sitrus Berry|[eat]
|-heal|p1a: Azzy|59/100|[from] item: Sitrus Berry
|turn|27
|
|t:|1769298095
|switch|p2a: Clefable|Clefable, F|52/100 tox
|move|p1a: Azzy|Play Rough|p2a: Clefable
|-damage|p2a: Clefable|0 fnt
|faint|p2a: Clefable
|
|upkeep
|
|t:|1769298104
|switch|p2a: Gholdengo|Gholdengo|100/100
|-damage|p2a: Gholdengo|94/100|[from] Stealth Rock
|turn|28
|
|t:|1769298111
|-terastallize|p1a: Azzy|Water
|move|p1a: Azzy|Aqua Jet|p2a: Gholdengo
|-damage|p2a: Gholdengo|54/100
|move|p2a: Gholdengo|Make It Rain|p1a: Azzy
|-resisted|p1a: Azzy
|-damage|p1a: Azzy|28/100
|-unboost|p2a: Gholdengo|spa|1
|
|upkeep
|turn|29
|
|t:|1769298121
|switch|p2a: Garchomp|Garchomp, F|68/100
|-damage|p2a: Garchomp|62/100|[from] Stealth Rock
|move|p1a: Azzy|Liquidation|p2a: Garchomp
|-damage|p2a: Garchomp|0 fnt
|-damage|p1a: Azzy|15/100|[from] ability: Rough Skin|[of] p2a: Garchomp
|-damage|p1a: Azzy|0 fnt|[from] item: Rocky Helmet|[of] p2a: Garchomp
|faint|p2a: Garchomp
|faint|p1a: Azzy
|
|upkeep
|
|t:|1769298135
|switch|p2a: Gholdengo|Gholdengo|54/100
|switch|p1a: Zappy|Zapdos|100/100
|-damage|p2a: Gholdengo|48/100|[from] Stealth Rock
|turn|30
|
|t:|1769298144
|move|p2a: Gholdengo|Shadow Ball|p1a: Zappy
|-damage|p1a: Zappy|61/100
|move|p1a: Zappy|Discharge|p2a: Gholdengo
|-damage|p2a: Gholdengo|8/100
|
|upkeep
|turn|31
|
|t:|1769298151
|move|p2a: Gholdengo|Shadow Ball|p1a: Zappy
|-damage|p1a: Zappy|17/100
|move|p1a: Zappy|Discharge|p2a: Gholdengo
|-damage|p2a: Gholdengo|0 fnt
|faint|p2a: Gholdengo
|
|upkeep
|
|t:|1769298166
|switch|p2a: Pecharunt|Pecharunt|84/100
|turn|32
|
|t:|1769298169
|move|p2a: Pecharunt|Malignant Chain|p1a: Zappy
|-damage|p1a: Zappy|0 fnt
|faint|p1a: Zappy
|
|upkeep
|
|t:|1769298178
|switch|p1a: Blazey|Blaziken, M|100/100
|-damage|p1a: Blazey|88/100|[from] Stealth Rock
|-damage|p1a: Blazey|63/100|[from] Spikes
|turn|33
|
|t:|1769298190
|move|p2a: Pecharunt|Recover|p2a: Pecharunt
|-heal|p2a: Pecharunt|100/100
|move|p1a: Blazey|Knock Off|p2a: Pecharunt
|-supereffective|p2a: Pecharunt
|-damage|p2a: Pecharunt|46/100
|-enditem|p2a: Pecharunt|Heavy-Duty Boots|[from] move: Knock Off|[of] p1a: Blazey
|-damage|p1a: Blazey|53/100|[from] item: Life Orb
|
|-ability|p1a: Blazey|Speed Boost|boost
|-boost|p1a: Blazey|spe|1
|upkeep
|turn|34
|
|t:|1769298209
|move|p1a: Blazey|Flare Blitz|p2a: Pecharunt
|-damage|p2a: Pecharunt|0 fnt
|faint|p2a: Pecharunt
|-damage|p1a: Blazey|34/100|[from] Recoil
|-damage|p1a: Blazey|24/100|[from] item: Life Orb
|
|-ability|p1a: Blazey|Speed Boost|boost
|-boost|p1a: Blazey|spe|1
|upkeep
|
|t:|1769298217
|switch|p2a: Darkrai|Darkrai|64/100 tox
|turn|35
|
|t:|1769298225
|move|p1a: Blazey|Close Combat|p2a: Darkrai
|-supereffective|p2a: Darkrai
|-damage|p2a: Darkrai|0 fnt
|-unboost|p1a: Blazey|def|1
|-unboost|p1a: Blazey|spd|1
|faint|p2a: Darkrai
|-damage|p1a: Blazey|14/100|[from] item: Life Orb
|
|win|srgshowdownedition
|c|☆srgshowdownedition|gg
|c|☆hypergamer_2422|gg
