|j|☆Igoodnamename
|j|☆sampoke19
|t:|1769415607
|gametype|singles
|player|p1|Igoodnamename|266|1523
|player|p2|sampoke19|265|1566
|gen|9
|tier|[Gen 9] OU
|rated|
|rule|HP Percentage Mod: HP is shown in percentages
|rule|Endless Battle Clause: Forcing endless battles is banned
|rule|Species Clause: Limit one of each Pokémon
|rule|OHKO Clause: OHKO moves are banned
|rule|Evasion Items Clause: Evasion items are banned
|rule|Evasion Moves Clause: Evasion moves are banned
|rule|Evasion Abilities Clause: Evasion abilities are banned
|rule|Sleep Moves Clause: Sleep-inducing moves are banned
|clearpoke
|poke|p1|Serperior, F|
|poke|p1|Ting-Lu|
|poke|p1|Gholdengo|
|poke|p1|Skeledirge, F|
|poke|p1|Weavile, F|
|poke|p1|Moltres|
|poke|p2|Blastoise, M|
|poke|p2|Ceruledge, M|
|poke|p2|Kingambit, M|
|poke|p2|Volcanion|
|poke|p2|Great Tusk|
|poke|p2|Dragonite, F|
|teampreview
|
|t:|1769415619
|teamsize|p1|6
|teamsize|p2|6
|start
|switch|p1a: Serperior|Serperior, F|100/100
|switch|p2a: Great Tusk|Great Tusk|100/100
|-enditem|p2a: Great Tusk|Booster Energy
|-activate|p2a: Great Tusk|ability: Protosynthesis|[fromitem]
|-start|p2a: Great Tusk|protosynthesisspe
|turn|1
|
|t:|1769415627
|move|p2a: Great Tusk|Stealth Rock|p1a: Serperior
|-sidestart|p1: Igoodnamename|move: Stealth Rock
|move|p1a: Serperior|Leaf Storm|p2a: Great Tusk
|-supereffective|p2a: Great Tusk
|-damage|p2a: Great Tusk|30/100
|-boost|p1a: Serperior|spa|2
|
|upkeep
|turn|2
|
|t:|1769415634
|move|p2a: Great Tusk|Close Combat|p1a: Serperior
|-damage|p1a: Serperior|50/100
|-unboost|p2a: Great Tusk|def|1
|-unboost|p2a: Great Tusk|spd|1
|move|p1a: Serperior|Leaf Storm|p2a: Great Tusk
|-supereffective|p2a: Great Tusk
|-damage|p2a: Great Tusk|0 fnt
|-boost|p1a: Serperior|spa|2
|faint|p2a: Great Tusk
|-end|p2a: Great Tusk|Protosynthesis|[silent]
|
|upkeep
|
|t:|1769415645
|switch|p2a: Dragonite|Dragonite, F|100/100
|turn|3
|
|t:|1769415650
|move|p1a: Serperior|Glare|p2a: Dragonite
|-status|p2a: Dragonite|par
|move|p2a: Dragonite|Scale Shot|p1a: Serperior
|-damage|p1a: Serperior|37/100
|-damage|p1a: Serperior|25/100
|-damage|p1a: Serperior|11/100
|-damage|p1a: Serperior|0 fnt
|faint|p1a: Serperior
|-hitcount|p1: Serperior|4
|-unboost|p2a: Dragonite|def|1
|-boost|p2a: Dragonite|spe|1
|
|upkeep
|
|t:|1769415664
|switch|p1a: Ting-Lu|Ting-Lu, shiny|100/100
|-damage|p1a: Ting-Lu|94/100|[from] Stealth Rock
|-ability|p1a: Ting-Lu|Vessel of Ruin
|turn|4
|
|t:|1769415670
|switch|p2a: Volcanion|Volcanion|100/100
|move|p1a: Ting-Lu|Stealth Rock|p2a: Volcanion
|-sidestart|p2: sampoke19|move: Stealth Rock
|
|-heal|p1a: Ting-Lu|100/100|[from] item: Leftovers
|upkeep
|turn|5
|
|t:|1769415678
|-terastallize|p2a: Volcanion|Ground
|move|p2a: Volcanion|Steam Eruption|p1a: Ting-Lu
|-supereffective|p1a: Ting-Lu
|-damage|p1a: Ting-Lu|49/100
|move|p1a: Ting-Lu|Earthquake|p2a: Volcanion
|-damage|p2a: Volcanion|63/100
|
|-heal|p1a: Ting-Lu|55/100|[from] item: Leftovers
|upkeep
|turn|6
|
|t:|1769415689
|move|p2a: Volcanion|Steam Eruption|p1a: Ting-Lu
|-supereffective|p1a: Ting-Lu
|-damage|p1a: Ting-Lu|4/100
|move|p1a: Ting-Lu|Earthquake|p2a: Volcanion
|-damage|p2a: Volcanion|26/100
|
|-heal|p1a: Ting-Lu|11/100|[from] item: Leftovers
|upkeep
|turn|7
|
|t:|1769415698
|move|p2a: Volcanion|Steam Eruption|p1a: Ting-Lu
|-supereffective|p1a: Ting-Lu
|-damage|p1a: Ting-Lu|0 fnt
|faint|p1a: Ting-Lu
|
|upkeep
|
|t:|1769415701
|switch|p1a: Weavile|Weavile, F|100/100
|-ability|p1a: Weavile|Pressure
|turn|8
|
|t:|1769415708
|move|p2a: Volcanion|Steam Eruption|p1a: Weavile
|-damage|p1a: Weavile|25/100
|-status|p1a: Weavile|brn
|move|p1a: Weavile|Knock Off|p2a: Volcanion
|-damage|p2a: Volcanion|4/100
|-enditem|p2a: Volcanion|Choice Scarf|[from] move: Knock Off|[of] p1a: Weavile
|
|-damage|p1a: Weavile|19/100 brn|[from] brn
|upkeep
|turn|9
|
|t:|1769415720
|move|p1a: Weavile|Knock Off|p2a: Volcanion
|-damage|p2a: Volcanion|0 fnt
|faint|p2a: Volcanion
|
|-damage|p1a: Weavile|13/100 brn|[from] brn
|upkeep
|
|t:|1769415728
|switch|p2a: Blastoise|Blastoise, M, shiny|100/100
|-damage|p2a: Blastoise|88/100|[from] Stealth Rock
|turn|10
|
|t:|1769415734
|move|p1a: Weavile|Knock Off|p2a: Blastoise
|-damage|p2a: Blastoise|62/100
|-enditem|p2a: Blastoise|White Herb|[from] move: Knock Off|[of] p1a: Weavile
|move|p2a: Blastoise|Shell Smash|p2a: Blastoise
|-unboost|p2a: Blastoise|def|1
|-unboost|p2a: Blastoise|spd|1
|-boost|p2a: Blastoise|atk|2
|-boost|p2a: Blastoise|spa|2
|-boost|p2a: Blastoise|spe|2
|
|-damage|p1a: Weavile|7/100 brn|[from] brn
|upkeep
|turn|11
|
|t:|1769415745
|move|p2a: Blastoise|Ice Beam|p1a: Weavile
|-resisted|p1a: Weavile
|-damage|p1a: Weavile|0 fnt
|faint|p1a: Weavile
|
|upkeep
|
|t:|1769415748
|switch|p1a: Skeledirge|Skeledirge, F, shiny|100/100
|turn|12
|
|t:|1769415755
|-terastallize|p1a: Skeledirge|Fairy
|move|p2a: Blastoise|Hydro Pump|p1a: Skeledirge|[miss]
|-miss|p2a: Blastoise|p1a: Skeledirge
|move|p1a: Skeledirge|Torch Song|p2a: Blastoise
|-resisted|p2a: Blastoise
|-damage|p2a: Blastoise|46/100
|-boost|p1a: Skeledirge|spa|1
|
|upkeep
|turn|13
|
|t:|1769415768
|move|p2a: Blastoise|Hydro Pump|p1a: Skeledirge
|-damage|p1a: Skeledirge|66/100
|move|p1a: Skeledirge|Torch Song|p2a: Blastoise
|-resisted|p2a: Blastoise
|-damage|p2a: Blastoise|23/100
|-boost|p1a: Skeledirge|spa|1
|
|upkeep
|turn|14
|
|t:|1769415807
|move|p2a: Blastoise|Hydro Pump|p1a: Skeledirge
|-damage|p1a: Skeledirge|18/100
|move|p1a: Skeledirge|Slack Off|p1a: Skeledirge
|-heal|p1a: Skeledirge|68/100
|
|upkeep
|turn|15
|
|t:|1769415829
|move|p2a: Blastoise|Hydro Pump|p1a: Skeledirge|[miss]
|-miss|p2a: Blastoise|p1a: Skeledirge
|move|p1a: Skeledirge|Slack Off|p1a: Skeledirge
|-heal|p1a: Skeledirge|100/100
|
|upkeep
|turn|16
|
|t:|1769415836
|move|p2a: Blastoise|Hydro Pump|p1a: Skeledirge
|-damage|p1a: Skeledirge|51/100
|move|p1a: Skeledirge|Torch Song|p2a: Blastoise
|-resisted|p2a: Blastoise
|-damage|p2a: Blastoise|0 fnt
|-boost|p1a: Skeledirge|spa|1
|faint|p2a: Blastoise
|
|upkeep
|
|t:|1769415845
|switch|p2a: Kingambit|Kingambit, M|100/100
|-damage|p2a: Kingambit|94/100|[from] Stealth Rock
|-activate|p2a: Kingambit|ability: Supreme Overlord
|-start|p2a: Kingambit|fallen3|[silent]
|turn|17
|
|t:|1769415881
|move|p1a: Skeledirge|Will-O-Wisp|p2a: Kingambit
|-status|p2a: Kingambit|brn
|move|p2a: Kingambit|Iron Head|p1a: Skeledirge
|-supereffective|p1a: Skeledirge
|-damage|p1a: Skeledirge|0 fnt
|faint|p1a: Skeledirge
|
|-damage|p2a: Kingambit|88/100 brn|[from] brn
|upkeep
|
|t:|1769415888
|switch|p1a: Moltres|Moltres|100/100
|turn|18
|
|t:|1769415895
|move|p1a: Moltres|Flamethrower|p2a: Kingambit
|-supereffective|p2a: Kingambit
|-damage|p2a: Kingambit|26/100 brn
|-enditem|p2a: Kingambit|Sitrus Berry|[eat]
|-heal|p2a: Kingambit|51/100 brn|[from] item: Sitrus Berry
|move|p2a: Kingambit|Kowtow Cleave|p1a: Moltres
|-damage|p1a: Moltres|80/100
|
|-damage|p2a: Kingambit|45/100 brn|[from] brn
|upkeep
|turn|19
|
|t:|1769415907
|move|p1a: Moltres|Flamethrower|p2a: Kingambit
|-supereffective|p2a: Kingambit
|-damage|p2a: Kingambit|0 fnt
|faint|p2a: Kingambit
|-end|p2a: Kingambit|fallen3|[silent]
|
|upkeep
|
|t:|1769415913
|switch|p2a: Ceruledge|Ceruledge, M|100/100
|-damage|p2a: Ceruledge|76/100|[from] Stealth Rock
|turn|20
|
|t:|1769415917
|move|p2a: Ceruledge|Swords Dance|p2a: Ceruledge
|-boost|p2a: Ceruledge|atk|2
|move|p1a: Moltres|Roar|p2a: Ceruledge
|drag|p2a: Dragonite|Dragonite, F|100/100 par
|-damage|p2a: Dragonite|75/100 par|[from] Stealth Rock
|
|upkeep
|turn|21
|
|t:|1769415935
|switch|p1a: Gholdengo|Gholdengo|100/100
|-damage|p1a: Gholdengo|94/100|[from] Stealth Rock
|-item|p1a: Gholdengo|Air Balloon
|move|p2a: Dragonite|Scale Shot|p1a: Gholdengo
|-resisted|p1a: Gholdengo
|-damage|p1a: Gholdengo|89/100
|-enditem|p1a: Gholdengo|Air Balloon
|-resisted|p1a: Gholdengo
|-damage|p1a: Gholdengo|85/100
|-resisted|p1a: Gholdengo
|-damage|p1a: Gholdengo|80/100
|-resisted|p1a: Gholdengo
|-damage|p1a: Gholdengo|75/100
|-resisted|p1a: Gholdengo
|-damage|p1a: Gholdengo|71/100
|-hitcount|p1a: Gholdengo|5
|-unboost|p2a: Dragonite|def|1
|-boost|p2a: Dragonite|spe|1
|
|upkeep
|turn|22
|
|t:|1769415954
|move|p1a: Gholdengo|Shadow Ball|p2a: Dragonite
|-damage|p2a: Dragonite|38/100 par
|cant|p2a: Dragonite|par
|
|upkeep
|turn|23
|
|t:|1769415961
|move|p1a: Gholdengo|Shadow Ball|p2a: Dragonite
|-damage|p2a: Dragonite|0 fnt
|faint|p2a: Dragonite
|
|upkeep
|
|t:|1769415966
|switch|p2a: Ceruledge|Ceruledge, M|76/100
|-damage|p2a: Ceruledge|51/100|[from] Stealth Rock
|turn|24
|
|t:|1769415970
|move|p2a: Ceruledge|Shadow Sneak|p1a: Gholdengo
|-supereffective|p1a: Gholdengo
|-damage|p1a: Gholdengo|39/100
|move|p1a: Gholdengo|Shadow Ball|p2a: Ceruledge
|-supereffective|p2a: Ceruledge
|-damage|p2a: Ceruledge|0 fnt
|faint|p2a: Ceruledge
|
|win|Igoodnamename
|raw|Igoodnamename's rating: 1523 &rarr; <strong>1545</strong><br />(+22 for winning)
|raw|sampoke19's rating: 1566 &rarr; <strong>1544</strong><br />(-22 for losing)
|l|☆sampoke19
|player|p2|
|c|☆Igoodnamename|ggs
|l|☆Igoodnamename
|player|p1|
