|j|☆puripuriwhy
|j|☆rjmachine3
|t:|1769368233
|gametype|singles
|player|p1|puripuriwhy|twins-gen4dp|1226
|player|p2|rjmachine3|harlequin|1260
|gen|9
|tier|[Gen 9] OU
|rated|
|rule|HP Percentage Mod: HP is shown in percentages
|rule|Endless Battle Clause: Forcing endless battles is banned
|rule|Species Clause: Limit one of each Pokémon
|rule|OHKO Clause: OHKO moves are banned
|rule|Evasion Items Clause: Evasion items are banned
|rule|Evasion Moves Clause: Evasion moves are banned
|rule|Evasion Abilities Clause: Evasion abilities are banned
|rule|Sleep Moves Clause: Sleep-inducing moves are banned
|clearpoke
|poke|p1|Cloyster, M|
|poke|p1|Ninetales-Alola, M|
|poke|p1|Cinccino, F|
|poke|p1|Dodrio, F|
|poke|p1|Sylveon, F|
|poke|p1|Ogerpon-Wellspring, F|
|poke|p2|Glimmora, M|
|poke|p2|Alomomola, M|
|poke|p2|Pecharunt|
|poke|p2|Tinkaton, F|
|poke|p2|Ogerpon-Wellspring, F|
|poke|p2|Tornadus-Therian, M|
|teampreview
|inactive|Battle timer is ON: inactive players will automatically lose when time's up. (requested by puripuriwhy)
|
|t:|1769368250
|teamsize|p1|6
|teamsize|p2|6
|start
|switch|p1a: Ga|Ninetales-Alola, M|100/100
|switch|p2a: Tinkaton|Tinkaton, F|100/100
|-weather|Snowscape|[from] ability: Snow Warning|[of] p1a: Ga
|-item|p2a: Tinkaton|Air Balloon
|turn|1
|
|t:|1769368268
|switch|p1a: Po|Dodrio, F|100/100
|move|p2a: Tinkaton|Encore||[still]
|-fail|p2a: Tinkaton
|
|-weather|Snowscape|[upkeep]
|upkeep
|turn|2
|
|t:|1769368277
|move|p1a: Po|Knock Off|p2a: Tinkaton
|-resisted|p2a: Tinkaton
|-damage|p2a: Tinkaton|76/100
|-enditem|p2a: Tinkaton|Air Balloon
|-enditem|p1a: Po|Choice Band|[silent]|[from] ability: Pickpocket|[of] p1a: Po
|-item|p2a: Tinkaton|Choice Band|[from] ability: Pickpocket|[of] p1a: Po
|move|p2a: Tinkaton|Stealth Rock|p1a: Po
|-sidestart|p1: puripuriwhy|move: Stealth Rock
|
|-weather|Snowscape|[upkeep]
|upkeep
|turn|3
|
|t:|1769368292
|switch|p1a: Ga|Ninetales-Alola, M|100/100
|-damage|p1a: Ga|76/100|[from] Stealth Rock
|switch|p2a: Tornadus|Tornadus-Therian, M|100/100
|
|-weather|Snowscape|[upkeep]
|upkeep
|turn|4
|
|t:|1769368304
|move|p2a: Tornadus|Heat Wave|p1a: Ga
|-supereffective|p1a: Ga
|-damage|p1a: Ga|21/100
|move|p1a: Ga|Aurora Veil|p1a: Ga
|-sidestart|p1: puripuriwhy|move: Aurora Veil
|
|-weather|Snowscape|[upkeep]
|upkeep
|turn|5
|
|t:|1769368313
|move|p2a: Tornadus|U-turn|p1a: Ga
|-resisted|p1a: Ga
|-damage|p1a: Ga|17/100
|
|t:|1769368317
|switch|p2a: Alomomola|Alomomola, M|100/100|[from] U-turn
|move|p1a: Ga|Ice Beam|p2a: Alomomola
|-resisted|p2a: Alomomola
|-damage|p2a: Alomomola|80/100
|
|-weather|none
|upkeep
|turn|6
|
|t:|1769368330
|move|p1a: Ga|Freeze-Dry|p2a: Alomomola
|-supereffective|p2a: Alomomola
|-damage|p2a: Alomomola|19/100
|move|p2a: Alomomola|Wish|p2a: Alomomola
|
|upkeep
|turn|7
|
|t:|1769368336
|move|p2a: Alomomola|Protect|p2a: Alomomola
|-singleturn|p2a: Alomomola|Protect
|move|p1a: Ga|Freeze-Dry|p2a: Alomomola
|-activate|p2a: Alomomola|move: Protect
|
|-heal|p2a: Alomomola|69/100|[from] move: Wish|[wisher] Alomomola
|upkeep
|turn|8
|
|t:|1769368347
|switch|p2a: Tinkaton|Tinkaton, F|76/100
|move|p1a: Ga|Freeze-Dry|p2a: Tinkaton
|-resisted|p2a: Tinkaton
|-damage|p2a: Tinkaton|64/100
|
|upkeep
|turn|9
|
|t:|1769368358
|move|p1a: Ga|Moonblast|p2a: Tinkaton
|-resisted|p2a: Tinkaton
|-damage|p2a: Tinkaton|50/100
|move|p2a: Tinkaton|Knock Off|p1a: Ga
|-resisted|p1a: Ga
|-damage|p1a: Ga|7/100
|-enditem|p1a: Ga|Light Clay|[from] move: Knock Off|[of] p2a: Tinkaton
|
|upkeep
|turn|10
|
|t:|1769368372
|move|p1a: Ga|Moonblast|p2a: Tinkaton
|-resisted|p2a: Tinkaton
|-damage|p2a: Tinkaton|34/100
|-unboost|p2a: Tinkaton|spa|1
|move|p2a: Tinkaton|Knock Off|p1a: Ga
|-resisted|p1a: Ga
|-damage|p1a: Ga|2/100
|
|upkeep
|turn|11
|
|t:|1769368382
|switch|p2a: Alomomola|Alomomola, M|100/100
|move|p1a: Ga|Moonblast|p2a: Alomomola
|-damage|p2a: Alomomola|61/100
|
|-sideend|p1: puripuriwhy|move: Aurora Veil
|upkeep
|turn|12
|
|t:|1769368393
|-terastallize|p2a: Alomomola|Ghost
|move|p1a: Ga|Freeze-Dry|p2a: Alomomola
|-damage|p2a: Alomomola|29/100
|move|p2a: Alomomola|Wish|p2a: Alomomola
|
|upkeep
|turn|13
|
|t:|1769368403
|switch|p2a: Tinkaton|Tinkaton, F|34/100
|move|p1a: Ga|Moonblast|p2a: Tinkaton
|-resisted|p2a: Tinkaton
|-damage|p2a: Tinkaton|17/100
|
|-heal|p2a: Tinkaton|89/100|[from] move: Wish|[wisher] Alomomola
|upkeep
|turn|14
|
|t:|1769368418
|switch|p2a: Glimmora|Glimmora, M|100/100
|move|p1a: Ga|Ice Beam|p2a: Glimmora
|-damage|p2a: Glimmora|56/100
|-enditem|p2a: Glimmora|Red Card|[of] p1a: Ga
|drag|p1a: Le|Ogerpon-Wellspring, F|100/100
|-damage|p1a: Le|88/100|[from] Stealth Rock
|
|upkeep
|turn|15
|
|t:|1769368434
|switch|p1a: Po|Dodrio, F|100/100
|-damage|p1a: Po|76/100|[from] Stealth Rock
|switch|p2a: Alomomola|Alomomola, M, tera:Ghost|62/100
|
|upkeep
|turn|16
|
|t:|1769368443
|move|p1a: Po|Brave Bird|p2a: Alomomola
|-damage|p2a: Alomomola|34/100
|-damage|p1a: Po|59/100|[from] item: Rocky Helmet|[of] p2a: Alomomola
|-damage|p1a: Po|40/100|[from] Recoil
|move|p2a: Alomomola|Scald|p1a: Po
|-damage|p1a: Po|13/100
|
|upkeep
|turn|17
|
|t:|1769368454
|switch|p2a: Glimmora|Glimmora, M|56/100
|move|p1a: Po|Brave Bird|p2a: Glimmora
|-resisted|p2a: Glimmora
|-damage|p2a: Glimmora|25/100
|-activate|p2a: Glimmora|ability: Toxic Debris
|-sidestart|p1: puripuriwhy|move: Toxic Spikes
|-damage|p1a: Po|1/100|[from] Recoil
|
|upkeep
|turn|18
|
|t:|1769368465
|move|p1a: Po|Brave Bird|p2a: Glimmora
|-resisted|p2a: Glimmora
|-damage|p2a: Glimmora|0 fnt
|-activate|p2a: Glimmora|ability: Toxic Debris
|-sidestart|p1: puripuriwhy|move: Toxic Spikes
|faint|p2a: Glimmora
|-damage|p1a: Po|0 fnt|[from] Recoil
|faint|p1a: Po
|
|upkeep
|
|t:|1769368483
|switch|p1a: Pa|Cinccino, F|100/100
|switch|p2a: Tinkaton|Tinkaton, F|89/100
|turn|19
|
|t:|1769368492
|move|p1a: Pa|Tidy Up|p1a: Pa
|-sideend|p1: puripuriwhy|Toxic Spikes
|-sideend|p1: puripuriwhy|Stealth Rock
|-activate|p1a: Pa|move: Tidy Up
|-boost|p1a: Pa|atk|1
|-boost|p1a: Pa|spe|1
|move|p2a: Tinkaton|Gigaton Hammer|p1a: Pa
|-damage|p1a: Pa|0 fnt
|faint|p1a: Pa
|
|upkeep
|
|t:|1769368504
|switch|p1a: Ga|Ninetales-Alola, M|2/100
|-weather|Snowscape|[from] ability: Snow Warning|[of] p1a: Ga
|turn|20
|
|t:|1769368510
|move|p1a: Ga|Aurora Veil|p1a: Ga
|-sidestart|p1: puripuriwhy|move: Aurora Veil
|-activate|p2a: Tinkaton|move: Struggle
|move|p2a: Tinkaton|Struggle|p1a: Ga
|-damage|p1a: Ga|0 fnt
|faint|p1a: Ga
|-damage|p2a: Tinkaton|64/100|[from] recoil
|
|-weather|Snowscape|[upkeep]
|upkeep
|
|t:|1769368518
|switch|p1a: Bi|Cloyster, M|100/100
|turn|21
|
|t:|1769368522
|move|p2a: Tinkaton|Gigaton Hammer|p1a: Bi
|-damage|p1a: Bi|81/100
|move|p1a: Bi|Shell Smash|p1a: Bi
|-unboost|p1a: Bi|def|1
|-unboost|p1a: Bi|spd|1
|-boost|p1a: Bi|atk|2
|-boost|p1a: Bi|spa|2
|-boost|p1a: Bi|spe|2
|-enditem|p1a: Bi|White Herb
|-clearnegativeboost|p1a: Bi|[silent]
|
|-weather|Snowscape|[upkeep]
|upkeep
|turn|22
|
|t:|1769368543
|switch|p2a: Ogerpon|Ogerpon-Wellspring, F|100/100
|move|p1a: Bi|Waterfall|p2a: Ogerpon
|-immune|p2a: Ogerpon|[from] ability: Water Absorb
|
|-weather|Snowscape|[upkeep]
|upkeep
|turn|23
|
|t:|1769368556
|move|p1a: Bi|Icicle Spear|p2a: Ogerpon
|-damage|p2a: Ogerpon|69/100
|-damage|p2a: Ogerpon|36/100
|-damage|p2a: Ogerpon|5/100
|-damage|p2a: Ogerpon|0 fnt
|faint|p2a: Ogerpon
|-hitcount|p2: Ogerpon|4
|
|-weather|Snowscape|[upkeep]
|upkeep
|
|t:|1769368565
|switch|p2a: Pecharunt|Pecharunt|100/100
|turn|24
|
|t:|1769368569
|move|p1a: Bi|Icicle Spear|p2a: Pecharunt
|-damage|p2a: Pecharunt|86/100
|-damage|p2a: Pecharunt|70/100
|-damage|p2a: Pecharunt|55/100
|-damage|p2a: Pecharunt|39/100
|-damage|p2a: Pecharunt|23/100
|-hitcount|p2a: Pecharunt|5
|move|p2a: Pecharunt|Malignant Chain|p1a: Bi
|-damage|p1a: Bi|35/100
|-status|p1a: Bi|tox
|-start|p1a: Bi|confusion|[from] ability: Poison Puppeteer|[of] p2a: Pecharunt
|
|-weather|none
|-damage|p1a: Bi|29/100 tox|[from] psn
|-sideend|p1: puripuriwhy|move: Aurora Veil
|upkeep
|turn|25
|
|t:|1769368588
|switch|p2a: Tinkaton|Tinkaton, F|64/100
|-activate|p1a: Bi|confusion
|move|p1a: Bi|Icicle Spear|p2a: Tinkaton
|-resisted|p2a: Tinkaton
|-damage|p2a: Tinkaton|51/100
|-resisted|p2a: Tinkaton
|-damage|p2a: Tinkaton|37/100
|-resisted|p2a: Tinkaton
|-damage|p2a: Tinkaton|24/100
|-resisted|p2a: Tinkaton
|-damage|p2a: Tinkaton|10/100
|-resisted|p2a: Tinkaton
|-damage|p2a: Tinkaton|0 fnt
|faint|p2a: Tinkaton
|-hitcount|p2: Tinkaton|5
|
|-damage|p1a: Bi|17/100 tox|[from] psn
|upkeep
|
|t:|1769368604
|switch|p2a: Alomomola|Alomomola, M, tera:Ghost|68/100
|turn|26
|
|t:|1769368611
|move|p2a: Alomomola|Protect|p2a: Alomomola
|-singleturn|p2a: Alomomola|Protect
|-activate|p1a: Bi|confusion
|move|p1a: Bi|Rock Blast|p2a: Alomomola
|-activate|p2a: Alomomola|move: Protect
|
|-damage|p1a: Bi|0 fnt|[from] psn
|faint|p1a: Bi
|upkeep
|
|t:|1769368614
|switch|p1a: Tr|Sylveon, F, shiny|100/100
|turn|27
|
|t:|1769368625
|move|p1a: Tr|Hyper Voice|p2a: Alomomola
|-crit|p2a: Alomomola
|-damage|p2a: Alomomola|0 fnt
|faint|p2a: Alomomola
|
|upkeep
|
|t:|1769368636
|switch|p2a: Pecharunt|Pecharunt|23/100
|turn|28
|
|t:|1769368641
|move|p2a: Pecharunt|Recover|p2a: Pecharunt
|-heal|p2a: Pecharunt|73/100
|move|p1a: Tr|Hyper Voice|p2a: Pecharunt
|-resisted|p2a: Pecharunt
|-damage|p2a: Pecharunt|31/100
|
|upkeep
|turn|29
|
|t:|1769368649
|-terastallize|p1a: Tr|Fairy
|move|p2a: Pecharunt|Malignant Chain|p1a: Tr
|-supereffective|p1a: Tr
|-damage|p1a: Tr|52/100
|-status|p1a: Tr|tox
|-start|p1a: Tr|confusion|[from] ability: Poison Puppeteer|[of] p2a: Pecharunt
|-activate|p1a: Tr|confusion
|move|p1a: Tr|Hyper Voice|p2a: Pecharunt
|-resisted|p2a: Pecharunt
|-damage|p2a: Pecharunt|0 fnt
|faint|p2a: Pecharunt
|
|-damage|p1a: Tr|46/100 tox|[from] psn
|upkeep
|
|t:|1769368664
|switch|p2a: Tornadus|Tornadus-Therian, M|100/100
|turn|30
|
|t:|1769368668
|move|p2a: Tornadus|Bleakwind Storm|p1a: Tr|[miss]
|-miss|p2a: Tornadus|p1a: Tr
|-activate|p1a: Tr|confusion
|-damage|p1a: Tr|37/100 tox|[from] confusion
|
|-damage|p1a: Tr|25/100 tox|[from] psn
|upkeep
|turn|31
|
|t:|1769368677
|move|p2a: Tornadus|Bleakwind Storm|p1a: Tr|[miss]
|-miss|p2a: Tornadus|p1a: Tr
|-activate|p1a: Tr|confusion
|move|p1a: Tr|Hyper Voice|p2a: Tornadus
|-damage|p2a: Tornadus|23/100
|
|-damage|p1a: Tr|7/100 tox|[from] psn
|upkeep
|turn|32
|
|t:|1769368688
|move|p2a: Tornadus|Bleakwind Storm|p1a: Tr
|-damage|p1a: Tr|0 fnt
|faint|p1a: Tr
|
|upkeep
|
|t:|1769368690
|switch|p1a: Le|Ogerpon-Wellspring, F|88/100
|turn|33
|
|t:|1769368696
|move|p2a: Tornadus|Bleakwind Storm|p1a: Le
|-supereffective|p1a: Le
|-damage|p1a: Le|0 fnt
|faint|p1a: Le
|
|win|rjmachine3
|raw|puripuriwhy's rating: 1226 &rarr; <strong>1203</strong><br />(-23 for losing)
|raw|rjmachine3's rating: 1260 &rarr; <strong>1283</strong><br />(+23 for winning)
|l|☆puripuriwhy
|player|p1|
|l|☆rjmachine3
|player|p2|
