|j|☆XianTwa
|j|☆Spartior1
|t:|1769320143
|gametype|singles
|player|p1|XianTwa|dawn|1390
|player|p2|Spartior1|1|1355
|gen|9
|tier|[Gen 9] OU
|rated|
|rule|HP Percentage Mod: HP is shown in percentages
|rule|Endless Battle Clause: Forcing endless battles is banned
|rule|Species Clause: Limit one of each Pokémon
|rule|OHKO Clause: OHKO moves are banned
|rule|Evasion Items Clause: Evasion items are banned
|rule|Evasion Moves Clause: Evasion moves are banned
|rule|Evasion Abilities Clause: Evasion abilities are banned
|rule|Sleep Moves Clause: Sleep-inducing moves are banned
|clearpoke
|poke|p1|Toucannon, M|
|poke|p1|Dragonite, F|
|poke|p1|Zamazenta-*|
|poke|p1|Iron Treads|
|poke|p1|Zapdos|
|poke|p1|Primarina, F|
|poke|p2|Indeedee, M|
|poke|p2|Hatterene, F|
|poke|p2|Ursaluna, F|
|poke|p2|Iron Hands|
|poke|p2|Hoopa-Unbound|
|poke|p2|Mimikyu, F|
|teampreview
|inactive|Battle timer is ON: inactive players will automatically lose when time's up. (requested by XianTwa)
|
|t:|1769320167
|teamsize|p1|6
|teamsize|p2|6
|start
|switch|p1a: Iron Treads|Iron Treads|100/100
|switch|p2a: Indeedee|Indeedee, M|100/100
|-item|p1a: Iron Treads|Air Balloon
|-fieldstart|move: Psychic Terrain|[from] ability: Psychic Surge|[of] p2a: Indeedee
|turn|1
|
|t:|1769320175
|move|p1a: Iron Treads|Knock Off|p2a: Indeedee
|-supereffective|p2a: Indeedee
|-damage|p2a: Indeedee|44/100
|-enditem|p2a: Indeedee|Terrain Extender|[from] move: Knock Off|[of] p1a: Iron Treads
|move|p2a: Indeedee|Trick Room|p2a: Indeedee
|-fieldstart|move: Trick Room|[of] p2a: Indeedee
|
|upkeep
|turn|2
|
|t:|1769320191
|switch|p2a: Hoopa|Hoopa-Unbound|100/100
|-enditem|p2a: Hoopa|Psychic Seed
|-boost|p2a: Hoopa|spd|1|[from] item: Psychic Seed
|move|p1a: Iron Treads|Knock Off|p2a: Hoopa
|-damage|p2a: Hoopa|80/100
|
|upkeep
|turn|3
|
|t:|1769320201
|move|p2a: Hoopa|Focus Blast|p1a: Iron Treads|[miss]
|-miss|p2a: Hoopa|p1a: Iron Treads
|move|p1a: Iron Treads|Earthquake|p2a: Hoopa
|-crit|p2a: Hoopa
|-damage|p2a: Hoopa|0 fnt
|faint|p2a: Hoopa
|
|upkeep
|
|t:|1769320205
|switch|p2a: Hatterene|Hatterene, F|100/100
|turn|4
|
|t:|1769320211
|-terastallize|p2a: Hatterene|Stellar
|move|p2a: Hatterene|Mystical Fire|p1a: Iron Treads
|-supereffective|p1a: Iron Treads
|-damage|p1a: Iron Treads|0 fnt
|-enditem|p1a: Iron Treads|Air Balloon
|faint|p1a: Iron Treads
|-end|p1a: Iron Treads|Quark Drive|[silent]
|-damage|p2a: Hatterene|91/100|[from] item: Life Orb
|
|upkeep
|
|t:|1769320220
|switch|p1a: Primarina|Primarina, F|100/100
|turn|5
|
|t:|1769320228
|move|p2a: Hatterene|Expanding Force|p1a: Primarina
|-damage|p1a: Primarina|5/100
|-damage|p2a: Hatterene|81/100|[from] item: Life Orb
|move|p1a: Primarina|Psychic Noise|p2a: Hatterene
|-damage|p2a: Hatterene|33/100
|-start|p2a: Hatterene|move: Heal Block
|
|-fieldend|move: Trick Room
|upkeep
|turn|6
|
|t:|1769320256
|switch|p2a: Mimikyu|Mimikyu, F|100/100
|move|p1a: Primarina|Moonblast|p2a: Mimikyu
|-activate|p2a: Mimikyu|ability: Disguise
|-damage|p2a: Mimikyu|100/100
|detailschange|p2a: Mimikyu|Mimikyu-Busted, F
|-damage|p2a: Mimikyu|88/100|[from] pokemon: Mimikyu-Busted
|-enditem|p2a: Mimikyu|Red Card|[of] p1a: Primarina
|drag|p1a: Toucannon|Toucannon, M|100/100
|
|upkeep
|turn|7
|
|t:|1769320273
|move|p1a: Toucannon|Rock Blast|p2a: Mimikyu|[miss]
|-miss|p1a: Toucannon|p2a: Mimikyu
|move|p2a: Mimikyu|Trick Room|p2a: Mimikyu
|-fieldstart|move: Trick Room|[of] p2a: Mimikyu
|
|upkeep
|turn|8
|
|t:|1769320278
|switch|p2a: Ursaluna|Ursaluna, F|100/100
|-singleturn|p1a: Toucannon|move: Beak Blast
|move|p1a: Toucannon|Beak Blast|p2a: Ursaluna
|-damage|p2a: Ursaluna|63/100
|
|-fieldend|move: Psychic Terrain
|-status|p2a: Ursaluna|brn|[from] item: Flame Orb
|upkeep
|turn|9
|
|t:|1769320294
|switch|p1a: Zamazenta|Zamazenta|100/100
|-ability|p1a: Zamazenta|Dauntless Shield|boost
|-boost|p1a: Zamazenta|def|1
|move|p2a: Ursaluna|Supercell Slam|p1a: Zamazenta
|-damage|p1a: Zamazenta|66/100
|
|-damage|p2a: Ursaluna|57/100 brn|[from] brn
|upkeep
|turn|10
|
|t:|1769320305
|move|p2a: Ursaluna|Facade|p1a: Zamazenta
|-crit|p1a: Zamazenta
|-damage|p1a: Zamazenta|0 fnt
|faint|p1a: Zamazenta
|
|-damage|p2a: Ursaluna|51/100 brn|[from] brn
|upkeep
|
|t:|1769320329
|switch|p1a: Dragonite|Dragonite, F|100/100
|turn|11
|
|t:|1769320334
|move|p2a: Ursaluna|Ice Punch|p1a: Dragonite
|-supereffective|p1a: Dragonite
|-damage|p1a: Dragonite|9/100
|move|p1a: Dragonite|Dragon Dance|p1a: Dragonite
|-boost|p1a: Dragonite|atk|1
|-boost|p1a: Dragonite|spe|1
|
|-damage|p2a: Ursaluna|45/100 brn|[from] brn
|-fieldend|move: Trick Room
|upkeep
|turn|12
|
|t:|1769320359
|switch|p2a: Indeedee|Indeedee, M|44/100
|-fieldstart|move: Psychic Terrain|[from] ability: Psychic Surge|[of] p2a: Indeedee
|move|p1a: Dragonite|Scale Shot|p2a: Indeedee
|-crit|p2a: Indeedee
|-damage|p2a: Indeedee|8/100
|-damage|p2a: Indeedee|0 fnt
|faint|p2a: Indeedee
|-hitcount|p2: Indeedee|2
|-unboost|p1a: Dragonite|def|1
|-boost|p1a: Dragonite|spe|1
|
|upkeep
|
|t:|1769320366
|switch|p2a: Mimikyu|Mimikyu-Busted, F|88/100
|turn|13
|
|t:|1769320372
|-terastallize|p1a: Dragonite|Fire
|move|p1a: Dragonite|Fire Punch|p2a: Mimikyu
|-damage|p2a: Mimikyu|24/100
|move|p2a: Mimikyu|Trick Room|p2a: Mimikyu
|-fieldstart|move: Trick Room|[of] p2a: Mimikyu
|
|upkeep
|turn|14
|
|t:|1769320386
|switch|p1a: Primarina|Primarina, F|5/100
|move|p2a: Mimikyu|Curse|p1a: Primarina
|-start|p1a: Primarina|Curse|[of] p2a: Mimikyu
|-damage|p2a: Mimikyu|0 fnt
|faint|p2a: Mimikyu
|
|-damage|p1a: Primarina|0 fnt|[from] Curse
|faint|p1a: Primarina
|upkeep
|
|t:|1769320400
|switch|p1a: Zapdos|Zapdos|100/100
|switch|p2a: Hatterene|Hatterene, F, tera:Stellar|33/100
|turn|15
|
|t:|1769320409
|move|p2a: Hatterene|Expanding Force|p1a: Zapdos
|-damage|p1a: Zapdos|0 fnt
|faint|p1a: Zapdos
|-damage|p2a: Hatterene|23/100|[from] item: Life Orb
|
|upkeep
|
|t:|1769320412
|switch|p1a: Toucannon|Toucannon, M|100/100
|turn|16
|
|t:|1769320419
|-singleturn|p1a: Toucannon|move: Beak Blast
|move|p2a: Hatterene|Expanding Force|p1a: Toucannon
|-damage|p1a: Toucannon|2/100
|-damage|p2a: Hatterene|13/100|[from] item: Life Orb
|move|p1a: Toucannon|Beak Blast|p2a: Hatterene
|-damage|p2a: Hatterene|0 fnt
|faint|p2a: Hatterene
|
|-fieldend|move: Psychic Terrain
|upkeep
|
|t:|1769320445
|switch|p2a: Ursaluna|Ursaluna, F|45/100 brn
|turn|17
|
|t:|1769320452
|-singleturn|p1a: Toucannon|move: Beak Blast
|move|p2a: Ursaluna|Facade|p1a: Toucannon
|-damage|p1a: Toucannon|0 fnt
|faint|p1a: Toucannon
|
|-damage|p2a: Ursaluna|39/100 brn|[from] brn
|-fieldend|move: Trick Room
|upkeep
|
|t:|1769320456
|switch|p1a: Dragonite|Dragonite, F, tera:Fire|9/100
|turn|18
|
|t:|1769320460
|move|p1a: Dragonite|Scale Shot|p2a: Ursaluna
|-damage|p2a: Ursaluna|27/100 brn
|-damage|p2a: Ursaluna|17/100 brn
|-damage|p2a: Ursaluna|6/100 brn
|-damage|p2a: Ursaluna|0 fnt
|faint|p2a: Ursaluna
|-hitcount|p2: Ursaluna|4
|-unboost|p1a: Dragonite|def|1
|-boost|p1a: Dragonite|spe|1
|
|upkeep
|
|t:|1769320464
|switch|p2a: LEBRON|Iron Hands, shiny|100/100
|-enditem|p2a: LEBRON|Booster Energy
|-activate|p2a: LEBRON|ability: Quark Drive|[fromitem]
|-start|p2a: LEBRON|quarkdriveatk
|turn|19
|
|t:|1769320470
|move|p1a: Dragonite|Scale Shot|p2a: LEBRON
|-damage|p2a: LEBRON|91/100
|-damage|p2a: LEBRON|81/100
|-damage|p2a: LEBRON|70/100
|-damage|p2a: LEBRON|59/100
|-hitcount|p2a: LEBRON|4
|-unboost|p1a: Dragonite|def|1
|-boost|p1a: Dragonite|spe|1
|move|p2a: LEBRON|Close Combat|p1a: Dragonite
|-damage|p1a: Dragonite|0 fnt
|-unboost|p2a: LEBRON|def|1
|-unboost|p2a: LEBRON|spd|1
|faint|p1a: Dragonite
|
|win|Spartior1
|raw|XianTwa's rating: 1390 &rarr; <strong>1368</strong><br />(-22 for losing)
|raw|Spartior1's rating: 1355 &rarr; <strong>1377</strong><br />(+22 for winning)
|l|☆Spartior1
|player|p2|
