|j|☆Player569m
|j|☆abhii.g
|t:|1769296902
|gametype|singles
|player|p1|Player569m|170|1500
|player|p2|abhii.g|bruno|1572
|gen|9
|tier|[Gen 9] OU
|rated|
|rule|HP Percentage Mod: HP is shown in percentages
|rule|Endless Battle Clause: Forcing endless battles is banned
|rule|Species Clause: Limit one of each Pokémon
|rule|OHKO Clause: OHKO moves are banned
|rule|Evasion Items Clause: Evasion items are banned
|rule|Evasion Moves Clause: Evasion moves are banned
|rule|Evasion Abilities Clause: Evasion abilities are banned
|rule|Sleep Moves Clause: Sleep-inducing moves are banned
|clearpoke
|poke|p1|Kingambit, M|
|poke|p1|Ninetales-Alola, M|
|poke|p1|Cinderace, M|
|poke|p1|Pecharunt|
|poke|p1|Raging Bolt|
|poke|p1|Azumarill, M|
|poke|p2|Darkrai|
|poke|p2|Great Tusk|
|poke|p2|Ting-Lu|
|poke|p2|Pecharunt|
|poke|p2|Iron Valiant|
|poke|p2|Arcanine-Hisui, M|
|teampreview
|inactive|Battle timer is ON: inactive players will automatically lose when time's up. (requested by abhii.g)
|inactive|Player569m has 120 seconds left.
|
|t:|1769296951
|teamsize|p1|6
|teamsize|p2|6
|start
|switch|p1a: Ninetales|Ninetales-Alola, M, shiny|100/100
|switch|p2a: Arcanine|Arcanine-Hisui, M|100/100
|-weather|Snowscape|[from] ability: Snow Warning|[of] p1a: Ninetales
|turn|1
|
|t:|1769296963
|switch|p1a: Azumarill|Azumarill, M|100/100
|move|p2a: Arcanine|Head Smash|p1a: Azumarill|[miss]
|-miss|p2a: Arcanine|p1a: Azumarill
|
|-weather|Snowscape|[upkeep]
|upkeep
|turn|2
|
|t:|1769296975
|switch|p2a: Pecharunt|Pecharunt|100/100
|move|p1a: Azumarill|Aqua Jet|p2a: Pecharunt
|-damage|p2a: Pecharunt|89/100
|
|-weather|Snowscape|[upkeep]
|upkeep
|turn|3
|
|t:|1769296989
|switch|p1a: Kingambit|Kingambit, M, shiny|100/100
|move|p2a: Pecharunt|Parting Shot|p1a: Kingambit
|-unboost|p1a: Kingambit|atk|1
|-unboost|p1a: Kingambit|spa|1
|
|t:|1769297001
|switch|p2a: Great Tusk|Great Tusk|100/100|[from] Parting Shot
|
|-weather|Snowscape|[upkeep]
|upkeep
|turn|4
|
|t:|1769297008
|-end|p1a: Kingambit|fallenundefined|[silent]
|switch|p1a: Ninetales|Ninetales-Alola, M, shiny|100/100
|move|p2a: Great Tusk|Rapid Spin|p1a: Ninetales
|-damage|p1a: Ninetales|84/100
|-boost|p2a: Great Tusk|spe|1
|
|-weather|Snowscape|[upkeep]
|upkeep
|turn|5
|
|t:|1769297014
|move|p2a: Great Tusk|Heavy Slam|p1a: Ninetales
|-supereffective|p1a: Ninetales
|-damage|p1a: Ninetales|0 fnt
|faint|p1a: Ninetales
|
|-weather|none
|upkeep
|
|t:|1769297027
|switch|p1a: Azumarill|Azumarill, M|100/100
|turn|6
|
|t:|1769297035
|-end|p2a: Great Tusk|Protosynthesis|[silent]
|switch|p2a: Pecharunt|Pecharunt|89/100
|move|p1a: Azumarill|Belly Drum|p1a: Azumarill
|-damage|p1a: Azumarill|50/100
|-setboost|p1a: Azumarill|atk|6|[from] move: Belly Drum
|-enditem|p1a: Azumarill|Sitrus Berry|[eat]
|-heal|p1a: Azumarill|75/100|[from] item: Sitrus Berry
|
|upkeep
|turn|7
|
|t:|1769297056
|move|p1a: Azumarill|Aqua Jet|p2a: Pecharunt
|-damage|p2a: Pecharunt|41/100
|move|p2a: Pecharunt|Toxic|p1a: Azumarill
|-status|p1a: Azumarill|tox
|-start|p1a: Azumarill|confusion|[from] ability: Poison Puppeteer|[of] p2a: Pecharunt
|
|-damage|p1a: Azumarill|69/100 tox|[from] psn
|upkeep
|turn|8
|
|t:|1769297065
|-activate|p1a: Azumarill|confusion
|-damage|p1a: Azumarill|33/100 tox|[from] confusion
|move|p2a: Pecharunt|Recover|p2a: Pecharunt
|-heal|p2a: Pecharunt|91/100
|
|-damage|p1a: Azumarill|21/100 tox|[from] psn
|upkeep
|turn|9
|
|t:|1769297072
|-end|p1a: Azumarill|confusion
|move|p1a: Azumarill|Aqua Jet|p2a: Pecharunt
|-damage|p2a: Pecharunt|46/100
|move|p2a: Pecharunt|Foul Play|p1a: Azumarill
|-resisted|p1a: Azumarill
|-damage|p1a: Azumarill|0 fnt
|faint|p1a: Azumarill
|
|upkeep
|
|t:|1769297085
|switch|p1a: Pecharunt|Pecharunt|100/100
|turn|10
|
|t:|1769297096
|switch|p2a: Ting-Lu|Ting-Lu|100/100
|-ability|p2a: Ting-Lu|Vessel of Ruin
|move|p1a: Pecharunt|Shadow Ball|p2a: Ting-Lu
|-resisted|p2a: Ting-Lu
|-crit|p2a: Ting-Lu
|-damage|p2a: Ting-Lu|89/100
|
|-heal|p2a: Ting-Lu|96/100|[from] item: Leftovers
|upkeep
|turn|11
|
|t:|1769297108
|move|p1a: Pecharunt|Malignant Chain|p2a: Ting-Lu
|-resisted|p2a: Ting-Lu
|-damage|p2a: Ting-Lu|87/100
|-status|p2a: Ting-Lu|tox
|-start|p2a: Ting-Lu|confusion|[from] ability: Poison Puppeteer|[of] p1a: Pecharunt
|-activate|p2a: Ting-Lu|confusion
|-damage|p2a: Ting-Lu|82/100 tox|[from] confusion
|
|-heal|p2a: Ting-Lu|88/100 tox|[from] item: Leftovers
|-damage|p2a: Ting-Lu|82/100 tox|[from] psn
|upkeep
|turn|12
|
|t:|1769297121
|switch|p1a: Cinderace|Cinderace, M|100/100
|-activate|p2a: Ting-Lu|confusion
|move|p2a: Ting-Lu|Earthquake|p1a: Cinderace
|-supereffective|p1a: Cinderace
|-damage|p1a: Cinderace|0 fnt
|faint|p1a: Cinderace
|
|-heal|p2a: Ting-Lu|88/100 tox|[from] item: Leftovers
|-damage|p2a: Ting-Lu|76/100 tox|[from] psn
|upkeep
|
|t:|1769297138
|switch|p1a: Raging Bolt|Raging Bolt|100/100
|-enditem|p1a: Raging Bolt|Booster Energy
|-activate|p1a: Raging Bolt|ability: Protosynthesis|[fromitem]
|-start|p1a: Raging Bolt|protosynthesisspa
|turn|13
|
|t:|1769297142
|-terastallize|p1a: Raging Bolt|Ice
|move|p1a: Raging Bolt|Tera Blast|p2a: Ting-Lu|[anim] Tera Blast Ice
|-supereffective|p2a: Ting-Lu
|-damage|p2a: Ting-Lu|25/100 tox
|-activate|p2a: Ting-Lu|confusion
|move|p2a: Ting-Lu|Whirlwind|p1a: Raging Bolt
|-end|p1a: Raging Bolt|Protosynthesis|[silent]
|drag|p1a: Pecharunt|Pecharunt|100/100
|
|-heal|p2a: Ting-Lu|31/100 tox|[from] item: Leftovers
|-damage|p2a: Ting-Lu|13/100 tox|[from] psn
|upkeep
|turn|14
|
|t:|1769297154
|move|p1a: Pecharunt|Malignant Chain|p2a: Ting-Lu
|-resisted|p2a: Ting-Lu
|-damage|p2a: Ting-Lu|3/100 tox
|-end|p2a: Ting-Lu|confusion
|move|p2a: Ting-Lu|Spikes|p1a: Pecharunt
|-sidestart|p1: Player569m|Spikes
|
|-heal|p2a: Ting-Lu|10/100 tox|[from] item: Leftovers
|-damage|p2a: Ting-Lu|0 fnt|[from] psn
|faint|p2a: Ting-Lu
|upkeep
|
|t:|1769297165
|switch|p2a: Darkrai|Darkrai|100/100
|turn|15
|
|t:|1769297171
|move|p2a: Darkrai|Knock Off|p1a: Pecharunt
|-supereffective|p1a: Pecharunt
|-damage|p1a: Pecharunt|53/100
|-enditem|p1a: Pecharunt|Quick Claw|[from] move: Knock Off|[of] p2a: Darkrai
|move|p1a: Pecharunt|Malignant Chain|p2a: Darkrai
|-damage|p2a: Darkrai|39/100
|-status|p2a: Darkrai|tox
|-start|p2a: Darkrai|confusion|[from] ability: Poison Puppeteer|[of] p1a: Pecharunt
|
|-damage|p2a: Darkrai|33/100 tox|[from] psn
|upkeep
|turn|16
|
|t:|1769297184
|-activate|p2a: Darkrai|confusion
|-damage|p2a: Darkrai|20/100 tox|[from] confusion
|move|p1a: Pecharunt|Recover|p1a: Pecharunt
|-heal|p1a: Pecharunt|100/100
|
|-damage|p2a: Darkrai|8/100 tox|[from] psn
|upkeep
|turn|17
|
|t:|1769297192
|-end|p2a: Darkrai|confusion
|move|p2a: Darkrai|Dark Pulse|p1a: Pecharunt
|-supereffective|p1a: Pecharunt
|-damage|p1a: Pecharunt|7/100
|move|p1a: Pecharunt|Nasty Plot|p1a: Pecharunt
|-boost|p1a: Pecharunt|spa|2
|
|-damage|p2a: Darkrai|0 fnt|[from] psn
|faint|p2a: Darkrai
|upkeep
|
|t:|1769297198
|switch|p2a: Iron Valiant|Iron Valiant|100/100
|turn|18
|
|t:|1769297210
|move|p2a: Iron Valiant|Moonblast|p1a: Pecharunt
|-resisted|p1a: Pecharunt
|-damage|p1a: Pecharunt|0 fnt
|faint|p1a: Pecharunt
|
|upkeep
|
|t:|1769297220
|switch|p1a: Raging Bolt|Raging Bolt, tera:Ice|100/100
|-damage|p1a: Raging Bolt|88/100|[from] Spikes
|turn|19
|
|t:|1769297225
|-end|p2a: Iron Valiant|Quark Drive|[silent]
|switch|p2a: Pecharunt|Pecharunt|46/100
|move|p1a: Raging Bolt|Thunderclap||[still]
|-fail|p1a: Raging Bolt
|
|upkeep
|turn|20
|
|t:|1769297231
|move|p2a: Pecharunt|Toxic|p1a: Raging Bolt
|-status|p1a: Raging Bolt|tox
|-start|p1a: Raging Bolt|confusion|[from] ability: Poison Puppeteer|[of] p2a: Pecharunt
|-activate|p1a: Raging Bolt|confusion
|move|p1a: Raging Bolt|Calm Mind|p1a: Raging Bolt
|-boost|p1a: Raging Bolt|spa|1
|-boost|p1a: Raging Bolt|spd|1
|
|-damage|p1a: Raging Bolt|82/100 tox|[from] psn
|upkeep
|turn|21
|
|t:|1769297237
|move|p2a: Pecharunt|Recover|p2a: Pecharunt
|-heal|p2a: Pecharunt|97/100
|-activate|p1a: Raging Bolt|confusion
|move|p1a: Raging Bolt|Tera Blast|p2a: Pecharunt|[anim] Tera Blast Ice
|-damage|p2a: Pecharunt|28/100
|
|-damage|p1a: Raging Bolt|70/100 tox|[from] psn
|upkeep
|turn|22
|
|t:|1769297243
|move|p2a: Pecharunt|Recover|p2a: Pecharunt
|-heal|p2a: Pecharunt|79/100
|-activate|p1a: Raging Bolt|confusion
|-damage|p1a: Raging Bolt|65/100 tox|[from] confusion
|
|-damage|p1a: Raging Bolt|46/100 tox|[from] psn
|upkeep
|turn|23
|
|t:|1769297253
|move|p2a: Pecharunt|Parting Shot|p1a: Raging Bolt
|-unboost|p1a: Raging Bolt|atk|1
|-unboost|p1a: Raging Bolt|spa|1
|
|t:|1769297260
|switch|p2a: Arcanine|Arcanine-Hisui, M|100/100|[from] Parting Shot
|-end|p1a: Raging Bolt|confusion
|move|p1a: Raging Bolt|Tera Blast|p2a: Arcanine|[anim] Tera Blast Ice
|-resisted|p2a: Arcanine
|-damage|p2a: Arcanine|72/100
|
|-damage|p1a: Raging Bolt|21/100 tox|[from] psn
|upkeep
|turn|24
|
|t:|1769297270
|switch|p2a: Pecharunt|Pecharunt|79/100
|move|p1a: Raging Bolt|Thunderclap||[still]
|-fail|p1a: Raging Bolt
|
|-damage|p1a: Raging Bolt|0 fnt|[from] psn
|faint|p1a: Raging Bolt
|-end|p1a: Raging Bolt|Protosynthesis|[silent]
|upkeep
|
|t:|1769297273
|switch|p1a: Kingambit|Kingambit, M, shiny|100/100
|-damage|p1a: Kingambit|88/100|[from] Spikes
|-activate|p1a: Kingambit|ability: Supreme Overlord
|-start|p1a: Kingambit|fallen5|[silent]
|turn|25
|
|t:|1769297277
|move|p2a: Pecharunt|Parting Shot|p1a: Kingambit
|-unboost|p1a: Kingambit|atk|1
|-unboost|p1a: Kingambit|spa|1
|
|t:|1769297281
|switch|p2a: Iron Valiant|Iron Valiant|100/100|[from] Parting Shot
|move|p1a: Kingambit|Swords Dance|p1a: Kingambit
|-boost|p1a: Kingambit|atk|2
|
|-heal|p1a: Kingambit|94/100|[from] item: Leftovers
|upkeep
|turn|26
|
|t:|1769297288
|move|p2a: Iron Valiant|Vacuum Wave|p1a: Kingambit
|-supereffective|p1a: Kingambit
|-damage|p1a: Kingambit|0 fnt
|faint|p1a: Kingambit
|-end|p1a: Kingambit|fallen5|[silent]
|
|win|abhii.g
|raw|Player569m's rating: 1500 &rarr; <strong>1484</strong><br />(-16 for losing)
|raw|abhii.g's rating: 1572 &rarr; <strong>1588</strong><br />(+16 for winning)
