|j|☆unilens
|j|‽tasty sardine 408
|t:|1769312524
|gametype|singles
|player|p1|unilens|backersf|1632
|player|p2|tasty sardine 408|harlequin|1653
|gen|9
|tier|[Gen 9] OU
|rated|
|rule|HP Percentage Mod: HP is shown in percentages
|rule|Endless Battle Clause: Forcing endless battles is banned
|rule|Species Clause: Limit one of each Pokémon
|rule|OHKO Clause: OHKO moves are banned
|rule|Evasion Items Clause: Evasion items are banned
|rule|Evasion Moves Clause: Evasion moves are banned
|rule|Evasion Abilities Clause: Evasion abilities are banned
|rule|Sleep Moves Clause: Sleep-inducing moves are banned
|clearpoke
|poke|p1|Great Tusk|
|poke|p1|Zamazenta-*|
|poke|p1|Alomomola, M|
|poke|p1|Lokix, F|
|poke|p1|Dragapult, F|
|poke|p1|Corviknight, F|
|poke|p2|Umbreon, F|
|poke|p2|Serperior, F|
|poke|p2|Cresselia, F|
|poke|p2|Revavroom, M|
|poke|p2|Skeledirge, M|
|poke|p2|Manaphy|
|teampreview
|inactive|Battle timer is ON: inactive players will automatically lose when time's up. (requested by unilens)
|inactive|tasty sardine 408 has 120 seconds left.
|
|t:|1769312557
|teamsize|p1|6
|teamsize|p2|6
|start
|switch|p1a: Peakaboo|Lokix, F|100/100
|switch|p2a: Serperior|Serperior, F, shiny|100/100
|turn|1
|
|t:|1769312563
|-terastallize|p2a: Serperior|Electric
|-terastallize|p1a: Peakaboo|Bug
|move|p1a: Peakaboo|First Impression|p2a: Serperior
|-damage|p2a: Serperior|17/100
|move|p2a: Serperior|Glare|p1a: Peakaboo
|-status|p1a: Peakaboo|par
|
|-heal|p2a: Serperior|24/100|[from] item: Leftovers
|upkeep
|turn|2
|
|t:|1769312573
|switch|p1a: Fishy|Alomomola, M|100/100
|move|p2a: Serperior|Synthesis|p2a: Serperior
|-heal|p2a: Serperior|74/100
|
|-heal|p2a: Serperior|80/100|[from] item: Leftovers
|upkeep
|turn|3
|
|t:|1769312576
|move|p2a: Serperior|Glare|p1a: Fishy
|-status|p1a: Fishy|par
|move|p1a: Fishy|Flip Turn|p2a: Serperior
|-damage|p2a: Serperior|65/100
|
|t:|1769312578
|switch|p1a: Peakaboo|Lokix, F, tera:Bug|100/100 par|[from] Flip Turn
|
|-heal|p2a: Serperior|71/100|[from] item: Leftovers
|upkeep
|turn|4
|
|t:|1769312583
|switch|p2a: Skeledirge|Skeledirge, M, shiny|100/100
|move|p1a: Peakaboo|First Impression|p2a: Skeledirge
|-resisted|p2a: Skeledirge
|-damage|p2a: Skeledirge|70/100
|
|upkeep
|turn|5
|
|t:|1769312587
|switch|p1a: Fishy|Alomomola, M|100/100 par
|move|p2a: Skeledirge|Torch Song|p1a: Fishy
|-resisted|p1a: Fishy
|-damage|p1a: Fishy|92/100 par
|-boost|p2a: Skeledirge|spa|1
|
|upkeep
|turn|6
|
|t:|1769312592
|move|p2a: Skeledirge|Hex|p1a: Fishy
|-damage|p1a: Fishy|49/100 par
|move|p1a: Fishy|Flip Turn|p2a: Skeledirge
|-supereffective|p2a: Skeledirge
|-damage|p2a: Skeledirge|47/100
|
|t:|1769312596
|switch|p1a: Dancing Lion|Dragapult, F|100/100|[from] Flip Turn
|
|upkeep
|turn|7
|
|t:|1769312598
|move|p1a: Dancing Lion|Shadow Ball|p2a: Skeledirge
|-supereffective|p2a: Skeledirge
|-damage|p2a: Skeledirge|0 fnt
|faint|p2a: Skeledirge
|
|upkeep
|
|t:|1769312601
|switch|p2a: Umbreon|Umbreon, F, shiny|100/100
|turn|8
|
|t:|1769312608
|switch|p1a: Fishy|Alomomola, M|82/100 par
|move|p2a: Umbreon|Foul Play|p1a: Fishy
|-damage|p1a: Fishy|66/100 par
|
|upkeep
|turn|9
|
|t:|1769312614
|move|p2a: Umbreon|Foul Play|p1a: Fishy
|-damage|p1a: Fishy|49/100 par
|move|p1a: Fishy|Flip Turn|p2a: Umbreon
|-damage|p2a: Umbreon|89/100
|
|t:|1769312621
|switch|p1a: Peakaboo|Lokix, F, tera:Bug|100/100 par|[from] Flip Turn
|
|-heal|p2a: Umbreon|95/100|[from] item: Leftovers
|upkeep
|turn|10
|
|t:|1769312623
|move|p2a: Umbreon|Protect|p2a: Umbreon
|-singleturn|p2a: Umbreon|Protect
|move|p1a: Peakaboo|First Impression|p2a: Umbreon
|-activate|p2a: Umbreon|move: Protect
|
|-heal|p2a: Umbreon|100/100|[from] item: Leftovers
|upkeep
|turn|11
|
|t:|1769312625
|switch|p1a: Fishy|Alomomola, M|82/100 par
|move|p2a: Umbreon|Foul Play|p1a: Fishy
|-damage|p1a: Fishy|66/100 par
|
|upkeep
|turn|12
|
|t:|1769312628
|move|p2a: Umbreon|Wish|p2a: Umbreon
|move|p1a: Fishy|Flip Turn|p2a: Umbreon
|-damage|p2a: Umbreon|89/100
|
|t:|1769312638
|switch|p1a: Peakaboo|Lokix, F, tera:Bug|100/100 par|[from] Flip Turn
|
|-heal|p2a: Umbreon|95/100|[from] item: Leftovers
|upkeep
|turn|13
|
|t:|1769312641
|move|p2a: Umbreon|Foul Play|p1a: Peakaboo
|-damage|p1a: Peakaboo|34/100 par
|move|p1a: Peakaboo|U-turn|p2a: Umbreon
|-supereffective|p2a: Umbreon
|-damage|p2a: Umbreon|0 fnt
|faint|p2a: Umbreon
|
|t:|1769312646
|switch|p1a: Dancing Lion|Dragapult, F|100/100|[from] U-turn
|
|upkeep
|
|t:|1769312652
|switch|p2a: Manaphy|Manaphy, shiny|100/100
|turn|14
|
|t:|1769312656
|move|p1a: Dancing Lion|Draco Meteor|p2a: Manaphy
|-damage|p2a: Manaphy|30/100
|-unboost|p1a: Dancing Lion|spa|2
|move|p2a: Manaphy|Take Heart|p2a: Manaphy
|-boost|p2a: Manaphy|spa|1
|-boost|p2a: Manaphy|spd|1
|
|-heal|p2a: Manaphy|36/100|[from] item: Leftovers
|upkeep
|turn|15
|
|t:|1769312662
|switch|p1a: Fishy|Alomomola, M|99/100 par
|move|p2a: Manaphy|Take Heart|p2a: Manaphy
|-boost|p2a: Manaphy|spa|1
|-boost|p2a: Manaphy|spd|1
|
|-heal|p2a: Manaphy|42/100|[from] item: Leftovers
|upkeep
|turn|16
|
|t:|1769312664
|move|p2a: Manaphy|Take Heart|p2a: Manaphy
|-boost|p2a: Manaphy|spa|1
|-boost|p2a: Manaphy|spd|1
|move|p1a: Fishy|Flip Turn|p2a: Manaphy
|-resisted|p2a: Manaphy
|-damage|p2a: Manaphy|36/100
|
|t:|1769312669
|switch|p1a: Peakaboo|Lokix, F, tera:Bug|34/100 par|[from] Flip Turn
|
|-heal|p2a: Manaphy|42/100|[from] item: Leftovers
|upkeep
|turn|17
|
|t:|1769312672
|cant|p1a: Peakaboo|par
|move|p2a: Manaphy|Acid Armor|p2a: Manaphy
|-boost|p2a: Manaphy|def|2
|
|-heal|p2a: Manaphy|48/100|[from] item: Leftovers
|upkeep
|turn|18
|
|t:|1769312675
|switch|p1a: Fishy|Alomomola, M|100/100 par
|move|p2a: Manaphy|Take Heart|p2a: Manaphy
|-boost|p2a: Manaphy|spa|1
|-boost|p2a: Manaphy|spd|1
|
|-heal|p2a: Manaphy|54/100|[from] item: Leftovers
|upkeep
|turn|19
|
|t:|1769312678
|move|p2a: Manaphy|Take Heart|p2a: Manaphy
|-boost|p2a: Manaphy|spa|1
|-boost|p2a: Manaphy|spd|1
|move|p1a: Fishy|Flip Turn|p2a: Manaphy
|-resisted|p2a: Manaphy
|-crit|p2a: Manaphy
|-damage|p2a: Manaphy|43/100
|
|t:|1769312688
|switch|p1a: Peakaboo|Lokix, F, tera:Bug|34/100 par|[from] Flip Turn
|
|-heal|p2a: Manaphy|50/100|[from] item: Leftovers
|upkeep
|turn|20
|
|t:|1769312693
|move|p2a: Manaphy|Scald|p1a: Peakaboo
|-damage|p1a: Peakaboo|0 fnt
|faint|p1a: Peakaboo
|
|-heal|p2a: Manaphy|56/100|[from] item: Leftovers
|upkeep
|
|t:|1769312702
|switch|p1a: Not so great|Great Tusk, shiny|100/100
|turn|21
|
|t:|1769312719
|move|p2a: Manaphy|Scald|p1a: Not so great
|-supereffective|p1a: Not so great
|-damage|p1a: Not so great|0 fnt
|faint|p1a: Not so great
|-end|p1a: Not so great|Protosynthesis|[silent]
|
|-heal|p2a: Manaphy|62/100|[from] item: Leftovers
|upkeep
|-message|unilens forfeited.
|
|win|tasty sardine 408
|raw|unilens's rating: 1632 &rarr; <strong>1613</strong><br />(-19 for losing)
|raw|tasty sardine 408's rating: 1653 &rarr; <strong>1672</strong><br />(+19 for winning)
|l|☆unilens
|player|p1|
|l|‽tasty sardine 408
|player|p2|
