|j|☆TheStrok
|j|☆rauchui
|t:|1769395587
|gametype|singles
|player|p1|TheStrok|janitor|1314
|player|p2|rauchui|sabrina|1256
|gen|9
|tier|[Gen 9] OU
|rated|
|rule|HP Percentage Mod: HP is shown in percentages
|rule|Endless Battle Clause: Forcing endless battles is banned
|rule|Species Clause: Limit one of each Pokémon
|rule|OHKO Clause: OHKO moves are banned
|rule|Evasion Items Clause: Evasion items are banned
|rule|Evasion Moves Clause: Evasion moves are banned
|rule|Evasion Abilities Clause: Evasion abilities are banned
|rule|Sleep Moves Clause: Sleep-inducing moves are banned
|clearpoke
|poke|p1|Okidogi, M|
|poke|p1|Mew|
|poke|p1|Darkrai|
|poke|p1|Rillaboom, F|
|poke|p1|Blaziken, F|
|poke|p1|Gliscor, M|
|poke|p2|Samurott-Hisui, F|
|poke|p2|Primarina, F|
|poke|p2|Tyranitar, M|
|poke|p2|Excadrill, M|
|poke|p2|Ogerpon-Wellspring, F|
|poke|p2|Moltres|
|teampreview
|inactive|Battle timer is ON: inactive players will automatically lose when time's up. (requested by rauchui)
|
|t:|1769395620
|teamsize|p1|6
|teamsize|p2|6
|start
|switch|p1a: I need you.|Okidogi, M|100/100
|switch|p2a: Samurott|Samurott-Hisui, F, shiny|100/100
|turn|1
|
|t:|1769395626
|move|p2a: Samurott|Flip Turn|p1a: I need you.
|-damage|p1a: I need you.|77/100
|
|t:|1769395633
|switch|p2a: Moltres|Moltres, shiny|100/100|[from] Flip Turn
|move|p1a: I need you.|Gunk Shot|p2a: Moltres
|-damage|p2a: Moltres|54/100
|
|upkeep
|turn|2
|
|t:|1769395644
|move|p2a: Moltres|Roost|p2a: Moltres
|-heal|p2a: Moltres|100/100
|-singleturn|p2a: Moltres|move: Roost
|move|p1a: I need you.|Gunk Shot|p2a: Moltres
|-damage|p2a: Moltres|51/100
|
|upkeep
|turn|3
|
|t:|1769395655
|move|p2a: Moltres|Roost|p2a: Moltres
|-heal|p2a: Moltres|100/100
|-singleturn|p2a: Moltres|move: Roost
|move|p1a: I need you.|Gunk Shot|p2a: Moltres
|-damage|p2a: Moltres|57/100
|
|upkeep
|turn|4
|j| cletus van damm
|j| mistahmerrikuu
|
|t:|1769395682
|switch|p1a: Noobscor|Gliscor, M|100/100
|move|p2a: Moltres|U-turn|p1a: Noobscor
|-resisted|p1a: Noobscor
|-damage|p1a: Noobscor|95/100
|
|t:|1769395689
|switch|p2a: Primarina|Primarina, F, shiny|100/100|[from] U-turn
|
|-status|p1a: Noobscor|tox|[from] item: Toxic Orb
|upkeep
|turn|5
|
|t:|1769395695
|switch|p1a: I need you.|Okidogi, M|77/100
|move|p2a: Primarina|Ice Beam|p1a: I need you.
|-damage|p1a: I need you.|54/100
|
|upkeep
|turn|6
|
|t:|1769395723
|move|p1a: I need you.|Drain Punch|p2a: Primarina
|-resisted|p2a: Primarina
|-damage|p2a: Primarina|71/100
|-heal|p1a: I need you.|66/100|[from] drain|[of] p2a: Primarina
|move|p2a: Primarina|Flip Turn|p1a: I need you.
|-damage|p1a: I need you.|53/100
|
|t:|1769395730
|switch|p2a: Excadrill|Excadrill, M, shiny|100/100|[from] Flip Turn
|-item|p2a: Excadrill|Air Balloon
|
|upkeep
|turn|7
|
|t:|1769395737
|switch|p1a: Ungrown monkey|Rillaboom, F|100/100
|-fieldstart|move: Grassy Terrain|[from] ability: Grassy Surge|[of] p1a: Ungrown monkey
|move|p2a: Excadrill|Earthquake|p1a: Ungrown monkey
|-resisted|p1a: Ungrown monkey
|-damage|p1a: Ungrown monkey|87/100
|
|-heal|p1a: Ungrown monkey|93/100|[from] Grassy Terrain
|upkeep
|turn|8
|
|t:|1769395746
|switch|p2a: Moltres|Moltres, shiny|57/100
|switch|p1a: ON|Darkrai|100/100
|
|upkeep
|turn|9
|
|t:|1769395761
|switch|p1a: I need you.|Okidogi, M|53/100
|switch|p2a: Primarina|Primarina, F, shiny|71/100
|
|-heal|p1a: I need you.|59/100|[from] Grassy Terrain
|-heal|p2a: Primarina|77/100|[from] Grassy Terrain
|-heal|p2a: Primarina|83/100|[from] item: Leftovers
|upkeep
|turn|10
|
|t:|1769395776
|move|p1a: I need you.|Gunk Shot|p2a: Primarina
|-supereffective|p2a: Primarina
|-damage|p2a: Primarina|0 fnt
|faint|p2a: Primarina
|
|-heal|p1a: I need you.|65/100|[from] Grassy Terrain
|upkeep
|
|t:|1769395782
|switch|p2a: Ogerpon|Ogerpon-Wellspring, F|100/100
|turn|11
|
|t:|1769395797
|-terastallize|p1a: I need you.|Water
|move|p2a: Ogerpon|Ivy Cudgel|p1a: I need you.|[anim] Ivy Cudgel Water
|-resisted|p1a: I need you.
|-damage|p1a: I need you.|43/100
|move|p1a: I need you.|Gunk Shot|p2a: Ogerpon
|-supereffective|p2a: Ogerpon
|-damage|p2a: Ogerpon|0 fnt
|faint|p2a: Ogerpon
|
|-heal|p1a: I need you.|49/100|[from] Grassy Terrain
|-fieldend|move: Grassy Terrain
|upkeep
|
|t:|1769395802
|switch|p2a: Samurott|Samurott-Hisui, F, shiny|100/100
|turn|12
|
|t:|1769395809
|move|p2a: Samurott|Ceaseless Edge|p1a: I need you.|[miss]
|-miss|p2a: Samurott|p1a: I need you.
|move|p1a: I need you.|Drain Punch|p2a: Samurott
|-supereffective|p2a: Samurott
|-damage|p2a: Samurott|0 fnt
|-heal|p1a: I need you.|92/100|[from] drain|[of] p2a: Samurott
|faint|p2a: Samurott
|
|upkeep
|
|t:|1769395814
|switch|p2a: Tyranitar|Tyranitar, M, shiny|100/100
|-weather|Sandstorm|[from] ability: Sand Stream|[of] p2a: Tyranitar
|turn|13
|
|t:|1769395818
|switch|p2a: Moltres|Moltres, shiny|57/100
|move|p1a: I need you.|Drain Punch|p2a: Moltres
|-resisted|p2a: Moltres
|-damage|p2a: Moltres|43/100
|-heal|p1a: I need you.|99/100|[from] drain|[of] p2a: Moltres
|-status|p2a: Moltres|tox|[from] ability: Toxic Chain|[of] p1a: I need you.
|
|-weather|Sandstorm|[upkeep]
|-damage|p2a: Moltres|37/100 tox|[from] Sandstorm
|-damage|p1a: I need you.|93/100|[from] Sandstorm
|-damage|p2a: Moltres|31/100 tox|[from] psn
|upkeep
|turn|14
|
|t:|1769395834
|move|p1a: I need you.|Gunk Shot|p2a: Moltres
|-damage|p2a: Moltres|0 fnt
|faint|p2a: Moltres
|
|-weather|Sandstorm|[upkeep]
|-damage|p1a: I need you.|87/100|[from] Sandstorm
|upkeep
|
|t:|1769395837
|switch|p2a: Excadrill|Excadrill, M, shiny|100/100
|-item|p2a: Excadrill|Air Balloon
|turn|15
|j| imbleach
|
|t:|1769395851
|-terastallize|p2a: Excadrill|Ground
|move|p2a: Excadrill|Swords Dance|p2a: Excadrill
|-boost|p2a: Excadrill|atk|2
|move|p1a: I need you.|Drain Punch|p2a: Excadrill
|-damage|p2a: Excadrill|40/100
|-heal|p1a: I need you.|100/100|[from] drain|[of] p2a: Excadrill
|-enditem|p2a: Excadrill|Air Balloon
|
|-weather|Sandstorm|[upkeep]
|-damage|p1a: I need you.|94/100|[from] Sandstorm
|upkeep
|turn|16
|
|t:|1769395867
|switch|p1a: Noobscor|Gliscor, M|95/100 tox
|move|p2a: Excadrill|Earthquake|p1a: Noobscor
|-immune|p1a: Noobscor
|
|-weather|Sandstorm|[upkeep]
|-heal|p1a: Noobscor|100/100 tox|[from] ability: Poison Heal
|upkeep
|turn|17
|
|t:|1769395870
|move|p1a: Noobscor|Protect|p1a: Noobscor
|-singleturn|p1a: Noobscor|Protect
|move|p2a: Excadrill|Iron Head|p1a: Noobscor
|-activate|p1a: Noobscor|move: Protect
|
|-weather|Sandstorm|[upkeep]
|upkeep
|turn|18
|
|t:|1769395875
|move|p2a: Excadrill|Iron Head|p1a: Noobscor
|-damage|p1a: Noobscor|36/100 tox
|move|p1a: Noobscor|Facade|p2a: Excadrill
|-damage|p2a: Excadrill|0 fnt
|faint|p2a: Excadrill
|
|-weather|Sandstorm|[upkeep]
|-heal|p1a: Noobscor|48/100 tox|[from] ability: Poison Heal
|upkeep
|
|t:|1769395879
|switch|p2a: Tyranitar|Tyranitar, M, shiny|100/100
|turn|19
|
|t:|1769395884
|switch|p1a: I need you.|Okidogi, M, tera:Water|94/100
|move|p2a: Tyranitar|Ice Beam|p1a: I need you.
|-resisted|p1a: I need you.
|-damage|p1a: I need you.|88/100
|
|-weather|Sandstorm|[upkeep]
|-damage|p1a: I need you.|81/100|[from] Sandstorm
|upkeep
|turn|20
|
|t:|1769395888
|move|p1a: I need you.|Drain Punch|p2a: Tyranitar
|-supereffective|p2a: Tyranitar
|-damage|p2a: Tyranitar|0 fnt
|-heal|p1a: I need you.|100/100|[from] drain|[of] p2a: Tyranitar
|faint|p2a: Tyranitar
|
|win|TheStrok
|raw|TheStrok's rating: 1314 &rarr; <strong>1331</strong><br />(+17 for winning)
|raw|rauchui's rating: 1256 &rarr; <strong>1235</strong><br />(-21 for losing)
|l|☆rauchui
|player|p2|
