|j|☆johtoboi_9
|j|☆StudiousShade
|t:|1769375533
|gametype|singles
|player|p1|johtoboi_9|bugcatcher-gen4dp|1440
|player|p2|StudiousShade|nobunaga-conquest|1476
|gen|9
|tier|[Gen 9] OU
|rated|
|rule|HP Percentage Mod: HP is shown in percentages
|rule|Endless Battle Clause: Forcing endless battles is banned
|rule|Species Clause: Limit one of each Pokémon
|rule|OHKO Clause: OHKO moves are banned
|rule|Evasion Items Clause: Evasion items are banned
|rule|Evasion Moves Clause: Evasion moves are banned
|rule|Evasion Abilities Clause: Evasion abilities are banned
|rule|Sleep Moves Clause: Sleep-inducing moves are banned
|clearpoke
|poke|p1|Dragonite, M|
|poke|p1|Sinistcha-Masterpiece|
|poke|p1|Clefable, M|
|poke|p1|Vileplume, M|
|poke|p1|Gyarados, M|
|poke|p1|Blastoise, F|
|poke|p2|Ogerpon, F|
|poke|p2|Darkrai|
|poke|p2|Rillaboom, F|
|poke|p2|Garganacl, F|
|poke|p2|Zapdos|
|poke|p2|Iron Treads|
|teampreview
|
|t:|1769375542
|teamsize|p1|6
|teamsize|p2|6
|start
|switch|p1a: Blastoise|Blastoise, F|100/100
|switch|p2a: Ogerpon|Ogerpon, F|100/100
|turn|1
|
|t:|1769375554
|-terastallize|p1a: Blastoise|Grass
|move|p2a: Ogerpon|Knock Off|p1a: Blastoise
|-damage|p1a: Blastoise|48/100
|-enditem|p1a: Blastoise|White Herb|[from] move: Knock Off|[of] p2a: Ogerpon
|move|p1a: Blastoise|Ice Beam|p2a: Ogerpon
|-supereffective|p2a: Ogerpon
|-crit|p2a: Ogerpon
|-damage|p2a: Ogerpon|7/100
|
|upkeep
|turn|2
|
|t:|1769375562
|switch|p2a: Zapdos|Zapdos|100/100
|move|p1a: Blastoise|Shell Smash|p1a: Blastoise
|-unboost|p1a: Blastoise|def|1
|-unboost|p1a: Blastoise|spd|1
|-boost|p1a: Blastoise|atk|2
|-boost|p1a: Blastoise|spa|2
|-boost|p1a: Blastoise|spe|2
|
|upkeep
|turn|3
|
|t:|1769375571
|switch|p2a: Iron Treads|Iron Treads|100/100
|move|p1a: Blastoise|Ice Beam|p2a: Iron Treads
|-damage|p2a: Iron Treads|65/100
|
|upkeep
|turn|4
|
|t:|1769375576
|move|p1a: Blastoise|Surf|p2a: Iron Treads
|-supereffective|p2a: Iron Treads
|-damage|p2a: Iron Treads|0 fnt
|faint|p2a: Iron Treads
|-end|p2a: Iron Treads|Quark Drive|[silent]
|
|upkeep
|
|t:|1769375584
|switch|p2a: Rillaboom|Rillaboom, F|100/100
|-fieldstart|move: Grassy Terrain|[from] ability: Grassy Surge|[of] p2a: Rillaboom
|turn|5
|
|t:|1769375588
|move|p1a: Blastoise|Ice Beam|p2a: Rillaboom
|-supereffective|p2a: Rillaboom
|-damage|p2a: Rillaboom|0 fnt
|faint|p2a: Rillaboom
|
|-heal|p1a: Blastoise|54/100|[from] Grassy Terrain
|upkeep
|
|t:|1769375590
|switch|p2a: Ogerpon|Ogerpon, F|7/100
|turn|6
|c|☆johtoboi_9|?????
|
|t:|1769375603
|-terastallize|p2a: Ogerpon|Grass
|detailschange|p2a: Ogerpon|Ogerpon-Teal-Tera, F, tera:Grass
|-ability|p2a: Ogerpon|Embody Aspect (Teal)|boost
|-boost|p2a: Ogerpon|spe|1
|move|p2a: Ogerpon|U-turn|p1a: Blastoise
|-supereffective|p1a: Blastoise
|-damage|p1a: Blastoise|0 fnt
|faint|p1a: Blastoise
|
|t:|1769375609
|switch|p2a: Darkrai|Darkrai|100/100|[from] U-turn
|-enditem|p2a: Darkrai|Grassy Seed
|-boost|p2a: Darkrai|def|1|[from] item: Grassy Seed
|
|upkeep
|
|t:|1769375626
|switch|p1a: カイリュー|Dragonite, M|100/100
|turn|7
|
|t:|1769375630
|move|p2a: Darkrai|Will-O-Wisp|p1a: カイリュー
|-status|p1a: カイリュー|brn
|move|p1a: カイリュー|Dragon Claw|p2a: Darkrai
|-damage|p2a: Darkrai|85/100
|
|-heal|p2a: Darkrai|91/100|[from] Grassy Terrain
|-damage|p1a: カイリュー|94/100 brn|[from] brn
|upkeep
|turn|8
|
|t:|1769375639
|move|p2a: Darkrai|Nasty Plot|p2a: Darkrai
|-boost|p2a: Darkrai|spa|2
|move|p1a: カイリュー|Dragon Dance|p1a: カイリュー
|-boost|p1a: カイリュー|atk|1
|-boost|p1a: カイリュー|spe|1
|
|-heal|p2a: Darkrai|97/100|[from] Grassy Terrain
|-damage|p1a: カイリュー|88/100 brn|[from] brn
|upkeep
|turn|9
|
|t:|1769375648
|move|p1a: カイリュー|Dragon Dance|p1a: カイリュー
|-boost|p1a: カイリュー|atk|1
|-boost|p1a: カイリュー|spe|1
|move|p2a: Darkrai|Dark Pulse|p1a: カイリュー
|-damage|p1a: カイリュー|11/100 brn
|
|-heal|p2a: Darkrai|100/100|[from] Grassy Terrain
|-damage|p1a: カイリュー|5/100 brn|[from] brn
|upkeep
|turn|10
|
|t:|1769375657
|move|p1a: カイリュー|Dragon Claw|p2a: Darkrai
|-damage|p2a: Darkrai|69/100
|move|p2a: Darkrai|Nasty Plot|p2a: Darkrai
|-boost|p2a: Darkrai|spa|2
|
|-heal|p2a: Darkrai|75/100|[from] Grassy Terrain
|-damage|p1a: カイリュー|0 fnt|[from] brn
|faint|p1a: カイリュー
|upkeep
|
|t:|1769375665
|switch|p1a: Clefable|Clefable, M, shiny|100/100
|turn|11
|
|t:|1769375678
|move|p2a: Darkrai|Sludge Bomb|p1a: Clefable
|-supereffective|p1a: Clefable
|-damage|p1a: Clefable|47/100
|-status|p1a: Clefable|psn
|-enditem|p1a: Clefable|Red Card|[of] p2a: Darkrai
|drag|p2a: Zapdos|Zapdos|100/100
|move|p1a: Clefable|Cosmic Power|p1a: Clefable
|-boost|p1a: Clefable|def|1
|-boost|p1a: Clefable|spd|1
|
|-heal|p1a: Clefable|53/100 psn|[from] Grassy Terrain
|-damage|p1a: Clefable|40/100 psn|[from] psn
|upkeep
|turn|12
|
|t:|1769375688
|move|p2a: Zapdos|Hurricane|p1a: Clefable|[miss]
|-miss|p2a: Zapdos|p1a: Clefable
|move|p1a: Clefable|Cosmic Power|p1a: Clefable
|-boost|p1a: Clefable|def|1
|-boost|p1a: Clefable|spd|1
|
|-heal|p1a: Clefable|46/100 psn|[from] Grassy Terrain
|-damage|p1a: Clefable|34/100 psn|[from] psn
|-fieldend|move: Grassy Terrain
|upkeep
|turn|13
|
|t:|1769375697
|move|p2a: Zapdos|U-turn|p1a: Clefable
|-resisted|p1a: Clefable
|-damage|p1a: Clefable|31/100 psn
|
|t:|1769375698
|switch|p2a: Ogerpon|Ogerpon-Teal-Tera, F, tera:Grass|7/100|[from] U-turn
|-ability|p2a: Ogerpon|Embody Aspect (Teal)|boost
|-boost|p2a: Ogerpon|spe|1
|move|p1a: Clefable|Cosmic Power|p1a: Clefable
|-boost|p1a: Clefable|def|1
|-boost|p1a: Clefable|spd|1
|
|-damage|p1a: Clefable|19/100 psn|[from] psn
|upkeep
|turn|14
|
|t:|1769375708
|move|p2a: Ogerpon|Ivy Cudgel|p1a: Clefable
|-damage|p1a: Clefable|0 fnt
|faint|p1a: Clefable
|
|upkeep
|
|t:|1769375712
|switch|p1a: Vileplume|Vileplume, M|100/100
|turn|15
|
|t:|1769375715
|switch|p2a: Zapdos|Zapdos|100/100
|move|p1a: Vileplume|Strength Sap|p2a: Zapdos
|-unboost|p2a: Zapdos|atk|1
|
|upkeep
|turn|16
|
|t:|1769375721
|move|p2a: Zapdos|Hurricane|p1a: Vileplume
|-supereffective|p1a: Vileplume
|-damage|p1a: Vileplume|28/100
|move|p1a: Vileplume|Leech Seed|p2a: Zapdos
|-start|p2a: Zapdos|move: Leech Seed
|
|-damage|p2a: Zapdos|88/100|[from] Leech Seed|[of] p1a: Vileplume
|-heal|p1a: Vileplume|41/100|[silent]
|upkeep
|turn|17
|
|t:|1769375728
|switch|p1a: the kratom pokemon|Sinistcha-Masterpiece, shiny|100/100
|move|p2a: Zapdos|Hurricane|p1a: the kratom pokemon|[miss]
|-miss|p2a: Zapdos|p1a: the kratom pokemon
|
|-damage|p2a: Zapdos|75/100|[from] Leech Seed|[of] p1a: the kratom pokemon
|upkeep
|turn|18
|
|t:|1769375735
|move|p2a: Zapdos|Hurricane|p1a: the kratom pokemon
|-supereffective|p1a: the kratom pokemon
|-damage|p1a: the kratom pokemon|0 fnt
|faint|p1a: the kratom pokemon
|
|upkeep
|
|t:|1769375740
|switch|p1a: Gyarados|Gyarados, M, shiny|100/100
|turn|19
|
|t:|1769375743
|move|p2a: Zapdos|Discharge|p1a: Gyarados
|-supereffective|p1a: Gyarados
|-damage|p1a: Gyarados|0 fnt
|faint|p1a: Gyarados
|
|upkeep
|-message|johtoboi_9 forfeited.
|
|win|StudiousShade
|raw|johtoboi_9's rating: 1440 &rarr; <strong>1422</strong><br />(-18 for losing)
|raw|StudiousShade's rating: 1476 &rarr; <strong>1494</strong><br />(+18 for winning)
|l|☆johtoboi_9
|player|p1|
|l|☆StudiousShade
|player|p2|
