|j|☆almostnamedone
|j|☆Ddrago2009
|t:|1769305732
|gametype|singles
|player|p1|almostnamedone|265|1159
|player|p2|Ddrago2009|pokemaniac|1125
|gen|9
|tier|[Gen 9] OU
|rated|
|rule|HP Percentage Mod: HP is shown in percentages
|rule|Endless Battle Clause: Forcing endless battles is banned
|rule|Species Clause: Limit one of each Pokémon
|rule|OHKO Clause: OHKO moves are banned
|rule|Evasion Items Clause: Evasion items are banned
|rule|Evasion Moves Clause: Evasion moves are banned
|rule|Evasion Abilities Clause: Evasion abilities are banned
|rule|Sleep Moves Clause: Sleep-inducing moves are banned
|clearpoke
|poke|p1|Sandaconda, M|
|poke|p1|Ribombee, F|
|poke|p1|Manaphy|
|poke|p1|Gholdengo|
|poke|p1|Clefable, F|
|poke|p1|Zapdos|
|poke|p2|Polteageist|
|poke|p2|Indeedee-F, F|
|poke|p2|Great Tusk|
|poke|p2|Gholdengo|
|poke|p2|Cinderace, F|
|poke|p2|Dragonite, M|
|teampreview
|inactive|Battle timer is ON: inactive players will automatically lose when time's up. (requested by Ddrago2009)
|
|t:|1769305750
|teamsize|p1|6
|teamsize|p2|6
|start
|switch|p1a: Ribombee|Ribombee, F|100/100
|switch|p2a: Cinderace|Cinderace, F|100/100
|turn|1
|
|t:|1769305757
|move|p1a: Ribombee|Sticky Web|p2a: Cinderace
|-sidestart|p2: Ddrago2009|move: Sticky Web
|move|p2a: Cinderace|Pyro Ball|p1a: Ribombee
|-supereffective|p1a: Ribombee
|-enditem|p1a: Ribombee|Focus Sash
|-damage|p1a: Ribombee|1/100
|
|upkeep
|turn|2
|
|t:|1769305763
|move|p1a: Ribombee|Stun Spore|p2a: Cinderace|[miss]
|-miss|p1a: Ribombee|p2a: Cinderace
|move|p2a: Cinderace|Court Change|p2a: Cinderace
|-start|p2a: Cinderace|typechange|Normal|[from] ability: Libero
|-swapsideconditions
|-activate|p2a: Cinderace|move: Court Change
|
|upkeep
|turn|3
|
|t:|1769305767
|move|p1a: Ribombee|Sticky Web|p2a: Cinderace
|-sidestart|p2: Ddrago2009|move: Sticky Web
|move|p2a: Cinderace|U-turn|p1a: Ribombee
|-resisted|p1a: Ribombee
|-damage|p1a: Ribombee|0 fnt
|faint|p1a: Ribombee
|
|t:|1769305770
|switch|p2a: Indeedee|Indeedee-F, F|100/100|[from] U-turn
|-activate|p2a: Indeedee|move: Sticky Web
|-unboost|p2a: Indeedee|spe|1
|-fieldstart|move: Psychic Terrain|[from] ability: Psychic Surge|[of] p2a: Indeedee
|
|upkeep
|
|t:|1769305783
|switch|p1a: Sandaconda|Sandaconda, M|100/100
|-activate|p1a: Sandaconda|move: Sticky Web
|-unboost|p1a: Sandaconda|spe|1
|turn|4
|
|t:|1769305790
|move|p2a: Indeedee|Healing Wish|p2a: Indeedee
|faint|p2a: Indeedee
|move|p1a: Sandaconda|Stealth Rock|p2: Indeedee
|-sidestart|p2: Ddrago2009|move: Stealth Rock
|
|upkeep
|
|t:|1769305794
|switch|p2a: Polteageist|Polteageist|100/100
|-activate|p2a: Polteageist|move: Sticky Web
|-unboost|p2a: Polteageist|spe|1
|-damage|p2a: Polteageist|88/100|[from] Stealth Rock
|turn|5
|
|t:|1769305801
|move|p2a: Polteageist|Shell Smash|p2a: Polteageist
|-unboost|p2a: Polteageist|def|1
|-unboost|p2a: Polteageist|spd|1
|-boost|p2a: Polteageist|atk|2
|-boost|p2a: Polteageist|spa|2
|-boost|p2a: Polteageist|spe|2
|move|p1a: Sandaconda|Earthquake|p2a: Polteageist
|-crit|p2a: Polteageist
|-damage|p2a: Polteageist|0 fnt
|faint|p2a: Polteageist
|
|upkeep
|
|t:|1769305816
|switch|p2a: Cinderace|Cinderace, F|100/100
|turn|6
|
|t:|1769305828
|move|p2a: Cinderace|High Jump Kick|p1a: Sandaconda
|-start|p2a: Cinderace|typechange|Fighting|[from] ability: Libero
|-damage|p1a: Sandaconda|62/100
|move|p1a: Sandaconda|Earthquake|p2a: Cinderace
|-damage|p2a: Cinderace|52/100
|
|upkeep
|turn|7
|
|t:|1769305838
|move|p2a: Cinderace|U-turn|p1a: Sandaconda
|-damage|p1a: Sandaconda|47/100
|
|t:|1769305843
|switch|p2a: Dragonite|Dragonite, M|100/100|[from] U-turn
|move|p1a: Sandaconda|Rest|p1a: Sandaconda
|-status|p1a: Sandaconda|slp|[from] move: Rest
|-heal|p1a: Sandaconda|100/100 slp|[silent]
|-enditem|p1a: Sandaconda|Chesto Berry|[eat]
|-curestatus|p1a: Sandaconda|slp|[msg]
|
|upkeep
|turn|8
|
|t:|1769305857
|switch|p1a: Manaphy|Manaphy|100/100
|-activate|p1a: Manaphy|move: Sticky Web
|-unboost|p1a: Manaphy|spe|1
|move|p2a: Dragonite|Dragon Dance|p2a: Dragonite
|-boost|p2a: Dragonite|atk|1
|-boost|p2a: Dragonite|spe|1
|
|upkeep
|turn|9
|
|t:|1769305865
|move|p2a: Dragonite|Dragon Dance|p2a: Dragonite
|-boost|p2a: Dragonite|atk|1
|-boost|p2a: Dragonite|spe|1
|move|p1a: Manaphy|Ice Beam|p2a: Dragonite
|-supereffective|p2a: Dragonite
|-damage|p2a: Dragonite|40/100
|
|upkeep
|turn|10
|
|t:|1769305872
|-terastallize|p2a: Dragonite|Normal
|move|p2a: Dragonite|Roost|p2a: Dragonite
|-heal|p2a: Dragonite|91/100
|move|p1a: Manaphy|Ice Beam|p2a: Dragonite
|-damage|p2a: Dragonite|59/100
|
|-fieldend|move: Psychic Terrain
|upkeep
|turn|11
|
|t:|1769305880
|move|p2a: Dragonite|Extreme Speed|p1a: Manaphy
|-damage|p1a: Manaphy|26/100
|move|p1a: Manaphy|Tail Glow|p1a: Manaphy
|-boost|p1a: Manaphy|spa|3
|
|-heal|p1a: Manaphy|32/100|[from] item: Leftovers
|upkeep
|turn|12
|
|t:|1769305886
|move|p2a: Dragonite|Extreme Speed|p1a: Manaphy
|-crit|p1a: Manaphy
|-damage|p1a: Manaphy|0 fnt
|faint|p1a: Manaphy
|
|upkeep
|
|t:|1769305890
|switch|p1a: Sandaconda|Sandaconda, M|100/100
|-activate|p1a: Sandaconda|move: Sticky Web
|-unboost|p1a: Sandaconda|spe|1
|turn|13
|
|t:|1769305897
|move|p2a: Dragonite|Dragon Dance|p2a: Dragonite
|-boost|p2a: Dragonite|atk|1
|-boost|p2a: Dragonite|spe|1
|move|p1a: Sandaconda|Body Press|p2a: Dragonite
|-supereffective|p2a: Dragonite
|-damage|p2a: Dragonite|0 fnt
|faint|p2a: Dragonite
|
|upkeep
|
|t:|1769305905
|switch|p2a: Gholdengo|Gholdengo|100/100
|-activate|p2a: Gholdengo|move: Sticky Web
|-unboost|p2a: Gholdengo|spe|1
|-damage|p2a: Gholdengo|94/100|[from] Stealth Rock
|turn|14
|
|t:|1769305909
|move|p2a: Gholdengo|Trick|p1a: Sandaconda
|-activate|p2a: Gholdengo|move: Trick|[of] p1a: Sandaconda
|-item|p1a: Sandaconda|Choice Scarf|[from] move: Trick
|-enditem|p2a: Gholdengo|Choice Scarf|[silent]|[from] move: Trick
|move|p1a: Sandaconda|Earthquake|p2a: Gholdengo
|-supereffective|p2a: Gholdengo
|-damage|p2a: Gholdengo|16/100
|
|upkeep
|turn|15
|
|t:|1769305916
|move|p2a: Gholdengo|Shadow Ball|p1a: Sandaconda
|-damage|p1a: Sandaconda|46/100
|move|p1a: Sandaconda|Earthquake|p2a: Gholdengo
|-supereffective|p2a: Gholdengo
|-damage|p2a: Gholdengo|0 fnt
|faint|p2a: Gholdengo
|
|upkeep
|
|t:|1769305922
|switch|p2a: Cinderace|Cinderace, F|52/100
|-heal|p2a: Cinderace|100/100|[from] move: Healing Wish
|turn|16
|
|t:|1769305937
|move|p2a: Cinderace|Pyro Ball|p1a: Sandaconda
|-damage|p1a: Sandaconda|13/100
|move|p1a: Sandaconda|Earthquake|p2a: Cinderace
|-supereffective|p2a: Cinderace
|-damage|p2a: Cinderace|0 fnt
|faint|p2a: Cinderace
|
|upkeep
|
|t:|1769305943
|switch|p2a: Great Tusk|Great Tusk|100/100
|-activate|p2a: Great Tusk|move: Sticky Web
|-unboost|p2a: Great Tusk|spe|1
|-damage|p2a: Great Tusk|98/100|[from] Stealth Rock
|-enditem|p2a: Great Tusk|Booster Energy
|-activate|p2a: Great Tusk|ability: Protosynthesis|[fromitem]
|-start|p2a: Great Tusk|protosynthesisdef
|turn|17
|
|t:|1769305946
|move|p1a: Sandaconda|Earthquake|p2a: Great Tusk
|-damage|p2a: Great Tusk|84/100
|move|p2a: Great Tusk|Rapid Spin|p1a: Sandaconda
|-damage|p1a: Sandaconda|5/100
|-boost|p2a: Great Tusk|spe|1
|-sideend|p2: Ddrago2009|Stealth Rock|[from] move: Rapid Spin|[of] p2a: Great Tusk
|-sideend|p2: Ddrago2009|Sticky Web|[from] move: Rapid Spin|[of] p2a: Great Tusk
|
|upkeep
|turn|18
|
|t:|1769305959
|move|p2a: Great Tusk|Rapid Spin|p1a: Sandaconda
|-damage|p1a: Sandaconda|0 fnt
|-boost|p2a: Great Tusk|spe|1
|faint|p1a: Sandaconda
|
|upkeep
|
|t:|1769305967
|switch|p1a: Zapdos|Zapdos|100/100
|turn|19
|
|t:|1769305975
|move|p1a: Zapdos|Heat Wave|p2a: Great Tusk
|-damage|p2a: Great Tusk|30/100
|-damage|p1a: Zapdos|91/100|[from] item: Life Orb
|move|p2a: Great Tusk|Ice Spinner|p1a: Zapdos
|-supereffective|p1a: Zapdos
|-damage|p1a: Zapdos|30/100
|-status|p2a: Great Tusk|par|[from] ability: Static|[of] p1a: Zapdos
|
|upkeep
|turn|20
|
|t:|1769305984
|move|p1a: Zapdos|U-turn|p2a: Great Tusk
|-resisted|p2a: Great Tusk
|-damage|p2a: Great Tusk|27/100 par
|-damage|p1a: Zapdos|20/100|[from] item: Life Orb
|
|t:|1769305987
|switch|p1a: Clefable|Clefable, F|100/100|[from] U-turn
|-activate|p1a: Clefable|move: Sticky Web
|-unboost|p1a: Clefable|spe|1
|move|p2a: Great Tusk|Ice Spinner|p1a: Clefable
|-damage|p1a: Clefable|72/100
|
|-heal|p1a: Clefable|78/100|[from] item: Leftovers
|upkeep
|turn|21
|
|t:|1769305993
|move|p2a: Great Tusk|Rapid Spin|p1a: Clefable
|-damage|p1a: Clefable|61/100
|-boost|p2a: Great Tusk|spe|1
|move|p1a: Clefable|Moonblast|p2a: Great Tusk
|-supereffective|p2a: Great Tusk
|-damage|p2a: Great Tusk|0 fnt
|faint|p2a: Great Tusk
|-end|p2a: Great Tusk|Protosynthesis|[silent]
|
|win|almostnamedone
|raw|almostnamedone's rating: 1159 &rarr; <strong>1182</strong><br />(+23 for winning)
|raw|Ddrago2009's rating: 1125 &rarr; <strong>1102</strong><br />(-23 for losing)
