|j|☆Texxxaner
|j|☆Bug on my buzz
|t:|1769367685
|gametype|singles
|player|p1|Texxxaner|169|1283
|player|p2|Bug on my buzz|kieran|1234
|gen|9
|tier|[Gen 9] OU
|rated|
|rule|HP Percentage Mod: HP is shown in percentages
|rule|Endless Battle Clause: Forcing endless battles is banned
|rule|Species Clause: Limit one of each Pokémon
|rule|OHKO Clause: OHKO moves are banned
|rule|Evasion Items Clause: Evasion items are banned
|rule|Evasion Moves Clause: Evasion moves are banned
|rule|Evasion Abilities Clause: Evasion abilities are banned
|rule|Sleep Moves Clause: Sleep-inducing moves are banned
|clearpoke
|poke|p1|Pecharunt|
|poke|p1|Kingambit, F|
|poke|p1|Volcanion|
|poke|p1|Iron Valiant|
|poke|p1|Landorus-Therian, M|
|poke|p1|Deoxys-Speed|
|poke|p2|Venomoth, M|
|poke|p2|Heatran, M|
|poke|p2|Dragapult, M|
|poke|p2|Great Tusk|
|poke|p2|Weezing-Galar, M|
|poke|p2|Alomomola, M|
|teampreview
|inactive|Battle timer is ON: inactive players will automatically lose when time's up. (requested by Texxxaner)
|c|☆Bug on my buzz|Glhf
|c|☆Texxxaner|glhf
|
|t:|1769367705
|teamsize|p1|6
|teamsize|p2|6
|start
|switch|p1a: Landorus|Landorus-Therian, M|100/100
|switch|p2a: Heatran|Heatran, M, shiny|100/100
|-ability|p1a: Landorus|Intimidate|boost
|-unboost|p2a: Heatran|atk|1
|turn|1
|
|t:|1769367712
|switch|p2a: Great Tusk|Great Tusk, shiny|100/100
|move|p1a: Landorus|Stealth Rock|p2a: Great Tusk
|-sidestart|p2: Bug on my buzz|move: Stealth Rock
|
|upkeep
|turn|2
|
|t:|1769367719
|move|p1a: Landorus|U-turn|p2a: Great Tusk
|-resisted|p2a: Great Tusk
|-damage|p2a: Great Tusk|93/100
|
|t:|1769367720
|switch|p1a: Pecharunt|Pecharunt|100/100|[from] U-turn
|move|p2a: Great Tusk|Ice Spinner|p1a: Pecharunt
|-damage|p1a: Pecharunt|81/100
|
|upkeep
|turn|3
|
|t:|1769367726
|move|p1a: Pecharunt|Malignant Chain|p2a: Great Tusk
|-resisted|p2a: Great Tusk
|-damage|p2a: Great Tusk|65/100
|-status|p2a: Great Tusk|tox
|-start|p2a: Great Tusk|confusion|[from] ability: Poison Puppeteer|[of] p1a: Pecharunt
|-activate|p2a: Great Tusk|confusion
|move|p2a: Great Tusk|Headlong Rush|p1a: Pecharunt
|-supereffective|p1a: Pecharunt
|-damage|p1a: Pecharunt|4/100
|-unboost|p2a: Great Tusk|def|1
|-unboost|p2a: Great Tusk|spd|1
|
|-damage|p2a: Great Tusk|59/100 tox|[from] psn
|upkeep
|turn|4
|
|t:|1769367738
|switch|p1a: Landorus|Landorus-Therian, M|100/100
|-ability|p1a: Landorus|Intimidate|boost
|-unboost|p2a: Great Tusk|atk|1
|-end|p2a: Great Tusk|Protosynthesis|[silent]
|switch|p2a: Heatran|Heatran, M, shiny|100/100
|-damage|p2a: Heatran|88/100|[from] Stealth Rock
|
|-heal|p2a: Heatran|94/100|[from] item: Leftovers
|upkeep
|turn|5
|
|t:|1769367767
|-terastallize|p2a: Heatran|Grass
|move|p1a: Landorus|Earthquake|p2a: Heatran
|-resisted|p2a: Heatran
|-damage|p2a: Heatran|75/100
|move|p2a: Heatran|Stealth Rock|p1a: Landorus
|-sidestart|p1: Texxxaner|move: Stealth Rock
|
|-heal|p2a: Heatran|81/100|[from] item: Leftovers
|upkeep
|turn|6
|
|t:|1769367780
|move|p1a: Landorus|U-turn|p2a: Heatran
|-supereffective|p2a: Heatran
|-damage|p2a: Heatran|47/100
|
|t:|1769367788
|switch|p1a: Volcanion|Volcanion|100/100|[from] U-turn
|-damage|p1a: Volcanion|76/100|[from] Stealth Rock
|move|p2a: Heatran|Magma Storm|p1a: Volcanion
|-resisted|p1a: Volcanion
|-damage|p1a: Volcanion|64/100
|-activate|p1a: Volcanion|move: Magma Storm|[of] p2a: Heatran
|
|-heal|p1a: Volcanion|70/100|[from] item: Leftovers
|-heal|p2a: Heatran|53/100|[from] item: Leftovers
|-damage|p1a: Volcanion|57/100|[from] move: Magma Storm|[partiallytrapped]
|upkeep
|turn|7
|
|t:|1769367797
|move|p1a: Volcanion|Steam Eruption|p2a: Heatran
|-resisted|p2a: Heatran
|-damage|p2a: Heatran|33/100
|move|p2a: Heatran|Earth Power|p1a: Volcanion
|-supereffective|p1a: Volcanion
|-damage|p1a: Volcanion|0 fnt
|faint|p1a: Volcanion
|
|-heal|p2a: Heatran|39/100|[from] item: Leftovers
|upkeep
|
|t:|1769367811
|switch|p1a: Deoxys|Deoxys-Speed|100/100
|-damage|p1a: Deoxys|88/100|[from] Stealth Rock
|-ability|p1a: Deoxys|Pressure
|turn|8
|
|t:|1769367816
|move|p1a: Deoxys|Spikes|p2a: Heatran
|-sidestart|p2: Bug on my buzz|Spikes
|move|p2a: Heatran|Magma Storm|p1a: Deoxys
|-damage|p1a: Deoxys|0 fnt
|faint|p1a: Deoxys
|
|-heal|p2a: Heatran|45/100|[from] item: Leftovers
|upkeep
|
|t:|1769367824
|switch|p1a: Iron Valiant|Iron Valiant|100/100
|-damage|p1a: Iron Valiant|94/100|[from] Stealth Rock
|-enditem|p1a: Iron Valiant|Booster Energy
|-activate|p1a: Iron Valiant|ability: Quark Drive|[fromitem]
|-start|p1a: Iron Valiant|quarkdrivespe
|turn|9
|
|t:|1769367829
|move|p1a: Iron Valiant|Knock Off|p2a: Heatran
|-damage|p2a: Heatran|16/100
|-enditem|p2a: Heatran|Leftovers|[from] move: Knock Off|[of] p1a: Iron Valiant
|move|p2a: Heatran|Magma Storm|p1a: Iron Valiant
|-damage|p1a: Iron Valiant|0 fnt
|faint|p1a: Iron Valiant
|-end|p1a: Iron Valiant|Quark Drive|[silent]
|
|upkeep
|
|t:|1769367835
|switch|p1a: Landorus|Landorus-Therian, M|100/100
|-damage|p1a: Landorus|88/100|[from] Stealth Rock
|-ability|p1a: Landorus|Intimidate|boost
|-unboost|p2a: Heatran|atk|1
|turn|10
|
|t:|1769367838
|move|p1a: Landorus|U-turn|p2a: Heatran
|-supereffective|p2a: Heatran
|-damage|p2a: Heatran|0 fnt
|faint|p2a: Heatran
|
|t:|1769367849
|switch|p1a: Pecharunt|Pecharunt|4/100|[from] U-turn
|
|upkeep
|
|t:|1769367856
|switch|p2a: Dragapult|Dragapult, M, shiny|100/100
|-damage|p2a: Dragapult|88/100|[from] Stealth Rock
|-damage|p2a: Dragapult|75/100|[from] Spikes
|turn|11
|
|t:|1769367882
|move|p2a: Dragapult|Substitute|p2a: Dragapult
|-start|p2a: Dragapult|Substitute
|-damage|p2a: Dragapult|50/100
|move|p1a: Pecharunt|Recover|p1a: Pecharunt
|-heal|p1a: Pecharunt|54/100
|
|-heal|p2a: Dragapult|57/100|[from] item: Leftovers
|upkeep
|turn|12
|
|t:|1769367888
|move|p2a: Dragapult|Will-O-Wisp|p1a: Pecharunt
|-status|p1a: Pecharunt|brn
|move|p1a: Pecharunt|Shadow Ball|p2a: Dragapult
|-supereffective|p2a: Dragapult
|-end|p2a: Dragapult|Substitute
|
|-heal|p2a: Dragapult|63/100|[from] item: Leftovers
|-damage|p1a: Pecharunt|48/100 brn|[from] brn
|upkeep
|turn|13
|
|t:|1769367893
|move|p2a: Dragapult|Hex|p1a: Pecharunt
|-supereffective|p1a: Pecharunt
|-damage|p1a: Pecharunt|0 fnt
|faint|p1a: Pecharunt
|
|-heal|p2a: Dragapult|69/100|[from] item: Leftovers
|upkeep
|
|t:|1769367897
|switch|p1a: Kingambit|Kingambit, F|100/100
|-damage|p1a: Kingambit|94/100|[from] Stealth Rock
|-activate|p1a: Kingambit|ability: Supreme Overlord
|-start|p1a: Kingambit|fallen4|[silent]
|turn|14
|
|t:|1769367901
|move|p2a: Dragapult|Will-O-Wisp|p1a: Kingambit
|-status|p1a: Kingambit|brn
|move|p1a: Kingambit|Iron Head|p2a: Dragapult
|-damage|p2a: Dragapult|34/100
|
|-heal|p2a: Dragapult|40/100|[from] item: Leftovers
|-heal|p1a: Kingambit|100/100 brn|[from] item: Leftovers
|-damage|p1a: Kingambit|94/100 brn|[from] brn
|upkeep
|turn|15
|
|t:|1769367908
|move|p1a: Kingambit|Sucker Punch|p2a: Dragapult
|-supereffective|p2a: Dragapult
|-damage|p2a: Dragapult|0 fnt
|faint|p2a: Dragapult
|
|-heal|p1a: Kingambit|100/100 brn|[from] item: Leftovers
|-damage|p1a: Kingambit|94/100 brn|[from] brn
|upkeep
|
|t:|1769367910
|switch|p2a: Great Tusk|Great Tusk, shiny|59/100 tox
|turn|16
|
|t:|1769367932
|-terastallize|p1a: Kingambit|Fighting
|move|p2a: Great Tusk|Rapid Spin|p1a: Kingambit
|-damage|p1a: Kingambit|79/100 brn
|-boost|p2a: Great Tusk|spe|1
|-sideend|p2: Bug on my buzz|Spikes|[from] move: Rapid Spin|[of] p2a: Great Tusk
|-sideend|p2: Bug on my buzz|Stealth Rock|[from] move: Rapid Spin|[of] p2a: Great Tusk
|move|p1a: Kingambit|Swords Dance|p1a: Kingambit
|-boost|p1a: Kingambit|atk|2
|
|-heal|p1a: Kingambit|85/100 brn|[from] item: Leftovers
|-damage|p2a: Great Tusk|53/100 tox|[from] psn
|-damage|p1a: Kingambit|79/100 brn|[from] brn
|upkeep
|turn|17
|
|t:|1769367938
|move|p2a: Great Tusk|Headlong Rush|p1a: Kingambit
|-damage|p1a: Kingambit|21/100 brn
|-unboost|p2a: Great Tusk|def|1
|-unboost|p2a: Great Tusk|spd|1
|move|p1a: Kingambit|Swords Dance|p1a: Kingambit
|-boost|p1a: Kingambit|atk|2
|
|-heal|p1a: Kingambit|27/100 brn|[from] item: Leftovers
|-damage|p2a: Great Tusk|40/100 tox|[from] psn
|-damage|p1a: Kingambit|21/100 brn|[from] brn
|upkeep
|turn|18
|
|t:|1769367951
|-end|p2a: Great Tusk|Protosynthesis|[silent]
|switch|p2a: Alomomola|Alomomola, M, shiny|100/100
|move|p1a: Kingambit|Sucker Punch||[still]
|-fail|p1a: Kingambit
|
|-heal|p1a: Kingambit|27/100 brn|[from] item: Leftovers
|-damage|p1a: Kingambit|21/100 brn|[from] brn
|upkeep
|turn|19
|
|t:|1769367954
|move|p1a: Kingambit|Low Kick|p2a: Alomomola
|-damage|p2a: Alomomola|49/100
|move|p2a: Alomomola|Wish|p2a: Alomomola
|
|-heal|p1a: Kingambit|27/100 brn|[from] item: Leftovers
|-heal|p2a: Alomomola|55/100|[from] item: Leftovers
|-damage|p1a: Kingambit|21/100 brn|[from] brn
|upkeep
|turn|20
|
|t:|1769367969
|move|p2a: Alomomola|Protect|p2a: Alomomola
|-singleturn|p2a: Alomomola|Protect
|move|p1a: Kingambit|Swords Dance|p1a: Kingambit
|-boost|p1a: Kingambit|atk|2
|
|-heal|p2a: Alomomola|100/100|[from] move: Wish|[wisher] Alomomola
|-heal|p1a: Kingambit|27/100 brn|[from] item: Leftovers
|-damage|p1a: Kingambit|21/100 brn|[from] brn
|upkeep
|turn|21
|
|t:|1769367983
|move|p1a: Kingambit|Low Kick|p2a: Alomomola
|-damage|p2a: Alomomola|33/100
|move|p2a: Alomomola|Wish|p2a: Alomomola
|
|-heal|p1a: Kingambit|27/100 brn|[from] item: Leftovers
|-heal|p2a: Alomomola|39/100|[from] item: Leftovers
|-damage|p1a: Kingambit|21/100 brn|[from] brn
|upkeep
|turn|22
|
|t:|1769367997
|switch|p2a: Weezing|Weezing-Galar, M, shiny|100/100
|-ability|p2a: Weezing|Neutralizing Gas
|-item|p2a: Weezing|Air Balloon
|move|p1a: Kingambit|Low Kick|p2a: Weezing
|-resisted|p2a: Weezing
|-damage|p2a: Weezing|93/100
|-enditem|p2a: Weezing|Air Balloon
|
|-heal|p2a: Weezing|100/100|[from] move: Wish|[wisher] Alomomola
|-heal|p1a: Kingambit|27/100 brn|[from] item: Leftovers
|-damage|p1a: Kingambit|21/100 brn|[from] brn
|upkeep
|turn|23
|
|t:|1769368003
|move|p1a: Kingambit|Iron Head|p2a: Weezing
|-supereffective|p2a: Weezing
|-damage|p2a: Weezing|0 fnt
|faint|p2a: Weezing
|-end|p2a: Weezing|ability: Neutralizing Gas
|-activate|p1a: Kingambit|ability: Supreme Overlord
|-start|p1a: Kingambit|fallen4|[silent]
|
|-heal|p1a: Kingambit|27/100 brn|[from] item: Leftovers
|-damage|p1a: Kingambit|21/100 brn|[from] brn
|upkeep
|
|t:|1769368007
|switch|p2a: Venomoth|Venomoth, M, shiny|100/100
|turn|24
|
|t:|1769368017
|move|p2a: Venomoth|Quiver Dance|p2a: Venomoth
|-boost|p2a: Venomoth|spa|1
|-boost|p2a: Venomoth|spd|1
|-boost|p2a: Venomoth|spe|1
|move|p1a: Kingambit|Iron Head|p2a: Venomoth
|-damage|p2a: Venomoth|0 fnt
|faint|p2a: Venomoth
|
|-heal|p1a: Kingambit|27/100 brn|[from] item: Leftovers
|-damage|p1a: Kingambit|21/100 brn|[from] brn
|upkeep
|
|t:|1769368021
|switch|p2a: Alomomola|Alomomola, M, shiny|72/100
|turn|25
|
|t:|1769368023
|move|p1a: Kingambit|Low Kick|p2a: Alomomola
|-damage|p2a: Alomomola|9/100
|move|p2a: Alomomola|Wish|p2a: Alomomola
|
|-heal|p1a: Kingambit|27/100 brn|[from] item: Leftovers
|-heal|p2a: Alomomola|15/100|[from] item: Leftovers
|-damage|p1a: Kingambit|21/100 brn|[from] brn
|upkeep
|turn|26
|
|t:|1769368029
|move|p2a: Alomomola|Protect|p2a: Alomomola
|-singleturn|p2a: Alomomola|Protect
|move|p1a: Kingambit|Low Kick|p2a: Alomomola
|-activate|p2a: Alomomola|move: Protect
|
|-heal|p2a: Alomomola|65/100|[from] move: Wish|[wisher] Alomomola
|-heal|p1a: Kingambit|27/100 brn|[from] item: Leftovers
|-heal|p2a: Alomomola|72/100|[from] item: Leftovers
|-damage|p1a: Kingambit|21/100 brn|[from] brn
|upkeep
|turn|27
|
|t:|1769368031
|move|p1a: Kingambit|Low Kick|p2a: Alomomola
|-damage|p2a: Alomomola|0 fnt
|faint|p2a: Alomomola
|
|-heal|p1a: Kingambit|27/100 brn|[from] item: Leftovers
|-damage|p1a: Kingambit|21/100 brn|[from] brn
|upkeep
|
|t:|1769368033
|switch|p2a: Great Tusk|Great Tusk, shiny|40/100 tox
|turn|28
|c|☆Bug on my buzz|Ggs
|
|t:|1769368045
|move|p1a: Kingambit|Sucker Punch|p2a: Great Tusk
|-resisted|p2a: Great Tusk
|-damage|p2a: Great Tusk|2/100 tox
|move|p2a: Great Tusk|Headlong Rush|p1a: Kingambit
|-damage|p1a: Kingambit|0 fnt
|-unboost|p2a: Great Tusk|def|1
|-unboost|p2a: Great Tusk|spd|1
|faint|p1a: Kingambit
|-end|p1a: Kingambit|fallen4|[silent]
|
|-damage|p2a: Great Tusk|0 fnt|[from] psn
|faint|p2a: Great Tusk
|-end|p2a: Great Tusk|Protosynthesis|[silent]
|
|win|Texxxaner
|raw|Texxxaner's rating: 1283 &rarr; <strong>1304</strong><br />(+21 for winning)
|raw|Bug on my buzz's rating: 1234 &rarr; <strong>1213</strong><br />(-21 for losing)
|l|☆Bug on my buzz
|player|p2|
|c|☆Texxxaner|gg
|l|☆Texxxaner
|player|p1|
