|j|☆industriedutabac
|j|☆bvbjonas98
|t:|1769337785
|gametype|singles
|player|p1|industriedutabac|101|1545
|player|p2|bvbjonas98|wattson|1599
|gen|9
|tier|[Gen 9] OU
|rated|
|rule|HP Percentage Mod: HP is shown in percentages
|rule|Endless Battle Clause: Forcing endless battles is banned
|rule|Species Clause: Limit one of each Pokémon
|rule|OHKO Clause: OHKO moves are banned
|rule|Evasion Items Clause: Evasion items are banned
|rule|Evasion Moves Clause: Evasion moves are banned
|rule|Evasion Abilities Clause: Evasion abilities are banned
|rule|Sleep Moves Clause: Sleep-inducing moves are banned
|clearpoke
|poke|p1|Lokix, F|
|poke|p1|Ogerpon-Wellspring, F|
|poke|p1|Magnezone|
|poke|p1|Weezing-Galar, F|
|poke|p1|Tyranitar, F|
|poke|p1|Excadrill, F|
|poke|p2|Ceruledge, M|
|poke|p2|Clefable, M|
|poke|p2|Corviknight, M|
|poke|p2|Rotom-Wash|
|poke|p2|Clodsire, M|
|poke|p2|Meowscarada, F|
|teampreview
|inactive|Battle timer is ON: inactive players will automatically lose when time's up. (requested by industriedutabac)
|
|t:|1769337795
|teamsize|p1|6
|teamsize|p2|6
|start
|switch|p1a: Lokix|Lokix, F|100/100
|switch|p2a: Meowscarada|Meowscarada, F|100/100
|turn|1
|
|t:|1769337801
|switch|p2a: Corviknight|Corviknight, M|100/100
|move|p1a: Lokix|U-turn|p2a: Corviknight
|-resisted|p2a: Corviknight
|-damage|p2a: Corviknight|88/100
|-damage|p1a: Lokix|84/100|[from] item: Rocky Helmet|[of] p2a: Corviknight
|
|t:|1769337803
|switch|p1a: Magnezone|Magnezone|100/100|[from] U-turn
|
|upkeep
|turn|2
|
|t:|1769337815
|move|p1a: Magnezone|Thunderbolt|p2a: Corviknight
|-supereffective|p2a: Corviknight
|-crit|p2a: Corviknight
|-damage|p2a: Corviknight|0 fnt
|faint|p2a: Corviknight
|
|upkeep
|
|t:|1769337834
|switch|p2a: Clodsire|Clodsire, M|100/100
|turn|3
|
|t:|1769337844
|switch|p1a: Lokix|Lokix, F|84/100
|move|p2a: Clodsire|Stealth Rock|p1a: Lokix
|-sidestart|p1: industriedutabac|move: Stealth Rock
|
|upkeep
|turn|4
|
|t:|1769337852
|switch|p2a: Clefable|Clefable, M|100/100
|-terastallize|p1a: Lokix|Bug
|move|p1a: Lokix|Leech Life|p2a: Clefable
|-resisted|p2a: Clefable
|-crit|p2a: Clefable
|-damage|p2a: Clefable|39/100
|-heal|p1a: Lokix|100/100|[from] drain|[of] p2a: Clefable
|
|upkeep
|turn|5
|
|t:|1769337861
|switch|p2a: Ceruledge|Ceruledge, M, shiny|100/100
|move|p1a: Lokix|U-turn|p2a: Ceruledge
|-resisted|p2a: Ceruledge
|-damage|p2a: Ceruledge|73/100
|
|t:|1769337869
|switch|p1a: Ogerpon|Ogerpon-Wellspring, F|100/100|[from] U-turn
|-damage|p1a: Ogerpon|88/100|[from] Stealth Rock
|
|-heal|p2a: Ceruledge|79/100|[from] item: Leftovers
|upkeep
|turn|6
|
|t:|1769337878
|switch|p2a: Clodsire|Clodsire, M|100/100
|move|p1a: Ogerpon|U-turn|p2a: Clodsire
|-resisted|p2a: Clodsire
|-damage|p2a: Clodsire|86/100
|
|t:|1769337885
|switch|p1a: Lokix|Lokix, F, tera:Bug|100/100|[from] U-turn
|-damage|p1a: Lokix|76/100|[from] Stealth Rock
|
|-heal|p2a: Clodsire|93/100|[from] item: Black Sludge
|upkeep
|turn|7
|
|t:|1769337894
|switch|p2a: Clefable|Clefable, M|39/100
|move|p1a: Lokix|Leech Life|p2a: Clefable
|-resisted|p2a: Clefable
|-damage|p2a: Clefable|0 fnt
|-heal|p1a: Lokix|100/100|[from] drain|[of] p2a: Clefable
|faint|p2a: Clefable
|
|upkeep
|
|t:|1769337910
|switch|p2a: Rotom|Rotom-Wash|100/100
|turn|8
|
|t:|1769337916
|move|p2a: Rotom|Hydro Pump|p1a: Lokix
|-damage|p1a: Lokix|5/100
|move|p1a: Lokix|U-turn|p2a: Rotom
|-damage|p2a: Rotom|40/100
|
|t:|1769337920
|switch|p1a: Ogerpon|Ogerpon-Wellspring, F|88/100|[from] U-turn
|-damage|p1a: Ogerpon|76/100|[from] Stealth Rock
|
|upkeep
|turn|9
|
|t:|1769337928
|switch|p2a: Clodsire|Clodsire, M|93/100
|move|p1a: Ogerpon|U-turn|p2a: Clodsire
|-resisted|p2a: Clodsire
|-damage|p2a: Clodsire|77/100
|
|t:|1769337930
|switch|p1a: Weezing|Weezing-Galar, F|100/100|[from] U-turn
|-ability|p1a: Weezing|Neutralizing Gas
|-damage|p1a: Weezing|88/100|[from] Stealth Rock
|
|-heal|p2a: Clodsire|83/100|[from] item: Black Sludge
|upkeep
|turn|10
|
|t:|1769337942
|move|p1a: Weezing|Will-O-Wisp|p2a: Clodsire
|-status|p2a: Clodsire|brn
|move|p2a: Clodsire|Earthquake|p1a: Weezing
|-supereffective|p1a: Weezing
|-damage|p1a: Weezing|68/100
|-enditem|p1a: Weezing|Eject Button
|
|t:|1769337950
|-end|p1a: Weezing|ability: Neutralizing Gas
|switch|p1a: Excadrill|Excadrill, F|100/100
|-damage|p1a: Excadrill|97/100|[from] Stealth Rock
|-item|p1a: Excadrill|Air Balloon
|
|-heal|p2a: Clodsire|89/100 brn|[from] item: Black Sludge
|-damage|p2a: Clodsire|83/100 brn|[from] brn
|upkeep
|turn|11
|
|t:|1769337968
|switch|p2a: Ceruledge|Ceruledge, M, shiny|79/100
|move|p1a: Excadrill|Rapid Spin|p2a: Ceruledge
|-immune|p2a: Ceruledge
|
|-heal|p2a: Ceruledge|85/100|[from] item: Leftovers
|upkeep
|turn|12
|
|t:|1769337976
|switch|p1a: Tyranitar|Tyranitar, F|100/100
|-damage|p1a: Tyranitar|88/100|[from] Stealth Rock
|-weather|Sandstorm|[from] ability: Sand Stream|[of] p1a: Tyranitar
|move|p2a: Ceruledge|Bitter Blade|p1a: Tyranitar
|-resisted|p1a: Tyranitar
|-crit|p1a: Tyranitar
|-damage|p1a: Tyranitar|64/100
|-heal|p2a: Ceruledge|99/100|[from] drain|[of] p1a: Tyranitar
|
|-weather|Sandstorm|[upkeep]
|-damage|p2a: Ceruledge|93/100|[from] Sandstorm
|-heal|p2a: Ceruledge|99/100|[from] item: Leftovers
|upkeep
|turn|13
|
|t:|1769337991
|switch|p2a: Meowscarada|Meowscarada, F|100/100
|move|p1a: Tyranitar|Stealth Rock|p2a: Meowscarada
|-sidestart|p2: bvbjonas98|move: Stealth Rock
|
|-weather|Sandstorm|[upkeep]
|-damage|p2a: Meowscarada|94/100|[from] Sandstorm
|upkeep
|turn|14
|
|t:|1769338000
|switch|p1a: Magnezone|Magnezone|100/100
|-damage|p1a: Magnezone|94/100|[from] Stealth Rock
|move|p2a: Meowscarada|Knock Off|p1a: Magnezone
|-start|p2a: Meowscarada|typechange|Dark|[from] ability: Protean
|-damage|p1a: Magnezone|58/100
|-damage|p2a: Meowscarada|78/100|[from] item: Rocky Helmet|[of] p1a: Magnezone
|-enditem|p1a: Magnezone|Rocky Helmet|[from] move: Knock Off|[of] p2a: Meowscarada
|
|-weather|Sandstorm|[upkeep]
|-damage|p2a: Meowscarada|72/100|[from] Sandstorm
|upkeep
|turn|15
|
|t:|1769338012
|move|p2a: Meowscarada|U-turn|p1a: Magnezone
|-resisted|p1a: Magnezone
|-crit|p1a: Magnezone
|-damage|p1a: Magnezone|47/100
|
|t:|1769338020
|switch|p2a: Clodsire|Clodsire, M|83/100 brn|[from] U-turn
|-damage|p2a: Clodsire|77/100 brn|[from] Stealth Rock
|move|p1a: Magnezone|Body Press|p2a: Clodsire
|-resisted|p2a: Clodsire
|-damage|p2a: Clodsire|62/100 brn
|
|-weather|Sandstorm|[upkeep]
|-heal|p2a: Clodsire|69/100 brn|[from] item: Black Sludge
|-damage|p2a: Clodsire|62/100 brn|[from] brn
|upkeep
|turn|16
|
|t:|1769338030
|switch|p1a: Excadrill|Excadrill, F|97/100
|-damage|p1a: Excadrill|94/100|[from] Stealth Rock
|-item|p1a: Excadrill|Air Balloon
|move|p2a: Clodsire|Earthquake|p1a: Excadrill
|-immune|p1a: Excadrill
|
|-weather|Sandstorm|[upkeep]
|-heal|p2a: Clodsire|69/100 brn|[from] item: Black Sludge
|-damage|p2a: Clodsire|62/100 brn|[from] brn
|upkeep
|turn|17
|
|t:|1769338047
|move|p1a: Excadrill|Swords Dance|p1a: Excadrill
|-boost|p1a: Excadrill|atk|2
|move|p2a: Clodsire|Recover|p2a: Clodsire
|-heal|p2a: Clodsire|100/100 brn
|
|-weather|Sandstorm|[upkeep]
|-damage|p2a: Clodsire|94/100 brn|[from] brn
|upkeep
|turn|18
|-message|bvbjonas98 forfeited.
|
|win|industriedutabac
|raw|industriedutabac's rating: 1545 &rarr; <strong>1568</strong><br />(+23 for winning)
|raw|bvbjonas98's rating: 1599 &rarr; <strong>1576</strong><br />(-23 for losing)
|l|☆bvbjonas98
|player|p2|
|l|☆industriedutabac
|player|p1|
