|j|☆kuzwa
|j|☆rickyflames1
|t:|1769401342
|gametype|singles
|player|p1|kuzwa|clerk|1377
|player|p2|rickyflames1|102|1408
|gen|9
|tier|[Gen 9] OU
|rated|
|rule|HP Percentage Mod: HP is shown in percentages
|rule|Endless Battle Clause: Forcing endless battles is banned
|rule|Species Clause: Limit one of each Pokémon
|rule|OHKO Clause: OHKO moves are banned
|rule|Evasion Items Clause: Evasion items are banned
|rule|Evasion Moves Clause: Evasion moves are banned
|rule|Evasion Abilities Clause: Evasion abilities are banned
|rule|Sleep Moves Clause: Sleep-inducing moves are banned
|clearpoke
|poke|p1|Dragapult, M|
|poke|p1|Slowking-Galar, M|
|poke|p1|Grafaiai, M|
|poke|p1|Alomomola, M|
|poke|p1|Weezing-Galar, M|
|poke|p1|Blissey, F|
|poke|p2|Chansey, F|
|poke|p2|Gliscor, M|
|poke|p2|Mandibuzz, F|
|poke|p2|Deoxys-Defense|
|poke|p2|Landorus-Therian, M|
|poke|p2|Iron Valiant|
|teampreview
|inactive|Battle timer is ON: inactive players will automatically lose when time's up. (requested by kuzwa)
|
|t:|1769401362
|teamsize|p1|6
|teamsize|p2|6
|start
|switch|p1a: Joga|Grafaiai, M|100/100
|switch|p2a: Landorus|Landorus-Therian, M, shiny|100/100
|-ability|p2a: Landorus|Intimidate|boost
|-unboost|p1a: Joga|atk|1
|turn|1
|
|t:|1769401375
|move|p1a: Joga|Toxic|p2a: Landorus
|-status|p2a: Landorus|tox
|move|p2a: Landorus|U-turn|p1a: Joga
|-resisted|p1a: Joga
|-damage|p1a: Joga|81/100
|
|t:|1769401382
|switch|p2a: Gliscor|Gliscor, M, shiny|100/100|[from] U-turn
|
|-status|p2a: Gliscor|tox|[from] item: Toxic Orb
|upkeep
|turn|2
|
|t:|1769401390
|move|p1a: Joga|Parting Shot|p2a: Gliscor
|-unboost|p2a: Gliscor|atk|1
|-unboost|p2a: Gliscor|spa|1
|
|t:|1769401394
|switch|p1a: Moltisanti|Weezing-Galar, M|100/100|[from] Parting Shot
|-ability|p1a: Moltisanti|Neutralizing Gas
|move|p2a: Gliscor|Earthquake|p1a: Moltisanti
|-supereffective|p1a: Moltisanti
|-damage|p1a: Moltisanti|64/100
|
|-damage|p2a: Gliscor|94/100 tox|[from] psn
|upkeep
|turn|3
|
|t:|1769401409
|switch|p2a: Chansey|Chansey, F, shiny|100/100
|-end|p1a: Moltisanti|ability: Neutralizing Gas
|switch|p1a: Unworthy of Name|Alomomola, M|100/100
|
|upkeep
|turn|4
|
|t:|1769401418
|move|p2a: Chansey|Stealth Rock|p1a: Unworthy of Name
|-sidestart|p1: kuzwa|move: Stealth Rock
|move|p1a: Unworthy of Name|Wish|p1a: Unworthy of Name
|
|upkeep
|turn|5
|
|t:|1769401430
|move|p2a: Chansey|Heal Bell|p2a: Chansey
|-activate|p2a: Chansey|move: Heal Bell
|-curestatus|p2: Landorus|tox|[msg]
|-curestatus|p2: Gliscor|tox|[msg]
|move|p1a: Unworthy of Name|Flip Turn|p2a: Chansey
|-damage|p2a: Chansey|76/100
|
|t:|1769401434
|switch|p1a: Moltisanti|Weezing-Galar, M|64/100|[from] Flip Turn
|-ability|p1a: Moltisanti|Neutralizing Gas
|
|-heal|p1a: Moltisanti|100/100|[from] move: Wish|[wisher] Unworthy of Name
|upkeep
|turn|6
|
|t:|1769401452
|switch|p2a: Mandibuzz|Mandibuzz, F, shiny|100/100
|move|p1a: Moltisanti|Toxic|p2a: Mandibuzz
|-status|p2a: Mandibuzz|tox
|
|-damage|p2a: Mandibuzz|94/100 tox|[from] psn
|upkeep
|turn|7
|
|t:|1769401463
|switch|p2a: Chansey|Chansey, F, shiny|76/100
|move|p1a: Moltisanti|Defog|p2a: Chansey
|-unboost|p2a: Chansey|evasion|1
|-sideend|p1: kuzwa|Stealth Rock|[from] move: Defog|[of] p1a: Moltisanti
|
|upkeep
|turn|8
|
|t:|1769401471
|move|p1a: Moltisanti|Toxic|p2a: Chansey
|-status|p2a: Chansey|tox
|move|p2a: Chansey|Heal Bell|p2a: Chansey
|-activate|p2a: Chansey|move: Heal Bell
|-curestatus|p2a: Chansey|tox|[msg]
|-curestatus|p2: Mandibuzz|tox|[msg]
|
|upkeep
|turn|9
|
|t:|1769401479
|switch|p2a: Gliscor|Gliscor, M, shiny|94/100
|move|p1a: Moltisanti|Toxic|p2a: Gliscor
|-status|p2a: Gliscor|tox
|
|-damage|p2a: Gliscor|88/100 tox|[from] psn
|upkeep
|turn|10
|
|t:|1769401489
|-end|p1a: Moltisanti|ability: Neutralizing Gas
|switch|p1a: Unworthy of Name|Alomomola, M|100/100
|move|p2a: Gliscor|Swords Dance|p2a: Gliscor
|-boost|p2a: Gliscor|atk|2
|
|-heal|p2a: Gliscor|100/100 tox|[from] ability: Poison Heal
|upkeep
|turn|11
|
|t:|1769401499
|move|p2a: Gliscor|Facade|p1a: Unworthy of Name
|-damage|p1a: Unworthy of Name|58/100
|-damage|p2a: Gliscor|84/100 tox|[from] item: Rocky Helmet|[of] p1a: Unworthy of Name
|move|p1a: Unworthy of Name|Flip Turn|p2a: Gliscor
|-supereffective|p2a: Gliscor
|-damage|p2a: Gliscor|50/100 tox
|
|t:|1769401503
|switch|p1a: Moltisanti|Weezing-Galar, M|100/100|[from] Flip Turn
|-ability|p1a: Moltisanti|Neutralizing Gas
|
|-damage|p2a: Gliscor|32/100 tox|[from] psn
|upkeep
|turn|12
|
|t:|1769401516
|-terastallize|p1a: Moltisanti|Flying
|move|p2a: Gliscor|Earthquake|p1a: Moltisanti
|-immune|p1a: Moltisanti
|move|p1a: Moltisanti|Flamethrower|p2a: Gliscor
|-damage|p2a: Gliscor|4/100 tox
|
|-damage|p2a: Gliscor|0 fnt|[from] psn
|faint|p2a: Gliscor
|upkeep
|
|t:|1769401534
|switch|p2a: Iron Valiant|Iron Valiant|100/100
|turn|13
|
|t:|1769401541
|move|p2a: Iron Valiant|Swords Dance|p2a: Iron Valiant
|-boost|p2a: Iron Valiant|atk|2
|move|p1a: Moltisanti|Toxic|p2a: Iron Valiant
|-status|p2a: Iron Valiant|tox
|
|-damage|p2a: Iron Valiant|94/100 tox|[from] psn
|upkeep
|turn|14
|
|t:|1769401551
|-end|p1a: Moltisanti|ability: Neutralizing Gas
|switch|p1a: Joga|Grafaiai, M|81/100
|-enditem|p2a: Iron Valiant|Booster Energy
|-activate|p2a: Iron Valiant|ability: Quark Drive|[fromitem]
|-start|p2a: Iron Valiant|quarkdriveatk
|move|p2a: Iron Valiant|Encore||[still]
|-fail|p2a: Iron Valiant
|
|-damage|p2a: Iron Valiant|82/100 tox|[from] psn
|upkeep
|turn|15
|
|t:|1769401563
|move|p1a: Joga|Encore||[still]
|-fail|p1a: Joga
|move|p2a: Iron Valiant|Drain Punch|p1a: Joga
|-damage|p1a: Joga|0 fnt
|-heal|p2a: Iron Valiant|100/100 tox|[from] drain|[of] p1a: Joga
|faint|p1a: Joga
|
|-damage|p2a: Iron Valiant|82/100 tox|[from] psn
|upkeep
|
|t:|1769401575
|switch|p1a: Miracle Musical|Slowking-Galar, M|100/100
|turn|16
|
|t:|1769401583
|move|p2a: Iron Valiant|Knock Off|p1a: Miracle Musical
|-supereffective|p1a: Miracle Musical
|-damage|p1a: Miracle Musical|0 fnt
|-enditem|p1a: Miracle Musical|Heavy-Duty Boots|[from] move: Knock Off|[of] p2a: Iron Valiant
|faint|p1a: Miracle Musical
|
|-damage|p2a: Iron Valiant|57/100 tox|[from] psn
|upkeep
|
|t:|1769401588
|switch|p1a: Unworthy of Name|Alomomola, M|91/100
|turn|17
|
|t:|1769401595
|move|p1a: Unworthy of Name|Protect|p1a: Unworthy of Name
|-singleturn|p1a: Unworthy of Name|Protect
|move|p2a: Iron Valiant|Knock Off|p1a: Unworthy of Name
|-activate|p1a: Unworthy of Name|move: Protect
|
|-damage|p2a: Iron Valiant|26/100 tox|[from] psn
|upkeep
|turn|18
|
|t:|1769401605
|move|p2a: Iron Valiant|Knock Off|p1a: Unworthy of Name
|-damage|p1a: Unworthy of Name|46/100
|-damage|p2a: Iron Valiant|9/100 tox|[from] item: Rocky Helmet|[of] p1a: Unworthy of Name
|-enditem|p1a: Unworthy of Name|Rocky Helmet|[from] move: Knock Off|[of] p2a: Iron Valiant
|move|p1a: Unworthy of Name|Wish|p1a: Unworthy of Name
|
|-damage|p2a: Iron Valiant|0 fnt|[from] psn
|faint|p2a: Iron Valiant
|-end|p2a: Iron Valiant|Quark Drive|[silent]
|upkeep
|
|t:|1769401618
|switch|p2a: Landorus|Landorus-Therian, M, shiny|100/100
|-ability|p2a: Landorus|Intimidate|boost
|-unboost|p1a: Unworthy of Name|atk|1
|turn|19
|
|t:|1769401631
|move|p1a: Unworthy of Name|Protect|p1a: Unworthy of Name
|-singleturn|p1a: Unworthy of Name|Protect
|move|p2a: Landorus|Rock Slide|p1a: Unworthy of Name
|-activate|p1a: Unworthy of Name|move: Protect
|
|-heal|p1a: Unworthy of Name|96/100|[from] move: Wish|[wisher] Unworthy of Name
|upkeep
|turn|20
|
|t:|1769401645
|switch|p2a: Mandibuzz|Mandibuzz, F, shiny|94/100
|move|p1a: Unworthy of Name|Flip Turn|p2a: Mandibuzz
|-damage|p2a: Mandibuzz|88/100
|-damage|p1a: Unworthy of Name|79/100|[from] item: Rocky Helmet|[of] p2a: Mandibuzz
|
|t:|1769401649
|switch|p1a: Moltisanti|Weezing-Galar, M, tera:Flying|100/100|[from] Flip Turn
|-ability|p1a: Moltisanti|Neutralizing Gas
|
|upkeep
|turn|21
|
|t:|1769401657
|move|p2a: Mandibuzz|Toxic|p1a: Moltisanti
|-status|p1a: Moltisanti|tox
|move|p1a: Moltisanti|Toxic|p2a: Mandibuzz|[miss]
|-miss|p1a: Moltisanti|p2a: Mandibuzz
|
|-damage|p1a: Moltisanti|95/100 tox|[from] psn
|upkeep
|turn|22
|
|t:|1769401668
|switch|p2a: Chansey|Chansey, F, shiny|76/100
|move|p1a: Moltisanti|Toxic|p2a: Chansey
|-status|p2a: Chansey|tox
|
|-damage|p1a: Moltisanti|83/100 tox|[from] psn
|-damage|p2a: Chansey|69/100 tox|[from] psn
|upkeep
|turn|23
|
|t:|1769401677
|-end|p1a: Moltisanti|ability: Neutralizing Gas
|switch|p1a: Love and ABCs|Dragapult, M|100/100
|move|p2a: Chansey|Heal Bell|p2a: Chansey
|-activate|p2a: Chansey|move: Heal Bell
|-curestatus|p2a: Chansey|tox|[msg]
|
|upkeep
|turn|24
|
|t:|1769401686
|switch|p2a: Landorus|Landorus-Therian, M, shiny|100/100
|-ability|p2a: Landorus|Intimidate|boost
|-unboost|p1a: Love and ABCs|atk|1
|move|p1a: Love and ABCs|Dragon Darts|p2a: Landorus
|-damage|p2a: Landorus|80/100
|-anim|p1a: Love and ABCs|Dragon Darts|p2a: Landorus
|-damage|p2a: Landorus|61/100
|
|upkeep
|turn|25
|
|t:|1769401696
|move|p2a: Landorus|U-turn|p1a: Love and ABCs
|-resisted|p1a: Love and ABCs
|-damage|p1a: Love and ABCs|81/100
|
|t:|1769401700
|switch|p2a: Mandibuzz|Mandibuzz, F, shiny|88/100|[from] U-turn
|move|p1a: Love and ABCs|Will-O-Wisp|p2a: Mandibuzz
|-status|p2a: Mandibuzz|brn
|
|-damage|p2a: Mandibuzz|82/100 brn|[from] brn
|upkeep
|turn|26
|
|t:|1769401711
|switch|p1a: White Ball|Blissey, F|100/100
|move|p2a: Mandibuzz|Toxic|p1a: White Ball
|-status|p1a: White Ball|tox
|
|-damage|p1a: White Ball|94/100 tox|[from] psn
|-damage|p2a: Mandibuzz|76/100 brn|[from] brn
|upkeep
|turn|27
|
|t:|1769401720
|switch|p2a: Deoxys|Deoxys-Defense, shiny|100/100
|-ability|p2a: Deoxys|Pressure
|move|p1a: White Ball|Stealth Rock|p2a: Deoxys
|-sidestart|p2: rickyflames1|move: Stealth Rock
|
|-heal|p1a: White Ball|100/100 tox|[from] item: Leftovers
|-damage|p1a: White Ball|88/100 tox|[from] psn
|upkeep
|turn|28
|
|t:|1769401731
|move|p2a: Deoxys|Cosmic Power|p2a: Deoxys
|-boost|p2a: Deoxys|def|1
|-boost|p2a: Deoxys|spd|1
|move|p1a: White Ball|Heal Bell|p1a: White Ball
|-activate|p1a: White Ball|move: Heal Bell
|-curestatus|p1a: White Ball|tox|[msg]
|-curestatus|p1: Moltisanti|tox|[msg]
|
|-heal|p1a: White Ball|94/100|[from] item: Leftovers
|upkeep
|turn|29
|
|t:|1769401743
|switch|p1a: Moltisanti|Weezing-Galar, M, tera:Flying|83/100
|-ability|p1a: Moltisanti|Neutralizing Gas
|-terastallize|p2a: Deoxys|Steel
|move|p2a: Deoxys|Cosmic Power|p2a: Deoxys
|-boost|p2a: Deoxys|def|1
|-boost|p2a: Deoxys|spd|1
|
|upkeep
|turn|30
|
|t:|1769401753
|move|p2a: Deoxys|Cosmic Power|p2a: Deoxys
|-boost|p2a: Deoxys|def|1
|-boost|p2a: Deoxys|spd|1
|move|p1a: Moltisanti|Haze|p1a: Moltisanti
|-clearallboost
|
|upkeep
|turn|31
|
|t:|1769401764
|switch|p2a: Chansey|Chansey, F, shiny|69/100
|-damage|p2a: Chansey|57/100|[from] Stealth Rock
|move|p1a: Moltisanti|Flamethrower|p2a: Chansey
|-damage|p2a: Chansey|53/100
|
|upkeep
|turn|32
|
|t:|1769401774
|move|p1a: Moltisanti|Toxic|p2a: Chansey
|-status|p2a: Chansey|tox
|move|p2a: Chansey|Stealth Rock|p1a: Moltisanti
|-sidestart|p1: kuzwa|move: Stealth Rock
|
|-damage|p2a: Chansey|47/100 tox|[from] psn
|upkeep
|turn|33
|
|t:|1769401784
|move|p1a: Moltisanti|Flamethrower|p2a: Chansey
|-damage|p2a: Chansey|43/100 tox
|move|p2a: Chansey|Soft-Boiled|p2a: Chansey
|-heal|p2a: Chansey|93/100 tox
|
|-damage|p2a: Chansey|81/100 tox|[from] psn
|upkeep
|turn|34
|
|t:|1769401793
|-end|p1a: Moltisanti|ability: Neutralizing Gas
|switch|p1a: White Ball|Blissey, F|94/100
|-damage|p1a: White Ball|82/100|[from] Stealth Rock
|move|p2a: Chansey|Heal Bell|p2a: Chansey
|-activate|p2a: Chansey|move: Heal Bell
|-curestatus|p2a: Chansey|tox|[msg]
|-curestatus|p2: Mandibuzz|brn|[msg]
|
|-heal|p1a: White Ball|88/100|[from] item: Leftovers
|upkeep
|turn|35
|
|t:|1769401809
|switch|p2a: Landorus|Landorus-Therian, M, shiny|61/100
|-damage|p2a: Landorus|49/100|[from] Stealth Rock
|-ability|p2a: Landorus|Intimidate|boost
|-unboost|p1a: White Ball|atk|1
|move|p1a: White Ball|Seismic Toss|p2a: Landorus
|-damage|p2a: Landorus|17/100
|
|-heal|p1a: White Ball|94/100|[from] item: Leftovers
|upkeep
|turn|36
|
|t:|1769401821
|switch|p1a: Unworthy of Name|Alomomola, M|100/100
|-damage|p1a: Unworthy of Name|88/100|[from] Stealth Rock
|move|p2a: Landorus|Rock Slide|p1a: Unworthy of Name
|-damage|p1a: Unworthy of Name|71/100
|
|upkeep
|turn|37
|
|t:|1769401830
|move|p2a: Landorus|Rock Slide|p1a: Unworthy of Name
|-damage|p1a: Unworthy of Name|55/100
|move|p1a: Unworthy of Name|Wish|p1a: Unworthy of Name
|
|upkeep
|turn|38
|
|t:|1769401837
|switch|p2a: Deoxys|Deoxys-Defense, shiny, tera:Steel|100/100
|-damage|p2a: Deoxys|94/100|[from] Stealth Rock
|-ability|p2a: Deoxys|Pressure
|move|p1a: Unworthy of Name|Flip Turn|p2a: Deoxys
|-damage|p2a: Deoxys|81/100
|
|t:|1769401843
|switch|p1a: White Ball|Blissey, F|94/100|[from] Flip Turn
|-damage|p1a: White Ball|82/100|[from] Stealth Rock
|
|-heal|p1a: White Ball|100/100|[from] move: Wish|[wisher] Unworthy of Name
|upkeep
|turn|39
|
|t:|1769401852
|move|p2a: Deoxys|Cosmic Power|p2a: Deoxys
|-boost|p2a: Deoxys|def|1
|-boost|p2a: Deoxys|spd|1
|move|p1a: White Ball|Seismic Toss|p2a: Deoxys
|-damage|p2a: Deoxys|49/100
|
|upkeep
|turn|40
|
|t:|1769401862
|move|p2a: Deoxys|Cosmic Power|p2a: Deoxys
|-boost|p2a: Deoxys|def|1
|-boost|p2a: Deoxys|spd|1
|move|p1a: White Ball|Seismic Toss|p2a: Deoxys
|-damage|p2a: Deoxys|16/100
|
|upkeep
|turn|41
|
|t:|1769401875
|switch|p1a: Moltisanti|Weezing-Galar, M, tera:Flying|83/100
|-ability|p1a: Moltisanti|Neutralizing Gas
|move|p2a: Deoxys|Recover|p2a: Deoxys
|-heal|p2a: Deoxys|66/100
|
|upkeep
|turn|42
|
|t:|1769401899
|move|p2a: Deoxys|Stored Power|p1a: Moltisanti
|-damage|p1a: Moltisanti|47/100
|move|p1a: Moltisanti|Haze|p1a: Moltisanti
|-clearallboost
|
|upkeep
|turn|43
|
|t:|1769401909
|move|p2a: Deoxys|Recover|p2a: Deoxys
|-heal|p2a: Deoxys|100/100
|move|p1a: Moltisanti|Defog|p2a: Deoxys
|-unboost|p2a: Deoxys|evasion|1
|-sideend|p2: rickyflames1|Stealth Rock|[from] move: Defog|[of] p1a: Moltisanti
|-sideend|p1: kuzwa|Stealth Rock|[from] move: Defog|[of] p1a: Moltisanti
|
|upkeep
|turn|44
|
|t:|1769401917
|-end|p1a: Moltisanti|ability: Neutralizing Gas
|-ability|p2a: Deoxys|Pressure
|switch|p1a: White Ball|Blissey, F|100/100
|move|p2a: Deoxys|Cosmic Power|p2a: Deoxys
|-boost|p2a: Deoxys|def|1
|-boost|p2a: Deoxys|spd|1
|
|upkeep
|turn|45
|
|t:|1769401926
|move|p2a: Deoxys|Cosmic Power|p2a: Deoxys
|-boost|p2a: Deoxys|def|1
|-boost|p2a: Deoxys|spd|1
|move|p1a: White Ball|Stealth Rock|p2a: Deoxys
|-sidestart|p2: rickyflames1|move: Stealth Rock
|
|upkeep
|turn|46
|
|t:|1769401933
|move|p2a: Deoxys|Cosmic Power|p2a: Deoxys
|-boost|p2a: Deoxys|def|1
|-boost|p2a: Deoxys|spd|1
|move|p1a: White Ball|Seismic Toss|p2a: Deoxys
|-damage|p2a: Deoxys|68/100
|
|upkeep
|turn|47
|
|t:|1769401941
|switch|p1a: Moltisanti|Weezing-Galar, M, tera:Flying|47/100
|-ability|p1a: Moltisanti|Neutralizing Gas
|move|p2a: Deoxys|Cosmic Power|p2a: Deoxys
|-boost|p2a: Deoxys|def|1
|-boost|p2a: Deoxys|spd|1
|
|upkeep
|turn|48
|
|t:|1769401949
|move|p2a: Deoxys|Stored Power|p1a: Moltisanti
|-damage|p1a: Moltisanti|0 fnt
|faint|p1a: Moltisanti
|-end|p1a: Moltisanti|ability: Neutralizing Gas
|-ability|p2a: Deoxys|Pressure
|
|upkeep
|
|t:|1769401952
|switch|p1a: Unworthy of Name|Alomomola, M|89/100
|turn|49
|
|t:|1769401960
|move|p1a: Unworthy of Name|Protect|p1a: Unworthy of Name
|-singleturn|p1a: Unworthy of Name|Protect
|move|p2a: Deoxys|Cosmic Power|p2a: Deoxys
|-boost|p2a: Deoxys|def|1
|-boost|p2a: Deoxys|spd|1
|
|upkeep
|turn|50
|
|t:|1769401967
|move|p2a: Deoxys|Cosmic Power|p2a: Deoxys
|-boost|p2a: Deoxys|def|1
|-boost|p2a: Deoxys|spd|1
|move|p1a: Unworthy of Name|Wish|p1a: Unworthy of Name
|
|upkeep
|turn|51
|
|t:|1769401977
|move|p2a: Deoxys|Stored Power|p1a: Unworthy of Name
|-damage|p1a: Unworthy of Name|11/100
|move|p1a: Unworthy of Name|Mirror Coat|p2a: Deoxys
|-damage|p2a: Deoxys|0 fnt
|faint|p2a: Deoxys
|
|-heal|p1a: Unworthy of Name|61/100|[from] move: Wish|[wisher] Unworthy of Name
|upkeep
|
|t:|1769401992
|switch|p2a: Mandibuzz|Mandibuzz, F, shiny|76/100
|-damage|p2a: Mandibuzz|51/100|[from] Stealth Rock
|turn|52
|
|t:|1769401999
|move|p2a: Mandibuzz|Defog|p1a: Unworthy of Name
|-unboost|p1a: Unworthy of Name|evasion|1
|-sideend|p2: rickyflames1|Stealth Rock|[from] move: Defog|[of] p2a: Mandibuzz
|move|p1a: Unworthy of Name|Flip Turn|p2a: Mandibuzz
|-damage|p2a: Mandibuzz|42/100
|-damage|p1a: Unworthy of Name|45/100|[from] item: Rocky Helmet|[of] p2a: Mandibuzz
|
|t:|1769402002
|switch|p1a: White Ball|Blissey, F|100/100|[from] Flip Turn
|
|upkeep
|turn|53
|
|t:|1769402028
|move|p2a: Mandibuzz|Toxic|p1a: White Ball
|-status|p1a: White Ball|tox
|move|p1a: White Ball|Seismic Toss|p2a: Mandibuzz
|-damage|p2a: Mandibuzz|18/100
|-damage|p1a: White Ball|84/100 tox|[from] item: Rocky Helmet|[of] p2a: Mandibuzz
|
|-heal|p1a: White Ball|90/100 tox|[from] item: Leftovers
|-damage|p1a: White Ball|84/100 tox|[from] psn
|upkeep
|turn|54
|
|t:|1769402039
|move|p2a: Mandibuzz|Roost|p2a: Mandibuzz
|-heal|p2a: Mandibuzz|69/100
|-singleturn|p2a: Mandibuzz|move: Roost
|move|p1a: White Ball|Seismic Toss|p2a: Mandibuzz
|-damage|p2a: Mandibuzz|45/100
|-damage|p1a: White Ball|67/100 tox|[from] item: Rocky Helmet|[of] p2a: Mandibuzz
|
|-heal|p1a: White Ball|73/100 tox|[from] item: Leftovers
|-damage|p1a: White Ball|61/100 tox|[from] psn
|upkeep
|turn|55
|
|t:|1769402052
|switch|p2a: Landorus|Landorus-Therian, M, shiny|17/100
|-ability|p2a: Landorus|Intimidate|boost
|-unboost|p1a: White Ball|atk|1
|-curestatus|p1a: White Ball|tox|[from] ability: Natural Cure
|switch|p1a: Unworthy of Name|Alomomola, M|78/100
|
|upkeep
|turn|56
|
|t:|1769402066
|move|p2a: Landorus|U-turn|p1a: Unworthy of Name
|-damage|p1a: Unworthy of Name|63/100
|
|t:|1769402071
|switch|p2a: Mandibuzz|Mandibuzz, F, shiny|45/100|[from] U-turn
|move|p1a: Unworthy of Name|Wish|p1a: Unworthy of Name
|
|upkeep
|turn|57
|
|t:|1769402081
|move|p2a: Mandibuzz|Toxic|p1a: Unworthy of Name
|-status|p1a: Unworthy of Name|tox
|move|p1a: Unworthy of Name|Flip Turn|p2a: Mandibuzz
|-damage|p2a: Mandibuzz|35/100
|-damage|p1a: Unworthy of Name|47/100 tox|[from] item: Rocky Helmet|[of] p2a: Mandibuzz
|
|t:|1769402083
|switch|p1a: White Ball|Blissey, F|61/100|[from] Flip Turn
|
|-heal|p1a: White Ball|98/100|[from] move: Wish|[wisher] Unworthy of Name
|-heal|p1a: White Ball|100/100|[from] item: Leftovers
|upkeep
|turn|58
|
|t:|1769402101
|move|p2a: Mandibuzz|Toxic|p1a: White Ball
|-status|p1a: White Ball|tox
|move|p1a: White Ball|Stealth Rock|p2a: Mandibuzz
|-sidestart|p2: rickyflames1|move: Stealth Rock
|
|-damage|p1a: White Ball|94/100 tox|[from] psn
|upkeep
|turn|59
|
|t:|1769402109
|-curestatus|p1a: White Ball|tox|[from] ability: Natural Cure
|switch|p1a: Love and ABCs|Dragapult, M|81/100
|move|p2a: Mandibuzz|Roost|p2a: Mandibuzz
|-heal|p2a: Mandibuzz|85/100
|-singleturn|p2a: Mandibuzz|move: Roost
|
|upkeep
|turn|60
|
|t:|1769402119
|move|p1a: Love and ABCs|Will-O-Wisp|p2a: Mandibuzz
|-status|p2a: Mandibuzz|brn
|move|p2a: Mandibuzz|Foul Play|p1a: Love and ABCs
|-supereffective|p1a: Love and ABCs
|-damage|p1a: Love and ABCs|20/100
|
|-damage|p2a: Mandibuzz|79/100 brn|[from] brn
|upkeep
|turn|61
|
|t:|1769402129
|switch|p1a: White Ball|Blissey, F|94/100
|move|p2a: Mandibuzz|Defog|p1a: White Ball
|-unboost|p1a: White Ball|evasion|1
|-sideend|p2: rickyflames1|Stealth Rock|[from] move: Defog|[of] p2a: Mandibuzz
|
|-heal|p1a: White Ball|100/100|[from] item: Leftovers
|-damage|p2a: Mandibuzz|73/100 brn|[from] brn
|upkeep
|turn|62
|
|t:|1769402139
|move|p2a: Mandibuzz|Toxic|p1a: White Ball
|-status|p1a: White Ball|tox
|move|p1a: White Ball|Heal Bell|p1a: White Ball
|-activate|p1a: White Ball|move: Heal Bell
|-curestatus|p1a: White Ball|tox|[msg]
|-curestatus|p1: Unworthy of Name|tox|[msg]
|
|-damage|p2a: Mandibuzz|66/100 brn|[from] brn
|upkeep
|turn|63
|
|t:|1769402150
|move|p2a: Mandibuzz|Toxic|p1a: White Ball
|-status|p1a: White Ball|tox
|move|p1a: White Ball|Seismic Toss|p2a: Mandibuzz
|-damage|p2a: Mandibuzz|43/100 brn
|-damage|p1a: White Ball|84/100 tox|[from] item: Rocky Helmet|[of] p2a: Mandibuzz
|
|-heal|p1a: White Ball|90/100 tox|[from] item: Leftovers
|-damage|p1a: White Ball|84/100 tox|[from] psn
|-damage|p2a: Mandibuzz|37/100 brn|[from] brn
|upkeep
|turn|64
|
|t:|1769402165
|move|p2a: Mandibuzz|Roost|p2a: Mandibuzz
|-heal|p2a: Mandibuzz|87/100 brn
|-singleturn|p2a: Mandibuzz|move: Roost
|move|p1a: White Ball|Stealth Rock|p2a: Mandibuzz
|-sidestart|p2: rickyflames1|move: Stealth Rock
|
|-heal|p1a: White Ball|90/100 tox|[from] item: Leftovers
|-damage|p1a: White Ball|78/100 tox|[from] psn
|-damage|p2a: Mandibuzz|81/100 brn|[from] brn
|upkeep
|turn|65
|
|t:|1769402177
|-curestatus|p1a: White Ball|tox|[from] ability: Natural Cure
|switch|p1a: Unworthy of Name|Alomomola, M|80/100
|move|p2a: Mandibuzz|Defog|p1a: Unworthy of Name
|-unboost|p1a: Unworthy of Name|evasion|1
|-sideend|p2: rickyflames1|Stealth Rock|[from] move: Defog|[of] p2a: Mandibuzz
|
|-damage|p2a: Mandibuzz|74/100 brn|[from] brn
|upkeep
|turn|66
|
|t:|1769402187
|move|p1a: Unworthy of Name|Protect|p1a: Unworthy of Name
|-singleturn|p1a: Unworthy of Name|Protect
|move|p2a: Mandibuzz|Toxic|p1a: Unworthy of Name
|-activate|p1a: Unworthy of Name|move: Protect
|
|-damage|p2a: Mandibuzz|68/100 brn|[from] brn
|upkeep
|turn|67
|
|t:|1769402195
|move|p2a: Mandibuzz|Toxic|p1a: Unworthy of Name
|-status|p1a: Unworthy of Name|tox
|move|p1a: Unworthy of Name|Wish|p1a: Unworthy of Name
|
|-damage|p1a: Unworthy of Name|74/100 tox|[from] psn
|-damage|p2a: Mandibuzz|62/100 brn|[from] brn
|upkeep
|turn|68
|
|t:|1769402206
|move|p2a: Mandibuzz|Foul Play|p1a: Unworthy of Name
|-damage|p1a: Unworthy of Name|66/100 tox
|move|p1a: Unworthy of Name|Flip Turn|p2a: Mandibuzz
|-damage|p2a: Mandibuzz|53/100 brn
|-damage|p1a: Unworthy of Name|50/100 tox|[from] item: Rocky Helmet|[of] p2a: Mandibuzz
|
|t:|1769402209
|switch|p1a: Love and ABCs|Dragapult, M|20/100|[from] Flip Turn
|
|-heal|p1a: Love and ABCs|100/100|[from] move: Wish|[wisher] Unworthy of Name
|-damage|p2a: Mandibuzz|47/100 brn|[from] brn
|upkeep
|turn|69
|
|t:|1769402220
|move|p1a: Love and ABCs|Dragon Darts|p2a: Mandibuzz
|-damage|p2a: Mandibuzz|33/100 brn
|-anim|p1a: Love and ABCs|Dragon Darts|p2a: Mandibuzz
|-damage|p2a: Mandibuzz|19/100 brn
|move|p2a: Mandibuzz|Roost|p2a: Mandibuzz
|-heal|p2a: Mandibuzz|69/100 brn
|-singleturn|p2a: Mandibuzz|move: Roost
|
|-damage|p2a: Mandibuzz|63/100 brn|[from] brn
|upkeep
|turn|70
|
|t:|1769402232
|switch|p1a: White Ball|Blissey, F|78/100
|move|p2a: Mandibuzz|Foul Play|p1a: White Ball
|-damage|p1a: White Ball|76/100
|
|-heal|p1a: White Ball|83/100|[from] item: Leftovers
|-damage|p2a: Mandibuzz|57/100 brn|[from] brn
|upkeep
|turn|71
|
|t:|1769402241
|move|p2a: Mandibuzz|Toxic|p1a: White Ball
|-status|p1a: White Ball|tox
|move|p1a: White Ball|Stealth Rock|p2a: Mandibuzz
|-sidestart|p2: rickyflames1|move: Stealth Rock
|
|-heal|p1a: White Ball|89/100 tox|[from] item: Leftovers
|-damage|p1a: White Ball|83/100 tox|[from] psn
|-damage|p2a: Mandibuzz|51/100 brn|[from] brn
|upkeep
|turn|72
|
|t:|1769402253
|move|p2a: Mandibuzz|Defog|p1a: White Ball
|-unboost|p1a: White Ball|evasion|1
|-sideend|p2: rickyflames1|Stealth Rock|[from] move: Defog|[of] p2a: Mandibuzz
|move|p1a: White Ball|Seismic Toss|p2a: Mandibuzz
|-damage|p2a: Mandibuzz|27/100 brn
|-damage|p1a: White Ball|66/100 tox|[from] item: Rocky Helmet|[of] p2a: Mandibuzz
|
|-heal|p1a: White Ball|72/100 tox|[from] item: Leftovers
|-damage|p1a: White Ball|60/100 tox|[from] psn
|-damage|p2a: Mandibuzz|21/100 brn|[from] brn
|upkeep
|turn|73
|
|t:|1769402267
|move|p2a: Mandibuzz|Roost|p2a: Mandibuzz
|-heal|p2a: Mandibuzz|71/100 brn
|-singleturn|p2a: Mandibuzz|move: Roost
|move|p1a: White Ball|Heal Bell|p1a: White Ball
|-activate|p1a: White Ball|move: Heal Bell
|-curestatus|p1a: White Ball|tox|[msg]
|-curestatus|p1: Unworthy of Name|tox|[msg]
|
|-heal|p1a: White Ball|66/100|[from] item: Leftovers
|-damage|p2a: Mandibuzz|65/100 brn|[from] brn
|upkeep
|turn|74
|
|t:|1769402280
|move|p2a: Mandibuzz|Toxic|p1a: White Ball
|-status|p1a: White Ball|tox
|move|p1a: White Ball|Seismic Toss|p2a: Mandibuzz
|-damage|p2a: Mandibuzz|41/100 brn
|-damage|p1a: White Ball|49/100 tox|[from] item: Rocky Helmet|[of] p2a: Mandibuzz
|
|-heal|p1a: White Ball|55/100 tox|[from] item: Leftovers
|-damage|p1a: White Ball|49/100 tox|[from] psn
|-damage|p2a: Mandibuzz|35/100 brn|[from] brn
|upkeep
|turn|75
|
|t:|1769402293
|move|p2a: Mandibuzz|Roost|p2a: Mandibuzz
|-heal|p2a: Mandibuzz|85/100 brn
|-singleturn|p2a: Mandibuzz|move: Roost
|move|p1a: White Ball|Soft-Boiled|p1a: White Ball
|-heal|p1a: White Ball|99/100 tox
|
|-heal|p1a: White Ball|100/100 tox|[from] item: Leftovers
|-damage|p1a: White Ball|88/100 tox|[from] psn
|-damage|p2a: Mandibuzz|79/100 brn|[from] brn
|upkeep
|turn|76
|
|t:|1769402310
|switch|p2a: Chansey|Chansey, F, shiny|81/100
|-curestatus|p1a: White Ball|tox|[from] ability: Natural Cure
|switch|p1a: Unworthy of Name|Alomomola, M|83/100
|
|upkeep
|turn|77
|
|t:|1769402319
|move|p2a: Chansey|Stealth Rock|p1a: Unworthy of Name
|-sidestart|p1: kuzwa|move: Stealth Rock
|move|p1a: Unworthy of Name|Flip Turn|p2a: Chansey
|-damage|p2a: Chansey|53/100
|
|t:|1769402321
|switch|p1a: White Ball|Blissey, F|88/100|[from] Flip Turn
|-damage|p1a: White Ball|76/100|[from] Stealth Rock
|
|-heal|p1a: White Ball|82/100|[from] item: Leftovers
|upkeep
|turn|78
|
|t:|1769402338
|move|p1a: White Ball|Stealth Rock|p2a: Chansey
|-sidestart|p2: rickyflames1|move: Stealth Rock
|move|p2a: Chansey|Seismic Toss|p1a: White Ball
|-damage|p1a: White Ball|68/100
|
|-heal|p1a: White Ball|74/100|[from] item: Leftovers
|upkeep
|turn|79
|
|t:|1769402347
|move|p1a: White Ball|Seismic Toss|p2a: Chansey
|-damage|p2a: Chansey|39/100
|move|p2a: Chansey|Soft-Boiled|p2a: Chansey
|-heal|p2a: Chansey|89/100
|
|-heal|p1a: White Ball|80/100|[from] item: Leftovers
|upkeep
|turn|80
|
|t:|1769402357
|switch|p1a: Love and ABCs|Dragapult, M|100/100
|move|p2a: Chansey|Seismic Toss|p1a: Love and ABCs
|-immune|p1a: Love and ABCs
|
|upkeep
|turn|81
|
|t:|1769402371
|switch|p2a: Mandibuzz|Mandibuzz, F, shiny|79/100 brn
|-damage|p2a: Mandibuzz|54/100 brn|[from] Stealth Rock
|move|p1a: Love and ABCs|Dragon Darts|p2a: Mandibuzz
|-damage|p2a: Mandibuzz|40/100 brn
|-anim|p1a: Love and ABCs|Dragon Darts|p2a: Mandibuzz
|-crit|p2a: Mandibuzz
|-damage|p2a: Mandibuzz|19/100 brn
|
|-damage|p2a: Mandibuzz|13/100 brn|[from] brn
|upkeep
|turn|82
|c|☆kuzwa|Gg
|
|t:|1769402383
|move|p1a: Love and ABCs|Dragon Darts|p2a: Mandibuzz
|-damage|p2a: Mandibuzz|0 fnt
|faint|p2a: Mandibuzz
|
|upkeep
|
|t:|1769402389
|switch|p2a: Landorus|Landorus-Therian, M, shiny|17/100
|-damage|p2a: Landorus|5/100|[from] Stealth Rock
|-ability|p2a: Landorus|Intimidate|boost
|-unboost|p1a: Love and ABCs|atk|1
|turn|83
|
|t:|1769402396
|switch|p1a: Unworthy of Name|Alomomola, M|100/100
|-damage|p1a: Unworthy of Name|88/100|[from] Stealth Rock
|move|p2a: Landorus|Crunch|p1a: Unworthy of Name
|-damage|p1a: Unworthy of Name|71/100
|
|upkeep
|turn|84
|
|t:|1769402404
|move|p2a: Landorus|Crunch|p1a: Unworthy of Name
|-damage|p1a: Unworthy of Name|54/100
|move|p1a: Unworthy of Name|Flip Turn|p2a: Landorus
|-supereffective|p2a: Landorus
|-damage|p2a: Landorus|0 fnt
|faint|p2a: Landorus
|
|t:|1769402409
|switch|p1a: Love and ABCs|Dragapult, M|100/100|[from] Flip Turn
|
|upkeep
|-message|rickyflames1 forfeited.
|
|win|kuzwa
|raw|kuzwa's rating: 1377 &rarr; <strong>1399</strong><br />(+22 for winning)
|raw|rickyflames1's rating: 1408 &rarr; <strong>1386</strong><br />(-22 for losing)
|l|☆rickyflames1
|player|p2|
