|j|☆ErroDeDigitacao
|j|☆C. Eclipse
|t:|1769383828
|gametype|singles
|player|p1|ErroDeDigitacao|169|1505
|player|p2|C. Eclipse|koga|1573
|gen|9
|tier|[Gen 9] OU
|rated|
|rule|HP Percentage Mod: HP is shown in percentages
|rule|Endless Battle Clause: Forcing endless battles is banned
|rule|Species Clause: Limit one of each Pokémon
|rule|OHKO Clause: OHKO moves are banned
|rule|Evasion Items Clause: Evasion items are banned
|rule|Evasion Moves Clause: Evasion moves are banned
|rule|Evasion Abilities Clause: Evasion abilities are banned
|rule|Sleep Moves Clause: Sleep-inducing moves are banned
|clearpoke
|poke|p1|Zamazenta-*|
|poke|p1|Alomomola, M|
|poke|p1|Great Tusk|
|poke|p1|Corviknight, F|
|poke|p1|Latios, M|
|poke|p1|Iron Valiant|
|poke|p2|Darkrai|
|poke|p2|Dragonite, F|
|poke|p2|Araquanid, M|
|poke|p2|Gholdengo|
|poke|p2|Glimmora, F|
|poke|p2|Great Tusk|
|teampreview
|inactive|Battle timer is ON: inactive players will automatically lose when time's up. (requested by C. Eclipse)
|inactive|ErroDeDigitacao also wants the timer to be on.
|
|t:|1769383836
|teamsize|p1|6
|teamsize|p2|6
|start
|switch|p1a: Latios|Latios, M|100/100
|switch|p2a: Darkrai|Darkrai, shiny|100/100
|turn|1
|
|t:|1769383840
|switch|p1a: Alomomola|Alomomola, M, shiny|100/100
|move|p2a: Darkrai|Knock Off|p1a: Alomomola
|-damage|p1a: Alomomola|70/100
|-enditem|p1a: Alomomola|Assault Vest|[from] move: Knock Off|[of] p2a: Darkrai
|
|upkeep
|turn|2
|
|t:|1769383844
|move|p2a: Darkrai|Dark Pulse|p1a: Alomomola
|-damage|p1a: Alomomola|38/100
|cant|p1a: Alomomola|flinch
|
|upkeep
|turn|3
|
|t:|1769383854
|move|p2a: Darkrai|Dark Pulse|p1a: Alomomola
|-damage|p1a: Alomomola|0 fnt
|faint|p1a: Alomomola
|
|upkeep
|
|t:|1769383860
|switch|p1a: Zamazenta|Zamazenta|100/100
|-ability|p1a: Zamazenta|Dauntless Shield|boost
|-boost|p1a: Zamazenta|def|1
|turn|4
|
|t:|1769383864
|switch|p2a: Araquanid|Araquanid, M, shiny|100/100
|move|p1a: Zamazenta|Crunch|p2a: Araquanid
|-damage|p2a: Araquanid|71/100
|-enditem|p2a: Araquanid|Red Card|[of] p1a: Zamazenta
|drag|p1a: Latios|Latios, M|100/100
|
|upkeep
|turn|5
|
|t:|1769383871
|switch|p1a: Corviknight|Corviknight, F|100/100
|-ability|p1a: Corviknight|Pressure
|move|p2a: Araquanid|Sticky Web|p1a: Corviknight
|-sidestart|p1: ErroDeDigitacao|move: Sticky Web
|
|upkeep
|turn|6
|
|t:|1769383875
|switch|p2a: Gholdengo|Gholdengo|100/100
|-item|p2a: Gholdengo|Air Balloon
|move|p1a: Corviknight|Brave Bird|p2a: Gholdengo
|-resisted|p2a: Gholdengo
|-damage|p2a: Gholdengo|79/100
|-enditem|p2a: Gholdengo|Air Balloon
|-damage|p1a: Corviknight|95/100|[from] Recoil
|
|upkeep
|turn|7
|
|t:|1769383878
|move|p2a: Gholdengo|Nasty Plot|p2a: Gholdengo
|-boost|p2a: Gholdengo|spa|2
|move|p1a: Corviknight|U-turn|p2a: Gholdengo
|-resisted|p2a: Gholdengo
|-damage|p2a: Gholdengo|75/100
|
|t:|1769383880
|switch|p1a: Great Tusk|Great Tusk|100/100|[from] U-turn
|
|upkeep
|turn|8
|
|t:|1769383890
|switch|p2a: Glimmora|Glimmora, F, shiny|100/100
|move|p1a: Great Tusk|Headlong Rush|p2a: Glimmora
|-supereffective|p2a: Glimmora
|-damage|p2a: Glimmora|0 fnt
|-unboost|p1a: Great Tusk|def|1
|-unboost|p1a: Great Tusk|spd|1
|-activate|p2a: Glimmora|ability: Toxic Debris
|-sidestart|p1: ErroDeDigitacao|move: Toxic Spikes
|faint|p2a: Glimmora
|
|upkeep
|
|t:|1769383896
|switch|p2a: Darkrai|Darkrai, shiny|100/100
|turn|9
|
|t:|1769383901
|-end|p1a: Great Tusk|Protosynthesis|[silent]
|switch|p1a: Corviknight|Corviknight, F|95/100
|-ability|p1a: Corviknight|Pressure
|move|p2a: Darkrai|Ice Beam|p1a: Corviknight
|-damage|p1a: Corviknight|63/100
|
|upkeep
|turn|10
|
|t:|1769383904
|switch|p2a: Gholdengo|Gholdengo|75/100
|move|p1a: Corviknight|Roost|p1a: Corviknight
|-heal|p1a: Corviknight|100/100
|-singleturn|p1a: Corviknight|move: Roost
|
|upkeep
|turn|11
|
|t:|1769383906
|move|p2a: Gholdengo|Nasty Plot|p2a: Gholdengo
|-boost|p2a: Gholdengo|spa|2
|move|p1a: Corviknight|U-turn|p2a: Gholdengo
|-resisted|p2a: Gholdengo
|-damage|p2a: Gholdengo|71/100
|
|t:|1769383908
|switch|p1a: Great Tusk|Great Tusk|100/100|[from] U-turn
|
|upkeep
|turn|12
|
|t:|1769383912
|-terastallize|p2a: Gholdengo|Fairy
|move|p1a: Great Tusk|Headlong Rush|p2a: Gholdengo
|-damage|p2a: Gholdengo|16/100
|-unboost|p1a: Great Tusk|def|1
|-unboost|p1a: Great Tusk|spd|1
|move|p2a: Gholdengo|Dazzling Gleam|p1a: Great Tusk
|-supereffective|p1a: Great Tusk
|-damage|p1a: Great Tusk|0 fnt
|faint|p1a: Great Tusk
|-end|p1a: Great Tusk|Protosynthesis|[silent]
|
|upkeep
|
|t:|1769383916
|switch|p1a: Corviknight|Corviknight, F|100/100
|-ability|p1a: Corviknight|Pressure
|turn|13
|
|t:|1769383919
|move|p2a: Gholdengo|Shadow Ball|p1a: Corviknight
|-damage|p1a: Corviknight|22/100
|move|p1a: Corviknight|Brave Bird|p2a: Gholdengo
|-damage|p2a: Gholdengo|0 fnt
|faint|p2a: Gholdengo
|-damage|p1a: Corviknight|18/100|[from] Recoil
|
|upkeep
|
|t:|1769383931
|switch|p2a: Darkrai|Darkrai, shiny|100/100
|turn|14
|
|t:|1769383933
|move|p2a: Darkrai|Dark Pulse|p1a: Corviknight
|-damage|p1a: Corviknight|0 fnt
|faint|p1a: Corviknight
|
|upkeep
|
|t:|1769383938
|switch|p1a: Zamazenta|Zamazenta|100/100
|-activate|p1a: Zamazenta|move: Sticky Web
|-unboost|p1a: Zamazenta|spe|1
|-status|p1a: Zamazenta|psn
|turn|15
|
|t:|1769383941
|switch|p2a: Araquanid|Araquanid, M, shiny|71/100
|move|p1a: Zamazenta|Close Combat|p2a: Araquanid
|-resisted|p2a: Araquanid
|-damage|p2a: Araquanid|36/100
|-unboost|p1a: Zamazenta|def|1
|-unboost|p1a: Zamazenta|spd|1
|-damage|p1a: Zamazenta|91/100 psn|[from] item: Life Orb
|
|-damage|p1a: Zamazenta|78/100 psn|[from] psn
|upkeep
|turn|16
|
|t:|1769383944
|move|p1a: Zamazenta|Stone Edge|p2a: Araquanid
|-supereffective|p2a: Araquanid
|-crit|p2a: Araquanid
|-damage|p2a: Araquanid|0 fnt
|faint|p2a: Araquanid
|-damage|p1a: Zamazenta|68/100 psn|[from] item: Life Orb
|
|-damage|p1a: Zamazenta|56/100 psn|[from] psn
|upkeep
|
|t:|1769383947
|switch|p2a: Great Tusk|Great Tusk|100/100
|-enditem|p2a: Great Tusk|Booster Energy
|-activate|p2a: Great Tusk|ability: Protosynthesis|[fromitem]
|-start|p2a: Great Tusk|protosynthesisspe
|turn|17
|
|t:|1769383950
|move|p2a: Great Tusk|Bulk Up|p2a: Great Tusk
|-boost|p2a: Great Tusk|atk|1
|-boost|p2a: Great Tusk|def|1
|move|p1a: Zamazenta|Close Combat|p2a: Great Tusk
|-damage|p2a: Great Tusk|65/100
|-unboost|p1a: Zamazenta|def|1
|-unboost|p1a: Zamazenta|spd|1
|-damage|p1a: Zamazenta|46/100 psn|[from] item: Life Orb
|
|-damage|p1a: Zamazenta|34/100 psn|[from] psn
|upkeep
|turn|18
|
|t:|1769383951
|move|p2a: Great Tusk|Bulk Up|p2a: Great Tusk
|-boost|p2a: Great Tusk|atk|1
|-boost|p2a: Great Tusk|def|1
|move|p1a: Zamazenta|Close Combat|p2a: Great Tusk
|-damage|p2a: Great Tusk|39/100
|-unboost|p1a: Zamazenta|def|1
|-unboost|p1a: Zamazenta|spd|1
|-damage|p1a: Zamazenta|24/100 psn|[from] item: Life Orb
|
|-damage|p1a: Zamazenta|12/100 psn|[from] psn
|upkeep
|turn|19
|
|t:|1769383954
|move|p2a: Great Tusk|Bulk Up|p2a: Great Tusk
|-boost|p2a: Great Tusk|atk|1
|-boost|p2a: Great Tusk|def|1
|move|p1a: Zamazenta|Close Combat|p2a: Great Tusk
|-damage|p2a: Great Tusk|16/100
|-unboost|p1a: Zamazenta|def|1
|-unboost|p1a: Zamazenta|spd|1
|-damage|p1a: Zamazenta|2/100 psn|[from] item: Life Orb
|
|-damage|p1a: Zamazenta|0 fnt|[from] psn
|faint|p1a: Zamazenta
|upkeep
|
|t:|1769383956
|switch|p1a: Latios|Latios, M|100/100
|turn|20
|
|t:|1769383960
|move|p1a: Latios|Aura Sphere|p2a: Great Tusk
|-damage|p2a: Great Tusk|0 fnt
|faint|p2a: Great Tusk
|-end|p2a: Great Tusk|Protosynthesis|[silent]
|
|upkeep
|
|t:|1769383963
|switch|p2a: Dragonite|Dragonite, F|100/100
|turn|21
|
|t:|1769383965
|switch|p1a: Iron Valiant|Iron Valiant, shiny|100/100
|-activate|p1a: Iron Valiant|move: Sticky Web
|-unboost|p1a: Iron Valiant|spe|1
|-status|p1a: Iron Valiant|psn
|move|p2a: Dragonite|Dragon Dance|p2a: Dragonite
|-boost|p2a: Dragonite|atk|1
|-boost|p2a: Dragonite|spe|1
|
|-damage|p1a: Iron Valiant|88/100 psn|[from] psn
|upkeep
|turn|22
|
|t:|1769383968
|move|p2a: Dragonite|Earthquake|p1a: Iron Valiant
|-damage|p1a: Iron Valiant|30/100 psn
|move|p1a: Iron Valiant|Moonblast|p2a: Dragonite
|-supereffective|p2a: Dragonite
|-damage|p2a: Dragonite|54/100
|
|-damage|p1a: Iron Valiant|17/100 psn|[from] psn
|upkeep
|turn|23
|
|t:|1769383974
|move|p2a: Dragonite|Earthquake|p1a: Iron Valiant
|-damage|p1a: Iron Valiant|0 fnt
|faint|p1a: Iron Valiant
|-end|p1a: Iron Valiant|Quark Drive|[silent]
|
|upkeep
|
|t:|1769383976
|switch|p1a: Latios|Latios, M|100/100
|turn|24
|
|t:|1769383980
|move|p1a: Latios|Draco Meteor|p2a: Dragonite
|-supereffective|p2a: Dragonite
|-damage|p2a: Dragonite|0 fnt
|-unboost|p1a: Latios|spa|2
|faint|p2a: Dragonite
|
|upkeep
|
|t:|1769383984
|switch|p2a: Darkrai|Darkrai, shiny|100/100
|turn|25
|c|☆C. Eclipse|Gg
|c|☆C. Eclipse|eady game
|c|☆C. Eclipse|easy*
|
|t:|1769383994
|-terastallize|p1a: Latios|Steel
|move|p1a: Latios|Draco Meteor|p2a: Darkrai
|-damage|p2a: Darkrai|51/100
|-unboost|p1a: Latios|spa|2
|move|p2a: Darkrai|Knock Off|p1a: Latios
|-damage|p1a: Latios|40/100
|-enditem|p1a: Latios|Choice Scarf|[from] move: Knock Off|[of] p2a: Darkrai
|
|upkeep
|turn|26
|
|t:|1769383999
|move|p2a: Darkrai|Dark Pulse|p1a: Latios
|-damage|p1a: Latios|0 fnt
|faint|p1a: Latios
|
|win|C. Eclipse
|raw|ErroDeDigitacao's rating: 1505 &rarr; <strong>1489</strong><br />(-16 for losing)
|raw|C. Eclipse's rating: 1573 &rarr; <strong>1589</strong><br />(+16 for winning)
|c|☆ErroDeDigitacao|You haxed me with rai lmao
|c|☆C. Eclipse|Didnt matter
|c|☆ErroDeDigitacao|This rai would be giga dead
|l|☆C. Eclipse
|player|p2|
|j|☆C. Eclipse
|player|p2|C. Eclipse|koga|
