|j|☆Xaolinreceba2
|j|☆twin choppas
|t:|1769366534
|gametype|singles
|player|p1|Xaolinreceba2|n|1093
|player|p2|twin choppas|steven|1131
|gen|9
|tier|[Gen 9] OU
|rated|
|rule|HP Percentage Mod: HP is shown in percentages
|rule|Endless Battle Clause: Forcing endless battles is banned
|rule|Species Clause: Limit one of each Pokémon
|rule|OHKO Clause: OHKO moves are banned
|rule|Evasion Items Clause: Evasion items are banned
|rule|Evasion Moves Clause: Evasion moves are banned
|rule|Evasion Abilities Clause: Evasion abilities are banned
|rule|Sleep Moves Clause: Sleep-inducing moves are banned
|clearpoke
|poke|p1|Blaziken, M|
|poke|p1|Luxray, M|
|poke|p1|Kyurem|
|poke|p1|Diancie|
|poke|p1|Zapdos-Galar|
|poke|p1|Heracross, M|
|poke|p2|Great Tusk|
|poke|p2|Cinderace, F|
|poke|p2|Primarina, F|
|poke|p2|Kyurem|
|poke|p2|Tornadus-Therian, M|
|poke|p2|Kingambit, M|
|teampreview
|
|t:|1769366547
|teamsize|p1|6
|teamsize|p2|6
|start
|switch|p1a: Diancie|Diancie|100/100
|switch|p2a: Great Tusk|Great Tusk|100/100
|turn|1
|inactive|Battle timer is ON: inactive players will automatically lose when time's up. (requested by twin choppas)
|
|t:|1769366558
|-end|p2a: Great Tusk|Protosynthesis|[silent]
|switch|p2a: Primarina|Primarina, F|100/100
|move|p1a: Diancie|Play Rough|p2a: Primarina
|-damage|p2a: Primarina|46/100
|
|upkeep
|turn|2
|
|t:|1769366567
|move|p2a: Primarina|Psychic Noise|p1a: Diancie
|-supereffective|p1a: Diancie
|-damage|p1a: Diancie|33/100
|-start|p1a: Diancie|move: Heal Block
|move|p1a: Diancie|Play Rough|p2a: Primarina
|-damage|p2a: Primarina|0 fnt
|faint|p2a: Primarina
|
|upkeep
|
|t:|1769366586
|switch|p2a: Kyurem|Kyurem|100/100
|-ability|p2a: Kyurem|Pressure
|turn|3
|
|t:|1769366600
|move|p2a: Kyurem|Ice Beam|p1a: Diancie
|-damage|p1a: Diancie|0 fnt
|faint|p1a: Diancie
|
|upkeep
|
|t:|1769366616
|switch|p1a: Heracross|Heracross, M|100/100
|turn|4
|
|t:|1769366627
|switch|p2a: Great Tusk|Great Tusk|100/100
|move|p1a: Heracross|Earthquake|p2a: Great Tusk
|-damage|p2a: Great Tusk|65/100
|-damage|p1a: Heracross|91/100|[from] item: Life Orb
|
|upkeep
|turn|5
|
|t:|1769366643
|move|p2a: Great Tusk|Stealth Rock|p1a: Heracross
|-sidestart|p1: Xaolinreceba2|move: Stealth Rock
|move|p1a: Heracross|Megahorn|p2a: Great Tusk
|-resisted|p2a: Great Tusk
|-damage|p2a: Great Tusk|37/100
|-damage|p1a: Heracross|81/100|[from] item: Life Orb
|
|upkeep
|turn|6
|
|t:|1769366652
|move|p2a: Great Tusk|Earthquake|p1a: Heracross
|-resisted|p1a: Heracross
|-damage|p1a: Heracross|47/100
|move|p1a: Heracross|Swords Dance|p1a: Heracross
|-boost|p1a: Heracross|atk|2
|
|upkeep
|turn|7
|
|t:|1769366663
|move|p2a: Great Tusk|Earthquake|p1a: Heracross
|-resisted|p1a: Heracross
|-damage|p1a: Heracross|10/100
|move|p1a: Heracross|Knock Off|p2a: Great Tusk
|-resisted|p2a: Great Tusk
|-damage|p2a: Great Tusk|5/100
|-enditem|p2a: Great Tusk|Heavy-Duty Boots|[from] move: Knock Off|[of] p1a: Heracross
|-damage|p1a: Heracross|0 fnt|[from] item: Life Orb
|faint|p1a: Heracross
|
|upkeep
|
|t:|1769366674
|switch|p1a: Luxray|Luxray, M|100/100
|turn|8
|
|t:|1769366679
|move|p1a: Luxray|Quick Attack|p2a: Great Tusk
|-damage|p2a: Great Tusk|0 fnt
|faint|p2a: Great Tusk
|-end|p2a: Great Tusk|Protosynthesis|[silent]
|
|upkeep
|
|t:|1769366691
|switch|p2a: Kyurem|Kyurem|100/100
|-ability|p2a: Kyurem|Pressure
|turn|9
|
|t:|1769366704
|switch|p1a: Zapdos|Zapdos-Galar|100/100
|-damage|p1a: Zapdos|88/100|[from] Stealth Rock
|move|p2a: Kyurem|Draco Meteor|p1a: Zapdos
|-damage|p1a: Zapdos|0 fnt
|-unboost|p2a: Kyurem|spa|2
|faint|p1a: Zapdos
|
|upkeep
|
|t:|1769366713
|switch|p1a: Blaziken|Blaziken, M, shiny|100/100
|turn|10
|
|t:|1769366721
|switch|p2a: Tornadus|Tornadus-Therian, M|100/100
|-terastallize|p1a: Blaziken|Fairy
|move|p1a: Blaziken|Swords Dance|p1a: Blaziken
|-boost|p1a: Blaziken|atk|2
|
|-ability|p1a: Blaziken|Speed Boost|boost
|-boost|p1a: Blaziken|spe|1
|upkeep
|turn|11
|
|t:|1769366737
|move|p1a: Blaziken|Blaze Kick|p2a: Tornadus|[miss]
|-miss|p1a: Blaziken|p2a: Tornadus
|move|p2a: Tornadus|Bleakwind Storm|p1a: Blaziken|[miss]
|-miss|p2a: Tornadus|p1a: Blaziken
|
|-ability|p1a: Blaziken|Speed Boost|boost
|-boost|p1a: Blaziken|spe|1
|upkeep
|turn|12
|
|t:|1769366746
|move|p1a: Blaziken|Blaze Kick|p2a: Tornadus
|-crit|p2a: Tornadus
|-damage|p2a: Tornadus|0 fnt
|faint|p2a: Tornadus
|
|-ability|p1a: Blaziken|Speed Boost|boost
|-boost|p1a: Blaziken|spe|1
|upkeep
|inactive|twin choppas has 120 seconds left.
|inactive|twin choppas has 90 seconds left.
|
|t:|1769366812
|switch|p2a: Cinderace|Cinderace, F|100/100
|turn|13
|inactive|twin choppas has 90 seconds left.
|
|t:|1769366826
|move|p1a: Blaziken|Brick Break|p2a: Cinderace
|-damage|p2a: Cinderace|0 fnt
|faint|p2a: Cinderace
|
|-ability|p1a: Blaziken|Speed Boost|boost
|-boost|p1a: Blaziken|spe|1
|upkeep
|
|t:|1769366845
|switch|p2a: Kyurem|Kyurem|100/100
|-ability|p2a: Kyurem|Pressure
|turn|14
|
|t:|1769366852
|move|p1a: Blaziken|Brick Break|p2a: Kyurem
|-supereffective|p2a: Kyurem
|-crit|p2a: Kyurem
|-damage|p2a: Kyurem|0 fnt
|faint|p2a: Kyurem
|
|-ability|p1a: Blaziken|Speed Boost|boost
|-boost|p1a: Blaziken|spe|1
|upkeep
|
|t:|1769366856
|switch|p2a: Kingambit|Kingambit, M|100/100
|-activate|p2a: Kingambit|ability: Supreme Overlord
|-start|p2a: Kingambit|fallen5|[silent]
|turn|15
|
|t:|1769366863
|-terastallize|p2a: Kingambit|Fire
|move|p1a: Blaziken|Brick Break|p2a: Kingambit
|-damage|p2a: Kingambit|37/100
|move|p2a: Kingambit|Iron Head|p1a: Blaziken
|-supereffective|p1a: Blaziken
|-damage|p1a: Blaziken|0 fnt
|faint|p1a: Blaziken
|
|upkeep
|
|t:|1769366873
|switch|p1a: Kyurem|Kyurem|100/100
|-ability|p1a: Kyurem|Pressure
|turn|16
|
|t:|1769366883
|move|p1a: Kyurem|Earth Power|p2a: Kingambit
|-supereffective|p2a: Kingambit
|-damage|p2a: Kingambit|0 fnt
|faint|p2a: Kingambit
|-end|p2a: Kingambit|fallen5|[silent]
|
|win|Xaolinreceba2
|raw|Xaolinreceba2's rating: 1093 &rarr; <strong>1122</strong><br />(+29 for winning)
|raw|twin choppas's rating: 1131 &rarr; <strong>1103</strong><br />(-28 for losing)
|l|☆Xaolinreceba2
|player|p1|
|l|☆twin choppas
|player|p2|
