|j|☆breaker-angel
|j|☆DoublesIsForLames
|t:|1769313380
|gametype|singles
|player|p1|breaker-angel|giovanni|1105
|player|p2|DoublesIsForLames|benga|1152
|gen|9
|tier|[Gen 9] OU
|rated|
|rule|HP Percentage Mod: HP is shown in percentages
|rule|Endless Battle Clause: Forcing endless battles is banned
|rule|Species Clause: Limit one of each Pokémon
|rule|OHKO Clause: OHKO moves are banned
|rule|Evasion Items Clause: Evasion items are banned
|rule|Evasion Moves Clause: Evasion moves are banned
|rule|Evasion Abilities Clause: Evasion abilities are banned
|rule|Sleep Moves Clause: Sleep-inducing moves are banned
|clearpoke
|poke|p1|Tyranitar, M|
|poke|p1|Excadrill, F|
|poke|p1|Rillaboom, M|
|poke|p1|Heatran, F|
|poke|p1|Tornadus-Therian, M|
|poke|p1|Dragapult, M|
|poke|p2|Meganium, M|
|poke|p2|Emboar, M|
|poke|p2|Feraligatr, M|
|poke|p2|Persian-Alola, M|
|poke|p2|Slowking-Galar, M|
|poke|p2|Sinistcha|
|teampreview
|
|t:|1769313389
|teamsize|p1|6
|teamsize|p2|6
|start
|switch|p1a: Heatran|Heatran, F|100/100
|switch|p2a: Persian|Persian-Alola, M, shiny|100/100
|turn|1
|
|t:|1769313400
|move|p2a: Persian|Thunder Wave|p1a: Heatran
|-status|p1a: Heatran|par
|move|p1a: Heatran|Magma Storm|p2a: Persian
|-damage|p2a: Persian|28/100
|-activate|p2a: Persian|move: Magma Storm|[of] p1a: Heatran
|
|-damage|p2a: Persian|15/100|[from] move: Magma Storm|[partiallytrapped]
|upkeep
|turn|2
|
|t:|1769313410
|move|p2a: Persian|Parting Shot|p1a: Heatran
|-unboost|p1a: Heatran|atk|1
|-unboost|p1a: Heatran|spa|1
|
|t:|1769313424
|switch|p2a: Sinistcha|Sinistcha, shiny|100/100|[from] Parting Shot
|cant|p1a: Heatran|par
|
|upkeep
|turn|3
|
|t:|1769313432
|move|p2a: Sinistcha|Calm Mind|p2a: Sinistcha
|-boost|p2a: Sinistcha|spa|1
|-boost|p2a: Sinistcha|spd|1
|move|p1a: Heatran|Magma Storm|p2a: Sinistcha|[miss]
|-miss|p1a: Heatran|p2a: Sinistcha
|
|upkeep
|turn|4
|
|t:|1769313442
|move|p2a: Sinistcha|Calm Mind|p2a: Sinistcha
|-boost|p2a: Sinistcha|spa|1
|-boost|p2a: Sinistcha|spd|1
|move|p1a: Heatran|Taunt|p2a: Sinistcha
|-start|p2a: Sinistcha|move: Taunt
|
|upkeep
|turn|5
|
|t:|1769313452
|move|p2a: Sinistcha|Shadow Ball|p1a: Heatran
|-damage|p1a: Heatran|54/100 par
|move|p1a: Heatran|Magma Storm|p2a: Sinistcha
|-supereffective|p2a: Sinistcha
|-damage|p2a: Sinistcha|84/100
|-activate|p2a: Sinistcha|move: Magma Storm|[of] p1a: Heatran
|
|-heal|p1a: Heatran|60/100 par|[from] item: Leftovers
|-damage|p2a: Sinistcha|72/100|[from] move: Magma Storm|[partiallytrapped]
|upkeep
|turn|6
|
|t:|1769313464
|move|p2a: Sinistcha|Shadow Ball|p1a: Heatran
|-damage|p1a: Heatran|20/100 par
|move|p1a: Heatran|Stealth Rock|p2a: Sinistcha
|-sidestart|p2: DoublesIsForLames|move: Stealth Rock
|
|-heal|p1a: Heatran|26/100 par|[from] item: Leftovers
|-damage|p2a: Sinistcha|59/100|[from] move: Magma Storm|[partiallytrapped]
|upkeep
|turn|7
|
|t:|1769313478
|switch|p1a: Tyranitar|Tyranitar, M|100/100
|-weather|Sandstorm|[from] ability: Sand Stream|[of] p1a: Tyranitar
|move|p2a: Sinistcha|Shadow Ball|p1a: Tyranitar
|-resisted|p1a: Tyranitar
|-damage|p1a: Tyranitar|80/100
|
|-weather|Sandstorm|[upkeep]
|-damage|p2a: Sinistcha|53/100|[from] Sandstorm
|-end|p2a: Sinistcha|Magma Storm|[partiallytrapped]|[silent]
|-end|p2a: Sinistcha|move: Taunt
|upkeep
|turn|8
|
|t:|1769313497
|-terastallize|p2a: Sinistcha|Poison
|move|p1a: Tyranitar|Knock Off|p2a: Sinistcha
|-damage|p2a: Sinistcha|0 fnt
|-enditem|p2a: Sinistcha|Heavy-Duty Boots|[from] move: Knock Off|[of] p1a: Tyranitar
|faint|p2a: Sinistcha
|
|-weather|Sandstorm|[upkeep]
|upkeep
|
|t:|1769313511
|switch|p2a: Persian|Persian-Alola, M, shiny|15/100
|-damage|p2a: Persian|3/100|[from] Stealth Rock
|turn|9
|
|t:|1769313520
|switch|p1a: Heatran|Heatran, F|26/100 par
|move|p2a: Persian|Parting Shot|p1a: Heatran
|-unboost|p1a: Heatran|atk|1
|-unboost|p1a: Heatran|spa|1
|
|t:|1769313529
|switch|p2a: Feraligatr|Feraligatr, M|100/100|[from] Parting Shot
|-damage|p2a: Feraligatr|88/100|[from] Stealth Rock
|
|-weather|Sandstorm|[upkeep]
|-damage|p2a: Feraligatr|82/100|[from] Sandstorm
|-heal|p1a: Heatran|32/100 par|[from] item: Leftovers
|upkeep
|turn|10
|
|t:|1769313542
|move|p2a: Feraligatr|Dragon Dance|p2a: Feraligatr
|-boost|p2a: Feraligatr|atk|1
|-boost|p2a: Feraligatr|spe|1
|move|p1a: Heatran|Taunt|p2a: Feraligatr
|-start|p2a: Feraligatr|move: Taunt
|
|-weather|Sandstorm|[upkeep]
|-damage|p2a: Feraligatr|76/100|[from] Sandstorm
|-heal|p1a: Heatran|38/100 par|[from] item: Leftovers
|upkeep
|turn|11
|
|t:|1769313549
|switch|p1a: Rillaboom|Rillaboom, M|100/100
|-fieldstart|move: Grassy Terrain|[from] ability: Grassy Surge|[of] p1a: Rillaboom
|move|p2a: Feraligatr|Liquidation|p1a: Rillaboom
|-resisted|p1a: Rillaboom
|-damage|p1a: Rillaboom|55/100
|
|-weather|none
|-heal|p2a: Feraligatr|82/100|[from] Grassy Terrain
|-heal|p1a: Rillaboom|61/100|[from] Grassy Terrain
|upkeep
|turn|12
|
|t:|1769313555
|switch|p2a: Persian|Persian-Alola, M, shiny|3/100
|-damage|p2a: Persian|0 fnt|[from] Stealth Rock
|faint|p2a: Persian
|move|p1a: Rillaboom|Grassy Glide|p2: Persian|[notarget]
|-fail|p1a: Rillaboom
|
|-heal|p1a: Rillaboom|68/100|[from] Grassy Terrain
|upkeep
|
|t:|1769313567
|switch|p2a: Meganium|Meganium, M, shiny|100/100
|-damage|p2a: Meganium|88/100|[from] Stealth Rock
|turn|13
|
|t:|1769313573
|move|p1a: Rillaboom|U-turn|p2a: Meganium
|-supereffective|p2a: Meganium
|-damage|p2a: Meganium|49/100
|
|t:|1769313586
|switch|p1a: Tyranitar|Tyranitar, M|80/100|[from] U-turn
|-weather|Sandstorm|[from] ability: Sand Stream|[of] p1a: Tyranitar
|move|p2a: Meganium|Reflect|p2a: Meganium
|-sidestart|p2: DoublesIsForLames|Reflect
|
|-weather|Sandstorm|[upkeep]
|-damage|p2a: Meganium|43/100|[from] Sandstorm
|-heal|p1a: Tyranitar|86/100|[from] Grassy Terrain
|-heal|p2a: Meganium|49/100|[from] Grassy Terrain
|upkeep
|turn|14
|
|t:|1769313597
|move|p1a: Tyranitar|Ice Punch|p2a: Meganium
|-supereffective|p2a: Meganium
|-damage|p2a: Meganium|15/100
|move|p2a: Meganium|Body Press|p1a: Tyranitar
|-supereffective|p1a: Tyranitar
|-damage|p1a: Tyranitar|2/100
|
|-weather|Sandstorm|[upkeep]
|-damage|p2a: Meganium|8/100|[from] Sandstorm
|-heal|p1a: Tyranitar|8/100|[from] Grassy Terrain
|-heal|p2a: Meganium|15/100|[from] Grassy Terrain
|upkeep
|turn|15
|
|t:|1769313620
|switch|p2a: Slowking|Slowking-Galar, M, shiny|100/100
|-damage|p2a: Slowking|88/100|[from] Stealth Rock
|move|p1a: Tyranitar|Ice Punch|p2a: Slowking
|-damage|p2a: Slowking|67/100
|
|-weather|Sandstorm|[upkeep]
|-damage|p2a: Slowking|61/100|[from] Sandstorm
|-heal|p1a: Tyranitar|14/100|[from] Grassy Terrain
|-heal|p2a: Slowking|67/100|[from] Grassy Terrain
|-heal|p2a: Slowking|73/100|[from] item: Leftovers
|upkeep
|turn|16
|
|t:|1769313640
|switch|p1a: Excadrill|Excadrill, F|100/100
|move|p2a: Slowking|Sludge Bomb|p1a: Excadrill
|-immune|p1a: Excadrill
|
|-weather|Sandstorm|[upkeep]
|-damage|p2a: Slowking|67/100|[from] Sandstorm
|-heal|p2a: Slowking|73/100|[from] Grassy Terrain
|-heal|p2a: Slowking|79/100|[from] item: Leftovers
|upkeep
|turn|17
|
|t:|1769313651
|move|p1a: Excadrill|Swords Dance|p1a: Excadrill
|-boost|p1a: Excadrill|atk|2
|-prepare|p2a: Slowking|Chilly Reception|[premajor]
|move|p2a: Slowking|Chilly Reception|p2a: Slowking
|-weather|Snowscape
|
|t:|1769313657
|switch|p2a: Feraligatr|Feraligatr, M|82/100|[from] Chilly Reception
|-damage|p2a: Feraligatr|70/100|[from] Stealth Rock
|
|-weather|Snowscape|[upkeep]
|-heal|p2a: Feraligatr|76/100|[from] Grassy Terrain
|upkeep
|turn|18
|
|t:|1769313666
|move|p1a: Excadrill|Iron Head|p2a: Feraligatr
|-resisted|p2a: Feraligatr
|-damage|p2a: Feraligatr|56/100
|move|p2a: Feraligatr|Liquidation|p1a: Excadrill
|-supereffective|p1a: Excadrill
|-damage|p1a: Excadrill|0 fnt
|faint|p1a: Excadrill
|
|-weather|Snowscape|[upkeep]
|-heal|p2a: Feraligatr|63/100|[from] Grassy Terrain
|-fieldend|move: Grassy Terrain
|upkeep
|
|t:|1769313684
|switch|p1a: Dragapult|Dragapult, M|100/100
|turn|19
|
|t:|1769313695
|move|p1a: Dragapult|U-turn|p2a: Feraligatr
|-damage|p2a: Feraligatr|43/100
|
|t:|1769313704
|switch|p1a: Heatran|Heatran, F|38/100 par|[from] U-turn
|move|p2a: Feraligatr|Crunch|p1a: Heatran
|-damage|p1a: Heatran|3/100 par
|
|-weather|Snowscape|[upkeep]
|-heal|p1a: Heatran|10/100 par|[from] item: Leftovers
|upkeep
|turn|20
|
|t:|1769313717
|move|p2a: Feraligatr|Crunch|p1a: Heatran
|-damage|p1a: Heatran|0 fnt
|faint|p1a: Heatran
|
|-weather|Snowscape|[upkeep]
|-sideend|p2: DoublesIsForLames|Reflect
|upkeep
|
|t:|1769313724
|switch|p1a: Dragapult|Dragapult, M|100/100
|turn|21
|
|t:|1769313728
|switch|p2a: Meganium|Meganium, M, shiny|15/100
|-damage|p2a: Meganium|2/100|[from] Stealth Rock
|move|p1a: Dragapult|Draco Meteor|p2a: Meganium
|-damage|p2a: Meganium|0 fnt
|-unboost|p1a: Dragapult|spa|2
|faint|p2a: Meganium
|
|-weather|none
|upkeep
|
|t:|1769313742
|switch|p2a: Slowking|Slowking-Galar, M, shiny|100/100
|-damage|p2a: Slowking|88/100|[from] Stealth Rock
|turn|22
|
|t:|1769313757
|switch|p1a: Rillaboom|Rillaboom, M|68/100
|-fieldstart|move: Grassy Terrain|[from] ability: Grassy Surge|[of] p1a: Rillaboom
|-prepare|p2a: Slowking|Chilly Reception|[premajor]
|move|p2a: Slowking|Chilly Reception|p2a: Slowking
|-weather|Snowscape
|
|t:|1769313761
|switch|p2a: Emboar|Emboar, M|100/100|[from] Chilly Reception
|-damage|p2a: Emboar|88/100|[from] Stealth Rock
|
|-weather|Snowscape|[upkeep]
|-heal|p2a: Emboar|94/100|[from] Grassy Terrain
|-heal|p1a: Rillaboom|74/100|[from] Grassy Terrain
|upkeep
|turn|23
|
|t:|1769313773
|move|p2a: Emboar|Flare Blitz|p1a: Rillaboom
|-supereffective|p1a: Rillaboom
|-damage|p1a: Rillaboom|0 fnt
|faint|p1a: Rillaboom
|-damage|p2a: Emboar|68/100|[from] Recoil
|
|-weather|Snowscape|[upkeep]
|-heal|p2a: Emboar|74/100|[from] Grassy Terrain
|upkeep
|
|t:|1769313792
|switch|p1a: Tornadus|Tornadus-Therian, M|100/100
|turn|24
|
|t:|1769313802
|switch|p2a: Slowking|Slowking-Galar, M, shiny|100/100
|-damage|p2a: Slowking|88/100|[from] Stealth Rock
|move|p1a: Tornadus|Bleakwind Storm|p2a: Slowking
|-damage|p2a: Slowking|66/100
|-unboost|p2a: Slowking|spe|1
|
|-weather|Snowscape|[upkeep]
|-heal|p2a: Slowking|72/100|[from] Grassy Terrain
|-heal|p2a: Slowking|78/100|[from] item: Leftovers
|upkeep
|turn|25
|
|t:|1769313814
|move|p1a: Tornadus|Knock Off|p2a: Slowking
|-supereffective|p2a: Slowking
|-damage|p2a: Slowking|36/100
|-enditem|p2a: Slowking|Leftovers|[from] move: Knock Off|[of] p1a: Tornadus
|move|p2a: Slowking|Sludge Bomb|p1a: Tornadus
|-damage|p1a: Tornadus|64/100
|-status|p1a: Tornadus|psn
|
|-weather|Snowscape|[upkeep]
|-heal|p2a: Slowking|42/100|[from] Grassy Terrain
|-damage|p1a: Tornadus|51/100 psn|[from] psn
|upkeep
|turn|26
|
|t:|1769313829
|switch|p2a: Emboar|Emboar, M|74/100
|-damage|p2a: Emboar|61/100|[from] Stealth Rock
|move|p1a: Tornadus|U-turn|p2a: Emboar
|-resisted|p2a: Emboar
|-damage|p2a: Emboar|56/100
|
|t:|1769313835
|switch|p1a: Dragapult|Dragapult, M|100/100|[from] U-turn
|
|-weather|none
|-heal|p2a: Emboar|62/100|[from] Grassy Terrain
|upkeep
|turn|27
|
|t:|1769313840
|move|p2a: Emboar|Sucker Punch|p1a: Dragapult
|-supereffective|p1a: Dragapult
|-damage|p1a: Dragapult|31/100
|move|p1a: Dragapult|Draco Meteor|p2a: Emboar
|-damage|p2a: Emboar|0 fnt
|-unboost|p1a: Dragapult|spa|2
|faint|p2a: Emboar
|
|-heal|p1a: Dragapult|37/100|[from] Grassy Terrain
|upkeep
|
|t:|1769313849
|switch|p2a: Feraligatr|Feraligatr, M|43/100
|-damage|p2a: Feraligatr|30/100|[from] Stealth Rock
|turn|28
|
|t:|1769313861
|move|p1a: Dragapult|Draco Meteor|p2a: Feraligatr
|-damage|p2a: Feraligatr|0 fnt
|-unboost|p1a: Dragapult|spa|2
|faint|p2a: Feraligatr
|
|-heal|p1a: Dragapult|43/100|[from] Grassy Terrain
|upkeep
|
|t:|1769313864
|switch|p2a: Slowking|Slowking-Galar, M, shiny|75/100
|-damage|p2a: Slowking|63/100|[from] Stealth Rock
|turn|29
|
|t:|1769313873
|switch|p1a: Tornadus|Tornadus-Therian, M|84/100 psn
|move|p2a: Slowking|Sludge Bomb|p1a: Tornadus
|-damage|p1a: Tornadus|51/100 psn
|
|-heal|p2a: Slowking|69/100|[from] Grassy Terrain
|-damage|p1a: Tornadus|39/100 psn|[from] psn
|-fieldend|move: Grassy Terrain
|upkeep
|turn|30
|
|t:|1769313887
|-terastallize|p1a: Tornadus|Steel
|move|p1a: Tornadus|Knock Off|p2a: Slowking
|-supereffective|p2a: Slowking
|-damage|p2a: Slowking|40/100
|move|p2a: Slowking|Psyshock|p1a: Tornadus
|-resisted|p1a: Tornadus
|-damage|p1a: Tornadus|22/100 psn
|
|-damage|p1a: Tornadus|10/100 psn|[from] psn
|upkeep
|turn|31
|
|t:|1769313898
|move|p1a: Tornadus|Knock Off|p2a: Slowking
|-supereffective|p2a: Slowking
|-damage|p2a: Slowking|12/100
|move|p2a: Slowking|Psyshock|p1a: Tornadus
|-resisted|p1a: Tornadus
|-damage|p1a: Tornadus|0 fnt
|faint|p1a: Tornadus
|
|upkeep
|
|t:|1769313906
|switch|p1a: Tyranitar|Tyranitar, M|14/100
|-weather|Sandstorm|[from] ability: Sand Stream|[of] p1a: Tyranitar
|turn|32
|
|t:|1769313912
|move|p1a: Tyranitar|Knock Off|p2a: Slowking
|-supereffective|p2a: Slowking
|-damage|p2a: Slowking|0 fnt
|faint|p2a: Slowking
|
|win|breaker-angel
|raw|breaker-angel's rating: 1105 &rarr; <strong>1133</strong><br />(+28 for winning)
|raw|DoublesIsForLames's rating: 1152 &rarr; <strong>1124</strong><br />(-28 for losing)
|c|☆breaker-angel|gg
|c|☆DoublesIsForLames|spit on you
|l|☆DoublesIsForLames
|player|p2|
