|j|☆apexacer
|j|☆Chigusa_24zono
|t:|1769345663
|gametype|singles
|player|p1|apexacer|265|1667
|player|p2|Chigusa_24zono|lass|1612
|gen|9
|tier|[Gen 9] OU
|rated|
|rule|HP Percentage Mod: HP is shown in percentages
|rule|Endless Battle Clause: Forcing endless battles is banned
|rule|Species Clause: Limit one of each Pokémon
|rule|OHKO Clause: OHKO moves are banned
|rule|Evasion Items Clause: Evasion items are banned
|rule|Evasion Moves Clause: Evasion moves are banned
|rule|Evasion Abilities Clause: Evasion abilities are banned
|rule|Sleep Moves Clause: Sleep-inducing moves are banned
|clearpoke
|poke|p1|Indeedee, M|
|poke|p1|Kingambit, M|
|poke|p1|Polteageist|
|poke|p1|Grimmsnarl, M|
|poke|p1|Great Tusk|
|poke|p1|Kyurem|
|poke|p2|Iron Jugulis|
|poke|p2|Sandy Shocks|
|poke|p2|Manaphy|
|poke|p2|Latios, M|
|poke|p2|Scizor, F|
|poke|p2|Ogerpon, F|
|teampreview
|inactive|Battle timer is ON: inactive players will automatically lose when time's up. (requested by Chigusa_24zono)
|
|t:|1769345673
|teamsize|p1|6
|teamsize|p2|6
|start
|switch|p1a: Great Tusk|Great Tusk|100/100
|switch|p2a: Sandy Shocks|Sandy Shocks, shiny|100/100
|-enditem|p2a: Sandy Shocks|Booster Energy
|-activate|p2a: Sandy Shocks|ability: Protosynthesis|[fromitem]
|-start|p2a: Sandy Shocks|protosynthesisspe
|turn|1
|
|t:|1769345687
|move|p2a: Sandy Shocks|Stealth Rock|p1a: Great Tusk
|-sidestart|p1: apexacer|move: Stealth Rock
|move|p1a: Great Tusk|Stealth Rock|p2a: Sandy Shocks
|-sidestart|p2: Chigusa_24zono|move: Stealth Rock
|
|upkeep
|turn|2
|
|t:|1769345693
|-terastallize|p2a: Sandy Shocks|Ghost
|move|p2a: Sandy Shocks|Earth Power|p1a: Great Tusk
|-damage|p1a: Great Tusk|40/100
|move|p1a: Great Tusk|Rapid Spin|p2a: Sandy Shocks
|-immune|p2a: Sandy Shocks
|
|upkeep
|turn|3
|
|t:|1769345718
|-end|p1a: Great Tusk|Protosynthesis|[silent]
|switch|p1a: Grimmsnarl|Grimmsnarl, M|100/100
|-damage|p1a: Grimmsnarl|88/100|[from] Stealth Rock
|move|p2a: Sandy Shocks|Earth Power|p1a: Grimmsnarl
|-damage|p1a: Grimmsnarl|54/100
|
|upkeep
|turn|4
|
|t:|1769345727
|move|p1a: Grimmsnarl|Light Screen|p1a: Grimmsnarl
|-sidestart|p1: apexacer|move: Light Screen
|move|p2a: Sandy Shocks|Discharge|p1a: Grimmsnarl
|-damage|p1a: Grimmsnarl|38/100
|-status|p1a: Grimmsnarl|par
|
|upkeep
|turn|5
|
|t:|1769345732
|move|p1a: Grimmsnarl|Reflect|p1a: Grimmsnarl
|-sidestart|p1: apexacer|Reflect
|move|p2a: Sandy Shocks|Spikes|p1a: Grimmsnarl
|-sidestart|p1: apexacer|Spikes
|
|upkeep
|turn|6
|
|t:|1769345736
|-end|p2a: Sandy Shocks|Protosynthesis|[silent]
|switch|p2a: Iron Jugulis|Iron Jugulis, shiny|100/100
|-damage|p2a: Iron Jugulis|76/100|[from] Stealth Rock
|-enditem|p2a: Iron Jugulis|Booster Energy
|-activate|p2a: Iron Jugulis|ability: Quark Drive|[fromitem]
|-start|p2a: Iron Jugulis|quarkdrivespe
|move|p1a: Grimmsnarl|Spirit Break|p2a: Iron Jugulis
|-supereffective|p2a: Iron Jugulis
|-damage|p2a: Iron Jugulis|4/100
|-unboost|p2a: Iron Jugulis|spa|1
|
|upkeep
|turn|7
|
|t:|1769345748
|move|p2a: Iron Jugulis|Hurricane|p1a: Grimmsnarl
|-damage|p1a: Grimmsnarl|24/100 par
|-start|p1a: Grimmsnarl|confusion
|-activate|p1a: Grimmsnarl|confusion
|move|p1a: Grimmsnarl|Spirit Break|p2a: Iron Jugulis
|-supereffective|p2a: Iron Jugulis
|-damage|p2a: Iron Jugulis|0 fnt
|faint|p2a: Iron Jugulis
|-end|p2a: Iron Jugulis|Quark Drive|[silent]
|
|upkeep
|
|t:|1769345754
|switch|p2a: Sandy Shocks|Sandy Shocks, shiny, tera:Ghost|100/100
|-damage|p2a: Sandy Shocks|88/100|[from] Stealth Rock
|turn|8
|
|t:|1769345758
|move|p2a: Sandy Shocks|Spikes|p1a: Grimmsnarl
|-sidestart|p1: apexacer|Spikes
|-activate|p1a: Grimmsnarl|confusion
|cant|p1a: Grimmsnarl|par
|
|upkeep
|turn|9
|
|t:|1769345762
|move|p2a: Sandy Shocks|Spikes|p1a: Grimmsnarl
|-sidestart|p1: apexacer|Spikes
|-activate|p1a: Grimmsnarl|confusion
|move|p1a: Grimmsnarl|Spirit Break|p2a: Sandy Shocks
|-damage|p2a: Sandy Shocks|57/100
|-unboost|p2a: Sandy Shocks|spa|1
|
|upkeep
|turn|10
|
|t:|1769345769
|move|p2a: Sandy Shocks|Earth Power|p1a: Grimmsnarl
|-damage|p1a: Grimmsnarl|13/100 par
|-end|p1a: Grimmsnarl|confusion
|move|p1a: Grimmsnarl|Spirit Break|p2a: Sandy Shocks
|-damage|p2a: Sandy Shocks|24/100
|-unboost|p2a: Sandy Shocks|spa|1
|
|upkeep
|turn|11
|
|t:|1769345790
|move|p2a: Sandy Shocks|Earth Power|p1a: Grimmsnarl
|-damage|p1a: Grimmsnarl|5/100 par
|move|p1a: Grimmsnarl|Spirit Break|p2a: Sandy Shocks
|-damage|p2a: Sandy Shocks|0 fnt
|faint|p2a: Sandy Shocks
|-end|p2a: Sandy Shocks|Protosynthesis|[silent]
|
|-sideend|p1: apexacer|move: Light Screen
|upkeep
|
|t:|1769345802
|switch|p2a: Ogerpon|Ogerpon, F|100/100
|-damage|p2a: Ogerpon|88/100|[from] Stealth Rock
|turn|12
|j| Hitman9191
|
|t:|1769345811
|move|p1a: Grimmsnarl|Light Screen|p1a: Grimmsnarl
|-sidestart|p1: apexacer|move: Light Screen
|move|p2a: Ogerpon|Swords Dance|p2a: Ogerpon
|-boost|p2a: Ogerpon|atk|2
|
|-sideend|p1: apexacer|Reflect
|upkeep
|turn|13
|
|t:|1769345819
|move|p1a: Grimmsnarl|Reflect|p1a: Grimmsnarl
|-sidestart|p1: apexacer|Reflect
|move|p2a: Ogerpon|Encore|p1a: Grimmsnarl
|-start|p1a: Grimmsnarl|Encore
|
|upkeep
|turn|14
|
|t:|1769345824
|move|p1a: Grimmsnarl|Reflect||[still]
|-fail|p1a: Grimmsnarl
|move|p2a: Ogerpon|Swords Dance|p2a: Ogerpon
|-boost|p2a: Ogerpon|atk|2
|
|upkeep
|turn|15
|
|t:|1769345831
|switch|p1a: Great Tusk|Great Tusk|40/100
|-damage|p1a: Great Tusk|37/100|[from] Stealth Rock
|-damage|p1a: Great Tusk|12/100|[from] Spikes
|move|p2a: Ogerpon|Swords Dance|p2a: Ogerpon
|-boost|p2a: Ogerpon|atk|2
|
|upkeep
|turn|16
|j| rainspam101
|
|t:|1769345838
|move|p2a: Ogerpon|Ivy Cudgel|p1a: Great Tusk
|-supereffective|p1a: Great Tusk
|-damage|p1a: Great Tusk|0 fnt
|faint|p1a: Great Tusk
|-end|p1a: Great Tusk|Protosynthesis|[silent]
|-damage|p2a: Ogerpon|78/100|[from] item: Life Orb
|
|upkeep
|
|t:|1769345842
|switch|p1a: Kyurem|Kyurem|100/100
|-damage|p1a: Kyurem|76/100|[from] Stealth Rock
|-damage|p1a: Kyurem|51/100|[from] Spikes
|-ability|p1a: Kyurem|Pressure
|turn|17
|
|t:|1769345845
|move|p1a: Kyurem|Freeze-Dry|p2a: Ogerpon
|-supereffective|p2a: Ogerpon
|-damage|p2a: Ogerpon|0 fnt
|faint|p2a: Ogerpon
|
|upkeep
|
|t:|1769345859
|switch|p2a: Latios|Latios, M, shiny|100/100
|-damage|p2a: Latios|88/100|[from] Stealth Rock
|turn|18
|l| Hitman9191
|
|t:|1769345863
|move|p1a: Kyurem|Freeze-Dry|p2a: Latios
|-supereffective|p2a: Latios
|-damage|p2a: Latios|17/100
|-enditem|p2a: Latios|Weakness Policy
|-boost|p2a: Latios|atk|2|[from] item: Weakness Policy
|-boost|p2a: Latios|spa|2|[from] item: Weakness Policy
|move|p2a: Latios|Agility|p2a: Latios
|-boost|p2a: Latios|spe|2
|
|upkeep
|turn|19
|
|t:|1769345872
|move|p2a: Latios|Aura Sphere|p1a: Kyurem
|-supereffective|p1a: Kyurem
|-damage|p1a: Kyurem|0 fnt
|faint|p1a: Kyurem
|
|-sideend|p1: apexacer|move: Light Screen
|upkeep
|
|t:|1769345883
|switch|p1a: Grimmsnarl|Grimmsnarl, M|5/100 par
|-damage|p1a: Grimmsnarl|0 fnt|[from] Stealth Rock
|faint|p1a: Grimmsnarl
|
|t:|1769345890
|switch|p1a: Kingambit|Kingambit, M|100/100
|-damage|p1a: Kingambit|94/100|[from] Stealth Rock
|-damage|p1a: Kingambit|70/100|[from] Spikes
|-activate|p1a: Kingambit|ability: Supreme Overlord
|-start|p1a: Kingambit|fallen3|[silent]
|turn|20
|
|t:|1769345897
|move|p1a: Kingambit|Sucker Punch|p2a: Latios
|-supereffective|p2a: Latios
|-damage|p2a: Latios|0 fnt
|faint|p2a: Latios
|
|-sideend|p1: apexacer|Reflect
|upkeep
|
|t:|1769345901
|switch|p2a: Scizor|Scizor, F, shiny|100/100
|-damage|p2a: Scizor|88/100|[from] Stealth Rock
|turn|21
|
|t:|1769345906
|-terastallize|p1a: Kingambit|Fairy
|move|p2a: Scizor|Close Combat|p1a: Kingambit
|-resisted|p1a: Kingambit
|-damage|p1a: Kingambit|53/100
|-unboost|p2a: Scizor|def|1
|-unboost|p2a: Scizor|spd|1
|move|p1a: Kingambit|Kowtow Cleave|p2a: Scizor
|-damage|p2a: Scizor|0 fnt
|faint|p2a: Scizor
|
|upkeep
|j| sinmeldungener
|
|t:|1769345912
|switch|p2a: Manaphy|Manaphy, shiny|100/100
|-damage|p2a: Manaphy|88/100|[from] Stealth Rock
|turn|22
|
|t:|1769345917
|move|p2a: Manaphy|Tail Glow|p2a: Manaphy
|-boost|p2a: Manaphy|spa|3
|move|p1a: Kingambit|Kowtow Cleave|p2a: Manaphy
|-damage|p2a: Manaphy|16/100
|-enditem|p2a: Manaphy|Sitrus Berry|[eat]
|-heal|p2a: Manaphy|41/100|[from] item: Sitrus Berry
|
|upkeep
|turn|23
|j|+cz
|
|t:|1769345924
|move|p1a: Kingambit|Sucker Punch|p2a: Manaphy
|-damage|p2a: Manaphy|0 fnt
|faint|p2a: Manaphy
|
|win|apexacer
|raw|apexacer's rating: 1667 &rarr; <strong>1684</strong><br />(+17 for winning)
|raw|Chigusa_24zono's rating: 1612 &rarr; <strong>1595</strong><br />(-17 for losing)
|l|☆Chigusa_24zono
|player|p2|
