|j|☆bigjoocy
|j|☆nezk025
|t:|1769342722
|gametype|singles
|player|p1|bigjoocy|pokekid|1331
|player|p2|nezk025|nate|1380
|gen|9
|tier|[Gen 9] OU
|rated|
|rule|HP Percentage Mod: HP is shown in percentages
|rule|Endless Battle Clause: Forcing endless battles is banned
|rule|Species Clause: Limit one of each Pokémon
|rule|OHKO Clause: OHKO moves are banned
|rule|Evasion Items Clause: Evasion items are banned
|rule|Evasion Moves Clause: Evasion moves are banned
|rule|Evasion Abilities Clause: Evasion abilities are banned
|rule|Sleep Moves Clause: Sleep-inducing moves are banned
|clearpoke
|poke|p1|Cinderace, F|
|poke|p1|Serperior, M|
|poke|p1|Malamar, F|
|poke|p1|Great Tusk|
|poke|p1|Corviknight, M|
|poke|p1|Ribombee, M|
|poke|p2|Tyranitar, M|
|poke|p2|Walking Wake|
|poke|p2|Skarmory, M|
|poke|p2|Excadrill, M|
|poke|p2|Dragapult, M|
|poke|p2|Kingambit, F|
|teampreview
|inactive|Battle timer is ON: inactive players will automatically lose when time's up. (requested by bigjoocy)
|
|t:|1769342743
|teamsize|p1|6
|teamsize|p2|6
|start
|switch|p1a: Ribombee|Ribombee, M|100/100
|switch|p2a: Excadrill|Excadrill, M|100/100
|turn|1
|
|t:|1769342765
|switch|p1a: Corviknight|Corviknight, M|100/100
|move|p2a: Excadrill|Rock Slide|p1a: Corviknight|[miss]
|-miss|p2a: Excadrill|p1a: Corviknight
|
|upkeep
|turn|2
|
|t:|1769342769
|move|p2a: Excadrill|Stealth Rock|p1a: Corviknight
|-sidestart|p1: bigjoocy|move: Stealth Rock
|move|p1a: Corviknight|Agility|p1a: Corviknight
|-boost|p1a: Corviknight|spe|2
|
|upkeep
|turn|3
|
|t:|1769342776
|switch|p2a: Skarmory|Skarmory, M|100/100
|move|p1a: Corviknight|Bulk Up|p1a: Corviknight
|-boost|p1a: Corviknight|atk|1
|-boost|p1a: Corviknight|def|1
|
|upkeep
|turn|4
|
|t:|1769342788
|move|p1a: Corviknight|Bulk Up|p1a: Corviknight
|-boost|p1a: Corviknight|atk|1
|-boost|p1a: Corviknight|def|1
|move|p2a: Skarmory|Iron Defense|p2a: Skarmory
|-boost|p2a: Skarmory|def|2
|
|upkeep
|turn|5
|
|t:|1769342794
|move|p1a: Corviknight|Bulk Up|p1a: Corviknight
|-boost|p1a: Corviknight|atk|1
|-boost|p1a: Corviknight|def|1
|move|p2a: Skarmory|Iron Defense|p2a: Skarmory
|-boost|p2a: Skarmory|def|2
|
|upkeep
|turn|6
|
|t:|1769342798
|move|p1a: Corviknight|Bulk Up|p1a: Corviknight
|-boost|p1a: Corviknight|atk|1
|-boost|p1a: Corviknight|def|1
|move|p2a: Skarmory|Iron Defense|p2a: Skarmory
|-boost|p2a: Skarmory|def|2
|
|upkeep
|turn|7
|
|t:|1769342801
|move|p1a: Corviknight|Bulk Up|p1a: Corviknight
|-boost|p1a: Corviknight|atk|1
|-boost|p1a: Corviknight|def|1
|move|p2a: Skarmory|Body Press|p1a: Corviknight
|-damage|p1a: Corviknight|68/100
|
|-heal|p1a: Corviknight|74/100|[from] item: Leftovers
|upkeep
|turn|8
|inactive|nezk025 has 120 seconds left.
|
|t:|1769342833
|move|p1a: Corviknight|Bulk Up|p1a: Corviknight
|-boost|p1a: Corviknight|atk|1
|-boost|p1a: Corviknight|def|1
|move|p2a: Skarmory|Body Press|p1a: Corviknight
|-damage|p1a: Corviknight|44/100
|
|-heal|p1a: Corviknight|50/100|[from] item: Leftovers
|upkeep
|turn|9
|
|t:|1769342839
|move|p1a: Corviknight|Power Trip|p2a: Skarmory
|-damage|p2a: Skarmory|58/100
|-damage|p1a: Corviknight|34/100|[from] item: Rocky Helmet|[of] p2a: Skarmory
|move|p2a: Skarmory|Body Press|p1a: Corviknight
|-damage|p1a: Corviknight|6/100
|
|-heal|p1a: Corviknight|12/100|[from] item: Leftovers
|upkeep
|turn|10
|
|t:|1769342860
|move|p1a: Corviknight|Roost|p1a: Corviknight
|-heal|p1a: Corviknight|62/100
|-singleturn|p1a: Corviknight|move: Roost
|move|p2a: Skarmory|Roost|p2a: Skarmory
|-heal|p2a: Skarmory|100/100
|-singleturn|p2a: Skarmory|move: Roost
|
|-heal|p1a: Corviknight|68/100|[from] item: Leftovers
|upkeep
|turn|11
|
|t:|1769342871
|move|p1a: Corviknight|Agility|p1a: Corviknight
|-boost|p1a: Corviknight|spe|2
|move|p2a: Skarmory|Body Press|p1a: Corviknight
|-crit|p1a: Corviknight
|-damage|p1a: Corviknight|0 fnt
|faint|p1a: Corviknight
|
|upkeep
|
|t:|1769342875
|switch|p1a: Ribombee|Ribombee, M|100/100
|-damage|p1a: Ribombee|76/100|[from] Stealth Rock
|turn|12
|
|t:|1769342879
|move|p1a: Ribombee|Sticky Web|p2a: Skarmory
|-sidestart|p2: nezk025|move: Sticky Web
|move|p2a: Skarmory|Spikes|p1a: Ribombee
|-sidestart|p1: bigjoocy|Spikes
|
|upkeep
|turn|13
|
|t:|1769342887
|switch|p2a: Excadrill|Excadrill, M|100/100
|-activate|p2a: Excadrill|move: Sticky Web
|-unboost|p2a: Excadrill|spe|1
|move|p1a: Ribombee|Stun Spore|p2a: Excadrill
|-status|p2a: Excadrill|par
|
|upkeep
|turn|14
|
|t:|1769342901
|move|p1a: Ribombee|U-turn|p2a: Excadrill
|-resisted|p2a: Excadrill
|-damage|p2a: Excadrill|93/100 par
|
|t:|1769342903
|switch|p1a: Cinderace|Cinderace, F|100/100|[from] U-turn
|cant|p2a: Excadrill|par
|
|-heal|p2a: Excadrill|99/100 par|[from] item: Leftovers
|upkeep
|turn|15
|
|t:|1769342911
|move|p1a: Cinderace|Court Change|p1a: Cinderace
|-start|p1a: Cinderace|typechange|Normal|[from] ability: Libero
|-swapsideconditions
|-activate|p1a: Cinderace|move: Court Change
|move|p2a: Excadrill|Rapid Spin|p1a: Cinderace
|-damage|p1a: Cinderace|78/100
|-boost|p2a: Excadrill|spe|1
|-sideend|p2: nezk025|Spikes|[from] move: Rapid Spin|[of] p2a: Excadrill
|-sideend|p2: nezk025|Stealth Rock|[from] move: Rapid Spin|[of] p2a: Excadrill
|
|-heal|p2a: Excadrill|100/100 par|[from] item: Leftovers
|upkeep
|turn|16
|
|t:|1769342926
|switch|p2a: Waking Walk|Walking Wake|100/100
|move|p1a: Cinderace|High Jump Kick|p2a: Waking Walk
|-damage|p2a: Waking Walk|56/100
|
|upkeep
|turn|17
|
|t:|1769342935
|move|p1a: Cinderace|Zen Headbutt|p2a: Waking Walk
|-damage|p2a: Waking Walk|28/100
|move|p2a: Waking Walk|Flip Turn|p1a: Cinderace
|-damage|p1a: Cinderace|53/100
|
|t:|1769342942
|-end|p2a: Waking Walk|Protosynthesis|[silent]
|switch|p2a: Dragapult|Dragapult, M|100/100|[from] Flip Turn
|
|upkeep
|turn|18
|
|t:|1769342945
|move|p2a: Dragapult|Dragon Darts|p1a: Cinderace
|-damage|p1a: Cinderace|25/100
|-anim|p2a: Dragapult|Dragon Darts|p1a: Cinderace
|-damage|p1a: Cinderace|0 fnt
|faint|p1a: Cinderace
|
|upkeep
|
|t:|1769342953
|switch|p1a: Serperior|Serperior, M|100/100
|-activate|p1a: Serperior|move: Sticky Web
|-boost|p1a: Serperior|spe|1
|turn|19
|c|☆nezk025|wait why tusk on revenge webs?
|
|t:|1769342960
|move|p1a: Serperior|Leaf Storm|p2a: Dragapult
|-resisted|p2a: Dragapult
|-damage|p2a: Dragapult|63/100
|-boost|p1a: Serperior|spa|2
|move|p2a: Dragapult|U-turn|p1a: Serperior
|-supereffective|p1a: Serperior
|-damage|p1a: Serperior|54/100
|
|t:|1769342968
|switch|p2a: Kingambit|Kingambit, F|100/100|[from] U-turn
|
|-heal|p1a: Serperior|60/100|[from] item: Leftovers
|upkeep
|turn|20
|
|t:|1769342976
|move|p1a: Serperior|Substitute|p1a: Serperior
|-start|p1a: Serperior|Substitute
|-damage|p1a: Serperior|35/100
|move|p2a: Kingambit|Kowtow Cleave|p1a: Serperior
|-end|p1a: Serperior|Substitute
|
|-heal|p1a: Serperior|42/100|[from] item: Leftovers
|upkeep
|turn|21
|
|t:|1769342981
|-terastallize|p1a: Serperior|Fire
|-terastallize|p2a: Kingambit|Fire
|move|p1a: Serperior|Tera Blast|p2a: Kingambit|[anim] Tera Blast Fire
|-resisted|p2a: Kingambit
|-damage|p2a: Kingambit|72/100
|move|p2a: Kingambit|Kowtow Cleave|p1a: Serperior
|-damage|p1a: Serperior|0 fnt
|faint|p1a: Serperior
|
|-heal|p2a: Kingambit|78/100|[from] item: Leftovers
|upkeep
|
|t:|1769342989
|switch|p1a: Malamar|Malamar, F|100/100
|-activate|p1a: Malamar|move: Sticky Web
|-boost|p1a: Malamar|spe|1
|turn|22
|
|t:|1769342995
|move|p1a: Malamar|Superpower|p2a: Kingambit
|-damage|p2a: Kingambit|58/100
|-boost|p1a: Malamar|atk|1
|-boost|p1a: Malamar|def|1
|move|p2a: Kingambit|Swords Dance|p2a: Kingambit
|-boost|p2a: Kingambit|atk|2
|
|-heal|p2a: Kingambit|64/100|[from] item: Leftovers
|upkeep
|turn|23
|
|t:|1769343001
|move|p1a: Malamar|Superpower|p2a: Kingambit
|-damage|p2a: Kingambit|31/100
|-boost|p1a: Malamar|atk|1
|-boost|p1a: Malamar|def|1
|move|p2a: Kingambit|Kowtow Cleave|p1a: Malamar
|-damage|p1a: Malamar|45/100
|
|-heal|p2a: Kingambit|37/100|[from] item: Leftovers
|upkeep
|turn|24
|
|t:|1769343011
|move|p2a: Kingambit|Sucker Punch||[still]
|-fail|p2a: Kingambit
|move|p1a: Malamar|Rest|p1a: Malamar
|-status|p1a: Malamar|slp|[from] move: Rest
|-enditem|p1a: Malamar|Lum Berry|[eat]
|-curestatus|p1a: Malamar|slp|[msg]
|-heal|p1a: Malamar|100/100|[silent]
|
|-heal|p2a: Kingambit|43/100|[from] item: Leftovers
|upkeep
|turn|25
|
|t:|1769343018
|move|p2a: Kingambit|Sucker Punch|p1a: Malamar
|-damage|p1a: Malamar|49/100
|move|p1a: Malamar|Superpower|p2a: Kingambit
|-damage|p2a: Kingambit|3/100
|-boost|p1a: Malamar|atk|1
|-boost|p1a: Malamar|def|1
|
|-heal|p2a: Kingambit|10/100|[from] item: Leftovers
|upkeep
|turn|26
|
|t:|1769343027
|move|p2a: Kingambit|Sucker Punch|p1a: Malamar
|-damage|p1a: Malamar|12/100
|move|p1a: Malamar|Superpower|p2a: Kingambit
|-damage|p2a: Kingambit|0 fnt
|-boost|p1a: Malamar|atk|1
|-boost|p1a: Malamar|def|1
|faint|p2a: Kingambit
|-end|p2a: Kingambit|fallenundefined|[silent]
|
|upkeep
|
|t:|1769343035
|switch|p2a: Dragapult|Dragapult, M|63/100
|turn|27
|
|t:|1769343040
|move|p2a: Dragapult|Dragon Darts|p1a: Malamar
|-damage|p1a: Malamar|3/100
|-anim|p2a: Dragapult|Dragon Darts|p1a: Malamar
|-damage|p1a: Malamar|0 fnt
|faint|p1a: Malamar
|
|upkeep
|
|t:|1769343044
|switch|p1a: Great Tusk|Great Tusk|100/100
|-activate|p1a: Great Tusk|move: Sticky Web
|-unboost|p1a: Great Tusk|spe|1
|-enditem|p1a: Great Tusk|Booster Energy
|-activate|p1a: Great Tusk|ability: Protosynthesis|[fromitem]
|-start|p1a: Great Tusk|protosynthesisatk
|turn|28
|
|t:|1769343051
|move|p2a: Dragapult|Will-O-Wisp|p1a: Great Tusk
|-status|p1a: Great Tusk|brn
|move|p1a: Great Tusk|Rapid Spin|p2a: Dragapult
|-immune|p2a: Dragapult
|
|-damage|p1a: Great Tusk|94/100 brn|[from] brn
|upkeep
|turn|29
|
|t:|1769343057
|move|p2a: Dragapult|Hex|p1a: Great Tusk
|-damage|p1a: Great Tusk|5/100 brn
|move|p1a: Great Tusk|Earthquake|p2a: Dragapult
|-damage|p2a: Dragapult|10/100
|
|-damage|p1a: Great Tusk|0 fnt|[from] brn
|faint|p1a: Great Tusk
|-end|p1a: Great Tusk|Protosynthesis|[silent]
|upkeep
|-message|bigjoocy forfeited.
|
|win|nezk025
|raw|bigjoocy's rating: 1331 &rarr; <strong>1314</strong><br />(-17 for losing)
|raw|nezk025's rating: 1380 &rarr; <strong>1397</strong><br />(+17 for winning)
|l|☆bigjoocy
|player|p1|
|l|☆nezk025
|player|p2|
