|j|☆Rblack_freeeza
|j|☆Linnae
|t:|1769317892
|gametype|singles
|player|p1|Rblack_freeeza|wallace|1207
|player|p2|Linnae|cynthia|1183
|gen|9
|tier|[Gen 9] OU
|rated|
|rule|HP Percentage Mod: HP is shown in percentages
|rule|Endless Battle Clause: Forcing endless battles is banned
|rule|Species Clause: Limit one of each Pokémon
|rule|OHKO Clause: OHKO moves are banned
|rule|Evasion Items Clause: Evasion items are banned
|rule|Evasion Moves Clause: Evasion moves are banned
|rule|Evasion Abilities Clause: Evasion abilities are banned
|rule|Sleep Moves Clause: Sleep-inducing moves are banned
|clearpoke
|poke|p1|Alomomola, M|
|poke|p1|Rillaboom, F|
|poke|p1|Hawlucha, M|
|poke|p1|Skeledirge, M|
|poke|p1|Cinderace, F|
|poke|p1|Hitmonlee, M|
|poke|p2|Serperior, M|
|poke|p2|Dragonite, F|
|poke|p2|Garganacl, M|
|poke|p2|Hatterene, F|
|poke|p2|Kommo-o, M|
|poke|p2|Gholdengo|
|teampreview
|inactive|Battle timer is ON: inactive players will automatically lose when time's up. (requested by Rblack_freeeza)
|
|t:|1769317898
|teamsize|p1|6
|teamsize|p2|6
|start
|switch|p1a: Rillaboom|Rillaboom, F|100/100
|switch|p2a: Garganacl|Garganacl, M|100/100
|-fieldstart|move: Grassy Terrain|[from] ability: Grassy Surge|[of] p1a: Rillaboom
|turn|1
|
|t:|1769317910
|-terastallize|p2a: Garganacl|Fairy
|move|p1a: Rillaboom|Knock Off|p2a: Garganacl
|-resisted|p2a: Garganacl
|-damage|p2a: Garganacl|88/100
|-enditem|p2a: Garganacl|Leftovers|[from] move: Knock Off|[of] p1a: Rillaboom
|move|p2a: Garganacl|Stealth Rock|p1a: Rillaboom
|-sidestart|p1: Rblack_freeeza|move: Stealth Rock
|
|-heal|p2a: Garganacl|94/100|[from] Grassy Terrain
|upkeep
|turn|2
|
|t:|1769317924
|move|p1a: Rillaboom|U-turn|p2a: Garganacl
|-resisted|p2a: Garganacl
|-damage|p2a: Garganacl|85/100
|
|t:|1769317933
|switch|p1a: Hawlucha|Hawlucha, M|100/100|[from] U-turn
|-damage|p1a: Hawlucha|88/100|[from] Stealth Rock
|-enditem|p1a: Hawlucha|Grassy Seed
|-boost|p1a: Hawlucha|def|1|[from] item: Grassy Seed
|move|p2a: Garganacl|Salt Cure|p1a: Hawlucha
|-damage|p1a: Hawlucha|76/100
|-start|p1a: Hawlucha|Salt Cure
|
|-heal|p2a: Garganacl|91/100|[from] Grassy Terrain
|-damage|p1a: Hawlucha|63/100|[from] Salt Cure
|upkeep
|turn|3
|
|t:|1769317954
|switch|p1a: Cinderace|Cinderace, F|100/100
|switch|p2a: Hatterene|Hatterene, F|100/100
|
|upkeep
|turn|4
|
|t:|1769317962
|move|p1a: Cinderace|Court Change|p1a: Cinderace
|-start|p1a: Cinderace|typechange|Normal|[from] ability: Libero
|-swapsideconditions
|-activate|p1a: Cinderace|move: Court Change
|move|p2a: Hatterene|Calm Mind|p2a: Hatterene
|-boost|p2a: Hatterene|spa|1
|-boost|p2a: Hatterene|spd|1
|
|upkeep
|turn|5
|
|t:|1769317974
|move|p1a: Cinderace|Pyro Ball|p2a: Hatterene
|-damage|p2a: Hatterene|69/100
|move|p2a: Hatterene|Draining Kiss|p1a: Cinderace
|-damage|p1a: Cinderace|56/100
|-heal|p2a: Hatterene|100/100|[from] drain|[of] p1a: Cinderace
|
|-heal|p1a: Cinderace|62/100|[from] Grassy Terrain
|upkeep
|turn|6
|
|t:|1769317985
|switch|p1a: Skeledirge|Skeledirge, M|100/100
|-enditem|p1a: Skeledirge|Grassy Seed
|-boost|p1a: Skeledirge|def|1|[from] item: Grassy Seed
|move|p2a: Hatterene|Draining Kiss|p1a: Skeledirge
|-resisted|p1a: Skeledirge
|-damage|p1a: Skeledirge|92/100
|
|-heal|p1a: Skeledirge|98/100|[from] Grassy Terrain
|upkeep
|turn|7
|
|t:|1769317998
|move|p1a: Skeledirge|Torch Song|p2a: Hatterene
|-damage|p2a: Hatterene|72/100
|-boost|p1a: Skeledirge|spa|1
|move|p2a: Hatterene|Calm Mind|p2a: Hatterene
|-boost|p2a: Hatterene|spa|1
|-boost|p2a: Hatterene|spd|1
|
|-heal|p1a: Skeledirge|100/100|[from] Grassy Terrain
|-heal|p2a: Hatterene|78/100|[from] Grassy Terrain
|upkeep
|turn|8
|
|t:|1769318009
|move|p1a: Skeledirge|Torch Song|p2a: Hatterene
|-damage|p2a: Hatterene|33/100
|-boost|p1a: Skeledirge|spa|1
|move|p2a: Hatterene|Shadow Ball|p1a: Skeledirge
|-supereffective|p1a: Skeledirge
|-damage|p1a: Skeledirge|64/100
|
|-heal|p1a: Skeledirge|71/100|[from] Grassy Terrain
|-heal|p2a: Hatterene|39/100|[from] Grassy Terrain
|-fieldend|move: Grassy Terrain
|upkeep
|turn|9
|
|t:|1769318024
|move|p1a: Skeledirge|Torch Song|p2a: Hatterene
|-damage|p2a: Hatterene|0 fnt
|-boost|p1a: Skeledirge|spa|1
|faint|p2a: Hatterene
|
|upkeep
|
|t:|1769318037
|switch|p2a: Dragonite|Dragonite, F|100/100
|turn|10
|
|t:|1769318041
|move|p2a: Dragonite|Dragon Dance|p2a: Dragonite
|-boost|p2a: Dragonite|atk|1
|-boost|p2a: Dragonite|spe|1
|move|p1a: Skeledirge|Will-O-Wisp|p2a: Dragonite
|-status|p2a: Dragonite|brn
|
|-damage|p2a: Dragonite|94/100 brn|[from] brn
|upkeep
|turn|11
|
|t:|1769318051
|move|p2a: Dragonite|Earthquake|p1a: Skeledirge
|-supereffective|p1a: Skeledirge
|-damage|p1a: Skeledirge|51/100
|move|p1a: Skeledirge|Slack Off|p1a: Skeledirge
|-heal|p1a: Skeledirge|100/100
|
|-damage|p2a: Dragonite|88/100 brn|[from] brn
|upkeep
|turn|12
|
|t:|1769318069
|move|p2a: Dragonite|Earthquake|p1a: Skeledirge
|-supereffective|p1a: Skeledirge
|-damage|p1a: Skeledirge|77/100
|move|p1a: Skeledirge|Hex|p2a: Dragonite
|-damage|p2a: Dragonite|0 fnt
|faint|p2a: Dragonite
|
|upkeep
|
|t:|1769318078
|switch|p2a: Kommo-o|Kommo-o, M|100/100
|-damage|p2a: Kommo-o|95/100|[from] Stealth Rock
|turn|13
|
|t:|1769318082
|move|p2a: Kommo-o|Clangorous Soul|p2a: Kommo-o
|-boost|p2a: Kommo-o|atk|1
|-boost|p2a: Kommo-o|def|1
|-boost|p2a: Kommo-o|spa|1
|-boost|p2a: Kommo-o|spd|1
|-boost|p2a: Kommo-o|spe|1
|-damage|p2a: Kommo-o|62/100
|-enditem|p2a: Kommo-o|Throat Spray
|-boost|p2a: Kommo-o|spa|1|[from] item: Throat Spray
|move|p1a: Skeledirge|Will-O-Wisp|p2a: Kommo-o
|-status|p2a: Kommo-o|brn
|
|-damage|p2a: Kommo-o|56/100 brn|[from] brn
|upkeep
|turn|14
|
|t:|1769318100
|move|p2a: Kommo-o|Dragon Pulse|p1a: Skeledirge
|-damage|p1a: Skeledirge|55/100
|move|p1a: Skeledirge|Hex|p2a: Kommo-o
|-damage|p2a: Kommo-o|0 fnt
|faint|p2a: Kommo-o
|
|upkeep
|
|t:|1769318109
|switch|p2a: Gholdengo|Gholdengo|100/100
|-damage|p2a: Gholdengo|94/100|[from] Stealth Rock
|turn|15
|
|t:|1769318114
|move|p2a: Gholdengo|Trick|p1a: Skeledirge
|-activate|p2a: Gholdengo|move: Trick|[of] p1a: Skeledirge
|-item|p1a: Skeledirge|Choice Scarf|[from] move: Trick
|-enditem|p2a: Gholdengo|Choice Scarf|[silent]|[from] move: Trick
|move|p1a: Skeledirge|Slack Off|p1a: Skeledirge
|-heal|p1a: Skeledirge|100/100
|
|upkeep
|turn|16
|
|t:|1769318123
|switch|p1a: Cinderace|Cinderace, F|62/100
|move|p2a: Gholdengo|Night Shade|p1a: Cinderace
|-damage|p1a: Cinderace|28/100
|
|upkeep
|turn|17
|
|t:|1769318130
|move|p1a: Cinderace|Pyro Ball|p2a: Gholdengo
|-supereffective|p2a: Gholdengo
|-damage|p2a: Gholdengo|0 fnt
|faint|p2a: Gholdengo
|
|upkeep
|-message|Linnae forfeited.
|
|win|Rblack_freeeza
|raw|Rblack_freeeza's rating: 1207 &rarr; <strong>1230</strong><br />(+23 for winning)
|raw|Linnae's rating: 1183 &rarr; <strong>1160</strong><br />(-23 for losing)
|l|☆Linnae
|player|p2|
|l|☆Rblack_freeeza
|player|p1|
|j|☆Linnae
|player|p2|Linnae|cynthia|
|l|☆Linnae
|player|p2|
