|j|☆Broadsword115
|j|☆brickforbrains
|t:|1769303293
|gametype|singles
|player|p1|Broadsword115|266|1124
|player|p2|brickforbrains|clerk|1176
|gen|9
|tier|[Gen 9] OU
|rated|
|rule|HP Percentage Mod: HP is shown in percentages
|rule|Endless Battle Clause: Forcing endless battles is banned
|rule|Species Clause: Limit one of each Pokémon
|rule|OHKO Clause: OHKO moves are banned
|rule|Evasion Items Clause: Evasion items are banned
|rule|Evasion Moves Clause: Evasion moves are banned
|rule|Evasion Abilities Clause: Evasion abilities are banned
|rule|Sleep Moves Clause: Sleep-inducing moves are banned
|clearpoke
|poke|p1|Gastrodon, F|
|poke|p1|Wyrdeer, M|
|poke|p1|Arcanine-Hisui, M|
|poke|p1|Iron Valiant|
|poke|p1|Brambleghast, F|
|poke|p1|Kyurem|
|poke|p2|Landorus-Therian, M|
|poke|p2|Revavroom, M|
|poke|p2|Kyurem|
|poke|p2|Hatterene, F|
|poke|p2|Iron Valiant|
|poke|p2|Dragonite, F|
|teampreview
|inactive|Battle timer is ON: inactive players will automatically lose when time's up. (requested by brickforbrains)
|
|t:|1769303305
|teamsize|p1|6
|teamsize|p2|6
|start
|switch|p1a: Gastrodon|Gastrodon, F|100/100
|switch|p2a: Landorus|Landorus-Therian, M|100/100
|-ability|p2a: Landorus|Intimidate|boost
|-unboost|p1a: Gastrodon|atk|1
|turn|1
|
|t:|1769303309
|move|p2a: Landorus|Stealth Rock|p1a: Gastrodon
|-sidestart|p1: Broadsword115|move: Stealth Rock
|move|p1a: Gastrodon|Surf|p2a: Landorus
|-supereffective|p2a: Landorus
|-damage|p2a: Landorus|38/100
|
|upkeep
|turn|2
|
|t:|1769303315
|move|p2a: Landorus|Earth Power|p1a: Gastrodon
|-damage|p1a: Gastrodon|81/100
|move|p1a: Gastrodon|Surf|p2a: Landorus
|-supereffective|p2a: Landorus
|-damage|p2a: Landorus|0 fnt
|faint|p2a: Landorus
|
|upkeep
|
|t:|1769303328
|switch|p2a: Kyurem|Kyurem|100/100
|-ability|p2a: Kyurem|Pressure
|turn|3
|
|t:|1769303340
|switch|p1a: Arcanine|Arcanine-Hisui, M|100/100
|-damage|p1a: Arcanine|76/100|[from] Stealth Rock
|move|p2a: Kyurem|Dragon Dance|p2a: Kyurem
|-boost|p2a: Kyurem|atk|1
|-boost|p2a: Kyurem|spe|1
|
|upkeep
|turn|4
|
|t:|1769303359
|move|p2a: Kyurem|Scale Shot|p1a: Arcanine
|-damage|p1a: Arcanine|49/100
|-damage|p1a: Arcanine|22/100
|-damage|p1a: Arcanine|0 fnt
|faint|p1a: Arcanine
|-hitcount|p1: Arcanine|3
|-unboost|p2a: Kyurem|def|1
|-boost|p2a: Kyurem|spe|1
|
|upkeep
|
|t:|1769303364
|switch|p1a: Iron Valiant|Iron Valiant|100/100
|-damage|p1a: Iron Valiant|94/100|[from] Stealth Rock
|-enditem|p1a: Iron Valiant|Booster Energy
|-activate|p1a: Iron Valiant|ability: Quark Drive|[fromitem]
|-start|p1a: Iron Valiant|quarkdrivespe
|turn|5
|
|t:|1769303369
|move|p2a: Kyurem|Icicle Spear|p1a: Iron Valiant
|-damage|p1a: Iron Valiant|64/100
|-damage|p1a: Iron Valiant|35/100
|-damage|p1a: Iron Valiant|6/100
|-damage|p1a: Iron Valiant|0 fnt
|faint|p1a: Iron Valiant
|-end|p1a: Iron Valiant|Quark Drive|[silent]
|-hitcount|p1: Iron Valiant|4
|
|upkeep
|
|t:|1769303377
|switch|p1a: Gastrodon|Gastrodon, F|81/100
|-damage|p1a: Gastrodon|75/100|[from] Stealth Rock
|turn|6
|
|t:|1769303383
|-terastallize|p1a: Gastrodon|Poison
|move|p2a: Kyurem|Scale Shot|p1a: Gastrodon
|-damage|p1a: Gastrodon|56/100
|-damage|p1a: Gastrodon|38/100
|-damage|p1a: Gastrodon|20/100
|-damage|p1a: Gastrodon|1/100
|-hitcount|p1a: Gastrodon|4
|-unboost|p2a: Kyurem|def|1
|-boost|p2a: Kyurem|spe|1
|move|p1a: Gastrodon|Clear Smog|p2a: Kyurem
|-damage|p2a: Kyurem|82/100
|-clearboost|p2a: Kyurem
|
|upkeep
|turn|7
|
|t:|1769303395
|move|p2a: Kyurem|Dragon Dance|p2a: Kyurem
|-boost|p2a: Kyurem|atk|1
|-boost|p2a: Kyurem|spe|1
|move|p1a: Gastrodon|Sludge Wave|p2a: Kyurem
|-damage|p2a: Kyurem|52/100
|
|upkeep
|turn|8
|
|t:|1769303397
|move|p2a: Kyurem|Scale Shot|p1a: Gastrodon
|-damage|p1a: Gastrodon|0 fnt
|faint|p1a: Gastrodon
|-hitcount|p1: Gastrodon|1
|-unboost|p2a: Kyurem|def|1
|-boost|p2a: Kyurem|spe|1
|
|upkeep
|
|t:|1769303401
|switch|p1a: Kyurem|Kyurem, shiny|100/100
|-damage|p1a: Kyurem|76/100|[from] Stealth Rock
|-ability|p1a: Kyurem|Pressure
|turn|9
|
|t:|1769303406
|move|p2a: Kyurem|Scale Shot|p1a: Kyurem
|-supereffective|p1a: Kyurem
|-damage|p1a: Kyurem|32/100
|-supereffective|p1a: Kyurem
|-damage|p1a: Kyurem|0 fnt
|faint|p1a: Kyurem
|-hitcount|p1: Kyurem|2
|-unboost|p2a: Kyurem|def|1
|-boost|p2a: Kyurem|spe|1
|
|upkeep
|inactive|Broadsword115 has 120 seconds left.
|inactive|Broadsword115 has 90 seconds left.
|inactive|Broadsword115 has 60 seconds left.
|inactive|Broadsword115 has 30 seconds left.
|
|t:|1769303536
|switch|p1a: Wyrdeer|Wyrdeer, M|100/100
|-damage|p1a: Wyrdeer|88/100|[from] Stealth Rock
|turn|10
|
|t:|1769303543
|move|p2a: Kyurem|Scale Shot|p1a: Wyrdeer
|-damage|p1a: Wyrdeer|60/100
|-damage|p1a: Wyrdeer|34/100
|-damage|p1a: Wyrdeer|5/100
|-damage|p1a: Wyrdeer|0 fnt
|faint|p1a: Wyrdeer
|-hitcount|p1: Wyrdeer|4
|-unboost|p2a: Kyurem|def|1
|-boost|p2a: Kyurem|spe|1
|
|upkeep
|-message|Broadsword115 forfeited.
|
|win|brickforbrains
|raw|Broadsword115's rating: 1124 &rarr; <strong>1103</strong><br />(-21 for losing)
|raw|brickforbrains's rating: 1176 &rarr; <strong>1197</strong><br />(+21 for winning)
|l|☆Broadsword115
|player|p1|
