|j|☆la orca
|j|☆kiko5bolas
|t:|1769311665
|gametype|singles
|player|p1|la orca|102|1124
|player|p2|kiko5bolas|266|1112
|gen|9
|tier|[Gen 9] OU
|rated|
|rule|HP Percentage Mod: HP is shown in percentages
|rule|Endless Battle Clause: Forcing endless battles is banned
|rule|Species Clause: Limit one of each Pokémon
|rule|OHKO Clause: OHKO moves are banned
|rule|Evasion Items Clause: Evasion items are banned
|rule|Evasion Moves Clause: Evasion moves are banned
|rule|Evasion Abilities Clause: Evasion abilities are banned
|rule|Sleep Moves Clause: Sleep-inducing moves are banned
|clearpoke
|poke|p1|Kingdra, M|
|poke|p1|Swampert, F|
|poke|p1|Pelipper, M|
|poke|p1|Barraskewda, M|
|poke|p1|Lapras, M|
|poke|p1|Rotom-Wash|
|poke|p2|Torkoal, F|
|poke|p2|Charizard, M|
|poke|p2|Raging Bolt|
|poke|p2|Ceruledge, F|
|poke|p2|Iron Valiant|
|poke|p2|Tyranitar, M|
|teampreview
|inactive|Battle timer is ON: inactive players will automatically lose when time's up. (requested by la orca)
|
|t:|1769311674
|teamsize|p1|6
|teamsize|p2|6
|start
|switch|p1a: Pelipper|Pelipper, M|100/100
|switch|p2a: Torkoal|Torkoal, F|100/100
|-weather|RainDance|[from] ability: Drizzle|[of] p1a: Pelipper
|-weather|SunnyDay|[from] ability: Drought|[of] p2a: Torkoal
|turn|1
|inactive|la orca has 120 seconds left.
|
|t:|1769311725
|switch|p1a: Rotom|Rotom-Wash|100/100
|move|p2a: Torkoal|Stealth Rock|p1a: Rotom
|-sidestart|p1: la orca|move: Stealth Rock
|
|-weather|SunnyDay|[upkeep]
|upkeep
|turn|2
|
|t:|1769311736
|move|p1a: Rotom|Volt Switch|p2a: Torkoal
|-damage|p2a: Torkoal|66/100
|
|t:|1769311740
|switch|p1a: Pelipper|Pelipper, M|100/100|[from] Volt Switch
|-damage|p1a: Pelipper|75/100|[from] Stealth Rock
|-weather|RainDance|[from] ability: Drizzle|[of] p1a: Pelipper
|move|p2a: Torkoal|Will-O-Wisp|p1a: Pelipper
|-status|p1a: Pelipper|brn
|
|-weather|RainDance|[upkeep]
|-damage|p1a: Pelipper|69/100 brn|[from] brn
|upkeep
|turn|3
|
|t:|1769311762
|switch|p2a: Tyranitar|Tyranitar, M|100/100
|-weather|Sandstorm|[from] ability: Sand Stream|[of] p2a: Tyranitar
|move|p1a: Pelipper|U-turn|p2a: Tyranitar
|-supereffective|p2a: Tyranitar
|-damage|p2a: Tyranitar|93/100
|
|t:|1769311772
|switch|p1a: Barraskewda|Barraskewda, M|100/100|[from] U-turn
|-damage|p1a: Barraskewda|88/100|[from] Stealth Rock
|
|-weather|Sandstorm|[upkeep]
|-damage|p1a: Barraskewda|82/100|[from] Sandstorm
|-heal|p2a: Tyranitar|99/100|[from] item: Leftovers
|upkeep
|turn|4
|
|t:|1769311784
|move|p1a: Barraskewda|Flip Turn|p2a: Tyranitar
|-supereffective|p2a: Tyranitar
|-damage|p2a: Tyranitar|5/100
|inactive|la orca has 90 seconds left.
|
|t:|1769311806
|switch|p1a: Lapras|Lapras, M|100/100|[from] Flip Turn
|-damage|p1a: Lapras|76/100|[from] Stealth Rock
|move|p2a: Tyranitar|Stone Edge|p1a: Lapras
|-supereffective|p1a: Lapras
|-damage|p1a: Lapras|0 fnt
|faint|p1a: Lapras
|
|-weather|Sandstorm|[upkeep]
|-heal|p2a: Tyranitar|11/100|[from] item: Leftovers
|upkeep
|
|t:|1769311817
|switch|p1a: Barraskewda|Barraskewda, M|82/100
|-damage|p1a: Barraskewda|70/100|[from] Stealth Rock
|turn|5
|
|t:|1769311823
|switch|p2a: Torkoal|Torkoal, F|66/100
|-weather|SunnyDay|[from] ability: Drought|[of] p2a: Torkoal
|move|p1a: Barraskewda|Flip Turn|p2a: Torkoal
|-supereffective|p2a: Torkoal
|-damage|p2a: Torkoal|39/100
|inactive|la orca has 90 seconds left.
|
|t:|1769311843
|switch|p1a: Rotom|Rotom-Wash|100/100|[from] Flip Turn
|-damage|p1a: Rotom|88/100|[from] Stealth Rock
|
|-weather|SunnyDay|[upkeep]
|upkeep
|turn|6
|
|t:|1769311859
|switch|p2a: Raging Bolt|Raging Bolt|100/100
|-activate|p2a: Raging Bolt|ability: Protosynthesis
|-start|p2a: Raging Bolt|protosynthesisspa
|move|p1a: Rotom|Volt Switch|p2a: Raging Bolt
|-resisted|p2a: Raging Bolt
|-damage|p2a: Raging Bolt|95/100
|inactive|la orca has 60 seconds left.
|
|t:|1769311880
|switch|p1a: Pelipper|Pelipper, M|69/100 brn|[from] Volt Switch
|-damage|p1a: Pelipper|44/100 brn|[from] Stealth Rock
|-weather|RainDance|[from] ability: Drizzle|[of] p1a: Pelipper
|-end|p2a: Raging Bolt|Protosynthesis
|
|-weather|RainDance|[upkeep]
|-heal|p2a: Raging Bolt|100/100|[from] item: Leftovers
|-damage|p1a: Pelipper|38/100 brn|[from] brn
|upkeep
|turn|7
|inactive|la orca has 60 seconds left.
|
|t:|1769311890
|switch|p1a: Rotom|Rotom-Wash|88/100
|-damage|p1a: Rotom|75/100|[from] Stealth Rock
|move|p2a: Raging Bolt|Thunderclap||[still]
|-fail|p2a: Raging Bolt
|
|-weather|RainDance|[upkeep]
|upkeep
|turn|8
|inactive|la orca has 60 seconds left.
|
|t:|1769311915
|move|p2a: Raging Bolt|Thunderclap|p1a: Rotom
|-damage|p1a: Rotom|54/100
|move|p1a: Rotom|Volt Switch|p2a: Raging Bolt
|-resisted|p2a: Raging Bolt
|-damage|p2a: Raging Bolt|95/100
|
|t:|1769311922
|switch|p1a: Kingdra|Kingdra, M|100/100|[from] Volt Switch
|-damage|p1a: Kingdra|88/100|[from] Stealth Rock
|
|-weather|RainDance|[upkeep]
|-heal|p2a: Raging Bolt|100/100|[from] item: Leftovers
|upkeep
|turn|9
|inactive|la orca has 60 seconds left.
|
|t:|1769311932
|-end|p2a: Raging Bolt|Protosynthesis|[silent]
|switch|p2a: Tyranitar|Tyranitar, M|11/100
|-weather|Sandstorm|[from] ability: Sand Stream|[of] p2a: Tyranitar
|move|p1a: Kingdra|Draco Meteor|p2a: Tyranitar
|-damage|p2a: Tyranitar|0 fnt
|-unboost|p1a: Kingdra|spa|2
|faint|p2a: Tyranitar
|
|-weather|Sandstorm|[upkeep]
|-damage|p1a: Kingdra|82/100|[from] Sandstorm
|upkeep
|inactive|kiko5bolas has 120 seconds left.
|
|t:|1769311949
|switch|p2a: Raging Bolt|Raging Bolt|100/100
|turn|10
|
|t:|1769311958
|-terastallize|p2a: Raging Bolt|Fairy
|move|p1a: Kingdra|Draco Meteor|p2a: Raging Bolt
|-immune|p2a: Raging Bolt
|move|p2a: Raging Bolt|Calm Mind|p2a: Raging Bolt
|-boost|p2a: Raging Bolt|spa|1
|-boost|p2a: Raging Bolt|spd|1
|
|-weather|Sandstorm|[upkeep]
|-damage|p1a: Kingdra|76/100|[from] Sandstorm
|-damage|p2a: Raging Bolt|94/100|[from] Sandstorm
|-heal|p2a: Raging Bolt|100/100|[from] item: Leftovers
|upkeep
|turn|11
|inactive|la orca has 60 seconds left.
|
|t:|1769311981
|switch|p1a: Rotom|Rotom-Wash|54/100
|-damage|p1a: Rotom|41/100|[from] Stealth Rock
|move|p2a: Raging Bolt|Dragon Pulse|p1a: Rotom
|-damage|p1a: Rotom|0 fnt
|faint|p1a: Rotom
|
|-weather|Sandstorm|[upkeep]
|-damage|p2a: Raging Bolt|94/100|[from] Sandstorm
|-heal|p2a: Raging Bolt|100/100|[from] item: Leftovers
|upkeep
|inactive|la orca has 60 seconds left.
|
|t:|1769312009
|switch|p1a: Barraskewda|Barraskewda, M|70/100
|-damage|p1a: Barraskewda|58/100|[from] Stealth Rock
|turn|12
|
|t:|1769312013
|move|p2a: Raging Bolt|Thunderclap|p1a: Barraskewda
|-supereffective|p1a: Barraskewda
|-crit|p1a: Barraskewda
|-damage|p1a: Barraskewda|0 fnt
|faint|p1a: Barraskewda
|
|-weather|Sandstorm|[upkeep]
|-damage|p2a: Raging Bolt|94/100|[from] Sandstorm
|-heal|p2a: Raging Bolt|100/100|[from] item: Leftovers
|upkeep
|
|t:|1769312026
|switch|p1a: Swampert|Swampert, F|100/100
|-damage|p1a: Swampert|94/100|[from] Stealth Rock
|turn|13
|
|t:|1769312035
|move|p2a: Raging Bolt|Dragon Pulse|p1a: Swampert
|-damage|p1a: Swampert|5/100
|move|p1a: Swampert|Earthquake|p2a: Raging Bolt
|-damage|p2a: Raging Bolt|62/100
|
|-weather|none
|-heal|p2a: Raging Bolt|68/100|[from] item: Leftovers
|upkeep
|turn|14
|
|t:|1769312052
|switch|p1a: Pelipper|Pelipper, M|38/100 brn
|-damage|p1a: Pelipper|13/100 brn|[from] Stealth Rock
|-weather|RainDance|[from] ability: Drizzle|[of] p1a: Pelipper
|move|p2a: Raging Bolt|Dragon Pulse|p1a: Pelipper
|-damage|p1a: Pelipper|0 fnt
|faint|p1a: Pelipper
|
|-weather|RainDance|[upkeep]
|-heal|p2a: Raging Bolt|74/100|[from] item: Leftovers
|upkeep
|
|t:|1769312063
|switch|p1a: Kingdra|Kingdra, M|76/100
|-damage|p1a: Kingdra|63/100|[from] Stealth Rock
|turn|15
|
|t:|1769312071
|move|p1a: Kingdra|Weather Ball|p2a: Raging Bolt
|-damage|p2a: Raging Bolt|12/100
|move|p2a: Raging Bolt|Dragon Pulse|p1a: Kingdra
|-supereffective|p1a: Kingdra
|-damage|p1a: Kingdra|0 fnt
|faint|p1a: Kingdra
|
|-weather|RainDance|[upkeep]
|-heal|p2a: Raging Bolt|18/100|[from] item: Leftovers
|upkeep
|
|t:|1769312079
|switch|p1a: Swampert|Swampert, F|5/100
|-damage|p1a: Swampert|0 fnt|[from] Stealth Rock
|faint|p1a: Swampert
|
|win|kiko5bolas
|raw|la orca's rating: 1124 &rarr; <strong>1098</strong><br />(-26 for losing)
|raw|kiko5bolas's rating: 1112 &rarr; <strong>1138</strong><br />(+26 for winning)
