|j|☆thri-keen
|j|☆honuacjs
|t:|1769338167
|gametype|singles
|player|p1|thri-keen|gambler|1177
|player|p2|honuacjs|skierf|1257
|gen|9
|tier|[Gen 9] OU
|rated|
|rule|HP Percentage Mod: HP is shown in percentages
|rule|Endless Battle Clause: Forcing endless battles is banned
|rule|Species Clause: Limit one of each Pokémon
|rule|OHKO Clause: OHKO moves are banned
|rule|Evasion Items Clause: Evasion items are banned
|rule|Evasion Moves Clause: Evasion moves are banned
|rule|Evasion Abilities Clause: Evasion abilities are banned
|rule|Sleep Moves Clause: Sleep-inducing moves are banned
|clearpoke
|poke|p1|Sceptile, M|
|poke|p1|Galvantula, M|
|poke|p1|Alcremie-Mint-Cream, F|
|poke|p1|Ceruledge, M|
|poke|p1|Forretress, M|
|poke|p1|Haxorus, M|
|poke|p2|Leafeon, M|
|poke|p2|Torkoal, M|
|poke|p2|Great Tusk|
|poke|p2|Slowking-Galar, F|
|poke|p2|Jolteon, M|
|poke|p2|Primarina, F|
|teampreview
|inactive|Battle timer is ON: inactive players will automatically lose when time's up. (requested by honuacjs)
|
|t:|1769338199
|teamsize|p1|6
|teamsize|p2|6
|start
|switch|p1a: Sceptile|Sceptile, M, shiny|100/100
|switch|p2a: Great Tusk|Great Tusk|100/100
|turn|1
|
|t:|1769338210
|-end|p2a: Great Tusk|Protosynthesis|[silent]
|switch|p2a: Torkoal|Torkoal, M|100/100
|-weather|SunnyDay|[from] ability: Drought|[of] p2a: Torkoal
|move|p1a: Sceptile|Roar|p2a: Torkoal
|-enditem|p1a: Sceptile|Throat Spray
|-boost|p1a: Sceptile|spa|1|[from] item: Throat Spray
|drag|p2a: Jolteon|Jolteon, M|100/100
|
|-weather|SunnyDay|[upkeep]
|upkeep
|turn|2
|inactive|thri-keen has 120 seconds left.
|
|t:|1769338244
|-terastallize|p1a: Sceptile|Fire
|move|p1a: Sceptile|Tera Blast|p2a: Jolteon|[anim] Tera Blast Fire
|-damage|p2a: Jolteon|0 fnt
|faint|p2a: Jolteon
|
|-weather|SunnyDay|[upkeep]
|upkeep
|
|t:|1769338257
|switch|p2a: Primarina|Primarina, F|100/100
|turn|3
|
|t:|1769338269
|-terastallize|p2a: Primarina|Poison
|move|p1a: Sceptile|Energy Ball|p2a: Primarina
|-resisted|p2a: Primarina
|-damage|p2a: Primarina|79/100
|move|p2a: Primarina|Surf|p1a: Sceptile
|-supereffective|p1a: Sceptile
|-damage|p1a: Sceptile|30/100
|
|-weather|SunnyDay|[upkeep]
|upkeep
|turn|4
|
|t:|1769338281
|move|p1a: Sceptile|Tera Blast|p2a: Primarina|[anim] Tera Blast Fire
|-damage|p2a: Primarina|28/100
|move|p2a: Primarina|Surf|p1a: Sceptile
|-supereffective|p1a: Sceptile
|-damage|p1a: Sceptile|0 fnt
|faint|p1a: Sceptile
|
|-weather|SunnyDay|[upkeep]
|upkeep
|inactive|thri-keen has 120 seconds left.
|
|t:|1769338297
|switch|p1a: Galvantula|Galvantula, M, shiny|100/100
|turn|5
|
|t:|1769338306
|move|p1a: Galvantula|Bug Buzz|p2a: Primarina
|-resisted|p2a: Primarina
|-damage|p2a: Primarina|16/100
|move|p2a: Primarina|Moonblast|p1a: Galvantula
|-enditem|p1a: Galvantula|Focus Sash
|-damage|p1a: Galvantula|1/100
|
|-weather|SunnyDay|[upkeep]
|upkeep
|turn|6
|
|t:|1769338316
|move|p1a: Galvantula|Sticky Web|p2a: Primarina
|-sidestart|p2: honuacjs|move: Sticky Web
|move|p2a: Primarina|Moonblast|p1a: Galvantula
|-damage|p1a: Galvantula|0 fnt
|faint|p1a: Galvantula
|
|-weather|SunnyDay|[upkeep]
|upkeep
|inactive|thri-keen has 120 seconds left.
|
|t:|1769338336
|switch|p1a: Ceruledge|Ceruledge, M|100/100
|turn|7
|
|t:|1769338345
|move|p1a: Ceruledge|Swords Dance|p1a: Ceruledge
|-boost|p1a: Ceruledge|atk|2
|move|p2a: Primarina|Surf|p1a: Ceruledge
|-supereffective|p1a: Ceruledge
|-damage|p1a: Ceruledge|16/100
|-enditem|p1a: Ceruledge|Liechi Berry|[eat]
|-boost|p1a: Ceruledge|atk|1|[from] item: Liechi Berry
|
|-weather|SunnyDay|[upkeep]
|upkeep
|turn|8
|inactive|thri-keen has 120 seconds left.
|
|t:|1769338360
|move|p1a: Ceruledge|Bitter Blade|p2a: Primarina
|-damage|p2a: Primarina|0 fnt
|-heal|p1a: Ceruledge|25/100|[from] drain|[of] p2a: Primarina
|faint|p2a: Primarina
|
|-weather|none
|upkeep
|
|t:|1769338366
|switch|p2a: Torkoal|Torkoal, M|100/100
|-activate|p2a: Torkoal|move: Sticky Web
|-unboost|p2a: Torkoal|spe|1
|-weather|SunnyDay|[from] ability: Drought|[of] p2a: Torkoal
|turn|9
|inactive|honuacjs has 120 seconds left.
|
|t:|1769338405
|move|p1a: Ceruledge|Shadow Claw|p2a: Torkoal
|-damage|p2a: Torkoal|52/100
|move|p2a: Torkoal|Lava Plume|p1a: Ceruledge
|-resisted|p1a: Ceruledge
|-damage|p1a: Ceruledge|4/100
|
|-weather|SunnyDay|[upkeep]
|upkeep
|turn|10
|inactive|honuacjs has 120 seconds left.
|inactive|thri-keen has 120 seconds left.
|
|t:|1769338432
|move|p1a: Ceruledge|Bitter Blade|p2a: Torkoal
|-resisted|p2a: Torkoal
|-damage|p2a: Torkoal|6/100
|-heal|p1a: Ceruledge|31/100|[from] drain|[of] p2a: Torkoal
|move|p2a: Torkoal|Lava Plume|p1a: Ceruledge
|-resisted|p1a: Ceruledge
|-damage|p1a: Ceruledge|12/100
|
|-weather|SunnyDay|[upkeep]
|upkeep
|turn|11
|
|t:|1769338445
|move|p1a: Ceruledge|Bitter Blade|p2a: Torkoal
|-resisted|p2a: Torkoal
|-damage|p2a: Torkoal|0 fnt
|-heal|p1a: Ceruledge|15/100|[from] drain|[of] p2a: Torkoal
|faint|p2a: Torkoal
|
|-weather|SunnyDay|[upkeep]
|upkeep
|
|t:|1769338452
|switch|p2a: Leafeon|Leafeon, M, shiny|100/100
|-activate|p2a: Leafeon|move: Sticky Web
|-unboost|p2a: Leafeon|spe|1
|turn|12
|inactive|thri-keen has 120 seconds left.
|
|t:|1769338460
|move|p1a: Ceruledge|Endure|p1a: Ceruledge
|-singleturn|p1a: Ceruledge|move: Endure
|move|p2a: Leafeon|Knock Off|p1a: Ceruledge
|-supereffective|p1a: Ceruledge
|-activate|p1a: Ceruledge|move: Endure
|-damage|p1a: Ceruledge|1/100
|-ability|p1a: Ceruledge|Weak Armor|boost
|-unboost|p1a: Ceruledge|def|1
|-boost|p1a: Ceruledge|spe|2
|-damage|p2a: Leafeon|91/100|[from] item: Life Orb
|
|-weather|SunnyDay|[upkeep]
|upkeep
|turn|13
|inactive|thri-keen has 120 seconds left.
|inactive|honuacjs has 120 seconds left.
|-message|honuacjs forfeited.
|
|win|thri-keen
|raw|thri-keen's rating: 1177 &rarr; <strong>1208</strong><br />(+31 for winning)
|raw|honuacjs's rating: 1257 &rarr; <strong>1226</strong><br />(-31 for losing)
|l|☆honuacjs
|player|p2|
|l|☆thri-keen
|player|p1|
|j|☆thri-keen
|player|p1|thri-keen|gambler|
|l|☆thri-keen
|player|p1|
