|j|☆mynasty
|j|☆kuraiyagare
|t:|1769363624
|gametype|singles
|player|p1|mynasty|101|1354
|player|p2|kuraiyagare|mars|1325
|gen|9
|tier|[Gen 9] OU
|rated|
|rule|HP Percentage Mod: HP is shown in percentages
|rule|Endless Battle Clause: Forcing endless battles is banned
|rule|Species Clause: Limit one of each Pokémon
|rule|OHKO Clause: OHKO moves are banned
|rule|Evasion Items Clause: Evasion items are banned
|rule|Evasion Moves Clause: Evasion moves are banned
|rule|Evasion Abilities Clause: Evasion abilities are banned
|rule|Sleep Moves Clause: Sleep-inducing moves are banned
|clearpoke
|poke|p1|Meowscarada, F|
|poke|p1|Ceruledge, F|
|poke|p1|Keldeo-Resolute|
|poke|p1|Glimmora, F|
|poke|p1|Corviknight, M|
|poke|p1|Sylveon, M|
|poke|p2|Bastiodon, M|
|poke|p2|Gardevoir, F|
|poke|p2|Talonflame, F|
|poke|p2|Drifblim, M|
|poke|p2|Gyarados, M|
|poke|p2|Houndoom, M|
|teampreview
|inactive|Battle timer is ON: inactive players will automatically lose when time's up. (requested by mynasty)
|inactive|kuraiyagare has 120 seconds left.
|
|t:|1769363662
|teamsize|p1|6
|teamsize|p2|6
|start
|switch|p1a: Glimmora|Glimmora, F|100/100
|switch|p2a: Gardenia|Gardevoir, F|100/100
|-ability|p2a: Gardenia|Toxic Debris|Trace|[from] ability: Trace|[of] p1a: Glimmora
|turn|1
|inactive|mynasty has 120 seconds left.
|
|t:|1769363692
|switch|p1a: Sylveon|Sylveon, M|100/100
|move|p2a: Gardenia|Psyshock|p1a: Sylveon
|-damage|p1a: Sylveon|47/100
|
|-heal|p1a: Sylveon|53/100|[from] item: Leftovers
|upkeep
|turn|2
|inactive|mynasty has 120 seconds left.
|
|t:|1769363710
|move|p1a: Sylveon|Protect|p1a: Sylveon
|-singleturn|p1a: Sylveon|Protect
|move|p2a: Gardenia|Psyshock|p1a: Sylveon
|-activate|p1a: Sylveon|move: Protect
|
|-heal|p1a: Sylveon|59/100|[from] item: Leftovers
|upkeep
|turn|3
|inactive|mynasty has 120 seconds left.
|
|t:|1769363717
|move|p2a: Gardenia|Moonblast|p1a: Sylveon
|-damage|p1a: Sylveon|32/100
|-unboost|p1a: Sylveon|spa|1
|move|p1a: Sylveon|Hyper Voice|p2a: Gardenia
|-damage|p2a: Gardenia|72/100
|
|-heal|p1a: Sylveon|38/100|[from] item: Leftovers
|upkeep
|turn|4
|inactive|mynasty has 120 seconds left.
|
|t:|1769363733
|switch|p1a: Corviknight|Corviknight, M|100/100
|move|p2a: Gardenia|Psyshock|p1a: Corviknight
|-resisted|p1a: Corviknight
|-damage|p1a: Corviknight|88/100
|
|upkeep
|turn|5
|
|t:|1769363739
|move|p2a: Gardenia|Moonblast|p1a: Corviknight
|-resisted|p1a: Corviknight
|-damage|p1a: Corviknight|64/100
|move|p1a: Corviknight|Iron Head|p2a: Gardenia
|-supereffective|p2a: Gardenia
|-damage|p2a: Gardenia|0 fnt
|-activate|p2a: Gardenia|ability: Toxic Debris
|-sidestart|p1: mynasty|move: Toxic Spikes
|faint|p2a: Gardenia
|
|upkeep
|
|t:|1769363746
|switch|p2a: Bastiodon|Bastiodon, M|100/100
|turn|6
|
|t:|1769363753
|move|p1a: Corviknight|Iron Head|p2a: Bastiodon
|-damage|p2a: Bastiodon|88/100
|cant|p2a: Bastiodon|flinch
|
|upkeep
|turn|7
|
|t:|1769363758
|move|p1a: Corviknight|Iron Head|p2a: Bastiodon
|-damage|p2a: Bastiodon|74/100
|move|p2a: Bastiodon|Stealth Rock|p1a: Corviknight
|-sidestart|p1: mynasty|move: Stealth Rock
|
|upkeep
|turn|8
|
|t:|1769363763
|switch|p2a: ue shita|Gyarados, M|100/100
|move|p1a: Corviknight|Defog|p2a: ue shita
|-unboost|p2a: ue shita|evasion|1
|-sideend|p1: mynasty|Toxic Spikes|[from] move: Defog|[of] p1a: Corviknight
|-sideend|p1: mynasty|Stealth Rock|[from] move: Defog|[of] p1a: Corviknight
|
|upkeep
|turn|9
|
|t:|1769363769
|move|p2a: ue shita|Dragon Dance|p2a: ue shita
|-boost|p2a: ue shita|atk|1
|-boost|p2a: ue shita|spe|1
|move|p1a: Corviknight|U-turn|p2a: ue shita
|-resisted|p2a: ue shita
|-damage|p2a: ue shita|91/100
|
|t:|1769363794
|switch|p1a: Glimmora|Glimmora, F|100/100|[from] U-turn
|
|-heal|p2a: ue shita|97/100|[from] item: Leftovers
|upkeep
|turn|10
|
|t:|1769363818
|-terastallize|p1a: Glimmora|Ghost
|move|p2a: ue shita|Waterfall|p1a: Glimmora
|-damage|p1a: Glimmora|19/100
|-activate|p1a: Glimmora|ability: Toxic Debris
|-sidestart|p2: kuraiyagare|move: Toxic Spikes
|cant|p1a: Glimmora|flinch
|
|-heal|p2a: ue shita|100/100|[from] item: Leftovers
|upkeep
|turn|11
|
|t:|1769363828
|move|p2a: ue shita|Waterfall|p1a: Glimmora
|-damage|p1a: Glimmora|0 fnt
|-activate|p1a: Glimmora|ability: Toxic Debris
|-sidestart|p2: kuraiyagare|move: Toxic Spikes
|faint|p1a: Glimmora
|-ability|p2a: ue shita|Moxie|boost
|-boost|p2a: ue shita|atk|1
|
|upkeep
|
|t:|1769363839
|switch|p1a: Ceruledge|Ceruledge, F|100/100
|turn|12
|
|t:|1769363845
|move|p2a: ue shita|Waterfall|p1a: Ceruledge
|-supereffective|p1a: Ceruledge
|-enditem|p1a: Ceruledge|Focus Sash
|-damage|p1a: Ceruledge|1/100
|-ability|p1a: Ceruledge|Weak Armor|boost
|-unboost|p1a: Ceruledge|def|1
|-boost|p1a: Ceruledge|spe|2
|move|p1a: Ceruledge|Poltergeist|p2a: ue shita
|-activate|p2a: ue shita|move: Poltergeist|Leftovers
|-damage|p2a: ue shita|29/100
|
|-heal|p2a: ue shita|35/100|[from] item: Leftovers
|upkeep
|turn|13
|
|t:|1769363857
|move|p1a: Ceruledge|Poltergeist|p2a: ue shita
|-activate|p2a: ue shita|move: Poltergeist|Leftovers
|-damage|p2a: ue shita|0 fnt
|faint|p2a: ue shita
|
|upkeep
|
|t:|1769363862
|switch|p2a: motto sukunai|Houndoom, M|100/100
|-status|p2a: motto sukunai|tox
|turn|14
|
|t:|1769363875
|switch|p1a: Keldeo|Keldeo-Resolute|100/100
|move|p2a: motto sukunai|Flame Charge|p1a: Keldeo
|-resisted|p1a: Keldeo
|-damage|p1a: Keldeo|92/100
|-boost|p2a: motto sukunai|spe|1
|
|-damage|p2a: motto sukunai|94/100 tox|[from] psn
|upkeep
|turn|15
|
|t:|1769363884
|move|p2a: motto sukunai|Destiny Bond|p2a: motto sukunai
|-singlemove|p2a: motto sukunai|Destiny Bond
|move|p1a: Keldeo|Surf|p2a: motto sukunai
|-supereffective|p2a: motto sukunai
|-damage|p2a: motto sukunai|0 fnt
|faint|p2a: motto sukunai
|-activate|p2a: motto sukunai|move: Destiny Bond
|faint|p1a: Keldeo
|
|upkeep
|
|t:|1769363892
|switch|p1a: Sylveon|Sylveon, M|38/100
|switch|p2a: Vatra|Talonflame, F|100/100
|turn|16
|
|t:|1769363912
|switch|p1a: Corviknight|Corviknight, M|64/100
|move|p2a: Vatra|Brave Bird|p1a: Corviknight
|-resisted|p1a: Corviknight
|-damage|p1a: Corviknight|49/100
|-damage|p2a: Vatra|84/100|[from] item: Rocky Helmet|[of] p1a: Corviknight
|-damage|p2a: Vatra|78/100|[from] Recoil
|
|upkeep
|turn|17
|
|t:|1769363920
|move|p2a: Vatra|Flare Blitz|p1a: Corviknight
|-supereffective|p1a: Corviknight
|-damage|p1a: Corviknight|0 fnt
|-damage|p2a: Vatra|61/100|[from] item: Rocky Helmet|[of] p1a: Corviknight
|faint|p1a: Corviknight
|-damage|p2a: Vatra|40/100|[from] Recoil
|
|upkeep
|
|t:|1769363932
|switch|p1a: Meowscarada|Meowscarada, F|100/100
|turn|18
|
|t:|1769363938
|move|p2a: Vatra|Flare Blitz|p1a: Meowscarada
|-supereffective|p1a: Meowscarada
|-damage|p1a: Meowscarada|0 fnt
|faint|p1a: Meowscarada
|-damage|p2a: Vatra|7/100|[from] Recoil
|
|upkeep
|
|t:|1769363944
|switch|p1a: Ceruledge|Ceruledge, F|1/100
|turn|19
|
|t:|1769363947
|move|p1a: Ceruledge|Shadow Sneak|p2a: Vatra
|-damage|p2a: Vatra|0 fnt
|faint|p2a: Vatra
|
|upkeep
|
|t:|1769363950
|switch|p2a: Bastiodon|Bastiodon, M|74/100
|turn|20
|
|t:|1769363956
|move|p1a: Ceruledge|Poltergeist|p2a: Bastiodon
|-activate|p2a: Bastiodon|move: Poltergeist|Chesto Berry
|-damage|p2a: Bastiodon|45/100
|move|p2a: Bastiodon|Roar|p1a: Ceruledge
|drag|p1a: Sylveon|Sylveon, M|38/100
|
|-heal|p1a: Sylveon|44/100|[from] item: Leftovers
|upkeep
|turn|21
|
|t:|1769363964
|move|p1a: Sylveon|Wish|p1a: Sylveon
|move|p2a: Bastiodon|Stealth Rock|p1a: Sylveon
|-sidestart|p1: mynasty|move: Stealth Rock
|
|-heal|p1a: Sylveon|50/100|[from] item: Leftovers
|upkeep
|turn|22
|
|t:|1769363969
|move|p1a: Sylveon|Calm Mind|p1a: Sylveon
|-boost|p1a: Sylveon|spa|1
|-boost|p1a: Sylveon|spd|1
|move|p2a: Bastiodon|Rest|p2a: Bastiodon
|-status|p2a: Bastiodon|slp|[from] move: Rest
|-heal|p2a: Bastiodon|100/100 slp|[silent]
|-enditem|p2a: Bastiodon|Chesto Berry|[eat]
|-curestatus|p2a: Bastiodon|slp|[msg]
|
|-heal|p1a: Sylveon|100/100|[from] move: Wish|[wisher] Sylveon
|upkeep
|turn|23
|
|t:|1769363977
|move|p1a: Sylveon|Calm Mind|p1a: Sylveon
|-boost|p1a: Sylveon|spa|1
|-boost|p1a: Sylveon|spd|1
|move|p2a: Bastiodon|Roar|p1a: Sylveon
|drag|p1a: Ceruledge|Ceruledge, F|1/100
|-damage|p1a: Ceruledge|0 fnt|[from] Stealth Rock
|faint|p1a: Ceruledge
|
|upkeep
|
|t:|1769363983
|switch|p1a: Sylveon|Sylveon, M|100/100
|-damage|p1a: Sylveon|88/100|[from] Stealth Rock
|turn|24
|
|t:|1769363987
|switch|p2a: drifflim|Drifblim, M|100/100
|move|p1a: Sylveon|Calm Mind|p1a: Sylveon
|-boost|p1a: Sylveon|spa|1
|-boost|p1a: Sylveon|spd|1
|
|-heal|p1a: Sylveon|94/100|[from] item: Leftovers
|upkeep
|turn|25
|
|t:|1769363991
|move|p2a: drifflim|Calm Mind|p2a: drifflim
|-boost|p2a: drifflim|spa|1
|-boost|p2a: drifflim|spd|1
|move|p1a: Sylveon|Calm Mind|p1a: Sylveon
|-boost|p1a: Sylveon|spa|1
|-boost|p1a: Sylveon|spd|1
|
|-heal|p1a: Sylveon|99/100|[from] item: Leftovers
|upkeep
|turn|26
|
|t:|1769363994
|move|p2a: drifflim|Calm Mind|p2a: drifflim
|-boost|p2a: drifflim|spa|1
|-boost|p2a: drifflim|spd|1
|move|p1a: Sylveon|Hyper Voice|p2a: drifflim
|-damage|p2a: drifflim|56/100
|
|-heal|p1a: Sylveon|100/100|[from] item: Leftovers
|upkeep
|turn|27
|
|t:|1769364001
|move|p2a: drifflim|Calm Mind|p2a: drifflim
|-boost|p2a: drifflim|spa|1
|-boost|p2a: drifflim|spd|1
|move|p1a: Sylveon|Hyper Voice|p2a: drifflim
|-damage|p2a: drifflim|15/100
|
|upkeep
|turn|28
|
|t:|1769364009
|move|p2a: drifflim|Shadow Ball|p1a: Sylveon
|-damage|p1a: Sylveon|76/100
|move|p1a: Sylveon|Calm Mind|p1a: Sylveon
|-boost|p1a: Sylveon|spa|1
|-boost|p1a: Sylveon|spd|1
|
|-heal|p1a: Sylveon|82/100|[from] item: Leftovers
|upkeep
|turn|29
|
|t:|1769364012
|move|p2a: drifflim|Shadow Ball|p1a: Sylveon
|-damage|p1a: Sylveon|63/100
|move|p1a: Sylveon|Hyper Voice|p2a: drifflim
|-damage|p2a: drifflim|0 fnt
|faint|p2a: drifflim
|
|-heal|p1a: Sylveon|69/100|[from] item: Leftovers
|upkeep
|
|t:|1769364014
|switch|p2a: Bastiodon|Bastiodon, M|100/100
|turn|30
|
|t:|1769364025
|move|p1a: Sylveon|Wish|p1a: Sylveon
|move|p2a: Bastiodon|Metal Burst||[still]
|-fail|p2a: Bastiodon
|
|-heal|p1a: Sylveon|75/100|[from] item: Leftovers
|upkeep
|turn|31
|
|t:|1769364030
|move|p1a: Sylveon|Calm Mind|p1a: Sylveon
|-boost|p1a: Sylveon|spa|1
|-boost|p1a: Sylveon|spd|1
|move|p2a: Bastiodon|Metal Burst||[still]
|-fail|p2a: Bastiodon
|
|-heal|p1a: Sylveon|100/100|[from] move: Wish|[wisher] Sylveon
|upkeep
|turn|32
|
|t:|1769364035
|move|p1a: Sylveon|Calm Mind|p1a: Sylveon
|-boost|p1a: Sylveon|spa|1
|-boost|p1a: Sylveon|spd|1
|move|p2a: Bastiodon|Stealth Rock||[still]
|-fail|p2a: Bastiodon
|
|upkeep
|turn|33
|
|t:|1769364040
|move|p1a: Sylveon|Calm Mind|p1a: Sylveon
|-boost|p1a: Sylveon|spa|1
|-boost|p1a: Sylveon|spd|1
|move|p2a: Bastiodon|Stealth Rock||[still]
|-fail|p2a: Bastiodon
|
|upkeep
|turn|34
|
|t:|1769364046
|move|p1a: Sylveon|Hyper Voice|p2a: Bastiodon
|-resisted|p2a: Bastiodon
|-damage|p2a: Bastiodon|38/100
|move|p2a: Bastiodon|Metal Burst|p1a: Sylveon
|-damage|p1a: Sylveon|23/100
|
|-heal|p1a: Sylveon|29/100|[from] item: Leftovers
|upkeep
|turn|35
|
|t:|1769364052
|move|p1a: Sylveon|Hyper Voice|p2a: Bastiodon
|-resisted|p2a: Bastiodon
|-damage|p2a: Bastiodon|0 fnt
|faint|p2a: Bastiodon
|
|win|mynasty
|raw|mynasty's rating: 1354 &rarr; <strong>1372</strong><br />(+18 for winning)
|raw|kuraiyagare's rating: 1325 &rarr; <strong>1307</strong><br />(-18 for losing)
|l|☆kuraiyagare
|player|p2|
|l|☆mynasty
|player|p1|
