|j|☆suprya
|j|☆Jahkem
|t:|1769396061
|gametype|singles
|player|p1|suprya|wattson|1733
|player|p2|Jahkem|morty-masters|1683
|gen|9
|tier|[Gen 9] OU
|rated|
|rule|HP Percentage Mod: HP is shown in percentages
|rule|Endless Battle Clause: Forcing endless battles is banned
|rule|Species Clause: Limit one of each Pokémon
|rule|OHKO Clause: OHKO moves are banned
|rule|Evasion Items Clause: Evasion items are banned
|rule|Evasion Moves Clause: Evasion moves are banned
|rule|Evasion Abilities Clause: Evasion abilities are banned
|rule|Sleep Moves Clause: Sleep-inducing moves are banned
|clearpoke
|poke|p1|Jolteon, M|
|poke|p1|Dragapult, F|
|poke|p1|Heatran, F|
|poke|p1|Gliscor, M|
|poke|p1|Alomomola, M|
|poke|p1|Zarude|
|poke|p2|Alomomola, M|
|poke|p2|Weezing-Galar, M|
|poke|p2|Gliscor, F|
|poke|p2|Corviknight, M|
|poke|p2|Ogerpon, F|
|poke|p2|Darkrai|
|teampreview
|inactive|Battle timer is ON: inactive players will automatically lose when time's up. (requested by suprya)
|
|t:|1769396085
|teamsize|p1|6
|teamsize|p2|6
|start
|switch|p1a: Zarude|Zarude|100/100
|switch|p2a: Alomomola|Alomomola, M|100/100
|turn|1
|
|t:|1769396090
|move|p1a: Zarude|Knock Off|p2a: Alomomola
|-damage|p2a: Alomomola|81/100
|-damage|p1a: Zarude|84/100|[from] item: Rocky Helmet|[of] p2a: Alomomola
|-enditem|p2a: Alomomola|Rocky Helmet|[from] move: Knock Off|[of] p1a: Zarude
|move|p2a: Alomomola|Flip Turn|p1a: Zarude
|-resisted|p1a: Zarude
|-damage|p1a: Zarude|78/100
|
|t:|1769396097
|switch|p2a: Corviknight|Corviknight, M|100/100|[from] Flip Turn
|-ability|p2a: Corviknight|Pressure
|
|upkeep
|turn|2
|
|t:|1769396105
|switch|p1a: Gliscor|Gliscor, M|100/100
|move|p2a: Corviknight|U-turn|p1a: Gliscor
|-resisted|p1a: Gliscor
|-damage|p1a: Gliscor|95/100
|
|t:|1769396112
|switch|p2a: Gliscor|Gliscor, F|100/100|[from] U-turn
|
|-status|p2a: Gliscor|tox|[from] item: Toxic Orb
|-status|p1a: Gliscor|tox|[from] item: Toxic Orb
|upkeep
|turn|3
|
|t:|1769396123
|move|p2a: Gliscor|Stealth Rock|p1a: Gliscor
|-sidestart|p1: suprya|move: Stealth Rock
|move|p1a: Gliscor|Spikes|p2a: Gliscor
|-sidestart|p2: Jahkem|Spikes
|
|-heal|p1a: Gliscor|100/100 tox|[from] ability: Poison Heal
|upkeep
|turn|4
|
|t:|1769396128
|switch|p2a: Darkrai|Darkrai|100/100
|-damage|p2a: Darkrai|88/100|[from] Spikes
|move|p1a: Gliscor|Knock Off|p2a: Darkrai
|-resisted|p2a: Darkrai
|-damage|p2a: Darkrai|75/100
|-enditem|p2a: Darkrai|Choice Specs|[from] move: Knock Off|[of] p1a: Gliscor
|
|upkeep
|turn|5
|
|t:|1769396140
|move|p1a: Gliscor|Protect|p1a: Gliscor
|-singleturn|p1a: Gliscor|Protect
|move|p2a: Darkrai|Ice Beam|p1a: Gliscor
|-activate|p1a: Gliscor|move: Protect
|
|upkeep
|turn|6
|
|t:|1769396151
|switch|p1a: Alomomola|Alomomola, M|100/100
|move|p2a: Darkrai|Dark Pulse|p1a: Alomomola
|-damage|p1a: Alomomola|62/100
|
|upkeep
|turn|7
|
|t:|1769396164
|move|p2a: Darkrai|Trick|p1a: Alomomola
|-activate|p2a: Darkrai|move: Trick|[of] p1a: Alomomola
|-enditem|p1a: Alomomola|Heavy-Duty Boots|[silent]|[from] move: Trick
|-item|p2a: Darkrai|Heavy-Duty Boots|[from] move: Trick
|move|p1a: Alomomola|Flip Turn|p2a: Darkrai
|-damage|p2a: Darkrai|54/100
|
|t:|1769396171
|switch|p1a: Jolteon|Jolteon, M|100/100|[from] Flip Turn
|
|upkeep
|turn|8
|
|t:|1769396194
|switch|p1a: Alomomola|Alomomola, M|96/100
|-damage|p1a: Alomomola|83/100|[from] Stealth Rock
|move|p2a: Darkrai|Dark Pulse|p1a: Alomomola
|-damage|p1a: Alomomola|49/100
|
|upkeep
|turn|9
|
|t:|1769396201
|move|p2a: Darkrai|Dark Pulse|p1a: Alomomola
|-damage|p1a: Alomomola|16/100
|move|p1a: Alomomola|Flip Turn|p2a: Darkrai
|-damage|p2a: Darkrai|30/100
|
|t:|1769396207
|switch|p1a: Jolteon|Jolteon, M|100/100|[from] Flip Turn
|
|upkeep
|turn|10
|
|t:|1769396212
|move|p1a: Jolteon|Alluring Voice|p2a: Darkrai
|-supereffective|p2a: Darkrai
|-damage|p2a: Darkrai|0 fnt
|faint|p2a: Darkrai
|
|upkeep
|
|t:|1769396223
|switch|p2a: Weezing|Weezing-Galar, M|100/100
|-ability|p2a: Weezing|Neutralizing Gas
|-damage|p2a: Weezing|88/100|[from] Spikes
|turn|11
|
|t:|1769396232
|move|p1a: Jolteon|Calm Mind|p1a: Jolteon
|-boost|p1a: Jolteon|spa|1
|-boost|p1a: Jolteon|spd|1
|move|p2a: Weezing|Sludge Bomb|p1a: Jolteon
|-damage|p1a: Jolteon|76/100
|
|-heal|p2a: Weezing|94/100|[from] item: Leftovers
|upkeep
|turn|12
|j| Axe Time
|
|t:|1769396239
|move|p1a: Jolteon|Calm Mind|p1a: Jolteon
|-boost|p1a: Jolteon|spa|1
|-boost|p1a: Jolteon|spd|1
|move|p2a: Weezing|Toxic Spikes|p1a: Jolteon
|-sidestart|p1: suprya|move: Toxic Spikes
|
|-heal|p2a: Weezing|99/100|[from] item: Leftovers
|upkeep
|turn|13
|
|t:|1769396261
|-end|p2a: Weezing|ability: Neutralizing Gas
|switch|p2a: Alomomola|Alomomola, M|100/100
|-damage|p2a: Alomomola|88/100|[from] Spikes
|move|p1a: Jolteon|Alluring Voice|p2a: Alomomola
|-damage|p2a: Alomomola|31/100
|
|upkeep
|turn|14
|
|t:|1769396272
|move|p1a: Jolteon|Alluring Voice|p2a: Alomomola
|-damage|p2a: Alomomola|0 fnt
|faint|p2a: Alomomola
|
|upkeep
|
|t:|1769396274
|switch|p2a: Ogerpon|Ogerpon, F|100/100
|-damage|p2a: Ogerpon|88/100|[from] Spikes
|turn|15
|
|t:|1769396279
|switch|p1a: Heatran|Heatran, F|100/100
|-terastallize|p2a: Ogerpon|Grass
|detailschange|p2a: Ogerpon|Ogerpon-Teal-Tera, F, tera:Grass
|-ability|p2a: Ogerpon|Embody Aspect (Teal)|boost
|-boost|p2a: Ogerpon|spe|1
|move|p2a: Ogerpon|Ivy Cudgel|p1a: Heatran
|-resisted|p1a: Heatran
|-damage|p1a: Heatran|90/100
|
|upkeep
|turn|16
|
|t:|1769396289
|switch|p2a: Gliscor|Gliscor, F|100/100 tox
|move|p1a: Heatran|Magma Storm|p2a: Gliscor|[miss]
|-miss|p1a: Heatran|p2a: Gliscor
|
|upkeep
|turn|17
|
|t:|1769396296
|switch|p2a: Ogerpon|Ogerpon-Teal-Tera, F, tera:Grass|88/100
|-damage|p2a: Ogerpon|76/100|[from] Spikes
|-ability|p2a: Ogerpon|Embody Aspect (Teal)|boost
|-boost|p2a: Ogerpon|spe|1
|switch|p1a: Gliscor|Gliscor, M|100/100 tox
|-damage|p1a: Gliscor|88/100 tox|[from] Stealth Rock
|
|-heal|p1a: Gliscor|100/100 tox|[from] ability: Poison Heal
|upkeep
|turn|18
|
|t:|1769396300
|move|p1a: Gliscor|Protect|p1a: Gliscor
|-singleturn|p1a: Gliscor|Protect
|move|p2a: Ogerpon|Swords Dance|p2a: Ogerpon
|-boost|p2a: Ogerpon|atk|2
|
|upkeep
|turn|19
|
|t:|1769396319
|move|p2a: Ogerpon|Swords Dance|p2a: Ogerpon
|-boost|p2a: Ogerpon|atk|2
|move|p1a: Gliscor|Knock Off|p2a: Ogerpon
|-damage|p2a: Ogerpon|46/100
|-enditem|p2a: Ogerpon|Scope Lens|[from] move: Knock Off|[of] p1a: Gliscor
|
|upkeep
|turn|20
|
|t:|1769396336
|move|p2a: Ogerpon|Knock Off|p1a: Gliscor
|-damage|p1a: Gliscor|25/100 tox
|-enditem|p1a: Gliscor|Toxic Orb|[from] move: Knock Off|[of] p2a: Ogerpon
|move|p1a: Gliscor|Knock Off|p2a: Ogerpon
|-damage|p2a: Ogerpon|26/100
|
|-heal|p1a: Gliscor|38/100 tox|[from] ability: Poison Heal
|upkeep
|turn|21
|
|t:|1769396348
|move|p2a: Ogerpon|Swords Dance|p2a: Ogerpon
|-boost|p2a: Ogerpon|atk|2
|move|p1a: Gliscor|Knock Off|p2a: Ogerpon
|-damage|p2a: Ogerpon|9/100
|
|-heal|p1a: Gliscor|50/100 tox|[from] ability: Poison Heal
|upkeep
|turn|22
|
|t:|1769396352
|move|p2a: Ogerpon|Ivy Cudgel|p1a: Gliscor
|-crit|p1a: Gliscor
|-damage|p1a: Gliscor|0 fnt
|faint|p1a: Gliscor
|
|upkeep
|
|t:|1769396354
|switch|p1a: Dragapult|Dragapult, F|100/100
|turn|23
|
|t:|1769396356
|move|p1a: Dragapult|Sucker Punch|p2a: Ogerpon
|-damage|p2a: Ogerpon|0 fnt
|faint|p2a: Ogerpon
|detailschange|p2: Ogerpon|Ogerpon, F|[silent]
|
|upkeep
|j| Nitro611
|
|t:|1769396366
|switch|p2a: Gliscor|Gliscor, F|100/100 tox
|turn|24
|
|t:|1769396386
|move|p1a: Dragapult|Hex|p2a: Gliscor
|-damage|p2a: Gliscor|52/100 tox
|move|p2a: Gliscor|Earthquake|p1a: Dragapult
|-damage|p1a: Dragapult|55/100
|
|-heal|p2a: Gliscor|65/100 tox|[from] ability: Poison Heal
|upkeep
|turn|25
|
|t:|1769396393
|move|p2a: Gliscor|Protect|p2a: Gliscor
|-singleturn|p2a: Gliscor|Protect
|move|p1a: Dragapult|Hex|p2a: Gliscor
|-activate|p2a: Gliscor|move: Protect
|
|-heal|p2a: Gliscor|77/100 tox|[from] ability: Poison Heal
|upkeep
|turn|26
|
|t:|1769396396
|move|p1a: Dragapult|Hex|p2a: Gliscor
|-damage|p2a: Gliscor|29/100 tox
|move|p2a: Gliscor|Toxic|p1a: Dragapult
|-status|p1a: Dragapult|tox
|
|-damage|p1a: Dragapult|49/100 tox|[from] psn
|-heal|p2a: Gliscor|42/100 tox|[from] ability: Poison Heal
|upkeep
|turn|27
|
|t:|1769396400
|move|p2a: Gliscor|Protect|p2a: Gliscor
|-singleturn|p2a: Gliscor|Protect
|move|p1a: Dragapult|Hex|p2a: Gliscor
|-activate|p2a: Gliscor|move: Protect
|
|-damage|p1a: Dragapult|37/100 tox|[from] psn
|-heal|p2a: Gliscor|54/100 tox|[from] ability: Poison Heal
|upkeep
|turn|28
|
|t:|1769396410
|switch|p2a: Corviknight|Corviknight, M|100/100
|-ability|p2a: Corviknight|Pressure
|move|p1a: Dragapult|Hex|p2a: Corviknight
|-damage|p2a: Corviknight|83/100
|
|-heal|p2a: Corviknight|89/100|[from] item: Leftovers
|-damage|p1a: Dragapult|19/100 tox|[from] psn
|upkeep
|turn|29
|
|t:|1769396431
|switch|p1a: Heatran|Heatran, F|90/100
|move|p2a: Corviknight|U-turn|p1a: Heatran
|-resisted|p1a: Heatran
|-damage|p1a: Heatran|88/100
|
|t:|1769396437
|switch|p2a: Gliscor|Gliscor, F|54/100 tox|[from] U-turn
|
|-heal|p2a: Gliscor|67/100 tox|[from] ability: Poison Heal
|upkeep
|turn|30
|
|t:|1769396443
|switch|p1a: Zarude|Zarude|78/100
|move|p2a: Gliscor|Earthquake|p1a: Zarude
|-resisted|p1a: Zarude
|-damage|p1a: Zarude|65/100
|
|-heal|p2a: Gliscor|79/100 tox|[from] ability: Poison Heal
|upkeep
|turn|31
|
|t:|1769396453
|move|p1a: Zarude|Power Whip|p2a: Gliscor
|-damage|p2a: Gliscor|42/100 tox
|move|p2a: Gliscor|Toxic|p1a: Zarude
|-status|p1a: Zarude|tox
|
|-damage|p1a: Zarude|59/100 tox|[from] psn
|-heal|p2a: Gliscor|54/100 tox|[from] ability: Poison Heal
|upkeep
|turn|32
|
|t:|1769396466
|switch|p2a: Corviknight|Corviknight, M|89/100
|-ability|p2a: Corviknight|Pressure
|move|p1a: Zarude|Power Whip|p2a: Corviknight
|-resisted|p2a: Corviknight
|-damage|p2a: Corviknight|80/100
|
|-heal|p2a: Corviknight|86/100|[from] item: Leftovers
|-damage|p1a: Zarude|47/100 tox|[from] psn
|upkeep
|turn|33
|
|t:|1769396475
|move|p1a: Zarude|Knock Off|p2a: Corviknight
|-damage|p2a: Corviknight|52/100
|-enditem|p2a: Corviknight|Leftovers|[from] move: Knock Off|[of] p1a: Zarude
|move|p2a: Corviknight|U-turn|p1a: Zarude
|-supereffective|p1a: Zarude
|-damage|p1a: Zarude|3/100 tox
|
|t:|1769396478
|switch|p2a: Gliscor|Gliscor, F|54/100 tox|[from] U-turn
|
|-damage|p1a: Zarude|0 fnt|[from] psn
|faint|p1a: Zarude
|-heal|p2a: Gliscor|67/100 tox|[from] ability: Poison Heal
|upkeep
|
|t:|1769396481
|switch|p1a: Heatran|Heatran, F|88/100
|turn|34
|
|t:|1769396488
|-terastallize|p1a: Heatran|Ghost
|move|p2a: Gliscor|Protect|p2a: Gliscor
|-singleturn|p2a: Gliscor|Protect
|move|p1a: Heatran|Magma Storm|p2a: Gliscor
|-activate|p2a: Gliscor|move: Protect
|
|-heal|p2a: Gliscor|79/100 tox|[from] ability: Poison Heal
|upkeep
|turn|35
|
|t:|1769396497
|move|p2a: Gliscor|Toxic|p1a: Heatran|[miss]
|-miss|p2a: Gliscor|p1a: Heatran
|move|p1a: Heatran|Magma Storm|p2a: Gliscor
|-damage|p2a: Gliscor|40/100 tox
|-activate|p2a: Gliscor|move: Magma Storm|[of] p1a: Heatran
|
|-heal|p2a: Gliscor|52/100 tox|[from] ability: Poison Heal
|-damage|p2a: Gliscor|40/100 tox|[from] move: Magma Storm|[partiallytrapped]
|upkeep
|turn|36
|
|t:|1769396505
|move|p2a: Gliscor|Protect|p2a: Gliscor
|-singleturn|p2a: Gliscor|Protect
|move|p1a: Heatran|Magma Storm|p2a: Gliscor
|-activate|p2a: Gliscor|move: Protect
|
|-heal|p2a: Gliscor|52/100 tox|[from] ability: Poison Heal
|-damage|p2a: Gliscor|40/100 tox|[from] move: Magma Storm|[partiallytrapped]
|upkeep
|turn|37
|
|t:|1769396518
|move|p2a: Gliscor|Toxic|p1a: Heatran
|-status|p1a: Heatran|tox
|move|p1a: Heatran|Magma Storm|p2a: Gliscor
|-damage|p2a: Gliscor|3/100 tox
|
|-heal|p2a: Gliscor|15/100 tox|[from] ability: Poison Heal
|-damage|p1a: Heatran|82/100 tox|[from] psn
|-damage|p2a: Gliscor|3/100 tox|[from] move: Magma Storm|[partiallytrapped]
|upkeep
|turn|38
|
|t:|1769396525
|move|p2a: Gliscor|Protect|p2a: Gliscor
|-singleturn|p2a: Gliscor|Protect
|move|p1a: Heatran|Stealth Rock|p2a: Gliscor
|-sidestart|p2: Jahkem|move: Stealth Rock
|
|-heal|p2a: Gliscor|15/100 tox|[from] ability: Poison Heal
|-damage|p1a: Heatran|69/100 tox|[from] psn
|-damage|p2a: Gliscor|3/100 tox|[from] move: Magma Storm|[partiallytrapped]
|upkeep
|turn|39
|
|t:|1769396546
|move|p2a: Gliscor|Protect||[still]
|-fail|p2a: Gliscor
|move|p1a: Heatran|Magma Storm|p2a: Gliscor
|-damage|p2a: Gliscor|0 fnt
|faint|p2a: Gliscor
|
|-damage|p1a: Heatran|51/100 tox|[from] psn
|upkeep
|
|t:|1769396554
|switch|p2a: Corviknight|Corviknight, M|52/100
|-damage|p2a: Corviknight|40/100|[from] Stealth Rock
|-ability|p2a: Corviknight|Pressure
|turn|40
|
|t:|1769396559
|move|p1a: Heatran|Magma Storm|p2a: Corviknight
|-supereffective|p2a: Corviknight
|-damage|p2a: Corviknight|0 fnt
|faint|p2a: Corviknight
|
|-damage|p1a: Heatran|26/100 tox|[from] psn
|upkeep
|
|t:|1769396562
|switch|p2a: Weezing|Weezing-Galar, M|99/100
|-ability|p2a: Weezing|Neutralizing Gas
|-damage|p2a: Weezing|88/100|[from] Spikes
|-damage|p2a: Weezing|76/100|[from] Stealth Rock
|turn|41
|
|t:|1769396571
|move|p1a: Heatran|Earth Power|p2a: Weezing
|-supereffective|p2a: Weezing
|-damage|p2a: Weezing|8/100
|move|p2a: Weezing|Toxic Spikes|p1a: Heatran
|-sidestart|p1: suprya|move: Toxic Spikes
|
|-heal|p2a: Weezing|14/100|[from] item: Leftovers
|-damage|p1a: Heatran|0 fnt|[from] psn
|faint|p1a: Heatran
|upkeep
|
|t:|1769396576
|switch|p1a: Jolteon|Jolteon, M|76/100
|turn|42
|
|t:|1769396579
|move|p1a: Jolteon|Thunderbolt|p2a: Weezing
|-damage|p2a: Weezing|0 fnt
|faint|p2a: Weezing
|-end|p2a: Weezing|ability: Neutralizing Gas
|
|win|suprya
|raw|suprya's rating: 1733 &rarr; <strong>1750</strong><br />(+17 for winning)
|raw|Jahkem's rating: 1683 &rarr; <strong>1666</strong><br />(-17 for losing)
|c|☆suprya|gg
|l|☆Jahkem
|player|p2|
|l|☆suprya
|player|p1|
|j| Omni Giygas
|l| Omni Giygas
|l| Nitro611
