|j|☆Maymcspade
|j|☆litle_noob
|t:|1769366012
|gametype|singles
|player|p1|Maymcspade|shauntal|1258
|player|p2|litle_noob|red|1302
|gen|9
|tier|[Gen 9] OU
|rated|
|rule|HP Percentage Mod: HP is shown in percentages
|rule|Endless Battle Clause: Forcing endless battles is banned
|rule|Species Clause: Limit one of each Pokémon
|rule|OHKO Clause: OHKO moves are banned
|rule|Evasion Items Clause: Evasion items are banned
|rule|Evasion Moves Clause: Evasion moves are banned
|rule|Evasion Abilities Clause: Evasion abilities are banned
|rule|Sleep Moves Clause: Sleep-inducing moves are banned
|clearpoke
|poke|p1|Samurott-Hisui, F|
|poke|p1|Raging Bolt|
|poke|p1|Great Tusk|
|poke|p1|Hatterene, F|
|poke|p1|Tornadus-Therian, M|
|poke|p1|Iron Valiant|
|poke|p2|Forretress, F|
|poke|p2|Toedscruel, F|
|poke|p2|Quaquaval, F|
|poke|p2|Gholdengo|
|poke|p2|Mandibuzz, F|
|poke|p2|Houndstone, F|
|teampreview
|inactive|Battle timer is ON: inactive players will automatically lose when time's up. (requested by Maymcspade)
|inactive|Maymcspade has 120 seconds left.
|
|t:|1769366063
|teamsize|p1|6
|teamsize|p2|6
|start
|switch|p1a: Drift|Samurott-Hisui, F, shiny|100/100
|switch|p2a: Forretress|Forretress, F|100/100
|turn|1
|
|t:|1769366069
|switch|p1a: Mad Hatter|Hatterene, F|100/100
|move|p2a: Forretress|Stealth Rock|p1a: Mad Hatter
|move|p1a: Mad Hatter|Stealth Rock|p2a: Forretress|[from] ability: Magic Bounce
|-sidestart|p2: litle_noob|move: Stealth Rock
|
|upkeep
|turn|2
|
|t:|1769366080
|move|p2a: Forretress|Rapid Spin|p1a: Mad Hatter
|-damage|p1a: Mad Hatter|88/100
|-boost|p2a: Forretress|spe|1
|-damage|p2a: Forretress|84/100|[from] item: Rocky Helmet|[of] p1a: Mad Hatter
|-sideend|p2: litle_noob|Stealth Rock|[from] move: Rapid Spin|[of] p2a: Forretress
|move|p1a: Mad Hatter|Nuzzle|p2a: Forretress
|-damage|p2a: Forretress|81/100
|-status|p2a: Forretress|par
|
|-heal|p2a: Forretress|88/100 par|[from] item: Leftovers
|upkeep
|turn|3
|
|t:|1769366087
|switch|p2a: Toedscruel|Toedscruel, F|100/100
|switch|p1a: Drift|Samurott-Hisui, F, shiny|100/100
|
|upkeep
|turn|4
|
|t:|1769366095
|switch|p2a: Quaquaval|Quaquaval, F|100/100
|move|p1a: Drift|Ceaseless Edge|p2a: Quaquaval
|-resisted|p2a: Quaquaval
|-damage|p2a: Quaquaval|83/100
|-sidestart|p2: litle_noob|Spikes
|
|upkeep
|turn|5
|inactive|Maymcspade has 120 seconds left.
|
|t:|1769366125
|switch|p1a: Dogfight|Tornadus-Therian, M|100/100
|move|p2a: Quaquaval|Rapid Spin|p1a: Dogfight
|-damage|p1a: Dogfight|80/100
|-boost|p2a: Quaquaval|spe|1
|-sideend|p2: litle_noob|Spikes|[from] move: Rapid Spin|[of] p2a: Quaquaval
|
|upkeep
|turn|6
|
|t:|1769366134
|switch|p2a: Gholdengo|Gholdengo|100/100
|move|p1a: Dogfight|Bleakwind Storm|p2a: Gholdengo
|-resisted|p2a: Gholdengo
|-damage|p2a: Gholdengo|84/100
|
|-heal|p2a: Gholdengo|90/100|[from] item: Leftovers
|upkeep
|turn|7
|
|t:|1769366140
|switch|p2a: Mandibuzz|Mandibuzz, F|100/100
|move|p1a: Dogfight|Knock Off|p2a: Mandibuzz
|-resisted|p2a: Mandibuzz
|-damage|p2a: Mandibuzz|93/100
|-enditem|p2a: Mandibuzz|Heavy-Duty Boots|[from] move: Knock Off|[of] p1a: Dogfight
|
|upkeep
|turn|8
|
|t:|1769366147
|move|p1a: Dogfight|U-turn|p2a: Mandibuzz
|-damage|p2a: Mandibuzz|81/100
|
|t:|1769366148
|switch|p1a: Mad Hatter|Hatterene, F|88/100|[from] U-turn
|move|p2a: Mandibuzz|Knock Off|p1a: Mad Hatter
|-damage|p1a: Mad Hatter|60/100
|-damage|p2a: Mandibuzz|64/100|[from] item: Rocky Helmet|[of] p1a: Mad Hatter
|-enditem|p1a: Mad Hatter|Rocky Helmet|[from] move: Knock Off|[of] p2a: Mandibuzz
|
|upkeep
|turn|9
|
|t:|1769366158
|switch|p2a: Toedscruel|Toedscruel, F|100/100
|move|p1a: Mad Hatter|Draining Kiss|p2a: Toedscruel
|-damage|p2a: Toedscruel|81/100
|-heal|p1a: Mad Hatter|77/100|[from] drain|[of] p2a: Toedscruel
|
|-heal|p2a: Toedscruel|87/100|[from] item: Leftovers
|upkeep
|turn|10
|inactive|Maymcspade has 120 seconds left.
|inactive|Maymcspade has 90 seconds left.
|inactive|Maymcspade has 60 seconds left.
|
|t:|1769366257
|move|p1a: Mad Hatter|Draining Kiss|p2a: Toedscruel
|-damage|p2a: Toedscruel|69/100
|-heal|p1a: Mad Hatter|92/100|[from] drain|[of] p2a: Toedscruel
|move|p2a: Toedscruel|Toxic|p1a: Mad Hatter|[miss]
|-miss|p2a: Toedscruel|p1a: Mad Hatter
|
|-heal|p2a: Toedscruel|75/100|[from] item: Leftovers
|upkeep
|turn|11
|inactive|Maymcspade has 60 seconds left.
|inactive|litle_noob has 120 seconds left.
|
|t:|1769366290
|move|p1a: Mad Hatter|Draining Kiss|p2a: Toedscruel
|-crit|p2a: Toedscruel
|-damage|p2a: Toedscruel|49/100
|-heal|p1a: Mad Hatter|100/100|[from] drain|[of] p2a: Toedscruel
|move|p2a: Toedscruel|Toxic|p1a: Mad Hatter
|-status|p1a: Mad Hatter|tox
|
|-heal|p2a: Toedscruel|55/100|[from] item: Leftovers
|-damage|p1a: Mad Hatter|95/100 tox|[from] psn
|upkeep
|turn|12
|inactive|Maymcspade has 60 seconds left.
|
|t:|1769366302
|move|p1a: Mad Hatter|Draining Kiss|p2a: Toedscruel
|-damage|p2a: Toedscruel|35/100
|-heal|p1a: Mad Hatter|100/100 tox|[from] drain|[of] p2a: Toedscruel
|move|p2a: Toedscruel|Leech Seed|p1a: Mad Hatter
|-start|p1a: Mad Hatter|move: Leech Seed
|
|-heal|p2a: Toedscruel|41/100|[from] item: Leftovers
|-damage|p1a: Mad Hatter|88/100 tox|[from] Leech Seed|[of] p2a: Toedscruel
|-heal|p2a: Toedscruel|52/100|[silent]
|-damage|p1a: Mad Hatter|76/100 tox|[from] psn
|upkeep
|turn|13
|inactive|Maymcspade has 60 seconds left.
|
|t:|1769366310
|switch|p1a: Dogfight|Tornadus-Therian, M|100/100
|move|p2a: Toedscruel|Giga Drain|p1a: Dogfight
|-resisted|p1a: Dogfight
|-damage|p1a: Dogfight|88/100
|-heal|p2a: Toedscruel|57/100|[from] drain|[of] p1a: Dogfight
|
|-heal|p2a: Toedscruel|63/100|[from] item: Leftovers
|upkeep
|turn|14
|
|t:|1769366315
|move|p1a: Dogfight|Bleakwind Storm|p2a: Toedscruel
|-supereffective|p2a: Toedscruel
|-damage|p2a: Toedscruel|12/100
|move|p2a: Toedscruel|Toxic|p1a: Dogfight
|-status|p1a: Dogfight|tox
|
|-heal|p2a: Toedscruel|18/100|[from] item: Leftovers
|-damage|p1a: Dogfight|82/100 tox|[from] psn
|upkeep
|turn|15
|
|t:|1769366322
|switch|p2a: Gholdengo|Gholdengo|90/100
|move|p1a: Dogfight|U-turn|p2a: Gholdengo
|-resisted|p2a: Gholdengo
|-damage|p2a: Gholdengo|86/100
|
|t:|1769366325
|switch|p1a: Drift|Samurott-Hisui, F, shiny|100/100|[from] U-turn
|
|-heal|p2a: Gholdengo|92/100|[from] item: Leftovers
|upkeep
|turn|16
|
|t:|1769366332
|switch|p2a: Quaquaval|Quaquaval, F|83/100
|move|p1a: Drift|Ceaseless Edge|p2a: Quaquaval
|-resisted|p2a: Quaquaval
|-damage|p2a: Quaquaval|67/100
|-sidestart|p2: litle_noob|Spikes
|
|upkeep
|turn|17
|
|t:|1769366338
|move|p1a: Drift|Ceaseless Edge|p2a: Quaquaval
|-resisted|p2a: Quaquaval
|-damage|p2a: Quaquaval|49/100
|-sidestart|p2: litle_noob|Spikes
|move|p2a: Quaquaval|Rapid Spin|p1a: Drift
|-damage|p1a: Drift|83/100
|-boost|p2a: Quaquaval|spe|1
|-sideend|p2: litle_noob|Spikes|[from] move: Rapid Spin|[of] p2a: Quaquaval
|
|upkeep
|turn|18
|-message|Maymcspade forfeited.
|
|win|litle_noob
|raw|Maymcspade's rating: 1258 &rarr; <strong>1235</strong><br />(-23 for losing)
|raw|litle_noob's rating: 1283 &rarr; <strong>1306</strong><br />(+23 for winning)
|l|☆Maymcspade
|player|p1|
