|j|☆Bossun267
|j|☆Underpants11
|t:|1769335359
|gametype|singles
|player|p1|Bossun267|boarder|1129
|player|p2|Underpants11|1|1096
|gen|9
|tier|[Gen 9] OU
|rated|
|rule|HP Percentage Mod: HP is shown in percentages
|rule|Endless Battle Clause: Forcing endless battles is banned
|rule|Species Clause: Limit one of each Pokémon
|rule|OHKO Clause: OHKO moves are banned
|rule|Evasion Items Clause: Evasion items are banned
|rule|Evasion Moves Clause: Evasion moves are banned
|rule|Evasion Abilities Clause: Evasion abilities are banned
|rule|Sleep Moves Clause: Sleep-inducing moves are banned
|clearpoke
|poke|p1|Ceruledge, M|
|poke|p1|Ogerpon-Wellspring, F|
|poke|p1|Rotom-Wash|
|poke|p1|Dragonite, M|
|poke|p1|Gholdengo|
|poke|p1|Great Tusk|
|poke|p2|Slowbro-Galar, M|
|poke|p2|Hatterene, F|
|poke|p2|Malamar, F|
|poke|p2|Darkrai|
|poke|p2|Garganacl, F|
|poke|p2|Scizor, F|
|teampreview
|inactive|Battle timer is ON: inactive players will automatically lose when time's up. (requested by Bossun267)
|inactive|Underpants11 has 120 seconds left.
|
|t:|1769335392
|teamsize|p1|6
|teamsize|p2|6
|start
|switch|p1a: Great Tusk|Great Tusk, shiny|100/100
|switch|p2a: Garganacl|Garganacl, F, shiny|100/100
|-enditem|p1a: Great Tusk|Booster Energy
|-activate|p1a: Great Tusk|ability: Protosynthesis|[fromitem]
|-start|p1a: Great Tusk|protosynthesisatk
|turn|1
|
|t:|1769335411
|move|p1a: Great Tusk|Ice Spinner|p2a: Garganacl
|-damage|p2a: Garganacl|76/100
|move|p2a: Garganacl|Salt Cure|p1a: Great Tusk
|-resisted|p1a: Great Tusk
|-damage|p1a: Great Tusk|98/100
|-start|p1a: Great Tusk|Salt Cure
|
|-heal|p2a: Garganacl|83/100|[from] item: Leftovers
|-damage|p1a: Great Tusk|86/100|[from] Salt Cure
|upkeep
|turn|2
|
|t:|1769335433
|move|p1a: Great Tusk|Stealth Rock|p2a: Garganacl
|-sidestart|p2: Underpants11|move: Stealth Rock
|move|p2a: Garganacl|Stealth Rock|p1a: Great Tusk
|-sidestart|p1: Bossun267|move: Stealth Rock
|
|-heal|p2a: Garganacl|89/100|[from] item: Leftovers
|-damage|p1a: Great Tusk|73/100|[from] Salt Cure
|upkeep
|turn|3
|
|t:|1769335444
|switch|p2a: Scizor|Scizor, F, shiny|100/100
|-damage|p2a: Scizor|88/100|[from] Stealth Rock
|move|p1a: Great Tusk|Rapid Spin|p2a: Scizor
|-resisted|p2a: Scizor
|-damage|p2a: Scizor|77/100
|-boost|p1a: Great Tusk|spe|1
|-sideend|p1: Bossun267|Stealth Rock|[from] move: Rapid Spin|[of] p1a: Great Tusk
|
|-heal|p2a: Scizor|83/100|[from] item: Leftovers
|-damage|p1a: Great Tusk|61/100|[from] Salt Cure
|upkeep
|turn|4
|
|t:|1769335457
|-end|p1a: Great Tusk|Protosynthesis|[silent]
|switch|p1a: Ceruledge|Ceruledge, M, shiny|100/100
|move|p2a: Scizor|Defog|p1a: Ceruledge
|-unboost|p1a: Ceruledge|evasion|1
|-sideend|p2: Underpants11|Stealth Rock|[from] move: Defog|[of] p2a: Scizor
|
|-heal|p2a: Scizor|89/100|[from] item: Leftovers
|upkeep
|turn|5
|
|t:|1769335465
|-terastallize|p2a: Scizor|Fire
|move|p1a: Ceruledge|Bitter Blade|p2a: Scizor
|-resisted|p2a: Scizor
|-damage|p2a: Scizor|66/100
|move|p2a: Scizor|Knock Off|p1a: Ceruledge
|-supereffective|p1a: Ceruledge
|-damage|p1a: Ceruledge|28/100
|-ability|p1a: Ceruledge|Weak Armor|boost
|-unboost|p1a: Ceruledge|def|1
|-boost|p1a: Ceruledge|spe|2
|-enditem|p1a: Ceruledge|Focus Sash|[from] move: Knock Off|[of] p2a: Scizor
|
|-heal|p2a: Scizor|72/100|[from] item: Leftovers
|upkeep
|turn|6
|
|t:|1769335483
|move|p1a: Ceruledge|Shadow Claw|p2a: Scizor
|-crit|p2a: Scizor
|-damage|p2a: Scizor|19/100
|move|p2a: Scizor|Knock Off|p1a: Ceruledge
|-supereffective|p1a: Ceruledge
|-damage|p1a: Ceruledge|0 fnt
|faint|p1a: Ceruledge
|
|-heal|p2a: Scizor|25/100|[from] item: Leftovers
|upkeep
|
|t:|1769335492
|switch|p1a: Ogerpon|Ogerpon-Wellspring, F|100/100
|turn|7
|
|t:|1769335500
|move|p1a: Ogerpon|Ivy Cudgel|p2a: Scizor|[anim] Ivy Cudgel Water
|-supereffective|p2a: Scizor
|-damage|p2a: Scizor|0 fnt
|faint|p2a: Scizor
|
|upkeep
|
|t:|1769335510
|switch|p2a: Hatterene|Hatterene, F, shiny|100/100
|turn|8
|
|t:|1769335514
|move|p1a: Ogerpon|Swords Dance|p1a: Ogerpon
|-boost|p1a: Ogerpon|atk|2
|move|p2a: Hatterene|Nuzzle|p1a: Ogerpon
|-damage|p1a: Ogerpon|96/100
|-status|p1a: Ogerpon|par
|
|upkeep
|turn|9
|
|t:|1769335521
|move|p1a: Ogerpon|Horn Leech|p2a: Hatterene
|-damage|p2a: Hatterene|18/100
|-heal|p1a: Ogerpon|100/100 par|[from] drain|[of] p2a: Hatterene
|move|p2a: Hatterene|Reflect|p2a: Hatterene
|-sidestart|p2: Underpants11|Reflect
|
|upkeep
|turn|10
|
|t:|1769335543
|switch|p2a: Malamar|Malamar, F, shiny|100/100
|move|p1a: Ogerpon|Horn Leech|p2a: Malamar
|-damage|p2a: Malamar|47/100
|
|-heal|p2a: Malamar|53/100|[from] item: Leftovers
|upkeep
|turn|11
|
|t:|1769335550
|move|p2a: Malamar|Superpower|p1a: Ogerpon
|-damage|p1a: Ogerpon|68/100 par
|-boost|p2a: Malamar|atk|1
|-boost|p2a: Malamar|def|1
|cant|p1a: Ogerpon|par
|
|-heal|p2a: Malamar|59/100|[from] item: Leftovers
|upkeep
|turn|12
|
|t:|1769335558
|move|p2a: Malamar|Superpower|p1a: Ogerpon
|-damage|p1a: Ogerpon|18/100 par
|-boost|p2a: Malamar|atk|1
|-boost|p2a: Malamar|def|1
|cant|p1a: Ogerpon|par
|
|-heal|p2a: Malamar|65/100|[from] item: Leftovers
|upkeep
|turn|13
|
|t:|1769335568
|move|p2a: Malamar|Knock Off|p1a: Ogerpon
|-damage|p1a: Ogerpon|0 fnt
|faint|p1a: Ogerpon
|
|-heal|p2a: Malamar|71/100|[from] item: Leftovers
|upkeep
|
|t:|1769335574
|switch|p1a: Gholdengo|Gholdengo|100/100
|turn|14
|
|t:|1769335579
|move|p1a: Gholdengo|Substitute|p1a: Gholdengo
|-start|p1a: Gholdengo|Substitute
|-damage|p1a: Gholdengo|76/100
|move|p2a: Malamar|Knock Off|p1a: Gholdengo
|-supereffective|p1a: Gholdengo
|-end|p1a: Gholdengo|Substitute
|
|-heal|p1a: Gholdengo|82/100|[from] item: Leftovers
|-heal|p2a: Malamar|77/100|[from] item: Leftovers
|upkeep
|turn|15
|
|t:|1769335588
|switch|p1a: Rotom|Rotom-Wash|100/100
|move|p2a: Malamar|Knock Off|p1a: Rotom
|-damage|p1a: Rotom|56/100
|-enditem|p1a: Rotom|Leftovers|[from] move: Knock Off|[of] p2a: Malamar
|
|-heal|p2a: Malamar|84/100|[from] item: Leftovers
|upkeep
|turn|16
|
|t:|1769335598
|move|p2a: Malamar|Superpower|p1a: Rotom
|-damage|p1a: Rotom|15/100
|-boost|p2a: Malamar|atk|1
|-boost|p2a: Malamar|def|1
|move|p1a: Rotom|Will-O-Wisp|p2a: Malamar
|-status|p2a: Malamar|brn
|
|-heal|p2a: Malamar|90/100 brn|[from] item: Leftovers
|-damage|p2a: Malamar|84/100 brn|[from] brn
|-sideend|p2: Underpants11|Reflect
|upkeep
|turn|17
|
|t:|1769335613
|move|p2a: Malamar|Superpower|p1a: Rotom
|-damage|p1a: Rotom|0 fnt
|-boost|p2a: Malamar|atk|1
|-boost|p2a: Malamar|def|1
|faint|p1a: Rotom
|
|-heal|p2a: Malamar|90/100 brn|[from] item: Leftovers
|-damage|p2a: Malamar|84/100 brn|[from] brn
|upkeep
|
|t:|1769335622
|switch|p1a: Great Tusk|Great Tusk, shiny|61/100
|turn|18
|
|t:|1769335628
|move|p1a: Great Tusk|Earthquake|p2a: Malamar
|-damage|p2a: Malamar|60/100 brn
|move|p2a: Malamar|Liquidation|p1a: Great Tusk
|-supereffective|p1a: Great Tusk
|-damage|p1a: Great Tusk|23/100
|-unboost|p1a: Great Tusk|def|1
|
|-heal|p2a: Malamar|66/100 brn|[from] item: Leftovers
|-damage|p2a: Malamar|60/100 brn|[from] brn
|upkeep
|turn|19
|
|t:|1769335640
|move|p1a: Great Tusk|Stealth Rock|p2a: Malamar
|-sidestart|p2: Underpants11|move: Stealth Rock
|move|p2a: Malamar|Liquidation|p1a: Great Tusk
|-supereffective|p1a: Great Tusk
|-damage|p1a: Great Tusk|0 fnt
|faint|p1a: Great Tusk
|-end|p1a: Great Tusk|Protosynthesis|[silent]
|
|-heal|p2a: Malamar|66/100 brn|[from] item: Leftovers
|-damage|p2a: Malamar|60/100 brn|[from] brn
|upkeep
|
|t:|1769335648
|switch|p1a: Gholdengo|Gholdengo|82/100
|turn|20
|
|t:|1769335656
|move|p1a: Gholdengo|Make It Rain|p2a: Malamar
|-damage|p2a: Malamar|0 fnt
|-unboost|p1a: Gholdengo|spa|1
|faint|p2a: Malamar
|
|-heal|p1a: Gholdengo|88/100|[from] item: Leftovers
|upkeep
|
|t:|1769335672
|switch|p2a: Darkrai|Darkrai|100/100
|-damage|p2a: Darkrai|88/100|[from] Stealth Rock
|turn|21
|
|t:|1769335695
|move|p2a: Darkrai|Ice Beam|p1a: Gholdengo
|-resisted|p1a: Gholdengo
|-damage|p1a: Gholdengo|59/100
|move|p1a: Gholdengo|Make It Rain|p2a: Darkrai
|-damage|p2a: Darkrai|35/100
|-unboost|p1a: Gholdengo|spa|1
|
|-heal|p1a: Gholdengo|65/100|[from] item: Leftovers
|upkeep
|turn|22
|
|t:|1769335705
|switch|p2a: Hatterene|Hatterene, F, shiny|18/100
|-damage|p2a: Hatterene|6/100|[from] Stealth Rock
|switch|p1a: Dragonite|Dragonite, M|100/100
|
|upkeep
|turn|23
|
|t:|1769335712
|move|p1a: Dragonite|Extreme Speed|p2a: Hatterene
|-damage|p2a: Hatterene|0 fnt
|faint|p2a: Hatterene
|
|upkeep
|
|t:|1769335717
|switch|p2a: Darkrai|Darkrai|35/100
|-damage|p2a: Darkrai|22/100|[from] Stealth Rock
|turn|24
|
|t:|1769335722
|move|p1a: Dragonite|Extreme Speed|p2a: Darkrai
|-damage|p2a: Darkrai|0 fnt
|faint|p2a: Darkrai
|
|upkeep
|
|t:|1769335726
|switch|p2a: Slowbro|Slowbro-Galar, M|100/100
|-damage|p2a: Slowbro|88/100|[from] Stealth Rock
|turn|25
|
|t:|1769335733
|switch|p1a: Gholdengo|Gholdengo|65/100
|move|p2a: Slowbro|Belly Drum|p2a: Slowbro
|-damage|p2a: Slowbro|38/100
|-setboost|p2a: Slowbro|atk|6|[from] move: Belly Drum
|-enditem|p2a: Slowbro|Sitrus Berry|[eat]
|-heal|p2a: Slowbro|63/100|[from] item: Sitrus Berry
|
|-heal|p1a: Gholdengo|71/100|[from] item: Leftovers
|upkeep
|turn|26
|-activate|p2a: Slowbro|ability: Quick Draw
|
|t:|1769335745
|move|p2a: Slowbro|Liquidation|p1a: Gholdengo
|-damage|p1a: Gholdengo|0 fnt
|faint|p1a: Gholdengo
|
|upkeep
|
|t:|1769335751
|switch|p1a: Dragonite|Dragonite, M|100/100
|turn|27
|
|t:|1769335756
|-terastallize|p1a: Dragonite|Dragon
|move|p1a: Dragonite|Dragon Dance|p1a: Dragonite
|-boost|p1a: Dragonite|atk|1
|-boost|p1a: Dragonite|spe|1
|move|p2a: Slowbro|Gunk Shot|p1a: Dragonite
|-damage|p1a: Dragonite|0 fnt
|faint|p1a: Dragonite
|
|win|Underpants11
|raw|Bossun267's rating: 1129 &rarr; <strong>1102</strong><br />(-27 for losing)
|raw|Underpants11's rating: 1096 &rarr; <strong>1124</strong><br />(+28 for winning)
|l|☆Underpants11
|player|p2|
|l|☆Bossun267
|player|p1|
