|j|☆LlamaLedgend750©
|j|☆KrishU17
|t:|1769393940
|gametype|singles
|player|p1|LlamaLedgend750©|alec-anime|1161
|player|p2|KrishU17|170|1211
|gen|9
|tier|[Gen 9] OU
|rated|
|rule|HP Percentage Mod: HP is shown in percentages
|rule|Endless Battle Clause: Forcing endless battles is banned
|rule|Species Clause: Limit one of each Pokémon
|rule|OHKO Clause: OHKO moves are banned
|rule|Evasion Items Clause: Evasion items are banned
|rule|Evasion Moves Clause: Evasion moves are banned
|rule|Evasion Abilities Clause: Evasion abilities are banned
|rule|Sleep Moves Clause: Sleep-inducing moves are banned
|clearpoke
|poke|p1|Iron Moth|
|poke|p1|Moltres|
|poke|p1|Volcanion|
|poke|p1|Gholdengo|
|poke|p1|Pecharunt|
|poke|p1|Dragapult, M|
|poke|p2|Gholdengo|
|poke|p2|Pecharunt|
|poke|p2|Zamazenta-*|
|poke|p2|Weezing-Galar, M|
|poke|p2|Dragonite, M|
|poke|p2|Samurott-Hisui, F|
|teampreview
|inactive|Battle timer is ON: inactive players will automatically lose when time's up. (requested by LlamaLedgend750©)
|c|☆LlamaLedgend750©|glhf
|c|☆KrishU17|you to
|
|t:|1769393957
|teamsize|p1|6
|teamsize|p2|6
|start
|switch|p1a: Dragapult|Dragapult, M|100/100
|switch|p2a: Weezing|Weezing-Galar, M|100/100
|-ability|p2a: Weezing|Neutralizing Gas
|-item|p2a: Weezing|Air Balloon
|turn|1
|
|t:|1769393967
|move|p1a: Dragapult|U-turn|p2a: Weezing
|-resisted|p2a: Weezing
|-damage|p2a: Weezing|93/100
|-enditem|p2a: Weezing|Air Balloon
|
|t:|1769393970
|switch|p1a: Volcanion|Volcanion|100/100|[from] U-turn
|move|p2a: Weezing|Toxic|p1a: Volcanion
|-status|p1a: Volcanion|tox
|
|-damage|p1a: Volcanion|95/100 tox|[from] psn
|upkeep
|turn|2
|
|t:|1769393978
|move|p1a: Volcanion|Steam Eruption|p2a: Weezing
|-damage|p2a: Weezing|1/100
|move|p2a: Weezing|Toxic Spikes|p1a: Volcanion
|-sidestart|p1: LlamaLedgend750©|move: Toxic Spikes
|
|-damage|p1a: Volcanion|83/100 tox|[from] psn
|upkeep
|turn|3
|
|t:|1769393992
|-end|p2a: Weezing|ability: Neutralizing Gas
|switch|p2a: Samurott|Samurott-Hisui, F, shiny|100/100
|move|p1a: Volcanion|Steam Eruption|p2a: Samurott
|-resisted|p2a: Samurott
|-damage|p2a: Samurott|63/100
|
|-damage|p1a: Volcanion|65/100 tox|[from] psn
|upkeep
|turn|4
|
|t:|1769394000
|switch|p1a: Pecharunt|Pecharunt|100/100
|-sideend|p1: LlamaLedgend750©|move: Toxic Spikes|[of] p1a: Pecharunt
|move|p2a: Samurott|Ceaseless Edge|p1a: Pecharunt
|-supereffective|p1a: Pecharunt
|-damage|p1a: Pecharunt|62/100
|-sidestart|p1: LlamaLedgend750©|Spikes
|
|upkeep
|turn|5
|
|t:|1769394012
|move|p2a: Samurott|Ceaseless Edge|p1a: Pecharunt|[miss]
|-miss|p2a: Samurott|p1a: Pecharunt
|move|p1a: Pecharunt|Malignant Chain|p2a: Samurott
|-damage|p2a: Samurott|40/100
|
|upkeep
|turn|6
|
|t:|1769394018
|move|p2a: Samurott|Ceaseless Edge|p1a: Pecharunt
|-supereffective|p1a: Pecharunt
|-damage|p1a: Pecharunt|21/100
|-sidestart|p1: LlamaLedgend750©|Spikes
|move|p1a: Pecharunt|Parting Shot|p2a: Samurott
|-unboost|p2a: Samurott|atk|1
|-unboost|p2a: Samurott|spa|1
|
|t:|1769394031
|switch|p1a: Iron Moth|Iron Moth|100/100|[from] Parting Shot
|-damage|p1a: Iron Moth|84/100|[from] Spikes
|-enditem|p1a: Iron Moth|Booster Energy
|-activate|p1a: Iron Moth|ability: Quark Drive|[fromitem]
|-start|p1a: Iron Moth|quarkdrivespe
|
|upkeep
|turn|7
|
|t:|1769394046
|move|p1a: Iron Moth|Dazzling Gleam|p2a: Samurott
|-supereffective|p2a: Samurott
|-damage|p2a: Samurott|0 fnt
|faint|p2a: Samurott
|
|upkeep
|
|t:|1769394056
|switch|p2a: Dragonite|Dragonite, M|100/100
|turn|8
|
|t:|1769394062
|-terastallize|p2a: Dragonite|Normal
|move|p2a: Dragonite|Extreme Speed|p1a: Iron Moth
|-damage|p1a: Iron Moth|18/100
|move|p1a: Iron Moth|Fiery Dance|p2a: Dragonite
|-damage|p2a: Dragonite|81/100
|
|upkeep
|turn|9
|
|t:|1769394070
|move|p2a: Dragonite|Extreme Speed|p1a: Iron Moth
|-damage|p1a: Iron Moth|0 fnt
|faint|p1a: Iron Moth
|-end|p1a: Iron Moth|Quark Drive|[silent]
|
|upkeep
|
|t:|1769394075
|switch|p1a: Gholdengo|Gholdengo|100/100
|-item|p1a: Gholdengo|Air Balloon
|turn|10
|
|t:|1769394081
|move|p1a: Gholdengo|Make It Rain|p2a: Dragonite
|-damage|p2a: Dragonite|35/100
|-unboost|p1a: Gholdengo|spa|1
|move|p2a: Dragonite|Dragon Tail|p1a: Gholdengo
|-resisted|p1a: Gholdengo
|-damage|p1a: Gholdengo|88/100
|-enditem|p1a: Gholdengo|Air Balloon
|drag|p1a: Dragapult|Dragapult, M|100/100
|-damage|p1a: Dragapult|84/100|[from] Spikes
|
|upkeep
|turn|11
|
|t:|1769394109
|switch|p2a: Gholdengo|Gholdengo|100/100
|-item|p2a: Gholdengo|Air Balloon
|move|p1a: Dragapult|Dragon Darts|p2a: Gholdengo
|-resisted|p2a: Gholdengo
|-damage|p2a: Gholdengo|80/100
|-enditem|p2a: Gholdengo|Air Balloon
|-anim|p1a: Dragapult|Dragon Darts|p2a: Gholdengo
|-resisted|p2a: Gholdengo
|-damage|p2a: Gholdengo|63/100
|
|upkeep
|turn|12
|
|t:|1769394117
|switch|p1a: Moltres|Moltres|100/100
|move|p2a: Gholdengo|Shadow Ball|p1a: Moltres
|-damage|p1a: Moltres|55/100
|-unboost|p1a: Moltres|spd|1
|
|upkeep
|turn|13
|
|t:|1769394126
|switch|p2a: Pecharunt|Pecharunt|100/100
|-item|p2a: Pecharunt|Air Balloon
|move|p1a: Moltres|Flamethrower|p2a: Pecharunt
|-damage|p2a: Pecharunt|63/100
|-status|p2a: Pecharunt|brn
|-enditem|p2a: Pecharunt|Air Balloon
|
|-damage|p2a: Pecharunt|57/100 brn|[from] brn
|upkeep
|turn|14
|
|t:|1769394134
|move|p2a: Pecharunt|Malignant Chain|p1a: Moltres
|-damage|p1a: Moltres|5/100
|-status|p1a: Moltres|tox
|-start|p1a: Moltres|confusion|[from] ability: Poison Puppeteer|[of] p2a: Pecharunt
|-activate|p1a: Moltres|confusion
|-damage|p1a: Moltres|0 fnt|[from] confusion
|faint|p1a: Moltres
|
|-damage|p2a: Pecharunt|51/100 brn|[from] brn
|upkeep
|
|t:|1769394146
|switch|p1a: Dragapult|Dragapult, M|84/100
|-damage|p1a: Dragapult|68/100|[from] Spikes
|turn|15
|
|t:|1769394155
|switch|p2a: Dragonite|Dragonite, M, tera:Normal|35/100
|-terastallize|p1a: Dragapult|Ghost
|move|p1a: Dragapult|Tera Blast|p2a: Dragonite|[anim] Tera Blast Ghost
|-immune|p2a: Dragonite
|
|upkeep
|turn|16
|
|t:|1769394164
|switch|p1a: Gholdengo|Gholdengo|88/100
|-damage|p1a: Gholdengo|71/100|[from] Spikes
|move|p2a: Dragonite|Roost|p2a: Dragonite
|-heal|p2a: Dragonite|85/100
|
|upkeep
|turn|17
|
|t:|1769394171
|move|p1a: Gholdengo|Thunder Wave|p2a: Dragonite
|-status|p2a: Dragonite|par
|move|p2a: Dragonite|Earthquake|p1a: Gholdengo
|-supereffective|p1a: Gholdengo
|-damage|p1a: Gholdengo|17/100
|
|upkeep
|turn|18
|
|t:|1769394179
|move|p1a: Gholdengo|Recover|p1a: Gholdengo
|-heal|p1a: Gholdengo|67/100
|move|p2a: Dragonite|Earthquake|p1a: Gholdengo
|-supereffective|p1a: Gholdengo
|-damage|p1a: Gholdengo|11/100
|
|upkeep
|turn|19
|
|t:|1769394186
|move|p1a: Gholdengo|Recover|p1a: Gholdengo
|-heal|p1a: Gholdengo|61/100
|cant|p2a: Dragonite|par
|
|upkeep
|turn|20
|
|t:|1769394193
|move|p1a: Gholdengo|Recover|p1a: Gholdengo
|-heal|p1a: Gholdengo|100/100
|move|p2a: Dragonite|Dragon Tail|p1a: Gholdengo|[miss]
|-miss|p2a: Dragonite|p1a: Gholdengo
|
|upkeep
|turn|21
|
|t:|1769394200
|move|p1a: Gholdengo|Make It Rain|p2a: Dragonite
|-damage|p2a: Dragonite|39/100 par
|-unboost|p1a: Gholdengo|spa|1
|move|p2a: Dragonite|Earthquake|p1a: Gholdengo
|-supereffective|p1a: Gholdengo
|-damage|p1a: Gholdengo|44/100
|
|upkeep
|turn|22
|
|t:|1769394211
|move|p1a: Gholdengo|Make It Rain|p2a: Dragonite
|-damage|p2a: Dragonite|5/100 par
|-unboost|p1a: Gholdengo|spa|1
|move|p2a: Dragonite|Dragon Tail|p1a: Gholdengo
|-resisted|p1a: Gholdengo
|-damage|p1a: Gholdengo|32/100
|drag|p1a: Volcanion|Volcanion|65/100 tox
|-damage|p1a: Volcanion|48/100 tox|[from] Spikes
|
|-damage|p1a: Volcanion|42/100 tox|[from] psn
|upkeep
|turn|23
|
|t:|1769394222
|cant|p2a: Dragonite|par
|move|p1a: Volcanion|Flamethrower|p2a: Dragonite
|-damage|p2a: Dragonite|0 fnt
|faint|p2a: Dragonite
|
|-damage|p1a: Volcanion|30/100 tox|[from] psn
|upkeep
|
|t:|1769394231
|switch|p2a: Zamazenta|Zamazenta|100/100
|-ability|p2a: Zamazenta|Dauntless Shield|boost
|-boost|p2a: Zamazenta|def|1
|turn|24
|
|t:|1769394238
|move|p2a: Zamazenta|Body Press|p1a: Volcanion
|-damage|p1a: Volcanion|0 fnt
|faint|p1a: Volcanion
|
|upkeep
|
|t:|1769394244
|switch|p1a: Pecharunt|Pecharunt|21/100
|turn|25
|
|t:|1769394250
|move|p2a: Zamazenta|Ice Fang|p1a: Pecharunt
|-damage|p1a: Pecharunt|13/100
|move|p1a: Pecharunt|Recover|p1a: Pecharunt
|-heal|p1a: Pecharunt|63/100
|
|upkeep
|turn|26
|
|t:|1769394257
|switch|p2a: Gholdengo|Gholdengo|63/100
|move|p1a: Pecharunt|Recover|p1a: Pecharunt
|-heal|p1a: Pecharunt|100/100
|
|upkeep
|turn|27
|
|t:|1769394265
|move|p2a: Gholdengo|Shadow Ball|p1a: Pecharunt
|-supereffective|p1a: Pecharunt
|-damage|p1a: Pecharunt|4/100
|move|p1a: Pecharunt|Foul Play|p2a: Gholdengo
|-supereffective|p2a: Gholdengo
|-damage|p2a: Gholdengo|38/100
|
|upkeep
|turn|28
|
|t:|1769394273
|move|p2a: Gholdengo|Shadow Ball|p1a: Pecharunt
|-supereffective|p1a: Pecharunt
|-damage|p1a: Pecharunt|0 fnt
|faint|p1a: Pecharunt
|
|upkeep
|
|t:|1769394276
|switch|p1a: Dragapult|Dragapult, M, tera:Ghost|68/100
|-damage|p1a: Dragapult|51/100|[from] Spikes
|turn|29
|
|t:|1769394286
|switch|p2a: Weezing|Weezing-Galar, M|1/100
|-ability|p2a: Weezing|Neutralizing Gas
|move|p1a: Dragapult|Tera Blast|p2a: Weezing|[anim] Tera Blast Ghost
|-damage|p2a: Weezing|0 fnt
|faint|p2a: Weezing
|-end|p2a: Weezing|ability: Neutralizing Gas
|
|upkeep
|
|t:|1769394302
|switch|p2a: Gholdengo|Gholdengo|38/100
|turn|30
|
|t:|1769394307
|move|p1a: Dragapult|Tera Blast|p2a: Gholdengo|[anim] Tera Blast Ghost
|-supereffective|p2a: Gholdengo
|-damage|p2a: Gholdengo|0 fnt
|faint|p2a: Gholdengo
|
|upkeep
|
|t:|1769394313
|switch|p2a: Zamazenta|Zamazenta|100/100
|turn|31
|
|t:|1769394318
|switch|p1a: Gholdengo|Gholdengo|32/100
|-damage|p1a: Gholdengo|15/100|[from] Spikes
|move|p2a: Zamazenta|Ice Fang|p1a: Gholdengo
|-resisted|p1a: Gholdengo
|-damage|p1a: Gholdengo|9/100
|
|upkeep
|turn|32
|
|t:|1769394328
|move|p2a: Zamazenta|Ice Fang|p1a: Gholdengo
|-resisted|p1a: Gholdengo
|-damage|p1a: Gholdengo|4/100
|move|p1a: Gholdengo|Recover|p1a: Gholdengo
|-heal|p1a: Gholdengo|54/100
|
|upkeep
|turn|33
|
|t:|1769394339
|move|p2a: Zamazenta|Ice Fang|p1a: Gholdengo
|-resisted|p1a: Gholdengo
|-damage|p1a: Gholdengo|47/100
|move|p1a: Gholdengo|Recover|p1a: Gholdengo
|-heal|p1a: Gholdengo|97/100
|
|upkeep
|turn|34
|
|t:|1769394346
|move|p2a: Zamazenta|Ice Fang|p1a: Gholdengo
|-resisted|p1a: Gholdengo
|-damage|p1a: Gholdengo|91/100
|move|p1a: Gholdengo|Thunder Wave|p2a: Zamazenta
|-status|p2a: Zamazenta|par
|
|upkeep
|turn|35
|
|t:|1769394354
|move|p1a: Gholdengo|Hex|p2a: Zamazenta
|-damage|p2a: Zamazenta|51/100 par
|move|p2a: Zamazenta|Ice Fang|p1a: Gholdengo
|-resisted|p1a: Gholdengo
|-damage|p1a: Gholdengo|85/100
|
|-heal|p2a: Zamazenta|57/100 par|[from] item: Leftovers
|upkeep
|turn|36
|
|t:|1769394363
|move|p1a: Gholdengo|Hex|p2a: Zamazenta
|-damage|p2a: Zamazenta|10/100 par
|cant|p2a: Zamazenta|par
|
|-heal|p2a: Zamazenta|16/100 par|[from] item: Leftovers
|upkeep
|turn|37
|
|t:|1769394369
|switch|p2a: Pecharunt|Pecharunt|51/100 brn
|move|p1a: Gholdengo|Hex|p2a: Pecharunt
|-supereffective|p2a: Pecharunt
|-damage|p2a: Pecharunt|0 fnt
|faint|p2a: Pecharunt
|
|upkeep
|
|t:|1769394375
|switch|p2a: Zamazenta|Zamazenta|16/100 par
|turn|38
|c|☆KrishU17|gg
|-message|KrishU17 forfeited.
|
|win|LlamaLedgend750©
|raw|LlamaLedgend750©'s rating: 1161 &rarr; <strong>1190</strong><br />(+29 for winning)
|raw|KrishU17's rating: 1211 &rarr; <strong>1182</strong><br />(-29 for losing)
|l|☆KrishU17
|player|p2|
