|j|☆mizuuuwu
|j|‽tiocheech
|t:|1769443651
|gametype|singles
|player|p1|mizuuuwu|acetrainerf|1515
|player|p2|tiocheech|hilbert|1618
|gen|9
|tier|[Gen 9] OU
|rated|
|rule|HP Percentage Mod: HP is shown in percentages
|rule|Endless Battle Clause: Forcing endless battles is banned
|rule|Species Clause: Limit one of each Pokémon
|rule|OHKO Clause: OHKO moves are banned
|rule|Evasion Items Clause: Evasion items are banned
|rule|Evasion Moves Clause: Evasion moves are banned
|rule|Evasion Abilities Clause: Evasion abilities are banned
|rule|Sleep Moves Clause: Sleep-inducing moves are banned
|clearpoke
|poke|p1|Latios, M|
|poke|p1|Alomomola, F|
|poke|p1|Ogerpon-Cornerstone, F|
|poke|p1|Great Tusk|
|poke|p1|Heatran, M|
|poke|p1|Dragonite, M|
|poke|p2|Dragonite, F|
|poke|p2|Pecharunt|
|poke|p2|Slowking, F|
|poke|p2|Torkoal, M|
|poke|p2|Walking Wake|
|poke|p2|Great Tusk|
|teampreview
|inactive|Battle timer is ON: inactive players will automatically lose when time's up. (requested by mizuuuwu)
|l|‽tiocheech
|inactive|tiocheech disconnected and has a minute to reconnect!
|player|p2|
|j|‽tiocheech
|inactive|tiocheech reconnected and has 140 seconds left.
|player|p2|tiocheech|hilbert|
|n|‽tiocheech|tiocheech
|n|‽tiocheech|tiocheech
|n|‽tiocheech|tiocheech
|n|‽tiocheech|tiocheech
|n|‽tiocheech|tiocheech
|n|‽tiocheech|tiocheech
|n|‽tiocheech|tiocheech
|n|‽tiocheech|tiocheech
|n|‽tiocheech|tiocheech
|n|‽tiocheech|tiocheech
|n|‽tiocheech|tiocheech
|n|‽tiocheech|tiocheech
|n|‽tiocheech|tiocheech
|n|‽tiocheech|tiocheech
|n|‽tiocheech|tiocheech
|n|‽tiocheech|tiocheech
|n|‽tiocheech|tiocheech
|n|‽tiocheech|tiocheech
|
|t:|1769443674
|teamsize|p1|6
|teamsize|p2|6
|start
|switch|p1a: Ogerpon|Ogerpon-Cornerstone, F|100/100
|switch|p2a: Torkoal|Torkoal, M|100/100
|-weather|SunnyDay|[from] ability: Drought|[of] p2a: Torkoal
|turn|1
|
|t:|1769443698
|move|p1a: Ogerpon|Swords Dance|p1a: Ogerpon
|-boost|p1a: Ogerpon|atk|2
|move|p2a: Torkoal|Stealth Rock|p1a: Ogerpon
|-sidestart|p1: mizuuuwu|move: Stealth Rock
|
|-weather|SunnyDay|[upkeep]
|upkeep
|turn|2
|
|t:|1769443705
|switch|p2a: Pecharunt|Pecharunt|100/100
|move|p1a: Ogerpon|Ivy Cudgel|p2a: Pecharunt|[anim] Ivy Cudgel Rock
|-crit|p2a: Pecharunt
|-damage|p2a: Pecharunt|10/100
|
|-weather|SunnyDay|[upkeep]
|-heal|p2a: Pecharunt|16/100|[from] item: Leftovers
|upkeep
|turn|3
|
|t:|1769443715
|move|p1a: Ogerpon|Ivy Cudgel|p2a: Pecharunt|[anim] Ivy Cudgel Rock
|-damage|p2a: Pecharunt|0 fnt
|faint|p2a: Pecharunt
|
|-weather|SunnyDay|[upkeep]
|upkeep
|
|t:|1769443722
|switch|p2a: Great Tusk|Great Tusk|100/100
|-activate|p2a: Great Tusk|ability: Protosynthesis
|-start|p2a: Great Tusk|protosynthesisatk
|turn|4
|
|t:|1769443731
|move|p1a: Ogerpon|Power Whip|p2a: Great Tusk
|-supereffective|p2a: Great Tusk
|-crit|p2a: Great Tusk
|-damage|p2a: Great Tusk|0 fnt
|faint|p2a: Great Tusk
|-end|p2a: Great Tusk|Protosynthesis|[silent]
|
|-weather|SunnyDay|[upkeep]
|upkeep
|
|t:|1769443734
|switch|p2a: Walking Wake|Walking Wake|100/100
|-activate|p2a: Walking Wake|ability: Protosynthesis
|-start|p2a: Walking Wake|protosynthesisspe
|turn|5
|
|t:|1769443742
|move|p2a: Walking Wake|Flip Turn|p1a: Ogerpon
|-damage|p1a: Ogerpon|91/100
|
|t:|1769443750
|-end|p2a: Walking Wake|Protosynthesis|[silent]
|switch|p2a: Torkoal|Torkoal, M|100/100|[from] Flip Turn
|move|p1a: Ogerpon|Ivy Cudgel|p2a: Torkoal|[anim] Ivy Cudgel Rock
|-supereffective|p2a: Torkoal
|-damage|p2a: Torkoal|0 fnt
|faint|p2a: Torkoal
|
|-weather|SunnyDay|[upkeep]
|upkeep
|
|t:|1769443751
|switch|p2a: Walking Wake|Walking Wake|100/100
|-activate|p2a: Walking Wake|ability: Protosynthesis
|-start|p2a: Walking Wake|protosynthesisspe
|turn|6
|
|t:|1769443761
|switch|p1a: Dragonite|Dragonite, M|100/100
|move|p2a: Walking Wake|Hydro Steam|p1a: Dragonite
|-resisted|p1a: Dragonite
|-damage|p1a: Dragonite|77/100
|
|-weather|SunnyDay|[upkeep]
|upkeep
|turn|7
|
|t:|1769443784
|-end|p2a: Walking Wake|Protosynthesis|[silent]
|switch|p2a: Dragonite|Dragonite, F|100/100
|move|p1a: Dragonite|Dragon Dance|p1a: Dragonite
|-boost|p1a: Dragonite|atk|1
|-boost|p1a: Dragonite|spe|1
|
|-weather|SunnyDay|[upkeep]
|upkeep
|turn|8
|
|t:|1769443793
|-terastallize|p2a: Dragonite|Flying
|move|p1a: Dragonite|Ice Spinner|p2a: Dragonite
|-supereffective|p2a: Dragonite
|-damage|p2a: Dragonite|45/100
|move|p2a: Dragonite|Dragon Dance|p2a: Dragonite
|-boost|p2a: Dragonite|atk|1
|-boost|p2a: Dragonite|spe|1
|
|-weather|none
|upkeep
|turn|9
|
|t:|1769443802
|-terastallize|p1a: Dragonite|Normal
|move|p1a: Dragonite|Extreme Speed|p2a: Dragonite
|-damage|p2a: Dragonite|0 fnt
|faint|p2a: Dragonite
|
|upkeep
|
|t:|1769443807
|switch|p2a: Slowking|Slowking, F|100/100
|turn|10
|-message|tiocheech forfeited.
|
|win|mizuuuwu
|raw|mizuuuwu's rating: 1515 &rarr; <strong>1541</strong><br />(+26 for winning)
|raw|tiocheech's rating: 1618 &rarr; <strong>1592</strong><br />(-26 for losing)
|l|‽tiocheech
|player|p2|
|l|☆mizuuuwu
|player|p1|
|j|‽tiocheech
|player|p2|tiocheech|hilbert|
|n|‽tiocheech|tiocheech
|n|‽tiocheech|tiocheech
|n|‽tiocheech|tiocheech
|n|‽tiocheech|tiocheech
|n|‽tiocheech|tiocheech
|n|‽tiocheech|tiocheech
|n|‽tiocheech|tiocheech
|n|‽tiocheech|tiocheech
|n|‽tiocheech|tiocheech
|n|‽tiocheech|tiocheech
|n|‽tiocheech|tiocheech
|n|‽tiocheech|tiocheech
|n|‽tiocheech|tiocheech
|n|‽tiocheech|tiocheech
|n|‽tiocheech|tiocheech
|n|‽tiocheech|tiocheech
|n|‽tiocheech|tiocheech
|n|‽tiocheech|tiocheech
|n|‽tiocheech|tiocheech
|l|‽tiocheech
|player|p2|
