|j|☆Cyclepaf
|j|☆SDLU
|t:|1769427622
|gametype|singles
|player|p1|Cyclepaf|cynthia|1444
|player|p2|SDLU|1|1384
|gen|9
|tier|[Gen 9] OU
|rated|
|rule|HP Percentage Mod: HP is shown in percentages
|rule|Endless Battle Clause: Forcing endless battles is banned
|rule|Species Clause: Limit one of each Pokémon
|rule|OHKO Clause: OHKO moves are banned
|rule|Evasion Items Clause: Evasion items are banned
|rule|Evasion Moves Clause: Evasion moves are banned
|rule|Evasion Abilities Clause: Evasion abilities are banned
|rule|Sleep Moves Clause: Sleep-inducing moves are banned
|clearpoke
|poke|p1|Pecharunt|
|poke|p1|Meloetta|
|poke|p1|Hoopa-Unbound|
|poke|p1|Darkrai|
|poke|p1|Scizor, M|
|poke|p1|Ceruledge, M|
|poke|p2|Clodsire, F|
|poke|p2|Dragapult, M|
|poke|p2|Skeledirge, M|
|poke|p2|Garganacl, M|
|poke|p2|Clefable, M|
|poke|p2|Moltres|
|teampreview
|inactive|Battle timer is ON: inactive players will automatically lose when time's up. (requested by SDLU)
|
|t:|1769427638
|teamsize|p1|6
|teamsize|p2|6
|start
|switch|p1a: Pecharunt|Pecharunt|100/100
|switch|p2a: Clodsire|Clodsire, F|100/100
|turn|1
|
|t:|1769427643
|move|p1a: Pecharunt|Parting Shot|p2a: Clodsire
|-unboost|p2a: Clodsire|atk|1
|-unboost|p2a: Clodsire|spa|1
|
|t:|1769427649
|switch|p1a: Hoopa|Hoopa-Unbound|100/100|[from] Parting Shot
|move|p2a: Clodsire|Spikes|p1a: Hoopa
|-sidestart|p1: Cyclepaf|Spikes
|
|upkeep
|turn|2
|
|t:|1769427665
|switch|p2a: Clefable|Clefable, M|100/100
|move|p1a: Hoopa|Psychic|p2a: Clefable
|-damage|p2a: Clefable|56/100
|
|upkeep
|turn|3
|
|t:|1769427673
|move|p1a: Hoopa|Psychic|p2a: Clefable
|-damage|p2a: Clefable|10/100
|move|p2a: Clefable|Moonlight|p2a: Clefable
|-heal|p2a: Clefable|60/100
|
|upkeep
|turn|4
|
|t:|1769427682
|move|p1a: Hoopa|Psychic|p2a: Clefable
|-damage|p2a: Clefable|15/100
|move|p2a: Clefable|Moonlight|p2a: Clefable
|-heal|p2a: Clefable|65/100
|
|upkeep
|turn|5
|
|t:|1769427700
|move|p1a: Hoopa|Thunderbolt|p2a: Clefable
|-damage|p2a: Clefable|36/100
|move|p2a: Clefable|Moonblast|p1a: Hoopa
|-supereffective|p1a: Hoopa
|-damage|p1a: Hoopa|62/100
|-unboost|p1a: Hoopa|spa|1
|
|upkeep
|turn|6
|
|t:|1769427707
|move|p1a: Hoopa|Psychic|p2a: Clefable
|-damage|p2a: Clefable|0 fnt
|faint|p2a: Clefable
|
|upkeep
|
|t:|1769427714
|switch|p2a: Dragapult|Dragapult, M|100/100
|turn|7
|
|t:|1769427716
|switch|p1a: Pecharunt|Pecharunt|100/100
|-damage|p1a: Pecharunt|88/100|[from] Spikes
|move|p2a: Dragapult|Dragon Dance|p2a: Dragapult
|-boost|p2a: Dragapult|atk|1
|-boost|p2a: Dragapult|spe|1
|
|-heal|p1a: Pecharunt|94/100|[from] item: Leftovers
|upkeep
|turn|8
|
|t:|1769427725
|-terastallize|p2a: Dragapult|Ghost
|move|p2a: Dragapult|Tera Blast|p1a: Pecharunt|[anim] Tera Blast Ghost
|-supereffective|p1a: Pecharunt
|-damage|p1a: Pecharunt|15/100
|move|p1a: Pecharunt|Malignant Chain|p2a: Dragapult
|-resisted|p2a: Dragapult
|-damage|p2a: Dragapult|81/100
|
|-heal|p1a: Pecharunt|21/100|[from] item: Leftovers
|upkeep
|turn|9
|
|t:|1769427742
|move|p2a: Dragapult|Dragon Darts|p1a: Pecharunt
|-damage|p1a: Pecharunt|4/100
|-anim|p2a: Dragapult|Dragon Darts|p1a: Pecharunt
|-damage|p1a: Pecharunt|0 fnt
|faint|p1a: Pecharunt
|
|upkeep
|
|t:|1769427752
|switch|p1a: Scizor|Scizor, M|100/100
|turn|10
|
|t:|1769427764
|switch|p2a: Moltres|Moltres|100/100
|move|p1a: Scizor|Knock Off|p2a: Moltres
|-damage|p2a: Moltres|67/100
|-status|p1a: Scizor|brn|[from] ability: Flame Body|[of] p2a: Moltres
|-enditem|p2a: Moltres|Heavy-Duty Boots|[from] move: Knock Off|[of] p1a: Scizor
|
|-damage|p1a: Scizor|94/100 brn|[from] brn
|upkeep
|turn|11
|
|t:|1769427778
|switch|p1a: Hoopa|Hoopa-Unbound|62/100
|-damage|p1a: Hoopa|50/100|[from] Spikes
|move|p2a: Moltres|Roost|p2a: Moltres
|-heal|p2a: Moltres|100/100
|-singleturn|p2a: Moltres|move: Roost
|
|upkeep
|turn|12
|
|t:|1769427783
|switch|p2a: Clodsire|Clodsire, F|100/100
|move|p1a: Hoopa|Thunderbolt|p2a: Clodsire
|-immune|p2a: Clodsire
|
|upkeep
|turn|13
|
|t:|1769427792
|move|p1a: Hoopa|Psychic|p2a: Clodsire
|-supereffective|p2a: Clodsire
|-damage|p2a: Clodsire|29/100
|move|p2a: Clodsire|Spikes|p1a: Hoopa
|-sidestart|p1: Cyclepaf|Spikes
|
|-heal|p2a: Clodsire|35/100|[from] item: Black Sludge
|upkeep
|turn|14
|
|t:|1769427797
|move|p1a: Hoopa|Psychic|p2a: Clodsire
|-supereffective|p2a: Clodsire
|-damage|p2a: Clodsire|0 fnt
|faint|p2a: Clodsire
|
|upkeep
|
|t:|1769427799
|switch|p2a: Dragapult|Dragapult, M, tera:Ghost|81/100
|turn|15
|
|t:|1769427802
|move|p2a: Dragapult|U-turn|p1a: Hoopa
|-supereffective|p1a: Hoopa
|-damage|p1a: Hoopa|0 fnt
|faint|p1a: Hoopa
|
|t:|1769427812
|switch|p2a: Moltres|Moltres|100/100|[from] U-turn
|
|upkeep
|
|t:|1769427815
|switch|p1a: Meloetta|Meloetta|100/100
|-damage|p1a: Meloetta|84/100|[from] Spikes
|turn|16
|
|t:|1769427826
|move|p1a: Meloetta|Thunder|p2a: Moltres
|-supereffective|p2a: Moltres
|-damage|p2a: Moltres|50/100
|-status|p2a: Moltres|par
|move|p2a: Moltres|Flamethrower|p1a: Meloetta
|-damage|p1a: Meloetta|55/100
|
|upkeep
|turn|17
|
|t:|1769427836
|move|p1a: Meloetta|Thunder|p2a: Moltres
|-supereffective|p2a: Moltres
|-damage|p2a: Moltres|0 fnt
|faint|p2a: Moltres
|
|upkeep
|
|t:|1769427843
|switch|p2a: Dragapult|Dragapult, M, tera:Ghost|81/100
|turn|18
|
|t:|1769427852
|move|p2a: Dragapult|Tera Blast|p1a: Meloetta|[anim] Tera Blast Ghost
|-immune|p1a: Meloetta
|move|p1a: Meloetta|Shadow Ball|p2a: Dragapult
|-supereffective|p2a: Dragapult
|-damage|p2a: Dragapult|11/100
|-unboost|p2a: Dragapult|spd|1
|
|upkeep
|turn|19
|
|t:|1769427856
|move|p2a: Dragapult|U-turn|p1a: Meloetta
|-supereffective|p1a: Meloetta
|-damage|p1a: Meloetta|0 fnt
|faint|p1a: Meloetta
|
|t:|1769427861
|switch|p2a: Garganacl|Garganacl, M|100/100|[from] U-turn
|
|upkeep
|
|t:|1769427864
|switch|p1a: Scizor|Scizor, M|94/100 brn
|turn|20
|
|t:|1769427869
|move|p1a: Scizor|Defog|p2a: Garganacl
|-unboost|p2a: Garganacl|evasion|1
|-sideend|p1: Cyclepaf|Spikes|[from] move: Defog|[of] p1a: Scizor
|move|p2a: Garganacl|Salt Cure|p1a: Scizor
|-damage|p1a: Scizor|81/100 brn
|-start|p1a: Scizor|Salt Cure
|
|-damage|p1a: Scizor|75/100 brn|[from] brn
|-damage|p1a: Scizor|50/100 brn|[from] Salt Cure
|upkeep
|turn|21
|
|t:|1769427879
|move|p2a: Garganacl|Protect|p2a: Garganacl
|-singleturn|p2a: Garganacl|Protect
|move|p1a: Scizor|Bullet Punch|p2a: Garganacl
|-activate|p2a: Garganacl|move: Protect
|
|-damage|p1a: Scizor|44/100 brn|[from] brn
|-damage|p1a: Scizor|19/100 brn|[from] Salt Cure
|upkeep
|turn|22
|
|t:|1769427884
|move|p1a: Scizor|Bullet Punch|p2a: Garganacl
|-supereffective|p2a: Garganacl
|-damage|p2a: Garganacl|84/100
|move|p2a: Garganacl|Stealth Rock|p1a: Scizor
|-sidestart|p1: Cyclepaf|move: Stealth Rock
|
|-heal|p2a: Garganacl|90/100|[from] item: Leftovers
|-damage|p1a: Scizor|13/100 brn|[from] brn
|-damage|p1a: Scizor|0 fnt|[from] Salt Cure
|faint|p1a: Scizor
|upkeep
|
|t:|1769427887
|switch|p1a: Darkrai|Darkrai|100/100
|-damage|p1a: Darkrai|88/100|[from] Stealth Rock
|turn|23
|
|t:|1769427902
|move|p1a: Darkrai|Focus Blast|p2a: Garganacl
|-supereffective|p2a: Garganacl
|-damage|p2a: Garganacl|4/100
|-unboost|p2a: Garganacl|spd|1
|move|p2a: Garganacl|Salt Cure|p1a: Darkrai
|-damage|p1a: Darkrai|69/100
|-start|p1a: Darkrai|Salt Cure
|
|-heal|p2a: Garganacl|10/100|[from] item: Leftovers
|-damage|p1a: Darkrai|57/100|[from] Salt Cure
|upkeep
|turn|24
|
|t:|1769427912
|move|p2a: Garganacl|Protect|p2a: Garganacl
|-singleturn|p2a: Garganacl|Protect
|move|p1a: Darkrai|Focus Blast|p2a: Garganacl
|-activate|p2a: Garganacl|move: Protect
|
|-heal|p2a: Garganacl|17/100|[from] item: Leftovers
|-damage|p1a: Darkrai|44/100|[from] Salt Cure
|upkeep
|turn|25
|
|t:|1769427919
|switch|p1a: Ceruledge|Ceruledge, M|100/100
|-damage|p1a: Ceruledge|76/100|[from] Stealth Rock
|move|p2a: Garganacl|Recover|p2a: Garganacl
|-heal|p2a: Garganacl|67/100
|
|-heal|p2a: Garganacl|73/100|[from] item: Leftovers
|upkeep
|turn|26
|
|t:|1769427926
|move|p1a: Ceruledge|Close Combat|p2a: Garganacl
|-supereffective|p2a: Garganacl
|-damage|p2a: Garganacl|26/100
|-unboost|p1a: Ceruledge|def|1
|-unboost|p1a: Ceruledge|spd|1
|move|p2a: Garganacl|Salt Cure|p1a: Ceruledge
|-supereffective|p1a: Ceruledge
|-damage|p1a: Ceruledge|18/100
|-start|p1a: Ceruledge|Salt Cure
|-ability|p1a: Ceruledge|Weak Armor|boost
|-unboost|p1a: Ceruledge|def|1
|-boost|p1a: Ceruledge|spe|2
|
|-heal|p2a: Garganacl|32/100|[from] item: Leftovers
|-damage|p1a: Ceruledge|6/100|[from] Salt Cure
|upkeep
|turn|27
|
|t:|1769427936
|move|p2a: Garganacl|Protect|p2a: Garganacl
|-singleturn|p2a: Garganacl|Protect
|move|p1a: Ceruledge|Close Combat|p2a: Garganacl
|-activate|p2a: Garganacl|move: Protect
|
|-heal|p2a: Garganacl|39/100|[from] item: Leftovers
|-damage|p1a: Ceruledge|0 fnt|[from] Salt Cure
|faint|p1a: Ceruledge
|upkeep
|
|t:|1769427938
|switch|p1a: Darkrai|Darkrai|44/100
|-damage|p1a: Darkrai|32/100|[from] Stealth Rock
|turn|28
|
|t:|1769427944
|move|p1a: Darkrai|Dark Pulse|p2a: Garganacl
|-damage|p2a: Garganacl|0 fnt
|faint|p2a: Garganacl
|
|upkeep
|
|t:|1769427948
|switch|p2a: Dragapult|Dragapult, M, tera:Ghost|11/100
|turn|29
|
|t:|1769427952
|move|p1a: Darkrai|Dark Pulse|p2a: Dragapult
|-supereffective|p2a: Dragapult
|-damage|p2a: Dragapult|0 fnt
|faint|p2a: Dragapult
|
|upkeep
|
|t:|1769427953
|switch|p2a: Skeledirge|Skeledirge, M|100/100
|turn|30
|
|t:|1769427955
|move|p1a: Darkrai|Dark Pulse|p2a: Skeledirge
|-supereffective|p2a: Skeledirge
|-damage|p2a: Skeledirge|0 fnt
|faint|p2a: Skeledirge
|
|win|Cyclepaf
|raw|Cyclepaf's rating: 1444 &rarr; <strong>1461</strong><br />(+17 for winning)
|raw|SDLU's rating: 1384 &rarr; <strong>1367</strong><br />(-17 for losing)
|l|☆SDLU
|player|p2|
|l|☆Cyclepaf
|player|p1|
