|j|☆Pokeboomer Wetini
|j|☆Aheter
|t:|1769443819
|gametype|singles
|player|p1|Pokeboomer Wetini|wattson|1234
|player|p2|Aheter|emmet|1255
|gen|9
|tier|[Gen 9] OU
|rated|
|rule|HP Percentage Mod: HP is shown in percentages
|rule|Endless Battle Clause: Forcing endless battles is banned
|rule|Species Clause: Limit one of each Pokémon
|rule|OHKO Clause: OHKO moves are banned
|rule|Evasion Items Clause: Evasion items are banned
|rule|Evasion Moves Clause: Evasion moves are banned
|rule|Evasion Abilities Clause: Evasion abilities are banned
|rule|Sleep Moves Clause: Sleep-inducing moves are banned
|clearpoke
|poke|p1|Glimmora, F|
|poke|p1|Gholdengo|
|poke|p1|Great Tusk|
|poke|p1|Kleavor, M|
|poke|p1|Skarmory, F|
|poke|p1|Samurott-Hisui, M|
|poke|p2|Pelipper, F|
|poke|p2|Gyarados, M|
|poke|p2|Politoed, M|
|poke|p2|Araquanid, M|
|poke|p2|Delphox, F|
|poke|p2|Cloyster, M|
|teampreview
|inactive|Battle timer is ON: inactive players will automatically lose when time's up. (requested by Aheter)
|
|t:|1769443848
|teamsize|p1|6
|teamsize|p2|6
|start
|switch|p1a: Young Grasshopper|Kleavor, M, shiny|100/100
|switch|p2a: Politoed|Politoed, M, shiny|100/100
|-weather|RainDance|[from] ability: Drizzle|[of] p2a: Politoed
|turn|1
|
|t:|1769443862
|-terastallize|p1a: Young Grasshopper|Ghost
|move|p1a: Young Grasshopper|Stone Axe|p2a: Politoed
|-damage|p2a: Politoed|18/100
|-sidestart|p2: Aheter|move: Stealth Rock
|move|p2a: Politoed|Weather Ball|p1a: Young Grasshopper
|-damage|p1a: Young Grasshopper|3/100
|
|-weather|RainDance|[upkeep]
|upkeep
|turn|2
|
|t:|1769443885
|move|p1a: Young Grasshopper|Stone Axe|p2a: Politoed
|-damage|p2a: Politoed|0 fnt
|faint|p2a: Politoed
|
|-weather|RainDance|[upkeep]
|upkeep
|inactive|Aheter has 120 seconds left.
|
|t:|1769443905
|switch|p2a: Cloyster|Cloyster, M, shiny|100/100
|-damage|p2a: Cloyster|76/100|[from] Stealth Rock
|turn|3
|
|t:|1769443911
|move|p1a: Young Grasshopper|Stone Axe|p2a: Cloyster|[miss]
|-miss|p1a: Young Grasshopper|p2a: Cloyster
|move|p2a: Cloyster|Shell Smash|p2a: Cloyster
|-unboost|p2a: Cloyster|def|1
|-unboost|p2a: Cloyster|spd|1
|-boost|p2a: Cloyster|atk|2
|-boost|p2a: Cloyster|spa|2
|-boost|p2a: Cloyster|spe|2
|-enditem|p2a: Cloyster|White Herb
|-clearnegativeboost|p2a: Cloyster|[silent]
|
|-weather|RainDance|[upkeep]
|upkeep
|turn|4
|
|t:|1769443923
|move|p2a: Cloyster|Liquidation|p1a: Young Grasshopper
|-damage|p1a: Young Grasshopper|0 fnt
|faint|p1a: Young Grasshopper
|
|-weather|RainDance|[upkeep]
|upkeep
|
|t:|1769443931
|switch|p1a: Lotus Bomb|Glimmora, F|100/100
|turn|5
|
|t:|1769443937
|move|p2a: Cloyster|Liquidation|p1a: Lotus Bomb
|-supereffective|p1a: Lotus Bomb
|-enditem|p1a: Lotus Bomb|Focus Sash
|-damage|p1a: Lotus Bomb|1/100
|-activate|p1a: Lotus Bomb|ability: Toxic Debris
|-sidestart|p2: Aheter|move: Toxic Spikes
|move|p1a: Lotus Bomb|Toxic|p2a: Cloyster
|-status|p2a: Cloyster|tox
|
|-weather|none
|-damage|p2a: Cloyster|69/100 tox|[from] psn
|upkeep
|turn|6
|
|t:|1769443948
|move|p1a: Lotus Bomb|Spiky Shield|p1a: Lotus Bomb
|-singleturn|p1a: Lotus Bomb|move: Protect
|move|p2a: Cloyster|Icicle Spear|p1a: Lotus Bomb
|-activate|p1a: Lotus Bomb|move: Protect
|
|-damage|p2a: Cloyster|57/100 tox|[from] psn
|upkeep
|turn|7
|
|t:|1769443956
|move|p1a: Lotus Bomb|Spiky Shield||[still]
|-fail|p1a: Lotus Bomb
|move|p2a: Cloyster|Icicle Spear|p1a: Lotus Bomb
|-damage|p1a: Lotus Bomb|0 fnt
|-activate|p1a: Lotus Bomb|ability: Toxic Debris
|-sidestart|p2: Aheter|move: Toxic Spikes
|faint|p1a: Lotus Bomb
|-hitcount|p1: Lotus Bomb|1
|
|-damage|p2a: Cloyster|38/100 tox|[from] psn
|upkeep
|
|t:|1769443966
|switch|p1a: Twitter|Skarmory, F, shiny|100/100
|turn|8
|
|t:|1769443978
|move|p1a: Twitter|Protect|p1a: Twitter
|-singleturn|p1a: Twitter|Protect
|move|p2a: Cloyster|Icicle Spear|p1a: Twitter
|-activate|p1a: Twitter|move: Protect
|
|-damage|p2a: Cloyster|13/100 tox|[from] psn
|upkeep
|turn|9
|
|t:|1769443985
|move|p2a: Cloyster|Icicle Spear|p1a: Twitter
|-damage|p1a: Twitter|84/100
|-damage|p1a: Twitter|67/100
|-damage|p1a: Twitter|48/100
|-damage|p1a: Twitter|29/100
|-damage|p1a: Twitter|10/100
|-hitcount|p1a: Twitter|5
|move|p1a: Twitter|Roost|p1a: Twitter
|-heal|p1a: Twitter|60/100
|-singleturn|p1a: Twitter|move: Roost
|
|-heal|p1a: Twitter|66/100|[from] item: Leftovers
|-damage|p2a: Cloyster|0 fnt|[from] psn
|faint|p2a: Cloyster
|upkeep
|inactive|Aheter has 120 seconds left.
|inactive|Aheter has 90 seconds left.
|inactive|Aheter has 60 seconds left.
|
|t:|1769444101
|switch|p2a: Delphox|Delphox, F, shiny|100/100
|-damage|p2a: Delphox|76/100|[from] Stealth Rock
|-status|p2a: Delphox|tox
|turn|10
|
|t:|1769444109
|move|p1a: Twitter|Protect|p1a: Twitter
|-singleturn|p1a: Twitter|Protect
|move|p2a: Delphox|Agility|p2a: Delphox
|-boost|p2a: Delphox|spe|2
|
|-heal|p1a: Twitter|72/100|[from] item: Leftovers
|-damage|p2a: Delphox|69/100 tox|[from] psn
|upkeep
|turn|11
|l|☆Aheter
|inactive|Aheter disconnected and has a minute to reconnect!
|player|p2|
|inactive|Aheter has 30 seconds left.
|inactive|Aheter has 20 seconds left.
|inactive|Aheter has 15 seconds left.
|j|☆Aheter
|inactive|Aheter reconnected and has 15 seconds left.
|player|p2|Aheter|emmet|
|inactive|Aheter has 10 seconds left.
|
|t:|1769444157
|switch|p1a: Blue Spirit|Samurott-Hisui, M, shiny|100/100
|move|p2a: Delphox|Mystical Fire|p1a: Blue Spirit
|-resisted|p1a: Blue Spirit
|-damage|p1a: Blue Spirit|87/100
|-unboost|p1a: Blue Spirit|spa|1
|
|-damage|p2a: Delphox|57/100 tox|[from] psn
|upkeep
|turn|12
|inactive|Aheter has 20 seconds left this turn.
|inactive|Aheter has 15 seconds left.
|inactive|Aheter has 10 seconds left.
|inactive|Aheter has 5 seconds left.
|-message|Aheter lost due to inactivity.
|
|win|Pokeboomer Wetini
|raw|Pokeboomer Wetini's rating: 1234 &rarr; <strong>1261</strong><br />(+27 for winning)
|raw|Aheter's rating: 1255 &rarr; <strong>1228</strong><br />(-27 for losing)
|l|☆Pokeboomer Wetini
|player|p1|
