|j|☆Saloriah
|j|☆jjss94
|t:|1769406501
|gametype|singles
|player|p1|Saloriah|lady-gen4|1163
|player|p2|jjss94|bellelba|1249
|gen|9
|tier|[Gen 9] OU
|rated|
|rule|HP Percentage Mod: HP is shown in percentages
|rule|Endless Battle Clause: Forcing endless battles is banned
|rule|Species Clause: Limit one of each Pokémon
|rule|OHKO Clause: OHKO moves are banned
|rule|Evasion Items Clause: Evasion items are banned
|rule|Evasion Moves Clause: Evasion moves are banned
|rule|Evasion Abilities Clause: Evasion abilities are banned
|rule|Sleep Moves Clause: Sleep-inducing moves are banned
|clearpoke
|poke|p1|Great Tusk|
|poke|p1|Heatran, M|
|poke|p1|Weavile, M|
|poke|p1|Primarina, F|
|poke|p1|Ogerpon, F|
|poke|p1|Pecharunt|
|poke|p2|Great Tusk|
|poke|p2|Deoxys-Speed|
|poke|p2|Iron Crown|
|poke|p2|Ceruledge, F|
|poke|p2|Glimmora, F|
|poke|p2|Alomomola, M|
|teampreview
|inactive|Battle timer is ON: inactive players will automatically lose when time's up. (requested by jjss94)
|
|t:|1769406510
|teamsize|p1|6
|teamsize|p2|6
|start
|switch|p1a: Pecharunt|Pecharunt|100/100
|switch|p2a: Glimmora|Glimmora, F|100/100
|turn|1
|
|t:|1769406518
|move|p2a: Glimmora|Meteor Beam||[still]
|-prepare|p2a: Glimmora|Meteor Beam
|-boost|p2a: Glimmora|spa|1
|-enditem|p2a: Glimmora|Power Herb
|-anim|p2a: Glimmora|Meteor Beam|p1a: Pecharunt
|-damage|p1a: Pecharunt|1/100
|move|p1a: Pecharunt|Shadow Ball|p2a: Glimmora
|-damage|p2a: Glimmora|57/100
|
|upkeep
|turn|2
|
|t:|1769406537
|switch|p1a: Heatran|Heatran, M|100/100
|-item|p1a: Heatran|Air Balloon
|move|p2a: Glimmora|Dazzling Gleam|p1a: Heatran
|-resisted|p1a: Heatran
|-damage|p1a: Heatran|92/100
|-enditem|p1a: Heatran|Air Balloon
|
|upkeep
|turn|3
|
|t:|1769406547
|move|p2a: Glimmora|Earth Power|p1a: Heatran
|-supereffective|p1a: Heatran
|-damage|p1a: Heatran|0 fnt
|faint|p1a: Heatran
|
|upkeep
|
|t:|1769406556
|switch|p1a: Great Tusk|Great Tusk|100/100
|turn|4
|
|t:|1769406560
|move|p2a: Glimmora|Spiky Shield|p2a: Glimmora
|-singleturn|p2a: Glimmora|move: Protect
|move|p1a: Great Tusk|Headlong Rush|p2a: Glimmora
|-activate|p2a: Glimmora|move: Protect
|-damage|p1a: Great Tusk|88/100|[from] Spiky Shield|[of] p2a: Glimmora
|
|upkeep
|turn|5
|
|t:|1769406566
|-terastallize|p2a: Glimmora|Flying
|move|p1a: Great Tusk|Headlong Rush|p2a: Glimmora
|-immune|p2a: Glimmora
|move|p2a: Glimmora|Dazzling Gleam|p1a: Great Tusk
|-supereffective|p1a: Great Tusk
|-crit|p1a: Great Tusk
|-damage|p1a: Great Tusk|0 fnt
|faint|p1a: Great Tusk
|-end|p1a: Great Tusk|Protosynthesis|[silent]
|
|upkeep
|
|t:|1769406580
|switch|p1a: Pecharunt|Pecharunt|1/100
|turn|6
|
|t:|1769406585
|move|p2a: Glimmora|Earth Power|p1a: Pecharunt
|-supereffective|p1a: Pecharunt
|-damage|p1a: Pecharunt|0 fnt
|faint|p1a: Pecharunt
|
|upkeep
|
|t:|1769406593
|switch|p1a: Ogerpon|Ogerpon, F|100/100
|turn|7
|
|t:|1769406599
|move|p1a: Ogerpon|Ivy Cudgel|p2a: Glimmora
|-resisted|p2a: Glimmora
|-damage|p2a: Glimmora|15/100
|-activate|p2a: Glimmora|ability: Toxic Debris
|-sidestart|p1: Saloriah|move: Toxic Spikes
|move|p2a: Glimmora|Earth Power|p1a: Ogerpon
|-resisted|p1a: Ogerpon
|-damage|p1a: Ogerpon|75/100
|
|upkeep
|turn|8
|l|☆Saloriah
|inactive|Saloriah disconnected and has a minute to reconnect!
|player|p1|
|inactive|Saloriah has 30 seconds to reconnect!
|inactive|Saloriah has 20 seconds to reconnect!
|inactive|Saloriah has 15 seconds to reconnect!
|inactive|Saloriah has 10 seconds to reconnect!
|inactive|Saloriah has 5 seconds to reconnect!
|-message|Saloriah lost due to inactivity.
|
|win|jjss94
|raw|Saloriah's rating: 1163 &rarr; <strong>1144</strong><br />(-19 for losing)
|raw|jjss94's rating: 1249 &rarr; <strong>1268</strong><br />(+19 for winning)
