|j|☆Cocomao7
|j|☆big bod3
|t:|1769427413
|gametype|singles
|player|p1|Cocomao7|biker-gen4|1059
|player|p2|big bod3|marshal|1068
|gen|9
|tier|[Gen 9] OU
|rated|
|rule|HP Percentage Mod: HP is shown in percentages
|rule|Endless Battle Clause: Forcing endless battles is banned
|rule|Species Clause: Limit one of each Pokémon
|rule|OHKO Clause: OHKO moves are banned
|rule|Evasion Items Clause: Evasion items are banned
|rule|Evasion Moves Clause: Evasion moves are banned
|rule|Evasion Abilities Clause: Evasion abilities are banned
|rule|Sleep Moves Clause: Sleep-inducing moves are banned
|clearpoke
|poke|p1|Torkoal, F|
|poke|p1|Blaziken, F|
|poke|p1|Grafaiai, M|
|poke|p1|Venusaur, M|
|poke|p1|Quagsire, F|
|poke|p1|Mamoswine, M|
|poke|p2|Drifblim, F|
|poke|p2|Tyranitar, M|
|poke|p2|Dondozo, M|
|poke|p2|Great Tusk|
|poke|p2|Dragonite, M|
|poke|p2|Iron Valiant|
|teampreview
|inactive|Battle timer is ON: inactive players will automatically lose when time's up. (requested by Cocomao7)
|
|t:|1769427419
|teamsize|p1|6
|teamsize|p2|6
|start
|switch|p1a: JohnnySomali|Grafaiai, M|100/100
|switch|p2a: ᛃTtar|Tyranitar, M|100/100
|-weather|Sandstorm|[from] ability: Sand Stream|[of] p2a: ᛃTtar
|turn|1
|
|t:|1769427432
|move|p1a: JohnnySomali|Taunt|p2a: ᛃTtar
|-start|p2a: ᛃTtar|move: Taunt
|move|p2a: ᛃTtar|Stone Edge|p1a: JohnnySomali
|-enditem|p1a: JohnnySomali|Focus Sash
|-damage|p1a: JohnnySomali|1/100
|
|-weather|Sandstorm|[upkeep]
|-damage|p1a: JohnnySomali|0 fnt|[from] Sandstorm
|faint|p1a: JohnnySomali
|upkeep
|
|t:|1769427443
|switch|p1a: ShinyVedal|Torkoal, F|100/100
|-weather|SunnyDay|[from] ability: Drought|[of] p1a: ShinyVedal
|turn|2
|
|t:|1769427449
|move|p2a: ᛃTtar|Stone Edge|p1a: ShinyVedal|[miss]
|-miss|p2a: ᛃTtar|p1a: ShinyVedal
|move|p1a: ShinyVedal|Stealth Rock|p2a: ᛃTtar
|-sidestart|p2: big bod3|move: Stealth Rock
|
|-weather|SunnyDay|[upkeep]
|upkeep
|turn|3
|
|t:|1769427460
|switch|p1a: Old Tusk|Mamoswine, M|100/100
|move|p2a: ᛃTtar|Stone Edge|p1a: Old Tusk
|-damage|p1a: Old Tusk|36/100
|
|-weather|SunnyDay|[upkeep]
|-end|p2a: ᛃTtar|move: Taunt
|upkeep
|turn|4
|
|t:|1769427478
|-terastallize|p2a: ᛃTtar|Ground
|move|p1a: Old Tusk|Trailblaze|p2a: ᛃTtar
|-supereffective|p2a: ᛃTtar
|-damage|p2a: ᛃTtar|71/100
|-boost|p1a: Old Tusk|spe|1
|move|p2a: ᛃTtar|Dragon Dance|p2a: ᛃTtar
|-boost|p2a: ᛃTtar|atk|1
|-boost|p2a: ᛃTtar|spe|1
|
|-weather|SunnyDay|[upkeep]
|-heal|p2a: ᛃTtar|77/100|[from] item: Leftovers
|upkeep
|turn|5
|
|t:|1769427492
|move|p1a: Old Tusk|Earthquake|p2a: ᛃTtar
|-damage|p2a: ᛃTtar|33/100
|move|p2a: ᛃTtar|Crunch|p1a: Old Tusk
|-damage|p1a: Old Tusk|0 fnt
|faint|p1a: Old Tusk
|
|-weather|SunnyDay|[upkeep]
|-heal|p2a: ᛃTtar|39/100|[from] item: Leftovers
|upkeep
|-message|Cocomao7 forfeited.
|
|win|big bod3
|raw|Cocomao7's rating: 1059 &rarr; <strong>1041</strong><br />(-18 for losing)
|raw|big bod3's rating: 1068 &rarr; <strong>1097</strong><br />(+29 for winning)
|l|☆Cocomao7
|player|p1|
|c|☆big bod3|I used to be part f that life
|c|☆big bod3|I used to cycle
|c|☆big bod3|It was the best part of thr day
