|j|☆kuzwa
|j|☆glp2
|t:|1769355743
|gametype|singles
|player|p1|kuzwa|clerk|1134
|player|p2|glp2|iris-gen5bw2|1133
|gen|9
|tier|[Gen 9] OU
|rated|
|rule|HP Percentage Mod: HP is shown in percentages
|rule|Endless Battle Clause: Forcing endless battles is banned
|rule|Species Clause: Limit one of each Pokémon
|rule|OHKO Clause: OHKO moves are banned
|rule|Evasion Items Clause: Evasion items are banned
|rule|Evasion Moves Clause: Evasion moves are banned
|rule|Evasion Abilities Clause: Evasion abilities are banned
|rule|Sleep Moves Clause: Sleep-inducing moves are banned
|clearpoke
|poke|p1|Dragapult, M|
|poke|p1|Great Tusk|
|poke|p1|Slowking-Galar, M|
|poke|p1|Grafaiai, M|
|poke|p1|Alomomola, M|
|poke|p1|Weezing-Galar, M|
|poke|p2|Landorus-Therian, M|
|poke|p2|Dragapult, M|
|poke|p2|Kingambit, M|
|poke|p2|Moltres|
|poke|p2|Lilligant-Hisui, F|
|poke|p2|Rotom-Wash|
|teampreview
|inactive|Battle timer is ON: inactive players will automatically lose when time's up. (requested by kuzwa)
|
|t:|1769355751
|teamsize|p1|6
|teamsize|p2|6
|start
|switch|p1a: Joga|Grafaiai, M|100/100
|switch|p2a: Landorus|Landorus-Therian, M|100/100
|-ability|p2a: Landorus|Intimidate|boost
|-unboost|p1a: Joga|atk|1
|turn|1
|
|t:|1769355756
|move|p1a: Joga|Parting Shot|p2a: Landorus
|-unboost|p2a: Landorus|atk|1
|-unboost|p2a: Landorus|spa|1
|
|t:|1769355758
|switch|p1a: Unworthy of Name|Alomomola, M|100/100|[from] Parting Shot
|move|p2a: Landorus|Stealth Rock|p1a: Unworthy of Name
|-sidestart|p1: kuzwa|move: Stealth Rock
|
|upkeep
|turn|2
|
|t:|1769355765
|move|p2a: Landorus|U-turn|p1a: Unworthy of Name
|-damage|p1a: Unworthy of Name|92/100
|-damage|p2a: Landorus|84/100|[from] item: Rocky Helmet|[of] p1a: Unworthy of Name
|
|t:|1769355769
|switch|p2a: Lilligant|Lilligant-Hisui, F|100/100|[from] U-turn
|move|p1a: Unworthy of Name|Wish|p1a: Unworthy of Name
|
|upkeep
|turn|3
|
|t:|1769355777
|move|p2a: Lilligant|Close Combat|p1a: Unworthy of Name
|-damage|p1a: Unworthy of Name|54/100
|-unboost|p2a: Lilligant|def|1
|-unboost|p2a: Lilligant|spd|1
|-damage|p2a: Lilligant|84/100|[from] item: Rocky Helmet|[of] p1a: Unworthy of Name
|-damage|p2a: Lilligant|74/100|[from] item: Life Orb
|move|p1a: Unworthy of Name|Flip Turn|p2a: Lilligant
|-resisted|p2a: Lilligant
|-damage|p2a: Lilligant|58/100
|
|t:|1769355780
|switch|p1a: Joga|Grafaiai, M|100/100|[from] Flip Turn
|
|upkeep
|turn|4
|
|t:|1769355797
|switch|p2a: Landorus|Landorus-Therian, M|84/100
|-ability|p2a: Landorus|Intimidate|boost
|-unboost|p1a: Joga|atk|1
|move|p1a: Joga|Knock Off|p2a: Landorus
|-damage|p2a: Landorus|68/100
|-enditem|p2a: Landorus|Heavy-Duty Boots|[from] move: Knock Off|[of] p1a: Joga
|
|upkeep
|turn|5
|
|t:|1769355805
|move|p1a: Joga|Parting Shot|p2a: Landorus
|-unboost|p2a: Landorus|atk|1
|-unboost|p2a: Landorus|spa|1
|
|t:|1769355806
|switch|p1a: Unworthy of Name|Alomomola, M|88/100|[from] Parting Shot
|-damage|p1a: Unworthy of Name|75/100|[from] Stealth Rock
|move|p2a: Landorus|Earthquake|p1a: Unworthy of Name
|-damage|p1a: Unworthy of Name|57/100
|
|upkeep
|turn|6
|
|t:|1769355818
|move|p2a: Landorus|U-turn|p1a: Unworthy of Name
|-damage|p1a: Unworthy of Name|48/100
|-damage|p2a: Landorus|51/100|[from] item: Rocky Helmet|[of] p1a: Unworthy of Name
|
|t:|1769355826
|switch|p2a: Lilligant|Lilligant-Hisui, F|58/100|[from] U-turn
|move|p1a: Unworthy of Name|Wish|p1a: Unworthy of Name
|
|upkeep
|turn|7
|
|t:|1769355832
|move|p1a: Unworthy of Name|Protect|p1a: Unworthy of Name
|-singleturn|p1a: Unworthy of Name|Protect
|move|p2a: Lilligant|Leaf Blade|p1a: Unworthy of Name
|-activate|p1a: Unworthy of Name|move: Protect
|
|-heal|p1a: Unworthy of Name|98/100|[from] move: Wish|[wisher] Unworthy of Name
|upkeep
|turn|8
|
|t:|1769355839
|switch|p1a: Joga|Grafaiai, M|100/100
|move|p2a: Lilligant|Leaf Blade|p1a: Joga
|-resisted|p1a: Joga
|-damage|p1a: Joga|55/100
|-damage|p2a: Lilligant|48/100|[from] item: Life Orb
|
|upkeep
|turn|9
|
|t:|1769355847
|switch|p2a: Kingambit|Kingambit, M|100/100
|-item|p2a: Kingambit|Air Balloon
|move|p1a: Joga|Parting Shot|p2a: Kingambit
|-hint|Since gen 7, Dark is immune to Prankster moves.
|-immune|p2a: Kingambit
|
|upkeep
|turn|10
|
|t:|1769355862
|move|p1a: Joga|Knock Off|p2a: Kingambit
|-resisted|p2a: Kingambit
|-damage|p2a: Kingambit|92/100
|-enditem|p2a: Kingambit|Air Balloon
|move|p2a: Kingambit|Kowtow Cleave|p1a: Joga
|-damage|p1a: Joga|0 fnt
|faint|p1a: Joga
|
|upkeep
|
|t:|1769355866
|switch|p1a: Dealer|Great Tusk|100/100
|-damage|p1a: Dealer|98/100|[from] Stealth Rock
|turn|11
|
|t:|1769355885
|-terastallize|p2a: Kingambit|Flying
|move|p1a: Dealer|Stealth Rock|p2a: Kingambit
|-sidestart|p2: glp2|move: Stealth Rock
|move|p2a: Kingambit|Tera Blast|p1a: Dealer|[anim] Tera Blast Flying
|-supereffective|p1a: Dealer
|-damage|p1a: Dealer|34/100
|
|-heal|p1a: Dealer|40/100|[from] item: Leftovers
|upkeep
|turn|12
|
|t:|1769355893
|move|p1a: Dealer|Rapid Spin|p2a: Kingambit
|-damage|p2a: Kingambit|81/100
|-boost|p1a: Dealer|spe|1
|-sideend|p1: kuzwa|Stealth Rock|[from] move: Rapid Spin|[of] p1a: Dealer
|move|p2a: Kingambit|Tera Blast|p1a: Dealer|[anim] Tera Blast Flying
|-supereffective|p1a: Dealer
|-damage|p1a: Dealer|0 fnt
|faint|p1a: Dealer
|-end|p1a: Dealer|Protosynthesis|[silent]
|
|upkeep
|
|t:|1769355896
|switch|p1a: Love and ABCs|Dragapult, M|100/100
|turn|13
|
|t:|1769355907
|move|p1a: Love and ABCs|Will-O-Wisp|p2a: Kingambit
|-status|p2a: Kingambit|brn
|move|p2a: Kingambit|Kowtow Cleave|p1a: Love and ABCs
|-supereffective|p1a: Love and ABCs
|-crit|p1a: Love and ABCs
|-damage|p1a: Love and ABCs|0 fnt
|faint|p1a: Love and ABCs
|
|-damage|p2a: Kingambit|75/100 brn|[from] brn
|upkeep
|
|t:|1769355913
|switch|p1a: Unworthy of Name|Alomomola, M|100/100
|turn|14
|
|t:|1769355925
|-end|p2a: Kingambit|fallenundefined|[silent]
|switch|p2a: Rotom|Rotom-Wash|100/100
|-damage|p2a: Rotom|88/100|[from] Stealth Rock
|move|p1a: Unworthy of Name|Flip Turn|p2a: Rotom
|-resisted|p2a: Rotom
|-damage|p2a: Rotom|79/100
|
|t:|1769355928
|switch|p1a: Miracle Musical|Slowking-Galar, M|100/100|[from] Flip Turn
|
|upkeep
|turn|15
|
|t:|1769355940
|move|p2a: Rotom|Volt Switch|p1a: Miracle Musical
|-damage|p1a: Miracle Musical|79/100
|
|t:|1769355945
|switch|p2a: Kingambit|Kingambit, M, tera:Flying|75/100 brn|[from] Volt Switch
|-damage|p2a: Kingambit|50/100 brn|[from] Stealth Rock
|move|p1a: Miracle Musical|Future Sight|p2a: Kingambit
|-start|p1a: Miracle Musical|move: Future Sight
|
|-damage|p2a: Kingambit|43/100 brn|[from] brn
|upkeep
|turn|16
|
|t:|1769355955
|switch|p1a: Unworthy of Name|Alomomola, M|100/100
|move|p2a: Kingambit|Tera Blast|p1a: Unworthy of Name|[anim] Tera Blast Flying
|-damage|p1a: Unworthy of Name|88/100
|
|-damage|p2a: Kingambit|37/100 brn|[from] brn
|upkeep
|turn|17
|
|t:|1769355963
|move|p1a: Unworthy of Name|Flip Turn|p2a: Kingambit
|-damage|p2a: Kingambit|27/100 brn
|
|t:|1769355965
|switch|p1a: Emergency|Weezing-Galar, M|100/100|[from] Flip Turn
|-ability|p1a: Emergency|Neutralizing Gas
|move|p2a: Kingambit|Kowtow Cleave|p1a: Emergency
|-resisted|p1a: Emergency
|-damage|p1a: Emergency|93/100
|
|-end|p2a: Kingambit|move: Future Sight
|-damage|p2a: Kingambit|0 fnt
|faint|p2a: Kingambit
|-end|p2a: Kingambit|fallenundefined|[silent]
|upkeep
|
|t:|1769355977
|switch|p2a: Landorus|Landorus-Therian, M|51/100
|-damage|p2a: Landorus|39/100|[from] Stealth Rock
|turn|18
|
|t:|1769355987
|-end|p1a: Emergency|ability: Neutralizing Gas
|-ability|p2a: Landorus|Intimidate|boost
|-unboost|p1a: Emergency|atk|1
|switch|p1a: Unworthy of Name|Alomomola, M|100/100
|move|p2a: Landorus|Earthquake|p1a: Unworthy of Name
|-damage|p1a: Unworthy of Name|71/100
|
|upkeep
|turn|19
|
|t:|1769355996
|move|p2a: Landorus|U-turn|p1a: Unworthy of Name
|-damage|p1a: Unworthy of Name|58/100
|-damage|p2a: Landorus|22/100|[from] item: Rocky Helmet|[of] p1a: Unworthy of Name
|
|t:|1769356000
|switch|p2a: Dragapult|Dragapult, M|100/100|[from] U-turn
|-damage|p2a: Dragapult|88/100|[from] Stealth Rock
|move|p1a: Unworthy of Name|Wish|p1a: Unworthy of Name
|
|upkeep
|turn|20
|
|t:|1769356007
|move|p1a: Unworthy of Name|Protect|p1a: Unworthy of Name
|-singleturn|p1a: Unworthy of Name|Protect
|move|p2a: Dragapult|Draco Meteor|p1a: Unworthy of Name
|-activate|p1a: Unworthy of Name|move: Protect
|
|-heal|p1a: Unworthy of Name|100/100|[from] move: Wish|[wisher] Unworthy of Name
|upkeep
|turn|21
|
|t:|1769356026
|switch|p2a: Landorus|Landorus-Therian, M|22/100
|-damage|p2a: Landorus|10/100|[from] Stealth Rock
|-ability|p2a: Landorus|Intimidate|boost
|-unboost|p1a: Unworthy of Name|atk|1
|move|p1a: Unworthy of Name|Mirror Coat||[still]
|-fail|p1a: Unworthy of Name
|
|upkeep
|turn|22
|
|t:|1769356035
|move|p2a: Landorus|Stealth Rock|p1a: Unworthy of Name
|-sidestart|p1: kuzwa|move: Stealth Rock
|move|p1a: Unworthy of Name|Flip Turn|p2a: Landorus
|-supereffective|p2a: Landorus
|-damage|p2a: Landorus|0 fnt
|faint|p2a: Landorus
|
|t:|1769356039
|switch|p1a: Miracle Musical|Slowking-Galar, M|100/100|[from] Flip Turn
|
|upkeep
|
|t:|1769356049
|switch|p2a: Dragapult|Dragapult, M|88/100
|-damage|p2a: Dragapult|76/100|[from] Stealth Rock
|turn|23
|
|t:|1769356057
|move|p2a: Dragapult|Shadow Ball|p1a: Miracle Musical
|-supereffective|p1a: Miracle Musical
|-damage|p1a: Miracle Musical|38/100
|-prepare|p1a: Miracle Musical|Chilly Reception|[premajor]
|move|p1a: Miracle Musical|Chilly Reception|p1a: Miracle Musical
|-weather|Snowscape
|
|t:|1769356061
|switch|p1a: Unworthy of Name|Alomomola, M|100/100|[from] Chilly Reception
|-damage|p1a: Unworthy of Name|88/100|[from] Stealth Rock
|
|-weather|Snowscape|[upkeep]
|upkeep
|turn|24
|
|t:|1769356068
|move|p2a: Dragapult|Shadow Ball|p1a: Unworthy of Name
|-damage|p1a: Unworthy of Name|22/100
|move|p1a: Unworthy of Name|Wish|p1a: Unworthy of Name
|
|-weather|Snowscape|[upkeep]
|upkeep
|turn|25
|
|t:|1769356073
|move|p1a: Unworthy of Name|Protect|p1a: Unworthy of Name
|-singleturn|p1a: Unworthy of Name|Protect
|move|p2a: Dragapult|Shadow Ball|p1a: Unworthy of Name
|-activate|p1a: Unworthy of Name|move: Protect
|
|-weather|Snowscape|[upkeep]
|-heal|p1a: Unworthy of Name|72/100|[from] move: Wish|[wisher] Unworthy of Name
|upkeep
|turn|26
|
|t:|1769356081
|move|p2a: Dragapult|Shadow Ball|p1a: Unworthy of Name
|-damage|p1a: Unworthy of Name|13/100
|move|p1a: Unworthy of Name|Mirror Coat|p2a: Dragapult
|-damage|p2a: Dragapult|0 fnt
|faint|p2a: Dragapult
|
|-weather|Snowscape|[upkeep]
|upkeep
|
|t:|1769356091
|switch|p2a: Rotom|Rotom-Wash|79/100
|-damage|p2a: Rotom|66/100|[from] Stealth Rock
|turn|27
|
|t:|1769356098
|switch|p1a: Miracle Musical|Slowking-Galar, M|71/100
|move|p2a: Rotom|Thunderbolt|p1a: Miracle Musical
|-damage|p1a: Miracle Musical|44/100
|-status|p1a: Miracle Musical|par
|
|-weather|none
|upkeep
|turn|28
|
|t:|1769356108
|move|p2a: Rotom|Thunderbolt|p1a: Miracle Musical
|-damage|p1a: Miracle Musical|17/100 par
|move|p1a: Miracle Musical|Future Sight|p2a: Rotom
|-start|p1a: Miracle Musical|move: Future Sight
|
|upkeep
|turn|29
|
|t:|1769356115
|move|p2a: Rotom|Thunderbolt|p1a: Miracle Musical
|-damage|p1a: Miracle Musical|0 fnt
|faint|p1a: Miracle Musical
|
|upkeep
|
|t:|1769356123
|switch|p1a: Unworthy of Name|Alomomola, M|47/100
|-damage|p1a: Unworthy of Name|34/100|[from] Stealth Rock
|turn|30
|
|t:|1769356126
|move|p1a: Unworthy of Name|Protect|p1a: Unworthy of Name
|-singleturn|p1a: Unworthy of Name|Protect
|move|p2a: Rotom|Thunderbolt|p1a: Unworthy of Name
|-activate|p1a: Unworthy of Name|move: Protect
|
|-end|p2a: Rotom|move: Future Sight
|-damage|p2a: Rotom|9/100
|upkeep
|turn|31
|
|t:|1769356133
|-terastallize|p1a: Unworthy of Name|Dragon
|move|p2a: Rotom|Thunderbolt|p1a: Unworthy of Name
|-resisted|p1a: Unworthy of Name
|-damage|p1a: Unworthy of Name|10/100
|move|p1a: Unworthy of Name|Wish|p1a: Unworthy of Name
|
|upkeep
|turn|32
|
|t:|1769356139
|move|p1a: Unworthy of Name|Protect|p1a: Unworthy of Name
|-singleturn|p1a: Unworthy of Name|Protect
|move|p2a: Rotom|Thunderbolt|p1a: Unworthy of Name
|-activate|p1a: Unworthy of Name|move: Protect
|
|-heal|p1a: Unworthy of Name|60/100|[from] move: Wish|[wisher] Unworthy of Name
|upkeep
|turn|33
|
|t:|1769356145
|move|p2a: Rotom|Thunderbolt|p1a: Unworthy of Name
|-resisted|p1a: Unworthy of Name
|-damage|p1a: Unworthy of Name|36/100
|move|p1a: Unworthy of Name|Wish|p1a: Unworthy of Name
|
|upkeep
|turn|34
|
|t:|1769356151
|move|p2a: Rotom|Thunderbolt|p1a: Unworthy of Name
|-resisted|p1a: Unworthy of Name
|-damage|p1a: Unworthy of Name|12/100
|move|p1a: Unworthy of Name|Mirror Coat|p2a: Rotom
|-damage|p2a: Rotom|0 fnt
|faint|p2a: Rotom
|
|-heal|p1a: Unworthy of Name|62/100|[from] move: Wish|[wisher] Unworthy of Name
|upkeep
|
|t:|1769356172
|switch|p2a: Lilligant|Lilligant-Hisui, F|48/100
|-damage|p2a: Lilligant|42/100|[from] Stealth Rock
|turn|35
|
|t:|1769356176
|move|p2a: Lilligant|Victory Dance|p2a: Lilligant
|-boost|p2a: Lilligant|atk|1
|-boost|p2a: Lilligant|def|1
|-boost|p2a: Lilligant|spe|1
|move|p1a: Unworthy of Name|Wish|p1a: Unworthy of Name
|
|upkeep
|turn|36
|
|t:|1769356182
|move|p2a: Lilligant|Victory Dance|p2a: Lilligant
|-boost|p2a: Lilligant|atk|1
|-boost|p2a: Lilligant|def|1
|-boost|p2a: Lilligant|spe|1
|move|p1a: Unworthy of Name|Flip Turn|p2a: Lilligant
|-resisted|p2a: Lilligant
|-damage|p2a: Lilligant|37/100
|
|t:|1769356184
|switch|p1a: Emergency|Weezing-Galar, M|93/100|[from] Flip Turn
|-ability|p1a: Emergency|Neutralizing Gas
|
|-heal|p1a: Emergency|100/100|[from] move: Wish|[wisher] Unworthy of Name
|upkeep
|turn|37
|
|t:|1769356213
|move|p2a: Lilligant|Leaf Blade|p1a: Emergency
|-resisted|p1a: Emergency
|-damage|p1a: Emergency|66/100
|-damage|p2a: Lilligant|27/100|[from] item: Life Orb
|move|p1a: Emergency|Haze|p1a: Emergency
|-clearallboost
|
|upkeep
|turn|38
|
|t:|1769356224
|move|p2a: Lilligant|Leaf Blade|p1a: Emergency
|-resisted|p1a: Emergency
|-crit|p1a: Emergency
|-damage|p1a: Emergency|38/100
|-damage|p2a: Lilligant|17/100|[from] item: Life Orb
|move|p1a: Emergency|Flamethrower|p2a: Lilligant
|-supereffective|p2a: Lilligant
|-damage|p2a: Lilligant|0 fnt
|faint|p2a: Lilligant
|
|upkeep
|
|t:|1769356232
|switch|p2a: Moltres|Moltres|100/100
|turn|39
|
|t:|1769356242
|move|p2a: Moltres|Hurricane|p1a: Emergency
|-damage|p1a: Emergency|0 fnt
|faint|p1a: Emergency
|-end|p1a: Emergency|ability: Neutralizing Gas
|
|upkeep
|
|t:|1769356245
|switch|p1a: Unworthy of Name|Alomomola, M, tera:Dragon|95/100
|-damage|p1a: Unworthy of Name|83/100|[from] Stealth Rock
|turn|40
|
|t:|1769356249
|move|p1a: Unworthy of Name|Protect|p1a: Unworthy of Name
|-singleturn|p1a: Unworthy of Name|Protect
|move|p2a: Moltres|Hurricane|p1a: Unworthy of Name
|-activate|p1a: Unworthy of Name|move: Protect
|
|upkeep
|turn|41
|
|t:|1769356255
|move|p2a: Moltres|Hurricane|p1a: Unworthy of Name
|-damage|p1a: Unworthy of Name|15/100
|move|p1a: Unworthy of Name|Mirror Coat|p2a: Moltres
|-damage|p2a: Moltres|0 fnt
|faint|p2a: Moltres
|
|win|kuzwa
|raw|kuzwa's rating: 1134 &rarr; <strong>1159</strong><br />(+25 for winning)
|raw|glp2's rating: 1133 &rarr; <strong>1108</strong><br />(-25 for losing)
