|j|☆Topsas
|j|☆smpark22
|t:|1769435739
|gametype|singles
|player|p1|Topsas|wallace|1432
|player|p2|smpark22|266|1431
|gen|9
|tier|[Gen 9] OU
|rated|
|rule|HP Percentage Mod: HP is shown in percentages
|rule|Endless Battle Clause: Forcing endless battles is banned
|rule|Species Clause: Limit one of each Pokémon
|rule|OHKO Clause: OHKO moves are banned
|rule|Evasion Items Clause: Evasion items are banned
|rule|Evasion Moves Clause: Evasion moves are banned
|rule|Evasion Abilities Clause: Evasion abilities are banned
|rule|Sleep Moves Clause: Sleep-inducing moves are banned
|clearpoke
|poke|p1|Iron Valiant|
|poke|p1|Great Tusk|
|poke|p1|Landorus-Therian, M|
|poke|p1|Kingambit, M|
|poke|p1|Ogerpon-Wellspring, F|
|poke|p1|Dragapult, M|
|poke|p2|Cinderace, M|
|poke|p2|Rillaboom, M|
|poke|p2|Inteleon, M|
|poke|p2|Sandaconda, F|
|poke|p2|Dragapult, M|
|poke|p2|Weezing-Galar, M|
|teampreview
|inactive|Battle timer is ON: inactive players will automatically lose when time's up. (requested by Topsas)
|c|☆smpark22|glhf
|
|t:|1769435748
|teamsize|p1|6
|teamsize|p2|6
|start
|switch|p1a: Landorus|Landorus-Therian, M, shiny|100/100
|switch|p2a: Dragapult|Dragapult, M|100/100
|-ability|p1a: Landorus|Intimidate|boost
|-fail|p2a: Dragapult|unboost|[from] ability: Clear Body|[of] p2a: Dragapult
|turn|1
|
|t:|1769435755
|move|p1a: Landorus|U-turn|p2a: Dragapult
|-resisted|p2a: Dragapult
|-damage|p2a: Dragapult|82/100
|
|t:|1769435759
|switch|p1a: Kingambit|Kingambit, M|100/100|[from] U-turn
|move|p2a: Dragapult|Dragon Darts|p1a: Kingambit
|-resisted|p1a: Kingambit
|-damage|p1a: Kingambit|86/100
|-anim|p2a: Dragapult|Dragon Darts|p1a: Kingambit
|-resisted|p1a: Kingambit
|-damage|p1a: Kingambit|73/100
|
|-heal|p1a: Kingambit|79/100|[from] item: Leftovers
|upkeep
|turn|2
|
|t:|1769435768
|switch|p2a: Sandaconda|Sandaconda, F|100/100
|move|p1a: Kingambit|Iron Head|p2a: Sandaconda
|-crit|p2a: Sandaconda
|-damage|p2a: Sandaconda|54/100
|
|-heal|p1a: Kingambit|85/100|[from] item: Leftovers
|upkeep
|turn|3
|
|t:|1769435779
|-end|p1a: Kingambit|fallenundefined|[silent]
|switch|p1a: Landorus|Landorus-Therian, M, shiny|100/100
|-ability|p1a: Landorus|Intimidate|boost
|-unboost|p2a: Sandaconda|atk|1
|move|p2a: Sandaconda|Glare|p1a: Landorus
|-status|p1a: Landorus|par
|
|upkeep
|turn|4
|
|t:|1769435788
|move|p1a: Landorus|Earthquake|p2a: Sandaconda
|-damage|p2a: Sandaconda|17/100
|move|p2a: Sandaconda|Stealth Rock|p1a: Landorus
|-sidestart|p1: Topsas|move: Stealth Rock
|
|upkeep
|turn|5
|
|t:|1769435799
|switch|p2a: Weezing|Weezing-Galar, M|100/100
|move|p1a: Landorus|Earthquake|p2a: Weezing
|-immune|p2a: Weezing|[from] ability: Levitate
|
|upkeep
|turn|6
|
|t:|1769435807
|switch|p1a: Great Tusk|Great Tusk|100/100
|-damage|p1a: Great Tusk|98/100|[from] Stealth Rock
|move|p2a: Weezing|Strange Steam|p1a: Great Tusk
|-supereffective|p1a: Great Tusk
|-damage|p1a: Great Tusk|24/100
|
|upkeep
|turn|7
|
|t:|1769435817
|move|p1a: Great Tusk|Ice Spinner|p2a: Weezing
|-damage|p2a: Weezing|79/100
|move|p2a: Weezing|Strange Steam|p1a: Great Tusk
|-supereffective|p1a: Great Tusk
|-damage|p1a: Great Tusk|0 fnt
|faint|p1a: Great Tusk
|-end|p1a: Great Tusk|Protosynthesis|[silent]
|
|-heal|p2a: Weezing|85/100|[from] item: Leftovers
|upkeep
|
|t:|1769435822
|switch|p1a: Kingambit|Kingambit, M|85/100
|-damage|p1a: Kingambit|79/100|[from] Stealth Rock
|-activate|p1a: Kingambit|ability: Supreme Overlord
|-start|p1a: Kingambit|fallen1|[silent]
|turn|8
|
|t:|1769435831
|switch|p2a: Sandaconda|Sandaconda, F|17/100
|move|p1a: Kingambit|Iron Head|p2a: Sandaconda
|-damage|p2a: Sandaconda|0 fnt
|faint|p2a: Sandaconda
|
|-heal|p1a: Kingambit|85/100|[from] item: Leftovers
|upkeep
|
|t:|1769435839
|switch|p2a: Cinderace|Cinderace, M|100/100
|turn|9
|
|t:|1769435847
|-end|p1a: Kingambit|fallen1|[silent]
|switch|p1a: Ogerpon|Ogerpon-Wellspring, F|100/100
|-damage|p1a: Ogerpon|88/100|[from] Stealth Rock
|move|p2a: Cinderace|Pyro Ball|p1a: Ogerpon
|-damage|p1a: Ogerpon|10/100
|
|upkeep
|turn|10
|
|t:|1769435855
|move|p2a: Cinderace|U-turn|p1a: Ogerpon
|-start|p2a: Cinderace|typechange|Bug|[from] ability: Libero
|-supereffective|p1a: Ogerpon
|-damage|p1a: Ogerpon|0 fnt
|faint|p1a: Ogerpon
|
|t:|1769435861
|switch|p2a: Rillaboom|Rillaboom, M|100/100|[from] U-turn
|-fieldstart|move: Grassy Terrain|[from] ability: Grassy Surge|[of] p2a: Rillaboom
|
|upkeep
|
|t:|1769435866
|switch|p1a: Dragapult|Dragapult, M, shiny|100/100
|-damage|p1a: Dragapult|88/100|[from] Stealth Rock
|turn|11
|
|t:|1769435875
|move|p1a: Dragapult|Flamethrower|p2a: Rillaboom
|-supereffective|p2a: Rillaboom
|-damage|p2a: Rillaboom|16/100
|move|p2a: Rillaboom|U-turn|p1a: Dragapult
|-resisted|p1a: Dragapult
|-damage|p1a: Dragapult|71/100
|
|t:|1769435893
|switch|p2a: Inteleon|Inteleon, M|100/100|[from] U-turn
|
|-heal|p1a: Dragapult|77/100|[from] Grassy Terrain
|upkeep
|turn|12
|
|t:|1769435902
|switch|p1a: Landorus|Landorus-Therian, M, shiny|100/100 par
|-damage|p1a: Landorus|88/100 par|[from] Stealth Rock
|-ability|p1a: Landorus|Intimidate|boost
|-unboost|p2a: Inteleon|atk|1
|move|p2a: Inteleon|Ice Beam|p1a: Landorus
|-supereffective|p1a: Landorus
|-damage|p1a: Landorus|0 fnt
|faint|p1a: Landorus
|
|upkeep
|
|t:|1769435912
|switch|p1a: Dragapult|Dragapult, M, shiny|77/100
|-damage|p1a: Dragapult|65/100|[from] Stealth Rock
|turn|13
|
|t:|1769435920
|switch|p2a: Weezing|Weezing-Galar, M|85/100
|move|p1a: Dragapult|Thunderbolt|p2a: Weezing
|-damage|p2a: Weezing|44/100
|
|-heal|p1a: Dragapult|71/100|[from] Grassy Terrain
|-heal|p2a: Weezing|50/100|[from] item: Leftovers
|upkeep
|turn|14
|
|t:|1769435933
|-terastallize|p1a: Dragapult|Ghost
|move|p1a: Dragapult|Thunderbolt|p2a: Weezing
|-damage|p2a: Weezing|10/100
|move|p2a: Weezing|Strange Steam|p1a: Dragapult
|-damage|p1a: Dragapult|33/100
|-start|p1a: Dragapult|confusion
|
|-heal|p1a: Dragapult|39/100|[from] Grassy Terrain
|-heal|p2a: Weezing|16/100|[from] item: Leftovers
|-fieldend|move: Grassy Terrain
|upkeep
|turn|15
|
|t:|1769435943
|-activate|p1a: Dragapult|confusion
|move|p1a: Dragapult|Thunderbolt|p2a: Weezing
|-damage|p2a: Weezing|0 fnt
|faint|p2a: Weezing
|
|upkeep
|
|t:|1769435948
|switch|p2a: Rillaboom|Rillaboom, M|16/100
|-fieldstart|move: Grassy Terrain|[from] ability: Grassy Surge|[of] p2a: Rillaboom
|turn|16
|
|t:|1769435954
|switch|p1a: Kingambit|Kingambit, M|85/100
|-damage|p1a: Kingambit|79/100|[from] Stealth Rock
|-activate|p1a: Kingambit|ability: Supreme Overlord
|-start|p1a: Kingambit|fallen3|[silent]
|move|p2a: Rillaboom|Grassy Glide|p1a: Kingambit
|-resisted|p1a: Kingambit
|-damage|p1a: Kingambit|64/100
|
|-heal|p2a: Rillaboom|23/100|[from] Grassy Terrain
|-heal|p2a: Rillaboom|29/100|[from] item: Leftovers
|-heal|p1a: Kingambit|70/100|[from] Grassy Terrain
|-heal|p1a: Kingambit|76/100|[from] item: Leftovers
|upkeep
|turn|17
|
|t:|1769435967
|move|p2a: Rillaboom|Brick Break|p1a: Kingambit
|-supereffective|p1a: Kingambit
|-damage|p1a: Kingambit|0 fnt
|faint|p1a: Kingambit
|-end|p1a: Kingambit|fallen3|[silent]
|
|-heal|p2a: Rillaboom|35/100|[from] Grassy Terrain
|-heal|p2a: Rillaboom|41/100|[from] item: Leftovers
|upkeep
|-message|Topsas forfeited.
|
|win|smpark22
|raw|Topsas's rating: 1432 &rarr; <strong>1412</strong><br />(-20 for losing)
|raw|smpark22's rating: 1431 &rarr; <strong>1451</strong><br />(+20 for winning)
|l|☆Topsas
|player|p1|
|c|☆smpark22|gg
|l|☆smpark22
|player|p2|
