|j|☆Jaycobi1017
|j|☆4Ze1F
|t:|1769415620
|gametype|singles
|player|p1|Jaycobi1017|brycenman|1357
|player|p2|4Ze1F|blue|1410
|gen|9
|tier|[Gen 9] OU
|rated|
|rule|HP Percentage Mod: HP is shown in percentages
|rule|Endless Battle Clause: Forcing endless battles is banned
|rule|Species Clause: Limit one of each Pokémon
|rule|OHKO Clause: OHKO moves are banned
|rule|Evasion Items Clause: Evasion items are banned
|rule|Evasion Moves Clause: Evasion moves are banned
|rule|Evasion Abilities Clause: Evasion abilities are banned
|rule|Sleep Moves Clause: Sleep-inducing moves are banned
|clearpoke
|poke|p1|Politoed, F|
|poke|p1|Crawdaunt, F|
|poke|p1|Ogerpon-Wellspring, F|
|poke|p1|Basculegion-F, F|
|poke|p1|Zapdos|
|poke|p1|Rillaboom, M|
|poke|p2|Ribombee, F|
|poke|p2|Cinderace, M|
|poke|p2|Kingambit, M|
|poke|p2|Serperior, M|
|poke|p2|Hitmonlee, M|
|poke|p2|Empoleon, M|
|teampreview
|inactive|Battle timer is ON: inactive players will automatically lose when time's up. (requested by 4Ze1F)
|
|t:|1769415635
|teamsize|p1|6
|teamsize|p2|6
|start
|switch|p1a: Ogerpon|Ogerpon-Wellspring, F|100/100
|switch|p2a: Ribombee|Ribombee, F, shiny|100/100
|turn|1
|
|t:|1769415647
|move|p2a: Ribombee|Sticky Web|p1a: Ogerpon
|-sidestart|p1: Jaycobi1017|move: Sticky Web
|move|p1a: Ogerpon|Taunt|p2a: Ribombee
|-start|p2a: Ribombee|move: Taunt
|
|upkeep
|turn|2
|
|t:|1769415652
|move|p2a: Ribombee|Moonblast|p1a: Ogerpon
|-damage|p1a: Ogerpon|52/100
|move|p1a: Ogerpon|Ivy Cudgel|p2a: Ribombee|[anim] Ivy Cudgel Water
|-enditem|p2a: Ribombee|Focus Sash
|-damage|p2a: Ribombee|1/100
|
|upkeep
|turn|3
|
|t:|1769415659
|move|p2a: Ribombee|Moonblast|p1a: Ogerpon
|-damage|p1a: Ogerpon|7/100
|move|p1a: Ogerpon|Ivy Cudgel|p2a: Ribombee|[anim] Ivy Cudgel Water
|-damage|p2a: Ribombee|0 fnt
|faint|p2a: Ribombee
|
|upkeep
|
|t:|1769415666
|switch|p2a: Cinderace|Cinderace, M|100/100
|turn|4
|
|t:|1769415672
|move|p2a: Cinderace|Court Change|p2a: Cinderace
|-start|p2a: Cinderace|typechange|Normal|[from] ability: Libero
|-swapsideconditions
|-activate|p2a: Cinderace|move: Court Change
|move|p1a: Ogerpon|Ivy Cudgel|p2a: Cinderace|[anim] Ivy Cudgel Water
|-crit|p2a: Cinderace
|-damage|p2a: Cinderace|0 fnt
|faint|p2a: Cinderace
|
|upkeep
|
|t:|1769415680
|switch|p2a: Empoleon|Empoleon, M, shiny|100/100
|-activate|p2a: Empoleon|move: Sticky Web
|-unboost|p2a: Empoleon|spe|1
|-ability|p2a: Empoleon|Competitive|boost
|-boost|p2a: Empoleon|spa|2
|turn|5
|
|t:|1769415687
|move|p2a: Empoleon|Vacuum Wave|p1a: Ogerpon
|-damage|p1a: Ogerpon|0 fnt
|faint|p1a: Ogerpon
|
|upkeep
|
|t:|1769415694
|switch|p1a: Rillaboom|Rillaboom, M|100/100
|-fieldstart|move: Grassy Terrain|[from] ability: Grassy Surge|[of] p1a: Rillaboom
|turn|6
|
|t:|1769415699
|move|p1a: Rillaboom|High Horsepower|p2a: Empoleon
|-supereffective|p2a: Empoleon
|-damage|p2a: Empoleon|35/100
|move|p2a: Empoleon|Ice Beam|p1a: Rillaboom
|-supereffective|p1a: Rillaboom
|-damage|p1a: Rillaboom|20/100
|
|-heal|p1a: Rillaboom|26/100|[from] Grassy Terrain
|-heal|p2a: Empoleon|41/100|[from] Grassy Terrain
|upkeep
|turn|7
|
|t:|1769415708
|move|p2a: Empoleon|Vacuum Wave|p1a: Rillaboom
|-damage|p1a: Rillaboom|8/100
|move|p1a: Rillaboom|High Horsepower|p2a: Empoleon
|-supereffective|p2a: Empoleon
|-damage|p2a: Empoleon|0 fnt
|faint|p2a: Empoleon
|
|-heal|p1a: Rillaboom|14/100|[from] Grassy Terrain
|upkeep
|
|t:|1769415716
|switch|p2a: Hitmonlee|Hitmonlee, M|100/100
|-activate|p2a: Hitmonlee|move: Sticky Web
|-unboost|p2a: Hitmonlee|spe|1
|-enditem|p2a: Hitmonlee|White Herb
|-clearnegativeboost|p2a: Hitmonlee|[silent]
|turn|8
|
|t:|1769415722
|move|p1a: Rillaboom|Grassy Glide|p2a: Hitmonlee
|-damage|p2a: Hitmonlee|8/100
|move|p2a: Hitmonlee|Knock Off|p1a: Rillaboom
|-damage|p1a: Rillaboom|0 fnt
|-enditem|p1a: Rillaboom|Assault Vest|[from] move: Knock Off|[of] p2a: Hitmonlee
|faint|p1a: Rillaboom
|
|-heal|p2a: Hitmonlee|14/100|[from] Grassy Terrain
|upkeep
|
|t:|1769415730
|switch|p1a: Zapdos|Zapdos|100/100
|turn|9
|
|t:|1769415739
|move|p2a: Hitmonlee|Close Combat|p1a: Zapdos
|-resisted|p1a: Zapdos
|-crit|p1a: Zapdos
|-damage|p1a: Zapdos|67/100
|-unboost|p2a: Hitmonlee|def|1
|-unboost|p2a: Hitmonlee|spd|1
|-status|p2a: Hitmonlee|par|[from] ability: Static|[of] p1a: Zapdos
|move|p1a: Zapdos|U-turn|p2a: Hitmonlee
|-resisted|p2a: Hitmonlee
|-damage|p2a: Hitmonlee|0 fnt
|faint|p2a: Hitmonlee
|
|t:|1769415748
|switch|p1a: Politoed|Politoed, F|100/100|[from] U-turn
|-weather|RainDance|[from] ability: Drizzle|[of] p1a: Politoed
|
|-weather|RainDance|[upkeep]
|upkeep
|
|t:|1769415753
|switch|p2a: Kingambit|Kingambit, M, shiny|100/100
|-activate|p2a: Kingambit|move: Sticky Web
|-unboost|p2a: Kingambit|spe|1
|-ability|p2a: Kingambit|Defiant|boost
|-boost|p2a: Kingambit|atk|2
|turn|10
|
|t:|1769415759
|move|p1a: Politoed|Focus Blast|p2a: Kingambit
|-supereffective|p2a: Kingambit
|-damage|p2a: Kingambit|7/100
|move|p2a: Kingambit|Kowtow Cleave|p1a: Politoed
|-damage|p1a: Politoed|0 fnt
|faint|p1a: Politoed
|
|-weather|RainDance|[upkeep]
|-heal|p2a: Kingambit|14/100|[from] Grassy Terrain
|-fieldend|move: Grassy Terrain
|upkeep
|
|t:|1769415770
|switch|p1a: Crawdaunt|Crawdaunt, F|100/100
|turn|11
|
|t:|1769415775
|move|p2a: Kingambit|Sucker Punch|p1a: Crawdaunt
|-resisted|p1a: Crawdaunt
|-damage|p1a: Crawdaunt|45/100
|move|p1a: Crawdaunt|Knock Off|p2a: Kingambit
|-resisted|p2a: Kingambit
|-damage|p2a: Kingambit|0 fnt
|-enditem|p2a: Kingambit|Assault Vest|[from] move: Knock Off|[of] p1a: Crawdaunt
|faint|p2a: Kingambit
|
|-weather|RainDance|[upkeep]
|upkeep
|
|t:|1769415784
|switch|p2a: Serperior|Serperior, M|100/100
|-activate|p2a: Serperior|move: Sticky Web
|-boost|p2a: Serperior|spe|1
|turn|12
|
|t:|1769415789
|move|p2a: Serperior|Leaf Storm|p1a: Crawdaunt
|-supereffective|p1a: Crawdaunt
|-damage|p1a: Crawdaunt|0 fnt
|-boost|p2a: Serperior|spa|2
|faint|p1a: Crawdaunt
|
|-weather|RainDance|[upkeep]
|upkeep
|
|t:|1769415793
|switch|p1a: Basculegion|Basculegion-F, F|100/100
|turn|13
|
|t:|1769415801
|-terastallize|p1a: Basculegion|Ghost
|move|p2a: Serperior|Glare|p1a: Basculegion
|-status|p1a: Basculegion|par
|move|p1a: Basculegion|Ice Beam|p2a: Serperior
|-supereffective|p2a: Serperior
|-damage|p2a: Serperior|8/100
|
|-weather|RainDance|[upkeep]
|-heal|p2a: Serperior|14/100|[from] item: Leftovers
|upkeep
|turn|14
|
|t:|1769415810
|move|p2a: Serperior|Leaf Storm|p1a: Basculegion
|-damage|p1a: Basculegion|7/100 par
|-boost|p2a: Serperior|spa|2
|move|p1a: Basculegion|Ice Beam|p2a: Serperior
|-supereffective|p2a: Serperior
|-damage|p2a: Serperior|0 fnt
|faint|p2a: Serperior
|
|win|Jaycobi1017
|raw|Jaycobi1017's rating: 1357 &rarr; <strong>1380</strong><br />(+23 for winning)
|raw|4Ze1F's rating: 1410 &rarr; <strong>1387</strong><br />(-23 for losing)
|l|☆4Ze1F
|player|p2|
|l|☆Jaycobi1017
|player|p1|
