|j|☆Luleser
|j|☆plshelpme37
|t:|1769399677
|gametype|singles
|player|p1|Luleser|1|1253
|player|p2|plshelpme37|harlequin|1321
|gen|9
|tier|[Gen 9] OU
|rated|
|rule|HP Percentage Mod: HP is shown in percentages
|rule|Endless Battle Clause: Forcing endless battles is banned
|rule|Species Clause: Limit one of each Pokémon
|rule|OHKO Clause: OHKO moves are banned
|rule|Evasion Items Clause: Evasion items are banned
|rule|Evasion Moves Clause: Evasion moves are banned
|rule|Evasion Abilities Clause: Evasion abilities are banned
|rule|Sleep Moves Clause: Sleep-inducing moves are banned
|clearpoke
|poke|p1|Weavile, M|
|poke|p1|Ogerpon-Wellspring, F|
|poke|p1|Azumarill, F|
|poke|p1|Great Tusk|
|poke|p1|Salamence, M|
|poke|p1|Glimmora, F|
|poke|p2|Cinderace, M|
|poke|p2|Torterra, F|
|poke|p2|Corviknight, F|
|poke|p2|Slowking-Galar, F|
|poke|p2|Hoopa-Unbound|
|poke|p2|Slither Wing|
|teampreview
|inactive|Battle timer is ON: inactive players will automatically lose when time's up. (requested by plshelpme37)
|inactive|Luleser has 120 seconds left.
|
|t:|1769399716
|teamsize|p1|6
|teamsize|p2|6
|start
|switch|p1a: Azumarill|Azumarill, F|100/100
|switch|p2a: Hoopa|Hoopa-Unbound|100/100
|turn|1
|
|t:|1769399743
|switch|p2a: Corviknight|Corviknight, F|100/100
|move|p1a: Azumarill|Play Rough|p2a: Corviknight
|-resisted|p2a: Corviknight
|-damage|p2a: Corviknight|63/100
|-damage|p1a: Azumarill|84/100|[from] item: Rocky Helmet|[of] p2a: Corviknight
|
|upkeep
|turn|2
|
|t:|1769399754
|switch|p1a: Glimmora|Glimmora, F|100/100
|move|p2a: Corviknight|Roost|p2a: Corviknight
|-heal|p2a: Corviknight|100/100
|-singleturn|p2a: Corviknight|move: Roost
|
|upkeep
|turn|3
|inactive|Luleser has 120 seconds left.
|
|t:|1769399770
|move|p1a: Glimmora|Sludge Wave|p2a: Corviknight
|-immune|p2a: Corviknight
|move|p2a: Corviknight|Iron Defense|p2a: Corviknight
|-boost|p2a: Corviknight|def|2
|
|upkeep
|turn|4
|inactive|Luleser has 120 seconds left.
|
|t:|1769399781
|switch|p1a: Great Tusk|Great Tusk|100/100
|move|p2a: Corviknight|Body Press|p1a: Great Tusk
|-damage|p1a: Great Tusk|73/100
|
|upkeep
|turn|5
|
|t:|1769399789
|move|p1a: Great Tusk|Temper Flare|p2a: Corviknight
|-supereffective|p2a: Corviknight
|-damage|p2a: Corviknight|72/100
|-damage|p1a: Great Tusk|57/100|[from] item: Rocky Helmet|[of] p2a: Corviknight
|-damage|p1a: Great Tusk|47/100|[from] item: Life Orb
|move|p2a: Corviknight|Iron Defense|p2a: Corviknight
|-boost|p2a: Corviknight|def|2
|
|upkeep
|turn|6
|
|t:|1769399801
|move|p1a: Great Tusk|Close Combat|p2a: Corviknight
|-damage|p2a: Corviknight|49/100
|-unboost|p1a: Great Tusk|def|1
|-unboost|p1a: Great Tusk|spd|1
|-damage|p1a: Great Tusk|30/100|[from] item: Rocky Helmet|[of] p2a: Corviknight
|-damage|p1a: Great Tusk|20/100|[from] item: Life Orb
|move|p2a: Corviknight|Body Press|p1a: Great Tusk
|-damage|p1a: Great Tusk|0 fnt
|faint|p1a: Great Tusk
|-end|p1a: Great Tusk|Protosynthesis|[silent]
|
|upkeep
|inactive|Luleser has 120 seconds left.
|c|☆Luleser|gg
|-message|Luleser forfeited.
|
|win|plshelpme37
|raw|Luleser's rating: 1253 &rarr; <strong>1233</strong><br />(-20 for losing)
|raw|plshelpme37's rating: 1321 &rarr; <strong>1337</strong><br />(+16 for winning)
|c|☆plshelpme37|gg
