|j|☆MangLe12138
|j|☆cospway
|t:|1769329739
|gametype|singles
|player|p1|MangLe12138|pokefan|1370
|player|p2|cospway|iris-gen5bw2|1418
|gen|9
|tier|[Gen 9] OU
|rated|
|rule|HP Percentage Mod: HP is shown in percentages
|rule|Endless Battle Clause: Forcing endless battles is banned
|rule|Species Clause: Limit one of each Pokémon
|rule|OHKO Clause: OHKO moves are banned
|rule|Evasion Items Clause: Evasion items are banned
|rule|Evasion Moves Clause: Evasion moves are banned
|rule|Evasion Abilities Clause: Evasion abilities are banned
|rule|Sleep Moves Clause: Sleep-inducing moves are banned
|clearpoke
|poke|p1|Pelipper, M|
|poke|p1|Iron Treads|
|poke|p1|Dragapult, F|
|poke|p1|Keldeo-Resolute|
|poke|p1|Raging Bolt|
|poke|p1|Lokix, F|
|poke|p2|Cresselia, F|
|poke|p2|Mew|
|poke|p2|Gholdengo|
|poke|p2|Kingambit, F|
|poke|p2|Hoopa-Unbound|
|poke|p2|Azumarill, M|
|teampreview
|inactive|Battle timer is ON: inactive players will automatically lose when time's up. (requested by cospway)
|inactive|MangLe12138 has 120 seconds left.
|
|t:|1769329796
|teamsize|p1|6
|teamsize|p2|6
|start
|switch|p1a: Iron Treads|Iron Treads|100/100
|switch|p2a: Mew|Mew|100/100
|turn|1
|
|t:|1769329804
|move|p1a: Iron Treads|Stealth Rock|p2a: Mew
|-sidestart|p2: cospway|move: Stealth Rock
|move|p2a: Mew|Taunt|p1a: Iron Treads
|-start|p1a: Iron Treads|move: Taunt
|
|upkeep
|turn|2
|
|t:|1769329811
|move|p1a: Iron Treads|Knock Off|p2a: Mew
|-supereffective|p2a: Mew
|-enditem|p2a: Mew|Colbur Berry|[eat]
|-enditem|p2a: Mew|Colbur Berry|[weaken]
|-damage|p2a: Mew|81/100
|move|p2a: Mew|Stealth Rock|p1a: Iron Treads
|-sidestart|p1: MangLe12138|move: Stealth Rock
|
|upkeep
|turn|3
|
|t:|1769329820
|move|p1a: Iron Treads|Knock Off|p2a: Mew
|-supereffective|p2a: Mew
|-damage|p2a: Mew|57/100
|move|p2a: Mew|Knock Off|p1a: Iron Treads
|-damage|p1a: Iron Treads|84/100
|-enditem|p1a: Iron Treads|Leftovers|[from] move: Knock Off|[of] p2a: Mew
|
|upkeep
|turn|4
|
|t:|1769329838
|move|p1a: Iron Treads|Rapid Spin|p2a: Mew
|-damage|p2a: Mew|48/100
|-boost|p1a: Iron Treads|spe|1
|-sideend|p1: MangLe12138|Stealth Rock|[from] move: Rapid Spin|[of] p1a: Iron Treads
|move|p2a: Mew|Trick Room|p2a: Mew
|-fieldstart|move: Trick Room|[of] p2a: Mew
|
|-end|p1a: Iron Treads|move: Taunt
|upkeep
|turn|5
|
|t:|1769329852
|move|p2a: Mew|Stealth Rock|p1a: Iron Treads
|-sidestart|p1: MangLe12138|move: Stealth Rock
|move|p1a: Iron Treads|Earthquake|p2a: Mew
|-damage|p2a: Mew|19/100
|
|upkeep
|turn|6
|
|t:|1769329858
|move|p2a: Mew|Taunt|p1a: Iron Treads
|-start|p1a: Iron Treads|move: Taunt
|move|p1a: Iron Treads|Rapid Spin|p2a: Mew
|-damage|p2a: Mew|10/100
|-boost|p1a: Iron Treads|spe|1
|-sideend|p1: MangLe12138|Stealth Rock|[from] move: Rapid Spin|[of] p1a: Iron Treads
|
|upkeep
|turn|7
|
|t:|1769329868
|move|p2a: Mew|Stealth Rock|p1a: Iron Treads
|-sidestart|p1: MangLe12138|move: Stealth Rock
|move|p1a: Iron Treads|Earthquake|p2a: Mew
|-damage|p2a: Mew|0 fnt
|faint|p2a: Mew
|
|upkeep
|
|t:|1769329882
|switch|p2a: Azumarill|Azumarill, M|100/100
|-damage|p2a: Azumarill|88/100|[from] Stealth Rock
|turn|8
|
|t:|1769329904
|move|p2a: Azumarill|Liquidation|p1a: Iron Treads
|-supereffective|p1a: Iron Treads
|-damage|p1a: Iron Treads|0 fnt
|faint|p1a: Iron Treads
|-end|p1a: Iron Treads|Quark Drive|[silent]
|
|-fieldend|move: Trick Room
|upkeep
|
|t:|1769329915
|switch|p1a: Raging Bolt|Raging Bolt|100/100
|-damage|p1a: Raging Bolt|88/100|[from] Stealth Rock
|-enditem|p1a: Raging Bolt|Booster Energy
|-activate|p1a: Raging Bolt|ability: Protosynthesis|[fromitem]
|-start|p1a: Raging Bolt|protosynthesisspa
|turn|9
|
|t:|1769329925
|switch|p2a: Cresselia|Cresselia, F|100/100
|-damage|p2a: Cresselia|88/100|[from] Stealth Rock
|move|p1a: Raging Bolt|Thunderclap||[still]
|-fail|p1a: Raging Bolt
|
|upkeep
|turn|10
|inactive|MangLe12138 has 120 seconds left.
|
|t:|1769329947
|move|p1a: Raging Bolt|Thunder|p2a: Cresselia
|-damage|p2a: Cresselia|31/100
|-status|p2a: Cresselia|par
|cant|p2a: Cresselia|par
|
|upkeep
|turn|11
|
|t:|1769329954
|move|p1a: Raging Bolt|Thunder|p2a: Cresselia
|-damage|p2a: Cresselia|0 fnt
|faint|p2a: Cresselia
|
|upkeep
|
|t:|1769329958
|switch|p2a: Hoopa|Hoopa-Unbound|100/100
|-damage|p2a: Hoopa|88/100|[from] Stealth Rock
|turn|12
|
|t:|1769329973
|move|p1a: Raging Bolt|Thunder|p2a: Hoopa
|-damage|p2a: Hoopa|25/100
|move|p2a: Hoopa|Trick Room|p2a: Hoopa
|-fieldstart|move: Trick Room|[of] p2a: Hoopa
|-enditem|p2a: Hoopa|Room Service
|-unboost|p2a: Hoopa|spe|1|[from] item: Room Service
|
|upkeep
|turn|13
|
|t:|1769329979
|move|p1a: Raging Bolt|Thunderclap|p2a: Hoopa
|-damage|p2a: Hoopa|0 fnt
|faint|p2a: Hoopa
|
|upkeep
|
|t:|1769329983
|switch|p2a: Gholdengo|Gholdengo|100/100
|-damage|p2a: Gholdengo|94/100|[from] Stealth Rock
|-item|p2a: Gholdengo|Air Balloon
|turn|14
|
|t:|1769329995
|move|p2a: Gholdengo|Shadow Ball|p1a: Raging Bolt
|-damage|p1a: Raging Bolt|49/100
|move|p1a: Raging Bolt|Thunder|p2a: Gholdengo
|-damage|p2a: Gholdengo|17/100
|-status|p2a: Gholdengo|par
|-enditem|p2a: Gholdengo|Air Balloon
|
|upkeep
|turn|15
|
|t:|1769330008
|move|p1a: Raging Bolt|Thunderclap|p2a: Gholdengo
|-damage|p2a: Gholdengo|0 fnt
|faint|p2a: Gholdengo
|
|upkeep
|
|t:|1769330011
|switch|p2a: Kingambit|Kingambit, F|100/100
|-damage|p2a: Kingambit|94/100|[from] Stealth Rock
|-activate|p2a: Kingambit|ability: Supreme Overlord
|-start|p2a: Kingambit|fallen4|[silent]
|turn|16
|
|t:|1769330021
|move|p2a: Kingambit|Swords Dance|p2a: Kingambit
|-boost|p2a: Kingambit|atk|2
|move|p1a: Raging Bolt|Thunder|p2a: Kingambit
|-damage|p2a: Kingambit|11/100
|
|-heal|p2a: Kingambit|17/100|[from] item: Leftovers
|-fieldend|move: Trick Room
|upkeep
|turn|17
|
|t:|1769330031
|move|p1a: Raging Bolt|Thunderclap|p2a: Kingambit
|-damage|p2a: Kingambit|0 fnt
|faint|p2a: Kingambit
|-end|p2a: Kingambit|fallen4|[silent]
|
|upkeep
|-message|cospway forfeited.
|
|win|MangLe12138
|raw|MangLe12138's rating: 1370 &rarr; <strong>1393</strong><br />(+23 for winning)
|raw|cospway's rating: 1418 &rarr; <strong>1395</strong><br />(-23 for losing)
|l|☆cospway
|player|p2|
