|j|☆CARTEIRB97
|j|☆ikun ngm
|t:|1769440998
|gametype|singles
|player|p1|CARTEIRB97|ethan|1294
|player|p2|ikun ngm|swimmer-gen4|1343
|gen|9
|tier|[Gen 9] OU
|rated|
|rule|HP Percentage Mod: HP is shown in percentages
|rule|Endless Battle Clause: Forcing endless battles is banned
|rule|Species Clause: Limit one of each Pokémon
|rule|OHKO Clause: OHKO moves are banned
|rule|Evasion Items Clause: Evasion items are banned
|rule|Evasion Moves Clause: Evasion moves are banned
|rule|Evasion Abilities Clause: Evasion abilities are banned
|rule|Sleep Moves Clause: Sleep-inducing moves are banned
|clearpoke
|poke|p1|Dragonite, F|
|poke|p1|Iron Treads|
|poke|p1|Ceruledge, F|
|poke|p1|Porygon2|
|poke|p1|Ting-Lu|
|poke|p1|Sinistcha|
|poke|p2|Alomomola, M|
|poke|p2|Thundurus-Therian, M|
|poke|p2|Blaziken, M|
|poke|p2|Slowking-Galar, M|
|poke|p2|Dragonite, F|
|poke|p2|Delibird, M|
|teampreview
|
|t:|1769441012
|teamsize|p1|6
|teamsize|p2|6
|start
|switch|p1a: Ting-Lu|Ting-Lu|100/100
|switch|p2a: 只因！|Delibird, M|100/100
|-ability|p1a: Ting-Lu|Vessel of Ruin
|turn|1
|
|t:|1769441021
|move|p2a: 只因！|Spikes|p1a: Ting-Lu
|-sidestart|p1: CARTEIRB97|Spikes
|move|p1a: Ting-Lu|Stealth Rock|p2a: 只因！
|-sidestart|p2: ikun ngm|move: Stealth Rock
|
|upkeep
|turn|2
|
|t:|1769441026
|switch|p1a: Iron Treads|Iron Treads|100/100
|-damage|p1a: Iron Treads|88/100|[from] Spikes
|-enditem|p1a: Iron Treads|Booster Energy
|-activate|p1a: Iron Treads|ability: Quark Drive|[fromitem]
|-start|p1a: Iron Treads|quarkdrivespe
|move|p2a: 只因！|Spikes|p1a: Iron Treads
|-sidestart|p1: CARTEIRB97|Spikes
|
|upkeep
|turn|3
|
|t:|1769441037
|switch|p2a: 曼波！|Alomomola, M|100/100
|-damage|p2a: 曼波！|88/100|[from] Stealth Rock
|move|p1a: Iron Treads|Rapid Spin|p2a: 曼波！
|-crit|p2a: 曼波！
|-damage|p2a: 曼波！|73/100
|-boost|p1a: Iron Treads|spe|1
|-damage|p1a: Iron Treads|72/100|[from] item: Rocky Helmet|[of] p2a: 曼波！
|-sideend|p1: CARTEIRB97|Spikes|[from] move: Rapid Spin|[of] p1a: Iron Treads
|
|upkeep
|turn|4
|
|t:|1769441048
|-end|p1a: Iron Treads|Quark Drive|[silent]
|switch|p1a: Sinistcha|Sinistcha, shiny|100/100
|move|p2a: 曼波！|Flip Turn|p1a: Sinistcha
|-resisted|p1a: Sinistcha
|-damage|p1a: Sinistcha|93/100
|-damage|p2a: 曼波！|57/100|[from] item: Rocky Helmet|[of] p1a: Sinistcha
|
|t:|1769441055
|switch|p2a: 胖宝宝！|Slowking-Galar, M|100/100|[from] Flip Turn
|
|upkeep
|turn|5
|
|t:|1769441064
|switch|p1a: Iron Treads|Iron Treads|72/100
|move|p2a: 胖宝宝！|Future Sight|p1a: Iron Treads
|-start|p2a: 胖宝宝！|move: Future Sight
|
|upkeep
|turn|6
|
|t:|1769441069
|switch|p2a: 曼波！|Alomomola, M|90/100
|-damage|p2a: 曼波！|78/100|[from] Stealth Rock
|move|p1a: Iron Treads|Knock Off|p2a: 曼波！
|-damage|p2a: 曼波！|60/100
|-damage|p1a: Iron Treads|55/100|[from] item: Rocky Helmet|[of] p2a: 曼波！
|-enditem|p2a: 曼波！|Rocky Helmet|[from] move: Knock Off|[of] p1a: Iron Treads
|
|upkeep
|turn|7
|
|t:|1769441083
|move|p1a: Iron Treads|Earthquake|p2a: 曼波！
|-damage|p2a: 曼波！|33/100
|move|p2a: 曼波！|Flip Turn|p1a: Iron Treads
|-supereffective|p1a: Iron Treads
|-damage|p1a: Iron Treads|24/100
|
|t:|1769441099
|switch|p2a: 奶龙！|Dragonite, F|100/100|[from] Flip Turn
|
|-end|p1a: Iron Treads|move: Future Sight
|-resisted|p1a: Iron Treads
|-damage|p1a: Iron Treads|0 fnt
|faint|p1a: Iron Treads
|-end|p1a: Iron Treads|Quark Drive|[silent]
|upkeep
|
|t:|1769441111
|switch|p1a: Dragonite|Dragonite, F|100/100
|turn|8
|
|t:|1769441124
|move|p1a: Dragonite|Dragon Dance|p1a: Dragonite
|-boost|p1a: Dragonite|atk|1
|-boost|p1a: Dragonite|spe|1
|move|p2a: 奶龙！|Dragon Dance|p2a: 奶龙！
|-boost|p2a: 奶龙！|atk|1
|-boost|p2a: 奶龙！|spe|1
|
|upkeep
|turn|9
|
|t:|1769441132
|-terastallize|p1a: Dragonite|Fairy
|move|p2a: 奶龙！|Encore|p1a: Dragonite
|-start|p1a: Dragonite|Encore
|move|p1a: Dragonite|Dragon Dance|p1a: Dragonite
|-boost|p1a: Dragonite|atk|1
|-boost|p1a: Dragonite|spe|1
|
|upkeep
|turn|10
|
|t:|1769441148
|move|p1a: Dragonite|Dragon Dance|p1a: Dragonite
|-boost|p1a: Dragonite|atk|1
|-boost|p1a: Dragonite|spe|1
|move|p2a: 奶龙！|Dragon Dance|p2a: 奶龙！
|-boost|p2a: 奶龙！|atk|1
|-boost|p2a: 奶龙！|spe|1
|
|upkeep
|turn|11
|
|t:|1769441155
|move|p1a: Dragonite|Dragon Dance|p1a: Dragonite
|-boost|p1a: Dragonite|atk|1
|-boost|p1a: Dragonite|spe|1
|move|p2a: 奶龙！|Encore||[still]
|-fail|p2a: 奶龙！
|
|-end|p1a: Dragonite|Encore
|upkeep
|turn|12
|
|t:|1769441163
|-terastallize|p2a: 奶龙！|Flying
|move|p1a: Dragonite|Scale Shot|p2a: 奶龙！
|-damage|p2a: 奶龙！|77/100
|-damage|p2a: 奶龙！|33/100
|-damage|p2a: 奶龙！|0 fnt
|faint|p2a: 奶龙！
|-hitcount|p2: 奶龙！|3
|-unboost|p1a: Dragonite|def|1
|-boost|p1a: Dragonite|spe|1
|
|upkeep
|
|t:|1769441178
|switch|p2a: 小白手套！|Thundurus-Therian, M|100/100
|turn|13
|-message|ikun ngm forfeited.
|
|win|CARTEIRB97
|raw|CARTEIRB97's rating: 1294 &rarr; <strong>1323</strong><br />(+29 for winning)
|raw|ikun ngm's rating: 1343 &rarr; <strong>1320</strong><br />(-23 for losing)
|l|☆ikun ngm
|player|p2|
