|j|☆ghanaputthisd
|j|☆Leriskato
|t:|1769347973
|gametype|singles
|player|p1|ghanaputthisd|caitlin|1363
|player|p2|Leriskato|hoopster|1337
|gen|9
|tier|[Gen 9] OU
|rated|
|rule|HP Percentage Mod: HP is shown in percentages
|rule|Endless Battle Clause: Forcing endless battles is banned
|rule|Species Clause: Limit one of each Pokémon
|rule|OHKO Clause: OHKO moves are banned
|rule|Evasion Items Clause: Evasion items are banned
|rule|Evasion Moves Clause: Evasion moves are banned
|rule|Evasion Abilities Clause: Evasion abilities are banned
|rule|Sleep Moves Clause: Sleep-inducing moves are banned
|clearpoke
|poke|p1|Torkoal, F|
|poke|p1|Walking Wake|
|poke|p1|Great Tusk|
|poke|p1|Scovillain, F|
|poke|p1|Hatterene, F|
|poke|p1|Ceruledge, M|
|poke|p2|Minior|
|poke|p2|Gholdengo|
|poke|p2|Maushold|
|poke|p2|Ninetales-Alola, M|
|poke|p2|Kyurem|
|poke|p2|Glimmora, M|
|teampreview
|inactive|Battle timer is ON: inactive players will automatically lose when time's up. (requested by ghanaputthisd)
|
|t:|1769347979
|teamsize|p1|6
|teamsize|p2|6
|start
|switch|p1a: Torkoal|Torkoal, F|100/100
|switch|p2a: Ninetales|Ninetales-Alola, M|100/100
|-weather|Snowscape|[from] ability: Snow Warning|[of] p2a: Ninetales
|-weather|SunnyDay|[from] ability: Drought|[of] p1a: Torkoal
|turn|1
|
|t:|1769347986
|switch|p2a: Glimmora|Glimmora, M|100/100
|-item|p2a: Glimmora|Air Balloon
|move|p1a: Torkoal|Lava Plume|p2a: Glimmora
|-resisted|p2a: Glimmora
|-damage|p2a: Glimmora|65/100
|-enditem|p2a: Glimmora|Air Balloon
|
|-weather|SunnyDay|[upkeep]
|upkeep
|turn|2
|
|t:|1769347996
|switch|p1a: Scovillain|Scovillain, F|100/100
|move|p2a: Glimmora|Stealth Rock|p1a: Scovillain
|-sidestart|p1: ghanaputthisd|move: Stealth Rock
|
|-weather|SunnyDay|[upkeep]
|upkeep
|turn|3
|
|t:|1769348000
|move|p1a: Scovillain|Growth|p1a: Scovillain
|-boost|p1a: Scovillain|atk|2
|-boost|p1a: Scovillain|spa|2
|move|p2a: Glimmora|Mortal Spin|p1a: Scovillain
|-supereffective|p1a: Scovillain
|-damage|p1a: Scovillain|74/100
|-status|p1a: Scovillain|psn
|
|-weather|SunnyDay|[upkeep]
|-damage|p1a: Scovillain|62/100 psn|[from] psn
|upkeep
|turn|4
|
|t:|1769348004
|move|p1a: Scovillain|Giga Drain|p2a: Glimmora
|-damage|p2a: Glimmora|0 fnt
|-heal|p1a: Scovillain|98/100 psn|[from] drain|[of] p2a: Glimmora
|faint|p2a: Glimmora
|-damage|p1a: Scovillain|88/100 psn|[from] item: Life Orb
|
|-weather|SunnyDay|[upkeep]
|-damage|p1a: Scovillain|76/100 psn|[from] psn
|upkeep
|
|t:|1769348013
|switch|p2a: Ninetales|Ninetales-Alola, M|100/100
|-weather|Snowscape|[from] ability: Snow Warning|[of] p2a: Ninetales
|turn|5
|
|t:|1769348017
|switch|p2a: Maushold|Maushold|100/100
|move|p1a: Scovillain|Flamethrower|p2a: Maushold
|-damage|p2a: Maushold|0 fnt
|faint|p2a: Maushold
|-damage|p1a: Scovillain|66/100 psn|[from] item: Life Orb
|
|-weather|Snowscape|[upkeep]
|-damage|p1a: Scovillain|54/100 psn|[from] psn
|upkeep
|
|t:|1769348019
|switch|p2a: Ninetales|Ninetales-Alola, M|100/100
|turn|6
|
|t:|1769348021
|move|p2a: Ninetales|Aurora Veil|p2a: Ninetales
|-sidestart|p2: Leriskato|move: Aurora Veil
|move|p1a: Scovillain|Flamethrower|p2a: Ninetales
|-supereffective|p2a: Ninetales
|-damage|p2a: Ninetales|0 fnt
|faint|p2a: Ninetales
|-damage|p1a: Scovillain|44/100 psn|[from] item: Life Orb
|
|-weather|Snowscape|[upkeep]
|-damage|p1a: Scovillain|32/100 psn|[from] psn
|upkeep
|
|t:|1769348024
|switch|p2a: Kyurem|Kyurem|100/100
|-ability|p2a: Kyurem|Pressure
|turn|7
|
|t:|1769348026
|move|p2a: Kyurem|Dragon Dance|p2a: Kyurem
|-boost|p2a: Kyurem|atk|1
|-boost|p2a: Kyurem|spe|1
|move|p1a: Scovillain|Flamethrower|p2a: Kyurem
|-damage|p2a: Kyurem|50/100
|-status|p2a: Kyurem|brn
|-damage|p1a: Scovillain|22/100 psn|[from] item: Life Orb
|
|-weather|Snowscape|[upkeep]
|-damage|p1a: Scovillain|10/100 psn|[from] psn
|-damage|p2a: Kyurem|43/100 brn|[from] brn
|upkeep
|turn|8
|
|t:|1769348033
|move|p2a: Kyurem|Scale Shot|p1a: Scovillain
|-damage|p1a: Scovillain|0 fnt
|faint|p1a: Scovillain
|-hitcount|p1: Scovillain|1
|-unboost|p2a: Kyurem|def|1
|-boost|p2a: Kyurem|spe|1
|
|-weather|Snowscape|[upkeep]
|-damage|p2a: Kyurem|37/100 brn|[from] brn
|upkeep
|
|t:|1769348037
|switch|p1a: Hatterene|Hatterene, F|100/100
|-damage|p1a: Hatterene|88/100|[from] Stealth Rock
|turn|9
|
|t:|1769348041
|move|p2a: Kyurem|Icicle Spear|p1a: Hatterene
|-damage|p1a: Hatterene|78/100
|-damage|p1a: Hatterene|69/100
|-damage|p1a: Hatterene|59/100
|-damage|p1a: Hatterene|49/100
|-hitcount|p1a: Hatterene|4
|-enditem|p1a: Hatterene|Eject Button
|
|t:|1769348046
|switch|p1a: Torkoal|Torkoal, F|100/100
|-damage|p1a: Torkoal|76/100|[from] Stealth Rock
|-weather|SunnyDay|[from] ability: Drought|[of] p1a: Torkoal
|
|-weather|SunnyDay|[upkeep]
|-damage|p2a: Kyurem|31/100 brn|[from] brn
|upkeep
|turn|10
|
|t:|1769348056
|move|p2a: Kyurem|Scale Shot|p1a: Torkoal
|-damage|p1a: Torkoal|67/100
|-damage|p1a: Torkoal|58/100
|-damage|p1a: Torkoal|50/100
|-damage|p1a: Torkoal|41/100
|-hitcount|p1a: Torkoal|4
|-unboost|p2a: Kyurem|def|1
|-boost|p2a: Kyurem|spe|1
|move|p1a: Torkoal|Clear Smog|p2a: Kyurem
|-damage|p2a: Kyurem|25/100 brn
|-clearboost|p2a: Kyurem
|
|-weather|SunnyDay|[upkeep]
|-damage|p2a: Kyurem|19/100 brn|[from] brn
|upkeep
|turn|11
|
|t:|1769348061
|move|p2a: Kyurem|Dragon Dance|p2a: Kyurem
|-boost|p2a: Kyurem|atk|1
|-boost|p2a: Kyurem|spe|1
|move|p1a: Torkoal|Stealth Rock|p2a: Kyurem
|-sidestart|p2: Leriskato|move: Stealth Rock
|
|-weather|SunnyDay|[upkeep]
|-damage|p2a: Kyurem|13/100 brn|[from] brn
|upkeep
|turn|12
|
|t:|1769348065
|move|p2a: Kyurem|Scale Shot|p1a: Torkoal
|-damage|p1a: Torkoal|32/100
|-damage|p1a: Torkoal|23/100
|-damage|p1a: Torkoal|14/100
|-damage|p1a: Torkoal|4/100
|-hitcount|p1a: Torkoal|4
|-unboost|p2a: Kyurem|def|1
|-boost|p2a: Kyurem|spe|1
|move|p1a: Torkoal|Flamethrower|p2a: Kyurem
|-damage|p2a: Kyurem|0 fnt
|faint|p2a: Kyurem
|
|-weather|SunnyDay|[upkeep]
|upkeep
|
|t:|1769348072
|switch|p2a: Minior|Minior|100/100
|-damage|p2a: Minior|76/100|[from] Stealth Rock
|-formechange|p2a: Minior|Minior-Meteor||[from] ability: Shields Down
|turn|13
|
|t:|1769348075
|move|p2a: Minior|Shell Smash|p2a: Minior
|-unboost|p2a: Minior|def|1
|-unboost|p2a: Minior|spd|1
|-boost|p2a: Minior|atk|2
|-boost|p2a: Minior|spa|2
|-boost|p2a: Minior|spe|2
|-enditem|p2a: Minior|White Herb
|-clearnegativeboost|p2a: Minior|[silent]
|move|p1a: Torkoal|Clear Smog|p2a: Minior
|-resisted|p2a: Minior
|-damage|p2a: Minior|71/100
|-clearboost|p2a: Minior
|
|-weather|SunnyDay|[upkeep]
|-sideend|p2: Leriskato|move: Aurora Veil
|upkeep
|turn|14
|
|t:|1769348079
|move|p2a: Minior|Shell Smash|p2a: Minior
|-unboost|p2a: Minior|def|1
|-unboost|p2a: Minior|spd|1
|-boost|p2a: Minior|atk|2
|-boost|p2a: Minior|spa|2
|-boost|p2a: Minior|spe|2
|move|p1a: Torkoal|Lava Plume|p2a: Minior
|-resisted|p2a: Minior
|-damage|p2a: Minior|22/100
|
|-weather|SunnyDay|[upkeep]
|-formechange|p2a: Minior|Minior||[from] ability: Shields Down
|upkeep
|turn|15
|
|t:|1769348083
|move|p2a: Minior|Acrobatics|p1a: Torkoal
|-damage|p1a: Torkoal|0 fnt
|faint|p1a: Torkoal
|
|-weather|SunnyDay|[upkeep]
|upkeep
|
|t:|1769348085
|switch|p1a: Ceruledge|Ceruledge, M, shiny|100/100
|-damage|p1a: Ceruledge|76/100|[from] Stealth Rock
|turn|16
|
|t:|1769348095
|move|p1a: Ceruledge|Shadow Sneak|p2a: Minior
|-damage|p2a: Minior|0 fnt
|faint|p2a: Minior
|
|-weather|none
|upkeep
|
|t:|1769348097
|switch|p2a: Gholdengo|Gholdengo|100/100
|-damage|p2a: Gholdengo|94/100|[from] Stealth Rock
|-item|p2a: Gholdengo|Air Balloon
|turn|17
|
|t:|1769348102
|move|p1a: Ceruledge|Shadow Sneak|p2a: Gholdengo
|-supereffective|p2a: Gholdengo
|-damage|p2a: Gholdengo|44/100
|-enditem|p2a: Gholdengo|Air Balloon
|move|p2a: Gholdengo|Nasty Plot|p2a: Gholdengo
|-boost|p2a: Gholdengo|spa|2
|
|upkeep
|turn|18
|
|t:|1769348110
|-terastallize|p2a: Gholdengo|Grass
|move|p1a: Ceruledge|Shadow Sneak|p2a: Gholdengo
|-damage|p2a: Gholdengo|19/100
|move|p2a: Gholdengo|Shadow Ball|p1a: Ceruledge
|-supereffective|p1a: Ceruledge
|-damage|p1a: Ceruledge|0 fnt
|faint|p1a: Ceruledge
|
|upkeep
|
|t:|1769348119
|switch|p1a: Walking Wake|Walking Wake|100/100
|-damage|p1a: Walking Wake|88/100|[from] Stealth Rock
|turn|19
|c|☆ghanaputthisd|Gg
|
|t:|1769348127
|move|p1a: Walking Wake|Flamethrower|p2a: Gholdengo
|-supereffective|p2a: Gholdengo
|-damage|p2a: Gholdengo|0 fnt
|faint|p2a: Gholdengo
|
|win|ghanaputthisd
|raw|ghanaputthisd's rating: 1363 &rarr; <strong>1382</strong><br />(+19 for winning)
|raw|Leriskato's rating: 1337 &rarr; <strong>1318</strong><br />(-19 for losing)
|l|☆Leriskato
|player|p2|
|l|☆ghanaputthisd
|player|p1|
