|j|☆chico bucetudo
|j|☆Shygain lotus
|t:|1769443651
|gametype|singles
|player|p1|chico bucetudo|ruinmaniac|1235
|player|p2|Shygain lotus|bugcatcher-gen4dp|1216
|gen|9
|tier|[Gen 9] OU
|rated|
|rule|HP Percentage Mod: HP is shown in percentages
|rule|Endless Battle Clause: Forcing endless battles is banned
|rule|Species Clause: Limit one of each Pokémon
|rule|OHKO Clause: OHKO moves are banned
|rule|Evasion Items Clause: Evasion items are banned
|rule|Evasion Moves Clause: Evasion moves are banned
|rule|Evasion Abilities Clause: Evasion abilities are banned
|rule|Sleep Moves Clause: Sleep-inducing moves are banned
|clearpoke
|poke|p1|Landorus-Therian, M|
|poke|p1|Thundurus-Therian, M|
|poke|p1|Volcanion|
|poke|p1|Gholdengo|
|poke|p1|Scrafty, F|
|poke|p1|Weezing-Galar, M|
|poke|p2|Iron Valiant|
|poke|p2|Lokix, M|
|poke|p2|Gliscor, F|
|poke|p2|Slowking-Galar, F|
|poke|p2|Great Tusk|
|poke|p2|Dragapult, F|
|teampreview
|inactive|Battle timer is ON: inactive players will automatically lose when time's up. (requested by Shygain lotus)
|
|t:|1769443682
|teamsize|p1|6
|teamsize|p2|6
|start
|switch|p1a: vira tripa|Landorus-Therian, M|100/100
|switch|p2a: Infiltrator|Dragapult, F|100/100
|-ability|p1a: vira tripa|Intimidate|boost
|-unboost|p2a: Infiltrator|atk|1
|turn|1
|
|t:|1769443695
|move|p2a: Infiltrator|U-turn|p1a: vira tripa
|-resisted|p1a: vira tripa
|-damage|p1a: vira tripa|93/100
|
|t:|1769443698
|switch|p2a: Hyper Cutter|Gliscor, F|100/100|[from] U-turn
|move|p1a: vira tripa|U-turn|p2a: Hyper Cutter
|-resisted|p2a: Hyper Cutter
|-damage|p2a: Hyper Cutter|89/100
|c|☆Shygain lotus|Chico bucetudo é foda
|
|t:|1769443718
|switch|p1a: angu|Scrafty, F|100/100|[from] U-turn
|-ability|p1a: angu|Intimidate|boost
|-unboost|p2a: Hyper Cutter|atk|1
|
|-status|p2a: Hyper Cutter|tox|[from] item: Toxic Orb
|upkeep
|turn|2
|
|t:|1769443733
|-terastallize|p2a: Hyper Cutter|Water
|move|p2a: Hyper Cutter|Toxic|p1a: angu
|-status|p1a: angu|tox
|move|p1a: angu|Ice Punch|p2a: Hyper Cutter
|-resisted|p2a: Hyper Cutter
|-damage|p2a: Hyper Cutter|80/100 tox
|
|-heal|p2a: Hyper Cutter|93/100 tox|[from] ability: Poison Heal
|-damage|p1a: angu|95/100 tox|[from] psn
|upkeep
|turn|3
|
|t:|1769443744
|move|p2a: Hyper Cutter|Knock Off|p1a: angu
|-resisted|p1a: angu
|-damage|p1a: angu|91/100 tox
|-enditem|p1a: angu|Assault Vest|[from] move: Knock Off|[of] p2a: Hyper Cutter
|move|p1a: angu|Knock Off|p2a: Hyper Cutter
|-damage|p2a: Hyper Cutter|60/100 tox
|-enditem|p2a: Hyper Cutter|Toxic Orb|[from] move: Knock Off|[of] p1a: angu
|
|-heal|p2a: Hyper Cutter|73/100 tox|[from] ability: Poison Heal
|-damage|p1a: angu|79/100 tox|[from] psn
|upkeep
|turn|4
|
|t:|1769443753
|switch|p1a: gosma|Weezing-Galar, M|100/100
|-ability|p1a: gosma|Neutralizing Gas
|move|p2a: Hyper Cutter|Protect||[still]
|-fail|p2a: Hyper Cutter
|
|-damage|p2a: Hyper Cutter|54/100 tox|[from] psn
|upkeep
|turn|5
|
|t:|1769443766
|-end|p1a: gosma|ability: Neutralizing Gas
|switch|p1a: fezes|Thundurus-Therian, M|100/100
|move|p2a: Hyper Cutter|U-turn|p1a: fezes
|-resisted|p1a: fezes
|-damage|p1a: fezes|92/100
|
|t:|1769443786
|switch|p2a: Infiltrator|Dragapult, F|100/100|[from] U-turn
|
|upkeep
|turn|6
|
|t:|1769443795
|move|p1a: fezes|Volt Switch|p2a: Infiltrator
|-resisted|p2a: Infiltrator
|-damage|p2a: Infiltrator|73/100
|
|t:|1769443798
|switch|p1a: angu|Scrafty, F|79/100 tox|[from] Volt Switch
|-ability|p1a: angu|Intimidate|boost
|-unboost|p2a: Infiltrator|atk|1
|move|p2a: Infiltrator|Dragon Darts|p1a: angu
|-damage|p1a: angu|67/100 tox
|-anim|p2a: Infiltrator|Dragon Darts|p1a: angu
|-damage|p1a: angu|54/100 tox
|
|-damage|p1a: angu|48/100 tox|[from] psn
|upkeep
|turn|7
|c|☆chico bucetudo|Kkkkjj vi agr sua msg
|c|☆chico bucetudo|Gostou
|
|t:|1769443822
|move|p2a: Infiltrator|U-turn|p1a: angu
|-damage|p1a: angu|36/100 tox
|c|☆Shygain lotus|Adorei
|
|t:|1769443838
|switch|p2a: Compound Eyes|Lokix, M|100/100|[from] U-turn
|move|p1a: angu|Knock Off|p2a: Compound Eyes
|-resisted|p2a: Compound Eyes
|-damage|p2a: Compound Eyes|70/100
|-enditem|p2a: Compound Eyes|Choice Band|[from] move: Knock Off|[of] p1a: angu
|
|-damage|p1a: angu|24/100 tox|[from] psn
|upkeep
|turn|8
|
|t:|1769443859
|switch|p1a: gosma|Weezing-Galar, M|100/100
|-ability|p1a: gosma|Neutralizing Gas
|move|p2a: Compound Eyes|Leech Life|p1a: gosma
|-resisted|p1a: gosma
|-damage|p1a: gosma|92/100
|-heal|p2a: Compound Eyes|75/100|[from] drain|[of] p1a: gosma
|
|upkeep
|turn|9
|
|t:|1769443869
|move|p2a: Compound Eyes|U-turn|p1a: gosma
|-resisted|p1a: gosma
|-damage|p1a: gosma|85/100
|
|t:|1769443875
|switch|p2a: Mind's eye|Slowking-Galar, F|100/100|[from] U-turn
|move|p1a: gosma|Will-O-Wisp|p2a: Mind's eye
|-status|p2a: Mind's eye|brn
|
|-damage|p2a: Mind's eye|94/100 brn|[from] brn
|upkeep
|turn|10
|
|t:|1769443892
|-end|p1a: gosma|ability: Neutralizing Gas
|switch|p1a: angu|Scrafty, F|24/100 tox
|-ability|p1a: angu|Intimidate|boost
|-unboost|p2a: Mind's eye|atk|1
|move|p2a: Mind's eye|Future Sight|p1a: angu
|-start|p2a: Mind's eye|move: Future Sight
|
|-damage|p1a: angu|18/100 tox|[from] psn
|-damage|p2a: Mind's eye|88/100 brn|[from] brn
|upkeep
|turn|11
|
|t:|1769443903
|switch|p2a: Pixielate|Iron Valiant|100/100
|move|p1a: angu|Knock Off|p2a: Pixielate
|-resisted|p2a: Pixielate
|-damage|p2a: Pixielate|87/100
|-enditem|p2a: Pixielate|Choice Specs|[from] move: Knock Off|[of] p1a: angu
|
|-damage|p1a: angu|6/100 tox|[from] psn
|upkeep
|turn|12
|
|t:|1769443912
|move|p2a: Pixielate|Moonblast|p1a: angu
|-supereffective|p1a: angu
|-damage|p1a: angu|0 fnt
|faint|p1a: angu
|
|-hint|Future Sight did not hit because the target is fainted.
|upkeep
|inactive|chico bucetudo has 120 seconds left.
|
|t:|1769443937
|switch|p1a: vira tripa|Landorus-Therian, M|93/100
|-ability|p1a: vira tripa|Intimidate|boost
|-unboost|p2a: Pixielate|atk|1
|turn|13
|
|t:|1769443941
|-end|p2a: Pixielate|Quark Drive|[silent]
|switch|p2a: Hyper Cutter|Gliscor, F, tera:Water|54/100 tox
|move|p1a: vira tripa|Earthquake|p2a: Hyper Cutter
|-damage|p2a: Hyper Cutter|6/100 tox
|
|-heal|p2a: Hyper Cutter|18/100 tox|[from] ability: Poison Heal
|upkeep
|turn|14
|
|t:|1769443947
|move|p2a: Hyper Cutter|Protect|p2a: Hyper Cutter
|-singleturn|p2a: Hyper Cutter|Protect
|move|p1a: vira tripa|Earthquake|p2a: Hyper Cutter
|-activate|p2a: Hyper Cutter|move: Protect
|
|-heal|p2a: Hyper Cutter|31/100 tox|[from] ability: Poison Heal
|upkeep
|turn|15
|
|t:|1769443955
|switch|p2a: Infiltrator|Dragapult, F|73/100
|move|p1a: vira tripa|Earthquake|p2a: Infiltrator
|-damage|p2a: Infiltrator|0 fnt
|faint|p2a: Infiltrator
|
|upkeep
|
|t:|1769443959
|switch|p2a: Rough Skin|Great Tusk|100/100
|turn|16
|
|t:|1769443968
|switch|p1a: bonifacio|Volcanion|100/100
|move|p2a: Rough Skin|Ice Spinner|p1a: bonifacio
|-resisted|p1a: bonifacio
|-damage|p1a: bonifacio|96/100
|
|upkeep
|turn|17
|
|t:|1769443976
|switch|p1a: fezes|Thundurus-Therian, M|92/100
|move|p2a: Rough Skin|Headlong Rush|p1a: fezes
|-immune|p1a: fezes
|
|upkeep
|turn|18
|
|t:|1769443983
|move|p1a: fezes|Grass Knot|p2a: Rough Skin
|-supereffective|p2a: Rough Skin
|-crit|p2a: Rough Skin
|-damage|p2a: Rough Skin|0 fnt
|faint|p2a: Rough Skin
|-end|p2a: Rough Skin|Protosynthesis|[silent]
|
|upkeep
|
|t:|1769444001
|switch|p2a: Mind's eye|Slowking-Galar, F|100/100 brn
|turn|19
|
|t:|1769444021
|switch|p1a: vira tripa|Landorus-Therian, M|93/100
|-ability|p1a: vira tripa|Intimidate|boost
|-unboost|p2a: Mind's eye|atk|1
|move|p2a: Mind's eye|Toxic|p1a: vira tripa
|-status|p1a: vira tripa|tox
|
|-damage|p1a: vira tripa|87/100 tox|[from] psn
|-damage|p2a: Mind's eye|94/100 brn|[from] brn
|upkeep
|turn|20
|
|t:|1769444032
|move|p1a: vira tripa|Earthquake|p2a: Mind's eye
|-supereffective|p2a: Mind's eye
|-damage|p2a: Mind's eye|0 fnt
|faint|p2a: Mind's eye
|
|-damage|p1a: vira tripa|74/100 tox|[from] psn
|upkeep
|
|t:|1769444038
|switch|p2a: Compound Eyes|Lokix, M|75/100
|turn|21
|
|t:|1769444045
|switch|p1a: gosma|Weezing-Galar, M|85/100
|-ability|p1a: gosma|Neutralizing Gas
|move|p2a: Compound Eyes|First Impression|p1a: gosma
|-resisted|p1a: gosma
|-damage|p1a: gosma|76/100
|
|upkeep
|turn|22
|-message|Shygain lotus forfeited.
|
|win|chico bucetudo
