|j|☆Jackylechicken
|j|☆Asta_RPPLF
|t:|1769353623
|gametype|singles
|player|p1|Jackylechicken|1|
|player|p2|Asta_RPPLF|#wcop2023belgium2|
|gen|9
|tier|[Gen 9] OU
|rule|HP Percentage Mod: HP is shown in percentages
|rule|Endless Battle Clause: Forcing endless battles is banned
|rule|Species Clause: Limit one of each Pokémon
|rule|OHKO Clause: OHKO moves are banned
|rule|Evasion Items Clause: Evasion items are banned
|rule|Evasion Moves Clause: Evasion moves are banned
|rule|Evasion Abilities Clause: Evasion abilities are banned
|rule|Sleep Moves Clause: Sleep-inducing moves are banned
|clearpoke
|poke|p1|Quaquaval, M|
|poke|p1|Ting-Lu|
|poke|p1|Zamazenta-*|
|poke|p1|Slowking-Galar, M|
|poke|p1|Dragapult, F|
|poke|p1|Tornadus-Therian, M|
|poke|p2|Alomomola, L99, F|
|poke|p2|Dragapult, M|
|poke|p2|Ting-Lu|
|poke|p2|Cinderace, M|
|poke|p2|Slowking-Galar, L99, M|
|poke|p2|Iron Valiant|
|teampreview
|c|☆Asta_RPPLF|hf !
|c|☆Jackylechicken|hf
|
|t:|1769353652
|teamsize|p1|6
|teamsize|p2|6
|start
|switch|p1a: Tornadus|Tornadus-Therian, M|100/100
|switch|p2a: Slowking|Slowking-Galar, L99, M|100/100
|turn|1
|
|t:|1769353660
|move|p1a: Tornadus|Taunt|p2a: Slowking
|-start|p2a: Slowking|move: Taunt
|cant|p2a: Slowking|move: Taunt|Toxic
|
|upkeep
|turn|2
|
|t:|1769353668
|move|p1a: Tornadus|Knock Off|p2a: Slowking
|-supereffective|p2a: Slowking
|-enditem|p2a: Slowking|Colbur Berry|[eat]
|-enditem|p2a: Slowking|Colbur Berry|[weaken]
|-damage|p2a: Slowking|80/100
|move|p2a: Slowking|Sludge Bomb|p1a: Tornadus
|-damage|p1a: Tornadus|67/100
|
|upkeep
|turn|3
|
|t:|1769353676
|move|p1a: Tornadus|U-turn|p2a: Slowking
|-crit|p2a: Slowking
|-damage|p2a: Slowking|59/100
|
|t:|1769353680
|switch|p1a: Ting-Lu|Ting-Lu|100/100|[from] U-turn
|-ability|p1a: Ting-Lu|Vessel of Ruin
|move|p2a: Slowking|Future Sight|p1a: Ting-Lu
|-start|p2a: Slowking|move: Future Sight
|
|-end|p2a: Slowking|move: Taunt
|upkeep
|turn|4
|
|t:|1769353692
|switch|p2a: Alomomola|Alomomola, L99, F|100/100
|move|p1a: Ting-Lu|Earthquake|p2a: Alomomola
|-damage|p2a: Alomomola|78/100
|
|upkeep
|turn|5
|
|t:|1769353715
|switch|p1a: Tornadus|Tornadus-Therian, M|99/100
|move|p2a: Alomomola|Scald|p1a: Tornadus
|-damage|p1a: Tornadus|86/100
|
|-end|p1a: Tornadus|move: Future Sight
|-damage|p1a: Tornadus|44/100
|upkeep
|turn|6
|
|t:|1769353727
|move|p1a: Tornadus|U-turn|p2a: Alomomola
|-damage|p2a: Alomomola|70/100
|-damage|p1a: Tornadus|28/100|[from] item: Rocky Helmet|[of] p2a: Alomomola
|
|t:|1769353732
|switch|p1a: Slowking|Slowking-Galar, M|100/100|[from] U-turn
|move|p2a: Alomomola|Flip Turn|p1a: Slowking
|-damage|p1a: Slowking|85/100
|
|t:|1769353754
|switch|p2a: Dragapult|Dragapult, M|100/100|[from] Flip Turn
|
|upkeep
|turn|7
|
|t:|1769353763
|move|p2a: Dragapult|U-turn|p1a: Slowking
|-damage|p1a: Slowking|67/100
|
|t:|1769353766
|switch|p2a: Ting-Lu|Ting-Lu|100/100|[from] U-turn
|-ability|p2a: Ting-Lu|Vessel of Ruin
|-prepare|p1a: Slowking|Chilly Reception|[premajor]
|move|p1a: Slowking|Chilly Reception|p1a: Slowking
|-weather|Snowscape
|
|t:|1769353778
|switch|p1a: Tornadus|Tornadus-Therian, M|61/100|[from] Chilly Reception
|
|-weather|Snowscape|[upkeep]
|upkeep
|turn|8
|
|t:|1769353812
|switch|p2a: Cinderace|Cinderace, M|100/100
|move|p1a: Tornadus|Taunt|p2a: Cinderace
|-start|p2a: Cinderace|move: Taunt
|
|-weather|Snowscape|[upkeep]
|upkeep
|turn|9
|
|t:|1769353829
|move|p1a: Tornadus|U-turn|p2a: Cinderace
|-resisted|p2a: Cinderace
|-damage|p2a: Cinderace|91/100
|
|t:|1769353836
|switch|p1a: Ting-Lu|Ting-Lu|100/100|[from] U-turn
|-ability|p1a: Ting-Lu|Vessel of Ruin
|move|p2a: Cinderace|Pyro Ball|p1a: Ting-Lu
|-damage|p1a: Ting-Lu|68/100
|-status|p1a: Ting-Lu|brn
|
|-weather|Snowscape|[upkeep]
|-heal|p1a: Ting-Lu|74/100 brn|[from] item: Leftovers
|-damage|p1a: Ting-Lu|68/100 brn|[from] brn
|upkeep
|turn|10
|
|t:|1769353862
|switch|p1a: Tornadus|Tornadus-Therian, M|94/100
|move|p2a: Cinderace|U-turn|p1a: Tornadus
|-start|p2a: Cinderace|typechange|Bug|[from] ability: Libero
|-resisted|p1a: Tornadus
|-damage|p1a: Tornadus|73/100
|
|t:|1769353896
|switch|p2a: Dragapult|Dragapult, M|100/100|[from] U-turn
|
|-weather|Snowscape|[upkeep]
|upkeep
|turn|11
|
|t:|1769353908
|move|p2a: Dragapult|Draco Meteor|p1a: Tornadus
|-damage|p1a: Tornadus|0 fnt
|-unboost|p2a: Dragapult|spa|2
|faint|p1a: Tornadus
|
|-weather|none
|upkeep
|
|t:|1769353916
|switch|p1a: Quaquaval|Quaquaval, M|100/100
|turn|12
|
|t:|1769353927
|switch|p2a: Alomomola|Alomomola, L99, F|100/100
|move|p1a: Quaquaval|Swords Dance|p1a: Quaquaval
|-boost|p1a: Quaquaval|atk|2
|
|upkeep
|turn|13
|
|t:|1769353942
|move|p1a: Quaquaval|Swords Dance|p1a: Quaquaval
|-boost|p1a: Quaquaval|atk|2
|move|p2a: Alomomola|Scald|p1a: Quaquaval
|-resisted|p1a: Quaquaval
|-damage|p1a: Quaquaval|91/100
|-status|p1a: Quaquaval|brn
|-enditem|p1a: Quaquaval|Lum Berry|[eat]
|-curestatus|p1a: Quaquaval|brn|[msg]
|
|upkeep
|turn|14
|
|t:|1769353963
|move|p1a: Quaquaval|Swords Dance|p1a: Quaquaval
|-boost|p1a: Quaquaval|atk|2
|move|p2a: Alomomola|Scald|p1a: Quaquaval
|-resisted|p1a: Quaquaval
|-damage|p1a: Quaquaval|83/100
|
|upkeep
|turn|15
|
|t:|1769353994
|-terastallize|p2a: Alomomola|Fairy
|move|p1a: Quaquaval|Aqua Step|p2a: Alomomola
|-damage|p2a: Alomomola|13/100
|-boost|p1a: Quaquaval|spe|1
|-damage|p1a: Quaquaval|66/100|[from] item: Rocky Helmet|[of] p2a: Alomomola
|move|p2a: Alomomola|Scald|p1a: Quaquaval
|-resisted|p1a: Quaquaval
|-damage|p1a: Quaquaval|58/100
|
|upkeep
|turn|16
|c|☆Asta_RPPLF|ptn j'ai cur à close combat
|c|☆Asta_RPPLF|bon bah gg
|
|t:|1769354028
|move|p1a: Quaquaval|Aqua Step|p2a: Alomomola
|-damage|p2a: Alomomola|0 fnt
|-boost|p1a: Quaquaval|spe|1
|-damage|p1a: Quaquaval|41/100|[from] item: Rocky Helmet|[of] p2a: Alomomola
|faint|p2a: Alomomola
|
|upkeep
|
|t:|1769354058
|switch|p2a: Iron Valiant|Iron Valiant|100/100
|-enditem|p2a: Iron Valiant|Booster Energy
|-activate|p2a: Iron Valiant|ability: Quark Drive|[fromitem]
|-start|p2a: Iron Valiant|quarkdrivespe
|turn|17
|
|t:|1769354068
|move|p1a: Quaquaval|Aqua Step|p2a: Iron Valiant
|-damage|p2a: Iron Valiant|0 fnt
|-boost|p1a: Quaquaval|spe|1
|faint|p2a: Iron Valiant
|-end|p2a: Iron Valiant|Quark Drive|[silent]
|
|upkeep
|-message|Asta_RPPLF forfeited.
|
|win|Jackylechicken
|l|☆Asta_RPPLF
|player|p2|
|c|☆Jackylechicken|gg
