|j|☆Breezy55
|j|☆phoenix 148
|t:|1769422162
|gametype|singles
|player|p1|Breezy55|265|1122
|player|p2|phoenix 148|steven|1092
|gen|9
|tier|[Gen 9] OU
|rated|
|rule|HP Percentage Mod: HP is shown in percentages
|rule|Endless Battle Clause: Forcing endless battles is banned
|rule|Species Clause: Limit one of each Pokémon
|rule|OHKO Clause: OHKO moves are banned
|rule|Evasion Items Clause: Evasion items are banned
|rule|Evasion Moves Clause: Evasion moves are banned
|rule|Evasion Abilities Clause: Evasion abilities are banned
|rule|Sleep Moves Clause: Sleep-inducing moves are banned
|clearpoke
|poke|p1|Landorus-Therian, M|
|poke|p1|Hitmonchan, M|
|poke|p1|Grimmsnarl, M|
|poke|p1|Gholdengo|
|poke|p1|Dragapult, F|
|poke|p1|Kingambit, F|
|poke|p2|Ceruledge, F|
|poke|p2|Gholdengo|
|poke|p2|Iron Moth|
|poke|p2|Quaquaval, M|
|poke|p2|Kingambit, F|
|poke|p2|Falinks|
|teampreview
|inactive|Battle timer is ON: inactive players will automatically lose when time's up. (requested by phoenix 148)
|
|t:|1769422167
|teamsize|p1|6
|teamsize|p2|6
|start
|switch|p1a: Landorus|Landorus-Therian, M|100/100
|switch|p2a: Iron Moth|Iron Moth|100/100
|-ability|p1a: Landorus|Intimidate|boost
|-unboost|p2a: Iron Moth|atk|1
|-enditem|p2a: Iron Moth|Booster Energy
|-activate|p2a: Iron Moth|ability: Quark Drive|[fromitem]
|-start|p2a: Iron Moth|quarkdrivespa
|turn|1
|
|t:|1769422178
|move|p2a: Iron Moth|Energy Ball|p1a: Landorus
|-damage|p1a: Landorus|50/100
|-unboost|p1a: Landorus|spd|1
|move|p1a: Landorus|Earthquake|p2a: Iron Moth
|-supereffective|p2a: Iron Moth
|-damage|p2a: Iron Moth|0 fnt
|faint|p2a: Iron Moth
|-end|p2a: Iron Moth|Quark Drive|[silent]
|
|upkeep
|
|t:|1769422188
|switch|p2a: Falinks|Falinks|100/100
|turn|2
|
|t:|1769422194
|move|p1a: Landorus|Taunt|p2a: Falinks
|-start|p2a: Falinks|move: Taunt
|cant|p2a: Falinks|move: Taunt|No Retreat
|
|upkeep
|turn|3
|
|t:|1769422203
|move|p1a: Landorus|Stealth Rock|p2a: Falinks
|-sidestart|p2: phoenix 148|move: Stealth Rock
|move|p2a: Falinks|Megahorn|p1a: Landorus
|-resisted|p1a: Landorus
|-damage|p1a: Landorus|27/100
|-damage|p2a: Falinks|84/100|[from] item: Rocky Helmet|[of] p1a: Landorus
|
|upkeep
|turn|4
|
|t:|1769422211
|move|p1a: Landorus|Earthquake|p2a: Falinks
|-damage|p2a: Falinks|27/100
|move|p2a: Falinks|Megahorn|p1a: Landorus
|-resisted|p1a: Landorus
|-damage|p1a: Landorus|4/100
|-damage|p2a: Falinks|11/100|[from] item: Rocky Helmet|[of] p1a: Landorus
|
|-end|p2a: Falinks|move: Taunt
|upkeep
|turn|5
|
|t:|1769422222
|move|p1a: Landorus|Earthquake|p2a: Falinks
|-damage|p2a: Falinks|0 fnt
|faint|p2a: Falinks
|
|upkeep
|
|t:|1769422228
|switch|p2a: Quaquaval|Quaquaval, M|100/100
|-damage|p2a: Quaquaval|94/100|[from] Stealth Rock
|turn|6
|
|t:|1769422237
|switch|p1a: Dragapult|Dragapult, F|100/100
|move|p2a: Quaquaval|Acrobatics|p1a: Dragapult
|-damage|p1a: Dragapult|74/100
|
|upkeep
|turn|7
|
|t:|1769422245
|move|p1a: Dragapult|Draco Meteor|p2a: Quaquaval
|-damage|p2a: Quaquaval|0 fnt
|-unboost|p1a: Dragapult|spa|2
|faint|p2a: Quaquaval
|
|upkeep
|
|t:|1769422251
|switch|p2a: Ceruledge|Ceruledge, F|100/100
|-damage|p2a: Ceruledge|76/100|[from] Stealth Rock
|turn|8
|
|t:|1769422259
|switch|p1a: Landorus|Landorus-Therian, M|4/100
|-ability|p1a: Landorus|Intimidate|boost
|-unboost|p2a: Ceruledge|atk|1
|move|p2a: Ceruledge|Flame Charge|p1a: Landorus
|-damage|p1a: Landorus|0 fnt
|-boost|p2a: Ceruledge|spe|1
|-damage|p2a: Ceruledge|59/100|[from] item: Rocky Helmet|[of] p1a: Landorus
|faint|p1a: Landorus
|
|upkeep
|
|t:|1769422280
|switch|p1a: Grimmsnarl|Grimmsnarl, M|100/100
|turn|9
|
|t:|1769422285
|move|p1a: Grimmsnarl|Reflect|p1a: Grimmsnarl
|-sidestart|p1: Breezy55|Reflect
|move|p2a: Ceruledge|Bitter Blade|p1a: Grimmsnarl
|-damage|p1a: Grimmsnarl|79/100
|-heal|p2a: Ceruledge|74/100|[from] drain|[of] p1a: Grimmsnarl
|
|upkeep
|turn|10
|
|t:|1769422293
|move|p1a: Grimmsnarl|Parting Shot|p2a: Ceruledge
|-unboost|p2a: Ceruledge|atk|1
|-unboost|p2a: Ceruledge|spa|1
|
|t:|1769422296
|switch|p1a: Dragapult|Dragapult, F|74/100|[from] Parting Shot
|move|p2a: Ceruledge|Brick Break|p1a: Dragapult
|-immune|p1a: Dragapult
|
|upkeep
|turn|11
|
|t:|1769422303
|move|p1a: Dragapult|Shadow Ball|p2a: Ceruledge
|-supereffective|p2a: Ceruledge
|-crit|p2a: Ceruledge
|-damage|p2a: Ceruledge|0 fnt
|faint|p2a: Ceruledge
|
|upkeep
|
|t:|1769422309
|switch|p2a: Kingambit|Kingambit, F|100/100
|-damage|p2a: Kingambit|94/100|[from] Stealth Rock
|-activate|p2a: Kingambit|ability: Supreme Overlord
|-start|p2a: Kingambit|fallen4|[silent]
|turn|12
|
|t:|1769422319
|switch|p1a: Hitmonchan|Hitmonchan, M|100/100
|move|p2a: Kingambit|Kowtow Cleave|p1a: Hitmonchan
|-resisted|p1a: Hitmonchan
|-damage|p1a: Hitmonchan|79/100
|-damage|p2a: Kingambit|78/100|[from] item: Rocky Helmet|[of] p1a: Hitmonchan
|
|upkeep
|turn|13
|
|t:|1769422328
|-terastallize|p2a: Kingambit|Flying
|move|p1a: Hitmonchan|Swords Dance|p1a: Hitmonchan
|-boost|p1a: Hitmonchan|atk|2
|move|p2a: Kingambit|Aerial Ace|p1a: Hitmonchan
|-supereffective|p1a: Hitmonchan
|-damage|p1a: Hitmonchan|31/100
|-damage|p2a: Kingambit|61/100|[from] item: Rocky Helmet|[of] p1a: Hitmonchan
|
|upkeep
|turn|14
|
|t:|1769422338
|-terastallize|p1a: Hitmonchan|Steel
|move|p1a: Hitmonchan|Ice Punch|p2a: Kingambit
|-supereffective|p2a: Kingambit
|-damage|p2a: Kingambit|0 fnt
|faint|p2a: Kingambit
|-end|p2a: Kingambit|fallen4|[silent]
|
|upkeep
|
|t:|1769422345
|switch|p2a: Gholdengo|Gholdengo|100/100
|-damage|p2a: Gholdengo|94/100|[from] Stealth Rock
|-item|p2a: Gholdengo|Air Balloon
|turn|15
|
|t:|1769422351
|move|p2a: Gholdengo|Thunderbolt|p1a: Hitmonchan
|-damage|p1a: Hitmonchan|2/100
|move|p1a: Hitmonchan|Ice Punch|p2a: Gholdengo
|-resisted|p2a: Gholdengo
|-damage|p2a: Gholdengo|76/100
|-enditem|p2a: Gholdengo|Air Balloon
|
|upkeep
|turn|16
|
|t:|1769422358
|move|p2a: Gholdengo|Thunderbolt|p1a: Hitmonchan
|-damage|p1a: Hitmonchan|0 fnt
|faint|p1a: Hitmonchan
|
|-sideend|p1: Breezy55|Reflect
|upkeep
|
|t:|1769422363
|switch|p1a: Grimmsnarl|Grimmsnarl, M|79/100
|turn|17
|
|t:|1769422375
|move|p1a: Grimmsnarl|Light Screen|p1a: Grimmsnarl
|-sidestart|p1: Breezy55|move: Light Screen
|move|p2a: Gholdengo|Flash Cannon|p1a: Grimmsnarl
|-supereffective|p1a: Grimmsnarl
|-damage|p1a: Grimmsnarl|50/100
|
|upkeep
|turn|18
|
|t:|1769422381
|switch|p1a: Gholdengo|Gholdengo|100/100
|-item|p1a: Gholdengo|Air Balloon
|move|p2a: Gholdengo|Flash Cannon|p1a: Gholdengo
|-resisted|p1a: Gholdengo
|-damage|p1a: Gholdengo|90/100
|-enditem|p1a: Gholdengo|Air Balloon
|
|upkeep
|turn|19
|
|t:|1769422390
|move|p1a: Gholdengo|Shadow Ball|p2a: Gholdengo
|-supereffective|p2a: Gholdengo
|-damage|p2a: Gholdengo|0 fnt
|faint|p2a: Gholdengo
|
|win|Breezy55
|raw|Breezy55's rating: 1122 &rarr; <strong>1145</strong><br />(+23 for winning)
|raw|phoenix 148's rating: 1092 &rarr; <strong>1070</strong><br />(-22 for losing)
|l|☆Breezy55
|player|p1|
|l|☆phoenix 148
|player|p2|
|j|☆phoenix 148
|player|p2|phoenix 148|steven|
|l|☆phoenix 148
|player|p2|
