|j|☆Splat!72
|j|☆toipers_1
|t:|1769367633
|gametype|singles
|player|p1|Splat!72|lusamine-nihilego|1167
|player|p2|toipers_1|steven|1117
|gen|9
|tier|[Gen 9] OU
|rated|
|rule|HP Percentage Mod: HP is shown in percentages
|rule|Endless Battle Clause: Forcing endless battles is banned
|rule|Species Clause: Limit one of each Pokémon
|rule|OHKO Clause: OHKO moves are banned
|rule|Evasion Items Clause: Evasion items are banned
|rule|Evasion Moves Clause: Evasion moves are banned
|rule|Evasion Abilities Clause: Evasion abilities are banned
|rule|Sleep Moves Clause: Sleep-inducing moves are banned
|clearpoke
|poke|p1|Glimmora, F|
|poke|p1|Landorus-Therian, M|
|poke|p1|Ceruledge, F|
|poke|p1|Ogerpon-Wellspring, F|
|poke|p1|Raging Bolt|
|poke|p1|Kingambit, M|
|poke|p2|Lycanroc-Dusk, M|
|poke|p2|Ceruledge, F|
|poke|p2|Kingambit, M|
|poke|p2|Toxtricity-Low-Key, F|
|poke|p2|Mudsdale, F|
|poke|p2|Clawitzer, M|
|teampreview
|
|t:|1769367637
|teamsize|p1|6
|teamsize|p2|6
|start
|switch|p1a: Glimmora|Glimmora, F|100/100
|switch|p2a: Lycanroc|Lycanroc-Dusk, M, shiny|100/100
|turn|1
|
|t:|1769367646
|move|p2a: Lycanroc|Close Combat|p1a: Glimmora
|-damage|p1a: Glimmora|49/100
|-unboost|p2a: Lycanroc|def|1
|-unboost|p2a: Lycanroc|spd|1
|-activate|p1a: Glimmora|ability: Toxic Debris
|-sidestart|p2: toipers_1|move: Toxic Spikes
|move|p1a: Glimmora|Stealth Rock|p2a: Lycanroc
|-sidestart|p2: toipers_1|move: Stealth Rock
|
|upkeep
|turn|2
|
|t:|1769367656
|-terastallize|p1a: Glimmora|Grass
|move|p2a: Lycanroc|Close Combat|p1a: Glimmora
|-damage|p1a: Glimmora|0 fnt
|-unboost|p2a: Lycanroc|def|1
|-unboost|p2a: Lycanroc|spd|1
|-activate|p1a: Glimmora|ability: Toxic Debris
|-sidestart|p2: toipers_1|move: Toxic Spikes
|faint|p1a: Glimmora
|
|upkeep
|
|t:|1769367666
|switch|p1a: Landorus|Landorus-Therian, M|100/100
|-ability|p1a: Landorus|Intimidate|boost
|-unboost|p2a: Lycanroc|atk|1
|turn|3
|
|t:|1769367673
|move|p2a: Lycanroc|Rock Tomb|p1a: Landorus
|-damage|p1a: Landorus|75/100
|-unboost|p1a: Landorus|spe|1
|move|p1a: Landorus|Earth Power|p2a: Lycanroc
|-supereffective|p2a: Lycanroc
|-enditem|p2a: Lycanroc|Focus Sash
|-damage|p2a: Lycanroc|1/100
|-unboost|p2a: Lycanroc|spd|1
|
|upkeep
|turn|4
|
|t:|1769367685
|move|p2a: Lycanroc|Rock Tomb|p1a: Landorus
|-damage|p1a: Landorus|49/100
|-unboost|p1a: Landorus|spe|1
|move|p1a: Landorus|Earth Power|p2a: Lycanroc
|-supereffective|p2a: Lycanroc
|-damage|p2a: Lycanroc|0 fnt
|faint|p2a: Lycanroc
|
|upkeep
|
|t:|1769367689
|switch|p2a: Clawitzer|Clawitzer, M|100/100
|-status|p2a: Clawitzer|tox
|-damage|p2a: Clawitzer|88/100 tox|[from] Stealth Rock
|turn|5
|
|t:|1769367699
|switch|p1a: Ogerpon|Ogerpon-Wellspring, F|100/100
|move|p2a: Clawitzer|Ice Beam|p1a: Ogerpon
|-damage|p1a: Ogerpon|64/100
|
|-heal|p2a: Clawitzer|94/100 tox|[from] item: Leftovers
|-damage|p2a: Clawitzer|88/100 tox|[from] psn
|upkeep
|turn|6
|
|t:|1769367707
|move|p1a: Ogerpon|Horn Leech|p2a: Clawitzer
|-supereffective|p2a: Clawitzer
|-damage|p2a: Clawitzer|0 fnt
|-heal|p1a: Ogerpon|100/100|[from] drain|[of] p2a: Clawitzer
|faint|p2a: Clawitzer
|
|upkeep
|
|t:|1769367711
|switch|p2a: Toxtricity|Toxtricity-Low-Key, F|100/100
|-damage|p2a: Toxtricity|88/100|[from] Stealth Rock
|-item|p2a: Toxtricity|Air Balloon
|turn|7
|
|t:|1769367718
|switch|p1a: Landorus|Landorus-Therian, M|49/100
|-ability|p1a: Landorus|Intimidate|boost
|-unboost|p2a: Toxtricity|atk|1
|move|p2a: Toxtricity|Trailblaze|p1a: Landorus
|-damage|p1a: Landorus|40/100
|-boost|p2a: Toxtricity|spe|1
|-damage|p2a: Toxtricity|72/100|[from] item: Rocky Helmet|[of] p1a: Landorus
|
|upkeep
|turn|8
|
|t:|1769367729
|move|p2a: Toxtricity|Boomburst|p1a: Landorus
|-crit|p1a: Landorus
|-damage|p1a: Landorus|0 fnt
|faint|p1a: Landorus
|
|upkeep
|
|t:|1769367736
|switch|p1a: Ceruledge|Ceruledge, F|100/100
|turn|9
|
|t:|1769367763
|move|p2a: Toxtricity|Sludge Wave|p1a: Ceruledge
|-resisted|p1a: Ceruledge
|-damage|p1a: Ceruledge|70/100
|move|p1a: Ceruledge|Bitter Blade|p2a: Toxtricity
|-damage|p2a: Toxtricity|0 fnt
|-heal|p1a: Ceruledge|100/100|[from] drain|[of] p2a: Toxtricity
|-enditem|p2a: Toxtricity|Air Balloon
|faint|p2a: Toxtricity
|
|upkeep
|inactive|Battle timer is ON: inactive players will automatically lose when time's up. (requested by Splat!72)
|
|t:|1769367769
|switch|p2a: Mudsdale|Mudsdale, F|100/100
|-status|p2a: Mudsdale|tox
|-damage|p2a: Mudsdale|94/100 tox|[from] Stealth Rock
|turn|10
|
|t:|1769367780
|move|p1a: Ceruledge|Bitter Blade|p2a: Mudsdale
|-damage|p2a: Mudsdale|50/100 tox
|-ability|p2a: Mudsdale|Stamina|boost
|-boost|p2a: Mudsdale|def|1
|move|p2a: Mudsdale|Curse|p2a: Mudsdale
|-unboost|p2a: Mudsdale|spe|1
|-boost|p2a: Mudsdale|atk|1
|-boost|p2a: Mudsdale|def|1
|
|-damage|p2a: Mudsdale|44/100 tox|[from] psn
|upkeep
|turn|11
|
|t:|1769367799
|-terastallize|p2a: Mudsdale|Ground
|move|p1a: Ceruledge|Bitter Blade|p2a: Mudsdale
|-damage|p2a: Mudsdale|23/100 tox
|-ability|p2a: Mudsdale|Stamina|boost
|-boost|p2a: Mudsdale|def|1
|-enditem|p2a: Mudsdale|Aguav Berry|[eat]
|-heal|p2a: Mudsdale|56/100 tox|[from] item: Aguav Berry
|move|p2a: Mudsdale|Earthquake|p1a: Ceruledge
|-supereffective|p1a: Ceruledge
|-damage|p1a: Ceruledge|0 fnt
|faint|p1a: Ceruledge
|
|-damage|p2a: Mudsdale|44/100 tox|[from] psn
|upkeep
|
|t:|1769367811
|switch|p1a: Ogerpon|Ogerpon-Wellspring, F|100/100
|turn|12
|
|t:|1769367815
|move|p1a: Ogerpon|Ivy Cudgel|p2a: Mudsdale|[anim] Ivy Cudgel Water
|-supereffective|p2a: Mudsdale
|-crit|p2a: Mudsdale
|-damage|p2a: Mudsdale|0 fnt
|faint|p2a: Mudsdale
|
|upkeep
|
|t:|1769367830
|switch|p2a: Kingambit|Kingambit, M|100/100
|-damage|p2a: Kingambit|94/100|[from] Stealth Rock
|-activate|p2a: Kingambit|ability: Supreme Overlord
|-start|p2a: Kingambit|fallen4|[silent]
|turn|13
|
|t:|1769367840
|move|p1a: Ogerpon|Leech Seed|p2a: Kingambit
|-start|p2a: Kingambit|move: Leech Seed
|move|p2a: Kingambit|Swords Dance|p2a: Kingambit
|-boost|p2a: Kingambit|atk|2
|
|-damage|p2a: Kingambit|82/100|[from] Leech Seed|[of] p1a: Ogerpon
|upkeep
|turn|14
|
|t:|1769367850
|move|p1a: Ogerpon|Ivy Cudgel|p2a: Kingambit|[anim] Ivy Cudgel Water
|-damage|p2a: Kingambit|40/100
|move|p2a: Kingambit|X-Scissor|p1a: Ogerpon
|-supereffective|p1a: Ogerpon
|-damage|p1a: Ogerpon|0 fnt
|faint|p1a: Ogerpon
|
|upkeep
|
|t:|1769367857
|switch|p1a: Raging Bolt|Raging Bolt|100/100
|-enditem|p1a: Raging Bolt|Booster Energy
|-activate|p1a: Raging Bolt|ability: Protosynthesis|[fromitem]
|-start|p1a: Raging Bolt|protosynthesisspa
|turn|15
|
|t:|1769367864
|move|p2a: Kingambit|Sucker Punch||[still]
|-fail|p2a: Kingambit
|move|p1a: Raging Bolt|Roar|p2a: Kingambit
|-end|p2a: Kingambit|fallen4|[silent]
|drag|p2a: Ceruledge|Ceruledge, F, shiny|100/100
|-status|p2a: Ceruledge|tox
|-damage|p2a: Ceruledge|76/100 tox|[from] Stealth Rock
|
|-damage|p2a: Ceruledge|70/100 tox|[from] psn
|upkeep
|turn|16
|
|t:|1769367873
|move|p2a: Ceruledge|Bitter Blade|p1a: Raging Bolt
|-resisted|p1a: Raging Bolt
|-damage|p1a: Raging Bolt|79/100
|-heal|p2a: Ceruledge|84/100 tox|[from] drain|[of] p1a: Raging Bolt
|move|p1a: Raging Bolt|Dragon Pulse|p2a: Ceruledge
|-damage|p2a: Ceruledge|2/100 tox
|
|-damage|p2a: Ceruledge|0 fnt|[from] psn
|faint|p2a: Ceruledge
|upkeep
|
|t:|1769367876
|switch|p2a: Kingambit|Kingambit, M|40/100
|-damage|p2a: Kingambit|34/100|[from] Stealth Rock
|-activate|p2a: Kingambit|ability: Supreme Overlord
|-start|p2a: Kingambit|fallen5|[silent]
|turn|17
|
|t:|1769367888
|move|p1a: Raging Bolt|Dragon Pulse|p2a: Kingambit
|-resisted|p2a: Kingambit
|-damage|p2a: Kingambit|2/100
|move|p2a: Kingambit|X-Scissor|p1a: Raging Bolt
|-damage|p1a: Raging Bolt|33/100
|
|upkeep
|turn|18
|
|t:|1769367901
|move|p2a: Kingambit|Sucker Punch|p1a: Raging Bolt
|-damage|p1a: Raging Bolt|0 fnt
|faint|p1a: Raging Bolt
|-end|p1a: Raging Bolt|Protosynthesis|[silent]
|
|upkeep
|
|t:|1769367906
|switch|p1a: Kingambit|Kingambit, M|100/100
|-activate|p1a: Kingambit|ability: Supreme Overlord
|-start|p1a: Kingambit|fallen5|[silent]
|turn|19
|
|t:|1769367913
|move|p2a: Kingambit|Sucker Punch|p1a: Kingambit
|-resisted|p1a: Kingambit
|-damage|p1a: Kingambit|78/100
|move|p1a: Kingambit|Iron Head|p2a: Kingambit
|-resisted|p2a: Kingambit
|-damage|p2a: Kingambit|0 fnt
|faint|p2a: Kingambit
|-end|p2a: Kingambit|fallen5|[silent]
|
|win|Splat!72
|raw|Splat!72's rating: 1167 &rarr; <strong>1188</strong><br />(+21 for winning)
|raw|toipers_1's rating: 1117 &rarr; <strong>1096</strong><br />(-21 for losing)
|c|☆toipers_1|gg
|c|☆Splat!72|g
|c|☆Splat!72|g
|l|☆toipers_1
|player|p2|
|l|☆Splat!72
|player|p1|
