|j|☆Egederboss
|j|☆Dedebaboo
|t:|1769418554
|gametype|singles
|player|p1|Egederboss|170|1232
|player|p2|Dedebaboo|169|1230
|gen|9
|tier|[Gen 9] OU
|rated|
|rule|HP Percentage Mod: HP is shown in percentages
|rule|Endless Battle Clause: Forcing endless battles is banned
|rule|Species Clause: Limit one of each Pokémon
|rule|OHKO Clause: OHKO moves are banned
|rule|Evasion Items Clause: Evasion items are banned
|rule|Evasion Moves Clause: Evasion moves are banned
|rule|Evasion Abilities Clause: Evasion abilities are banned
|rule|Sleep Moves Clause: Sleep-inducing moves are banned
|clearpoke
|poke|p1|Pelipper, F|
|poke|p1|Ludicolo, M|
|poke|p1|Zapdos|
|poke|p1|Kingambit, F|
|poke|p1|Beartic, F|
|poke|p1|Glimmora, M|
|poke|p2|Dragonite, M|
|poke|p2|Gholdengo|
|poke|p2|Primarina, F|
|poke|p2|Deoxys-Speed|
|poke|p2|Great Tusk|
|poke|p2|Zapdos|
|teampreview
|
|t:|1769418561
|teamsize|p1|6
|teamsize|p2|6
|start
|switch|p1a: Pelipper|Pelipper, F|100/100
|switch|p2a: Deoxys|Deoxys-Speed|100/100
|-ability|p2a: Deoxys|Pressure
|-weather|RainDance|[from] ability: Drizzle|[of] p1a: Pelipper
|turn|1
|
|t:|1769418571
|move|p2a: Deoxys|Psycho Boost|p1a: Pelipper
|-crit|p1a: Pelipper
|-damage|p1a: Pelipper|0 fnt
|-unboost|p2a: Deoxys|spa|2
|faint|p1a: Pelipper
|-enditem|p2a: Deoxys|Eject Pack
|
|t:|1769418577
|switch|p2a: Zapdos|Zapdos|100/100
|
|-weather|RainDance|[upkeep]
|upkeep
|
|t:|1769418583
|switch|p1a: Beartic|Beartic, F|100/100
|turn|2
|
|t:|1769418591
|move|p1a: Beartic|Icicle Spear|p2a: Zapdos
|-supereffective|p2a: Zapdos
|-damage|p2a: Zapdos|80/100
|-supereffective|p2a: Zapdos
|-damage|p2a: Zapdos|60/100
|-supereffective|p2a: Zapdos
|-damage|p2a: Zapdos|37/100
|-supereffective|p2a: Zapdos
|-damage|p2a: Zapdos|15/100
|-supereffective|p2a: Zapdos
|-damage|p2a: Zapdos|0 fnt
|faint|p2a: Zapdos
|-hitcount|p2: Zapdos|5
|
|-weather|RainDance|[upkeep]
|upkeep
|
|t:|1769418615
|switch|p2a: Gholdengo|Gholdengo|100/100
|-item|p2a: Gholdengo|Air Balloon
|turn|3
|
|t:|1769418620
|-terastallize|p1a: Beartic|Water
|move|p1a: Beartic|Liquidation|p2a: Gholdengo
|-damage|p2a: Gholdengo|49/100
|-enditem|p2a: Gholdengo|Air Balloon
|move|p2a: Gholdengo|Make It Rain|p1a: Beartic
|-resisted|p1a: Beartic
|-damage|p1a: Beartic|68/100
|-unboost|p2a: Gholdengo|spa|1
|
|-weather|RainDance|[upkeep]
|upkeep
|turn|4
|
|t:|1769418634
|-terastallize|p2a: Gholdengo|Water
|move|p1a: Beartic|Icicle Spear|p2a: Gholdengo
|-resisted|p2a: Gholdengo
|-damage|p2a: Gholdengo|44/100
|-resisted|p2a: Gholdengo
|-damage|p2a: Gholdengo|39/100
|-resisted|p2a: Gholdengo
|-damage|p2a: Gholdengo|34/100
|-resisted|p2a: Gholdengo
|-damage|p2a: Gholdengo|28/100
|-hitcount|p2a: Gholdengo|4
|move|p2a: Gholdengo|Thunder Wave|p1a: Beartic
|-status|p1a: Beartic|par
|
|-weather|RainDance|[upkeep]
|upkeep
|turn|5
|
|t:|1769418647
|move|p2a: Gholdengo|Recover|p2a: Gholdengo
|-heal|p2a: Gholdengo|78/100
|cant|p1a: Beartic|par
|
|-weather|RainDance|[upkeep]
|upkeep
|turn|6
|
|t:|1769418653
|move|p2a: Gholdengo|Hex|p1a: Beartic
|-damage|p1a: Beartic|22/100 par
|move|p1a: Beartic|Close Combat|p2a: Gholdengo
|-damage|p2a: Gholdengo|43/100
|-unboost|p1a: Beartic|def|1
|-unboost|p1a: Beartic|spd|1
|
|-weather|RainDance|[upkeep]
|upkeep
|turn|7
|
|t:|1769418662
|move|p2a: Gholdengo|Recover|p2a: Gholdengo
|-heal|p2a: Gholdengo|93/100
|move|p1a: Beartic|Icicle Spear|p2a: Gholdengo
|-resisted|p2a: Gholdengo
|-damage|p2a: Gholdengo|88/100
|-resisted|p2a: Gholdengo
|-damage|p2a: Gholdengo|84/100
|-resisted|p2a: Gholdengo
|-damage|p2a: Gholdengo|79/100
|-resisted|p2a: Gholdengo
|-damage|p2a: Gholdengo|74/100
|-hitcount|p2a: Gholdengo|4
|
|-weather|RainDance|[upkeep]
|upkeep
|turn|8
|
|t:|1769418672
|move|p2a: Gholdengo|Hex|p1a: Beartic
|-crit|p1a: Beartic
|-damage|p1a: Beartic|0 fnt
|faint|p1a: Beartic
|
|-weather|none
|upkeep
|
|t:|1769418677
|switch|p1a: Ludicolo|Ludicolo, M|100/100
|turn|9
|
|t:|1769418683
|move|p1a: Ludicolo|Ice Beam|p2a: Gholdengo
|-resisted|p2a: Gholdengo
|-damage|p2a: Gholdengo|57/100
|-damage|p1a: Ludicolo|91/100|[from] item: Life Orb
|move|p2a: Gholdengo|Thunder Wave|p1a: Ludicolo
|-status|p1a: Ludicolo|par
|
|upkeep
|turn|10
|
|t:|1769418690
|move|p2a: Gholdengo|Recover|p2a: Gholdengo
|-heal|p2a: Gholdengo|100/100
|move|p1a: Ludicolo|Giga Drain|p2a: Gholdengo
|-supereffective|p2a: Gholdengo
|-damage|p2a: Gholdengo|21/100
|-heal|p1a: Ludicolo|100/100 par|[from] drain|[of] p2a: Gholdengo
|-damage|p1a: Ludicolo|91/100 par|[from] item: Life Orb
|
|upkeep
|turn|11
|
|t:|1769418702
|switch|p2a: Dragonite|Dragonite, M|100/100
|move|p1a: Ludicolo|Giga Drain|p2a: Dragonite
|-resisted|p2a: Dragonite
|-damage|p2a: Dragonite|95/100
|-heal|p1a: Ludicolo|93/100 par|[from] drain|[of] p2a: Dragonite
|-damage|p1a: Ludicolo|83/100 par|[from] item: Life Orb
|
|upkeep
|turn|12
|
|t:|1769418710
|move|p2a: Dragonite|Dragon Dance|p2a: Dragonite
|-boost|p2a: Dragonite|atk|1
|-boost|p2a: Dragonite|spe|1
|move|p1a: Ludicolo|Ice Beam|p2a: Dragonite
|-supereffective|p2a: Dragonite
|-damage|p2a: Dragonite|0 fnt
|faint|p2a: Dragonite
|-damage|p1a: Ludicolo|73/100 par|[from] item: Life Orb
|
|upkeep
|
|t:|1769418719
|switch|p2a: Primarina|Primarina, F|100/100
|turn|13
|
|t:|1769418722
|move|p2a: Primarina|Moonblast|p1a: Ludicolo
|-damage|p1a: Ludicolo|13/100 par
|cant|p1a: Ludicolo|par
|
|upkeep
|turn|14
|
|t:|1769418726
|move|p2a: Primarina|Moonblast|p1a: Ludicolo
|-damage|p1a: Ludicolo|0 fnt
|faint|p1a: Ludicolo
|
|upkeep
|
|t:|1769418729
|switch|p1a: Glimmora|Glimmora, M|100/100
|turn|15
|
|t:|1769418732
|move|p1a: Glimmora|Earth Power|p2a: Primarina
|-damage|p2a: Primarina|79/100
|move|p2a: Primarina|Surf|p1a: Glimmora
|-supereffective|p1a: Glimmora
|-enditem|p1a: Glimmora|Focus Sash
|-damage|p1a: Glimmora|1/100
|
|upkeep
|turn|16
|
|t:|1769418738
|move|p1a: Glimmora|Sludge Bomb|p2a: Primarina
|-supereffective|p2a: Primarina
|-damage|p2a: Primarina|19/100
|move|p2a: Primarina|Surf|p1a: Glimmora
|-supereffective|p1a: Glimmora
|-damage|p1a: Glimmora|0 fnt
|faint|p1a: Glimmora
|
|upkeep
|
|t:|1769418744
|switch|p1a: Zapdos|Zapdos|100/100
|turn|17
|
|t:|1769418748
|move|p1a: Zapdos|Hurricane|p2a: Primarina|[miss]
|-miss|p1a: Zapdos|p2a: Primarina
|move|p2a: Primarina|Moonblast|p1a: Zapdos
|-damage|p1a: Zapdos|42/100
|-unboost|p1a: Zapdos|spa|1
|
|upkeep
|turn|18
|
|t:|1769418755
|move|p1a: Zapdos|Hurricane|p2a: Primarina
|-damage|p2a: Primarina|0 fnt
|faint|p2a: Primarina
|-damage|p1a: Zapdos|32/100|[from] item: Life Orb
|
|upkeep
|
|t:|1769418760
|switch|p2a: Deoxys|Deoxys-Speed|100/100
|-ability|p2a: Deoxys|Pressure
|turn|19
|
|t:|1769418765
|switch|p1a: Kingambit|Kingambit, F|100/100
|-activate|p1a: Kingambit|ability: Supreme Overlord
|-start|p1a: Kingambit|fallen4|[silent]
|move|p2a: Deoxys|Ice Beam|p1a: Kingambit
|-resisted|p1a: Kingambit
|-damage|p1a: Kingambit|90/100
|-status|p1a: Kingambit|frz
|
|-heal|p1a: Kingambit|96/100 frz|[from] item: Leftovers
|upkeep
|turn|20
|
|t:|1769418775
|move|p2a: Deoxys|Superpower|p1a: Kingambit
|-supereffective|p1a: Kingambit
|-damage|p1a: Kingambit|0 fnt
|-unboost|p2a: Deoxys|atk|1
|-unboost|p2a: Deoxys|def|1
|faint|p1a: Kingambit
|-end|p1a: Kingambit|fallen4|[silent]
|
|upkeep
|-message|Egederboss forfeited.
|
|win|Dedebaboo
|raw|Egederboss's rating: 1232 &rarr; <strong>1207</strong><br />(-25 for losing)
|raw|Dedebaboo's rating: 1230 &rarr; <strong>1255</strong><br />(+25 for winning)
|l|☆Egederboss
|player|p1|
|l|☆Dedebaboo
|player|p2|
