|j|☆poloniumew
|j|☆Qazxcdewsf
|t:|1769324252
|gametype|singles
|player|p1|poloniumew|serena-masters3|1618
|player|p2|Qazxcdewsf|1|1657
|gen|9
|tier|[Gen 9] OU
|rated|
|rule|HP Percentage Mod: HP is shown in percentages
|rule|Endless Battle Clause: Forcing endless battles is banned
|rule|Species Clause: Limit one of each Pokémon
|rule|OHKO Clause: OHKO moves are banned
|rule|Evasion Items Clause: Evasion items are banned
|rule|Evasion Moves Clause: Evasion moves are banned
|rule|Evasion Abilities Clause: Evasion abilities are banned
|rule|Sleep Moves Clause: Sleep-inducing moves are banned
|clearpoke
|poke|p1|Kyurem|
|poke|p1|Corviknight, M|
|poke|p1|Alomomola, F|
|poke|p1|Slowking-Galar, F|
|poke|p1|Samurott-Hisui, M|
|poke|p1|Great Tusk|
|poke|p2|Great Tusk|
|poke|p2|Excadrill, M|
|poke|p2|Tyranitar, F|
|poke|p2|Samurott-Hisui, M|
|poke|p2|Rillaboom, F|
|poke|p2|Slowking-Galar, M|
|teampreview
|inactive|Battle timer is ON: inactive players will automatically lose when time's up. (requested by poloniumew)
|
|t:|1769324265
|teamsize|p1|6
|teamsize|p2|6
|start
|switch|p1a: Kyurem|Kyurem|100/100
|switch|p2a: Rillaboom|Rillaboom, F|100/100
|-ability|p1a: Kyurem|Pressure
|-fieldstart|move: Grassy Terrain|[from] ability: Grassy Surge|[of] p2a: Rillaboom
|turn|1
|
|t:|1769324277
|switch|p2a: Slowking|Slowking-Galar, M|100/100
|move|p1a: Kyurem|Substitute|p1a: Kyurem
|-start|p1a: Kyurem|Substitute
|-damage|p1a: Kyurem|75/100
|
|-heal|p1a: Kyurem|82/100|[from] Grassy Terrain
|-heal|p1a: Kyurem|88/100|[from] item: Leftovers
|upkeep
|turn|2
|
|t:|1769324285
|move|p1a: Kyurem|Earth Power|p2a: Slowking
|-supereffective|p2a: Slowking
|-damage|p2a: Slowking|54/100
|-unboost|p2a: Slowking|spd|1
|move|p2a: Slowking|Psychic Noise|p1a: Kyurem
|-damage|p1a: Kyurem|60/100
|-start|p1a: Kyurem|move: Heal Block
|
|-heal|p2a: Slowking|60/100|[from] Grassy Terrain
|upkeep
|turn|3
|
|t:|1769324299
|switch|p2a: Tyranitar|Tyranitar, F|100/100
|-weather|Sandstorm|[from] ability: Sand Stream|[of] p2a: Tyranitar
|move|p1a: Kyurem|Earth Power|p2a: Tyranitar
|-supereffective|p2a: Tyranitar
|-damage|p2a: Tyranitar|77/100
|
|-weather|Sandstorm|[upkeep]
|-damage|p1a: Kyurem|54/100|[from] Sandstorm
|-heal|p2a: Tyranitar|83/100|[from] Grassy Terrain
|-end|p1a: Kyurem|move: Heal Block
|upkeep
|turn|4
|
|t:|1769324312
|move|p1a: Kyurem|Earth Power|p2a: Tyranitar
|-supereffective|p2a: Tyranitar
|-damage|p2a: Tyranitar|57/100
|move|p2a: Tyranitar|Power Gem|p1a: Kyurem
|-supereffective|p1a: Kyurem
|-end|p1a: Kyurem|Substitute
|
|-weather|Sandstorm|[upkeep]
|-damage|p1a: Kyurem|48/100|[from] Sandstorm
|-heal|p1a: Kyurem|54/100|[from] Grassy Terrain
|-heal|p1a: Kyurem|60/100|[from] item: Leftovers
|-heal|p2a: Tyranitar|63/100|[from] Grassy Terrain
|upkeep
|turn|5
|
|t:|1769324331
|move|p1a: Kyurem|Protect|p1a: Kyurem
|-singleturn|p1a: Kyurem|Protect
|move|p2a: Tyranitar|Fire Blast|p1a: Kyurem
|-activate|p1a: Kyurem|move: Protect
|
|-weather|Sandstorm|[upkeep]
|-damage|p1a: Kyurem|54/100|[from] Sandstorm
|-heal|p1a: Kyurem|60/100|[from] Grassy Terrain
|-heal|p1a: Kyurem|66/100|[from] item: Leftovers
|-heal|p2a: Tyranitar|69/100|[from] Grassy Terrain
|-fieldend|move: Grassy Terrain
|upkeep
|turn|6
|
|t:|1769324343
|switch|p1a: Slowking|Slowking-Galar, F|100/100
|move|p2a: Tyranitar|Ice Beam|p1a: Slowking
|-damage|p1a: Slowking|83/100
|
|-weather|Sandstorm|[upkeep]
|-damage|p1a: Slowking|77/100|[from] Sandstorm
|upkeep
|turn|7
|
|t:|1769324350
|switch|p1a: Corviknight|Corviknight, M|100/100
|-ability|p1a: Corviknight|Pressure
|move|p2a: Tyranitar|Knock Off|p1a: Corviknight
|-crit|p1a: Corviknight
|-damage|p1a: Corviknight|65/100
|-damage|p2a: Tyranitar|53/100|[from] item: Rocky Helmet|[of] p1a: Corviknight
|-enditem|p1a: Corviknight|Rocky Helmet|[from] move: Knock Off|[of] p2a: Tyranitar
|
|-weather|none
|upkeep
|turn|8
|
|t:|1769324364
|switch|p2a: Slowking|Slowking-Galar, M|93/100
|move|p1a: Corviknight|U-turn|p2a: Slowking
|-damage|p2a: Slowking|82/100
|
|t:|1769324371
|switch|p1a: Samurott|Samurott-Hisui, M|100/100|[from] U-turn
|
|upkeep
|turn|9
|
|t:|1769324377
|move|p1a: Samurott|Ceaseless Edge|p2a: Slowking
|-supereffective|p2a: Slowking
|-enditem|p2a: Slowking|Colbur Berry|[eat]
|-enditem|p2a: Slowking|Colbur Berry|[weaken]
|-damage|p2a: Slowking|53/100
|-sidestart|p2: Qazxcdewsf|Spikes
|move|p2a: Slowking|Sludge Bomb|p1a: Samurott
|-damage|p1a: Samurott|78/100
|
|upkeep
|turn|10
|j| Ctannn
|
|t:|1769324399
|move|p1a: Samurott|Ceaseless Edge|p2a: Slowking|[miss]
|-miss|p1a: Samurott|p2a: Slowking
|move|p2a: Slowking|Sludge Bomb|p1a: Samurott
|-damage|p1a: Samurott|54/100
|
|upkeep
|turn|11
|
|t:|1769324413
|move|p1a: Samurott|Ceaseless Edge|p2a: Slowking|[miss]
|-miss|p1a: Samurott|p2a: Slowking
|move|p2a: Slowking|Sludge Bomb|p1a: Samurott
|-damage|p1a: Samurott|29/100
|-status|p1a: Samurott|psn
|
|-damage|p1a: Samurott|17/100 psn|[from] psn
|upkeep
|turn|12
|
|t:|1769324424
|move|p1a: Samurott|Ceaseless Edge|p2a: Slowking
|-supereffective|p2a: Slowking
|-damage|p2a: Slowking|0 fnt
|-sidestart|p2: Qazxcdewsf|Spikes
|faint|p2a: Slowking
|
|-damage|p1a: Samurott|5/100 psn|[from] psn
|upkeep
|c|☆poloniumew|...
|inactive|Qazxcdewsf has 120 seconds left.
|
|t:|1769324446
|switch|p2a: Excadrill|Excadrill, M|100/100
|-damage|p2a: Excadrill|84/100|[from] Spikes
|turn|13
|
|t:|1769324451
|switch|p1a: Corviknight|Corviknight, M|65/100
|-ability|p1a: Corviknight|Pressure
|move|p2a: Excadrill|Rapid Spin|p1a: Corviknight
|-resisted|p1a: Corviknight
|-damage|p1a: Corviknight|59/100
|-boost|p2a: Excadrill|spe|1
|-sideend|p2: Qazxcdewsf|Spikes|[from] move: Rapid Spin|[of] p2a: Excadrill
|
|-heal|p2a: Excadrill|90/100|[from] item: Leftovers
|upkeep
|turn|14
|
|t:|1769324458
|move|p2a: Excadrill|Stealth Rock|p1a: Corviknight
|-sidestart|p1: poloniumew|move: Stealth Rock
|move|p1a: Corviknight|Roost|p1a: Corviknight
|-heal|p1a: Corviknight|100/100
|-singleturn|p1a: Corviknight|move: Roost
|
|-heal|p2a: Excadrill|96/100|[from] item: Leftovers
|upkeep
|turn|15
|inactive|Qazxcdewsf has 120 seconds left.
|
|t:|1769324486
|switch|p2a: Great Tusk|Great Tusk|100/100
|-enditem|p2a: Great Tusk|Booster Energy
|-activate|p2a: Great Tusk|ability: Protosynthesis|[fromitem]
|-start|p2a: Great Tusk|protosynthesisatk
|move|p1a: Corviknight|Iron Defense|p1a: Corviknight
|-boost|p1a: Corviknight|def|2
|
|upkeep
|turn|16
|inactive|Qazxcdewsf has 120 seconds left.
|
|t:|1769324503
|-end|p2a: Great Tusk|Protosynthesis|[silent]
|switch|p2a: Tyranitar|Tyranitar, F|53/100
|-weather|Sandstorm|[from] ability: Sand Stream|[of] p2a: Tyranitar
|move|p1a: Corviknight|Iron Defense|p1a: Corviknight
|-boost|p1a: Corviknight|def|2
|
|-weather|Sandstorm|[upkeep]
|upkeep
|turn|17
|
|t:|1769324514
|-terastallize|p2a: Tyranitar|Flying
|move|p1a: Corviknight|Body Press|p2a: Tyranitar
|-resisted|p2a: Tyranitar
|-damage|p2a: Tyranitar|20/100
|move|p2a: Tyranitar|Fire Blast|p1a: Corviknight|[miss]
|-miss|p2a: Tyranitar|p1a: Corviknight
|
|-weather|Sandstorm|[upkeep]
|-damage|p2a: Tyranitar|14/100|[from] Sandstorm
|upkeep
|turn|18
|-message|Qazxcdewsf forfeited.
|
|win|poloniumew
|raw|poloniumew's rating: 1618 &rarr; <strong>1640</strong><br />(+22 for winning)
|raw|Qazxcdewsf's rating: 1657 &rarr; <strong>1635</strong><br />(-22 for losing)
|l|☆Qazxcdewsf
|player|p2|
|l|☆poloniumew
|player|p1|
