|j|☆faiyex-san
|j|☆Test218
|t:|1769339944
|gametype|singles
|player|p1|faiyex-san|erika|1710
|player|p2|Test218|riley|1694
|gen|9
|tier|[Gen 9] OU
|rated|
|rule|HP Percentage Mod: HP is shown in percentages
|rule|Endless Battle Clause: Forcing endless battles is banned
|rule|Species Clause: Limit one of each Pokémon
|rule|OHKO Clause: OHKO moves are banned
|rule|Evasion Items Clause: Evasion items are banned
|rule|Evasion Moves Clause: Evasion moves are banned
|rule|Evasion Abilities Clause: Evasion abilities are banned
|rule|Sleep Moves Clause: Sleep-inducing moves are banned
|clearpoke
|poke|p1|Thundurus-Therian, M|
|poke|p1|Slowking-Galar, F|
|poke|p1|Samurott-Hisui, F|
|poke|p1|Dragapult, M|
|poke|p1|Great Tusk|
|poke|p1|Scizor, M|
|poke|p2|Iron Treads|
|poke|p2|Weavile, F|
|poke|p2|Polteageist-Antique|
|poke|p2|Iron Moth|
|poke|p2|Azumarill, F|
|poke|p2|Serperior, M|
|teampreview
|inactive|Battle timer is ON: inactive players will automatically lose when time's up. (requested by Test218)
|
|t:|1769339970
|teamsize|p1|6
|teamsize|p2|6
|start
|switch|p1a: Thundurus|Thundurus-Therian, M|100/100
|switch|p2a: Serperior|Serperior, M|100/100
|turn|1
|j| Specnier
|
|t:|1769339983
|move|p2a: Serperior|Leaf Storm|p1a: Thundurus
|-resisted|p1a: Thundurus
|-damage|p1a: Thundurus|66/100
|-boost|p2a: Serperior|spa|2
|move|p1a: Thundurus|Volt Switch|p2a: Serperior
|-resisted|p2a: Serperior
|-damage|p2a: Serperior|62/100
|
|t:|1769339992
|switch|p1a: Scizor|Scizor, M|100/100|[from] Volt Switch
|
|-heal|p2a: Serperior|69/100|[from] item: Leftovers
|upkeep
|turn|2
|
|t:|1769339996
|move|p2a: Serperior|Glare|p1a: Scizor
|-status|p1a: Scizor|par
|move|p1a: Scizor|U-turn|p2a: Serperior
|-supereffective|p2a: Serperior
|-damage|p2a: Serperior|0 fnt
|faint|p2a: Serperior
|
|t:|1769340003
|switch|p1a: Dragapult|Dragapult, M|100/100|[from] U-turn
|
|upkeep
|
|t:|1769340008
|switch|p2a: Iron Treads|Iron Treads|100/100
|-enditem|p2a: Iron Treads|Booster Energy
|-activate|p2a: Iron Treads|ability: Quark Drive|[fromitem]
|-start|p2a: Iron Treads|quarkdrivespe
|turn|3
|
|t:|1769340011
|move|p2a: Iron Treads|Stealth Rock|p1a: Dragapult
|-sidestart|p1: faiyex-san|move: Stealth Rock
|move|p1a: Dragapult|Will-O-Wisp|p2a: Iron Treads
|-status|p2a: Iron Treads|brn
|
|-damage|p2a: Iron Treads|94/100 brn|[from] brn
|upkeep
|turn|4
|
|t:|1769340019
|switch|p1a: Great Tusk|Great Tusk|100/100
|move|p2a: Iron Treads|Steel Beam|p1a: Great Tusk
|-damage|p1a: Great Tusk|22/100
|-damage|p2a: Iron Treads|44/100 brn|[from] steelbeam
|
|-damage|p2a: Iron Treads|38/100 brn|[from] brn
|upkeep
|turn|5
|
|t:|1769340024
|-end|p1a: Great Tusk|Protosynthesis|[silent]
|switch|p1a: Slowking|Slowking-Galar, F|100/100
|move|p2a: Iron Treads|Steel Beam|p1a: Slowking
|-damage|p1a: Slowking|69/100
|-damage|p2a: Iron Treads|0 fnt|[from] steelbeam
|faint|p2a: Iron Treads
|-end|p2a: Iron Treads|Quark Drive|[silent]
|
|upkeep
|
|t:|1769340031
|switch|p2a: Weavile|Weavile, F, shiny|100/100
|turn|6
|
|t:|1769340034
|switch|p1a: Samurott|Samurott-Hisui, F|100/100
|move|p2a: Weavile|Knock Off|p1a: Samurott
|-resisted|p1a: Samurott
|-damage|p1a: Samurott|64/100
|-enditem|p1a: Samurott|Heavy-Duty Boots|[from] move: Knock Off|[of] p2a: Weavile
|-damage|p2a: Weavile|91/100|[from] item: Life Orb
|
|upkeep
|turn|7
|
|t:|1769340038
|switch|p1a: Scizor|Scizor, M|100/100 par
|-damage|p1a: Scizor|88/100 par|[from] Stealth Rock
|move|p2a: Weavile|Low Kick|p1a: Scizor
|-crit|p1a: Scizor
|-damage|p1a: Scizor|16/100 par
|-damage|p2a: Weavile|81/100|[from] item: Life Orb
|
|upkeep
|turn|8
|
|t:|1769340045
|switch|p2a: Iron Moth|Iron Moth|100/100
|-enditem|p2a: Iron Moth|Booster Energy
|-activate|p2a: Iron Moth|ability: Quark Drive|[fromitem]
|-start|p2a: Iron Moth|quarkdrivespa
|move|p1a: Scizor|Bullet Punch|p2a: Iron Moth
|-resisted|p2a: Iron Moth
|-damage|p2a: Iron Moth|56/100
|
|upkeep
|turn|9
|
|t:|1769340052
|move|p1a: Scizor|Bullet Punch|p2a: Iron Moth
|-resisted|p2a: Iron Moth
|-damage|p2a: Iron Moth|11/100
|move|p2a: Iron Moth|Fiery Dance|p1a: Scizor
|-supereffective|p1a: Scizor
|-damage|p1a: Scizor|0 fnt
|faint|p1a: Scizor
|
|upkeep
|
|t:|1769340059
|switch|p1a: Dragapult|Dragapult, M|100/100
|turn|10
|
|t:|1769340061
|move|p1a: Dragapult|Hex|p2a: Iron Moth
|-damage|p2a: Iron Moth|0 fnt
|faint|p2a: Iron Moth
|-end|p2a: Iron Moth|Quark Drive|[silent]
|
|upkeep
|
|t:|1769340072
|switch|p2a: Polteageist|Polteageist-Antique, shiny|100/100
|turn|11
|
|t:|1769340078
|move|p1a: Dragapult|Dragon Darts|p2a: Polteageist
|-damage|p2a: Polteageist|61/100
|-ability|p2a: Polteageist|Weak Armor|boost
|-unboost|p2a: Polteageist|def|1
|-boost|p2a: Polteageist|spe|2
|-anim|p1a: Dragapult|Dragon Darts|p2a: Polteageist
|-damage|p2a: Polteageist|0 fnt
|faint|p2a: Polteageist
|
|upkeep
|j| dseokp
|
|t:|1769340081
|switch|p2a: Weavile|Weavile, F, shiny|81/100
|turn|12
|
|t:|1769340088
|-terastallize|p1a: Dragapult|Fairy
|move|p1a: Dragapult|Will-O-Wisp|p2a: Weavile
|-status|p2a: Weavile|brn
|move|p2a: Weavile|Knock Off|p1a: Dragapult
|-resisted|p1a: Dragapult
|-damage|p1a: Dragapult|78/100
|-enditem|p1a: Dragapult|Heavy-Duty Boots|[from] move: Knock Off|[of] p2a: Weavile
|-damage|p2a: Weavile|71/100 brn|[from] item: Life Orb
|
|-damage|p2a: Weavile|65/100 brn|[from] brn
|upkeep
|turn|13
|
|t:|1769340095
|move|p1a: Dragapult|U-turn|p2a: Weavile
|-supereffective|p2a: Weavile
|-damage|p2a: Weavile|0 fnt
|faint|p2a: Weavile
|
|t:|1769340098
|switch|p1a: Thundurus|Thundurus-Therian, M|66/100|[from] U-turn
|-damage|p1a: Thundurus|42/100|[from] Stealth Rock
|
|upkeep
|
|t:|1769340100
|switch|p2a: Azumarill|Azumarill, F, shiny|100/100
|turn|14
|
|t:|1769340124
|-terastallize|p2a: Azumarill|Water
|move|p2a: Azumarill|Aqua Jet|p1a: Thundurus
|-damage|p1a: Thundurus|0 fnt
|faint|p1a: Thundurus
|
|upkeep
|
|t:|1769340132
|switch|p1a: Dragapult|Dragapult, M, tera:Fairy|78/100
|-damage|p1a: Dragapult|66/100|[from] Stealth Rock
|turn|15
|
|t:|1769340136
|move|p1a: Dragapult|Will-O-Wisp|p2a: Azumarill
|-status|p2a: Azumarill|brn
|move|p2a: Azumarill|Belly Drum|p2a: Azumarill
|-damage|p2a: Azumarill|50/100 brn
|-setboost|p2a: Azumarill|atk|6|[from] move: Belly Drum
|-enditem|p2a: Azumarill|Sitrus Berry|[eat]
|-heal|p2a: Azumarill|75/100 brn|[from] item: Sitrus Berry
|
|-damage|p2a: Azumarill|69/100 brn|[from] brn
|upkeep
|turn|16
|
|t:|1769340143
|move|p2a: Azumarill|Aqua Jet|p1a: Dragapult
|-damage|p1a: Dragapult|0 fnt
|faint|p1a: Dragapult
|
|-damage|p2a: Azumarill|63/100 brn|[from] brn
|upkeep
|
|t:|1769340152
|switch|p1a: Slowking|Slowking-Galar, F|100/100
|turn|17
|
|t:|1769340155
|switch|p1a: Samurott|Samurott-Hisui, F|64/100
|-damage|p1a: Samurott|52/100|[from] Stealth Rock
|move|p2a: Azumarill|Knock Off|p1a: Samurott
|-resisted|p1a: Samurott
|-damage|p1a: Samurott|14/100
|
|-damage|p2a: Azumarill|57/100 brn|[from] brn
|upkeep
|turn|18
|
|t:|1769340173
|move|p2a: Azumarill|Aqua Jet|p1a: Samurott
|-resisted|p1a: Samurott
|-damage|p1a: Samurott|0 fnt
|faint|p1a: Samurott
|
|-damage|p2a: Azumarill|51/100 brn|[from] brn
|upkeep
|
|t:|1769340180
|switch|p1a: Slowking|Slowking-Galar, F|100/100
|turn|19
|
|t:|1769340181
|switch|p1a: Great Tusk|Great Tusk|22/100
|move|p2a: Azumarill|Knock Off|p1a: Great Tusk
|-resisted|p1a: Great Tusk
|-damage|p1a: Great Tusk|0 fnt
|-enditem|p1a: Great Tusk|Heavy-Duty Boots|[from] move: Knock Off|[of] p2a: Azumarill
|faint|p1a: Great Tusk
|-end|p1a: Great Tusk|Protosynthesis|[silent]
|
|-damage|p2a: Azumarill|45/100 brn|[from] brn
|upkeep
|
|t:|1769340183
|switch|p1a: Slowking|Slowking-Galar, F|100/100
|turn|20
|
|t:|1769340185
|move|p2a: Azumarill|Knock Off|p1a: Slowking
|-supereffective|p1a: Slowking
|-damage|p1a: Slowking|0 fnt
|-enditem|p1a: Slowking|Heavy-Duty Boots|[from] move: Knock Off|[of] p2a: Azumarill
|faint|p1a: Slowking
|
|win|Test218
|raw|faiyex-san's rating: 1710 &rarr; <strong>1689</strong><br />(-21 for losing)
|raw|Test218's rating: 1694 &rarr; <strong>1715</strong><br />(+21 for winning)
|c|☆Test218|gg
|l|☆faiyex-san
|player|p1|
|l| Specnier
|l|☆Test218
|player|p2|
|l| dseokp
