|j|☆rystat
|j|☆Raichudvd13
|t:|1769393795
|gametype|singles
|player|p1|rystat|plasmagrunt-gen5bw|
|player|p2|Raichudvd13|lucas-gen4pt|
|gen|9
|tier|[Gen 9] OU
|rule|HP Percentage Mod: HP is shown in percentages
|rule|Endless Battle Clause: Forcing endless battles is banned
|rule|Species Clause: Limit one of each Pokémon
|rule|OHKO Clause: OHKO moves are banned
|rule|Evasion Items Clause: Evasion items are banned
|rule|Evasion Moves Clause: Evasion moves are banned
|rule|Evasion Abilities Clause: Evasion abilities are banned
|rule|Sleep Moves Clause: Sleep-inducing moves are banned
|clearpoke
|poke|p1|Hydrapple, F|
|poke|p1|Breloom, M|
|poke|p1|Appletun, M|
|poke|p1|Skeledirge, M|
|poke|p1|Kommo-o, M|
|poke|p1|Salazzle, F|
|poke|p2|Ninetales-Alola, F|
|poke|p2|Torkoal, M|
|poke|p2|Walking Wake|
|poke|p2|Corviknight, M|
|poke|p2|Luxray, F|
|poke|p2|Rotom-Frost|
|teampreview
|j| TacoDile 3 Returns
|j| SwiftSwine
|
|t:|1769393814
|teamsize|p1|6
|teamsize|p2|6
|start
|switch|p1a: big guy|Skeledirge, M, shiny|100/100
|switch|p2a: Ahri|Ninetales-Alola, F, shiny|100/100
|-weather|Snowscape|[from] ability: Snow Warning|[of] p2a: Ahri
|turn|1
|
|t:|1769393822
|move|p2a: Ahri|Aurora Veil|p2a: Ahri
|-sidestart|p2: Raichudvd13|move: Aurora Veil
|move|p1a: big guy|Torch Song|p2a: Ahri
|-supereffective|p2a: Ahri
|-damage|p2a: Ahri|64/100
|-boost|p1a: big guy|spa|1
|
|-weather|Snowscape|[upkeep]
|upkeep
|turn|2
|
|t:|1769393830
|move|p2a: Ahri|Disable|p1a: big guy
|-start|p1a: big guy|Disable|Torch Song
|cant|p1a: big guy|Disable|Torch Song
|
|-weather|Snowscape|[upkeep]
|upkeep
|turn|3
|
|t:|1769393846
|switch|p2a: Mr. Fridge|Rotom-Frost, shiny|100/100
|move|p1a: big guy|Will-O-Wisp|p2a: Mr. Fridge
|-status|p2a: Mr. Fridge|brn
|
|-weather|Snowscape|[upkeep]
|-damage|p2a: Mr. Fridge|94/100 brn|[from] brn
|upkeep
|turn|4
|
|t:|1769393856
|move|p2a: Mr. Fridge|Nasty Plot|p2a: Mr. Fridge
|-boost|p2a: Mr. Fridge|spa|2
|move|p1a: big guy|Hex|p2a: Mr. Fridge
|-damage|p2a: Mr. Fridge|44/100 brn
|
|-weather|Snowscape|[upkeep]
|-damage|p2a: Mr. Fridge|37/100 brn|[from] brn
|upkeep
|turn|5
|
|t:|1769393872
|move|p2a: Mr. Fridge|Shadow Ball|p1a: big guy
|-supereffective|p1a: big guy
|-damage|p1a: big guy|35/100
|-damage|p2a: Mr. Fridge|27/100 brn|[from] item: Life Orb
|move|p1a: big guy|Hex|p2a: Mr. Fridge
|-damage|p2a: Mr. Fridge|0 fnt
|faint|p2a: Mr. Fridge
|
|-weather|none
|-end|p1a: big guy|Disable
|upkeep
|
|t:|1769393891
|switch|p2a: Sozin|Walking Wake|100/100
|turn|6
|
|t:|1769393897
|switch|p1a: clang tuah|Kommo-o, M|100/100
|move|p2a: Sozin|Hydro Steam|p1a: clang tuah
|-resisted|p1a: clang tuah
|-damage|p1a: clang tuah|76/100
|
|upkeep
|turn|7
|
|t:|1769393932
|-end|p2a: Sozin|Protosynthesis|[silent]
|switch|p2a: Edgar|Corviknight, M|100/100
|-ability|p2a: Edgar|Pressure
|move|p1a: clang tuah|Clanging Scales|p2a: Edgar
|-resisted|p2a: Edgar
|-damage|p2a: Edgar|89/100
|-unboost|p1a: clang tuah|def|1
|
|upkeep
|turn|8
|
|t:|1769393951
|move|p1a: clang tuah|Flamethrower|p2a: Edgar
|-supereffective|p2a: Edgar
|-damage|p2a: Edgar|65/100
|move|p2a: Edgar|Brave Bird|p1a: clang tuah
|-supereffective|p1a: clang tuah
|-damage|p1a: clang tuah|0 fnt
|faint|p1a: clang tuah
|-damage|p2a: Edgar|47/100|[from] Recoil
|
|-sideend|p2: Raichudvd13|move: Aurora Veil
|upkeep
|
|t:|1769393967
|switch|p1a: stupid sexy lizard|Salazzle, F, shiny|100/100
|turn|9
|c|☆Raichudvd13|!dt Kommo-o
|c|☆Raichudvd13|/raw <div class="message"><ul class="utilichart"><li class="result"><span class="col numcol">UUBL</span> <span class="col iconcol"><psicon pokemon="kommoo"/></span> <span class="col pokemonnamecol" style="white-space:nowrap"><a href="https://dex.pokemonshowdown.com/pokemon/kommoo" target="_blank">Kommo-o</a></span> <span class="col typecol"><img src="https://play.pokemonshowdown.com/sprites/types/Dragon.png" alt="Dragon" height="14" width="32"><img src="https://play.pokemonshowdown.com/sprites/types/Fighting.png" alt="Fighting" height="14" width="32"></span> <span style="float:left;min-height:26px"><span class="col twoabilitycol">Bulletproof<br />Soundproof</span><span class="col abilitycol"><em>Overcoat</em></span></span><span style="float:left;min-height:26px"><span class="col statcol"><em>HP</em><br />75</span> <span class="col statcol"><em>Atk</em><br />110</span> <span class="col statcol"><em>Def</em><br />125</span> <span class="col statcol"><em>SpA</em><br />100</span> <span class="col statcol"><em>SpD</em><br />105</span> <span class="col statcol"><em>Spe</em><br />85</span> <span class="col bstcol"><em>BST<br />600</em></span> </span></li><li style="clear:both"></li></ul></div>
|c|☆Raichudvd13|/raw <font size="1"><font color="#686868">Dex#:</font> 784&nbsp;|&ThickSpace;<font color="#686868">Gen:</font> 7&nbsp;|&ThickSpace;<font color="#686868">Height:</font> 1.6 m&nbsp;|&ThickSpace;<font color="#686868">Weight:</font> 78.2 kg <em>(80 BP)</em>&nbsp;|&ThickSpace;<font color="#686868">Dex Colour:</font> Gray&nbsp;|&ThickSpace;<font color="#686868">Egg Group(s):</font> Dragon&nbsp;|&ThickSpace;<font color="#686868">Pre-Evolution:</font> Hakamo-o&nbsp;|&ThickSpace;<font color="#686868">Does Not Evolve</font></font>

|
|t:|1769394013
|move|p1a: stupid sexy lizard|Fire Blast|p2a: Edgar
|-supereffective|p2a: Edgar
|-damage|p2a: Edgar|0 fnt
|faint|p2a: Edgar
|
|upkeep
|
|t:|1769394018
|switch|p2a: Ahri|Ninetales-Alola, F, shiny|64/100
|-weather|Snowscape|[from] ability: Snow Warning|[of] p2a: Ahri
|turn|10
|
|t:|1769394029
|move|p1a: stupid sexy lizard|Fire Blast|p2a: Ahri
|-supereffective|p2a: Ahri
|-damage|p2a: Ahri|0 fnt
|faint|p2a: Ahri
|
|-weather|Snowscape|[upkeep]
|upkeep
|
|t:|1769394043
|switch|p2a: Shink|Luxray, F, shiny|100/100
|-ability|p2a: Shink|Intimidate|boost
|-unboost|p1a: stupid sexy lizard|atk|1
|turn|11
|
|t:|1769394060
|switch|p1a: Aliado|Hydrapple, F|100/100
|move|p2a: Shink|Psychic Fangs|p1a: Aliado
|-damage|p1a: Aliado|83/100
|
|-weather|Snowscape|[upkeep]
|-heal|p1a: Aliado|89/100|[from] item: Leftovers
|upkeep
|turn|12
|
|t:|1769394069
|move|p2a: Shink|Ice Fang|p1a: Aliado
|-supereffective|p1a: Aliado
|-damage|p1a: Aliado|37/100
|move|p1a: Aliado|Earth Power|p2a: Shink
|-supereffective|p2a: Shink
|-damage|p2a: Shink|63/100
|
|-weather|Snowscape|[upkeep]
|-heal|p1a: Aliado|43/100|[from] item: Leftovers
|upkeep
|turn|13
|
|t:|1769394081
|switch|p1a: Gregory|Appletun, M|100/100
|move|p2a: Shink|Ice Fang|p1a: Gregory
|-supereffective|p1a: Gregory
|-damage|p1a: Gregory|51/100
|-status|p1a: Gregory|frz
|-damage|p2a: Shink|47/100|[from] item: Rocky Helmet|[of] p1a: Gregory
|
|-weather|Snowscape|[upkeep]
|upkeep
|turn|14
|
|t:|1769394114
|move|p2a: Shink|Ice Fang|p1a: Gregory
|-supereffective|p1a: Gregory
|-damage|p1a: Gregory|2/100 frz
|-damage|p2a: Shink|30/100|[from] item: Rocky Helmet|[of] p1a: Gregory
|cant|p1a: Gregory|frz
|
|-weather|none
|upkeep
|turn|15
|
|t:|1769394124
|move|p2a: Shink|Volt Switch|p1a: Gregory
|-resisted|p1a: Gregory
|-damage|p1a: Gregory|0 fnt
|faint|p1a: Gregory
|
|t:|1769394128
|switch|p2a: Kalè|Torkoal, M|100/100|[from] Volt Switch
|-weather|SunnyDay|[from] ability: Drought|[of] p2a: Kalè
|
|-weather|SunnyDay|[upkeep]
|upkeep
|
|t:|1769394143
|switch|p1a: Aliado|Hydrapple, F|76/100
|turn|16
|
|t:|1769394148
|move|p1a: Aliado|Earth Power|p2a: Kalè
|-supereffective|p2a: Kalè
|-damage|p2a: Kalè|55/100
|move|p2a: Kalè|Will-O-Wisp|p1a: Aliado
|-status|p1a: Aliado|brn
|
|-weather|SunnyDay|[upkeep]
|-heal|p1a: Aliado|83/100 brn|[from] item: Leftovers
|-damage|p1a: Aliado|76/100 brn|[from] brn
|upkeep
|turn|17
|c| SwiftSwine|I LOVE GEORGE HARRISON
|
|t:|1769394158
|move|p1a: Aliado|Earth Power|p2a: Kalè
|-supereffective|p2a: Kalè
|-damage|p2a: Kalè|12/100
|move|p2a: Kalè|Stealth Rock|p1a: Aliado
|-sidestart|p1: rystat|move: Stealth Rock
|
|-weather|SunnyDay|[upkeep]
|-heal|p1a: Aliado|83/100 brn|[from] item: Leftovers
|-damage|p1a: Aliado|76/100 brn|[from] brn
|upkeep
|turn|18
|
|t:|1769394177
|switch|p2a: Sozin|Walking Wake|100/100
|-activate|p2a: Sozin|ability: Protosynthesis
|-start|p2a: Sozin|protosynthesisspe
|move|p1a: Aliado|Earth Power|p2a: Sozin
|-damage|p2a: Sozin|75/100
|
|-weather|SunnyDay|[upkeep]
|-heal|p1a: Aliado|83/100 brn|[from] item: Leftovers
|-damage|p1a: Aliado|76/100 brn|[from] brn
|upkeep
|turn|19
|
|t:|1769394224
|-terastallize|p2a: Sozin|Water
|move|p2a: Sozin|Dragon Pulse|p1a: Aliado
|-supereffective|p1a: Aliado
|-damage|p1a: Aliado|0 fnt
|faint|p1a: Aliado
|
|-weather|SunnyDay|[upkeep]
|upkeep
|
|t:|1769394239
|switch|p1a: Just a Lil guy|Breloom, M|100/100
|-damage|p1a: Just a Lil guy|94/100|[from] Stealth Rock
|turn|20
|
|t:|1769394257
|move|p2a: Sozin|Dragon Pulse|p1a: Just a Lil guy
|-damage|p1a: Just a Lil guy|0 fnt
|faint|p1a: Just a Lil guy
|
|-weather|SunnyDay|[upkeep]
|upkeep
|
|t:|1769394267
|switch|p1a: stupid sexy lizard|Salazzle, F, shiny|100/100
|-damage|p1a: stupid sexy lizard|76/100|[from] Stealth Rock
|turn|21
|c| SwiftSwine|That theropod that i hate
|
|t:|1769394303
|move|p2a: Sozin|Dragon Pulse|p1a: stupid sexy lizard
|-damage|p1a: stupid sexy lizard|0 fnt
|faint|p1a: stupid sexy lizard
|
|-weather|SunnyDay|[upkeep]
|upkeep
|
|t:|1769394308
|switch|p1a: big guy|Skeledirge, M, shiny|35/100
|turn|22
|
|t:|1769394310
|move|p2a: Sozin|Dragon Pulse|p1a: big guy
|-damage|p1a: big guy|0 fnt
|faint|p1a: big guy
|
|win|Raichudvd13
|c|☆Raichudvd13|ggs
