|j|‽zerogerpon
|j|☆shayundertale
|t:|1769325853
|gametype|singles
|player|p1|zerogerpon|169|1147
|player|p2|shayundertale|266|1152
|gen|9
|tier|[Gen 9] OU
|rated|
|rule|HP Percentage Mod: HP is shown in percentages
|rule|Endless Battle Clause: Forcing endless battles is banned
|rule|Species Clause: Limit one of each Pokémon
|rule|OHKO Clause: OHKO moves are banned
|rule|Evasion Items Clause: Evasion items are banned
|rule|Evasion Moves Clause: Evasion moves are banned
|rule|Evasion Abilities Clause: Evasion abilities are banned
|rule|Sleep Moves Clause: Sleep-inducing moves are banned
|clearpoke
|poke|p1|Veluza, M|
|poke|p1|Staraptor, F|
|poke|p1|Golem-Alola, F|
|poke|p1|Weezing-Galar, F|
|poke|p1|Enamorus, F|
|poke|p1|Kingambit, F|
|poke|p2|Dragapult, F|
|poke|p2|Enamorus, F|
|poke|p2|Great Tusk|
|poke|p2|Kingambit, M|
|poke|p2|Iron Moth|
|poke|p2|Zapdos|
|teampreview
|inactive|Battle timer is ON: inactive players will automatically lose when time's up. (requested by shayundertale)
|inactive|shayundertale has 120 seconds left.
|
|t:|1769325887
|teamsize|p1|6
|teamsize|p2|6
|start
|switch|p1a: Veluza|Veluza, M|100/100
|switch|p2a: Great Tusk|Great Tusk|100/100
|-enditem|p2a: Great Tusk|Booster Energy
|-activate|p2a: Great Tusk|ability: Protosynthesis|[fromitem]
|-start|p2a: Great Tusk|protosynthesisspe
|turn|1
|l|‽zerogerpon
|inactive|zerogerpon disconnected and has a minute to reconnect!
|player|p1|
|j|☆zerogerpon
|inactive|zerogerpon reconnected and has 140 seconds left.
|player|p1|zerogerpon|169|
|
|t:|1769325911
|-end|p2a: Great Tusk|Protosynthesis|[silent]
|switch|p2a: Zapdos|Zapdos|100/100
|move|p1a: Veluza|Final Gambit|p2a: Zapdos
|-damage|p2a: Zapdos|17/100
|faint|p1a: Veluza
|
|upkeep
|
|t:|1769325919
|switch|p1a: Staraptor|Staraptor, F|100/100
|turn|2
|
|t:|1769325933
|move|p1a: Staraptor|Brave Bird|p2a: Zapdos
|-resisted|p2a: Zapdos
|-damage|p2a: Zapdos|0 fnt
|faint|p2a: Zapdos
|-damage|p1a: Staraptor|94/100|[from] Recoil
|
|upkeep
|
|t:|1769325950
|switch|p2a: Enamorus|Enamorus, F|100/100
|turn|3
|
|t:|1769325970
|move|p2a: Enamorus|Moonblast|p1a: Staraptor
|-damage|p1a: Staraptor|16/100
|move|p1a: Staraptor|Brave Bird|p2a: Enamorus
|-damage|p2a: Enamorus|0 fnt
|faint|p2a: Enamorus
|-damage|p1a: Staraptor|0 fnt|[from] Recoil
|faint|p1a: Staraptor
|
|upkeep
|inactive|shayundertale has 120 seconds left.
|
|t:|1769325996
|switch|p2a: Great Tusk|Great Tusk|100/100
|switch|p1a: Weezing|Weezing-Galar, F|100/100
|-fieldstart|move: Misty Terrain|[from] ability: Misty Surge|[of] p1a: Weezing
|turn|4
|inactive|shayundertale has 90 seconds left.
|inactive|shayundertale has 60 seconds left.
|
|t:|1769326057
|move|p2a: Great Tusk|Headlong Rush|p1a: Weezing
|-supereffective|p1a: Weezing
|-damage|p1a: Weezing|9/100
|-unboost|p2a: Great Tusk|def|1
|-unboost|p2a: Great Tusk|spd|1
|move|p1a: Weezing|Misty Explosion|p2a: Great Tusk
|-supereffective|p2a: Great Tusk
|-damage|p2a: Great Tusk|0 fnt
|faint|p1a: Weezing
|faint|p2a: Great Tusk
|-end|p2a: Great Tusk|Protosynthesis|[silent]
|
|upkeep
|
|t:|1769326073
|switch|p2a: Dragapult|Dragapult, F|100/100
|switch|p1a: Golem|Golem-Alola, F|100/100
|turn|5
|
|t:|1769326078
|move|p2a: Dragapult|Dragon Dance|p2a: Dragapult
|-boost|p2a: Dragapult|atk|1
|-boost|p2a: Dragapult|spe|1
|move|p1a: Golem|Explosion|p2a: Dragapult
|-resisted|p2a: Dragapult
|-damage|p2a: Dragapult|0 fnt
|faint|p1a: Golem
|faint|p2a: Dragapult
|
|upkeep
|
|t:|1769326090
|switch|p2a: Iron Moth|Iron Moth|100/100
|switch|p1a: Enamorus|Enamorus, F|100/100
|-enditem|p2a: Iron Moth|Booster Energy
|-activate|p2a: Iron Moth|ability: Quark Drive|[fromitem]
|-start|p2a: Iron Moth|quarkdrivespa
|turn|6
|
|t:|1769326098
|move|p1a: Enamorus|Misty Explosion|p2a: Iron Moth
|-resisted|p2a: Iron Moth
|-damage|p2a: Iron Moth|86/100
|faint|p1a: Enamorus
|move|p2a: Iron Moth|Agility|p2a: Iron Moth
|-boost|p2a: Iron Moth|spe|2
|
|upkeep
|
|t:|1769326101
|switch|p1a: Kingambit|Kingambit, F|100/100
|-activate|p1a: Kingambit|ability: Supreme Overlord
|-start|p1a: Kingambit|fallen5|[silent]
|turn|7
|inactive|shayundertale has 60 seconds left.
|
|t:|1769326111
|move|p1a: Kingambit|Sucker Punch|p2a: Iron Moth
|-damage|p2a: Iron Moth|0 fnt
|faint|p2a: Iron Moth
|-end|p2a: Iron Moth|Quark Drive|[silent]
|
|upkeep
|inactive|shayundertale has 60 seconds left.
|
|t:|1769326117
|switch|p2a: Kingambit|Kingambit, M|100/100
|-activate|p2a: Kingambit|ability: Supreme Overlord
|-start|p2a: Kingambit|fallen5|[silent]
|turn|8
|
|t:|1769326126
|-terastallize|p2a: Kingambit|Flying
|-terastallize|p1a: Kingambit|Fairy
|move|p2a: Kingambit|Swords Dance|p2a: Kingambit
|-boost|p2a: Kingambit|atk|2
|move|p1a: Kingambit|Low Kick|p2a: Kingambit
|-resisted|p2a: Kingambit
|-damage|p2a: Kingambit|77/100
|
|-heal|p2a: Kingambit|83/100|[from] item: Leftovers
|-fieldend|Misty Terrain
|upkeep
|turn|9
|
|t:|1769326138
|move|p1a: Kingambit|Sucker Punch|p2a: Kingambit
|-damage|p2a: Kingambit|29/100
|move|p2a: Kingambit|Iron Head|p1a: Kingambit
|-supereffective|p1a: Kingambit
|-damage|p1a: Kingambit|0 fnt
|faint|p1a: Kingambit
|-end|p1a: Kingambit|fallen5|[silent]
|
|win|shayundertale
|raw|zerogerpon's rating: 1147 &rarr; <strong>1122</strong><br />(-25 for losing)
|raw|shayundertale's rating: 1152 &rarr; <strong>1177</strong><br />(+25 for winning)
|l|☆zerogerpon
|player|p1|
|l|☆shayundertale
|player|p2|
