|j|☆mrskibid
|j|☆Joshi86
|t:|1769303610
|gametype|singles
|player|p1|mrskibid|plasmagrunt|
|player|p2|Joshi86|cynthia-masters|
|gen|9
|tier|[Gen 9] OU
|rule|HP Percentage Mod: HP is shown in percentages
|rule|Endless Battle Clause: Forcing endless battles is banned
|rule|Species Clause: Limit one of each Pokémon
|rule|OHKO Clause: OHKO moves are banned
|rule|Evasion Items Clause: Evasion items are banned
|rule|Evasion Moves Clause: Evasion moves are banned
|rule|Evasion Abilities Clause: Evasion abilities are banned
|rule|Sleep Moves Clause: Sleep-inducing moves are banned
|clearpoke
|poke|p1|Deoxys-Speed|
|poke|p1|Iron Boulder|
|poke|p1|Darkrai|
|poke|p1|Kingambit, M|
|poke|p1|Cinderace, F|
|poke|p1|Iron Valiant|
|poke|p2|Great Tusk|
|poke|p2|Pecharunt|
|poke|p2|Iron Valiant|
|poke|p2|Iron Crown|
|poke|p2|Samurott-Hisui, M|
|poke|p2|Dragonite, F|
|teampreview
|inactive|Battle timer is ON: inactive players will automatically lose when time's up. (requested by mrskibid)
|c|☆Joshi86|glhf
|
|t:|1769303639
|teamsize|p1|6
|teamsize|p2|6
|start
|switch|p1a: Iron Boulder|Iron Boulder|100/100
|switch|p2a: Iron Crown|Iron Crown|100/100
|-enditem|p1a: Iron Boulder|Booster Energy
|-activate|p1a: Iron Boulder|ability: Quark Drive|[fromitem]
|-start|p1a: Iron Boulder|quarkdrivespe
|turn|1
|c|☆mrskibid|Hf
|c|☆mrskibid|manda sauve
|c|☆mrskibid|O mdm n me mando salve
|inactive|mrskibid has 270 seconds left.
|c|☆mrskibid|Acho q ele n gosta de mim
|c|☆Joshi86|slv eu acho
|inactive|mrskibid has 240 seconds left.
|
|t:|1769303700
|-terastallize|p1a: Iron Boulder|Ground
|move|p1a: Iron Boulder|Swords Dance|p1a: Iron Boulder
|-boost|p1a: Iron Boulder|atk|2
|move|p2a: Iron Crown|Tachyon Cutter|p1a: Iron Boulder
|-damage|p1a: Iron Boulder|76/100
|-damage|p1a: Iron Boulder|50/100
|-hitcount|p1a: Iron Boulder|2
|
|upkeep
|turn|2
|inactive|mrskibid has 240 seconds left.
|inactive|Joshi86 has 270 seconds left.
|
|t:|1769303737
|-end|p2a: Iron Crown|Quark Drive|[silent]
|switch|p2a: Samurott|Samurott-Hisui, M, shiny|100/100
|move|p1a: Iron Boulder|Earthquake|p2a: Samurott
|-damage|p2a: Samurott|0 fnt
|faint|p2a: Samurott
|
|upkeep
|
|t:|1769303742
|switch|p2a: Pecharunt|Pecharunt|100/100
|turn|3
|
|t:|1769303753
|-terastallize|p2a: Pecharunt|Ghost
|move|p1a: Iron Boulder|Earthquake|p2a: Pecharunt
|-damage|p2a: Pecharunt|52/100
|move|p2a: Pecharunt|Shadow Ball|p1a: Iron Boulder
|-damage|p1a: Iron Boulder|19/100
|
|upkeep
|turn|4
|c|☆mrskibid|Vai critar
|c|☆mrskibid|Sou haxeador
|
|t:|1769303772
|move|p1a: Iron Boulder|Earthquake|p2a: Pecharunt
|-damage|p2a: Pecharunt|8/100
|move|p2a: Pecharunt|Shadow Ball|p1a: Iron Boulder
|-damage|p1a: Iron Boulder|0 fnt
|faint|p1a: Iron Boulder
|-end|p1a: Iron Boulder|Quark Drive|[silent]
|
|upkeep
|
|t:|1769303781
|switch|p1a: Darkrai|Darkrai|100/100
|turn|5
|c|☆mrskibid|Miss
|c|☆mrskibid|Mas ok
|
|t:|1769303798
|move|p1a: Darkrai|Sludge Bomb|p2a: Pecharunt
|-resisted|p2a: Pecharunt
|-damage|p2a: Pecharunt|0 fnt
|faint|p2a: Pecharunt
|-damage|p1a: Darkrai|91/100|[from] item: Life Orb
|
|upkeep
|inactive|Joshi86 has 270 seconds left.
|
|t:|1769303814
|switch|p2a: Iron Crown|Iron Crown|100/100
|turn|6
|inactive|Joshi86 has 270 seconds left.
|
|t:|1769303839
|switch|p1a: Iron Valiant|Iron Valiant|100/100
|-enditem|p1a: Iron Valiant|Booster Energy
|-activate|p1a: Iron Valiant|ability: Quark Drive|[fromitem]
|-start|p1a: Iron Valiant|quarkdrivespe
|move|p2a: Iron Crown|Volt Switch|p1a: Iron Valiant
|-damage|p1a: Iron Valiant|56/100
|inactive|Joshi86 has 270 seconds left.
|
|t:|1769303852
|-end|p2a: Iron Crown|Quark Drive|[silent]
|switch|p2a: Iron Valiant|Iron Valiant|100/100|[from] Volt Switch
|
|upkeep
|turn|7
|c|☆mrskibid|Scarf
|c|☆mrskibid|Uh
|
|t:|1769303868
|-end|p2a: Iron Valiant|Quark Drive|[silent]
|switch|p2a: Iron Crown|Iron Crown|100/100
|move|p1a: Iron Valiant|Moonblast|p2a: Iron Crown
|-resisted|p2a: Iron Crown
|-damage|p2a: Iron Crown|89/100
|-unboost|p2a: Iron Crown|spa|1
|
|upkeep
|turn|8
|c|☆mrskibid|Que aura minha
|inactive|mrskibid has 210 seconds left.
|
|t:|1769303892
|move|p1a: Iron Valiant|Moonblast|p2a: Iron Crown
|-resisted|p2a: Iron Crown
|-damage|p2a: Iron Crown|76/100
|move|p2a: Iron Crown|Tachyon Cutter|p1a: Iron Valiant
|-supereffective|p1a: Iron Valiant
|-damage|p1a: Iron Valiant|0 fnt
|faint|p1a: Iron Valiant
|-end|p1a: Iron Valiant|Quark Drive|[silent]
|-hitcount|p1: Iron Valiant|1
|
|upkeep
|c|☆mrskibid|Miss
|c|☆mrskibid|Prr
|inactive|mrskibid has 210 seconds left.
|
|t:|1769303904
|switch|p1a: Darkrai|Darkrai|91/100
|turn|9
|inactive|mrskibid has 210 seconds left.
|inactive|Joshi86 has 270 seconds left.
|inactive|mrskibid has 180 seconds left.
|
|t:|1769303949
|move|p1a: Darkrai|Dark Pulse|p2a: Iron Crown
|-supereffective|p2a: Iron Crown
|-damage|p2a: Iron Crown|5/100
|-damage|p1a: Darkrai|81/100|[from] item: Life Orb
|move|p2a: Iron Crown|Volt Switch|p1a: Darkrai
|-damage|p1a: Darkrai|58/100
|inactive|Joshi86 has 270 seconds left.
|
|t:|1769303956
|-end|p2a: Iron Crown|Quark Drive|[silent]
|switch|p2a: Iron Valiant|Iron Valiant|100/100|[from] Volt Switch
|
|upkeep
|turn|10
|inactive|mrskibid has 180 seconds left.
|
|t:|1769303973
|switch|p1a: Deoxys|Deoxys-Speed|100/100
|-ability|p1a: Deoxys|Pressure
|move|p2a: Iron Valiant|Vacuum Wave|p1a: Deoxys
|-resisted|p1a: Deoxys
|-damage|p1a: Deoxys|78/100
|
|upkeep
|turn|11
|inactive|mrskibid has 180 seconds left.
|
|t:|1769303985
|-end|p2a: Iron Valiant|Quark Drive|[silent]
|switch|p2a: Iron Crown|Iron Crown|5/100
|move|p1a: Deoxys|Stealth Rock|p2a: Iron Crown
|-sidestart|p2: Joshi86|move: Stealth Rock
|
|upkeep
|turn|12
|inactive|mrskibid has 180 seconds left.
|
|t:|1769303996
|move|p1a: Deoxys|Ice Beam|p2a: Iron Crown
|-resisted|p2a: Iron Crown
|-damage|p2a: Iron Crown|0 fnt
|faint|p2a: Iron Crown
|-end|p2a: Iron Crown|Quark Drive|[silent]
|
|upkeep
|inactive|Joshi86 has 270 seconds left.
|
|t:|1769304024
|switch|p2a: Great Tusk|Great Tusk|100/100
|turn|13
|inactive|Joshi86 has 270 seconds left.
|inactive|mrskibid has 180 seconds left.
|
|t:|1769304037
|move|p1a: Deoxys|Psycho Boost|p2a: Great Tusk
|-supereffective|p2a: Great Tusk
|-damage|p2a: Great Tusk|0 fnt
|-unboost|p1a: Deoxys|spa|2
|faint|p2a: Great Tusk
|-end|p2a: Great Tusk|Protosynthesis|[silent]
|
|upkeep
|inactive|Joshi86 has 270 seconds left.
|
|t:|1769304058
|switch|p2a: Iron Valiant|Iron Valiant|100/100
|-damage|p2a: Iron Valiant|94/100|[from] Stealth Rock
|turn|14
|inactive|mrskibid has 180 seconds left.
|
|t:|1769304078
|switch|p1a: Cinderace|Cinderace, F|100/100
|-end|p2a: Iron Valiant|Quark Drive|[silent]
|switch|p2a: Dragonite|Dragonite, F|100/100
|
|upkeep
|turn|15
|inactive|mrskibid has 180 seconds left.
|
|t:|1769304087
|move|p1a: Cinderace|U-turn|p2a: Dragonite
|-start|p1a: Cinderace|typechange|Bug|[from] ability: Libero
|-resisted|p2a: Dragonite
|-damage|p2a: Dragonite|92/100
|inactive|mrskibid has 180 seconds left.
|
|t:|1769304104
|switch|p1a: Deoxys|Deoxys-Speed|78/100|[from] U-turn
|-ability|p1a: Deoxys|Pressure
|move|p2a: Dragonite|Dragon Dance|p2a: Dragonite
|-boost|p2a: Dragonite|atk|1
|-boost|p2a: Dragonite|spe|1
|
|upkeep
|turn|16
|inactive|Joshi86 has 270 seconds left.
|
|t:|1769304115
|move|p1a: Deoxys|Ice Beam|p2a: Dragonite
|-supereffective|p2a: Dragonite
|-damage|p2a: Dragonite|0 fnt
|faint|p2a: Dragonite
|
|upkeep
|inactive|Joshi86 has 270 seconds left.
|c|☆Joshi86|gg, time legal o seu
|
|t:|1769304126
|switch|p2a: Iron Valiant|Iron Valiant|94/100
|-damage|p2a: Iron Valiant|88/100|[from] Stealth Rock
|turn|17
|
|t:|1769304131
|move|p1a: Deoxys|Psycho Boost|p2a: Iron Valiant
|-supereffective|p2a: Iron Valiant
|-damage|p2a: Iron Valiant|0 fnt
|-unboost|p1a: Deoxys|spa|2
|faint|p2a: Iron Valiant
|-end|p2a: Iron Valiant|Quark Drive|[silent]
|
|win|mrskibid
|c|☆mrskibid|gg
|c|☆mrskibid|BRIGADO JOSHI
