|j|☆barcafan22012
|j|☆tristannaraine
|t:|1769383986
|gametype|singles
|player|p1|barcafan22012|benga|
|player|p2|tristannaraine|265|
|gen|9
|tier|[Gen 9] OU
|rule|HP Percentage Mod: HP is shown in percentages
|rule|Endless Battle Clause: Forcing endless battles is banned
|rule|Species Clause: Limit one of each Pokémon
|rule|OHKO Clause: OHKO moves are banned
|rule|Evasion Items Clause: Evasion items are banned
|rule|Evasion Moves Clause: Evasion moves are banned
|rule|Evasion Abilities Clause: Evasion abilities are banned
|rule|Sleep Moves Clause: Sleep-inducing moves are banned
|clearpoke
|poke|p1|Torkoal, M|
|poke|p1|Walking Wake|
|poke|p1|Enamorus, F|
|poke|p1|Hatterene, F|
|poke|p1|Thundurus-Therian, M|
|poke|p1|Latios, M|
|poke|p2|Gholdengo|
|poke|p2|Dragapult, M|
|poke|p2|Ting-Lu|
|poke|p2|Rotom-Heat|
|poke|p2|Quaquaval, F|
|poke|p2|Iron Boulder|
|teampreview
|
|t:|1769383997
|teamsize|p1|6
|teamsize|p2|6
|start
|switch|p1a: Latios|Latios, M, shiny|100/100
|switch|p2a: Rotom|Rotom-Heat|100/100
|turn|1
|
|t:|1769384008
|move|p2a: Rotom|Volt Switch|p1a: Latios
|-resisted|p1a: Latios
|-damage|p1a: Latios|87/100
|
|t:|1769384014
|switch|p2a: Gholdengo|Gholdengo|100/100|[from] Volt Switch
|-item|p2a: Gholdengo|Air Balloon
|move|p1a: Latios|Surf|p2a: Gholdengo
|-damage|p2a: Gholdengo|58/100
|-enditem|p2a: Gholdengo|Air Balloon
|-damage|p1a: Latios|77/100|[from] item: Life Orb
|
|upkeep
|turn|2
|
|t:|1769384084
|switch|p1a: Torkoal|Torkoal, M, shiny|100/100
|-weather|SunnyDay|[from] ability: Drought|[of] p1a: Torkoal
|switch|p2a: Rotom|Rotom-Heat|100/100
|
|-weather|SunnyDay|[upkeep]
|upkeep
|turn|3
|
|t:|1769384096
|switch|p2a: Iron Boulder|Iron Boulder|100/100
|-enditem|p2a: Iron Boulder|Booster Energy
|-activate|p2a: Iron Boulder|ability: Quark Drive|[fromitem]
|-start|p2a: Iron Boulder|quarkdrivespe
|move|p1a: Torkoal|Stealth Rock|p2a: Iron Boulder
|-sidestart|p2: tristannaraine|move: Stealth Rock
|
|-weather|SunnyDay|[upkeep]
|upkeep
|turn|4
|
|t:|1769384108
|switch|p1a: Walking Wake|Walking Wake|100/100
|-activate|p1a: Walking Wake|ability: Protosynthesis
|-start|p1a: Walking Wake|protosynthesisspa
|move|p2a: Iron Boulder|Swords Dance|p2a: Iron Boulder
|-boost|p2a: Iron Boulder|atk|2
|
|-weather|SunnyDay|[upkeep]
|upkeep
|turn|5
|
|t:|1769384139
|move|p2a: Iron Boulder|Mighty Cleave|p1a: Walking Wake
|-damage|p1a: Walking Wake|3/100
|move|p1a: Walking Wake|Hydro Steam|p2a: Iron Boulder
|-supereffective|p2a: Iron Boulder
|-damage|p2a: Iron Boulder|0 fnt
|faint|p2a: Iron Boulder
|-end|p2a: Iron Boulder|Quark Drive|[silent]
|-damage|p1a: Walking Wake|0 fnt|[from] item: Life Orb
|faint|p1a: Walking Wake
|-end|p1a: Walking Wake|Protosynthesis|[silent]
|
|-weather|SunnyDay|[upkeep]
|upkeep
|j| ry20010
|
|t:|1769384176
|switch|p2a: Dragapult|Dragapult, M|100/100
|switch|p1a: Latios|Latios, M, shiny|77/100
|-damage|p2a: Dragapult|88/100|[from] Stealth Rock
|turn|6
|
|t:|1769384188
|move|p2a: Dragapult|Draco Meteor|p1a: Latios
|-supereffective|p1a: Latios
|-damage|p1a: Latios|0 fnt
|-unboost|p2a: Dragapult|spa|2
|faint|p1a: Latios
|-damage|p2a: Dragapult|78/100|[from] item: Life Orb
|
|-weather|SunnyDay|[upkeep]
|upkeep
|
|t:|1769384195
|switch|p1a: Hatterene|Hatterene, F, shiny|100/100
|turn|7
|
|t:|1769384204
|switch|p2a: Gholdengo|Gholdengo|58/100
|-damage|p2a: Gholdengo|52/100|[from] Stealth Rock
|move|p1a: Hatterene|Calm Mind|p1a: Hatterene
|-boost|p1a: Hatterene|spa|1
|-boost|p1a: Hatterene|spd|1
|
|-weather|SunnyDay|[upkeep]
|upkeep
|turn|8
|
|t:|1769384212
|move|p2a: Gholdengo|Make It Rain|p1a: Hatterene
|-supereffective|p1a: Hatterene
|-damage|p1a: Hatterene|36/100
|-unboost|p2a: Gholdengo|spa|1
|move|p1a: Hatterene|Mystical Fire|p2a: Gholdengo
|-supereffective|p2a: Gholdengo
|-damage|p2a: Gholdengo|0 fnt
|faint|p2a: Gholdengo
|
|-weather|SunnyDay|[upkeep]
|-heal|p1a: Hatterene|42/100|[from] item: Leftovers
|upkeep
|
|t:|1769384257
|switch|p2a: Dragapult|Dragapult, M|78/100
|-damage|p2a: Dragapult|66/100|[from] Stealth Rock
|turn|9
|
|t:|1769384272
|move|p2a: Dragapult|Shadow Ball|p1a: Hatterene
|-supereffective|p1a: Hatterene
|-damage|p1a: Hatterene|0 fnt
|faint|p1a: Hatterene
|-damage|p2a: Dragapult|56/100|[from] item: Life Orb
|
|-weather|none
|upkeep
|
|t:|1769384279
|switch|p1a: Enamorus|Enamorus, F|100/100
|turn|10
|
|t:|1769384322
|move|p2a: Dragapult|U-turn|p1a: Enamorus
|-resisted|p1a: Enamorus
|-damage|p1a: Enamorus|93/100
|-start|p2a: Dragapult|Attract|[from] ability: Cute Charm|[of] p1a: Enamorus
|-damage|p2a: Dragapult|47/100|[from] item: Life Orb
|
|t:|1769384328
|switch|p2a: Rotom|Rotom-Heat|100/100|[from] U-turn
|-damage|p2a: Rotom|76/100|[from] Stealth Rock
|move|p1a: Enamorus|Moonblast|p2a: Rotom
|-resisted|p2a: Rotom
|-damage|p2a: Rotom|50/100
|
|-heal|p1a: Enamorus|99/100|[from] item: Leftovers
|upkeep
|turn|11
|
|t:|1769384373
|move|p2a: Rotom|Volt Switch|p1a: Enamorus
|-supereffective|p1a: Enamorus
|-damage|p1a: Enamorus|33/100
|
|t:|1769384377
|switch|p2a: Ting-Lu|Ting-Lu|100/100|[from] Volt Switch
|-damage|p2a: Ting-Lu|94/100|[from] Stealth Rock
|-ability|p2a: Ting-Lu|Vessel of Ruin
|move|p1a: Enamorus|Moonblast|p2a: Ting-Lu
|-supereffective|p2a: Ting-Lu
|-damage|p2a: Ting-Lu|55/100
|-unboost|p2a: Ting-Lu|spa|1
|
|-heal|p1a: Enamorus|39/100|[from] item: Leftovers
|-heal|p2a: Ting-Lu|61/100|[from] item: Leftovers
|upkeep
|turn|12
|
|t:|1769384405
|move|p1a: Enamorus|Moonblast|p2a: Ting-Lu
|-supereffective|p2a: Ting-Lu
|-damage|p2a: Ting-Lu|15/100
|move|p2a: Ting-Lu|Ruination|p1a: Enamorus
|-damage|p1a: Enamorus|20/100
|
|-heal|p1a: Enamorus|26/100|[from] item: Leftovers
|-heal|p2a: Ting-Lu|21/100|[from] item: Leftovers
|upkeep
|turn|13
|
|t:|1769384431
|switch|p2a: Rotom|Rotom-Heat|50/100
|-damage|p2a: Rotom|25/100|[from] Stealth Rock
|move|p1a: Enamorus|Moonblast|p2a: Rotom
|-resisted|p2a: Rotom
|-damage|p2a: Rotom|0 fnt
|faint|p2a: Rotom
|
|-heal|p1a: Enamorus|32/100|[from] item: Leftovers
|upkeep
|
|t:|1769384446
|switch|p2a: Quaquaval|Quaquaval, F|100/100
|-damage|p2a: Quaquaval|94/100|[from] Stealth Rock
|turn|14
|
|t:|1769384452
|move|p1a: Enamorus|Moonblast|p2a: Quaquaval
|-supereffective|p2a: Quaquaval
|-damage|p2a: Quaquaval|0 fnt
|faint|p2a: Quaquaval
|
|-heal|p1a: Enamorus|38/100|[from] item: Leftovers
|upkeep
|
|t:|1769384470
|switch|p2a: Dragapult|Dragapult, M|47/100
|-damage|p2a: Dragapult|34/100|[from] Stealth Rock
|turn|15
|
|t:|1769384493
|switch|p1a: Thundurus|Thundurus-Therian, M, shiny|100/100
|move|p2a: Dragapult|Flamethrower|p1a: Thundurus
|-damage|p1a: Thundurus|53/100
|-damage|p2a: Dragapult|24/100|[from] item: Life Orb
|
|upkeep
|turn|16
|
|t:|1769384524
|switch|p1a: Torkoal|Torkoal, M, shiny|100/100
|-weather|SunnyDay|[from] ability: Drought|[of] p1a: Torkoal
|move|p2a: Dragapult|Draco Meteor|p1a: Torkoal|[miss]
|-miss|p2a: Dragapult|p1a: Torkoal
|
|-weather|SunnyDay|[upkeep]
|upkeep
|turn|17
|
|t:|1769384534
|move|p2a: Dragapult|Draco Meteor|p1a: Torkoal
|-damage|p1a: Torkoal|5/100
|-unboost|p2a: Dragapult|spa|2
|-damage|p2a: Dragapult|15/100|[from] item: Life Orb
|move|p1a: Torkoal|Lava Plume|p2a: Dragapult
|-resisted|p2a: Dragapult
|-damage|p2a: Dragapult|0 fnt
|faint|p2a: Dragapult
|
|-weather|SunnyDay|[upkeep]
|upkeep
|
|t:|1769384544
|switch|p2a: Ting-Lu|Ting-Lu|21/100
|-damage|p2a: Ting-Lu|15/100|[from] Stealth Rock
|-ability|p2a: Ting-Lu|Vessel of Ruin
|turn|18
|
|t:|1769384554
|move|p2a: Ting-Lu|Earthquake|p1a: Torkoal
|-supereffective|p1a: Torkoal
|-damage|p1a: Torkoal|0 fnt
|faint|p1a: Torkoal
|
|-weather|SunnyDay|[upkeep]
|-heal|p2a: Ting-Lu|21/100|[from] item: Leftovers
|upkeep
|
|t:|1769384561
|switch|p1a: Enamorus|Enamorus, F|38/100
|turn|19
|
|t:|1769384566
|move|p1a: Enamorus|Moonblast|p2a: Ting-Lu
|-supereffective|p2a: Ting-Lu
|-damage|p2a: Ting-Lu|0 fnt
|faint|p2a: Ting-Lu
|
|win|barcafan22012
|l|☆tristannaraine
|player|p2|
|l|☆barcafan22012
|player|p1|
