|j|☆Galarapio
|j|☆ShyBlizz-
|t:|1769323286
|gametype|singles
|player|p1|Galarapio|265|1231
|player|p2|ShyBlizz-|depotagent|1256
|gen|9
|tier|[Gen 9] OU
|rated|
|rule|HP Percentage Mod: HP is shown in percentages
|rule|Endless Battle Clause: Forcing endless battles is banned
|rule|Species Clause: Limit one of each Pokémon
|rule|OHKO Clause: OHKO moves are banned
|rule|Evasion Items Clause: Evasion items are banned
|rule|Evasion Moves Clause: Evasion moves are banned
|rule|Evasion Abilities Clause: Evasion abilities are banned
|rule|Sleep Moves Clause: Sleep-inducing moves are banned
|clearpoke
|poke|p1|Indeedee, M|
|poke|p1|Armarouge, M|
|poke|p1|Hawlucha, F|
|poke|p1|Chansey, F|
|poke|p1|Corviknight, F|
|poke|p1|Clodsire, M|
|poke|p2|Scizor, F|
|poke|p2|Gliscor, F|
|poke|p2|Okidogi, M|
|poke|p2|Iron Treads|
|poke|p2|Rotom-Wash|
|poke|p2|Iron Valiant|
|teampreview
|
|t:|1769323293
|teamsize|p1|6
|teamsize|p2|6
|start
|switch|p1a: Indeedee|Indeedee, M|100/100
|switch|p2a: Rotom|Rotom-Wash|100/100
|-fieldstart|move: Psychic Terrain|[from] ability: Psychic Surge|[of] p1a: Indeedee
|turn|1
|
|t:|1769323298
|move|p1a: Indeedee|Expanding Force|p2a: Rotom
|-damage|p2a: Rotom|24/100
|move|p2a: Rotom|Volt Switch|p1a: Indeedee
|-damage|p1a: Indeedee|65/100
|
|t:|1769323310
|switch|p2a: Iron Treads|Iron Treads|100/100|[from] Volt Switch
|-enditem|p2a: Iron Treads|Booster Energy
|-activate|p2a: Iron Treads|ability: Quark Drive|[fromitem]
|-start|p2a: Iron Treads|quarkdrivespe
|
|upkeep
|turn|2
|
|t:|1769323318
|switch|p1a: Armarouge|Armarouge, M|100/100
|move|p2a: Iron Treads|Stealth Rock|p1a: Armarouge
|-sidestart|p1: Galarapio|move: Stealth Rock
|
|upkeep
|turn|3
|
|t:|1769323331
|move|p1a: Armarouge|Endure|p1a: Armarouge
|-singleturn|p1a: Armarouge|move: Endure
|move|p2a: Iron Treads|Supercell Slam|p1a: Armarouge
|-damage|p1a: Armarouge|69/100
|-ability|p1a: Armarouge|Weak Armor|boost
|-unboost|p1a: Armarouge|def|1
|-boost|p1a: Armarouge|spe|2
|
|upkeep
|turn|4
|
|t:|1769323345
|move|p2a: Iron Treads|Supercell Slam|p1a: Armarouge
|-damage|p1a: Armarouge|24/100
|-ability|p1a: Armarouge|Weak Armor|boost
|-unboost|p1a: Armarouge|def|1
|-boost|p1a: Armarouge|spe|2
|move|p1a: Armarouge|Armor Cannon|p2a: Iron Treads
|-supereffective|p2a: Iron Treads
|-damage|p2a: Iron Treads|0 fnt
|-unboost|p1a: Armarouge|def|1
|-unboost|p1a: Armarouge|spd|1
|faint|p2a: Iron Treads
|-end|p2a: Iron Treads|Quark Drive|[silent]
|
|upkeep
|
|t:|1769323350
|switch|p2a: Iron Valiant|Iron Valiant|100/100
|-enditem|p2a: Iron Valiant|Booster Energy
|-activate|p2a: Iron Valiant|ability: Quark Drive|[fromitem]
|-start|p2a: Iron Valiant|quarkdrivespe
|turn|5
|
|t:|1769323359
|move|p2a: Iron Valiant|Vacuum Wave|p1a: Armarouge
|-activate|p1a: Armarouge|move: Psychic Terrain
|move|p1a: Armarouge|Expanding Force|p2a: Iron Valiant
|-supereffective|p2a: Iron Valiant
|-damage|p2a: Iron Valiant|0 fnt
|faint|p2a: Iron Valiant
|-end|p2a: Iron Valiant|Quark Drive|[silent]
|
|upkeep
|-message|ShyBlizz- forfeited.
|
|win|Galarapio
|raw|Galarapio's rating: 1231 &rarr; <strong>1258</strong><br />(+27 for winning)
|raw|ShyBlizz-'s rating: 1256 &rarr; <strong>1229</strong><br />(-27 for losing)
|l|☆ShyBlizz-
|player|p2|
|l|☆Galarapio
|player|p1|
