|j|☆Bug catcher5556
|j|☆heeroignister
|t:|1769398604
|gametype|singles
|player|p1|Bug catcher5556|bugcatcher-gen4dp|1000
|player|p2|heeroignister|nate|1048
|gen|9
|tier|[Gen 9] OU
|rated|
|rule|HP Percentage Mod: HP is shown in percentages
|rule|Endless Battle Clause: Forcing endless battles is banned
|rule|Species Clause: Limit one of each Pokémon
|rule|OHKO Clause: OHKO moves are banned
|rule|Evasion Items Clause: Evasion items are banned
|rule|Evasion Moves Clause: Evasion moves are banned
|rule|Evasion Abilities Clause: Evasion abilities are banned
|rule|Sleep Moves Clause: Sleep-inducing moves are banned
|clearpoke
|poke|p1|Lokix, M|
|poke|p1|Scizor, F|
|poke|p1|Slither Wing|
|poke|p1|Araquanid, M|
|poke|p1|Yanmega, M|
|poke|p1|Azumarill, F|
|poke|p2|Gholdengo|
|poke|p2|Ceruledge, M|
|poke|p2|Garchomp, M|
|poke|p2|Greninja-*, M|
|poke|p2|Scizor, M|
|poke|p2|Meowth, M|
|teampreview
|
|t:|1769398621
|teamsize|p1|6
|teamsize|p2|6
|start
|switch|p1a: Scizor|Scizor, F|100/100
|switch|p2a: Scizor|Scizor, M|100/100
|turn|1
|
|t:|1769398629
|move|p1a: Scizor|Tailwind|p1a: Scizor
|-sidestart|p1: Bug catcher5556|move: Tailwind
|move|p2a: Scizor|Trailblaze|p1a: Scizor
|-resisted|p1a: Scizor
|-damage|p1a: Scizor|90/100
|-boost|p2a: Scizor|spe|1
|
|upkeep
|turn|2
|
|t:|1769398637
|move|p1a: Scizor|Swords Dance|p1a: Scizor
|-boost|p1a: Scizor|atk|2
|move|p2a: Scizor|Trailblaze|p1a: Scizor
|-resisted|p1a: Scizor
|-damage|p1a: Scizor|81/100
|-boost|p2a: Scizor|spe|1
|
|upkeep
|turn|3
|
|t:|1769398655
|move|p1a: Scizor|Bug Bite|p2a: Scizor
|-resisted|p2a: Scizor
|-damage|p2a: Scizor|53/100
|move|p2a: Scizor|Pounce|p1a: Scizor
|-resisted|p1a: Scizor
|-damage|p1a: Scizor|55/100
|-unboost|p1a: Scizor|spe|1
|
|upkeep
|turn|4
|
|t:|1769398666
|move|p2a: Scizor|Bullet Punch|p1a: Scizor
|-resisted|p1a: Scizor
|-damage|p1a: Scizor|32/100
|move|p1a: Scizor|Bug Bite|p2a: Scizor
|-resisted|p2a: Scizor
|-damage|p2a: Scizor|10/100
|
|-sideend|p1: Bug catcher5556|move: Tailwind
|upkeep
|turn|5
|
|t:|1769398674
|move|p2a: Scizor|Close Combat|p1a: Scizor
|-damage|p1a: Scizor|0 fnt
|-unboost|p2a: Scizor|def|1
|-unboost|p2a: Scizor|spd|1
|faint|p1a: Scizor
|
|upkeep
|
|t:|1769398679
|switch|p1a: Azumarill|Azumarill, F|100/100
|turn|6
|
|t:|1769398684
|move|p2a: Scizor|Bullet Punch|p1a: Azumarill
|-damage|p1a: Azumarill|60/100
|move|p1a: Azumarill|Aqua Jet|p2a: Scizor
|-damage|p2a: Scizor|0 fnt
|faint|p2a: Scizor
|
|upkeep
|
|t:|1769398692
|switch|p2a: Meowth|Meowth, M|100/100
|turn|7
|
|t:|1769398703
|move|p2a: Meowth|Fake Out|p1a: Azumarill
|-damage|p1a: Azumarill|34/100
|-damage|p2a: Meowth|91/100|[from] item: Life Orb
|cant|p1a: Azumarill|flinch
|
|upkeep
|turn|8
|
|t:|1769398714
|switch|p2a: Garchomp|Garchomp, M, shiny|100/100
|move|p1a: Azumarill|Aqua Jet|p2a: Garchomp
|-damage|p2a: Garchomp|76/100
|-damage|p1a: Azumarill|22/100|[from] ability: Rough Skin|[of] p2a: Garchomp
|-damage|p1a: Azumarill|5/100|[from] item: Rocky Helmet|[of] p2a: Garchomp
|
|upkeep
|turn|9
|
|t:|1769398729
|switch|p2a: Greninja|Greninja, M, shiny|100/100
|move|p1a: Azumarill|Aqua Jet|p2a: Greninja
|-resisted|p2a: Greninja
|-damage|p2a: Greninja|75/100
|
|upkeep
|turn|10
|
|t:|1769398741
|move|p1a: Azumarill|Aqua Jet|p2a: Greninja
|-resisted|p2a: Greninja
|-damage|p2a: Greninja|47/100
|move|p2a: Greninja|Sludge Wave|p1a: Azumarill
|-supereffective|p1a: Azumarill
|-damage|p1a: Azumarill|0 fnt
|faint|p1a: Azumarill
|-damage|p2a: Greninja|37/100|[from] item: Life Orb
|
|upkeep
|
|t:|1769398745
|switch|p1a: Lokix|Lokix, M|100/100
|turn|11
|
|t:|1769398752
|switch|p2a: Garchomp|Garchomp, M, shiny|76/100
|move|p1a: Lokix|First Impression|p2a: Garchomp
|-damage|p2a: Garchomp|27/100
|-damage|p1a: Lokix|88/100|[from] ability: Rough Skin|[of] p2a: Garchomp
|-damage|p1a: Lokix|72/100|[from] item: Rocky Helmet|[of] p2a: Garchomp
|
|upkeep
|turn|12
|
|t:|1769398765
|move|p1a: Lokix|Sucker Punch|p2a: Garchomp
|-damage|p2a: Garchomp|0 fnt
|-damage|p1a: Lokix|59/100|[from] ability: Rough Skin|[of] p2a: Garchomp
|-damage|p1a: Lokix|43/100|[from] item: Rocky Helmet|[of] p2a: Garchomp
|faint|p2a: Garchomp
|
|upkeep
|
|t:|1769398773
|switch|p2a: Meowth|Meowth, M|91/100
|turn|13
|
|t:|1769398781
|switch|p1a: Slither Wing|Slither Wing|100/100
|-terastallize|p2a: Meowth|Normal
|move|p2a: Meowth|Fake Out|p1a: Slither Wing
|-damage|p1a: Slither Wing|70/100
|-damage|p2a: Meowth|74/100|[from] item: Rocky Helmet|[of] p1a: Slither Wing
|-damage|p2a: Meowth|64/100|[from] item: Life Orb
|
|upkeep
|turn|14
|
|t:|1769398793
|move|p2a: Meowth|Aerial Ace|p1a: Slither Wing
|-supereffective|p1a: Slither Wing
|-damage|p1a: Slither Wing|0 fnt
|-damage|p2a: Meowth|48/100|[from] item: Rocky Helmet|[of] p1a: Slither Wing
|faint|p1a: Slither Wing
|-end|p1a: Slither Wing|Protosynthesis|[silent]
|-damage|p2a: Meowth|38/100|[from] item: Life Orb
|
|upkeep
|
|t:|1769398797
|switch|p1a: Yanmega|Yanmega, M|100/100
|turn|15
|
|t:|1769398803
|move|p1a: Yanmega|Protect|p1a: Yanmega
|-singleturn|p1a: Yanmega|Protect
|move|p2a: Meowth|Aerial Ace|p1a: Yanmega
|-activate|p1a: Yanmega|move: Protect
|
|-ability|p1a: Yanmega|Speed Boost|boost
|-boost|p1a: Yanmega|spe|1
|upkeep
|turn|16
|
|t:|1769398812
|move|p1a: Yanmega|Bug Buzz|p2a: Meowth
|-damage|p2a: Meowth|0 fnt
|faint|p2a: Meowth
|
|-ability|p1a: Yanmega|Speed Boost|boost
|-boost|p1a: Yanmega|spe|1
|upkeep
|
|t:|1769398825
|switch|p2a: Gholdengo|Gholdengo, shiny|100/100
|-item|p2a: Gholdengo|Air Balloon
|turn|17
|
|t:|1769398834
|move|p1a: Yanmega|Bug Buzz|p2a: Gholdengo
|-resisted|p2a: Gholdengo
|-damage|p2a: Gholdengo|86/100
|-enditem|p2a: Gholdengo|Air Balloon
|move|p2a: Gholdengo|Thunderbolt|p1a: Yanmega
|-supereffective|p1a: Yanmega
|-damage|p1a: Yanmega|0 fnt
|faint|p1a: Yanmega
|
|upkeep
|
|t:|1769398838
|switch|p1a: Lokix|Lokix, M|43/100
|turn|18
|
|t:|1769398847
|move|p1a: Lokix|Sucker Punch|p2a: Gholdengo
|-supereffective|p2a: Gholdengo
|-damage|p2a: Gholdengo|5/100
|move|p2a: Gholdengo|Focus Blast|p1a: Lokix
|-damage|p1a: Lokix|0 fnt
|faint|p1a: Lokix
|
|upkeep
|
|t:|1769398850
|switch|p1a: Araquanid|Araquanid, M|100/100
|turn|19
|
|t:|1769398856
|-terastallize|p1a: Araquanid|Water
|move|p2a: Gholdengo|Thunderbolt|p1a: Araquanid
|-supereffective|p1a: Araquanid
|-damage|p1a: Araquanid|36/100
|move|p1a: Araquanid|Liquidation|p2a: Gholdengo
|-damage|p2a: Gholdengo|0 fnt
|faint|p2a: Gholdengo
|
|upkeep
|
|t:|1769398864
|switch|p2a: Greninja|Greninja, M, shiny|37/100
|turn|20
|
|t:|1769398868
|move|p2a: Greninja|Hydro Cannon|p1a: Araquanid
|-resisted|p1a: Araquanid
|-damage|p1a: Araquanid|0 fnt
|-mustrecharge|p2a: Greninja
|faint|p1a: Araquanid
|-damage|p2a: Greninja|28/100|[from] item: Life Orb
|
|win|heeroignister
|raw|Bug catcher5556's rating: 1000 &rarr; <strong>1000</strong><br />(+0 for losing)
|raw|heeroignister's rating: 1048 &rarr; <strong>1076</strong><br />(+28 for winning)
|l|☆Bug catcher5556
|player|p1|
