|j|☆BigLou921
|j|☆pedr0h10_
|t:|1769404426
|gametype|singles
|player|p1|BigLou921|hilbert|1162
|player|p2|pedr0h10_|170|1149
|gen|9
|tier|[Gen 9] OU
|rated|
|rule|HP Percentage Mod: HP is shown in percentages
|rule|Endless Battle Clause: Forcing endless battles is banned
|rule|Species Clause: Limit one of each Pokémon
|rule|OHKO Clause: OHKO moves are banned
|rule|Evasion Items Clause: Evasion items are banned
|rule|Evasion Moves Clause: Evasion moves are banned
|rule|Evasion Abilities Clause: Evasion abilities are banned
|rule|Sleep Moves Clause: Sleep-inducing moves are banned
|clearpoke
|poke|p1|Great Tusk|
|poke|p1|Walking Wake|
|poke|p1|Kingambit, F|
|poke|p1|Venusaur, F|
|poke|p1|Ninetales, M|
|poke|p1|Raging Bolt|
|poke|p2|Cinderace, F|
|poke|p2|Iron Boulder|
|poke|p2|Dondozo, M|
|poke|p2|Iron Valiant|
|poke|p2|Kingambit, M|
|poke|p2|Garchomp, M|
|teampreview
|
|t:|1769404443
|teamsize|p1|6
|teamsize|p2|6
|start
|switch|p1a: Ninetales|Ninetales, M|100/100
|switch|p2a: Garchomp|Garchomp, M|100/100
|-weather|SunnyDay|[from] ability: Drought|[of] p1a: Ninetales
|turn|1
|inactive|Battle timer is ON: inactive players will automatically lose when time's up. (requested by pedr0h10_)
|
|t:|1769404465
|move|p2a: Garchomp|Stealth Rock|p1a: Ninetales
|-sidestart|p1: BigLou921|move: Stealth Rock
|move|p1a: Ninetales|Will-O-Wisp|p2a: Garchomp
|-status|p2a: Garchomp|brn
|
|-weather|SunnyDay|[upkeep]
|-damage|p2a: Garchomp|94/100 brn|[from] brn
|upkeep
|turn|2
|
|t:|1769404475
|switch|p1a: Great Tusk|Great Tusk|100/100
|-damage|p1a: Great Tusk|98/100|[from] Stealth Rock
|-activate|p1a: Great Tusk|ability: Protosynthesis
|-start|p1a: Great Tusk|protosynthesisatk
|move|p2a: Garchomp|Earthquake|p1a: Great Tusk
|-damage|p1a: Great Tusk|79/100
|
|-weather|SunnyDay|[upkeep]
|-damage|p2a: Garchomp|88/100 brn|[from] brn
|upkeep
|turn|3
|inactive|pedr0h10_ has 120 seconds left.
|
|t:|1769404521
|move|p2a: Garchomp|Earthquake|p1a: Great Tusk
|-damage|p1a: Great Tusk|61/100
|move|p1a: Great Tusk|Rapid Spin|p2a: Garchomp
|-damage|p2a: Garchomp|67/100 brn
|-boost|p1a: Great Tusk|spe|1
|-damage|p1a: Great Tusk|48/100|[from] ability: Rough Skin|[of] p2a: Garchomp
|-damage|p1a: Great Tusk|32/100|[from] item: Rocky Helmet|[of] p2a: Garchomp
|-sideend|p1: BigLou921|Stealth Rock|[from] move: Rapid Spin|[of] p1a: Great Tusk
|
|-weather|SunnyDay|[upkeep]
|-damage|p2a: Garchomp|61/100 brn|[from] brn
|upkeep
|turn|4
|
|t:|1769404535
|move|p1a: Great Tusk|Ice Spinner|p2a: Garchomp
|-supereffective|p2a: Garchomp
|-damage|p2a: Garchomp|0 fnt
|-damage|p1a: Great Tusk|19/100|[from] ability: Rough Skin|[of] p2a: Garchomp
|-damage|p1a: Great Tusk|3/100|[from] item: Rocky Helmet|[of] p2a: Garchomp
|faint|p2a: Garchomp
|
|-weather|SunnyDay|[upkeep]
|upkeep
|
|t:|1769404541
|switch|p2a: Dondozo|Dondozo, M|100/100
|turn|5
|
|t:|1769404550
|move|p1a: Great Tusk|Headlong Rush|p2a: Dondozo
|-damage|p2a: Dondozo|51/100
|-unboost|p1a: Great Tusk|def|1
|-unboost|p1a: Great Tusk|spd|1
|move|p2a: Dondozo|Curse|p2a: Dondozo
|-unboost|p2a: Dondozo|spe|1
|-boost|p2a: Dondozo|atk|1
|-boost|p2a: Dondozo|def|1
|
|-weather|SunnyDay|[upkeep]
|-heal|p2a: Dondozo|57/100|[from] item: Leftovers
|upkeep
|turn|6
|
|t:|1769404560
|move|p1a: Great Tusk|Headlong Rush|p2a: Dondozo
|-damage|p2a: Dondozo|26/100
|-unboost|p1a: Great Tusk|def|1
|-unboost|p1a: Great Tusk|spd|1
|move|p2a: Dondozo|Liquidation|p1a: Great Tusk
|-supereffective|p1a: Great Tusk
|-damage|p1a: Great Tusk|0 fnt
|faint|p1a: Great Tusk
|-end|p1a: Great Tusk|Protosynthesis|[silent]
|
|-weather|SunnyDay|[upkeep]
|-heal|p2a: Dondozo|32/100|[from] item: Leftovers
|upkeep
|
|t:|1769404576
|switch|p1a: Venusaur|Venusaur, F|100/100
|turn|7
|
|t:|1769404590
|move|p1a: Venusaur|Giga Drain|p2a: Dondozo
|-supereffective|p2a: Dondozo
|-crit|p2a: Dondozo
|-damage|p2a: Dondozo|0 fnt
|faint|p2a: Dondozo
|-damage|p1a: Venusaur|91/100|[from] item: Life Orb
|
|-weather|SunnyDay|[upkeep]
|upkeep
|
|t:|1769404606
|switch|p2a: Iron Boulder|Iron Boulder|100/100
|turn|8
|inactive|BigLou921 has 120 seconds left.
|
|t:|1769404633
|move|p1a: Venusaur|Giga Drain|p2a: Iron Boulder
|-supereffective|p2a: Iron Boulder
|-damage|p2a: Iron Boulder|13/100
|-heal|p1a: Venusaur|100/100|[from] drain|[of] p2a: Iron Boulder
|-damage|p1a: Venusaur|91/100|[from] item: Life Orb
|move|p2a: Iron Boulder|Psycho Cut|p1a: Venusaur
|-supereffective|p1a: Venusaur
|-damage|p1a: Venusaur|0 fnt
|faint|p1a: Venusaur
|
|-weather|none
|upkeep
|
|t:|1769404650
|switch|p1a: Raging Bolt|Raging Bolt|100/100
|-item|p1a: Raging Bolt|Air Balloon
|turn|9
|inactive|pedr0h10_ has 120 seconds left.
|
|t:|1769404691
|-end|p2a: Iron Boulder|Quark Drive|[silent]
|switch|p2a: Kingambit|Kingambit, M|100/100
|-activate|p2a: Kingambit|ability: Supreme Overlord
|-start|p2a: Kingambit|fallen2|[silent]
|move|p1a: Raging Bolt|Thunderclap||[still]
|-fail|p1a: Raging Bolt
|
|upkeep
|turn|10
|
|t:|1769404701
|-end|p1a: Raging Bolt|Protosynthesis|[silent]
|switch|p1a: Ninetales|Ninetales, M|100/100
|-weather|SunnyDay|[from] ability: Drought|[of] p1a: Ninetales
|move|p2a: Kingambit|Kowtow Cleave|p1a: Ninetales
|-damage|p1a: Ninetales|29/100
|
|-weather|SunnyDay|[upkeep]
|upkeep
|turn|11
|inactive|pedr0h10_ has 120 seconds left.
|
|t:|1769404714
|-end|p2a: Kingambit|fallen2|[silent]
|switch|p2a: Cinderace|Cinderace, F|100/100
|move|p1a: Ninetales|Will-O-Wisp|p2a: Cinderace
|-immune|p2a: Cinderace
|
|-weather|SunnyDay|[upkeep]
|upkeep
|turn|12
|inactive|pedr0h10_ has 120 seconds left.
|
|t:|1769404728
|move|p2a: Cinderace|Pyro Ball|p1a: Ninetales
|-resisted|p1a: Ninetales
|-damage|p1a: Ninetales|0 fnt
|faint|p1a: Ninetales
|
|-weather|SunnyDay|[upkeep]
|upkeep
|
|t:|1769404737
|switch|p1a: Walking Wake|Walking Wake|100/100
|-activate|p1a: Walking Wake|ability: Protosynthesis
|-start|p1a: Walking Wake|protosynthesisspe
|turn|13
|inactive|pedr0h10_ has 120 seconds left.
|inactive|pedr0h10_ has 90 seconds left.
|inactive|pedr0h10_ has 60 seconds left.
|
|t:|1769404829
|switch|p2a: Iron Boulder|Iron Boulder|13/100
|move|p1a: Walking Wake|Hydro Steam|p2a: Iron Boulder
|-supereffective|p2a: Iron Boulder
|-damage|p2a: Iron Boulder|0 fnt
|faint|p2a: Iron Boulder
|-end|p2a: Iron Boulder|Quark Drive|[silent]
|
|-weather|SunnyDay|[upkeep]
|upkeep
|
|t:|1769404833
|switch|p2a: Kingambit|Kingambit, M|100/100
|-activate|p2a: Kingambit|ability: Supreme Overlord
|-start|p2a: Kingambit|fallen3|[silent]
|turn|14
|inactive|BigLou921 has 120 seconds left.
|
|t:|1769404863
|-end|p1a: Walking Wake|Protosynthesis|[silent]
|switch|p1a: Raging Bolt|Raging Bolt|100/100
|-item|p1a: Raging Bolt|Air Balloon
|-activate|p1a: Raging Bolt|ability: Protosynthesis
|-start|p1a: Raging Bolt|protosynthesisspa
|move|p2a: Kingambit|Sucker Punch||[still]
|-fail|p2a: Kingambit
|
|-weather|SunnyDay|[upkeep]
|upkeep
|turn|15
|inactive|pedr0h10_ has 30 seconds left.
|inactive|pedr0h10_ has 20 seconds left.
|inactive|pedr0h10_ has 15 seconds left.
|inactive|pedr0h10_ has 10 seconds left.
|
|t:|1769404917
|-terastallize|p1a: Raging Bolt|Fairy
|move|p1a: Raging Bolt|Calm Mind|p1a: Raging Bolt
|-boost|p1a: Raging Bolt|spa|1
|-boost|p1a: Raging Bolt|spd|1
|move|p2a: Kingambit|Kowtow Cleave|p1a: Raging Bolt
|-resisted|p1a: Raging Bolt
|-damage|p1a: Raging Bolt|68/100
|-enditem|p1a: Raging Bolt|Air Balloon
|
|-weather|SunnyDay|[upkeep]
|upkeep
|turn|16
|inactive|pedr0h10_ has 20 seconds left this turn.
|
|t:|1769404939
|move|p1a: Raging Bolt|Thunderbolt|p2a: Kingambit
|-enditem|p2a: Kingambit|Focus Sash
|-damage|p2a: Kingambit|1/100
|move|p2a: Kingambit|Iron Head|p1a: Raging Bolt
|-supereffective|p1a: Raging Bolt
|-damage|p1a: Raging Bolt|0 fnt
|faint|p1a: Raging Bolt
|-end|p1a: Raging Bolt|Protosynthesis|[silent]
|
|-weather|SunnyDay|[upkeep]
|upkeep
|inactive|BigLou921 has 90 seconds left.
|
|t:|1769404956
|switch|p1a: Walking Wake|Walking Wake|100/100
|-activate|p1a: Walking Wake|ability: Protosynthesis
|-start|p1a: Walking Wake|protosynthesisspe
|turn|17
|inactive|BigLou921 has 90 seconds left.
|inactive|pedr0h10_ has 30 seconds left.
|inactive|pedr0h10_ has 20 seconds left.
|inactive|pedr0h10_ has 15 seconds left.
|inactive|pedr0h10_ has 10 seconds left.
|
|t:|1769404983
|move|p2a: Kingambit|Sucker Punch|p1a: Walking Wake
|-damage|p1a: Walking Wake|43/100
|move|p1a: Walking Wake|Hydro Steam|p2a: Kingambit
|-damage|p2a: Kingambit|0 fnt
|faint|p2a: Kingambit
|-end|p2a: Kingambit|fallen3|[silent]
|
|-weather|none
|-end|p1a: Walking Wake|Protosynthesis
|upkeep
|inactive|pedr0h10_ has 15 seconds left this turn.
|inactive|pedr0h10_ has 10 seconds left.
|inactive|pedr0h10_ has 5 seconds left.
|
|t:|1769404994
|switch|p2a: Iron Valiant|Iron Valiant|100/100
|turn|18
|inactive|pedr0h10_ has 15 seconds left this turn.
|
|t:|1769404998
|move|p2a: Iron Valiant|Moonblast|p1a: Walking Wake
|-supereffective|p1a: Walking Wake
|-damage|p1a: Walking Wake|0 fnt
|faint|p1a: Walking Wake
|-end|p1a: Walking Wake|Protosynthesis|[silent]
|
|upkeep
|
|t:|1769405002
|switch|p1a: Kingambit|Kingambit, F|100/100
|-activate|p1a: Kingambit|ability: Supreme Overlord
|-start|p1a: Kingambit|fallen5|[silent]
|-item|p1a: Kingambit|Air Balloon
|turn|19
|inactive|pedr0h10_ has 30 seconds left this turn.
|
|t:|1769405015
|move|p2a: Iron Valiant|Aura Sphere|p1a: Kingambit
|-supereffective|p1a: Kingambit
|-damage|p1a: Kingambit|0 fnt
|-enditem|p1a: Kingambit|Air Balloon
|faint|p1a: Kingambit
|-end|p1a: Kingambit|fallen5|[silent]
|
|win|pedr0h10_
|raw|BigLou921's rating: 1162 &rarr; <strong>1136</strong><br />(-26 for losing)
|raw|pedr0h10_'s rating: 1149 &rarr; <strong>1175</strong><br />(+26 for winning)
|l|☆BigLou921
|player|p1|
