|j|☆Fabe3107
|j|☆king191925
|t:|1769430132
|gametype|singles
|player|p1|Fabe3107|101|1338
|player|p2|king191925|266|1320
|gen|9
|tier|[Gen 9] OU
|rated|
|rule|HP Percentage Mod: HP is shown in percentages
|rule|Endless Battle Clause: Forcing endless battles is banned
|rule|Species Clause: Limit one of each Pokémon
|rule|OHKO Clause: OHKO moves are banned
|rule|Evasion Items Clause: Evasion items are banned
|rule|Evasion Moves Clause: Evasion moves are banned
|rule|Evasion Abilities Clause: Evasion abilities are banned
|rule|Sleep Moves Clause: Sleep-inducing moves are banned
|clearpoke
|poke|p1|Grimmsnarl, M|
|poke|p1|Iron Treads|
|poke|p1|Raging Bolt|
|poke|p1|Deoxys-Speed|
|poke|p1|Ogerpon-Wellspring, F|
|poke|p1|Ceruledge, M|
|poke|p2|Thundurus, M|
|poke|p2|Slowking-Galar, M|
|poke|p2|Alomomola, M|
|poke|p2|Lokix, M|
|poke|p2|Dondozo, F|
|poke|p2|Golem-Alola, M|
|teampreview
|inactive|Battle timer is ON: inactive players will automatically lose when time's up. (requested by Fabe3107)
|inactive|Fabe3107 has 120 seconds left.
|
|t:|1769430167
|teamsize|p1|6
|teamsize|p2|6
|start
|switch|p1a: Grimmsnarl|Grimmsnarl, M, shiny|100/100
|switch|p2a: 游击队副队长|Thundurus, M|100/100
|turn|1
|inactive|king191925 has 120 seconds left.
|
|t:|1769430215
|move|p1a: Grimmsnarl|Taunt|p2a: 游击队副队长
|-start|p2a: 游击队副队长|move: Taunt
|cant|p2a: 游击队副队长|move: Taunt|Taunt
|
|upkeep
|turn|2
|
|t:|1769430229
|move|p1a: Grimmsnarl|Light Screen|p1a: Grimmsnarl
|-sidestart|p1: Fabe3107|move: Light Screen
|move|p2a: 游击队副队长|Volt Switch|p1a: Grimmsnarl
|-damage|p1a: Grimmsnarl|69/100
|-damage|p2a: 游击队副队长|91/100|[from] item: Life Orb
|
|t:|1769430233
|switch|p2a: 游击队队长|Lokix, M|100/100|[from] Volt Switch
|
|upkeep
|turn|3
|
|t:|1769430243
|move|p1a: Grimmsnarl|Reflect|p1a: Grimmsnarl
|-sidestart|p1: Fabe3107|Reflect
|move|p2a: 游击队队长|U-turn|p1a: Grimmsnarl
|-damage|p1a: Grimmsnarl|31/100
|
|t:|1769430247
|switch|p2a: 游击队副队长|Thundurus, M|91/100|[from] U-turn
|
|upkeep
|turn|4
|
|t:|1769430255
|move|p1a: Grimmsnarl|Taunt|p2a: 游击队副队长
|-start|p2a: 游击队副队长|move: Taunt
|move|p2a: 游击队副队长|Volt Switch|p1a: Grimmsnarl
|-damage|p1a: Grimmsnarl|0 fnt
|faint|p1a: Grimmsnarl
|-damage|p2a: 游击队副队长|81/100|[from] item: Life Orb
|
|t:|1769430262
|switch|p2a: 炮灰乙|Alomomola, M|100/100|[from] Volt Switch
|
|upkeep
|
|t:|1769430282
|switch|p1a: Raging Bolt|Raging Bolt|100/100
|-enditem|p1a: Raging Bolt|Booster Energy
|-activate|p1a: Raging Bolt|ability: Protosynthesis|[fromitem]
|-start|p1a: Raging Bolt|protosynthesisspa
|turn|5
|
|t:|1769430290
|switch|p2a: 炮灰甲|Slowking-Galar, M|100/100
|move|p1a: Raging Bolt|Thunderbolt|p2a: 炮灰甲
|-damage|p2a: 炮灰甲|57/100
|
|-heal|p2a: 炮灰甲|63/100|[from] item: Black Sludge
|upkeep
|turn|6
|inactive|king191925 has 120 seconds left.
|
|t:|1769430326
|-end|p1a: Raging Bolt|Protosynthesis|[silent]
|switch|p1a: Iron Treads|Iron Treads, shiny|100/100
|-enditem|p1a: Iron Treads|Booster Energy
|-activate|p1a: Iron Treads|ability: Quark Drive|[fromitem]
|-start|p1a: Iron Treads|quarkdrivespe
|move|p2a: 炮灰甲|Sludge Bomb|p1a: Iron Treads
|-immune|p1a: Iron Treads
|
|-heal|p2a: 炮灰甲|69/100|[from] item: Black Sludge
|upkeep
|turn|7
|inactive|king191925 has 120 seconds left.
|
|t:|1769430346
|switch|p2a: 游击队副队长|Thundurus, M|81/100
|move|p1a: Iron Treads|Stealth Rock|p2a: 游击队副队长
|-sidestart|p2: king191925|move: Stealth Rock
|
|upkeep
|turn|8
|
|t:|1769430362
|move|p1a: Iron Treads|Rapid Spin|p2a: 游击队副队长
|-damage|p2a: 游击队副队长|63/100
|-boost|p1a: Iron Treads|spe|1
|move|p2a: 游击队副队长|Dark Pulse|p1a: Iron Treads
|-damage|p1a: Iron Treads|76/100
|-damage|p2a: 游击队副队长|53/100|[from] item: Life Orb
|
|upkeep
|turn|9
|inactive|Fabe3107 has 120 seconds left.
|
|t:|1769430379
|switch|p2a: Golem|Golem-Alola, M|100/100
|-damage|p2a: Golem|88/100|[from] Stealth Rock
|move|p1a: Iron Treads|Steel Beam|p2a: Golem|[miss]
|-miss|p1a: Iron Treads|p2a: Golem
|-damage|p1a: Iron Treads|26/100|[from] steelbeam
|
|-heal|p2a: Golem|94/100|[from] item: Leftovers
|-sideend|p1: Fabe3107|move: Light Screen
|upkeep
|turn|10
|
|t:|1769430390
|-terastallize|p2a: Golem|Flying
|move|p1a: Iron Treads|Earth Power|p2a: Golem
|-immune|p2a: Golem
|move|p2a: Golem|Charge|p2a: Golem
|-boost|p2a: Golem|spd|1
|-start|p2a: Golem|Charge
|
|-heal|p2a: Golem|99/100|[from] item: Leftovers
|-sideend|p1: Fabe3107|Reflect
|upkeep
|turn|11
|
|t:|1769430401
|move|p1a: Iron Treads|Steel Beam|p2a: Golem|[miss]
|-miss|p1a: Iron Treads|p2a: Golem
|-damage|p1a: Iron Treads|0 fnt|[from] steelbeam
|faint|p1a: Iron Treads
|-end|p1a: Iron Treads|Quark Drive|[silent]
|move|p2a: Golem|Charge|p2a: Golem
|-boost|p2a: Golem|spd|1
|-start|p2a: Golem|Charge
|
|-heal|p2a: Golem|100/100|[from] item: Leftovers
|upkeep
|inactive|Fabe3107 has 120 seconds left.
|
|t:|1769430422
|switch|p1a: Raging Bolt|Raging Bolt|100/100
|turn|12
|
|t:|1769430451
|switch|p2a: 炮灰甲|Slowking-Galar, M|100/100
|-damage|p2a: 炮灰甲|88/100|[from] Stealth Rock
|move|p1a: Raging Bolt|Thunderbolt|p2a: 炮灰甲
|-damage|p2a: 炮灰甲|54/100
|
|-heal|p2a: 炮灰甲|60/100|[from] item: Black Sludge
|upkeep
|turn|13
|
|t:|1769430467
|move|p1a: Raging Bolt|Calm Mind|p1a: Raging Bolt
|-boost|p1a: Raging Bolt|spa|1
|-boost|p1a: Raging Bolt|spd|1
|move|p2a: 炮灰甲|Sludge Bomb|p1a: Raging Bolt
|-damage|p1a: Raging Bolt|78/100
|
|-heal|p2a: 炮灰甲|66/100|[from] item: Black Sludge
|upkeep
|turn|14
|
|t:|1769430484
|move|p1a: Raging Bolt|Thunderbolt|p2a: 炮灰甲
|-damage|p2a: 炮灰甲|15/100
|move|p2a: 炮灰甲|Sludge Bomb|p1a: Raging Bolt
|-damage|p1a: Raging Bolt|58/100
|
|-heal|p2a: 炮灰甲|22/100|[from] item: Black Sludge
|upkeep
|turn|15
|
|t:|1769430494
|move|p1a: Raging Bolt|Thunderbolt|p2a: 炮灰甲
|-damage|p2a: 炮灰甲|0 fnt
|faint|p2a: 炮灰甲
|
|upkeep
|
|t:|1769430497
|switch|p2a: 游击队队长|Lokix, M|100/100
|-damage|p2a: 游击队队长|76/100|[from] Stealth Rock
|turn|16
|
|t:|1769430517
|move|p2a: 游击队队长|First Impression|p1a: Raging Bolt
|-damage|p1a: Raging Bolt|0 fnt
|faint|p1a: Raging Bolt
|-end|p1a: Raging Bolt|Protosynthesis|[silent]
|
|upkeep
|inactive|Fabe3107 has 90 seconds left.
|
|t:|1769430558
|switch|p1a: Ogerpon|Ogerpon-Wellspring, F|100/100
|turn|17
|
|t:|1769430568
|switch|p2a: Golem|Golem-Alola, M, tera:Flying|100/100
|-damage|p2a: Golem|75/100|[from] Stealth Rock
|-terastallize|p1a: Ogerpon|Water
|detailschange|p1a: Ogerpon|Ogerpon-Wellspring-Tera, F, tera:Water
|-ability|p1a: Ogerpon|Embody Aspect (Wellspring)|boost
|-boost|p1a: Ogerpon|spd|1
|move|p1a: Ogerpon|Trailblaze|p2a: Golem
|-resisted|p2a: Golem
|-damage|p2a: Golem|63/100
|-boost|p1a: Ogerpon|spe|1
|
|-heal|p2a: Golem|69/100|[from] item: Leftovers
|upkeep
|turn|18
|
|t:|1769430583
|move|p1a: Ogerpon|Ivy Cudgel|p2a: Golem|[anim] Ivy Cudgel Water
|-damage|p2a: Golem|6/100
|move|p2a: Golem|Gyro Ball|p1a: Ogerpon
|-resisted|p1a: Ogerpon
|-damage|p1a: Ogerpon|78/100
|
|-heal|p2a: Golem|12/100|[from] item: Leftovers
|upkeep
|turn|19
|
|t:|1769430596
|move|p1a: Ogerpon|Swords Dance|p1a: Ogerpon
|-boost|p1a: Ogerpon|atk|2
|move|p2a: Golem|Gyro Ball|p1a: Ogerpon
|-resisted|p1a: Ogerpon
|-damage|p1a: Ogerpon|54/100
|
|-heal|p2a: Golem|18/100|[from] item: Leftovers
|upkeep
|turn|20
|
|t:|1769430610
|move|p1a: Ogerpon|Ivy Cudgel|p2a: Golem|[anim] Ivy Cudgel Water
|-crit|p2a: Golem
|-damage|p2a: Golem|0 fnt
|faint|p2a: Golem
|
|upkeep
|
|t:|1769430613
|switch|p2a: 游击队队长|Lokix, M|76/100
|-damage|p2a: 游击队队长|51/100|[from] Stealth Rock
|turn|21
|inactive|Fabe3107 has 90 seconds left.
|
|t:|1769430626
|switch|p1a: Ceruledge|Ceruledge, M, shiny|100/100
|move|p2a: 游击队队长|First Impression|p1a: Ceruledge
|-resisted|p1a: Ceruledge
|-damage|p1a: Ceruledge|59/100
|-ability|p1a: Ceruledge|Weak Armor|boost
|-unboost|p1a: Ceruledge|def|1
|-boost|p1a: Ceruledge|spe|2
|
|upkeep
|turn|22
|inactive|Fabe3107 has 90 seconds left.
|inactive|king191925 has 120 seconds left.
|
|t:|1769430679
|switch|p2a: 炮灰乙|Alomomola, M|100/100
|-damage|p2a: 炮灰乙|88/100|[from] Stealth Rock
|move|p1a: Ceruledge|Swords Dance|p1a: Ceruledge
|-boost|p1a: Ceruledge|atk|2
|
|upkeep
|turn|23
|
|t:|1769430688
|move|p1a: Ceruledge|Poltergeist|p2a: 炮灰乙
|-activate|p2a: 炮灰乙|move: Poltergeist|Rocky Helmet
|-damage|p2a: 炮灰乙|0 fnt
|faint|p2a: 炮灰乙
|-damage|p1a: Ceruledge|49/100|[from] item: Life Orb
|
|upkeep
|
|t:|1769430693
|switch|p2a: 游击队队长|Lokix, M|51/100
|-damage|p2a: 游击队队长|26/100|[from] Stealth Rock
|turn|24
|inactive|Fabe3107 has 90 seconds left.
|
|t:|1769430717
|move|p2a: 游击队队长|First Impression|p1a: Ceruledge
|-resisted|p1a: Ceruledge
|-damage|p1a: Ceruledge|0 fnt
|faint|p1a: Ceruledge
|
|upkeep
|
|t:|1769430728
|switch|p1a: Ogerpon|Ogerpon-Wellspring-Tera, F, tera:Water|54/100
|-ability|p1a: Ogerpon|Embody Aspect (Wellspring)|boost
|-boost|p1a: Ogerpon|spd|1
|turn|25
|inactive|king191925 has 120 seconds left.
|
|t:|1769430764
|switch|p2a: Dondozo|Dondozo, F|100/100
|-damage|p2a: Dondozo|88/100|[from] Stealth Rock
|move|p1a: Ogerpon|Trailblaze|p2a: Dondozo
|-supereffective|p2a: Dondozo
|-damage|p2a: Dondozo|55/100
|-boost|p1a: Ogerpon|spe|1
|
|-heal|p2a: Dondozo|62/100|[from] item: Leftovers
|upkeep
|turn|26
|
|t:|1769430776
|move|p1a: Ogerpon|Swords Dance|p1a: Ogerpon
|-boost|p1a: Ogerpon|atk|2
|move|p2a: Dondozo|Body Press|p1a: Ogerpon
|-damage|p1a: Ogerpon|22/100
|
|-heal|p2a: Dondozo|68/100|[from] item: Leftovers
|upkeep
|turn|27
|
|t:|1769430789
|move|p1a: Ogerpon|Trailblaze|p2a: Dondozo
|-supereffective|p2a: Dondozo
|-damage|p2a: Dondozo|35/100
|-boost|p1a: Ogerpon|spe|1
|move|p2a: Dondozo|Body Press|p1a: Ogerpon
|-damage|p1a: Ogerpon|0 fnt
|faint|p1a: Ogerpon
|detailschange|p1: Ogerpon|Ogerpon-Wellspring, F|[silent]
|
|-heal|p2a: Dondozo|41/100|[from] item: Leftovers
|upkeep
|
|t:|1769430798
|switch|p1a: Deoxys|Deoxys-Speed, shiny|100/100
|-ability|p1a: Deoxys|Pressure
|turn|28
|inactive|king191925 has 90 seconds left.
|
|t:|1769430824
|move|p1a: Deoxys|Nasty Plot|p1a: Deoxys
|-boost|p1a: Deoxys|spa|2
|move|p2a: Dondozo|Wave Crash|p1a: Deoxys
|-damage|p1a: Deoxys|22/100
|-damage|p2a: Dondozo|29/100|[from] Recoil
|
|-heal|p1a: Deoxys|28/100|[from] item: Leftovers
|-heal|p2a: Dondozo|35/100|[from] item: Leftovers
|upkeep
|turn|29
|inactive|king191925 has 90 seconds left.
|
|t:|1769430860
|move|p1a: Deoxys|Psycho Boost|p2a: Dondozo
|-damage|p2a: Dondozo|0 fnt
|-unboost|p1a: Deoxys|spa|2
|faint|p2a: Dondozo
|
|-heal|p1a: Deoxys|34/100|[from] item: Leftovers
|upkeep
|
|t:|1769430863
|switch|p2a: 游击队队长|Lokix, M|26/100
|-damage|p2a: 游击队队长|2/100|[from] Stealth Rock
|turn|30
|
|t:|1769430871
|move|p2a: 游击队队长|First Impression|p1a: Deoxys
|-supereffective|p1a: Deoxys
|-damage|p1a: Deoxys|0 fnt
|faint|p1a: Deoxys
|
|win|king191925
|raw|Fabe3107's rating: 1338 &rarr; <strong>1317</strong><br />(-21 for losing)
|raw|king191925's rating: 1320 &rarr; <strong>1341</strong><br />(+21 for winning)
|l|☆Fabe3107
|player|p1|
|l|☆king191925
|player|p2|
