|j|☆thanous123
|j|☆Maple_Mudkip
|t:|1769375189
|gametype|singles
|player|p1|thanous123|brycen|1327
|player|p2|Maple_Mudkip|102|1304
|gen|9
|tier|[Gen 9] OU
|rated|
|rule|HP Percentage Mod: HP is shown in percentages
|rule|Endless Battle Clause: Forcing endless battles is banned
|rule|Species Clause: Limit one of each Pokémon
|rule|OHKO Clause: OHKO moves are banned
|rule|Evasion Items Clause: Evasion items are banned
|rule|Evasion Moves Clause: Evasion moves are banned
|rule|Evasion Abilities Clause: Evasion abilities are banned
|rule|Sleep Moves Clause: Sleep-inducing moves are banned
|clearpoke
|poke|p1|Primarina, M|
|poke|p1|Ogerpon-Wellspring, F|
|poke|p1|Iron Moth|
|poke|p1|Kingambit, F|
|poke|p1|Landorus-Therian, M|
|poke|p1|Corviknight, F|
|poke|p2|Volcanion|
|poke|p2|Ogerpon, F|
|poke|p2|Froslass, F|
|poke|p2|Ursaring, M|
|poke|p2|Latias, F|
|poke|p2|Thundurus-Therian, M|
|teampreview
|inactive|Battle timer is ON: inactive players will automatically lose when time's up. (requested by thanous123)
|
|t:|1769375203
|teamsize|p1|6
|teamsize|p2|6
|start
|switch|p1a: Landorus|Landorus-Therian, M|100/100
|switch|p2a: Froslass|Froslass, F|100/100
|-ability|p1a: Landorus|Intimidate|boost
|-unboost|p2a: Froslass|atk|1
|turn|1
|
|t:|1769375211
|move|p2a: Froslass|Trick|p1a: Landorus
|-activate|p2a: Froslass|move: Trick|[of] p1a: Landorus
|-item|p1a: Landorus|Choice Scarf|[from] move: Trick
|-item|p2a: Froslass|Choice Scarf|[from] move: Trick
|move|p1a: Landorus|Stealth Rock|p2a: Froslass
|-sidestart|p2: Maple_Mudkip|move: Stealth Rock
|
|upkeep
|turn|2
|
|t:|1769375238
|move|p2a: Froslass|Trick|p1a: Landorus
|-activate|p2a: Froslass|move: Trick|[of] p1a: Landorus
|-item|p1a: Landorus|Choice Scarf|[from] move: Trick
|-item|p2a: Froslass|Choice Scarf|[from] move: Trick
|move|p1a: Landorus|Stealth Rock||[still]
|-fail|p1a: Landorus
|
|upkeep
|turn|3
|
|t:|1769375244
|move|p2a: Froslass|Trick|p1a: Landorus
|-activate|p2a: Froslass|move: Trick|[of] p1a: Landorus
|-item|p1a: Landorus|Choice Scarf|[from] move: Trick
|-item|p2a: Froslass|Choice Scarf|[from] move: Trick
|move|p1a: Landorus|Stealth Rock||[still]
|-fail|p1a: Landorus
|
|upkeep
|turn|4
|
|t:|1769375249
|move|p2a: Froslass|Trick|p1a: Landorus
|-activate|p2a: Froslass|move: Trick|[of] p1a: Landorus
|-item|p1a: Landorus|Choice Scarf|[from] move: Trick
|-item|p2a: Froslass|Choice Scarf|[from] move: Trick
|move|p1a: Landorus|Stealth Rock||[still]
|-fail|p1a: Landorus
|
|upkeep
|turn|5
|
|t:|1769375254
|move|p2a: Froslass|Ice Beam|p1a: Landorus
|-supereffective|p1a: Landorus
|-damage|p1a: Landorus|0 fnt
|faint|p1a: Landorus
|
|upkeep
|
|t:|1769375260
|switch|p1a: Iron Moth|Iron Moth|100/100
|-enditem|p1a: Iron Moth|Booster Energy
|-activate|p1a: Iron Moth|ability: Quark Drive|[fromitem]
|-start|p1a: Iron Moth|quarkdrivespe
|turn|6
|
|t:|1769375267
|switch|p2a: Volcanion|Volcanion|100/100
|-damage|p2a: Volcanion|75/100|[from] Stealth Rock
|move|p1a: Iron Moth|Fiery Dance|p2a: Volcanion
|-resisted|p2a: Volcanion
|-damage|p2a: Volcanion|65/100
|-boost|p1a: Iron Moth|spa|1
|
|upkeep
|turn|7
|
|t:|1769375275
|move|p1a: Iron Moth|Sludge Wave|p2a: Volcanion
|-damage|p2a: Volcanion|0 fnt
|faint|p2a: Volcanion
|
|upkeep
|
|t:|1769375284
|switch|p2a: Latias|Latias, F|100/100
|-damage|p2a: Latias|88/100|[from] Stealth Rock
|turn|8
|
|t:|1769375295
|move|p1a: Iron Moth|Sludge Wave|p2a: Latias
|-damage|p2a: Latias|31/100
|move|p2a: Latias|Mist Ball|p1a: Iron Moth
|-supereffective|p1a: Iron Moth
|-damage|p1a: Iron Moth|0 fnt
|faint|p1a: Iron Moth
|-end|p1a: Iron Moth|Quark Drive|[silent]
|
|upkeep
|
|t:|1769375310
|switch|p1a: Corviknight|Corviknight, F|100/100
|turn|9
|
|t:|1769375316
|move|p2a: Latias|Wish|p2a: Latias
|move|p1a: Corviknight|U-turn|p2a: Latias
|-supereffective|p2a: Latias
|-damage|p2a: Latias|0 fnt
|faint|p2a: Latias
|
|t:|1769375326
|switch|p1a: Ogerpon|Ogerpon-Wellspring, F|100/100|[from] U-turn
|
|upkeep
|
|t:|1769375337
|switch|p2a: Ursaring|Ursaring, M|100/100
|-damage|p2a: Ursaring|88/100|[from] Stealth Rock
|turn|10
|
|t:|1769375344
|move|p1a: Ogerpon|Ivy Cudgel|p2a: Ursaring|[anim] Ivy Cudgel Water
|-damage|p2a: Ursaring|46/100
|move|p2a: Ursaring|Swords Dance|p2a: Ursaring
|-boost|p2a: Ursaring|atk|2
|
|-heal|p2a: Ursaring|93/100|[from] move: Wish|[wisher] Latias
|upkeep
|turn|11
|
|t:|1769375369
|move|p1a: Ogerpon|Ivy Cudgel|p2a: Ursaring|[anim] Ivy Cudgel Water
|-crit|p2a: Ursaring
|-damage|p2a: Ursaring|20/100
|move|p2a: Ursaring|Facade|p1a: Ogerpon
|-damage|p1a: Ogerpon|0 fnt
|faint|p1a: Ogerpon
|
|upkeep
|
|t:|1769375378
|switch|p1a: Kingambit|Kingambit, F|100/100
|-activate|p1a: Kingambit|ability: Supreme Overlord
|-start|p1a: Kingambit|fallen3|[silent]
|turn|12
|
|t:|1769375383
|move|p2a: Ursaring|Brick Break|p1a: Kingambit
|-supereffective|p1a: Kingambit
|-damage|p1a: Kingambit|0 fnt
|faint|p1a: Kingambit
|-end|p1a: Kingambit|fallen3|[silent]
|
|upkeep
|-message|thanous123 forfeited.
|
|win|Maple_Mudkip
|raw|thanous123's rating: 1327 &rarr; <strong>1306</strong><br />(-21 for losing)
|raw|Maple_Mudkip's rating: 1304 &rarr; <strong>1325</strong><br />(+21 for winning)
|l|☆thanous123
|player|p1|
|l|☆Maple_Mudkip
|player|p2|
