|j|☆flameburst97
|j|☆wrymwymwm
|t:|1769402110
|gametype|singles
|player|p1|flameburst97|170|
|player|p2|wrymwymwm|265|
|gen|9
|tier|[Gen 9] OU
|rule|HP Percentage Mod: HP is shown in percentages
|rule|Endless Battle Clause: Forcing endless battles is banned
|rule|Species Clause: Limit one of each Pokémon
|rule|OHKO Clause: OHKO moves are banned
|rule|Evasion Items Clause: Evasion items are banned
|rule|Evasion Moves Clause: Evasion moves are banned
|rule|Evasion Abilities Clause: Evasion abilities are banned
|rule|Sleep Moves Clause: Sleep-inducing moves are banned
|clearpoke
|poke|p1|Zoroark-Hisui, M|
|poke|p1|Iron Valiant|
|poke|p1|Cinderace, M|
|poke|p1|Ceruledge, M|
|poke|p2|Grimmsnarl, M|
|teampreview
|
|t:|1769402118
|teamsize|p1|4
|teamsize|p2|1
|start
|switch|p1a: Iron Valiant|Iron Valiant|100/100
|switch|p2a: Grimmsnarl|Grimmsnarl, M|100/100
|turn|1
|
|t:|1769402123
|-end|p1a: Iron Valiant|Quark Drive|[silent]
|switch|p1a: Iron Valiant|Iron Valiant|100/100
|move|p2a: Grimmsnarl|Bulk Up|p2a: Grimmsnarl
|-boost|p2a: Grimmsnarl|atk|1
|-boost|p2a: Grimmsnarl|def|1
|
|upkeep
|turn|2
|
|t:|1769402134
|switch|p1a: Ceruledge|Ceruledge, M|100/100
|move|p2a: Grimmsnarl|Bulk Up|p2a: Grimmsnarl
|-boost|p2a: Grimmsnarl|atk|1
|-boost|p2a: Grimmsnarl|def|1
|
|upkeep
|turn|3
|
|t:|1769402148
|switch|p1a: Iron Valiant|Iron Valiant|100/100
|move|p2a: Grimmsnarl|Bulk Up|p2a: Grimmsnarl
|-boost|p2a: Grimmsnarl|atk|1
|-boost|p2a: Grimmsnarl|def|1
|
|upkeep
|turn|4
|
|t:|1769402152
|-end|p1a: Iron Valiant|Quark Drive|[silent]
|switch|p1a: Ceruledge|Ceruledge, M|100/100
|move|p2a: Grimmsnarl|Bulk Up|p2a: Grimmsnarl
|-boost|p2a: Grimmsnarl|atk|1
|-boost|p2a: Grimmsnarl|def|1
|
|upkeep
|turn|5
|-message|flameburst97 forfeited.
|
|win|wrymwymwm
|l|☆flameburst97
|player|p1|
