|j|☆Nyarlachan
|j|☆Firebird97631
|t:|1769412986
|gametype|singles
|player|p1|Nyarlachan|twins-gen4dp|1059
|player|p2|Firebird97631|iris|1011
|gen|9
|tier|[Gen 9] OU
|rated|
|rule|HP Percentage Mod: HP is shown in percentages
|rule|Endless Battle Clause: Forcing endless battles is banned
|rule|Species Clause: Limit one of each Pokémon
|rule|OHKO Clause: OHKO moves are banned
|rule|Evasion Items Clause: Evasion items are banned
|rule|Evasion Moves Clause: Evasion moves are banned
|rule|Evasion Abilities Clause: Evasion abilities are banned
|rule|Sleep Moves Clause: Sleep-inducing moves are banned
|clearpoke
|poke|p1|Lokix, F|
|poke|p1|Iron Hands|
|poke|p1|Tinkaton, F|
|poke|p1|Dondozo, F|
|poke|p1|Glimmora, M|
|poke|p1|Sinistcha|
|poke|p2|Scovillain, F|
|poke|p2|Torkoal, F|
|poke|p2|Armarouge, F|
|poke|p2|Indeedee-F, F|
|poke|p2|Walking Wake|
|poke|p2|Glimmora, M|
|teampreview
|
|t:|1769412995
|teamsize|p1|6
|teamsize|p2|6
|start
|switch|p1a: Glimmora|Glimmora, M|100/100
|switch|p2a: Glimmora|Glimmora, M, shiny|100/100
|turn|1
|inactive|Battle timer is ON: inactive players will automatically lose when time's up. (requested by Nyarlachan)
|
|t:|1769413014
|switch|p2a: Indeedee|Indeedee-F, F, shiny|100/100
|-fieldstart|move: Psychic Terrain|[from] ability: Psychic Surge|[of] p2a: Indeedee
|-enditem|p2a: Indeedee|Psychic Seed
|-boost|p2a: Indeedee|spd|1|[from] item: Psychic Seed
|move|p1a: Glimmora|Meteor Beam||[still]
|-prepare|p1a: Glimmora|Meteor Beam
|-boost|p1a: Glimmora|spa|1
|-enditem|p1a: Glimmora|Power Herb
|-anim|p1a: Glimmora|Meteor Beam|p2a: Indeedee
|-damage|p2a: Indeedee|53/100
|
|upkeep
|turn|2
|
|t:|1769413029
|move|p1a: Glimmora|Mortal Spin|p2a: Indeedee
|-damage|p2a: Indeedee|46/100
|-status|p2a: Indeedee|psn
|move|p2a: Indeedee|Light Screen|p2a: Indeedee
|-sidestart|p2: Firebird97631|move: Light Screen
|
|-damage|p2a: Indeedee|34/100 psn|[from] psn
|upkeep
|turn|3
|
|t:|1769413038
|switch|p2a: Scovillain|Scovillain, F, shiny|100/100
|move|p1a: Glimmora|Stealth Rock|p2a: Scovillain
|-sidestart|p2: Firebird97631|move: Stealth Rock
|
|upkeep
|turn|4
|
|t:|1769413047
|move|p1a: Glimmora|Spiky Shield|p1a: Glimmora
|-singleturn|p1a: Glimmora|move: Protect
|move|p2a: Scovillain|Leech Seed|p1a: Glimmora
|-activate|p1a: Glimmora|move: Protect
|
|upkeep
|turn|5
|
|t:|1769413054
|move|p1a: Glimmora|Mortal Spin|p2a: Scovillain
|-supereffective|p2a: Scovillain
|-damage|p2a: Scovillain|86/100
|-status|p2a: Scovillain|psn
|move|p2a: Scovillain|Leech Seed|p1a: Glimmora
|-start|p1a: Glimmora|move: Leech Seed
|
|-heal|p2a: Scovillain|92/100 psn|[from] item: Leftovers
|-damage|p1a: Glimmora|88/100|[from] Leech Seed|[of] p2a: Scovillain
|-heal|p2a: Scovillain|100/100 psn|[silent]
|-damage|p2a: Scovillain|88/100 psn|[from] psn
|-fieldend|move: Psychic Terrain
|upkeep
|turn|6
|
|t:|1769413075
|switch|p1a: Sinistcha|Sinistcha|100/100
|switch|p2a: Glimmora|Glimmora, M, shiny|100/100
|-damage|p2a: Glimmora|88/100|[from] Stealth Rock
|
|-sideend|p2: Firebird97631|move: Light Screen
|upkeep
|turn|7
|
|t:|1769413085
|switch|p1a: Glimmora|Glimmora, M|88/100
|move|p2a: Glimmora|Mortal Spin|p1a: Glimmora
|-resisted|p1a: Glimmora
|-damage|p1a: Glimmora|86/100
|-activate|p1a: Glimmora|ability: Toxic Debris
|-sidestart|p2: Firebird97631|move: Toxic Spikes
|-sideend|p2: Firebird97631|Toxic Spikes|[from] move: Mortal Spin|[of] p2a: Glimmora
|-sideend|p2: Firebird97631|Stealth Rock|[from] move: Mortal Spin|[of] p2a: Glimmora
|
|upkeep
|turn|8
|
|t:|1769413096
|move|p1a: Glimmora|Meteor Beam||[still]
|-prepare|p1a: Glimmora|Meteor Beam
|-boost|p1a: Glimmora|spa|1
|move|p2a: Glimmora|Stealth Rock|p1a: Glimmora
|-sidestart|p1: Nyarlachan|move: Stealth Rock
|
|upkeep
|turn|9
|
|t:|1769413118
|move|p1a: Glimmora|Meteor Beam|p2a: Glimmora|[from] lockedmove
|-damage|p2a: Glimmora|0 fnt
|faint|p2a: Glimmora
|
|upkeep
|
|t:|1769413126
|switch|p2a: Torkoal|Torkoal, F, shiny|100/100
|-weather|SunnyDay|[from] ability: Drought|[of] p2a: Torkoal
|turn|10
|
|t:|1769413132
|switch|p2a: Scovillain|Scovillain, F, shiny|88/100 psn
|move|p1a: Glimmora|Mortal Spin|p2a: Scovillain
|-supereffective|p2a: Scovillain
|-damage|p2a: Scovillain|71/100 psn
|-sideend|p1: Nyarlachan|Stealth Rock|[from] move: Mortal Spin|[of] p1a: Glimmora
|
|-weather|SunnyDay|[upkeep]
|-heal|p2a: Scovillain|77/100 psn|[from] item: Leftovers
|-damage|p2a: Scovillain|64/100 psn|[from] psn
|upkeep
|turn|11
|
|t:|1769413146
|move|p1a: Glimmora|Stealth Rock|p2a: Scovillain
|-sidestart|p2: Firebird97631|move: Stealth Rock
|move|p2a: Scovillain|Solar Beam||[still]
|-prepare|p2a: Scovillain|Solar Beam
|-anim|p2a: Scovillain|Solar Beam|p1a: Glimmora
|-damage|p1a: Glimmora|8/100
|
|-weather|SunnyDay|[upkeep]
|-heal|p2a: Scovillain|70/100 psn|[from] item: Leftovers
|-damage|p2a: Scovillain|58/100 psn|[from] psn
|upkeep
|turn|12
|
|t:|1769413156
|move|p1a: Glimmora|Spiky Shield|p1a: Glimmora
|-singleturn|p1a: Glimmora|move: Protect
|move|p2a: Scovillain|Leech Seed|p1a: Glimmora
|-activate|p1a: Glimmora|move: Protect
|
|-weather|SunnyDay|[upkeep]
|-heal|p2a: Scovillain|64/100 psn|[from] item: Leftovers
|-damage|p2a: Scovillain|52/100 psn|[from] psn
|upkeep
|turn|13
|
|t:|1769413175
|switch|p1a: Lokix|Lokix, F|100/100
|move|p2a: Scovillain|Leech Seed|p1a: Lokix
|-start|p1a: Lokix|move: Leech Seed
|
|-weather|SunnyDay|[upkeep]
|-heal|p2a: Scovillain|58/100 psn|[from] item: Leftovers
|-damage|p1a: Lokix|88/100|[from] Leech Seed|[of] p2a: Scovillain
|-heal|p2a: Scovillain|71/100 psn|[silent]
|-damage|p2a: Scovillain|58/100 psn|[from] psn
|upkeep
|turn|14
|
|t:|1769413187
|move|p2a: Scovillain|Protect|p2a: Scovillain
|-singleturn|p2a: Scovillain|Protect
|move|p1a: Lokix|First Impression|p2a: Scovillain
|-activate|p2a: Scovillain|move: Protect
|
|-weather|SunnyDay|[upkeep]
|-heal|p2a: Scovillain|64/100 psn|[from] item: Leftovers
|-damage|p1a: Lokix|76/100|[from] Leech Seed|[of] p2a: Scovillain
|-heal|p2a: Scovillain|77/100 psn|[silent]
|-damage|p2a: Scovillain|65/100 psn|[from] psn
|upkeep
|turn|15
|
|t:|1769413199
|move|p1a: Lokix|Sucker Punch|p2a: Scovillain
|-damage|p2a: Scovillain|17/100 psn
|move|p2a: Scovillain|Overheat|p1a: Lokix|[miss]
|-miss|p2a: Scovillain|p1a: Lokix
|
|-weather|SunnyDay|[upkeep]
|-heal|p2a: Scovillain|23/100 psn|[from] item: Leftovers
|-damage|p1a: Lokix|63/100|[from] Leech Seed|[of] p2a: Scovillain
|-heal|p2a: Scovillain|36/100 psn|[silent]
|-damage|p2a: Scovillain|24/100 psn|[from] psn
|upkeep
|turn|16
|
|t:|1769413218
|move|p1a: Lokix|Knock Off|p2a: Scovillain
|-damage|p2a: Scovillain|0 fnt
|-enditem|p2a: Scovillain|Leftovers|[from] move: Knock Off|[of] p1a: Lokix
|faint|p2a: Scovillain
|
|-weather|SunnyDay|[upkeep]
|upkeep
|
|t:|1769413225
|switch|p2a: Indeedee|Indeedee-F, F, shiny|34/100 psn
|-damage|p2a: Indeedee|21/100 psn|[from] Stealth Rock
|-fieldstart|move: Psychic Terrain|[from] ability: Psychic Surge|[of] p2a: Indeedee
|turn|17
|
|t:|1769413234
|switch|p1a: Glimmora|Glimmora, M|8/100
|move|p2a: Indeedee|Trick Room|p2a: Indeedee
|-fieldstart|move: Trick Room|[of] p2a: Indeedee
|
|-weather|none
|-damage|p2a: Indeedee|9/100 psn|[from] psn
|upkeep
|turn|18
|
|t:|1769413242
|move|p1a: Glimmora|Spiky Shield|p1a: Glimmora
|-singleturn|p1a: Glimmora|move: Protect
|move|p2a: Indeedee|Psychic|p1a: Glimmora
|-activate|p1a: Glimmora|move: Protect
|
|-damage|p2a: Indeedee|0 fnt|[from] psn
|faint|p2a: Indeedee
|upkeep
|
|t:|1769413251
|switch|p2a: Armarouge|Armarouge, F, shiny|100/100
|-damage|p2a: Armarouge|76/100|[from] Stealth Rock
|turn|19
|
|t:|1769413265
|switch|p1a: Dondozo|Dondozo, F|100/100
|move|p2a: Armarouge|Expanding Force|p1a: Dondozo
|-damage|p1a: Dondozo|34/100
|-damage|p2a: Armarouge|66/100|[from] item: Life Orb
|
|-heal|p1a: Dondozo|40/100|[from] item: Leftovers
|upkeep
|turn|20
|
|t:|1769413278
|switch|p1a: Sinistcha|Sinistcha|100/100
|move|p2a: Armarouge|Expanding Force|p1a: Sinistcha
|-damage|p1a: Sinistcha|0 fnt
|faint|p1a: Sinistcha
|-damage|p2a: Armarouge|56/100|[from] item: Life Orb
|
|upkeep
|
|t:|1769413287
|switch|p1a: Glimmora|Glimmora, M|8/100
|turn|21
|
|t:|1769413304
|move|p1a: Glimmora|Spiky Shield|p1a: Glimmora
|-singleturn|p1a: Glimmora|move: Protect
|move|p2a: Armarouge|Dark Pulse|p1a: Glimmora
|-activate|p1a: Glimmora|move: Protect
|
|-fieldend|move: Trick Room
|-fieldend|move: Psychic Terrain
|upkeep
|turn|22
|
|t:|1769413312
|move|p1a: Glimmora|Mortal Spin|p2a: Armarouge
|-damage|p2a: Armarouge|50/100
|-status|p2a: Armarouge|psn
|move|p2a: Armarouge|Dark Pulse|p1a: Glimmora
|-damage|p1a: Glimmora|0 fnt
|faint|p1a: Glimmora
|-damage|p2a: Armarouge|40/100 psn|[from] item: Life Orb
|
|-damage|p2a: Armarouge|28/100 psn|[from] psn
|upkeep
|
|t:|1769413325
|switch|p1a: Lokix|Lokix, F|63/100
|turn|23
|
|t:|1769413333
|move|p1a: Lokix|First Impression|p2a: Armarouge
|-damage|p2a: Armarouge|0 fnt
|faint|p2a: Armarouge
|
|upkeep
|
|t:|1769413338
|switch|p2a: Torkoal|Torkoal, F, shiny|100/100
|-damage|p2a: Torkoal|76/100|[from] Stealth Rock
|-weather|SunnyDay|[from] ability: Drought|[of] p2a: Torkoal
|turn|24
|
|t:|1769413345
|move|p1a: Lokix|U-turn|p2a: Torkoal
|-resisted|p2a: Torkoal
|-damage|p2a: Torkoal|51/100
|
|t:|1769413348
|switch|p1a: Dondozo|Dondozo, F|40/100|[from] U-turn
|move|p2a: Torkoal|Eruption|p1a: Dondozo
|-resisted|p1a: Dondozo
|-damage|p1a: Dondozo|25/100
|
|-weather|SunnyDay|[upkeep]
|-heal|p1a: Dondozo|31/100|[from] item: Leftovers
|upkeep
|turn|25
|
|t:|1769413362
|move|p1a: Dondozo|Rest|p1a: Dondozo
|-status|p1a: Dondozo|slp|[from] move: Rest
|-heal|p1a: Dondozo|100/100 slp|[silent]
|move|p2a: Torkoal|Body Press|p1a: Dondozo
|-damage|p1a: Dondozo|82/100 slp
|
|-weather|SunnyDay|[upkeep]
|-heal|p1a: Dondozo|88/100 slp|[from] item: Leftovers
|upkeep
|turn|26
|
|t:|1769413373
|switch|p2a: Walking Wake|Walking Wake|100/100
|-damage|p2a: Walking Wake|88/100|[from] Stealth Rock
|-activate|p2a: Walking Wake|ability: Protosynthesis
|-start|p2a: Walking Wake|protosynthesisspa
|cant|p1a: Dondozo|slp
|move|p1a: Dondozo|Sleep Talk|p1a: Dondozo
|move|p1a: Dondozo|Avalanche|p2a: Walking Wake|[from] move: Sleep Talk
|-damage|p2a: Walking Wake|74/100
|
|-weather|SunnyDay|[upkeep]
|-heal|p1a: Dondozo|94/100 slp|[from] item: Leftovers
|upkeep
|turn|27
|
|t:|1769413389
|move|p2a: Walking Wake|Knock Off|p1a: Dondozo
|-damage|p1a: Dondozo|84/100 slp
|-enditem|p1a: Dondozo|Leftovers|[from] move: Knock Off|[of] p2a: Walking Wake
|cant|p1a: Dondozo|slp
|move|p1a: Dondozo|Sleep Talk|p1a: Dondozo
|move|p1a: Dondozo|Curse|p1a: Dondozo|[from] move: Sleep Talk
|-unboost|p1a: Dondozo|spe|1
|-boost|p1a: Dondozo|atk|1
|-boost|p1a: Dondozo|def|1
|
|-weather|SunnyDay|[upkeep]
|upkeep
|turn|28
|
|t:|1769413410
|-terastallize|p2a: Walking Wake|Water
|move|p2a: Walking Wake|Hydro Steam|p1a: Dondozo
|-resisted|p1a: Dondozo
|-damage|p1a: Dondozo|45/100 slp
|-curestatus|p1a: Dondozo|slp|[msg]
|move|p1a: Dondozo|Curse|p1a: Dondozo
|-unboost|p1a: Dondozo|spe|1
|-boost|p1a: Dondozo|atk|1
|-boost|p1a: Dondozo|def|1
|
|-weather|SunnyDay|[upkeep]
|upkeep
|turn|29
|
|t:|1769413423
|switch|p1a: Iron Hands|Iron Hands|100/100
|move|p2a: Walking Wake|Hydro Steam|p1a: Iron Hands
|-damage|p1a: Iron Hands|0 fnt
|faint|p1a: Iron Hands
|-end|p1a: Iron Hands|Quark Drive|[silent]
|
|-weather|SunnyDay|[upkeep]
|upkeep
|
|t:|1769413436
|switch|p1a: Lokix|Lokix, F|63/100
|turn|30
|
|t:|1769413444
|move|p1a: Lokix|First Impression|p2a: Walking Wake
|-damage|p2a: Walking Wake|26/100
|move|p2a: Walking Wake|Flamethrower|p1a: Lokix
|-supereffective|p1a: Lokix
|-damage|p1a: Lokix|0 fnt
|faint|p1a: Lokix
|
|-weather|SunnyDay|[upkeep]
|upkeep
|
|t:|1769413456
|switch|p1a: Tinkaton|Tinkaton, F|100/100
|-ability|p1a: Tinkaton|Mold Breaker
|-item|p1a: Tinkaton|Air Balloon
|turn|31
|
|t:|1769413466
|move|p2a: Walking Wake|Flamethrower|p1a: Tinkaton
|-supereffective|p1a: Tinkaton
|-damage|p1a: Tinkaton|0 fnt
|-enditem|p1a: Tinkaton|Air Balloon
|faint|p1a: Tinkaton
|
|-weather|none
|-end|p2a: Walking Wake|Protosynthesis
|upkeep
|-message|Nyarlachan forfeited.
|
|win|Firebird97631
|raw|Nyarlachan's rating: 1059 &rarr; <strong>1038</strong><br />(-21 for losing)
|raw|Firebird97631's rating: 1011 &rarr; <strong>1055</strong><br />(+44 for winning)
|l|☆Nyarlachan
|player|p1|
