|j|☆scorpiomoe
|j|☆iate16p0undsofchez
|t:|1769443042
|gametype|singles
|player|p1|scorpiomoe|2|1080
|player|p2|iate16p0undsofchez|lucas|1074
|gen|9
|tier|[Gen 9] OU
|rated|
|rule|HP Percentage Mod: HP is shown in percentages
|rule|Endless Battle Clause: Forcing endless battles is banned
|rule|Species Clause: Limit one of each Pokémon
|rule|OHKO Clause: OHKO moves are banned
|rule|Evasion Items Clause: Evasion items are banned
|rule|Evasion Moves Clause: Evasion moves are banned
|rule|Evasion Abilities Clause: Evasion abilities are banned
|rule|Sleep Moves Clause: Sleep-inducing moves are banned
|clearpoke
|poke|p1|Lumineon, M|
|poke|p1|Meowscarada, M|
|poke|p1|Pelipper, F|
|poke|p1|Gholdengo|
|poke|p1|Walking Wake|
|poke|p1|Wartortle, M|
|poke|p2|Lilligant-Hisui, F|
|poke|p2|Cyclizar, M|
|poke|p2|Armarouge, M|
|poke|p2|Corviknight, M|
|poke|p2|Dragapult, F|
|poke|p2|Blaziken, M|
|teampreview
|inactive|Battle timer is ON: inactive players will automatically lose when time's up. (requested by iate16p0undsofchez)
|inactive|scorpiomoe also wants the timer to be on.
|
|t:|1769443072
|teamsize|p1|6
|teamsize|p2|6
|start
|switch|p1a: Meowscarada|Meowscarada, M, shiny|100/100
|switch|p2a: mrs plant|Lilligant-Hisui, F, shiny|100/100
|turn|1
|
|t:|1769443081
|move|p1a: Meowscarada|U-turn|p2a: mrs plant
|-start|p1a: Meowscarada|typechange|Bug|[from] ability: Protean
|-damage|p2a: mrs plant|50/100
|
|t:|1769443104
|switch|p1a: Gholdengo|Gholdengo, shiny|100/100|[from] U-turn
|move|p2a: mrs plant|Sunny Day|p2a: mrs plant
|-weather|SunnyDay
|
|-weather|SunnyDay|[upkeep]
|upkeep
|turn|2
|inactive|scorpiomoe has 120 seconds left.
|
|t:|1769443146
|move|p1a: Gholdengo|Shadow Ball|p2a: mrs plant
|-damage|p2a: mrs plant|0 fnt
|faint|p2a: mrs plant
|
|-weather|SunnyDay|[upkeep]
|upkeep
|
|t:|1769443162
|switch|p2a: bichael|Cyclizar, M, shiny|100/100
|turn|3
|
|t:|1769443173
|switch|p1a: Pelipper|Pelipper, F, shiny|100/100
|-weather|RainDance|[from] ability: Drizzle|[of] p1a: Pelipper
|move|p2a: bichael|Ice Spinner|p1a: Pelipper
|-crit|p1a: Pelipper
|-damage|p1a: Pelipper|57/100
|
|-weather|RainDance|[upkeep]
|upkeep
|turn|4
|
|t:|1769443184
|move|p2a: bichael|Ice Spinner|p1a: Pelipper
|-damage|p1a: Pelipper|29/100
|move|p1a: Pelipper|U-turn|p2a: bichael
|-damage|p2a: bichael|83/100
|
|t:|1769443210
|switch|p1a: Walking Wake|Walking Wake|100/100|[from] U-turn
|-enditem|p1a: Walking Wake|Booster Energy
|-activate|p1a: Walking Wake|ability: Protosynthesis|[fromitem]
|-start|p1a: Walking Wake|protosynthesisspe
|
|-weather|RainDance|[upkeep]
|upkeep
|turn|5
|
|t:|1769443225
|move|p1a: Walking Wake|Hydro Steam|p2a: bichael
|-resisted|p2a: bichael
|-damage|p2a: bichael|33/100
|move|p2a: bichael|Ice Spinner|p1a: Walking Wake
|-damage|p1a: Walking Wake|76/100
|
|-weather|RainDance|[upkeep]
|upkeep
|turn|6
|inactive|iate16p0undsofchez has 120 seconds left.
|
|t:|1769443271
|switch|p2a: Corviknight|Corviknight, M|100/100
|move|p1a: Walking Wake|Hydro Steam|p2a: Corviknight
|-damage|p2a: Corviknight|43/100
|
|-weather|RainDance|[upkeep]
|upkeep
|turn|7
|
|t:|1769443284
|move|p1a: Walking Wake|Hydro Steam|p2a: Corviknight
|-damage|p2a: Corviknight|0 fnt
|faint|p2a: Corviknight
|
|-weather|RainDance|[upkeep]
|upkeep
|
|t:|1769443293
|switch|p2a: w speed|Dragapult, F, shiny|100/100
|turn|8
|
|t:|1769443310
|-terastallize|p2a: w speed|Dragon
|move|p1a: Walking Wake|Draco Meteor|p2a: w speed
|-supereffective|p2a: w speed
|-damage|p2a: w speed|0 fnt
|-unboost|p1a: Walking Wake|spa|2
|faint|p2a: w speed
|
|-weather|RainDance|[upkeep]
|upkeep
|
|t:|1769443316
|switch|p2a: bichael|Cyclizar, M, shiny|66/100
|turn|9
|
|t:|1769443322
|move|p1a: Walking Wake|Draco Meteor|p2a: bichael|[miss]
|-miss|p1a: Walking Wake|p2a: bichael
|move|p2a: bichael|Ice Spinner|p1a: Walking Wake
|-damage|p1a: Walking Wake|51/100
|
|-weather|RainDance|[upkeep]
|upkeep
|turn|10
|inactive|iate16p0undsofchez has 120 seconds left.
|
|t:|1769443329
|move|p1a: Walking Wake|Draco Meteor|p2a: bichael
|-supereffective|p2a: bichael
|-damage|p2a: bichael|0 fnt
|-unboost|p1a: Walking Wake|spa|2
|faint|p2a: bichael
|
|-weather|none
|upkeep
|inactive|iate16p0undsofchez has 120 seconds left.
|
|t:|1769443336
|switch|p2a: Blaziken|Blaziken, M, shiny|100/100
|turn|11
|
|t:|1769443341
|-end|p1a: Walking Wake|Protosynthesis|[silent]
|switch|p1a: Pelipper|Pelipper, F, shiny|29/100
|-weather|RainDance|[from] ability: Drizzle|[of] p1a: Pelipper
|move|p2a: Blaziken|Close Combat|p1a: Pelipper
|-resisted|p1a: Pelipper
|-damage|p1a: Pelipper|0 fnt
|-unboost|p2a: Blaziken|def|1
|-unboost|p2a: Blaziken|spd|1
|faint|p1a: Pelipper
|
|-weather|RainDance|[upkeep]
|-ability|p2a: Blaziken|Speed Boost|boost
|-boost|p2a: Blaziken|spe|1
|upkeep
|
|t:|1769443360
|switch|p1a: Wartortle|Wartortle, M, shiny|100/100
|turn|12
|
|t:|1769443376
|move|p1a: Wartortle|Fake Out|p2a: Blaziken
|-damage|p2a: Blaziken|78/100
|cant|p2a: Blaziken|flinch
|
|-weather|RainDance|[upkeep]
|-ability|p2a: Blaziken|Speed Boost|boost
|-boost|p2a: Blaziken|spe|1
|upkeep
|turn|13
|
|t:|1769443386
|move|p2a: Blaziken|Close Combat|p1a: Wartortle
|-damage|p1a: Wartortle|44/100
|-unboost|p2a: Blaziken|def|1
|-unboost|p2a: Blaziken|spd|1
|move|p1a: Wartortle|Flip Turn|p2a: Blaziken
|-supereffective|p2a: Blaziken
|-crit|p2a: Blaziken
|-damage|p2a: Blaziken|0 fnt
|faint|p2a: Blaziken
|-message|iate16p0undsofchez forfeited.
|
|win|scorpiomoe
|raw|scorpiomoe's rating: 1080 &rarr; <strong>1108</strong><br />(+28 for winning)
|raw|iate16p0undsofchez's rating: 1074 &rarr; <strong>1053</strong><br />(-21 for losing)
|l|☆scorpiomoe
|player|p1|
