|j|☆hhpack3
|j|☆Erjuanzas
|t:|1769444429
|gametype|singles
|player|p1|hhpack3|2|1405
|player|p2|Erjuanzas|170|1364
|gen|9
|tier|[Gen 9] OU
|rated|
|rule|HP Percentage Mod: HP is shown in percentages
|rule|Endless Battle Clause: Forcing endless battles is banned
|rule|Species Clause: Limit one of each Pokémon
|rule|OHKO Clause: OHKO moves are banned
|rule|Evasion Items Clause: Evasion items are banned
|rule|Evasion Moves Clause: Evasion moves are banned
|rule|Evasion Abilities Clause: Evasion abilities are banned
|rule|Sleep Moves Clause: Sleep-inducing moves are banned
|clearpoke
|poke|p1|Torkoal, F|
|poke|p1|Walking Wake|
|poke|p1|Raging Bolt|
|poke|p1|Great Tusk|
|poke|p1|Landorus-Therian, M|
|poke|p1|Leafeon, F|
|poke|p2|Pelipper, M|
|poke|p2|Ludicolo, F|
|poke|p2|Iron Treads|
|poke|p2|Landorus-Therian, M|
|poke|p2|Barraskewda, M|
|poke|p2|Basculegion-F, F|
|teampreview
|inactive|Battle timer is ON: inactive players will automatically lose when time's up. (requested by hhpack3)
|inactive|Erjuanzas has 120 seconds left.
|
|t:|1769444511
|teamsize|p1|6
|teamsize|p2|6
|start
|switch|p1a: Landorus|Landorus-Therian, M|100/100
|switch|p2a: Iron Treads|Iron Treads|100/100
|-ability|p1a: Landorus|Intimidate|boost
|-unboost|p2a: Iron Treads|atk|1
|turn|1
|
|t:|1769444521
|-end|p2a: Iron Treads|Quark Drive|[silent]
|switch|p2a: Pelipper|Pelipper, M|100/100
|-weather|RainDance|[from] ability: Drizzle|[of] p2a: Pelipper
|move|p1a: Landorus|Earthquake|p2a: Pelipper
|-immune|p2a: Pelipper
|
|-weather|RainDance|[upkeep]
|upkeep
|turn|2
|
|t:|1769444529
|switch|p1a: Raging Bolt|Raging Bolt|100/100
|move|p2a: Pelipper|Weather Ball|p1a: Raging Bolt
|-resisted|p1a: Raging Bolt
|-damage|p1a: Raging Bolt|75/100
|
|-weather|RainDance|[upkeep]
|upkeep
|turn|3
|
|t:|1769444540
|-end|p1a: Raging Bolt|Protosynthesis|[silent]
|switch|p1a: Torkoal|Torkoal, F|100/100
|-weather|SunnyDay|[from] ability: Drought|[of] p1a: Torkoal
|switch|p2a: Iron Treads|Iron Treads|100/100
|
|-weather|SunnyDay|[upkeep]
|upkeep
|turn|4
|
|t:|1769444546
|move|p2a: Iron Treads|Volt Switch|p1a: Torkoal
|-damage|p1a: Torkoal|86/100
|
|t:|1769444549
|-end|p2a: Iron Treads|Quark Drive|[silent]
|switch|p2a: Pelipper|Pelipper, M|100/100|[from] Volt Switch
|-weather|RainDance|[from] ability: Drizzle|[of] p2a: Pelipper
|move|p1a: Torkoal|Lava Plume|p2a: Pelipper
|-resisted|p2a: Pelipper
|-damage|p2a: Pelipper|93/100
|
|-weather|RainDance|[upkeep]
|upkeep
|turn|5
|
|t:|1769444568
|switch|p1a: Raging Bolt|Raging Bolt|75/100
|move|p2a: Pelipper|U-turn|p1a: Raging Bolt
|-damage|p1a: Raging Bolt|66/100
|
|t:|1769444589
|switch|p2a: Iron Treads|Iron Treads|100/100|[from] U-turn
|
|-weather|RainDance|[upkeep]
|upkeep
|turn|6
|
|t:|1769444597
|-end|p1a: Raging Bolt|Protosynthesis|[silent]
|switch|p1a: Landorus|Landorus-Therian, M|100/100
|-ability|p1a: Landorus|Intimidate|boost
|-unboost|p2a: Iron Treads|atk|1
|-end|p2a: Iron Treads|Quark Drive|[silent]
|switch|p2a: Barraskewda|Barraskewda, M|100/100
|
|-weather|RainDance|[upkeep]
|upkeep
|turn|7
|
|t:|1769444611
|switch|p1a: Torkoal|Torkoal, F|86/100
|-weather|SunnyDay|[from] ability: Drought|[of] p1a: Torkoal
|move|p2a: Barraskewda|Liquidation|p1a: Torkoal
|-supereffective|p1a: Torkoal
|-damage|p1a: Torkoal|44/100
|-unboost|p1a: Torkoal|def|1
|
|-weather|SunnyDay|[upkeep]
|upkeep
|turn|8
|
|t:|1769444615
|switch|p1a: Leafeon|Leafeon, F|100/100
|move|p2a: Barraskewda|Liquidation|p1a: Leafeon
|-resisted|p1a: Leafeon
|-damage|p1a: Leafeon|84/100
|
|-weather|SunnyDay|[upkeep]
|upkeep
|turn|9
|
|t:|1769444620
|switch|p2a: Pelipper|Pelipper, M|93/100
|-weather|RainDance|[from] ability: Drizzle|[of] p2a: Pelipper
|move|p1a: Leafeon|Leaf Blade|p2a: Pelipper
|-damage|p2a: Pelipper|56/100
|
|-weather|RainDance|[upkeep]
|upkeep
|turn|10
|
|t:|1769444626
|switch|p1a: Walking Wake|Walking Wake|100/100
|move|p2a: Pelipper|Roost|p2a: Pelipper
|-heal|p2a: Pelipper|100/100
|-singleturn|p2a: Pelipper|move: Roost
|
|-weather|RainDance|[upkeep]
|upkeep
|turn|11
|
|t:|1769444633
|switch|p2a: Iron Treads|Iron Treads|100/100
|move|p1a: Walking Wake|Draco Meteor|p2a: Iron Treads
|-resisted|p2a: Iron Treads
|-damage|p2a: Iron Treads|73/100
|-unboost|p1a: Walking Wake|spa|2
|
|-weather|RainDance|[upkeep]
|upkeep
|turn|12
|
|t:|1769444640
|-end|p1a: Walking Wake|Protosynthesis|[silent]
|switch|p1a: Landorus|Landorus-Therian, M|100/100
|-ability|p1a: Landorus|Intimidate|boost
|-unboost|p2a: Iron Treads|atk|1
|move|p2a: Iron Treads|Earthquake|p1a: Landorus
|-immune|p1a: Landorus
|
|-weather|RainDance|[upkeep]
|upkeep
|turn|13
|inactive|hhpack3 has 120 seconds left.
|
|t:|1769444688
|-end|p2a: Iron Treads|Quark Drive|[silent]
|switch|p2a: Ludicolo|Ludicolo, F|100/100
|move|p1a: Landorus|U-turn|p2a: Ludicolo
|-supereffective|p2a: Ludicolo
|-damage|p2a: Ludicolo|21/100
|
|t:|1769444698
|switch|p1a: Torkoal|Torkoal, F|44/100|[from] U-turn
|-weather|SunnyDay|[from] ability: Drought|[of] p1a: Torkoal
|
|-weather|SunnyDay|[upkeep]
|upkeep
|turn|14
|
|t:|1769444725
|switch|p1a: Walking Wake|Walking Wake|100/100
|-activate|p1a: Walking Wake|ability: Protosynthesis
|-start|p1a: Walking Wake|protosynthesisspe
|move|p2a: Ludicolo|Hydro Pump|p1a: Walking Wake
|-resisted|p1a: Walking Wake
|-damage|p1a: Walking Wake|91/100
|-damage|p2a: Ludicolo|11/100|[from] item: Life Orb
|
|-weather|SunnyDay|[upkeep]
|upkeep
|turn|15
|inactive|hhpack3 has 90 seconds left.
|
|t:|1769444758
|move|p1a: Walking Wake|Flip Turn|p2a: Ludicolo
|-resisted|p2a: Ludicolo
|-damage|p2a: Ludicolo|8/100
|
|t:|1769444762
|-end|p1a: Walking Wake|Protosynthesis|[silent]
|switch|p1a: Leafeon|Leafeon, F|84/100|[from] Flip Turn
|move|p2a: Ludicolo|Giga Drain|p1a: Leafeon
|-resisted|p1a: Leafeon
|-damage|p1a: Leafeon|43/100
|-heal|p2a: Ludicolo|26/100|[from] drain|[of] p1a: Leafeon
|-damage|p2a: Ludicolo|16/100|[from] item: Life Orb
|
|-weather|SunnyDay|[upkeep]
|upkeep
|turn|16
|
|t:|1769444767
|switch|p2a: Pelipper|Pelipper, M|100/100
|-weather|RainDance|[from] ability: Drizzle|[of] p2a: Pelipper
|move|p1a: Leafeon|Knock Off|p2a: Pelipper
|-damage|p2a: Pelipper|75/100
|-enditem|p2a: Pelipper|Damp Rock|[from] move: Knock Off|[of] p1a: Leafeon
|
|-weather|RainDance|[upkeep]
|upkeep
|turn|17
|
|t:|1769444775
|switch|p1a: Raging Bolt|Raging Bolt|66/100
|move|p2a: Pelipper|U-turn|p1a: Raging Bolt
|-damage|p1a: Raging Bolt|58/100
|
|t:|1769444781
|switch|p2a: Basculegion|Basculegion-F, F|100/100|[from] U-turn
|
|-weather|RainDance|[upkeep]
|upkeep
|turn|18
|
|t:|1769444786
|switch|p2a: Iron Treads|Iron Treads|73/100
|move|p1a: Raging Bolt|Volt Switch|p2a: Iron Treads
|-immune|p2a: Iron Treads
|
|-weather|RainDance|[upkeep]
|upkeep
|turn|19
|
|t:|1769444792
|-end|p1a: Raging Bolt|Protosynthesis|[silent]
|switch|p1a: Landorus|Landorus-Therian, M|100/100
|-ability|p1a: Landorus|Intimidate|boost
|-unboost|p2a: Iron Treads|atk|1
|-end|p2a: Iron Treads|Quark Drive|[silent]
|switch|p2a: Barraskewda|Barraskewda, M|100/100
|
|-weather|RainDance|[upkeep]
|upkeep
|turn|20
|
|t:|1769444816
|switch|p1a: Torkoal|Torkoal, F|44/100
|-weather|SunnyDay|[from] ability: Drought|[of] p1a: Torkoal
|move|p2a: Barraskewda|Liquidation|p1a: Torkoal
|-supereffective|p1a: Torkoal
|-damage|p1a: Torkoal|1/100
|
|-weather|SunnyDay|[upkeep]
|upkeep
|turn|21
|
|t:|1769444820
|switch|p1a: Leafeon|Leafeon, F|43/100
|move|p2a: Barraskewda|Liquidation|p1a: Leafeon
|-resisted|p1a: Leafeon
|-damage|p1a: Leafeon|25/100
|-unboost|p1a: Leafeon|def|1
|
|-weather|SunnyDay|[upkeep]
|upkeep
|turn|22
|
|t:|1769444832
|switch|p2a: Pelipper|Pelipper, M|75/100
|-weather|RainDance|[from] ability: Drizzle|[of] p2a: Pelipper
|move|p1a: Leafeon|Leaf Blade|p2a: Pelipper
|-damage|p2a: Pelipper|40/100
|
|-weather|RainDance|[upkeep]
|upkeep
|turn|23
|
|t:|1769444842
|move|p1a: Leafeon|Leaf Blade|p2a: Pelipper
|-damage|p2a: Pelipper|4/100
|move|p2a: Pelipper|Roost|p2a: Pelipper
|-heal|p2a: Pelipper|54/100
|-singleturn|p2a: Pelipper|move: Roost
|
|-weather|RainDance|[upkeep]
|upkeep
|turn|24
|
|t:|1769444847
|switch|p1a: Raging Bolt|Raging Bolt|58/100
|move|p2a: Pelipper|Roost|p2a: Pelipper
|-heal|p2a: Pelipper|100/100
|-singleturn|p2a: Pelipper|move: Roost
|
|-weather|RainDance|[upkeep]
|upkeep
|turn|25
|
|t:|1769444850
|-end|p1a: Raging Bolt|Protosynthesis|[silent]
|switch|p1a: Landorus|Landorus-Therian, M|100/100
|-ability|p1a: Landorus|Intimidate|boost
|-unboost|p2a: Pelipper|atk|1
|switch|p2a: Iron Treads|Iron Treads|73/100
|
|-weather|RainDance|[upkeep]
|upkeep
|turn|26
|
|t:|1769444855
|-end|p2a: Iron Treads|Quark Drive|[silent]
|switch|p2a: Pelipper|Pelipper, M|100/100
|move|p1a: Landorus|Stealth Rock|p2a: Pelipper
|-sidestart|p2: Erjuanzas|move: Stealth Rock
|
|-weather|none
|upkeep
|turn|27
|
|t:|1769444861
|switch|p1a: Raging Bolt|Raging Bolt|58/100
|move|p2a: Pelipper|U-turn|p1a: Raging Bolt
|-damage|p1a: Raging Bolt|48/100
|
|t:|1769444863
|switch|p2a: Iron Treads|Iron Treads|73/100|[from] U-turn
|-damage|p2a: Iron Treads|70/100|[from] Stealth Rock
|
|upkeep
|turn|28
|
|t:|1769444865
|-end|p1a: Raging Bolt|Protosynthesis|[silent]
|switch|p1a: Landorus|Landorus-Therian, M|100/100
|-ability|p1a: Landorus|Intimidate|boost
|-unboost|p2a: Iron Treads|atk|1
|move|p2a: Iron Treads|Rapid Spin|p1a: Landorus
|-damage|p1a: Landorus|91/100
|-boost|p2a: Iron Treads|spe|1
|-sideend|p2: Erjuanzas|Stealth Rock|[from] move: Rapid Spin|[of] p2a: Iron Treads
|
|upkeep
|turn|29
|
|t:|1769444872
|-end|p2a: Iron Treads|Quark Drive|[silent]
|switch|p2a: Pelipper|Pelipper, M|100/100
|-weather|RainDance|[from] ability: Drizzle|[of] p2a: Pelipper
|move|p1a: Landorus|U-turn|p2a: Pelipper
|-resisted|p2a: Pelipper
|-damage|p2a: Pelipper|90/100
|
|t:|1769444873
|switch|p1a: Torkoal|Torkoal, F|1/100|[from] U-turn
|-weather|SunnyDay|[from] ability: Drought|[of] p1a: Torkoal
|
|-weather|SunnyDay|[upkeep]
|upkeep
|turn|30
|
|t:|1769444877
|switch|p1a: Walking Wake|Walking Wake|91/100
|-activate|p1a: Walking Wake|ability: Protosynthesis
|-start|p1a: Walking Wake|protosynthesisspe
|move|p2a: Pelipper|U-turn|p1a: Walking Wake
|-damage|p1a: Walking Wake|81/100
|
|t:|1769444884
|switch|p2a: Landorus|Landorus-Therian, M|100/100|[from] U-turn
|-ability|p2a: Landorus|Intimidate|boost
|-unboost|p1a: Walking Wake|atk|1
|
|-weather|SunnyDay|[upkeep]
|upkeep
|turn|31
|
|t:|1769444889
|-terastallize|p2a: Landorus|Poison
|move|p1a: Walking Wake|Draco Meteor|p2a: Landorus
|-damage|p2a: Landorus|0 fnt
|-unboost|p1a: Walking Wake|spa|2
|faint|p2a: Landorus
|
|-weather|SunnyDay|[upkeep]
|upkeep
|-message|Erjuanzas forfeited.
|
|win|hhpack3
|raw|hhpack3's rating: 1405 &rarr; <strong>1423</strong><br />(+18 for winning)
|raw|Erjuanzas's rating: 1364 &rarr; <strong>1346</strong><br />(-18 for losing)
|l|☆Erjuanzas
|player|p2|
|l|☆hhpack3
|player|p1|
