|j|☆lynebron123
|j|☆Tbhidek20
|t:|1769323714
|gametype|singles
|player|p1|lynebron123|1|1098
|player|p2|Tbhidek20|101|1112
|gen|9
|tier|[Gen 9] OU
|rated|
|rule|HP Percentage Mod: HP is shown in percentages
|rule|Endless Battle Clause: Forcing endless battles is banned
|rule|Species Clause: Limit one of each Pokémon
|rule|OHKO Clause: OHKO moves are banned
|rule|Evasion Items Clause: Evasion items are banned
|rule|Evasion Moves Clause: Evasion moves are banned
|rule|Evasion Abilities Clause: Evasion abilities are banned
|rule|Sleep Moves Clause: Sleep-inducing moves are banned
|clearpoke
|poke|p1|Grimmsnarl, M|
|poke|p1|Malamar, M|
|poke|p1|Glastrier|
|poke|p1|Corviknight, F|
|poke|p1|Volcanion|
|poke|p1|Gliscor, M|
|poke|p2|Piloswine, M|
|poke|p2|Samurott, M|
|poke|p2|Passimian, M|
|poke|p2|Sandslash, M|
|poke|p2|Meowstic-F, F|
|poke|p2|Brute Bonnet|
|teampreview
|inactive|Battle timer is ON: inactive players will automatically lose when time's up. (requested by lynebron123)
|inactive|Tbhidek20 has 120 seconds left.
|inactive|Tbhidek20 has 90 seconds left.
|
|t:|1769323829
|teamsize|p1|6
|teamsize|p2|6
|start
|switch|p1a: Grimmsnarl|Grimmsnarl, M|100/100
|switch|p2a: Passimian|Passimian, M|100/100
|turn|1
|inactive|Tbhidek20 has 120 seconds left.
|
|t:|1769323876
|move|p1a: Grimmsnarl|Reflect|p1a: Grimmsnarl
|-sidestart|p1: lynebron123|Reflect
|move|p2a: Passimian|Close Combat|p1a: Grimmsnarl
|-damage|p1a: Grimmsnarl|59/100
|-unboost|p2a: Passimian|def|1
|-unboost|p2a: Passimian|spd|1
|
|upkeep
|turn|2
|
|t:|1769323892
|switch|p2a: Sandslash|Sandslash, M|100/100
|move|p1a: Grimmsnarl|Parting Shot|p2a: Sandslash
|-unboost|p2a: Sandslash|atk|1
|-unboost|p2a: Sandslash|spa|1
|inactive|lynebron123 has 120 seconds left.
|
|t:|1769323902
|switch|p1a: Gliscor|Gliscor, M, shiny|100/100|[from] Parting Shot
|
|-status|p1a: Gliscor|tox|[from] item: Toxic Orb
|upkeep
|turn|3
|
|t:|1769323915
|switch|p2a: Piloswine|Piloswine, M|100/100
|move|p1a: Gliscor|Toxic|p2a: Piloswine
|-status|p2a: Piloswine|tox
|
|-damage|p2a: Piloswine|94/100 tox|[from] psn
|upkeep
|turn|4
|
|t:|1769323926
|move|p1a: Gliscor|Protect|p1a: Gliscor
|-singleturn|p1a: Gliscor|Protect
|move|p2a: Piloswine|Stealth Rock|p1a: Gliscor
|-sidestart|p1: lynebron123|move: Stealth Rock
|
|-damage|p2a: Piloswine|82/100 tox|[from] psn
|upkeep
|turn|5
|
|t:|1769323939
|switch|p1a: Volcanion|Volcanion|100/100
|-damage|p1a: Volcanion|76/100|[from] Stealth Rock
|move|p2a: Piloswine|Roar|p1a: Volcanion
|drag|p1a: Glastrier|Glastrier|100/100
|-damage|p1a: Glastrier|76/100|[from] Stealth Rock
|
|-damage|p2a: Piloswine|63/100 tox|[from] psn
|upkeep
|turn|6
|inactive|lynebron123 has 120 seconds left.
|
|t:|1769323955
|move|p1a: Glastrier|Icicle Crash|p2a: Piloswine
|-damage|p2a: Piloswine|53/100 tox
|cant|p2a: Piloswine|flinch
|
|-damage|p2a: Piloswine|28/100 tox|[from] psn
|upkeep
|turn|7
|inactive|lynebron123 has 120 seconds left.
|
|t:|1769323965
|move|p1a: Glastrier|Body Press|p2a: Piloswine
|-supereffective|p2a: Piloswine
|-damage|p2a: Piloswine|0 fnt
|faint|p2a: Piloswine
|-ability|p1a: Glastrier|Chilling Neigh|boost
|-boost|p1a: Glastrier|atk|1
|
|upkeep
|inactive|Tbhidek20 has 120 seconds left.
|inactive|Tbhidek20 has 90 seconds left.
|inactive|Tbhidek20 has 60 seconds left.
|
|t:|1769324050
|switch|p2a: Samurott|Samurott, M, shiny|100/100
|turn|8
|inactive|lynebron123 has 120 seconds left.
|
|t:|1769324068
|move|p2a: Samurott|Sacred Sword|p1a: Glastrier
|-supereffective|p1a: Glastrier
|-damage|p1a: Glastrier|64/100
|move|p1a: Glastrier|Zen Headbutt|p2a: Samurott
|-damage|p2a: Samurott|58/100
|
|-sideend|p1: lynebron123|Reflect
|upkeep
|turn|9
|inactive|lynebron123 has 120 seconds left.
|inactive|Tbhidek20 has 60 seconds left.
|inactive|Tbhidek20 has 30 seconds left.
|
|t:|1769324119
|switch|p2a: Sandslash|Sandslash, M|100/100
|move|p1a: Glastrier|Body Press|p2a: Sandslash
|-damage|p2a: Sandslash|69/100
|
|-heal|p2a: Sandslash|75/100|[from] item: Leftovers
|upkeep
|turn|10
|inactive|Tbhidek20 has 30 seconds left.
|inactive|lynebron123 has 120 seconds left.
|
|t:|1769324131
|move|p2a: Sandslash|Earthquake|p1a: Glastrier
|-damage|p1a: Glastrier|40/100
|move|p1a: Glastrier|Icicle Crash|p2a: Sandslash|[miss]
|-miss|p1a: Glastrier|p2a: Sandslash
|
|-heal|p2a: Sandslash|81/100|[from] item: Leftovers
|upkeep
|turn|11
|inactive|Tbhidek20 has 30 seconds left.
|inactive|lynebron123 has 120 seconds left.
|inactive|Tbhidek20 has 20 seconds left.
|
|t:|1769324150
|switch|p2a: Samurott|Samurott, M, shiny|58/100
|move|p1a: Glastrier|Icicle Crash|p2a: Samurott
|-resisted|p2a: Samurott
|-damage|p2a: Samurott|24/100
|
|upkeep
|turn|12
|inactive|Tbhidek20 has 30 seconds left this turn.
|inactive|lynebron123 has 120 seconds left.
|
|t:|1769324161
|move|p2a: Samurott|Surf|p1a: Glastrier
|-damage|p1a: Glastrier|4/100
|move|p1a: Glastrier|Body Press|p2a: Samurott
|-damage|p2a: Samurott|0 fnt
|faint|p2a: Samurott
|-ability|p1a: Glastrier|Chilling Neigh|boost
|-boost|p1a: Glastrier|atk|1
|
|upkeep
|inactive|Tbhidek20 has 30 seconds left this turn.
|inactive|Tbhidek20 has 20 seconds left.
|inactive|Tbhidek20 has 15 seconds left.
|inactive|Tbhidek20 has 10 seconds left.
|
|t:|1769324181
|switch|p2a: Brute Bonnet|Brute Bonnet|100/100
|-enditem|p2a: Brute Bonnet|Booster Energy
|-activate|p2a: Brute Bonnet|ability: Protosynthesis|[fromitem]
|-start|p2a: Brute Bonnet|protosynthesisatk
|turn|13
|inactive|Tbhidek20 has 20 seconds left this turn.
|
|t:|1769324190
|move|p2a: Brute Bonnet|Trailblaze|p1a: Glastrier
|-damage|p1a: Glastrier|0 fnt
|-boost|p2a: Brute Bonnet|spe|1
|faint|p1a: Glastrier
|
|upkeep
|
|t:|1769324198
|switch|p1a: Grimmsnarl|Grimmsnarl, M|59/100
|-damage|p1a: Grimmsnarl|46/100|[from] Stealth Rock
|turn|14
|inactive|Tbhidek20 has 30 seconds left.
|
|t:|1769324207
|move|p1a: Grimmsnarl|Reflect|p1a: Grimmsnarl
|-sidestart|p1: lynebron123|Reflect
|move|p2a: Brute Bonnet|Seed Bomb|p1a: Grimmsnarl
|-damage|p1a: Grimmsnarl|19/100
|
|upkeep
|turn|15
|inactive|Tbhidek20 has 30 seconds left.
|inactive|Tbhidek20 has 20 seconds left.
|inactive|Tbhidek20 has 15 seconds left.
|
|t:|1769324237
|switch|p1a: Corviknight|Corviknight, F|100/100
|-damage|p1a: Corviknight|88/100|[from] Stealth Rock
|move|p2a: Brute Bonnet|Seed Bomb|p1a: Corviknight
|-resisted|p1a: Corviknight
|-damage|p1a: Corviknight|83/100
|
|-heal|p1a: Corviknight|89/100|[from] item: Leftovers
|upkeep
|turn|16
|inactive|Tbhidek20 has 25 seconds left this turn.
|inactive|Tbhidek20 has 20 seconds left.
|inactive|Tbhidek20 has 15 seconds left.
|
|t:|1769324250
|-end|p2a: Brute Bonnet|Protosynthesis|[silent]
|switch|p2a: Sandslash|Sandslash, M|81/100
|move|p1a: Corviknight|Bulk Up|p1a: Corviknight
|-boost|p1a: Corviknight|atk|1
|-boost|p1a: Corviknight|def|1
|
|-heal|p2a: Sandslash|87/100|[from] item: Leftovers
|-heal|p1a: Corviknight|95/100|[from] item: Leftovers
|upkeep
|turn|17
|inactive|Tbhidek20 has 25 seconds left this turn.
|
|t:|1769324263
|move|p2a: Sandslash|Swords Dance|p2a: Sandslash
|-boost|p2a: Sandslash|atk|2
|move|p1a: Corviknight|Bulk Up|p1a: Corviknight
|-boost|p1a: Corviknight|atk|1
|-boost|p1a: Corviknight|def|1
|
|-heal|p2a: Sandslash|93/100|[from] item: Leftovers
|-heal|p1a: Corviknight|100/100|[from] item: Leftovers
|upkeep
|turn|18
|inactive|Tbhidek20 has 30 seconds left.
|
|t:|1769324274
|move|p2a: Sandslash|Swords Dance|p2a: Sandslash
|-boost|p2a: Sandslash|atk|2
|move|p1a: Corviknight|Body Press|p2a: Sandslash
|-damage|p2a: Sandslash|39/100
|
|-heal|p2a: Sandslash|46/100|[from] item: Leftovers
|upkeep
|turn|19
|inactive|Tbhidek20 has 30 seconds left.
|
|t:|1769324286
|move|p2a: Sandslash|Leech Life|p1a: Corviknight
|-resisted|p1a: Corviknight
|-damage|p1a: Corviknight|97/100
|-heal|p2a: Sandslash|48/100|[from] drain|[of] p1a: Corviknight
|move|p1a: Corviknight|Body Press|p2a: Sandslash
|-damage|p2a: Sandslash|0 fnt
|faint|p2a: Sandslash
|
|-heal|p1a: Corviknight|100/100|[from] item: Leftovers
|upkeep
|inactive|Tbhidek20 has 30 seconds left.
|
|t:|1769324295
|switch|p2a: Meowstic|Meowstic-F, F|100/100
|turn|20
|inactive|Tbhidek20 has 30 seconds left.
|inactive|Tbhidek20 has 20 seconds left.
|inactive|Tbhidek20 has 15 seconds left.
|
|t:|1769324324
|move|p2a: Meowstic|Nasty Plot|p2a: Meowstic
|-boost|p2a: Meowstic|spa|2
|move|p1a: Corviknight|Brave Bird|p2a: Meowstic
|-damage|p2a: Meowstic|0 fnt
|faint|p2a: Meowstic
|-damage|p1a: Corviknight|72/100|[from] Recoil
|
|-heal|p1a: Corviknight|79/100|[from] item: Leftovers
|upkeep
|inactive|Tbhidek20 has 20 seconds left this turn.
|inactive|Tbhidek20 has 15 seconds left.
|inactive|Tbhidek20 has 10 seconds left.
|
|t:|1769324335
|switch|p2a: Passimian|Passimian, M|100/100
|turn|21
|inactive|Tbhidek20 has 20 seconds left this turn.
|
|t:|1769324341
|move|p2a: Passimian|Close Combat|p1a: Corviknight
|-damage|p1a: Corviknight|62/100
|-unboost|p2a: Passimian|def|1
|-unboost|p2a: Passimian|spd|1
|move|p1a: Corviknight|Brave Bird|p2a: Passimian
|-supereffective|p2a: Passimian
|-damage|p2a: Passimian|0 fnt
|faint|p2a: Passimian
|-damage|p1a: Corviknight|28/100|[from] Recoil
|
|-heal|p1a: Corviknight|34/100|[from] item: Leftovers
|-sideend|p1: lynebron123|Reflect
|upkeep
|inactive|Tbhidek20 has 25 seconds left this turn.
|
|t:|1769324345
|switch|p2a: Brute Bonnet|Brute Bonnet|100/100
|turn|22
|inactive|Tbhidek20 has 30 seconds left.
|
|t:|1769324360
|-terastallize|p2a: Brute Bonnet|Fighting
|move|p2a: Brute Bonnet|Trailblaze|p1a: Corviknight
|-resisted|p1a: Corviknight
|-damage|p1a: Corviknight|32/100
|-boost|p2a: Brute Bonnet|spe|1
|move|p1a: Corviknight|Brave Bird|p2a: Brute Bonnet
|-supereffective|p2a: Brute Bonnet
|-crit|p2a: Brute Bonnet
|-damage|p2a: Brute Bonnet|0 fnt
|faint|p2a: Brute Bonnet
|-end|p2a: Brute Bonnet|Protosynthesis|[silent]
|-damage|p1a: Corviknight|0 fnt|[from] Recoil
|faint|p1a: Corviknight
|
|win|lynebron123
|raw|lynebron123's rating: 1098 &rarr; <strong>1124</strong><br />(+26 for winning)
|raw|Tbhidek20's rating: 1112 &rarr; <strong>1086</strong><br />(-26 for losing)
|l|☆Tbhidek20
|player|p2|
