|j|☆xiaogulu
|j|☆raz62
|t:|1769342880
|gametype|singles
|player|p1|xiaogulu|hilda-wonderlauncher|1421
|player|p2|raz62|cynthia-gen4|1442
|gen|9
|tier|[Gen 9] OU
|rated|
|rule|HP Percentage Mod: HP is shown in percentages
|rule|Endless Battle Clause: Forcing endless battles is banned
|rule|Species Clause: Limit one of each Pokémon
|rule|OHKO Clause: OHKO moves are banned
|rule|Evasion Items Clause: Evasion items are banned
|rule|Evasion Moves Clause: Evasion moves are banned
|rule|Evasion Abilities Clause: Evasion abilities are banned
|rule|Sleep Moves Clause: Sleep-inducing moves are banned
|clearpoke
|poke|p1|Tyranitar, M|
|poke|p1|Excadrill, F|
|poke|p1|Walking Wake|
|poke|p1|Ninetales, F|
|poke|p1|Pelipper, M|
|poke|p1|Kingambit, M|
|poke|p2|Great Tusk|
|poke|p2|Walking Wake|
|poke|p2|Kingambit, F|
|poke|p2|Charizard, M|
|poke|p2|Ninetales, F|
|poke|p2|Raging Bolt|
|teampreview
|inactive|Battle timer is ON: inactive players will automatically lose when time's up. (requested by raz62)
|
|t:|1769342885
|teamsize|p1|6
|teamsize|p2|6
|start
|switch|p1a: Walking Wake|Walking Wake|100/100
|switch|p2a: Raging Bolt|Raging Bolt|100/100
|-item|p2a: Raging Bolt|Air Balloon
|turn|1
|
|t:|1769342894
|-terastallize|p2a: Raging Bolt|Fairy
|move|p1a: Walking Wake|Dragon Pulse|p2a: Raging Bolt
|-immune|p2a: Raging Bolt
|move|p2a: Raging Bolt|Dragon Pulse|p1a: Walking Wake
|-supereffective|p1a: Walking Wake
|-damage|p1a: Walking Wake|15/100
|
|upkeep
|turn|2
|
|t:|1769342901
|-end|p1a: Walking Wake|Protosynthesis|[silent]
|switch|p1a: Excadrill|Excadrill, F|100/100
|-item|p1a: Excadrill|Air Balloon
|move|p2a: Raging Bolt|Thunderbolt|p1a: Excadrill
|-immune|p1a: Excadrill
|
|upkeep
|turn|3
|
|t:|1769342907
|-end|p2a: Raging Bolt|Protosynthesis|[silent]
|switch|p2a: Ninetales|Ninetales, F|100/100
|-weather|SunnyDay|[from] ability: Drought|[of] p2a: Ninetales
|move|p1a: Excadrill|Iron Head|p2a: Ninetales
|-resisted|p2a: Ninetales
|-damage|p2a: Ninetales|76/100
|
|-weather|SunnyDay|[upkeep]
|upkeep
|turn|4
|
|t:|1769342913
|switch|p2a: Raging Bolt|Raging Bolt, tera:Fairy|100/100
|-item|p2a: Raging Bolt|Air Balloon
|-activate|p2a: Raging Bolt|ability: Protosynthesis
|-start|p2a: Raging Bolt|protosynthesisspa
|switch|p1a: Tyranitar|Tyranitar, M|100/100
|-weather|Sandstorm|[from] ability: Sand Stream|[of] p1a: Tyranitar
|-end|p2a: Raging Bolt|Protosynthesis
|
|-weather|Sandstorm|[upkeep]
|-damage|p2a: Raging Bolt|94/100|[from] Sandstorm
|upkeep
|turn|5
|
|t:|1769342925
|-end|p2a: Raging Bolt|Protosynthesis|[silent]
|switch|p2a: Great Tusk|Great Tusk|100/100
|move|p1a: Tyranitar|Knock Off|p2a: Great Tusk
|-resisted|p2a: Great Tusk
|-damage|p2a: Great Tusk|85/100
|-enditem|p2a: Great Tusk|Assault Vest|[from] move: Knock Off|[of] p1a: Tyranitar
|
|-weather|Sandstorm|[upkeep]
|upkeep
|turn|6
|
|t:|1769342929
|move|p2a: Great Tusk|Rapid Spin|p1a: Tyranitar
|-resisted|p1a: Tyranitar
|-damage|p1a: Tyranitar|94/100
|-boost|p2a: Great Tusk|spe|1
|move|p1a: Tyranitar|Ice Beam|p2a: Great Tusk
|-supereffective|p2a: Great Tusk
|-damage|p2a: Great Tusk|17/100
|
|-weather|Sandstorm|[upkeep]
|upkeep
|turn|7
|
|t:|1769342933
|move|p2a: Great Tusk|Close Combat|p1a: Tyranitar
|-supereffective|p1a: Tyranitar
|-damage|p1a: Tyranitar|0 fnt
|-unboost|p2a: Great Tusk|def|1
|-unboost|p2a: Great Tusk|spd|1
|faint|p1a: Tyranitar
|
|-weather|Sandstorm|[upkeep]
|upkeep
|
|t:|1769342936
|switch|p1a: Excadrill|Excadrill, F|100/100
|-item|p1a: Excadrill|Air Balloon
|turn|8
|
|t:|1769342939
|move|p1a: Excadrill|Iron Head|p2a: Great Tusk
|-damage|p2a: Great Tusk|0 fnt
|faint|p2a: Great Tusk
|-end|p2a: Great Tusk|Protosynthesis|[silent]
|
|-weather|none
|upkeep
|
|t:|1769342954
|switch|p2a: Charizard|Charizard, M|100/100
|turn|9
|
|t:|1769342959
|switch|p1a: Pelipper|Pelipper, M|100/100
|-weather|RainDance|[from] ability: Drizzle|[of] p1a: Pelipper
|move|p2a: Charizard|Fire Blast|p1a: Pelipper|[miss]
|-miss|p2a: Charizard|p1a: Pelipper
|
|-weather|RainDance|[upkeep]
|upkeep
|turn|10
|
|t:|1769342969
|switch|p2a: Raging Bolt|Raging Bolt, tera:Fairy|94/100
|-item|p2a: Raging Bolt|Air Balloon
|move|p1a: Pelipper|Surf|p2a: Raging Bolt
|-damage|p2a: Raging Bolt|9/100
|-enditem|p2a: Raging Bolt|Air Balloon
|
|-weather|RainDance|[upkeep]
|upkeep
|turn|11
|
|t:|1769342972
|switch|p1a: Excadrill|Excadrill, F|100/100
|-item|p1a: Excadrill|Air Balloon
|move|p2a: Raging Bolt|Dragon Pulse|p1a: Excadrill
|-resisted|p1a: Excadrill
|-damage|p1a: Excadrill|69/100
|-enditem|p1a: Excadrill|Air Balloon
|
|-weather|RainDance|[upkeep]
|upkeep
|turn|12
|
|t:|1769342983
|-end|p2a: Raging Bolt|Protosynthesis|[silent]
|switch|p2a: Kingambit|Kingambit, F|100/100
|-activate|p2a: Kingambit|ability: Supreme Overlord
|-start|p2a: Kingambit|fallen1|[silent]
|-item|p2a: Kingambit|Air Balloon
|move|p1a: Excadrill|Rapid Spin|p2a: Kingambit
|-resisted|p2a: Kingambit
|-damage|p2a: Kingambit|93/100
|-boost|p1a: Excadrill|spe|1
|-enditem|p2a: Kingambit|Air Balloon
|
|-weather|RainDance|[upkeep]
|upkeep
|turn|13
|
|t:|1769342987
|move|p1a: Excadrill|Earthquake|p2a: Kingambit
|-supereffective|p2a: Kingambit
|-damage|p2a: Kingambit|7/100
|move|p2a: Kingambit|Kowtow Cleave|p1a: Excadrill
|-damage|p1a: Excadrill|0 fnt
|faint|p1a: Excadrill
|
|-weather|none
|upkeep
|
|t:|1769342996
|switch|p1a: Pelipper|Pelipper, M|100/100
|-weather|RainDance|[from] ability: Drizzle|[of] p1a: Pelipper
|turn|14
|
|t:|1769342999
|move|p2a: Kingambit|Sucker Punch|p1a: Pelipper
|-damage|p1a: Pelipper|50/100
|move|p1a: Pelipper|Surf|p2a: Kingambit
|-damage|p2a: Kingambit|0 fnt
|faint|p2a: Kingambit
|-end|p2a: Kingambit|fallen1|[silent]
|
|-weather|RainDance|[upkeep]
|upkeep
|
|t:|1769343004
|switch|p2a: Raging Bolt|Raging Bolt, tera:Fairy|9/100
|turn|15
|
|t:|1769343007
|-terastallize|p1a: Pelipper|Ground
|move|p2a: Raging Bolt|Thunderbolt|p1a: Pelipper
|-immune|p1a: Pelipper
|move|p1a: Pelipper|Surf|p2a: Raging Bolt
|-damage|p2a: Raging Bolt|0 fnt
|faint|p2a: Raging Bolt
|-end|p2a: Raging Bolt|Protosynthesis|[silent]
|
|-weather|RainDance|[upkeep]
|upkeep
|
|t:|1769343011
|switch|p2a: Walking Wake|Walking Wake|100/100
|turn|16
|
|t:|1769343015
|move|p2a: Walking Wake|Hydro Steam|p1a: Pelipper
|-supereffective|p1a: Pelipper
|-damage|p1a: Pelipper|0 fnt
|faint|p1a: Pelipper
|
|-weather|RainDance|[upkeep]
|upkeep
|
|t:|1769343016
|switch|p1a: Kingambit|Kingambit, M|100/100
|-activate|p1a: Kingambit|ability: Supreme Overlord
|-start|p1a: Kingambit|fallen3|[silent]
|turn|17
|
|t:|1769343020
|-end|p2a: Walking Wake|Protosynthesis|[silent]
|switch|p2a: Ninetales|Ninetales, F|76/100
|-weather|SunnyDay|[from] ability: Drought|[of] p2a: Ninetales
|-end|p1a: Kingambit|fallen3|[silent]
|switch|p1a: Walking Wake|Walking Wake|15/100
|-activate|p1a: Walking Wake|ability: Protosynthesis
|-start|p1a: Walking Wake|protosynthesisspe
|
|-weather|SunnyDay|[upkeep]
|upkeep
|turn|18
|
|t:|1769343029
|move|p1a: Walking Wake|Hydro Steam|p2a: Ninetales
|-supereffective|p2a: Ninetales
|-damage|p2a: Ninetales|0 fnt
|faint|p2a: Ninetales
|
|-weather|SunnyDay|[upkeep]
|upkeep
|
|t:|1769343031
|switch|p2a: Walking Wake|Walking Wake|100/100
|-activate|p2a: Walking Wake|ability: Protosynthesis
|-start|p2a: Walking Wake|protosynthesisspe
|turn|19
|
|t:|1769343037
|move|p2a: Walking Wake|Draco Meteor|p1a: Walking Wake
|-supereffective|p1a: Walking Wake
|-damage|p1a: Walking Wake|0 fnt
|-unboost|p2a: Walking Wake|spa|2
|faint|p1a: Walking Wake
|-end|p1a: Walking Wake|Protosynthesis|[silent]
|
|-weather|SunnyDay|[upkeep]
|upkeep
|
|t:|1769343038
|switch|p1a: Kingambit|Kingambit, M|100/100
|-activate|p1a: Kingambit|ability: Supreme Overlord
|-start|p1a: Kingambit|fallen4|[silent]
|turn|20
|j| Judo Flipz
|
|t:|1769343041
|move|p2a: Walking Wake|Flamethrower|p1a: Kingambit
|-supereffective|p1a: Kingambit
|-damage|p1a: Kingambit|50/100
|move|p1a: Kingambit|Substitute|p1a: Kingambit
|-start|p1a: Kingambit|Substitute
|-damage|p1a: Kingambit|25/100
|
|-weather|SunnyDay|[upkeep]
|-heal|p1a: Kingambit|31/100|[from] item: Leftovers
|upkeep
|turn|21
|
|t:|1769343045
|move|p2a: Walking Wake|Flamethrower|p1a: Kingambit
|-supereffective|p1a: Kingambit
|-end|p1a: Kingambit|Substitute
|move|p1a: Kingambit|Swords Dance|p1a: Kingambit
|-boost|p1a: Kingambit|atk|2
|
|-weather|SunnyDay|[upkeep]
|-heal|p1a: Kingambit|37/100|[from] item: Leftovers
|upkeep
|turn|22
|
|t:|1769343047
|move|p1a: Kingambit|Sucker Punch|p2a: Walking Wake
|-damage|p2a: Walking Wake|0 fnt
|faint|p2a: Walking Wake
|-end|p2a: Walking Wake|Protosynthesis|[silent]
|
|-weather|SunnyDay|[upkeep]
|-heal|p1a: Kingambit|44/100|[from] item: Leftovers
|upkeep
|
|t:|1769343049
|switch|p2a: Charizard|Charizard, M|100/100
|turn|23
|
|t:|1769343050
|move|p1a: Kingambit|Sucker Punch|p2a: Charizard
|-damage|p2a: Charizard|0 fnt
|faint|p2a: Charizard
|
|win|xiaogulu
|raw|xiaogulu's rating: 1421 &rarr; <strong>1442</strong><br />(+21 for winning)
|raw|raz62's rating: 1442 &rarr; <strong>1421</strong><br />(-21 for losing)
|l|☆xiaogulu
|player|p1|
|c|☆raz62|Well bye
|l| Judo Flipz
|c|☆raz62|Hello judo guy
|l|☆raz62
|player|p2|
