|j|☆dj istivi
|j|☆mrskibid
|t:|1769372969
|gametype|singles
|player|p1|dj istivi|picnicker|
|player|p2|mrskibid|plasmagrunt|
|gen|9
|tier|[Gen 9] OU
|rule|HP Percentage Mod: HP is shown in percentages
|rule|Endless Battle Clause: Forcing endless battles is banned
|rule|Species Clause: Limit one of each Pokémon
|rule|OHKO Clause: OHKO moves are banned
|rule|Evasion Items Clause: Evasion items are banned
|rule|Evasion Moves Clause: Evasion moves are banned
|rule|Evasion Abilities Clause: Evasion abilities are banned
|rule|Sleep Moves Clause: Sleep-inducing moves are banned
|clearpoke
|poke|p1|Landorus-Therian, M|
|poke|p1|Gholdengo|
|poke|p1|Primarina, M|
|poke|p1|Corviknight, F|
|poke|p1|Iron Valiant|
|poke|p1|Kingambit, M|
|poke|p2|Deoxys-Speed|
|poke|p2|Iron Boulder|
|poke|p2|Darkrai|
|poke|p2|Kingambit, M|
|poke|p2|Cinderace, F|
|poke|p2|Iron Valiant|
|teampreview
|c|☆dj istivi|mesmp time
|c|☆dj istivi|aura
|
|t:|1769372987
|teamsize|p1|6
|teamsize|p2|6
|start
|switch|p1a: Gholdengo|Gholdengo|100/100
|switch|p2a: Deoxys|Deoxys-Speed|100/100
|-ability|p2a: Deoxys|Pressure
|turn|1
|
|t:|1769372992
|move|p2a: Deoxys|Reflect|p2a: Deoxys
|-sidestart|p2: mrskibid|Reflect
|move|p1a: Gholdengo|Nasty Plot|p1a: Gholdengo
|-boost|p1a: Gholdengo|spa|2
|
|upkeep
|turn|2
|
|t:|1769372996
|move|p2a: Deoxys|Taunt|p1a: Gholdengo
|-immune|p1a: Gholdengo|[from] ability: Good as Gold
|move|p1a: Gholdengo|Shadow Ball|p2a: Deoxys
|-supereffective|p2a: Deoxys
|-enditem|p2a: Deoxys|Focus Sash
|-damage|p2a: Deoxys|1/100
|
|upkeep
|turn|3
|c|☆dj istivi|reflet?
|
|t:|1769373003
|move|p2a: Deoxys|Light Screen|p2a: Deoxys
|-sidestart|p2: mrskibid|move: Light Screen
|move|p1a: Gholdengo|Nasty Plot|p1a: Gholdengo
|-boost|p1a: Gholdengo|spa|2
|
|upkeep
|turn|4
|inactive|Battle timer is ON: inactive players will automatically lose when time's up. (requested by mrskibid)
|
|t:|1769373018
|move|p2a: Deoxys|Psycho Boost|p1a: Gholdengo
|-resisted|p1a: Gholdengo
|-damage|p1a: Gholdengo|72/100
|-unboost|p2a: Deoxys|spa|2
|move|p1a: Gholdengo|Shadow Ball|p2a: Deoxys
|-supereffective|p2a: Deoxys
|-damage|p2a: Deoxys|0 fnt
|faint|p2a: Deoxys
|
|-heal|p1a: Gholdengo|78/100|[from] item: Leftovers
|upkeep
|c|☆mrskibid|Eu dei reflect sem querer
|c|☆mrskibid|Kkkk
|c|☆dj istivi|cuidado
|c|☆dj istivi|com
|c|☆dj istivi|a tera
|c|☆mrskibid|Relaaaaaxa
|inactive|mrskibid has 270 seconds left.
|c|☆dj istivi|tou relazdo
|
|t:|1769373068
|switch|p2a: Cinderace|Cinderace, F|100/100
|turn|5
|
|t:|1769373076
|switch|p1a: Primarina|Primarina, M|100/100
|move|p2a: Cinderace|Pyro Ball|p1a: Primarina
|-resisted|p1a: Primarina
|-damage|p1a: Primarina|67/100
|
|-sideend|p2: mrskibid|Reflect
|upkeep
|turn|6
|
|t:|1769373082
|move|p2a: Cinderace|U-turn|p1a: Primarina
|-start|p2a: Cinderace|typechange|Bug|[from] ability: Libero
|-resisted|p1a: Primarina
|-damage|p1a: Primarina|47/100
|
|t:|1769373100
|switch|p2a: Iron Boulder|Iron Boulder|100/100|[from] U-turn
|-enditem|p2a: Iron Boulder|Booster Energy
|-activate|p2a: Iron Boulder|ability: Quark Drive|[fromitem]
|-start|p2a: Iron Boulder|quarkdrivespe
|move|p1a: Primarina|Flip Turn|p2a: Iron Boulder
|-supereffective|p2a: Iron Boulder
|-crit|p2a: Iron Boulder
|-damage|p2a: Iron Boulder|46/100
|
|t:|1769373105
|switch|p1a: Landorus|Landorus-Therian, M|100/100|[from] Flip Turn
|-ability|p1a: Landorus|Intimidate|boost
|-unboost|p2a: Iron Boulder|atk|1
|
|upkeep
|turn|7
|c|☆dj istivi|AURA
|
|t:|1769373117
|move|p2a: Iron Boulder|Mighty Cleave|p1a: Landorus
|-damage|p1a: Landorus|77/100
|-damage|p2a: Iron Boulder|30/100|[from] item: Rocky Helmet|[of] p1a: Landorus
|move|p1a: Landorus|U-turn|p2a: Iron Boulder
|-supereffective|p2a: Iron Boulder
|-damage|p2a: Iron Boulder|0 fnt
|faint|p2a: Iron Boulder
|-end|p2a: Iron Boulder|Quark Drive|[silent]
|
|t:|1769373128
|switch|p1a: Primarina|Primarina, M|47/100|[from] U-turn
|
|-sideend|p2: mrskibid|move: Light Screen
|upkeep
|c|☆mrskibid|Vou clica
|c|☆dj istivi|fds
|c|☆dj istivi|ruim!
|
|t:|1769373147
|switch|p2a: Darkrai|Darkrai|100/100
|turn|8
|inactive|mrskibid has 270 seconds left.
|
|t:|1769373179
|move|p2a: Darkrai|Sludge Bomb|p1a: Primarina
|-supereffective|p1a: Primarina
|-damage|p1a: Primarina|0 fnt
|faint|p1a: Primarina
|-damage|p2a: Darkrai|91/100|[from] item: Life Orb
|
|upkeep
|c|☆dj istivi|pegou roll
|c|☆dj istivi|ainda
|c|☆dj istivi|mds
|c|☆mrskibid|Matava de quakquer jeito
|
|t:|1769373203
|switch|p1a: Iron Valiant|Iron Valiant|100/100
|-enditem|p1a: Iron Valiant|Booster Energy
|-activate|p1a: Iron Valiant|ability: Quark Drive|[fromitem]
|-start|p1a: Iron Valiant|quarkdrivespe
|turn|9
|inactive|mrskibid has 270 seconds left.
|c|☆dj istivi|matava n
|c|☆dj istivi|maluko
|c|☆dj istivi|era asault vest
|c|☆dj istivi|isso era rollde 30
|inactive|mrskibid has 240 seconds left.
|c|☆dj istivi|aprenede
|c|☆dj istivi|a
|c|☆dj istivi|cacular
|c|☆dj istivi|so n era roll
|c|☆dj istivi|se
|c|☆dj istivi|fosse
|c|☆dj istivi|sepc
|inactiveoff|Battle timer is now OFF.
|inactive|Battle timer is ON: inactive players will automatically lose when time's up. (requested by dj istivi)
|
|t:|1769373284
|move|p1a: Iron Valiant|Moonblast|p2a: Darkrai
|-supereffective|p2a: Darkrai
|-damage|p2a: Darkrai|0 fnt
|faint|p2a: Darkrai
|
|upkeep
|inactive|mrskibid has 210 seconds left.
|
|t:|1769373298
|switch|p2a: Iron Valiant|Iron Valiant|100/100
|-enditem|p2a: Iron Valiant|Booster Energy
|-activate|p2a: Iron Valiant|ability: Quark Drive|[fromitem]
|-start|p2a: Iron Valiant|quarkdrivespe
|turn|10
|
|t:|1769373309
|-terastallize|p1a: Iron Valiant|Fairy
|move|p1a: Iron Valiant|Moonblast|p2a: Iron Valiant
|-supereffective|p2a: Iron Valiant
|-damage|p2a: Iron Valiant|0 fnt
|faint|p2a: Iron Valiant
|-end|p2a: Iron Valiant|Quark Drive|[silent]
|
|upkeep
|c|☆mrskibid|O cara ganhou tie
|inactive|mrskibid has 210 seconds left.
|c|☆mrskibid|Vsfd
|
|t:|1769373323
|switch|p2a: Cinderace|Cinderace, F|100/100
|turn|11
|c|☆dj istivi|tu tinha batido o q:
|c|☆dj istivi|:
|inactive|mrskibid has 210 seconds left.
|
|t:|1769373336
|move|p1a: Iron Valiant|Close Combat|p2a: Cinderace
|-damage|p2a: Cinderace|26/100
|-unboost|p1a: Iron Valiant|def|1
|-unboost|p1a: Iron Valiant|spd|1
|move|p2a: Cinderace|Pyro Ball|p1a: Iron Valiant
|-damage|p1a: Iron Valiant|0 fnt
|faint|p1a: Iron Valiant
|-end|p1a: Iron Valiant|Quark Drive|[silent]
|
|upkeep
|c|☆dj istivi|bati erado
|c|☆dj istivi|mds
|
|t:|1769373345
|switch|p1a: Corviknight|Corviknight, F|100/100
|-ability|p1a: Corviknight|Pressure
|turn|12
|c|☆dj istivi|dei miss
|
|t:|1769373352
|switch|p1a: Landorus|Landorus-Therian, M|77/100
|-ability|p1a: Landorus|Intimidate|boost
|-unboost|p2a: Cinderace|atk|1
|move|p2a: Cinderace|Pyro Ball|p1a: Landorus
|-damage|p1a: Landorus|48/100
|
|upkeep
|turn|13
|
|t:|1769373366
|move|p2a: Cinderace|Pyro Ball|p1a: Landorus
|-damage|p1a: Landorus|20/100
|move|p1a: Landorus|Earthquake|p2a: Cinderace
|-supereffective|p2a: Cinderace
|-damage|p2a: Cinderace|0 fnt
|faint|p2a: Cinderace
|
|upkeep
|
|t:|1769373368
|switch|p2a: Kingambit|Kingambit, M|100/100
|-activate|p2a: Kingambit|ability: Supreme Overlord
|-start|p2a: Kingambit|fallen5|[silent]
|turn|14
|
|t:|1769373374
|-terastallize|p2a: Kingambit|Flying
|move|p1a: Landorus|Earthquake|p2a: Kingambit
|-immune|p2a: Kingambit
|move|p2a: Kingambit|Swords Dance|p2a: Kingambit
|-boost|p2a: Kingambit|atk|2
|
|upkeep
|turn|15
|
|t:|1769373401
|move|p1a: Landorus|Stone Edge|p2a: Kingambit
|-supereffective|p2a: Kingambit
|-damage|p2a: Kingambit|52/100
|move|p2a: Kingambit|Kowtow Cleave|p1a: Landorus
|-damage|p1a: Landorus|0 fnt
|-damage|p2a: Kingambit|35/100|[from] item: Rocky Helmet|[of] p1a: Landorus
|faint|p1a: Landorus
|
|upkeep
|c|☆dj istivi|bate
|c|☆dj istivi|mds
|
|t:|1769373407
|switch|p1a: Kingambit|Kingambit, M|100/100
|-activate|p1a: Kingambit|ability: Supreme Overlord
|-start|p1a: Kingambit|fallen3|[silent]
|turn|16
|c|☆dj istivi|gg
|c|☆mrskibid|Mds
|c|☆mrskibid|Bati kokctow
|c|☆mrskibid|Sem querer
|
|t:|1769373425
|move|p1a: Kingambit|Kowtow Cleave|p2a: Kingambit
|-damage|p2a: Kingambit|0 fnt
|faint|p2a: Kingambit
|-end|p2a: Kingambit|fallen5|[silent]
|
|win|dj istivi
|l|☆mrskibid
|player|p2|
