|j|☆butterfreeguy
|j|☆2345eza
|t:|1769351707
|gametype|singles
|player|p1|butterfreeguy|266|1026
|player|p2|2345eza|hilbert|1019
|gen|9
|tier|[Gen 9] OU
|rated|
|rule|HP Percentage Mod: HP is shown in percentages
|rule|Endless Battle Clause: Forcing endless battles is banned
|rule|Species Clause: Limit one of each Pokémon
|rule|OHKO Clause: OHKO moves are banned
|rule|Evasion Items Clause: Evasion items are banned
|rule|Evasion Moves Clause: Evasion moves are banned
|rule|Evasion Abilities Clause: Evasion abilities are banned
|rule|Sleep Moves Clause: Sleep-inducing moves are banned
|clearpoke
|poke|p1|Gliscor, M|
|poke|p1|Emboar, M|
|poke|p1|Mimikyu, M|
|poke|p1|Clefable, F|
|poke|p1|Tsareena, F|
|poke|p1|Torkoal, M|
|poke|p2|Zoroark-Hisui, F|
|poke|p2|Ceruledge, M|
|poke|p2|Golurk|
|poke|p2|Basculegion, M|
|poke|p2|Mimikyu, F|
|poke|p2|Forretress, F|
|teampreview
|inactive|Battle timer is ON: inactive players will automatically lose when time's up. (requested by butterfreeguy)
|
|t:|1769351713
|teamsize|p1|6
|teamsize|p2|6
|start
|switch|p1a: Torkoal|Torkoal, M|100/100
|switch|p2a: Forretress|Forretress, F|100/100
|-item|p2a: Forretress|Air Balloon
|-weather|SunnyDay|[from] ability: Drought|[of] p1a: Torkoal
|turn|1
|
|t:|1769351723
|move|p2a: Forretress|Spikes|p1a: Torkoal
|-sidestart|p1: butterfreeguy|Spikes
|move|p1a: Torkoal|Weather Ball|p2a: Forretress
|-supereffective|p2a: Forretress
|-ability|p2a: Forretress|Sturdy
|-damage|p2a: Forretress|1/100
|-enditem|p2a: Forretress|Air Balloon
|
|-weather|SunnyDay|[upkeep]
|upkeep
|turn|2
|
|t:|1769351735
|switch|p1a: Another One?|Mimikyu, M|100/100
|-damage|p1a: Another One?|88/100|[from] Spikes
|move|p2a: Forretress|Toxic Spikes|p1a: Another One?
|-sidestart|p1: butterfreeguy|move: Toxic Spikes
|
|-weather|SunnyDay|[upkeep]
|-heal|p1a: Another One?|94/100|[from] item: Leftovers
|upkeep
|turn|3
|
|t:|1769351745
|move|p1a: Another One?|Play Rough|p2a: Forretress
|-resisted|p2a: Forretress
|-damage|p2a: Forretress|0 fnt
|faint|p2a: Forretress
|
|-weather|SunnyDay|[upkeep]
|-heal|p1a: Another One?|99/100|[from] item: Leftovers
|upkeep
|
|t:|1769351755
|switch|p2a: Ceruledge|Ceruledge, M, shiny|100/100
|turn|4
|
|t:|1769351759
|move|p2a: Ceruledge|Swords Dance|p2a: Ceruledge
|-boost|p2a: Ceruledge|atk|2
|move|p1a: Another One?|Destiny Bond|p1a: Another One?
|-singlemove|p1a: Another One?|Destiny Bond
|
|-weather|SunnyDay|[upkeep]
|-heal|p1a: Another One?|100/100|[from] item: Leftovers
|upkeep
|turn|5
|
|t:|1769351768
|move|p2a: Ceruledge|Shadow Sneak|p1a: Another One?
|-activate|p1a: Another One?|ability: Disguise
|-damage|p1a: Another One?|100/100
|detailschange|p1a: Another One?|Mimikyu-Busted, M
|-damage|p1a: Another One?|88/100|[from] pokemon: Mimikyu-Busted
|move|p1a: Another One?|Curse|p2a: Ceruledge
|-start|p2a: Ceruledge|Curse|[of] p1a: Another One?
|-damage|p1a: Another One?|38/100
|
|-weather|SunnyDay|[upkeep]
|-heal|p1a: Another One?|44/100|[from] item: Leftovers
|-damage|p2a: Ceruledge|76/100|[from] Curse
|upkeep
|turn|6
|
|t:|1769351782
|move|p2a: Ceruledge|Shadow Sneak|p1a: Another One?
|-supereffective|p1a: Another One?
|-damage|p1a: Another One?|0 fnt
|faint|p1a: Another One?
|
|-weather|SunnyDay|[upkeep]
|-damage|p2a: Ceruledge|51/100|[from] Curse
|upkeep
|
|t:|1769351786
|switch|p1a: Gliscor|Gliscor, M, shiny|100/100
|turn|7
|
|t:|1769351796
|switch|p2a: Basculegion|Basculegion, M|100/100
|move|p1a: Gliscor|Protect||[still]
|-fail|p1a: Gliscor
|
|-weather|SunnyDay|[upkeep]
|-status|p1a: Gliscor|tox|[from] item: Toxic Orb
|upkeep
|turn|8
|
|t:|1769351811
|move|p2a: Basculegion|Wave Crash|p1a: Gliscor
|-supereffective|p1a: Gliscor
|-damage|p1a: Gliscor|39/100 tox
|-damage|p2a: Basculegion|85/100|[from] Recoil
|move|p1a: Gliscor|Knock Off|p2a: Basculegion
|-supereffective|p2a: Basculegion
|-damage|p2a: Basculegion|16/100
|-enditem|p2a: Basculegion|Choice Scarf|[from] move: Knock Off|[of] p1a: Gliscor
|
|-weather|none
|-heal|p1a: Gliscor|51/100 tox|[from] ability: Poison Heal
|upkeep
|turn|9
|
|t:|1769351823
|move|p1a: Gliscor|Protect|p1a: Gliscor
|-singleturn|p1a: Gliscor|Protect
|move|p2a: Basculegion|Wave Crash|p1a: Gliscor
|-activate|p1a: Gliscor|move: Protect
|
|-heal|p1a: Gliscor|63/100 tox|[from] ability: Poison Heal
|upkeep
|turn|10
|
|t:|1769351832
|switch|p1a: Torkoal|Torkoal, M|100/100
|-damage|p1a: Torkoal|88/100|[from] Spikes
|-status|p1a: Torkoal|psn
|-weather|SunnyDay|[from] ability: Drought|[of] p1a: Torkoal
|move|p2a: Basculegion|Wave Crash|p1a: Torkoal
|-supereffective|p1a: Torkoal
|-damage|p1a: Torkoal|45/100 psn
|-damage|p2a: Basculegion|3/100|[from] Recoil
|
|-weather|SunnyDay|[upkeep]
|-damage|p1a: Torkoal|32/100 psn|[from] psn
|upkeep
|turn|11
|
|t:|1769351847
|move|p2a: Basculegion|Phantom Force||[still]
|-prepare|p2a: Basculegion|Phantom Force
|move|p1a: Torkoal|Solar Beam||[still]
|-prepare|p1a: Torkoal|Solar Beam
|-anim|p1a: Torkoal|Solar Beam|p2a: Basculegion|[miss]
|-miss|p1a: Torkoal|p2a: Basculegion
|
|-weather|SunnyDay|[upkeep]
|-damage|p1a: Torkoal|20/100 psn|[from] psn
|upkeep
|turn|12
|
|t:|1769351857
|move|p2a: Basculegion|Phantom Force|p1a: Torkoal|[from] lockedmove
|-damage|p1a: Torkoal|0 fnt
|faint|p1a: Torkoal
|
|-weather|SunnyDay|[upkeep]
|upkeep
|
|t:|1769351860
|switch|p1a: Gliscor|Gliscor, M, shiny|63/100 tox
|turn|13
|
|t:|1769351867
|move|p1a: Gliscor|Dual Wingbeat|p2a: Basculegion
|-damage|p2a: Basculegion|0 fnt
|faint|p2a: Basculegion
|-hitcount|p2: Basculegion|1
|
|-weather|SunnyDay|[upkeep]
|-heal|p1a: Gliscor|76/100 tox|[from] ability: Poison Heal
|upkeep
|
|t:|1769351883
|switch|p2a: Mimikyu|Mimikyu, F, shiny|100/100
|turn|14
|
|t:|1769351888
|-terastallize|p2a: Mimikyu|Normal
|move|p2a: Mimikyu|Hyper Voice|p1a: Gliscor
|-damage|p1a: Gliscor|0 fnt
|faint|p1a: Gliscor
|
|-weather|SunnyDay|[upkeep]
|upkeep
|
|t:|1769351898
|switch|p1a: Luna|Clefable, F, shiny|100/100
|-status|p1a: Luna|psn
|turn|15
|
|t:|1769351903
|move|p2a: Mimikyu|Hyper Voice|p1a: Luna
|-damage|p1a: Luna|19/100 psn
|move|p1a: Luna|Draining Kiss|p2a: Mimikyu
|-damage|p2a: Mimikyu|50/100
|-heal|p1a: Luna|43/100 psn|[from] drain|[of] p2a: Mimikyu
|replace|p2a: Zoroark|Zoroark-Hisui, F
|-end|p2a: Zoroark|Illusion
|
|-weather|SunnyDay|[upkeep]
|-heal|p1a: Luna|49/100 psn|[from] item: Leftovers
|upkeep
|turn|16
|
|t:|1769351914
|move|p2a: Zoroark|Hyper Voice|p1a: Luna
|-damage|p1a: Luna|0 fnt
|faint|p1a: Luna
|
|-weather|SunnyDay|[upkeep]
|upkeep
|
|t:|1769351918
|switch|p1a: Tankeena|Tsareena, F|100/100
|-damage|p1a: Tankeena|88/100|[from] Spikes
|-status|p1a: Tankeena|psn
|turn|17
|
|t:|1769351925
|move|p2a: Zoroark|Hyper Voice|p1a: Tankeena
|-damage|p1a: Tankeena|0 fnt
|faint|p1a: Tankeena
|
|-weather|none
|upkeep
|
|t:|1769351928
|switch|p1a: Emboar|Emboar, M|100/100
|-damage|p1a: Emboar|88/100|[from] Spikes
|-status|p1a: Emboar|psn
|turn|18
|-message|butterfreeguy forfeited.
|
|win|2345eza
|raw|butterfreeguy's rating: 1026 &rarr; <strong>1012</strong><br />(-14 for losing)
|raw|2345eza's rating: 1019 &rarr; <strong>1057</strong><br />(+38 for winning)
|l|☆butterfreeguy
|player|p1|
