|j|☆SDLU
|j|☆supabro10
|t:|1769326335
|gametype|singles
|player|p1|SDLU|265|1352
|player|p2|supabro10|juan|1275
|gen|9
|tier|[Gen 9] OU
|rated|
|rule|HP Percentage Mod: HP is shown in percentages
|rule|Endless Battle Clause: Forcing endless battles is banned
|rule|Species Clause: Limit one of each Pokémon
|rule|OHKO Clause: OHKO moves are banned
|rule|Evasion Items Clause: Evasion items are banned
|rule|Evasion Moves Clause: Evasion moves are banned
|rule|Evasion Abilities Clause: Evasion abilities are banned
|rule|Sleep Moves Clause: Sleep-inducing moves are banned
|clearpoke
|poke|p1|Dragapult, M|
|poke|p1|Rotom-Wash|
|poke|p1|Skeledirge, M|
|poke|p1|Garganacl, M|
|poke|p1|Corviknight, M|
|poke|p1|Ogerpon-Wellspring, F|
|poke|p2|Dragonite, F|
|poke|p2|Garganacl, M|
|poke|p2|Comfey, F|
|poke|p2|Ceruledge, F|
|poke|p2|Muk-Alola, F|
|poke|p2|Ogerpon-Wellspring, F|
|teampreview
|inactive|Battle timer is ON: inactive players will automatically lose when time's up. (requested by SDLU)
|
|t:|1769326350
|teamsize|p1|6
|teamsize|p2|6
|start
|switch|p1a: Dragapult|Dragapult, M|100/100
|switch|p2a: Ethelnacl|Garganacl, M|100/100
|turn|1
|
|t:|1769326357
|move|p1a: Dragapult|Dragon Darts|p2a: Ethelnacl
|-damage|p2a: Ethelnacl|78/100
|-anim|p1a: Dragapult|Dragon Darts|p2a: Ethelnacl
|-damage|p2a: Ethelnacl|52/100
|move|p2a: Ethelnacl|Salt Cure|p1a: Dragapult
|-damage|p1a: Dragapult|81/100
|-start|p1a: Dragapult|Salt Cure
|
|-heal|p2a: Ethelnacl|59/100|[from] item: Leftovers
|-damage|p1a: Dragapult|69/100|[from] Salt Cure
|upkeep
|turn|2
|
|t:|1769326368
|switch|p1a: Garganacl|Garganacl, M|100/100
|move|p2a: Ethelnacl|Recover|p2a: Ethelnacl
|-heal|p2a: Ethelnacl|100/100
|
|upkeep
|turn|3
|
|t:|1769326378
|switch|p2a: Agarthan Charm|Comfey, F|100/100
|move|p1a: Garganacl|Salt Cure|p2a: Agarthan Charm
|-damage|p2a: Agarthan Charm|85/100
|-start|p2a: Agarthan Charm|Salt Cure
|
|-damage|p2a: Agarthan Charm|72/100|[from] Salt Cure
|upkeep
|turn|4
|
|t:|1769326388
|switch|p1a: Corviknight|Corviknight, M|100/100
|move|p2a: Agarthan Charm|Giga Drain|p1a: Corviknight
|-resisted|p1a: Corviknight
|-damage|p1a: Corviknight|97/100
|-heal|p2a: Agarthan Charm|75/100|[from] drain|[of] p1a: Corviknight
|
|-damage|p2a: Agarthan Charm|63/100|[from] Salt Cure
|upkeep
|turn|5
|
|t:|1769326395
|switch|p2a: Glaggledge|Ceruledge, F|100/100
|move|p1a: Corviknight|U-turn|p2a: Glaggledge
|-resisted|p2a: Glaggledge
|-damage|p2a: Glaggledge|97/100
|-ability|p2a: Glaggledge|Weak Armor|boost
|-unboost|p2a: Glaggledge|def|1
|-boost|p2a: Glaggledge|spe|2
|
|t:|1769326403
|switch|p1a: Rotom|Rotom-Wash|100/100|[from] U-turn
|
|upkeep
|turn|6
|
|t:|1769326411
|switch|p2a: Thug Buster|Ogerpon-Wellspring, F|100/100
|move|p1a: Rotom|Shadow Ball|p2a: Thug Buster
|-damage|p2a: Thug Buster|57/100
|
|upkeep
|turn|7
|
|t:|1769326424
|switch|p1a: Ogerpon|Ogerpon-Wellspring, F|100/100
|move|p2a: Thug Buster|Horn Leech|p1a: Ogerpon
|-damage|p1a: Ogerpon|39/100
|-heal|p2a: Thug Buster|88/100|[from] drain|[of] p1a: Ogerpon
|
|upkeep
|turn|8
|
|t:|1769326430
|move|p1a: Ogerpon|Spiky Shield|p1a: Ogerpon
|-singleturn|p1a: Ogerpon|move: Protect
|move|p2a: Thug Buster|Horn Leech|p1a: Ogerpon
|-activate|p1a: Ogerpon|move: Protect
|-damage|p2a: Thug Buster|76/100|[from] Spiky Shield|[of] p1a: Ogerpon
|
|upkeep
|turn|9
|
|t:|1769326438
|switch|p1a: Skeledirge|Skeledirge, M|100/100
|move|p2a: Thug Buster|Swords Dance|p2a: Thug Buster
|-boost|p2a: Thug Buster|atk|2
|
|upkeep
|turn|10
|
|t:|1769326445
|switch|p1a: Ogerpon|Ogerpon-Wellspring, F|39/100
|move|p2a: Thug Buster|Knock Off|p1a: Ogerpon
|-crit|p1a: Ogerpon
|-damage|p1a: Ogerpon|0 fnt
|faint|p1a: Ogerpon
|
|upkeep
|
|t:|1769326452
|switch|p1a: Dragapult|Dragapult, M|69/100
|turn|11
|
|t:|1769326464
|move|p1a: Dragapult|Dragon Darts|p2a: Thug Buster
|-damage|p2a: Thug Buster|24/100
|-anim|p1a: Dragapult|Dragon Darts|p2a: Thug Buster
|-damage|p2a: Thug Buster|0 fnt
|faint|p2a: Thug Buster
|
|upkeep
|
|t:|1769326468
|switch|p2a: Ethelnacl|Garganacl, M|100/100
|turn|12
|
|t:|1769326475
|switch|p1a: Garganacl|Garganacl, M|100/100
|move|p2a: Ethelnacl|Salt Cure|p1a: Garganacl
|-damage|p1a: Garganacl|92/100
|-start|p1a: Garganacl|Salt Cure
|
|-heal|p1a: Garganacl|98/100|[from] item: Leftovers
|-damage|p1a: Garganacl|85/100|[from] Salt Cure
|upkeep
|turn|13
|
|t:|1769326482
|move|p2a: Ethelnacl|Protect|p2a: Ethelnacl
|-singleturn|p2a: Ethelnacl|Protect
|move|p1a: Garganacl|Stealth Rock|p2a: Ethelnacl
|-sidestart|p2: supabro10|move: Stealth Rock
|
|-heal|p1a: Garganacl|92/100|[from] item: Leftovers
|-damage|p1a: Garganacl|79/100|[from] Salt Cure
|upkeep
|turn|14
|
|t:|1769326499
|move|p2a: Ethelnacl|Curse|p2a: Ethelnacl
|-unboost|p2a: Ethelnacl|spe|1
|-boost|p2a: Ethelnacl|atk|1
|-boost|p2a: Ethelnacl|def|1
|move|p1a: Garganacl|Salt Cure|p2a: Ethelnacl
|-damage|p2a: Ethelnacl|95/100
|-start|p2a: Ethelnacl|Salt Cure
|
|-heal|p1a: Garganacl|85/100|[from] item: Leftovers
|-heal|p2a: Ethelnacl|100/100|[from] item: Leftovers
|-damage|p1a: Garganacl|73/100|[from] Salt Cure
|-damage|p2a: Ethelnacl|88/100|[from] Salt Cure
|upkeep
|turn|15
|
|t:|1769326522
|move|p1a: Garganacl|Protect|p1a: Garganacl
|-singleturn|p1a: Garganacl|Protect
|move|p2a: Ethelnacl|Curse|p2a: Ethelnacl
|-unboost|p2a: Ethelnacl|spe|1
|-boost|p2a: Ethelnacl|atk|1
|-boost|p2a: Ethelnacl|def|1
|
|-heal|p1a: Garganacl|79/100|[from] item: Leftovers
|-heal|p2a: Ethelnacl|94/100|[from] item: Leftovers
|-damage|p1a: Garganacl|67/100|[from] Salt Cure
|-damage|p2a: Ethelnacl|82/100|[from] Salt Cure
|upkeep
|turn|16
|inactive|SDLU has 120 seconds left.
|inactive|supabro10 has 120 seconds left.
|
|t:|1769326562
|move|p1a: Garganacl|Recover|p1a: Garganacl
|-heal|p1a: Garganacl|100/100
|move|p2a: Ethelnacl|Salt Cure|p1a: Garganacl
|-damage|p1a: Garganacl|83/100
|
|-heal|p1a: Garganacl|89/100|[from] item: Leftovers
|-heal|p2a: Ethelnacl|88/100|[from] item: Leftovers
|-damage|p1a: Garganacl|76/100|[from] Salt Cure
|-damage|p2a: Ethelnacl|76/100|[from] Salt Cure
|upkeep
|turn|17
|inactive|SDLU has 120 seconds left.
|
|t:|1769326592
|move|p1a: Garganacl|Protect|p1a: Garganacl
|-singleturn|p1a: Garganacl|Protect
|move|p2a: Ethelnacl|Curse|p2a: Ethelnacl
|-unboost|p2a: Ethelnacl|spe|1
|-boost|p2a: Ethelnacl|atk|1
|-boost|p2a: Ethelnacl|def|1
|
|-heal|p1a: Garganacl|83/100|[from] item: Leftovers
|-heal|p2a: Ethelnacl|82/100|[from] item: Leftovers
|-damage|p1a: Garganacl|70/100|[from] Salt Cure
|-damage|p2a: Ethelnacl|70/100|[from] Salt Cure
|upkeep
|turn|18
|
|t:|1769326599
|move|p1a: Garganacl|Recover|p1a: Garganacl
|-heal|p1a: Garganacl|100/100
|move|p2a: Ethelnacl|Recover|p2a: Ethelnacl
|-heal|p2a: Ethelnacl|100/100
|
|-damage|p1a: Garganacl|88/100|[from] Salt Cure
|-damage|p2a: Ethelnacl|88/100|[from] Salt Cure
|upkeep
|turn|19
|
|t:|1769326618
|switch|p1a: Rotom|Rotom-Wash|100/100
|move|p2a: Ethelnacl|Curse|p2a: Ethelnacl
|-unboost|p2a: Ethelnacl|spe|1
|-boost|p2a: Ethelnacl|atk|1
|-boost|p2a: Ethelnacl|def|1
|
|-heal|p2a: Ethelnacl|94/100|[from] item: Leftovers
|-damage|p2a: Ethelnacl|82/100|[from] Salt Cure
|upkeep
|turn|20
|
|t:|1769326631
|-terastallize|p2a: Ethelnacl|Ghost
|move|p1a: Rotom|Trick|p2a: Ethelnacl
|-activate|p1a: Rotom|move: Trick|[of] p2a: Ethelnacl
|-item|p2a: Ethelnacl|Choice Specs|[from] move: Trick
|-item|p1a: Rotom|Leftovers|[from] move: Trick
|move|p2a: Ethelnacl|Salt Cure|p1a: Rotom
|-damage|p1a: Rotom|59/100
|-start|p1a: Rotom|Salt Cure
|
|-heal|p1a: Rotom|65/100|[from] item: Leftovers
|-damage|p1a: Rotom|41/100|[from] Salt Cure
|-damage|p2a: Ethelnacl|70/100|[from] Salt Cure
|upkeep
|turn|21
|
|t:|1769326646
|move|p1a: Rotom|Volt Switch|p2a: Ethelnacl
|-damage|p2a: Ethelnacl|46/100
|
|t:|1769326650
|switch|p1a: Garganacl|Garganacl, M|88/100|[from] Volt Switch
|move|p2a: Ethelnacl|Salt Cure|p1a: Garganacl
|-damage|p1a: Garganacl|62/100
|-start|p1a: Garganacl|Salt Cure
|
|-heal|p1a: Garganacl|68/100|[from] item: Leftovers
|-damage|p1a: Garganacl|56/100|[from] Salt Cure
|-damage|p2a: Ethelnacl|33/100|[from] Salt Cure
|upkeep
|turn|22
|
|t:|1769326659
|move|p1a: Garganacl|Protect|p1a: Garganacl
|-singleturn|p1a: Garganacl|Protect
|move|p2a: Ethelnacl|Salt Cure|p1a: Garganacl
|-activate|p1a: Garganacl|move: Protect
|
|-heal|p1a: Garganacl|62/100|[from] item: Leftovers
|-damage|p1a: Garganacl|50/100|[from] Salt Cure
|-damage|p2a: Ethelnacl|21/100|[from] Salt Cure
|upkeep
|turn|23
|
|t:|1769326664
|move|p1a: Garganacl|Recover|p1a: Garganacl
|-heal|p1a: Garganacl|99/100
|move|p2a: Ethelnacl|Salt Cure|p1a: Garganacl
|-damage|p1a: Garganacl|70/100
|
|-heal|p1a: Garganacl|76/100|[from] item: Leftovers
|-damage|p1a: Garganacl|64/100|[from] Salt Cure
|-damage|p2a: Ethelnacl|8/100|[from] Salt Cure
|upkeep
|turn|24
|
|t:|1769326671
|move|p1a: Garganacl|Recover|p1a: Garganacl
|-heal|p1a: Garganacl|100/100
|move|p2a: Ethelnacl|Salt Cure|p1a: Garganacl
|-damage|p1a: Garganacl|75/100
|
|-heal|p1a: Garganacl|81/100|[from] item: Leftovers
|-damage|p1a: Garganacl|68/100|[from] Salt Cure
|-damage|p2a: Ethelnacl|0 fnt|[from] Salt Cure
|faint|p2a: Ethelnacl
|upkeep
|inactive|supabro10 has 120 seconds left.
|
|t:|1769326723
|switch|p2a: Agarthan Charm|Comfey, F|63/100
|turn|25
|
|t:|1769326731
|switch|p1a: Skeledirge|Skeledirge, M|100/100
|move|p2a: Agarthan Charm|Calm Mind|p2a: Agarthan Charm
|-boost|p2a: Agarthan Charm|spa|1
|-boost|p2a: Agarthan Charm|spd|1
|
|upkeep
|turn|26
|
|t:|1769326738
|switch|p2a: Cart Oil|Muk-Alola, F|100/100
|-damage|p2a: Cart Oil|88/100|[from] Stealth Rock
|move|p1a: Skeledirge|Torch Song|p2a: Cart Oil
|-damage|p2a: Cart Oil|72/100
|-boost|p1a: Skeledirge|spa|1
|
|upkeep
|turn|27
|
|t:|1769326749
|switch|p1a: Corviknight|Corviknight, M|97/100
|move|p2a: Cart Oil|Knock Off|p1a: Corviknight
|-damage|p1a: Corviknight|59/100
|-damage|p2a: Cart Oil|56/100|[from] item: Rocky Helmet|[of] p1a: Corviknight
|-enditem|p1a: Corviknight|Rocky Helmet|[from] move: Knock Off|[of] p2a: Cart Oil
|
|upkeep
|turn|28
|
|t:|1769326757
|move|p1a: Corviknight|Roost|p1a: Corviknight
|-heal|p1a: Corviknight|100/100
|-singleturn|p1a: Corviknight|move: Roost
|move|p2a: Cart Oil|Drain Punch|p1a: Corviknight
|-supereffective|p1a: Corviknight
|-damage|p1a: Corviknight|59/100
|-heal|p2a: Cart Oil|77/100|[from] drain|[of] p1a: Corviknight
|
|upkeep
|turn|29
|
|t:|1769326772
|move|p1a: Corviknight|Body Press|p2a: Cart Oil
|-damage|p2a: Cart Oil|54/100
|move|p2a: Cart Oil|Drain Punch|p1a: Corviknight
|-damage|p1a: Corviknight|37/100
|-heal|p2a: Cart Oil|65/100|[from] drain|[of] p1a: Corviknight
|
|upkeep
|turn|30
|
|t:|1769326779
|move|p1a: Corviknight|U-turn|p2a: Cart Oil
|-damage|p2a: Cart Oil|50/100
|
|t:|1769326790
|switch|p1a: Dragapult|Dragapult, M|69/100|[from] U-turn
|move|p2a: Cart Oil|Knock Off|p1a: Dragapult
|-supereffective|p1a: Dragapult
|-damage|p1a: Dragapult|0 fnt
|-enditem|p1a: Dragapult|Choice Band|[from] move: Knock Off|[of] p2a: Cart Oil
|faint|p1a: Dragapult
|
|upkeep
|
|t:|1769326798
|switch|p1a: Garganacl|Garganacl, M|68/100
|turn|31
|
|t:|1769326802
|move|p2a: Cart Oil|Drain Punch|p1a: Garganacl
|-supereffective|p1a: Garganacl
|-damage|p1a: Garganacl|35/100
|-heal|p2a: Cart Oil|67/100|[from] drain|[of] p1a: Garganacl
|move|p1a: Garganacl|Salt Cure|p2a: Cart Oil
|-damage|p2a: Cart Oil|51/100
|-start|p2a: Cart Oil|Salt Cure
|
|-heal|p1a: Garganacl|41/100|[from] item: Leftovers
|-damage|p2a: Cart Oil|39/100|[from] Salt Cure
|upkeep
|turn|32
|
|t:|1769326810
|move|p1a: Garganacl|Protect|p1a: Garganacl
|-singleturn|p1a: Garganacl|Protect
|move|p2a: Cart Oil|Knock Off|p1a: Garganacl
|-activate|p1a: Garganacl|move: Protect
|
|-heal|p1a: Garganacl|47/100|[from] item: Leftovers
|-damage|p2a: Cart Oil|26/100|[from] Salt Cure
|upkeep
|turn|33
|
|t:|1769326832
|move|p2a: Cart Oil|Knock Off|p1a: Garganacl
|-damage|p1a: Garganacl|12/100
|-enditem|p1a: Garganacl|Leftovers|[from] move: Knock Off|[of] p2a: Cart Oil
|move|p1a: Garganacl|Recover|p1a: Garganacl
|-heal|p1a: Garganacl|62/100
|
|-damage|p2a: Cart Oil|14/100|[from] Salt Cure
|upkeep
|turn|34
|
|t:|1769326846
|move|p1a: Garganacl|Protect|p1a: Garganacl
|-singleturn|p1a: Garganacl|Protect
|move|p2a: Cart Oil|Drain Punch|p1a: Garganacl
|-activate|p1a: Garganacl|move: Protect
|
|-damage|p2a: Cart Oil|1/100|[from] Salt Cure
|upkeep
|turn|35
|inactive|SDLU has 120 seconds left.
|
|t:|1769326866
|switch|p1a: Skeledirge|Skeledirge, M|100/100
|move|p2a: Cart Oil|Drain Punch|p1a: Skeledirge
|-immune|p1a: Skeledirge
|
|-damage|p2a: Cart Oil|0 fnt|[from] Salt Cure
|faint|p2a: Cart Oil
|upkeep
|
|t:|1769326872
|switch|p2a: D-Nite|Dragonite, F|100/100
|turn|36
|
|t:|1769326875
|move|p2a: D-Nite|Earthquake|p1a: Skeledirge
|-supereffective|p1a: Skeledirge
|-damage|p1a: Skeledirge|55/100
|move|p1a: Skeledirge|Will-O-Wisp|p2a: D-Nite
|-status|p2a: D-Nite|brn
|
|-damage|p2a: D-Nite|94/100 brn|[from] brn
|upkeep
|turn|37
|
|t:|1769326881
|move|p2a: D-Nite|Earthquake|p1a: Skeledirge
|-supereffective|p1a: Skeledirge
|-damage|p1a: Skeledirge|31/100
|move|p1a: Skeledirge|Slack Off|p1a: Skeledirge
|-heal|p1a: Skeledirge|81/100
|
|-damage|p2a: D-Nite|88/100 brn|[from] brn
|upkeep
|turn|38
|
|t:|1769326887
|move|p2a: D-Nite|Earthquake|p1a: Skeledirge
|-supereffective|p1a: Skeledirge
|-damage|p1a: Skeledirge|60/100
|move|p1a: Skeledirge|Torch Song|p2a: D-Nite
|-resisted|p2a: D-Nite
|-damage|p2a: D-Nite|71/100 brn
|-boost|p1a: Skeledirge|spa|1
|
|-damage|p2a: D-Nite|65/100 brn|[from] brn
|upkeep
|turn|39
|
|t:|1769326890
|move|p2a: D-Nite|Earthquake|p1a: Skeledirge
|-supereffective|p1a: Skeledirge
|-damage|p1a: Skeledirge|36/100
|move|p1a: Skeledirge|Slack Off|p1a: Skeledirge
|-heal|p1a: Skeledirge|86/100
|
|-damage|p2a: D-Nite|59/100 brn|[from] brn
|upkeep
|turn|40
|
|t:|1769326894
|move|p2a: D-Nite|Earthquake|p1a: Skeledirge
|-supereffective|p1a: Skeledirge
|-damage|p1a: Skeledirge|61/100
|move|p1a: Skeledirge|Torch Song|p2a: D-Nite
|-resisted|p2a: D-Nite
|-damage|p2a: D-Nite|36/100 brn
|-boost|p1a: Skeledirge|spa|1
|
|-damage|p2a: D-Nite|30/100 brn|[from] brn
|upkeep
|turn|41
|
|t:|1769326898
|move|p2a: D-Nite|Earthquake|p1a: Skeledirge
|-supereffective|p1a: Skeledirge
|-damage|p1a: Skeledirge|37/100
|move|p1a: Skeledirge|Slack Off|p1a: Skeledirge
|-heal|p1a: Skeledirge|87/100
|
|-damage|p2a: D-Nite|23/100 brn|[from] brn
|upkeep
|turn|42
|
|t:|1769326919
|switch|p1a: Corviknight|Corviknight, M|37/100
|move|p2a: D-Nite|Earthquake|p1a: Corviknight
|-immune|p1a: Corviknight
|
|-damage|p2a: D-Nite|17/100 brn|[from] brn
|upkeep
|turn|43
|
|t:|1769326936
|move|p2a: D-Nite|Ice Spinner|p1a: Corviknight
|-damage|p1a: Corviknight|25/100
|move|p1a: Corviknight|Roost|p1a: Corviknight
|-heal|p1a: Corviknight|75/100
|-singleturn|p1a: Corviknight|move: Roost
|
|-damage|p2a: D-Nite|11/100 brn|[from] brn
|upkeep
|turn|44
|
|t:|1769326942
|move|p2a: D-Nite|Ice Spinner|p1a: Corviknight
|-damage|p1a: Corviknight|61/100
|move|p1a: Corviknight|U-turn|p2a: D-Nite
|-resisted|p2a: D-Nite
|-damage|p2a: D-Nite|3/100 brn
|
|t:|1769326956
|switch|p1a: Garganacl|Garganacl, M|62/100|[from] U-turn
|
|-damage|p2a: D-Nite|0 fnt|[from] brn
|faint|p2a: D-Nite
|upkeep
|
|t:|1769326963
|switch|p2a: Glaggledge|Ceruledge, F|97/100
|-damage|p2a: Glaggledge|72/100|[from] Stealth Rock
|turn|45
|
|t:|1769326972
|-terastallize|p1a: Garganacl|Water
|move|p2a: Glaggledge|Bulk Up|p2a: Glaggledge
|-boost|p2a: Glaggledge|atk|1
|-boost|p2a: Glaggledge|def|1
|move|p1a: Garganacl|Recover|p1a: Garganacl
|-heal|p1a: Garganacl|100/100
|
|upkeep
|turn|46
|
|t:|1769326980
|move|p2a: Glaggledge|Bulk Up|p2a: Glaggledge
|-boost|p2a: Glaggledge|atk|1
|-boost|p2a: Glaggledge|def|1
|move|p1a: Garganacl|Salt Cure|p2a: Glaggledge
|-supereffective|p2a: Glaggledge
|-damage|p2a: Glaggledge|55/100
|-start|p2a: Glaggledge|Salt Cure
|-ability|p2a: Glaggledge|Weak Armor|boost
|-unboost|p2a: Glaggledge|def|1
|-boost|p2a: Glaggledge|spe|2
|
|-damage|p2a: Glaggledge|43/100|[from] Salt Cure
|upkeep
|turn|47
|
|t:|1769327002
|move|p2a: Glaggledge|Bitter Blade|p1a: Garganacl
|-resisted|p1a: Garganacl
|-damage|p1a: Garganacl|69/100
|-heal|p2a: Glaggledge|65/100|[from] drain|[of] p1a: Garganacl
|-damage|p2a: Glaggledge|55/100|[from] item: Life Orb
|move|p1a: Garganacl|Salt Cure|p2a: Glaggledge
|-supereffective|p2a: Glaggledge
|-damage|p2a: Glaggledge|34/100
|-ability|p2a: Glaggledge|Weak Armor|boost
|-unboost|p2a: Glaggledge|def|1
|-boost|p2a: Glaggledge|spe|2
|
|-damage|p2a: Glaggledge|22/100|[from] Salt Cure
|upkeep
|turn|48
|
|t:|1769327009
|move|p1a: Garganacl|Protect|p1a: Garganacl
|-singleturn|p1a: Garganacl|Protect
|move|p2a: Glaggledge|Close Combat|p1a: Garganacl
|-activate|p1a: Garganacl|move: Protect
|
|-damage|p2a: Glaggledge|9/100|[from] Salt Cure
|upkeep
|turn|49
|
|t:|1769327019
|switch|p1a: Rotom|Rotom-Wash|41/100
|move|p2a: Glaggledge|Shadow Sneak|p1a: Rotom
|-damage|p1a: Rotom|0 fnt
|faint|p1a: Rotom
|-damage|p2a: Glaggledge|0 fnt|[from] item: Life Orb
|faint|p2a: Glaggledge
|
|upkeep
|
|t:|1769327026
|switch|p2a: Agarthan Charm|Comfey, F|63/100
|switch|p1a: Skeledirge|Skeledirge, M|87/100
|turn|50
|
|t:|1769327029
|move|p2a: Agarthan Charm|Calm Mind|p2a: Agarthan Charm
|-boost|p2a: Agarthan Charm|spa|1
|-boost|p2a: Agarthan Charm|spd|1
|move|p1a: Skeledirge|Torch Song|p2a: Agarthan Charm
|-damage|p2a: Agarthan Charm|31/100
|-boost|p1a: Skeledirge|spa|1
|
|upkeep
|turn|51
|
|t:|1769327032
|move|p2a: Agarthan Charm|Calm Mind|p2a: Agarthan Charm
|-boost|p2a: Agarthan Charm|spa|1
|-boost|p2a: Agarthan Charm|spd|1
|move|p1a: Skeledirge|Torch Song|p2a: Agarthan Charm
|-damage|p2a: Agarthan Charm|0 fnt
|-boost|p1a: Skeledirge|spa|1
|faint|p2a: Agarthan Charm
|
|win|SDLU
|raw|SDLU's rating: 1352 &rarr; <strong>1368</strong><br />(+16 for winning)
|raw|supabro10's rating: 1275 &rarr; <strong>1255</strong><br />(-20 for losing)
|l|☆supabro10
|player|p2|
|l|☆SDLU
|player|p1|
