|j|☆kkeven.__
|j|☆kiko5bolas
|t:|1769319259
|gametype|singles
|player|p1|kkeven.__|cynthia|1037
|player|p2|kiko5bolas|266|1035
|gen|9
|tier|[Gen 9] OU
|rated|
|rule|HP Percentage Mod: HP is shown in percentages
|rule|Endless Battle Clause: Forcing endless battles is banned
|rule|Species Clause: Limit one of each Pokémon
|rule|OHKO Clause: OHKO moves are banned
|rule|Evasion Items Clause: Evasion items are banned
|rule|Evasion Moves Clause: Evasion moves are banned
|rule|Evasion Abilities Clause: Evasion abilities are banned
|rule|Sleep Moves Clause: Sleep-inducing moves are banned
|clearpoke
|poke|p1|Ting-Lu|
|poke|p1|Zamazenta-*|
|poke|p1|Ogerpon-Wellspring, F|
|poke|p1|Dragonite, F|
|poke|p1|Gholdengo|
|poke|p1|Iron Treads|
|poke|p2|Torkoal, M|
|poke|p2|Iron Valiant|
|poke|p2|Ceruledge, M|
|poke|p2|Gardevoir, F|
|poke|p2|Corviknight, M|
|poke|p2|Landorus-Therian, M|
|teampreview
|inactive|Battle timer is ON: inactive players will automatically lose when time's up. (requested by kkeven.__)
|
|t:|1769319268
|teamsize|p1|6
|teamsize|p2|6
|start
|switch|p1a: Dragonite|Dragonite, F|100/100
|switch|p2a: Landorus|Landorus-Therian, M|100/100
|-ability|p2a: Landorus|Intimidate|boost
|-unboost|p1a: Dragonite|atk|1
|turn|1
|
|t:|1769319276
|move|p1a: Dragonite|Dragon Dance|p1a: Dragonite
|-boost|p1a: Dragonite|atk|1
|-boost|p1a: Dragonite|spe|1
|move|p2a: Landorus|Stealth Rock|p1a: Dragonite
|-sidestart|p1: kkeven.__|move: Stealth Rock
|
|upkeep
|turn|2
|
|t:|1769319285
|move|p1a: Dragonite|Dragon Dance|p1a: Dragonite
|-boost|p1a: Dragonite|atk|1
|-boost|p1a: Dragonite|spe|1
|move|p2a: Landorus|Stone Edge|p1a: Dragonite
|-supereffective|p1a: Dragonite
|-damage|p1a: Dragonite|77/100
|
|upkeep
|turn|3
|
|t:|1769319296
|switch|p2a: Gardevoir|Gardevoir, F|100/100
|-ability|p2a: Gardevoir|Multiscale|Trace|[from] ability: Trace|[of] p1a: Dragonite
|-terastallize|p1a: Dragonite|Fairy
|move|p1a: Dragonite|Dragon Dance|p1a: Dragonite
|-boost|p1a: Dragonite|atk|1
|-boost|p1a: Dragonite|spe|1
|
|upkeep
|turn|4
|
|t:|1769319311
|move|p1a: Dragonite|Tera Blast|p2a: Gardevoir|[anim] Tera Blast Fairy
|-damage|p2a: Gardevoir|35/100
|move|p2a: Gardevoir|Trick|p1a: Dragonite
|-activate|p2a: Gardevoir|move: Trick|[of] p1a: Dragonite
|-item|p1a: Dragonite|Choice Scarf|[from] move: Trick
|-item|p2a: Gardevoir|Heavy-Duty Boots|[from] move: Trick
|
|upkeep
|turn|5
|
|t:|1769319329
|switch|p2a: Corviknight|Corviknight, M|100/100
|-ability|p2a: Corviknight|Pressure
|move|p1a: Dragonite|Tera Blast|p2a: Corviknight|[anim] Tera Blast Fairy
|-resisted|p2a: Corviknight
|-damage|p2a: Corviknight|78/100
|
|-heal|p2a: Corviknight|84/100|[from] item: Leftovers
|upkeep
|turn|6
|
|t:|1769319341
|switch|p1a: Gholdengo|Gholdengo|100/100
|-damage|p1a: Gholdengo|94/100|[from] Stealth Rock
|move|p2a: Corviknight|Brave Bird|p1a: Gholdengo
|-resisted|p1a: Gholdengo
|-damage|p1a: Gholdengo|73/100
|-damage|p2a: Corviknight|79/100|[from] Recoil
|
|-heal|p2a: Corviknight|85/100|[from] item: Leftovers
|upkeep
|turn|7
|
|t:|1769319352
|move|p1a: Gholdengo|Shadow Ball|p2a: Corviknight
|-damage|p2a: Corviknight|44/100
|move|p2a: Corviknight|Roost|p2a: Corviknight
|-heal|p2a: Corviknight|94/100
|-singleturn|p2a: Corviknight|move: Roost
|
|-heal|p2a: Corviknight|99/100|[from] item: Leftovers
|upkeep
|turn|8
|
|t:|1769319374
|switch|p2a: Torkoal|Torkoal, M|100/100
|-weather|SunnyDay|[from] ability: Drought|[of] p2a: Torkoal
|move|p1a: Gholdengo|Shadow Ball|p2a: Torkoal
|-damage|p2a: Torkoal|49/100
|
|-weather|SunnyDay|[upkeep]
|upkeep
|turn|9
|inactive|kiko5bolas has 120 seconds left.
|
|t:|1769319404
|-terastallize|p2a: Torkoal|Grass
|move|p1a: Gholdengo|Shadow Ball|p2a: Torkoal
|-damage|p2a: Torkoal|0 fnt
|faint|p2a: Torkoal
|
|-weather|SunnyDay|[upkeep]
|upkeep
|
|t:|1769319410
|switch|p2a: Ceruledge|Ceruledge, M|100/100
|-item|p2a: Ceruledge|Air Balloon
|turn|10
|
|t:|1769319414
|move|p1a: Gholdengo|Shadow Ball|p2a: Ceruledge
|-supereffective|p2a: Ceruledge
|-damage|p2a: Ceruledge|3/100
|-enditem|p2a: Ceruledge|Air Balloon
|move|p2a: Ceruledge|Swords Dance|p2a: Ceruledge
|-boost|p2a: Ceruledge|atk|2
|
|-weather|SunnyDay|[upkeep]
|upkeep
|turn|11
|
|t:|1769319435
|switch|p1a: Zamazenta|Zamazenta|100/100
|-damage|p1a: Zamazenta|94/100|[from] Stealth Rock
|-ability|p1a: Zamazenta|Dauntless Shield|boost
|-boost|p1a: Zamazenta|def|1
|move|p2a: Ceruledge|Shadow Sneak|p1a: Zamazenta
|-damage|p1a: Zamazenta|74/100
|
|-weather|SunnyDay|[upkeep]
|-heal|p1a: Zamazenta|80/100|[from] item: Leftovers
|upkeep
|turn|12
|
|t:|1769319443
|move|p1a: Zamazenta|Crunch|p2a: Ceruledge
|-supereffective|p2a: Ceruledge
|-damage|p2a: Ceruledge|0 fnt
|faint|p2a: Ceruledge
|
|-weather|SunnyDay|[upkeep]
|-heal|p1a: Zamazenta|87/100|[from] item: Leftovers
|upkeep
|
|t:|1769319448
|switch|p2a: Iron Valiant|Iron Valiant|100/100
|-enditem|p2a: Iron Valiant|Booster Energy
|-activate|p2a: Iron Valiant|ability: Quark Drive|[fromitem]
|-start|p2a: Iron Valiant|quarkdrivespe
|turn|13
|
|t:|1769319462
|switch|p1a: Iron Treads|Iron Treads|100/100
|-damage|p1a: Iron Treads|97/100|[from] Stealth Rock
|-item|p1a: Iron Treads|Air Balloon
|move|p2a: Iron Valiant|Moonblast|p1a: Iron Treads
|-resisted|p1a: Iron Treads
|-damage|p1a: Iron Treads|74/100
|-enditem|p1a: Iron Treads|Air Balloon
|
|-weather|SunnyDay|[upkeep]
|upkeep
|turn|14
|
|t:|1769319473
|move|p2a: Iron Valiant|Close Combat|p1a: Iron Treads
|-supereffective|p1a: Iron Treads
|-damage|p1a: Iron Treads|0 fnt
|-unboost|p2a: Iron Valiant|def|1
|-unboost|p2a: Iron Valiant|spd|1
|faint|p1a: Iron Treads
|-end|p1a: Iron Treads|Quark Drive|[silent]
|
|-weather|SunnyDay|[upkeep]
|upkeep
|
|t:|1769319479
|switch|p1a: Dragonite|Dragonite, F, tera:Fairy|77/100
|-damage|p1a: Dragonite|65/100|[from] Stealth Rock
|turn|15
|
|t:|1769319486
|-end|p2a: Iron Valiant|Quark Drive|[silent]
|switch|p2a: Corviknight|Corviknight, M|99/100
|-ability|p2a: Corviknight|Pressure
|move|p1a: Dragonite|Tera Blast|p2a: Corviknight|[anim] Tera Blast Fairy
|-resisted|p2a: Corviknight
|-damage|p2a: Corviknight|89/100
|
|-weather|none
|-heal|p2a: Corviknight|95/100|[from] item: Leftovers
|upkeep
|turn|16
|
|t:|1769319499
|switch|p1a: Gholdengo|Gholdengo|73/100
|-damage|p1a: Gholdengo|67/100|[from] Stealth Rock
|move|p2a: Corviknight|Brave Bird|p1a: Gholdengo
|-resisted|p1a: Gholdengo
|-damage|p1a: Gholdengo|45/100
|-damage|p2a: Corviknight|89/100|[from] Recoil
|
|-heal|p2a: Corviknight|95/100|[from] item: Leftovers
|upkeep
|turn|17
|
|t:|1769319513
|move|p1a: Gholdengo|Shadow Ball|p2a: Corviknight
|-damage|p2a: Corviknight|57/100
|move|p2a: Corviknight|Brave Bird|p1a: Gholdengo
|-resisted|p1a: Gholdengo
|-damage|p1a: Gholdengo|25/100
|-damage|p2a: Corviknight|52/100|[from] Recoil
|
|-heal|p2a: Corviknight|58/100|[from] item: Leftovers
|upkeep
|turn|18
|
|t:|1769319524
|move|p1a: Gholdengo|Shadow Ball|p2a: Corviknight
|-damage|p2a: Corviknight|18/100
|-unboost|p2a: Corviknight|spd|1
|move|p2a: Corviknight|Roost|p2a: Corviknight
|-heal|p2a: Corviknight|68/100
|-singleturn|p2a: Corviknight|move: Roost
|
|-heal|p2a: Corviknight|74/100|[from] item: Leftovers
|upkeep
|turn|19
|
|t:|1769319540
|move|p1a: Gholdengo|Shadow Ball|p2a: Corviknight
|-damage|p2a: Corviknight|10/100
|move|p2a: Corviknight|Roost|p2a: Corviknight
|-heal|p2a: Corviknight|60/100
|-singleturn|p2a: Corviknight|move: Roost
|
|-heal|p2a: Corviknight|66/100|[from] item: Leftovers
|upkeep
|turn|20
|
|t:|1769319554
|switch|p2a: Gardevoir|Gardevoir, F|35/100
|-ability|p2a: Gardevoir|Good as Gold|Trace|[from] ability: Trace|[of] p1a: Gholdengo
|move|p1a: Gholdengo|Shadow Ball|p2a: Gardevoir
|-supereffective|p2a: Gardevoir
|-damage|p2a: Gardevoir|0 fnt
|faint|p2a: Gardevoir
|
|upkeep
|
|t:|1769319562
|switch|p2a: Corviknight|Corviknight, M|66/100
|-ability|p2a: Corviknight|Pressure
|turn|21
|
|t:|1769319567
|move|p1a: Gholdengo|Shadow Ball|p2a: Corviknight
|-damage|p2a: Corviknight|22/100
|move|p2a: Corviknight|Roost|p2a: Corviknight
|-heal|p2a: Corviknight|72/100
|-singleturn|p2a: Corviknight|move: Roost
|
|-heal|p2a: Corviknight|78/100|[from] item: Leftovers
|upkeep
|turn|22
|
|t:|1769319577
|move|p1a: Gholdengo|Shadow Ball|p2a: Corviknight
|-damage|p2a: Corviknight|38/100
|move|p2a: Corviknight|Brave Bird|p1a: Gholdengo
|-resisted|p1a: Gholdengo
|-damage|p1a: Gholdengo|4/100
|-damage|p2a: Corviknight|32/100|[from] Recoil
|
|-heal|p2a: Corviknight|38/100|[from] item: Leftovers
|upkeep
|turn|23
|
|t:|1769319588
|move|p1a: Gholdengo|Shadow Ball|p2a: Corviknight
|-damage|p2a: Corviknight|0 fnt
|faint|p2a: Corviknight
|
|upkeep
|
|t:|1769319592
|switch|p2a: Landorus|Landorus-Therian, M|100/100
|-ability|p2a: Landorus|Intimidate|boost
|-unboost|p1a: Gholdengo|atk|1
|turn|24
|
|t:|1769319601
|move|p1a: Gholdengo|Shadow Ball|p2a: Landorus
|-damage|p2a: Landorus|58/100
|move|p2a: Landorus|U-turn|p1a: Gholdengo
|-resisted|p1a: Gholdengo
|-damage|p1a: Gholdengo|0 fnt
|faint|p1a: Gholdengo
|
|t:|1769319608
|switch|p2a: Iron Valiant|Iron Valiant|100/100|[from] U-turn
|
|upkeep
|
|t:|1769319622
|switch|p1a: Dragonite|Dragonite, F, tera:Fairy|65/100
|-damage|p1a: Dragonite|52/100|[from] Stealth Rock
|turn|25
|
|t:|1769319633
|move|p2a: Iron Valiant|Destiny Bond|p2a: Iron Valiant
|-singlemove|p2a: Iron Valiant|Destiny Bond
|move|p1a: Dragonite|Tera Blast|p2a: Iron Valiant|[anim] Tera Blast Fairy
|-supereffective|p2a: Iron Valiant
|-damage|p2a: Iron Valiant|11/100
|
|upkeep
|turn|26
|
|t:|1769319641
|move|p2a: Iron Valiant|Destiny Bond||[still]
|-fail|p2a: Iron Valiant
|move|p1a: Dragonite|Tera Blast|p2a: Iron Valiant|[anim] Tera Blast Fairy
|-supereffective|p2a: Iron Valiant
|-damage|p2a: Iron Valiant|0 fnt
|faint|p2a: Iron Valiant
|-end|p2a: Iron Valiant|Quark Drive|[silent]
|
|upkeep
|-message|kiko5bolas forfeited.
|
|win|kkeven.__
|raw|kkeven.__'s rating: 1037 &rarr; <strong>1071</strong><br />(+34 for winning)
|raw|kiko5bolas's rating: 1035 &rarr; <strong>1020</strong><br />(-15 for losing)
