|j|☆Samglizzyslapper
|j|☆jstewartlambert
|t:|1769444340
|gametype|singles
|player|p1|Samglizzyslapper|102|1230
|player|p2|jstewartlambert|ltsurge|1256
|gen|9
|tier|[Gen 9] OU
|rated|
|rule|HP Percentage Mod: HP is shown in percentages
|rule|Endless Battle Clause: Forcing endless battles is banned
|rule|Species Clause: Limit one of each Pokémon
|rule|OHKO Clause: OHKO moves are banned
|rule|Evasion Items Clause: Evasion items are banned
|rule|Evasion Moves Clause: Evasion moves are banned
|rule|Evasion Abilities Clause: Evasion abilities are banned
|rule|Sleep Moves Clause: Sleep-inducing moves are banned
|clearpoke
|poke|p1|Ampharos, M|
|poke|p1|Great Tusk|
|poke|p1|Incineroar, M|
|poke|p1|Gyarados, F|
|poke|p1|Weezing-Galar, M|
|poke|p1|Magcargo, F|
|poke|p2|Torkoal, F|
|poke|p2|Walking Wake|
|poke|p2|Great Tusk|
|poke|p2|Scovillain, M|
|poke|p2|Hatterene, F|
|poke|p2|Ceruledge, M|
|teampreview
|inactive|Battle timer is ON: inactive players will automatically lose when time's up. (requested by Samglizzyslapper)
|
|t:|1769444347
|teamsize|p1|6
|teamsize|p2|6
|start
|switch|p1a: Magcargo|Magcargo, F|100/100
|switch|p2a: maho kano|Hatterene, F, shiny|100/100
|-item|p1a: Magcargo|Air Balloon
|turn|1
|
|t:|1769444354
|move|p1a: Magcargo|Shell Smash|p1a: Magcargo
|-unboost|p1a: Magcargo|def|1
|-unboost|p1a: Magcargo|spd|1
|-boost|p1a: Magcargo|atk|2
|-boost|p1a: Magcargo|spa|2
|-boost|p1a: Magcargo|spe|2
|move|p2a: maho kano|Nuzzle|p1a: Magcargo
|-damage|p1a: Magcargo|94/100
|-status|p1a: Magcargo|par
|-status|p2a: maho kano|brn|[from] ability: Flame Body|[of] p1a: Magcargo
|-enditem|p1a: Magcargo|Air Balloon
|
|-damage|p2a: maho kano|95/100 brn|[from] brn
|upkeep
|turn|2
|
|t:|1769444359
|move|p1a: Magcargo|Shell Smash|p1a: Magcargo
|-unboost|p1a: Magcargo|def|1
|-unboost|p1a: Magcargo|spd|1
|-boost|p1a: Magcargo|atk|2
|-boost|p1a: Magcargo|spa|2
|-boost|p1a: Magcargo|spe|2
|move|p2a: maho kano|Psyshock|p1a: Magcargo
|-damage|p1a: Magcargo|17/100 par
|
|-heal|p2a: maho kano|100/100 brn|[from] item: Leftovers
|-damage|p2a: maho kano|95/100 brn|[from] brn
|upkeep
|turn|3
|
|t:|1769444368
|move|p1a: Magcargo|Fire Blast|p2a: maho kano
|-damage|p2a: maho kano|0 fnt
|faint|p2a: maho kano
|
|upkeep
|
|t:|1769444375
|switch|p2a: Ceruledge|Ceruledge, M|100/100
|turn|4
|
|t:|1769444378
|move|p2a: Ceruledge|Shadow Sneak|p1a: Magcargo
|-damage|p1a: Magcargo|0 fnt
|faint|p1a: Magcargo
|
|upkeep
|
|t:|1769444392
|switch|p1a: Incineroar|Incineroar, M|100/100
|-ability|p1a: Incineroar|Intimidate|boost
|-unboost|p2a: Ceruledge|atk|1
|turn|5
|
|t:|1769444397
|switch|p2a: Torkoal|Torkoal, F|100/100
|-weather|SunnyDay|[from] ability: Drought|[of] p2a: Torkoal
|move|p1a: Incineroar|Knock Off|p2a: Torkoal
|-damage|p2a: Torkoal|67/100
|-enditem|p2a: Torkoal|Heat Rock|[from] move: Knock Off|[of] p1a: Incineroar
|
|-weather|SunnyDay|[upkeep]
|upkeep
|turn|6
|
|t:|1769444407
|switch|p2a: Great Tusk|Great Tusk, shiny|100/100
|-activate|p2a: Great Tusk|ability: Protosynthesis
|-start|p2a: Great Tusk|protosynthesisatk
|move|p1a: Incineroar|U-turn|p2a: Great Tusk
|-resisted|p2a: Great Tusk
|-damage|p2a: Great Tusk|93/100
|-damage|p1a: Incineroar|84/100|[from] item: Rocky Helmet|[of] p2a: Great Tusk
|
|t:|1769444412
|switch|p1a: Weezing|Weezing-Galar, M|100/100|[from] U-turn
|-ability|p1a: Weezing|Neutralizing Gas
|
|-weather|SunnyDay|[upkeep]
|upkeep
|turn|7
|
|t:|1769444418
|move|p2a: Great Tusk|Headlong Rush|p1a: Weezing
|-supereffective|p1a: Weezing
|-damage|p1a: Weezing|9/100
|-unboost|p2a: Great Tusk|def|1
|-unboost|p2a: Great Tusk|spd|1
|move|p1a: Weezing|Will-O-Wisp|p2a: Great Tusk
|-status|p2a: Great Tusk|brn
|
|-weather|SunnyDay|[upkeep]
|-heal|p1a: Weezing|15/100|[from] item: Leftovers
|-damage|p2a: Great Tusk|87/100 brn|[from] brn
|upkeep
|turn|8
|
|t:|1769444429
|move|p2a: Great Tusk|Rapid Spin|p1a: Weezing
|-crit|p1a: Weezing
|-damage|p1a: Weezing|6/100
|-boost|p2a: Great Tusk|spe|1
|move|p1a: Weezing|Pain Split|p2a: Great Tusk
|-sethp|p2a: Great Tusk|46/100 brn|[from] move: Pain Split|[silent]
|-sethp|p1a: Weezing|51/100|[from] move: Pain Split
|
|-weather|SunnyDay|[upkeep]
|-heal|p1a: Weezing|57/100|[from] item: Leftovers
|-damage|p2a: Great Tusk|40/100 brn|[from] brn
|upkeep
|turn|9
|
|t:|1769444436
|move|p2a: Great Tusk|Headlong Rush|p1a: Weezing
|-supereffective|p1a: Weezing
|-damage|p1a: Weezing|13/100
|-unboost|p2a: Great Tusk|def|1
|-unboost|p2a: Great Tusk|spd|1
|move|p1a: Weezing|Pain Split|p2a: Great Tusk
|-sethp|p2a: Great Tusk|26/100 brn|[from] move: Pain Split|[silent]
|-sethp|p1a: Weezing|29/100|[from] move: Pain Split
|
|-weather|SunnyDay|[upkeep]
|-heal|p1a: Weezing|35/100|[from] item: Leftovers
|-damage|p2a: Great Tusk|20/100 brn|[from] brn
|upkeep
|turn|10
|
|t:|1769444447
|-end|p2a: Great Tusk|Protosynthesis|[silent]
|switch|p2a: Scovillain|Scovillain, M|100/100
|-end|p1a: Weezing|ability: Neutralizing Gas
|switch|p1a: Incineroar|Incineroar, M|84/100
|-ability|p1a: Incineroar|Intimidate|boost
|-unboost|p2a: Scovillain|atk|1
|
|-weather|SunnyDay|[upkeep]
|upkeep
|turn|11
|
|t:|1769444453
|-terastallize|p2a: Scovillain|Ground
|move|p2a: Scovillain|Growth|p2a: Scovillain
|-boost|p2a: Scovillain|atk|2
|-boost|p2a: Scovillain|spa|2
|move|p1a: Incineroar|Flare Blitz|p2a: Scovillain
|-damage|p2a: Scovillain|0 fnt
|faint|p2a: Scovillain
|-damage|p1a: Incineroar|61/100|[from] Recoil
|
|-weather|SunnyDay|[upkeep]
|upkeep
|
|t:|1769444457
|switch|p2a: Walking Wake|Walking Wake|100/100
|-activate|p2a: Walking Wake|ability: Protosynthesis
|-start|p2a: Walking Wake|protosynthesisspa
|turn|12
|
|t:|1769444473
|move|p2a: Walking Wake|Hydro Steam|p1a: Incineroar
|-supereffective|p1a: Incineroar
|-damage|p1a: Incineroar|0 fnt
|faint|p1a: Incineroar
|
|-weather|none
|-end|p2a: Walking Wake|Protosynthesis
|upkeep
|
|t:|1769444475
|switch|p1a: Ampharos|Ampharos, M|100/100
|turn|13
|
|t:|1769444479
|-end|p2a: Walking Wake|Protosynthesis|[silent]
|switch|p2a: Torkoal|Torkoal, F|67/100
|-weather|SunnyDay|[from] ability: Drought|[of] p2a: Torkoal
|move|p1a: Ampharos|Thunder Wave|p2a: Torkoal
|-status|p2a: Torkoal|par
|
|-weather|SunnyDay|[upkeep]
|upkeep
|turn|14
|
|t:|1769444484
|move|p1a: Ampharos|Thunderbolt|p2a: Torkoal
|-damage|p2a: Torkoal|15/100 par
|move|p2a: Torkoal|Earth Power|p1a: Ampharos
|-supereffective|p1a: Ampharos
|-damage|p1a: Ampharos|45/100
|
|-weather|SunnyDay|[upkeep]
|-heal|p1a: Ampharos|51/100|[from] item: Leftovers
|upkeep
|turn|15
|
|t:|1769444491
|move|p1a: Ampharos|Thunderbolt|p2a: Torkoal
|-damage|p2a: Torkoal|0 fnt
|faint|p2a: Torkoal
|
|-weather|SunnyDay|[upkeep]
|-heal|p1a: Ampharos|57/100|[from] item: Leftovers
|upkeep
|
|t:|1769444497
|switch|p2a: Ceruledge|Ceruledge, M|100/100
|turn|16
|
|t:|1769444502
|move|p2a: Ceruledge|Bitter Blade|p1a: Ampharos
|-damage|p1a: Ampharos|0 fnt
|faint|p1a: Ampharos
|
|-weather|SunnyDay|[upkeep]
|upkeep
|
|t:|1769444506
|switch|p1a: Great Tusk|Great Tusk|100/100
|-activate|p1a: Great Tusk|ability: Protosynthesis
|-start|p1a: Great Tusk|protosynthesisspe
|turn|17
|
|t:|1769444511
|move|p1a: Great Tusk|Earthquake|p2a: Ceruledge
|-supereffective|p2a: Ceruledge
|-enditem|p2a: Ceruledge|Focus Sash
|-damage|p2a: Ceruledge|1/100
|-ability|p2a: Ceruledge|Weak Armor|boost
|-unboost|p2a: Ceruledge|def|1
|-boost|p2a: Ceruledge|spe|2
|move|p2a: Ceruledge|Swords Dance|p2a: Ceruledge
|-boost|p2a: Ceruledge|atk|2
|
|-weather|none
|-end|p1a: Great Tusk|Protosynthesis
|upkeep
|turn|18
|
|t:|1769444518
|move|p2a: Ceruledge|Bitter Blade|p1a: Great Tusk
|-damage|p1a: Great Tusk|42/100
|-heal|p2a: Ceruledge|44/100|[from] drain|[of] p1a: Great Tusk
|-damage|p2a: Ceruledge|28/100|[from] item: Rocky Helmet|[of] p1a: Great Tusk
|move|p1a: Great Tusk|Ice Spinner|p2a: Ceruledge
|-resisted|p2a: Ceruledge
|-damage|p2a: Ceruledge|3/100
|-ability|p2a: Ceruledge|Weak Armor|boost
|-unboost|p2a: Ceruledge|def|1
|-boost|p2a: Ceruledge|spe|2
|
|upkeep
|turn|19
|
|t:|1769444525
|move|p2a: Ceruledge|Bitter Blade|p1a: Great Tusk
|-damage|p1a: Great Tusk|0 fnt
|-heal|p2a: Ceruledge|34/100|[from] drain|[of] p1a: Great Tusk
|-damage|p2a: Ceruledge|18/100|[from] item: Rocky Helmet|[of] p1a: Great Tusk
|faint|p1a: Great Tusk
|-end|p1a: Great Tusk|Protosynthesis|[silent]
|
|upkeep
|
|t:|1769444527
|switch|p1a: Gyarados|Gyarados, F|100/100
|turn|20
|
|t:|1769444532
|move|p2a: Ceruledge|Bitter Blade|p1a: Gyarados
|-resisted|p1a: Gyarados
|-damage|p1a: Gyarados|42/100
|-heal|p2a: Ceruledge|51/100|[from] drain|[of] p1a: Gyarados
|move|p1a: Gyarados|Scale Shot|p2a: Ceruledge
|-damage|p2a: Ceruledge|27/100
|-ability|p2a: Ceruledge|Weak Armor|boost
|-unboost|p2a: Ceruledge|def|1
|-boost|p2a: Ceruledge|spe|2
|-damage|p2a: Ceruledge|0 fnt
|faint|p2a: Ceruledge
|-ability|p1a: Gyarados|Moxie|boost
|-boost|p1a: Gyarados|atk|1
|-hitcount|p2: Ceruledge|2
|-unboost|p1a: Gyarados|def|1
|-boost|p1a: Gyarados|spe|1
|
|upkeep
|
|t:|1769444535
|switch|p2a: Walking Wake|Walking Wake|100/100
|turn|21
|
|t:|1769444540
|-terastallize|p1a: Gyarados|Dragon
|move|p1a: Gyarados|Scale Shot|p2a: Walking Wake
|-supereffective|p2a: Walking Wake
|-damage|p2a: Walking Wake|52/100
|-supereffective|p2a: Walking Wake
|-damage|p2a: Walking Wake|6/100
|-hitcount|p2a: Walking Wake|2
|-unboost|p1a: Gyarados|def|1
|-boost|p1a: Gyarados|spe|1
|move|p2a: Walking Wake|Hydro Steam|p1a: Gyarados
|-resisted|p1a: Gyarados
|-damage|p1a: Gyarados|6/100
|
|upkeep
|turn|22
|
|t:|1769444551
|move|p1a: Gyarados|Waterfall|p2a: Walking Wake
|-resisted|p2a: Walking Wake
|-damage|p2a: Walking Wake|0 fnt
|faint|p2a: Walking Wake
|-end|p2a: Walking Wake|Protosynthesis|[silent]
|-ability|p1a: Gyarados|Moxie|boost
|-boost|p1a: Gyarados|atk|1
|
|upkeep
|
|t:|1769444552
|switch|p2a: Great Tusk|Great Tusk, shiny|20/100 brn
|turn|23
|inactive|jstewartlambert has 120 seconds left.
|l|☆jstewartlambert
|inactive|jstewartlambert disconnected and has a minute to reconnect!
|player|p2|
|inactive|jstewartlambert has 30 seconds to reconnect!
|inactive|jstewartlambert has 20 seconds to reconnect!
|inactive|jstewartlambert has 15 seconds to reconnect!
|inactive|jstewartlambert has 10 seconds to reconnect!
|inactive|jstewartlambert has 5 seconds to reconnect!
|-message|jstewartlambert lost due to inactivity.
|
|win|Samglizzyslapper
|raw|Samglizzyslapper's rating: 1230 &rarr; <strong>1257</strong><br />(+27 for winning)
|raw|jstewartlambert's rating: 1256 &rarr; <strong>1229</strong><br />(-27 for losing)
|l|☆Samglizzyslapper
|player|p1|
