|j|☆ShinnyMinny
|j|☆borill
|t:|1769332914
|gametype|singles
|player|p1|ShinnyMinny|n|1094
|player|p2|borill|170|1156
|gen|9
|tier|[Gen 9] OU
|rated|
|rule|HP Percentage Mod: HP is shown in percentages
|rule|Endless Battle Clause: Forcing endless battles is banned
|rule|Species Clause: Limit one of each Pokémon
|rule|OHKO Clause: OHKO moves are banned
|rule|Evasion Items Clause: Evasion items are banned
|rule|Evasion Moves Clause: Evasion moves are banned
|rule|Evasion Abilities Clause: Evasion abilities are banned
|rule|Sleep Moves Clause: Sleep-inducing moves are banned
|clearpoke
|poke|p1|Garchomp, F|
|poke|p1|Quaquaval, M|
|poke|p1|Maushold-Four|
|poke|p1|Dragapult, F|
|poke|p1|Clodsire, F|
|poke|p1|Corviknight, F|
|poke|p2|Deoxys-Defense|
|poke|p2|Great Tusk|
|poke|p2|Zamazenta-*|
|poke|p2|Corviknight, M|
|poke|p2|Grimmsnarl, M|
|poke|p2|Kingambit, F|
|teampreview
|
|t:|1769332920
|teamsize|p1|6
|teamsize|p2|6
|start
|switch|p1a: Clodsire|Clodsire, F|100/100
|switch|p2a: Grimmsnarl|Grimmsnarl, M|100/100
|turn|1
|
|t:|1769332930
|move|p2a: Grimmsnarl|Light Screen|p2a: Grimmsnarl
|-sidestart|p2: borill|move: Light Screen
|move|p1a: Clodsire|Toxic Spikes|p2a: Grimmsnarl
|-sidestart|p2: borill|move: Toxic Spikes
|
|upkeep
|turn|2
|
|t:|1769332934
|move|p2a: Grimmsnarl|Reflect|p2a: Grimmsnarl
|-sidestart|p2: borill|Reflect
|move|p1a: Clodsire|Toxic Spikes|p2a: Grimmsnarl
|-sidestart|p2: borill|move: Toxic Spikes
|
|upkeep
|turn|3
|
|t:|1769332942
|move|p2a: Grimmsnarl|Parting Shot|p1a: Clodsire
|-unboost|p1a: Clodsire|atk|1
|-unboost|p1a: Clodsire|spa|1
|
|t:|1769332946
|switch|p2a: Corviknight|Corviknight, M|100/100|[from] Parting Shot
|-ability|p2a: Corviknight|Pressure
|move|p1a: Clodsire|Gunk Shot|p2a: Corviknight
|-immune|p2a: Corviknight
|
|upkeep
|turn|4
|
|t:|1769332963
|switch|p1a: Dragapult|Dragapult, F|100/100
|move|p2a: Corviknight|Defog|p1a: Dragapult
|-unboost|p1a: Dragapult|evasion|1
|-sideend|p2: borill|Toxic Spikes|[from] move: Defog|[of] p2a: Corviknight
|
|upkeep
|turn|5
|
|t:|1769332972
|switch|p2a: Zamazenta|Zamazenta|100/100
|-ability|p2a: Zamazenta|Dauntless Shield|boost
|-boost|p2a: Zamazenta|def|1
|move|p1a: Dragapult|Flamethrower|p2a: Zamazenta
|-damage|p2a: Zamazenta|62/100
|
|upkeep
|turn|6
|
|t:|1769332981
|move|p1a: Dragapult|Flamethrower|p2a: Zamazenta
|-damage|p2a: Zamazenta|24/100
|move|p2a: Zamazenta|Ice Fang|p1a: Dragapult
|-supereffective|p1a: Dragapult
|-damage|p1a: Dragapult|13/100
|-damage|p2a: Zamazenta|15/100|[from] item: Life Orb
|
|upkeep
|turn|7
|
|t:|1769332994
|switch|p2a: Great Tusk|Great Tusk|100/100
|-enditem|p2a: Great Tusk|Booster Energy
|-activate|p2a: Great Tusk|ability: Protosynthesis|[fromitem]
|-start|p2a: Great Tusk|protosynthesisatk
|move|p1a: Dragapult|Flamethrower|p2a: Great Tusk
|-damage|p2a: Great Tusk|37/100
|
|upkeep
|turn|8
|
|t:|1769333006
|move|p1a: Dragapult|Flamethrower|p2a: Great Tusk
|-damage|p2a: Great Tusk|0 fnt
|faint|p2a: Great Tusk
|-end|p2a: Great Tusk|Protosynthesis|[silent]
|
|-sideend|p2: borill|move: Light Screen
|upkeep
|c|☆ShinnyMinny|light screen + no stab, how
|
|t:|1769333018
|switch|p2a: Grimmsnarl|Grimmsnarl, M|100/100
|turn|9
|
|t:|1769333030
|switch|p1a: Clodsire|Clodsire, F|100/100
|move|p2a: Grimmsnarl|Light Screen|p2a: Grimmsnarl
|-sidestart|p2: borill|move: Light Screen
|
|-sideend|p2: borill|Reflect
|upkeep
|turn|10
|
|t:|1769333036
|move|p2a: Grimmsnarl|Reflect|p2a: Grimmsnarl
|-sidestart|p2: borill|Reflect
|move|p1a: Clodsire|Gunk Shot|p2a: Grimmsnarl
|-supereffective|p2a: Grimmsnarl
|-damage|p2a: Grimmsnarl|57/100
|
|upkeep
|turn|11
|
|t:|1769333056
|switch|p2a: Deoxys|Deoxys-Defense|100/100
|-ability|p2a: Deoxys|Pressure
|move|p1a: Clodsire|Toxic Spikes|p2a: Deoxys
|-sidestart|p2: borill|move: Toxic Spikes
|
|upkeep
|turn|12
|
|t:|1769333063
|move|p2a: Deoxys|Cosmic Power|p2a: Deoxys
|-boost|p2a: Deoxys|def|1
|-boost|p2a: Deoxys|spd|1
|move|p1a: Clodsire|Toxic Spikes|p2a: Deoxys
|-sidestart|p2: borill|move: Toxic Spikes
|
|upkeep
|turn|13
|
|t:|1769333068
|move|p2a: Deoxys|Cosmic Power|p2a: Deoxys
|-boost|p2a: Deoxys|def|1
|-boost|p2a: Deoxys|spd|1
|move|p1a: Clodsire|Gunk Shot|p2a: Deoxys
|-damage|p2a: Deoxys|88/100
|
|-heal|p2a: Deoxys|95/100|[from] item: Leftovers
|upkeep
|turn|14
|
|t:|1769333075
|move|p2a: Deoxys|Cosmic Power|p2a: Deoxys
|-boost|p2a: Deoxys|def|1
|-boost|p2a: Deoxys|spd|1
|move|p1a: Clodsire|Haze|p1a: Clodsire
|-clearallboost
|
|-heal|p2a: Deoxys|100/100|[from] item: Leftovers
|upkeep
|turn|15
|c|☆borill|lot of hazes tonight
|
|t:|1769333091
|move|p2a: Deoxys|Nasty Plot|p2a: Deoxys
|-boost|p2a: Deoxys|spa|2
|move|p1a: Clodsire|Gunk Shot|p2a: Deoxys
|-damage|p2a: Deoxys|88/100
|-status|p2a: Deoxys|psn
|
|-heal|p2a: Deoxys|94/100 psn|[from] item: Leftovers
|-damage|p2a: Deoxys|81/100 psn|[from] psn
|upkeep
|turn|16
|
|t:|1769333103
|move|p2a: Deoxys|Stored Power|p1a: Clodsire
|-supereffective|p1a: Clodsire
|-damage|p1a: Clodsire|83/100
|move|p1a: Clodsire|Haze|p1a: Clodsire
|-clearallboost
|
|-heal|p2a: Deoxys|88/100 psn|[from] item: Leftovers
|-heal|p1a: Clodsire|90/100|[from] item: Black Sludge
|-damage|p2a: Deoxys|75/100 psn|[from] psn
|-sideend|p2: borill|move: Light Screen
|upkeep
|turn|17
|
|t:|1769333116
|switch|p2a: Corviknight|Corviknight, M|100/100
|-ability|p2a: Corviknight|Pressure
|move|p1a: Clodsire|Gunk Shot|p2a: Corviknight
|-immune|p2a: Corviknight
|
|-heal|p1a: Clodsire|96/100|[from] item: Black Sludge
|-sideend|p2: borill|Reflect
|upkeep
|turn|18
|
|t:|1769333129
|switch|p1a: Corviknight|Corviknight, F|100/100
|-ability|p1a: Corviknight|Pressure
|move|p2a: Corviknight|Defog|p1a: Corviknight
|-unboost|p1a: Corviknight|evasion|1
|-sideend|p2: borill|Toxic Spikes|[from] move: Defog|[of] p2a: Corviknight
|
|upkeep
|turn|19
|
|t:|1769333139
|move|p2a: Corviknight|Iron Defense|p2a: Corviknight
|-boost|p2a: Corviknight|def|2
|move|p1a: Corviknight|U-turn|p2a: Corviknight
|-resisted|p2a: Corviknight
|-damage|p2a: Corviknight|99/100
|
|t:|1769333144
|switch|p1a: Clodsire|Clodsire, F|96/100|[from] U-turn
|
|-heal|p1a: Clodsire|100/100|[from] item: Black Sludge
|upkeep
|turn|20
|inactive|Battle timer is ON: inactive players will automatically lose when time's up. (requested by ShinnyMinny)
|
|t:|1769333162
|move|p2a: Corviknight|Iron Defense|p2a: Corviknight
|-boost|p2a: Corviknight|def|2
|move|p1a: Clodsire|Haze|p1a: Clodsire
|-clearallboost
|
|upkeep
|turn|21
|c|☆ShinnyMinny|we didnt have timer on for some reason
|
|t:|1769333185
|move|p2a: Corviknight|Body Press|p1a: Clodsire
|-resisted|p1a: Clodsire
|-damage|p1a: Clodsire|87/100
|move|p1a: Clodsire|Toxic Spikes|p2a: Corviknight
|-sidestart|p2: borill|move: Toxic Spikes
|
|-heal|p1a: Clodsire|93/100|[from] item: Black Sludge
|upkeep
|turn|22
|
|t:|1769333193
|move|p2a: Corviknight|Defog|p1a: Clodsire
|-unboost|p1a: Clodsire|evasion|1
|-sideend|p2: borill|Toxic Spikes|[from] move: Defog|[of] p2a: Corviknight
|move|p1a: Clodsire|Toxic Spikes|p2a: Corviknight
|-sidestart|p2: borill|move: Toxic Spikes
|
|-heal|p1a: Clodsire|99/100|[from] item: Black Sludge
|upkeep
|turn|23
|
|t:|1769333210
|switch|p2a: Zamazenta|Zamazenta|15/100
|-status|p2a: Zamazenta|psn
|switch|p1a: Corviknight|Corviknight, F|100/100
|-ability|p1a: Corviknight|Pressure
|
|-damage|p2a: Zamazenta|2/100 psn|[from] psn
|upkeep
|turn|24
|
|t:|1769333223
|move|p2a: Zamazenta|Ice Fang|p1a: Corviknight
|-damage|p1a: Corviknight|83/100
|-damage|p2a: Zamazenta|0 fnt|[from] item: Life Orb
|faint|p2a: Zamazenta
|move|p1a: Corviknight|U-turn|p2: Zamazenta|[notarget]
|-fail|p1a: Corviknight
|
|-heal|p1a: Corviknight|89/100|[from] item: Leftovers
|upkeep
|
|t:|1769333232
|switch|p2a: Grimmsnarl|Grimmsnarl, M|57/100
|-status|p2a: Grimmsnarl|psn
|turn|25
|
|t:|1769333238
|move|p2a: Grimmsnarl|Reflect|p2a: Grimmsnarl
|-sidestart|p2: borill|Reflect
|move|p1a: Corviknight|U-turn|p2a: Grimmsnarl
|-damage|p2a: Grimmsnarl|49/100 psn
|inactive|ShinnyMinny has 120 seconds left.
|
|t:|1769333276
|switch|p1a: Clodsire|Clodsire, F|99/100|[from] U-turn
|
|-heal|p1a: Clodsire|100/100|[from] item: Black Sludge
|-damage|p2a: Grimmsnarl|36/100 psn|[from] psn
|upkeep
|turn|26
|inactive|ShinnyMinny has 120 seconds left.
|
|t:|1769333289
|move|p2a: Grimmsnarl|Parting Shot|p1a: Clodsire
|-unboost|p1a: Clodsire|atk|1
|-unboost|p1a: Clodsire|spa|1
|
|t:|1769333294
|switch|p2a: Kingambit|Kingambit, F|100/100|[from] Parting Shot
|-activate|p2a: Kingambit|ability: Supreme Overlord
|-start|p2a: Kingambit|fallen2|[silent]
|move|p1a: Clodsire|Toxic Spikes|p2a: Kingambit
|-sidestart|p2: borill|move: Toxic Spikes
|
|upkeep
|turn|27
|
|t:|1769333319
|move|p2a: Kingambit|Kowtow Cleave|p1a: Clodsire
|-damage|p1a: Clodsire|19/100
|move|p1a: Clodsire|Haze|p1a: Clodsire
|-clearallboost
|
|-heal|p1a: Clodsire|25/100|[from] item: Black Sludge
|upkeep
|turn|28
|
|t:|1769333328
|move|p2a: Kingambit|Kowtow Cleave|p1a: Clodsire
|-damage|p1a: Clodsire|0 fnt
|faint|p1a: Clodsire
|
|upkeep
|c|☆ShinnyMinny|nvm
|
|t:|1769333341
|switch|p1a: Quaquaval|Quaquaval, M|100/100
|turn|29
|
|t:|1769333347
|-end|p2a: Kingambit|fallen2|[silent]
|switch|p2a: Corviknight|Corviknight, M|99/100
|-ability|p2a: Corviknight|Pressure
|move|p1a: Quaquaval|Aqua Step|p2a: Corviknight
|-crit|p2a: Corviknight
|-damage|p2a: Corviknight|62/100
|-boost|p1a: Quaquaval|spe|1
|
|upkeep
|turn|30
|c|☆borill|what are we nvming?
|inactive|ShinnyMinny has 120 seconds left.
|c|☆ShinnyMinny|?
|
|t:|1769333375
|move|p1a: Quaquaval|Aqua Step|p2a: Corviknight
|-damage|p2a: Corviknight|48/100
|-boost|p1a: Quaquaval|spe|1
|move|p2a: Corviknight|Defog|p1a: Quaquaval
|-unboost|p1a: Quaquaval|evasion|1
|-sideend|p2: borill|Toxic Spikes|[from] move: Defog|[of] p2a: Corviknight
|
|upkeep
|turn|31
|c|☆borill|you said nvm earlier
|inactive|ShinnyMinny has 120 seconds left.
|c|☆ShinnyMinny|i thought you were gonna swords dance the kingambit
|c|☆borill|ah yeah
|c|☆ShinnyMinny|thats why i did haze
|c|☆borill|made sense
|inactive|ShinnyMinny has 90 seconds left.
|
|t:|1769333414
|switch|p1a: Garchomp|Garchomp, F|100/100
|move|p2a: Corviknight|Iron Defense|p2a: Corviknight
|-boost|p2a: Corviknight|def|2
|
|upkeep
|turn|32
|c|☆borill|tough call
|
|t:|1769333424
|move|p2a: Corviknight|Roost|p2a: Corviknight
|-heal|p2a: Corviknight|98/100
|-singleturn|p2a: Corviknight|move: Roost
|move|p1a: Garchomp|Dragon Tail|p2a: Corviknight
|-resisted|p2a: Corviknight
|-damage|p2a: Corviknight|95/100
|drag|p2a: Grimmsnarl|Grimmsnarl, M|36/100 psn
|
|-damage|p2a: Grimmsnarl|24/100 psn|[from] psn
|-sideend|p2: borill|Reflect
|upkeep
|turn|33
|
|t:|1769333435
|move|p1a: Garchomp|Earthquake|p2a: Grimmsnarl
|-damage|p2a: Grimmsnarl|0 fnt
|faint|p2a: Grimmsnarl
|
|upkeep
|c|☆ShinnyMinny|no screen??
|
|t:|1769333442
|switch|p2a: Deoxys|Deoxys-Defense|75/100 psn
|-ability|p2a: Deoxys|Pressure
|turn|34
|c|☆borill|i have a fairy move
|c|☆borill|figured stab 2x move would've been good
|
|t:|1769333464
|move|p1a: Garchomp|Outrage|p2a: Deoxys
|-damage|p2a: Deoxys|30/100 psn
|move|p2a: Deoxys|Cosmic Power|p2a: Deoxys
|-boost|p2a: Deoxys|def|1
|-boost|p2a: Deoxys|spd|1
|
|-heal|p2a: Deoxys|36/100 psn|[from] item: Leftovers
|-damage|p2a: Deoxys|24/100 psn|[from] psn
|upkeep
|turn|35
|c|☆ShinnyMinny|:/
|
|t:|1769333474
|move|p1a: Garchomp|Outrage|p2a: Deoxys|[from] lockedmove
|-damage|p2a: Deoxys|0 fnt
|faint|p2a: Deoxys
|-start|p1a: Garchomp|confusion|[fatigue]
|
|upkeep
|
|t:|1769333479
|switch|p2a: Kingambit|Kingambit, F|100/100
|-activate|p2a: Kingambit|ability: Supreme Overlord
|-start|p2a: Kingambit|fallen4|[silent]
|turn|36
|
|t:|1769333484
|-activate|p1a: Garchomp|confusion
|-damage|p1a: Garchomp|86/100|[from] confusion
|move|p2a: Kingambit|Swords Dance|p2a: Kingambit
|-boost|p2a: Kingambit|atk|2
|
|upkeep
|turn|37
|inactive|ShinnyMinny has 120 seconds left.
|
|t:|1769333496
|move|p2a: Kingambit|Sucker Punch|p1a: Garchomp
|-damage|p1a: Garchomp|0 fnt
|-damage|p2a: Kingambit|88/100|[from] ability: Rough Skin|[of] p1a: Garchomp
|-damage|p2a: Kingambit|72/100|[from] item: Rocky Helmet|[of] p1a: Garchomp
|faint|p1a: Garchomp
|
|upkeep
|inactive|ShinnyMinny has 120 seconds left.
|
|t:|1769333508
|switch|p1a: Quaquaval|Quaquaval, M|100/100
|turn|38
|
|t:|1769333518
|move|p1a: Quaquaval|Aqua Step|p2a: Kingambit
|-damage|p2a: Kingambit|35/100
|-boost|p1a: Quaquaval|spe|1
|move|p2a: Kingambit|Kowtow Cleave|p1a: Quaquaval
|-resisted|p1a: Quaquaval
|-damage|p1a: Quaquaval|0 fnt
|faint|p1a: Quaquaval
|
|upkeep
|inactive|ShinnyMinny has 120 seconds left.
|
|t:|1769333546
|switch|p1a: Corviknight|Corviknight, F|89/100
|-ability|p1a: Corviknight|Pressure
|turn|39
|
|t:|1769333566
|-terastallize|p2a: Kingambit|Ghost
|move|p2a: Kingambit|Swords Dance|p2a: Kingambit
|-boost|p2a: Kingambit|atk|2
|move|p1a: Corviknight|U-turn|p2a: Kingambit
|-resisted|p2a: Kingambit
|-damage|p2a: Kingambit|29/100
|
|t:|1769333574
|switch|p1a: Dragapult|Dragapult, F|13/100|[from] U-turn
|
|upkeep
|turn|40
|
|t:|1769333580
|move|p2a: Kingambit|Sucker Punch|p1a: Dragapult
|-supereffective|p1a: Dragapult
|-damage|p1a: Dragapult|0 fnt
|faint|p1a: Dragapult
|
|upkeep
|
|t:|1769333589
|switch|p1a: Corviknight|Corviknight, F|89/100
|-ability|p1a: Corviknight|Pressure
|turn|41
|
|t:|1769333596
|move|p2a: Kingambit|Kowtow Cleave|p1a: Corviknight
|-damage|p1a: Corviknight|0 fnt
|faint|p1a: Corviknight
|
|upkeep
|
|t:|1769333600
|switch|p1a: Maushold|Maushold-Four|100/100
|turn|42
|
|t:|1769333611
|move|p1a: Maushold|Tidy Up|p1a: Maushold
|-boost|p1a: Maushold|atk|1
|-boost|p1a: Maushold|spe|1
|move|p2a: Kingambit|Kowtow Cleave|p1a: Maushold
|-damage|p1a: Maushold|0 fnt
|faint|p1a: Maushold
|
|win|borill
|raw|ShinnyMinny's rating: 1094 &rarr; <strong>1074</strong><br />(-20 for losing)
|raw|borill's rating: 1156 &rarr; <strong>1177</strong><br />(+21 for winning)
|c|☆ShinnyMinny|gg
|l|☆ShinnyMinny
|player|p1|
|c|☆borill|gg
|l|☆borill
|player|p2|
