|j|☆Julix12
|j|☆Fhantazy
|t:|1769361881
|gametype|singles
|player|p1|Julix12|1|1334
|player|p2|Fhantazy|1|1370
|gen|9
|tier|[Gen 9] OU
|rated|
|rule|HP Percentage Mod: HP is shown in percentages
|rule|Endless Battle Clause: Forcing endless battles is banned
|rule|Species Clause: Limit one of each Pokémon
|rule|OHKO Clause: OHKO moves are banned
|rule|Evasion Items Clause: Evasion items are banned
|rule|Evasion Moves Clause: Evasion moves are banned
|rule|Evasion Abilities Clause: Evasion abilities are banned
|rule|Sleep Moves Clause: Sleep-inducing moves are banned
|clearpoke
|poke|p1|Grimmsnarl, M|
|poke|p1|Ceruledge, M|
|poke|p1|Great Tusk|
|poke|p1|Zapdos|
|poke|p1|Samurott-Hisui, F|
|poke|p1|Slowking-Galar, F|
|poke|p2|Clefable, M|
|poke|p2|Ting-Lu|
|poke|p2|Cinderace, M|
|poke|p2|Alomomola, F|
|poke|p2|Dragonite, F|
|poke|p2|Gholdengo|
|teampreview
|
|t:|1769361921
|teamsize|p1|6
|teamsize|p2|6
|start
|switch|p1a: Grimmsnarl|Grimmsnarl, M|100/100
|switch|p2a: Cinderace|Cinderace, M|100/100
|turn|1
|
|t:|1769361927
|move|p1a: Grimmsnarl|Reflect|p1a: Grimmsnarl
|-sidestart|p1: Julix12|Reflect
|move|p2a: Cinderace|Pyro Ball|p1a: Grimmsnarl
|-damage|p1a: Grimmsnarl|60/100
|
|upkeep
|turn|2
|
|t:|1769361931
|move|p1a: Grimmsnarl|Taunt|p2a: Cinderace
|-start|p2a: Cinderace|move: Taunt
|move|p2a: Cinderace|Pyro Ball|p1a: Grimmsnarl
|-damage|p1a: Grimmsnarl|21/100
|
|upkeep
|turn|3
|
|t:|1769361935
|switch|p1a: Ceruledge|Ceruledge, M|100/100
|move|p2a: Cinderace|U-turn|p1a: Ceruledge
|-start|p2a: Cinderace|typechange|Bug|[from] ability: Libero
|-resisted|p1a: Ceruledge
|-damage|p1a: Ceruledge|95/100
|-ability|p1a: Ceruledge|Weak Armor|boost
|-unboost|p1a: Ceruledge|def|1
|-boost|p1a: Ceruledge|spe|2
|
|t:|1769361950
|switch|p2a: Ting-Lu|Ting-Lu|100/100|[from] U-turn
|-ability|p2a: Ting-Lu|Vessel of Ruin
|
|upkeep
|turn|4
|inactive|Battle timer is ON: inactive players will automatically lose when time's up. (requested by Fhantazy)
|
|t:|1769362003
|switch|p1a: Great Tusk|Great Tusk|100/100
|move|p2a: Ting-Lu|Spikes|p1a: Great Tusk
|-sidestart|p1: Julix12|Spikes
|
|upkeep
|turn|5
|
|t:|1769362017
|switch|p2a: Gholdengo|Gholdengo|100/100
|-item|p2a: Gholdengo|Air Balloon
|move|p1a: Great Tusk|Ice Spinner|p2a: Gholdengo
|-resisted|p2a: Gholdengo
|-damage|p2a: Gholdengo|88/100
|-enditem|p2a: Gholdengo|Air Balloon
|
|upkeep
|turn|6
|
|t:|1769362024
|switch|p2a: Alomomola|Alomomola, F|100/100
|move|p1a: Great Tusk|Headlong Rush|p2a: Alomomola
|-damage|p2a: Alomomola|66/100
|-unboost|p1a: Great Tusk|def|1
|-unboost|p1a: Great Tusk|spd|1
|
|upkeep
|turn|7
|
|t:|1769362027
|move|p1a: Great Tusk|Rapid Spin|p2a: Alomomola
|-damage|p2a: Alomomola|57/100
|-boost|p1a: Great Tusk|spe|1
|-sideend|p1: Julix12|Spikes|[from] move: Rapid Spin|[of] p1a: Great Tusk
|move|p2a: Alomomola|Flip Turn|p1a: Great Tusk
|-supereffective|p1a: Great Tusk
|-damage|p1a: Great Tusk|84/100
|
|t:|1769362033
|switch|p2a: Clefable|Clefable, M|100/100|[from] Flip Turn
|
|upkeep
|turn|8
|
|t:|1769362039
|-end|p1a: Great Tusk|Protosynthesis|[silent]
|switch|p1a: Slowking|Slowking-Galar, F|100/100
|move|p2a: Clefable|Stealth Rock|p1a: Slowking
|-sidestart|p1: Julix12|move: Stealth Rock
|
|-sideend|p1: Julix12|Reflect
|upkeep
|turn|9
|
|t:|1769362044
|move|p2a: Clefable|Knock Off|p1a: Slowking
|-supereffective|p1a: Slowking
|-damage|p1a: Slowking|65/100
|-enditem|p1a: Slowking|Assault Vest|[from] move: Knock Off|[of] p2a: Clefable
|move|p1a: Slowking|Psychic Noise|p2a: Clefable
|-damage|p2a: Clefable|75/100
|-start|p2a: Clefable|move: Heal Block
|
|upkeep
|turn|10
|
|t:|1769362063
|switch|p2a: Ting-Lu|Ting-Lu|100/100
|-ability|p2a: Ting-Lu|Vessel of Ruin
|move|p1a: Slowking|Sludge Bomb|p2a: Ting-Lu
|-resisted|p2a: Ting-Lu
|-damage|p2a: Ting-Lu|90/100
|
|-heal|p2a: Ting-Lu|97/100|[from] item: Leftovers
|upkeep
|turn|11
|inactive|Fhantazy has 120 seconds left.
|
|t:|1769362092
|move|p1a: Slowking|Sludge Bomb|p2a: Ting-Lu
|-resisted|p2a: Ting-Lu
|-damage|p2a: Ting-Lu|86/100
|move|p2a: Ting-Lu|Whirlwind|p1a: Slowking
|drag|p1a: Zapdos|Zapdos|100/100
|
|-heal|p2a: Ting-Lu|92/100|[from] item: Leftovers
|upkeep
|turn|12
|
|t:|1769362102
|switch|p1a: Great Tusk|Great Tusk|84/100
|move|p2a: Ting-Lu|Spikes|p1a: Great Tusk
|-sidestart|p1: Julix12|Spikes
|
|-heal|p2a: Ting-Lu|98/100|[from] item: Leftovers
|upkeep
|turn|13
|
|t:|1769362107
|switch|p2a: Alomomola|Alomomola, F|90/100
|move|p1a: Great Tusk|Rapid Spin|p2a: Alomomola
|-damage|p2a: Alomomola|81/100
|-boost|p1a: Great Tusk|spe|1
|-sideend|p1: Julix12|Spikes|[from] move: Rapid Spin|[of] p1a: Great Tusk
|-sideend|p1: Julix12|Stealth Rock|[from] move: Rapid Spin|[of] p1a: Great Tusk
|
|upkeep
|turn|14
|
|t:|1769362121
|move|p1a: Great Tusk|Stealth Rock|p2a: Alomomola
|-sidestart|p2: Fhantazy|move: Stealth Rock
|move|p2a: Alomomola|Flip Turn|p1a: Great Tusk
|-supereffective|p1a: Great Tusk
|-damage|p1a: Great Tusk|59/100
|
|t:|1769362127
|switch|p2a: Clefable|Clefable, M|75/100|[from] Flip Turn
|
|-heal|p2a: Clefable|81/100|[from] item: Leftovers
|upkeep
|turn|15
|
|t:|1769362142
|-end|p1a: Great Tusk|Protosynthesis|[silent]
|switch|p1a: Slowking|Slowking-Galar, F|98/100
|move|p2a: Clefable|Moonblast|p1a: Slowking
|-resisted|p1a: Slowking
|-damage|p1a: Slowking|88/100
|
|-heal|p2a: Clefable|87/100|[from] item: Leftovers
|upkeep
|turn|16
|
|t:|1769362148
|switch|p2a: Ting-Lu|Ting-Lu|98/100
|-damage|p2a: Ting-Lu|92/100|[from] Stealth Rock
|-ability|p2a: Ting-Lu|Vessel of Ruin
|move|p1a: Slowking|Sludge Bomb|p2a: Ting-Lu
|-resisted|p2a: Ting-Lu
|-damage|p2a: Ting-Lu|81/100
|-status|p2a: Ting-Lu|psn
|
|-heal|p2a: Ting-Lu|87/100 psn|[from] item: Leftovers
|-damage|p2a: Ting-Lu|74/100 psn|[from] psn
|upkeep
|turn|17
|
|t:|1769362160
|switch|p2a: Clefable|Clefable, M|87/100
|move|p1a: Slowking|Ice Beam|p2a: Clefable
|-damage|p2a: Clefable|67/100
|
|-heal|p2a: Clefable|73/100|[from] item: Leftovers
|upkeep
|turn|18
|
|t:|1769362165
|switch|p2a: Gholdengo|Gholdengo|88/100
|-damage|p2a: Gholdengo|82/100|[from] Stealth Rock
|move|p1a: Slowking|Sludge Bomb|p2a: Gholdengo
|-immune|p2a: Gholdengo
|
|upkeep
|turn|19
|
|t:|1769362168
|move|p2a: Gholdengo|Shadow Ball|p1a: Slowking
|-supereffective|p1a: Slowking
|-damage|p1a: Slowking|27/100
|move|p1a: Slowking|Flamethrower|p2a: Gholdengo
|-supereffective|p2a: Gholdengo
|-damage|p2a: Gholdengo|13/100
|
|upkeep
|turn|20
|
|t:|1769362179
|switch|p1a: Samurott|Samurott-Hisui, F|100/100
|move|p2a: Gholdengo|Recover|p2a: Gholdengo
|-heal|p2a: Gholdengo|63/100
|
|upkeep
|turn|21
|
|t:|1769362187
|switch|p2a: Alomomola|Alomomola, F|100/100
|move|p1a: Samurott|Ceaseless Edge|p2a: Alomomola
|-damage|p2a: Alomomola|67/100
|-sidestart|p2: Fhantazy|Spikes
|
|upkeep
|turn|22
|
|t:|1769362196
|move|p1a: Samurott|Ceaseless Edge|p2a: Alomomola
|-damage|p2a: Alomomola|37/100
|-sidestart|p2: Fhantazy|Spikes
|move|p2a: Alomomola|Wish|p2a: Alomomola
|
|upkeep
|turn|23
|
|t:|1769362205
|move|p1a: Samurott|Knock Off|p2a: Alomomola
|-damage|p2a: Alomomola|5/100
|-enditem|p2a: Alomomola|Heavy-Duty Boots|[from] move: Knock Off|[of] p1a: Samurott
|move|p2a: Alomomola|Play Rough|p1a: Samurott
|-supereffective|p1a: Samurott
|-damage|p1a: Samurott|59/100
|
|-heal|p2a: Alomomola|55/100|[from] move: Wish|[wisher] Alomomola
|upkeep
|turn|24
|
|t:|1769362212
|move|p1a: Samurott|Ceaseless Edge|p2a: Alomomola
|-damage|p2a: Alomomola|26/100
|-sidestart|p2: Fhantazy|Spikes
|move|p2a: Alomomola|Wish|p2a: Alomomola
|
|upkeep
|turn|25
|
|t:|1769362220
|move|p2a: Alomomola|Protect|p2a: Alomomola
|-singleturn|p2a: Alomomola|Protect
|move|p1a: Samurott|Sucker Punch||[still]
|-fail|p1a: Samurott
|
|-heal|p2a: Alomomola|76/100|[from] move: Wish|[wisher] Alomomola
|upkeep
|turn|26
|
|t:|1769362230
|switch|p1a: Zapdos|Zapdos|100/100
|move|p2a: Alomomola|Wish|p2a: Alomomola
|
|upkeep
|turn|27
|
|t:|1769362236
|switch|p2a: Ting-Lu|Ting-Lu|74/100 psn
|-damage|p2a: Ting-Lu|68/100 psn|[from] Stealth Rock
|-damage|p2a: Ting-Lu|43/100 psn|[from] Spikes
|-ability|p2a: Ting-Lu|Vessel of Ruin
|move|p1a: Zapdos|Hurricane|p2a: Ting-Lu|[miss]
|-miss|p1a: Zapdos|p2a: Ting-Lu
|
|-heal|p2a: Ting-Lu|95/100 psn|[from] move: Wish|[wisher] Alomomola
|-heal|p2a: Ting-Lu|100/100 psn|[from] item: Leftovers
|-damage|p2a: Ting-Lu|88/100 psn|[from] psn
|upkeep
|turn|28
|
|t:|1769362250
|switch|p1a: Great Tusk|Great Tusk|59/100
|move|p2a: Ting-Lu|Earthquake|p1a: Great Tusk
|-damage|p1a: Great Tusk|31/100
|
|-heal|p2a: Ting-Lu|94/100 psn|[from] item: Leftovers
|-damage|p2a: Ting-Lu|82/100 psn|[from] psn
|upkeep
|turn|29
|
|t:|1769362257
|switch|p2a: Alomomola|Alomomola, F|100/100
|-damage|p2a: Alomomola|88/100|[from] Stealth Rock
|-damage|p2a: Alomomola|63/100|[from] Spikes
|move|p1a: Great Tusk|Ice Spinner|p2a: Alomomola
|-resisted|p2a: Alomomola
|-damage|p2a: Alomomola|56/100
|
|upkeep
|turn|30
|
|t:|1769362263
|-end|p1a: Great Tusk|Protosynthesis|[silent]
|switch|p1a: Zapdos|Zapdos|100/100
|move|p2a: Alomomola|Flip Turn|p1a: Zapdos
|-damage|p1a: Zapdos|81/100
|-status|p2a: Alomomola|par|[from] ability: Static|[of] p1a: Zapdos
|
|t:|1769362280
|switch|p2a: Clefable|Clefable, M|73/100|[from] Flip Turn
|
|-heal|p2a: Clefable|79/100|[from] item: Leftovers
|upkeep
|turn|31
|
|t:|1769362289
|move|p1a: Zapdos|Discharge|p2a: Clefable
|-damage|p2a: Clefable|51/100
|move|p2a: Clefable|Knock Off|p1a: Zapdos
|-damage|p1a: Zapdos|62/100
|-enditem|p1a: Zapdos|Heavy-Duty Boots|[from] move: Knock Off|[of] p2a: Clefable
|
|-heal|p2a: Clefable|57/100|[from] item: Leftovers
|upkeep
|turn|32
|
|t:|1769362293
|move|p1a: Zapdos|Discharge|p2a: Clefable
|-damage|p2a: Clefable|29/100
|move|p2a: Clefable|Moonlight|p2a: Clefable
|-heal|p2a: Clefable|79/100
|
|-heal|p2a: Clefable|85/100|[from] item: Leftovers
|upkeep
|turn|33
|
|t:|1769362298
|move|p1a: Zapdos|Discharge|p2a: Clefable
|-crit|p2a: Clefable
|-damage|p2a: Clefable|43/100
|move|p2a: Clefable|Moonblast|p1a: Zapdos
|-damage|p1a: Zapdos|23/100
|
|-heal|p2a: Clefable|49/100|[from] item: Leftovers
|upkeep
|turn|34
|
|t:|1769362305
|move|p1a: Zapdos|Roost|p1a: Zapdos
|-heal|p1a: Zapdos|73/100
|-singleturn|p1a: Zapdos|move: Roost
|move|p2a: Clefable|Moonlight|p2a: Clefable
|-heal|p2a: Clefable|99/100
|
|-heal|p2a: Clefable|100/100|[from] item: Leftovers
|upkeep
|turn|35
|
|t:|1769362307
|switch|p2a: Ting-Lu|Ting-Lu|82/100 psn
|-damage|p2a: Ting-Lu|76/100 psn|[from] Stealth Rock
|-damage|p2a: Ting-Lu|51/100 psn|[from] Spikes
|-ability|p2a: Ting-Lu|Vessel of Ruin
|move|p1a: Zapdos|Discharge|p2a: Ting-Lu
|-immune|p2a: Ting-Lu
|
|-heal|p2a: Ting-Lu|57/100 psn|[from] item: Leftovers
|-damage|p2a: Ting-Lu|44/100 psn|[from] psn
|upkeep
|turn|36
|
|t:|1769362313
|move|p1a: Zapdos|Hurricane|p2a: Ting-Lu
|-damage|p2a: Ting-Lu|15/100 psn
|move|p2a: Ting-Lu|Payback|p1a: Zapdos
|-damage|p1a: Zapdos|25/100
|
|-heal|p2a: Ting-Lu|21/100 psn|[from] item: Leftovers
|-damage|p2a: Ting-Lu|9/100 psn|[from] psn
|upkeep
|turn|37
|
|t:|1769362318
|move|p1a: Zapdos|Roost|p1a: Zapdos
|-heal|p1a: Zapdos|75/100
|-singleturn|p1a: Zapdos|move: Roost
|move|p2a: Ting-Lu|Earthquake|p1a: Zapdos
|-supereffective|p1a: Zapdos
|-damage|p1a: Zapdos|0 fnt
|faint|p1a: Zapdos
|
|-heal|p2a: Ting-Lu|15/100 psn|[from] item: Leftovers
|-damage|p2a: Ting-Lu|3/100 psn|[from] psn
|upkeep
|
|t:|1769362335
|switch|p1a: Ceruledge|Ceruledge, M|95/100
|turn|38
|
|t:|1769362339
|-terastallize|p1a: Ceruledge|Ghost
|move|p1a: Ceruledge|Swords Dance|p1a: Ceruledge
|-boost|p1a: Ceruledge|atk|2
|move|p2a: Ting-Lu|Whirlwind|p1a: Ceruledge
|drag|p1a: Great Tusk|Great Tusk|31/100
|
|-heal|p2a: Ting-Lu|9/100 psn|[from] item: Leftovers
|-damage|p2a: Ting-Lu|0 fnt|[from] psn
|faint|p2a: Ting-Lu
|upkeep
|
|t:|1769362348
|switch|p2a: Clefable|Clefable, M|100/100
|turn|39
|
|t:|1769362374
|-end|p1a: Great Tusk|Protosynthesis|[silent]
|switch|p1a: Slowking|Slowking-Galar, F|60/100
|move|p2a: Clefable|Moonblast|p1a: Slowking
|-resisted|p1a: Slowking
|-damage|p1a: Slowking|48/100
|
|upkeep
|turn|40
|
|t:|1769362382
|switch|p2a: Cinderace|Cinderace, M|100/100
|move|p1a: Slowking|Flamethrower|p2a: Cinderace
|-resisted|p2a: Cinderace
|-damage|p2a: Cinderace|81/100
|
|upkeep
|turn|41
|
|t:|1769362392
|move|p2a: Cinderace|Court Change|p2a: Cinderace
|-start|p2a: Cinderace|typechange|Normal|[from] ability: Libero
|-swapsideconditions
|-activate|p2a: Cinderace|move: Court Change
|move|p1a: Slowking|Sludge Bomb|p2a: Cinderace
|-crit|p2a: Cinderace
|-damage|p2a: Cinderace|0 fnt
|faint|p2a: Cinderace
|
|upkeep
|inactive|Fhantazy has 120 seconds left.
|
|t:|1769362439
|switch|p2a: Dragonite|Dragonite, F|100/100
|turn|42
|inactive|Julix12 has 120 seconds left.
|inactive|Julix12 has 90 seconds left.
|
|t:|1769362512
|move|p2a: Dragonite|Earthquake|p1a: Slowking
|-supereffective|p1a: Slowking
|-damage|p1a: Slowking|0 fnt
|faint|p1a: Slowking
|
|upkeep
|
|t:|1769362519
|switch|p1a: Great Tusk|Great Tusk|31/100
|turn|43
|
|t:|1769362526
|switch|p2a: Gholdengo|Gholdengo|63/100
|move|p1a: Great Tusk|Rapid Spin|p2a: Gholdengo
|-immune|p2a: Gholdengo
|
|upkeep
|turn|44
|inactive|Julix12 has 90 seconds left.
|
|t:|1769362536
|-terastallize|p2a: Gholdengo|Fighting
|move|p1a: Great Tusk|Headlong Rush|p2a: Gholdengo
|-damage|p2a: Gholdengo|13/100
|-unboost|p1a: Great Tusk|def|1
|-unboost|p1a: Great Tusk|spd|1
|move|p2a: Gholdengo|Shadow Ball|p1a: Great Tusk
|-damage|p1a: Great Tusk|0 fnt
|faint|p1a: Great Tusk
|-end|p1a: Great Tusk|Protosynthesis|[silent]
|
|upkeep
|inactive|Julix12 has 90 seconds left.
|
|t:|1769362552
|switch|p1a: Ceruledge|Ceruledge, M, tera:Ghost|95/100
|-damage|p1a: Ceruledge|83/100|[from] Stealth Rock
|-damage|p1a: Ceruledge|58/100|[from] Spikes
|turn|45
|
|t:|1769362563
|switch|p2a: Dragonite|Dragonite, F|100/100
|move|p1a: Ceruledge|Shadow Sneak|p2a: Dragonite
|-damage|p2a: Dragonite|82/100
|-damage|p1a: Ceruledge|48/100|[from] item: Life Orb
|
|upkeep
|turn|46
|inactive|Julix12 has 90 seconds left.
|
|t:|1769362571
|move|p1a: Ceruledge|Poltergeist|p2a: Dragonite
|-activate|p2a: Dragonite|move: Poltergeist|Heavy-Duty Boots
|-damage|p2a: Dragonite|0 fnt
|faint|p2a: Dragonite
|-damage|p1a: Ceruledge|38/100|[from] item: Life Orb
|
|upkeep
|
|t:|1769362577
|switch|p2a: Clefable|Clefable, M|100/100
|turn|47
|
|t:|1769362583
|move|p1a: Ceruledge|Poltergeist|p2a: Clefable
|-activate|p2a: Clefable|move: Poltergeist|Leftovers
|-damage|p2a: Clefable|0 fnt
|faint|p2a: Clefable
|-damage|p1a: Ceruledge|28/100|[from] item: Life Orb
|
|upkeep
|
|t:|1769362587
|switch|p2a: Alomomola|Alomomola, F|89/100 par
|turn|48
|
|t:|1769362598
|move|p1a: Ceruledge|Shadow Sneak|p2a: Alomomola
|-damage|p2a: Alomomola|68/100 par
|-damage|p1a: Ceruledge|18/100|[from] item: Life Orb
|move|p2a: Alomomola|Flip Turn|p1a: Ceruledge
|-damage|p1a: Ceruledge|0 fnt
|faint|p1a: Ceruledge
|
|t:|1769362600
|switch|p2a: Gholdengo|Gholdengo, tera:Fighting|13/100|[from] Flip Turn
|
|upkeep
|
|t:|1769362602
|switch|p1a: Samurott|Samurott-Hisui, F|59/100
|-damage|p1a: Samurott|46/100|[from] Stealth Rock
|-damage|p1a: Samurott|21/100|[from] Spikes
|turn|49
|
|t:|1769362607
|switch|p2a: Alomomola|Alomomola, F|100/100 par
|move|p1a: Samurott|Sucker Punch||[still]
|-fail|p1a: Samurott
|
|upkeep
|turn|50
|
|t:|1769362611
|move|p1a: Samurott|Ceaseless Edge|p2a: Alomomola
|-damage|p2a: Alomomola|71/100 par
|-sidestart|p2: Fhantazy|Spikes
|move|p2a: Alomomola|Play Rough|p1a: Samurott|[miss]
|-miss|p2a: Alomomola|p1a: Samurott
|
|upkeep
|turn|51
|
|t:|1769362619
|move|p1a: Samurott|Ceaseless Edge|p2a: Alomomola|[miss]
|-miss|p1a: Samurott|p2a: Alomomola
|move|p2a: Alomomola|Wish|p2a: Alomomola
|
|upkeep
|turn|52
|
|t:|1769362627
|move|p1a: Samurott|Ceaseless Edge|p2a: Alomomola
|-damage|p2a: Alomomola|40/100 par
|-sidestart|p2: Fhantazy|Spikes
|move|p2a: Alomomola|Flip Turn|p1a: Samurott
|-resisted|p1a: Samurott
|-damage|p1a: Samurott|12/100
|
|t:|1769362630
|switch|p2a: Gholdengo|Gholdengo, tera:Fighting|13/100|[from] Flip Turn
|-damage|p2a: Gholdengo|0 fnt|[from] Spikes
|faint|p2a: Gholdengo
|
|upkeep
|
|t:|1769362631
|switch|p2a: Alomomola|Alomomola, F|74/100 par
|-damage|p2a: Alomomola|57/100 par|[from] Spikes
|turn|53
|
|t:|1769362653
|move|p1a: Samurott|Ceaseless Edge|p2a: Alomomola
|-damage|p2a: Alomomola|25/100 par
|-sidestart|p2: Fhantazy|Spikes
|cant|p2a: Alomomola|par
|
|upkeep
|turn|54
|inactive|Julix12 has 120 seconds left.
|inactive|Julix12 has 90 seconds left.
|inactive|Julix12 has 60 seconds left.
|
|t:|1769362750
|move|p2a: Alomomola|Protect|p2a: Alomomola
|-singleturn|p2a: Alomomola|Protect
|move|p1a: Samurott|Ceaseless Edge|p2a: Alomomola
|-activate|p2a: Alomomola|move: Protect
|
|upkeep
|turn|55
|
|t:|1769362754
|move|p1a: Samurott|Ceaseless Edge|p2a: Alomomola
|-damage|p2a: Alomomola|0 fnt
|faint|p2a: Alomomola
|
|win|Julix12
|raw|Julix12's rating: 1334 &rarr; <strong>1356</strong><br />(+22 for winning)
|raw|Fhantazy's rating: 1370 &rarr; <strong>1348</strong><br />(-22 for losing)
|l|☆Fhantazy
|player|p2|
|c|☆Julix12|gg
