|j|☆OP Sand
|j|☆Air Glider
|t:|1769322274
|gametype|singles
|player|p1|OP Sand|giovanni-masters|1600
|player|p2|Air Glider|170|1507
|gen|9
|tier|[Gen 9] OU
|rated|
|rule|HP Percentage Mod: HP is shown in percentages
|rule|Endless Battle Clause: Forcing endless battles is banned
|rule|Species Clause: Limit one of each Pokémon
|rule|OHKO Clause: OHKO moves are banned
|rule|Evasion Items Clause: Evasion items are banned
|rule|Evasion Moves Clause: Evasion moves are banned
|rule|Evasion Abilities Clause: Evasion abilities are banned
|rule|Sleep Moves Clause: Sleep-inducing moves are banned
|clearpoke
|poke|p1|Excadrill, F|
|poke|p1|Tyranitar, M|
|poke|p1|Kyurem|
|poke|p1|Hawlucha, F|
|poke|p1|Pawmot, M|
|poke|p1|Flamigo, F|
|poke|p2|Pelipper, F|
|poke|p2|Iron Treads|
|poke|p2|Samurott-Hisui, M|
|poke|p2|Basculegion, M|
|poke|p2|Toxicroak, F|
|poke|p2|Keldeo-Resolute|
|teampreview
|inactive|Battle timer is ON: inactive players will automatically lose when time's up. (requested by OP Sand)
|inactive|Air Glider has 120 seconds left.
|
|t:|1769322308
|teamsize|p1|6
|teamsize|p2|6
|start
|switch|p1a: Frieza|Kyurem, shiny|100/100
|switch|p2a: Pelipper|Pelipper, F|100/100
|-ability|p1a: Frieza|Pressure
|-weather|RainDance|[from] ability: Drizzle|[of] p2a: Pelipper
|turn|1
|
|t:|1769322311
|switch|p2a: Iron Treads|Iron Treads|100/100
|-enditem|p2a: Iron Treads|Booster Energy
|-activate|p2a: Iron Treads|ability: Quark Drive|[fromitem]
|-start|p2a: Iron Treads|quarkdriveatk
|move|p1a: Frieza|Earth Power|p2a: Iron Treads
|-supereffective|p2a: Iron Treads
|-damage|p2a: Iron Treads|0 fnt
|faint|p2a: Iron Treads
|-end|p2a: Iron Treads|Quark Drive|[silent]
|
|-weather|RainDance|[upkeep]
|upkeep
|
|t:|1769322323
|switch|p2a: Keldeo|Keldeo-Resolute|100/100
|turn|2
|
|t:|1769322327
|switch|p1a: Shukaku|Tyranitar, M, shiny|100/100
|-weather|Sandstorm|[from] ability: Sand Stream|[of] p1a: Shukaku
|move|p2a: Keldeo|Calm Mind|p2a: Keldeo
|-boost|p2a: Keldeo|spa|1
|-boost|p2a: Keldeo|spd|1
|
|-weather|Sandstorm|[upkeep]
|-damage|p2a: Keldeo|94/100|[from] Sandstorm
|upkeep
|turn|3
|
|t:|1769322344
|switch|p1a: Itachi|Hawlucha, F, shiny|100/100
|-ability|p1a: Itachi|Mold Breaker
|move|p2a: Keldeo|Secret Sword|p1a: Itachi
|-resisted|p1a: Itachi
|-damage|p1a: Itachi|44/100
|-enditem|p1a: Itachi|Red Card|[of] p2a: Keldeo
|drag|p2a: Samurott|Samurott-Hisui, M|100/100
|
|-weather|Sandstorm|[upkeep]
|-damage|p1a: Itachi|38/100|[from] Sandstorm
|-damage|p2a: Samurott|94/100|[from] Sandstorm
|upkeep
|turn|4
|
|t:|1769322352
|switch|p2a: Pelipper|Pelipper, F|100/100
|-weather|RainDance|[from] ability: Drizzle|[of] p2a: Pelipper
|move|p1a: Itachi|Brave Bird|p2a: Pelipper
|-damage|p2a: Pelipper|42/100
|-damage|p1a: Itachi|18/100|[from] Recoil
|
|-weather|RainDance|[upkeep]
|upkeep
|turn|5
|
|t:|1769322376
|switch|p2a: Toxicroak|Toxicroak, F|100/100
|move|p1a: Itachi|Brave Bird|p2a: Toxicroak
|-supereffective|p2a: Toxicroak
|-damage|p2a: Toxicroak|16/100
|-damage|p1a: Itachi|1/100|[from] item: Rocky Helmet|[of] p2a: Toxicroak
|-damage|p1a: Itachi|0 fnt|[from] Recoil
|faint|p1a: Itachi
|
|-weather|RainDance|[upkeep]
|-heal|p2a: Toxicroak|28/100|[from] ability: Dry Skin
|upkeep
|c|☆OP Sand|N ppl wonder why I run bb
|c|☆OP Sand|for momentum
|
|t:|1769322401
|switch|p1a: Shukaku|Tyranitar, M, shiny|100/100
|-weather|Sandstorm|[from] ability: Sand Stream|[of] p1a: Shukaku
|turn|6
|
|t:|1769322410
|-terastallize|p1a: Shukaku|Ghost
|move|p2a: Toxicroak|Drain Punch|p1a: Shukaku
|-immune|p1a: Shukaku
|move|p1a: Shukaku|Stealth Rock|p2a: Toxicroak
|-sidestart|p2: Air Glider|move: Stealth Rock
|
|-weather|Sandstorm|[upkeep]
|-damage|p2a: Toxicroak|22/100|[from] Sandstorm
|-damage|p1a: Shukaku|94/100|[from] Sandstorm
|upkeep
|turn|7
|
|t:|1769322415
|switch|p1a: Yuji|Flamigo, F|100/100
|move|p2a: Toxicroak|Toxic|p1a: Yuji
|-status|p1a: Yuji|tox
|
|-weather|Sandstorm|[upkeep]
|-damage|p1a: Yuji|94/100 tox|[from] Sandstorm
|-damage|p2a: Toxicroak|16/100|[from] Sandstorm
|-damage|p1a: Yuji|88/100 tox|[from] psn
|upkeep
|turn|8
|
|t:|1769322429
|move|p1a: Yuji|Brave Bird|p2a: Toxicroak
|-supereffective|p2a: Toxicroak
|-damage|p2a: Toxicroak|0 fnt
|-damage|p1a: Yuji|71/100 tox|[from] item: Rocky Helmet|[of] p2a: Toxicroak
|faint|p2a: Toxicroak
|-damage|p1a: Yuji|65/100 tox|[from] Recoil
|
|-weather|Sandstorm|[upkeep]
|-damage|p1a: Yuji|59/100 tox|[from] Sandstorm
|-damage|p1a: Yuji|47/100 tox|[from] psn
|upkeep
|
|t:|1769322438
|switch|p2a: Pelipper|Pelipper, F|42/100
|-damage|p2a: Pelipper|17/100|[from] Stealth Rock
|-weather|RainDance|[from] ability: Drizzle|[of] p2a: Pelipper
|turn|9
|
|t:|1769322446
|move|p1a: Yuji|Brave Bird|p2a: Pelipper
|-damage|p2a: Pelipper|0 fnt
|faint|p2a: Pelipper
|-damage|p1a: Yuji|41/100 tox|[from] Recoil
|
|-weather|RainDance|[upkeep]
|-damage|p1a: Yuji|22/100 tox|[from] psn
|upkeep
|
|t:|1769322467
|switch|p2a: Keldeo|Keldeo-Resolute|94/100
|-damage|p2a: Keldeo|88/100|[from] Stealth Rock
|turn|10
|
|t:|1769322476
|-terastallize|p2a: Keldeo|Fighting
|move|p2a: Keldeo|Vacuum Wave|p1a: Yuji
|-resisted|p1a: Yuji
|-damage|p1a: Yuji|0 fnt
|faint|p1a: Yuji
|-damage|p2a: Keldeo|78/100|[from] item: Life Orb
|
|-weather|RainDance|[upkeep]
|upkeep
|
|t:|1769322486
|switch|p1a: Shukaku|Tyranitar, M, shiny, tera:Ghost|94/100
|-weather|Sandstorm|[from] ability: Sand Stream|[of] p1a: Shukaku
|turn|11
|
|t:|1769322491
|move|p2a: Keldeo|Calm Mind|p2a: Keldeo
|-boost|p2a: Keldeo|spa|1
|-boost|p2a: Keldeo|spd|1
|move|p1a: Shukaku|Thunder Wave|p2a: Keldeo
|-status|p2a: Keldeo|par
|
|-weather|Sandstorm|[upkeep]
|-damage|p2a: Keldeo|72/100 par|[from] Sandstorm
|-damage|p1a: Shukaku|88/100|[from] Sandstorm
|upkeep
|turn|12
|
|t:|1769322497
|move|p2a: Keldeo|Calm Mind|p2a: Keldeo
|-boost|p2a: Keldeo|spa|1
|-boost|p2a: Keldeo|spd|1
|move|p1a: Shukaku|Roar|p2a: Keldeo
|drag|p2a: Basculegion|Basculegion, M|100/100
|-damage|p2a: Basculegion|88/100|[from] Stealth Rock
|
|-weather|Sandstorm|[upkeep]
|-damage|p2a: Basculegion|82/100|[from] Sandstorm
|-damage|p1a: Shukaku|82/100|[from] Sandstorm
|upkeep
|turn|13
|
|t:|1769322503
|switch|p2a: Samurott|Samurott-Hisui, M|94/100
|-damage|p2a: Samurott|82/100|[from] Stealth Rock
|switch|p1a: Frieza|Kyurem, shiny|100/100
|-ability|p1a: Frieza|Pressure
|
|-weather|Sandstorm|[upkeep]
|-damage|p2a: Samurott|76/100|[from] Sandstorm
|-damage|p1a: Frieza|94/100|[from] Sandstorm
|upkeep
|turn|14
|
|t:|1769322506
|move|p2a: Samurott|Ceaseless Edge|p1a: Frieza
|-damage|p1a: Frieza|28/100
|-sidestart|p1: OP Sand|Spikes
|move|p1a: Frieza|Freeze-Dry|p2a: Samurott
|-supereffective|p2a: Samurott
|-damage|p2a: Samurott|0 fnt
|faint|p2a: Samurott
|
|-weather|Sandstorm|[upkeep]
|-damage|p1a: Frieza|22/100|[from] Sandstorm
|upkeep
|
|t:|1769322509
|switch|p2a: Keldeo|Keldeo-Resolute, tera:Fighting|72/100 par
|-damage|p2a: Keldeo|66/100 par|[from] Stealth Rock
|turn|15
|
|t:|1769322517
|move|p1a: Frieza|Freeze-Dry|p2a: Keldeo
|-damage|p2a: Keldeo|24/100 par
|move|p2a: Keldeo|Calm Mind|p2a: Keldeo
|-boost|p2a: Keldeo|spa|1
|-boost|p2a: Keldeo|spd|1
|
|-weather|Sandstorm|[upkeep]
|-damage|p1a: Frieza|15/100|[from] Sandstorm
|-damage|p2a: Keldeo|18/100 par|[from] Sandstorm
|upkeep
|turn|16
|
|t:|1769322525
|move|p2a: Keldeo|Vacuum Wave|p1a: Frieza
|-supereffective|p1a: Frieza
|-damage|p1a: Frieza|0 fnt
|faint|p1a: Frieza
|-damage|p2a: Keldeo|8/100 par|[from] item: Life Orb
|
|-weather|Sandstorm|[upkeep]
|-damage|p2a: Keldeo|2/100 par|[from] Sandstorm
|upkeep
|
|t:|1769322530
|switch|p1a: Porunga|Pawmot, M|100/100
|-damage|p1a: Porunga|88/100|[from] Spikes
|turn|17
|
|t:|1769322539
|move|p1a: Porunga|Mach Punch|p2a: Keldeo
|-damage|p2a: Keldeo|0 fnt
|faint|p2a: Keldeo
|
|-weather|Sandstorm|[upkeep]
|-damage|p1a: Porunga|82/100|[from] Sandstorm
|upkeep
|-message|Air Glider forfeited.
|
|win|OP Sand
|raw|OP Sand's rating: 1600 &rarr; <strong>1615</strong><br />(+15 for winning)
|raw|Air Glider's rating: 1507 &rarr; <strong>1492</strong><br />(-15 for losing)
|l|☆Air Glider
|player|p2|
|l|☆OP Sand
|player|p1|
