|j|☆Unscripted testing
|j|☆Hgfhhfghfff
|t:|1769323338
|gametype|singles
|player|p1|Unscripted testing|caitlin-masters|1675
|player|p2|Hgfhhfghfff|lucas|1624
|gen|9
|tier|[Gen 9] OU
|rated|
|rule|HP Percentage Mod: HP is shown in percentages
|rule|Endless Battle Clause: Forcing endless battles is banned
|rule|Species Clause: Limit one of each Pokémon
|rule|OHKO Clause: OHKO moves are banned
|rule|Evasion Items Clause: Evasion items are banned
|rule|Evasion Moves Clause: Evasion moves are banned
|rule|Evasion Abilities Clause: Evasion abilities are banned
|rule|Sleep Moves Clause: Sleep-inducing moves are banned
|clearpoke
|poke|p1|Tinkaton, F|
|poke|p1|Ogerpon, F|
|poke|p1|Great Tusk|
|poke|p1|Pecharunt|
|poke|p1|Alomomola, M|
|poke|p1|Hydreigon, M|
|poke|p2|Scream Tail|
|poke|p2|Iron Hands|
|poke|p2|Talonflame, F|
|poke|p2|Latios, M|
|poke|p2|Ursaluna, M|
|poke|p2|Grimmsnarl, M|
|teampreview
|inactive|Battle timer is ON: inactive players will automatically lose when time's up. (requested by Hgfhhfghfff)
|
|t:|1769323353
|teamsize|p1|6
|teamsize|p2|6
|start
|switch|p1a: Pisces|Alomomola, M, shiny|100/100
|switch|p2a: Grimmsnarl|Grimmsnarl, M|100/100
|turn|1
|
|t:|1769323361
|move|p2a: Grimmsnarl|Spirit Break|p1a: Pisces
|-damage|p1a: Pisces|68/100
|-unboost|p1a: Pisces|spa|1
|move|p1a: Pisces|Flip Turn|p2a: Grimmsnarl
|-damage|p2a: Grimmsnarl|81/100
|
|t:|1769323366
|switch|p1a: Smile.exe|Tinkaton, F, shiny|100/100|[from] Flip Turn
|-item|p1a: Smile.exe|Air Balloon
|
|upkeep
|turn|2
|
|t:|1769323372
|move|p2a: Grimmsnarl|Parting Shot|p1a: Smile.exe
|-unboost|p1a: Smile.exe|atk|1
|-unboost|p1a: Smile.exe|spa|1
|
|t:|1769323375
|switch|p2a: Talonflame|Talonflame, F|100/100|[from] Parting Shot
|move|p1a: Smile.exe|Stealth Rock|p2a: Talonflame
|-sidestart|p2: Hgfhhfghfff|move: Stealth Rock
|
|upkeep
|turn|3
|
|t:|1769323383
|switch|p1a: Overseer|Pecharunt|100/100
|move|p2a: Talonflame|Defog|p1a: Overseer
|-unboost|p1a: Overseer|evasion|1
|-sideend|p2: Hgfhhfghfff|Stealth Rock|[from] move: Defog|[of] p2a: Talonflame
|
|upkeep
|turn|4
|
|t:|1769323386
|move|p2a: Talonflame|U-turn|p1a: Overseer
|-resisted|p1a: Overseer
|-damage|p1a: Overseer|99/100
|-damage|p2a: Talonflame|84/100|[from] item: Rocky Helmet|[of] p1a: Overseer
|
|t:|1769323388
|switch|p2a: Ursaluna|Ursaluna, M|100/100|[from] U-turn
|move|p1a: Overseer|Malignant Chain|p2a: Ursaluna
|-resisted|p2a: Ursaluna
|-damage|p2a: Ursaluna|86/100
|
|-status|p2a: Ursaluna|brn|[from] item: Flame Orb
|upkeep
|turn|5
|
|t:|1769323398
|switch|p2a: Latios|Latios, M|100/100
|move|p1a: Overseer|Parting Shot|p2a: Latios
|-unboost|p2a: Latios|atk|1
|-unboost|p2a: Latios|spa|1
|
|t:|1769323401
|switch|p1a: Hybrid|Hydreigon, M, shiny|100/100|[from] Parting Shot
|
|upkeep
|turn|6
|
|t:|1769323407
|switch|p1a: Smile.exe|Tinkaton, F, shiny|100/100
|-item|p1a: Smile.exe|Air Balloon
|-terastallize|p2a: Latios|Steel
|move|p2a: Latios|Trick|p1a: Smile.exe
|-activate|p2a: Latios|move: Trick|[of] p1a: Smile.exe
|-item|p1a: Smile.exe|Choice Scarf|[from] move: Trick
|-item|p2a: Latios|Air Balloon
|-item|p2a: Latios|Air Balloon|[from] move: Trick
|
|upkeep
|turn|7
|
|t:|1769323417
|switch|p2a: Talonflame|Talonflame, F|84/100
|move|p1a: Smile.exe|Stealth Rock|p2a: Talonflame
|-sidestart|p2: Hgfhhfghfff|move: Stealth Rock
|
|upkeep
|turn|8
|
|t:|1769323421
|switch|p1a: Anonymous|Ogerpon, F|100/100
|move|p2a: Talonflame|Defog|p1a: Anonymous
|-unboost|p1a: Anonymous|evasion|1
|-ability|p1a: Anonymous|Defiant|boost
|-boost|p1a: Anonymous|atk|2
|-sideend|p2: Hgfhhfghfff|Stealth Rock|[from] move: Defog|[of] p2a: Talonflame
|
|upkeep
|turn|9
|
|t:|1769323425
|move|p2a: Talonflame|Flamethrower|p1a: Anonymous
|-supereffective|p1a: Anonymous
|-damage|p1a: Anonymous|42/100
|move|p1a: Anonymous|Rock Tomb|p2a: Talonflame
|-supereffective|p2a: Talonflame
|-damage|p2a: Talonflame|0 fnt
|faint|p2a: Talonflame
|
|upkeep
|
|t:|1769323434
|switch|p2a: Grimmsnarl|Grimmsnarl, M|81/100
|turn|10
|
|t:|1769323437
|switch|p1a: Smile.exe|Tinkaton, F, shiny|100/100
|move|p2a: Grimmsnarl|Sucker Punch||[still]
|-fail|p2a: Grimmsnarl
|
|upkeep
|turn|11
|
|t:|1769323440
|move|p2a: Grimmsnarl|Parting Shot|p1a: Smile.exe
|-unboost|p1a: Smile.exe|atk|1
|-unboost|p1a: Smile.exe|spa|1
|
|t:|1769323446
|switch|p2a: Ursaluna|Ursaluna, M|86/100 brn|[from] Parting Shot
|move|p1a: Smile.exe|Stealth Rock|p2a: Ursaluna
|-sidestart|p2: Hgfhhfghfff|move: Stealth Rock
|
|-damage|p2a: Ursaluna|80/100 brn|[from] brn
|upkeep
|turn|12
|
|t:|1769323452
|move|p1a: Smile.exe|Stealth Rock||[still]
|-fail|p1a: Smile.exe
|move|p2a: Ursaluna|Fire Punch|p1a: Smile.exe
|-supereffective|p1a: Smile.exe
|-damage|p1a: Smile.exe|0 fnt
|faint|p1a: Smile.exe
|
|-damage|p2a: Ursaluna|74/100 brn|[from] brn
|upkeep
|
|t:|1769323455
|switch|p1a: Anonymous|Ogerpon, F|42/100
|turn|13
|
|t:|1769323460
|switch|p2a: Iron Hands|Iron Hands|100/100
|-damage|p2a: Iron Hands|94/100|[from] Stealth Rock
|move|p1a: Anonymous|Ivy Cudgel|p2a: Iron Hands
|-damage|p2a: Iron Hands|63/100
|
|-heal|p2a: Iron Hands|69/100|[from] item: Leftovers
|upkeep
|turn|14
|
|t:|1769323466
|switch|p1a: Overseer|Pecharunt|99/100
|move|p2a: Iron Hands|Ice Punch|p1a: Overseer
|-damage|p1a: Overseer|89/100
|-damage|p2a: Iron Hands|53/100|[from] item: Rocky Helmet|[of] p1a: Overseer
|
|-heal|p2a: Iron Hands|59/100|[from] item: Leftovers
|upkeep
|turn|15
|
|t:|1769323471
|-end|p2a: Iron Hands|Quark Drive|[silent]
|switch|p2a: Latios|Latios, M, tera:Steel|100/100
|-damage|p2a: Latios|95/100|[from] Stealth Rock
|-item|p2a: Latios|Air Balloon
|move|p1a: Overseer|Malignant Chain|p2a: Latios
|-immune|p2a: Latios
|
|upkeep
|turn|16
|
|t:|1769323480
|switch|p1a: Pisces|Alomomola, M, shiny|100/100
|move|p2a: Latios|Future Sight|p1a: Pisces
|-start|p2a: Latios|move: Future Sight
|
|upkeep
|turn|17
|
|t:|1769323485
|move|p2a: Latios|Luster Purge|p1a: Pisces
|-damage|p1a: Pisces|76/100
|-unboost|p1a: Pisces|spd|1
|move|p1a: Pisces|Flip Turn|p2a: Latios
|-damage|p2a: Latios|74/100
|-enditem|p2a: Latios|Air Balloon
|
|t:|1769323487
|switch|p1a: Hybrid|Hydreigon, M, shiny|100/100|[from] Flip Turn
|
|upkeep
|turn|18
|
|t:|1769323492
|switch|p2a: Scream Tail|Scream Tail|100/100
|-damage|p2a: Scream Tail|88/100|[from] Stealth Rock
|switch|p1a: Pisces|Alomomola, M, shiny|100/100
|
|-end|p1a: Pisces|move: Future Sight
|-damage|p1a: Pisces|72/100
|-heal|p2a: Scream Tail|94/100|[from] item: Leftovers
|upkeep
|turn|19
|
|t:|1769323498
|move|p2a: Scream Tail|Wish|p2a: Scream Tail
|move|p1a: Pisces|Flip Turn|p2a: Scream Tail
|-damage|p2a: Scream Tail|81/100
|
|t:|1769323502
|switch|p1a: Overseer|Pecharunt|89/100|[from] Flip Turn
|
|-heal|p2a: Scream Tail|87/100|[from] item: Leftovers
|upkeep
|turn|20
|
|t:|1769323505
|-end|p2a: Scream Tail|Protosynthesis|[silent]
|switch|p2a: Latios|Latios, M, tera:Steel|74/100
|-damage|p2a: Latios|68/100|[from] Stealth Rock
|move|p1a: Overseer|Shadow Ball|p2a: Latios
|-damage|p2a: Latios|43/100
|
|-heal|p2a: Latios|100/100|[from] move: Wish|[wisher] Scream Tail
|upkeep
|turn|21
|
|t:|1769323513
|switch|p1a: Pisces|Alomomola, M, shiny|100/100
|move|p2a: Latios|Future Sight|p1a: Pisces
|-start|p2a: Latios|move: Future Sight
|
|upkeep
|turn|22
|l|☆Unscripted testing
|inactive|Unscripted testing disconnected and has a minute to reconnect!
|player|p1|
|j|☆Unscripted testing
|inactive|Unscripted testing reconnected and has 145 seconds left.
|player|p1|Unscripted testing|caitlin-masters|
|
|t:|1769323523
|move|p2a: Latios|Trick|p1a: Pisces
|-activate|p2a: Latios|move: Trick|[of] p1a: Pisces
|-enditem|p1a: Pisces|Assault Vest|[silent]|[from] move: Trick
|-item|p2a: Latios|Assault Vest|[from] move: Trick
|move|p1a: Pisces|Flip Turn|p2a: Latios
|-damage|p2a: Latios|79/100
|
|t:|1769323529
|switch|p1a: Hybrid|Hydreigon, M, shiny|100/100|[from] Flip Turn
|
|upkeep
|turn|23
|
|t:|1769323533
|switch|p2a: Scream Tail|Scream Tail|87/100
|-damage|p2a: Scream Tail|75/100|[from] Stealth Rock
|move|p1a: Hybrid|Flash Cannon|p2a: Scream Tail
|-supereffective|p2a: Scream Tail
|-damage|p2a: Scream Tail|30/100
|
|-end|p1a: Hybrid|move: Future Sight
|-immune|p1a: Hybrid
|-heal|p2a: Scream Tail|36/100|[from] item: Leftovers
|upkeep
|turn|24
|
|t:|1769323539
|move|p2a: Scream Tail|Protect|p2a: Scream Tail
|-singleturn|p2a: Scream Tail|Protect
|move|p1a: Hybrid|Flash Cannon|p2a: Scream Tail
|-activate|p2a: Scream Tail|move: Protect
|
|-heal|p2a: Scream Tail|42/100|[from] item: Leftovers
|upkeep
|turn|25
|
|t:|1769323545
|-end|p2a: Scream Tail|Protosynthesis|[silent]
|switch|p2a: Iron Hands|Iron Hands|59/100
|-damage|p2a: Iron Hands|53/100|[from] Stealth Rock
|move|p1a: Hybrid|Flash Cannon|p2a: Iron Hands
|-resisted|p2a: Iron Hands
|-damage|p2a: Iron Hands|34/100
|
|-heal|p2a: Iron Hands|40/100|[from] item: Leftovers
|upkeep
|turn|26
|
|t:|1769323554
|switch|p1a: Overseer|Pecharunt|89/100
|move|p2a: Iron Hands|Drain Punch|p1a: Overseer
|-immune|p1a: Overseer
|
|-heal|p2a: Iron Hands|46/100|[from] item: Leftovers
|upkeep
|turn|27
|
|t:|1769323562
|-end|p2a: Iron Hands|Quark Drive|[silent]
|switch|p2a: Latios|Latios, M, tera:Steel|79/100
|-damage|p2a: Latios|73/100|[from] Stealth Rock
|move|p1a: Overseer|Parting Shot|p2a: Latios
|-unboost|p2a: Latios|atk|1
|-unboost|p2a: Latios|spa|1
|
|t:|1769323564
|switch|p1a: Hybrid|Hydreigon, M, shiny|100/100|[from] Parting Shot
|
|upkeep
|turn|28
|
|t:|1769323568
|move|p2a: Latios|Draco Meteor|p1a: Hybrid
|-supereffective|p1a: Hybrid
|-damage|p1a: Hybrid|0 fnt
|-unboost|p2a: Latios|spa|2
|faint|p1a: Hybrid
|
|upkeep
|
|t:|1769323572
|switch|p1a: Behemoth|Great Tusk, shiny|100/100
|turn|29
|
|t:|1769323576
|switch|p2a: Grimmsnarl|Grimmsnarl, M|81/100
|-damage|p2a: Grimmsnarl|69/100|[from] Stealth Rock
|move|p1a: Behemoth|Rapid Spin|p2a: Grimmsnarl
|-damage|p2a: Grimmsnarl|47/100
|-boost|p1a: Behemoth|spe|1
|
|upkeep
|turn|30
|
|t:|1769323584
|move|p2a: Grimmsnarl|Parting Shot|p1a: Behemoth
|-unboost|p1a: Behemoth|atk|1
|-unboost|p1a: Behemoth|spa|1
|
|t:|1769323587
|switch|p2a: Latios|Latios, M, tera:Steel|73/100|[from] Parting Shot
|-damage|p2a: Latios|67/100|[from] Stealth Rock
|move|p1a: Behemoth|Close Combat|p2a: Latios
|-supereffective|p2a: Latios
|-damage|p2a: Latios|0 fnt
|-unboost|p1a: Behemoth|def|1
|-unboost|p1a: Behemoth|spd|1
|faint|p2a: Latios
|
|upkeep
|
|t:|1769323601
|switch|p2a: Scream Tail|Scream Tail|42/100
|-damage|p2a: Scream Tail|30/100|[from] Stealth Rock
|turn|31
|
|t:|1769323603
|move|p2a: Scream Tail|Protect|p2a: Scream Tail
|-singleturn|p2a: Scream Tail|Protect
|move|p1a: Behemoth|Headlong Rush|p2a: Scream Tail
|-activate|p2a: Scream Tail|move: Protect
|
|-heal|p2a: Scream Tail|36/100|[from] item: Leftovers
|upkeep
|turn|32
|
|t:|1769323620
|-end|p1a: Behemoth|Protosynthesis|[silent]
|switch|p1a: Overseer|Pecharunt|89/100
|move|p2a: Scream Tail|Trick Room|p2a: Scream Tail
|-fieldstart|move: Trick Room|[of] p2a: Scream Tail
|
|-heal|p2a: Scream Tail|42/100|[from] item: Leftovers
|upkeep
|turn|33
|
|t:|1769323630
|move|p1a: Overseer|Malignant Chain|p2a: Scream Tail
|-supereffective|p2a: Scream Tail
|-damage|p2a: Scream Tail|10/100
|move|p2a: Scream Tail|Wish|p2a: Scream Tail
|
|-heal|p2a: Scream Tail|16/100|[from] item: Leftovers
|upkeep
|turn|34
|
|t:|1769323649
|move|p2a: Scream Tail|Protect|p2a: Scream Tail
|-singleturn|p2a: Scream Tail|Protect
|move|p1a: Overseer|Malignant Chain|p2a: Scream Tail
|-activate|p2a: Scream Tail|move: Protect
|
|-heal|p2a: Scream Tail|66/100|[from] move: Wish|[wisher] Scream Tail
|-heal|p2a: Scream Tail|72/100|[from] item: Leftovers
|upkeep
|turn|35
|
|t:|1769323657
|move|p1a: Overseer|Malignant Chain|p2a: Scream Tail
|-supereffective|p2a: Scream Tail
|-damage|p2a: Scream Tail|42/100
|-status|p2a: Scream Tail|tox
|-start|p2a: Scream Tail|confusion|[from] ability: Poison Puppeteer|[of] p1a: Overseer
|-activate|p2a: Scream Tail|confusion
|move|p2a: Scream Tail|Wish|p2a: Scream Tail
|
|-heal|p2a: Scream Tail|48/100 tox|[from] item: Leftovers
|-damage|p2a: Scream Tail|42/100 tox|[from] psn
|upkeep
|turn|36
|l|☆Unscripted testing
|inactive|Unscripted testing disconnected and has a minute to reconnect!
|player|p1|
|j|☆Unscripted testing
|inactive|Unscripted testing reconnected and has 135 seconds left.
|player|p1|Unscripted testing|caitlin-masters|
|
|t:|1769323674
|-activate|p2a: Scream Tail|confusion
|-damage|p2a: Scream Tail|38/100 tox|[from] confusion
|move|p1a: Overseer|Parting Shot|p2a: Scream Tail
|-unboost|p2a: Scream Tail|atk|1
|-unboost|p2a: Scream Tail|spa|1
|
|t:|1769323678
|switch|p1a: Anonymous|Ogerpon, F|42/100|[from] Parting Shot
|
|-heal|p2a: Scream Tail|88/100 tox|[from] move: Wish|[wisher] Scream Tail
|-heal|p2a: Scream Tail|94/100 tox|[from] item: Leftovers
|-damage|p2a: Scream Tail|81/100 tox|[from] psn
|-fieldend|move: Trick Room
|upkeep
|turn|37
|
|t:|1769323683
|-end|p2a: Scream Tail|Protosynthesis|[silent]
|switch|p2a: Grimmsnarl|Grimmsnarl, M|47/100
|-damage|p2a: Grimmsnarl|35/100|[from] Stealth Rock
|move|p1a: Anonymous|Ivy Cudgel|p2a: Grimmsnarl
|-damage|p2a: Grimmsnarl|0 fnt
|faint|p2a: Grimmsnarl
|
|upkeep
|
|t:|1769323692
|switch|p2a: Iron Hands|Iron Hands|46/100
|-damage|p2a: Iron Hands|40/100|[from] Stealth Rock
|turn|38
|
|t:|1769323694
|switch|p1a: Overseer|Pecharunt|89/100
|move|p2a: Iron Hands|Drain Punch|p1a: Overseer
|-immune|p1a: Overseer
|
|-heal|p2a: Iron Hands|46/100|[from] item: Leftovers
|upkeep
|turn|39
|
|t:|1769323699
|move|p1a: Overseer|Parting Shot|p2a: Iron Hands
|-unboost|p2a: Iron Hands|atk|1
|-unboost|p2a: Iron Hands|spa|1
|
|t:|1769323704
|switch|p1a: Behemoth|Great Tusk, shiny|100/100|[from] Parting Shot
|move|p2a: Iron Hands|Ice Punch|p1a: Behemoth
|-supereffective|p1a: Behemoth
|-damage|p1a: Behemoth|76/100
|
|-heal|p2a: Iron Hands|53/100|[from] item: Leftovers
|upkeep
|turn|40
|
|t:|1769323713
|move|p1a: Behemoth|Headlong Rush|p2a: Iron Hands
|-supereffective|p2a: Iron Hands
|-damage|p2a: Iron Hands|0 fnt
|-unboost|p1a: Behemoth|def|1
|-unboost|p1a: Behemoth|spd|1
|faint|p2a: Iron Hands
|-end|p2a: Iron Hands|Quark Drive|[silent]
|
|upkeep
|
|t:|1769323719
|switch|p2a: Scream Tail|Scream Tail|81/100 tox
|-damage|p2a: Scream Tail|69/100 tox|[from] Stealth Rock
|turn|41
|
|t:|1769323722
|-end|p1a: Behemoth|Protosynthesis|[silent]
|switch|p1a: Overseer|Pecharunt|89/100
|move|p2a: Scream Tail|Trick Room|p2a: Scream Tail
|-fieldstart|move: Trick Room|[of] p2a: Scream Tail
|
|-heal|p2a: Scream Tail|75/100 tox|[from] item: Leftovers
|-damage|p2a: Scream Tail|69/100 tox|[from] psn
|upkeep
|turn|42
|
|t:|1769323729
|-end|p2a: Scream Tail|Protosynthesis|[silent]
|switch|p2a: Ursaluna|Ursaluna, M|74/100 brn
|-damage|p2a: Ursaluna|68/100 brn|[from] Stealth Rock
|move|p1a: Overseer|Malignant Chain|p2a: Ursaluna
|-resisted|p2a: Ursaluna
|-damage|p2a: Ursaluna|55/100 brn
|
|-damage|p2a: Ursaluna|49/100 brn|[from] brn
|upkeep
|turn|43
|
|t:|1769323735
|move|p2a: Ursaluna|Headlong Rush|p1a: Overseer
|-supereffective|p1a: Overseer
|-damage|p1a: Overseer|0 fnt
|-unboost|p2a: Ursaluna|def|1
|-unboost|p2a: Ursaluna|spd|1
|-damage|p2a: Ursaluna|32/100 brn|[from] item: Rocky Helmet|[of] p1a: Overseer
|faint|p1a: Overseer
|
|-damage|p2a: Ursaluna|26/100 brn|[from] brn
|upkeep
|
|t:|1769323737
|switch|p1a: Behemoth|Great Tusk, shiny|76/100
|turn|44
|
|t:|1769323740
|move|p2a: Ursaluna|Facade|p1a: Behemoth
|-damage|p1a: Behemoth|0 fnt
|faint|p1a: Behemoth
|-end|p1a: Behemoth|Protosynthesis|[silent]
|
|-damage|p2a: Ursaluna|20/100 brn|[from] brn
|upkeep
|
|t:|1769323742
|switch|p1a: Pisces|Alomomola, M, shiny|100/100
|turn|45
|
|t:|1769323746
|switch|p2a: Scream Tail|Scream Tail|69/100 tox
|-damage|p2a: Scream Tail|56/100 tox|[from] Stealth Rock
|move|p1a: Pisces|Aqua Jet|p2a: Scream Tail
|-damage|p2a: Scream Tail|48/100 tox
|
|-heal|p2a: Scream Tail|54/100 tox|[from] item: Leftovers
|-damage|p2a: Scream Tail|48/100 tox|[from] psn
|-fieldend|move: Trick Room
|upkeep
|turn|46
|
|t:|1769323756
|move|p1a: Pisces|Flip Turn|p2a: Scream Tail
|-damage|p2a: Scream Tail|34/100 tox
|
|t:|1769323757
|switch|p1a: Anonymous|Ogerpon, F|42/100|[from] Flip Turn
|move|p2a: Scream Tail|Trick Room|p2a: Scream Tail
|-fieldstart|move: Trick Room|[of] p2a: Scream Tail
|
|-heal|p2a: Scream Tail|41/100 tox|[from] item: Leftovers
|-damage|p2a: Scream Tail|28/100 tox|[from] psn
|upkeep
|turn|47
|
|t:|1769323763
|move|p2a: Scream Tail|Wish|p2a: Scream Tail
|move|p1a: Anonymous|U-turn|p2a: Scream Tail
|-damage|p2a: Scream Tail|0 fnt
|faint|p2a: Scream Tail
|-end|p2a: Scream Tail|Protosynthesis|[silent]
|
|t:|1769323765
|switch|p1a: Pisces|Alomomola, M, shiny|100/100|[from] U-turn
|
|upkeep
|
|t:|1769323768
|switch|p2a: Ursaluna|Ursaluna, M|20/100 brn
|-damage|p2a: Ursaluna|14/100 brn|[from] Stealth Rock
|turn|48
|
|t:|1769323770
|move|p1a: Pisces|Aqua Jet|p2a: Ursaluna
|-supereffective|p2a: Ursaluna
|-damage|p2a: Ursaluna|0 fnt
|faint|p2a: Ursaluna
|
|win|Unscripted testing
|raw|Unscripted testing's rating: 1675 &rarr; <strong>1692</strong><br />(+17 for winning)
|raw|Hgfhhfghfff's rating: 1624 &rarr; <strong>1607</strong><br />(-17 for losing)
|l|☆Hgfhhfghfff
|player|p2|
|l|☆Unscripted testing
|player|p1|
