|j|☆Sz_dS
|j|☆Smash BrOUs
|t:|1769386477
|gametype|singles
|player|p1|Sz_dS|1|1575
|player|p2|Smash BrOUs|wallace|1571
|gen|9
|tier|[Gen 9] OU
|rated|
|rule|HP Percentage Mod: HP is shown in percentages
|rule|Endless Battle Clause: Forcing endless battles is banned
|rule|Species Clause: Limit one of each Pokémon
|rule|OHKO Clause: OHKO moves are banned
|rule|Evasion Items Clause: Evasion items are banned
|rule|Evasion Moves Clause: Evasion moves are banned
|rule|Evasion Abilities Clause: Evasion abilities are banned
|rule|Sleep Moves Clause: Sleep-inducing moves are banned
|clearpoke
|poke|p1|Primarina, M|
|poke|p1|Great Tusk|
|poke|p1|Enamorus, F|
|poke|p1|Slowking-Galar, M|
|poke|p1|Ogerpon, F|
|poke|p1|Kingambit, M|
|poke|p2|Torterra, M|
|poke|p2|Polteageist|
|poke|p2|Cloyster, F|
|poke|p2|Minior-Green|
|poke|p2|Blastoise, M|
|poke|p2|Drednaw, M|
|teampreview
|inactive|Battle timer is ON: inactive players will automatically lose when time's up. (requested by Smash BrOUs)
|
|t:|1769386507
|teamsize|p1|6
|teamsize|p2|6
|start
|switch|p1a: Anonymous|Ogerpon, F|100/100
|switch|p2a: Little Mac|Torterra, M|100/100
|turn|1
|
|t:|1769386513
|move|p1a: Anonymous|U-turn|p2a: Little Mac
|-supereffective|p2a: Little Mac
|-damage|p2a: Little Mac|37/100
|
|t:|1769386519
|switch|p1a: Gin|Enamorus, F, shiny|100/100|[from] U-turn
|move|p2a: Little Mac|Shell Smash|p2a: Little Mac
|-unboost|p2a: Little Mac|def|1
|-unboost|p2a: Little Mac|spd|1
|-boost|p2a: Little Mac|atk|2
|-boost|p2a: Little Mac|spa|2
|-boost|p2a: Little Mac|spe|2
|
|upkeep
|turn|2
|
|t:|1769386523
|move|p1a: Gin|Moonblast|p2a: Little Mac
|-damage|p2a: Little Mac|0 fnt
|faint|p2a: Little Mac
|
|upkeep
|
|t:|1769386526
|switch|p2a: Wii Fit Trainer|Minior-Green|100/100
|-formechange|p2a: Wii Fit Trainer|Minior-Meteor||[from] ability: Shields Down
|turn|3
|
|t:|1769386529
|switch|p1a: Behemoth|Great Tusk, shiny|100/100
|move|p2a: Wii Fit Trainer|Shell Smash|p2a: Wii Fit Trainer
|-unboost|p2a: Wii Fit Trainer|def|1
|-unboost|p2a: Wii Fit Trainer|spd|1
|-boost|p2a: Wii Fit Trainer|atk|2
|-boost|p2a: Wii Fit Trainer|spa|2
|-boost|p2a: Wii Fit Trainer|spe|2
|
|upkeep
|turn|4
|
|t:|1769386532
|move|p2a: Wii Fit Trainer|Dazzling Gleam|p1a: Behemoth
|-supereffective|p1a: Behemoth
|-damage|p1a: Behemoth|0 fnt
|faint|p1a: Behemoth
|-end|p1a: Behemoth|Protosynthesis|[silent]
|
|upkeep
|
|t:|1769386537
|switch|p1a: Mantra|Slowking-Galar, M, shiny|100/100
|turn|5
|
|t:|1769386561
|move|p2a: Wii Fit Trainer|Earthquake|p1a: Mantra
|-supereffective|p1a: Mantra
|-damage|p1a: Mantra|39/100
|move|p1a: Mantra|Sludge Bomb|p2a: Wii Fit Trainer
|-resisted|p2a: Wii Fit Trainer
|-damage|p2a: Wii Fit Trainer|61/100
|
|upkeep
|turn|6
|
|t:|1769386567
|switch|p1a: Anonymous|Ogerpon, F|100/100
|move|p2a: Wii Fit Trainer|Power Gem|p1a: Anonymous
|-damage|p1a: Anonymous|40/100
|
|upkeep
|turn|7
|
|t:|1769386576
|-terastallize|p1a: Anonymous|Grass
|detailschange|p1a: Anonymous|Ogerpon-Teal-Tera, F, tera:Grass
|-ability|p1a: Anonymous|Embody Aspect (Teal)|boost
|-boost|p1a: Anonymous|spe|1
|move|p1a: Anonymous|Knock Off|p2a: Wii Fit Trainer
|-damage|p2a: Wii Fit Trainer|0 fnt
|-enditem|p2a: Wii Fit Trainer|Focus Sash|[from] move: Knock Off|[of] p1a: Anonymous
|faint|p2a: Wii Fit Trainer
|
|upkeep
|
|t:|1769386582
|switch|p2a: Mr. Game & Watch|Polteageist|100/100
|turn|8
|
|t:|1769386585
|move|p1a: Anonymous|Knock Off|p2a: Mr. Game & Watch
|-supereffective|p2a: Mr. Game & Watch
|-enditem|p2a: Mr. Game & Watch|Focus Sash
|-damage|p2a: Mr. Game & Watch|1/100
|-ability|p2a: Mr. Game & Watch|Weak Armor|boost
|-unboost|p2a: Mr. Game & Watch|def|1
|-boost|p2a: Mr. Game & Watch|spe|2
|move|p2a: Mr. Game & Watch|Shell Smash|p2a: Mr. Game & Watch
|-unboost|p2a: Mr. Game & Watch|def|1
|-unboost|p2a: Mr. Game & Watch|spd|1
|-boost|p2a: Mr. Game & Watch|atk|2
|-boost|p2a: Mr. Game & Watch|spa|2
|-boost|p2a: Mr. Game & Watch|spe|2
|
|upkeep
|turn|9
|
|t:|1769386595
|switch|p1a: Celestine|Primarina, M, shiny|100/100
|move|p2a: Mr. Game & Watch|Stored Power|p1a: Celestine
|-damage|p1a: Celestine|0 fnt
|faint|p1a: Celestine
|
|upkeep
|
|t:|1769386599
|switch|p1a: Overgod|Kingambit, M, shiny|100/100
|-activate|p1a: Overgod|ability: Supreme Overlord
|-start|p1a: Overgod|fallen2|[silent]
|turn|10
|
|t:|1769386602
|move|p1a: Overgod|Sucker Punch||[still]
|-fail|p1a: Overgod
|move|p2a: Mr. Game & Watch|Shell Smash|p2a: Mr. Game & Watch
|-unboost|p2a: Mr. Game & Watch|def|1
|-unboost|p2a: Mr. Game & Watch|spd|1
|-boost|p2a: Mr. Game & Watch|atk|2
|-boost|p2a: Mr. Game & Watch|spa|2
|-boost|p2a: Mr. Game & Watch|spe|2
|
|upkeep
|turn|11
|
|t:|1769386604
|move|p1a: Overgod|Sucker Punch||[still]
|-fail|p1a: Overgod
|move|p2a: Mr. Game & Watch|Shell Smash|p2a: Mr. Game & Watch
|-unboost|p2a: Mr. Game & Watch|def|1
|-unboost|p2a: Mr. Game & Watch|spd|1
|-boost|p2a: Mr. Game & Watch|atk|2
|-boost|p2a: Mr. Game & Watch|spa|2
|-boost|p2a: Mr. Game & Watch|spe|0
|
|upkeep
|turn|12
|
|t:|1769386607
|move|p1a: Overgod|Sucker Punch||[still]
|-fail|p1a: Overgod
|move|p2a: Mr. Game & Watch|Shell Smash|p2a: Mr. Game & Watch
|-unboost|p2a: Mr. Game & Watch|def|1
|-unboost|p2a: Mr. Game & Watch|spd|1
|-boost|p2a: Mr. Game & Watch|atk|0
|-boost|p2a: Mr. Game & Watch|spa|0
|-boost|p2a: Mr. Game & Watch|spe|0
|
|upkeep
|turn|13
|
|t:|1769386609
|move|p2a: Mr. Game & Watch|Shell Smash|p2a: Mr. Game & Watch
|-unboost|p2a: Mr. Game & Watch|def|1
|-unboost|p2a: Mr. Game & Watch|spd|1
|-boost|p2a: Mr. Game & Watch|atk|0
|-boost|p2a: Mr. Game & Watch|spa|0
|-boost|p2a: Mr. Game & Watch|spe|0
|move|p1a: Overgod|Kowtow Cleave|p2a: Mr. Game & Watch
|-supereffective|p2a: Mr. Game & Watch
|-damage|p2a: Mr. Game & Watch|0 fnt
|faint|p2a: Mr. Game & Watch
|
|upkeep
|
|t:|1769386629
|switch|p2a: Ganondorf|Drednaw, M|100/100
|turn|14
|
|t:|1769386632
|move|p2a: Ganondorf|Shell Smash|p2a: Ganondorf
|-unboost|p2a: Ganondorf|def|1
|-unboost|p2a: Ganondorf|spd|1
|-boost|p2a: Ganondorf|atk|2
|-boost|p2a: Ganondorf|spa|2
|-boost|p2a: Ganondorf|spe|2
|move|p1a: Overgod|Kowtow Cleave|p2a: Ganondorf
|-damage|p2a: Ganondorf|1/100
|
|upkeep
|turn|15
|
|t:|1769386636
|move|p1a: Overgod|Sucker Punch|p2a: Ganondorf
|-damage|p2a: Ganondorf|0 fnt
|faint|p2a: Ganondorf
|
|upkeep
|
|t:|1769386640
|switch|p2a: King Dedede|Blastoise, M|100/100
|turn|16
|
|t:|1769386644
|move|p2a: King Dedede|Shell Smash|p2a: King Dedede
|-unboost|p2a: King Dedede|def|1
|-unboost|p2a: King Dedede|spd|1
|-boost|p2a: King Dedede|atk|2
|-boost|p2a: King Dedede|spa|2
|-boost|p2a: King Dedede|spe|2
|move|p1a: Overgod|Kowtow Cleave|p2a: King Dedede
|-enditem|p2a: King Dedede|Focus Sash
|-damage|p2a: King Dedede|1/100
|
|upkeep
|turn|17
|
|t:|1769386655
|move|p1a: Overgod|Sucker Punch||[still]
|-fail|p1a: Overgod
|move|p2a: King Dedede|Shell Smash|p2a: King Dedede
|-unboost|p2a: King Dedede|def|1
|-unboost|p2a: King Dedede|spd|1
|-boost|p2a: King Dedede|atk|2
|-boost|p2a: King Dedede|spa|2
|-boost|p2a: King Dedede|spe|2
|
|upkeep
|turn|18
|
|t:|1769386658
|move|p1a: Overgod|Sucker Punch|p2a: King Dedede
|-damage|p2a: King Dedede|0 fnt
|faint|p2a: King Dedede
|
|upkeep
|
|t:|1769386660
|switch|p2a: Dr. Mario|Cloyster, F|100/100
|turn|19
|
|t:|1769386665
|move|p2a: Dr. Mario|Shell Smash|p2a: Dr. Mario
|-unboost|p2a: Dr. Mario|def|1
|-unboost|p2a: Dr. Mario|spd|1
|-boost|p2a: Dr. Mario|atk|2
|-boost|p2a: Dr. Mario|spa|2
|-boost|p2a: Dr. Mario|spe|2
|move|p1a: Overgod|Kowtow Cleave|p2a: Dr. Mario
|-damage|p2a: Dr. Mario|20/100
|
|upkeep
|turn|20
|
|t:|1769386678
|move|p2a: Dr. Mario|Shell Smash|p2a: Dr. Mario
|-unboost|p2a: Dr. Mario|def|1
|-unboost|p2a: Dr. Mario|spd|1
|-boost|p2a: Dr. Mario|atk|2
|-boost|p2a: Dr. Mario|spa|2
|-boost|p2a: Dr. Mario|spe|2
|move|p1a: Overgod|Kowtow Cleave|p2a: Dr. Mario
|-damage|p2a: Dr. Mario|0 fnt
|faint|p2a: Dr. Mario
|
|win|Sz_dS
|raw|Sz_dS's rating: 1575 &rarr; <strong>1595</strong><br />(+20 for winning)
|raw|Smash BrOUs's rating: 1571 &rarr; <strong>1551</strong><br />(-20 for losing)
|l|☆Smash BrOUs
|player|p2|
|l|☆Sz_dS
|player|p1|
