|j|☆jelynfish
|j|☆guoqiushi
|t:|1769318350
|gametype|singles
|player|p1|jelynfish|miku-ghost|1469
|player|p2|guoqiushi|n|1398
|gen|9
|tier|[Gen 9] OU
|rated|
|rule|HP Percentage Mod: HP is shown in percentages
|rule|Endless Battle Clause: Forcing endless battles is banned
|rule|Species Clause: Limit one of each Pokémon
|rule|OHKO Clause: OHKO moves are banned
|rule|Evasion Items Clause: Evasion items are banned
|rule|Evasion Moves Clause: Evasion moves are banned
|rule|Evasion Abilities Clause: Evasion abilities are banned
|rule|Sleep Moves Clause: Sleep-inducing moves are banned
|clearpoke
|poke|p1|Tinkaton, F|
|poke|p1|Ogerpon, F|
|poke|p1|Great Tusk|
|poke|p1|Pecharunt|
|poke|p1|Alomomola, M|
|poke|p1|Hydreigon, M|
|poke|p2|Zoroark, F|
|poke|p2|Great Tusk|
|poke|p2|Moltres|
|poke|p2|Dragonite, M|
|poke|p2|Gholdengo|
|poke|p2|Glimmora, M|
|teampreview
|
|t:|1769318361
|teamsize|p1|6
|teamsize|p2|6
|start
|switch|p1a: Anonymous|Ogerpon, F|100/100
|switch|p2a: Glimmora|Glimmora, M|100/100
|turn|1
|
|t:|1769318366
|move|p1a: Anonymous|U-turn|p2a: Glimmora
|-resisted|p2a: Glimmora
|-damage|p2a: Glimmora|80/100
|-activate|p2a: Glimmora|ability: Toxic Debris
|-sidestart|p1: jelynfish|move: Toxic Spikes
|inactive|Battle timer is ON: inactive players will automatically lose when time's up. (requested by guoqiushi)
|
|t:|1769318372
|switch|p1a: Hybrid|Hydreigon, M, shiny|100/100|[from] U-turn
|move|p2a: Glimmora|Spikes|p1a: Hybrid
|-sidestart|p1: jelynfish|Spikes
|
|upkeep
|turn|2
|
|t:|1769318382
|switch|p2a: Moltres|Moltres|100/100
|move|p1a: Hybrid|Flash Cannon|p2a: Moltres
|-resisted|p2a: Moltres
|-damage|p2a: Moltres|86/100
|-unboost|p2a: Moltres|spd|1
|
|upkeep
|turn|3
|
|t:|1769318388
|switch|p1a: Pisces|Alomomola, M, shiny|100/100
|-status|p1a: Pisces|psn
|-damage|p1a: Pisces|88/100 psn|[from] Spikes
|move|p2a: Moltres|U-turn|p1a: Pisces
|-damage|p1a: Pisces|77/100 psn
|
|t:|1769318396
|switch|p2a: Dragonite|Dragonite, M|100/100|[from] U-turn
|
|-damage|p1a: Pisces|64/100 psn|[from] psn
|upkeep
|turn|4
|
|t:|1769318419
|move|p2a: Dragonite|Dragon Dance|p2a: Dragonite
|-boost|p2a: Dragonite|atk|1
|-boost|p2a: Dragonite|spe|1
|move|p1a: Pisces|Flip Turn|p2a: Dragonite
|-resisted|p2a: Dragonite
|-damage|p2a: Dragonite|96/100
|
|t:|1769318421
|switch|p1a: Smile.exe|Tinkaton, F, shiny|100/100|[from] Flip Turn
|-item|p1a: Smile.exe|Air Balloon
|
|-heal|p2a: Dragonite|100/100|[from] item: Leftovers
|upkeep
|turn|5
|
|t:|1769318432
|move|p1a: Smile.exe|Encore|p2a: Dragonite
|-start|p2a: Dragonite|Encore
|move|p2a: Dragonite|Dragon Dance|p2a: Dragonite
|-boost|p2a: Dragonite|atk|1
|-boost|p2a: Dragonite|spe|1
|
|upkeep
|turn|6
|
|t:|1769318436
|move|p2a: Dragonite|Dragon Dance|p2a: Dragonite
|-boost|p2a: Dragonite|atk|1
|-boost|p2a: Dragonite|spe|1
|move|p1a: Smile.exe|Ice Hammer|p2a: Dragonite
|-supereffective|p2a: Dragonite
|-damage|p2a: Dragonite|45/100
|-unboost|p1a: Smile.exe|spe|1
|
|-heal|p2a: Dragonite|52/100|[from] item: Leftovers
|upkeep
|turn|7
|
|t:|1769318443
|-terastallize|p2a: Dragonite|Normal
|move|p2a: Dragonite|Dragon Dance|p2a: Dragonite
|-boost|p2a: Dragonite|atk|1
|-boost|p2a: Dragonite|spe|1
|move|p1a: Smile.exe|Stealth Rock|p2a: Dragonite
|-sidestart|p2: guoqiushi|move: Stealth Rock
|
|-heal|p2a: Dragonite|58/100|[from] item: Leftovers
|-end|p2a: Dragonite|Encore
|upkeep
|turn|8
|
|t:|1769318451
|move|p2a: Dragonite|Extreme Speed|p1a: Smile.exe
|-resisted|p1a: Smile.exe
|-damage|p1a: Smile.exe|2/100
|-enditem|p1a: Smile.exe|Air Balloon
|-enditem|p2a: Dragonite|Leftovers|[silent]|[from] ability: Pickpocket|[of] p2a: Dragonite
|-item|p1a: Smile.exe|Leftovers|[from] ability: Pickpocket|[of] p2a: Dragonite
|move|p1a: Smile.exe|Gigaton Hammer|p2a: Dragonite
|-damage|p2a: Dragonite|0 fnt
|faint|p2a: Dragonite
|
|-heal|p1a: Smile.exe|9/100|[from] item: Leftovers
|upkeep
|
|t:|1769318464
|switch|p2a: Great Tusk|Great Tusk|100/100
|-damage|p2a: Great Tusk|98/100|[from] Stealth Rock
|turn|9
|
|t:|1769318470
|move|p2a: Great Tusk|Rapid Spin|p1a: Smile.exe
|-resisted|p1a: Smile.exe
|-damage|p1a: Smile.exe|0 fnt
|-boost|p2a: Great Tusk|spe|1
|-sideend|p2: guoqiushi|Stealth Rock|[from] move: Rapid Spin|[of] p2a: Great Tusk
|faint|p1a: Smile.exe
|
|upkeep
|
|t:|1769318474
|switch|p1a: Anonymous|Ogerpon, F|100/100
|-status|p1a: Anonymous|psn
|-damage|p1a: Anonymous|88/100 psn|[from] Spikes
|turn|10
|
|t:|1769318481
|-end|p2a: Great Tusk|Protosynthesis|[silent]
|switch|p2a: Moltres|Moltres|86/100
|move|p1a: Anonymous|Rock Tomb|p2a: Moltres|[miss]
|-miss|p1a: Anonymous|p2a: Moltres
|
|-damage|p1a: Anonymous|76/100 psn|[from] psn
|upkeep
|turn|11
|
|t:|1769318489
|switch|p1a: Overseer|Pecharunt|100/100
|-sideend|p1: jelynfish|move: Toxic Spikes|[of] p1a: Overseer
|-damage|p1a: Overseer|88/100|[from] Spikes
|switch|p2a: Great Tusk|Great Tusk|98/100
|
|upkeep
|turn|12
|
|t:|1769318497
|move|p2a: Great Tusk|Headlong Rush|p1a: Overseer
|-supereffective|p1a: Overseer
|-damage|p1a: Overseer|39/100
|-unboost|p2a: Great Tusk|def|1
|-unboost|p2a: Great Tusk|spd|1
|-damage|p2a: Great Tusk|81/100|[from] item: Rocky Helmet|[of] p1a: Overseer
|move|p1a: Overseer|Parting Shot|p2a: Great Tusk
|-unboost|p2a: Great Tusk|atk|1
|-unboost|p2a: Great Tusk|spa|1
|
|t:|1769318502
|switch|p1a: Behemoth|Great Tusk, shiny|100/100|[from] Parting Shot
|
|upkeep
|turn|13
|
|t:|1769318506
|-end|p2a: Great Tusk|Protosynthesis|[silent]
|switch|p2a: Moltres|Moltres|86/100
|move|p1a: Behemoth|Ice Spinner|p2a: Moltres
|-damage|p2a: Moltres|58/100
|
|upkeep
|turn|14
|
|t:|1769318512
|-end|p1a: Behemoth|Protosynthesis|[silent]
|switch|p1a: Hybrid|Hydreigon, M, shiny|100/100
|move|p2a: Moltres|Roost|p2a: Moltres
|-heal|p2a: Moltres|100/100
|-singleturn|p2a: Moltres|move: Roost
|
|upkeep
|turn|15
|
|t:|1769318532
|move|p1a: Hybrid|Flash Cannon|p2a: Moltres
|-resisted|p2a: Moltres
|-damage|p2a: Moltres|85/100
|move|p2a: Moltres|U-turn|p1a: Hybrid
|-supereffective|p1a: Hybrid
|-damage|p1a: Hybrid|69/100
|-message|jelynfish forfeited.
|
|win|guoqiushi
|raw|jelynfish's rating: 1469 &rarr; <strong>1445</strong><br />(-24 for losing)
|raw|guoqiushi's rating: 1398 &rarr; <strong>1422</strong><br />(+24 for winning)
|l|☆jelynfish
|player|p1|
|l|☆guoqiushi
|player|p2|
