|j|☆Bossun267
|j|☆NoPuesVale
|t:|1769320850
|gametype|singles
|player|p1|Bossun267|boarder|1134
|player|p2|NoPuesVale|lance|1129
|gen|9
|tier|[Gen 9] OU
|rated|
|rule|HP Percentage Mod: HP is shown in percentages
|rule|Endless Battle Clause: Forcing endless battles is banned
|rule|Species Clause: Limit one of each Pokémon
|rule|OHKO Clause: OHKO moves are banned
|rule|Evasion Items Clause: Evasion items are banned
|rule|Evasion Moves Clause: Evasion moves are banned
|rule|Evasion Abilities Clause: Evasion abilities are banned
|rule|Sleep Moves Clause: Sleep-inducing moves are banned
|clearpoke
|poke|p1|Ceruledge, M|
|poke|p1|Landorus-Therian, M|
|poke|p1|Rotom-Wash|
|poke|p1|Dragonite, F|
|poke|p1|Ogerpon-Wellspring, F|
|poke|p1|Gholdengo|
|poke|p2|Cloyster, F|
|poke|p2|Tsareena, F|
|poke|p2|Iron Treads|
|poke|p2|Typhlosion-Hisui, M|
|poke|p2|Garchomp, M|
|poke|p2|Yanmega, M|
|teampreview
|inactive|Battle timer is ON: inactive players will automatically lose when time's up. (requested by NoPuesVale)
|inactive|Bossun267 also wants the timer to be on.
|
|t:|1769320859
|teamsize|p1|6
|teamsize|p2|6
|start
|switch|p1a: Landorus|Landorus-Therian, M|100/100
|switch|p2a: Garchomp|Garchomp, M|100/100
|-ability|p1a: Landorus|Intimidate|boost
|-unboost|p2a: Garchomp|atk|1
|turn|1
|
|t:|1769320866
|move|p2a: Garchomp|Stealth Rock|p1a: Landorus
|-sidestart|p1: Bossun267|move: Stealth Rock
|move|p1a: Landorus|Stealth Rock|p2a: Garchomp
|-sidestart|p2: NoPuesVale|move: Stealth Rock
|
|upkeep
|turn|2
|
|t:|1769320873
|move|p2a: Garchomp|Spikes|p1a: Landorus
|-sidestart|p1: Bossun267|Spikes
|move|p1a: Landorus|Earthquake|p2a: Garchomp
|-damage|p2a: Garchomp|63/100
|
|upkeep
|turn|3
|
|t:|1769320878
|move|p2a: Garchomp|Spikes|p1a: Landorus
|-sidestart|p1: Bossun267|Spikes
|move|p1a: Landorus|U-turn|p2a: Garchomp
|-damage|p2a: Garchomp|45/100
|-damage|p1a: Landorus|88/100|[from] ability: Rough Skin|[of] p2a: Garchomp
|-damage|p1a: Landorus|72/100|[from] item: Rocky Helmet|[of] p2a: Garchomp
|
|t:|1769320897
|switch|p1a: Ogerpon|Ogerpon-Wellspring, F|100/100|[from] U-turn
|-damage|p1a: Ogerpon|88/100|[from] Stealth Rock
|-damage|p1a: Ogerpon|72/100|[from] Spikes
|
|upkeep
|turn|4
|
|t:|1769320908
|move|p1a: Ogerpon|Swords Dance|p1a: Ogerpon
|-boost|p1a: Ogerpon|atk|2
|move|p2a: Garchomp|Dragon Tail|p1a: Ogerpon
|-damage|p1a: Ogerpon|42/100
|drag|p1a: Ceruledge|Ceruledge, M, shiny|100/100
|-damage|p1a: Ceruledge|76/100|[from] Stealth Rock
|-damage|p1a: Ceruledge|59/100|[from] Spikes
|
|upkeep
|turn|5
|
|t:|1769320919
|-terastallize|p1a: Ceruledge|Steel
|move|p1a: Ceruledge|Swords Dance|p1a: Ceruledge
|-boost|p1a: Ceruledge|atk|2
|move|p2a: Garchomp|Earthquake|p1a: Ceruledge
|-supereffective|p1a: Ceruledge
|-damage|p1a: Ceruledge|0 fnt
|faint|p1a: Ceruledge
|
|upkeep
|
|t:|1769320929
|switch|p1a: Dragonite|Dragonite, F|100/100
|turn|6
|
|t:|1769320932
|move|p1a: Dragonite|Outrage|p2a: Garchomp
|-supereffective|p2a: Garchomp
|-damage|p2a: Garchomp|0 fnt
|-damage|p1a: Dragonite|88/100|[from] ability: Rough Skin|[of] p2a: Garchomp
|-damage|p1a: Dragonite|71/100|[from] item: Rocky Helmet|[of] p2a: Garchomp
|faint|p2a: Garchomp
|
|upkeep
|
|t:|1769320942
|switch|p2a: Cloyster|Cloyster, F|100/100
|-damage|p2a: Cloyster|76/100|[from] Stealth Rock
|turn|7
|
|t:|1769320948
|move|p1a: Dragonite|Outrage|p2a: Cloyster|[from] lockedmove
|-damage|p2a: Cloyster|13/100
|move|p2a: Cloyster|Icicle Spear|p1a: Dragonite
|-supereffective|p1a: Dragonite
|-damage|p1a: Dragonite|16/100
|-supereffective|p1a: Dragonite
|-damage|p1a: Dragonite|0 fnt
|faint|p1a: Dragonite
|-hitcount|p1: Dragonite|2
|
|upkeep
|
|t:|1769320958
|switch|p1a: Rotom|Rotom-Wash|100/100
|-damage|p1a: Rotom|88/100|[from] Stealth Rock
|turn|8
|
|t:|1769320964
|move|p2a: Cloyster|Icicle Spear|p1a: Rotom
|-resisted|p1a: Rotom
|-damage|p1a: Rotom|83/100
|-resisted|p1a: Rotom
|-crit|p1a: Rotom
|-damage|p1a: Rotom|77/100
|-resisted|p1a: Rotom
|-damage|p1a: Rotom|73/100
|-resisted|p1a: Rotom
|-damage|p1a: Rotom|69/100
|-resisted|p1a: Rotom
|-damage|p1a: Rotom|64/100
|-hitcount|p1a: Rotom|5
|move|p1a: Rotom|Volt Switch|p2a: Cloyster
|-supereffective|p2a: Cloyster
|-damage|p2a: Cloyster|0 fnt
|faint|p2a: Cloyster
|
|t:|1769320977
|switch|p1a: Ogerpon|Ogerpon-Wellspring, F|42/100|[from] Volt Switch
|-damage|p1a: Ogerpon|30/100|[from] Stealth Rock
|-damage|p1a: Ogerpon|13/100|[from] Spikes
|
|upkeep
|
|t:|1769320983
|switch|p2a: Iron Treads|Iron Treads|100/100
|-damage|p2a: Iron Treads|97/100|[from] Stealth Rock
|-enditem|p2a: Iron Treads|Booster Energy
|-activate|p2a: Iron Treads|ability: Quark Drive|[fromitem]
|-start|p2a: Iron Treads|quarkdriveatk
|turn|9
|
|t:|1769320990
|move|p1a: Ogerpon|Horn Leech|p2a: Iron Treads
|-damage|p2a: Iron Treads|57/100
|-heal|p1a: Ogerpon|35/100|[from] drain|[of] p2a: Iron Treads
|move|p2a: Iron Treads|Rapid Spin|p1a: Ogerpon
|-damage|p1a: Ogerpon|5/100
|-boost|p2a: Iron Treads|spe|1
|-sideend|p2: NoPuesVale|Stealth Rock|[from] move: Rapid Spin|[of] p2a: Iron Treads
|
|upkeep
|turn|10
|
|t:|1769321001
|move|p2a: Iron Treads|Knock Off|p1a: Ogerpon
|-damage|p1a: Ogerpon|0 fnt
|faint|p1a: Ogerpon
|
|upkeep
|
|t:|1769321013
|switch|p1a: Landorus|Landorus-Therian, M|72/100
|-damage|p1a: Landorus|59/100|[from] Stealth Rock
|-ability|p1a: Landorus|Intimidate|boost
|-unboost|p2a: Iron Treads|atk|1
|turn|11
|
|t:|1769321021
|move|p2a: Iron Treads|Knock Off|p1a: Landorus
|-damage|p1a: Landorus|39/100
|-damage|p2a: Iron Treads|41/100|[from] item: Rocky Helmet|[of] p1a: Landorus
|-enditem|p1a: Landorus|Rocky Helmet|[from] move: Knock Off|[of] p2a: Iron Treads
|move|p1a: Landorus|Taunt|p2a: Iron Treads
|-start|p2a: Iron Treads|move: Taunt
|
|upkeep
|turn|12
|
|t:|1769321031
|move|p2a: Iron Treads|Ice Spinner|p1a: Landorus
|-supereffective|p1a: Landorus
|-damage|p1a: Landorus|0 fnt
|faint|p1a: Landorus
|
|upkeep
|
|t:|1769321036
|switch|p1a: Rotom|Rotom-Wash|64/100
|-damage|p1a: Rotom|51/100|[from] Stealth Rock
|turn|13
|
|t:|1769321042
|move|p2a: Iron Treads|Knock Off|p1a: Rotom
|-damage|p1a: Rotom|31/100
|-enditem|p1a: Rotom|Leftovers|[from] move: Knock Off|[of] p2a: Iron Treads
|move|p1a: Rotom|Hydro Pump|p2a: Iron Treads
|-supereffective|p2a: Iron Treads
|-damage|p2a: Iron Treads|0 fnt
|faint|p2a: Iron Treads
|-end|p2a: Iron Treads|Quark Drive|[silent]
|
|upkeep
|
|t:|1769321053
|switch|p2a: Tsareena|Tsareena, F|100/100
|turn|14
|
|t:|1769321058
|move|p2a: Tsareena|Trailblaze|p1a: Rotom
|-supereffective|p1a: Rotom
|-damage|p1a: Rotom|0 fnt
|-boost|p2a: Tsareena|spe|1
|faint|p1a: Rotom
|-damage|p2a: Tsareena|91/100|[from] item: Life Orb
|
|upkeep
|
|t:|1769321064
|switch|p1a: Gholdengo|Gholdengo|100/100
|-damage|p1a: Gholdengo|94/100|[from] Stealth Rock
|-damage|p1a: Gholdengo|78/100|[from] Spikes
|turn|15
|
|t:|1769321070
|move|p2a: Tsareena|Knock Off|p1a: Gholdengo
|-supereffective|p1a: Gholdengo
|-damage|p1a: Gholdengo|0 fnt
|-enditem|p1a: Gholdengo|Leftovers|[from] move: Knock Off|[of] p2a: Tsareena
|faint|p1a: Gholdengo
|-damage|p2a: Tsareena|81/100|[from] item: Life Orb
|
|win|NoPuesVale
|raw|Bossun267's rating: 1134 &rarr; <strong>1109</strong><br />(-25 for losing)
|raw|NoPuesVale's rating: 1129 &rarr; <strong>1154</strong><br />(+25 for winning)
|l|☆NoPuesVale
|player|p2|
|l|☆Bossun267
|player|p1|
