|j|☆nonosbant*
|j|☆shadowluffy2002
|t:|1769444457
|gametype|singles
|player|p1|nonosbant*|hilbert|1430
|player|p2|shadowluffy2002|101|1501
|gen|9
|tier|[Gen 9] OU
|rated|
|rule|HP Percentage Mod: HP is shown in percentages
|rule|Endless Battle Clause: Forcing endless battles is banned
|rule|Species Clause: Limit one of each Pokémon
|rule|OHKO Clause: OHKO moves are banned
|rule|Evasion Items Clause: Evasion items are banned
|rule|Evasion Moves Clause: Evasion moves are banned
|rule|Evasion Abilities Clause: Evasion abilities are banned
|rule|Sleep Moves Clause: Sleep-inducing moves are banned
|clearpoke
|poke|p1|Ogerpon-Wellspring, F|
|poke|p1|Enamorus, F|
|poke|p1|Great Tusk|
|poke|p1|Heatran, F|
|poke|p1|Slowking-Galar, M|
|poke|p1|Corviknight, F|
|poke|p2|Garganacl, F|
|poke|p2|Gliscor, M|
|poke|p2|Sinistcha|
|poke|p2|Gholdengo|
|poke|p2|Scrafty, M|
|poke|p2|Tornadus-Therian, M|
|teampreview
|inactive|Battle timer is ON: inactive players will automatically lose when time's up. (requested by shadowluffy2002)
|
|t:|1769444473
|teamsize|p1|6
|teamsize|p2|6
|start
|switch|p1a: Ogerpon|Ogerpon-Wellspring, F|100/100
|switch|p2a: Tornadus|Tornadus-Therian, M|100/100
|turn|1
|
|t:|1769444478
|switch|p1a: Slowking|Slowking-Galar, M|100/100
|move|p2a: Tornadus|Knock Off|p1a: Slowking
|-supereffective|p1a: Slowking
|-damage|p1a: Slowking|61/100
|-enditem|p1a: Slowking|Heavy-Duty Boots|[from] move: Knock Off|[of] p2a: Tornadus
|
|upkeep
|turn|2
|
|t:|1769444488
|move|p2a: Tornadus|Taunt|p1a: Slowking
|-start|p1a: Slowking|move: Taunt
|cant|p1a: Slowking|move: Taunt|Toxic
|
|upkeep
|turn|3
|
|t:|1769444495
|move|p2a: Tornadus|U-turn|p1a: Slowking
|-damage|p1a: Slowking|47/100
|
|t:|1769444497
|switch|p2a: Gliscor|Gliscor, M|100/100|[from] U-turn
|move|p1a: Slowking|Future Sight|p2a: Gliscor
|-start|p1a: Slowking|move: Future Sight
|
|-status|p2a: Gliscor|tox|[from] item: Toxic Orb
|upkeep
|turn|4
|
|t:|1769444505
|switch|p1a: Great Tusk|Great Tusk|100/100
|move|p2a: Gliscor|Spikes|p1a: Great Tusk
|-sidestart|p1: nonosbant*|Spikes
|
|upkeep
|turn|5
|
|t:|1769444511
|move|p2a: Gliscor|Protect|p2a: Gliscor
|-singleturn|p2a: Gliscor|Protect
|move|p1a: Great Tusk|Ice Spinner|p2a: Gliscor
|-activate|p2a: Gliscor|move: Protect
|
|-end|p2a: Gliscor|move: Future Sight
|-damage|p2a: Gliscor|62/100 tox
|-heal|p2a: Gliscor|75/100 tox|[from] ability: Poison Heal
|upkeep
|turn|6
|
|t:|1769444520
|switch|p2a: Sinistcha|Sinistcha|100/100
|move|p1a: Great Tusk|Earthquake|p2a: Sinistcha
|-resisted|p2a: Sinistcha
|-damage|p2a: Sinistcha|85/100
|
|upkeep
|turn|7
|
|t:|1769444533
|-end|p1a: Great Tusk|Protosynthesis|[silent]
|switch|p1a: Heatran|Heatran, F|100/100
|-damage|p1a: Heatran|88/100|[from] Spikes
|move|p2a: Sinistcha|Shadow Ball|p1a: Heatran
|-damage|p1a: Heatran|62/100
|
|-heal|p1a: Heatran|68/100|[from] item: Leftovers
|upkeep
|turn|8
|
|t:|1769444552
|switch|p2a: Garganacl|Garganacl, F|100/100
|move|p1a: Heatran|Magma Storm|p2a: Garganacl
|-resisted|p2a: Garganacl
|-damage|p2a: Garganacl|83/100
|-activate|p2a: Garganacl|move: Magma Storm|[of] p1a: Heatran
|
|-heal|p1a: Heatran|75/100|[from] item: Leftovers
|-damage|p2a: Garganacl|71/100|[from] move: Magma Storm|[partiallytrapped]
|upkeep
|turn|9
|
|t:|1769444561
|move|p1a: Heatran|Flash Cannon|p2a: Garganacl
|-supereffective|p2a: Garganacl
|-damage|p2a: Garganacl|20/100
|move|p2a: Garganacl|Salt Cure|p1a: Heatran
|-damage|p1a: Heatran|63/100
|-start|p1a: Heatran|Salt Cure
|
|-heal|p1a: Heatran|69/100|[from] item: Leftovers
|-damage|p1a: Heatran|44/100|[from] Salt Cure
|-damage|p2a: Garganacl|7/100|[from] move: Magma Storm|[partiallytrapped]
|upkeep
|turn|10
|
|t:|1769444571
|move|p1a: Heatran|Flash Cannon|p2a: Garganacl
|-supereffective|p2a: Garganacl
|-damage|p2a: Garganacl|0 fnt
|faint|p2a: Garganacl
|
|-heal|p1a: Heatran|50/100|[from] item: Leftovers
|-damage|p1a: Heatran|26/100|[from] Salt Cure
|upkeep
|
|t:|1769444579
|switch|p2a: Gholdengo|Gholdengo|100/100
|turn|11
|
|t:|1769444584
|switch|p1a: Slowking|Slowking-Galar, M|81/100
|-damage|p1a: Slowking|68/100|[from] Spikes
|move|p2a: Gholdengo|Shadow Ball|p1a: Slowking
|-supereffective|p1a: Slowking
|-damage|p1a: Slowking|19/100
|
|upkeep
|turn|12
|
|t:|1769444593
|move|p2a: Gholdengo|Shadow Ball|p1a: Slowking
|-supereffective|p1a: Slowking
|-damage|p1a: Slowking|0 fnt
|faint|p1a: Slowking
|
|upkeep
|
|t:|1769444597
|switch|p1a: Great Tusk|Great Tusk|100/100
|-damage|p1a: Great Tusk|88/100|[from] Spikes
|turn|13
|
|t:|1769444602
|switch|p2a: Sinistcha|Sinistcha|85/100
|move|p1a: Great Tusk|Earthquake|p2a: Sinistcha
|-resisted|p2a: Sinistcha
|-damage|p2a: Sinistcha|70/100
|
|-heal|p1a: Great Tusk|94/100|[from] item: Leftovers
|upkeep
|turn|14
|
|t:|1769444608
|-end|p1a: Great Tusk|Protosynthesis|[silent]
|switch|p1a: Corviknight|Corviknight, F|100/100
|-ability|p1a: Corviknight|Pressure
|move|p2a: Sinistcha|Strength Sap|p1a: Corviknight
|-unboost|p1a: Corviknight|atk|1
|-heal|p2a: Sinistcha|100/100
|
|upkeep
|turn|15
|
|t:|1769444615
|switch|p2a: Gholdengo|Gholdengo|100/100
|move|p1a: Corviknight|Defog|p2a: Gholdengo
|-immune|p2a: Gholdengo|[from] ability: Good as Gold
|
|upkeep
|turn|16
|
|t:|1769444619
|move|p2a: Gholdengo|Shadow Ball|p1a: Corviknight
|-damage|p1a: Corviknight|56/100
|move|p1a: Corviknight|U-turn|p2a: Gholdengo
|-resisted|p2a: Gholdengo
|-damage|p2a: Gholdengo|98/100
|
|t:|1769444631
|switch|p1a: Great Tusk|Great Tusk|94/100|[from] U-turn
|-damage|p1a: Great Tusk|82/100|[from] Spikes
|
|-heal|p1a: Great Tusk|88/100|[from] item: Leftovers
|upkeep
|turn|17
|
|t:|1769444634
|switch|p2a: Sinistcha|Sinistcha|100/100
|move|p1a: Great Tusk|Ice Spinner|p2a: Sinistcha
|-supereffective|p2a: Sinistcha
|-damage|p2a: Sinistcha|66/100
|
|-heal|p1a: Great Tusk|94/100|[from] item: Leftovers
|upkeep
|turn|18
|
|t:|1769444647
|-end|p1a: Great Tusk|Protosynthesis|[silent]
|switch|p1a: Heatran|Heatran, F|26/100
|-damage|p1a: Heatran|13/100|[from] Spikes
|move|p2a: Sinistcha|Strength Sap|p1a: Heatran
|-unboost|p1a: Heatran|atk|1
|-heal|p2a: Sinistcha|100/100
|
|-heal|p1a: Heatran|19/100|[from] item: Leftovers
|upkeep
|turn|19
|
|t:|1769444652
|move|p1a: Heatran|Magma Storm|p2a: Sinistcha|[miss]
|-miss|p1a: Heatran|p2a: Sinistcha
|move|p2a: Sinistcha|Shadow Ball|p1a: Heatran
|-damage|p1a: Heatran|0 fnt
|faint|p1a: Heatran
|
|upkeep
|
|t:|1769444660
|switch|p1a: Ogerpon|Ogerpon-Wellspring, F|100/100
|-damage|p1a: Ogerpon|88/100|[from] Spikes
|turn|20
|
|t:|1769444671
|move|p1a: Ogerpon|Swords Dance|p1a: Ogerpon
|-boost|p1a: Ogerpon|atk|2
|move|p2a: Sinistcha|Matcha Gotcha|p1a: Ogerpon
|-damage|p1a: Ogerpon|52/100
|
|upkeep
|turn|21
|
|t:|1769444682
|switch|p2a: Tornadus|Tornadus-Therian, M|100/100
|move|p1a: Ogerpon|Knock Off|p2a: Tornadus
|-damage|p2a: Tornadus|4/100
|-enditem|p2a: Tornadus|Heavy-Duty Boots|[from] move: Knock Off|[of] p1a: Ogerpon
|
|upkeep
|turn|22
|
|t:|1769444691
|switch|p1a: Corviknight|Corviknight, F|56/100
|-ability|p1a: Corviknight|Pressure
|move|p2a: Tornadus|Bleakwind Storm|p1a: Corviknight|[miss]
|-miss|p2a: Tornadus|p1a: Corviknight
|
|upkeep
|turn|23
|
|t:|1769444700
|switch|p2a: Gholdengo|Gholdengo|98/100
|move|p1a: Corviknight|Roost|p1a: Corviknight
|-heal|p1a: Corviknight|100/100
|-singleturn|p1a: Corviknight|move: Roost
|
|upkeep
|turn|24
|
|t:|1769444710
|move|p2a: Gholdengo|Shadow Ball|p1a: Corviknight
|-damage|p1a: Corviknight|54/100
|move|p1a: Corviknight|U-turn|p2a: Gholdengo
|-resisted|p2a: Gholdengo
|-damage|p2a: Gholdengo|95/100
|
|t:|1769444720
|switch|p1a: Great Tusk|Great Tusk|94/100|[from] U-turn
|-damage|p1a: Great Tusk|82/100|[from] Spikes
|
|-heal|p1a: Great Tusk|88/100|[from] item: Leftovers
|upkeep
|turn|25
|
|t:|1769444725
|switch|p2a: Sinistcha|Sinistcha|100/100
|-end|p1a: Great Tusk|Protosynthesis|[silent]
|switch|p1a: Ogerpon|Ogerpon-Wellspring, F|52/100
|-damage|p1a: Ogerpon|40/100|[from] Spikes
|
|upkeep
|turn|26
|
|t:|1769444740
|move|p1a: Ogerpon|Knock Off|p2a: Sinistcha
|-supereffective|p2a: Sinistcha
|-damage|p2a: Sinistcha|52/100
|-enditem|p2a: Sinistcha|Heavy-Duty Boots|[from] move: Knock Off|[of] p1a: Ogerpon
|move|p2a: Sinistcha|Matcha Gotcha|p1a: Ogerpon
|-damage|p1a: Ogerpon|0 fnt
|-heal|p2a: Sinistcha|69/100|[from] drain|[of] p1a: Ogerpon
|faint|p1a: Ogerpon
|
|upkeep
|
|t:|1769444752
|switch|p1a: Enamorus|Enamorus, F|100/100
|turn|27
|
|t:|1769444762
|switch|p2a: Gholdengo|Gholdengo|95/100
|-terastallize|p1a: Enamorus|Fairy
|move|p1a: Enamorus|Moonblast|p2a: Gholdengo
|-resisted|p2a: Gholdengo
|-damage|p2a: Gholdengo|51/100
|
|upkeep
|turn|28
|
|t:|1769444771
|switch|p1a: Corviknight|Corviknight, F|54/100
|-ability|p1a: Corviknight|Pressure
|move|p2a: Gholdengo|Make It Rain|p1a: Corviknight
|-resisted|p1a: Corviknight
|-damage|p1a: Corviknight|20/100
|-unboost|p2a: Gholdengo|spa|1
|
|upkeep
|turn|29
|
|t:|1769444785
|switch|p2a: Tornadus|Tornadus-Therian, M|37/100
|move|p1a: Corviknight|Roost|p1a: Corviknight
|-heal|p1a: Corviknight|70/100
|-singleturn|p1a: Corviknight|move: Roost
|
|upkeep
|turn|30
|
|t:|1769444792
|switch|p2a: Gholdengo|Gholdengo|51/100
|move|p1a: Corviknight|Body Press|p2a: Gholdengo
|-immune|p2a: Gholdengo
|
|upkeep
|turn|31
|
|t:|1769444798
|move|p2a: Gholdengo|Shadow Ball|p1a: Corviknight
|-damage|p1a: Corviknight|27/100
|-unboost|p1a: Corviknight|spd|1
|move|p1a: Corviknight|Roost|p1a: Corviknight
|-heal|p1a: Corviknight|77/100
|-singleturn|p1a: Corviknight|move: Roost
|
|upkeep
|turn|32
|
|t:|1769444803
|move|p2a: Gholdengo|Shadow Ball|p1a: Corviknight
|-damage|p1a: Corviknight|15/100
|move|p1a: Corviknight|U-turn|p2a: Gholdengo
|-resisted|p2a: Gholdengo
|-damage|p2a: Gholdengo|47/100
|
|t:|1769444809
|switch|p1a: Enamorus|Enamorus, F, tera:Fairy|100/100|[from] U-turn
|-damage|p1a: Enamorus|88/100|[from] Spikes
|
|upkeep
|turn|33
|
|t:|1769444820
|switch|p2a: Scrafty|Scrafty, M|100/100
|-ability|p2a: Scrafty|Intimidate|boost
|-boost|p1a: Enamorus|atk|1
|move|p1a: Enamorus|Mystical Fire|p2a: Scrafty
|-damage|p2a: Scrafty|76/100
|-unboost|p2a: Scrafty|spa|1
|
|upkeep
|turn|34
|
|t:|1769444831
|switch|p1a: Corviknight|Corviknight, F|15/100
|-ability|p1a: Corviknight|Pressure
|move|p2a: Scrafty|Knock Off|p1a: Corviknight
|-damage|p1a: Corviknight|0 fnt
|-damage|p2a: Scrafty|59/100|[from] item: Rocky Helmet|[of] p1a: Corviknight
|-enditem|p1a: Corviknight|Rocky Helmet|[from] move: Knock Off|[of] p2a: Scrafty
|faint|p1a: Corviknight
|
|upkeep
|
|t:|1769444841
|switch|p1a: Enamorus|Enamorus, F, tera:Fairy|88/100
|-damage|p1a: Enamorus|76/100|[from] Spikes
|turn|35
|
|t:|1769444846
|move|p1a: Enamorus|Moonblast|p2a: Scrafty
|-supereffective|p2a: Scrafty
|-damage|p2a: Scrafty|0 fnt
|faint|p2a: Scrafty
|
|upkeep
|
|t:|1769444848
|switch|p2a: Gholdengo|Gholdengo|47/100
|turn|36
|
|t:|1769444851
|move|p1a: Enamorus|Moonblast|p2a: Gholdengo
|-resisted|p2a: Gholdengo
|-damage|p2a: Gholdengo|8/100
|move|p2a: Gholdengo|Make It Rain|p1a: Enamorus
|-supereffective|p1a: Enamorus
|-damage|p1a: Enamorus|0 fnt
|-unboost|p2a: Gholdengo|spa|1
|faint|p1a: Enamorus
|
|upkeep
|
|t:|1769444858
|switch|p1a: Great Tusk|Great Tusk|88/100
|-damage|p1a: Great Tusk|76/100|[from] Spikes
|turn|37
|
|t:|1769444862
|move|p2a: Gholdengo|Make It Rain|p1a: Great Tusk
|-damage|p1a: Great Tusk|21/100
|-unboost|p2a: Gholdengo|spa|1
|move|p1a: Great Tusk|Earthquake|p2a: Gholdengo
|-supereffective|p2a: Gholdengo
|-damage|p2a: Gholdengo|0 fnt
|faint|p2a: Gholdengo
|
|-heal|p1a: Great Tusk|27/100|[from] item: Leftovers
|upkeep
|
|t:|1769444868
|switch|p2a: Sinistcha|Sinistcha|69/100
|turn|38
|
|t:|1769444872
|move|p1a: Great Tusk|Ice Spinner|p2a: Sinistcha
|-supereffective|p2a: Sinistcha
|-damage|p2a: Sinistcha|40/100
|move|p2a: Sinistcha|Strength Sap|p1a: Great Tusk
|-unboost|p1a: Great Tusk|atk|1
|-heal|p2a: Sinistcha|100/100
|
|-heal|p1a: Great Tusk|33/100|[from] item: Leftovers
|upkeep
|turn|39
|
|t:|1769444876
|move|p1a: Great Tusk|Ice Spinner|p2a: Sinistcha
|-supereffective|p2a: Sinistcha
|-damage|p2a: Sinistcha|80/100
|move|p2a: Sinistcha|Shadow Ball|p1a: Great Tusk
|-damage|p1a: Great Tusk|0 fnt
|faint|p1a: Great Tusk
|-end|p1a: Great Tusk|Protosynthesis|[silent]
|
|win|shadowluffy2002
|raw|nonosbant*'s rating: 1430 &rarr; <strong>1414</strong><br />(-16 for losing)
|raw|shadowluffy2002's rating: 1501 &rarr; <strong>1517</strong><br />(+16 for winning)
|l|☆shadowluffy2002
|player|p2|
