|j|☆minimest
|j|☆nov.rain
|t:|1769381416
|gametype|singles
|player|p1|minimest|2|1382
|player|p2|nov.rain|1|1377
|gen|9
|tier|[Gen 9] OU
|rated|
|rule|HP Percentage Mod: HP is shown in percentages
|rule|Endless Battle Clause: Forcing endless battles is banned
|rule|Species Clause: Limit one of each Pokémon
|rule|OHKO Clause: OHKO moves are banned
|rule|Evasion Items Clause: Evasion items are banned
|rule|Evasion Moves Clause: Evasion moves are banned
|rule|Evasion Abilities Clause: Evasion abilities are banned
|rule|Sleep Moves Clause: Sleep-inducing moves are banned
|clearpoke
|poke|p1|Luxray, F|
|poke|p1|Walking Wake|
|poke|p1|Moltres-Galar|
|poke|p1|Infernape, F|
|poke|p1|Dusknoir, M|
|poke|p1|Great Tusk|
|poke|p2|Raging Bolt|
|poke|p2|Ting-Lu|
|poke|p2|Dragapult, M|
|poke|p2|Landorus-Therian, M|
|poke|p2|Iron Valiant|
|poke|p2|Corviknight, M|
|teampreview
|inactive|Battle timer is ON: inactive players will automatically lose when time's up. (requested by minimest)
|
|t:|1769381431
|teamsize|p1|6
|teamsize|p2|6
|start
|switch|p1a: Moltres|Moltres-Galar|100/100
|switch|p2a: Ting-Lu|Ting-Lu|100/100
|-ability|p2a: Ting-Lu|Vessel of Ruin
|turn|1
|
|t:|1769381448
|switch|p1a: Infernape|Infernape, F|100/100
|move|p2a: Ting-Lu|Ruination|p1a: Infernape
|-damage|p1a: Infernape|51/100
|
|upkeep
|turn|2
|
|t:|1769381458
|switch|p2a: Ol' Puss|Landorus-Therian, M|100/100
|-ability|p2a: Ol' Puss|Intimidate|boost
|-unboost|p1a: Infernape|atk|1
|move|p1a: Infernape|Close Combat|p2a: Ol' Puss
|-resisted|p2a: Ol' Puss
|-damage|p2a: Ol' Puss|87/100
|-unboost|p1a: Infernape|def|1
|-unboost|p1a: Infernape|spd|1
|
|-heal|p2a: Ol' Puss|93/100|[from] item: Leftovers
|upkeep
|turn|3
|
|t:|1769381471
|switch|p1a: Moltres|Moltres-Galar|100/100
|move|p2a: Ol' Puss|Stealth Rock|p1a: Moltres
|-sidestart|p1: minimest|move: Stealth Rock
|
|-heal|p2a: Ol' Puss|99/100|[from] item: Leftovers
|upkeep
|turn|4
|
|t:|1769381482
|move|p1a: Moltres|Agility|p1a: Moltres
|-boost|p1a: Moltres|spe|2
|move|p2a: Ol' Puss|U-turn|p1a: Moltres
|-damage|p1a: Moltres|76/100
|inactive|nov.rain has 120 seconds left.
|
|t:|1769381514
|switch|p2a: Ting-Lu|Ting-Lu|100/100|[from] U-turn
|-ability|p2a: Ting-Lu|Vessel of Ruin
|
|upkeep
|turn|5
|
|t:|1769381526
|move|p1a: Moltres|Nasty Plot|p1a: Moltres
|-boost|p1a: Moltres|spa|2
|move|p2a: Ting-Lu|Whirlwind|p1a: Moltres
|drag|p1a: Infernape|Infernape, F|51/100
|-damage|p1a: Infernape|38/100|[from] Stealth Rock
|
|upkeep
|turn|6
|
|t:|1769381536
|switch|p2a: Ol' Puss|Landorus-Therian, M|99/100
|-ability|p2a: Ol' Puss|Intimidate|boost
|-unboost|p1a: Infernape|atk|1
|move|p1a: Infernape|Close Combat|p2a: Ol' Puss
|-resisted|p2a: Ol' Puss
|-damage|p2a: Ol' Puss|86/100
|-unboost|p1a: Infernape|def|1
|-unboost|p1a: Infernape|spd|1
|
|-heal|p2a: Ol' Puss|92/100|[from] item: Leftovers
|upkeep
|turn|7
|
|t:|1769381540
|switch|p1a: Great Tusk|Great Tusk|100/100
|-damage|p1a: Great Tusk|97/100|[from] Stealth Rock
|-enditem|p1a: Great Tusk|Booster Energy
|-activate|p1a: Great Tusk|ability: Protosynthesis|[fromitem]
|-start|p1a: Great Tusk|protosynthesisspe
|move|p2a: Ol' Puss|U-turn|p1a: Great Tusk
|-resisted|p1a: Great Tusk
|-damage|p1a: Great Tusk|90/100
|
|t:|1769381544
|switch|p2a: Poe|Corviknight, M|100/100|[from] U-turn
|-ability|p2a: Poe|Pressure
|
|upkeep
|turn|8
|
|t:|1769381550
|move|p1a: Great Tusk|Rapid Spin|p2a: Poe
|-resisted|p2a: Poe
|-damage|p2a: Poe|96/100
|-boost|p1a: Great Tusk|spe|1
|-damage|p1a: Great Tusk|74/100|[from] item: Rocky Helmet|[of] p2a: Poe
|-sideend|p1: minimest|Stealth Rock|[from] move: Rapid Spin|[of] p1a: Great Tusk
|move|p2a: Poe|Brave Bird|p1a: Great Tusk
|-supereffective|p1a: Great Tusk
|-damage|p1a: Great Tusk|23/100
|-damage|p2a: Poe|78/100|[from] Recoil
|
|upkeep
|turn|9
|
|t:|1769381572
|move|p1a: Great Tusk|Head Smash|p2a: Poe
|-damage|p2a: Poe|54/100
|-damage|p1a: Great Tusk|7/100|[from] item: Rocky Helmet|[of] p2a: Poe
|-damage|p1a: Great Tusk|0 fnt|[from] Recoil
|faint|p1a: Great Tusk
|-end|p1a: Great Tusk|Protosynthesis|[silent]
|move|p2a: Poe|Brave Bird|p1: Great Tusk|[notarget]
|-fail|p2a: Poe
|
|upkeep
|
|t:|1769381581
|switch|p1a: Infernape|Infernape, F|38/100
|turn|10
|
|t:|1769381585
|switch|p2a: Ol' Puss|Landorus-Therian, M|92/100
|-ability|p2a: Ol' Puss|Intimidate|boost
|-unboost|p1a: Infernape|atk|1
|move|p1a: Infernape|Flare Blitz|p2a: Ol' Puss
|-damage|p2a: Ol' Puss|63/100
|-status|p2a: Ol' Puss|brn
|-damage|p1a: Infernape|26/100|[from] Recoil
|
|-heal|p2a: Ol' Puss|69/100 brn|[from] item: Leftovers
|-damage|p2a: Ol' Puss|63/100 brn|[from] brn
|upkeep
|turn|11
|
|t:|1769381590
|switch|p1a: Moltres|Moltres-Galar|76/100
|move|p2a: Ol' Puss|Stealth Rock|p1a: Moltres
|-sidestart|p1: minimest|move: Stealth Rock
|
|-heal|p2a: Ol' Puss|69/100 brn|[from] item: Leftovers
|-damage|p2a: Ol' Puss|63/100 brn|[from] brn
|upkeep
|turn|12
|
|t:|1769381598
|move|p1a: Moltres|Agility|p1a: Moltres
|-boost|p1a: Moltres|spe|2
|move|p2a: Ol' Puss|U-turn|p1a: Moltres
|-damage|p1a: Moltres|64/100
|
|t:|1769381600
|switch|p2a: Ting-Lu|Ting-Lu|100/100|[from] U-turn
|-ability|p2a: Ting-Lu|Vessel of Ruin
|
|upkeep
|turn|13
|
|t:|1769381604
|move|p1a: Moltres|Hurricane|p2a: Ting-Lu
|-damage|p2a: Ting-Lu|79/100
|move|p2a: Ting-Lu|Whirlwind|p1a: Moltres
|drag|p1a: Luxray|Luxray, F|100/100
|-damage|p1a: Luxray|88/100|[from] Stealth Rock
|
|-heal|p2a: Ting-Lu|85/100|[from] item: Leftovers
|-status|p1a: Luxray|brn|[from] item: Flame Orb
|upkeep
|turn|14
|
|t:|1769381617
|move|p1a: Luxray|Play Rough|p2a: Ting-Lu
|-supereffective|p2a: Ting-Lu
|-damage|p2a: Ting-Lu|41/100
|move|p2a: Ting-Lu|Earthquake|p1a: Luxray
|-supereffective|p1a: Luxray
|-damage|p1a: Luxray|0 fnt
|faint|p1a: Luxray
|
|-heal|p2a: Ting-Lu|47/100|[from] item: Leftovers
|upkeep
|
|t:|1769381625
|switch|p1a: Walking Wake|Walking Wake|100/100
|-damage|p1a: Walking Wake|88/100|[from] Stealth Rock
|turn|15
|
|t:|1769381632
|move|p1a: Walking Wake|Hydro Steam|p2a: Ting-Lu
|-supereffective|p2a: Ting-Lu
|-damage|p2a: Ting-Lu|4/100
|-damage|p1a: Walking Wake|78/100|[from] item: Life Orb
|move|p2a: Ting-Lu|Ruination|p1a: Walking Wake
|-damage|p1a: Walking Wake|39/100
|
|-heal|p2a: Ting-Lu|10/100|[from] item: Leftovers
|upkeep
|turn|16
|
|t:|1769381639
|move|p1a: Walking Wake|Hydro Steam|p2a: Ting-Lu
|-supereffective|p2a: Ting-Lu
|-damage|p2a: Ting-Lu|0 fnt
|faint|p2a: Ting-Lu
|-damage|p1a: Walking Wake|30/100|[from] item: Life Orb
|
|upkeep
|
|t:|1769381646
|switch|p2a: Dragapult|Dragapult, M|100/100
|turn|17
|
|t:|1769381652
|-end|p1a: Walking Wake|Protosynthesis|[silent]
|switch|p1a: Dusknoir|Dusknoir, M|100/100
|-damage|p1a: Dusknoir|88/100|[from] Stealth Rock
|-item|p2a: Dragapult|Choice Specs|[from] ability: Frisk|[of] p1a: Dusknoir
|move|p2a: Dragapult|Shadow Ball|p1a: Dusknoir
|-supereffective|p1a: Dusknoir
|-damage|p1a: Dusknoir|21/100
|
|-heal|p1a: Dusknoir|27/100|[from] item: Leftovers
|upkeep
|turn|18
|
|t:|1769381659
|-terastallize|p1a: Dusknoir|Dark
|move|p2a: Dragapult|Shadow Ball|p1a: Dusknoir
|-resisted|p1a: Dusknoir
|-damage|p1a: Dusknoir|10/100
|-unboost|p1a: Dusknoir|spd|1
|move|p1a: Dusknoir|Poltergeist|p2a: Dragapult
|-activate|p2a: Dragapult|move: Poltergeist|Choice Specs
|-supereffective|p2a: Dragapult
|-damage|p2a: Dragapult|0 fnt
|faint|p2a: Dragapult
|
|-heal|p1a: Dusknoir|16/100|[from] item: Leftovers
|upkeep
|
|t:|1769381676
|switch|p2a: Ol' Puss|Landorus-Therian, M|63/100 brn
|-ability|p2a: Ol' Puss|Intimidate|boost
|-unboost|p1a: Dusknoir|atk|1
|turn|19
|
|t:|1769381678
|move|p2a: Ol' Puss|U-turn|p1a: Dusknoir
|-supereffective|p1a: Dusknoir
|-damage|p1a: Dusknoir|0 fnt
|faint|p1a: Dusknoir
|inactive|nov.rain has 120 seconds left.
|inactive|nov.rain has 90 seconds left.
|
|t:|1769381742
|switch|p2a: Al-Ta'ir|Iron Valiant, shiny|100/100|[from] U-turn
|-enditem|p2a: Al-Ta'ir|Booster Energy
|-activate|p2a: Al-Ta'ir|ability: Quark Drive|[fromitem]
|-start|p2a: Al-Ta'ir|quarkdrivespe
|
|upkeep
|
|t:|1769381749
|switch|p1a: Moltres|Moltres-Galar|64/100
|-damage|p1a: Moltres|39/100|[from] Stealth Rock
|-enditem|p1a: Moltres|Sitrus Berry|[eat]
|-heal|p1a: Moltres|64/100|[from] item: Sitrus Berry
|turn|20
|inactive|nov.rain has 90 seconds left.
|
|t:|1769381782
|move|p2a: Al-Ta'ir|Spirit Break|p1a: Moltres
|-supereffective|p1a: Moltres
|-damage|p1a: Moltres|0 fnt
|faint|p1a: Moltres
|
|upkeep
|
|t:|1769381788
|switch|p1a: Infernape|Infernape, F|26/100
|-damage|p1a: Infernape|14/100|[from] Stealth Rock
|turn|21
|inactive|nov.rain has 90 seconds left.
|
|t:|1769381794
|move|p2a: Al-Ta'ir|Spirit Break|p1a: Infernape
|-damage|p1a: Infernape|0 fnt
|faint|p1a: Infernape
|
|upkeep
|-message|minimest forfeited.
|
|win|nov.rain
|raw|minimest's rating: 1382 &rarr; <strong>1362</strong><br />(-20 for losing)
|raw|nov.rain's rating: 1377 &rarr; <strong>1397</strong><br />(+20 for winning)
|l|☆minimest
|player|p1|
|l|☆nov.rain
|player|p2|
