|j|☆OversizedMayoJar
|j|☆GeorgeStarCC
|t:|1769428506
|gametype|singles
|player|p1|OversizedMayoJar|winona|1310
|player|p2|GeorgeStarCC|crasherwake|1224
|gen|9
|tier|[Gen 9] OU
|rated|
|rule|HP Percentage Mod: HP is shown in percentages
|rule|Endless Battle Clause: Forcing endless battles is banned
|rule|Species Clause: Limit one of each Pokémon
|rule|OHKO Clause: OHKO moves are banned
|rule|Evasion Items Clause: Evasion items are banned
|rule|Evasion Moves Clause: Evasion moves are banned
|rule|Evasion Abilities Clause: Evasion abilities are banned
|rule|Sleep Moves Clause: Sleep-inducing moves are banned
|clearpoke
|poke|p1|Ogerpon, F|
|poke|p1|Rillaboom, F|
|poke|p1|Slowking-Galar, M|
|poke|p1|Iron Treads|
|poke|p1|Raging Bolt|
|poke|p1|Tinkaton, F|
|poke|p2|Meowscarada, M|
|poke|p2|Rotom-Wash|
|poke|p2|Oricorio-Pa'u, M|
|poke|p2|Skeledirge, M|
|poke|p2|Gliscor, M|
|poke|p2|Scizor, M|
|teampreview
|inactive|Battle timer is ON: inactive players will automatically lose when time's up. (requested by OversizedMayoJar)
|
|t:|1769428511
|teamsize|p1|6
|teamsize|p2|6
|start
|switch|p1a: Slowking|Slowking-Galar, M|100/100
|switch|p2a: Gliscor|Gliscor, M|100/100
|turn|1
|
|t:|1769428520
|move|p2a: Gliscor|Stealth Rock|p1a: Slowking
|-sidestart|p1: OversizedMayoJar|move: Stealth Rock
|move|p1a: Slowking|Ice Beam|p2a: Gliscor
|-supereffective|p2a: Gliscor
|-damage|p2a: Gliscor|0 fnt
|faint|p2a: Gliscor
|
|upkeep
|
|t:|1769428541
|switch|p2a: Skeledirge|Skeledirge, M|100/100
|turn|2
|
|t:|1769428553
|move|p2a: Skeledirge|Will-O-Wisp|p1a: Slowking|[miss]
|-miss|p2a: Skeledirge|p1a: Slowking
|move|p1a: Slowking|Future Sight|p2a: Skeledirge
|-start|p1a: Slowking|move: Future Sight
|
|upkeep
|turn|3
|
|t:|1769428562
|move|p2a: Skeledirge|Will-O-Wisp|p1a: Slowking|[miss]
|-miss|p2a: Skeledirge|p1a: Slowking
|move|p1a: Slowking|Sludge Bomb|p2a: Skeledirge
|-resisted|p2a: Skeledirge
|-damage|p2a: Skeledirge|88/100
|
|upkeep
|turn|4
|
|t:|1769428569
|move|p2a: Skeledirge|Will-O-Wisp|p1a: Slowking
|-status|p1a: Slowking|brn
|move|p1a: Slowking|Sludge Bomb|p2a: Skeledirge
|-resisted|p2a: Skeledirge
|-damage|p2a: Skeledirge|76/100
|-status|p2a: Skeledirge|psn
|
|-end|p2a: Skeledirge|move: Future Sight
|-damage|p2a: Skeledirge|46/100 psn
|-damage|p2a: Skeledirge|33/100 psn|[from] psn
|-damage|p1a: Slowking|94/100 brn|[from] brn
|upkeep
|turn|5
|
|t:|1769428581
|move|p2a: Skeledirge|Slack Off|p2a: Skeledirge
|-heal|p2a: Skeledirge|83/100 psn
|move|p1a: Slowking|Future Sight|p2a: Skeledirge
|-start|p1a: Slowking|move: Future Sight
|
|-damage|p2a: Skeledirge|71/100 psn|[from] psn
|-damage|p1a: Slowking|88/100 brn|[from] brn
|upkeep
|turn|6
|
|t:|1769428598
|move|p2a: Skeledirge|Hex|p1a: Slowking
|-supereffective|p1a: Slowking
|-damage|p1a: Slowking|52/100 brn
|move|p1a: Slowking|Sludge Bomb|p2a: Skeledirge
|-resisted|p2a: Skeledirge
|-damage|p2a: Skeledirge|58/100 psn
|
|-damage|p2a: Skeledirge|46/100 psn|[from] psn
|-damage|p1a: Slowking|46/100 brn|[from] brn
|upkeep
|turn|7
|
|t:|1769428618
|switch|p1a: Rillaboom|Rillaboom, F|100/100
|-damage|p1a: Rillaboom|88/100|[from] Stealth Rock
|-fieldstart|move: Grassy Terrain|[from] ability: Grassy Surge|[of] p1a: Rillaboom
|move|p2a: Skeledirge|Slack Off|p2a: Skeledirge
|-heal|p2a: Skeledirge|96/100 psn
|
|-end|p2a: Skeledirge|move: Future Sight
|-damage|p2a: Skeledirge|62/100 psn
|-heal|p1a: Rillaboom|94/100|[from] Grassy Terrain
|-heal|p2a: Skeledirge|68/100 psn|[from] Grassy Terrain
|-damage|p2a: Skeledirge|55/100 psn|[from] psn
|upkeep
|turn|8
|
|t:|1769428631
|move|p1a: Rillaboom|Knock Off|p2a: Skeledirge
|-supereffective|p2a: Skeledirge
|-damage|p2a: Skeledirge|1/100 psn
|-enditem|p2a: Skeledirge|Heavy-Duty Boots|[from] move: Knock Off|[of] p1a: Rillaboom
|move|p2a: Skeledirge|Will-O-Wisp|p1a: Rillaboom
|-status|p1a: Rillaboom|brn
|
|-heal|p1a: Rillaboom|99/100 brn|[from] Grassy Terrain
|-heal|p2a: Skeledirge|7/100 psn|[from] Grassy Terrain
|-damage|p2a: Skeledirge|0 fnt|[from] psn
|faint|p2a: Skeledirge
|-damage|p1a: Rillaboom|94/100 brn|[from] brn
|upkeep
|
|t:|1769428644
|switch|p2a: Oricorio|Oricorio-Pa'u, M|100/100
|turn|9
|
|t:|1769428651
|switch|p1a: Tinkaton|Tinkaton, F|100/100
|-damage|p1a: Tinkaton|94/100|[from] Stealth Rock
|-ability|p1a: Tinkaton|Mold Breaker
|-item|p1a: Tinkaton|Air Balloon
|move|p2a: Oricorio|Quiver Dance|p2a: Oricorio
|-boost|p2a: Oricorio|spa|1
|-boost|p2a: Oricorio|spd|1
|-boost|p2a: Oricorio|spe|1
|
|upkeep
|turn|10
|
|t:|1769428663
|move|p2a: Oricorio|Revelation Dance|p1a: Tinkaton
|-resisted|p1a: Tinkaton
|-damage|p1a: Tinkaton|74/100
|-enditem|p1a: Tinkaton|Air Balloon
|move|p1a: Tinkaton|Stealth Rock|p2a: Oricorio
|-sidestart|p2: GeorgeStarCC|move: Stealth Rock
|
|-heal|p1a: Tinkaton|80/100|[from] Grassy Terrain
|upkeep
|turn|11
|
|t:|1769428677
|move|p2a: Oricorio|Quiver Dance|p2a: Oricorio
|-boost|p2a: Oricorio|spa|1
|-boost|p2a: Oricorio|spd|1
|-boost|p2a: Oricorio|spe|1
|move|p1a: Tinkaton|Gigaton Hammer|p2a: Oricorio
|-damage|p2a: Oricorio|46/100
|
|-heal|p1a: Tinkaton|86/100|[from] Grassy Terrain
|upkeep
|turn|12
|
|t:|1769428685
|move|p1a: Tinkaton|Protect|p1a: Tinkaton
|-singleturn|p1a: Tinkaton|Protect
|move|p2a: Oricorio|Roost|p2a: Oricorio
|-heal|p2a: Oricorio|96/100
|-singleturn|p2a: Oricorio|move: Roost
|
|-heal|p2a: Oricorio|100/100|[from] Grassy Terrain
|-heal|p1a: Tinkaton|92/100|[from] Grassy Terrain
|upkeep
|turn|13
|
|t:|1769428710
|move|p2a: Oricorio|Quiver Dance|p2a: Oricorio
|-boost|p2a: Oricorio|spa|1
|-boost|p2a: Oricorio|spd|1
|-boost|p2a: Oricorio|spe|1
|move|p1a: Tinkaton|Gigaton Hammer|p2a: Oricorio
|-damage|p2a: Oricorio|49/100
|
|-heal|p1a: Tinkaton|98/100|[from] Grassy Terrain
|upkeep
|turn|14
|
|t:|1769428718
|move|p2a: Oricorio|Roost|p2a: Oricorio
|-heal|p2a: Oricorio|99/100
|-singleturn|p2a: Oricorio|move: Roost
|move|p1a: Tinkaton|Play Rough|p2a: Oricorio
|-damage|p2a: Oricorio|69/100
|-unboost|p2a: Oricorio|atk|1
|
|-heal|p2a: Oricorio|76/100|[from] Grassy Terrain
|-heal|p1a: Tinkaton|100/100|[from] Grassy Terrain
|-fieldend|move: Grassy Terrain
|upkeep
|turn|15
|
|t:|1769428729
|move|p2a: Oricorio|Revelation Dance|p1a: Tinkaton
|-resisted|p1a: Tinkaton
|-damage|p1a: Tinkaton|61/100
|move|p1a: Tinkaton|Gigaton Hammer|p2a: Oricorio
|-damage|p2a: Oricorio|28/100
|
|upkeep
|turn|16
|
|t:|1769428736
|move|p2a: Oricorio|Roost|p2a: Oricorio
|-heal|p2a: Oricorio|78/100
|-singleturn|p2a: Oricorio|move: Roost
|move|p1a: Tinkaton|Play Rough|p2a: Oricorio
|-damage|p2a: Oricorio|48/100
|-unboost|p2a: Oricorio|atk|1
|
|upkeep
|turn|17
|
|t:|1769428744
|move|p2a: Oricorio|Roost|p2a: Oricorio
|-heal|p2a: Oricorio|98/100
|-singleturn|p2a: Oricorio|move: Roost
|move|p1a: Tinkaton|Gigaton Hammer|p2a: Oricorio
|-damage|p2a: Oricorio|45/100
|
|upkeep
|turn|18
|
|t:|1769428752
|move|p2a: Oricorio|Roost|p2a: Oricorio
|-heal|p2a: Oricorio|95/100
|-singleturn|p2a: Oricorio|move: Roost
|move|p1a: Tinkaton|Play Rough|p2a: Oricorio|[miss]
|-miss|p1a: Tinkaton|p2a: Oricorio
|
|upkeep
|turn|19
|
|t:|1769428759
|move|p2a: Oricorio|Revelation Dance|p1a: Tinkaton
|-resisted|p1a: Tinkaton
|-damage|p1a: Tinkaton|27/100
|move|p1a: Tinkaton|Gigaton Hammer|p2a: Oricorio
|-damage|p2a: Oricorio|43/100
|
|upkeep
|turn|20
|
|t:|1769428768
|move|p2a: Oricorio|Roost|p2a: Oricorio
|-heal|p2a: Oricorio|93/100
|-singleturn|p2a: Oricorio|move: Roost
|move|p1a: Tinkaton|Play Rough|p2a: Oricorio
|-damage|p2a: Oricorio|65/100
|
|upkeep
|turn|21
|
|t:|1769428775
|move|p2a: Oricorio|Revelation Dance|p1a: Tinkaton
|-resisted|p1a: Tinkaton
|-damage|p1a: Tinkaton|0 fnt
|faint|p1a: Tinkaton
|
|upkeep
|
|t:|1769428781
|switch|p1a: Iron Treads|Iron Treads|100/100
|-damage|p1a: Iron Treads|97/100|[from] Stealth Rock
|turn|22
|
|t:|1769428795
|move|p2a: Oricorio|Roost|p2a: Oricorio
|-heal|p2a: Oricorio|100/100
|-singleturn|p2a: Oricorio|move: Roost
|move|p1a: Iron Treads|Ice Spinner|p2a: Oricorio
|-damage|p2a: Oricorio|81/100
|
|upkeep
|turn|23
|
|t:|1769428804
|move|p2a: Oricorio|Revelation Dance|p1a: Iron Treads
|-resisted|p1a: Iron Treads
|-damage|p1a: Iron Treads|65/100
|move|p1a: Iron Treads|Rapid Spin|p2a: Oricorio
|-damage|p2a: Oricorio|69/100
|-boost|p1a: Iron Treads|spe|1
|-sideend|p1: OversizedMayoJar|Stealth Rock|[from] move: Rapid Spin|[of] p1a: Iron Treads
|
|upkeep
|turn|24
|
|t:|1769428818
|move|p2a: Oricorio|Revelation Dance|p1a: Iron Treads
|-resisted|p1a: Iron Treads
|-damage|p1a: Iron Treads|29/100
|move|p1a: Iron Treads|Iron Head|p2a: Oricorio
|-damage|p2a: Oricorio|40/100
|
|upkeep
|turn|25
|
|t:|1769428827
|move|p2a: Oricorio|Revelation Dance|p1a: Iron Treads
|-resisted|p1a: Iron Treads
|-damage|p1a: Iron Treads|0 fnt
|faint|p1a: Iron Treads
|-end|p1a: Iron Treads|Quark Drive|[silent]
|
|upkeep
|
|t:|1769428833
|switch|p1a: Slowking|Slowking-Galar, M|79/100 brn
|turn|26
|
|t:|1769428841
|-terastallize|p1a: Slowking|Ice
|move|p2a: Oricorio|Revelation Dance|p1a: Slowking
|-damage|p1a: Slowking|47/100 brn
|move|p1a: Slowking|Sludge Bomb|p2a: Oricorio
|-damage|p2a: Oricorio|20/100
|
|-damage|p1a: Slowking|41/100 brn|[from] brn
|upkeep
|turn|27
|
|t:|1769428850
|move|p2a: Oricorio|Roost|p2a: Oricorio
|-heal|p2a: Oricorio|70/100
|-singleturn|p2a: Oricorio|move: Roost
|move|p1a: Slowking|Sludge Bomb|p2a: Oricorio
|-damage|p2a: Oricorio|50/100
|
|-damage|p1a: Slowking|35/100 brn|[from] brn
|upkeep
|turn|28
|
|t:|1769428862
|switch|p1a: Raging Bolt|Raging Bolt|100/100
|-enditem|p1a: Raging Bolt|Booster Energy
|-activate|p1a: Raging Bolt|ability: Protosynthesis|[fromitem]
|-start|p1a: Raging Bolt|protosynthesisspa
|-terastallize|p2a: Oricorio|Ground
|move|p2a: Oricorio|Revelation Dance|p1a: Raging Bolt
|-supereffective|p1a: Raging Bolt
|-damage|p1a: Raging Bolt|0 fnt
|faint|p1a: Raging Bolt
|-end|p1a: Raging Bolt|Protosynthesis|[silent]
|
|upkeep
|
|t:|1769428874
|switch|p1a: Rillaboom|Rillaboom, F|94/100 brn
|-fieldstart|move: Grassy Terrain|[from] ability: Grassy Surge|[of] p1a: Rillaboom
|turn|29
|
|t:|1769428879
|move|p1a: Rillaboom|Grassy Glide|p2a: Oricorio
|-supereffective|p2a: Oricorio
|-damage|p2a: Oricorio|20/100
|move|p2a: Oricorio|Hurricane|p1a: Rillaboom
|-supereffective|p1a: Rillaboom
|-damage|p1a: Rillaboom|0 fnt
|faint|p1a: Rillaboom
|
|-heal|p2a: Oricorio|26/100|[from] Grassy Terrain
|upkeep
|
|t:|1769428887
|switch|p1a: Slowking|Slowking-Galar, M, tera:Ice|68/100 brn
|turn|30
|
|t:|1769428893
|move|p2a: Oricorio|Revelation Dance|p1a: Slowking
|-damage|p1a: Slowking|36/100 brn
|move|p1a: Slowking|Ice Beam|p2a: Oricorio
|-supereffective|p2a: Oricorio
|-damage|p2a: Oricorio|0 fnt
|faint|p2a: Oricorio
|
|-heal|p1a: Slowking|42/100 brn|[from] Grassy Terrain
|-damage|p1a: Slowking|36/100 brn|[from] brn
|upkeep
|
|t:|1769428903
|switch|p2a: Scizor|Scizor, M|100/100
|turn|31
|
|t:|1769428906
|move|p2a: Scizor|Swords Dance|p2a: Scizor
|-boost|p2a: Scizor|atk|2
|move|p1a: Slowking|Flamethrower|p2a: Scizor
|-supereffective|p2a: Scizor
|-damage|p2a: Scizor|0 fnt
|faint|p2a: Scizor
|
|-heal|p1a: Slowking|42/100 brn|[from] Grassy Terrain
|-damage|p1a: Slowking|36/100 brn|[from] brn
|upkeep
|
|t:|1769428921
|switch|p2a: Rotom|Rotom-Wash|100/100
|-damage|p2a: Rotom|88/100|[from] Stealth Rock
|turn|32
|
|t:|1769428927
|move|p2a: Rotom|Thunderbolt|p1a: Slowking
|-damage|p1a: Slowking|20/100 brn
|move|p1a: Slowking|Sludge Bomb|p2a: Rotom
|-damage|p2a: Rotom|37/100
|-status|p2a: Rotom|psn
|
|-heal|p2a: Rotom|43/100 psn|[from] item: Leftovers
|-heal|p1a: Slowking|26/100 brn|[from] Grassy Terrain
|-damage|p2a: Rotom|30/100 psn|[from] psn
|-damage|p1a: Slowking|20/100 brn|[from] brn
|upkeep
|turn|33
|
|t:|1769428949
|move|p2a: Rotom|Thunderbolt|p1a: Slowking
|-crit|p1a: Slowking
|-damage|p1a: Slowking|0 fnt
|faint|p1a: Slowking
|
|-heal|p2a: Rotom|37/100 psn|[from] item: Leftovers
|-damage|p2a: Rotom|24/100 psn|[from] psn
|upkeep
|
|t:|1769428956
|switch|p1a: Ogerpon|Ogerpon, F|100/100
|turn|34
|
|t:|1769428960
|move|p1a: Ogerpon|Ivy Cudgel|p2a: Rotom
|-supereffective|p2a: Rotom
|-damage|p2a: Rotom|0 fnt
|faint|p2a: Rotom
|
|upkeep
|
|t:|1769428965
|switch|p2a: Meowscarada|Meowscarada, M|100/100
|turn|35
|
|t:|1769428973
|move|p2a: Meowscarada|Triple Axel|p1a: Ogerpon
|-start|p2a: Meowscarada|typechange|Ice|[from] ability: Protean
|-supereffective|p1a: Ogerpon
|-damage|p1a: Ogerpon|76/100
|-supereffective|p1a: Ogerpon
|-damage|p1a: Ogerpon|24/100
|-supereffective|p1a: Ogerpon
|-damage|p1a: Ogerpon|0 fnt
|faint|p1a: Ogerpon
|-hitcount|p1: Ogerpon|3
|
|win|GeorgeStarCC
|raw|OversizedMayoJar's rating: 1310 &rarr; <strong>1285</strong><br />(-25 for losing)
|raw|GeorgeStarCC's rating: 1224 &rarr; <strong>1255</strong><br />(+31 for winning)
|l|☆OversizedMayoJar
|player|p1|
|l|☆GeorgeStarCC
|player|p2|
