|j|☆mehvish
|j|‽besovshina
|t:|1769332247
|gametype|singles
|player|p1|mehvish|maid|1173
|player|p2|besovshina|alder|1210
|gen|9
|tier|[Gen 9] OU
|rated|
|rule|HP Percentage Mod: HP is shown in percentages
|rule|Endless Battle Clause: Forcing endless battles is banned
|rule|Species Clause: Limit one of each Pokémon
|rule|OHKO Clause: OHKO moves are banned
|rule|Evasion Items Clause: Evasion items are banned
|rule|Evasion Moves Clause: Evasion moves are banned
|rule|Evasion Abilities Clause: Evasion abilities are banned
|rule|Sleep Moves Clause: Sleep-inducing moves are banned
|clearpoke
|poke|p1|Gholdengo|
|poke|p1|Glimmora, F|
|poke|p1|Torkoal, M|
|poke|p1|Lilligant-Hisui, F|
|poke|p1|Raging Bolt|
|poke|p1|Walking Wake|
|poke|p2|Emboar, F|
|poke|p2|Enamorus-Therian, F|
|poke|p2|Exeggutor-Alola, M|
|poke|p2|Ursaluna, F|
|poke|p2|Porygon2|
|poke|p2|Bronzong|
|teampreview
|inactive|Battle timer is ON: inactive players will automatically lose when time's up. (requested by mehvish)
|
|t:|1769332258
|teamsize|p1|6
|teamsize|p2|6
|start
|switch|p1a: Torkoal|Torkoal, M|100/100
|switch|p2a: Exeggutor|Exeggutor-Alola, M, shiny|100/100
|-item|p1a: Torkoal|Heat Rock|[from] ability: Frisk|[of] p2a: Exeggutor
|-weather|SunnyDay|[from] ability: Drought|[of] p1a: Torkoal
|turn|1
|
|t:|1769332268
|move|p2a: Exeggutor|Draco Meteor|p1a: Torkoal
|-crit|p1a: Torkoal
|-damage|p1a: Torkoal|8/100
|-unboost|p2a: Exeggutor|spa|2
|-enditem|p2a: Exeggutor|Eject Pack
|
|t:|1769332273
|switch|p2a: Porygon2|Porygon2|100/100
|-ability|p2a: Porygon2|Download|boost
|-boost|p2a: Porygon2|spa|1
|move|p1a: Torkoal|Weather Ball|p2a: Porygon2
|-damage|p2a: Porygon2|74/100
|
|-weather|SunnyDay|[upkeep]
|upkeep
|turn|2
|
|t:|1769332282
|switch|p1a: Lilligant|Lilligant-Hisui, F|100/100
|move|p2a: Porygon2|Trick Room|p2a: Porygon2
|-fieldstart|move: Trick Room|[of] p2a: Porygon2
|
|-weather|SunnyDay|[upkeep]
|upkeep
|turn|3
|
|t:|1769332288
|move|p2a: Porygon2|Ice Beam|p1a: Lilligant
|-supereffective|p1a: Lilligant
|-damage|p1a: Lilligant|0 fnt
|faint|p1a: Lilligant
|
|-weather|SunnyDay|[upkeep]
|upkeep
|
|t:|1769332298
|switch|p1a: Torkoal|Torkoal, M|8/100
|turn|4
|
|t:|1769332302
|move|p1a: Torkoal|Stealth Rock|p2a: Porygon2
|-sidestart|p2: besovshina|move: Stealth Rock
|move|p2a: Porygon2|Thunderbolt|p1a: Torkoal
|-damage|p1a: Torkoal|0 fnt
|faint|p1a: Torkoal
|
|-weather|SunnyDay|[upkeep]
|upkeep
|
|t:|1769332306
|switch|p1a: Gholdengo|Gholdengo|100/100
|turn|5
|
|t:|1769332318
|switch|p2a: Emboar|Emboar, F, shiny|100/100
|-damage|p2a: Emboar|88/100|[from] Stealth Rock
|move|p1a: Gholdengo|Thunder Wave|p2a: Emboar
|-status|p2a: Emboar|par
|
|-weather|SunnyDay|[upkeep]
|upkeep
|turn|6
|
|t:|1769332333
|switch|p2a: Bronzong|Bronzong, shiny|100/100
|-damage|p2a: Bronzong|94/100|[from] Stealth Rock
|move|p1a: Gholdengo|Hex|p2a: Bronzong
|-supereffective|p2a: Bronzong
|-damage|p2a: Bronzong|33/100
|
|-weather|SunnyDay|[upkeep]
|-fieldend|move: Trick Room
|upkeep
|turn|7
|
|t:|1769332340
|move|p1a: Gholdengo|Hex|p2a: Bronzong
|-supereffective|p2a: Bronzong
|-damage|p2a: Bronzong|0 fnt
|faint|p2a: Bronzong
|
|-weather|SunnyDay|[upkeep]
|upkeep
|
|t:|1769332342
|switch|p2a: Porygon2|Porygon2|74/100
|-damage|p2a: Porygon2|62/100|[from] Stealth Rock
|-ability|p2a: Porygon2|Download|boost
|-boost|p2a: Porygon2|spa|1
|turn|8
|
|t:|1769332354
|move|p1a: Gholdengo|Make It Rain|p2a: Porygon2
|-damage|p2a: Porygon2|29/100
|-unboost|p1a: Gholdengo|spa|1
|move|p2a: Porygon2|Trick Room|p2a: Porygon2
|-fieldstart|move: Trick Room|[of] p2a: Porygon2
|
|-weather|none
|upkeep
|turn|9
|
|t:|1769332368
|switch|p1a: Walking Wake|Walking Wake|100/100
|move|p2a: Porygon2|Recover|p2a: Porygon2
|-heal|p2a: Porygon2|79/100
|
|upkeep
|turn|10
|
|t:|1769332375
|switch|p2a: Exeggutor|Exeggutor-Alola, M, shiny|100/100
|-damage|p2a: Exeggutor|88/100|[from] Stealth Rock
|-item|p1a: Walking Wake|Assault Vest|[from] ability: Frisk|[of] p2a: Exeggutor
|move|p1a: Walking Wake|Draco Meteor|p2a: Exeggutor|[miss]
|-miss|p1a: Walking Wake|p2a: Exeggutor
|
|upkeep
|turn|11
|
|t:|1769332388
|-end|p1a: Walking Wake|Protosynthesis|[silent]
|switch|p1a: Gholdengo|Gholdengo|100/100
|move|p2a: Exeggutor|Draco Meteor|p1a: Gholdengo
|-resisted|p1a: Gholdengo
|-damage|p1a: Gholdengo|62/100
|-unboost|p2a: Exeggutor|spa|2
|
|upkeep
|turn|12
|
|t:|1769332397
|move|p2a: Exeggutor|Flamethrower|p1a: Gholdengo
|-supereffective|p1a: Gholdengo
|-damage|p1a: Gholdengo|30/100
|move|p1a: Gholdengo|Make It Rain|p2a: Exeggutor
|-damage|p2a: Exeggutor|35/100
|-unboost|p1a: Gholdengo|spa|1
|
|-fieldend|move: Trick Room
|upkeep
|turn|13
|
|t:|1769332402
|move|p1a: Gholdengo|Hex|p2a: Exeggutor
|-damage|p2a: Exeggutor|13/100
|move|p2a: Exeggutor|Flamethrower|p1a: Gholdengo
|-supereffective|p1a: Gholdengo
|-damage|p1a: Gholdengo|0 fnt
|faint|p1a: Gholdengo
|
|upkeep
|
|t:|1769332412
|switch|p1a: Walking Wake|Walking Wake|100/100
|turn|14
|
|t:|1769332427
|move|p1a: Walking Wake|Weather Ball|p2a: Exeggutor
|-damage|p2a: Exeggutor|0 fnt
|faint|p2a: Exeggutor
|
|upkeep
|
|t:|1769332430
|switch|p2a: Porygon2|Porygon2|79/100
|-damage|p2a: Porygon2|67/100|[from] Stealth Rock
|-ability|p2a: Porygon2|Download|boost
|-boost|p2a: Porygon2|spa|1
|turn|15
|
|t:|1769332454
|-terastallize|p1a: Walking Wake|Dragon
|move|p1a: Walking Wake|Draco Meteor|p2a: Porygon2
|-damage|p2a: Porygon2|11/100
|-unboost|p1a: Walking Wake|spa|2
|move|p2a: Porygon2|Trick Room|p2a: Porygon2
|-fieldstart|move: Trick Room|[of] p2a: Porygon2
|
|upkeep
|turn|16
|
|t:|1769332463
|-end|p1a: Walking Wake|Protosynthesis|[silent]
|switch|p1a: Raging Bolt|Raging Bolt|100/100
|move|p2a: Porygon2|Ice Beam|p1a: Raging Bolt
|-supereffective|p1a: Raging Bolt
|-damage|p1a: Raging Bolt|36/100
|
|-heal|p1a: Raging Bolt|42/100|[from] item: Leftovers
|upkeep
|turn|17
|
|t:|1769332468
|move|p1a: Raging Bolt|Thunderclap||[still]
|-fail|p1a: Raging Bolt
|move|p2a: Porygon2|Recover|p2a: Porygon2
|-heal|p2a: Porygon2|61/100
|
|-heal|p1a: Raging Bolt|49/100|[from] item: Leftovers
|upkeep
|turn|18
|
|t:|1769332476
|move|p1a: Raging Bolt|Thunderclap|p2a: Porygon2
|-damage|p2a: Porygon2|34/100
|move|p2a: Porygon2|Ice Beam|p1a: Raging Bolt
|-supereffective|p1a: Raging Bolt
|-damage|p1a: Raging Bolt|0 fnt
|faint|p1a: Raging Bolt
|-end|p1a: Raging Bolt|Protosynthesis|[silent]
|
|upkeep
|
|t:|1769332491
|switch|p1a: Glimmora|Glimmora, F|100/100
|turn|19
|
|t:|1769332495
|move|p2a: Porygon2|Recover|p2a: Porygon2
|-heal|p2a: Porygon2|84/100
|move|p1a: Glimmora|Mortal Spin|p2a: Porygon2
|-damage|p2a: Porygon2|80/100
|-status|p2a: Porygon2|psn
|
|-damage|p2a: Porygon2|67/100 psn|[from] psn
|-fieldend|move: Trick Room
|upkeep
|turn|20
|
|t:|1769332500
|switch|p1a: Walking Wake|Walking Wake, tera:Dragon|100/100
|move|p2a: Porygon2|Trick Room|p2a: Porygon2
|-fieldstart|move: Trick Room|[of] p2a: Porygon2
|
|-damage|p2a: Porygon2|55/100 psn|[from] psn
|upkeep
|turn|21
|
|t:|1769332508
|switch|p2a: Emboar|Emboar, F, shiny|88/100 par
|-damage|p2a: Emboar|75/100 par|[from] Stealth Rock
|move|p1a: Walking Wake|Knock Off|p2a: Emboar
|-resisted|p2a: Emboar
|-damage|p2a: Emboar|64/100 par
|-enditem|p2a: Emboar|Life Orb|[from] move: Knock Off|[of] p1a: Walking Wake
|
|upkeep
|turn|22
|
|t:|1769332513
|move|p2a: Emboar|Head Smash|p1a: Walking Wake
|-damage|p1a: Walking Wake|34/100
|-damage|p2a: Emboar|38/100 par|[from] Recoil
|move|p1a: Walking Wake|Hydro Steam|p2a: Emboar
|-supereffective|p2a: Emboar
|-damage|p2a: Emboar|0 fnt
|faint|p2a: Emboar
|
|upkeep
|
|t:|1769332517
|switch|p2a: Enamorus|Enamorus-Therian, F|100/100
|-damage|p2a: Enamorus|75/100|[from] Stealth Rock
|turn|23
|
|t:|1769332525
|-end|p1a: Walking Wake|Protosynthesis|[silent]
|switch|p1a: Glimmora|Glimmora, F|100/100
|move|p2a: Enamorus|Earth Power|p1a: Glimmora
|-supereffective|p1a: Glimmora
|-damage|p1a: Glimmora|0 fnt
|faint|p1a: Glimmora
|-damage|p2a: Enamorus|66/100|[from] item: Life Orb
|
|upkeep
|-message|mehvish forfeited.
|
|win|besovshina
|raw|mehvish's rating: 1173 &rarr; <strong>1151</strong><br />(-22 for losing)
|raw|besovshina's rating: 1210 &rarr; <strong>1232</strong><br />(+22 for winning)
|l|☆mehvish
|player|p1|
|l|‽besovshina
|player|p2|
