|j|☆Dragonite carry
|j|☆LaportaPotty
|t:|1769427128
|gametype|singles
|player|p1|Dragonite carry|266|1358
|player|p2|LaportaPotty|170|1278
|gen|9
|tier|[Gen 9] OU
|rated|
|rule|HP Percentage Mod: HP is shown in percentages
|rule|Endless Battle Clause: Forcing endless battles is banned
|rule|Species Clause: Limit one of each Pokémon
|rule|OHKO Clause: OHKO moves are banned
|rule|Evasion Items Clause: Evasion items are banned
|rule|Evasion Moves Clause: Evasion moves are banned
|rule|Evasion Abilities Clause: Evasion abilities are banned
|rule|Sleep Moves Clause: Sleep-inducing moves are banned
|clearpoke
|poke|p1|Dragonite, F|
|poke|p1|Iron Valiant|
|poke|p1|Iron Moth|
|poke|p1|Primarina, M|
|poke|p1|Corviknight, F|
|poke|p1|Zapdos|
|poke|p2|Landorus-Therian, M|
|poke|p2|Tinkaton, F|
|poke|p2|Dragonite, F|
|poke|p2|Gengar, M|
|poke|p2|Suicune|
|poke|p2|Mabosstiff, M|
|teampreview
|
|t:|1769427142
|teamsize|p1|6
|teamsize|p2|6
|start
|switch|p1a: Primarina|Primarina, M|100/100
|switch|p2a: Gengar|Gengar, M|100/100
|turn|1
|inactive|Battle timer is ON: inactive players will automatically lose when time's up. (requested by Dragonite carry)
|
|t:|1769427151
|move|p2a: Gengar|Toxic|p1a: Primarina
|-status|p1a: Primarina|tox
|move|p1a: Primarina|Surf|p2a: Gengar
|-damage|p2a: Gengar|32/100
|
|-damage|p1a: Primarina|94/100 tox|[from] psn
|upkeep
|turn|2
|
|t:|1769427157
|move|p2a: Gengar|Destiny Bond|p2a: Gengar
|-singlemove|p2a: Gengar|Destiny Bond
|move|p1a: Primarina|Surf|p2a: Gengar
|-damage|p2a: Gengar|0 fnt
|faint|p2a: Gengar
|-activate|p2a: Gengar|move: Destiny Bond
|faint|p1a: Primarina
|
|upkeep
|inactive|Dragonite carry has 120 seconds left.
|
|t:|1769427188
|switch|p2a: Mabosstiff|Mabosstiff, M|100/100
|switch|p1a: Iron Valiant|Iron Valiant|100/100
|-enditem|p1a: Iron Valiant|Booster Energy
|-activate|p1a: Iron Valiant|ability: Quark Drive|[fromitem]
|-start|p1a: Iron Valiant|quarkdrivespe
|turn|3
|
|t:|1769427199
|-terastallize|p2a: Mabosstiff|Poison
|move|p1a: Iron Valiant|Moonblast|p2a: Mabosstiff
|-resisted|p2a: Mabosstiff
|-damage|p2a: Mabosstiff|71/100
|move|p2a: Mabosstiff|Play Rough|p1a: Iron Valiant
|-supereffective|p1a: Iron Valiant
|-damage|p1a: Iron Valiant|0 fnt
|faint|p1a: Iron Valiant
|-end|p1a: Iron Valiant|Quark Drive|[silent]
|
|upkeep
|
|t:|1769427212
|switch|p1a: Iron Moth|Iron Moth|100/100
|-enditem|p1a: Iron Moth|Booster Energy
|-activate|p1a: Iron Moth|ability: Quark Drive|[fromitem]
|-start|p1a: Iron Moth|quarkdrivespa
|turn|4
|
|t:|1769427218
|switch|p2a: Tinkaton|Tinkaton, F|100/100
|-ability|p2a: Tinkaton|Mold Breaker
|move|p1a: Iron Moth|Fiery Dance|p2a: Tinkaton
|-supereffective|p2a: Tinkaton
|-damage|p2a: Tinkaton|0 fnt
|faint|p2a: Tinkaton
|
|upkeep
|
|t:|1769427226
|switch|p2a: Suicune|Suicune|100/100
|turn|5
|
|t:|1769427231
|-terastallize|p1a: Iron Moth|Dark
|move|p2a: Suicune|Scald|p1a: Iron Moth
|-damage|p1a: Iron Moth|62/100
|move|p1a: Iron Moth|Toxic|p2a: Suicune
|-status|p2a: Suicune|tox
|
|-damage|p2a: Suicune|94/100 tox|[from] psn
|upkeep
|turn|6
|
|t:|1769427239
|move|p2a: Suicune|Scald|p1a: Iron Moth
|-damage|p1a: Iron Moth|25/100
|-status|p1a: Iron Moth|brn
|move|p1a: Iron Moth|Sludge Wave|p2a: Suicune
|-damage|p2a: Suicune|33/100 tox
|
|-damage|p2a: Suicune|20/100 tox|[from] psn
|-damage|p1a: Iron Moth|19/100 brn|[from] brn
|upkeep
|turn|7
|
|t:|1769427263
|-end|p1a: Iron Moth|Quark Drive|[silent]
|switch|p1a: Zapdos|Zapdos|100/100
|move|p2a: Suicune|Scald|p1a: Zapdos
|-damage|p1a: Zapdos|60/100
|
|-damage|p2a: Suicune|2/100 tox|[from] psn
|upkeep
|turn|8
|
|t:|1769427272
|move|p2a: Suicune|Scald|p1a: Zapdos
|-damage|p1a: Zapdos|21/100
|move|p1a: Zapdos|U-turn|p2a: Suicune
|-crit|p2a: Suicune
|-damage|p2a: Suicune|0 fnt
|faint|p2a: Suicune
|
|t:|1769427279
|switch|p1a: Iron Moth|Iron Moth, tera:Dark|19/100 brn|[from] U-turn
|
|-damage|p1a: Iron Moth|13/100 brn|[from] brn
|upkeep
|
|t:|1769427282
|switch|p2a: Dragonite|Dragonite, F|100/100
|turn|9
|
|t:|1769427288
|move|p2a: Dragonite|Extreme Speed|p1a: Iron Moth
|-damage|p1a: Iron Moth|0 fnt
|faint|p1a: Iron Moth
|-end|p1a: Iron Moth|Quark Drive|[silent]
|
|upkeep
|
|t:|1769427291
|switch|p1a: Zapdos|Zapdos|21/100
|turn|10
|
|t:|1769427299
|switch|p2a: Landorus|Landorus-Therian, M|100/100
|-ability|p2a: Landorus|Intimidate|boost
|-unboost|p1a: Zapdos|atk|1
|move|p1a: Zapdos|Thunder Wave|p2a: Landorus
|-immune|p2a: Landorus
|
|upkeep
|turn|11
|
|t:|1769427310
|move|p1a: Zapdos|Hurricane|p2a: Landorus
|-damage|p2a: Landorus|30/100
|move|p2a: Landorus|Taunt|p1a: Zapdos
|-start|p1a: Zapdos|move: Taunt
|
|upkeep
|turn|12
|
|t:|1769427316
|switch|p2a: Dragonite|Dragonite, F|100/100
|move|p1a: Zapdos|Hurricane|p2a: Dragonite|[miss]
|-miss|p1a: Zapdos|p2a: Dragonite
|
|upkeep
|turn|13
|
|t:|1769427323
|move|p1a: Zapdos|Thunderbolt|p2a: Dragonite
|-damage|p2a: Dragonite|76/100
|-status|p2a: Dragonite|par
|move|p2a: Dragonite|Ice Spinner|p1a: Zapdos
|-supereffective|p1a: Zapdos
|-crit|p1a: Zapdos
|-damage|p1a: Zapdos|0 fnt
|faint|p1a: Zapdos
|
|upkeep
|
|t:|1769427329
|switch|p1a: Dragonite|Dragonite, F|100/100
|turn|14
|
|t:|1769427333
|move|p1a: Dragonite|Ice Spinner|p2a: Dragonite
|-supereffective|p2a: Dragonite
|-crit|p2a: Dragonite
|-damage|p2a: Dragonite|0 fnt
|faint|p2a: Dragonite
|
|upkeep
|
|t:|1769427337
|switch|p2a: Mabosstiff|Mabosstiff, M, tera:Poison|71/100
|turn|15
|
|t:|1769427345
|move|p2a: Mabosstiff|Outrage|p1a: Dragonite
|-supereffective|p1a: Dragonite
|-damage|p1a: Dragonite|27/100
|move|p1a: Dragonite|Earthquake|p2a: Mabosstiff
|-supereffective|p2a: Mabosstiff
|-damage|p2a: Mabosstiff|0 fnt
|faint|p2a: Mabosstiff
|
|upkeep
|
|t:|1769427351
|switch|p2a: Landorus|Landorus-Therian, M|30/100
|-ability|p2a: Landorus|Intimidate|boost
|-unboost|p1a: Dragonite|atk|1
|turn|16
|
|t:|1769427355
|move|p1a: Dragonite|Extreme Speed|p2a: Landorus
|-damage|p2a: Landorus|3/100
|move|p2a: Landorus|Rock Slide|p1a: Dragonite|[miss]
|-miss|p2a: Landorus|p1a: Dragonite
|
|upkeep
|turn|17
|
|t:|1769427359
|move|p1a: Dragonite|Extreme Speed|p2a: Landorus
|-damage|p2a: Landorus|0 fnt
|faint|p2a: Landorus
|
|win|Dragonite carry
|raw|Dragonite carry's rating: 1358 &rarr; <strong>1373</strong><br />(+15 for winning)
|raw|LaportaPotty's rating: 1278 &rarr; <strong>1259</strong><br />(-19 for losing)
|l|☆LaportaPotty
|player|p2|
|l|☆Dragonite carry
|player|p1|
