|j|☆TotallySkilled
|j|☆MfxxkingReal
|t:|1769318710
|gametype|singles
|player|p1|TotallySkilled|guzma|1510
|player|p2|MfxxkingReal|101|1466
|gen|9
|tier|[Gen 9] OU
|rated|
|rule|HP Percentage Mod: HP is shown in percentages
|rule|Endless Battle Clause: Forcing endless battles is banned
|rule|Species Clause: Limit one of each Pokémon
|rule|OHKO Clause: OHKO moves are banned
|rule|Evasion Items Clause: Evasion items are banned
|rule|Evasion Moves Clause: Evasion moves are banned
|rule|Evasion Abilities Clause: Evasion abilities are banned
|rule|Sleep Moves Clause: Sleep-inducing moves are banned
|clearpoke
|poke|p1|Grimmsnarl, M|
|poke|p1|Great Tusk|
|poke|p1|Pecharunt|
|poke|p1|Farigiraf, M|
|poke|p1|Raging Bolt|
|poke|p1|Kingambit, F|
|poke|p2|Kingambit, F|
|poke|p2|Ogerpon-Wellspring, F|
|poke|p2|Slowking-Galar, F|
|poke|p2|Great Tusk|
|poke|p2|Dragapult, F|
|poke|p2|Cinderace, F|
|teampreview
|
|t:|1769318718
|teamsize|p1|6
|teamsize|p2|6
|start
|switch|p1a: DNA|Great Tusk, shiny|100/100
|switch|p2a: Cinderace|Cinderace, F|100/100
|-enditem|p1a: DNA|Booster Energy
|-activate|p1a: DNA|ability: Protosynthesis|[fromitem]
|-start|p1a: DNA|protosynthesisspe
|turn|1
|
|t:|1769318725
|switch|p2a: Great Tusk|Great Tusk|100/100
|move|p1a: DNA|Stealth Rock|p2a: Great Tusk
|-sidestart|p2: MfxxkingReal|move: Stealth Rock
|
|upkeep
|turn|2
|
|t:|1769318730
|move|p1a: DNA|Ice Spinner|p2a: Great Tusk
|-supereffective|p2a: Great Tusk
|-damage|p2a: Great Tusk|69/100
|move|p2a: Great Tusk|Knock Off|p1a: DNA
|-resisted|p1a: DNA
|-damage|p1a: DNA|94/100
|
|-heal|p2a: Great Tusk|75/100|[from] item: Leftovers
|upkeep
|turn|3
|
|t:|1769318735
|move|p1a: DNA|Ice Spinner|p2a: Great Tusk
|-supereffective|p2a: Great Tusk
|-damage|p2a: Great Tusk|44/100
|move|p2a: Great Tusk|Rapid Spin|p1a: DNA
|-damage|p1a: DNA|83/100
|-boost|p2a: Great Tusk|spe|1
|-sideend|p2: MfxxkingReal|Stealth Rock|[from] move: Rapid Spin|[of] p2a: Great Tusk
|
|-heal|p2a: Great Tusk|50/100|[from] item: Leftovers
|upkeep
|turn|4
|
|t:|1769318748
|move|p1a: DNA|Ice Spinner|p2a: Great Tusk
|-supereffective|p2a: Great Tusk
|-damage|p2a: Great Tusk|15/100
|move|p2a: Great Tusk|Earthquake|p1a: DNA
|-damage|p1a: DNA|51/100
|
|-heal|p2a: Great Tusk|21/100|[from] item: Leftovers
|upkeep
|turn|5
|
|t:|1769318756
|-end|p2a: Great Tusk|Protosynthesis|[silent]
|switch|p2a: Cinderace|Cinderace, F|100/100
|move|p1a: DNA|Rapid Spin|p2a: Cinderace
|-damage|p2a: Cinderace|79/100
|-boost|p1a: DNA|spe|1
|
|upkeep
|turn|6
|
|t:|1769318764
|switch|p2a: Great Tusk|Great Tusk|21/100
|move|p1a: DNA|Headlong Rush|p2a: Great Tusk
|-damage|p2a: Great Tusk|0 fnt
|-unboost|p1a: DNA|def|1
|-unboost|p1a: DNA|spd|1
|faint|p2a: Great Tusk
|-end|p2a: Great Tusk|Protosynthesis|[silent]
|
|upkeep
|
|t:|1769318768
|switch|p2a: Ogerpon|Ogerpon-Wellspring, F|100/100
|turn|7
|
|t:|1769318774
|-end|p1a: DNA|Protosynthesis|[silent]
|switch|p1a: Malevolent Kitchen|Pecharunt|100/100
|-item|p1a: Malevolent Kitchen|Air Balloon
|move|p2a: Ogerpon|Ivy Cudgel|p1a: Malevolent Kitchen|[anim] Ivy Cudgel Water
|-crit|p1a: Malevolent Kitchen
|-damage|p1a: Malevolent Kitchen|51/100
|-enditem|p1a: Malevolent Kitchen|Air Balloon
|
|upkeep
|turn|8
|
|t:|1769318781
|move|p2a: Ogerpon|U-turn|p1a: Malevolent Kitchen
|-resisted|p1a: Malevolent Kitchen
|-damage|p1a: Malevolent Kitchen|47/100
|
|t:|1769318787
|switch|p2a: Slowking|Slowking-Galar, F|100/100|[from] U-turn
|move|p1a: Malevolent Kitchen|Malignant Chain|p2a: Slowking
|-resisted|p2a: Slowking
|-damage|p2a: Slowking|91/100
|
|upkeep
|turn|9
|
|t:|1769318792
|move|p1a: Malevolent Kitchen|Recover|p1a: Malevolent Kitchen
|-heal|p1a: Malevolent Kitchen|97/100
|move|p2a: Slowking|Future Sight|p1a: Malevolent Kitchen
|-start|p2a: Slowking|move: Future Sight
|
|upkeep
|turn|10
|
|t:|1769318799
|switch|p1a: Mahoraga|Grimmsnarl, M, shiny|100/100
|-prepare|p2a: Slowking|Chilly Reception|[premajor]
|move|p2a: Slowking|Chilly Reception|p2a: Slowking
|-weather|Snowscape
|
|t:|1769318804
|switch|p2a: Kingambit|Kingambit, F|100/100|[from] Chilly Reception
|-activate|p2a: Kingambit|ability: Supreme Overlord
|-start|p2a: Kingambit|fallen1|[silent]
|
|-weather|Snowscape|[upkeep]
|upkeep
|turn|11
|
|t:|1769318809
|move|p1a: Mahoraga|Reflect|p1a: Mahoraga
|-sidestart|p1: TotallySkilled|Reflect
|move|p2a: Kingambit|Iron Head|p1a: Mahoraga
|-supereffective|p1a: Mahoraga
|-damage|p1a: Mahoraga|25/100
|-damage|p2a: Kingambit|91/100|[from] item: Life Orb
|
|-weather|Snowscape|[upkeep]
|-end|p1a: Mahoraga|move: Future Sight
|-immune|p1a: Mahoraga
|upkeep
|turn|12
|
|t:|1769318816
|switch|p1a: Blue Cross|Kingambit, F, shiny|100/100
|move|p2a: Kingambit|Iron Head|p1a: Blue Cross
|-resisted|p1a: Blue Cross
|-damage|p1a: Blue Cross|87/100
|-damage|p2a: Kingambit|81/100|[from] item: Life Orb
|
|-weather|Snowscape|[upkeep]
|upkeep
|turn|13
|
|t:|1769318820
|-end|p1a: Blue Cross|fallenundefined|[silent]
|switch|p1a: Malevolent Kitchen|Pecharunt|97/100
|move|p2a: Kingambit|Brick Break|p1a: Malevolent Kitchen
|-immune|p1a: Malevolent Kitchen
|
|-weather|Snowscape|[upkeep]
|upkeep
|turn|14
|
|t:|1769318827
|-end|p2a: Kingambit|fallen1|[silent]
|switch|p2a: Slowking|Slowking-Galar, F|100/100
|move|p1a: Malevolent Kitchen|Nasty Plot|p1a: Malevolent Kitchen
|-boost|p1a: Malevolent Kitchen|spa|2
|
|-weather|none
|upkeep
|turn|15
|
|t:|1769318831
|move|p1a: Malevolent Kitchen|Shadow Ball|p2a: Slowking
|-supereffective|p2a: Slowking
|-damage|p2a: Slowking|40/100
|move|p2a: Slowking|Future Sight|p1a: Malevolent Kitchen
|-start|p2a: Slowking|move: Future Sight
|
|upkeep
|turn|16
|
|t:|1769318836
|switch|p2a: Kingambit|Kingambit, F|81/100
|-activate|p2a: Kingambit|ability: Supreme Overlord
|-start|p2a: Kingambit|fallen1|[silent]
|move|p1a: Malevolent Kitchen|Shadow Ball|p2a: Kingambit
|-resisted|p2a: Kingambit
|-damage|p2a: Kingambit|53/100
|-unboost|p2a: Kingambit|spd|1
|
|upkeep
|turn|17
|
|t:|1769318844
|-terastallize|p2a: Kingambit|Dark
|move|p1a: Malevolent Kitchen|Shadow Ball|p2a: Kingambit
|-resisted|p2a: Kingambit
|-damage|p2a: Kingambit|11/100
|move|p2a: Kingambit|Kowtow Cleave|p1a: Malevolent Kitchen
|-supereffective|p1a: Malevolent Kitchen
|-damage|p1a: Malevolent Kitchen|50/100
|-damage|p2a: Kingambit|1/100|[from] item: Life Orb
|
|-end|p1a: Malevolent Kitchen|move: Future Sight
|-supereffective|p1a: Malevolent Kitchen
|-damage|p1a: Malevolent Kitchen|0 fnt
|faint|p1a: Malevolent Kitchen
|upkeep
|
|t:|1769318849
|switch|p1a: DNA|Great Tusk, shiny|51/100
|turn|18
|
|t:|1769318853
|move|p2a: Kingambit|Sucker Punch||[still]
|-fail|p2a: Kingambit
|move|p1a: DNA|Stealth Rock|p2a: Kingambit
|-sidestart|p2: MfxxkingReal|move: Stealth Rock
|
|-sideend|p1: TotallySkilled|Reflect
|upkeep
|turn|19
|
|t:|1769318856
|move|p2a: Kingambit|Sucker Punch|p1a: DNA
|-resisted|p1a: DNA
|-damage|p1a: DNA|31/100
|-damage|p2a: Kingambit|0 fnt|[from] item: Life Orb
|faint|p2a: Kingambit
|-end|p2a: Kingambit|fallen1|[silent]
|move|p1a: DNA|Rapid Spin|p2: Kingambit|[notarget]
|-fail|p1a: DNA
|
|upkeep
|
|t:|1769318858
|switch|p2a: Cinderace|Cinderace, F|79/100
|turn|20
|
|t:|1769318863
|move|p2a: Cinderace|Pyro Ball|p1a: DNA
|-damage|p1a: DNA|0 fnt
|faint|p1a: DNA
|-end|p1a: DNA|Protosynthesis|[silent]
|
|upkeep
|
|t:|1769318868
|switch|p1a: ReconoceR|Farigiraf, M, shiny|100/100
|turn|21
|
|t:|1769318872
|move|p2a: Cinderace|Court Change|p2a: Cinderace
|-start|p2a: Cinderace|typechange|Normal|[from] ability: Libero
|-swapsideconditions
|-activate|p2a: Cinderace|move: Court Change
|move|p1a: ReconoceR|Trick Room|p1a: ReconoceR
|-fieldstart|move: Trick Room|[of] p1a: ReconoceR
|
|upkeep
|turn|22
|
|t:|1769318877
|switch|p2a: Slowking|Slowking-Galar, F|73/100
|move|p1a: ReconoceR|Nasty Plot|p1a: ReconoceR
|-boost|p1a: ReconoceR|spa|2
|
|upkeep
|turn|23
|
|t:|1769318883
|move|p2a: Slowking|Future Sight|p1a: ReconoceR
|-start|p2a: Slowking|move: Future Sight
|move|p1a: ReconoceR|Shadow Ball|p2a: Slowking
|-supereffective|p2a: Slowking
|-damage|p2a: Slowking|5/100
|
|upkeep
|turn|24
|
|t:|1769318889
|move|p2a: Slowking|Sludge Bomb|p1a: ReconoceR
|-damage|p1a: ReconoceR|68/100
|-status|p1a: ReconoceR|psn
|move|p1a: ReconoceR|Shadow Ball|p2a: Slowking
|-supereffective|p2a: Slowking
|-damage|p2a: Slowking|0 fnt
|faint|p2a: Slowking
|
|-heal|p1a: ReconoceR|74/100 psn|[from] item: Leftovers
|-damage|p1a: ReconoceR|62/100 psn|[from] psn
|upkeep
|
|t:|1769318895
|switch|p2a: Cinderace|Cinderace, F|79/100
|turn|25
|
|t:|1769318898
|move|p1a: ReconoceR|Tera Blast|p2a: Cinderace
|-damage|p2a: Cinderace|0 fnt
|faint|p2a: Cinderace
|
|-end|p1a: ReconoceR|move: Future Sight
|-resisted|p1a: ReconoceR
|-damage|p1a: ReconoceR|40/100 psn
|-heal|p1a: ReconoceR|46/100 psn|[from] item: Leftovers
|-damage|p1a: ReconoceR|34/100 psn|[from] psn
|-fieldend|move: Trick Room
|upkeep
|
|t:|1769318901
|switch|p2a: Ogerpon|Ogerpon-Wellspring, F|100/100
|turn|26
|
|t:|1769318905
|move|p2a: Ogerpon|Ivy Cudgel|p1a: ReconoceR|[anim] Ivy Cudgel Water
|-damage|p1a: ReconoceR|0 fnt
|faint|p1a: ReconoceR
|
|upkeep
|
|t:|1769318907
|switch|p1a: Kali Uchis|Raging Bolt|100/100
|-damage|p1a: Kali Uchis|88/100|[from] Stealth Rock
|-enditem|p1a: Kali Uchis|Booster Energy
|-activate|p1a: Kali Uchis|ability: Protosynthesis|[fromitem]
|-start|p1a: Kali Uchis|protosynthesisspa
|turn|27
|
|t:|1769318911
|move|p2a: Ogerpon|Swords Dance|p2a: Ogerpon
|-boost|p2a: Ogerpon|atk|2
|move|p1a: Kali Uchis|Thunderbolt|p2a: Ogerpon
|-damage|p2a: Ogerpon|13/100
|
|upkeep
|turn|28
|
|t:|1769318916
|move|p2a: Ogerpon|Ivy Cudgel|p1a: Kali Uchis|[anim] Ivy Cudgel Water
|-resisted|p1a: Kali Uchis
|-damage|p1a: Kali Uchis|33/100
|move|p1a: Kali Uchis|Thunderbolt|p2a: Ogerpon
|-damage|p2a: Ogerpon|0 fnt
|faint|p2a: Ogerpon
|
|upkeep
|
|t:|1769318918
|switch|p2a: Dragapult|Dragapult, F|100/100
|turn|29
|
|t:|1769318921
|move|p1a: Kali Uchis|Thunderclap|p2a: Dragapult
|-resisted|p2a: Dragapult
|-damage|p2a: Dragapult|63/100
|move|p2a: Dragapult|Shadow Ball|p1a: Kali Uchis
|-damage|p1a: Kali Uchis|0 fnt
|faint|p1a: Kali Uchis
|-end|p1a: Kali Uchis|Protosynthesis|[silent]
|
|upkeep
|
|t:|1769318924
|switch|p1a: Blue Cross|Kingambit, F, shiny|87/100
|-damage|p1a: Blue Cross|81/100|[from] Stealth Rock
|-activate|p1a: Blue Cross|ability: Supreme Overlord
|-start|p1a: Blue Cross|fallen4|[silent]
|turn|30
|-message|MfxxkingReal forfeited.
|
|win|TotallySkilled
|raw|TotallySkilled's rating: 1510 &rarr; <strong>1527</strong><br />(+17 for winning)
|raw|MfxxkingReal's rating: 1466 &rarr; <strong>1449</strong><br />(-17 for losing)
|l|☆MfxxkingReal
|player|p2|
|l|☆TotallySkilled
|player|p1|
