|j|☆BigFrogStatus
|j|☆hexonicgd
|t:|1769385531
|gametype|singles
|player|p1|BigFrogStatus|mina-lgpe|1416
|player|p2|hexonicgd|101|1348
|gen|9
|tier|[Gen 9] OU
|rated|
|rule|HP Percentage Mod: HP is shown in percentages
|rule|Endless Battle Clause: Forcing endless battles is banned
|rule|Species Clause: Limit one of each Pokémon
|rule|OHKO Clause: OHKO moves are banned
|rule|Evasion Items Clause: Evasion items are banned
|rule|Evasion Moves Clause: Evasion moves are banned
|rule|Evasion Abilities Clause: Evasion abilities are banned
|rule|Sleep Moves Clause: Sleep-inducing moves are banned
|clearpoke
|poke|p1|Hatterene, F|
|poke|p1|Tornadus-Therian, M|
|poke|p1|Great Tusk|
|poke|p1|Goodra-Hisui, M|
|poke|p1|Alomomola, F|
|poke|p1|Ogerpon-Wellspring, F|
|poke|p2|Azelf|
|poke|p2|Porygon-Z|
|poke|p2|Araquanid, M|
|poke|p2|Gholdengo|
|poke|p2|Iron Moth|
|poke|p2|Rampardos, M|
|teampreview
|inactive|Battle timer is ON: inactive players will automatically lose when time's up. (requested by BigFrogStatus)
|
|t:|1769385545
|teamsize|p1|6
|teamsize|p2|6
|start
|switch|p1a: Tornadus|Tornadus-Therian, M|100/100
|switch|p2a: Porygon-Z|Porygon-Z|100/100
|-ability|p2a: Porygon-Z|Download|boost
|-boost|p2a: Porygon-Z|atk|1
|turn|1
|
|t:|1769385553
|move|p1a: Tornadus|Bleakwind Storm|p2a: Porygon-Z
|-damage|p2a: Porygon-Z|39/100
|move|p2a: Porygon-Z|Thunderbolt|p1a: Tornadus
|-supereffective|p1a: Tornadus
|-damage|p1a: Tornadus|51/100
|
|upkeep
|turn|2
|
|t:|1769385566
|switch|p2a: Gholdengo|Gholdengo|100/100
|move|p1a: Tornadus|Bleakwind Storm|p2a: Gholdengo
|-resisted|p2a: Gholdengo
|-damage|p2a: Gholdengo|77/100
|-unboost|p2a: Gholdengo|spe|1
|
|upkeep
|turn|3
|
|t:|1769385572
|move|p1a: Tornadus|Dark Pulse|p2a: Gholdengo
|-supereffective|p2a: Gholdengo
|-damage|p2a: Gholdengo|26/100
|move|p2a: Gholdengo|Make It Rain|p1a: Tornadus
|-damage|p1a: Tornadus|6/100
|-unboost|p2a: Gholdengo|spa|1
|
|upkeep
|turn|4
|
|t:|1769385581
|move|p1a: Tornadus|Knock Off|p2a: Gholdengo
|-supereffective|p2a: Gholdengo
|-damage|p2a: Gholdengo|0 fnt
|-enditem|p2a: Gholdengo|Ability Shield|[from] move: Knock Off|[of] p1a: Tornadus
|faint|p2a: Gholdengo
|
|upkeep
|
|t:|1769385583
|switch|p2a: Araquanid|Araquanid, M|100/100
|turn|5
|
|t:|1769385589
|switch|p1a: Alomomola|Alomomola, F|100/100
|move|p2a: Araquanid|Surf|p1a: Alomomola
|-resisted|p1a: Alomomola
|-damage|p1a: Alomomola|71/100
|
|upkeep
|turn|6
|
|t:|1769385593
|move|p1a: Alomomola|Flip Turn|p2a: Araquanid
|-resisted|p2a: Araquanid
|-damage|p2a: Araquanid|93/100
|
|t:|1769385596
|switch|p1a: Ogerpon|Ogerpon-Wellspring, F|100/100|[from] Flip Turn
|move|p2a: Araquanid|Sticky Web|p1a: Ogerpon
|-sidestart|p1: BigFrogStatus|move: Sticky Web
|
|upkeep
|turn|7
|
|t:|1769385602
|move|p1a: Ogerpon|Swords Dance|p1a: Ogerpon
|-boost|p1a: Ogerpon|atk|2
|move|p2a: Araquanid|Endeavor|p1a: Ogerpon
|-immune|p1a: Ogerpon
|
|upkeep
|turn|8
|
|t:|1769385608
|move|p2a: Araquanid|Endure|p2a: Araquanid
|-singleturn|p2a: Araquanid|move: Endure
|move|p1a: Ogerpon|Swords Dance|p1a: Ogerpon
|-boost|p1a: Ogerpon|atk|2
|
|upkeep
|turn|9
|
|t:|1769385611
|move|p2a: Araquanid|Endure||[still]
|-fail|p2a: Araquanid
|move|p1a: Ogerpon|Knock Off|p2a: Araquanid
|-damage|p2a: Araquanid|0 fnt
|-enditem|p2a: Araquanid|Custap Berry|[from] move: Knock Off|[of] p1a: Ogerpon
|faint|p2a: Araquanid
|
|upkeep
|
|t:|1769385619
|switch|p2a: Iron Moth|Iron Moth|100/100
|-enditem|p2a: Iron Moth|Booster Energy
|-activate|p2a: Iron Moth|ability: Quark Drive|[fromitem]
|-start|p2a: Iron Moth|quarkdrivespe
|turn|10
|
|t:|1769385629
|-terastallize|p2a: Iron Moth|Grass
|-terastallize|p1a: Ogerpon|Water
|detailschange|p1a: Ogerpon|Ogerpon-Wellspring-Tera, F, tera:Water
|-ability|p1a: Ogerpon|Embody Aspect (Wellspring)|boost
|-boost|p1a: Ogerpon|spd|1
|move|p2a: Iron Moth|Substitute|p2a: Iron Moth
|-start|p2a: Iron Moth|Substitute
|-damage|p2a: Iron Moth|76/100
|move|p1a: Ogerpon|Ivy Cudgel|p2a: Iron Moth|[anim] Ivy Cudgel Water
|-resisted|p2a: Iron Moth
|-end|p2a: Iron Moth|Substitute
|
|upkeep
|turn|11
|
|t:|1769385639
|move|p2a: Iron Moth|Energy Ball|p1a: Ogerpon
|-supereffective|p1a: Ogerpon
|-damage|p1a: Ogerpon|23/100
|move|p1a: Ogerpon|Trailblaze|p2a: Iron Moth
|-resisted|p2a: Iron Moth
|-damage|p2a: Iron Moth|12/100
|-boost|p1a: Ogerpon|spe|1
|
|upkeep
|turn|12
|
|t:|1769385642
|move|p2a: Iron Moth|Energy Ball|p1a: Ogerpon
|-supereffective|p1a: Ogerpon
|-damage|p1a: Ogerpon|0 fnt
|faint|p1a: Ogerpon
|detailschange|p1: Ogerpon|Ogerpon-Wellspring, F|[silent]
|
|upkeep
|
|t:|1769385648
|switch|p1a: Goodra|Goodra-Hisui, M|100/100
|-activate|p1a: Goodra|move: Sticky Web
|-unboost|p1a: Goodra|spe|1
|turn|13
|
|t:|1769385652
|move|p2a: Iron Moth|Fiery Dance|p1a: Goodra
|-damage|p1a: Goodra|83/100
|move|p1a: Goodra|Heavy Slam|p2a: Iron Moth
|-damage|p2a: Iron Moth|0 fnt
|faint|p2a: Iron Moth
|-end|p2a: Iron Moth|Quark Drive|[silent]
|
|upkeep
|
|t:|1769385656
|switch|p2a: Azelf|Azelf|100/100
|turn|14
|
|t:|1769385659
|move|p2a: Azelf|Mystical Power|p1a: Goodra
|-resisted|p1a: Goodra
|-damage|p1a: Goodra|74/100
|-boost|p2a: Azelf|spa|1
|move|p1a: Goodra|Heavy Slam|p2a: Azelf
|-damage|p2a: Azelf|30/100
|
|upkeep
|turn|15
|
|t:|1769385663
|move|p2a: Azelf|Flamethrower|p1a: Goodra
|-damage|p1a: Goodra|51/100
|move|p1a: Goodra|Heavy Slam|p2a: Azelf
|-damage|p2a: Azelf|0 fnt
|faint|p2a: Azelf
|
|upkeep
|
|t:|1769385665
|switch|p2a: Rampardos|Rampardos, M|100/100
|turn|16
|
|t:|1769385670
|switch|p1a: Great Tusk|Great Tusk|100/100
|-activate|p1a: Great Tusk|move: Sticky Web
|-unboost|p1a: Great Tusk|spe|1
|move|p2a: Rampardos|Fire Punch|p1a: Great Tusk
|-damage|p1a: Great Tusk|69/100
|-damage|p2a: Rampardos|84/100|[from] item: Rocky Helmet|[of] p1a: Great Tusk
|
|upkeep
|turn|17
|
|t:|1769385685
|move|p2a: Rampardos|Head Smash|p1a: Great Tusk|[miss]
|-miss|p2a: Rampardos|p1a: Great Tusk
|move|p1a: Great Tusk|Rapid Spin|p2a: Rampardos
|-resisted|p2a: Rampardos
|-damage|p2a: Rampardos|73/100
|-boost|p1a: Great Tusk|spe|1
|-sideend|p1: BigFrogStatus|Sticky Web|[from] move: Rapid Spin|[of] p1a: Great Tusk
|
|upkeep
|turn|18
|-message|hexonicgd forfeited.
|
|win|BigFrogStatus
|raw|BigFrogStatus's rating: 1416 &rarr; <strong>1432</strong><br />(+16 for winning)
|raw|hexonicgd's rating: 1348 &rarr; <strong>1332</strong><br />(-16 for losing)
|l|☆hexonicgd
|player|p2|
|l|☆BigFrogStatus
|player|p1|
