|j|☆The Dragon Lair
|j|☆yzklsn
|t:|1769329719
|gametype|singles
|player|p1|The Dragon Lair|ghetsis-gen5bw|1253
|player|p2|yzklsn|265|1176
|gen|9
|tier|[Gen 9] OU
|rated|
|rule|HP Percentage Mod: HP is shown in percentages
|rule|Endless Battle Clause: Forcing endless battles is banned
|rule|Species Clause: Limit one of each Pokémon
|rule|OHKO Clause: OHKO moves are banned
|rule|Evasion Items Clause: Evasion items are banned
|rule|Evasion Moves Clause: Evasion moves are banned
|rule|Evasion Abilities Clause: Evasion abilities are banned
|rule|Sleep Moves Clause: Sleep-inducing moves are banned
|clearpoke
|poke|p1|Dragonite, M|
|poke|p1|Dragapult, F|
|poke|p1|Regidrago|
|poke|p1|Raging Bolt|
|poke|p1|Goodra-Hisui, F|
|poke|p1|Noivern, M|
|poke|p2|Ludicolo, F|
|poke|p2|Pelipper, M|
|poke|p2|Walking Wake|
|poke|p2|Landorus-Therian, M|
|poke|p2|Primarina, F|
|poke|p2|Skeledirge, M|
|teampreview
|inactive|Battle timer is ON: inactive players will automatically lose when time's up. (requested by The Dragon Lair)
|
|t:|1769329736
|teamsize|p1|6
|teamsize|p2|6
|start
|switch|p1a: Dragapult|Dragapult, F|100/100
|switch|p2a: Landorus|Landorus-Therian, M|100/100
|-ability|p2a: Landorus|Intimidate|boost
|-fail|p1a: Dragapult|unboost|[from] ability: Clear Body|[of] p1a: Dragapult
|turn|1
|
|t:|1769329743
|-terastallize|p2a: Landorus|Ice
|move|p2a: Landorus|Tera Blast|p1a: Dragapult|[anim] Tera Blast Ice
|-supereffective|p1a: Dragapult
|-damage|p1a: Dragapult|0 fnt
|faint|p1a: Dragapult
|
|upkeep
|
|t:|1769329750
|switch|p1a: Goodra|Goodra-Hisui, F|100/100
|turn|2
|
|t:|1769329754
|switch|p2a: Pelipper|Pelipper, M|100/100
|-weather|RainDance|[from] ability: Drizzle|[of] p2a: Pelipper
|move|p1a: Goodra|Curse|p1a: Goodra
|-unboost|p1a: Goodra|spe|1
|-boost|p1a: Goodra|atk|1
|-boost|p1a: Goodra|def|1
|
|-weather|RainDance|[upkeep]
|upkeep
|turn|3
|
|t:|1769329765
|switch|p2a: Primarina|Primarina, F|100/100
|move|p1a: Goodra|Curse|p1a: Goodra
|-unboost|p1a: Goodra|spe|1
|-boost|p1a: Goodra|atk|1
|-boost|p1a: Goodra|def|1
|
|-weather|RainDance|[upkeep]
|upkeep
|turn|4
|
|t:|1769329774
|move|p2a: Primarina|Calm Mind|p2a: Primarina
|-boost|p2a: Primarina|spa|1
|-boost|p2a: Primarina|spd|1
|move|p1a: Goodra|Tearful Look|p2a: Primarina
|-unboost|p2a: Primarina|atk|1
|-unboost|p2a: Primarina|spa|1
|
|-weather|RainDance|[upkeep]
|upkeep
|turn|5
|
|t:|1769329782
|move|p2a: Primarina|Calm Mind|p2a: Primarina
|-boost|p2a: Primarina|spa|1
|-boost|p2a: Primarina|spd|1
|move|p1a: Goodra|Gyro Ball|p2a: Primarina
|-damage|p2a: Primarina|15/100
|
|-weather|RainDance|[upkeep]
|-heal|p2a: Primarina|21/100|[from] item: Leftovers
|upkeep
|turn|6
|
|t:|1769329792
|move|p2a: Primarina|Draining Kiss|p1a: Goodra
|-damage|p1a: Goodra|79/100
|-heal|p2a: Primarina|37/100|[from] drain|[of] p1a: Goodra
|-ability|p1a: Goodra|Gooey
|-unboost|p2a: Primarina|spe|1
|move|p1a: Goodra|Tearful Look|p2a: Primarina
|-unboost|p2a: Primarina|atk|1
|-unboost|p2a: Primarina|spa|1
|
|-weather|RainDance|[upkeep]
|-heal|p2a: Primarina|43/100|[from] item: Leftovers
|-heal|p1a: Goodra|85/100|[from] item: Leftovers
|upkeep
|turn|7
|
|t:|1769329803
|move|p2a: Primarina|Draining Kiss|p1a: Goodra
|-damage|p1a: Goodra|69/100
|-heal|p2a: Primarina|55/100|[from] drain|[of] p1a: Goodra
|-ability|p1a: Goodra|Gooey
|-unboost|p2a: Primarina|spe|1
|move|p1a: Goodra|Gyro Ball|p2a: Primarina
|-damage|p2a: Primarina|13/100
|
|-weather|RainDance|[upkeep]
|-heal|p2a: Primarina|19/100|[from] item: Leftovers
|-heal|p1a: Goodra|75/100|[from] item: Leftovers
|upkeep
|turn|8
|
|t:|1769329815
|move|p2a: Primarina|Draining Kiss|p1a: Goodra
|-damage|p1a: Goodra|59/100
|-heal|p2a: Primarina|31/100|[from] drain|[of] p1a: Goodra
|-ability|p1a: Goodra|Gooey
|-unboost|p2a: Primarina|spe|1
|move|p1a: Goodra|Curse|p1a: Goodra
|-unboost|p1a: Goodra|spe|1
|-boost|p1a: Goodra|atk|1
|-boost|p1a: Goodra|def|1
|
|-weather|RainDance|[upkeep]
|-heal|p2a: Primarina|37/100|[from] item: Leftovers
|-heal|p1a: Goodra|65/100|[from] item: Leftovers
|upkeep
|turn|9
|
|t:|1769329830
|move|p2a: Primarina|Draining Kiss|p1a: Goodra
|-damage|p1a: Goodra|50/100
|-heal|p2a: Primarina|48/100|[from] drain|[of] p1a: Goodra
|-ability|p1a: Goodra|Gooey
|-unboost|p2a: Primarina|spe|1
|move|p1a: Goodra|Gyro Ball|p2a: Primarina
|-damage|p2a: Primarina|5/100
|
|-weather|none
|-heal|p2a: Primarina|11/100|[from] item: Leftovers
|-heal|p1a: Goodra|57/100|[from] item: Leftovers
|upkeep
|turn|10
|
|t:|1769329841
|move|p2a: Primarina|Draining Kiss|p1a: Goodra
|-damage|p1a: Goodra|40/100
|-heal|p2a: Primarina|24/100|[from] drain|[of] p1a: Goodra
|-ability|p1a: Goodra|Gooey
|-unboost|p2a: Primarina|spe|1
|move|p1a: Goodra|Gyro Ball|p2a: Primarina
|-damage|p2a: Primarina|0 fnt
|faint|p2a: Primarina
|
|-heal|p1a: Goodra|46/100|[from] item: Leftovers
|upkeep
|
|t:|1769329855
|switch|p2a: Pelipper|Pelipper, M|100/100
|-weather|RainDance|[from] ability: Drizzle|[of] p2a: Pelipper
|turn|11
|
|t:|1769329861
|move|p2a: Pelipper|Hurricane|p1a: Goodra
|-resisted|p1a: Goodra
|-damage|p1a: Goodra|34/100
|move|p1a: Goodra|Curse|p1a: Goodra
|-unboost|p1a: Goodra|spe|1
|-boost|p1a: Goodra|atk|1
|-boost|p1a: Goodra|def|1
|
|-weather|RainDance|[upkeep]
|-heal|p1a: Goodra|40/100|[from] item: Leftovers
|upkeep
|turn|12
|
|t:|1769329873
|switch|p2a: Skeledirge|Skeledirge, M|100/100
|move|p1a: Goodra|Tearful Look|p2a: Skeledirge
|-unboost|p2a: Skeledirge|atk|1
|-unboost|p2a: Skeledirge|spa|1
|
|-weather|RainDance|[upkeep]
|-heal|p1a: Goodra|46/100|[from] item: Leftovers
|upkeep
|turn|13
|
|t:|1769329882
|move|p2a: Skeledirge|Will-O-Wisp|p1a: Goodra
|-status|p1a: Goodra|brn
|move|p1a: Goodra|Dragon Tail|p2a: Skeledirge
|-damage|p2a: Skeledirge|89/100
|drag|p2a: Landorus|Landorus-Therian, M, tera:Ice|100/100
|-ability|p2a: Landorus|Intimidate|boost
|-unboost|p1a: Goodra|atk|1
|
|-weather|RainDance|[upkeep]
|-heal|p1a: Goodra|52/100 brn|[from] item: Leftovers
|-damage|p1a: Goodra|46/100 brn|[from] brn
|upkeep
|turn|14
|
|t:|1769329895
|move|p2a: Landorus|U-turn|p1a: Goodra
|-resisted|p1a: Goodra
|-damage|p1a: Goodra|43/100 brn
|-ability|p1a: Goodra|Gooey
|-unboost|p2a: Landorus|spe|1
|
|t:|1769329901
|switch|p2a: Skeledirge|Skeledirge, M|89/100|[from] U-turn
|move|p1a: Goodra|Gyro Ball|p2a: Skeledirge
|-resisted|p2a: Skeledirge
|-damage|p2a: Skeledirge|78/100
|
|-weather|RainDance|[upkeep]
|-heal|p2a: Skeledirge|84/100|[from] item: Leftovers
|-heal|p1a: Goodra|49/100 brn|[from] item: Leftovers
|-damage|p1a: Goodra|43/100 brn|[from] brn
|upkeep
|turn|15
|
|t:|1769329912
|move|p2a: Skeledirge|Hex|p1a: Goodra
|-damage|p1a: Goodra|8/100 brn
|move|p1a: Goodra|Dragon Tail|p2a: Skeledirge
|-damage|p2a: Skeledirge|72/100
|drag|p2a: Ludicolo|Ludicolo, F|100/100
|
|-weather|RainDance|[upkeep]
|-heal|p1a: Goodra|14/100 brn|[from] item: Leftovers
|-damage|p1a: Goodra|8/100 brn|[from] brn
|upkeep
|turn|16
|
|t:|1769329923
|move|p2a: Ludicolo|Ice Beam|p1a: Goodra
|-damage|p1a: Goodra|0 fnt
|faint|p1a: Goodra
|-damage|p2a: Ludicolo|91/100|[from] item: Life Orb
|
|-weather|RainDance|[upkeep]
|upkeep
|
|t:|1769329931
|switch|p1a: Regidrago|Regidrago|100/100
|turn|17
|
|t:|1769329936
|-terastallize|p1a: Regidrago|Dragon
|move|p2a: Ludicolo|Ice Beam|p1a: Regidrago
|-supereffective|p1a: Regidrago
|-damage|p1a: Regidrago|22/100
|-status|p1a: Regidrago|frz
|-damage|p2a: Ludicolo|81/100|[from] item: Life Orb
|-curestatus|p1a: Regidrago|frz|[msg]
|move|p1a: Regidrago|Dragon Energy|p2a: Ludicolo
|-damage|p2a: Ludicolo|48/100
|
|-weather|RainDance|[upkeep]
|upkeep
|turn|18
|
|t:|1769329949
|switch|p1a: Raging Bolt|Raging Bolt|100/100
|-enditem|p1a: Raging Bolt|Booster Energy
|-activate|p1a: Raging Bolt|ability: Protosynthesis|[fromitem]
|-start|p1a: Raging Bolt|protosynthesisspa
|move|p2a: Ludicolo|Ice Beam|p1a: Raging Bolt
|-supereffective|p1a: Raging Bolt
|-damage|p1a: Raging Bolt|44/100
|-damage|p2a: Ludicolo|38/100|[from] item: Life Orb
|
|-weather|none
|upkeep
|turn|19
|
|t:|1769329961
|switch|p2a: Pelipper|Pelipper, M|100/100
|-weather|RainDance|[from] ability: Drizzle|[of] p2a: Pelipper
|move|p1a: Raging Bolt|Thunderbolt|p2a: Pelipper
|-supereffective|p2a: Pelipper
|-crit|p2a: Pelipper
|-damage|p2a: Pelipper|0 fnt
|faint|p2a: Pelipper
|
|-weather|RainDance|[upkeep]
|upkeep
|
|t:|1769329971
|switch|p2a: Ludicolo|Ludicolo, F|38/100
|turn|20
|
|t:|1769329975
|move|p1a: Raging Bolt|Thunderclap|p2a: Ludicolo
|-damage|p2a: Ludicolo|0 fnt
|faint|p2a: Ludicolo
|
|-weather|RainDance|[upkeep]
|upkeep
|
|t:|1769329981
|switch|p2a: Landorus|Landorus-Therian, M, tera:Ice|100/100
|-ability|p2a: Landorus|Intimidate|boost
|-unboost|p1a: Raging Bolt|atk|1
|turn|21
|
|t:|1769329985
|move|p1a: Raging Bolt|Thunderclap|p2a: Landorus
|-damage|p2a: Landorus|34/100
|move|p2a: Landorus|Tera Blast|p1a: Raging Bolt|[anim] Tera Blast Ice
|-supereffective|p1a: Raging Bolt
|-damage|p1a: Raging Bolt|0 fnt
|faint|p1a: Raging Bolt
|-end|p1a: Raging Bolt|Protosynthesis|[silent]
|
|-weather|RainDance|[upkeep]
|upkeep
|
|t:|1769329997
|switch|p1a: Dragonite|Dragonite, M|100/100
|turn|22
|
|t:|1769330001
|switch|p2a: Skeledirge|Skeledirge, M|72/100
|move|p1a: Dragonite|Extreme Speed|p2a: Skeledirge
|-immune|p2a: Skeledirge
|
|-weather|RainDance|[upkeep]
|-heal|p2a: Skeledirge|78/100|[from] item: Leftovers
|upkeep
|turn|23
|
|t:|1769330011
|switch|p1a: Noivern|Noivern, M|100/100
|move|p2a: Skeledirge|Will-O-Wisp|p1a: Noivern
|-status|p1a: Noivern|brn
|
|-weather|RainDance|[upkeep]
|-heal|p2a: Skeledirge|84/100|[from] item: Leftovers
|-damage|p1a: Noivern|94/100 brn|[from] brn
|upkeep
|turn|24
|
|t:|1769330020
|move|p1a: Noivern|Switcheroo|p2a: Skeledirge
|-activate|p1a: Noivern|move: Trick|[of] p2a: Skeledirge
|-item|p2a: Skeledirge|Choice Scarf|[from] move: Switcheroo
|-item|p1a: Noivern|Leftovers|[from] move: Switcheroo
|move|p2a: Skeledirge|Torch Song|p1a: Noivern
|-resisted|p1a: Noivern
|-damage|p1a: Noivern|86/100 brn
|-boost|p2a: Skeledirge|spa|1
|
|-weather|RainDance|[upkeep]
|-heal|p1a: Noivern|92/100 brn|[from] item: Leftovers
|-damage|p1a: Noivern|86/100 brn|[from] brn
|upkeep
|turn|25
|
|t:|1769330035
|move|p1a: Noivern|Tailwind|p1a: Noivern
|-sidestart|p1: The Dragon Lair|move: Tailwind
|move|p2a: Skeledirge|Torch Song|p1a: Noivern
|-resisted|p1a: Noivern
|-damage|p1a: Noivern|74/100 brn
|-boost|p2a: Skeledirge|spa|1
|
|-weather|RainDance|[upkeep]
|-heal|p1a: Noivern|80/100 brn|[from] item: Leftovers
|-damage|p1a: Noivern|74/100 brn|[from] brn
|upkeep
|turn|26
|
|t:|1769330050
|move|p1a: Noivern|Switcheroo|p2a: Skeledirge
|-activate|p1a: Noivern|move: Trick|[of] p2a: Skeledirge
|-item|p2a: Skeledirge|Leftovers|[from] move: Switcheroo
|-item|p1a: Noivern|Choice Scarf|[from] move: Switcheroo
|move|p2a: Skeledirge|Torch Song|p1a: Noivern
|-resisted|p1a: Noivern
|-damage|p1a: Noivern|59/100 brn
|-boost|p2a: Skeledirge|spa|1
|
|-weather|none
|-heal|p2a: Skeledirge|90/100|[from] item: Leftovers
|-damage|p1a: Noivern|53/100 brn|[from] brn
|upkeep
|turn|27
|
|t:|1769330065
|switch|p1a: Dragonite|Dragonite, M|100/100
|move|p2a: Skeledirge|Hex|p1a: Dragonite
|-damage|p1a: Dragonite|31/100
|
|-heal|p2a: Skeledirge|96/100|[from] item: Leftovers
|upkeep
|turn|28
|
|t:|1769330075
|move|p1a: Dragonite|Earthquake|p2a: Skeledirge
|-supereffective|p2a: Skeledirge
|-damage|p2a: Skeledirge|32/100
|move|p2a: Skeledirge|Torch Song|p1a: Dragonite
|-resisted|p1a: Dragonite
|-damage|p1a: Dragonite|0 fnt
|-boost|p2a: Skeledirge|spa|1
|faint|p1a: Dragonite
|
|-heal|p2a: Skeledirge|38/100|[from] item: Leftovers
|-sideend|p1: The Dragon Lair|move: Tailwind
|upkeep
|
|t:|1769330088
|switch|p1a: Regidrago|Regidrago, tera:Dragon|22/100
|turn|29
|
|t:|1769330092
|move|p1a: Regidrago|Dragon Pulse|p2a: Skeledirge
|-damage|p2a: Skeledirge|0 fnt
|faint|p2a: Skeledirge
|
|upkeep
|
|t:|1769330097
|switch|p2a: Landorus|Landorus-Therian, M, tera:Ice|34/100
|-ability|p2a: Landorus|Intimidate|boost
|-unboost|p1a: Regidrago|atk|1
|turn|30
|
|t:|1769330102
|switch|p1a: Noivern|Noivern, M|53/100 brn
|move|p2a: Landorus|Tera Blast|p1a: Noivern|[anim] Tera Blast Ice
|-supereffective|p1a: Noivern
|-damage|p1a: Noivern|0 fnt
|faint|p1a: Noivern
|
|upkeep
|
|t:|1769330110
|switch|p1a: Regidrago|Regidrago, tera:Dragon|22/100
|turn|31
|
|t:|1769330114
|move|p2a: Landorus|Tera Blast|p1a: Regidrago|[anim] Tera Blast Ice
|-supereffective|p1a: Regidrago
|-damage|p1a: Regidrago|0 fnt
|faint|p1a: Regidrago
|
|win|yzklsn
|raw|The Dragon Lair's rating: 1253 &rarr; <strong>1223</strong><br />(-30 for losing)
|raw|yzklsn's rating: 1176 &rarr; <strong>1206</strong><br />(+30 for winning)
|l|☆yzklsn
|player|p2|
|l|☆The Dragon Lair
|player|p1|
