|j|☆Dante1310
|j|☆CambridgeFoulPlay
|t:|1769332029
|gametype|singles
|player|p1|Dante1310|brycenman|1645
|player|p2|CambridgeFoulPlay|266|1664
|gen|9
|tier|[Gen 9] OU
|rated|
|rule|HP Percentage Mod: HP is shown in percentages
|rule|Endless Battle Clause: Forcing endless battles is banned
|rule|Species Clause: Limit one of each Pokémon
|rule|OHKO Clause: OHKO moves are banned
|rule|Evasion Items Clause: Evasion items are banned
|rule|Evasion Moves Clause: Evasion moves are banned
|rule|Evasion Abilities Clause: Evasion abilities are banned
|rule|Sleep Moves Clause: Sleep-inducing moves are banned
|clearpoke
|poke|p1|Ogerpon-Cornerstone, F|
|poke|p1|Hatterene, F|
|poke|p1|Zapdos|
|poke|p1|Kingambit, F|
|poke|p1|Iron Treads|
|poke|p1|Okidogi, M|
|poke|p2|Hydrapple, M|
|poke|p2|Tyranitar, F|
|poke|p2|Moltres|
|poke|p2|Zamazenta-*|
|poke|p2|Slowking-Galar, M|
|poke|p2|Excadrill, F|
|teampreview
|c|☆CambridgeFoulPlay|hf
|inactive|Battle timer is ON: inactive players will automatically lose when time's up. (requested by CambridgeFoulPlay)
|
|t:|1769332042
|teamsize|p1|6
|teamsize|p2|6
|start
|switch|p1a: Okidogi|Okidogi, M|100/100
|switch|p2a: Slowking|Slowking-Galar, M|100/100
|turn|1
|
|t:|1769332044
|move|p1a: Okidogi|Knock Off|p2a: Slowking
|-supereffective|p2a: Slowking
|-damage|p2a: Slowking|43/100
|-enditem|p2a: Slowking|Assault Vest|[from] move: Knock Off|[of] p1a: Okidogi
|move|p2a: Slowking|Psyshock|p1a: Okidogi
|-supereffective|p1a: Okidogi
|-damage|p1a: Okidogi|0 fnt
|faint|p1a: Okidogi
|
|upkeep
|
|t:|1769332051
|switch|p1a: Iron Treads|Iron Treads|100/100
|-item|p1a: Iron Treads|Air Balloon
|turn|2
|
|t:|1769332055
|switch|p2a: Moltres|Moltres|100/100
|move|p1a: Iron Treads|Stealth Rock|p2a: Moltres
|-sidestart|p2: CambridgeFoulPlay|move: Stealth Rock
|
|upkeep
|turn|3
|
|t:|1769332060
|-end|p1a: Iron Treads|Quark Drive|[silent]
|switch|p1a: Zapdos|Zapdos|100/100
|move|p2a: Moltres|Flamethrower|p1a: Zapdos
|-damage|p1a: Zapdos|67/100
|
|upkeep
|turn|4
|
|t:|1769332064
|switch|p2a: Excadrill|Excadrill, F|100/100
|-damage|p2a: Excadrill|97/100|[from] Stealth Rock
|-item|p2a: Excadrill|Air Balloon
|move|p1a: Zapdos|Discharge|p2a: Excadrill
|-immune|p2a: Excadrill
|
|upkeep
|turn|5
|
|t:|1769332070
|switch|p1a: Hatterene|Hatterene, F|100/100
|move|p2a: Excadrill|Rapid Spin|p1a: Hatterene
|-damage|p1a: Hatterene|85/100
|-boost|p2a: Excadrill|spe|1
|-damage|p2a: Excadrill|81/100|[from] item: Rocky Helmet|[of] p1a: Hatterene
|-sideend|p2: CambridgeFoulPlay|Stealth Rock|[from] move: Rapid Spin|[of] p2a: Excadrill
|
|upkeep
|turn|6
|
|t:|1769332077
|move|p2a: Excadrill|Iron Head|p1a: Hatterene
|-supereffective|p1a: Hatterene
|-damage|p1a: Hatterene|17/100
|-damage|p2a: Excadrill|64/100|[from] item: Rocky Helmet|[of] p1a: Hatterene
|cant|p1a: Hatterene|flinch
|
|upkeep
|turn|7
|
|t:|1769332082
|move|p2a: Excadrill|Swords Dance|p2a: Excadrill
|-boost|p2a: Excadrill|atk|2
|move|p1a: Hatterene|Psychic Noise|p2a: Excadrill
|-resisted|p2a: Excadrill
|-damage|p2a: Excadrill|43/100
|-start|p2a: Excadrill|move: Heal Block
|-enditem|p2a: Excadrill|Air Balloon
|
|upkeep
|turn|8
|
|t:|1769332085
|move|p2a: Excadrill|Iron Head|p1a: Hatterene
|-supereffective|p1a: Hatterene
|-damage|p1a: Hatterene|0 fnt
|-damage|p2a: Excadrill|27/100|[from] item: Rocky Helmet|[of] p1a: Hatterene
|faint|p1a: Hatterene
|
|-end|p2a: Excadrill|move: Heal Block
|upkeep
|
|t:|1769332088
|switch|p1a: Kingambit|Kingambit, F|100/100
|-activate|p1a: Kingambit|ability: Supreme Overlord
|-start|p1a: Kingambit|fallen2|[silent]
|turn|9
|
|t:|1769332090
|switch|p2a: Zamazenta|Zamazenta|100/100
|-ability|p2a: Zamazenta|Dauntless Shield|boost
|-boost|p2a: Zamazenta|def|1
|move|p1a: Kingambit|Sucker Punch||[still]
|-fail|p1a: Kingambit
|
|upkeep
|turn|10
|
|t:|1769332093
|-end|p1a: Kingambit|fallen2|[silent]
|switch|p1a: Zapdos|Zapdos|67/100
|move|p2a: Zamazenta|Roar|p1a: Zapdos
|drag|p1a: Kingambit|Kingambit, F|100/100
|-activate|p1a: Kingambit|ability: Supreme Overlord
|-start|p1a: Kingambit|fallen2|[silent]
|
|upkeep
|turn|11
|
|t:|1769332096
|-end|p1a: Kingambit|fallen2|[silent]
|switch|p1a: Zapdos|Zapdos|67/100
|move|p2a: Zamazenta|Roar|p1a: Zapdos
|drag|p1a: Kingambit|Kingambit, F|100/100
|-activate|p1a: Kingambit|ability: Supreme Overlord
|-start|p1a: Kingambit|fallen2|[silent]
|
|upkeep
|turn|12
|
|t:|1769332098
|-end|p1a: Kingambit|fallen2|[silent]
|switch|p1a: Zapdos|Zapdos|67/100
|move|p2a: Zamazenta|Roar|p1a: Zapdos
|drag|p1a: Kingambit|Kingambit, F|100/100
|-activate|p1a: Kingambit|ability: Supreme Overlord
|-start|p1a: Kingambit|fallen2|[silent]
|
|upkeep
|turn|13
|
|t:|1769332101
|-end|p1a: Kingambit|fallen2|[silent]
|switch|p1a: Zapdos|Zapdos|67/100
|move|p2a: Zamazenta|Roar|p1a: Zapdos
|drag|p1a: Iron Treads|Iron Treads|100/100
|-item|p1a: Iron Treads|Air Balloon
|
|upkeep
|turn|14
|
|t:|1769332103
|-end|p1a: Iron Treads|Quark Drive|[silent]
|switch|p1a: Kingambit|Kingambit, F|100/100
|-activate|p1a: Kingambit|ability: Supreme Overlord
|-start|p1a: Kingambit|fallen2|[silent]
|move|p2a: Zamazenta|Roar|p1a: Kingambit
|-end|p1a: Kingambit|fallen2|[silent]
|drag|p1a: Ogerpon|Ogerpon-Cornerstone, F|100/100
|
|upkeep
|turn|15
|
|t:|1769332106
|switch|p1a: Zapdos|Zapdos|67/100
|move|p2a: Zamazenta|Roar|p1a: Zapdos
|drag|p1a: Kingambit|Kingambit, F|100/100
|-activate|p1a: Kingambit|ability: Supreme Overlord
|-start|p1a: Kingambit|fallen2|[silent]
|
|upkeep
|turn|16
|
|t:|1769332108
|-end|p1a: Kingambit|fallen2|[silent]
|switch|p1a: Zapdos|Zapdos|67/100
|move|p2a: Zamazenta|Roar|p1a: Zapdos
|drag|p1a: Kingambit|Kingambit, F|100/100
|-activate|p1a: Kingambit|ability: Supreme Overlord
|-start|p1a: Kingambit|fallen2|[silent]
|
|upkeep
|turn|17
|
|t:|1769332111
|-end|p1a: Kingambit|fallen2|[silent]
|switch|p1a: Zapdos|Zapdos|67/100
|move|p2a: Zamazenta|Roar|p1a: Zapdos
|drag|p1a: Iron Treads|Iron Treads|100/100
|-item|p1a: Iron Treads|Air Balloon
|
|upkeep
|turn|18
|
|t:|1769332113
|-end|p1a: Iron Treads|Quark Drive|[silent]
|switch|p1a: Zapdos|Zapdos|67/100
|move|p2a: Zamazenta|Roar|p1a: Zapdos
|drag|p1a: Ogerpon|Ogerpon-Cornerstone, F|100/100
|
|upkeep
|turn|19
|
|t:|1769332116
|switch|p1a: Zapdos|Zapdos|67/100
|move|p2a: Zamazenta|Roar|p1a: Zapdos
|drag|p1a: Ogerpon|Ogerpon-Cornerstone, F|100/100
|
|upkeep
|turn|20
|
|t:|1769332119
|switch|p1a: Zapdos|Zapdos|67/100
|move|p2a: Zamazenta|Roar|p1a: Zapdos
|drag|p1a: Ogerpon|Ogerpon-Cornerstone, F|100/100
|
|upkeep
|turn|21
|
|t:|1769332121
|switch|p1a: Zapdos|Zapdos|67/100
|move|p2a: Zamazenta|Roar|p1a: Zapdos
|drag|p1a: Iron Treads|Iron Treads|100/100
|-item|p1a: Iron Treads|Air Balloon
|
|upkeep
|turn|22
|
|t:|1769332123
|-end|p1a: Iron Treads|Quark Drive|[silent]
|switch|p1a: Zapdos|Zapdos|67/100
|move|p2a: Zamazenta|Roar|p1a: Zapdos
|drag|p1a: Kingambit|Kingambit, F|100/100
|-activate|p1a: Kingambit|ability: Supreme Overlord
|-start|p1a: Kingambit|fallen2|[silent]
|
|upkeep
|turn|23
|
|t:|1769332126
|-end|p1a: Kingambit|fallen2|[silent]
|switch|p1a: Zapdos|Zapdos|67/100
|move|p2a: Zamazenta|Roar|p1a: Zapdos
|drag|p1a: Iron Treads|Iron Treads|100/100
|-item|p1a: Iron Treads|Air Balloon
|
|upkeep
|turn|24
|
|t:|1769332129
|move|p1a: Iron Treads|Stealth Rock|p2a: Zamazenta
|-sidestart|p2: CambridgeFoulPlay|move: Stealth Rock
|move|p2a: Zamazenta|Roar|p1a: Iron Treads
|-end|p1a: Iron Treads|Quark Drive|[silent]
|drag|p1a: Ogerpon|Ogerpon-Cornerstone, F|100/100
|
|upkeep
|turn|25
|
|t:|1769332131
|switch|p1a: Zapdos|Zapdos|67/100
|move|p2a: Zamazenta|Roar|p1a: Zapdos
|drag|p1a: Kingambit|Kingambit, F|100/100
|-activate|p1a: Kingambit|ability: Supreme Overlord
|-start|p1a: Kingambit|fallen2|[silent]
|
|upkeep
|turn|26
|
|t:|1769332134
|-end|p1a: Kingambit|fallen2|[silent]
|switch|p1a: Zapdos|Zapdos|67/100
|move|p2a: Zamazenta|Roar|p1a: Zapdos
|drag|p1a: Iron Treads|Iron Treads|100/100
|-item|p1a: Iron Treads|Air Balloon
|
|upkeep
|turn|27
|
|t:|1769332136
|-end|p1a: Iron Treads|Quark Drive|[silent]
|switch|p1a: Zapdos|Zapdos|67/100
|move|p2a: Zamazenta|Roar|p1a: Zapdos
|drag|p1a: Kingambit|Kingambit, F|100/100
|-activate|p1a: Kingambit|ability: Supreme Overlord
|-start|p1a: Kingambit|fallen2|[silent]
|
|upkeep
|turn|28
|
|t:|1769332138
|-end|p1a: Kingambit|fallen2|[silent]
|switch|p1a: Zapdos|Zapdos|67/100
|move|p2a: Zamazenta|Roar|p1a: Zapdos
|drag|p1a: Iron Treads|Iron Treads|100/100
|-item|p1a: Iron Treads|Air Balloon
|
|upkeep
|turn|29
|
|t:|1769332141
|-end|p1a: Iron Treads|Quark Drive|[silent]
|switch|p1a: Zapdos|Zapdos|67/100
|move|p2a: Zamazenta|Roar|p1a: Zapdos
|drag|p1a: Ogerpon|Ogerpon-Cornerstone, F|100/100
|
|upkeep
|turn|30
|
|t:|1769332144
|switch|p1a: Zapdos|Zapdos|67/100
|move|p2a: Zamazenta|Roar|p1a: Zapdos
|drag|p1a: Iron Treads|Iron Treads|100/100
|-item|p1a: Iron Treads|Air Balloon
|
|upkeep
|turn|31
|
|t:|1769332146
|-end|p1a: Iron Treads|Quark Drive|[silent]
|switch|p1a: Zapdos|Zapdos|67/100
|move|p2a: Zamazenta|Roar|p1a: Zapdos
|drag|p1a: Kingambit|Kingambit, F|100/100
|-activate|p1a: Kingambit|ability: Supreme Overlord
|-start|p1a: Kingambit|fallen2|[silent]
|
|upkeep
|turn|32
|
|t:|1769332149
|-end|p1a: Kingambit|fallen2|[silent]
|switch|p1a: Zapdos|Zapdos|67/100
|move|p2a: Zamazenta|Roar|p1a: Zapdos
|drag|p1a: Ogerpon|Ogerpon-Cornerstone, F|100/100
|
|upkeep
|turn|33
|
|t:|1769332151
|switch|p1a: Zapdos|Zapdos|67/100
|move|p2a: Zamazenta|Roar|p1a: Zapdos
|drag|p1a: Iron Treads|Iron Treads|100/100
|-item|p1a: Iron Treads|Air Balloon
|
|upkeep
|turn|34
|
|t:|1769332154
|-end|p1a: Iron Treads|Quark Drive|[silent]
|switch|p1a: Zapdos|Zapdos|67/100
|move|p2a: Zamazenta|Roar|p1a: Zapdos
|drag|p1a: Ogerpon|Ogerpon-Cornerstone, F|100/100
|
|upkeep
|turn|35
|
|t:|1769332158
|switch|p1a: Zapdos|Zapdos|67/100
|move|p2a: Zamazenta|Roar|p1a: Zapdos
|drag|p1a: Kingambit|Kingambit, F|100/100
|-activate|p1a: Kingambit|ability: Supreme Overlord
|-start|p1a: Kingambit|fallen2|[silent]
|
|upkeep
|turn|36
|
|t:|1769332168
|-terastallize|p1a: Kingambit|Ghost
|move|p1a: Kingambit|Iron Head|p2a: Zamazenta
|-damage|p2a: Zamazenta|72/100
|move|p2a: Zamazenta|Roar|p1a: Kingambit
|-end|p1a: Kingambit|fallen2|[silent]
|drag|p1a: Iron Treads|Iron Treads|100/100
|-item|p1a: Iron Treads|Air Balloon
|
|-heal|p2a: Zamazenta|79/100|[from] item: Leftovers
|upkeep
|turn|37
|
|t:|1769332172
|-end|p1a: Iron Treads|Quark Drive|[silent]
|switch|p1a: Zapdos|Zapdos|67/100
|move|p2a: Zamazenta|Roar|p1a: Zapdos
|drag|p1a: Kingambit|Kingambit, F, tera:Ghost|100/100
|-activate|p1a: Kingambit|ability: Supreme Overlord
|-start|p1a: Kingambit|fallen2|[silent]
|
|-heal|p2a: Zamazenta|85/100|[from] item: Leftovers
|upkeep
|turn|38
|
|t:|1769332177
|-end|p1a: Kingambit|fallen2|[silent]
|switch|p1a: Zapdos|Zapdos|67/100
|move|p2a: Zamazenta|Roar|p1a: Zapdos
|drag|p1a: Ogerpon|Ogerpon-Cornerstone, F|100/100
|
|-heal|p2a: Zamazenta|91/100|[from] item: Leftovers
|upkeep
|turn|39
|
|t:|1769332180
|switch|p1a: Zapdos|Zapdos|67/100
|move|p2a: Zamazenta|Roar|p1a: Zapdos
|drag|p1a: Kingambit|Kingambit, F, tera:Ghost|100/100
|-activate|p1a: Kingambit|ability: Supreme Overlord
|-start|p1a: Kingambit|fallen2|[silent]
|
|-heal|p2a: Zamazenta|97/100|[from] item: Leftovers
|upkeep
|turn|40
|j| quicka
|
|t:|1769332182
|-end|p1a: Kingambit|fallen2|[silent]
|switch|p1a: Zapdos|Zapdos|67/100
|move|p2a: Zamazenta|Roar|p1a: Zapdos
|drag|p1a: Ogerpon|Ogerpon-Cornerstone, F|100/100
|
|-heal|p2a: Zamazenta|100/100|[from] item: Leftovers
|upkeep
|turn|41
|
|t:|1769332186
|switch|p1a: Zapdos|Zapdos|67/100
|move|p2a: Zamazenta|Roar|p1a: Zapdos
|drag|p1a: Iron Treads|Iron Treads|100/100
|-item|p1a: Iron Treads|Air Balloon
|
|upkeep
|turn|42
|
|t:|1769332188
|switch|p2a: Slowking|Slowking-Galar, M|76/100
|-damage|p2a: Slowking|64/100|[from] Stealth Rock
|-end|p1a: Iron Treads|Quark Drive|[silent]
|switch|p1a: Zapdos|Zapdos|67/100
|
|upkeep
|turn|43
|
|t:|1769332191
|move|p1a: Zapdos|Roost|p1a: Zapdos
|-heal|p1a: Zapdos|100/100
|-singleturn|p1a: Zapdos|move: Roost
|move|p2a: Slowking|Sludge Bomb|p1a: Zapdos
|-damage|p1a: Zapdos|67/100
|-status|p1a: Zapdos|psn
|
|-damage|p1a: Zapdos|55/100 psn|[from] psn
|upkeep
|turn|44
|
|t:|1769332195
|switch|p2a: Moltres|Moltres|100/100
|move|p1a: Zapdos|Roost|p1a: Zapdos
|-heal|p1a: Zapdos|100/100 psn
|-singleturn|p1a: Zapdos|move: Roost
|
|-damage|p1a: Zapdos|88/100 psn|[from] psn
|upkeep
|turn|45
|
|t:|1769332198
|switch|p2a: Excadrill|Excadrill, F|27/100
|-damage|p2a: Excadrill|23/100|[from] Stealth Rock
|move|p1a: Zapdos|Discharge|p2a: Excadrill
|-immune|p2a: Excadrill
|
|-damage|p1a: Zapdos|76/100 psn|[from] psn
|upkeep
|turn|46
|
|t:|1769332201
|switch|p1a: Kingambit|Kingambit, F, tera:Ghost|100/100
|-activate|p1a: Kingambit|ability: Supreme Overlord
|-start|p1a: Kingambit|fallen2|[silent]
|move|p2a: Excadrill|Earthquake|p1a: Kingambit
|-damage|p1a: Kingambit|59/100
|
|-heal|p1a: Kingambit|65/100|[from] item: Leftovers
|upkeep
|turn|47
|
|t:|1769332210
|switch|p2a: Moltres|Moltres|100/100
|move|p1a: Kingambit|Swords Dance|p1a: Kingambit
|-boost|p1a: Kingambit|atk|2
|
|-heal|p1a: Kingambit|71/100|[from] item: Leftovers
|upkeep
|turn|48
|
|t:|1769332215
|-end|p1a: Kingambit|fallen2|[silent]
|switch|p1a: Zapdos|Zapdos|76/100 psn
|move|p2a: Moltres|Flamethrower|p1a: Zapdos
|-damage|p1a: Zapdos|38/100 psn
|
|-damage|p1a: Zapdos|26/100 psn|[from] psn
|upkeep
|turn|49
|
|t:|1769332218
|switch|p1a: Ogerpon|Ogerpon-Cornerstone, F|100/100
|move|p2a: Moltres|Flamethrower|p1a: Ogerpon
|-damage|p1a: Ogerpon|57/100
|
|upkeep
|turn|50
|
|t:|1769332221
|switch|p2a: Zamazenta|Zamazenta|100/100
|-damage|p2a: Zamazenta|94/100|[from] Stealth Rock
|move|p1a: Ogerpon|Swords Dance|p1a: Ogerpon
|-boost|p1a: Ogerpon|atk|2
|
|-heal|p2a: Zamazenta|100/100|[from] item: Leftovers
|upkeep
|turn|51
|
|t:|1769332226
|switch|p1a: Zapdos|Zapdos|26/100 psn
|move|p2a: Zamazenta|Body Press|p1a: Zapdos
|-resisted|p1a: Zapdos
|-damage|p1a: Zapdos|13/100 psn
|
|-damage|p1a: Zapdos|0 fnt|[from] psn
|faint|p1a: Zapdos
|upkeep
|
|t:|1769332231
|switch|p1a: Kingambit|Kingambit, F, tera:Ghost|71/100
|-activate|p1a: Kingambit|ability: Supreme Overlord
|-start|p1a: Kingambit|fallen3|[silent]
|turn|52
|
|t:|1769332232
|move|p2a: Zamazenta|Crunch|p1a: Kingambit
|-supereffective|p1a: Kingambit
|-crit|p1a: Kingambit
|-damage|p1a: Kingambit|16/100
|move|p1a: Kingambit|Swords Dance|p1a: Kingambit
|-boost|p1a: Kingambit|atk|2
|
|-heal|p1a: Kingambit|23/100|[from] item: Leftovers
|upkeep
|turn|53
|
|t:|1769332238
|move|p1a: Kingambit|Sucker Punch|p2a: Zamazenta
|-resisted|p2a: Zamazenta
|-damage|p2a: Zamazenta|60/100
|move|p2a: Zamazenta|Crunch|p1a: Kingambit
|-supereffective|p1a: Kingambit
|-damage|p1a: Kingambit|0 fnt
|faint|p1a: Kingambit
|-end|p1a: Kingambit|fallen3|[silent]
|
|-heal|p2a: Zamazenta|67/100|[from] item: Leftovers
|upkeep
|
|t:|1769332241
|switch|p1a: Ogerpon|Ogerpon-Cornerstone, F|57/100
|turn|54
|
|t:|1769332243
|move|p2a: Zamazenta|Body Press|p1a: Ogerpon
|-supereffective|p1a: Ogerpon
|-damage|p1a: Ogerpon|0 fnt
|faint|p1a: Ogerpon
|
|-heal|p2a: Zamazenta|73/100|[from] item: Leftovers
|upkeep
|-message|Dante1310 forfeited.
|
|win|CambridgeFoulPlay
|raw|Dante1310's rating: 1645 &rarr; <strong>1626</strong><br />(-19 for losing)
|raw|CambridgeFoulPlay's rating: 1664 &rarr; <strong>1683</strong><br />(+19 for winning)
|c|☆CambridgeFoulPlay|gg
|l|☆Dante1310
|player|p1|
|l|☆CambridgeFoulPlay
|player|p2|
|l| quicka
