|j|☆zarud
|j|☆Severrance.
|t:|1769328049
|gametype|singles
|player|p1|zarud|101|1073
|player|p2|Severrance.|crasherwake|1073
|gen|9
|tier|[Gen 9] OU
|rated|
|rule|HP Percentage Mod: HP is shown in percentages
|rule|Endless Battle Clause: Forcing endless battles is banned
|rule|Species Clause: Limit one of each Pokémon
|rule|OHKO Clause: OHKO moves are banned
|rule|Evasion Items Clause: Evasion items are banned
|rule|Evasion Moves Clause: Evasion moves are banned
|rule|Evasion Abilities Clause: Evasion abilities are banned
|rule|Sleep Moves Clause: Sleep-inducing moves are banned
|clearpoke
|poke|p1|Greninja-*, M|
|poke|p1|Gengar, F|
|poke|p1|Garchomp, M|
|poke|p1|Chandelure, F|
|poke|p1|Dragonite, M|
|poke|p1|Zarude|
|poke|p2|Slowking, F|
|poke|p2|Salamence, F|
|poke|p2|Volbeat, M|
|poke|p2|Alomomola, F|
|poke|p2|Glimmora, F|
|poke|p2|Quagsire, F|
|teampreview
|inactive|Battle timer is ON: inactive players will automatically lose when time's up. (requested by Severrance.)
|
|t:|1769328075
|teamsize|p1|6
|teamsize|p2|6
|start
|switch|p1a: Dragonite|Dragonite, M|100/100
|switch|p2a: Salamence|Salamence, F|100/100
|-ability|p2a: Salamence|Intimidate|boost
|-fail|p1a: Dragonite|unboost|Attack|[from] ability: Inner Focus|[of] p1a: Dragonite
|turn|1
|
|t:|1769328089
|move|p1a: Dragonite|Dragon Dance|p1a: Dragonite
|-boost|p1a: Dragonite|atk|1
|-boost|p1a: Dragonite|spe|1
|move|p2a: Salamence|Fire Spin|p1a: Dragonite
|-resisted|p1a: Dragonite
|-crit|p1a: Dragonite
|-damage|p1a: Dragonite|94/100
|-activate|p1a: Dragonite|move: Fire Spin|[of] p2a: Salamence
|
|-damage|p1a: Dragonite|77/100|[from] move: Fire Spin|[partiallytrapped]
|upkeep
|turn|2
|
|t:|1769328117
|move|p2a: Salamence|Protect|p2a: Salamence
|-singleturn|p2a: Salamence|Protect
|move|p1a: Dragonite|Dragon Tail|p2a: Salamence
|-activate|p2a: Salamence|move: Protect
|
|-damage|p1a: Dragonite|61/100|[from] move: Fire Spin|[partiallytrapped]
|upkeep
|turn|3
|inactive|zarud has 120 seconds left.
|
|t:|1769328154
|move|p2a: Salamence|Protect|p2a: Salamence
|-singleturn|p2a: Salamence|Protect
|move|p1a: Dragonite|Dragon Dance|p1a: Dragonite
|-boost|p1a: Dragonite|atk|1
|-boost|p1a: Dragonite|spe|1
|
|-damage|p1a: Dragonite|44/100|[from] move: Fire Spin|[partiallytrapped]
|upkeep
|turn|4
|
|t:|1769328171
|switch|p2a: Alomomola|Alomomola, F|100/100
|move|p1a: Dragonite|Dragon Dance|p1a: Dragonite
|-boost|p1a: Dragonite|atk|1
|-boost|p1a: Dragonite|spe|1
|
|-end|p1a: Dragonite|Fire Spin|[partiallytrapped]|[silent]
|upkeep
|turn|5
|
|t:|1769328183
|switch|p2a: Quagsire|Quagsire, F|100/100
|move|p1a: Dragonite|Dragon Tail|p2a: Quagsire
|-damage|p2a: Quagsire|72/100
|drag|p2a: Volbeat|Volbeat, M|100/100
|
|upkeep
|turn|6
|
|t:|1769328209
|move|p2a: Volbeat|Encore|p1a: Dragonite
|-start|p1a: Dragonite|Encore
|move|p1a: Dragonite|Dragon Tail|p2a: Volbeat
|-damage|p2a: Volbeat|5/100
|drag|p2a: Slowking|Slowking, F|100/100
|
|upkeep
|turn|7
|inactive|zarud has 90 seconds left.
|
|t:|1769328229
|switch|p1a: Garchomp|Garchomp, M|100/100
|move|p2a: Slowking|Whirlpool|p1a: Garchomp|[miss]
|-miss|p2a: Slowking|p1a: Garchomp
|
|upkeep
|turn|8
|inactive|zarud has 90 seconds left.
|
|t:|1769328238
|move|p1a: Garchomp|Earthquake|p2a: Slowking
|-damage|p2a: Slowking|66/100
|move|p2a: Slowking|Iron Defense|p2a: Slowking
|-boost|p2a: Slowking|def|2
|
|upkeep
|turn|9
|inactive|zarud has 90 seconds left.
|
|t:|1769328251
|move|p1a: Garchomp|Dragon Claw|p2a: Slowking
|-damage|p2a: Slowking|53/100
|move|p2a: Slowking|Amnesia|p2a: Slowking
|-boost|p2a: Slowking|spd|2
|
|upkeep
|turn|10
|
|t:|1769328261
|move|p1a: Garchomp|Earthquake|p2a: Slowking
|-damage|p2a: Slowking|37/100
|move|p2a: Slowking|Whirlpool|p1a: Garchomp
|-damage|p1a: Garchomp|90/100
|-activate|p1a: Garchomp|move: Whirlpool|[of] p2a: Slowking
|
|-damage|p1a: Garchomp|78/100|[from] move: Whirlpool|[partiallytrapped]
|upkeep
|turn|11
|inactive|zarud has 90 seconds left.
|
|t:|1769328281
|move|p1a: Garchomp|Earthquake|p2a: Slowking
|-damage|p2a: Slowking|20/100
|move|p2a: Slowking|Slack Off|p2a: Slowking
|-heal|p2a: Slowking|70/100
|
|-damage|p1a: Garchomp|66/100|[from] move: Whirlpool|[partiallytrapped]
|upkeep
|turn|12
|inactive|zarud has 90 seconds left.
|
|t:|1769328299
|move|p1a: Garchomp|Stealth Rock|p2a: Slowking
|-sidestart|p2: Severrance.|move: Stealth Rock
|move|p2a: Slowking|Iron Defense|p2a: Slowking
|-boost|p2a: Slowking|def|2
|
|-damage|p1a: Garchomp|54/100|[from] move: Whirlpool|[partiallytrapped]
|upkeep
|turn|13
|
|t:|1769328308
|move|p1a: Garchomp|Earthquake|p2a: Slowking
|-damage|p2a: Slowking|59/100
|move|p2a: Slowking|Iron Defense|p2a: Slowking
|-boost|p2a: Slowking|def|2
|
|-damage|p1a: Garchomp|41/100|[from] move: Whirlpool|[partiallytrapped]
|upkeep
|turn|14
|inactive|zarud has 90 seconds left.
|
|t:|1769328318
|move|p1a: Garchomp|Earthquake|p2a: Slowking
|-damage|p2a: Slowking|50/100
|move|p2a: Slowking|Amnesia|p2a: Slowking
|-boost|p2a: Slowking|spd|2
|
|-damage|p1a: Garchomp|29/100|[from] move: Whirlpool|[partiallytrapped]
|upkeep
|turn|15
|inactive|zarud has 90 seconds left.
|
|t:|1769328331
|move|p1a: Garchomp|Crunch|p2a: Slowking
|-supereffective|p2a: Slowking
|-crit|p2a: Slowking
|-damage|p2a: Slowking|0 fnt
|faint|p2a: Slowking
|
|-end|p1a: Garchomp|Whirlpool|[partiallytrapped]|[silent]
|upkeep
|
|t:|1769328347
|switch|p2a: Quagsire|Quagsire, F|72/100
|-damage|p2a: Quagsire|66/100|[from] Stealth Rock
|turn|16
|
|t:|1769328356
|move|p1a: Garchomp|Crunch|p2a: Quagsire
|-damage|p2a: Quagsire|44/100
|-unboost|p2a: Quagsire|def|1
|move|p2a: Quagsire|Whirlpool|p1a: Garchomp|[miss]
|-miss|p2a: Quagsire|p1a: Garchomp
|
|upkeep
|turn|17
|
|t:|1769328366
|move|p1a: Garchomp|Earthquake|p2a: Quagsire
|-damage|p2a: Quagsire|0 fnt
|faint|p2a: Quagsire
|
|upkeep
|-message|Severrance. forfeited.
|
|win|zarud
|raw|zarud's rating: 1073 &rarr; <strong>1102</strong><br />(+29 for winning)
|raw|Severrance.'s rating: 1073 &rarr; <strong>1052</strong><br />(-21 for losing)
|l|☆Severrance.
|player|p2|
|l|☆zarud
|player|p1|
