|j|☆Bug on my buzz
|j|☆OUFR Noob
|t:|1769370981
|gametype|singles
|player|p1|Bug on my buzz|kieran|1219
|player|p2|OUFR Noob|170|1269
|gen|9
|tier|[Gen 9] OU
|rated|
|rule|HP Percentage Mod: HP is shown in percentages
|rule|Endless Battle Clause: Forcing endless battles is banned
|rule|Species Clause: Limit one of each Pokémon
|rule|OHKO Clause: OHKO moves are banned
|rule|Evasion Items Clause: Evasion items are banned
|rule|Evasion Moves Clause: Evasion moves are banned
|rule|Evasion Abilities Clause: Evasion abilities are banned
|rule|Sleep Moves Clause: Sleep-inducing moves are banned
|clearpoke
|poke|p1|Venomoth, M|
|poke|p1|Araquanid, M|
|poke|p1|Gholdengo|
|poke|p1|Sinistcha|
|poke|p1|Darkrai|
|poke|p1|Iron Valiant|
|poke|p2|Great Tusk|
|poke|p2|Pecharunt|
|poke|p2|Iron Valiant|
|poke|p2|Iron Crown|
|poke|p2|Samurott-Hisui, M|
|poke|p2|Moltres|
|teampreview
|
|t:|1769370991
|teamsize|p1|6
|teamsize|p2|6
|start
|switch|p1a: Araquanid|Araquanid, M, shiny|100/100
|switch|p2a: Samurott|Samurott-Hisui, M, shiny|100/100
|turn|1
|
|t:|1769370993
|move|p2a: Samurott|Ceaseless Edge|p1a: Araquanid
|-damage|p1a: Araquanid|31/100
|-sidestart|p1: Bug on my buzz|Spikes
|move|p1a: Araquanid|Leech Life|p2a: Samurott
|-supereffective|p2a: Samurott
|-damage|p2a: Samurott|31/100
|-heal|p1a: Araquanid|66/100|[from] drain|[of] p2a: Samurott
|
|upkeep
|turn|2
|
|t:|1769370998
|move|p2a: Samurott|Ceaseless Edge|p1a: Araquanid
|-damage|p1a: Araquanid|3/100
|-sidestart|p1: Bug on my buzz|Spikes
|move|p1a: Araquanid|Sticky Web|p2a: Samurott
|-sidestart|p2: OUFR Noob|move: Sticky Web
|
|upkeep
|turn|3
|
|t:|1769371002
|move|p2a: Samurott|Flip Turn|p1a: Araquanid
|-resisted|p1a: Araquanid
|-damage|p1a: Araquanid|0 fnt
|faint|p1a: Araquanid
|
|t:|1769371005
|switch|p2a: Great Tusk|Great Tusk|100/100|[from] Flip Turn
|
|upkeep
|
|t:|1769371011
|switch|p1a: Sinistcha|Sinistcha, shiny|100/100
|-damage|p1a: Sinistcha|84/100|[from] Spikes
|turn|4
|
|t:|1769371023
|-end|p2a: Great Tusk|Protosynthesis|[silent]
|switch|p2a: Moltres|Moltres|100/100
|move|p1a: Sinistcha|Calm Mind|p1a: Sinistcha
|-boost|p1a: Sinistcha|spa|1
|-boost|p1a: Sinistcha|spd|1
|
|-heal|p1a: Sinistcha|90/100|[from] item: Leftovers
|upkeep
|turn|5
|
|t:|1769371026
|move|p2a: Moltres|Flamethrower|p1a: Sinistcha
|-supereffective|p1a: Sinistcha
|-damage|p1a: Sinistcha|60/100
|-status|p1a: Sinistcha|brn
|move|p1a: Sinistcha|Calm Mind|p1a: Sinistcha
|-boost|p1a: Sinistcha|spa|1
|-boost|p1a: Sinistcha|spd|1
|
|-heal|p1a: Sinistcha|66/100 brn|[from] item: Leftovers
|-damage|p1a: Sinistcha|63/100 brn|[from] brn
|upkeep
|turn|6
|
|t:|1769371034
|move|p2a: Moltres|Flamethrower|p1a: Sinistcha
|-supereffective|p1a: Sinistcha
|-damage|p1a: Sinistcha|40/100 brn
|move|p1a: Sinistcha|Strength Sap|p2a: Moltres
|-unboost|p2a: Moltres|atk|1
|-heal|p1a: Sinistcha|100/100 brn
|
|-damage|p1a: Sinistcha|98/100 brn|[from] brn
|upkeep
|turn|7
|
|t:|1769371048
|move|p2a: Moltres|Flamethrower|p1a: Sinistcha
|-supereffective|p1a: Sinistcha
|-damage|p1a: Sinistcha|73/100 brn
|move|p1a: Sinistcha|Shadow Ball|p2a: Moltres
|-damage|p2a: Moltres|50/100
|-unboost|p2a: Moltres|spd|1
|
|-heal|p1a: Sinistcha|79/100 brn|[from] item: Leftovers
|-damage|p1a: Sinistcha|76/100 brn|[from] brn
|upkeep
|turn|8
|
|t:|1769371054
|move|p2a: Moltres|U-turn|p1a: Sinistcha
|-damage|p1a: Sinistcha|69/100 brn
|
|t:|1769371059
|switch|p2a: Great Tusk|Great Tusk|100/100|[from] U-turn
|move|p1a: Sinistcha|Shadow Ball|p2a: Great Tusk
|-damage|p2a: Great Tusk|1/100
|
|-heal|p1a: Sinistcha|75/100 brn|[from] item: Leftovers
|-damage|p1a: Sinistcha|72/100 brn|[from] brn
|upkeep
|turn|9
|
|t:|1769371063
|move|p2a: Great Tusk|Ice Spinner|p1a: Sinistcha
|-supereffective|p1a: Sinistcha
|-damage|p1a: Sinistcha|33/100 brn
|move|p1a: Sinistcha|Strength Sap|p2a: Great Tusk
|-unboost|p2a: Great Tusk|atk|1
|-heal|p1a: Sinistcha|100/100 brn
|
|-damage|p1a: Sinistcha|98/100 brn|[from] brn
|upkeep
|turn|10
|
|t:|1769371067
|move|p2a: Great Tusk|Ice Spinner|p1a: Sinistcha
|-supereffective|p1a: Sinistcha
|-damage|p1a: Sinistcha|69/100 brn
|move|p1a: Sinistcha|Shadow Ball|p2a: Great Tusk
|-damage|p2a: Great Tusk|0 fnt
|faint|p2a: Great Tusk
|-end|p2a: Great Tusk|Protosynthesis|[silent]
|
|-heal|p1a: Sinistcha|75/100 brn|[from] item: Leftovers
|-damage|p1a: Sinistcha|72/100 brn|[from] brn
|upkeep
|
|t:|1769371070
|switch|p2a: Samurott|Samurott-Hisui, M, shiny|31/100
|-activate|p2a: Samurott|move: Sticky Web
|-unboost|p2a: Samurott|spe|1
|turn|11
|
|t:|1769371073
|move|p2a: Samurott|Knock Off|p1a: Sinistcha
|-supereffective|p1a: Sinistcha
|-damage|p1a: Sinistcha|0 fnt
|-enditem|p1a: Sinistcha|Leftovers|[from] move: Knock Off|[of] p2a: Samurott
|faint|p1a: Sinistcha
|
|upkeep
|
|t:|1769371084
|switch|p1a: Venomoth|Venomoth, M, shiny|100/100
|-damage|p1a: Venomoth|84/100|[from] Spikes
|turn|12
|
|t:|1769371093
|move|p1a: Venomoth|Bug Buzz|p2a: Samurott
|-supereffective|p2a: Samurott
|-damage|p2a: Samurott|0 fnt
|faint|p2a: Samurott
|
|upkeep
|
|t:|1769371096
|switch|p2a: Iron Crown|Iron Crown|100/100
|-activate|p2a: Iron Crown|move: Sticky Web
|-unboost|p2a: Iron Crown|spe|1
|turn|13
|
|t:|1769371100
|-terastallize|p1a: Venomoth|Bug
|move|p1a: Venomoth|Bug Buzz|p2a: Iron Crown
|-damage|p2a: Iron Crown|52/100
|move|p2a: Iron Crown|Psychic Noise|p1a: Venomoth
|-damage|p1a: Venomoth|24/100
|-start|p1a: Venomoth|move: Heal Block
|
|upkeep
|turn|14
|
|t:|1769371124
|move|p1a: Venomoth|Bug Buzz|p2a: Iron Crown
|-damage|p2a: Iron Crown|0 fnt
|faint|p2a: Iron Crown
|-end|p2a: Iron Crown|Quark Drive|[silent]
|
|-end|p1a: Venomoth|move: Heal Block
|upkeep
|
|t:|1769371130
|switch|p2a: Moltres|Moltres|50/100
|turn|15
|
|t:|1769371131
|move|p1a: Venomoth|Bug Buzz|p2a: Moltres
|-resisted|p2a: Moltres
|-damage|p2a: Moltres|24/100
|move|p2a: Moltres|Roost|p2a: Moltres
|-heal|p2a: Moltres|74/100
|-singleturn|p2a: Moltres|move: Roost
|
|upkeep
|turn|16
|
|t:|1769371134
|move|p1a: Venomoth|Bug Buzz|p2a: Moltres
|-resisted|p2a: Moltres
|-damage|p2a: Moltres|46/100
|move|p2a: Moltres|Roost|p2a: Moltres
|-heal|p2a: Moltres|96/100
|-singleturn|p2a: Moltres|move: Roost
|
|upkeep
|turn|17
|
|t:|1769371146
|move|p1a: Venomoth|Bug Buzz|p2a: Moltres
|-resisted|p2a: Moltres
|-damage|p2a: Moltres|69/100
|move|p2a: Moltres|Flamethrower|p1a: Venomoth
|-supereffective|p1a: Venomoth
|-damage|p1a: Venomoth|0 fnt
|faint|p1a: Venomoth
|
|upkeep
|
|t:|1769371158
|switch|p1a: Iron Valiant|Iron Valiant, shiny|100/100
|-damage|p1a: Iron Valiant|84/100|[from] Spikes
|-enditem|p1a: Iron Valiant|Booster Energy
|-activate|p1a: Iron Valiant|ability: Quark Drive|[fromitem]
|-start|p1a: Iron Valiant|quarkdrivespe
|turn|18
|
|t:|1769371190
|move|p1a: Iron Valiant|Thunderbolt|p2a: Moltres
|-supereffective|p2a: Moltres
|-damage|p2a: Moltres|29/100
|-status|p2a: Moltres|par
|move|p2a: Moltres|Roost|p2a: Moltres
|-heal|p2a: Moltres|79/100 par
|-singleturn|p2a: Moltres|move: Roost
|
|upkeep
|turn|19
|
|t:|1769371197
|move|p1a: Iron Valiant|Thunderbolt|p2a: Moltres
|-supereffective|p2a: Moltres
|-crit|p2a: Moltres
|-damage|p2a: Moltres|19/100 par
|move|p2a: Moltres|Flamethrower|p1a: Iron Valiant
|-damage|p1a: Iron Valiant|17/100
|
|upkeep
|turn|20
|
|t:|1769371206
|move|p1a: Iron Valiant|Thunderbolt|p2a: Moltres
|-supereffective|p2a: Moltres
|-damage|p2a: Moltres|0 fnt
|faint|p2a: Moltres
|
|upkeep
|
|t:|1769371213
|switch|p2a: Pecharunt|Pecharunt|100/100
|-activate|p2a: Pecharunt|move: Sticky Web
|-unboost|p2a: Pecharunt|spe|1
|turn|21
|
|t:|1769371216
|move|p1a: Iron Valiant|Taunt|p2a: Pecharunt
|-start|p2a: Pecharunt|move: Taunt
|move|p2a: Pecharunt|Shadow Ball|p1a: Iron Valiant
|-damage|p1a: Iron Valiant|0 fnt
|faint|p1a: Iron Valiant
|-end|p1a: Iron Valiant|Quark Drive|[silent]
|
|upkeep
|
|t:|1769371221
|switch|p1a: Darkrai|Darkrai, shiny|100/100
|-damage|p1a: Darkrai|84/100|[from] Spikes
|turn|22
|
|t:|1769371230
|switch|p2a: Iron Valiant|Iron Valiant, shiny|100/100
|-activate|p2a: Iron Valiant|move: Sticky Web
|-unboost|p2a: Iron Valiant|spe|1
|move|p1a: Darkrai|Dark Pulse|p2a: Iron Valiant
|-resisted|p2a: Iron Valiant
|-crit|p2a: Iron Valiant
|-damage|p2a: Iron Valiant|62/100
|-damage|p1a: Darkrai|74/100|[from] item: Life Orb
|
|upkeep
|turn|23
|
|t:|1769371238
|switch|p1a: Gholdengo|Gholdengo, shiny|100/100
|-damage|p1a: Gholdengo|84/100|[from] Spikes
|move|p2a: Iron Valiant|Vacuum Wave|p1a: Gholdengo
|-immune|p1a: Gholdengo
|
|-heal|p1a: Gholdengo|90/100|[from] item: Leftovers
|upkeep
|turn|24
|
|t:|1769371242
|-end|p2a: Iron Valiant|Quark Drive|[silent]
|switch|p2a: Pecharunt|Pecharunt|100/100
|-activate|p2a: Pecharunt|move: Sticky Web
|-unboost|p2a: Pecharunt|spe|1
|move|p1a: Gholdengo|Thunder Wave|p2a: Pecharunt
|-status|p2a: Pecharunt|par
|
|-heal|p1a: Gholdengo|96/100|[from] item: Leftovers
|upkeep
|turn|25
|
|t:|1769371245
|move|p1a: Gholdengo|Hex|p2a: Pecharunt
|-supereffective|p2a: Pecharunt
|-damage|p2a: Pecharunt|0 fnt
|faint|p2a: Pecharunt
|
|-heal|p1a: Gholdengo|100/100|[from] item: Leftovers
|upkeep
|
|t:|1769371247
|switch|p2a: Iron Valiant|Iron Valiant, shiny|62/100
|-activate|p2a: Iron Valiant|move: Sticky Web
|-unboost|p2a: Iron Valiant|spe|1
|turn|26
|
|t:|1769371249
|move|p2a: Iron Valiant|Shadow Ball|p1a: Gholdengo
|-supereffective|p1a: Gholdengo
|-damage|p1a: Gholdengo|24/100
|move|p1a: Gholdengo|Make It Rain|p2a: Iron Valiant
|-supereffective|p2a: Iron Valiant
|-damage|p2a: Iron Valiant|0 fnt
|-unboost|p1a: Gholdengo|spa|1
|faint|p2a: Iron Valiant
|-end|p2a: Iron Valiant|Quark Drive|[silent]
|
|win|Bug on my buzz
|raw|Bug on my buzz's rating: 1219 &rarr; <strong>1245</strong><br />(+26 for winning)
|raw|OUFR Noob's rating: 1239 &rarr; <strong>1213</strong><br />(-26 for losing)
|l|☆Bug on my buzz
|player|p1|
|l|☆OUFR Noob
|player|p2|
