|j|☆Hgfhhfghfff
|j|☆CambridgeFoulPlay
|t:|1769337038
|gametype|singles
|player|p1|Hgfhhfghfff|lucas|1586
|player|p2|CambridgeFoulPlay|266|1626
|gen|9
|tier|[Gen 9] OU
|rated|
|rule|HP Percentage Mod: HP is shown in percentages
|rule|Endless Battle Clause: Forcing endless battles is banned
|rule|Species Clause: Limit one of each Pokémon
|rule|OHKO Clause: OHKO moves are banned
|rule|Evasion Items Clause: Evasion items are banned
|rule|Evasion Moves Clause: Evasion moves are banned
|rule|Evasion Abilities Clause: Evasion abilities are banned
|rule|Sleep Moves Clause: Sleep-inducing moves are banned
|clearpoke
|poke|p1|Scream Tail|
|poke|p1|Iron Hands|
|poke|p1|Talonflame, F|
|poke|p1|Latios, M|
|poke|p1|Ursaluna, M|
|poke|p1|Mabosstiff, F|
|poke|p2|Hydrapple, M|
|poke|p2|Tyranitar, F|
|poke|p2|Moltres|
|poke|p2|Zamazenta-*|
|poke|p2|Slowking-Galar, M|
|poke|p2|Excadrill, F|
|teampreview
|
|t:|1769337041
|teamsize|p1|6
|teamsize|p2|6
|start
|switch|p1a: Mabosstiff|Mabosstiff, F|100/100
|switch|p2a: Zamazenta|Zamazenta|100/100
|-ability|p2a: Zamazenta|Dauntless Shield|boost
|-boost|p2a: Zamazenta|def|1
|turn|1
|c|☆CambridgeFoulPlay|hf
|inactive|Battle timer is ON: inactive players will automatically lose when time's up. (requested by CambridgeFoulPlay)
|
|t:|1769337047
|switch|p1a: Iron Hands|Iron Hands|100/100
|move|p2a: Zamazenta|Body Press|p1a: Iron Hands
|-damage|p1a: Iron Hands|76/100
|
|-heal|p1a: Iron Hands|83/100|[from] item: Leftovers
|upkeep
|turn|2
|
|t:|1769337056
|-end|p1a: Iron Hands|Quark Drive|[silent]
|switch|p1a: Mabosstiff|Mabosstiff, F|100/100
|move|p2a: Zamazenta|Iron Defense|p2a: Zamazenta
|-boost|p2a: Zamazenta|def|2
|
|upkeep
|turn|3
|
|t:|1769337061
|switch|p1a: Scream Tail|Scream Tail|100/100
|move|p2a: Zamazenta|Body Press|p1a: Scream Tail
|-resisted|p1a: Scream Tail
|-damage|p1a: Scream Tail|80/100
|
|-heal|p1a: Scream Tail|86/100|[from] item: Leftovers
|upkeep
|turn|4
|
|t:|1769337067
|-end|p1a: Scream Tail|Protosynthesis|[silent]
|switch|p1a: Talonflame|Talonflame, F|100/100
|move|p2a: Zamazenta|Body Press|p1a: Talonflame
|-resisted|p1a: Talonflame
|-damage|p1a: Talonflame|45/100
|
|upkeep
|turn|5
|
|t:|1769337075
|switch|p1a: Scream Tail|Scream Tail|86/100
|move|p2a: Zamazenta|Body Press|p1a: Scream Tail
|-resisted|p1a: Scream Tail
|-damage|p1a: Scream Tail|69/100
|
|-heal|p1a: Scream Tail|75/100|[from] item: Leftovers
|upkeep
|turn|6
|j| Samurajen
|
|t:|1769337077
|move|p1a: Scream Tail|Wish|p1a: Scream Tail
|move|p2a: Zamazenta|Roar|p1a: Scream Tail
|-end|p1a: Scream Tail|Protosynthesis|[silent]
|drag|p1a: Talonflame|Talonflame, F|45/100
|
|upkeep
|turn|7
|
|t:|1769337085
|switch|p1a: Scream Tail|Scream Tail|75/100
|move|p2a: Zamazenta|Roar|p1a: Scream Tail
|-end|p1a: Scream Tail|Protosynthesis|[silent]
|drag|p1a: Talonflame|Talonflame, F|45/100
|
|-heal|p1a: Talonflame|100/100|[from] move: Wish|[wisher] Scream Tail
|upkeep
|turn|8
|
|t:|1769337092
|move|p2a: Zamazenta|Body Press|p1a: Talonflame
|-resisted|p1a: Talonflame
|-damage|p1a: Talonflame|39/100
|move|p1a: Talonflame|Flamethrower|p2a: Zamazenta
|-damage|p2a: Zamazenta|76/100
|
|-heal|p2a: Zamazenta|83/100|[from] item: Leftovers
|upkeep
|turn|9
|
|t:|1769337099
|switch|p1a: Scream Tail|Scream Tail|75/100
|move|p2a: Zamazenta|Roar|p1a: Scream Tail
|-end|p1a: Scream Tail|Protosynthesis|[silent]
|drag|p1a: Mabosstiff|Mabosstiff, F|100/100
|
|-heal|p2a: Zamazenta|89/100|[from] item: Leftovers
|upkeep
|turn|10
|
|t:|1769337106
|switch|p1a: Scream Tail|Scream Tail|75/100
|move|p2a: Zamazenta|Roar|p1a: Scream Tail
|-end|p1a: Scream Tail|Protosynthesis|[silent]
|drag|p1a: Ursaluna|Ursaluna, M|100/100
|
|-heal|p2a: Zamazenta|95/100|[from] item: Leftovers
|-status|p1a: Ursaluna|brn|[from] item: Flame Orb
|upkeep
|turn|11
|
|t:|1769337112
|switch|p1a: Scream Tail|Scream Tail|75/100
|move|p2a: Zamazenta|Roar|p1a: Scream Tail
|-end|p1a: Scream Tail|Protosynthesis|[silent]
|drag|p1a: Mabosstiff|Mabosstiff, F|100/100
|
|-heal|p2a: Zamazenta|100/100|[from] item: Leftovers
|upkeep
|turn|12
|
|t:|1769337118
|switch|p1a: Scream Tail|Scream Tail|75/100
|move|p2a: Zamazenta|Roar|p1a: Scream Tail
|-end|p1a: Scream Tail|Protosynthesis|[silent]
|drag|p1a: Ursaluna|Ursaluna, M|100/100 brn
|
|-damage|p1a: Ursaluna|94/100 brn|[from] brn
|upkeep
|turn|13
|
|t:|1769337125
|switch|p1a: Scream Tail|Scream Tail|75/100
|move|p2a: Zamazenta|Roar|p1a: Scream Tail
|-end|p1a: Scream Tail|Protosynthesis|[silent]
|drag|p1a: Iron Hands|Iron Hands|83/100
|
|-heal|p1a: Iron Hands|89/100|[from] item: Leftovers
|upkeep
|turn|14
|
|t:|1769337132
|-end|p1a: Iron Hands|Quark Drive|[silent]
|switch|p1a: Scream Tail|Scream Tail|75/100
|move|p2a: Zamazenta|Roar|p1a: Scream Tail
|-end|p1a: Scream Tail|Protosynthesis|[silent]
|drag|p1a: Latios|Latios, M|100/100
|
|upkeep
|turn|15
|
|t:|1769337138
|-terastallize|p2a: Zamazenta|Fire
|move|p1a: Latios|Trick|p2a: Zamazenta
|-activate|p1a: Latios|move: Trick|[of] p2a: Zamazenta
|-item|p2a: Zamazenta|Choice Scarf|[from] move: Trick
|-item|p1a: Latios|Leftovers|[from] move: Trick
|move|p2a: Zamazenta|Body Press|p1a: Latios
|-resisted|p1a: Latios
|-damage|p1a: Latios|39/100
|
|-heal|p1a: Latios|45/100|[from] item: Leftovers
|upkeep
|turn|16
|
|t:|1769337149
|switch|p1a: Scream Tail|Scream Tail|75/100
|move|p2a: Zamazenta|Body Press|p1a: Scream Tail
|-resisted|p1a: Scream Tail
|-damage|p1a: Scream Tail|55/100
|
|-heal|p1a: Scream Tail|62/100|[from] item: Leftovers
|upkeep
|turn|17
|
|t:|1769337152
|move|p2a: Zamazenta|Body Press|p1a: Scream Tail
|-resisted|p1a: Scream Tail
|-damage|p1a: Scream Tail|42/100
|move|p1a: Scream Tail|Wish|p1a: Scream Tail
|
|-heal|p1a: Scream Tail|48/100|[from] item: Leftovers
|upkeep
|turn|18
|
|t:|1769337155
|move|p1a: Scream Tail|Protect|p1a: Scream Tail
|-singleturn|p1a: Scream Tail|Protect
|move|p2a: Zamazenta|Body Press|p1a: Scream Tail
|-activate|p1a: Scream Tail|move: Protect
|
|-heal|p1a: Scream Tail|98/100|[from] move: Wish|[wisher] Scream Tail
|-heal|p1a: Scream Tail|100/100|[from] item: Leftovers
|upkeep
|turn|19
|
|t:|1769337157
|move|p2a: Zamazenta|Body Press|p1a: Scream Tail
|-resisted|p1a: Scream Tail
|-damage|p1a: Scream Tail|81/100
|move|p1a: Scream Tail|Wish|p1a: Scream Tail
|
|-heal|p1a: Scream Tail|87/100|[from] item: Leftovers
|upkeep
|turn|20
|
|t:|1769337163
|-end|p1a: Scream Tail|Protosynthesis|[silent]
|switch|p1a: Iron Hands|Iron Hands|89/100
|move|p2a: Zamazenta|Body Press|p1a: Iron Hands
|-damage|p1a: Iron Hands|49/100
|
|-heal|p1a: Iron Hands|91/100|[from] move: Wish|[wisher] Scream Tail
|-heal|p1a: Iron Hands|98/100|[from] item: Leftovers
|upkeep
|turn|21
|
|t:|1769337170
|move|p2a: Zamazenta|Body Press|p1a: Iron Hands
|-damage|p1a: Iron Hands|51/100
|move|p1a: Iron Hands|Swords Dance|p1a: Iron Hands
|-boost|p1a: Iron Hands|atk|2
|
|-heal|p1a: Iron Hands|57/100|[from] item: Leftovers
|upkeep
|turn|22
|
|t:|1769337174
|-end|p1a: Iron Hands|Quark Drive|[silent]
|switch|p1a: Scream Tail|Scream Tail|87/100
|move|p2a: Zamazenta|Body Press|p1a: Scream Tail
|-resisted|p1a: Scream Tail
|-damage|p1a: Scream Tail|70/100
|
|-heal|p1a: Scream Tail|76/100|[from] item: Leftovers
|upkeep
|turn|23
|
|t:|1769337177
|move|p2a: Zamazenta|Body Press|p1a: Scream Tail
|-resisted|p1a: Scream Tail
|-damage|p1a: Scream Tail|56/100
|move|p1a: Scream Tail|Wish|p1a: Scream Tail
|
|-heal|p1a: Scream Tail|62/100|[from] item: Leftovers
|upkeep
|turn|24
|
|t:|1769337180
|move|p2a: Zamazenta|Body Press|p1a: Scream Tail
|-resisted|p1a: Scream Tail
|-damage|p1a: Scream Tail|43/100
|move|p1a: Scream Tail|Trick Room|p1a: Scream Tail
|-fieldstart|move: Trick Room|[of] p1a: Scream Tail
|
|-heal|p1a: Scream Tail|93/100|[from] move: Wish|[wisher] Scream Tail
|-heal|p1a: Scream Tail|99/100|[from] item: Leftovers
|upkeep
|turn|25
|
|t:|1769337183
|switch|p2a: Tyranitar|Tyranitar, F|100/100
|-weather|Sandstorm|[from] ability: Sand Stream|[of] p2a: Tyranitar
|move|p1a: Scream Tail|Wish|p1a: Scream Tail
|
|-weather|Sandstorm|[upkeep]
|-damage|p1a: Scream Tail|93/100|[from] Sandstorm
|-heal|p1a: Scream Tail|99/100|[from] item: Leftovers
|upkeep
|turn|26
|
|t:|1769337185
|-end|p1a: Scream Tail|Protosynthesis|[silent]
|switch|p1a: Iron Hands|Iron Hands|57/100
|move|p2a: Tyranitar|Stealth Rock|p1a: Iron Hands
|-sidestart|p1: Hgfhhfghfff|move: Stealth Rock
|
|-weather|Sandstorm|[upkeep]
|-damage|p1a: Iron Hands|51/100|[from] Sandstorm
|-heal|p1a: Iron Hands|93/100|[from] move: Wish|[wisher] Scream Tail
|-heal|p1a: Iron Hands|99/100|[from] item: Leftovers
|upkeep
|turn|27
|
|t:|1769337195
|-end|p1a: Iron Hands|Quark Drive|[silent]
|switch|p1a: Ursaluna|Ursaluna, M|94/100 brn
|-damage|p1a: Ursaluna|88/100 brn|[from] Stealth Rock
|switch|p2a: Zamazenta|Zamazenta, tera:Fire|100/100
|
|-weather|Sandstorm|[upkeep]
|-damage|p2a: Zamazenta|94/100|[from] Sandstorm
|-damage|p1a: Ursaluna|82/100 brn|[from] brn
|upkeep
|turn|28
|
|t:|1769337202
|switch|p2a: Moltres|Moltres|100/100
|move|p1a: Ursaluna|Facade|p2a: Moltres
|-damage|p2a: Moltres|13/100
|
|-weather|Sandstorm|[upkeep]
|-damage|p2a: Moltres|7/100|[from] Sandstorm
|-damage|p1a: Ursaluna|76/100 brn|[from] brn
|-fieldend|move: Trick Room
|upkeep
|turn|29
|
|t:|1769337206
|move|p2a: Moltres|Flamethrower|p1a: Ursaluna
|-damage|p1a: Ursaluna|41/100 brn
|move|p1a: Ursaluna|Facade|p2a: Moltres
|-damage|p2a: Moltres|0 fnt
|faint|p2a: Moltres
|
|-weather|Sandstorm|[upkeep]
|-damage|p1a: Ursaluna|35/100 brn|[from] brn
|upkeep
|
|t:|1769337209
|switch|p2a: Excadrill|Excadrill, F|100/100
|-item|p2a: Excadrill|Air Balloon
|turn|30
|
|t:|1769337212
|switch|p1a: Talonflame|Talonflame, F|39/100
|move|p2a: Excadrill|Earthquake|p1a: Talonflame
|-immune|p1a: Talonflame
|
|-weather|Sandstorm|[upkeep]
|-damage|p1a: Talonflame|33/100|[from] Sandstorm
|upkeep
|turn|31
|
|t:|1769337217
|move|p2a: Excadrill|Swords Dance|p2a: Excadrill
|-boost|p2a: Excadrill|atk|2
|move|p1a: Talonflame|Defog|p2a: Excadrill
|-unboost|p2a: Excadrill|evasion|1
|-sideend|p1: Hgfhhfghfff|Stealth Rock|[from] move: Defog|[of] p1a: Talonflame
|
|-weather|Sandstorm|[upkeep]
|-damage|p1a: Talonflame|27/100|[from] Sandstorm
|upkeep
|turn|32
|
|t:|1769337219
|move|p2a: Excadrill|Swords Dance|p2a: Excadrill
|-boost|p2a: Excadrill|atk|2
|move|p1a: Talonflame|Flamethrower|p2a: Excadrill
|-supereffective|p2a: Excadrill
|-damage|p2a: Excadrill|35/100
|-status|p2a: Excadrill|brn
|-enditem|p2a: Excadrill|Air Balloon
|
|-weather|none
|-damage|p2a: Excadrill|29/100 brn|[from] brn
|upkeep
|turn|33
|
|t:|1769337222
|move|p1a: Talonflame|Flamethrower|p2a: Excadrill
|-supereffective|p2a: Excadrill
|-damage|p2a: Excadrill|0 fnt
|faint|p2a: Excadrill
|
|upkeep
|
|t:|1769337225
|switch|p2a: Slowking|Slowking-Galar, M|100/100
|turn|34
|
|t:|1769337227
|move|p1a: Talonflame|U-turn|p2a: Slowking
|-damage|p2a: Slowking|91/100
|
|t:|1769337230
|switch|p1a: Mabosstiff|Mabosstiff, F|100/100|[from] U-turn
|move|p2a: Slowking|Sludge Bomb|p1a: Mabosstiff
|-damage|p1a: Mabosstiff|61/100
|-status|p1a: Mabosstiff|psn
|
|-damage|p1a: Mabosstiff|49/100 psn|[from] psn
|upkeep
|turn|35
|
|t:|1769337236
|switch|p2a: Tyranitar|Tyranitar, F|100/100
|-weather|Sandstorm|[from] ability: Sand Stream|[of] p2a: Tyranitar
|move|p1a: Mabosstiff|Jaw Lock|p2a: Tyranitar
|-resisted|p2a: Tyranitar
|-damage|p2a: Tyranitar|85/100
|-activate|p1a: Mabosstiff|trapped
|-activate|p2a: Tyranitar|trapped
|
|-weather|Sandstorm|[upkeep]
|-damage|p1a: Mabosstiff|43/100 psn|[from] Sandstorm
|-damage|p1a: Mabosstiff|30/100 psn|[from] psn
|upkeep
|turn|36
|
|t:|1769337241
|move|p1a: Mabosstiff|Rest|p1a: Mabosstiff
|-status|p1a: Mabosstiff|slp|[from] move: Rest
|-heal|p1a: Mabosstiff|100/100 slp|[silent]
|move|p2a: Tyranitar|Stealth Rock|p1a: Mabosstiff
|-sidestart|p1: Hgfhhfghfff|move: Stealth Rock
|
|-weather|Sandstorm|[upkeep]
|-damage|p1a: Mabosstiff|94/100 slp|[from] Sandstorm
|upkeep
|turn|37
|
|t:|1769337250
|cant|p1a: Mabosstiff|slp
|move|p2a: Tyranitar|Knock Off|p1a: Mabosstiff
|-resisted|p1a: Mabosstiff
|-damage|p1a: Mabosstiff|72/100 slp
|-enditem|p1a: Mabosstiff|Kee Berry|[from] move: Knock Off|[of] p2a: Tyranitar
|
|-weather|Sandstorm|[upkeep]
|-damage|p1a: Mabosstiff|66/100 slp|[from] Sandstorm
|upkeep
|turn|38
|
|t:|1769337256
|cant|p1a: Mabosstiff|slp
|move|p2a: Tyranitar|Knock Off|p1a: Mabosstiff
|-resisted|p1a: Mabosstiff
|-damage|p1a: Mabosstiff|52/100 slp
|
|-weather|Sandstorm|[upkeep]
|-damage|p1a: Mabosstiff|46/100 slp|[from] Sandstorm
|upkeep
|turn|39
|
|t:|1769337264
|-curestatus|p1a: Mabosstiff|slp|[msg]
|move|p1a: Mabosstiff|Hone Claws|p1a: Mabosstiff
|-boost|p1a: Mabosstiff|atk|1
|-boost|p1a: Mabosstiff|accuracy|1
|move|p2a: Tyranitar|Ice Beam|p1a: Mabosstiff
|-damage|p1a: Mabosstiff|22/100
|
|-weather|Sandstorm|[upkeep]
|-damage|p1a: Mabosstiff|16/100|[from] Sandstorm
|upkeep
|turn|40
|
|t:|1769337267
|move|p1a: Mabosstiff|Rest|p1a: Mabosstiff
|-status|p1a: Mabosstiff|slp|[from] move: Rest
|-heal|p1a: Mabosstiff|100/100 slp|[silent]
|move|p2a: Tyranitar|Ice Beam|p1a: Mabosstiff
|-damage|p1a: Mabosstiff|76/100 slp
|
|-weather|Sandstorm|[upkeep]
|-damage|p1a: Mabosstiff|70/100 slp|[from] Sandstorm
|upkeep
|turn|41
|
|t:|1769337276
|cant|p1a: Mabosstiff|slp
|move|p2a: Tyranitar|Knock Off|p1a: Mabosstiff
|-resisted|p1a: Mabosstiff
|-damage|p1a: Mabosstiff|56/100 slp
|
|-weather|Sandstorm|[upkeep]
|-damage|p1a: Mabosstiff|50/100 slp|[from] Sandstorm
|upkeep
|turn|42
|
|t:|1769337283
|cant|p1a: Mabosstiff|slp
|move|p2a: Tyranitar|Ice Beam|p1a: Mabosstiff
|-damage|p1a: Mabosstiff|25/100 slp
|
|-weather|none
|upkeep
|turn|43
|
|t:|1769337285
|-curestatus|p1a: Mabosstiff|slp|[msg]
|move|p1a: Mabosstiff|Rest|p1a: Mabosstiff
|-status|p1a: Mabosstiff|slp|[from] move: Rest
|-heal|p1a: Mabosstiff|100/100 slp|[silent]
|move|p2a: Tyranitar|Ice Beam|p1a: Mabosstiff
|-damage|p1a: Mabosstiff|76/100 slp
|
|upkeep
|turn|44
|
|t:|1769337289
|cant|p1a: Mabosstiff|slp
|move|p2a: Tyranitar|Knock Off|p1a: Mabosstiff
|-resisted|p1a: Mabosstiff
|-damage|p1a: Mabosstiff|61/100 slp
|
|upkeep
|turn|45
|
|t:|1769337294
|cant|p1a: Mabosstiff|slp
|move|p2a: Tyranitar|Ice Beam|p1a: Mabosstiff
|-damage|p1a: Mabosstiff|34/100 slp
|
|upkeep
|turn|46
|
|t:|1769337300
|-curestatus|p1a: Mabosstiff|slp|[msg]
|move|p1a: Mabosstiff|Rest|p1a: Mabosstiff
|-status|p1a: Mabosstiff|slp|[from] move: Rest
|-heal|p1a: Mabosstiff|100/100 slp|[silent]
|move|p2a: Tyranitar|Ice Beam|p1a: Mabosstiff
|-damage|p1a: Mabosstiff|76/100 slp
|
|upkeep
|turn|47
|
|t:|1769337302
|cant|p1a: Mabosstiff|slp
|move|p2a: Tyranitar|Knock Off|p1a: Mabosstiff
|-resisted|p1a: Mabosstiff
|-damage|p1a: Mabosstiff|61/100 slp
|
|upkeep
|turn|48
|
|t:|1769337306
|cant|p1a: Mabosstiff|slp
|move|p2a: Tyranitar|Ice Beam|p1a: Mabosstiff
|-damage|p1a: Mabosstiff|35/100 slp
|
|upkeep
|turn|49
|
|t:|1769337313
|-curestatus|p1a: Mabosstiff|slp|[msg]
|move|p1a: Mabosstiff|Trailblaze|p2a: Tyranitar
|-supereffective|p2a: Tyranitar
|-damage|p2a: Tyranitar|43/100
|-boost|p1a: Mabosstiff|spe|1
|move|p2a: Tyranitar|Ice Beam|p1a: Mabosstiff
|-damage|p1a: Mabosstiff|8/100
|
|upkeep
|turn|50
|
|t:|1769337322
|move|p1a: Mabosstiff|Rest|p1a: Mabosstiff
|-status|p1a: Mabosstiff|slp|[from] move: Rest
|-heal|p1a: Mabosstiff|100/100 slp|[silent]
|move|p2a: Tyranitar|Ice Beam|p1a: Mabosstiff
|-damage|p1a: Mabosstiff|74/100 slp
|
|upkeep
|turn|51
|
|t:|1769337327
|cant|p1a: Mabosstiff|slp
|move|p2a: Tyranitar|Ice Beam|p1a: Mabosstiff
|-damage|p1a: Mabosstiff|47/100 slp
|
|upkeep
|turn|52
|
|t:|1769337333
|cant|p1a: Mabosstiff|slp
|move|p2a: Tyranitar|Ice Beam|p1a: Mabosstiff
|-damage|p1a: Mabosstiff|23/100 slp
|
|upkeep
|turn|53
|
|t:|1769337339
|-curestatus|p1a: Mabosstiff|slp|[msg]
|move|p1a: Mabosstiff|Rest|p1a: Mabosstiff
|-status|p1a: Mabosstiff|slp|[from] move: Rest
|-heal|p1a: Mabosstiff|100/100 slp|[silent]
|move|p2a: Tyranitar|Ice Beam|p1a: Mabosstiff
|-damage|p1a: Mabosstiff|77/100 slp
|
|upkeep
|turn|54
|
|t:|1769337341
|cant|p1a: Mabosstiff|slp
|move|p2a: Tyranitar|Ice Beam|p1a: Mabosstiff
|-damage|p1a: Mabosstiff|50/100 slp
|
|upkeep
|turn|55
|
|t:|1769337345
|cant|p1a: Mabosstiff|slp
|move|p2a: Tyranitar|Ice Beam|p1a: Mabosstiff
|-damage|p1a: Mabosstiff|27/100 slp
|
|upkeep
|turn|56
|
|t:|1769337350
|-curestatus|p1a: Mabosstiff|slp|[msg]
|move|p1a: Mabosstiff|Rest|p1a: Mabosstiff
|-status|p1a: Mabosstiff|slp|[from] move: Rest
|-heal|p1a: Mabosstiff|100/100 slp|[silent]
|move|p2a: Tyranitar|Ice Beam|p1a: Mabosstiff
|-damage|p1a: Mabosstiff|77/100 slp
|
|upkeep
|turn|57
|
|t:|1769337352
|cant|p1a: Mabosstiff|slp
|move|p2a: Tyranitar|Ice Beam|p1a: Mabosstiff
|-damage|p1a: Mabosstiff|49/100 slp
|
|upkeep
|turn|58
|
|t:|1769337355
|cant|p1a: Mabosstiff|slp
|move|p2a: Tyranitar|Knock Off|p1a: Mabosstiff
|-resisted|p1a: Mabosstiff
|-damage|p1a: Mabosstiff|34/100 slp
|
|upkeep
|turn|59
|
|t:|1769337361
|-curestatus|p1a: Mabosstiff|slp|[msg]
|move|p1a: Mabosstiff|Hone Claws|p1a: Mabosstiff
|-boost|p1a: Mabosstiff|atk|1
|-boost|p1a: Mabosstiff|accuracy|1
|move|p2a: Tyranitar|Thunder Wave|p1a: Mabosstiff
|-status|p1a: Mabosstiff|par
|
|upkeep
|turn|60
|
|t:|1769337367
|move|p1a: Mabosstiff|Rest|p1a: Mabosstiff
|-status|p1a: Mabosstiff|slp|[from] move: Rest
|-heal|p1a: Mabosstiff|100/100 slp|[silent]
|move|p2a: Tyranitar|Knock Off|p1a: Mabosstiff
|-resisted|p1a: Mabosstiff
|-damage|p1a: Mabosstiff|86/100 slp
|
|upkeep
|turn|61
|
|t:|1769337372
|cant|p1a: Mabosstiff|slp
|move|p2a: Tyranitar|Knock Off|p1a: Mabosstiff
|-resisted|p1a: Mabosstiff
|-damage|p1a: Mabosstiff|72/100 slp
|
|upkeep
|turn|62
|
|t:|1769337381
|cant|p1a: Mabosstiff|slp
|move|p2a: Tyranitar|Knock Off|p1a: Mabosstiff
|-resisted|p1a: Mabosstiff
|-damage|p1a: Mabosstiff|57/100 slp
|
|upkeep
|turn|63
|
|t:|1769337383
|-curestatus|p1a: Mabosstiff|slp|[msg]
|move|p1a: Mabosstiff|Trailblaze|p2a: Tyranitar
|-supereffective|p2a: Tyranitar
|-damage|p2a: Tyranitar|0 fnt
|-boost|p1a: Mabosstiff|spe|1
|faint|p2a: Tyranitar
|
|upkeep
|
|t:|1769337385
|switch|p2a: Hydrapple|Hydrapple, M|100/100
|turn|64
|
|t:|1769337391
|move|p1a: Mabosstiff|Jaw Lock|p2a: Hydrapple
|-damage|p2a: Hydrapple|46/100
|-activate|p1a: Mabosstiff|trapped
|-activate|p2a: Hydrapple|trapped
|move|p2a: Hydrapple|Giga Drain|p1a: Mabosstiff
|-damage|p1a: Mabosstiff|16/100
|-heal|p2a: Hydrapple|65/100|[from] drain|[of] p1a: Mabosstiff
|
|upkeep
|turn|65
|
|t:|1769337404
|move|p1a: Mabosstiff|Jaw Lock|p2a: Hydrapple
|-damage|p2a: Hydrapple|17/100
|move|p2a: Hydrapple|Fickle Beam|p1a: Mabosstiff
|-damage|p1a: Mabosstiff|0 fnt
|faint|p1a: Mabosstiff
|
|upkeep
|
|t:|1769337418
|switch|p1a: Talonflame|Talonflame, F|27/100
|turn|66
|
|t:|1769337421
|switch|p2a: Zamazenta|Zamazenta, tera:Fire|94/100
|move|p1a: Talonflame|Defog|p2a: Zamazenta
|-unboost|p2a: Zamazenta|evasion|1
|-sideend|p1: Hgfhhfghfff|Stealth Rock|[from] move: Defog|[of] p1a: Talonflame
|
|upkeep
|turn|67
|
|t:|1769337425
|switch|p1a: Scream Tail|Scream Tail|99/100
|move|p2a: Zamazenta|Crunch|p1a: Scream Tail
|-damage|p1a: Scream Tail|82/100
|
|-heal|p1a: Scream Tail|89/100|[from] item: Leftovers
|upkeep
|turn|68
|
|t:|1769337430
|switch|p2a: Hydrapple|Hydrapple, M|50/100
|move|p1a: Scream Tail|Wish|p1a: Scream Tail
|
|-heal|p1a: Scream Tail|95/100|[from] item: Leftovers
|upkeep
|turn|69
|
|t:|1769337438
|move|p1a: Scream Tail|Protect|p1a: Scream Tail
|-singleturn|p1a: Scream Tail|Protect
|move|p2a: Hydrapple|Fickle Beam|p1a: Scream Tail
|-activate|p1a: Scream Tail|move: Protect
|
|-heal|p1a: Scream Tail|100/100|[from] move: Wish|[wisher] Scream Tail
|upkeep
|turn|70
|
|t:|1769337446
|move|p1a: Scream Tail|Encore|p2a: Hydrapple
|-start|p2a: Hydrapple|Encore
|move|p2a: Hydrapple|Fickle Beam|p1a: Scream Tail
|-immune|p1a: Scream Tail
|
|upkeep
|turn|71
|
|t:|1769337451
|switch|p2a: Zamazenta|Zamazenta, tera:Fire|94/100
|move|p1a: Scream Tail|Trick Room|p1a: Scream Tail
|-fieldstart|move: Trick Room|[of] p1a: Scream Tail
|
|upkeep
|turn|72
|
|t:|1769337454
|switch|p2a: Slowking|Slowking-Galar, M|100/100
|move|p1a: Scream Tail|Wish|p1a: Scream Tail
|
|upkeep
|turn|73
|
|t:|1769337457
|-end|p1a: Scream Tail|Protosynthesis|[silent]
|switch|p1a: Ursaluna|Ursaluna, M|35/100 brn
|move|p2a: Slowking|Sludge Bomb|p1a: Ursaluna
|-resisted|p1a: Ursaluna
|-damage|p1a: Ursaluna|19/100 brn
|
|-heal|p1a: Ursaluna|66/100 brn|[from] move: Wish|[wisher] Scream Tail
|-damage|p1a: Ursaluna|60/100 brn|[from] brn
|upkeep
|turn|74
|
|t:|1769337463
|move|p2a: Slowking|Ice Beam|p1a: Ursaluna
|-supereffective|p1a: Ursaluna
|-damage|p1a: Ursaluna|18/100 brn
|move|p1a: Ursaluna|Facade|p2a: Slowking
|-damage|p2a: Slowking|11/100
|
|-damage|p1a: Ursaluna|12/100 brn|[from] brn
|upkeep
|turn|75
|
|t:|1769337470
|move|p2a: Slowking|Sludge Bomb|p1a: Ursaluna
|-resisted|p1a: Ursaluna
|-damage|p1a: Ursaluna|0 fnt
|faint|p1a: Ursaluna
|
|-fieldend|move: Trick Room
|upkeep
|
|t:|1769337473
|switch|p1a: Latios|Latios, M|45/100
|turn|76
|
|t:|1769337475
|switch|p2a: Hydrapple|Hydrapple, M|83/100
|move|p1a: Latios|Luster Purge|p2a: Hydrapple
|-damage|p2a: Hydrapple|28/100
|
|-heal|p1a: Latios|51/100|[from] item: Leftovers
|upkeep
|turn|77
|
|t:|1769337478
|switch|p2a: Slowking|Slowking-Galar, M|44/100
|move|p1a: Latios|Luster Purge|p2a: Slowking
|-damage|p2a: Slowking|16/100
|-unboost|p2a: Slowking|spd|1
|
|-heal|p1a: Latios|57/100|[from] item: Leftovers
|upkeep
|turn|78
|
|t:|1769337481
|switch|p2a: Zamazenta|Zamazenta, tera:Fire|94/100
|move|p1a: Latios|Luster Purge|p2a: Zamazenta
|-damage|p2a: Zamazenta|47/100
|
|-heal|p1a: Latios|63/100|[from] item: Leftovers
|upkeep
|turn|79
|
|t:|1769337488
|switch|p1a: Iron Hands|Iron Hands|99/100
|move|p2a: Zamazenta|Roar|p1a: Iron Hands
|-end|p1a: Iron Hands|Quark Drive|[silent]
|drag|p1a: Talonflame|Talonflame, F|27/100
|
|upkeep
|turn|80
|
|t:|1769337494
|move|p1a: Talonflame|U-turn|p2a: Zamazenta
|-resisted|p2a: Zamazenta
|-damage|p2a: Zamazenta|43/100
|
|t:|1769337497
|switch|p1a: Iron Hands|Iron Hands|99/100|[from] U-turn
|move|p2a: Zamazenta|Roar|p1a: Iron Hands
|-end|p1a: Iron Hands|Quark Drive|[silent]
|drag|p1a: Talonflame|Talonflame, F|27/100
|
|upkeep
|turn|81
|
|t:|1769337503
|move|p1a: Talonflame|U-turn|p2a: Zamazenta
|-resisted|p2a: Zamazenta
|-damage|p2a: Zamazenta|38/100
|
|t:|1769337506
|switch|p1a: Iron Hands|Iron Hands|99/100|[from] U-turn
|move|p2a: Zamazenta|Roar|p1a: Iron Hands
|-end|p1a: Iron Hands|Quark Drive|[silent]
|drag|p1a: Scream Tail|Scream Tail|100/100
|
|upkeep
|turn|82
|
|t:|1769337519
|-end|p1a: Scream Tail|Protosynthesis|[silent]
|switch|p1a: Iron Hands|Iron Hands|99/100
|move|p2a: Zamazenta|Roar|p1a: Iron Hands
|-end|p1a: Iron Hands|Quark Drive|[silent]
|drag|p1a: Scream Tail|Scream Tail|100/100
|
|upkeep
|turn|83
|
|t:|1769337525
|-end|p1a: Scream Tail|Protosynthesis|[silent]
|switch|p1a: Iron Hands|Iron Hands|99/100
|move|p2a: Zamazenta|Roar|p1a: Iron Hands
|-end|p1a: Iron Hands|Quark Drive|[silent]
|drag|p1a: Scream Tail|Scream Tail|100/100
|
|upkeep
|turn|84
|
|t:|1769337531
|-end|p1a: Scream Tail|Protosynthesis|[silent]
|switch|p1a: Iron Hands|Iron Hands|99/100
|move|p2a: Zamazenta|Roar|p1a: Iron Hands
|-end|p1a: Iron Hands|Quark Drive|[silent]
|drag|p1a: Latios|Latios, M|63/100
|
|-heal|p1a: Latios|69/100|[from] item: Leftovers
|upkeep
|turn|85
|
|t:|1769337535
|switch|p2a: Slowking|Slowking-Galar, M|49/100
|move|p1a: Latios|Future Sight|p2a: Slowking
|-start|p1a: Latios|move: Future Sight
|
|-heal|p1a: Latios|75/100|[from] item: Leftovers
|upkeep
|turn|86
|
|t:|1769337539
|-terastallize|p1a: Latios|Steel
|move|p1a: Latios|Luster Purge|p2a: Slowking
|-damage|p2a: Slowking|22/100
|-unboost|p2a: Slowking|spd|1
|move|p2a: Slowking|Sludge Bomb|p1a: Latios
|-immune|p1a: Latios
|
|-heal|p1a: Latios|81/100|[from] item: Leftovers
|upkeep
|turn|87
|
|t:|1769337547
|switch|p2a: Zamazenta|Zamazenta, tera:Fire|38/100
|move|p1a: Latios|Luster Purge|p2a: Zamazenta
|-damage|p2a: Zamazenta|0 fnt
|faint|p2a: Zamazenta
|
|-hint|Future Sight did not hit because the target is fainted.
|-heal|p1a: Latios|87/100|[from] item: Leftovers
|upkeep
|
|t:|1769337548
|switch|p2a: Slowking|Slowking-Galar, M|56/100
|turn|88
|
|t:|1769337557
|switch|p2a: Hydrapple|Hydrapple, M|62/100
|move|p1a: Latios|Future Sight|p2a: Hydrapple
|-start|p1a: Latios|move: Future Sight
|
|-heal|p1a: Latios|93/100|[from] item: Leftovers
|upkeep
|turn|89
|
|t:|1769337561
|move|p1a: Latios|Draco Meteor|p2a: Hydrapple
|-supereffective|p2a: Hydrapple
|-damage|p2a: Hydrapple|0 fnt
|-unboost|p1a: Latios|spa|2
|faint|p2a: Hydrapple
|
|-heal|p1a: Latios|99/100|[from] item: Leftovers
|upkeep
|
|t:|1769337563
|switch|p2a: Slowking|Slowking-Galar, M|89/100
|turn|90
|
|t:|1769337566
|switch|p1a: Talonflame|Talonflame, F|27/100
|move|p2a: Slowking|Ice Beam|p1a: Talonflame
|-damage|p1a: Talonflame|0 fnt
|faint|p1a: Talonflame
|
|-end|p2a: Slowking|move: Future Sight
|-damage|p2a: Slowking|56/100
|upkeep
|
|t:|1769337572
|switch|p1a: Latios|Latios, M, tera:Steel|99/100
|turn|91
|
|t:|1769337574
|move|p1a: Latios|Future Sight|p2a: Slowking
|-start|p1a: Latios|move: Future Sight
|move|p2a: Slowking|Flamethrower|p1a: Latios
|-supereffective|p1a: Latios
|-damage|p1a: Latios|53/100
|-status|p1a: Latios|brn
|
|-heal|p1a: Latios|59/100 brn|[from] item: Leftovers
|-damage|p1a: Latios|53/100 brn|[from] brn
|upkeep
|turn|92
|
|t:|1769337581
|switch|p1a: Scream Tail|Scream Tail|100/100
|move|p2a: Slowking|Ice Beam|p1a: Scream Tail
|-damage|p1a: Scream Tail|88/100
|
|-heal|p1a: Scream Tail|94/100|[from] item: Leftovers
|upkeep
|turn|93
|
|t:|1769337590
|move|p1a: Scream Tail|Encore|p2a: Slowking
|-start|p2a: Slowking|Encore
|move|p2a: Slowking|Ice Beam|p1a: Scream Tail
|-damage|p1a: Scream Tail|83/100
|
|-end|p2a: Slowking|move: Future Sight
|-damage|p2a: Slowking|23/100
|-heal|p1a: Scream Tail|89/100|[from] item: Leftovers
|upkeep
|turn|94
|
|t:|1769337599
|move|p1a: Scream Tail|Wish|p1a: Scream Tail
|move|p2a: Slowking|Ice Beam|p1a: Scream Tail
|-damage|p1a: Scream Tail|77/100
|
|-heal|p1a: Scream Tail|83/100|[from] item: Leftovers
|upkeep
|turn|95
|
|t:|1769337601
|-end|p1a: Scream Tail|Protosynthesis|[silent]
|switch|p1a: Latios|Latios, M, tera:Steel|53/100 brn
|move|p2a: Slowking|Ice Beam|p1a: Latios
|-resisted|p1a: Latios
|-damage|p1a: Latios|41/100 brn
|
|-heal|p1a: Latios|100/100 brn|[from] move: Wish|[wisher] Scream Tail
|-damage|p1a: Latios|95/100 brn|[from] brn
|-end|p2a: Slowking|Encore
|upkeep
|turn|96
|
|t:|1769337605
|move|p1a: Latios|Future Sight|p2a: Slowking
|-start|p1a: Latios|move: Future Sight
|move|p2a: Slowking|Ice Beam|p1a: Latios
|-resisted|p1a: Latios
|-damage|p1a: Latios|83/100 brn
|
|-heal|p1a: Latios|89/100 brn|[from] item: Leftovers
|-damage|p1a: Latios|83/100 brn|[from] brn
|upkeep
|turn|97
|
|t:|1769337609
|move|p1a: Latios|Luster Purge|p2a: Slowking
|-damage|p2a: Slowking|0 fnt
|faint|p2a: Slowking
|
|win|Hgfhhfghfff
|raw|Hgfhhfghfff's rating: 1586 &rarr; <strong>1608</strong><br />(+22 for winning)
|raw|CambridgeFoulPlay's rating: 1626 &rarr; <strong>1604</strong><br />(-22 for losing)
|c|☆CambridgeFoulPlay|gg
|l|☆CambridgeFoulPlay
|player|p2|
|l|☆Hgfhhfghfff
|player|p1|
