|j|☆lolcano46
|j|☆Jagonite
|t:|1769309888
|gametype|singles
|player|p1|lolcano46|fisherman-gen4|1543
|player|p2|Jagonite|266|1553
|gen|9
|tier|[Gen 9] OU
|rated|
|rule|HP Percentage Mod: HP is shown in percentages
|rule|Endless Battle Clause: Forcing endless battles is banned
|rule|Species Clause: Limit one of each Pokémon
|rule|OHKO Clause: OHKO moves are banned
|rule|Evasion Items Clause: Evasion items are banned
|rule|Evasion Moves Clause: Evasion moves are banned
|rule|Evasion Abilities Clause: Evasion abilities are banned
|rule|Sleep Moves Clause: Sleep-inducing moves are banned
|clearpoke
|poke|p1|Azelf|
|poke|p1|Ogerpon-Wellspring, F|
|poke|p1|Scizor, M|
|poke|p1|Gengar, M|
|poke|p1|Raging Bolt|
|poke|p1|Cinderace, M|
|poke|p2|Ting-Lu|
|poke|p2|Iron Crown|
|poke|p2|Pecharunt|
|poke|p2|Zamazenta-*|
|poke|p2|Dragonite, F|
|poke|p2|Mew|
|teampreview
|inactive|Battle timer is ON: inactive players will automatically lose when time's up. (requested by lolcano46)
|
|t:|1769309910
|teamsize|p1|6
|teamsize|p2|6
|start
|switch|p1a: Gengar|Gengar, M|100/100
|switch|p2a: Ting-Lu|Ting-Lu|100/100
|-ability|p2a: Ting-Lu|Vessel of Ruin
|turn|1
|
|t:|1769309916
|move|p1a: Gengar|Trick|p2a: Ting-Lu
|-activate|p1a: Gengar|move: Trick|[of] p2a: Ting-Lu
|-item|p2a: Ting-Lu|Choice Scarf|[from] move: Trick
|-item|p1a: Gengar|Leftovers|[from] move: Trick
|move|p2a: Ting-Lu|Earthquake|p1a: Gengar
|-supereffective|p1a: Gengar
|-damage|p1a: Gengar|0 fnt
|faint|p1a: Gengar
|
|upkeep
|
|t:|1769309921
|switch|p1a: Azelf|Azelf|100/100
|turn|2
|
|t:|1769309945
|switch|p2a: Iron Crown|Iron Crown|100/100
|move|p1a: Azelf|Flamethrower|p2a: Iron Crown
|-supereffective|p2a: Iron Crown
|-damage|p2a: Iron Crown|30/100
|
|upkeep
|turn|3
|
|t:|1769309954
|-end|p2a: Iron Crown|Quark Drive|[silent]
|switch|p2a: Ting-Lu|Ting-Lu|100/100
|-ability|p2a: Ting-Lu|Vessel of Ruin
|move|p1a: Azelf|Flamethrower|p2a: Ting-Lu
|-damage|p2a: Ting-Lu|88/100
|
|upkeep
|turn|4
|
|t:|1769309957
|move|p1a: Azelf|Dazzling Gleam|p2a: Ting-Lu
|-supereffective|p2a: Ting-Lu
|-damage|p2a: Ting-Lu|60/100
|move|p2a: Ting-Lu|Stealth Rock|p1a: Azelf
|-sidestart|p1: lolcano46|move: Stealth Rock
|
|upkeep
|turn|5
|
|t:|1769309963
|switch|p2a: Iron Crown|Iron Crown|30/100
|move|p1a: Azelf|Dazzling Gleam|p2a: Iron Crown
|-resisted|p2a: Iron Crown
|-crit|p2a: Iron Crown
|-damage|p2a: Iron Crown|9/100
|
|upkeep
|turn|6
|
|t:|1769309966
|move|p1a: Azelf|Flamethrower|p2a: Iron Crown
|-supereffective|p2a: Iron Crown
|-damage|p2a: Iron Crown|0 fnt
|faint|p2a: Iron Crown
|-end|p2a: Iron Crown|Quark Drive|[silent]
|
|upkeep
|
|t:|1769309969
|switch|p2a: Dragonite|Dragonite, F|100/100
|turn|7
|
|t:|1769309973
|-terastallize|p2a: Dragonite|Normal
|move|p2a: Dragonite|Extreme Speed|p1a: Azelf
|-damage|p1a: Azelf|2/100
|move|p1a: Azelf|Dazzling Gleam|p2a: Dragonite
|-damage|p2a: Dragonite|90/100
|
|upkeep
|turn|8
|
|t:|1769309977
|move|p2a: Dragonite|Extreme Speed|p1a: Azelf
|-damage|p1a: Azelf|0 fnt
|faint|p1a: Azelf
|
|upkeep
|
|t:|1769309979
|switch|p1a: Cinderace|Cinderace, M|100/100
|turn|9
|
|t:|1769309997
|switch|p2a: Ting-Lu|Ting-Lu|60/100
|-ability|p2a: Ting-Lu|Vessel of Ruin
|move|p1a: Cinderace|Will-O-Wisp|p2a: Ting-Lu|[miss]
|-miss|p1a: Cinderace|p2a: Ting-Lu
|
|upkeep
|turn|10
|
|t:|1769310003
|move|p1a: Cinderace|Will-O-Wisp|p2a: Ting-Lu
|-status|p2a: Ting-Lu|brn
|move|p2a: Ting-Lu|Ruination|p1a: Cinderace
|-damage|p1a: Cinderace|51/100
|
|-damage|p2a: Ting-Lu|54/100 brn|[from] brn
|upkeep
|turn|11
|
|t:|1769310016
|move|p1a: Cinderace|Pyro Ball|p2a: Ting-Lu
|-damage|p2a: Ting-Lu|24/100 brn
|move|p2a: Ting-Lu|Ruination|p1a: Cinderace
|-damage|p1a: Cinderace|26/100
|
|-damage|p2a: Ting-Lu|18/100 brn|[from] brn
|upkeep
|turn|12
|
|t:|1769310019
|move|p1a: Cinderace|Pyro Ball|p2a: Ting-Lu
|-damage|p2a: Ting-Lu|0 fnt
|faint|p2a: Ting-Lu
|
|upkeep
|
|t:|1769310046
|switch|p2a: Dragonite|Dragonite, F, tera:Normal|90/100
|turn|13
|
|t:|1769310050
|-terastallize|p1a: Cinderace|Ghost
|move|p2a: Dragonite|Extreme Speed|p1a: Cinderace
|-immune|p1a: Cinderace
|move|p1a: Cinderace|Will-O-Wisp|p2a: Dragonite
|-status|p2a: Dragonite|brn
|
|-damage|p2a: Dragonite|84/100 brn|[from] brn
|upkeep
|turn|14
|
|t:|1769310059
|switch|p2a: Zamazenta|Zamazenta|100/100
|-ability|p2a: Zamazenta|Dauntless Shield|boost
|-boost|p2a: Zamazenta|def|1
|move|p1a: Cinderace|Court Change|p1a: Cinderace
|-swapsideconditions
|-activate|p1a: Cinderace|move: Court Change
|
|upkeep
|turn|15
|
|t:|1769310065
|move|p1a: Cinderace|Will-O-Wisp|p2a: Zamazenta
|-status|p2a: Zamazenta|brn
|move|p2a: Zamazenta|Iron Defense|p2a: Zamazenta
|-boost|p2a: Zamazenta|def|2
|
|-damage|p2a: Zamazenta|94/100 brn|[from] brn
|upkeep
|turn|16
|
|t:|1769310072
|move|p1a: Cinderace|Pyro Ball|p2a: Zamazenta
|-damage|p2a: Zamazenta|79/100 brn
|move|p2a: Zamazenta|Iron Defense|p2a: Zamazenta
|-boost|p2a: Zamazenta|def|2
|
|-damage|p2a: Zamazenta|72/100 brn|[from] brn
|upkeep
|turn|17
|
|t:|1769310076
|move|p1a: Cinderace|Pyro Ball|p2a: Zamazenta
|-damage|p2a: Zamazenta|62/100 brn
|move|p2a: Zamazenta|Iron Head|p1a: Cinderace
|-damage|p1a: Cinderace|11/100
|
|-damage|p2a: Zamazenta|56/100 brn|[from] brn
|upkeep
|turn|18
|
|t:|1769310081
|move|p1a: Cinderace|Pyro Ball|p2a: Zamazenta
|-damage|p2a: Zamazenta|47/100 brn
|move|p2a: Zamazenta|Iron Head|p1a: Cinderace
|-damage|p1a: Cinderace|0 fnt
|faint|p1a: Cinderace
|
|-damage|p2a: Zamazenta|40/100 brn|[from] brn
|upkeep
|
|t:|1769310086
|switch|p1a: Raging Bolt|Raging Bolt|100/100
|-enditem|p1a: Raging Bolt|Booster Energy
|-activate|p1a: Raging Bolt|ability: Protosynthesis|[fromitem]
|-start|p1a: Raging Bolt|protosynthesisspa
|turn|19
|
|t:|1769310092
|move|p2a: Zamazenta|Body Press|p1a: Raging Bolt
|-damage|p1a: Raging Bolt|42/100
|move|p1a: Raging Bolt|Thunderbolt|p2a: Zamazenta
|-damage|p2a: Zamazenta|0 fnt
|faint|p2a: Zamazenta
|
|upkeep
|
|t:|1769310099
|switch|p2a: Dragonite|Dragonite, F, tera:Normal|84/100 brn
|-damage|p2a: Dragonite|72/100 brn|[from] Stealth Rock
|turn|20
|
|t:|1769310104
|move|p1a: Raging Bolt|Thunderbolt|p2a: Dragonite
|-damage|p2a: Dragonite|21/100 brn
|move|p2a: Dragonite|Outrage|p1a: Raging Bolt
|-supereffective|p1a: Raging Bolt
|-damage|p1a: Raging Bolt|0 fnt
|faint|p1a: Raging Bolt
|-end|p1a: Raging Bolt|Protosynthesis|[silent]
|
|-damage|p2a: Dragonite|15/100 brn|[from] brn
|upkeep
|
|t:|1769310108
|switch|p1a: Scizor|Scizor, M|100/100
|turn|21
|
|t:|1769310111
|move|p1a: Scizor|Swords Dance|p1a: Scizor
|-boost|p1a: Scizor|atk|2
|move|p2a: Dragonite|Outrage|p1a: Scizor|[from] lockedmove
|-resisted|p1a: Scizor
|-damage|p1a: Scizor|76/100
|
|-damage|p2a: Dragonite|9/100 brn|[from] brn
|upkeep
|turn|22
|
|t:|1769310117
|move|p1a: Scizor|Bullet Punch|p2a: Dragonite
|-damage|p2a: Dragonite|0 fnt
|faint|p2a: Dragonite
|
|upkeep
|
|t:|1769310119
|switch|p2a: Pecharunt|Pecharunt|100/100
|turn|23
|
|t:|1769310125
|move|p2a: Pecharunt|Hex|p1a: Scizor
|-damage|p1a: Scizor|50/100
|move|p1a: Scizor|Knock Off|p2a: Pecharunt
|-supereffective|p2a: Pecharunt
|-damage|p2a: Pecharunt|34/100
|-enditem|p2a: Pecharunt|Heavy-Duty Boots|[from] move: Knock Off|[of] p1a: Scizor
|
|upkeep
|turn|24
|
|t:|1769310133
|move|p1a: Scizor|Bullet Punch|p2a: Pecharunt
|-crit|p2a: Pecharunt
|-damage|p2a: Pecharunt|0 fnt
|faint|p2a: Pecharunt
|
|upkeep
|
|t:|1769310135
|switch|p2a: Mew|Mew|100/100
|-damage|p2a: Mew|88/100|[from] Stealth Rock
|turn|25
|
|t:|1769310139
|move|p1a: Scizor|Bullet Punch|p2a: Mew
|-damage|p2a: Mew|8/100
|move|p2a: Mew|Brave Bird|p1a: Scizor
|-damage|p1a: Scizor|0 fnt
|faint|p1a: Scizor
|-damage|p2a: Mew|0 fnt|[from] Recoil
|faint|p2a: Mew
|
|win|lolcano46
|raw|lolcano46's rating: 1543 &rarr; <strong>1564</strong><br />(+21 for winning)
|raw|Jagonite's rating: 1553 &rarr; <strong>1532</strong><br />(-21 for losing)
|l|☆Jagonite
|player|p2|
|l|☆lolcano46
|player|p1|
