|j|☆Aeybees
|j|☆sllalaal
|t:|1769432110
|gametype|singles
|player|p1|Aeybees|265|1115
|player|p2|sllalaal|acetrainer-gen4dp|1111
|gen|9
|tier|[Gen 9] OU
|rated|
|rule|HP Percentage Mod: HP is shown in percentages
|rule|Endless Battle Clause: Forcing endless battles is banned
|rule|Species Clause: Limit one of each Pokémon
|rule|OHKO Clause: OHKO moves are banned
|rule|Evasion Items Clause: Evasion items are banned
|rule|Evasion Moves Clause: Evasion moves are banned
|rule|Evasion Abilities Clause: Evasion abilities are banned
|rule|Sleep Moves Clause: Sleep-inducing moves are banned
|clearpoke
|poke|p1|Toxapex, M|
|poke|p1|Tinkaton, F|
|poke|p1|Gliscor, M|
|poke|p1|Gholdengo|
|poke|p1|Iron Moth|
|poke|p1|Corviknight, F|
|poke|p2|Iron Hands|
|poke|p2|Latios, M|
|poke|p2|Milotic, M|
|poke|p2|Espeon, M|
|poke|p2|Grimmsnarl, M|
|poke|p2|Golem, M|
|teampreview
|inactive|Battle timer is ON: inactive players will automatically lose when time's up. (requested by Aeybees)
|
|t:|1769432118
|teamsize|p1|6
|teamsize|p2|6
|start
|switch|p1a: Gliscor|Gliscor, M|100/100
|switch|p2a: Iron Hands|Iron Hands, shiny|100/100
|turn|1
|
|t:|1769432124
|move|p1a: Gliscor|Protect|p1a: Gliscor
|-singleturn|p1a: Gliscor|Protect
|move|p2a: Iron Hands|Fake Out|p1a: Gliscor
|-activate|p1a: Gliscor|move: Protect
|
|-status|p1a: Gliscor|tox|[from] item: Toxic Orb
|upkeep
|turn|2
|
|t:|1769432131
|-end|p2a: Iron Hands|Quark Drive|[silent]
|switch|p2a: Espeon|Espeon, M, shiny|100/100
|move|p1a: Gliscor|Stealth Rock|p2a: Espeon
|move|p2a: Espeon|Stealth Rock|p1a: Gliscor|[from] ability: Magic Bounce
|-sidestart|p1: Aeybees|move: Stealth Rock
|
|upkeep
|turn|3
|
|t:|1769432140
|move|p2a: Espeon|Psychic Noise|p1a: Gliscor
|-damage|p1a: Gliscor|75/100 tox
|-start|p1a: Gliscor|move: Heal Block
|move|p1a: Gliscor|Earthquake|p2a: Espeon
|-damage|p2a: Espeon|62/100
|
|upkeep
|turn|4
|
|t:|1769432153
|switch|p2a: Latios|Latios, M|100/100
|move|p1a: Gliscor|Earthquake|p2a: Latios
|-immune|p2a: Latios|[from] ability: Levitate
|
|-end|p1a: Gliscor|move: Heal Block
|upkeep
|turn|5
|
|t:|1769432160
|move|p1a: Gliscor|Protect|p1a: Gliscor
|-singleturn|p1a: Gliscor|Protect
|move|p2a: Latios|Draco Meteor|p1a: Gliscor
|-activate|p1a: Gliscor|move: Protect
|
|-heal|p1a: Gliscor|87/100 tox|[from] ability: Poison Heal
|upkeep
|turn|6
|
|t:|1769432171
|switch|p2a: Espeon|Espeon, M, shiny|62/100
|switch|p1a: Tinkaton|Tinkaton, F|100/100
|-damage|p1a: Tinkaton|94/100|[from] Stealth Rock
|
|-heal|p1a: Tinkaton|100/100|[from] item: Leftovers
|upkeep
|turn|7
|
|t:|1769432180
|move|p2a: Espeon|Trick|p1a: Tinkaton
|-activate|p2a: Espeon|move: Trick|[of] p1a: Tinkaton
|-item|p1a: Tinkaton|Choice Scarf|[from] move: Trick
|-item|p2a: Espeon|Leftovers|[from] move: Trick
|move|p1a: Tinkaton|Knock Off|p2a: Espeon
|-supereffective|p2a: Espeon
|-damage|p2a: Espeon|20/100
|-enditem|p2a: Espeon|Leftovers|[from] move: Knock Off|[of] p1a: Tinkaton
|
|upkeep
|turn|8
|
|t:|1769432192
|move|p1a: Tinkaton|Knock Off|p2a: Espeon
|-supereffective|p2a: Espeon
|-damage|p2a: Espeon|0 fnt
|faint|p2a: Espeon
|
|upkeep
|
|t:|1769432200
|switch|p2a: Latios|Latios, M|100/100
|turn|9
|
|t:|1769432203
|-terastallize|p2a: Latios|Fire
|move|p2a: Latios|Tera Blast|p1a: Tinkaton|[anim] Tera Blast Fire
|-supereffective|p1a: Tinkaton
|-damage|p1a: Tinkaton|10/100
|move|p1a: Tinkaton|Knock Off|p2a: Latios
|-damage|p2a: Latios|76/100
|-enditem|p2a: Latios|Choice Specs|[from] move: Knock Off|[of] p1a: Tinkaton
|
|upkeep
|turn|10
|
|t:|1769432214
|switch|p1a: Toxapex|Toxapex, M|100/100
|-damage|p1a: Toxapex|88/100|[from] Stealth Rock
|move|p2a: Latios|Flip Turn|p1a: Toxapex
|-resisted|p1a: Toxapex
|-damage|p1a: Toxapex|85/100
|
|t:|1769432223
|switch|p2a: Grimmsnarl|Grimmsnarl, M, shiny|100/100|[from] Flip Turn
|
|-heal|p1a: Toxapex|91/100|[from] item: Leftovers
|upkeep
|turn|11
|
|t:|1769432232
|move|p2a: Grimmsnarl|Bulk Up|p2a: Grimmsnarl
|-boost|p2a: Grimmsnarl|atk|1
|-boost|p2a: Grimmsnarl|def|1
|move|p1a: Toxapex|Toxic|p2a: Grimmsnarl
|-status|p2a: Grimmsnarl|tox
|
|-heal|p1a: Toxapex|97/100|[from] item: Leftovers
|-damage|p2a: Grimmsnarl|94/100 tox|[from] psn
|upkeep
|turn|12
|
|t:|1769432240
|move|p2a: Grimmsnarl|Metronome|p2a: Grimmsnarl
|move|p2a: Grimmsnarl|Pound|p1a: Toxapex|[from] move: Metronome
|-damage|p1a: Toxapex|85/100
|move|p1a: Toxapex|Haze|p1a: Toxapex
|-clearallboost
|
|-heal|p1a: Toxapex|91/100|[from] item: Leftovers
|-damage|p2a: Grimmsnarl|82/100 tox|[from] psn
|upkeep
|turn|13
|
|t:|1769432251
|move|p2a: Grimmsnarl|Bulk Up|p2a: Grimmsnarl
|-boost|p2a: Grimmsnarl|atk|1
|-boost|p2a: Grimmsnarl|def|1
|move|p1a: Toxapex|Liquidation|p2a: Grimmsnarl
|-damage|p2a: Grimmsnarl|66/100 tox
|
|-heal|p1a: Toxapex|97/100|[from] item: Leftovers
|-damage|p2a: Grimmsnarl|48/100 tox|[from] psn
|upkeep
|turn|14
|
|t:|1769432259
|move|p2a: Grimmsnarl|Metronome|p2a: Grimmsnarl
|move|p2a: Grimmsnarl|Bite|p1a: Toxapex|[from] move: Metronome
|-damage|p1a: Toxapex|72/100
|move|p1a: Toxapex|Haze|p1a: Toxapex
|-clearallboost
|
|-heal|p1a: Toxapex|78/100|[from] item: Leftovers
|-damage|p2a: Grimmsnarl|23/100 tox|[from] psn
|upkeep
|-enditem|p2a: Grimmsnarl|Mago Berry|[eat]
|-heal|p2a: Grimmsnarl|57/100 tox|[from] item: Mago Berry
|turn|15
|
|t:|1769432276
|move|p2a: Grimmsnarl|Metronome|p2a: Grimmsnarl
|move|p2a: Grimmsnarl|Heat Crash|p1a: Toxapex|[from] move: Metronome
|-resisted|p1a: Toxapex
|-damage|p1a: Toxapex|69/100
|move|p1a: Toxapex|Haze|p1a: Toxapex
|-clearallboost
|
|-heal|p1a: Toxapex|75/100|[from] item: Leftovers
|-damage|p2a: Grimmsnarl|26/100 tox|[from] psn
|upkeep
|turn|16
|
|t:|1769432286
|move|p2a: Grimmsnarl|Metronome|p2a: Grimmsnarl
|move|p2a: Grimmsnarl|Flame Wheel|p1a: Toxapex|[from] move: Metronome
|-resisted|p1a: Toxapex
|-damage|p1a: Toxapex|69/100
|move|p1a: Toxapex|Recover|p1a: Toxapex
|-heal|p1a: Toxapex|100/100
|
|-damage|p2a: Grimmsnarl|0 fnt|[from] psn
|faint|p2a: Grimmsnarl
|upkeep
|
|t:|1769432291
|switch|p2a: Iron Hands|Iron Hands, shiny|100/100
|turn|17
|
|t:|1769432308
|move|p2a: Iron Hands|Fake Out|p1a: Toxapex
|-damage|p1a: Toxapex|90/100
|cant|p1a: Toxapex|flinch
|
|-heal|p1a: Toxapex|96/100|[from] item: Leftovers
|upkeep
|turn|18
|
|t:|1769432315
|move|p2a: Iron Hands|Supercell Slam|p1a: Toxapex
|-supereffective|p1a: Toxapex
|-damage|p1a: Toxapex|13/100
|move|p1a: Toxapex|Toxic|p2a: Iron Hands
|-status|p2a: Iron Hands|tox
|
|-heal|p1a: Toxapex|19/100|[from] item: Leftovers
|-damage|p2a: Iron Hands|94/100 tox|[from] psn
|upkeep
|turn|19
|
|t:|1769432325
|switch|p1a: Gliscor|Gliscor, M|87/100 tox
|-damage|p1a: Gliscor|75/100 tox|[from] Stealth Rock
|move|p2a: Iron Hands|Close Combat|p1a: Gliscor
|-resisted|p1a: Gliscor
|-damage|p1a: Gliscor|48/100 tox
|-unboost|p2a: Iron Hands|def|1
|-unboost|p2a: Iron Hands|spd|1
|
|-heal|p1a: Gliscor|60/100 tox|[from] ability: Poison Heal
|-damage|p2a: Iron Hands|82/100 tox|[from] psn
|upkeep
|turn|20
|
|t:|1769432337
|-end|p2a: Iron Hands|Quark Drive|[silent]
|switch|p2a: Latios|Latios, M, tera:Fire|76/100
|move|p1a: Gliscor|Earthquake|p2a: Latios
|-immune|p2a: Latios|[from] ability: Levitate
|
|-heal|p1a: Gliscor|73/100 tox|[from] ability: Poison Heal
|upkeep
|turn|21
|
|t:|1769432353
|move|p1a: Gliscor|Protect|p1a: Gliscor
|-singleturn|p1a: Gliscor|Protect
|move|p2a: Latios|Flip Turn|p1a: Gliscor
|-activate|p1a: Gliscor|move: Protect
|
|-heal|p1a: Gliscor|85/100 tox|[from] ability: Poison Heal
|upkeep
|turn|22
|
|t:|1769432365
|move|p2a: Latios|Draco Meteor|p1a: Gliscor
|-damage|p1a: Gliscor|29/100 tox
|-unboost|p2a: Latios|spa|2
|move|p1a: Gliscor|Stealth Rock|p2a: Latios
|-sidestart|p2: sllalaal|move: Stealth Rock
|
|-heal|p1a: Gliscor|41/100 tox|[from] ability: Poison Heal
|upkeep
|turn|23
|
|t:|1769432380
|move|p1a: Gliscor|Protect|p1a: Gliscor
|-singleturn|p1a: Gliscor|Protect
|move|p2a: Latios|Flip Turn|p1a: Gliscor
|-activate|p1a: Gliscor|move: Protect
|
|-heal|p1a: Gliscor|54/100 tox|[from] ability: Poison Heal
|upkeep
|turn|24
|
|t:|1769432397
|switch|p1a: Tinkaton|Tinkaton, F|10/100
|-damage|p1a: Tinkaton|4/100|[from] Stealth Rock
|move|p2a: Latios|Flip Turn|p1a: Tinkaton
|-damage|p1a: Tinkaton|0 fnt
|faint|p1a: Tinkaton
|
|t:|1769432403
|switch|p2a: Iron Hands|Iron Hands, shiny|82/100 tox|[from] Flip Turn
|-damage|p2a: Iron Hands|76/100 tox|[from] Stealth Rock
|
|-damage|p2a: Iron Hands|69/100 tox|[from] psn
|upkeep
|
|t:|1769432416
|switch|p1a: Iron Moth|Iron Moth|100/100
|-damage|p1a: Iron Moth|76/100|[from] Stealth Rock
|-enditem|p1a: Iron Moth|Booster Energy
|-activate|p1a: Iron Moth|ability: Quark Drive|[fromitem]
|-start|p1a: Iron Moth|quarkdrivespe
|turn|25
|
|t:|1769432426
|-terastallize|p1a: Iron Moth|Fairy
|move|p2a: Iron Hands|Fake Out|p1a: Iron Moth
|-damage|p1a: Iron Moth|53/100
|cant|p1a: Iron Moth|flinch
|
|-damage|p2a: Iron Hands|57/100 tox|[from] psn
|upkeep
|turn|26
|
|t:|1769432433
|move|p1a: Iron Moth|Dazzling Gleam|p2a: Iron Hands
|-supereffective|p2a: Iron Hands
|-damage|p2a: Iron Hands|18/100 tox
|move|p2a: Iron Hands|Heavy Slam|p1a: Iron Moth
|-supereffective|p1a: Iron Moth
|-damage|p1a: Iron Moth|0 fnt
|faint|p1a: Iron Moth
|-end|p1a: Iron Moth|Quark Drive|[silent]
|
|-damage|p2a: Iron Hands|0 fnt|[from] psn
|faint|p2a: Iron Hands
|-end|p2a: Iron Hands|Quark Drive|[silent]
|upkeep
|
|t:|1769432442
|switch|p1a: Toxapex|Toxapex, M|52/100
|switch|p2a: Latios|Latios, M, tera:Fire|76/100
|-damage|p2a: Latios|51/100|[from] Stealth Rock
|-damage|p1a: Toxapex|40/100|[from] Stealth Rock
|turn|27
|
|t:|1769432456
|move|p2a: Latios|Luster Purge|p1a: Toxapex
|-supereffective|p1a: Toxapex
|-damage|p1a: Toxapex|0 fnt
|faint|p1a: Toxapex
|
|upkeep
|
|t:|1769432460
|switch|p1a: Gholdengo|Gholdengo|100/100
|turn|28
|
|t:|1769432473
|switch|p1a: Gliscor|Gliscor, M|54/100 tox
|-damage|p1a: Gliscor|41/100 tox|[from] Stealth Rock
|move|p2a: Latios|Flip Turn|p1a: Gliscor
|-supereffective|p1a: Gliscor
|-damage|p1a: Gliscor|24/100 tox
|
|t:|1769432477
|switch|p2a: Milotic|Milotic, M, shiny|100/100|[from] Flip Turn
|-damage|p2a: Milotic|88/100|[from] Stealth Rock
|
|-heal|p1a: Gliscor|37/100 tox|[from] ability: Poison Heal
|upkeep
|turn|29
|
|t:|1769432485
|move|p1a: Gliscor|Protect|p1a: Gliscor
|-singleturn|p1a: Gliscor|Protect
|move|p2a: Milotic|Waterfall|p1a: Gliscor
|-activate|p1a: Gliscor|move: Protect
|
|-heal|p1a: Gliscor|49/100 tox|[from] ability: Poison Heal
|upkeep
|turn|30
|
|t:|1769432506
|move|p1a: Gliscor|U-turn|p2a: Milotic
|-damage|p2a: Milotic|69/100
|
|t:|1769432508
|switch|p1a: Corviknight|Corviknight, F|100/100|[from] U-turn
|-damage|p1a: Corviknight|88/100|[from] Stealth Rock
|-ability|p1a: Corviknight|Pressure
|move|p2a: Milotic|Waterfall|p1a: Corviknight
|-damage|p1a: Corviknight|71/100
|
|-heal|p1a: Corviknight|77/100|[from] item: Leftovers
|upkeep
|turn|31
|
|t:|1769432524
|move|p2a: Milotic|Recover|p2a: Milotic
|-heal|p2a: Milotic|100/100
|move|p1a: Corviknight|Brave Bird|p2a: Milotic
|-damage|p2a: Milotic|52/100
|-damage|p1a: Corviknight|64/100|[from] Recoil
|
|-heal|p1a: Corviknight|70/100|[from] item: Leftovers
|upkeep
|turn|32
|
|t:|1769432533
|move|p2a: Milotic|Iron Head|p1a: Corviknight
|-resisted|p1a: Corviknight
|-damage|p1a: Corviknight|65/100
|move|p1a: Corviknight|Roost|p1a: Corviknight
|-heal|p1a: Corviknight|100/100
|-singleturn|p1a: Corviknight|move: Roost
|
|upkeep
|turn|33
|
|t:|1769432541
|move|p2a: Milotic|Recover|p2a: Milotic
|-heal|p2a: Milotic|100/100
|move|p1a: Corviknight|Brave Bird|p2a: Milotic
|-damage|p2a: Milotic|54/100
|-damage|p1a: Corviknight|88/100|[from] Recoil
|
|-heal|p1a: Corviknight|94/100|[from] item: Leftovers
|upkeep
|turn|34
|
|t:|1769432549
|move|p2a: Milotic|Waterfall|p1a: Corviknight
|-damage|p1a: Corviknight|77/100
|move|p1a: Corviknight|Brave Bird|p2a: Milotic
|-damage|p2a: Milotic|10/100
|-damage|p1a: Corviknight|65/100|[from] Recoil
|
|-heal|p1a: Corviknight|71/100|[from] item: Leftovers
|upkeep
|turn|35
|
|t:|1769432557
|move|p2a: Milotic|Recover|p2a: Milotic
|-heal|p2a: Milotic|60/100
|move|p1a: Corviknight|Brave Bird|p2a: Milotic
|-damage|p2a: Milotic|11/100
|-damage|p1a: Corviknight|57/100|[from] Recoil
|
|-heal|p1a: Corviknight|63/100|[from] item: Leftovers
|upkeep
|turn|36
|
|t:|1769432565
|move|p2a: Milotic|Recover|p2a: Milotic
|-heal|p2a: Milotic|61/100
|move|p1a: Corviknight|Brave Bird|p2a: Milotic
|-damage|p2a: Milotic|16/100
|-damage|p1a: Corviknight|51/100|[from] Recoil
|
|-heal|p1a: Corviknight|57/100|[from] item: Leftovers
|upkeep
|turn|37
|
|t:|1769432579
|move|p2a: Milotic|Recover|p2a: Milotic
|-heal|p2a: Milotic|66/100
|move|p1a: Corviknight|Roost|p1a: Corviknight
|-heal|p1a: Corviknight|100/100
|-singleturn|p1a: Corviknight|move: Roost
|
|upkeep
|turn|38
|
|t:|1769432587
|switch|p2a: Golem|Golem, M, shiny|100/100
|-damage|p2a: Golem|95/100|[from] Stealth Rock
|move|p1a: Corviknight|Brave Bird|p2a: Golem
|-resisted|p2a: Golem
|-damage|p2a: Golem|81/100
|-damage|p1a: Corviknight|97/100|[from] Recoil
|
|-heal|p1a: Corviknight|100/100|[from] item: Leftovers
|upkeep
|turn|39
|
|t:|1769432605
|switch|p1a: Gliscor|Gliscor, M|49/100 tox
|-damage|p1a: Gliscor|37/100 tox|[from] Stealth Rock
|move|p2a: Golem|Roar|p1a: Gliscor
|drag|p1a: Gholdengo|Gholdengo|100/100
|
|upkeep
|turn|40
|
|t:|1769432620
|move|p1a: Gholdengo|Make It Rain|p2a: Golem
|-supereffective|p2a: Golem
|-damage|p2a: Golem|0 fnt
|-unboost|p1a: Gholdengo|spa|1
|faint|p2a: Golem
|
|upkeep
|
|t:|1769432623
|switch|p2a: Latios|Latios, M, tera:Fire|51/100
|-damage|p2a: Latios|26/100|[from] Stealth Rock
|turn|41
|
|t:|1769432641
|move|p2a: Latios|Tera Blast|p1a: Gholdengo|[anim] Tera Blast Fire
|-supereffective|p1a: Gholdengo
|-damage|p1a: Gholdengo|21/100
|move|p1a: Gholdengo|Make It Rain|p2a: Latios
|-resisted|p2a: Latios
|-damage|p2a: Latios|9/100
|-unboost|p1a: Gholdengo|spa|1
|
|upkeep
|turn|42
|
|t:|1769432657
|move|p2a: Latios|Tera Blast|p1a: Gholdengo|[anim] Tera Blast Fire
|-supereffective|p1a: Gholdengo
|-damage|p1a: Gholdengo|0 fnt
|faint|p1a: Gholdengo
|
|upkeep
|
|t:|1769432662
|switch|p1a: Gliscor|Gliscor, M|37/100 tox
|-damage|p1a: Gliscor|24/100 tox|[from] Stealth Rock
|turn|43
|
|t:|1769432673
|move|p1a: Gliscor|Protect|p1a: Gliscor
|-singleturn|p1a: Gliscor|Protect
|move|p2a: Latios|Tera Blast|p1a: Gliscor|[anim] Tera Blast Fire
|-activate|p1a: Gliscor|move: Protect
|
|-heal|p1a: Gliscor|37/100 tox|[from] ability: Poison Heal
|upkeep
|turn|44
|
|t:|1769432686
|move|p2a: Latios|Luster Purge|p1a: Gliscor
|-damage|p1a: Gliscor|0 fnt
|faint|p1a: Gliscor
|
|upkeep
|
|t:|1769432689
|switch|p1a: Corviknight|Corviknight, F|100/100
|-damage|p1a: Corviknight|88/100|[from] Stealth Rock
|-ability|p1a: Corviknight|Pressure
|turn|45
|
|t:|1769432697
|move|p2a: Latios|Tera Blast|p1a: Corviknight|[anim] Tera Blast Fire
|-supereffective|p1a: Corviknight
|-damage|p1a: Corviknight|13/100
|move|p1a: Corviknight|U-turn|p2a: Latios
|-resisted|p2a: Latios
|-damage|p2a: Latios|0 fnt
|faint|p2a: Latios
|
|-heal|p1a: Corviknight|19/100|[from] item: Leftovers
|upkeep
|
|t:|1769432700
|switch|p2a: Milotic|Milotic, M, shiny|66/100
|-damage|p2a: Milotic|54/100|[from] Stealth Rock
|turn|46
|
|t:|1769432715
|move|p2a: Milotic|Waterfall|p1a: Corviknight
|-damage|p1a: Corviknight|0 fnt
|faint|p1a: Corviknight
|
|win|sllalaal
|raw|Aeybees's rating: 1115 &rarr; <strong>1088</strong><br />(-27 for losing)
|raw|sllalaal's rating: 1092 &rarr; <strong>1120</strong><br />(+28 for winning)
|l|☆Aeybees
|player|p1|
|l|☆sllalaal
|player|p2|
