|j|☆saip2823
|j|☆simisearontop
|t:|1769310946
|gametype|singles
|player|p1|saip2823|101|1337
|player|p2|simisearontop|bellelba|1381
|gen|9
|tier|[Gen 9] OU
|rated|
|rule|HP Percentage Mod: HP is shown in percentages
|rule|Endless Battle Clause: Forcing endless battles is banned
|rule|Species Clause: Limit one of each Pokémon
|rule|OHKO Clause: OHKO moves are banned
|rule|Evasion Items Clause: Evasion items are banned
|rule|Evasion Moves Clause: Evasion moves are banned
|rule|Evasion Abilities Clause: Evasion abilities are banned
|rule|Sleep Moves Clause: Sleep-inducing moves are banned
|clearpoke
|poke|p1|Ceruledge, M|
|poke|p1|Ogerpon-Wellspring, F|
|poke|p1|Iron Crown|
|poke|p1|Iron Hands|
|poke|p1|Zamazenta-*|
|poke|p1|Ursaluna, M|
|poke|p2|Torkoal, M|
|poke|p2|Leafeon, F|
|poke|p2|Walking Wake|
|poke|p2|Gliscor, F|
|poke|p2|Slither Wing|
|poke|p2|Heatran, M|
|teampreview
|inactive|Battle timer is ON: inactive players will automatically lose when time's up. (requested by simisearontop)
|
|t:|1769310954
|teamsize|p1|6
|teamsize|p2|6
|start
|switch|p1a: Ogerpon|Ogerpon-Wellspring, F|100/100
|switch|p2a: choo choo|Torkoal, M|100/100
|-weather|SunnyDay|[from] ability: Drought|[of] p2a: choo choo
|turn|1
|
|t:|1769310964
|switch|p2a: :3|Leafeon, F|100/100
|-terastallize|p1a: Ogerpon|Water
|detailschange|p1a: Ogerpon|Ogerpon-Wellspring-Tera, F, tera:Water
|-ability|p1a: Ogerpon|Embody Aspect (Wellspring)|boost
|-boost|p1a: Ogerpon|spd|1
|move|p1a: Ogerpon|Swords Dance|p1a: Ogerpon
|-boost|p1a: Ogerpon|atk|2
|
|-weather|SunnyDay|[upkeep]
|upkeep
|turn|2
|
|t:|1769310977
|move|p2a: :3|Solar Blade||[still]
|-prepare|p2a: :3|Solar Blade
|-anim|p2a: :3|Solar Blade|p1a: Ogerpon
|-supereffective|p1a: Ogerpon
|-damage|p1a: Ogerpon|0 fnt
|faint|p1a: Ogerpon
|detailschange|p1: Ogerpon|Ogerpon-Wellspring, F|[silent]
|
|-weather|SunnyDay|[upkeep]
|upkeep
|
|t:|1769310987
|switch|p1a: Ceruledge|Ceruledge, M|100/100
|turn|3
|
|t:|1769310993
|move|p2a: :3|Knock Off|p1a: Ceruledge
|-supereffective|p1a: Ceruledge
|-damage|p1a: Ceruledge|24/100
|-ability|p1a: Ceruledge|Weak Armor|boost
|-unboost|p1a: Ceruledge|def|1
|-boost|p1a: Ceruledge|spe|2
|-enditem|p1a: Ceruledge|Focus Sash|[from] move: Knock Off|[of] p2a: :3
|move|p1a: Ceruledge|Bitter Blade|p2a: :3
|-supereffective|p2a: :3
|-damage|p2a: :3|0 fnt
|-heal|p1a: Ceruledge|75/100|[from] drain|[of] p2a: :3
|-damage|p1a: Ceruledge|59/100|[from] item: Rocky Helmet|[of] p2a: :3
|faint|p2a: :3
|
|-weather|SunnyDay|[upkeep]
|upkeep
|
|t:|1769311006
|switch|p2a: WaWa|Walking Wake|100/100
|-activate|p2a: WaWa|ability: Protosynthesis
|-start|p2a: WaWa|protosynthesisspa
|turn|4
|
|t:|1769311013
|switch|p1a: Iron Hands|Iron Hands, shiny|100/100
|-enditem|p1a: Iron Hands|Booster Energy
|-activate|p1a: Iron Hands|ability: Quark Drive|[fromitem]
|-start|p1a: Iron Hands|quarkdriveatk
|move|p2a: WaWa|Hydro Steam|p1a: Iron Hands
|-damage|p1a: Iron Hands|0 fnt
|faint|p1a: Iron Hands
|-end|p1a: Iron Hands|Quark Drive|[silent]
|
|-weather|SunnyDay|[upkeep]
|upkeep
|
|t:|1769311028
|switch|p1a: Iron Crown|Iron Crown|100/100
|turn|5
|
|t:|1769311031
|move|p2a: WaWa|Hydro Steam|p1a: Iron Crown
|-damage|p1a: Iron Crown|0 fnt
|faint|p1a: Iron Crown
|-end|p1a: Iron Crown|Quark Drive|[silent]
|
|-weather|none
|-end|p2a: WaWa|Protosynthesis
|upkeep
|
|t:|1769311038
|switch|p1a: Zamazenta|Zamazenta|100/100
|-ability|p1a: Zamazenta|Dauntless Shield|boost
|-boost|p1a: Zamazenta|def|1
|turn|6
|
|t:|1769311042
|-end|p2a: WaWa|Protosynthesis|[silent]
|switch|p2a: choo choo|Torkoal, M|100/100
|-weather|SunnyDay|[from] ability: Drought|[of] p2a: choo choo
|move|p1a: Zamazenta|Body Press|p2a: choo choo
|-damage|p2a: choo choo|66/100
|-enditem|p2a: choo choo|Eject Button
|
|t:|1769311046
|switch|p2a: WaWa|Walking Wake|100/100
|-activate|p2a: WaWa|ability: Protosynthesis
|-start|p2a: WaWa|protosynthesisspa
|
|-weather|SunnyDay|[upkeep]
|upkeep
|turn|7
|
|t:|1769311064
|switch|p1a: Ursaluna|Ursaluna, M, shiny|100/100
|-terastallize|p2a: WaWa|Fairy
|move|p2a: WaWa|Tera Blast|p1a: Ursaluna|[anim] Tera Blast Fairy
|-damage|p1a: Ursaluna|48/100
|
|-weather|SunnyDay|[upkeep]
|-status|p1a: Ursaluna|brn|[from] item: Flame Orb
|upkeep
|turn|8
|
|t:|1769311074
|move|p2a: WaWa|Tera Blast|p1a: Ursaluna|[anim] Tera Blast Fairy
|-damage|p1a: Ursaluna|1/100 brn
|move|p1a: Ursaluna|Facade|p2a: WaWa
|-damage|p2a: WaWa|0 fnt
|faint|p2a: WaWa
|-end|p2a: WaWa|Protosynthesis|[silent]
|
|-weather|SunnyDay|[upkeep]
|-damage|p1a: Ursaluna|0 fnt|[from] brn
|faint|p1a: Ursaluna
|upkeep
|
|t:|1769311086
|switch|p2a: Impressed?|Slither Wing|100/100
|switch|p1a: Zamazenta|Zamazenta|100/100
|-activate|p2a: Impressed?|ability: Protosynthesis
|-start|p2a: Impressed?|protosynthesisatk
|turn|9
|
|t:|1769311103
|move|p2a: Impressed?|Dual Wingbeat|p1a: Zamazenta
|-supereffective|p1a: Zamazenta
|-damage|p1a: Zamazenta|71/100
|-supereffective|p1a: Zamazenta
|-damage|p1a: Zamazenta|42/100
|-hitcount|p1a: Zamazenta|2
|move|p1a: Zamazenta|Iron Defense|p1a: Zamazenta
|-boost|p1a: Zamazenta|def|2
|
|-weather|SunnyDay|[upkeep]
|-heal|p1a: Zamazenta|48/100|[from] item: Leftovers
|upkeep
|turn|10
|
|t:|1769311114
|-end|p2a: Impressed?|Protosynthesis|[silent]
|switch|p2a: Score!!!|Gliscor, F|100/100
|move|p1a: Zamazenta|Iron Defense|p1a: Zamazenta
|-boost|p1a: Zamazenta|def|2
|
|-weather|none
|-heal|p1a: Zamazenta|54/100|[from] item: Leftovers
|-status|p2a: Score!!!|tox|[from] item: Toxic Orb
|upkeep
|turn|11
|
|t:|1769311123
|move|p2a: Score!!!|Taunt|p1a: Zamazenta
|-start|p1a: Zamazenta|move: Taunt
|move|p1a: Zamazenta|Body Press|p2a: Score!!!
|-resisted|p2a: Score!!!
|-damage|p2a: Score!!!|54/100 tox
|
|-heal|p1a: Zamazenta|60/100|[from] item: Leftovers
|-heal|p2a: Score!!!|66/100 tox|[from] ability: Poison Heal
|upkeep
|turn|12
|
|t:|1769311133
|move|p2a: Score!!!|Earthquake|p1a: Zamazenta
|-damage|p1a: Zamazenta|49/100
|move|p1a: Zamazenta|Body Press|p2a: Score!!!
|-resisted|p2a: Score!!!
|-damage|p2a: Score!!!|18/100 tox
|
|-heal|p1a: Zamazenta|55/100|[from] item: Leftovers
|-heal|p2a: Score!!!|31/100 tox|[from] ability: Poison Heal
|upkeep
|turn|13
|
|t:|1769311143
|move|p2a: Score!!!|Earthquake|p1a: Zamazenta
|-damage|p1a: Zamazenta|44/100
|move|p1a: Zamazenta|Body Press|p2a: Score!!!
|-resisted|p2a: Score!!!
|-damage|p2a: Score!!!|0 fnt
|faint|p2a: Score!!!
|
|-heal|p1a: Zamazenta|50/100|[from] item: Leftovers
|-end|p1a: Zamazenta|move: Taunt
|upkeep
|
|t:|1769311150
|switch|p2a: Fibby|Heatran, M|100/100
|turn|14
|
|t:|1769311156
|move|p1a: Zamazenta|Body Press|p2a: Fibby
|-supereffective|p2a: Fibby
|-damage|p2a: Fibby|0 fnt
|faint|p2a: Fibby
|
|-heal|p1a: Zamazenta|56/100|[from] item: Leftovers
|upkeep
|
|t:|1769311159
|switch|p2a: choo choo|Torkoal, M|66/100
|-weather|SunnyDay|[from] ability: Drought|[of] p2a: choo choo
|turn|15
|
|t:|1769311167
|move|p1a: Zamazenta|Body Press|p2a: choo choo
|-damage|p2a: choo choo|2/100
|move|p2a: choo choo|Lava Plume|p1a: Zamazenta
|-damage|p1a: Zamazenta|17/100
|-status|p1a: Zamazenta|brn
|
|-weather|SunnyDay|[upkeep]
|-heal|p1a: Zamazenta|23/100 brn|[from] item: Leftovers
|-damage|p1a: Zamazenta|17/100 brn|[from] brn
|upkeep
|turn|16
|
|t:|1769311182
|move|p1a: Zamazenta|Body Press|p2a: choo choo
|-damage|p2a: choo choo|0 fnt
|faint|p2a: choo choo
|
|-weather|SunnyDay|[upkeep]
|-heal|p1a: Zamazenta|23/100 brn|[from] item: Leftovers
|-damage|p1a: Zamazenta|17/100 brn|[from] brn
|upkeep
|
|t:|1769311184
|switch|p2a: Impressed?|Slither Wing|100/100
|-activate|p2a: Impressed?|ability: Protosynthesis
|-start|p2a: Impressed?|protosynthesisatk
|turn|17
|
|t:|1769311194
|move|p2a: Impressed?|Dual Wingbeat|p1a: Zamazenta
|-supereffective|p1a: Zamazenta
|-damage|p1a: Zamazenta|6/100 brn
|-supereffective|p1a: Zamazenta
|-damage|p1a: Zamazenta|0 fnt
|faint|p1a: Zamazenta
|-hitcount|p1: Zamazenta|2
|
|-weather|SunnyDay|[upkeep]
|upkeep
|
|t:|1769311203
|switch|p1a: Ceruledge|Ceruledge, M|59/100
|turn|18
|
|t:|1769311206
|move|p2a: Impressed?|Dual Wingbeat|p1a: Ceruledge
|-damage|p1a: Ceruledge|32/100
|-ability|p1a: Ceruledge|Weak Armor|boost
|-unboost|p1a: Ceruledge|def|1
|-boost|p1a: Ceruledge|spe|2
|-damage|p1a: Ceruledge|0 fnt
|faint|p1a: Ceruledge
|-hitcount|p1: Ceruledge|2
|
|win|simisearontop
|raw|saip2823's rating: 1337 &rarr; <strong>1320</strong><br />(-17 for losing)
|raw|simisearontop's rating: 1381 &rarr; <strong>1398</strong><br />(+17 for winning)
|l|☆saip2823
|player|p1|
|l|☆simisearontop
|player|p2|
