|j|☆GoodyGutti
|j|☆Kanto's Finest
|t:|1769371197
|gametype|singles
|player|p1|GoodyGutti|2|1236
|player|p2|Kanto's Finest|acetrainer-gen1rb|1261
|gen|9
|tier|[Gen 9] OU
|rated|
|rule|HP Percentage Mod: HP is shown in percentages
|rule|Endless Battle Clause: Forcing endless battles is banned
|rule|Species Clause: Limit one of each Pokémon
|rule|OHKO Clause: OHKO moves are banned
|rule|Evasion Items Clause: Evasion items are banned
|rule|Evasion Moves Clause: Evasion moves are banned
|rule|Evasion Abilities Clause: Evasion abilities are banned
|rule|Sleep Moves Clause: Sleep-inducing moves are banned
|clearpoke
|poke|p1|Iron Valiant|
|poke|p1|Slowking-Galar, M|
|poke|p1|Hatterene, F|
|poke|p1|Corviknight, M|
|poke|p1|Great Tusk|
|poke|p1|Heatran, F|
|poke|p2|Pikachu, M|
|poke|p2|Hitmonlee, M|
|poke|p2|Exeggutor, F|
|poke|p2|Rhydon, M|
|poke|p2|Gengar, F|
|poke|p2|Gyarados, M|
|teampreview
|
|t:|1769371203
|teamsize|p1|6
|teamsize|p2|6
|start
|switch|p1a: Corviknight|Corviknight, M|100/100
|switch|p2a: Gengar|Gengar, F|100/100
|-ability|p1a: Corviknight|Pressure
|turn|1
|inactive|Battle timer is ON: inactive players will automatically lose when time's up. (requested by Kanto's Finest)
|
|t:|1769371242
|move|p2a: Gengar|Toxic Spikes|p1a: Corviknight
|-sidestart|p1: GoodyGutti|move: Toxic Spikes
|move|p1a: Corviknight|U-turn|p2a: Gengar
|-resisted|p2a: Gengar
|-damage|p2a: Gengar|94/100
|
|t:|1769371251
|switch|p1a: Heatran|Heatran, F|100/100|[from] U-turn
|
|upkeep
|turn|2
|
|t:|1769371261
|move|p2a: Gengar|Toxic Spikes|p1a: Heatran
|-sidestart|p1: GoodyGutti|move: Toxic Spikes
|move|p1a: Heatran|Magma Storm|p2a: Gengar
|-damage|p2a: Gengar|24/100
|-activate|p2a: Gengar|move: Magma Storm|[of] p1a: Heatran
|
|-damage|p2a: Gengar|12/100|[from] move: Magma Storm|[partiallytrapped]
|upkeep
|turn|3
|
|t:|1769371270
|switch|p1a: Corviknight|Corviknight, M|100/100
|-ability|p1a: Corviknight|Pressure
|move|p2a: Gengar|Encore||[still]
|-fail|p2a: Gengar
|
|-end|p2a: Gengar|Magma Storm|[partiallytrapped]|[silent]
|upkeep
|turn|4
|
|t:|1769371275
|switch|p2a: Pikachu|Pikachu, M|100/100
|move|p1a: Corviknight|Defog|p2a: Pikachu
|-unboost|p2a: Pikachu|evasion|1
|-sideend|p1: GoodyGutti|Toxic Spikes|[from] move: Defog|[of] p1a: Corviknight
|
|upkeep
|turn|5
|
|t:|1769371296
|switch|p1a: Slowking|Slowking-Galar, M|100/100
|move|p2a: Pikachu|Trailblaze|p1a: Slowking
|-resisted|p1a: Slowking
|-damage|p1a: Slowking|91/100
|-boost|p2a: Pikachu|spe|1
|
|upkeep
|turn|6
|
|t:|1769371310
|move|p2a: Pikachu|Volt Tackle|p1a: Slowking
|-damage|p1a: Slowking|11/100
|-damage|p2a: Pikachu|51/100|[from] Recoil
|move|p1a: Slowking|Sludge Bomb|p2a: Pikachu
|-damage|p2a: Pikachu|0 fnt
|faint|p2a: Pikachu
|
|upkeep
|
|t:|1769371322
|switch|p2a: Gyarados|Gyarados, M|100/100
|turn|7
|inactive|GoodyGutti has 120 seconds left.
|
|t:|1769371355
|switch|p1a: Corviknight|Corviknight, M|100/100
|-ability|p1a: Corviknight|Pressure
|move|p2a: Gyarados|Scale Shot|p1a: Corviknight
|-resisted|p1a: Corviknight
|-damage|p1a: Corviknight|98/100
|-resisted|p1a: Corviknight
|-damage|p1a: Corviknight|95/100
|-resisted|p1a: Corviknight
|-damage|p1a: Corviknight|92/100
|-resisted|p1a: Corviknight
|-damage|p1a: Corviknight|90/100
|-resisted|p1a: Corviknight
|-damage|p1a: Corviknight|87/100
|-hitcount|p1a: Corviknight|5
|-unboost|p2a: Gyarados|def|1
|-boost|p2a: Gyarados|spe|1
|
|upkeep
|turn|8
|inactive|GoodyGutti has 120 seconds left.
|
|t:|1769371369
|switch|p2a: Gengar|Gengar, F|12/100
|move|p1a: Corviknight|Brave Bird|p2a: Gengar
|-damage|p2a: Gengar|0 fnt
|faint|p2a: Gengar
|-damage|p1a: Corviknight|84/100|[from] Recoil
|
|upkeep
|
|t:|1769371374
|switch|p2a: Rhydon|Rhydon, M, shiny|100/100
|turn|9
|inactive|GoodyGutti has 120 seconds left.
|
|t:|1769371387
|move|p1a: Corviknight|Roost|p1a: Corviknight
|-heal|p1a: Corviknight|100/100
|-singleturn|p1a: Corviknight|move: Roost
|move|p2a: Rhydon|Stealth Rock|p1a: Corviknight
|-sidestart|p1: GoodyGutti|move: Stealth Rock
|
|upkeep
|turn|10
|
|t:|1769371390
|move|p1a: Corviknight|Defog|p2a: Rhydon
|-unboost|p2a: Rhydon|evasion|1
|-sideend|p1: GoodyGutti|Stealth Rock|[from] move: Defog|[of] p1a: Corviknight
|move|p2a: Rhydon|Rock Blast|p1a: Corviknight
|-crit|p1a: Corviknight
|-damage|p1a: Corviknight|88/100
|-damage|p1a: Corviknight|80/100
|-damage|p1a: Corviknight|72/100
|-damage|p1a: Corviknight|63/100
|-damage|p1a: Corviknight|55/100
|-hitcount|p1a: Corviknight|5
|
|upkeep
|turn|11
|
|t:|1769371398
|move|p1a: Corviknight|Roost|p1a: Corviknight
|-heal|p1a: Corviknight|100/100
|-singleturn|p1a: Corviknight|move: Roost
|move|p2a: Rhydon|Stealth Rock|p1a: Corviknight
|-sidestart|p1: GoodyGutti|move: Stealth Rock
|
|upkeep
|turn|12
|
|t:|1769371404
|move|p1a: Corviknight|Defog|p2a: Rhydon
|-unboost|p2a: Rhydon|evasion|1
|-sideend|p1: GoodyGutti|Stealth Rock|[from] move: Defog|[of] p1a: Corviknight
|move|p2a: Rhydon|Rock Blast|p1a: Corviknight
|-damage|p1a: Corviknight|93/100
|-damage|p1a: Corviknight|84/100
|-damage|p1a: Corviknight|76/100
|-damage|p1a: Corviknight|67/100
|-damage|p1a: Corviknight|58/100
|-hitcount|p1a: Corviknight|5
|
|upkeep
|turn|13
|
|t:|1769371407
|move|p1a: Corviknight|Roost|p1a: Corviknight
|-heal|p1a: Corviknight|100/100
|-singleturn|p1a: Corviknight|move: Roost
|move|p2a: Rhydon|Rock Blast|p1a: Corviknight
|-resisted|p1a: Corviknight
|-damage|p1a: Corviknight|96/100
|-resisted|p1a: Corviknight
|-damage|p1a: Corviknight|92/100
|-resisted|p1a: Corviknight
|-damage|p1a: Corviknight|88/100
|-resisted|p1a: Corviknight
|-damage|p1a: Corviknight|83/100
|-resisted|p1a: Corviknight
|-crit|p1a: Corviknight
|-damage|p1a: Corviknight|77/100
|-hitcount|p1a: Corviknight|5
|
|upkeep
|turn|14
|
|t:|1769371411
|move|p1a: Corviknight|U-turn|p2a: Rhydon
|-damage|p2a: Rhydon|94/100
|
|t:|1769371423
|switch|p1a: Great Tusk|Great Tusk|100/100|[from] U-turn
|move|p2a: Rhydon|Rock Blast|p1a: Great Tusk
|-resisted|p1a: Great Tusk
|-damage|p1a: Great Tusk|98/100
|-resisted|p1a: Great Tusk
|-damage|p1a: Great Tusk|95/100
|-hitcount|p1a: Great Tusk|2
|
|-heal|p1a: Great Tusk|100/100|[from] item: Leftovers
|upkeep
|turn|15
|
|t:|1769371446
|switch|p2a: Exeggutor|Exeggutor, F|100/100
|move|p1a: Great Tusk|Knock Off|p2a: Exeggutor
|-supereffective|p2a: Exeggutor
|-damage|p2a: Exeggutor|52/100
|-enditem|p2a: Exeggutor|Sitrus Berry|[from] move: Knock Off|[of] p1a: Great Tusk
|
|upkeep
|turn|16
|inactive|GoodyGutti has 120 seconds left.
|
|t:|1769371471
|-end|p1a: Great Tusk|Protosynthesis|[silent]
|switch|p1a: Heatran|Heatran, F|100/100
|move|p2a: Exeggutor|Giga Drain|p1a: Heatran
|-resisted|p1a: Heatran
|-damage|p1a: Heatran|96/100
|-heal|p2a: Exeggutor|55/100|[from] drain|[of] p1a: Heatran
|
|-heal|p1a: Heatran|100/100|[from] item: Leftovers
|upkeep
|turn|17
|inactive|GoodyGutti has 120 seconds left.
|
|t:|1769371485
|switch|p2a: Rhydon|Rhydon, M, shiny|94/100
|move|p1a: Heatran|Magma Storm|p2a: Rhydon
|-resisted|p2a: Rhydon
|-damage|p2a: Rhydon|72/100
|-activate|p2a: Rhydon|move: Magma Storm|[of] p1a: Heatran
|
|-damage|p2a: Rhydon|60/100|[from] move: Magma Storm|[partiallytrapped]
|upkeep
|turn|18
|inactive|GoodyGutti has 120 seconds left.
|
|t:|1769371499
|switch|p1a: Corviknight|Corviknight, M|77/100
|-ability|p1a: Corviknight|Pressure
|move|p2a: Rhydon|Earthquake|p1a: Corviknight
|-immune|p1a: Corviknight
|
|-end|p2a: Rhydon|Magma Storm|[partiallytrapped]|[silent]
|upkeep
|turn|19
|inactive|GoodyGutti has 120 seconds left.
|
|t:|1769371514
|move|p1a: Corviknight|Roost|p1a: Corviknight
|-heal|p1a: Corviknight|100/100
|-singleturn|p1a: Corviknight|move: Roost
|move|p2a: Rhydon|Rock Blast|p1a: Corviknight
|-resisted|p1a: Corviknight
|-damage|p1a: Corviknight|96/100
|-resisted|p1a: Corviknight
|-damage|p1a: Corviknight|92/100
|-hitcount|p1a: Corviknight|2
|
|upkeep
|turn|20
|inactive|GoodyGutti has 90 seconds left.
|
|t:|1769371565
|move|p1a: Corviknight|U-turn|p2a: Rhydon
|-damage|p2a: Rhydon|53/100
|
|t:|1769371570
|switch|p1a: Great Tusk|Great Tusk|100/100|[from] U-turn
|move|p2a: Rhydon|Earthquake|p1a: Great Tusk
|-damage|p1a: Great Tusk|59/100
|
|-heal|p1a: Great Tusk|65/100|[from] item: Leftovers
|upkeep
|turn|21
|
|t:|1769371583
|move|p1a: Great Tusk|Headlong Rush|p2a: Rhydon
|-supereffective|p2a: Rhydon
|-damage|p2a: Rhydon|0 fnt
|-unboost|p1a: Great Tusk|def|1
|-unboost|p1a: Great Tusk|spd|1
|faint|p2a: Rhydon
|
|-heal|p1a: Great Tusk|72/100|[from] item: Leftovers
|upkeep
|
|t:|1769371590
|switch|p2a: Gyarados|Gyarados, M|100/100
|turn|22
|
|t:|1769371614
|-end|p1a: Great Tusk|Protosynthesis|[silent]
|switch|p1a: Corviknight|Corviknight, M|92/100
|-ability|p1a: Corviknight|Pressure
|move|p2a: Gyarados|Dragon Dance|p2a: Gyarados
|-boost|p2a: Gyarados|atk|1
|-boost|p2a: Gyarados|spe|1
|
|upkeep
|turn|23
|inactive|GoodyGutti has 60 seconds left.
|
|t:|1769371636
|-terastallize|p1a: Corviknight|Dragon
|move|p2a: Gyarados|Dragon Dance|p2a: Gyarados
|-boost|p2a: Gyarados|atk|1
|-boost|p2a: Gyarados|spe|1
|move|p1a: Corviknight|Brave Bird|p2a: Gyarados
|-damage|p2a: Gyarados|52/100
|-damage|p1a: Corviknight|78/100|[from] Recoil
|
|upkeep
|turn|24
|inactive|GoodyGutti has 60 seconds left.
|
|t:|1769371659
|-terastallize|p2a: Gyarados|Dragon
|move|p2a: Gyarados|Scale Shot|p1a: Corviknight
|-supereffective|p1a: Corviknight
|-damage|p1a: Corviknight|42/100
|-supereffective|p1a: Corviknight
|-damage|p1a: Corviknight|9/100
|-supereffective|p1a: Corviknight
|-damage|p1a: Corviknight|0 fnt
|faint|p1a: Corviknight
|-ability|p2a: Gyarados|Moxie|boost
|-boost|p2a: Gyarados|atk|1
|-hitcount|p1: Corviknight|3
|-unboost|p2a: Gyarados|def|1
|-boost|p2a: Gyarados|spe|1
|
|upkeep
|
|t:|1769371672
|switch|p1a: Hatterene|Hatterene, F|100/100
|turn|25
|
|t:|1769371678
|move|p2a: Gyarados|Waterfall|p1a: Hatterene
|-damage|p1a: Hatterene|1/100
|move|p1a: Hatterene|Draining Kiss|p2a: Gyarados
|-supereffective|p2a: Gyarados
|-damage|p2a: Gyarados|9/100
|-heal|p1a: Hatterene|35/100|[from] drain|[of] p2a: Gyarados
|
|-heal|p1a: Hatterene|41/100|[from] item: Leftovers
|upkeep
|turn|26
|
|t:|1769371691
|move|p2a: Gyarados|Waterfall|p1a: Hatterene
|-damage|p1a: Hatterene|0 fnt
|faint|p1a: Hatterene
|-ability|p2a: Gyarados|Moxie|boost
|-boost|p2a: Gyarados|atk|1
|
|upkeep
|c|☆GoodyGutti|well gg
|
|t:|1769371710
|switch|p1a: Heatran|Heatran, F|100/100
|turn|27
|
|t:|1769371719
|move|p2a: Gyarados|Waterfall|p1a: Heatran
|-supereffective|p1a: Heatran
|-damage|p1a: Heatran|0 fnt
|faint|p1a: Heatran
|-ability|p2a: Gyarados|Moxie|boost
|-boost|p2a: Gyarados|atk|1
|
|upkeep
|
|t:|1769371721
|switch|p1a: Great Tusk|Great Tusk|72/100
|turn|28
|
|t:|1769371725
|move|p2a: Gyarados|Waterfall|p1a: Great Tusk
|-supereffective|p1a: Great Tusk
|-damage|p1a: Great Tusk|0 fnt
|faint|p1a: Great Tusk
|-end|p1a: Great Tusk|Protosynthesis|[silent]
|-ability|p2a: Gyarados|Moxie|boost
|-boost|p2a: Gyarados|atk|1
|
|upkeep
|
|t:|1769371726
|switch|p1a: Iron Valiant|Iron Valiant|100/100
|-enditem|p1a: Iron Valiant|Booster Energy
|-activate|p1a: Iron Valiant|ability: Quark Drive|[fromitem]
|-start|p1a: Iron Valiant|quarkdrivespe
|turn|29
|
|t:|1769371728
|move|p2a: Gyarados|Waterfall|p1a: Iron Valiant
|-damage|p1a: Iron Valiant|0 fnt
|faint|p1a: Iron Valiant
|-end|p1a: Iron Valiant|Quark Drive|[silent]
|
|upkeep
|
|t:|1769371730
|switch|p1a: Slowking|Slowking-Galar, M|44/100
|turn|30
|
|t:|1769371732
|move|p2a: Gyarados|Waterfall|p1a: Slowking
|-damage|p1a: Slowking|0 fnt
|faint|p1a: Slowking
|
|win|Kanto's Finest
|raw|GoodyGutti's rating: 1236 &rarr; <strong>1213</strong><br />(-23 for losing)
|raw|Kanto&apos;s Finest's rating: 1261 &rarr; <strong>1284</strong><br />(+23 for winning)
|l|☆GoodyGutti
|player|p1|
|l|☆Kanto's Finest
|player|p2|
