|j|☆kuraiyagare
|j|☆qweralt
|t:|1769358066
|gametype|singles
|player|p1|kuraiyagare|mars|1209
|player|p2|qweralt|brycenman|1260
|gen|9
|tier|[Gen 9] OU
|rated|
|rule|HP Percentage Mod: HP is shown in percentages
|rule|Endless Battle Clause: Forcing endless battles is banned
|rule|Species Clause: Limit one of each Pokémon
|rule|OHKO Clause: OHKO moves are banned
|rule|Evasion Items Clause: Evasion items are banned
|rule|Evasion Moves Clause: Evasion moves are banned
|rule|Evasion Abilities Clause: Evasion abilities are banned
|rule|Sleep Moves Clause: Sleep-inducing moves are banned
|clearpoke
|poke|p1|Bastiodon, F|
|poke|p1|Gardevoir, F|
|poke|p1|Talonflame, F|
|poke|p1|Drifblim, F|
|poke|p1|Gyarados, M|
|poke|p1|Houndoom, M|
|poke|p2|Pecharunt|
|poke|p2|Mabosstiff, F|
|poke|p2|Volcanion|
|poke|p2|Iron Valiant|
|poke|p2|Landorus-Therian, M|
|poke|p2|Deoxys-Speed|
|teampreview
|
|t:|1769358093
|teamsize|p1|6
|teamsize|p2|6
|start
|switch|p1a: Gardenia|Gardevoir, F|100/100
|switch|p2a: Mabosstiff|Mabosstiff, F, shiny|100/100
|-ability|p1a: Gardenia|Intimidate|Trace|[from] ability: Trace|[of] p2a: Mabosstiff
|-ability|p1a: Gardenia|Intimidate|boost
|-unboost|p2a: Mabosstiff|atk|1
|-ability|p2a: Mabosstiff|Intimidate|boost
|-unboost|p1a: Gardenia|atk|1
|turn|1
|
|t:|1769358096
|switch|p2a: Volcanion|Volcanion|100/100
|move|p1a: Gardenia|Moonblast|p2a: Volcanion
|-resisted|p2a: Volcanion
|-damage|p2a: Volcanion|72/100
|
|-heal|p2a: Volcanion|78/100|[from] item: Leftovers
|upkeep
|turn|2
|inactive|Battle timer is ON: inactive players will automatically lose when time's up. (requested by kuraiyagare)
|
|t:|1769358104
|switch|p1a: actually ubers|Houndoom, M|100/100
|move|p2a: Volcanion|Steam Eruption|p1a: actually ubers
|-supereffective|p1a: actually ubers
|-enditem|p1a: actually ubers|Focus Sash
|-damage|p1a: actually ubers|1/100
|
|-heal|p2a: Volcanion|84/100|[from] item: Leftovers
|upkeep
|turn|3
|
|t:|1769358108
|move|p1a: actually ubers|Destiny Bond|p1a: actually ubers
|-singlemove|p1a: actually ubers|Destiny Bond
|move|p2a: Volcanion|Steam Eruption|p1a: actually ubers
|-supereffective|p1a: actually ubers
|-damage|p1a: actually ubers|0 fnt
|faint|p1a: actually ubers
|-activate|p1a: actually ubers|move: Destiny Bond
|faint|p2a: Volcanion
|
|upkeep
|
|t:|1769358127
|switch|p1a: Bastiodon|Bastiodon, F|100/100
|switch|p2a: Landorus|Landorus-Therian, M|100/100
|-ability|p2a: Landorus|Intimidate|boost
|-unboost|p1a: Bastiodon|atk|1
|turn|4
|
|t:|1769358136
|switch|p1a: Vatra|Talonflame, F|100/100
|move|p2a: Landorus|Stealth Rock|p1a: Vatra
|-sidestart|p1: kuraiyagare|move: Stealth Rock
|
|upkeep
|turn|5
|
|t:|1769358145
|switch|p2a: Pecharunt|Pecharunt|100/100
|move|p1a: Vatra|Will-O-Wisp|p2a: Pecharunt|[miss]
|-miss|p1a: Vatra|p2a: Pecharunt
|
|upkeep
|turn|6
|
|t:|1769358149
|move|p1a: Vatra|Defog|p2a: Pecharunt
|-unboost|p2a: Pecharunt|evasion|1
|-sideend|p1: kuraiyagare|Stealth Rock|[from] move: Defog|[of] p1a: Vatra
|move|p2a: Pecharunt|Malignant Chain|p1a: Vatra
|-damage|p1a: Vatra|42/100
|-status|p1a: Vatra|tox
|-start|p1a: Vatra|confusion|[from] ability: Poison Puppeteer|[of] p2a: Pecharunt
|
|-damage|p1a: Vatra|36/100 tox|[from] psn
|upkeep
|turn|7
|
|t:|1769358159
|-activate|p1a: Vatra|confusion
|move|p1a: Vatra|Will-O-Wisp|p2a: Pecharunt
|-status|p2a: Pecharunt|brn
|move|p2a: Pecharunt|Shadow Ball|p1a: Vatra
|-damage|p1a: Vatra|0 fnt
|faint|p1a: Vatra
|
|-damage|p2a: Pecharunt|95/100 brn|[from] brn
|upkeep
|inactive|kuraiyagare has 120 seconds left.
|
|t:|1769358201
|switch|p1a: Bastiodon|Bastiodon, F|100/100
|turn|8
|
|t:|1769358210
|move|p2a: Pecharunt|Nasty Plot|p2a: Pecharunt
|-boost|p2a: Pecharunt|spa|2
|move|p1a: Bastiodon|Stealth Rock|p2a: Pecharunt
|-sidestart|p2: qweralt|move: Stealth Rock
|
|-damage|p2a: Pecharunt|89/100 brn|[from] brn
|upkeep
|turn|9
|
|t:|1769358215
|move|p2a: Pecharunt|Shadow Ball|p1a: Bastiodon
|-damage|p1a: Bastiodon|47/100
|move|p1a: Bastiodon|Metal Burst|p2a: Pecharunt
|-damage|p2a: Pecharunt|7/100 brn
|
|-damage|p2a: Pecharunt|1/100 brn|[from] brn
|upkeep
|turn|10
|
|t:|1769358220
|move|p2a: Pecharunt|Shadow Ball|p1a: Bastiodon
|-damage|p1a: Bastiodon|0 fnt
|faint|p1a: Bastiodon
|
|-damage|p2a: Pecharunt|0 fnt|[from] brn
|faint|p2a: Pecharunt
|upkeep
|inactive|kuraiyagare has 120 seconds left.
|
|t:|1769358259
|switch|p2a: Landorus|Landorus-Therian, M|100/100
|switch|p1a: Gardenia|Gardevoir, F|100/100
|-damage|p2a: Landorus|88/100|[from] Stealth Rock
|-ability|p2a: Landorus|Intimidate|boost
|-unboost|p1a: Gardenia|atk|1
|-ability|p1a: Gardenia|Intimidate|Trace|[from] ability: Trace|[of] p2a: Landorus
|-ability|p1a: Gardenia|Intimidate|boost
|-unboost|p2a: Landorus|atk|1
|turn|11
|inactive|kuraiyagare has 120 seconds left.
|
|t:|1769358271
|switch|p1a: ue shita|Gyarados, M|100/100
|move|p2a: Landorus|Earthquake|p1a: ue shita
|-immune|p1a: ue shita
|
|upkeep
|turn|12
|
|t:|1769358273
|move|p2a: Landorus|Taunt|p1a: ue shita
|-start|p1a: ue shita|move: Taunt
|cant|p1a: ue shita|move: Taunt|Dragon Dance
|
|upkeep
|turn|13
|
|t:|1769358281
|move|p2a: Landorus|U-turn|p1a: ue shita
|-resisted|p1a: ue shita
|-damage|p1a: ue shita|91/100
|
|t:|1769358292
|switch|p2a: Deoxys|Deoxys-Speed|100/100|[from] U-turn
|-damage|p2a: Deoxys|88/100|[from] Stealth Rock
|-ability|p2a: Deoxys|Pressure
|move|p1a: ue shita|Ice Fang|p2a: Deoxys
|-damage|p2a: Deoxys|48/100
|
|-heal|p1a: ue shita|97/100|[from] item: Leftovers
|upkeep
|turn|14
|
|t:|1769358300
|move|p2a: Deoxys|Psycho Boost|p1a: ue shita
|-damage|p1a: ue shita|33/100
|-unboost|p2a: Deoxys|spa|2
|-enditem|p2a: Deoxys|Eject Pack
|
|t:|1769358307
|switch|p2a: Landorus|Landorus-Therian, M|88/100
|-damage|p2a: Landorus|76/100|[from] Stealth Rock
|-ability|p2a: Landorus|Intimidate|boost
|-unboost|p1a: ue shita|atk|1
|move|p1a: ue shita|Waterfall|p2a: Landorus
|-supereffective|p2a: Landorus
|-damage|p2a: Landorus|18/100
|-damage|p1a: ue shita|17/100|[from] item: Rocky Helmet|[of] p2a: Landorus
|
|-heal|p1a: ue shita|23/100|[from] item: Leftovers
|-end|p1a: ue shita|move: Taunt
|upkeep
|turn|15
|
|t:|1769358318
|move|p2a: Landorus|Taunt|p1a: ue shita
|-start|p1a: ue shita|move: Taunt
|move|p1a: ue shita|Waterfall|p2a: Landorus
|-supereffective|p2a: Landorus
|-damage|p2a: Landorus|0 fnt
|-damage|p1a: ue shita|6/100|[from] item: Rocky Helmet|[of] p2a: Landorus
|faint|p2a: Landorus
|-ability|p1a: ue shita|Moxie|boost
|-boost|p1a: ue shita|atk|1
|
|-heal|p1a: ue shita|12/100|[from] item: Leftovers
|upkeep
|
|t:|1769358325
|switch|p2a: Deoxys|Deoxys-Speed|48/100
|-damage|p2a: Deoxys|36/100|[from] Stealth Rock
|-ability|p2a: Deoxys|Pressure
|turn|16
|
|t:|1769358331
|move|p2a: Deoxys|Knock Off|p1a: ue shita
|-damage|p1a: ue shita|0 fnt
|-enditem|p1a: ue shita|Leftovers|[from] move: Knock Off|[of] p2a: Deoxys
|faint|p1a: ue shita
|
|upkeep
|
|t:|1769358334
|switch|p1a: Gardenia|Gardevoir, F|100/100
|-ability|p1a: Gardenia|Pressure|Trace|[from] ability: Trace|[of] p2a: Deoxys
|-ability|p1a: Gardenia|Pressure
|turn|17
|
|t:|1769358344
|move|p2a: Deoxys|Knock Off|p1a: Gardenia
|-damage|p1a: Gardenia|51/100
|-enditem|p1a: Gardenia|Focus Sash|[from] move: Knock Off|[of] p2a: Deoxys
|move|p1a: Gardenia|Moonblast|p2a: Deoxys
|-damage|p2a: Deoxys|0 fnt
|faint|p2a: Deoxys
|
|upkeep
|
|t:|1769358369
|switch|p2a: Iron Valiant|Iron Valiant|100/100
|-damage|p2a: Iron Valiant|94/100|[from] Stealth Rock
|-enditem|p2a: Iron Valiant|Booster Energy
|-activate|p2a: Iron Valiant|ability: Quark Drive|[fromitem]
|-start|p2a: Iron Valiant|quarkdrivespe
|turn|18
|
|t:|1769358388
|-terastallize|p2a: Iron Valiant|Stellar
|move|p2a: Iron Valiant|Moonblast|p1a: Gardenia
|-damage|p1a: Gardenia|0 fnt
|faint|p1a: Gardenia
|
|upkeep
|
|t:|1769358391
|switch|p1a: drifflim|Drifblim, F|100/100
|turn|19
|
|t:|1769358395
|move|p2a: Iron Valiant|Knock Off|p1a: drifflim
|-supereffective|p1a: drifflim
|-damage|p1a: drifflim|8/100
|-enditem|p1a: drifflim|Weakness Policy
|-boost|p1a: drifflim|atk|2|[from] item: Weakness Policy
|-boost|p1a: drifflim|spa|2|[from] item: Weakness Policy
|move|p1a: drifflim|Shadow Ball|p2a: Iron Valiant
|-damage|p2a: Iron Valiant|0 fnt
|faint|p2a: Iron Valiant
|-end|p2a: Iron Valiant|Quark Drive|[silent]
|
|upkeep
|
|t:|1769358403
|switch|p2a: Mabosstiff|Mabosstiff, F, shiny|100/100
|-damage|p2a: Mabosstiff|88/100|[from] Stealth Rock
|-ability|p2a: Mabosstiff|Intimidate|boost
|-unboost|p1a: drifflim|atk|1
|turn|20
|
|t:|1769358407
|-terastallize|p1a: drifflim|Fighting
|move|p1a: drifflim|Strength Sap|p2a: Mabosstiff
|-unboost|p2a: Mabosstiff|atk|1
|-heal|p1a: drifflim|93/100
|move|p2a: Mabosstiff|Jaw Lock|p1a: drifflim
|-resisted|p1a: drifflim
|-damage|p1a: drifflim|76/100
|-activate|p2a: Mabosstiff|trapped
|-activate|p1a: drifflim|trapped
|
|upkeep
|turn|21
|
|t:|1769358415
|move|p1a: drifflim|Strength Sap|p2a: Mabosstiff
|-unboost|p2a: Mabosstiff|atk|1
|-heal|p1a: drifflim|100/100
|move|p2a: Mabosstiff|Trailblaze|p1a: drifflim
|-damage|p1a: drifflim|89/100
|-boost|p2a: Mabosstiff|spe|1
|
|upkeep
|turn|22
|
|t:|1769358419
|move|p1a: drifflim|Thunderbolt|p2a: Mabosstiff
|-damage|p2a: Mabosstiff|21/100
|move|p2a: Mabosstiff|Trailblaze|p1a: drifflim
|-damage|p1a: drifflim|78/100
|-boost|p2a: Mabosstiff|spe|1
|
|upkeep
|turn|23
|
|t:|1769358423
|move|p1a: drifflim|Thunderbolt|p2a: Mabosstiff
|-damage|p2a: Mabosstiff|0 fnt
|faint|p2a: Mabosstiff
|
|win|kuraiyagare
|raw|kuraiyagare's rating: 1209 &rarr; <strong>1238</strong><br />(+29 for winning)
|raw|qweralt's rating: 1260 &rarr; <strong>1231</strong><br />(-29 for losing)
|l|☆kuraiyagare
|player|p1|
