|j|☆456r7tiyujdfg
|j|☆chibsu
|t:|1769293588
|gametype|singles
|player|p1|456r7tiyujdfg|idol|1152
|player|p2|chibsu|102|1133
|gen|9
|tier|[Gen 9] OU
|rated|
|rule|HP Percentage Mod: HP is shown in percentages
|rule|Endless Battle Clause: Forcing endless battles is banned
|rule|Species Clause: Limit one of each Pokémon
|rule|OHKO Clause: OHKO moves are banned
|rule|Evasion Items Clause: Evasion items are banned
|rule|Evasion Moves Clause: Evasion moves are banned
|rule|Evasion Abilities Clause: Evasion abilities are banned
|rule|Sleep Moves Clause: Sleep-inducing moves are banned
|clearpoke
|poke|p1|Hydrapple, M|
|poke|p1|Tyranitar, F|
|poke|p1|Moltres|
|poke|p1|Zamazenta-*|
|poke|p1|Slowking-Galar, F|
|poke|p1|Excadrill, F|
|poke|p2|Skuntank, F|
|poke|p2|Pecharunt|
|poke|p2|Gliscor, F|
|poke|p2|Dragapult, F|
|poke|p2|Gholdengo|
|poke|p2|Great Tusk|
|teampreview
|inactive|Battle timer is ON: inactive players will automatically lose when time's up. (requested by chibsu)
|inactive|456r7tiyujdfg also wants the timer to be on.
|inactive|456r7tiyujdfg has 120 seconds left.
|
|t:|1769293626
|teamsize|p1|6
|teamsize|p2|6
|start
|switch|p1a: Tyranitar|Tyranitar, F|100/100
|switch|p2a: Skuntank|Skuntank, F|100/100
|-weather|Sandstorm|[from] ability: Sand Stream|[of] p1a: Tyranitar
|turn|1
|
|t:|1769293644
|switch|p1a: Moltres|Moltres|100/100
|move|p2a: Skuntank|Knock Off|p1a: Moltres
|-damage|p1a: Moltres|79/100
|-enditem|p1a: Moltres|Heavy-Duty Boots|[from] move: Knock Off|[of] p2a: Skuntank
|
|-weather|Sandstorm|[upkeep]
|-damage|p1a: Moltres|73/100|[from] Sandstorm
|-damage|p2a: Skuntank|94/100|[from] Sandstorm
|-heal|p2a: Skuntank|100/100|[from] item: Leftovers
|upkeep
|turn|2
|
|t:|1769293652
|move|p1a: Moltres|U-turn|p2a: Skuntank
|-damage|p2a: Skuntank|85/100
|
|t:|1769293668
|switch|p1a: Excadrill|Excadrill, F|100/100|[from] U-turn
|-item|p1a: Excadrill|Air Balloon
|move|p2a: Skuntank|Toxic Spikes|p1a: Excadrill
|-sidestart|p1: 456r7tiyujdfg|move: Toxic Spikes
|
|-weather|Sandstorm|[upkeep]
|-damage|p2a: Skuntank|79/100|[from] Sandstorm
|-heal|p2a: Skuntank|85/100|[from] item: Leftovers
|upkeep
|turn|3
|
|t:|1769293687
|-terastallize|p2a: Skuntank|Ghost
|move|p1a: Excadrill|Earthquake|p2a: Skuntank
|-damage|p2a: Skuntank|29/100
|move|p2a: Skuntank|Roar|p1a: Excadrill
|drag|p1a: Hydrapple|Hydrapple, M|100/100
|
|-weather|Sandstorm|[upkeep]
|-damage|p2a: Skuntank|23/100|[from] Sandstorm
|-damage|p1a: Hydrapple|94/100|[from] Sandstorm
|-heal|p2a: Skuntank|29/100|[from] item: Leftovers
|upkeep
|turn|4
|
|t:|1769293697
|move|p2a: Skuntank|Knock Off|p1a: Hydrapple
|-damage|p1a: Hydrapple|74/100
|-enditem|p1a: Hydrapple|Heavy-Duty Boots|[from] move: Knock Off|[of] p2a: Skuntank
|move|p1a: Hydrapple|Fickle Beam|p2a: Skuntank
|-damage|p2a: Skuntank|0 fnt
|faint|p2a: Skuntank
|
|-weather|Sandstorm|[upkeep]
|-damage|p1a: Hydrapple|68/100|[from] Sandstorm
|upkeep
|
|t:|1769293713
|switch|p2a: Gholdengo|Gholdengo|100/100
|turn|5
|
|t:|1769293737
|switch|p1a: Slowking|Slowking-Galar, F|100/100
|-sideend|p1: 456r7tiyujdfg|move: Toxic Spikes|[of] p1a: Slowking
|move|p2a: Gholdengo|Shadow Ball|p1a: Slowking
|-supereffective|p1a: Slowking
|-damage|p1a: Slowking|53/100
|
|-weather|Sandstorm|[upkeep]
|-damage|p1a: Slowking|47/100|[from] Sandstorm
|upkeep
|turn|6
|
|t:|1769293749
|switch|p1a: Tyranitar|Tyranitar, F|100/100
|move|p2a: Gholdengo|Shadow Ball|p1a: Tyranitar
|-resisted|p1a: Tyranitar
|-damage|p1a: Tyranitar|92/100
|-unboost|p1a: Tyranitar|spd|1
|
|-weather|Sandstorm|[upkeep]
|upkeep
|turn|7
|
|t:|1769293767
|switch|p2a: Pecharunt|Pecharunt|100/100
|move|p1a: Tyranitar|Knock Off|p2a: Pecharunt
|-supereffective|p2a: Pecharunt
|-damage|p2a: Pecharunt|48/100
|-enditem|p2a: Pecharunt|Heavy-Duty Boots|[from] move: Knock Off|[of] p1a: Tyranitar
|
|-weather|Sandstorm|[upkeep]
|-damage|p2a: Pecharunt|42/100|[from] Sandstorm
|upkeep
|turn|8
|
|t:|1769293774
|move|p2a: Pecharunt|Parting Shot|p1a: Tyranitar
|-unboost|p1a: Tyranitar|atk|1
|-unboost|p1a: Tyranitar|spa|1
|
|t:|1769293776
|switch|p2a: Gliscor|Gliscor, F|100/100|[from] Parting Shot
|move|p1a: Tyranitar|Stealth Rock|p2a: Gliscor
|-sidestart|p2: chibsu|move: Stealth Rock
|
|-weather|none
|-status|p2a: Gliscor|tox|[from] item: Toxic Orb
|upkeep
|turn|9
|
|t:|1769293791
|switch|p1a: Hydrapple|Hydrapple, M|100/100
|move|p2a: Gliscor|Knock Off|p1a: Hydrapple
|-damage|p1a: Hydrapple|92/100
|
|upkeep
|turn|10
|-message|chibsu forfeited.
|
|win|456r7tiyujdfg
|raw|456r7tiyujdfg's rating: 1152 &rarr; <strong>1176</strong><br />(+24 for winning)
|raw|chibsu's rating: 1133 &rarr; <strong>1109</strong><br />(-24 for losing)
|l|☆chibsu
|player|p2|
|l|☆456r7tiyujdfg
|player|p1|
