|j|☆sampoke19
|j|☆SquilliamTG
|t:|1769408825
|gametype|singles
|player|p1|sampoke19|265|1612
|player|p2|SquilliamTG|silver|1579
|gen|9
|tier|[Gen 9] OU
|rated|
|rule|HP Percentage Mod: HP is shown in percentages
|rule|Endless Battle Clause: Forcing endless battles is banned
|rule|Species Clause: Limit one of each Pokémon
|rule|OHKO Clause: OHKO moves are banned
|rule|Evasion Items Clause: Evasion items are banned
|rule|Evasion Moves Clause: Evasion moves are banned
|rule|Evasion Abilities Clause: Evasion abilities are banned
|rule|Sleep Moves Clause: Sleep-inducing moves are banned
|clearpoke
|poke|p1|Blastoise, M|
|poke|p1|Ceruledge, F|
|poke|p1|Kingambit, M|
|poke|p1|Volcanion|
|poke|p1|Great Tusk|
|poke|p1|Dragonite, F|
|poke|p2|Great Tusk|
|poke|p2|Magnezone|
|poke|p2|Slowking-Galar, M|
|poke|p2|Dragonite, M|
|poke|p2|Alomomola, M|
|poke|p2|Zamazenta-*|
|teampreview
|inactive|Battle timer is ON: inactive players will automatically lose when time's up. (requested by SquilliamTG)
|
|t:|1769408843
|teamsize|p1|6
|teamsize|p2|6
|start
|switch|p1a: Dragonite|Dragonite, F|100/100
|switch|p2a: Magnezone|Magnezone|100/100
|turn|1
|
|t:|1769408852
|move|p1a: Dragonite|Dragon Dance|p1a: Dragonite
|-boost|p1a: Dragonite|atk|1
|-boost|p1a: Dragonite|spe|1
|move|p2a: Magnezone|Volt Switch|p1a: Dragonite
|-damage|p1a: Dragonite|72/100
|
|t:|1769408865
|switch|p2a: Zamazenta|Zamazenta|100/100|[from] Volt Switch
|-ability|p2a: Zamazenta|Dauntless Shield|boost
|-boost|p2a: Zamazenta|def|1
|
|upkeep
|turn|2
|
|t:|1769408873
|move|p2a: Zamazenta|Stone Edge|p1a: Dragonite|[miss]
|-miss|p2a: Zamazenta|p1a: Dragonite
|move|p1a: Dragonite|Scale Shot|p2a: Zamazenta|[miss]
|-miss|p1a: Dragonite|p2a: Zamazenta
|
|upkeep
|turn|3
|
|t:|1769408880
|-terastallize|p1a: Dragonite|Normal
|move|p2a: Zamazenta|Stone Edge|p1a: Dragonite
|-damage|p1a: Dragonite|18/100
|move|p1a: Dragonite|Scale Shot|p2a: Zamazenta
|-damage|p2a: Zamazenta|86/100
|-damage|p2a: Zamazenta|72/100
|-damage|p2a: Zamazenta|58/100
|-crit|p2a: Zamazenta
|-damage|p2a: Zamazenta|25/100
|-damage|p2a: Zamazenta|11/100
|-hitcount|p2a: Zamazenta|5
|-unboost|p1a: Dragonite|def|1
|-boost|p1a: Dragonite|spe|1
|
|upkeep
|turn|4
|
|t:|1769408897
|switch|p2a: Dragonite|Dragonite, M|100/100
|move|p1a: Dragonite|Scale Shot|p2a: Dragonite
|-supereffective|p2a: Dragonite
|-damage|p2a: Dragonite|74/100
|-supereffective|p2a: Dragonite
|-damage|p2a: Dragonite|26/100
|-supereffective|p2a: Dragonite
|-damage|p2a: Dragonite|0 fnt
|faint|p2a: Dragonite
|-hitcount|p2: Dragonite|3
|-unboost|p1a: Dragonite|def|1
|-boost|p1a: Dragonite|spe|1
|
|upkeep
|
|t:|1769408908
|switch|p2a: Alomomola|Alomomola, M|100/100
|turn|5
|
|t:|1769408919
|move|p1a: Dragonite|Dragon Dance|p1a: Dragonite
|-boost|p1a: Dragonite|atk|1
|-boost|p1a: Dragonite|spe|1
|move|p2a: Alomomola|Wish|p2a: Alomomola
|
|upkeep
|turn|6
|
|t:|1769408925
|move|p1a: Dragonite|Scale Shot|p2a: Alomomola|[miss]
|-miss|p1a: Dragonite|p2a: Alomomola
|move|p2a: Alomomola|Flip Turn|p1a: Dragonite
|-damage|p1a: Dragonite|0 fnt
|faint|p1a: Dragonite
|
|t:|1769408931
|switch|p2a: Zamazenta|Zamazenta|11/100|[from] Flip Turn
|
|-heal|p2a: Zamazenta|93/100|[from] move: Wish|[wisher] Alomomola
|upkeep
|
|t:|1769408948
|switch|p1a: Ceruledge|Ceruledge, F|100/100
|turn|7
|
|t:|1769408956
|move|p2a: Zamazenta|Crunch|p1a: Ceruledge
|-supereffective|p1a: Ceruledge
|-damage|p1a: Ceruledge|5/100
|-unboost|p1a: Ceruledge|def|1
|-ability|p1a: Ceruledge|Weak Armor|boost
|-unboost|p1a: Ceruledge|def|1
|-boost|p1a: Ceruledge|spe|2
|move|p1a: Ceruledge|Swords Dance|p1a: Ceruledge
|-boost|p1a: Ceruledge|atk|2
|
|upkeep
|turn|8
|
|t:|1769408980
|switch|p2a: Alomomola|Alomomola, M|100/100
|move|p1a: Ceruledge|Poltergeist|p2a: Alomomola
|-activate|p2a: Alomomola|move: Poltergeist|Heavy-Duty Boots
|-damage|p2a: Alomomola|33/100
|
|upkeep
|turn|9
|
|t:|1769408991
|switch|p2a: Slowking|Slowking-Galar, M|100/100
|move|p1a: Ceruledge|Poltergeist|p2a: Slowking
|-activate|p2a: Slowking|move: Poltergeist|Heavy-Duty Boots
|-supereffective|p2a: Slowking
|-damage|p2a: Slowking|0 fnt
|faint|p2a: Slowking
|
|upkeep
|
|t:|1769408999
|switch|p2a: Alomomola|Alomomola, M|66/100
|turn|10
|
|t:|1769409003
|move|p1a: Ceruledge|Poltergeist|p2a: Alomomola
|-activate|p2a: Alomomola|move: Poltergeist|Heavy-Duty Boots
|-damage|p2a: Alomomola|0 fnt
|faint|p2a: Alomomola
|
|upkeep
|-message|SquilliamTG forfeited.
|
|win|sampoke19
|raw|sampoke19's rating: 1612 &rarr; <strong>1630</strong><br />(+18 for winning)
|raw|SquilliamTG's rating: 1579 &rarr; <strong>1561</strong><br />(-18 for losing)
|l|☆SquilliamTG
|player|p2|
|l|☆sampoke19
|player|p1|
