|j|☆kianchimchar
|j|☆StarLi
|t:|1769407504
|gametype|singles
|player|p1|kianchimchar|lucas-gen4pt|1364
|player|p2|StarLi|iono|1383
|gen|9
|tier|[Gen 9] OU
|rated|
|rule|HP Percentage Mod: HP is shown in percentages
|rule|Endless Battle Clause: Forcing endless battles is banned
|rule|Species Clause: Limit one of each Pokémon
|rule|OHKO Clause: OHKO moves are banned
|rule|Evasion Items Clause: Evasion items are banned
|rule|Evasion Moves Clause: Evasion moves are banned
|rule|Evasion Abilities Clause: Evasion abilities are banned
|rule|Sleep Moves Clause: Sleep-inducing moves are banned
|clearpoke
|poke|p1|Dragonite, F|
|poke|p1|Smeargle, M|
|poke|p1|Zoroark-Hisui, M|
|poke|p1|Scizor, F|
|poke|p1|Kyurem|
|poke|p1|Ditto|
|poke|p2|Grimmsnarl, M|
|poke|p2|Iron Treads|
|poke|p2|Ceruledge, F|
|poke|p2|Iron Valiant|
|poke|p2|Ogerpon-Wellspring, F|
|poke|p2|Zapdos|
|teampreview
|inactive|Battle timer is ON: inactive players will automatically lose when time's up. (requested by kianchimchar)
|
|t:|1769407511
|teamsize|p1|6
|teamsize|p2|6
|start
|switch|p1a: Smeargle|Smeargle, M|100/100
|switch|p2a: Grimmsnarl|Grimmsnarl, M|100/100
|turn|1
|
|t:|1769407514
|move|p2a: Grimmsnarl|Taunt|p1a: Smeargle
|-start|p1a: Smeargle|move: Taunt
|cant|p1a: Smeargle|move: Taunt|Trick
|
|upkeep
|turn|2
|
|t:|1769407521
|switch|p1a: Smeargle|Smeargle, M|100/100
|move|p2a: Grimmsnarl|Low Kick|p1a: Smeargle
|-supereffective|p1a: Smeargle
|-enditem|p1a: Smeargle|Focus Sash
|-damage|p1a: Smeargle|1/100
|
|upkeep
|turn|3
|
|t:|1769407526
|move|p2a: Grimmsnarl|Taunt|p1a: Smeargle
|-start|p1a: Smeargle|move: Taunt
|move|p1a: Smeargle|Endeavor|p2a: Grimmsnarl
|-damage|p2a: Grimmsnarl|1/100
|
|upkeep
|turn|4
|
|t:|1769407535
|move|p2a: Grimmsnarl|Reflect|p2a: Grimmsnarl
|-sidestart|p2: StarLi|Reflect
|move|p1a: Smeargle|Mortal Spin|p2a: Grimmsnarl
|-supereffective|p2a: Grimmsnarl
|-damage|p2a: Grimmsnarl|0 fnt
|faint|p2a: Grimmsnarl
|
|upkeep
|
|t:|1769407555
|switch|p2a: Iron Treads|Iron Treads|100/100
|-enditem|p2a: Iron Treads|Booster Energy
|-activate|p2a: Iron Treads|ability: Quark Drive|[fromitem]
|-start|p2a: Iron Treads|quarkdrivespe
|turn|5
|
|t:|1769407561
|move|p2a: Iron Treads|Rapid Spin|p1a: Smeargle
|-damage|p1a: Smeargle|0 fnt
|-boost|p2a: Iron Treads|spe|1
|faint|p1a: Smeargle
|
|upkeep
|
|t:|1769407563
|switch|p1a: Scizor|Scizor, F, shiny|100/100
|turn|6
|
|t:|1769407568
|move|p2a: Iron Treads|Stealth Rock|p1a: Scizor
|-sidestart|p1: kianchimchar|move: Stealth Rock
|move|p1a: Scizor|Trick|p2a: Iron Treads
|-activate|p1a: Scizor|move: Trick|[of] p2a: Iron Treads
|-item|p2a: Iron Treads|Choice Scarf|[from] move: Trick
|-enditem|p1a: Scizor|Choice Scarf|[silent]|[from] move: Trick
|
|upkeep
|turn|7
|
|t:|1769407587
|move|p2a: Iron Treads|Steel Beam|p1a: Scizor
|-damage|p1a: Scizor|0 fnt
|replace|p1a: Zoroark|Zoroark-Hisui, M
|-end|p1a: Zoroark|Illusion
|-damage|p2a: Iron Treads|50/100|[from] steelbeam
|faint|p1a: Zoroark
|
|upkeep
|
|t:|1769407593
|switch|p1a: Scizor|Scizor, F, shiny|100/100
|-damage|p1a: Scizor|88/100|[from] Stealth Rock
|turn|8
|
|t:|1769407594
|move|p2a: Iron Treads|Steel Beam|p1a: Scizor
|-resisted|p1a: Scizor
|-damage|p1a: Scizor|59/100
|-damage|p2a: Iron Treads|0 fnt|[from] steelbeam
|faint|p2a: Iron Treads
|-end|p2a: Iron Treads|Quark Drive|[silent]
|move|p1a: Scizor|Defog|p2: Iron Treads|[notarget]
|-fail|p1a: Scizor
|
|upkeep
|
|t:|1769407612
|switch|p2a: Zapdos|Zapdos|100/100
|turn|9
|
|t:|1769407615
|move|p2a: Zapdos|Heat Wave|p1a: Scizor
|-supereffective|p1a: Scizor
|-damage|p1a: Scizor|0 fnt
|faint|p1a: Scizor
|
|upkeep
|
|t:|1769407619
|switch|p1a: Kyurem|Kyurem|100/100
|-damage|p1a: Kyurem|76/100|[from] Stealth Rock
|-ability|p1a: Kyurem|Pressure
|turn|10
|
|t:|1769407631
|-terastallize|p2a: Zapdos|Fire
|move|p1a: Kyurem|Freeze-Dry|p2a: Zapdos
|-resisted|p2a: Zapdos
|-damage|p2a: Zapdos|84/100
|move|p2a: Zapdos|Hurricane|p1a: Kyurem
|-damage|p1a: Kyurem|16/100
|
|upkeep
|turn|11
|
|t:|1769407638
|move|p1a: Kyurem|Earth Power|p2a: Zapdos
|-supereffective|p2a: Zapdos
|-damage|p2a: Zapdos|20/100
|-unboost|p2a: Zapdos|spd|1
|move|p2a: Zapdos|Volt Switch|p1a: Kyurem
|-resisted|p1a: Kyurem
|-damage|p1a: Kyurem|0 fnt
|faint|p1a: Kyurem
|
|t:|1769407650
|switch|p2a: Ogerpon|Ogerpon-Wellspring, F|100/100|[from] Volt Switch
|
|-sideend|p2: StarLi|Reflect
|upkeep
|
|t:|1769407653
|switch|p1a: Ditto|Ditto|100/100
|-damage|p1a: Ditto|88/100|[from] Stealth Rock
|-transform|p1a: Ditto|p2a: Ogerpon|[from] ability: Imposter
|turn|12
|
|t:|1769407668
|move|p1a: Ditto|Trailblaze|p2a: Ogerpon
|-damage|p2a: Ogerpon|55/100
|-boost|p1a: Ditto|spe|1
|-damage|p1a: Ditto|78/100|[from] item: Life Orb
|move|p2a: Ogerpon|Play Rough|p1a: Ditto
|-damage|p1a: Ditto|26/100
|
|upkeep
|turn|13
|
|t:|1769407678
|move|p1a: Ditto|Play Rough|p2a: Ogerpon
|-damage|p2a: Ogerpon|0 fnt
|faint|p2a: Ogerpon
|-damage|p1a: Ditto|16/100|[from] item: Life Orb
|
|upkeep
|
|t:|1769407684
|switch|p2a: Ceruledge|Ceruledge, F|100/100
|turn|14
|
|t:|1769407688
|move|p2a: Ceruledge|Shadow Sneak|p1a: Ditto
|-damage|p1a: Ditto|0 fnt
|faint|p1a: Ditto
|-damage|p2a: Ceruledge|91/100|[from] item: Life Orb
|
|upkeep
|
|t:|1769407689
|switch|p1a: one man army|Dragonite, F, shiny|100/100
|-damage|p1a: one man army|76/100|[from] Stealth Rock
|turn|15
|
|t:|1769407697
|move|p1a: one man army|Dragon Dance|p1a: one man army
|-boost|p1a: one man army|atk|1
|-boost|p1a: one man army|spe|1
|move|p2a: Ceruledge|Poltergeist|p1a: one man army
|-activate|p1a: one man army|move: Poltergeist|Leftovers
|-damage|p1a: one man army|0 fnt
|faint|p1a: one man army
|-damage|p2a: Ceruledge|81/100|[from] item: Life Orb
|
|win|StarLi
|raw|kianchimchar's rating: 1364 &rarr; <strong>1345</strong><br />(-19 for losing)
|raw|StarLi's rating: 1383 &rarr; <strong>1402</strong><br />(+19 for winning)
|l|☆kianchimchar
|player|p1|
