|j|☆bugcatcherweevil
|j|☆monkeoogaboog2
|t:|1769362013
|gametype|singles
|player|p1|bugcatcherweevil|169|1694
|player|p2|monkeoogaboog2|1|1683
|gen|9
|tier|[Gen 9] OU
|rated|
|rule|HP Percentage Mod: HP is shown in percentages
|rule|Endless Battle Clause: Forcing endless battles is banned
|rule|Species Clause: Limit one of each Pokémon
|rule|OHKO Clause: OHKO moves are banned
|rule|Evasion Items Clause: Evasion items are banned
|rule|Evasion Moves Clause: Evasion moves are banned
|rule|Evasion Abilities Clause: Evasion abilities are banned
|rule|Sleep Moves Clause: Sleep-inducing moves are banned
|clearpoke
|poke|p1|Ninetales, M|
|poke|p1|Slither Wing|
|poke|p1|Fezandipiti, M|
|poke|p1|Great Tusk|
|poke|p1|Dragapult, F|
|poke|p1|Raging Bolt|
|poke|p2|Heatran, F|
|poke|p2|Rillaboom, M|
|poke|p2|Darkrai|
|poke|p2|Primarina, F|
|poke|p2|Kingambit, F|
|poke|p2|Great Tusk|
|teampreview
|inactive|Battle timer is ON: inactive players will automatically lose when time's up. (requested by bugcatcherweevil)
|
|t:|1769362034
|teamsize|p1|6
|teamsize|p2|6
|start
|switch|p1a: Slither Wing|Slither Wing|100/100
|switch|p2a: Heatran|Heatran, F|100/100
|turn|1
|
|t:|1769362053
|move|p2a: Heatran|Magma Storm|p1a: Slither Wing|[miss]
|-miss|p2a: Heatran|p1a: Slither Wing
|move|p1a: Slither Wing|Close Combat|p2a: Heatran
|-supereffective|p2a: Heatran
|-damage|p2a: Heatran|0 fnt
|-unboost|p1a: Slither Wing|def|1
|-unboost|p1a: Slither Wing|spd|1
|faint|p2a: Heatran
|
|upkeep
|
|t:|1769362058
|switch|p2a: Primarina|Primarina, F|100/100
|turn|2
|
|t:|1769362064
|-end|p1a: Slither Wing|Protosynthesis|[silent]
|switch|p1a: Fezandipiti|Fezandipiti, M|100/100
|move|p2a: Primarina|Surf|p1a: Fezandipiti
|-damage|p1a: Fezandipiti|67/100
|
|upkeep
|turn|3
|
|t:|1769362070
|switch|p2a: Kingambit|Kingambit, F|100/100
|-activate|p2a: Kingambit|ability: Supreme Overlord
|-start|p2a: Kingambit|fallen1|[silent]
|move|p1a: Fezandipiti|Beat Up|p2a: Kingambit
|-resisted|p2a: Kingambit
|-damage|p2a: Kingambit|99/100
|-resisted|p2a: Kingambit
|-damage|p2a: Kingambit|98/100
|-resisted|p2a: Kingambit
|-damage|p2a: Kingambit|96/100
|-resisted|p2a: Kingambit
|-damage|p2a: Kingambit|95/100
|-resisted|p2a: Kingambit
|-damage|p2a: Kingambit|93/100
|-resisted|p2a: Kingambit
|-damage|p2a: Kingambit|92/100
|-hitcount|p2a: Kingambit|6
|
|-heal|p2a: Kingambit|98/100|[from] item: Leftovers
|upkeep
|turn|4
|
|t:|1769362074
|move|p1a: Fezandipiti|U-turn|p2a: Kingambit
|-damage|p2a: Kingambit|85/100
|
|t:|1769362079
|switch|p1a: Great Tusk|Great Tusk|100/100|[from] U-turn
|move|p2a: Kingambit|Iron Head|p1a: Great Tusk
|-damage|p1a: Great Tusk|67/100
|
|-heal|p2a: Kingambit|91/100|[from] item: Leftovers
|upkeep
|turn|5
|
|t:|1769362085
|-end|p2a: Kingambit|fallen1|[silent]
|switch|p2a: Great Tusk|Great Tusk|100/100
|move|p1a: Great Tusk|Knock Off|p2a: Great Tusk
|-resisted|p2a: Great Tusk
|-damage|p2a: Great Tusk|88/100
|-damage|p1a: Great Tusk|50/100|[from] item: Rocky Helmet|[of] p2a: Great Tusk
|-enditem|p2a: Great Tusk|Rocky Helmet|[from] move: Knock Off|[of] p1a: Great Tusk
|
|upkeep
|turn|6
|
|t:|1769362094
|-end|p1a: Great Tusk|Protosynthesis|[silent]
|switch|p1a: Slither Wing|Slither Wing|100/100
|move|p2a: Great Tusk|Knock Off|p1a: Slither Wing
|-resisted|p1a: Slither Wing
|-damage|p1a: Slither Wing|83/100
|-enditem|p1a: Slither Wing|Choice Band|[from] move: Knock Off|[of] p2a: Great Tusk
|
|upkeep
|turn|7
|
|t:|1769362100
|move|p2a: Great Tusk|Ice Spinner|p1a: Slither Wing
|-damage|p1a: Slither Wing|53/100
|move|p1a: Slither Wing|U-turn|p2a: Great Tusk
|-resisted|p2a: Great Tusk
|-damage|p2a: Great Tusk|74/100
|
|t:|1769362108
|-end|p1a: Slither Wing|Protosynthesis|[silent]
|switch|p1a: Dragapult|Dragapult, F|100/100|[from] U-turn
|
|upkeep
|turn|8
|
|t:|1769362114
|-end|p2a: Great Tusk|Protosynthesis|[silent]
|switch|p2a: Primarina|Primarina, F|100/100
|move|p1a: Dragapult|Draco Meteor|p2a: Primarina
|-immune|p2a: Primarina
|
|upkeep
|turn|9
|
|t:|1769362119
|switch|p1a: Ninetales|Ninetales, M|100/100
|-weather|SunnyDay|[from] ability: Drought|[of] p1a: Ninetales
|move|p2a: Primarina|Surf|p1a: Ninetales
|-supereffective|p1a: Ninetales
|-damage|p1a: Ninetales|52/100
|
|-weather|SunnyDay|[upkeep]
|upkeep
|turn|10
|
|t:|1769362127
|switch|p1a: Fezandipiti|Fezandipiti, M|67/100
|move|p2a: Primarina|Psychic Noise|p1a: Fezandipiti
|-supereffective|p1a: Fezandipiti
|-damage|p1a: Fezandipiti|27/100
|-start|p1a: Fezandipiti|move: Heal Block
|
|-weather|SunnyDay|[upkeep]
|upkeep
|turn|11
|
|t:|1769362138
|move|p1a: Fezandipiti|Beat Up|p2a: Primarina
|-resisted|p2a: Primarina
|-damage|p2a: Primarina|98/100
|-resisted|p2a: Primarina
|-damage|p2a: Primarina|95/100
|-resisted|p2a: Primarina
|-damage|p2a: Primarina|92/100
|-resisted|p2a: Primarina
|-damage|p2a: Primarina|90/100
|-resisted|p2a: Primarina
|-damage|p2a: Primarina|86/100
|-resisted|p2a: Primarina
|-damage|p2a: Primarina|84/100
|-hitcount|p2a: Primarina|6
|move|p2a: Primarina|Psychic Noise|p1a: Fezandipiti
|-supereffective|p1a: Fezandipiti
|-damage|p1a: Fezandipiti|0 fnt
|faint|p1a: Fezandipiti
|
|-weather|SunnyDay|[upkeep]
|upkeep
|
|t:|1769362155
|switch|p1a: Raging Bolt|Raging Bolt|100/100
|-activate|p1a: Raging Bolt|ability: Protosynthesis
|-start|p1a: Raging Bolt|protosynthesisspa
|turn|12
|
|t:|1769362161
|switch|p2a: Great Tusk|Great Tusk|74/100
|-activate|p2a: Great Tusk|ability: Protosynthesis
|-start|p2a: Great Tusk|protosynthesisspe
|move|p1a: Raging Bolt|Weather Ball|p2a: Great Tusk
|-damage|p2a: Great Tusk|0 fnt
|faint|p2a: Great Tusk
|-end|p2a: Great Tusk|Protosynthesis|[silent]
|
|-weather|SunnyDay|[upkeep]
|upkeep
|
|t:|1769362170
|switch|p2a: Primarina|Primarina, F|84/100
|turn|13
|inactive|bugcatcherweevil has 120 seconds left.
|
|t:|1769362223
|-end|p1a: Raging Bolt|Protosynthesis|[silent]
|switch|p1a: Ninetales|Ninetales, M|52/100
|-terastallize|p2a: Primarina|Poison
|move|p2a: Primarina|Moonblast|p1a: Ninetales
|-resisted|p1a: Ninetales
|-damage|p1a: Ninetales|28/100
|
|-weather|SunnyDay|[upkeep]
|upkeep
|turn|14
|
|t:|1769362228
|move|p1a: Ninetales|Healing Wish|p1a: Ninetales
|faint|p1a: Ninetales
|move|p2a: Primarina|Surf|p1: Ninetales|[notarget]
|-fail|p2a: Primarina
|
|-weather|SunnyDay|[upkeep]
|upkeep
|
|t:|1769362233
|switch|p1a: Great Tusk|Great Tusk|50/100
|-heal|p1a: Great Tusk|100/100|[from] move: Healing Wish
|-activate|p1a: Great Tusk|ability: Protosynthesis
|-start|p1a: Great Tusk|protosynthesisatk
|turn|15
|inactive|bugcatcherweevil has 120 seconds left.
|
|t:|1769362241
|switch|p2a: Darkrai|Darkrai|100/100
|move|p1a: Great Tusk|Headlong Rush|p2a: Darkrai
|-damage|p2a: Darkrai|0 fnt
|-unboost|p1a: Great Tusk|def|1
|-unboost|p1a: Great Tusk|spd|1
|faint|p2a: Darkrai
|
|-weather|SunnyDay|[upkeep]
|upkeep
|
|t:|1769362243
|switch|p2a: Rillaboom|Rillaboom, M|100/100
|-fieldstart|move: Grassy Terrain|[from] ability: Grassy Surge|[of] p2a: Rillaboom
|turn|16
|inactive|bugcatcherweevil has 120 seconds left.
|
|t:|1769362277
|-end|p1a: Great Tusk|Protosynthesis|[silent]
|switch|p1a: Raging Bolt|Raging Bolt|100/100
|-activate|p1a: Raging Bolt|ability: Protosynthesis
|-start|p1a: Raging Bolt|protosynthesisspa
|move|p2a: Rillaboom|Wood Hammer|p1a: Raging Bolt
|-resisted|p1a: Raging Bolt
|-damage|p1a: Raging Bolt|47/100
|-damage|p2a: Rillaboom|78/100|[from] Recoil
|
|-weather|none
|-end|p1a: Raging Bolt|Protosynthesis
|-heal|p2a: Rillaboom|84/100|[from] Grassy Terrain
|-heal|p1a: Raging Bolt|53/100|[from] Grassy Terrain
|upkeep
|turn|17
|
|t:|1769362289
|move|p2a: Rillaboom|Wood Hammer|p1a: Raging Bolt
|-resisted|p1a: Raging Bolt
|-damage|p1a: Raging Bolt|0 fnt
|faint|p1a: Raging Bolt
|-end|p1a: Raging Bolt|Protosynthesis|[silent]
|-damage|p2a: Rillaboom|61/100|[from] Recoil
|
|-heal|p2a: Rillaboom|68/100|[from] Grassy Terrain
|upkeep
|
|t:|1769362302
|switch|p1a: Slither Wing|Slither Wing|53/100
|turn|18
|
|t:|1769362313
|move|p2a: Rillaboom|Wood Hammer|p1a: Slither Wing
|-resisted|p1a: Slither Wing
|-damage|p1a: Slither Wing|0 fnt
|faint|p1a: Slither Wing
|-end|p1a: Slither Wing|Protosynthesis|[silent]
|-damage|p2a: Rillaboom|51/100|[from] Recoil
|
|-heal|p2a: Rillaboom|57/100|[from] Grassy Terrain
|upkeep
|
|t:|1769362317
|switch|p1a: Dragapult|Dragapult, F|100/100
|turn|19
|
|t:|1769362323
|switch|p1a: Great Tusk|Great Tusk|100/100
|switch|p2a: Primarina|Primarina, F, tera:Poison|84/100
|
|-heal|p2a: Primarina|91/100|[from] Grassy Terrain
|upkeep
|turn|20
|
|t:|1769362327
|move|p1a: Great Tusk|Headlong Rush|p2a: Primarina
|-supereffective|p2a: Primarina
|-crit|p2a: Primarina
|-damage|p2a: Primarina|0 fnt
|-unboost|p1a: Great Tusk|def|1
|-unboost|p1a: Great Tusk|spd|1
|faint|p2a: Primarina
|
|-fieldend|move: Grassy Terrain
|upkeep
|
|t:|1769362329
|switch|p2a: Rillaboom|Rillaboom, M|57/100
|-fieldstart|move: Grassy Terrain|[from] ability: Grassy Surge|[of] p2a: Rillaboom
|turn|21
|
|t:|1769362337
|-end|p1a: Great Tusk|Protosynthesis|[silent]
|switch|p1a: Dragapult|Dragapult, F|100/100
|move|p2a: Rillaboom|Grassy Glide|p1a: Dragapult
|-resisted|p1a: Dragapult
|-damage|p1a: Dragapult|59/100
|
|-heal|p1a: Dragapult|65/100|[from] Grassy Terrain
|-heal|p2a: Rillaboom|64/100|[from] Grassy Terrain
|upkeep
|turn|22
|
|t:|1769362344
|move|p2a: Rillaboom|Grassy Glide|p1a: Dragapult
|-resisted|p1a: Dragapult
|-damage|p1a: Dragapult|21/100
|move|p1a: Dragapult|Fire Blast|p2a: Rillaboom
|-supereffective|p2a: Rillaboom
|-damage|p2a: Rillaboom|0 fnt
|faint|p2a: Rillaboom
|-damage|p1a: Dragapult|11/100|[from] item: Life Orb
|
|-heal|p1a: Dragapult|17/100|[from] Grassy Terrain
|upkeep
|
|t:|1769362347
|switch|p2a: Kingambit|Kingambit, F|91/100
|-activate|p2a: Kingambit|ability: Supreme Overlord
|-start|p2a: Kingambit|fallen5|[silent]
|turn|23
|
|t:|1769362353
|move|p1a: Dragapult|Fire Blast|p2a: Kingambit|[miss]
|-miss|p1a: Dragapult|p2a: Kingambit
|move|p2a: Kingambit|Swords Dance|p2a: Kingambit
|-boost|p2a: Kingambit|atk|2
|
|-heal|p1a: Dragapult|23/100|[from] Grassy Terrain
|-heal|p2a: Kingambit|97/100|[from] Grassy Terrain
|-heal|p2a: Kingambit|100/100|[from] item: Leftovers
|upkeep
|turn|24
|
|t:|1769362359
|move|p1a: Dragapult|Fire Blast|p2a: Kingambit
|-supereffective|p2a: Kingambit
|-damage|p2a: Kingambit|20/100
|-damage|p1a: Dragapult|13/100|[from] item: Life Orb
|move|p2a: Kingambit|Swords Dance|p2a: Kingambit
|-boost|p2a: Kingambit|atk|2
|
|-heal|p1a: Dragapult|19/100|[from] Grassy Terrain
|-heal|p2a: Kingambit|26/100|[from] Grassy Terrain
|-heal|p2a: Kingambit|32/100|[from] item: Leftovers
|upkeep
|turn|25
|
|t:|1769362365
|move|p1a: Dragapult|Shadow Ball|p2a: Kingambit
|-resisted|p2a: Kingambit
|-damage|p2a: Kingambit|9/100
|-damage|p1a: Dragapult|10/100|[from] item: Life Orb
|move|p2a: Kingambit|Swords Dance|p2a: Kingambit
|-boost|p2a: Kingambit|atk|2
|
|-heal|p1a: Dragapult|16/100|[from] Grassy Terrain
|-heal|p2a: Kingambit|15/100|[from] Grassy Terrain
|-heal|p2a: Kingambit|21/100|[from] item: Leftovers
|-fieldend|move: Grassy Terrain
|upkeep
|turn|26
|
|t:|1769362369
|move|p2a: Kingambit|Sucker Punch|p1a: Dragapult
|-supereffective|p1a: Dragapult
|-damage|p1a: Dragapult|0 fnt
|faint|p1a: Dragapult
|
|-heal|p2a: Kingambit|27/100|[from] item: Leftovers
|upkeep
|
|t:|1769362371
|switch|p1a: Great Tusk|Great Tusk|100/100
|turn|27
|
|t:|1769362377
|move|p2a: Kingambit|Sucker Punch|p1a: Great Tusk
|-resisted|p1a: Great Tusk
|-damage|p1a: Great Tusk|23/100
|move|p1a: Great Tusk|Headlong Rush|p2a: Kingambit
|-supereffective|p2a: Kingambit
|-crit|p2a: Kingambit
|-damage|p2a: Kingambit|0 fnt
|-unboost|p1a: Great Tusk|def|1
|-unboost|p1a: Great Tusk|spd|1
|faint|p2a: Kingambit
|-end|p2a: Kingambit|fallen5|[silent]
|
|win|bugcatcherweevil
|raw|bugcatcherweevil's rating: 1694 &rarr; <strong>1713</strong><br />(+19 for winning)
|raw|monkeoogaboog2's rating: 1683 &rarr; <strong>1664</strong><br />(-19 for losing)
|l|☆monkeoogaboog2
|player|p2|
