|j|☆shnorkalface
|j|☆Hammez40
|t:|1769409948
|gametype|singles
|player|p1|shnorkalface|101|1174
|player|p2|Hammez40|harlequin|1135
|gen|9
|tier|[Gen 9] OU
|rated|
|rule|HP Percentage Mod: HP is shown in percentages
|rule|Endless Battle Clause: Forcing endless battles is banned
|rule|Species Clause: Limit one of each Pokémon
|rule|OHKO Clause: OHKO moves are banned
|rule|Evasion Items Clause: Evasion items are banned
|rule|Evasion Moves Clause: Evasion moves are banned
|rule|Evasion Abilities Clause: Evasion abilities are banned
|rule|Sleep Moves Clause: Sleep-inducing moves are banned
|clearpoke
|poke|p1|Torkoal, F|
|poke|p1|Typhlosion-Hisui, F|
|poke|p1|Arcanine-Hisui, M|
|poke|p1|Araquanid, M|
|poke|p1|Walking Wake|
|poke|p1|Gliscor, M|
|poke|p2|Darkrai|
|poke|p2|Iron Crown|
|poke|p2|Quaquaval, F|
|poke|p2|Gliscor, F|
|poke|p2|Florges, F|
|poke|p2|Pecharunt|
|teampreview
|
|t:|1769409975
|teamsize|p1|6
|teamsize|p2|6
|start
|switch|p1a: Torkoal|Torkoal, F|100/100
|switch|p2a: dayman wayans|Pecharunt|100/100
|-weather|SunnyDay|[from] ability: Drought|[of] p1a: Torkoal
|turn|1
|
|t:|1769409993
|switch|p1a: Gliscor|Gliscor, M|100/100
|move|p2a: dayman wayans|Malignant Chain|p1a: Gliscor
|-resisted|p1a: Gliscor
|-damage|p1a: Gliscor|86/100
|
|-weather|SunnyDay|[upkeep]
|-status|p1a: Gliscor|tox|[from] item: Toxic Orb
|upkeep
|turn|2
|
|t:|1769410009
|move|p1a: Gliscor|Knock Off|p2a: dayman wayans
|-supereffective|p2a: dayman wayans
|-damage|p2a: dayman wayans|80/100
|-enditem|p2a: dayman wayans|Heavy-Duty Boots|[from] move: Knock Off|[of] p1a: Gliscor
|move|p2a: dayman wayans|Foul Play|p1a: Gliscor
|-damage|p1a: Gliscor|69/100 tox
|
|-weather|SunnyDay|[upkeep]
|-heal|p1a: Gliscor|81/100 tox|[from] ability: Poison Heal
|upkeep
|turn|3
|
|t:|1769410019
|move|p1a: Gliscor|Knock Off|p2a: dayman wayans
|-supereffective|p2a: dayman wayans
|-damage|p2a: dayman wayans|68/100
|move|p2a: dayman wayans|Parting Shot|p1a: Gliscor
|-unboost|p1a: Gliscor|atk|1
|-unboost|p1a: Gliscor|spa|1
|
|t:|1769410042
|switch|p2a: bambs|Iron Crown|100/100|[from] Parting Shot
|-enditem|p2a: bambs|Booster Energy
|-activate|p2a: bambs|ability: Quark Drive|[fromitem]
|-start|p2a: bambs|quarkdrivespe
|
|-weather|SunnyDay|[upkeep]
|-heal|p1a: Gliscor|94/100 tox|[from] ability: Poison Heal
|upkeep
|turn|4
|
|t:|1769410061
|switch|p1a: Araquanid|Araquanid, M|100/100
|move|p2a: bambs|Calm Mind|p2a: bambs
|-boost|p2a: bambs|spa|1
|-boost|p2a: bambs|spd|1
|
|-weather|SunnyDay|[upkeep]
|upkeep
|turn|5
|
|t:|1769410085
|move|p2a: bambs|Calm Mind|p2a: bambs
|-boost|p2a: bambs|spa|1
|-boost|p2a: bambs|spd|1
|move|p1a: Araquanid|Sticky Web|p2a: bambs
|-sidestart|p2: Hammez40|move: Sticky Web
|
|-weather|SunnyDay|[upkeep]
|upkeep
|turn|6
|
|t:|1769410103
|move|p2a: bambs|Calm Mind|p2a: bambs
|-boost|p2a: bambs|spa|1
|-boost|p2a: bambs|spd|1
|move|p1a: Araquanid|Liquidation|p2a: bambs
|-damage|p2a: bambs|67/100
|-unboost|p2a: bambs|def|1
|
|-weather|SunnyDay|[upkeep]
|upkeep
|turn|7
|
|t:|1769410113
|move|p2a: bambs|Stored Power|p1a: Araquanid
|-enditem|p1a: Araquanid|Focus Sash
|-damage|p1a: Araquanid|1/100
|move|p1a: Araquanid|Lunge|p2a: bambs
|-damage|p2a: bambs|20/100
|-unboost|p2a: bambs|atk|1
|
|-weather|SunnyDay|[upkeep]
|upkeep
|turn|8
|
|t:|1769410132
|move|p2a: bambs|Stored Power|p1a: Araquanid
|-damage|p1a: Araquanid|0 fnt
|faint|p1a: Araquanid
|
|-weather|none
|upkeep
|
|t:|1769410147
|switch|p1a: Arcanine|Arcanine-Hisui, M|100/100
|turn|9
|
|t:|1769410155
|move|p1a: Arcanine|Extreme Speed|p2a: bambs
|-resisted|p2a: bambs
|-damage|p2a: bambs|1/100
|move|p2a: bambs|Stored Power|p1a: Arcanine
|-damage|p1a: Arcanine|0 fnt
|faint|p1a: Arcanine
|
|upkeep
|
|t:|1769410188
|switch|p1a: Torkoal|Torkoal, F|100/100
|-weather|SunnyDay|[from] ability: Drought|[of] p1a: Torkoal
|turn|10
|
|t:|1769410215
|move|p2a: bambs|Stored Power|p1a: Torkoal
|-damage|p1a: Torkoal|0 fnt
|faint|p1a: Torkoal
|
|-weather|SunnyDay|[upkeep]
|upkeep
|
|t:|1769410220
|switch|p1a: Walking Wake|Walking Wake|100/100
|-activate|p1a: Walking Wake|ability: Protosynthesis
|-start|p1a: Walking Wake|protosynthesisspe
|turn|11
|
|t:|1769410238
|move|p1a: Walking Wake|Hydro Steam|p2a: bambs
|-damage|p2a: bambs|0 fnt
|faint|p2a: bambs
|-end|p2a: bambs|Quark Drive|[silent]
|
|-weather|SunnyDay|[upkeep]
|upkeep
|
|t:|1769410272
|switch|p2a: rosatia|Florges, F, shiny|100/100
|-activate|p2a: rosatia|move: Sticky Web
|-unboost|p2a: rosatia|spe|1
|turn|12
|
|t:|1769410282
|move|p1a: Walking Wake|Hydro Steam|p2a: rosatia
|-damage|p2a: rosatia|57/100
|move|p2a: rosatia|Alluring Voice|p1a: Walking Wake
|-supereffective|p1a: Walking Wake
|-damage|p1a: Walking Wake|28/100
|
|-weather|SunnyDay|[upkeep]
|-heal|p2a: rosatia|63/100|[from] item: Leftovers
|upkeep
|turn|13
|
|t:|1769410298
|-end|p1a: Walking Wake|Protosynthesis|[silent]
|switch|p1a: Gliscor|Gliscor, M|94/100 tox
|move|p2a: rosatia|Wish|p2a: rosatia
|
|-weather|SunnyDay|[upkeep]
|-heal|p2a: rosatia|69/100|[from] item: Leftovers
|-heal|p1a: Gliscor|100/100 tox|[from] ability: Poison Heal
|upkeep
|turn|14
|
|t:|1769410311
|switch|p2a: elton|Quaquaval, F, shiny|100/100
|-activate|p2a: elton|move: Sticky Web
|-unboost|p2a: elton|spe|1
|move|p1a: Gliscor|Swords Dance|p1a: Gliscor
|-boost|p1a: Gliscor|atk|2
|
|-weather|SunnyDay|[upkeep]
|upkeep
|turn|15
|
|t:|1769410324
|move|p1a: Gliscor|Facade|p2a: elton
|-damage|p2a: elton|22/100
|move|p2a: elton|Aqua Step|p1a: Gliscor
|-supereffective|p1a: Gliscor
|-damage|p1a: Gliscor|75/100 tox
|-boost|p2a: elton|spe|1
|
|-weather|SunnyDay|[upkeep]
|-heal|p2a: elton|28/100|[from] item: Leftovers
|-heal|p1a: Gliscor|87/100 tox|[from] ability: Poison Heal
|upkeep
|turn|16
|
|t:|1769410337
|move|p2a: elton|Ice Spinner|p1a: Gliscor
|-supereffective|p1a: Gliscor
|-damage|p1a: Gliscor|26/100 tox
|move|p1a: Gliscor|Facade|p2a: elton
|-damage|p2a: elton|0 fnt
|faint|p2a: elton
|
|-weather|SunnyDay|[upkeep]
|-heal|p1a: Gliscor|39/100 tox|[from] ability: Poison Heal
|upkeep
|
|t:|1769410350
|switch|p2a: dayman wayans|Pecharunt|68/100
|-activate|p2a: dayman wayans|move: Sticky Web
|-unboost|p2a: dayman wayans|spe|1
|turn|17
|
|t:|1769410356
|move|p1a: Gliscor|Protect|p1a: Gliscor
|-singleturn|p1a: Gliscor|Protect
|move|p2a: dayman wayans|Foul Play|p1a: Gliscor
|-activate|p1a: Gliscor|move: Protect
|
|-weather|none
|-heal|p1a: Gliscor|51/100 tox|[from] ability: Poison Heal
|upkeep
|turn|18
|
|t:|1769410366
|move|p1a: Gliscor|Knock Off|p2a: dayman wayans
|-supereffective|p2a: dayman wayans
|-damage|p2a: dayman wayans|42/100
|move|p2a: dayman wayans|Foul Play|p1a: Gliscor
|-crit|p1a: Gliscor
|-damage|p1a: Gliscor|4/100 tox
|
|-heal|p1a: Gliscor|17/100 tox|[from] ability: Poison Heal
|upkeep
|turn|19
|
|t:|1769410375
|move|p1a: Gliscor|Protect|p1a: Gliscor
|-singleturn|p1a: Gliscor|Protect
|move|p2a: dayman wayans|Recover|p2a: dayman wayans
|-heal|p2a: dayman wayans|92/100
|
|-heal|p1a: Gliscor|29/100 tox|[from] ability: Poison Heal
|upkeep
|turn|20
|
|t:|1769410392
|switch|p1a: Typhlosion|Typhlosion-Hisui, F|100/100
|move|p2a: dayman wayans|Foul Play|p1a: Typhlosion
|-supereffective|p1a: Typhlosion
|-damage|p1a: Typhlosion|52/100
|
|upkeep
|turn|21
|
|t:|1769410406
|switch|p2a: rosatia|Florges, F, shiny|69/100
|-activate|p2a: rosatia|move: Sticky Web
|-unboost|p2a: rosatia|spe|1
|move|p1a: Typhlosion|Shadow Ball|p2a: rosatia
|-damage|p2a: rosatia|51/100
|-unboost|p2a: rosatia|spd|1
|
|-heal|p2a: rosatia|57/100|[from] item: Leftovers
|upkeep
|turn|22
|
|t:|1769410416
|switch|p1a: Walking Wake|Walking Wake|28/100
|move|p2a: rosatia|Wish|p2a: rosatia
|
|-heal|p2a: rosatia|63/100|[from] item: Leftovers
|upkeep
|turn|23
|
|t:|1769410431
|move|p1a: Walking Wake|Hydro Steam|p2a: rosatia
|-damage|p2a: rosatia|18/100
|move|p2a: rosatia|Alluring Voice|p1a: Walking Wake
|-supereffective|p1a: Walking Wake
|-damage|p1a: Walking Wake|0 fnt
|faint|p1a: Walking Wake
|-end|p1a: Walking Wake|Protosynthesis|[silent]
|
|-heal|p2a: rosatia|68/100|[from] move: Wish|[wisher] rosatia
|-heal|p2a: rosatia|74/100|[from] item: Leftovers
|upkeep
|
|t:|1769410441
|switch|p1a: Gliscor|Gliscor, M|29/100 tox
|turn|24
|
|t:|1769410452
|move|p1a: Gliscor|Knock Off|p2a: rosatia
|-resisted|p2a: rosatia
|-damage|p2a: rosatia|60/100
|-enditem|p2a: rosatia|Leftovers|[from] move: Knock Off|[of] p1a: Gliscor
|move|p2a: rosatia|Chilling Water|p1a: Gliscor
|-supereffective|p1a: Gliscor
|-damage|p1a: Gliscor|7/100 tox
|-unboost|p1a: Gliscor|atk|1
|
|-heal|p1a: Gliscor|20/100 tox|[from] ability: Poison Heal
|upkeep
|turn|25
|
|t:|1769410466
|move|p1a: Gliscor|Protect|p1a: Gliscor
|-singleturn|p1a: Gliscor|Protect
|move|p2a: rosatia|Alluring Voice|p1a: Gliscor
|-activate|p1a: Gliscor|move: Protect
|
|-heal|p1a: Gliscor|32/100 tox|[from] ability: Poison Heal
|upkeep
|turn|26
|
|t:|1769410473
|move|p1a: Gliscor|Swords Dance|p1a: Gliscor
|-boost|p1a: Gliscor|atk|2
|move|p2a: rosatia|Alluring Voice|p1a: Gliscor
|-damage|p1a: Gliscor|6/100 tox
|-start|p1a: Gliscor|confusion
|
|-heal|p1a: Gliscor|19/100 tox|[from] ability: Poison Heal
|upkeep
|turn|27
|
|t:|1769410483
|-activate|p1a: Gliscor|confusion
|-damage|p1a: Gliscor|8/100 tox|[from] confusion
|move|p2a: rosatia|Alluring Voice|p1a: Gliscor
|-damage|p1a: Gliscor|0 fnt
|faint|p1a: Gliscor
|
|upkeep
|
|t:|1769410488
|switch|p1a: Typhlosion|Typhlosion-Hisui, F|52/100
|turn|28
|
|t:|1769410500
|-terastallize|p1a: Typhlosion|Fire
|move|p1a: Typhlosion|Fire Blast|p2a: rosatia
|-damage|p2a: rosatia|8/100
|move|p2a: rosatia|Wish|p2a: rosatia
|
|upkeep
|turn|29
|
|t:|1769410515
|switch|p2a: bat|Gliscor, F|100/100
|move|p1a: Typhlosion|Fire Blast|p2a: bat
|-damage|p2a: bat|13/100
|
|-heal|p2a: bat|64/100|[from] move: Wish|[wisher] rosatia
|-status|p2a: bat|tox|[from] item: Toxic Orb
|upkeep
|turn|30
|
|t:|1769410526
|move|p1a: Typhlosion|Fire Blast|p2a: bat
|-damage|p2a: bat|0 fnt
|faint|p2a: bat
|
|upkeep
|
|t:|1769410540
|switch|p2a: dayman wayans|Pecharunt|92/100
|-activate|p2a: dayman wayans|move: Sticky Web
|-unboost|p2a: dayman wayans|spe|1
|turn|31
|
|t:|1769410550
|move|p1a: Typhlosion|Fire Blast|p2a: dayman wayans
|-damage|p2a: dayman wayans|14/100
|move|p2a: dayman wayans|Parting Shot|p1a: Typhlosion
|-unboost|p1a: Typhlosion|atk|1
|-unboost|p1a: Typhlosion|spa|1
|
|t:|1769410557
|switch|p2a: Darius|Darkrai, shiny|100/100|[from] Parting Shot
|-activate|p2a: Darius|move: Sticky Web
|-unboost|p2a: Darius|spe|1
|
|upkeep
|turn|32
|
|t:|1769410566
|-terastallize|p2a: Darius|Dark
|move|p1a: Typhlosion|Fire Blast|p2a: Darius
|-damage|p2a: Darius|38/100
|move|p2a: Darius|Dark Pulse|p1a: Typhlosion
|-damage|p1a: Typhlosion|0 fnt
|faint|p1a: Typhlosion
|
|win|Hammez40
|raw|shnorkalface's rating: 1174 &rarr; <strong>1146</strong><br />(-28 for losing)
|raw|Hammez40's rating: 1135 &rarr; <strong>1163</strong><br />(+28 for winning)
|l|☆Hammez40
|player|p2|
|l|☆shnorkalface
|player|p1|
