|j|☆ratca
|j|☆kshuaib734
|t:|1769348067
|gametype|singles
|player|p1|ratca|170|1547
|player|p2|kshuaib734|steven|1565
|gen|9
|tier|[Gen 9] OU
|rated|
|rule|HP Percentage Mod: HP is shown in percentages
|rule|Endless Battle Clause: Forcing endless battles is banned
|rule|Species Clause: Limit one of each Pokémon
|rule|OHKO Clause: OHKO moves are banned
|rule|Evasion Items Clause: Evasion items are banned
|rule|Evasion Moves Clause: Evasion moves are banned
|rule|Evasion Abilities Clause: Evasion abilities are banned
|rule|Sleep Moves Clause: Sleep-inducing moves are banned
|clearpoke
|poke|p1|Hydrapple, F|
|poke|p1|Corviknight, M|
|poke|p1|Blissey, F|
|poke|p1|Dondozo, M|
|poke|p1|Clodsire, F|
|poke|p1|Gliscor, F|
|poke|p2|Tyranitar, M|
|poke|p2|Thundurus, M|
|poke|p2|Pelipper, F|
|poke|p2|Quaquaval, M|
|poke|p2|Kingdra, F|
|poke|p2|Excadrill, F|
|teampreview
|inactive|Battle timer is ON: inactive players will automatically lose when time's up. (requested by kshuaib734)
|
|t:|1769348074
|teamsize|p1|6
|teamsize|p2|6
|start
|switch|p1a: Gliscor|Gliscor, F|100/100
|switch|p2a: King Tyrant|Tyranitar, M|100/100
|-weather|Sandstorm|[from] ability: Sand Stream|[of] p2a: King Tyrant
|turn|1
|
|t:|1769348084
|move|p1a: Gliscor|Protect|p1a: Gliscor
|-singleturn|p1a: Gliscor|Protect
|move|p2a: King Tyrant|Stealth Rock|p1a: Gliscor
|-sidestart|p1: ratca|move: Stealth Rock
|
|-weather|Sandstorm|[upkeep]
|-status|p1a: Gliscor|tox|[from] item: Toxic Orb
|upkeep
|turn|2
|
|t:|1769348091
|move|p1a: Gliscor|Spikes|p2a: King Tyrant
|-sidestart|p2: kshuaib734|Spikes
|move|p2a: King Tyrant|Ice Beam|p1a: Gliscor
|-supereffective|p1a: Gliscor
|-crit|p1a: Gliscor
|-damage|p1a: Gliscor|0 fnt
|faint|p1a: Gliscor
|
|-weather|Sandstorm|[upkeep]
|upkeep
|
|t:|1769348099
|switch|p1a: Hydrapple|Hydrapple, F|100/100
|-damage|p1a: Hydrapple|88/100|[from] Stealth Rock
|turn|3
|
|t:|1769348105
|switch|p1a: Corviknight|Corviknight, M|100/100
|-damage|p1a: Corviknight|88/100|[from] Stealth Rock
|-ability|p1a: Corviknight|Pressure
|move|p2a: King Tyrant|Ice Beam|p1a: Corviknight
|-damage|p1a: Corviknight|69/100
|
|-weather|Sandstorm|[upkeep]
|-heal|p1a: Corviknight|75/100|[from] item: Leftovers
|upkeep
|turn|4
|
|t:|1769348114
|move|p1a: Corviknight|Iron Head|p2a: King Tyrant
|-supereffective|p2a: King Tyrant
|-damage|p2a: King Tyrant|66/100
|-enditem|p2a: King Tyrant|Weakness Policy
|-boost|p2a: King Tyrant|atk|2|[from] item: Weakness Policy
|-boost|p2a: King Tyrant|spa|2|[from] item: Weakness Policy
|cant|p2a: King Tyrant|flinch
|
|-weather|Sandstorm|[upkeep]
|-heal|p1a: Corviknight|81/100|[from] item: Leftovers
|upkeep
|turn|5
|j| Tb_cccc15
|
|t:|1769348127
|move|p1a: Corviknight|Defog|p2a: King Tyrant
|-unboost|p2a: King Tyrant|evasion|1
|-sideend|p2: kshuaib734|Spikes|[from] move: Defog|[of] p1a: Corviknight
|-sideend|p1: ratca|Stealth Rock|[from] move: Defog|[of] p1a: Corviknight
|move|p2a: King Tyrant|Knock Off|p1a: Corviknight
|-damage|p1a: Corviknight|16/100
|-enditem|p1a: Corviknight|Leftovers|[from] move: Knock Off|[of] p2a: King Tyrant
|
|-weather|none
|upkeep
|turn|6
|
|t:|1769348142
|move|p1a: Corviknight|Roost|p1a: Corviknight
|-heal|p1a: Corviknight|66/100
|-singleturn|p1a: Corviknight|move: Roost
|move|p2a: King Tyrant|Stealth Rock|p1a: Corviknight
|-sidestart|p1: ratca|move: Stealth Rock
|
|upkeep
|turn|7
|
|t:|1769348149
|move|p1a: Corviknight|Defog|p2a: King Tyrant
|-unboost|p2a: King Tyrant|evasion|1
|-sideend|p1: ratca|Stealth Rock|[from] move: Defog|[of] p1a: Corviknight
|move|p2a: King Tyrant|Ice Beam|p1a: Corviknight
|-damage|p1a: Corviknight|30/100
|
|upkeep
|turn|8
|
|t:|1769348167
|move|p1a: Corviknight|Roost|p1a: Corviknight
|-heal|p1a: Corviknight|80/100
|-singleturn|p1a: Corviknight|move: Roost
|move|p2a: King Tyrant|Knock Off|p1a: Corviknight
|-damage|p1a: Corviknight|39/100
|
|upkeep
|turn|9
|
|t:|1769348175
|move|p1a: Corviknight|Roost|p1a: Corviknight
|-heal|p1a: Corviknight|89/100
|-singleturn|p1a: Corviknight|move: Roost
|move|p2a: King Tyrant|Stealth Rock|p1a: Corviknight
|-sidestart|p1: ratca|move: Stealth Rock
|
|upkeep
|turn|10
|
|t:|1769348181
|move|p1a: Corviknight|Iron Head|p2a: King Tyrant
|-supereffective|p2a: King Tyrant
|-damage|p2a: King Tyrant|29/100
|move|p2a: King Tyrant|Knock Off|p1a: Corviknight
|-damage|p1a: Corviknight|51/100
|
|upkeep
|turn|11
|
|t:|1769348188
|switch|p2a: Tyrant's Enforcer|Thundurus, M|100/100
|move|p1a: Corviknight|Defog|p2a: Tyrant's Enforcer
|-unboost|p2a: Tyrant's Enforcer|evasion|1
|-ability|p2a: Tyrant's Enforcer|Defiant|boost
|-boost|p2a: Tyrant's Enforcer|atk|2
|-sideend|p1: ratca|Stealth Rock|[from] move: Defog|[of] p1a: Corviknight
|
|upkeep
|turn|12
|l| Tb_cccc15
|
|t:|1769348200
|switch|p1a: Clodsire|Clodsire, F|100/100
|move|p2a: Tyrant's Enforcer|Thunder|p1a: Clodsire
|-immune|p1a: Clodsire
|
|upkeep
|turn|13
|
|t:|1769348207
|move|p2a: Tyrant's Enforcer|Acrobatics|p1a: Clodsire
|-damage|p1a: Clodsire|77/100
|move|p1a: Clodsire|Toxic|p2a: Tyrant's Enforcer
|-status|p2a: Tyrant's Enforcer|tox
|
|-heal|p1a: Clodsire|83/100|[from] item: Black Sludge
|-damage|p2a: Tyrant's Enforcer|94/100 tox|[from] psn
|upkeep
|turn|14
|
|t:|1769348218
|switch|p2a: King Tyrant|Tyranitar, M|29/100
|-weather|Sandstorm|[from] ability: Sand Stream|[of] p2a: King Tyrant
|move|p1a: Clodsire|Earthquake|p2a: King Tyrant
|-supereffective|p2a: King Tyrant
|-damage|p2a: King Tyrant|0 fnt
|faint|p2a: King Tyrant
|
|-weather|Sandstorm|[upkeep]
|-heal|p1a: Clodsire|89/100|[from] item: Black Sludge
|upkeep
|
|t:|1769348238
|switch|p2a: Tyrant's Downpour|Pelipper, F|100/100
|-weather|RainDance|[from] ability: Drizzle|[of] p2a: Tyrant's Downpour
|turn|15
|
|t:|1769348245
|switch|p1a: Blissey|Blissey, F|100/100
|move|p2a: Tyrant's Downpour|Knock Off|p1a: Blissey
|-damage|p1a: Blissey|88/100
|-enditem|p1a: Blissey|Heavy-Duty Boots|[from] move: Knock Off|[of] p2a: Tyrant's Downpour
|
|-weather|RainDance|[upkeep]
|upkeep
|turn|16
|
|t:|1769348255
|move|p1a: Blissey|Stealth Rock|p2a: Tyrant's Downpour
|-sidestart|p2: kshuaib734|move: Stealth Rock
|move|p2a: Tyrant's Downpour|U-turn|p1a: Blissey
|-damage|p1a: Blissey|79/100
|
|t:|1769348268
|switch|p2a: Tyrant's Legacy|Excadrill, F|100/100|[from] U-turn
|-damage|p2a: Tyrant's Legacy|97/100|[from] Stealth Rock
|
|-weather|RainDance|[upkeep]
|upkeep
|turn|17
|
|t:|1769348274
|switch|p1a: Hydrapple|Hydrapple, F|100/100
|move|p2a: Tyrant's Legacy|Rapid Spin|p1a: Hydrapple
|-damage|p1a: Hydrapple|85/100
|-boost|p2a: Tyrant's Legacy|spe|1
|-sideend|p2: kshuaib734|Stealth Rock|[from] move: Rapid Spin|[of] p2a: Tyrant's Legacy
|-damage|p2a: Tyrant's Legacy|88/100|[from] item: Life Orb
|
|-weather|RainDance|[upkeep]
|upkeep
|turn|18
|
|t:|1769348292
|switch|p2a: Tyrant's Enforcer|Thundurus, M|94/100 tox
|move|p1a: Hydrapple|Giga Drain|p2a: Tyrant's Enforcer
|-resisted|p2a: Tyrant's Enforcer
|-damage|p2a: Tyrant's Enforcer|65/100 tox
|-heal|p1a: Hydrapple|96/100|[from] drain|[of] p2a: Tyrant's Enforcer
|-damage|p1a: Hydrapple|86/100|[from] item: Life Orb
|
|-weather|RainDance|[upkeep]
|-damage|p2a: Tyrant's Enforcer|59/100 tox|[from] psn
|upkeep
|turn|19
|
|t:|1769348302
|switch|p1a: Blissey|Blissey, F|79/100
|move|p2a: Tyrant's Enforcer|Thunder|p1a: Blissey
|-damage|p1a: Blissey|60/100
|
|-weather|RainDance|[upkeep]
|-damage|p2a: Tyrant's Enforcer|47/100 tox|[from] psn
|upkeep
|turn|20
|
|t:|1769348310
|move|p2a: Tyrant's Enforcer|Volt Switch|p1a: Blissey
|-damage|p1a: Blissey|47/100
|
|t:|1769348332
|switch|p2a: Tyrant's Endgame|Quaquaval, M|100/100|[from] Volt Switch
|move|p1a: Blissey|Stealth Rock|p2a: Tyrant's Endgame
|-sidestart|p2: kshuaib734|move: Stealth Rock
|
|-weather|RainDance|[upkeep]
|upkeep
|turn|21
|
|t:|1769348339
|-terastallize|p1a: Blissey|Water
|move|p2a: Tyrant's Endgame|Close Combat|p1a: Blissey
|-damage|p1a: Blissey|0 fnt
|-unboost|p2a: Tyrant's Endgame|def|1
|-unboost|p2a: Tyrant's Endgame|spd|1
|faint|p1a: Blissey
|-ability|p2a: Tyrant's Endgame|Moxie|boost
|-boost|p2a: Tyrant's Endgame|atk|1
|-damage|p2a: Tyrant's Endgame|91/100|[from] item: Life Orb
|
|-weather|RainDance|[upkeep]
|upkeep
|
|t:|1769348349
|switch|p1a: Dondozo|Dondozo, M|100/100
|turn|22
|
|t:|1769348354
|move|p2a: Tyrant's Endgame|Close Combat|p1a: Dondozo
|-crit|p1a: Dondozo
|-damage|p1a: Dondozo|45/100
|-unboost|p2a: Tyrant's Endgame|def|1
|-unboost|p2a: Tyrant's Endgame|spd|1
|-damage|p2a: Tyrant's Endgame|81/100|[from] item: Life Orb
|move|p1a: Dondozo|Wave Crash|p2a: Tyrant's Endgame
|-resisted|p2a: Tyrant's Endgame
|-damage|p2a: Tyrant's Endgame|42/100
|-damage|p1a: Dondozo|37/100|[from] Recoil
|
|-weather|none
|-heal|p1a: Dondozo|44/100|[from] item: Leftovers
|upkeep
|turn|23
|
|t:|1769348369
|move|p2a: Tyrant's Endgame|Close Combat|p1a: Dondozo
|-damage|p1a: Dondozo|9/100
|-unboost|p2a: Tyrant's Endgame|def|1
|-unboost|p2a: Tyrant's Endgame|spd|1
|-damage|p2a: Tyrant's Endgame|32/100|[from] item: Life Orb
|move|p1a: Dondozo|Rest|p1a: Dondozo
|-status|p1a: Dondozo|slp|[from] move: Rest
|-heal|p1a: Dondozo|100/100 slp|[silent]
|
|upkeep
|turn|24
|
|t:|1769348380
|switch|p2a: Tyrant's Downpour|Pelipper, F|100/100
|-damage|p2a: Tyrant's Downpour|75/100|[from] Stealth Rock
|-weather|RainDance|[from] ability: Drizzle|[of] p2a: Tyrant's Downpour
|cant|p1a: Dondozo|slp
|move|p1a: Dondozo|Sleep Talk|p1a: Dondozo
|move|p1a: Dondozo|Wave Crash|p2a: Tyrant's Downpour|[from] move: Sleep Talk
|-resisted|p2a: Tyrant's Downpour
|-damage|p2a: Tyrant's Downpour|54/100
|-damage|p1a: Dondozo|96/100 slp|[from] Recoil
|
|-weather|RainDance|[upkeep]
|-heal|p1a: Dondozo|100/100 slp|[from] item: Leftovers
|upkeep
|turn|25
|
|t:|1769348393
|move|p2a: Tyrant's Downpour|Knock Off|p1a: Dondozo
|-crit|p1a: Dondozo
|-damage|p1a: Dondozo|92/100 slp
|-enditem|p1a: Dondozo|Leftovers|[from] move: Knock Off|[of] p2a: Tyrant's Downpour
|cant|p1a: Dondozo|slp
|move|p1a: Dondozo|Sleep Talk|p1a: Dondozo
|move|p1a: Dondozo|Wave Crash|p2a: Tyrant's Downpour|[from] move: Sleep Talk
|-resisted|p2a: Tyrant's Downpour
|-damage|p2a: Tyrant's Downpour|29/100
|-damage|p1a: Dondozo|87/100 slp|[from] Recoil
|
|-weather|RainDance|[upkeep]
|upkeep
|turn|26
|
|t:|1769348406
|move|p2a: Tyrant's Downpour|Hurricane|p1a: Dondozo
|-damage|p1a: Dondozo|53/100 slp
|-start|p1a: Dondozo|confusion
|-curestatus|p1a: Dondozo|slp|[msg]
|-activate|p1a: Dondozo|confusion
|-damage|p1a: Dondozo|49/100|[from] confusion
|
|-weather|RainDance|[upkeep]
|upkeep
|turn|27
|
|t:|1769348419
|switch|p1a: Corviknight|Corviknight, M|51/100
|-ability|p1a: Corviknight|Pressure
|move|p2a: Tyrant's Downpour|U-turn|p1a: Corviknight
|-resisted|p1a: Corviknight
|-damage|p1a: Corviknight|49/100
|
|t:|1769348428
|switch|p2a: Tyrant's Endgame|Quaquaval, M|32/100|[from] U-turn
|-damage|p2a: Tyrant's Endgame|25/100|[from] Stealth Rock
|
|-weather|RainDance|[upkeep]
|upkeep
|turn|28
|
|t:|1769348436
|switch|p1a: Hydrapple|Hydrapple, F|100/100
|move|p2a: Tyrant's Endgame|Close Combat|p1a: Hydrapple
|-crit|p1a: Hydrapple
|-damage|p1a: Hydrapple|30/100
|-unboost|p2a: Tyrant's Endgame|def|1
|-unboost|p2a: Tyrant's Endgame|spd|1
|-damage|p2a: Tyrant's Endgame|16/100|[from] item: Life Orb
|
|-weather|RainDance|[upkeep]
|upkeep
|turn|29
|
|t:|1769348453
|switch|p1a: Corviknight|Corviknight, M|49/100
|-ability|p1a: Corviknight|Pressure
|move|p2a: Tyrant's Endgame|Close Combat|p1a: Corviknight
|-damage|p1a: Corviknight|0 fnt
|-unboost|p2a: Tyrant's Endgame|def|1
|-unboost|p2a: Tyrant's Endgame|spd|1
|faint|p1a: Corviknight
|-ability|p2a: Tyrant's Endgame|Moxie|boost
|-boost|p2a: Tyrant's Endgame|atk|1
|-damage|p2a: Tyrant's Endgame|6/100|[from] item: Life Orb
|
|-weather|RainDance|[upkeep]
|upkeep
|
|t:|1769348464
|switch|p1a: Dondozo|Dondozo, M|49/100
|turn|30
|
|t:|1769348469
|move|p2a: Tyrant's Endgame|Close Combat|p1a: Dondozo
|-damage|p1a: Dondozo|10/100
|-unboost|p2a: Tyrant's Endgame|def|1
|-unboost|p2a: Tyrant's Endgame|spd|1
|-damage|p2a: Tyrant's Endgame|0 fnt|[from] item: Life Orb
|faint|p2a: Tyrant's Endgame
|move|p1a: Dondozo|Rest|p1a: Dondozo
|-status|p1a: Dondozo|slp|[from] move: Rest
|-heal|p1a: Dondozo|100/100 slp|[silent]
|
|-weather|RainDance|[upkeep]
|upkeep
|inactive|kshuaib734 has 120 seconds left.
|
|t:|1769348514
|switch|p2a: Tyrant's Enforcer|Thundurus, M|47/100 tox
|-damage|p2a: Tyrant's Enforcer|22/100 tox|[from] Stealth Rock
|turn|31
|inactive|kshuaib734 has 120 seconds left.
|
|t:|1769348528
|switch|p1a: Clodsire|Clodsire, F|89/100
|move|p2a: Tyrant's Enforcer|Weather Ball|p1a: Clodsire
|-supereffective|p1a: Clodsire
|-damage|p1a: Clodsire|33/100
|
|-weather|none
|-heal|p1a: Clodsire|39/100|[from] item: Black Sludge
|-damage|p2a: Tyrant's Enforcer|16/100 tox|[from] psn
|upkeep
|turn|32
|inactive|kshuaib734 has 120 seconds left.
|
|t:|1769348551
|switch|p2a: Tyrant's Downpour|Pelipper, F|29/100
|-damage|p2a: Tyrant's Downpour|4/100|[from] Stealth Rock
|-weather|RainDance|[from] ability: Drizzle|[of] p2a: Tyrant's Downpour
|move|p1a: Clodsire|Recover|p1a: Clodsire
|-heal|p1a: Clodsire|89/100
|
|-weather|RainDance|[upkeep]
|-heal|p1a: Clodsire|95/100|[from] item: Black Sludge
|upkeep
|turn|33
|
|t:|1769348561
|move|p2a: Tyrant's Downpour|Weather Ball|p1a: Clodsire
|-supereffective|p1a: Clodsire
|-damage|p1a: Clodsire|45/100
|move|p1a: Clodsire|Toxic|p2a: Tyrant's Downpour
|-status|p2a: Tyrant's Downpour|tox
|
|-weather|RainDance|[upkeep]
|-heal|p1a: Clodsire|51/100|[from] item: Black Sludge
|-damage|p2a: Tyrant's Downpour|0 fnt|[from] psn
|faint|p2a: Tyrant's Downpour
|upkeep
|
|t:|1769348572
|switch|p2a: Tyrant's Vengeance|Kingdra, F|100/100
|-damage|p2a: Tyrant's Vengeance|88/100|[from] Stealth Rock
|turn|34
|
|t:|1769348579
|move|p2a: Tyrant's Vengeance|Weather Ball|p1a: Clodsire
|-supereffective|p1a: Clodsire
|-damage|p1a: Clodsire|0 fnt
|faint|p1a: Clodsire
|-damage|p2a: Tyrant's Vengeance|78/100|[from] item: Life Orb
|
|-weather|RainDance|[upkeep]
|upkeep
|
|t:|1769348590
|switch|p1a: Hydrapple|Hydrapple, F|63/100
|turn|35
|
|t:|1769348594
|move|p2a: Tyrant's Vengeance|Hurricane|p1a: Hydrapple
|-supereffective|p1a: Hydrapple
|-damage|p1a: Hydrapple|0 fnt
|faint|p1a: Hydrapple
|-damage|p2a: Tyrant's Vengeance|68/100|[from] item: Life Orb
|
|-weather|RainDance|[upkeep]
|upkeep
|
|t:|1769348600
|switch|p1a: Dondozo|Dondozo, M|100/100 slp
|turn|36
|
|t:|1769348607
|-terastallize|p2a: Tyrant's Vengeance|Water
|move|p2a: Tyrant's Vengeance|Weather Ball|p1a: Dondozo
|-resisted|p1a: Dondozo
|-damage|p1a: Dondozo|43/100 slp
|-damage|p2a: Tyrant's Vengeance|58/100|[from] item: Life Orb
|cant|p1a: Dondozo|slp
|move|p1a: Dondozo|Sleep Talk|p1a: Dondozo
|move|p1a: Dondozo|Wave Crash|p2a: Tyrant's Vengeance|[from] move: Sleep Talk
|-resisted|p2a: Tyrant's Vengeance
|-damage|p2a: Tyrant's Vengeance|20/100
|-damage|p1a: Dondozo|35/100 slp|[from] Recoil
|
|-weather|RainDance|[upkeep]
|upkeep
|turn|37
|-message|ratca forfeited.
|
|win|kshuaib734
|raw|ratca's rating: 1547 &rarr; <strong>1528</strong><br />(-19 for losing)
|raw|kshuaib734's rating: 1565 &rarr; <strong>1584</strong><br />(+19 for winning)
|l|☆ratca
|player|p1|
|l|☆kshuaib734
|player|p2|
