|j|☆Slaking69420
|j|☆ikun ngm
|t:|1769439625
|gametype|singles
|player|p1|Slaking69420|266|1337
|player|p2|ikun ngm|swimmer-gen4|1322
|gen|9
|tier|[Gen 9] OU
|rated|
|rule|HP Percentage Mod: HP is shown in percentages
|rule|Endless Battle Clause: Forcing endless battles is banned
|rule|Species Clause: Limit one of each Pokémon
|rule|OHKO Clause: OHKO moves are banned
|rule|Evasion Items Clause: Evasion items are banned
|rule|Evasion Moves Clause: Evasion moves are banned
|rule|Evasion Abilities Clause: Evasion abilities are banned
|rule|Sleep Moves Clause: Sleep-inducing moves are banned
|clearpoke
|poke|p1|Dragapult, M|
|poke|p1|Glimmora, M|
|poke|p1|Moltres|
|poke|p1|Zamazenta-*|
|poke|p1|Darkrai|
|poke|p1|Rillaboom, M|
|poke|p2|Staraptor, M|
|poke|p2|Gholdengo|
|poke|p2|Zapdos-Galar|
|poke|p2|Articuno-Galar|
|poke|p2|Ribombee, F|
|poke|p2|Landorus-Therian, M|
|teampreview
|
|t:|1769439649
|teamsize|p1|6
|teamsize|p2|6
|start
|switch|p1a: Glimmora|Glimmora, M|100/100
|switch|p2a: Ribombee|Ribombee, F|100/100
|turn|1
|
|t:|1769439654
|move|p2a: Ribombee|Stun Spore|p1a: Glimmora
|-status|p1a: Glimmora|par
|cant|p1a: Glimmora|par
|
|upkeep
|turn|2
|
|t:|1769439659
|move|p2a: Ribombee|Skill Swap|p1a: Glimmora
|-activate|p2a: Ribombee|move: Skill Swap|Toxic Debris|Shield Dust|[of] p1a: Glimmora
|cant|p1a: Glimmora|par
|
|upkeep
|turn|3
|
|t:|1769439663
|move|p2a: Ribombee|Moonblast|p1a: Glimmora
|-resisted|p1a: Glimmora
|-damage|p1a: Glimmora|78/100 par
|move|p1a: Glimmora|Stealth Rock|p2a: Ribombee
|-sidestart|p2: ikun ngm|move: Stealth Rock
|
|upkeep
|turn|4
|
|t:|1769439666
|move|p2a: Ribombee|Sticky Web|p1a: Glimmora
|-sidestart|p1: Slaking69420|move: Sticky Web
|move|p1a: Glimmora|Spikes|p2a: Ribombee
|-sidestart|p2: ikun ngm|Spikes
|
|upkeep
|turn|5
|
|t:|1769439670
|move|p2a: Ribombee|Moonblast|p1a: Glimmora
|-resisted|p1a: Glimmora
|-damage|p1a: Glimmora|54/100 par
|move|p1a: Glimmora|Spikes|p2a: Ribombee
|-sidestart|p2: ikun ngm|Spikes
|
|upkeep
|turn|6
|
|t:|1769439674
|move|p2a: Ribombee|Moonblast|p1a: Glimmora
|-resisted|p1a: Glimmora
|-damage|p1a: Glimmora|32/100 par
|move|p1a: Glimmora|Mortal Spin|p2a: Ribombee
|-supereffective|p2a: Ribombee
|-crit|p2a: Ribombee
|-damage|p2a: Ribombee|64/100
|-status|p2a: Ribombee|psn
|-activate|p2a: Ribombee|ability: Toxic Debris
|-sidestart|p1: Slaking69420|move: Toxic Spikes
|-sideend|p1: Slaking69420|Toxic Spikes|[from] move: Mortal Spin|[of] p1a: Glimmora
|-sideend|p1: Slaking69420|Sticky Web|[from] move: Mortal Spin|[of] p1a: Glimmora
|
|-damage|p2a: Ribombee|51/100 psn|[from] psn
|upkeep
|turn|7
|
|t:|1769439690
|move|p2a: Ribombee|Sticky Web|p1a: Glimmora
|-sidestart|p1: Slaking69420|move: Sticky Web
|move|p1a: Glimmora|Meteor Beam||[still]
|-prepare|p1a: Glimmora|Meteor Beam
|-boost|p1a: Glimmora|spa|1
|-enditem|p1a: Glimmora|Power Herb
|-anim|p1a: Glimmora|Meteor Beam|p2a: Ribombee
|-supereffective|p2a: Ribombee
|-damage|p2a: Ribombee|0 fnt
|faint|p2a: Ribombee
|
|upkeep
|
|t:|1769439709
|switch|p2a: Staraptor|Staraptor, M|100/100
|-damage|p2a: Staraptor|76/100|[from] Stealth Rock
|turn|8
|
|t:|1769439714
|-terastallize|p1a: Glimmora|Ghost
|move|p2a: Staraptor|Brave Bird|p1a: Glimmora
|-damage|p1a: Glimmora|0 fnt
|faint|p1a: Glimmora
|-damage|p2a: Staraptor|64/100|[from] Recoil
|
|upkeep
|
|t:|1769439726
|switch|p1a: Dragapult|Dragapult, M|100/100
|-activate|p1a: Dragapult|move: Sticky Web
|-unboost|p1a: Dragapult|spe|1
|turn|9
|
|t:|1769439729
|move|p2a: Staraptor|Brave Bird|p1a: Dragapult
|-damage|p1a: Dragapult|0 fnt
|faint|p1a: Dragapult
|-damage|p2a: Staraptor|30/100|[from] Recoil
|
|upkeep
|
|t:|1769439736
|switch|p1a: Rillaboom|Rillaboom, M|100/100
|-activate|p1a: Rillaboom|move: Sticky Web
|-unboost|p1a: Rillaboom|spe|1
|-fieldstart|move: Grassy Terrain|[from] ability: Grassy Surge|[of] p1a: Rillaboom
|turn|10
|
|t:|1769439739
|move|p1a: Rillaboom|Grassy Glide|p2a: Staraptor
|-resisted|p2a: Staraptor
|-damage|p2a: Staraptor|0 fnt
|faint|p2a: Staraptor
|
|upkeep
|
|t:|1769439742
|switch|p2a: Zapdos|Zapdos-Galar|100/100
|-damage|p2a: Zapdos|88/100|[from] Stealth Rock
|turn|11
|
|t:|1769439753
|switch|p1a: Moltres|Moltres|100/100
|move|p2a: Zapdos|Brave Bird|p1a: Moltres
|-damage|p1a: Moltres|23/100
|-damage|p2a: Zapdos|58/100|[from] Recoil
|
|upkeep
|turn|12
|
|t:|1769439760
|move|p2a: Zapdos|Brave Bird|p1a: Moltres
|-damage|p1a: Moltres|0 fnt
|faint|p1a: Moltres
|-damage|p2a: Zapdos|49/100|[from] Recoil
|
|upkeep
|
|t:|1769439767
|switch|p1a: Darkrai|Darkrai|100/100
|-activate|p1a: Darkrai|move: Sticky Web
|-unboost|p1a: Darkrai|spe|1
|turn|13
|
|t:|1769439785
|switch|p2a: Landorus|Landorus-Therian, M|100/100
|-damage|p2a: Landorus|88/100|[from] Stealth Rock
|-ability|p2a: Landorus|Intimidate|boost
|-unboost|p1a: Darkrai|atk|1
|move|p1a: Darkrai|Psychic|p2a: Landorus
|-damage|p2a: Landorus|33/100
|-damage|p1a: Darkrai|91/100|[from] item: Life Orb
|
|-heal|p1a: Darkrai|97/100|[from] Grassy Terrain
|upkeep
|turn|14
|
|t:|1769439793
|move|p2a: Landorus|U-turn|p1a: Darkrai
|-supereffective|p1a: Darkrai
|-damage|p1a: Darkrai|24/100
|
|t:|1769439796
|switch|p2a: Gholdengo|Gholdengo|100/100|[from] U-turn
|-damage|p2a: Gholdengo|94/100|[from] Stealth Rock
|-damage|p2a: Gholdengo|78/100|[from] Spikes
|move|p1a: Darkrai|Psychic|p2a: Gholdengo
|-resisted|p2a: Gholdengo
|-damage|p2a: Gholdengo|59/100
|-enditem|p2a: Gholdengo|Red Card|[of] p1a: Darkrai
|drag|p1a: Zamazenta|Zamazenta|100/100
|-activate|p1a: Zamazenta|move: Sticky Web
|-unboost|p1a: Zamazenta|spe|1
|-ability|p1a: Zamazenta|Dauntless Shield|boost
|-boost|p1a: Zamazenta|def|1
|
|-heal|p2a: Gholdengo|66/100|[from] Grassy Terrain
|-fieldend|move: Grassy Terrain
|upkeep
|turn|15
|inactive|Battle timer is ON: inactive players will automatically lose when time's up. (requested by ikun ngm)
|inactive|Slaking69420 has 120 seconds left.
|inactive|Slaking69420 has 90 seconds left.
|
|t:|1769439930
|move|p1a: Zamazenta|Heavy Slam|p2a: Gholdengo
|-resisted|p2a: Gholdengo
|-damage|p2a: Gholdengo|43/100
|-damage|p1a: Zamazenta|91/100|[from] item: Life Orb
|move|p2a: Gholdengo|Recover|p2a: Gholdengo
|-heal|p2a: Gholdengo|93/100
|
|upkeep
|turn|16
|
|t:|1769439941
|switch|p1a: Darkrai|Darkrai|24/100
|-activate|p1a: Darkrai|move: Sticky Web
|-unboost|p1a: Darkrai|spe|1
|move|p2a: Gholdengo|Recover|p2a: Gholdengo
|-heal|p2a: Gholdengo|100/100
|
|upkeep
|turn|17
|
|t:|1769439963
|switch|p2a: Landorus|Landorus-Therian, M|33/100
|-damage|p2a: Landorus|21/100|[from] Stealth Rock
|-ability|p2a: Landorus|Intimidate|boost
|-unboost|p1a: Darkrai|atk|1
|move|p1a: Darkrai|Dark Pulse|p2a: Landorus
|-damage|p2a: Landorus|0 fnt
|faint|p2a: Landorus
|-damage|p1a: Darkrai|14/100|[from] item: Life Orb
|
|upkeep
|
|t:|1769439973
|switch|p2a: Articuno|Articuno-Galar|100/100
|-damage|p2a: Articuno|76/100|[from] Stealth Rock
|turn|18
|
|t:|1769439977
|move|p2a: Articuno|Tera Blast|p1a: Darkrai
|-damage|p1a: Darkrai|0 fnt
|faint|p1a: Darkrai
|
|upkeep
|
|t:|1769439992
|switch|p1a: Zamazenta|Zamazenta|91/100
|-activate|p1a: Zamazenta|move: Sticky Web
|-unboost|p1a: Zamazenta|spe|1
|turn|19
|
|t:|1769439999
|move|p2a: Articuno|Agility|p2a: Articuno
|-boost|p2a: Articuno|spe|2
|move|p1a: Zamazenta|Stone Edge|p2a: Articuno|[miss]
|-miss|p1a: Zamazenta|p2a: Articuno
|
|upkeep
|turn|20
|
|t:|1769440008
|move|p2a: Articuno|Stored Power|p1a: Zamazenta
|-supereffective|p1a: Zamazenta
|-damage|p1a: Zamazenta|40/100
|move|p1a: Zamazenta|Stone Edge|p2a: Articuno
|-supereffective|p2a: Articuno
|-damage|p2a: Articuno|0 fnt
|faint|p2a: Articuno
|-damage|p1a: Zamazenta|30/100|[from] item: Life Orb
|
|upkeep
|
|t:|1769440014
|switch|p2a: Gholdengo|Gholdengo|100/100
|-damage|p2a: Gholdengo|94/100|[from] Stealth Rock
|-damage|p2a: Gholdengo|78/100|[from] Spikes
|turn|21
|
|t:|1769440021
|switch|p1a: Rillaboom|Rillaboom, M|100/100
|-activate|p1a: Rillaboom|move: Sticky Web
|-unboost|p1a: Rillaboom|spe|1
|-fieldstart|move: Grassy Terrain|[from] ability: Grassy Surge|[of] p1a: Rillaboom
|move|p2a: Gholdengo|Shadow Ball|p1a: Rillaboom
|-damage|p1a: Rillaboom|54/100
|
|-heal|p2a: Gholdengo|84/100|[from] Grassy Terrain
|-heal|p1a: Rillaboom|60/100|[from] Grassy Terrain
|upkeep
|turn|22
|
|t:|1769440039
|-terastallize|p2a: Gholdengo|Flying
|move|p2a: Gholdengo|Recover|p2a: Gholdengo
|-heal|p2a: Gholdengo|100/100
|move|p1a: Rillaboom|Knock Off|p2a: Gholdengo
|-damage|p2a: Gholdengo|68/100
|
|-heal|p1a: Rillaboom|66/100|[from] Grassy Terrain
|upkeep
|turn|23
|
|t:|1769440045
|move|p2a: Gholdengo|Shadow Ball|p1a: Rillaboom
|-damage|p1a: Rillaboom|20/100
|move|p1a: Rillaboom|Knock Off|p2a: Gholdengo
|-damage|p2a: Gholdengo|37/100
|
|-heal|p1a: Rillaboom|26/100|[from] Grassy Terrain
|upkeep
|turn|24
|
|t:|1769440054
|move|p2a: Gholdengo|Shadow Ball|p1a: Rillaboom
|-damage|p1a: Rillaboom|0 fnt
|faint|p1a: Rillaboom
|
|upkeep
|
|t:|1769440055
|switch|p1a: Zamazenta|Zamazenta|30/100
|-activate|p1a: Zamazenta|move: Sticky Web
|-unboost|p1a: Zamazenta|spe|1
|turn|25
|
|t:|1769440061
|move|p1a: Zamazenta|Stone Edge|p2a: Gholdengo
|-supereffective|p2a: Gholdengo
|-damage|p2a: Gholdengo|0 fnt
|faint|p2a: Gholdengo
|-damage|p1a: Zamazenta|20/100|[from] item: Life Orb
|
|-heal|p1a: Zamazenta|27/100|[from] Grassy Terrain
|-fieldend|move: Grassy Terrain
|upkeep
|
|t:|1769440063
|switch|p2a: Zapdos|Zapdos-Galar|49/100
|-damage|p2a: Zapdos|36/100|[from] Stealth Rock
|turn|26
|
|t:|1769440068
|move|p2a: Zapdos|Brave Bird|p1a: Zamazenta
|-supereffective|p1a: Zamazenta
|-damage|p1a: Zamazenta|0 fnt
|faint|p1a: Zamazenta
|-damage|p2a: Zapdos|28/100|[from] Recoil
|
|win|ikun ngm
|raw|Slaking69420's rating: 1337 &rarr; <strong>1316</strong><br />(-21 for losing)
|raw|ikun ngm's rating: 1322 &rarr; <strong>1343</strong><br />(+21 for winning)
|l|☆Slaking69420
|player|p1|
|l|☆ikun ngm
|player|p2|
