|j|☆kuzwa
|j|☆JP here)
|t:|1769363291
|gametype|singles
|player|p1|kuzwa|clerk|1162
|player|p2|JP here)|266|1203
|gen|9
|tier|[Gen 9] OU
|rated|
|rule|HP Percentage Mod: HP is shown in percentages
|rule|Endless Battle Clause: Forcing endless battles is banned
|rule|Species Clause: Limit one of each Pokémon
|rule|OHKO Clause: OHKO moves are banned
|rule|Evasion Items Clause: Evasion items are banned
|rule|Evasion Moves Clause: Evasion moves are banned
|rule|Evasion Abilities Clause: Evasion abilities are banned
|rule|Sleep Moves Clause: Sleep-inducing moves are banned
|clearpoke
|poke|p1|Dragapult, M|
|poke|p1|Great Tusk|
|poke|p1|Slowking-Galar, M|
|poke|p1|Grafaiai, M|
|poke|p1|Alomomola, M|
|poke|p1|Weezing-Galar, M|
|poke|p2|Araquanid, F|
|poke|p2|Garchomp, F|
|poke|p2|Heatran, M|
|poke|p2|Mandibuzz, F|
|poke|p2|Iron Valiant|
|poke|p2|Porygon-Z|
|teampreview
|inactive|Battle timer is ON: inactive players will automatically lose when time's up. (requested by kuzwa)
|
|t:|1769363295
|teamsize|p1|6
|teamsize|p2|6
|start
|switch|p1a: Joga|Grafaiai, M|100/100
|switch|p2a: Araquanid|Araquanid, F|100/100
|turn|1
|
|t:|1769363298
|move|p1a: Joga|Toxic|p2a: Araquanid
|-status|p2a: Araquanid|tox
|move|p2a: Araquanid|Sticky Web|p1a: Joga
|-sidestart|p1: kuzwa|move: Sticky Web
|
|-damage|p2a: Araquanid|94/100 tox|[from] psn
|upkeep
|turn|2
|
|t:|1769363301
|move|p1a: Joga|Encore|p2a: Araquanid
|-start|p2a: Araquanid|Encore
|move|p2a: Araquanid|Sticky Web||[still]
|-fail|p2a: Araquanid
|
|-heal|p2a: Araquanid|100/100 tox|[from] item: Leftovers
|-damage|p2a: Araquanid|88/100 tox|[from] psn
|upkeep
|turn|3
|
|t:|1769363306
|switch|p2a: Mandibuzz|Mandibuzz, F|100/100
|move|p1a: Joga|Knock Off|p2a: Mandibuzz
|-resisted|p2a: Mandibuzz
|-damage|p2a: Mandibuzz|95/100
|-enditem|p2a: Mandibuzz|Heavy-Duty Boots|[from] move: Knock Off|[of] p1a: Joga
|
|upkeep
|turn|4
|
|t:|1769363311
|switch|p1a: Dealer|Great Tusk|100/100
|-activate|p1a: Dealer|move: Sticky Web
|-unboost|p1a: Dealer|spe|1
|move|p2a: Mandibuzz|Knock Off|p1a: Dealer
|-resisted|p1a: Dealer
|-damage|p1a: Dealer|93/100
|-enditem|p1a: Dealer|Leftovers|[from] move: Knock Off|[of] p2a: Mandibuzz
|
|upkeep
|turn|5
|
|t:|1769363319
|move|p2a: Mandibuzz|Toxic|p1a: Dealer
|-status|p1a: Dealer|tox
|move|p1a: Dealer|Stealth Rock|p2a: Mandibuzz
|-sidestart|p2: JP here)|move: Stealth Rock
|
|-damage|p1a: Dealer|87/100 tox|[from] psn
|upkeep
|turn|6
|
|t:|1769363323
|move|p2a: Mandibuzz|Defog|p1a: Dealer
|-unboost|p1a: Dealer|evasion|1
|-sideend|p1: kuzwa|Sticky Web|[from] move: Defog|[of] p2a: Mandibuzz
|-sideend|p2: JP here)|Stealth Rock|[from] move: Defog|[of] p2a: Mandibuzz
|move|p1a: Dealer|Rapid Spin|p2a: Mandibuzz
|-damage|p2a: Mandibuzz|85/100
|-boost|p1a: Dealer|spe|1
|
|-damage|p1a: Dealer|75/100 tox|[from] psn
|upkeep
|turn|7
|
|t:|1769363340
|move|p1a: Dealer|Stealth Rock|p2a: Mandibuzz
|-sidestart|p2: JP here)|move: Stealth Rock
|move|p2a: Mandibuzz|U-turn|p1a: Dealer
|-resisted|p1a: Dealer
|-damage|p1a: Dealer|71/100 tox
|
|t:|1769363352
|switch|p2a: Araquanid|Araquanid, F|88/100 tox|[from] U-turn
|-damage|p2a: Araquanid|63/100 tox|[from] Stealth Rock
|
|-heal|p2a: Araquanid|69/100 tox|[from] item: Leftovers
|-damage|p1a: Dealer|53/100 tox|[from] psn
|-damage|p2a: Araquanid|63/100 tox|[from] psn
|upkeep
|turn|8
|
|t:|1769363363
|-end|p1a: Dealer|Protosynthesis|[silent]
|switch|p1a: Miracle Musical|Slowking-Galar, M|100/100
|move|p2a: Araquanid|Liquidation|p1a: Miracle Musical
|-damage|p1a: Miracle Musical|28/100
|-unboost|p1a: Miracle Musical|def|1
|
|-heal|p2a: Araquanid|69/100 tox|[from] item: Leftovers
|-damage|p2a: Araquanid|57/100 tox|[from] psn
|upkeep
|turn|9
|
|t:|1769363368
|switch|p1a: Unworthy of Name|Alomomola, M|100/100
|move|p2a: Araquanid|Leech Life|p1a: Unworthy of Name
|-damage|p1a: Unworthy of Name|83/100
|-heal|p2a: Araquanid|71/100 tox|[from] drain|[of] p1a: Unworthy of Name
|-damage|p2a: Araquanid|54/100 tox|[from] item: Rocky Helmet|[of] p1a: Unworthy of Name
|
|-heal|p2a: Araquanid|60/100 tox|[from] item: Leftovers
|-damage|p2a: Araquanid|42/100 tox|[from] psn
|upkeep
|turn|10
|
|t:|1769363371
|move|p1a: Unworthy of Name|Flip Turn|p2a: Araquanid
|-resisted|p2a: Araquanid
|-damage|p2a: Araquanid|33/100 tox
|
|t:|1769363374
|switch|p1a: Miracle Musical|Slowking-Galar, M|61/100|[from] Flip Turn
|move|p2a: Araquanid|Body Slam|p1a: Miracle Musical
|-damage|p1a: Miracle Musical|37/100
|-status|p1a: Miracle Musical|par
|
|-heal|p2a: Araquanid|39/100 tox|[from] item: Leftovers
|-damage|p2a: Araquanid|14/100 tox|[from] psn
|upkeep
|turn|11
|
|t:|1769363379
|switch|p1a: Unworthy of Name|Alomomola, M|100/100
|move|p2a: Araquanid|Liquidation|p1a: Unworthy of Name
|-resisted|p1a: Unworthy of Name
|-damage|p1a: Unworthy of Name|84/100
|-unboost|p1a: Unworthy of Name|def|1
|-damage|p2a: Araquanid|0 fnt|[from] item: Rocky Helmet|[of] p1a: Unworthy of Name
|faint|p2a: Araquanid
|
|upkeep
|
|t:|1769363385
|switch|p2a: Porygon-Z|Porygon-Z|100/100
|-damage|p2a: Porygon-Z|88/100|[from] Stealth Rock
|turn|12
|
|t:|1769363388
|move|p2a: Porygon-Z|Thunderbolt|p1a: Unworthy of Name
|-supereffective|p1a: Unworthy of Name
|-damage|p1a: Unworthy of Name|14/100
|move|p1a: Unworthy of Name|Mirror Coat|p2a: Porygon-Z
|-damage|p2a: Porygon-Z|0 fnt
|faint|p2a: Porygon-Z
|
|upkeep
|
|t:|1769363396
|switch|p2a: Garchomp|Garchomp, F|100/100
|-damage|p2a: Garchomp|94/100|[from] Stealth Rock
|turn|13
|
|t:|1769363398
|switch|p1a: Miracle Musical|Slowking-Galar, M|71/100 par
|move|p2a: Garchomp|Earthquake|p1a: Miracle Musical
|-supereffective|p1a: Miracle Musical
|-damage|p1a: Miracle Musical|0 fnt
|faint|p1a: Miracle Musical
|
|upkeep
|
|t:|1769363403
|switch|p1a: Dealer|Great Tusk|53/100 tox
|turn|14
|
|t:|1769363408
|move|p2a: Garchomp|Earthquake|p1a: Dealer
|-damage|p1a: Dealer|19/100 tox
|move|p1a: Dealer|Ice Spinner|p2a: Garchomp
|-supereffective|p2a: Garchomp
|-damage|p2a: Garchomp|0 fnt
|-damage|p1a: Dealer|7/100 tox|[from] ability: Rough Skin|[of] p2a: Garchomp
|-damage|p1a: Dealer|0 fnt|[from] item: Rocky Helmet|[of] p2a: Garchomp
|faint|p2a: Garchomp
|faint|p1a: Dealer
|-end|p1a: Dealer|Protosynthesis|[silent]
|
|upkeep
|
|t:|1769363417
|switch|p2a: Mandibuzz|Mandibuzz, F|85/100
|switch|p1a: Unworthy of Name|Alomomola, M|47/100
|-damage|p2a: Mandibuzz|60/100|[from] Stealth Rock
|turn|15
|
|t:|1769363422
|move|p2a: Mandibuzz|Toxic|p1a: Unworthy of Name
|-status|p1a: Unworthy of Name|tox
|move|p1a: Unworthy of Name|Wish|p1a: Unworthy of Name
|
|-damage|p1a: Unworthy of Name|41/100 tox|[from] psn
|upkeep
|turn|16
|
|t:|1769363429
|move|p1a: Unworthy of Name|Protect|p1a: Unworthy of Name
|-singleturn|p1a: Unworthy of Name|Protect
|move|p2a: Mandibuzz|Defog|p1a: Unworthy of Name
|-activate|p1a: Unworthy of Name|move: Protect
|
|-heal|p1a: Unworthy of Name|91/100 tox|[from] move: Wish|[wisher] Unworthy of Name
|-damage|p1a: Unworthy of Name|78/100 tox|[from] psn
|upkeep
|turn|17
|
|t:|1769363434
|move|p2a: Mandibuzz|U-turn|p1a: Unworthy of Name
|-damage|p1a: Unworthy of Name|72/100 tox
|-damage|p2a: Mandibuzz|44/100|[from] item: Rocky Helmet|[of] p1a: Unworthy of Name
|
|t:|1769363440
|switch|p2a: Iron Valiant|Iron Valiant|100/100|[from] U-turn
|-damage|p2a: Iron Valiant|94/100|[from] Stealth Rock
|-enditem|p2a: Iron Valiant|Booster Energy
|-activate|p2a: Iron Valiant|ability: Quark Drive|[fromitem]
|-start|p2a: Iron Valiant|quarkdrivespe
|move|p1a: Unworthy of Name|Flip Turn|p2a: Iron Valiant
|-damage|p2a: Iron Valiant|73/100
|
|t:|1769363442
|switch|p1a: Joga|Grafaiai, M|100/100|[from] Flip Turn
|
|upkeep
|turn|18
|
|t:|1769363445
|move|p1a: Joga|Parting Shot|p2a: Iron Valiant
|-unboost|p2a: Iron Valiant|atk|1
|-unboost|p2a: Iron Valiant|spa|1
|
|t:|1769363447
|switch|p1a: Emergency|Weezing-Galar, M|100/100|[from] Parting Shot
|-ability|p1a: Emergency|Neutralizing Gas
|move|p2a: Iron Valiant|Psychic|p1a: Emergency
|-supereffective|p1a: Emergency
|-damage|p1a: Emergency|47/100
|
|upkeep
|turn|19
|
|t:|1769363455
|-end|p1a: Emergency|ability: Neutralizing Gas
|switch|p1a: Joga|Grafaiai, M|100/100
|move|p2a: Iron Valiant|Psychic|p1a: Joga
|-supereffective|p1a: Joga
|-damage|p1a: Joga|58/100
|
|upkeep
|turn|20
|
|t:|1769363461
|move|p1a: Joga|Parting Shot|p2a: Iron Valiant
|-unboost|p2a: Iron Valiant|atk|1
|-unboost|p2a: Iron Valiant|spa|1
|
|t:|1769363463
|switch|p1a: Unworthy of Name|Alomomola, M|100/100 tox|[from] Parting Shot
|move|p2a: Iron Valiant|Psychic|p1a: Unworthy of Name
|-damage|p1a: Unworthy of Name|82/100 tox
|
|-damage|p1a: Unworthy of Name|76/100 tox|[from] psn
|upkeep
|turn|21
|
|t:|1769363470
|-end|p2a: Iron Valiant|Quark Drive|[silent]
|switch|p2a: Mandibuzz|Mandibuzz, F|44/100
|-damage|p2a: Mandibuzz|19/100|[from] Stealth Rock
|move|p1a: Unworthy of Name|Wish|p1a: Unworthy of Name
|
|-damage|p1a: Unworthy of Name|63/100 tox|[from] psn
|upkeep
|turn|22
|
|t:|1769363474
|move|p2a: Mandibuzz|Defog|p1a: Unworthy of Name
|-unboost|p1a: Unworthy of Name|evasion|1
|-sideend|p2: JP here)|Stealth Rock|[from] move: Defog|[of] p2a: Mandibuzz
|move|p1a: Unworthy of Name|Flip Turn|p2a: Mandibuzz
|-damage|p2a: Mandibuzz|10/100
|
|t:|1769363478
|switch|p1a: Emergency|Weezing-Galar, M|47/100|[from] Flip Turn
|-ability|p1a: Emergency|Neutralizing Gas
|
|-heal|p1a: Emergency|100/100|[from] move: Wish|[wisher] Unworthy of Name
|upkeep
|turn|23
|
|t:|1769363481
|move|p2a: Mandibuzz|Knock Off|p1a: Emergency
|-resisted|p1a: Emergency
|-damage|p1a: Emergency|92/100
|-enditem|p1a: Emergency|Heavy-Duty Boots|[from] move: Knock Off|[of] p2a: Mandibuzz
|move|p1a: Emergency|Flamethrower|p2a: Mandibuzz
|-damage|p2a: Mandibuzz|0 fnt
|faint|p2a: Mandibuzz
|
|upkeep
|
|t:|1769363487
|switch|p2a: Heatran|Heatran, M|100/100
|-item|p2a: Heatran|Air Balloon
|turn|24
|
|t:|1769363490
|-end|p1a: Emergency|ability: Neutralizing Gas
|switch|p1a: Unworthy of Name|Alomomola, M|97/100 tox
|move|p2a: Heatran|Flash Cannon|p1a: Unworthy of Name
|-resisted|p1a: Unworthy of Name
|-damage|p1a: Unworthy of Name|68/100 tox
|
|-damage|p1a: Unworthy of Name|62/100 tox|[from] psn
|upkeep
|turn|25
|
|t:|1769363499
|move|p2a: Heatran|Magma Storm|p1a: Unworthy of Name
|-resisted|p1a: Unworthy of Name
|-damage|p1a: Unworthy of Name|26/100 tox
|-activate|p1a: Unworthy of Name|move: Magma Storm|[of] p2a: Heatran
|move|p1a: Unworthy of Name|Flip Turn|p2a: Heatran
|-supereffective|p2a: Heatran
|-damage|p2a: Heatran|73/100
|-enditem|p2a: Heatran|Air Balloon
|
|t:|1769363503
|switch|p1a: Joga|Grafaiai, M|58/100|[from] Flip Turn
|
|upkeep
|turn|26
|
|t:|1769363509
|move|p1a: Joga|Parting Shot|p2a: Heatran
|-unboost|p2a: Heatran|atk|1
|-unboost|p2a: Heatran|spa|1
|
|t:|1769363511
|switch|p1a: Unworthy of Name|Alomomola, M|59/100 tox|[from] Parting Shot
|move|p2a: Heatran|Earth Power|p1a: Unworthy of Name
|-damage|p1a: Unworthy of Name|34/100 tox
|
|-damage|p1a: Unworthy of Name|28/100 tox|[from] psn
|upkeep
|turn|27
|
|t:|1769363517
|move|p2a: Heatran|Magma Storm|p1a: Unworthy of Name
|-resisted|p1a: Unworthy of Name
|-damage|p1a: Unworthy of Name|3/100 tox
|-activate|p1a: Unworthy of Name|move: Magma Storm|[of] p2a: Heatran
|move|p1a: Unworthy of Name|Flip Turn|p2a: Heatran
|-supereffective|p2a: Heatran
|-damage|p2a: Heatran|43/100
|
|t:|1769363519
|switch|p1a: Joga|Grafaiai, M|58/100|[from] Flip Turn
|
|upkeep
|turn|28
|
|t:|1769363523
|move|p1a: Joga|Parting Shot|p2a: Heatran
|-unboost|p2a: Heatran|atk|1
|-unboost|p2a: Heatran|spa|1
|
|t:|1769363525
|switch|p1a: Unworthy of Name|Alomomola, M|36/100 tox|[from] Parting Shot
|move|p2a: Heatran|Earth Power|p1a: Unworthy of Name
|-damage|p1a: Unworthy of Name|15/100 tox
|
|-damage|p1a: Unworthy of Name|9/100 tox|[from] psn
|upkeep
|turn|29
|
|t:|1769363528
|switch|p2a: Iron Valiant|Iron Valiant|73/100
|switch|p1a: Joga|Grafaiai, M|58/100
|
|upkeep
|turn|30
|
|t:|1769363534
|move|p1a: Joga|Toxic|p2a: Iron Valiant
|-status|p2a: Iron Valiant|tox
|move|p2a: Iron Valiant|Psychic|p1a: Joga
|-supereffective|p1a: Joga
|-damage|p1a: Joga|0 fnt
|faint|p1a: Joga
|
|-damage|p2a: Iron Valiant|67/100 tox|[from] psn
|upkeep
|
|t:|1769363541
|switch|p1a: Love and ABCs|Dragapult, M|100/100
|turn|31
|
|t:|1769363545
|move|p1a: Love and ABCs|Hex|p2a: Iron Valiant
|-damage|p2a: Iron Valiant|0 fnt
|faint|p2a: Iron Valiant
|-end|p2a: Iron Valiant|Quark Drive|[silent]
|
|upkeep
|
|t:|1769363547
|switch|p2a: Heatran|Heatran, M|43/100
|turn|32
|
|t:|1769363550
|move|p1a: Love and ABCs|U-turn|p2a: Heatran
|-resisted|p2a: Heatran
|-damage|p2a: Heatran|40/100
|
|t:|1769363552
|switch|p1a: Unworthy of Name|Alomomola, M|42/100 tox|[from] U-turn
|move|p2a: Heatran|Flash Cannon|p1a: Unworthy of Name
|-resisted|p1a: Unworthy of Name
|-damage|p1a: Unworthy of Name|17/100 tox
|
|-damage|p1a: Unworthy of Name|10/100 tox|[from] psn
|upkeep
|turn|33
|
|t:|1769363559
|switch|p1a: Emergency|Weezing-Galar, M|92/100
|-ability|p1a: Emergency|Neutralizing Gas
|move|p2a: Heatran|Flash Cannon|p1a: Emergency
|-supereffective|p1a: Emergency
|-damage|p1a: Emergency|0 fnt
|faint|p1a: Emergency
|-end|p1a: Emergency|ability: Neutralizing Gas
|
|upkeep
|
|t:|1769363563
|switch|p1a: Love and ABCs|Dragapult, M|100/100
|turn|34
|
|t:|1769363570
|move|p1a: Love and ABCs|Draco Meteor|p2a: Heatran
|-resisted|p2a: Heatran
|-damage|p2a: Heatran|14/100
|-unboost|p1a: Love and ABCs|spa|2
|move|p2a: Heatran|Flash Cannon|p1a: Love and ABCs
|-crit|p1a: Love and ABCs
|-damage|p1a: Love and ABCs|12/100
|
|upkeep
|turn|35
|
|t:|1769363574
|move|p1a: Love and ABCs|U-turn|p2a: Heatran
|-resisted|p2a: Heatran
|-damage|p2a: Heatran|11/100
|
|t:|1769363576
|switch|p1a: Unworthy of Name|Alomomola, M|44/100 tox|[from] U-turn
|move|p2a: Heatran|Flash Cannon|p1a: Unworthy of Name
|-resisted|p1a: Unworthy of Name
|-damage|p1a: Unworthy of Name|18/100 tox
|
|-damage|p1a: Unworthy of Name|12/100 tox|[from] psn
|upkeep
|turn|36
|
|t:|1769363585
|move|p2a: Heatran|Flash Cannon|p1a: Unworthy of Name
|-resisted|p1a: Unworthy of Name
|-damage|p1a: Unworthy of Name|0 fnt
|faint|p1a: Unworthy of Name
|
|upkeep
|
|t:|1769363587
|switch|p1a: Love and ABCs|Dragapult, M|12/100
|turn|37
|
|t:|1769363592
|move|p1a: Love and ABCs|Draco Meteor|p2a: Heatran
|-resisted|p2a: Heatran
|-crit|p2a: Heatran
|-damage|p2a: Heatran|0 fnt
|-unboost|p1a: Love and ABCs|spa|2
|faint|p2a: Heatran
|
|win|kuzwa
|raw|kuzwa's rating: 1162 &rarr; <strong>1190</strong><br />(+28 for winning)
|raw|JP here)'s rating: 1203 &rarr; <strong>1175</strong><br />(-28 for losing)
|l|☆JP here)
|player|p2|
