|j|☆LucyLikePizza
|j|☆N0tC1evey
|t:|1769330122
|gametype|singles
|player|p1|LucyLikePizza|misty|1460
|player|p2|N0tC1evey|miku-ground|1521
|gen|9
|tier|[Gen 9] OU
|rated|
|rule|HP Percentage Mod: HP is shown in percentages
|rule|Endless Battle Clause: Forcing endless battles is banned
|rule|Species Clause: Limit one of each Pokémon
|rule|OHKO Clause: OHKO moves are banned
|rule|Evasion Items Clause: Evasion items are banned
|rule|Evasion Moves Clause: Evasion moves are banned
|rule|Evasion Abilities Clause: Evasion abilities are banned
|rule|Sleep Moves Clause: Sleep-inducing moves are banned
|clearpoke
|poke|p1|Kingambit, F|
|poke|p1|Hatterene, F|
|poke|p1|Zapdos|
|poke|p1|Conkeldurr, F|
|poke|p1|Clodsire, M|
|poke|p1|Samurott-Hisui, M|
|poke|p2|Landorus-Therian, M|
|poke|p2|Dragonite, M|
|poke|p2|Alomomola, F|
|poke|p2|Scizor, M|
|poke|p2|Iron Valiant|
|poke|p2|Glimmora, F|
|teampreview
|inactive|Battle timer is ON: inactive players will automatically lose when time's up. (requested by N0tC1evey)
|
|t:|1769330142
|teamsize|p1|6
|teamsize|p2|6
|start
|switch|p1a: Samurott|Samurott-Hisui, M|100/100
|switch|p2a: 谋毒|Glimmora, F, shiny|100/100
|turn|1
|
|t:|1769330147
|move|p1a: Samurott|Razor Shell|p2a: 谋毒
|-supereffective|p2a: 谋毒
|-damage|p2a: 谋毒|0 fnt
|-activate|p2a: 谋毒|ability: Toxic Debris
|-sidestart|p1: LucyLikePizza|move: Toxic Spikes
|faint|p2a: 谋毒
|
|upkeep
|
|t:|1769330153
|switch|p2a: 龙枪飞锐北称雄|Dragonite, M|100/100
|turn|2
|
|t:|1769330158
|switch|p1a: Clodsire|Clodsire, M|100/100
|-sideend|p1: LucyLikePizza|move: Toxic Spikes|[of] p1a: Clodsire
|move|p2a: 龙枪飞锐北称雄|Dragon Dance|p2a: 龙枪飞锐北称雄
|-boost|p2a: 龙枪飞锐北称雄|atk|1
|-boost|p2a: 龙枪飞锐北称雄|spe|1
|
|upkeep
|turn|3
|
|t:|1769330162
|switch|p1a: Hatterene|Hatterene, F|100/100
|move|p2a: 龙枪飞锐北称雄|Substitute|p2a: 龙枪飞锐北称雄
|-start|p2a: 龙枪飞锐北称雄|Substitute
|-damage|p2a: 龙枪飞锐北称雄|76/100
|
|upkeep
|turn|4
|
|t:|1769330166
|move|p2a: 龙枪飞锐北称雄|Dragon Dance|p2a: 龙枪飞锐北称雄
|-boost|p2a: 龙枪飞锐北称雄|atk|1
|-boost|p2a: 龙枪飞锐北称雄|spe|1
|move|p1a: Hatterene|Trick Room|p1a: Hatterene
|-fieldstart|move: Trick Room|[of] p1a: Hatterene
|
|upkeep
|turn|5
|
|t:|1769330187
|-terastallize|p2a: 龙枪飞锐北称雄|Fire
|move|p1a: Hatterene|Draining Kiss|p2a: 龙枪飞锐北称雄
|-resisted|p2a: 龙枪飞锐北称雄
|-activate|p2a: 龙枪飞锐北称雄|move: Substitute|[damage]
|move|p2a: 龙枪飞锐北称雄|Fire Punch|p1a: Hatterene
|-damage|p1a: Hatterene|34/100
|
|-heal|p1a: Hatterene|40/100|[from] item: Leftovers
|upkeep
|turn|6
|
|t:|1769330204
|move|p1a: Hatterene|Psyshock|p2a: 龙枪飞锐北称雄
|-end|p2a: 龙枪飞锐北称雄|Substitute
|move|p2a: 龙枪飞锐北称雄|Fire Punch|p1a: Hatterene
|-damage|p1a: Hatterene|0 fnt
|faint|p1a: Hatterene
|
|upkeep
|
|t:|1769330208
|switch|p1a: Samurott|Samurott-Hisui, M|100/100
|turn|7
|
|t:|1769330213
|switch|p2a: 海川|Alomomola, F|100/100
|move|p1a: Samurott|Razor Shell|p2a: 海川
|-resisted|p2a: 海川
|-damage|p2a: 海川|80/100
|
|upkeep
|turn|8
|
|t:|1769330219
|move|p2a: 海川|Wish|p2a: 海川
|move|p1a: Samurott|Ceaseless Edge|p2a: 海川
|-damage|p2a: 海川|49/100
|-sidestart|p2: N0tC1evey|Spikes
|
|-fieldend|move: Trick Room
|upkeep
|turn|9
|
|t:|1769330226
|move|p1a: Samurott|Ceaseless Edge|p2a: 海川
|-damage|p2a: 海川|17/100
|-sidestart|p2: N0tC1evey|Spikes
|move|p2a: 海川|Flip Turn|p1a: Samurott
|-resisted|p1a: Samurott
|-damage|p1a: Samurott|90/100
|
|t:|1769330229
|switch|p2a: 行天|Landorus-Therian, M|100/100|[from] Flip Turn
|-ability|p2a: 行天|Intimidate|boost
|-unboost|p1a: Samurott|atk|1
|
|upkeep
|turn|10
|
|t:|1769330235
|move|p2a: 行天|Stealth Rock|p1a: Samurott
|-sidestart|p1: LucyLikePizza|move: Stealth Rock
|move|p1a: Samurott|Razor Shell|p2a: 行天
|-supereffective|p2a: 行天
|-damage|p2a: 行天|31/100
|
|-heal|p2a: 行天|37/100|[from] item: Leftovers
|upkeep
|turn|11
|
|t:|1769330242
|move|p2a: 行天|U-turn|p1a: Samurott
|-supereffective|p1a: Samurott
|-damage|p1a: Samurott|29/100
|
|t:|1769330251
|switch|p2a: 武动|Iron Valiant, shiny|100/100|[from] U-turn
|-damage|p2a: 武动|84/100|[from] Spikes
|-enditem|p2a: 武动|Booster Energy
|-activate|p2a: 武动|ability: Quark Drive|[fromitem]
|-start|p2a: 武动|quarkdrivespe
|move|p1a: Samurott|Ceaseless Edge|p2a: 武动
|-resisted|p2a: 武动
|-damage|p2a: 武动|74/100
|-sidestart|p2: N0tC1evey|Spikes
|
|upkeep
|turn|12
|
|t:|1769330257
|switch|p1a: Clodsire|Clodsire, M|100/100
|-damage|p1a: Clodsire|94/100|[from] Stealth Rock
|move|p2a: 武动|Calm Mind|p2a: 武动
|-boost|p2a: 武动|spa|1
|-boost|p2a: 武动|spd|1
|
|-heal|p1a: Clodsire|100/100|[from] item: Leftovers
|upkeep
|turn|13
|
|t:|1769330266
|-end|p2a: 武动|Quark Drive|[silent]
|switch|p2a: 行天|Landorus-Therian, M|37/100
|-ability|p2a: 行天|Intimidate|boost
|-unboost|p1a: Clodsire|atk|1
|move|p1a: Clodsire|Earthquake|p2a: 行天
|-immune|p2a: 行天
|
|-heal|p2a: 行天|43/100|[from] item: Leftovers
|upkeep
|turn|14
|
|t:|1769330274
|switch|p1a: Zapdos|Zapdos|100/100
|move|p2a: 行天|Earthquake|p1a: Zapdos
|-immune|p1a: Zapdos
|
|-heal|p2a: 行天|49/100|[from] item: Leftovers
|upkeep
|turn|15
|
|t:|1769330280
|move|p1a: Zapdos|Heat Wave|p2a: 行天
|-damage|p2a: 行天|16/100
|-status|p2a: 行天|brn
|move|p2a: 行天|U-turn|p1a: Zapdos
|-resisted|p1a: Zapdos
|-damage|p1a: Zapdos|94/100
|-message|N0tC1evey forfeited.
|
|win|LucyLikePizza
|raw|LucyLikePizza's rating: 1460 &rarr; <strong>1483</strong><br />(+23 for winning)
|raw|N0tC1evey's rating: 1521 &rarr; <strong>1498</strong><br />(-23 for losing)
|l|☆N0tC1evey
|player|p2|
