|j|☆Phillip Blevin
|j|☆linkinthesink
|t:|1769409598
|gametype|singles
|player|p1|Phillip Blevin|265|1391
|player|p2|linkinthesink|1|1474
|gen|9
|tier|[Gen 9] OU
|rated|
|rule|HP Percentage Mod: HP is shown in percentages
|rule|Endless Battle Clause: Forcing endless battles is banned
|rule|Species Clause: Limit one of each Pokémon
|rule|OHKO Clause: OHKO moves are banned
|rule|Evasion Items Clause: Evasion items are banned
|rule|Evasion Moves Clause: Evasion moves are banned
|rule|Evasion Abilities Clause: Evasion abilities are banned
|rule|Sleep Moves Clause: Sleep-inducing moves are banned
|clearpoke
|poke|p1|Iron Hands|
|poke|p1|Mandibuzz, F|
|poke|p1|Garganacl, F|
|poke|p1|Rillaboom, F|
|poke|p1|Alomomola, F|
|poke|p1|Tornadus-Therian, M|
|poke|p2|Kyurem|
|poke|p2|Cinderace, M|
|poke|p2|Tornadus-Therian, M|
|poke|p2|Hatterene, F|
|poke|p2|Great Tusk|
|poke|p2|Kingambit, F|
|teampreview
|inactive|Battle timer is ON: inactive players will automatically lose when time's up. (requested by Phillip Blevin)
|
|t:|1769409611
|teamsize|p1|6
|teamsize|p2|6
|start
|switch|p1a: Tornadus|Tornadus-Therian, M|100/100
|switch|p2a: Hatterene|Hatterene, F|100/100
|turn|1
|
|t:|1769409616
|move|p1a: Tornadus|Knock Off|p2a: Hatterene
|-damage|p2a: Hatterene|82/100
|-enditem|p2a: Hatterene|Leftovers|[from] move: Knock Off|[of] p1a: Tornadus
|move|p2a: Hatterene|Draining Kiss|p1a: Tornadus
|-damage|p1a: Tornadus|77/100
|-heal|p2a: Hatterene|100/100|[from] drain|[of] p1a: Tornadus
|
|upkeep
|turn|2
|
|t:|1769409620
|move|p1a: Tornadus|U-turn|p2a: Hatterene
|-crit|p2a: Hatterene
|-damage|p2a: Hatterene|82/100
|
|t:|1769409622
|switch|p1a: Alomomola|Alomomola, F|100/100|[from] U-turn
|move|p2a: Hatterene|Nuzzle|p1a: Alomomola
|-supereffective|p1a: Alomomola
|-damage|p1a: Alomomola|96/100
|-status|p1a: Alomomola|par
|
|upkeep
|turn|3
|inactive|linkinthesink has 120 seconds left.
|
|t:|1769409652
|switch|p2a: Tornadus|Tornadus-Therian, M|100/100
|move|p1a: Alomomola|Flip Turn|p2a: Tornadus
|-damage|p2a: Tornadus|82/100
|
|t:|1769409655
|switch|p1a: Garganacl|Garganacl, F|100/100|[from] Flip Turn
|
|upkeep
|turn|4
|inactive|linkinthesink has 120 seconds left.
|
|t:|1769409677
|move|p2a: Tornadus|Knock Off|p1a: Garganacl
|-damage|p1a: Garganacl|86/100
|-enditem|p1a: Garganacl|Leftovers|[from] move: Knock Off|[of] p2a: Tornadus
|move|p1a: Garganacl|Salt Cure|p2a: Tornadus
|-supereffective|p2a: Tornadus
|-damage|p2a: Tornadus|48/100
|-start|p2a: Tornadus|Salt Cure
|
|-damage|p2a: Tornadus|36/100|[from] Salt Cure
|upkeep
|turn|5
|
|t:|1769409682
|switch|p2a: Hatterene|Hatterene, F|82/100
|move|p1a: Garganacl|Stealth Rock|p2a: Hatterene
|move|p2a: Hatterene|Stealth Rock|p1a: Garganacl|[from] ability: Magic Bounce
|-sidestart|p1: Phillip Blevin|move: Stealth Rock
|
|upkeep
|turn|6
|
|t:|1769409691
|move|p2a: Hatterene|Nuzzle|p1a: Garganacl
|-damage|p1a: Garganacl|83/100
|move|p1a: Garganacl|Salt Cure|p2a: Hatterene
|-damage|p2a: Hatterene|69/100
|-start|p2a: Hatterene|Salt Cure
|
|-damage|p2a: Hatterene|57/100|[from] Salt Cure
|upkeep
|turn|7
|
|t:|1769409695
|switch|p1a: Alomomola|Alomomola, F|100/100 par
|move|p2a: Hatterene|Psychic Noise|p1a: Alomomola
|-damage|p1a: Alomomola|63/100 par
|-start|p1a: Alomomola|move: Heal Block
|
|-damage|p2a: Hatterene|45/100|[from] Salt Cure
|upkeep
|turn|8
|
|t:|1769409698
|move|p1a: Alomomola|Protect|p1a: Alomomola
|-singleturn|p1a: Alomomola|Protect
|move|p2a: Hatterene|Pain Split|p1a: Alomomola
|-activate|p1a: Alomomola|move: Protect
|
|-damage|p2a: Hatterene|32/100|[from] Salt Cure
|-end|p1a: Alomomola|move: Heal Block
|upkeep
|turn|9
|
|t:|1769409701
|move|p2a: Hatterene|Pain Split|p1a: Alomomola
|-sethp|p1a: Alomomola|41/100 par|[from] move: Pain Split|[silent]
|-sethp|p2a: Hatterene|69/100|[from] move: Pain Split
|move|p1a: Alomomola|Flip Turn|p2a: Hatterene
|-damage|p2a: Hatterene|55/100
|
|t:|1769409716
|switch|p1a: Iron Hands|Iron Hands|100/100|[from] Flip Turn
|-damage|p1a: Iron Hands|94/100|[from] Stealth Rock
|
|-damage|p2a: Hatterene|42/100|[from] Salt Cure
|upkeep
|turn|10
|
|t:|1769409724
|switch|p2a: Tornadus|Tornadus-Therian, M|69/100
|move|p1a: Iron Hands|Ice Punch|p2a: Tornadus
|-supereffective|p2a: Tornadus
|-damage|p2a: Tornadus|1/100
|
|upkeep
|turn|11
|
|t:|1769409732
|move|p2a: Tornadus|Bleakwind Storm|p1a: Iron Hands
|-damage|p1a: Iron Hands|74/100
|move|p1a: Iron Hands|Ice Punch|p2a: Tornadus
|-supereffective|p2a: Tornadus
|-damage|p2a: Tornadus|0 fnt
|faint|p2a: Tornadus
|
|upkeep
|
|t:|1769409742
|switch|p2a: Kyurem|Kyurem|100/100
|-ability|p2a: Kyurem|Pressure
|turn|12
|
|t:|1769409745
|move|p2a: Kyurem|Ice Beam|p1a: Iron Hands
|-damage|p1a: Iron Hands|33/100
|move|p1a: Iron Hands|Drain Punch|p2a: Kyurem
|-supereffective|p2a: Kyurem
|-damage|p2a: Kyurem|19/100
|-heal|p1a: Iron Hands|69/100|[from] drain|[of] p2a: Kyurem
|
|upkeep
|turn|13
|
|t:|1769409751
|move|p2a: Kyurem|Ice Beam|p1a: Iron Hands
|-damage|p1a: Iron Hands|32/100
|move|p1a: Iron Hands|Drain Punch|p2a: Kyurem
|-supereffective|p2a: Kyurem
|-damage|p2a: Kyurem|0 fnt
|-heal|p1a: Iron Hands|40/100|[from] drain|[of] p2a: Kyurem
|faint|p2a: Kyurem
|
|upkeep
|
|t:|1769409757
|switch|p2a: Great Tusk|Great Tusk|100/100
|turn|14
|
|t:|1769409761
|-end|p1a: Iron Hands|Quark Drive|[silent]
|switch|p1a: Mandibuzz|Mandibuzz, F|100/100
|move|p2a: Great Tusk|Rapid Spin|p1a: Mandibuzz
|-damage|p1a: Mandibuzz|92/100
|-boost|p2a: Great Tusk|spe|1
|
|upkeep
|turn|15
|
|t:|1769409764
|move|p2a: Great Tusk|Ice Spinner|p1a: Mandibuzz
|-supereffective|p1a: Mandibuzz
|-damage|p1a: Mandibuzz|65/100
|move|p1a: Mandibuzz|Defog|p2a: Great Tusk
|-unboost|p2a: Great Tusk|evasion|1
|-sideend|p1: Phillip Blevin|Stealth Rock|[from] move: Defog|[of] p1a: Mandibuzz
|
|upkeep
|turn|16
|
|t:|1769409771
|move|p2a: Great Tusk|Stealth Rock|p1a: Mandibuzz
|-sidestart|p1: Phillip Blevin|move: Stealth Rock
|move|p1a: Mandibuzz|Roost|p1a: Mandibuzz
|-heal|p1a: Mandibuzz|100/100
|-singleturn|p1a: Mandibuzz|move: Roost
|
|upkeep
|turn|17
|
|t:|1769409775
|move|p2a: Great Tusk|Ice Spinner|p1a: Mandibuzz
|-supereffective|p1a: Mandibuzz
|-damage|p1a: Mandibuzz|74/100
|move|p1a: Mandibuzz|Foul Play|p2a: Great Tusk
|-resisted|p2a: Great Tusk
|-damage|p2a: Great Tusk|88/100
|-damage|p1a: Mandibuzz|57/100|[from] item: Rocky Helmet|[of] p2a: Great Tusk
|
|upkeep
|turn|18
|
|t:|1769409778
|move|p2a: Great Tusk|Ice Spinner|p1a: Mandibuzz
|-supereffective|p1a: Mandibuzz
|-damage|p1a: Mandibuzz|31/100
|move|p1a: Mandibuzz|Roost|p1a: Mandibuzz
|-heal|p1a: Mandibuzz|81/100
|-singleturn|p1a: Mandibuzz|move: Roost
|
|upkeep
|turn|19
|
|t:|1769409781
|-end|p2a: Great Tusk|Protosynthesis|[silent]
|switch|p2a: Hatterene|Hatterene, F|42/100
|move|p1a: Mandibuzz|Defog|p2a: Hatterene
|move|p2a: Hatterene|Defog|p1a: Mandibuzz|[from] ability: Magic Bounce
|-unboost|p1a: Mandibuzz|evasion|1
|-sideend|p1: Phillip Blevin|Stealth Rock|[from] move: Defog|[of] p2a: Hatterene
|
|upkeep
|turn|20
|
|t:|1769409787
|switch|p1a: Alomomola|Alomomola, F|75/100 par
|move|p2a: Hatterene|Pain Split|p1a: Alomomola
|-sethp|p1a: Alomomola|50/100 par|[from] move: Pain Split|[silent]
|-sethp|p2a: Hatterene|84/100|[from] move: Pain Split
|
|upkeep
|turn|21
|
|t:|1769409791
|move|p2a: Hatterene|Psychic Noise|p1a: Alomomola
|-damage|p1a: Alomomola|7/100 par
|-start|p1a: Alomomola|move: Heal Block
|move|p1a: Alomomola|Flip Turn|p2a: Hatterene
|-damage|p2a: Hatterene|71/100
|
|t:|1769409796
|switch|p1a: Iron Hands|Iron Hands|40/100|[from] Flip Turn
|
|upkeep
|turn|22
|
|t:|1769409800
|move|p1a: Iron Hands|Supercell Slam|p2a: Hatterene
|-damage|p2a: Hatterene|22/100
|move|p2a: Hatterene|Psychic Noise|p1a: Iron Hands
|-supereffective|p1a: Iron Hands
|-damage|p1a: Iron Hands|4/100
|-start|p1a: Iron Hands|move: Heal Block
|
|upkeep
|turn|23
|
|t:|1769409806
|switch|p2a: Kingambit|Kingambit, F|100/100
|-activate|p2a: Kingambit|ability: Supreme Overlord
|-start|p2a: Kingambit|fallen2|[silent]
|move|p1a: Iron Hands|Earthquake|p2a: Kingambit
|-supereffective|p2a: Kingambit
|-damage|p2a: Kingambit|38/100
|
|-heal|p2a: Kingambit|45/100|[from] item: Leftovers
|-end|p1a: Iron Hands|move: Heal Block
|upkeep
|turn|24
|
|t:|1769409812
|move|p2a: Kingambit|Sucker Punch|p1a: Iron Hands
|-resisted|p1a: Iron Hands
|-damage|p1a: Iron Hands|0 fnt
|faint|p1a: Iron Hands
|-end|p1a: Iron Hands|Quark Drive|[silent]
|
|-heal|p2a: Kingambit|51/100|[from] item: Leftovers
|upkeep
|
|t:|1769409814
|switch|p1a: Garganacl|Garganacl, F|83/100
|turn|25
|
|t:|1769409819
|move|p2a: Kingambit|Swords Dance|p2a: Kingambit
|-boost|p2a: Kingambit|atk|2
|move|p1a: Garganacl|Iron Defense|p1a: Garganacl
|-boost|p1a: Garganacl|def|2
|
|-heal|p2a: Kingambit|57/100|[from] item: Leftovers
|upkeep
|turn|26
|
|t:|1769409824
|-end|p2a: Kingambit|fallen2|[silent]
|switch|p2a: Hatterene|Hatterene, F|22/100
|-terastallize|p1a: Garganacl|Water
|move|p1a: Garganacl|Salt Cure|p2a: Hatterene
|-damage|p2a: Hatterene|10/100
|-start|p2a: Hatterene|Salt Cure
|
|-damage|p2a: Hatterene|0 fnt|[from] Salt Cure
|faint|p2a: Hatterene
|upkeep
|
|t:|1769409826
|switch|p2a: Kingambit|Kingambit, F|57/100
|-activate|p2a: Kingambit|ability: Supreme Overlord
|-start|p2a: Kingambit|fallen3|[silent]
|turn|27
|
|t:|1769409829
|move|p2a: Kingambit|Kowtow Cleave|p1a: Garganacl
|-damage|p1a: Garganacl|60/100
|move|p1a: Garganacl|Salt Cure|p2a: Kingambit
|-resisted|p2a: Kingambit
|-crit|p2a: Kingambit
|-damage|p2a: Kingambit|49/100
|-start|p2a: Kingambit|Salt Cure
|
|-heal|p2a: Kingambit|55/100|[from] item: Leftovers
|-damage|p2a: Kingambit|30/100|[from] Salt Cure
|upkeep
|turn|28
|-message|linkinthesink forfeited.
|
|win|Phillip Blevin
|raw|Phillip Blevin's rating: 1391 &rarr; <strong>1416</strong><br />(+25 for winning)
|raw|linkinthesink's rating: 1474 &rarr; <strong>1449</strong><br />(-25 for losing)
