|j|☆depecos
|j|☆Slaking69420
|t:|1769292999
|gametype|singles
|player|p1|depecos|265|1224
|player|p2|Slaking69420|169|1170
|gen|9
|tier|[Gen 9] OU
|rated|
|rule|HP Percentage Mod: HP is shown in percentages
|rule|Endless Battle Clause: Forcing endless battles is banned
|rule|Species Clause: Limit one of each Pokémon
|rule|OHKO Clause: OHKO moves are banned
|rule|Evasion Items Clause: Evasion items are banned
|rule|Evasion Moves Clause: Evasion moves are banned
|rule|Evasion Abilities Clause: Evasion abilities are banned
|rule|Sleep Moves Clause: Sleep-inducing moves are banned
|clearpoke
|poke|p1|Sudowoodo, F|
|poke|p1|Okidogi, M|
|poke|p1|Gholdengo|
|poke|p1|Mimikyu, F|
|poke|p1|Great Tusk|
|poke|p1|Kingambit, F|
|poke|p2|Dragapult, M|
|poke|p2|Glimmora, M|
|poke|p2|Moltres|
|poke|p2|Tyranitar, F|
|poke|p2|Darkrai|
|poke|p2|Rillaboom, F|
|teampreview
|inactive|Battle timer is ON: inactive players will automatically lose when time's up. (requested by depecos)
|
|t:|1769293006
|teamsize|p1|6
|teamsize|p2|6
|start
|switch|p1a: Harvest Staff|Sudowoodo, F|100/100
|switch|p2a: Glimmora|Glimmora, M|100/100
|turn|1
|
|t:|1769293010
|move|p2a: Glimmora|Stealth Rock|p1a: Harvest Staff
|-sidestart|p1: depecos|move: Stealth Rock
|move|p1a: Harvest Staff|Stealth Rock|p2a: Glimmora
|-sidestart|p2: Slaking69420|move: Stealth Rock
|
|upkeep
|turn|2
|
|t:|1769293013
|move|p2a: Glimmora|Spikes|p1a: Harvest Staff
|-sidestart|p1: depecos|Spikes
|move|p1a: Harvest Staff|Spikes|p2a: Glimmora
|-sidestart|p2: Slaking69420|Spikes
|
|upkeep
|turn|3
|
|t:|1769293016
|move|p2a: Glimmora|Spikes|p1a: Harvest Staff
|-sidestart|p1: depecos|Spikes
|move|p1a: Harvest Staff|Spikes|p2a: Glimmora
|-sidestart|p2: Slaking69420|Spikes
|
|upkeep
|turn|4
|
|t:|1769293021
|move|p2a: Glimmora|Spikes|p1a: Harvest Staff
|-sidestart|p1: depecos|Spikes
|move|p1a: Harvest Staff|Spikes|p2a: Glimmora
|-sidestart|p2: Slaking69420|Spikes
|
|upkeep
|turn|5
|
|t:|1769293024
|move|p2a: Glimmora|Mortal Spin|p1a: Harvest Staff
|-resisted|p1a: Harvest Staff
|-damage|p1a: Harvest Staff|97/100
|-status|p1a: Harvest Staff|psn
|-sideend|p2: Slaking69420|Spikes|[from] move: Mortal Spin|[of] p2a: Glimmora
|-sideend|p2: Slaking69420|Stealth Rock|[from] move: Mortal Spin|[of] p2a: Glimmora
|move|p1a: Harvest Staff|Endeavor|p2a: Glimmora
|-damage|p2a: Glimmora|74/100
|-activate|p2a: Glimmora|ability: Toxic Debris
|-sidestart|p1: depecos|move: Toxic Spikes
|
|-damage|p1a: Harvest Staff|84/100 psn|[from] psn
|upkeep
|turn|6
|
|t:|1769293037
|move|p2a: Glimmora|Earth Power|p1a: Harvest Staff
|-supereffective|p1a: Harvest Staff
|-damage|p1a: Harvest Staff|15/100 psn
|move|p1a: Harvest Staff|Stealth Rock|p2a: Glimmora
|-sidestart|p2: Slaking69420|move: Stealth Rock
|
|-damage|p1a: Harvest Staff|2/100 psn|[from] psn
|upkeep
|turn|7
|-enditem|p1a: Harvest Staff|Custap Berry|[eat]
|-activate|p1a: Harvest Staff|item: Custap Berry|[consumed]
|
|t:|1769293043
|move|p1a: Harvest Staff|Head Smash|p2a: Glimmora
|-damage|p2a: Glimmora|6/100
|-activate|p2a: Glimmora|ability: Toxic Debris
|-sidestart|p1: depecos|move: Toxic Spikes
|-damage|p1a: Harvest Staff|0 fnt|[from] Recoil
|faint|p1a: Harvest Staff
|move|p2a: Glimmora|Mortal Spin|p1: Harvest Staff|[notarget]
|-fail|p2a: Glimmora
|
|upkeep
|
|t:|1769293052
|switch|p1a: Grax|Great Tusk|100/100
|-damage|p1a: Grax|98/100|[from] Stealth Rock
|-damage|p1a: Grax|73/100|[from] Spikes
|-status|p1a: Grax|tox
|-enditem|p1a: Grax|Booster Energy
|-activate|p1a: Grax|ability: Protosynthesis|[fromitem]
|-start|p1a: Grax|protosynthesisspe
|turn|8
|
|t:|1769293062
|switch|p2a: Moltres|Moltres|100/100
|move|p1a: Grax|Rapid Spin|p2a: Moltres
|-damage|p2a: Moltres|88/100
|-boost|p1a: Grax|spe|1
|-sideend|p1: depecos|Spikes|[from] move: Rapid Spin|[of] p1a: Grax
|-sideend|p1: depecos|Toxic Spikes|[from] move: Rapid Spin|[of] p1a: Grax
|-sideend|p1: depecos|Stealth Rock|[from] move: Rapid Spin|[of] p1a: Grax
|
|-damage|p1a: Grax|66/100 tox|[from] psn
|upkeep
|turn|9
|
|t:|1769293070
|move|p1a: Grax|Ice Spinner|p2a: Moltres
|-damage|p2a: Moltres|66/100
|move|p2a: Moltres|Hurricane|p1a: Grax|[miss]
|-miss|p2a: Moltres|p1a: Grax
|
|-damage|p1a: Grax|54/100 tox|[from] psn
|upkeep
|turn|10
|
|t:|1769293073
|move|p1a: Grax|Ice Spinner|p2a: Moltres
|-damage|p2a: Moltres|46/100
|move|p2a: Moltres|Hurricane|p1a: Grax
|-supereffective|p1a: Grax
|-damage|p1a: Grax|0 fnt
|faint|p1a: Grax
|-end|p1a: Grax|Protosynthesis|[silent]
|
|upkeep
|
|t:|1769293081
|switch|p1a: Affliction|Mimikyu, F, shiny|100/100
|turn|11
|
|t:|1769293085
|move|p1a: Affliction|Swords Dance|p1a: Affliction
|-boost|p1a: Affliction|atk|2
|move|p2a: Moltres|Flamethrower|p1a: Affliction
|-activate|p1a: Affliction|ability: Disguise
|-damage|p1a: Affliction|100/100
|detailschange|p1a: Affliction|Mimikyu-Busted, F, shiny
|-damage|p1a: Affliction|88/100|[from] pokemon: Mimikyu-Busted
|
|upkeep
|turn|12
|
|t:|1769293087
|move|p1a: Affliction|Shadow Claw|p2a: Moltres
|-damage|p2a: Moltres|0 fnt
|faint|p2a: Moltres
|-damage|p1a: Affliction|78/100|[from] item: Life Orb
|
|upkeep
|
|t:|1769293092
|switch|p2a: Darkrai|Darkrai|100/100
|-damage|p2a: Darkrai|88/100|[from] Stealth Rock
|turn|13
|
|t:|1769293095
|move|p2a: Darkrai|Sludge Bomb|p1a: Affliction
|-damage|p1a: Affliction|19/100
|-status|p1a: Affliction|psn
|-damage|p2a: Darkrai|78/100|[from] item: Life Orb
|move|p1a: Affliction|Play Rough|p2a: Darkrai
|-supereffective|p2a: Darkrai
|-damage|p2a: Darkrai|0 fnt
|faint|p2a: Darkrai
|-damage|p1a: Affliction|9/100 psn|[from] item: Life Orb
|
|-damage|p1a: Affliction|0 fnt|[from] psn
|faint|p1a: Affliction
|upkeep
|
|t:|1769293109
|switch|p2a: Tyranitar|Tyranitar, F|100/100
|switch|p1a: Aorta|Okidogi, M|100/100
|-damage|p2a: Tyranitar|88/100|[from] Stealth Rock
|-weather|Sandstorm|[from] ability: Sand Stream|[of] p2a: Tyranitar
|turn|14
|inactive|depecos has 120 seconds left.
|
|t:|1769293141
|-terastallize|p2a: Tyranitar|Ghost
|move|p1a: Aorta|Bulk Up|p1a: Aorta
|-boost|p1a: Aorta|atk|1
|-boost|p1a: Aorta|def|1
|move|p2a: Tyranitar|Earthquake|p1a: Aorta
|-supereffective|p1a: Aorta
|-damage|p1a: Aorta|41/100
|-enditem|p1a: Aorta|Weakness Policy
|-boost|p1a: Aorta|atk|2|[from] item: Weakness Policy
|-boost|p1a: Aorta|spa|2|[from] item: Weakness Policy
|
|-weather|Sandstorm|[upkeep]
|-damage|p1a: Aorta|35/100|[from] Sandstorm
|-damage|p2a: Tyranitar|82/100|[from] Sandstorm
|upkeep
|turn|15
|
|t:|1769293150
|move|p1a: Aorta|Knock Off|p2a: Tyranitar
|-supereffective|p2a: Tyranitar
|-damage|p2a: Tyranitar|0 fnt
|-enditem|p2a: Tyranitar|Choice Band|[from] move: Knock Off|[of] p1a: Aorta
|faint|p2a: Tyranitar
|
|-weather|Sandstorm|[upkeep]
|-damage|p1a: Aorta|29/100|[from] Sandstorm
|upkeep
|l|☆Slaking69420
|inactive|Slaking69420 disconnected and has a minute to reconnect!
|player|p2|
|inactive|Slaking69420 has 30 seconds to reconnect!
|inactive|Slaking69420 has 20 seconds to reconnect!
|inactive|Slaking69420 has 15 seconds to reconnect!
|inactive|Slaking69420 has 10 seconds to reconnect!
|inactive|Slaking69420 has 5 seconds to reconnect!
|-message|Slaking69420 lost due to inactivity.
|
|win|depecos
|raw|depecos's rating: 1224 &rarr; <strong>1245</strong><br />(+21 for winning)
|raw|Slaking69420's rating: 1170 &rarr; <strong>1149</strong><br />(-21 for losing)
|l|☆depecos
|player|p1|
