|j|☆jc1231
|j|☆Ausar48
|t:|1769322748
|gametype|singles
|player|p1|jc1231|n|1278
|player|p2|Ausar48|ghetsis|1271
|gen|9
|tier|[Gen 9] OU
|rated|
|rule|HP Percentage Mod: HP is shown in percentages
|rule|Endless Battle Clause: Forcing endless battles is banned
|rule|Species Clause: Limit one of each Pokémon
|rule|OHKO Clause: OHKO moves are banned
|rule|Evasion Items Clause: Evasion items are banned
|rule|Evasion Moves Clause: Evasion moves are banned
|rule|Evasion Abilities Clause: Evasion abilities are banned
|rule|Sleep Moves Clause: Sleep-inducing moves are banned
|clearpoke
|poke|p1|Great Tusk|
|poke|p1|Raging Bolt|
|poke|p1|Walking Wake|
|poke|p1|Kingambit, M|
|poke|p1|Slither Wing|
|poke|p1|Torkoal, M|
|poke|p2|Alomomola, M|
|poke|p2|Dragalge, F|
|poke|p2|Lokix, M|
|poke|p2|Great Tusk|
|poke|p2|Gholdengo|
|poke|p2|Moltres|
|teampreview
|inactive|Battle timer is ON: inactive players will automatically lose when time's up. (requested by jc1231)
|inactive|Ausar48 has 120 seconds left.
|
|t:|1769322792
|teamsize|p1|6
|teamsize|p2|6
|start
|switch|p1a: Torkoal|Torkoal, M|100/100
|switch|p2a: Dragalge|Dragalge, F|100/100
|-weather|SunnyDay|[from] ability: Drought|[of] p1a: Torkoal
|turn|1
|
|t:|1769322800
|move|p2a: Dragalge|Toxic Spikes|p1a: Torkoal
|-sidestart|p1: jc1231|move: Toxic Spikes
|move|p1a: Torkoal|Stealth Rock|p2a: Dragalge
|-sidestart|p2: Ausar48|move: Stealth Rock
|
|-weather|SunnyDay|[upkeep]
|upkeep
|turn|2
|
|t:|1769322808
|switch|p2a: Gholdengo|Gholdengo|100/100
|-damage|p2a: Gholdengo|94/100|[from] Stealth Rock
|move|p1a: Torkoal|Rapid Spin|p2a: Gholdengo
|-immune|p2a: Gholdengo
|
|-weather|SunnyDay|[upkeep]
|upkeep
|turn|3
|
|t:|1769322813
|switch|p2a: Dragalge|Dragalge, F|100/100
|-damage|p2a: Dragalge|88/100|[from] Stealth Rock
|move|p1a: Torkoal|Will-O-Wisp|p2a: Dragalge
|-status|p2a: Dragalge|brn
|
|-weather|SunnyDay|[upkeep]
|-damage|p2a: Dragalge|82/100 brn|[from] brn
|upkeep
|turn|4
|
|t:|1769322821
|move|p2a: Dragalge|Draco Meteor|p1a: Torkoal
|-damage|p1a: Torkoal|0 fnt
|-unboost|p2a: Dragalge|spa|2
|faint|p1a: Torkoal
|
|-weather|SunnyDay|[upkeep]
|-damage|p2a: Dragalge|76/100 brn|[from] brn
|upkeep
|
|t:|1769322835
|switch|p1a: Raging Bolt|Raging Bolt|100/100
|-activate|p1a: Raging Bolt|ability: Protosynthesis
|-start|p1a: Raging Bolt|protosynthesisspa
|turn|5
|
|t:|1769322850
|switch|p2a: Gholdengo|Gholdengo|94/100
|-damage|p2a: Gholdengo|88/100|[from] Stealth Rock
|move|p1a: Raging Bolt|Dragon Pulse|p2a: Gholdengo
|-resisted|p2a: Gholdengo
|-damage|p2a: Gholdengo|51/100
|
|-weather|SunnyDay|[upkeep]
|upkeep
|turn|6
|
|t:|1769322859
|switch|p2a: Great Tusk|Great Tusk|100/100
|-activate|p2a: Great Tusk|ability: Protosynthesis
|-start|p2a: Great Tusk|protosynthesisatk
|move|p1a: Raging Bolt|Thunderbolt|p2a: Great Tusk
|-immune|p2a: Great Tusk
|
|-weather|SunnyDay|[upkeep]
|upkeep
|turn|7
|
|t:|1769322864
|-end|p1a: Raging Bolt|Protosynthesis|[silent]
|switch|p1a: Walking Wake|Walking Wake|100/100
|-status|p1a: Walking Wake|psn
|-activate|p1a: Walking Wake|ability: Protosynthesis
|-start|p1a: Walking Wake|protosynthesisspe
|move|p2a: Great Tusk|Headlong Rush|p1a: Walking Wake
|-damage|p1a: Walking Wake|18/100 psn
|-unboost|p2a: Great Tusk|def|1
|-unboost|p2a: Great Tusk|spd|1
|
|-weather|SunnyDay|[upkeep]
|-damage|p1a: Walking Wake|5/100 psn|[from] psn
|upkeep
|turn|8
|
|t:|1769322869
|-end|p2a: Great Tusk|Protosynthesis|[silent]
|switch|p2a: Alomomola|Alomomola, M|100/100
|-damage|p2a: Alomomola|88/100|[from] Stealth Rock
|move|p1a: Walking Wake|Hydro Steam|p2a: Alomomola
|-resisted|p2a: Alomomola
|-damage|p2a: Alomomola|62/100
|
|-weather|none
|-end|p1a: Walking Wake|Protosynthesis
|-damage|p1a: Walking Wake|0 fnt|[from] psn
|faint|p1a: Walking Wake
|-end|p1a: Walking Wake|Protosynthesis|[silent]
|upkeep
|
|t:|1769322880
|switch|p1a: Raging Bolt|Raging Bolt|100/100
|turn|9
|inactive|Ausar48 has 120 seconds left.
|
|t:|1769322917
|move|p1a: Raging Bolt|Dragon Pulse|p2a: Alomomola
|-damage|p2a: Alomomola|35/100
|move|p2a: Alomomola|Mirror Coat|p1a: Raging Bolt
|-damage|p1a: Raging Bolt|35/100
|
|upkeep
|turn|10
|inactive|Ausar48 has 120 seconds left.
|
|t:|1769322924
|switch|p2a: Gholdengo|Gholdengo|51/100
|-damage|p2a: Gholdengo|45/100|[from] Stealth Rock
|move|p1a: Raging Bolt|Thunderbolt|p2a: Gholdengo
|-damage|p2a: Gholdengo|0 fnt
|faint|p2a: Gholdengo
|
|upkeep
|inactive|Ausar48 has 120 seconds left.
|
|t:|1769322929
|switch|p2a: Great Tusk|Great Tusk|100/100
|turn|11
|
|t:|1769322936
|move|p2a: Great Tusk|Headlong Rush|p1a: Raging Bolt
|-supereffective|p1a: Raging Bolt
|-damage|p1a: Raging Bolt|0 fnt
|-unboost|p2a: Great Tusk|def|1
|-unboost|p2a: Great Tusk|spd|1
|faint|p1a: Raging Bolt
|-end|p1a: Raging Bolt|Protosynthesis|[silent]
|
|upkeep
|
|t:|1769322940
|switch|p1a: Great Tusk|Great Tusk, shiny|100/100
|turn|12
|inactive|Ausar48 has 120 seconds left.
|
|t:|1769322967
|-end|p2a: Great Tusk|Protosynthesis|[silent]
|switch|p2a: Moltres|Moltres|100/100
|move|p1a: Great Tusk|Ice Spinner|p2a: Moltres
|-damage|p2a: Moltres|71/100
|
|upkeep
|turn|13
|
|t:|1769322977
|-end|p1a: Great Tusk|Protosynthesis|[silent]
|switch|p1a: Slither Wing|Slither Wing|100/100
|move|p2a: Moltres|Flamethrower|p1a: Slither Wing
|-supereffective|p1a: Slither Wing
|-damage|p1a: Slither Wing|21/100
|
|upkeep
|turn|14
|
|t:|1769322982
|move|p1a: Slither Wing|First Impression|p2a: Moltres
|-resisted|p2a: Moltres
|-damage|p2a: Moltres|59/100
|-status|p1a: Slither Wing|brn|[from] ability: Flame Body|[of] p2a: Moltres
|move|p2a: Moltres|Flamethrower|p1a: Slither Wing
|-supereffective|p1a: Slither Wing
|-damage|p1a: Slither Wing|0 fnt
|faint|p1a: Slither Wing
|-end|p1a: Slither Wing|Protosynthesis|[silent]
|
|upkeep
|
|t:|1769322985
|switch|p1a: Great Tusk|Great Tusk, shiny|100/100
|turn|15
|
|t:|1769322989
|move|p1a: Great Tusk|Rapid Spin|p2a: Moltres
|-crit|p2a: Moltres
|-damage|p2a: Moltres|31/100
|-boost|p1a: Great Tusk|spe|1
|-sideend|p1: jc1231|Toxic Spikes|[from] move: Rapid Spin|[of] p1a: Great Tusk
|move|p2a: Moltres|Flamethrower|p1a: Great Tusk
|-damage|p1a: Great Tusk|45/100
|
|upkeep
|turn|16
|
|t:|1769322997
|move|p1a: Great Tusk|Knock Off|p2a: Moltres
|-damage|p2a: Moltres|0 fnt
|-enditem|p2a: Moltres|Heavy-Duty Boots|[from] move: Knock Off|[of] p1a: Great Tusk
|faint|p2a: Moltres
|
|upkeep
|
|t:|1769323004
|switch|p2a: Lokix|Lokix, M|100/100
|-damage|p2a: Lokix|76/100|[from] Stealth Rock
|turn|17
|
|t:|1769323013
|-terastallize|p1a: Great Tusk|Steel
|move|p2a: Lokix|First Impression|p1a: Great Tusk
|-resisted|p1a: Great Tusk
|-damage|p1a: Great Tusk|0 fnt
|faint|p1a: Great Tusk
|-end|p1a: Great Tusk|Protosynthesis|[silent]
|
|upkeep
|
|t:|1769323020
|switch|p1a: Kingambit|Kingambit, M, shiny|100/100
|-activate|p1a: Kingambit|ability: Supreme Overlord
|-start|p1a: Kingambit|fallen5|[silent]
|turn|18
|
|t:|1769323025
|switch|p2a: Great Tusk|Great Tusk|100/100
|move|p1a: Kingambit|Swords Dance|p1a: Kingambit
|-boost|p1a: Kingambit|atk|2
|
|upkeep
|turn|19
|
|t:|1769323031
|move|p1a: Kingambit|Sucker Punch|p2a: Great Tusk
|-resisted|p2a: Great Tusk
|-damage|p2a: Great Tusk|58/100
|move|p2a: Great Tusk|Headlong Rush|p1a: Kingambit
|-supereffective|p1a: Kingambit
|-damage|p1a: Kingambit|10/100
|-unboost|p2a: Great Tusk|def|1
|-unboost|p2a: Great Tusk|spd|1
|
|-heal|p1a: Kingambit|16/100|[from] item: Leftovers
|upkeep
|turn|20
|
|t:|1769323037
|move|p1a: Kingambit|Sucker Punch|p2a: Great Tusk
|-resisted|p2a: Great Tusk
|-damage|p2a: Great Tusk|0 fnt
|faint|p2a: Great Tusk
|-end|p2a: Great Tusk|Protosynthesis|[silent]
|
|-heal|p1a: Kingambit|22/100|[from] item: Leftovers
|upkeep
|
|t:|1769323039
|switch|p2a: Lokix|Lokix, M|76/100
|-damage|p2a: Lokix|51/100|[from] Stealth Rock
|turn|21
|
|t:|1769323042
|move|p2a: Lokix|First Impression|p1a: Kingambit
|-damage|p1a: Kingambit|0 fnt
|faint|p1a: Kingambit
|-end|p1a: Kingambit|fallen5|[silent]
|
|win|Ausar48
|raw|jc1231's rating: 1278 &rarr; <strong>1252</strong><br />(-26 for losing)
|raw|Ausar48's rating: 1271 &rarr; <strong>1297</strong><br />(+26 for winning)
|l|☆Ausar48
|player|p2|
|l|☆jc1231
|player|p1|
