|j|☆OUFR Test Alt 12
|j|☆gofiiito
|t:|1769384368
|gametype|singles
|player|p1|OUFR Test Alt 12|iono-masters2|1192
|player|p2|gofiiito|cynthia|1220
|gen|9
|tier|[Gen 9] OU
|rated|
|rule|HP Percentage Mod: HP is shown in percentages
|rule|Endless Battle Clause: Forcing endless battles is banned
|rule|Species Clause: Limit one of each Pokémon
|rule|OHKO Clause: OHKO moves are banned
|rule|Evasion Items Clause: Evasion items are banned
|rule|Evasion Moves Clause: Evasion moves are banned
|rule|Evasion Abilities Clause: Evasion abilities are banned
|rule|Sleep Moves Clause: Sleep-inducing moves are banned
|clearpoke
|poke|p1|Tinkaton, F|
|poke|p1|Ogerpon, F|
|poke|p1|Great Tusk|
|poke|p1|Pecharunt|
|poke|p1|Alomomola, M|
|poke|p1|Hydreigon, M|
|poke|p2|Blaziken, M|
|poke|p2|Garchomp, M|
|poke|p2|Iron Crown|
|poke|p2|Great Tusk|
|poke|p2|Raging Bolt|
|poke|p2|Iron Valiant|
|teampreview
|inactive|Battle timer is ON: inactive players will automatically lose when time's up. (requested by gofiiito)
|
|t:|1769384378
|teamsize|p1|6
|teamsize|p2|6
|start
|switch|p1a: Anonymous|Ogerpon, F|100/100
|switch|p2a: Blaziken|Blaziken, M, shiny|100/100
|turn|1
|
|t:|1769384384
|switch|p1a: Overseer|Pecharunt|100/100
|move|p2a: Blaziken|Protect||[still]
|-fail|p2a: Blaziken
|
|-ability|p2a: Blaziken|Speed Boost|boost
|-boost|p2a: Blaziken|spe|1
|upkeep
|turn|2
|
|t:|1769384389
|switch|p2a: Iron Crown|Iron Crown|100/100
|move|p1a: Overseer|Malignant Chain|p2a: Iron Crown
|-immune|p2a: Iron Crown
|
|upkeep
|turn|3
|
|t:|1769384395
|switch|p1a: Pisces|Alomomola, M, shiny|100/100
|move|p2a: Iron Crown|Tachyon Cutter|p1a: Pisces
|-resisted|p1a: Pisces
|-damage|p1a: Pisces|94/100
|-resisted|p1a: Pisces
|-damage|p1a: Pisces|88/100
|-hitcount|p1a: Pisces|2
|
|upkeep
|turn|4
|
|t:|1769384398
|move|p2a: Iron Crown|Volt Switch|p1a: Pisces
|-supereffective|p1a: Pisces
|-damage|p1a: Pisces|67/100
|
|t:|1769384405
|-end|p2a: Iron Crown|Quark Drive|[silent]
|switch|p2a: Raging Bolt|Raging Bolt|100/100|[from] Volt Switch
|move|p1a: Pisces|Flip Turn|p2a: Raging Bolt
|-resisted|p2a: Raging Bolt
|-crit|p2a: Raging Bolt
|-damage|p2a: Raging Bolt|91/100
|
|t:|1769384409
|switch|p1a: Behemoth|Great Tusk, shiny|100/100|[from] Flip Turn
|
|-heal|p2a: Raging Bolt|97/100|[from] item: Leftovers
|upkeep
|turn|5
|
|t:|1769384422
|-end|p2a: Raging Bolt|Protosynthesis|[silent]
|switch|p2a: Garchomp|Garchomp, M|100/100
|move|p1a: Behemoth|Headlong Rush|p2a: Garchomp
|-damage|p2a: Garchomp|64/100
|-unboost|p1a: Behemoth|def|1
|-unboost|p1a: Behemoth|spd|1
|-damage|p1a: Behemoth|88/100|[from] ability: Rough Skin|[of] p2a: Garchomp
|-damage|p1a: Behemoth|72/100|[from] item: Rocky Helmet|[of] p2a: Garchomp
|
|upkeep
|turn|6
|
|t:|1769384443
|-end|p1a: Behemoth|Protosynthesis|[silent]
|switch|p1a: Smile.exe|Tinkaton, F, shiny|100/100
|-item|p1a: Smile.exe|Air Balloon
|move|p2a: Garchomp|Stealth Rock|p1a: Smile.exe
|-sidestart|p1: OUFR Test Alt 12|move: Stealth Rock
|
|upkeep
|turn|7
|
|t:|1769384451
|switch|p2a: Great Tusk|Great Tusk|100/100
|move|p1a: Smile.exe|Stealth Rock|p2a: Great Tusk
|-sidestart|p2: gofiiito|move: Stealth Rock
|
|upkeep
|turn|8
|
|t:|1769384454
|switch|p1a: Pisces|Alomomola, M, shiny|99/100
|-damage|p1a: Pisces|88/100|[from] Stealth Rock
|move|p2a: Great Tusk|Rapid Spin|p1a: Pisces
|-damage|p1a: Pisces|74/100
|-boost|p2a: Great Tusk|spe|1
|-sideend|p2: gofiiito|Stealth Rock|[from] move: Rapid Spin|[of] p2a: Great Tusk
|
|upkeep
|turn|9
|
|t:|1769384463
|move|p2a: Great Tusk|Knock Off|p1a: Pisces
|-damage|p1a: Pisces|49/100
|-enditem|p1a: Pisces|Assault Vest|[from] move: Knock Off|[of] p2a: Great Tusk
|move|p1a: Pisces|Flip Turn|p2a: Great Tusk
|-supereffective|p2a: Great Tusk
|-damage|p2a: Great Tusk|76/100
|
|t:|1769384473
|switch|p1a: Anonymous|Ogerpon, F|100/100|[from] Flip Turn
|-damage|p1a: Anonymous|88/100|[from] Stealth Rock
|
|upkeep
|turn|10
|
|t:|1769384480
|move|p2a: Great Tusk|Ice Spinner|p1a: Anonymous
|-supereffective|p1a: Anonymous
|-damage|p1a: Anonymous|8/100
|move|p1a: Anonymous|Ivy Cudgel|p2a: Great Tusk
|-supereffective|p2a: Great Tusk
|-damage|p2a: Great Tusk|0 fnt
|faint|p2a: Great Tusk
|-end|p2a: Great Tusk|Protosynthesis|[silent]
|
|upkeep
|
|t:|1769384485
|switch|p2a: Blaziken|Blaziken, M, shiny|100/100
|turn|11
|
|t:|1769384488
|move|p1a: Anonymous|Ivy Cudgel|p2a: Blaziken
|-resisted|p2a: Blaziken
|-damage|p2a: Blaziken|47/100
|move|p2a: Blaziken|Swords Dance|p2a: Blaziken
|-boost|p2a: Blaziken|atk|2
|
|-ability|p2a: Blaziken|Speed Boost|boost
|-boost|p2a: Blaziken|spe|1
|upkeep
|turn|12
|
|t:|1769384495
|switch|p1a: Overseer|Pecharunt|100/100
|-damage|p1a: Overseer|88/100|[from] Stealth Rock
|move|p2a: Blaziken|Fire Punch|p1a: Overseer
|-damage|p1a: Overseer|47/100
|-damage|p2a: Blaziken|30/100|[from] item: Rocky Helmet|[of] p1a: Overseer
|
|-ability|p2a: Blaziken|Speed Boost|boost
|-boost|p2a: Blaziken|spe|1
|upkeep
|turn|13
|
|t:|1769384505
|-terastallize|p2a: Blaziken|Fire
|move|p2a: Blaziken|Fire Punch|p1a: Overseer
|-damage|p1a: Overseer|0 fnt
|-damage|p2a: Blaziken|13/100|[from] item: Rocky Helmet|[of] p1a: Overseer
|faint|p1a: Overseer
|
|-ability|p2a: Blaziken|Speed Boost|boost
|-boost|p2a: Blaziken|spe|1
|upkeep
|
|t:|1769384508
|switch|p1a: Pisces|Alomomola, M, shiny|82/100
|-damage|p1a: Pisces|69/100|[from] Stealth Rock
|turn|14
|
|t:|1769384513
|move|p1a: Pisces|Aqua Jet|p2a: Blaziken
|-supereffective|p2a: Blaziken
|-damage|p2a: Blaziken|0 fnt
|faint|p2a: Blaziken
|
|upkeep
|
|t:|1769384518
|switch|p2a: Garchomp|Garchomp, M|64/100
|turn|15
|
|t:|1769384525
|switch|p1a: Smile.exe|Tinkaton, F, shiny|100/100
|-damage|p1a: Smile.exe|94/100|[from] Stealth Rock
|-item|p1a: Smile.exe|Air Balloon
|move|p2a: Garchomp|Spikes|p1a: Smile.exe
|-sidestart|p1: OUFR Test Alt 12|Spikes
|
|upkeep
|turn|16
|
|t:|1769384530
|switch|p2a: Iron Crown|Iron Crown|100/100
|move|p1a: Smile.exe|Stealth Rock|p2a: Iron Crown
|-sidestart|p2: gofiiito|move: Stealth Rock
|
|upkeep
|turn|17
|
|t:|1769384536
|switch|p1a: Anonymous|Ogerpon, F|8/100
|-damage|p1a: Anonymous|0 fnt|[from] Stealth Rock
|faint|p1a: Anonymous
|move|p2a: Iron Crown|Volt Switch|p1: Anonymous|[notarget]
|-fail|p2a: Iron Crown
|
|upkeep
|
|t:|1769384538
|switch|p1a: Hybrid|Hydreigon, M, shiny|100/100
|-damage|p1a: Hybrid|88/100|[from] Stealth Rock
|turn|18
|
|t:|1769384542
|move|p1a: Hybrid|Earth Power|p2a: Iron Crown
|-supereffective|p2a: Iron Crown
|-damage|p2a: Iron Crown|42/100
|move|p2a: Iron Crown|Focus Blast|p1a: Hybrid
|-supereffective|p1a: Hybrid
|-damage|p1a: Hybrid|0 fnt
|faint|p1a: Hybrid
|
|upkeep
|
|t:|1769384547
|switch|p1a: Pisces|Alomomola, M, shiny|100/100
|-damage|p1a: Pisces|88/100|[from] Stealth Rock
|-damage|p1a: Pisces|76/100|[from] Spikes
|turn|19
|
|t:|1769384552
|move|p2a: Iron Crown|Volt Switch|p1a: Pisces
|-supereffective|p1a: Pisces
|-damage|p1a: Pisces|40/100
|
|t:|1769384558
|-end|p2a: Iron Crown|Quark Drive|[silent]
|switch|p2a: Iron Valiant|Iron Valiant|100/100|[from] Volt Switch
|-damage|p2a: Iron Valiant|94/100|[from] Stealth Rock
|move|p1a: Pisces|Mirror Coat|p2a: Iron Valiant
|-damage|p2a: Iron Valiant|0 fnt
|faint|p2a: Iron Valiant
|-end|p2a: Iron Valiant|Quark Drive|[silent]
|
|upkeep
|
|t:|1769384561
|switch|p2a: Raging Bolt|Raging Bolt|97/100
|-damage|p2a: Raging Bolt|84/100|[from] Stealth Rock
|turn|20
|
|t:|1769384574
|move|p2a: Raging Bolt|Thunderclap|p1a: Pisces
|-supereffective|p1a: Pisces
|-damage|p1a: Pisces|0 fnt
|faint|p1a: Pisces
|
|-heal|p2a: Raging Bolt|91/100|[from] item: Leftovers
|upkeep
|
|t:|1769384595
|switch|p1a: Smile.exe|Tinkaton, F, shiny|94/100
|-damage|p1a: Smile.exe|88/100|[from] Stealth Rock
|-item|p1a: Smile.exe|Air Balloon
|turn|21
|
|t:|1769384599
|move|p1a: Smile.exe|Encore|p2a: Raging Bolt
|-start|p2a: Raging Bolt|Encore
|move|p2a: Raging Bolt|Thunderclap||[still]
|-fail|p2a: Raging Bolt
|
|-heal|p2a: Raging Bolt|97/100|[from] item: Leftovers
|upkeep
|turn|22
|
|t:|1769384604
|-end|p2a: Raging Bolt|Protosynthesis|[silent]
|switch|p2a: Iron Crown|Iron Crown|42/100
|-damage|p2a: Iron Crown|36/100|[from] Stealth Rock
|move|p1a: Smile.exe|Gigaton Hammer|p2a: Iron Crown
|-resisted|p2a: Iron Crown
|-damage|p2a: Iron Crown|3/100
|
|upkeep
|turn|23
|
|t:|1769384618
|move|p2a: Iron Crown|Psychic Noise|p1a: Smile.exe
|-resisted|p1a: Smile.exe
|-damage|p1a: Smile.exe|67/100
|-start|p1a: Smile.exe|move: Heal Block
|-enditem|p1a: Smile.exe|Air Balloon
|move|p1a: Smile.exe|Ice Hammer|p2a: Iron Crown
|-resisted|p2a: Iron Crown
|-damage|p2a: Iron Crown|0 fnt
|-unboost|p1a: Smile.exe|spe|1
|faint|p2a: Iron Crown
|-end|p2a: Iron Crown|Quark Drive|[silent]
|
|upkeep
|
|t:|1769384622
|switch|p2a: Garchomp|Garchomp, M|64/100
|-damage|p2a: Garchomp|58/100|[from] Stealth Rock
|turn|24
|
|t:|1769384625
|move|p2a: Garchomp|Earthquake|p1a: Smile.exe
|-supereffective|p1a: Smile.exe
|-damage|p1a: Smile.exe|0 fnt
|faint|p1a: Smile.exe
|
|upkeep
|
|t:|1769384626
|switch|p1a: Behemoth|Great Tusk, shiny|72/100
|turn|25
|
|t:|1769384632
|move|p1a: Behemoth|Ice Spinner|p2a: Garchomp
|-supereffective|p2a: Garchomp
|-damage|p2a: Garchomp|0 fnt
|-damage|p1a: Behemoth|59/100|[from] ability: Rough Skin|[of] p2a: Garchomp
|-damage|p1a: Behemoth|43/100|[from] item: Rocky Helmet|[of] p2a: Garchomp
|faint|p2a: Garchomp
|
|upkeep
|
|t:|1769384634
|switch|p2a: Raging Bolt|Raging Bolt|97/100
|-damage|p2a: Raging Bolt|84/100|[from] Stealth Rock
|turn|26
|
|t:|1769384636
|move|p1a: Behemoth|Headlong Rush|p2a: Raging Bolt
|-supereffective|p2a: Raging Bolt
|-damage|p2a: Raging Bolt|0 fnt
|-unboost|p1a: Behemoth|def|1
|-unboost|p1a: Behemoth|spd|1
|faint|p2a: Raging Bolt
|-end|p2a: Raging Bolt|Protosynthesis|[silent]
|
|win|OUFR Test Alt 12
|raw|OUFR Test Alt 12's rating: 1192 &rarr; <strong>1219</strong><br />(+27 for winning)
|raw|gofiiito's rating: 1220 &rarr; <strong>1193</strong><br />(-27 for losing)
|l|☆OUFR Test Alt 12
|player|p1|
|l|☆gofiiito
|player|p2|
|j|☆OUFR Test Alt 12
|player|p1|OUFR Test Alt 12|iono-masters2|
