|j|☆Marvincito112
|j|☆bwchompfan
|t:|1769439674
|gametype|singles
|player|p1|Marvincito112|pilot|1027
|player|p2|bwchompfan|clair|1083
|gen|9
|tier|[Gen 9] OU
|rated|
|rule|HP Percentage Mod: HP is shown in percentages
|rule|Endless Battle Clause: Forcing endless battles is banned
|rule|Species Clause: Limit one of each Pokémon
|rule|OHKO Clause: OHKO moves are banned
|rule|Evasion Items Clause: Evasion items are banned
|rule|Evasion Moves Clause: Evasion moves are banned
|rule|Evasion Abilities Clause: Evasion abilities are banned
|rule|Sleep Moves Clause: Sleep-inducing moves are banned
|clearpoke
|poke|p1|Duraludon, M|
|poke|p1|Tyranitar, F|
|poke|p1|Hatterene, F|
|poke|p1|Zapdos|
|poke|p1|Pelipper, M|
|poke|p1|Dragapult, M|
|poke|p2|Ribombee, F|
|poke|p2|Garchomp, M|
|poke|p2|Gholdengo|
|poke|p2|Glimmora, M|
|poke|p2|Ogerpon-Wellspring, F|
|poke|p2|Moltres-Galar|
|teampreview
|
|t:|1769439679
|teamsize|p1|6
|teamsize|p2|6
|start
|switch|p1a: Pelipper|Pelipper, M|100/100
|switch|p2a: Ribombee|Ribombee, F|100/100
|-weather|RainDance|[from] ability: Drizzle|[of] p1a: Pelipper
|turn|1
|inactive|Battle timer is ON: inactive players will automatically lose when time's up. (requested by bwchompfan)
|
|t:|1769439698
|move|p2a: Ribombee|Moonblast|p1a: Pelipper
|-damage|p1a: Pelipper|46/100
|move|p1a: Pelipper|Knock Off|p2a: Ribombee
|-resisted|p2a: Ribombee
|-damage|p2a: Ribombee|89/100
|-enditem|p2a: Ribombee|Focus Sash|[from] move: Knock Off|[of] p1a: Pelipper
|
|-weather|RainDance|[upkeep]
|-heal|p1a: Pelipper|53/100|[from] item: Leftovers
|upkeep
|turn|2
|
|t:|1769439708
|switch|p1a: Duraludon|Duraludon, M|100/100
|move|p2a: Ribombee|Moonblast|p1a: Duraludon
|-damage|p1a: Duraludon|50/100
|
|-weather|RainDance|[upkeep]
|upkeep
|turn|3
|
|t:|1769439720
|move|p2a: Ribombee|Sticky Web|p1a: Duraludon
|-sidestart|p1: Marvincito112|move: Sticky Web
|move|p1a: Duraludon|Thunder|p2a: Ribombee
|-damage|p2a: Ribombee|23/100
|
|-weather|RainDance|[upkeep]
|upkeep
|turn|4
|
|t:|1769439742
|switch|p1a: Hatterene|Hatterene, F, shiny|100/100
|-activate|p1a: Hatterene|move: Sticky Web
|-unboost|p1a: Hatterene|spe|1
|move|p2a: Ribombee|Moonblast|p1a: Hatterene
|-damage|p1a: Hatterene|55/100
|
|-weather|RainDance|[upkeep]
|upkeep
|turn|5
|
|t:|1769439755
|move|p2a: Ribombee|Moonblast|p1a: Hatterene
|-damage|p1a: Hatterene|11/100
|move|p1a: Hatterene|Psyshock|p2a: Ribombee
|-damage|p2a: Ribombee|0 fnt
|faint|p2a: Ribombee
|
|-weather|none
|upkeep
|
|t:|1769439761
|switch|p2a: Glimmora|Glimmora, M|100/100
|turn|6
|
|t:|1769439767
|switch|p1a: Pelipper|Pelipper, M|53/100
|-weather|RainDance|[from] ability: Drizzle|[of] p1a: Pelipper
|move|p2a: Glimmora|Power Gem|p1a: Pelipper
|-supereffective|p1a: Pelipper
|-damage|p1a: Pelipper|0 fnt
|faint|p1a: Pelipper
|
|-weather|RainDance|[upkeep]
|upkeep
|
|t:|1769439778
|switch|p1a: Duraludon|Duraludon, M|50/100
|-activate|p1a: Duraludon|move: Sticky Web
|-unboost|p1a: Duraludon|spe|1
|turn|7
|
|t:|1769439785
|move|p2a: Glimmora|Earth Power|p1a: Duraludon
|-supereffective|p1a: Duraludon
|-damage|p1a: Duraludon|0 fnt
|faint|p1a: Duraludon
|
|-weather|RainDance|[upkeep]
|upkeep
|
|t:|1769439794
|switch|p1a: Tyranitar|Tyranitar, F|100/100
|-ability|p1a: Tyranitar|Unnerve
|turn|8
|
|t:|1769439802
|move|p2a: Glimmora|Meteor Beam||[still]
|-prepare|p2a: Glimmora|Meteor Beam
|-boost|p2a: Glimmora|spa|1
|-enditem|p2a: Glimmora|Power Herb
|-anim|p2a: Glimmora|Meteor Beam|p1a: Tyranitar|[miss]
|-miss|p2a: Glimmora|p1a: Tyranitar
|move|p1a: Tyranitar|Flamethrower|p2a: Glimmora
|-resisted|p2a: Glimmora
|-damage|p2a: Glimmora|95/100
|
|-weather|RainDance|[upkeep]
|upkeep
|turn|9
|
|t:|1769439815
|move|p2a: Glimmora|Earth Power|p1a: Tyranitar
|-supereffective|p1a: Tyranitar
|-damage|p1a: Tyranitar|17/100
|move|p1a: Tyranitar|Brick Break|p2a: Glimmora
|-damage|p2a: Glimmora|57/100
|-activate|p2a: Glimmora|ability: Toxic Debris
|-sidestart|p1: Marvincito112|move: Toxic Spikes
|
|-weather|RainDance|[upkeep]
|upkeep
|turn|10
|
|t:|1769439834
|move|p2a: Glimmora|Power Gem|p1a: Tyranitar
|-damage|p1a: Tyranitar|0 fnt
|faint|p1a: Tyranitar
|
|-weather|none
|upkeep
|
|t:|1769439843
|switch|p1a: Dragapult|Dragapult, M, shiny|100/100
|-activate|p1a: Dragapult|move: Sticky Web
|-unboost|p1a: Dragapult|spe|1
|-status|p1a: Dragapult|psn
|turn|11
|
|t:|1769439863
|move|p2a: Glimmora|Power Gem|p1a: Dragapult
|-damage|p1a: Dragapult|19/100 psn
|move|p1a: Dragapult|Dragon Darts|p2a: Glimmora
|-damage|p2a: Glimmora|23/100
|-activate|p2a: Glimmora|ability: Toxic Debris
|-sidestart|p1: Marvincito112|move: Toxic Spikes
|-anim|p1a: Dragapult|Dragon Darts|p2a: Glimmora
|-damage|p2a: Glimmora|0 fnt
|faint|p2a: Glimmora
|
|-damage|p1a: Dragapult|7/100 psn|[from] psn
|upkeep
|
|t:|1769439876
|switch|p2a: Garchomp|Garchomp, M|100/100
|turn|12
|
|t:|1769439880
|move|p2a: Garchomp|Earthquake|p1a: Dragapult
|-damage|p1a: Dragapult|0 fnt
|faint|p1a: Dragapult
|
|upkeep
|
|t:|1769439887
|switch|p1a: Hatterene|Hatterene, F, shiny|11/100
|-activate|p1a: Hatterene|move: Sticky Web
|-unboost|p1a: Hatterene|spe|1
|-status|p1a: Hatterene|tox
|turn|13
|
|t:|1769439906
|move|p2a: Garchomp|Earthquake|p1a: Hatterene
|-damage|p1a: Hatterene|0 fnt
|faint|p1a: Hatterene
|
|upkeep
|
|t:|1769439912
|switch|p1a: Zapdos|Zapdos|100/100
|turn|14
|
|t:|1769439921
|move|p2a: Garchomp|Swords Dance|p2a: Garchomp
|-boost|p2a: Garchomp|atk|2
|move|p1a: Zapdos|Ancient Power|p2a: Garchomp
|-resisted|p2a: Garchomp
|-damage|p2a: Garchomp|88/100
|
|upkeep
|turn|15
|
|t:|1769439932
|move|p2a: Garchomp|Scale Shot|p1a: Zapdos
|-damage|p1a: Zapdos|75/100
|-damage|p1a: Zapdos|46/100
|-damage|p1a: Zapdos|18/100
|-damage|p1a: Zapdos|0 fnt
|faint|p1a: Zapdos
|-hitcount|p1: Zapdos|4
|
|win|bwchompfan
|raw|Marvincito112's rating: 1027 &rarr; <strong>1015</strong><br />(-12 for losing)
|raw|bwchompfan's rating: 1083 &rarr; <strong>1106</strong><br />(+23 for winning)
