|j|☆Lunablast
|j|☆Aaachonwang02
|t:|1769327109
|gametype|singles
|player|p1|Lunablast|2|1524
|player|p2|Aaachonwang02|marlon|1506
|gen|9
|tier|[Gen 9] OU
|rated|
|rule|HP Percentage Mod: HP is shown in percentages
|rule|Endless Battle Clause: Forcing endless battles is banned
|rule|Species Clause: Limit one of each Pokémon
|rule|OHKO Clause: OHKO moves are banned
|rule|Evasion Items Clause: Evasion items are banned
|rule|Evasion Moves Clause: Evasion moves are banned
|rule|Evasion Abilities Clause: Evasion abilities are banned
|rule|Sleep Moves Clause: Sleep-inducing moves are banned
|clearpoke
|poke|p1|Ribombee, F|
|poke|p1|Gholdengo|
|poke|p1|Glimmora, M|
|poke|p1|Enamorus, F|
|poke|p1|Iron Hands|
|poke|p1|Iron Moth|
|poke|p2|Ursaluna, F|
|poke|p2|Cresselia, F|
|poke|p2|Enamorus-Therian, F|
|poke|p2|Hatterene, F|
|poke|p2|Hoopa-Unbound|
|poke|p2|Tauros-Paldea-Blaze, M|
|teampreview
|inactive|Battle timer is ON: inactive players will automatically lose when time's up. (requested by Aaachonwang02)
|
|t:|1769327134
|teamsize|p1|6
|teamsize|p2|6
|start
|switch|p1a: Gholdengo|Gholdengo|100/100
|switch|p2a: 粉色大炮|Enamorus-Therian, F|100/100
|-item|p1a: Gholdengo|Air Balloon
|turn|1
|
|t:|1769327144
|switch|p2a: Hoopa|Hoopa-Unbound|100/100
|move|p1a: Gholdengo|Shadow Ball|p2a: Hoopa
|-damage|p2a: Hoopa|75/100
|-unboost|p2a: Hoopa|spd|1
|-enditem|p2a: Hoopa|Eject Pack
|
|t:|1769327153
|switch|p2a: Tauros|Tauros-Paldea-Blaze, M|100/100
|-ability|p2a: Tauros|Intimidate|boost
|-unboost|p1a: Gholdengo|atk|1
|
|upkeep
|turn|2
|
|t:|1769327172
|switch|p2a: Hoopa|Hoopa-Unbound|75/100
|switch|p1a: Iron Hands|Iron Hands|100/100
|-enditem|p1a: Iron Hands|Booster Energy
|-activate|p1a: Iron Hands|ability: Quark Drive|[fromitem]
|-start|p1a: Iron Hands|quarkdriveatk
|
|upkeep
|turn|3
|
|t:|1769327179
|move|p1a: Iron Hands|Supercell Slam|p2a: Hoopa
|-damage|p2a: Hoopa|0 fnt
|faint|p2a: Hoopa
|
|upkeep
|
|t:|1769327189
|switch|p2a: Hatterene|Hatterene, F|100/100
|turn|4
|
|t:|1769327193
|move|p1a: Iron Hands|Ice Punch|p2a: Hatterene
|-damage|p2a: Hatterene|68/100
|move|p2a: Hatterene|Trick Room|p2a: Hatterene
|-fieldstart|move: Trick Room|[of] p2a: Hatterene
|
|upkeep
|turn|5
|
|t:|1769327205
|move|p2a: Hatterene|Mystical Fire|p1a: Iron Hands
|-damage|p1a: Iron Hands|80/100
|-unboost|p1a: Iron Hands|spa|1
|move|p1a: Iron Hands|Swords Dance|p1a: Iron Hands
|-boost|p1a: Iron Hands|atk|2
|
|upkeep
|turn|6
|
|t:|1769327212
|move|p2a: Hatterene|Psychic|p1a: Iron Hands
|-supereffective|p1a: Iron Hands
|-damage|p1a: Iron Hands|5/100
|move|p1a: Iron Hands|Ice Punch|p2a: Hatterene
|-damage|p2a: Hatterene|6/100
|
|upkeep
|turn|7
|
|t:|1769327221
|move|p2a: Hatterene|Mystical Fire|p1a: Iron Hands
|-damage|p1a: Iron Hands|0 fnt
|faint|p1a: Iron Hands
|-end|p1a: Iron Hands|Quark Drive|[silent]
|
|upkeep
|
|t:|1769327228
|switch|p1a: Glimmora|Glimmora, M, shiny|100/100
|turn|8
|
|t:|1769327234
|move|p2a: Hatterene|Psychic|p1a: Glimmora
|-supereffective|p1a: Glimmora
|-damage|p1a: Glimmora|0 fnt
|faint|p1a: Glimmora
|
|-fieldend|move: Trick Room
|upkeep
|
|t:|1769327244
|switch|p1a: Iron Moth|Iron Moth, shiny|100/100
|-enditem|p1a: Iron Moth|Booster Energy
|-activate|p1a: Iron Moth|ability: Quark Drive|[fromitem]
|-start|p1a: Iron Moth|quarkdrivespa
|turn|9
|
|t:|1769327253
|move|p1a: Iron Moth|Fiery Dance|p2a: Hatterene
|-damage|p2a: Hatterene|0 fnt
|faint|p2a: Hatterene
|
|upkeep
|
|t:|1769327265
|switch|p2a: Ursaluna|Ursaluna, F|100/100
|turn|10
|
|t:|1769327276
|-terastallize|p2a: Ursaluna|Normal
|move|p1a: Iron Moth|Fiery Dance|p2a: Ursaluna
|-damage|p2a: Ursaluna|53/100
|move|p2a: Ursaluna|Fire Punch|p1a: Iron Moth
|-resisted|p1a: Iron Moth
|-damage|p1a: Iron Moth|76/100
|
|-status|p2a: Ursaluna|brn|[from] item: Flame Orb
|upkeep
|turn|11
|
|t:|1769327284
|move|p1a: Iron Moth|Sludge Wave|p2a: Ursaluna
|-damage|p2a: Ursaluna|0 fnt
|faint|p2a: Ursaluna
|
|upkeep
|
|t:|1769327290
|switch|p2a: Tauros|Tauros-Paldea-Blaze, M|100/100
|-ability|p2a: Tauros|Intimidate|boost
|-unboost|p1a: Iron Moth|atk|1
|turn|12
|
|t:|1769327305
|-terastallize|p1a: Iron Moth|Ground
|move|p1a: Iron Moth|Tera Blast|p2a: Tauros|[anim] Tera Blast Ground
|-supereffective|p2a: Tauros
|-damage|p2a: Tauros|0 fnt
|faint|p2a: Tauros
|
|upkeep
|
|t:|1769327315
|switch|p2a: Cresselia|Cresselia, F|100/100
|turn|13
|
|t:|1769327318
|move|p1a: Iron Moth|Fiery Dance|p2a: Cresselia
|-damage|p2a: Cresselia|61/100
|-boost|p1a: Iron Moth|spa|1
|move|p2a: Cresselia|Trick Room|p2a: Cresselia
|-fieldstart|move: Trick Room|[of] p2a: Cresselia
|
|upkeep
|turn|14
|
|t:|1769327323
|move|p2a: Cresselia|Ice Beam|p1a: Iron Moth
|-supereffective|p1a: Iron Moth
|-damage|p1a: Iron Moth|42/100
|move|p1a: Iron Moth|Sludge Wave|p2a: Cresselia
|-damage|p2a: Cresselia|0 fnt
|faint|p2a: Cresselia
|
|upkeep
|
|t:|1769327330
|switch|p2a: 粉色大炮|Enamorus-Therian, F|100/100
|turn|15
|
|t:|1769327338
|move|p2a: 粉色大炮|Moonblast|p1a: Iron Moth
|-damage|p1a: Iron Moth|0 fnt
|faint|p1a: Iron Moth
|-end|p1a: Iron Moth|Quark Drive|[silent]
|
|upkeep
|
|t:|1769327350
|switch|p1a: Ribombee|Ribombee, F, shiny|100/100
|turn|16
|c|☆Lunablast|Gg
|
|t:|1769327361
|move|p2a: 粉色大炮|Moonblast|p1a: Ribombee
|-enditem|p1a: Ribombee|Focus Sash
|-damage|p1a: Ribombee|1/100
|move|p1a: Ribombee|Moonblast|p2a: 粉色大炮
|-damage|p2a: 粉色大炮|60/100
|
|upkeep
|turn|17
|c|☆Lunablast|才发现是国人
|
|t:|1769327369
|move|p2a: 粉色大炮|Moonblast|p1a: Ribombee
|-damage|p1a: Ribombee|0 fnt
|faint|p1a: Ribombee
|
|-fieldend|move: Trick Room
|upkeep
|
|t:|1769327371
|switch|p1a: Enamorus|Enamorus, F|100/100
|turn|18
|
|t:|1769327375
|move|p1a: Enamorus|Moonblast|p2a: 粉色大炮
|-damage|p2a: 粉色大炮|0 fnt
|faint|p2a: 粉色大炮
|
|win|Lunablast
|raw|Lunablast's rating: 1524 &rarr; <strong>1543</strong><br />(+19 for winning)
|raw|Aaachonwang02's rating: 1506 &rarr; <strong>1487</strong><br />(-19 for losing)
|l|☆Aaachonwang02
|player|p2|
|l|☆Lunablast
|player|p1|
