|badge|p1|bronze|gen9uu|100-8
|uhtml|medal-msg|<div class="broadcast-blue">Curious what those medals under the avatar are? PS now has Ladder Seasons! For more information, check out the <a href="https://www.smogon.com/forums/threads/3740067/">thread on Smogon.</a></div>
|badge|p2|silver|gen9ou|30-8
|uhtml|medal-msg|<div class="broadcast-blue">Curious what those medals under the avatar are? PS now has Ladder Seasons! For more information, check out the <a href="https://www.smogon.com/forums/threads/3740067/">thread on Smogon.</a></div>
|j|☆damorush
|j|☆Slakinglover64
|t:|1769418115
|gametype|singles
|player|p1|damorush|169|1679
|player|p2|Slakinglover64|wattson|1908
|gen|9
|tier|[Gen 9] OU
|rated|
|rule|HP Percentage Mod: HP is shown in percentages
|rule|Endless Battle Clause: Forcing endless battles is banned
|rule|Species Clause: Limit one of each Pokémon
|rule|OHKO Clause: OHKO moves are banned
|rule|Evasion Items Clause: Evasion items are banned
|rule|Evasion Moves Clause: Evasion moves are banned
|rule|Evasion Abilities Clause: Evasion abilities are banned
|rule|Sleep Moves Clause: Sleep-inducing moves are banned
|clearpoke
|poke|p1|Glimmora, M|
|poke|p1|Iron Valiant|
|poke|p1|Dragonite, M|
|poke|p1|Gholdengo|
|poke|p1|Kyurem|
|poke|p1|Kingambit, M|
|poke|p2|Ogerpon, F|
|poke|p2|Dragapult, M|
|poke|p2|Zapdos|
|poke|p2|Great Tusk|
|poke|p2|Kingambit, M|
|poke|p2|Cinderace, M|
|teampreview
|
|t:|1769418128
|teamsize|p1|6
|teamsize|p2|6
|start
|switch|p1a: Glimmora|Glimmora, M|100/100
|switch|p2a: Dragapult|Dragapult, M|100/100
|turn|1
|inactive|Battle timer is ON: inactive players will automatically lose when time's up. (requested by Slakinglover64)
|
|t:|1769418172
|move|p2a: Dragapult|Shadow Ball|p1a: Glimmora
|-damage|p1a: Glimmora|29/100
|move|p1a: Glimmora|Stealth Rock|p2a: Dragapult
|-sidestart|p2: Slakinglover64|move: Stealth Rock
|
|upkeep
|turn|2
|
|t:|1769418174
|move|p2a: Dragapult|Shadow Ball|p1a: Glimmora
|-damage|p1a: Glimmora|0 fnt
|faint|p1a: Glimmora
|
|upkeep
|
|t:|1769418179
|switch|p1a: Iron Valiant|Iron Valiant|100/100
|-enditem|p1a: Iron Valiant|Booster Energy
|-activate|p1a: Iron Valiant|ability: Quark Drive|[fromitem]
|-start|p1a: Iron Valiant|quarkdrivespe
|turn|3
|j| pirouo
|
|t:|1769418201
|switch|p2a: Cinderace|Cinderace, M|100/100
|move|p1a: Iron Valiant|Calm Mind|p1a: Iron Valiant
|-boost|p1a: Iron Valiant|spa|1
|-boost|p1a: Iron Valiant|spd|1
|
|upkeep
|turn|4
|inactive|damorush has 120 seconds left.
|l| pirouo
|
|t:|1769418237
|-terastallize|p1a: Iron Valiant|Ghost
|move|p1a: Iron Valiant|Shadow Ball|p2a: Cinderace
|-crit|p2a: Cinderace
|-damage|p2a: Cinderace|0 fnt
|faint|p2a: Cinderace
|
|upkeep
|j| pirouo
|inactive|Slakinglover64 has 120 seconds left.
|
|t:|1769418273
|switch|p2a: Kingambit|Kingambit, M|100/100
|-damage|p2a: Kingambit|94/100|[from] Stealth Rock
|-activate|p2a: Kingambit|ability: Supreme Overlord
|-start|p2a: Kingambit|fallen1|[silent]
|turn|5
|l| pirouo
|
|t:|1769418276
|-terastallize|p2a: Kingambit|Ghost
|move|p1a: Iron Valiant|Vacuum Wave|p2a: Kingambit
|-immune|p2a: Kingambit
|move|p2a: Kingambit|Kowtow Cleave|p1a: Iron Valiant
|-supereffective|p1a: Iron Valiant
|-damage|p1a: Iron Valiant|0 fnt
|faint|p1a: Iron Valiant
|-end|p1a: Iron Valiant|Quark Drive|[silent]
|
|-heal|p2a: Kingambit|100/100|[from] item: Leftovers
|upkeep
|
|t:|1769418282
|switch|p1a: Kingambit|Kingambit, M|100/100
|-activate|p1a: Kingambit|ability: Supreme Overlord
|-start|p1a: Kingambit|fallen2|[silent]
|turn|6
|
|t:|1769418291
|-end|p2a: Kingambit|fallen1|[silent]
|switch|p2a: Great Tusk|Great Tusk|100/100
|-damage|p2a: Great Tusk|98/100|[from] Stealth Rock
|-enditem|p2a: Great Tusk|Booster Energy
|-activate|p2a: Great Tusk|ability: Protosynthesis|[fromitem]
|-start|p2a: Great Tusk|protosynthesisatk
|move|p1a: Kingambit|Iron Head|p2a: Great Tusk
|-damage|p2a: Great Tusk|55/100
|
|upkeep
|turn|7
|
|t:|1769418299
|-end|p1a: Kingambit|fallen2|[silent]
|switch|p1a: Gholdengo|Gholdengo|100/100
|-item|p1a: Gholdengo|Air Balloon
|move|p2a: Great Tusk|Stealth Rock|p1a: Gholdengo
|-sidestart|p1: damorush|move: Stealth Rock
|
|upkeep
|turn|8
|
|t:|1769418306
|-end|p2a: Great Tusk|Protosynthesis|[silent]
|switch|p2a: Ogerpon|Ogerpon, F|100/100
|-damage|p2a: Ogerpon|88/100|[from] Stealth Rock
|move|p1a: Gholdengo|Shadow Ball|p2a: Ogerpon
|-damage|p2a: Ogerpon|37/100
|
|upkeep
|turn|9
|
|t:|1769418309
|move|p2a: Ogerpon|Knock Off|p1a: Gholdengo
|-supereffective|p1a: Gholdengo
|-crit|p1a: Gholdengo
|-damage|p1a: Gholdengo|0 fnt
|-enditem|p1a: Gholdengo|Air Balloon
|faint|p1a: Gholdengo
|
|upkeep
|
|t:|1769418313
|switch|p1a: Dragonite|Dragonite, M|100/100
|turn|10
|
|t:|1769418322
|move|p2a: Ogerpon|Knock Off|p1a: Dragonite
|-damage|p1a: Dragonite|72/100
|-enditem|p1a: Dragonite|Heavy-Duty Boots|[from] move: Knock Off|[of] p2a: Ogerpon
|move|p1a: Dragonite|Dragon Dance|p1a: Dragonite
|-boost|p1a: Dragonite|atk|1
|-boost|p1a: Dragonite|spe|1
|
|upkeep
|turn|11
|
|t:|1769418332
|switch|p2a: Zapdos|Zapdos|100/100
|move|p1a: Dragonite|Extreme Speed|p2a: Zapdos
|-damage|p2a: Zapdos|40/100
|
|upkeep
|turn|12
|
|t:|1769418335
|switch|p2a: Kingambit|Kingambit, M, tera:Ghost|100/100
|-damage|p2a: Kingambit|88/100|[from] Stealth Rock
|-activate|p2a: Kingambit|ability: Supreme Overlord
|-start|p2a: Kingambit|fallen1|[silent]
|move|p1a: Dragonite|Extreme Speed|p2a: Kingambit
|-immune|p2a: Kingambit
|
|-heal|p2a: Kingambit|94/100|[from] item: Leftovers
|upkeep
|turn|13
|
|t:|1769418339
|move|p1a: Dragonite|Earthquake|p2a: Kingambit
|-damage|p2a: Kingambit|46/100
|move|p2a: Kingambit|Kowtow Cleave|p1a: Dragonite
|-damage|p1a: Dragonite|14/100
|
|-heal|p2a: Kingambit|53/100|[from] item: Leftovers
|upkeep
|turn|14
|
|t:|1769418345
|move|p1a: Dragonite|Dragon Dance|p1a: Dragonite
|-boost|p1a: Dragonite|atk|1
|-boost|p1a: Dragonite|spe|1
|move|p2a: Kingambit|Kowtow Cleave|p1a: Dragonite
|-damage|p1a: Dragonite|0 fnt
|faint|p1a: Dragonite
|
|-heal|p2a: Kingambit|59/100|[from] item: Leftovers
|upkeep
|
|t:|1769418347
|switch|p1a: Kingambit|Kingambit, M|100/100
|-damage|p1a: Kingambit|94/100|[from] Stealth Rock
|-activate|p1a: Kingambit|ability: Supreme Overlord
|-start|p1a: Kingambit|fallen4|[silent]
|turn|15
|
|t:|1769418353
|-end|p2a: Kingambit|fallen1|[silent]
|switch|p2a: Zapdos|Zapdos|40/100
|move|p1a: Kingambit|Kowtow Cleave|p2a: Zapdos
|-damage|p2a: Zapdos|0 fnt
|-status|p1a: Kingambit|par|[from] ability: Static|[of] p2a: Zapdos
|faint|p2a: Zapdos
|
|-heal|p1a: Kingambit|100/100 par|[from] item: Leftovers
|upkeep
|
|t:|1769418357
|switch|p2a: Great Tusk|Great Tusk|55/100
|-damage|p2a: Great Tusk|52/100|[from] Stealth Rock
|turn|16
|
|t:|1769418364
|move|p2a: Great Tusk|Close Combat|p1a: Kingambit
|-supereffective|p1a: Kingambit
|-damage|p1a: Kingambit|0 fnt
|-unboost|p2a: Great Tusk|def|1
|-unboost|p2a: Great Tusk|spd|1
|faint|p1a: Kingambit
|-end|p1a: Kingambit|fallen4|[silent]
|
|upkeep
|
|t:|1769418367
|switch|p1a: Kyurem|Kyurem|100/100
|-damage|p1a: Kyurem|76/100|[from] Stealth Rock
|-ability|p1a: Kyurem|Pressure
|turn|17
|
|t:|1769418371
|move|p1a: Kyurem|Dragon Dance|p1a: Kyurem
|-boost|p1a: Kyurem|atk|1
|-boost|p1a: Kyurem|spe|1
|move|p2a: Great Tusk|Close Combat|p1a: Kyurem
|-supereffective|p1a: Kyurem
|-damage|p1a: Kyurem|0 fnt
|-unboost|p2a: Great Tusk|def|1
|-unboost|p2a: Great Tusk|spd|1
|faint|p1a: Kyurem
|
|win|Slakinglover64
|raw|damorush's rating: 1716 &rarr; <strong>1706</strong><br />(-10 for losing)
|raw|Slakinglover64's rating: 1908 &rarr; <strong>1918</strong><br />(+10 for winning)
|l|☆damorush
|player|p1|
|l|☆Slakinglover64
|player|p2|
