|j|☆daascdson
|j|☆SlimeyT9
|t:|1769366731
|gametype|singles
|player|p1|daascdson|picnicker|1276
|player|p2|SlimeyT9|shadowtriad|1233
|gen|9
|tier|[Gen 9] OU
|rated|
|rule|HP Percentage Mod: HP is shown in percentages
|rule|Endless Battle Clause: Forcing endless battles is banned
|rule|Species Clause: Limit one of each Pokémon
|rule|OHKO Clause: OHKO moves are banned
|rule|Evasion Items Clause: Evasion items are banned
|rule|Evasion Moves Clause: Evasion moves are banned
|rule|Evasion Abilities Clause: Evasion abilities are banned
|rule|Sleep Moves Clause: Sleep-inducing moves are banned
|clearpoke
|poke|p1|Latios, M|
|poke|p1|Ogerpon-Wellspring, F|
|poke|p1|Pecharunt|
|poke|p1|Corviknight, M|
|poke|p1|Ting-Lu|
|poke|p1|Zamazenta-*|
|poke|p2|Glimmora, F|
|poke|p2|Garganacl, M|
|poke|p2|Ceruledge, M|
|poke|p2|Samurott-Hisui, M|
|poke|p2|Brambleghast, F|
|poke|p2|Scream Tail|
|teampreview
|inactive|Battle timer is ON: inactive players will automatically lose when time's up. (requested by daascdson)
|
|t:|1769366748
|teamsize|p1|6
|teamsize|p2|6
|start
|switch|p1a: Latios|Latios, M|100/100
|switch|p2a: Saltwater|Samurott-Hisui, M, shiny|100/100
|turn|1
|
|t:|1769366762
|move|p2a: Saltwater|Ceaseless Edge|p1a: Latios
|-supereffective|p1a: Latios
|-crit|p1a: Latios
|-damage|p1a: Latios|0 fnt
|-sidestart|p1: daascdson|Spikes
|faint|p1a: Latios
|
|upkeep
|
|t:|1769366765
|switch|p1a: Zamazenta|Zamazenta|100/100
|-damage|p1a: Zamazenta|88/100|[from] Spikes
|-ability|p1a: Zamazenta|Dauntless Shield|boost
|-boost|p1a: Zamazenta|def|1
|turn|2
|
|t:|1769366773
|switch|p2a: Brambles!?|Brambleghast, F, shiny|100/100
|move|p1a: Zamazenta|Heavy Slam|p2a: Brambles!?
|-damage|p2a: Brambles!?|0 fnt
|faint|p2a: Brambles!?
|
|upkeep
|
|t:|1769366780
|switch|p2a: Flur|Glimmora, F, shiny|100/100
|turn|3
|
|t:|1769366786
|move|p1a: Zamazenta|Heavy Slam|p2a: Flur
|-supereffective|p2a: Flur
|-enditem|p2a: Flur|Focus Sash
|-damage|p2a: Flur|1/100
|-activate|p2a: Flur|ability: Toxic Debris
|-sidestart|p1: daascdson|move: Toxic Spikes
|move|p2a: Flur|Mortal Spin|p1a: Zamazenta
|-damage|p1a: Zamazenta|84/100
|-status|p1a: Zamazenta|psn
|
|-damage|p1a: Zamazenta|71/100 psn|[from] psn
|upkeep
|turn|4
|
|t:|1769366797
|move|p1a: Zamazenta|Heavy Slam|p2a: Flur
|-supereffective|p2a: Flur
|-damage|p2a: Flur|0 fnt
|-activate|p2a: Flur|ability: Toxic Debris
|-sidestart|p1: daascdson|move: Toxic Spikes
|faint|p2a: Flur
|
|-damage|p1a: Zamazenta|59/100 psn|[from] psn
|upkeep
|
|t:|1769366803
|switch|p2a: NU!?|Scream Tail, shiny|100/100
|turn|5
|
|t:|1769366808
|switch|p1a: Pecharunt|Pecharunt|100/100
|-sideend|p1: daascdson|move: Toxic Spikes|[of] p1a: Pecharunt
|move|p2a: NU!?|Bulk Up|p2a: NU!?
|-boost|p2a: NU!?|atk|1
|-boost|p2a: NU!?|def|1
|
|upkeep
|turn|6
|
|t:|1769366815
|move|p2a: NU!?|Bulk Up|p2a: NU!?
|-boost|p2a: NU!?|atk|1
|-boost|p2a: NU!?|def|1
|move|p1a: Pecharunt|Malignant Chain|p2a: NU!?
|-supereffective|p2a: NU!?
|-crit|p2a: NU!?
|-damage|p2a: NU!?|45/100
|
|-heal|p2a: NU!?|51/100|[from] item: Leftovers
|upkeep
|turn|7
|
|t:|1769366826
|move|p2a: NU!?|Psychic Fangs|p1a: Pecharunt
|-supereffective|p1a: Pecharunt
|-damage|p1a: Pecharunt|54/100
|move|p1a: Pecharunt|Malignant Chain|p2a: NU!?
|-supereffective|p2a: NU!?
|-damage|p2a: NU!?|14/100
|
|-heal|p2a: NU!?|20/100|[from] item: Leftovers
|upkeep
|turn|8
|
|t:|1769366833
|move|p2a: NU!?|Psychic Fangs|p1a: Pecharunt
|-supereffective|p1a: Pecharunt
|-damage|p1a: Pecharunt|7/100
|move|p1a: Pecharunt|Recover|p1a: Pecharunt
|-heal|p1a: Pecharunt|57/100
|
|-heal|p2a: NU!?|27/100|[from] item: Leftovers
|upkeep
|turn|9
|
|t:|1769366840
|move|p2a: NU!?|Psychic Fangs|p1a: Pecharunt
|-supereffective|p1a: Pecharunt
|-damage|p1a: Pecharunt|3/100
|move|p1a: Pecharunt|Malignant Chain|p2a: NU!?
|-supereffective|p2a: NU!?
|-damage|p2a: NU!?|0 fnt
|faint|p2a: NU!?
|-end|p2a: NU!?|Protosynthesis|[silent]
|
|upkeep
|
|t:|1769366848
|switch|p2a: Saltwater|Samurott-Hisui, M, shiny|100/100
|turn|10
|
|t:|1769366855
|move|p2a: Saltwater|Flip Turn|p1a: Pecharunt
|-damage|p1a: Pecharunt|0 fnt
|faint|p1a: Pecharunt
|
|t:|1769366861
|switch|p2a: Anthong|Ceruledge, M|100/100|[from] Flip Turn
|
|upkeep
|
|t:|1769366865
|switch|p1a: Ogerpon|Ogerpon-Wellspring, F|100/100
|-damage|p1a: Ogerpon|88/100|[from] Spikes
|turn|11
|
|t:|1769366869
|move|p1a: Ogerpon|Ivy Cudgel|p2a: Anthong|[anim] Ivy Cudgel Water
|-supereffective|p2a: Anthong
|-enditem|p2a: Anthong|Focus Sash
|-damage|p2a: Anthong|1/100
|-ability|p2a: Anthong|Weak Armor|boost
|-unboost|p2a: Anthong|def|1
|-boost|p2a: Anthong|spe|2
|move|p2a: Anthong|Swords Dance|p2a: Anthong
|-boost|p2a: Anthong|atk|2
|
|upkeep
|turn|12
|
|t:|1769366880
|move|p2a: Anthong|Bitter Blade|p1a: Ogerpon
|-crit|p1a: Ogerpon
|-damage|p1a: Ogerpon|0 fnt
|-heal|p2a: Anthong|52/100|[from] drain|[of] p1a: Ogerpon
|faint|p1a: Ogerpon
|
|upkeep
|
|t:|1769366885
|switch|p1a: Ting-Lu|Ting-Lu|100/100
|-damage|p1a: Ting-Lu|88/100|[from] Spikes
|-ability|p1a: Ting-Lu|Vessel of Ruin
|turn|13
|
|t:|1769366891
|move|p2a: Anthong|Bitter Blade|p1a: Ting-Lu
|-damage|p1a: Ting-Lu|34/100
|-heal|p2a: Anthong|100/100|[from] drain|[of] p1a: Ting-Lu
|move|p1a: Ting-Lu|Earthquake|p2a: Anthong
|-supereffective|p2a: Anthong
|-damage|p2a: Anthong|0 fnt
|faint|p2a: Anthong
|
|-heal|p1a: Ting-Lu|40/100|[from] item: Leftovers
|upkeep
|
|t:|1769366896
|switch|p2a: Saltwater|Samurott-Hisui, M, shiny|100/100
|turn|14
|
|t:|1769366901
|switch|p1a: Corviknight|Corviknight, M, shiny|100/100
|-ability|p1a: Corviknight|Pressure
|move|p2a: Saltwater|Aqua Cutter|p1a: Corviknight
|-damage|p1a: Corviknight|70/100
|
|upkeep
|turn|15
|
|t:|1769366905
|move|p2a: Saltwater|Aqua Cutter|p1a: Corviknight
|-damage|p1a: Corviknight|40/100
|move|p1a: Corviknight|U-turn|p2a: Saltwater
|-supereffective|p2a: Saltwater
|-damage|p2a: Saltwater|64/100
|
|t:|1769366908
|switch|p1a: Zamazenta|Zamazenta|59/100 psn|[from] U-turn
|-damage|p1a: Zamazenta|47/100 psn|[from] Spikes
|
|-damage|p1a: Zamazenta|34/100 psn|[from] psn
|upkeep
|turn|16
|
|t:|1769366911
|move|p2a: Saltwater|Aqua Cutter|p1a: Zamazenta
|-damage|p1a: Zamazenta|0 fnt
|faint|p1a: Zamazenta
|
|upkeep
|
|t:|1769366913
|switch|p1a: Corviknight|Corviknight, M, shiny|40/100
|-ability|p1a: Corviknight|Pressure
|turn|17
|
|t:|1769366918
|move|p2a: Saltwater|Aqua Cutter|p1a: Corviknight
|-damage|p1a: Corviknight|14/100
|move|p1a: Corviknight|Roost|p1a: Corviknight
|-heal|p1a: Corviknight|64/100
|-singleturn|p1a: Corviknight|move: Roost
|
|upkeep
|turn|18
|
|t:|1769366923
|move|p2a: Saltwater|Aqua Cutter|p1a: Corviknight
|-damage|p1a: Corviknight|36/100
|move|p1a: Corviknight|Roost|p1a: Corviknight
|-heal|p1a: Corviknight|86/100
|-singleturn|p1a: Corviknight|move: Roost
|
|upkeep
|turn|19
|
|t:|1769366930
|-terastallize|p1a: Corviknight|Dragon
|move|p2a: Saltwater|Aqua Cutter|p1a: Corviknight
|-resisted|p1a: Corviknight
|-damage|p1a: Corviknight|72/100
|move|p1a: Corviknight|U-turn|p2a: Saltwater
|-supereffective|p2a: Saltwater
|-damage|p2a: Saltwater|29/100
|
|t:|1769366933
|switch|p1a: Ting-Lu|Ting-Lu|40/100|[from] U-turn
|-damage|p1a: Ting-Lu|28/100|[from] Spikes
|-ability|p1a: Ting-Lu|Vessel of Ruin
|
|-heal|p1a: Ting-Lu|34/100|[from] item: Leftovers
|upkeep
|turn|20
|
|t:|1769366940
|switch|p1a: Corviknight|Corviknight, M, shiny, tera:Dragon|72/100
|-damage|p1a: Corviknight|60/100|[from] Spikes
|-ability|p1a: Corviknight|Pressure
|move|p2a: Saltwater|Aqua Cutter|p1a: Corviknight
|-resisted|p1a: Corviknight
|-damage|p1a: Corviknight|45/100
|
|upkeep
|turn|21
|
|t:|1769366948
|move|p2a: Saltwater|Aqua Cutter|p1a: Corviknight
|-resisted|p1a: Corviknight
|-damage|p1a: Corviknight|30/100
|move|p1a: Corviknight|Roost|p1a: Corviknight
|-heal|p1a: Corviknight|80/100
|
|upkeep
|turn|22
|
|t:|1769366952
|move|p2a: Saltwater|Aqua Cutter|p1a: Corviknight
|-resisted|p1a: Corviknight
|-damage|p1a: Corviknight|65/100
|move|p1a: Corviknight|U-turn|p2a: Saltwater
|-supereffective|p2a: Saltwater
|-damage|p2a: Saltwater|0 fnt
|faint|p2a: Saltwater
|
|t:|1769366955
|switch|p1a: Ting-Lu|Ting-Lu|34/100|[from] U-turn
|-damage|p1a: Ting-Lu|22/100|[from] Spikes
|-ability|p1a: Ting-Lu|Vessel of Ruin
|
|-heal|p1a: Ting-Lu|28/100|[from] item: Leftovers
|upkeep
|
|t:|1769366958
|switch|p2a: Onigiri|Garganacl, M|100/100
|turn|23
|
|t:|1769366972
|-terastallize|p2a: Onigiri|Ghost
|move|p1a: Ting-Lu|Rest|p1a: Ting-Lu
|-status|p1a: Ting-Lu|slp|[from] move: Rest
|-heal|p1a: Ting-Lu|100/100 slp|[silent]
|move|p2a: Onigiri|Iron Defense|p2a: Onigiri
|-boost|p2a: Onigiri|def|2
|
|upkeep
|turn|24
|
|t:|1769366983
|cant|p1a: Ting-Lu|slp
|move|p1a: Ting-Lu|Sleep Talk|p1a: Ting-Lu
|move|p1a: Ting-Lu|Earthquake|p2a: Onigiri|[from] move: Sleep Talk
|-damage|p2a: Onigiri|89/100
|move|p2a: Onigiri|Iron Defense|p2a: Onigiri
|-boost|p2a: Onigiri|def|2
|
|-heal|p2a: Onigiri|95/100|[from] item: Leftovers
|upkeep
|turn|25
|
|t:|1769366991
|cant|p1a: Ting-Lu|slp
|move|p1a: Ting-Lu|Sleep Talk|p1a: Ting-Lu
|move|p1a: Ting-Lu|Rest||[from] move: Sleep Talk|[still]
|-fail|p1a: Ting-Lu
|move|p2a: Onigiri|Iron Defense|p2a: Onigiri
|-boost|p2a: Onigiri|def|2
|
|-heal|p2a: Onigiri|100/100|[from] item: Leftovers
|upkeep
|turn|26
|
|t:|1769367000
|-curestatus|p1a: Ting-Lu|slp|[msg]
|move|p1a: Ting-Lu|Earthquake|p2a: Onigiri
|-damage|p2a: Onigiri|94/100
|move|p2a: Onigiri|Body Press|p1a: Ting-Lu
|-supereffective|p1a: Ting-Lu
|-damage|p1a: Ting-Lu|3/100
|
|-heal|p1a: Ting-Lu|9/100|[from] item: Leftovers
|-heal|p2a: Onigiri|99/100|[from] item: Leftovers
|upkeep
|turn|27
|
|t:|1769367008
|move|p1a: Ting-Lu|Rest|p1a: Ting-Lu
|-status|p1a: Ting-Lu|slp|[from] move: Rest
|-heal|p1a: Ting-Lu|100/100 slp|[silent]
|move|p2a: Onigiri|Salt Cure|p1a: Ting-Lu
|-resisted|p1a: Ting-Lu
|-damage|p1a: Ting-Lu|97/100 slp
|-start|p1a: Ting-Lu|Salt Cure
|
|-heal|p1a: Ting-Lu|100/100 slp|[from] item: Leftovers
|-heal|p2a: Onigiri|100/100|[from] item: Leftovers
|-damage|p1a: Ting-Lu|88/100 slp|[from] Salt Cure
|upkeep
|turn|28
|-message|daascdson forfeited.
|
|win|SlimeyT9
|raw|daascdson's rating: 1276 &rarr; <strong>1248</strong><br />(-28 for losing)
|raw|SlimeyT9's rating: 1233 &rarr; <strong>1261</strong><br />(+28 for winning)
|l|☆daascdson
|player|p1|
|l|☆SlimeyT9
|player|p2|
