|j|☆xerkalm
|j|☆Auburn Hills
|t:|1769355782
|gametype|singles
|player|p1|xerkalm|2|1705
|player|p2|Auburn Hills|alder|1744
|gen|9
|tier|[Gen 9] OU
|rated|
|rule|HP Percentage Mod: HP is shown in percentages
|rule|Endless Battle Clause: Forcing endless battles is banned
|rule|Species Clause: Limit one of each Pokémon
|rule|OHKO Clause: OHKO moves are banned
|rule|Evasion Items Clause: Evasion items are banned
|rule|Evasion Moves Clause: Evasion moves are banned
|rule|Evasion Abilities Clause: Evasion abilities are banned
|rule|Sleep Moves Clause: Sleep-inducing moves are banned
|clearpoke
|poke|p1|Comfey, F|
|poke|p1|Whimsicott, M|
|poke|p1|Iron Moth|
|poke|p1|Walking Wake|
|poke|p1|Great Tusk|
|poke|p1|Ninetales, F|
|poke|p2|Iron Moth|
|poke|p2|Umbreon, F|
|poke|p2|Garchomp, M|
|poke|p2|Glimmora, M|
|poke|p2|Gholdengo|
|poke|p2|Dragonite, F|
|teampreview
|inactive|Battle timer is ON: inactive players will automatically lose when time's up. (requested by xerkalm)
|
|t:|1769355796
|teamsize|p1|6
|teamsize|p2|6
|start
|switch|p1a: Ninetales|Ninetales, F|100/100
|switch|p2a: Alvvays|Umbreon, F|100/100
|-weather|SunnyDay|[from] ability: Drought|[of] p1a: Ninetales
|turn|1
|
|t:|1769355819
|switch|p1a: Iron Moth|Iron Moth|100/100
|-enditem|p1a: Iron Moth|Booster Energy
|-activate|p1a: Iron Moth|ability: Quark Drive|[fromitem]
|-start|p1a: Iron Moth|quarkdrivespa
|move|p2a: Alvvays|Thunder Wave|p1a: Iron Moth
|-status|p1a: Iron Moth|par
|
|-weather|SunnyDay|[upkeep]
|upkeep
|turn|2
|
|t:|1769355825
|cant|p1a: Iron Moth|par
|move|p2a: Alvvays|Foul Play|p1a: Iron Moth
|-damage|p1a: Iron Moth|72/100 par
|
|-weather|SunnyDay|[upkeep]
|upkeep
|turn|3
|
|t:|1769355830
|move|p2a: Alvvays|Protect|p2a: Alvvays
|-singleturn|p2a: Alvvays|Protect
|move|p1a: Iron Moth|Fiery Dance|p2a: Alvvays
|-activate|p2a: Alvvays|move: Protect
|
|-weather|SunnyDay|[upkeep]
|upkeep
|turn|4
|
|t:|1769355834
|switch|p2a: Elucid|Dragonite, F|100/100
|move|p1a: Iron Moth|Fiery Dance|p2a: Elucid
|-resisted|p2a: Elucid
|-damage|p2a: Elucid|77/100
|
|-weather|SunnyDay|[upkeep]
|upkeep
|turn|5
|
|t:|1769355839
|move|p2a: Elucid|Earthquake|p1a: Iron Moth
|-supereffective|p1a: Iron Moth
|-damage|p1a: Iron Moth|0 fnt
|faint|p1a: Iron Moth
|-end|p1a: Iron Moth|Quark Drive|[silent]
|
|-weather|SunnyDay|[upkeep]
|upkeep
|
|t:|1769355843
|switch|p1a: Whimsicott|Whimsicott, M|100/100
|turn|6
|
|t:|1769355849
|switch|p2a: Smino|Gholdengo|100/100
|move|p1a: Whimsicott|Growth|p1a: Whimsicott
|-boost|p1a: Whimsicott|atk|2
|-boost|p1a: Whimsicott|spa|2
|
|-weather|SunnyDay|[upkeep]
|upkeep
|turn|7
|
|t:|1769355854
|switch|p2a: Alvvays|Umbreon, F|100/100
|move|p1a: Whimsicott|Shadow Ball|p2a: Alvvays
|-resisted|p2a: Alvvays
|-damage|p2a: Alvvays|86/100
|-unboost|p2a: Alvvays|spd|1
|-damage|p1a: Whimsicott|91/100|[from] item: Life Orb
|
|-weather|SunnyDay|[upkeep]
|-heal|p2a: Alvvays|92/100|[from] item: Leftovers
|upkeep
|turn|8
|
|t:|1769355859
|move|p2a: Alvvays|Protect|p2a: Alvvays
|-singleturn|p2a: Alvvays|Protect
|move|p1a: Whimsicott|Moonblast|p2a: Alvvays
|-activate|p2a: Alvvays|move: Protect
|
|-weather|none
|-heal|p2a: Alvvays|98/100|[from] item: Leftovers
|upkeep
|turn|9
|
|t:|1769355862
|switch|p2a: Smino|Gholdengo|100/100
|move|p1a: Whimsicott|Moonblast|p2a: Smino
|-resisted|p2a: Smino
|-damage|p2a: Smino|42/100
|-unboost|p2a: Smino|spa|1
|-damage|p1a: Whimsicott|81/100|[from] item: Life Orb
|
|upkeep
|turn|10
|
|t:|1769355866
|move|p2a: Smino|Make It Rain|p1a: Whimsicott
|-supereffective|p1a: Whimsicott
|-damage|p1a: Whimsicott|0 fnt
|-unboost|p2a: Smino|spa|1
|faint|p1a: Whimsicott
|
|upkeep
|
|t:|1769355869
|switch|p1a: Ninetales|Ninetales, F|100/100
|-weather|SunnyDay|[from] ability: Drought|[of] p1a: Ninetales
|turn|11
|
|t:|1769355878
|switch|p2a: Alvvays|Umbreon, F|98/100
|move|p1a: Ninetales|Weather Ball|p2a: Alvvays
|-damage|p2a: Alvvays|74/100
|
|-weather|SunnyDay|[upkeep]
|-heal|p2a: Alvvays|80/100|[from] item: Leftovers
|upkeep
|turn|12
|
|t:|1769355884
|move|p1a: Ninetales|Will-O-Wisp|p2a: Alvvays
|-status|p2a: Alvvays|brn
|move|p2a: Alvvays|Foul Play|p1a: Ninetales
|-damage|p1a: Ninetales|88/100
|
|-weather|SunnyDay|[upkeep]
|-heal|p2a: Alvvays|86/100 brn|[from] item: Leftovers
|-damage|p2a: Alvvays|80/100 brn|[from] brn
|upkeep
|turn|13
|
|t:|1769355890
|switch|p1a: Great Tusk|Great Tusk|100/100
|-activate|p1a: Great Tusk|ability: Protosynthesis
|-start|p1a: Great Tusk|protosynthesisspe
|move|p2a: Alvvays|Wish|p2a: Alvvays
|
|-weather|SunnyDay|[upkeep]
|-heal|p2a: Alvvays|86/100 brn|[from] item: Leftovers
|-damage|p2a: Alvvays|80/100 brn|[from] brn
|upkeep
|turn|14
|
|t:|1769355894
|switch|p2a: Smino|Gholdengo|42/100
|move|p1a: Great Tusk|Stealth Rock|p2a: Smino
|-sidestart|p2: Auburn Hills|move: Stealth Rock
|
|-weather|SunnyDay|[upkeep]
|-heal|p2a: Smino|100/100|[from] move: Wish|[wisher] Alvvays
|upkeep
|turn|15
|
|t:|1769355899
|-terastallize|p2a: Smino|Flying
|move|p1a: Great Tusk|Headlong Rush|p2a: Smino
|-immune|p2a: Smino
|move|p2a: Smino|Make It Rain|p1a: Great Tusk
|-damage|p1a: Great Tusk|22/100
|-unboost|p2a: Smino|spa|1
|
|-weather|SunnyDay|[upkeep]
|upkeep
|turn|16
|
|t:|1769355905
|switch|p2a: Julia Jacklin|Glimmora, M|100/100
|-damage|p2a: Julia Jacklin|88/100|[from] Stealth Rock
|move|p1a: Great Tusk|Ice Spinner|p2a: Julia Jacklin
|-damage|p2a: Julia Jacklin|60/100
|-activate|p2a: Julia Jacklin|ability: Toxic Debris
|-sidestart|p1: xerkalm|move: Toxic Spikes
|
|-weather|SunnyDay|[upkeep]
|upkeep
|turn|17
|
|t:|1769355908
|move|p1a: Great Tusk|Rapid Spin|p2a: Julia Jacklin
|-resisted|p2a: Julia Jacklin
|-damage|p2a: Julia Jacklin|50/100
|-boost|p1a: Great Tusk|spe|1
|-activate|p2a: Julia Jacklin|ability: Toxic Debris
|-sidestart|p1: xerkalm|move: Toxic Spikes
|-sideend|p1: xerkalm|Toxic Spikes|[from] move: Rapid Spin|[of] p1a: Great Tusk
|move|p2a: Julia Jacklin|Mortal Spin|p1a: Great Tusk
|-resisted|p1a: Great Tusk
|-damage|p1a: Great Tusk|20/100
|-status|p1a: Great Tusk|psn
|-damage|p2a: Julia Jacklin|34/100|[from] item: Rocky Helmet|[of] p1a: Great Tusk
|-sideend|p2: Auburn Hills|Stealth Rock|[from] move: Mortal Spin|[of] p2a: Julia Jacklin
|
|-weather|SunnyDay|[upkeep]
|-damage|p1a: Great Tusk|8/100 psn|[from] psn
|upkeep
|turn|18
|
|t:|1769355915
|switch|p2a: Elucid|Dragonite, F|77/100
|move|p1a: Great Tusk|Stealth Rock|p2a: Elucid
|-sidestart|p2: Auburn Hills|move: Stealth Rock
|
|-weather|none
|-end|p1a: Great Tusk|Protosynthesis
|-damage|p1a: Great Tusk|0 fnt|[from] psn
|faint|p1a: Great Tusk
|-end|p1a: Great Tusk|Protosynthesis|[silent]
|upkeep
|
|t:|1769355918
|switch|p1a: Ninetales|Ninetales, F|88/100
|-weather|SunnyDay|[from] ability: Drought|[of] p1a: Ninetales
|turn|19
|
|t:|1769355923
|move|p1a: Ninetales|Will-O-Wisp|p2a: Elucid
|-status|p2a: Elucid|brn
|move|p2a: Elucid|Earthquake|p1a: Ninetales
|-supereffective|p1a: Ninetales
|-damage|p1a: Ninetales|41/100
|
|-weather|SunnyDay|[upkeep]
|-damage|p2a: Elucid|71/100 brn|[from] brn
|upkeep
|turn|20
|
|t:|1769355929
|switch|p1a: Walking Wake|Walking Wake|100/100
|-activate|p1a: Walking Wake|ability: Protosynthesis
|-start|p1a: Walking Wake|protosynthesisspe
|move|p2a: Elucid|Earthquake|p1a: Walking Wake
|-damage|p1a: Walking Wake|81/100
|
|-weather|SunnyDay|[upkeep]
|-damage|p2a: Elucid|65/100 brn|[from] brn
|upkeep
|turn|21
|
|t:|1769355933
|move|p2a: Elucid|Extreme Speed|p1a: Walking Wake
|-damage|p1a: Walking Wake|66/100
|move|p1a: Walking Wake|Knock Off|p2a: Elucid
|-damage|p2a: Elucid|46/100 brn
|-enditem|p2a: Elucid|Heavy-Duty Boots|[from] move: Knock Off|[of] p1a: Walking Wake
|
|-weather|SunnyDay|[upkeep]
|-damage|p2a: Elucid|40/100 brn|[from] brn
|upkeep
|turn|22
|
|t:|1769355939
|move|p2a: Elucid|Extreme Speed|p1a: Walking Wake
|-damage|p1a: Walking Wake|52/100
|move|p1a: Walking Wake|Flip Turn|p2a: Elucid
|-resisted|p2a: Elucid
|-damage|p2a: Elucid|35/100 brn
|
|t:|1769355942
|-end|p1a: Walking Wake|Protosynthesis|[silent]
|switch|p1a: Comfey|Comfey, F|100/100|[from] Flip Turn
|
|-weather|SunnyDay|[upkeep]
|-damage|p2a: Elucid|29/100 brn|[from] brn
|upkeep
|turn|23
|j| MakX70
|
|t:|1769355945
|switch|p2a: Smino|Gholdengo, tera:Flying|100/100
|-damage|p2a: Smino|76/100|[from] Stealth Rock
|move|p1a: Comfey|Growth|p1a: Comfey
|-boost|p1a: Comfey|atk|2
|-boost|p1a: Comfey|spa|2
|
|-weather|SunnyDay|[upkeep]
|upkeep
|turn|24
|
|t:|1769355948
|-terastallize|p1a: Comfey|Water
|move|p2a: Smino|Make It Rain|p1a: Comfey
|-resisted|p1a: Comfey
|-damage|p1a: Comfey|67/100
|-unboost|p2a: Smino|spa|1
|move|p1a: Comfey|Growth|p1a: Comfey
|-boost|p1a: Comfey|atk|2
|-boost|p1a: Comfey|spa|2
|
|-weather|SunnyDay|[upkeep]
|upkeep
|turn|25
|
|t:|1769355956
|switch|p2a: Alvvays|Umbreon, F|80/100 brn
|-damage|p2a: Alvvays|67/100 brn|[from] Stealth Rock
|move|p1a: Comfey|Growth|p1a: Comfey
|-boost|p1a: Comfey|atk|2
|-boost|p1a: Comfey|spa|2
|
|-weather|SunnyDay|[upkeep]
|-heal|p2a: Alvvays|74/100 brn|[from] item: Leftovers
|-damage|p2a: Alvvays|67/100 brn|[from] brn
|upkeep
|turn|26
|
|t:|1769355959
|move|p1a: Comfey|Draining Kiss|p2a: Alvvays
|-supereffective|p2a: Alvvays
|-damage|p2a: Alvvays|0 fnt
|-heal|p1a: Comfey|100/100|[from] drain|[of] p2a: Alvvays
|faint|p2a: Alvvays
|-damage|p1a: Comfey|91/100|[from] item: Life Orb
|
|-weather|none
|upkeep
|
|t:|1769355962
|switch|p2a: Carly Rae|Iron Moth|100/100
|-damage|p2a: Carly Rae|76/100|[from] Stealth Rock
|-enditem|p2a: Carly Rae|Booster Energy
|-activate|p2a: Carly Rae|ability: Quark Drive|[fromitem]
|-start|p2a: Carly Rae|quarkdrivespe
|turn|27
|
|t:|1769355972
|move|p2a: Carly Rae|Discharge|p1a: Comfey
|-supereffective|p1a: Comfey
|-damage|p1a: Comfey|39/100
|-status|p1a: Comfey|par
|move|p1a: Comfey|Stored Power|p2a: Carly Rae
|-supereffective|p2a: Carly Rae
|-damage|p2a: Carly Rae|0 fnt
|faint|p2a: Carly Rae
|-end|p2a: Carly Rae|Quark Drive|[silent]
|-damage|p1a: Comfey|29/100 par|[from] item: Life Orb
|
|upkeep
|
|t:|1769355981
|switch|p2a: Julia Jacklin|Glimmora, M|34/100
|-damage|p2a: Julia Jacklin|22/100|[from] Stealth Rock
|turn|28
|
|t:|1769355985
|move|p1a: Comfey|Draining Kiss|p2a: Julia Jacklin
|-resisted|p2a: Julia Jacklin
|-damage|p2a: Julia Jacklin|0 fnt
|-heal|p1a: Comfey|45/100 par|[from] drain|[of] p2a: Julia Jacklin
|faint|p2a: Julia Jacklin
|-damage|p1a: Comfey|35/100 par|[from] item: Life Orb
|
|upkeep
|
|t:|1769355990
|switch|p2a: Elucid|Dragonite, F|29/100 brn
|-damage|p2a: Elucid|5/100 brn|[from] Stealth Rock
|turn|29
|
|t:|1769355995
|move|p1a: Comfey|Draining Kiss|p2a: Elucid
|-supereffective|p2a: Elucid
|-damage|p2a: Elucid|0 fnt
|-heal|p1a: Comfey|39/100 par|[from] drain|[of] p2a: Elucid
|faint|p2a: Elucid
|-damage|p1a: Comfey|29/100 par|[from] item: Life Orb
|
|upkeep
|
|t:|1769356000
|switch|p2a: Smino|Gholdengo, tera:Flying|76/100
|-damage|p2a: Smino|51/100|[from] Stealth Rock
|turn|30
|
|t:|1769356007
|cant|p1a: Comfey|par
|move|p2a: Smino|Shadow Ball|p1a: Comfey
|-damage|p1a: Comfey|0 fnt
|faint|p1a: Comfey
|
|upkeep
|
|t:|1769356010
|switch|p1a: Ninetales|Ninetales, F|41/100
|-weather|SunnyDay|[from] ability: Drought|[of] p1a: Ninetales
|turn|31
|
|t:|1769356015
|move|p2a: Smino|Shadow Ball|p1a: Ninetales
|-damage|p1a: Ninetales|3/100
|move|p1a: Ninetales|Healing Wish|p1a: Ninetales
|faint|p1a: Ninetales
|
|-weather|SunnyDay|[upkeep]
|upkeep
|
|t:|1769356021
|switch|p1a: Walking Wake|Walking Wake|52/100
|-heal|p1a: Walking Wake|100/100|[from] move: Healing Wish
|-activate|p1a: Walking Wake|ability: Protosynthesis
|-start|p1a: Walking Wake|protosynthesisspe
|turn|32
|
|t:|1769356024
|move|p1a: Walking Wake|Hydro Steam|p2a: Smino
|-damage|p2a: Smino|0 fnt
|faint|p2a: Smino
|
|-weather|SunnyDay|[upkeep]
|upkeep
|
|t:|1769356026
|switch|p2a: Rat Tally|Garchomp, M|100/100
|-damage|p2a: Rat Tally|94/100|[from] Stealth Rock
|turn|33
|j| jdoensjsksi
|c|☆Auburn Hills|gg
|
|t:|1769356031
|move|p1a: Walking Wake|Draco Meteor|p2a: Rat Tally
|-supereffective|p2a: Rat Tally
|-damage|p2a: Rat Tally|0 fnt
|-unboost|p1a: Walking Wake|spa|2
|faint|p2a: Rat Tally
|
|win|xerkalm
|raw|xerkalm's rating: 1705 &rarr; <strong>1727</strong><br />(+22 for winning)
|raw|Auburn Hills's rating: 1744 &rarr; <strong>1722</strong><br />(-22 for losing)
|l|☆Auburn Hills
|player|p2|
|c|☆xerkalm|gg
|l| MakX70
|l|☆xerkalm
|player|p1|
|l| jdoensjsksi
