|j|☆Jagonite
|j|☆nimjaisugly
|t:|1769351814
|gametype|singles
|player|p1|Jagonite|1|1455
|player|p2|nimjaisugly|clavell-s|1461
|gen|9
|tier|[Gen 9] OU
|rated|
|rule|HP Percentage Mod: HP is shown in percentages
|rule|Endless Battle Clause: Forcing endless battles is banned
|rule|Species Clause: Limit one of each Pokémon
|rule|OHKO Clause: OHKO moves are banned
|rule|Evasion Items Clause: Evasion items are banned
|rule|Evasion Moves Clause: Evasion moves are banned
|rule|Evasion Abilities Clause: Evasion abilities are banned
|rule|Sleep Moves Clause: Sleep-inducing moves are banned
|clearpoke
|poke|p1|Ting-Lu|
|poke|p1|Iron Crown|
|poke|p1|Pecharunt|
|poke|p1|Zamazenta-*|
|poke|p1|Dragonite, M|
|poke|p1|Darkrai|
|poke|p2|Porygon-Z|
|poke|p2|Kingambit, M|
|poke|p2|Dragapult, F|
|poke|p2|Alomomola, F|
|poke|p2|Pecharunt|
|poke|p2|Iron Treads|
|teampreview
|inactive|Battle timer is ON: inactive players will automatically lose when time's up. (requested by nimjaisugly)
|
|t:|1769351827
|teamsize|p1|6
|teamsize|p2|6
|start
|switch|p1a: Darkrai|Darkrai|100/100
|switch|p2a: Porygon-Z|Porygon-Z|100/100
|-ability|p2a: Porygon-Z|Download|boost
|-boost|p2a: Porygon-Z|atk|1
|turn|1
|
|t:|1769351830
|switch|p2a: Alomomola|Alomomola, F|100/100
|move|p1a: Darkrai|Focus Blast|p2a: Alomomola
|-damage|p2a: Alomomola|68/100
|-damage|p1a: Darkrai|91/100|[from] item: Life Orb
|
|upkeep
|turn|2
|
|t:|1769351840
|move|p1a: Darkrai|Dark Pulse|p2a: Alomomola
|-damage|p2a: Alomomola|36/100
|-damage|p1a: Darkrai|81/100|[from] item: Life Orb
|move|p2a: Alomomola|Flip Turn|p1a: Darkrai
|-damage|p1a: Darkrai|59/100
|
|t:|1769351847
|switch|p2a: Dragapult|Dragapult, F|100/100|[from] Flip Turn
|
|upkeep
|turn|3
|
|t:|1769351850
|move|p2a: Dragapult|U-turn|p1a: Darkrai
|-supereffective|p1a: Darkrai
|-damage|p1a: Darkrai|11/100
|
|t:|1769351854
|switch|p2a: Alomomola|Alomomola, F|70/100|[from] U-turn
|move|p1a: Darkrai|Dark Pulse|p2a: Alomomola
|-damage|p2a: Alomomola|42/100
|-damage|p1a: Darkrai|1/100|[from] item: Life Orb
|
|upkeep
|turn|4
|
|t:|1769351862
|move|p1a: Darkrai|Dark Pulse|p2a: Alomomola
|-damage|p2a: Alomomola|10/100
|-damage|p1a: Darkrai|0 fnt|[from] item: Life Orb
|faint|p1a: Darkrai
|cant|p2a: Alomomola|flinch
|
|upkeep
|
|t:|1769351873
|switch|p1a: Dragonite|Dragonite, M|100/100
|turn|5
|
|t:|1769351879
|switch|p2a: Pecharunt|Pecharunt|100/100
|move|p1a: Dragonite|Earthquake|p2a: Pecharunt
|-supereffective|p2a: Pecharunt
|-damage|p2a: Pecharunt|48/100
|
|upkeep
|turn|6
|
|t:|1769351884
|switch|p2a: Iron Treads|Iron Treads|100/100
|-item|p2a: Iron Treads|Air Balloon
|move|p1a: Dragonite|Earthquake|p2a: Iron Treads
|-immune|p2a: Iron Treads
|
|upkeep
|turn|7
|
|t:|1769351888
|switch|p1a: Zamazenta|Zamazenta|100/100
|-ability|p1a: Zamazenta|Dauntless Shield|boost
|-boost|p1a: Zamazenta|def|1
|move|p2a: Iron Treads|Rapid Spin|p1a: Zamazenta
|-damage|p1a: Zamazenta|95/100
|-boost|p2a: Iron Treads|spe|1
|
|upkeep
|turn|8
|
|t:|1769351895
|-end|p2a: Iron Treads|Quark Drive|[silent]
|switch|p2a: Pecharunt|Pecharunt|48/100
|move|p1a: Zamazenta|Body Press|p2a: Pecharunt
|-immune|p2a: Pecharunt
|
|upkeep
|turn|9
|
|t:|1769351900
|switch|p1a: Dragonite|Dragonite, M|100/100
|move|p2a: Pecharunt|Recover|p2a: Pecharunt
|-heal|p2a: Pecharunt|98/100
|
|upkeep
|turn|10
|
|t:|1769351909
|switch|p2a: Iron Treads|Iron Treads|100/100
|-item|p2a: Iron Treads|Air Balloon
|move|p1a: Dragonite|Earthquake|p2a: Iron Treads
|-immune|p2a: Iron Treads
|
|upkeep
|turn|11
|
|t:|1769351917
|switch|p1a: Zamazenta|Zamazenta|95/100
|move|p2a: Iron Treads|Knock Off|p1a: Zamazenta
|-resisted|p1a: Zamazenta
|-damage|p1a: Zamazenta|86/100
|-enditem|p1a: Zamazenta|Heavy-Duty Boots|[from] move: Knock Off|[of] p2a: Iron Treads
|
|upkeep
|turn|12
|
|t:|1769351921
|-end|p2a: Iron Treads|Quark Drive|[silent]
|switch|p2a: Pecharunt|Pecharunt|98/100
|move|p1a: Zamazenta|Iron Head|p2a: Pecharunt
|-damage|p2a: Pecharunt|88/100
|
|upkeep
|turn|13
|
|t:|1769351926
|switch|p1a: Ting-Lu|Ting-Lu|100/100
|-ability|p1a: Ting-Lu|Vessel of Ruin
|move|p2a: Pecharunt|Malignant Chain|p1a: Ting-Lu
|-resisted|p1a: Ting-Lu
|-damage|p1a: Ting-Lu|94/100
|-status|p1a: Ting-Lu|tox
|-start|p1a: Ting-Lu|confusion|[from] ability: Poison Puppeteer|[of] p2a: Pecharunt
|
|-heal|p1a: Ting-Lu|100/100 tox|[from] item: Leftovers
|-damage|p1a: Ting-Lu|94/100 tox|[from] psn
|upkeep
|turn|14
|
|t:|1769351929
|move|p2a: Pecharunt|Parting Shot|p1a: Ting-Lu
|-unboost|p1a: Ting-Lu|atk|1
|-unboost|p1a: Ting-Lu|spa|1
|
|t:|1769351931
|switch|p2a: Alomomola|Alomomola, F|44/100|[from] Parting Shot
|-activate|p1a: Ting-Lu|confusion
|-damage|p1a: Ting-Lu|91/100 tox|[from] confusion
|
|-heal|p1a: Ting-Lu|97/100 tox|[from] item: Leftovers
|-damage|p1a: Ting-Lu|85/100 tox|[from] psn
|upkeep
|turn|15
|
|t:|1769351937
|move|p2a: Alomomola|Flip Turn|p1a: Ting-Lu
|-supereffective|p1a: Ting-Lu
|-damage|p1a: Ting-Lu|65/100 tox
|
|t:|1769351939
|switch|p2a: Porygon-Z|Porygon-Z|100/100|[from] Flip Turn
|-ability|p2a: Porygon-Z|Download|boost
|-boost|p2a: Porygon-Z|spa|1
|-activate|p1a: Ting-Lu|confusion
|move|p1a: Ting-Lu|Stealth Rock|p2a: Porygon-Z
|-sidestart|p2: nimjaisugly|move: Stealth Rock
|
|-heal|p1a: Ting-Lu|72/100 tox|[from] item: Leftovers
|-damage|p1a: Ting-Lu|53/100 tox|[from] psn
|upkeep
|turn|16
|
|t:|1769351949
|switch|p1a: Iron Crown|Iron Crown|100/100
|move|p2a: Porygon-Z|Ice Beam|p1a: Iron Crown
|-resisted|p1a: Iron Crown
|-damage|p1a: Iron Crown|64/100
|
|upkeep
|turn|17
|
|t:|1769351961
|switch|p2a: Iron Treads|Iron Treads|100/100
|-damage|p2a: Iron Treads|98/100|[from] Stealth Rock
|-item|p2a: Iron Treads|Air Balloon
|move|p1a: Iron Crown|Tachyon Cutter|p2a: Iron Treads
|-resisted|p2a: Iron Treads
|-damage|p2a: Iron Treads|81/100
|-enditem|p2a: Iron Treads|Air Balloon
|-resisted|p2a: Iron Treads
|-damage|p2a: Iron Treads|64/100
|-hitcount|p2a: Iron Treads|2
|
|upkeep
|turn|18
|
|t:|1769351974
|-end|p1a: Iron Crown|Quark Drive|[silent]
|switch|p1a: Zamazenta|Zamazenta|86/100
|move|p2a: Iron Treads|Knock Off|p1a: Zamazenta
|-resisted|p1a: Zamazenta
|-damage|p1a: Zamazenta|81/100
|
|upkeep
|turn|19
|
|t:|1769351978
|switch|p1a: Dragonite|Dragonite, M|100/100
|-end|p2a: Iron Treads|Quark Drive|[silent]
|switch|p2a: Pecharunt|Pecharunt|88/100
|
|upkeep
|turn|20
|
|t:|1769351983
|move|p2a: Pecharunt|Malignant Chain|p1a: Dragonite
|-damage|p1a: Dragonite|88/100
|-status|p1a: Dragonite|tox
|-start|p1a: Dragonite|confusion|[from] ability: Poison Puppeteer|[of] p2a: Pecharunt
|-activate|p1a: Dragonite|confusion
|move|p1a: Dragonite|Earthquake|p2a: Pecharunt
|-supereffective|p2a: Pecharunt
|-damage|p2a: Pecharunt|37/100
|
|-damage|p1a: Dragonite|82/100 tox|[from] psn
|upkeep
|turn|21
|
|t:|1769351990
|switch|p1a: Iron Crown|Iron Crown|64/100
|move|p2a: Pecharunt|Recover|p2a: Pecharunt
|-heal|p2a: Pecharunt|87/100
|
|upkeep
|turn|22
|
|t:|1769351996
|switch|p2a: Alomomola|Alomomola, F|77/100
|-damage|p2a: Alomomola|64/100|[from] Stealth Rock
|move|p1a: Iron Crown|Future Sight|p2a: Alomomola
|-start|p1a: Iron Crown|move: Future Sight
|
|upkeep
|turn|23
|
|t:|1769352000
|-end|p1a: Iron Crown|Quark Drive|[silent]
|switch|p1a: Ting-Lu|Ting-Lu|53/100 tox
|-ability|p1a: Ting-Lu|Vessel of Ruin
|move|p2a: Alomomola|Flip Turn|p1a: Ting-Lu
|-supereffective|p1a: Ting-Lu
|-damage|p1a: Ting-Lu|36/100 tox
|
|t:|1769352006
|switch|p2a: Iron Treads|Iron Treads|64/100|[from] Flip Turn
|-damage|p2a: Iron Treads|62/100|[from] Stealth Rock
|
|-heal|p1a: Ting-Lu|42/100 tox|[from] item: Leftovers
|-damage|p1a: Ting-Lu|36/100 tox|[from] psn
|upkeep
|turn|24
|
|t:|1769352011
|move|p2a: Iron Treads|Rapid Spin|p1a: Ting-Lu
|-damage|p1a: Ting-Lu|29/100 tox
|-boost|p2a: Iron Treads|spe|1
|-sideend|p2: nimjaisugly|Stealth Rock|[from] move: Rapid Spin|[of] p2a: Iron Treads
|move|p1a: Ting-Lu|Whirlwind|p2a: Iron Treads
|-end|p2a: Iron Treads|Quark Drive|[silent]
|drag|p2a: Kingambit|Kingambit, M|100/100
|
|-end|p2a: Kingambit|move: Future Sight
|-immune|p2a: Kingambit
|-heal|p1a: Ting-Lu|35/100 tox|[from] item: Leftovers
|-damage|p1a: Ting-Lu|22/100 tox|[from] psn
|upkeep
|turn|25
|
|t:|1769352020
|move|p2a: Kingambit|Kowtow Cleave|p1a: Ting-Lu
|-resisted|p1a: Ting-Lu
|-damage|p1a: Ting-Lu|8/100 tox
|move|p1a: Ting-Lu|Earthquake|p2a: Kingambit
|-supereffective|p2a: Kingambit
|-crit|p2a: Kingambit
|-damage|p2a: Kingambit|3/100
|
|-heal|p2a: Kingambit|9/100|[from] item: Leftovers
|-heal|p1a: Ting-Lu|14/100 tox|[from] item: Leftovers
|-damage|p1a: Ting-Lu|0 fnt|[from] psn
|faint|p1a: Ting-Lu
|upkeep
|
|t:|1769352026
|switch|p1a: Zamazenta|Zamazenta|81/100
|turn|26
|
|t:|1769352029
|-end|p2a: Kingambit|fallenundefined|[silent]
|switch|p2a: Pecharunt|Pecharunt|87/100
|move|p1a: Zamazenta|Iron Head|p2a: Pecharunt
|-damage|p2a: Pecharunt|76/100
|
|upkeep
|turn|27
|
|t:|1769352033
|switch|p1a: Iron Crown|Iron Crown|64/100
|move|p2a: Pecharunt|Parting Shot|p1a: Iron Crown
|-unboost|p1a: Iron Crown|atk|1
|-unboost|p1a: Iron Crown|spa|1
|
|t:|1769352038
|switch|p2a: Porygon-Z|Porygon-Z|100/100|[from] Parting Shot
|-ability|p2a: Porygon-Z|Download|boost
|-boost|p2a: Porygon-Z|atk|1
|
|upkeep
|turn|28
|
|t:|1769352046
|move|p2a: Porygon-Z|Dark Pulse|p1a: Iron Crown
|-supereffective|p1a: Iron Crown
|-damage|p1a: Iron Crown|0 fnt
|faint|p1a: Iron Crown
|-end|p1a: Iron Crown|Quark Drive|[silent]
|
|upkeep
|
|t:|1769352051
|switch|p1a: Dragonite|Dragonite, M|82/100 tox
|turn|29
|
|t:|1769352058
|switch|p2a: Kingambit|Kingambit, M|9/100
|move|p1a: Dragonite|Earthquake|p2a: Kingambit
|-supereffective|p2a: Kingambit
|-damage|p2a: Kingambit|0 fnt
|faint|p2a: Kingambit
|-end|p2a: Kingambit|fallenundefined|[silent]
|
|-damage|p1a: Dragonite|76/100 tox|[from] psn
|upkeep
|
|t:|1769352060
|switch|p2a: Pecharunt|Pecharunt|76/100
|turn|30
|
|t:|1769352072
|move|p2a: Pecharunt|Parting Shot|p1a: Dragonite
|-unboost|p1a: Dragonite|atk|1
|-unboost|p1a: Dragonite|spa|1
|
|t:|1769352075
|switch|p2a: Alomomola|Alomomola, F|98/100|[from] Parting Shot
|move|p1a: Dragonite|Earthquake|p2a: Alomomola
|-damage|p2a: Alomomola|74/100
|
|-damage|p1a: Dragonite|63/100 tox|[from] psn
|upkeep
|turn|31
|
|t:|1769352084
|switch|p1a: Pecharunt|Pecharunt|100/100
|move|p2a: Alomomola|Flip Turn|p1a: Pecharunt
|-damage|p1a: Pecharunt|93/100
|
|t:|1769352088
|switch|p2a: Porygon-Z|Porygon-Z|100/100|[from] Flip Turn
|-ability|p2a: Porygon-Z|Download|boost
|-boost|p2a: Porygon-Z|spa|1
|
|upkeep
|turn|32
|-message|Jagonite forfeited.
|
|win|nimjaisugly
|raw|Jagonite's rating: 1455 &rarr; <strong>1435</strong><br />(-20 for losing)
|raw|nimjaisugly's rating: 1461 &rarr; <strong>1481</strong><br />(+20 for winning)
|l|☆Jagonite
|player|p1|
|l|☆nimjaisugly
|player|p2|
