|j|☆gongcitaihou
|j|☆CambridgeFoulPlay
|t:|1769344387
|gametype|singles
|player|p1|gongcitaihou|bellelba|1692
|player|p2|CambridgeFoulPlay|266|1881
|gen|9
|tier|[Gen 9] OU
|rated|
|rule|HP Percentage Mod: HP is shown in percentages
|rule|Endless Battle Clause: Forcing endless battles is banned
|rule|Species Clause: Limit one of each Pokémon
|rule|OHKO Clause: OHKO moves are banned
|rule|Evasion Items Clause: Evasion items are banned
|rule|Evasion Moves Clause: Evasion moves are banned
|rule|Evasion Abilities Clause: Evasion abilities are banned
|rule|Sleep Moves Clause: Sleep-inducing moves are banned
|clearpoke
|poke|p1|Ting-Lu|
|poke|p1|Raging Bolt|
|poke|p1|Scizor, M|
|poke|p1|Glimmora, F|
|poke|p1|Kyurem|
|poke|p1|Moltres|
|poke|p2|Hydrapple, M|
|poke|p2|Tyranitar, F|
|poke|p2|Moltres|
|poke|p2|Zamazenta-*|
|poke|p2|Slowking-Galar, F|
|poke|p2|Excadrill, F|
|teampreview
|c|☆CambridgeFoulPlay|hf
|inactive|Battle timer is ON: inactive players will automatically lose when time's up. (requested by CambridgeFoulPlay)
|
|t:|1769344396
|teamsize|p1|6
|teamsize|p2|6
|start
|switch|p1a: Kyurem|Kyurem, shiny|100/100
|switch|p2a: Zamazenta|Zamazenta|100/100
|-ability|p2a: Zamazenta|Dauntless Shield|boost
|-boost|p2a: Zamazenta|def|1
|-ability|p1a: Kyurem|Pressure
|turn|1
|
|t:|1769344405
|move|p1a: Kyurem|Protect|p1a: Kyurem
|-singleturn|p1a: Kyurem|Protect
|move|p2a: Zamazenta|Iron Defense|p2a: Zamazenta
|-boost|p2a: Zamazenta|def|2
|
|upkeep
|turn|2
|
|t:|1769344411
|switch|p1a: Moltres|Moltres|100/100
|-terastallize|p2a: Zamazenta|Fire
|move|p2a: Zamazenta|Body Press|p1a: Moltres
|-resisted|p1a: Moltres
|-damage|p1a: Moltres|69/100
|
|upkeep
|turn|3
|
|t:|1769344422
|move|p2a: Zamazenta|Iron Defense|p2a: Zamazenta
|-boost|p2a: Zamazenta|def|2
|move|p1a: Moltres|U-turn|p2a: Zamazenta
|-resisted|p2a: Zamazenta
|-damage|p2a: Zamazenta|99/100
|
|t:|1769344429
|switch|p1a: Raging Bolt|Raging Bolt|100/100|[from] U-turn
|-enditem|p1a: Raging Bolt|Booster Energy
|-activate|p1a: Raging Bolt|ability: Protosynthesis|[fromitem]
|-start|p1a: Raging Bolt|protosynthesisspa
|
|-heal|p2a: Zamazenta|100/100|[from] item: Leftovers
|upkeep
|turn|4
|
|t:|1769344438
|-terastallize|p1a: Raging Bolt|Fairy
|move|p2a: Zamazenta|Body Press|p1a: Raging Bolt
|-resisted|p1a: Raging Bolt
|-damage|p1a: Raging Bolt|42/100
|move|p1a: Raging Bolt|Thunderbolt|p2a: Zamazenta
|-crit|p2a: Zamazenta
|-damage|p2a: Zamazenta|0 fnt
|faint|p2a: Zamazenta
|
|upkeep
|
|t:|1769344442
|switch|p2a: Tyranitar|Tyranitar, F|100/100
|-weather|Sandstorm|[from] ability: Sand Stream|[of] p2a: Tyranitar
|turn|5
|
|t:|1769344454
|-end|p1a: Raging Bolt|Protosynthesis|[silent]
|switch|p1a: Ting-Lu|Ting-Lu|100/100
|-ability|p1a: Ting-Lu|Vessel of Ruin
|move|p2a: Tyranitar|Stealth Rock|p1a: Ting-Lu
|-sidestart|p1: gongcitaihou|move: Stealth Rock
|
|-weather|Sandstorm|[upkeep]
|upkeep
|turn|6
|
|t:|1769344462
|switch|p2a: Hydrapple|Hydrapple, M|100/100
|move|p1a: Ting-Lu|Spikes|p2a: Hydrapple
|-sidestart|p2: CambridgeFoulPlay|Spikes
|
|-weather|Sandstorm|[upkeep]
|-damage|p2a: Hydrapple|94/100|[from] Sandstorm
|upkeep
|turn|7
|
|t:|1769344470
|switch|p1a: Glimmora|Glimmora, F|100/100
|-damage|p1a: Glimmora|88/100|[from] Stealth Rock
|move|p2a: Hydrapple|Nasty Plot|p2a: Hydrapple
|-boost|p2a: Hydrapple|spa|2
|
|-weather|Sandstorm|[upkeep]
|-damage|p2a: Hydrapple|88/100|[from] Sandstorm
|-heal|p1a: Glimmora|94/100|[from] item: Leftovers
|upkeep
|turn|8
|
|t:|1769344481
|switch|p2a: Excadrill|Excadrill, F|100/100
|-item|p2a: Excadrill|Air Balloon
|move|p1a: Glimmora|Mortal Spin|p2a: Excadrill
|-immune|p2a: Excadrill
|
|-weather|Sandstorm|[upkeep]
|-heal|p1a: Glimmora|100/100|[from] item: Leftovers
|upkeep
|turn|9
|
|t:|1769344492
|switch|p2a: Hydrapple|Hydrapple, M|100/100
|switch|p1a: Moltres|Moltres|69/100
|
|-weather|Sandstorm|[upkeep]
|-damage|p1a: Moltres|63/100|[from] Sandstorm
|-damage|p2a: Hydrapple|94/100|[from] Sandstorm
|upkeep
|turn|10
|
|t:|1769344503
|move|p1a: Moltres|Flamethrower|p2a: Hydrapple
|-damage|p2a: Hydrapple|56/100
|move|p2a: Hydrapple|Fickle Beam|p1a: Moltres
|-damage|p1a: Moltres|25/100
|
|-weather|Sandstorm|[upkeep]
|-damage|p1a: Moltres|19/100|[from] Sandstorm
|-damage|p2a: Hydrapple|50/100|[from] Sandstorm
|upkeep
|turn|11
|
|t:|1769344512
|move|p1a: Moltres|Roost|p1a: Moltres
|-heal|p1a: Moltres|69/100
|-singleturn|p1a: Moltres|move: Roost
|move|p2a: Hydrapple|Fickle Beam|p1a: Moltres
|-damage|p1a: Moltres|33/100
|
|-weather|Sandstorm|[upkeep]
|-damage|p1a: Moltres|27/100|[from] Sandstorm
|-damage|p2a: Hydrapple|44/100|[from] Sandstorm
|upkeep
|turn|12
|
|t:|1769344522
|move|p1a: Moltres|Roost|p1a: Moltres
|-heal|p1a: Moltres|77/100
|-singleturn|p1a: Moltres|move: Roost
|move|p2a: Hydrapple|Fickle Beam|p1a: Moltres
|-damage|p1a: Moltres|44/100
|
|-weather|none
|upkeep
|turn|13
|
|t:|1769344530
|switch|p2a: Slowking|Slowking-Galar, F|100/100
|-damage|p2a: Slowking|88/100|[from] Spikes
|move|p1a: Moltres|U-turn|p2a: Slowking
|-damage|p2a: Slowking|77/100
|
|t:|1769344539
|switch|p1a: Scizor|Scizor, M|100/100|[from] U-turn
|-damage|p1a: Scizor|88/100|[from] Stealth Rock
|
|upkeep
|turn|14
|
|t:|1769344544
|switch|p2a: Moltres|Moltres|100/100
|move|p1a: Scizor|Knock Off|p2a: Moltres
|-damage|p2a: Moltres|61/100
|-enditem|p2a: Moltres|Heavy-Duty Boots|[from] move: Knock Off|[of] p1a: Scizor
|
|upkeep
|turn|15
|
|t:|1769344553
|switch|p1a: Glimmora|Glimmora, F|100/100
|-damage|p1a: Glimmora|88/100|[from] Stealth Rock
|move|p2a: Moltres|Roar|p1a: Glimmora
|drag|p1a: Raging Bolt|Raging Bolt, tera:Fairy|42/100
|-damage|p1a: Raging Bolt|29/100|[from] Stealth Rock
|
|upkeep
|turn|16
|
|t:|1769344562
|switch|p2a: Slowking|Slowking-Galar, F|100/100
|-damage|p2a: Slowking|88/100|[from] Spikes
|move|p1a: Raging Bolt|Dragon Pulse|p2a: Slowking
|-damage|p2a: Slowking|61/100
|
|upkeep
|turn|17
|j| Ctannn
|
|t:|1769344572
|-end|p1a: Raging Bolt|Protosynthesis|[silent]
|switch|p1a: Ting-Lu|Ting-Lu|100/100
|-damage|p1a: Ting-Lu|94/100|[from] Stealth Rock
|-ability|p1a: Ting-Lu|Vessel of Ruin
|move|p2a: Slowking|Sludge Bomb|p1a: Ting-Lu
|-resisted|p1a: Ting-Lu
|-damage|p1a: Ting-Lu|87/100
|
|-heal|p1a: Ting-Lu|93/100|[from] item: Leftovers
|upkeep
|turn|18
|
|t:|1769344583
|switch|p2a: Hydrapple|Hydrapple, M|77/100
|move|p1a: Ting-Lu|Spikes|p2a: Hydrapple
|-sidestart|p2: CambridgeFoulPlay|Spikes
|
|-heal|p1a: Ting-Lu|99/100|[from] item: Leftovers
|upkeep
|turn|19
|
|t:|1769344595
|switch|p1a: Scizor|Scizor, M|88/100
|-damage|p1a: Scizor|76/100|[from] Stealth Rock
|move|p2a: Hydrapple|Giga Drain|p1a: Scizor
|-resisted|p1a: Scizor
|-damage|p1a: Scizor|67/100
|-heal|p2a: Hydrapple|81/100|[from] drain|[of] p1a: Scizor
|
|upkeep
|turn|20
|
|t:|1769344604
|switch|p2a: Moltres|Moltres|61/100
|move|p1a: Scizor|U-turn|p2a: Moltres
|-resisted|p2a: Moltres
|-damage|p2a: Moltres|50/100
|
|t:|1769344609
|switch|p1a: Glimmora|Glimmora, F|88/100|[from] U-turn
|-damage|p1a: Glimmora|76/100|[from] Stealth Rock
|
|-heal|p1a: Glimmora|82/100|[from] item: Leftovers
|upkeep
|turn|21
|j| Sviqma
|
|t:|1769344617
|switch|p2a: Excadrill|Excadrill, F|100/100
|-item|p2a: Excadrill|Air Balloon
|move|p1a: Glimmora|Power Gem|p2a: Excadrill
|-resisted|p2a: Excadrill
|-damage|p2a: Excadrill|88/100
|-enditem|p2a: Excadrill|Air Balloon
|
|-heal|p1a: Glimmora|88/100|[from] item: Leftovers
|upkeep
|turn|22
|
|t:|1769344629
|move|p2a: Excadrill|Rapid Spin|p1a: Glimmora
|-resisted|p1a: Glimmora
|-crit|p1a: Glimmora
|-damage|p1a: Glimmora|77/100
|-boost|p2a: Excadrill|spe|1
|-activate|p1a: Glimmora|ability: Toxic Debris
|-sidestart|p2: CambridgeFoulPlay|move: Toxic Spikes
|-sideend|p2: CambridgeFoulPlay|Spikes|[from] move: Rapid Spin|[of] p2a: Excadrill
|-sideend|p2: CambridgeFoulPlay|Toxic Spikes|[from] move: Rapid Spin|[of] p2a: Excadrill
|move|p1a: Glimmora|Earth Power|p2a: Excadrill
|-supereffective|p2a: Excadrill
|-damage|p2a: Excadrill|6/100
|-unboost|p2a: Excadrill|spd|1
|
|-heal|p1a: Glimmora|83/100|[from] item: Leftovers
|upkeep
|turn|23
|
|t:|1769344643
|switch|p2a: Hydrapple|Hydrapple, M|100/100
|switch|p1a: Moltres|Moltres|44/100
|
|upkeep
|turn|24
|
|t:|1769344651
|move|p1a: Moltres|Roost|p1a: Moltres
|-heal|p1a: Moltres|94/100
|-singleturn|p1a: Moltres|move: Roost
|move|p2a: Hydrapple|Fickle Beam|p1a: Moltres
|-damage|p1a: Moltres|57/100
|
|upkeep
|turn|25
|
|t:|1769344659
|move|p1a: Moltres|U-turn|p2a: Hydrapple
|-supereffective|p2a: Hydrapple
|-damage|p2a: Hydrapple|82/100
|
|t:|1769344665
|switch|p1a: Scizor|Scizor, M|67/100|[from] U-turn
|-damage|p1a: Scizor|55/100|[from] Stealth Rock
|move|p2a: Hydrapple|Fickle Beam|p1a: Scizor|[anim] Fickle Beam All Out
|-activate|p2a: Hydrapple|move: Fickle Beam
|-resisted|p1a: Scizor
|-damage|p1a: Scizor|14/100
|
|upkeep
|turn|26
|
|t:|1769344675
|switch|p2a: Moltres|Moltres|50/100
|move|p1a: Scizor|U-turn|p2a: Moltres
|-resisted|p2a: Moltres
|-damage|p2a: Moltres|40/100
|
|t:|1769344681
|switch|p1a: Glimmora|Glimmora, F|83/100|[from] U-turn
|-damage|p1a: Glimmora|70/100|[from] Stealth Rock
|
|-heal|p1a: Glimmora|77/100|[from] item: Leftovers
|upkeep
|turn|27
|
|t:|1769344692
|switch|p2a: Excadrill|Excadrill, F|6/100
|move|p1a: Glimmora|Stealth Rock|p2a: Excadrill
|-sidestart|p2: CambridgeFoulPlay|move: Stealth Rock
|
|-heal|p1a: Glimmora|83/100|[from] item: Leftovers
|upkeep
|turn|28
|
|t:|1769344699
|switch|p1a: Scizor|Scizor, M|14/100
|-damage|p1a: Scizor|2/100|[from] Stealth Rock
|move|p2a: Excadrill|Rapid Spin|p1a: Scizor
|-resisted|p1a: Scizor
|-damage|p1a: Scizor|0 fnt
|-boost|p2a: Excadrill|spe|1
|-sideend|p2: CambridgeFoulPlay|Stealth Rock|[from] move: Rapid Spin|[of] p2a: Excadrill
|faint|p1a: Scizor
|
|upkeep
|
|t:|1769344711
|switch|p1a: Ting-Lu|Ting-Lu|99/100
|-damage|p1a: Ting-Lu|93/100|[from] Stealth Rock
|-ability|p1a: Ting-Lu|Vessel of Ruin
|turn|29
|
|t:|1769344717
|move|p2a: Excadrill|Iron Head|p1a: Ting-Lu
|-damage|p1a: Ting-Lu|68/100
|move|p1a: Ting-Lu|Spikes|p2a: Excadrill
|-sidestart|p2: CambridgeFoulPlay|Spikes
|
|-heal|p1a: Ting-Lu|74/100|[from] item: Leftovers
|upkeep
|turn|30
|
|t:|1769344725
|move|p2a: Excadrill|Iron Head|p1a: Ting-Lu
|-crit|p1a: Ting-Lu
|-damage|p1a: Ting-Lu|37/100
|move|p1a: Ting-Lu|Earthquake|p2a: Excadrill
|-supereffective|p2a: Excadrill
|-damage|p2a: Excadrill|0 fnt
|faint|p2a: Excadrill
|
|-heal|p1a: Ting-Lu|43/100|[from] item: Leftovers
|upkeep
|
|t:|1769344728
|switch|p2a: Hydrapple|Hydrapple, M|100/100
|turn|31
|
|t:|1769344742
|move|p2a: Hydrapple|Giga Drain|p1a: Ting-Lu
|-supereffective|p1a: Ting-Lu
|-damage|p1a: Ting-Lu|18/100
|move|p1a: Ting-Lu|Spikes|p2a: Hydrapple
|-sidestart|p2: CambridgeFoulPlay|Spikes
|
|-heal|p1a: Ting-Lu|24/100|[from] item: Leftovers
|upkeep
|turn|32
|
|t:|1769344750
|switch|p1a: Moltres|Moltres|57/100
|move|p2a: Hydrapple|Fickle Beam|p1a: Moltres
|-damage|p1a: Moltres|19/100
|
|upkeep
|turn|33
|
|t:|1769344756
|move|p1a: Moltres|Roost|p1a: Moltres
|-heal|p1a: Moltres|69/100
|-singleturn|p1a: Moltres|move: Roost
|move|p2a: Hydrapple|Earth Power|p1a: Moltres
|-supereffective|p1a: Moltres
|-damage|p1a: Moltres|17/100
|
|upkeep
|turn|34
|
|t:|1769344769
|move|p1a: Moltres|Flamethrower|p2a: Hydrapple
|-damage|p2a: Hydrapple|62/100
|move|p2a: Hydrapple|Earth Power|p1a: Moltres
|-immune|p1a: Moltres
|
|upkeep
|turn|35
|
|t:|1769344776
|move|p1a: Moltres|U-turn|p2a: Hydrapple
|-supereffective|p2a: Hydrapple
|-crit|p2a: Hydrapple
|-damage|p2a: Hydrapple|36/100
|
|t:|1769344780
|switch|p1a: Glimmora|Glimmora, F|83/100|[from] U-turn
|-damage|p1a: Glimmora|70/100|[from] Stealth Rock
|move|p2a: Hydrapple|Fickle Beam|p1a: Glimmora
|-damage|p1a: Glimmora|38/100
|
|-heal|p1a: Glimmora|44/100|[from] item: Leftovers
|upkeep
|turn|36
|
|t:|1769344791
|move|p1a: Glimmora|Stealth Rock|p2a: Hydrapple
|-sidestart|p2: CambridgeFoulPlay|move: Stealth Rock
|move|p2a: Hydrapple|Earth Power|p1a: Glimmora
|-supereffective|p1a: Glimmora
|-damage|p1a: Glimmora|0 fnt
|faint|p1a: Glimmora
|
|upkeep
|
|t:|1769344801
|switch|p1a: Kyurem|Kyurem, shiny|100/100
|-damage|p1a: Kyurem|76/100|[from] Stealth Rock
|-ability|p1a: Kyurem|Pressure
|turn|37
|
|t:|1769344807
|switch|p2a: Tyranitar|Tyranitar, F|100/100
|-damage|p2a: Tyranitar|84/100|[from] Spikes
|-damage|p2a: Tyranitar|71/100|[from] Stealth Rock
|-weather|Sandstorm|[from] ability: Sand Stream|[of] p2a: Tyranitar
|move|p1a: Kyurem|Freeze-Dry|p2a: Tyranitar
|-damage|p2a: Tyranitar|57/100
|-status|p2a: Tyranitar|frz
|
|-weather|Sandstorm|[upkeep]
|-damage|p1a: Kyurem|70/100|[from] Sandstorm
|-heal|p1a: Kyurem|76/100|[from] item: Leftovers
|upkeep
|turn|38
|
|t:|1769344821
|move|p1a: Kyurem|Earth Power|p2a: Tyranitar
|-supereffective|p2a: Tyranitar
|-damage|p2a: Tyranitar|32/100 frz
|cant|p2a: Tyranitar|frz
|
|-weather|Sandstorm|[upkeep]
|-damage|p1a: Kyurem|70/100|[from] Sandstorm
|-heal|p1a: Kyurem|76/100|[from] item: Leftovers
|upkeep
|turn|39
|
|t:|1769344830
|move|p1a: Kyurem|Earth Power|p2a: Tyranitar
|-supereffective|p2a: Tyranitar
|-damage|p2a: Tyranitar|6/100 frz
|cant|p2a: Tyranitar|frz
|
|-weather|Sandstorm|[upkeep]
|-damage|p1a: Kyurem|70/100|[from] Sandstorm
|-heal|p1a: Kyurem|76/100|[from] item: Leftovers
|upkeep
|turn|40
|
|t:|1769344840
|move|p1a: Kyurem|Freeze-Dry|p2a: Tyranitar
|-damage|p2a: Tyranitar|0 fnt
|faint|p2a: Tyranitar
|
|-weather|Sandstorm|[upkeep]
|-damage|p1a: Kyurem|70/100|[from] Sandstorm
|-heal|p1a: Kyurem|76/100|[from] item: Leftovers
|upkeep
|
|t:|1769344841
|switch|p2a: Slowking|Slowking-Galar, F|95/100
|-damage|p2a: Slowking|78/100|[from] Spikes
|-damage|p2a: Slowking|66/100|[from] Stealth Rock
|turn|41
|
|t:|1769344853
|switch|p2a: Hydrapple|Hydrapple, M|70/100
|move|p1a: Kyurem|Earth Power|p2a: Hydrapple
|-resisted|p2a: Hydrapple
|-damage|p2a: Hydrapple|53/100
|-unboost|p2a: Hydrapple|spd|1
|
|-weather|Sandstorm|[upkeep]
|-damage|p1a: Kyurem|70/100|[from] Sandstorm
|-damage|p2a: Hydrapple|47/100|[from] Sandstorm
|-heal|p1a: Kyurem|76/100|[from] item: Leftovers
|upkeep
|turn|42
|
|t:|1769344865
|switch|p2a: Moltres|Moltres|40/100
|-damage|p2a: Moltres|0 fnt|[from] Stealth Rock
|faint|p2a: Moltres
|move|p1a: Kyurem|Substitute|p1a: Kyurem
|-start|p1a: Kyurem|Substitute
|-damage|p1a: Kyurem|51/100
|
|-weather|Sandstorm|[upkeep]
|-damage|p1a: Kyurem|45/100|[from] Sandstorm
|-heal|p1a: Kyurem|51/100|[from] item: Leftovers
|upkeep
|
|t:|1769344866
|switch|p2a: Slowking|Slowking-Galar, F|99/100
|-damage|p2a: Slowking|82/100|[from] Spikes
|-damage|p2a: Slowking|70/100|[from] Stealth Rock
|turn|43
|
|t:|1769344880
|switch|p2a: Hydrapple|Hydrapple, M|80/100
|move|p1a: Kyurem|Earth Power|p2a: Hydrapple
|-resisted|p2a: Hydrapple
|-damage|p2a: Hydrapple|65/100
|
|-weather|Sandstorm|[upkeep]
|-damage|p1a: Kyurem|45/100|[from] Sandstorm
|-damage|p2a: Hydrapple|59/100|[from] Sandstorm
|-heal|p1a: Kyurem|51/100|[from] item: Leftovers
|upkeep
|turn|44
|
|t:|1769344892
|switch|p2a: Slowking|Slowking-Galar, F|100/100
|-damage|p2a: Slowking|84/100|[from] Spikes
|-damage|p2a: Slowking|71/100|[from] Stealth Rock
|move|p1a: Kyurem|Freeze-Dry|p2a: Slowking
|-damage|p2a: Slowking|51/100
|
|-weather|none
|-heal|p1a: Kyurem|57/100|[from] item: Leftovers
|upkeep
|turn|45
|l| Ctannn
|
|t:|1769344903
|switch|p2a: Hydrapple|Hydrapple, M|92/100
|move|p1a: Kyurem|Earth Power|p2a: Hydrapple
|-resisted|p2a: Hydrapple
|-damage|p2a: Hydrapple|75/100
|
|-heal|p1a: Kyurem|63/100|[from] item: Leftovers
|upkeep
|turn|46
|
|t:|1769344913
|switch|p2a: Slowking|Slowking-Galar, F|85/100
|-damage|p2a: Slowking|68/100|[from] Spikes
|-damage|p2a: Slowking|56/100|[from] Stealth Rock
|move|p1a: Kyurem|Earth Power|p2a: Slowking
|-supereffective|p2a: Slowking
|-damage|p2a: Slowking|20/100
|
|-heal|p1a: Kyurem|69/100|[from] item: Leftovers
|upkeep
|turn|47
|j| Ctannn
|
|t:|1769344924
|switch|p2a: Hydrapple|Hydrapple, M|100/100
|move|p1a: Kyurem|Freeze-Dry|p2a: Hydrapple
|-supereffective|p2a: Hydrapple
|-damage|p2a: Hydrapple|0 fnt
|faint|p2a: Hydrapple
|
|-heal|p1a: Kyurem|75/100|[from] item: Leftovers
|upkeep
|
|t:|1769344925
|switch|p2a: Slowking|Slowking-Galar, F|53/100
|-damage|p2a: Slowking|36/100|[from] Spikes
|-damage|p2a: Slowking|24/100|[from] Stealth Rock
|turn|48
|
|t:|1769344938
|move|p1a: Kyurem|Earth Power|p2a: Slowking
|-supereffective|p2a: Slowking
|-damage|p2a: Slowking|0 fnt
|faint|p2a: Slowking
|
|win|gongcitaihou
|raw|gongcitaihou's rating: 1692 &rarr; <strong>1722</strong><br />(+30 for winning)
|raw|CambridgeFoulPlay's rating: 1881 &rarr; <strong>1851</strong><br />(-30 for losing)
|c|☆CambridgeFoulPlay|gg
