|j|☆seymourbandz
|j|☆beeboobaa
|t:|1769426266
|gametype|singles
|player|p1|seymourbandz|janitor|1512
|player|p2|beeboobaa|2|1498
|gen|9
|tier|[Gen 9] OU
|rated|
|rule|HP Percentage Mod: HP is shown in percentages
|rule|Endless Battle Clause: Forcing endless battles is banned
|rule|Species Clause: Limit one of each Pokémon
|rule|OHKO Clause: OHKO moves are banned
|rule|Evasion Items Clause: Evasion items are banned
|rule|Evasion Moves Clause: Evasion moves are banned
|rule|Evasion Abilities Clause: Evasion abilities are banned
|rule|Sleep Moves Clause: Sleep-inducing moves are banned
|clearpoke
|poke|p1|Torkoal, F|
|poke|p1|Iron Moth|
|poke|p1|Venusaur, M|
|poke|p1|Walking Wake|
|poke|p1|Hatterene, F|
|poke|p1|Landorus-Therian, M|
|poke|p2|Clefable, F|
|poke|p2|Gengar, F|
|poke|p2|Chansey, F|
|poke|p2|Ditto|
|poke|p2|Zapdos|
|poke|p2|Dragonite, M|
|teampreview
|j| matt&luana
|inactive|Battle timer is ON: inactive players will automatically lose when time's up. (requested by beeboobaa)
|
|t:|1769426290
|teamsize|p1|6
|teamsize|p2|6
|start
|switch|p1a: Landorus|Landorus-Therian, M|100/100
|switch|p2a: Zapdos|Zapdos|100/100
|-ability|p1a: Landorus|Intimidate|boost
|-unboost|p2a: Zapdos|atk|1
|turn|1
|inactive|beeboobaa has 120 seconds left.
|
|t:|1769426323
|switch|p2a: Clefable|Clefable, F|100/100
|move|p1a: Landorus|Stealth Rock|p2a: Clefable
|-sidestart|p2: beeboobaa|move: Stealth Rock
|
|upkeep
|turn|2
|
|t:|1769426332
|move|p1a: Landorus|U-turn|p2a: Clefable
|-resisted|p2a: Clefable
|-damage|p2a: Clefable|91/100
|-damage|p1a: Landorus|84/100|[from] item: Rocky Helmet|[of] p2a: Clefable
|
|t:|1769426333
|switch|p1a: Hatterene|Hatterene, F|100/100|[from] U-turn
|move|p2a: Clefable|Moonblast|p1a: Hatterene
|-damage|p1a: Hatterene|67/100
|-unboost|p1a: Hatterene|spa|1
|-enditem|p1a: Hatterene|Eject Button
|
|t:|1769426335
|switch|p1a: Torkoal|Torkoal, F|100/100
|-weather|SunnyDay|[from] ability: Drought|[of] p1a: Torkoal
|
|-weather|SunnyDay|[upkeep]
|upkeep
|turn|3
|
|t:|1769426339
|switch|p1a: Iron Moth|Iron Moth|100/100
|-enditem|p1a: Iron Moth|Booster Energy
|-activate|p1a: Iron Moth|ability: Quark Drive|[fromitem]
|-start|p1a: Iron Moth|quarkdrivespa
|move|p2a: Clefable|Thunder Wave|p1a: Iron Moth
|-status|p1a: Iron Moth|par
|
|-weather|SunnyDay|[upkeep]
|upkeep
|turn|4
|
|t:|1769426356
|switch|p2a: Chansey|Chansey, F|100/100
|-damage|p2a: Chansey|88/100|[from] Stealth Rock
|cant|p1a: Iron Moth|par
|
|-weather|SunnyDay|[upkeep]
|upkeep
|turn|5
|
|t:|1769426362
|move|p1a: Iron Moth|Fiery Dance|p2a: Chansey
|-damage|p2a: Chansey|64/100
|-boost|p1a: Iron Moth|spa|1
|move|p2a: Chansey|Seismic Toss|p1a: Iron Moth
|-damage|p1a: Iron Moth|67/100 par
|
|-weather|SunnyDay|[upkeep]
|upkeep
|turn|6
|
|t:|1769426368
|move|p1a: Iron Moth|Fiery Dance|p2a: Chansey
|-damage|p2a: Chansey|31/100
|-boost|p1a: Iron Moth|spa|1
|move|p2a: Chansey|Soft-Boiled|p2a: Chansey
|-heal|p2a: Chansey|81/100
|
|-weather|SunnyDay|[upkeep]
|upkeep
|turn|7
|
|t:|1769426377
|move|p1a: Iron Moth|Fiery Dance|p2a: Chansey
|-damage|p2a: Chansey|37/100
|move|p2a: Chansey|Soft-Boiled|p2a: Chansey
|-heal|p2a: Chansey|87/100
|
|-weather|SunnyDay|[upkeep]
|upkeep
|turn|8
|
|t:|1769426386
|cant|p1a: Iron Moth|par
|move|p2a: Chansey|Calm Mind|p2a: Chansey
|-boost|p2a: Chansey|spa|1
|-boost|p2a: Chansey|spd|1
|
|-weather|SunnyDay|[upkeep]
|upkeep
|turn|9
|
|t:|1769426394
|move|p1a: Iron Moth|Fiery Dance|p2a: Chansey
|-damage|p2a: Chansey|57/100
|-boost|p1a: Iron Moth|spa|1
|move|p2a: Chansey|Seismic Toss|p1a: Iron Moth
|-damage|p1a: Iron Moth|34/100 par
|
|-weather|none
|upkeep
|turn|10
|
|t:|1769426401
|move|p1a: Iron Moth|Fiery Dance|p2a: Chansey
|-damage|p2a: Chansey|29/100
|move|p2a: Chansey|Soft-Boiled|p2a: Chansey
|-heal|p2a: Chansey|79/100
|
|upkeep
|turn|11
|
|t:|1769426406
|move|p1a: Iron Moth|Fiery Dance|p2a: Chansey
|-damage|p2a: Chansey|51/100
|move|p2a: Chansey|Calm Mind|p2a: Chansey
|-boost|p2a: Chansey|spa|1
|-boost|p2a: Chansey|spd|1
|
|upkeep
|turn|12
|
|t:|1769426414
|move|p1a: Iron Moth|Fiery Dance|p2a: Chansey
|-damage|p2a: Chansey|31/100
|move|p2a: Chansey|Soft-Boiled|p2a: Chansey
|-heal|p2a: Chansey|81/100
|
|upkeep
|turn|13
|
|t:|1769426420
|move|p1a: Iron Moth|Fiery Dance|p2a: Chansey
|-damage|p2a: Chansey|61/100
|move|p2a: Chansey|Seismic Toss|p1a: Iron Moth
|-damage|p1a: Iron Moth|1/100 par
|
|upkeep
|turn|14
|
|t:|1769426435
|move|p1a: Iron Moth|Fiery Dance|p2a: Chansey
|-damage|p2a: Chansey|39/100
|move|p2a: Chansey|Soft-Boiled|p2a: Chansey
|-heal|p2a: Chansey|89/100
|
|upkeep
|turn|15
|
|t:|1769426439
|cant|p1a: Iron Moth|par
|move|p2a: Chansey|Calm Mind|p2a: Chansey
|-boost|p2a: Chansey|spa|1
|-boost|p2a: Chansey|spd|1
|
|upkeep
|turn|16
|
|t:|1769426446
|move|p1a: Iron Moth|Overheat|p2a: Chansey
|-damage|p2a: Chansey|65/100
|-unboost|p1a: Iron Moth|spa|2
|move|p2a: Chansey|Calm Mind|p2a: Chansey
|-boost|p2a: Chansey|spa|1
|-boost|p2a: Chansey|spd|1
|
|upkeep
|turn|17
|
|t:|1769426465
|-end|p1a: Iron Moth|Quark Drive|[silent]
|switch|p1a: Torkoal|Torkoal, F|100/100
|-weather|SunnyDay|[from] ability: Drought|[of] p1a: Torkoal
|move|p2a: Chansey|Soft-Boiled|p2a: Chansey
|-heal|p2a: Chansey|100/100
|
|-weather|SunnyDay|[upkeep]
|upkeep
|turn|18
|
|t:|1769426469
|move|p2a: Chansey|Seismic Toss|p1a: Torkoal
|-damage|p1a: Torkoal|71/100
|move|p1a: Torkoal|Clear Smog|p2a: Chansey
|-damage|p2a: Chansey|99/100
|-clearboost|p2a: Chansey
|
|-weather|SunnyDay|[upkeep]
|upkeep
|turn|19
|
|t:|1769426477
|switch|p1a: Landorus|Landorus-Therian, M|84/100
|-ability|p1a: Landorus|Intimidate|boost
|-unboost|p2a: Chansey|atk|1
|move|p2a: Chansey|Seismic Toss|p1a: Landorus
|-damage|p1a: Landorus|53/100
|-damage|p2a: Chansey|83/100|[from] item: Rocky Helmet|[of] p1a: Landorus
|
|-weather|SunnyDay|[upkeep]
|upkeep
|turn|20
|
|t:|1769426495
|move|p1a: Landorus|Earthquake|p2a: Chansey
|-damage|p2a: Chansey|46/100
|move|p2a: Chansey|Seismic Toss|p1a: Landorus
|-damage|p1a: Landorus|22/100
|-damage|p2a: Chansey|30/100|[from] item: Rocky Helmet|[of] p1a: Landorus
|
|-weather|SunnyDay|[upkeep]
|upkeep
|turn|21
|
|t:|1769426509
|switch|p2a: Dragonite|Dragonite, M|100/100
|move|p1a: Landorus|Earthquake|p2a: Dragonite
|-immune|p2a: Dragonite
|
|-weather|SunnyDay|[upkeep]
|upkeep
|turn|22
|
|t:|1769426514
|move|p1a: Landorus|U-turn|p2a: Dragonite
|-resisted|p2a: Dragonite
|-damage|p2a: Dragonite|95/100
|
|t:|1769426518
|switch|p1a: Hatterene|Hatterene, F|67/100|[from] U-turn
|move|p2a: Dragonite|Ice Spinner|p1a: Hatterene
|-damage|p1a: Hatterene|42/100
|
|-weather|SunnyDay|[upkeep]
|upkeep
|turn|23
|
|t:|1769426529
|switch|p2a: Chansey|Chansey, F|30/100
|-damage|p2a: Chansey|17/100|[from] Stealth Rock
|move|p1a: Hatterene|Nuzzle|p2a: Chansey
|-damage|p2a: Chansey|15/100
|-status|p2a: Chansey|par
|
|-weather|SunnyDay|[upkeep]
|upkeep
|turn|24
|
|t:|1769426534
|move|p1a: Hatterene|Psyshock|p2a: Chansey
|-crit|p2a: Chansey
|-damage|p2a: Chansey|0 fnt
|faint|p2a: Chansey
|
|-weather|none
|upkeep
|
|t:|1769426539
|switch|p2a: Zapdos|Zapdos|100/100
|turn|25
|
|t:|1769426545
|switch|p1a: Iron Moth|Iron Moth|1/100 par
|move|p2a: Zapdos|Hurricane|p1a: Iron Moth|[miss]
|-miss|p2a: Zapdos|p1a: Iron Moth
|
|upkeep
|turn|26
|
|t:|1769426548
|move|p2a: Zapdos|Volt Switch|p1a: Iron Moth
|-damage|p1a: Iron Moth|0 fnt
|faint|p1a: Iron Moth
|-end|p1a: Iron Moth|Quark Drive|[silent]
|
|t:|1769426552
|switch|p2a: Dragonite|Dragonite, M|95/100|[from] Volt Switch
|
|upkeep
|
|t:|1769426559
|switch|p1a: Walking Wake|Walking Wake|100/100
|turn|27
|
|t:|1769426567
|-terastallize|p2a: Dragonite|Steel
|move|p1a: Walking Wake|Dragon Pulse|p2a: Dragonite
|-resisted|p2a: Dragonite
|-crit|p2a: Dragonite
|-damage|p2a: Dragonite|55/100
|move|p2a: Dragonite|Dragon Dance|p2a: Dragonite
|-boost|p2a: Dragonite|atk|1
|-boost|p2a: Dragonite|spe|1
|
|upkeep
|turn|28
|
|t:|1769426580
|-end|p1a: Walking Wake|Protosynthesis|[silent]
|switch|p1a: Landorus|Landorus-Therian, M|22/100
|-ability|p1a: Landorus|Intimidate|boost
|-unboost|p2a: Dragonite|atk|1
|move|p2a: Dragonite|Roost|p2a: Dragonite
|-heal|p2a: Dragonite|100/100
|
|upkeep
|turn|29
|
|t:|1769426586
|move|p2a: Dragonite|Ice Spinner|p1a: Landorus
|-supereffective|p1a: Landorus
|-damage|p1a: Landorus|0 fnt
|-damage|p2a: Dragonite|84/100|[from] item: Rocky Helmet|[of] p1a: Landorus
|faint|p1a: Landorus
|
|upkeep
|
|t:|1769426597
|switch|p1a: Torkoal|Torkoal, F|71/100
|-weather|SunnyDay|[from] ability: Drought|[of] p1a: Torkoal
|turn|30
|
|t:|1769426601
|move|p2a: Dragonite|Earthquake|p1a: Torkoal
|-supereffective|p1a: Torkoal
|-damage|p1a: Torkoal|27/100
|move|p1a: Torkoal|Body Press|p2a: Dragonite
|-supereffective|p2a: Dragonite
|-damage|p2a: Dragonite|25/100
|
|-weather|SunnyDay|[upkeep]
|upkeep
|turn|31
|
|t:|1769426617
|move|p2a: Dragonite|Earthquake|p1a: Torkoal
|-supereffective|p1a: Torkoal
|-damage|p1a: Torkoal|0 fnt
|faint|p1a: Torkoal
|
|-weather|SunnyDay|[upkeep]
|upkeep
|
|t:|1769426632
|switch|p1a: Walking Wake|Walking Wake|100/100
|-activate|p1a: Walking Wake|ability: Protosynthesis
|-start|p1a: Walking Wake|protosynthesisspe
|turn|32
|
|t:|1769426638
|move|p1a: Walking Wake|Hydro Steam|p2a: Dragonite
|-damage|p2a: Dragonite|0 fnt
|faint|p2a: Dragonite
|
|-weather|SunnyDay|[upkeep]
|upkeep
|
|t:|1769426647
|switch|p2a: Zapdos|Zapdos|100/100
|turn|33
|
|t:|1769426661
|-end|p1a: Walking Wake|Protosynthesis|[silent]
|switch|p1a: Hatterene|Hatterene, F|42/100
|move|p2a: Zapdos|Volt Switch|p1a: Hatterene
|-damage|p1a: Hatterene|12/100
|
|t:|1769426671
|switch|p2a: Clefable|Clefable, F|91/100|[from] Volt Switch
|
|-weather|SunnyDay|[upkeep]
|upkeep
|turn|34
|
|t:|1769426674
|move|p2a: Clefable|Moonblast|p1a: Hatterene
|-damage|p1a: Hatterene|0 fnt
|faint|p1a: Hatterene
|
|-weather|SunnyDay|[upkeep]
|upkeep
|
|t:|1769426676
|switch|p1a: Venusaur|Venusaur, M|100/100
|turn|35
|
|t:|1769426682
|move|p1a: Venusaur|Growth|p1a: Venusaur
|-boost|p1a: Venusaur|atk|2
|-boost|p1a: Venusaur|spa|2
|move|p2a: Clefable|Thunder Wave|p1a: Venusaur
|-status|p1a: Venusaur|par
|
|-weather|SunnyDay|[upkeep]
|upkeep
|turn|36
|-message|seymourbandz forfeited.
|
|win|beeboobaa
|raw|seymourbandz's rating: 1512 &rarr; <strong>1491</strong><br />(-21 for losing)
|raw|beeboobaa's rating: 1498 &rarr; <strong>1519</strong><br />(+21 for winning)
|l|☆seymourbandz
|player|p1|
