|j|☆Upnotout
|j|☆KING丶3266926956今余
|t:|1769350181
|gametype|singles
|player|p1|Upnotout|170|1298
|player|p2|KING丶3266926956今余|dawn|1243
|gen|9
|tier|[Gen 9] OU
|rated|
|rule|HP Percentage Mod: HP is shown in percentages
|rule|Endless Battle Clause: Forcing endless battles is banned
|rule|Species Clause: Limit one of each Pokémon
|rule|OHKO Clause: OHKO moves are banned
|rule|Evasion Items Clause: Evasion items are banned
|rule|Evasion Moves Clause: Evasion moves are banned
|rule|Evasion Abilities Clause: Evasion abilities are banned
|rule|Sleep Moves Clause: Sleep-inducing moves are banned
|clearpoke
|poke|p1|Shiftry, F|
|poke|p1|Weavile, M|
|poke|p1|Weezing-Galar, F|
|poke|p1|Kyurem|
|poke|p1|Skeledirge, M|
|poke|p1|Zapdos|
|poke|p2|Luxray, F|
|poke|p2|Noctowl, M|
|poke|p2|Alomomola, M|
|poke|p2|Meowstic, M|
|poke|p2|Incineroar, F|
|poke|p2|Meowscarada, F|
|teampreview
|inactive|Battle timer is ON: inactive players will automatically lose when time's up. (requested by Upnotout)
|inactive|KING丶3266926956今余 also wants the timer to be on.
|
|t:|1769350192
|teamsize|p1|6
|teamsize|p2|6
|start
|switch|p1a: Kyurem|Kyurem|100/100
|switch|p2a: Incineroar|Incineroar, F|100/100
|-ability|p1a: Kyurem|Pressure
|-ability|p2a: Incineroar|Intimidate|boost
|-unboost|p1a: Kyurem|atk|1
|turn|1
|
|t:|1769350204
|move|p1a: Kyurem|Draco Meteor|p2a: Incineroar
|-damage|p2a: Incineroar|11/100
|-unboost|p1a: Kyurem|spa|2
|move|p2a: Incineroar|Knock Off|p1a: Kyurem
|-damage|p1a: Kyurem|63/100
|-enditem|p1a: Kyurem|Choice Specs|[from] move: Knock Off|[of] p2a: Incineroar
|
|upkeep
|turn|2
|
|t:|1769350219
|switch|p2a: Alomomola|Alomomola, M|100/100
|move|p1a: Kyurem|Earth Power|p2a: Alomomola
|-damage|p2a: Alomomola|88/100
|
|upkeep
|turn|3
|
|t:|1769350230
|switch|p1a: Zapdos|Zapdos|100/100
|move|p2a: Alomomola|Wish|p2a: Alomomola
|
|upkeep
|turn|4
|
|t:|1769350244
|move|p1a: Zapdos|Volt Switch|p2a: Alomomola
|-supereffective|p2a: Alomomola
|-damage|p2a: Alomomola|37/100
|
|t:|1769350249
|switch|p1a: Kyurem|Kyurem|63/100|[from] Volt Switch
|-ability|p1a: Kyurem|Pressure
|move|p2a: Alomomola|Flip Turn|p1a: Kyurem
|-resisted|p1a: Kyurem
|-damage|p1a: Kyurem|54/100
|
|t:|1769350257
|switch|p2a: Incineroar|Incineroar, F|11/100|[from] Flip Turn
|-ability|p2a: Incineroar|Intimidate|boost
|-unboost|p1a: Kyurem|atk|1
|
|-heal|p2a: Incineroar|79/100|[from] move: Wish|[wisher] Alomomola
|upkeep
|turn|5
|
|t:|1769350271
|switch|p2a: Noctowl|Noctowl, M|100/100
|move|p1a: Kyurem|Draco Meteor|p2a: Noctowl|[miss]
|-miss|p1a: Kyurem|p2a: Noctowl
|
|upkeep
|turn|6
|
|t:|1769350277
|move|p1a: Kyurem|Freeze-Dry|p2a: Noctowl
|-supereffective|p2a: Noctowl
|-damage|p2a: Noctowl|30/100
|move|p2a: Noctowl|Hyper Voice|p1a: Kyurem
|-damage|p1a: Kyurem|16/100
|
|upkeep
|turn|7
|
|t:|1769350296
|switch|p2a: Meowstic|Meowstic, M|100/100
|move|p1a: Kyurem|Freeze-Dry|p2a: Meowstic
|-damage|p2a: Meowstic|60/100
|
|upkeep
|turn|8
|
|t:|1769350304
|switch|p1a: Zapdos|Zapdos|100/100
|move|p2a: Meowstic|Light Screen|p2a: Meowstic
|-sidestart|p2: KING丶3266926956今余|move: Light Screen
|
|upkeep
|turn|9
|
|t:|1769350314
|switch|p2a: Luxray|Luxray, F|100/100
|move|p1a: Zapdos|Thunderbolt|p2a: Luxray
|-resisted|p2a: Luxray
|-damage|p2a: Luxray|89/100
|
|-status|p2a: Luxray|brn|[from] item: Flame Orb
|upkeep
|turn|10
|
|t:|1769350324
|move|p2a: Luxray|Crunch|p1a: Zapdos
|-damage|p1a: Zapdos|68/100
|move|p1a: Zapdos|U-turn|p2a: Luxray
|-damage|p2a: Luxray|71/100 brn
|
|t:|1769350332
|switch|p1a: Kyurem|Kyurem|16/100|[from] U-turn
|-ability|p1a: Kyurem|Pressure
|
|-damage|p2a: Luxray|65/100 brn|[from] brn
|upkeep
|turn|11
|
|t:|1769350339
|switch|p2a: Alomomola|Alomomola, M|71/100
|move|p1a: Kyurem|Draco Meteor|p2a: Alomomola
|-damage|p2a: Alomomola|41/100
|-unboost|p1a: Kyurem|spa|2
|
|upkeep
|turn|12
|
|t:|1769350347
|move|p1a: Kyurem|Freeze-Dry|p2a: Alomomola
|-supereffective|p2a: Alomomola
|-damage|p2a: Alomomola|24/100
|move|p2a: Alomomola|Wish|p2a: Alomomola
|
|-sideend|p2: KING丶3266926956今余|move: Light Screen
|upkeep
|turn|13
|
|t:|1769350365
|move|p2a: Alomomola|Protect|p2a: Alomomola
|-singleturn|p2a: Alomomola|Protect
|move|p1a: Kyurem|Draco Meteor|p2a: Alomomola
|-activate|p2a: Alomomola|move: Protect
|
|-heal|p2a: Alomomola|74/100|[from] move: Wish|[wisher] Alomomola
|upkeep
|turn|14
|
|t:|1769350377
|switch|p1a: Weezing|Weezing-Galar, F|100/100
|-ability|p1a: Weezing|Neutralizing Gas
|move|p2a: Alomomola|Wish|p2a: Alomomola
|
|upkeep
|turn|15
|
|t:|1769350385
|move|p1a: Weezing|Sludge Bomb|p2a: Alomomola
|-damage|p2a: Alomomola|53/100
|move|p2a: Alomomola|Flip Turn|p1a: Weezing
|-damage|p1a: Weezing|89/100
|inactive|KING丶3266926956今余 has 120 seconds left.
|
|t:|1769350411
|switch|p2a: Noctowl|Noctowl, M|30/100|[from] Flip Turn
|
|-heal|p2a: Noctowl|100/100|[from] move: Wish|[wisher] Alomomola
|-heal|p1a: Weezing|95/100|[from] item: Black Sludge
|upkeep
|turn|16
|inactive|Upnotout has 120 seconds left.
|
|t:|1769350444
|-terastallize|p2a: Noctowl|Ground
|move|p2a: Noctowl|Tera Blast|p1a: Weezing|[anim] Tera Blast Ground
|-supereffective|p1a: Weezing
|-damage|p1a: Weezing|3/100
|move|p1a: Weezing|Sludge Bomb|p2a: Noctowl
|-resisted|p2a: Noctowl
|-damage|p2a: Noctowl|86/100
|-status|p2a: Noctowl|psn
|
|-heal|p1a: Weezing|9/100|[from] item: Black Sludge
|-damage|p2a: Noctowl|74/100 psn|[from] psn
|upkeep
|turn|17
|inactive|Upnotout has 120 seconds left.
|
|t:|1769350458
|-end|p1a: Weezing|ability: Neutralizing Gas
|switch|p1a: Zapdos|Zapdos|68/100
|move|p2a: Noctowl|Hyper Voice|p1a: Zapdos
|-damage|p1a: Zapdos|46/100
|
|-damage|p2a: Noctowl|61/100 psn|[from] psn
|upkeep
|turn|18
|inactive|Upnotout has 120 seconds left.
|
|t:|1769350472
|move|p2a: Noctowl|Hyper Voice|p1a: Zapdos
|-damage|p1a: Zapdos|22/100
|move|p1a: Zapdos|Volt Switch|p2a: Noctowl
|-immune|p2a: Noctowl
|
|-damage|p2a: Noctowl|49/100 psn|[from] psn
|upkeep
|turn|19
|
|t:|1769350481
|move|p2a: Noctowl|Hyper Voice|p1a: Zapdos
|-damage|p1a: Zapdos|0 fnt
|faint|p1a: Zapdos
|
|-damage|p2a: Noctowl|37/100 psn|[from] psn
|upkeep
|inactive|Upnotout has 120 seconds left.
|
|t:|1769350492
|switch|p1a: Skeledirge|Skeledirge, M|100/100
|turn|20
|
|t:|1769350498
|move|p2a: Noctowl|Tera Blast|p1a: Skeledirge|[anim] Tera Blast Ground
|-supereffective|p1a: Skeledirge
|-damage|p1a: Skeledirge|55/100
|move|p1a: Skeledirge|Torch Song|p2a: Noctowl
|-damage|p2a: Noctowl|8/100 psn
|-boost|p1a: Skeledirge|spa|1
|
|-heal|p1a: Skeledirge|61/100|[from] item: Leftovers
|-damage|p2a: Noctowl|0 fnt|[from] psn
|faint|p2a: Noctowl
|upkeep
|inactive|KING丶3266926956今余 has 120 seconds left.
|
|t:|1769350538
|switch|p2a: Incineroar|Incineroar, F|79/100
|-ability|p2a: Incineroar|Intimidate|boost
|-unboost|p1a: Skeledirge|atk|1
|turn|21
|inactive|Upnotout has 120 seconds left.
|
|t:|1769350564
|switch|p1a: Weezing|Weezing-Galar, F|9/100
|-ability|p1a: Weezing|Neutralizing Gas
|move|p2a: Incineroar|Knock Off|p1a: Weezing
|-resisted|p1a: Weezing
|-damage|p1a: Weezing|0 fnt
|-enditem|p1a: Weezing|Black Sludge|[from] move: Knock Off|[of] p2a: Incineroar
|faint|p1a: Weezing
|-end|p1a: Weezing|ability: Neutralizing Gas
|
|upkeep
|inactive|Upnotout has 120 seconds left.
|
|t:|1769350580
|switch|p1a: Kyurem|Kyurem|16/100
|-ability|p1a: Kyurem|Pressure
|turn|22
|inactive|KING丶3266926956今余 has 120 seconds left.
|
|t:|1769350601
|switch|p2a: Meowstic|Meowstic, M|60/100
|move|p1a: Kyurem|Freeze-Dry|p2a: Meowstic
|-damage|p2a: Meowstic|18/100
|
|upkeep
|turn|23
|
|t:|1769350617
|move|p2a: Meowstic|Light Screen|p2a: Meowstic
|-sidestart|p2: KING丶3266926956今余|move: Light Screen
|move|p1a: Kyurem|Freeze-Dry|p2a: Meowstic
|-damage|p2a: Meowstic|0 fnt
|faint|p2a: Meowstic
|
|upkeep
|
|t:|1769350622
|switch|p2a: Meowscarada|Meowscarada, F|100/100
|turn|24
|inactive|Upnotout has 120 seconds left.
|
|t:|1769350645
|move|p2a: Meowscarada|U-turn|p1a: Kyurem
|-start|p2a: Meowscarada|typechange|Bug|[from] ability: Protean
|-damage|p1a: Kyurem|0 fnt
|faint|p1a: Kyurem
|
|t:|1769350659
|switch|p2a: Alomomola|Alomomola, M|53/100|[from] U-turn
|
|upkeep
|
|t:|1769350675
|switch|p1a: Weavile|Weavile, M|100/100
|-ability|p1a: Weavile|Pressure
|turn|25
|
|t:|1769350687
|move|p1a: Weavile|Knock Off|p2a: Alomomola
|-damage|p2a: Alomomola|11/100
|-enditem|p2a: Alomomola|Lagging Tail|[from] move: Knock Off|[of] p1a: Weavile
|-damage|p1a: Weavile|91/100|[from] item: Life Orb
|move|p2a: Alomomola|Flip Turn|p1a: Weavile
|-damage|p1a: Weavile|61/100
|
|t:|1769350694
|switch|p2a: Incineroar|Incineroar, F|79/100|[from] Flip Turn
|-ability|p2a: Incineroar|Intimidate|boost
|-unboost|p1a: Weavile|atk|1
|
|upkeep
|turn|26
|
|t:|1769350707
|switch|p1a: Skeledirge|Skeledirge, M|61/100
|move|p2a: Incineroar|Will-O-Wisp|p1a: Skeledirge
|-immune|p1a: Skeledirge
|
|-heal|p1a: Skeledirge|67/100|[from] item: Leftovers
|upkeep
|turn|27
|
|t:|1769350720
|move|p1a: Skeledirge|Torch Song|p2a: Incineroar
|-resisted|p2a: Incineroar
|-damage|p2a: Incineroar|73/100
|-boost|p1a: Skeledirge|spa|1
|move|p2a: Incineroar|Knock Off|p1a: Skeledirge
|-supereffective|p1a: Skeledirge
|-damage|p1a: Skeledirge|0 fnt
|-enditem|p1a: Skeledirge|Leftovers|[from] move: Knock Off|[of] p2a: Incineroar
|faint|p1a: Skeledirge
|
|-sideend|p2: KING丶3266926956今余|move: Light Screen
|upkeep
|
|t:|1769350738
|switch|p1a: Shiftry|Shiftry, F|100/100
|turn|28
|
|t:|1769350747
|move|p1a: Shiftry|Taunt|p2a: Incineroar
|-start|p2a: Incineroar|move: Taunt
|cant|p2a: Incineroar|move: Taunt|Will-O-Wisp
|
|upkeep
|turn|29
|
|t:|1769350753
|move|p1a: Shiftry|Tailwind|p1a: Shiftry
|-sidestart|p1: Upnotout|move: Tailwind
|-ability|p1a: Shiftry|Wind Rider|boost
|-boost|p1a: Shiftry|atk|1
|move|p2a: Incineroar|Flare Blitz|p1a: Shiftry
|-supereffective|p1a: Shiftry
|-crit|p1a: Shiftry
|-enditem|p1a: Shiftry|Focus Sash
|-damage|p1a: Shiftry|1/100
|-damage|p2a: Incineroar|46/100|[from] Recoil
|
|upkeep
|turn|30
|
|t:|1769350767
|switch|p2a: Luxray|Luxray, F|65/100 brn
|move|p1a: Shiftry|Explosion|p2a: Luxray
|-damage|p2a: Luxray|0 fnt
|faint|p1a: Shiftry
|faint|p2a: Luxray
|
|upkeep
|
|t:|1769350777
|switch|p1a: Weavile|Weavile, M|61/100
|switch|p2a: Alomomola|Alomomola, M|45/100
|-ability|p1a: Weavile|Pressure
|turn|31
|
|t:|1769350789
|move|p1a: Weavile|Low Kick|p2a: Alomomola
|-damage|p2a: Alomomola|26/100
|-damage|p1a: Weavile|51/100|[from] item: Life Orb
|move|p2a: Alomomola|Flip Turn|p1a: Weavile
|-damage|p1a: Weavile|23/100
|
|t:|1769350795
|switch|p2a: Incineroar|Incineroar, F|46/100|[from] Flip Turn
|-ability|p2a: Incineroar|Intimidate|boost
|-unboost|p1a: Weavile|atk|1
|
|upkeep
|turn|32
|
|t:|1769350806
|switch|p2a: Alomomola|Alomomola, M|59/100
|-terastallize|p1a: Weavile|Dark
|move|p1a: Weavile|Knock Off|p2a: Alomomola
|-damage|p2a: Alomomola|33/100
|-damage|p1a: Weavile|13/100|[from] item: Life Orb
|
|-sideend|p1: Upnotout|move: Tailwind
|upkeep
|turn|33
|-message|Upnotout forfeited.
|
|win|KING丶3266926956今余
|raw|Upnotout's rating: 1298 &rarr; <strong>1269</strong><br />(-29 for losing)
|raw|KING丶3266926956今余's rating: 1243 &rarr; <strong>1272</strong><br />(+29 for winning)
|l|☆Upnotout
|player|p1|
|l|☆KING丶3266926956今余
|player|p2|
