|j|☆Azumaya Koyuki
|j|☆Scuhbee Fluff
|t:|1769410648
|gametype|singles
|player|p1|Azumaya Koyuki|yancy|1321
|player|p2|Scuhbee Fluff|265|1245
|gen|9
|tier|[Gen 9] OU
|rated|
|rule|HP Percentage Mod: HP is shown in percentages
|rule|Endless Battle Clause: Forcing endless battles is banned
|rule|Species Clause: Limit one of each Pokémon
|rule|OHKO Clause: OHKO moves are banned
|rule|Evasion Items Clause: Evasion items are banned
|rule|Evasion Moves Clause: Evasion moves are banned
|rule|Evasion Abilities Clause: Evasion abilities are banned
|rule|Sleep Moves Clause: Sleep-inducing moves are banned
|clearpoke
|poke|p1|Iron Valiant|
|poke|p1|Excadrill, M|
|poke|p1|Tyranitar, M|
|poke|p1|Tornadus-Therian, M|
|poke|p1|Ogerpon-Cornerstone, F|
|poke|p1|Toxapex, M|
|poke|p2|Pelipper, M|
|poke|p2|Vaporeon, F|
|poke|p2|Volcanion|
|poke|p2|Quaquaval, M|
|poke|p2|Zapdos|
|poke|p2|Ogerpon-Wellspring, F|
|teampreview
|
|t:|1769410660
|teamsize|p1|6
|teamsize|p2|6
|start
|switch|p1a: Tornadus|Tornadus-Therian, M, shiny|100/100
|switch|p2a: Onion|Volcanion|100/100
|turn|1
|
|t:|1769410669
|switch|p1a: Toxapex|Toxapex, M, shiny|100/100
|move|p2a: Onion|Steam Eruption|p1a: Toxapex
|-resisted|p1a: Toxapex
|-damage|p1a: Toxapex|71/100
|-enditem|p1a: Toxapex|Eject Button
|
|t:|1769410674
|switch|p1a: Tornadus|Tornadus-Therian, M, shiny|100/100
|
|upkeep
|turn|2
|
|t:|1769410678
|move|p1a: Tornadus|Bleakwind Storm|p2a: Onion
|-damage|p2a: Onion|15/100
|-unboost|p2a: Onion|spe|1
|move|p2a: Onion|Steam Eruption|p1a: Tornadus
|-damage|p1a: Tornadus|0 fnt
|faint|p1a: Tornadus
|
|upkeep
|
|t:|1769410691
|switch|p1a: Iron Valiant|Iron Valiant, shiny|100/100
|turn|3
|
|t:|1769410695
|switch|p2a: Big Bird|Zapdos|100/100
|move|p1a: Iron Valiant|Moonblast|p2a: Big Bird
|-damage|p2a: Big Bird|34/100
|-unboost|p2a: Big Bird|spa|1
|
|upkeep
|turn|4
|
|t:|1769410704
|move|p1a: Iron Valiant|Moonblast|p2a: Big Bird
|-damage|p2a: Big Bird|0 fnt
|faint|p2a: Big Bird
|
|upkeep
|
|t:|1769410709
|switch|p2a: Toilet|Pelipper, M|100/100
|-weather|RainDance|[from] ability: Drizzle|[of] p2a: Toilet
|turn|5
|
|t:|1769410712
|-end|p1a: Iron Valiant|Quark Drive|[silent]
|switch|p1a: Tyranitar|Tyranitar, M, shiny|100/100
|-weather|Sandstorm|[from] ability: Sand Stream|[of] p1a: Tyranitar
|move|p2a: Toilet|Hurricane|p1a: Tyranitar
|-resisted|p1a: Tyranitar
|-damage|p1a: Tyranitar|87/100
|-start|p1a: Tyranitar|confusion
|
|-weather|Sandstorm|[upkeep]
|-damage|p2a: Toilet|94/100|[from] Sandstorm
|upkeep
|turn|6
|
|t:|1769410725
|switch|p2a: Queerquaval|Quaquaval, M|100/100
|-activate|p1a: Tyranitar|confusion
|-damage|p1a: Tyranitar|72/100|[from] confusion
|
|-weather|Sandstorm|[upkeep]
|-damage|p2a: Queerquaval|94/100|[from] Sandstorm
|upkeep
|turn|7
|
|t:|1769410732
|switch|p1a: Toxapex|Toxapex, M, shiny|100/100
|move|p2a: Queerquaval|Aqua Step|p1a: Toxapex
|-resisted|p1a: Toxapex
|-damage|p1a: Toxapex|87/100
|-boost|p2a: Queerquaval|spe|1
|
|-weather|Sandstorm|[upkeep]
|-damage|p2a: Queerquaval|88/100|[from] Sandstorm
|-damage|p1a: Toxapex|81/100|[from] Sandstorm
|upkeep
|turn|8
|
|t:|1769410741
|switch|p2a: Toilet|Pelipper, M|94/100
|-weather|RainDance|[from] ability: Drizzle|[of] p2a: Toilet
|move|p1a: Toxapex|Toxic|p2a: Toilet
|-status|p2a: Toilet|tox
|
|-weather|RainDance|[upkeep]
|-damage|p2a: Toilet|88/100 tox|[from] psn
|upkeep
|turn|9
|
|t:|1769410750
|switch|p1a: Tyranitar|Tyranitar, M, shiny|72/100
|-weather|Sandstorm|[from] ability: Sand Stream|[of] p1a: Tyranitar
|move|p2a: Toilet|Tailwind|p2a: Toilet
|-sidestart|p2: Scuhbee Fluff|move: Tailwind
|
|-weather|Sandstorm|[upkeep]
|-damage|p2a: Toilet|82/100 tox|[from] Sandstorm
|-damage|p2a: Toilet|70/100 tox|[from] psn
|upkeep
|turn|10
|
|t:|1769410765
|switch|p2a: Queerquaval|Quaquaval, M|88/100
|move|p1a: Tyranitar|Stealth Rock|p2a: Queerquaval
|-sidestart|p2: Scuhbee Fluff|move: Stealth Rock
|
|-weather|Sandstorm|[upkeep]
|-damage|p2a: Queerquaval|82/100|[from] Sandstorm
|upkeep
|turn|11
|
|t:|1769410771
|switch|p1a: Toxapex|Toxapex, M, shiny|100/100
|move|p2a: Queerquaval|Rapid Spin|p1a: Toxapex
|-damage|p1a: Toxapex|88/100
|-boost|p2a: Queerquaval|spe|1
|-sideend|p2: Scuhbee Fluff|Stealth Rock|[from] move: Rapid Spin|[of] p2a: Queerquaval
|
|-weather|Sandstorm|[upkeep]
|-damage|p2a: Queerquaval|76/100|[from] Sandstorm
|-damage|p1a: Toxapex|82/100|[from] Sandstorm
|upkeep
|turn|12
|
|t:|1769410779
|move|p2a: Queerquaval|Rapid Spin|p1a: Toxapex
|-damage|p1a: Toxapex|71/100
|-boost|p2a: Queerquaval|spe|1
|move|p1a: Toxapex|Toxic Spikes|p2a: Queerquaval
|-sidestart|p2: Scuhbee Fluff|move: Toxic Spikes
|
|-weather|Sandstorm|[upkeep]
|-damage|p2a: Queerquaval|70/100|[from] Sandstorm
|-damage|p1a: Toxapex|65/100|[from] Sandstorm
|-sideend|p2: Scuhbee Fluff|move: Tailwind
|upkeep
|turn|13
|
|t:|1769410787
|move|p2a: Queerquaval|Rapid Spin|p1a: Toxapex
|-damage|p1a: Toxapex|54/100
|-boost|p2a: Queerquaval|spe|1
|-sideend|p2: Scuhbee Fluff|Toxic Spikes|[from] move: Rapid Spin|[of] p2a: Queerquaval
|move|p1a: Toxapex|Toxic|p2a: Queerquaval
|-status|p2a: Queerquaval|tox
|
|-weather|Sandstorm|[upkeep]
|-damage|p2a: Queerquaval|64/100 tox|[from] Sandstorm
|-damage|p1a: Toxapex|48/100|[from] Sandstorm
|-damage|p2a: Queerquaval|58/100 tox|[from] psn
|upkeep
|turn|14
|
|t:|1769410798
|switch|p2a: Toilet|Pelipper, M|70/100 tox
|-weather|RainDance|[from] ability: Drizzle|[of] p2a: Toilet
|move|p1a: Toxapex|Recover|p1a: Toxapex
|-heal|p1a: Toxapex|98/100
|
|-weather|RainDance|[upkeep]
|-damage|p2a: Toilet|64/100 tox|[from] psn
|upkeep
|turn|15
|
|t:|1769410806
|switch|p2a: Bubbles|Vaporeon, F|100/100
|switch|p1a: Tyranitar|Tyranitar, M, shiny|72/100
|-weather|Sandstorm|[from] ability: Sand Stream|[of] p1a: Tyranitar
|
|-weather|Sandstorm|[upkeep]
|-damage|p2a: Bubbles|94/100|[from] Sandstorm
|upkeep
|turn|16
|
|t:|1769410814
|move|p1a: Tyranitar|Knock Off|p2a: Bubbles
|-crit|p2a: Bubbles
|-damage|p2a: Bubbles|0 fnt
|-enditem|p2a: Bubbles|Covert Cloak|[from] move: Knock Off|[of] p1a: Tyranitar
|faint|p2a: Bubbles
|
|-weather|Sandstorm|[upkeep]
|upkeep
|-message|Scuhbee Fluff forfeited.
|
|win|Azumaya Koyuki
|raw|Azumaya Koyuki's rating: 1321 &rarr; <strong>1337</strong><br />(+16 for winning)
|raw|Scuhbee Fluff's rating: 1245 &rarr; <strong>1225</strong><br />(-20 for losing)
|l|☆Scuhbee Fluff
|player|p2|
|l|☆Azumaya Koyuki
|player|p1|
