|badge|p1|silver|gen9ou|30-8
|uhtml|medal-msg|<div class="broadcast-blue">Curious what those medals under the avatar are? PS now has Ladder Seasons! For more information, check out the <a href="https://www.smogon.com/forums/threads/3740067/">thread on Smogon.</a></div>
|j|‽ClRCUS MAXIMUS
|j|☆Audio Peel
|t:|1769307678
|gametype|singles
|player|p1|ClRCUS MAXIMUS|rood|1873
|player|p2|Audio Peel|fisherman-gen4|1851
|gen|9
|tier|[Gen 9] OU
|rated|
|rule|HP Percentage Mod: HP is shown in percentages
|rule|Endless Battle Clause: Forcing endless battles is banned
|rule|Species Clause: Limit one of each Pokémon
|rule|OHKO Clause: OHKO moves are banned
|rule|Evasion Items Clause: Evasion items are banned
|rule|Evasion Moves Clause: Evasion moves are banned
|rule|Evasion Abilities Clause: Evasion abilities are banned
|rule|Sleep Moves Clause: Sleep-inducing moves are banned
|clearpoke
|poke|p1|Ribombee, F|
|poke|p1|Gholdengo|
|poke|p1|Great Tusk|
|poke|p1|Raging Bolt|
|poke|p1|Ogerpon-Cornerstone, F|
|poke|p1|Ceruledge, M|
|poke|p2|Kyurem|
|poke|p2|Cinderace, M|
|poke|p2|Tornadus-Therian, M|
|poke|p2|Hatterene, F|
|poke|p2|Great Tusk|
|poke|p2|Kingambit, F|
|teampreview
|inactive|Battle timer is ON: inactive players will automatically lose when time's up. (requested by Audio Peel)
|
|t:|1769307698
|teamsize|p1|6
|teamsize|p2|6
|start
|switch|p1a: Ogerpon|Ogerpon-Cornerstone, F|100/100
|switch|p2a: Tornadus|Tornadus-Therian, M|100/100
|turn|1
|
|t:|1769307703
|switch|p1a: Ribombee|Ribombee, F, shiny|100/100
|move|p2a: Tornadus|U-turn|p1a: Ribombee
|-resisted|p1a: Ribombee
|-crit|p1a: Ribombee
|-damage|p1a: Ribombee|79/100
|
|t:|1769307707
|switch|p2a: Cinderace|Cinderace, M|100/100|[from] U-turn
|
|upkeep
|turn|2
|
|t:|1769307722
|move|p1a: Ribombee|Sticky Web|p2a: Cinderace
|-sidestart|p2: Audio Peel|move: Sticky Web
|move|p2a: Cinderace|Pyro Ball|p1a: Ribombee
|-supereffective|p1a: Ribombee
|-damage|p1a: Ribombee|0 fnt
|faint|p1a: Ribombee
|
|upkeep
|
|t:|1769307728
|switch|p1a: Great Tusk|Great Tusk, shiny|100/100
|-enditem|p1a: Great Tusk|Booster Energy
|-activate|p1a: Great Tusk|ability: Protosynthesis|[fromitem]
|-start|p1a: Great Tusk|protosynthesisatk
|turn|3
|
|t:|1769307730
|move|p2a: Cinderace|Will-O-Wisp|p1a: Great Tusk
|-status|p1a: Great Tusk|brn
|move|p1a: Great Tusk|Rapid Spin|p2a: Cinderace
|-damage|p2a: Cinderace|83/100
|-boost|p1a: Great Tusk|spe|1
|
|-damage|p1a: Great Tusk|94/100 brn|[from] brn
|upkeep
|turn|4
|
|t:|1769307732
|switch|p2a: Great Tusk|Great Tusk|100/100
|-activate|p2a: Great Tusk|move: Sticky Web
|-unboost|p2a: Great Tusk|spe|1
|move|p1a: Great Tusk|Headlong Rush|p2a: Great Tusk
|-damage|p2a: Great Tusk|74/100
|-unboost|p1a: Great Tusk|def|1
|-unboost|p1a: Great Tusk|spd|1
|-damage|p1a: Great Tusk|78/100 brn|[from] item: Rocky Helmet|[of] p2a: Great Tusk
|
|-damage|p1a: Great Tusk|72/100 brn|[from] brn
|upkeep
|turn|5
|
|t:|1769307741
|-end|p1a: Great Tusk|Protosynthesis|[silent]
|switch|p1a: Gholdengo|Gholdengo, shiny|100/100
|-item|p1a: Gholdengo|Air Balloon
|move|p2a: Great Tusk|Ice Spinner|p1a: Gholdengo
|-resisted|p1a: Gholdengo
|-damage|p1a: Gholdengo|88/100
|-enditem|p1a: Gholdengo|Air Balloon
|
|upkeep
|turn|6
|
|t:|1769307744
|-end|p2a: Great Tusk|Protosynthesis|[silent]
|switch|p2a: Cinderace|Cinderace, M|83/100
|move|p1a: Gholdengo|Shadow Ball|p2a: Cinderace
|-damage|p2a: Cinderace|18/100
|
|upkeep
|turn|7
|
|t:|1769307750
|switch|p1a: Great Tusk|Great Tusk, shiny|72/100 brn
|move|p2a: Cinderace|Pyro Ball|p1a: Great Tusk|[miss]
|-miss|p2a: Cinderace|p1a: Great Tusk
|
|-damage|p1a: Great Tusk|65/100 brn|[from] brn
|upkeep
|turn|8
|
|t:|1769307754
|move|p2a: Cinderace|U-turn|p1a: Great Tusk
|-start|p2a: Cinderace|typechange|Bug|[from] ability: Libero
|-resisted|p1a: Great Tusk
|-damage|p1a: Great Tusk|53/100 brn
|
|t:|1769307756
|switch|p2a: Great Tusk|Great Tusk|74/100|[from] U-turn
|-activate|p2a: Great Tusk|move: Sticky Web
|-unboost|p2a: Great Tusk|spe|1
|move|p1a: Great Tusk|Rapid Spin|p2a: Great Tusk
|-damage|p2a: Great Tusk|69/100
|-boost|p1a: Great Tusk|spe|1
|-damage|p1a: Great Tusk|37/100 brn|[from] item: Rocky Helmet|[of] p2a: Great Tusk
|
|-damage|p1a: Great Tusk|31/100 brn|[from] brn
|upkeep
|turn|9
|
|t:|1769307761
|move|p1a: Great Tusk|Headlong Rush|p2a: Great Tusk
|-damage|p2a: Great Tusk|50/100
|-unboost|p1a: Great Tusk|def|1
|-unboost|p1a: Great Tusk|spd|1
|-damage|p1a: Great Tusk|14/100 brn|[from] item: Rocky Helmet|[of] p2a: Great Tusk
|move|p2a: Great Tusk|Rapid Spin|p1a: Great Tusk
|-damage|p1a: Great Tusk|0 fnt
|-boost|p2a: Great Tusk|spe|1
|-sideend|p2: Audio Peel|Sticky Web|[from] move: Rapid Spin|[of] p2a: Great Tusk
|faint|p1a: Great Tusk
|-end|p1a: Great Tusk|Protosynthesis|[silent]
|
|upkeep
|
|t:|1769307766
|switch|p1a: Ceruledge|Ceruledge, M, shiny|100/100
|turn|10
|
|t:|1769307771
|move|p2a: Great Tusk|Headlong Rush|p1a: Ceruledge
|-supereffective|p1a: Ceruledge
|-enditem|p1a: Ceruledge|Focus Sash
|-damage|p1a: Ceruledge|1/100
|-unboost|p2a: Great Tusk|def|1
|-unboost|p2a: Great Tusk|spd|1
|-ability|p1a: Ceruledge|Weak Armor|boost
|-unboost|p1a: Ceruledge|def|1
|-boost|p1a: Ceruledge|spe|2
|move|p1a: Ceruledge|Swords Dance|p1a: Ceruledge
|-boost|p1a: Ceruledge|atk|2
|
|upkeep
|turn|11
|
|t:|1769307778
|move|p1a: Ceruledge|Close Combat|p2a: Great Tusk
|-damage|p2a: Great Tusk|0 fnt
|-unboost|p1a: Ceruledge|def|1
|-unboost|p1a: Ceruledge|spd|1
|-damage|p1a: Ceruledge|0 fnt|[from] item: Rocky Helmet|[of] p2a: Great Tusk
|faint|p2a: Great Tusk
|-end|p2a: Great Tusk|Protosynthesis|[silent]
|faint|p1a: Ceruledge
|
|upkeep
|
|t:|1769307794
|switch|p2a: Tornadus|Tornadus-Therian, M|100/100
|switch|p1a: Gholdengo|Gholdengo, shiny|88/100
|turn|12
|
|t:|1769307796
|move|p2a: Tornadus|Heat Wave|p1a: Gholdengo
|-supereffective|p1a: Gholdengo
|-damage|p1a: Gholdengo|36/100
|move|p1a: Gholdengo|Shadow Ball|p2a: Tornadus
|-damage|p2a: Tornadus|70/100
|
|upkeep
|turn|13
|
|t:|1769307800
|switch|p1a: Raging Bolt|Raging Bolt|100/100
|-enditem|p1a: Raging Bolt|Booster Energy
|-activate|p1a: Raging Bolt|ability: Protosynthesis|[fromitem]
|-start|p1a: Raging Bolt|protosynthesisspa
|move|p2a: Tornadus|Heat Wave|p1a: Raging Bolt
|-resisted|p1a: Raging Bolt
|-damage|p1a: Raging Bolt|90/100
|
|upkeep
|turn|14
|
|t:|1769307805
|move|p2a: Tornadus|U-turn|p1a: Raging Bolt
|-damage|p1a: Raging Bolt|77/100
|
|t:|1769307809
|switch|p2a: Hatterene|Hatterene, F|100/100|[from] U-turn
|move|p1a: Raging Bolt|Dragon Pulse|p2a: Hatterene
|-immune|p2a: Hatterene
|
|upkeep
|turn|15
|
|t:|1769307812
|move|p1a: Raging Bolt|Thunderbolt|p2a: Hatterene
|-damage|p2a: Hatterene|27/100
|move|p2a: Hatterene|Draining Kiss|p1a: Raging Bolt
|-supereffective|p1a: Raging Bolt
|-damage|p1a: Raging Bolt|36/100
|-heal|p2a: Hatterene|64/100|[from] drain|[of] p1a: Raging Bolt
|
|-heal|p2a: Hatterene|70/100|[from] item: Leftovers
|upkeep
|turn|16
|
|t:|1769307815
|move|p1a: Raging Bolt|Thunderbolt|p2a: Hatterene
|-damage|p2a: Hatterene|0 fnt
|faint|p2a: Hatterene
|
|upkeep
|
|t:|1769307817
|switch|p2a: Kyurem|Kyurem|100/100
|-ability|p2a: Kyurem|Pressure
|turn|17
|
|t:|1769307819
|move|p2a: Kyurem|Ice Beam|p1a: Raging Bolt
|-supereffective|p1a: Raging Bolt
|-damage|p1a: Raging Bolt|0 fnt
|faint|p1a: Raging Bolt
|-end|p1a: Raging Bolt|Protosynthesis|[silent]
|
|upkeep
|
|t:|1769307822
|switch|p1a: Gholdengo|Gholdengo, shiny|36/100
|turn|18
|
|t:|1769307825
|switch|p2a: Tornadus|Tornadus-Therian, M|100/100
|move|p1a: Gholdengo|Shadow Ball|p2a: Tornadus
|-damage|p2a: Tornadus|69/100
|
|upkeep
|turn|19
|
|t:|1769307828
|move|p2a: Tornadus|Heat Wave|p1a: Gholdengo
|-supereffective|p1a: Gholdengo
|-crit|p1a: Gholdengo
|-damage|p1a: Gholdengo|0 fnt
|faint|p1a: Gholdengo
|
|upkeep
|
|t:|1769307830
|switch|p1a: Ogerpon|Ogerpon-Cornerstone, F|100/100
|turn|20
|
|t:|1769307832
|-terastallize|p1a: Ogerpon|Rock
|detailschange|p1a: Ogerpon|Ogerpon-Cornerstone-Tera, F, tera:Rock
|-ability|p1a: Ogerpon|Embody Aspect (Cornerstone)|boost
|-boost|p1a: Ogerpon|def|1
|move|p2a: Tornadus|U-turn|p1a: Ogerpon
|-damage|p1a: Ogerpon|89/100
|
|t:|1769307837
|switch|p2a: Cinderace|Cinderace, M|18/100|[from] U-turn
|move|p1a: Ogerpon|Ivy Cudgel|p2a: Cinderace|[anim] Ivy Cudgel Rock
|-supereffective|p2a: Cinderace
|-damage|p2a: Cinderace|0 fnt
|faint|p2a: Cinderace
|
|upkeep
|
|t:|1769307844
|switch|p2a: Kyurem|Kyurem|100/100
|-ability|p2a: Kyurem|Pressure
|turn|21
|
|t:|1769307846
|-terastallize|p2a: Kyurem|Fairy
|move|p1a: Ogerpon|Power Whip|p2a: Kyurem
|-damage|p2a: Kyurem|27/100
|move|p2a: Kyurem|Earth Power|p1a: Ogerpon
|-supereffective|p1a: Ogerpon
|-damage|p1a: Ogerpon|0 fnt
|faint|p1a: Ogerpon
|detailschange|p1: Ogerpon|Ogerpon-Cornerstone, F|[silent]
|
|win|Audio Peel
|raw|ClRCUS MAXIMUS's rating: 1873 &rarr; <strong>1852</strong><br />(-21 for losing)
|raw|Audio Peel's rating: 1851 &rarr; <strong>1872</strong><br />(+21 for winning)
|l|‽ClRCUS MAXIMUS
|player|p1|
|l|☆Audio Peel
|player|p2|
