|j|☆gholdengofinance
|j|☆IVN CRDZ
|t:|1769426691
|gametype|singles
|player|p1|gholdengofinance|leaf-masters2|1648
|player|p2|IVN CRDZ|lass-gen4|1664
|gen|9
|tier|[Gen 9] OU
|rated|
|rule|HP Percentage Mod: HP is shown in percentages
|rule|Endless Battle Clause: Forcing endless battles is banned
|rule|Species Clause: Limit one of each Pokémon
|rule|OHKO Clause: OHKO moves are banned
|rule|Evasion Items Clause: Evasion items are banned
|rule|Evasion Moves Clause: Evasion moves are banned
|rule|Evasion Abilities Clause: Evasion abilities are banned
|rule|Sleep Moves Clause: Sleep-inducing moves are banned
|clearpoke
|poke|p1|Pecharunt|
|poke|p1|Cinderace, F|
|poke|p1|Iron Valiant|
|poke|p1|Kingambit, F|
|poke|p1|Landorus-Therian, M|
|poke|p1|Kyurem|
|poke|p2|Pincurchin, M|
|poke|p2|Iron Valiant|
|poke|p2|Raging Bolt|
|poke|p2|Iron Treads|
|poke|p2|Hawlucha, M|
|poke|p2|Pecharunt|
|teampreview
|inactive|Battle timer is ON: inactive players will automatically lose when time's up. (requested by gholdengofinance)
|inactive|IVN CRDZ has 120 seconds left.
|l|☆gholdengofinance
|inactive|gholdengofinance disconnected and has a minute to reconnect!
|player|p1|
|j|☆gholdengofinance
|inactive|gholdengofinance reconnected.
|player|p1|gholdengofinance|leaf-masters2|
|inactive|IVN CRDZ has 90 seconds left.
|
|t:|1769426772
|teamsize|p1|6
|teamsize|p2|6
|start
|switch|p1a: Cinderace|Cinderace, F|100/100
|switch|p2a: Iron Valiant|Iron Valiant|100/100
|turn|1
|
|t:|1769426778
|move|p1a: Cinderace|Pyro Ball|p2a: Iron Valiant
|-damage|p2a: Iron Valiant|32/100
|move|p2a: Iron Valiant|Knock Off|p1a: Cinderace
|-damage|p1a: Cinderace|47/100
|-enditem|p1a: Cinderace|Heavy-Duty Boots|[from] move: Knock Off|[of] p2a: Iron Valiant
|-damage|p2a: Iron Valiant|22/100|[from] item: Life Orb
|
|upkeep
|turn|2
|
|t:|1769426796
|-end|p2a: Iron Valiant|Quark Drive|[silent]
|switch|p2a: Pecharunt|Pecharunt|100/100
|move|p1a: Cinderace|Pyro Ball|p2a: Pecharunt
|-damage|p2a: Pecharunt|71/100
|
|upkeep
|turn|3
|
|t:|1769426802
|move|p1a: Cinderace|U-turn|p2a: Pecharunt
|-start|p1a: Cinderace|typechange|Bug|[from] ability: Libero
|-resisted|p2a: Pecharunt
|-damage|p2a: Pecharunt|67/100
|-damage|p1a: Cinderace|31/100|[from] item: Rocky Helmet|[of] p2a: Pecharunt
|
|t:|1769426804
|switch|p1a: Kingambit|Kingambit, F|100/100|[from] U-turn
|move|p2a: Pecharunt|Parting Shot|p1a: Kingambit
|-unboost|p1a: Kingambit|atk|1
|-ability|p1a: Kingambit|Defiant|boost
|-boost|p1a: Kingambit|atk|2
|-unboost|p1a: Kingambit|spa|1
|-ability|p1a: Kingambit|Defiant|boost
|-boost|p1a: Kingambit|atk|2
|
|t:|1769426810
|switch|p2a: Hawlucha|Hawlucha, M|100/100|[from] Parting Shot
|
|upkeep
|turn|4
|
|t:|1769426815
|-terastallize|p1a: Kingambit|Fairy
|move|p2a: Hawlucha|Close Combat|p1a: Kingambit
|-resisted|p1a: Kingambit
|-damage|p1a: Kingambit|81/100
|-unboost|p2a: Hawlucha|def|1
|-unboost|p2a: Hawlucha|spd|1
|move|p1a: Kingambit|Iron Head|p2a: Hawlucha
|-damage|p2a: Hawlucha|0 fnt
|faint|p2a: Hawlucha
|
|upkeep
|
|t:|1769426821
|switch|p2a: Iron Valiant|Iron Valiant|22/100
|turn|5
|
|t:|1769426823
|move|p2a: Iron Valiant|Destiny Bond|p2a: Iron Valiant
|-singlemove|p2a: Iron Valiant|Destiny Bond
|move|p1a: Kingambit|Iron Head|p2a: Iron Valiant
|-supereffective|p2a: Iron Valiant
|-damage|p2a: Iron Valiant|0 fnt
|faint|p2a: Iron Valiant
|-activate|p2a: Iron Valiant|move: Destiny Bond
|-end|p2a: Iron Valiant|Quark Drive|[silent]
|faint|p1a: Kingambit
|
|upkeep
|
|t:|1769426827
|switch|p2a: Pincurchin|Pincurchin, M, shiny|100/100
|switch|p1a: Landorus|Landorus-Therian, M|100/100
|-ability|p1a: Landorus|Intimidate|boost
|-unboost|p2a: Pincurchin|atk|1
|-fieldstart|move: Electric Terrain|[from] ability: Electric Surge|[of] p2a: Pincurchin
|turn|6
|j| deadbyflinch
|
|t:|1769426831
|move|p1a: Landorus|Sandsear Storm|p2a: Pincurchin
|-supereffective|p2a: Pincurchin
|-damage|p2a: Pincurchin|28/100
|move|p2a: Pincurchin|Spikes|p1a: Landorus
|-sidestart|p1: gholdengofinance|Spikes
|
|upkeep
|turn|7
|
|t:|1769426834
|switch|p2a: Iron Treads|Iron Treads|100/100
|-item|p2a: Iron Treads|Air Balloon
|-activate|p2a: Iron Treads|ability: Quark Drive
|-start|p2a: Iron Treads|quarkdrivespe
|move|p1a: Landorus|Stealth Rock|p2a: Iron Treads
|-sidestart|p2: IVN CRDZ|move: Stealth Rock
|
|upkeep
|turn|8
|
|t:|1769426841
|move|p2a: Iron Treads|Ice Spinner|p1a: Landorus
|-supereffective|p1a: Landorus
|-damage|p1a: Landorus|0 fnt
|-damage|p2a: Iron Treads|84/100|[from] item: Rocky Helmet|[of] p1a: Landorus
|-fieldend|move: Electric Terrain
|-end|p2a: Iron Treads|Quark Drive
|faint|p1a: Landorus
|
|upkeep
|
|t:|1769426844
|switch|p1a: Cinderace|Cinderace, F|31/100
|-damage|p1a: Cinderace|18/100|[from] Spikes
|turn|9
|
|t:|1769426852
|-end|p2a: Iron Treads|Quark Drive|[silent]
|switch|p2a: Pecharunt|Pecharunt|67/100
|-damage|p2a: Pecharunt|54/100|[from] Stealth Rock
|move|p1a: Cinderace|Pyro Ball|p2a: Pecharunt
|-damage|p2a: Pecharunt|27/100
|
|upkeep
|turn|10
|
|t:|1769426858
|move|p1a: Cinderace|Pyro Ball|p2a: Pecharunt
|-damage|p2a: Pecharunt|0 fnt
|faint|p2a: Pecharunt
|
|upkeep
|
|t:|1769426861
|switch|p2a: Pincurchin|Pincurchin, M, shiny|28/100
|-damage|p2a: Pincurchin|16/100|[from] Stealth Rock
|-fieldstart|move: Electric Terrain|[from] ability: Electric Surge|[of] p2a: Pincurchin
|turn|11
|
|t:|1769426862
|move|p1a: Cinderace|Pyro Ball|p2a: Pincurchin
|-damage|p2a: Pincurchin|0 fnt
|faint|p2a: Pincurchin
|
|upkeep
|
|t:|1769426864
|switch|p2a: Iron Treads|Iron Treads|84/100
|-damage|p2a: Iron Treads|81/100|[from] Stealth Rock
|-item|p2a: Iron Treads|Air Balloon
|-activate|p2a: Iron Treads|ability: Quark Drive
|-start|p2a: Iron Treads|quarkdrivespe
|turn|12
|
|t:|1769426870
|switch|p1a: Pecharunt|Pecharunt|100/100
|move|p2a: Iron Treads|Rapid Spin|p1a: Pecharunt
|-immune|p1a: Pecharunt
|
|upkeep
|turn|13
|
|t:|1769426875
|move|p2a: Iron Treads|Stealth Rock|p1a: Pecharunt
|-sidestart|p1: gholdengofinance|move: Stealth Rock
|move|p1a: Pecharunt|Shadow Ball|p2a: Iron Treads
|-damage|p2a: Iron Treads|48/100
|-unboost|p2a: Iron Treads|spd|1
|-enditem|p2a: Iron Treads|Air Balloon
|
|upkeep
|turn|14
|
|t:|1769426878
|move|p2a: Iron Treads|Earthquake|p1a: Pecharunt
|-supereffective|p1a: Pecharunt
|-damage|p1a: Pecharunt|59/100
|move|p1a: Pecharunt|Shadow Ball|p2a: Iron Treads
|-damage|p2a: Iron Treads|0 fnt
|faint|p2a: Iron Treads
|-end|p2a: Iron Treads|Quark Drive|[silent]
|
|upkeep
|
|t:|1769426881
|switch|p2a: Raging Bolt|Raging Bolt|100/100
|-damage|p2a: Raging Bolt|88/100|[from] Stealth Rock
|turn|15
|
|t:|1769426884
|move|p2a: Raging Bolt|Rising Voltage|p1a: Pecharunt
|-hint|Rising Voltage's BP doubled on grounded target.
|-damage|p1a: Pecharunt|0 fnt
|faint|p1a: Pecharunt
|
|upkeep
|
|t:|1769426888
|switch|p1a: Kyurem|Kyurem|100/100
|-damage|p1a: Kyurem|88/100|[from] Spikes
|-damage|p1a: Kyurem|63/100|[from] Stealth Rock
|-ability|p1a: Kyurem|Pressure
|turn|16
|
|t:|1769426894
|-terastallize|p2a: Raging Bolt|Electric
|move|p1a: Kyurem|Freeze-Dry|p2a: Raging Bolt
|-damage|p2a: Raging Bolt|33/100
|move|p2a: Raging Bolt|Rising Voltage|p1a: Kyurem
|-hint|Rising Voltage's BP doubled on grounded target.
|-resisted|p1a: Kyurem
|-damage|p1a: Kyurem|0 fnt
|faint|p1a: Kyurem
|
|upkeep
|
|t:|1769426904
|switch|p1a: Iron Valiant|Iron Valiant|100/100
|-damage|p1a: Iron Valiant|88/100|[from] Spikes
|-damage|p1a: Iron Valiant|82/100|[from] Stealth Rock
|-activate|p1a: Iron Valiant|ability: Quark Drive
|-start|p1a: Iron Valiant|quarkdrivespe
|turn|17
|
|t:|1769426906
|-end|p1a: Iron Valiant|Quark Drive|[silent]
|switch|p1a: Cinderace|Cinderace, F|18/100
|-damage|p1a: Cinderace|6/100|[from] Spikes
|-damage|p1a: Cinderace|0 fnt|[from] Stealth Rock
|faint|p1a: Cinderace
|move|p2a: Raging Bolt|Rising Voltage|p1: Cinderace|[notarget]
|-fail|p2a: Raging Bolt
|
|upkeep
|
|t:|1769426908
|switch|p1a: Iron Valiant|Iron Valiant|82/100
|-damage|p1a: Iron Valiant|69/100|[from] Spikes
|-damage|p1a: Iron Valiant|63/100|[from] Stealth Rock
|-activate|p1a: Iron Valiant|ability: Quark Drive
|-start|p1a: Iron Valiant|quarkdrivespe
|turn|18
|
|t:|1769426909
|move|p1a: Iron Valiant|Moonblast|p2a: Raging Bolt
|-damage|p2a: Raging Bolt|0 fnt
|faint|p2a: Raging Bolt
|-end|p2a: Raging Bolt|Protosynthesis|[silent]
|
|win|gholdengofinance
|raw|gholdengofinance's rating: 1648 &rarr; <strong>1667</strong><br />(+19 for winning)
|raw|IVN CRDZ's rating: 1638 &rarr; <strong>1619</strong><br />(-19 for losing)
|l|☆IVN CRDZ
|player|p2|
|l|☆gholdengofinance
|player|p1|
|l| deadbyflinch
