|j|☆INTZ2902
|j|☆R4F43L_BW
|t:|1769404243
|gametype|singles
|player|p1|INTZ2902|266|1165
|player|p2|R4F43L_BW|1|1212
|gen|9
|tier|[Gen 9] OU
|rated|
|rule|HP Percentage Mod: HP is shown in percentages
|rule|Endless Battle Clause: Forcing endless battles is banned
|rule|Species Clause: Limit one of each Pokémon
|rule|OHKO Clause: OHKO moves are banned
|rule|Evasion Items Clause: Evasion items are banned
|rule|Evasion Moves Clause: Evasion moves are banned
|rule|Evasion Abilities Clause: Evasion abilities are banned
|rule|Sleep Moves Clause: Sleep-inducing moves are banned
|clearpoke
|poke|p1|Zapdos|
|poke|p1|Hatterene, F|
|poke|p1|Garchomp, F|
|poke|p1|Umbreon, M|
|poke|p1|Scizor, M|
|poke|p1|Zoroark-Hisui, M|
|poke|p2|Hoopa-Unbound|
|poke|p2|Great Tusk|
|poke|p2|Zamazenta-*|
|poke|p2|Zapdos|
|poke|p2|Slowking-Galar, F|
|poke|p2|Scizor, M|
|teampreview
|
|t:|1769404260
|teamsize|p1|6
|teamsize|p2|6
|start
|switch|p1a: Garchomp|Garchomp, F|100/100
|switch|p2a: Great Tusk|Great Tusk|100/100
|-enditem|p2a: Great Tusk|Booster Energy
|-activate|p2a: Great Tusk|ability: Protosynthesis|[fromitem]
|-start|p2a: Great Tusk|protosynthesisatk
|turn|1
|
|t:|1769404269
|switch|p1a: Hatterene|Hatterene, F|100/100
|move|p2a: Great Tusk|Ice Spinner|p1a: Hatterene
|-damage|p1a: Hatterene|60/100
|
|-heal|p1a: Hatterene|66/100|[from] item: Leftovers
|upkeep
|turn|2
|
|t:|1769404278
|move|p2a: Great Tusk|Headlong Rush|p1a: Hatterene
|-crit|p1a: Hatterene
|-damage|p1a: Hatterene|0 fnt
|-unboost|p2a: Great Tusk|def|1
|-unboost|p2a: Great Tusk|spd|1
|faint|p1a: Hatterene
|
|upkeep
|
|t:|1769404292
|switch|p1a: Zapdos|Zapdos|100/100
|turn|3
|
|t:|1769404298
|move|p2a: Great Tusk|Ice Spinner|p1a: Zapdos
|-supereffective|p1a: Zapdos
|-damage|p1a: Zapdos|53/100
|move|p1a: Zapdos|Heat Wave|p2a: Great Tusk|[miss]
|-miss|p1a: Zapdos|p2a: Great Tusk
|
|-heal|p1a: Zapdos|59/100|[from] item: Leftovers
|upkeep
|turn|4
|
|t:|1769404308
|switch|p1a: Umbreon|Umbreon, M|100/100
|move|p2a: Great Tusk|Stealth Rock|p1a: Umbreon
|-sidestart|p1: INTZ2902|move: Stealth Rock
|
|upkeep
|turn|5
|
|t:|1769404315
|move|p2a: Great Tusk|Rapid Spin|p1a: Umbreon
|-damage|p1a: Umbreon|87/100
|-boost|p2a: Great Tusk|spe|1
|move|p1a: Umbreon|Foul Play|p2a: Great Tusk
|-resisted|p2a: Great Tusk
|-damage|p2a: Great Tusk|72/100
|
|-heal|p1a: Umbreon|93/100|[from] item: Leftovers
|upkeep
|turn|6
|
|t:|1769404327
|move|p2a: Great Tusk|Rapid Spin|p1a: Umbreon
|-crit|p1a: Umbreon
|-damage|p1a: Umbreon|72/100
|-boost|p2a: Great Tusk|spe|1
|move|p1a: Umbreon|Toxic|p2a: Great Tusk
|-status|p2a: Great Tusk|tox
|
|-heal|p1a: Umbreon|78/100|[from] item: Leftovers
|-damage|p2a: Great Tusk|65/100 tox|[from] psn
|upkeep
|turn|7
|
|t:|1769404340
|move|p2a: Great Tusk|Headlong Rush|p1a: Umbreon
|-damage|p1a: Umbreon|29/100
|-unboost|p2a: Great Tusk|def|1
|-unboost|p2a: Great Tusk|spd|1
|move|p1a: Umbreon|Wish|p1a: Umbreon
|
|-heal|p1a: Umbreon|35/100|[from] item: Leftovers
|-damage|p2a: Great Tusk|53/100 tox|[from] psn
|upkeep
|turn|8
|
|t:|1769404355
|switch|p1a: Garchomp|Garchomp, F|100/100
|-damage|p1a: Garchomp|88/100|[from] Stealth Rock
|move|p2a: Great Tusk|Headlong Rush|p1a: Garchomp
|-damage|p1a: Garchomp|0 fnt
|-unboost|p2a: Great Tusk|def|1
|-unboost|p2a: Great Tusk|spd|1
|replace|p1a: Zoroark|Zoroark-Hisui, M
|-end|p1a: Zoroark|Illusion
|faint|p1a: Zoroark
|
|-damage|p2a: Great Tusk|34/100 tox|[from] psn
|upkeep
|
|t:|1769404368
|switch|p1a: Garchomp|Garchomp, F|100/100
|-damage|p1a: Garchomp|94/100|[from] Stealth Rock
|turn|9
|
|t:|1769404373
|switch|p1a: Scizor|Scizor, M|100/100
|-damage|p1a: Scizor|88/100|[from] Stealth Rock
|move|p2a: Great Tusk|Ice Spinner|p1a: Scizor
|-resisted|p1a: Scizor
|-damage|p1a: Scizor|70/100
|
|-damage|p2a: Great Tusk|10/100 tox|[from] psn
|upkeep
|turn|10
|
|t:|1769404385
|move|p1a: Scizor|Bullet Punch|p2a: Great Tusk
|-damage|p2a: Great Tusk|0 fnt
|faint|p2a: Great Tusk
|-end|p2a: Great Tusk|Protosynthesis|[silent]
|
|upkeep
|inactive|Battle timer is ON: inactive players will automatically lose when time's up. (requested by INTZ2902)
|
|t:|1769404405
|switch|p2a: Zapdos|Zapdos|100/100
|turn|11
|
|t:|1769404422
|move|p2a: Zapdos|Heat Wave|p1a: Scizor
|-supereffective|p1a: Scizor
|-damage|p1a: Scizor|0 fnt
|faint|p1a: Scizor
|
|upkeep
|
|t:|1769404427
|switch|p1a: Garchomp|Garchomp, F|94/100
|-damage|p1a: Garchomp|88/100|[from] Stealth Rock
|turn|12
|
|t:|1769404437
|move|p2a: Zapdos|Hurricane|p1a: Garchomp
|-damage|p1a: Garchomp|30/100
|move|p1a: Garchomp|Draco Meteor|p2a: Zapdos
|-damage|p2a: Zapdos|38/100
|-unboost|p1a: Garchomp|spa|2
|-enditem|p1a: Garchomp|Eject Pack
|
|t:|1769404446
|switch|p1a: Zapdos|Zapdos|59/100
|-damage|p1a: Zapdos|34/100|[from] Stealth Rock
|
|-heal|p1a: Zapdos|41/100|[from] item: Leftovers
|upkeep
|turn|13
|-message|INTZ2902 forfeited.
|
|win|R4F43L_BW
|raw|INTZ2902's rating: 1165 &rarr; <strong>1143</strong><br />(-22 for losing)
|raw|R4F43L_BW's rating: 1212 &rarr; <strong>1234</strong><br />(+22 for winning)
|l|☆INTZ2902
|player|p1|
|l|☆R4F43L_BW
|player|p2|
