|j|☆clsxmn4保姆曼波侠
|j|☆Moltov91
|t:|1769340246
|gametype|singles
|player|p1|clsxmn4保姆曼波侠|parasollady|1107
|player|p2|Moltov91|170|1168
|gen|9
|tier|[Gen 9] OU
|rated|
|rule|HP Percentage Mod: HP is shown in percentages
|rule|Endless Battle Clause: Forcing endless battles is banned
|rule|Species Clause: Limit one of each Pokémon
|rule|OHKO Clause: OHKO moves are banned
|rule|Evasion Items Clause: Evasion items are banned
|rule|Evasion Moves Clause: Evasion moves are banned
|rule|Evasion Abilities Clause: Evasion abilities are banned
|rule|Sleep Moves Clause: Sleep-inducing moves are banned
|clearpoke
|poke|p1|Landorus-Therian, M|
|poke|p1|Alomomola, F|
|poke|p1|Iron Treads|
|poke|p1|Ursaluna, M|
|poke|p1|Rotom-Heat|
|poke|p1|Ogerpon-Wellspring, F|
|poke|p2|Great Tusk|
|poke|p2|Raging Bolt|
|poke|p2|Slowking-Galar, F|
|poke|p2|Kingambit, F|
|poke|p2|Corviknight, M|
|poke|p2|Dragapult, F|
|teampreview
|
|t:|1769340261
|teamsize|p1|6
|teamsize|p2|6
|start
|switch|p1a: Rotom|Rotom-Heat|100/100
|switch|p2a: Corviknight|Corviknight, M, shiny|100/100
|-ability|p2a: Corviknight|Unnerve
|turn|1
|
|t:|1769340275
|switch|p2a: Great Tusk|Great Tusk|100/100
|move|p1a: Rotom|Will-O-Wisp|p2a: Great Tusk
|-status|p2a: Great Tusk|brn
|
|-damage|p2a: Great Tusk|94/100 brn|[from] brn
|upkeep
|turn|2
|inactive|Battle timer is ON: inactive players will automatically lose when time's up. (requested by Moltov91)
|
|t:|1769340292
|switch|p1a: Alomomola|Alomomola, F|100/100
|move|p2a: Great Tusk|Stealth Rock|p1a: Alomomola
|-sidestart|p1: clsxmn4保姆曼波侠|move: Stealth Rock
|
|-damage|p2a: Great Tusk|88/100 brn|[from] brn
|upkeep
|turn|3
|
|t:|1769340301
|-end|p2a: Great Tusk|Protosynthesis|[silent]
|switch|p2a: Slowking|Slowking-Galar, F|100/100
|move|p1a: Alomomola|Flip Turn|p2a: Slowking
|-damage|p2a: Slowking|83/100
|
|t:|1769340310
|switch|p1a: Ursaluna|Ursaluna, M|100/100|[from] Flip Turn
|-damage|p1a: Ursaluna|94/100|[from] Stealth Rock
|
|-status|p1a: Ursaluna|brn|[from] item: Flame Orb
|upkeep
|turn|4
|
|t:|1769340320
|switch|p2a: Great Tusk|Great Tusk|88/100 brn
|move|p1a: Ursaluna|Trailblaze|p2a: Great Tusk
|-supereffective|p2a: Great Tusk
|-damage|p2a: Great Tusk|48/100 brn
|-boost|p1a: Ursaluna|spe|1
|
|-damage|p2a: Great Tusk|41/100 brn|[from] brn
|-damage|p1a: Ursaluna|88/100 brn|[from] brn
|upkeep
|turn|5
|
|t:|1769340332
|move|p2a: Great Tusk|Brick Break|p1a: Ursaluna
|-supereffective|p1a: Ursaluna
|-damage|p1a: Ursaluna|47/100 brn
|-damage|p2a: Great Tusk|31/100 brn|[from] item: Life Orb
|move|p1a: Ursaluna|Trailblaze|p2a: Great Tusk
|-supereffective|p2a: Great Tusk
|-damage|p2a: Great Tusk|0 fnt
|-boost|p1a: Ursaluna|spe|1
|faint|p2a: Great Tusk
|-end|p2a: Great Tusk|Protosynthesis|[silent]
|
|-damage|p1a: Ursaluna|41/100 brn|[from] brn
|upkeep
|
|t:|1769340337
|switch|p2a: Dragapult|Dragapult, F|100/100
|turn|6
|
|t:|1769340346
|switch|p2a: Corviknight|Corviknight, M, shiny|100/100
|-ability|p2a: Corviknight|Unnerve
|move|p1a: Ursaluna|Earthquake|p2a: Corviknight
|-immune|p2a: Corviknight
|
|-damage|p1a: Ursaluna|35/100 brn|[from] brn
|upkeep
|turn|7
|
|t:|1769340355
|move|p1a: Ursaluna|Facade|p2a: Corviknight
|-resisted|p2a: Corviknight
|-damage|p2a: Corviknight|63/100
|-damage|p1a: Ursaluna|19/100 brn|[from] item: Rocky Helmet|[of] p2a: Corviknight
|move|p2a: Corviknight|Brave Bird|p1a: Ursaluna
|-damage|p1a: Ursaluna|0 fnt
|faint|p1a: Ursaluna
|-damage|p2a: Corviknight|56/100|[from] Recoil
|
|upkeep
|
|t:|1769340365
|switch|p1a: Rotom|Rotom-Heat|100/100
|turn|8
|
|t:|1769340371
|switch|p2a: Slowking|Slowking-Galar, F|100/100
|move|p1a: Rotom|Volt Switch|p2a: Slowking
|-damage|p2a: Slowking|82/100
|
|t:|1769340377
|switch|p1a: Landorus|Landorus-Therian, M|100/100|[from] Volt Switch
|-damage|p1a: Landorus|88/100|[from] Stealth Rock
|-ability|p1a: Landorus|Intimidate|boost
|-unboost|p2a: Slowking|atk|1
|
|upkeep
|turn|9
|
|t:|1769340389
|switch|p1a: Rotom|Rotom-Heat|100/100
|switch|p2a: Corviknight|Corviknight, M, shiny|56/100
|-ability|p2a: Corviknight|Unnerve
|
|upkeep
|turn|10
|
|t:|1769340400
|switch|p2a: Slowking|Slowking-Galar, F|100/100
|move|p1a: Rotom|Overheat|p2a: Slowking
|-damage|p2a: Slowking|62/100
|-unboost|p1a: Rotom|spa|2
|
|upkeep
|turn|11
|
|t:|1769340408
|move|p1a: Rotom|Volt Switch|p2a: Slowking
|-damage|p2a: Slowking|53/100
|
|t:|1769340416
|switch|p1a: Iron Treads|Iron Treads|100/100|[from] Volt Switch
|-damage|p1a: Iron Treads|97/100|[from] Stealth Rock
|move|p2a: Slowking|Toxic|p1a: Iron Treads
|-immune|p1a: Iron Treads
|
|upkeep
|turn|12
|
|t:|1769340436
|switch|p2a: Dragapult|Dragapult, F|100/100
|move|p1a: Iron Treads|Rapid Spin|p2a: Dragapult
|-immune|p2a: Dragapult
|
|upkeep
|turn|13
|
|t:|1769340449
|move|p2a: Dragapult|Shadow Ball|p1a: Iron Treads
|-damage|p1a: Iron Treads|54/100
|move|p1a: Iron Treads|Knock Off|p2a: Dragapult
|-supereffective|p2a: Dragapult
|-crit|p2a: Dragapult
|-damage|p2a: Dragapult|0 fnt
|-start|p1a: Iron Treads|Disable|Knock Off|[from] ability: Cursed Body|[of] p2a: Dragapult
|-enditem|p2a: Dragapult|Choice Specs|[from] move: Knock Off|[of] p1a: Iron Treads
|faint|p2a: Dragapult
|
|upkeep
|
|t:|1769340465
|switch|p2a: Raging Bolt|Raging Bolt|100/100
|turn|14
|
|t:|1769340488
|-terastallize|p2a: Raging Bolt|Flying
|move|p1a: Iron Treads|Ice Spinner|p2a: Raging Bolt
|-supereffective|p2a: Raging Bolt
|-damage|p2a: Raging Bolt|47/100
|move|p2a: Raging Bolt|Calm Mind|p2a: Raging Bolt
|-boost|p2a: Raging Bolt|spa|1
|-boost|p2a: Raging Bolt|spd|1
|
|upkeep
|turn|15
|
|t:|1769340507
|move|p1a: Iron Treads|Ice Spinner|p2a: Raging Bolt
|-supereffective|p2a: Raging Bolt
|-damage|p2a: Raging Bolt|0 fnt
|faint|p2a: Raging Bolt
|-end|p2a: Raging Bolt|Protosynthesis|[silent]
|
|upkeep
|inactive|Moltov91 has 120 seconds left.
|
|t:|1769340519
|switch|p2a: Kingambit|Kingambit, F, shiny|100/100
|-activate|p2a: Kingambit|ability: Supreme Overlord
|-start|p2a: Kingambit|fallen3|[silent]
|turn|16
|
|t:|1769340531
|move|p2a: Kingambit|Sucker Punch|p1a: Iron Treads
|-damage|p1a: Iron Treads|5/100
|move|p1a: Iron Treads|Rapid Spin|p2a: Kingambit
|-resisted|p2a: Kingambit
|-damage|p2a: Kingambit|93/100
|-boost|p1a: Iron Treads|spe|1
|-sideend|p1: clsxmn4保姆曼波侠|Stealth Rock|[from] move: Rapid Spin|[of] p1a: Iron Treads
|
|-heal|p2a: Kingambit|99/100|[from] item: Leftovers
|-end|p1a: Iron Treads|Disable
|upkeep
|turn|17
|
|t:|1769340540
|move|p2a: Kingambit|Sucker Punch|p1a: Iron Treads
|-damage|p1a: Iron Treads|0 fnt
|faint|p1a: Iron Treads
|-end|p1a: Iron Treads|Quark Drive|[silent]
|
|-heal|p2a: Kingambit|100/100|[from] item: Leftovers
|upkeep
|
|t:|1769340548
|switch|p1a: Rotom|Rotom-Heat|100/100
|turn|18
|
|t:|1769340564
|-end|p2a: Kingambit|fallen3|[silent]
|switch|p2a: Slowking|Slowking-Galar, F|86/100
|move|p1a: Rotom|Will-O-Wisp|p2a: Slowking
|-status|p2a: Slowking|brn
|
|-damage|p2a: Slowking|80/100 brn|[from] brn
|upkeep
|turn|19
|
|t:|1769340581
|switch|p1a: Alomomola|Alomomola, F|100/100
|move|p2a: Slowking|Toxic|p1a: Alomomola
|-status|p1a: Alomomola|tox
|
|-damage|p1a: Alomomola|94/100 tox|[from] psn
|-damage|p2a: Slowking|74/100 brn|[from] brn
|upkeep
|turn|20
|inactive|clsxmn4保姆曼波侠 has 120 seconds left.
|inactive|Moltov91 has 120 seconds left.
|l|☆clsxmn4保姆曼波侠
|inactive|clsxmn4保姆曼波侠 disconnected and has a minute to reconnect!
|player|p1|
|inactive|clsxmn4保姆曼波侠 has 30 seconds to reconnect!
|inactive|clsxmn4保姆曼波侠 has 20 seconds to reconnect!
|inactive|clsxmn4保姆曼波侠 has 15 seconds to reconnect!
|inactive|clsxmn4保姆曼波侠 has 10 seconds to reconnect!
|j|☆clsxmn4保姆曼波侠
|inactive|clsxmn4保姆曼波侠 reconnected and has 65 seconds left.
|player|p1|clsxmn4保姆曼波侠|parasollady|
|inactive|clsxmn4保姆曼波侠 has 60 seconds left.
|
|t:|1769340667
|move|p1a: Alomomola|Flip Turn|p2a: Slowking
|-crit|p2a: Slowking
|-damage|p2a: Slowking|48/100 brn
|inactive|clsxmn4保姆曼波侠 has 60 seconds left.
|
|t:|1769340674
|switch|p1a: Ogerpon|Ogerpon-Wellspring, F|100/100|[from] Flip Turn
|move|p2a: Slowking|Future Sight|p1a: Ogerpon
|-start|p2a: Slowking|move: Future Sight
|
|-damage|p2a: Slowking|42/100 brn|[from] brn
|upkeep
|turn|21
|
|t:|1769340683
|switch|p2a: Corviknight|Corviknight, M, shiny|56/100
|-ability|p2a: Corviknight|Unnerve
|move|p1a: Ogerpon|Ivy Cudgel|p2a: Corviknight|[anim] Ivy Cudgel Water
|-damage|p2a: Corviknight|22/100
|
|upkeep
|turn|22
|
|t:|1769340690
|move|p1a: Ogerpon|Ivy Cudgel|p2a: Corviknight|[anim] Ivy Cudgel Water
|-damage|p2a: Corviknight|0 fnt
|faint|p2a: Corviknight
|
|-end|p1a: Ogerpon|move: Future Sight
|-damage|p1a: Ogerpon|30/100
|upkeep
|
|t:|1769340693
|switch|p2a: Slowking|Slowking-Galar, F|75/100 brn
|turn|23
|
|t:|1769340699
|move|p1a: Ogerpon|Ivy Cudgel|p2a: Slowking|[anim] Ivy Cudgel Water
|-damage|p2a: Slowking|14/100 brn
|move|p2a: Slowking|Sludge Bomb|p1a: Ogerpon
|-supereffective|p1a: Ogerpon
|-damage|p1a: Ogerpon|0 fnt
|faint|p1a: Ogerpon
|
|-damage|p2a: Slowking|8/100 brn|[from] brn
|upkeep
|
|t:|1769340708
|switch|p1a: Landorus|Landorus-Therian, M|88/100
|-ability|p1a: Landorus|Intimidate|boost
|-unboost|p2a: Slowking|atk|1
|turn|24
|inactive|Moltov91 has 120 seconds left.
|inactive|Moltov91 has 90 seconds left.
|
|t:|1769340792
|move|p1a: Landorus|U-turn|p2a: Slowking
|-damage|p2a: Slowking|0 fnt
|faint|p2a: Slowking
|
|t:|1769340798
|switch|p1a: Rotom|Rotom-Heat|100/100|[from] U-turn
|
|upkeep
|
|t:|1769340800
|switch|p2a: Kingambit|Kingambit, F, shiny|100/100
|-activate|p2a: Kingambit|ability: Supreme Overlord
|-start|p2a: Kingambit|fallen5|[silent]
|turn|25
|
|t:|1769340804
|move|p2a: Kingambit|Sucker Punch||[still]
|-fail|p2a: Kingambit
|move|p1a: Rotom|Will-O-Wisp|p2a: Kingambit
|-status|p2a: Kingambit|brn
|
|-damage|p2a: Kingambit|94/100 brn|[from] brn
|upkeep
|turn|26
|
|t:|1769340813
|move|p2a: Kingambit|Sucker Punch|p1a: Rotom
|-damage|p1a: Rotom|72/100
|move|p1a: Rotom|Overheat|p2a: Kingambit
|-supereffective|p2a: Kingambit
|-damage|p2a: Kingambit|0 fnt
|-unboost|p1a: Rotom|spa|2
|faint|p2a: Kingambit
|-end|p2a: Kingambit|fallen5|[silent]
|
|win|clsxmn4保姆曼波侠
|raw|clsxmn4保姆曼波侠's rating: 1107 &rarr; <strong>1136</strong><br />(+29 for winning)
|raw|Moltov91's rating: 1168 &rarr; <strong>1139</strong><br />(-29 for losing)
|l|☆Moltov91
|player|p2|
