|j|☆Palm X
|j|☆blip exists
|t:|1769307468
|gametype|singles
|player|p1|Palm X|caitlin|1563
|player|p2|blip exists|colress|1586
|gen|9
|tier|[Gen 9] OU
|rated|
|rule|HP Percentage Mod: HP is shown in percentages
|rule|Endless Battle Clause: Forcing endless battles is banned
|rule|Species Clause: Limit one of each Pokémon
|rule|OHKO Clause: OHKO moves are banned
|rule|Evasion Items Clause: Evasion items are banned
|rule|Evasion Moves Clause: Evasion moves are banned
|rule|Evasion Abilities Clause: Evasion abilities are banned
|rule|Sleep Moves Clause: Sleep-inducing moves are banned
|clearpoke
|poke|p1|Great Tusk|
|poke|p1|Slowking-Galar, F|
|poke|p1|Cinderace, F|
|poke|p1|Kyurem|
|poke|p1|Enamorus, F|
|poke|p1|Kingambit, F|
|poke|p2|Amoonguss, F|
|poke|p2|Corviknight, M|
|poke|p2|Blissey, F|
|poke|p2|Dondozo, F|
|poke|p2|Gliscor, F|
|poke|p2|Clefable, F|
|teampreview
|inactive|Battle timer is ON: inactive players will automatically lose when time's up. (requested by Palm X)
|
|t:|1769307477
|teamsize|p1|6
|teamsize|p2|6
|start
|switch|p1a: Slowking|Slowking-Galar, F|100/100
|switch|p2a: Great King Rat|Gliscor, F|100/100
|turn|1
|
|t:|1769307480
|move|p2a: Great King Rat|Protect|p2a: Great King Rat
|-singleturn|p2a: Great King Rat|Protect
|move|p1a: Slowking|Future Sight|p2a: Great King Rat
|-start|p1a: Slowking|move: Future Sight
|
|-status|p2a: Great King Rat|tox|[from] item: Toxic Orb
|upkeep
|turn|2
|
|t:|1769307483
|switch|p2a: Under Pressure|Corviknight, M|100/100
|-ability|p2a: Under Pressure|Pressure
|move|p1a: Slowking|Ice Beam|p2a: Under Pressure
|-damage|p2a: Under Pressure|85/100
|
|-heal|p2a: Under Pressure|91/100|[from] item: Leftovers
|upkeep
|turn|3
|
|t:|1769307489
|move|p2a: Under Pressure|Thief|p1a: Slowking
|-supereffective|p1a: Slowking
|-enditem|p1a: Slowking|Colbur Berry|[eat]
|-enditem|p1a: Slowking|Colbur Berry|[weaken]
|-damage|p1a: Slowking|88/100
|-prepare|p1a: Slowking|Chilly Reception|[premajor]
|move|p1a: Slowking|Chilly Reception|p1a: Slowking
|-weather|Snowscape
|
|t:|1769307498
|switch|p1a: Cinderace|Cinderace, F|100/100|[from] Chilly Reception
|
|-weather|Snowscape|[upkeep]
|-end|p2a: Under Pressure|move: Future Sight
|-resisted|p2a: Under Pressure
|-damage|p2a: Under Pressure|76/100
|-heal|p2a: Under Pressure|82/100|[from] item: Leftovers
|upkeep
|turn|4
|
|t:|1769307503
|switch|p2a: Great King Rat|Gliscor, F|100/100 tox
|move|p1a: Cinderace|U-turn|p2a: Great King Rat
|-resisted|p2a: Great King Rat
|-damage|p2a: Great King Rat|95/100 tox
|
|t:|1769307506
|switch|p1a: Kyurem|Kyurem|100/100|[from] U-turn
|-ability|p1a: Kyurem|Pressure
|
|-weather|Snowscape|[upkeep]
|-heal|p2a: Great King Rat|100/100 tox|[from] ability: Poison Heal
|upkeep
|turn|5
|
|t:|1769307510
|switch|p2a: Killer Queen|Blissey, F|100/100
|move|p1a: Kyurem|Substitute|p1a: Kyurem
|-start|p1a: Kyurem|Substitute
|-damage|p1a: Kyurem|76/100
|
|-weather|Snowscape|[upkeep]
|-heal|p1a: Kyurem|82/100|[from] item: Leftovers
|upkeep
|turn|6
|
|t:|1769307514
|move|p1a: Kyurem|Freeze-Dry|p2a: Killer Queen
|-damage|p2a: Killer Queen|89/100
|-status|p2a: Killer Queen|frz
|cant|p2a: Killer Queen|frz
|
|-weather|Snowscape|[upkeep]
|-heal|p1a: Kyurem|88/100|[from] item: Leftovers
|upkeep
|turn|7
|
|t:|1769307520
|move|p1a: Kyurem|Freeze-Dry|p2a: Killer Queen
|-damage|p2a: Killer Queen|77/100 frz
|-curestatus|p2a: Killer Queen|frz|[msg]
|move|p2a: Killer Queen|Calm Mind|p2a: Killer Queen
|-boost|p2a: Killer Queen|spa|1
|-boost|p2a: Killer Queen|spd|1
|
|-weather|none
|-heal|p1a: Kyurem|94/100|[from] item: Leftovers
|upkeep
|turn|8
|
|t:|1769307527
|switch|p1a: Cinderace|Cinderace, F|100/100
|move|p2a: Killer Queen|Calm Mind|p2a: Killer Queen
|-boost|p2a: Killer Queen|spa|1
|-boost|p2a: Killer Queen|spd|1
|
|upkeep
|turn|9
|
|t:|1769307530
|switch|p2a: Great King Rat|Gliscor, F|100/100 tox
|move|p1a: Cinderace|U-turn|p2a: Great King Rat
|-resisted|p2a: Great King Rat
|-damage|p2a: Great King Rat|95/100 tox
|
|t:|1769307535
|switch|p1a: Kyurem|Kyurem|94/100|[from] U-turn
|-ability|p1a: Kyurem|Pressure
|
|-heal|p1a: Kyurem|99/100|[from] item: Leftovers
|-heal|p2a: Great King Rat|100/100 tox|[from] ability: Poison Heal
|upkeep
|turn|10
|
|t:|1769307540
|switch|p1a: Great Tusk|Great Tusk|100/100
|switch|p2a: Under Pressure|Corviknight, M|82/100
|-ability|p2a: Under Pressure|Pressure
|
|-heal|p2a: Under Pressure|89/100|[from] item: Leftovers
|upkeep
|turn|11
|
|t:|1769307545
|switch|p2a: Party|Amoonguss, F|100/100
|move|p1a: Great Tusk|Knock Off|p2a: Party
|-damage|p2a: Party|79/100
|-enditem|p2a: Party|Heavy-Duty Boots|[from] move: Knock Off|[of] p1a: Great Tusk
|
|upkeep
|turn|12
|
|t:|1769307551
|-end|p1a: Great Tusk|Protosynthesis|[silent]
|switch|p1a: Slowking|Slowking-Galar, F|100/100
|move|p2a: Party|Toxic|p1a: Slowking
|-immune|p1a: Slowking
|
|upkeep
|turn|13
|
|t:|1769307555
|switch|p2a: Under Pressure|Corviknight, M|89/100
|-ability|p2a: Under Pressure|Pressure
|-prepare|p1a: Slowking|Chilly Reception|[premajor]
|move|p1a: Slowking|Chilly Reception|p1a: Slowking
|-weather|Snowscape
|
|t:|1769307563
|switch|p1a: Kyurem|Kyurem|99/100|[from] Chilly Reception
|-ability|p1a: Kyurem|Pressure
|
|-weather|Snowscape|[upkeep]
|-heal|p1a: Kyurem|100/100|[from] item: Leftovers
|-heal|p2a: Under Pressure|95/100|[from] item: Leftovers
|upkeep
|turn|14
|
|t:|1769307568
|move|p1a: Kyurem|Substitute|p1a: Kyurem
|-start|p1a: Kyurem|Substitute
|-damage|p1a: Kyurem|76/100
|move|p2a: Under Pressure|Thief|p1a: Kyurem
|-activate|p1a: Kyurem|move: Substitute|[damage]
|
|-weather|Snowscape|[upkeep]
|-heal|p1a: Kyurem|82/100|[from] item: Leftovers
|-heal|p2a: Under Pressure|100/100|[from] item: Leftovers
|upkeep
|turn|15
|
|t:|1769307572
|move|p2a: Under Pressure|Protect|p2a: Under Pressure
|-singleturn|p2a: Under Pressure|Protect
|move|p1a: Kyurem|Freeze-Dry|p2a: Under Pressure
|-activate|p2a: Under Pressure|move: Protect
|
|-weather|Snowscape|[upkeep]
|-heal|p1a: Kyurem|88/100|[from] item: Leftovers
|upkeep
|turn|16
|inactive|blip exists has 120 seconds left.
|
|t:|1769307616
|move|p1a: Kyurem|Freeze-Dry|p2a: Under Pressure
|-damage|p2a: Under Pressure|74/100
|-status|p2a: Under Pressure|frz
|-curestatus|p2a: Under Pressure|frz|[msg]
|move|p2a: Under Pressure|Thief|p1a: Kyurem
|-activate|p1a: Kyurem|move: Substitute|[damage]
|
|-weather|Snowscape|[upkeep]
|-heal|p1a: Kyurem|94/100|[from] item: Leftovers
|-heal|p2a: Under Pressure|80/100|[from] item: Leftovers
|upkeep
|turn|17
|
|t:|1769307624
|move|p1a: Kyurem|Protect|p1a: Kyurem
|-singleturn|p1a: Kyurem|Protect
|move|p2a: Under Pressure|Protect||[still]
|-fail|p2a: Under Pressure
|
|-weather|none
|-heal|p1a: Kyurem|99/100|[from] item: Leftovers
|-heal|p2a: Under Pressure|87/100|[from] item: Leftovers
|upkeep
|turn|18
|
|t:|1769307630
|switch|p1a: Slowking|Slowking-Galar, F|100/100
|move|p2a: Under Pressure|Thief|p1a: Slowking
|-supereffective|p1a: Slowking
|-damage|p1a: Slowking|74/100
|
|-heal|p2a: Under Pressure|93/100|[from] item: Leftovers
|upkeep
|turn|19
|
|t:|1769307636
|move|p2a: Under Pressure|Thief|p1a: Slowking
|-supereffective|p1a: Slowking
|-damage|p1a: Slowking|47/100
|move|p1a: Slowking|Future Sight|p2a: Under Pressure
|-start|p1a: Slowking|move: Future Sight
|
|-heal|p2a: Under Pressure|99/100|[from] item: Leftovers
|upkeep
|turn|20
|
|t:|1769307640
|move|p2a: Under Pressure|Thief|p1a: Slowking
|-supereffective|p1a: Slowking
|-damage|p1a: Slowking|22/100
|-prepare|p1a: Slowking|Chilly Reception|[premajor]
|move|p1a: Slowking|Chilly Reception|p1a: Slowking
|-weather|Snowscape
|
|t:|1769307643
|switch|p1a: Cinderace|Cinderace, F|100/100|[from] Chilly Reception
|
|-weather|Snowscape|[upkeep]
|-heal|p2a: Under Pressure|100/100|[from] item: Leftovers
|upkeep
|turn|21
|
|t:|1769307645
|move|p2a: Under Pressure|Protect|p2a: Under Pressure
|-singleturn|p2a: Under Pressure|Protect
|move|p1a: Cinderace|Pyro Ball|p2a: Under Pressure
|-activate|p2a: Under Pressure|move: Protect
|
|-weather|Snowscape|[upkeep]
|-end|p2a: Under Pressure|move: Future Sight
|-resisted|p2a: Under Pressure
|-damage|p2a: Under Pressure|84/100
|-heal|p2a: Under Pressure|90/100|[from] item: Leftovers
|upkeep
|turn|22
|
|t:|1769307651
|switch|p2a: Great King Rat|Gliscor, F|100/100 tox
|move|p1a: Cinderace|U-turn|p2a: Great King Rat
|-resisted|p2a: Great King Rat
|-damage|p2a: Great King Rat|95/100 tox
|
|t:|1769307660
|switch|p1a: Kyurem|Kyurem|99/100|[from] U-turn
|-ability|p1a: Kyurem|Pressure
|
|-weather|Snowscape|[upkeep]
|-heal|p1a: Kyurem|100/100|[from] item: Leftovers
|-heal|p2a: Great King Rat|100/100 tox|[from] ability: Poison Heal
|upkeep
|turn|23
|
|t:|1769307664
|switch|p1a: Slowking|Slowking-Galar, F|55/100
|switch|p2a: Under Pressure|Corviknight, M|90/100
|-ability|p2a: Under Pressure|Pressure
|
|-weather|Snowscape|[upkeep]
|-heal|p2a: Under Pressure|96/100|[from] item: Leftovers
|upkeep
|turn|24
|
|t:|1769307667
|move|p2a: Under Pressure|Thief|p1a: Slowking
|-supereffective|p1a: Slowking
|-damage|p1a: Slowking|28/100
|move|p1a: Slowking|Future Sight|p2a: Under Pressure
|-start|p1a: Slowking|move: Future Sight
|
|-weather|none
|-heal|p2a: Under Pressure|100/100|[from] item: Leftovers
|upkeep
|turn|25
|
|t:|1769307672
|move|p2a: Under Pressure|Thief|p1a: Slowking
|-supereffective|p1a: Slowking
|-damage|p1a: Slowking|3/100
|-prepare|p1a: Slowking|Chilly Reception|[premajor]
|move|p1a: Slowking|Chilly Reception|p1a: Slowking
|-weather|Snowscape
|
|t:|1769307677
|switch|p1a: Kingambit|Kingambit, F|100/100|[from] Chilly Reception
|
|-weather|Snowscape|[upkeep]
|upkeep
|turn|26
|
|t:|1769307682
|move|p2a: Under Pressure|Protect|p2a: Under Pressure
|-singleturn|p2a: Under Pressure|Protect
|move|p1a: Kingambit|Swords Dance|p1a: Kingambit
|-boost|p1a: Kingambit|atk|2
|
|-weather|Snowscape|[upkeep]
|-end|p2a: Under Pressure|move: Future Sight
|-resisted|p2a: Under Pressure
|-damage|p2a: Under Pressure|86/100
|-heal|p2a: Under Pressure|92/100|[from] item: Leftovers
|upkeep
|turn|27
|
|t:|1769307685
|switch|p2a: Dragon Attack|Dondozo, F|100/100
|move|p1a: Kingambit|Kowtow Cleave|p2a: Dragon Attack
|-damage|p2a: Dragon Attack|77/100
|
|-weather|Snowscape|[upkeep]
|upkeep
|turn|28
|
|t:|1769307692
|-end|p1a: Kingambit|fallenundefined|[silent]
|switch|p1a: Great Tusk|Great Tusk|100/100
|move|p2a: Dragon Attack|Body Press|p1a: Great Tusk
|-damage|p1a: Great Tusk|86/100
|
|-weather|Snowscape|[upkeep]
|-heal|p1a: Great Tusk|92/100|[from] item: Leftovers
|upkeep
|turn|29
|
|t:|1769307695
|switch|p2a: Party|Amoonguss, F|100/100
|move|p1a: Great Tusk|Knock Off|p2a: Party
|-damage|p2a: Party|87/100
|
|-weather|none
|-heal|p1a: Great Tusk|98/100|[from] item: Leftovers
|upkeep
|turn|30
|
|t:|1769307701
|-end|p1a: Great Tusk|Protosynthesis|[silent]
|switch|p1a: Slowking|Slowking-Galar, F|37/100
|move|p2a: Party|Foul Play|p1a: Slowking
|-supereffective|p1a: Slowking
|-damage|p1a: Slowking|8/100
|
|upkeep
|turn|31
|
|t:|1769307707
|switch|p1a: Kingambit|Kingambit, F|100/100
|move|p2a: Party|Foul Play|p1a: Kingambit
|-resisted|p1a: Kingambit
|-damage|p1a: Kingambit|87/100
|
|-heal|p1a: Kingambit|93/100|[from] item: Leftovers
|upkeep
|turn|32
|
|t:|1769307711
|switch|p2a: Great King Rat|Gliscor, F|100/100 tox
|move|p1a: Kingambit|Iron Head|p2a: Great King Rat
|-damage|p2a: Great King Rat|71/100 tox
|
|-heal|p1a: Kingambit|99/100|[from] item: Leftovers
|-heal|p2a: Great King Rat|83/100 tox|[from] ability: Poison Heal
|upkeep
|turn|33
|
|t:|1769307718
|-end|p1a: Kingambit|fallenundefined|[silent]
|switch|p1a: Great Tusk|Great Tusk|98/100
|move|p2a: Great King Rat|Knock Off|p1a: Great Tusk
|-resisted|p1a: Great Tusk
|-damage|p1a: Great Tusk|93/100
|-enditem|p1a: Great Tusk|Leftovers|[from] move: Knock Off|[of] p2a: Great King Rat
|
|-heal|p2a: Great King Rat|96/100 tox|[from] ability: Poison Heal
|upkeep
|turn|34
|
|t:|1769307731
|-end|p1a: Great Tusk|Protosynthesis|[silent]
|switch|p1a: Enamorus|Enamorus, F|100/100
|move|p2a: Great King Rat|Toxic|p1a: Enamorus
|-status|p1a: Enamorus|tox
|
|-damage|p1a: Enamorus|94/100 tox|[from] psn
|-heal|p2a: Great King Rat|100/100 tox|[from] ability: Poison Heal
|upkeep
|turn|35
|
|t:|1769307739
|switch|p1a: Slowking|Slowking-Galar, F|41/100
|move|p2a: Great King Rat|Protect||[still]
|-fail|p2a: Great King Rat
|
|upkeep
|turn|36
|
|t:|1769307746
|switch|p2a: Under Pressure|Corviknight, M|92/100
|-ability|p2a: Under Pressure|Pressure
|switch|p1a: Enamorus|Enamorus, F|94/100 tox
|
|-heal|p2a: Under Pressure|99/100|[from] item: Leftovers
|-damage|p1a: Enamorus|88/100 tox|[from] psn
|upkeep
|turn|37
|
|t:|1769307754
|switch|p2a: Party|Amoonguss, F|100/100
|move|p1a: Enamorus|Moonblast|p2a: Party
|-resisted|p2a: Party
|-damage|p2a: Party|77/100
|
|-damage|p1a: Enamorus|76/100 tox|[from] psn
|upkeep
|turn|38
|
|t:|1769307759
|switch|p1a: Slowking|Slowking-Galar, F|75/100
|move|p2a: Party|Seed Bomb|p1a: Slowking
|-resisted|p1a: Slowking
|-damage|p1a: Slowking|61/100
|
|upkeep
|turn|39
|
|t:|1769307763
|switch|p2a: Under Pressure|Corviknight, M|99/100
|-ability|p2a: Under Pressure|Pressure
|move|p1a: Slowking|Ice Beam|p2a: Under Pressure
|-damage|p2a: Under Pressure|84/100
|
|-heal|p2a: Under Pressure|90/100|[from] item: Leftovers
|upkeep
|turn|40
|
|t:|1769307770
|move|p2a: Under Pressure|Defog|p1a: Slowking
|-unboost|p1a: Slowking|evasion|1
|-prepare|p1a: Slowking|Chilly Reception|[premajor]
|move|p1a: Slowking|Chilly Reception|p1a: Slowking
|-weather|Snowscape
|
|t:|1769307775
|switch|p1a: Kyurem|Kyurem|100/100|[from] Chilly Reception
|-ability|p1a: Kyurem|Pressure
|
|-weather|Snowscape|[upkeep]
|-heal|p2a: Under Pressure|96/100|[from] item: Leftovers
|upkeep
|turn|41
|
|t:|1769307779
|switch|p2a: Killer Queen|Blissey, F|77/100
|move|p1a: Kyurem|Substitute|p1a: Kyurem
|-start|p1a: Kyurem|Substitute
|-damage|p1a: Kyurem|76/100
|
|-weather|Snowscape|[upkeep]
|-heal|p1a: Kyurem|82/100|[from] item: Leftovers
|upkeep
|turn|42
|
|t:|1769307782
|switch|p2a: Under Pressure|Corviknight, M|96/100
|-ability|p2a: Under Pressure|Pressure
|move|p1a: Kyurem|Freeze-Dry|p2a: Under Pressure
|-damage|p2a: Under Pressure|70/100
|-status|p2a: Under Pressure|frz
|
|-weather|Snowscape|[upkeep]
|-heal|p1a: Kyurem|88/100|[from] item: Leftovers
|-heal|p2a: Under Pressure|76/100 frz|[from] item: Leftovers
|upkeep
|turn|43
|
|t:|1769307791
|cant|p2a: Under Pressure|frz
|move|p1a: Kyurem|Freeze-Dry|p2a: Under Pressure
|-damage|p2a: Under Pressure|49/100 frz
|
|-weather|Snowscape|[upkeep]
|-heal|p1a: Kyurem|94/100|[from] item: Leftovers
|-heal|p2a: Under Pressure|55/100 frz|[from] item: Leftovers
|upkeep
|turn|44
|
|t:|1769307799
|switch|p2a: Killer Queen|Blissey, F|77/100
|move|p1a: Kyurem|Freeze-Dry|p2a: Killer Queen
|-damage|p2a: Killer Queen|65/100
|
|-weather|none
|-heal|p1a: Kyurem|99/100|[from] item: Leftovers
|upkeep
|turn|45
|
|t:|1769307806
|switch|p1a: Slowking|Slowking-Galar, F|95/100
|move|p2a: Killer Queen|Calm Mind|p2a: Killer Queen
|-boost|p2a: Killer Queen|spa|1
|-boost|p2a: Killer Queen|spd|1
|
|upkeep
|turn|46
|
|t:|1769307810
|switch|p2a: Under Pressure|Corviknight, M|55/100 frz
|-ability|p2a: Under Pressure|Pressure
|move|p1a: Slowking|Future Sight|p2a: Under Pressure
|-start|p1a: Slowking|move: Future Sight
|
|-heal|p2a: Under Pressure|61/100 frz|[from] item: Leftovers
|upkeep
|turn|47
|
|t:|1769307822
|switch|p1a: Kyurem|Kyurem|99/100
|-ability|p1a: Kyurem|Pressure
|cant|p2a: Under Pressure|frz
|
|-heal|p1a: Kyurem|100/100|[from] item: Leftovers
|-heal|p2a: Under Pressure|67/100 frz|[from] item: Leftovers
|upkeep
|turn|48
|
|t:|1769307826
|move|p1a: Kyurem|Substitute|p1a: Kyurem
|-start|p1a: Kyurem|Substitute
|-damage|p1a: Kyurem|76/100
|cant|p2a: Under Pressure|frz
|
|-end|p2a: Under Pressure|move: Future Sight
|-resisted|p2a: Under Pressure
|-damage|p2a: Under Pressure|52/100 frz
|-heal|p1a: Kyurem|82/100|[from] item: Leftovers
|-heal|p2a: Under Pressure|59/100 frz|[from] item: Leftovers
|upkeep
|turn|49
|
|t:|1769307831
|switch|p2a: Killer Queen|Blissey, F|65/100
|move|p1a: Kyurem|Freeze-Dry|p2a: Killer Queen
|-damage|p2a: Killer Queen|54/100
|
|-heal|p1a: Kyurem|88/100|[from] item: Leftovers
|upkeep
|turn|50
|
|t:|1769307834
|move|p1a: Kyurem|Earth Power|p2a: Killer Queen
|-damage|p2a: Killer Queen|43/100
|move|p2a: Killer Queen|Soft-Boiled|p2a: Killer Queen
|-heal|p2a: Killer Queen|93/100
|
|-heal|p1a: Kyurem|94/100|[from] item: Leftovers
|upkeep
|turn|51
|
|t:|1769307839
|switch|p1a: Cinderace|Cinderace, F|100/100
|move|p2a: Killer Queen|Calm Mind|p2a: Killer Queen
|-boost|p2a: Killer Queen|spa|1
|-boost|p2a: Killer Queen|spd|1
|
|upkeep
|turn|52
|
|t:|1769307842
|switch|p2a: Great King Rat|Gliscor, F|100/100 tox
|move|p1a: Cinderace|Pyro Ball|p2a: Great King Rat
|-damage|p2a: Great King Rat|73/100 tox
|
|-heal|p2a: Great King Rat|85/100 tox|[from] ability: Poison Heal
|upkeep
|turn|53
|
|t:|1769307845
|move|p1a: Cinderace|U-turn|p2a: Great King Rat
|-resisted|p2a: Great King Rat
|-damage|p2a: Great King Rat|80/100 tox
|
|t:|1769307847
|switch|p1a: Enamorus|Enamorus, F|76/100 tox|[from] U-turn
|move|p2a: Great King Rat|Knock Off|p1a: Enamorus
|-resisted|p1a: Enamorus
|-damage|p1a: Enamorus|58/100 tox
|-enditem|p1a: Enamorus|Choice Scarf|[from] move: Knock Off|[of] p2a: Great King Rat
|
|-damage|p1a: Enamorus|52/100 tox|[from] psn
|-heal|p2a: Great King Rat|93/100 tox|[from] ability: Poison Heal
|upkeep
|turn|54
|
|t:|1769307855
|move|p2a: Great King Rat|Protect|p2a: Great King Rat
|-singleturn|p2a: Great King Rat|Protect
|move|p1a: Enamorus|Moonblast|p2a: Great King Rat
|-activate|p2a: Great King Rat|move: Protect
|
|-damage|p1a: Enamorus|40/100 tox|[from] psn
|-heal|p2a: Great King Rat|100/100 tox|[from] ability: Poison Heal
|upkeep
|turn|55
|
|t:|1769307858
|switch|p2a: Party|Amoonguss, F|100/100
|move|p1a: Enamorus|Earth Power|p2a: Party
|-damage|p2a: Party|71/100
|
|-damage|p1a: Enamorus|21/100 tox|[from] psn
|upkeep
|turn|56
|
|t:|1769307862
|switch|p1a: Slowking|Slowking-Galar, F|100/100
|move|p2a: Party|Seed Bomb|p1a: Slowking
|-resisted|p1a: Slowking
|-damage|p1a: Slowking|88/100
|
|upkeep
|turn|57
|
|t:|1769307868
|switch|p2a: Under Pressure|Corviknight, M|59/100 frz
|-ability|p2a: Under Pressure|Pressure
|move|p1a: Slowking|Ice Beam|p2a: Under Pressure
|-damage|p2a: Under Pressure|44/100 frz
|
|-heal|p2a: Under Pressure|50/100 frz|[from] item: Leftovers
|upkeep
|turn|58
|
|t:|1769307876
|switch|p1a: Great Tusk|Great Tusk|93/100
|cant|p2a: Under Pressure|frz
|
|-heal|p2a: Under Pressure|57/100 frz|[from] item: Leftovers
|upkeep
|turn|59
|
|t:|1769307878
|switch|p2a: Party|Amoonguss, F|100/100
|move|p1a: Great Tusk|Knock Off|p2a: Party
|-damage|p2a: Party|87/100
|
|upkeep
|turn|60
|
|t:|1769307883
|-end|p1a: Great Tusk|Protosynthesis|[silent]
|switch|p1a: Slowking|Slowking-Galar, F|100/100
|move|p2a: Party|Seed Bomb|p1a: Slowking
|-resisted|p1a: Slowking
|-damage|p1a: Slowking|88/100
|
|upkeep
|turn|61
|
|t:|1769307889
|switch|p2a: Under Pressure|Corviknight, M|57/100 frz
|-ability|p2a: Under Pressure|Pressure
|move|p1a: Slowking|Future Sight|p2a: Under Pressure
|-start|p1a: Slowking|move: Future Sight
|
|-heal|p2a: Under Pressure|63/100 frz|[from] item: Leftovers
|upkeep
|turn|62
|
|t:|1769307894
|switch|p1a: Cinderace|Cinderace, F|100/100
|cant|p2a: Under Pressure|frz
|
|-heal|p2a: Under Pressure|69/100 frz|[from] item: Leftovers
|upkeep
|turn|63
|
|t:|1769307897
|switch|p2a: Great King Rat|Gliscor, F|100/100 tox
|move|p1a: Cinderace|U-turn|p2a: Great King Rat
|-resisted|p2a: Great King Rat
|-damage|p2a: Great King Rat|95/100 tox
|
|t:|1769307900
|switch|p1a: Kyurem|Kyurem|94/100|[from] U-turn
|-ability|p1a: Kyurem|Pressure
|
|-end|p2a: Great King Rat|move: Future Sight
|-damage|p2a: Great King Rat|44/100 tox
|-heal|p1a: Kyurem|99/100|[from] item: Leftovers
|-heal|p2a: Great King Rat|56/100 tox|[from] ability: Poison Heal
|upkeep
|turn|64
|
|t:|1769307904
|switch|p1a: Slowking|Slowking-Galar, F|100/100
|move|p2a: Great King Rat|Protect||[still]
|-fail|p2a: Great King Rat
|
|-heal|p2a: Great King Rat|69/100 tox|[from] ability: Poison Heal
|upkeep
|turn|65
|
|t:|1769307909
|switch|p2a: Under Pressure|Corviknight, M|69/100 frz
|-ability|p2a: Under Pressure|Pressure
|move|p1a: Slowking|Ice Beam|p2a: Under Pressure
|-damage|p2a: Under Pressure|53/100 frz
|
|-heal|p2a: Under Pressure|59/100 frz|[from] item: Leftovers
|upkeep
|turn|66
|
|t:|1769307918
|-curestatus|p2a: Under Pressure|frz|[msg]
|move|p2a: Under Pressure|Roost|p2a: Under Pressure
|-heal|p2a: Under Pressure|100/100
|-singleturn|p2a: Under Pressure|move: Roost
|move|p1a: Slowking|Ice Beam|p2a: Under Pressure
|-resisted|p2a: Under Pressure
|-damage|p2a: Under Pressure|92/100
|
|-heal|p2a: Under Pressure|99/100|[from] item: Leftovers
|upkeep
|turn|67
|
|t:|1769307931
|switch|p1a: Cinderace|Cinderace, F|100/100
|move|p2a: Under Pressure|Thief|p1a: Cinderace
|-damage|p1a: Cinderace|84/100
|
|-heal|p2a: Under Pressure|100/100|[from] item: Leftovers
|upkeep
|turn|68
|
|t:|1769307941
|switch|p2a: Great King Rat|Gliscor, F|69/100 tox
|move|p1a: Cinderace|Pyro Ball|p2a: Great King Rat
|-damage|p2a: Great King Rat|40/100 tox
|
|-heal|p2a: Great King Rat|53/100 tox|[from] ability: Poison Heal
|upkeep
|turn|69
|
|t:|1769307964
|move|p2a: Great King Rat|Protect|p2a: Great King Rat
|-singleturn|p2a: Great King Rat|Protect
|move|p1a: Cinderace|Pyro Ball|p2a: Great King Rat
|-activate|p2a: Great King Rat|move: Protect
|
|-heal|p2a: Great King Rat|65/100 tox|[from] ability: Poison Heal
|upkeep
|turn|70
|
|t:|1769307969
|move|p1a: Cinderace|U-turn|p2a: Great King Rat
|-resisted|p2a: Great King Rat
|-damage|p2a: Great King Rat|59/100 tox
|
|t:|1769307976
|switch|p1a: Slowking|Slowking-Galar, F|100/100|[from] U-turn
|move|p2a: Great King Rat|Knock Off|p1a: Slowking
|-supereffective|p1a: Slowking
|-damage|p1a: Slowking|72/100
|
|-heal|p2a: Great King Rat|72/100 tox|[from] ability: Poison Heal
|upkeep
|turn|71
|
|t:|1769307991
|switch|p2a: Under Pressure|Corviknight, M|100/100
|-ability|p2a: Under Pressure|Pressure
|move|p1a: Slowking|Sludge Bomb|p2a: Under Pressure
|-immune|p2a: Under Pressure
|
|upkeep
|turn|72
|
|t:|1769307995
|move|p2a: Under Pressure|Defog|p1a: Slowking
|-unboost|p1a: Slowking|evasion|1
|-prepare|p1a: Slowking|Chilly Reception|[premajor]
|move|p1a: Slowking|Chilly Reception|p1a: Slowking
|-weather|Snowscape
|
|t:|1769307999
|switch|p1a: Kyurem|Kyurem|99/100|[from] Chilly Reception
|-ability|p1a: Kyurem|Pressure
|
|-weather|Snowscape|[upkeep]
|-heal|p1a: Kyurem|100/100|[from] item: Leftovers
|upkeep
|turn|73
|
|t:|1769308003
|move|p1a: Kyurem|Freeze-Dry|p2a: Under Pressure
|-damage|p2a: Under Pressure|73/100
|move|p2a: Under Pressure|Defog|p1a: Kyurem
|-unboost|p1a: Kyurem|evasion|1
|
|-weather|Snowscape|[upkeep]
|-heal|p2a: Under Pressure|79/100|[from] item: Leftovers
|upkeep
|turn|74
|
|t:|1769308008
|move|p1a: Kyurem|Substitute|p1a: Kyurem
|-start|p1a: Kyurem|Substitute
|-damage|p1a: Kyurem|76/100
|move|p2a: Under Pressure|Thief|p1a: Kyurem
|-activate|p1a: Kyurem|move: Substitute|[damage]
|
|-weather|Snowscape|[upkeep]
|-heal|p1a: Kyurem|82/100|[from] item: Leftovers
|-heal|p2a: Under Pressure|85/100|[from] item: Leftovers
|upkeep
|turn|75
|
|t:|1769308014
|move|p2a: Under Pressure|Protect|p2a: Under Pressure
|-singleturn|p2a: Under Pressure|Protect
|move|p1a: Kyurem|Freeze-Dry|p2a: Under Pressure
|-activate|p2a: Under Pressure|move: Protect
|
|-weather|Snowscape|[upkeep]
|-heal|p1a: Kyurem|88/100|[from] item: Leftovers
|-heal|p2a: Under Pressure|91/100|[from] item: Leftovers
|upkeep
|turn|76
|
|t:|1769308020
|switch|p2a: Killer Queen|Blissey, F|93/100
|move|p1a: Kyurem|Freeze-Dry|p2a: Killer Queen
|-damage|p2a: Killer Queen|81/100
|-status|p2a: Killer Queen|frz
|
|-weather|none
|-heal|p1a: Kyurem|94/100|[from] item: Leftovers
|upkeep
|turn|77
|
|t:|1769308039
|move|p1a: Kyurem|Freeze-Dry|p2a: Killer Queen
|-damage|p2a: Killer Queen|70/100 frz
|cant|p2a: Killer Queen|frz
|
|-heal|p1a: Kyurem|99/100|[from] item: Leftovers
|upkeep
|turn|78
|
|t:|1769308044
|move|p1a: Kyurem|Earth Power|p2a: Killer Queen
|-damage|p2a: Killer Queen|60/100 frz
|-curestatus|p2a: Killer Queen|frz|[msg]
|move|p2a: Killer Queen|Seismic Toss|p1a: Kyurem
|-end|p1a: Kyurem|Substitute
|
|-heal|p1a: Kyurem|100/100|[from] item: Leftovers
|upkeep
|turn|79
|
|t:|1769308051
|switch|p2a: Under Pressure|Corviknight, M|91/100
|-ability|p2a: Under Pressure|Pressure
|move|p1a: Kyurem|Earth Power|p2a: Under Pressure
|-immune|p2a: Under Pressure
|
|-heal|p2a: Under Pressure|98/100|[from] item: Leftovers
|upkeep
|turn|80
|
|t:|1769308057
|switch|p2a: Killer Queen|Blissey, F|60/100
|move|p1a: Kyurem|Substitute|p1a: Kyurem
|-start|p1a: Kyurem|Substitute
|-damage|p1a: Kyurem|76/100
|
|-heal|p1a: Kyurem|82/100|[from] item: Leftovers
|upkeep
|turn|81
|
|t:|1769308061
|move|p1a: Kyurem|Earth Power|p2a: Killer Queen
|-crit|p2a: Killer Queen
|-damage|p2a: Killer Queen|45/100
|move|p2a: Killer Queen|Calm Mind|p2a: Killer Queen
|-boost|p2a: Killer Queen|spa|1
|-boost|p2a: Killer Queen|spd|1
|
|-heal|p1a: Kyurem|88/100|[from] item: Leftovers
|upkeep
|turn|82
|
|t:|1769308074
|switch|p1a: Kingambit|Kingambit, F|99/100
|move|p2a: Killer Queen|Soft-Boiled|p2a: Killer Queen
|-heal|p2a: Killer Queen|95/100
|
|-heal|p1a: Kingambit|100/100|[from] item: Leftovers
|upkeep
|turn|83
|
|t:|1769308082
|switch|p2a: Great King Rat|Gliscor, F|72/100 tox
|move|p1a: Kingambit|Swords Dance|p1a: Kingambit
|-boost|p1a: Kingambit|atk|2
|
|-heal|p2a: Great King Rat|84/100 tox|[from] ability: Poison Heal
|upkeep
|turn|84
|
|t:|1769308086
|move|p2a: Great King Rat|Knock Off|p1a: Kingambit
|-resisted|p1a: Kingambit
|-damage|p1a: Kingambit|93/100
|-enditem|p1a: Kingambit|Leftovers|[from] move: Knock Off|[of] p2a: Great King Rat
|move|p1a: Kingambit|Kowtow Cleave|p2a: Great King Rat
|-damage|p2a: Great King Rat|24/100 tox
|
|-heal|p2a: Great King Rat|36/100 tox|[from] ability: Poison Heal
|upkeep
|turn|85
|
|t:|1769308094
|move|p2a: Great King Rat|Protect|p2a: Great King Rat
|-singleturn|p2a: Great King Rat|Protect
|move|p1a: Kingambit|Iron Head|p2a: Great King Rat
|-activate|p2a: Great King Rat|move: Protect
|
|-heal|p2a: Great King Rat|49/100 tox|[from] ability: Poison Heal
|upkeep
|turn|86
|
|t:|1769308100
|switch|p2a: Dragon Attack|Dondozo, F|77/100
|move|p1a: Kingambit|Kowtow Cleave|p2a: Dragon Attack
|-damage|p2a: Dragon Attack|53/100
|
|upkeep
|turn|87
|
|t:|1769308111
|-end|p1a: Kingambit|fallenundefined|[silent]
|switch|p1a: Slowking|Slowking-Galar, F|100/100
|move|p2a: Dragon Attack|Rest|p2a: Dragon Attack
|-status|p2a: Dragon Attack|slp|[from] move: Rest
|-heal|p2a: Dragon Attack|100/100 slp|[silent]
|
|upkeep
|turn|88
|
|t:|1769308115
|switch|p2a: Under Pressure|Corviknight, M|98/100
|-ability|p2a: Under Pressure|Pressure
|switch|p1a: Cinderace|Cinderace, F|84/100
|
|-heal|p2a: Under Pressure|100/100|[from] item: Leftovers
|upkeep
|turn|89
|
|t:|1769308119
|move|p2a: Under Pressure|Protect|p2a: Under Pressure
|-singleturn|p2a: Under Pressure|Protect
|move|p1a: Cinderace|Will-O-Wisp|p2a: Under Pressure
|-activate|p2a: Under Pressure|move: Protect
|
|upkeep
|turn|90
|
|t:|1769308122
|switch|p2a: Great King Rat|Gliscor, F|49/100 tox
|move|p1a: Cinderace|U-turn|p2a: Great King Rat
|-resisted|p2a: Great King Rat
|-damage|p2a: Great King Rat|43/100 tox
|
|t:|1769308130
|switch|p1a: Enamorus|Enamorus, F|21/100 tox|[from] U-turn
|
|-damage|p1a: Enamorus|15/100 tox|[from] psn
|-heal|p2a: Great King Rat|55/100 tox|[from] ability: Poison Heal
|upkeep
|turn|91
|j| TTekkaa
|
|t:|1769308142
|move|p2a: Great King Rat|Protect|p2a: Great King Rat
|-singleturn|p2a: Great King Rat|Protect
|move|p1a: Enamorus|Moonblast|p2a: Great King Rat
|-activate|p2a: Great King Rat|move: Protect
|
|-damage|p1a: Enamorus|2/100 tox|[from] psn
|-heal|p2a: Great King Rat|68/100 tox|[from] ability: Poison Heal
|upkeep
|turn|92
|l| TTekkaa
|
|t:|1769308151
|switch|p1a: Slowking|Slowking-Galar, F|100/100
|switch|p2a: Party|Amoonguss, F|100/100
|
|upkeep
|turn|93
|
|t:|1769308156
|switch|p2a: Under Pressure|Corviknight, M|100/100
|-ability|p2a: Under Pressure|Pressure
|switch|p1a: Cinderace|Cinderace, F|84/100
|
|upkeep
|turn|94
|
|t:|1769308159
|switch|p2a: Great King Rat|Gliscor, F|68/100 tox
|move|p1a: Cinderace|Will-O-Wisp|p2a: Great King Rat|[miss]
|-miss|p1a: Cinderace|p2a: Great King Rat
|
|-heal|p2a: Great King Rat|80/100 tox|[from] ability: Poison Heal
|upkeep
|turn|95
|
|t:|1769308163
|move|p1a: Cinderace|U-turn|p2a: Great King Rat
|-resisted|p2a: Great King Rat
|-damage|p2a: Great King Rat|75/100 tox
|
|t:|1769308167
|switch|p1a: Slowking|Slowking-Galar, F|100/100|[from] U-turn
|move|p2a: Great King Rat|Knock Off|p1a: Slowking
|-supereffective|p1a: Slowking
|-damage|p1a: Slowking|70/100
|
|-heal|p2a: Great King Rat|87/100 tox|[from] ability: Poison Heal
|upkeep
|turn|96
|
|t:|1769308179
|switch|p2a: Under Pressure|Corviknight, M|100/100
|-ability|p2a: Under Pressure|Pressure
|move|p1a: Slowking|Ice Beam|p2a: Under Pressure
|-damage|p2a: Under Pressure|84/100
|
|-heal|p2a: Under Pressure|91/100|[from] item: Leftovers
|upkeep
|turn|97
|
|t:|1769308186
|move|p2a: Under Pressure|Thief|p1a: Slowking
|-supereffective|p1a: Slowking
|-damage|p1a: Slowking|45/100
|-prepare|p1a: Slowking|Chilly Reception|[premajor]
|move|p1a: Slowking|Chilly Reception|p1a: Slowking
|-weather|Snowscape
|
|t:|1769308189
|switch|p1a: Great Tusk|Great Tusk|93/100|[from] Chilly Reception
|
|-weather|Snowscape|[upkeep]
|-heal|p2a: Under Pressure|97/100|[from] item: Leftovers
|upkeep
|turn|98
|
|t:|1769308191
|switch|p2a: Party|Amoonguss, F|100/100
|move|p1a: Great Tusk|Bulk Up|p1a: Great Tusk
|-boost|p1a: Great Tusk|atk|1
|-boost|p1a: Great Tusk|def|1
|
|-weather|Snowscape|[upkeep]
|upkeep
|turn|99
|
|t:|1769308198
|move|p1a: Great Tusk|Earthquake|p2a: Party
|-damage|p2a: Party|54/100
|move|p2a: Party|Toxic|p1a: Great Tusk
|-status|p1a: Great Tusk|tox
|
|-weather|Snowscape|[upkeep]
|-damage|p1a: Great Tusk|87/100 tox|[from] psn
|upkeep
|turn|100
|
|t:|1769308207
|move|p1a: Great Tusk|Bulk Up|p1a: Great Tusk
|-boost|p1a: Great Tusk|atk|1
|-boost|p1a: Great Tusk|def|1
|move|p2a: Party|Synthesis|p2a: Party
|-heal|p2a: Party|79/100
|
|-weather|Snowscape|[upkeep]
|-damage|p1a: Great Tusk|75/100 tox|[from] psn
|upkeep
|turn|101
|
|t:|1769308217
|move|p1a: Great Tusk|Earthquake|p2a: Party
|-crit|p2a: Party
|-damage|p2a: Party|0 fnt
|faint|p2a: Party
|
|-weather|none
|-damage|p1a: Great Tusk|56/100 tox|[from] psn
|upkeep
|
|t:|1769308221
|switch|p2a: Under Pressure|Corviknight, M|97/100
|-ability|p2a: Under Pressure|Pressure
|turn|102
|
|t:|1769308225
|move|p2a: Under Pressure|Protect|p2a: Under Pressure
|-singleturn|p2a: Under Pressure|Protect
|move|p1a: Great Tusk|Knock Off|p2a: Under Pressure
|-activate|p2a: Under Pressure|move: Protect
|
|-heal|p2a: Under Pressure|100/100|[from] item: Leftovers
|-damage|p1a: Great Tusk|31/100 tox|[from] psn
|upkeep
|turn|103
|
|t:|1769308236
|-end|p1a: Great Tusk|Protosynthesis|[silent]
|switch|p1a: Slowking|Slowking-Galar, F|78/100
|switch|p2a: Someone to Love|Clefable, F|100/100
|
|upkeep
|turn|104
|
|t:|1769308241
|switch|p2a: Under Pressure|Corviknight, M|100/100
|-ability|p2a: Under Pressure|Pressure
|move|p1a: Slowking|Future Sight|p2a: Under Pressure
|-start|p1a: Slowking|move: Future Sight
|
|upkeep
|turn|105
|j| FaronAan
|
|t:|1769308252
|switch|p1a: Cinderace|Cinderace, F|84/100
|move|p2a: Under Pressure|Thief|p1a: Cinderace
|-damage|p1a: Cinderace|69/100
|
|upkeep
|turn|106
|
|t:|1769308258
|move|p2a: Under Pressure|Protect|p2a: Under Pressure
|-singleturn|p2a: Under Pressure|Protect
|move|p1a: Cinderace|U-turn|p2a: Under Pressure
|-activate|p2a: Under Pressure|move: Protect
|
|-end|p2a: Under Pressure|move: Future Sight
|-resisted|p2a: Under Pressure
|-damage|p2a: Under Pressure|86/100
|-heal|p2a: Under Pressure|92/100|[from] item: Leftovers
|upkeep
|turn|107
|
|t:|1769308261
|switch|p2a: Great King Rat|Gliscor, F|87/100 tox
|move|p1a: Cinderace|U-turn|p2a: Great King Rat
|-resisted|p2a: Great King Rat
|-damage|p2a: Great King Rat|82/100 tox
|
|t:|1769308263
|switch|p1a: Slowking|Slowking-Galar, F|100/100|[from] U-turn
|
|-heal|p2a: Great King Rat|95/100 tox|[from] ability: Poison Heal
|upkeep
|turn|108
|
|t:|1769308272
|switch|p2a: Under Pressure|Corviknight, M|92/100
|-ability|p2a: Under Pressure|Pressure
|move|p1a: Slowking|Future Sight|p2a: Under Pressure
|-start|p1a: Slowking|move: Future Sight
|
|-heal|p2a: Under Pressure|99/100|[from] item: Leftovers
|upkeep
|turn|109
|
|t:|1769308280
|move|p2a: Under Pressure|Thief|p1a: Slowking
|-supereffective|p1a: Slowking
|-damage|p1a: Slowking|74/100
|move|p1a: Slowking|Ice Beam|p2a: Under Pressure
|-damage|p2a: Under Pressure|83/100
|
|-heal|p2a: Under Pressure|89/100|[from] item: Leftovers
|upkeep
|turn|110
|
|t:|1769308287
|move|p2a: Under Pressure|Thief|p1a: Slowking
|-supereffective|p1a: Slowking
|-damage|p1a: Slowking|48/100
|-prepare|p1a: Slowking|Chilly Reception|[premajor]
|move|p1a: Slowking|Chilly Reception|p1a: Slowking
|-weather|Snowscape
|
|t:|1769308291
|switch|p1a: Kyurem|Kyurem|88/100|[from] Chilly Reception
|-ability|p1a: Kyurem|Pressure
|
|-weather|Snowscape|[upkeep]
|-end|p2a: Under Pressure|move: Future Sight
|-resisted|p2a: Under Pressure
|-damage|p2a: Under Pressure|74/100
|-heal|p1a: Kyurem|94/100|[from] item: Leftovers
|-heal|p2a: Under Pressure|80/100|[from] item: Leftovers
|upkeep
|turn|111
|
|t:|1769308309
|move|p1a: Kyurem|Earth Power|p2a: Under Pressure
|-immune|p2a: Under Pressure
|move|p2a: Under Pressure|Defog|p1a: Kyurem
|-unboost|p1a: Kyurem|evasion|1
|
|-weather|Snowscape|[upkeep]
|-heal|p1a: Kyurem|99/100|[from] item: Leftovers
|-heal|p2a: Under Pressure|86/100|[from] item: Leftovers
|upkeep
|turn|112
|
|t:|1769308316
|move|p1a: Kyurem|Substitute|p1a: Kyurem
|-start|p1a: Kyurem|Substitute
|-damage|p1a: Kyurem|75/100
|move|p2a: Under Pressure|Thief|p1a: Kyurem
|-activate|p1a: Kyurem|move: Substitute|[damage]
|
|-weather|Snowscape|[upkeep]
|-heal|p1a: Kyurem|82/100|[from] item: Leftovers
|-heal|p2a: Under Pressure|92/100|[from] item: Leftovers
|upkeep
|turn|113
|
|t:|1769308324
|move|p1a: Kyurem|Protect|p1a: Kyurem
|-singleturn|p1a: Kyurem|Protect
|move|p2a: Under Pressure|Protect||[still]
|-fail|p2a: Under Pressure
|
|-weather|Snowscape|[upkeep]
|-heal|p1a: Kyurem|88/100|[from] item: Leftovers
|-heal|p2a: Under Pressure|99/100|[from] item: Leftovers
|upkeep
|turn|114
|
|t:|1769308334
|switch|p2a: Killer Queen|Blissey, F|95/100
|move|p1a: Kyurem|Substitute|p1a: Kyurem
|-fail|p1a: Kyurem|move: Substitute
|
|-weather|none
|-heal|p1a: Kyurem|94/100|[from] item: Leftovers
|upkeep
|turn|115
|
|t:|1769308342
|switch|p1a: Cinderace|Cinderace, F|69/100
|move|p2a: Killer Queen|Calm Mind|p2a: Killer Queen
|-boost|p2a: Killer Queen|spa|1
|-boost|p2a: Killer Queen|spd|1
|
|upkeep
|turn|116
|
|t:|1769308345
|switch|p2a: Great King Rat|Gliscor, F|95/100 tox
|move|p1a: Cinderace|U-turn|p2a: Great King Rat
|-resisted|p2a: Great King Rat
|-damage|p2a: Great King Rat|89/100 tox
|
|t:|1769308348
|switch|p1a: Kyurem|Kyurem|94/100|[from] U-turn
|-ability|p1a: Kyurem|Pressure
|
|-heal|p1a: Kyurem|99/100|[from] item: Leftovers
|-heal|p2a: Great King Rat|100/100 tox|[from] ability: Poison Heal
|upkeep
|turn|117
|
|t:|1769308355
|switch|p2a: Under Pressure|Corviknight, M|99/100
|-ability|p2a: Under Pressure|Pressure
|move|p1a: Kyurem|Protect||[still]
|-fail|p1a: Kyurem
|
|-heal|p1a: Kyurem|100/100|[from] item: Leftovers
|-heal|p2a: Under Pressure|100/100|[from] item: Leftovers
|upkeep
|turn|118
|
|t:|1769308361
|switch|p2a: Killer Queen|Blissey, F|95/100
|move|p1a: Kyurem|Freeze-Dry|p2a: Killer Queen
|-damage|p2a: Killer Queen|83/100
|
|upkeep
|turn|119
|
|t:|1769308369
|switch|p1a: Slowking|Slowking-Galar, F|81/100
|switch|p2a: Under Pressure|Corviknight, M|100/100
|-ability|p2a: Under Pressure|Pressure
|
|upkeep
|turn|120
|
|t:|1769308387
|switch|p2a: Killer Queen|Blissey, F|83/100
|switch|p1a: Kingambit|Kingambit, F|93/100
|
|upkeep
|turn|121
|
|t:|1769308393
|switch|p2a: Dragon Attack|Dondozo, F|100/100 slp
|move|p1a: Kingambit|Kowtow Cleave|p2a: Dragon Attack
|-damage|p2a: Dragon Attack|77/100 slp
|
|upkeep
|turn|122
|
|t:|1769308399
|-end|p1a: Kingambit|fallenundefined|[silent]
|switch|p1a: Slowking|Slowking-Galar, F|100/100
|cant|p2a: Dragon Attack|slp
|move|p2a: Dragon Attack|Sleep Talk|p2a: Dragon Attack
|move|p2a: Dragon Attack|Waterfall|p1a: Slowking|[from] move: Sleep Talk
|-damage|p1a: Slowking|71/100
|
|upkeep
|turn|123
|
|t:|1769308406
|switch|p2a: Under Pressure|Corviknight, M|100/100
|-ability|p2a: Under Pressure|Pressure
|switch|p1a: Cinderace|Cinderace, F|69/100
|
|upkeep
|turn|124
|
|t:|1769308409
|switch|p2a: Great King Rat|Gliscor, F|100/100 tox
|move|p1a: Cinderace|Will-O-Wisp||[still]
|-fail|p1a: Cinderace
|
|upkeep
|turn|125
|
|t:|1769308418
|move|p1a: Cinderace|U-turn|p2a: Great King Rat
|-resisted|p2a: Great King Rat
|-damage|p2a: Great King Rat|95/100 tox
|
|t:|1769308421
|switch|p1a: Slowking|Slowking-Galar, F|100/100|[from] U-turn
|move|p2a: Great King Rat|Spikes|p1a: Slowking
|-sidestart|p1: Palm X|Spikes
|
|-heal|p2a: Great King Rat|100/100 tox|[from] ability: Poison Heal
|upkeep
|turn|126
|
|t:|1769308436
|switch|p2a: Under Pressure|Corviknight, M|100/100
|-ability|p2a: Under Pressure|Pressure
|move|p1a: Slowking|Sludge Bomb|p2a: Under Pressure
|-immune|p2a: Under Pressure
|
|upkeep
|turn|127
|
|t:|1769308442
|switch|p1a: Cinderace|Cinderace, F|69/100
|move|p2a: Under Pressure|Thief|p1a: Cinderace
|-damage|p1a: Cinderace|54/100
|
|upkeep
|turn|128
|
|t:|1769308448
|switch|p2a: Great King Rat|Gliscor, F|100/100 tox
|move|p1a: Cinderace|Will-O-Wisp||[still]
|-fail|p1a: Cinderace
|
|upkeep
|turn|129
|
|t:|1769308452
|move|p1a: Cinderace|Court Change|p1a: Cinderace
|-swapsideconditions
|-activate|p1a: Cinderace|move: Court Change
|move|p2a: Great King Rat|Knock Off|p1a: Cinderace
|-damage|p1a: Cinderace|30/100
|-enditem|p1a: Cinderace|Heavy-Duty Boots|[from] move: Knock Off|[of] p2a: Great King Rat
|
|upkeep
|turn|130
|
|t:|1769308455
|move|p1a: Cinderace|U-turn|p2a: Great King Rat
|-resisted|p2a: Great King Rat
|-damage|p2a: Great King Rat|95/100 tox
|
|t:|1769308457
|switch|p1a: Slowking|Slowking-Galar, F|100/100|[from] U-turn
|move|p2a: Great King Rat|Spikes|p1a: Slowking
|-sidestart|p1: Palm X|Spikes
|
|-heal|p2a: Great King Rat|100/100 tox|[from] ability: Poison Heal
|upkeep
|turn|131
|
|t:|1769308470
|switch|p2a: Under Pressure|Corviknight, M|100/100
|-ability|p2a: Under Pressure|Pressure
|move|p1a: Slowking|Future Sight|p2a: Under Pressure
|-start|p1a: Slowking|move: Future Sight
|
|upkeep
|turn|132
|
|t:|1769308475
|switch|p1a: Kingambit|Kingambit, F|93/100
|-damage|p1a: Kingambit|80/100|[from] Spikes
|move|p2a: Under Pressure|Thief|p1a: Kingambit
|-resisted|p1a: Kingambit
|-damage|p1a: Kingambit|76/100
|
|upkeep
|turn|133
|l| FaronAan
|
|t:|1769308495
|move|p2a: Under Pressure|Protect|p2a: Under Pressure
|-singleturn|p2a: Under Pressure|Protect
|move|p1a: Kingambit|Swords Dance|p1a: Kingambit
|-boost|p1a: Kingambit|atk|2
|
|-end|p2a: Under Pressure|move: Future Sight
|-resisted|p2a: Under Pressure
|-damage|p2a: Under Pressure|86/100
|-heal|p2a: Under Pressure|92/100|[from] item: Leftovers
|upkeep
|turn|134
|
|t:|1769308504
|switch|p2a: Dragon Attack|Dondozo, F|77/100 slp
|move|p1a: Kingambit|Kowtow Cleave|p2a: Dragon Attack
|-damage|p2a: Dragon Attack|56/100 slp
|
|upkeep
|turn|135
|
|t:|1769308513
|move|p1a: Kingambit|Kowtow Cleave|p2a: Dragon Attack
|-damage|p2a: Dragon Attack|32/100 slp
|cant|p2a: Dragon Attack|slp
|move|p2a: Dragon Attack|Sleep Talk|p2a: Dragon Attack
|move|p2a: Dragon Attack|Rest||[from] move: Sleep Talk|[still]
|-fail|p2a: Dragon Attack
|
|upkeep
|turn|136
|inactive|Palm X has 120 seconds left.
|
|t:|1769308524
|move|p1a: Kingambit|Kowtow Cleave|p2a: Dragon Attack
|-damage|p2a: Dragon Attack|11/100 slp
|-curestatus|p2a: Dragon Attack|slp|[msg]
|move|p2a: Dragon Attack|Rest|p2a: Dragon Attack
|-status|p2a: Dragon Attack|slp|[from] move: Rest
|-heal|p2a: Dragon Attack|100/100 slp|[silent]
|
|upkeep
|turn|137
|inactive|Palm X has 120 seconds left.
|
|t:|1769308533
|-end|p1a: Kingambit|fallenundefined|[silent]
|switch|p1a: Slowking|Slowking-Galar, F|100/100
|-damage|p1a: Slowking|88/100|[from] Spikes
|cant|p2a: Dragon Attack|slp
|move|p2a: Dragon Attack|Sleep Talk|p2a: Dragon Attack
|move|p2a: Dragon Attack|Body Press|p1a: Slowking|[from] move: Sleep Talk
|-resisted|p1a: Slowking
|-damage|p1a: Slowking|80/100
|
|upkeep
|turn|138
|inactive|Palm X has 120 seconds left.
|
|t:|1769308540
|switch|p2a: Under Pressure|Corviknight, M|92/100
|-ability|p2a: Under Pressure|Pressure
|switch|p1a: Cinderace|Cinderace, F|30/100
|-damage|p1a: Cinderace|18/100|[from] Spikes
|
|-heal|p2a: Under Pressure|98/100|[from] item: Leftovers
|upkeep
|turn|139
|
|t:|1769308543
|switch|p2a: Great King Rat|Gliscor, F|100/100 tox
|move|p1a: Cinderace|Pyro Ball|p2a: Great King Rat
|-damage|p2a: Great King Rat|54/100 tox
|
|-heal|p2a: Great King Rat|67/100 tox|[from] ability: Poison Heal
|upkeep
|turn|140
|
|t:|1769308547
|move|p1a: Cinderace|Will-O-Wisp||[still]
|-fail|p1a: Cinderace
|move|p2a: Great King Rat|Spikes|p1a: Cinderace
|-sidestart|p1: Palm X|Spikes
|
|-heal|p2a: Great King Rat|79/100 tox|[from] ability: Poison Heal
|upkeep
|turn|141
|
|t:|1769308549
|move|p2a: Great King Rat|Protect|p2a: Great King Rat
|-singleturn|p2a: Great King Rat|Protect
|move|p1a: Cinderace|Pyro Ball|p2a: Great King Rat
|-activate|p2a: Great King Rat|move: Protect
|
|-heal|p2a: Great King Rat|92/100 tox|[from] ability: Poison Heal
|upkeep
|turn|142
|
|t:|1769308554
|move|p1a: Cinderace|Pyro Ball|p2a: Great King Rat
|-damage|p2a: Great King Rat|46/100 tox
|move|p2a: Great King Rat|Spikes|p1a: Cinderace
|-sidestart|p1: Palm X|Spikes
|
|-heal|p2a: Great King Rat|58/100 tox|[from] ability: Poison Heal
|upkeep
|turn|143
|
|t:|1769308558
|move|p1a: Cinderace|Court Change|p1a: Cinderace
|-swapsideconditions
|-activate|p1a: Cinderace|move: Court Change
|move|p2a: Great King Rat|Spikes|p1a: Cinderace
|-sidestart|p1: Palm X|Spikes
|
|-heal|p2a: Great King Rat|71/100 tox|[from] ability: Poison Heal
|upkeep
|turn|144
|
|t:|1769308562
|move|p1a: Cinderace|U-turn|p2a: Great King Rat
|-resisted|p2a: Great King Rat
|-damage|p2a: Great King Rat|65/100 tox
|
|t:|1769308565
|switch|p1a: Slowking|Slowking-Galar, F|100/100|[from] U-turn
|-damage|p1a: Slowking|84/100|[from] Spikes
|move|p2a: Great King Rat|Spikes|p1a: Slowking
|-sidestart|p1: Palm X|Spikes
|
|-heal|p2a: Great King Rat|78/100 tox|[from] ability: Poison Heal
|upkeep
|turn|145
|
|t:|1769308578
|switch|p2a: Under Pressure|Corviknight, M|98/100
|-ability|p2a: Under Pressure|Pressure
|move|p1a: Slowking|Future Sight|p2a: Under Pressure
|-start|p1a: Slowking|move: Future Sight
|
|-heal|p2a: Under Pressure|100/100|[from] item: Leftovers
|upkeep
|turn|146
|
|t:|1769308584
|switch|p1a: Cinderace|Cinderace, F|18/100
|-damage|p1a: Cinderace|0 fnt|[from] Spikes
|faint|p1a: Cinderace
|move|p2a: Under Pressure|Thief|p1: Cinderace|[notarget]
|-fail|p2a: Under Pressure
|
|upkeep
|
|t:|1769308586
|switch|p1a: Enamorus|Enamorus, F|2/100 tox
|turn|147
|
|t:|1769308588
|move|p2a: Under Pressure|Protect|p2a: Under Pressure
|-singleturn|p2a: Under Pressure|Protect
|move|p1a: Enamorus|Healing Wish|p1a: Enamorus
|faint|p1a: Enamorus
|
|-end|p2a: Under Pressure|move: Future Sight
|-resisted|p2a: Under Pressure
|-damage|p2a: Under Pressure|85/100
|-heal|p2a: Under Pressure|91/100|[from] item: Leftovers
|upkeep
|
|t:|1769308591
|switch|p1a: Great Tusk|Great Tusk|31/100 tox
|-heal|p1a: Great Tusk|100/100|[from] move: Healing Wish
|-damage|p1a: Great Tusk|76/100|[from] Spikes
|turn|148
|
|t:|1769308602
|switch|p2a: Someone to Love|Clefable, F|100/100
|move|p1a: Great Tusk|Bulk Up|p1a: Great Tusk
|-boost|p1a: Great Tusk|atk|1
|-boost|p1a: Great Tusk|def|1
|
|upkeep
|turn|149
|
|t:|1769308615
|-terastallize|p1a: Great Tusk|Fire
|move|p1a: Great Tusk|Rapid Spin|p2a: Someone to Love
|-damage|p2a: Someone to Love|83/100
|-boost|p1a: Great Tusk|spe|1
|-sideend|p1: Palm X|Spikes|[from] move: Rapid Spin|[of] p1a: Great Tusk
|move|p2a: Someone to Love|Ice Beam|p1a: Great Tusk
|-resisted|p1a: Great Tusk
|-damage|p1a: Great Tusk|62/100
|
|-damage|p1a: Great Tusk|49/100|[from] item: Sticky Barb
|upkeep
|turn|150
|
|t:|1769308626
|move|p1a: Great Tusk|Bulk Up|p1a: Great Tusk
|-boost|p1a: Great Tusk|atk|1
|-boost|p1a: Great Tusk|def|1
|move|p2a: Someone to Love|Moonlight|p2a: Someone to Love
|-heal|p2a: Someone to Love|100/100
|
|-damage|p1a: Great Tusk|37/100|[from] item: Sticky Barb
|upkeep
|turn|151
|
|t:|1769308630
|move|p1a: Great Tusk|Earthquake|p2a: Someone to Love
|-damage|p2a: Someone to Love|38/100
|move|p2a: Someone to Love|Moonlight|p2a: Someone to Love
|-heal|p2a: Someone to Love|88/100
|
|-damage|p1a: Great Tusk|24/100|[from] item: Sticky Barb
|upkeep
|turn|152
|
|t:|1769308635
|move|p1a: Great Tusk|Knock Off|p2a: Someone to Love
|-resisted|p2a: Someone to Love
|-damage|p2a: Someone to Love|75/100
|move|p2a: Someone to Love|Moonlight|p2a: Someone to Love
|-heal|p2a: Someone to Love|100/100
|
|-damage|p1a: Great Tusk|12/100|[from] item: Sticky Barb
|upkeep
|turn|153
|
|t:|1769308639
|move|p1a: Great Tusk|Earthquake|p2a: Someone to Love
|-damage|p2a: Someone to Love|34/100
|move|p2a: Someone to Love|Moonlight|p2a: Someone to Love
|-heal|p2a: Someone to Love|84/100
|
|-damage|p1a: Great Tusk|0 fnt|[from] item: Sticky Barb
|faint|p1a: Great Tusk
|-end|p1a: Great Tusk|Protosynthesis|[silent]
|upkeep
|
|t:|1769308642
|switch|p1a: Slowking|Slowking-Galar, F|100/100
|turn|154
|
|t:|1769308646
|switch|p2a: Under Pressure|Corviknight, M|91/100
|-ability|p2a: Under Pressure|Pressure
|switch|p1a: Kyurem|Kyurem|100/100
|-ability|p1a: Kyurem|Pressure
|
|-heal|p2a: Under Pressure|97/100|[from] item: Leftovers
|upkeep
|turn|155
|-message|Palm X forfeited.
|
|win|blip exists
|raw|Palm X's rating: 1563 &rarr; <strong>1544</strong><br />(-19 for losing)
|raw|blip exists's rating: 1586 &rarr; <strong>1605</strong><br />(+19 for winning)
|l|☆Palm X
|player|p1|
