|j|☆LaportaPotty
|j|‽BishopTheSaint
|t:|1769317951
|gametype|singles
|player|p1|LaportaPotty|169|1444
|player|p2|BishopTheSaint|acetrainer-gen4dp|1411
|gen|9
|tier|[Gen 9] OU
|rated|
|rule|HP Percentage Mod: HP is shown in percentages
|rule|Endless Battle Clause: Forcing endless battles is banned
|rule|Species Clause: Limit one of each Pokémon
|rule|OHKO Clause: OHKO moves are banned
|rule|Evasion Items Clause: Evasion items are banned
|rule|Evasion Moves Clause: Evasion moves are banned
|rule|Evasion Abilities Clause: Evasion abilities are banned
|rule|Sleep Moves Clause: Sleep-inducing moves are banned
|clearpoke
|poke|p1|Okidogi, M|
|poke|p1|Ting-Lu|
|poke|p1|Raging Bolt|
|poke|p1|Moltres|
|poke|p1|Sinistcha|
|poke|p1|Iron Treads|
|poke|p2|Garchomp, M|
|poke|p2|Ting-Lu|
|poke|p2|Corviknight, M|
|poke|p2|Gholdengo|
|poke|p2|Iron Valiant|
|poke|p2|Primarina, F|
|teampreview
|
|t:|1769317956
|teamsize|p1|6
|teamsize|p2|6
|start
|switch|p1a: Ting-Lu|Ting-Lu|100/100
|switch|p2a: Gholdengo|Gholdengo|100/100
|-ability|p1a: Ting-Lu|Vessel of Ruin
|turn|1
|
|t:|1769317962
|move|p2a: Gholdengo|Trick|p1a: Ting-Lu
|-activate|p2a: Gholdengo|move: Trick|[of] p1a: Ting-Lu
|-item|p1a: Ting-Lu|Choice Scarf|[from] move: Trick
|-item|p2a: Gholdengo|Red Card|[from] move: Trick
|move|p1a: Ting-Lu|Stealth Rock|p2a: Gholdengo
|-sidestart|p2: BishopTheSaint|move: Stealth Rock
|
|upkeep
|turn|2
|
|t:|1769317970
|switch|p1a: Moltres|Moltres|100/100
|move|p2a: Gholdengo|Trick|p1a: Moltres
|-activate|p2a: Gholdengo|move: Trick|[of] p1a: Moltres
|-item|p1a: Moltres|Red Card|[from] move: Trick
|-item|p2a: Gholdengo|Heavy-Duty Boots|[from] move: Trick
|
|upkeep
|turn|3
|
|t:|1769317977
|move|p2a: Gholdengo|Shadow Ball|p1a: Moltres
|-damage|p1a: Moltres|57/100
|-enditem|p1a: Moltres|Red Card|[of] p2a: Gholdengo
|drag|p2a: Corviknight|Corviknight, M, shiny|100/100
|-damage|p2a: Corviknight|88/100|[from] Stealth Rock
|-ability|p2a: Corviknight|Pressure
|move|p1a: Moltres|Flamethrower|p2a: Corviknight
|-supereffective|p2a: Corviknight
|-damage|p2a: Corviknight|14/100
|-status|p2a: Corviknight|brn
|
|-damage|p2a: Corviknight|8/100 brn|[from] brn
|upkeep
|turn|4
|
|t:|1769317985
|move|p1a: Moltres|Flamethrower|p2a: Corviknight
|-supereffective|p2a: Corviknight
|-damage|p2a: Corviknight|0 fnt
|faint|p2a: Corviknight
|
|upkeep
|
|t:|1769317988
|switch|p2a: Primarina|Primarina, F|100/100
|-damage|p2a: Primarina|88/100|[from] Stealth Rock
|turn|5
|
|t:|1769317994
|switch|p1a: Okidogi|Okidogi, M|100/100
|move|p2a: Primarina|Moonblast|p1a: Okidogi
|-damage|p1a: Okidogi|67/100
|
|upkeep
|turn|6
|
|t:|1769317999
|switch|p2a: Ting-Lu|Ting-Lu|100/100
|-damage|p2a: Ting-Lu|94/100|[from] Stealth Rock
|-ability|p2a: Ting-Lu|Vessel of Ruin
|-terastallize|p1a: Okidogi|Water
|move|p1a: Okidogi|Gunk Shot|p2a: Ting-Lu
|-resisted|p2a: Ting-Lu
|-damage|p2a: Ting-Lu|77/100
|
|-heal|p2a: Ting-Lu|83/100|[from] item: Leftovers
|upkeep
|turn|7
|
|t:|1769318005
|move|p1a: Okidogi|Drain Punch|p2a: Ting-Lu
|-supereffective|p2a: Ting-Lu
|-damage|p2a: Ting-Lu|35/100
|-heal|p1a: Okidogi|99/100|[from] drain|[of] p2a: Ting-Lu
|move|p2a: Ting-Lu|Stealth Rock|p1a: Okidogi
|-sidestart|p1: LaportaPotty|move: Stealth Rock
|
|-heal|p2a: Ting-Lu|41/100|[from] item: Leftovers
|upkeep
|turn|8
|
|t:|1769318013
|switch|p2a: Garchomp|Garchomp, M|100/100
|-damage|p2a: Garchomp|94/100|[from] Stealth Rock
|move|p1a: Okidogi|Knock Off|p2a: Garchomp
|-damage|p2a: Garchomp|57/100
|-damage|p1a: Okidogi|87/100|[from] ability: Rough Skin|[of] p2a: Garchomp
|-status|p2a: Garchomp|tox|[from] ability: Toxic Chain|[of] p1a: Okidogi
|-enditem|p2a: Garchomp|Loaded Dice|[from] move: Knock Off|[of] p1a: Okidogi
|
|-damage|p2a: Garchomp|51/100 tox|[from] psn
|upkeep
|turn|9
|
|t:|1769318017
|move|p2a: Garchomp|Scale Shot|p1a: Okidogi
|-damage|p1a: Okidogi|76/100
|-damage|p1a: Okidogi|65/100
|-damage|p1a: Okidogi|55/100
|-hitcount|p1a: Okidogi|3
|-unboost|p2a: Garchomp|def|1
|-boost|p2a: Garchomp|spe|1
|move|p1a: Okidogi|Ice Punch|p2a: Garchomp
|-supereffective|p2a: Garchomp
|-damage|p2a: Garchomp|0 fnt
|-damage|p1a: Okidogi|42/100|[from] ability: Rough Skin|[of] p2a: Garchomp
|faint|p2a: Garchomp
|
|upkeep
|
|t:|1769318028
|switch|p2a: Iron Valiant|Iron Valiant|100/100
|-damage|p2a: Iron Valiant|95/100|[from] Stealth Rock
|-enditem|p2a: Iron Valiant|Booster Energy
|-activate|p2a: Iron Valiant|ability: Quark Drive|[fromitem]
|-start|p2a: Iron Valiant|quarkdrivespe
|turn|10
|
|t:|1769318033
|switch|p1a: Moltres|Moltres|57/100
|-damage|p1a: Moltres|7/100|[from] Stealth Rock
|move|p2a: Iron Valiant|Close Combat|p1a: Moltres
|-resisted|p1a: Moltres
|-damage|p1a: Moltres|0 fnt
|-unboost|p2a: Iron Valiant|def|1
|-unboost|p2a: Iron Valiant|spd|1
|-status|p2a: Iron Valiant|brn|[from] ability: Flame Body|[of] p1a: Moltres
|faint|p1a: Moltres
|
|-damage|p2a: Iron Valiant|89/100 brn|[from] brn
|upkeep
|-message|BishopTheSaint forfeited.
|
|win|LaportaPotty
|raw|LaportaPotty's rating: 1444 &rarr; <strong>1462</strong><br />(+18 for winning)
|raw|BishopTheSaint's rating: 1411 &rarr; <strong>1393</strong><br />(-18 for losing)
|l|‽BishopTheSaint
|player|p2|
|l|☆LaportaPotty
|player|p1|
