|j|☆LaportaPotty
|j|☆ghighas
|t:|1769323711
|gametype|singles
|player|p1|LaportaPotty|169|1448
|player|p2|ghighas|ghetsis|1459
|gen|9
|tier|[Gen 9] OU
|rated|
|rule|HP Percentage Mod: HP is shown in percentages
|rule|Endless Battle Clause: Forcing endless battles is banned
|rule|Species Clause: Limit one of each Pokémon
|rule|OHKO Clause: OHKO moves are banned
|rule|Evasion Items Clause: Evasion items are banned
|rule|Evasion Moves Clause: Evasion moves are banned
|rule|Evasion Abilities Clause: Evasion abilities are banned
|rule|Sleep Moves Clause: Sleep-inducing moves are banned
|clearpoke
|poke|p1|Okidogi, M|
|poke|p1|Raging Bolt|
|poke|p1|Moltres|
|poke|p1|Sinistcha|
|poke|p1|Iron Treads|
|poke|p1|Ogerpon-Cornerstone, F|
|poke|p2|Barraskewda, F|
|poke|p2|Pelipper, M|
|poke|p2|Dondozo, F|
|poke|p2|Ogerpon-Wellspring, F|
|poke|p2|Goodra-Hisui, M|
|poke|p2|Great Tusk|
|teampreview
|inactive|Battle timer is ON: inactive players will automatically lose when time's up. (requested by LaportaPotty)
|
|t:|1769323719
|teamsize|p1|6
|teamsize|p2|6
|start
|switch|p1a: Ogerpon|Ogerpon-Cornerstone, F|100/100
|switch|p2a: Great Tusk|Great Tusk|100/100
|turn|1
|
|t:|1769323727
|-end|p2a: Great Tusk|Protosynthesis|[silent]
|switch|p2a: Dondozo|Dondozo, F|100/100
|move|p1a: Ogerpon|Spikes|p2a: Dondozo
|-sidestart|p2: ghighas|Spikes
|
|upkeep
|turn|2
|
|t:|1769323733
|-terastallize|p2a: Dondozo|Fighting
|move|p1a: Ogerpon|Knock Off|p2a: Dondozo
|-resisted|p2a: Dondozo
|-damage|p2a: Dondozo|90/100
|-enditem|p2a: Dondozo|Leftovers|[from] move: Knock Off|[of] p1a: Ogerpon
|move|p2a: Dondozo|Body Press|p1a: Ogerpon
|-supereffective|p1a: Ogerpon
|-damage|p1a: Ogerpon|4/100
|
|upkeep
|turn|3
|
|t:|1769323742
|switch|p1a: Sinistcha|Sinistcha|100/100
|move|p2a: Dondozo|Wave Crash|p1a: Sinistcha
|-resisted|p1a: Sinistcha
|-damage|p1a: Sinistcha|86/100
|-damage|p2a: Dondozo|87/100|[from] Recoil
|
|upkeep
|turn|4
|
|t:|1769323748
|switch|p2a: Goodra|Goodra-Hisui, M|100/100
|move|p1a: Sinistcha|Shadow Ball|p2a: Goodra
|-damage|p2a: Goodra|83/100
|
|upkeep
|turn|5
|
|t:|1769323753
|switch|p1a: Moltres|Moltres|100/100
|move|p2a: Goodra|Flash Cannon|p1a: Moltres
|-resisted|p1a: Moltres
|-damage|p1a: Moltres|86/100
|
|upkeep
|turn|6
|
|t:|1769323757
|switch|p2a: Pelipper|Pelipper, M|100/100
|-weather|RainDance|[from] ability: Drizzle|[of] p2a: Pelipper
|move|p1a: Moltres|Flamethrower|p2a: Pelipper
|-resisted|p2a: Pelipper
|-damage|p2a: Pelipper|89/100
|
|-weather|RainDance|[upkeep]
|upkeep
|turn|7
|
|t:|1769323761
|switch|p1a: Ogerpon|Ogerpon-Cornerstone, F|4/100
|move|p2a: Pelipper|U-turn|p1a: Ogerpon
|-supereffective|p1a: Ogerpon
|-damage|p1a: Ogerpon|0 fnt
|faint|p1a: Ogerpon
|
|t:|1769323770
|switch|p2a: Goodra|Goodra-Hisui, M|83/100|[from] U-turn
|
|-weather|RainDance|[upkeep]
|upkeep
|
|t:|1769323774
|switch|p1a: Iron Treads|Iron Treads|100/100
|turn|8
|
|t:|1769323778
|switch|p2a: Great Tusk|Great Tusk|100/100
|move|p1a: Iron Treads|Stealth Rock|p2a: Great Tusk
|-sidestart|p2: ghighas|move: Stealth Rock
|
|-weather|RainDance|[upkeep]
|upkeep
|turn|9
|
|t:|1769323780
|-end|p1a: Iron Treads|Quark Drive|[silent]
|switch|p1a: Sinistcha|Sinistcha|86/100
|move|p2a: Great Tusk|Earthquake|p1a: Sinistcha
|-resisted|p1a: Sinistcha
|-damage|p1a: Sinistcha|71/100
|
|-weather|RainDance|[upkeep]
|upkeep
|turn|10
|
|t:|1769323783
|move|p2a: Great Tusk|Knock Off|p1a: Sinistcha
|-supereffective|p1a: Sinistcha
|-damage|p1a: Sinistcha|33/100
|-enditem|p1a: Sinistcha|Heavy-Duty Boots|[from] move: Knock Off|[of] p2a: Great Tusk
|move|p1a: Sinistcha|Strength Sap|p2a: Great Tusk
|-unboost|p2a: Great Tusk|atk|1
|-heal|p1a: Sinistcha|100/100
|
|-weather|RainDance|[upkeep]
|upkeep
|turn|11
|
|t:|1769323792
|-end|p2a: Great Tusk|Protosynthesis|[silent]
|switch|p2a: Goodra|Goodra-Hisui, M|83/100
|move|p1a: Sinistcha|Scald|p2a: Goodra
|-resisted|p2a: Goodra
|-damage|p2a: Goodra|73/100
|
|-weather|RainDance|[upkeep]
|upkeep
|turn|12
|
|t:|1769323798
|switch|p1a: Moltres|Moltres|86/100
|move|p2a: Goodra|Flash Cannon|p1a: Moltres
|-resisted|p1a: Moltres
|-damage|p1a: Moltres|70/100
|
|-weather|RainDance|[upkeep]
|upkeep
|turn|13
|
|t:|1769323805
|switch|p1a: Raging Bolt|Raging Bolt|100/100
|-enditem|p1a: Raging Bolt|Booster Energy
|-activate|p1a: Raging Bolt|ability: Protosynthesis|[fromitem]
|-start|p1a: Raging Bolt|protosynthesisspa
|switch|p2a: Dondozo|Dondozo, F, tera:Fighting|87/100
|-damage|p2a: Dondozo|74/100|[from] Spikes
|-damage|p2a: Dondozo|68/100|[from] Stealth Rock
|
|-weather|none
|upkeep
|turn|14
|
|t:|1769323814
|switch|p2a: Great Tusk|Great Tusk|100/100
|move|p1a: Raging Bolt|Calm Mind|p1a: Raging Bolt
|-boost|p1a: Raging Bolt|spa|1
|-boost|p1a: Raging Bolt|spd|1
|
|upkeep
|turn|15
|
|t:|1769323818
|-terastallize|p1a: Raging Bolt|Bug
|move|p1a: Raging Bolt|Dragon Pulse|p2a: Great Tusk
|-damage|p2a: Great Tusk|0 fnt
|faint|p2a: Great Tusk
|-end|p2a: Great Tusk|Protosynthesis|[silent]
|
|upkeep
|
|t:|1769323823
|switch|p2a: Goodra|Goodra-Hisui, M|73/100
|turn|16
|
|t:|1769323829
|move|p1a: Raging Bolt|Dragon Pulse|p2a: Goodra
|-damage|p2a: Goodra|19/100
|move|p2a: Goodra|Dragon Tail|p1a: Raging Bolt
|-damage|p1a: Raging Bolt|80/100
|-end|p1a: Raging Bolt|Protosynthesis|[silent]
|drag|p1a: Sinistcha|Sinistcha|100/100
|
|upkeep
|turn|17
|
|t:|1769323837
|move|p1a: Sinistcha|Shadow Ball|p2a: Goodra
|-damage|p2a: Goodra|1/100
|move|p2a: Goodra|Rest|p2a: Goodra
|-status|p2a: Goodra|slp|[from] move: Rest
|-heal|p2a: Goodra|100/100 slp|[silent]
|
|upkeep
|turn|18
|
|t:|1769323846
|switch|p1a: Iron Treads|Iron Treads|100/100
|cant|p2a: Goodra|slp
|
|upkeep
|turn|19
|
|t:|1769323852
|switch|p2a: Pelipper|Pelipper, M|89/100
|-damage|p2a: Pelipper|64/100|[from] Stealth Rock
|-weather|RainDance|[from] ability: Drizzle|[of] p2a: Pelipper
|move|p1a: Iron Treads|Earthquake|p2a: Pelipper
|-immune|p2a: Pelipper
|
|-weather|RainDance|[upkeep]
|upkeep
|turn|20
|
|t:|1769323855
|-end|p1a: Iron Treads|Quark Drive|[silent]
|switch|p1a: Okidogi|Okidogi, M|100/100
|move|p2a: Pelipper|U-turn|p1a: Okidogi
|-resisted|p1a: Okidogi
|-damage|p1a: Okidogi|99/100
|
|t:|1769323863
|switch|p2a: Barraskewda|Barraskewda, F, shiny|100/100|[from] U-turn
|-damage|p2a: Barraskewda|88/100|[from] Spikes
|-damage|p2a: Barraskewda|75/100|[from] Stealth Rock
|
|-weather|RainDance|[upkeep]
|upkeep
|turn|21
|
|t:|1769323867
|move|p2a: Barraskewda|Psychic Fangs|p1a: Okidogi
|-supereffective|p1a: Okidogi
|-damage|p1a: Okidogi|0 fnt
|faint|p1a: Okidogi
|
|-weather|RainDance|[upkeep]
|upkeep
|
|t:|1769323870
|switch|p1a: Raging Bolt|Raging Bolt, tera:Bug|80/100
|turn|22
|
|t:|1769323874
|switch|p2a: Goodra|Goodra-Hisui, M|100/100 slp
|move|p1a: Raging Bolt|Thunderbolt|p2a: Goodra
|-resisted|p2a: Goodra
|-damage|p2a: Goodra|85/100 slp
|
|-weather|RainDance|[upkeep]
|upkeep
|turn|23
|
|t:|1769323882
|move|p1a: Raging Bolt|Calm Mind|p1a: Raging Bolt
|-boost|p1a: Raging Bolt|spa|1
|-boost|p1a: Raging Bolt|spd|1
|cant|p2a: Goodra|slp
|
|-weather|RainDance|[upkeep]
|upkeep
|turn|24
|
|t:|1769323884
|move|p1a: Raging Bolt|Dragon Pulse|p2a: Goodra
|-damage|p2a: Goodra|45/100 slp
|-curestatus|p2a: Goodra|slp|[msg]
|move|p2a: Goodra|Dragon Tail|p1a: Raging Bolt
|-damage|p1a: Raging Bolt|57/100
|-end|p1a: Raging Bolt|Protosynthesis|[silent]
|drag|p1a: Iron Treads|Iron Treads|100/100
|
|-weather|RainDance|[upkeep]
|upkeep
|turn|25
|
|t:|1769323895
|switch|p2a: Ogerpon|Ogerpon-Wellspring, F|100/100
|-damage|p2a: Ogerpon|88/100|[from] Spikes
|-damage|p2a: Ogerpon|75/100|[from] Stealth Rock
|move|p1a: Iron Treads|Iron Head|p2a: Ogerpon
|-resisted|p2a: Ogerpon
|-damage|p2a: Ogerpon|52/100
|
|-weather|RainDance|[upkeep]
|upkeep
|turn|26
|
|t:|1769323903
|-end|p1a: Iron Treads|Quark Drive|[silent]
|switch|p1a: Moltres|Moltres|70/100
|move|p2a: Ogerpon|Swords Dance|p2a: Ogerpon
|-boost|p2a: Ogerpon|atk|2
|
|-weather|none
|upkeep
|turn|27
|
|t:|1769323906
|move|p2a: Ogerpon|Ivy Cudgel|p1a: Moltres|[anim] Ivy Cudgel Water
|-supereffective|p1a: Moltres
|-crit|p1a: Moltres
|-damage|p1a: Moltres|0 fnt
|faint|p1a: Moltres
|
|upkeep
|
|t:|1769323909
|switch|p1a: Raging Bolt|Raging Bolt, tera:Bug|57/100
|turn|28
|
|t:|1769323914
|move|p1a: Raging Bolt|Thunderclap|p2a: Ogerpon
|-damage|p2a: Ogerpon|4/100
|move|p2a: Ogerpon|Ivy Cudgel|p1a: Raging Bolt|[anim] Ivy Cudgel Water
|-damage|p1a: Raging Bolt|0 fnt
|faint|p1a: Raging Bolt
|-end|p1a: Raging Bolt|Protosynthesis|[silent]
|
|upkeep
|
|t:|1769323917
|switch|p1a: Iron Treads|Iron Treads|100/100
|turn|29
|
|t:|1769323924
|move|p2a: Ogerpon|Ivy Cudgel|p1a: Iron Treads|[anim] Ivy Cudgel Water
|-supereffective|p1a: Iron Treads
|-damage|p1a: Iron Treads|0 fnt
|faint|p1a: Iron Treads
|-end|p1a: Iron Treads|Quark Drive|[silent]
|
|upkeep
|-message|LaportaPotty forfeited.
|
|win|ghighas
|raw|LaportaPotty's rating: 1448 &rarr; <strong>1427</strong><br />(-21 for losing)
|raw|ghighas's rating: 1434 &rarr; <strong>1455</strong><br />(+21 for winning)
|l|☆LaportaPotty
|player|p1|
|l|☆ghighas
|player|p2|
