|j|☆its called
|j|☆Enet2wenet
|t:|1769400917
|gametype|singles
|player|p1|its called|blue|1246
|player|p2|Enet2wenet|170|1292
|gen|9
|tier|[Gen 9] OU
|rated|
|rule|HP Percentage Mod: HP is shown in percentages
|rule|Endless Battle Clause: Forcing endless battles is banned
|rule|Species Clause: Limit one of each Pokémon
|rule|OHKO Clause: OHKO moves are banned
|rule|Evasion Items Clause: Evasion items are banned
|rule|Evasion Moves Clause: Evasion moves are banned
|rule|Evasion Abilities Clause: Evasion abilities are banned
|rule|Sleep Moves Clause: Sleep-inducing moves are banned
|clearpoke
|poke|p1|Alomomola, M|
|poke|p1|Blissey, F|
|poke|p1|Clodsire, F|
|poke|p1|Gliscor, F|
|poke|p1|Dondozo, M|
|poke|p1|Muk, F|
|poke|p2|Zamazenta-*|
|poke|p2|Quaquaval, F|
|poke|p2|Great Tusk|
|poke|p2|Pelipper, F|
|poke|p2|Moltres|
|poke|p2|Slowking-Galar, F|
|teampreview
|inactive|Battle timer is ON: inactive players will automatically lose when time's up. (requested by Enet2wenet)
|
|t:|1769400924
|teamsize|p1|6
|teamsize|p2|6
|start
|switch|p1a: Gliscor|Gliscor, F|100/100
|switch|p2a: Pelipper|Pelipper, F|100/100
|-weather|RainDance|[from] ability: Drizzle|[of] p2a: Pelipper
|turn|1
|
|t:|1769400930
|move|p1a: Gliscor|Protect|p1a: Gliscor
|-singleturn|p1a: Gliscor|Protect
|move|p2a: Pelipper|Weather Ball|p1a: Gliscor
|-activate|p1a: Gliscor|move: Protect
|
|-weather|RainDance|[upkeep]
|-status|p1a: Gliscor|tox|[from] item: Toxic Orb
|upkeep
|turn|2
|
|t:|1769400937
|switch|p1a: Blissey|Blissey, F|100/100
|move|p2a: Pelipper|Weather Ball|p1a: Blissey
|-damage|p1a: Blissey|81/100
|
|-weather|RainDance|[upkeep]
|upkeep
|turn|3
|
|t:|1769400943
|switch|p2a: Slowking|Slowking-Galar, F|100/100
|switch|p1a: Muk|Muk, F|100/100
|
|-weather|RainDance|[upkeep]
|upkeep
|turn|4
|
|t:|1769400947
|move|p1a: Muk|Knock Off|p2a: Slowking
|-supereffective|p2a: Slowking
|-damage|p2a: Slowking|61/100
|-enditem|p2a: Slowking|Leftovers|[from] move: Knock Off|[of] p1a: Muk
|move|p2a: Slowking|Psychic Noise|p1a: Muk
|-supereffective|p1a: Muk
|-damage|p1a: Muk|53/100
|-start|p1a: Muk|move: Heal Block
|
|-weather|RainDance|[upkeep]
|upkeep
|turn|5
|
|t:|1769400960
|switch|p1a: Blissey|Blissey, F|81/100
|move|p2a: Slowking|Substitute|p2a: Slowking
|-start|p2a: Slowking|Substitute
|-damage|p2a: Slowking|36/100
|
|-weather|none
|upkeep
|turn|6
|
|t:|1769400964
|move|p1a: Blissey|Stealth Rock|p2a: Slowking
|-sidestart|p2: Enet2wenet|move: Stealth Rock
|move|p2a: Slowking|Toxic|p1a: Blissey
|-status|p1a: Blissey|tox
|
|-damage|p1a: Blissey|75/100 tox|[from] psn
|upkeep
|turn|7
|
|t:|1769400969
|-curestatus|p1a: Blissey|tox|[from] ability: Natural Cure
|switch|p1a: Alomomola|Alomomola, M|100/100
|move|p2a: Slowking|Toxic Spikes|p1a: Alomomola
|-sidestart|p1: its called|move: Toxic Spikes
|
|upkeep
|turn|8
|
|t:|1769400976
|switch|p1a: Blissey|Blissey, F|75/100
|move|p2a: Slowking|Toxic|p1a: Blissey
|-status|p1a: Blissey|tox
|
|-damage|p1a: Blissey|69/100 tox|[from] psn
|upkeep
|turn|9
|
|t:|1769400980
|-curestatus|p1a: Blissey|tox|[from] ability: Natural Cure
|switch|p1a: Gliscor|Gliscor, F|100/100 tox
|move|p2a: Slowking|Psychic Noise|p1a: Gliscor
|-damage|p1a: Gliscor|69/100 tox
|-start|p1a: Gliscor|move: Heal Block
|
|upkeep
|turn|10
|
|t:|1769400985
|switch|p1a: Blissey|Blissey, F|69/100
|move|p2a: Slowking|Toxic|p1a: Blissey
|-status|p1a: Blissey|tox
|
|-damage|p1a: Blissey|63/100 tox|[from] psn
|upkeep
|turn|11
|
|t:|1769400991
|-curestatus|p1a: Blissey|tox|[from] ability: Natural Cure
|switch|p1a: Gliscor|Gliscor, F|69/100 tox
|move|p2a: Slowking|Toxic Spikes|p1a: Gliscor
|-sidestart|p1: its called|move: Toxic Spikes
|
|-heal|p1a: Gliscor|81/100 tox|[from] ability: Poison Heal
|upkeep
|turn|12
|
|t:|1769400994
|move|p1a: Gliscor|Protect|p1a: Gliscor
|-singleturn|p1a: Gliscor|Protect
|move|p2a: Slowking|Psychic Noise|p1a: Gliscor
|-activate|p1a: Gliscor|move: Protect
|
|-heal|p1a: Gliscor|94/100 tox|[from] ability: Poison Heal
|upkeep
|turn|13
|
|t:|1769400999
|move|p1a: Gliscor|Knock Off|p2a: Slowking
|-supereffective|p2a: Slowking
|-end|p2a: Slowking|Substitute
|move|p2a: Slowking|Psychic Noise|p1a: Gliscor
|-damage|p1a: Gliscor|57/100 tox
|-start|p1a: Gliscor|move: Heal Block
|
|upkeep
|turn|14
|
|t:|1769401004
|move|p1a: Gliscor|Knock Off|p2a: Slowking
|-supereffective|p2a: Slowking
|-damage|p2a: Slowking|9/100
|move|p2a: Slowking|Psychic Noise|p1a: Gliscor
|-damage|p1a: Gliscor|21/100 tox
|
|-end|p1a: Gliscor|move: Heal Block
|upkeep
|turn|15
|
|t:|1769401008
|switch|p2a: Moltres|Moltres|100/100
|move|p1a: Gliscor|Knock Off|p2a: Moltres
|-damage|p2a: Moltres|80/100
|-enditem|p2a: Moltres|Heavy-Duty Boots|[from] move: Knock Off|[of] p1a: Gliscor
|
|-heal|p1a: Gliscor|33/100 tox|[from] ability: Poison Heal
|upkeep
|turn|16
|
|t:|1769401013
|move|p1a: Gliscor|Protect|p1a: Gliscor
|-singleturn|p1a: Gliscor|Protect
|move|p2a: Moltres|Flamethrower|p1a: Gliscor
|-activate|p1a: Gliscor|move: Protect
|
|-heal|p1a: Gliscor|46/100 tox|[from] ability: Poison Heal
|upkeep
|turn|17
|
|t:|1769401016
|switch|p1a: Blissey|Blissey, F|63/100
|move|p2a: Moltres|Flamethrower|p1a: Blissey
|-damage|p1a: Blissey|47/100
|
|upkeep
|turn|18
|
|t:|1769401022
|switch|p2a: Slowking|Slowking-Galar, F|42/100
|-damage|p2a: Slowking|29/100|[from] Stealth Rock
|move|p1a: Blissey|Soft-Boiled|p1a: Blissey
|-heal|p1a: Blissey|97/100
|
|upkeep
|turn|19
|
|t:|1769401025
|move|p1a: Blissey|Seismic Toss|p2a: Slowking
|-damage|p2a: Slowking|3/100
|move|p2a: Slowking|Substitute|p2a: Slowking
|-fail|p2a: Slowking|move: Substitute|[weak]
|
|upkeep
|turn|20
|
|t:|1769401029
|switch|p2a: Moltres|Moltres|80/100
|-damage|p2a: Moltres|30/100|[from] Stealth Rock
|move|p1a: Blissey|Seismic Toss|p2a: Moltres
|-damage|p2a: Moltres|4/100
|-status|p1a: Blissey|brn|[from] ability: Flame Body|[of] p2a: Moltres
|
|-damage|p1a: Blissey|91/100 brn|[from] brn
|upkeep
|turn|21
|
|t:|1769401033
|move|p2a: Moltres|Roost|p2a: Moltres
|-heal|p2a: Moltres|54/100
|-singleturn|p2a: Moltres|move: Roost
|move|p1a: Blissey|Seismic Toss|p2a: Moltres
|-damage|p2a: Moltres|28/100
|
|-damage|p1a: Blissey|85/100 brn|[from] brn
|upkeep
|turn|22
|
|t:|1769401035
|move|p2a: Moltres|Roost|p2a: Moltres
|-heal|p2a: Moltres|78/100
|-singleturn|p2a: Moltres|move: Roost
|move|p1a: Blissey|Seismic Toss|p2a: Moltres
|-damage|p2a: Moltres|52/100
|
|-damage|p1a: Blissey|79/100 brn|[from] brn
|upkeep
|turn|23
|
|t:|1769401037
|move|p2a: Moltres|Roost|p2a: Moltres
|-heal|p2a: Moltres|100/100
|-singleturn|p2a: Moltres|move: Roost
|move|p1a: Blissey|Seismic Toss|p2a: Moltres
|-damage|p2a: Moltres|74/100
|
|-damage|p1a: Blissey|73/100 brn|[from] brn
|upkeep
|turn|24
|
|t:|1769401041
|move|p2a: Moltres|Scorching Sands|p1a: Blissey
|-damage|p1a: Blissey|64/100 brn
|move|p1a: Blissey|Seismic Toss|p2a: Moltres
|-damage|p2a: Moltres|48/100
|
|-damage|p1a: Blissey|58/100 brn|[from] brn
|upkeep
|turn|25
|
|t:|1769401045
|move|p2a: Moltres|Roost|p2a: Moltres
|-heal|p2a: Moltres|98/100
|-singleturn|p2a: Moltres|move: Roost
|move|p1a: Blissey|Seismic Toss|p2a: Moltres
|-damage|p2a: Moltres|72/100
|
|-damage|p1a: Blissey|52/100 brn|[from] brn
|upkeep
|turn|26
|
|t:|1769401049
|move|p2a: Moltres|Flamethrower|p1a: Blissey
|-damage|p1a: Blissey|36/100 brn
|move|p1a: Blissey|Seismic Toss|p2a: Moltres
|-damage|p2a: Moltres|46/100
|
|-damage|p1a: Blissey|30/100 brn|[from] brn
|upkeep
|turn|27
|
|t:|1769401051
|move|p2a: Moltres|Roost|p2a: Moltres
|-heal|p2a: Moltres|96/100
|-singleturn|p2a: Moltres|move: Roost
|move|p1a: Blissey|Soft-Boiled|p1a: Blissey
|-heal|p1a: Blissey|80/100 brn
|
|-damage|p1a: Blissey|74/100 brn|[from] brn
|upkeep
|turn|28
|
|t:|1769401057
|switch|p2a: Great Tusk|Great Tusk|100/100
|-damage|p2a: Great Tusk|98/100|[from] Stealth Rock
|-curestatus|p1a: Blissey|brn|[from] ability: Natural Cure
|switch|p1a: Alomomola|Alomomola, M|100/100
|
|upkeep
|turn|29
|
|t:|1769401059
|move|p2a: Great Tusk|Rapid Spin|p1a: Alomomola
|-damage|p1a: Alomomola|92/100
|-boost|p2a: Great Tusk|spe|1
|-sideend|p2: Enet2wenet|Stealth Rock|[from] move: Rapid Spin|[of] p2a: Great Tusk
|move|p1a: Alomomola|Scald|p2a: Great Tusk
|-supereffective|p2a: Great Tusk
|-damage|p2a: Great Tusk|72/100
|-status|p2a: Great Tusk|brn
|
|-damage|p2a: Great Tusk|66/100 brn|[from] brn
|upkeep
|turn|30
|
|t:|1769401066
|-end|p2a: Great Tusk|Protosynthesis|[silent]
|switch|p2a: Pelipper|Pelipper, F|100/100
|-weather|RainDance|[from] ability: Drizzle|[of] p2a: Pelipper
|move|p1a: Alomomola|Flip Turn|p2a: Pelipper
|-resisted|p2a: Pelipper
|-damage|p2a: Pelipper|86/100
|
|t:|1769401069
|switch|p1a: Gliscor|Gliscor, F|46/100 tox|[from] Flip Turn
|
|-weather|RainDance|[upkeep]
|-heal|p1a: Gliscor|58/100 tox|[from] ability: Poison Heal
|upkeep
|turn|31
|
|t:|1769401073
|move|p1a: Gliscor|Protect|p1a: Gliscor
|-singleturn|p1a: Gliscor|Protect
|move|p2a: Pelipper|Weather Ball|p1a: Gliscor
|-activate|p1a: Gliscor|move: Protect
|
|-weather|RainDance|[upkeep]
|-heal|p1a: Gliscor|71/100 tox|[from] ability: Poison Heal
|upkeep
|turn|32
|
|t:|1769401076
|switch|p1a: Blissey|Blissey, F|74/100
|move|p2a: Pelipper|Weather Ball|p1a: Blissey
|-damage|p1a: Blissey|56/100
|
|-weather|RainDance|[upkeep]
|upkeep
|turn|33
|
|t:|1769401080
|move|p2a: Pelipper|Weather Ball|p1a: Blissey
|-damage|p1a: Blissey|36/100
|move|p1a: Blissey|Stealth Rock|p2a: Pelipper
|-sidestart|p2: Enet2wenet|move: Stealth Rock
|
|-weather|RainDance|[upkeep]
|upkeep
|turn|34
|
|t:|1769401083
|move|p2a: Pelipper|Weather Ball|p1a: Blissey
|-damage|p1a: Blissey|16/100
|move|p1a: Blissey|Soft-Boiled|p1a: Blissey
|-heal|p1a: Blissey|66/100
|
|-weather|none
|upkeep
|turn|35
|
|t:|1769401086
|move|p2a: Pelipper|Weather Ball|p1a: Blissey
|-damage|p1a: Blissey|62/100
|move|p1a: Blissey|Seismic Toss|p2a: Pelipper
|-damage|p2a: Pelipper|48/100
|
|upkeep
|turn|36
|
|t:|1769401090
|switch|p2a: Quaquaval|Quaquaval, F, shiny|100/100
|-damage|p2a: Quaquaval|94/100|[from] Stealth Rock
|move|p1a: Blissey|Seismic Toss|p2a: Quaquaval
|-damage|p2a: Quaquaval|62/100
|
|upkeep
|turn|37
|
|t:|1769401095
|switch|p1a: Dondozo|Dondozo, M|100/100
|move|p2a: Quaquaval|Aqua Step|p1a: Dondozo
|-resisted|p1a: Dondozo
|-damage|p1a: Dondozo|92/100
|-boost|p2a: Quaquaval|spe|1
|
|upkeep
|turn|38
|
|t:|1769401099
|switch|p2a: Great Tusk|Great Tusk|66/100 brn
|-damage|p2a: Great Tusk|63/100 brn|[from] Stealth Rock
|move|p1a: Dondozo|Body Press|p2a: Great Tusk
|-damage|p2a: Great Tusk|45/100 brn
|
|-damage|p2a: Great Tusk|39/100 brn|[from] brn
|upkeep
|turn|39
|
|t:|1769401105
|move|p2a: Great Tusk|Rapid Spin|p1a: Dondozo
|-damage|p1a: Dondozo|88/100
|-boost|p2a: Great Tusk|spe|1
|-sideend|p2: Enet2wenet|Stealth Rock|[from] move: Rapid Spin|[of] p2a: Great Tusk
|move|p1a: Dondozo|Body Press|p2a: Great Tusk
|-damage|p2a: Great Tusk|20/100 brn
|
|-damage|p2a: Great Tusk|13/100 brn|[from] brn
|upkeep
|turn|40
|
|t:|1769401108
|-end|p2a: Great Tusk|Protosynthesis|[silent]
|switch|p2a: Slowking|Slowking-Galar, F|36/100
|switch|p1a: Alomomola|Alomomola, M|100/100
|
|upkeep
|turn|41
|
|t:|1769401112
|switch|p2a: Pelipper|Pelipper, F|48/100
|-weather|RainDance|[from] ability: Drizzle|[of] p2a: Pelipper
|move|p1a: Alomomola|Flip Turn|p2a: Pelipper
|-resisted|p2a: Pelipper
|-damage|p2a: Pelipper|30/100
|
|t:|1769401116
|switch|p1a: Blissey|Blissey, F|62/100|[from] Flip Turn
|
|-weather|RainDance|[upkeep]
|upkeep
|turn|42
|
|t:|1769401119
|move|p2a: Pelipper|Knock Off|p1a: Blissey
|-damage|p1a: Blissey|48/100
|-enditem|p1a: Blissey|Heavy-Duty Boots|[from] move: Knock Off|[of] p2a: Pelipper
|move|p1a: Blissey|Stealth Rock|p2a: Pelipper
|-sidestart|p2: Enet2wenet|move: Stealth Rock
|
|-weather|RainDance|[upkeep]
|upkeep
|turn|43
|
|t:|1769401126
|switch|p2a: Zamazenta|Zamazenta|100/100
|-damage|p2a: Zamazenta|94/100|[from] Stealth Rock
|-ability|p2a: Zamazenta|Dauntless Shield|boost
|-boost|p2a: Zamazenta|def|1
|move|p1a: Blissey|Soft-Boiled|p1a: Blissey
|-heal|p1a: Blissey|98/100
|
|-weather|RainDance|[upkeep]
|-heal|p2a: Zamazenta|100/100|[from] item: Leftovers
|upkeep
|turn|44
|
|t:|1769401134
|switch|p1a: Dondozo|Dondozo, M|88/100
|move|p2a: Zamazenta|Body Press|p1a: Dondozo
|-damage|p1a: Dondozo|74/100
|
|-weather|RainDance|[upkeep]
|upkeep
|turn|45
|
|t:|1769401139
|move|p2a: Zamazenta|Iron Defense|p2a: Zamazenta
|-boost|p2a: Zamazenta|def|2
|move|p1a: Dondozo|Curse|p1a: Dondozo
|-unboost|p1a: Dondozo|spe|1
|-boost|p1a: Dondozo|atk|1
|-boost|p1a: Dondozo|def|1
|
|-weather|none
|upkeep
|turn|46
|
|t:|1769401141
|move|p2a: Zamazenta|Iron Defense|p2a: Zamazenta
|-boost|p2a: Zamazenta|def|2
|move|p1a: Dondozo|Curse|p1a: Dondozo
|-unboost|p1a: Dondozo|spe|1
|-boost|p1a: Dondozo|atk|1
|-boost|p1a: Dondozo|def|1
|
|upkeep
|turn|47
|
|t:|1769401144
|move|p2a: Zamazenta|Iron Defense|p2a: Zamazenta
|-boost|p2a: Zamazenta|def|1
|move|p1a: Dondozo|Curse|p1a: Dondozo
|-unboost|p1a: Dondozo|spe|1
|-boost|p1a: Dondozo|atk|1
|-boost|p1a: Dondozo|def|1
|
|upkeep
|turn|48
|
|t:|1769401146
|move|p2a: Zamazenta|Body Press|p1a: Dondozo
|-damage|p1a: Dondozo|68/100
|move|p1a: Dondozo|Body Press|p2a: Zamazenta
|-damage|p2a: Zamazenta|36/100
|
|-heal|p2a: Zamazenta|42/100|[from] item: Leftovers
|upkeep
|turn|49
|
|t:|1769401149
|move|p2a: Zamazenta|Psychic Fangs|p1a: Dondozo
|-damage|p1a: Dondozo|63/100
|move|p1a: Dondozo|Body Press|p2a: Zamazenta
|-damage|p2a: Zamazenta|0 fnt
|faint|p2a: Zamazenta
|
|upkeep
|
|t:|1769401153
|switch|p2a: Pelipper|Pelipper, F|30/100
|-damage|p2a: Pelipper|5/100|[from] Stealth Rock
|-weather|RainDance|[from] ability: Drizzle|[of] p2a: Pelipper
|turn|50
|
|t:|1769401156
|switch|p1a: Muk|Muk, F|53/100
|-sideend|p1: its called|move: Toxic Spikes|[of] p1a: Muk
|move|p2a: Pelipper|Hurricane|p1a: Muk
|-damage|p1a: Muk|16/100
|-start|p1a: Muk|confusion
|
|-weather|RainDance|[upkeep]
|upkeep
|turn|51
|
|t:|1769401161
|switch|p1a: Blissey|Blissey, F|98/100
|move|p2a: Pelipper|Hurricane|p1a: Blissey
|-damage|p1a: Blissey|83/100
|
|-weather|RainDance|[upkeep]
|upkeep
|turn|52
|
|t:|1769401164
|switch|p2a: Quaquaval|Quaquaval, F, shiny|62/100
|-damage|p2a: Quaquaval|56/100|[from] Stealth Rock
|move|p1a: Blissey|Seismic Toss|p2a: Quaquaval
|-damage|p2a: Quaquaval|24/100
|
|-weather|RainDance|[upkeep]
|upkeep
|turn|53
|
|t:|1769401167
|switch|p1a: Dondozo|Dondozo, M|63/100
|move|p2a: Quaquaval|Aqua Step|p1a: Dondozo
|-resisted|p1a: Dondozo
|-damage|p1a: Dondozo|48/100
|-boost|p2a: Quaquaval|spe|1
|
|-weather|RainDance|[upkeep]
|upkeep
|turn|54
|
|t:|1769401171
|-terastallize|p2a: Quaquaval|Psychic
|move|p2a: Quaquaval|Tera Blast|p1a: Dondozo|[anim] Tera Blast Psychic
|-damage|p1a: Dondozo|27/100
|move|p1a: Dondozo|Body Press|p2a: Quaquaval
|-resisted|p2a: Quaquaval
|-damage|p2a: Quaquaval|6/100
|
|-weather|none
|upkeep
|turn|55
|
|t:|1769401175
|move|p2a: Quaquaval|Tera Blast|p1a: Dondozo|[anim] Tera Blast Psychic
|-damage|p1a: Dondozo|9/100
|move|p1a: Dondozo|Rest|p1a: Dondozo
|-status|p1a: Dondozo|slp|[from] move: Rest
|-heal|p1a: Dondozo|100/100 slp|[silent]
|
|upkeep
|turn|56
|
|t:|1769401179
|switch|p2a: Great Tusk|Great Tusk|13/100 brn
|-damage|p2a: Great Tusk|10/100 brn|[from] Stealth Rock
|cant|p1a: Dondozo|slp
|move|p1a: Dondozo|Sleep Talk|p1a: Dondozo
|move|p1a: Dondozo|Body Press|p2a: Great Tusk|[from] move: Sleep Talk
|-damage|p2a: Great Tusk|0 fnt
|faint|p2a: Great Tusk
|-end|p2a: Great Tusk|Protosynthesis|[silent]
|
|upkeep
|-message|Enet2wenet forfeited.
|
|win|its called
|raw|its called's rating: 1246 &rarr; <strong>1274</strong><br />(+28 for winning)
|raw|Enet2wenet's rating: 1292 &rarr; <strong>1264</strong><br />(-28 for losing)
|l|☆Enet2wenet
|player|p2|
|l|☆its called
|player|p1|
