|j|☆Hikinggoat
|j|☆do bronx aarone
|t:|1769397443
|gametype|singles
|player|p1|Hikinggoat|1|1369
|player|p2|do bronx aarone|102|1389
|gen|9
|tier|[Gen 9] OU
|rated|
|rule|HP Percentage Mod: HP is shown in percentages
|rule|Endless Battle Clause: Forcing endless battles is banned
|rule|Species Clause: Limit one of each Pokémon
|rule|OHKO Clause: OHKO moves are banned
|rule|Evasion Items Clause: Evasion items are banned
|rule|Evasion Moves Clause: Evasion moves are banned
|rule|Evasion Abilities Clause: Evasion abilities are banned
|rule|Sleep Moves Clause: Sleep-inducing moves are banned
|clearpoke
|poke|p1|Milotic, F|
|poke|p1|Zapdos-Galar|
|poke|p1|Pecharunt|
|poke|p1|Ting-Lu|
|poke|p1|Great Tusk|
|poke|p1|Dragapult, F|
|poke|p2|Latios, M|
|poke|p2|Zapdos|
|poke|p2|Ting-Lu|
|poke|p2|Pecharunt|
|poke|p2|Great Tusk|
|poke|p2|Scizor, F|
|teampreview
|
|t:|1769397454
|teamsize|p1|6
|teamsize|p2|6
|start
|switch|p1a: Ting-Lu|Ting-Lu|100/100
|switch|p2a: Scizor|Scizor, F|100/100
|-ability|p1a: Ting-Lu|Vessel of Ruin
|turn|1
|
|t:|1769397464
|move|p2a: Scizor|Knock Off|p1a: Ting-Lu
|-resisted|p1a: Ting-Lu
|-damage|p1a: Ting-Lu|86/100
|-enditem|p1a: Ting-Lu|Leftovers|[from] move: Knock Off|[of] p2a: Scizor
|move|p1a: Ting-Lu|Stealth Rock|p2a: Scizor
|-sidestart|p2: do bronx aarone|move: Stealth Rock
|
|upkeep
|turn|2
|
|t:|1769397474
|switch|p2a: Ting-Lu|Ting-Lu|100/100
|-damage|p2a: Ting-Lu|94/100|[from] Stealth Rock
|-ability|p2a: Ting-Lu|Vessel of Ruin
|move|p1a: Ting-Lu|Whirlwind|p2a: Ting-Lu
|drag|p2a: Zapdos|Zapdos|100/100
|
|upkeep
|turn|3
|
|t:|1769397484
|move|p2a: Zapdos|U-turn|p1a: Ting-Lu
|-supereffective|p1a: Ting-Lu
|-damage|p1a: Ting-Lu|74/100
|
|t:|1769397487
|switch|p2a: Ting-Lu|Ting-Lu|94/100|[from] U-turn
|-damage|p2a: Ting-Lu|88/100|[from] Stealth Rock
|-ability|p2a: Ting-Lu|Vessel of Ruin
|move|p1a: Ting-Lu|Spikes|p2a: Ting-Lu
|-sidestart|p2: do bronx aarone|Spikes
|
|-heal|p2a: Ting-Lu|94/100|[from] item: Leftovers
|upkeep
|turn|4
|
|t:|1769397498
|move|p2a: Ting-Lu|Spikes|p1a: Ting-Lu
|-sidestart|p1: Hikinggoat|Spikes
|move|p1a: Ting-Lu|Spikes|p2a: Ting-Lu
|-sidestart|p2: do bronx aarone|Spikes
|
|-heal|p2a: Ting-Lu|100/100|[from] item: Leftovers
|upkeep
|turn|5
|
|t:|1769397505
|move|p2a: Ting-Lu|Spikes|p1a: Ting-Lu
|-sidestart|p1: Hikinggoat|Spikes
|move|p1a: Ting-Lu|Spikes|p2a: Ting-Lu
|-sidestart|p2: do bronx aarone|Spikes
|
|upkeep
|turn|6
|
|t:|1769397513
|switch|p1a: Zapdos|Zapdos-Galar|100/100
|move|p2a: Ting-Lu|Spikes|p1a: Zapdos
|-sidestart|p1: Hikinggoat|Spikes
|
|upkeep
|turn|7
|
|t:|1769397520
|switch|p2a: Zapdos|Zapdos|100/100
|move|p1a: Zapdos|Thunderous Kick|p2a: Zapdos
|-resisted|p2a: Zapdos
|-damage|p2a: Zapdos|77/100
|-unboost|p2a: Zapdos|def|1
|
|upkeep
|turn|8
|
|t:|1769397535
|switch|p1a: Great Tusk|Great Tusk|100/100
|move|p2a: Zapdos|Hurricane|p1a: Great Tusk
|-supereffective|p1a: Great Tusk
|-crit|p1a: Great Tusk
|-damage|p1a: Great Tusk|0 fnt
|faint|p1a: Great Tusk
|-end|p1a: Great Tusk|Protosynthesis|[silent]
|
|upkeep
|
|t:|1769397541
|switch|p1a: Pecharunt|Pecharunt|100/100
|turn|9
|
|t:|1769397551
|move|p2a: Zapdos|U-turn|p1a: Pecharunt
|-resisted|p1a: Pecharunt
|-damage|p1a: Pecharunt|99/100
|
|t:|1769397555
|switch|p2a: Scizor|Scizor, F|100/100|[from] U-turn
|-damage|p2a: Scizor|88/100|[from] Stealth Rock
|-damage|p2a: Scizor|63/100|[from] Spikes
|move|p1a: Pecharunt|Parting Shot|p2a: Scizor
|-unboost|p2a: Scizor|atk|1
|-unboost|p2a: Scizor|spa|1
|
|t:|1769397569
|switch|p1a: Zapdos|Zapdos-Galar|100/100|[from] Parting Shot
|
|upkeep
|turn|10
|
|t:|1769397579
|switch|p2a: Zapdos|Zapdos|77/100
|move|p1a: Zapdos|U-turn|p2a: Zapdos
|-resisted|p2a: Zapdos
|-damage|p2a: Zapdos|64/100
|-status|p1a: Zapdos|par|[from] ability: Static|[of] p2a: Zapdos
|
|t:|1769397584
|switch|p1a: Dragapult|Dragapult, F|100/100|[from] U-turn
|-damage|p1a: Dragapult|76/100|[from] Spikes
|
|upkeep
|turn|11
|
|t:|1769397591
|switch|p2a: Ting-Lu|Ting-Lu|100/100
|-damage|p2a: Ting-Lu|94/100|[from] Stealth Rock
|-damage|p2a: Ting-Lu|70/100|[from] Spikes
|-ability|p2a: Ting-Lu|Vessel of Ruin
|move|p1a: Dragapult|Shadow Ball|p2a: Ting-Lu
|-resisted|p2a: Ting-Lu
|-damage|p2a: Ting-Lu|59/100
|
|-heal|p2a: Ting-Lu|65/100|[from] item: Leftovers
|upkeep
|turn|12
|
|t:|1769397604
|switch|p1a: Milotic|Milotic, F|100/100
|move|p2a: Ting-Lu|Ruination|p1a: Milotic
|-damage|p1a: Milotic|50/100
|
|-heal|p2a: Ting-Lu|71/100|[from] item: Leftovers
|upkeep
|turn|13
|
|t:|1769397614
|switch|p2a: Zapdos|Zapdos|64/100
|move|p1a: Milotic|Recover|p1a: Milotic
|-heal|p1a: Milotic|100/100
|
|upkeep
|turn|14
|
|t:|1769397620
|move|p2a: Zapdos|Roost|p2a: Zapdos
|-heal|p2a: Zapdos|100/100
|-singleturn|p2a: Zapdos|move: Roost
|move|p1a: Milotic|Dragon Tail|p2a: Zapdos
|-damage|p2a: Zapdos|94/100
|drag|p2a: Pecharunt|Pecharunt|100/100
|-damage|p2a: Pecharunt|88/100|[from] Stealth Rock
|-item|p2a: Pecharunt|Air Balloon
|
|upkeep
|turn|15
|
|t:|1769397638
|move|p2a: Pecharunt|Malignant Chain|p1a: Milotic
|-damage|p1a: Milotic|83/100
|move|p1a: Milotic|Dragon Tail|p2a: Pecharunt
|-damage|p2a: Pecharunt|84/100
|-enditem|p2a: Pecharunt|Air Balloon
|drag|p2a: Great Tusk|Great Tusk|100/100
|-damage|p2a: Great Tusk|98/100|[from] Stealth Rock
|-damage|p2a: Great Tusk|73/100|[from] Spikes
|
|upkeep
|turn|16
|
|t:|1769397653
|switch|p1a: Pecharunt|Pecharunt|99/100
|move|p2a: Great Tusk|Earthquake|p1a: Pecharunt
|-supereffective|p1a: Pecharunt
|-damage|p1a: Pecharunt|56/100
|
|upkeep
|turn|17
|
|t:|1769397671
|-terastallize|p2a: Great Tusk|Steel
|move|p1a: Pecharunt|Recover|p1a: Pecharunt
|-heal|p1a: Pecharunt|100/100
|move|p2a: Great Tusk|Earthquake|p1a: Pecharunt
|-supereffective|p1a: Pecharunt
|-damage|p1a: Pecharunt|58/100
|
|upkeep
|turn|18
|
|t:|1769397681
|move|p1a: Pecharunt|Parting Shot|p2a: Great Tusk
|-unboost|p2a: Great Tusk|atk|1
|-unboost|p2a: Great Tusk|spa|1
|
|t:|1769397692
|switch|p1a: Dragapult|Dragapult, F|76/100|[from] Parting Shot
|-damage|p1a: Dragapult|51/100|[from] Spikes
|move|p2a: Great Tusk|Bulk Up|p2a: Great Tusk
|-boost|p2a: Great Tusk|atk|1
|-boost|p2a: Great Tusk|def|1
|
|upkeep
|turn|19
|
|t:|1769397701
|-end|p2a: Great Tusk|Protosynthesis|[silent]
|switch|p2a: Ting-Lu|Ting-Lu|71/100
|-damage|p2a: Ting-Lu|65/100|[from] Stealth Rock
|-damage|p2a: Ting-Lu|40/100|[from] Spikes
|-ability|p2a: Ting-Lu|Vessel of Ruin
|move|p1a: Dragapult|Flamethrower|p2a: Ting-Lu
|-damage|p2a: Ting-Lu|23/100
|
|-heal|p2a: Ting-Lu|29/100|[from] item: Leftovers
|upkeep
|turn|20
|
|t:|1769397720
|switch|p1a: Zapdos|Zapdos-Galar|100/100 par
|move|p2a: Ting-Lu|Ruination|p1a: Zapdos
|-damage|p1a: Zapdos|51/100 par
|
|-heal|p2a: Ting-Lu|35/100|[from] item: Leftovers
|upkeep
|turn|21
|
|t:|1769397729
|switch|p2a: Zapdos|Zapdos|94/100
|cant|p1a: Zapdos|par
|
|upkeep
|turn|22
|
|t:|1769397734
|move|p2a: Zapdos|Hurricane|p1a: Zapdos|[miss]
|-miss|p2a: Zapdos|p1a: Zapdos
|move|p1a: Zapdos|U-turn|p2a: Zapdos
|-resisted|p2a: Zapdos
|-damage|p2a: Zapdos|82/100
|
|t:|1769397740
|switch|p1a: Ting-Lu|Ting-Lu|74/100|[from] U-turn
|-damage|p1a: Ting-Lu|49/100|[from] Spikes
|-ability|p1a: Ting-Lu|Vessel of Ruin
|
|upkeep
|turn|23
|
|t:|1769397750
|move|p2a: Zapdos|U-turn|p1a: Ting-Lu
|-supereffective|p1a: Ting-Lu
|-damage|p1a: Ting-Lu|35/100
|
|t:|1769397756
|switch|p2a: Ting-Lu|Ting-Lu|35/100|[from] U-turn
|-damage|p2a: Ting-Lu|29/100|[from] Stealth Rock
|-damage|p2a: Ting-Lu|4/100|[from] Spikes
|-ability|p2a: Ting-Lu|Vessel of Ruin
|move|p1a: Ting-Lu|Whirlwind|p2a: Ting-Lu
|drag|p2a: Great Tusk|Great Tusk, tera:Steel|73/100
|-damage|p2a: Great Tusk|66/100|[from] Stealth Rock
|-damage|p2a: Great Tusk|42/100|[from] Spikes
|
|upkeep
|turn|24
|
|t:|1769397778
|switch|p1a: Pecharunt|Pecharunt|58/100
|move|p2a: Great Tusk|Earthquake|p1a: Pecharunt
|-supereffective|p1a: Pecharunt
|-damage|p1a: Pecharunt|20/100
|
|upkeep
|turn|25
|
|t:|1769397787
|move|p1a: Pecharunt|Recover|p1a: Pecharunt
|-heal|p1a: Pecharunt|70/100
|move|p2a: Great Tusk|Earthquake|p1a: Pecharunt
|-supereffective|p1a: Pecharunt
|-damage|p1a: Pecharunt|32/100
|
|upkeep
|turn|26
|
|t:|1769397798
|-terastallize|p1a: Pecharunt|Ghost
|move|p1a: Pecharunt|Recover|p1a: Pecharunt
|-heal|p1a: Pecharunt|82/100
|move|p2a: Great Tusk|Bulk Up|p2a: Great Tusk
|-boost|p2a: Great Tusk|atk|1
|-boost|p2a: Great Tusk|def|1
|
|upkeep
|turn|27
|
|t:|1769397809
|-end|p2a: Great Tusk|Protosynthesis|[silent]
|switch|p2a: Ting-Lu|Ting-Lu|4/100
|-damage|p2a: Ting-Lu|0 fnt|[from] Stealth Rock
|faint|p2a: Ting-Lu
|move|p1a: Pecharunt|Shadow Ball|p2: Ting-Lu|[notarget]
|-fail|p1a: Pecharunt
|
|upkeep
|
|t:|1769397822
|switch|p2a: Latios|Latios, M|100/100
|-damage|p2a: Latios|88/100|[from] Stealth Rock
|turn|28
|
|t:|1769397835
|switch|p1a: Milotic|Milotic, F|83/100
|move|p2a: Latios|Draco Meteor|p1a: Milotic|[miss]
|-miss|p2a: Latios|p1a: Milotic
|
|upkeep
|turn|29
|
|t:|1769397843
|move|p2a: Latios|Draco Meteor|p1a: Milotic
|-damage|p1a: Milotic|27/100
|-unboost|p2a: Latios|spa|2
|move|p1a: Milotic|Dragon Tail|p2a: Latios
|-supereffective|p2a: Latios
|-damage|p2a: Latios|66/100
|drag|p2a: Scizor|Scizor, F|63/100
|-damage|p2a: Scizor|51/100|[from] Stealth Rock
|-damage|p2a: Scizor|26/100|[from] Spikes
|
|upkeep
|turn|30
|
|t:|1769397855
|move|p2a: Scizor|Bullet Punch|p1a: Milotic
|-resisted|p1a: Milotic
|-damage|p1a: Milotic|0 fnt
|faint|p1a: Milotic
|
|upkeep
|
|t:|1769397875
|switch|p1a: Pecharunt|Pecharunt, tera:Ghost|82/100
|turn|31
|
|t:|1769397886
|move|p2a: Scizor|Bullet Punch|p1a: Pecharunt
|-damage|p1a: Pecharunt|59/100
|move|p1a: Pecharunt|Shadow Ball|p2a: Scizor
|-damage|p2a: Scizor|0 fnt
|faint|p2a: Scizor
|
|upkeep
|
|t:|1769397901
|switch|p2a: Latios|Latios, M|66/100
|-damage|p2a: Latios|54/100|[from] Stealth Rock
|turn|32
|
|t:|1769397908
|move|p2a: Latios|Draco Meteor|p1a: Pecharunt
|-damage|p1a: Pecharunt|0 fnt
|-unboost|p2a: Latios|spa|2
|faint|p1a: Pecharunt
|
|upkeep
|
|t:|1769397915
|switch|p1a: Ting-Lu|Ting-Lu|35/100
|-damage|p1a: Ting-Lu|10/100|[from] Spikes
|-ability|p1a: Ting-Lu|Vessel of Ruin
|turn|33
|
|t:|1769397921
|move|p2a: Latios|Draco Meteor|p1a: Ting-Lu
|-damage|p1a: Ting-Lu|0 fnt
|-unboost|p2a: Latios|spa|2
|faint|p1a: Ting-Lu
|
|upkeep
|
|t:|1769397931
|switch|p1a: Dragapult|Dragapult, F|51/100
|-damage|p1a: Dragapult|26/100|[from] Spikes
|turn|34
|
|t:|1769397941
|switch|p2a: Great Tusk|Great Tusk, tera:Steel|42/100
|-damage|p2a: Great Tusk|35/100|[from] Stealth Rock
|-damage|p2a: Great Tusk|10/100|[from] Spikes
|move|p1a: Dragapult|Shadow Ball|p2a: Great Tusk
|-damage|p2a: Great Tusk|0 fnt
|faint|p2a: Great Tusk
|-end|p2a: Great Tusk|Protosynthesis|[silent]
|
|upkeep
|
|t:|1769397951
|switch|p2a: Zapdos|Zapdos|82/100
|turn|35
|
|t:|1769397956
|move|p1a: Dragapult|Shadow Ball|p2a: Zapdos
|-damage|p2a: Zapdos|33/100
|move|p2a: Zapdos|Discharge|p1a: Dragapult
|-resisted|p1a: Dragapult
|-damage|p1a: Dragapult|4/100
|
|upkeep
|turn|36
|
|t:|1769397967
|move|p1a: Dragapult|Shadow Ball|p2a: Zapdos
|-damage|p2a: Zapdos|0 fnt
|faint|p2a: Zapdos
|
|upkeep
|
|t:|1769397977
|switch|p2a: Latios|Latios, M|54/100
|-damage|p2a: Latios|42/100|[from] Stealth Rock
|turn|37
|
|t:|1769397981
|move|p1a: Dragapult|Shadow Ball|p2a: Latios
|-supereffective|p2a: Latios
|-damage|p2a: Latios|0 fnt
|faint|p2a: Latios
|
|upkeep
|
|t:|1769397987
|switch|p2a: Pecharunt|Pecharunt|84/100
|-damage|p2a: Pecharunt|72/100|[from] Stealth Rock
|-damage|p2a: Pecharunt|47/100|[from] Spikes
|turn|38
|
|t:|1769397993
|move|p1a: Dragapult|Shadow Ball|p2a: Pecharunt
|-supereffective|p2a: Pecharunt
|-damage|p2a: Pecharunt|0 fnt
|faint|p2a: Pecharunt
|
|win|Hikinggoat
|raw|Hikinggoat's rating: 1369 &rarr; <strong>1390</strong><br />(+21 for winning)
|raw|do bronx aarone's rating: 1389 &rarr; <strong>1368</strong><br />(-21 for losing)
|l|☆Hikinggoat
|player|p1|
|l|☆do bronx aarone
|player|p2|
|j|☆do bronx aarone
|player|p2|do bronx aarone|102|
