|j|‽hisohisokurione
|j|☆NoPuesVale
|t:|1769324364
|gametype|singles
|player|p1|hisohisokurione|backersf|1102
|player|p2|NoPuesVale|lance|1127
|gen|9
|tier|[Gen 9] OU
|rated|
|rule|HP Percentage Mod: HP is shown in percentages
|rule|Endless Battle Clause: Forcing endless battles is banned
|rule|Species Clause: Limit one of each Pokémon
|rule|OHKO Clause: OHKO moves are banned
|rule|Evasion Items Clause: Evasion items are banned
|rule|Evasion Moves Clause: Evasion moves are banned
|rule|Evasion Abilities Clause: Evasion abilities are banned
|rule|Sleep Moves Clause: Sleep-inducing moves are banned
|clearpoke
|poke|p1|Registeel|
|poke|p1|Sunkern, M|
|poke|p1|Dragapult, F|
|poke|p1|Torkoal, F|
|poke|p1|Mew|
|poke|p1|Pecharunt|
|poke|p2|Great Tusk|
|poke|p2|Walking Wake|
|poke|p2|Kingambit, M|
|poke|p2|Venusaur, F|
|poke|p2|Ninetales, M|
|poke|p2|Raging Bolt|
|teampreview
|inactive|Battle timer is ON: inactive players will automatically lose when time's up. (requested by NoPuesVale)
|
|t:|1769324372
|teamsize|p1|6
|teamsize|p2|6
|start
|switch|p1a: Torkoal|Torkoal, F|100/100
|switch|p2a: Ninetales|Ninetales, M|100/100
|-weather|SunnyDay|[from] ability: Drought|[of] p2a: Ninetales
|turn|1
|
|t:|1769324387
|move|p2a: Ninetales|Encore||[still]
|-fail|p2a: Ninetales
|move|p1a: Torkoal|Stealth Rock|p2a: Ninetales
|-sidestart|p2: NoPuesVale|move: Stealth Rock
|
|-weather|SunnyDay|[upkeep]
|upkeep
|turn|2
|
|t:|1769324400
|move|p2a: Ninetales|Weather Ball|p1a: Torkoal
|-resisted|p1a: Torkoal
|-damage|p1a: Torkoal|77/100
|move|p1a: Torkoal|Overheat|p2a: Ninetales
|-resisted|p2a: Ninetales
|-damage|p2a: Ninetales|70/100
|-unboost|p1a: Torkoal|spa|2
|-enditem|p1a: Torkoal|Eject Pack
|
|t:|1769324415
|switch|p1a: Dragapult|Dragapult, F|100/100
|
|-weather|SunnyDay|[upkeep]
|upkeep
|turn|3
|
|t:|1769324424
|switch|p2a: Great Tusk|Great Tusk|100/100
|-damage|p2a: Great Tusk|98/100|[from] Stealth Rock
|-activate|p2a: Great Tusk|ability: Protosynthesis
|-start|p2a: Great Tusk|protosynthesisatk
|move|p1a: Dragapult|Dragon Tail|p2a: Great Tusk
|-damage|p2a: Great Tusk|78/100
|-end|p2a: Great Tusk|Protosynthesis|[silent]
|drag|p2a: Walking Wake|Walking Wake|100/100
|-damage|p2a: Walking Wake|88/100|[from] Stealth Rock
|-activate|p2a: Walking Wake|ability: Protosynthesis
|-start|p2a: Walking Wake|protosynthesisspe
|
|-weather|SunnyDay|[upkeep]
|upkeep
|turn|4
|
|t:|1769324449
|-terastallize|p1a: Dragapult|Fairy
|move|p2a: Walking Wake|Hydro Steam|p1a: Dragapult
|-damage|p1a: Dragapult|17/100
|move|p1a: Dragapult|Dragon Tail|p2a: Walking Wake|[miss]
|-miss|p1a: Dragapult|p2a: Walking Wake
|
|-weather|SunnyDay|[upkeep]
|upkeep
|turn|5
|
|t:|1769324463
|move|p2a: Walking Wake|Hydro Steam|p1a: Dragapult
|-damage|p1a: Dragapult|0 fnt
|faint|p1a: Dragapult
|
|-weather|SunnyDay|[upkeep]
|upkeep
|
|t:|1769324471
|switch|p1a: Pecharunt|Pecharunt|100/100
|turn|6
|
|t:|1769324480
|-end|p2a: Walking Wake|Protosynthesis|[silent]
|switch|p2a: Great Tusk|Great Tusk|78/100
|-damage|p2a: Great Tusk|75/100|[from] Stealth Rock
|-activate|p2a: Great Tusk|ability: Protosynthesis
|-start|p2a: Great Tusk|protosynthesisatk
|move|p1a: Pecharunt|Malignant Chain|p2a: Great Tusk
|-resisted|p2a: Great Tusk
|-damage|p2a: Great Tusk|60/100
|-status|p2a: Great Tusk|tox
|-start|p2a: Great Tusk|confusion|[from] ability: Poison Puppeteer|[of] p1a: Pecharunt
|
|-weather|SunnyDay|[upkeep]
|-damage|p2a: Great Tusk|54/100 tox|[from] psn
|upkeep
|turn|7
|inactive|hisohisokurione has 120 seconds left.
|
|t:|1769324515
|switch|p1a: Registeel|Registeel|100/100
|-activate|p2a: Great Tusk|confusion
|move|p2a: Great Tusk|Headlong Rush|p1a: Registeel
|-supereffective|p1a: Registeel
|-damage|p1a: Registeel|0 fnt
|-unboost|p2a: Great Tusk|def|1
|-unboost|p2a: Great Tusk|spd|1
|faint|p1a: Registeel
|
|-weather|SunnyDay|[upkeep]
|-damage|p2a: Great Tusk|42/100 tox|[from] psn
|upkeep
|
|t:|1769324535
|switch|p1a: Pecharunt|Pecharunt|100/100
|turn|8
|
|t:|1769324539
|move|p1a: Pecharunt|Malignant Chain|p2a: Great Tusk
|-resisted|p2a: Great Tusk
|-damage|p2a: Great Tusk|18/100 tox
|-activate|p2a: Great Tusk|confusion
|move|p2a: Great Tusk|Rapid Spin|p1a: Pecharunt
|-immune|p1a: Pecharunt
|
|-weather|none
|-end|p2a: Great Tusk|Protosynthesis
|-damage|p2a: Great Tusk|0 fnt|[from] psn
|faint|p2a: Great Tusk
|-end|p2a: Great Tusk|Protosynthesis|[silent]
|upkeep
|
|t:|1769324557
|switch|p2a: Ninetales|Ninetales, M|70/100
|-damage|p2a: Ninetales|45/100|[from] Stealth Rock
|-weather|SunnyDay|[from] ability: Drought|[of] p2a: Ninetales
|turn|9
|inactive|hisohisokurione has 120 seconds left.
|
|t:|1769324569
|move|p2a: Ninetales|Weather Ball|p1a: Pecharunt
|-damage|p1a: Pecharunt|52/100
|move|p1a: Pecharunt|Malignant Chain|p2a: Ninetales
|-damage|p2a: Ninetales|11/100
|-status|p2a: Ninetales|tox
|-start|p2a: Ninetales|confusion|[from] ability: Poison Puppeteer|[of] p1a: Pecharunt
|
|-weather|SunnyDay|[upkeep]
|-heal|p1a: Pecharunt|58/100|[from] item: Black Sludge
|-damage|p2a: Ninetales|5/100 tox|[from] psn
|upkeep
|turn|10
|inactive|hisohisokurione has 120 seconds left.
|
|t:|1769324586
|-activate|p2a: Ninetales|confusion
|move|p2a: Ninetales|Healing Wish|p2a: Ninetales
|faint|p2a: Ninetales
|move|p1a: Pecharunt|Recover|p1a: Pecharunt
|-heal|p1a: Pecharunt|100/100
|
|-weather|SunnyDay|[upkeep]
|upkeep
|
|t:|1769324594
|switch|p2a: Venusaur|Venusaur, F|100/100
|-damage|p2a: Venusaur|88/100|[from] Stealth Rock
|turn|11
|
|t:|1769324603
|move|p2a: Venusaur|Growth|p2a: Venusaur
|-boost|p2a: Venusaur|atk|2
|-boost|p2a: Venusaur|spa|2
|move|p1a: Pecharunt|Malignant Chain|p2a: Venusaur
|-damage|p2a: Venusaur|49/100
|
|-weather|SunnyDay|[upkeep]
|upkeep
|turn|12
|
|t:|1769324617
|move|p2a: Venusaur|Weather Ball|p1a: Pecharunt
|-damage|p1a: Pecharunt|0 fnt
|faint|p1a: Pecharunt
|-damage|p2a: Venusaur|39/100|[from] item: Life Orb
|
|-weather|SunnyDay|[upkeep]
|upkeep
|
|t:|1769324623
|switch|p1a: Sunkern|Sunkern, M|100/100
|turn|13
|
|t:|1769324627
|move|p2a: Venusaur|Sludge Bomb|p1a: Sunkern
|-supereffective|p1a: Sunkern
|-enditem|p1a: Sunkern|Focus Sash
|-damage|p1a: Sunkern|1/100
|-damage|p2a: Venusaur|29/100|[from] item: Life Orb
|move|p1a: Sunkern|Leech Seed|p2a: Venusaur
|-immune|p2a: Venusaur
|
|-weather|SunnyDay|[upkeep]
|upkeep
|turn|14
|
|t:|1769324646
|move|p2a: Venusaur|Giga Drain|p1a: Sunkern
|-resisted|p1a: Sunkern
|-damage|p1a: Sunkern|0 fnt
|-heal|p2a: Venusaur|29/100|[from] drain|[of] p1a: Sunkern
|faint|p1a: Sunkern
|-damage|p2a: Venusaur|19/100|[from] item: Life Orb
|
|-weather|SunnyDay|[upkeep]
|upkeep
|
|t:|1769324661
|switch|p1a: Mew|Mew|100/100
|turn|15
|
|t:|1769324671
|move|p2a: Venusaur|Giga Drain|p1a: Mew
|-damage|p1a: Mew|22/100
|-heal|p2a: Venusaur|64/100|[from] drain|[of] p1a: Mew
|-damage|p2a: Venusaur|54/100|[from] item: Life Orb
|move|p1a: Mew|Icicle Spear|p2a: Venusaur
|-supereffective|p2a: Venusaur
|-damage|p2a: Venusaur|33/100
|-supereffective|p2a: Venusaur
|-damage|p2a: Venusaur|10/100
|-supereffective|p2a: Venusaur
|-damage|p2a: Venusaur|0 fnt
|faint|p2a: Venusaur
|-hitcount|p2: Venusaur|3
|
|-weather|SunnyDay|[upkeep]
|upkeep
|
|t:|1769324678
|switch|p2a: Kingambit|Kingambit, M|100/100
|-damage|p2a: Kingambit|94/100|[from] Stealth Rock
|-activate|p2a: Kingambit|ability: Supreme Overlord
|-start|p2a: Kingambit|fallen3|[silent]
|-item|p2a: Kingambit|Air Balloon
|turn|16
|
|t:|1769324694
|switch|p1a: Torkoal|Torkoal, F|77/100
|move|p2a: Kingambit|Kowtow Cleave|p1a: Torkoal
|-damage|p1a: Torkoal|38/100
|
|-weather|none
|upkeep
|turn|17
|
|t:|1769324707
|-terastallize|p2a: Kingambit|Ghost
|move|p2a: Kingambit|Kowtow Cleave|p1a: Torkoal
|-damage|p1a: Torkoal|0 fnt
|faint|p1a: Torkoal
|
|upkeep
|
|t:|1769324714
|switch|p1a: Mew|Mew|22/100
|turn|18
|
|t:|1769324721
|move|p2a: Kingambit|Sucker Punch|p1a: Mew
|-supereffective|p1a: Mew
|-damage|p1a: Mew|0 fnt
|faint|p1a: Mew
|
|win|NoPuesVale
|raw|hisohisokurione's rating: 1102 &rarr; <strong>1079</strong><br />(-23 for losing)
|raw|NoPuesVale's rating: 1127 &rarr; <strong>1150</strong><br />(+23 for winning)
|l|‽hisohisokurione
|player|p1|
|l|☆NoPuesVale
|player|p2|
