|j|☆lovishbhai
|j|☆lynebron123
|t:|1769403565
|gametype|singles
|player|p1|lovishbhai|alder|1159
|player|p2|lynebron123|1|1123
|gen|9
|tier|[Gen 9] OU
|rated|
|rule|HP Percentage Mod: HP is shown in percentages
|rule|Endless Battle Clause: Forcing endless battles is banned
|rule|Species Clause: Limit one of each Pokémon
|rule|OHKO Clause: OHKO moves are banned
|rule|Evasion Items Clause: Evasion items are banned
|rule|Evasion Moves Clause: Evasion moves are banned
|rule|Evasion Abilities Clause: Evasion abilities are banned
|rule|Sleep Moves Clause: Sleep-inducing moves are banned
|clearpoke
|poke|p1|Walking Wake|
|poke|p1|Glimmora, F|
|poke|p1|Great Tusk|
|poke|p1|Pecharunt|
|poke|p1|Rillaboom, M|
|poke|p1|Polteageist|
|poke|p2|Grimmsnarl, M|
|poke|p2|Malamar, M|
|poke|p2|Glastrier|
|poke|p2|Corviknight, F|
|poke|p2|Volcanion|
|poke|p2|Gliscor, M|
|teampreview
|
|t:|1769403574
|teamsize|p1|6
|teamsize|p2|6
|start
|switch|p1a: Walking Wake|Walking Wake|100/100
|switch|p2a: Grimmsnarl|Grimmsnarl, M|100/100
|-enditem|p1a: Walking Wake|Booster Energy
|-activate|p1a: Walking Wake|ability: Protosynthesis|[fromitem]
|-start|p1a: Walking Wake|protosynthesisspa
|turn|1
|inactive|Battle timer is ON: inactive players will automatically lose when time's up. (requested by lynebron123)
|
|t:|1769403584
|move|p2a: Grimmsnarl|Light Screen|p2a: Grimmsnarl
|-sidestart|p2: lynebron123|move: Light Screen
|move|p1a: Walking Wake|Hydro Pump|p2a: Grimmsnarl
|-damage|p2a: Grimmsnarl|67/100
|
|upkeep
|turn|2
|
|t:|1769403592
|-terastallize|p1a: Walking Wake|Water
|move|p2a: Grimmsnarl|Thunder Wave|p1a: Walking Wake
|-status|p1a: Walking Wake|par
|move|p1a: Walking Wake|Hydro Pump|p2a: Grimmsnarl
|-damage|p2a: Grimmsnarl|21/100
|
|upkeep
|turn|3
|
|t:|1769403603
|move|p2a: Grimmsnarl|Parting Shot|p1a: Walking Wake
|-unboost|p1a: Walking Wake|atk|1
|-unboost|p1a: Walking Wake|spa|1
|
|t:|1769403610
|switch|p2a: Volcanion|Volcanion|100/100|[from] Parting Shot
|cant|p1a: Walking Wake|par
|
|upkeep
|turn|4
|
|t:|1769403633
|-end|p1a: Walking Wake|Protosynthesis|[silent]
|switch|p1a: Glimmora|Glimmora, F|100/100
|move|p2a: Volcanion|Sludge Bomb|p1a: Glimmora
|-resisted|p1a: Glimmora
|-damage|p1a: Glimmora|91/100
|
|upkeep
|turn|5
|
|t:|1769403643
|move|p1a: Glimmora|Meteor Beam||[still]
|-prepare|p1a: Glimmora|Meteor Beam
|-boost|p1a: Glimmora|spa|1
|-enditem|p1a: Glimmora|Power Herb
|-anim|p1a: Glimmora|Meteor Beam|p2a: Volcanion
|-supereffective|p2a: Volcanion
|-damage|p2a: Volcanion|25/100
|move|p2a: Volcanion|Steam Eruption|p1a: Glimmora
|-supereffective|p1a: Glimmora
|-damage|p1a: Glimmora|0 fnt
|faint|p1a: Glimmora
|
|upkeep
|
|t:|1769403657
|switch|p1a: Great Tusk|Great Tusk|100/100
|-enditem|p1a: Great Tusk|Booster Energy
|-activate|p1a: Great Tusk|ability: Protosynthesis|[fromitem]
|-start|p1a: Great Tusk|protosynthesisatk
|turn|6
|
|t:|1769403665
|move|p1a: Great Tusk|Supercell Slam|p2a: Volcanion
|-supereffective|p2a: Volcanion
|-damage|p2a: Volcanion|0 fnt
|faint|p2a: Volcanion
|
|upkeep
|
|t:|1769403671
|switch|p2a: Gliscor|Gliscor, M, shiny|100/100
|turn|7
|
|t:|1769403679
|move|p1a: Great Tusk|Ice Spinner|p2a: Gliscor
|-supereffective|p2a: Gliscor
|-damage|p2a: Gliscor|0 fnt
|faint|p2a: Gliscor
|
|upkeep
|
|t:|1769403685
|switch|p2a: Grimmsnarl|Grimmsnarl, M|21/100
|turn|8
|
|t:|1769403691
|move|p2a: Grimmsnarl|Reflect|p2a: Grimmsnarl
|-sidestart|p2: lynebron123|Reflect
|move|p1a: Great Tusk|Supercell Slam|p2a: Grimmsnarl|[miss]
|-miss|p1a: Great Tusk|p2a: Grimmsnarl
|-damage|p1a: Great Tusk|51/100|[from] supercellslam
|
|-sideend|p2: lynebron123|move: Light Screen
|upkeep
|turn|9
|
|t:|1769403701
|move|p2a: Grimmsnarl|Parting Shot|p1a: Great Tusk
|-unboost|p1a: Great Tusk|atk|1
|-unboost|p1a: Great Tusk|spa|1
|
|t:|1769403709
|switch|p2a: Glastrier|Glastrier|100/100|[from] Parting Shot
|move|p1a: Great Tusk|Supercell Slam|p2a: Glastrier
|-crit|p2a: Glastrier
|-damage|p2a: Glastrier|66/100
|
|upkeep
|turn|10
|
|t:|1769403720
|move|p1a: Great Tusk|Close Combat|p2a: Glastrier
|-supereffective|p2a: Glastrier
|-damage|p2a: Glastrier|40/100
|-unboost|p1a: Great Tusk|def|1
|-unboost|p1a: Great Tusk|spd|1
|move|p2a: Glastrier|Icicle Crash|p1a: Great Tusk
|-supereffective|p1a: Great Tusk
|-damage|p1a: Great Tusk|0 fnt
|faint|p1a: Great Tusk
|-end|p1a: Great Tusk|Protosynthesis|[silent]
|-ability|p2a: Glastrier|Chilling Neigh|boost
|-boost|p2a: Glastrier|atk|1
|
|upkeep
|
|t:|1769403740
|switch|p1a: Pecharunt|Pecharunt|100/100
|turn|11
|
|t:|1769403748
|move|p1a: Pecharunt|Shadow Ball|p2a: Glastrier
|-damage|p2a: Glastrier|26/100
|move|p2a: Glastrier|Stomping Tantrum|p1a: Pecharunt
|-supereffective|p1a: Pecharunt
|-damage|p1a: Pecharunt|52/100
|
|upkeep
|turn|12
|
|t:|1769403761
|switch|p1a: Rillaboom|Rillaboom, M|100/100
|-fieldstart|move: Grassy Terrain|[from] ability: Grassy Surge|[of] p1a: Rillaboom
|move|p2a: Glastrier|Stomping Tantrum|p1a: Rillaboom
|-resisted|p1a: Rillaboom
|-damage|p1a: Rillaboom|84/100
|
|-heal|p1a: Rillaboom|90/100|[from] Grassy Terrain
|-heal|p2a: Glastrier|32/100|[from] Grassy Terrain
|upkeep
|turn|13
|
|t:|1769403781
|move|p1a: Rillaboom|Drum Beating|p2a: Glastrier
|-crit|p2a: Glastrier
|-damage|p2a: Glastrier|0 fnt
|faint|p2a: Glastrier
|
|-heal|p1a: Rillaboom|96/100|[from] Grassy Terrain
|upkeep
|
|t:|1769403791
|switch|p2a: Grimmsnarl|Grimmsnarl, M|21/100
|turn|14
|
|t:|1769403801
|move|p2a: Grimmsnarl|Light Screen|p2a: Grimmsnarl
|-sidestart|p2: lynebron123|move: Light Screen
|move|p1a: Rillaboom|Drain Punch|p2a: Grimmsnarl
|-damage|p2a: Grimmsnarl|9/100
|-heal|p1a: Rillaboom|100/100|[from] drain|[of] p2a: Grimmsnarl
|
|-heal|p2a: Grimmsnarl|15/100|[from] Grassy Terrain
|upkeep
|turn|15
|
|t:|1769403813
|move|p2a: Grimmsnarl|Parting Shot|p1a: Rillaboom
|-unboost|p1a: Rillaboom|atk|1
|-unboost|p1a: Rillaboom|spa|1
|
|t:|1769403817
|switch|p2a: Malamar|Malamar, M|100/100|[from] Parting Shot
|move|p1a: Rillaboom|Drum Beating|p2a: Malamar
|-damage|p2a: Malamar|83/100
|-boost|p2a: Malamar|spe|1
|
|-heal|p2a: Malamar|89/100|[from] Grassy Terrain
|-sideend|p2: lynebron123|Reflect
|upkeep
|turn|16
|
|t:|1769403836
|move|p2a: Malamar|Superpower|p1a: Rillaboom
|-damage|p1a: Rillaboom|77/100
|-boost|p2a: Malamar|atk|1
|-boost|p2a: Malamar|def|1
|move|p1a: Rillaboom|Drain Punch|p2a: Malamar
|-damage|p2a: Malamar|80/100
|-heal|p1a: Rillaboom|81/100|[from] drain|[of] p2a: Malamar
|
|-heal|p2a: Malamar|86/100|[from] Grassy Terrain
|-heal|p1a: Rillaboom|88/100|[from] Grassy Terrain
|-fieldend|move: Grassy Terrain
|upkeep
|turn|17
|
|t:|1769403852
|switch|p1a: Pecharunt|Pecharunt|52/100
|move|p2a: Malamar|Knock Off|p1a: Pecharunt
|-supereffective|p1a: Pecharunt
|-damage|p1a: Pecharunt|0 fnt
|-enditem|p1a: Pecharunt|Choice Scarf|[from] move: Knock Off|[of] p2a: Malamar
|faint|p1a: Pecharunt
|
|upkeep
|
|t:|1769403860
|switch|p1a: Walking Wake|Walking Wake, tera:Water|100/100 par
|turn|18
|
|t:|1769403868
|move|p2a: Malamar|Superpower|p1a: Walking Wake
|-damage|p1a: Walking Wake|64/100 par
|-boost|p2a: Malamar|atk|1
|-boost|p2a: Malamar|def|1
|move|p1a: Walking Wake|Hydro Pump|p2a: Malamar
|-damage|p2a: Malamar|63/100
|
|upkeep
|turn|19
|
|t:|1769403879
|move|p2a: Malamar|Knock Off|p1a: Walking Wake
|-damage|p1a: Walking Wake|24/100 par
|move|p1a: Walking Wake|Hydro Pump|p2a: Malamar
|-damage|p2a: Malamar|39/100
|
|upkeep
|turn|20
|
|t:|1769403888
|move|p1a: Walking Wake|Aqua Jet|p2a: Malamar
|-damage|p2a: Malamar|32/100
|move|p2a: Malamar|Superpower|p1a: Walking Wake
|-damage|p1a: Walking Wake|0 fnt
|-boost|p2a: Malamar|atk|1
|-boost|p2a: Malamar|def|1
|faint|p1a: Walking Wake
|-end|p1a: Walking Wake|Protosynthesis|[silent]
|
|upkeep
|
|t:|1769403897
|switch|p1a: Polteageist|Polteageist|100/100
|turn|21
|
|t:|1769403906
|move|p2a: Malamar|Knock Off|p1a: Polteageist
|-supereffective|p1a: Polteageist
|-damage|p1a: Polteageist|0 fnt
|-enditem|p1a: Polteageist|White Herb|[from] move: Knock Off|[of] p2a: Malamar
|faint|p1a: Polteageist
|
|-sideend|p2: lynebron123|move: Light Screen
|upkeep
|-message|lovishbhai forfeited.
|
|win|lynebron123
|raw|lovishbhai's rating: 1159 &rarr; <strong>1131</strong><br />(-28 for losing)
|raw|lynebron123's rating: 1123 &rarr; <strong>1151</strong><br />(+28 for winning)
|l|☆lovishbhai
|player|p1|
|l|☆lynebron123
|player|p2|
