|j|☆crispybacon_kun
|j|☆YungLotion
|t:|1769317337
|gametype|singles
|player|p1|crispybacon_kun|aaron|1205
|player|p2|YungLotion|265|1182
|gen|9
|tier|[Gen 9] OU
|rated|
|rule|HP Percentage Mod: HP is shown in percentages
|rule|Endless Battle Clause: Forcing endless battles is banned
|rule|Species Clause: Limit one of each Pokémon
|rule|OHKO Clause: OHKO moves are banned
|rule|Evasion Items Clause: Evasion items are banned
|rule|Evasion Moves Clause: Evasion moves are banned
|rule|Evasion Abilities Clause: Evasion abilities are banned
|rule|Sleep Moves Clause: Sleep-inducing moves are banned
|clearpoke
|poke|p1|Serperior, F|
|poke|p1|Great Tusk|
|poke|p1|Garchomp, M|
|poke|p1|Skeledirge, F|
|poke|p1|Alomomola, F|
|poke|p1|Meowscarada, M|
|poke|p2|Gholdengo|
|poke|p2|Ogerpon, F|
|poke|p2|Rillaboom, M|
|poke|p2|Samurott-Hisui, M|
|poke|p2|Glimmora, M|
|poke|p2|Raging Bolt|
|teampreview
|
|t:|1769317341
|teamsize|p1|6
|teamsize|p2|6
|start
|switch|p1a: Serperior|Serperior, F|100/100
|switch|p2a: Ogerpon|Ogerpon, F|100/100
|turn|1
|
|t:|1769317350
|move|p2a: Ogerpon|U-turn|p1a: Serperior
|-supereffective|p1a: Serperior
|-damage|p1a: Serperior|16/100
|
|t:|1769317355
|switch|p2a: Gholdengo|Gholdengo, shiny|100/100|[from] U-turn
|move|p1a: Serperior|Dragon Pulse|p2a: Gholdengo
|-resisted|p2a: Gholdengo
|-damage|p2a: Gholdengo|90/100
|
|upkeep
|turn|2
|
|t:|1769317363
|move|p1a: Serperior|Leaf Storm|p2a: Gholdengo
|-resisted|p2a: Gholdengo
|-damage|p2a: Gholdengo|64/100
|-boost|p1a: Serperior|spa|2
|move|p2a: Gholdengo|Shadow Ball|p1a: Serperior
|-damage|p1a: Serperior|0 fnt
|faint|p1a: Serperior
|
|upkeep
|
|t:|1769317378
|switch|p1a: Skeledirge|Skeledirge, F|100/100
|turn|3
|
|t:|1769317392
|move|p2a: Gholdengo|Shadow Ball|p1a: Skeledirge
|-supereffective|p1a: Skeledirge
|-damage|p1a: Skeledirge|21/100
|move|p1a: Skeledirge|Torch Song|p2a: Gholdengo
|-supereffective|p2a: Gholdengo
|-damage|p2a: Gholdengo|0 fnt
|-boost|p1a: Skeledirge|spa|1
|faint|p2a: Gholdengo
|-damage|p1a: Skeledirge|11/100|[from] item: Life Orb
|
|upkeep
|
|t:|1769317405
|switch|p2a: Ogerpon|Ogerpon, F|100/100
|turn|4
|
|t:|1769317409
|move|p2a: Ogerpon|U-turn|p1a: Skeledirge
|-resisted|p1a: Skeledirge
|-damage|p1a: Skeledirge|5/100
|
|t:|1769317411
|switch|p2a: Glimmora|Glimmora, M, shiny|100/100|[from] U-turn
|move|p1a: Skeledirge|Slack Off|p1a: Skeledirge
|-heal|p1a: Skeledirge|55/100
|
|upkeep
|turn|5
|
|t:|1769317421
|move|p2a: Glimmora|Stealth Rock|p1a: Skeledirge
|-sidestart|p1: crispybacon_kun|move: Stealth Rock
|move|p1a: Skeledirge|Slack Off|p1a: Skeledirge
|-heal|p1a: Skeledirge|100/100
|
|upkeep
|turn|6
|
|t:|1769317429
|move|p2a: Glimmora|Earth Power|p1a: Skeledirge
|-supereffective|p1a: Skeledirge
|-damage|p1a: Skeledirge|42/100
|move|p1a: Skeledirge|Earth Power|p2a: Glimmora
|-supereffective|p2a: Glimmora
|-damage|p2a: Glimmora|0 fnt
|faint|p2a: Glimmora
|-damage|p1a: Skeledirge|32/100|[from] item: Life Orb
|
|upkeep
|
|t:|1769317436
|switch|p2a: Samurott|Samurott-Hisui, M, shiny|100/100
|turn|7
|
|t:|1769317442
|move|p2a: Samurott|Ceaseless Edge|p1a: Skeledirge
|-supereffective|p1a: Skeledirge
|-damage|p1a: Skeledirge|0 fnt
|-sidestart|p1: crispybacon_kun|Spikes
|faint|p1a: Skeledirge
|
|upkeep
|
|t:|1769317448
|switch|p1a: Great Tusk|Great Tusk|100/100
|-damage|p1a: Great Tusk|98/100|[from] Stealth Rock
|-damage|p1a: Great Tusk|85/100|[from] Spikes
|turn|8
|
|t:|1769317455
|move|p1a: Great Tusk|Rapid Spin|p2a: Samurott
|-damage|p2a: Samurott|77/100
|-boost|p1a: Great Tusk|spe|1
|-sideend|p1: crispybacon_kun|Spikes|[from] move: Rapid Spin|[of] p1a: Great Tusk
|-sideend|p1: crispybacon_kun|Stealth Rock|[from] move: Rapid Spin|[of] p1a: Great Tusk
|move|p2a: Samurott|Flip Turn|p1a: Great Tusk
|-supereffective|p1a: Great Tusk
|-damage|p1a: Great Tusk|41/100
|
|t:|1769317480
|switch|p2a: Rillaboom|Rillaboom, M, shiny|100/100|[from] Flip Turn
|-fieldstart|move: Grassy Terrain|[from] ability: Grassy Surge|[of] p2a: Rillaboom
|
|-heal|p1a: Great Tusk|48/100|[from] Grassy Terrain
|upkeep
|turn|9
|
|t:|1769317491
|move|p2a: Rillaboom|Grassy Glide|p1a: Great Tusk
|-supereffective|p1a: Great Tusk
|-damage|p1a: Great Tusk|0 fnt
|faint|p1a: Great Tusk
|-end|p1a: Great Tusk|Protosynthesis|[silent]
|-damage|p2a: Rillaboom|91/100|[from] item: Life Orb
|
|-heal|p2a: Rillaboom|97/100|[from] Grassy Terrain
|upkeep
|
|t:|1769317502
|switch|p1a: Meowscarada|Meowscarada, M|100/100
|turn|10
|
|t:|1769317509
|switch|p2a: Raging Bolt|Raging Bolt|100/100
|-enditem|p2a: Raging Bolt|Booster Energy
|-activate|p2a: Raging Bolt|ability: Protosynthesis|[fromitem]
|-start|p2a: Raging Bolt|protosynthesisspa
|move|p1a: Meowscarada|U-turn|p2a: Raging Bolt
|-start|p1a: Meowscarada|typechange|Bug|[from] ability: Protean
|-damage|p2a: Raging Bolt|63/100
|-damage|p1a: Meowscarada|91/100|[from] item: Life Orb
|
|t:|1769317520
|switch|p1a: Alomomola|Alomomola, F|100/100|[from] U-turn
|
|-heal|p2a: Raging Bolt|69/100|[from] Grassy Terrain
|upkeep
|turn|11
|
|t:|1769317535
|move|p2a: Raging Bolt|Thunderbolt|p1a: Alomomola
|-supereffective|p1a: Alomomola
|-damage|p1a: Alomomola|0 fnt
|faint|p1a: Alomomola
|
|-heal|p2a: Raging Bolt|76/100|[from] Grassy Terrain
|upkeep
|
|t:|1769317542
|switch|p1a: Garchomp|Garchomp, M|100/100
|turn|12
|
|t:|1769317550
|move|p1a: Garchomp|Scale Shot|p2a: Raging Bolt
|-supereffective|p2a: Raging Bolt
|-damage|p2a: Raging Bolt|52/100
|-supereffective|p2a: Raging Bolt
|-damage|p2a: Raging Bolt|27/100
|-supereffective|p2a: Raging Bolt
|-damage|p2a: Raging Bolt|5/100
|-supereffective|p2a: Raging Bolt
|-damage|p2a: Raging Bolt|0 fnt
|faint|p2a: Raging Bolt
|-end|p2a: Raging Bolt|Protosynthesis|[silent]
|-hitcount|p2: Raging Bolt|4
|-unboost|p1a: Garchomp|def|1
|-boost|p1a: Garchomp|spe|1
|
|-fieldend|move: Grassy Terrain
|upkeep
|
|t:|1769317558
|switch|p2a: Ogerpon|Ogerpon, F|100/100
|turn|13
|
|t:|1769317569
|-terastallize|p2a: Ogerpon|Grass
|detailschange|p2a: Ogerpon|Ogerpon-Teal-Tera, F, tera:Grass
|-ability|p2a: Ogerpon|Embody Aspect (Teal)|boost
|-boost|p2a: Ogerpon|spe|1
|move|p2a: Ogerpon|Ivy Cudgel|p1a: Garchomp
|-damage|p1a: Garchomp|0 fnt
|faint|p1a: Garchomp
|
|upkeep
|
|t:|1769317579
|switch|p1a: Meowscarada|Meowscarada, M|91/100
|turn|14
|
|t:|1769317584
|switch|p2a: Samurott|Samurott-Hisui, M, shiny|77/100
|move|p1a: Meowscarada|U-turn|p2a: Samurott
|-start|p1a: Meowscarada|typechange|Bug|[from] ability: Protean
|-supereffective|p2a: Samurott
|-damage|p2a: Samurott|0 fnt
|faint|p2a: Samurott
|-damage|p1a: Meowscarada|81/100|[from] item: Life Orb
|
|upkeep
|
|t:|1769317591
|switch|p2a: Rillaboom|Rillaboom, M, shiny|97/100
|-fieldstart|move: Grassy Terrain|[from] ability: Grassy Surge|[of] p2a: Rillaboom
|turn|15
|
|t:|1769317600
|move|p2a: Rillaboom|Grassy Glide|p1a: Meowscarada
|-resisted|p1a: Meowscarada
|-damage|p1a: Meowscarada|39/100
|-damage|p2a: Rillaboom|87/100|[from] item: Life Orb
|move|p1a: Meowscarada|U-turn|p2a: Rillaboom
|-supereffective|p2a: Rillaboom
|-damage|p2a: Rillaboom|0 fnt
|faint|p2a: Rillaboom
|-damage|p1a: Meowscarada|29/100|[from] item: Life Orb
|
|-heal|p1a: Meowscarada|36/100|[from] Grassy Terrain
|upkeep
|
|t:|1769317606
|switch|p2a: Ogerpon|Ogerpon-Teal-Tera, F, tera:Grass|100/100
|-ability|p2a: Ogerpon|Embody Aspect (Teal)|boost
|-boost|p2a: Ogerpon|spe|1
|turn|16
|
|t:|1769317616
|move|p2a: Ogerpon|Rock Tomb|p1a: Meowscarada
|-supereffective|p1a: Meowscarada
|-damage|p1a: Meowscarada|0 fnt
|faint|p1a: Meowscarada
|
|win|YungLotion
|raw|crispybacon_kun's rating: 1205 &rarr; <strong>1178</strong><br />(-27 for losing)
|raw|YungLotion's rating: 1182 &rarr; <strong>1209</strong><br />(+27 for winning)
|l|☆YungLotion
|player|p2|
|l|☆crispybacon_kun
|player|p1|
