|j|☆KenjiShiguma
|j|☆uotab
|t:|1769349504
|gametype|singles
|player|p1|KenjiShiguma|pokemonbreeder-gen4|1088
|player|p2|uotab|lucas|1116
|gen|9
|tier|[Gen 9] OU
|rated|
|rule|HP Percentage Mod: HP is shown in percentages
|rule|Endless Battle Clause: Forcing endless battles is banned
|rule|Species Clause: Limit one of each Pokémon
|rule|OHKO Clause: OHKO moves are banned
|rule|Evasion Items Clause: Evasion items are banned
|rule|Evasion Moves Clause: Evasion moves are banned
|rule|Evasion Abilities Clause: Evasion abilities are banned
|rule|Sleep Moves Clause: Sleep-inducing moves are banned
|clearpoke
|poke|p1|Cinccino, F|
|poke|p1|Ambipom, F|
|poke|p1|Greedent, F|
|poke|p1|Dusclops, M|
|poke|p1|Mismagius, M|
|poke|p1|Lucario, M|
|poke|p2|Iron Valiant|
|poke|p2|Dragapult, M|
|poke|p2|Great Tusk|
|poke|p2|Dragonite, M|
|poke|p2|Cinderace, F|
|poke|p2|Ogerpon-Wellspring, F|
|teampreview
|
|t:|1769349519
|teamsize|p1|6
|teamsize|p2|6
|start
|switch|p1a: Ambipom|Ambipom, F|100/100
|switch|p2a: Great Tusk|Great Tusk|100/100
|turn|1
|
|t:|1769349524
|move|p1a: Ambipom|Fake Out|p2a: Great Tusk
|-damage|p2a: Great Tusk|82/100
|-damage|p1a: Ambipom|84/100|[from] item: Rocky Helmet|[of] p2a: Great Tusk
|cant|p2a: Great Tusk|flinch
|
|upkeep
|turn|2
|
|t:|1769349532
|move|p1a: Ambipom|Last Resort|p2a: Great Tusk
|-damage|p2a: Great Tusk|36/100
|-damage|p1a: Ambipom|68/100|[from] item: Rocky Helmet|[of] p2a: Great Tusk
|move|p2a: Great Tusk|Stealth Rock|p1a: Ambipom
|-sidestart|p1: KenjiShiguma|move: Stealth Rock
|
|upkeep
|turn|3
|
|t:|1769349558
|move|p1a: Ambipom|Last Resort|p2a: Great Tusk
|-damage|p2a: Great Tusk|0 fnt
|-damage|p1a: Ambipom|51/100|[from] item: Rocky Helmet|[of] p2a: Great Tusk
|faint|p2a: Great Tusk
|-end|p2a: Great Tusk|Protosynthesis|[silent]
|
|upkeep
|
|t:|1769349564
|switch|p2a: Iron Valiant|Iron Valiant|100/100
|-enditem|p2a: Iron Valiant|Booster Energy
|-activate|p2a: Iron Valiant|ability: Quark Drive|[fromitem]
|-start|p2a: Iron Valiant|quarkdrivespe
|turn|4
|
|t:|1769349571
|switch|p1a: Dusclops|Dusclops, M|100/100
|-damage|p1a: Dusclops|88/100|[from] Stealth Rock
|-ability|p1a: Dusclops|Pressure
|move|p2a: Iron Valiant|Calm Mind|p2a: Iron Valiant
|-boost|p2a: Iron Valiant|spa|1
|-boost|p2a: Iron Valiant|spd|1
|
|upkeep
|turn|5
|
|t:|1769349599
|move|p2a: Iron Valiant|Moonblast|p1a: Dusclops
|-damage|p1a: Dusclops|43/100
|move|p1a: Dusclops|Pain Split|p2a: Iron Valiant
|-sethp|p2a: Iron Valiant|71/100|[from] move: Pain Split|[silent]
|-sethp|p1a: Dusclops|72/100|[from] move: Pain Split
|
|upkeep
|turn|6
|
|t:|1769349618
|move|p2a: Iron Valiant|Knock Off|p1a: Dusclops
|-supereffective|p1a: Dusclops
|-damage|p1a: Dusclops|44/100
|-enditem|p1a: Dusclops|Eviolite|[from] move: Knock Off|[of] p2a: Iron Valiant
|move|p1a: Dusclops|Pain Split|p2a: Iron Valiant
|-sethp|p2a: Iron Valiant|57/100|[from] move: Pain Split|[silent]
|-sethp|p1a: Dusclops|58/100|[from] move: Pain Split
|
|upkeep
|turn|7
|
|t:|1769349627
|move|p2a: Iron Valiant|Calm Mind|p2a: Iron Valiant
|-boost|p2a: Iron Valiant|spa|1
|-boost|p2a: Iron Valiant|spd|1
|move|p1a: Dusclops|Pain Split|p2a: Iron Valiant
|-sethp|p2a: Iron Valiant|57/100|[from] move: Pain Split|[silent]
|-sethp|p1a: Dusclops|58/100|[from] move: Pain Split
|
|upkeep
|turn|8
|
|t:|1769349635
|move|p2a: Iron Valiant|Moonblast|p1a: Dusclops
|-crit|p1a: Dusclops
|-damage|p1a: Dusclops|0 fnt
|faint|p1a: Dusclops
|
|upkeep
|
|t:|1769349641
|switch|p1a: Ambipom|Ambipom, F|51/100
|-damage|p1a: Ambipom|39/100|[from] Stealth Rock
|turn|9
|
|t:|1769349649
|move|p1a: Ambipom|Fake Out|p2a: Iron Valiant
|-damage|p2a: Iron Valiant|14/100
|cant|p2a: Iron Valiant|flinch
|
|upkeep
|turn|10
|
|t:|1769349657
|switch|p1a: Mismagius|Mismagius, M|100/100
|-damage|p1a: Mismagius|88/100|[from] Stealth Rock
|move|p2a: Iron Valiant|Moonblast|p1a: Mismagius
|-damage|p1a: Mismagius|15/100
|
|upkeep
|turn|11
|
|t:|1769349666
|move|p2a: Iron Valiant|Moonblast|p1a: Mismagius
|-damage|p1a: Mismagius|0 fnt
|faint|p1a: Mismagius
|
|upkeep
|
|t:|1769349671
|switch|p1a: Ambipom|Ambipom, F|39/100
|-damage|p1a: Ambipom|26/100|[from] Stealth Rock
|turn|12
|
|t:|1769349720
|-end|p2a: Iron Valiant|Quark Drive|[silent]
|switch|p2a: Dragonite|Dragonite, M|100/100
|move|p1a: Ambipom|Fake Out|p2a: Dragonite
|-damage|p2a: Dragonite|83/100
|
|upkeep
|turn|13
|
|t:|1769349732
|move|p2a: Dragonite|Extreme Speed|p1a: Ambipom
|-damage|p1a: Ambipom|0 fnt
|faint|p1a: Ambipom
|
|upkeep
|
|t:|1769349742
|switch|p1a: Cinccino|Cinccino, F|100/100
|turn|14
|
|t:|1769349766
|-terastallize|p2a: Dragonite|Normal
|move|p2a: Dragonite|Extreme Speed|p1a: Cinccino
|-damage|p1a: Cinccino|35/100
|-start|p2a: Dragonite|Attract|[from] ability: Cute Charm|[of] p1a: Cinccino
|move|p1a: Cinccino|Tidy Up|p1a: Cinccino
|-sideend|p1: KenjiShiguma|Stealth Rock
|-activate|p1a: Cinccino|move: Tidy Up
|-boost|p1a: Cinccino|atk|1
|-boost|p1a: Cinccino|spe|1
|
|upkeep
|turn|15
|
|t:|1769349778
|-activate|p2a: Dragonite|move: Attract|[of] p1a: Cinccino
|move|p2a: Dragonite|Extreme Speed|p1a: Cinccino
|-damage|p1a: Cinccino|0 fnt
|faint|p1a: Cinccino
|-end|p2a: Dragonite|Attract|[silent]
|
|upkeep
|
|t:|1769349783
|switch|p1a: Lucario|Lucario, M|100/100
|turn|16
|
|t:|1769349788
|move|p1a: Lucario|Aura Sphere|p2a: Dragonite
|-supereffective|p2a: Dragonite
|-damage|p2a: Dragonite|0 fnt
|faint|p2a: Dragonite
|
|upkeep
|
|t:|1769349796
|switch|p2a: Cinderace|Cinderace, F|100/100
|turn|17
|
|t:|1769349800
|switch|p1a: Greedent|Greedent, F|100/100
|move|p2a: Cinderace|Pyro Ball|p1a: Greedent
|-damage|p1a: Greedent|51/100
|
|upkeep
|turn|18
|
|t:|1769349809
|move|p2a: Cinderace|Pyro Ball|p1a: Greedent
|-damage|p1a: Greedent|2/100
|-enditem|p1a: Greedent|Sitrus Berry|[eat]
|-heal|p1a: Greedent|27/100|[from] item: Sitrus Berry
|-heal|p1a: Greedent|61/100|[from] ability: Cheek Pouch
|move|p1a: Greedent|Belly Drum|p1a: Greedent
|-damage|p1a: Greedent|11/100
|-setboost|p1a: Greedent|atk|6|[from] move: Belly Drum
|
|upkeep
|turn|19
|
|t:|1769349819
|move|p2a: Cinderace|Sucker Punch|p1a: Greedent
|-start|p2a: Cinderace|typechange|Dark|[from] ability: Libero
|-damage|p1a: Greedent|0 fnt
|faint|p1a: Greedent
|
|upkeep
|
|t:|1769349825
|switch|p1a: Lucario|Lucario, M|100/100
|turn|20
|
|t:|1769349836
|-terastallize|p1a: Lucario|Fighting
|move|p2a: Cinderace|Pyro Ball|p1a: Lucario
|-damage|p1a: Lucario|33/100
|move|p1a: Lucario|Flash Cannon|p2a: Cinderace
|-damage|p2a: Cinderace|11/100
|
|upkeep
|turn|21
|
|t:|1769349844
|move|p2a: Cinderace|Pyro Ball|p1a: Lucario
|-damage|p1a: Lucario|0 fnt
|faint|p1a: Lucario
|
|win|uotab
|raw|KenjiShiguma's rating: 1088 &rarr; <strong>1067</strong><br />(-21 for losing)
|raw|uotab's rating: 1116 &rarr; <strong>1139</strong><br />(+23 for winning)
|l|☆KenjiShiguma
|player|p1|
|l|☆uotab
|player|p2|
