|j|☆GODKUD
|j|☆Iznamakin
|t:|1769438133
|gametype|singles
|player|p1|GODKUD|ghetsis-gen5bw|1782
|player|p2|Iznamakin|chase|1841
|gen|9
|tier|[Gen 9] OU
|rated|
|rule|HP Percentage Mod: HP is shown in percentages
|rule|Endless Battle Clause: Forcing endless battles is banned
|rule|Species Clause: Limit one of each Pokémon
|rule|OHKO Clause: OHKO moves are banned
|rule|Evasion Items Clause: Evasion items are banned
|rule|Evasion Moves Clause: Evasion moves are banned
|rule|Evasion Abilities Clause: Evasion abilities are banned
|rule|Sleep Moves Clause: Sleep-inducing moves are banned
|clearpoke
|poke|p1|Toxtricity, F|
|poke|p1|Iron Crown|
|poke|p1|Ursaluna, M|
|poke|p1|Blaziken, F|
|poke|p1|Ogerpon-Wellspring, F|
|poke|p1|Grimmsnarl, M|
|poke|p2|Iron Valiant|
|poke|p2|Greninja-*, M|
|poke|p2|Glimmora, M|
|poke|p2|Kingambit, M|
|poke|p2|Iron Jugulis|
|poke|p2|Iron Moth|
|teampreview
|inactive|Battle timer is ON: inactive players will automatically lose when time's up. (requested by GODKUD)
|
|t:|1769438138
|teamsize|p1|6
|teamsize|p2|6
|start
|switch|p1a: Grimmsnarl|Grimmsnarl, M|100/100
|switch|p2a: Iron Jugulis|Iron Jugulis|100/100
|-enditem|p2a: Iron Jugulis|Booster Energy
|-activate|p2a: Iron Jugulis|ability: Quark Drive|[fromitem]
|-start|p2a: Iron Jugulis|quarkdrivespe
|turn|1
|
|t:|1769438142
|move|p1a: Grimmsnarl|Light Screen|p1a: Grimmsnarl
|-sidestart|p1: GODKUD|move: Light Screen
|move|p2a: Iron Jugulis|Knock Off|p1a: Grimmsnarl
|-resisted|p1a: Grimmsnarl
|-damage|p1a: Grimmsnarl|94/100
|-enditem|p1a: Grimmsnarl|Light Clay|[from] move: Knock Off|[of] p2a: Iron Jugulis
|
|upkeep
|turn|2
|
|t:|1769438147
|move|p2a: Iron Jugulis|Hurricane|p1a: Grimmsnarl
|-damage|p1a: Grimmsnarl|74/100
|move|p1a: Grimmsnarl|Spirit Break|p2a: Iron Jugulis
|-supereffective|p2a: Iron Jugulis
|-damage|p2a: Iron Jugulis|34/100
|-unboost|p2a: Iron Jugulis|spa|1
|
|upkeep
|turn|3
|
|t:|1769438151
|move|p2a: Iron Jugulis|Hurricane|p1a: Grimmsnarl
|-damage|p1a: Grimmsnarl|61/100
|move|p1a: Grimmsnarl|Spirit Break|p2a: Iron Jugulis
|-supereffective|p2a: Iron Jugulis
|-damage|p2a: Iron Jugulis|0 fnt
|faint|p2a: Iron Jugulis
|-end|p2a: Iron Jugulis|Quark Drive|[silent]
|
|upkeep
|
|t:|1769438155
|switch|p2a: Glimmora|Glimmora, M|100/100
|turn|4
|
|t:|1769438158
|move|p1a: Grimmsnarl|Taunt|p2a: Glimmora
|-start|p2a: Glimmora|move: Taunt
|move|p2a: Glimmora|Mortal Spin|p1a: Grimmsnarl
|-supereffective|p1a: Grimmsnarl
|-damage|p1a: Grimmsnarl|46/100
|-status|p1a: Grimmsnarl|psn
|
|-damage|p1a: Grimmsnarl|34/100 psn|[from] psn
|upkeep
|turn|5
|
|t:|1769438165
|switch|p2a: Kingambit|Kingambit, M|100/100
|-activate|p2a: Kingambit|ability: Supreme Overlord
|-start|p2a: Kingambit|fallen1|[silent]
|move|p1a: Grimmsnarl|Reflect|p1a: Grimmsnarl
|-sidestart|p1: GODKUD|Reflect
|
|-damage|p1a: Grimmsnarl|22/100 psn|[from] psn
|upkeep
|turn|6
|
|t:|1769438169
|move|p2a: Kingambit|Swords Dance|p2a: Kingambit
|-boost|p2a: Kingambit|atk|2
|move|p1a: Grimmsnarl|Spirit Break|p2a: Kingambit
|-damage|p2a: Kingambit|73/100
|-unboost|p2a: Kingambit|spa|1
|
|-heal|p2a: Kingambit|79/100|[from] item: Leftovers
|-damage|p1a: Grimmsnarl|9/100 psn|[from] psn
|upkeep
|turn|7
|
|t:|1769438175
|move|p2a: Kingambit|Iron Head|p1a: Grimmsnarl
|-supereffective|p1a: Grimmsnarl
|-damage|p1a: Grimmsnarl|0 fnt
|faint|p1a: Grimmsnarl
|
|-heal|p2a: Kingambit|85/100|[from] item: Leftovers
|upkeep
|
|t:|1769438183
|switch|p1a: Blaziken|Blaziken, F|100/100
|turn|8
|
|t:|1769438186
|-end|p2a: Kingambit|fallen1|[silent]
|switch|p2a: Glimmora|Glimmora, M|100/100
|move|p1a: Blaziken|Flare Blitz|p2a: Glimmora
|-resisted|p2a: Glimmora
|-crit|p2a: Glimmora
|-damage|p2a: Glimmora|36/100
|-activate|p2a: Glimmora|ability: Toxic Debris
|-sidestart|p1: GODKUD|move: Toxic Spikes
|-damage|p1a: Blaziken|79/100|[from] Recoil
|-damage|p1a: Blaziken|69/100|[from] item: Life Orb
|
|-sideend|p1: GODKUD|move: Light Screen
|-ability|p1a: Blaziken|Speed Boost|boost
|-boost|p1a: Blaziken|spe|1
|upkeep
|turn|9
|
|t:|1769438190
|move|p1a: Blaziken|Close Combat|p2a: Glimmora
|-damage|p2a: Glimmora|0 fnt
|-unboost|p1a: Blaziken|def|1
|-unboost|p1a: Blaziken|spd|1
|-activate|p2a: Glimmora|ability: Toxic Debris
|-sidestart|p1: GODKUD|move: Toxic Spikes
|faint|p2a: Glimmora
|-damage|p1a: Blaziken|59/100|[from] item: Life Orb
|
|-sideend|p1: GODKUD|Reflect
|-ability|p1a: Blaziken|Speed Boost|boost
|-boost|p1a: Blaziken|spe|1
|upkeep
|
|t:|1769438192
|switch|p2a: Greninja|Greninja, M|100/100
|turn|10
|
|t:|1769438194
|move|p2a: Greninja|Water Shuriken|p1a: Blaziken
|-supereffective|p1a: Blaziken
|-damage|p1a: Blaziken|21/100
|-supereffective|p1a: Blaziken
|-damage|p1a: Blaziken|0 fnt
|faint|p1a: Blaziken
|-ability|p2a: Greninja|Battle Bond|boost
|-boost|p2a: Greninja|atk|1
|-boost|p2a: Greninja|spa|1
|-boost|p2a: Greninja|spe|1
|-activate|p2a: Greninja|ability: Battle Bond
|-hitcount|p1: Blaziken|2
|-damage|p2a: Greninja|91/100|[from] item: Life Orb
|
|upkeep
|
|t:|1769438196
|switch|p1a: Toxtricity|Toxtricity, F|100/100
|-sideend|p1: GODKUD|move: Toxic Spikes|[of] p1a: Toxtricity
|turn|11
|
|t:|1769438198
|move|p2a: Greninja|Hydro Pump|p1a: Toxtricity
|-damage|p1a: Toxtricity|0 fnt
|faint|p1a: Toxtricity
|-damage|p2a: Greninja|81/100|[from] item: Life Orb
|
|upkeep
|
|t:|1769438201
|switch|p1a: Ogerpon|Ogerpon-Wellspring, F|100/100
|turn|12
|
|t:|1769438203
|move|p2a: Greninja|Dark Pulse|p1a: Ogerpon
|-damage|p1a: Ogerpon|14/100
|-damage|p2a: Greninja|71/100|[from] item: Life Orb
|move|p1a: Ogerpon|Power Whip|p2a: Greninja
|-supereffective|p2a: Greninja
|-damage|p2a: Greninja|0 fnt
|faint|p2a: Greninja
|
|upkeep
|
|t:|1769438205
|switch|p2a: Iron Moth|Iron Moth|100/100
|-enditem|p2a: Iron Moth|Booster Energy
|-activate|p2a: Iron Moth|ability: Quark Drive|[fromitem]
|-start|p2a: Iron Moth|quarkdrivespe
|turn|13
|
|t:|1769438210
|move|p2a: Iron Moth|Fiery Dance|p1a: Ogerpon
|-damage|p1a: Ogerpon|0 fnt
|-boost|p2a: Iron Moth|spa|1
|faint|p1a: Ogerpon
|
|upkeep
|
|t:|1769438211
|switch|p1a: Ursaluna|Ursaluna, M|100/100
|turn|14
|
|t:|1769438213
|move|p2a: Iron Moth|Fiery Dance|p1a: Ursaluna
|-damage|p1a: Ursaluna|45/100
|move|p1a: Ursaluna|Headlong Rush|p2a: Iron Moth
|-supereffective|p2a: Iron Moth
|-crit|p2a: Iron Moth
|-damage|p2a: Iron Moth|0 fnt
|-unboost|p1a: Ursaluna|def|1
|-unboost|p1a: Ursaluna|spd|1
|faint|p2a: Iron Moth
|-end|p2a: Iron Moth|Quark Drive|[silent]
|
|-status|p1a: Ursaluna|brn|[from] item: Flame Orb
|upkeep
|
|t:|1769438219
|switch|p2a: Kingambit|Kingambit, M|85/100
|-activate|p2a: Kingambit|ability: Supreme Overlord
|-start|p2a: Kingambit|fallen4|[silent]
|turn|15
|
|t:|1769438221
|move|p2a: Kingambit|Sucker Punch|p1a: Ursaluna
|-damage|p1a: Ursaluna|0 fnt
|faint|p1a: Ursaluna
|
|-heal|p2a: Kingambit|91/100|[from] item: Leftovers
|upkeep
|
|t:|1769438223
|switch|p1a: Iron Crown|Iron Crown|100/100
|turn|16
|
|t:|1769438226
|-end|p2a: Kingambit|fallen4|[silent]
|switch|p2a: Iron Valiant|Iron Valiant|100/100
|-enditem|p2a: Iron Valiant|Booster Energy
|-activate|p2a: Iron Valiant|ability: Quark Drive|[fromitem]
|-start|p2a: Iron Valiant|quarkdrivespe
|-terastallize|p1a: Iron Crown|Fighting
|move|p1a: Iron Crown|Focus Blast|p2a: Iron Valiant
|-resisted|p2a: Iron Valiant
|-damage|p2a: Iron Valiant|44/100
|
|upkeep
|turn|17
|
|t:|1769438229
|move|p2a: Iron Valiant|Spirit Break|p1a: Iron Crown
|-supereffective|p1a: Iron Crown
|-damage|p1a: Iron Crown|24/100
|-unboost|p1a: Iron Crown|spa|1
|-enditem|p1a: Iron Crown|Weakness Policy
|-boost|p1a: Iron Crown|atk|2|[from] item: Weakness Policy
|-boost|p1a: Iron Crown|spa|2|[from] item: Weakness Policy
|move|p1a: Iron Crown|Agility|p1a: Iron Crown
|-boost|p1a: Iron Crown|spe|2
|
|upkeep
|turn|18
|
|t:|1769438235
|move|p1a: Iron Crown|Tachyon Cutter|p2a: Iron Valiant
|-supereffective|p2a: Iron Valiant
|-damage|p2a: Iron Valiant|0 fnt
|faint|p2a: Iron Valiant
|-end|p2a: Iron Valiant|Quark Drive|[silent]
|-hitcount|p2: Iron Valiant|1
|
|upkeep
|
|t:|1769438236
|switch|p2a: Kingambit|Kingambit, M|91/100
|-activate|p2a: Kingambit|ability: Supreme Overlord
|-start|p2a: Kingambit|fallen5|[silent]
|turn|19
|
|t:|1769438239
|-terastallize|p2a: Kingambit|Fighting
|move|p1a: Iron Crown|Focus Blast|p2a: Kingambit
|-damage|p2a: Kingambit|0 fnt
|faint|p2a: Kingambit
|-end|p2a: Kingambit|fallen5|[silent]
|
|win|GODKUD
|raw|GODKUD's rating: 1782 &rarr; <strong>1805</strong><br />(+23 for winning)
|raw|Iznamakin's rating: 1841 &rarr; <strong>1818</strong><br />(-23 for losing)
|l|☆Iznamakin
|player|p2|
|l|☆GODKUD
|player|p1|
