|j|☆ILOVEPECHARUNTRAH
|j|☆Yaoshi
|t:|1769433961
|gametype|singles
|player|p1|ILOVEPECHARUNTRAH|miku-ghost|1588
|player|p2|Yaoshi|silver-masters|1596
|gen|9
|tier|[Gen 9] OU
|rated|
|rule|HP Percentage Mod: HP is shown in percentages
|rule|Endless Battle Clause: Forcing endless battles is banned
|rule|Species Clause: Limit one of each Pokémon
|rule|OHKO Clause: OHKO moves are banned
|rule|Evasion Items Clause: Evasion items are banned
|rule|Evasion Moves Clause: Evasion moves are banned
|rule|Evasion Abilities Clause: Evasion abilities are banned
|rule|Sleep Moves Clause: Sleep-inducing moves are banned
|clearpoke
|poke|p1|Dragonite, F|
|poke|p1|Great Tusk|
|poke|p1|Samurott-Hisui, M|
|poke|p1|Ogerpon-Wellspring, F|
|poke|p1|Pecharunt|
|poke|p1|Primarina, F|
|poke|p2|Cinderace, M|
|poke|p2|Dragonite, F|
|poke|p2|Iron Valiant|
|poke|p2|Snorlax, M|
|poke|p2|Primarina, M|
|poke|p2|Skarmory, F|
|teampreview
|inactive|Battle timer is ON: inactive players will automatically lose when time's up. (requested by Yaoshi)
|
|t:|1769433978
|teamsize|p1|6
|teamsize|p2|6
|start
|switch|p1a: Samurott|Samurott-Hisui, M|100/100
|switch|p2a: One Hit Wonder|Cinderace, M|100/100
|turn|1
|
|t:|1769433982
|switch|p2a: Babe Ruth|Iron Valiant, shiny|100/100
|-enditem|p2a: Babe Ruth|Booster Energy
|-activate|p2a: Babe Ruth|ability: Quark Drive|[fromitem]
|-start|p2a: Babe Ruth|quarkdrivespe
|move|p1a: Samurott|Razor Shell|p2a: Babe Ruth
|-damage|p2a: Babe Ruth|38/100
|
|upkeep
|turn|2
|
|t:|1769433989
|switch|p1a: Primarina|Primarina, F|100/100
|move|p2a: Babe Ruth|Destiny Bond|p2a: Babe Ruth
|-singlemove|p2a: Babe Ruth|Destiny Bond
|
|upkeep
|turn|3
|
|t:|1769433995
|-end|p2a: Babe Ruth|Quark Drive|[silent]
|switch|p2a: Homerun|Snorlax, M, shiny|100/100
|move|p1a: Primarina|Substitute|p1a: Primarina
|-start|p1a: Primarina|Substitute
|-damage|p1a: Primarina|76/100
|
|-heal|p1a: Primarina|82/100|[from] item: Leftovers
|upkeep
|turn|4
|
|t:|1769434010
|move|p1a: Primarina|Calm Mind|p1a: Primarina
|-boost|p1a: Primarina|spa|1
|-boost|p1a: Primarina|spd|1
|move|p2a: Homerun|Body Slam|p1a: Primarina
|-end|p1a: Primarina|Substitute
|
|-heal|p1a: Primarina|88/100|[from] item: Leftovers
|upkeep
|turn|5
|
|t:|1769434015
|move|p1a: Primarina|Moonblast|p2a: Homerun
|-damage|p2a: Homerun|65/100
|-unboost|p2a: Homerun|spa|1
|move|p2a: Homerun|Body Slam|p1a: Primarina
|-damage|p1a: Primarina|38/100
|
|-heal|p1a: Primarina|44/100|[from] item: Leftovers
|upkeep
|turn|6
|
|t:|1769434026
|move|p1a: Primarina|Moonblast|p2a: Homerun
|-damage|p2a: Homerun|31/100
|-enditem|p2a: Homerun|Figy Berry|[eat]
|-heal|p2a: Homerun|64/100|[from] item: Figy Berry
|move|p2a: Homerun|Body Slam|p1a: Primarina
|-damage|p1a: Primarina|0 fnt
|faint|p1a: Primarina
|
|upkeep
|j| Kikko0724
|
|t:|1769434034
|switch|p1a: Dragonite|Dragonite, F|100/100
|turn|7
|
|t:|1769434039
|move|p1a: Dragonite|Outrage|p2a: Homerun
|-damage|p2a: Homerun|0 fnt
|faint|p2a: Homerun
|
|upkeep
|
|t:|1769434043
|switch|p2a: Ayami Sato|Primarina, M, shiny|100/100
|turn|8
|
|t:|1769434049
|move|p1a: Dragonite|Outrage|p2a: Ayami Sato|[from] lockedmove
|-immune|p2a: Ayami Sato
|-start|p1a: Dragonite|confusion|[fatigue]
|move|p2a: Ayami Sato|Draining Kiss|p1a: Dragonite
|-supereffective|p1a: Dragonite
|-damage|p1a: Dragonite|78/100
|
|upkeep
|turn|9
|
|t:|1769434058
|switch|p1a: Pecharunt|Pecharunt|100/100
|switch|p2a: Babe Ruth|Iron Valiant, shiny|38/100
|
|upkeep
|turn|10
|
|t:|1769434066
|move|p2a: Babe Ruth|Destiny Bond|p2a: Babe Ruth
|-singlemove|p2a: Babe Ruth|Destiny Bond
|move|p1a: Pecharunt|Parting Shot|p2a: Babe Ruth
|-unboost|p2a: Babe Ruth|atk|1
|-unboost|p2a: Babe Ruth|spa|1
|
|t:|1769434074
|switch|p1a: Ogerpon|Ogerpon-Wellspring, F|100/100|[from] Parting Shot
|
|upkeep
|turn|11
|
|t:|1769434084
|switch|p1a: Pecharunt|Pecharunt|100/100
|move|p2a: Babe Ruth|Moonblast|p1a: Pecharunt
|-resisted|p1a: Pecharunt
|-damage|p1a: Pecharunt|86/100
|
|upkeep
|turn|12
|
|t:|1769434090
|move|p2a: Babe Ruth|Destiny Bond|p2a: Babe Ruth
|-singlemove|p2a: Babe Ruth|Destiny Bond
|move|p1a: Pecharunt|Parting Shot|p2a: Babe Ruth
|-unboost|p2a: Babe Ruth|atk|1
|-unboost|p2a: Babe Ruth|spa|1
|l| Kikko0724
|
|t:|1769434103
|switch|p1a: Ogerpon|Ogerpon-Wellspring, F|100/100|[from] Parting Shot
|
|upkeep
|turn|13
|
|t:|1769434110
|-end|p2a: Babe Ruth|Quark Drive|[silent]
|switch|p2a: Skarmory|Skarmory, F|100/100
|switch|p1a: Pecharunt|Pecharunt|86/100
|
|upkeep
|turn|14
|
|t:|1769434116
|move|p1a: Pecharunt|Parting Shot|p2a: Skarmory
|-unboost|p2a: Skarmory|atk|1
|-unboost|p2a: Skarmory|spa|1
|
|t:|1769434127
|switch|p1a: Samurott|Samurott-Hisui, M|100/100|[from] Parting Shot
|move|p2a: Skarmory|Body Press|p1a: Samurott
|-supereffective|p1a: Samurott
|-damage|p1a: Samurott|28/100
|
|upkeep
|turn|15
|
|t:|1769434138
|move|p1a: Samurott|Knock Off|p2a: Skarmory
|-damage|p2a: Skarmory|74/100
|-damage|p1a: Samurott|11/100|[from] item: Rocky Helmet|[of] p2a: Skarmory
|-enditem|p2a: Skarmory|Rocky Helmet|[from] move: Knock Off|[of] p1a: Samurott
|move|p2a: Skarmory|Body Press|p1a: Samurott
|-supereffective|p1a: Samurott
|-damage|p1a: Samurott|0 fnt
|faint|p1a: Samurott
|
|upkeep
|
|t:|1769434147
|switch|p1a: Ogerpon|Ogerpon-Wellspring, F|100/100
|turn|16
|
|t:|1769434151
|move|p1a: Ogerpon|Swords Dance|p1a: Ogerpon
|-boost|p1a: Ogerpon|atk|2
|move|p2a: Skarmory|Roost|p2a: Skarmory
|-heal|p2a: Skarmory|100/100
|-singleturn|p2a: Skarmory|move: Roost
|
|upkeep
|turn|17
|
|t:|1769434155
|move|p1a: Ogerpon|Ivy Cudgel|p2a: Skarmory|[anim] Ivy Cudgel Water
|-crit|p2a: Skarmory
|-ability|p2a: Skarmory|Sturdy
|-damage|p2a: Skarmory|1/100
|move|p2a: Skarmory|Brave Bird|p1a: Ogerpon
|-supereffective|p1a: Ogerpon
|-damage|p1a: Ogerpon|44/100
|-damage|p2a: Skarmory|0 fnt|[from] Recoil
|faint|p2a: Skarmory
|
|upkeep
|
|t:|1769434158
|switch|p2a: Babe Ruth|Iron Valiant, shiny|38/100
|turn|18
|
|t:|1769434170
|switch|p1a: Pecharunt|Pecharunt|86/100
|move|p2a: Babe Ruth|Moonblast|p1a: Pecharunt
|-resisted|p1a: Pecharunt
|-damage|p1a: Pecharunt|63/100
|-unboost|p1a: Pecharunt|spa|1
|
|upkeep
|turn|19
|
|t:|1769434176
|move|p2a: Babe Ruth|Knock Off|p1a: Pecharunt
|-supereffective|p1a: Pecharunt
|-damage|p1a: Pecharunt|39/100
|-enditem|p1a: Pecharunt|Heavy-Duty Boots|[from] move: Knock Off|[of] p2a: Babe Ruth
|move|p1a: Pecharunt|Recover|p1a: Pecharunt
|-heal|p1a: Pecharunt|89/100
|
|upkeep
|turn|20
|
|t:|1769434185
|move|p2a: Babe Ruth|Destiny Bond|p2a: Babe Ruth
|-singlemove|p2a: Babe Ruth|Destiny Bond
|move|p1a: Pecharunt|Parting Shot|p2a: Babe Ruth
|-unboost|p2a: Babe Ruth|atk|1
|-unboost|p2a: Babe Ruth|spa|1
|
|t:|1769434190
|switch|p1a: Ogerpon|Ogerpon-Wellspring, F|44/100|[from] Parting Shot
|
|upkeep
|turn|21
|
|t:|1769434193
|move|p2a: Babe Ruth|Moonblast|p1a: Ogerpon
|-damage|p1a: Ogerpon|8/100
|-unboost|p1a: Ogerpon|spa|1
|move|p1a: Ogerpon|Ivy Cudgel|p2a: Babe Ruth|[anim] Ivy Cudgel Water
|-damage|p2a: Babe Ruth|0 fnt
|faint|p2a: Babe Ruth
|-end|p2a: Babe Ruth|Quark Drive|[silent]
|
|upkeep
|
|t:|1769434201
|switch|p2a: One Hit Wonder|Cinderace, M|100/100
|turn|22
|
|t:|1769434205
|switch|p1a: Pecharunt|Pecharunt|89/100
|move|p2a: One Hit Wonder|Sucker Punch||[still]
|-fail|p2a: One Hit Wonder
|
|upkeep
|turn|23
|
|t:|1769434219
|move|p2a: One Hit Wonder|Zen Headbutt|p1a: Pecharunt
|-start|p2a: One Hit Wonder|typechange|Psychic|[from] ability: Libero
|-supereffective|p1a: Pecharunt
|-damage|p1a: Pecharunt|48/100
|move|p1a: Pecharunt|Parting Shot|p2a: One Hit Wonder
|-unboost|p2a: One Hit Wonder|atk|1
|-unboost|p2a: One Hit Wonder|spa|1
|
|t:|1769434229
|switch|p1a: Dragonite|Dragonite, F|78/100|[from] Parting Shot
|
|upkeep
|turn|24
|inactive|ILOVEPECHARUNTRAH has 120 seconds left.
|
|t:|1769434263
|switch|p2a: Ayami Sato|Primarina, M, shiny|100/100
|-terastallize|p1a: Dragonite|Normal
|move|p1a: Dragonite|Extreme Speed|p2a: Ayami Sato
|-crit|p2a: Ayami Sato
|-damage|p2a: Ayami Sato|18/100
|
|-heal|p2a: Ayami Sato|24/100|[from] item: Leftovers
|upkeep
|turn|25
|inactive|ILOVEPECHARUNTRAH has 120 seconds left.
|
|t:|1769434271
|move|p1a: Dragonite|Extreme Speed|p2a: Ayami Sato
|-damage|p2a: Ayami Sato|0 fnt
|faint|p2a: Ayami Sato
|
|upkeep
|
|t:|1769434274
|switch|p2a: Ohtani|Dragonite, F|100/100
|turn|26
|
|t:|1769434284
|switch|p1a: Pecharunt|Pecharunt|48/100
|-terastallize|p2a: Ohtani|Normal
|move|p2a: Ohtani|Extreme Speed|p1a: Pecharunt
|-immune|p1a: Pecharunt
|
|upkeep
|turn|27
|
|t:|1769434288
|switch|p2a: One Hit Wonder|Cinderace, M|100/100
|move|p1a: Pecharunt|Recover|p1a: Pecharunt
|-heal|p1a: Pecharunt|98/100
|
|upkeep
|turn|28
|
|t:|1769434292
|switch|p1a: Ogerpon|Ogerpon-Wellspring, F|8/100
|move|p2a: One Hit Wonder|Zen Headbutt|p1a: Ogerpon
|-start|p2a: One Hit Wonder|typechange|Psychic|[from] ability: Libero
|-crit|p1a: Ogerpon
|-damage|p1a: Ogerpon|0 fnt
|faint|p1a: Ogerpon
|
|upkeep
|
|t:|1769434305
|switch|p1a: Dragonite|Dragonite, F, tera:Normal|78/100
|turn|29
|
|t:|1769434312
|switch|p2a: Ohtani|Dragonite, F, tera:Normal|100/100
|move|p1a: Dragonite|Outrage|p2a: Ohtani
|-damage|p2a: Ohtani|53/100
|
|upkeep
|turn|30
|j| TES.Jackylove
|
|t:|1769434319
|move|p2a: Ohtani|Extreme Speed|p1a: Dragonite
|-damage|p1a: Dragonite|7/100
|move|p1a: Dragonite|Outrage|p2a: Ohtani|[from] lockedmove
|-damage|p2a: Ohtani|0 fnt
|faint|p2a: Ohtani
|
|upkeep
|
|t:|1769434322
|switch|p2a: One Hit Wonder|Cinderace, M|100/100
|turn|31
|
|t:|1769434325
|move|p2a: One Hit Wonder|Pyro Ball|p1a: Dragonite
|-damage|p1a: Dragonite|0 fnt
|faint|p1a: Dragonite
|
|upkeep
|
|t:|1769434330
|switch|p1a: Pecharunt|Pecharunt|98/100
|turn|32
|
|t:|1769434338
|move|p2a: One Hit Wonder|Zen Headbutt|p1a: Pecharunt
|-start|p2a: One Hit Wonder|typechange|Psychic|[from] ability: Libero
|-supereffective|p1a: Pecharunt
|-damage|p1a: Pecharunt|58/100
|cant|p1a: Pecharunt|flinch
|
|upkeep
|turn|33
|
|t:|1769434347
|move|p2a: One Hit Wonder|Zen Headbutt|p1a: Pecharunt
|-supereffective|p1a: Pecharunt
|-damage|p1a: Pecharunt|15/100
|move|p1a: Pecharunt|Foul Play|p2a: One Hit Wonder
|-supereffective|p2a: One Hit Wonder
|-damage|p2a: One Hit Wonder|3/100
|
|upkeep
|turn|34
|
|t:|1769434352
|move|p2a: One Hit Wonder|Zen Headbutt|p1a: Pecharunt
|-supereffective|p1a: Pecharunt
|-damage|p1a: Pecharunt|0 fnt
|faint|p1a: Pecharunt
|
|upkeep
|
|t:|1769434354
|switch|p1a: Great Tusk|Great Tusk|100/100
|-enditem|p1a: Great Tusk|Booster Energy
|-activate|p1a: Great Tusk|ability: Protosynthesis|[fromitem]
|-start|p1a: Great Tusk|protosynthesisspe
|turn|35
|
|t:|1769434361
|move|p1a: Great Tusk|Rapid Spin|p2a: One Hit Wonder
|-damage|p2a: One Hit Wonder|0 fnt
|-boost|p1a: Great Tusk|spe|1
|faint|p2a: One Hit Wonder
|
|win|ILOVEPECHARUNTRAH
|raw|ILOVEPECHARUNTRAH's rating: 1588 &rarr; <strong>1608</strong><br />(+20 for winning)
|raw|Yaoshi's rating: 1596 &rarr; <strong>1576</strong><br />(-20 for losing)
|l|☆Yaoshi
|player|p2|
|l|☆ILOVEPECHARUNTRAH
|player|p1|
|l| TES.Jackylove
