|j|☆labeys
|j|☆spunder_policy
|t:|1769386196
|gametype|singles
|player|p1|labeys|sordward|1723
|player|p2|spunder_policy|101|1792
|gen|9
|tier|[Gen 9] OU
|rated|
|rule|HP Percentage Mod: HP is shown in percentages
|rule|Endless Battle Clause: Forcing endless battles is banned
|rule|Species Clause: Limit one of each Pokémon
|rule|OHKO Clause: OHKO moves are banned
|rule|Evasion Items Clause: Evasion items are banned
|rule|Evasion Moves Clause: Evasion moves are banned
|rule|Evasion Abilities Clause: Evasion abilities are banned
|rule|Sleep Moves Clause: Sleep-inducing moves are banned
|clearpoke
|poke|p1|Samurott-Hisui, M|
|poke|p1|Iron Treads|
|poke|p1|Iron Valiant|
|poke|p1|Zapdos|
|poke|p1|Iron Moth|
|poke|p1|Skeledirge, F|
|poke|p2|Zoroark-Hisui, M|
|poke|p2|Mesprit|
|poke|p2|Alomomola, F|
|poke|p2|Goodra-Hisui, F|
|poke|p2|Thundurus, M|
|poke|p2|Blaziken, M|
|teampreview
|inactive|Battle timer is ON: inactive players will automatically lose when time's up. (requested by spunder_policy)
|inactive|labeys also wants the timer to be on.
|
|t:|1769386219
|teamsize|p1|6
|teamsize|p2|6
|start
|switch|p1a: Iron Treads|Iron Treads|100/100
|switch|p2a: Thundurus|Thundurus, M|100/100
|turn|1
|
|t:|1769386230
|move|p2a: Thundurus|U-turn|p1a: Iron Treads
|-resisted|p1a: Iron Treads
|-damage|p1a: Iron Treads|95/100
|
|t:|1769386233
|switch|p2a: Mesprit|Mesprit|100/100|[from] U-turn
|move|p1a: Iron Treads|Stealth Rock|p2a: Mesprit
|-sidestart|p2: spunder_policy|move: Stealth Rock
|
|upkeep
|turn|2
|
|t:|1769386247
|move|p1a: Iron Treads|Knock Off|p2a: Mesprit
|-supereffective|p2a: Mesprit
|-damage|p2a: Mesprit|69/100
|-enditem|p2a: Mesprit|Heavy-Duty Boots|[from] move: Knock Off|[of] p1a: Iron Treads
|move|p2a: Mesprit|U-turn|p1a: Iron Treads
|-resisted|p1a: Iron Treads
|-damage|p1a: Iron Treads|89/100
|
|t:|1769386250
|switch|p2a: Blaziken|Blaziken, M|100/100|[from] U-turn
|
|upkeep
|turn|3
|
|t:|1769386260
|move|p2a: Blaziken|Protect|p2a: Blaziken
|-singleturn|p2a: Blaziken|Protect
|move|p1a: Iron Treads|Earthquake|p2a: Blaziken
|-activate|p2a: Blaziken|move: Protect
|
|-ability|p2a: Blaziken|Speed Boost|boost
|-boost|p2a: Blaziken|spe|1
|upkeep
|turn|4
|
|t:|1769386268
|-end|p1a: Iron Treads|Quark Drive|[silent]
|switch|p1a: Skeledirge|Skeledirge, F|100/100
|move|p2a: Blaziken|U-turn|p1a: Skeledirge
|-resisted|p1a: Skeledirge
|-damage|p1a: Skeledirge|98/100
|
|t:|1769386271
|switch|p2a: Mesprit|Mesprit|69/100|[from] U-turn
|-damage|p2a: Mesprit|56/100|[from] Stealth Rock
|
|-heal|p1a: Skeledirge|100/100|[from] item: Leftovers
|upkeep
|turn|5
|
|t:|1769386284
|switch|p1a: Iron Treads|Iron Treads|89/100
|move|p2a: Mesprit|Stealth Rock|p1a: Iron Treads
|-sidestart|p1: labeys|move: Stealth Rock
|
|upkeep
|turn|6
|
|t:|1769386292
|move|p1a: Iron Treads|Knock Off|p2a: Mesprit
|-supereffective|p2a: Mesprit
|-damage|p2a: Mesprit|33/100
|move|p2a: Mesprit|Ice Beam|p1a: Iron Treads
|-damage|p1a: Iron Treads|60/100
|
|upkeep
|turn|7
|
|t:|1769386298
|switch|p2a: Blaziken|Blaziken, M|100/100
|move|p1a: Iron Treads|Knock Off|p2a: Blaziken
|-supereffective|p2a: Blaziken
|-damage|p2a: Blaziken|0 fnt
|replace|p2a: Zoroark|Zoroark-Hisui, M
|-end|p2a: Zoroark|Illusion
|-enditem|p2a: Zoroark|Heavy-Duty Boots|[from] move: Knock Off|[of] p1a: Iron Treads
|faint|p2a: Zoroark
|
|upkeep
|
|t:|1769386304
|switch|p2a: Blaziken|Blaziken, M|100/100
|turn|8
|j| Nikator98
|
|t:|1769386312
|move|p2a: Blaziken|Protect|p2a: Blaziken
|-singleturn|p2a: Blaziken|Protect
|move|p1a: Iron Treads|Earthquake|p2a: Blaziken
|-activate|p2a: Blaziken|move: Protect
|
|-ability|p2a: Blaziken|Speed Boost|boost
|-boost|p2a: Blaziken|spe|1
|upkeep
|turn|9
|
|t:|1769386329
|-end|p1a: Iron Treads|Quark Drive|[silent]
|switch|p1a: Zapdos|Zapdos|100/100
|-damage|p1a: Zapdos|75/100|[from] Stealth Rock
|move|p2a: Blaziken|Overheat|p1a: Zapdos
|-damage|p1a: Zapdos|15/100
|-unboost|p2a: Blaziken|spa|2
|
|-ability|p2a: Blaziken|Speed Boost|boost
|-boost|p2a: Blaziken|spe|1
|upkeep
|turn|10
|
|t:|1769386346
|move|p2a: Blaziken|Overheat|p1a: Zapdos
|-damage|p1a: Zapdos|0 fnt
|-unboost|p2a: Blaziken|spa|2
|faint|p1a: Zapdos
|
|-ability|p2a: Blaziken|Speed Boost|boost
|-boost|p2a: Blaziken|spe|1
|upkeep
|inactive|labeys has 120 seconds left.
|
|t:|1769386370
|switch|p1a: Iron Moth|Iron Moth|100/100
|-damage|p1a: Iron Moth|75/100|[from] Stealth Rock
|turn|11
|inactive|labeys has 120 seconds left.
|
|t:|1769386404
|-end|p1a: Iron Moth|Quark Drive|[silent]
|switch|p1a: Iron Treads|Iron Treads|60/100
|move|p2a: Blaziken|Protect||[still]
|-fail|p2a: Blaziken
|
|-ability|p2a: Blaziken|Speed Boost|boost
|-boost|p2a: Blaziken|spe|1
|upkeep
|turn|12
|
|t:|1769386418
|-end|p1a: Iron Treads|Quark Drive|[silent]
|switch|p1a: Skeledirge|Skeledirge, F|100/100
|-damage|p1a: Skeledirge|75/100|[from] Stealth Rock
|move|p2a: Blaziken|Protect||[still]
|-fail|p2a: Blaziken
|
|-heal|p1a: Skeledirge|82/100|[from] item: Leftovers
|-ability|p2a: Blaziken|Speed Boost|boost
|-boost|p2a: Blaziken|spe|1
|upkeep
|turn|13
|
|t:|1769386424
|move|p2a: Blaziken|Earthquake|p1a: Skeledirge
|-supereffective|p1a: Skeledirge
|-damage|p1a: Skeledirge|45/100
|move|p1a: Skeledirge|Slack Off|p1a: Skeledirge
|-heal|p1a: Skeledirge|95/100
|
|-heal|p1a: Skeledirge|100/100|[from] item: Leftovers
|-ability|p2a: Blaziken|Speed Boost|boost
|-boost|p2a: Blaziken|spe|1
|upkeep
|turn|14
|
|t:|1769386440
|move|p2a: Blaziken|U-turn|p1a: Skeledirge
|-resisted|p1a: Skeledirge
|-damage|p1a: Skeledirge|97/100
|
|t:|1769386446
|switch|p2a: Goodra|Goodra-Hisui, F|100/100|[from] U-turn
|move|p1a: Skeledirge|Torch Song|p2a: Goodra
|-damage|p2a: Goodra|80/100
|-boost|p1a: Skeledirge|spa|1
|
|-heal|p1a: Skeledirge|100/100|[from] item: Leftovers
|upkeep
|turn|15
|
|t:|1769386460
|move|p1a: Skeledirge|Will-O-Wisp|p2a: Goodra
|-status|p2a: Goodra|brn
|move|p2a: Goodra|Surf|p1a: Skeledirge
|-supereffective|p1a: Skeledirge
|-damage|p1a: Skeledirge|44/100
|
|-heal|p1a: Skeledirge|50/100|[from] item: Leftovers
|-damage|p2a: Goodra|74/100 brn|[from] brn
|upkeep
|turn|16
|
|t:|1769386469
|switch|p1a: Samurott|Samurott-Hisui, M|100/100
|-damage|p1a: Samurott|88/100|[from] Stealth Rock
|move|p2a: Goodra|Surf|p1a: Samurott
|-resisted|p1a: Samurott
|-damage|p1a: Samurott|67/100
|
|-damage|p2a: Goodra|68/100 brn|[from] brn
|upkeep
|turn|17
|
|t:|1769386476
|move|p1a: Samurott|Ceaseless Edge|p2a: Goodra
|-damage|p2a: Goodra|12/100 brn
|-sidestart|p2: spunder_policy|Spikes
|move|p2a: Goodra|Sludge Bomb|p1a: Samurott
|-damage|p1a: Samurott|29/100
|
|-damage|p2a: Goodra|6/100 brn|[from] brn
|upkeep
|turn|18
|
|t:|1769386482
|move|p1a: Samurott|Ceaseless Edge|p2a: Goodra
|-damage|p2a: Goodra|0 fnt
|-sidestart|p2: spunder_policy|Spikes
|faint|p2a: Goodra
|
|upkeep
|
|t:|1769386486
|switch|p2a: Thundurus|Thundurus, M|100/100
|turn|19
|
|t:|1769386491
|switch|p1a: Iron Moth|Iron Moth|75/100
|-damage|p1a: Iron Moth|50/100|[from] Stealth Rock
|move|p2a: Thundurus|U-turn|p1a: Iron Moth
|-resisted|p1a: Iron Moth
|-damage|p1a: Iron Moth|45/100
|
|t:|1769386494
|switch|p2a: Blaziken|Blaziken, M|100/100|[from] U-turn
|
|upkeep
|turn|20
|
|t:|1769386499
|move|p2a: Blaziken|Protect|p2a: Blaziken
|-singleturn|p2a: Blaziken|Protect
|move|p1a: Iron Moth|Sludge Wave|p2a: Blaziken
|-activate|p2a: Blaziken|move: Protect
|
|-ability|p2a: Blaziken|Speed Boost|boost
|-boost|p2a: Blaziken|spe|1
|upkeep
|turn|21
|
|t:|1769386512
|-terastallize|p2a: Blaziken|Ground
|move|p2a: Blaziken|Earthquake|p1a: Iron Moth
|-supereffective|p1a: Iron Moth
|-damage|p1a: Iron Moth|0 fnt
|faint|p1a: Iron Moth
|-end|p1a: Iron Moth|Quark Drive|[silent]
|
|-ability|p2a: Blaziken|Speed Boost|boost
|-boost|p2a: Blaziken|spe|1
|upkeep
|
|t:|1769386522
|switch|p1a: Skeledirge|Skeledirge, F|50/100
|-damage|p1a: Skeledirge|25/100|[from] Stealth Rock
|turn|22
|
|t:|1769386525
|-terastallize|p1a: Skeledirge|Water
|move|p2a: Blaziken|Earthquake|p1a: Skeledirge
|-damage|p1a: Skeledirge|0 fnt
|faint|p1a: Skeledirge
|
|-ability|p2a: Blaziken|Speed Boost|boost
|-boost|p2a: Blaziken|spe|1
|upkeep
|
|t:|1769386534
|switch|p1a: Samurott|Samurott-Hisui, M|29/100
|-damage|p1a: Samurott|17/100|[from] Stealth Rock
|turn|23
|
|t:|1769386537
|move|p1a: Samurott|Sucker Punch|p2a: Blaziken
|-damage|p2a: Blaziken|30/100
|move|p2a: Blaziken|Earthquake|p1a: Samurott
|-damage|p1a: Samurott|0 fnt
|faint|p1a: Samurott
|
|-ability|p2a: Blaziken|Speed Boost|boost
|-boost|p2a: Blaziken|spe|1
|upkeep
|
|t:|1769386541
|switch|p1a: Iron Treads|Iron Treads|60/100
|turn|24
|
|t:|1769386543
|move|p2a: Blaziken|Earthquake|p1a: Iron Treads
|-supereffective|p1a: Iron Treads
|-damage|p1a: Iron Treads|0 fnt
|faint|p1a: Iron Treads
|-end|p1a: Iron Treads|Quark Drive|[silent]
|
|-ability|p2a: Blaziken|Speed Boost|boost
|-boost|p2a: Blaziken|spe|1
|upkeep
|
|t:|1769386546
|switch|p1a: Iron Valiant|Iron Valiant|100/100
|-damage|p1a: Iron Valiant|94/100|[from] Stealth Rock
|turn|25
|
|t:|1769386550
|move|p2a: Blaziken|Protect|p2a: Blaziken
|-singleturn|p2a: Blaziken|Protect
|move|p1a: Iron Valiant|Moonblast|p2a: Blaziken
|-activate|p2a: Blaziken|move: Protect
|
|-ability|p2a: Blaziken|Speed Boost|boost
|-boost|p2a: Blaziken|spe|1
|upkeep
|turn|26
|
|t:|1769386552
|move|p2a: Blaziken|Overheat|p1a: Iron Valiant
|-damage|p1a: Iron Valiant|0 fnt
|-unboost|p2a: Blaziken|spa|2
|faint|p1a: Iron Valiant
|-end|p1a: Iron Valiant|Quark Drive|[silent]
|
|win|spunder_policy
|raw|labeys's rating: 1723 &rarr; <strong>1707</strong><br />(-16 for losing)
|raw|spunder_policy's rating: 1792 &rarr; <strong>1808</strong><br />(+16 for winning)
|l| Nikator98
