|j|☆nicolailos
|j|☆hkbkhjghc
|t:|1769404377
|gametype|singles
|player|p1|nicolailos|170|1080
|player|p2|hkbkhjghc|cynthia|1058
|gen|9
|tier|[Gen 9] OU
|rated|
|rule|HP Percentage Mod: HP is shown in percentages
|rule|Endless Battle Clause: Forcing endless battles is banned
|rule|Species Clause: Limit one of each Pokémon
|rule|OHKO Clause: OHKO moves are banned
|rule|Evasion Items Clause: Evasion items are banned
|rule|Evasion Moves Clause: Evasion moves are banned
|rule|Evasion Abilities Clause: Evasion abilities are banned
|rule|Sleep Moves Clause: Sleep-inducing moves are banned
|clearpoke
|poke|p1|Chesnaught, M|
|poke|p1|Porygon2|
|poke|p1|Ursaluna, F|
|poke|p1|Indeedee-F, F|
|poke|p1|Hatterene, F|
|poke|p1|Enamorus-Therian, F|
|poke|p2|Gallade, M|
|poke|p2|Kingambit, M|
|poke|p2|Gliscor, M|
|poke|p2|Primarina, F|
|poke|p2|Amoonguss, M|
|poke|p2|Incineroar, M|
|teampreview
|
|t:|1769404384
|teamsize|p1|6
|teamsize|p2|6
|start
|switch|p1a: Porygon2|Porygon2, shiny|100/100
|switch|p2a: Incineroar|Incineroar, M, shiny|100/100
|-ability|p2a: Incineroar|Intimidate|boost
|-unboost|p1a: Porygon2|atk|1
|-ability|p1a: Porygon2|Download|boost
|-boost|p1a: Porygon2|spa|1
|turn|1
|
|t:|1769404393
|move|p2a: Incineroar|Fake Out|p1a: Porygon2
|-crit|p1a: Porygon2
|-damage|p1a: Porygon2|89/100
|cant|p1a: Porygon2|flinch
|
|upkeep
|turn|2
|
|t:|1769404400
|move|p2a: Incineroar|Knock Off|p1a: Porygon2
|-damage|p1a: Porygon2|66/100
|-enditem|p1a: Porygon2|Eviolite|[from] move: Knock Off|[of] p2a: Incineroar
|move|p1a: Porygon2|Trick Room|p1a: Porygon2
|-fieldstart|move: Trick Room|[of] p1a: Porygon2
|
|upkeep
|turn|3
|
|t:|1769404409
|switch|p1a: Chesnaught|Chesnaught, M, shiny|100/100
|move|p2a: Incineroar|Parting Shot|p1a: Chesnaught
|-unboost|p1a: Chesnaught|atk|1
|-unboost|p1a: Chesnaught|spa|1
|
|t:|1769404416
|switch|p2a: Amoonguss|Amoonguss, M, shiny|100/100|[from] Parting Shot
|
|upkeep
|turn|4
|
|t:|1769404425
|switch|p1a: Enamorus|Enamorus-Therian, F|100/100
|move|p2a: Amoonguss|Toxic|p1a: Enamorus
|-status|p1a: Enamorus|tox
|
|-damage|p1a: Enamorus|95/100 tox|[from] psn
|upkeep
|turn|5
|
|t:|1769404437
|switch|p2a: Incineroar|Incineroar, M, shiny|100/100
|-ability|p2a: Incineroar|Intimidate|boost
|-unboost|p1a: Enamorus|atk|1
|move|p1a: Enamorus|Mystical Fire|p2a: Incineroar
|-resisted|p2a: Incineroar
|-damage|p2a: Incineroar|89/100
|-unboost|p2a: Incineroar|spa|1
|
|-heal|p2a: Incineroar|95/100|[from] item: Leftovers
|-damage|p1a: Enamorus|83/100 tox|[from] psn
|upkeep
|turn|6
|
|t:|1769404453
|move|p2a: Incineroar|Fake Out|p1a: Enamorus
|-damage|p1a: Enamorus|73/100 tox
|cant|p1a: Enamorus|flinch
|
|-heal|p2a: Incineroar|100/100|[from] item: Leftovers
|-damage|p1a: Enamorus|55/100 tox|[from] psn
|-fieldend|move: Trick Room
|upkeep
|turn|7
|
|t:|1769404461
|move|p2a: Incineroar|Parting Shot|p1a: Enamorus
|-unboost|p1a: Enamorus|atk|1
|-unboost|p1a: Enamorus|spa|1
|
|t:|1769404465
|switch|p2a: Amoonguss|Amoonguss, M, shiny|100/100|[from] Parting Shot
|move|p1a: Enamorus|Springtide Storm|p2a: Amoonguss
|-resisted|p2a: Amoonguss
|-damage|p2a: Amoonguss|82/100
|-unboost|p2a: Amoonguss|atk|1
|
|-damage|p1a: Enamorus|31/100 tox|[from] psn
|upkeep
|turn|8
|
|t:|1769404478
|move|p1a: Enamorus|Earth Power|p2a: Amoonguss
|-damage|p2a: Amoonguss|61/100
|-unboost|p2a: Amoonguss|spd|1
|move|p2a: Amoonguss|Synthesis|p2a: Amoonguss
|-heal|p2a: Amoonguss|100/100
|
|-damage|p1a: Enamorus|1/100 tox|[from] psn
|upkeep
|turn|9
|
|t:|1769404494
|switch|p1a: Indeedee|Indeedee-F, F, shiny|100/100
|-fieldstart|move: Psychic Terrain|[from] ability: Psychic Surge|[of] p1a: Indeedee
|-enditem|p1a: Indeedee|Psychic Seed
|-boost|p1a: Indeedee|spd|1|[from] item: Psychic Seed
|move|p2a: Amoonguss|Giga Drain|p1a: Indeedee
|-damage|p1a: Indeedee|90/100
|
|upkeep
|turn|10
|
|t:|1769404509
|switch|p2a: Incineroar|Incineroar, M, shiny|100/100
|-ability|p2a: Incineroar|Intimidate|boost
|-unboost|p1a: Indeedee|atk|1
|move|p1a: Indeedee|Trick Room|p1a: Indeedee
|-fieldstart|move: Trick Room|[of] p1a: Indeedee
|
|upkeep
|turn|11
|
|t:|1769404516
|switch|p1a: Hatterene|Hatterene, F, shiny|100/100
|move|p2a: Incineroar|Knock Off|p1a: Hatterene
|-damage|p1a: Hatterene|58/100
|-enditem|p1a: Hatterene|Life Orb|[from] move: Knock Off|[of] p2a: Incineroar
|
|upkeep
|turn|12
|
|t:|1769404535
|move|p1a: Hatterene|Dazzling Gleam|p2a: Incineroar
|-damage|p2a: Incineroar|63/100
|move|p2a: Incineroar|Parting Shot|p1a: Hatterene
|move|p1a: Hatterene|Parting Shot|p2a: Incineroar|[from] ability: Magic Bounce
|-unboost|p2a: Incineroar|atk|1
|-unboost|p2a: Incineroar|spa|1
|
|t:|1769404548
|switch|p1a: Chesnaught|Chesnaught, M, shiny|100/100|[from] Parting Shot
|
|-heal|p2a: Incineroar|69/100|[from] item: Leftovers
|upkeep
|turn|13
|
|t:|1769404561
|switch|p2a: Amoonguss|Amoonguss, M, shiny|100/100
|move|p1a: Chesnaught|Spiky Shield||[still]
|-fail|p1a: Chesnaught
|
|-fieldend|move: Psychic Terrain
|upkeep
|turn|14
|
|t:|1769404574
|switch|p1a: Porygon2|Porygon2, shiny|66/100
|-ability|p1a: Porygon2|Download|boost
|-boost|p1a: Porygon2|spa|1
|move|p2a: Amoonguss|Toxic|p1a: Porygon2
|-status|p1a: Porygon2|tox
|
|-damage|p1a: Porygon2|60/100 tox|[from] psn
|-fieldend|move: Trick Room
|upkeep
|turn|15
|
|t:|1769404591
|switch|p2a: Kingambit|Kingambit, M|100/100
|move|p1a: Porygon2|Trick Room|p1a: Porygon2
|-fieldstart|move: Trick Room|[of] p1a: Porygon2
|
|-damage|p1a: Porygon2|47/100 tox|[from] psn
|upkeep
|turn|16
|
|t:|1769404624
|switch|p1a: Ursaluna|Ursaluna, F, shiny|100/100
|move|p2a: Kingambit|Sucker Punch||[still]
|-fail|p2a: Kingambit
|
|-status|p1a: Ursaluna|brn|[from] item: Flame Orb
|upkeep
|turn|17
|
|t:|1769404647
|-end|p2a: Kingambit|fallenundefined|[silent]
|switch|p2a: Gliscor|Gliscor, M|100/100
|-terastallize|p1a: Ursaluna|Normal
|move|p1a: Ursaluna|Earthquake|p2a: Gliscor
|-immune|p2a: Gliscor
|
|-damage|p1a: Ursaluna|94/100 brn|[from] brn
|-status|p2a: Gliscor|tox|[from] item: Toxic Orb
|upkeep
|turn|18
|
|t:|1769404671
|move|p1a: Ursaluna|Facade|p2a: Gliscor
|-damage|p2a: Gliscor|4/100 tox
|move|p2a: Gliscor|Stealth Rock|p1a: Ursaluna
|-sidestart|p1: nicolailos|move: Stealth Rock
|
|-heal|p2a: Gliscor|16/100 tox|[from] ability: Poison Heal
|-damage|p1a: Ursaluna|88/100 brn|[from] brn
|upkeep
|turn|19
|
|t:|1769404683
|switch|p2a: Amoonguss|Amoonguss, M, shiny|100/100
|move|p1a: Ursaluna|Facade|p2a: Amoonguss
|-damage|p2a: Amoonguss|0 fnt
|-damage|p1a: Ursaluna|72/100 brn|[from] item: Rocky Helmet|[of] p2a: Amoonguss
|faint|p2a: Amoonguss
|
|-damage|p1a: Ursaluna|66/100 brn|[from] brn
|-fieldend|move: Trick Room
|upkeep
|
|t:|1769404695
|switch|p2a: Gallade|Gallade, M|100/100
|turn|20
|
|t:|1769404703
|move|p2a: Gallade|Sacred Sword|p1a: Ursaluna
|-supereffective|p1a: Ursaluna
|-damage|p1a: Ursaluna|0 fnt
|faint|p1a: Ursaluna
|
|upkeep
|
|t:|1769404710
|switch|p1a: Enamorus|Enamorus-Therian, F|1/100 tox
|-damage|p1a: Enamorus|0 fnt|[from] Stealth Rock
|faint|p1a: Enamorus
|
|t:|1769404719
|switch|p1a: Porygon2|Porygon2, shiny|47/100 tox
|-damage|p1a: Porygon2|35/100 tox|[from] Stealth Rock
|-ability|p1a: Porygon2|Download|boost
|-boost|p1a: Porygon2|atk|1
|turn|21
|
|t:|1769404726
|move|p2a: Gallade|Sacred Sword|p1a: Porygon2
|-supereffective|p1a: Porygon2
|-damage|p1a: Porygon2|0 fnt
|faint|p1a: Porygon2
|
|upkeep
|
|t:|1769404732
|switch|p1a: Chesnaught|Chesnaught, M, shiny|100/100
|-damage|p1a: Chesnaught|94/100|[from] Stealth Rock
|turn|22
|
|t:|1769404738
|switch|p2a: Incineroar|Incineroar, M, shiny|69/100
|-ability|p2a: Incineroar|Intimidate|boost
|-unboost|p1a: Chesnaught|atk|1
|move|p1a: Chesnaught|Leech Seed|p2a: Incineroar
|-start|p2a: Incineroar|move: Leech Seed
|
|-heal|p2a: Incineroar|75/100|[from] item: Leftovers
|-heal|p1a: Chesnaught|100/100|[from] item: Leftovers
|-damage|p2a: Incineroar|63/100|[from] Leech Seed|[of] p1a: Chesnaught
|upkeep
|turn|23
|
|t:|1769404749
|move|p1a: Chesnaught|Spiky Shield|p1a: Chesnaught
|-singleturn|p1a: Chesnaught|move: Protect
|move|p2a: Incineroar|Parting Shot|p1a: Chesnaught
|-activate|p1a: Chesnaught|move: Protect
|
|-heal|p2a: Incineroar|69/100|[from] item: Leftovers
|-damage|p2a: Incineroar|57/100|[from] Leech Seed|[of] p1a: Chesnaught
|upkeep
|turn|24
|
|t:|1769404761
|switch|p2a: Primarina|Primarina, F, shiny|100/100
|move|p1a: Chesnaught|Drain Punch|p2a: Primarina
|-resisted|p2a: Primarina
|-damage|p2a: Primarina|90/100
|
|-heal|p2a: Primarina|96/100|[from] item: Leftovers
|upkeep
|turn|25
|
|t:|1769404770
|move|p2a: Primarina|Moonblast|p1a: Chesnaught
|-supereffective|p1a: Chesnaught
|-damage|p1a: Chesnaught|0 fnt
|faint|p1a: Chesnaught
|
|-heal|p2a: Primarina|100/100|[from] item: Leftovers
|upkeep
|
|t:|1769404778
|switch|p1a: Hatterene|Hatterene, F, shiny|58/100
|-damage|p1a: Hatterene|45/100|[from] Stealth Rock
|turn|26
|
|t:|1769404793
|switch|p2a: Incineroar|Incineroar, M, shiny|57/100
|-ability|p2a: Incineroar|Intimidate|boost
|-unboost|p1a: Hatterene|atk|1
|move|p1a: Hatterene|Trick Room|p1a: Hatterene
|-fieldstart|move: Trick Room|[of] p1a: Hatterene
|
|-heal|p2a: Incineroar|63/100|[from] item: Leftovers
|upkeep
|turn|27
|
|t:|1769404805
|move|p1a: Hatterene|Dazzling Gleam|p2a: Incineroar
|-damage|p2a: Incineroar|22/100
|move|p2a: Incineroar|Flare Blitz|p1a: Hatterene
|-damage|p1a: Hatterene|0 fnt
|faint|p1a: Hatterene
|-damage|p2a: Incineroar|10/100|[from] Recoil
|
|-heal|p2a: Incineroar|16/100|[from] item: Leftovers
|upkeep
|
|t:|1769404815
|switch|p1a: Indeedee|Indeedee-F, F, shiny|90/100
|-damage|p1a: Indeedee|78/100|[from] Stealth Rock
|-fieldstart|move: Psychic Terrain|[from] ability: Psychic Surge|[of] p1a: Indeedee
|turn|28
|
|t:|1769404822
|switch|p2a: Kingambit|Kingambit, M|100/100
|-activate|p2a: Kingambit|ability: Supreme Overlord
|-start|p2a: Kingambit|fallen1|[silent]
|move|p1a: Indeedee|Dazzling Gleam|p2a: Kingambit
|-damage|p2a: Kingambit|82/100
|
|upkeep
|turn|29
|
|t:|1769404831
|move|p2a: Kingambit|Kowtow Cleave|p1a: Indeedee
|-supereffective|p1a: Indeedee
|-damage|p1a: Indeedee|0 fnt
|faint|p1a: Indeedee
|
|win|hkbkhjghc
|raw|nicolailos's rating: 1080 &rarr; <strong>1057</strong><br />(-23 for losing)
|raw|hkbkhjghc's rating: 1058 &rarr; <strong>1091</strong><br />(+33 for winning)
|l|☆hkbkhjghc
|player|p2|
|l|☆nicolailos
|player|p1|
