|j|☆ari5509
|j|☆topmanbladee
|t:|1769321957
|gametype|singles
|player|p1|ari5509|ingo|1664
|player|p2|topmanbladee|169|1734
|gen|9
|tier|[Gen 9] OU
|rated|
|rule|HP Percentage Mod: HP is shown in percentages
|rule|Endless Battle Clause: Forcing endless battles is banned
|rule|Species Clause: Limit one of each Pokémon
|rule|OHKO Clause: OHKO moves are banned
|rule|Evasion Items Clause: Evasion items are banned
|rule|Evasion Moves Clause: Evasion moves are banned
|rule|Evasion Abilities Clause: Evasion abilities are banned
|rule|Sleep Moves Clause: Sleep-inducing moves are banned
|clearpoke
|poke|p1|Dragapult, F|
|poke|p1|Alomomola, F|
|poke|p1|Ting-Lu|
|poke|p1|Kyurem|
|poke|p1|Weezing-Galar, F|
|poke|p1|Corviknight, F|
|poke|p2|Kyurem|
|poke|p2|Cinderace, M|
|poke|p2|Tornadus-Therian, M|
|poke|p2|Hatterene, F|
|poke|p2|Great Tusk|
|poke|p2|Kingambit, F|
|teampreview
|inactive|Battle timer is ON: inactive players will automatically lose when time's up. (requested by topmanbladee)
|inactive|ari5509 also wants the timer to be on.
|
|t:|1769321972
|teamsize|p1|6
|teamsize|p2|6
|start
|switch|p1a: Moody Blues|Dragapult, F|100/100
|switch|p2a: Kyurem|Kyurem|100/100
|-ability|p2a: Kyurem|Pressure
|turn|1
|
|t:|1769321986
|switch|p2a: Tornadus|Tornadus-Therian, M|100/100
|move|p1a: Moody Blues|U-turn|p2a: Tornadus
|-resisted|p2a: Tornadus
|-damage|p2a: Tornadus|78/100
|
|t:|1769321994
|switch|p1a: Weezing|Weezing-Galar, F|100/100|[from] U-turn
|-ability|p1a: Weezing|Neutralizing Gas
|
|upkeep
|turn|2
|
|t:|1769322005
|move|p2a: Tornadus|Bleakwind Storm|p1a: Weezing
|-damage|p1a: Weezing|50/100
|-unboost|p1a: Weezing|spe|1
|move|p1a: Weezing|Toxic|p2a: Tornadus
|-status|p2a: Tornadus|tox
|
|-heal|p1a: Weezing|56/100|[from] item: Leftovers
|-damage|p2a: Tornadus|72/100 tox|[from] psn
|upkeep
|turn|3
|
|t:|1769322013
|move|p1a: Weezing|Protect|p1a: Weezing
|-singleturn|p1a: Weezing|Protect
|move|p2a: Tornadus|Knock Off|p1a: Weezing
|-activate|p1a: Weezing|move: Protect
|
|-heal|p1a: Weezing|62/100|[from] item: Leftovers
|-damage|p2a: Tornadus|60/100 tox|[from] psn
|upkeep
|turn|4
|
|t:|1769322021
|-end|p1a: Weezing|ability: Neutralizing Gas
|switch|p1a: Corviknight|Corviknight, F|100/100
|-ability|p1a: Corviknight|Pressure
|move|p2a: Tornadus|Bleakwind Storm|p1a: Corviknight
|-resisted|p1a: Corviknight
|-damage|p1a: Corviknight|87/100
|
|-heal|p1a: Corviknight|93/100|[from] item: Leftovers
|-damage|p2a: Tornadus|42/100 tox|[from] psn
|upkeep
|turn|5
|
|t:|1769322026
|switch|p2a: Cinderace|Cinderace, M|100/100
|move|p1a: Corviknight|U-turn|p2a: Cinderace
|-resisted|p2a: Cinderace
|-damage|p2a: Cinderace|91/100
|
|t:|1769322032
|switch|p1a: Fogbound Lake|Alomomola, F|100/100|[from] U-turn
|
|upkeep
|turn|6
|
|t:|1769322036
|move|p2a: Cinderace|Gunk Shot|p1a: Fogbound Lake
|-start|p2a: Cinderace|typechange|Poison|[from] ability: Libero
|-damage|p1a: Fogbound Lake|72/100
|-status|p1a: Fogbound Lake|psn
|move|p1a: Fogbound Lake|Flip Turn|p2a: Cinderace
|-damage|p2a: Cinderace|66/100
|
|t:|1769322044
|switch|p1a: Moody Blues|Dragapult, F|100/100|[from] Flip Turn
|
|upkeep
|turn|7
|
|t:|1769322050
|switch|p2a: Tornadus|Tornadus-Therian, M|75/100 tox
|move|p1a: Moody Blues|Will-O-Wisp||[still]
|-fail|p1a: Moody Blues
|
|-damage|p2a: Tornadus|69/100 tox|[from] psn
|upkeep
|turn|8
|
|t:|1769322055
|switch|p1a: Corviknight|Corviknight, F|93/100
|-ability|p1a: Corviknight|Pressure
|move|p2a: Tornadus|U-turn|p1a: Corviknight
|-resisted|p1a: Corviknight
|-damage|p1a: Corviknight|90/100
|
|t:|1769322057
|switch|p2a: Cinderace|Cinderace, M|66/100|[from] U-turn
|
|-heal|p1a: Corviknight|97/100|[from] item: Leftovers
|upkeep
|turn|9
|
|t:|1769322064
|move|p2a: Cinderace|U-turn|p1a: Corviknight
|-start|p2a: Cinderace|typechange|Bug|[from] ability: Libero
|-resisted|p1a: Corviknight
|-damage|p1a: Corviknight|90/100
|
|t:|1769322067
|switch|p2a: Tornadus|Tornadus-Therian, M|100/100 tox|[from] U-turn
|move|p1a: Corviknight|Roost|p1a: Corviknight
|-heal|p1a: Corviknight|100/100
|-singleturn|p1a: Corviknight|move: Roost
|
|-damage|p2a: Tornadus|94/100 tox|[from] psn
|upkeep
|turn|10
|
|t:|1769322070
|move|p2a: Tornadus|Heat Wave|p1a: Corviknight|[miss]
|-miss|p2a: Tornadus|p1a: Corviknight
|move|p1a: Corviknight|U-turn|p2a: Tornadus
|-resisted|p2a: Tornadus
|-damage|p2a: Tornadus|86/100 tox
|
|t:|1769322074
|switch|p1a: Moody Blues|Dragapult, F|100/100|[from] U-turn
|
|-damage|p2a: Tornadus|73/100 tox|[from] psn
|upkeep
|turn|11
|
|t:|1769322077
|move|p1a: Moody Blues|U-turn|p2a: Tornadus
|-resisted|p2a: Tornadus
|-damage|p2a: Tornadus|52/100 tox
|
|t:|1769322080
|switch|p1a: Weezing|Weezing-Galar, F|62/100|[from] U-turn
|-ability|p1a: Weezing|Neutralizing Gas
|move|p2a: Tornadus|Knock Off|p1a: Weezing
|-resisted|p1a: Weezing
|-damage|p1a: Weezing|55/100
|-enditem|p1a: Weezing|Leftovers|[from] move: Knock Off|[of] p2a: Tornadus
|
|-damage|p2a: Tornadus|33/100 tox|[from] psn
|upkeep
|turn|12
|
|t:|1769322088
|switch|p2a: Kyurem|Kyurem|100/100
|move|p1a: Weezing|Protect||[still]
|-fail|p1a: Weezing
|
|upkeep
|turn|13
|
|t:|1769322100
|-end|p1a: Weezing|ability: Neutralizing Gas
|-ability|p2a: Kyurem|Pressure
|switch|p1a: Corviknight|Corviknight, F|100/100
|-ability|p1a: Corviknight|Pressure
|move|p2a: Kyurem|Freeze-Dry|p1a: Corviknight
|-damage|p1a: Corviknight|65/100
|
|-heal|p1a: Corviknight|71/100|[from] item: Leftovers
|upkeep
|turn|14
|
|t:|1769322106
|switch|p2a: Cinderace|Cinderace, M|66/100
|move|p1a: Corviknight|U-turn|p2a: Cinderace
|-resisted|p2a: Cinderace
|-damage|p2a: Cinderace|56/100
|
|t:|1769322109
|switch|p1a: Moody Blues|Dragapult, F|100/100|[from] U-turn
|
|upkeep
|turn|15
|
|t:|1769322115
|switch|p1a: Fogbound Lake|Alomomola, F|100/100 psn
|move|p2a: Cinderace|U-turn|p1a: Fogbound Lake
|-start|p2a: Cinderace|typechange|Bug|[from] ability: Libero
|-damage|p1a: Fogbound Lake|82/100 psn
|-damage|p2a: Cinderace|40/100|[from] item: Rocky Helmet|[of] p1a: Fogbound Lake
|
|t:|1769322118
|switch|p2a: Kyurem|Kyurem|100/100|[from] U-turn
|-ability|p2a: Kyurem|Pressure
|
|-damage|p1a: Fogbound Lake|70/100 psn|[from] psn
|upkeep
|turn|16
|
|t:|1769322122
|switch|p1a: Corviknight|Corviknight, F|71/100
|-ability|p1a: Corviknight|Pressure
|move|p2a: Kyurem|Freeze-Dry|p1a: Corviknight
|-damage|p1a: Corviknight|37/100
|
|-heal|p1a: Corviknight|43/100|[from] item: Leftovers
|upkeep
|turn|17
|
|t:|1769322127
|switch|p2a: Cinderace|Cinderace, M|40/100
|move|p1a: Corviknight|Roost|p1a: Corviknight
|-heal|p1a: Corviknight|93/100
|-singleturn|p1a: Corviknight|move: Roost
|
|-heal|p1a: Corviknight|99/100|[from] item: Leftovers
|upkeep
|turn|18
|
|t:|1769322131
|switch|p1a: Fogbound Lake|Alomomola, F|100/100 psn
|move|p2a: Cinderace|Pyro Ball|p1a: Fogbound Lake
|-resisted|p1a: Fogbound Lake
|-damage|p1a: Fogbound Lake|84/100 psn
|
|-damage|p1a: Fogbound Lake|72/100 psn|[from] psn
|upkeep
|turn|19
|
|t:|1769322135
|switch|p2a: Great Tusk|Great Tusk|100/100
|move|p1a: Fogbound Lake|Flip Turn|p2a: Great Tusk
|-supereffective|p2a: Great Tusk
|-damage|p2a: Great Tusk|81/100
|-damage|p1a: Fogbound Lake|55/100 psn|[from] item: Rocky Helmet|[of] p2a: Great Tusk
|
|t:|1769322139
|switch|p1a: Tiffany BlueStones|Kyurem, shiny|100/100|[from] Flip Turn
|-ability|p1a: Tiffany BlueStones|Pressure
|
|upkeep
|turn|20
|
|t:|1769322146
|-end|p2a: Great Tusk|Protosynthesis|[silent]
|switch|p2a: Kingambit|Kingambit, F|100/100
|move|p1a: Tiffany BlueStones|Substitute|p1a: Tiffany BlueStones
|-start|p1a: Tiffany BlueStones|Substitute
|-damage|p1a: Tiffany BlueStones|76/100
|
|-heal|p1a: Tiffany BlueStones|82/100|[from] item: Leftovers
|upkeep
|turn|21
|
|t:|1769322149
|move|p1a: Tiffany BlueStones|Earth Power|p2a: Kingambit
|-supereffective|p2a: Kingambit
|-damage|p2a: Kingambit|37/100
|move|p2a: Kingambit|Kowtow Cleave|p1a: Tiffany BlueStones
|-end|p1a: Tiffany BlueStones|Substitute
|
|-heal|p1a: Tiffany BlueStones|88/100|[from] item: Leftovers
|-heal|p2a: Kingambit|43/100|[from] item: Leftovers
|upkeep
|turn|22
|
|t:|1769322159
|-end|p2a: Kingambit|fallenundefined|[silent]
|switch|p2a: Hatterene|Hatterene, F|100/100
|move|p1a: Tiffany BlueStones|Earth Power|p2a: Hatterene
|-damage|p2a: Hatterene|66/100
|
|-heal|p1a: Tiffany BlueStones|94/100|[from] item: Leftovers
|-heal|p2a: Hatterene|72/100|[from] item: Leftovers
|upkeep
|turn|23
|
|t:|1769322164
|switch|p1a: Ting-Lu|Ting-Lu|100/100
|-ability|p1a: Ting-Lu|Vessel of Ruin
|move|p2a: Hatterene|Draining Kiss|p1a: Ting-Lu
|-supereffective|p1a: Ting-Lu
|-damage|p1a: Ting-Lu|80/100
|-heal|p2a: Hatterene|96/100|[from] drain|[of] p1a: Ting-Lu
|
|-heal|p1a: Ting-Lu|86/100|[from] item: Leftovers
|-heal|p2a: Hatterene|100/100|[from] item: Leftovers
|upkeep
|turn|24
|
|t:|1769322168
|switch|p2a: Tornadus|Tornadus-Therian, M|33/100 tox
|move|p1a: Ting-Lu|Ruination|p2a: Tornadus
|-damage|p2a: Tornadus|17/100 tox
|
|-heal|p1a: Ting-Lu|93/100|[from] item: Leftovers
|-damage|p2a: Tornadus|11/100 tox|[from] psn
|upkeep
|turn|25
|
|t:|1769322172
|switch|p1a: Weezing|Weezing-Galar, F|55/100
|-ability|p1a: Weezing|Neutralizing Gas
|move|p2a: Tornadus|U-turn|p1a: Weezing
|-resisted|p1a: Weezing
|-damage|p1a: Weezing|52/100
|
|t:|1769322178
|switch|p2a: Kyurem|Kyurem|100/100|[from] U-turn
|
|upkeep
|turn|26
|
|t:|1769322188
|-end|p1a: Weezing|ability: Neutralizing Gas
|-ability|p2a: Kyurem|Pressure
|switch|p1a: Corviknight|Corviknight, F|99/100
|-ability|p1a: Corviknight|Pressure
|move|p2a: Kyurem|Ice Beam|p1a: Corviknight
|-damage|p1a: Corviknight|50/100
|
|-heal|p1a: Corviknight|56/100|[from] item: Leftovers
|upkeep
|turn|27
|
|t:|1769322192
|move|p2a: Kyurem|Ice Beam|p1a: Corviknight
|-damage|p1a: Corviknight|5/100
|move|p1a: Corviknight|Roost|p1a: Corviknight
|-heal|p1a: Corviknight|55/100
|-singleturn|p1a: Corviknight|move: Roost
|
|-heal|p1a: Corviknight|61/100|[from] item: Leftovers
|upkeep
|turn|28
|
|t:|1769322195
|switch|p1a: Fogbound Lake|Alomomola, F|89/100 psn
|move|p2a: Kyurem|Ice Beam|p1a: Fogbound Lake
|-resisted|p1a: Fogbound Lake
|-damage|p1a: Fogbound Lake|47/100 psn
|
|-damage|p1a: Fogbound Lake|35/100 psn|[from] psn
|upkeep
|turn|29
|
|t:|1769322203
|switch|p1a: Ting-Lu|Ting-Lu|93/100
|-ability|p1a: Ting-Lu|Vessel of Ruin
|move|p2a: Kyurem|Ice Beam|p1a: Ting-Lu
|-supereffective|p1a: Ting-Lu
|-damage|p1a: Ting-Lu|35/100
|
|-heal|p1a: Ting-Lu|41/100|[from] item: Leftovers
|upkeep
|turn|30
|
|t:|1769322216
|move|p2a: Kyurem|Ice Beam|p1a: Ting-Lu
|-supereffective|p1a: Ting-Lu
|-damage|p1a: Ting-Lu|0 fnt
|faint|p1a: Ting-Lu
|
|upkeep
|
|t:|1769322217
|switch|p1a: Moody Blues|Dragapult, F|100/100
|turn|31
|
|t:|1769322223
|-terastallize|p2a: Kyurem|Fairy
|move|p1a: Moody Blues|U-turn|p2a: Kyurem
|-resisted|p2a: Kyurem
|-damage|p2a: Kyurem|83/100
|
|t:|1769322241
|switch|p1a: Corviknight|Corviknight, F|61/100|[from] U-turn
|-ability|p1a: Corviknight|Pressure
|move|p2a: Kyurem|Ice Beam|p1a: Corviknight
|-damage|p1a: Corviknight|11/100
|
|-heal|p1a: Corviknight|18/100|[from] item: Leftovers
|upkeep
|turn|32
|
|t:|1769322249
|switch|p1a: Fogbound Lake|Alomomola, F|68/100 psn
|move|p2a: Kyurem|Ice Beam|p1a: Fogbound Lake
|-resisted|p1a: Fogbound Lake
|-damage|p1a: Fogbound Lake|30/100 psn
|
|-damage|p1a: Fogbound Lake|17/100 psn|[from] psn
|upkeep
|turn|33
|
|t:|1769322251
|switch|p1a: Corviknight|Corviknight, F|18/100
|-ability|p1a: Corviknight|Pressure
|move|p2a: Kyurem|Ice Beam|p1a: Corviknight
|-damage|p1a: Corviknight|0 fnt
|faint|p1a: Corviknight
|
|upkeep
|
|t:|1769322258
|switch|p1a: Tiffany BlueStones|Kyurem, shiny|94/100
|-ability|p1a: Tiffany BlueStones|Pressure
|turn|34
|
|t:|1769322269
|-terastallize|p1a: Tiffany BlueStones|Steel
|move|p2a: Kyurem|Ice Beam|p1a: Tiffany BlueStones
|-resisted|p1a: Tiffany BlueStones
|-damage|p1a: Tiffany BlueStones|58/100
|move|p1a: Tiffany BlueStones|Substitute|p1a: Tiffany BlueStones
|-start|p1a: Tiffany BlueStones|Substitute
|-damage|p1a: Tiffany BlueStones|33/100
|
|-heal|p1a: Tiffany BlueStones|39/100|[from] item: Leftovers
|upkeep
|turn|35
|j| waldo is real
|
|t:|1769322277
|switch|p2a: Tornadus|Tornadus-Therian, M|11/100 tox
|move|p1a: Tiffany BlueStones|Freeze-Dry|p2a: Tornadus
|-supereffective|p2a: Tornadus
|-damage|p2a: Tornadus|0 fnt
|faint|p2a: Tornadus
|
|-heal|p1a: Tiffany BlueStones|46/100|[from] item: Leftovers
|upkeep
|
|t:|1769322281
|switch|p2a: Cinderace|Cinderace, M|40/100
|turn|36
|
|t:|1769322284
|move|p2a: Cinderace|Pyro Ball|p1a: Tiffany BlueStones
|-supereffective|p1a: Tiffany BlueStones
|-end|p1a: Tiffany BlueStones|Substitute
|move|p1a: Tiffany BlueStones|Dragon Tail|p2a: Cinderace
|-damage|p2a: Cinderace|7/100
|drag|p2a: Kingambit|Kingambit, F|43/100
|-activate|p2a: Kingambit|ability: Supreme Overlord
|-start|p2a: Kingambit|fallen1|[silent]
|
|-heal|p1a: Tiffany BlueStones|52/100|[from] item: Leftovers
|-heal|p2a: Kingambit|49/100|[from] item: Leftovers
|upkeep
|turn|37
|
|t:|1769322293
|move|p1a: Tiffany BlueStones|Substitute|p1a: Tiffany BlueStones
|-start|p1a: Tiffany BlueStones|Substitute
|-damage|p1a: Tiffany BlueStones|27/100
|move|p2a: Kingambit|Kowtow Cleave|p1a: Tiffany BlueStones
|-end|p1a: Tiffany BlueStones|Substitute
|
|-heal|p1a: Tiffany BlueStones|33/100|[from] item: Leftovers
|-heal|p2a: Kingambit|56/100|[from] item: Leftovers
|upkeep
|turn|38
|
|t:|1769322298
|move|p1a: Tiffany BlueStones|Earth Power|p2a: Kingambit
|-supereffective|p2a: Kingambit
|-damage|p2a: Kingambit|0 fnt
|faint|p2a: Kingambit
|-end|p2a: Kingambit|fallen1|[silent]
|
|-heal|p1a: Tiffany BlueStones|39/100|[from] item: Leftovers
|upkeep
|
|t:|1769322302
|switch|p2a: Cinderace|Cinderace, M|7/100
|turn|39
|
|t:|1769322308
|switch|p1a: Moody Blues|Dragapult, F|100/100
|move|p2a: Cinderace|Pyro Ball|p1a: Moody Blues
|-resisted|p1a: Moody Blues
|-damage|p1a: Moody Blues|61/100
|
|upkeep
|turn|40
|j| jsnsddk
|
|t:|1769322320
|switch|p1a: Fogbound Lake|Alomomola, F|50/100 psn
|move|p2a: Cinderace|Pyro Ball|p1a: Fogbound Lake
|-resisted|p1a: Fogbound Lake
|-damage|p1a: Fogbound Lake|35/100 psn
|
|-damage|p1a: Fogbound Lake|22/100 psn|[from] psn
|upkeep
|turn|41
|
|t:|1769322326
|switch|p1a: Moody Blues|Dragapult, F|61/100
|move|p2a: Cinderace|Gunk Shot|p1a: Moody Blues
|-start|p2a: Cinderace|typechange|Poison|[from] ability: Libero
|-resisted|p1a: Moody Blues
|-damage|p1a: Moody Blues|21/100
|
|upkeep
|turn|42
|
|t:|1769322332
|switch|p2a: Hatterene|Hatterene, F|100/100
|move|p1a: Moody Blues|U-turn|p2a: Hatterene
|-damage|p2a: Hatterene|73/100
|j| Shucklepilled
|
|t:|1769322337
|switch|p1a: Tiffany BlueStones|Kyurem, shiny, tera:Steel|39/100|[from] U-turn
|-ability|p1a: Tiffany BlueStones|Pressure
|
|-heal|p1a: Tiffany BlueStones|45/100|[from] item: Leftovers
|-heal|p2a: Hatterene|79/100|[from] item: Leftovers
|upkeep
|turn|43
|
|t:|1769322346
|switch|p1a: Fogbound Lake|Alomomola, F|56/100 psn
|move|p2a: Hatterene|Psychic Noise|p1a: Fogbound Lake
|-damage|p1a: Fogbound Lake|14/100 psn
|-start|p1a: Fogbound Lake|move: Heal Block
|
|-heal|p2a: Hatterene|85/100|[from] item: Leftovers
|-damage|p1a: Fogbound Lake|2/100 psn|[from] psn
|upkeep
|turn|44
|
|t:|1769322351
|switch|p1a: Weezing|Weezing-Galar, F|52/100
|-ability|p1a: Weezing|Neutralizing Gas
|move|p2a: Hatterene|Psychic Noise|p1a: Weezing
|-supereffective|p1a: Weezing
|-damage|p1a: Weezing|0 fnt
|faint|p1a: Weezing
|-end|p1a: Weezing|ability: Neutralizing Gas
|
|-heal|p2a: Hatterene|91/100|[from] item: Leftovers
|upkeep
|
|t:|1769322355
|switch|p1a: Moody Blues|Dragapult, F|21/100
|turn|45
|
|t:|1769322359
|switch|p2a: Cinderace|Cinderace, M|7/100
|move|p1a: Moody Blues|Tera Blast|p2a: Cinderace
|-damage|p2a: Cinderace|0 fnt
|faint|p2a: Cinderace
|
|upkeep
|j| 16yxy
|
|t:|1769322365
|switch|p2a: Kyurem|Kyurem, tera:Fairy|83/100
|-ability|p2a: Kyurem|Pressure
|turn|46
|
|t:|1769322368
|move|p1a: Moody Blues|Tera Blast|p2a: Kyurem
|-damage|p2a: Kyurem|68/100
|move|p2a: Kyurem|Earth Power|p1a: Moody Blues
|-crit|p1a: Moody Blues
|-damage|p1a: Moody Blues|0 fnt
|faint|p1a: Moody Blues
|
|upkeep
|
|t:|1769322377
|switch|p1a: Tiffany BlueStones|Kyurem, shiny, tera:Steel|45/100
|-ability|p1a: Tiffany BlueStones|Pressure
|turn|47
|
|t:|1769322379
|move|p1a: Tiffany BlueStones|Freeze-Dry|p2a: Kyurem
|-damage|p2a: Kyurem|31/100
|move|p2a: Kyurem|Earth Power|p1a: Tiffany BlueStones
|-supereffective|p1a: Tiffany BlueStones
|-damage|p1a: Tiffany BlueStones|0 fnt
|faint|p1a: Tiffany BlueStones
|
|upkeep
|
|t:|1769322382
|switch|p1a: Fogbound Lake|Alomomola, F|35/100 psn
|turn|48
|
|t:|1769322383
|move|p2a: Kyurem|Earth Power|p1a: Fogbound Lake
|-damage|p1a: Fogbound Lake|0 fnt
|faint|p1a: Fogbound Lake
|
|win|topmanbladee
|raw|ari5509's rating: 1664 &rarr; <strong>1648</strong><br />(-16 for losing)
|raw|topmanbladee's rating: 1734 &rarr; <strong>1750</strong><br />(+16 for winning)
|l|☆ari5509
|player|p1|
|l|☆topmanbladee
|player|p2|
|l| 16yxy
