|j|☆Land Sea Air
|j|☆Leriskato
|t:|1769336945
|gametype|singles
|player|p1|Land Sea Air|blue|1207
|player|p2|Leriskato|hoopster|1177
|gen|9
|tier|[Gen 9] OU
|rated|
|rule|HP Percentage Mod: HP is shown in percentages
|rule|Endless Battle Clause: Forcing endless battles is banned
|rule|Species Clause: Limit one of each Pokémon
|rule|OHKO Clause: OHKO moves are banned
|rule|Evasion Items Clause: Evasion items are banned
|rule|Evasion Moves Clause: Evasion moves are banned
|rule|Evasion Abilities Clause: Evasion abilities are banned
|rule|Sleep Moves Clause: Sleep-inducing moves are banned
|clearpoke
|poke|p1|Moltres-Galar|
|poke|p1|Gliscor, F|
|poke|p1|Volcanion|
|poke|p1|Forretress, M|
|poke|p1|Haxorus, M|
|poke|p1|Flygon, F|
|poke|p2|Minior|
|poke|p2|Gholdengo|
|poke|p2|Maushold|
|poke|p2|Ninetales-Alola, M|
|poke|p2|Kyurem|
|poke|p2|Glimmora, M|
|teampreview
|inactive|Battle timer is ON: inactive players will automatically lose when time's up. (requested by Land Sea Air)
|
|t:|1769336955
|teamsize|p1|6
|teamsize|p2|6
|start
|switch|p1a: Dai Funka|Volcanion|100/100
|switch|p2a: Ninetales|Ninetales-Alola, M|100/100
|-weather|Snowscape|[from] ability: Snow Warning|[of] p2a: Ninetales
|turn|1
|
|t:|1769336967
|move|p2a: Ninetales|Aurora Veil|p2a: Ninetales
|-sidestart|p2: Leriskato|move: Aurora Veil
|move|p1a: Dai Funka|Steam Eruption|p2a: Ninetales
|-damage|p2a: Ninetales|61/100
|-status|p2a: Ninetales|brn
|
|-weather|Snowscape|[upkeep]
|-damage|p2a: Ninetales|56/100 brn|[from] brn
|upkeep
|turn|2
|
|t:|1769336979
|move|p2a: Ninetales|Freeze-Dry|p1a: Dai Funka
|-damage|p1a: Dai Funka|74/100
|move|p1a: Dai Funka|Flamethrower|p2a: Ninetales
|-supereffective|p2a: Ninetales
|-damage|p2a: Ninetales|0 fnt
|faint|p2a: Ninetales
|
|-weather|Snowscape|[upkeep]
|upkeep
|
|t:|1769336982
|switch|p2a: Minior|Minior|100/100
|-formechange|p2a: Minior|Minior-Meteor||[from] ability: Shields Down
|turn|3
|
|t:|1769336990
|move|p2a: Minior|Shell Smash|p2a: Minior
|-unboost|p2a: Minior|def|1
|-unboost|p2a: Minior|spd|1
|-boost|p2a: Minior|atk|2
|-boost|p2a: Minior|spa|2
|-boost|p2a: Minior|spe|2
|-enditem|p2a: Minior|White Herb
|-clearnegativeboost|p2a: Minior|[silent]
|move|p1a: Dai Funka|Steam Eruption|p2a: Minior
|-supereffective|p2a: Minior
|-damage|p2a: Minior|23/100
|
|-weather|Snowscape|[upkeep]
|-formechange|p2a: Minior|Minior||[from] ability: Shields Down
|upkeep
|turn|4
|
|t:|1769337017
|-terastallize|p1a: Dai Funka|Fighting
|move|p2a: Minior|Rock Slide|p1a: Dai Funka
|-resisted|p1a: Dai Funka
|-damage|p1a: Dai Funka|46/100
|cant|p1a: Dai Funka|flinch
|
|-weather|Snowscape|[upkeep]
|upkeep
|turn|5
|
|t:|1769337025
|move|p2a: Minior|Acrobatics|p1a: Dai Funka
|-supereffective|p1a: Dai Funka
|-damage|p1a: Dai Funka|0 fnt
|faint|p1a: Dai Funka
|
|-weather|none
|upkeep
|
|t:|1769337031
|switch|p1a: Cao Ren|Forretress, M, shiny|100/100
|turn|6
|
|t:|1769337047
|move|p2a: Minior|Acrobatics|p1a: Cao Ren
|-damage|p1a: Cao Ren|41/100
|-damage|p2a: Minior|7/100|[from] item: Rocky Helmet|[of] p1a: Cao Ren
|move|p1a: Cao Ren|Thunder Wave|p2a: Minior
|-status|p2a: Minior|par
|
|upkeep
|turn|7
|
|t:|1769337057
|move|p2a: Minior|Acrobatics|p1a: Cao Ren
|-damage|p1a: Cao Ren|0 fnt
|-damage|p2a: Minior|0 fnt|[from] item: Rocky Helmet|[of] p1a: Cao Ren
|faint|p1a: Cao Ren
|faint|p2a: Minior
|
|upkeep
|
|t:|1769337065
|switch|p2a: Glimmora|Glimmora, M|100/100
|switch|p1a: Scornful Susie|Gliscor, F|100/100
|-item|p2a: Glimmora|Air Balloon
|turn|8
|
|t:|1769337071
|switch|p2a: Kyurem|Kyurem|100/100
|-ability|p2a: Kyurem|Pressure
|move|p1a: Scornful Susie|Earthquake|p2a: Kyurem
|-damage|p2a: Kyurem|82/100
|
|-sideend|p2: Leriskato|move: Aurora Veil
|-status|p1a: Scornful Susie|tox|[from] item: Toxic Orb
|upkeep
|turn|9
|inactive|Land Sea Air has 120 seconds left.
|
|t:|1769337103
|move|p1a: Scornful Susie|Knock Off|p2a: Kyurem
|-damage|p2a: Kyurem|54/100
|-enditem|p2a: Kyurem|Loaded Dice|[from] move: Knock Off|[of] p1a: Scornful Susie
|move|p2a: Kyurem|Dragon Dance|p2a: Kyurem
|-boost|p2a: Kyurem|atk|1
|-boost|p2a: Kyurem|spe|1
|
|upkeep
|turn|10
|inactive|Land Sea Air has 120 seconds left.
|
|t:|1769337123
|move|p2a: Kyurem|Icicle Spear|p1a: Scornful Susie
|-supereffective|p1a: Scornful Susie
|-damage|p1a: Scornful Susie|21/100 tox
|-supereffective|p1a: Scornful Susie
|-damage|p1a: Scornful Susie|0 fnt
|faint|p1a: Scornful Susie
|-hitcount|p1: Scornful Susie|2
|
|upkeep
|
|t:|1769337133
|switch|p1a: Avatar Kyoshi|Flygon, F, shiny|100/100
|turn|11
|
|t:|1769337149
|move|p1a: Avatar Kyoshi|Stone Edge|p2a: Kyurem
|-supereffective|p2a: Kyurem
|-damage|p2a: Kyurem|0 fnt
|faint|p2a: Kyurem
|
|upkeep
|
|t:|1769337154
|switch|p2a: Maushold|Maushold|100/100
|turn|12
|
|t:|1769337165
|move|p1a: Avatar Kyoshi|Stone Edge|p2a: Maushold|[miss]
|-miss|p1a: Avatar Kyoshi|p2a: Maushold
|move|p2a: Maushold|Tidy Up|p2a: Maushold
|-boost|p2a: Maushold|atk|1
|-boost|p2a: Maushold|spe|1
|
|upkeep
|turn|13
|
|t:|1769337176
|move|p2a: Maushold|Tidy Up|p2a: Maushold
|-boost|p2a: Maushold|atk|1
|-boost|p2a: Maushold|spe|1
|move|p1a: Avatar Kyoshi|Stone Edge|p2a: Maushold
|-damage|p2a: Maushold|46/100
|
|upkeep
|turn|14
|
|t:|1769337191
|move|p2a: Maushold|Population Bomb|p1a: Avatar Kyoshi
|-damage|p1a: Avatar Kyoshi|70/100
|-damage|p1a: Avatar Kyoshi|39/100
|-damage|p1a: Avatar Kyoshi|10/100
|-damage|p1a: Avatar Kyoshi|0 fnt
|faint|p1a: Avatar Kyoshi
|-hitcount|p1: Avatar Kyoshi|4
|
|upkeep
|
|t:|1769337202
|switch|p1a: Death-Rite Bird|Moltres-Galar|100/100
|turn|15
|
|t:|1769337212
|move|p2a: Maushold|Population Bomb|p1a: Death-Rite Bird
|-damage|p1a: Death-Rite Bird|74/100
|-crit|p1a: Death-Rite Bird
|-damage|p1a: Death-Rite Bird|34/100
|-damage|p1a: Death-Rite Bird|10/100
|-crit|p1a: Death-Rite Bird
|-damage|p1a: Death-Rite Bird|0 fnt
|faint|p1a: Death-Rite Bird
|-hitcount|p1: Death-Rite Bird|4
|
|upkeep
|-message|Land Sea Air forfeited.
|
|win|Leriskato
|raw|Land Sea Air's rating: 1207 &rarr; <strong>1180</strong><br />(-27 for losing)
|raw|Leriskato's rating: 1177 &rarr; <strong>1204</strong><br />(+27 for winning)
|l|☆Land Sea Air
|player|p1|
|l|☆Leriskato
|player|p2|
