|inactive|Battle timer is ON: inactive players will automatically lose when time's up.
|t:|1769363955
|gametype|singles
|player|p1|Capidaxter|red-gen1main|
|player|p2|pdt|#splxviibigs2|
|gen|9
|tier|[Gen 9] OU
|rule|HP Percentage Mod: HP is shown in percentages
|rule|Endless Battle Clause: Forcing endless battles is banned
|rule|Species Clause: Limit one of each Pokémon
|rule|OHKO Clause: OHKO moves are banned
|rule|Evasion Items Clause: Evasion items are banned
|rule|Evasion Moves Clause: Evasion moves are banned
|rule|Evasion Abilities Clause: Evasion abilities are banned
|rule|Sleep Moves Clause: Sleep-inducing moves are banned
|clearpoke
|poke|p1|Samurott-Hisui, F|
|poke|p1|Gholdengo|
|poke|p1|Landorus-Therian, M|
|poke|p1|Zamazenta-*|
|poke|p1|Slowking-Galar, M|
|poke|p1|Iron Valiant|
|poke|p2|Gholdengo|
|poke|p2|Slowking-Galar, M|
|poke|p2|Dragonite, F|
|poke|p2|Great Tusk|
|poke|p2|Ogerpon-Wellspring, F|
|poke|p2|Darkrai|
|teampreview
|c|☆pdt|hf
|c|☆Capidaxter|hf
|
|t:|1769363983
|teamsize|p1|6
|teamsize|p2|6
|start
|switch|p1a: QU'ON ME RELEVE|Zamazenta|100/100
|switch|p2a: Darkrai|Darkrai|100/100
|-ability|p1a: QU'ON ME RELEVE|Dauntless Shield|boost
|-boost|p1a: QU'ON ME RELEVE|def|1
|turn|1
|inactive|Capidaxter has 270 seconds left.
|
|t:|1769364017
|switch|p2a: Slowking|Slowking-Galar, M|100/100
|move|p1a: QU'ON ME RELEVE|Close Combat|p2a: Slowking
|-resisted|p2a: Slowking
|-damage|p2a: Slowking|85/100
|-unboost|p1a: QU'ON ME RELEVE|def|1
|-unboost|p1a: QU'ON ME RELEVE|spd|1
|-enditem|p2a: Slowking|Red Card|[of] p1a: QU'ON ME RELEVE
|drag|p1a: PRENDS UN CRAYON|Samurott-Hisui, F|100/100
|
|upkeep
|turn|2
|inactive|Capidaxter has 270 seconds left.
|c|+DonSalvatore|le bon tour
|c|+DonSalvatore|:miam!
|
|t:|1769364040
|switch|p2a: Dragonite|Dragonite, F|100/100
|move|p1a: PRENDS UN CRAYON|Ceaseless Edge|p2a: Dragonite
|-damage|p2a: Dragonite|80/100
|-sidestart|p2: pdt|Spikes
|
|upkeep
|turn|3
|
|t:|1769364054
|switch|p1a: TOURNE LA PAGE|Gholdengo|100/100
|-item|p1a: TOURNE LA PAGE|Air Balloon
|move|p2a: Dragonite|Roost|p2a: Dragonite
|-heal|p2a: Dragonite|100/100
|-singleturn|p2a: Dragonite|move: Roost
|
|upkeep
|turn|4
|
|t:|1769364065
|move|p1a: TOURNE LA PAGE|Thunder Wave|p2a: Dragonite
|-status|p2a: Dragonite|par
|move|p2a: Dragonite|Dragon Tail|p1a: TOURNE LA PAGE
|-resisted|p1a: TOURNE LA PAGE
|-damage|p1a: TOURNE LA PAGE|89/100
|-enditem|p1a: TOURNE LA PAGE|Air Balloon
|drag|p1a: AUCUNE TREVE|Slowking-Galar, M|100/100
|
|upkeep
|turn|5
|
|t:|1769364078
|switch|p1a: ECRIS MON NOM|Landorus-Therian, M|100/100
|-ability|p1a: ECRIS MON NOM|Intimidate|boost
|-unboost|p2a: Dragonite|atk|1
|move|p2a: Dragonite|Earthquake|p1a: ECRIS MON NOM
|-immune|p1a: ECRIS MON NOM
|
|upkeep
|turn|6
|
|t:|1769364088
|switch|p2a: Great Tusk|Great Tusk|100/100
|move|p1a: ECRIS MON NOM|Stealth Rock|p2a: Great Tusk
|-sidestart|p2: pdt|move: Stealth Rock
|
|upkeep
|turn|7
|inactive|Capidaxter has 270 seconds left.
|
|t:|1769364105
|move|p1a: ECRIS MON NOM|Earth Power|p2a: Great Tusk
|-damage|p2a: Great Tusk|59/100
|move|p2a: Great Tusk|Headlong Rush|p1a: ECRIS MON NOM
|-immune|p1a: ECRIS MON NOM
|
|upkeep
|turn|8
|
|t:|1769364126
|move|p1a: ECRIS MON NOM|Earth Power|p2a: Great Tusk
|-damage|p2a: Great Tusk|17/100
|move|p2a: Great Tusk|Rapid Spin|p1a: ECRIS MON NOM
|-damage|p1a: ECRIS MON NOM|85/100
|-boost|p2a: Great Tusk|spe|1
|-damage|p2a: Great Tusk|0 fnt|[from] item: Rocky Helmet|[of] p1a: ECRIS MON NOM
|faint|p2a: Great Tusk
|-end|p2a: Great Tusk|Protosynthesis|[silent]
|
|upkeep
|c|☆pdt|ngl im ass for that
|
|t:|1769364137
|switch|p2a: Ogerpon|Ogerpon-Wellspring, F|100/100
|-damage|p2a: Ogerpon|88/100|[from] Spikes
|-damage|p2a: Ogerpon|76/100|[from] Stealth Rock
|turn|9
|c|☆pdt|did the math wrong
|
|t:|1769364154
|switch|p1a: QU'ON ME RELEVE|Zamazenta|100/100
|move|p2a: Ogerpon|Ivy Cudgel|p1a: QU'ON ME RELEVE|[anim] Ivy Cudgel Water
|-damage|p1a: QU'ON ME RELEVE|53/100
|
|upkeep
|turn|10
|inactive|Capidaxter has 240 seconds left.
|
|t:|1769364180
|move|p1a: QU'ON ME RELEVE|Crunch|p2a: Ogerpon
|-damage|p2a: Ogerpon|48/100
|move|p2a: Ogerpon|Ivy Cudgel|p1a: QU'ON ME RELEVE|[anim] Ivy Cudgel Water
|-damage|p1a: QU'ON ME RELEVE|0 fnt
|faint|p1a: QU'ON ME RELEVE
|
|upkeep
|
|t:|1769364185
|switch|p1a: DECHAINE MA RAGE|Iron Valiant|100/100
|turn|11
|inactive|Capidaxter has 240 seconds left.
|
|t:|1769364210
|switch|p2a: Slowking|Slowking-Galar, M|100/100
|-damage|p2a: Slowking|88/100|[from] Spikes
|-damage|p2a: Slowking|76/100|[from] Stealth Rock
|move|p1a: DECHAINE MA RAGE|Close Combat|p2a: Slowking
|-resisted|p2a: Slowking
|-damage|p2a: Slowking|63/100
|-unboost|p1a: DECHAINE MA RAGE|def|1
|-unboost|p1a: DECHAINE MA RAGE|spd|1
|
|upkeep
|turn|12
|
|t:|1769364219
|-end|p1a: DECHAINE MA RAGE|Quark Drive|[silent]
|switch|p1a: PRENDS UN CRAYON|Samurott-Hisui, F|100/100
|-prepare|p2a: Slowking|Chilly Reception|[premajor]
|move|p2a: Slowking|Chilly Reception|p2a: Slowking
|-weather|Snowscape
|
|t:|1769364231
|switch|p2a: Darkrai|Darkrai|100/100|[from] Chilly Reception
|-damage|p2a: Darkrai|88/100|[from] Spikes
|-damage|p2a: Darkrai|76/100|[from] Stealth Rock
|
|-weather|Snowscape|[upkeep]
|-heal|p2a: Darkrai|82/100|[from] item: Leftovers
|upkeep
|turn|13
|inactive|Capidaxter has 240 seconds left.
|inactive|Capidaxter has 210 seconds left.
|
|t:|1769364273
|switch|p1a: AUCUNE TREVE|Slowking-Galar, M|100/100
|move|p2a: Darkrai|Will-O-Wisp|p1a: AUCUNE TREVE|[miss]
|-miss|p2a: Darkrai|p1a: AUCUNE TREVE
|
|-weather|Snowscape|[upkeep]
|-heal|p2a: Darkrai|88/100|[from] item: Leftovers
|upkeep
|turn|14
|inactive|Capidaxter has 210 seconds left.
|
|t:|1769364289
|move|p2a: Darkrai|Dark Pulse|p1a: AUCUNE TREVE
|-supereffective|p1a: AUCUNE TREVE
|-damage|p1a: AUCUNE TREVE|55/100
|move|p1a: AUCUNE TREVE|Thunder Wave|p2a: Darkrai
|-status|p2a: Darkrai|par
|
|-weather|Snowscape|[upkeep]
|-heal|p2a: Darkrai|94/100 par|[from] item: Leftovers
|upkeep
|turn|15
|inactive|Capidaxter has 210 seconds left.
|
|t:|1769364302
|switch|p1a: DECHAINE MA RAGE|Iron Valiant|100/100
|move|p2a: Darkrai|Dark Pulse|p1a: DECHAINE MA RAGE
|-resisted|p1a: DECHAINE MA RAGE
|-crit|p1a: DECHAINE MA RAGE
|-damage|p1a: DECHAINE MA RAGE|72/100
|
|-weather|Snowscape|[upkeep]
|-heal|p2a: Darkrai|100/100 par|[from] item: Leftovers
|upkeep
|turn|16
|inactive|Capidaxter has 210 seconds left.
|
|t:|1769364308
|-terastallize|p2a: Darkrai|Fairy
|move|p1a: DECHAINE MA RAGE|Moonblast|p2a: Darkrai
|-damage|p2a: Darkrai|44/100 par
|move|p2a: Darkrai|Tera Blast|p1a: DECHAINE MA RAGE|[anim] Tera Blast Fairy
|-supereffective|p1a: DECHAINE MA RAGE
|-damage|p1a: DECHAINE MA RAGE|0 fnt
|faint|p1a: DECHAINE MA RAGE
|-end|p1a: DECHAINE MA RAGE|Quark Drive|[silent]
|
|-weather|none
|-heal|p2a: Darkrai|50/100 par|[from] item: Leftovers
|upkeep
|inactive|Capidaxter has 210 seconds left.
|
|t:|1769364323
|switch|p1a: TOURNE LA PAGE|Gholdengo|89/100
|turn|17
|
|t:|1769364334
|switch|p2a: Slowking|Slowking-Galar, M|96/100
|-damage|p2a: Slowking|84/100|[from] Spikes
|-damage|p2a: Slowking|71/100|[from] Stealth Rock
|move|p1a: TOURNE LA PAGE|Make It Rain|p2a: Slowking
|-damage|p2a: Slowking|38/100
|-unboost|p1a: TOURNE LA PAGE|spa|1
|
|upkeep
|turn|18
|
|t:|1769364346
|move|p1a: TOURNE LA PAGE|Thunder Wave|p2a: Slowking
|-status|p2a: Slowking|par
|-prepare|p2a: Slowking|Chilly Reception|[premajor]
|move|p2a: Slowking|Chilly Reception|p2a: Slowking
|-weather|Snowscape
|
|t:|1769364351
|switch|p2a: Gholdengo|Gholdengo|100/100|[from] Chilly Reception
|-damage|p2a: Gholdengo|88/100|[from] Spikes
|-damage|p2a: Gholdengo|82/100|[from] Stealth Rock
|
|-weather|Snowscape|[upkeep]
|upkeep
|turn|19
|
|t:|1769364358
|switch|p1a: PRENDS UN CRAYON|Samurott-Hisui, F|100/100
|move|p2a: Gholdengo|Focus Blast|p1a: PRENDS UN CRAYON
|-supereffective|p1a: PRENDS UN CRAYON
|-damage|p1a: PRENDS UN CRAYON|0 fnt
|faint|p1a: PRENDS UN CRAYON
|
|-weather|Snowscape|[upkeep]
|upkeep
|inactive|Capidaxter has 210 seconds left.
|
|t:|1769364378
|switch|p1a: ECRIS MON NOM|Landorus-Therian, M|85/100
|-ability|p1a: ECRIS MON NOM|Intimidate|boost
|-unboost|p2a: Gholdengo|atk|1
|turn|20
|inactive|Capidaxter has 210 seconds left.
|
|t:|1769364389
|switch|p2a: Darkrai|Darkrai, tera:Fairy|50/100 par
|-damage|p2a: Darkrai|38/100 par|[from] Spikes
|-damage|p2a: Darkrai|25/100 par|[from] Stealth Rock
|move|p1a: ECRIS MON NOM|Weather Ball|p2a: Darkrai
|-damage|p2a: Darkrai|0 fnt
|faint|p2a: Darkrai
|
|-weather|Snowscape|[upkeep]
|upkeep
|
|t:|1769364396
|switch|p2a: Ogerpon|Ogerpon-Wellspring, F|48/100
|-damage|p2a: Ogerpon|36/100|[from] Spikes
|-damage|p2a: Ogerpon|23/100|[from] Stealth Rock
|turn|21
|
|t:|1769364404
|-terastallize|p1a: ECRIS MON NOM|Dragon
|move|p2a: Ogerpon|Ivy Cudgel|p1a: ECRIS MON NOM|[anim] Ivy Cudgel Water
|-resisted|p1a: ECRIS MON NOM
|-crit|p1a: ECRIS MON NOM
|-damage|p1a: ECRIS MON NOM|42/100
|move|p1a: ECRIS MON NOM|U-turn|p2a: Ogerpon
|-supereffective|p2a: Ogerpon
|-damage|p2a: Ogerpon|0 fnt
|faint|p2a: Ogerpon
|
|t:|1769364412
|switch|p1a: TOURNE LA PAGE|Gholdengo|89/100|[from] U-turn
|
|-weather|Snowscape|[upkeep]
|upkeep
|
|t:|1769364415
|switch|p2a: Gholdengo|Gholdengo|82/100
|-damage|p2a: Gholdengo|70/100|[from] Spikes
|-damage|p2a: Gholdengo|64/100|[from] Stealth Rock
|turn|22
|
|t:|1769364426
|move|p2a: Gholdengo|Shadow Ball|p1a: TOURNE LA PAGE
|-supereffective|p1a: TOURNE LA PAGE
|-damage|p1a: TOURNE LA PAGE|0 fnt
|faint|p1a: TOURNE LA PAGE
|
|-weather|none
|upkeep
|
|t:|1769364428
|switch|p1a: AUCUNE TREVE|Slowking-Galar, M|88/100
|turn|23
|
|t:|1769364437
|move|p2a: Gholdengo|Shadow Ball|p1a: AUCUNE TREVE
|-supereffective|p1a: AUCUNE TREVE
|-damage|p1a: AUCUNE TREVE|39/100
|-prepare|p1a: AUCUNE TREVE|Chilly Reception|[premajor]
|move|p1a: AUCUNE TREVE|Chilly Reception|p1a: AUCUNE TREVE
|-weather|Snowscape
|
|t:|1769364439
|switch|p1a: ECRIS MON NOM|Landorus-Therian, M, tera:Dragon|42/100|[from] Chilly Reception
|-ability|p1a: ECRIS MON NOM|Intimidate|boost
|-unboost|p2a: Gholdengo|atk|1
|
|-weather|Snowscape|[upkeep]
|upkeep
|turn|24
|
|t:|1769364442
|move|p2a: Gholdengo|Shadow Ball|p1a: ECRIS MON NOM
|-damage|p1a: ECRIS MON NOM|0 fnt
|faint|p1a: ECRIS MON NOM
|
|-weather|Snowscape|[upkeep]
|upkeep
|c|☆Capidaxter|gg
|c|☆pdt|gg
|-message|Capidaxter forfeited.
|
|win|pdt
