|j|☆Spartior1
|j|☆sinnerwinner
|t:|1769320488
|gametype|singles
|player|p1|Spartior1|1|1377
|player|p2|sinnerwinner|blackbelt|1363
|gen|9
|tier|[Gen 9] OU
|rated|
|rule|HP Percentage Mod: HP is shown in percentages
|rule|Endless Battle Clause: Forcing endless battles is banned
|rule|Species Clause: Limit one of each Pokémon
|rule|OHKO Clause: OHKO moves are banned
|rule|Evasion Items Clause: Evasion items are banned
|rule|Evasion Moves Clause: Evasion moves are banned
|rule|Evasion Abilities Clause: Evasion abilities are banned
|rule|Sleep Moves Clause: Sleep-inducing moves are banned
|clearpoke
|poke|p1|Indeedee, M|
|poke|p1|Hatterene, F|
|poke|p1|Ursaluna, M|
|poke|p1|Iron Hands|
|poke|p1|Hoopa-Unbound|
|poke|p1|Mimikyu, M|
|poke|p2|Great Tusk|
|poke|p2|Samurott-Hisui, F|
|poke|p2|Kyurem|
|poke|p2|Enamorus, F|
|poke|p2|Iron Crown|
|poke|p2|Raging Bolt|
|teampreview
|inactive|Battle timer is ON: inactive players will automatically lose when time's up. (requested by Spartior1)
|j| MassofAnus
|
|t:|1769320491
|teamsize|p1|6
|teamsize|p2|6
|start
|switch|p1a: Indeedee|Indeedee, M|100/100
|switch|p2a: Samurott|Samurott-Hisui, F|100/100
|-fieldstart|move: Psychic Terrain|[from] ability: Psychic Surge|[of] p1a: Indeedee
|turn|1
|
|t:|1769320494
|move|p2a: Samurott|Ceaseless Edge|p1a: Indeedee
|-supereffective|p1a: Indeedee
|-damage|p1a: Indeedee|0 fnt
|-sidestart|p1: Spartior1|Spikes
|faint|p1a: Indeedee
|
|upkeep
|
|t:|1769320503
|switch|p1a: Hoopa|Hoopa-Unbound|100/100
|-damage|p1a: Hoopa|88/100|[from] Spikes
|-enditem|p1a: Hoopa|Psychic Seed
|-boost|p1a: Hoopa|spd|1|[from] item: Psychic Seed
|turn|2
|
|t:|1769320508
|move|p2a: Samurott|Aqua Cutter|p1a: Hoopa
|-damage|p1a: Hoopa|28/100
|move|p1a: Hoopa|Trick Room|p1a: Hoopa
|-fieldstart|move: Trick Room|[of] p1a: Hoopa
|
|upkeep
|turn|3
|inactive|Spartior1 has 120 seconds left.
|
|t:|1769320538
|move|p2a: Samurott|Sucker Punch|p1a: Hoopa
|-activate|p1a: Hoopa|move: Psychic Terrain
|move|p1a: Hoopa|Focus Blast|p2a: Samurott|[miss]
|-miss|p1a: Hoopa|p2a: Samurott
|
|upkeep
|turn|4
|
|t:|1769320553
|move|p1a: Hoopa|Expanding Force|p2a: Samurott
|-immune|p2a: Samurott
|move|p2a: Samurott|Aqua Cutter|p1a: Hoopa
|-damage|p1a: Hoopa|0 fnt
|faint|p1a: Hoopa
|
|upkeep
|
|t:|1769320558
|switch|p1a: Hatterene|Hatterene, F|100/100
|-damage|p1a: Hatterene|88/100|[from] Spikes
|turn|5
|
|t:|1769320573
|-terastallize|p1a: Hatterene|Stellar
|move|p1a: Hatterene|Draining Kiss|p2a: Samurott
|-supereffective|p2a: Samurott
|-damage|p2a: Samurott|5/100
|-heal|p1a: Hatterene|100/100|[from] drain|[of] p2a: Samurott
|-damage|p1a: Hatterene|91/100|[from] item: Life Orb
|move|p2a: Samurott|Knock Off|p1a: Hatterene
|-damage|p1a: Hatterene|35/100
|-enditem|p1a: Hatterene|Life Orb|[from] move: Knock Off|[of] p2a: Samurott
|
|upkeep
|turn|6
|
|t:|1769320581
|move|p1a: Hatterene|Draining Kiss|p2a: Samurott
|-supereffective|p2a: Samurott
|-damage|p2a: Samurott|0 fnt
|-heal|p1a: Hatterene|38/100|[from] drain|[of] p2a: Samurott
|faint|p2a: Samurott
|
|-fieldend|move: Trick Room
|upkeep
|
|t:|1769320596
|switch|p2a: Enamorus|Enamorus, F|100/100
|turn|7
|
|t:|1769320600
|move|p2a: Enamorus|Moonblast|p1a: Hatterene
|-damage|p1a: Hatterene|0 fnt
|faint|p1a: Hatterene
|
|upkeep
|
|t:|1769320625
|switch|p1a: LEBRON|Iron Hands, shiny|100/100
|-damage|p1a: LEBRON|88/100|[from] Spikes
|-enditem|p1a: LEBRON|Booster Energy
|-activate|p1a: LEBRON|ability: Quark Drive|[fromitem]
|-start|p1a: LEBRON|quarkdriveatk
|turn|8
|
|t:|1769320628
|move|p2a: Enamorus|Moonblast|p1a: LEBRON
|-supereffective|p1a: LEBRON
|-damage|p1a: LEBRON|0 fnt
|faint|p1a: LEBRON
|-end|p1a: LEBRON|Quark Drive|[silent]
|
|-fieldend|move: Psychic Terrain
|upkeep
|-message|Spartior1 forfeited.
|
|win|sinnerwinner
|raw|Spartior1's rating: 1377 &rarr; <strong>1356</strong><br />(-21 for losing)
|raw|sinnerwinner's rating: 1363 &rarr; <strong>1384</strong><br />(+21 for winning)
|l|☆Spartior1
|player|p1|
|l|☆sinnerwinner
|player|p2|
|j| 304Collector
|l| 304Collector
