|j|☆thenscau
|j|☆luismito986
|t:|1769447318
|gametype|singles
|player|p1|thenscau|2|
|player|p2|luismito986|266|
|gen|9
|tier|[Gen 9] OU
|rule|HP Percentage Mod: HP is shown in percentages
|rule|Endless Battle Clause: Forcing endless battles is banned
|rule|Species Clause: Limit one of each Pokémon
|rule|OHKO Clause: OHKO moves are banned
|rule|Evasion Items Clause: Evasion items are banned
|rule|Evasion Moves Clause: Evasion moves are banned
|rule|Evasion Abilities Clause: Evasion abilities are banned
|rule|Sleep Moves Clause: Sleep-inducing moves are banned
|clearpoke
|poke|p1|Slowking-Galar, M|
|poke|p1|Kyurem|
|poke|p1|Samurott-Hisui, M|
|poke|p1|Skarmory, F|
|poke|p1|Meowscarada, M|
|poke|p1|Great Tusk|
|poke|p2|Clefable, M|
|poke|p2|Corviknight, M|
|poke|p2|Latios, M|
|poke|p2|Rillaboom, M|
|poke|p2|Crawdaunt, M|
|poke|p2|Sandy Shocks|
|teampreview
|inactive|Battle timer is ON: inactive players will automatically lose when time's up. (requested by thenscau)
|
|t:|1769447357
|teamsize|p1|6
|teamsize|p2|6
|start
|switch|p1a: Samurott|Samurott-Hisui, M|100/100
|switch|p2a: Rillaboom|Rillaboom, M, shiny|100/100
|-fieldstart|move: Grassy Terrain|[from] ability: Grassy Surge|[of] p2a: Rillaboom
|turn|1
|j| WinnerShu
|c| WinnerShu|Lets see it
|
|t:|1769447372
|switch|p1a: Skarmory|Skarmory, F|100/100
|move|p2a: Rillaboom|Knock Off|p1a: Skarmory
|-damage|p1a: Skarmory|71/100
|-damage|p2a: Rillaboom|84/100|[from] item: Rocky Helmet|[of] p1a: Skarmory
|-enditem|p1a: Skarmory|Rocky Helmet|[from] move: Knock Off|[of] p2a: Rillaboom
|
|-heal|p2a: Rillaboom|90/100|[from] Grassy Terrain
|upkeep
|turn|2
|
|t:|1769447390
|switch|p2a: Corviknight|Corviknight, M, shiny|100/100
|-ability|p2a: Corviknight|Pressure
|move|p1a: Skarmory|Iron Defense|p1a: Skarmory
|-boost|p1a: Skarmory|def|2
|
|upkeep
|turn|3
|c|☆thenscau|N deu pra arrumar
|c|☆thenscau|Aí fica paia
|
|t:|1769447405
|move|p1a: Skarmory|Iron Defense|p1a: Skarmory
|-boost|p1a: Skarmory|def|2
|move|p2a: Corviknight|Body Press|p1a: Skarmory
|-damage|p1a: Skarmory|65/100
|
|upkeep
|turn|4
|c| WinnerShu|normal
|
|t:|1769447421
|switch|p2a: Sandy Shocks|Sandy Shocks|100/100
|-enditem|p2a: Sandy Shocks|Booster Energy
|-activate|p2a: Sandy Shocks|ability: Protosynthesis|[fromitem]
|-start|p2a: Sandy Shocks|protosynthesisspa
|move|p1a: Skarmory|Iron Defense|p1a: Skarmory
|-boost|p1a: Skarmory|def|2
|
|upkeep
|turn|5
|c| WinnerShu|Torneio foi em cima da hora, não tinha como vc saber disso
|
|t:|1769447438
|switch|p1a: Great Tusk|Great Tusk|100/100
|move|p2a: Sandy Shocks|Thunderbolt|p1a: Great Tusk
|-immune|p1a: Great Tusk
|
|-fieldend|move: Grassy Terrain
|upkeep
|turn|6
|
|t:|1769447448
|move|p2a: Sandy Shocks|Earth Power|p1a: Great Tusk
|-damage|p1a: Great Tusk|12/100
|move|p1a: Great Tusk|Ice Spinner|p2a: Sandy Shocks
|-supereffective|p2a: Sandy Shocks
|-damage|p2a: Sandy Shocks|40/100
|
|-heal|p1a: Great Tusk|19/100|[from] item: Leftovers
|upkeep
|turn|7
|c| WinnerShu|Mas até a próxima batalha, tu deve ter tempo o suficiente pra se planejar
|c|☆thenscau|Molestado do cct
|c| WinnerShu|Isso se não for tudo hoje, de forma desogarnizada
|inactive|thenscau has 270 seconds left.
|
|t:|1769447485
|move|p2a: Sandy Shocks|Earth Power|p1a: Great Tusk
|-damage|p1a: Great Tusk|0 fnt
|faint|p1a: Great Tusk
|-end|p1a: Great Tusk|Protosynthesis|[silent]
|
|upkeep
|
|t:|1769447503
|switch|p1a: Meowscarada|Meowscarada, M|100/100
|turn|8
|
|t:|1769447539
|move|p1a: Meowscarada|Triple Axel|p2a: Sandy Shocks
|-start|p1a: Meowscarada|typechange|Ice|[from] ability: Protean
|-supereffective|p2a: Sandy Shocks
|-damage|p2a: Sandy Shocks|19/100
|-supereffective|p2a: Sandy Shocks
|-damage|p2a: Sandy Shocks|0 fnt
|faint|p2a: Sandy Shocks
|-end|p2a: Sandy Shocks|Protosynthesis|[silent]
|-hitcount|p2: Sandy Shocks|2
|
|upkeep
|inactive|luismito986 has 270 seconds left.
|
|t:|1769447558
|switch|p2a: Clefable|Clefable, M, shiny|100/100
|turn|9
|
|t:|1769447568
|switch|p1a: Slowking|Slowking-Galar, M|100/100
|move|p2a: Clefable|Cosmic Power|p2a: Clefable
|-boost|p2a: Clefable|def|1
|-boost|p2a: Clefable|spd|1
|
|upkeep
|turn|10
|
|t:|1769447579
|-terastallize|p2a: Clefable|Psychic
|move|p2a: Clefable|Cosmic Power|p2a: Clefable
|-boost|p2a: Clefable|def|1
|-boost|p2a: Clefable|spd|1
|move|p1a: Slowking|Sludge Bomb|p2a: Clefable
|-damage|p2a: Clefable|90/100
|
|-heal|p2a: Clefable|96/100|[from] item: Leftovers
|upkeep
|turn|11
|c|☆thenscau|Tnc
|inactive|thenscau has 240 seconds left.
|c|☆thenscau|Clefable cosmic Power é foda
|
|t:|1769447634
|move|p2a: Clefable|Flamethrower|p1a: Slowking
|-damage|p1a: Slowking|88/100
|-prepare|p1a: Slowking|Chilly Reception|[premajor]
|move|p1a: Slowking|Chilly Reception|p1a: Slowking
|-weather|Snowscape
|
|t:|1769447643
|switch|p1a: Samurott|Samurott-Hisui, M|100/100|[from] Chilly Reception
|
|-weather|Snowscape|[upkeep]
|-heal|p2a: Clefable|100/100|[from] item: Leftovers
|upkeep
|turn|12
|
|t:|1769447651
|move|p1a: Samurott|Knock Off|p2a: Clefable
|-supereffective|p2a: Clefable
|-damage|p2a: Clefable|50/100
|-enditem|p2a: Clefable|Leftovers|[from] move: Knock Off|[of] p1a: Samurott
|move|p2a: Clefable|Moonblast|p1a: Samurott
|-supereffective|p1a: Samurott
|-damage|p1a: Samurott|3/100
|-unboost|p1a: Samurott|spa|1
|
|-weather|Snowscape|[upkeep]
|upkeep
|turn|13
|
|t:|1769447661
|move|p1a: Samurott|Knock Off|p2a: Clefable
|-supereffective|p2a: Clefable
|-damage|p2a: Clefable|15/100
|move|p2a: Clefable|Moonblast|p1a: Samurott
|-supereffective|p1a: Samurott
|-damage|p1a: Samurott|0 fnt
|faint|p1a: Samurott
|
|-weather|Snowscape|[upkeep]
|upkeep
|
|t:|1769447669
|switch|p1a: Meowscarada|Meowscarada, M|100/100
|turn|14
|
|t:|1769447675
|move|p1a: Meowscarada|U-turn|p2a: Clefable
|-start|p1a: Meowscarada|typechange|Bug|[from] ability: Protean
|-supereffective|p2a: Clefable
|-damage|p2a: Clefable|0 fnt
|faint|p2a: Clefable
|
|t:|1769447681
|switch|p1a: Kyurem|Kyurem|100/100|[from] U-turn
|-ability|p1a: Kyurem|Pressure
|
|-weather|Snowscape|[upkeep]
|upkeep
|inactive|luismito986 has 270 seconds left.
|
|t:|1769447731
|switch|p2a: Crawdaunt|Crawdaunt, M, shiny|100/100
|turn|15
|
|t:|1769447742
|move|p1a: Kyurem|Freeze-Dry|p2a: Crawdaunt
|-supereffective|p2a: Crawdaunt
|-damage|p2a: Crawdaunt|0 fnt
|faint|p2a: Crawdaunt
|
|-weather|none
|upkeep
|inactive|luismito986 has 270 seconds left.
|
|t:|1769447766
|switch|p2a: Latios|Latios, M, shiny|100/100
|turn|16
|inactive|thenscau has 240 seconds left.
|
|t:|1769447771
|switch|p1a: Slowking|Slowking-Galar, M|100/100
|move|p2a: Latios|Draco Meteor|p1a: Slowking
|-damage|p1a: Slowking|56/100
|-unboost|p2a: Latios|spa|2
|
|upkeep
|turn|17
|inactive|luismito986 has 270 seconds left.
|inactive|thenscau has 240 seconds left.
|
|t:|1769447792
|switch|p2a: Corviknight|Corviknight, M, shiny|100/100
|-ability|p2a: Corviknight|Pressure
|-prepare|p1a: Slowking|Chilly Reception|[premajor]
|move|p1a: Slowking|Chilly Reception|p1a: Slowking
|-weather|Snowscape
|
|t:|1769447800
|switch|p1a: Kyurem|Kyurem|100/100|[from] Chilly Reception
|-ability|p1a: Kyurem|Pressure
|
|-weather|Snowscape|[upkeep]
|upkeep
|turn|18
|
|t:|1769447807
|move|p1a: Kyurem|Ice Beam|p2a: Corviknight
|-crit|p2a: Corviknight
|-damage|p2a: Corviknight|0 fnt
|faint|p2a: Corviknight
|
|-weather|Snowscape|[upkeep]
|upkeep
|
|t:|1769447814
|switch|p2a: Rillaboom|Rillaboom, M, shiny|90/100
|-fieldstart|move: Grassy Terrain|[from] ability: Grassy Surge|[of] p2a: Rillaboom
|turn|19
|
|t:|1769447821
|move|p2a: Rillaboom|Grassy Glide|p1a: Kyurem
|-resisted|p1a: Kyurem
|-damage|p1a: Kyurem|83/100
|move|p1a: Kyurem|Ice Beam|p2a: Rillaboom
|-supereffective|p2a: Rillaboom
|-damage|p2a: Rillaboom|0 fnt
|faint|p2a: Rillaboom
|
|-weather|Snowscape|[upkeep]
|-heal|p1a: Kyurem|89/100|[from] Grassy Terrain
|upkeep
|c|☆thenscau|Gg
|l| WinnerShu
|
|t:|1769447832
|switch|p2a: Latios|Latios, M, shiny|100/100
|turn|20
|
|t:|1769447836
|switch|p1a: Slowking|Slowking-Galar, M|90/100
|move|p2a: Latios|Draco Meteor|p1a: Slowking
|-damage|p1a: Slowking|46/100
|-unboost|p2a: Latios|spa|2
|
|-weather|Snowscape|[upkeep]
|-heal|p1a: Slowking|52/100|[from] Grassy Terrain
|upkeep
|turn|21
|inactive|thenscau has 270 seconds left.
|
|t:|1769447846
|move|p2a: Latios|Luster Purge|p1a: Slowking
|-damage|p1a: Slowking|33/100
|-unboost|p1a: Slowking|spd|1
|-prepare|p1a: Slowking|Chilly Reception|[premajor]
|move|p1a: Slowking|Chilly Reception|p1a: Slowking
|
|t:|1769447851
|switch|p1a: Kyurem|Kyurem|89/100|[from] Chilly Reception
|-ability|p1a: Kyurem|Pressure
|
|-weather|none
|-heal|p1a: Kyurem|95/100|[from] Grassy Terrain
|upkeep
|turn|22
|
|t:|1769447860
|move|p2a: Latios|Aura Sphere|p1a: Kyurem
|-supereffective|p1a: Kyurem
|-damage|p1a: Kyurem|69/100
|move|p1a: Kyurem|Ice Beam|p2a: Latios
|-supereffective|p2a: Latios
|-damage|p2a: Latios|0 fnt
|faint|p2a: Latios
|
|win|thenscau
