|j|☆bimonseyer
|j|☆AndreBenito
|t:|1769390000
|gametype|singles
|player|p1|bimonseyer|2|1421
|player|p2|AndreBenito|265|1378
|gen|9
|tier|[Gen 9] OU
|rated|
|rule|HP Percentage Mod: HP is shown in percentages
|rule|Endless Battle Clause: Forcing endless battles is banned
|rule|Species Clause: Limit one of each Pokémon
|rule|OHKO Clause: OHKO moves are banned
|rule|Evasion Items Clause: Evasion items are banned
|rule|Evasion Moves Clause: Evasion moves are banned
|rule|Evasion Abilities Clause: Evasion abilities are banned
|rule|Sleep Moves Clause: Sleep-inducing moves are banned
|clearpoke
|poke|p1|Metagross|
|poke|p1|Raging Bolt|
|poke|p1|Great Tusk|
|poke|p1|Primarina, M|
|poke|p1|Lokix, M|
|poke|p1|Ceruledge, M|
|poke|p2|Blissey, F|
|poke|p2|Hoopa-Unbound|
|poke|p2|Quagsire, F|
|poke|p2|Alomomola, F|
|poke|p2|Corviknight, M|
|poke|p2|Weezing-Galar, F|
|teampreview
|
|t:|1769390016
|teamsize|p1|6
|teamsize|p2|6
|start
|switch|p1a: Metagross|Metagross|100/100
|switch|p2a: NoFeet|Weezing-Galar, F|100/100
|-ability|p2a: NoFeet|Neutralizing Gas
|turn|1
|
|t:|1769390021
|move|p1a: Metagross|Agility|p1a: Metagross
|-boost|p1a: Metagross|spe|2
|move|p2a: NoFeet|Will-O-Wisp|p1a: Metagross
|-status|p1a: Metagross|brn
|
|-damage|p1a: Metagross|94/100 brn|[from] brn
|upkeep
|turn|2
|
|t:|1769390031
|move|p1a: Metagross|Iron Head|p2a: NoFeet
|-supereffective|p2a: NoFeet
|-damage|p2a: NoFeet|73/100
|cant|p2a: NoFeet|flinch
|
|-damage|p1a: Metagross|88/100 brn|[from] brn
|upkeep
|turn|3
|
|t:|1769390036
|-end|p2a: NoFeet|ability: Neutralizing Gas
|switch|p2a: HandsomeKing|Quagsire, F|100/100
|move|p1a: Metagross|Iron Head|p2a: HandsomeKing
|-resisted|p2a: HandsomeKing
|-damage|p2a: HandsomeKing|93/100
|
|-heal|p2a: HandsomeKing|99/100|[from] item: Leftovers
|-damage|p1a: Metagross|82/100 brn|[from] brn
|upkeep
|turn|4
|
|t:|1769390043
|switch|p1a: Primarina|Primarina, M|100/100
|move|p2a: HandsomeKing|Earthquake|p1a: Primarina
|-damage|p1a: Primarina|64/100
|
|-heal|p2a: HandsomeKing|100/100|[from] item: Leftovers
|upkeep
|turn|5
|
|t:|1769390049
|move|p1a: Primarina|Energy Ball|p2a: HandsomeKing
|-supereffective|p2a: HandsomeKing
|-damage|p2a: HandsomeKing|0 fnt
|faint|p2a: HandsomeKing
|
|upkeep
|
|t:|1769390062
|switch|p2a: PinkBlob|Blissey, F|100/100
|turn|6
|
|t:|1769390065
|switch|p1a: Metagross|Metagross|82/100 brn
|move|p2a: PinkBlob|Stealth Rock|p1a: Metagross
|-sidestart|p1: bimonseyer|move: Stealth Rock
|
|-damage|p1a: Metagross|76/100 brn|[from] brn
|upkeep
|turn|7
|
|t:|1769390070
|switch|p2a: BlobThatIsPink|Alomomola, F|100/100
|move|p1a: Metagross|Explosion|p2a: BlobThatIsPink
|-damage|p2a: BlobThatIsPink|74/100
|faint|p1a: Metagross
|
|upkeep
|
|t:|1769390072
|switch|p1a: Great Tusk|Great Tusk|100/100
|-damage|p1a: Great Tusk|98/100|[from] Stealth Rock
|-enditem|p1a: Great Tusk|Booster Energy
|-activate|p1a: Great Tusk|ability: Protosynthesis|[fromitem]
|-start|p1a: Great Tusk|protosynthesisspe
|turn|8
|
|t:|1769390083
|move|p1a: Great Tusk|Knock Off|p2a: BlobThatIsPink
|-damage|p2a: BlobThatIsPink|56/100
|-damage|p1a: Great Tusk|81/100|[from] item: Rocky Helmet|[of] p2a: BlobThatIsPink
|-enditem|p2a: BlobThatIsPink|Rocky Helmet|[from] move: Knock Off|[of] p1a: Great Tusk
|move|p2a: BlobThatIsPink|Flip Turn|p1a: Great Tusk
|-supereffective|p1a: Great Tusk
|-damage|p1a: Great Tusk|60/100
|
|t:|1769390086
|switch|p2a: PinkestBlob|Hoopa-Unbound|100/100|[from] Flip Turn
|
|upkeep
|turn|9
|
|t:|1769390093
|move|p1a: Great Tusk|Rapid Spin|p2a: PinkestBlob
|-damage|p2a: PinkestBlob|83/100
|-boost|p1a: Great Tusk|spe|1
|-sideend|p1: bimonseyer|Stealth Rock|[from] move: Rapid Spin|[of] p1a: Great Tusk
|move|p2a: PinkestBlob|Psychic Noise|p1a: Great Tusk
|-supereffective|p1a: Great Tusk
|-damage|p1a: Great Tusk|0 fnt
|faint|p1a: Great Tusk
|-end|p1a: Great Tusk|Protosynthesis|[silent]
|
|upkeep
|
|t:|1769390096
|switch|p1a: Lokix|Lokix, M|100/100
|turn|10
|
|t:|1769390100
|switch|p2a: Corv|Corviknight, M|100/100
|-ability|p2a: Corv|Pressure
|move|p1a: Lokix|U-turn|p2a: Corv
|-resisted|p2a: Corv
|-damage|p2a: Corv|87/100
|-damage|p1a: Lokix|91/100|[from] item: Life Orb
|
|t:|1769390103
|switch|p1a: Raging Bolt|Raging Bolt|100/100|[from] U-turn
|-enditem|p1a: Raging Bolt|Booster Energy
|-activate|p1a: Raging Bolt|ability: Protosynthesis|[fromitem]
|-start|p1a: Raging Bolt|protosynthesisspa
|
|-heal|p2a: Corv|94/100|[from] item: Leftovers
|upkeep
|turn|11
|
|t:|1769390107
|switch|p2a: PinkBlob|Blissey, F|100/100
|move|p1a: Raging Bolt|Thunderbolt|p2a: PinkBlob
|-damage|p2a: PinkBlob|81/100
|
|-heal|p2a: PinkBlob|87/100|[from] item: Leftovers
|upkeep
|turn|12
|
|t:|1769390112
|-end|p1a: Raging Bolt|Protosynthesis|[silent]
|switch|p1a: Lokix|Lokix, M|91/100
|move|p2a: PinkBlob|Stealth Rock|p1a: Lokix
|-sidestart|p1: bimonseyer|move: Stealth Rock
|
|-heal|p2a: PinkBlob|93/100|[from] item: Leftovers
|upkeep
|turn|13
|
|t:|1769390115
|switch|p2a: Corv|Corviknight, M|94/100
|-ability|p2a: Corv|Pressure
|move|p1a: Lokix|Knock Off|p2a: Corv
|-damage|p2a: Corv|58/100
|-enditem|p2a: Corv|Leftovers|[from] move: Knock Off|[of] p1a: Lokix
|-damage|p1a: Lokix|81/100|[from] item: Life Orb
|
|upkeep
|turn|14
|
|t:|1769390126
|move|p1a: Lokix|U-turn|p2a: Corv
|-resisted|p2a: Corv
|-damage|p2a: Corv|45/100
|-damage|p1a: Lokix|71/100|[from] item: Life Orb
|
|t:|1769390128
|switch|p1a: Ceruledge|Ceruledge, M|100/100|[from] U-turn
|-damage|p1a: Ceruledge|76/100|[from] Stealth Rock
|move|p2a: Corv|Iron Defense|p2a: Corv
|-boost|p2a: Corv|def|2
|
|upkeep
|turn|15
|
|t:|1769390151
|switch|p2a: BlobThatIsPink|Alomomola, F|90/100
|move|p1a: Ceruledge|Swords Dance|p1a: Ceruledge
|-boost|p1a: Ceruledge|atk|2
|
|upkeep
|turn|16
|
|t:|1769390155
|move|p1a: Ceruledge|Bitter Blade|p2a: BlobThatIsPink
|-resisted|p2a: BlobThatIsPink
|-damage|p2a: BlobThatIsPink|61/100
|-heal|p1a: Ceruledge|99/100|[from] drain|[of] p2a: BlobThatIsPink
|move|p2a: BlobThatIsPink|Flip Turn|p1a: Ceruledge
|-supereffective|p1a: Ceruledge
|-crit|p1a: Ceruledge
|-damage|p1a: Ceruledge|33/100
|-ability|p1a: Ceruledge|Weak Armor|boost
|-unboost|p1a: Ceruledge|def|1
|-boost|p1a: Ceruledge|spe|2
|
|t:|1769390164
|switch|p2a: NoFeet|Weezing-Galar, F|73/100|[from] Flip Turn
|-ability|p2a: NoFeet|Neutralizing Gas
|
|upkeep
|turn|17
|
|t:|1769390169
|move|p1a: Ceruledge|Bitter Blade|p2a: NoFeet
|-damage|p2a: NoFeet|15/100
|-heal|p1a: Ceruledge|66/100|[from] drain|[of] p2a: NoFeet
|move|p2a: NoFeet|Strange Steam|p1a: Ceruledge
|-resisted|p1a: Ceruledge
|-damage|p1a: Ceruledge|50/100
|-start|p1a: Ceruledge|confusion
|
|upkeep
|turn|18
|
|t:|1769390187
|-end|p2a: NoFeet|ability: Neutralizing Gas
|switch|p2a: BlobThatIsPink|Alomomola, F|94/100
|-activate|p1a: Ceruledge|confusion
|-damage|p1a: Ceruledge|0 fnt|[from] confusion
|faint|p1a: Ceruledge
|
|upkeep
|
|t:|1769390193
|switch|p1a: Raging Bolt|Raging Bolt|100/100
|-damage|p1a: Raging Bolt|88/100|[from] Stealth Rock
|turn|19
|
|t:|1769390197
|-end|p1a: Raging Bolt|Protosynthesis|[silent]
|switch|p1a: Lokix|Lokix, M|71/100
|-damage|p1a: Lokix|46/100|[from] Stealth Rock
|switch|p2a: PinkBlob|Blissey, F|93/100
|
|-heal|p2a: PinkBlob|99/100|[from] item: Leftovers
|upkeep
|turn|20
|
|t:|1769390203
|switch|p2a: Corv|Corviknight, M|45/100
|-ability|p2a: Corv|Pressure
|move|p1a: Lokix|U-turn|p2a: Corv
|-resisted|p2a: Corv
|-damage|p2a: Corv|32/100
|-damage|p1a: Lokix|36/100|[from] item: Life Orb
|
|t:|1769390205
|switch|p1a: Raging Bolt|Raging Bolt|88/100|[from] U-turn
|-damage|p1a: Raging Bolt|76/100|[from] Stealth Rock
|
|upkeep
|turn|21
|
|t:|1769390211
|switch|p2a: PinkBlob|Blissey, F|99/100
|move|p1a: Raging Bolt|Thunderbolt|p2a: PinkBlob
|-damage|p2a: PinkBlob|84/100
|
|-heal|p2a: PinkBlob|90/100|[from] item: Leftovers
|upkeep
|turn|22
|
|t:|1769390218
|move|p1a: Raging Bolt|Thunderbolt|p2a: PinkBlob
|-damage|p2a: PinkBlob|77/100
|-status|p2a: PinkBlob|par
|cant|p2a: PinkBlob|par
|
|-heal|p2a: PinkBlob|83/100 par|[from] item: Leftovers
|upkeep
|turn|23
|
|t:|1769390221
|-end|p1a: Raging Bolt|Protosynthesis|[silent]
|switch|p1a: Lokix|Lokix, M|36/100
|-damage|p1a: Lokix|11/100|[from] Stealth Rock
|move|p2a: PinkBlob|Calm Mind|p2a: PinkBlob
|-boost|p2a: PinkBlob|spa|1
|-boost|p2a: PinkBlob|spd|1
|
|-heal|p2a: PinkBlob|89/100 par|[from] item: Leftovers
|upkeep
|turn|24
|
|t:|1769390229
|-curestatus|p2a: PinkBlob|par|[from] ability: Natural Cure
|switch|p2a: BlobThatIsPink|Alomomola, F|100/100
|move|p1a: Lokix|Axe Kick|p2a: BlobThatIsPink|[miss]
|-miss|p1a: Lokix|p2a: BlobThatIsPink
|-damage|p1a: Lokix|0 fnt|[from] highjumpkick
|faint|p1a: Lokix
|
|upkeep
|
|t:|1769390232
|switch|p1a: Raging Bolt|Raging Bolt|76/100
|-damage|p1a: Raging Bolt|64/100|[from] Stealth Rock
|turn|25
|
|t:|1769390235
|switch|p2a: PinkBlob|Blissey, F|89/100
|move|p1a: Raging Bolt|Thunderbolt|p2a: PinkBlob
|-damage|p2a: PinkBlob|73/100
|
|-heal|p2a: PinkBlob|79/100|[from] item: Leftovers
|upkeep
|turn|26
|-message|bimonseyer forfeited.
|
|win|AndreBenito
|raw|bimonseyer's rating: 1421 &rarr; <strong>1399</strong><br />(-22 for losing)
|raw|AndreBenito's rating: 1378 &rarr; <strong>1400</strong><br />(+22 for winning)
|l|☆bimonseyer
|player|p1|
|l|☆AndreBenito
|player|p2|
