|j|☆3BlazeBlaziken
|j|☆seakingmissile
|t:|1769293480
|gametype|singles
|player|p1|3BlazeBlaziken|pokemonranger-gen4|1373
|player|p2|seakingmissile|backpacker|1424
|gen|9
|tier|[Gen 9] OU
|rated|
|rule|HP Percentage Mod: HP is shown in percentages
|rule|Endless Battle Clause: Forcing endless battles is banned
|rule|Species Clause: Limit one of each Pokémon
|rule|OHKO Clause: OHKO moves are banned
|rule|Evasion Items Clause: Evasion items are banned
|rule|Evasion Moves Clause: Evasion moves are banned
|rule|Evasion Abilities Clause: Evasion abilities are banned
|rule|Sleep Moves Clause: Sleep-inducing moves are banned
|clearpoke
|poke|p1|Great Tusk|
|poke|p1|Walking Wake|
|poke|p1|Kingambit, F|
|poke|p1|Venusaur, F|
|poke|p1|Ninetales, M|
|poke|p1|Raging Bolt|
|poke|p2|Scrafty, F|
|poke|p2|Gholdengo|
|poke|p2|Slowking-Galar, F|
|poke|p2|Iron Treads|
|poke|p2|Tornadus-Therian, M|
|poke|p2|Ogerpon-Wellspring, F|
|teampreview
|c|☆seakingmissile|glhf
|c|☆3BlazeBlaziken|u2
|
|t:|1769293492
|teamsize|p1|6
|teamsize|p2|6
|start
|switch|p1a: Ninetales|Ninetales, M|100/100
|switch|p2a: INSOMNIA|Scrafty, F|100/100
|-weather|SunnyDay|[from] ability: Drought|[of] p1a: Ninetales
|turn|1
|
|t:|1769293516
|switch|p1a: Great Tusk|Great Tusk|100/100
|-activate|p1a: Great Tusk|ability: Protosynthesis
|-start|p1a: Great Tusk|protosynthesisatk
|move|p2a: INSOMNIA|Knock Off|p1a: Great Tusk
|-resisted|p1a: Great Tusk
|-damage|p1a: Great Tusk|90/100
|-enditem|p1a: Great Tusk|Assault Vest|[from] move: Knock Off|[of] p2a: INSOMNIA
|
|-weather|SunnyDay|[upkeep]
|upkeep
|turn|2
|
|t:|1769293525
|switch|p2a: MAYDAY|Tornadus-Therian, M|100/100
|move|p1a: Great Tusk|Close Combat|p2a: MAYDAY
|-resisted|p2a: MAYDAY
|-damage|p2a: MAYDAY|44/100
|-unboost|p1a: Great Tusk|def|1
|-unboost|p1a: Great Tusk|spd|1
|
|-weather|SunnyDay|[upkeep]
|upkeep
|turn|3
|
|t:|1769293533
|-end|p1a: Great Tusk|Protosynthesis|[silent]
|switch|p1a: Raging Bolt|Raging Bolt|100/100
|-item|p1a: Raging Bolt|Air Balloon
|-activate|p1a: Raging Bolt|ability: Protosynthesis
|-start|p1a: Raging Bolt|protosynthesisspa
|move|p2a: MAYDAY|Bleakwind Storm|p1a: Raging Bolt|[miss]
|-miss|p2a: MAYDAY|p1a: Raging Bolt
|
|-weather|SunnyDay|[upkeep]
|upkeep
|turn|4
|
|t:|1769293544
|switch|p2a: ENVY|Slowking-Galar, F|100/100
|move|p1a: Raging Bolt|Calm Mind|p1a: Raging Bolt
|-boost|p1a: Raging Bolt|spa|1
|-boost|p1a: Raging Bolt|spd|1
|
|-weather|SunnyDay|[upkeep]
|upkeep
|turn|5
|
|t:|1769293555
|move|p1a: Raging Bolt|Thunderbolt|p2a: ENVY
|-damage|p2a: ENVY|41/100
|move|p2a: ENVY|Sludge Bomb|p1a: Raging Bolt
|-damage|p1a: Raging Bolt|81/100
|-enditem|p1a: Raging Bolt|Air Balloon
|
|-weather|SunnyDay|[upkeep]
|upkeep
|turn|6
|
|t:|1769293562
|switch|p2a: OPTIMIZE|Iron Treads|100/100
|move|p1a: Raging Bolt|Thunderbolt|p2a: OPTIMIZE
|-immune|p2a: OPTIMIZE
|
|-weather|SunnyDay|[upkeep]
|upkeep
|turn|7
|
|t:|1769293576
|-end|p1a: Raging Bolt|Protosynthesis|[silent]
|switch|p1a: Walking Wake|Walking Wake|100/100
|-activate|p1a: Walking Wake|ability: Protosynthesis
|-start|p1a: Walking Wake|protosynthesisspe
|move|p2a: OPTIMIZE|Stealth Rock|p1a: Walking Wake
|-sidestart|p1: 3BlazeBlaziken|move: Stealth Rock
|
|-weather|SunnyDay|[upkeep]
|upkeep
|turn|8
|
|t:|1769293583
|-end|p2a: OPTIMIZE|Quark Drive|[silent]
|switch|p2a: ENVY|Slowking-Galar, F|74/100
|move|p1a: Walking Wake|Hydro Steam|p2a: ENVY
|-damage|p2a: ENVY|33/100
|
|-weather|none
|-end|p1a: Walking Wake|Protosynthesis
|upkeep
|turn|9
|
|t:|1769293593
|move|p1a: Walking Wake|Draco Meteor|p2a: ENVY
|-damage|p2a: ENVY|0 fnt
|-unboost|p1a: Walking Wake|spa|2
|faint|p2a: ENVY
|
|upkeep
|
|t:|1769293597
|switch|p2a: INSOMNIA|Scrafty, F|100/100
|turn|10
|
|t:|1769293599
|-end|p1a: Walking Wake|Protosynthesis|[silent]
|switch|p1a: Ninetales|Ninetales, M|100/100
|-damage|p1a: Ninetales|76/100|[from] Stealth Rock
|-weather|SunnyDay|[from] ability: Drought|[of] p1a: Ninetales
|move|p2a: INSOMNIA|Bulk Up|p2a: INSOMNIA
|-boost|p2a: INSOMNIA|atk|1
|-boost|p2a: INSOMNIA|def|1
|
|-weather|SunnyDay|[upkeep]
|upkeep
|turn|11
|
|t:|1769293603
|move|p1a: Ninetales|Encore|p2a: INSOMNIA
|-start|p2a: INSOMNIA|Encore
|move|p2a: INSOMNIA|Bulk Up|p2a: INSOMNIA
|-boost|p2a: INSOMNIA|atk|1
|-boost|p2a: INSOMNIA|def|1
|
|-weather|SunnyDay|[upkeep]
|upkeep
|turn|12
|
|t:|1769293612
|move|p1a: Ninetales|Weather Ball|p2a: INSOMNIA
|-damage|p2a: INSOMNIA|73/100
|move|p2a: INSOMNIA|Bulk Up|p2a: INSOMNIA
|-boost|p2a: INSOMNIA|atk|1
|-boost|p2a: INSOMNIA|def|1
|
|-weather|SunnyDay|[upkeep]
|-heal|p2a: INSOMNIA|79/100|[from] item: Leftovers
|upkeep
|turn|13
|
|t:|1769293617
|move|p1a: Ninetales|Weather Ball|p2a: INSOMNIA
|-damage|p2a: INSOMNIA|48/100
|move|p2a: INSOMNIA|Bulk Up|p2a: INSOMNIA
|-boost|p2a: INSOMNIA|atk|1
|-boost|p2a: INSOMNIA|def|1
|
|-weather|SunnyDay|[upkeep]
|-heal|p2a: INSOMNIA|54/100|[from] item: Leftovers
|-end|p2a: INSOMNIA|Encore
|upkeep
|turn|14
|
|t:|1769293622
|switch|p2a: DIVINE|Ogerpon-Wellspring, F|100/100
|move|p1a: Ninetales|Encore||[still]
|-fail|p1a: Ninetales
|
|-weather|SunnyDay|[upkeep]
|upkeep
|turn|15
|
|t:|1769293628
|switch|p1a: Venusaur|Venusaur, F|100/100
|-damage|p1a: Venusaur|88/100|[from] Stealth Rock
|move|p2a: DIVINE|Spikes|p1a: Venusaur
|-sidestart|p1: 3BlazeBlaziken|Spikes
|
|-weather|SunnyDay|[upkeep]
|upkeep
|turn|16
|
|t:|1769293634
|move|p1a: Venusaur|Growth|p1a: Venusaur
|-boost|p1a: Venusaur|atk|2
|-boost|p1a: Venusaur|spa|2
|move|p2a: DIVINE|Encore|p1a: Venusaur
|-start|p1a: Venusaur|Encore
|
|-weather|SunnyDay|[upkeep]
|upkeep
|turn|17
|
|t:|1769293640
|switch|p1a: Raging Bolt|Raging Bolt|81/100
|-damage|p1a: Raging Bolt|68/100|[from] Stealth Rock
|-damage|p1a: Raging Bolt|56/100|[from] Spikes
|-activate|p1a: Raging Bolt|ability: Protosynthesis
|-start|p1a: Raging Bolt|protosynthesisspa
|switch|p2a: MAYDAY|Tornadus-Therian, M|77/100
|
|-weather|none
|-end|p1a: Raging Bolt|Protosynthesis
|upkeep
|turn|18
|
|t:|1769293648
|switch|p2a: OPTIMIZE|Iron Treads|100/100
|move|p1a: Raging Bolt|Thunderclap||[still]
|-fail|p1a: Raging Bolt
|
|upkeep
|turn|19
|
|t:|1769293653
|-end|p1a: Raging Bolt|Protosynthesis|[silent]
|switch|p1a: Great Tusk|Great Tusk|90/100
|-damage|p1a: Great Tusk|87/100|[from] Stealth Rock
|-damage|p1a: Great Tusk|75/100|[from] Spikes
|move|p2a: OPTIMIZE|Earthquake|p1a: Great Tusk
|-crit|p1a: Great Tusk
|-damage|p1a: Great Tusk|29/100
|
|upkeep
|turn|20
|
|t:|1769293661
|move|p2a: OPTIMIZE|Earthquake|p1a: Great Tusk
|-crit|p1a: Great Tusk
|-damage|p1a: Great Tusk|0 fnt
|faint|p1a: Great Tusk
|-end|p1a: Great Tusk|Protosynthesis|[silent]
|
|upkeep
|
|t:|1769293666
|switch|p1a: Ninetales|Ninetales, M|76/100
|-damage|p1a: Ninetales|51/100|[from] Stealth Rock
|-damage|p1a: Ninetales|38/100|[from] Spikes
|-weather|SunnyDay|[from] ability: Drought|[of] p1a: Ninetales
|turn|21
|c|☆seakingmissile|mb for the crit
|c|☆3BlazeBlaziken|np
|
|t:|1769293679
|switch|p1a: Walking Wake|Walking Wake|100/100
|-damage|p1a: Walking Wake|88/100|[from] Stealth Rock
|-damage|p1a: Walking Wake|76/100|[from] Spikes
|-activate|p1a: Walking Wake|ability: Protosynthesis
|-start|p1a: Walking Wake|protosynthesisspe
|move|p2a: OPTIMIZE|Earthquake|p1a: Walking Wake
|-damage|p1a: Walking Wake|27/100
|
|-weather|SunnyDay|[upkeep]
|upkeep
|turn|22
|
|t:|1769293692
|-end|p2a: OPTIMIZE|Quark Drive|[silent]
|switch|p2a: DIVINE|Ogerpon-Wellspring, F|100/100
|move|p1a: Walking Wake|Hydro Steam|p2a: DIVINE
|-immune|p2a: DIVINE|[from] ability: Water Absorb
|
|-weather|SunnyDay|[upkeep]
|upkeep
|turn|23
|
|t:|1769293735
|move|p1a: Walking Wake|Flamethrower|p2a: DIVINE
|-damage|p2a: DIVINE|46/100
|move|p2a: DIVINE|Horn Leech|p1a: Walking Wake
|-damage|p1a: Walking Wake|0 fnt
|-heal|p2a: DIVINE|61/100|[from] drain|[of] p1a: Walking Wake
|faint|p1a: Walking Wake
|-end|p1a: Walking Wake|Protosynthesis|[silent]
|
|-weather|SunnyDay|[upkeep]
|upkeep
|
|t:|1769293739
|switch|p1a: Venusaur|Venusaur, F|88/100
|-damage|p1a: Venusaur|76/100|[from] Stealth Rock
|-damage|p1a: Venusaur|64/100|[from] Spikes
|turn|24
|
|t:|1769293746
|move|p1a: Venusaur|Weather Ball|p2a: DIVINE
|-damage|p2a: DIVINE|0 fnt
|faint|p2a: DIVINE
|-damage|p1a: Venusaur|54/100|[from] item: Life Orb
|
|-weather|SunnyDay|[upkeep]
|upkeep
|
|t:|1769293752
|switch|p2a: MAYDAY|Tornadus-Therian, M|100/100
|turn|25
|
|t:|1769293758
|-terastallize|p1a: Venusaur|Fire
|move|p1a: Venusaur|Weather Ball|p2a: MAYDAY
|-damage|p2a: MAYDAY|0 fnt
|faint|p2a: MAYDAY
|-damage|p1a: Venusaur|44/100|[from] item: Life Orb
|
|-weather|SunnyDay|[upkeep]
|upkeep
|
|t:|1769293763
|switch|p2a: INSOMNIA|Scrafty, F|54/100
|turn|26
|
|t:|1769293766
|move|p1a: Venusaur|Weather Ball|p2a: INSOMNIA
|-damage|p2a: INSOMNIA|0 fnt
|faint|p2a: INSOMNIA
|-damage|p1a: Venusaur|34/100|[from] item: Life Orb
|
|-weather|SunnyDay|[upkeep]
|upkeep
|
|t:|1769293770
|switch|p2a: BURY ME|Gholdengo|100/100
|turn|27
|
|t:|1769293775
|-terastallize|p2a: BURY ME|Water
|move|p1a: Venusaur|Weather Ball|p2a: BURY ME
|-resisted|p2a: BURY ME
|-crit|p2a: BURY ME
|-damage|p2a: BURY ME|43/100
|-damage|p1a: Venusaur|24/100|[from] item: Life Orb
|move|p2a: BURY ME|Thunder Wave|p1a: Venusaur
|-status|p1a: Venusaur|par
|
|-weather|SunnyDay|[upkeep]
|-heal|p2a: BURY ME|49/100|[from] item: Leftovers
|upkeep
|turn|28
|
|t:|1769293787
|switch|p1a: Raging Bolt|Raging Bolt|56/100
|-damage|p1a: Raging Bolt|43/100|[from] Stealth Rock
|-damage|p1a: Raging Bolt|31/100|[from] Spikes
|-activate|p1a: Raging Bolt|ability: Protosynthesis
|-start|p1a: Raging Bolt|protosynthesisspa
|switch|p2a: OPTIMIZE|Iron Treads|100/100
|
|-weather|none
|-end|p1a: Raging Bolt|Protosynthesis
|upkeep
|turn|29
|
|t:|1769293794
|move|p2a: OPTIMIZE|Rapid Spin|p1a: Raging Bolt
|-damage|p1a: Raging Bolt|15/100
|-boost|p2a: OPTIMIZE|spe|1
|move|p1a: Raging Bolt|Dragon Pulse|p2a: OPTIMIZE
|-resisted|p2a: OPTIMIZE
|-damage|p2a: OPTIMIZE|62/100
|
|-heal|p2a: OPTIMIZE|68/100|[from] item: Leftovers
|upkeep
|turn|30
|
|t:|1769293797
|move|p2a: OPTIMIZE|Ice Spinner|p1a: Raging Bolt
|-supereffective|p1a: Raging Bolt
|-damage|p1a: Raging Bolt|0 fnt
|faint|p1a: Raging Bolt
|-end|p1a: Raging Bolt|Protosynthesis|[silent]
|
|-heal|p2a: OPTIMIZE|74/100|[from] item: Leftovers
|upkeep
|
|t:|1769293801
|switch|p1a: Kingambit|Kingambit, F|100/100
|-damage|p1a: Kingambit|94/100|[from] Stealth Rock
|-activate|p1a: Kingambit|ability: Supreme Overlord
|-start|p1a: Kingambit|fallen3|[silent]
|-item|p1a: Kingambit|Air Balloon
|turn|31
|
|t:|1769293807
|-end|p2a: OPTIMIZE|Quark Drive|[silent]
|switch|p2a: BURY ME|Gholdengo, tera:Water|49/100
|move|p1a: Kingambit|Kowtow Cleave|p2a: BURY ME
|-damage|p2a: BURY ME|3/100
|
|-heal|p2a: BURY ME|9/100|[from] item: Leftovers
|upkeep
|turn|32
|
|t:|1769293812
|move|p1a: Kingambit|Sucker Punch||[still]
|-fail|p1a: Kingambit
|move|p2a: BURY ME|Recover|p2a: BURY ME
|-heal|p2a: BURY ME|59/100
|
|-heal|p2a: BURY ME|65/100|[from] item: Leftovers
|upkeep
|turn|33
|
|t:|1769293814
|move|p2a: BURY ME|Thunder Wave|p1a: Kingambit
|-status|p1a: Kingambit|par
|cant|p1a: Kingambit|par
|
|-heal|p2a: BURY ME|71/100|[from] item: Leftovers
|upkeep
|turn|34
|
|t:|1769293821
|move|p2a: BURY ME|Hex|p1a: Kingambit
|-resisted|p1a: Kingambit
|-damage|p1a: Kingambit|67/100 par
|-enditem|p1a: Kingambit|Air Balloon
|move|p1a: Kingambit|Kowtow Cleave|p2a: BURY ME
|-damage|p2a: BURY ME|25/100
|
|-heal|p2a: BURY ME|31/100|[from] item: Leftovers
|upkeep
|turn|35
|
|t:|1769293824
|move|p2a: BURY ME|Recover|p2a: BURY ME
|-heal|p2a: BURY ME|81/100
|move|p1a: Kingambit|Kowtow Cleave|p2a: BURY ME
|-damage|p2a: BURY ME|38/100
|
|-heal|p2a: BURY ME|44/100|[from] item: Leftovers
|upkeep
|turn|36
|
|t:|1769293825
|move|p2a: BURY ME|Hex|p1a: Kingambit
|-resisted|p1a: Kingambit
|-damage|p1a: Kingambit|38/100 par
|move|p1a: Kingambit|Kowtow Cleave|p2a: BURY ME
|-damage|p2a: BURY ME|0 fnt
|faint|p2a: BURY ME
|
|upkeep
|
|t:|1769293828
|switch|p2a: OPTIMIZE|Iron Treads|74/100
|turn|37
|
|t:|1769293834
|cant|p1a: Kingambit|par
|move|p2a: OPTIMIZE|Earthquake|p1a: Kingambit
|-supereffective|p1a: Kingambit
|-damage|p1a: Kingambit|0 fnt
|faint|p1a: Kingambit
|-end|p1a: Kingambit|fallen3|[silent]
|
|-heal|p2a: OPTIMIZE|81/100|[from] item: Leftovers
|upkeep
|
|t:|1769293836
|switch|p1a: Ninetales|Ninetales, M|38/100
|-damage|p1a: Ninetales|13/100|[from] Stealth Rock
|-damage|p1a: Ninetales|1/100|[from] Spikes
|-weather|SunnyDay|[from] ability: Drought|[of] p1a: Ninetales
|turn|38
|
|t:|1769293838
|move|p2a: OPTIMIZE|Rapid Spin|p1a: Ninetales
|-damage|p1a: Ninetales|0 fnt
|-boost|p2a: OPTIMIZE|spe|1
|faint|p1a: Ninetales
|
|-weather|SunnyDay|[upkeep]
|-heal|p2a: OPTIMIZE|87/100|[from] item: Leftovers
|upkeep
|
|t:|1769293839
|switch|p1a: Venusaur|Venusaur, F, tera:Fire|24/100 par
|-damage|p1a: Venusaur|0 fnt|[from] Stealth Rock
|faint|p1a: Venusaur
|
|win|seakingmissile
|raw|3BlazeBlaziken's rating: 1373 &rarr; <strong>1356</strong><br />(-17 for losing)
|raw|seakingmissile's rating: 1424 &rarr; <strong>1441</strong><br />(+17 for winning)
|c|☆seakingmissile|ggs
|c|☆3BlazeBlaziken|ggs
|l|☆seakingmissile
|player|p2|
|l|☆3BlazeBlaziken
|player|p1|
