|inactive|Battle timer is ON: inactive players will automatically lose when time's up.
|t:|1769371672
|gametype|singles
|player|p1|noamm|101|
|player|p2|duckycrater|266|
|gen|9
|tier|[Gen 9] OU
|rule|HP Percentage Mod: HP is shown in percentages
|rule|Endless Battle Clause: Forcing endless battles is banned
|rule|Species Clause: Limit one of each Pokémon
|rule|OHKO Clause: OHKO moves are banned
|rule|Evasion Items Clause: Evasion items are banned
|rule|Evasion Moves Clause: Evasion moves are banned
|rule|Evasion Abilities Clause: Evasion abilities are banned
|rule|Sleep Moves Clause: Sleep-inducing moves are banned
|clearpoke
|poke|p1|Lokix, M|
|poke|p1|Dragapult, F|
|poke|p1|Slowking-Galar, F|
|poke|p1|Mandibuzz, F|
|poke|p1|Great Tusk|
|poke|p1|Primarina, M|
|poke|p2|Kyurem|
|poke|p2|Corviknight, F|
|poke|p2|Ting-Lu|
|poke|p2|Dondozo, M|
|poke|p2|Slowking-Galar, F|
|poke|p2|Cinderace, F|
|teampreview
|c|☆duckycrater|glhf
|c|☆noamm|Y2
|c|☆noamm|U
|inactive|duckycrater has 270 seconds left.
|inactive|duckycrater has 240 seconds left.
|inactive|duckycrater has 210 seconds left.
|
|t:|1769371779
|teamsize|p1|6
|teamsize|p2|6
|start
|switch|p1a: Kamen Rider Siren|Primarina, M|100/100
|switch|p2a: Kyurem|Kyurem|100/100
|-ability|p2a: Kyurem|Pressure
|turn|1
|
|t:|1769371792
|move|p2a: Kyurem|Protect|p2a: Kyurem
|-singleturn|p2a: Kyurem|Protect
|move|p1a: Kamen Rider Siren|Moonblast|p2a: Kyurem
|-activate|p2a: Kyurem|move: Protect
|
|upkeep
|turn|2
|
|t:|1769371800
|switch|p2a: Slowking|Slowking-Galar, F|100/100
|move|p1a: Kamen Rider Siren|Psychic Noise|p2a: Slowking
|-damage|p2a: Slowking|66/100
|-start|p2a: Slowking|move: Heal Block
|
|upkeep
|turn|3
|
|t:|1769371820
|move|p1a: Kamen Rider Siren|Flip Turn|p2a: Slowking
|-damage|p2a: Slowking|55/100
|
|t:|1769371824
|switch|p1a: Kamen Rider Burr|Slowking-Galar, F|100/100|[from] Flip Turn
|move|p2a: Slowking|Sludge Bomb|p1a: Kamen Rider Burr
|-resisted|p1a: Kamen Rider Burr
|-damage|p1a: Kamen Rider Burr|90/100
|
|-end|p2a: Slowking|move: Heal Block
|upkeep
|turn|4
|
|t:|1769371827
|switch|p2a: Ting-Lu|Ting-Lu|100/100
|-ability|p2a: Ting-Lu|Vessel of Ruin
|move|p1a: Kamen Rider Burr|Future Sight|p2a: Ting-Lu
|-start|p1a: Kamen Rider Burr|move: Future Sight
|
|upkeep
|turn|5
|inactive|duckycrater has 270 seconds left.
|
|t:|1769371834
|switch|p1a: Kamen Rider SwarmX|Lokix, M, shiny|100/100
|move|p2a: Ting-Lu|Earthquake|p1a: Kamen Rider SwarmX
|-resisted|p1a: Kamen Rider SwarmX
|-damage|p1a: Kamen Rider SwarmX|72/100
|
|upkeep
|turn|6
|
|t:|1769371838
|switch|p2a: Corviknight|Corviknight, F|100/100
|-ability|p2a: Corviknight|Pressure
|move|p1a: Kamen Rider SwarmX|Knock Off|p2a: Corviknight
|-damage|p2a: Corviknight|61/100
|-damage|p1a: Kamen Rider SwarmX|56/100|[from] item: Rocky Helmet|[of] p2a: Corviknight
|-enditem|p2a: Corviknight|Rocky Helmet|[from] move: Knock Off|[of] p1a: Kamen Rider SwarmX
|
|-end|p2a: Corviknight|move: Future Sight
|-resisted|p2a: Corviknight
|-damage|p2a: Corviknight|38/100
|upkeep
|turn|7
|
|t:|1769371848
|switch|p1a: Kamen Rider Siren|Primarina, M|100/100
|move|p2a: Corviknight|Roost|p2a: Corviknight
|-heal|p2a: Corviknight|88/100
|-singleturn|p2a: Corviknight|move: Roost
|
|upkeep
|turn|8
|inactive|duckycrater has 270 seconds left.
|
|t:|1769371881
|switch|p2a: Slowking|Slowking-Galar, F|88/100
|move|p1a: Kamen Rider Siren|Psychic Noise|p2a: Slowking
|-damage|p2a: Slowking|52/100
|-start|p2a: Slowking|move: Heal Block
|
|upkeep
|turn|9
|
|t:|1769371888
|move|p1a: Kamen Rider Siren|Flip Turn|p2a: Slowking
|-damage|p2a: Slowking|41/100
|
|t:|1769371890
|switch|p1a: Kamen Rider Burr|Slowking-Galar, F|100/100|[from] Flip Turn
|move|p2a: Slowking|Sludge Bomb|p1a: Kamen Rider Burr
|-resisted|p1a: Kamen Rider Burr
|-damage|p1a: Kamen Rider Burr|91/100
|
|-end|p2a: Slowking|move: Heal Block
|upkeep
|turn|10
|
|t:|1769371895
|-prepare|p2a: Slowking|Chilly Reception|[premajor]
|move|p2a: Slowking|Chilly Reception|p2a: Slowking
|-weather|Snowscape
|
|t:|1769371897
|switch|p2a: Ting-Lu|Ting-Lu|100/100|[from] Chilly Reception
|-ability|p2a: Ting-Lu|Vessel of Ruin
|move|p1a: Kamen Rider Burr|Future Sight|p2a: Ting-Lu
|-start|p1a: Kamen Rider Burr|move: Future Sight
|
|-weather|Snowscape|[upkeep]
|upkeep
|turn|11
|
|t:|1769371903
|switch|p1a: Kamen Rider SwarmX|Lokix, M, shiny|56/100
|move|p2a: Ting-Lu|Earthquake|p1a: Kamen Rider SwarmX
|-resisted|p1a: Kamen Rider SwarmX
|-damage|p1a: Kamen Rider SwarmX|29/100
|
|-weather|Snowscape|[upkeep]
|upkeep
|turn|12
|
|t:|1769371907
|switch|p2a: Corviknight|Corviknight, F|88/100
|-ability|p2a: Corviknight|Pressure
|move|p1a: Kamen Rider SwarmX|U-turn|p2a: Corviknight
|-resisted|p2a: Corviknight
|-damage|p2a: Corviknight|73/100
|
|t:|1769371911
|switch|p1a: Kamen Rider Siren|Primarina, M|100/100|[from] U-turn
|
|-weather|Snowscape|[upkeep]
|-end|p2a: Corviknight|move: Future Sight
|-resisted|p2a: Corviknight
|-damage|p2a: Corviknight|51/100
|upkeep
|turn|13
|
|t:|1769371921
|move|p1a: Kamen Rider Siren|Flip Turn|p2a: Corviknight
|-damage|p2a: Corviknight|43/100
|
|t:|1769371924
|switch|p1a: Kamen Rider Shade|Dragapult, F, shiny|100/100|[from] Flip Turn
|move|p2a: Corviknight|Roost|p2a: Corviknight
|-heal|p2a: Corviknight|93/100
|-singleturn|p2a: Corviknight|move: Roost
|
|-weather|Snowscape|[upkeep]
|upkeep
|turn|14
|
|t:|1769371929
|switch|p2a: Ting-Lu|Ting-Lu|100/100
|-ability|p2a: Ting-Lu|Vessel of Ruin
|move|p1a: Kamen Rider Shade|U-turn|p2a: Ting-Lu
|-supereffective|p2a: Ting-Lu
|-damage|p2a: Ting-Lu|83/100
|
|t:|1769371931
|switch|p1a: Kamen Rider SwarmX|Lokix, M, shiny|29/100|[from] U-turn
|
|-weather|none
|-heal|p2a: Ting-Lu|90/100|[from] item: Leftovers
|upkeep
|turn|15
|
|t:|1769371934
|switch|p2a: Corviknight|Corviknight, F|93/100
|-ability|p2a: Corviknight|Pressure
|move|p1a: Kamen Rider SwarmX|U-turn|p2a: Corviknight
|-resisted|p2a: Corviknight
|-crit|p2a: Corviknight
|-damage|p2a: Corviknight|71/100
|
|t:|1769371939
|switch|p1a: Kamen Rider Siren|Primarina, M|100/100|[from] U-turn
|
|upkeep
|turn|16
|
|t:|1769371945
|switch|p2a: Slowking|Slowking-Galar, F|74/100
|move|p1a: Kamen Rider Siren|Flip Turn|p2a: Slowking
|-damage|p2a: Slowking|62/100
|
|t:|1769371949
|switch|p1a: Kamen Rider SwarmX|Lokix, M, shiny|29/100|[from] Flip Turn
|
|upkeep
|turn|17
|
|t:|1769371969
|move|p1a: Kamen Rider SwarmX|U-turn|p2a: Slowking
|-damage|p2a: Slowking|28/100
|
|t:|1769371972
|switch|p1a: Kamen Rider Torque|Great Tusk|100/100|[from] U-turn
|move|p2a: Slowking|Sludge Bomb|p1a: Kamen Rider Torque
|-resisted|p1a: Kamen Rider Torque
|-damage|p1a: Kamen Rider Torque|73/100
|
|upkeep
|turn|18
|
|t:|1769371979
|switch|p2a: Corviknight|Corviknight, F|71/100
|-ability|p2a: Corviknight|Pressure
|move|p1a: Kamen Rider Torque|Headlong Rush|p2a: Corviknight
|-immune|p2a: Corviknight
|
|upkeep
|turn|19
|
|t:|1769371985
|-end|p1a: Kamen Rider Torque|Protosynthesis|[silent]
|switch|p1a: Kamen Rider Siren|Primarina, M|100/100
|move|p2a: Corviknight|U-turn|p1a: Kamen Rider Siren
|-resisted|p1a: Kamen Rider Siren
|-damage|p1a: Kamen Rider Siren|90/100
|
|t:|1769371991
|switch|p2a: Slowking|Slowking-Galar, F|61/100|[from] U-turn
|
|upkeep
|turn|20
|
|t:|1769371999
|move|p1a: Kamen Rider Siren|Flip Turn|p2a: Slowking
|-damage|p2a: Slowking|50/100
|
|t:|1769372001
|switch|p1a: Kamen Rider Burr|Slowking-Galar, F|100/100|[from] Flip Turn
|move|p2a: Slowking|Future Sight|p1a: Kamen Rider Burr
|-start|p2a: Slowking|move: Future Sight
|
|upkeep
|turn|21
|
|t:|1769372005
|-prepare|p2a: Slowking|Chilly Reception|[premajor]
|move|p2a: Slowking|Chilly Reception|p2a: Slowking
|-weather|Snowscape
|
|t:|1769372011
|switch|p2a: Corviknight|Corviknight, F|71/100|[from] Chilly Reception
|-ability|p2a: Corviknight|Pressure
|-prepare|p1a: Kamen Rider Burr|Chilly Reception|[premajor]
|move|p1a: Kamen Rider Burr|Chilly Reception|p1a: Kamen Rider Burr
|
|t:|1769372019
|switch|p1a: Kamen Rider Siren|Primarina, M|90/100|[from] Chilly Reception
|
|-weather|Snowscape|[upkeep]
|upkeep
|turn|22
|
|t:|1769372022
|switch|p2a: Slowking|Slowking-Galar, F|84/100
|move|p1a: Kamen Rider Siren|Flip Turn|p2a: Slowking
|-damage|p2a: Slowking|73/100
|
|t:|1769372025
|switch|p1a: Kamen Rider SwarmX|Lokix, M, shiny|29/100|[from] Flip Turn
|
|-weather|Snowscape|[upkeep]
|-end|p1a: Kamen Rider SwarmX|move: Future Sight
|-immune|p1a: Kamen Rider SwarmX
|upkeep
|turn|23
|
|t:|1769372038
|switch|p2a: Corviknight|Corviknight, F|71/100
|-ability|p2a: Corviknight|Pressure
|move|p1a: Kamen Rider SwarmX|U-turn|p2a: Corviknight
|-resisted|p2a: Corviknight
|-damage|p2a: Corviknight|56/100
|
|t:|1769372041
|switch|p1a: Kamen Rider Siren|Primarina, M|90/100|[from] U-turn
|
|-weather|Snowscape|[upkeep]
|upkeep
|turn|24
|
|t:|1769372045
|switch|p2a: Slowking|Slowking-Galar, F|100/100
|move|p1a: Kamen Rider Siren|Psychic Noise|p2a: Slowking
|-damage|p2a: Slowking|66/100
|-start|p2a: Slowking|move: Heal Block
|
|-weather|Snowscape|[upkeep]
|upkeep
|turn|25
|
|t:|1769372056
|move|p1a: Kamen Rider Siren|Flip Turn|p2a: Slowking
|-damage|p2a: Slowking|56/100
|
|t:|1769372058
|switch|p1a: Kamen Rider Burr|Slowking-Galar, F|100/100|[from] Flip Turn
|move|p2a: Slowking|Future Sight|p1a: Kamen Rider Burr
|-start|p2a: Slowking|move: Future Sight
|
|-weather|none
|-end|p2a: Slowking|move: Heal Block
|upkeep
|turn|26
|
|t:|1769372063
|-prepare|p1a: Kamen Rider Burr|Chilly Reception|[premajor]
|move|p1a: Kamen Rider Burr|Chilly Reception|p1a: Kamen Rider Burr
|-weather|Snowscape
|
|t:|1769372066
|switch|p1a: Kamen Rider Scaven|Mandibuzz, F|100/100|[from] Chilly Reception
|-prepare|p2a: Slowking|Chilly Reception|[premajor]
|move|p2a: Slowking|Chilly Reception|p2a: Slowking
|
|t:|1769372071
|switch|p2a: Kyurem|Kyurem|100/100|[from] Chilly Reception
|-ability|p2a: Kyurem|Pressure
|
|-weather|Snowscape|[upkeep]
|upkeep
|turn|27
|
|t:|1769372077
|switch|p1a: Kamen Rider Burr|Slowking-Galar, F|100/100
|move|p2a: Kyurem|Substitute|p2a: Kyurem
|-start|p2a: Kyurem|Substitute
|-damage|p2a: Kyurem|75/100
|
|-weather|Snowscape|[upkeep]
|-end|p1a: Kamen Rider Burr|move: Future Sight
|-damage|p1a: Kamen Rider Burr|73/100
|-heal|p2a: Kyurem|82/100|[from] item: Leftovers
|upkeep
|turn|28
|
|t:|1769372080
|move|p2a: Kyurem|Earth Power|p1a: Kamen Rider Burr
|-supereffective|p1a: Kamen Rider Burr
|-damage|p1a: Kamen Rider Burr|38/100
|move|p1a: Kamen Rider Burr|Future Sight|p2a: Kyurem
|-start|p1a: Kamen Rider Burr|move: Future Sight
|
|-weather|Snowscape|[upkeep]
|-heal|p2a: Kyurem|88/100|[from] item: Leftovers
|upkeep
|turn|29
|
|t:|1769372087
|move|p2a: Kyurem|Earth Power|p1a: Kamen Rider Burr
|-supereffective|p1a: Kamen Rider Burr
|-damage|p1a: Kamen Rider Burr|1/100
|-prepare|p1a: Kamen Rider Burr|Chilly Reception|[premajor]
|move|p1a: Kamen Rider Burr|Chilly Reception|p1a: Kamen Rider Burr
|
|t:|1769372088
|switch|p1a: Kamen Rider Siren|Primarina, M|90/100|[from] Chilly Reception
|
|-weather|Snowscape|[upkeep]
|-heal|p2a: Kyurem|94/100|[from] item: Leftovers
|upkeep
|turn|30
|
|t:|1769372095
|move|p2a: Kyurem|Protect|p2a: Kyurem
|-singleturn|p2a: Kyurem|Protect
|move|p1a: Kamen Rider Siren|Moonblast|p2a: Kyurem
|-activate|p2a: Kyurem|move: Protect
|
|-weather|none
|-end|p2a: Kyurem|move: Future Sight
|-end|p2a: Kyurem|Substitute
|-heal|p2a: Kyurem|99/100|[from] item: Leftovers
|upkeep
|turn|31
|
|t:|1769372101
|move|p2a: Kyurem|Substitute|p2a: Kyurem
|-start|p2a: Kyurem|Substitute
|-damage|p2a: Kyurem|75/100
|move|p1a: Kamen Rider Siren|Psychic Noise|p2a: Kyurem
|-resisted|p2a: Kyurem
|-damage|p2a: Kyurem|54/100
|-start|p2a: Kyurem|move: Heal Block
|
|upkeep
|turn|32
|
|t:|1769372105
|move|p2a: Kyurem|Protect|p2a: Kyurem
|-singleturn|p2a: Kyurem|Protect
|move|p1a: Kamen Rider Siren|Moonblast|p2a: Kyurem
|-activate|p2a: Kyurem|move: Protect
|
|-end|p2a: Kyurem|move: Heal Block
|upkeep
|turn|33
|
|t:|1769372109
|move|p2a: Kyurem|Freeze-Dry|p1a: Kamen Rider Siren
|-supereffective|p1a: Kamen Rider Siren
|-damage|p1a: Kamen Rider Siren|41/100
|move|p1a: Kamen Rider Siren|Moonblast|p2a: Kyurem
|-supereffective|p2a: Kyurem
|-end|p2a: Kyurem|Substitute
|
|-heal|p2a: Kyurem|61/100|[from] item: Leftovers
|upkeep
|turn|34
|
|t:|1769372118
|move|p2a: Kyurem|Substitute|p2a: Kyurem
|-start|p2a: Kyurem|Substitute
|-damage|p2a: Kyurem|36/100
|move|p1a: Kamen Rider Siren|Moonblast|p2a: Kyurem
|-supereffective|p2a: Kyurem
|-end|p2a: Kyurem|Substitute
|
|-heal|p2a: Kyurem|42/100|[from] item: Leftovers
|upkeep
|turn|35
|
|t:|1769372126
|move|p2a: Kyurem|Freeze-Dry|p1a: Kamen Rider Siren
|-supereffective|p1a: Kamen Rider Siren
|-damage|p1a: Kamen Rider Siren|0 fnt
|faint|p1a: Kamen Rider Siren
|
|-heal|p2a: Kyurem|48/100|[from] item: Leftovers
|upkeep
|
|t:|1769372132
|switch|p1a: Kamen Rider Shade|Dragapult, F, shiny|100/100
|turn|36
|
|t:|1769372137
|move|p2a: Kyurem|Protect|p2a: Kyurem
|-singleturn|p2a: Kyurem|Protect
|move|p1a: Kamen Rider Shade|Shadow Ball|p2a: Kyurem
|-activate|p2a: Kyurem|move: Protect
|
|-heal|p2a: Kyurem|54/100|[from] item: Leftovers
|upkeep
|turn|37
|
|t:|1769372141
|switch|p2a: Ting-Lu|Ting-Lu|90/100
|-ability|p2a: Ting-Lu|Vessel of Ruin
|move|p1a: Kamen Rider Shade|Shadow Ball|p2a: Ting-Lu
|-resisted|p2a: Ting-Lu
|-damage|p2a: Ting-Lu|78/100
|
|-heal|p2a: Ting-Lu|84/100|[from] item: Leftovers
|upkeep
|turn|38
|
|t:|1769372146
|switch|p1a: Kamen Rider SwarmX|Lokix, M, shiny|29/100
|move|p2a: Ting-Lu|Earthquake|p1a: Kamen Rider SwarmX
|-resisted|p1a: Kamen Rider SwarmX
|-damage|p1a: Kamen Rider SwarmX|3/100
|
|-heal|p2a: Ting-Lu|90/100|[from] item: Leftovers
|upkeep
|turn|39
|
|t:|1769372151
|switch|p2a: Dondozo|Dondozo, M|100/100
|move|p1a: Kamen Rider SwarmX|Knock Off|p2a: Dondozo
|-damage|p2a: Dondozo|61/100
|-enditem|p2a: Dondozo|Leftovers|[from] move: Knock Off|[of] p1a: Kamen Rider SwarmX
|
|upkeep
|turn|40
|
|t:|1769372155
|switch|p1a: Kamen Rider Burr|Slowking-Galar, F|35/100
|move|p2a: Dondozo|Waterfall|p1a: Kamen Rider Burr
|-damage|p1a: Kamen Rider Burr|6/100
|
|upkeep
|turn|41
|
|t:|1769372162
|switch|p2a: Ting-Lu|Ting-Lu|90/100
|-ability|p2a: Ting-Lu|Vessel of Ruin
|switch|p1a: Kamen Rider Shade|Dragapult, F, shiny|100/100
|
|-heal|p2a: Ting-Lu|97/100|[from] item: Leftovers
|upkeep
|turn|42
|
|t:|1769372165
|move|p1a: Kamen Rider Shade|U-turn|p2a: Ting-Lu
|-supereffective|p2a: Ting-Lu
|-damage|p2a: Ting-Lu|76/100
|
|t:|1769372168
|switch|p1a: Kamen Rider Torque|Great Tusk|73/100|[from] U-turn
|move|p2a: Ting-Lu|Earthquake|p1a: Kamen Rider Torque
|-damage|p1a: Kamen Rider Torque|46/100
|
|-heal|p2a: Ting-Lu|83/100|[from] item: Leftovers
|upkeep
|turn|43
|
|t:|1769372174
|switch|p2a: Corviknight|Corviknight, F|56/100
|-ability|p2a: Corviknight|Pressure
|move|p1a: Kamen Rider Torque|Ice Spinner|p2a: Corviknight
|-damage|p2a: Corviknight|40/100
|
|upkeep
|turn|44
|
|t:|1769372178
|-end|p1a: Kamen Rider Torque|Protosynthesis|[silent]
|switch|p1a: Kamen Rider Shade|Dragapult, F, shiny|100/100
|move|p2a: Corviknight|Roost|p2a: Corviknight
|-heal|p2a: Corviknight|90/100
|-singleturn|p2a: Corviknight|move: Roost
|
|upkeep
|turn|45
|
|t:|1769372184
|switch|p2a: Ting-Lu|Ting-Lu|83/100
|-ability|p2a: Ting-Lu|Vessel of Ruin
|move|p1a: Kamen Rider Shade|Shadow Ball|p2a: Ting-Lu
|-resisted|p2a: Ting-Lu
|-damage|p2a: Ting-Lu|71/100
|
|-heal|p2a: Ting-Lu|77/100|[from] item: Leftovers
|upkeep
|turn|46
|
|t:|1769372189
|switch|p1a: Kamen Rider Scaven|Mandibuzz, F|100/100
|move|p2a: Ting-Lu|Earthquake|p1a: Kamen Rider Scaven
|-immune|p1a: Kamen Rider Scaven
|
|-heal|p2a: Ting-Lu|84/100|[from] item: Leftovers
|upkeep
|turn|47
|
|t:|1769372195
|switch|p2a: Corviknight|Corviknight, F|90/100
|-ability|p2a: Corviknight|Pressure
|move|p1a: Kamen Rider Scaven|Foul Play|p2a: Corviknight
|-damage|p2a: Corviknight|73/100
|
|upkeep
|turn|48
|
|t:|1769372199
|switch|p1a: Kamen Rider Burr|Slowking-Galar, F|40/100
|move|p2a: Corviknight|U-turn|p1a: Kamen Rider Burr
|-damage|p1a: Kamen Rider Burr|25/100
|c|+Quamnckkk|whats this for
|c|☆duckycrater|ost
|c|☆noamm|Ost 
|
|t:|1769372207
|switch|p2a: Kyurem|Kyurem|54/100|[from] U-turn
|-ability|p2a: Kyurem|Pressure
|
|-heal|p2a: Kyurem|60/100|[from] item: Leftovers
|upkeep
|turn|49
|c|+Quamnckkk|g1?
|
|t:|1769372214
|move|p2a: Kyurem|Earth Power|p1a: Kamen Rider Burr
|-supereffective|p1a: Kamen Rider Burr
|-damage|p1a: Kamen Rider Burr|0 fnt
|faint|p1a: Kamen Rider Burr
|
|-heal|p2a: Kyurem|67/100|[from] item: Leftovers
|upkeep
|c|☆duckycrater|ye
|
|t:|1769372215
|switch|p1a: Kamen Rider Shade|Dragapult, F, shiny|100/100
|turn|50
|
|t:|1769372222
|move|p2a: Kyurem|Protect|p2a: Kyurem
|-singleturn|p2a: Kyurem|Protect
|move|p1a: Kamen Rider Shade|Draco Meteor|p2a: Kyurem
|-activate|p2a: Kyurem|move: Protect
|
|-heal|p2a: Kyurem|73/100|[from] item: Leftovers
|upkeep
|turn|51
|
|t:|1769372228
|switch|p2a: Ting-Lu|Ting-Lu|84/100
|-ability|p2a: Ting-Lu|Vessel of Ruin
|move|p1a: Kamen Rider Shade|Draco Meteor|p2a: Ting-Lu
|-crit|p2a: Ting-Lu
|-damage|p2a: Ting-Lu|29/100
|-unboost|p1a: Kamen Rider Shade|spa|2
|
|-heal|p2a: Ting-Lu|35/100|[from] item: Leftovers
|upkeep
|turn|52
|
|t:|1769372238
|switch|p1a: Kamen Rider Scaven|Mandibuzz, F|100/100
|move|p2a: Ting-Lu|Payback|p1a: Kamen Rider Scaven
|-resisted|p1a: Kamen Rider Scaven
|-damage|p1a: Kamen Rider Scaven|96/100
|
|-heal|p2a: Ting-Lu|41/100|[from] item: Leftovers
|upkeep
|turn|53
|
|t:|1769372244
|switch|p2a: Corviknight|Corviknight, F|73/100
|-ability|p2a: Corviknight|Pressure
|move|p1a: Kamen Rider Scaven|Foul Play|p2a: Corviknight
|-damage|p2a: Corviknight|55/100
|
|upkeep
|turn|54
|
|t:|1769372249
|switch|p1a: Kamen Rider Shade|Dragapult, F, shiny|100/100
|move|p2a: Corviknight|U-turn|p1a: Kamen Rider Shade
|-resisted|p1a: Kamen Rider Shade
|-damage|p1a: Kamen Rider Shade|91/100
|
|t:|1769372253
|switch|p2a: Ting-Lu|Ting-Lu|41/100|[from] U-turn
|-ability|p2a: Ting-Lu|Vessel of Ruin
|
|-heal|p2a: Ting-Lu|47/100|[from] item: Leftovers
|upkeep
|turn|55
|c|+sire clod|there goes dondozo ducky at it again
|
|t:|1769372262
|move|p1a: Kamen Rider Shade|Draco Meteor|p2a: Ting-Lu
|-damage|p2a: Ting-Lu|15/100
|-unboost|p1a: Kamen Rider Shade|spa|2
|move|p2a: Ting-Lu|Rest|p2a: Ting-Lu
|-status|p2a: Ting-Lu|slp|[from] move: Rest
|-heal|p2a: Ting-Lu|100/100 slp|[silent]
|
|upkeep
|turn|56
|c|+CrispyFries2|horrible
|
|t:|1769372277
|switch|p1a: Kamen Rider Torque|Great Tusk|46/100
|cant|p2a: Ting-Lu|slp
|move|p2a: Ting-Lu|Sleep Talk|p2a: Ting-Lu
|move|p2a: Ting-Lu|Rest||[from] move: Sleep Talk|[still]
|-fail|p2a: Ting-Lu
|
|upkeep
|turn|57
|
|t:|1769372290
|switch|p2a: Corviknight|Corviknight, F|55/100
|-ability|p2a: Corviknight|Pressure
|move|p1a: Kamen Rider Torque|Ice Spinner|p2a: Corviknight
|-damage|p2a: Corviknight|38/100
|
|upkeep
|turn|58
|
|t:|1769372299
|-end|p1a: Kamen Rider Torque|Protosynthesis|[silent]
|switch|p1a: Kamen Rider Shade|Dragapult, F, shiny|91/100
|move|p2a: Corviknight|Roost|p2a: Corviknight
|-heal|p2a: Corviknight|88/100
|-singleturn|p2a: Corviknight|move: Roost
|
|upkeep
|turn|59
|
|t:|1769372302
|switch|p2a: Ting-Lu|Ting-Lu|100/100 slp
|-ability|p2a: Ting-Lu|Vessel of Ruin
|move|p1a: Kamen Rider Shade|U-turn|p2a: Ting-Lu
|-supereffective|p2a: Ting-Lu
|-damage|p2a: Ting-Lu|81/100 slp
|
|t:|1769372304
|switch|p1a: Kamen Rider SwarmX|Lokix, M, shiny|3/100|[from] U-turn
|
|-heal|p2a: Ting-Lu|87/100 slp|[from] item: Leftovers
|upkeep
|turn|60
|
|t:|1769372317
|switch|p2a: Slowking|Slowking-Galar, F|89/100
|move|p1a: Kamen Rider SwarmX|Leech Life|p2a: Slowking
|-damage|p2a: Slowking|46/100
|-heal|p1a: Kamen Rider SwarmX|33/100|[from] drain|[of] p2a: Slowking
|
|upkeep
|turn|61
|
|t:|1769372327
|-terastallize|p1a: Kamen Rider SwarmX|Bug
|move|p1a: Kamen Rider SwarmX|Leech Life|p2a: Slowking
|-crit|p2a: Slowking
|-damage|p2a: Slowking|0 fnt
|-heal|p1a: Kamen Rider SwarmX|65/100|[from] drain|[of] p2a: Slowking
|faint|p2a: Slowking
|
|upkeep
|
|t:|1769372331
|switch|p2a: Cinderace|Cinderace, F|100/100
|turn|62
|
|t:|1769372345
|switch|p1a: Kamen Rider Scaven|Mandibuzz, F|96/100
|move|p2a: Cinderace|Will-O-Wisp|p1a: Kamen Rider Scaven
|-status|p1a: Kamen Rider Scaven|brn
|
|-damage|p1a: Kamen Rider Scaven|89/100 brn|[from] brn
|upkeep
|turn|63
|
|t:|1769372349
|move|p2a: Cinderace|U-turn|p1a: Kamen Rider Scaven
|-damage|p1a: Kamen Rider Scaven|79/100 brn
|
|t:|1769372351
|switch|p2a: Corviknight|Corviknight, F|88/100|[from] U-turn
|-ability|p2a: Corviknight|Pressure
|move|p1a: Kamen Rider Scaven|Foul Play|p2a: Corviknight
|-damage|p2a: Corviknight|80/100
|
|-damage|p1a: Kamen Rider Scaven|73/100 brn|[from] brn
|upkeep
|turn|64
|
|t:|1769372355
|switch|p1a: Kamen Rider Shade|Dragapult, F, shiny|91/100
|move|p2a: Corviknight|U-turn|p1a: Kamen Rider Shade
|-resisted|p1a: Kamen Rider Shade
|-damage|p1a: Kamen Rider Shade|81/100
|
|t:|1769372356
|switch|p2a: Kyurem|Kyurem|73/100|[from] U-turn
|-ability|p2a: Kyurem|Pressure
|
|-heal|p2a: Kyurem|79/100|[from] item: Leftovers
|upkeep
|turn|65
|
|t:|1769372359
|move|p2a: Kyurem|Protect|p2a: Kyurem
|-singleturn|p2a: Kyurem|Protect
|move|p1a: Kamen Rider Shade|Draco Meteor|p2a: Kyurem
|-activate|p2a: Kyurem|move: Protect
|
|-heal|p2a: Kyurem|85/100|[from] item: Leftovers
|upkeep
|turn|66
|
|t:|1769372373
|switch|p1a: Kamen Rider SwarmX|Lokix, M, shiny, tera:Bug|65/100
|switch|p2a: Corviknight|Corviknight, F|80/100
|-ability|p2a: Corviknight|Pressure
|
|upkeep
|turn|67
|
|t:|1769372377
|move|p1a: Kamen Rider SwarmX|U-turn|p2a: Corviknight
|-resisted|p2a: Corviknight
|-damage|p2a: Corviknight|60/100
|
|t:|1769372380
|switch|p1a: Kamen Rider Shade|Dragapult, F, shiny|81/100|[from] U-turn
|move|p2a: Corviknight|U-turn|p1a: Kamen Rider Shade
|-resisted|p1a: Kamen Rider Shade
|-damage|p1a: Kamen Rider Shade|72/100
|
|t:|1769372382
|switch|p2a: Kyurem|Kyurem|85/100|[from] U-turn
|-ability|p2a: Kyurem|Pressure
|
|-heal|p2a: Kyurem|91/100|[from] item: Leftovers
|upkeep
|turn|68
|
|t:|1769372384
|move|p2a: Kyurem|Protect|p2a: Kyurem
|-singleturn|p2a: Kyurem|Protect
|move|p1a: Kamen Rider Shade|Shadow Ball|p2a: Kyurem
|-activate|p2a: Kyurem|move: Protect
|
|-heal|p2a: Kyurem|98/100|[from] item: Leftovers
|upkeep
|turn|69
|
|t:|1769372390
|move|p1a: Kamen Rider Shade|Shadow Ball|p2a: Kyurem
|-crit|p2a: Kyurem
|-damage|p2a: Kyurem|30/100
|-unboost|p2a: Kyurem|spd|1
|move|p2a: Kyurem|Freeze-Dry|p1a: Kamen Rider Shade
|-supereffective|p1a: Kamen Rider Shade
|-damage|p1a: Kamen Rider Shade|0 fnt
|faint|p1a: Kamen Rider Shade
|
|-heal|p2a: Kyurem|37/100|[from] item: Leftovers
|upkeep
|
|t:|1769372396
|switch|p1a: Kamen Rider SwarmX|Lokix, M, shiny, tera:Bug|65/100
|turn|70
|
|t:|1769372398
|move|p2a: Kyurem|Protect|p2a: Kyurem
|-singleturn|p2a: Kyurem|Protect
|move|p1a: Kamen Rider SwarmX|Leech Life|p2a: Kyurem
|-activate|p2a: Kyurem|move: Protect
|
|-heal|p2a: Kyurem|43/100|[from] item: Leftovers
|upkeep
|turn|71
|
|t:|1769372415
|move|p2a: Kyurem|Freeze-Dry|p1a: Kamen Rider SwarmX
|-damage|p1a: Kamen Rider SwarmX|0 fnt
|faint|p1a: Kamen Rider SwarmX
|
|-heal|p2a: Kyurem|49/100|[from] item: Leftovers
|upkeep
|c|☆noamm|Gg
|
|t:|1769372421
|switch|p1a: Kamen Rider Torque|Great Tusk|46/100
|turn|72
|c|☆duckycrater|gg
|
|t:|1769372427
|move|p2a: Kyurem|Freeze-Dry|p1a: Kamen Rider Torque
|-supereffective|p1a: Kamen Rider Torque
|-damage|p1a: Kamen Rider Torque|0 fnt
|faint|p1a: Kamen Rider Torque
|-end|p1a: Kamen Rider Torque|Protosynthesis|[silent]
|
|-heal|p2a: Kyurem|55/100|[from] item: Leftovers
|upkeep
|
|t:|1769372428
|switch|p1a: Kamen Rider Scaven|Mandibuzz, F|73/100 brn
|turn|73
|
|t:|1769372431
|move|p2a: Kyurem|Freeze-Dry|p1a: Kamen Rider Scaven
|-supereffective|p1a: Kamen Rider Scaven
|-damage|p1a: Kamen Rider Scaven|12/100 brn
|move|p1a: Kamen Rider Scaven|Foul Play|p2a: Kyurem
|-damage|p2a: Kyurem|39/100
|
|-heal|p2a: Kyurem|45/100|[from] item: Leftovers
|-damage|p1a: Kamen Rider Scaven|6/100 brn|[from] brn
|upkeep
|turn|74
|
|t:|1769372434
|move|p2a: Kyurem|Freeze-Dry|p1a: Kamen Rider Scaven
|-supereffective|p1a: Kamen Rider Scaven
|-damage|p1a: Kamen Rider Scaven|0 fnt
|faint|p1a: Kamen Rider Scaven
|
|win|duckycrater
|player|p1|
