|j|☆IamGlup
|j|☆jsxlllll
|t:|1769436931
|gametype|singles
|player|p1|IamGlup|harlequin|1549
|player|p2|jsxlllll|cynthia-gen4|1616
|gen|9
|tier|[Gen 9] OU
|rated|
|rule|HP Percentage Mod: HP is shown in percentages
|rule|Endless Battle Clause: Forcing endless battles is banned
|rule|Species Clause: Limit one of each Pokémon
|rule|OHKO Clause: OHKO moves are banned
|rule|Evasion Items Clause: Evasion items are banned
|rule|Evasion Moves Clause: Evasion moves are banned
|rule|Evasion Abilities Clause: Evasion abilities are banned
|rule|Sleep Moves Clause: Sleep-inducing moves are banned
|clearpoke
|poke|p1|Zapdos-Galar|
|poke|p1|Blissey, F|
|poke|p1|Darkrai|
|poke|p1|Gliscor, M|
|poke|p1|Skarmory, F|
|poke|p1|Pecharunt|
|poke|p2|Sandy Shocks|
|poke|p2|Scizor, F|
|poke|p2|Manaphy|
|poke|p2|Latios, M|
|poke|p2|Ogerpon, F|
|poke|p2|Iron Jugulis|
|teampreview
|inactive|Battle timer is ON: inactive players will automatically lose when time's up. (requested by IamGlup)
|c|☆IamGlup|brah
|c|☆IamGlup|r u the same person or am i fighting this team 2x
|
|t:|1769436960
|teamsize|p1|6
|teamsize|p2|6
|start
|switch|p1a: Da Kicker|Zapdos-Galar|100/100
|switch|p2a: Sandy Shocks|Sandy Shocks|100/100
|-enditem|p2a: Sandy Shocks|Booster Energy
|-activate|p2a: Sandy Shocks|ability: Protosynthesis|[fromitem]
|-start|p2a: Sandy Shocks|protosynthesisspe
|turn|1
|
|t:|1769436967
|switch|p1a: Gliscor|Gliscor, M|100/100
|move|p2a: Sandy Shocks|Discharge|p1a: Gliscor
|-immune|p1a: Gliscor
|
|-status|p1a: Gliscor|tox|[from] item: Toxic Orb
|upkeep
|turn|2
|
|t:|1769436976
|-end|p2a: Sandy Shocks|Protosynthesis|[silent]
|switch|p2a: Iron Jugulis|Iron Jugulis|100/100
|-enditem|p2a: Iron Jugulis|Booster Energy
|-activate|p2a: Iron Jugulis|ability: Quark Drive|[fromitem]
|-start|p2a: Iron Jugulis|quarkdrivespe
|move|p1a: Gliscor|Swords Dance|p1a: Gliscor
|-boost|p1a: Gliscor|atk|2
|
|upkeep
|turn|3
|
|t:|1769436997
|switch|p1a: Blissey|Blissey, F|100/100
|move|p2a: Iron Jugulis|Hurricane|p1a: Blissey
|-damage|p1a: Blissey|85/100
|
|upkeep
|turn|4
|
|t:|1769437002
|move|p2a: Iron Jugulis|Taunt|p1a: Blissey
|-start|p1a: Blissey|move: Taunt
|move|p1a: Blissey|Seismic Toss|p2a: Iron Jugulis
|-damage|p2a: Iron Jugulis|70/100
|
|upkeep
|turn|5
|
|t:|1769437022
|-end|p2a: Iron Jugulis|Quark Drive|[silent]
|switch|p2a: Scizor|Scizor, F|100/100
|move|p1a: Blissey|Seismic Toss|p2a: Scizor
|-damage|p2a: Scizor|71/100
|
|upkeep
|turn|6
|
|t:|1769437029
|switch|p1a: Pecharunt|Pecharunt|100/100
|-item|p1a: Pecharunt|Air Balloon
|move|p2a: Scizor|Swords Dance|p2a: Scizor
|-boost|p2a: Scizor|atk|2
|
|upkeep
|turn|7
|
|t:|1769437040
|move|p1a: Pecharunt|Parting Shot|p2a: Scizor
|-unboost|p2a: Scizor|atk|1
|-unboost|p2a: Scizor|spa|1
|
|t:|1769437042
|switch|p1a: Skarmory|Skarmory, F|100/100|[from] Parting Shot
|move|p2a: Scizor|Knock Off|p1a: Skarmory
|-damage|p1a: Skarmory|65/100
|-damage|p2a: Scizor|55/100|[from] item: Rocky Helmet|[of] p1a: Skarmory
|-enditem|p1a: Skarmory|Rocky Helmet|[from] move: Knock Off|[of] p2a: Scizor
|
|upkeep
|turn|8
|
|t:|1769437049
|switch|p2a: Ogerpon|Ogerpon, F|100/100
|move|p1a: Skarmory|Roost|p1a: Skarmory
|-heal|p1a: Skarmory|100/100
|-singleturn|p1a: Skarmory|move: Roost
|
|upkeep
|turn|9
|
|t:|1769437054
|move|p2a: Ogerpon|Encore|p1a: Skarmory
|-start|p1a: Skarmory|Encore
|move|p1a: Skarmory|Roost||[still]
|-fail|p1a: Skarmory|heal
|
|upkeep
|turn|10
|
|t:|1769437060
|switch|p1a: Pecharunt|Pecharunt|100/100
|-item|p1a: Pecharunt|Air Balloon
|move|p2a: Ogerpon|Swords Dance|p2a: Ogerpon
|-boost|p2a: Ogerpon|atk|2
|
|upkeep
|turn|11
|
|t:|1769437065
|switch|p2a: Scizor|Scizor, F|55/100
|move|p1a: Pecharunt|Malignant Chain|p2a: Scizor
|-immune|p2a: Scizor
|
|upkeep
|turn|12
|
|t:|1769437070
|move|p1a: Pecharunt|Parting Shot|p2a: Scizor
|-unboost|p2a: Scizor|atk|1
|-unboost|p2a: Scizor|spa|1
|
|t:|1769437072
|switch|p1a: Skarmory|Skarmory, F|100/100|[from] Parting Shot
|move|p2a: Scizor|Swords Dance|p2a: Scizor
|-boost|p2a: Scizor|atk|2
|
|upkeep
|turn|13
|
|t:|1769437080
|move|p1a: Skarmory|Body Press|p2a: Scizor
|-damage|p2a: Scizor|26/100
|-enditem|p2a: Scizor|Sitrus Berry|[eat]
|-heal|p2a: Scizor|51/100|[from] item: Sitrus Berry
|move|p2a: Scizor|Close Combat|p1a: Skarmory
|-damage|p1a: Skarmory|61/100
|-unboost|p2a: Scizor|def|1
|-unboost|p2a: Scizor|spd|1
|
|upkeep
|turn|14
|
|t:|1769437087
|switch|p2a: Sandy Shocks|Sandy Shocks|100/100
|move|p1a: Skarmory|Roost|p1a: Skarmory
|-heal|p1a: Skarmory|100/100
|-singleturn|p1a: Skarmory|move: Roost
|
|upkeep
|turn|15
|
|t:|1769437091
|switch|p1a: Gliscor|Gliscor, M|100/100 tox
|move|p2a: Sandy Shocks|Stealth Rock|p1a: Gliscor
|-sidestart|p1: IamGlup|move: Stealth Rock
|
|upkeep
|turn|16
|
|t:|1769437097
|-end|p2a: Sandy Shocks|Protosynthesis|[silent]
|switch|p2a: Ogerpon|Ogerpon, F|100/100
|move|p1a: Gliscor|Knock Off|p2a: Ogerpon
|-damage|p2a: Ogerpon|75/100
|-enditem|p2a: Ogerpon|Mirror Herb|[from] move: Knock Off|[of] p1a: Gliscor
|
|upkeep
|turn|17
|
|t:|1769437108
|move|p1a: Gliscor|Protect|p1a: Gliscor
|-singleturn|p1a: Gliscor|Protect
|move|p2a: Ogerpon|Swords Dance|p2a: Ogerpon
|-boost|p2a: Ogerpon|atk|2
|
|upkeep
|turn|18
|
|t:|1769437118
|switch|p1a: Skarmory|Skarmory, F|100/100
|-damage|p1a: Skarmory|88/100|[from] Stealth Rock
|move|p2a: Ogerpon|Encore||[still]
|-fail|p2a: Ogerpon
|
|upkeep
|turn|19
|
|t:|1769437124
|move|p2a: Ogerpon|Swords Dance|p2a: Ogerpon
|-boost|p2a: Ogerpon|atk|2
|move|p1a: Skarmory|Body Press|p2a: Ogerpon
|-damage|p2a: Ogerpon|33/100
|
|upkeep
|turn|20
|
|t:|1769437133
|move|p2a: Ogerpon|Rock Tomb|p1a: Skarmory
|-damage|p1a: Skarmory|53/100
|-unboost|p1a: Skarmory|spe|1
|move|p1a: Skarmory|Body Press|p2a: Ogerpon
|-crit|p2a: Ogerpon
|-damage|p2a: Ogerpon|0 fnt
|faint|p2a: Ogerpon
|
|upkeep
|
|t:|1769437138
|switch|p2a: Sandy Shocks|Sandy Shocks|100/100
|turn|21
|
|t:|1769437145
|switch|p1a: Gliscor|Gliscor, M|100/100 tox
|-damage|p1a: Gliscor|88/100 tox|[from] Stealth Rock
|move|p2a: Sandy Shocks|Spikes|p1a: Gliscor
|-sidestart|p1: IamGlup|Spikes
|
|-heal|p1a: Gliscor|100/100 tox|[from] ability: Poison Heal
|upkeep
|turn|22
|
|t:|1769437154
|move|p2a: Sandy Shocks|Spikes|p1a: Gliscor
|-sidestart|p1: IamGlup|Spikes
|move|p1a: Gliscor|Facade|p2a: Sandy Shocks
|-damage|p2a: Sandy Shocks|66/100
|
|upkeep
|turn|23
|
|t:|1769437160
|move|p2a: Sandy Shocks|Spikes|p1a: Gliscor
|-sidestart|p1: IamGlup|Spikes
|move|p1a: Gliscor|Swords Dance|p1a: Gliscor
|-boost|p1a: Gliscor|atk|2
|
|upkeep
|turn|24
|
|t:|1769437173
|move|p2a: Sandy Shocks|Earth Power|p1a: Gliscor
|-immune|p1a: Gliscor
|move|p1a: Gliscor|Facade|p2a: Sandy Shocks
|-damage|p2a: Sandy Shocks|2/100
|
|upkeep
|turn|25
|
|t:|1769437182
|move|p2a: Sandy Shocks|Earth Power|p1a: Gliscor
|-immune|p1a: Gliscor
|move|p1a: Gliscor|Swords Dance|p1a: Gliscor
|-boost|p1a: Gliscor|atk|2
|
|upkeep
|turn|26
|
|t:|1769437192
|move|p2a: Sandy Shocks|Earth Power|p1a: Gliscor
|-immune|p1a: Gliscor
|move|p1a: Gliscor|Swords Dance|p1a: Gliscor
|-boost|p1a: Gliscor|atk|2
|
|upkeep
|turn|27
|
|t:|1769437195
|move|p2a: Sandy Shocks|Discharge|p1a: Gliscor
|-immune|p1a: Gliscor
|move|p1a: Gliscor|Facade|p2a: Sandy Shocks
|-damage|p2a: Sandy Shocks|0 fnt
|faint|p2a: Sandy Shocks
|-end|p2a: Sandy Shocks|Protosynthesis|[silent]
|
|upkeep
|
|t:|1769437198
|switch|p2a: Manaphy|Manaphy|100/100
|turn|28
|
|t:|1769437204
|-terastallize|p1a: Gliscor|Normal
|move|p2a: Manaphy|Ice Beam|p1a: Gliscor
|-damage|p1a: Gliscor|75/100 tox
|move|p1a: Gliscor|Facade|p2a: Manaphy
|-damage|p2a: Manaphy|0 fnt
|faint|p2a: Manaphy
|
|-heal|p1a: Gliscor|87/100 tox|[from] ability: Poison Heal
|upkeep
|
|t:|1769437216
|switch|p2a: Iron Jugulis|Iron Jugulis|70/100
|turn|29
|
|t:|1769437219
|move|p1a: Gliscor|Protect|p1a: Gliscor
|-singleturn|p1a: Gliscor|Protect
|move|p2a: Iron Jugulis|Hurricane|p1a: Gliscor
|-activate|p1a: Gliscor|move: Protect
|
|-heal|p1a: Gliscor|99/100 tox|[from] ability: Poison Heal
|upkeep
|turn|30
|
|t:|1769437223
|move|p2a: Iron Jugulis|Hurricane|p1a: Gliscor
|-damage|p1a: Gliscor|46/100 tox
|move|p1a: Gliscor|Facade|p2a: Iron Jugulis
|-damage|p2a: Iron Jugulis|0 fnt
|faint|p2a: Iron Jugulis
|-end|p2a: Iron Jugulis|Quark Drive|[silent]
|
|-heal|p1a: Gliscor|58/100 tox|[from] ability: Poison Heal
|upkeep
|
|t:|1769437236
|switch|p2a: Latios|Latios, M|100/100
|turn|31
|
|t:|1769437240
|-terastallize|p2a: Latios|Fighting
|move|p2a: Latios|Aura Sphere|p1a: Gliscor
|-supereffective|p1a: Gliscor
|-damage|p1a: Gliscor|0 fnt
|faint|p1a: Gliscor
|
|upkeep
|
|t:|1769437250
|switch|p1a: Da Kicker|Zapdos-Galar|100/100
|-damage|p1a: Da Kicker|88/100|[from] Stealth Rock
|turn|32
|
|t:|1769437260
|move|p1a: Da Kicker|Brave Bird|p2a: Latios
|-supereffective|p2a: Latios
|-damage|p2a: Latios|0 fnt
|faint|p2a: Latios
|-damage|p1a: Da Kicker|51/100|[from] Recoil
|
|upkeep
|
|t:|1769437263
|switch|p2a: Scizor|Scizor, F|51/100
|turn|33
|
|t:|1769437266
|move|p1a: Da Kicker|Brave Bird|p2a: Scizor
|-damage|p2a: Scizor|0 fnt
|faint|p2a: Scizor
|-damage|p1a: Da Kicker|33/100|[from] Recoil
|
|win|IamGlup
|raw|IamGlup's rating: 1549 &rarr; <strong>1573</strong><br />(+24 for winning)
|raw|jsxlllll's rating: 1616 &rarr; <strong>1592</strong><br />(-24 for losing)
|l|☆IamGlup
|player|p1|
|l|☆jsxlllll
|player|p2|
