|j|☆kabutopzboy
|j|☆6ftyghuigyug
|t:|1769370589
|gametype|singles
|player|p1|kabutopzboy|acetrainer-gen4|1346
|player|p2|6ftyghuigyug|hugh|1385
|gen|9
|tier|[Gen 9] OU
|rated|
|rule|HP Percentage Mod: HP is shown in percentages
|rule|Endless Battle Clause: Forcing endless battles is banned
|rule|Species Clause: Limit one of each Pokémon
|rule|OHKO Clause: OHKO moves are banned
|rule|Evasion Items Clause: Evasion items are banned
|rule|Evasion Moves Clause: Evasion moves are banned
|rule|Evasion Abilities Clause: Evasion abilities are banned
|rule|Sleep Moves Clause: Sleep-inducing moves are banned
|clearpoke
|poke|p1|Bisharp, F|
|poke|p1|Cinderace, F|
|poke|p1|Pelipper, M|
|poke|p1|Empoleon, M|
|poke|p1|Great Tusk|
|poke|p1|Spidops, M|
|poke|p2|Iron Moth|
|poke|p2|Samurott-Hisui, F|
|poke|p2|Dragapult, F|
|poke|p2|Enamorus, F|
|poke|p2|Ting-Lu|
|poke|p2|Kingambit, F|
|teampreview
|
|t:|1769370597
|teamsize|p1|6
|teamsize|p2|6
|start
|switch|p1a: Pelipper|Pelipper, M|100/100
|switch|p2a: Samurott|Samurott-Hisui, F, shiny|100/100
|-weather|RainDance|[from] ability: Drizzle|[of] p1a: Pelipper
|turn|1
|
|t:|1769370604
|move|p2a: Samurott|Ceaseless Edge|p1a: Pelipper
|-damage|p1a: Pelipper|46/100
|-sidestart|p1: kabutopzboy|Spikes
|move|p1a: Pelipper|Hurricane|p2a: Samurott
|-enditem|p2a: Samurott|Focus Sash
|-damage|p2a: Samurott|1/100
|-start|p2a: Samurott|confusion
|
|-weather|RainDance|[upkeep]
|upkeep
|turn|2
|
|t:|1769370616
|switch|p1a: Cinderace|Cinderace, F|100/100
|-activate|p2a: Samurott|confusion
|move|p2a: Samurott|Ceaseless Edge|p1a: Cinderace|[miss]
|-miss|p2a: Samurott|p1a: Cinderace
|
|-weather|RainDance|[upkeep]
|upkeep
|turn|3
|
|t:|1769370627
|move|p1a: Cinderace|Sucker Punch|p2a: Samurott
|-start|p1a: Cinderace|typechange|Dark|[from] ability: Libero
|-resisted|p2a: Samurott
|-damage|p2a: Samurott|0 fnt
|faint|p2a: Samurott
|
|-weather|RainDance|[upkeep]
|upkeep
|
|t:|1769370640
|switch|p2a: Enamorus|Enamorus, F|100/100
|turn|4
|
|t:|1769370652
|switch|p1a: Empoleon|Empoleon, M|100/100
|-damage|p1a: Empoleon|88/100|[from] Spikes
|move|p2a: Enamorus|Earth Power|p1a: Empoleon
|-supereffective|p1a: Empoleon
|-damage|p1a: Empoleon|44/100
|
|-weather|RainDance|[upkeep]
|upkeep
|turn|5
|
|t:|1769370661
|move|p2a: Enamorus|Earth Power|p1a: Empoleon
|-supereffective|p1a: Empoleon
|-damage|p1a: Empoleon|0 fnt
|faint|p1a: Empoleon
|
|-weather|none
|upkeep
|
|t:|1769370667
|switch|p1a: Cinderace|Cinderace, F|100/100
|turn|6
|
|t:|1769370677
|move|p1a: Cinderace|Court Change|p1a: Cinderace
|-start|p1a: Cinderace|typechange|Normal|[from] ability: Libero
|-swapsideconditions
|-activate|p1a: Cinderace|move: Court Change
|move|p2a: Enamorus|Moonblast|p1a: Cinderace
|-damage|p1a: Cinderace|28/100
|
|upkeep
|turn|7
|
|t:|1769370686
|switch|p2a: Dragapult|Dragapult, F|100/100
|-damage|p2a: Dragapult|88/100|[from] Spikes
|move|p1a: Cinderace|Gunk Shot|p2a: Dragapult
|-resisted|p2a: Dragapult
|-damage|p2a: Dragapult|61/100
|-status|p2a: Dragapult|psn
|
|-damage|p2a: Dragapult|49/100 psn|[from] psn
|upkeep
|turn|8
|
|t:|1769370700
|switch|p1a: Bisharp|Bisharp, F|100/100
|move|p2a: Dragapult|Sucker Punch||[still]
|-fail|p2a: Dragapult
|
|-damage|p2a: Dragapult|37/100 psn|[from] psn
|upkeep
|turn|9
|
|t:|1769370706
|switch|p2a: Ting-Lu|Ting-Lu|100/100
|-damage|p2a: Ting-Lu|88/100|[from] Spikes
|-ability|p2a: Ting-Lu|Vessel of Ruin
|move|p1a: Bisharp|Swords Dance|p1a: Bisharp
|-boost|p1a: Bisharp|atk|2
|
|upkeep
|turn|10
|
|t:|1769370714
|-terastallize|p1a: Bisharp|Fairy
|move|p1a: Bisharp|Tera Blast|p2a: Ting-Lu|[anim] Tera Blast Fairy
|-supereffective|p2a: Ting-Lu
|-damage|p2a: Ting-Lu|0 fnt
|faint|p2a: Ting-Lu
|
|upkeep
|
|t:|1769370726
|switch|p2a: Iron Moth|Iron Moth|100/100
|turn|11
|
|t:|1769370731
|-terastallize|p2a: Iron Moth|Fairy
|move|p1a: Bisharp|Sucker Punch|p2a: Iron Moth
|-resisted|p2a: Iron Moth
|-damage|p2a: Iron Moth|31/100
|move|p2a: Iron Moth|Sludge Wave|p1a: Bisharp
|-supereffective|p1a: Bisharp
|-crit|p1a: Bisharp
|-damage|p1a: Bisharp|0 fnt
|faint|p1a: Bisharp
|
|upkeep
|
|t:|1769370745
|switch|p1a: Cinderace|Cinderace, F|28/100
|turn|12
|
|t:|1769370751
|move|p1a: Cinderace|Gunk Shot|p2a: Iron Moth|[miss]
|-start|p1a: Cinderace|typechange|Poison|[from] ability: Libero
|-miss|p1a: Cinderace|p2a: Iron Moth
|move|p2a: Iron Moth|Fiery Dance|p1a: Cinderace
|-damage|p1a: Cinderace|0 fnt
|-boost|p2a: Iron Moth|spa|1
|faint|p1a: Cinderace
|
|upkeep
|
|t:|1769370760
|switch|p1a: Great Tusk|Great Tusk|100/100
|-enditem|p1a: Great Tusk|Booster Energy
|-activate|p1a: Great Tusk|ability: Protosynthesis|[fromitem]
|-start|p1a: Great Tusk|protosynthesisspe
|turn|13
|
|t:|1769370768
|move|p1a: Great Tusk|Headlong Rush|p2a: Iron Moth
|-damage|p2a: Iron Moth|0 fnt
|-unboost|p1a: Great Tusk|def|1
|-unboost|p1a: Great Tusk|spd|1
|faint|p2a: Iron Moth
|-end|p2a: Iron Moth|Quark Drive|[silent]
|
|upkeep
|
|t:|1769370777
|switch|p2a: Enamorus|Enamorus, F|100/100
|turn|14
|
|t:|1769370793
|move|p1a: Great Tusk|Ice Spinner|p2a: Enamorus
|-supereffective|p2a: Enamorus
|-damage|p2a: Enamorus|33/100
|move|p2a: Enamorus|Moonblast|p1a: Great Tusk
|-supereffective|p1a: Great Tusk
|-damage|p1a: Great Tusk|0 fnt
|faint|p1a: Great Tusk
|-end|p1a: Great Tusk|Protosynthesis|[silent]
|
|upkeep
|
|t:|1769370800
|switch|p1a: Pelipper|Pelipper, M|46/100
|-weather|RainDance|[from] ability: Drizzle|[of] p1a: Pelipper
|turn|15
|
|t:|1769370806
|move|p2a: Enamorus|Healing Wish|p2a: Enamorus
|faint|p2a: Enamorus
|move|p1a: Pelipper|Surf|p2: Enamorus|[notarget]
|-fail|p1a: Pelipper
|
|-weather|RainDance|[upkeep]
|upkeep
|
|t:|1769370811
|switch|p2a: Dragapult|Dragapult, F|37/100 psn
|-heal|p2a: Dragapult|100/100|[from] move: Healing Wish
|-damage|p2a: Dragapult|88/100|[from] Spikes
|turn|16
|
|t:|1769370816
|move|p2a: Dragapult|Dragon Darts|p1a: Pelipper
|-damage|p1a: Pelipper|0 fnt
|faint|p1a: Pelipper
|
|-weather|RainDance|[upkeep]
|upkeep
|
|t:|1769370821
|switch|p1a: Spidops|Spidops, M|100/100
|turn|17
|
|t:|1769370825
|move|p2a: Dragapult|Dragon Darts|p1a: Spidops
|-damage|p1a: Spidops|59/100
|-anim|p2a: Dragapult|Dragon Darts|p1a: Spidops
|-crit|p1a: Spidops
|-damage|p1a: Spidops|0 fnt
|faint|p1a: Spidops
|
|win|6ftyghuigyug
|raw|kabutopzboy's rating: 1346 &rarr; <strong>1328</strong><br />(-18 for losing)
|raw|6ftyghuigyug's rating: 1385 &rarr; <strong>1403</strong><br />(+18 for winning)
|l|☆kabutopzboy
|player|p1|
|l|☆6ftyghuigyug
|player|p2|
