|j|☆jessies boyfriend
|j|☆Carbonnate
|t:|1769355829
|gametype|singles
|player|p1|jessies boyfriend|brock|1360
|player|p2|Carbonnate|cilan|1363
|gen|9
|tier|[Gen 9] OU
|rated|
|rule|HP Percentage Mod: HP is shown in percentages
|rule|Endless Battle Clause: Forcing endless battles is banned
|rule|Species Clause: Limit one of each Pokémon
|rule|OHKO Clause: OHKO moves are banned
|rule|Evasion Items Clause: Evasion items are banned
|rule|Evasion Moves Clause: Evasion moves are banned
|rule|Evasion Abilities Clause: Evasion abilities are banned
|rule|Sleep Moves Clause: Sleep-inducing moves are banned
|clearpoke
|poke|p1|Rillaboom, F|
|poke|p1|Ninetales, M|
|poke|p1|Great Tusk|
|poke|p1|Typhlosion-Hisui, F|
|poke|p1|Ribombee, F|
|poke|p1|Keldeo-Resolute|
|poke|p2|Garganacl, F|
|poke|p2|Corviknight, F|
|poke|p2|Zamazenta-*|
|poke|p2|Ogerpon-Wellspring, F|
|poke|p2|Great Tusk|
|poke|p2|Darkrai|
|teampreview
|inactive|Battle timer is ON: inactive players will automatically lose when time's up. (requested by jessies boyfriend)
|
|t:|1769355841
|teamsize|p1|6
|teamsize|p2|6
|start
|switch|p1a: Ribombee|Ribombee, F|100/100
|switch|p2a: Great Tusk|Great Tusk|100/100
|turn|1
|
|t:|1769355851
|move|p1a: Ribombee|Stun Spore|p2a: Great Tusk
|-status|p2a: Great Tusk|par
|cant|p2a: Great Tusk|par
|
|upkeep
|turn|2
|
|t:|1769355862
|-end|p2a: Great Tusk|Protosynthesis|[silent]
|switch|p2a: Garganacl|Garganacl, F|100/100
|move|p1a: Ribombee|Moonblast|p2a: Garganacl
|-damage|p2a: Garganacl|60/100
|-unboost|p2a: Garganacl|spa|1
|
|-heal|p2a: Garganacl|67/100|[from] item: Leftovers
|upkeep
|turn|3
|
|t:|1769355870
|move|p1a: Ribombee|Sticky Web|p2a: Garganacl
|-sidestart|p2: Carbonnate|move: Sticky Web
|move|p2a: Garganacl|Salt Cure|p1a: Ribombee
|-supereffective|p1a: Ribombee
|-crit|p1a: Ribombee
|-damage|p1a: Ribombee|15/100
|
|-heal|p2a: Garganacl|73/100|[from] item: Leftovers
|upkeep
|turn|4
|
|t:|1769355880
|switch|p1a: Rillaboom|Rillaboom, F|100/100
|-fieldstart|move: Grassy Terrain|[from] ability: Grassy Surge|[of] p1a: Rillaboom
|move|p2a: Garganacl|Salt Cure|p1a: Rillaboom
|-damage|p1a: Rillaboom|89/100
|-start|p1a: Rillaboom|Salt Cure
|
|-heal|p1a: Rillaboom|95/100|[from] Grassy Terrain
|-heal|p2a: Garganacl|79/100|[from] Grassy Terrain
|-heal|p2a: Garganacl|85/100|[from] item: Leftovers
|-damage|p1a: Rillaboom|82/100|[from] Salt Cure
|upkeep
|turn|5
|
|t:|1769355890
|move|p2a: Garganacl|Protect|p2a: Garganacl
|-singleturn|p2a: Garganacl|Protect
|move|p1a: Rillaboom|Leech Seed|p2a: Garganacl
|-activate|p2a: Garganacl|move: Protect
|
|-heal|p1a: Rillaboom|89/100|[from] Grassy Terrain
|-heal|p2a: Garganacl|91/100|[from] Grassy Terrain
|-heal|p2a: Garganacl|98/100|[from] item: Leftovers
|-damage|p1a: Rillaboom|76/100|[from] Salt Cure
|upkeep
|turn|6
|
|t:|1769355902
|switch|p2a: Corviknight|Corviknight, F|100/100
|move|p1a: Rillaboom|U-turn|p2a: Corviknight
|-resisted|p2a: Corviknight
|-damage|p2a: Corviknight|98/100
|-damage|p1a: Rillaboom|60/100|[from] item: Rocky Helmet|[of] p2a: Corviknight
|
|t:|1769355906
|switch|p1a: Typhlosion|Typhlosion-Hisui, F|100/100|[from] U-turn
|
|upkeep
|turn|7
|
|t:|1769355917
|switch|p2a: Garganacl|Garganacl, F|98/100
|-activate|p2a: Garganacl|move: Sticky Web
|-unboost|p2a: Garganacl|spe|1
|move|p1a: Typhlosion|Eruption|p2a: Garganacl
|-resisted|p2a: Garganacl
|-damage|p2a: Garganacl|66/100
|
|-heal|p2a: Garganacl|72/100|[from] Grassy Terrain
|-heal|p2a: Garganacl|78/100|[from] item: Leftovers
|upkeep
|turn|8
|
|t:|1769355928
|switch|p1a: Rillaboom|Rillaboom, F|60/100
|move|p2a: Garganacl|Salt Cure|p1a: Rillaboom
|-damage|p1a: Rillaboom|48/100
|-start|p1a: Rillaboom|Salt Cure
|
|-heal|p1a: Rillaboom|55/100|[from] Grassy Terrain
|-heal|p2a: Garganacl|84/100|[from] Grassy Terrain
|-heal|p2a: Garganacl|90/100|[from] item: Leftovers
|-damage|p1a: Rillaboom|42/100|[from] Salt Cure
|upkeep
|turn|9
|
|t:|1769355938
|switch|p1a: Keldeo|Keldeo-Resolute|100/100
|move|p2a: Garganacl|Protect||[still]
|-fail|p2a: Garganacl
|
|-heal|p2a: Garganacl|97/100|[from] Grassy Terrain
|-heal|p2a: Garganacl|100/100|[from] item: Leftovers
|upkeep
|turn|10
|
|t:|1769355950
|switch|p2a: Corviknight|Corviknight, F|98/100
|move|p1a: Keldeo|Substitute|p1a: Keldeo
|-start|p1a: Keldeo|Substitute
|-damage|p1a: Keldeo|76/100
|
|-heal|p1a: Keldeo|82/100|[from] Grassy Terrain
|-heal|p1a: Keldeo|88/100|[from] item: Leftovers
|upkeep
|turn|11
|
|t:|1769355959
|move|p1a: Keldeo|Calm Mind|p1a: Keldeo
|-boost|p1a: Keldeo|spa|1
|-boost|p1a: Keldeo|spd|1
|move|p2a: Corviknight|U-turn|p1a: Keldeo
|-resisted|p1a: Keldeo
|-activate|p1a: Keldeo|move: Substitute|[damage]
|
|t:|1769355971
|switch|p2a: Ogerpon|Ogerpon-Wellspring, F|100/100|[from] U-turn
|-activate|p2a: Ogerpon|move: Sticky Web
|-unboost|p2a: Ogerpon|spe|1
|
|-heal|p1a: Keldeo|94/100|[from] Grassy Terrain
|-heal|p1a: Keldeo|100/100|[from] item: Leftovers
|-fieldend|move: Grassy Terrain
|upkeep
|turn|12
|
|t:|1769355978
|move|p1a: Keldeo|Secret Sword|p2a: Ogerpon
|-damage|p2a: Ogerpon|34/100
|move|p2a: Ogerpon|Horn Leech|p1a: Keldeo
|-supereffective|p1a: Keldeo
|-end|p1a: Keldeo|Substitute
|-heal|p2a: Ogerpon|46/100|[from] drain|[of] p1a: Keldeo
|
|upkeep
|turn|13
|
|t:|1769355986
|move|p1a: Keldeo|Secret Sword|p2a: Ogerpon
|-damage|p2a: Ogerpon|0 fnt
|faint|p2a: Ogerpon
|
|upkeep
|
|t:|1769355997
|switch|p2a: Darkrai|Darkrai|100/100
|-activate|p2a: Darkrai|move: Sticky Web
|-unboost|p2a: Darkrai|spe|1
|turn|14
|
|t:|1769356002
|-terastallize|p2a: Darkrai|Flying
|move|p1a: Keldeo|Secret Sword|p2a: Darkrai
|-resisted|p2a: Darkrai
|-damage|p2a: Darkrai|62/100
|move|p2a: Darkrai|Tera Blast|p1a: Keldeo|[anim] Tera Blast Flying
|-supereffective|p1a: Keldeo
|-damage|p1a: Keldeo|25/100
|-damage|p2a: Darkrai|52/100|[from] item: Life Orb
|
|-heal|p1a: Keldeo|31/100|[from] item: Leftovers
|upkeep
|turn|15
|-message|Carbonnate forfeited.
|
|win|jessies boyfriend
|raw|jessies boyfriend's rating: 1360 &rarr; <strong>1380</strong><br />(+20 for winning)
|raw|Carbonnate's rating: 1363 &rarr; <strong>1343</strong><br />(-20 for losing)
|l|☆Carbonnate
|player|p2|
|l|☆jessies boyfriend
|player|p1|
