|j|☆thrz_dayy
|j|☆smpark22
|t:|1769312110
|gametype|singles
|player|p1|thrz_dayy|janitor|1504
|player|p2|smpark22|102|1452
|gen|9
|tier|[Gen 9] OU
|rated|
|rule|HP Percentage Mod: HP is shown in percentages
|rule|Endless Battle Clause: Forcing endless battles is banned
|rule|Species Clause: Limit one of each Pokémon
|rule|OHKO Clause: OHKO moves are banned
|rule|Evasion Items Clause: Evasion items are banned
|rule|Evasion Moves Clause: Evasion moves are banned
|rule|Evasion Abilities Clause: Evasion abilities are banned
|rule|Sleep Moves Clause: Sleep-inducing moves are banned
|clearpoke
|poke|p1|Kingambit, M|
|poke|p1|Corviknight, M|
|poke|p1|Landorus-Therian, M|
|poke|p1|Iron Valiant|
|poke|p1|Slowking-Galar, M|
|poke|p1|Ogerpon, F|
|poke|p2|Decidueye, F|
|poke|p2|Primarina, M|
|poke|p2|Incineroar, F|
|poke|p2|Mudsdale, M|
|poke|p2|Vikavolt, F|
|poke|p2|Kommo-o, M|
|teampreview
|inactive|Battle timer is ON: inactive players will automatically lose when time's up. (requested by thrz_dayy)
|c|☆smpark22|glhf
|
|t:|1769312129
|teamsize|p1|6
|teamsize|p2|6
|start
|switch|p1a: Landorus|Landorus-Therian, M|100/100
|switch|p2a: Vikavolt|Vikavolt, F|100/100
|-ability|p1a: Landorus|Intimidate|boost
|-unboost|p2a: Vikavolt|atk|1
|turn|1
|
|t:|1769312135
|move|p1a: Landorus|Stone Edge|p2a: Vikavolt
|-supereffective|p2a: Vikavolt
|-damage|p2a: Vikavolt|25/100
|move|p2a: Vikavolt|Energy Ball|p1a: Landorus
|-damage|p1a: Landorus|35/100
|
|-heal|p1a: Landorus|41/100|[from] item: Leftovers
|upkeep
|turn|2
|
|t:|1769312146
|switch|p2a: Mudsdale|Mudsdale, M|100/100
|move|p1a: Landorus|Stone Edge|p2a: Mudsdale
|-resisted|p2a: Mudsdale
|-damage|p2a: Mudsdale|87/100
|-ability|p2a: Mudsdale|Stamina|boost
|-boost|p2a: Mudsdale|def|1
|
|-heal|p1a: Landorus|47/100|[from] item: Leftovers
|-heal|p2a: Mudsdale|93/100|[from] item: Leftovers
|upkeep
|turn|3
|
|t:|1769312155
|move|p1a: Landorus|Stealth Rock|p2a: Mudsdale
|-sidestart|p2: smpark22|move: Stealth Rock
|move|p2a: Mudsdale|Stealth Rock|p1a: Landorus
|-sidestart|p1: thrz_dayy|move: Stealth Rock
|
|-heal|p1a: Landorus|53/100|[from] item: Leftovers
|-heal|p2a: Mudsdale|99/100|[from] item: Leftovers
|upkeep
|turn|4
|
|t:|1769312161
|switch|p1a: Corviknight|Corviknight, M|100/100
|-damage|p1a: Corviknight|88/100|[from] Stealth Rock
|-ability|p1a: Corviknight|Pressure
|move|p2a: Mudsdale|Heavy Slam|p1a: Corviknight
|-resisted|p1a: Corviknight
|-damage|p1a: Corviknight|78/100
|-damage|p2a: Mudsdale|83/100|[from] item: Rocky Helmet|[of] p1a: Corviknight
|
|-heal|p2a: Mudsdale|89/100|[from] item: Leftovers
|upkeep
|turn|5
|
|t:|1769312181
|switch|p2a: Decidueye|Decidueye, F|100/100
|move|p1a: Corviknight|Defog|p2a: Decidueye
|-unboost|p2a: Decidueye|evasion|1
|-sideend|p2: smpark22|Stealth Rock|[from] move: Defog|[of] p1a: Corviknight
|-sideend|p1: thrz_dayy|Stealth Rock|[from] move: Defog|[of] p1a: Corviknight
|
|upkeep
|turn|6
|
|t:|1769312191
|move|p2a: Decidueye|Leaf Blade|p1a: Corviknight
|-resisted|p1a: Corviknight
|-damage|p1a: Corviknight|71/100
|move|p1a: Corviknight|U-turn|p2a: Decidueye
|-crit|p2a: Decidueye
|-damage|p2a: Decidueye|76/100
|
|t:|1769312207
|switch|p1a: Ogerpon|Ogerpon, F|100/100|[from] U-turn
|
|upkeep
|turn|7
|inactive|smpark22 has 120 seconds left.
|
|t:|1769312253
|switch|p2a: Kommo-o|Kommo-o, M|100/100
|move|p1a: Ogerpon|Knock Off|p2a: Kommo-o
|-resisted|p2a: Kommo-o
|-damage|p2a: Kommo-o|77/100
|-enditem|p2a: Kommo-o|Sitrus Berry|[from] move: Knock Off|[of] p1a: Ogerpon
|
|upkeep
|turn|8
|
|t:|1769312269
|switch|p1a: Iron Valiant|Iron Valiant|100/100
|move|p2a: Kommo-o|Close Combat|p1a: Iron Valiant
|-resisted|p1a: Iron Valiant
|-damage|p1a: Iron Valiant|66/100
|-unboost|p2a: Kommo-o|def|1
|-unboost|p2a: Kommo-o|spd|1
|
|upkeep
|turn|9
|
|t:|1769312278
|switch|p2a: Primarina|Primarina, M|100/100
|move|p1a: Iron Valiant|Moonblast|p2a: Primarina
|-damage|p2a: Primarina|43/100
|
|upkeep
|turn|10
|
|t:|1769312293
|-end|p1a: Iron Valiant|Quark Drive|[silent]
|switch|p1a: Slowking|Slowking-Galar, M|100/100
|switch|p2a: Incineroar|Incineroar, F|100/100
|-ability|p2a: Incineroar|Intimidate|boost
|-unboost|p1a: Slowking|atk|1
|
|upkeep
|turn|11
|
|t:|1769312299
|switch|p1a: Landorus|Landorus-Therian, M|53/100
|-ability|p1a: Landorus|Intimidate|boost
|-unboost|p2a: Incineroar|atk|1
|move|p2a: Incineroar|Knock Off|p1a: Landorus
|-damage|p1a: Landorus|21/100
|-enditem|p1a: Landorus|Leftovers|[from] move: Knock Off|[of] p2a: Incineroar
|
|upkeep
|turn|12
|
|t:|1769312314
|switch|p2a: Vikavolt|Vikavolt, F|25/100
|move|p1a: Landorus|Stealth Rock|p2a: Vikavolt
|-sidestart|p2: smpark22|move: Stealth Rock
|
|upkeep
|turn|13
|
|t:|1769312319
|move|p1a: Landorus|Stone Edge|p2a: Vikavolt
|-supereffective|p2a: Vikavolt
|-damage|p2a: Vikavolt|0 fnt
|faint|p2a: Vikavolt
|
|upkeep
|
|t:|1769312325
|switch|p2a: Decidueye|Decidueye, F|76/100
|turn|14
|
|t:|1769312344
|switch|p1a: Corviknight|Corviknight, M|71/100
|-ability|p1a: Corviknight|Pressure
|move|p2a: Decidueye|Defog|p1a: Corviknight
|-unboost|p1a: Corviknight|evasion|1
|-sideend|p2: smpark22|Stealth Rock|[from] move: Defog|[of] p2a: Decidueye
|
|upkeep
|turn|15
|
|t:|1769312353
|move|p2a: Decidueye|Roost|p2a: Decidueye
|-heal|p2a: Decidueye|100/100
|-singleturn|p2a: Decidueye|move: Roost
|move|p1a: Corviknight|U-turn|p2a: Decidueye
|-damage|p2a: Decidueye|84/100
|
|t:|1769312358
|switch|p1a: Ogerpon|Ogerpon, F|100/100|[from] U-turn
|
|upkeep
|turn|16
|
|t:|1769312365
|move|p1a: Ogerpon|U-turn|p2a: Decidueye
|-damage|p2a: Decidueye|46/100
|
|t:|1769312366
|switch|p1a: Corviknight|Corviknight, M|71/100|[from] U-turn
|-ability|p1a: Corviknight|Pressure
|move|p2a: Decidueye|Roost|p2a: Decidueye
|-heal|p2a: Decidueye|96/100
|-singleturn|p2a: Decidueye|move: Roost
|
|upkeep
|turn|17
|
|t:|1769312374
|move|p2a: Decidueye|Spirit Shackle|p1a: Corviknight
|-damage|p1a: Corviknight|50/100
|-activate|p1a: Corviknight|trapped
|move|p1a: Corviknight|U-turn|p2a: Decidueye
|-damage|p2a: Decidueye|81/100
|
|t:|1769312380
|switch|p1a: Kingambit|Kingambit, M|100/100|[from] U-turn
|
|upkeep
|turn|18
|
|t:|1769312384
|-end|p1a: Kingambit|fallenundefined|[silent]
|switch|p1a: Iron Valiant|Iron Valiant|66/100
|switch|p2a: Incineroar|Incineroar, F|100/100
|-ability|p2a: Incineroar|Intimidate|boost
|-unboost|p1a: Iron Valiant|atk|1
|
|upkeep
|turn|19
|
|t:|1769312396
|move|p1a: Iron Valiant|Moonblast|p2a: Incineroar
|-damage|p2a: Incineroar|52/100
|-unboost|p2a: Incineroar|spa|1
|move|p2a: Incineroar|Flare Blitz|p1a: Iron Valiant
|-damage|p1a: Iron Valiant|0 fnt
|faint|p1a: Iron Valiant
|-end|p1a: Iron Valiant|Quark Drive|[silent]
|-damage|p2a: Incineroar|36/100|[from] Recoil
|
|upkeep
|
|t:|1769312401
|switch|p1a: Landorus|Landorus-Therian, M|21/100
|-ability|p1a: Landorus|Intimidate|boost
|-unboost|p2a: Incineroar|atk|1
|turn|20
|
|t:|1769312409
|move|p1a: Landorus|Stealth Rock|p2a: Incineroar
|-sidestart|p2: smpark22|move: Stealth Rock
|move|p2a: Incineroar|Flare Blitz|p1a: Landorus
|-damage|p1a: Landorus|0 fnt
|faint|p1a: Landorus
|-damage|p2a: Incineroar|30/100|[from] Recoil
|
|upkeep
|
|t:|1769312412
|switch|p1a: Ogerpon|Ogerpon, F|100/100
|turn|21
|
|t:|1769312418
|move|p1a: Ogerpon|Low Kick|p2a: Incineroar
|-supereffective|p2a: Incineroar
|-damage|p2a: Incineroar|0 fnt
|faint|p2a: Incineroar
|
|upkeep
|
|t:|1769312434
|switch|p2a: Kommo-o|Kommo-o, M|77/100
|-damage|p2a: Kommo-o|71/100|[from] Stealth Rock
|turn|22
|
|t:|1769312442
|switch|p1a: Slowking|Slowking-Galar, M|100/100
|move|p2a: Kommo-o|Clangorous Soul|p2a: Kommo-o
|-boost|p2a: Kommo-o|atk|1
|-boost|p2a: Kommo-o|def|1
|-boost|p2a: Kommo-o|spa|1
|-boost|p2a: Kommo-o|spd|1
|-boost|p2a: Kommo-o|spe|1
|-damage|p2a: Kommo-o|38/100
|
|upkeep
|turn|23
|
|t:|1769312458
|-terastallize|p2a: Kommo-o|Steel
|move|p2a: Kommo-o|Iron Head|p1a: Slowking
|-damage|p1a: Slowking|51/100
|move|p1a: Slowking|Thunder Wave|p2a: Kommo-o
|-status|p2a: Kommo-o|par
|
|upkeep
|turn|24
|
|t:|1769312465
|move|p2a: Kommo-o|Iron Head|p1a: Slowking
|-damage|p1a: Slowking|0 fnt
|faint|p1a: Slowking
|
|upkeep
|
|t:|1769312470
|switch|p1a: Ogerpon|Ogerpon, F|100/100
|turn|25
|inactive|smpark22 has 120 seconds left.
|
|t:|1769312502
|move|p1a: Ogerpon|Low Kick|p2a: Kommo-o
|-supereffective|p2a: Kommo-o
|-damage|p2a: Kommo-o|0 fnt
|faint|p2a: Kommo-o
|
|upkeep
|inactive|smpark22 has 120 seconds left.
|
|t:|1769312510
|switch|p2a: Decidueye|Decidueye, F|81/100
|turn|26
|
|t:|1769312513
|switch|p1a: Kingambit|Kingambit, M|100/100
|-activate|p1a: Kingambit|ability: Supreme Overlord
|-start|p1a: Kingambit|fallen3|[silent]
|move|p2a: Decidueye|Defog|p1a: Kingambit
|-unboost|p1a: Kingambit|evasion|1
|-sideend|p2: smpark22|Stealth Rock|[from] move: Defog|[of] p2a: Decidueye
|
|upkeep
|turn|27
|
|t:|1769312520
|switch|p2a: Mudsdale|Mudsdale, M|89/100
|move|p1a: Kingambit|Swords Dance|p1a: Kingambit
|-boost|p1a: Kingambit|atk|2
|
|-heal|p2a: Mudsdale|95/100|[from] item: Leftovers
|upkeep
|turn|28
|
|t:|1769312529
|-end|p1a: Kingambit|fallen3|[silent]
|switch|p1a: Corviknight|Corviknight, M|50/100
|-ability|p1a: Corviknight|Pressure
|move|p2a: Mudsdale|Body Press|p1a: Corviknight
|-damage|p1a: Corviknight|37/100
|-damage|p2a: Mudsdale|79/100|[from] item: Rocky Helmet|[of] p1a: Corviknight
|
|-heal|p2a: Mudsdale|85/100|[from] item: Leftovers
|upkeep
|turn|29
|
|t:|1769312538
|move|p1a: Corviknight|Roost|p1a: Corviknight
|-heal|p1a: Corviknight|87/100
|-singleturn|p1a: Corviknight|move: Roost
|move|p2a: Mudsdale|Earthquake|p1a: Corviknight
|-supereffective|p1a: Corviknight
|-damage|p1a: Corviknight|32/100
|
|-heal|p2a: Mudsdale|91/100|[from] item: Leftovers
|upkeep
|turn|30
|
|t:|1769312553
|switch|p1a: Ogerpon|Ogerpon, F|100/100
|move|p2a: Mudsdale|Heavy Slam|p1a: Ogerpon
|-damage|p1a: Ogerpon|53/100
|
|-heal|p2a: Mudsdale|97/100|[from] item: Leftovers
|upkeep
|turn|31
|
|t:|1769312560
|switch|p2a: Decidueye|Decidueye, F|81/100
|-terastallize|p1a: Ogerpon|Grass
|detailschange|p1a: Ogerpon|Ogerpon-Teal-Tera, F, tera:Grass
|-ability|p1a: Ogerpon|Embody Aspect (Teal)|boost
|-boost|p1a: Ogerpon|spe|1
|move|p1a: Ogerpon|Ivy Cudgel|p2a: Decidueye
|-resisted|p2a: Decidueye
|-damage|p2a: Decidueye|33/100
|
|upkeep
|turn|32
|
|t:|1769312571
|move|p1a: Ogerpon|Ivy Cudgel|p2a: Decidueye
|-resisted|p2a: Decidueye
|-crit|p2a: Decidueye
|-damage|p2a: Decidueye|0 fnt
|faint|p2a: Decidueye
|
|upkeep
|
|t:|1769312576
|switch|p2a: Mudsdale|Mudsdale, M|97/100
|turn|33
|
|t:|1769312580
|move|p1a: Ogerpon|Ivy Cudgel|p2a: Mudsdale
|-supereffective|p2a: Mudsdale
|-damage|p2a: Mudsdale|0 fnt
|faint|p2a: Mudsdale
|
|upkeep
|c|☆thrz_dayy|GG
|
|t:|1769312585
|switch|p2a: Primarina|Primarina, M|43/100
|turn|34
|c|☆smpark22|gg
|
|t:|1769312588
|move|p1a: Ogerpon|Ivy Cudgel|p2a: Primarina
|-supereffective|p2a: Primarina
|-damage|p2a: Primarina|0 fnt
|faint|p2a: Primarina
|
|win|thrz_dayy
|raw|thrz_dayy's rating: 1504 &rarr; <strong>1521</strong><br />(+17 for winning)
|raw|smpark22's rating: 1452 &rarr; <strong>1435</strong><br />(-17 for losing)
|l|☆smpark22
|player|p2|
|l|☆thrz_dayy
|player|p1|
