|j|‽a3720
|j|☆151htyrneh
|t:|1769421996
|gametype|singles
|player|p1|a3720|1|1684
|player|p2|151htyrneh|wallace|1719
|gen|9
|tier|[Gen 9] OU
|rated|
|rule|HP Percentage Mod: HP is shown in percentages
|rule|Endless Battle Clause: Forcing endless battles is banned
|rule|Species Clause: Limit one of each Pokémon
|rule|OHKO Clause: OHKO moves are banned
|rule|Evasion Items Clause: Evasion items are banned
|rule|Evasion Moves Clause: Evasion moves are banned
|rule|Evasion Abilities Clause: Evasion abilities are banned
|rule|Sleep Moves Clause: Sleep-inducing moves are banned
|clearpoke
|poke|p1|Zoroark-Hisui, M|
|poke|p1|Dragapult, F|
|poke|p1|Tinkaton, F|
|poke|p1|Gliscor, F|
|poke|p1|Keldeo-Resolute|
|poke|p1|Amoonguss, M|
|poke|p2|Glimmora, F|
|poke|p2|Landorus-Therian, M|
|poke|p2|Kyurem|
|poke|p2|Kingambit, M|
|poke|p2|Iron Valiant|
|poke|p2|Hatterene, F|
|teampreview
|j| Fifo drummer
|inactive|Battle timer is ON: inactive players will automatically lose when time's up. (requested by 151htyrneh)
|inactive|a3720 has 120 seconds left.
|
|t:|1769422063
|teamsize|p1|6
|teamsize|p2|6
|start
|switch|p1a: Keldeo|Keldeo-Resolute|100/100
|switch|p2a: Landorus|Landorus-Therian, M|100/100
|-ability|p2a: Landorus|Intimidate|boost
|-unboost|p1a: Keldeo|atk|1
|turn|1
|
|t:|1769422080
|switch|p2a: Kyurem|Kyurem|100/100
|-ability|p2a: Kyurem|Pressure
|move|p1a: Keldeo|Surf|p2a: Kyurem
|-resisted|p2a: Kyurem
|-damage|p2a: Kyurem|88/100
|
|upkeep
|turn|2
|
|t:|1769422085
|move|p1a: Keldeo|Secret Sword|p2a: Kyurem
|-supereffective|p2a: Kyurem
|-damage|p2a: Kyurem|2/100
|move|p2a: Kyurem|Freeze-Dry|p1a: Keldeo
|-supereffective|p1a: Keldeo
|-damage|p1a: Keldeo|15/100
|
|upkeep
|turn|3
|
|t:|1769422094
|move|p1a: Keldeo|Surf|p2a: Kyurem
|-resisted|p2a: Kyurem
|-damage|p2a: Kyurem|0 fnt
|faint|p2a: Kyurem
|
|upkeep
|
|t:|1769422101
|switch|p2a: Iron Valiant|Iron Valiant|100/100
|-enditem|p2a: Iron Valiant|Booster Energy
|-activate|p2a: Iron Valiant|ability: Quark Drive|[fromitem]
|-start|p2a: Iron Valiant|quarkdrivespe
|turn|4
|
|t:|1769422112
|switch|p1a: Amoonguss|Amoonguss, M|100/100
|move|p2a: Iron Valiant|Close Combat|p1a: Amoonguss
|-resisted|p1a: Amoonguss
|-damage|p1a: Amoonguss|81/100
|-unboost|p2a: Iron Valiant|def|1
|-unboost|p2a: Iron Valiant|spd|1
|-damage|p2a: Iron Valiant|84/100|[from] item: Rocky Helmet|[of] p1a: Amoonguss
|
|upkeep
|turn|5
|
|t:|1769422121
|move|p2a: Iron Valiant|Taunt|p1a: Amoonguss
|-start|p1a: Amoonguss|move: Taunt
|move|p1a: Amoonguss|Giga Drain|p2a: Iron Valiant
|-damage|p2a: Iron Valiant|13/100
|-heal|p1a: Amoonguss|100/100|[from] drain|[of] p2a: Iron Valiant
|
|upkeep
|turn|6
|
|t:|1769422127
|move|p2a: Iron Valiant|Moonblast|p1a: Amoonguss
|-resisted|p1a: Amoonguss
|-damage|p1a: Amoonguss|78/100
|-unboost|p1a: Amoonguss|spa|1
|move|p1a: Amoonguss|Giga Drain|p2a: Iron Valiant
|-damage|p2a: Iron Valiant|0 fnt
|-heal|p1a: Amoonguss|83/100|[from] drain|[of] p2a: Iron Valiant
|faint|p2a: Iron Valiant
|-end|p2a: Iron Valiant|Quark Drive|[silent]
|
|upkeep
|
|t:|1769422128
|switch|p2a: Kingambit|Kingambit, M|100/100
|-activate|p2a: Kingambit|ability: Supreme Overlord
|-start|p2a: Kingambit|fallen2|[silent]
|turn|7
|l| Fifo drummer
|
|t:|1769422149
|switch|p1a: Gliscor|Gliscor, F|100/100
|move|p2a: Kingambit|Swords Dance|p2a: Kingambit
|-boost|p2a: Kingambit|atk|2
|
|-status|p1a: Gliscor|tox|[from] item: Toxic Orb
|upkeep
|turn|8
|
|t:|1769422155
|move|p2a: Kingambit|Sucker Punch|p1a: Gliscor
|-damage|p1a: Gliscor|9/100 tox
|move|p1a: Gliscor|Earthquake|p2a: Kingambit
|-supereffective|p2a: Kingambit
|-damage|p2a: Kingambit|48/100
|
|-heal|p1a: Gliscor|22/100 tox|[from] ability: Poison Heal
|upkeep
|turn|9
|
|t:|1769422165
|move|p2a: Kingambit|Sucker Punch||[still]
|-fail|p2a: Kingambit
|move|p1a: Gliscor|Spikes|p2a: Kingambit
|-sidestart|p2: 151htyrneh|Spikes
|
|-heal|p1a: Gliscor|34/100 tox|[from] ability: Poison Heal
|upkeep
|turn|10
|
|t:|1769422172
|move|p2a: Kingambit|Sucker Punch|p1a: Gliscor
|-damage|p1a: Gliscor|0 fnt
|faint|p1a: Gliscor
|
|upkeep
|
|t:|1769422181
|switch|p1a: Tinkaton|Tinkaton, F|100/100
|-item|p1a: Tinkaton|Air Balloon
|turn|11
|
|t:|1769422185
|move|p1a: Tinkaton|Encore|p2a: Kingambit
|-start|p2a: Kingambit|Encore
|move|p2a: Kingambit|Sucker Punch||[still]
|-fail|p2a: Kingambit
|
|upkeep
|turn|12
|-message|151htyrneh forfeited.
|
|win|a3720
|raw|a3720's rating: 1684 &rarr; <strong>1706</strong><br />(+22 for winning)
|raw|151htyrneh's rating: 1719 &rarr; <strong>1697</strong><br />(-22 for losing)
|l|☆151htyrneh
|player|p2|
