|j|☆big bod3
|j|☆omiorquemessi
|t:|1769302877
|gametype|singles
|player|p1|big bod3|marshal|1001
|player|p2|omiorquemessi|266|1005
|gen|9
|tier|[Gen 9] OU
|rated|
|rule|HP Percentage Mod: HP is shown in percentages
|rule|Endless Battle Clause: Forcing endless battles is banned
|rule|Species Clause: Limit one of each Pokémon
|rule|OHKO Clause: OHKO moves are banned
|rule|Evasion Items Clause: Evasion items are banned
|rule|Evasion Moves Clause: Evasion moves are banned
|rule|Evasion Abilities Clause: Evasion abilities are banned
|rule|Sleep Moves Clause: Sleep-inducing moves are banned
|clearpoke
|poke|p1|Glalie, F|
|poke|p1|Appletun, F|
|poke|p1|Galvantula, M|
|poke|p1|Palossand, F|
|poke|p1|Yanmega, F|
|poke|p1|Arboliva, M|
|poke|p2|Iron Moth|
|poke|p2|Glimmora, M|
|poke|p2|Rotom-Wash|
|poke|p2|Corviknight, M|
|poke|p2|Garchomp, M|
|poke|p2|Grimmsnarl, M|
|teampreview
|
|t:|1769302886
|teamsize|p1|6
|teamsize|p2|6
|start
|switch|p1a: ᛃᛖᛚpalo|Palossand, F, shiny|100/100
|switch|p2a: Grimmsnarl|Grimmsnarl, M|100/100
|turn|1
|
|t:|1769302895
|move|p2a: Grimmsnarl|Light Screen|p2a: Grimmsnarl
|-sidestart|p2: omiorquemessi|move: Light Screen
|move|p1a: ᛃᛖᛚpalo|Sludge Bomb|p2a: Grimmsnarl
|-supereffective|p2a: Grimmsnarl
|-damage|p2a: Grimmsnarl|80/100
|
|upkeep
|turn|2
|
|t:|1769302901
|move|p2a: Grimmsnarl|Reflect|p2a: Grimmsnarl
|-sidestart|p2: omiorquemessi|Reflect
|move|p1a: ᛃᛖᛚpalo|Sludge Bomb|p2a: Grimmsnarl
|-supereffective|p2a: Grimmsnarl
|-damage|p2a: Grimmsnarl|58/100
|
|upkeep
|turn|3
|
|t:|1769302909
|move|p2a: Grimmsnarl|Spirit Break|p1a: ᛃᛖᛚpalo
|-damage|p1a: ᛃᛖᛚpalo|75/100
|-unboost|p1a: ᛃᛖᛚpalo|spa|1
|move|p1a: ᛃᛖᛚpalo|Sludge Bomb|p2a: Grimmsnarl
|-supereffective|p2a: Grimmsnarl
|-damage|p2a: Grimmsnarl|42/100
|
|-heal|p1a: ᛃᛖᛚpalo|82/100|[from] item: Leftovers
|upkeep
|turn|4
|
|t:|1769302919
|switch|p2a: Glimmora|Glimmora, M|100/100
|move|p1a: ᛃᛖᛚpalo|Sludge Bomb|p2a: Glimmora
|-resisted|p2a: Glimmora
|-crit|p2a: Glimmora
|-damage|p2a: Glimmora|90/100
|
|-heal|p1a: ᛃᛖᛚpalo|88/100|[from] item: Leftovers
|upkeep
|turn|5
|
|t:|1769302928
|switch|p1a: ᛃᛟArbolive|Arboliva, M|100/100
|move|p2a: Glimmora|Stealth Rock|p1a: ᛃᛟArbolive
|-sidestart|p1: big bod3|move: Stealth Rock
|
|upkeep
|turn|6
|
|t:|1769302933
|move|p2a: Glimmora|Spikes|p1a: ᛃᛟArbolive
|-sidestart|p1: big bod3|Spikes
|move|p1a: ᛃᛟArbolive|Strength Sap|p2a: Glimmora
|-unboost|p2a: Glimmora|atk|1
|
|upkeep
|turn|7
|
|t:|1769302938
|move|p2a: Glimmora|Mortal Spin|p1a: ᛃᛟArbolive
|-supereffective|p1a: ᛃᛟArbolive
|-damage|p1a: ᛃᛟArbolive|92/100
|-status|p1a: ᛃᛟArbolive|psn
|-fieldstart|move: Grassy Terrain|[from] ability: Seed Sower|[of] p1a: ᛃᛟArbolive
|move|p1a: ᛃᛟArbolive|Growth|p1a: ᛃᛟArbolive
|-boost|p1a: ᛃᛟArbolive|atk|1
|-boost|p1a: ᛃᛟArbolive|spa|1
|
|-heal|p2a: Glimmora|96/100|[from] Grassy Terrain
|-heal|p1a: ᛃᛟArbolive|98/100 psn|[from] Grassy Terrain
|-heal|p1a: ᛃᛟArbolive|100/100 psn|[from] item: Leftovers
|-damage|p1a: ᛃᛟArbolive|88/100 psn|[from] psn
|upkeep
|turn|8
|
|t:|1769302951
|switch|p2a: Iron Moth|Iron Moth|100/100
|-item|p2a: Iron Moth|Air Balloon
|move|p1a: ᛃᛟArbolive|Growth|p1a: ᛃᛟArbolive
|-boost|p1a: ᛃᛟArbolive|atk|1
|-boost|p1a: ᛃᛟArbolive|spa|1
|
|-heal|p1a: ᛃᛟArbolive|94/100 psn|[from] Grassy Terrain
|-heal|p1a: ᛃᛟArbolive|99/100 psn|[from] item: Leftovers
|-damage|p1a: ᛃᛟArbolive|88/100 psn|[from] psn
|-sideend|p2: omiorquemessi|move: Light Screen
|upkeep
|turn|9
|
|t:|1769302964
|move|p1a: ᛃᛟArbolive|Protect|p1a: ᛃᛟArbolive
|-singleturn|p1a: ᛃᛟArbolive|Protect
|move|p2a: Iron Moth|Fiery Dance|p1a: ᛃᛟArbolive
|-activate|p1a: ᛃᛟArbolive|move: Protect
|
|-heal|p1a: ᛃᛟArbolive|94/100 psn|[from] Grassy Terrain
|-heal|p1a: ᛃᛟArbolive|99/100 psn|[from] item: Leftovers
|-damage|p1a: ᛃᛟArbolive|87/100 psn|[from] psn
|-sideend|p2: omiorquemessi|Reflect
|upkeep
|turn|10
|
|t:|1769302975
|move|p2a: Iron Moth|Fiery Dance|p1a: ᛃᛟArbolive
|-supereffective|p1a: ᛃᛟArbolive
|-damage|p1a: ᛃᛟArbolive|27/100 psn
|move|p1a: ᛃᛟArbolive|Leaf Storm|p2a: Iron Moth
|-resisted|p2a: Iron Moth
|-damage|p2a: Iron Moth|63/100
|-unboost|p1a: ᛃᛟArbolive|spa|2
|-enditem|p2a: Iron Moth|Air Balloon
|
|-heal|p2a: Iron Moth|69/100|[from] Grassy Terrain
|-heal|p1a: ᛃᛟArbolive|34/100 psn|[from] Grassy Terrain
|-heal|p1a: ᛃᛟArbolive|40/100 psn|[from] item: Leftovers
|-damage|p1a: ᛃᛟArbolive|27/100 psn|[from] psn
|upkeep
|turn|11
|
|t:|1769302991
|switch|p1a: ᛃᛖᛚpalo|Palossand, F, shiny|88/100
|-damage|p1a: ᛃᛖᛚpalo|82/100|[from] Stealth Rock
|-damage|p1a: ᛃᛖᛚpalo|69/100|[from] Spikes
|move|p2a: Iron Moth|Fiery Dance|p1a: ᛃᛖᛚpalo
|-damage|p1a: ᛃᛖᛚpalo|19/100
|-boost|p2a: Iron Moth|spa|1
|
|-heal|p2a: Iron Moth|75/100|[from] Grassy Terrain
|-heal|p1a: ᛃᛖᛚpalo|25/100|[from] Grassy Terrain
|-heal|p1a: ᛃᛖᛚpalo|32/100|[from] item: Leftovers
|-fieldend|move: Grassy Terrain
|upkeep
|turn|12
|
|t:|1769303003
|move|p2a: Iron Moth|Protect|p2a: Iron Moth
|-singleturn|p2a: Iron Moth|Protect
|move|p1a: ᛃᛖᛚpalo|Scorching Sands|p2a: Iron Moth
|-activate|p2a: Iron Moth|move: Protect
|
|-heal|p1a: ᛃᛖᛚpalo|38/100|[from] item: Leftovers
|upkeep
|turn|13
|
|t:|1769303010
|move|p2a: Iron Moth|Fiery Dance|p1a: ᛃᛖᛚpalo
|-damage|p1a: ᛃᛖᛚpalo|0 fnt
|faint|p1a: ᛃᛖᛚpalo
|
|upkeep
|
|t:|1769303014
|switch|p1a: ᛟᚷᛃWitchfruit|Appletun, F|100/100
|-damage|p1a: ᛟᚷᛃWitchfruit|88/100|[from] Stealth Rock
|-damage|p1a: ᛟᚷᛃWitchfruit|75/100|[from] Spikes
|turn|14
|
|t:|1769303026
|move|p2a: Iron Moth|Fiery Dance|p1a: ᛟᚷᛃWitchfruit
|-crit|p1a: ᛟᚷᛃWitchfruit
|-damage|p1a: ᛟᚷᛃWitchfruit|42/100
|-boost|p2a: Iron Moth|spa|1
|move|p1a: ᛟᚷᛃWitchfruit|Dragon Pulse|p2a: Iron Moth
|-damage|p2a: Iron Moth|42/100
|
|-heal|p1a: ᛟᚷᛃWitchfruit|48/100|[from] item: Leftovers
|upkeep
|turn|15
|
|t:|1769303037
|move|p2a: Iron Moth|Fiery Dance|p1a: ᛟᚷᛃWitchfruit
|-damage|p1a: ᛟᚷᛃWitchfruit|18/100
|-boost|p2a: Iron Moth|spa|1
|move|p1a: ᛟᚷᛃWitchfruit|Recover|p1a: ᛟᚷᛃWitchfruit
|-heal|p1a: ᛟᚷᛃWitchfruit|68/100
|
|-heal|p1a: ᛟᚷᛃWitchfruit|75/100|[from] item: Leftovers
|upkeep
|turn|16
|
|t:|1769303049
|move|p2a: Iron Moth|Fiery Dance|p1a: ᛟᚷᛃWitchfruit
|-damage|p1a: ᛟᚷᛃWitchfruit|40/100
|-boost|p2a: Iron Moth|spa|1
|move|p1a: ᛟᚷᛃWitchfruit|Dragon Pulse|p2a: Iron Moth
|-damage|p2a: Iron Moth|13/100
|
|-heal|p1a: ᛟᚷᛃWitchfruit|46/100|[from] item: Leftovers
|upkeep
|turn|17
|
|t:|1769303059
|move|p2a: Iron Moth|U-turn|p1a: ᛟᚷᛃWitchfruit
|-supereffective|p1a: ᛟᚷᛃWitchfruit
|-damage|p1a: ᛟᚷᛃWitchfruit|24/100
|
|t:|1769303066
|-end|p2a: Iron Moth|Quark Drive|[silent]
|switch|p2a: Grimmsnarl|Grimmsnarl, M|42/100|[from] U-turn
|move|p1a: ᛟᚷᛃWitchfruit|Recover|p1a: ᛟᚷᛃWitchfruit
|-heal|p1a: ᛟᚷᛃWitchfruit|74/100
|
|-heal|p1a: ᛟᚷᛃWitchfruit|80/100|[from] item: Leftovers
|upkeep
|turn|18
|
|t:|1769303077
|switch|p1a: ᛏᚷYaneem|Yanmega, F, shiny|100/100
|-damage|p1a: ᛏᚷYaneem|51/100|[from] Stealth Rock
|move|p2a: Grimmsnarl|Light Screen|p2a: Grimmsnarl
|-sidestart|p2: omiorquemessi|move: Light Screen
|
|upkeep
|turn|19
|
|t:|1769303085
|move|p2a: Grimmsnarl|Reflect|p2a: Grimmsnarl
|-sidestart|p2: omiorquemessi|Reflect
|move|p1a: ᛏᚷYaneem|Air Slash|p2a: Grimmsnarl
|-damage|p2a: Grimmsnarl|28/100
|
|-ability|p1a: ᛏᚷYaneem|Speed Boost|boost
|-boost|p1a: ᛏᚷYaneem|spe|1
|upkeep
|turn|20
|
|t:|1769303093
|switch|p2a: Garchomp|Garchomp, M|100/100
|move|p1a: ᛏᚷYaneem|Bug Buzz|p2a: Garchomp
|-damage|p2a: Garchomp|74/100
|-unboost|p2a: Garchomp|spd|1
|
|-ability|p1a: ᛏᚷYaneem|Speed Boost|boost
|-boost|p1a: ᛏᚷYaneem|spe|1
|upkeep
|turn|21
|
|t:|1769303107
|move|p1a: ᛏᚷYaneem|Bug Buzz|p2a: Garchomp
|-damage|p2a: Garchomp|35/100
|move|p2a: Garchomp|Swords Dance|p2a: Garchomp
|-boost|p2a: Garchomp|atk|2
|
|-ability|p1a: ᛏᚷYaneem|Speed Boost|boost
|-boost|p1a: ᛏᚷYaneem|spe|1
|upkeep
|turn|22
|
|t:|1769303123
|move|p1a: ᛏᚷYaneem|Bug Buzz|p2a: Garchomp
|-damage|p2a: Garchomp|0 fnt
|faint|p2a: Garchomp
|
|-ability|p1a: ᛏᚷYaneem|Speed Boost|boost
|-boost|p1a: ᛏᚷYaneem|spe|1
|upkeep
|-message|omiorquemessi forfeited.
|
|win|big bod3
|raw|big bod3's rating: 1001 &rarr; <strong>1041</strong><br />(+40 for winning)
|raw|omiorquemessi's rating: 1005 &rarr; <strong>1000</strong><br />(-5 for losing)
|l|☆omiorquemessi
|player|p2|
