|j|☆LifeIsLifeSlop
|j|☆stormhero
|t:|1769405981
|gametype|singles
|player|p1|LifeIsLifeSlop|swimmerf-gen4|1518
|player|p2|stormhero|hugh|1464
|gen|9
|tier|[Gen 9] OU
|rated|
|rule|HP Percentage Mod: HP is shown in percentages
|rule|Endless Battle Clause: Forcing endless battles is banned
|rule|Species Clause: Limit one of each Pokémon
|rule|OHKO Clause: OHKO moves are banned
|rule|Evasion Items Clause: Evasion items are banned
|rule|Evasion Moves Clause: Evasion moves are banned
|rule|Evasion Abilities Clause: Evasion abilities are banned
|rule|Sleep Moves Clause: Sleep-inducing moves are banned
|clearpoke
|poke|p1|Ceruledge, F|
|poke|p1|Torkoal, F|
|poke|p1|Iron Moth|
|poke|p1|Walking Wake|
|poke|p1|Great Tusk|
|poke|p1|Kingambit, M|
|poke|p2|Cinderace, M|
|poke|p2|Gholdengo|
|poke|p2|Meowscarada, M|
|poke|p2|Ogerpon-Cornerstone, F|
|poke|p2|Ting-Lu|
|poke|p2|Primarina, M|
|teampreview
|inactive|Battle timer is ON: inactive players will automatically lose when time's up. (requested by LifeIsLifeSlop)
|
|t:|1769405993
|teamsize|p1|6
|teamsize|p2|6
|start
|switch|p1a: Torkoal|Torkoal, F|100/100
|switch|p2a: Ogerpon|Ogerpon-Cornerstone, F|100/100
|-weather|SunnyDay|[from] ability: Drought|[of] p1a: Torkoal
|turn|1
|
|t:|1769406001
|move|p2a: Ogerpon|Swords Dance|p2a: Ogerpon
|-boost|p2a: Ogerpon|atk|2
|move|p1a: Torkoal|Will-O-Wisp|p2a: Ogerpon
|-status|p2a: Ogerpon|brn
|
|-weather|SunnyDay|[upkeep]
|-damage|p2a: Ogerpon|95/100 brn|[from] brn
|upkeep
|turn|2
|
|t:|1769406009
|move|p2a: Ogerpon|Encore|p1a: Torkoal
|-start|p1a: Torkoal|Encore
|move|p1a: Torkoal|Will-O-Wisp|p2a: Ogerpon
|-fail|p2a: Ogerpon|brn
|
|-weather|SunnyDay|[upkeep]
|-damage|p2a: Ogerpon|89/100 brn|[from] brn
|upkeep
|turn|3
|
|t:|1769406024
|switch|p1a: Great Tusk|Great Tusk|100/100
|-activate|p1a: Great Tusk|ability: Protosynthesis
|-start|p1a: Great Tusk|protosynthesisspe
|move|p2a: Ogerpon|Seed Bomb|p1a: Great Tusk
|-supereffective|p1a: Great Tusk
|-damage|p1a: Great Tusk|42/100
|
|-weather|SunnyDay|[upkeep]
|-damage|p2a: Ogerpon|83/100 brn|[from] brn
|upkeep
|turn|4
|
|t:|1769406034
|switch|p2a: Ting-Lu|Ting-Lu|100/100
|-ability|p2a: Ting-Lu|Vessel of Ruin
|move|p1a: Great Tusk|Headlong Rush|p2a: Ting-Lu
|-damage|p2a: Ting-Lu|77/100
|-unboost|p1a: Great Tusk|def|1
|-unboost|p1a: Great Tusk|spd|1
|
|-weather|SunnyDay|[upkeep]
|-heal|p2a: Ting-Lu|83/100|[from] item: Leftovers
|upkeep
|turn|5
|
|t:|1769406044
|move|p1a: Great Tusk|Close Combat|p2a: Ting-Lu
|-supereffective|p2a: Ting-Lu
|-damage|p2a: Ting-Lu|35/100
|-unboost|p1a: Great Tusk|def|1
|-unboost|p1a: Great Tusk|spd|1
|move|p2a: Ting-Lu|Spikes|p1a: Great Tusk
|-sidestart|p1: LifeIsLifeSlop|Spikes
|
|-weather|SunnyDay|[upkeep]
|-heal|p2a: Ting-Lu|41/100|[from] item: Leftovers
|upkeep
|turn|6
|
|t:|1769406063
|move|p1a: Great Tusk|Ice Spinner|p2a: Ting-Lu
|-supereffective|p2a: Ting-Lu
|-damage|p2a: Ting-Lu|19/100
|move|p2a: Ting-Lu|Spikes|p1a: Great Tusk
|-sidestart|p1: LifeIsLifeSlop|Spikes
|
|-weather|SunnyDay|[upkeep]
|-heal|p2a: Ting-Lu|26/100|[from] item: Leftovers
|upkeep
|turn|7
|
|t:|1769406072
|move|p1a: Great Tusk|Ice Spinner|p2a: Ting-Lu
|-supereffective|p2a: Ting-Lu
|-damage|p2a: Ting-Lu|4/100
|move|p2a: Ting-Lu|Whirlwind|p1a: Great Tusk
|-end|p1a: Great Tusk|Protosynthesis|[silent]
|drag|p1a: Kingambit|Kingambit, M|100/100
|-damage|p1a: Kingambit|84/100|[from] Spikes
|
|-weather|SunnyDay|[upkeep]
|-heal|p1a: Kingambit|90/100|[from] item: Leftovers
|-heal|p2a: Ting-Lu|10/100|[from] item: Leftovers
|upkeep
|turn|8
|
|t:|1769406082
|move|p1a: Kingambit|Iron Head|p2a: Ting-Lu
|-damage|p2a: Ting-Lu|0 fnt
|faint|p2a: Ting-Lu
|
|-weather|none
|-heal|p1a: Kingambit|96/100|[from] item: Leftovers
|upkeep
|
|t:|1769406101
|switch|p2a: ACE|Cinderace, M, shiny|100/100
|turn|9
|
|t:|1769406105
|-end|p1a: Kingambit|fallenundefined|[silent]
|switch|p1a: Torkoal|Torkoal, F|100/100
|-damage|p1a: Torkoal|84/100|[from] Spikes
|-weather|SunnyDay|[from] ability: Drought|[of] p1a: Torkoal
|move|p2a: ACE|U-turn|p1a: Torkoal
|-start|p2a: ACE|typechange|Bug|[from] ability: Libero
|-resisted|p1a: Torkoal
|-damage|p1a: Torkoal|72/100
|
|t:|1769406120
|switch|p2a: Ogerpon|Ogerpon-Cornerstone, F|83/100 brn|[from] U-turn
|
|-weather|SunnyDay|[upkeep]
|-damage|p2a: Ogerpon|77/100 brn|[from] brn
|upkeep
|turn|10
|
|t:|1769406125
|move|p2a: Ogerpon|Swords Dance|p2a: Ogerpon
|-boost|p2a: Ogerpon|atk|2
|move|p1a: Torkoal|Rapid Spin|p2a: Ogerpon
|-resisted|p2a: Ogerpon
|-damage|p2a: Ogerpon|71/100 brn
|-boost|p1a: Torkoal|spe|1
|-sideend|p1: LifeIsLifeSlop|Spikes|[from] move: Rapid Spin|[of] p1a: Torkoal
|
|-weather|SunnyDay|[upkeep]
|-damage|p2a: Ogerpon|65/100 brn|[from] brn
|upkeep
|turn|11
|
|t:|1769406135
|move|p2a: Ogerpon|Ivy Cudgel|p1a: Torkoal|[anim] Ivy Cudgel Rock
|-supereffective|p1a: Torkoal
|-damage|p1a: Torkoal|0 fnt
|faint|p1a: Torkoal
|
|-weather|SunnyDay|[upkeep]
|-damage|p2a: Ogerpon|59/100 brn|[from] brn
|upkeep
|
|t:|1769406142
|switch|p1a: Iron Moth|Iron Moth|100/100
|-enditem|p1a: Iron Moth|Booster Energy
|-activate|p1a: Iron Moth|ability: Quark Drive|[fromitem]
|-start|p1a: Iron Moth|quarkdrivespe
|turn|12
|
|t:|1769406155
|move|p1a: Iron Moth|Fiery Dance|p2a: Ogerpon
|-damage|p2a: Ogerpon|0 fnt
|faint|p2a: Ogerpon
|
|-weather|SunnyDay|[upkeep]
|upkeep
|
|t:|1769406163
|switch|p2a: Primarina|Primarina, M, shiny|100/100
|turn|13
|
|t:|1769406177
|move|p1a: Iron Moth|Sludge Wave|p2a: Primarina
|-supereffective|p2a: Primarina
|-damage|p2a: Primarina|44/100
|move|p2a: Primarina|Psychic Noise|p1a: Iron Moth
|-supereffective|p1a: Iron Moth
|-damage|p1a: Iron Moth|47/100
|-start|p1a: Iron Moth|move: Heal Block
|
|-weather|SunnyDay|[upkeep]
|upkeep
|turn|14
|
|t:|1769406205
|move|p1a: Iron Moth|Sludge Wave|p2a: Primarina
|-supereffective|p2a: Primarina
|-damage|p2a: Primarina|0 fnt
|faint|p2a: Primarina
|
|-weather|SunnyDay|[upkeep]
|-end|p1a: Iron Moth|move: Heal Block
|upkeep
|
|t:|1769406213
|switch|p2a: ACE|Cinderace, M, shiny|100/100
|turn|15
|
|t:|1769406215
|move|p1a: Iron Moth|Sludge Wave|p2a: ACE
|-damage|p2a: ACE|33/100
|move|p2a: ACE|Pyro Ball|p1a: Iron Moth
|-resisted|p1a: Iron Moth
|-damage|p1a: Iron Moth|0 fnt
|faint|p1a: Iron Moth
|-end|p1a: Iron Moth|Quark Drive|[silent]
|
|-weather|SunnyDay|[upkeep]
|upkeep
|
|t:|1769406219
|switch|p1a: Ceruledge|Ceruledge, F|100/100
|turn|16
|inactive|stormhero has 120 seconds left.
|
|t:|1769406266
|switch|p2a: Meowscarada|Meowscarada, M, shiny|100/100
|move|p1a: Ceruledge|Swords Dance|p1a: Ceruledge
|-boost|p1a: Ceruledge|atk|2
|
|-weather|none
|upkeep
|turn|17
|
|t:|1769406289
|-terastallize|p2a: Meowscarada|Ice
|move|p2a: Meowscarada|Triple Axel|p1a: Ceruledge
|-resisted|p1a: Ceruledge
|-damage|p1a: Ceruledge|91/100
|-ability|p1a: Ceruledge|Weak Armor|boost
|-unboost|p1a: Ceruledge|def|1
|-boost|p1a: Ceruledge|spe|2
|-resisted|p1a: Ceruledge
|-damage|p1a: Ceruledge|61/100
|-ability|p1a: Ceruledge|Weak Armor|boost
|-unboost|p1a: Ceruledge|def|1
|-boost|p1a: Ceruledge|spe|2
|-resisted|p1a: Ceruledge
|-damage|p1a: Ceruledge|5/100
|-ability|p1a: Ceruledge|Weak Armor|boost
|-unboost|p1a: Ceruledge|def|1
|-boost|p1a: Ceruledge|spe|2
|-hitcount|p1a: Ceruledge|3
|move|p1a: Ceruledge|Bitter Blade|p2a: Meowscarada
|-supereffective|p2a: Meowscarada
|-damage|p2a: Meowscarada|0 fnt
|-heal|p1a: Ceruledge|56/100|[from] drain|[of] p2a: Meowscarada
|faint|p2a: Meowscarada
|
|upkeep
|inactive|stormhero has 90 seconds left.
|-message|stormhero forfeited.
|
|win|LifeIsLifeSlop
|raw|LifeIsLifeSlop's rating: 1518 &rarr; <strong>1535</strong><br />(+17 for winning)
|raw|stormhero's rating: 1464 &rarr; <strong>1447</strong><br />(-17 for losing)
|l|☆stormhero
|player|p2|
|l|☆LifeIsLifeSlop
|player|p1|
