|j|☆UnitedDank
|j|☆poopseydoopsey
|t:|1769304980
|gametype|singles
|player|p1|UnitedDank|youngn|1515
|player|p2|poopseydoopsey|hiker-gen6|1610
|gen|9
|tier|[Gen 9] OU
|rated|
|rule|HP Percentage Mod: HP is shown in percentages
|rule|Endless Battle Clause: Forcing endless battles is banned
|rule|Species Clause: Limit one of each Pokémon
|rule|OHKO Clause: OHKO moves are banned
|rule|Evasion Items Clause: Evasion items are banned
|rule|Evasion Moves Clause: Evasion moves are banned
|rule|Evasion Abilities Clause: Evasion abilities are banned
|rule|Sleep Moves Clause: Sleep-inducing moves are banned
|clearpoke
|poke|p1|Ribombee, M|
|poke|p1|Gholdengo|
|poke|p1|Great Tusk|
|poke|p1|Raging Bolt|
|poke|p1|Ogerpon-Cornerstone, F|
|poke|p1|Ceruledge, F|
|poke|p2|Dragapult, M|
|poke|p2|Samurott-Hisui, F|
|poke|p2|Dragonite, F|
|poke|p2|Great Tusk|
|poke|p2|Rillaboom, F|
|poke|p2|Heatran, F|
|teampreview
|inactive|Battle timer is ON: inactive players will automatically lose when time's up. (requested by poopseydoopsey)
|
|t:|1769305000
|teamsize|p1|6
|teamsize|p2|6
|start
|switch|p1a: Ribombee|Ribombee, M|100/100
|switch|p2a: Heatran|Heatran, F|100/100
|turn|1
|
|t:|1769305006
|move|p1a: Ribombee|Sticky Web|p2a: Heatran
|-sidestart|p2: poopseydoopsey|move: Sticky Web
|move|p2a: Heatran|Stealth Rock|p1a: Ribombee
|-sidestart|p1: UnitedDank|move: Stealth Rock
|
|upkeep
|turn|2
|
|t:|1769305014
|switch|p2a: Rillaboom|Rillaboom, F|100/100
|-activate|p2a: Rillaboom|move: Sticky Web
|-unboost|p2a: Rillaboom|spe|1
|-fieldstart|move: Grassy Terrain|[from] ability: Grassy Surge|[of] p2a: Rillaboom
|move|p1a: Ribombee|Stun Spore|p2a: Rillaboom
|-immune|p2a: Rillaboom
|
|upkeep
|turn|3
|
|t:|1769305020
|move|p2a: Rillaboom|Grassy Glide|p1a: Ribombee
|-resisted|p1a: Ribombee
|-damage|p1a: Ribombee|40/100
|move|p1a: Ribombee|Moonblast|p2a: Rillaboom
|-damage|p2a: Rillaboom|42/100
|
|-heal|p1a: Ribombee|46/100|[from] Grassy Terrain
|-heal|p2a: Rillaboom|48/100|[from] Grassy Terrain
|upkeep
|turn|4
|
|t:|1769305025
|move|p2a: Rillaboom|Grassy Glide|p1a: Ribombee
|-resisted|p1a: Ribombee
|-damage|p1a: Ribombee|0 fnt
|faint|p1a: Ribombee
|
|-heal|p2a: Rillaboom|54/100|[from] Grassy Terrain
|upkeep
|
|t:|1769305032
|switch|p1a: Great Tusk|Great Tusk|100/100
|-damage|p1a: Great Tusk|98/100|[from] Stealth Rock
|-enditem|p1a: Great Tusk|Booster Energy
|-activate|p1a: Great Tusk|ability: Protosynthesis|[fromitem]
|-start|p1a: Great Tusk|protosynthesisatk
|turn|5
|
|t:|1769305037
|-terastallize|p2a: Rillaboom|Grass
|move|p2a: Rillaboom|Grassy Glide|p1a: Great Tusk
|-supereffective|p1a: Great Tusk
|-damage|p1a: Great Tusk|0 fnt
|faint|p1a: Great Tusk
|-end|p1a: Great Tusk|Protosynthesis|[silent]
|
|-heal|p2a: Rillaboom|61/100|[from] Grassy Terrain
|upkeep
|inactive|UnitedDank has 120 seconds left.
|
|t:|1769305069
|switch|p1a: Ogerpon|Ogerpon-Cornerstone, F|100/100
|-damage|p1a: Ogerpon|88/100|[from] Stealth Rock
|turn|6
|
|t:|1769305095
|move|p2a: Rillaboom|Grassy Glide|p1a: Ogerpon
|-damage|p1a: Ogerpon|0 fnt
|faint|p1a: Ogerpon
|
|-heal|p2a: Rillaboom|67/100|[from] Grassy Terrain
|-fieldend|move: Grassy Terrain
|upkeep
|c|☆poopseydoopsey|bro?
|c|☆UnitedDank|little drunk my fault g
|inactive|UnitedDank has 120 seconds left.
|c|☆poopseydoopsey|lol u good bro
|
|t:|1769305119
|switch|p1a: Ceruledge|Ceruledge, F, shiny|100/100
|-damage|p1a: Ceruledge|76/100|[from] Stealth Rock
|turn|7
|inactive|UnitedDank has 120 seconds left.
|
|t:|1769305133
|switch|p2a: Samurott|Samurott-Hisui, F|100/100
|-activate|p2a: Samurott|move: Sticky Web
|-unboost|p2a: Samurott|spe|1
|-terastallize|p1a: Ceruledge|Fighting
|move|p1a: Ceruledge|Swords Dance|p1a: Ceruledge
|-boost|p1a: Ceruledge|atk|2
|
|upkeep
|turn|8
|
|t:|1769305140
|move|p1a: Ceruledge|Close Combat|p2a: Samurott
|-supereffective|p2a: Samurott
|-damage|p2a: Samurott|0 fnt
|-unboost|p1a: Ceruledge|def|1
|-unboost|p1a: Ceruledge|spd|1
|faint|p2a: Samurott
|
|upkeep
|
|t:|1769305148
|switch|p2a: Dragonite|Dragonite, F|100/100
|turn|9
|
|t:|1769305162
|switch|p1a: Gholdengo|Gholdengo|100/100
|-damage|p1a: Gholdengo|94/100|[from] Stealth Rock
|-item|p1a: Gholdengo|Air Balloon
|move|p2a: Dragonite|Scale Shot|p1a: Gholdengo
|-resisted|p1a: Gholdengo
|-damage|p1a: Gholdengo|86/100
|-enditem|p1a: Gholdengo|Air Balloon
|-resisted|p1a: Gholdengo
|-damage|p1a: Gholdengo|80/100
|-resisted|p1a: Gholdengo
|-damage|p1a: Gholdengo|72/100
|-resisted|p1a: Gholdengo
|-damage|p1a: Gholdengo|65/100
|-hitcount|p1a: Gholdengo|4
|-unboost|p2a: Dragonite|def|1
|-boost|p2a: Dragonite|spe|1
|
|upkeep
|turn|10
|
|t:|1769305168
|move|p2a: Dragonite|Earthquake|p1a: Gholdengo
|-supereffective|p1a: Gholdengo
|-damage|p1a: Gholdengo|0 fnt
|faint|p1a: Gholdengo
|
|upkeep
|
|t:|1769305171
|switch|p1a: Raging Bolt|Raging Bolt|100/100
|-damage|p1a: Raging Bolt|88/100|[from] Stealth Rock
|-enditem|p1a: Raging Bolt|Booster Energy
|-activate|p1a: Raging Bolt|ability: Protosynthesis|[fromitem]
|-start|p1a: Raging Bolt|protosynthesisspa
|turn|11
|
|t:|1769305176
|move|p2a: Dragonite|Scale Shot|p1a: Raging Bolt
|-supereffective|p1a: Raging Bolt
|-damage|p1a: Raging Bolt|65/100
|-supereffective|p1a: Raging Bolt
|-damage|p1a: Raging Bolt|41/100
|-supereffective|p1a: Raging Bolt
|-damage|p1a: Raging Bolt|14/100
|-supereffective|p1a: Raging Bolt
|-damage|p1a: Raging Bolt|0 fnt
|faint|p1a: Raging Bolt
|-end|p1a: Raging Bolt|Protosynthesis|[silent]
|-hitcount|p1: Raging Bolt|4
|-unboost|p2a: Dragonite|def|1
|-boost|p2a: Dragonite|spe|1
|
|upkeep
|
|t:|1769305178
|switch|p1a: Ceruledge|Ceruledge, F, shiny, tera:Fighting|76/100
|-damage|p1a: Ceruledge|70/100|[from] Stealth Rock
|turn|12
|
|t:|1769305180
|move|p1a: Ceruledge|Shadow Sneak|p2a: Dragonite
|-crit|p2a: Dragonite
|-damage|p2a: Dragonite|63/100
|move|p2a: Dragonite|Scale Shot|p1a: Ceruledge
|-damage|p1a: Ceruledge|52/100
|-ability|p1a: Ceruledge|Weak Armor|boost
|-unboost|p1a: Ceruledge|def|1
|-boost|p1a: Ceruledge|spe|2
|-damage|p1a: Ceruledge|22/100
|-ability|p1a: Ceruledge|Weak Armor|boost
|-unboost|p1a: Ceruledge|def|1
|-boost|p1a: Ceruledge|spe|2
|-damage|p1a: Ceruledge|0 fnt
|faint|p1a: Ceruledge
|-hitcount|p1: Ceruledge|3
|
|win|poopseydoopsey
|raw|UnitedDank's rating: 1515 &rarr; <strong>1500</strong><br />(-15 for losing)
|raw|poopseydoopsey's rating: 1610 &rarr; <strong>1625</strong><br />(+15 for winning)
