|j|‽darma971
|j|☆mrbustzzsaw
|t:|1769332881
|gametype|singles
|player|p1|darma971|wallace|1174
|player|p2|mrbustzzsaw|2|1128
|gen|9
|tier|[Gen 9] OU
|rated|
|rule|HP Percentage Mod: HP is shown in percentages
|rule|Endless Battle Clause: Forcing endless battles is banned
|rule|Species Clause: Limit one of each Pokémon
|rule|OHKO Clause: OHKO moves are banned
|rule|Evasion Items Clause: Evasion items are banned
|rule|Evasion Moves Clause: Evasion moves are banned
|rule|Evasion Abilities Clause: Evasion abilities are banned
|rule|Sleep Moves Clause: Sleep-inducing moves are banned
|clearpoke
|poke|p1|Armarouge, M|
|poke|p1|Swampert, F|
|poke|p1|Zapdos|
|poke|p1|Hydrapple, F|
|poke|p1|Clefable, M|
|poke|p1|Kingambit, M|
|poke|p2|Pelipper, M|
|poke|p2|Iron Crown|
|poke|p2|Sinistcha|
|poke|p2|Barraskewda, M|
|poke|p2|Great Tusk|
|poke|p2|Incineroar, M|
|teampreview
|inactive|Battle timer is ON: inactive players will automatically lose when time's up. (requested by mrbustzzsaw)
|
|t:|1769332890
|teamsize|p1|6
|teamsize|p2|6
|start
|switch|p1a: Zapdos|Zapdos|100/100
|switch|p2a: Incineroar|Incineroar, M|100/100
|-ability|p2a: Incineroar|Intimidate|boost
|-unboost|p1a: Zapdos|atk|1
|turn|1
|
|t:|1769332898
|move|p1a: Zapdos|Volt Switch|p2a: Incineroar
|-damage|p2a: Incineroar|71/100
|
|t:|1769332912
|switch|p1a: Hydrapple|Hydrapple, F|100/100|[from] Volt Switch
|move|p2a: Incineroar|Knock Off|p1a: Hydrapple
|-damage|p1a: Hydrapple|80/100
|-enditem|p1a: Hydrapple|Leftovers|[from] move: Knock Off|[of] p2a: Incineroar
|
|upkeep
|turn|2
|
|t:|1769332937
|move|p2a: Incineroar|Parting Shot|p1a: Hydrapple
|-unboost|p1a: Hydrapple|atk|1
|-unboost|p1a: Hydrapple|spa|1
|
|t:|1769332942
|switch|p2a: Iron Crown|Iron Crown|100/100|[from] Parting Shot
|move|p1a: Hydrapple|Fickle Beam|p2a: Iron Crown
|-resisted|p2a: Iron Crown
|-damage|p2a: Iron Crown|93/100
|
|upkeep
|turn|3
|
|t:|1769332952
|switch|p1a: Armarouge|Armarouge, M|100/100
|move|p2a: Iron Crown|Tachyon Cutter|p1a: Armarouge
|-resisted|p1a: Armarouge
|-damage|p1a: Armarouge|85/100
|-resisted|p1a: Armarouge
|-damage|p1a: Armarouge|67/100
|-hitcount|p1a: Armarouge|2
|
|upkeep
|turn|4
|
|t:|1769332962
|-end|p2a: Iron Crown|Quark Drive|[silent]
|switch|p2a: Incineroar|Incineroar, M|71/100
|-ability|p2a: Incineroar|Intimidate|boost
|-unboost|p1a: Armarouge|atk|1
|move|p1a: Armarouge|Armor Cannon|p2a: Incineroar
|-resisted|p2a: Incineroar
|-damage|p2a: Incineroar|50/100
|-unboost|p1a: Armarouge|def|1
|-unboost|p1a: Armarouge|spd|1
|
|upkeep
|turn|5
|
|t:|1769332970
|switch|p1a: Hydrapple|Hydrapple, F|100/100
|move|p2a: Incineroar|Knock Off|p1a: Hydrapple
|-damage|p1a: Hydrapple|88/100
|
|upkeep
|turn|6
|
|t:|1769332978
|move|p2a: Incineroar|Will-O-Wisp|p1a: Hydrapple
|-status|p1a: Hydrapple|brn
|move|p1a: Hydrapple|Fickle Beam|p2a: Incineroar|[anim] Fickle Beam All Out
|-activate|p1a: Hydrapple|move: Fickle Beam
|-damage|p2a: Incineroar|6/100
|
|-damage|p1a: Hydrapple|81/100 brn|[from] brn
|upkeep
|turn|7
|
|t:|1769332987
|switch|p2a: Iron Crown|Iron Crown|93/100
|move|p1a: Hydrapple|Fickle Beam|p2a: Iron Crown|[anim] Fickle Beam All Out
|-activate|p1a: Hydrapple|move: Fickle Beam
|-resisted|p2a: Iron Crown
|-damage|p2a: Iron Crown|71/100
|
|-damage|p1a: Hydrapple|75/100 brn|[from] brn
|upkeep
|turn|8
|
|t:|1769332994
|switch|p1a: Armarouge|Armarouge, M|67/100
|move|p2a: Iron Crown|Volt Switch|p1a: Armarouge
|-damage|p1a: Armarouge|39/100
|
|t:|1769333001
|-end|p2a: Iron Crown|Quark Drive|[silent]
|switch|p2a: Pelipper|Pelipper, M|100/100|[from] Volt Switch
|-weather|RainDance|[from] ability: Drizzle|[of] p2a: Pelipper
|
|-weather|RainDance|[upkeep]
|upkeep
|turn|9
|
|t:|1769333014
|switch|p1a: Clefable|Clefable, M|100/100
|move|p2a: Pelipper|Hurricane|p1a: Clefable
|-damage|p1a: Clefable|67/100
|-start|p1a: Clefable|confusion
|
|-weather|RainDance|[upkeep]
|-heal|p1a: Clefable|73/100|[from] item: Leftovers
|upkeep
|turn|10
|
|t:|1769333023
|move|p2a: Pelipper|Weather Ball|p1a: Clefable
|-damage|p1a: Clefable|28/100
|-activate|p1a: Clefable|confusion
|move|p1a: Clefable|Wish|p1a: Clefable
|
|-weather|RainDance|[upkeep]
|-heal|p1a: Clefable|34/100|[from] item: Leftovers
|upkeep
|turn|11
|
|t:|1769333030
|switch|p1a: Zapdos|Zapdos|100/100
|move|p2a: Pelipper|Weather Ball|p1a: Zapdos
|-damage|p1a: Zapdos|49/100
|
|-weather|RainDance|[upkeep]
|-heal|p1a: Zapdos|100/100|[from] move: Wish|[wisher] Clefable
|upkeep
|turn|12
|
|t:|1769333042
|switch|p2a: Iron Crown|Iron Crown|71/100
|move|p1a: Zapdos|Hurricane|p2a: Iron Crown
|-resisted|p2a: Iron Crown
|-damage|p2a: Iron Crown|50/100
|
|-weather|RainDance|[upkeep]
|upkeep
|turn|13
|
|t:|1769333050
|move|p2a: Iron Crown|Psychic Noise|p1a: Zapdos
|-damage|p1a: Zapdos|64/100
|-start|p1a: Zapdos|move: Heal Block
|move|p1a: Zapdos|Discharge|p2a: Iron Crown
|-damage|p2a: Iron Crown|22/100
|
|-weather|RainDance|[upkeep]
|upkeep
|turn|14
|inactive|mrbustzzsaw has 120 seconds left.
|
|t:|1769333095
|move|p2a: Iron Crown|Psychic Noise|p1a: Zapdos
|-damage|p1a: Zapdos|26/100
|move|p1a: Zapdos|Discharge|p2a: Iron Crown
|-damage|p2a: Iron Crown|0 fnt
|faint|p2a: Iron Crown
|-end|p2a: Iron Crown|Quark Drive|[silent]
|
|-weather|RainDance|[upkeep]
|-end|p1a: Zapdos|move: Heal Block
|upkeep
|
|t:|1769333102
|switch|p2a: Pelipper|Pelipper, M|100/100
|turn|15
|
|t:|1769333115
|-terastallize|p2a: Pelipper|Ground
|move|p1a: Zapdos|Roost|p1a: Zapdos
|-heal|p1a: Zapdos|76/100
|-singleturn|p1a: Zapdos|move: Roost
|move|p2a: Pelipper|Weather Ball|p1a: Zapdos
|-damage|p1a: Zapdos|32/100
|
|-weather|none
|upkeep
|turn|16
|
|t:|1769333127
|switch|p1a: Clefable|Clefable, M|34/100
|move|p2a: Pelipper|U-turn|p1a: Clefable
|-resisted|p1a: Clefable
|-damage|p1a: Clefable|31/100
|
|t:|1769333135
|switch|p2a: Incineroar|Incineroar, M|6/100|[from] U-turn
|-ability|p2a: Incineroar|Intimidate|boost
|-unboost|p1a: Clefable|atk|1
|
|-heal|p1a: Clefable|37/100|[from] item: Leftovers
|upkeep
|turn|17
|inactive|mrbustzzsaw has 120 seconds left.
|
|t:|1769333149
|move|p1a: Clefable|Protect|p1a: Clefable
|-singleturn|p1a: Clefable|Protect
|move|p2a: Incineroar|Knock Off|p1a: Clefable
|-activate|p1a: Clefable|move: Protect
|
|-heal|p1a: Clefable|43/100|[from] item: Leftovers
|upkeep
|turn|18
|
|t:|1769333153
|switch|p1a: Hydrapple|Hydrapple, F|100/100 brn
|move|p2a: Incineroar|Knock Off|p1a: Hydrapple
|-damage|p1a: Hydrapple|87/100 brn
|
|-damage|p1a: Hydrapple|80/100 brn|[from] brn
|upkeep
|turn|19
|
|t:|1769333166
|switch|p2a: Great Tusk|Great Tusk|100/100
|move|p1a: Hydrapple|Fickle Beam|p2a: Great Tusk
|-damage|p2a: Great Tusk|58/100
|
|-heal|p2a: Great Tusk|64/100|[from] item: Leftovers
|-damage|p1a: Hydrapple|74/100 brn|[from] brn
|upkeep
|turn|20
|
|t:|1769333173
|move|p2a: Great Tusk|Stealth Rock|p1a: Hydrapple
|-sidestart|p1: darma971|move: Stealth Rock
|move|p1a: Hydrapple|Giga Drain|p2a: Great Tusk
|-supereffective|p2a: Great Tusk
|-damage|p2a: Great Tusk|0 fnt
|-heal|p1a: Hydrapple|100/100 brn|[from] drain|[of] p2a: Great Tusk
|faint|p2a: Great Tusk
|-end|p2a: Great Tusk|Protosynthesis|[silent]
|
|-damage|p1a: Hydrapple|94/100 brn|[from] brn
|upkeep
|
|t:|1769333179
|switch|p2a: Pelipper|Pelipper, M, tera:Ground|100/100
|-weather|RainDance|[from] ability: Drizzle|[of] p2a: Pelipper
|turn|21
|
|t:|1769333185
|move|p2a: Pelipper|Hurricane|p1a: Hydrapple
|-supereffective|p1a: Hydrapple
|-crit|p1a: Hydrapple
|-damage|p1a: Hydrapple|0 fnt
|faint|p1a: Hydrapple
|
|-weather|RainDance|[upkeep]
|upkeep
|
|t:|1769333209
|switch|p1a: Zapdos|Zapdos|32/100
|turn|22
|
|t:|1769333214
|move|p1a: Zapdos|Roost|p1a: Zapdos
|-heal|p1a: Zapdos|82/100
|-singleturn|p1a: Zapdos|move: Roost
|move|p2a: Pelipper|Weather Ball|p1a: Zapdos
|-damage|p1a: Zapdos|38/100
|
|-weather|RainDance|[upkeep]
|upkeep
|turn|23
|
|t:|1769333220
|move|p1a: Zapdos|Roost|p1a: Zapdos
|-heal|p1a: Zapdos|88/100
|-singleturn|p1a: Zapdos|move: Roost
|move|p2a: Pelipper|Weather Ball|p1a: Zapdos
|-damage|p1a: Zapdos|43/100
|
|-weather|RainDance|[upkeep]
|upkeep
|turn|24
|
|t:|1769333230
|move|p1a: Zapdos|Roost|p1a: Zapdos
|-heal|p1a: Zapdos|93/100
|-singleturn|p1a: Zapdos|move: Roost
|move|p2a: Pelipper|Weather Ball|p1a: Zapdos
|-damage|p1a: Zapdos|49/100
|
|-weather|RainDance|[upkeep]
|upkeep
|turn|25
|
|t:|1769333241
|move|p1a: Zapdos|Roost|p1a: Zapdos
|-heal|p1a: Zapdos|99/100
|-singleturn|p1a: Zapdos|move: Roost
|move|p2a: Pelipper|Weather Ball|p1a: Zapdos
|-damage|p1a: Zapdos|51/100
|
|-weather|RainDance|[upkeep]
|upkeep
|turn|26
|
|t:|1769333259
|switch|p1a: Swampert|Swampert, F|100/100
|-damage|p1a: Swampert|94/100|[from] Stealth Rock
|move|p2a: Pelipper|Weather Ball|p1a: Swampert
|-damage|p1a: Swampert|52/100
|
|-weather|RainDance|[upkeep]
|-heal|p1a: Swampert|59/100|[from] item: Leftovers
|upkeep
|turn|27
|
|t:|1769333275
|switch|p2a: Incineroar|Incineroar, M|6/100
|-ability|p2a: Incineroar|Intimidate|boost
|-unboost|p1a: Swampert|atk|1
|move|p1a: Swampert|Knock Off|p2a: Incineroar
|-resisted|p2a: Incineroar
|-damage|p2a: Incineroar|0 fnt
|-enditem|p2a: Incineroar|Heavy-Duty Boots|[from] move: Knock Off|[of] p1a: Swampert
|faint|p2a: Incineroar
|
|-weather|RainDance|[upkeep]
|-heal|p1a: Swampert|65/100|[from] item: Leftovers
|upkeep
|
|t:|1769333280
|switch|p2a: Barraskewda|Barraskewda, M|100/100
|turn|28
|
|t:|1769333286
|switch|p1a: Armarouge|Armarouge, M|39/100
|-damage|p1a: Armarouge|14/100|[from] Stealth Rock
|move|p2a: Barraskewda|Flip Turn|p1a: Armarouge
|-supereffective|p1a: Armarouge
|-damage|p1a: Armarouge|0 fnt
|faint|p1a: Armarouge
|
|t:|1769333298
|switch|p2a: Pelipper|Pelipper, M, tera:Ground|100/100|[from] Flip Turn
|
|-weather|none
|upkeep
|
|t:|1769333308
|switch|p1a: Clefable|Clefable, M|43/100
|-damage|p1a: Clefable|31/100|[from] Stealth Rock
|turn|29
|
|t:|1769333315
|move|p2a: Pelipper|Hurricane|p1a: Clefable|[miss]
|-miss|p2a: Pelipper|p1a: Clefable
|move|p1a: Clefable|Wish|p1a: Clefable
|
|-heal|p1a: Clefable|37/100|[from] item: Leftovers
|upkeep
|turn|30
|
|t:|1769333325
|switch|p1a: Zapdos|Zapdos|51/100
|move|p2a: Pelipper|Hurricane|p1a: Zapdos
|-resisted|p1a: Zapdos
|-damage|p1a: Zapdos|34/100
|-start|p1a: Zapdos|confusion
|
|-heal|p1a: Zapdos|86/100|[from] move: Wish|[wisher] Clefable
|upkeep
|turn|31
|
|t:|1769333335
|switch|p1a: Swampert|Swampert, F|65/100
|-damage|p1a: Swampert|59/100|[from] Stealth Rock
|switch|p2a: Sinistcha|Sinistcha|100/100
|
|-heal|p1a: Swampert|65/100|[from] item: Leftovers
|upkeep
|turn|32
|
|t:|1769333343
|move|p2a: Sinistcha|Matcha Gotcha|p1a: Swampert
|-supereffective|p1a: Swampert
|-damage|p1a: Swampert|0 fnt
|faint|p1a: Swampert
|
|upkeep
|
|t:|1769333352
|switch|p1a: Kingambit|Kingambit, M|100/100
|-damage|p1a: Kingambit|94/100|[from] Stealth Rock
|-activate|p1a: Kingambit|ability: Supreme Overlord
|-start|p1a: Kingambit|fallen3|[silent]
|turn|33
|
|t:|1769333359
|move|p2a: Sinistcha|Strength Sap|p1a: Kingambit
|-unboost|p1a: Kingambit|atk|1
|move|p1a: Kingambit|Kowtow Cleave|p2a: Sinistcha
|-supereffective|p2a: Sinistcha
|-damage|p2a: Sinistcha|32/100
|
|upkeep
|turn|34
|
|t:|1769333366
|move|p2a: Sinistcha|Strength Sap|p1a: Kingambit
|-unboost|p1a: Kingambit|atk|1
|-heal|p2a: Sinistcha|100/100
|move|p1a: Kingambit|Kowtow Cleave|p2a: Sinistcha
|-supereffective|p2a: Sinistcha
|-damage|p2a: Sinistcha|57/100
|
|upkeep
|turn|35
|
|t:|1769333377
|-end|p1a: Kingambit|fallen3|[silent]
|switch|p1a: Clefable|Clefable, M|37/100
|-damage|p1a: Clefable|24/100|[from] Stealth Rock
|move|p2a: Sinistcha|Strength Sap|p1a: Clefable
|-unboost|p1a: Clefable|atk|1
|-heal|p2a: Sinistcha|95/100
|
|-heal|p1a: Clefable|30/100|[from] item: Leftovers
|upkeep
|turn|36
|
|t:|1769333388
|move|p2a: Sinistcha|Matcha Gotcha|p1a: Clefable
|-damage|p1a: Clefable|2/100
|-heal|p2a: Sinistcha|100/100|[from] drain|[of] p1a: Clefable
|move|p1a: Clefable|Wish|p1a: Clefable
|
|-heal|p1a: Clefable|8/100|[from] item: Leftovers
|upkeep
|turn|37
|
|t:|1769333398
|move|p1a: Clefable|Protect|p1a: Clefable
|-singleturn|p1a: Clefable|Protect
|move|p2a: Sinistcha|Shadow Ball|p1a: Clefable
|-activate|p1a: Clefable|move: Protect
|
|-heal|p1a: Clefable|58/100|[from] move: Wish|[wisher] Clefable
|-heal|p1a: Clefable|64/100|[from] item: Leftovers
|upkeep
|turn|38
|
|t:|1769333405
|move|p2a: Sinistcha|Matcha Gotcha|p1a: Clefable
|-damage|p1a: Clefable|33/100
|move|p1a: Clefable|Wish|p1a: Clefable
|
|-heal|p1a: Clefable|39/100|[from] item: Leftovers
|upkeep
|turn|39
|
|t:|1769333412
|move|p1a: Clefable|Protect|p1a: Clefable
|-singleturn|p1a: Clefable|Protect
|move|p2a: Sinistcha|Matcha Gotcha|p1a: Clefable
|-activate|p1a: Clefable|move: Protect
|
|-heal|p1a: Clefable|89/100|[from] move: Wish|[wisher] Clefable
|-heal|p1a: Clefable|95/100|[from] item: Leftovers
|upkeep
|turn|40
|
|t:|1769333422
|move|p2a: Sinistcha|Matcha Gotcha|p1a: Clefable
|-damage|p1a: Clefable|65/100
|move|p1a: Clefable|Wish|p1a: Clefable
|
|-heal|p1a: Clefable|71/100|[from] item: Leftovers
|upkeep
|turn|41
|
|t:|1769333428
|move|p2a: Sinistcha|Calm Mind|p2a: Sinistcha
|-boost|p2a: Sinistcha|spa|1
|-boost|p2a: Sinistcha|spd|1
|move|p1a: Clefable|Calm Mind|p1a: Clefable
|-boost|p1a: Clefable|spa|1
|-boost|p1a: Clefable|spd|1
|
|-heal|p1a: Clefable|100/100|[from] move: Wish|[wisher] Clefable
|upkeep
|turn|42
|
|t:|1769333439
|move|p2a: Sinistcha|Calm Mind|p2a: Sinistcha
|-boost|p2a: Sinistcha|spa|1
|-boost|p2a: Sinistcha|spd|1
|move|p1a: Clefable|Calm Mind|p1a: Clefable
|-boost|p1a: Clefable|spa|1
|-boost|p1a: Clefable|spd|1
|
|upkeep
|turn|43
|
|t:|1769333445
|move|p2a: Sinistcha|Calm Mind|p2a: Sinistcha
|-boost|p2a: Sinistcha|spa|1
|-boost|p2a: Sinistcha|spd|1
|move|p1a: Clefable|Moonblast|p2a: Sinistcha
|-damage|p2a: Sinistcha|29/100
|
|upkeep
|turn|44
|
|t:|1769333448
|move|p2a: Sinistcha|Calm Mind|p2a: Sinistcha
|-boost|p2a: Sinistcha|spa|1
|-boost|p2a: Sinistcha|spd|1
|move|p1a: Clefable|Wish|p1a: Clefable
|
|upkeep
|turn|45
|
|t:|1769333454
|move|p2a: Sinistcha|Strength Sap|p1a: Clefable
|-unboost|p1a: Clefable|atk|1
|-heal|p2a: Sinistcha|54/100
|move|p1a: Clefable|Moonblast|p2a: Sinistcha
|-damage|p2a: Sinistcha|0 fnt
|faint|p2a: Sinistcha
|
|upkeep
|
|t:|1769333460
|switch|p2a: Pelipper|Pelipper, M, tera:Ground|100/100
|-weather|RainDance|[from] ability: Drizzle|[of] p2a: Pelipper
|turn|46
|
|t:|1769333464
|move|p2a: Pelipper|U-turn|p1a: Clefable
|-resisted|p1a: Clefable
|-damage|p1a: Clefable|97/100
|
|t:|1769333466
|switch|p2a: Barraskewda|Barraskewda, M|100/100|[from] U-turn
|move|p1a: Clefable|Moonblast|p2a: Barraskewda
|-damage|p2a: Barraskewda|0 fnt
|faint|p2a: Barraskewda
|
|-weather|RainDance|[upkeep]
|-heal|p1a: Clefable|100/100|[from] item: Leftovers
|upkeep
|-message|mrbustzzsaw forfeited.
|
|win|darma971
|raw|darma971's rating: 1174 &rarr; <strong>1196</strong><br />(+22 for winning)
|raw|mrbustzzsaw's rating: 1128 &rarr; <strong>1106</strong><br />(-22 for losing)
|l|☆mrbustzzsaw
|player|p2|
|l|‽darma971
|player|p1|
