|j|☆Chiavegato1
|j|☆serenity5515
|t:|1769362556
|gametype|singles
|player|p1|Chiavegato1|youngcouple-gen4dp|1044
|player|p2|serenity5515|169|1025
|gen|9
|tier|[Gen 9] OU
|rated|
|rule|HP Percentage Mod: HP is shown in percentages
|rule|Endless Battle Clause: Forcing endless battles is banned
|rule|Species Clause: Limit one of each Pokémon
|rule|OHKO Clause: OHKO moves are banned
|rule|Evasion Items Clause: Evasion items are banned
|rule|Evasion Moves Clause: Evasion moves are banned
|rule|Evasion Abilities Clause: Evasion abilities are banned
|rule|Sleep Moves Clause: Sleep-inducing moves are banned
|clearpoke
|poke|p1|Galvantula, M|
|poke|p1|Breloom, F|
|poke|p1|Forretress, F|
|poke|p1|Cinderace, F|
|poke|p1|Alomomola, F|
|poke|p1|Mimikyu, F|
|poke|p2|Zoroark-Hisui, F|
|poke|p2|Ogerpon-Wellspring, F|
|poke|p2|Great Tusk|
|poke|p2|Garganacl, M|
|poke|p2|Pecharunt|
|poke|p2|Alomomola, M|
|teampreview
|
|t:|1769362563
|teamsize|p1|6
|teamsize|p2|6
|start
|switch|p1a: Galvantula|Galvantula, M|100/100
|switch|p2a: Garganacl|Garganacl, M|100/100
|turn|1
|
|t:|1769362570
|move|p2a: Garganacl|Shadow Ball|p1a: Galvantula
|-damage|p1a: Galvantula|0 fnt
|faint|p1a: Galvantula
|
|upkeep
|
|t:|1769362586
|switch|p1a: Forretress|Forretress, F|100/100
|turn|2
|
|t:|1769362594
|move|p2a: Garganacl|Shadow Ball|p1a: Forretress
|-damage|p1a: Forretress|44/100
|move|p1a: Forretress|Thunder Wave|p2a: Garganacl
|-status|p2a: Garganacl|par
|
|-heal|p1a: Forretress|50/100|[from] item: Leftovers
|upkeep
|turn|3
|
|t:|1769362603
|move|p2a: Garganacl|Shadow Ball|p1a: Forretress
|-damage|p1a: Forretress|0 fnt
|faint|p1a: Forretress
|
|upkeep
|
|t:|1769362623
|switch|p1a: Breloom|Breloom, F|100/100
|turn|4
|
|t:|1769362627
|move|p1a: Breloom|Leech Seed|p2a: Garganacl|[miss]
|-miss|p1a: Breloom|p2a: Garganacl
|move|p2a: Garganacl|Shadow Ball|p1a: Breloom
|-damage|p1a: Breloom|0 fnt
|faint|p1a: Breloom
|
|upkeep
|
|t:|1769362634
|switch|p1a: Mimikyu|Mimikyu, F|100/100
|turn|5
|
|t:|1769362637
|move|p1a: Mimikyu|Swords Dance|p1a: Mimikyu
|-boost|p1a: Mimikyu|atk|2
|cant|p2a: Garganacl|par
|
|upkeep
|turn|6
|
|t:|1769362642
|move|p1a: Mimikyu|Swords Dance|p1a: Mimikyu
|-boost|p1a: Mimikyu|atk|2
|move|p2a: Garganacl|Shadow Ball|p1a: Mimikyu
|-activate|p1a: Mimikyu|ability: Disguise
|-damage|p1a: Mimikyu|100/100
|detailschange|p1a: Mimikyu|Mimikyu-Busted, F
|-damage|p1a: Mimikyu|88/100|[from] pokemon: Mimikyu-Busted
|
|upkeep
|turn|7
|
|t:|1769362651
|move|p1a: Mimikyu|Shadow Claw|p2a: Garganacl
|-immune|p2a: Garganacl
|cant|p2a: Garganacl|par
|
|upkeep
|turn|8
|
|t:|1769362657
|move|p1a: Mimikyu|Play Rough|p2a: Garganacl
|-damage|p2a: Garganacl|0 fnt
|replace|p2a: Zoroark|Zoroark-Hisui, F, shiny
|-end|p2a: Zoroark|Illusion
|faint|p2a: Zoroark
|-damage|p1a: Mimikyu|78/100|[from] item: Life Orb
|
|upkeep
|
|t:|1769362664
|switch|p2a: Pecharunt|Pecharunt|100/100
|turn|9
|
|t:|1769362668
|move|p1a: Mimikyu|Shadow Claw|p2a: Pecharunt
|-supereffective|p2a: Pecharunt
|-crit|p2a: Pecharunt
|-damage|p2a: Pecharunt|0 fnt
|faint|p2a: Pecharunt
|-damage|p1a: Mimikyu|68/100|[from] item: Life Orb
|
|upkeep
|
|t:|1769362679
|switch|p2a: Ogerpon|Ogerpon-Wellspring, F|100/100
|turn|10
|
|t:|1769362685
|move|p2a: Ogerpon|Ivy Cudgel|p1a: Mimikyu|[anim] Ivy Cudgel Water
|-crit|p1a: Mimikyu
|-damage|p1a: Mimikyu|0 fnt
|faint|p1a: Mimikyu
|
|upkeep
|
|t:|1769362690
|switch|p1a: Cinderace|Cinderace, F|100/100
|turn|11
|
|t:|1769362694
|-terastallize|p2a: Ogerpon|Water
|detailschange|p2a: Ogerpon|Ogerpon-Wellspring-Tera, F, tera:Water
|-ability|p2a: Ogerpon|Embody Aspect (Wellspring)|boost
|-boost|p2a: Ogerpon|spd|1
|move|p2a: Ogerpon|Ivy Cudgel|p1a: Cinderace|[anim] Ivy Cudgel Water
|-supereffective|p1a: Cinderace
|-damage|p1a: Cinderace|0 fnt
|faint|p1a: Cinderace
|
|upkeep
|-message|Chiavegato1 forfeited.
|
|win|serenity5515
|raw|Chiavegato1's rating: 1044 &rarr; <strong>1026</strong><br />(-18 for losing)
|raw|serenity5515's rating: 1025 &rarr; <strong>1063</strong><br />(+38 for winning)
|l|☆Chiavegato1
|player|p1|
