|j|☆yerichan
|j|☆KrishU17
|t:|1769308972
|gametype|singles
|player|p1|yerichan|ash|1162
|player|p2|KrishU17|2|1119
|gen|9
|tier|[Gen 9] OU
|rated|
|rule|HP Percentage Mod: HP is shown in percentages
|rule|Endless Battle Clause: Forcing endless battles is banned
|rule|Species Clause: Limit one of each Pokémon
|rule|OHKO Clause: OHKO moves are banned
|rule|Evasion Items Clause: Evasion items are banned
|rule|Evasion Moves Clause: Evasion moves are banned
|rule|Evasion Abilities Clause: Evasion abilities are banned
|rule|Sleep Moves Clause: Sleep-inducing moves are banned
|clearpoke
|poke|p1|Iron Valiant|
|poke|p1|Skeledirge, F|
|poke|p1|Ting-Lu|
|poke|p1|Dragonite, F|
|poke|p1|Ogerpon-Wellspring, F|
|poke|p1|Gholdengo|
|poke|p2|Gholdengo|
|poke|p2|Pecharunt|
|poke|p2|Zamazenta-*|
|poke|p2|Iron Treads|
|poke|p2|Dragonite, F|
|poke|p2|Samurott-Hisui, M|
|teampreview
|inactive|Battle timer is ON: inactive players will automatically lose when time's up. (requested by KrishU17)
|
|t:|1769309025
|teamsize|p1|6
|teamsize|p2|6
|start
|switch|p1a: Ting-Lu|Ting-Lu|100/100
|switch|p2a: Samurott|Samurott-Hisui, M|100/100
|-ability|p1a: Ting-Lu|Vessel of Ruin
|turn|1
|
|t:|1769309039
|switch|p1a: Ogerpon|Ogerpon-Wellspring, F|100/100
|move|p2a: Samurott|Ceaseless Edge|p1a: Ogerpon
|-damage|p1a: Ogerpon|41/100
|-sidestart|p1: yerichan|Spikes
|
|upkeep
|turn|2
|
|t:|1769309049
|move|p2a: Samurott|Sucker Punch|p1a: Ogerpon
|-damage|p1a: Ogerpon|3/100
|move|p1a: Ogerpon|Horn Leech|p2a: Samurott
|-supereffective|p2a: Samurott
|-damage|p2a: Samurott|1/100
|-heal|p1a: Ogerpon|65/100|[from] drain|[of] p2a: Samurott
|
|upkeep
|turn|3
|
|t:|1769309070
|move|p2a: Samurott|Sucker Punch|p1a: Ogerpon
|-crit|p1a: Ogerpon
|-damage|p1a: Ogerpon|2/100
|move|p1a: Ogerpon|Horn Leech|p2a: Samurott
|-supereffective|p2a: Samurott
|-damage|p2a: Samurott|0 fnt
|-heal|p1a: Ogerpon|2/100|[from] drain|[of] p2a: Samurott
|faint|p2a: Samurott
|
|upkeep
|
|t:|1769309079
|switch|p2a: Dragonite|Dragonite, F|100/100
|turn|4
|
|t:|1769309097
|move|p2a: Dragonite|Extreme Speed|p1a: Ogerpon
|-damage|p1a: Ogerpon|0 fnt
|faint|p1a: Ogerpon
|
|upkeep
|
|t:|1769309110
|switch|p1a: Skeledirge|Skeledirge, F|100/100
|turn|5
|
|t:|1769309116
|move|p2a: Dragonite|Earthquake|p1a: Skeledirge
|-supereffective|p1a: Skeledirge
|-crit|p1a: Skeledirge
|-damage|p1a: Skeledirge|34/100
|move|p1a: Skeledirge|Will-O-Wisp|p2a: Dragonite|[miss]
|-miss|p1a: Skeledirge|p2a: Dragonite
|
|upkeep
|turn|6
|
|t:|1769309126
|-terastallize|p1a: Skeledirge|Dark
|move|p2a: Dragonite|Earthquake|p1a: Skeledirge
|-damage|p1a: Skeledirge|10/100
|move|p1a: Skeledirge|Slack Off|p1a: Skeledirge
|-heal|p1a: Skeledirge|60/100
|
|upkeep
|turn|7
|
|t:|1769309137
|switch|p2a: Zamazenta|Zamazenta|100/100
|-ability|p2a: Zamazenta|Dauntless Shield|boost
|-boost|p2a: Zamazenta|def|1
|move|p1a: Skeledirge|Will-O-Wisp|p2a: Zamazenta
|-status|p2a: Zamazenta|brn
|
|-damage|p2a: Zamazenta|94/100 brn|[from] brn
|upkeep
|turn|8
|
|t:|1769309153
|move|p2a: Zamazenta|Iron Defense|p2a: Zamazenta
|-boost|p2a: Zamazenta|def|2
|move|p1a: Skeledirge|Torch Song|p2a: Zamazenta
|-damage|p2a: Zamazenta|67/100 brn
|-boost|p1a: Skeledirge|spa|1
|
|-heal|p2a: Zamazenta|73/100 brn|[from] item: Leftovers
|-damage|p2a: Zamazenta|67/100 brn|[from] brn
|upkeep
|turn|9
|
|t:|1769309168
|switch|p1a: Gholdengo|Gholdengo|100/100
|-damage|p1a: Gholdengo|88/100|[from] Spikes
|move|p2a: Zamazenta|Body Press|p1a: Gholdengo
|-immune|p1a: Gholdengo
|
|-heal|p2a: Zamazenta|73/100 brn|[from] item: Leftovers
|-damage|p2a: Zamazenta|67/100 brn|[from] brn
|upkeep
|turn|10
|
|t:|1769309189
|switch|p2a: Dragonite|Dragonite, F|100/100
|move|p1a: Gholdengo|Trick|p2a: Dragonite
|-activate|p1a: Gholdengo|move: Trick|[of] p2a: Dragonite
|-item|p2a: Dragonite|Choice Scarf|[from] move: Trick
|-item|p1a: Gholdengo|Heavy-Duty Boots|[from] move: Trick
|
|upkeep
|turn|11
|
|t:|1769309201
|switch|p1a: Skeledirge|Skeledirge, F, tera:Dark|60/100
|move|p2a: Dragonite|Earthquake|p1a: Skeledirge
|-damage|p1a: Skeledirge|36/100
|
|upkeep
|turn|12
|
|t:|1769309213
|switch|p2a: Pecharunt|Pecharunt|100/100
|-item|p2a: Pecharunt|Air Balloon
|move|p1a: Skeledirge|Slack Off|p1a: Skeledirge
|-heal|p1a: Skeledirge|86/100
|
|upkeep
|turn|13
|
|t:|1769309224
|switch|p1a: Gholdengo|Gholdengo|88/100
|move|p2a: Pecharunt|Malignant Chain|p1a: Gholdengo
|-immune|p1a: Gholdengo
|
|upkeep
|turn|14
|
|t:|1769309237
|move|p2a: Pecharunt|Shadow Ball|p1a: Gholdengo
|-supereffective|p1a: Gholdengo
|-damage|p1a: Gholdengo|29/100
|move|p1a: Gholdengo|Shadow Ball|p2a: Pecharunt
|-supereffective|p2a: Pecharunt
|-damage|p2a: Pecharunt|21/100
|-unboost|p2a: Pecharunt|spd|1
|-enditem|p2a: Pecharunt|Air Balloon
|
|upkeep
|turn|15
|
|t:|1769309251
|move|p2a: Pecharunt|Shadow Ball|p1a: Gholdengo
|-supereffective|p1a: Gholdengo
|-damage|p1a: Gholdengo|0 fnt
|faint|p1a: Gholdengo
|
|upkeep
|
|t:|1769309259
|switch|p1a: Iron Valiant|Iron Valiant|100/100
|-damage|p1a: Iron Valiant|88/100|[from] Spikes
|-enditem|p1a: Iron Valiant|Booster Energy
|-activate|p1a: Iron Valiant|ability: Quark Drive|[fromitem]
|-start|p1a: Iron Valiant|quarkdrivespe
|turn|16
|
|t:|1769309275
|move|p1a: Iron Valiant|Thunderbolt|p2a: Pecharunt
|-damage|p2a: Pecharunt|0 fnt
|faint|p2a: Pecharunt
|
|upkeep
|
|t:|1769309287
|switch|p2a: Gholdengo|Gholdengo|100/100
|turn|17
|
|t:|1769309299
|-end|p1a: Iron Valiant|Quark Drive|[silent]
|switch|p1a: Ting-Lu|Ting-Lu|100/100
|-damage|p1a: Ting-Lu|88/100|[from] Spikes
|-ability|p1a: Ting-Lu|Vessel of Ruin
|move|p2a: Gholdengo|Nasty Plot|p2a: Gholdengo
|-boost|p2a: Gholdengo|spa|2
|
|-heal|p1a: Ting-Lu|94/100|[from] item: Leftovers
|upkeep
|turn|18
|
|t:|1769309314
|move|p2a: Gholdengo|Make It Rain|p1a: Ting-Lu
|-damage|p1a: Ting-Lu|19/100
|-unboost|p2a: Gholdengo|spa|1
|move|p1a: Ting-Lu|Whirlwind|p2a: Gholdengo
|-immune|p2a: Gholdengo|[from] ability: Good as Gold
|
|-heal|p1a: Ting-Lu|26/100|[from] item: Leftovers
|upkeep
|turn|19
|
|t:|1769309330
|move|p2a: Gholdengo|Shadow Ball|p1a: Ting-Lu
|-resisted|p1a: Ting-Lu
|-damage|p1a: Ting-Lu|12/100
|move|p1a: Ting-Lu|Ruination|p2a: Gholdengo
|-damage|p2a: Gholdengo|50/100
|
|-heal|p1a: Ting-Lu|18/100|[from] item: Leftovers
|upkeep
|turn|20
|
|t:|1769309345
|move|p2a: Gholdengo|Make It Rain|p1a: Ting-Lu
|-damage|p1a: Ting-Lu|0 fnt
|-unboost|p2a: Gholdengo|spa|1
|faint|p1a: Ting-Lu
|
|upkeep
|
|t:|1769309354
|switch|p1a: Dragonite|Dragonite, F|100/100
|turn|21
|
|t:|1769309370
|move|p1a: Dragonite|Dragon Dance|p1a: Dragonite
|-boost|p1a: Dragonite|atk|1
|-boost|p1a: Dragonite|spe|1
|move|p2a: Gholdengo|Make It Rain|p1a: Dragonite
|-damage|p1a: Dragonite|59/100
|-unboost|p2a: Gholdengo|spa|1
|
|upkeep
|turn|22
|
|t:|1769309383
|move|p1a: Dragonite|Fire Punch|p2a: Gholdengo
|-supereffective|p2a: Gholdengo
|-damage|p2a: Gholdengo|0 fnt
|faint|p2a: Gholdengo
|
|upkeep
|
|t:|1769309390
|switch|p2a: Dragonite|Dragonite, F|100/100
|turn|23
|
|t:|1769309402
|switch|p1a: Skeledirge|Skeledirge, F, tera:Dark|86/100
|-terastallize|p2a: Dragonite|Normal
|move|p2a: Dragonite|Extreme Speed|p1a: Skeledirge
|-damage|p1a: Skeledirge|58/100
|
|upkeep
|turn|24
|
|t:|1769309418
|switch|p2a: Zamazenta|Zamazenta|67/100 brn
|move|p1a: Skeledirge|Will-O-Wisp|p2a: Zamazenta|[miss]
|-miss|p1a: Skeledirge|p2a: Zamazenta
|
|-heal|p2a: Zamazenta|73/100 brn|[from] item: Leftovers
|-damage|p2a: Zamazenta|67/100 brn|[from] brn
|upkeep
|turn|25
|
|t:|1769309437
|switch|p2a: Dragonite|Dragonite, F, tera:Normal|100/100
|move|p1a: Skeledirge|Torch Song|p2a: Dragonite
|-damage|p2a: Dragonite|88/100
|-boost|p1a: Skeledirge|spa|1
|
|upkeep
|turn|26
|
|t:|1769309449
|move|p1a: Skeledirge|Will-O-Wisp|p2a: Dragonite
|-status|p2a: Dragonite|brn
|move|p2a: Dragonite|Dragon Tail|p1a: Skeledirge
|-damage|p1a: Skeledirge|47/100
|drag|p1a: Iron Valiant|Iron Valiant|88/100
|-damage|p1a: Iron Valiant|76/100|[from] Spikes
|
|-damage|p2a: Dragonite|82/100 brn|[from] brn
|upkeep
|turn|27
|
|t:|1769309470
|switch|p2a: Iron Treads|Iron Treads|100/100
|move|p1a: Iron Valiant|Moonblast|p2a: Iron Treads
|-resisted|p2a: Iron Treads
|-damage|p2a: Iron Treads|80/100
|-unboost|p2a: Iron Treads|spa|1
|
|-heal|p2a: Iron Treads|86/100|[from] item: Leftovers
|upkeep
|turn|28
|
|t:|1769309483
|move|p1a: Iron Valiant|Close Combat|p2a: Iron Treads
|-supereffective|p2a: Iron Treads
|-damage|p2a: Iron Treads|3/100
|-unboost|p1a: Iron Valiant|def|1
|-unboost|p1a: Iron Valiant|spd|1
|move|p2a: Iron Treads|Stealth Rock|p1a: Iron Valiant
|-sidestart|p1: yerichan|move: Stealth Rock
|
|-heal|p2a: Iron Treads|9/100|[from] item: Leftovers
|upkeep
|turn|29
|
|t:|1769309507
|-end|p2a: Iron Treads|Quark Drive|[silent]
|switch|p2a: Zamazenta|Zamazenta|67/100 brn
|move|p1a: Iron Valiant|Close Combat|p2a: Zamazenta
|-damage|p2a: Zamazenta|28/100 brn
|-unboost|p1a: Iron Valiant|def|1
|-unboost|p1a: Iron Valiant|spd|1
|
|-heal|p2a: Zamazenta|34/100 brn|[from] item: Leftovers
|-damage|p2a: Zamazenta|28/100 brn|[from] brn
|upkeep
|turn|30
|inactive|yerichan has 120 seconds left.
|
|t:|1769309535
|move|p2a: Zamazenta|Heavy Slam|p1a: Iron Valiant
|-supereffective|p1a: Iron Valiant
|-damage|p1a: Iron Valiant|0 fnt
|faint|p1a: Iron Valiant
|-end|p1a: Iron Valiant|Quark Drive|[silent]
|
|-heal|p2a: Zamazenta|34/100 brn|[from] item: Leftovers
|-damage|p2a: Zamazenta|28/100 brn|[from] brn
|upkeep
|
|t:|1769309546
|switch|p1a: Dragonite|Dragonite, F|59/100
|turn|31
|
|t:|1769309562
|move|p1a: Dragonite|Extreme Speed|p2a: Zamazenta
|-damage|p2a: Zamazenta|8/100 brn
|move|p2a: Zamazenta|Ice Fang|p1a: Dragonite
|-supereffective|p1a: Dragonite
|-damage|p1a: Dragonite|22/100
|
|-heal|p2a: Zamazenta|14/100 brn|[from] item: Leftovers
|-damage|p2a: Zamazenta|8/100 brn|[from] brn
|upkeep
|turn|32
|inactive|yerichan has 120 seconds left.
|inactive|KrishU17 has 120 seconds left.
|inactive|yerichan has 90 seconds left.
|inactive|KrishU17 has 90 seconds left.
|l|☆KrishU17
|inactive|KrishU17 disconnected and has a minute to reconnect!
|player|p2|
|j|☆KrishU17
|inactive|KrishU17 reconnected and has 75 seconds left.
|player|p2|KrishU17|2|
|
|t:|1769309631
|move|p1a: Dragonite|Extreme Speed|p2a: Zamazenta
|-damage|p2a: Zamazenta|0 fnt
|faint|p2a: Zamazenta
|
|upkeep
|
|t:|1769309636
|switch|p2a: Dragonite|Dragonite, F, tera:Normal|82/100 brn
|turn|33
|
|t:|1769309646
|move|p2a: Dragonite|Extreme Speed|p1a: Dragonite
|-damage|p1a: Dragonite|0 fnt
|faint|p1a: Dragonite
|
|-damage|p2a: Dragonite|76/100 brn|[from] brn
|upkeep
|
|t:|1769309655
|switch|p1a: Skeledirge|Skeledirge, F, tera:Dark|47/100
|turn|34
|inactive|KrishU17 has 60 seconds left.
|
|t:|1769309687
|move|p2a: Dragonite|Extreme Speed|p1a: Skeledirge
|-damage|p1a: Skeledirge|34/100
|move|p1a: Skeledirge|Slack Off|p1a: Skeledirge
|-heal|p1a: Skeledirge|84/100
|
|-damage|p2a: Dragonite|69/100 brn|[from] brn
|upkeep
|turn|35
|inactive|KrishU17 has 60 seconds left.
|
|t:|1769309710
|move|p2a: Dragonite|Extreme Speed|p1a: Skeledirge
|-damage|p1a: Skeledirge|70/100
|move|p1a: Skeledirge|Torch Song|p2a: Dragonite
|-damage|p2a: Dragonite|44/100 brn
|-boost|p1a: Skeledirge|spa|1
|
|-damage|p2a: Dragonite|38/100 brn|[from] brn
|upkeep
|turn|36
|inactive|KrishU17 has 60 seconds left.
|
|t:|1769309724
|move|p2a: Dragonite|Extreme Speed|p1a: Skeledirge
|-damage|p1a: Skeledirge|57/100
|move|p1a: Skeledirge|Torch Song|p2a: Dragonite
|-damage|p2a: Dragonite|0 fnt
|-boost|p1a: Skeledirge|spa|1
|faint|p2a: Dragonite
|
|upkeep
|inactive|KrishU17 has 60 seconds left.
|
|t:|1769309730
|switch|p2a: Iron Treads|Iron Treads|9/100
|turn|37
|
|t:|1769309740
|move|p2a: Iron Treads|Earthquake|p1a: Skeledirge
|-damage|p1a: Skeledirge|34/100
|move|p1a: Skeledirge|Torch Song|p2a: Iron Treads
|-supereffective|p2a: Iron Treads
|-crit|p2a: Iron Treads
|-damage|p2a: Iron Treads|0 fnt
|-boost|p1a: Skeledirge|spa|1
|faint|p2a: Iron Treads
|-end|p2a: Iron Treads|Quark Drive|[silent]
|
|win|yerichan
|raw|yerichan's rating: 1133 &rarr; <strong>1157</strong><br />(+24 for winning)
|raw|KrishU17's rating: 1119 &rarr; <strong>1095</strong><br />(-24 for losing)
|c|☆KrishU17|gg
|l|☆KrishU17
|player|p2|
