|j|☆youraveragegohard
|j|☆zico1234
|t:|1769325797
|gametype|singles
|player|p1|youraveragegohard|dawn|1166
|player|p2|zico1234|266|1171
|gen|9
|tier|[Gen 9] OU
|rated|
|rule|HP Percentage Mod: HP is shown in percentages
|rule|Endless Battle Clause: Forcing endless battles is banned
|rule|Species Clause: Limit one of each Pokémon
|rule|OHKO Clause: OHKO moves are banned
|rule|Evasion Items Clause: Evasion items are banned
|rule|Evasion Moves Clause: Evasion moves are banned
|rule|Evasion Abilities Clause: Evasion abilities are banned
|rule|Sleep Moves Clause: Sleep-inducing moves are banned
|clearpoke
|poke|p1|Dondozo, F|
|poke|p1|Blissey, F|
|poke|p1|Corviknight, F|
|poke|p1|Slowbro, F|
|poke|p1|Clodsire, F|
|poke|p1|Skeledirge, F|
|poke|p2|Ting-Lu|
|poke|p2|Slowking-Galar, M|
|poke|p2|Zamazenta-*|
|poke|p2|Darkrai|
|poke|p2|Gliscor, F|
|poke|p2|Iron Valiant|
|teampreview
|inactive|Battle timer is ON: inactive players will automatically lose when time's up. (requested by zico1234)
|inactive|youraveragegohard has 120 seconds left.
|
|t:|1769325833
|teamsize|p1|6
|teamsize|p2|6
|start
|switch|p1a: Corviknight|Corviknight, F|100/100
|switch|p2a: Slowking|Slowking-Galar, M|100/100
|-ability|p1a: Corviknight|Pressure
|turn|1
|
|t:|1769325841
|move|p1a: Corviknight|Protect|p1a: Corviknight
|-singleturn|p1a: Corviknight|Protect
|move|p2a: Slowking|Future Sight|p1a: Corviknight
|-start|p2a: Slowking|move: Future Sight
|
|upkeep
|turn|2
|
|t:|1769325851
|switch|p1a: Slowbro|Slowbro, F|100/100
|move|p2a: Slowking|Thunder Wave|p1a: Slowbro
|-status|p1a: Slowbro|par
|
|upkeep
|turn|3
|
|t:|1769325858
|move|p2a: Slowking|Sludge Bomb|p1a: Slowbro
|-damage|p1a: Slowbro|68/100 par
|move|p1a: Slowbro|Substitute|p1a: Slowbro
|-start|p1a: Slowbro|Substitute
|-damage|p1a: Slowbro|43/100 par
|
|-end|p1a: Slowbro|move: Future Sight
|-resisted|p1a: Slowbro
|-activate|p1a: Slowbro|move: Substitute|[damage]
|-heal|p1a: Slowbro|49/100 par|[from] item: Leftovers
|upkeep
|turn|4
|
|t:|1769325868
|move|p2a: Slowking|Sludge Bomb|p1a: Slowbro
|-end|p1a: Slowbro|Substitute
|move|p1a: Slowbro|Slack Off|p1a: Slowbro
|-heal|p1a: Slowbro|99/100 par
|
|-heal|p1a: Slowbro|100/100 par|[from] item: Leftovers
|upkeep
|turn|5
|inactive|youraveragegohard has 120 seconds left.
|
|t:|1769325917
|move|p2a: Slowking|Sludge Bomb|p1a: Slowbro
|-damage|p1a: Slowbro|62/100 par
|move|p1a: Slowbro|Substitute|p1a: Slowbro
|-start|p1a: Slowbro|Substitute
|-damage|p1a: Slowbro|38/100 par
|
|-heal|p1a: Slowbro|44/100 par|[from] item: Leftovers
|upkeep
|turn|6
|
|t:|1769325939
|move|p1a: Slowbro|Protect|p1a: Slowbro
|-singleturn|p1a: Slowbro|Protect
|move|p2a: Slowking|Sludge Bomb|p1a: Slowbro
|-activate|p1a: Slowbro|move: Protect
|
|-heal|p1a: Slowbro|50/100 par|[from] item: Leftovers
|upkeep
|turn|7
|
|t:|1769325947
|move|p2a: Slowking|Sludge Bomb|p1a: Slowbro
|-end|p1a: Slowbro|Substitute
|move|p1a: Slowbro|Slack Off|p1a: Slowbro
|-heal|p1a: Slowbro|99/100 par
|
|-heal|p1a: Slowbro|100/100 par|[from] item: Leftovers
|upkeep
|turn|8
|
|t:|1769325958
|cant|p1a: Slowbro|par
|-prepare|p2a: Slowking|Chilly Reception|[premajor]
|move|p2a: Slowking|Chilly Reception|p2a: Slowking
|-weather|Snowscape
|
|t:|1769325964
|switch|p2a: Iron Valiant|Iron Valiant|100/100|[from] Chilly Reception
|-enditem|p2a: Iron Valiant|Booster Energy
|-activate|p2a: Iron Valiant|ability: Quark Drive|[fromitem]
|-start|p2a: Iron Valiant|quarkdrivespe
|
|-weather|Snowscape|[upkeep]
|upkeep
|turn|9
|
|t:|1769325971
|move|p1a: Slowbro|Protect|p1a: Slowbro
|-singleturn|p1a: Slowbro|Protect
|move|p2a: Iron Valiant|Encore|p1a: Slowbro
|-activate|p1a: Slowbro|move: Protect
|
|-weather|Snowscape|[upkeep]
|upkeep
|turn|10
|inactive|youraveragegohard has 120 seconds left.
|
|t:|1769325979
|move|p2a: Iron Valiant|Calm Mind|p2a: Iron Valiant
|-boost|p2a: Iron Valiant|spa|1
|-boost|p2a: Iron Valiant|spd|1
|move|p1a: Slowbro|Substitute|p1a: Slowbro
|-start|p1a: Slowbro|Substitute
|-damage|p1a: Slowbro|76/100 par
|
|-weather|Snowscape|[upkeep]
|-heal|p1a: Slowbro|82/100 par|[from] item: Leftovers
|upkeep
|turn|11
|
|t:|1769325987
|move|p1a: Slowbro|Protect|p1a: Slowbro
|-singleturn|p1a: Slowbro|Protect
|move|p2a: Iron Valiant|Encore|p1a: Slowbro
|-activate|p1a: Slowbro|move: Protect
|
|-weather|Snowscape|[upkeep]
|-heal|p1a: Slowbro|88/100 par|[from] item: Leftovers
|upkeep
|turn|12
|
|t:|1769325996
|move|p2a: Iron Valiant|Encore|p1a: Slowbro
|-start|p1a: Slowbro|Encore
|move|p1a: Slowbro|Protect||[still]
|-fail|p1a: Slowbro
|
|-weather|none
|-heal|p1a: Slowbro|94/100 par|[from] item: Leftovers
|upkeep
|turn|13
|
|t:|1769326003
|move|p1a: Slowbro|Protect|p1a: Slowbro
|-singleturn|p1a: Slowbro|Protect
|move|p2a: Iron Valiant|Calm Mind|p2a: Iron Valiant
|-boost|p2a: Iron Valiant|spa|1
|-boost|p2a: Iron Valiant|spd|1
|
|-heal|p1a: Slowbro|99/100 par|[from] item: Leftovers
|upkeep
|turn|14
|
|t:|1769326011
|move|p1a: Slowbro|Protect||[still]
|-fail|p1a: Slowbro
|move|p2a: Iron Valiant|Shadow Ball|p1a: Slowbro
|-supereffective|p1a: Slowbro
|-end|p1a: Slowbro|Substitute
|
|-heal|p1a: Slowbro|100/100 par|[from] item: Leftovers
|-end|p1a: Slowbro|Encore
|upkeep
|turn|15
|
|t:|1769326020
|switch|p1a: Dondozo|Dondozo, F|100/100
|move|p2a: Iron Valiant|Encore||[still]
|-fail|p2a: Iron Valiant
|
|upkeep
|turn|16
|
|t:|1769326029
|-terastallize|p2a: Iron Valiant|Fairy
|move|p2a: Iron Valiant|Moonblast|p1a: Dondozo
|-damage|p1a: Dondozo|40/100
|move|p1a: Dondozo|Substitute|p1a: Dondozo
|-start|p1a: Dondozo|Substitute
|-damage|p1a: Dondozo|15/100
|
|-heal|p1a: Dondozo|21/100|[from] item: Leftovers
|upkeep
|turn|17
|
|t:|1769326041
|move|p1a: Dondozo|Protect|p1a: Dondozo
|-singleturn|p1a: Dondozo|Protect
|move|p2a: Iron Valiant|Encore|p1a: Dondozo
|-activate|p1a: Dondozo|move: Protect
|
|-heal|p1a: Dondozo|27/100|[from] item: Leftovers
|upkeep
|turn|18
|
|t:|1769326048
|move|p2a: Iron Valiant|Encore|p1a: Dondozo
|-start|p1a: Dondozo|Encore
|move|p1a: Dondozo|Protect||[still]
|-fail|p1a: Dondozo
|
|-heal|p1a: Dondozo|33/100|[from] item: Leftovers
|upkeep
|turn|19
|
|t:|1769326054
|move|p1a: Dondozo|Protect|p1a: Dondozo
|-singleturn|p1a: Dondozo|Protect
|move|p2a: Iron Valiant|Calm Mind|p2a: Iron Valiant
|-boost|p2a: Iron Valiant|spa|1
|-boost|p2a: Iron Valiant|spd|1
|
|-heal|p1a: Dondozo|39/100|[from] item: Leftovers
|upkeep
|turn|20
|
|t:|1769326065
|move|p1a: Dondozo|Protect||[still]
|-fail|p1a: Dondozo
|move|p2a: Iron Valiant|Moonblast|p1a: Dondozo
|-end|p1a: Dondozo|Substitute
|
|-heal|p1a: Dondozo|46/100|[from] item: Leftovers
|-end|p1a: Dondozo|Encore
|upkeep
|turn|21
|
|t:|1769326079
|move|p1a: Dondozo|Protect|p1a: Dondozo
|-singleturn|p1a: Dondozo|Protect
|move|p2a: Iron Valiant|Calm Mind|p2a: Iron Valiant
|-boost|p2a: Iron Valiant|spa|1
|-boost|p2a: Iron Valiant|spd|1
|
|-heal|p1a: Dondozo|52/100|[from] item: Leftovers
|upkeep
|turn|22
|
|t:|1769326087
|move|p2a: Iron Valiant|Encore|p1a: Dondozo
|-start|p1a: Dondozo|Encore
|move|p1a: Dondozo|Protect||[still]
|-fail|p1a: Dondozo
|
|-heal|p1a: Dondozo|58/100|[from] item: Leftovers
|upkeep
|turn|23
|
|t:|1769326093
|move|p1a: Dondozo|Protect|p1a: Dondozo
|-singleturn|p1a: Dondozo|Protect
|move|p2a: Iron Valiant|Calm Mind|p2a: Iron Valiant
|-boost|p2a: Iron Valiant|spa|1
|-boost|p2a: Iron Valiant|spd|1
|
|-heal|p1a: Dondozo|64/100|[from] item: Leftovers
|upkeep
|turn|24
|
|t:|1769326103
|switch|p1a: Clodsire|Clodsire, F|100/100
|move|p2a: Iron Valiant|Moonblast|p1a: Clodsire
|-resisted|p1a: Clodsire
|-damage|p1a: Clodsire|85/100
|
|-heal|p1a: Clodsire|91/100|[from] item: Leftovers
|upkeep
|turn|25
|
|t:|1769326113
|move|p2a: Iron Valiant|Shadow Ball|p1a: Clodsire
|-damage|p1a: Clodsire|78/100
|move|p1a: Clodsire|Curse|p1a: Clodsire
|-unboost|p1a: Clodsire|spe|1
|-boost|p1a: Clodsire|atk|1
|-boost|p1a: Clodsire|def|1
|
|-heal|p1a: Clodsire|84/100|[from] item: Leftovers
|upkeep
|turn|26
|
|t:|1769326126
|-end|p2a: Iron Valiant|Quark Drive|[silent]
|switch|p2a: Ting-Lu|Ting-Lu|100/100
|-ability|p2a: Ting-Lu|Vessel of Ruin
|move|p1a: Clodsire|Curse|p1a: Clodsire
|-unboost|p1a: Clodsire|spe|1
|-boost|p1a: Clodsire|atk|1
|-boost|p1a: Clodsire|def|1
|
|-heal|p1a: Clodsire|91/100|[from] item: Leftovers
|upkeep
|turn|27
|
|t:|1769326136
|move|p2a: Ting-Lu|Stealth Rock|p1a: Clodsire
|-sidestart|p1: youraveragegohard|move: Stealth Rock
|move|p1a: Clodsire|Curse|p1a: Clodsire
|-unboost|p1a: Clodsire|spe|1
|-boost|p1a: Clodsire|atk|1
|-boost|p1a: Clodsire|def|1
|
|-heal|p1a: Clodsire|97/100|[from] item: Leftovers
|upkeep
|turn|28
|
|t:|1769326144
|move|p1a: Clodsire|Substitute|p1a: Clodsire
|-start|p1a: Clodsire|Substitute
|-damage|p1a: Clodsire|72/100
|move|p2a: Ting-Lu|Whirlwind|p1a: Clodsire
|drag|p1a: Dondozo|Dondozo, F|64/100
|-damage|p1a: Dondozo|51/100|[from] Stealth Rock
|
|-heal|p1a: Dondozo|58/100|[from] item: Leftovers
|upkeep
|turn|29
|
|t:|1769326159
|move|p2a: Ting-Lu|Spikes|p1a: Dondozo
|-sidestart|p1: youraveragegohard|Spikes
|move|p1a: Dondozo|Rest|p1a: Dondozo
|-status|p1a: Dondozo|slp|[from] move: Rest
|-heal|p1a: Dondozo|100/100 slp|[silent]
|
|upkeep
|turn|30
|
|t:|1769326169
|move|p2a: Ting-Lu|Spikes|p1a: Dondozo
|-sidestart|p1: youraveragegohard|Spikes
|cant|p1a: Dondozo|slp
|move|p1a: Dondozo|Sleep Talk|p1a: Dondozo
|move|p1a: Dondozo|Substitute|p1a: Dondozo|[from] move: Sleep Talk
|-start|p1a: Dondozo|Substitute
|-damage|p1a: Dondozo|75/100 slp
|
|-heal|p1a: Dondozo|82/100 slp|[from] item: Leftovers
|upkeep
|turn|31
|
|t:|1769326180
|cant|p1a: Dondozo|slp
|move|p1a: Dondozo|Sleep Talk|p1a: Dondozo
|move|p1a: Dondozo|Rest||[from] move: Sleep Talk|[still]
|-fail|p1a: Dondozo
|move|p2a: Ting-Lu|Whirlwind|p1a: Dondozo
|drag|p1a: Slowbro|Slowbro, F|100/100 par
|-damage|p1a: Slowbro|88/100 par|[from] Stealth Rock
|-damage|p1a: Slowbro|72/100 par|[from] Spikes
|
|-heal|p1a: Slowbro|78/100 par|[from] item: Leftovers
|upkeep
|turn|32
|
|t:|1769326196
|cant|p1a: Slowbro|par
|move|p2a: Ting-Lu|Spikes|p1a: Slowbro
|-sidestart|p1: youraveragegohard|Spikes
|
|-heal|p1a: Slowbro|84/100 par|[from] item: Leftovers
|upkeep
|turn|33
|
|t:|1769326203
|move|p1a: Slowbro|Protect|p1a: Slowbro
|-singleturn|p1a: Slowbro|Protect
|move|p2a: Ting-Lu|Whirlwind|p1a: Slowbro
|drag|p1a: Dondozo|Dondozo, F|82/100 slp
|-damage|p1a: Dondozo|69/100 slp|[from] Stealth Rock
|-damage|p1a: Dondozo|44/100 slp|[from] Spikes
|
|-heal|p1a: Dondozo|50/100 slp|[from] item: Leftovers
|upkeep
|turn|34
|
|t:|1769326218
|-curestatus|p1a: Dondozo|slp|[msg]
|move|p1a: Dondozo|Sleep Talk||[still]
|-fail|p1a: Dondozo
|move|p2a: Ting-Lu|Whirlwind|p1a: Dondozo
|drag|p1a: Clodsire|Clodsire, F|72/100
|-damage|p1a: Clodsire|66/100|[from] Stealth Rock
|-damage|p1a: Clodsire|41/100|[from] Spikes
|
|-heal|p1a: Clodsire|47/100|[from] item: Leftovers
|upkeep
|turn|35
|
|t:|1769326229
|move|p1a: Clodsire|Protect|p1a: Clodsire
|-singleturn|p1a: Clodsire|Protect
|move|p2a: Ting-Lu|Earthquake|p1a: Clodsire
|-activate|p1a: Clodsire|move: Protect
|
|-heal|p1a: Clodsire|53/100|[from] item: Leftovers
|upkeep
|turn|36
|
|t:|1769326238
|move|p1a: Clodsire|Recover|p1a: Clodsire
|-heal|p1a: Clodsire|100/100
|move|p2a: Ting-Lu|Whirlwind|p1a: Clodsire
|drag|p1a: Slowbro|Slowbro, F|100/100 par
|-damage|p1a: Slowbro|88/100 par|[from] Stealth Rock
|-damage|p1a: Slowbro|63/100 par|[from] Spikes
|
|-heal|p1a: Slowbro|69/100 par|[from] item: Leftovers
|upkeep
|turn|37
|
|t:|1769326249
|move|p1a: Slowbro|Protect|p1a: Slowbro
|-singleturn|p1a: Slowbro|Protect
|move|p2a: Ting-Lu|Whirlwind|p1a: Slowbro
|drag|p1a: Blissey|Blissey, F|100/100
|-damage|p1a: Blissey|88/100|[from] Stealth Rock
|-damage|p1a: Blissey|63/100|[from] Spikes
|
|-heal|p1a: Blissey|69/100|[from] item: Leftovers
|upkeep
|turn|38
|
|t:|1769326263
|move|p1a: Blissey|Heal Bell|p1a: Blissey
|-activate|p1a: Blissey|move: Heal Bell
|-curestatus|p1: Slowbro|par|[msg]
|move|p2a: Ting-Lu|Whirlwind|p1a: Blissey
|drag|p1a: Corviknight|Corviknight, F|100/100
|-damage|p1a: Corviknight|88/100|[from] Stealth Rock
|-ability|p1a: Corviknight|Pressure
|
|-heal|p1a: Corviknight|94/100|[from] item: Leftovers
|upkeep
|turn|39
|
|t:|1769326280
|move|p1a: Corviknight|Iron Defense|p1a: Corviknight
|-boost|p1a: Corviknight|def|2
|move|p2a: Ting-Lu|Whirlwind|p1a: Corviknight
|drag|p1a: Clodsire|Clodsire, F|100/100
|-damage|p1a: Clodsire|94/100|[from] Stealth Rock
|-damage|p1a: Clodsire|69/100|[from] Spikes
|
|-heal|p1a: Clodsire|75/100|[from] item: Leftovers
|upkeep
|turn|40
|
|t:|1769326288
|move|p1a: Clodsire|Protect|p1a: Clodsire
|-singleturn|p1a: Clodsire|Protect
|move|p2a: Ting-Lu|Whirlwind|p1a: Clodsire
|drag|p1a: Dondozo|Dondozo, F|50/100
|-damage|p1a: Dondozo|38/100|[from] Stealth Rock
|-damage|p1a: Dondozo|13/100|[from] Spikes
|
|-heal|p1a: Dondozo|19/100|[from] item: Leftovers
|upkeep
|turn|41
|
|t:|1769326299
|move|p1a: Dondozo|Protect|p1a: Dondozo
|-singleturn|p1a: Dondozo|Protect
|move|p2a: Ting-Lu|Earthquake|p1a: Dondozo
|-activate|p1a: Dondozo|move: Protect
|
|-heal|p1a: Dondozo|25/100|[from] item: Leftovers
|upkeep
|turn|42
|
|t:|1769326308
|switch|p1a: Corviknight|Corviknight, F|94/100
|-damage|p1a: Corviknight|82/100|[from] Stealth Rock
|-ability|p1a: Corviknight|Pressure
|move|p2a: Ting-Lu|Earthquake|p1a: Corviknight
|-immune|p1a: Corviknight
|
|-heal|p1a: Corviknight|88/100|[from] item: Leftovers
|upkeep
|turn|43
|
|t:|1769326329
|switch|p1a: Dondozo|Dondozo, F|25/100
|-damage|p1a: Dondozo|13/100|[from] Stealth Rock
|-damage|p1a: Dondozo|0 fnt|[from] Spikes
|faint|p1a: Dondozo
|switch|p2a: Darkrai|Darkrai|100/100
|
|upkeep
|
|t:|1769326339
|switch|p1a: Clodsire|Clodsire, F|75/100
|-damage|p1a: Clodsire|69/100|[from] Stealth Rock
|-damage|p1a: Clodsire|44/100|[from] Spikes
|turn|44
|
|t:|1769326344
|move|p2a: Darkrai|Knock Off|p1a: Clodsire
|-damage|p1a: Clodsire|9/100
|-enditem|p1a: Clodsire|Leftovers|[from] move: Knock Off|[of] p2a: Darkrai
|move|p1a: Clodsire|Recover|p1a: Clodsire
|-heal|p1a: Clodsire|59/100
|
|upkeep
|turn|45
|
|t:|1769326351
|move|p2a: Darkrai|Ice Beam|p1a: Clodsire
|-supereffective|p1a: Clodsire
|-damage|p1a: Clodsire|26/100
|-status|p1a: Clodsire|frz
|cant|p1a: Clodsire|frz
|
|upkeep
|turn|46
|
|t:|1769326359
|switch|p1a: Skeledirge|Skeledirge, F|100/100
|-damage|p1a: Skeledirge|75/100|[from] Stealth Rock
|-damage|p1a: Skeledirge|50/100|[from] Spikes
|move|p2a: Darkrai|Ice Beam|p1a: Skeledirge
|-resisted|p1a: Skeledirge
|-damage|p1a: Skeledirge|39/100
|
|-heal|p1a: Skeledirge|45/100|[from] item: Leftovers
|upkeep
|turn|47
|
|t:|1769326386
|move|p1a: Skeledirge|Protect|p1a: Skeledirge
|-singleturn|p1a: Skeledirge|Protect
|move|p2a: Darkrai|Knock Off|p1a: Skeledirge
|-activate|p1a: Skeledirge|move: Protect
|
|-heal|p1a: Skeledirge|51/100|[from] item: Leftovers
|upkeep
|turn|48
|
|t:|1769326396
|move|p2a: Darkrai|Knock Off|p1a: Skeledirge
|-supereffective|p1a: Skeledirge
|-damage|p1a: Skeledirge|0 fnt
|-enditem|p1a: Skeledirge|Leftovers|[from] move: Knock Off|[of] p2a: Darkrai
|faint|p1a: Skeledirge
|
|upkeep
|
|t:|1769326406
|switch|p1a: Corviknight|Corviknight, F|88/100
|-damage|p1a: Corviknight|75/100|[from] Stealth Rock
|-ability|p1a: Corviknight|Pressure
|turn|49
|inactive|youraveragegohard has 120 seconds left.
|
|t:|1769326444
|move|p2a: Darkrai|Knock Off|p1a: Corviknight
|-damage|p1a: Corviknight|57/100
|-enditem|p1a: Corviknight|Leftovers|[from] move: Knock Off|[of] p2a: Darkrai
|move|p1a: Corviknight|Iron Defense|p1a: Corviknight
|-boost|p1a: Corviknight|def|2
|
|upkeep
|turn|50
|
|t:|1769326465
|move|p1a: Corviknight|Protect|p1a: Corviknight
|-singleturn|p1a: Corviknight|Protect
|move|p2a: Darkrai|Dark Pulse|p1a: Corviknight
|-activate|p1a: Corviknight|move: Protect
|
|upkeep
|turn|51
|
|t:|1769326475
|move|p2a: Darkrai|Dark Pulse|p1a: Corviknight
|-damage|p1a: Corviknight|15/100
|move|p1a: Corviknight|Roost|p1a: Corviknight
|-heal|p1a: Corviknight|65/100
|-singleturn|p1a: Corviknight|move: Roost
|
|upkeep
|turn|52
|
|t:|1769326482
|move|p2a: Darkrai|Dark Pulse|p1a: Corviknight
|-damage|p1a: Corviknight|24/100
|move|p1a: Corviknight|Roost|p1a: Corviknight
|-heal|p1a: Corviknight|74/100
|-singleturn|p1a: Corviknight|move: Roost
|
|upkeep
|turn|53
|
|t:|1769326490
|move|p2a: Darkrai|Dark Pulse|p1a: Corviknight
|-damage|p1a: Corviknight|30/100
|move|p1a: Corviknight|Roost|p1a: Corviknight
|-heal|p1a: Corviknight|80/100
|-singleturn|p1a: Corviknight|move: Roost
|
|upkeep
|turn|54
|inactive|youraveragegohard has 120 seconds left.
|
|t:|1769326497
|move|p1a: Corviknight|Protect|p1a: Corviknight
|-singleturn|p1a: Corviknight|Protect
|move|p2a: Darkrai|Dark Pulse|p1a: Corviknight
|-activate|p1a: Corviknight|move: Protect
|
|upkeep
|turn|55
|
|t:|1769326507
|move|p2a: Darkrai|Dark Pulse|p1a: Corviknight
|-damage|p1a: Corviknight|38/100
|move|p1a: Corviknight|Roost|p1a: Corviknight
|-heal|p1a: Corviknight|88/100
|-singleturn|p1a: Corviknight|move: Roost
|
|upkeep
|turn|56
|
|t:|1769326515
|switch|p2a: Iron Valiant|Iron Valiant, tera:Fairy|100/100
|move|p1a: Corviknight|Protect||[still]
|-fail|p1a: Corviknight
|
|upkeep
|turn|57
|
|t:|1769326522
|move|p2a: Iron Valiant|Calm Mind|p2a: Iron Valiant
|-boost|p2a: Iron Valiant|spa|1
|-boost|p2a: Iron Valiant|spd|1
|move|p1a: Corviknight|Iron Defense|p1a: Corviknight
|-boost|p1a: Corviknight|def|2
|
|upkeep
|turn|58
|
|t:|1769326532
|switch|p1a: Blissey|Blissey, F|69/100
|-damage|p1a: Blissey|57/100|[from] Stealth Rock
|-damage|p1a: Blissey|32/100|[from] Spikes
|move|p2a: Iron Valiant|Encore||[still]
|-fail|p2a: Iron Valiant
|
|-heal|p1a: Blissey|38/100|[from] item: Leftovers
|upkeep
|turn|59
|
|t:|1769326547
|move|p2a: Iron Valiant|Moonblast|p1a: Blissey
|-damage|p1a: Blissey|6/100
|-unboost|p1a: Blissey|spa|1
|move|p1a: Blissey|Soft-Boiled|p1a: Blissey
|-heal|p1a: Blissey|56/100
|
|-heal|p1a: Blissey|62/100|[from] item: Leftovers
|upkeep
|turn|60
|
|t:|1769326554
|move|p2a: Iron Valiant|Calm Mind|p2a: Iron Valiant
|-boost|p2a: Iron Valiant|spa|1
|-boost|p2a: Iron Valiant|spd|1
|move|p1a: Blissey|Soft-Boiled|p1a: Blissey
|-heal|p1a: Blissey|100/100
|
|upkeep
|turn|61
|
|t:|1769326562
|move|p2a: Iron Valiant|Calm Mind|p2a: Iron Valiant
|-boost|p2a: Iron Valiant|spa|1
|-boost|p2a: Iron Valiant|spd|1
|move|p1a: Blissey|Substitute|p1a: Blissey
|-start|p1a: Blissey|Substitute
|-damage|p1a: Blissey|76/100
|
|-heal|p1a: Blissey|82/100|[from] item: Leftovers
|upkeep
|turn|62
|
|t:|1769326572
|move|p2a: Iron Valiant|Moonblast|p1a: Blissey
|-end|p1a: Blissey|Substitute
|move|p1a: Blissey|Heal Bell|p1a: Blissey
|-activate|p1a: Blissey|move: Heal Bell
|-curestatus|p1: Clodsire|frz|[msg]
|
|-heal|p1a: Blissey|88/100|[from] item: Leftovers
|upkeep
|turn|63
|
|t:|1769326580
|move|p1a: Blissey|Protect|p1a: Blissey
|-singleturn|p1a: Blissey|Protect
|move|p2a: Iron Valiant|Moonblast|p1a: Blissey
|-activate|p1a: Blissey|move: Protect
|
|-heal|p1a: Blissey|94/100|[from] item: Leftovers
|upkeep
|turn|64
|
|t:|1769326587
|move|p2a: Iron Valiant|Moonblast|p1a: Blissey
|-damage|p1a: Blissey|37/100
|move|p1a: Blissey|Substitute|p1a: Blissey
|-start|p1a: Blissey|Substitute
|-damage|p1a: Blissey|13/100
|
|-heal|p1a: Blissey|19/100|[from] item: Leftovers
|upkeep
|turn|65
|
|t:|1769326594
|move|p2a: Iron Valiant|Moonblast|p1a: Blissey
|-end|p1a: Blissey|Substitute
|move|p1a: Blissey|Soft-Boiled|p1a: Blissey
|-heal|p1a: Blissey|69/100
|
|-heal|p1a: Blissey|75/100|[from] item: Leftovers
|upkeep
|turn|66
|
|t:|1769326603
|move|p1a: Blissey|Protect|p1a: Blissey
|-singleturn|p1a: Blissey|Protect
|move|p2a: Iron Valiant|Moonblast|p1a: Blissey
|-activate|p1a: Blissey|move: Protect
|
|-heal|p1a: Blissey|81/100|[from] item: Leftovers
|upkeep
|turn|67
|
|t:|1769326611
|move|p2a: Iron Valiant|Moonblast|p1a: Blissey
|-damage|p1a: Blissey|24/100
|move|p1a: Blissey|Substitute|p1a: Blissey
|-fail|p1a: Blissey|move: Substitute|[weak]
|
|-heal|p1a: Blissey|31/100|[from] item: Leftovers
|upkeep
|turn|68
|l|☆zico1234
|inactive|zico1234 disconnected and has a minute to reconnect!
|player|p2|
|inactive|zico1234 has 30 seconds to reconnect!
|inactive|zico1234 has 20 seconds to reconnect!
|inactive|zico1234 has 15 seconds to reconnect!
|inactive|zico1234 has 10 seconds to reconnect!
|inactive|zico1234 has 5 seconds to reconnect!
|-message|zico1234 lost due to inactivity.
|
|win|youraveragegohard
|raw|youraveragegohard's rating: 1136 &rarr; <strong>1164</strong><br />(+28 for winning)
|raw|zico1234's rating: 1171 &rarr; <strong>1143</strong><br />(-28 for losing)
|l|☆youraveragegohard
|player|p1|
