|j|☆froggster
|j|☆Team BBIO 38
|t:|1769444066
|gametype|singles
|player|p1|froggster|colress|1299
|player|p2|Team BBIO 38|rocketgrunt|1293
|gen|9
|tier|[Gen 9] OU
|rated|
|rule|HP Percentage Mod: HP is shown in percentages
|rule|Endless Battle Clause: Forcing endless battles is banned
|rule|Species Clause: Limit one of each Pokémon
|rule|OHKO Clause: OHKO moves are banned
|rule|Evasion Items Clause: Evasion items are banned
|rule|Evasion Moves Clause: Evasion moves are banned
|rule|Evasion Abilities Clause: Evasion abilities are banned
|rule|Sleep Moves Clause: Sleep-inducing moves are banned
|clearpoke
|poke|p1|Tyranitar, M|
|poke|p1|Garchomp, M|
|poke|p1|Excadrill, M|
|poke|p1|Hatterene, F|
|poke|p1|Kingambit, M|
|poke|p1|Moltres-Galar|
|poke|p2|Dusclops, M|
|poke|p2|Blissey, F|
|poke|p2|Flamigo, M|
|poke|p2|Latias, F|
|poke|p2|Darkrai|
|poke|p2|Swampert, M|
|teampreview
|inactive|Battle timer is ON: inactive players will automatically lose when time's up. (requested by Team BBIO 38)
|inactive|froggster also wants the timer to be on.
|
|t:|1769444083
|teamsize|p1|6
|teamsize|p2|6
|start
|switch|p1a: Tyranitar|Tyranitar, M, shiny|100/100
|switch|p2a: Darkrai|Darkrai|100/100
|-weather|Sandstorm|[from] ability: Sand Stream|[of] p1a: Tyranitar
|turn|1
|
|t:|1769444098
|move|p2a: Darkrai|Trick|p1a: Tyranitar
|-activate|p2a: Darkrai|move: Trick|[of] p1a: Tyranitar
|-item|p1a: Tyranitar|Choice Specs|[from] move: Trick
|-item|p2a: Darkrai|Choice Band|[from] move: Trick
|move|p1a: Tyranitar|Stone Edge|p2a: Darkrai|[miss]
|-miss|p1a: Tyranitar|p2a: Darkrai
|
|-weather|Sandstorm|[upkeep]
|-damage|p2a: Darkrai|94/100|[from] Sandstorm
|upkeep
|turn|2
|
|t:|1769444110
|switch|p2a: Dusclops|Dusclops, M|100/100
|-item|p1a: Tyranitar|Choice Specs|[from] ability: Frisk|[of] p2a: Dusclops
|move|p1a: Tyranitar|Stone Edge|p2a: Dusclops
|-damage|p2a: Dusclops|72/100
|
|-weather|Sandstorm|[upkeep]
|-damage|p2a: Dusclops|66/100|[from] Sandstorm
|upkeep
|turn|3
|
|t:|1769444118
|switch|p1a: Moltres|Moltres-Galar|100/100
|move|p2a: Dusclops|Pain Split|p1a: Moltres
|-sethp|p1a: Moltres|79/100|[from] move: Pain Split|[silent]
|-sethp|p2a: Dusclops|90/100|[from] move: Pain Split
|
|-weather|Sandstorm|[upkeep]
|-damage|p1a: Moltres|73/100|[from] Sandstorm
|-damage|p2a: Dusclops|84/100|[from] Sandstorm
|upkeep
|turn|4
|
|t:|1769444128
|switch|p2a: Blissey|Blissey, F|100/100
|move|p1a: Moltres|Nasty Plot|p1a: Moltres
|-boost|p1a: Moltres|spa|2
|
|-weather|Sandstorm|[upkeep]
|-damage|p1a: Moltres|67/100|[from] Sandstorm
|-damage|p2a: Blissey|94/100|[from] Sandstorm
|-heal|p2a: Blissey|100/100|[from] item: Leftovers
|upkeep
|turn|5
|
|t:|1769444141
|move|p1a: Moltres|Agility|p1a: Moltres
|-boost|p1a: Moltres|spe|2
|move|p2a: Blissey|Seismic Toss|p1a: Moltres
|-damage|p1a: Moltres|36/100
|-ability|p1a: Moltres|Berserk|boost
|-boost|p1a: Moltres|spa|1
|-enditem|p1a: Moltres|Sitrus Berry|[eat]
|-heal|p1a: Moltres|61/100|[from] item: Sitrus Berry
|
|-weather|none
|upkeep
|turn|6
|
|t:|1769444154
|move|p1a: Moltres|Hurricane|p2a: Blissey
|-damage|p2a: Blissey|58/100
|move|p2a: Blissey|Seismic Toss|p1a: Moltres
|-damage|p1a: Moltres|30/100
|-ability|p1a: Moltres|Berserk|boost
|-boost|p1a: Moltres|spa|1
|
|-heal|p2a: Blissey|64/100|[from] item: Leftovers
|upkeep
|turn|7
|
|t:|1769444162
|move|p1a: Moltres|Fiery Wrath|p2a: Blissey
|-damage|p2a: Blissey|24/100
|cant|p2a: Blissey|flinch
|
|-heal|p2a: Blissey|30/100|[from] item: Leftovers
|upkeep
|turn|8
|
|t:|1769444168
|move|p1a: Moltres|Fiery Wrath|p2a: Blissey
|-damage|p2a: Blissey|0 fnt
|faint|p2a: Blissey
|
|upkeep
|
|t:|1769444177
|switch|p2a: Dusclops|Dusclops, M|84/100
|turn|9
|
|t:|1769444187
|-terastallize|p2a: Dusclops|Water
|move|p1a: Moltres|Fiery Wrath|p2a: Dusclops
|-damage|p2a: Dusclops|12/100
|move|p2a: Dusclops|Haze|p2a: Dusclops
|-clearallboost
|
|upkeep
|turn|10
|
|t:|1769444194
|move|p1a: Moltres|Fiery Wrath|p2a: Dusclops
|-damage|p2a: Dusclops|0 fnt
|faint|p2a: Dusclops
|
|upkeep
|
|t:|1769444201
|switch|p2a: Flamigo|Flamigo, M|100/100
|turn|11
|
|t:|1769444204
|move|p2a: Flamigo|Close Combat|p1a: Moltres
|-damage|p1a: Moltres|0 fnt
|-unboost|p2a: Flamigo|def|1
|-unboost|p2a: Flamigo|spd|1
|faint|p1a: Moltres
|
|upkeep
|
|t:|1769444207
|switch|p1a: Tyranitar|Tyranitar, M, shiny|100/100
|-weather|Sandstorm|[from] ability: Sand Stream|[of] p1a: Tyranitar
|turn|12
|
|t:|1769444218
|move|p2a: Flamigo|Close Combat|p1a: Tyranitar
|-supereffective|p1a: Tyranitar
|-damage|p1a: Tyranitar|0 fnt
|-unboost|p2a: Flamigo|def|1
|-unboost|p2a: Flamigo|spd|1
|faint|p1a: Tyranitar
|
|-weather|Sandstorm|[upkeep]
|-damage|p2a: Flamigo|94/100|[from] Sandstorm
|upkeep
|
|t:|1769444227
|switch|p1a: Excadrill|Excadrill, M, shiny|100/100
|-item|p1a: Excadrill|Air Balloon
|turn|13
|
|t:|1769444239
|move|p1a: Excadrill|Iron Head|p2a: Flamigo
|-damage|p2a: Flamigo|0 fnt
|faint|p2a: Flamigo
|
|-weather|Sandstorm|[upkeep]
|upkeep
|
|t:|1769444245
|switch|p2a: Swampert|Swampert, M|100/100
|turn|14
|
|t:|1769444250
|move|p1a: Excadrill|Swords Dance|p1a: Excadrill
|-boost|p1a: Excadrill|atk|2
|move|p2a: Swampert|Waterfall|p1a: Excadrill
|-supereffective|p1a: Excadrill
|-damage|p1a: Excadrill|0 fnt
|-enditem|p1a: Excadrill|Air Balloon
|faint|p1a: Excadrill
|
|-weather|Sandstorm|[upkeep]
|upkeep
|
|t:|1769444256
|switch|p1a: Garchomp|Garchomp, M|100/100
|turn|15
|
|t:|1769444261
|move|p2a: Swampert|Waterfall|p1a: Garchomp
|-damage|p1a: Garchomp|59/100
|-damage|p2a: Swampert|88/100|[from] ability: Rough Skin|[of] p1a: Garchomp
|-damage|p2a: Swampert|72/100|[from] item: Rocky Helmet|[of] p1a: Garchomp
|move|p1a: Garchomp|Dragon Tail|p2a: Swampert
|-damage|p2a: Swampert|43/100
|-damage|p1a: Garchomp|42/100|[from] item: Rocky Helmet|[of] p2a: Swampert
|drag|p2a: Darkrai|Darkrai|94/100
|
|-weather|Sandstorm|[upkeep]
|-damage|p2a: Darkrai|88/100|[from] Sandstorm
|upkeep
|turn|16
|
|t:|1769444275
|move|p2a: Darkrai|Ice Beam|p1a: Garchomp
|-supereffective|p1a: Garchomp
|-damage|p1a: Garchomp|0 fnt
|faint|p1a: Garchomp
|
|-weather|none
|upkeep
|
|t:|1769444278
|switch|p1a: Kingambit|Kingambit, M, shiny|100/100
|-activate|p1a: Kingambit|ability: Supreme Overlord
|-start|p1a: Kingambit|fallen4|[silent]
|turn|17
|
|t:|1769444290
|switch|p2a: Swampert|Swampert, M|43/100
|move|p1a: Kingambit|Low Kick|p2a: Swampert
|-damage|p2a: Swampert|7/100
|-damage|p1a: Kingambit|84/100|[from] item: Rocky Helmet|[of] p2a: Swampert
|
|upkeep
|turn|18
|
|t:|1769444298
|-end|p1a: Kingambit|fallen4|[silent]
|switch|p1a: Hatterene|Hatterene, F, shiny|100/100
|move|p2a: Swampert|Roar|p1a: Hatterene
|move|p1a: Hatterene|Roar|p2a: Swampert|[from] ability: Magic Bounce
|drag|p2a: Alaric|Latias, F|100/100
|
|upkeep
|turn|19
|
|t:|1769444306
|move|p2a: Alaric|Calm Mind|p2a: Alaric
|-boost|p2a: Alaric|spa|1
|-boost|p2a: Alaric|spd|1
|move|p1a: Hatterene|Nuzzle|p2a: Alaric
|-resisted|p2a: Alaric
|-damage|p2a: Alaric|99/100
|
|upkeep
|turn|20
|c|☆froggster|Are we really using covert cloak
|
|t:|1769444328
|move|p2a: Alaric|Calm Mind|p2a: Alaric
|-boost|p2a: Alaric|spa|1
|-boost|p2a: Alaric|spd|1
|move|p1a: Hatterene|Draining Kiss|p2a: Alaric
|-supereffective|p2a: Alaric
|-crit|p2a: Alaric
|-damage|p2a: Alaric|18/100
|
|upkeep
|turn|21
|c|☆Team BBIO 38|yes
|
|t:|1769444341
|move|p2a: Alaric|Stored Power|p1a: Hatterene
|-resisted|p1a: Hatterene
|-damage|p1a: Hatterene|61/100
|move|p1a: Hatterene|Draining Kiss|p2a: Alaric
|-supereffective|p2a: Alaric
|-damage|p2a: Alaric|0 fnt
|-heal|p1a: Hatterene|73/100|[from] drain|[of] p2a: Alaric
|faint|p2a: Alaric
|
|-heal|p1a: Hatterene|79/100|[from] item: Leftovers
|upkeep
|
|t:|1769444350
|switch|p2a: Swampert|Swampert, M|7/100
|turn|22
|
|t:|1769444354
|move|p2a: Swampert|Waterfall|p1a: Hatterene
|-damage|p1a: Hatterene|7/100
|move|p1a: Hatterene|Psychic Noise|p2a: Swampert
|-damage|p2a: Swampert|0 fnt
|faint|p2a: Swampert
|
|-heal|p1a: Hatterene|13/100|[from] item: Leftovers
|upkeep
|
|t:|1769444363
|switch|p2a: Darkrai|Darkrai|88/100
|turn|23
|
|t:|1769444367
|move|p2a: Darkrai|Dark Pulse|p1a: Hatterene
|-damage|p1a: Hatterene|0 fnt
|faint|p1a: Hatterene
|
|upkeep
|
|t:|1769444369
|switch|p1a: Kingambit|Kingambit, M, shiny|84/100
|-activate|p1a: Kingambit|ability: Supreme Overlord
|-start|p1a: Kingambit|fallen5|[silent]
|turn|24
|
|t:|1769444373
|move|p2a: Darkrai|Dark Pulse|p1a: Kingambit
|-resisted|p1a: Kingambit
|-damage|p1a: Kingambit|60/100
|move|p1a: Kingambit|Iron Head|p2a: Darkrai
|-crit|p2a: Darkrai
|-damage|p2a: Darkrai|0 fnt
|faint|p2a: Darkrai
|
|win|froggster
|raw|froggster's rating: 1299 &rarr; <strong>1324</strong><br />(+25 for winning)
|raw|Team BBIO 38's rating: 1293 &rarr; <strong>1268</strong><br />(-25 for losing)
|l|☆Team BBIO 38
|player|p2|
|c|☆froggster|GG
|l|☆froggster
|player|p1|
