|j|☆qphe95
|j|☆Balepeno
|t:|1769386298
|gametype|singles
|player|p1|qphe95|170|1234
|player|p2|Balepeno|n|1207
|gen|9
|tier|[Gen 9] OU
|rated|
|rule|HP Percentage Mod: HP is shown in percentages
|rule|Endless Battle Clause: Forcing endless battles is banned
|rule|Species Clause: Limit one of each Pokémon
|rule|OHKO Clause: OHKO moves are banned
|rule|Evasion Items Clause: Evasion items are banned
|rule|Evasion Moves Clause: Evasion moves are banned
|rule|Evasion Abilities Clause: Evasion abilities are banned
|rule|Sleep Moves Clause: Sleep-inducing moves are banned
|clearpoke
|poke|p1|Kingambit, M|
|poke|p1|Darkrai|
|poke|p1|Pecharunt|
|poke|p1|Hoopa-Unbound|
|poke|p1|Toxicroak, F|
|poke|p1|Cresselia, F|
|poke|p2|Serperior, M|
|poke|p2|Lokix, M|
|poke|p2|Kingambit, F|
|poke|p2|Cinderace, M|
|poke|p2|Raging Bolt|
|poke|p2|Dondozo, M|
|teampreview
|
|t:|1769386317
|teamsize|p1|6
|teamsize|p2|6
|start
|switch|p1a: Toxicroak|Toxicroak, F|100/100
|switch|p2a: On sight|Lokix, M|100/100
|turn|1
|inactive|Battle timer is ON: inactive players will automatically lose when time's up. (requested by Balepeno)
|
|t:|1769386327
|move|p2a: On sight|First Impression|p1a: Toxicroak
|-resisted|p1a: Toxicroak
|-damage|p1a: Toxicroak|69/100
|move|p1a: Toxicroak|Close Combat|p2a: On sight
|-damage|p2a: On sight|6/100
|-unboost|p1a: Toxicroak|def|1
|-unboost|p1a: Toxicroak|spd|1
|
|-heal|p1a: Toxicroak|75/100|[from] item: Black Sludge
|upkeep
|turn|2
|
|t:|1769386336
|move|p1a: Toxicroak|Bullet Punch|p2a: On sight
|-damage|p2a: On sight|0 fnt
|faint|p2a: On sight
|
|-heal|p1a: Toxicroak|82/100|[from] item: Black Sludge
|upkeep
|
|t:|1769386346
|switch|p2a: Gypsy Danger|Dondozo, M|100/100
|turn|3
|
|t:|1769386356
|switch|p1a: Hoopa|Hoopa-Unbound|100/100
|move|p2a: Gypsy Danger|Curse|p2a: Gypsy Danger
|-unboost|p2a: Gypsy Danger|spe|1
|-boost|p2a: Gypsy Danger|atk|1
|-boost|p2a: Gypsy Danger|def|1
|
|upkeep
|turn|4
|
|t:|1769386363
|move|p1a: Hoopa|Dark Pulse|p2a: Gypsy Danger
|-damage|p2a: Gypsy Danger|23/100
|move|p2a: Gypsy Danger|Waterfall|p1a: Hoopa
|-damage|p1a: Hoopa|37/100
|
|-heal|p2a: Gypsy Danger|29/100|[from] item: Leftovers
|upkeep
|turn|5
|
|t:|1769386376
|move|p1a: Hoopa|Dark Pulse|p2a: Gypsy Danger
|-damage|p2a: Gypsy Danger|0 fnt
|faint|p2a: Gypsy Danger
|
|upkeep
|
|t:|1769386382
|switch|p2a: Raging Bolt|Raging Bolt|100/100
|-enditem|p2a: Raging Bolt|Booster Energy
|-activate|p2a: Raging Bolt|ability: Protosynthesis|[fromitem]
|-start|p2a: Raging Bolt|protosynthesisspa
|turn|6
|
|t:|1769386387
|switch|p1a: Cresselia|Cresselia, F|100/100
|move|p2a: Raging Bolt|Thunderclap||[still]
|-fail|p2a: Raging Bolt
|
|upkeep
|turn|7
|
|t:|1769386402
|move|p1a: Cresselia|Moonblast|p2a: Raging Bolt
|-supereffective|p2a: Raging Bolt
|-crit|p2a: Raging Bolt
|-damage|p2a: Raging Bolt|58/100
|-unboost|p2a: Raging Bolt|spa|1
|move|p2a: Raging Bolt|Calm Mind|p2a: Raging Bolt
|-boost|p2a: Raging Bolt|spa|1
|-boost|p2a: Raging Bolt|spd|1
|
|upkeep
|turn|8
|
|t:|1769386421
|move|p1a: Cresselia|Moonblast|p2a: Raging Bolt
|-supereffective|p2a: Raging Bolt
|-damage|p2a: Raging Bolt|36/100
|move|p2a: Raging Bolt|Thunderbolt|p1a: Cresselia
|-damage|p1a: Cresselia|59/100
|
|-heal|p1a: Cresselia|65/100|[from] item: Leftovers
|upkeep
|turn|9
|
|t:|1769386428
|move|p1a: Cresselia|Moonblast|p2a: Raging Bolt
|-supereffective|p2a: Raging Bolt
|-damage|p2a: Raging Bolt|14/100
|move|p2a: Raging Bolt|Thunderbolt|p1a: Cresselia
|-damage|p1a: Cresselia|21/100
|
|-heal|p1a: Cresselia|28/100|[from] item: Leftovers
|upkeep
|turn|10
|
|t:|1769386437
|-end|p2a: Raging Bolt|Protosynthesis|[silent]
|switch|p2a: Cinderace|Cinderace, M|100/100
|move|p1a: Cresselia|Moonblast|p2a: Cinderace
|-resisted|p2a: Cinderace
|-damage|p2a: Cinderace|86/100
|-unboost|p2a: Cinderace|spa|1
|
|-heal|p1a: Cresselia|34/100|[from] item: Leftovers
|upkeep
|turn|11
|
|t:|1769386449
|move|p2a: Cinderace|U-turn|p1a: Cresselia
|-start|p2a: Cinderace|typechange|Bug|[from] ability: Libero
|-supereffective|p1a: Cresselia
|-damage|p1a: Cresselia|0 fnt
|faint|p1a: Cresselia
|
|t:|1769386455
|switch|p2a: Serperior|Serperior, M|100/100|[from] U-turn
|
|upkeep
|
|t:|1769386467
|switch|p1a: Darkrai|Darkrai|100/100
|turn|12
|
|t:|1769386470
|move|p2a: Serperior|Leaf Storm|p1a: Darkrai
|-damage|p1a: Darkrai|34/100
|-boost|p2a: Serperior|spa|2
|move|p1a: Darkrai|Ice Beam|p2a: Serperior
|-supereffective|p2a: Serperior
|-damage|p2a: Serperior|21/100
|
|-heal|p1a: Darkrai|40/100|[from] item: Leftovers
|upkeep
|turn|13
|
|t:|1769386486
|switch|p1a: Toxicroak|Toxicroak, F|82/100
|move|p2a: Serperior|Leaf Storm|p1a: Toxicroak
|-resisted|p1a: Toxicroak
|-crit|p1a: Toxicroak
|-damage|p1a: Toxicroak|0 fnt
|-boost|p2a: Serperior|spa|2
|faint|p1a: Toxicroak
|
|upkeep
|
|t:|1769386494
|switch|p1a: Kingambit|Kingambit, M|100/100
|turn|14
|
|t:|1769386498
|move|p1a: Kingambit|Sucker Punch|p2a: Serperior
|-damage|p2a: Serperior|0 fnt
|faint|p2a: Serperior
|
|upkeep
|
|t:|1769386506
|switch|p2a: Raging Bolt|Raging Bolt|14/100
|turn|15
|
|t:|1769386524
|-end|p2a: Raging Bolt|Protosynthesis|[silent]
|switch|p2a: Cinderace|Cinderace, M|86/100
|move|p1a: Kingambit|Sucker Punch||[still]
|-fail|p1a: Kingambit
|
|upkeep
|turn|16
|
|t:|1769386532
|switch|p1a: Pecharunt|Pecharunt|100/100
|move|p2a: Cinderace|Pyro Ball|p1a: Pecharunt
|-damage|p1a: Pecharunt|74/100
|
|-heal|p1a: Pecharunt|80/100|[from] item: Leftovers
|upkeep
|turn|17
|
|t:|1769386540
|move|p2a: Cinderace|U-turn|p1a: Pecharunt
|-start|p2a: Cinderace|typechange|Bug|[from] ability: Libero
|-resisted|p1a: Pecharunt
|-damage|p1a: Pecharunt|76/100
|
|t:|1769386545
|switch|p2a: Kingambit|Kingambit, F|100/100|[from] U-turn
|-activate|p2a: Kingambit|ability: Supreme Overlord
|-start|p2a: Kingambit|fallen3|[silent]
|move|p1a: Pecharunt|Parting Shot|p2a: Kingambit
|-unboost|p2a: Kingambit|atk|1
|-unboost|p2a: Kingambit|spa|1
|
|t:|1769386555
|switch|p1a: Kingambit|Kingambit, M|100/100|[from] Parting Shot
|
|upkeep
|turn|18
|
|t:|1769386560
|-terastallize|p1a: Kingambit|Fairy
|-terastallize|p2a: Kingambit|Flying
|move|p2a: Kingambit|Brick Break|p1a: Kingambit
|-resisted|p1a: Kingambit
|-damage|p1a: Kingambit|91/100
|move|p1a: Kingambit|Tera Blast|p2a: Kingambit|[anim] Tera Blast Fairy
|-damage|p2a: Kingambit|67/100
|
|-heal|p2a: Kingambit|73/100|[from] item: Leftovers
|-heal|p1a: Kingambit|97/100|[from] item: Leftovers
|upkeep
|turn|19
|
|t:|1769386570
|move|p2a: Kingambit|Iron Head|p1a: Kingambit
|-supereffective|p1a: Kingambit
|-damage|p1a: Kingambit|41/100
|move|p1a: Kingambit|Kowtow Cleave|p2a: Kingambit
|-damage|p2a: Kingambit|37/100
|
|-heal|p2a: Kingambit|43/100|[from] item: Leftovers
|-heal|p1a: Kingambit|47/100|[from] item: Leftovers
|upkeep
|turn|20
|
|t:|1769386581
|move|p2a: Kingambit|Iron Head|p1a: Kingambit
|-supereffective|p1a: Kingambit
|-damage|p1a: Kingambit|0 fnt
|faint|p1a: Kingambit
|
|-heal|p2a: Kingambit|49/100|[from] item: Leftovers
|upkeep
|
|t:|1769386587
|switch|p1a: Darkrai|Darkrai|40/100
|turn|21
|
|t:|1769386593
|move|p2a: Kingambit|Sucker Punch|p1a: Darkrai
|-resisted|p1a: Darkrai
|-damage|p1a: Darkrai|17/100
|move|p1a: Darkrai|Dark Pulse|p2a: Kingambit
|-damage|p2a: Kingambit|6/100
|
|-heal|p1a: Darkrai|23/100|[from] item: Leftovers
|-heal|p2a: Kingambit|12/100|[from] item: Leftovers
|upkeep
|turn|22
|
|t:|1769386604
|move|p1a: Darkrai|Dark Pulse|p2a: Kingambit
|-damage|p2a: Kingambit|0 fnt
|faint|p2a: Kingambit
|-end|p2a: Kingambit|fallen3|[silent]
|
|-heal|p1a: Darkrai|29/100|[from] item: Leftovers
|upkeep
|
|t:|1769386606
|switch|p2a: Raging Bolt|Raging Bolt|14/100
|turn|23
|
|t:|1769386620
|move|p2a: Raging Bolt|Thunderclap||[still]
|-fail|p2a: Raging Bolt
|move|p1a: Darkrai|Nasty Plot|p1a: Darkrai
|-boost|p1a: Darkrai|spa|2
|
|-heal|p1a: Darkrai|35/100|[from] item: Leftovers
|upkeep
|turn|24
|
|t:|1769386628
|move|p2a: Raging Bolt|Thunderclap|p1a: Darkrai
|-crit|p1a: Darkrai
|-damage|p1a: Darkrai|0 fnt
|faint|p1a: Darkrai
|
|upkeep
|
|t:|1769386636
|switch|p1a: Hoopa|Hoopa-Unbound|37/100
|turn|25
|
|t:|1769386640
|move|p2a: Raging Bolt|Thunderclap|p1a: Hoopa
|-damage|p1a: Hoopa|7/100
|move|p1a: Hoopa|Dark Pulse|p2a: Raging Bolt
|-damage|p2a: Raging Bolt|0 fnt
|faint|p2a: Raging Bolt
|-end|p2a: Raging Bolt|Protosynthesis|[silent]
|
|upkeep
|
|t:|1769386642
|switch|p2a: Cinderace|Cinderace, M|86/100
|turn|26
|
|t:|1769386650
|move|p2a: Cinderace|U-turn|p1a: Hoopa
|-start|p2a: Cinderace|typechange|Bug|[from] ability: Libero
|-supereffective|p1a: Hoopa
|-damage|p1a: Hoopa|0 fnt
|faint|p1a: Hoopa
|
|upkeep
|
|t:|1769386655
|switch|p1a: Pecharunt|Pecharunt|76/100
|turn|27
|c|☆qphe95|gg
|
|t:|1769386663
|move|p2a: Cinderace|Sucker Punch|p1a: Pecharunt
|-supereffective|p1a: Pecharunt
|-damage|p1a: Pecharunt|55/100
|move|p1a: Pecharunt|Malignant Chain|p2a: Cinderace
|-damage|p2a: Cinderace|42/100
|
|-heal|p1a: Pecharunt|61/100|[from] item: Leftovers
|upkeep
|turn|28
|
|t:|1769386671
|move|p2a: Cinderace|Sucker Punch||[still]
|-fail|p2a: Cinderace
|move|p1a: Pecharunt|Recover|p1a: Pecharunt
|-heal|p1a: Pecharunt|100/100
|
|upkeep
|turn|29
|-message|Balepeno forfeited.
|
|win|qphe95
|raw|qphe95's rating: 1234 &rarr; <strong>1257</strong><br />(+23 for winning)
|raw|Balepeno's rating: 1207 &rarr; <strong>1184</strong><br />(-23 for losing)
|l|☆Balepeno
|player|p2|
