|j|☆iamveer
|j|☆maneki uwu
|t:|1769414741
|gametype|singles
|player|p1|iamveer|266|1210
|player|p2|maneki uwu|serena-masters2|1197
|gen|9
|tier|[Gen 9] OU
|rated|
|rule|HP Percentage Mod: HP is shown in percentages
|rule|Endless Battle Clause: Forcing endless battles is banned
|rule|Species Clause: Limit one of each Pokémon
|rule|OHKO Clause: OHKO moves are banned
|rule|Evasion Items Clause: Evasion items are banned
|rule|Evasion Moves Clause: Evasion moves are banned
|rule|Evasion Abilities Clause: Evasion abilities are banned
|rule|Sleep Moves Clause: Sleep-inducing moves are banned
|clearpoke
|poke|p1|Pelipper, F|
|poke|p1|Kingdra, M|
|poke|p1|Barraskewda, M|
|poke|p1|Rillaboom, M|
|poke|p1|Slowking-Galar, F|
|poke|p1|Corviknight, F|
|poke|p2|Serperior, M|
|poke|p2|Sylveon, F|
|poke|p2|Gliscor, M|
|poke|p2|Bisharp, M|
|poke|p2|Espeon, M|
|poke|p2|Ditto|
|teampreview
|inactive|Battle timer is ON: inactive players will automatically lose when time's up. (requested by iamveer)
|
|t:|1769414762
|teamsize|p1|6
|teamsize|p2|6
|start
|switch|p1a: Pelipper|Pelipper, F|100/100
|switch|p2a: QI DE 143|Espeon, M|100/100
|-weather|RainDance|[from] ability: Drizzle|[of] p1a: Pelipper
|turn|1
|
|t:|1769414771
|switch|p1a: Slowking|Slowking-Galar, F|100/100
|move|p2a: QI DE 143|Light Screen|p2a: QI DE 143
|-sidestart|p2: maneki uwu|move: Light Screen
|
|-weather|RainDance|[upkeep]
|upkeep
|turn|2
|
|t:|1769414778
|move|p2a: QI DE 143|Psychic|p1a: Slowking
|-damage|p1a: Slowking|69/100
|move|p1a: Slowking|Future Sight|p2a: QI DE 143
|-start|p1a: Slowking|move: Future Sight
|
|-weather|RainDance|[upkeep]
|upkeep
|turn|3
|
|t:|1769414784
|move|p2a: QI DE 143|Psychic|p1a: Slowking
|-damage|p1a: Slowking|37/100
|move|p1a: Slowking|Sludge Bomb|p2a: QI DE 143
|-damage|p2a: QI DE 143|78/100
|
|-weather|RainDance|[upkeep]
|upkeep
|turn|4
|
|t:|1769414793
|switch|p1a: Rillaboom|Rillaboom, M|100/100
|-fieldstart|move: Grassy Terrain|[from] ability: Grassy Surge|[of] p1a: Rillaboom
|move|p2a: QI DE 143|Psychic|p1a: Rillaboom
|-damage|p1a: Rillaboom|63/100
|
|-weather|RainDance|[upkeep]
|-end|p2a: QI DE 143|move: Future Sight
|-resisted|p2a: QI DE 143
|-damage|p2a: QI DE 143|64/100
|-heal|p2a: QI DE 143|70/100|[from] Grassy Terrain
|-heal|p1a: Rillaboom|69/100|[from] Grassy Terrain
|upkeep
|turn|5
|
|t:|1769414804
|move|p2a: QI DE 143|Reflect|p2a: QI DE 143
|-sidestart|p2: maneki uwu|Reflect
|move|p1a: Rillaboom|Knock Off|p2a: QI DE 143
|-supereffective|p2a: QI DE 143
|-damage|p2a: QI DE 143|11/100
|-enditem|p2a: QI DE 143|Light Clay|[from] move: Knock Off|[of] p1a: Rillaboom
|
|-weather|RainDance|[upkeep]
|-heal|p2a: QI DE 143|17/100|[from] Grassy Terrain
|-heal|p1a: Rillaboom|75/100|[from] Grassy Terrain
|upkeep
|turn|6
|
|t:|1769414812
|move|p1a: Rillaboom|Grassy Glide|p2a: QI DE 143
|-damage|p2a: QI DE 143|0 fnt
|faint|p2a: QI DE 143
|
|-weather|RainDance|[upkeep]
|-heal|p1a: Rillaboom|81/100|[from] Grassy Terrain
|upkeep
|
|t:|1769414817
|switch|p2a: Cobrassassin|Serperior, M|100/100
|turn|7
|
|t:|1769414823
|switch|p1a: Corviknight|Corviknight, F|100/100
|-ability|p1a: Corviknight|Pressure
|move|p2a: Cobrassassin|Leaf Storm|p1a: Corviknight
|-resisted|p1a: Corviknight
|-damage|p1a: Corviknight|87/100
|-boost|p2a: Cobrassassin|spa|2
|
|-weather|RainDance|[upkeep]
|upkeep
|turn|8
|
|t:|1769414832
|move|p2a: Cobrassassin|Leaf Storm|p1a: Corviknight
|-resisted|p1a: Corviknight
|-damage|p1a: Corviknight|59/100
|-boost|p2a: Cobrassassin|spa|2
|move|p1a: Corviknight|Defog|p2a: Cobrassassin
|-boost|p2a: Cobrassassin|evasion|1
|-sideend|p2: maneki uwu|Reflect
|-sideend|p2: maneki uwu|move: Light Screen
|-fieldend|move: Grassy Terrain
|
|-weather|none
|upkeep
|turn|9
|
|t:|1769414851
|switch|p1a: Pelipper|Pelipper, F|100/100
|-weather|RainDance|[from] ability: Drizzle|[of] p1a: Pelipper
|move|p2a: Cobrassassin|Leaf Storm|p1a: Pelipper
|-damage|p1a: Pelipper|0 fnt
|-boost|p2a: Cobrassassin|spa|2
|faint|p1a: Pelipper
|
|-weather|RainDance|[upkeep]
|upkeep
|
|t:|1769414868
|switch|p1a: Kingdra|Kingdra, M|100/100
|turn|10
|
|t:|1769414886
|move|p1a: Kingdra|Draco Meteor|p2a: Cobrassassin
|-damage|p2a: Cobrassassin|0 fnt
|-unboost|p1a: Kingdra|spa|2
|faint|p2a: Cobrassassin
|
|-weather|RainDance|[upkeep]
|upkeep
|
|t:|1769414893
|switch|p2a: Maneki|Sylveon, F, shiny|100/100
|turn|11
|
|t:|1769414900
|switch|p1a: Slowking|Slowking-Galar, F|70/100
|switch|p2a: Pepsi-man|Gliscor, M|100/100
|
|-weather|RainDance|[upkeep]
|-status|p2a: Pepsi-man|tox|[from] item: Toxic Orb
|upkeep
|turn|12
|
|t:|1769414909
|move|p2a: Pepsi-man|Toxic|p1a: Slowking
|-immune|p1a: Slowking
|move|p1a: Slowking|Future Sight|p2a: Pepsi-man
|-start|p1a: Slowking|move: Future Sight
|
|-weather|RainDance|[upkeep]
|upkeep
|turn|13
|inactive|maneki uwu has 120 seconds left.
|
|t:|1769414942
|switch|p1a: Kingdra|Kingdra, M|100/100
|move|p2a: Pepsi-man|Earthquake|p1a: Kingdra
|-damage|p1a: Kingdra|63/100
|
|-weather|RainDance|[upkeep]
|upkeep
|turn|14
|
|t:|1769414957
|switch|p2a: Maneki|Sylveon, F, shiny|100/100
|move|p1a: Kingdra|Surf|p2a: Maneki
|-damage|p2a: Maneki|40/100
|
|-weather|RainDance|[upkeep]
|-end|p2a: Maneki|move: Future Sight
|-damage|p2a: Maneki|3/100
|-heal|p2a: Maneki|9/100|[from] item: Leftovers
|upkeep
|turn|15
|-message|maneki uwu forfeited.
|
|win|iamveer
|raw|iamveer's rating: 1210 &rarr; <strong>1234</strong><br />(+24 for winning)
|raw|maneki uwu's rating: 1197 &rarr; <strong>1173</strong><br />(-24 for losing)
|l|☆maneki uwu
|player|p2|
|l|☆iamveer
|player|p1|
