|j|☆JJTEPIGBOSS
|j|☆flandoid
|t:|1769409245
|gametype|singles
|player|p1|JJTEPIGBOSS|265|1342
|player|p2|flandoid|170|1317
|gen|9
|tier|[Gen 9] OU
|rated|
|rule|HP Percentage Mod: HP is shown in percentages
|rule|Endless Battle Clause: Forcing endless battles is banned
|rule|Species Clause: Limit one of each Pokémon
|rule|OHKO Clause: OHKO moves are banned
|rule|Evasion Items Clause: Evasion items are banned
|rule|Evasion Moves Clause: Evasion moves are banned
|rule|Evasion Abilities Clause: Evasion abilities are banned
|rule|Sleep Moves Clause: Sleep-inducing moves are banned
|clearpoke
|poke|p1|Krookodile, F|
|poke|p1|Vileplume, F|
|poke|p1|Latios, M|
|poke|p1|Azumarill, F|
|poke|p1|Rotom-Heat|
|poke|p1|Kingambit, M|
|poke|p2|Kommo-o, F|
|poke|p2|Gholdengo|
|poke|p2|Ninetales-Alola, F|
|poke|p2|Hatterene, F|
|poke|p2|Zamazenta-*|
|poke|p2|Kingambit, M|
|teampreview
|inactive|Battle timer is ON: inactive players will automatically lose when time's up. (requested by flandoid)
|
|t:|1769409255
|teamsize|p1|6
|teamsize|p2|6
|start
|switch|p1a: Kingambit|Kingambit, M|100/100
|switch|p2a: Ninetales|Ninetales-Alola, F|100/100
|-weather|Snowscape|[from] ability: Snow Warning|[of] p2a: Ninetales
|turn|1
|
|t:|1769409262
|move|p2a: Ninetales|Aurora Veil|p2a: Ninetales
|-sidestart|p2: flandoid|move: Aurora Veil
|move|p1a: Kingambit|Iron Head|p2a: Ninetales
|-supereffective|p2a: Ninetales
|-damage|p2a: Ninetales|27/100
|
|-weather|Snowscape|[upkeep]
|upkeep
|turn|2
|
|t:|1769409278
|switch|p2a: Gholdengo|Gholdengo|100/100
|-end|p1a: Kingambit|fallenundefined|[silent]
|switch|p1a: Azumarill|Azumarill, F|100/100
|
|-weather|Snowscape|[upkeep]
|upkeep
|turn|3
|
|t:|1769409292
|switch|p2a: Hatterene|Hatterene, F|100/100
|move|p1a: Azumarill|Liquidation|p2a: Hatterene
|-damage|p2a: Hatterene|73/100
|-damage|p1a: Azumarill|91/100|[from] item: Life Orb
|
|-weather|Snowscape|[upkeep]
|upkeep
|turn|4
|
|t:|1769409306
|switch|p1a: Krookodile|Krookodile, F|100/100
|move|p2a: Hatterene|Calm Mind|p2a: Hatterene
|-boost|p2a: Hatterene|spa|1
|-boost|p2a: Hatterene|spd|1
|
|-weather|Snowscape|[upkeep]
|upkeep
|turn|5
|
|t:|1769409317
|switch|p1a: Kingambit|Kingambit, M|100/100
|move|p2a: Hatterene|Draining Kiss|p1a: Kingambit
|-damage|p1a: Kingambit|70/100
|-heal|p2a: Hatterene|100/100|[from] drain|[of] p1a: Kingambit
|
|-weather|none
|upkeep
|turn|6
|
|t:|1769409330
|move|p1a: Kingambit|Iron Head|p2a: Hatterene
|-supereffective|p2a: Hatterene
|-damage|p2a: Hatterene|60/100
|move|p2a: Hatterene|Calm Mind|p2a: Hatterene
|-boost|p2a: Hatterene|spa|1
|-boost|p2a: Hatterene|spd|1
|
|upkeep
|turn|7
|
|t:|1769409337
|move|p1a: Kingambit|Iron Head|p2a: Hatterene
|-supereffective|p2a: Hatterene
|-damage|p2a: Hatterene|23/100
|move|p2a: Hatterene|Draining Kiss|p1a: Kingambit
|-damage|p1a: Kingambit|23/100
|-heal|p2a: Hatterene|67/100|[from] drain|[of] p1a: Kingambit
|
|upkeep
|turn|8
|
|t:|1769409346
|move|p1a: Kingambit|Iron Head|p2a: Hatterene
|-supereffective|p2a: Hatterene
|-damage|p2a: Hatterene|31/100
|move|p2a: Hatterene|Draining Kiss|p1a: Kingambit
|-damage|p1a: Kingambit|0 fnt
|-heal|p2a: Hatterene|53/100|[from] drain|[of] p1a: Kingambit
|faint|p1a: Kingambit
|-end|p1a: Kingambit|fallenundefined|[silent]
|
|-sideend|p2: flandoid|move: Aurora Veil
|upkeep
|
|t:|1769409352
|switch|p1a: Krookodile|Krookodile, F|100/100
|turn|9
|
|t:|1769409357
|move|p1a: Krookodile|Earthquake|p2a: Hatterene
|-damage|p2a: Hatterene|7/100
|move|p2a: Hatterene|Draining Kiss|p1a: Krookodile
|-supereffective|p1a: Krookodile
|-damage|p1a: Krookodile|0 fnt
|-heal|p2a: Hatterene|85/100|[from] drain|[of] p1a: Krookodile
|faint|p1a: Krookodile
|
|upkeep
|
|t:|1769409365
|switch|p1a: Azumarill|Azumarill, F|91/100
|turn|10
|
|t:|1769409368
|-terastallize|p1a: Azumarill|Water
|move|p1a: Azumarill|Liquidation|p2a: Hatterene
|-damage|p2a: Hatterene|3/100
|-damage|p1a: Azumarill|81/100|[from] item: Life Orb
|move|p2a: Hatterene|Draining Kiss|p1a: Azumarill
|-damage|p1a: Azumarill|32/100
|-heal|p2a: Hatterene|50/100|[from] drain|[of] p1a: Azumarill
|
|upkeep
|turn|11
|
|t:|1769409384
|move|p1a: Azumarill|Liquidation|p2a: Hatterene
|-damage|p2a: Hatterene|0 fnt
|faint|p2a: Hatterene
|-damage|p1a: Azumarill|22/100|[from] item: Life Orb
|
|upkeep
|
|t:|1769409390
|switch|p2a: Ninetales|Ninetales-Alola, F|27/100
|-weather|Snowscape|[from] ability: Snow Warning|[of] p2a: Ninetales
|turn|12
|
|t:|1769409395
|move|p1a: Azumarill|Aqua Jet|p2a: Ninetales
|-damage|p2a: Ninetales|0 fnt
|faint|p2a: Ninetales
|-damage|p1a: Azumarill|12/100|[from] item: Life Orb
|
|-weather|Snowscape|[upkeep]
|upkeep
|
|t:|1769409414
|switch|p2a: Kingambit|Kingambit, M|100/100
|-activate|p2a: Kingambit|ability: Supreme Overlord
|-start|p2a: Kingambit|fallen2|[silent]
|-item|p2a: Kingambit|Air Balloon
|turn|13
|
|t:|1769409421
|switch|p1a: Rotom|Rotom-Heat|100/100
|move|p2a: Kingambit|Sucker Punch||[still]
|-fail|p2a: Kingambit
|
|-weather|Snowscape|[upkeep]
|upkeep
|turn|14
|
|t:|1769409436
|-end|p2a: Kingambit|fallen2|[silent]
|switch|p2a: Kommo-o|Kommo-o, F|100/100
|move|p1a: Rotom|Will-O-Wisp|p2a: Kommo-o
|-status|p2a: Kommo-o|brn
|
|-weather|Snowscape|[upkeep]
|-damage|p2a: Kommo-o|94/100 brn|[from] brn
|upkeep
|turn|15
|
|t:|1769409448
|-terastallize|p2a: Kommo-o|Normal
|move|p1a: Rotom|Volt Switch|p2a: Kommo-o
|-damage|p2a: Kommo-o|58/100 brn
|
|t:|1769409457
|switch|p1a: Azumarill|Azumarill, F, tera:Water|12/100|[from] Volt Switch
|move|p2a: Kommo-o|Clangorous Soul|p2a: Kommo-o
|-boost|p2a: Kommo-o|atk|1
|-boost|p2a: Kommo-o|def|1
|-boost|p2a: Kommo-o|spa|1
|-boost|p2a: Kommo-o|spd|1
|-boost|p2a: Kommo-o|spe|1
|-damage|p2a: Kommo-o|25/100 brn
|-enditem|p2a: Kommo-o|Throat Spray
|-boost|p2a: Kommo-o|spa|1|[from] item: Throat Spray
|
|-weather|Snowscape|[upkeep]
|-damage|p2a: Kommo-o|19/100 brn|[from] brn
|upkeep
|turn|16
|
|t:|1769409471
|move|p1a: Azumarill|Aqua Jet|p2a: Kommo-o
|-crit|p2a: Kommo-o
|-damage|p2a: Kommo-o|0 fnt
|faint|p2a: Kommo-o
|-damage|p1a: Azumarill|2/100|[from] item: Life Orb
|
|-weather|none
|upkeep
|
|t:|1769409478
|switch|p2a: Gholdengo|Gholdengo|100/100
|turn|17
|
|t:|1769409489
|move|p2a: Gholdengo|Psyshock|p1a: Azumarill
|-damage|p1a: Azumarill|0 fnt
|faint|p1a: Azumarill
|
|upkeep
|
|t:|1769409495
|switch|p1a: Rotom|Rotom-Heat|100/100
|turn|18
|
|t:|1769409504
|switch|p2a: Zamazenta|Zamazenta|100/100
|-ability|p2a: Zamazenta|Dauntless Shield|boost
|-boost|p2a: Zamazenta|def|1
|move|p1a: Rotom|Overheat|p2a: Zamazenta
|-damage|p2a: Zamazenta|44/100
|-unboost|p1a: Rotom|spa|2
|
|upkeep
|turn|19
|
|t:|1769409517
|move|p2a: Zamazenta|Stone Edge|p1a: Rotom
|-supereffective|p1a: Rotom
|-damage|p1a: Rotom|0 fnt
|faint|p1a: Rotom
|-damage|p2a: Zamazenta|34/100|[from] item: Life Orb
|
|upkeep
|
|t:|1769409523
|switch|p1a: Vileplume|Vileplume, F|100/100
|turn|20
|
|t:|1769409533
|switch|p2a: Gholdengo|Gholdengo|100/100
|move|p1a: Vileplume|Strength Sap|p2a: Gholdengo
|-immune|p2a: Gholdengo|[from] ability: Good as Gold
|
|upkeep
|turn|21
|
|t:|1769409540
|switch|p1a: Latios|Latios, M|100/100
|move|p2a: Gholdengo|Nasty Plot|p2a: Gholdengo
|-boost|p2a: Gholdengo|spa|2
|
|upkeep
|turn|22
|
|t:|1769409548
|move|p1a: Latios|Calm Mind|p1a: Latios
|-boost|p1a: Latios|spa|1
|-boost|p1a: Latios|spd|1
|move|p2a: Gholdengo|Shadow Ball|p1a: Latios
|-supereffective|p1a: Latios
|-damage|p1a: Latios|0 fnt
|faint|p1a: Latios
|
|upkeep
|
|t:|1769409554
|switch|p1a: Vileplume|Vileplume, F|100/100
|turn|23
|
|t:|1769409558
|move|p2a: Gholdengo|Psyshock|p1a: Vileplume
|-supereffective|p1a: Vileplume
|-damage|p1a: Vileplume|0 fnt
|faint|p1a: Vileplume
|
|win|flandoid
|raw|JJTEPIGBOSS's rating: 1342 &rarr; <strong>1321</strong><br />(-21 for losing)
|raw|flandoid's rating: 1317 &rarr; <strong>1338</strong><br />(+21 for winning)
|c|☆JJTEPIGBOSS|Gg
|c|☆flandoid|gg
|l|☆JJTEPIGBOSS
|player|p1|
|l|☆flandoid
|player|p2|
