|inactive|Battle timer is ON: inactive players will automatically lose when time's up.
|t:|1769364780
|gametype|singles
|player|p1|MagcargoXXX|iono-masters|
|player|p2|Kayzn|#cnpldawnoflightning|
|gen|9
|tier|[Gen 9] OU
|rule|HP Percentage Mod: HP is shown in percentages
|rule|Endless Battle Clause: Forcing endless battles is banned
|rule|Species Clause: Limit one of each Pokémon
|rule|OHKO Clause: OHKO moves are banned
|rule|Evasion Items Clause: Evasion items are banned
|rule|Evasion Moves Clause: Evasion moves are banned
|rule|Evasion Abilities Clause: Evasion abilities are banned
|rule|Sleep Moves Clause: Sleep-inducing moves are banned
|clearpoke
|poke|p1|Keldeo-Resolute|
|poke|p1|Kingambit, M|
|poke|p1|Slowking-Galar, M|
|poke|p1|Meowscarada, M|
|poke|p1|Landorus-Therian, M|
|poke|p1|Cinderace, M|
|poke|p2|Clefable, M|
|poke|p2|Slowking-Galar, F|
|poke|p2|Corviknight, F|
|poke|p2|Ting-Lu|
|poke|p2|Raging Bolt|
|poke|p2|Weavile, F|
|teampreview
|inactive|Kayzn also wants the timer to be on.
|c|☆MagcargoXXX|gl
|c|☆Kayzn|u2
|inactive|MagcargoXXX has 270 seconds left.
|inactive|Kayzn has 270 seconds left.
|inactive|MagcargoXXX has 240 seconds left.
|inactive|Kayzn has 240 seconds left.
|
|t:|1769364878
|teamsize|p1|6
|teamsize|p2|6
|start
|switch|p1a: bro fist|Keldeo-Resolute|100/100
|switch|p2a: Clefable|Clefable, M|100/100
|turn|1
|
|t:|1769364886
|switch|p1a: Slowking|Slowking-Galar, M, shiny|100/100
|move|p2a: Clefable|Stealth Rock|p1a: Slowking
|-sidestart|p1: MagcargoXXX|move: Stealth Rock
|
|upkeep
|turn|2
|
|t:|1769364900
|move|p2a: Clefable|Knock Off|p1a: Slowking
|-supereffective|p1a: Slowking
|-damage|p1a: Slowking|77/100
|-enditem|p1a: Slowking|Assault Vest|[from] move: Knock Off|[of] p2a: Clefable
|move|p1a: Slowking|Sludge Bomb|p2a: Clefable
|-supereffective|p2a: Clefable
|-damage|p2a: Clefable|42/100
|
|-heal|p2a: Clefable|48/100|[from] item: Leftovers
|upkeep
|turn|3
|
|t:|1769364908
|move|p2a: Clefable|Moonlight|p2a: Clefable
|-heal|p2a: Clefable|98/100
|move|p1a: Slowking|Sludge Bomb|p2a: Clefable
|-supereffective|p2a: Clefable
|-damage|p2a: Clefable|34/100
|
|-heal|p2a: Clefable|40/100|[from] item: Leftovers
|upkeep
|turn|4
|
|t:|1769364912
|switch|p2a: Slowking|Slowking-Galar, F|100/100
|move|p1a: Slowking|Sludge Bomb|p2a: Slowking
|-resisted|p2a: Slowking
|-damage|p2a: Slowking|91/100
|
|upkeep
|turn|5
|
|t:|1769364917
|move|p1a: Slowking|Future Sight|p2a: Slowking
|-start|p1a: Slowking|move: Future Sight
|-prepare|p2a: Slowking|Chilly Reception|[premajor]
|move|p2a: Slowking|Chilly Reception|p2a: Slowking
|-weather|Snowscape
|
|t:|1769364920
|switch|p2a: Weavile|Weavile, F|100/100|[from] Chilly Reception
|-ability|p2a: Weavile|Pressure
|
|-weather|Snowscape|[upkeep]
|upkeep
|turn|6
|
|t:|1769364925
|switch|p1a: bro fist|Keldeo-Resolute|100/100
|-damage|p1a: bro fist|94/100|[from] Stealth Rock
|move|p2a: Weavile|Knock Off|p1a: bro fist
|-resisted|p1a: bro fist
|-damage|p1a: bro fist|68/100
|-ability|p1a: bro fist|Justified|boost
|-boost|p1a: bro fist|atk|1
|-enditem|p1a: bro fist|Covert Cloak|[from] move: Knock Off|[of] p2a: Weavile
|
|-weather|Snowscape|[upkeep]
|upkeep
|turn|7
|
|t:|1769364930
|switch|p2a: Slowking|Slowking-Galar, F|100/100
|move|p1a: bro fist|Surf|p2a: Slowking
|-damage|p2a: Slowking|71/100
|
|-weather|Snowscape|[upkeep]
|-end|p2a: Slowking|move: Future Sight
|-damage|p2a: Slowking|44/100
|upkeep
|turn|8
|
|t:|1769364942
|switch|p1a: Cinderace|Cinderace, M|100/100
|-prepare|p2a: Slowking|Chilly Reception|[premajor]
|move|p2a: Slowking|Chilly Reception|p2a: Slowking
|
|t:|1769364945
|switch|p2a: Raging Bolt|Raging Bolt|100/100|[from] Chilly Reception
|
|-weather|Snowscape|[upkeep]
|upkeep
|turn|9
|
|t:|1769364983
|move|p1a: Cinderace|U-turn|p2a: Raging Bolt
|-start|p1a: Cinderace|typechange|Bug|[from] ability: Libero
|-damage|p2a: Raging Bolt|70/100
|
|t:|1769364989
|switch|p1a: Slowking|Slowking-Galar, M, shiny|100/100|[from] U-turn
|-damage|p1a: Slowking|88/100|[from] Stealth Rock
|move|p2a: Raging Bolt|Draco Meteor|p1a: Slowking
|-damage|p1a: Slowking|0 fnt
|-unboost|p2a: Raging Bolt|spa|2
|faint|p1a: Slowking
|
|-weather|none
|upkeep
|
|t:|1769365002
|switch|p1a: Landorus|Landorus-Therian, M|100/100
|-damage|p1a: Landorus|88/100|[from] Stealth Rock
|-ability|p1a: Landorus|Intimidate|boost
|-unboost|p2a: Raging Bolt|atk|1
|turn|10
|
|t:|1769365013
|-end|p2a: Raging Bolt|Protosynthesis|[silent]
|switch|p2a: Corviknight|Corviknight, F|100/100
|-ability|p2a: Corviknight|Pressure
|move|p1a: Landorus|Stealth Rock|p2a: Corviknight
|-sidestart|p2: Kayzn|move: Stealth Rock
|
|upkeep
|turn|11
|
|t:|1769365021
|switch|p1a: Cinderace|Cinderace, M|100/100
|move|p2a: Corviknight|Iron Defense|p2a: Corviknight
|-boost|p2a: Corviknight|def|2
|
|upkeep
|turn|12
|
|t:|1769365031
|switch|p2a: Ting-Lu|Ting-Lu|100/100
|-ability|p2a: Ting-Lu|Vessel of Ruin
|move|p1a: Cinderace|Pyro Ball|p2a: Ting-Lu
|-damage|p2a: Ting-Lu|67/100
|
|upkeep
|turn|13
|
|t:|1769365054
|move|p1a: Cinderace|U-turn|p2a: Ting-Lu
|-start|p1a: Cinderace|typechange|Bug|[from] ability: Libero
|-supereffective|p2a: Ting-Lu
|-damage|p2a: Ting-Lu|26/100
|
|t:|1769365057
|switch|p1a: Meowscarada|Meowscarada, M|100/100|[from] U-turn
|-damage|p1a: Meowscarada|88/100|[from] Stealth Rock
|move|p2a: Ting-Lu|Ruination|p1a: Meowscarada
|-damage|p1a: Meowscarada|45/100
|
|upkeep
|turn|14
|
|t:|1769365062
|switch|p2a: Clefable|Clefable, M|40/100
|move|p1a: Meowscarada|Triple Axel|p2a: Clefable
|-start|p1a: Meowscarada|typechange|Ice|[from] ability: Protean
|-damage|p2a: Clefable|32/100
|-damage|p2a: Clefable|19/100
|-damage|p2a: Clefable|0 fnt
|faint|p2a: Clefable
|-hitcount|p2: Clefable|3
|
|upkeep
|
|t:|1769365069
|switch|p2a: Weavile|Weavile, F|100/100
|-ability|p2a: Weavile|Pressure
|turn|15
|
|t:|1769365088
|switch|p1a: bro fist|Keldeo-Resolute|68/100
|-damage|p1a: bro fist|62/100|[from] Stealth Rock
|move|p2a: Weavile|Knock Off|p1a: bro fist
|-resisted|p1a: bro fist
|-damage|p1a: bro fist|45/100
|-ability|p1a: bro fist|Justified|boost
|-boost|p1a: bro fist|atk|1
|
|upkeep
|turn|16
|
|t:|1769365112
|switch|p2a: Slowking|Slowking-Galar, F|77/100
|switch|p1a: Meowscarada|Meowscarada, M|45/100
|-damage|p1a: Meowscarada|32/100|[from] Stealth Rock
|
|upkeep
|turn|17
|
|t:|1769365119
|switch|p2a: Ting-Lu|Ting-Lu|26/100
|-ability|p2a: Ting-Lu|Vessel of Ruin
|move|p1a: Meowscarada|Knock Off|p2a: Ting-Lu
|-start|p1a: Meowscarada|typechange|Dark|[from] ability: Protean
|-resisted|p2a: Ting-Lu
|-damage|p2a: Ting-Lu|14/100
|-enditem|p2a: Ting-Lu|Heavy-Duty Boots|[from] move: Knock Off|[of] p1a: Meowscarada
|
|upkeep
|turn|18
|
|t:|1769365128
|move|p1a: Meowscarada|U-turn|p2a: Ting-Lu
|-supereffective|p2a: Ting-Lu
|-damage|p2a: Ting-Lu|0 fnt
|faint|p2a: Ting-Lu
|
|t:|1769365134
|switch|p1a: Cinderace|Cinderace, M|100/100|[from] U-turn
|
|upkeep
|
|t:|1769365139
|switch|p2a: Slowking|Slowking-Galar, F|100/100
|turn|19
|
|t:|1769365149
|move|p1a: Cinderace|U-turn|p2a: Slowking
|-start|p1a: Cinderace|typechange|Bug|[from] ability: Libero
|-damage|p2a: Slowking|65/100
|
|t:|1769365151
|switch|p1a: Kingambit|Kingambit, M|100/100|[from] U-turn
|-damage|p1a: Kingambit|94/100|[from] Stealth Rock
|-activate|p1a: Kingambit|ability: Supreme Overlord
|-start|p1a: Kingambit|fallen1|[silent]
|move|p2a: Slowking|Sludge Bomb|p1a: Kingambit
|-immune|p1a: Kingambit
|
|-heal|p1a: Kingambit|100/100|[from] item: Leftovers
|upkeep
|turn|20
|inactive|MagcargoXXX has 270 seconds left.
|inactive|Kayzn has 270 seconds left.
|
|t:|1769365200
|-end|p1a: Kingambit|fallen1|[silent]
|switch|p1a: Cinderace|Cinderace, M|100/100
|switch|p2a: Corviknight|Corviknight, F|100/100
|-damage|p2a: Corviknight|88/100|[from] Stealth Rock
|-ability|p2a: Corviknight|Pressure
|
|upkeep
|turn|21
|
|t:|1769365205
|switch|p2a: Raging Bolt|Raging Bolt|70/100
|-damage|p2a: Raging Bolt|57/100|[from] Stealth Rock
|move|p1a: Cinderace|Pyro Ball|p2a: Raging Bolt
|-resisted|p2a: Raging Bolt
|-damage|p2a: Raging Bolt|32/100
|
|upkeep
|turn|22
|inactive|MagcargoXXX has 270 seconds left.
|inactive|Kayzn has 270 seconds left.
|inactive|MagcargoXXX has 240 seconds left.
|inactive|Kayzn has 240 seconds left.
|
|t:|1769365263
|move|p1a: Cinderace|Sucker Punch|p2a: Raging Bolt
|-start|p1a: Cinderace|typechange|Dark|[from] ability: Libero
|-crit|p2a: Raging Bolt
|-damage|p2a: Raging Bolt|0 fnt
|faint|p2a: Raging Bolt
|-end|p2a: Raging Bolt|Protosynthesis|[silent]
|
|upkeep
|
|t:|1769365270
|switch|p2a: Slowking|Slowking-Galar, F|99/100
|turn|23
|inactive|MagcargoXXX has 240 seconds left.
|inactive|Kayzn has 240 seconds left.
|
|t:|1769365282
|move|p1a: Cinderace|U-turn|p2a: Slowking
|-damage|p2a: Slowking|74/100
|
|t:|1769365284
|switch|p1a: Meowscarada|Meowscarada, M|32/100|[from] U-turn
|-damage|p1a: Meowscarada|20/100|[from] Stealth Rock
|move|p2a: Slowking|Flamethrower|p1a: Meowscarada
|-supereffective|p1a: Meowscarada
|-damage|p1a: Meowscarada|0 fnt
|faint|p1a: Meowscarada
|
|upkeep
|
|t:|1769365288
|switch|p1a: Kingambit|Kingambit, M|100/100
|-damage|p1a: Kingambit|94/100|[from] Stealth Rock
|-activate|p1a: Kingambit|ability: Supreme Overlord
|-start|p1a: Kingambit|fallen2|[silent]
|turn|24
|
|t:|1769365294
|switch|p2a: Corviknight|Corviknight, F|88/100
|-damage|p2a: Corviknight|76/100|[from] Stealth Rock
|-ability|p2a: Corviknight|Pressure
|move|p1a: Kingambit|Kowtow Cleave|p2a: Corviknight
|-damage|p2a: Corviknight|42/100
|-damage|p1a: Kingambit|78/100|[from] item: Rocky Helmet|[of] p2a: Corviknight
|
|-heal|p1a: Kingambit|84/100|[from] item: Leftovers
|upkeep
|turn|25
|
|t:|1769365298
|-end|p1a: Kingambit|fallen2|[silent]
|switch|p1a: Landorus|Landorus-Therian, M|88/100
|-damage|p1a: Landorus|76/100|[from] Stealth Rock
|-ability|p1a: Landorus|Intimidate|boost
|-unboost|p2a: Corviknight|atk|1
|move|p2a: Corviknight|Roost|p2a: Corviknight
|-heal|p2a: Corviknight|92/100
|-singleturn|p2a: Corviknight|move: Roost
|
|upkeep
|turn|26
|inactive|Kayzn has 270 seconds left.
|
|t:|1769365309
|switch|p2a: Weavile|Weavile, F|100/100
|-ability|p2a: Weavile|Pressure
|move|p1a: Landorus|Taunt|p2a: Weavile
|-start|p2a: Weavile|move: Taunt
|
|upkeep
|turn|27
|
|t:|1769365314
|move|p2a: Weavile|Triple Axel|p1a: Landorus
|-supereffective|p1a: Landorus
|-damage|p1a: Landorus|32/100
|-damage|p2a: Weavile|84/100|[from] item: Rocky Helmet|[of] p1a: Landorus
|-hitcount|p1a: Landorus|1
|move|p1a: Landorus|Earthquake|p2a: Weavile
|-damage|p2a: Weavile|1/100
|
|upkeep
|turn|28
|c|☆MagcargoXXX|my b
|
|t:|1769365323
|switch|p1a: Cinderace|Cinderace, M|100/100
|move|p2a: Weavile|Ice Shard|p1a: Cinderace
|-resisted|p1a: Cinderace
|-damage|p1a: Cinderace|86/100
|
|-end|p2a: Weavile|move: Taunt
|upkeep
|turn|29
|
|t:|1769365330
|switch|p2a: Slowking|Slowking-Galar, F|100/100
|move|p1a: Cinderace|U-turn|p2a: Slowking
|-start|p1a: Cinderace|typechange|Bug|[from] ability: Libero
|-damage|p2a: Slowking|67/100
|
|t:|1769365342
|switch|p1a: Landorus|Landorus-Therian, M|32/100|[from] U-turn
|-damage|p1a: Landorus|19/100|[from] Stealth Rock
|-ability|p1a: Landorus|Intimidate|boost
|-unboost|p2a: Slowking|atk|1
|
|upkeep
|turn|30
|
|t:|1769365348
|switch|p2a: Corviknight|Corviknight, F|92/100
|-damage|p2a: Corviknight|80/100|[from] Stealth Rock
|-ability|p2a: Corviknight|Pressure
|move|p1a: Landorus|Earthquake|p2a: Corviknight
|-immune|p2a: Corviknight
|
|upkeep
|turn|31
|
|t:|1769365352
|move|p1a: Landorus|Taunt|p2a: Corviknight
|-start|p2a: Corviknight|move: Taunt
|move|p2a: Corviknight|Body Press|p1a: Landorus
|-resisted|p1a: Landorus
|-damage|p1a: Landorus|6/100
|-damage|p2a: Corviknight|63/100|[from] item: Rocky Helmet|[of] p1a: Landorus
|
|upkeep
|turn|32
|
|t:|1769365364
|move|p1a: Landorus|Earthquake|p2a: Corviknight
|-immune|p2a: Corviknight
|move|p2a: Corviknight|Body Press|p1a: Landorus
|-resisted|p1a: Landorus
|-damage|p1a: Landorus|0 fnt
|-damage|p2a: Corviknight|47/100|[from] item: Rocky Helmet|[of] p1a: Landorus
|faint|p1a: Landorus
|
|upkeep
|
|t:|1769365367
|switch|p1a: Cinderace|Cinderace, M|86/100
|turn|33
|
|t:|1769365374
|switch|p2a: Slowking|Slowking-Galar, F|99/100
|move|p1a: Cinderace|Pyro Ball|p2a: Slowking
|-damage|p2a: Slowking|45/100
|
|upkeep
|turn|34
|
|t:|1769365380
|-terastallize|p2a: Slowking|Water
|move|p1a: Cinderace|Pyro Ball|p2a: Slowking
|-resisted|p2a: Slowking
|-damage|p2a: Slowking|17/100
|move|p2a: Slowking|Sludge Bomb|p1a: Cinderace
|-damage|p1a: Cinderace|38/100
|-status|p1a: Cinderace|psn
|
|-damage|p1a: Cinderace|25/100 psn|[from] psn
|upkeep
|turn|35
|
|t:|1769365393
|switch|p2a: Weavile|Weavile, F|1/100
|-ability|p2a: Weavile|Pressure
|move|p1a: Cinderace|Pyro Ball|p2a: Weavile
|-supereffective|p2a: Weavile
|-damage|p2a: Weavile|0 fnt
|faint|p2a: Weavile
|
|-damage|p1a: Cinderace|13/100 psn|[from] psn
|upkeep
|
|t:|1769365397
|switch|p2a: Slowking|Slowking-Galar, F, tera:Water|50/100
|turn|36
|
|t:|1769365417
|move|p1a: Cinderace|Pyro Ball|p2a: Slowking|[miss]
|-miss|p1a: Cinderace|p2a: Slowking
|-prepare|p2a: Slowking|Chilly Reception|[premajor]
|move|p2a: Slowking|Chilly Reception|p2a: Slowking
|-weather|Snowscape
|
|t:|1769365419
|switch|p2a: Corviknight|Corviknight, F|47/100|[from] Chilly Reception
|-damage|p2a: Corviknight|34/100|[from] Stealth Rock
|-ability|p2a: Corviknight|Pressure
|
|-weather|Snowscape|[upkeep]
|-damage|p1a: Cinderace|1/100 psn|[from] psn
|upkeep
|turn|37
|
|t:|1769365421
|switch|p2a: Slowking|Slowking-Galar, F, tera:Water|83/100
|move|p1a: Cinderace|Pyro Ball|p2a: Slowking|[miss]
|-miss|p1a: Cinderace|p2a: Slowking
|
|-weather|Snowscape|[upkeep]
|-damage|p1a: Cinderace|0 fnt|[from] psn
|faint|p1a: Cinderace
|upkeep
|
|t:|1769365426
|switch|p1a: Kingambit|Kingambit, M|84/100
|-damage|p1a: Kingambit|78/100|[from] Stealth Rock
|-activate|p1a: Kingambit|ability: Supreme Overlord
|-start|p1a: Kingambit|fallen4|[silent]
|turn|38
|
|t:|1769365430
|-terastallize|p1a: Kingambit|Ghost
|move|p1a: Kingambit|Swords Dance|p1a: Kingambit
|-boost|p1a: Kingambit|atk|2
|move|p2a: Slowking|Flamethrower|p1a: Kingambit
|-damage|p1a: Kingambit|57/100
|
|-weather|Snowscape|[upkeep]
|-heal|p1a: Kingambit|63/100|[from] item: Leftovers
|upkeep
|turn|39
|
|t:|1769365434
|move|p1a: Kingambit|Kowtow Cleave|p2a: Slowking
|-damage|p2a: Slowking|0 fnt
|faint|p2a: Slowking
|
|-weather|Snowscape|[upkeep]
|-heal|p1a: Kingambit|69/100|[from] item: Leftovers
|upkeep
|
|t:|1769365436
|switch|p2a: Corviknight|Corviknight, F|34/100
|-damage|p2a: Corviknight|22/100|[from] Stealth Rock
|-ability|p2a: Corviknight|Pressure
|turn|40
|
|t:|1769365440
|move|p2a: Corviknight|Roost|p2a: Corviknight
|-heal|p2a: Corviknight|72/100
|-singleturn|p2a: Corviknight|move: Roost
|move|p1a: Kingambit|Kowtow Cleave|p2a: Corviknight
|-damage|p2a: Corviknight|0 fnt
|-damage|p1a: Kingambit|53/100|[from] item: Rocky Helmet|[of] p2a: Corviknight
|faint|p2a: Corviknight
|
|win|MagcargoXXX
|c|☆Kayzn|gg
|c|☆MagcargoXXX|gg
