|j|☆Scldbrn
|j|☆zenit011
|t:|1769323097
|gametype|singles
|player|p1|Scldbrn|265|1124
|player|p2|zenit011|n|1168
|gen|9
|tier|[Gen 9] OU
|rated|
|rule|HP Percentage Mod: HP is shown in percentages
|rule|Endless Battle Clause: Forcing endless battles is banned
|rule|Species Clause: Limit one of each Pokémon
|rule|OHKO Clause: OHKO moves are banned
|rule|Evasion Items Clause: Evasion items are banned
|rule|Evasion Moves Clause: Evasion moves are banned
|rule|Evasion Abilities Clause: Evasion abilities are banned
|rule|Sleep Moves Clause: Sleep-inducing moves are banned
|clearpoke
|poke|p1|Ribombee, M|
|poke|p1|Zamazenta-*|
|poke|p1|Gholdengo|
|poke|p1|Raging Bolt|
|poke|p1|Ogerpon-Wellspring, F|
|poke|p1|Heatran, F|
|poke|p2|Breloom, M|
|poke|p2|Gliscor, M|
|poke|p2|Umbreon, M|
|poke|p2|Zamazenta-*|
|poke|p2|Noivern, M|
|poke|p2|Walking Wake|
|teampreview
|inactive|Battle timer is ON: inactive players will automatically lose when time's up. (requested by zenit011)
|inactive|Scldbrn has 120 seconds left.
|
|t:|1769323133
|teamsize|p1|6
|teamsize|p2|6
|start
|switch|p1a: Ribombee|Ribombee, M|100/100
|switch|p2a: SetasPaTodos|Breloom, M, shiny|100/100
|turn|1
|
|t:|1769323144
|move|p1a: Ribombee|Sticky Web|p2a: SetasPaTodos
|-sidestart|p2: zenit011|move: Sticky Web
|move|p2a: SetasPaTodos|Rock Tomb|p1a: Ribombee
|-supereffective|p1a: Ribombee
|-enditem|p1a: Ribombee|Focus Sash
|-damage|p1a: Ribombee|1/100
|-unboost|p1a: Ribombee|spe|1
|
|upkeep
|turn|2
|
|t:|1769323156
|switch|p1a: Gholdengo|Gholdengo|100/100
|move|p2a: SetasPaTodos|Mach Punch|p1a: Gholdengo
|-immune|p1a: Gholdengo
|
|upkeep
|turn|3
|
|t:|1769323166
|move|p2a: SetasPaTodos|Bullet Seed|p1a: Gholdengo
|-resisted|p1a: Gholdengo
|-crit|p1a: Gholdengo
|-damage|p1a: Gholdengo|85/100
|-resisted|p1a: Gholdengo
|-damage|p1a: Gholdengo|75/100
|-resisted|p1a: Gholdengo
|-damage|p1a: Gholdengo|64/100
|-resisted|p1a: Gholdengo
|-damage|p1a: Gholdengo|54/100
|-hitcount|p1a: Gholdengo|4
|move|p1a: Gholdengo|Make It Rain|p2a: SetasPaTodos
|-damage|p2a: SetasPaTodos|0 fnt
|-unboost|p1a: Gholdengo|spa|1
|faint|p2a: SetasPaTodos
|
|upkeep
|
|t:|1769323181
|switch|p2a: Noivern|Noivern, M|100/100
|-item|p1a: Gholdengo|Expert Belt|[from] ability: Frisk|[of] p2a: Noivern
|turn|4
|inactive|Scldbrn has 120 seconds left.
|
|t:|1769323227
|switch|p1a: Zamazenta|Zamazenta|100/100
|-ability|p1a: Zamazenta|Dauntless Shield|boost
|-boost|p1a: Zamazenta|def|1
|move|p2a: Noivern|U-turn|p1a: Zamazenta
|-resisted|p1a: Zamazenta
|-damage|p1a: Zamazenta|97/100
|
|t:|1769323238
|switch|p2a: Gliscor|Gliscor, M|100/100|[from] U-turn
|
|-status|p2a: Gliscor|tox|[from] item: Toxic Orb
|upkeep
|turn|5
|
|t:|1769323244
|move|p1a: Zamazenta|Ice Fang|p2a: Gliscor|[miss]
|-miss|p1a: Zamazenta|p2a: Gliscor
|move|p2a: Gliscor|Knock Off|p1a: Zamazenta
|-resisted|p1a: Zamazenta
|-damage|p1a: Zamazenta|90/100
|-enditem|p1a: Zamazenta|Choice Band|[from] move: Knock Off|[of] p2a: Gliscor
|
|upkeep
|turn|6
|
|t:|1769323255
|switch|p2a: Zamazenta|Zamazenta|100/100
|-activate|p2a: Zamazenta|move: Sticky Web
|-unboost|p2a: Zamazenta|spe|1
|-ability|p2a: Zamazenta|Dauntless Shield|boost
|-boost|p2a: Zamazenta|def|1
|move|p1a: Zamazenta|Ice Fang|p2a: Zamazenta
|-damage|p2a: Zamazenta|89/100
|
|-heal|p2a: Zamazenta|95/100|[from] item: Leftovers
|upkeep
|turn|7
|
|t:|1769323274
|switch|p1a: Gholdengo|Gholdengo|54/100
|move|p2a: Zamazenta|Roar|p1a: Gholdengo
|-immune|p1a: Gholdengo|[from] ability: Good as Gold
|
|-heal|p2a: Zamazenta|100/100|[from] item: Leftovers
|upkeep
|turn|8
|inactive|Scldbrn has 120 seconds left.
|
|t:|1769323292
|switch|p2a: Umbreon|Umbreon, M|100/100
|-activate|p2a: Umbreon|move: Sticky Web
|-unboost|p2a: Umbreon|spe|1
|switch|p1a: Raging Bolt|Raging Bolt|100/100
|-enditem|p1a: Raging Bolt|Booster Energy
|-activate|p1a: Raging Bolt|ability: Protosynthesis|[fromitem]
|-start|p1a: Raging Bolt|protosynthesisspa
|
|upkeep
|turn|9
|
|t:|1769323303
|move|p1a: Raging Bolt|Draco Meteor|p2a: Umbreon
|-damage|p2a: Umbreon|50/100
|-unboost|p1a: Raging Bolt|spa|2
|move|p2a: Umbreon|Toxic|p1a: Raging Bolt
|-status|p1a: Raging Bolt|tox
|
|-heal|p2a: Umbreon|56/100|[from] item: Leftovers
|-damage|p1a: Raging Bolt|94/100 tox|[from] psn
|upkeep
|turn|10
|
|t:|1769323314
|move|p1a: Raging Bolt|Volt Switch|p2a: Umbreon
|-damage|p2a: Umbreon|42/100
|
|t:|1769323326
|-end|p1a: Raging Bolt|Protosynthesis|[silent]
|switch|p1a: Ribombee|Ribombee, M|1/100|[from] Volt Switch
|move|p2a: Umbreon|Wish|p2a: Umbreon
|
|-heal|p2a: Umbreon|48/100|[from] item: Leftovers
|upkeep
|turn|11
|
|t:|1769323336
|-terastallize|p2a: Umbreon|Poison
|move|p1a: Ribombee|Trick|p2a: Umbreon
|-activate|p1a: Ribombee|move: Trick|[of] p2a: Umbreon
|-enditem|p2a: Umbreon|Leftovers|[silent]|[from] move: Trick
|-item|p1a: Ribombee|Leftovers|[from] move: Trick
|move|p2a: Umbreon|Foul Play|p1a: Ribombee
|-resisted|p1a: Ribombee
|-damage|p1a: Ribombee|0 fnt
|faint|p1a: Ribombee
|
|-heal|p2a: Umbreon|98/100|[from] move: Wish|[wisher] Umbreon
|upkeep
|
|t:|1769323349
|switch|p1a: Zamazenta|Zamazenta|90/100
|turn|12
|
|t:|1769323371
|move|p2a: Umbreon|Protect|p2a: Umbreon
|-singleturn|p2a: Umbreon|Protect
|move|p1a: Zamazenta|Close Combat|p2a: Umbreon
|-activate|p2a: Umbreon|move: Protect
|
|upkeep
|turn|13
|
|t:|1769323389
|switch|p1a: Heatran|Heatran, F|100/100
|move|p2a: Umbreon|Toxic|p1a: Heatran
|-immune|p1a: Heatran
|
|upkeep
|turn|14
|
|t:|1769323397
|switch|p2a: Noivern|Noivern, M|100/100
|-item|p1a: Heatran|Choice Specs|[from] ability: Frisk|[of] p2a: Noivern
|move|p1a: Heatran|Earth Power|p2a: Noivern
|-immune|p2a: Noivern
|
|upkeep
|turn|15
|
|t:|1769323410
|switch|p1a: Gholdengo|Gholdengo|54/100
|move|p2a: Noivern|Defog|p1a: Gholdengo
|-immune|p1a: Gholdengo|[from] ability: Good as Gold
|
|upkeep
|turn|16
|
|t:|1769323421
|move|p2a: Noivern|Flamethrower|p1a: Gholdengo
|-supereffective|p1a: Gholdengo
|-damage|p1a: Gholdengo|5/100
|move|p1a: Gholdengo|Make It Rain|p2a: Noivern
|-damage|p2a: Noivern|15/100
|-unboost|p1a: Gholdengo|spa|1
|
|upkeep
|turn|17
|
|t:|1769323432
|move|p2a: Noivern|Draco Meteor|p1a: Gholdengo
|-resisted|p1a: Gholdengo
|-damage|p1a: Gholdengo|0 fnt
|-unboost|p2a: Noivern|spa|2
|faint|p1a: Gholdengo
|
|upkeep
|
|t:|1769323454
|switch|p1a: Zamazenta|Zamazenta|90/100
|turn|18
|
|t:|1769323461
|switch|p2a: Umbreon|Umbreon, M, tera:Poison|98/100
|-activate|p2a: Umbreon|move: Sticky Web
|-unboost|p2a: Umbreon|spe|1
|move|p1a: Zamazenta|Ice Fang|p2a: Umbreon
|-damage|p2a: Umbreon|79/100
|
|upkeep
|turn|19
|
|t:|1769323474
|move|p1a: Zamazenta|Crunch|p2a: Umbreon
|-damage|p2a: Umbreon|56/100
|move|p2a: Umbreon|Wish|p2a: Umbreon
|
|upkeep
|turn|20
|
|t:|1769323485
|move|p1a: Zamazenta|Ice Fang|p2a: Umbreon
|-damage|p2a: Umbreon|36/100
|move|p2a: Umbreon|Toxic|p1a: Zamazenta
|-status|p1a: Zamazenta|tox
|
|-heal|p2a: Umbreon|86/100|[from] move: Wish|[wisher] Umbreon
|-damage|p1a: Zamazenta|84/100 tox|[from] psn
|upkeep
|turn|21
|
|t:|1769323495
|switch|p1a: Ogerpon|Ogerpon-Wellspring, F|100/100
|move|p2a: Umbreon|Foul Play|p1a: Ogerpon
|-damage|p1a: Ogerpon|33/100
|
|upkeep
|turn|22
|
|t:|1769323502
|-terastallize|p1a: Ogerpon|Water
|detailschange|p1a: Ogerpon|Ogerpon-Wellspring-Tera, F, tera:Water
|-ability|p1a: Ogerpon|Embody Aspect (Wellspring)|boost
|-boost|p1a: Ogerpon|spd|1
|move|p1a: Ogerpon|Ivy Cudgel|p2a: Umbreon|[anim] Ivy Cudgel Water
|-damage|p2a: Umbreon|20/100
|move|p2a: Umbreon|Foul Play|p1a: Ogerpon
|-damage|p1a: Ogerpon|0 fnt
|faint|p1a: Ogerpon
|detailschange|p1: Ogerpon|Ogerpon-Wellspring, F|[silent]
|
|upkeep
|
|t:|1769323510
|switch|p1a: Raging Bolt|Raging Bolt|94/100 tox
|turn|23
|
|t:|1769323517
|move|p2a: Umbreon|Protect|p2a: Umbreon
|-singleturn|p2a: Umbreon|Protect
|move|p1a: Raging Bolt|Draco Meteor|p2a: Umbreon
|-activate|p2a: Umbreon|move: Protect
|
|-damage|p1a: Raging Bolt|88/100 tox|[from] psn
|upkeep
|turn|24
|
|t:|1769323525
|move|p1a: Raging Bolt|Draco Meteor|p2a: Umbreon
|-damage|p2a: Umbreon|0 fnt
|-unboost|p1a: Raging Bolt|spa|2
|faint|p2a: Umbreon
|
|-damage|p1a: Raging Bolt|76/100 tox|[from] psn
|upkeep
|
|t:|1769323535
|switch|p2a: Noivern|Noivern, M|15/100
|turn|25
|
|t:|1769323544
|move|p2a: Noivern|Defog|p1a: Raging Bolt
|-unboost|p1a: Raging Bolt|evasion|1
|-sideend|p2: zenit011|Sticky Web|[from] move: Defog|[of] p2a: Noivern
|move|p1a: Raging Bolt|Draco Meteor|p2a: Noivern
|-supereffective|p2a: Noivern
|-damage|p2a: Noivern|0 fnt
|-unboost|p1a: Raging Bolt|spa|2
|faint|p2a: Noivern
|
|-damage|p1a: Raging Bolt|58/100 tox|[from] psn
|upkeep
|
|t:|1769323556
|switch|p2a: Gliscor|Gliscor, M|100/100 tox
|turn|26
|
|t:|1769323563
|-end|p1a: Raging Bolt|Protosynthesis|[silent]
|switch|p1a: Zamazenta|Zamazenta|84/100 tox
|move|p2a: Gliscor|Earthquake|p1a: Zamazenta
|-damage|p1a: Zamazenta|55/100 tox
|
|-damage|p1a: Zamazenta|49/100 tox|[from] psn
|upkeep
|turn|27
|
|t:|1769323572
|move|p2a: Gliscor|Protect|p2a: Gliscor
|-singleturn|p2a: Gliscor|Protect
|move|p1a: Zamazenta|Ice Fang|p2a: Gliscor
|-activate|p2a: Gliscor|move: Protect
|
|-damage|p1a: Zamazenta|37/100 tox|[from] psn
|upkeep
|turn|28
|
|t:|1769323580
|move|p1a: Zamazenta|Ice Fang|p2a: Gliscor
|-supereffective|p2a: Gliscor
|-damage|p2a: Gliscor|38/100 tox
|move|p2a: Gliscor|Earthquake|p1a: Zamazenta
|-crit|p1a: Zamazenta
|-damage|p1a: Zamazenta|0 fnt
|faint|p1a: Zamazenta
|
|-heal|p2a: Gliscor|51/100 tox|[from] ability: Poison Heal
|upkeep
|
|t:|1769323590
|switch|p1a: Heatran|Heatran, F|100/100
|turn|29
|
|t:|1769323594
|move|p2a: Gliscor|Protect|p2a: Gliscor
|-singleturn|p2a: Gliscor|Protect
|move|p1a: Heatran|Overheat|p2a: Gliscor
|-activate|p2a: Gliscor|move: Protect
|
|-heal|p2a: Gliscor|63/100 tox|[from] ability: Poison Heal
|upkeep
|turn|30
|
|t:|1769323603
|switch|p2a: Walking Wake|Walking Wake|100/100
|move|p1a: Heatran|Overheat|p2a: Walking Wake
|-resisted|p2a: Walking Wake
|-damage|p2a: Walking Wake|70/100
|-unboost|p1a: Heatran|spa|2
|
|upkeep
|turn|31
|-message|Scldbrn forfeited.
|
|win|zenit011
|raw|Scldbrn's rating: 1124 &rarr; <strong>1102</strong><br />(-22 for losing)
|raw|zenit011's rating: 1168 &rarr; <strong>1190</strong><br />(+22 for winning)
|l|☆Scldbrn
|player|p1|
|l|☆zenit011
|player|p2|
