|j|☆FUKNNlGERRAPlST69
|j|☆DarKnight3736
|t:|1769320011
|gametype|singles
|player|p1|FUKNNlGERRAPlST69|265|1215
|player|p2|DarKnight3736|169|1223
|gen|9
|tier|[Gen 9] OU
|rated|
|rule|HP Percentage Mod: HP is shown in percentages
|rule|Endless Battle Clause: Forcing endless battles is banned
|rule|Species Clause: Limit one of each Pokémon
|rule|OHKO Clause: OHKO moves are banned
|rule|Evasion Items Clause: Evasion items are banned
|rule|Evasion Moves Clause: Evasion moves are banned
|rule|Evasion Abilities Clause: Evasion abilities are banned
|rule|Sleep Moves Clause: Sleep-inducing moves are banned
|clearpoke
|poke|p1|Barraskewda, F|
|poke|p1|Iron Treads|
|poke|p1|Hatterene, F|
|poke|p1|Zapdos|
|poke|p1|Pelipper, M|
|poke|p1|Toxicroak, M|
|poke|p2|Dragapult, M|
|poke|p2|Primarina, F|
|poke|p2|Slowking-Galar, F|
|poke|p2|Meowscarada, F|
|poke|p2|Iron Treads|
|poke|p2|Lokix, M|
|teampreview
|inactive|Battle timer is ON: inactive players will automatically lose when time's up. (requested by DarKnight3736)
|inactive|DarKnight3736 has 120 seconds left.
|
|t:|1769320048
|teamsize|p1|6
|teamsize|p2|6
|start
|switch|p1a: Pelipper|Pelipper, M, shiny|100/100
|switch|p2a: Primarina|Primarina, F|100/100
|-weather|RainDance|[from] ability: Drizzle|[of] p1a: Pelipper
|turn|1
|
|t:|1769320058
|move|p2a: Primarina|Substitute|p2a: Primarina
|-start|p2a: Primarina|Substitute
|-damage|p2a: Primarina|76/100
|move|p1a: Pelipper|U-turn|p2a: Primarina
|-resisted|p2a: Primarina
|-activate|p2a: Primarina|move: Substitute|[damage]
|
|t:|1769320063
|switch|p1a: Zapdos|Zapdos, shiny|100/100|[from] U-turn
|
|-weather|RainDance|[upkeep]
|-heal|p2a: Primarina|82/100|[from] item: Leftovers
|upkeep
|turn|2
|
|t:|1769320067
|move|p1a: Zapdos|Volt Switch|p2a: Primarina
|-supereffective|p2a: Primarina
|-end|p2a: Primarina|Substitute
|
|t:|1769320070
|switch|p1a: Hatterene|Hatterene, F, shiny|100/100|[from] Volt Switch
|move|p2a: Primarina|Psychic Noise|p1a: Hatterene
|-damage|p1a: Hatterene|31/100
|-start|p1a: Hatterene|move: Heal Block
|-enditem|p1a: Hatterene|Eject Button
|
|t:|1769320081
|switch|p1a: Zapdos|Zapdos, shiny|100/100
|
|-weather|RainDance|[upkeep]
|-heal|p2a: Primarina|88/100|[from] item: Leftovers
|upkeep
|turn|3
|
|t:|1769320084
|switch|p2a: Iron Treads|Iron Treads|100/100
|-item|p2a: Iron Treads|Air Balloon
|move|p1a: Zapdos|Hurricane|p2a: Iron Treads
|-resisted|p2a: Iron Treads
|-damage|p2a: Iron Treads|44/100
|-enditem|p2a: Iron Treads|Air Balloon
|
|-weather|RainDance|[upkeep]
|upkeep
|turn|4
|
|t:|1769320088
|move|p2a: Iron Treads|Stealth Rock|p1a: Zapdos
|-sidestart|p1: FUKNNlGERRAPlST69|move: Stealth Rock
|move|p1a: Zapdos|Hurricane|p2a: Iron Treads
|-resisted|p2a: Iron Treads
|-damage|p2a: Iron Treads|0 fnt
|faint|p2a: Iron Treads
|-end|p2a: Iron Treads|Quark Drive|[silent]
|
|-weather|RainDance|[upkeep]
|upkeep
|
|t:|1769320095
|switch|p2a: Slowking|Slowking-Galar, F|100/100
|turn|5
|
|t:|1769320101
|switch|p1a: Iron Treads|Iron Treads, shiny|100/100
|-damage|p1a: Iron Treads|97/100|[from] Stealth Rock
|switch|p2a: Meowscarada|Meowscarada, F|100/100
|
|-weather|RainDance|[upkeep]
|-heal|p1a: Iron Treads|100/100|[from] item: Leftovers
|upkeep
|turn|6
|
|t:|1769320108
|move|p2a: Meowscarada|U-turn|p1a: Iron Treads
|-start|p2a: Meowscarada|typechange|Bug|[from] ability: Protean
|-resisted|p1a: Iron Treads
|-damage|p1a: Iron Treads|88/100
|
|t:|1769320110
|switch|p2a: Dragapult|Dragapult, M|100/100|[from] U-turn
|move|p1a: Iron Treads|Rapid Spin|p2a: Dragapult
|-immune|p2a: Dragapult
|
|-weather|RainDance|[upkeep]
|-heal|p1a: Iron Treads|94/100|[from] item: Leftovers
|upkeep
|turn|7
|
|t:|1769320122
|-terastallize|p1a: Iron Treads|Normal
|move|p2a: Dragapult|Shadow Ball|p1a: Iron Treads
|-immune|p1a: Iron Treads
|move|p1a: Iron Treads|Earthquake|p2a: Dragapult
|-damage|p2a: Dragapult|49/100
|
|-weather|RainDance|[upkeep]
|-heal|p1a: Iron Treads|99/100|[from] item: Leftovers
|upkeep
|turn|8
|
|t:|1769320129
|switch|p2a: Meowscarada|Meowscarada, F|100/100
|move|p1a: Iron Treads|Stealth Rock|p2a: Meowscarada
|-sidestart|p2: DarKnight3736|move: Stealth Rock
|
|-weather|none
|-heal|p1a: Iron Treads|100/100|[from] item: Leftovers
|upkeep
|turn|9
|
|t:|1769320144
|-end|p1a: Iron Treads|Quark Drive|[silent]
|switch|p1a: Toxicroak|Toxicroak, M, shiny|100/100
|-damage|p1a: Toxicroak|94/100|[from] Stealth Rock
|move|p2a: Meowscarada|Flower Trick|p1a: Toxicroak
|-start|p2a: Meowscarada|typechange|Grass|[from] ability: Protean
|-resisted|p1a: Toxicroak
|-crit|p1a: Toxicroak
|-damage|p1a: Toxicroak|72/100
|
|upkeep
|turn|10
|
|t:|1769320153
|move|p2a: Meowscarada|U-turn|p1a: Toxicroak
|-resisted|p1a: Toxicroak
|-damage|p1a: Toxicroak|67/100
|-damage|p2a: Meowscarada|84/100|[from] item: Rocky Helmet|[of] p1a: Toxicroak
|
|t:|1769320158
|switch|p2a: Slowking|Slowking-Galar, F|100/100|[from] U-turn
|-damage|p2a: Slowking|88/100|[from] Stealth Rock
|move|p1a: Toxicroak|Toxic|p2a: Slowking
|-immune|p2a: Slowking
|
|upkeep
|turn|11
|
|t:|1769320163
|switch|p1a: Iron Treads|Iron Treads, shiny, tera:Normal|100/100
|-damage|p1a: Iron Treads|88/100|[from] Stealth Rock
|move|p2a: Slowking|Future Sight|p1a: Iron Treads
|-start|p2a: Slowking|move: Future Sight
|
|-heal|p1a: Iron Treads|94/100|[from] item: Leftovers
|upkeep
|turn|12
|
|t:|1769320178
|move|p1a: Iron Treads|Earthquake|p2a: Slowking
|-supereffective|p2a: Slowking
|-damage|p2a: Slowking|19/100
|move|p2a: Slowking|Sludge Bomb|p1a: Iron Treads
|-damage|p1a: Iron Treads|68/100
|-status|p1a: Iron Treads|psn
|
|-heal|p1a: Iron Treads|74/100 psn|[from] item: Leftovers
|-damage|p1a: Iron Treads|62/100 psn|[from] psn
|upkeep
|turn|13
|inactive|DarKnight3736 has 120 seconds left.
|
|t:|1769320205
|switch|p2a: Dragapult|Dragapult, M|49/100
|-damage|p2a: Dragapult|37/100|[from] Stealth Rock
|move|p1a: Iron Treads|Volt Switch|p2a: Dragapult
|-resisted|p2a: Dragapult
|-damage|p2a: Dragapult|29/100
|
|t:|1769320209
|-end|p1a: Iron Treads|Quark Drive|[silent]
|switch|p1a: Hatterene|Hatterene, F, shiny|31/100|[from] Volt Switch
|-damage|p1a: Hatterene|18/100|[from] Stealth Rock
|
|-end|p1a: Hatterene|move: Future Sight
|-resisted|p1a: Hatterene
|-damage|p1a: Hatterene|0 fnt
|faint|p1a: Hatterene
|upkeep
|
|t:|1769320217
|switch|p1a: Pelipper|Pelipper, M, shiny|100/100
|-damage|p1a: Pelipper|76/100|[from] Stealth Rock
|-weather|RainDance|[from] ability: Drizzle|[of] p1a: Pelipper
|turn|14
|
|t:|1769320235
|switch|p1a: Iron Treads|Iron Treads, shiny, tera:Normal|62/100 psn
|-damage|p1a: Iron Treads|49/100 psn|[from] Stealth Rock
|move|p2a: Dragapult|Dragon Darts|p1a: Iron Treads
|-damage|p1a: Iron Treads|30/100 psn
|-anim|p2a: Dragapult|Dragon Darts|p1a: Iron Treads
|-crit|p1a: Iron Treads
|-damage|p1a: Iron Treads|2/100 psn
|
|-weather|RainDance|[upkeep]
|-heal|p1a: Iron Treads|8/100 psn|[from] item: Leftovers
|-damage|p1a: Iron Treads|0 fnt|[from] psn
|faint|p1a: Iron Treads
|-end|p1a: Iron Treads|Quark Drive|[silent]
|upkeep
|
|t:|1769320240
|switch|p1a: Barraskewda|Barraskewda, F, shiny|100/100
|-damage|p1a: Barraskewda|88/100|[from] Stealth Rock
|turn|15
|
|t:|1769320263
|switch|p2a: Primarina|Primarina, F|88/100
|-damage|p2a: Primarina|75/100|[from] Stealth Rock
|move|p1a: Barraskewda|Liquidation|p2a: Primarina
|-resisted|p2a: Primarina
|-damage|p2a: Primarina|7/100
|
|-weather|RainDance|[upkeep]
|-heal|p2a: Primarina|13/100|[from] item: Leftovers
|upkeep
|turn|16
|
|t:|1769320266
|move|p1a: Barraskewda|Liquidation|p2a: Primarina
|-resisted|p2a: Primarina
|-damage|p2a: Primarina|0 fnt
|faint|p2a: Primarina
|
|-weather|RainDance|[upkeep]
|upkeep
|
|t:|1769320268
|switch|p2a: Meowscarada|Meowscarada, F|84/100
|turn|17
|
|t:|1769320274
|move|p1a: Barraskewda|Liquidation|p2a: Meowscarada
|-resisted|p2a: Meowscarada
|-damage|p2a: Meowscarada|2/100
|move|p2a: Meowscarada|Toxic Spikes|p1a: Barraskewda
|-start|p2a: Meowscarada|typechange|Poison|[from] ability: Protean
|-sidestart|p1: FUKNNlGERRAPlST69|move: Toxic Spikes
|
|-weather|RainDance|[upkeep]
|upkeep
|turn|18
|
|t:|1769320277
|move|p2a: Meowscarada|Sucker Punch|p1a: Barraskewda
|-damage|p1a: Barraskewda|48/100
|move|p1a: Barraskewda|Liquidation|p2a: Meowscarada
|-damage|p2a: Meowscarada|0 fnt
|faint|p2a: Meowscarada
|
|-weather|RainDance|[upkeep]
|upkeep
|
|t:|1769320281
|switch|p2a: Lokix|Lokix, M|100/100
|turn|19
|
|t:|1769320284
|switch|p1a: Toxicroak|Toxicroak, M, shiny|67/100
|-damage|p1a: Toxicroak|61/100|[from] Stealth Rock
|-sideend|p1: FUKNNlGERRAPlST69|move: Toxic Spikes|[of] p1a: Toxicroak
|move|p2a: Lokix|First Impression|p1a: Toxicroak
|-resisted|p1a: Toxicroak
|-damage|p1a: Toxicroak|43/100
|-damage|p2a: Lokix|84/100|[from] item: Rocky Helmet|[of] p1a: Toxicroak
|
|-weather|RainDance|[upkeep]
|-heal|p1a: Toxicroak|56/100|[from] ability: Dry Skin
|upkeep
|turn|20
|
|t:|1769320299
|switch|p2a: Slowking|Slowking-Galar, F|52/100
|-damage|p2a: Slowking|40/100|[from] Stealth Rock
|move|p1a: Toxicroak|Knock Off|p2a: Slowking
|-supereffective|p2a: Slowking
|-damage|p2a: Slowking|0 fnt
|-enditem|p2a: Slowking|Assault Vest|[from] move: Knock Off|[of] p1a: Toxicroak
|faint|p2a: Slowking
|
|-weather|RainDance|[upkeep]
|-heal|p1a: Toxicroak|68/100|[from] ability: Dry Skin
|upkeep
|
|t:|1769320306
|switch|p2a: Dragapult|Dragapult, M|29/100
|-damage|p2a: Dragapult|17/100|[from] Stealth Rock
|turn|21
|
|t:|1769320315
|switch|p1a: Pelipper|Pelipper, M, shiny|76/100
|-damage|p1a: Pelipper|51/100|[from] Stealth Rock
|-terastallize|p2a: Dragapult|Dragon
|move|p2a: Dragapult|Dragon Darts|p1a: Pelipper
|-damage|p1a: Pelipper|25/100
|-anim|p2a: Dragapult|Dragon Darts|p1a: Pelipper
|-damage|p1a: Pelipper|0 fnt
|faint|p1a: Pelipper
|
|-weather|none
|upkeep
|
|t:|1769320318
|switch|p1a: Barraskewda|Barraskewda, F, shiny|48/100
|-damage|p1a: Barraskewda|36/100|[from] Stealth Rock
|turn|22
|
|t:|1769320321
|move|p1a: Barraskewda|Aqua Jet|p2a: Dragapult
|-resisted|p2a: Dragapult
|-damage|p2a: Dragapult|0 fnt
|faint|p2a: Dragapult
|
|upkeep
|
|t:|1769320323
|switch|p2a: Lokix|Lokix, M|84/100
|turn|23
|
|t:|1769320326
|move|p2a: Lokix|First Impression|p1a: Barraskewda
|-damage|p1a: Barraskewda|0 fnt
|faint|p1a: Barraskewda
|
|upkeep
|
|t:|1769320332
|switch|p1a: Toxicroak|Toxicroak, M, shiny|68/100
|-damage|p1a: Toxicroak|62/100|[from] Stealth Rock
|turn|24
|
|t:|1769320335
|move|p2a: Lokix|Knock Off|p1a: Toxicroak
|-resisted|p1a: Toxicroak
|-damage|p1a: Toxicroak|25/100
|-damage|p2a: Lokix|67/100|[from] item: Rocky Helmet|[of] p1a: Toxicroak
|-enditem|p1a: Toxicroak|Rocky Helmet|[from] move: Knock Off|[of] p2a: Lokix
|move|p1a: Toxicroak|Drain Punch|p2a: Lokix
|-damage|p2a: Lokix|30/100
|-heal|p1a: Toxicroak|39/100|[from] drain|[of] p2a: Lokix
|
|upkeep
|turn|25
|
|t:|1769320338
|move|p2a: Lokix|Knock Off|p1a: Toxicroak
|-resisted|p1a: Toxicroak
|-damage|p1a: Toxicroak|13/100
|move|p1a: Toxicroak|Drain Punch|p2a: Lokix
|-damage|p2a: Lokix|0 fnt
|-heal|p1a: Toxicroak|25/100|[from] drain|[of] p2a: Lokix
|faint|p2a: Lokix
|
|win|FUKNNlGERRAPlST69
|raw|FUKNNlGERRAPlST69's rating: 1215 &rarr; <strong>1241</strong><br />(+26 for winning)
|raw|DarKnight3736's rating: 1223 &rarr; <strong>1197</strong><br />(-26 for losing)
|c|☆DarKnight3736|gg
