|j|☆VvTOo
|j|☆2004 Lexus GX470
|t:|1769370917
|gametype|singles
|player|p1|VvTOo|hiker-gen4|1695
|player|p2|2004 Lexus GX470|rocketgruntf|1654
|gen|9
|tier|[Gen 9] OU
|rated|
|rule|HP Percentage Mod: HP is shown in percentages
|rule|Endless Battle Clause: Forcing endless battles is banned
|rule|Species Clause: Limit one of each Pokémon
|rule|OHKO Clause: OHKO moves are banned
|rule|Evasion Items Clause: Evasion items are banned
|rule|Evasion Moves Clause: Evasion moves are banned
|rule|Evasion Abilities Clause: Evasion abilities are banned
|rule|Sleep Moves Clause: Sleep-inducing moves are banned
|clearpoke
|poke|p1|Slowking-Galar, F|
|poke|p1|Kyurem|
|poke|p1|Indeedee, M|
|poke|p1|Great Tusk|
|poke|p1|Rillaboom, M|
|poke|p1|Hoopa-Unbound|
|poke|p2|Rabsca, M|
|poke|p2|Kingambit, M|
|poke|p2|Iron Valiant|
|poke|p2|Great Tusk|
|poke|p2|Hatterene, F|
|poke|p2|Dragonite, F|
|teampreview
|inactive|Battle timer is ON: inactive players will automatically lose when time's up. (requested by VvTOo)
|
|t:|1769370928
|teamsize|p1|6
|teamsize|p2|6
|start
|switch|p1a: Rillaboom|Rillaboom, M|100/100
|switch|p2a: better for her|Rabsca, M|100/100
|-fieldstart|move: Grassy Terrain|[from] ability: Grassy Surge|[of] p1a: Rillaboom
|turn|1
|
|t:|1769370934
|move|p1a: Rillaboom|Knock Off|p2a: better for her
|-supereffective|p2a: better for her
|-damage|p2a: better for her|0 fnt
|-enditem|p2a: better for her|Weakness Policy|[from] move: Knock Off|[of] p1a: Rillaboom
|faint|p2a: better for her
|
|upkeep
|
|t:|1769370941
|switch|p2a: Statutory|Great Tusk|100/100
|turn|2
|
|t:|1769370947
|switch|p1a: Slowking|Slowking-Galar, F|100/100
|move|p2a: Statutory|Ice Spinner|p1a: Slowking
|-damage|p1a: Slowking|82/100
|-damage|p2a: Statutory|84/100|[from] item: Rocky Helmet|[of] p1a: Slowking
|-fieldend|move: Grassy Terrain
|
|upkeep
|turn|3
|
|t:|1769370954
|move|p2a: Statutory|Stealth Rock|p1a: Slowking
|-sidestart|p1: VvTOo|move: Stealth Rock
|move|p1a: Slowking|Ice Beam|p2a: Statutory
|-supereffective|p2a: Statutory
|-damage|p2a: Statutory|26/100
|
|upkeep
|turn|4
|
|t:|1769370959
|move|p2a: Statutory|Headlong Rush|p1a: Slowking
|-supereffective|p1a: Slowking
|-damage|p1a: Slowking|14/100
|-unboost|p2a: Statutory|def|1
|-unboost|p2a: Statutory|spd|1
|-damage|p2a: Statutory|10/100|[from] item: Rocky Helmet|[of] p1a: Slowking
|move|p1a: Slowking|Ice Beam|p2a: Statutory
|-supereffective|p2a: Statutory
|-damage|p2a: Statutory|0 fnt
|faint|p2a: Statutory
|-end|p2a: Statutory|Protosynthesis|[silent]
|
|upkeep
|
|t:|1769370968
|switch|p2a: Mandatory|Iron Valiant|100/100
|-enditem|p2a: Mandatory|Booster Energy
|-activate|p2a: Mandatory|ability: Quark Drive|[fromitem]
|-start|p2a: Mandatory|quarkdrivespe
|turn|5
|
|t:|1769370973
|switch|p1a: Rillaboom|Rillaboom, M|100/100
|-damage|p1a: Rillaboom|88/100|[from] Stealth Rock
|-fieldstart|move: Grassy Terrain|[from] ability: Grassy Surge|[of] p1a: Rillaboom
|move|p2a: Mandatory|Knock Off|p1a: Rillaboom
|-damage|p1a: Rillaboom|58/100
|-enditem|p1a: Rillaboom|Choice Band|[from] move: Knock Off|[of] p2a: Mandatory
|
|-heal|p1a: Rillaboom|64/100|[from] Grassy Terrain
|upkeep
|turn|6
|
|t:|1769370986
|move|p1a: Rillaboom|Grassy Glide|p2a: Mandatory
|-damage|p2a: Mandatory|50/100
|move|p2a: Mandatory|Moonblast|p1a: Rillaboom
|-damage|p1a: Rillaboom|15/100
|
|-heal|p2a: Mandatory|56/100|[from] Grassy Terrain
|-heal|p1a: Rillaboom|21/100|[from] Grassy Terrain
|upkeep
|turn|7
|
|t:|1769370992
|move|p1a: Rillaboom|Grassy Glide|p2a: Mandatory
|-damage|p2a: Mandatory|3/100
|move|p2a: Mandatory|Moonblast|p1a: Rillaboom
|-damage|p1a: Rillaboom|0 fnt
|faint|p1a: Rillaboom
|
|-heal|p2a: Mandatory|9/100|[from] Grassy Terrain
|upkeep
|
|t:|1769370996
|switch|p1a: Great Tusk|Great Tusk|100/100
|-damage|p1a: Great Tusk|98/100|[from] Stealth Rock
|turn|8
|
|t:|1769371000
|move|p2a: Mandatory|Destiny Bond|p2a: Mandatory
|-singlemove|p2a: Mandatory|Destiny Bond
|move|p1a: Great Tusk|Rapid Spin|p2a: Mandatory
|-damage|p2a: Mandatory|0 fnt
|-boost|p1a: Great Tusk|spe|1
|-sideend|p1: VvTOo|Stealth Rock|[from] move: Rapid Spin|[of] p1a: Great Tusk
|faint|p2a: Mandatory
|-activate|p2a: Mandatory|move: Destiny Bond
|-end|p2a: Mandatory|Quark Drive|[silent]
|faint|p1a: Great Tusk
|-end|p1a: Great Tusk|Protosynthesis|[silent]
|
|upkeep
|
|t:|1769371018
|switch|p2a: To The Moon|Dragonite, F|100/100
|switch|p1a: Slowking|Slowking-Galar, F|47/100
|turn|9
|
|t:|1769371021
|move|p2a: To The Moon|Dragon Dance|p2a: To The Moon
|-boost|p2a: To The Moon|atk|1
|-boost|p2a: To The Moon|spe|1
|move|p1a: Slowking|Ice Beam|p2a: To The Moon
|-supereffective|p2a: To The Moon
|-damage|p2a: To The Moon|55/100
|
|-heal|p1a: Slowking|53/100|[from] Grassy Terrain
|-fieldend|move: Grassy Terrain
|upkeep
|turn|10
|
|t:|1769371026
|-terastallize|p1a: Slowking|Fairy
|move|p2a: To The Moon|Earthquake|p1a: Slowking
|-damage|p1a: Slowking|10/100
|move|p1a: Slowking|Ice Beam|p2a: To The Moon
|-supereffective|p2a: To The Moon
|-damage|p2a: To The Moon|0 fnt
|faint|p2a: To The Moon
|
|upkeep
|
|t:|1769371034
|switch|p2a: Wiggie Smalls|Kingambit, M|100/100
|-activate|p2a: Wiggie Smalls|ability: Supreme Overlord
|-start|p2a: Wiggie Smalls|fallen4|[silent]
|turn|11
|
|t:|1769371039
|switch|p1a: Indeedee|Indeedee, M|100/100
|-fieldstart|move: Psychic Terrain|[from] ability: Psychic Surge|[of] p1a: Indeedee
|move|p2a: Wiggie Smalls|Iron Head|p1a: Indeedee
|-damage|p1a: Indeedee|0 fnt
|faint|p1a: Indeedee
|
|upkeep
|
|t:|1769371042
|switch|p1a: Hoopa|Hoopa-Unbound|100/100
|turn|12
|
|t:|1769371052
|-terastallize|p2a: Wiggie Smalls|Dark
|move|p1a: Hoopa|Drain Punch|p2a: Wiggie Smalls
|-supereffective|p2a: Wiggie Smalls
|-damage|p2a: Wiggie Smalls|56/100
|move|p2a: Wiggie Smalls|Kowtow Cleave|p1a: Hoopa
|-damage|p1a: Hoopa|0 fnt
|faint|p1a: Hoopa
|
|upkeep
|
|t:|1769371057
|switch|p1a: Kyurem|Kyurem|100/100
|-ability|p1a: Kyurem|Pressure
|turn|13
|
|t:|1769371065
|move|p1a: Kyurem|Freeze-Dry|p2a: Wiggie Smalls
|-damage|p2a: Wiggie Smalls|16/100
|move|p2a: Wiggie Smalls|Kowtow Cleave|p1a: Kyurem
|-damage|p1a: Kyurem|5/100
|
|-heal|p1a: Kyurem|11/100|[from] item: Leftovers
|upkeep
|turn|14
|
|t:|1769371071
|move|p1a: Kyurem|Freeze-Dry|p2a: Wiggie Smalls
|-damage|p2a: Wiggie Smalls|0 fnt
|faint|p2a: Wiggie Smalls
|-end|p2a: Wiggie Smalls|fallen4|[silent]
|
|-heal|p1a: Kyurem|18/100|[from] item: Leftovers
|upkeep
|
|t:|1769371072
|switch|p2a: Bounce On It|Hatterene, F|100/100
|turn|15
|
|t:|1769371077
|move|p1a: Kyurem|Protect|p1a: Kyurem
|-singleturn|p1a: Kyurem|Protect
|move|p2a: Bounce On It|Mystical Fire|p1a: Kyurem
|-activate|p1a: Kyurem|move: Protect
|
|-heal|p1a: Kyurem|24/100|[from] item: Leftovers
|-fieldend|move: Psychic Terrain
|upkeep
|turn|16
|
|t:|1769371082
|move|p1a: Kyurem|Freeze-Dry|p2a: Bounce On It
|-damage|p2a: Bounce On It|74/100
|move|p2a: Bounce On It|Draining Kiss|p1a: Kyurem
|-supereffective|p1a: Kyurem
|-damage|p1a: Kyurem|0 fnt
|-heal|p2a: Bounce On It|95/100|[from] drain|[of] p1a: Kyurem
|faint|p1a: Kyurem
|
|upkeep
|
|t:|1769371085
|switch|p1a: Slowking|Slowking-Galar, F, tera:Fairy|43/100
|turn|17
|
|t:|1769371088
|move|p1a: Slowking|Sludge Bomb|p2a: Bounce On It
|-supereffective|p2a: Bounce On It
|-damage|p2a: Bounce On It|55/100
|move|p2a: Bounce On It|Mystical Fire|p1a: Slowking
|-damage|p1a: Slowking|22/100
|-unboost|p1a: Slowking|spa|1
|
|upkeep
|turn|18
|
|t:|1769371091
|move|p1a: Slowking|Sludge Bomb|p2a: Bounce On It
|-supereffective|p2a: Bounce On It
|-damage|p2a: Bounce On It|24/100
|-status|p2a: Bounce On It|psn
|move|p2a: Bounce On It|Mystical Fire|p1a: Slowking
|-damage|p1a: Slowking|0 fnt
|faint|p1a: Slowking
|
|win|2004 Lexus GX470
|raw|VvTOo's rating: 1695 &rarr; <strong>1673</strong><br />(-22 for losing)
|raw|2004 Lexus GX470's rating: 1654 &rarr; <strong>1676</strong><br />(+22 for winning)
|l|☆VvTOo
|player|p1|
|l|☆2004 Lexus GX470
|player|p2|
