|j|☆GODKUD
|j|☆Obling
|t:|1769352545
|gametype|singles
|player|p1|GODKUD|ghetsis|1705
|player|p2|Obling|player-go|1736
|gen|9
|tier|[Gen 9] OU
|rated|
|rule|HP Percentage Mod: HP is shown in percentages
|rule|Endless Battle Clause: Forcing endless battles is banned
|rule|Species Clause: Limit one of each Pokémon
|rule|OHKO Clause: OHKO moves are banned
|rule|Evasion Items Clause: Evasion items are banned
|rule|Evasion Moves Clause: Evasion moves are banned
|rule|Evasion Abilities Clause: Evasion abilities are banned
|rule|Sleep Moves Clause: Sleep-inducing moves are banned
|clearpoke
|poke|p1|Ceruledge, F|
|poke|p1|Corviknight, M|
|poke|p1|Slowking-Galar, M|
|poke|p1|Great Tusk|
|poke|p1|Hydreigon, F|
|poke|p1|Primarina, M|
|poke|p2|Moltres|
|poke|p2|Tinkaton, F|
|poke|p2|Ting-Lu|
|poke|p2|Sinistcha|
|poke|p2|Gliscor, F|
|poke|p2|Slowking-Galar, M|
|teampreview
|inactive|Battle timer is ON: inactive players will automatically lose when time's up. (requested by GODKUD)
|
|t:|1769352578
|teamsize|p1|6
|teamsize|p2|6
|start
|switch|p1a: Slowking|Slowking-Galar, M|100/100
|switch|p2a: Tinkaton|Tinkaton, F|100/100
|-ability|p2a: Tinkaton|Mold Breaker
|turn|1
|
|t:|1769352584
|move|p2a: Tinkaton|Stealth Rock|p1a: Slowking
|-sidestart|p1: GODKUD|move: Stealth Rock
|-prepare|p1a: Slowking|Chilly Reception|[premajor]
|move|p1a: Slowking|Chilly Reception|p1a: Slowking
|-weather|Snowscape
|
|t:|1769352590
|switch|p1a: Corviknight|Corviknight, M|100/100|[from] Chilly Reception
|-damage|p1a: Corviknight|88/100|[from] Stealth Rock
|-ability|p1a: Corviknight|Pressure
|
|-weather|Snowscape|[upkeep]
|upkeep
|turn|2
|
|t:|1769352601
|move|p2a: Tinkaton|Thunder Wave|p1a: Corviknight
|-status|p1a: Corviknight|par
|move|p1a: Corviknight|Defog|p2a: Tinkaton
|-unboost|p2a: Tinkaton|evasion|1
|-sideend|p1: GODKUD|Stealth Rock|[from] move: Defog|[of] p1a: Corviknight
|
|-weather|Snowscape|[upkeep]
|upkeep
|turn|3
|
|t:|1769352609
|move|p2a: Tinkaton|Stealth Rock|p1a: Corviknight
|-sidestart|p1: GODKUD|move: Stealth Rock
|move|p1a: Corviknight|Defog|p2a: Tinkaton
|-unboost|p2a: Tinkaton|evasion|1
|-sideend|p1: GODKUD|Stealth Rock|[from] move: Defog|[of] p1a: Corviknight
|
|-weather|Snowscape|[upkeep]
|upkeep
|turn|4
|
|t:|1769352615
|switch|p1a: Hydreigon|Hydreigon, F|100/100
|move|p2a: Tinkaton|Stealth Rock|p1a: Hydreigon
|-sidestart|p1: GODKUD|move: Stealth Rock
|
|-weather|Snowscape|[upkeep]
|upkeep
|turn|5
|
|t:|1769352622
|switch|p2a: Ting-Lu|Ting-Lu|100/100
|-ability|p2a: Ting-Lu|Vessel of Ruin
|move|p1a: Hydreigon|Earth Power|p2a: Ting-Lu
|-damage|p2a: Ting-Lu|82/100
|
|-weather|none
|-heal|p2a: Ting-Lu|88/100|[from] item: Leftovers
|upkeep
|turn|6
|
|t:|1769352630
|switch|p1a: Corviknight|Corviknight, M|88/100 par
|-damage|p1a: Corviknight|76/100 par|[from] Stealth Rock
|-ability|p1a: Corviknight|Pressure
|move|p2a: Ting-Lu|Spikes|p1a: Corviknight
|-sidestart|p1: GODKUD|Spikes
|
|-heal|p2a: Ting-Lu|95/100|[from] item: Leftovers
|upkeep
|turn|7
|
|t:|1769352636
|move|p2a: Ting-Lu|Ruination|p1a: Corviknight
|-damage|p1a: Corviknight|38/100 par
|cant|p1a: Corviknight|par
|
|-heal|p2a: Ting-Lu|100/100|[from] item: Leftovers
|upkeep
|turn|8
|
|t:|1769352640
|switch|p2a: Moltres|Moltres|100/100
|move|p1a: Corviknight|Roost|p1a: Corviknight
|-heal|p1a: Corviknight|88/100 par
|-singleturn|p1a: Corviknight|move: Roost
|
|upkeep
|turn|9
|
|t:|1769352646
|switch|p1a: Slowking|Slowking-Galar, M|100/100
|move|p2a: Moltres|Flamethrower|p1a: Slowking
|-damage|p1a: Slowking|79/100
|
|upkeep
|turn|10
|
|t:|1769352653
|switch|p2a: Gliscor|Gliscor, F|100/100
|move|p1a: Slowking|Future Sight|p2a: Gliscor
|-start|p1a: Slowking|move: Future Sight
|
|-status|p2a: Gliscor|tox|[from] item: Toxic Orb
|upkeep
|turn|11
|
|t:|1769352659
|switch|p1a: Corviknight|Corviknight, M|88/100 par
|-damage|p1a: Corviknight|76/100 par|[from] Stealth Rock
|-ability|p1a: Corviknight|Pressure
|move|p2a: Gliscor|Knock Off|p1a: Corviknight
|-damage|p1a: Corviknight|63/100 par
|-damage|p2a: Gliscor|84/100 tox|[from] item: Rocky Helmet|[of] p1a: Corviknight
|-enditem|p1a: Corviknight|Rocky Helmet|[from] move: Knock Off|[of] p2a: Gliscor
|
|-heal|p2a: Gliscor|97/100 tox|[from] ability: Poison Heal
|upkeep
|turn|12
|
|t:|1769352669
|switch|p2a: Ting-Lu|Ting-Lu|100/100
|-ability|p2a: Ting-Lu|Vessel of Ruin
|move|p1a: Corviknight|Defog|p2a: Ting-Lu
|-unboost|p2a: Ting-Lu|evasion|1
|-sideend|p1: GODKUD|Spikes|[from] move: Defog|[of] p1a: Corviknight
|-sideend|p1: GODKUD|Stealth Rock|[from] move: Defog|[of] p1a: Corviknight
|
|-end|p2a: Ting-Lu|move: Future Sight
|-immune|p2a: Ting-Lu
|upkeep
|turn|13
|
|t:|1769352678
|switch|p1a: Slowking|Slowking-Galar, M|100/100
|move|p2a: Ting-Lu|Spikes|p1a: Slowking
|-sidestart|p1: GODKUD|Spikes
|
|upkeep
|turn|14
|
|t:|1769352684
|switch|p2a: Slowking|Slowking-Galar, M|100/100
|move|p1a: Slowking|Toxic|p2a: Slowking
|-immune|p2a: Slowking
|
|upkeep
|turn|15
|
|t:|1769352701
|move|p2a: Slowking|Future Sight|p1a: Slowking
|-start|p2a: Slowking|move: Future Sight
|move|p1a: Slowking|Future Sight|p2a: Slowking
|-start|p1a: Slowking|move: Future Sight
|
|upkeep
|turn|16
|
|t:|1769352709
|-prepare|p2a: Slowking|Chilly Reception|[premajor]
|move|p2a: Slowking|Chilly Reception|p2a: Slowking
|-weather|Snowscape
|
|t:|1769352714
|switch|p2a: Ting-Lu|Ting-Lu|100/100|[from] Chilly Reception
|-ability|p2a: Ting-Lu|Vessel of Ruin
|move|p1a: Slowking|Sludge Bomb|p2a: Ting-Lu
|-resisted|p2a: Ting-Lu
|-damage|p2a: Ting-Lu|93/100
|
|-weather|Snowscape|[upkeep]
|-heal|p2a: Ting-Lu|99/100|[from] item: Leftovers
|upkeep
|turn|17
|
|t:|1769352723
|move|p2a: Ting-Lu|Earthquake|p1a: Slowking
|-supereffective|p1a: Slowking
|-crit|p1a: Slowking
|-damage|p1a: Slowking|0 fnt
|faint|p1a: Slowking
|
|-weather|Snowscape|[upkeep]
|-end|p2a: Ting-Lu|move: Future Sight
|-immune|p2a: Ting-Lu
|-hint|Future Sight did not hit because the target is fainted.
|-heal|p2a: Ting-Lu|100/100|[from] item: Leftovers
|upkeep
|
|t:|1769352736
|switch|p1a: Great Tusk|Great Tusk|100/100
|-damage|p1a: Great Tusk|88/100|[from] Spikes
|-enditem|p1a: Great Tusk|Booster Energy
|-activate|p1a: Great Tusk|ability: Protosynthesis|[fromitem]
|-start|p1a: Great Tusk|protosynthesisatk
|turn|18
|
|t:|1769352746
|switch|p2a: Moltres|Moltres|100/100
|move|p1a: Great Tusk|Stealth Rock|p2a: Moltres
|-sidestart|p2: Obling|move: Stealth Rock
|
|-weather|Snowscape|[upkeep]
|upkeep
|turn|19
|
|t:|1769352751
|move|p1a: Great Tusk|Rapid Spin|p2a: Moltres
|-damage|p2a: Moltres|80/100
|-boost|p1a: Great Tusk|spe|1
|-sideend|p1: GODKUD|Spikes|[from] move: Rapid Spin|[of] p1a: Great Tusk
|move|p2a: Moltres|Will-O-Wisp|p1a: Great Tusk
|-status|p1a: Great Tusk|brn
|
|-weather|Snowscape|[upkeep]
|-damage|p1a: Great Tusk|82/100 brn|[from] brn
|upkeep
|turn|20
|
|t:|1769352763
|move|p1a: Great Tusk|Ice Spinner|p2a: Moltres
|-damage|p2a: Moltres|61/100
|move|p2a: Moltres|Roar|p1a: Great Tusk
|-end|p1a: Great Tusk|Protosynthesis|[silent]
|drag|p1a: Corviknight|Corviknight, M|63/100 par
|-ability|p1a: Corviknight|Pressure
|
|-weather|none
|upkeep
|turn|21
|
|t:|1769352769
|switch|p1a: Hydreigon|Hydreigon, F|100/100
|move|p2a: Moltres|Roost|p2a: Moltres
|-heal|p2a: Moltres|100/100
|-singleturn|p2a: Moltres|move: Roost
|
|upkeep
|turn|22
|
|t:|1769352780
|move|p1a: Hydreigon|Draco Meteor|p2a: Moltres
|-damage|p2a: Moltres|32/100
|-unboost|p1a: Hydreigon|spa|2
|move|p2a: Moltres|Roar|p1a: Hydreigon
|drag|p1a: Ceruledge|Ceruledge, F|100/100
|
|upkeep
|turn|23
|
|t:|1769352789
|move|p1a: Ceruledge|Poltergeist|p2a: Moltres
|-activate|p2a: Moltres|move: Poltergeist|Heavy-Duty Boots
|-damage|p2a: Moltres|0 fnt
|faint|p2a: Moltres
|
|upkeep
|
|t:|1769352794
|switch|p2a: Ting-Lu|Ting-Lu|100/100
|-damage|p2a: Ting-Lu|94/100|[from] Stealth Rock
|-ability|p2a: Ting-Lu|Vessel of Ruin
|turn|24
|
|t:|1769352799
|switch|p1a: Primarina|Primarina, M|100/100
|move|p2a: Ting-Lu|Spikes|p1a: Primarina
|-sidestart|p1: GODKUD|Spikes
|
|-heal|p2a: Ting-Lu|100/100|[from] item: Leftovers
|upkeep
|turn|25
|
|t:|1769352805
|switch|p2a: Slowking|Slowking-Galar, M|100/100
|move|p1a: Primarina|Calm Mind|p1a: Primarina
|-boost|p1a: Primarina|spa|1
|-boost|p1a: Primarina|spd|1
|
|upkeep
|turn|26
|
|t:|1769352816
|move|p1a: Primarina|Psychic Noise|p2a: Slowking
|-damage|p2a: Slowking|72/100
|-start|p2a: Slowking|move: Heal Block
|move|p2a: Slowking|Toxic|p1a: Primarina
|-status|p1a: Primarina|tox
|
|-damage|p1a: Primarina|94/100 tox|[from] psn
|upkeep
|turn|27
|
|t:|1769352825
|move|p1a: Primarina|Calm Mind|p1a: Primarina
|-boost|p1a: Primarina|spa|1
|-boost|p1a: Primarina|spd|1
|-prepare|p2a: Slowking|Chilly Reception|[premajor]
|move|p2a: Slowking|Chilly Reception|p2a: Slowking
|-weather|Snowscape
|
|t:|1769352836
|switch|p2a: Tinkaton|Tinkaton, F|100/100|[from] Chilly Reception
|-ability|p2a: Tinkaton|Mold Breaker
|
|-weather|Snowscape|[upkeep]
|-heal|p1a: Primarina|100/100 tox|[from] item: Leftovers
|-damage|p1a: Primarina|88/100 tox|[from] psn
|upkeep
|turn|28
|
|t:|1769352841
|move|p2a: Tinkaton|Gigaton Hammer|p1a: Primarina
|-damage|p1a: Primarina|53/100 tox
|move|p1a: Primarina|Psychic Noise|p2a: Tinkaton
|-damage|p2a: Tinkaton|63/100
|-start|p2a: Tinkaton|move: Heal Block
|
|-weather|Snowscape|[upkeep]
|-heal|p1a: Primarina|59/100 tox|[from] item: Leftovers
|-damage|p1a: Primarina|41/100 tox|[from] psn
|upkeep
|turn|29
|
|t:|1769352847
|move|p2a: Tinkaton|Stealth Rock|p1a: Primarina
|-sidestart|p1: GODKUD|move: Stealth Rock
|move|p1a: Primarina|Psychic Noise|p2a: Tinkaton
|-damage|p2a: Tinkaton|22/100
|
|-weather|Snowscape|[upkeep]
|-heal|p1a: Primarina|47/100 tox|[from] item: Leftovers
|-damage|p1a: Primarina|23/100 tox|[from] psn
|-end|p2a: Tinkaton|move: Heal Block
|upkeep
|turn|30
|
|t:|1769352852
|move|p2a: Tinkaton|Gigaton Hammer|p1a: Primarina
|-damage|p1a: Primarina|0 fnt
|faint|p1a: Primarina
|
|-weather|Snowscape|[upkeep]
|upkeep
|
|t:|1769352855
|switch|p1a: Corviknight|Corviknight, M|63/100 par
|-damage|p1a: Corviknight|51/100 par|[from] Stealth Rock
|-ability|p1a: Corviknight|Pressure
|turn|31
|
|t:|1769352863
|move|p2a: Tinkaton|Knock Off|p1a: Corviknight
|-damage|p1a: Corviknight|43/100 par
|move|p1a: Corviknight|Defog|p2a: Tinkaton
|-unboost|p2a: Tinkaton|evasion|1
|-sideend|p2: Obling|Stealth Rock|[from] move: Defog|[of] p1a: Corviknight
|-sideend|p1: GODKUD|Spikes|[from] move: Defog|[of] p1a: Corviknight
|-sideend|p1: GODKUD|Stealth Rock|[from] move: Defog|[of] p1a: Corviknight
|
|-weather|none
|upkeep
|turn|32
|
|t:|1769352868
|move|p2a: Tinkaton|Stealth Rock|p1a: Corviknight
|-sidestart|p1: GODKUD|move: Stealth Rock
|cant|p1a: Corviknight|par
|
|upkeep
|turn|33
|
|t:|1769352877
|switch|p2a: Gliscor|Gliscor, F|97/100 tox
|cant|p1a: Corviknight|par
|
|-heal|p2a: Gliscor|100/100 tox|[from] ability: Poison Heal
|upkeep
|turn|34
|
|t:|1769352883
|move|p2a: Gliscor|Swords Dance|p2a: Gliscor
|-boost|p2a: Gliscor|atk|2
|move|p1a: Corviknight|Roost|p1a: Corviknight
|-heal|p1a: Corviknight|93/100 par
|-singleturn|p1a: Corviknight|move: Roost
|
|upkeep
|turn|35
|
|t:|1769352887
|move|p2a: Gliscor|Swords Dance|p2a: Gliscor
|-boost|p2a: Gliscor|atk|2
|cant|p1a: Corviknight|par
|
|upkeep
|turn|36
|
|t:|1769352892
|move|p2a: Gliscor|Swords Dance|p2a: Gliscor
|-boost|p2a: Gliscor|atk|2
|move|p1a: Corviknight|Defog|p2a: Gliscor
|-unboost|p2a: Gliscor|evasion|1
|-sideend|p1: GODKUD|Stealth Rock|[from] move: Defog|[of] p1a: Corviknight
|
|upkeep
|turn|37
|
|t:|1769352896
|move|p2a: Gliscor|Knock Off|p1a: Corviknight
|-damage|p1a: Corviknight|57/100 par
|move|p1a: Corviknight|U-turn|p2a: Gliscor
|-resisted|p2a: Gliscor
|-damage|p2a: Gliscor|96/100 tox
|
|t:|1769352902
|switch|p1a: Hydreigon|Hydreigon, F|100/100|[from] U-turn
|
|-heal|p2a: Gliscor|100/100 tox|[from] ability: Poison Heal
|upkeep
|turn|38
|
|t:|1769352906
|move|p2a: Gliscor|Protect|p2a: Gliscor
|-singleturn|p2a: Gliscor|Protect
|move|p1a: Hydreigon|Draco Meteor|p2a: Gliscor
|-activate|p2a: Gliscor|move: Protect
|
|upkeep
|turn|39
|
|t:|1769352915
|move|p1a: Hydreigon|Draco Meteor|p2a: Gliscor
|-damage|p2a: Gliscor|0 fnt
|-unboost|p1a: Hydreigon|spa|2
|faint|p2a: Gliscor
|
|upkeep
|
|t:|1769352922
|switch|p2a: Tinkaton|Tinkaton, F|22/100
|-ability|p2a: Tinkaton|Mold Breaker
|turn|40
|
|t:|1769352929
|switch|p1a: Great Tusk|Great Tusk|82/100 brn
|move|p2a: Tinkaton|Thunder Wave|p1a: Great Tusk
|-immune|p1a: Great Tusk
|
|-damage|p1a: Great Tusk|76/100 brn|[from] brn
|upkeep
|turn|41
|
|t:|1769352934
|move|p1a: Great Tusk|Stealth Rock|p2a: Tinkaton
|-sidestart|p2: Obling|move: Stealth Rock
|move|p2a: Tinkaton|Stealth Rock|p1a: Great Tusk
|-sidestart|p1: GODKUD|move: Stealth Rock
|
|-damage|p1a: Great Tusk|70/100 brn|[from] brn
|upkeep
|turn|42
|
|t:|1769352938
|move|p1a: Great Tusk|Rapid Spin|p2a: Tinkaton
|-resisted|p2a: Tinkaton
|-damage|p2a: Tinkaton|17/100
|-boost|p1a: Great Tusk|spe|1
|-sideend|p1: GODKUD|Stealth Rock|[from] move: Rapid Spin|[of] p1a: Great Tusk
|move|p2a: Tinkaton|Gigaton Hammer|p1a: Great Tusk
|-damage|p1a: Great Tusk|40/100 brn
|
|-damage|p1a: Great Tusk|34/100 brn|[from] brn
|upkeep
|turn|43
|
|t:|1769352944
|move|p1a: Great Tusk|Headlong Rush|p2a: Tinkaton
|-supereffective|p2a: Tinkaton
|-damage|p2a: Tinkaton|0 fnt
|-unboost|p1a: Great Tusk|def|1
|-unboost|p1a: Great Tusk|spd|1
|faint|p2a: Tinkaton
|
|-damage|p1a: Great Tusk|28/100 brn|[from] brn
|upkeep
|
|t:|1769352949
|switch|p2a: Ting-Lu|Ting-Lu|100/100
|-damage|p2a: Ting-Lu|94/100|[from] Stealth Rock
|-ability|p2a: Ting-Lu|Vessel of Ruin
|turn|44
|
|t:|1769352955
|-end|p1a: Great Tusk|Protosynthesis|[silent]
|switch|p1a: Corviknight|Corviknight, M|57/100 par
|-ability|p1a: Corviknight|Pressure
|move|p2a: Ting-Lu|Spikes|p1a: Corviknight
|-sidestart|p1: GODKUD|Spikes
|
|-heal|p2a: Ting-Lu|100/100|[from] item: Leftovers
|upkeep
|turn|45
|
|t:|1769352962
|move|p2a: Ting-Lu|Ruination|p1a: Corviknight
|-damage|p1a: Corviknight|29/100 par
|cant|p1a: Corviknight|par
|
|upkeep
|turn|46
|
|t:|1769352965
|move|p1a: Corviknight|Roost|p1a: Corviknight
|-heal|p1a: Corviknight|79/100 par
|-singleturn|p1a: Corviknight|move: Roost
|move|p2a: Ting-Lu|Whirlwind|p1a: Corviknight
|drag|p1a: Ceruledge|Ceruledge, F|100/100
|-damage|p1a: Ceruledge|88/100|[from] Spikes
|
|upkeep
|turn|47
|
|t:|1769352973
|switch|p1a: Corviknight|Corviknight, M|79/100 par
|-ability|p1a: Corviknight|Pressure
|move|p2a: Ting-Lu|Earthquake|p1a: Corviknight
|-immune|p1a: Corviknight
|
|upkeep
|turn|48
|
|t:|1769352979
|move|p1a: Corviknight|Defog|p2a: Ting-Lu
|-unboost|p2a: Ting-Lu|evasion|1
|-sideend|p2: Obling|Stealth Rock|[from] move: Defog|[of] p1a: Corviknight
|-sideend|p1: GODKUD|Spikes|[from] move: Defog|[of] p1a: Corviknight
|move|p2a: Ting-Lu|Whirlwind|p1a: Corviknight
|drag|p1a: Ceruledge|Ceruledge, F|88/100
|
|upkeep
|turn|49
|
|t:|1769352985
|switch|p1a: Corviknight|Corviknight, M|79/100 par
|-ability|p1a: Corviknight|Pressure
|move|p2a: Ting-Lu|Earthquake|p1a: Corviknight
|-immune|p1a: Corviknight
|
|upkeep
|turn|50
|
|t:|1769352992
|move|p2a: Ting-Lu|Spikes|p1a: Corviknight
|-sidestart|p1: GODKUD|Spikes
|move|p1a: Corviknight|U-turn|p2a: Ting-Lu
|-supereffective|p2a: Ting-Lu
|-damage|p2a: Ting-Lu|85/100
|
|t:|1769352998
|switch|p1a: Hydreigon|Hydreigon, F|100/100|[from] U-turn
|
|-heal|p2a: Ting-Lu|92/100|[from] item: Leftovers
|upkeep
|turn|51
|
|t:|1769353002
|move|p1a: Hydreigon|Draco Meteor|p2a: Ting-Lu
|-damage|p2a: Ting-Lu|48/100
|-unboost|p1a: Hydreigon|spa|2
|move|p2a: Ting-Lu|Ruination|p1a: Hydreigon
|-damage|p1a: Hydreigon|51/100
|
|-heal|p2a: Ting-Lu|55/100|[from] item: Leftovers
|upkeep
|turn|52
|
|t:|1769353008
|switch|p1a: Corviknight|Corviknight, M|79/100 par
|-ability|p1a: Corviknight|Pressure
|move|p2a: Ting-Lu|Spikes|p1a: Corviknight
|-sidestart|p1: GODKUD|Spikes
|
|-heal|p2a: Ting-Lu|61/100|[from] item: Leftovers
|upkeep
|turn|53
|
|t:|1769353014
|move|p1a: Corviknight|Defog|p2a: Ting-Lu
|-unboost|p2a: Ting-Lu|evasion|1
|-sideend|p1: GODKUD|Spikes|[from] move: Defog|[of] p1a: Corviknight
|move|p2a: Ting-Lu|Whirlwind|p1a: Corviknight
|drag|p1a: Ceruledge|Ceruledge, F|88/100
|
|-heal|p2a: Ting-Lu|67/100|[from] item: Leftovers
|upkeep
|turn|54
|
|t:|1769353022
|move|p1a: Ceruledge|Bitter Blade|p2a: Ting-Lu
|-damage|p2a: Ting-Lu|39/100
|-heal|p1a: Ceruledge|100/100|[from] drain|[of] p2a: Ting-Lu
|move|p2a: Ting-Lu|Spikes|p1a: Ceruledge
|-sidestart|p1: GODKUD|Spikes
|
|-heal|p2a: Ting-Lu|45/100|[from] item: Leftovers
|upkeep
|turn|55
|
|t:|1769353033
|switch|p1a: Corviknight|Corviknight, M|79/100 par
|-ability|p1a: Corviknight|Pressure
|move|p2a: Ting-Lu|Earthquake|p1a: Corviknight
|-immune|p1a: Corviknight
|
|-heal|p2a: Ting-Lu|51/100|[from] item: Leftovers
|upkeep
|turn|56
|
|t:|1769353042
|switch|p2a: Slowking|Slowking-Galar, M|100/100
|move|p1a: Corviknight|Defog|p2a: Slowking
|-unboost|p2a: Slowking|evasion|1
|-sideend|p1: GODKUD|Spikes|[from] move: Defog|[of] p1a: Corviknight
|
|upkeep
|turn|57
|
|t:|1769353051
|move|p1a: Corviknight|U-turn|p2a: Slowking
|-damage|p2a: Slowking|86/100
|
|t:|1769353053
|switch|p1a: Great Tusk|Great Tusk|28/100 brn|[from] U-turn
|move|p2a: Slowking|Future Sight|p1a: Great Tusk
|-start|p2a: Slowking|move: Future Sight
|
|-damage|p1a: Great Tusk|22/100 brn|[from] brn
|upkeep
|turn|58
|
|t:|1769353059
|switch|p2a: Sinistcha|Sinistcha|100/100
|move|p1a: Great Tusk|Stealth Rock|p2a: Sinistcha
|-sidestart|p2: Obling|move: Stealth Rock
|
|-damage|p1a: Great Tusk|15/100 brn|[from] brn
|upkeep
|turn|59
|
|t:|1769353067
|-end|p1a: Great Tusk|Protosynthesis|[silent]
|switch|p1a: Hydreigon|Hydreigon, F|51/100
|move|p2a: Sinistcha|Calm Mind|p2a: Sinistcha
|-boost|p2a: Sinistcha|spa|1
|-boost|p2a: Sinistcha|spd|1
|
|-end|p1a: Hydreigon|move: Future Sight
|-immune|p1a: Hydreigon
|upkeep
|turn|60
|
|t:|1769353073
|switch|p2a: Slowking|Slowking-Galar, M|100/100
|move|p1a: Hydreigon|Dark Pulse|p2a: Slowking
|-supereffective|p2a: Slowking
|-damage|p2a: Slowking|27/100
|
|upkeep
|turn|61
|
|t:|1769353076
|move|p1a: Hydreigon|Dark Pulse|p2a: Slowking
|-supereffective|p2a: Slowking
|-damage|p2a: Slowking|0 fnt
|faint|p2a: Slowking
|
|upkeep
|
|t:|1769353078
|switch|p2a: Ting-Lu|Ting-Lu|51/100
|-damage|p2a: Ting-Lu|45/100|[from] Stealth Rock
|-ability|p2a: Ting-Lu|Vessel of Ruin
|turn|62
|
|t:|1769353081
|switch|p1a: Corviknight|Corviknight, M|79/100 par
|-ability|p1a: Corviknight|Pressure
|move|p2a: Ting-Lu|Spikes|p1a: Corviknight
|-sidestart|p1: GODKUD|Spikes
|
|-heal|p2a: Ting-Lu|51/100|[from] item: Leftovers
|upkeep
|turn|63
|
|t:|1769353086
|move|p1a: Corviknight|Defog|p2a: Ting-Lu
|-unboost|p2a: Ting-Lu|evasion|1
|-sideend|p2: Obling|Stealth Rock|[from] move: Defog|[of] p1a: Corviknight
|-sideend|p1: GODKUD|Spikes|[from] move: Defog|[of] p1a: Corviknight
|move|p2a: Ting-Lu|Whirlwind|p1a: Corviknight
|drag|p1a: Ceruledge|Ceruledge, F|100/100
|
|-heal|p2a: Ting-Lu|58/100|[from] item: Leftovers
|upkeep
|turn|64
|
|t:|1769353094
|switch|p1a: Corviknight|Corviknight, M|79/100 par
|-ability|p1a: Corviknight|Pressure
|move|p2a: Ting-Lu|Earthquake|p1a: Corviknight
|-immune|p1a: Corviknight
|
|-heal|p2a: Ting-Lu|64/100|[from] item: Leftovers
|upkeep
|turn|65
|
|t:|1769353103
|move|p2a: Ting-Lu|Spikes|p1a: Corviknight
|-sidestart|p1: GODKUD|Spikes
|move|p1a: Corviknight|Brave Bird|p2a: Ting-Lu
|-damage|p2a: Ting-Lu|42/100
|-damage|p1a: Corviknight|70/100 par|[from] Recoil
|
|-heal|p2a: Ting-Lu|48/100|[from] item: Leftovers
|upkeep
|turn|66
|
|t:|1769353110
|move|p1a: Corviknight|Defog|p2a: Ting-Lu
|-unboost|p2a: Ting-Lu|evasion|1
|-sideend|p1: GODKUD|Spikes|[from] move: Defog|[of] p1a: Corviknight
|move|p2a: Ting-Lu|Whirlwind|p1a: Corviknight
|drag|p1a: Hydreigon|Hydreigon, F|51/100
|
|-heal|p2a: Ting-Lu|55/100|[from] item: Leftovers
|upkeep
|turn|67
|
|t:|1769353117
|move|p1a: Hydreigon|Draco Meteor|p2a: Ting-Lu
|-damage|p2a: Ting-Lu|17/100
|-unboost|p1a: Hydreigon|spa|2
|move|p2a: Ting-Lu|Spikes|p1a: Hydreigon
|-sidestart|p1: GODKUD|Spikes
|
|-heal|p2a: Ting-Lu|23/100|[from] item: Leftovers
|upkeep
|turn|68
|
|t:|1769353123
|switch|p1a: Corviknight|Corviknight, M|70/100 par
|-ability|p1a: Corviknight|Pressure
|move|p2a: Ting-Lu|Whirlwind|p1a: Corviknight
|drag|p1a: Ceruledge|Ceruledge, F|100/100
|-damage|p1a: Ceruledge|88/100|[from] Spikes
|
|-heal|p2a: Ting-Lu|29/100|[from] item: Leftovers
|upkeep
|turn|69
|
|t:|1769353129
|switch|p1a: Corviknight|Corviknight, M|70/100 par
|-ability|p1a: Corviknight|Pressure
|move|p2a: Ting-Lu|Earthquake|p1a: Corviknight
|-immune|p1a: Corviknight
|
|-heal|p2a: Ting-Lu|35/100|[from] item: Leftovers
|upkeep
|turn|70
|
|t:|1769353134
|cant|p1a: Corviknight|par
|move|p2a: Ting-Lu|Whirlwind|p1a: Corviknight
|drag|p1a: Hydreigon|Hydreigon, F|51/100
|
|-heal|p2a: Ting-Lu|42/100|[from] item: Leftovers
|upkeep
|turn|71
|
|t:|1769353139
|move|p1a: Hydreigon|Draco Meteor|p2a: Ting-Lu
|-damage|p2a: Ting-Lu|1/100
|-unboost|p1a: Hydreigon|spa|2
|move|p2a: Ting-Lu|Spikes|p1a: Hydreigon
|-sidestart|p1: GODKUD|Spikes
|
|-heal|p2a: Ting-Lu|7/100|[from] item: Leftovers
|upkeep
|turn|72
|
|t:|1769353144
|switch|p1a: Corviknight|Corviknight, M|70/100 par
|-ability|p1a: Corviknight|Pressure
|move|p2a: Ting-Lu|Whirlwind|p1a: Corviknight
|drag|p1a: Ceruledge|Ceruledge, F|88/100
|-damage|p1a: Ceruledge|72/100|[from] Spikes
|
|-heal|p2a: Ting-Lu|14/100|[from] item: Leftovers
|upkeep
|turn|73
|
|t:|1769353151
|move|p1a: Ceruledge|Bitter Blade|p2a: Ting-Lu
|-damage|p2a: Ting-Lu|0 fnt
|-heal|p1a: Ceruledge|83/100|[from] drain|[of] p2a: Ting-Lu
|faint|p2a: Ting-Lu
|
|upkeep
|
|t:|1769353153
|switch|p2a: Sinistcha|Sinistcha|100/100
|turn|74
|
|t:|1769353156
|switch|p1a: Hydreigon|Hydreigon, F|51/100
|-terastallize|p2a: Sinistcha|Poison
|move|p2a: Sinistcha|Calm Mind|p2a: Sinistcha
|-boost|p2a: Sinistcha|spa|1
|-boost|p2a: Sinistcha|spd|1
|
|upkeep
|turn|75
|
|t:|1769353166
|move|p1a: Hydreigon|Earth Power|p2a: Sinistcha
|-supereffective|p2a: Sinistcha
|-damage|p2a: Sinistcha|33/100
|move|p2a: Sinistcha|Strength Sap|p1a: Hydreigon
|-unboost|p1a: Hydreigon|atk|1
|-heal|p2a: Sinistcha|89/100
|
|upkeep
|turn|76
|
|t:|1769353175
|move|p1a: Hydreigon|Earth Power|p2a: Sinistcha
|-supereffective|p2a: Sinistcha
|-damage|p2a: Sinistcha|20/100
|move|p2a: Sinistcha|Calm Mind|p2a: Sinistcha
|-boost|p2a: Sinistcha|spa|1
|-boost|p2a: Sinistcha|spd|1
|
|upkeep
|turn|77
|-message|Obling forfeited.
|
|win|GODKUD
|raw|GODKUD's rating: 1705 &rarr; <strong>1727</strong><br />(+22 for winning)
|raw|Obling's rating: 1736 &rarr; <strong>1714</strong><br />(-22 for losing)
|l|☆Obling
|player|p2|
|l|☆GODKUD
|player|p1|
