|j|‽Kettlegrapes
|j|☆Yaoshi
|t:|1769403403
|gametype|singles
|player|p1|Kettlegrapes|102|1553
|player|p2|Yaoshi|silver-masters|1570
|gen|9
|tier|[Gen 9] OU
|rated|
|rule|HP Percentage Mod: HP is shown in percentages
|rule|Endless Battle Clause: Forcing endless battles is banned
|rule|Species Clause: Limit one of each Pokémon
|rule|OHKO Clause: OHKO moves are banned
|rule|Evasion Items Clause: Evasion items are banned
|rule|Evasion Moves Clause: Evasion moves are banned
|rule|Evasion Abilities Clause: Evasion abilities are banned
|rule|Sleep Moves Clause: Sleep-inducing moves are banned
|clearpoke
|poke|p1|Tinkaton, F|
|poke|p1|Ogerpon, F|
|poke|p1|Great Tusk|
|poke|p1|Pecharunt|
|poke|p1|Alomomola, M|
|poke|p1|Hydreigon, M|
|poke|p2|Cinderace, F|
|poke|p2|Dragonite, F|
|poke|p2|Iron Valiant|
|poke|p2|Snorlax, F|
|poke|p2|Primarina, F|
|poke|p2|Skarmory, F|
|teampreview
|inactive|Battle timer is ON: inactive players will automatically lose when time's up. (requested by Yaoshi)
|
|t:|1769403431
|teamsize|p1|6
|teamsize|p2|6
|start
|switch|p1a: Alomomola|Alomomola, M, shiny|100/100
|switch|p2a: One Hit Wonder|Cinderace, F|100/100
|turn|1
|
|t:|1769403436
|switch|p2a: Ayami Sato|Primarina, F, shiny|100/100
|move|p1a: Alomomola|Flip Turn|p2a: Ayami Sato
|-resisted|p2a: Ayami Sato
|-damage|p2a: Ayami Sato|94/100
|
|t:|1769403453
|switch|p1a: Tinkaton|Tinkaton, F, shiny|100/100|[from] Flip Turn
|-item|p1a: Tinkaton|Air Balloon
|
|-heal|p2a: Ayami Sato|99/100|[from] item: Leftovers
|upkeep
|turn|2
|
|t:|1769403457
|move|p1a: Tinkaton|Stealth Rock|p2a: Ayami Sato
|-sidestart|p2: Yaoshi|move: Stealth Rock
|move|p2a: Ayami Sato|Psychic Noise|p1a: Tinkaton
|-damage|p1a: Tinkaton|65/100
|-start|p1a: Tinkaton|move: Heal Block
|-enditem|p1a: Tinkaton|Air Balloon
|
|-heal|p2a: Ayami Sato|100/100|[from] item: Leftovers
|upkeep
|turn|3
|
|t:|1769403473
|switch|p1a: Alomomola|Alomomola, M, shiny|100/100
|move|p2a: Ayami Sato|Psychic Noise|p1a: Alomomola
|-resisted|p1a: Alomomola
|-damage|p1a: Alomomola|92/100
|-start|p1a: Alomomola|move: Heal Block
|
|upkeep
|turn|4
|
|t:|1769403478
|move|p2a: Ayami Sato|Calm Mind|p2a: Ayami Sato
|-boost|p2a: Ayami Sato|spa|1
|-boost|p2a: Ayami Sato|spd|1
|move|p1a: Alomomola|Flip Turn|p2a: Ayami Sato
|-resisted|p2a: Ayami Sato
|-damage|p2a: Ayami Sato|93/100
|
|t:|1769403480
|switch|p1a: Tinkaton|Tinkaton, F, shiny|65/100|[from] Flip Turn
|
|-heal|p2a: Ayami Sato|99/100|[from] item: Leftovers
|upkeep
|turn|5
|
|t:|1769403485
|switch|p2a: Babe Ruth|Iron Valiant, shiny|100/100
|-damage|p2a: Babe Ruth|94/100|[from] Stealth Rock
|-enditem|p2a: Babe Ruth|Booster Energy
|-activate|p2a: Babe Ruth|ability: Quark Drive|[fromitem]
|-start|p2a: Babe Ruth|quarkdrivespe
|move|p1a: Tinkaton|Encore||[still]
|-fail|p1a: Tinkaton
|
|upkeep
|turn|6
|
|t:|1769403495
|move|p2a: Babe Ruth|Encore||[still]
|-fail|p2a: Babe Ruth
|move|p1a: Tinkaton|Gigaton Hammer|p2a: Babe Ruth
|-supereffective|p2a: Babe Ruth
|-damage|p2a: Babe Ruth|0 fnt
|faint|p2a: Babe Ruth
|-end|p2a: Babe Ruth|Quark Drive|[silent]
|
|upkeep
|c|☆Yaoshi|was curious ngl
|
|t:|1769403508
|switch|p2a: One Hit Wonder|Cinderace, F|100/100
|turn|7
|
|t:|1769403514
|switch|p1a: Alomomola|Alomomola, M, shiny|100/100
|move|p2a: One Hit Wonder|Court Change|p2a: One Hit Wonder
|-start|p2a: One Hit Wonder|typechange|Normal|[from] ability: Libero
|-swapsideconditions
|-activate|p2a: One Hit Wonder|move: Court Change
|
|upkeep
|turn|8
|
|t:|1769403522
|switch|p2a: Ayami Sato|Primarina, F, shiny|99/100
|move|p1a: Alomomola|Flip Turn|p2a: Ayami Sato
|-resisted|p2a: Ayami Sato
|-damage|p2a: Ayami Sato|93/100
|
|t:|1769403527
|switch|p1a: Ogerpon|Ogerpon, F|100/100|[from] Flip Turn
|-damage|p1a: Ogerpon|88/100|[from] Stealth Rock
|
|-heal|p2a: Ayami Sato|99/100|[from] item: Leftovers
|upkeep
|turn|9
|
|t:|1769403537
|switch|p2a: Oz Smith|Skarmory, F, shiny|100/100
|move|p1a: Ogerpon|U-turn|p2a: Oz Smith
|-resisted|p2a: Oz Smith
|-damage|p2a: Oz Smith|95/100
|-damage|p1a: Ogerpon|72/100|[from] item: Rocky Helmet|[of] p2a: Oz Smith
|
|t:|1769403549
|switch|p1a: Pecharunt|Pecharunt|100/100|[from] U-turn
|-damage|p1a: Pecharunt|88/100|[from] Stealth Rock
|
|upkeep
|turn|10
|
|t:|1769403556
|move|p1a: Pecharunt|Shadow Ball|p2a: Oz Smith
|-damage|p2a: Oz Smith|62/100
|move|p2a: Oz Smith|Body Press|p1a: Pecharunt
|-immune|p1a: Pecharunt
|
|upkeep
|turn|11
|
|t:|1769403563
|switch|p2a: One Hit Wonder|Cinderace, F|100/100
|move|p1a: Pecharunt|Shadow Ball|p2a: One Hit Wonder
|-damage|p2a: One Hit Wonder|63/100
|
|upkeep
|turn|12
|
|t:|1769403570
|move|p2a: One Hit Wonder|Zen Headbutt|p1a: Pecharunt
|-start|p2a: One Hit Wonder|typechange|Psychic|[from] ability: Libero
|-supereffective|p1a: Pecharunt
|-damage|p1a: Pecharunt|52/100
|-damage|p2a: One Hit Wonder|47/100|[from] item: Rocky Helmet|[of] p1a: Pecharunt
|cant|p1a: Pecharunt|flinch
|
|upkeep
|turn|13
|
|t:|1769403586
|move|p2a: One Hit Wonder|Zen Headbutt|p1a: Pecharunt
|-supereffective|p1a: Pecharunt
|-damage|p1a: Pecharunt|15/100
|-damage|p2a: One Hit Wonder|30/100|[from] item: Rocky Helmet|[of] p1a: Pecharunt
|move|p1a: Pecharunt|Recover|p1a: Pecharunt
|-heal|p1a: Pecharunt|65/100
|
|upkeep
|turn|14
|
|t:|1769403592
|move|p2a: One Hit Wonder|Zen Headbutt|p1a: Pecharunt
|-supereffective|p1a: Pecharunt
|-damage|p1a: Pecharunt|26/100
|-damage|p2a: One Hit Wonder|14/100|[from] item: Rocky Helmet|[of] p1a: Pecharunt
|cant|p1a: Pecharunt|flinch
|
|upkeep
|turn|15
|
|t:|1769403600
|switch|p1a: Alomomola|Alomomola, M, shiny|100/100
|-damage|p1a: Alomomola|88/100|[from] Stealth Rock
|move|p2a: One Hit Wonder|Zen Headbutt|p1a: Alomomola
|-damage|p1a: Alomomola|54/100
|
|upkeep
|turn|16
|
|t:|1769403605
|move|p2a: One Hit Wonder|Zen Headbutt|p1a: Alomomola
|-damage|p1a: Alomomola|24/100
|move|p1a: Alomomola|Flip Turn|p2a: One Hit Wonder
|-crit|p2a: One Hit Wonder
|-damage|p2a: One Hit Wonder|0 fnt
|faint|p2a: One Hit Wonder
|
|t:|1769403612
|switch|p1a: Great Tusk|Great Tusk, shiny|100/100|[from] Flip Turn
|
|upkeep
|inactive|Yaoshi has 120 seconds left.
|
|t:|1769403651
|switch|p2a: Ayami Sato|Primarina, F, shiny|99/100
|turn|17
|
|t:|1769403664
|-end|p1a: Great Tusk|Protosynthesis|[silent]
|switch|p1a: Tinkaton|Tinkaton, F, shiny|65/100
|-damage|p1a: Tinkaton|59/100|[from] Stealth Rock
|move|p2a: Ayami Sato|Psychic Noise|p1a: Tinkaton
|-damage|p1a: Tinkaton|28/100
|-start|p1a: Tinkaton|move: Heal Block
|
|-heal|p2a: Ayami Sato|100/100|[from] item: Leftovers
|upkeep
|turn|18
|
|t:|1769403677
|move|p1a: Tinkaton|Stealth Rock|p2a: Ayami Sato
|-sidestart|p2: Yaoshi|move: Stealth Rock
|move|p2a: Ayami Sato|Psychic Noise|p1a: Tinkaton
|-damage|p1a: Tinkaton|0 fnt
|faint|p1a: Tinkaton
|
|upkeep
|
|t:|1769403689
|switch|p1a: Ogerpon|Ogerpon, F|72/100
|-damage|p1a: Ogerpon|59/100|[from] Stealth Rock
|turn|19
|
|t:|1769403714
|switch|p2a: Oz Smith|Skarmory, F, shiny|62/100
|-damage|p2a: Oz Smith|50/100|[from] Stealth Rock
|move|p1a: Ogerpon|Knock Off|p2a: Oz Smith
|-damage|p2a: Oz Smith|23/100
|-damage|p1a: Ogerpon|43/100|[from] item: Rocky Helmet|[of] p2a: Oz Smith
|-enditem|p2a: Oz Smith|Rocky Helmet|[from] move: Knock Off|[of] p1a: Ogerpon
|
|upkeep
|turn|20
|
|t:|1769403723
|switch|p1a: Great Tusk|Great Tusk, shiny|100/100
|move|p2a: Oz Smith|Roost|p2a: Oz Smith
|-heal|p2a: Oz Smith|73/100
|-singleturn|p2a: Oz Smith|move: Roost
|
|upkeep
|turn|21
|inactive|Yaoshi has 120 seconds left.
|
|t:|1769403754
|-end|p1a: Great Tusk|Protosynthesis|[silent]
|switch|p1a: Pecharunt|Pecharunt|26/100
|-damage|p1a: Pecharunt|13/100|[from] Stealth Rock
|move|p2a: Oz Smith|Roost|p2a: Oz Smith
|-heal|p2a: Oz Smith|100/100
|-singleturn|p2a: Oz Smith|move: Roost
|
|upkeep
|turn|22
|inactive|Yaoshi has 120 seconds left.
|
|t:|1769403769
|move|p1a: Pecharunt|Recover|p1a: Pecharunt
|-heal|p1a: Pecharunt|64/100
|move|p2a: Oz Smith|Brave Bird|p1a: Pecharunt
|-damage|p1a: Pecharunt|49/100
|-damage|p2a: Oz Smith|84/100|[from] item: Rocky Helmet|[of] p1a: Pecharunt
|-damage|p2a: Oz Smith|78/100|[from] Recoil
|
|upkeep
|turn|23
|
|t:|1769403774
|move|p1a: Pecharunt|Recover|p1a: Pecharunt
|-heal|p1a: Pecharunt|99/100
|move|p2a: Oz Smith|Whirlwind|p1a: Pecharunt
|drag|p1a: Hydreigon|Hydreigon, M, shiny|100/100
|-damage|p1a: Hydreigon|88/100|[from] Stealth Rock
|
|upkeep
|turn|24
|inactive|Yaoshi has 120 seconds left.
|
|t:|1769403792
|move|p1a: Hydreigon|Dark Pulse|p2a: Oz Smith
|-damage|p2a: Oz Smith|0 fnt
|faint|p2a: Oz Smith
|
|upkeep
|
|t:|1769403796
|switch|p2a: Ayami Sato|Primarina, F, shiny|100/100
|-damage|p2a: Ayami Sato|88/100|[from] Stealth Rock
|turn|25
|
|t:|1769403800
|switch|p1a: Alomomola|Alomomola, M, shiny|57/100
|-damage|p1a: Alomomola|44/100|[from] Stealth Rock
|move|p2a: Ayami Sato|Calm Mind|p2a: Ayami Sato
|-boost|p2a: Ayami Sato|spa|1
|-boost|p2a: Ayami Sato|spd|1
|
|-heal|p2a: Ayami Sato|94/100|[from] item: Leftovers
|upkeep
|turn|26
|inactive|Yaoshi has 120 seconds left.
|
|t:|1769403833
|move|p2a: Ayami Sato|Calm Mind|p2a: Ayami Sato
|-boost|p2a: Ayami Sato|spa|1
|-boost|p2a: Ayami Sato|spd|1
|move|p1a: Alomomola|Flip Turn|p2a: Ayami Sato
|-resisted|p2a: Ayami Sato
|-damage|p2a: Ayami Sato|87/100
|
|t:|1769403835
|switch|p1a: Ogerpon|Ogerpon, F|43/100|[from] Flip Turn
|-damage|p1a: Ogerpon|30/100|[from] Stealth Rock
|
|-heal|p2a: Ayami Sato|93/100|[from] item: Leftovers
|upkeep
|turn|27
|inactive|Yaoshi has 120 seconds left.
|
|t:|1769403853
|-terastallize|p2a: Ayami Sato|Poison
|move|p1a: Ogerpon|U-turn|p2a: Ayami Sato
|-resisted|p2a: Ayami Sato
|-damage|p2a: Ayami Sato|80/100
|
|t:|1769403860
|switch|p1a: Alomomola|Alomomola, M, shiny|78/100|[from] U-turn
|-damage|p1a: Alomomola|65/100|[from] Stealth Rock
|move|p2a: Ayami Sato|Draining Kiss|p1a: Alomomola
|-damage|p1a: Alomomola|44/100
|-heal|p2a: Ayami Sato|100/100|[from] drain|[of] p1a: Alomomola
|
|upkeep
|turn|28
|inactive|Yaoshi has 120 seconds left.
|
|t:|1769403899
|move|p2a: Ayami Sato|Calm Mind|p2a: Ayami Sato
|-boost|p2a: Ayami Sato|spa|1
|-boost|p2a: Ayami Sato|spd|1
|move|p1a: Alomomola|Mirror Coat||[still]
|-fail|p1a: Alomomola
|
|upkeep
|turn|29
|
|t:|1769403908
|move|p2a: Ayami Sato|Calm Mind|p2a: Ayami Sato
|-boost|p2a: Ayami Sato|spa|1
|-boost|p2a: Ayami Sato|spd|1
|move|p1a: Alomomola|Flip Turn|p2a: Ayami Sato
|-damage|p2a: Ayami Sato|87/100
|
|t:|1769403909
|switch|p1a: Great Tusk|Great Tusk, shiny|100/100|[from] Flip Turn
|
|-heal|p2a: Ayami Sato|93/100|[from] item: Leftovers
|upkeep
|turn|30
|
|t:|1769403914
|move|p1a: Great Tusk|Headlong Rush|p2a: Ayami Sato
|-supereffective|p2a: Ayami Sato
|-damage|p2a: Ayami Sato|0 fnt
|-unboost|p1a: Great Tusk|def|1
|-unboost|p1a: Great Tusk|spd|1
|faint|p2a: Ayami Sato
|
|upkeep
|
|t:|1769403917
|switch|p2a: Homerun|Snorlax, F, shiny|100/100
|-damage|p2a: Homerun|88/100|[from] Stealth Rock
|turn|31
|
|t:|1769403922
|move|p1a: Great Tusk|Close Combat|p2a: Homerun
|-supereffective|p2a: Homerun
|-damage|p2a: Homerun|0 fnt
|-unboost|p1a: Great Tusk|def|1
|-unboost|p1a: Great Tusk|spd|1
|faint|p2a: Homerun
|
|upkeep
|
|t:|1769403929
|switch|p2a: Ohtani|Dragonite, F|100/100
|-damage|p2a: Ohtani|76/100|[from] Stealth Rock
|turn|32
|
|t:|1769403932
|move|p2a: Ohtani|Extreme Speed|p1a: Great Tusk
|-damage|p1a: Great Tusk|30/100
|move|p1a: Great Tusk|Ice Spinner|p2a: Ohtani
|-supereffective|p2a: Ohtani
|-damage|p2a: Ohtani|0 fnt
|faint|p2a: Ohtani
|
|win|Kettlegrapes
|raw|Kettlegrapes's rating: 1553 &rarr; <strong>1575</strong><br />(+22 for winning)
|raw|Yaoshi's rating: 1586 &rarr; <strong>1564</strong><br />(-22 for losing)
|l|☆Yaoshi
|player|p2|
|l|‽Kettlegrapes
|player|p1|
