|badge|p1|bronze|gen9ou|100-8
|uhtml|medal-msg|<div class="broadcast-blue">Curious what those medals under the avatar are? PS now has Ladder Seasons! For more information, check out the <a href="https://www.smogon.com/forums/threads/3740067/">thread on Smogon.</a></div>
|j|☆Eel56
|j|☆wugui2026
|t:|1769405772
|gametype|singles
|player|p1|Eel56|1|1807
|player|p2|wugui2026|266|1566
|gen|9
|tier|[Gen 9] OU
|rated|
|rule|HP Percentage Mod: HP is shown in percentages
|rule|Endless Battle Clause: Forcing endless battles is banned
|rule|Species Clause: Limit one of each Pokémon
|rule|OHKO Clause: OHKO moves are banned
|rule|Evasion Items Clause: Evasion items are banned
|rule|Evasion Moves Clause: Evasion moves are banned
|rule|Evasion Abilities Clause: Evasion abilities are banned
|rule|Sleep Moves Clause: Sleep-inducing moves are banned
|clearpoke
|poke|p1|Pecharunt|
|poke|p1|Kingambit, F|
|poke|p1|Volcanion|
|poke|p1|Iron Valiant|
|poke|p1|Landorus-Therian, M|
|poke|p1|Deoxys-Speed|
|poke|p2|Serperior, F|
|poke|p2|Samurott-Hisui, M|
|poke|p2|Iron Treads|
|poke|p2|Gholdengo|
|poke|p2|Moltres|
|poke|p2|Dragonite, F|
|teampreview
|
|t:|1769405781
|teamsize|p1|6
|teamsize|p2|6
|start
|switch|p1a: Deoxys|Deoxys-Speed|100/100
|switch|p2a: Samurott|Samurott-Hisui, M|100/100
|-ability|p1a: Deoxys|Pressure
|turn|1
|
|t:|1769405786
|move|p1a: Deoxys|Superpower|p2a: Samurott
|-supereffective|p2a: Samurott
|-damage|p2a: Samurott|30/100
|-unboost|p1a: Deoxys|atk|1
|-unboost|p1a: Deoxys|def|1
|-enditem|p1a: Deoxys|Eject Pack
|
|t:|1769405794
|switch|p1a: Landorus|Landorus-Therian, M|100/100
|-ability|p1a: Landorus|Intimidate|boost
|-unboost|p2a: Samurott|atk|1
|move|p2a: Samurott|Ceaseless Edge|p1a: Landorus
|-damage|p1a: Landorus|72/100
|-damage|p2a: Samurott|14/100|[from] item: Rocky Helmet|[of] p1a: Landorus
|-sidestart|p1: Eel56|Spikes
|
|upkeep
|turn|2
|
|t:|1769405805
|switch|p2a: Moltres|Moltres|100/100
|move|p1a: Landorus|Stealth Rock|p2a: Moltres
|-sidestart|p2: wugui2026|move: Stealth Rock
|
|upkeep
|turn|3
|
|t:|1769405815
|switch|p1a: Volcanion|Volcanion|100/100
|-damage|p1a: Volcanion|88/100|[from] Spikes
|move|p2a: Moltres|Will-O-Wisp|p1a: Volcanion
|-immune|p1a: Volcanion
|
|-heal|p1a: Volcanion|94/100|[from] item: Leftovers
|upkeep
|turn|4
|
|t:|1769405831
|-terastallize|p2a: Moltres|Grass
|move|p1a: Volcanion|Steam Eruption|p2a: Moltres
|-resisted|p2a: Moltres
|-damage|p2a: Moltres|75/100
|move|p2a: Moltres|Hurricane|p1a: Volcanion
|-damage|p1a: Volcanion|43/100
|
|-heal|p1a: Volcanion|49/100|[from] item: Leftovers
|upkeep
|turn|5
|
|t:|1769405841
|move|p1a: Volcanion|Flamethrower|p2a: Moltres
|-supereffective|p2a: Moltres
|-damage|p2a: Moltres|0 fnt
|faint|p2a: Moltres
|
|-heal|p1a: Volcanion|55/100|[from] item: Leftovers
|upkeep
|
|t:|1769405848
|switch|p2a: Iron Treads|Iron Treads|100/100
|-damage|p2a: Iron Treads|97/100|[from] Stealth Rock
|-item|p2a: Iron Treads|Air Balloon
|turn|6
|
|t:|1769405862
|move|p2a: Iron Treads|Earthquake|p1a: Volcanion
|-supereffective|p1a: Volcanion
|-damage|p1a: Volcanion|0 fnt
|faint|p1a: Volcanion
|
|upkeep
|
|t:|1769405885
|switch|p1a: Deoxys|Deoxys-Speed|100/100
|-damage|p1a: Deoxys|88/100|[from] Spikes
|-ability|p1a: Deoxys|Pressure
|turn|7
|
|t:|1769405891
|-end|p2a: Iron Treads|Quark Drive|[silent]
|switch|p2a: Gholdengo|Gholdengo|100/100
|-damage|p2a: Gholdengo|94/100|[from] Stealth Rock
|-item|p2a: Gholdengo|Air Balloon
|move|p1a: Deoxys|Knock Off|p2a: Gholdengo
|-supereffective|p2a: Gholdengo
|-damage|p2a: Gholdengo|58/100
|-enditem|p2a: Gholdengo|Air Balloon
|
|upkeep
|turn|8
|
|t:|1769405907
|move|p1a: Deoxys|Spikes|p2a: Gholdengo
|-sidestart|p2: wugui2026|Spikes
|move|p2a: Gholdengo|Thunder Wave|p1a: Deoxys
|-status|p1a: Deoxys|par
|
|upkeep
|turn|9
|
|t:|1769405917
|switch|p1a: Landorus|Landorus-Therian, M|72/100
|-ability|p1a: Landorus|Intimidate|boost
|-unboost|p2a: Gholdengo|atk|1
|move|p2a: Gholdengo|Hex|p1a: Landorus
|-damage|p1a: Landorus|44/100
|
|upkeep
|turn|10
|
|t:|1769405929
|switch|p2a: feida|Dragonite, F, shiny|100/100
|move|p1a: Landorus|U-turn|p2a: feida
|-resisted|p2a: feida
|-damage|p2a: feida|94/100
|
|t:|1769405937
|switch|p1a: Pecharunt|Pecharunt|100/100|[from] U-turn
|
|upkeep
|turn|11
|
|t:|1769405944
|move|p1a: Pecharunt|Malignant Chain|p2a: feida
|-damage|p2a: feida|55/100
|-status|p2a: feida|tox
|-start|p2a: feida|confusion|[from] ability: Poison Puppeteer|[of] p1a: Pecharunt
|-activate|p2a: feida|confusion
|move|p2a: feida|Dragon Dance|p2a: feida
|-boost|p2a: feida|atk|1
|-boost|p2a: feida|spe|1
|
|-damage|p2a: feida|49/100 tox|[from] psn
|upkeep
|turn|12
|
|t:|1769405952
|-activate|p2a: feida|confusion
|move|p2a: feida|Earthquake|p1a: Pecharunt
|-supereffective|p1a: Pecharunt
|-damage|p1a: Pecharunt|27/100
|move|p1a: Pecharunt|Recover|p1a: Pecharunt
|-heal|p1a: Pecharunt|78/100
|
|-damage|p2a: feida|37/100 tox|[from] psn
|upkeep
|turn|13
|
|t:|1769405959
|switch|p2a: Iron Treads|Iron Treads|97/100
|-damage|p2a: Iron Treads|94/100|[from] Stealth Rock
|-item|p2a: Iron Treads|Air Balloon
|switch|p1a: Landorus|Landorus-Therian, M|44/100
|-ability|p1a: Landorus|Intimidate|boost
|-unboost|p2a: Iron Treads|atk|1
|
|upkeep
|turn|14
|
|t:|1769405977
|move|p2a: Iron Treads|Ice Spinner|p1a: Landorus
|-supereffective|p1a: Landorus
|-damage|p1a: Landorus|0 fnt
|-damage|p2a: Iron Treads|78/100|[from] item: Rocky Helmet|[of] p1a: Landorus
|faint|p1a: Landorus
|
|upkeep
|
|t:|1769405984
|switch|p1a: Iron Valiant|Iron Valiant|100/100
|-damage|p1a: Iron Valiant|88/100|[from] Spikes
|-enditem|p1a: Iron Valiant|Booster Energy
|-activate|p1a: Iron Valiant|ability: Quark Drive|[fromitem]
|-start|p1a: Iron Valiant|quarkdrivespe
|turn|15
|
|t:|1769406000
|-end|p2a: Iron Treads|Quark Drive|[silent]
|switch|p2a: Gholdengo|Gholdengo|58/100
|-damage|p2a: Gholdengo|52/100|[from] Stealth Rock
|-damage|p2a: Gholdengo|40/100|[from] Spikes
|move|p1a: Iron Valiant|Close Combat|p2a: Gholdengo
|-immune|p2a: Gholdengo
|
|upkeep
|turn|16
|
|t:|1769406010
|-end|p1a: Iron Valiant|Quark Drive|[silent]
|switch|p1a: Kingambit|Kingambit, F|100/100
|-damage|p1a: Kingambit|88/100|[from] Spikes
|-activate|p1a: Kingambit|ability: Supreme Overlord
|-start|p1a: Kingambit|fallen2|[silent]
|move|p2a: Gholdengo|Thunder Wave|p1a: Kingambit
|-status|p1a: Kingambit|par
|
|-heal|p1a: Kingambit|94/100 par|[from] item: Leftovers
|upkeep
|turn|17
|
|t:|1769406019
|switch|p2a: Iron Treads|Iron Treads|78/100
|-damage|p2a: Iron Treads|75/100|[from] Stealth Rock
|-item|p2a: Iron Treads|Air Balloon
|move|p1a: Kingambit|Iron Head|p2a: Iron Treads
|-resisted|p2a: Iron Treads
|-damage|p2a: Iron Treads|49/100
|-enditem|p2a: Iron Treads|Air Balloon
|
|-heal|p1a: Kingambit|100/100 par|[from] item: Leftovers
|upkeep
|turn|18
|
|t:|1769406039
|-end|p1a: Kingambit|fallen2|[silent]
|switch|p1a: Pecharunt|Pecharunt|78/100
|move|p2a: Iron Treads|Earthquake|p1a: Pecharunt
|-supereffective|p1a: Pecharunt
|-damage|p1a: Pecharunt|20/100
|
|upkeep
|turn|19
|
|t:|1769406046
|move|p2a: Iron Treads|Earthquake|p1a: Pecharunt
|-supereffective|p1a: Pecharunt
|-damage|p1a: Pecharunt|0 fnt
|faint|p1a: Pecharunt
|
|upkeep
|
|t:|1769406049
|switch|p1a: Iron Valiant|Iron Valiant|88/100
|-damage|p1a: Iron Valiant|76/100|[from] Spikes
|turn|20
|
|t:|1769406055
|-end|p2a: Iron Treads|Quark Drive|[silent]
|switch|p2a: Gholdengo|Gholdengo|40/100
|-damage|p2a: Gholdengo|34/100|[from] Stealth Rock
|-damage|p2a: Gholdengo|21/100|[from] Spikes
|move|p1a: Iron Valiant|Close Combat|p2a: Gholdengo
|-immune|p2a: Gholdengo
|
|upkeep
|turn|21
|
|t:|1769406065
|move|p1a: Iron Valiant|Knock Off|p2a: Gholdengo
|-supereffective|p2a: Gholdengo
|-damage|p2a: Gholdengo|0 fnt
|faint|p2a: Gholdengo
|
|upkeep
|
|t:|1769406070
|switch|p2a: feida|Dragonite, F, shiny|37/100 tox
|turn|22
|
|t:|1769406075
|move|p2a: feida|Extreme Speed|p1a: Iron Valiant
|-damage|p1a: Iron Valiant|36/100
|move|p1a: Iron Valiant|Moonblast|p2a: feida
|-supereffective|p2a: feida
|-damage|p2a: feida|0 fnt
|faint|p2a: feida
|
|upkeep
|
|t:|1769406089
|switch|p2a: Samurott|Samurott-Hisui, M|14/100
|turn|23
|
|t:|1769406107
|move|p2a: Samurott|Aqua Jet|p1a: Iron Valiant
|-damage|p1a: Iron Valiant|9/100
|move|p1a: Iron Valiant|Moonblast|p2a: Samurott
|-supereffective|p2a: Samurott
|-damage|p2a: Samurott|0 fnt
|faint|p2a: Samurott
|
|upkeep
|
|t:|1769406115
|switch|p2a: Serperior|Serperior, F|100/100
|-damage|p2a: Serperior|88/100|[from] Stealth Rock
|-damage|p2a: Serperior|76/100|[from] Spikes
|turn|24
|
|t:|1769406118
|move|p1a: Iron Valiant|Close Combat|p2a: Serperior
|-damage|p2a: Serperior|8/100
|-unboost|p1a: Iron Valiant|def|1
|-unboost|p1a: Iron Valiant|spd|1
|move|p2a: Serperior|Leaf Storm|p1a: Iron Valiant
|-damage|p1a: Iron Valiant|0 fnt
|-boost|p2a: Serperior|spa|2
|faint|p1a: Iron Valiant
|-end|p1a: Iron Valiant|Quark Drive|[silent]
|
|-heal|p2a: Serperior|15/100|[from] item: Leftovers
|upkeep
|
|t:|1769406128
|switch|p1a: Kingambit|Kingambit, F|100/100 par
|-damage|p1a: Kingambit|88/100 par|[from] Spikes
|-activate|p1a: Kingambit|ability: Supreme Overlord
|-start|p1a: Kingambit|fallen4|[silent]
|turn|25
|
|t:|1769406133
|move|p1a: Kingambit|Sucker Punch||[still]
|-fail|p1a: Kingambit
|move|p2a: Serperior|Leech Seed|p1a: Kingambit
|-start|p1a: Kingambit|move: Leech Seed
|
|-heal|p2a: Serperior|21/100|[from] item: Leftovers
|-heal|p1a: Kingambit|94/100 par|[from] item: Leftovers
|-damage|p1a: Kingambit|82/100 par|[from] Leech Seed|[of] p2a: Serperior
|-heal|p2a: Serperior|34/100|[silent]
|upkeep
|turn|26
|
|t:|1769406139
|move|p2a: Serperior|Substitute|p2a: Serperior
|-start|p2a: Serperior|Substitute
|-damage|p2a: Serperior|9/100
|move|p1a: Kingambit|Iron Head|p2a: Serperior
|-end|p2a: Serperior|Substitute
|
|-heal|p2a: Serperior|15/100|[from] item: Leftovers
|-heal|p1a: Kingambit|88/100 par|[from] item: Leftovers
|-damage|p1a: Kingambit|76/100 par|[from] Leech Seed|[of] p2a: Serperior
|-heal|p2a: Serperior|28/100|[silent]
|upkeep
|turn|27
|
|t:|1769406145
|move|p2a: Serperior|Substitute|p2a: Serperior
|-start|p2a: Serperior|Substitute
|-damage|p2a: Serperior|3/100
|move|p1a: Kingambit|Iron Head|p2a: Serperior
|-end|p2a: Serperior|Substitute
|
|-heal|p2a: Serperior|10/100|[from] item: Leftovers
|-heal|p1a: Kingambit|82/100 par|[from] item: Leftovers
|-damage|p1a: Kingambit|70/100 par|[from] Leech Seed|[of] p2a: Serperior
|-heal|p2a: Serperior|23/100|[silent]
|upkeep
|turn|28
|
|t:|1769406152
|move|p2a: Serperior|Leaf Storm|p1a: Kingambit
|-resisted|p1a: Kingambit
|-damage|p1a: Kingambit|22/100 par
|-boost|p2a: Serperior|spa|2
|move|p1a: Kingambit|Iron Head|p2a: Serperior
|-crit|p2a: Serperior
|-damage|p2a: Serperior|0 fnt
|faint|p2a: Serperior
|
|-heal|p1a: Kingambit|29/100 par|[from] item: Leftovers
|upkeep
|
|t:|1769406158
|switch|p2a: Iron Treads|Iron Treads|49/100
|-damage|p2a: Iron Treads|46/100|[from] Stealth Rock
|-damage|p2a: Iron Treads|34/100|[from] Spikes
|turn|29
|
|t:|1769406166
|cant|p1a: Kingambit|par
|move|p2a: Iron Treads|Rapid Spin|p1a: Kingambit
|-resisted|p1a: Kingambit
|-damage|p1a: Kingambit|22/100 par
|-boost|p2a: Iron Treads|spe|1
|-sideend|p2: wugui2026|Spikes|[from] move: Rapid Spin|[of] p2a: Iron Treads
|-sideend|p2: wugui2026|Stealth Rock|[from] move: Rapid Spin|[of] p2a: Iron Treads
|
|-heal|p1a: Kingambit|28/100 par|[from] item: Leftovers
|-damage|p1a: Kingambit|16/100 par|[from] Leech Seed|[of] p2a: Iron Treads
|-heal|p2a: Iron Treads|47/100|[silent]
|upkeep
|turn|30
|
|t:|1769406172
|cant|p1a: Kingambit|par
|move|p2a: Iron Treads|Earthquake|p1a: Kingambit
|-supereffective|p1a: Kingambit
|-crit|p1a: Kingambit
|-damage|p1a: Kingambit|0 fnt
|faint|p1a: Kingambit
|-end|p1a: Kingambit|fallen4|[silent]
|
|upkeep
|
|t:|1769406174
|switch|p1a: Deoxys|Deoxys-Speed|88/100 par
|-damage|p1a: Deoxys|76/100 par|[from] Spikes
|-ability|p1a: Deoxys|Pressure
|turn|31
|
|t:|1769406181
|-terastallize|p1a: Deoxys|Fighting
|move|p2a: Iron Treads|Earthquake|p1a: Deoxys
|-damage|p1a: Deoxys|2/100 par
|move|p1a: Deoxys|Superpower|p2a: Iron Treads
|-supereffective|p2a: Iron Treads
|-damage|p2a: Iron Treads|0 fnt
|-unboost|p1a: Deoxys|atk|1
|-unboost|p1a: Deoxys|def|1
|faint|p2a: Iron Treads
|-end|p2a: Iron Treads|Quark Drive|[silent]
|
|win|Eel56
|raw|Eel56's rating: 1807 &rarr; <strong>1815</strong><br />(+8 for winning)
|raw|wugui2026's rating: 1566 &rarr; <strong>1558</strong><br />(-8 for losing)
|l|☆Eel56
|player|p1|
|l|☆wugui2026
|player|p2|
