|j|☆nomamesway
|j|☆banjin
|t:|1769398635
|gametype|singles
|player|p1|nomamesway|266|1428
|player|p2|banjin|beauty-gen6xy|1380
|gen|9
|tier|[Gen 9] OU
|rated|
|rule|HP Percentage Mod: HP is shown in percentages
|rule|Endless Battle Clause: Forcing endless battles is banned
|rule|Species Clause: Limit one of each Pokémon
|rule|OHKO Clause: OHKO moves are banned
|rule|Evasion Items Clause: Evasion items are banned
|rule|Evasion Moves Clause: Evasion moves are banned
|rule|Evasion Abilities Clause: Evasion abilities are banned
|rule|Sleep Moves Clause: Sleep-inducing moves are banned
|clearpoke
|poke|p1|Primarina, M|
|poke|p1|Great Tusk|
|poke|p1|Kingambit, M|
|poke|p1|Slowking-Galar, M|
|poke|p1|Ogerpon, F|
|poke|p1|Enamorus, F|
|poke|p2|Minior-Blue|
|poke|p2|Lokix, F|
|poke|p2|Thundurus-Therian, M|
|poke|p2|Muk-Alola, M|
|poke|p2|Emboar, M|
|poke|p2|Ditto|
|teampreview
|inactive|Battle timer is ON: inactive players will automatically lose when time's up. (requested by banjin)
|
|t:|1769398660
|teamsize|p1|6
|teamsize|p2|6
|start
|switch|p1a: Slowking|Slowking-Galar, M, shiny|100/100
|switch|p2a: Paws|Thundurus-Therian, M|100/100
|turn|1
|
|t:|1769398668
|move|p2a: Paws|Nasty Plot|p2a: Paws
|-boost|p2a: Paws|spa|2
|move|p1a: Slowking|Sludge Bomb|p2a: Paws
|-damage|p2a: Paws|55/100
|-status|p2a: Paws|psn
|
|-damage|p2a: Paws|43/100 psn|[from] psn
|upkeep
|turn|2
|
|t:|1769398675
|move|p2a: Paws|Thunderbolt|p1a: Slowking
|-damage|p1a: Slowking|38/100
|-status|p1a: Slowking|par
|move|p1a: Slowking|Sludge Bomb|p2a: Paws
|-damage|p2a: Paws|0 fnt
|faint|p2a: Paws
|
|upkeep
|
|t:|1769398682
|switch|p2a: Mr. Brightside|Minior-Blue|100/100
|-formechange|p2a: Mr. Brightside|Minior-Meteor||[from] ability: Shields Down
|turn|3
|
|t:|1769398693
|switch|p1a: Primarina|Primarina, M, shiny|100/100
|move|p2a: Mr. Brightside|Shell Smash|p2a: Mr. Brightside
|-unboost|p2a: Mr. Brightside|def|1
|-unboost|p2a: Mr. Brightside|spd|1
|-boost|p2a: Mr. Brightside|atk|2
|-boost|p2a: Mr. Brightside|spa|2
|-boost|p2a: Mr. Brightside|spe|2
|-enditem|p2a: Mr. Brightside|White Herb
|-clearnegativeboost|p2a: Mr. Brightside|[silent]
|
|upkeep
|turn|4
|
|t:|1769398704
|move|p2a: Mr. Brightside|Acrobatics|p1a: Primarina
|-damage|p1a: Primarina|0 fnt
|faint|p1a: Primarina
|
|upkeep
|inactive|nomamesway has 120 seconds left.
|
|t:|1769398752
|switch|p1a: Ogerpon|Ogerpon, F|100/100
|turn|5
|
|t:|1769398761
|-terastallize|p1a: Ogerpon|Grass
|detailschange|p1a: Ogerpon|Ogerpon-Teal-Tera, F, tera:Grass
|-ability|p1a: Ogerpon|Embody Aspect (Teal)|boost
|-boost|p1a: Ogerpon|spe|1
|move|p1a: Ogerpon|Ivy Cudgel|p2a: Mr. Brightside
|-damage|p2a: Mr. Brightside|0 fnt
|faint|p2a: Mr. Brightside
|
|upkeep
|
|t:|1769398774
|switch|p2a: Dragmire|Emboar, M, shiny|100/100
|turn|6
|
|t:|1769398777
|switch|p1a: Great Tusk|Great Tusk, shiny|100/100
|move|p2a: Dragmire|Flare Blitz|p1a: Great Tusk
|-damage|p1a: Great Tusk|50/100
|-damage|p2a: Dragmire|84/100|[from] item: Rocky Helmet|[of] p1a: Great Tusk
|-damage|p2a: Dragmire|67/100|[from] Recoil
|
|upkeep
|turn|7
|
|t:|1769398793
|-terastallize|p2a: Dragmire|Ground
|move|p1a: Great Tusk|Headlong Rush|p2a: Dragmire
|-damage|p2a: Dragmire|0 fnt
|-unboost|p1a: Great Tusk|def|1
|-unboost|p1a: Great Tusk|spd|1
|faint|p2a: Dragmire
|
|upkeep
|
|t:|1769398798
|switch|p2a: Katy|Lokix, F|100/100
|turn|8
|
|t:|1769398805
|-end|p1a: Great Tusk|Protosynthesis|[silent]
|switch|p1a: Enamorus|Enamorus, F, shiny|100/100
|move|p2a: Katy|Lunge|p1a: Enamorus
|-resisted|p1a: Enamorus
|-damage|p1a: Enamorus|74/100
|-boost|p1a: Enamorus|atk|1
|
|upkeep
|turn|9
|
|t:|1769398809
|move|p1a: Enamorus|Moonblast|p2a: Katy
|-supereffective|p2a: Katy
|-damage|p2a: Katy|0 fnt
|faint|p2a: Katy
|
|upkeep
|
|t:|1769398813
|switch|p2a: Beppo|Muk-Alola, M|100/100
|turn|10
|
|t:|1769398824
|move|p1a: Enamorus|Moonblast|p2a: Beppo
|-damage|p2a: Beppo|54/100
|move|p2a: Beppo|Poison Jab|p1a: Enamorus
|-supereffective|p1a: Enamorus
|-damage|p1a: Enamorus|0 fnt
|faint|p1a: Enamorus
|
|upkeep
|
|t:|1769398839
|switch|p1a: Great Tusk|Great Tusk, shiny|50/100
|turn|11
|
|t:|1769398842
|switch|p2a: 𒉎|Ditto|100/100
|-transform|p2a: 𒉎|p1a: Great Tusk|[from] ability: Imposter
|move|p1a: Great Tusk|Headlong Rush|p2a: 𒉎
|-damage|p2a: 𒉎|42/100
|-unboost|p1a: Great Tusk|def|1
|-unboost|p1a: Great Tusk|spd|1
|
|upkeep
|turn|12
|inactive|nomamesway has 120 seconds left.
|
|t:|1769398879
|-end|p1a: Great Tusk|Protosynthesis|[silent]
|switch|p1a: Ogerpon|Ogerpon-Teal-Tera, F, tera:Grass|100/100
|-ability|p1a: Ogerpon|Embody Aspect (Teal)|boost
|-boost|p1a: Ogerpon|spe|1
|move|p2a: 𒉎|Headlong Rush|p1a: Ogerpon
|-resisted|p1a: Ogerpon
|-damage|p1a: Ogerpon|57/100
|-unboost|p2a: 𒉎|def|1
|-unboost|p2a: 𒉎|spd|1
|
|upkeep
|turn|13
|inactive|nomamesway has 120 seconds left.
|
|t:|1769398909
|move|p1a: Ogerpon|Ivy Cudgel|p2a: 𒉎
|-supereffective|p2a: 𒉎
|-damage|p2a: 𒉎|0 fnt
|faint|p2a: 𒉎
|-end|p2a: 𒉎|Protosynthesis|[silent]
|
|upkeep
|
|t:|1769398911
|switch|p2a: Beppo|Muk-Alola, M|54/100
|turn|14
|-activate|p2a: Beppo|item: Quick Claw
|
|t:|1769398912
|move|p2a: Beppo|Poison Jab|p1a: Ogerpon
|-supereffective|p1a: Ogerpon
|-damage|p1a: Ogerpon|0 fnt
|faint|p1a: Ogerpon
|detailschange|p1: Ogerpon|Ogerpon, F|[silent]
|
|upkeep
|
|t:|1769398915
|switch|p1a: Great Tusk|Great Tusk, shiny|50/100
|turn|15
|
|t:|1769398918
|move|p1a: Great Tusk|Headlong Rush|p2a: Beppo
|-supereffective|p2a: Beppo
|-damage|p2a: Beppo|0 fnt
|-unboost|p1a: Great Tusk|def|1
|-unboost|p1a: Great Tusk|spd|1
|faint|p2a: Beppo
|
|win|nomamesway
|raw|nomamesway's rating: 1428 &rarr; <strong>1445</strong><br />(+17 for winning)
|raw|banjin's rating: 1380 &rarr; <strong>1363</strong><br />(-17 for losing)
|l|☆banjin
|player|p2|
|l|☆nomamesway
|player|p1|
