|j|☆pokemon prefect
|j|☆Phillip Blevin
|t:|1769407599
|gametype|singles
|player|p1|pokemon prefect|169|1466
|player|p2|Phillip Blevin|265|1506
|gen|9
|tier|[Gen 9] OU
|rated|
|rule|HP Percentage Mod: HP is shown in percentages
|rule|Endless Battle Clause: Forcing endless battles is banned
|rule|Species Clause: Limit one of each Pokémon
|rule|OHKO Clause: OHKO moves are banned
|rule|Evasion Items Clause: Evasion items are banned
|rule|Evasion Moves Clause: Evasion moves are banned
|rule|Evasion Abilities Clause: Evasion abilities are banned
|rule|Sleep Moves Clause: Sleep-inducing moves are banned
|clearpoke
|poke|p1|Iron Hands|
|poke|p1|Ursaluna, M|
|poke|p1|Kingambit, F|
|poke|p1|Porygon2|
|poke|p1|Cresselia, F|
|poke|p1|Hatterene, F|
|poke|p2|Iron Hands|
|poke|p2|Mandibuzz, F|
|poke|p2|Garganacl, M|
|poke|p2|Rillaboom, M|
|poke|p2|Alomomola, M|
|poke|p2|Tornadus-Therian, M|
|teampreview
|inactive|Battle timer is ON: inactive players will automatically lose when time's up. (requested by Phillip Blevin)
|
|t:|1769407614
|teamsize|p1|6
|teamsize|p2|6
|start
|switch|p1a: Hatterene|Hatterene, F|100/100
|switch|p2a: Tornadus|Tornadus-Therian, M|100/100
|turn|1
|
|t:|1769407620
|move|p2a: Tornadus|Bleakwind Storm|p1a: Hatterene
|-damage|p1a: Hatterene|61/100
|-unboost|p1a: Hatterene|spe|1
|move|p1a: Hatterene|Trick Room|p1a: Hatterene
|-fieldstart|move: Trick Room|[of] p1a: Hatterene
|
|upkeep
|turn|2
|
|t:|1769407636
|move|p1a: Hatterene|Dazzling Gleam|p2a: Tornadus
|-damage|p2a: Tornadus|55/100
|move|p2a: Tornadus|U-turn|p1a: Hatterene
|-damage|p1a: Hatterene|44/100
|
|t:|1769407644
|switch|p2a: Rillaboom|Rillaboom, M|100/100|[from] U-turn
|-fieldstart|move: Grassy Terrain|[from] ability: Grassy Surge|[of] p2a: Rillaboom
|
|-heal|p1a: Hatterene|50/100|[from] Grassy Terrain
|upkeep
|turn|3
|
|t:|1769407657
|switch|p1a: Kingambit|Kingambit, F|100/100
|move|p2a: Rillaboom|Grassy Glide|p1a: Kingambit
|-resisted|p1a: Kingambit
|-damage|p1a: Kingambit|85/100
|
|-heal|p1a: Kingambit|91/100|[from] Grassy Terrain
|upkeep
|turn|4
|
|t:|1769407665
|move|p1a: Kingambit|Swords Dance|p1a: Kingambit
|-boost|p1a: Kingambit|atk|2
|move|p2a: Rillaboom|Low Kick|p1a: Kingambit
|-supereffective|p1a: Kingambit
|-damage|p1a: Kingambit|0 fnt
|faint|p1a: Kingambit
|-end|p1a: Kingambit|fallenundefined|[silent]
|
|upkeep
|
|t:|1769407671
|switch|p1a: Iron Hands|Iron Hands|100/100
|-enditem|p1a: Iron Hands|Booster Energy
|-activate|p1a: Iron Hands|ability: Quark Drive|[fromitem]
|-start|p1a: Iron Hands|quarkdriveatk
|turn|5
|
|t:|1769407676
|move|p1a: Iron Hands|Swords Dance|p1a: Iron Hands
|-boost|p1a: Iron Hands|atk|2
|move|p2a: Rillaboom|U-turn|p1a: Iron Hands
|-resisted|p1a: Iron Hands
|-damage|p1a: Iron Hands|93/100
|
|t:|1769407682
|switch|p2a: Iron Hands|Iron Hands|100/100|[from] U-turn
|
|-heal|p1a: Iron Hands|99/100|[from] Grassy Terrain
|-fieldend|move: Trick Room
|upkeep
|turn|6
|
|t:|1769407686
|move|p2a: Iron Hands|Drain Punch|p1a: Iron Hands
|-damage|p1a: Iron Hands|69/100
|move|p1a: Iron Hands|Drain Punch|p2a: Iron Hands
|-damage|p2a: Iron Hands|10/100
|-heal|p1a: Iron Hands|100/100|[from] drain|[of] p2a: Iron Hands
|
|-heal|p2a: Iron Hands|16/100|[from] Grassy Terrain
|upkeep
|turn|7
|
|t:|1769407691
|move|p2a: Iron Hands|Drain Punch|p1a: Iron Hands
|-damage|p1a: Iron Hands|69/100
|-heal|p2a: Iron Hands|32/100|[from] drain|[of] p1a: Iron Hands
|move|p1a: Iron Hands|Drain Punch|p2a: Iron Hands
|-damage|p2a: Iron Hands|0 fnt
|-heal|p1a: Iron Hands|85/100|[from] drain|[of] p2a: Iron Hands
|faint|p2a: Iron Hands
|-end|p2a: Iron Hands|Quark Drive|[silent]
|
|-heal|p1a: Iron Hands|91/100|[from] Grassy Terrain
|upkeep
|
|t:|1769407700
|switch|p2a: Mandibuzz|Mandibuzz, F|100/100
|turn|8
|
|t:|1769407709
|move|p2a: Mandibuzz|Foul Play|p1a: Iron Hands
|-resisted|p1a: Iron Hands
|-damage|p1a: Iron Hands|56/100
|move|p1a: Iron Hands|Drain Punch|p2a: Mandibuzz
|-damage|p2a: Mandibuzz|34/100
|-heal|p1a: Iron Hands|87/100|[from] drain|[of] p2a: Mandibuzz
|
|-heal|p1a: Iron Hands|94/100|[from] Grassy Terrain
|upkeep
|turn|9
|
|t:|1769407714
|move|p2a: Mandibuzz|Foul Play|p1a: Iron Hands
|-resisted|p1a: Iron Hands
|-damage|p1a: Iron Hands|57/100
|move|p1a: Iron Hands|Thunder Punch|p2a: Mandibuzz
|-supereffective|p2a: Mandibuzz
|-damage|p2a: Mandibuzz|0 fnt
|faint|p2a: Mandibuzz
|
|-heal|p1a: Iron Hands|63/100|[from] Grassy Terrain
|-fieldend|move: Grassy Terrain
|upkeep
|
|t:|1769407722
|switch|p2a: Tornadus|Tornadus-Therian, M|88/100
|turn|10
|
|t:|1769407732
|-terastallize|p1a: Iron Hands|Flying
|move|p2a: Tornadus|Bleakwind Storm|p1a: Iron Hands|[miss]
|-miss|p2a: Tornadus|p1a: Iron Hands
|move|p1a: Iron Hands|Thunder Punch|p2a: Tornadus
|-supereffective|p2a: Tornadus
|-damage|p2a: Tornadus|0 fnt
|faint|p2a: Tornadus
|
|upkeep
|-message|Phillip Blevin forfeited.
|
|win|pokemon prefect
|raw|pokemon prefect's rating: 1466 &rarr; <strong>1488</strong><br />(+22 for winning)
|raw|Phillip Blevin's rating: 1506 &rarr; <strong>1484</strong><br />(-22 for losing)
|l|☆Phillip Blevin
|player|p2|
