|j|☆brickforbrains
|j|☆ikun ngm
|t:|1769303837
|gametype|singles
|player|p1|brickforbrains|clerk|1227
|player|p2|ikun ngm|swimmer-gen4|1246
|gen|9
|tier|[Gen 9] OU
|rated|
|rule|HP Percentage Mod: HP is shown in percentages
|rule|Endless Battle Clause: Forcing endless battles is banned
|rule|Species Clause: Limit one of each Pokémon
|rule|OHKO Clause: OHKO moves are banned
|rule|Evasion Items Clause: Evasion items are banned
|rule|Evasion Moves Clause: Evasion moves are banned
|rule|Evasion Abilities Clause: Evasion abilities are banned
|rule|Sleep Moves Clause: Sleep-inducing moves are banned
|clearpoke
|poke|p1|Landorus-Therian, M|
|poke|p1|Revavroom, M|
|poke|p1|Kyurem|
|poke|p1|Hatterene, F|
|poke|p1|Iron Valiant|
|poke|p1|Dragonite, M|
|poke|p2|Alomomola, F|
|poke|p2|Thundurus-Therian, M|
|poke|p2|Blaziken, F|
|poke|p2|Slowking-Galar, F|
|poke|p2|Dragonite, F|
|poke|p2|Delibird, M|
|teampreview
|inactive|Battle timer is ON: inactive players will automatically lose when time's up. (requested by brickforbrains)
|
|t:|1769303848
|teamsize|p1|6
|teamsize|p2|6
|start
|switch|p1a: Iron Valiant|Iron Valiant|100/100
|switch|p2a: 只因！|Delibird, M|100/100
|-enditem|p1a: Iron Valiant|Booster Energy
|-activate|p1a: Iron Valiant|ability: Quark Drive|[fromitem]
|-start|p1a: Iron Valiant|quarkdrivespe
|turn|1
|
|t:|1769303854
|move|p1a: Iron Valiant|Moonblast|p2a: 只因！
|-enditem|p2a: 只因！|Focus Sash
|-damage|p2a: 只因！|1/100
|-unboost|p2a: 只因！|spa|1
|move|p2a: 只因！|Spikes|p1a: Iron Valiant
|-sidestart|p1: brickforbrains|Spikes
|
|upkeep
|turn|2
|
|t:|1769303860
|switch|p2a: 胖宝宝！|Slowking-Galar, F|100/100
|move|p1a: Iron Valiant|Encore||[still]
|-fail|p1a: Iron Valiant
|
|upkeep
|turn|3
|
|t:|1769303873
|-end|p1a: Iron Valiant|Quark Drive|[silent]
|switch|p1a: Landorus|Landorus-Therian, M|100/100
|-ability|p1a: Landorus|Intimidate|boost
|-unboost|p2a: 胖宝宝！|atk|1
|move|p2a: 胖宝宝！|Sludge Bomb|p1a: Landorus
|-resisted|p1a: Landorus
|-damage|p1a: Landorus|80/100
|
|upkeep
|turn|4
|
|t:|1769303878
|switch|p2a: 小白手套！|Thundurus-Therian, M|100/100
|move|p1a: Landorus|Stealth Rock|p2a: 小白手套！
|-sidestart|p2: ikun ngm|move: Stealth Rock
|
|upkeep
|turn|5
|
|t:|1769303882
|move|p2a: 小白手套！|Nasty Plot|p2a: 小白手套！
|-boost|p2a: 小白手套！|spa|2
|move|p1a: Landorus|U-turn|p2a: 小白手套！
|-resisted|p2a: 小白手套！
|-damage|p2a: 小白手套！|86/100
|
|t:|1769303897
|switch|p1a: Iron Valiant|Iron Valiant|100/100|[from] U-turn
|-damage|p1a: Iron Valiant|88/100|[from] Spikes
|
|upkeep
|turn|6
|
|t:|1769303904
|move|p1a: Iron Valiant|Encore|p2a: 小白手套！
|-start|p2a: 小白手套！|Encore
|move|p2a: 小白手套！|Nasty Plot|p2a: 小白手套！
|-boost|p2a: 小白手套！|spa|2
|
|upkeep
|turn|7
|
|t:|1769303910
|switch|p2a: 胖宝宝！|Slowking-Galar, F|100/100
|move|p1a: Iron Valiant|Calm Mind|p1a: Iron Valiant
|-boost|p1a: Iron Valiant|spa|1
|-boost|p1a: Iron Valiant|spd|1
|
|upkeep
|turn|8
|
|t:|1769303916
|-terastallize|p1a: Iron Valiant|Electric
|move|p1a: Iron Valiant|Calm Mind|p1a: Iron Valiant
|-boost|p1a: Iron Valiant|spa|1
|-boost|p1a: Iron Valiant|spd|1
|move|p2a: 胖宝宝！|Sludge Bomb|p1a: Iron Valiant
|-damage|p1a: Iron Valiant|54/100
|-status|p1a: Iron Valiant|psn
|
|-damage|p1a: Iron Valiant|41/100 psn|[from] psn
|upkeep
|turn|9
|
|t:|1769303922
|move|p1a: Iron Valiant|Thunderbolt|p2a: 胖宝宝！
|-damage|p2a: 胖宝宝！|42/100
|move|p2a: 胖宝宝！|Sludge Bomb|p1a: Iron Valiant
|-damage|p1a: Iron Valiant|10/100 psn
|
|-damage|p1a: Iron Valiant|0 fnt|[from] psn
|faint|p1a: Iron Valiant
|-end|p1a: Iron Valiant|Quark Drive|[silent]
|upkeep
|
|t:|1769303928
|switch|p1a: Revavroom|Revavroom, M|100/100
|-item|p1a: Revavroom|Air Balloon
|turn|10
|
|t:|1769303932
|move|p1a: Revavroom|Shift Gear|p1a: Revavroom
|-boost|p1a: Revavroom|spe|2
|-boost|p1a: Revavroom|atk|1
|-prepare|p2a: 胖宝宝！|Chilly Reception|[premajor]
|move|p2a: 胖宝宝！|Chilly Reception|p2a: 胖宝宝！
|-weather|Snowscape
|
|t:|1769303945
|switch|p2a: 奶龙！|Dragonite, F|100/100|[from] Chilly Reception
|
|-weather|Snowscape|[upkeep]
|upkeep
|turn|11
|
|t:|1769303948
|move|p1a: Revavroom|Iron Head|p2a: 奶龙！
|-damage|p2a: 奶龙！|63/100
|cant|p2a: 奶龙！|flinch
|
|-weather|Snowscape|[upkeep]
|upkeep
|turn|12
|
|t:|1769303953
|move|p1a: Revavroom|Iron Head|p2a: 奶龙！
|-damage|p2a: 奶龙！|0 fnt
|faint|p2a: 奶龙！
|
|-weather|Snowscape|[upkeep]
|upkeep
|
|t:|1769303963
|switch|p2a: 曼波！|Alomomola, F|100/100
|-damage|p2a: 曼波！|88/100|[from] Stealth Rock
|turn|13
|
|t:|1769303972
|move|p1a: Revavroom|Gunk Shot|p2a: 曼波！
|-damage|p2a: 曼波！|28/100
|-status|p2a: 曼波！|psn
|move|p2a: 曼波！|Alluring Voice|p1a: Revavroom
|-resisted|p1a: Revavroom
|-damage|p1a: Revavroom|97/100
|-enditem|p1a: Revavroom|Air Balloon
|
|-weather|Snowscape|[upkeep]
|-damage|p2a: 曼波！|15/100 psn|[from] psn
|upkeep
|turn|14
|
|t:|1769303990
|switch|p2a: 只因！|Delibird, M|1/100
|-damage|p2a: 只因！|0 fnt|[from] Stealth Rock
|faint|p2a: 只因！
|move|p1a: Revavroom|Shift Gear|p1a: Revavroom
|-boost|p1a: Revavroom|spe|2
|-boost|p1a: Revavroom|atk|1
|
|-weather|none
|upkeep
|-message|ikun ngm forfeited.
|
|win|brickforbrains
|raw|brickforbrains's rating: 1227 &rarr; <strong>1253</strong><br />(+26 for winning)
|raw|ikun ngm's rating: 1246 &rarr; <strong>1220</strong><br />(-26 for losing)
|l|☆ikun ngm
|player|p2|
|l|☆brickforbrains
|player|p1|
