|j|☆Zyneso
|j|☆elninja200
|t:|1769442266
|gametype|singles
|player|p1|Zyneso|roxie|1300
|player|p2|elninja200|266|1244
|gen|9
|tier|[Gen 9] OU
|rated|
|rule|HP Percentage Mod: HP is shown in percentages
|rule|Endless Battle Clause: Forcing endless battles is banned
|rule|Species Clause: Limit one of each Pokémon
|rule|OHKO Clause: OHKO moves are banned
|rule|Evasion Items Clause: Evasion items are banned
|rule|Evasion Moves Clause: Evasion moves are banned
|rule|Evasion Abilities Clause: Evasion abilities are banned
|rule|Sleep Moves Clause: Sleep-inducing moves are banned
|clearpoke
|poke|p1|Torkoal, F|
|poke|p1|Walking Wake|
|poke|p1|Raging Bolt|
|poke|p1|Venusaur, F|
|poke|p1|Great Tusk|
|poke|p1|Kingambit, F|
|poke|p2|Araquanid, F|
|poke|p2|Incineroar, M|
|poke|p2|Pelipper, M|
|poke|p2|Beartic, F|
|poke|p2|Tentacruel, M|
|poke|p2|Zapdos|
|teampreview
|inactive|Battle timer is ON: inactive players will automatically lose when time's up. (requested by Zyneso)
|
|t:|1769442298
|teamsize|p1|6
|teamsize|p2|6
|start
|switch|p1a: Raging Bolt|Raging Bolt|100/100
|switch|p2a: Incineroar|Incineroar, M|100/100
|-ability|p2a: Incineroar|Intimidate|boost
|-unboost|p1a: Raging Bolt|atk|1
|turn|1
|
|t:|1769442303
|move|p1a: Raging Bolt|Volt Switch|p2a: Incineroar
|-damage|p2a: Incineroar|73/100
|
|t:|1769442305
|-end|p1a: Raging Bolt|Protosynthesis|[silent]
|switch|p1a: Torkoal|Torkoal, F|100/100|[from] Volt Switch
|-weather|SunnyDay|[from] ability: Drought|[of] p1a: Torkoal
|move|p2a: Incineroar|Knock Off|p1a: Torkoal
|-damage|p1a: Torkoal|79/100
|-enditem|p1a: Torkoal|Heat Rock|[from] move: Knock Off|[of] p2a: Incineroar
|
|-weather|SunnyDay|[upkeep]
|upkeep
|turn|2
|
|t:|1769442309
|move|p2a: Incineroar|Parting Shot|p1a: Torkoal
|-unboost|p1a: Torkoal|atk|1
|-unboost|p1a: Torkoal|spa|1
|
|t:|1769442313
|switch|p2a: Pelipper|Pelipper, M|100/100|[from] Parting Shot
|-weather|RainDance|[from] ability: Drizzle|[of] p2a: Pelipper
|move|p1a: Torkoal|Stealth Rock|p2a: Pelipper
|-sidestart|p2: elninja200|move: Stealth Rock
|
|-weather|RainDance|[upkeep]
|upkeep
|turn|3
|
|t:|1769442321
|switch|p1a: Raging Bolt|Raging Bolt|100/100
|move|p2a: Pelipper|Knock Off|p1a: Raging Bolt
|-damage|p1a: Raging Bolt|88/100
|-enditem|p1a: Raging Bolt|Heavy-Duty Boots|[from] move: Knock Off|[of] p2a: Pelipper
|
|-weather|RainDance|[upkeep]
|upkeep
|turn|4
|
|t:|1769442333
|switch|p2a: Beartic|Beartic, F|100/100
|-damage|p2a: Beartic|76/100|[from] Stealth Rock
|move|p1a: Raging Bolt|Volt Switch|p2a: Beartic
|-damage|p2a: Beartic|23/100
|
|t:|1769442338
|-end|p1a: Raging Bolt|Protosynthesis|[silent]
|switch|p1a: Torkoal|Torkoal, F|79/100|[from] Volt Switch
|-weather|SunnyDay|[from] ability: Drought|[of] p1a: Torkoal
|
|-weather|SunnyDay|[upkeep]
|upkeep
|turn|5
|
|t:|1769442346
|switch|p2a: Tentacruel|Tentacruel, M|100/100
|-damage|p2a: Tentacruel|88/100|[from] Stealth Rock
|move|p1a: Torkoal|Lava Plume|p2a: Tentacruel
|-resisted|p2a: Tentacruel
|-damage|p2a: Tentacruel|78/100
|
|-weather|SunnyDay|[upkeep]
|-heal|p2a: Tentacruel|84/100|[from] item: Black Sludge
|upkeep
|turn|6
|
|t:|1769442352
|switch|p1a: Venusaur|Venusaur, F|100/100
|move|p2a: Tentacruel|Rapid Spin|p1a: Venusaur
|-damage|p1a: Venusaur|90/100
|-boost|p2a: Tentacruel|spe|1
|-sideend|p2: elninja200|Stealth Rock|[from] move: Rapid Spin|[of] p2a: Tentacruel
|
|-weather|SunnyDay|[upkeep]
|-heal|p2a: Tentacruel|90/100|[from] item: Black Sludge
|upkeep
|turn|7
|
|t:|1769442356
|move|p1a: Venusaur|Growth|p1a: Venusaur
|-boost|p1a: Venusaur|atk|2
|-boost|p1a: Venusaur|spa|2
|move|p2a: Tentacruel|Knock Off|p1a: Venusaur
|-damage|p1a: Venusaur|68/100
|-enditem|p1a: Venusaur|Life Orb|[from] move: Knock Off|[of] p2a: Tentacruel
|
|-weather|SunnyDay|[upkeep]
|-heal|p2a: Tentacruel|96/100|[from] item: Black Sludge
|upkeep
|turn|8
|
|t:|1769442362
|switch|p2a: Pelipper|Pelipper, M|100/100
|-weather|RainDance|[from] ability: Drizzle|[of] p2a: Pelipper
|move|p1a: Venusaur|Giga Drain|p2a: Pelipper
|-damage|p2a: Pelipper|9/100
|-heal|p1a: Venusaur|100/100|[from] drain|[of] p2a: Pelipper
|
|-weather|RainDance|[upkeep]
|upkeep
|turn|9
|
|t:|1769442385
|move|p1a: Venusaur|Giga Drain|p2a: Pelipper
|-damage|p2a: Pelipper|0 fnt
|faint|p2a: Pelipper
|
|-weather|RainDance|[upkeep]
|upkeep
|
|t:|1769442399
|switch|p2a: Zapdos|Zapdos|100/100
|-ability|p2a: Zapdos|Pressure
|turn|10
|
|t:|1769442406
|move|p2a: Zapdos|Hurricane|p1a: Venusaur
|-supereffective|p1a: Venusaur
|-damage|p1a: Venusaur|0 fnt
|faint|p1a: Venusaur
|
|-weather|RainDance|[upkeep]
|upkeep
|
|t:|1769442409
|switch|p1a: Torkoal|Torkoal, F|79/100
|-weather|SunnyDay|[from] ability: Drought|[of] p1a: Torkoal
|turn|11
|
|t:|1769442412
|switch|p2a: Incineroar|Incineroar, M|73/100
|-ability|p2a: Incineroar|Intimidate|boost
|-unboost|p1a: Torkoal|atk|1
|move|p1a: Torkoal|Stealth Rock|p2a: Incineroar
|-sidestart|p2: elninja200|move: Stealth Rock
|
|-weather|SunnyDay|[upkeep]
|upkeep
|turn|12
|
|t:|1769442418
|move|p2a: Incineroar|Drain Punch|p1a: Torkoal
|-crit|p1a: Torkoal
|-damage|p1a: Torkoal|62/100
|-heal|p2a: Incineroar|80/100|[from] drain|[of] p1a: Torkoal
|move|p1a: Torkoal|Lava Plume|p2a: Incineroar
|-resisted|p2a: Incineroar
|-damage|p2a: Incineroar|67/100
|
|-weather|SunnyDay|[upkeep]
|upkeep
|turn|13
|
|t:|1769442424
|switch|p1a: Walking Wake|Walking Wake|100/100
|-activate|p1a: Walking Wake|ability: Protosynthesis
|-start|p1a: Walking Wake|protosynthesisspe
|move|p2a: Incineroar|Drain Punch|p1a: Walking Wake
|-damage|p1a: Walking Wake|80/100
|-heal|p2a: Incineroar|76/100|[from] drain|[of] p1a: Walking Wake
|
|-weather|SunnyDay|[upkeep]
|upkeep
|turn|14
|-message|elninja200 forfeited.
|
|win|Zyneso
|raw|Zyneso's rating: 1300 &rarr; <strong>1321</strong><br />(+21 for winning)
|raw|elninja200's rating: 1244 &rarr; <strong>1223</strong><br />(-21 for losing)
|l|☆elninja200
|player|p2|
|l|☆Zyneso
|player|p1|
