|j|☆krookodile fangirl
|j|☆jdjdjdbddhdvddvvd
|t:|1769410238
|gametype|singles
|player|p1|krookodile fangirl|roughneck|1158
|player|p2|jdjdjdbddhdvddvvd|170|1103
|gen|9
|tier|[Gen 9] OU
|rated|
|rule|HP Percentage Mod: HP is shown in percentages
|rule|Endless Battle Clause: Forcing endless battles is banned
|rule|Species Clause: Limit one of each Pokémon
|rule|OHKO Clause: OHKO moves are banned
|rule|Evasion Items Clause: Evasion items are banned
|rule|Evasion Moves Clause: Evasion moves are banned
|rule|Evasion Abilities Clause: Evasion abilities are banned
|rule|Sleep Moves Clause: Sleep-inducing moves are banned
|clearpoke
|poke|p1|Krookodile, M|
|poke|p1|Deoxys-Speed|
|poke|p1|Ogerpon-Cornerstone, F|
|poke|p1|Corviknight, F|
|poke|p1|Typhlosion-Hisui, M|
|poke|p1|Araquanid, M|
|poke|p2|Tyranitar, M|
|poke|p2|Ogerpon-Wellspring, F|
|poke|p2|Kingambit, F|
|poke|p2|Iron Hands|
|poke|p2|Hatterene, F|
|poke|p2|Inteleon, M|
|teampreview
|inactive|Battle timer is ON: inactive players will automatically lose when time's up. (requested by krookodile fangirl)
|
|t:|1769410260
|teamsize|p1|6
|teamsize|p2|6
|start
|switch|p1a: Meta Slave|Corviknight, F|100/100
|switch|p2a: Iron Hands|Iron Hands|100/100
|-ability|p1a: Meta Slave|Pressure
|-enditem|p2a: Iron Hands|Booster Energy
|-activate|p2a: Iron Hands|ability: Quark Drive|[fromitem]
|-start|p2a: Iron Hands|quarkdriveatk
|turn|1
|
|t:|1769410271
|move|p2a: Iron Hands|Fake Out|p1a: Meta Slave
|-resisted|p1a: Meta Slave
|-damage|p1a: Meta Slave|93/100
|move|p1a: Meta Slave|U-turn|p2a: Iron Hands
|-resisted|p2a: Iron Hands
|-damage|p2a: Iron Hands|95/100
|
|t:|1769410280
|switch|p1a: Majora|Ogerpon-Cornerstone, F|100/100|[from] U-turn
|
|upkeep
|turn|2
|
|t:|1769410289
|move|p1a: Majora|U-turn|p2a: Iron Hands
|-resisted|p2a: Iron Hands
|-damage|p2a: Iron Hands|87/100
|
|t:|1769410291
|switch|p1a: Slimesicle|Araquanid, M|100/100|[from] U-turn
|move|p2a: Iron Hands|Drain Punch|p1a: Slimesicle
|-resisted|p1a: Slimesicle
|-damage|p1a: Slimesicle|69/100
|-heal|p2a: Iron Hands|97/100|[from] drain|[of] p1a: Slimesicle
|
|upkeep
|turn|3
|
|t:|1769410301
|move|p2a: Iron Hands|Supercell Slam|p1a: Slimesicle
|-supereffective|p1a: Slimesicle
|-damage|p1a: Slimesicle|0 fnt
|faint|p1a: Slimesicle
|
|upkeep
|
|t:|1769410306
|switch|p1a: Invader Zim|Deoxys-Speed, shiny|100/100
|-ability|p1a: Invader Zim|Pressure
|turn|4
|
|t:|1769410314
|-end|p2a: Iron Hands|Quark Drive|[silent]
|switch|p2a: Hatterene|Hatterene, F|100/100
|move|p1a: Invader Zim|Ice Beam|p2a: Hatterene
|-damage|p2a: Hatterene|64/100
|
|-heal|p2a: Hatterene|70/100|[from] item: Leftovers
|upkeep
|turn|5
|
|t:|1769410323
|switch|p1a: Meta Slave|Corviknight, F|93/100
|-ability|p1a: Meta Slave|Pressure
|move|p2a: Hatterene|Trick Room|p2a: Hatterene
|-fieldstart|move: Trick Room|[of] p2a: Hatterene
|
|-heal|p2a: Hatterene|76/100|[from] item: Leftovers
|upkeep
|turn|6
|
|t:|1769410336
|-terastallize|p2a: Hatterene|Fire
|move|p2a: Hatterene|Mystical Fire|p1a: Meta Slave
|-supereffective|p1a: Meta Slave
|-damage|p1a: Meta Slave|4/100
|move|p1a: Meta Slave|Iron Head|p2a: Hatterene
|-resisted|p2a: Hatterene
|-damage|p2a: Hatterene|60/100
|
|-heal|p2a: Hatterene|66/100|[from] item: Leftovers
|upkeep
|turn|7
|
|t:|1769410350
|switch|p1a: Invader Zim|Deoxys-Speed, shiny|100/100
|-ability|p1a: Invader Zim|Pressure
|move|p2a: Hatterene|Psychic|p1a: Invader Zim
|-resisted|p1a: Invader Zim
|-damage|p1a: Invader Zim|63/100
|-unboost|p1a: Invader Zim|spd|1
|
|-heal|p2a: Hatterene|72/100|[from] item: Leftovers
|upkeep
|turn|8
|
|t:|1769410364
|switch|p1a: Meta Slave|Corviknight, F|4/100
|-ability|p1a: Meta Slave|Pressure
|move|p2a: Hatterene|Mystical Fire|p1a: Meta Slave
|-supereffective|p1a: Meta Slave
|-damage|p1a: Meta Slave|0 fnt
|faint|p1a: Meta Slave
|
|-heal|p2a: Hatterene|78/100|[from] item: Leftovers
|upkeep
|
|t:|1769410370
|switch|p1a: Majora|Ogerpon-Cornerstone, F|100/100
|turn|9
|
|t:|1769410382
|switch|p2a: Kingambit|Kingambit, F|100/100
|switch|p1a: Invader Zim|Deoxys-Speed, shiny|63/100
|-ability|p1a: Invader Zim|Pressure
|
|-fieldend|move: Trick Room
|upkeep
|turn|10
|
|t:|1769410392
|move|p2a: Kingambit|Sucker Punch||[still]
|-fail|p2a: Kingambit
|move|p1a: Invader Zim|Stealth Rock|p2a: Kingambit
|-sidestart|p2: jdjdjdbddhdvddvvd|move: Stealth Rock
|
|upkeep
|turn|11
|
|t:|1769410399
|move|p1a: Invader Zim|Spikes|p2a: Kingambit
|-sidestart|p2: jdjdjdbddhdvddvvd|Spikes
|move|p2a: Kingambit|Swords Dance|p2a: Kingambit
|-boost|p2a: Kingambit|atk|2
|
|upkeep
|turn|12
|
|t:|1769410405
|move|p1a: Invader Zim|Taunt|p2a: Kingambit
|-start|p2a: Kingambit|move: Taunt
|move|p2a: Kingambit|Kowtow Cleave|p1a: Invader Zim
|-supereffective|p1a: Invader Zim
|-damage|p1a: Invader Zim|0 fnt
|faint|p1a: Invader Zim
|
|upkeep
|
|t:|1769410409
|switch|p1a: The Janitor|Krookodile, M|100/100
|turn|13
|
|t:|1769410423
|switch|p2a: Inteleon|Inteleon, M|100/100
|-damage|p2a: Inteleon|88/100|[from] Stealth Rock
|-damage|p2a: Inteleon|76/100|[from] Spikes
|move|p1a: The Janitor|Close Combat|p2a: Inteleon
|-crit|p2a: Inteleon
|-damage|p2a: Inteleon|0 fnt
|-unboost|p1a: The Janitor|def|1
|-unboost|p1a: The Janitor|spd|1
|faint|p2a: Inteleon
|-ability|p1a: The Janitor|Moxie|boost
|-boost|p1a: The Janitor|atk|1
|
|upkeep
|
|t:|1769410440
|switch|p2a: Ogerpon|Ogerpon-Wellspring, F|100/100
|-damage|p2a: Ogerpon|88/100|[from] Stealth Rock
|-damage|p2a: Ogerpon|76/100|[from] Spikes
|turn|14
|
|t:|1769410447
|-terastallize|p1a: The Janitor|Ghost
|move|p2a: Ogerpon|Trailblaze|p1a: The Janitor
|-damage|p1a: The Janitor|42/100
|-boost|p2a: Ogerpon|spe|1
|move|p1a: The Janitor|Scale Shot|p2a: Ogerpon|[miss]
|-miss|p1a: The Janitor|p2a: Ogerpon
|
|upkeep
|turn|15
|
|t:|1769410459
|move|p2a: Ogerpon|Ivy Cudgel|p1a: The Janitor|[anim] Ivy Cudgel Water
|-damage|p1a: The Janitor|0 fnt
|faint|p1a: The Janitor
|
|upkeep
|
|t:|1769410461
|switch|p1a: Majora|Ogerpon-Cornerstone, F|100/100
|turn|16
|
|t:|1769410469
|move|p2a: Ogerpon|Trailblaze|p1a: Majora
|-crit|p1a: Majora
|-damage|p1a: Majora|35/100
|-boost|p2a: Ogerpon|spe|1
|move|p1a: Majora|Ivy Cudgel|p2a: Ogerpon|[anim] Ivy Cudgel Rock
|-damage|p2a: Ogerpon|0 fnt
|faint|p2a: Ogerpon
|
|upkeep
|-message|krookodile fangirl forfeited.
|
|win|jdjdjdbddhdvddvvd
|raw|krookodile fangirl's rating: 1158 &rarr; <strong>1129</strong><br />(-29 for losing)
|raw|jdjdjdbddhdvddvvd's rating: 1103 &rarr; <strong>1132</strong><br />(+29 for winning)
|l|☆krookodile fangirl
|player|p1|
|l|☆jdjdjdbddhdvddvvd
|player|p2|
