|j|☆Wifegonefishplenty
|j|☆Trainermilton00
|t:|1769296776
|gametype|singles
|player|p1|Wifegonefishplenty|fisherman|1110
|player|p2|Trainermilton00|morty|1144
|gen|9
|tier|[Gen 9] OU
|rated|
|rule|HP Percentage Mod: HP is shown in percentages
|rule|Endless Battle Clause: Forcing endless battles is banned
|rule|Species Clause: Limit one of each Pokémon
|rule|OHKO Clause: OHKO moves are banned
|rule|Evasion Items Clause: Evasion items are banned
|rule|Evasion Moves Clause: Evasion moves are banned
|rule|Evasion Abilities Clause: Evasion abilities are banned
|rule|Sleep Moves Clause: Sleep-inducing moves are banned
|clearpoke
|poke|p1|Yanmega, F|
|poke|p1|Kommo-o, M|
|poke|p1|Deoxys-Speed|
|poke|p1|Gengar, F|
|poke|p1|Basculin-Blue-Striped, F|
|poke|p1|Thundurus, M|
|poke|p2|Landorus-Therian, M|
|poke|p2|Gholdengo|
|poke|p2|Ogerpon-Wellspring, F|
|poke|p2|Heatran, F|
|poke|p2|Great Tusk|
|poke|p2|Dragapult, M|
|teampreview
|inactive|Battle timer is ON: inactive players will automatically lose when time's up. (requested by Wifegonefishplenty)
|
|t:|1769296781
|teamsize|p1|6
|teamsize|p2|6
|start
|switch|p1a: Big man upstairs|Thundurus, M|100/100
|switch|p2a: Landorus|Landorus-Therian, M|100/100
|-ability|p2a: Landorus|Intimidate|boost
|-unboost|p1a: Big man upstairs|atk|1
|turn|1
|
|t:|1769296792
|move|p1a: Big man upstairs|Nasty Plot|p1a: Big man upstairs
|-boost|p1a: Big man upstairs|spa|2
|move|p2a: Landorus|Stone Edge|p1a: Big man upstairs
|-supereffective|p1a: Big man upstairs
|-damage|p1a: Big man upstairs|2/100
|
|upkeep
|turn|2
|
|t:|1769296802
|move|p1a: Big man upstairs|Grass Knot|p2a: Landorus
|-damage|p2a: Landorus|44/100
|-damage|p1a: Big man upstairs|0 fnt|[from] item: Rocky Helmet|[of] p2a: Landorus
|faint|p1a: Big man upstairs
|move|p2a: Landorus|Stone Edge|p1: Big man upstairs|[notarget]
|-fail|p2a: Landorus
|
|upkeep
|
|t:|1769296811
|switch|p1a: Honoured fish|Basculin-Blue-Striped, F|100/100
|turn|3
|
|t:|1769296815
|move|p1a: Honoured fish|Head Smash|p2a: Landorus
|-damage|p2a: Landorus|4/100
|-damage|p1a: Honoured fish|84/100|[from] item: Rocky Helmet|[of] p2a: Landorus
|-damage|p1a: Honoured fish|74/100|[from] item: Life Orb
|move|p2a: Landorus|Stealth Rock|p1a: Honoured fish
|-sidestart|p1: Wifegonefishplenty|move: Stealth Rock
|
|upkeep
|turn|4
|
|t:|1769296836
|move|p1a: Honoured fish|Head Smash|p2a: Landorus
|-damage|p2a: Landorus|0 fnt
|-damage|p1a: Honoured fish|58/100|[from] item: Rocky Helmet|[of] p2a: Landorus
|faint|p2a: Landorus
|-damage|p1a: Honoured fish|48/100|[from] item: Life Orb
|
|upkeep
|
|t:|1769296848
|switch|p2a: Great Tusk|Great Tusk|100/100
|turn|5
|
|t:|1769296855
|move|p1a: Honoured fish|Psychic Fangs|p2a: Great Tusk
|-supereffective|p2a: Great Tusk
|-damage|p2a: Great Tusk|60/100
|-damage|p1a: Honoured fish|38/100|[from] item: Life Orb
|move|p2a: Great Tusk|Headlong Rush|p1a: Honoured fish
|-damage|p1a: Honoured fish|0 fnt
|-unboost|p2a: Great Tusk|def|1
|-unboost|p2a: Great Tusk|spd|1
|faint|p1a: Honoured fish
|
|upkeep
|
|t:|1769296881
|switch|p1a: Prolly gonna miss|Deoxys-Speed|100/100
|-damage|p1a: Prolly gonna miss|88/100|[from] Stealth Rock
|-ability|p1a: Prolly gonna miss|Pressure
|turn|6
|
|t:|1769296895
|-terastallize|p2a: Great Tusk|Ghost
|move|p1a: Prolly gonna miss|Psycho Boost|p2a: Great Tusk
|-damage|p2a: Great Tusk|0 fnt
|-unboost|p1a: Prolly gonna miss|spa|2
|faint|p2a: Great Tusk
|-end|p2a: Great Tusk|Protosynthesis|[silent]
|
|upkeep
|
|t:|1769296909
|switch|p2a: Gholdengo|Gholdengo|100/100
|turn|7
|
|t:|1769296917
|switch|p1a: Jet engine|Yanmega, F|100/100
|-damage|p1a: Jet engine|51/100|[from] Stealth Rock
|move|p2a: Gholdengo|Shadow Ball|p1a: Jet engine
|-damage|p1a: Jet engine|0 fnt
|faint|p1a: Jet engine
|
|upkeep
|
|t:|1769296920
|switch|p1a: Prolly gonna miss|Deoxys-Speed|88/100
|-damage|p1a: Prolly gonna miss|76/100|[from] Stealth Rock
|-ability|p1a: Prolly gonna miss|Pressure
|turn|8
|
|t:|1769296930
|move|p1a: Prolly gonna miss|Dark Pulse|p2a: Gholdengo
|-supereffective|p2a: Gholdengo
|-damage|p2a: Gholdengo|24/100
|move|p2a: Gholdengo|Shadow Ball|p1a: Prolly gonna miss
|-supereffective|p1a: Prolly gonna miss
|-damage|p1a: Prolly gonna miss|0 fnt
|faint|p1a: Prolly gonna miss
|
|upkeep
|
|t:|1769296935
|switch|p1a: Thing|Gengar, F|100/100
|-damage|p1a: Thing|88/100|[from] Stealth Rock
|-item|p1a: Thing|Air Balloon
|turn|9
|
|t:|1769296943
|move|p2a: Gholdengo|Shadow Ball|p1a: Thing
|-supereffective|p1a: Thing
|-damage|p1a: Thing|0 fnt
|-enditem|p1a: Thing|Air Balloon
|faint|p1a: Thing
|
|upkeep
|
|t:|1769296950
|switch|p1a: Best dragon|Kommo-o, M|100/100
|-damage|p1a: Best dragon|94/100|[from] Stealth Rock
|turn|10
|
|t:|1769296968
|switch|p2a: Dragapult|Dragapult, M|100/100
|move|p1a: Best dragon|Clanging Scales|p2a: Dragapult
|-supereffective|p2a: Dragapult
|-damage|p2a: Dragapult|0 fnt
|faint|p2a: Dragapult
|-unboost|p1a: Best dragon|def|1
|
|-heal|p1a: Best dragon|100/100|[from] item: Leftovers
|upkeep
|
|t:|1769296979
|switch|p2a: Gholdengo|Gholdengo|24/100
|turn|11
|
|t:|1769296989
|move|p2a: Gholdengo|Focus Blast|p1a: Best dragon
|-immune|p1a: Best dragon|[from] ability: Bulletproof
|move|p1a: Best dragon|Clanging Scales|p2a: Gholdengo
|-resisted|p2a: Gholdengo
|-damage|p2a: Gholdengo|0 fnt
|faint|p2a: Gholdengo
|-unboost|p1a: Best dragon|def|1
|
|upkeep
|
|t:|1769297003
|switch|p2a: Ogerpon|Ogerpon-Wellspring, F|100/100
|turn|12
|
|t:|1769297006
|-terastallize|p1a: Best dragon|Fairy
|move|p2a: Ogerpon|Ivy Cudgel|p1a: Best dragon|[anim] Ivy Cudgel Water
|-damage|p1a: Best dragon|0 fnt
|faint|p1a: Best dragon
|
|win|Trainermilton00
|raw|Wifegonefishplenty's rating: 1110 &rarr; <strong>1087</strong><br />(-23 for losing)
|raw|Trainermilton00's rating: 1144 &rarr; <strong>1167</strong><br />(+23 for winning)
|l|☆Wifegonefishplenty
|player|p1|
|l|☆Trainermilton00
|player|p2|
