|j|☆NicheLadder
|j|☆2004 Lexus GX470
|t:|1769371722
|gametype|singles
|player|p1|NicheLadder|266|1697
|player|p2|2004 Lexus GX470|rocketgruntf|1675
|gen|9
|tier|[Gen 9] OU
|rated|
|rule|HP Percentage Mod: HP is shown in percentages
|rule|Endless Battle Clause: Forcing endless battles is banned
|rule|Species Clause: Limit one of each Pokémon
|rule|OHKO Clause: OHKO moves are banned
|rule|Evasion Items Clause: Evasion items are banned
|rule|Evasion Moves Clause: Evasion moves are banned
|rule|Evasion Abilities Clause: Evasion abilities are banned
|rule|Sleep Moves Clause: Sleep-inducing moves are banned
|clearpoke
|poke|p1|Kingambit, F|
|poke|p1|Corviknight, F|
|poke|p1|Cinderace, M|
|poke|p1|Sylveon, M|
|poke|p1|Darkrai|
|poke|p1|Alomomola, F|
|poke|p2|Rabsca, F|
|poke|p2|Kingambit, F|
|poke|p2|Iron Valiant|
|poke|p2|Great Tusk|
|poke|p2|Hatterene, F|
|poke|p2|Dragonite, M|
|teampreview
|inactive|Battle timer is ON: inactive players will automatically lose when time's up. (requested by NicheLadder)
|inactive|2004 Lexus GX470 has 120 seconds left.
|
|t:|1769371762
|teamsize|p1|6
|teamsize|p2|6
|start
|switch|p1a: Sylveon|Sylveon, M|100/100
|switch|p2a: Statutory|Great Tusk|100/100
|turn|1
|
|t:|1769371767
|-end|p2a: Statutory|Protosynthesis|[silent]
|switch|p2a: Bounce On It|Hatterene, F|100/100
|move|p1a: Sylveon|Hyper Voice|p2a: Bounce On It
|-damage|p2a: Bounce On It|49/100
|
|upkeep
|turn|2
|
|t:|1769371774
|move|p1a: Sylveon|Hyper Voice|p2a: Bounce On It
|-crit|p2a: Bounce On It
|-damage|p2a: Bounce On It|0 fnt
|faint|p2a: Bounce On It
|
|upkeep
|
|t:|1769371791
|switch|p2a: Wiggie Smalls|Kingambit, F|100/100
|-activate|p2a: Wiggie Smalls|ability: Supreme Overlord
|-start|p2a: Wiggie Smalls|fallen1|[silent]
|turn|3
|
|t:|1769371800
|switch|p1a: Corviknight|Corviknight, F|100/100
|-ability|p1a: Corviknight|Pressure
|move|p2a: Wiggie Smalls|Iron Head|p1a: Corviknight
|-resisted|p1a: Corviknight
|-damage|p1a: Corviknight|86/100
|-damage|p2a: Wiggie Smalls|84/100|[from] item: Rocky Helmet|[of] p1a: Corviknight
|
|-heal|p2a: Wiggie Smalls|90/100|[from] item: Leftovers
|upkeep
|turn|4
|
|t:|1769371806
|-end|p2a: Wiggie Smalls|fallen1|[silent]
|switch|p2a: better for her|Rabsca, F|100/100
|move|p1a: Corviknight|U-turn|p2a: better for her
|-supereffective|p2a: better for her
|-damage|p2a: better for her|70/100
|-enditem|p2a: better for her|Weakness Policy
|-boost|p2a: better for her|atk|2|[from] item: Weakness Policy
|-boost|p2a: better for her|spa|2|[from] item: Weakness Policy
|
|t:|1769371819
|switch|p1a: Darkrai|Darkrai|100/100|[from] U-turn
|
|upkeep
|turn|5
|
|t:|1769371825
|-terastallize|p2a: better for her|Ground
|move|p1a: Darkrai|Dark Pulse|p2a: better for her
|-damage|p2a: better for her|26/100
|cant|p2a: better for her|flinch
|
|upkeep
|turn|6
|-message|2004 Lexus GX470 forfeited.
|
|win|NicheLadder
|raw|NicheLadder's rating: 1697 &rarr; <strong>1716</strong><br />(+19 for winning)
|raw|2004 Lexus GX470's rating: 1675 &rarr; <strong>1656</strong><br />(-19 for losing)
|l|☆2004 Lexus GX470
|player|p2|
