|j|☆Mortifi
|j|☆MiaTaylor612
|t:|1769348184
|gametype|singles
|player|p1|Mortifi|pokemaniac|1527
|player|p2|MiaTaylor612|idol|1585
|gen|9
|tier|[Gen 9] OU
|rated|
|rule|HP Percentage Mod: HP is shown in percentages
|rule|Endless Battle Clause: Forcing endless battles is banned
|rule|Species Clause: Limit one of each Pokémon
|rule|OHKO Clause: OHKO moves are banned
|rule|Evasion Items Clause: Evasion items are banned
|rule|Evasion Moves Clause: Evasion moves are banned
|rule|Evasion Abilities Clause: Evasion abilities are banned
|rule|Sleep Moves Clause: Sleep-inducing moves are banned
|clearpoke
|poke|p1|Ogerpon-Cornerstone, F|
|poke|p1|Slowking-Galar, M|
|poke|p1|Ting-Lu|
|poke|p1|Raging Bolt|
|poke|p1|Cyclizar, F|
|poke|p1|Corviknight, F|
|poke|p2|Hoopa-Unbound|
|poke|p2|Weezing-Galar, F|
|poke|p2|Alomomola, F|
|poke|p2|Zamazenta-*|
|poke|p2|Zapdos|
|poke|p2|Iron Treads|
|teampreview
|inactive|Battle timer is ON: inactive players will automatically lose when time's up. (requested by MiaTaylor612)
|
|t:|1769348200
|teamsize|p1|6
|teamsize|p2|6
|start
|switch|p1a: Ting-Lu|Ting-Lu|100/100
|switch|p2a: Wishmaster|Hoopa-Unbound|100/100
|-ability|p1a: Ting-Lu|Vessel of Ruin
|turn|1
|
|t:|1769348219
|move|p2a: Wishmaster|Knock Off|p1a: Ting-Lu
|-resisted|p1a: Ting-Lu
|-damage|p1a: Ting-Lu|89/100
|-enditem|p1a: Ting-Lu|Leftovers|[from] move: Knock Off|[of] p2a: Wishmaster
|move|p1a: Ting-Lu|Stealth Rock|p2a: Wishmaster
|-sidestart|p2: MiaTaylor612|move: Stealth Rock
|
|upkeep
|turn|2
|
|t:|1769348226
|switch|p2a: Alomomola|Alomomola, F|100/100
|-damage|p2a: Alomomola|88/100|[from] Stealth Rock
|move|p1a: Ting-Lu|Earthquake|p2a: Alomomola
|-damage|p2a: Alomomola|64/100
|
|upkeep
|turn|3
|j| pooheadahh
|
|t:|1769348238
|switch|p1a: Cyclizar|Cyclizar, F|100/100
|move|p2a: Alomomola|Flip Turn|p1a: Cyclizar
|-resisted|p1a: Cyclizar
|-damage|p1a: Cyclizar|89/100
|
|t:|1769348243
|switch|p2a: Weezing|Weezing-Galar, F|100/100|[from] Flip Turn
|-ability|p2a: Weezing|Neutralizing Gas
|
|upkeep
|turn|4
|
|t:|1769348249
|move|p1a: Cyclizar|U-turn|p2a: Weezing
|-resisted|p2a: Weezing
|-damage|p2a: Weezing|98/100
|
|t:|1769348253
|switch|p1a: Slowking|Slowking-Galar, M|100/100|[from] U-turn
|move|p2a: Weezing|Defog|p1a: Slowking
|-unboost|p1a: Slowking|evasion|1
|-sideend|p2: MiaTaylor612|Stealth Rock|[from] move: Defog|[of] p2a: Weezing
|
|upkeep
|turn|5
|
|t:|1769348262
|-end|p2a: Weezing|ability: Neutralizing Gas
|switch|p2a: Iron Treads|Iron Treads|100/100
|-prepare|p1a: Slowking|Chilly Reception|[premajor]
|move|p1a: Slowking|Chilly Reception|p1a: Slowking
|-weather|Snowscape
|
|t:|1769348272
|switch|p1a: Ting-Lu|Ting-Lu|89/100|[from] Chilly Reception
|-ability|p1a: Ting-Lu|Vessel of Ruin
|
|-weather|Snowscape|[upkeep]
|upkeep
|turn|6
|
|t:|1769348279
|move|p2a: Iron Treads|Ice Spinner|p1a: Ting-Lu
|-supereffective|p1a: Ting-Lu
|-damage|p1a: Ting-Lu|73/100
|move|p1a: Ting-Lu|Earthquake|p2a: Iron Treads
|-supereffective|p2a: Iron Treads
|-damage|p2a: Iron Treads|50/100
|
|-weather|Snowscape|[upkeep]
|-heal|p2a: Iron Treads|57/100|[from] item: Leftovers
|upkeep
|turn|7
|
|t:|1769348287
|-end|p2a: Iron Treads|Quark Drive|[silent]
|switch|p2a: Alomomola|Alomomola, F|97/100
|move|p1a: Ting-Lu|Earthquake|p2a: Alomomola
|-damage|p2a: Alomomola|75/100
|
|-weather|Snowscape|[upkeep]
|upkeep
|turn|8
|
|t:|1769348294
|move|p1a: Ting-Lu|Stealth Rock|p2a: Alomomola
|-sidestart|p2: MiaTaylor612|move: Stealth Rock
|move|p2a: Alomomola|Flip Turn|p1a: Ting-Lu
|-supereffective|p1a: Ting-Lu
|-damage|p1a: Ting-Lu|60/100
|
|t:|1769348302
|switch|p2a: Zapdos|Zapdos|100/100|[from] Flip Turn
|
|-weather|Snowscape|[upkeep]
|upkeep
|turn|9
|
|t:|1769348307
|switch|p2a: Alomomola|Alomomola, F|100/100
|-damage|p2a: Alomomola|88/100|[from] Stealth Rock
|switch|p1a: Slowking|Slowking-Galar, M|100/100
|
|-weather|none
|upkeep
|turn|10
|
|t:|1769348318
|switch|p2a: Iron Treads|Iron Treads|57/100
|-damage|p2a: Iron Treads|54/100|[from] Stealth Rock
|move|p1a: Slowking|Future Sight|p2a: Iron Treads
|-start|p1a: Slowking|move: Future Sight
|
|-heal|p2a: Iron Treads|60/100|[from] item: Leftovers
|upkeep
|turn|11
|
|t:|1769348339
|switch|p1a: Ting-Lu|Ting-Lu|60/100
|-ability|p1a: Ting-Lu|Vessel of Ruin
|move|p2a: Iron Treads|Stealth Rock|p1a: Ting-Lu
|-sidestart|p1: Mortifi|move: Stealth Rock
|
|-heal|p2a: Iron Treads|66/100|[from] item: Leftovers
|upkeep
|turn|12
|
|t:|1769348352
|-end|p2a: Iron Treads|Quark Drive|[silent]
|switch|p2a: Alomomola|Alomomola, F|100/100
|-damage|p2a: Alomomola|88/100|[from] Stealth Rock
|move|p1a: Ting-Lu|Earthquake|p2a: Alomomola
|-damage|p2a: Alomomola|65/100
|
|-end|p2a: Alomomola|move: Future Sight
|-damage|p2a: Alomomola|48/100
|upkeep
|turn|13
|
|t:|1769348361
|switch|p1a: Corviknight|Corviknight, F|100/100
|-damage|p1a: Corviknight|88/100|[from] Stealth Rock
|-ability|p1a: Corviknight|Pressure
|move|p2a: Alomomola|Flip Turn|p1a: Corviknight
|-damage|p1a: Corviknight|79/100
|-damage|p2a: Alomomola|31/100|[from] item: Rocky Helmet|[of] p1a: Corviknight
|
|t:|1769348369
|switch|p2a: Zapdos|Zapdos|100/100|[from] Flip Turn
|
|upkeep
|turn|14
|
|t:|1769348377
|switch|p1a: Slowking|Slowking-Galar, M|100/100
|move|p2a: Zapdos|Heat Wave|p1a: Slowking
|-damage|p1a: Slowking|83/100
|
|upkeep
|turn|15
|
|t:|1769348384
|move|p2a: Zapdos|Hurricane|p1a: Slowking
|-damage|p1a: Slowking|52/100
|-prepare|p1a: Slowking|Chilly Reception|[premajor]
|move|p1a: Slowking|Chilly Reception|p1a: Slowking
|-weather|Snowscape
|
|t:|1769348390
|switch|p1a: Raging Bolt|Raging Bolt|100/100|[from] Chilly Reception
|-damage|p1a: Raging Bolt|88/100|[from] Stealth Rock
|
|-weather|Snowscape|[upkeep]
|upkeep
|turn|16
|
|t:|1769348400
|move|p2a: Zapdos|Volt Switch|p1a: Raging Bolt
|-resisted|p1a: Raging Bolt
|-damage|p1a: Raging Bolt|81/100
|
|t:|1769348403
|switch|p2a: Weezing|Weezing-Galar, F|98/100|[from] Volt Switch
|-ability|p2a: Weezing|Neutralizing Gas
|move|p1a: Raging Bolt|Draco Meteor|p2a: Weezing
|-immune|p2a: Weezing
|
|-weather|Snowscape|[upkeep]
|upkeep
|turn|17
|
|t:|1769348414
|-end|p1a: Raging Bolt|Protosynthesis|[silent]
|switch|p1a: Slowking|Slowking-Galar, M|85/100
|move|p2a: Weezing|Will-O-Wisp|p1a: Slowking
|-status|p1a: Slowking|brn
|
|-weather|Snowscape|[upkeep]
|-damage|p1a: Slowking|79/100 brn|[from] brn
|upkeep
|turn|18
|
|t:|1769348422
|-end|p2a: Weezing|ability: Neutralizing Gas
|switch|p2a: Iron Treads|Iron Treads|66/100
|-damage|p2a: Iron Treads|63/100|[from] Stealth Rock
|move|p1a: Slowking|Future Sight|p2a: Iron Treads
|-start|p1a: Slowking|move: Future Sight
|
|-weather|Snowscape|[upkeep]
|-heal|p2a: Iron Treads|69/100|[from] item: Leftovers
|-damage|p1a: Slowking|73/100 brn|[from] brn
|upkeep
|turn|19
|
|t:|1769348434
|switch|p1a: Cyclizar|Cyclizar, F|89/100
|move|p2a: Iron Treads|Rapid Spin|p1a: Cyclizar
|-damage|p1a: Cyclizar|70/100
|-boost|p2a: Iron Treads|spe|1
|-sideend|p2: MiaTaylor612|Stealth Rock|[from] move: Rapid Spin|[of] p2a: Iron Treads
|
|-weather|none
|-heal|p2a: Iron Treads|75/100|[from] item: Leftovers
|upkeep
|turn|20
|inactive|MiaTaylor612 has 120 seconds left.
|l|☆MiaTaylor612
|inactive|MiaTaylor612 disconnected and has a minute to reconnect!
|player|p2|
|inactive|MiaTaylor612 has 30 seconds to reconnect!
|inactive|MiaTaylor612 has 20 seconds to reconnect!
|inactive|MiaTaylor612 has 15 seconds to reconnect!
|inactive|MiaTaylor612 has 10 seconds to reconnect!
|inactive|MiaTaylor612 has 5 seconds to reconnect!
|-message|MiaTaylor612 lost due to inactivity.
|
|win|Mortifi
|raw|Mortifi's rating: 1527 &rarr; <strong>1550</strong><br />(+23 for winning)
|raw|MiaTaylor612's rating: 1585 &rarr; <strong>1562</strong><br />(-23 for losing)
|l|☆Mortifi
|player|p1|
|l| pooheadahh
