|j|☆Avaluggingdeeznuts
|j|☆AFish14
|t:|1769375542
|gametype|singles
|player|p1|Avaluggingdeeznuts|sailor|1512
|player|p2|AFish14|169|1471
|gen|9
|tier|[Gen 9] OU
|rated|
|rule|HP Percentage Mod: HP is shown in percentages
|rule|Endless Battle Clause: Forcing endless battles is banned
|rule|Species Clause: Limit one of each Pokémon
|rule|OHKO Clause: OHKO moves are banned
|rule|Evasion Items Clause: Evasion items are banned
|rule|Evasion Moves Clause: Evasion moves are banned
|rule|Evasion Abilities Clause: Evasion abilities are banned
|rule|Sleep Moves Clause: Sleep-inducing moves are banned
|clearpoke
|poke|p1|Landorus-Therian, M|
|poke|p1|Cinderace, M|
|poke|p1|Iron Crown|
|poke|p1|Dragapult, F|
|poke|p1|Samurott-Hisui, F|
|poke|p1|Iron Hands|
|poke|p2|Porygon2|
|poke|p2|Dragonite, F|
|poke|p2|Arcanine, F|
|poke|p2|Gengar, M|
|poke|p2|Iron Valiant|
|poke|p2|Metagross|
|teampreview
|inactive|Battle timer is ON: inactive players will automatically lose when time's up. (requested by AFish14)
|
|t:|1769375555
|teamsize|p1|6
|teamsize|p2|6
|start
|switch|p1a: Samurott|Samurott-Hisui, F|100/100
|switch|p2a: Porygon2|Porygon2, shiny|100/100
|-ability|p2a: Porygon2|Download|boost
|-boost|p2a: Porygon2|spa|1
|turn|1
|
|t:|1769375563
|move|p1a: Samurott|Ceaseless Edge|p2a: Porygon2
|-damage|p2a: Porygon2|68/100
|-sidestart|p2: AFish14|Spikes
|move|p2a: Porygon2|Discharge|p1a: Samurott
|-supereffective|p1a: Samurott
|-damage|p1a: Samurott|0 fnt
|faint|p1a: Samurott
|
|upkeep
|
|t:|1769375580
|switch|p1a: Cinderace|Cinderace, M|100/100
|turn|2
|
|t:|1769375587
|move|p1a: Cinderace|Pyro Ball|p2a: Porygon2
|-damage|p2a: Porygon2|29/100
|move|p2a: Porygon2|Recover|p2a: Porygon2
|-heal|p2a: Porygon2|79/100
|
|upkeep
|turn|3
|
|t:|1769375593
|move|p1a: Cinderace|High Jump Kick|p2a: Porygon2|[miss]
|-start|p1a: Cinderace|typechange|Fighting|[from] ability: Libero
|-miss|p1a: Cinderace|p2a: Porygon2
|-damage|p1a: Cinderace|51/100|[from] highjumpkick
|move|p2a: Porygon2|Recover|p2a: Porygon2
|-heal|p2a: Porygon2|100/100
|
|upkeep
|turn|4
|
|t:|1769375598
|switch|p2a: Dragonite|Dragonite, F|100/100
|move|p1a: Cinderace|U-turn|p2a: Dragonite
|-resisted|p2a: Dragonite
|-damage|p2a: Dragonite|95/100
|
|t:|1769375602
|switch|p1a: Iron Hands|Iron Hands|100/100|[from] U-turn
|-enditem|p1a: Iron Hands|Booster Energy
|-activate|p1a: Iron Hands|ability: Quark Drive|[fromitem]
|-start|p1a: Iron Hands|quarkdriveatk
|
|upkeep
|turn|5
|
|t:|1769375611
|-terastallize|p2a: Dragonite|Flying
|move|p2a: Dragonite|Tera Blast|p1a: Iron Hands|[anim] Tera Blast Flying
|-damage|p1a: Iron Hands|61/100
|move|p1a: Iron Hands|Ice Punch|p2a: Dragonite
|-supereffective|p2a: Dragonite
|-damage|p2a: Dragonite|15/100
|
|upkeep
|turn|6
|
|t:|1769375622
|move|p2a: Dragonite|Earthquake|p1a: Iron Hands
|-supereffective|p1a: Iron Hands
|-damage|p1a: Iron Hands|14/100
|move|p1a: Iron Hands|Thunder Punch|p2a: Dragonite
|-supereffective|p2a: Dragonite
|-damage|p2a: Dragonite|0 fnt
|faint|p2a: Dragonite
|
|upkeep
|
|t:|1769375635
|switch|p2a: Gengar|Gengar, M|100/100
|-damage|p2a: Gengar|88/100|[from] Spikes
|turn|7
|
|t:|1769375640
|move|p2a: Gengar|Shadow Ball|p1a: Iron Hands
|-damage|p1a: Iron Hands|0 fnt
|faint|p1a: Iron Hands
|-end|p1a: Iron Hands|Quark Drive|[silent]
|
|upkeep
|
|t:|1769375646
|switch|p1a: Landorus|Landorus-Therian, M|100/100
|-ability|p1a: Landorus|Intimidate|boost
|-unboost|p2a: Gengar|atk|1
|turn|8
|
|t:|1769375649
|switch|p2a: Porygon2|Porygon2, shiny|100/100
|-damage|p2a: Porygon2|88/100|[from] Spikes
|-ability|p2a: Porygon2|Download|boost
|-boost|p2a: Porygon2|spa|1
|move|p1a: Landorus|Earth Power|p2a: Porygon2
|-damage|p2a: Porygon2|61/100
|
|upkeep
|turn|9
|
|t:|1769375658
|move|p1a: Landorus|U-turn|p2a: Porygon2
|-damage|p2a: Porygon2|48/100
|
|t:|1769375660
|switch|p1a: Iron Crown|Iron Crown|100/100|[from] U-turn
|move|p2a: Porygon2|Recover|p2a: Porygon2
|-heal|p2a: Porygon2|98/100
|
|upkeep
|turn|10
|
|t:|1769375663
|move|p1a: Iron Crown|Future Sight|p2a: Porygon2
|-start|p1a: Iron Crown|move: Future Sight
|move|p2a: Porygon2|Shadow Ball|p1a: Iron Crown
|-supereffective|p1a: Iron Crown
|-crit|p1a: Iron Crown
|-damage|p1a: Iron Crown|25/100
|-unboost|p1a: Iron Crown|spd|1
|
|upkeep
|turn|11
|
|t:|1769375671
|move|p1a: Iron Crown|Focus Blast|p2a: Porygon2
|-supereffective|p2a: Porygon2
|-damage|p2a: Porygon2|48/100
|move|p2a: Porygon2|Shadow Ball|p1a: Iron Crown
|-supereffective|p1a: Iron Crown
|-damage|p1a: Iron Crown|0 fnt
|faint|p1a: Iron Crown
|-end|p1a: Iron Crown|Quark Drive|[silent]
|
|upkeep
|
|t:|1769375684
|switch|p1a: Cinderace|Cinderace, M|51/100
|turn|12
|
|t:|1769375687
|move|p1a: Cinderace|Pyro Ball|p2a: Porygon2
|-damage|p2a: Porygon2|12/100
|move|p2a: Porygon2|Recover|p2a: Porygon2
|-heal|p2a: Porygon2|62/100
|
|-end|p2a: Porygon2|move: Future Sight
|-damage|p2a: Porygon2|22/100
|upkeep
|turn|13
|
|t:|1769375693
|switch|p2a: Arcanine|Arcanine, F|100/100
|-damage|p2a: Arcanine|88/100|[from] Spikes
|-ability|p2a: Arcanine|Intimidate|boost
|-unboost|p1a: Cinderace|atk|1
|move|p1a: Cinderace|Pyro Ball|p2a: Arcanine|[miss]
|-miss|p1a: Cinderace|p2a: Arcanine
|
|upkeep
|turn|14
|
|t:|1769375696
|move|p1a: Cinderace|U-turn|p2a: Arcanine
|-start|p1a: Cinderace|typechange|Bug|[from] ability: Libero
|-resisted|p2a: Arcanine
|-damage|p2a: Arcanine|75/100
|
|t:|1769375697
|switch|p1a: Landorus|Landorus-Therian, M|100/100|[from] U-turn
|-ability|p1a: Landorus|Intimidate|boost
|-unboost|p2a: Arcanine|atk|1
|move|p2a: Arcanine|Flare Blitz|p1a: Landorus
|-damage|p1a: Landorus|38/100
|-damage|p2a: Arcanine|54/100|[from] Recoil
|
|upkeep
|turn|15
|
|t:|1769375724
|move|p2a: Arcanine|Flare Blitz|p1a: Landorus
|-damage|p1a: Landorus|0 fnt
|faint|p1a: Landorus
|-damage|p2a: Arcanine|42/100|[from] Recoil
|
|upkeep
|
|t:|1769375725
|switch|p1a: Dragapult|Dragapult, F|100/100
|turn|16
|
|t:|1769375731
|switch|p2a: Porygon2|Porygon2, shiny|22/100
|-damage|p2a: Porygon2|10/100|[from] Spikes
|-ability|p2a: Porygon2|Download|boost
|-boost|p2a: Porygon2|atk|1
|move|p1a: Dragapult|Shadow Ball|p2a: Porygon2
|-immune|p2a: Porygon2
|
|upkeep
|turn|17
|
|t:|1769375735
|move|p1a: Dragapult|Draco Meteor|p2a: Porygon2|[miss]
|-miss|p1a: Dragapult|p2a: Porygon2
|move|p2a: Porygon2|Recover|p2a: Porygon2
|-heal|p2a: Porygon2|60/100
|
|upkeep
|turn|18
|-message|Avaluggingdeeznuts forfeited.
|
|win|AFish14
|raw|Avaluggingdeeznuts's rating: 1512 &rarr; <strong>1490</strong><br />(-22 for losing)
|raw|AFish14's rating: 1471 &rarr; <strong>1493</strong><br />(+22 for winning)
|l|☆Avaluggingdeeznuts
|player|p1|
|l|☆AFish14
|player|p2|
