|j|☆OP Sand
|j|☆blckd out
|t:|1769343240
|gametype|singles
|player|p1|OP Sand|giovanni-masters|1682
|player|p2|blckd out|lucas-gen4pt|1708
|gen|9
|tier|[Gen 9] OU
|rated|
|rule|HP Percentage Mod: HP is shown in percentages
|rule|Endless Battle Clause: Forcing endless battles is banned
|rule|Species Clause: Limit one of each Pokémon
|rule|OHKO Clause: OHKO moves are banned
|rule|Evasion Items Clause: Evasion items are banned
|rule|Evasion Moves Clause: Evasion moves are banned
|rule|Evasion Abilities Clause: Evasion abilities are banned
|rule|Sleep Moves Clause: Sleep-inducing moves are banned
|clearpoke
|poke|p1|Excadrill, F|
|poke|p1|Tyranitar, F|
|poke|p1|Kyurem|
|poke|p1|Hawlucha, M|
|poke|p1|Pawmot, M|
|poke|p1|Volcanion|
|poke|p2|Gholdengo|
|poke|p2|Raging Bolt|
|poke|p2|Ceruledge, M|
|poke|p2|Ribombee, F|
|poke|p2|Ogerpon-Wellspring, F|
|poke|p2|Great Tusk|
|teampreview
|inactive|Battle timer is ON: inactive players will automatically lose when time's up. (requested by OP Sand)
|
|t:|1769343249
|teamsize|p1|6
|teamsize|p2|6
|start
|switch|p1a: Shukaku|Tyranitar, F, shiny|100/100
|switch|p2a: Ribombee|Ribombee, F|100/100
|-weather|Sandstorm|[from] ability: Sand Stream|[of] p1a: Shukaku
|turn|1
|
|t:|1769343255
|move|p2a: Ribombee|Sticky Web|p1a: Shukaku
|-sidestart|p1: OP Sand|move: Sticky Web
|move|p1a: Shukaku|Thunder Wave|p2a: Ribombee|[miss]
|-miss|p1a: Shukaku|p2a: Ribombee
|
|-weather|Sandstorm|[upkeep]
|-damage|p2a: Ribombee|94/100|[from] Sandstorm
|upkeep
|turn|2
|
|t:|1769343276
|switch|p2a: Ogerpon|Ogerpon-Wellspring, F|100/100
|move|p1a: Shukaku|Thunder Wave|p2a: Ogerpon
|-status|p2a: Ogerpon|par
|
|-weather|Sandstorm|[upkeep]
|-damage|p2a: Ogerpon|95/100 par|[from] Sandstorm
|upkeep
|turn|3
|
|t:|1769343290
|switch|p1a: Frieza|Kyurem, shiny|100/100
|-activate|p1a: Frieza|move: Sticky Web
|-unboost|p1a: Frieza|spe|1
|-ability|p1a: Frieza|Pressure
|move|p2a: Ogerpon|Ivy Cudgel|p1a: Frieza|[anim] Ivy Cudgel Water
|-resisted|p1a: Frieza
|-damage|p1a: Frieza|75/100
|
|-weather|Sandstorm|[upkeep]
|-damage|p1a: Frieza|69/100|[from] Sandstorm
|-damage|p2a: Ogerpon|89/100 par|[from] Sandstorm
|upkeep
|turn|4
|
|t:|1769343314
|move|p1a: Frieza|Freeze-Dry|p2a: Ogerpon
|-supereffective|p2a: Ogerpon
|-damage|p2a: Ogerpon|0 fnt
|faint|p2a: Ogerpon
|
|-weather|Sandstorm|[upkeep]
|-damage|p1a: Frieza|63/100|[from] Sandstorm
|upkeep
|
|t:|1769343320
|switch|p2a: Gholdengo|Gholdengo|100/100
|-item|p2a: Gholdengo|Air Balloon
|turn|5
|
|t:|1769343324
|switch|p1a: Volcanion|Volcanion|100/100
|-activate|p1a: Volcanion|move: Sticky Web
|-unboost|p1a: Volcanion|spe|1
|move|p2a: Gholdengo|Nasty Plot|p2a: Gholdengo
|-boost|p2a: Gholdengo|spa|2
|
|-weather|Sandstorm|[upkeep]
|-damage|p1a: Volcanion|94/100|[from] Sandstorm
|upkeep
|turn|6
|j| Sviqma
|
|t:|1769343353
|switch|p1a: Shukaku|Tyranitar, F, shiny|100/100
|-activate|p1a: Shukaku|move: Sticky Web
|-unboost|p1a: Shukaku|spe|1
|move|p2a: Gholdengo|Shadow Ball|p1a: Shukaku
|-resisted|p1a: Shukaku
|-damage|p1a: Shukaku|72/100
|-unboost|p1a: Shukaku|spd|1
|
|-weather|Sandstorm|[upkeep]
|upkeep
|turn|7
|
|t:|1769343365
|switch|p1a: Volcanion|Volcanion|94/100
|-activate|p1a: Volcanion|move: Sticky Web
|-unboost|p1a: Volcanion|spe|1
|move|p2a: Gholdengo|Dazzling Gleam|p1a: Volcanion
|-resisted|p1a: Volcanion
|-damage|p1a: Volcanion|58/100
|
|-weather|Sandstorm|[upkeep]
|-damage|p1a: Volcanion|52/100|[from] Sandstorm
|upkeep
|turn|8
|inactive|OP Sand has 120 seconds left.
|inactive|blckd out has 120 seconds left.
|
|t:|1769343411
|switch|p1a: Frieza|Kyurem, shiny|63/100
|-activate|p1a: Frieza|move: Sticky Web
|-unboost|p1a: Frieza|spe|1
|-ability|p1a: Frieza|Pressure
|move|p2a: Gholdengo|Shadow Ball|p1a: Frieza
|-damage|p1a: Frieza|0 fnt
|faint|p1a: Frieza
|
|-weather|none
|upkeep
|
|t:|1769343414
|switch|p1a: Itachi|Hawlucha, M, shiny|100/100
|-ability|p1a: Itachi|Mold Breaker
|turn|9
|
|t:|1769343418
|move|p1a: Itachi|Defog|p2a: Gholdengo
|-unboost|p2a: Gholdengo|evasion|1
|-sideend|p1: OP Sand|Sticky Web|[from] move: Defog|[of] p1a: Itachi
|move|p2a: Gholdengo|Dazzling Gleam|p1a: Itachi
|-supereffective|p1a: Itachi
|-damage|p1a: Itachi|0 fnt
|faint|p1a: Itachi
|
|upkeep
|
|t:|1769343422
|switch|p1a: Volcanion|Volcanion|52/100
|turn|10
|inactive|blckd out has 120 seconds left.
|inactive|blckd out has 90 seconds left.
|
|t:|1769343481
|move|p1a: Volcanion|Flamethrower|p2a: Gholdengo
|-supereffective|p2a: Gholdengo
|-damage|p2a: Gholdengo|0 fnt
|-enditem|p2a: Gholdengo|Air Balloon
|faint|p2a: Gholdengo
|
|upkeep
|
|t:|1769343487
|switch|p2a: Ribombee|Ribombee, F|94/100
|turn|11
|
|t:|1769343500
|move|p2a: Ribombee|Sticky Web|p1a: Volcanion
|-sidestart|p1: OP Sand|move: Sticky Web
|move|p1a: Volcanion|Flamethrower|p2a: Ribombee
|-supereffective|p2a: Ribombee
|-damage|p2a: Ribombee|0 fnt
|faint|p2a: Ribombee
|
|upkeep
|inactive|blckd out has 60 seconds left.
|
|t:|1769343549
|switch|p2a: Raging Bolt|Raging Bolt|100/100
|-enditem|p2a: Raging Bolt|Booster Energy
|-activate|p2a: Raging Bolt|ability: Protosynthesis|[fromitem]
|-start|p2a: Raging Bolt|protosynthesisspa
|turn|12
|j| Tb_cccc15
|
|t:|1769343563
|switch|p1a: Shukaku|Tyranitar, F, shiny|72/100
|-activate|p1a: Shukaku|move: Sticky Web
|-unboost|p1a: Shukaku|spe|1
|-weather|Sandstorm|[from] ability: Sand Stream|[of] p1a: Shukaku
|move|p2a: Raging Bolt|Dragon Pulse|p1a: Shukaku
|-damage|p1a: Shukaku|29/100
|
|-weather|Sandstorm|[upkeep]
|-damage|p2a: Raging Bolt|94/100|[from] Sandstorm
|upkeep
|turn|13
|
|t:|1769343592
|switch|p1a: OP|Excadrill, F|100/100
|-activate|p1a: OP|move: Sticky Web
|-unboost|p1a: OP|spe|1
|move|p2a: Raging Bolt|Dragon Pulse|p1a: OP
|-resisted|p1a: OP
|-damage|p1a: OP|55/100
|
|-weather|Sandstorm|[upkeep]
|-damage|p2a: Raging Bolt|88/100|[from] Sandstorm
|upkeep
|turn|14
|inactive|blckd out has 60 seconds left.
|
|t:|1769343601
|move|p1a: OP|Earthquake|p2a: Raging Bolt
|-supereffective|p2a: Raging Bolt
|-damage|p2a: Raging Bolt|0 fnt
|faint|p2a: Raging Bolt
|-end|p2a: Raging Bolt|Protosynthesis|[silent]
|
|-weather|Sandstorm|[upkeep]
|upkeep
|inactive|blckd out has 60 seconds left.
|
|t:|1769343608
|switch|p2a: Ceruledge|Ceruledge, M|100/100
|turn|15
|
|t:|1769343611
|-terastallize|p1a: OP|Fire
|move|p1a: OP|Earthquake|p2a: Ceruledge
|-supereffective|p2a: Ceruledge
|-enditem|p2a: Ceruledge|Focus Sash
|-damage|p2a: Ceruledge|1/100
|-ability|p2a: Ceruledge|Weak Armor|boost
|-unboost|p2a: Ceruledge|def|1
|-boost|p2a: Ceruledge|spe|2
|move|p2a: Ceruledge|Bitter Blade|p1a: OP
|-resisted|p1a: OP
|-damage|p1a: OP|21/100
|-heal|p2a: Ceruledge|22/100|[from] drain|[of] p1a: OP
|
|-weather|Sandstorm|[upkeep]
|-damage|p2a: Ceruledge|16/100|[from] Sandstorm
|upkeep
|turn|16
|
|t:|1769343623
|switch|p1a: Volcanion|Volcanion|52/100
|-activate|p1a: Volcanion|move: Sticky Web
|-unboost|p1a: Volcanion|spe|1
|move|p2a: Ceruledge|Bitter Blade|p1a: Volcanion
|-resisted|p1a: Volcanion
|-damage|p1a: Volcanion|39/100
|-heal|p2a: Ceruledge|22/100|[from] drain|[of] p1a: Volcanion
|
|-weather|Sandstorm|[upkeep]
|-damage|p2a: Ceruledge|16/100|[from] Sandstorm
|-damage|p1a: Volcanion|33/100|[from] Sandstorm
|upkeep
|turn|17
|
|t:|1769343634
|move|p2a: Ceruledge|Poltergeist|p1a: Volcanion
|-activate|p1a: Volcanion|move: Poltergeist|Choice Scarf
|-damage|p1a: Volcanion|0 fnt
|faint|p1a: Volcanion
|
|-weather|Sandstorm|[upkeep]
|-damage|p2a: Ceruledge|10/100|[from] Sandstorm
|upkeep
|
|t:|1769343650
|switch|p1a: Porunga|Pawmot, M|100/100
|-activate|p1a: Porunga|move: Sticky Web
|-unboost|p1a: Porunga|spe|1
|turn|18
|
|t:|1769343673
|move|p2a: Ceruledge|Bitter Blade|p1a: Porunga
|-damage|p1a: Porunga|28/100
|-heal|p2a: Ceruledge|50/100|[from] drain|[of] p1a: Porunga
|move|p1a: Porunga|Revival Blessing|p1a: Porunga
|-enditem|p1a: Porunga|Leppa Berry|[eat]
|-activate|p1a: Porunga|item: Leppa Berry|Revival Blessing|[consumed]
|inactive|OP Sand has 120 seconds left.
|
|t:|1769343686
|-heal|p1: Volcanion|50/100|[from] move: Revival Blessing
|
|-weather|Sandstorm|[upkeep]
|-damage|p2a: Ceruledge|43/100|[from] Sandstorm
|-damage|p1a: Porunga|22/100|[from] Sandstorm
|upkeep
|turn|19
|inactive|blckd out has 90 seconds left.
|inactive|OP Sand has 120 seconds left.
|
|t:|1769343712
|move|p2a: Ceruledge|Bitter Blade|p1a: Porunga
|-damage|p1a: Porunga|0 fnt
|-heal|p2a: Ceruledge|55/100|[from] drain|[of] p1a: Porunga
|faint|p1a: Porunga
|
|-weather|none
|upkeep
|
|t:|1769343716
|switch|p1a: Volcanion|Volcanion|50/100
|-activate|p1a: Volcanion|move: Sticky Web
|-unboost|p1a: Volcanion|spe|1
|turn|20
|inactive|blckd out has 90 seconds left.
|
|t:|1769343734
|move|p2a: Ceruledge|Poltergeist|p1a: Volcanion
|-activate|p1a: Volcanion|move: Poltergeist|Choice Scarf
|-damage|p1a: Volcanion|0 fnt
|faint|p1a: Volcanion
|
|upkeep
|-message|OP Sand forfeited.
|
|win|blckd out
|raw|OP Sand's rating: 1682 &rarr; <strong>1665</strong><br />(-17 for losing)
|raw|blckd out's rating: 1731 &rarr; <strong>1748</strong><br />(+17 for winning)
|l|☆OP Sand
|player|p1|
|l| Sviqma
|l|☆blckd out
|player|p2|
