|j|☆cooosh_
|j|☆The Dragon Lair
|t:|1769328543
|gametype|singles
|player|p1|cooosh_|170|1210
|player|p2|The Dragon Lair|ghetsis-gen5bw|1228
|gen|9
|tier|[Gen 9] OU
|rated|
|rule|HP Percentage Mod: HP is shown in percentages
|rule|Endless Battle Clause: Forcing endless battles is banned
|rule|Species Clause: Limit one of each Pokémon
|rule|OHKO Clause: OHKO moves are banned
|rule|Evasion Items Clause: Evasion items are banned
|rule|Evasion Moves Clause: Evasion moves are banned
|rule|Evasion Abilities Clause: Evasion abilities are banned
|rule|Sleep Moves Clause: Sleep-inducing moves are banned
|clearpoke
|poke|p1|Ursaluna, M|
|poke|p1|Dudunsparce-*, F|
|poke|p1|Staraptor, M|
|poke|p1|Smeargle, M|
|poke|p1|Maushold|
|poke|p1|Zoroark-Hisui, F|
|poke|p2|Dragonite, M|
|poke|p2|Dragapult, M|
|poke|p2|Regidrago|
|poke|p2|Raging Bolt|
|poke|p2|Goodra-Hisui, M|
|poke|p2|Noivern, M|
|teampreview
|inactive|Battle timer is ON: inactive players will automatically lose when time's up. (requested by cooosh_)
|c|☆The Dragon Lair|Oh?
|c|☆The Dragon Lair|GL
|
|t:|1769328572
|teamsize|p1|6
|teamsize|p2|6
|start
|switch|p1a: Ursaluna|Ursaluna, M|100/100
|switch|p2a: Noivern|Noivern, M|100/100
|turn|1
|
|t:|1769328580
|move|p2a: Noivern|Switcheroo|p1a: Ursaluna
|-activate|p2a: Noivern|move: Trick|[of] p1a: Ursaluna
|-item|p1a: Ursaluna|Choice Scarf|[from] move: Switcheroo
|-item|p2a: Noivern|Choice Specs|[from] move: Switcheroo
|move|p1a: Ursaluna|Hyper Voice|p2a: Noivern
|-damage|p2a: Noivern|52/100
|
|upkeep
|turn|2
|
|t:|1769328591
|move|p1a: Ursaluna|Hyper Voice|p2a: Noivern
|-damage|p2a: Noivern|5/100
|move|p2a: Noivern|Tailwind|p2a: Noivern
|-sidestart|p2: The Dragon Lair|move: Tailwind
|
|upkeep
|turn|3
|
|t:|1769328602
|switch|p2a: Dragapult|Dragapult, M|100/100
|switch|p1a: Smeargle|Smeargle, M|100/100
|
|upkeep
|turn|4
|
|t:|1769328614
|move|p2a: Dragapult|Will-O-Wisp|p1a: Smeargle|[miss]
|-miss|p2a: Dragapult|p1a: Smeargle
|move|p1a: Smeargle|Toxic|p2a: Dragapult
|-status|p2a: Dragapult|tox
|
|-damage|p2a: Dragapult|95/100 tox|[from] psn
|upkeep
|turn|5
|
|t:|1769328625
|switch|p2a: Goodra|Goodra-Hisui, M|100/100
|move|p1a: Smeargle|Sticky Web|p2a: Goodra
|-sidestart|p2: The Dragon Lair|move: Sticky Web
|
|-sideend|p2: The Dragon Lair|move: Tailwind
|upkeep
|turn|6
|
|t:|1769328634
|move|p1a: Smeargle|Stealth Rock|p2a: Goodra
|-sidestart|p2: The Dragon Lair|move: Stealth Rock
|move|p2a: Goodra|Curse|p2a: Goodra
|-unboost|p2a: Goodra|spe|1
|-boost|p2a: Goodra|atk|1
|-boost|p2a: Goodra|def|1
|
|upkeep
|turn|7
|
|t:|1769328644
|move|p1a: Smeargle|Ceaseless Edge|p2a: Goodra
|-damage|p2a: Goodra|95/100
|-ability|p2a: Goodra|Gooey
|-unboost|p1a: Smeargle|spe|1
|-sidestart|p2: The Dragon Lair|Spikes
|move|p2a: Goodra|Curse|p2a: Goodra
|-unboost|p2a: Goodra|spe|1
|-boost|p2a: Goodra|atk|1
|-boost|p2a: Goodra|def|1
|
|-heal|p2a: Goodra|100/100|[from] item: Leftovers
|upkeep
|turn|8
|
|t:|1769328657
|move|p1a: Smeargle|Ceaseless Edge|p2a: Goodra|[miss]
|-miss|p1a: Smeargle|p2a: Goodra
|move|p2a: Goodra|Curse|p2a: Goodra
|-unboost|p2a: Goodra|spe|1
|-boost|p2a: Goodra|atk|1
|-boost|p2a: Goodra|def|1
|
|upkeep
|turn|9
|
|t:|1769328665
|move|p1a: Smeargle|Ceaseless Edge|p2a: Goodra
|-damage|p2a: Goodra|97/100
|-ability|p2a: Goodra|Gooey
|-unboost|p1a: Smeargle|spe|1
|-sidestart|p2: The Dragon Lair|Spikes
|move|p2a: Goodra|Dragon Tail|p1a: Smeargle
|-enditem|p1a: Smeargle|Focus Sash
|-damage|p1a: Smeargle|1/100
|drag|p1a: Maushold|Maushold|100/100
|
|-heal|p2a: Goodra|100/100|[from] item: Leftovers
|upkeep
|turn|10
|
|t:|1769328681
|move|p1a: Maushold|Tidy Up|p1a: Maushold
|-sideend|p2: The Dragon Lair|Spikes
|-sideend|p2: The Dragon Lair|Stealth Rock
|-sideend|p2: The Dragon Lair|Sticky Web
|-activate|p1a: Maushold|move: Tidy Up
|-boost|p1a: Maushold|atk|1
|-boost|p1a: Maushold|spe|1
|move|p2a: Goodra|Gyro Ball|p1a: Maushold
|-damage|p1a: Maushold|0 fnt
|faint|p1a: Maushold
|
|upkeep
|-message|cooosh_ forfeited.
|
|win|The Dragon Lair
|raw|cooosh_'s rating: 1210 &rarr; <strong>1186</strong><br />(-24 for losing)
|raw|The Dragon Lair's rating: 1228 &rarr; <strong>1252</strong><br />(+24 for winning)
|l|☆The Dragon Lair
|player|p2|
