|j|☆aaron200589
|j|☆Ghee Butter$naps
|t:|1769352686
|gametype|singles
|player|p1|aaron200589|giovanni|1330
|player|p2|Ghee Butter$naps|marshal|1367
|gen|9
|tier|[Gen 9] OU
|rated|
|rule|HP Percentage Mod: HP is shown in percentages
|rule|Endless Battle Clause: Forcing endless battles is banned
|rule|Species Clause: Limit one of each Pokémon
|rule|OHKO Clause: OHKO moves are banned
|rule|Evasion Items Clause: Evasion items are banned
|rule|Evasion Moves Clause: Evasion moves are banned
|rule|Evasion Abilities Clause: Evasion abilities are banned
|rule|Sleep Moves Clause: Sleep-inducing moves are banned
|clearpoke
|poke|p1|Corviknight, F|
|poke|p1|Iron Valiant|
|poke|p1|Ogerpon-Wellspring, F|
|poke|p1|Raging Bolt|
|poke|p1|Kingambit, M|
|poke|p1|Slowking-Galar, M|
|poke|p2|Tyranitar, M|
|poke|p2|Excadrill, M|
|poke|p2|Zapdos|
|poke|p2|Gholdengo|
|poke|p2|Ogerpon-Wellspring, F|
|poke|p2|Kingambit, M|
|teampreview
|inactive|Battle timer is ON: inactive players will automatically lose when time's up. (requested by Ghee Butter$naps)
|
|t:|1769352693
|teamsize|p1|6
|teamsize|p2|6
|start
|switch|p1a: Ogerpon|Ogerpon-Wellspring, F|100/100
|switch|p2a: Zapdos|Zapdos|100/100
|turn|1
|
|t:|1769352700
|switch|p1a: Slowking|Slowking-Galar, M|100/100
|move|p2a: Zapdos|Hurricane|p1a: Slowking
|-damage|p1a: Slowking|65/100
|
|upkeep
|turn|2
|
|t:|1769352710
|move|p2a: Zapdos|Hurricane|p1a: Slowking
|-damage|p1a: Slowking|36/100
|-start|p1a: Slowking|confusion
|-prepare|p1a: Slowking|Chilly Reception|[premajor]
|-activate|p1a: Slowking|confusion
|-damage|p1a: Slowking|30/100|[from] confusion
|
|upkeep
|turn|3
|
|t:|1769352727
|switch|p2a: Tyranitar|Tyranitar, M|100/100
|-weather|Sandstorm|[from] ability: Sand Stream|[of] p2a: Tyranitar
|switch|p1a: TITAN ACORAZADO|Corviknight, F, shiny|100/100
|-ability|p1a: TITAN ACORAZADO|Pressure
|
|-weather|Sandstorm|[upkeep]
|upkeep
|turn|4
|
|t:|1769352743
|move|p2a: Tyranitar|Knock Off|p1a: TITAN ACORAZADO
|-damage|p1a: TITAN ACORAZADO|54/100
|-damage|p2a: Tyranitar|84/100|[from] item: Rocky Helmet|[of] p1a: TITAN ACORAZADO
|-enditem|p1a: TITAN ACORAZADO|Rocky Helmet|[from] move: Knock Off|[of] p2a: Tyranitar
|move|p1a: TITAN ACORAZADO|U-turn|p2a: Tyranitar
|-supereffective|p2a: Tyranitar
|-crit|p2a: Tyranitar
|-damage|p2a: Tyranitar|40/100
|
|t:|1769352751
|switch|p1a: Ogerpon|Ogerpon-Wellspring, F|100/100|[from] U-turn
|
|-weather|Sandstorm|[upkeep]
|-damage|p1a: Ogerpon|95/100|[from] Sandstorm
|upkeep
|turn|5
|
|t:|1769352758
|switch|p2a: Ogerpon|Ogerpon-Wellspring, F|100/100
|move|p1a: Ogerpon|U-turn|p2a: Ogerpon
|-supereffective|p2a: Ogerpon
|-damage|p2a: Ogerpon|32/100
|
|t:|1769352764
|switch|p1a: TITAN ACORAZADO|Corviknight, F, shiny|54/100|[from] U-turn
|-ability|p1a: TITAN ACORAZADO|Pressure
|
|-weather|Sandstorm|[upkeep]
|-damage|p2a: Ogerpon|26/100|[from] Sandstorm
|upkeep
|turn|6
|
|t:|1769352775
|switch|p2a: Zapdos|Zapdos|100/100
|move|p1a: TITAN ACORAZADO|U-turn|p2a: Zapdos
|-resisted|p2a: Zapdos
|-damage|p2a: Zapdos|91/100
|-status|p1a: TITAN ACORAZADO|par|[from] ability: Static|[of] p2a: Zapdos
|
|t:|1769352783
|switch|p1a: Raging Bolt|Raging Bolt|100/100|[from] U-turn
|
|-weather|Sandstorm|[upkeep]
|-damage|p2a: Zapdos|85/100|[from] Sandstorm
|-damage|p1a: Raging Bolt|94/100|[from] Sandstorm
|upkeep
|turn|7
|
|t:|1769352795
|move|p2a: Zapdos|Volt Switch|p1a: Raging Bolt
|-resisted|p1a: Raging Bolt
|-damage|p1a: Raging Bolt|86/100
|
|t:|1769352798
|switch|p2a: Excadrill|Excadrill, M|100/100|[from] Volt Switch
|move|p1a: Raging Bolt|Draco Meteor|p2a: Excadrill
|-resisted|p2a: Excadrill
|-damage|p2a: Excadrill|26/100
|-unboost|p1a: Raging Bolt|spa|2
|
|-weather|none
|upkeep
|turn|8
|
|t:|1769352809
|switch|p2a: Zapdos|Zapdos|85/100
|-end|p1a: Raging Bolt|Protosynthesis|[silent]
|switch|p1a: TITAN ACORAZADO|Corviknight, F, shiny|54/100 par
|-ability|p1a: TITAN ACORAZADO|Pressure
|
|upkeep
|turn|9
|
|t:|1769352817
|switch|p1a: Slowking|Slowking-Galar, M|63/100
|move|p2a: Zapdos|Volt Switch|p1a: Slowking
|-damage|p1a: Slowking|40/100
|
|t:|1769352823
|switch|p2a: Gholdengo|Gholdengo|100/100|[from] Volt Switch
|
|upkeep
|turn|10
|
|t:|1769352834
|move|p2a: Gholdengo|Trick|p1a: Slowking
|-activate|p2a: Gholdengo|move: Trick|[of] p1a: Slowking
|-item|p1a: Slowking|Choice Specs|[from] move: Trick
|-item|p2a: Gholdengo|Heavy-Duty Boots|[from] move: Trick
|-prepare|p1a: Slowking|Chilly Reception|[premajor]
|move|p1a: Slowking|Chilly Reception|p1a: Slowking
|-weather|Snowscape
|
|t:|1769352841
|switch|p1a: Raging Bolt|Raging Bolt|86/100|[from] Chilly Reception
|
|-weather|Snowscape|[upkeep]
|upkeep
|turn|11
|
|t:|1769352858
|switch|p2a: Excadrill|Excadrill, M|26/100
|move|p1a: Raging Bolt|Draco Meteor|p2a: Excadrill
|-resisted|p2a: Excadrill
|-damage|p2a: Excadrill|0 fnt
|-unboost|p1a: Raging Bolt|spa|2
|faint|p2a: Excadrill
|
|-weather|Snowscape|[upkeep]
|upkeep
|
|t:|1769352863
|switch|p2a: Tyranitar|Tyranitar, M|40/100
|-weather|Sandstorm|[from] ability: Sand Stream|[of] p2a: Tyranitar
|turn|12
|
|t:|1769352875
|-end|p1a: Raging Bolt|Protosynthesis|[silent]
|switch|p1a: Slowking|Slowking-Galar, M|73/100
|move|p2a: Tyranitar|Knock Off|p1a: Slowking
|-supereffective|p1a: Slowking
|-damage|p1a: Slowking|0 fnt
|-enditem|p1a: Slowking|Choice Specs|[from] move: Knock Off|[of] p2a: Tyranitar
|faint|p1a: Slowking
|
|-weather|Sandstorm|[upkeep]
|upkeep
|
|t:|1769352887
|switch|p1a: Iron Valiant|Iron Valiant, shiny|100/100
|-enditem|p1a: Iron Valiant|Booster Energy
|-activate|p1a: Iron Valiant|ability: Quark Drive|[fromitem]
|-start|p1a: Iron Valiant|quarkdrivespe
|turn|13
|
|t:|1769352899
|switch|p2a: Gholdengo|Gholdengo|100/100
|move|p1a: Iron Valiant|Shadow Ball|p2a: Gholdengo
|-supereffective|p2a: Gholdengo
|-damage|p2a: Gholdengo|40/100
|-unboost|p2a: Gholdengo|spd|1
|
|-weather|Sandstorm|[upkeep]
|-damage|p1a: Iron Valiant|94/100|[from] Sandstorm
|upkeep
|turn|14
|
|t:|1769352910
|move|p1a: Iron Valiant|Shadow Ball|p2a: Gholdengo
|-supereffective|p2a: Gholdengo
|-damage|p2a: Gholdengo|0 fnt
|faint|p2a: Gholdengo
|
|-weather|Sandstorm|[upkeep]
|-damage|p1a: Iron Valiant|88/100|[from] Sandstorm
|upkeep
|
|t:|1769352926
|switch|p2a: Zapdos|Zapdos|85/100
|turn|15
|
|t:|1769352932
|-end|p1a: Iron Valiant|Quark Drive|[silent]
|switch|p1a: Raging Bolt|Raging Bolt|86/100
|move|p2a: Zapdos|Hurricane|p1a: Raging Bolt
|-resisted|p1a: Raging Bolt
|-damage|p1a: Raging Bolt|60/100
|
|-weather|Sandstorm|[upkeep]
|-damage|p2a: Zapdos|79/100|[from] Sandstorm
|-damage|p1a: Raging Bolt|54/100|[from] Sandstorm
|upkeep
|turn|16
|
|t:|1769352946
|switch|p2a: Tyranitar|Tyranitar, M|40/100
|move|p1a: Raging Bolt|Thunderbolt|p2a: Tyranitar
|-damage|p2a: Tyranitar|0 fnt
|faint|p2a: Tyranitar
|
|-weather|none
|upkeep
|
|t:|1769352951
|switch|p2a: Kingambit|Kingambit, M|100/100
|-activate|p2a: Kingambit|ability: Supreme Overlord
|-start|p2a: Kingambit|fallen3|[silent]
|turn|17
|
|t:|1769352964
|move|p1a: Raging Bolt|Thunderbolt|p2a: Kingambit
|-damage|p2a: Kingambit|10/100
|move|p2a: Kingambit|Low Kick|p1a: Raging Bolt
|-damage|p1a: Raging Bolt|6/100
|
|upkeep
|turn|18
|
|t:|1769352971
|-end|p1a: Raging Bolt|Protosynthesis|[silent]
|switch|p1a: TITAN ACORAZADO|Corviknight, F, shiny|54/100 par
|-ability|p1a: TITAN ACORAZADO|Pressure
|-end|p2a: Kingambit|fallen3|[silent]
|switch|p2a: Zapdos|Zapdos|79/100
|
|upkeep
|turn|19
|
|t:|1769352980
|move|p2a: Zapdos|Thunderbolt|p1a: TITAN ACORAZADO
|-supereffective|p1a: TITAN ACORAZADO
|-damage|p1a: TITAN ACORAZADO|0 fnt
|faint|p1a: TITAN ACORAZADO
|
|upkeep
|
|t:|1769352990
|switch|p1a: Raging Bolt|Raging Bolt|6/100
|turn|20
|
|t:|1769352994
|switch|p2a: Ogerpon|Ogerpon-Wellspring, F|26/100
|move|p1a: Raging Bolt|Thunderclap||[still]
|-fail|p1a: Raging Bolt
|
|upkeep
|turn|21
|
|t:|1769353000
|-end|p1a: Raging Bolt|Protosynthesis|[silent]
|switch|p1a: Ogerpon|Ogerpon-Wellspring, F|95/100
|move|p2a: Ogerpon|Synthesis|p2a: Ogerpon
|-heal|p2a: Ogerpon|76/100
|
|upkeep
|turn|22
|inactive|aaron200589 has 120 seconds left.
|
|t:|1769353050
|switch|p2a: Zapdos|Zapdos|79/100
|move|p1a: Ogerpon|U-turn|p2a: Zapdos
|-resisted|p2a: Zapdos
|-damage|p2a: Zapdos|63/100
|-status|p1a: Ogerpon|par|[from] ability: Static|[of] p2a: Zapdos
|
|t:|1769353059
|switch|p1a: Iron Valiant|Iron Valiant, shiny|88/100|[from] U-turn
|
|upkeep
|turn|23
|
|t:|1769353065
|move|p2a: Zapdos|Hurricane|p1a: Iron Valiant|[miss]
|-miss|p2a: Zapdos|p1a: Iron Valiant
|move|p1a: Iron Valiant|Destiny Bond|p1a: Iron Valiant
|-singlemove|p1a: Iron Valiant|Destiny Bond
|
|upkeep
|turn|24
|
|t:|1769353079
|move|p2a: Zapdos|Hurricane|p1a: Iron Valiant|[miss]
|-miss|p2a: Zapdos|p1a: Iron Valiant
|move|p1a: Iron Valiant|Calm Mind|p1a: Iron Valiant
|-boost|p1a: Iron Valiant|spa|1
|-boost|p1a: Iron Valiant|spd|1
|
|upkeep
|turn|25
|inactive|aaron200589 has 120 seconds left.
|
|t:|1769353088
|move|p2a: Zapdos|Hurricane|p1a: Iron Valiant
|-supereffective|p1a: Iron Valiant
|-damage|p1a: Iron Valiant|0 fnt
|faint|p1a: Iron Valiant
|-end|p1a: Iron Valiant|Quark Drive|[silent]
|
|upkeep
|inactive|aaron200589 has 120 seconds left.
|
|t:|1769353094
|switch|p1a: Raging Bolt|Raging Bolt|6/100
|turn|26
|
|t:|1769353101
|move|p2a: Zapdos|Hurricane|p1a: Raging Bolt
|-resisted|p1a: Raging Bolt
|-damage|p1a: Raging Bolt|0 fnt
|faint|p1a: Raging Bolt
|-end|p1a: Raging Bolt|Protosynthesis|[silent]
|
|upkeep
|
|t:|1769353107
|switch|p1a: Ogerpon|Ogerpon-Wellspring, F|95/100 par
|turn|27
|
|t:|1769353118
|move|p2a: Zapdos|Hurricane|p1a: Ogerpon
|-supereffective|p1a: Ogerpon
|-damage|p1a: Ogerpon|0 fnt
|faint|p1a: Ogerpon
|
|upkeep
|
|t:|1769353123
|switch|p1a: Kingambit|Kingambit, M|100/100
|-activate|p1a: Kingambit|ability: Supreme Overlord
|-start|p1a: Kingambit|fallen5|[silent]
|turn|28
|
|t:|1769353132
|move|p2a: Zapdos|Hurricane|p1a: Kingambit|[miss]
|-miss|p2a: Zapdos|p1a: Kingambit
|move|p1a: Kingambit|Swords Dance|p1a: Kingambit
|-boost|p1a: Kingambit|atk|2
|
|upkeep
|turn|29
|
|t:|1769353139
|move|p1a: Kingambit|Sucker Punch|p2a: Zapdos
|-damage|p2a: Zapdos|0 fnt
|faint|p2a: Zapdos
|
|upkeep
|
|t:|1769353143
|switch|p2a: Kingambit|Kingambit, M|10/100
|-activate|p2a: Kingambit|ability: Supreme Overlord
|-start|p2a: Kingambit|fallen4|[silent]
|turn|30
|
|t:|1769353149
|move|p2a: Kingambit|Low Kick|p1a: Kingambit
|-supereffective|p1a: Kingambit
|-crit|p1a: Kingambit
|-damage|p1a: Kingambit|0 fnt
|faint|p1a: Kingambit
|-end|p1a: Kingambit|fallen5|[silent]
|
|win|Ghee Butter$naps
|raw|aaron200589's rating: 1330 &rarr; <strong>1312</strong><br />(-18 for losing)
|raw|Ghee Butter$naps's rating: 1367 &rarr; <strong>1385</strong><br />(+18 for winning)
|l|☆aaron200589
|player|p1|
