|j|☆Manuhker
|j|☆Thai ladyboi
|t:|1769351332
|gametype|singles
|player|p1|Manuhker|pryce|1365
|player|p2|Thai ladyboi|265|1409
|gen|9
|tier|[Gen 9] OU
|rated|
|rule|HP Percentage Mod: HP is shown in percentages
|rule|Endless Battle Clause: Forcing endless battles is banned
|rule|Species Clause: Limit one of each Pokémon
|rule|OHKO Clause: OHKO moves are banned
|rule|Evasion Items Clause: Evasion items are banned
|rule|Evasion Moves Clause: Evasion moves are banned
|rule|Evasion Abilities Clause: Evasion abilities are banned
|rule|Sleep Moves Clause: Sleep-inducing moves are banned
|clearpoke
|poke|p1|Houndoom, F|
|poke|p1|Sinistcha-Masterpiece|
|poke|p1|Toxapex, F|
|poke|p1|Cryogonal|
|poke|p1|Landorus-Therian, M|
|poke|p1|Metagross|
|poke|p2|Alomomola, F|
|poke|p2|Corviknight, F|
|poke|p2|Thundurus-Therian, M|
|poke|p2|Kyurem|
|poke|p2|Weezing-Galar, F|
|poke|p2|Kingambit, M|
|teampreview
|inactive|Battle timer is ON: inactive players will automatically lose when time's up. (requested by Thai ladyboi)
|
|t:|1769351340
|teamsize|p1|6
|teamsize|p2|6
|start
|switch|p1a: Landorus|Landorus-Therian, M|100/100
|switch|p2a: Thundurus|Thundurus-Therian, M|100/100
|-ability|p1a: Landorus|Intimidate|boost
|-unboost|p2a: Thundurus|atk|1
|turn|1
|
|t:|1769351349
|switch|p2a: Corviknight|Corviknight, F|100/100
|-ability|p2a: Corviknight|Pressure
|move|p1a: Landorus|Stone Edge|p2a: Corviknight|[miss]
|-miss|p1a: Landorus|p2a: Corviknight
|
|upkeep
|turn|2
|
|t:|1769351358
|switch|p1a: Toxapex|Toxapex, F|100/100
|switch|p2a: Alomomola|Alomomola, F|100/100
|
|upkeep
|turn|3
|
|t:|1769351371
|move|p2a: Alomomola|Protect|p2a: Alomomola
|-singleturn|p2a: Alomomola|Protect
|move|p1a: Toxapex|Toxic|p2a: Alomomola
|-activate|p2a: Alomomola|move: Protect
|
|upkeep
|turn|4
|
|t:|1769351383
|switch|p2a: Corviknight|Corviknight, F|100/100
|-ability|p2a: Corviknight|Pressure
|move|p1a: Toxapex|Ice Beam|p2a: Corviknight
|-damage|p2a: Corviknight|92/100
|
|upkeep
|turn|5
|
|t:|1769351393
|switch|p1a: Landorus|Landorus-Therian, M|100/100
|-ability|p1a: Landorus|Intimidate|boost
|-unboost|p2a: Corviknight|atk|1
|move|p2a: Corviknight|U-turn|p1a: Landorus
|-resisted|p1a: Landorus
|-damage|p1a: Landorus|95/100
|
|t:|1769351400
|switch|p2a: Alomomola|Alomomola, F|100/100|[from] U-turn
|
|upkeep
|turn|6
|
|t:|1769351406
|move|p1a: Landorus|Stealth Rock|p2a: Alomomola
|-sidestart|p2: Thai ladyboi|move: Stealth Rock
|move|p2a: Alomomola|Flip Turn|p1a: Landorus
|-supereffective|p1a: Landorus
|-damage|p1a: Landorus|57/100
|
|t:|1769351412
|switch|p2a: Corviknight|Corviknight, F|92/100|[from] Flip Turn
|-damage|p2a: Corviknight|79/100|[from] Stealth Rock
|-ability|p2a: Corviknight|Pressure
|
|upkeep
|turn|7
|
|t:|1769351419
|switch|p1a: Metagross|Metagross|100/100
|move|p2a: Corviknight|Defog|p1a: Metagross
|-fail|p1a: Metagross|unboost|[from] ability: Clear Body|[of] p1a: Metagross
|-sideend|p2: Thai ladyboi|Stealth Rock|[from] move: Defog|[of] p2a: Corviknight
|
|upkeep
|turn|8
|
|t:|1769351436
|switch|p2a: Alomomola|Alomomola, F|100/100
|move|p1a: Metagross|Thunder Punch|p2a: Alomomola
|-supereffective|p2a: Alomomola
|-damage|p2a: Alomomola|69/100
|-damage|p1a: Metagross|84/100|[from] item: Rocky Helmet|[of] p2a: Alomomola
|
|upkeep
|turn|9
|
|t:|1769351448
|switch|p1a: Cryogonal|Cryogonal|100/100
|move|p2a: Alomomola|Wish|p2a: Alomomola
|
|upkeep
|turn|10
|
|t:|1769351456
|switch|p2a: Corviknight|Corviknight, F|79/100
|-ability|p2a: Corviknight|Pressure
|move|p1a: Cryogonal|Freeze-Dry|p2a: Corviknight
|-damage|p2a: Corviknight|63/100
|
|-heal|p2a: Corviknight|100/100|[from] move: Wish|[wisher] Alomomola
|upkeep
|turn|11
|
|t:|1769351466
|switch|p1a: Landorus|Landorus-Therian, M|57/100
|-ability|p1a: Landorus|Intimidate|boost
|-unboost|p2a: Corviknight|atk|1
|move|p2a: Corviknight|U-turn|p1a: Landorus
|-resisted|p1a: Landorus
|-damage|p1a: Landorus|52/100
|
|t:|1769351474
|switch|p2a: Kyurem|Kyurem|100/100|[from] U-turn
|-ability|p2a: Kyurem|Pressure
|
|upkeep
|turn|12
|
|t:|1769351482
|move|p1a: Landorus|Stealth Rock|p2a: Kyurem
|-sidestart|p2: Thai ladyboi|move: Stealth Rock
|move|p2a: Kyurem|Substitute|p2a: Kyurem
|-start|p2a: Kyurem|Substitute
|-damage|p2a: Kyurem|76/100
|
|-heal|p2a: Kyurem|82/100|[from] item: Leftovers
|upkeep
|turn|13
|
|t:|1769351490
|switch|p1a: Cryogonal|Cryogonal|100/100
|move|p2a: Kyurem|Freeze-Dry|p1a: Cryogonal
|-resisted|p1a: Cryogonal
|-damage|p1a: Cryogonal|91/100
|
|-heal|p2a: Kyurem|88/100|[from] item: Leftovers
|upkeep
|turn|14
|
|t:|1769351500
|move|p2a: Kyurem|Protect|p2a: Kyurem
|-singleturn|p2a: Kyurem|Protect
|move|p1a: Cryogonal|Flash Cannon|p2a: Kyurem
|-activate|p2a: Kyurem|move: Protect
|
|-heal|p2a: Kyurem|94/100|[from] item: Leftovers
|upkeep
|turn|15
|
|t:|1769351509
|move|p2a: Kyurem|Earth Power|p1a: Cryogonal
|-immune|p1a: Cryogonal|[from] ability: Levitate
|move|p1a: Cryogonal|Freeze-Dry|p2a: Kyurem
|-activate|p2a: Kyurem|move: Substitute|[damage]
|
|-heal|p2a: Kyurem|99/100|[from] item: Leftovers
|upkeep
|turn|16
|
|t:|1769351522
|move|p2a: Kyurem|Freeze-Dry|p1a: Cryogonal
|-resisted|p1a: Cryogonal
|-damage|p1a: Cryogonal|80/100
|move|p1a: Cryogonal|Freeze-Dry|p2a: Kyurem
|-end|p2a: Kyurem|Substitute
|
|-heal|p2a: Kyurem|100/100|[from] item: Leftovers
|upkeep
|turn|17
|
|t:|1769351535
|switch|p2a: Corviknight|Corviknight, F|100/100
|-damage|p2a: Corviknight|88/100|[from] Stealth Rock
|-ability|p2a: Corviknight|Pressure
|move|p1a: Cryogonal|Flash Cannon|p2a: Corviknight
|-resisted|p2a: Corviknight
|-damage|p2a: Corviknight|82/100
|
|upkeep
|turn|18
|
|t:|1769351544
|switch|p1a: Houndoom|Houndoom, F|100/100
|move|p2a: Corviknight|Defog|p1a: Houndoom
|-unboost|p1a: Houndoom|evasion|1
|-sideend|p2: Thai ladyboi|Stealth Rock|[from] move: Defog|[of] p2a: Corviknight
|
|upkeep
|turn|19
|
|t:|1769351560
|move|p1a: Houndoom|Fire Blast|p2a: Corviknight
|-supereffective|p2a: Corviknight
|-damage|p2a: Corviknight|0 fnt
|faint|p2a: Corviknight
|
|upkeep
|
|t:|1769351566
|switch|p2a: Thundurus|Thundurus-Therian, M|100/100
|turn|20
|
|t:|1769351580
|switch|p1a: Sinistcha|Sinistcha-Masterpiece|100/100
|move|p2a: Thundurus|Volt Switch|p1a: Sinistcha
|-resisted|p1a: Sinistcha
|-damage|p1a: Sinistcha|71/100
|
|t:|1769351587
|switch|p2a: Weezing|Weezing-Galar, F|100/100|[from] Volt Switch
|-ability|p2a: Weezing|Neutralizing Gas
|
|-heal|p1a: Sinistcha|77/100|[from] item: Leftovers
|upkeep
|turn|21
|
|t:|1769351597
|switch|p1a: Toxapex|Toxapex, F|100/100
|move|p2a: Weezing|Will-O-Wisp|p1a: Toxapex
|-status|p1a: Toxapex|brn
|
|-damage|p1a: Toxapex|95/100 brn|[from] brn
|upkeep
|turn|22
|
|t:|1769351612
|switch|p1a: Landorus|Landorus-Therian, M|52/100
|move|p2a: Weezing|Protect||[still]
|-fail|p2a: Weezing
|
|upkeep
|turn|23
|
|t:|1769351620
|move|p1a: Landorus|Stealth Rock|p2a: Weezing
|-sidestart|p2: Thai ladyboi|move: Stealth Rock
|move|p2a: Weezing|Toxic|p1a: Landorus
|-status|p1a: Landorus|tox
|
|-damage|p1a: Landorus|46/100 tox|[from] psn
|upkeep
|turn|24
|
|t:|1769351630
|switch|p1a: Houndoom|Houndoom, F|100/100
|move|p2a: Weezing|Defog|p1a: Houndoom
|-unboost|p1a: Houndoom|evasion|1
|-sideend|p2: Thai ladyboi|Stealth Rock|[from] move: Defog|[of] p2a: Weezing
|
|upkeep
|turn|25
|
|t:|1769351638
|move|p1a: Houndoom|Fire Blast|p2a: Weezing
|-damage|p2a: Weezing|0 fnt
|faint|p2a: Weezing
|-end|p2a: Weezing|ability: Neutralizing Gas
|
|upkeep
|
|t:|1769351648
|switch|p2a: Thundurus|Thundurus-Therian, M|100/100
|turn|26
|
|t:|1769351665
|switch|p1a: Toxapex|Toxapex, F|95/100 brn
|-terastallize|p2a: Thundurus|Fairy
|move|p2a: Thundurus|Tera Blast|p1a: Toxapex|[anim] Tera Blast Fairy
|-resisted|p1a: Toxapex
|-damage|p1a: Toxapex|72/100 brn
|
|-damage|p1a: Toxapex|67/100 brn|[from] brn
|upkeep
|turn|27
|
|t:|1769351678
|switch|p2a: Kingambit|Kingambit, M|100/100
|switch|p1a: Landorus|Landorus-Therian, M|46/100 tox
|-ability|p1a: Landorus|Intimidate|boost
|-unboost|p2a: Kingambit|atk|1
|-ability|p2a: Kingambit|Defiant|boost
|-boost|p2a: Kingambit|atk|2
|
|-damage|p1a: Landorus|40/100 tox|[from] psn
|upkeep
|turn|28
|
|t:|1769351694
|move|p1a: Landorus|Earthquake|p2a: Kingambit
|-supereffective|p2a: Kingambit
|-damage|p2a: Kingambit|15/100
|move|p2a: Kingambit|Kowtow Cleave|p1a: Landorus
|-damage|p1a: Landorus|0 fnt
|faint|p1a: Landorus
|
|upkeep
|
|t:|1769351711
|switch|p1a: Houndoom|Houndoom, F|100/100
|turn|29
|
|t:|1769351718
|move|p2a: Kingambit|Sucker Punch|p1a: Houndoom
|-resisted|p1a: Houndoom
|-damage|p1a: Houndoom|42/100
|move|p1a: Houndoom|Dark Pulse|p2a: Kingambit
|-resisted|p2a: Kingambit
|-damage|p2a: Kingambit|0 fnt
|faint|p2a: Kingambit
|
|upkeep
|
|t:|1769351729
|switch|p2a: Thundurus|Thundurus-Therian, M, tera:Fairy|100/100
|turn|30
|
|t:|1769351738
|switch|p1a: Toxapex|Toxapex, F|99/100 brn
|move|p2a: Thundurus|Volt Switch|p1a: Toxapex
|-supereffective|p1a: Toxapex
|-damage|p1a: Toxapex|27/100 brn
|
|t:|1769351744
|switch|p2a: Kyurem|Kyurem|100/100|[from] Volt Switch
|-ability|p2a: Kyurem|Pressure
|
|-damage|p1a: Toxapex|21/100 brn|[from] brn
|upkeep
|turn|31
|
|t:|1769351752
|switch|p1a: Cryogonal|Cryogonal|80/100
|move|p2a: Kyurem|Freeze-Dry|p1a: Cryogonal
|-resisted|p1a: Cryogonal
|-damage|p1a: Cryogonal|70/100
|
|upkeep
|turn|32
|
|t:|1769351766
|move|p2a: Kyurem|Protect|p2a: Kyurem
|-singleturn|p2a: Kyurem|Protect
|move|p1a: Cryogonal|Flash Cannon|p2a: Kyurem
|-activate|p2a: Kyurem|move: Protect
|
|upkeep
|turn|33
|
|t:|1769351773
|move|p2a: Kyurem|Substitute|p2a: Kyurem
|-start|p2a: Kyurem|Substitute
|-damage|p2a: Kyurem|76/100
|move|p1a: Cryogonal|Flash Cannon|p2a: Kyurem
|-supereffective|p2a: Kyurem
|-end|p2a: Kyurem|Substitute
|
|-heal|p2a: Kyurem|82/100|[from] item: Leftovers
|upkeep
|turn|34
|
|t:|1769351781
|move|p2a: Kyurem|Protect|p2a: Kyurem
|-singleturn|p2a: Kyurem|Protect
|move|p1a: Cryogonal|Rapid Spin|p2a: Kyurem
|-activate|p2a: Kyurem|move: Protect
|
|-heal|p2a: Kyurem|88/100|[from] item: Leftovers
|upkeep
|turn|35
|
|t:|1769351796
|move|p2a: Kyurem|Substitute|p2a: Kyurem
|-start|p2a: Kyurem|Substitute
|-damage|p2a: Kyurem|63/100
|move|p1a: Cryogonal|Flash Cannon|p2a: Kyurem
|-supereffective|p2a: Kyurem
|-end|p2a: Kyurem|Substitute
|
|-heal|p2a: Kyurem|69/100|[from] item: Leftovers
|upkeep
|turn|36
|
|t:|1769351805
|move|p2a: Kyurem|Protect|p2a: Kyurem
|-singleturn|p2a: Kyurem|Protect
|move|p1a: Cryogonal|Freeze-Dry|p2a: Kyurem
|-activate|p2a: Kyurem|move: Protect
|
|-heal|p2a: Kyurem|75/100|[from] item: Leftovers
|upkeep
|turn|37
|
|t:|1769351815
|move|p2a: Kyurem|Substitute|p2a: Kyurem
|-start|p2a: Kyurem|Substitute
|-damage|p2a: Kyurem|51/100
|move|p1a: Cryogonal|Flash Cannon|p2a: Kyurem
|-supereffective|p2a: Kyurem
|-end|p2a: Kyurem|Substitute
|
|-heal|p2a: Kyurem|57/100|[from] item: Leftovers
|upkeep
|turn|38
|
|t:|1769351825
|switch|p1a: Houndoom|Houndoom, F|42/100
|move|p2a: Kyurem|Substitute|p2a: Kyurem
|-start|p2a: Kyurem|Substitute
|-damage|p2a: Kyurem|32/100
|
|-heal|p2a: Kyurem|38/100|[from] item: Leftovers
|upkeep
|turn|39
|
|t:|1769351835
|switch|p1a: Cryogonal|Cryogonal|70/100
|move|p2a: Kyurem|Protect||[still]
|-fail|p2a: Kyurem
|
|-heal|p2a: Kyurem|44/100|[from] item: Leftovers
|upkeep
|turn|40
|
|t:|1769351843
|move|p2a: Kyurem|Freeze-Dry|p1a: Cryogonal
|-resisted|p1a: Cryogonal
|-damage|p1a: Cryogonal|59/100
|move|p1a: Cryogonal|Flash Cannon|p2a: Kyurem
|-supereffective|p2a: Kyurem
|-crit|p2a: Kyurem
|-end|p2a: Kyurem|Substitute
|
|-heal|p2a: Kyurem|50/100|[from] item: Leftovers
|upkeep
|turn|41
|
|t:|1769351853
|move|p2a: Kyurem|Substitute|p2a: Kyurem
|-start|p2a: Kyurem|Substitute
|-damage|p2a: Kyurem|26/100
|move|p1a: Cryogonal|Flash Cannon|p2a: Kyurem
|-supereffective|p2a: Kyurem
|-end|p2a: Kyurem|Substitute
|
|-heal|p2a: Kyurem|32/100|[from] item: Leftovers
|upkeep
|turn|42
|
|t:|1769351862
|move|p2a: Kyurem|Protect|p2a: Kyurem
|-singleturn|p2a: Kyurem|Protect
|move|p1a: Cryogonal|Freeze-Dry|p2a: Kyurem
|-activate|p2a: Kyurem|move: Protect
|
|-heal|p2a: Kyurem|38/100|[from] item: Leftovers
|upkeep
|turn|43
|
|t:|1769351871
|move|p2a: Kyurem|Substitute|p2a: Kyurem
|-start|p2a: Kyurem|Substitute
|-damage|p2a: Kyurem|13/100
|move|p1a: Cryogonal|Freeze-Dry|p2a: Kyurem
|-activate|p2a: Kyurem|move: Substitute|[damage]
|
|-heal|p2a: Kyurem|19/100|[from] item: Leftovers
|upkeep
|turn|44
|
|t:|1769351879
|move|p2a: Kyurem|Freeze-Dry|p1a: Cryogonal
|-resisted|p1a: Cryogonal
|-damage|p1a: Cryogonal|49/100
|move|p1a: Cryogonal|Freeze-Dry|p2a: Kyurem
|-end|p2a: Kyurem|Substitute
|
|-heal|p2a: Kyurem|25/100|[from] item: Leftovers
|upkeep
|turn|45
|
|t:|1769351889
|switch|p1a: Houndoom|Houndoom, F|42/100
|move|p2a: Kyurem|Protect||[still]
|-fail|p2a: Kyurem
|
|-heal|p2a: Kyurem|31/100|[from] item: Leftovers
|upkeep
|turn|46
|
|t:|1769351897
|move|p2a: Kyurem|Protect|p2a: Kyurem
|-singleturn|p2a: Kyurem|Protect
|move|p1a: Houndoom|Sludge Bomb|p2a: Kyurem
|-activate|p2a: Kyurem|move: Protect
|
|-heal|p2a: Kyurem|38/100|[from] item: Leftovers
|upkeep
|turn|47
|
|t:|1769351908
|switch|p2a: Alomomola|Alomomola, F|100/100
|move|p1a: Houndoom|Sludge Bomb|p2a: Alomomola
|-damage|p2a: Alomomola|53/100
|-status|p2a: Alomomola|psn
|
|-damage|p2a: Alomomola|41/100 psn|[from] psn
|upkeep
|turn|48
|
|t:|1769351926
|move|p2a: Alomomola|Protect|p2a: Alomomola
|-singleturn|p2a: Alomomola|Protect
|move|p1a: Houndoom|Sludge Bomb|p2a: Alomomola
|-activate|p2a: Alomomola|move: Protect
|
|-damage|p2a: Alomomola|29/100 psn|[from] psn
|upkeep
|turn|49
|
|t:|1769351934
|move|p1a: Houndoom|Sludge Bomb|p2a: Alomomola
|-damage|p2a: Alomomola|0 fnt
|faint|p2a: Alomomola
|
|upkeep
|
|t:|1769351940
|switch|p2a: Thundurus|Thundurus-Therian, M, tera:Fairy|100/100
|turn|50
|
|t:|1769351949
|switch|p1a: Toxapex|Toxapex, F|54/100 brn
|move|p2a: Thundurus|Volt Switch|p1a: Toxapex
|-supereffective|p1a: Toxapex
|-crit|p1a: Toxapex
|-damage|p1a: Toxapex|0 fnt
|faint|p1a: Toxapex
|
|t:|1769351956
|switch|p2a: Kyurem|Kyurem|38/100|[from] Volt Switch
|-ability|p2a: Kyurem|Pressure
|
|-heal|p2a: Kyurem|44/100|[from] item: Leftovers
|upkeep
|
|t:|1769351961
|switch|p1a: Houndoom|Houndoom, F|42/100
|turn|51
|
|t:|1769351968
|move|p2a: Kyurem|Protect|p2a: Kyurem
|-singleturn|p2a: Kyurem|Protect
|move|p1a: Houndoom|Sludge Bomb|p2a: Kyurem
|-activate|p2a: Kyurem|move: Protect
|
|-heal|p2a: Kyurem|50/100|[from] item: Leftovers
|upkeep
|turn|52
|
|t:|1769351976
|move|p1a: Houndoom|Sludge Bomb|p2a: Kyurem
|-damage|p2a: Kyurem|12/100
|-status|p2a: Kyurem|psn
|move|p2a: Kyurem|Earth Power|p1a: Houndoom
|-supereffective|p1a: Houndoom
|-damage|p1a: Houndoom|0 fnt
|faint|p1a: Houndoom
|
|-heal|p2a: Kyurem|18/100 psn|[from] item: Leftovers
|-damage|p2a: Kyurem|6/100 psn|[from] psn
|upkeep
|
|t:|1769351984
|switch|p1a: Cryogonal|Cryogonal|49/100
|turn|53
|
|t:|1769351994
|move|p2a: Kyurem|Freeze-Dry|p1a: Cryogonal
|-resisted|p1a: Cryogonal
|-damage|p1a: Cryogonal|39/100
|move|p1a: Cryogonal|Recover|p1a: Cryogonal
|-heal|p1a: Cryogonal|89/100
|
|-heal|p2a: Kyurem|12/100 psn|[from] item: Leftovers
|-damage|p2a: Kyurem|0 fnt|[from] psn
|faint|p2a: Kyurem
|upkeep
|
|t:|1769352005
|switch|p2a: Thundurus|Thundurus-Therian, M, tera:Fairy|100/100
|turn|54
|
|t:|1769352014
|move|p2a: Thundurus|Thunderbolt|p1a: Cryogonal
|-damage|p1a: Cryogonal|46/100
|move|p1a: Cryogonal|Freeze-Dry|p2a: Thundurus
|-damage|p2a: Thundurus|68/100
|
|upkeep
|turn|55
|
|t:|1769352024
|move|p2a: Thundurus|Thunderbolt|p1a: Cryogonal
|-damage|p1a: Cryogonal|1/100
|move|p1a: Cryogonal|Freeze-Dry|p2a: Thundurus
|-damage|p2a: Thundurus|36/100
|
|upkeep
|turn|56
|
|t:|1769352031
|move|p2a: Thundurus|Thunderbolt|p1a: Cryogonal
|-damage|p1a: Cryogonal|0 fnt
|faint|p1a: Cryogonal
|
|upkeep
|
|t:|1769352038
|switch|p1a: Metagross|Metagross|84/100
|turn|57
|
|t:|1769352043
|-terastallize|p1a: Metagross|Electric
|move|p2a: Thundurus|Thunderbolt|p1a: Metagross
|-resisted|p1a: Metagross
|-damage|p1a: Metagross|37/100
|move|p1a: Metagross|Thunder Punch|p2a: Thundurus
|-heal|p2a: Thundurus|60/100|[from] ability: Volt Absorb|[of] p1a: Metagross
|
|upkeep
|turn|58
|
|t:|1769352052
|move|p2a: Thundurus|Thunderbolt|p1a: Metagross
|-resisted|p1a: Metagross
|-damage|p1a: Metagross|0 fnt
|faint|p1a: Metagross
|
|upkeep
|
|t:|1769352057
|switch|p1a: Sinistcha|Sinistcha-Masterpiece|77/100
|turn|59
|
|t:|1769352060
|move|p2a: Thundurus|Thunderbolt|p1a: Sinistcha
|-resisted|p1a: Sinistcha
|-damage|p1a: Sinistcha|36/100
|move|p1a: Sinistcha|Calm Mind|p1a: Sinistcha
|-boost|p1a: Sinistcha|spa|1
|-boost|p1a: Sinistcha|spd|1
|
|-heal|p1a: Sinistcha|42/100|[from] item: Leftovers
|upkeep
|turn|60
|
|t:|1769352069
|move|p2a: Thundurus|Thunderbolt|p1a: Sinistcha
|-resisted|p1a: Sinistcha
|-damage|p1a: Sinistcha|16/100
|-status|p1a: Sinistcha|par
|move|p1a: Sinistcha|Strength Sap|p2a: Thundurus
|-unboost|p2a: Thundurus|atk|1
|-heal|p1a: Sinistcha|71/100 par
|
|-heal|p1a: Sinistcha|77/100 par|[from] item: Leftovers
|upkeep
|turn|61
|
|t:|1769352080
|move|p2a: Thundurus|Thunderbolt|p1a: Sinistcha
|-resisted|p1a: Sinistcha
|-damage|p1a: Sinistcha|50/100 par
|move|p1a: Sinistcha|Matcha Gotcha|p2a: Thundurus
|-damage|p2a: Thundurus|0 fnt
|-heal|p1a: Sinistcha|76/100 par|[from] drain|[of] p2a: Thundurus
|faint|p2a: Thundurus
|
|win|Manuhker
|raw|Manuhker's rating: 1365 &rarr; <strong>1388</strong><br />(+23 for winning)
|raw|Thai ladyboi's rating: 1409 &rarr; <strong>1386</strong><br />(-23 for losing)
|l|☆Thai ladyboi
|player|p2|
|l|☆Manuhker
|player|p1|
