|j|☆himynameistanner
|j|☆Ladder alt 2507
|t:|1769408303
|gametype|singles
|player|p1|himynameistanner|1|1385
|player|p2|Ladder alt 2507|roxie|1438
|gen|9
|tier|[Gen 9] OU
|rated|
|rule|HP Percentage Mod: HP is shown in percentages
|rule|Endless Battle Clause: Forcing endless battles is banned
|rule|Species Clause: Limit one of each Pokémon
|rule|OHKO Clause: OHKO moves are banned
|rule|Evasion Items Clause: Evasion items are banned
|rule|Evasion Moves Clause: Evasion moves are banned
|rule|Evasion Abilities Clause: Evasion abilities are banned
|rule|Sleep Moves Clause: Sleep-inducing moves are banned
|clearpoke
|poke|p1|Raging Bolt|
|poke|p1|Kommo-o, F|
|poke|p1|Moltres-Galar|
|poke|p1|Landorus-Therian, M|
|poke|p1|Okidogi, M|
|poke|p1|Glimmora, F|
|poke|p2|Hoopa-Unbound|
|poke|p2|Corviknight, M|
|poke|p2|Slowking-Galar, F|
|poke|p2|Zamazenta-*|
|poke|p2|Gholdengo|
|poke|p2|Ogerpon-Wellspring, F|
|teampreview
|inactive|Battle timer is ON: inactive players will automatically lose when time's up. (requested by Ladder alt 2507)
|
|t:|1769408317
|teamsize|p1|6
|teamsize|p2|6
|start
|switch|p1a: Glimmora|Glimmora, F|100/100
|switch|p2a: Ogerpon|Ogerpon-Wellspring, F|100/100
|turn|1
|
|t:|1769408324
|-terastallize|p1a: Glimmora|Grass
|move|p2a: Ogerpon|Ivy Cudgel|p1a: Glimmora|[anim] Ivy Cudgel Water
|-resisted|p1a: Glimmora
|-damage|p1a: Glimmora|69/100
|-activate|p1a: Glimmora|ability: Toxic Debris
|-sidestart|p2: Ladder alt 2507|move: Toxic Spikes
|move|p1a: Glimmora|Meteor Beam||[still]
|-prepare|p1a: Glimmora|Meteor Beam
|-boost|p1a: Glimmora|spa|1
|-enditem|p1a: Glimmora|Power Herb
|-anim|p1a: Glimmora|Meteor Beam|p2a: Ogerpon
|-damage|p2a: Ogerpon|2/100
|
|upkeep
|turn|2
|inactive|himynameistanner has 120 seconds left.
|
|t:|1769408381
|move|p2a: Ogerpon|U-turn|p1a: Glimmora
|-supereffective|p1a: Glimmora
|-damage|p1a: Glimmora|10/100
|-activate|p1a: Glimmora|ability: Toxic Debris
|-sidestart|p2: Ladder alt 2507|move: Toxic Spikes
|
|t:|1769408385
|switch|p2a: Slowking|Slowking-Galar, F|100/100|[from] U-turn
|-sideend|p2: Ladder alt 2507|move: Toxic Spikes|[of] p2a: Slowking
|move|p1a: Glimmora|Mortal Spin|p2a: Slowking
|-resisted|p2a: Slowking
|-damage|p2a: Slowking|97/100
|
|upkeep
|turn|3
|
|t:|1769408398
|move|p1a: Glimmora|Earth Power|p2a: Slowking
|-supereffective|p2a: Slowking
|-crit|p2a: Slowking
|-damage|p2a: Slowking|15/100
|move|p2a: Slowking|Sludge Bomb|p1a: Glimmora
|-supereffective|p1a: Glimmora
|-damage|p1a: Glimmora|0 fnt
|faint|p1a: Glimmora
|
|upkeep
|
|t:|1769408402
|switch|p1a: Moltres|Moltres-Galar|100/100
|turn|4
|
|t:|1769408407
|move|p1a: Moltres|Agility|p1a: Moltres
|-boost|p1a: Moltres|spe|2
|move|p2a: Slowking|Thunder Wave|p1a: Moltres
|-status|p1a: Moltres|par
|
|upkeep
|turn|5
|inactive|himynameistanner has 120 seconds left.
|
|t:|1769408439
|switch|p2a: Ogerpon|Ogerpon-Wellspring, F|2/100
|cant|p1a: Moltres|par
|
|upkeep
|turn|6
|
|t:|1769408446
|move|p2a: Ogerpon|Ivy Cudgel|p1a: Moltres|[anim] Ivy Cudgel Water
|-damage|p1a: Moltres|37/100 par
|-ability|p1a: Moltres|Berserk|boost
|-boost|p1a: Moltres|spa|1
|-enditem|p1a: Moltres|Sitrus Berry|[eat]
|-heal|p1a: Moltres|62/100 par|[from] item: Sitrus Berry
|move|p1a: Moltres|Fiery Wrath|p2a: Ogerpon
|-damage|p2a: Ogerpon|0 fnt
|faint|p2a: Ogerpon
|
|upkeep
|
|t:|1769408466
|switch|p2a: Zamazenta|Zamazenta|100/100
|-ability|p2a: Zamazenta|Dauntless Shield|boost
|-boost|p2a: Zamazenta|def|1
|turn|7
|
|t:|1769408482
|move|p2a: Zamazenta|Close Combat|p1a: Moltres
|-damage|p1a: Moltres|0 fnt
|-unboost|p2a: Zamazenta|def|1
|-unboost|p2a: Zamazenta|spd|1
|faint|p1a: Moltres
|
|upkeep
|
|t:|1769408493
|switch|p1a: Raging Bolt|Raging Bolt|100/100
|turn|8
|
|t:|1769408501
|switch|p2a: Slowking|Slowking-Galar, F|48/100
|move|p1a: Raging Bolt|Zap Cannon|p2a: Slowking
|-damage|p2a: Slowking|6/100
|-status|p2a: Slowking|par
|
|upkeep
|turn|9
|
|t:|1769408525
|move|p1a: Raging Bolt|Calm Mind|p1a: Raging Bolt
|-boost|p1a: Raging Bolt|spa|1
|-boost|p1a: Raging Bolt|spd|1
|move|p2a: Slowking|Sludge Bomb|p1a: Raging Bolt
|-damage|p1a: Raging Bolt|81/100
|-status|p1a: Raging Bolt|psn
|
|-damage|p1a: Raging Bolt|68/100 psn|[from] psn
|upkeep
|turn|10
|
|t:|1769408539
|move|p1a: Raging Bolt|Zap Cannon|p2a: Slowking
|-damage|p2a: Slowking|0 fnt
|faint|p2a: Slowking
|
|-damage|p1a: Raging Bolt|56/100 psn|[from] psn
|upkeep
|
|t:|1769408550
|switch|p2a: Hoopa|Hoopa-Unbound|100/100
|turn|11
|inactive|himynameistanner has 120 seconds left.
|
|t:|1769408559
|move|p2a: Hoopa|Zen Headbutt|p1a: Raging Bolt
|-damage|p1a: Raging Bolt|0 fnt
|faint|p1a: Raging Bolt
|-end|p1a: Raging Bolt|Protosynthesis|[silent]
|
|upkeep
|inactive|himynameistanner has 120 seconds left.
|
|t:|1769408566
|switch|p1a: Landorus|Landorus-Therian, M|100/100
|-ability|p1a: Landorus|Intimidate|boost
|-unboost|p2a: Hoopa|atk|1
|turn|12
|
|t:|1769408569
|switch|p2a: Corviknight|Corviknight, M|100/100
|-ability|p2a: Corviknight|Pressure
|move|p1a: Landorus|U-turn|p2a: Corviknight
|-resisted|p2a: Corviknight
|-damage|p2a: Corviknight|96/100
|-damage|p1a: Landorus|84/100|[from] item: Rocky Helmet|[of] p2a: Corviknight
|
|t:|1769408580
|switch|p1a: Kommo-o|Kommo-o, F|100/100|[from] U-turn
|
|upkeep
|turn|13
|
|t:|1769408586
|move|p1a: Kommo-o|Clangorous Soul|p1a: Kommo-o
|-boost|p1a: Kommo-o|atk|1
|-boost|p1a: Kommo-o|def|1
|-boost|p1a: Kommo-o|spa|1
|-boost|p1a: Kommo-o|spd|1
|-boost|p1a: Kommo-o|spe|1
|-damage|p1a: Kommo-o|68/100
|move|p2a: Corviknight|U-turn|p1a: Kommo-o
|-resisted|p1a: Kommo-o
|-damage|p1a: Kommo-o|63/100
|
|t:|1769408589
|switch|p2a: Gholdengo|Gholdengo|100/100|[from] U-turn
|-item|p2a: Gholdengo|Air Balloon
|
|-heal|p1a: Kommo-o|70/100|[from] item: Leftovers
|upkeep
|turn|14
|
|t:|1769408602
|move|p1a: Kommo-o|Flash Cannon|p2a: Gholdengo
|-resisted|p2a: Gholdengo
|-damage|p2a: Gholdengo|87/100
|-enditem|p2a: Gholdengo|Air Balloon
|move|p2a: Gholdengo|Thunder Wave|p1a: Kommo-o
|-status|p1a: Kommo-o|par
|
|-heal|p1a: Kommo-o|76/100 par|[from] item: Leftovers
|upkeep
|turn|15
|
|t:|1769408609
|move|p1a: Kommo-o|Clangorous Soul|p1a: Kommo-o
|-boost|p1a: Kommo-o|atk|1
|-boost|p1a: Kommo-o|def|1
|-boost|p1a: Kommo-o|spa|1
|-boost|p1a: Kommo-o|spd|1
|-boost|p1a: Kommo-o|spe|1
|-damage|p1a: Kommo-o|43/100 par
|move|p2a: Gholdengo|Hex|p1a: Kommo-o
|-damage|p1a: Kommo-o|14/100 par
|
|-heal|p1a: Kommo-o|21/100 par|[from] item: Leftovers
|upkeep
|turn|16
|
|t:|1769408632
|cant|p1a: Kommo-o|par
|move|p2a: Gholdengo|Hex|p1a: Kommo-o
|-damage|p1a: Kommo-o|0 fnt
|faint|p1a: Kommo-o
|
|upkeep
|
|t:|1769408636
|switch|p1a: Landorus|Landorus-Therian, M|84/100
|-ability|p1a: Landorus|Intimidate|boost
|-unboost|p2a: Gholdengo|atk|1
|turn|17
|
|t:|1769408640
|switch|p2a: Corviknight|Corviknight, M|96/100
|-ability|p2a: Corviknight|Pressure
|move|p1a: Landorus|Earthquake|p2a: Corviknight
|-immune|p2a: Corviknight
|
|upkeep
|turn|18
|-message|himynameistanner forfeited.
|
|win|Ladder alt 2507
|raw|himynameistanner's rating: 1385 &rarr; <strong>1368</strong><br />(-17 for losing)
|raw|Ladder alt 2507's rating: 1438 &rarr; <strong>1455</strong><br />(+17 for winning)
|l|☆himynameistanner
|player|p1|
|l|☆Ladder alt 2507
|player|p2|
