|j|☆sbl66666
|j|☆AirPan
|t:|1769398718
|gametype|singles
|player|p1|sbl66666|2|1141
|player|p2|AirPan|pokemonrangerf-gen4|1141
|gen|9
|tier|[Gen 9] OU
|rated|
|rule|HP Percentage Mod: HP is shown in percentages
|rule|Endless Battle Clause: Forcing endless battles is banned
|rule|Species Clause: Limit one of each Pokémon
|rule|OHKO Clause: OHKO moves are banned
|rule|Evasion Items Clause: Evasion items are banned
|rule|Evasion Moves Clause: Evasion moves are banned
|rule|Evasion Abilities Clause: Evasion abilities are banned
|rule|Sleep Moves Clause: Sleep-inducing moves are banned
|clearpoke
|poke|p1|Indeedee, M|
|poke|p1|Hatterene, F|
|poke|p1|Ursaluna, F|
|poke|p1|Azumarill, F|
|poke|p1|Hoopa-Unbound|
|poke|p1|Mimikyu, F|
|poke|p2|Pecharunt|
|poke|p2|Kingambit, F|
|poke|p2|Volcanion|
|poke|p2|Iron Valiant|
|poke|p2|Landorus-Therian, M|
|poke|p2|Deoxys-Speed|
|teampreview
|inactive|Battle timer is ON: inactive players will automatically lose when time's up. (requested by AirPan)
|
|t:|1769398737
|teamsize|p1|6
|teamsize|p2|6
|start
|switch|p1a: Pink Portal|Indeedee, M, shiny|100/100
|switch|p2a: Deoxys|Deoxys-Speed|100/100
|-ability|p2a: Deoxys|Pressure
|-fieldstart|move: Psychic Terrain|[from] ability: Psychic Surge|[of] p1a: Pink Portal
|turn|1
|
|t:|1769398750
|move|p2a: Deoxys|Knock Off|p1a: Pink Portal
|-supereffective|p1a: Pink Portal
|-damage|p1a: Pink Portal|43/100
|-enditem|p1a: Pink Portal|Terrain Extender|[from] move: Knock Off|[of] p2a: Deoxys
|move|p1a: Pink Portal|Encore|p2a: Deoxys
|-start|p2a: Deoxys|Encore
|
|upkeep
|turn|2
|
|t:|1769398780
|move|p2a: Deoxys|Knock Off|p1a: Pink Portal
|-supereffective|p1a: Pink Portal
|-damage|p1a: Pink Portal|6/100
|move|p1a: Pink Portal|Trick Room|p1a: Pink Portal
|-fieldstart|move: Trick Room|[of] p1a: Pink Portal
|
|upkeep
|turn|3
|
|t:|1769398792
|switch|p2a: Kingambit|Kingambit, F|100/100
|move|p1a: Pink Portal|Expanding Force|p2a: Kingambit
|-immune|p2a: Kingambit
|
|upkeep
|turn|4
|
|t:|1769398798
|move|p2a: Kingambit|Sucker Punch||[still]
|-fail|p2a: Kingambit
|move|p1a: Pink Portal|Encore|p2a: Kingambit
|-start|p2a: Kingambit|Encore
|
|upkeep
|turn|5
|
|t:|1769398807
|-end|p2a: Kingambit|fallenundefined|[silent]
|switch|p2a: Volcanion|Volcanion|100/100
|move|p1a: Pink Portal|Healing Wish|p1a: Pink Portal
|faint|p1a: Pink Portal
|
|upkeep
|
|t:|1769398815
|switch|p1a: Twisted Magic|Hoopa-Unbound|100/100
|-enditem|p1a: Twisted Magic|Psychic Seed
|-boost|p1a: Twisted Magic|spd|1|[from] item: Psychic Seed
|turn|6
|
|t:|1769398827
|move|p1a: Twisted Magic|Expanding Force|p2a: Volcanion
|-damage|p2a: Volcanion|0 fnt
|faint|p2a: Volcanion
|-item|p1a: Twisted Magic|Leftovers|[from] ability: Magician|[of] p2: Volcanion
|
|-fieldend|move: Trick Room
|upkeep
|
|t:|1769398835
|switch|p2a: Kingambit|Kingambit, F|100/100
|-activate|p2a: Kingambit|ability: Supreme Overlord
|-start|p2a: Kingambit|fallen1|[silent]
|turn|7
|
|t:|1769398847
|-end|p2a: Kingambit|fallen1|[silent]
|switch|p2a: Landorus|Landorus-Therian, M|100/100
|-ability|p2a: Landorus|Intimidate|boost
|-unboost|p1a: Twisted Magic|atk|1
|move|p1a: Twisted Magic|Focus Blast|p2a: Landorus
|-resisted|p2a: Landorus
|-damage|p2a: Landorus|71/100
|
|upkeep
|turn|8
|
|t:|1769398855
|switch|p2a: Kingambit|Kingambit, F|100/100
|-activate|p2a: Kingambit|ability: Supreme Overlord
|-start|p2a: Kingambit|fallen1|[silent]
|move|p1a: Twisted Magic|Expanding Force|p2a: Kingambit
|-immune|p2a: Kingambit
|
|-fieldend|move: Psychic Terrain
|upkeep
|turn|9
|
|t:|1769398866
|-end|p2a: Kingambit|fallen1|[silent]
|switch|p2a: Pecharunt|Pecharunt|100/100
|switch|p1a: Miss Kiss|Hatterene, F, shiny|100/100
|
|upkeep
|turn|10
|
|t:|1769398875
|move|p2a: Pecharunt|Malignant Chain|p1a: Miss Kiss
|-supereffective|p1a: Miss Kiss
|-damage|p1a: Miss Kiss|21/100
|-status|p1a: Miss Kiss|tox
|-start|p1a: Miss Kiss|confusion|[from] ability: Poison Puppeteer|[of] p2a: Pecharunt
|-activate|p1a: Miss Kiss|confusion
|move|p1a: Miss Kiss|Trick Room|p1a: Miss Kiss
|-fieldstart|move: Trick Room|[of] p1a: Miss Kiss
|
|-heal|p1a: Miss Kiss|27/100 tox|[from] item: Leftovers
|-damage|p1a: Miss Kiss|21/100 tox|[from] psn
|upkeep
|turn|11
|
|t:|1769398893
|-activate|p1a: Miss Kiss|confusion
|move|p1a: Miss Kiss|Mystical Fire|p2a: Pecharunt
|-crit|p2a: Pecharunt
|-damage|p2a: Pecharunt|54/100
|-unboost|p2a: Pecharunt|spa|1
|move|p2a: Pecharunt|Shadow Ball|p1a: Miss Kiss
|-supereffective|p1a: Miss Kiss
|-damage|p1a: Miss Kiss|0 fnt
|faint|p1a: Miss Kiss
|
|upkeep
|
|t:|1769398903
|switch|p1a: Twisted Magic|Hoopa-Unbound|100/100
|turn|12
|
|t:|1769398909
|move|p1a: Twisted Magic|Hyperspace Fury|p2a: Pecharunt
|-supereffective|p2a: Pecharunt
|-damage|p2a: Pecharunt|0 fnt
|-unboost|p1a: Twisted Magic|def|1
|faint|p2a: Pecharunt
|
|upkeep
|
|t:|1769398917
|switch|p2a: Landorus|Landorus-Therian, M|71/100
|-ability|p2a: Landorus|Intimidate|boost
|-unboost|p1a: Twisted Magic|atk|1
|turn|13
|
|t:|1769398929
|move|p1a: Twisted Magic|Hyperspace Fury|p2a: Landorus
|-damage|p2a: Landorus|40/100
|-unboost|p1a: Twisted Magic|def|1
|move|p2a: Landorus|Earthquake|p1a: Twisted Magic
|-damage|p1a: Twisted Magic|0 fnt
|faint|p1a: Twisted Magic
|
|upkeep
|
|t:|1769398938
|switch|p1a: Wild Bear|Ursaluna, F, shiny|100/100
|turn|14
|
|t:|1769398947
|move|p1a: Wild Bear|Ice Punch|p2a: Landorus
|-supereffective|p2a: Landorus
|-damage|p2a: Landorus|0 fnt
|-damage|p1a: Wild Bear|84/100|[from] item: Rocky Helmet|[of] p2a: Landorus
|faint|p2a: Landorus
|
|-fieldend|move: Trick Room
|-status|p1a: Wild Bear|brn|[from] item: Flame Orb
|upkeep
|
|t:|1769398955
|switch|p2a: Deoxys|Deoxys-Speed|100/100
|-ability|p2a: Deoxys|Pressure
|turn|15
|
|t:|1769398980
|move|p2a: Deoxys|Superpower|p1a: Wild Bear
|-supereffective|p1a: Wild Bear
|-damage|p1a: Wild Bear|39/100 brn
|-unboost|p2a: Deoxys|atk|1
|-unboost|p2a: Deoxys|def|1
|-enditem|p2a: Deoxys|Eject Pack
|
|t:|1769398985
|switch|p2a: Kingambit|Kingambit, F|100/100
|-activate|p2a: Kingambit|ability: Supreme Overlord
|-start|p2a: Kingambit|fallen3|[silent]
|move|p1a: Wild Bear|Facade|p2a: Kingambit
|-resisted|p2a: Kingambit
|-damage|p2a: Kingambit|46/100
|
|-heal|p2a: Kingambit|52/100|[from] item: Leftovers
|-damage|p1a: Wild Bear|33/100 brn|[from] brn
|upkeep
|turn|16
|
|t:|1769399001
|move|p2a: Kingambit|Low Kick|p1a: Wild Bear
|-supereffective|p1a: Wild Bear
|-damage|p1a: Wild Bear|0 fnt
|faint|p1a: Wild Bear
|
|-heal|p2a: Kingambit|58/100|[from] item: Leftovers
|upkeep
|
|t:|1769399012
|switch|p1a: Mimi|Mimikyu, F, shiny|100/100
|turn|17
|
|t:|1769399019
|move|p1a: Mimi|Play Rough|p2a: Kingambit
|-damage|p2a: Kingambit|33/100
|move|p2a: Kingambit|Iron Head|p1a: Mimi
|-activate|p1a: Mimi|ability: Disguise
|-damage|p1a: Mimi|100/100
|detailschange|p1a: Mimi|Mimikyu-Busted, F, shiny
|-damage|p1a: Mimi|88/100|[from] pokemon: Mimikyu-Busted
|-enditem|p1a: Mimi|Red Card|[of] p2a: Kingambit
|-end|p2a: Kingambit|fallen3|[silent]
|drag|p2a: Deoxys|Deoxys-Speed|100/100
|-ability|p2a: Deoxys|Pressure
|
|upkeep
|turn|18
|
|t:|1769399033
|move|p2a: Deoxys|Psycho Boost|p1a: Mimi
|-damage|p1a: Mimi|28/100
|-unboost|p2a: Deoxys|spa|2
|move|p1a: Mimi|Trick Room|p1a: Mimi
|-fieldstart|move: Trick Room|[of] p1a: Mimi
|
|upkeep
|turn|19
|
|t:|1769399040
|move|p1a: Mimi|Curse|p2a: Deoxys
|-start|p2a: Deoxys|Curse|[of] p1a: Mimi
|-damage|p1a: Mimi|0 fnt
|faint|p1a: Mimi
|move|p2a: Deoxys|Knock Off|p1: Mimi|[notarget]
|-fail|p2a: Deoxys
|
|-damage|p2a: Deoxys|76/100|[from] Curse
|upkeep
|
|t:|1769399048
|switch|p1a: Ball Girl|Azumarill, F|100/100
|turn|20
|
|t:|1769399052
|move|p1a: Ball Girl|Knock Off|p2a: Deoxys
|-supereffective|p2a: Deoxys
|-damage|p2a: Deoxys|0 fnt
|faint|p2a: Deoxys
|
|upkeep
|
|t:|1769399068
|switch|p2a: Iron Valiant|Iron Valiant|100/100
|-enditem|p2a: Iron Valiant|Booster Energy
|-activate|p2a: Iron Valiant|ability: Quark Drive|[fromitem]
|-start|p2a: Iron Valiant|quarkdrivespe
|turn|21
|inactive|sbl66666 has 120 seconds left.
|
|t:|1769399098
|move|p1a: Ball Girl|Play Rough|p2a: Iron Valiant
|-supereffective|p2a: Iron Valiant
|-damage|p2a: Iron Valiant|0 fnt
|faint|p2a: Iron Valiant
|-end|p2a: Iron Valiant|Quark Drive|[silent]
|
|upkeep
|
|t:|1769399101
|switch|p2a: Kingambit|Kingambit, F|33/100
|-activate|p2a: Kingambit|ability: Supreme Overlord
|-start|p2a: Kingambit|fallen5|[silent]
|turn|22
|inactive|sbl66666 has 120 seconds left.
|
|t:|1769399118
|move|p1a: Ball Girl|Knock Off|p2a: Kingambit
|-resisted|p2a: Kingambit
|-damage|p2a: Kingambit|16/100
|-enditem|p2a: Kingambit|Leftovers|[from] move: Knock Off|[of] p1a: Ball Girl
|move|p2a: Kingambit|Iron Head|p1a: Ball Girl
|-damage|p1a: Ball Girl|32/100
|
|-fieldend|move: Trick Room
|upkeep
|turn|23
|inactive|sbl66666 has 120 seconds left.
|
|t:|1769399139
|-terastallize|p1a: Ball Girl|Water
|move|p1a: Ball Girl|Aqua Jet|p2a: Kingambit
|-damage|p2a: Kingambit|0 fnt
|faint|p2a: Kingambit
|-end|p2a: Kingambit|fallen5|[silent]
|
|win|sbl66666
|raw|sbl66666's rating: 1141 &rarr; <strong>1166</strong><br />(+25 for winning)
|raw|AirPan's rating: 1141 &rarr; <strong>1116</strong><br />(-25 for losing)
|l|☆AirPan
|player|p2|
