|j|☆potassiumfumarate
|j|‽fayamangblessi32
|t:|1769419574
|gametype|singles
|player|p1|potassiumfumarate|n|1183
|player|p2|fayamangblessi32|170|1148
|gen|9
|tier|[Gen 9] OU
|rated|
|rule|HP Percentage Mod: HP is shown in percentages
|rule|Endless Battle Clause: Forcing endless battles is banned
|rule|Species Clause: Limit one of each Pokémon
|rule|OHKO Clause: OHKO moves are banned
|rule|Evasion Items Clause: Evasion items are banned
|rule|Evasion Moves Clause: Evasion moves are banned
|rule|Evasion Abilities Clause: Evasion abilities are banned
|rule|Sleep Moves Clause: Sleep-inducing moves are banned
|clearpoke
|poke|p1|Landorus-Therian, M|
|poke|p1|Gholdengo|
|poke|p1|Dragapult, M|
|poke|p1|Kingambit, F|
|poke|p1|Ogerpon-Wellspring, F|
|poke|p1|Great Tusk|
|poke|p2|Grimmsnarl, M|
|poke|p2|Minior-Indigo|
|poke|p2|Polteageist-Antique|
|poke|p2|Kommo-o, M|
|poke|p2|Orthworm, F|
|poke|p2|Lokix, M|
|teampreview
|inactive|Battle timer is ON: inactive players will automatically lose when time's up. (requested by fayamangblessi32)
|
|t:|1769419581
|teamsize|p1|6
|teamsize|p2|6
|start
|switch|p1a: Landorus|Landorus-Therian, M, shiny|100/100
|switch|p2a: Grimmsnarl|Grimmsnarl, M, shiny|100/100
|-ability|p1a: Landorus|Intimidate|boost
|-unboost|p2a: Grimmsnarl|atk|1
|turn|1
|
|t:|1769419590
|move|p2a: Grimmsnarl|Taunt|p1a: Landorus
|-start|p1a: Landorus|move: Taunt
|cant|p1a: Landorus|move: Taunt|Stealth Rock
|
|upkeep
|turn|2
|
|t:|1769419596
|move|p2a: Grimmsnarl|Reflect|p2a: Grimmsnarl
|-sidestart|p2: fayamangblessi32|Reflect
|move|p1a: Landorus|U-turn|p2a: Grimmsnarl
|-damage|p2a: Grimmsnarl|88/100
|
|t:|1769419613
|switch|p1a: Gholdengo|Gholdengo, shiny|100/100|[from] U-turn
|
|upkeep
|turn|3
|
|t:|1769419618
|-terastallize|p1a: Gholdengo|Steel
|move|p2a: Grimmsnarl|Light Screen|p2a: Grimmsnarl
|-sidestart|p2: fayamangblessi32|move: Light Screen
|move|p1a: Gholdengo|Nasty Plot|p1a: Gholdengo
|-boost|p1a: Gholdengo|spa|2
|
|upkeep
|turn|4
|
|t:|1769419630
|switch|p2a: Orthworm|Orthworm, F, shiny|100/100
|move|p1a: Gholdengo|Nasty Plot|p1a: Gholdengo
|-boost|p1a: Gholdengo|spa|2
|
|upkeep
|turn|5
|
|t:|1769419638
|move|p1a: Gholdengo|Make It Rain|p2a: Orthworm
|-resisted|p2a: Orthworm
|-damage|p2a: Orthworm|19/100
|-unboost|p1a: Gholdengo|spa|1
|move|p2a: Orthworm|Body Press|p1a: Gholdengo
|-supereffective|p1a: Gholdengo
|-damage|p1a: Gholdengo|40/100
|
|-heal|p1a: Gholdengo|46/100|[from] item: Leftovers
|-heal|p2a: Orthworm|25/100|[from] item: Leftovers
|upkeep
|turn|6
|
|t:|1769419647
|move|p1a: Gholdengo|Make It Rain|p2a: Orthworm
|-resisted|p2a: Orthworm
|-damage|p2a: Orthworm|0 fnt
|-unboost|p1a: Gholdengo|spa|1
|faint|p2a: Orthworm
|
|-heal|p1a: Gholdengo|52/100|[from] item: Leftovers
|upkeep
|
|t:|1769419659
|switch|p2a: Kommo-o|Kommo-o, M, shiny|100/100
|turn|7
|
|t:|1769419672
|move|p2a: Kommo-o|Drain Punch|p1a: Gholdengo
|-supereffective|p1a: Gholdengo
|-damage|p1a: Gholdengo|0 fnt
|faint|p1a: Gholdengo
|
|upkeep
|
|t:|1769419688
|switch|p1a: Landorus|Landorus-Therian, M, shiny|100/100
|-ability|p1a: Landorus|Intimidate|boost
|-unboost|p2a: Kommo-o|atk|1
|turn|8
|
|t:|1769419693
|move|p2a: Kommo-o|Belly Drum|p2a: Kommo-o
|-damage|p2a: Kommo-o|50/100
|-setboost|p2a: Kommo-o|atk|6|[from] move: Belly Drum
|move|p1a: Landorus|Stealth Rock|p2a: Kommo-o
|-sidestart|p2: fayamangblessi32|move: Stealth Rock
|
|upkeep
|turn|9
|
|t:|1769419707
|switch|p1a: Dragapult|Dragapult, M, shiny|100/100
|move|p2a: Kommo-o|Drain Punch|p1a: Dragapult
|-immune|p1a: Dragapult
|
|-sideend|p2: fayamangblessi32|Reflect
|upkeep
|turn|10
|
|t:|1769419716
|-terastallize|p2a: Kommo-o|Steel
|move|p1a: Dragapult|Draco Meteor|p2a: Kommo-o
|-resisted|p2a: Kommo-o
|-damage|p2a: Kommo-o|29/100
|-unboost|p1a: Dragapult|spa|2
|move|p2a: Kommo-o|Dragon Claw|p1a: Dragapult
|-supereffective|p1a: Dragapult
|-damage|p1a: Dragapult|0 fnt
|faint|p1a: Dragapult
|
|-sideend|p2: fayamangblessi32|move: Light Screen
|upkeep
|
|t:|1769419736
|switch|p1a: Kingambit|Kingambit, F|100/100
|-activate|p1a: Kingambit|ability: Supreme Overlord
|-start|p1a: Kingambit|fallen2|[silent]
|turn|11
|
|t:|1769419740
|move|p1a: Kingambit|Sucker Punch|p2a: Kommo-o
|-damage|p2a: Kommo-o|0 fnt
|faint|p2a: Kommo-o
|
|upkeep
|
|t:|1769419748
|switch|p2a: Grimmsnarl|Grimmsnarl, M, shiny|88/100
|-damage|p2a: Grimmsnarl|75/100|[from] Stealth Rock
|turn|12
|
|t:|1769419754
|move|p2a: Grimmsnarl|Reflect|p2a: Grimmsnarl
|-sidestart|p2: fayamangblessi32|Reflect
|move|p1a: Kingambit|Iron Head|p2a: Grimmsnarl
|-supereffective|p2a: Grimmsnarl
|-damage|p2a: Grimmsnarl|10/100
|
|upkeep
|turn|13
|
|t:|1769419760
|move|p2a: Grimmsnarl|Light Screen|p2a: Grimmsnarl
|-sidestart|p2: fayamangblessi32|move: Light Screen
|move|p1a: Kingambit|Iron Head|p2a: Grimmsnarl
|-supereffective|p2a: Grimmsnarl
|-damage|p2a: Grimmsnarl|0 fnt
|faint|p2a: Grimmsnarl
|
|upkeep
|
|t:|1769419776
|switch|p2a: Minior|Minior-Indigo, shiny|100/100
|-damage|p2a: Minior|76/100|[from] Stealth Rock
|-formechange|p2a: Minior|Minior-Meteor||[from] ability: Shields Down
|turn|14
|
|t:|1769419801
|move|p2a: Minior|Earthquake|p1a: Kingambit
|-supereffective|p1a: Kingambit
|-damage|p1a: Kingambit|65/100
|move|p1a: Kingambit|Iron Head|p2a: Minior
|-supereffective|p2a: Minior
|-damage|p2a: Minior|7/100
|
|-formechange|p2a: Minior|Minior-Indigo||[from] ability: Shields Down
|upkeep
|turn|15
|
|t:|1769419811
|move|p1a: Kingambit|Sucker Punch|p2a: Minior
|-damage|p2a: Minior|0 fnt
|faint|p2a: Minior
|
|upkeep
|
|t:|1769419816
|switch|p2a: Lokix|Lokix, M, shiny|100/100
|-damage|p2a: Lokix|76/100|[from] Stealth Rock
|turn|16
|
|t:|1769419822
|move|p2a: Lokix|First Impression|p1a: Kingambit
|-damage|p1a: Kingambit|24/100
|move|p1a: Kingambit|Iron Head|p2a: Lokix
|-damage|p2a: Lokix|37/100
|
|upkeep
|turn|17
|
|t:|1769419835
|switch|p2a: Polteageist|Polteageist-Antique, shiny|100/100
|-damage|p2a: Polteageist|88/100|[from] Stealth Rock
|move|p1a: Kingambit|Iron Head|p2a: Polteageist
|-damage|p2a: Polteageist|39/100
|
|upkeep
|turn|18
|
|t:|1769419842
|move|p2a: Polteageist|Shell Smash|p2a: Polteageist
|-unboost|p2a: Polteageist|def|1
|-unboost|p2a: Polteageist|spd|1
|-boost|p2a: Polteageist|atk|2
|-boost|p2a: Polteageist|spa|2
|-boost|p2a: Polteageist|spe|2
|-enditem|p2a: Polteageist|White Herb
|-clearnegativeboost|p2a: Polteageist|[silent]
|move|p1a: Kingambit|Kowtow Cleave|p2a: Polteageist
|-supereffective|p2a: Polteageist
|-damage|p2a: Polteageist|0 fnt
|faint|p2a: Polteageist
|
|upkeep
|
|t:|1769419851
|switch|p2a: Lokix|Lokix, M, shiny|37/100
|-damage|p2a: Lokix|12/100|[from] Stealth Rock
|turn|19
|
|t:|1769419857
|move|p2a: Lokix|First Impression|p1a: Kingambit
|-crit|p1a: Kingambit
|-damage|p1a: Kingambit|0 fnt
|faint|p1a: Kingambit
|-end|p1a: Kingambit|fallen2|[silent]
|
|-sideend|p2: fayamangblessi32|Reflect
|upkeep
|
|t:|1769419864
|switch|p1a: Ogerpon|Ogerpon-Wellspring, F|100/100
|turn|20
|-message|fayamangblessi32 forfeited.
|
|win|potassiumfumarate
|raw|potassiumfumarate's rating: 1183 &rarr; <strong>1205</strong><br />(+22 for winning)
|raw|fayamangblessi32's rating: 1148 &rarr; <strong>1126</strong><br />(-22 for losing)
|l|‽fayamangblessi32
|player|p2|
|l|☆potassiumfumarate
|player|p1|
