|j|☆Lobsta96
|j|☆daishinkantrim
|t:|1769321837
|gametype|singles
|player|p1|Lobsta96|marshal|1419
|player|p2|daishinkantrim|1|1384
|gen|9
|tier|[Gen 9] OU
|rated|
|rule|HP Percentage Mod: HP is shown in percentages
|rule|Endless Battle Clause: Forcing endless battles is banned
|rule|Species Clause: Limit one of each Pokémon
|rule|OHKO Clause: OHKO moves are banned
|rule|Evasion Items Clause: Evasion items are banned
|rule|Evasion Moves Clause: Evasion moves are banned
|rule|Evasion Abilities Clause: Evasion abilities are banned
|rule|Sleep Moves Clause: Sleep-inducing moves are banned
|clearpoke
|poke|p1|Kleavor, F|
|poke|p1|Avalugg-Hisui, F|
|poke|p1|Blissey, F|
|poke|p1|Sinistcha|
|poke|p1|Gliscor, M|
|poke|p1|Iron Valiant|
|poke|p2|Tyranitar, F|
|poke|p2|Excadrill, M|
|poke|p2|Ogerpon-Wellspring, F|
|poke|p2|Dragapult, M|
|poke|p2|Gholdengo|
|poke|p2|Cinderace, M|
|teampreview
|inactive|Battle timer is ON: inactive players will automatically lose when time's up. (requested by Lobsta96)
|inactive|Lobsta96 has 120 seconds left.
|
|t:|1769321877
|teamsize|p1|6
|teamsize|p2|6
|start
|switch|p1a: Gliscor|Gliscor, M|100/100
|switch|p2a: Tyranitar|Tyranitar, F|100/100
|-weather|Sandstorm|[from] ability: Sand Stream|[of] p2a: Tyranitar
|turn|1
|
|t:|1769321882
|move|p1a: Gliscor|Knock Off|p2a: Tyranitar
|-resisted|p2a: Tyranitar
|-damage|p2a: Tyranitar|92/100
|-enditem|p2a: Tyranitar|Leftovers|[from] move: Knock Off|[of] p1a: Gliscor
|move|p2a: Tyranitar|Knock Off|p1a: Gliscor
|-damage|p1a: Gliscor|66/100
|-enditem|p1a: Gliscor|Toxic Orb|[from] move: Knock Off|[of] p2a: Tyranitar
|
|-weather|Sandstorm|[upkeep]
|upkeep
|turn|2
|
|t:|1769321890
|move|p1a: Gliscor|Spikes|p2a: Tyranitar
|-sidestart|p2: daishinkantrim|Spikes
|move|p2a: Tyranitar|Stealth Rock|p1a: Gliscor
|-sidestart|p1: Lobsta96|move: Stealth Rock
|
|-weather|Sandstorm|[upkeep]
|upkeep
|turn|3
|
|t:|1769321893
|move|p1a: Gliscor|Spikes|p2a: Tyranitar
|-sidestart|p2: daishinkantrim|Spikes
|move|p2a: Tyranitar|Ice Beam|p1a: Gliscor
|-supereffective|p1a: Gliscor
|-damage|p1a: Gliscor|2/100
|
|-weather|Sandstorm|[upkeep]
|upkeep
|turn|4
|
|t:|1769321902
|switch|p2a: Excadrill|Excadrill, M|100/100
|-item|p2a: Excadrill|Air Balloon
|move|p1a: Gliscor|Earthquake|p2a: Excadrill
|-immune|p2a: Excadrill
|
|-weather|Sandstorm|[upkeep]
|upkeep
|turn|5
|
|t:|1769321908
|move|p2a: Excadrill|Rapid Spin|p1a: Gliscor
|-damage|p1a: Gliscor|0 fnt
|-boost|p2a: Excadrill|spe|1
|-sideend|p2: daishinkantrim|Spikes|[from] move: Rapid Spin|[of] p2a: Excadrill
|faint|p1a: Gliscor
|
|-weather|none
|upkeep
|
|t:|1769321915
|switch|p1a: Sinistcha|Sinistcha|100/100
|-damage|p1a: Sinistcha|88/100|[from] Stealth Rock
|turn|6
|
|t:|1769321923
|switch|p2a: Tyranitar|Tyranitar, F|92/100
|-weather|Sandstorm|[from] ability: Sand Stream|[of] p2a: Tyranitar
|move|p1a: Sinistcha|Matcha Gotcha|p2a: Tyranitar
|-supereffective|p2a: Tyranitar
|-crit|p2a: Tyranitar
|-damage|p2a: Tyranitar|46/100
|-heal|p1a: Sinistcha|100/100|[from] drain|[of] p2a: Tyranitar
|
|-weather|Sandstorm|[upkeep]
|-damage|p1a: Sinistcha|94/100|[from] Sandstorm
|-heal|p1a: Sinistcha|100/100|[from] item: Leftovers
|upkeep
|turn|7
|
|t:|1769321927
|move|p1a: Sinistcha|Strength Sap|p2a: Tyranitar
|-unboost|p2a: Tyranitar|atk|1
|move|p2a: Tyranitar|Knock Off|p1a: Sinistcha
|-supereffective|p1a: Sinistcha
|-damage|p1a: Sinistcha|57/100
|-enditem|p1a: Sinistcha|Leftovers|[from] move: Knock Off|[of] p2a: Tyranitar
|
|-weather|Sandstorm|[upkeep]
|-damage|p1a: Sinistcha|50/100|[from] Sandstorm
|upkeep
|turn|8
|
|t:|1769321943
|switch|p2a: Gholdengo|Gholdengo|100/100
|-item|p2a: Gholdengo|Air Balloon
|move|p1a: Sinistcha|Strength Sap|p2a: Gholdengo
|-immune|p2a: Gholdengo|[from] ability: Good as Gold
|
|-weather|Sandstorm|[upkeep]
|-damage|p1a: Sinistcha|44/100|[from] Sandstorm
|upkeep
|turn|9
|
|t:|1769321952
|switch|p1a: Blissey|Blissey, F|100/100
|move|p2a: Gholdengo|Thunder Wave|p1a: Blissey|[miss]
|-miss|p2a: Gholdengo|p1a: Blissey
|
|-weather|Sandstorm|[upkeep]
|-damage|p1a: Blissey|94/100|[from] Sandstorm
|upkeep
|turn|10
|
|t:|1769321968
|switch|p2a: Excadrill|Excadrill, M|100/100
|-item|p2a: Excadrill|Air Balloon
|move|p1a: Blissey|Stealth Rock|p2a: Excadrill
|-sidestart|p2: daishinkantrim|move: Stealth Rock
|
|-weather|none
|upkeep
|turn|11
|
|t:|1769321977
|move|p2a: Excadrill|Iron Head|p1a: Blissey
|-damage|p1a: Blissey|56/100
|move|p1a: Blissey|Seismic Toss|p2a: Excadrill
|-damage|p2a: Excadrill|73/100
|-enditem|p2a: Excadrill|Air Balloon
|
|upkeep
|turn|12
|
|t:|1769321987
|switch|p1a: Avalugg|Avalugg-Hisui, F|100/100
|move|p2a: Excadrill|Iron Head|p1a: Avalugg
|-supereffective|p1a: Avalugg
|-damage|p1a: Avalugg|20/100
|
|upkeep
|turn|13
|
|t:|1769322007
|move|p2a: Excadrill|Iron Head|p1a: Avalugg
|-supereffective|p1a: Avalugg
|-damage|p1a: Avalugg|0 fnt
|faint|p1a: Avalugg
|
|upkeep
|
|t:|1769322017
|switch|p1a: Sinistcha|Sinistcha|44/100
|-damage|p1a: Sinistcha|32/100|[from] Stealth Rock
|turn|14
|
|t:|1769322032
|move|p2a: Excadrill|Iron Head|p1a: Sinistcha
|-damage|p1a: Sinistcha|0 fnt
|faint|p1a: Sinistcha
|
|upkeep
|
|t:|1769322038
|switch|p1a: Iron Valiant|Iron Valiant|100/100
|-damage|p1a: Iron Valiant|94/100|[from] Stealth Rock
|-enditem|p1a: Iron Valiant|Booster Energy
|-activate|p1a: Iron Valiant|ability: Quark Drive|[fromitem]
|-start|p1a: Iron Valiant|quarkdrivespe
|turn|15
|
|t:|1769322046
|switch|p2a: Tyranitar|Tyranitar, F|46/100
|-damage|p2a: Tyranitar|33/100|[from] Stealth Rock
|-weather|Sandstorm|[from] ability: Sand Stream|[of] p2a: Tyranitar
|move|p1a: Iron Valiant|Close Combat|p2a: Tyranitar
|-supereffective|p2a: Tyranitar
|-damage|p2a: Tyranitar|0 fnt
|-unboost|p1a: Iron Valiant|def|1
|-unboost|p1a: Iron Valiant|spd|1
|faint|p2a: Tyranitar
|
|-weather|Sandstorm|[upkeep]
|-damage|p1a: Iron Valiant|88/100|[from] Sandstorm
|upkeep
|
|t:|1769322061
|switch|p2a: Excadrill|Excadrill, M|73/100
|-damage|p2a: Excadrill|70/100|[from] Stealth Rock
|turn|16
|
|t:|1769322065
|move|p2a: Excadrill|Iron Head|p1a: Iron Valiant
|-supereffective|p1a: Iron Valiant
|-damage|p1a: Iron Valiant|0 fnt
|faint|p1a: Iron Valiant
|-end|p1a: Iron Valiant|Quark Drive|[silent]
|
|-weather|Sandstorm|[upkeep]
|upkeep
|
|t:|1769322068
|switch|p1a: Kleavor|Kleavor, F|100/100
|-damage|p1a: Kleavor|76/100|[from] Stealth Rock
|turn|17
|
|t:|1769322073
|move|p2a: Excadrill|Iron Head|p1a: Kleavor
|-supereffective|p1a: Kleavor
|-damage|p1a: Kleavor|0 fnt
|faint|p1a: Kleavor
|
|-weather|Sandstorm|[upkeep]
|upkeep
|-message|Lobsta96 forfeited.
|
|win|daishinkantrim
|raw|Lobsta96's rating: 1419 &rarr; <strong>1397</strong><br />(-22 for losing)
|raw|daishinkantrim's rating: 1384 &rarr; <strong>1406</strong><br />(+22 for winning)
|l|☆Lobsta96
|player|p1|
|l|☆daishinkantrim
|player|p2|
