|j|☆Mudseph03
|j|☆darcxzczxx
|t:|1769421782
|gametype|singles
|player|p1|Mudseph03|red|1100
|player|p2|darcxzczxx|170|1091
|gen|9
|tier|[Gen 9] OU
|rated|
|rule|HP Percentage Mod: HP is shown in percentages
|rule|Endless Battle Clause: Forcing endless battles is banned
|rule|Species Clause: Limit one of each Pokémon
|rule|OHKO Clause: OHKO moves are banned
|rule|Evasion Items Clause: Evasion items are banned
|rule|Evasion Moves Clause: Evasion moves are banned
|rule|Evasion Abilities Clause: Evasion abilities are banned
|rule|Sleep Moves Clause: Sleep-inducing moves are banned
|clearpoke
|poke|p1|Dragapult, M|
|poke|p1|Quagsire, M|
|poke|p1|Heatran, M|
|poke|p1|Heracross, M|
|poke|p1|Jumpluff, F|
|poke|p1|Gallade, M|
|poke|p2|Salamence, F|
|poke|p2|Espeon, F|
|poke|p2|Greninja-*, M|
|poke|p2|Garganacl, M|
|poke|p2|Mienshao, F|
|poke|p2|Scizor, M|
|teampreview
|inactive|Battle timer is ON: inactive players will automatically lose when time's up. (requested by darcxzczxx)
|
|t:|1769421794
|teamsize|p1|6
|teamsize|p2|6
|start
|switch|p1a: Cubarsire|Quagsire, M|100/100
|switch|p2a: Scizor|Scizor, M|100/100
|turn|1
|
|t:|1769421800
|move|p2a: Scizor|Swords Dance|p2a: Scizor
|-boost|p2a: Scizor|atk|2
|move|p1a: Cubarsire|Spikes|p2a: Scizor
|-sidestart|p2: darcxzczxx|Spikes
|
|upkeep
|turn|2
|
|t:|1769421805
|move|p2a: Scizor|Swords Dance|p2a: Scizor
|-boost|p2a: Scizor|atk|2
|move|p1a: Cubarsire|Spikes|p2a: Scizor
|-sidestart|p2: darcxzczxx|Spikes
|
|upkeep
|turn|3
|
|t:|1769421810
|move|p2a: Scizor|Swords Dance|p2a: Scizor
|-boost|p2a: Scizor|atk|2
|move|p1a: Cubarsire|Spikes|p2a: Scizor
|-sidestart|p2: darcxzczxx|Spikes
|
|upkeep
|turn|4
|
|t:|1769421817
|move|p2a: Scizor|Close Combat|p1a: Cubarsire
|-damage|p1a: Cubarsire|59/100
|-unboost|p2a: Scizor|def|1
|-unboost|p2a: Scizor|spd|1
|-damage|p2a: Scizor|91/100|[from] item: Life Orb
|move|p1a: Cubarsire|Earthquake|p2a: Scizor
|-damage|p2a: Scizor|60/100
|
|-heal|p1a: Cubarsire|65/100|[from] item: Leftovers
|upkeep
|turn|5
|
|t:|1769421825
|move|p2a: Scizor|Bullet Punch|p1a: Cubarsire
|-resisted|p1a: Cubarsire
|-damage|p1a: Cubarsire|48/100
|-damage|p2a: Scizor|50/100|[from] item: Life Orb
|move|p1a: Cubarsire|Recover|p1a: Cubarsire
|-heal|p1a: Cubarsire|98/100
|
|-heal|p1a: Cubarsire|100/100|[from] item: Leftovers
|upkeep
|turn|6
|
|t:|1769421831
|move|p2a: Scizor|Close Combat|p1a: Cubarsire
|-damage|p1a: Cubarsire|56/100
|-unboost|p2a: Scizor|def|1
|-unboost|p2a: Scizor|spd|1
|-damage|p2a: Scizor|40/100|[from] item: Life Orb
|move|p1a: Cubarsire|Earthquake|p2a: Scizor
|-damage|p2a: Scizor|11/100
|
|-heal|p1a: Cubarsire|62/100|[from] item: Leftovers
|upkeep
|turn|7
|
|t:|1769421839
|move|p2a: Scizor|Close Combat|p1a: Cubarsire
|-damage|p1a: Cubarsire|23/100
|-unboost|p2a: Scizor|def|1
|-unboost|p2a: Scizor|spd|1
|-damage|p2a: Scizor|1/100|[from] item: Life Orb
|move|p1a: Cubarsire|Recover|p1a: Cubarsire
|-heal|p1a: Cubarsire|73/100
|
|-heal|p1a: Cubarsire|79/100|[from] item: Leftovers
|upkeep
|turn|8
|
|t:|1769421848
|move|p2a: Scizor|Close Combat|p1a: Cubarsire
|-crit|p1a: Cubarsire
|-damage|p1a: Cubarsire|15/100
|-unboost|p2a: Scizor|def|1
|-unboost|p2a: Scizor|spd|1
|-damage|p2a: Scizor|0 fnt|[from] item: Life Orb
|faint|p2a: Scizor
|move|p1a: Cubarsire|Recover|p1a: Cubarsire
|-heal|p1a: Cubarsire|65/100
|
|-heal|p1a: Cubarsire|72/100|[from] item: Leftovers
|upkeep
|
|t:|1769421856
|switch|p2a: Salamence|Salamence, F|100/100
|-ability|p2a: Salamence|Intimidate|boost
|-unboost|p1a: Cubarsire|atk|1
|turn|9
|
|t:|1769421870
|move|p2a: Salamence|Dragon Dance|p2a: Salamence
|-boost|p2a: Salamence|atk|1
|-boost|p2a: Salamence|spe|1
|move|p1a: Cubarsire|Toxic|p2a: Salamence
|-status|p2a: Salamence|tox
|
|-heal|p1a: Cubarsire|78/100|[from] item: Leftovers
|-damage|p2a: Salamence|94/100 tox|[from] psn
|upkeep
|turn|10
|
|t:|1769421879
|move|p2a: Salamence|Dragon Dance|p2a: Salamence
|-boost|p2a: Salamence|atk|1
|-boost|p2a: Salamence|spe|1
|move|p1a: Cubarsire|Spikes||[still]
|-fail|p1a: Cubarsire
|
|-heal|p1a: Cubarsire|84/100|[from] item: Leftovers
|-damage|p2a: Salamence|82/100 tox|[from] psn
|upkeep
|turn|11
|
|t:|1769421887
|move|p2a: Salamence|Dragon Claw|p1a: Cubarsire
|-damage|p1a: Cubarsire|53/100
|move|p1a: Cubarsire|Spikes||[still]
|-fail|p1a: Cubarsire
|
|-heal|p1a: Cubarsire|59/100|[from] item: Leftovers
|-damage|p2a: Salamence|64/100 tox|[from] psn
|upkeep
|turn|12
|
|t:|1769421896
|move|p2a: Salamence|Dragon Claw|p1a: Cubarsire
|-damage|p1a: Cubarsire|23/100
|move|p1a: Cubarsire|Recover|p1a: Cubarsire
|-heal|p1a: Cubarsire|73/100
|
|-heal|p1a: Cubarsire|79/100|[from] item: Leftovers
|-damage|p2a: Salamence|40/100 tox|[from] psn
|upkeep
|turn|13
|
|t:|1769421904
|move|p2a: Salamence|Dragon Dance|p2a: Salamence
|-boost|p2a: Salamence|atk|1
|-boost|p2a: Salamence|spe|1
|move|p1a: Cubarsire|Recover|p1a: Cubarsire
|-heal|p1a: Cubarsire|100/100
|
|-damage|p2a: Salamence|10/100 tox|[from] psn
|upkeep
|turn|14
|
|t:|1769421913
|move|p2a: Salamence|Dragon Claw|p1a: Cubarsire
|-damage|p1a: Cubarsire|70/100
|move|p1a: Cubarsire|Spikes||[still]
|-fail|p1a: Cubarsire
|
|-heal|p1a: Cubarsire|76/100|[from] item: Leftovers
|-damage|p2a: Salamence|0 fnt|[from] psn
|faint|p2a: Salamence
|upkeep
|
|t:|1769421921
|switch|p2a: Garganacl|Garganacl, M|100/100
|-damage|p2a: Garganacl|75/100|[from] Spikes
|turn|15
|
|t:|1769421946
|switch|p1a: Don Pollo|Jumpluff, F|100/100
|move|p2a: Garganacl|Salt Cure|p1a: Don Pollo
|-supereffective|p1a: Don Pollo
|-damage|p1a: Don Pollo|62/100
|-start|p1a: Don Pollo|Salt Cure
|
|-heal|p2a: Garganacl|82/100|[from] item: Leftovers
|-damage|p1a: Don Pollo|49/100|[from] Salt Cure
|upkeep
|turn|16
|
|t:|1769421957
|move|p1a: Don Pollo|U-turn|p2a: Garganacl
|-damage|p2a: Garganacl|75/100
|
|t:|1769421963
|switch|p1a: Ciamaser|Heracross, M|100/100|[from] U-turn
|move|p2a: Garganacl|Salt Cure|p1a: Ciamaser
|-damage|p1a: Ciamaser|81/100
|-start|p1a: Ciamaser|Salt Cure
|
|-heal|p2a: Garganacl|81/100|[from] item: Leftovers
|-damage|p1a: Ciamaser|68/100|[from] Salt Cure
|-status|p1a: Ciamaser|brn|[from] item: Flame Orb
|upkeep
|turn|17
|
|t:|1769421991
|move|p1a: Ciamaser|Close Combat|p2a: Garganacl
|-supereffective|p2a: Garganacl
|-damage|p2a: Garganacl|0 fnt
|-unboost|p1a: Ciamaser|def|1
|-unboost|p1a: Ciamaser|spd|1
|faint|p2a: Garganacl
|
|-damage|p1a: Ciamaser|62/100 brn|[from] brn
|-damage|p1a: Ciamaser|50/100 brn|[from] Salt Cure
|upkeep
|inactive|darcxzczxx has 120 seconds left.
|
|t:|1769422013
|switch|p2a: Greninja|Greninja, M|100/100
|-damage|p2a: Greninja|76/100|[from] Spikes
|turn|18
|
|t:|1769422020
|switch|p1a: Draga-sama|Dragapult, M|100/100
|move|p2a: Greninja|Water Shuriken|p1a: Draga-sama
|-start|p2a: Greninja|typechange|Water|[from] ability: Protean
|-resisted|p1a: Draga-sama
|-damage|p1a: Draga-sama|93/100
|-resisted|p1a: Draga-sama
|-damage|p1a: Draga-sama|86/100
|-resisted|p1a: Draga-sama
|-damage|p1a: Draga-sama|79/100
|-hitcount|p1a: Draga-sama|3
|
|upkeep
|turn|19
|inactive|darcxzczxx has 120 seconds left.
|
|t:|1769422037
|move|p2a: Greninja|Water Shuriken|p1a: Draga-sama
|-resisted|p1a: Draga-sama
|-damage|p1a: Draga-sama|72/100
|-resisted|p1a: Draga-sama
|-damage|p1a: Draga-sama|65/100
|-resisted|p1a: Draga-sama
|-damage|p1a: Draga-sama|59/100
|-resisted|p1a: Draga-sama
|-damage|p1a: Draga-sama|51/100
|-resisted|p1a: Draga-sama
|-damage|p1a: Draga-sama|44/100
|-hitcount|p1a: Draga-sama|5
|move|p1a: Draga-sama|Thunderbolt|p2a: Greninja
|-supereffective|p2a: Greninja
|-damage|p2a: Greninja|0 fnt
|faint|p2a: Greninja
|-damage|p1a: Draga-sama|34/100|[from] item: Life Orb
|
|upkeep
|
|t:|1769422041
|switch|p2a: Mienshao|Mienshao, F|100/100
|-damage|p2a: Mienshao|76/100|[from] Spikes
|turn|20
|-message|darcxzczxx forfeited.
|
|win|Mudseph03
|raw|Mudseph03's rating: 1100 &rarr; <strong>1124</strong><br />(+24 for winning)
|raw|darcxzczxx's rating: 1091 &rarr; <strong>1068</strong><br />(-23 for losing)
|l|☆darcxzczxx
|player|p2|
|l|☆Mudseph03
|player|p1|
