|j|☆LmonJames
|j|☆NO1Griefer
|t:|1769407225
|gametype|singles
|player|p1|LmonJames|2|1100
|player|p2|NO1Griefer|cameraman|1203
|gen|9
|tier|[Gen 9] OU
|rated|
|rule|HP Percentage Mod: HP is shown in percentages
|rule|Endless Battle Clause: Forcing endless battles is banned
|rule|Species Clause: Limit one of each Pokémon
|rule|OHKO Clause: OHKO moves are banned
|rule|Evasion Items Clause: Evasion items are banned
|rule|Evasion Moves Clause: Evasion moves are banned
|rule|Evasion Abilities Clause: Evasion abilities are banned
|rule|Sleep Moves Clause: Sleep-inducing moves are banned
|clearpoke
|poke|p1|Salamence, M|
|poke|p1|Gholdengo|
|poke|p1|Metagross|
|poke|p1|Weezing-Galar, F|
|poke|p1|Scizor, M|
|poke|p1|Walking Wake|
|poke|p2|Scovillain, M|
|poke|p2|Torkoal, M|
|poke|p2|Lilligant, F|
|poke|p2|Venusaur, M|
|poke|p2|Leafeon, F|
|poke|p2|Ceruledge, F|
|teampreview
|inactive|Battle timer is ON: inactive players will automatically lose when time's up. (requested by NO1Griefer)
|
|t:|1769407232
|teamsize|p1|6
|teamsize|p2|6
|start
|switch|p1a: Vakarian|Salamence, M|100/100
|switch|p2a: Torkoal|Torkoal, M, shiny|100/100
|-weather|SunnyDay|[from] ability: Drought|[of] p2a: Torkoal
|turn|1
|
|t:|1769407238
|move|p1a: Vakarian|Dragon Dance|p1a: Vakarian
|-boost|p1a: Vakarian|atk|1
|-boost|p1a: Vakarian|spe|1
|move|p2a: Torkoal|Will-O-Wisp|p1a: Vakarian
|-status|p1a: Vakarian|brn
|-enditem|p1a: Vakarian|Lum Berry|[eat]
|-curestatus|p1a: Vakarian|brn|[msg]
|
|-weather|SunnyDay|[upkeep]
|upkeep
|turn|2
|
|t:|1769407255
|move|p1a: Vakarian|Earthquake|p2a: Torkoal
|-supereffective|p2a: Torkoal
|-damage|p2a: Torkoal|23/100
|move|p2a: Torkoal|Will-O-Wisp|p1a: Vakarian
|-status|p1a: Vakarian|brn
|
|-weather|SunnyDay|[upkeep]
|-damage|p1a: Vakarian|94/100 brn|[from] brn
|upkeep
|turn|3
|inactive|NO1Griefer has 120 seconds left.
|
|t:|1769407284
|switch|p2a: Venusaur|Venusaur, M, shiny|100/100
|move|p1a: Vakarian|Earthquake|p2a: Venusaur
|-damage|p2a: Venusaur|67/100
|
|-weather|SunnyDay|[upkeep]
|-damage|p1a: Vakarian|88/100 brn|[from] brn
|upkeep
|turn|4
|
|t:|1769407296
|move|p2a: Venusaur|Sludge Bomb|p1a: Vakarian
|-damage|p1a: Vakarian|21/100 brn
|-damage|p2a: Venusaur|57/100|[from] item: Life Orb
|move|p1a: Vakarian|Dragon Claw|p2a: Venusaur
|-damage|p2a: Venusaur|15/100
|
|-weather|SunnyDay|[upkeep]
|-damage|p1a: Vakarian|15/100 brn|[from] brn
|upkeep
|turn|5
|
|t:|1769407306
|-terastallize|p1a: Vakarian|Steel
|move|p2a: Venusaur|Sludge Bomb|p1a: Vakarian
|-immune|p1a: Vakarian
|move|p1a: Vakarian|Dragon Claw|p2a: Venusaur
|-damage|p2a: Venusaur|0 fnt
|faint|p2a: Venusaur
|-ability|p1a: Vakarian|Moxie|boost
|-boost|p1a: Vakarian|atk|1
|
|-weather|SunnyDay|[upkeep]
|-damage|p1a: Vakarian|9/100 brn|[from] brn
|upkeep
|
|t:|1769407311
|switch|p2a: Ceruledge|Ceruledge, F, shiny|100/100
|turn|6
|
|t:|1769407318
|move|p1a: Vakarian|Earthquake|p2a: Ceruledge
|-supereffective|p2a: Ceruledge
|-damage|p2a: Ceruledge|2/100
|-ability|p2a: Ceruledge|Weak Armor|boost
|-unboost|p2a: Ceruledge|def|1
|-boost|p2a: Ceruledge|spe|2
|move|p2a: Ceruledge|Swords Dance|p2a: Ceruledge
|-boost|p2a: Ceruledge|atk|2
|
|-weather|SunnyDay|[upkeep]
|-damage|p1a: Vakarian|3/100 brn|[from] brn
|upkeep
|turn|7
|
|t:|1769407328
|move|p2a: Ceruledge|Bitter Blade|p1a: Vakarian
|-supereffective|p1a: Vakarian
|-damage|p1a: Vakarian|0 fnt
|-heal|p2a: Ceruledge|4/100|[from] drain|[of] p1a: Vakarian
|faint|p1a: Vakarian
|
|-weather|SunnyDay|[upkeep]
|upkeep
|
|t:|1769407335
|switch|p1a: Xylophone|Metagross, shiny|100/100
|turn|8
|
|t:|1769407343
|switch|p2a: Leafeon|Leafeon, F|100/100
|move|p1a: Xylophone|Bullet Punch|p2a: Leafeon
|-damage|p2a: Leafeon|85/100
|
|-weather|none
|-heal|p2a: Leafeon|91/100|[from] item: Leftovers
|upkeep
|turn|9
|
|t:|1769407352
|switch|p2a: Torkoal|Torkoal, M, shiny|23/100
|-weather|SunnyDay|[from] ability: Drought|[of] p2a: Torkoal
|move|p1a: Xylophone|Reflect|p1a: Xylophone
|-sidestart|p1: LmonJames|Reflect
|
|-weather|SunnyDay|[upkeep]
|upkeep
|turn|10
|
|t:|1769407363
|switch|p2a: Ceruledge|Ceruledge, F, shiny|4/100
|move|p1a: Xylophone|Stealth Rock|p2a: Ceruledge
|-sidestart|p2: NO1Griefer|move: Stealth Rock
|
|-weather|SunnyDay|[upkeep]
|upkeep
|turn|11
|
|t:|1769407369
|move|p1a: Xylophone|Bullet Punch|p2a: Ceruledge
|-resisted|p2a: Ceruledge
|-damage|p2a: Ceruledge|0 fnt
|faint|p2a: Ceruledge
|
|-weather|SunnyDay|[upkeep]
|upkeep
|
|t:|1769407377
|switch|p2a: Lilligant|Lilligant, F, shiny|100/100
|-damage|p2a: Lilligant|88/100|[from] Stealth Rock
|turn|12
|
|t:|1769407388
|move|p1a: Xylophone|Bullet Punch|p2a: Lilligant
|-damage|p2a: Lilligant|59/100
|move|p2a: Lilligant|Weather Ball|p1a: Xylophone
|-supereffective|p1a: Xylophone
|-damage|p1a: Xylophone|0 fnt
|faint|p1a: Xylophone
|
|-weather|SunnyDay|[upkeep]
|upkeep
|
|t:|1769407407
|switch|p1a: Hamilton|Weezing-Galar, F|100/100
|turn|13
|
|t:|1769407420
|move|p2a: Lilligant|Quiver Dance|p2a: Lilligant
|-boost|p2a: Lilligant|spa|1
|-boost|p2a: Lilligant|spd|1
|-boost|p2a: Lilligant|spe|1
|move|p1a: Hamilton|Flamethrower|p2a: Lilligant
|-supereffective|p2a: Lilligant
|-damage|p2a: Lilligant|0 fnt
|faint|p2a: Lilligant
|-damage|p1a: Hamilton|91/100|[from] item: Life Orb
|
|-weather|SunnyDay|[upkeep]
|-sideend|p1: LmonJames|Reflect
|upkeep
|
|t:|1769407439
|switch|p2a: Leafeon|Leafeon, F|91/100
|-damage|p2a: Leafeon|79/100|[from] Stealth Rock
|turn|14
|inactive|NO1Griefer has 120 seconds left.
|
|t:|1769407464
|move|p2a: Leafeon|Knock Off|p1a: Hamilton
|-resisted|p1a: Hamilton
|-damage|p1a: Hamilton|76/100
|-enditem|p1a: Hamilton|Life Orb|[from] move: Knock Off|[of] p2a: Leafeon
|move|p1a: Hamilton|Flamethrower|p2a: Leafeon
|-supereffective|p2a: Leafeon
|-crit|p2a: Leafeon
|-damage|p2a: Leafeon|0 fnt
|faint|p2a: Leafeon
|
|-weather|SunnyDay|[upkeep]
|upkeep
|inactive|NO1Griefer has 120 seconds left.
|
|t:|1769407470
|switch|p2a: Scovillain|Scovillain, M|100/100
|-damage|p2a: Scovillain|76/100|[from] Stealth Rock
|turn|15
|
|t:|1769407482
|move|p2a: Scovillain|Flamethrower|p1a: Hamilton
|-damage|p1a: Hamilton|0 fnt
|faint|p1a: Hamilton
|-damage|p2a: Scovillain|66/100|[from] item: Life Orb
|
|-weather|SunnyDay|[upkeep]
|upkeep
|
|t:|1769407489
|switch|p1a: Brudda|Walking Wake|100/100
|-activate|p1a: Brudda|ability: Protosynthesis
|-start|p1a: Brudda|protosynthesisspa
|turn|16
|
|t:|1769407498
|move|p2a: Scovillain|Solar Beam||[still]
|-prepare|p2a: Scovillain|Solar Beam
|-anim|p2a: Scovillain|Solar Beam|p1a: Brudda
|-damage|p1a: Brudda|19/100
|-damage|p2a: Scovillain|56/100|[from] item: Life Orb
|move|p1a: Brudda|Scald|p2a: Scovillain
|-damage|p2a: Scovillain|3/100
|
|-weather|none
|-end|p1a: Brudda|Protosynthesis
|upkeep
|-enditem|p1a: Brudda|Booster Energy
|-activate|p1a: Brudda|ability: Protosynthesis|[fromitem]
|-start|p1a: Brudda|protosynthesisspa
|turn|17
|
|t:|1769407511
|move|p1a: Brudda|Scald|p2a: Scovillain
|-damage|p2a: Scovillain|0 fnt
|faint|p2a: Scovillain
|
|upkeep
|
|t:|1769407514
|switch|p2a: Torkoal|Torkoal, M, shiny|23/100
|-damage|p2a: Torkoal|0 fnt|[from] Stealth Rock
|faint|p2a: Torkoal
|
|win|LmonJames
|raw|LmonJames's rating: 1100 &rarr; <strong>1132</strong><br />(+32 for winning)
|raw|NO1Griefer's rating: 1203 &rarr; <strong>1171</strong><br />(-32 for losing)
|l|☆NO1Griefer
|player|p2|
|l|☆LmonJames
|player|p1|
