|inactive|Battle timer is ON: inactive players will automatically lose when time's up.
|t:|1769366117
|gametype|singles
|player|p1|sunsets|#splxviiruiners|
|player|p2|JustFranco‽|#splxvibigs|
|gen|9
|tier|[Gen 9] OU
|rule|HP Percentage Mod: HP is shown in percentages
|rule|Endless Battle Clause: Forcing endless battles is banned
|rule|Species Clause: Limit one of each Pokémon
|rule|OHKO Clause: OHKO moves are banned
|rule|Evasion Items Clause: Evasion items are banned
|rule|Evasion Moves Clause: Evasion moves are banned
|rule|Evasion Abilities Clause: Evasion abilities are banned
|rule|Sleep Moves Clause: Sleep-inducing moves are banned
|clearpoke
|poke|p1|Gholdengo|
|poke|p1|Kyurem|
|poke|p1|Cinderace, M|
|poke|p1|Great Tusk|
|poke|p1|Dragonite, F|
|poke|p1|Samurott-Hisui, F|
|poke|p2|Zamazenta-*|
|poke|p2|Slowking-Galar, M|
|poke|p2|Gliscor, M|
|poke|p2|Cinderace, F|
|poke|p2|Kingambit, F|
|poke|p2|Hydrapple, M|
|teampreview
|inactive|JustFranco‽ also wants the timer to be on.
|c|☆JustFranco‽|hf
|c|☆sunsets|gl hf
|inactive|sunsets has 270 seconds left.
|inactive|JustFranco‽ has 270 seconds left.
|inactive|sunsets has 240 seconds left.
|inactive|JustFranco‽ has 240 seconds left.
|inactive|sunsets has 210 seconds left.
|inactive|JustFranco‽ has 210 seconds left.
|inactive|sunsets has 180 seconds left.
|inactive|JustFranco‽ has 180 seconds left.
|rated|Smogon Premier League
|inactive|sunsets has 150 seconds left.
|inactive|JustFranco‽ has 150 seconds left.
|
|t:|1769366279
|teamsize|p1|6
|teamsize|p2|6
|start
|switch|p1a: Samurott|Samurott-Hisui, F|100/100
|switch|p2a: enzo (irlandesa)|Cinderace, F|100/100
|turn|1
|inactive|JustFranco‽ has 210 seconds left.
|
|t:|1769366292
|switch|p2a: enzo (nana)|Hydrapple, M|100/100
|switch|p1a: Great Tusk|Great Tusk|100/100
|
|upkeep
|turn|2
|inactive|JustFranco‽ has 210 seconds left.
|inactive|sunsets has 180 seconds left.
|
|t:|1769366334
|-end|p1a: Great Tusk|Protosynthesis|[silent]
|switch|p1a: Cinderace|Cinderace, M|100/100
|move|p2a: enzo (nana)|Giga Drain|p1a: Cinderace
|-resisted|p1a: Cinderace
|-damage|p1a: Cinderace|79/100
|
|upkeep
|turn|3
|inactive|sunsets has 180 seconds left.
|
|t:|1769366368
|move|p1a: Cinderace|U-turn|p2a: enzo (nana)
|-start|p1a: Cinderace|typechange|Bug|[from] ability: Libero
|-supereffective|p2a: enzo (nana)
|-damage|p2a: enzo (nana)|67/100
|
|t:|1769366382
|switch|p1a: Kyurem|Kyurem|100/100|[from] U-turn
|-ability|p1a: Kyurem|Pressure
|move|p2a: enzo (nana)|Draco Meteor|p1a: Kyurem
|-supereffective|p1a: Kyurem
|-damage|p1a: Kyurem|0 fnt
|-unboost|p2a: enzo (nana)|spa|2
|faint|p1a: Kyurem
|
|upkeep
|
|t:|1769366392
|switch|p1a: Gholdengo|Gholdengo|100/100
|turn|4
|inactive|sunsets has 150 seconds left.
|
|t:|1769366417
|switch|p2a: enzo (irlandesa)|Cinderace, F|100/100
|move|p1a: Gholdengo|Shadow Ball|p2a: enzo (irlandesa)
|-damage|p2a: enzo (irlandesa)|49/100
|
|upkeep
|turn|5
|inactive|sunsets has 150 seconds left.
|inactive|JustFranco‽ has 180 seconds left.
|
|t:|1769366437
|switch|p1a: Samurott|Samurott-Hisui, F|100/100
|switch|p2a: enzo (uno)|Gliscor, M|100/100
|
|-status|p2a: enzo (uno)|tox|[from] item: Toxic Orb
|upkeep
|turn|6
|inactive|JustFranco‽ has 180 seconds left.
|inactive|JustFranco‽ has 150 seconds left.
|
|t:|1769366490
|-terastallize|p2a: enzo (uno)|Water
|move|p2a: enzo (uno)|Toxic|p1a: Samurott
|-status|p1a: Samurott|tox
|move|p1a: Samurott|Ceaseless Edge|p2a: enzo (uno)
|-damage|p2a: enzo (uno)|69/100 tox
|-sidestart|p2: JustFranco‽|Spikes
|
|-heal|p2a: enzo (uno)|81/100 tox|[from] ability: Poison Heal
|-damage|p1a: Samurott|94/100 tox|[from] psn
|upkeep
|turn|7
|inactive|sunsets has 150 seconds left.
|
|t:|1769366520
|move|p2a: enzo (uno)|Protect|p2a: enzo (uno)
|-singleturn|p2a: enzo (uno)|Protect
|move|p1a: Samurott|Ceaseless Edge|p2a: enzo (uno)
|-activate|p2a: enzo (uno)|move: Protect
|
|-heal|p2a: enzo (uno)|94/100 tox|[from] ability: Poison Heal
|-damage|p1a: Samurott|82/100 tox|[from] psn
|upkeep
|turn|8
|inactive|JustFranco‽ has 150 seconds left.
|
|t:|1769366530
|move|p2a: enzo (uno)|Stealth Rock|p1a: Samurott
|-sidestart|p1: sunsets|move: Stealth Rock
|move|p1a: Samurott|Ceaseless Edge|p2a: enzo (uno)
|-damage|p2a: enzo (uno)|59/100 tox
|-sidestart|p2: JustFranco‽|Spikes
|
|-heal|p2a: enzo (uno)|71/100 tox|[from] ability: Poison Heal
|-damage|p1a: Samurott|64/100 tox|[from] psn
|upkeep
|turn|9
|
|t:|1769366536
|switch|p1a: Great Tusk|Great Tusk|100/100
|-damage|p1a: Great Tusk|98/100|[from] Stealth Rock
|move|p2a: enzo (uno)|Protect||[still]
|-fail|p2a: enzo (uno)
|
|-heal|p2a: enzo (uno)|84/100 tox|[from] ability: Poison Heal
|upkeep
|turn|10
|inactive|sunsets has 150 seconds left.
|inactive|JustFranco‽ has 150 seconds left.
|
|t:|1769366563
|move|p2a: enzo (uno)|Protect|p2a: enzo (uno)
|-singleturn|p2a: enzo (uno)|Protect
|move|p1a: Great Tusk|Headlong Rush|p2a: enzo (uno)
|-activate|p2a: enzo (uno)|move: Protect
|
|-heal|p2a: enzo (uno)|96/100 tox|[from] ability: Poison Heal
|upkeep
|turn|11
|inactive|JustFranco‽ has 150 seconds left.
|
|t:|1769366579
|move|p1a: Great Tusk|Headlong Rush|p2a: enzo (uno)
|-damage|p2a: enzo (uno)|58/100 tox
|-unboost|p1a: Great Tusk|def|1
|-unboost|p1a: Great Tusk|spd|1
|move|p2a: enzo (uno)|Toxic|p1a: Great Tusk
|-status|p1a: Great Tusk|tox
|
|-damage|p1a: Great Tusk|91/100 tox|[from] psn
|-heal|p2a: enzo (uno)|70/100 tox|[from] ability: Poison Heal
|upkeep
|turn|12
|
|t:|1769366587
|move|p2a: enzo (uno)|Protect|p2a: enzo (uno)
|-singleturn|p2a: enzo (uno)|Protect
|move|p1a: Great Tusk|Roar|p2a: enzo (uno)
|drag|p2a: enzo (3am)|Slowking-Galar, M|100/100
|
|-damage|p1a: Great Tusk|79/100 tox|[from] psn
|upkeep
|turn|13
|inactive|sunsets has 120 seconds left.
|
|t:|1769366636
|switch|p2a: enzo (nana)|Hydrapple, M|100/100
|move|p1a: Great Tusk|Rapid Spin|p2a: enzo (nana)
|-damage|p2a: enzo (nana)|92/100
|-boost|p1a: Great Tusk|spe|1
|-sideend|p1: sunsets|Stealth Rock|[from] move: Rapid Spin|[of] p1a: Great Tusk
|
|-damage|p1a: Great Tusk|60/100 tox|[from] psn
|upkeep
|turn|14
|inactive|sunsets has 90 seconds left.
|inactive|JustFranco‽ has 150 seconds left.
|
|t:|1769366664
|-end|p1a: Great Tusk|Protosynthesis|[silent]
|switch|p1a: Gholdengo|Gholdengo|100/100
|move|p2a: enzo (nana)|Earth Power|p1a: Gholdengo
|-supereffective|p1a: Gholdengo
|-damage|p1a: Gholdengo|47/100
|-unboost|p1a: Gholdengo|spd|1
|
|upkeep
|turn|15
|inactive|JustFranco‽ has 150 seconds left.
|
|t:|1769366701
|switch|p2a: enzo (3am)|Slowking-Galar, M|100/100
|move|p1a: Gholdengo|Trick|p2a: enzo (3am)
|-activate|p1a: Gholdengo|move: Trick|[of] p2a: enzo (3am)
|-item|p2a: enzo (3am)|Choice Scarf|[from] move: Trick
|-item|p1a: Gholdengo|Heavy-Duty Boots|[from] move: Trick
|
|upkeep
|turn|16
|
|t:|1769366712
|move|p1a: Gholdengo|Shadow Ball|p2a: enzo (3am)
|-supereffective|p2a: enzo (3am)
|-damage|p2a: enzo (3am)|54/100
|-prepare|p2a: enzo (3am)|Chilly Reception|[premajor]
|move|p2a: enzo (3am)|Chilly Reception|p2a: enzo (3am)
|-weather|Snowscape
|
|t:|1769366715
|switch|p2a: enzo (irlandesa)|Cinderace, F|49/100|[from] Chilly Reception
|
|-weather|Snowscape|[upkeep]
|upkeep
|turn|17
|
|t:|1769366737
|switch|p1a: Cinderace|Cinderace, M|79/100
|move|p2a: enzo (irlandesa)|Court Change|p2a: enzo (irlandesa)
|-swapsideconditions
|-activate|p2a: enzo (irlandesa)|move: Court Change
|
|-weather|Snowscape|[upkeep]
|upkeep
|turn|18
|inactive|sunsets has 90 seconds left.
|inactive|JustFranco‽ has 120 seconds left.
|
|t:|1769366777
|switch|p2a: enzo (uno)|Gliscor, M, tera:Water|70/100 tox
|move|p1a: Cinderace|Gunk Shot|p2a: enzo (uno)
|-start|p1a: Cinderace|typechange|Poison|[from] ability: Libero
|-damage|p2a: enzo (uno)|25/100 tox
|
|-weather|Snowscape|[upkeep]
|-heal|p2a: enzo (uno)|37/100 tox|[from] ability: Poison Heal
|upkeep
|turn|19
|inactive|sunsets has 90 seconds left.
|
|t:|1769366802
|move|p2a: enzo (uno)|Protect|p2a: enzo (uno)
|-singleturn|p2a: enzo (uno)|Protect
|move|p1a: Cinderace|Court Change|p1a: Cinderace
|-swapsideconditions
|-activate|p1a: Cinderace|move: Court Change
|
|-weather|Snowscape|[upkeep]
|-heal|p2a: enzo (uno)|50/100 tox|[from] ability: Poison Heal
|upkeep
|turn|20
|inactive|sunsets has 60 seconds left.
|
|t:|1769366842
|move|p1a: Cinderace|U-turn|p2a: enzo (uno)
|-damage|p2a: enzo (uno)|33/100 tox
|
|t:|1769366844
|switch|p1a: Great Tusk|Great Tusk|60/100 tox|[from] U-turn
|move|p2a: enzo (uno)|Earthquake|p1a: Great Tusk
|-damage|p1a: Great Tusk|42/100 tox
|
|-weather|none
|-damage|p1a: Great Tusk|36/100 tox|[from] psn
|-heal|p2a: enzo (uno)|46/100 tox|[from] ability: Poison Heal
|upkeep
|turn|21
|inactive|sunsets has 60 seconds left.
|inactive|JustFranco‽ has 120 seconds left.
|
|t:|1769366867
|move|p2a: enzo (uno)|Protect|p2a: enzo (uno)
|-singleturn|p2a: enzo (uno)|Protect
|move|p1a: Great Tusk|Headlong Rush|p2a: enzo (uno)
|-activate|p2a: enzo (uno)|move: Protect
|
|-damage|p1a: Great Tusk|24/100 tox|[from] psn
|-heal|p2a: enzo (uno)|58/100 tox|[from] ability: Poison Heal
|upkeep
|turn|22
|inactive|JustFranco‽ has 120 seconds left.
|
|t:|1769366883
|move|p1a: Great Tusk|Headlong Rush|p2a: enzo (uno)
|-damage|p2a: enzo (uno)|16/100 tox
|-unboost|p1a: Great Tusk|def|1
|-unboost|p1a: Great Tusk|spd|1
|move|p2a: enzo (uno)|Stealth Rock|p1a: Great Tusk
|-sidestart|p1: sunsets|move: Stealth Rock
|
|-damage|p1a: Great Tusk|5/100 tox|[from] psn
|-heal|p2a: enzo (uno)|28/100 tox|[from] ability: Poison Heal
|upkeep
|turn|23
|inactive|JustFranco‽ has 120 seconds left.
|
|t:|1769366902
|move|p2a: enzo (uno)|Protect|p2a: enzo (uno)
|-singleturn|p2a: enzo (uno)|Protect
|move|p1a: Great Tusk|Roar|p2a: enzo (uno)
|drag|p2a: enzo (3am)|Slowking-Galar, M|88/100
|-damage|p2a: enzo (3am)|71/100|[from] Spikes
|
|-damage|p1a: Great Tusk|0 fnt|[from] psn
|faint|p1a: Great Tusk
|-end|p1a: Great Tusk|Protosynthesis|[silent]
|upkeep
|
|t:|1769366919
|switch|p1a: Cinderace|Cinderace, M|79/100
|turn|24
|inactive|sunsets has 30 seconds left.
|inactive|JustFranco‽ has 120 seconds left.
|inactive|sunsets has 20 seconds left.
|
|t:|1769366958
|move|p1a: Cinderace|Court Change|p1a: Cinderace
|-start|p1a: Cinderace|typechange|Normal|[from] ability: Libero
|-swapsideconditions
|-activate|p1a: Cinderace|move: Court Change
|-prepare|p2a: enzo (3am)|Chilly Reception|[premajor]
|move|p2a: enzo (3am)|Chilly Reception|p2a: enzo (3am)
|-weather|Snowscape
|
|t:|1769366962
|switch|p2a: enzo (momazos)|Zamazenta|100/100|[from] Chilly Reception
|-damage|p2a: enzo (momazos)|94/100|[from] Stealth Rock
|-ability|p2a: enzo (momazos)|Dauntless Shield|boost
|-boost|p2a: enzo (momazos)|def|1
|
|-weather|Snowscape|[upkeep]
|upkeep
|turn|25
|inactive|sunsets has 30 seconds left.
|
|t:|1769366974
|move|p2a: enzo (momazos)|Iron Defense|p2a: enzo (momazos)
|-boost|p2a: enzo (momazos)|def|2
|move|p1a: Cinderace|U-turn|p2a: enzo (momazos)
|-resisted|p2a: enzo (momazos)
|-damage|p2a: enzo (momazos)|91/100
|inactive|sunsets has 30 seconds left this turn.
|inactive|sunsets has 20 seconds left.
|
|t:|1769366986
|switch|p1a: Gholdengo|Gholdengo|47/100|[from] U-turn
|
|-weather|Snowscape|[upkeep]
|upkeep
|turn|26
|inactive|sunsets has 30 seconds left this turn.
|inactive|sunsets has 20 seconds left.
|
|t:|1769366998
|move|p2a: enzo (momazos)|Crunch|p1a: Gholdengo
|-supereffective|p1a: Gholdengo
|-damage|p1a: Gholdengo|0 fnt
|faint|p1a: Gholdengo
|
|-weather|Snowscape|[upkeep]
|upkeep
|inactive|sunsets has 25 seconds left this turn.
|
|t:|1769367001
|switch|p1a: Dragonite|Dragonite, F|100/100
|turn|27
|inactive|sunsets has 30 seconds left.
|
|t:|1769367011
|move|p2a: enzo (momazos)|Body Press|p1a: Dragonite
|-resisted|p1a: Dragonite
|-damage|p1a: Dragonite|79/100
|move|p1a: Dragonite|Dragon Dance|p1a: Dragonite
|-boost|p1a: Dragonite|atk|1
|-boost|p1a: Dragonite|spe|1
|
|-weather|Snowscape|[upkeep]
|upkeep
|turn|28
|inactive|sunsets has 30 seconds left.
|inactive|sunsets has 20 seconds left.
|inactive|sunsets has 15 seconds left.
|
|t:|1769367037
|-terastallize|p1a: Dragonite|Fairy
|move|p1a: Dragonite|Tera Blast|p2a: enzo (momazos)|[anim] Tera Blast Fairy
|-supereffective|p2a: enzo (momazos)
|-damage|p2a: enzo (momazos)|53/100
|move|p2a: enzo (momazos)|Body Press|p1a: Dragonite
|-resisted|p1a: Dragonite
|-damage|p1a: Dragonite|34/100
|
|-weather|none
|upkeep
|turn|29
|inactive|sunsets has 25 seconds left this turn.
|
|t:|1769367041
|move|p1a: Dragonite|Tera Blast|p2a: enzo (momazos)|[anim] Tera Blast Fairy
|-supereffective|p2a: enzo (momazos)
|-damage|p2a: enzo (momazos)|19/100
|move|p2a: enzo (momazos)|Body Press|p1a: Dragonite
|-resisted|p1a: Dragonite
|-damage|p1a: Dragonite|0 fnt
|faint|p1a: Dragonite
|
|upkeep
|inactive|sunsets has 30 seconds left this turn.
|c|☆sunsets|gg
|c|☆JustFranco‽|gg
|-message|sunsets forfeited.
|
|win|JustFranco‽
|player|p1|
