|j|☆Splat!72
|j|☆levi6969
|t:|1769371461
|gametype|singles
|player|p1|Splat!72|lusamine-nihilego|1177
|player|p2|levi6969|265|1144
|gen|9
|tier|[Gen 9] OU
|rated|
|rule|HP Percentage Mod: HP is shown in percentages
|rule|Endless Battle Clause: Forcing endless battles is banned
|rule|Species Clause: Limit one of each Pokémon
|rule|OHKO Clause: OHKO moves are banned
|rule|Evasion Items Clause: Evasion items are banned
|rule|Evasion Moves Clause: Evasion moves are banned
|rule|Evasion Abilities Clause: Evasion abilities are banned
|rule|Sleep Moves Clause: Sleep-inducing moves are banned
|clearpoke
|poke|p1|Glimmora, F|
|poke|p1|Landorus-Therian, M|
|poke|p1|Ceruledge, M|
|poke|p1|Ogerpon-Wellspring, F|
|poke|p1|Raging Bolt|
|poke|p1|Kingambit, M|
|poke|p2|Vigoroth, F|
|poke|p2|Drifblim, F|
|poke|p2|Ting-Lu|
|poke|p2|Clefable, M|
|poke|p2|Cobalion|
|poke|p2|Slowking-Galar, F|
|teampreview
|inactive|Battle timer is ON: inactive players will automatically lose when time's up. (requested by Splat!72)
|
|t:|1769371502
|teamsize|p1|6
|teamsize|p2|6
|start
|switch|p1a: Glimmora|Glimmora, F|100/100
|switch|p2a: Vigoroth|Vigoroth, F, shiny|100/100
|turn|1
|
|t:|1769371509
|-terastallize|p2a: Vigoroth|Poison
|move|p2a: Vigoroth|Knock Off|p1a: Glimmora
|-damage|p1a: Glimmora|84/100
|-activate|p1a: Glimmora|ability: Toxic Debris
|-sidestart|p2: levi6969|move: Toxic Spikes
|-enditem|p1a: Glimmora|Focus Sash|[from] move: Knock Off|[of] p2a: Vigoroth
|move|p1a: Glimmora|Stealth Rock|p2a: Vigoroth
|-sidestart|p2: levi6969|move: Stealth Rock
|
|upkeep
|turn|2
|
|t:|1769371523
|move|p2a: Vigoroth|Knock Off|p1a: Glimmora
|-damage|p1a: Glimmora|72/100
|-activate|p1a: Glimmora|ability: Toxic Debris
|-sidestart|p2: levi6969|move: Toxic Spikes
|move|p1a: Glimmora|Power Gem|p2a: Vigoroth
|-damage|p2a: Vigoroth|66/100
|
|upkeep
|turn|3
|
|t:|1769371530
|move|p2a: Vigoroth|Slack Off|p2a: Vigoroth
|-heal|p2a: Vigoroth|100/100
|move|p1a: Glimmora|Power Gem|p2a: Vigoroth
|-damage|p2a: Vigoroth|62/100
|
|upkeep
|turn|4
|
|t:|1769371536
|move|p2a: Vigoroth|Knock Off|p1a: Glimmora
|-damage|p1a: Glimmora|60/100
|move|p1a: Glimmora|Power Gem|p2a: Vigoroth
|-damage|p2a: Vigoroth|24/100
|
|upkeep
|turn|5
|
|t:|1769371541
|move|p2a: Vigoroth|Slack Off|p2a: Vigoroth
|-heal|p2a: Vigoroth|74/100
|move|p1a: Glimmora|Power Gem|p2a: Vigoroth
|-damage|p2a: Vigoroth|38/100
|
|upkeep
|turn|6
|
|t:|1769371546
|move|p2a: Vigoroth|Slack Off|p2a: Vigoroth
|-heal|p2a: Vigoroth|88/100
|move|p1a: Glimmora|Power Gem|p2a: Vigoroth
|-damage|p2a: Vigoroth|54/100
|
|upkeep
|turn|7
|
|t:|1769371552
|switch|p2a: Cobalion|Cobalion, shiny|100/100
|-damage|p2a: Cobalion|97/100|[from] Stealth Rock
|move|p1a: Glimmora|Power Gem|p2a: Cobalion
|-resisted|p2a: Cobalion
|-damage|p2a: Cobalion|82/100
|
|upkeep
|turn|8
|
|t:|1769371561
|move|p2a: Cobalion|Stealth Rock|p1a: Glimmora
|-sidestart|p1: Splat!72|move: Stealth Rock
|move|p1a: Glimmora|Power Gem|p2a: Cobalion
|-resisted|p2a: Cobalion
|-damage|p2a: Cobalion|66/100
|
|upkeep
|turn|9
|
|t:|1769371566
|move|p2a: Cobalion|Iron Head|p1a: Glimmora
|-supereffective|p1a: Glimmora
|-crit|p1a: Glimmora
|-damage|p1a: Glimmora|0 fnt
|faint|p1a: Glimmora
|
|upkeep
|
|t:|1769371576
|switch|p1a: Landorus|Landorus-Therian, M|100/100
|-damage|p1a: Landorus|88/100|[from] Stealth Rock
|-ability|p1a: Landorus|Intimidate|boost
|-unboost|p2a: Cobalion|atk|1
|turn|10
|
|t:|1769371587
|switch|p2a: Drifblim|Drifblim, F, shiny|100/100
|-terastallize|p1a: Landorus|Psychic
|move|p1a: Landorus|Psychic|p2a: Drifblim
|-damage|p2a: Drifblim|46/100
|
|upkeep
|turn|11
|
|t:|1769371597
|move|p1a: Landorus|Psychic|p2a: Drifblim
|-damage|p2a: Drifblim|0 fnt
|faint|p2a: Drifblim
|
|upkeep
|
|t:|1769371606
|switch|p2a: Clefable|Clefable, M, shiny|100/100
|turn|12
|
|t:|1769371612
|move|p1a: Landorus|Psychic|p2a: Clefable
|-damage|p2a: Clefable|61/100
|move|p2a: Clefable|Moonblast|p1a: Landorus
|-damage|p1a: Landorus|48/100
|-unboost|p1a: Landorus|spa|1
|
|upkeep
|turn|13
|
|t:|1769371618
|move|p1a: Landorus|Psychic|p2a: Clefable
|-damage|p2a: Clefable|22/100
|move|p2a: Clefable|Wish|p2a: Clefable
|
|upkeep
|turn|14
|
|t:|1769371624
|switch|p2a: Vigoroth|Vigoroth, F, shiny, tera:Poison|54/100
|-sideend|p2: levi6969|move: Toxic Spikes|[of] p2a: Vigoroth
|-damage|p2a: Vigoroth|41/100|[from] Stealth Rock
|move|p1a: Landorus|Psychic|p2a: Vigoroth
|-supereffective|p2a: Vigoroth
|-damage|p2a: Vigoroth|0 fnt
|faint|p2a: Vigoroth
|
|upkeep
|
|t:|1769371631
|switch|p2a: Slowking|Slowking-Galar, F|100/100
|-damage|p2a: Slowking|88/100|[from] Stealth Rock
|turn|15
|
|t:|1769371637
|move|p1a: Landorus|Psychic|p2a: Slowking
|-damage|p2a: Slowking|73/100
|move|p2a: Slowking|Sludge Bomb|p1a: Landorus
|-damage|p1a: Landorus|0 fnt
|faint|p1a: Landorus
|
|upkeep
|
|t:|1769371644
|switch|p1a: Ceruledge|Ceruledge, M|100/100
|-damage|p1a: Ceruledge|76/100|[from] Stealth Rock
|turn|16
|
|t:|1769371650
|switch|p2a: Ting-Lu|Ting-Lu|100/100
|-damage|p2a: Ting-Lu|94/100|[from] Stealth Rock
|-ability|p2a: Ting-Lu|Vessel of Ruin
|move|p1a: Ceruledge|Shadow Sneak|p2a: Ting-Lu
|-resisted|p2a: Ting-Lu
|-damage|p2a: Ting-Lu|88/100
|
|-heal|p2a: Ting-Lu|94/100|[from] item: Leftovers
|upkeep
|turn|17
|
|t:|1769371659
|move|p1a: Ceruledge|Close Combat|p2a: Ting-Lu
|-supereffective|p2a: Ting-Lu
|-damage|p2a: Ting-Lu|42/100
|-unboost|p1a: Ceruledge|def|1
|-unboost|p1a: Ceruledge|spd|1
|move|p2a: Ting-Lu|Spikes|p1a: Ceruledge
|-sidestart|p1: Splat!72|Spikes
|
|-heal|p2a: Ting-Lu|48/100|[from] item: Leftovers
|upkeep
|turn|18
|
|t:|1769371670
|switch|p2a: Clefable|Clefable, M, shiny|22/100
|move|p1a: Ceruledge|Bitter Blade|p2a: Clefable
|-damage|p2a: Clefable|0 fnt
|-heal|p1a: Ceruledge|90/100|[from] drain|[of] p2a: Clefable
|faint|p2a: Clefable
|
|upkeep
|
|t:|1769371679
|switch|p2a: Slowking|Slowking-Galar, F|100/100
|-damage|p2a: Slowking|88/100|[from] Stealth Rock
|turn|19
|
|t:|1769371687
|move|p1a: Ceruledge|Bitter Blade|p2a: Slowking
|-damage|p2a: Slowking|33/100
|-heal|p1a: Ceruledge|100/100|[from] drain|[of] p2a: Slowking
|move|p2a: Slowking|Sludge Bomb|p1a: Ceruledge
|-resisted|p1a: Ceruledge
|-damage|p1a: Ceruledge|65/100
|
|upkeep
|turn|20
|
|t:|1769371695
|move|p1a: Ceruledge|Bitter Blade|p2a: Slowking
|-damage|p2a: Slowking|0 fnt
|-heal|p1a: Ceruledge|88/100|[from] drain|[of] p2a: Slowking
|faint|p2a: Slowking
|
|upkeep
|-message|levi6969 forfeited.
|
|win|Splat!72
|raw|Splat!72's rating: 1177 &rarr; <strong>1200</strong><br />(+23 for winning)
|raw|levi6969's rating: 1144 &rarr; <strong>1121</strong><br />(-23 for losing)
|l|☆levi6969
|player|p2|
|c|☆Splat!72|gg
|l|☆Splat!72
|player|p1|
