|j|☆Air Glider
|j|☆alinamalina
|t:|1769390865
|gametype|singles
|player|p1|Air Glider|1|1465
|player|p2|alinamalina|101|1454
|gen|9
|tier|[Gen 9] OU
|rated|
|rule|HP Percentage Mod: HP is shown in percentages
|rule|Endless Battle Clause: Forcing endless battles is banned
|rule|Species Clause: Limit one of each Pokémon
|rule|OHKO Clause: OHKO moves are banned
|rule|Evasion Items Clause: Evasion items are banned
|rule|Evasion Moves Clause: Evasion moves are banned
|rule|Evasion Abilities Clause: Evasion abilities are banned
|rule|Sleep Moves Clause: Sleep-inducing moves are banned
|clearpoke
|poke|p1|Pelipper, F|
|poke|p1|Iron Treads|
|poke|p1|Samurott-Hisui, M|
|poke|p1|Basculegion, M|
|poke|p1|Toxicroak, F|
|poke|p1|Ludicolo, F|
|poke|p2|Dragonite, M|
|poke|p2|Kingambit, M|
|poke|p2|Skeledirge, M|
|poke|p2|Deoxys-Speed|
|poke|p2|Meowscarada, M|
|poke|p2|Weezing-Galar, F|
|teampreview
|
|t:|1769390872
|teamsize|p1|6
|teamsize|p2|6
|start
|switch|p1a: Pelipper|Pelipper, F|100/100
|switch|p2a: Weezing|Weezing-Galar, F|100/100
|-ability|p2a: Weezing|Neutralizing Gas
|turn|1
|
|t:|1769390892
|switch|p1a: Ludicolo|Ludicolo, F|100/100
|move|p2a: Weezing|Strange Steam|p1a: Ludicolo
|-damage|p1a: Ludicolo|71/100
|-start|p1a: Ludicolo|confusion
|
|upkeep
|turn|2
|inactive|Battle timer is ON: inactive players will automatically lose when time's up. (requested by Air Glider)
|
|t:|1769390901
|-activate|p1a: Ludicolo|confusion
|move|p1a: Ludicolo|Rain Dance|p1a: Ludicolo
|-weather|RainDance
|move|p2a: Weezing|Sludge Bomb|p1a: Ludicolo
|-supereffective|p1a: Ludicolo
|-damage|p1a: Ludicolo|13/100
|
|-weather|RainDance|[upkeep]
|upkeep
|turn|3
|
|t:|1769390918
|-activate|p1a: Ludicolo|confusion
|move|p1a: Ludicolo|Weather Ball|p2a: Weezing
|-damage|p2a: Weezing|0 fnt
|faint|p2a: Weezing
|-end|p2a: Weezing|ability: Neutralizing Gas
|-damage|p1a: Ludicolo|3/100|[from] item: Life Orb
|
|-weather|RainDance|[upkeep]
|upkeep
|
|t:|1769390922
|switch|p2a: Dragonite|Dragonite, M|100/100
|turn|4
|
|t:|1769390927
|-activate|p1a: Ludicolo|confusion
|move|p1a: Ludicolo|Ice Beam|p2a: Dragonite
|-supereffective|p2a: Dragonite
|-damage|p2a: Dragonite|21/100
|-damage|p1a: Ludicolo|0 fnt|[from] item: Life Orb
|faint|p1a: Ludicolo
|move|p2a: Dragonite|Dragon Dance|p2a: Dragonite
|-boost|p2a: Dragonite|atk|1
|-boost|p2a: Dragonite|spe|1
|
|-weather|RainDance|[upkeep]
|upkeep
|
|t:|1769390933
|switch|p1a: Basculegion|Basculegion, M|100/100
|turn|5
|
|t:|1769390941
|move|p1a: Basculegion|Wave Crash|p2a: Dragonite
|-resisted|p2a: Dragonite
|-damage|p2a: Dragonite|0 fnt
|faint|p2a: Dragonite
|-damage|p1a: Basculegion|95/100|[from] Recoil
|
|-weather|RainDance|[upkeep]
|upkeep
|
|t:|1769390952
|switch|p2a: Kingambit|Kingambit, M|100/100
|-activate|p2a: Kingambit|ability: Supreme Overlord
|-start|p2a: Kingambit|fallen2|[silent]
|turn|6
|
|t:|1769390956
|-terastallize|p1a: Basculegion|Water
|move|p2a: Kingambit|Sucker Punch|p1a: Basculegion
|-damage|p1a: Basculegion|14/100
|move|p1a: Basculegion|Wave Crash|p2a: Kingambit
|-damage|p2a: Kingambit|0 fnt
|faint|p2a: Kingambit
|-end|p2a: Kingambit|fallen2|[silent]
|-damage|p1a: Basculegion|0 fnt|[from] Recoil
|faint|p1a: Basculegion
|
|-weather|none
|upkeep
|
|t:|1769390964
|switch|p1a: Samurott|Samurott-Hisui, M|100/100
|switch|p2a: Deoxys|Deoxys-Speed|100/100
|-ability|p2a: Deoxys|Pressure
|turn|7
|
|t:|1769390968
|move|p2a: Deoxys|Meteor Beam||[still]
|-prepare|p2a: Deoxys|Meteor Beam
|-boost|p2a: Deoxys|spa|1
|-enditem|p2a: Deoxys|Power Herb
|-anim|p2a: Deoxys|Meteor Beam|p1a: Samurott
|-damage|p1a: Samurott|28/100
|move|p1a: Samurott|Ceaseless Edge|p2a: Deoxys
|-supereffective|p2a: Deoxys
|-crit|p2a: Deoxys
|-damage|p2a: Deoxys|0 fnt
|-sidestart|p2: alinamalina|Spikes
|faint|p2a: Deoxys
|
|upkeep
|
|t:|1769390976
|switch|p2a: Meowscarada|Meowscarada, M|100/100
|-damage|p2a: Meowscarada|88/100|[from] Spikes
|turn|8
|inactive|Air Glider has 120 seconds left.
|
|t:|1769391017
|switch|p1a: Toxicroak|Toxicroak, F|100/100
|move|p2a: Meowscarada|U-turn|p1a: Toxicroak
|-start|p2a: Meowscarada|typechange|Bug|[from] ability: Protean
|-resisted|p1a: Toxicroak
|-crit|p1a: Toxicroak
|-damage|p1a: Toxicroak|89/100
|-damage|p2a: Meowscarada|72/100|[from] item: Rocky Helmet|[of] p1a: Toxicroak
|
|t:|1769391024
|switch|p2a: Skeledirge|Skeledirge, M|100/100|[from] U-turn
|
|upkeep
|turn|9
|
|t:|1769391028
|move|p2a: Skeledirge|Torch Song|p1a: Toxicroak
|-damage|p1a: Toxicroak|44/100
|-boost|p2a: Skeledirge|spa|1
|move|p1a: Toxicroak|Toxic|p2a: Skeledirge
|-status|p2a: Skeledirge|tox
|
|-damage|p2a: Skeledirge|94/100 tox|[from] psn
|upkeep
|turn|10
|
|t:|1769391035
|switch|p1a: Pelipper|Pelipper, F|100/100
|-weather|RainDance|[from] ability: Drizzle|[of] p1a: Pelipper
|move|p2a: Skeledirge|Torch Song|p1a: Pelipper
|-resisted|p1a: Pelipper
|-damage|p1a: Pelipper|85/100
|-boost|p2a: Skeledirge|spa|1
|
|-weather|RainDance|[upkeep]
|-damage|p2a: Skeledirge|82/100 tox|[from] psn
|upkeep
|turn|11
|
|t:|1769391061
|move|p2a: Skeledirge|Will-O-Wisp|p1a: Pelipper
|-status|p1a: Pelipper|brn
|move|p1a: Pelipper|Surf|p2a: Skeledirge
|-supereffective|p2a: Skeledirge
|-damage|p2a: Skeledirge|0 fnt
|faint|p2a: Skeledirge
|
|-weather|RainDance|[upkeep]
|-damage|p1a: Pelipper|79/100 brn|[from] brn
|upkeep
|
|t:|1769391063
|switch|p2a: Meowscarada|Meowscarada, M|72/100
|-damage|p2a: Meowscarada|60/100|[from] Spikes
|turn|12
|inactive|Air Glider has 120 seconds left.
|-message|alinamalina forfeited.
|
|win|Air Glider
|raw|Air Glider's rating: 1465 &rarr; <strong>1484</strong><br />(+19 for winning)
|raw|alinamalina's rating: 1454 &rarr; <strong>1435</strong><br />(-19 for losing)
|l|☆alinamalina
|player|p2|
