|j|☆icouldcrithere
|j|☆KingCS123
|t:|1769357094
|gametype|singles
|player|p1|icouldcrithere|hilbert|1371
|player|p2|KingCS123|psychicf|1389
|gen|9
|tier|[Gen 9] OU
|rated|
|rule|HP Percentage Mod: HP is shown in percentages
|rule|Endless Battle Clause: Forcing endless battles is banned
|rule|Species Clause: Limit one of each Pokémon
|rule|OHKO Clause: OHKO moves are banned
|rule|Evasion Items Clause: Evasion items are banned
|rule|Evasion Moves Clause: Evasion moves are banned
|rule|Evasion Abilities Clause: Evasion abilities are banned
|rule|Sleep Moves Clause: Sleep-inducing moves are banned
|clearpoke
|poke|p1|Primarina, F|
|poke|p1|Corviknight, M|
|poke|p1|Clodsire, M|
|poke|p1|Great Tusk|
|poke|p1|Darkrai|
|poke|p1|Ogerpon, F|
|poke|p2|Lanturn, F|
|poke|p2|Moltres|
|poke|p2|Hydrapple, M|
|poke|p2|Zamazenta-*|
|poke|p2|Clefable, F|
|poke|p2|Kingambit, F|
|teampreview
|inactive|Battle timer is ON: inactive players will automatically lose when time's up. (requested by KingCS123)
|
|t:|1769357119
|teamsize|p1|6
|teamsize|p2|6
|start
|switch|p1a: Haxxmaxxing|Darkrai|100/100
|switch|p2a: Lanturn|Lanturn, F, shiny|100/100
|turn|1
|
|t:|1769357134
|move|p1a: Haxxmaxxing|Dark Pulse|p2a: Lanturn
|-damage|p2a: Lanturn|66/100
|move|p2a: Lanturn|Scald|p1a: Haxxmaxxing
|-damage|p1a: Haxxmaxxing|61/100
|
|upkeep
|turn|2
|
|t:|1769357142
|switch|p1a: MyBoy|Clodsire, M|100/100
|move|p2a: Lanturn|Volt Switch|p1a: MyBoy
|-immune|p1a: MyBoy
|
|upkeep
|turn|3
|
|t:|1769357151
|switch|p2a: Moltres|Moltres, shiny|100/100
|move|p1a: MyBoy|Spikes|p2a: Moltres
|-sidestart|p2: KingCS123|Spikes
|
|upkeep
|turn|4
|
|t:|1769357157
|move|p2a: Moltres|Will-O-Wisp|p1a: MyBoy
|-status|p1a: MyBoy|brn
|move|p1a: MyBoy|Spikes|p2a: Moltres
|-sidestart|p2: KingCS123|Spikes
|
|-damage|p1a: MyBoy|94/100 brn|[from] brn
|upkeep
|turn|5
|
|t:|1769357170
|switch|p2a: Clefable|Clefable, F|100/100
|move|p1a: MyBoy|Spikes|p2a: Clefable
|-sidestart|p2: KingCS123|Spikes
|
|-damage|p1a: MyBoy|88/100 brn|[from] brn
|upkeep
|turn|6
|
|t:|1769357178
|switch|p1a: Blonde Blazer|Primarina, F, shiny|100/100
|move|p2a: Clefable|Calm Mind|p2a: Clefable
|-boost|p2a: Clefable|spa|1
|-boost|p2a: Clefable|spd|1
|
|upkeep
|turn|7
|
|t:|1769357185
|move|p1a: Blonde Blazer|Whirlpool|p2a: Clefable
|-damage|p2a: Clefable|92/100
|-activate|p2a: Clefable|move: Whirlpool|[of] p1a: Blonde Blazer
|move|p2a: Clefable|Calm Mind|p2a: Clefable
|-boost|p2a: Clefable|spa|1
|-boost|p2a: Clefable|spd|1
|
|upkeep
|turn|8
|
|t:|1769357192
|move|p1a: Blonde Blazer|Substitute|p1a: Blonde Blazer
|-start|p1a: Blonde Blazer|Substitute
|-damage|p1a: Blonde Blazer|75/100
|move|p2a: Clefable|Draining Kiss|p1a: Blonde Blazer
|-end|p1a: Blonde Blazer|Substitute
|-heal|p2a: Clefable|100/100|[from] drain|[of] p1a: Blonde Blazer
|
|-heal|p1a: Blonde Blazer|82/100|[from] item: Leftovers
|upkeep
|turn|9
|
|t:|1769357202
|move|p1a: Blonde Blazer|Psychic Noise|p2a: Clefable
|-damage|p2a: Clefable|86/100
|-start|p2a: Clefable|move: Heal Block
|cant|p2a: Clefable|move: Heal Block|Draining Kiss
|
|-heal|p1a: Blonde Blazer|88/100|[from] item: Leftovers
|upkeep
|turn|10
|
|t:|1769357215
|move|p1a: Blonde Blazer|Moonblast|p2a: Clefable
|-damage|p2a: Clefable|67/100
|-unboost|p2a: Clefable|spa|1
|move|p2a: Clefable|Flamethrower|p1a: Blonde Blazer
|-resisted|p1a: Blonde Blazer
|-damage|p1a: Blonde Blazer|70/100
|
|-heal|p1a: Blonde Blazer|77/100|[from] item: Leftovers
|-end|p2a: Clefable|move: Heal Block
|upkeep
|turn|11
|
|t:|1769357232
|move|p1a: Blonde Blazer|Psychic Noise|p2a: Clefable
|-damage|p2a: Clefable|52/100
|-start|p2a: Clefable|move: Heal Block
|move|p2a: Clefable|Flamethrower|p1a: Blonde Blazer
|-resisted|p1a: Blonde Blazer
|-damage|p1a: Blonde Blazer|58/100
|
|-heal|p1a: Blonde Blazer|64/100|[from] item: Leftovers
|-end|p2a: Clefable|Whirlpool|[partiallytrapped]
|upkeep
|turn|12
|
|t:|1769357246
|move|p1a: Blonde Blazer|Substitute|p1a: Blonde Blazer
|-start|p1a: Blonde Blazer|Substitute
|-damage|p1a: Blonde Blazer|39/100
|move|p2a: Clefable|Flamethrower|p1a: Blonde Blazer
|-resisted|p1a: Blonde Blazer
|-activate|p1a: Blonde Blazer|move: Substitute|[damage]
|
|-heal|p1a: Blonde Blazer|45/100|[from] item: Leftovers
|-end|p2a: Clefable|move: Heal Block
|upkeep
|turn|13
|
|t:|1769357256
|move|p1a: Blonde Blazer|Whirlpool|p2a: Clefable
|-damage|p2a: Clefable|44/100
|-activate|p2a: Clefable|move: Whirlpool|[of] p1a: Blonde Blazer
|move|p2a: Clefable|Flamethrower|p1a: Blonde Blazer
|-resisted|p1a: Blonde Blazer
|-end|p1a: Blonde Blazer|Substitute
|
|-heal|p1a: Blonde Blazer|51/100|[from] item: Leftovers
|upkeep
|turn|14
|
|t:|1769357266
|move|p1a: Blonde Blazer|Psychic Noise|p2a: Clefable
|-damage|p2a: Clefable|29/100
|-start|p2a: Clefable|move: Heal Block
|cant|p2a: Clefable|move: Heal Block|Draining Kiss
|
|-heal|p1a: Blonde Blazer|58/100|[from] item: Leftovers
|upkeep
|turn|15
|
|t:|1769357275
|move|p1a: Blonde Blazer|Moonblast|p2a: Clefable
|-damage|p2a: Clefable|9/100
|move|p2a: Clefable|Flamethrower|p1a: Blonde Blazer
|-resisted|p1a: Blonde Blazer
|-damage|p1a: Blonde Blazer|39/100
|
|-heal|p1a: Blonde Blazer|45/100|[from] item: Leftovers
|-end|p2a: Clefable|move: Heal Block
|upkeep
|turn|16
|
|t:|1769357291
|move|p1a: Blonde Blazer|Moonblast|p2a: Clefable
|-damage|p2a: Clefable|0 fnt
|faint|p2a: Clefable
|
|-heal|p1a: Blonde Blazer|51/100|[from] item: Leftovers
|upkeep
|inactive|KingCS123 has 120 seconds left.
|
|t:|1769357321
|switch|p2a: Hydrapple|Hydrapple, M, shiny|100/100
|turn|17
|
|t:|1769357328
|-terastallize|p2a: Hydrapple|Steel
|move|p1a: Blonde Blazer|Substitute|p1a: Blonde Blazer
|-start|p1a: Blonde Blazer|Substitute
|-damage|p1a: Blonde Blazer|26/100
|move|p2a: Hydrapple|Giga Drain|p1a: Blonde Blazer
|-supereffective|p1a: Blonde Blazer
|-end|p1a: Blonde Blazer|Substitute
|
|-heal|p1a: Blonde Blazer|33/100|[from] item: Leftovers
|upkeep
|turn|18
|inactive|KingCS123 has 120 seconds left.
|
|t:|1769357339
|move|p1a: Blonde Blazer|Psychic Noise|p2a: Hydrapple
|-damage|p2a: Hydrapple|58/100
|-start|p2a: Hydrapple|move: Heal Block
|move|p2a: Hydrapple|Nasty Plot|p2a: Hydrapple
|-boost|p2a: Hydrapple|spa|2
|
|-heal|p1a: Blonde Blazer|39/100|[from] item: Leftovers
|upkeep
|turn|19
|
|t:|1769357353
|move|p1a: Blonde Blazer|Psychic Noise|p2a: Hydrapple
|-damage|p2a: Hydrapple|14/100
|move|p2a: Hydrapple|Earth Power|p1a: Blonde Blazer
|-damage|p1a: Blonde Blazer|0 fnt
|faint|p1a: Blonde Blazer
|
|-end|p2a: Hydrapple|move: Heal Block
|upkeep
|
|t:|1769357369
|switch|p1a: Haxxmaxxing|Darkrai|61/100
|turn|20
|
|t:|1769357373
|switch|p2a: Lanturn|Lanturn, F, shiny|66/100
|-damage|p2a: Lanturn|41/100|[from] Spikes
|move|p1a: Haxxmaxxing|Dark Pulse|p2a: Lanturn
|-damage|p2a: Lanturn|8/100
|
|upkeep
|turn|21
|
|t:|1769357380
|move|p1a: Haxxmaxxing|Dark Pulse|p2a: Lanturn
|-damage|p2a: Lanturn|0 fnt
|faint|p2a: Lanturn
|
|upkeep
|
|t:|1769357391
|switch|p2a: Zamazenta|Zamazenta|100/100
|-ability|p2a: Zamazenta|Dauntless Shield|boost
|-boost|p2a: Zamazenta|def|1
|turn|22
|
|t:|1769357403
|switch|p1a: GiantTeeth|Great Tusk|100/100
|move|p2a: Zamazenta|Close Combat|p1a: GiantTeeth
|-damage|p1a: GiantTeeth|70/100
|-unboost|p2a: Zamazenta|def|1
|-unboost|p2a: Zamazenta|spd|1
|
|-heal|p1a: GiantTeeth|76/100|[from] item: Leftovers
|upkeep
|turn|23
|
|t:|1769357413
|switch|p2a: Moltres|Moltres, shiny|100/100
|move|p1a: GiantTeeth|Stealth Rock|p2a: Moltres
|-sidestart|p2: KingCS123|move: Stealth Rock
|
|-heal|p1a: GiantTeeth|82/100|[from] item: Leftovers
|upkeep
|turn|24
|
|t:|1769357422
|-end|p1a: GiantTeeth|Protosynthesis|[silent]
|switch|p1a: MyBoy|Clodsire, M|88/100 brn
|move|p2a: Moltres|Will-O-Wisp|p1a: MyBoy
|-fail|p1a: MyBoy|brn
|
|-damage|p1a: MyBoy|82/100 brn|[from] brn
|upkeep
|turn|25
|
|t:|1769357437
|move|p2a: Moltres|U-turn|p1a: MyBoy
|-resisted|p1a: MyBoy
|-damage|p1a: MyBoy|77/100 brn
|-damage|p2a: Moltres|84/100|[from] item: Rocky Helmet|[of] p1a: MyBoy
|
|t:|1769357439
|switch|p2a: Hydrapple|Hydrapple, M, shiny, tera:Steel|47/100|[from] U-turn
|move|p1a: MyBoy|Recover|p1a: MyBoy
|-heal|p1a: MyBoy|100/100 brn
|
|-damage|p1a: MyBoy|94/100 brn|[from] brn
|upkeep
|turn|26
|
|t:|1769357457
|move|p2a: Hydrapple|Earth Power|p1a: MyBoy
|-supereffective|p1a: MyBoy
|-damage|p1a: MyBoy|46/100 brn
|move|p1a: MyBoy|Earthquake|p2a: Hydrapple
|-supereffective|p2a: Hydrapple
|-damage|p2a: Hydrapple|27/100
|
|-damage|p1a: MyBoy|40/100 brn|[from] brn
|upkeep
|turn|27
|
|t:|1769357466
|switch|p2a: Moltres|Moltres, shiny|84/100
|move|p1a: MyBoy|Earthquake|p2a: Moltres
|-immune|p2a: Moltres
|
|-damage|p1a: MyBoy|34/100 brn|[from] brn
|upkeep
|turn|28
|
|t:|1769357475
|move|p2a: Moltres|Flamethrower|p1a: MyBoy
|-damage|p1a: MyBoy|5/100 brn
|move|p1a: MyBoy|Recover|p1a: MyBoy
|-heal|p1a: MyBoy|56/100 brn
|
|-damage|p1a: MyBoy|50/100 brn|[from] brn
|upkeep
|turn|29
|
|t:|1769357484
|move|p2a: Moltres|U-turn|p1a: MyBoy
|-resisted|p1a: MyBoy
|-damage|p1a: MyBoy|44/100 brn
|-damage|p2a: Moltres|68/100|[from] item: Rocky Helmet|[of] p1a: MyBoy
|
|t:|1769357485
|switch|p2a: Hydrapple|Hydrapple, M, shiny, tera:Steel|61/100|[from] U-turn
|move|p1a: MyBoy|Recover|p1a: MyBoy
|-heal|p1a: MyBoy|94/100 brn
|
|-damage|p1a: MyBoy|88/100 brn|[from] brn
|upkeep
|turn|30
|
|t:|1769357497
|move|p2a: Hydrapple|Earth Power|p1a: MyBoy
|-supereffective|p1a: MyBoy
|-damage|p1a: MyBoy|40/100 brn
|-unboost|p1a: MyBoy|spd|1
|move|p1a: MyBoy|Earthquake|p2a: Hydrapple
|-supereffective|p2a: Hydrapple
|-damage|p2a: Hydrapple|39/100
|
|-damage|p1a: MyBoy|34/100 brn|[from] brn
|upkeep
|turn|31
|
|t:|1769357508
|switch|p2a: Moltres|Moltres, shiny|68/100
|move|p1a: MyBoy|Earthquake|p2a: Moltres
|-immune|p2a: Moltres
|
|-damage|p1a: MyBoy|27/100 brn|[from] brn
|upkeep
|turn|32
|
|t:|1769357516
|move|p2a: Moltres|Flamethrower|p1a: MyBoy
|-damage|p1a: MyBoy|0 fnt
|faint|p1a: MyBoy
|
|upkeep
|
|t:|1769357528
|switch|p1a: Petite-Bonkerstyle|Ogerpon, F|100/100
|turn|33
|
|t:|1769357532
|move|p1a: Petite-Bonkerstyle|Rock Tomb|p2a: Moltres
|-supereffective|p2a: Moltres
|-damage|p2a: Moltres|0 fnt
|faint|p2a: Moltres
|
|upkeep
|inactive|KingCS123 has 120 seconds left.
|
|t:|1769357563
|switch|p2a: Hydrapple|Hydrapple, M, shiny, tera:Steel|73/100
|turn|34
|
|t:|1769357568
|switch|p1a: Sir.Goliath|Corviknight, M|100/100
|-ability|p1a: Sir.Goliath|Pressure
|move|p2a: Hydrapple|Fickle Beam|p1a: Sir.Goliath
|-resisted|p1a: Sir.Goliath
|-damage|p1a: Sir.Goliath|86/100
|
|upkeep
|turn|35
|inactive|KingCS123 has 120 seconds left.
|
|t:|1769357600
|switch|p2a: Zamazenta|Zamazenta|100/100
|move|p1a: Sir.Goliath|U-turn|p2a: Zamazenta
|-resisted|p2a: Zamazenta
|-damage|p2a: Zamazenta|94/100
|
|t:|1769357609
|switch|p1a: GiantTeeth|Great Tusk|82/100|[from] U-turn
|
|-heal|p1a: GiantTeeth|89/100|[from] item: Leftovers
|upkeep
|turn|36
|inactive|KingCS123 has 120 seconds left.
|
|t:|1769357620
|move|p2a: Zamazenta|Close Combat|p1a: GiantTeeth
|-damage|p1a: GiantTeeth|58/100
|-unboost|p2a: Zamazenta|def|1
|-unboost|p2a: Zamazenta|spd|1
|move|p1a: GiantTeeth|Body Press|p2a: Zamazenta
|-damage|p2a: Zamazenta|34/100
|
|-heal|p1a: GiantTeeth|64/100|[from] item: Leftovers
|upkeep
|turn|37
|
|t:|1769357637
|move|p2a: Zamazenta|Close Combat|p1a: GiantTeeth
|-damage|p1a: GiantTeeth|37/100
|-unboost|p2a: Zamazenta|def|1
|-unboost|p2a: Zamazenta|spd|1
|move|p1a: GiantTeeth|Body Press|p2a: Zamazenta
|-damage|p2a: Zamazenta|0 fnt
|faint|p2a: Zamazenta
|
|-heal|p1a: GiantTeeth|43/100|[from] item: Leftovers
|upkeep
|
|t:|1769357641
|switch|p2a: Hydrapple|Hydrapple, M, shiny, tera:Steel|100/100
|turn|38
|
|t:|1769357660
|-end|p1a: GiantTeeth|Protosynthesis|[silent]
|switch|p1a: Sir.Goliath|Corviknight, M|86/100
|-ability|p1a: Sir.Goliath|Pressure
|move|p2a: Hydrapple|Giga Drain|p1a: Sir.Goliath
|-resisted|p1a: Sir.Goliath
|-damage|p1a: Sir.Goliath|79/100
|
|upkeep
|turn|39
|
|t:|1769357671
|move|p2a: Hydrapple|Nasty Plot|p2a: Hydrapple
|-boost|p2a: Hydrapple|spa|2
|move|p1a: Sir.Goliath|U-turn|p2a: Hydrapple
|-resisted|p2a: Hydrapple
|-damage|p2a: Hydrapple|95/100
|
|t:|1769357677
|switch|p1a: Petite-Bonkerstyle|Ogerpon, F|100/100|[from] U-turn
|
|upkeep
|turn|40
|
|t:|1769357690
|move|p1a: Petite-Bonkerstyle|Knock Off|p2a: Hydrapple
|-damage|p2a: Hydrapple|59/100
|-enditem|p2a: Hydrapple|Heavy-Duty Boots|[from] move: Knock Off|[of] p1a: Petite-Bonkerstyle
|move|p2a: Hydrapple|Fickle Beam|p1a: Petite-Bonkerstyle
|-damage|p1a: Petite-Bonkerstyle|0 fnt
|faint|p1a: Petite-Bonkerstyle
|
|upkeep
|
|t:|1769357701
|switch|p1a: Haxxmaxxing|Darkrai|61/100
|turn|41
|
|t:|1769357705
|move|p1a: Haxxmaxxing|Dark Pulse|p2a: Hydrapple
|-damage|p2a: Hydrapple|0 fnt
|faint|p2a: Hydrapple
|
|upkeep
|
|t:|1769357708
|switch|p2a: Kingambit|Kingambit, F, shiny|100/100
|-damage|p2a: Kingambit|76/100|[from] Spikes
|-damage|p2a: Kingambit|69/100|[from] Stealth Rock
|-activate|p2a: Kingambit|ability: Supreme Overlord
|-start|p2a: Kingambit|fallen5|[silent]
|turn|42
|
|t:|1769357719
|switch|p1a: Sir.Goliath|Corviknight, M|79/100
|-ability|p1a: Sir.Goliath|Pressure
|move|p2a: Kingambit|Swords Dance|p2a: Kingambit
|-boost|p2a: Kingambit|atk|2
|
|-heal|p2a: Kingambit|76/100|[from] item: Leftovers
|upkeep
|turn|43
|
|t:|1769357729
|move|p2a: Kingambit|Kowtow Cleave|p1a: Sir.Goliath
|-damage|p1a: Sir.Goliath|0 fnt
|-damage|p2a: Kingambit|59/100|[from] item: Rocky Helmet|[of] p1a: Sir.Goliath
|faint|p1a: Sir.Goliath
|
|-heal|p2a: Kingambit|65/100|[from] item: Leftovers
|upkeep
|
|t:|1769357737
|switch|p1a: Haxxmaxxing|Darkrai|61/100
|turn|44
|
|t:|1769357741
|move|p2a: Kingambit|Sucker Punch||[still]
|-fail|p2a: Kingambit
|move|p1a: Haxxmaxxing|Trick|p2a: Kingambit
|-activate|p1a: Haxxmaxxing|move: Trick|[of] p2a: Kingambit
|-item|p2a: Kingambit|Choice Specs|[from] move: Trick
|-item|p1a: Haxxmaxxing|Leftovers|[from] move: Trick
|
|-heal|p1a: Haxxmaxxing|67/100|[from] item: Leftovers
|upkeep
|turn|45
|
|t:|1769357756
|move|p2a: Kingambit|Sucker Punch|p1a: Haxxmaxxing
|-resisted|p1a: Haxxmaxxing
|-damage|p1a: Haxxmaxxing|0 fnt
|faint|p1a: Haxxmaxxing
|
|upkeep
|
|t:|1769357761
|switch|p1a: GiantTeeth|Great Tusk|43/100
|turn|46
|
|t:|1769357765
|move|p2a: Kingambit|Sucker Punch||[still]
|-fail|p2a: Kingambit
|move|p1a: GiantTeeth|Stealth Rock||[still]
|-fail|p1a: GiantTeeth
|
|-heal|p1a: GiantTeeth|49/100|[from] item: Leftovers
|upkeep
|turn|47
|
|t:|1769357773
|move|p2a: Kingambit|Sucker Punch||[still]
|-fail|p2a: Kingambit
|move|p1a: GiantTeeth|Stealth Rock||[still]
|-fail|p1a: GiantTeeth
|
|-heal|p1a: GiantTeeth|55/100|[from] item: Leftovers
|upkeep
|turn|48
|
|t:|1769357781
|move|p2a: Kingambit|Sucker Punch||[still]
|-fail|p2a: Kingambit
|move|p1a: GiantTeeth|Stealth Rock||[still]
|-fail|p1a: GiantTeeth
|
|-heal|p1a: GiantTeeth|61/100|[from] item: Leftovers
|upkeep
|turn|49
|
|t:|1769357789
|move|p2a: Kingambit|Sucker Punch||[still]
|-fail|p2a: Kingambit
|move|p1a: GiantTeeth|Stealth Rock||[still]
|-fail|p1a: GiantTeeth
|
|-heal|p1a: GiantTeeth|68/100|[from] item: Leftovers
|upkeep
|turn|50
|
|t:|1769357796
|move|p2a: Kingambit|Sucker Punch||[still]
|-fail|p2a: Kingambit
|move|p1a: GiantTeeth|Stealth Rock||[still]
|-fail|p1a: GiantTeeth
|
|-heal|p1a: GiantTeeth|74/100|[from] item: Leftovers
|upkeep
|turn|51
|
|t:|1769357804
|move|p2a: Kingambit|Sucker Punch||[still]
|-fail|p2a: Kingambit
|move|p1a: GiantTeeth|Stealth Rock||[still]
|-fail|p1a: GiantTeeth
|
|-heal|p1a: GiantTeeth|80/100|[from] item: Leftovers
|upkeep
|turn|52
|
|t:|1769357811
|move|p1a: GiantTeeth|Body Press|p2a: Kingambit
|-supereffective|p2a: Kingambit
|-damage|p2a: Kingambit|0 fnt
|faint|p2a: Kingambit
|-end|p2a: Kingambit|fallen5|[silent]
|
|win|icouldcrithere
|raw|icouldcrithere's rating: 1371 &rarr; <strong>1392</strong><br />(+21 for winning)
|raw|KingCS123's rating: 1389 &rarr; <strong>1368</strong><br />(-21 for losing)
|c|☆KingCS123|GG
|c|☆icouldcrithere|ggs
|l|☆KingCS123
|player|p2|
|l|☆icouldcrithere
|player|p1|
