|j|☆Ferferella
|j|☆Upnotout
|t:|1769297923
|gametype|singles
|player|p1|Ferferella|pokemonbreeder-gen4|1268
|player|p2|Upnotout|266|1221
|gen|9
|tier|[Gen 9] OU
|rated|
|rule|HP Percentage Mod: HP is shown in percentages
|rule|Endless Battle Clause: Forcing endless battles is banned
|rule|Species Clause: Limit one of each Pokémon
|rule|OHKO Clause: OHKO moves are banned
|rule|Evasion Items Clause: Evasion items are banned
|rule|Evasion Moves Clause: Evasion moves are banned
|rule|Evasion Abilities Clause: Evasion abilities are banned
|rule|Sleep Moves Clause: Sleep-inducing moves are banned
|clearpoke
|poke|p1|Ceruledge, M|
|poke|p1|Ninetales, F|
|poke|p1|Leavanny, M|
|poke|p1|Great Tusk|
|poke|p1|Slither Wing|
|poke|p1|Walking Wake|
|poke|p2|Shiftry, F|
|poke|p2|Weavile, M|
|poke|p2|Weezing-Galar, F|
|poke|p2|Kyurem|
|poke|p2|Skeledirge, F|
|poke|p2|Zapdos|
|teampreview
|inactive|Battle timer is ON: inactive players will automatically lose when time's up. (requested by Upnotout)
|inactive|Ferferella also wants the timer to be on.
|inactive|Ferferella has 120 seconds left.
|
|t:|1769297958
|teamsize|p1|6
|teamsize|p2|6
|start
|switch|p1a: Walking Wake|Walking Wake|100/100
|switch|p2a: Kyurem|Kyurem|100/100
|-ability|p2a: Kyurem|Pressure
|turn|1
|
|t:|1769297967
|-end|p1a: Walking Wake|Protosynthesis|[silent]
|switch|p1a: Ninetales|Ninetales, F|100/100
|-weather|SunnyDay|[from] ability: Drought|[of] p1a: Ninetales
|move|p2a: Kyurem|Draco Meteor|p1a: Ninetales
|-damage|p1a: Ninetales|0 fnt
|-unboost|p2a: Kyurem|spa|2
|faint|p1a: Ninetales
|
|-weather|SunnyDay|[upkeep]
|upkeep
|
|t:|1769297973
|switch|p1a: Ceruledge|Ceruledge, M|100/100
|turn|2
|
|t:|1769297981
|move|p2a: Kyurem|Draco Meteor|p1a: Ceruledge
|-damage|p1a: Ceruledge|41/100
|-unboost|p2a: Kyurem|spa|2
|move|p1a: Ceruledge|Bitter Blade|p2a: Kyurem
|-damage|p2a: Kyurem|26/100
|-heal|p1a: Ceruledge|92/100|[from] drain|[of] p2a: Kyurem
|
|-weather|SunnyDay|[upkeep]
|upkeep
|turn|3
|
|t:|1769297992
|switch|p2a: Weezing|Weezing-Galar, F|100/100
|-ability|p2a: Weezing|Neutralizing Gas
|move|p1a: Ceruledge|Bitter Blade|p2a: Weezing
|-damage|p2a: Weezing|49/100
|-heal|p1a: Ceruledge|100/100|[from] drain|[of] p2a: Weezing
|
|-weather|SunnyDay|[upkeep]
|-heal|p2a: Weezing|55/100|[from] item: Black Sludge
|upkeep
|turn|4
|
|t:|1769298003
|move|p2a: Weezing|Protect|p2a: Weezing
|-singleturn|p2a: Weezing|Protect
|move|p1a: Ceruledge|Swords Dance|p1a: Ceruledge
|-boost|p1a: Ceruledge|atk|2
|
|-weather|SunnyDay|[upkeep]
|-heal|p2a: Weezing|61/100|[from] item: Black Sludge
|upkeep
|turn|5
|
|t:|1769298014
|move|p1a: Ceruledge|Bitter Blade|p2a: Weezing
|-damage|p2a: Weezing|0 fnt
|faint|p2a: Weezing
|-end|p2a: Weezing|ability: Neutralizing Gas
|
|-weather|SunnyDay|[upkeep]
|upkeep
|
|t:|1769298023
|switch|p2a: Shiftry|Shiftry, F|100/100
|turn|6
|
|t:|1769298028
|move|p2a: Shiftry|Tailwind|p2a: Shiftry
|-sidestart|p2: Upnotout|move: Tailwind
|-ability|p2a: Shiftry|Wind Rider|boost
|-boost|p2a: Shiftry|atk|1
|move|p1a: Ceruledge|Bitter Blade|p2a: Shiftry
|-supereffective|p2a: Shiftry
|-enditem|p2a: Shiftry|Focus Sash
|-damage|p2a: Shiftry|1/100
|
|-weather|SunnyDay|[upkeep]
|upkeep
|turn|7
|
|t:|1769298040
|move|p1a: Ceruledge|Shadow Sneak|p2a: Shiftry
|-resisted|p2a: Shiftry
|-damage|p2a: Shiftry|0 fnt
|faint|p2a: Shiftry
|
|-weather|SunnyDay|[upkeep]
|upkeep
|
|t:|1769298049
|switch|p2a: Zapdos|Zapdos|100/100
|turn|8
|
|t:|1769298054
|move|p2a: Zapdos|Hurricane|p1a: Ceruledge
|-damage|p1a: Ceruledge|53/100
|move|p1a: Ceruledge|Bitter Blade|p2a: Zapdos
|-damage|p2a: Zapdos|0 fnt
|-heal|p1a: Ceruledge|100/100|[from] drain|[of] p2a: Zapdos
|faint|p2a: Zapdos
|
|-weather|none
|upkeep
|-message|Upnotout forfeited.
|
|win|Ferferella
|raw|Ferferella's rating: 1268 &rarr; <strong>1290</strong><br />(+22 for winning)
|raw|Upnotout's rating: 1221 &rarr; <strong>1199</strong><br />(-22 for losing)
|l|☆Upnotout
|player|p2|
