|j|☆xgjgvhb
|j|☆mind goblin games
|t:|1769391803
|gametype|singles
|player|p1|xgjgvhb|266|1320
|player|p2|mind goblin games|170|1330
|gen|9
|tier|[Gen 9] OU
|rated|
|rule|HP Percentage Mod: HP is shown in percentages
|rule|Endless Battle Clause: Forcing endless battles is banned
|rule|Species Clause: Limit one of each Pokémon
|rule|OHKO Clause: OHKO moves are banned
|rule|Evasion Items Clause: Evasion items are banned
|rule|Evasion Moves Clause: Evasion moves are banned
|rule|Evasion Abilities Clause: Evasion abilities are banned
|rule|Sleep Moves Clause: Sleep-inducing moves are banned
|clearpoke
|poke|p1|Gholdengo|
|poke|p1|Corviknight, F|
|poke|p1|Clodsire, M|
|poke|p1|Ting-Lu|
|poke|p1|Dragapult, M|
|poke|p1|Tyranitar, M|
|poke|p2|Golem, M|
|poke|p2|Weezing-Galar, F|
|poke|p2|Dragonite, F|
|poke|p2|Kingambit, M|
|poke|p2|Bellibolt, M|
|poke|p2|Volcanion|
|teampreview
|
|t:|1769391817
|teamsize|p1|6
|teamsize|p2|6
|start
|switch|p1a: Ting-Lu|Ting-Lu|100/100
|switch|p2a: Golem|Golem, M, shiny|100/100
|-ability|p1a: Ting-Lu|Vessel of Ruin
|turn|1
|inactive|Battle timer is ON: inactive players will automatically lose when time's up. (requested by mind goblin games)
|
|t:|1769391824
|move|p1a: Ting-Lu|Stealth Rock|p2a: Golem
|-sidestart|p2: mind goblin games|move: Stealth Rock
|move|p2a: Golem|Stealth Rock|p1a: Ting-Lu
|-sidestart|p1: xgjgvhb|move: Stealth Rock
|
|upkeep
|turn|2
|
|t:|1769391828
|move|p1a: Ting-Lu|Spikes|p2a: Golem
|-sidestart|p2: mind goblin games|Spikes
|move|p2a: Golem|Roar|p1a: Ting-Lu
|drag|p1a: Corviknight|Corviknight, F|100/100
|-damage|p1a: Corviknight|88/100|[from] Stealth Rock
|-ability|p1a: Corviknight|Pressure
|
|upkeep
|turn|3
|
|t:|1769391839
|move|p1a: Corviknight|Body Press|p2a: Golem
|-supereffective|p2a: Golem
|-damage|p2a: Golem|62/100
|move|p2a: Golem|Stone Edge|p1a: Corviknight|[miss]
|-miss|p2a: Golem|p1a: Corviknight
|
|upkeep
|turn|4
|
|t:|1769391846
|move|p1a: Corviknight|Body Press|p2a: Golem
|-supereffective|p2a: Golem
|-damage|p2a: Golem|23/100
|move|p2a: Golem|Stone Edge|p1a: Corviknight
|-damage|p1a: Corviknight|55/100
|
|upkeep
|turn|5
|-enditem|p2a: Golem|Custap Berry|[eat]
|-activate|p2a: Golem|item: Custap Berry|[consumed]
|
|t:|1769391854
|move|p2a: Golem|Explosion|p1a: Corviknight
|-resisted|p1a: Corviknight
|-damage|p1a: Corviknight|30/100
|faint|p2a: Golem
|move|p1a: Corviknight|Body Press|p2: Golem|[notarget]
|-fail|p1a: Corviknight
|
|upkeep
|
|t:|1769391870
|switch|p2a: Volcanion|Volcanion|100/100
|-damage|p2a: Volcanion|76/100|[from] Stealth Rock
|-damage|p2a: Volcanion|63/100|[from] Spikes
|turn|6
|
|t:|1769391877
|switch|p1a: Clodsire|Clodsire, M|100/100
|-damage|p1a: Clodsire|94/100|[from] Stealth Rock
|move|p2a: Volcanion|Flamethrower|p1a: Clodsire
|-damage|p1a: Clodsire|55/100
|
|-heal|p1a: Clodsire|61/100|[from] item: Leftovers
|upkeep
|turn|7
|
|t:|1769391889
|move|p2a: Volcanion|Flamethrower|p1a: Clodsire
|-damage|p1a: Clodsire|22/100
|move|p1a: Clodsire|Earthquake|p2a: Volcanion
|-supereffective|p2a: Volcanion
|-damage|p2a: Volcanion|9/100
|
|-heal|p1a: Clodsire|29/100|[from] item: Leftovers
|upkeep
|turn|8
|
|t:|1769391901
|switch|p1a: Dragapult|Dragapult, M|100/100
|-damage|p1a: Dragapult|88/100|[from] Stealth Rock
|move|p2a: Volcanion|Flamethrower|p1a: Dragapult
|-resisted|p1a: Dragapult
|-damage|p1a: Dragapult|39/100
|
|upkeep
|turn|9
|
|t:|1769391909
|move|p1a: Dragapult|U-turn|p2a: Volcanion
|-resisted|p2a: Volcanion
|-damage|p2a: Volcanion|0 fnt
|faint|p2a: Volcanion
|
|t:|1769391916
|switch|p1a: Ting-Lu|Ting-Lu|100/100|[from] U-turn
|-damage|p1a: Ting-Lu|94/100|[from] Stealth Rock
|-ability|p1a: Ting-Lu|Vessel of Ruin
|
|upkeep
|
|t:|1769391924
|switch|p2a: Weezing|Weezing-Galar, F|100/100
|-ability|p2a: Weezing|Neutralizing Gas
|turn|10
|
|t:|1769391938
|switch|p1a: Gholdengo|Gholdengo|100/100
|-damage|p1a: Gholdengo|94/100|[from] Stealth Rock
|move|p2a: Weezing|Defog|p1a: Gholdengo
|-unboost|p1a: Gholdengo|evasion|1
|-sideend|p1: xgjgvhb|Stealth Rock|[from] move: Defog|[of] p2a: Weezing
|-sideend|p2: mind goblin games|Spikes|[from] move: Defog|[of] p2a: Weezing
|-sideend|p2: mind goblin games|Stealth Rock|[from] move: Defog|[of] p2a: Weezing
|
|-heal|p1a: Gholdengo|100/100|[from] item: Leftovers
|upkeep
|turn|11
|
|t:|1769391948
|-end|p2a: Weezing|ability: Neutralizing Gas
|switch|p2a: Bellibolt|Bellibolt, M|100/100
|move|p1a: Gholdengo|Make It Rain|p2a: Bellibolt
|-resisted|p2a: Bellibolt
|-damage|p2a: Bellibolt|78/100
|-unboost|p1a: Gholdengo|spa|1
|-start|p2a: Bellibolt|Charge|Make It Rain|[from] ability: Electromorphosis
|
|upkeep
|turn|12
|
|t:|1769391962
|switch|p1a: Clodsire|Clodsire, M|29/100
|move|p2a: Bellibolt|Parabolic Charge|p1a: Clodsire
|-immune|p1a: Clodsire
|-end|p2a: Bellibolt|Charge|[silent]
|
|-heal|p1a: Clodsire|35/100|[from] item: Leftovers
|upkeep
|turn|13
|
|t:|1769391974
|switch|p2a: Dragonite|Dragonite, F|100/100
|move|p1a: Clodsire|Recover|p1a: Clodsire
|-heal|p1a: Clodsire|85/100
|
|-heal|p1a: Clodsire|91/100|[from] item: Leftovers
|upkeep
|turn|14
|
|t:|1769391982
|move|p2a: Dragonite|Dragon Dance|p2a: Dragonite
|-boost|p2a: Dragonite|atk|1
|-boost|p2a: Dragonite|spe|1
|move|p1a: Clodsire|Toxic|p2a: Dragonite
|-status|p2a: Dragonite|tox
|
|-heal|p1a: Clodsire|97/100|[from] item: Leftovers
|-damage|p2a: Dragonite|94/100 tox|[from] psn
|upkeep
|turn|15
|
|t:|1769391991
|switch|p1a: Ting-Lu|Ting-Lu|94/100
|-ability|p1a: Ting-Lu|Vessel of Ruin
|move|p2a: Dragonite|Dragon Dance|p2a: Dragonite
|-boost|p2a: Dragonite|atk|1
|-boost|p2a: Dragonite|spe|1
|
|-damage|p2a: Dragonite|82/100 tox|[from] psn
|upkeep
|turn|16
|
|t:|1769392005
|move|p2a: Dragonite|Ice Spinner|p1a: Ting-Lu
|-supereffective|p1a: Ting-Lu
|-damage|p1a: Ting-Lu|20/100
|-enditem|p1a: Ting-Lu|Red Card|[of] p2a: Dragonite
|drag|p2a: Weezing|Weezing-Galar, F|100/100
|-ability|p2a: Weezing|Neutralizing Gas
|move|p1a: Ting-Lu|Whirlwind|p2a: Weezing
|-end|p2a: Weezing|ability: Neutralizing Gas
|-ability|p1a: Ting-Lu|Vessel of Ruin
|drag|p2a: Dragonite|Dragonite, F|82/100 tox
|
|-damage|p2a: Dragonite|76/100 tox|[from] psn
|upkeep
|turn|17
|
|t:|1769392023
|switch|p1a: Corviknight|Corviknight, F|30/100
|-ability|p1a: Corviknight|Pressure
|move|p2a: Dragonite|Ice Spinner|p1a: Corviknight
|-damage|p1a: Corviknight|12/100
|-damage|p2a: Dragonite|59/100 tox|[from] item: Rocky Helmet|[of] p1a: Corviknight
|
|-damage|p2a: Dragonite|47/100 tox|[from] psn
|upkeep
|turn|18
|
|t:|1769392035
|move|p2a: Dragonite|Ice Spinner|p1a: Corviknight
|-damage|p1a: Corviknight|0 fnt
|-damage|p2a: Dragonite|31/100 tox|[from] item: Rocky Helmet|[of] p1a: Corviknight
|faint|p1a: Corviknight
|
|-damage|p2a: Dragonite|12/100 tox|[from] psn
|upkeep
|
|t:|1769392046
|switch|p1a: Dragapult|Dragapult, M|39/100
|turn|19
|
|t:|1769392059
|switch|p2a: Weezing|Weezing-Galar, F|100/100
|-ability|p2a: Weezing|Neutralizing Gas
|move|p1a: Dragapult|Dragon Darts|p2a: Weezing
|-immune|p2a: Weezing
|
|upkeep
|turn|20
|
|t:|1769392067
|switch|p1a: Gholdengo|Gholdengo|100/100
|move|p2a: Weezing|Strange Steam|p1a: Gholdengo
|-resisted|p1a: Gholdengo
|-damage|p1a: Gholdengo|87/100
|
|-heal|p1a: Gholdengo|93/100|[from] item: Leftovers
|upkeep
|turn|21
|
|t:|1769392075
|-end|p2a: Weezing|ability: Neutralizing Gas
|switch|p2a: Bellibolt|Bellibolt, M|78/100
|move|p1a: Gholdengo|Shadow Ball|p2a: Bellibolt
|-damage|p2a: Bellibolt|46/100
|-start|p2a: Bellibolt|Charge|Shadow Ball|[from] ability: Electromorphosis
|
|-heal|p1a: Gholdengo|99/100|[from] item: Leftovers
|upkeep
|turn|22
|
|t:|1769392096
|move|p1a: Gholdengo|Nasty Plot|p1a: Gholdengo
|-boost|p1a: Gholdengo|spa|2
|move|p2a: Bellibolt|Parabolic Charge|p1a: Gholdengo
|-damage|p1a: Gholdengo|50/100
|-heal|p2a: Bellibolt|68/100|[from] drain|[of] p1a: Gholdengo
|-end|p2a: Bellibolt|Charge|[silent]
|
|-heal|p1a: Gholdengo|56/100|[from] item: Leftovers
|upkeep
|turn|23
|
|t:|1769392105
|move|p1a: Gholdengo|Shadow Ball|p2a: Bellibolt
|-damage|p2a: Bellibolt|13/100
|-unboost|p2a: Bellibolt|spd|1
|-start|p2a: Bellibolt|Charge|Shadow Ball|[from] ability: Electromorphosis
|move|p2a: Bellibolt|Parabolic Charge|p1a: Gholdengo
|-damage|p1a: Gholdengo|9/100
|-heal|p2a: Bellibolt|34/100|[from] drain|[of] p1a: Gholdengo
|-end|p2a: Bellibolt|Charge|[silent]
|
|-heal|p1a: Gholdengo|15/100|[from] item: Leftovers
|upkeep
|turn|24
|
|t:|1769392115
|move|p1a: Gholdengo|Shadow Ball|p2a: Bellibolt
|-damage|p2a: Bellibolt|0 fnt
|faint|p2a: Bellibolt
|
|-heal|p1a: Gholdengo|21/100|[from] item: Leftovers
|upkeep
|
|t:|1769392118
|switch|p2a: Kingambit|Kingambit, M|100/100
|-activate|p2a: Kingambit|ability: Supreme Overlord
|-start|p2a: Kingambit|fallen3|[silent]
|turn|25
|
|t:|1769392125
|move|p2a: Kingambit|Sucker Punch|p1a: Gholdengo
|-supereffective|p1a: Gholdengo
|-damage|p1a: Gholdengo|0 fnt
|faint|p1a: Gholdengo
|
|upkeep
|
|t:|1769392130
|switch|p1a: Ting-Lu|Ting-Lu|20/100
|-ability|p1a: Ting-Lu|Vessel of Ruin
|turn|26
|
|t:|1769392136
|move|p2a: Kingambit|Iron Head|p1a: Ting-Lu
|-damage|p1a: Ting-Lu|0 fnt
|faint|p1a: Ting-Lu
|
|upkeep
|
|t:|1769392142
|switch|p1a: Tyranitar|Tyranitar, M|100/100
|-weather|Sandstorm|[from] ability: Sand Stream|[of] p1a: Tyranitar
|turn|27
|
|t:|1769392149
|-terastallize|p2a: Kingambit|Ghost
|move|p2a: Kingambit|Iron Head|p1a: Tyranitar
|-supereffective|p1a: Tyranitar
|-damage|p1a: Tyranitar|2/100
|move|p1a: Tyranitar|Earthquake|p2a: Kingambit
|-damage|p2a: Kingambit|73/100
|
|-weather|Sandstorm|[upkeep]
|-damage|p2a: Kingambit|67/100|[from] Sandstorm
|-heal|p2a: Kingambit|73/100|[from] item: Leftovers
|-heal|p1a: Tyranitar|8/100|[from] item: Leftovers
|upkeep
|turn|28
|-message|xgjgvhb forfeited.
|
|win|mind goblin games
|raw|xgjgvhb's rating: 1320 &rarr; <strong>1301</strong><br />(-19 for losing)
|raw|mind goblin games's rating: 1330 &rarr; <strong>1349</strong><br />(+19 for winning)
|l|☆xgjgvhb
|player|p1|
|l|☆mind goblin games
|player|p2|
