|j|☆help me am lost
|j|☆CasualTrainerName
|t:|1769389633
|gametype|singles
|player|p1|help me am lost|preschooler|1151
|player|p2|CasualTrainerName|170|1170
|gen|9
|tier|[Gen 9] OU
|rated|
|rule|HP Percentage Mod: HP is shown in percentages
|rule|Endless Battle Clause: Forcing endless battles is banned
|rule|Species Clause: Limit one of each Pokémon
|rule|OHKO Clause: OHKO moves are banned
|rule|Evasion Items Clause: Evasion items are banned
|rule|Evasion Moves Clause: Evasion moves are banned
|rule|Evasion Abilities Clause: Evasion abilities are banned
|rule|Sleep Moves Clause: Sleep-inducing moves are banned
|clearpoke
|poke|p1|Meowscarada, F|
|poke|p1|Galvantula, F|
|poke|p1|Manaphy|
|poke|p1|Cinderace, M|
|poke|p1|Zamazenta-*|
|poke|p1|Excadrill, M|
|poke|p2|Clefable, M|
|poke|p2|Suicune|
|poke|p2|Iron Crown|
|poke|p2|Gliscor, F|
|poke|p2|Quaquaval, M|
|poke|p2|Hoopa|
|teampreview
|
|t:|1769389641
|teamsize|p1|6
|teamsize|p2|6
|start
|switch|p1a: Galvantula|Galvantula, F, shiny|100/100
|switch|p2a: Suicune|Suicune|100/100
|-ability|p2a: Suicune|Pressure
|turn|1
|inactive|Battle timer is ON: inactive players will automatically lose when time's up. (requested by help me am lost)
|
|t:|1769389648
|move|p1a: Galvantula|Sticky Web|p2a: Suicune
|-sidestart|p2: CasualTrainerName|move: Sticky Web
|move|p2a: Suicune|Whirlpool|p1a: Galvantula
|-damage|p1a: Galvantula|85/100
|-activate|p1a: Galvantula|move: Whirlpool|[of] p2a: Suicune
|
|-damage|p1a: Galvantula|72/100|[from] move: Whirlpool|[partiallytrapped]
|upkeep
|turn|2
|inactive|help me am lost has 120 seconds left.
|
|t:|1769389683
|move|p2a: Suicune|Protect|p2a: Suicune
|-singleturn|p2a: Suicune|Protect
|move|p1a: Galvantula|Volt Switch|p2a: Suicune
|-activate|p2a: Suicune|move: Protect
|
|-damage|p1a: Galvantula|60/100|[from] move: Whirlpool|[partiallytrapped]
|upkeep
|turn|3
|inactive|help me am lost has 120 seconds left.
|
|t:|1769389703
|switch|p2a: Gliscor|Gliscor, F|100/100
|move|p1a: Galvantula|Volt Switch|p2a: Gliscor
|-immune|p2a: Gliscor
|
|-end|p1a: Galvantula|Whirlpool|[partiallytrapped]|[silent]
|-status|p2a: Gliscor|tox|[from] item: Toxic Orb
|upkeep
|turn|4
|inactive|help me am lost has 120 seconds left.
|
|t:|1769389716
|switch|p1a: Excadrill|Excadrill, M|100/100
|-ability|p1a: Excadrill|Mold Breaker
|move|p2a: Gliscor|Spikes|p1a: Excadrill
|-sidestart|p1: help me am lost|Spikes
|
|upkeep
|turn|5
|inactive|help me am lost has 120 seconds left.
|
|t:|1769389729
|move|p1a: Excadrill|Stealth Rock|p2a: Gliscor
|-sidestart|p2: CasualTrainerName|move: Stealth Rock
|move|p2a: Gliscor|Earthquake|p1a: Excadrill
|-supereffective|p1a: Excadrill
|-damage|p1a: Excadrill|5/100
|
|upkeep
|turn|6
|
|t:|1769389738
|move|p1a: Excadrill|Iron Head|p2a: Gliscor
|-damage|p2a: Gliscor|75/100 tox
|move|p2a: Gliscor|Knock Off|p1a: Excadrill
|-damage|p1a: Excadrill|0 fnt
|-enditem|p1a: Excadrill|Focus Sash|[from] move: Knock Off|[of] p2a: Gliscor
|faint|p1a: Excadrill
|
|-heal|p2a: Gliscor|88/100 tox|[from] ability: Poison Heal
|upkeep
|inactive|help me am lost has 120 seconds left.
|
|t:|1769389751
|switch|p1a: Manaphy|Manaphy, shiny|100/100
|-damage|p1a: Manaphy|88/100|[from] Spikes
|turn|7
|
|t:|1769389758
|move|p1a: Manaphy|Ice Beam|p2a: Gliscor
|-supereffective|p2a: Gliscor
|-damage|p2a: Gliscor|0 fnt
|faint|p2a: Gliscor
|
|upkeep
|
|t:|1769389765
|switch|p2a: Quaquaval|Quaquaval, M|100/100
|turn|8
|
|t:|1769389776
|switch|p1a: Zamazenta|Zamazenta|100/100
|-damage|p1a: Zamazenta|88/100|[from] Spikes
|-ability|p1a: Zamazenta|Dauntless Shield|boost
|-boost|p1a: Zamazenta|def|1
|move|p2a: Quaquaval|Rapid Spin|p1a: Zamazenta
|-damage|p1a: Zamazenta|80/100
|-boost|p2a: Quaquaval|spe|1
|-sideend|p2: CasualTrainerName|Stealth Rock|[from] move: Rapid Spin|[of] p2a: Quaquaval
|-sideend|p2: CasualTrainerName|Sticky Web|[from] move: Rapid Spin|[of] p2a: Quaquaval
|
|-heal|p1a: Zamazenta|86/100|[from] item: Leftovers
|upkeep
|turn|9
|
|t:|1769389787
|switch|p2a: Clefable|Clefable, M|100/100
|move|p1a: Zamazenta|Iron Defense|p1a: Zamazenta
|-boost|p1a: Zamazenta|def|2
|
|-heal|p1a: Zamazenta|92/100|[from] item: Leftovers
|upkeep
|turn|10
|
|t:|1769389794
|-terastallize|p1a: Zamazenta|Steel
|move|p1a: Zamazenta|Iron Defense|p1a: Zamazenta
|-boost|p1a: Zamazenta|def|2
|move|p2a: Clefable|Encore|p1a: Zamazenta
|-start|p1a: Zamazenta|Encore
|
|-heal|p1a: Zamazenta|98/100|[from] item: Leftovers
|upkeep
|turn|11
|
|t:|1769389802
|move|p1a: Zamazenta|Iron Defense|p1a: Zamazenta
|-boost|p1a: Zamazenta|def|1
|move|p2a: Clefable|Stealth Rock|p1a: Zamazenta
|-sidestart|p1: help me am lost|move: Stealth Rock
|
|-heal|p1a: Zamazenta|100/100|[from] item: Leftovers
|upkeep
|turn|12
|
|t:|1769389808
|move|p1a: Zamazenta|Iron Defense|p1a: Zamazenta
|-boost|p1a: Zamazenta|def|0
|move|p2a: Clefable|Moonblast|p1a: Zamazenta
|-resisted|p1a: Zamazenta
|-damage|p1a: Zamazenta|88/100
|
|-heal|p1a: Zamazenta|94/100|[from] item: Leftovers
|upkeep
|turn|13
|
|t:|1769389815
|move|p1a: Zamazenta|Iron Defense|p1a: Zamazenta
|-boost|p1a: Zamazenta|def|0
|move|p2a: Clefable|Moonblast|p1a: Zamazenta
|-resisted|p1a: Zamazenta
|-damage|p1a: Zamazenta|82/100
|
|-heal|p1a: Zamazenta|88/100|[from] item: Leftovers
|-end|p1a: Zamazenta|Encore
|upkeep
|turn|14
|
|t:|1769389828
|move|p1a: Zamazenta|Iron Head|p2a: Clefable
|-supereffective|p2a: Clefable
|-damage|p2a: Clefable|35/100
|move|p2a: Clefable|Moonblast|p1a: Zamazenta
|-resisted|p1a: Zamazenta
|-damage|p1a: Zamazenta|76/100
|
|-heal|p1a: Zamazenta|82/100|[from] item: Leftovers
|upkeep
|turn|15
|
|t:|1769389837
|move|p1a: Zamazenta|Iron Head|p2a: Clefable
|-supereffective|p2a: Clefable
|-damage|p2a: Clefable|0 fnt
|faint|p2a: Clefable
|
|-heal|p1a: Zamazenta|88/100|[from] item: Leftovers
|upkeep
|
|t:|1769389839
|switch|p2a: Hoopa|Hoopa|100/100
|turn|16
|
|t:|1769389846
|move|p1a: Zamazenta|Crunch|p2a: Hoopa
|-supereffective|p2a: Hoopa
|-enditem|p2a: Hoopa|Focus Sash
|-damage|p2a: Hoopa|1/100
|move|p2a: Hoopa|Destiny Bond|p2a: Hoopa
|-singlemove|p2a: Hoopa|Destiny Bond
|
|-heal|p1a: Zamazenta|95/100|[from] item: Leftovers
|upkeep
|turn|17
|
|t:|1769389858
|switch|p1a: Cinderace|Cinderace, M, shiny|100/100
|move|p2a: Hoopa|Shadow Ball|p1a: Cinderace
|-damage|p1a: Cinderace|28/100
|-item|p2a: Hoopa|Heavy-Duty Boots|[from] ability: Magician|[of] p1a: Cinderace
|
|upkeep
|turn|18
|
|t:|1769389865
|move|p1a: Cinderace|Court Change|p1a: Cinderace
|-start|p1a: Cinderace|typechange|Normal|[from] ability: Libero
|-swapsideconditions
|-activate|p1a: Cinderace|move: Court Change
|move|p2a: Hoopa|Hyperspace Hole|p1a: Cinderace
|-damage|p1a: Cinderace|0 fnt
|faint|p1a: Cinderace
|
|upkeep
|
|t:|1769389875
|switch|p1a: Galvantula|Galvantula, F, shiny|60/100
|turn|19
|
|t:|1769389889
|switch|p2a: Iron Crown|Iron Crown|100/100
|-damage|p2a: Iron Crown|88/100|[from] Spikes
|-damage|p2a: Iron Crown|82/100|[from] Stealth Rock
|-enditem|p2a: Iron Crown|Booster Energy
|-activate|p2a: Iron Crown|ability: Quark Drive|[fromitem]
|-start|p2a: Iron Crown|quarkdrivespe
|move|p1a: Galvantula|Bug Buzz|p2a: Iron Crown
|-damage|p2a: Iron Crown|56/100
|
|upkeep
|turn|20
|
|t:|1769389899
|move|p2a: Iron Crown|Calm Mind|p2a: Iron Crown
|-boost|p2a: Iron Crown|spa|1
|-boost|p2a: Iron Crown|spd|1
|move|p1a: Galvantula|Sticky Web|p2a: Iron Crown
|-sidestart|p2: CasualTrainerName|move: Sticky Web
|
|upkeep
|turn|21
|
|t:|1769389904
|switch|p1a: Manaphy|Manaphy, shiny|88/100
|move|p2a: Iron Crown|Tachyon Cutter|p1a: Manaphy
|-resisted|p1a: Manaphy
|-damage|p1a: Manaphy|71/100
|-resisted|p1a: Manaphy
|-damage|p1a: Manaphy|55/100
|-hitcount|p1a: Manaphy|2
|
|upkeep
|turn|22
|
|t:|1769389912
|move|p2a: Iron Crown|Psyshock|p1a: Manaphy
|-damage|p1a: Manaphy|16/100
|move|p1a: Manaphy|Haze|p1a: Manaphy
|-clearallboost
|
|upkeep
|turn|23
|
|t:|1769389926
|move|p2a: Iron Crown|Calm Mind|p2a: Iron Crown
|-boost|p2a: Iron Crown|spa|1
|-boost|p2a: Iron Crown|spd|1
|move|p1a: Manaphy|Ice Beam|p2a: Iron Crown
|-resisted|p2a: Iron Crown
|-damage|p2a: Iron Crown|49/100
|
|upkeep
|turn|24
|
|t:|1769389932
|move|p2a: Iron Crown|Psyshock|p1a: Manaphy
|-damage|p1a: Manaphy|0 fnt
|faint|p1a: Manaphy
|
|upkeep
|
|t:|1769389937
|switch|p1a: Meowscarada|Meowscarada, F, shiny|100/100
|turn|25
|
|t:|1769389946
|-terastallize|p2a: Iron Crown|Fighting
|move|p1a: Meowscarada|Sucker Punch|p2a: Iron Crown
|-start|p1a: Meowscarada|typechange|Dark|[from] ability: Protean
|-resisted|p2a: Iron Crown
|-damage|p2a: Iron Crown|26/100
|move|p2a: Iron Crown|Tachyon Cutter|p1a: Meowscarada
|-damage|p1a: Meowscarada|45/100
|-damage|p1a: Meowscarada|0 fnt
|faint|p1a: Meowscarada
|-hitcount|p1: Meowscarada|2
|
|upkeep
|
|t:|1769389962
|switch|p1a: Galvantula|Galvantula, F, shiny|60/100
|turn|26
|
|t:|1769389975
|move|p2a: Iron Crown|Psyshock|p1a: Galvantula
|-damage|p1a: Galvantula|0 fnt
|faint|p1a: Galvantula
|
|upkeep
|
|t:|1769389979
|switch|p1a: Zamazenta|Zamazenta, tera:Steel|95/100
|turn|27
|
|t:|1769389986
|move|p2a: Iron Crown|Focus Blast|p1a: Zamazenta
|-supereffective|p1a: Zamazenta
|-damage|p1a: Zamazenta|0 fnt
|faint|p1a: Zamazenta
|
|win|CasualTrainerName
|raw|help me am lost's rating: 1151 &rarr; <strong>1127</strong><br />(-24 for losing)
|raw|CasualTrainerName's rating: 1170 &rarr; <strong>1194</strong><br />(+24 for winning)
|l|☆help me am lost
|player|p1|
|l|☆CasualTrainerName
|player|p2|
