|j|☆raviolikid
|j|‽LT_Alt1
|t:|1769314864
|gametype|singles
|player|p1|raviolikid|zinnia|1660
|player|p2|LT_Alt1|101|1628
|gen|9
|tier|[Gen 9] OU
|rated|
|rule|HP Percentage Mod: HP is shown in percentages
|rule|Endless Battle Clause: Forcing endless battles is banned
|rule|Species Clause: Limit one of each Pokémon
|rule|OHKO Clause: OHKO moves are banned
|rule|Evasion Items Clause: Evasion items are banned
|rule|Evasion Moves Clause: Evasion moves are banned
|rule|Evasion Abilities Clause: Evasion abilities are banned
|rule|Sleep Moves Clause: Sleep-inducing moves are banned
|clearpoke
|poke|p1|Pecharunt|
|poke|p1|Kingambit, F|
|poke|p1|Volcanion|
|poke|p1|Iron Valiant|
|poke|p1|Landorus-Therian, M|
|poke|p1|Deoxys-Speed|
|poke|p2|Darkrai|
|poke|p2|Slowking-Galar, F|
|poke|p2|Gholdengo|
|poke|p2|Iron Treads|
|poke|p2|Raging Bolt|
|poke|p2|Gliscor, F|
|teampreview
|inactive|Battle timer is ON: inactive players will automatically lose when time's up. (requested by raviolikid)
|inactive|LT_Alt1 has 120 seconds left.
|
|t:|1769314901
|teamsize|p1|6
|teamsize|p2|6
|start
|switch|p1a: Deoxys|Deoxys-Speed|100/100
|switch|p2a: Gliscor|Gliscor, F|100/100
|-ability|p1a: Deoxys|Pressure
|turn|1
|
|t:|1769314908
|move|p1a: Deoxys|Knock Off|p2a: Gliscor
|-damage|p2a: Gliscor|82/100
|-enditem|p2a: Gliscor|Toxic Orb|[from] move: Knock Off|[of] p1a: Deoxys
|move|p2a: Gliscor|Knock Off|p1a: Deoxys
|-supereffective|p1a: Deoxys
|-damage|p1a: Deoxys|32/100
|-enditem|p1a: Deoxys|Eject Pack|[from] move: Knock Off|[of] p2a: Gliscor
|
|upkeep
|turn|2
|
|t:|1769314926
|move|p1a: Deoxys|Spikes|p2a: Gliscor
|-sidestart|p2: LT_Alt1|Spikes
|move|p2a: Gliscor|Knock Off|p1a: Deoxys
|-supereffective|p1a: Deoxys
|-damage|p1a: Deoxys|0 fnt
|faint|p1a: Deoxys
|
|upkeep
|
|t:|1769314933
|switch|p1a: Landorus|Landorus-Therian, M|100/100
|-ability|p1a: Landorus|Intimidate|boost
|-unboost|p2a: Gliscor|atk|1
|turn|3
|
|t:|1769314947
|move|p1a: Landorus|Stealth Rock|p2a: Gliscor
|-sidestart|p2: LT_Alt1|move: Stealth Rock
|move|p2a: Gliscor|Knock Off|p1a: Landorus
|-damage|p1a: Landorus|86/100
|-damage|p2a: Gliscor|65/100|[from] item: Rocky Helmet|[of] p1a: Landorus
|-enditem|p1a: Landorus|Rocky Helmet|[from] move: Knock Off|[of] p2a: Gliscor
|
|upkeep
|turn|4
|
|t:|1769314951
|switch|p2a: Iron Treads|Iron Treads|100/100
|move|p1a: Landorus|Taunt|p2a: Iron Treads
|-start|p2a: Iron Treads|move: Taunt
|
|upkeep
|turn|5
|
|t:|1769314956
|switch|p1a: Pecharunt|Pecharunt|100/100
|move|p2a: Iron Treads|Earthquake|p1a: Pecharunt
|-supereffective|p1a: Pecharunt
|-damage|p1a: Pecharunt|52/100
|
|upkeep
|turn|6
|
|t:|1769314964
|switch|p1a: Landorus|Landorus-Therian, M|86/100
|-ability|p1a: Landorus|Intimidate|boost
|-unboost|p2a: Iron Treads|atk|1
|move|p2a: Iron Treads|Rapid Spin|p1a: Landorus
|-damage|p1a: Landorus|78/100
|-boost|p2a: Iron Treads|spe|1
|-sideend|p2: LT_Alt1|Spikes|[from] move: Rapid Spin|[of] p2a: Iron Treads
|-sideend|p2: LT_Alt1|Stealth Rock|[from] move: Rapid Spin|[of] p2a: Iron Treads
|
|-end|p2a: Iron Treads|move: Taunt
|upkeep
|turn|7
|
|t:|1769314968
|move|p2a: Iron Treads|Ice Spinner|p1a: Landorus
|-supereffective|p1a: Landorus
|-crit|p1a: Landorus
|-damage|p1a: Landorus|0 fnt
|faint|p1a: Landorus
|
|upkeep
|
|t:|1769314978
|switch|p1a: Iron Valiant|Iron Valiant|100/100
|-enditem|p1a: Iron Valiant|Booster Energy
|-activate|p1a: Iron Valiant|ability: Quark Drive|[fromitem]
|-start|p1a: Iron Valiant|quarkdrivespe
|turn|8
|
|t:|1769314988
|move|p1a: Iron Valiant|Close Combat|p2a: Iron Treads
|-supereffective|p2a: Iron Treads
|-damage|p2a: Iron Treads|2/100
|-unboost|p1a: Iron Valiant|def|1
|-unboost|p1a: Iron Valiant|spd|1
|move|p2a: Iron Treads|Rock Tomb|p1a: Iron Valiant|[miss]
|-miss|p2a: Iron Treads|p1a: Iron Valiant
|
|upkeep
|turn|9
|
|t:|1769314998
|move|p1a: Iron Valiant|Moonblast|p2a: Iron Treads
|-resisted|p2a: Iron Treads
|-damage|p2a: Iron Treads|0 fnt
|faint|p2a: Iron Treads
|-end|p2a: Iron Treads|Quark Drive|[silent]
|
|upkeep
|
|t:|1769315001
|switch|p2a: Slowking|Slowking-Galar, F|100/100
|turn|10
|
|t:|1769315006
|-end|p1a: Iron Valiant|Quark Drive|[silent]
|switch|p1a: Kingambit|Kingambit, F|100/100
|-activate|p1a: Kingambit|ability: Supreme Overlord
|-start|p1a: Kingambit|fallen2|[silent]
|move|p2a: Slowking|Thunder Wave|p1a: Kingambit
|-status|p1a: Kingambit|par
|
|upkeep
|turn|11
|inactive|LT_Alt1 has 120 seconds left.
|inactive|LT_Alt1 has 90 seconds left.
|inactive|LT_Alt1 has 60 seconds left.
|
|t:|1769315100
|move|p1a: Kingambit|Swords Dance|p1a: Kingambit
|-boost|p1a: Kingambit|atk|2
|-prepare|p2a: Slowking|Chilly Reception|[premajor]
|move|p2a: Slowking|Chilly Reception|p2a: Slowking
|-weather|Snowscape
|inactive|LT_Alt1 has 60 seconds left.
|
|t:|1769315106
|switch|p2a: Gholdengo|Gholdengo|100/100|[from] Chilly Reception
|
|-weather|Snowscape|[upkeep]
|upkeep
|turn|12
|inactive|LT_Alt1 has 60 seconds left.
|
|t:|1769315117
|move|p2a: Gholdengo|Trick|p1a: Kingambit
|-activate|p2a: Gholdengo|move: Trick|[of] p1a: Kingambit
|-item|p1a: Kingambit|Choice Scarf|[from] move: Trick
|-item|p2a: Gholdengo|Leftovers|[from] move: Trick
|move|p1a: Kingambit|Iron Head|p2a: Gholdengo
|-resisted|p2a: Gholdengo
|-damage|p2a: Gholdengo|38/100
|
|-weather|Snowscape|[upkeep]
|-heal|p2a: Gholdengo|44/100|[from] item: Leftovers
|upkeep
|turn|13
|inactive|LT_Alt1 has 60 seconds left.
|
|t:|1769315131
|move|p2a: Gholdengo|Make It Rain|p1a: Kingambit
|-resisted|p1a: Kingambit
|-damage|p1a: Kingambit|62/100 par
|-unboost|p2a: Gholdengo|spa|1
|move|p1a: Kingambit|Iron Head|p2a: Gholdengo
|-resisted|p2a: Gholdengo
|-damage|p2a: Gholdengo|0 fnt
|faint|p2a: Gholdengo
|
|-weather|Snowscape|[upkeep]
|upkeep
|
|t:|1769315134
|switch|p2a: Raging Bolt|Raging Bolt|100/100
|turn|14
|
|t:|1769315139
|move|p2a: Raging Bolt|Thunderbolt|p1a: Kingambit
|-damage|p1a: Kingambit|3/100 par
|move|p1a: Kingambit|Iron Head|p2a: Raging Bolt
|-resisted|p2a: Raging Bolt
|-damage|p2a: Raging Bolt|59/100
|
|-weather|Snowscape|[upkeep]
|-heal|p2a: Raging Bolt|66/100|[from] item: Leftovers
|upkeep
|turn|15
|
|t:|1769315145
|move|p2a: Raging Bolt|Thunderbolt|p1a: Kingambit
|-damage|p1a: Kingambit|0 fnt
|faint|p1a: Kingambit
|-end|p1a: Kingambit|fallen2|[silent]
|
|-weather|none
|-heal|p2a: Raging Bolt|72/100|[from] item: Leftovers
|upkeep
|
|t:|1769315155
|switch|p1a: Iron Valiant|Iron Valiant|100/100
|turn|16
|
|t:|1769315162
|-end|p2a: Raging Bolt|Protosynthesis|[silent]
|switch|p2a: Slowking|Slowking-Galar, F|100/100
|move|p1a: Iron Valiant|Moonblast|p2a: Slowking
|-resisted|p2a: Slowking
|-damage|p2a: Slowking|89/100
|-unboost|p2a: Slowking|spa|1
|
|-heal|p2a: Slowking|95/100|[from] item: Leftovers
|upkeep
|turn|17
|
|t:|1769315167
|move|p1a: Iron Valiant|Knock Off|p2a: Slowking
|-supereffective|p2a: Slowking
|-damage|p2a: Slowking|33/100
|-enditem|p2a: Slowking|Leftovers|[from] move: Knock Off|[of] p1a: Iron Valiant
|move|p2a: Slowking|Future Sight|p1a: Iron Valiant
|-start|p2a: Slowking|move: Future Sight
|
|upkeep
|turn|18
|
|t:|1769315172
|switch|p2a: Gliscor|Gliscor, F|65/100
|move|p1a: Iron Valiant|Knock Off|p2a: Gliscor
|-damage|p2a: Gliscor|48/100
|
|upkeep
|turn|19
|
|t:|1769315179
|move|p1a: Iron Valiant|Moonblast|p2a: Gliscor
|-damage|p2a: Gliscor|12/100
|move|p2a: Gliscor|Spikes|p1a: Iron Valiant
|-sidestart|p1: raviolikid|Spikes
|
|-end|p1a: Iron Valiant|move: Future Sight
|-supereffective|p1a: Iron Valiant
|-damage|p1a: Iron Valiant|0 fnt
|faint|p1a: Iron Valiant
|-end|p1a: Iron Valiant|Quark Drive|[silent]
|upkeep
|
|t:|1769315184
|switch|p1a: Pecharunt|Pecharunt|52/100
|turn|20
|
|t:|1769315187
|move|p1a: Pecharunt|Shadow Ball|p2a: Gliscor
|-damage|p2a: Gliscor|0 fnt
|faint|p2a: Gliscor
|
|upkeep
|
|t:|1769315192
|switch|p2a: Darkrai|Darkrai|100/100
|turn|21
|
|t:|1769315197
|switch|p2a: Slowking|Slowking-Galar, F|66/100
|-terastallize|p1a: Pecharunt|Fairy
|move|p1a: Pecharunt|Recover|p1a: Pecharunt
|-heal|p1a: Pecharunt|100/100
|
|upkeep
|turn|22
|
|t:|1769315207
|switch|p1a: Volcanion|Volcanion|100/100
|-damage|p1a: Volcanion|88/100|[from] Spikes
|move|p2a: Slowking|Thunder Wave|p1a: Volcanion
|-status|p1a: Volcanion|par
|
|-heal|p1a: Volcanion|94/100 par|[from] item: Leftovers
|upkeep
|turn|23
|
|t:|1769315211
|switch|p2a: Raging Bolt|Raging Bolt|72/100
|move|p1a: Volcanion|Steam Eruption|p2a: Raging Bolt
|-resisted|p2a: Raging Bolt
|-damage|p2a: Raging Bolt|50/100
|-status|p2a: Raging Bolt|brn
|
|-heal|p2a: Raging Bolt|56/100 brn|[from] item: Leftovers
|-heal|p1a: Volcanion|99/100 par|[from] item: Leftovers
|-damage|p2a: Raging Bolt|50/100 brn|[from] brn
|upkeep
|turn|24
|
|t:|1769315214
|move|p2a: Raging Bolt|Thunderbolt|p1a: Volcanion
|-supereffective|p1a: Volcanion
|-damage|p1a: Volcanion|0 fnt
|faint|p1a: Volcanion
|
|-heal|p2a: Raging Bolt|56/100 brn|[from] item: Leftovers
|-damage|p2a: Raging Bolt|50/100 brn|[from] brn
|upkeep
|
|t:|1769315216
|switch|p1a: Pecharunt|Pecharunt, tera:Fairy|100/100
|turn|25
|
|t:|1769315224
|-end|p2a: Raging Bolt|Protosynthesis|[silent]
|switch|p2a: Slowking|Slowking-Galar, F|99/100
|move|p1a: Pecharunt|Nasty Plot|p1a: Pecharunt
|-boost|p1a: Pecharunt|spa|2
|
|upkeep
|turn|26
|
|t:|1769315232
|move|p1a: Pecharunt|Shadow Ball|p2a: Slowking
|-supereffective|p2a: Slowking
|-crit|p2a: Slowking
|-damage|p2a: Slowking|0 fnt
|faint|p2a: Slowking
|
|upkeep
|
|t:|1769315250
|switch|p2a: Darkrai|Darkrai|100/100
|turn|27
|
|t:|1769315257
|-terastallize|p2a: Darkrai|Ghost
|move|p2a: Darkrai|Nasty Plot|p2a: Darkrai
|-boost|p2a: Darkrai|spa|2
|move|p1a: Pecharunt|Malignant Chain|p2a: Darkrai
|-resisted|p2a: Darkrai
|-damage|p2a: Darkrai|53/100
|
|-heal|p2a: Darkrai|59/100|[from] item: Leftovers
|upkeep
|turn|28
|
|t:|1769315264
|move|p2a: Darkrai|Ice Beam|p1a: Pecharunt
|-damage|p1a: Pecharunt|33/100
|move|p1a: Pecharunt|Shadow Ball|p2a: Darkrai
|-supereffective|p2a: Darkrai
|-damage|p2a: Darkrai|0 fnt
|faint|p2a: Darkrai
|
|upkeep
|
|t:|1769315268
|switch|p2a: Raging Bolt|Raging Bolt|50/100 brn
|turn|29
|
|t:|1769315273
|move|p1a: Pecharunt|Malignant Chain|p2a: Raging Bolt
|-damage|p2a: Raging Bolt|0 fnt
|faint|p2a: Raging Bolt
|-end|p2a: Raging Bolt|Protosynthesis|[silent]
|
|win|raviolikid
|raw|raviolikid's rating: 1660 &rarr; <strong>1678</strong><br />(+18 for winning)
|raw|LT_Alt1's rating: 1628 &rarr; <strong>1610</strong><br />(-18 for losing)
