|j|☆gdfuture
|j|☆Cour3tro
|t:|1769306018
|gametype|singles
|player|p1|gdfuture|n|1032
|player|p2|Cour3tro|170|1071
|gen|9
|tier|[Gen 9] OU
|rated|
|rule|HP Percentage Mod: HP is shown in percentages
|rule|Endless Battle Clause: Forcing endless battles is banned
|rule|Species Clause: Limit one of each Pokémon
|rule|OHKO Clause: OHKO moves are banned
|rule|Evasion Items Clause: Evasion items are banned
|rule|Evasion Moves Clause: Evasion moves are banned
|rule|Evasion Abilities Clause: Evasion abilities are banned
|rule|Sleep Moves Clause: Sleep-inducing moves are banned
|clearpoke
|poke|p1|Corviknight, M|
|poke|p1|Great Tusk|
|poke|p1|Dragapult, F|
|poke|p1|Iron Valiant|
|poke|p1|Serperior, F|
|poke|p1|Typhlosion-Hisui, F|
|poke|p2|Glimmora, F|
|poke|p2|Zapdos-Galar|
|poke|p2|Vaporeon, F|
|poke|p2|Mew|
|poke|p2|Haxorus, F|
|poke|p2|Toedscruel, M|
|teampreview
|
|t:|1769306033
|teamsize|p1|6
|teamsize|p2|6
|start
|switch|p1a: Iron Valiant|Iron Valiant, shiny|100/100
|switch|p2a: Toedscruel|Toedscruel, M|100/100
|-enditem|p1a: Iron Valiant|Booster Energy
|-activate|p1a: Iron Valiant|ability: Quark Drive|[fromitem]
|-start|p1a: Iron Valiant|quarkdrivespe
|turn|1
|inactive|Battle timer is ON: inactive players will automatically lose when time's up. (requested by gdfuture)
|
|t:|1769306051
|move|p1a: Iron Valiant|Psychic|p2a: Toedscruel
|-damage|p2a: Toedscruel|78/100
|move|p2a: Toedscruel|Toxic|p1a: Iron Valiant
|-status|p1a: Iron Valiant|tox
|
|-heal|p2a: Toedscruel|84/100|[from] item: Leftovers
|-damage|p1a: Iron Valiant|94/100 tox|[from] psn
|upkeep
|turn|2
|
|t:|1769306062
|move|p1a: Iron Valiant|Moonblast|p2a: Toedscruel
|-damage|p2a: Toedscruel|51/100
|move|p2a: Toedscruel|Giga Drain|p1a: Iron Valiant
|-damage|p1a: Iron Valiant|49/100 tox
|-heal|p2a: Toedscruel|71/100|[from] drain|[of] p1a: Iron Valiant
|
|-heal|p2a: Toedscruel|78/100|[from] item: Leftovers
|-damage|p1a: Iron Valiant|36/100 tox|[from] psn
|upkeep
|turn|3
|
|t:|1769306074
|move|p1a: Iron Valiant|Destiny Bond|p1a: Iron Valiant
|-singlemove|p1a: Iron Valiant|Destiny Bond
|move|p2a: Toedscruel|Giga Drain|p1a: Iron Valiant
|-damage|p1a: Iron Valiant|0 fnt
|-heal|p2a: Toedscruel|94/100|[from] drain|[of] p1a: Iron Valiant
|faint|p1a: Iron Valiant
|-activate|p1a: Iron Valiant|move: Destiny Bond
|-end|p1a: Iron Valiant|Quark Drive|[silent]
|faint|p2a: Toedscruel
|
|upkeep
|
|t:|1769306085
|switch|p1a: Corviknight|Corviknight, M, shiny|100/100
|switch|p2a: Glimmora|Glimmora, F|100/100
|turn|4
|
|t:|1769306092
|move|p2a: Glimmora|Stealth Rock|p1a: Corviknight
|-sidestart|p1: gdfuture|move: Stealth Rock
|move|p1a: Corviknight|Agility|p1a: Corviknight
|-boost|p1a: Corviknight|spe|2
|
|upkeep
|turn|5
|
|t:|1769306098
|move|p1a: Corviknight|Agility|p1a: Corviknight
|-boost|p1a: Corviknight|spe|2
|move|p2a: Glimmora|Power Gem|p1a: Corviknight
|-damage|p1a: Corviknight|52/100
|
|upkeep
|turn|6
|
|t:|1769306107
|-terastallize|p2a: Glimmora|Rock
|move|p1a: Corviknight|Roost|p1a: Corviknight
|-heal|p1a: Corviknight|100/100
|-singleturn|p1a: Corviknight|move: Roost
|move|p2a: Glimmora|Power Gem|p1a: Corviknight
|-resisted|p1a: Corviknight
|-damage|p1a: Corviknight|69/100
|
|upkeep
|turn|7
|
|t:|1769306116
|move|p1a: Corviknight|Bulk Up|p1a: Corviknight
|-boost|p1a: Corviknight|atk|1
|-boost|p1a: Corviknight|def|1
|move|p2a: Glimmora|Power Gem|p1a: Corviknight
|-damage|p1a: Corviknight|10/100
|
|upkeep
|turn|8
|
|t:|1769306129
|move|p1a: Corviknight|Roost|p1a: Corviknight
|-heal|p1a: Corviknight|60/100
|-singleturn|p1a: Corviknight|move: Roost
|move|p2a: Glimmora|Power Gem|p1a: Corviknight
|-resisted|p1a: Corviknight
|-damage|p1a: Corviknight|26/100
|
|upkeep
|turn|9
|
|t:|1769306137
|move|p1a: Corviknight|Roost|p1a: Corviknight
|-heal|p1a: Corviknight|76/100
|-singleturn|p1a: Corviknight|move: Roost
|move|p2a: Glimmora|Power Gem|p1a: Corviknight
|-resisted|p1a: Corviknight
|-damage|p1a: Corviknight|42/100
|
|upkeep
|turn|10
|
|t:|1769306143
|move|p1a: Corviknight|Bulk Up|p1a: Corviknight
|-boost|p1a: Corviknight|atk|1
|-boost|p1a: Corviknight|def|1
|move|p2a: Glimmora|Power Gem|p1a: Corviknight
|-damage|p1a: Corviknight|0 fnt
|faint|p1a: Corviknight
|
|upkeep
|
|t:|1769306151
|switch|p1a: Serperior|Serperior, F, shiny|100/100
|-damage|p1a: Serperior|88/100|[from] Stealth Rock
|turn|11
|
|t:|1769306161
|switch|p2a: Zapdos|Zapdos-Galar|100/100
|move|p1a: Serperior|Leech Seed|p2a: Zapdos
|-start|p2a: Zapdos|move: Leech Seed
|
|-heal|p1a: Serperior|94/100|[from] item: Leftovers
|-damage|p2a: Zapdos|88/100|[from] Leech Seed|[of] p1a: Serperior
|-heal|p1a: Serperior|100/100|[silent]
|upkeep
|turn|12
|
|t:|1769306170
|-terastallize|p1a: Serperior|Fire
|move|p1a: Serperior|Tera Blast|p2a: Zapdos|[anim] Tera Blast Fire
|-damage|p2a: Zapdos|56/100
|move|p2a: Zapdos|Drill Peck|p1a: Serperior
|-damage|p1a: Serperior|20/100
|
|-heal|p1a: Serperior|26/100|[from] item: Leftovers
|-damage|p2a: Zapdos|44/100|[from] Leech Seed|[of] p1a: Serperior
|-heal|p1a: Serperior|40/100|[silent]
|upkeep
|turn|13
|
|t:|1769306180
|move|p1a: Serperior|Substitute|p1a: Serperior
|-start|p1a: Serperior|Substitute
|-damage|p1a: Serperior|15/100
|move|p2a: Zapdos|Drill Peck|p1a: Serperior
|-end|p1a: Serperior|Substitute
|
|-heal|p1a: Serperior|21/100|[from] item: Leftovers
|-damage|p2a: Zapdos|32/100|[from] Leech Seed|[of] p1a: Serperior
|-heal|p1a: Serperior|35/100|[silent]
|upkeep
|turn|14
|
|t:|1769306188
|move|p1a: Serperior|Tera Blast|p2a: Zapdos|[anim] Tera Blast Fire
|-damage|p2a: Zapdos|0 fnt
|faint|p2a: Zapdos
|
|-heal|p1a: Serperior|41/100|[from] item: Leftovers
|upkeep
|
|t:|1769306201
|switch|p2a: Mew|Mew|100/100
|turn|15
|
|t:|1769306209
|move|p1a: Serperior|Leech Seed|p2a: Mew
|-start|p2a: Mew|move: Leech Seed
|move|p2a: Mew|Psychic|p1a: Serperior
|-damage|p1a: Serperior|4/100
|
|-heal|p1a: Serperior|10/100|[from] item: Leftovers
|-damage|p2a: Mew|88/100|[from] Leech Seed|[of] p1a: Serperior
|-heal|p1a: Serperior|28/100|[silent]
|upkeep
|turn|16
|
|t:|1769306217
|move|p1a: Serperior|Substitute|p1a: Serperior
|-start|p1a: Serperior|Substitute
|-damage|p1a: Serperior|3/100
|move|p2a: Mew|Psychic|p1a: Serperior
|-end|p1a: Serperior|Substitute
|
|-heal|p1a: Serperior|9/100|[from] item: Leftovers
|-damage|p2a: Mew|76/100|[from] Leech Seed|[of] p1a: Serperior
|-heal|p1a: Serperior|26/100|[silent]
|upkeep
|turn|17
|
|t:|1769306229
|switch|p2a: Haxorus|Haxorus, F|100/100
|-ability|p2a: Haxorus|Mold Breaker
|move|p1a: Serperior|Leaf Storm|p2a: Haxorus
|-resisted|p2a: Haxorus
|-damage|p2a: Haxorus|70/100
|-boost|p1a: Serperior|spa|2
|
|-heal|p1a: Serperior|32/100|[from] item: Leftovers
|upkeep
|turn|18
|
|t:|1769306239
|move|p1a: Serperior|Substitute|p1a: Serperior
|-start|p1a: Serperior|Substitute
|-damage|p1a: Serperior|8/100
|move|p2a: Haxorus|Scale Shot|p1a: Serperior|[miss]
|-miss|p2a: Haxorus|p1a: Serperior
|
|-heal|p1a: Serperior|14/100|[from] item: Leftovers
|upkeep
|turn|19
|
|t:|1769306245
|move|p1a: Serperior|Leech Seed|p2a: Haxorus|[miss]
|-miss|p1a: Serperior|p2a: Haxorus
|move|p2a: Haxorus|Scale Shot|p1a: Serperior
|-activate|p1a: Serperior|move: Substitute|[damage]
|-end|p1a: Serperior|Substitute
|-damage|p1a: Serperior|0 fnt
|faint|p1a: Serperior
|-hitcount|p1: Serperior|3
|-unboost|p2a: Haxorus|def|1
|-boost|p2a: Haxorus|spe|1
|
|upkeep
|
|t:|1769306260
|switch|p1a: Dragapult|Dragapult, F|100/100
|-damage|p1a: Dragapult|88/100|[from] Stealth Rock
|turn|20
|
|t:|1769306265
|move|p2a: Haxorus|Scale Shot|p1a: Dragapult
|-supereffective|p1a: Dragapult
|-damage|p1a: Dragapult|52/100
|-supereffective|p1a: Dragapult
|-damage|p1a: Dragapult|20/100
|-supereffective|p1a: Dragapult
|-damage|p1a: Dragapult|0 fnt
|faint|p1a: Dragapult
|-hitcount|p1: Dragapult|3
|-unboost|p2a: Haxorus|def|1
|-boost|p2a: Haxorus|spe|1
|
|upkeep
|
|t:|1769306275
|switch|p1a: Great Tusk|Great Tusk|100/100
|-damage|p1a: Great Tusk|98/100|[from] Stealth Rock
|-enditem|p1a: Great Tusk|Booster Energy
|-activate|p1a: Great Tusk|ability: Protosynthesis|[fromitem]
|-start|p1a: Great Tusk|protosynthesisatk
|turn|21
|
|t:|1769306283
|move|p2a: Haxorus|Scale Shot|p1a: Great Tusk|[miss]
|-miss|p2a: Haxorus|p1a: Great Tusk
|move|p1a: Great Tusk|Ice Spinner|p2a: Haxorus
|-supereffective|p2a: Haxorus
|-damage|p2a: Haxorus|0 fnt
|faint|p2a: Haxorus
|
|upkeep
|
|t:|1769306289
|switch|p2a: Vaporeon|Vaporeon, F|100/100
|turn|22
|
|t:|1769306301
|move|p1a: Great Tusk|Knock Off|p2a: Vaporeon
|-damage|p2a: Vaporeon|68/100
|-enditem|p2a: Vaporeon|Leftovers|[from] move: Knock Off|[of] p1a: Great Tusk
|move|p2a: Vaporeon|Scald|p1a: Great Tusk
|-supereffective|p1a: Great Tusk
|-damage|p1a: Great Tusk|11/100
|-status|p1a: Great Tusk|brn
|
|-damage|p1a: Great Tusk|5/100 brn|[from] brn
|upkeep
|turn|23
|
|t:|1769306313
|move|p1a: Great Tusk|Headlong Rush|p2a: Vaporeon
|-damage|p2a: Vaporeon|41/100
|-unboost|p1a: Great Tusk|def|1
|-unboost|p1a: Great Tusk|spd|1
|move|p2a: Vaporeon|Wish|p2a: Vaporeon
|
|-damage|p1a: Great Tusk|0 fnt|[from] brn
|faint|p1a: Great Tusk
|-end|p1a: Great Tusk|Protosynthesis|[silent]
|upkeep
|
|t:|1769306320
|switch|p1a: Typhlosion|Typhlosion-Hisui, F|100/100
|-damage|p1a: Typhlosion|76/100|[from] Stealth Rock
|turn|24
|
|t:|1769306331
|move|p2a: Vaporeon|Protect|p2a: Vaporeon
|-singleturn|p2a: Vaporeon|Protect
|move|p1a: Typhlosion|Infernal Parade|p2a: Vaporeon
|-activate|p2a: Vaporeon|move: Protect
|
|-heal|p2a: Vaporeon|91/100|[from] move: Wish|[wisher] Vaporeon
|upkeep
|turn|25
|-message|gdfuture forfeited.
|
|win|Cour3tro
|raw|gdfuture's rating: 1032 &rarr; <strong>1019</strong><br />(-13 for losing)
|raw|Cour3tro's rating: 1071 &rarr; <strong>1097</strong><br />(+26 for winning)
|l|☆gdfuture
|player|p1|
