|j|☆jweon
|j|☆key2saucyy
|t:|1769363009
|gametype|singles
|player|p1|jweon|101|1047
|player|p2|key2saucyy|sage|1053
|gen|9
|tier|[Gen 9] OU
|rated|
|rule|HP Percentage Mod: HP is shown in percentages
|rule|Endless Battle Clause: Forcing endless battles is banned
|rule|Species Clause: Limit one of each Pokémon
|rule|OHKO Clause: OHKO moves are banned
|rule|Evasion Items Clause: Evasion items are banned
|rule|Evasion Moves Clause: Evasion moves are banned
|rule|Evasion Abilities Clause: Evasion abilities are banned
|rule|Sleep Moves Clause: Sleep-inducing moves are banned
|clearpoke
|poke|p1|Dragapult, F|
|poke|p1|Alomomola, F|
|poke|p1|Ting-Lu|
|poke|p1|Kyurem|
|poke|p1|Weezing-Galar, F|
|poke|p1|Corviknight, F|
|poke|p2|Forretress, M|
|poke|p2|Sandy Shocks|
|poke|p2|Blastoise, M|
|poke|p2|Moltres|
|poke|p2|Sylveon, F|
|poke|p2|Scrafty, M|
|teampreview
|inactive|Battle timer is ON: inactive players will automatically lose when time's up. (requested by jweon)
|inactive|key2saucyy also wants the timer to be on.
|inactive|jweon has 120 seconds left.
|
|t:|1769363044
|teamsize|p1|6
|teamsize|p2|6
|start
|switch|p1a: Weezing|Weezing-Galar, F|100/100
|switch|p2a: Forretress|Forretress, M, shiny|100/100
|-ability|p1a: Weezing|Neutralizing Gas
|turn|1
|
|t:|1769363055
|move|p1a: Weezing|Will-O-Wisp|p2a: Forretress
|-status|p2a: Forretress|brn
|move|p2a: Forretress|Light Screen|p2a: Forretress
|-sidestart|p2: key2saucyy|move: Light Screen
|
|-damage|p2a: Forretress|94/100 brn|[from] brn
|upkeep
|turn|2
|
|t:|1769363067
|-end|p1a: Weezing|ability: Neutralizing Gas
|switch|p1a: Corviknight|Corviknight, F|100/100
|-ability|p1a: Corviknight|Pressure
|move|p2a: Forretress|Toxic Spikes|p1a: Corviknight
|-sidestart|p1: jweon|move: Toxic Spikes
|
|-damage|p2a: Forretress|88/100 brn|[from] brn
|upkeep
|turn|3
|
|t:|1769363079
|switch|p2a: Moltres|Moltres, shiny|100/100
|move|p1a: Corviknight|Brave Bird|p2a: Moltres
|-damage|p2a: Moltres|75/100
|-damage|p1a: Corviknight|84/100|[from] item: Rocky Helmet|[of] p2a: Moltres
|-damage|p1a: Corviknight|76/100|[from] Recoil
|
|-heal|p1a: Corviknight|82/100|[from] item: Leftovers
|upkeep
|turn|4
|
|t:|1769363096
|move|p2a: Moltres|Flamethrower|p1a: Corviknight
|-supereffective|p1a: Corviknight
|-damage|p1a: Corviknight|30/100
|move|p1a: Corviknight|Defog|p2a: Moltres
|-unboost|p2a: Moltres|evasion|1
|-sideend|p2: key2saucyy|move: Light Screen
|-sideend|p1: jweon|Toxic Spikes|[from] move: Defog|[of] p1a: Corviknight
|
|-heal|p1a: Corviknight|37/100|[from] item: Leftovers
|upkeep
|turn|5
|
|t:|1769363105
|switch|p1a: Fogbound Lake|Alomomola, F|100/100
|move|p2a: Moltres|Roost|p2a: Moltres
|-heal|p2a: Moltres|100/100
|-singleturn|p2a: Moltres|move: Roost
|
|upkeep
|turn|6
|
|t:|1769363136
|switch|p2a: Sylveon|Sylveon, F, shiny|100/100
|move|p1a: Fogbound Lake|Tickle|p2a: Sylveon
|-unboost|p2a: Sylveon|atk|1
|-unboost|p2a: Sylveon|def|1
|
|upkeep
|turn|7
|
|t:|1769363149
|move|p2a: Sylveon|Draining Kiss|p1a: Fogbound Lake
|-damage|p1a: Fogbound Lake|74/100
|-damage|p2a: Sylveon|84/100|[from] item: Rocky Helmet|[of] p1a: Fogbound Lake
|move|p1a: Fogbound Lake|Flip Turn|p2a: Sylveon
|-damage|p2a: Sylveon|56/100
|
|t:|1769363163
|switch|p1a: Weezing|Weezing-Galar, F|100/100|[from] Flip Turn
|-ability|p1a: Weezing|Neutralizing Gas
|
|upkeep
|turn|8
|
|t:|1769363172
|move|p2a: Sylveon|Protect|p2a: Sylveon
|-singleturn|p2a: Sylveon|Protect
|move|p1a: Weezing|Toxic|p2a: Sylveon
|-activate|p2a: Sylveon|move: Protect
|
|upkeep
|turn|9
|
|t:|1769363181
|switch|p2a: Forretress|Forretress, M, shiny|88/100 brn
|move|p1a: Weezing|Toxic||[still]
|-fail|p1a: Weezing
|
|-damage|p2a: Forretress|82/100 brn|[from] brn
|upkeep
|turn|10
|
|t:|1769363190
|-end|p1a: Weezing|ability: Neutralizing Gas
|switch|p1a: Corviknight|Corviknight, F|37/100
|-ability|p1a: Corviknight|Pressure
|move|p2a: Forretress|Light Screen|p2a: Forretress
|-sidestart|p2: key2saucyy|move: Light Screen
|
|-heal|p1a: Corviknight|43/100|[from] item: Leftovers
|-damage|p2a: Forretress|76/100 brn|[from] brn
|upkeep
|turn|11
|l|☆key2saucyy
|inactive|key2saucyy disconnected and has a minute to reconnect!
|player|p2|
|j|☆key2saucyy
|inactive|key2saucyy reconnected and has 105 seconds left.
|player|p2|key2saucyy|sage|
|
|t:|1769363240
|switch|p2a: Moltres|Moltres, shiny|100/100
|move|p1a: Corviknight|Roost|p1a: Corviknight
|-heal|p1a: Corviknight|93/100
|-singleturn|p1a: Corviknight|move: Roost
|
|-heal|p1a: Corviknight|99/100|[from] item: Leftovers
|upkeep
|turn|12
|inactive|jweon has 120 seconds left.
|
|t:|1769363279
|switch|p1a: Ting-Lu|Ting-Lu|100/100
|-ability|p1a: Ting-Lu|Vessel of Ruin
|move|p2a: Moltres|Will-O-Wisp|p1a: Ting-Lu
|-status|p1a: Ting-Lu|brn
|
|-damage|p1a: Ting-Lu|94/100 brn|[from] brn
|upkeep
|turn|13
|inactive|jweon has 120 seconds left.
|
|t:|1769363306
|switch|p2a: Sylveon|Sylveon, F, shiny|56/100
|move|p1a: Ting-Lu|Ruination|p2a: Sylveon
|-damage|p2a: Sylveon|28/100
|
|-heal|p1a: Ting-Lu|100/100 brn|[from] item: Leftovers
|-damage|p1a: Ting-Lu|94/100 brn|[from] brn
|upkeep
|turn|14
|
|t:|1769363331
|switch|p1a: Corviknight|Corviknight, F|99/100
|-ability|p1a: Corviknight|Pressure
|move|p2a: Sylveon|Wish|p2a: Sylveon
|
|-heal|p1a: Corviknight|100/100|[from] item: Leftovers
|upkeep
|turn|15
|
|t:|1769363340
|move|p2a: Sylveon|Protect|p2a: Sylveon
|-singleturn|p2a: Sylveon|Protect
|move|p1a: Corviknight|Defog|p2a: Sylveon
|-activate|p2a: Sylveon|move: Protect
|
|-heal|p2a: Sylveon|78/100|[from] move: Wish|[wisher] Sylveon
|upkeep
|turn|16
|
|t:|1769363354
|move|p2a: Sylveon|Shadow Ball|p1a: Corviknight
|-damage|p1a: Corviknight|83/100
|move|p1a: Corviknight|Brave Bird|p2a: Sylveon
|-crit|p2a: Sylveon
|-damage|p2a: Sylveon|8/100
|-damage|p1a: Corviknight|60/100|[from] Recoil
|
|-heal|p1a: Corviknight|66/100|[from] item: Leftovers
|upkeep
|turn|17
|inactive|key2saucyy has 120 seconds left.
|
|t:|1769363367
|switch|p2a: Moltres|Moltres, shiny|100/100
|move|p1a: Corviknight|Roost|p1a: Corviknight
|-heal|p1a: Corviknight|100/100
|-singleturn|p1a: Corviknight|move: Roost
|
|-sideend|p2: key2saucyy|move: Light Screen
|upkeep
|turn|18
|
|t:|1769363377
|switch|p1a: Weezing|Weezing-Galar, F|100/100
|-ability|p1a: Weezing|Neutralizing Gas
|move|p2a: Moltres|Flamethrower|p1a: Weezing
|-damage|p1a: Weezing|46/100
|
|-heal|p1a: Weezing|52/100|[from] item: Leftovers
|upkeep
|turn|19
|
|t:|1769363386
|move|p1a: Weezing|Protect|p1a: Weezing
|-singleturn|p1a: Weezing|Protect
|move|p2a: Moltres|Flamethrower|p1a: Weezing
|-activate|p1a: Weezing|move: Protect
|
|-heal|p1a: Weezing|58/100|[from] item: Leftovers
|upkeep
|turn|20
|
|t:|1769363402
|switch|p2a: Forretress|Forretress, M, shiny|76/100 brn
|move|p1a: Weezing|Toxic||[still]
|-fail|p1a: Weezing
|
|-heal|p1a: Weezing|64/100|[from] item: Leftovers
|-damage|p2a: Forretress|69/100 brn|[from] brn
|upkeep
|turn|21
|
|t:|1769363420
|-end|p1a: Weezing|ability: Neutralizing Gas
|switch|p1a: Corviknight|Corviknight, F|100/100
|-ability|p1a: Corviknight|Pressure
|move|p2a: Forretress|Reflect|p2a: Forretress
|-sidestart|p2: key2saucyy|Reflect
|
|-damage|p2a: Forretress|63/100 brn|[from] brn
|upkeep
|turn|22
|
|t:|1769363428
|switch|p2a: Moltres|Moltres, shiny|100/100
|move|p1a: Corviknight|Defog|p2a: Moltres
|-unboost|p2a: Moltres|evasion|1
|-sideend|p2: key2saucyy|Reflect
|
|upkeep
|turn|23
|
|t:|1769363441
|switch|p1a: Fogbound Lake|Alomomola, F|100/100
|move|p2a: Moltres|Flamethrower|p1a: Fogbound Lake
|-resisted|p1a: Fogbound Lake
|-damage|p1a: Fogbound Lake|80/100
|-status|p1a: Fogbound Lake|brn
|
|-damage|p1a: Fogbound Lake|74/100 brn|[from] brn
|upkeep
|turn|24
|
|t:|1769363458
|move|p2a: Moltres|Air Slash|p1a: Fogbound Lake
|-damage|p1a: Fogbound Lake|37/100 brn
|move|p1a: Fogbound Lake|Wish|p1a: Fogbound Lake
|
|-damage|p1a: Fogbound Lake|31/100 brn|[from] brn
|upkeep
|turn|25
|
|t:|1769363464
|move|p1a: Fogbound Lake|Protect|p1a: Fogbound Lake
|-singleturn|p1a: Fogbound Lake|Protect
|move|p2a: Moltres|Air Slash|p1a: Fogbound Lake
|-activate|p1a: Fogbound Lake|move: Protect
|
|-heal|p1a: Fogbound Lake|81/100 brn|[from] move: Wish|[wisher] Fogbound Lake
|-damage|p1a: Fogbound Lake|74/100 brn|[from] brn
|upkeep
|turn|26
|
|t:|1769363473
|move|p2a: Moltres|Air Slash|p1a: Fogbound Lake
|-damage|p1a: Fogbound Lake|35/100 brn
|move|p1a: Fogbound Lake|Flip Turn|p2a: Moltres
|-supereffective|p2a: Moltres
|-damage|p2a: Moltres|90/100
|-damage|p1a: Fogbound Lake|18/100 brn|[from] item: Rocky Helmet|[of] p2a: Moltres
|inactive|jweon has 90 seconds left.
|
|t:|1769363509
|switch|p1a: Ting-Lu|Ting-Lu|94/100 brn|[from] Flip Turn
|-ability|p1a: Ting-Lu|Vessel of Ruin
|
|-heal|p1a: Ting-Lu|100/100 brn|[from] item: Leftovers
|-damage|p1a: Ting-Lu|94/100 brn|[from] brn
|upkeep
|turn|27
|inactive|jweon has 90 seconds left.
|
|t:|1769363521
|switch|p2a: Forretress|Forretress, M, shiny|63/100 brn
|move|p1a: Ting-Lu|Ruination|p2a: Forretress
|-damage|p2a: Forretress|32/100 brn
|
|-heal|p1a: Ting-Lu|100/100 brn|[from] item: Leftovers
|-damage|p1a: Ting-Lu|94/100 brn|[from] brn
|-damage|p2a: Forretress|26/100 brn|[from] brn
|upkeep
|turn|28
|inactive|jweon has 90 seconds left.
|
|t:|1769363541
|move|p1a: Ting-Lu|Stealth Rock|p2a: Forretress
|-sidestart|p2: key2saucyy|move: Stealth Rock
|move|p2a: Forretress|Reflect|p2a: Forretress
|-sidestart|p2: key2saucyy|Reflect
|
|-heal|p1a: Ting-Lu|100/100 brn|[from] item: Leftovers
|-damage|p1a: Ting-Lu|94/100 brn|[from] brn
|-damage|p2a: Forretress|19/100 brn|[from] brn
|upkeep
|turn|29
|
|t:|1769363548
|move|p1a: Ting-Lu|Rest|p1a: Ting-Lu
|-status|p1a: Ting-Lu|slp|[from] move: Rest
|-heal|p1a: Ting-Lu|100/100 slp|[silent]
|move|p2a: Forretress|Rapid Spin|p1a: Ting-Lu
|-damage|p1a: Ting-Lu|98/100 slp
|-boost|p2a: Forretress|spe|1
|-sideend|p2: key2saucyy|Stealth Rock|[from] move: Rapid Spin|[of] p2a: Forretress
|
|-heal|p1a: Ting-Lu|100/100 slp|[from] item: Leftovers
|-damage|p2a: Forretress|13/100 brn|[from] brn
|upkeep
|turn|30
|
|t:|1769363560
|switch|p2a: Blastoise|Blastoise, M, shiny|100/100
|cant|p1a: Ting-Lu|slp
|
|upkeep
|turn|31
|
|t:|1769363571
|move|p2a: Blastoise|Shell Smash|p2a: Blastoise
|-unboost|p2a: Blastoise|def|1
|-unboost|p2a: Blastoise|spd|1
|-boost|p2a: Blastoise|atk|2
|-boost|p2a: Blastoise|spa|2
|-boost|p2a: Blastoise|spe|2
|-enditem|p2a: Blastoise|White Herb
|-clearnegativeboost|p2a: Blastoise|[silent]
|cant|p1a: Ting-Lu|slp
|
|upkeep
|turn|32
|inactive|jweon has 90 seconds left.
|
|t:|1769363586
|move|p2a: Blastoise|Shell Smash|p2a: Blastoise
|-unboost|p2a: Blastoise|def|1
|-unboost|p2a: Blastoise|spd|1
|-boost|p2a: Blastoise|atk|2
|-boost|p2a: Blastoise|spa|2
|-boost|p2a: Blastoise|spe|2
|-curestatus|p1a: Ting-Lu|slp|[msg]
|move|p1a: Ting-Lu|Ruination|p2a: Blastoise
|-damage|p2a: Blastoise|50/100
|
|upkeep
|turn|33
|inactive|jweon has 90 seconds left.
|
|t:|1769363607
|move|p2a: Blastoise|Liquidation|p1a: Ting-Lu
|-supereffective|p1a: Ting-Lu
|-damage|p1a: Ting-Lu|0 fnt
|faint|p1a: Ting-Lu
|
|upkeep
|
|t:|1769363621
|switch|p1a: Moody Blues|Dragapult, F|100/100
|turn|34
|
|t:|1769363634
|-terastallize|p1a: Moody Blues|Ghost
|move|p2a: Blastoise|Ice Spinner|p1a: Moody Blues
|-damage|p1a: Moody Blues|11/100
|move|p1a: Moody Blues|Tera Blast|p2a: Blastoise|[anim] Tera Blast Ghost
|-damage|p2a: Blastoise|0 fnt
|faint|p2a: Blastoise
|
|upkeep
|inactive|key2saucyy has 120 seconds left.
|
|t:|1769363676
|switch|p2a: Sandy Shocks|Sandy Shocks, shiny|100/100
|-enditem|p2a: Sandy Shocks|Booster Energy
|-activate|p2a: Sandy Shocks|ability: Protosynthesis|[fromitem]
|-start|p2a: Sandy Shocks|protosynthesisspe
|turn|35
|inactive|key2saucyy has 120 seconds left.
|
|t:|1769363693
|switch|p1a: Tiffany BlueStones|Kyurem, shiny|100/100
|-ability|p1a: Tiffany BlueStones|Pressure
|move|p2a: Sandy Shocks|Thunderbolt|p1a: Tiffany BlueStones
|-resisted|p1a: Tiffany BlueStones
|-crit|p1a: Tiffany BlueStones
|-damage|p1a: Tiffany BlueStones|70/100
|
|-heal|p1a: Tiffany BlueStones|76/100|[from] item: Leftovers
|-sideend|p2: key2saucyy|Reflect
|upkeep
|turn|36
|inactive|key2saucyy has 120 seconds left.
|inactive|jweon has 60 seconds left.
|
|t:|1769363735
|move|p2a: Sandy Shocks|Power Gem|p1a: Tiffany BlueStones
|-supereffective|p1a: Tiffany BlueStones
|-damage|p1a: Tiffany BlueStones|24/100
|move|p1a: Tiffany BlueStones|Freeze-Dry|p2a: Sandy Shocks
|-supereffective|p2a: Sandy Shocks
|-crit|p2a: Sandy Shocks
|-damage|p2a: Sandy Shocks|0 fnt
|faint|p2a: Sandy Shocks
|-end|p2a: Sandy Shocks|Protosynthesis|[silent]
|
|-heal|p1a: Tiffany BlueStones|30/100|[from] item: Leftovers
|upkeep
|
|t:|1769363757
|switch|p2a: Sylveon|Sylveon, F, shiny|8/100
|turn|37
|inactive|jweon has 30 seconds left.
|
|t:|1769363788
|move|p1a: Tiffany BlueStones|Substitute|p1a: Tiffany BlueStones
|-start|p1a: Tiffany BlueStones|Substitute
|-damage|p1a: Tiffany BlueStones|5/100
|move|p2a: Sylveon|Draining Kiss|p1a: Tiffany BlueStones
|-supereffective|p1a: Tiffany BlueStones
|-end|p1a: Tiffany BlueStones|Substitute
|-heal|p2a: Sylveon|32/100|[from] drain|[of] p1a: Tiffany BlueStones
|
|-heal|p1a: Tiffany BlueStones|11/100|[from] item: Leftovers
|upkeep
|turn|38
|inactive|key2saucyy has 90 seconds left.
|l|☆key2saucyy
|inactive|key2saucyy disconnected and has a minute to reconnect!
|player|p2|
|inactive|key2saucyy has 30 seconds to reconnect!
|j|☆key2saucyy
|inactive|key2saucyy reconnected and has 60 seconds left.
|player|p2|key2saucyy|sage|
|
|t:|1769363869
|move|p1a: Tiffany BlueStones|Flash Cannon|p2a: Sylveon
|-supereffective|p2a: Sylveon
|-damage|p2a: Sylveon|0 fnt
|faint|p2a: Sylveon
|
|-heal|p1a: Tiffany BlueStones|18/100|[from] item: Leftovers
|upkeep
|inactive|key2saucyy has 30 seconds left.
|
|t:|1769363881
|switch|p2a: Scrafty|Scrafty, M, shiny|100/100
|turn|39
|
|t:|1769363896
|switch|p1a: Moody Blues|Dragapult, F, tera:Ghost|11/100
|move|p2a: Scrafty|Fake Out|p1a: Moody Blues
|-immune|p1a: Moody Blues
|
|upkeep
|turn|40
|
|t:|1769363915
|switch|p2a: Forretress|Forretress, M, shiny|13/100 brn
|move|p1a: Moody Blues|Dragon Darts|p2a: Forretress
|-resisted|p2a: Forretress
|-damage|p2a: Forretress|0 fnt
|faint|p2a: Forretress
|
|upkeep
|inactive|key2saucyy has 30 seconds left.
|
|t:|1769363934
|switch|p2a: Moltres|Moltres, shiny|90/100
|turn|41
|inactive|key2saucyy has 30 seconds left.
|
|t:|1769363946
|move|p1a: Moody Blues|Dragon Darts|p2a: Moltres
|-damage|p2a: Moltres|65/100
|-anim|p1a: Moody Blues|Dragon Darts|p2a: Moltres
|-damage|p2a: Moltres|41/100
|move|p2a: Moltres|Flamethrower|p1a: Moody Blues
|-damage|p1a: Moody Blues|0 fnt
|faint|p1a: Moody Blues
|
|upkeep
|
|t:|1769363958
|switch|p1a: Tiffany BlueStones|Kyurem, shiny|18/100
|-ability|p1a: Tiffany BlueStones|Pressure
|turn|42
|
|t:|1769363972
|move|p1a: Tiffany BlueStones|Freeze-Dry|p2a: Moltres
|-damage|p2a: Moltres|6/100
|move|p2a: Moltres|Roost|p2a: Moltres
|-heal|p2a: Moltres|56/100
|-singleturn|p2a: Moltres|move: Roost
|
|-heal|p1a: Tiffany BlueStones|24/100|[from] item: Leftovers
|upkeep
|turn|43
|
|t:|1769363986
|switch|p1a: Fogbound Lake|Alomomola, F|52/100 brn
|move|p2a: Moltres|Flamethrower|p1a: Fogbound Lake
|-resisted|p1a: Fogbound Lake
|-damage|p1a: Fogbound Lake|31/100 brn
|
|-damage|p1a: Fogbound Lake|25/100 brn|[from] brn
|upkeep
|turn|44
|
|t:|1769363995
|move|p1a: Fogbound Lake|Protect|p1a: Fogbound Lake
|-singleturn|p1a: Fogbound Lake|Protect
|move|p2a: Moltres|Roost|p2a: Moltres
|-heal|p2a: Moltres|100/100
|-singleturn|p2a: Moltres|move: Roost
|
|-damage|p1a: Fogbound Lake|19/100 brn|[from] brn
|upkeep
|turn|45
|
|t:|1769364008
|move|p2a: Moltres|Flamethrower|p1a: Fogbound Lake
|-resisted|p1a: Fogbound Lake
|-damage|p1a: Fogbound Lake|0 fnt
|faint|p1a: Fogbound Lake
|
|upkeep
|
|t:|1769364011
|switch|p1a: Weezing|Weezing-Galar, F|64/100
|-ability|p1a: Weezing|Neutralizing Gas
|turn|46
|inactive|key2saucyy has 60 seconds left.
|
|t:|1769364022
|move|p2a: Moltres|Flamethrower|p1a: Weezing
|-damage|p1a: Weezing|14/100
|move|p1a: Weezing|Toxic|p2a: Moltres
|-status|p2a: Moltres|tox
|
|-heal|p1a: Weezing|20/100|[from] item: Leftovers
|-damage|p2a: Moltres|94/100 tox|[from] psn
|upkeep
|turn|47
|inactive|jweon has 60 seconds left.
|inactive|key2saucyy has 60 seconds left.
|
|t:|1769364030
|move|p1a: Weezing|Protect|p1a: Weezing
|-singleturn|p1a: Weezing|Protect
|move|p2a: Moltres|Flamethrower|p1a: Weezing
|-activate|p1a: Weezing|move: Protect
|
|-heal|p1a: Weezing|26/100|[from] item: Leftovers
|-damage|p2a: Moltres|82/100 tox|[from] psn
|upkeep
|turn|48
|
|t:|1769364039
|-end|p1a: Weezing|ability: Neutralizing Gas
|switch|p1a: Corviknight|Corviknight, F|100/100
|-ability|p1a: Corviknight|Pressure
|move|p2a: Moltres|Flamethrower|p1a: Corviknight
|-supereffective|p1a: Corviknight
|-damage|p1a: Corviknight|47/100
|
|-heal|p1a: Corviknight|54/100|[from] item: Leftovers
|-damage|p2a: Moltres|63/100 tox|[from] psn
|upkeep
|turn|49
|inactive|jweon has 60 seconds left.
|
|t:|1769364057
|switch|p2a: Scrafty|Scrafty, M, shiny|100/100
|move|p1a: Corviknight|Roost|p1a: Corviknight
|-heal|p1a: Corviknight|100/100
|-singleturn|p1a: Corviknight|move: Roost
|
|upkeep
|turn|50
|inactive|jweon has 60 seconds left.
|
|t:|1769364069
|switch|p1a: Tiffany BlueStones|Kyurem, shiny|24/100
|-ability|p1a: Tiffany BlueStones|Pressure
|move|p2a: Scrafty|Fake Out|p1a: Tiffany BlueStones
|-damage|p1a: Tiffany BlueStones|16/100
|
|-heal|p1a: Tiffany BlueStones|22/100|[from] item: Leftovers
|upkeep
|turn|51
|inactive|jweon has 60 seconds left.
|inactive|key2saucyy has 60 seconds left.
|
|t:|1769364091
|move|p1a: Tiffany BlueStones|Freeze-Dry|p2a: Scrafty
|-crit|p2a: Scrafty
|-damage|p2a: Scrafty|54/100
|move|p2a: Scrafty|Dragon Dance|p2a: Scrafty
|-boost|p2a: Scrafty|atk|1
|-boost|p2a: Scrafty|spe|1
|
|-heal|p1a: Tiffany BlueStones|28/100|[from] item: Leftovers
|-heal|p2a: Scrafty|60/100|[from] item: Leftovers
|upkeep
|turn|52
|inactive|jweon has 60 seconds left.
|
|t:|1769364099
|move|p1a: Tiffany BlueStones|Substitute|p1a: Tiffany BlueStones
|-start|p1a: Tiffany BlueStones|Substitute
|-damage|p1a: Tiffany BlueStones|4/100
|move|p2a: Scrafty|Drain Punch|p1a: Tiffany BlueStones
|-supereffective|p1a: Tiffany BlueStones
|-end|p1a: Tiffany BlueStones|Substitute
|-heal|p2a: Scrafty|75/100|[from] drain|[of] p1a: Tiffany BlueStones
|
|-heal|p1a: Tiffany BlueStones|10/100|[from] item: Leftovers
|-heal|p2a: Scrafty|81/100|[from] item: Leftovers
|upkeep
|turn|53
|
|t:|1769364110
|move|p1a: Tiffany BlueStones|Freeze-Dry|p2a: Scrafty
|-damage|p2a: Scrafty|50/100
|-status|p2a: Scrafty|frz
|cant|p2a: Scrafty|frz
|
|-heal|p1a: Tiffany BlueStones|16/100|[from] item: Leftovers
|-activate|p2a: Scrafty|ability: Shed Skin
|-curestatus|p2a: Scrafty|frz|[msg]
|-heal|p2a: Scrafty|56/100|[from] item: Leftovers
|upkeep
|turn|54
|
|t:|1769364118
|move|p1a: Tiffany BlueStones|Freeze-Dry|p2a: Scrafty
|-crit|p2a: Scrafty
|-damage|p2a: Scrafty|10/100
|move|p2a: Scrafty|Knock Off|p1a: Tiffany BlueStones
|-damage|p1a: Tiffany BlueStones|0 fnt
|-enditem|p1a: Tiffany BlueStones|Leftovers|[from] move: Knock Off|[of] p2a: Scrafty
|faint|p1a: Tiffany BlueStones
|
|-heal|p2a: Scrafty|16/100|[from] item: Leftovers
|upkeep
|
|t:|1769364128
|switch|p1a: Corviknight|Corviknight, F|100/100
|-ability|p1a: Corviknight|Pressure
|turn|55
|c|☆jweon|idk how im getting so ucky with these crits
|
|t:|1769364139
|switch|p2a: Moltres|Moltres, shiny|63/100 tox
|move|p1a: Corviknight|Brave Bird|p2a: Moltres
|-damage|p2a: Moltres|36/100 tox
|-damage|p1a: Corviknight|84/100|[from] item: Rocky Helmet|[of] p2a: Moltres
|-status|p1a: Corviknight|brn|[from] ability: Flame Body|[of] p2a: Moltres
|-damage|p1a: Corviknight|75/100 brn|[from] Recoil
|
|-heal|p1a: Corviknight|82/100 brn|[from] item: Leftovers
|-damage|p2a: Moltres|30/100 tox|[from] psn
|-damage|p1a: Corviknight|75/100 brn|[from] brn
|upkeep
|turn|56
|
|t:|1769364152
|move|p2a: Moltres|Roost|p2a: Moltres
|-heal|p2a: Moltres|80/100 tox
|-singleturn|p2a: Moltres|move: Roost
|move|p1a: Corviknight|Roost|p1a: Corviknight
|-heal|p1a: Corviknight|100/100 brn
|-singleturn|p1a: Corviknight|move: Roost
|
|-damage|p2a: Moltres|68/100 tox|[from] psn
|-damage|p1a: Corviknight|94/100 brn|[from] brn
|upkeep
|turn|57
|inactive|key2saucyy has 90 seconds left.
|
|t:|1769364164
|move|p2a: Moltres|Flamethrower|p1a: Corviknight
|-supereffective|p1a: Corviknight
|-damage|p1a: Corviknight|45/100 brn
|move|p1a: Corviknight|U-turn|p2a: Moltres
|-resisted|p2a: Moltres
|-damage|p2a: Moltres|67/100 tox
|-damage|p1a: Corviknight|28/100 brn|[from] item: Rocky Helmet|[of] p2a: Moltres
|
|t:|1769364171
|switch|p1a: Weezing|Weezing-Galar, F|26/100|[from] U-turn
|-ability|p1a: Weezing|Neutralizing Gas
|
|-heal|p1a: Weezing|32/100|[from] item: Leftovers
|-damage|p2a: Moltres|48/100 tox|[from] psn
|upkeep
|turn|58
|
|t:|1769364179
|-end|p1a: Weezing|ability: Neutralizing Gas
|switch|p1a: Corviknight|Corviknight, F|28/100 brn
|-ability|p1a: Corviknight|Pressure
|move|p2a: Moltres|Air Slash|p1a: Corviknight
|-resisted|p1a: Corviknight
|-damage|p1a: Corviknight|18/100 brn
|
|-heal|p1a: Corviknight|24/100 brn|[from] item: Leftovers
|-damage|p2a: Moltres|23/100 tox|[from] psn
|-damage|p1a: Corviknight|18/100 brn|[from] brn
|upkeep
|turn|59
|inactive|jweon has 90 seconds left.
|
|t:|1769364191
|move|p2a: Moltres|Flamethrower|p1a: Corviknight
|-supereffective|p1a: Corviknight
|-damage|p1a: Corviknight|0 fnt
|faint|p1a: Corviknight
|
|-damage|p2a: Moltres|0 fnt|[from] psn
|faint|p2a: Moltres
|upkeep
|
|t:|1769364194
|switch|p2a: Scrafty|Scrafty, M, shiny|16/100
|switch|p1a: Weezing|Weezing-Galar, F|32/100
|-ability|p1a: Weezing|Neutralizing Gas
|turn|60
|
|t:|1769364203
|move|p1a: Weezing|Protect|p1a: Weezing
|-singleturn|p1a: Weezing|Protect
|move|p2a: Scrafty|Fake Out|p1a: Weezing
|-activate|p1a: Weezing|move: Protect
|
|-heal|p1a: Weezing|38/100|[from] item: Leftovers
|-heal|p2a: Scrafty|22/100|[from] item: Leftovers
|upkeep
|turn|61
|
|t:|1769364210
|-terastallize|p2a: Scrafty|Dark
|move|p2a: Scrafty|Knock Off|p1a: Weezing
|-resisted|p1a: Weezing
|-damage|p1a: Weezing|22/100
|-enditem|p1a: Weezing|Leftovers|[from] move: Knock Off|[of] p2a: Scrafty
|move|p1a: Weezing|Toxic|p2a: Scrafty
|-status|p2a: Scrafty|tox
|
|-heal|p2a: Scrafty|28/100 tox|[from] item: Leftovers
|-damage|p2a: Scrafty|22/100 tox|[from] psn
|upkeep
|turn|62
|inactive|key2saucyy has 120 seconds left.
|
|t:|1769364222
|move|p1a: Weezing|Protect|p1a: Weezing
|-singleturn|p1a: Weezing|Protect
|move|p2a: Scrafty|Dragon Dance|p2a: Scrafty
|-boost|p2a: Scrafty|atk|1
|-boost|p2a: Scrafty|spe|1
|
|-heal|p2a: Scrafty|28/100 tox|[from] item: Leftovers
|-damage|p2a: Scrafty|16/100 tox|[from] psn
|upkeep
|turn|63
|c|☆jweon|wow
|inactive|jweon has 120 seconds left.
|
|t:|1769364234
|move|p1a: Weezing|Protect||[still]
|-fail|p1a: Weezing
|move|p2a: Scrafty|Drain Punch|p1a: Weezing
|-resisted|p1a: Weezing
|-damage|p1a: Weezing|15/100
|-heal|p2a: Scrafty|20/100 tox|[from] drain|[of] p1a: Weezing
|
|-heal|p2a: Scrafty|26/100 tox|[from] item: Leftovers
|-damage|p2a: Scrafty|8/100 tox|[from] psn
|upkeep
|turn|64
|inactive|jweon has 120 seconds left.
|c|☆jweon|no shot
|c|☆jweon|why would you do that
|
|t:|1769364251
|move|p1a: Weezing|Protect|p1a: Weezing
|-singleturn|p1a: Weezing|Protect
|move|p2a: Scrafty|Knock Off|p1a: Weezing
|-activate|p1a: Weezing|move: Protect
|
|-heal|p2a: Scrafty|14/100 tox|[from] item: Leftovers
|-damage|p2a: Scrafty|0 fnt|[from] psn
|faint|p2a: Scrafty
|
|win|jweon
|raw|jweon's rating: 1047 &rarr; <strong>1081</strong><br />(+34 for winning)
|raw|key2saucyy's rating: 1053 &rarr; <strong>1035</strong><br />(-18 for losing)
