|j|☆Galarapio
|j|☆esta man oe
|t:|1769439331
|gametype|singles
|player|p1|Galarapio|2|1123
|player|p2|esta man oe|preschooler|1133
|gen|9
|tier|[Gen 9] OU
|rated|
|rule|HP Percentage Mod: HP is shown in percentages
|rule|Endless Battle Clause: Forcing endless battles is banned
|rule|Species Clause: Limit one of each Pokémon
|rule|OHKO Clause: OHKO moves are banned
|rule|Evasion Items Clause: Evasion items are banned
|rule|Evasion Moves Clause: Evasion moves are banned
|rule|Evasion Abilities Clause: Evasion abilities are banned
|rule|Sleep Moves Clause: Sleep-inducing moves are banned
|clearpoke
|poke|p1|Araquanid, F|
|poke|p1|Serperior, F|
|poke|p1|Gholdengo|
|poke|p1|Enamorus, F|
|poke|p1|Cinderace, M|
|poke|p1|Dusclops, F|
|poke|p2|Hatterene, F|
|poke|p2|Slowking-Galar, M|
|poke|p2|Araquanid, M|
|poke|p2|Kingambit, M|
|poke|p2|Deoxys-Defense|
|poke|p2|Hoopa-Unbound|
|teampreview
|inactive|Battle timer is ON: inactive players will automatically lose when time's up. (requested by esta man oe)
|inactive|Galarapio has 120 seconds left.
|inactive|Galarapio has 90 seconds left.
|
|t:|1769439413
|teamsize|p1|6
|teamsize|p2|6
|start
|switch|p1a: Cinderace|Cinderace, M|100/100
|switch|p2a: Araquanid|Araquanid, M|100/100
|turn|1
|
|t:|1769439416
|move|p1a: Cinderace|Pyro Ball|p2a: Araquanid
|-damage|p2a: Araquanid|69/100
|move|p2a: Araquanid|Liquidation|p1a: Cinderace
|-supereffective|p1a: Cinderace
|-damage|p1a: Cinderace|0 fnt
|faint|p1a: Cinderace
|
|upkeep
|
|t:|1769439424
|switch|p1a: Enamorus|Enamorus, F|100/100
|turn|2
|
|t:|1769439442
|move|p1a: Enamorus|Moonblast|p2a: Araquanid
|-damage|p2a: Araquanid|7/100
|move|p2a: Araquanid|Liquidation|p1a: Enamorus
|-damage|p1a: Enamorus|0 fnt
|faint|p1a: Enamorus
|
|upkeep
|
|t:|1769439451
|switch|p1a: Serperior|Serperior, F|100/100
|turn|3
|
|t:|1769439454
|switch|p2a: Deoxys|Deoxys-Defense|100/100
|-ability|p2a: Deoxys|Pressure
|move|p1a: Serperior|Leaf Storm|p2a: Deoxys
|-damage|p2a: Deoxys|61/100
|-boost|p1a: Serperior|spa|2
|
|upkeep
|turn|4
|
|t:|1769439462
|move|p1a: Serperior|Leaf Storm|p2a: Deoxys
|-damage|p2a: Deoxys|0 fnt
|-boost|p1a: Serperior|spa|2
|faint|p2a: Deoxys
|
|upkeep
|
|t:|1769439466
|switch|p2a: Hatterene|Hatterene, F, shiny|100/100
|turn|5
|
|t:|1769439469
|move|p1a: Serperior|Leaf Storm|p2a: Hatterene
|-enditem|p2a: Hatterene|Focus Sash
|-damage|p2a: Hatterene|1/100
|-boost|p1a: Serperior|spa|2
|move|p2a: Hatterene|Trick Room|p2a: Hatterene
|-fieldstart|move: Trick Room|[of] p2a: Hatterene
|
|upkeep
|turn|6
|
|t:|1769439480
|move|p2a: Hatterene|Healing Wish|p2a: Hatterene
|faint|p2a: Hatterene
|move|p1a: Serperior|Leaf Storm|p2: Hatterene|[notarget]
|-fail|p1a: Serperior
|
|upkeep
|
|t:|1769439487
|switch|p2a: Hoopa|Hoopa-Unbound|100/100
|turn|7
|
|t:|1769439491
|move|p2a: Hoopa|Hyperspace Fury|p1a: Serperior
|-damage|p1a: Serperior|0 fnt
|-unboost|p2a: Hoopa|def|1
|faint|p1a: Serperior
|-damage|p2a: Hoopa|91/100|[from] item: Life Orb
|
|upkeep
|
|t:|1769439503
|switch|p1a: Araquanid|Araquanid, F|100/100
|turn|8
|
|t:|1769439509
|move|p1a: Araquanid|Sticky Web|p2a: Hoopa
|-sidestart|p2: esta man oe|move: Sticky Web
|move|p2a: Hoopa|Substitute|p2a: Hoopa
|-start|p2a: Hoopa|Substitute
|-damage|p2a: Hoopa|66/100
|
|upkeep
|turn|9
|
|t:|1769439513
|move|p1a: Araquanid|Liquidation|p2a: Hoopa
|-end|p2a: Hoopa|Substitute
|move|p2a: Hoopa|Hyperspace Fury|p1a: Araquanid
|-damage|p1a: Araquanid|26/100
|-unboost|p2a: Hoopa|def|1
|-damage|p2a: Hoopa|56/100|[from] item: Life Orb
|
|-heal|p1a: Araquanid|33/100|[from] item: Leftovers
|-fieldend|move: Trick Room
|upkeep
|turn|10
|inactive|Galarapio has 120 seconds left.
|
|t:|1769439555
|move|p2a: Hoopa|Hyperspace Fury|p1a: Araquanid
|-damage|p1a: Araquanid|0 fnt
|-unboost|p2a: Hoopa|def|1
|faint|p1a: Araquanid
|-damage|p2a: Hoopa|46/100|[from] item: Life Orb
|
|upkeep
|
|t:|1769439570
|switch|p1a: Gholdengo|Gholdengo|100/100
|-item|p1a: Gholdengo|Air Balloon
|turn|11
|
|t:|1769439581
|switch|p2a: Kingambit|Kingambit, M|100/100
|-activate|p2a: Kingambit|move: Sticky Web
|-unboost|p2a: Kingambit|spe|1
|-activate|p2a: Kingambit|ability: Supreme Overlord
|-start|p2a: Kingambit|fallen2|[silent]
|move|p1a: Gholdengo|Shadow Ball|p2a: Kingambit
|-resisted|p2a: Kingambit
|-damage|p2a: Kingambit|76/100
|
|upkeep
|turn|12
|
|t:|1769439590
|-terastallize|p1a: Gholdengo|Steel
|move|p1a: Gholdengo|Nasty Plot|p1a: Gholdengo
|-boost|p1a: Gholdengo|spa|2
|move|p2a: Kingambit|Kowtow Cleave|p1a: Gholdengo
|-damage|p1a: Gholdengo|24/100
|-enditem|p1a: Gholdengo|Air Balloon
|
|upkeep
|turn|13
|
|t:|1769439599
|move|p1a: Gholdengo|Nasty Plot|p1a: Gholdengo
|-boost|p1a: Gholdengo|spa|2
|move|p2a: Kingambit|Kowtow Cleave|p1a: Gholdengo
|-damage|p1a: Gholdengo|0 fnt
|faint|p1a: Gholdengo
|
|upkeep
|-message|Galarapio forfeited.
|
|win|esta man oe
|raw|Galarapio's rating: 1123 &rarr; <strong>1099</strong><br />(-24 for losing)
|raw|esta man oe's rating: 1133 &rarr; <strong>1157</strong><br />(+24 for winning)
|l|☆Galarapio
|player|p1|
