|j|☆rekka auto
|j|☆chibi tanjiro
|t:|1769421099
|gametype|singles
|player|p1|rekka auto|drayden|1509
|player|p2|chibi tanjiro|2|1526
|gen|9
|tier|[Gen 9] OU
|rated|
|rule|HP Percentage Mod: HP is shown in percentages
|rule|Endless Battle Clause: Forcing endless battles is banned
|rule|Species Clause: Limit one of each Pokémon
|rule|OHKO Clause: OHKO moves are banned
|rule|Evasion Items Clause: Evasion items are banned
|rule|Evasion Moves Clause: Evasion moves are banned
|rule|Evasion Abilities Clause: Evasion abilities are banned
|rule|Sleep Moves Clause: Sleep-inducing moves are banned
|clearpoke
|poke|p1|Deoxys-Speed|
|poke|p1|Okidogi, M|
|poke|p1|Hatterene, F|
|poke|p1|Dragonite, M|
|poke|p1|Gholdengo|
|poke|p1|Rotom-Wash|
|poke|p2|Zarude-Dada|
|poke|p2|Samurott-Hisui, M|
|poke|p2|Pecharunt|
|poke|p2|Landorus-Therian, M|
|poke|p2|Clefable, F|
|poke|p2|Great Tusk|
|teampreview
|inactive|Battle timer is ON: inactive players will automatically lose when time's up. (requested by rekka auto)
|
|t:|1769421126
|teamsize|p1|6
|teamsize|p2|6
|start
|switch|p1a: Rotom|Rotom-Wash|100/100
|switch|p2a: Zarude|Zarude-Dada|100/100
|turn|1
|j| Samurajen
|inactive|rekka auto has 120 seconds left.
|
|t:|1769421162
|move|p2a: Zarude|Knock Off|p1a: Rotom
|-crit|p1a: Rotom
|-damage|p1a: Rotom|8/100
|-enditem|p1a: Rotom|Choice Scarf|[from] move: Knock Off|[of] p2a: Zarude
|move|p1a: Rotom|Will-O-Wisp|p2a: Zarude
|-status|p2a: Zarude|brn
|
|-damage|p2a: Zarude|94/100 brn|[from] brn
|upkeep
|turn|2
|inactive|rekka auto has 120 seconds left.
|
|t:|1769421175
|move|p2a: Zarude|Knock Off|p1a: Rotom
|-damage|p1a: Rotom|0 fnt
|faint|p1a: Rotom
|
|-damage|p2a: Zarude|88/100 brn|[from] brn
|upkeep
|
|t:|1769421178
|switch|p1a: Okidogi|Okidogi, M|100/100
|turn|3
|inactive|chibi tanjiro has 120 seconds left.
|
|t:|1769421209
|switch|p2a: Landorus|Landorus-Therian, M|100/100
|-ability|p2a: Landorus|Intimidate|boost
|-ability|p1a: Okidogi|Guard Dog|boost
|-boost|p1a: Okidogi|atk|1
|move|p1a: Okidogi|Bulk Up|p1a: Okidogi
|-boost|p1a: Okidogi|atk|1
|-boost|p1a: Okidogi|def|1
|
|upkeep
|turn|4
|
|t:|1769421214
|move|p2a: Landorus|Earth Power|p1a: Okidogi
|-supereffective|p1a: Okidogi
|-damage|p1a: Okidogi|48/100
|move|p1a: Okidogi|Knock Off|p2a: Landorus
|-damage|p2a: Landorus|44/100
|-damage|p1a: Okidogi|31/100|[from] item: Rocky Helmet|[of] p2a: Landorus
|-enditem|p2a: Landorus|Rocky Helmet|[from] move: Knock Off|[of] p1a: Okidogi
|
|-heal|p1a: Okidogi|37/100|[from] item: Leftovers
|upkeep
|turn|5
|
|t:|1769421221
|switch|p1a: Dragonite|Dragonite, M|100/100
|move|p2a: Landorus|Earth Power|p1a: Dragonite
|-immune|p1a: Dragonite
|
|upkeep
|turn|6
|
|t:|1769421223
|move|p2a: Landorus|Taunt|p1a: Dragonite
|-start|p1a: Dragonite|move: Taunt
|move|p1a: Dragonite|Scale Shot|p2a: Landorus
|-damage|p2a: Landorus|30/100
|-damage|p2a: Landorus|15/100
|-damage|p2a: Landorus|0 fnt
|faint|p2a: Landorus
|-hitcount|p2: Landorus|3
|-unboost|p1a: Dragonite|def|1
|-boost|p1a: Dragonite|spe|1
|
|upkeep
|
|t:|1769421227
|switch|p2a: Clefable|Clefable, F|100/100
|turn|7
|
|t:|1769421232
|switch|p1a: Gholdengo|Gholdengo|100/100
|move|p2a: Clefable|Stealth Rock|p1a: Gholdengo
|-sidestart|p1: rekka auto|move: Stealth Rock
|
|upkeep
|turn|8
|
|t:|1769421245
|-terastallize|p2a: Clefable|Water
|move|p1a: Gholdengo|Shadow Ball|p2a: Clefable
|-damage|p2a: Clefable|77/100
|-unboost|p2a: Clefable|spd|1
|move|p2a: Clefable|Knock Off|p1a: Gholdengo
|-supereffective|p1a: Gholdengo
|-damage|p1a: Gholdengo|78/100
|-enditem|p1a: Gholdengo|Covert Cloak|[from] move: Knock Off|[of] p2a: Clefable
|
|-heal|p2a: Clefable|83/100|[from] item: Leftovers
|upkeep
|turn|9
|
|t:|1769421254
|switch|p2a: Zarude|Zarude-Dada|88/100 brn
|move|p1a: Gholdengo|Dazzling Gleam|p2a: Zarude
|-supereffective|p2a: Zarude
|-damage|p2a: Zarude|41/100 brn
|
|-damage|p2a: Zarude|35/100 brn|[from] brn
|upkeep
|turn|10
|
|t:|1769421260
|move|p2a: Zarude|Knock Off|p1a: Gholdengo
|-supereffective|p1a: Gholdengo
|-damage|p1a: Gholdengo|58/100
|move|p1a: Gholdengo|Recover|p1a: Gholdengo
|-heal|p1a: Gholdengo|100/100
|
|-damage|p2a: Zarude|29/100 brn|[from] brn
|upkeep
|turn|11
|
|t:|1769421262
|move|p2a: Zarude|Knock Off|p1a: Gholdengo
|-supereffective|p1a: Gholdengo
|-damage|p1a: Gholdengo|78/100
|move|p1a: Gholdengo|Nasty Plot|p1a: Gholdengo
|-boost|p1a: Gholdengo|spa|2
|
|-damage|p2a: Zarude|23/100 brn|[from] brn
|upkeep
|turn|12
|
|t:|1769421266
|move|p2a: Zarude|Knock Off|p1a: Gholdengo
|-supereffective|p1a: Gholdengo
|-damage|p1a: Gholdengo|57/100
|move|p1a: Gholdengo|Recover|p1a: Gholdengo
|-heal|p1a: Gholdengo|100/100
|
|-damage|p2a: Zarude|16/100 brn|[from] brn
|upkeep
|turn|13
|
|t:|1769421268
|move|p2a: Zarude|Knock Off|p1a: Gholdengo
|-supereffective|p1a: Gholdengo
|-damage|p1a: Gholdengo|77/100
|move|p1a: Gholdengo|Nasty Plot|p1a: Gholdengo
|-boost|p1a: Gholdengo|spa|2
|
|-damage|p2a: Zarude|10/100 brn|[from] brn
|upkeep
|turn|14
|
|t:|1769421271
|switch|p2a: Samurott|Samurott-Hisui, M|100/100
|move|p1a: Gholdengo|Nasty Plot|p1a: Gholdengo
|-boost|p1a: Gholdengo|spa|2
|
|upkeep
|turn|15
|
|t:|1769421275
|-terastallize|p1a: Gholdengo|Fairy
|move|p2a: Samurott|Ceaseless Edge|p1a: Gholdengo
|-resisted|p1a: Gholdengo
|-damage|p1a: Gholdengo|56/100
|-sidestart|p1: rekka auto|Spikes
|move|p1a: Gholdengo|Dazzling Gleam|p2a: Samurott
|-supereffective|p2a: Samurott
|-damage|p2a: Samurott|0 fnt
|faint|p2a: Samurott
|
|upkeep
|
|t:|1769421278
|switch|p2a: Pecharunt|Pecharunt|100/100
|turn|16
|
|t:|1769421292
|switch|p1a: Okidogi|Okidogi, M|37/100
|-damage|p1a: Okidogi|31/100|[from] Stealth Rock
|-damage|p1a: Okidogi|19/100|[from] Spikes
|move|p2a: Pecharunt|Malignant Chain|p1a: Okidogi
|-resisted|p1a: Okidogi
|-damage|p1a: Okidogi|8/100
|
|-heal|p1a: Okidogi|14/100|[from] item: Leftovers
|upkeep
|turn|17
|
|t:|1769421302
|move|p2a: Pecharunt|Nasty Plot|p2a: Pecharunt
|-boost|p2a: Pecharunt|spa|2
|move|p1a: Okidogi|Knock Off|p2a: Pecharunt
|-supereffective|p2a: Pecharunt
|-damage|p2a: Pecharunt|74/100
|-damage|p1a: Okidogi|0 fnt|[from] item: Rocky Helmet|[of] p2a: Pecharunt
|faint|p1a: Okidogi
|
|upkeep
|
|t:|1769421311
|switch|p1a: Deoxys|Deoxys-Speed|100/100
|-damage|p1a: Deoxys|88/100|[from] Stealth Rock
|-damage|p1a: Deoxys|76/100|[from] Spikes
|-ability|p1a: Deoxys|Pressure
|turn|18
|
|t:|1769421325
|switch|p2a: Clefable|Clefable, F, tera:Water|83/100
|move|p1a: Deoxys|Psycho Boost|p2a: Clefable
|-damage|p2a: Clefable|52/100
|-unboost|p1a: Deoxys|spa|2
|
|-heal|p2a: Clefable|58/100|[from] item: Leftovers
|upkeep
|turn|19
|inactive|chibi tanjiro has 120 seconds left.
|inactive|rekka auto has 120 seconds left.
|
|t:|1769421368
|move|p1a: Deoxys|Light Screen|p1a: Deoxys
|-sidestart|p1: rekka auto|move: Light Screen
|move|p2a: Clefable|Moonlight|p2a: Clefable
|-heal|p2a: Clefable|100/100
|
|upkeep
|turn|20
|
|t:|1769421372
|move|p1a: Deoxys|Reflect|p1a: Deoxys
|-sidestart|p1: rekka auto|Reflect
|move|p2a: Clefable|Knock Off|p1a: Deoxys
|-supereffective|p1a: Deoxys
|-damage|p1a: Deoxys|57/100
|-enditem|p1a: Deoxys|Light Clay|[from] move: Knock Off|[of] p2a: Clefable
|
|upkeep
|turn|21
|inactive|chibi tanjiro has 120 seconds left.
|
|t:|1769421385
|switch|p1a: Gholdengo|Gholdengo, tera:Fairy|56/100
|-damage|p1a: Gholdengo|44/100|[from] Stealth Rock
|-damage|p1a: Gholdengo|31/100|[from] Spikes
|move|p2a: Clefable|Moonblast|p1a: Gholdengo
|-damage|p1a: Gholdengo|16/100
|
|upkeep
|turn|22
|
|t:|1769421388
|switch|p2a: Pecharunt|Pecharunt|74/100
|move|p1a: Gholdengo|Recover|p1a: Gholdengo
|-heal|p1a: Gholdengo|66/100
|
|upkeep
|turn|23
|
|t:|1769421391
|move|p2a: Pecharunt|Malignant Chain|p1a: Gholdengo
|-supereffective|p1a: Gholdengo
|-damage|p1a: Gholdengo|35/100
|move|p1a: Gholdengo|Shadow Ball|p2a: Pecharunt
|-supereffective|p2a: Pecharunt
|-damage|p2a: Pecharunt|0 fnt
|faint|p2a: Pecharunt
|
|upkeep
|
|t:|1769421410
|switch|p2a: Clefable|Clefable, F, tera:Water|100/100
|turn|24
|
|t:|1769421413
|move|p1a: Gholdengo|Recover|p1a: Gholdengo
|-heal|p1a: Gholdengo|85/100
|move|p2a: Clefable|Moonblast|p1a: Gholdengo
|-damage|p1a: Gholdengo|70/100
|-unboost|p1a: Gholdengo|spa|1
|
|upkeep
|turn|25
|
|t:|1769421419
|move|p1a: Gholdengo|Nasty Plot|p1a: Gholdengo
|-boost|p1a: Gholdengo|spa|2
|move|p2a: Clefable|Moonblast|p1a: Gholdengo
|-damage|p1a: Gholdengo|53/100
|
|upkeep
|turn|26
|
|t:|1769421431
|move|p1a: Gholdengo|Shadow Ball|p2a: Clefable
|-damage|p2a: Clefable|64/100
|-unboost|p2a: Clefable|spd|1
|move|p2a: Clefable|Moonblast|p1a: Gholdengo
|-crit|p1a: Gholdengo
|-damage|p1a: Gholdengo|8/100
|
|-heal|p2a: Clefable|70/100|[from] item: Leftovers
|-sideend|p1: rekka auto|move: Light Screen
|upkeep
|turn|27
|
|t:|1769421436
|switch|p2a: Great Tusk|Great Tusk|100/100
|-enditem|p2a: Great Tusk|Booster Energy
|-activate|p2a: Great Tusk|ability: Protosynthesis|[fromitem]
|-start|p2a: Great Tusk|protosynthesisspe
|move|p1a: Gholdengo|Shadow Ball|p2a: Great Tusk
|-damage|p2a: Great Tusk|36/100
|
|-sideend|p1: rekka auto|Reflect
|upkeep
|turn|28
|
|t:|1769421443
|move|p2a: Great Tusk|Rapid Spin|p1a: Gholdengo
|-damage|p1a: Gholdengo|0 fnt
|-boost|p2a: Great Tusk|spe|1
|faint|p1a: Gholdengo
|
|upkeep
|
|t:|1769421447
|switch|p1a: Hatterene|Hatterene, F|100/100
|-damage|p1a: Hatterene|88/100|[from] Stealth Rock
|-damage|p1a: Hatterene|76/100|[from] Spikes
|turn|29
|
|t:|1769421452
|move|p2a: Great Tusk|Headlong Rush|p1a: Hatterene
|-damage|p1a: Hatterene|31/100
|-unboost|p2a: Great Tusk|def|1
|-unboost|p2a: Great Tusk|spd|1
|move|p1a: Hatterene|Draining Kiss|p2a: Great Tusk
|-supereffective|p2a: Great Tusk
|-damage|p2a: Great Tusk|0 fnt
|-heal|p1a: Hatterene|68/100|[from] drain|[of] p2a: Great Tusk
|faint|p2a: Great Tusk
|-end|p2a: Great Tusk|Protosynthesis|[silent]
|
|-heal|p1a: Hatterene|74/100|[from] item: Leftovers
|upkeep
|
|t:|1769421455
|switch|p2a: Clefable|Clefable, F, tera:Water|70/100
|turn|30
|
|t:|1769421457
|move|p2a: Clefable|Knock Off|p1a: Hatterene
|-damage|p1a: Hatterene|60/100
|-enditem|p1a: Hatterene|Leftovers|[from] move: Knock Off|[of] p2a: Clefable
|move|p1a: Hatterene|Nuzzle|p2a: Clefable
|-supereffective|p2a: Clefable
|-damage|p2a: Clefable|61/100
|-status|p2a: Clefable|par
|
|-heal|p2a: Clefable|67/100 par|[from] item: Leftovers
|upkeep
|turn|31
|
|t:|1769421460
|move|p1a: Hatterene|Calm Mind|p1a: Hatterene
|-boost|p1a: Hatterene|spa|1
|-boost|p1a: Hatterene|spd|1
|cant|p2a: Clefable|par
|
|-heal|p2a: Clefable|73/100 par|[from] item: Leftovers
|upkeep
|turn|32
|
|t:|1769421462
|move|p1a: Hatterene|Calm Mind|p1a: Hatterene
|-boost|p1a: Hatterene|spa|1
|-boost|p1a: Hatterene|spd|1
|move|p2a: Clefable|Moonblast|p1a: Hatterene
|-damage|p1a: Hatterene|43/100
|-unboost|p1a: Hatterene|spa|1
|
|-heal|p2a: Clefable|79/100 par|[from] item: Leftovers
|upkeep
|turn|33
|
|t:|1769421467
|move|p1a: Hatterene|Draining Kiss|p2a: Clefable
|-damage|p2a: Clefable|58/100 par
|-heal|p1a: Hatterene|63/100|[from] drain|[of] p2a: Clefable
|move|p2a: Clefable|Moonblast|p1a: Hatterene
|-damage|p1a: Hatterene|46/100
|
|-heal|p2a: Clefable|64/100 par|[from] item: Leftovers
|upkeep
|turn|34
|
|t:|1769421470
|move|p1a: Hatterene|Calm Mind|p1a: Hatterene
|-boost|p1a: Hatterene|spa|1
|-boost|p1a: Hatterene|spd|1
|cant|p2a: Clefable|par
|
|-heal|p2a: Clefable|70/100 par|[from] item: Leftovers
|upkeep
|turn|35
|
|t:|1769421472
|move|p1a: Hatterene|Stored Power|p2a: Clefable
|-damage|p2a: Clefable|0 fnt
|faint|p2a: Clefable
|
|upkeep
|
|t:|1769421474
|switch|p2a: Zarude|Zarude-Dada|10/100 brn
|turn|36
|
|t:|1769421477
|move|p2a: Zarude|Power Whip|p1a: Hatterene
|-damage|p1a: Hatterene|20/100
|move|p1a: Hatterene|Draining Kiss|p2a: Zarude
|-supereffective|p2a: Zarude
|-damage|p2a: Zarude|0 fnt
|-heal|p1a: Hatterene|28/100|[from] drain|[of] p2a: Zarude
|faint|p2a: Zarude
|
|win|rekka auto
|raw|rekka auto's rating: 1509 &rarr; <strong>1530</strong><br />(+21 for winning)
|raw|chibi tanjiro's rating: 1526 &rarr; <strong>1505</strong><br />(-21 for losing)
|l|☆chibi tanjiro
|player|p2|
|l|☆rekka auto
|player|p1|
