|j|☆pinguitc
|j|☆Juanix SG
|t:|1769292678
|gametype|singles
|player|p1|pinguitc|169|
|player|p2|Juanix SG|cynthia|
|gen|9
|tier|[Gen 9] OU
|rule|HP Percentage Mod: HP is shown in percentages
|rule|Endless Battle Clause: Forcing endless battles is banned
|rule|Species Clause: Limit one of each Pokémon
|rule|OHKO Clause: OHKO moves are banned
|rule|Evasion Items Clause: Evasion items are banned
|rule|Evasion Moves Clause: Evasion moves are banned
|rule|Evasion Abilities Clause: Evasion abilities are banned
|rule|Sleep Moves Clause: Sleep-inducing moves are banned
|clearpoke
|poke|p1|Deoxys-Speed|
|poke|p1|Ceruledge, F|
|poke|p1|Zamazenta-*|
|poke|p1|Ogerpon-Wellspring, F|
|poke|p1|Glimmora, F|
|poke|p1|Moltres-Galar|
|poke|p2|Great Tusk|
|poke|p2|Kingambit, M|
|poke|p2|Raging Bolt|
|poke|p2|Walking Wake|
|poke|p2|Ninetales, M|
|poke|p2|Ceruledge, M|
|teampreview
|j| soxelcs
|c|☆Juanix SG|Tan lindo como me cambia el tema
|c|☆Juanix SG|Team
|c| soxelcs|xD
|
|t:|1769292699
|teamsize|p1|6
|teamsize|p2|6
|start
|switch|p1a: Deoxys|Deoxys-Speed|100/100
|switch|p2a: Ninetales|Ninetales, M, shiny|100/100
|-ability|p1a: Deoxys|Pressure
|-weather|SunnyDay|[from] ability: Drought|[of] p2a: Ninetales
|turn|1
|inactive|Battle timer is ON: inactive players will automatically lose when time's up. (requested by Juanix SG)
|
|t:|1769292711
|switch|p2a: Kingambit|Kingambit, M|100/100
|-item|p2a: Kingambit|Air Balloon
|move|p1a: Deoxys|Light Screen|p1a: Deoxys
|-sidestart|p1: pinguitc|move: Light Screen
|
|-weather|SunnyDay|[upkeep]
|upkeep
|turn|2
|
|t:|1769292725
|move|p1a: Deoxys|Taunt|p2a: Kingambit
|-start|p2a: Kingambit|move: Taunt
|move|p2a: Kingambit|Kowtow Cleave|p1a: Deoxys
|-supereffective|p1a: Deoxys
|-damage|p1a: Deoxys|0 fnt
|faint|p1a: Deoxys
|
|-weather|SunnyDay|[upkeep]
|upkeep
|
|t:|1769292736
|switch|p1a: Zamazenta|Zamazenta|100/100
|-ability|p1a: Zamazenta|Dauntless Shield|boost
|-boost|p1a: Zamazenta|def|1
|turn|3
|
|t:|1769292746
|-end|p2a: Kingambit|fallenundefined|[silent]
|switch|p2a: Ceruledge|Ceruledge, M, shiny|100/100
|move|p1a: Zamazenta|Iron Defense|p1a: Zamazenta
|-boost|p1a: Zamazenta|def|2
|
|-weather|SunnyDay|[upkeep]
|upkeep
|turn|4
|
|t:|1769292757
|move|p2a: Ceruledge|Swords Dance|p2a: Ceruledge
|-boost|p2a: Ceruledge|atk|2
|move|p1a: Zamazenta|Roar|p2a: Ceruledge
|drag|p2a: Walking Wake|Walking Wake|100/100
|-activate|p2a: Walking Wake|ability: Protosynthesis
|-start|p2a: Walking Wake|protosynthesisspe
|
|-weather|SunnyDay|[upkeep]
|upkeep
|turn|5
|inactive|pinguitc has 270 seconds left.
|
|t:|1769292813
|move|p2a: Walking Wake|Hydro Steam|p1a: Zamazenta
|-damage|p1a: Zamazenta|69/100
|move|p1a: Zamazenta|Body Press|p2a: Walking Wake
|-damage|p2a: Walking Wake|0 fnt
|faint|p2a: Walking Wake
|-end|p2a: Walking Wake|Protosynthesis|[silent]
|
|-weather|SunnyDay|[upkeep]
|-heal|p1a: Zamazenta|76/100|[from] item: Leftovers
|upkeep
|
|t:|1769292826
|switch|p2a: Ceruledge|Ceruledge, M, shiny|100/100
|turn|6
|
|t:|1769292835
|move|p1a: Zamazenta|Heavy Slam|p2a: Ceruledge
|-resisted|p2a: Ceruledge
|-damage|p2a: Ceruledge|88/100
|-ability|p2a: Ceruledge|Weak Armor|boost
|-unboost|p2a: Ceruledge|def|1
|-boost|p2a: Ceruledge|spe|2
|move|p2a: Ceruledge|Bitter Blade|p1a: Zamazenta
|-damage|p1a: Zamazenta|52/100
|-heal|p2a: Ceruledge|99/100|[from] drain|[of] p1a: Zamazenta
|
|-weather|SunnyDay|[upkeep]
|-heal|p1a: Zamazenta|59/100|[from] item: Leftovers
|upkeep
|turn|7
|
|t:|1769292848
|move|p2a: Ceruledge|Swords Dance|p2a: Ceruledge
|-boost|p2a: Ceruledge|atk|2
|move|p1a: Zamazenta|Roar|p2a: Ceruledge
|drag|p2a: Ninetales|Ninetales, M, shiny|100/100
|
|-weather|SunnyDay|[upkeep]
|-heal|p1a: Zamazenta|65/100|[from] item: Leftovers
|upkeep
|turn|8
|
|t:|1769292861
|switch|p2a: Ceruledge|Ceruledge, M, shiny|99/100
|move|p1a: Zamazenta|Heavy Slam|p2a: Ceruledge
|-resisted|p2a: Ceruledge
|-damage|p2a: Ceruledge|86/100
|-ability|p2a: Ceruledge|Weak Armor|boost
|-unboost|p2a: Ceruledge|def|1
|-boost|p2a: Ceruledge|spe|2
|
|-weather|none
|-heal|p1a: Zamazenta|71/100|[from] item: Leftovers
|-sideend|p1: pinguitc|move: Light Screen
|upkeep
|turn|9
|inactive|pinguitc has 270 seconds left.
|
|t:|1769292869
|move|p2a: Ceruledge|Bitter Blade|p1a: Zamazenta
|-damage|p1a: Zamazenta|57/100
|-heal|p2a: Ceruledge|93/100|[from] drain|[of] p1a: Zamazenta
|move|p1a: Zamazenta|Roar|p2a: Ceruledge
|drag|p2a: Great Tusk|Great Tusk|100/100
|
|-heal|p1a: Zamazenta|63/100|[from] item: Leftovers
|upkeep
|turn|10
|inactive|pinguitc has 270 seconds left.
|
|t:|1769292886
|-end|p2a: Great Tusk|Protosynthesis|[silent]
|switch|p2a: Ceruledge|Ceruledge, M, shiny|93/100
|move|p1a: Zamazenta|Roar|p2a: Ceruledge
|drag|p2a: Kingambit|Kingambit, M|100/100
|-activate|p2a: Kingambit|ability: Supreme Overlord
|-start|p2a: Kingambit|fallen1|[silent]
|-item|p2a: Kingambit|Air Balloon
|
|-heal|p1a: Zamazenta|69/100|[from] item: Leftovers
|upkeep
|turn|11
|inactive|pinguitc has 270 seconds left.
|
|t:|1769292904
|-terastallize|p2a: Kingambit|Ghost
|move|p2a: Kingambit|Swords Dance|p2a: Kingambit
|-boost|p2a: Kingambit|atk|2
|move|p1a: Zamazenta|Roar|p2a: Kingambit
|-end|p2a: Kingambit|fallen1|[silent]
|drag|p2a: Ceruledge|Ceruledge, M, shiny|93/100
|
|-heal|p1a: Zamazenta|75/100|[from] item: Leftovers
|upkeep
|turn|12
|inactive|pinguitc has 270 seconds left.
|
|t:|1769292915
|move|p1a: Zamazenta|Iron Defense|p1a: Zamazenta
|-boost|p1a: Zamazenta|def|2
|move|p2a: Ceruledge|Poltergeist|p1a: Zamazenta
|-activate|p1a: Zamazenta|move: Poltergeist|Leftovers
|-damage|p1a: Zamazenta|61/100
|
|-heal|p1a: Zamazenta|68/100|[from] item: Leftovers
|upkeep
|turn|13
|c| soxelcs|XDDDD
|
|t:|1769292922
|move|p1a: Zamazenta|Iron Defense|p1a: Zamazenta
|-boost|p1a: Zamazenta|def|1
|move|p2a: Ceruledge|Swords Dance|p2a: Ceruledge
|-boost|p2a: Ceruledge|atk|2
|
|-heal|p1a: Zamazenta|74/100|[from] item: Leftovers
|upkeep
|turn|14
|c| soxelcs|Se pone pesao
|
|t:|1769292928
|move|p2a: Ceruledge|Bitter Blade|p1a: Zamazenta
|-damage|p1a: Zamazenta|53/100
|-heal|p2a: Ceruledge|100/100|[from] drain|[of] p1a: Zamazenta
|move|p1a: Zamazenta|Roar|p2a: Ceruledge
|drag|p2a: Kingambit|Kingambit, M, tera:Ghost|100/100
|-activate|p2a: Kingambit|ability: Supreme Overlord
|-start|p2a: Kingambit|fallen1|[silent]
|-item|p2a: Kingambit|Air Balloon
|
|-heal|p1a: Zamazenta|60/100|[from] item: Leftovers
|upkeep
|turn|15
|
|t:|1769292938
|move|p2a: Kingambit|Low Kick|p1a: Zamazenta
|-damage|p1a: Zamazenta|48/100
|move|p1a: Zamazenta|Roar|p2a: Kingambit
|-end|p2a: Kingambit|fallen1|[silent]
|drag|p2a: Great Tusk|Great Tusk|100/100
|
|-heal|p1a: Zamazenta|55/100|[from] item: Leftovers
|upkeep
|turn|16
|
|t:|1769292947
|-end|p2a: Great Tusk|Protosynthesis|[silent]
|switch|p2a: Ceruledge|Ceruledge, M, shiny|100/100
|move|p1a: Zamazenta|Body Press|p2a: Ceruledge
|-immune|p2a: Ceruledge
|
|-heal|p1a: Zamazenta|61/100|[from] item: Leftovers
|upkeep
|turn|17
|
|t:|1769292968
|switch|p1a: Glimmora|Glimmora, F|100/100
|move|p2a: Ceruledge|Swords Dance|p2a: Ceruledge
|-boost|p2a: Ceruledge|atk|2
|
|upkeep
|turn|18
|
|t:|1769292979
|move|p1a: Glimmora|Meteor Beam||[still]
|-prepare|p1a: Glimmora|Meteor Beam
|-boost|p1a: Glimmora|spa|1
|-enditem|p1a: Glimmora|Power Herb
|-anim|p1a: Glimmora|Meteor Beam|p2a: Ceruledge
|-supereffective|p2a: Ceruledge
|-damage|p2a: Ceruledge|0 fnt
|faint|p2a: Ceruledge
|
|upkeep
|
|t:|1769292989
|switch|p2a: Ninetales|Ninetales, M, shiny|100/100
|-weather|SunnyDay|[from] ability: Drought|[of] p2a: Ninetales
|turn|19
|
|t:|1769293002
|move|p2a: Ninetales|Scorching Sands|p1a: Glimmora
|-supereffective|p1a: Glimmora
|-damage|p1a: Glimmora|5/100
|-status|p1a: Glimmora|brn
|move|p1a: Glimmora|Earth Power|p2a: Ninetales
|-supereffective|p2a: Ninetales
|-damage|p2a: Ninetales|0 fnt
|faint|p2a: Ninetales
|
|-weather|SunnyDay|[upkeep]
|-damage|p1a: Glimmora|0 fnt|[from] brn
|faint|p1a: Glimmora
|upkeep
|c| soxelcs|Hax
|inactive|pinguitc has 270 seconds left.
|
|t:|1769293027
|switch|p2a: Raging Bolt|Raging Bolt|100/100
|switch|p1a: Ceruledge|Ceruledge, F|100/100
|-activate|p2a: Raging Bolt|ability: Protosynthesis
|-start|p2a: Raging Bolt|protosynthesisspa
|turn|20
|
|t:|1769293038
|move|p2a: Raging Bolt|Dragon Pulse|p1a: Ceruledge
|-damage|p1a: Ceruledge|8/100
|-damage|p2a: Raging Bolt|91/100|[from] item: Life Orb
|move|p1a: Ceruledge|Swords Dance|p1a: Ceruledge
|-boost|p1a: Ceruledge|atk|2
|
|-weather|SunnyDay|[upkeep]
|upkeep
|turn|21
|
|t:|1769293047
|move|p2a: Raging Bolt|Thunderclap|p1a: Ceruledge
|-damage|p1a: Ceruledge|0 fnt
|faint|p1a: Ceruledge
|-damage|p2a: Raging Bolt|81/100|[from] item: Life Orb
|
|-weather|SunnyDay|[upkeep]
|upkeep
|
|t:|1769293054
|switch|p1a: Ogerpon|Ogerpon-Wellspring, F|100/100
|turn|22
|
|t:|1769293060
|move|p1a: Ogerpon|Play Rough|p2a: Raging Bolt
|-supereffective|p2a: Raging Bolt
|-damage|p2a: Raging Bolt|5/100
|move|p2a: Raging Bolt|Solar Beam||[still]
|-prepare|p2a: Raging Bolt|Solar Beam
|-anim|p2a: Raging Bolt|Solar Beam|p1a: Ogerpon
|-damage|p1a: Ogerpon|10/100
|-damage|p2a: Raging Bolt|0 fnt|[from] item: Life Orb
|faint|p2a: Raging Bolt
|-end|p2a: Raging Bolt|Protosynthesis|[silent]
|
|-weather|SunnyDay|[upkeep]
|upkeep
|
|t:|1769293079
|switch|p2a: Kingambit|Kingambit, M, tera:Ghost|100/100
|-activate|p2a: Kingambit|ability: Supreme Overlord
|-start|p2a: Kingambit|fallen4|[silent]
|-item|p2a: Kingambit|Air Balloon
|turn|23
|
|t:|1769293092
|move|p2a: Kingambit|Sucker Punch||[still]
|-fail|p2a: Kingambit
|move|p1a: Ogerpon|Swords Dance|p1a: Ogerpon
|-boost|p1a: Ogerpon|atk|2
|
|-weather|SunnyDay|[upkeep]
|upkeep
|turn|24
|
|t:|1769293097
|move|p2a: Kingambit|Sucker Punch||[still]
|-fail|p2a: Kingambit
|move|p1a: Ogerpon|Swords Dance|p1a: Ogerpon
|-boost|p1a: Ogerpon|atk|2
|
|-weather|SunnyDay|[upkeep]
|upkeep
|turn|25
|
|t:|1769293106
|move|p2a: Kingambit|Sucker Punch|p1a: Ogerpon
|-damage|p1a: Ogerpon|0 fnt
|faint|p1a: Ogerpon
|
|-weather|SunnyDay|[upkeep]
|upkeep
|
|t:|1769293108
|switch|p1a: Zamazenta|Zamazenta|61/100
|turn|26
|
|t:|1769293116
|move|p1a: Zamazenta|Iron Defense|p1a: Zamazenta
|-boost|p1a: Zamazenta|def|2
|move|p2a: Kingambit|Swords Dance|p2a: Kingambit
|-boost|p2a: Kingambit|atk|2
|
|-weather|none
|-heal|p1a: Zamazenta|67/100|[from] item: Leftovers
|upkeep
|turn|27
|
|t:|1769293121
|move|p2a: Kingambit|Low Kick|p1a: Zamazenta
|-damage|p1a: Zamazenta|21/100
|move|p1a: Zamazenta|Roar|p2a: Kingambit
|-end|p2a: Kingambit|fallen4|[silent]
|drag|p2a: Great Tusk|Great Tusk|100/100
|
|-heal|p1a: Zamazenta|27/100|[from] item: Leftovers
|upkeep
|turn|28
|
|t:|1769293128
|-end|p2a: Great Tusk|Protosynthesis|[silent]
|switch|p2a: Kingambit|Kingambit, M, tera:Ghost|100/100
|-activate|p2a: Kingambit|ability: Supreme Overlord
|-start|p2a: Kingambit|fallen4|[silent]
|-item|p2a: Kingambit|Air Balloon
|move|p1a: Zamazenta|Body Press|p2a: Kingambit
|-immune|p2a: Kingambit
|
|-heal|p1a: Zamazenta|33/100|[from] item: Leftovers
|upkeep
|turn|29
|
|t:|1769293142
|move|p1a: Zamazenta|Heavy Slam|p2a: Kingambit
|-damage|p2a: Kingambit|92/100
|-enditem|p2a: Kingambit|Air Balloon
|move|p2a: Kingambit|Swords Dance|p2a: Kingambit
|-boost|p2a: Kingambit|atk|2
|
|-heal|p1a: Zamazenta|40/100|[from] item: Leftovers
|upkeep
|turn|30
|
|t:|1769293151
|move|p2a: Kingambit|Low Kick|p1a: Zamazenta
|-damage|p1a: Zamazenta|0 fnt
|faint|p1a: Zamazenta
|
|upkeep
|
|t:|1769293155
|switch|p1a: Moltres|Moltres-Galar|100/100
|turn|31
|
|t:|1769293181
|move|p1a: Moltres|Fiery Wrath|p2a: Kingambit
|-supereffective|p2a: Kingambit
|-damage|p2a: Kingambit|18/100
|move|p2a: Kingambit|Kowtow Cleave|p1a: Moltres
|-resisted|p1a: Moltres
|-damage|p1a: Moltres|47/100
|-ability|p1a: Moltres|Berserk|boost
|-boost|p1a: Moltres|spa|1
|
|upkeep
|turn|32
|inactive|pinguitc has 270 seconds left.
|
|t:|1769293205
|move|p2a: Kingambit|Sucker Punch||[still]
|-fail|p2a: Kingambit
|move|p1a: Moltres|Agility|p1a: Moltres
|-boost|p1a: Moltres|spe|2
|
|upkeep
|turn|33
|inactive|pinguitc has 270 seconds left.
|
|t:|1769293213
|move|p1a: Moltres|Fiery Wrath|p2a: Kingambit
|-supereffective|p2a: Kingambit
|-damage|p2a: Kingambit|0 fnt
|faint|p2a: Kingambit
|-end|p2a: Kingambit|fallen4|[silent]
|
|upkeep
|
|t:|1769293215
|switch|p2a: Great Tusk|Great Tusk|100/100
|turn|34
|
|t:|1769293222
|-terastallize|p1a: Moltres|Fairy
|move|p1a: Moltres|Tera Blast|p2a: Great Tusk|[anim] Tera Blast Fairy
|-supereffective|p2a: Great Tusk
|-damage|p2a: Great Tusk|17/100
|move|p2a: Great Tusk|Ice Spinner|p1a: Moltres
|-damage|p1a: Moltres|23/100
|
|upkeep
|turn|35
|c| soxelcs|Nojoda
|inactive|Juanix SG has 270 seconds left.
|
|t:|1769293256
|move|p1a: Moltres|Tera Blast|p2a: Great Tusk|[anim] Tera Blast Fairy
|-supereffective|p2a: Great Tusk
|-damage|p2a: Great Tusk|0 fnt
|faint|p2a: Great Tusk
|-end|p2a: Great Tusk|Protosynthesis|[silent]
|
|win|pinguitc
