|j|☆I'm evil and spicy
|j|☆CambridgeFoulPlay
|t:|1769351640
|gametype|singles
|player|p1|I'm evil and spicy|elesa|1610
|player|p2|CambridgeFoulPlay|266|1728
|gen|9
|tier|[Gen 9] OU
|rated|
|rule|HP Percentage Mod: HP is shown in percentages
|rule|Endless Battle Clause: Forcing endless battles is banned
|rule|Species Clause: Limit one of each Pokémon
|rule|OHKO Clause: OHKO moves are banned
|rule|Evasion Items Clause: Evasion items are banned
|rule|Evasion Moves Clause: Evasion moves are banned
|rule|Evasion Abilities Clause: Evasion abilities are banned
|rule|Sleep Moves Clause: Sleep-inducing moves are banned
|clearpoke
|poke|p1|Enamorus, F|
|poke|p1|Kingambit, F|
|poke|p1|Slowking-Galar, M|
|poke|p1|Dragapult, F|
|poke|p1|Corviknight, F|
|poke|p1|Great Tusk|
|poke|p2|Hydrapple, M|
|poke|p2|Tyranitar, F|
|poke|p2|Moltres|
|poke|p2|Zamazenta-*|
|poke|p2|Slowking-Galar, M|
|poke|p2|Excadrill, F|
|teampreview
|c|☆CambridgeFoulPlay|hf
|inactive|Battle timer is ON: inactive players will automatically lose when time's up. (requested by CambridgeFoulPlay)
|j| turquoiselink
|
|t:|1769351660
|teamsize|p1|6
|teamsize|p2|6
|start
|switch|p1a: Corviknight|Corviknight, F|100/100
|switch|p2a: Moltres|Moltres|100/100
|-ability|p1a: Corviknight|Pressure
|turn|1
|
|t:|1769351666
|switch|p1a: Slowking|Slowking-Galar, M|100/100
|move|p2a: Moltres|Flamethrower|p1a: Slowking
|-damage|p1a: Slowking|83/100
|
|upkeep
|turn|2
|
|t:|1769351681
|move|p2a: Moltres|U-turn|p1a: Slowking
|-damage|p1a: Slowking|67/100
|
|t:|1769351684
|switch|p2a: Tyranitar|Tyranitar, F|100/100|[from] U-turn
|-weather|Sandstorm|[from] ability: Sand Stream|[of] p2a: Tyranitar
|move|p1a: Slowking|Ice Beam|p2a: Tyranitar
|-damage|p2a: Tyranitar|88/100
|
|-weather|Sandstorm|[upkeep]
|-damage|p1a: Slowking|61/100|[from] Sandstorm
|upkeep
|turn|3
|
|t:|1769351689
|switch|p1a: Corviknight|Corviknight, F|100/100
|-ability|p1a: Corviknight|Pressure
|move|p2a: Tyranitar|Stealth Rock|p1a: Corviknight
|-sidestart|p1: I'm evil and spicy|move: Stealth Rock
|
|-weather|Sandstorm|[upkeep]
|upkeep
|turn|4
|
|t:|1769351695
|switch|p2a: Moltres|Moltres|100/100
|move|p1a: Corviknight|Defog|p2a: Moltres
|-unboost|p2a: Moltres|evasion|1
|-sideend|p1: I'm evil and spicy|Stealth Rock|[from] move: Defog|[of] p1a: Corviknight
|
|-weather|Sandstorm|[upkeep]
|-damage|p2a: Moltres|94/100|[from] Sandstorm
|upkeep
|turn|5
|
|t:|1769351704
|switch|p1a: Slowking|Slowking-Galar, M|94/100
|move|p2a: Moltres|Flamethrower|p1a: Slowking
|-damage|p1a: Slowking|75/100
|
|-weather|Sandstorm|[upkeep]
|-damage|p2a: Moltres|88/100|[from] Sandstorm
|-damage|p1a: Slowking|69/100|[from] Sandstorm
|upkeep
|turn|6
|
|t:|1769351709
|move|p2a: Moltres|U-turn|p1a: Slowking
|-damage|p1a: Slowking|53/100
|
|t:|1769351712
|switch|p2a: Tyranitar|Tyranitar, F|88/100|[from] U-turn
|move|p1a: Slowking|Sludge Bomb|p2a: Tyranitar
|-resisted|p2a: Tyranitar
|-damage|p2a: Tyranitar|78/100
|-status|p2a: Tyranitar|psn
|
|-weather|Sandstorm|[upkeep]
|-damage|p1a: Slowking|47/100|[from] Sandstorm
|-damage|p2a: Tyranitar|66/100 psn|[from] psn
|upkeep
|turn|7
|
|t:|1769351716
|switch|p1a: Corviknight|Corviknight, F|100/100
|-ability|p1a: Corviknight|Pressure
|move|p2a: Tyranitar|Stealth Rock|p1a: Corviknight
|-sidestart|p1: I'm evil and spicy|move: Stealth Rock
|
|-weather|Sandstorm|[upkeep]
|-damage|p2a: Tyranitar|54/100 psn|[from] psn
|upkeep
|turn|8
|
|t:|1769351722
|move|p1a: Corviknight|Defog|p2a: Tyranitar
|-unboost|p2a: Tyranitar|evasion|1
|-sideend|p1: I'm evil and spicy|Stealth Rock|[from] move: Defog|[of] p1a: Corviknight
|move|p2a: Tyranitar|Thunder Wave|p1a: Corviknight
|-status|p1a: Corviknight|par
|
|-weather|Sandstorm|[upkeep]
|-damage|p2a: Tyranitar|41/100 psn|[from] psn
|upkeep
|turn|9
|
|t:|1769351728
|move|p2a: Tyranitar|Stealth Rock|p1a: Corviknight
|-sidestart|p1: I'm evil and spicy|move: Stealth Rock
|move|p1a: Corviknight|Body Press|p2a: Tyranitar
|-supereffective|p2a: Tyranitar
|-damage|p2a: Tyranitar|0 fnt
|faint|p2a: Tyranitar
|
|-weather|none
|upkeep
|
|t:|1769351732
|switch|p2a: Moltres|Moltres|88/100
|turn|10
|
|t:|1769351738
|switch|p1a: Slowking|Slowking-Galar, M|80/100
|-damage|p1a: Slowking|68/100|[from] Stealth Rock
|move|p2a: Moltres|Flamethrower|p1a: Slowking
|-damage|p1a: Slowking|49/100
|
|upkeep
|turn|11
|
|t:|1769351745
|move|p2a: Moltres|U-turn|p1a: Slowking
|-damage|p1a: Slowking|33/100
|
|t:|1769351747
|switch|p2a: Slowking|Slowking-Galar, M|100/100|[from] U-turn
|move|p1a: Slowking|Ice Beam|p2a: Slowking
|-damage|p2a: Slowking|85/100
|
|upkeep
|turn|12
|
|t:|1769351758
|switch|p1a: Corviknight|Corviknight, F|100/100 par
|-damage|p1a: Corviknight|88/100 par|[from] Stealth Rock
|-ability|p1a: Corviknight|Pressure
|move|p2a: Slowking|Psyshock|p1a: Corviknight
|-resisted|p1a: Corviknight
|-damage|p1a: Corviknight|77/100 par
|
|upkeep
|turn|13
|
|t:|1769351762
|move|p2a: Slowking|Flamethrower|p1a: Corviknight
|-supereffective|p1a: Corviknight
|-damage|p1a: Corviknight|35/100 par
|move|p1a: Corviknight|Defog|p2a: Slowking
|-unboost|p2a: Slowking|evasion|1
|-sideend|p1: I'm evil and spicy|Stealth Rock|[from] move: Defog|[of] p1a: Corviknight
|
|upkeep
|turn|14
|
|t:|1769351768
|switch|p1a: Slowking|Slowking-Galar, M|67/100
|move|p2a: Slowking|Flamethrower|p1a: Slowking
|-damage|p1a: Slowking|56/100
|
|upkeep
|turn|15
|
|t:|1769351773
|switch|p1a: Kingambit|Kingambit, F|100/100
|move|p2a: Slowking|Flamethrower|p1a: Kingambit
|-supereffective|p1a: Kingambit
|-damage|p1a: Kingambit|50/100
|
|-heal|p1a: Kingambit|57/100|[from] item: Leftovers
|upkeep
|turn|16
|
|t:|1769351781
|-end|p1a: Kingambit|fallenundefined|[silent]
|switch|p1a: Slowking|Slowking-Galar, M|89/100
|switch|p2a: Zamazenta|Zamazenta|100/100
|-ability|p2a: Zamazenta|Dauntless Shield|boost
|-boost|p2a: Zamazenta|def|1
|
|upkeep
|turn|17
|
|t:|1769351786
|move|p2a: Zamazenta|Crunch|p1a: Slowking
|-supereffective|p1a: Slowking
|-crit|p1a: Slowking
|-damage|p1a: Slowking|27/100
|-unboost|p1a: Slowking|def|1
|move|p1a: Slowking|Psychic Noise|p2a: Zamazenta
|-supereffective|p2a: Zamazenta
|-damage|p2a: Zamazenta|40/100
|-start|p2a: Zamazenta|move: Heal Block
|
|upkeep
|turn|18
|
|t:|1769351791
|switch|p1a: Great Tusk|Great Tusk|100/100
|move|p2a: Zamazenta|Crunch|p1a: Great Tusk
|-resisted|p1a: Great Tusk
|-damage|p1a: Great Tusk|93/100
|
|-end|p2a: Zamazenta|move: Heal Block
|upkeep
|turn|19
|
|t:|1769351797
|move|p2a: Zamazenta|Body Press|p1a: Great Tusk
|-damage|p1a: Great Tusk|55/100
|move|p1a: Great Tusk|Knock Off|p2a: Zamazenta
|-resisted|p2a: Zamazenta
|-damage|p2a: Zamazenta|32/100
|-enditem|p2a: Zamazenta|Leftovers|[from] move: Knock Off|[of] p1a: Great Tusk
|
|upkeep
|turn|20
|
|t:|1769351810
|move|p2a: Zamazenta|Crunch|p1a: Great Tusk
|-resisted|p1a: Great Tusk
|-damage|p1a: Great Tusk|48/100
|move|p1a: Great Tusk|Stealth Rock|p2a: Zamazenta
|-sidestart|p2: CambridgeFoulPlay|move: Stealth Rock
|
|upkeep
|turn|21
|j| FirstLightSoulja
|
|t:|1769351821
|-end|p1a: Great Tusk|Protosynthesis|[silent]
|switch|p1a: Slowking|Slowking-Galar, M|60/100
|move|p2a: Zamazenta|Body Press|p1a: Slowking
|-resisted|p1a: Slowking
|-crit|p1a: Slowking
|-damage|p1a: Slowking|39/100
|
|upkeep
|turn|22
|
|t:|1769351834
|switch|p2a: Excadrill|Excadrill, F|100/100
|-damage|p2a: Excadrill|97/100|[from] Stealth Rock
|-item|p2a: Excadrill|Air Balloon
|switch|p1a: Enamorus|Enamorus, F|100/100
|
|upkeep
|turn|23
|
|t:|1769351847
|switch|p1a: Corviknight|Corviknight, F|35/100 par
|-ability|p1a: Corviknight|Pressure
|move|p2a: Excadrill|Iron Head|p1a: Corviknight
|-resisted|p1a: Corviknight
|-damage|p1a: Corviknight|21/100 par
|-damage|p2a: Excadrill|81/100|[from] item: Rocky Helmet|[of] p1a: Corviknight
|
|upkeep
|turn|24
|
|t:|1769351851
|move|p2a: Excadrill|Rapid Spin|p1a: Corviknight
|-resisted|p1a: Corviknight
|-damage|p1a: Corviknight|16/100 par
|-boost|p2a: Excadrill|spe|1
|-damage|p2a: Excadrill|64/100|[from] item: Rocky Helmet|[of] p1a: Corviknight
|-sideend|p2: CambridgeFoulPlay|Stealth Rock|[from] move: Rapid Spin|[of] p2a: Excadrill
|move|p1a: Corviknight|Roost|p1a: Corviknight
|-heal|p1a: Corviknight|66/100 par
|-singleturn|p1a: Corviknight|move: Roost
|
|upkeep
|turn|25
|
|t:|1769351858
|switch|p2a: Slowking|Slowking-Galar, M|100/100
|move|p1a: Corviknight|Body Press|p2a: Slowking
|-resisted|p2a: Slowking
|-damage|p2a: Slowking|96/100
|
|upkeep
|turn|26
|
|t:|1769351863
|switch|p1a: Slowking|Slowking-Galar, M|72/100
|move|p2a: Slowking|Flamethrower|p1a: Slowking
|-damage|p1a: Slowking|61/100
|
|upkeep
|turn|27
|l| turquoiselink
|
|t:|1769351880
|move|p2a: Slowking|Flamethrower|p1a: Slowking
|-crit|p1a: Slowking
|-damage|p1a: Slowking|43/100
|move|p1a: Slowking|Ice Beam|p2a: Slowking
|-damage|p2a: Slowking|82/100
|
|upkeep
|turn|28
|
|t:|1769351885
|move|p2a: Slowking|Psyshock|p1a: Slowking
|-damage|p1a: Slowking|13/100
|move|p1a: Slowking|Ice Beam|p2a: Slowking
|-damage|p2a: Slowking|67/100
|
|upkeep
|turn|29
|
|t:|1769351894
|switch|p1a: Dragapult|Dragapult, F|100/100
|move|p2a: Slowking|Flamethrower|p1a: Dragapult
|-resisted|p1a: Dragapult
|-damage|p1a: Dragapult|86/100
|
|upkeep
|turn|30
|
|t:|1769351901
|move|p1a: Dragapult|Dragon Darts|p2a: Slowking
|-damage|p2a: Slowking|36/100
|-anim|p1a: Dragapult|Dragon Darts|p2a: Slowking
|-damage|p2a: Slowking|8/100
|move|p2a: Slowking|Ice Beam|p1a: Dragapult
|-supereffective|p1a: Dragapult
|-damage|p1a: Dragapult|24/100
|
|upkeep
|turn|31
|
|t:|1769351906
|switch|p2a: Zamazenta|Zamazenta|32/100
|move|p1a: Dragapult|Dragon Darts|p2a: Zamazenta
|-damage|p2a: Zamazenta|5/100
|-anim|p1a: Dragapult|Dragon Darts|p2a: Zamazenta
|-damage|p2a: Zamazenta|0 fnt
|faint|p2a: Zamazenta
|
|upkeep
|
|t:|1769351908
|switch|p2a: Moltres|Moltres|88/100
|turn|32
|
|t:|1769351914
|switch|p1a: Slowking|Slowking-Galar, M|47/100
|move|p2a: Moltres|Flamethrower|p1a: Slowking
|-damage|p1a: Slowking|27/100
|
|upkeep
|turn|33
|
|t:|1769351923
|move|p2a: Moltres|Flamethrower|p1a: Slowking
|-damage|p1a: Slowking|9/100
|move|p1a: Slowking|Ice Beam|p2a: Moltres
|-damage|p2a: Moltres|58/100
|
|upkeep
|turn|34
|
|t:|1769351941
|switch|p1a: Enamorus|Enamorus, F|100/100
|move|p2a: Moltres|Flamethrower|p1a: Enamorus
|-damage|p1a: Enamorus|51/100
|
|upkeep
|turn|35
|
|t:|1769351950
|move|p1a: Enamorus|Moonblast|p2a: Moltres
|-resisted|p2a: Moltres
|-damage|p2a: Moltres|19/100
|move|p2a: Moltres|Flamethrower|p1a: Enamorus
|-damage|p1a: Enamorus|0 fnt
|faint|p1a: Enamorus
|
|upkeep
|
|t:|1769351956
|switch|p1a: Dragapult|Dragapult, F|24/100
|turn|36
|
|t:|1769351964
|-terastallize|p1a: Dragapult|Ghost
|-terastallize|p2a: Moltres|Fairy
|move|p1a: Dragapult|Tera Blast|p2a: Moltres|[anim] Tera Blast Ghost
|-damage|p2a: Moltres|0 fnt
|faint|p2a: Moltres
|
|upkeep
|
|t:|1769351966
|switch|p2a: Hydrapple|Hydrapple, M|100/100
|turn|37
|
|t:|1769351978
|switch|p1a: Slowking|Slowking-Galar, M|43/100
|move|p2a: Hydrapple|Fickle Beam|p1a: Slowking|[anim] Fickle Beam All Out
|-activate|p2a: Hydrapple|move: Fickle Beam
|-damage|p1a: Slowking|8/100
|
|upkeep
|turn|38
|
|t:|1769351983
|switch|p1a: Kingambit|Kingambit, F|57/100
|-activate|p1a: Kingambit|ability: Supreme Overlord
|-start|p1a: Kingambit|fallen1|[silent]
|move|p2a: Hydrapple|Fickle Beam|p1a: Kingambit|[anim] Fickle Beam All Out
|-activate|p2a: Hydrapple|move: Fickle Beam
|-resisted|p1a: Kingambit
|-damage|p1a: Kingambit|22/100
|
|-heal|p1a: Kingambit|28/100|[from] item: Leftovers
|upkeep
|turn|39
|
|t:|1769351989
|move|p1a: Kingambit|Kowtow Cleave|p2a: Hydrapple
|-damage|p2a: Hydrapple|66/100
|move|p2a: Hydrapple|Fickle Beam|p1a: Kingambit
|-resisted|p1a: Kingambit
|-damage|p1a: Kingambit|8/100
|
|-heal|p1a: Kingambit|14/100|[from] item: Leftovers
|upkeep
|turn|40
|
|t:|1769351996
|switch|p2a: Slowking|Slowking-Galar, M|41/100
|move|p1a: Kingambit|Iron Head|p2a: Slowking
|-damage|p2a: Slowking|5/100
|
|-heal|p1a: Kingambit|20/100|[from] item: Leftovers
|upkeep
|turn|41
|
|t:|1769352001
|switch|p2a: Hydrapple|Hydrapple, M|99/100
|move|p1a: Kingambit|Kowtow Cleave|p2a: Hydrapple
|-damage|p2a: Hydrapple|66/100
|
|-heal|p1a: Kingambit|26/100|[from] item: Leftovers
|upkeep
|turn|42
|
|t:|1769352005
|switch|p2a: Excadrill|Excadrill, F|64/100
|-item|p2a: Excadrill|Air Balloon
|move|p1a: Kingambit|Kowtow Cleave|p2a: Excadrill
|-damage|p2a: Excadrill|0 fnt
|-enditem|p2a: Excadrill|Air Balloon
|faint|p2a: Excadrill
|
|-heal|p1a: Kingambit|32/100|[from] item: Leftovers
|upkeep
|
|t:|1769352008
|switch|p2a: Hydrapple|Hydrapple, M|99/100
|turn|43
|
|t:|1769352011
|move|p1a: Kingambit|Kowtow Cleave|p2a: Hydrapple
|-damage|p2a: Hydrapple|67/100
|move|p2a: Hydrapple|Fickle Beam|p1a: Kingambit|[anim] Fickle Beam All Out
|-activate|p2a: Hydrapple|move: Fickle Beam
|-resisted|p1a: Kingambit
|-damage|p1a: Kingambit|0 fnt
|faint|p1a: Kingambit
|-end|p1a: Kingambit|fallen1|[silent]
|
|upkeep
|
|t:|1769352014
|switch|p1a: Slowking|Slowking-Galar, M|41/100
|turn|44
|
|t:|1769352017
|switch|p2a: Slowking|Slowking-Galar, M|38/100
|move|p1a: Slowking|Ice Beam|p2a: Slowking
|-damage|p2a: Slowking|23/100
|
|upkeep
|turn|45
|
|t:|1769352021
|move|p2a: Slowking|Psyshock|p1a: Slowking
|-damage|p1a: Slowking|8/100
|move|p1a: Slowking|Ice Beam|p2a: Slowking
|-damage|p2a: Slowking|8/100
|
|upkeep
|turn|46
|
|t:|1769352025
|switch|p1a: Great Tusk|Great Tusk|48/100
|move|p2a: Slowking|Flamethrower|p1a: Great Tusk
|-damage|p1a: Great Tusk|17/100
|
|upkeep
|turn|47
|
|t:|1769352030
|switch|p2a: Hydrapple|Hydrapple, M|100/100
|move|p1a: Great Tusk|Knock Off|p2a: Hydrapple
|-damage|p2a: Hydrapple|83/100
|-enditem|p2a: Hydrapple|Heavy-Duty Boots|[from] move: Knock Off|[of] p1a: Great Tusk
|
|upkeep
|turn|48
|
|t:|1769352035
|switch|p2a: Slowking|Slowking-Galar, M|41/100
|move|p1a: Great Tusk|Stealth Rock|p2a: Slowking
|-sidestart|p2: CambridgeFoulPlay|move: Stealth Rock
|
|upkeep
|turn|49
|
|t:|1769352041
|switch|p2a: Hydrapple|Hydrapple, M|100/100
|-damage|p2a: Hydrapple|88/100|[from] Stealth Rock
|move|p1a: Great Tusk|Knock Off|p2a: Hydrapple
|-damage|p2a: Hydrapple|76/100
|
|upkeep
|turn|50
|
|t:|1769352044
|move|p1a: Great Tusk|Headlong Rush|p2a: Hydrapple
|-resisted|p2a: Hydrapple
|-damage|p2a: Hydrapple|58/100
|-unboost|p1a: Great Tusk|def|1
|-unboost|p1a: Great Tusk|spd|1
|move|p2a: Hydrapple|Nasty Plot|p2a: Hydrapple
|-boost|p2a: Hydrapple|spa|2
|
|upkeep
|turn|51
|
|t:|1769352047
|move|p1a: Great Tusk|Headlong Rush|p2a: Hydrapple
|-resisted|p2a: Hydrapple
|-damage|p2a: Hydrapple|40/100
|-unboost|p1a: Great Tusk|def|1
|-unboost|p1a: Great Tusk|spd|1
|move|p2a: Hydrapple|Nasty Plot|p2a: Hydrapple
|-boost|p2a: Hydrapple|spa|2
|
|upkeep
|turn|52
|
|t:|1769352050
|move|p1a: Great Tusk|Headlong Rush|p2a: Hydrapple
|-resisted|p2a: Hydrapple
|-damage|p2a: Hydrapple|22/100
|-unboost|p1a: Great Tusk|def|1
|-unboost|p1a: Great Tusk|spd|1
|move|p2a: Hydrapple|Nasty Plot|p2a: Hydrapple
|-boost|p2a: Hydrapple|spa|2
|
|upkeep
|turn|53
|
|t:|1769352053
|move|p1a: Great Tusk|Headlong Rush|p2a: Hydrapple
|-resisted|p2a: Hydrapple
|-damage|p2a: Hydrapple|5/100
|-unboost|p1a: Great Tusk|def|1
|-unboost|p1a: Great Tusk|spd|1
|move|p2a: Hydrapple|Nasty Plot|p2a: Hydrapple
|-boost|p2a: Hydrapple|spa|0
|
|upkeep
|turn|54
|
|t:|1769352057
|switch|p2a: Slowking|Slowking-Galar, M|74/100
|-damage|p2a: Slowking|62/100|[from] Stealth Rock
|move|p1a: Great Tusk|Headlong Rush|p2a: Slowking
|-supereffective|p2a: Slowking
|-damage|p2a: Slowking|0 fnt
|-unboost|p1a: Great Tusk|def|1
|-unboost|p1a: Great Tusk|spd|1
|faint|p2a: Slowking
|
|upkeep
|
|t:|1769352058
|switch|p2a: Hydrapple|Hydrapple, M|38/100
|-damage|p2a: Hydrapple|26/100|[from] Stealth Rock
|turn|55
|
|t:|1769352060
|move|p1a: Great Tusk|Headlong Rush|p2a: Hydrapple
|-resisted|p2a: Hydrapple
|-damage|p2a: Hydrapple|8/100
|-unboost|p1a: Great Tusk|def|1
|-unboost|p1a: Great Tusk|spd|1
|move|p2a: Hydrapple|Nasty Plot|p2a: Hydrapple
|-boost|p2a: Hydrapple|spa|2
|
|upkeep
|turn|56
|
|t:|1769352063
|move|p1a: Great Tusk|Knock Off|p2a: Hydrapple
|-damage|p2a: Hydrapple|0 fnt
|faint|p2a: Hydrapple
|
|win|I'm evil and spicy
|raw|I&apos;m evil and spicy's rating: 1610 &rarr; <strong>1637</strong><br />(+27 for winning)
|raw|CambridgeFoulPlay's rating: 1728 &rarr; <strong>1701</strong><br />(-27 for losing)
|c|☆CambridgeFoulPlay|gg
