|j|☆mokkai
|j|☆Aeybees
|t:|1769429670
|gametype|singles
|player|p1|mokkai|102|1113
|player|p2|Aeybees|265|1118
|gen|9
|tier|[Gen 9] OU
|rated|
|rule|HP Percentage Mod: HP is shown in percentages
|rule|Endless Battle Clause: Forcing endless battles is banned
|rule|Species Clause: Limit one of each Pokémon
|rule|OHKO Clause: OHKO moves are banned
|rule|Evasion Items Clause: Evasion items are banned
|rule|Evasion Moves Clause: Evasion moves are banned
|rule|Evasion Abilities Clause: Evasion abilities are banned
|rule|Sleep Moves Clause: Sleep-inducing moves are banned
|clearpoke
|poke|p1|Sunflora, M|
|poke|p1|Torkoal, M|
|poke|p1|Grafaiai, F|
|poke|p1|Leafeon, M|
|poke|p1|Walking Wake|
|poke|p1|Iron Treads|
|poke|p2|Toxapex, F|
|poke|p2|Tinkaton, F|
|poke|p2|Gliscor, M|
|poke|p2|Gholdengo|
|poke|p2|Iron Moth|
|poke|p2|Corviknight, M|
|teampreview
|inactive|Battle timer is ON: inactive players will automatically lose when time's up. (requested by Aeybees)
|
|t:|1769429679
|teamsize|p1|6
|teamsize|p2|6
|start
|switch|p1a: Iron Treads|Iron Treads|100/100
|switch|p2a: Gliscor|Gliscor, M|100/100
|turn|1
|
|t:|1769429689
|move|p1a: Iron Treads|Stealth Rock|p2a: Gliscor
|-sidestart|p2: Aeybees|move: Stealth Rock
|move|p2a: Gliscor|Stealth Rock|p1a: Iron Treads
|-sidestart|p1: mokkai|move: Stealth Rock
|
|-status|p2a: Gliscor|tox|[from] item: Toxic Orb
|upkeep
|turn|2
|
|t:|1769429696
|switch|p2a: Corviknight|Corviknight, M|100/100
|-damage|p2a: Corviknight|88/100|[from] Stealth Rock
|-ability|p2a: Corviknight|Pressure
|move|p1a: Iron Treads|Rapid Spin|p2a: Corviknight
|-resisted|p2a: Corviknight
|-damage|p2a: Corviknight|85/100
|-boost|p1a: Iron Treads|spe|1
|-sideend|p1: mokkai|Stealth Rock|[from] move: Rapid Spin|[of] p1a: Iron Treads
|
|-heal|p2a: Corviknight|91/100|[from] item: Leftovers
|upkeep
|turn|3
|
|t:|1769429710
|move|p1a: Iron Treads|Volt Switch|p2a: Corviknight
|-supereffective|p2a: Corviknight
|-damage|p2a: Corviknight|69/100
|
|t:|1769429714
|-end|p1a: Iron Treads|Quark Drive|[silent]
|switch|p1a: Torkoal|Torkoal, M|100/100|[from] Volt Switch
|-weather|SunnyDay|[from] ability: Drought|[of] p1a: Torkoal
|move|p2a: Corviknight|Defog|p1a: Torkoal
|-unboost|p1a: Torkoal|evasion|1
|-sideend|p2: Aeybees|Stealth Rock|[from] move: Defog|[of] p2a: Corviknight
|
|-weather|SunnyDay|[upkeep]
|-heal|p2a: Corviknight|75/100|[from] item: Leftovers
|upkeep
|turn|4
|
|t:|1769429730
|switch|p2a: Toxapex|Toxapex, F|100/100
|move|p1a: Torkoal|Lava Plume|p2a: Toxapex
|-resisted|p2a: Toxapex
|-damage|p2a: Toxapex|86/100
|
|-weather|SunnyDay|[upkeep]
|-heal|p2a: Toxapex|92/100|[from] item: Leftovers
|upkeep
|turn|5
|
|t:|1769429743
|move|p2a: Toxapex|Toxic|p1a: Torkoal
|-status|p1a: Torkoal|tox
|move|p1a: Torkoal|Will-O-Wisp|p2a: Toxapex|[miss]
|-miss|p1a: Torkoal|p2a: Toxapex
|
|-weather|SunnyDay|[upkeep]
|-heal|p2a: Toxapex|98/100|[from] item: Leftovers
|-damage|p1a: Torkoal|94/100 tox|[from] psn
|upkeep
|turn|6
|
|t:|1769429757
|switch|p1a: Sunflora|Sunflora, M|100/100
|move|p2a: Toxapex|Liquidation|p1a: Sunflora
|-resisted|p1a: Sunflora
|-damage|p1a: Sunflora|91/100
|
|-weather|SunnyDay|[upkeep]
|-heal|p2a: Toxapex|100/100|[from] item: Leftovers
|upkeep
|turn|7
|
|t:|1769429776
|switch|p2a: Tinkaton|Tinkaton, F|100/100
|move|p1a: Sunflora|Growth|p1a: Sunflora
|-boost|p1a: Sunflora|atk|2
|-boost|p1a: Sunflora|spa|2
|
|-weather|SunnyDay|[upkeep]
|upkeep
|turn|8
|
|t:|1769429789
|move|p1a: Sunflora|Weather Ball|p2a: Tinkaton
|-supereffective|p2a: Tinkaton
|-damage|p2a: Tinkaton|0 fnt
|faint|p2a: Tinkaton
|-damage|p1a: Sunflora|81/100|[from] item: Life Orb
|
|-weather|SunnyDay|[upkeep]
|upkeep
|
|t:|1769429797
|switch|p2a: Toxapex|Toxapex, F|100/100
|turn|9
|
|t:|1769429801
|move|p1a: Sunflora|Earth Power|p2a: Toxapex
|-supereffective|p2a: Toxapex
|-damage|p2a: Toxapex|0 fnt
|faint|p2a: Toxapex
|-damage|p1a: Sunflora|71/100|[from] item: Life Orb
|
|-weather|SunnyDay|[upkeep]
|upkeep
|
|t:|1769429809
|switch|p2a: Iron Moth|Iron Moth|100/100
|-enditem|p2a: Iron Moth|Booster Energy
|-activate|p2a: Iron Moth|ability: Quark Drive|[fromitem]
|-start|p2a: Iron Moth|quarkdrivespe
|turn|10
|
|t:|1769429819
|switch|p1a: Torkoal|Torkoal, M|94/100 tox
|move|p2a: Iron Moth|Fiery Dance|p1a: Torkoal
|-resisted|p1a: Torkoal
|-damage|p1a: Torkoal|66/100 tox
|
|-weather|none
|-damage|p1a: Torkoal|59/100 tox|[from] psn
|upkeep
|turn|11
|
|t:|1769429837
|switch|p1a: Grafaiai|Grafaiai, F|100/100
|move|p2a: Iron Moth|Sludge Wave|p1a: Grafaiai
|-resisted|p1a: Grafaiai
|-damage|p1a: Grafaiai|80/100
|
|upkeep
|turn|12
|inactive|Aeybees has 120 seconds left.
|
|t:|1769429863
|move|p1a: Grafaiai|Parting Shot|p2a: Iron Moth
|-unboost|p2a: Iron Moth|atk|1
|-unboost|p2a: Iron Moth|spa|1
|
|t:|1769429866
|switch|p1a: Torkoal|Torkoal, M|59/100 tox|[from] Parting Shot
|-weather|SunnyDay|[from] ability: Drought|[of] p1a: Torkoal
|move|p2a: Iron Moth|Fiery Dance|p1a: Torkoal
|-resisted|p1a: Torkoal
|-damage|p1a: Torkoal|43/100 tox
|
|-weather|SunnyDay|[upkeep]
|-damage|p1a: Torkoal|37/100 tox|[from] psn
|upkeep
|turn|13
|
|t:|1769429880
|switch|p1a: Walking Wake|Walking Wake|100/100
|-activate|p1a: Walking Wake|ability: Protosynthesis
|-start|p1a: Walking Wake|protosynthesisspa
|move|p2a: Iron Moth|Dazzling Gleam|p1a: Walking Wake
|-supereffective|p1a: Walking Wake
|-crit|p1a: Walking Wake
|-damage|p1a: Walking Wake|31/100
|
|-weather|SunnyDay|[upkeep]
|upkeep
|turn|14
|
|t:|1769429901
|move|p2a: Iron Moth|Dazzling Gleam|p1a: Walking Wake
|-supereffective|p1a: Walking Wake
|-damage|p1a: Walking Wake|0 fnt
|faint|p1a: Walking Wake
|-end|p1a: Walking Wake|Protosynthesis|[silent]
|
|-weather|SunnyDay|[upkeep]
|upkeep
|
|t:|1769429912
|switch|p1a: Sunflora|Sunflora, M|71/100
|turn|15
|
|t:|1769429926
|move|p2a: Iron Moth|Fiery Dance|p1a: Sunflora
|-supereffective|p1a: Sunflora
|-damage|p1a: Sunflora|0 fnt
|faint|p1a: Sunflora
|
|-weather|SunnyDay|[upkeep]
|upkeep
|
|t:|1769429932
|switch|p1a: Leafeon|Leafeon, M|100/100
|turn|16
|
|t:|1769429939
|-terastallize|p1a: Leafeon|Fire
|move|p1a: Leafeon|Swords Dance|p1a: Leafeon
|-boost|p1a: Leafeon|atk|2
|move|p2a: Iron Moth|Fiery Dance|p1a: Leafeon
|-resisted|p1a: Leafeon
|-damage|p1a: Leafeon|63/100
|-boost|p2a: Iron Moth|spa|1
|
|-weather|SunnyDay|[upkeep]
|-heal|p1a: Leafeon|69/100|[from] item: Leftovers
|upkeep
|turn|17
|
|t:|1769429951
|move|p1a: Leafeon|Knock Off|p2a: Iron Moth
|-damage|p2a: Iron Moth|41/100
|move|p2a: Iron Moth|Sludge Wave|p1a: Leafeon
|-damage|p1a: Leafeon|0 fnt
|faint|p1a: Leafeon
|
|-weather|SunnyDay|[upkeep]
|upkeep
|
|t:|1769429961
|switch|p1a: Iron Treads|Iron Treads|100/100
|turn|18
|inactive|Aeybees has 120 seconds left.
|-message|mokkai forfeited.
|
|win|Aeybees
|raw|mokkai's rating: 1113 &rarr; <strong>1088</strong><br />(-25 for losing)
|raw|Aeybees's rating: 1118 &rarr; <strong>1143</strong><br />(+25 for winning)
|l|☆mokkai
|player|p1|
|l|☆Aeybees
|player|p2|
