|j|☆potayo
|j|☆GODKUD
|t:|1769386153
|gametype|singles
|player|p1|potayo|clerk|1584
|player|p2|GODKUD|ghetsis-gen5bw|1677
|gen|9
|tier|[Gen 9] OU
|rated|
|rule|HP Percentage Mod: HP is shown in percentages
|rule|Endless Battle Clause: Forcing endless battles is banned
|rule|Species Clause: Limit one of each Pokémon
|rule|OHKO Clause: OHKO moves are banned
|rule|Evasion Items Clause: Evasion items are banned
|rule|Evasion Moves Clause: Evasion moves are banned
|rule|Evasion Abilities Clause: Evasion abilities are banned
|rule|Sleep Moves Clause: Sleep-inducing moves are banned
|clearpoke
|poke|p1|Excadrill, M|
|poke|p1|Tyranitar, F|
|poke|p1|Hatterene, F|
|poke|p1|Landorus-Therian, M|
|poke|p1|Ursaluna, M|
|poke|p1|Amoonguss, F|
|poke|p2|Zamazenta-*|
|poke|p2|Kyurem|
|poke|p2|Hoopa-Unbound|
|poke|p2|Diancie|
|poke|p2|Iron Treads|
|poke|p2|Volcanion|
|teampreview
|inactive|Battle timer is ON: inactive players will automatically lose when time's up. (requested by GODKUD)
|j| Ctannn
|inactive|potayo has 120 seconds left.
|l|☆GODKUD
|inactive|GODKUD disconnected and has a minute to reconnect!
|player|p2|
|inactive|potayo has 90 seconds left.
|j|☆GODKUD
|inactive|GODKUD reconnected.
|player|p2|GODKUD|ghetsis-gen5bw|
|
|t:|1769386233
|teamsize|p1|6
|teamsize|p2|6
|start
|switch|p1a: Tyranitar|Tyranitar, F|100/100
|switch|p2a: Iron Treads|Iron Treads|100/100
|-weather|Sandstorm|[from] ability: Sand Stream|[of] p1a: Tyranitar
|-enditem|p2a: Iron Treads|Booster Energy
|-activate|p2a: Iron Treads|ability: Quark Drive|[fromitem]
|-start|p2a: Iron Treads|quarkdrivespe
|turn|1
|inactive|potayo has 120 seconds left.
|
|t:|1769386274
|switch|p1a: Landorus|Landorus-Therian, M|100/100
|-ability|p1a: Landorus|Intimidate|boost
|-unboost|p2a: Iron Treads|atk|1
|move|p2a: Iron Treads|Stealth Rock|p1a: Landorus
|-sidestart|p1: potayo|move: Stealth Rock
|
|-weather|Sandstorm|[upkeep]
|upkeep
|turn|2
|
|t:|1769386279
|move|p2a: Iron Treads|Knock Off|p1a: Landorus
|-damage|p1a: Landorus|86/100
|-enditem|p1a: Landorus|Leftovers|[from] move: Knock Off|[of] p2a: Iron Treads
|move|p1a: Landorus|U-turn|p2a: Iron Treads
|-resisted|p2a: Iron Treads
|-damage|p2a: Iron Treads|91/100
|
|t:|1769386282
|switch|p1a: Excadrill|Excadrill, M|100/100|[from] U-turn
|-damage|p1a: Excadrill|97/100|[from] Stealth Rock
|
|-weather|Sandstorm|[upkeep]
|upkeep
|turn|3
|
|t:|1769386288
|-terastallize|p2a: Iron Treads|Ghost
|move|p1a: Excadrill|Earthquake|p2a: Iron Treads
|-damage|p2a: Iron Treads|4/100
|move|p2a: Iron Treads|Earthquake|p1a: Excadrill
|-supereffective|p1a: Excadrill
|-damage|p1a: Excadrill|0 fnt
|faint|p1a: Excadrill
|
|-weather|Sandstorm|[upkeep]
|-damage|p2a: Iron Treads|0 fnt|[from] Sandstorm
|faint|p2a: Iron Treads
|-end|p2a: Iron Treads|Quark Drive|[silent]
|upkeep
|
|t:|1769386306
|switch|p2a: Diancie|Diancie|100/100
|switch|p1a: Ursaluna|Ursaluna, M|100/100
|-damage|p1a: Ursaluna|94/100|[from] Stealth Rock
|turn|4
|
|t:|1769386315
|move|p1a: Ursaluna|Earthquake|p2a: Diancie
|-supereffective|p2a: Diancie
|-damage|p2a: Diancie|0 fnt
|faint|p2a: Diancie
|
|-weather|Sandstorm|[upkeep]
|upkeep
|j| Nikator98
|
|t:|1769386318
|switch|p2a: Zamazenta|Zamazenta|100/100
|-ability|p2a: Zamazenta|Dauntless Shield|boost
|-boost|p2a: Zamazenta|def|1
|turn|5
|l| Nikator98
|
|t:|1769386337
|switch|p1a: Amoonguss|Amoonguss, F|100/100
|-damage|p1a: Amoonguss|88/100|[from] Stealth Rock
|move|p2a: Zamazenta|Close Combat|p1a: Amoonguss
|-resisted|p1a: Amoonguss
|-damage|p1a: Amoonguss|67/100
|-unboost|p2a: Zamazenta|def|1
|-unboost|p2a: Zamazenta|spd|1
|-damage|p2a: Zamazenta|84/100|[from] item: Rocky Helmet|[of] p1a: Amoonguss
|
|-weather|Sandstorm|[upkeep]
|-damage|p2a: Zamazenta|78/100|[from] Sandstorm
|-damage|p1a: Amoonguss|61/100|[from] Sandstorm
|-heal|p2a: Zamazenta|84/100|[from] item: Leftovers
|upkeep
|turn|6
|
|t:|1769386353
|switch|p2a: Volcanion|Volcanion|100/100
|move|p1a: Amoonguss|Grass Knot|p2a: Volcanion
|-damage|p2a: Volcanion|77/100
|
|-weather|Sandstorm|[upkeep]
|-damage|p2a: Volcanion|71/100|[from] Sandstorm
|-damage|p1a: Amoonguss|54/100|[from] Sandstorm
|upkeep
|turn|7
|inactive|potayo has 120 seconds left.
|l|☆GODKUD
|inactive|GODKUD disconnected and has a minute to reconnect!
|player|p2|
|inactive|potayo has 90 seconds left.
|
|t:|1769386407
|switch|p1a: Landorus|Landorus-Therian, M|86/100
|-damage|p1a: Landorus|74/100|[from] Stealth Rock
|-ability|p1a: Landorus|Intimidate|boost
|-unboost|p2a: Volcanion|atk|1
|move|p2a: Volcanion|Steam Eruption|p1a: Landorus
|-supereffective|p1a: Landorus
|-damage|p1a: Landorus|0 fnt
|faint|p1a: Landorus
|
|-weather|Sandstorm|[upkeep]
|-damage|p2a: Volcanion|65/100|[from] Sandstorm
|upkeep
|
|t:|1769386423
|switch|p1a: Tyranitar|Tyranitar, F|100/100
|-damage|p1a: Tyranitar|88/100|[from] Stealth Rock
|turn|8
|j|☆GODKUD
|inactive|GODKUD reconnected and has 140 seconds left.
|player|p2|GODKUD|ghetsis-gen5bw|
|
|t:|1769386442
|move|p2a: Volcanion|Steam Eruption|p1a: Tyranitar
|-supereffective|p1a: Tyranitar
|-damage|p1a: Tyranitar|34/100
|move|p1a: Tyranitar|Knock Off|p2a: Volcanion
|-damage|p2a: Volcanion|26/100
|-enditem|p2a: Volcanion|Assault Vest|[from] move: Knock Off|[of] p1a: Tyranitar
|
|-weather|none
|upkeep
|turn|9
|
|t:|1769386453
|move|p2a: Volcanion|Steam Eruption|p1a: Tyranitar
|-supereffective|p1a: Tyranitar
|-damage|p1a: Tyranitar|0 fnt
|faint|p1a: Tyranitar
|
|upkeep
|
|t:|1769386460
|switch|p1a: Hatterene|Hatterene, F|100/100
|-damage|p1a: Hatterene|88/100|[from] Stealth Rock
|turn|10
|
|t:|1769386463
|move|p2a: Volcanion|Steam Eruption|p1a: Hatterene
|-damage|p1a: Hatterene|22/100
|-status|p1a: Hatterene|brn
|move|p1a: Hatterene|Psychic Noise|p2a: Volcanion
|-damage|p2a: Volcanion|0 fnt
|faint|p2a: Volcanion
|
|-heal|p1a: Hatterene|28/100 brn|[from] item: Leftovers
|-damage|p1a: Hatterene|22/100 brn|[from] brn
|upkeep
|
|t:|1769386479
|switch|p2a: Kyurem|Kyurem|100/100
|-ability|p2a: Kyurem|Pressure
|turn|11
|
|t:|1769386486
|move|p2a: Kyurem|Icicle Spear|p1a: Hatterene
|-damage|p1a: Hatterene|12/100 brn
|-damage|p1a: Hatterene|1/100 brn
|-damage|p1a: Hatterene|0 fnt
|faint|p1a: Hatterene
|-hitcount|p1: Hatterene|3
|
|upkeep
|
|t:|1769386489
|switch|p1a: Ursaluna|Ursaluna, M|94/100
|-damage|p1a: Ursaluna|88/100|[from] Stealth Rock
|turn|12
|
|t:|1769386491
|move|p2a: Kyurem|Icicle Spear|p1a: Ursaluna
|-supereffective|p1a: Ursaluna
|-damage|p1a: Ursaluna|70/100
|-supereffective|p1a: Ursaluna
|-damage|p1a: Ursaluna|51/100
|-supereffective|p1a: Ursaluna
|-damage|p1a: Ursaluna|32/100
|-supereffective|p1a: Ursaluna
|-damage|p1a: Ursaluna|12/100
|-supereffective|p1a: Ursaluna
|-damage|p1a: Ursaluna|0 fnt
|faint|p1a: Ursaluna
|-hitcount|p1: Ursaluna|5
|
|upkeep
|-message|potayo forfeited.
|
|win|GODKUD
|raw|potayo's rating: 1584 &rarr; <strong>1569</strong><br />(-15 for losing)
|raw|GODKUD's rating: 1677 &rarr; <strong>1692</strong><br />(+15 for winning)
|l|☆potayo
|player|p1|
|l|☆GODKUD
|player|p2|
