|j|☆RoyalNeptune
|j|☆DuelerFigure
|t:|1769399388
|gametype|singles
|player|p1|RoyalNeptune|102|
|player|p2|DuelerFigure|cynthia-gen4|
|gen|9
|tier|[Gen 9] OU
|rule|HP Percentage Mod: HP is shown in percentages
|rule|Endless Battle Clause: Forcing endless battles is banned
|rule|Species Clause: Limit one of each Pokémon
|rule|OHKO Clause: OHKO moves are banned
|rule|Evasion Items Clause: Evasion items are banned
|rule|Evasion Moves Clause: Evasion moves are banned
|rule|Evasion Abilities Clause: Evasion abilities are banned
|rule|Sleep Moves Clause: Sleep-inducing moves are banned
|clearpoke
|poke|p1|Samurott-Hisui, F|
|poke|p1|Suicune|
|poke|p1|Excadrill, F|
|poke|p1|Kyurem|
|poke|p1|Enamorus, F|
|poke|p1|Kingambit, F|
|poke|p2|Rillaboom, M|
|poke|p2|Dragapult, F|
|poke|p2|Iron Moth|
|poke|p2|Garchomp, M|
|poke|p2|Dondozo, M|
|poke|p2|Cinderace, F|
|teampreview
|j| TacoDile 3 Returns
|j| Raichudvd13
|
|t:|1769399411
|teamsize|p1|6
|teamsize|p2|6
|start
|switch|p1a: LEGIONPRO7IUTRA9|Kyurem, shiny|100/100
|switch|p2a: Rillabomboclat|Rillaboom, M, shiny|100/100
|-ability|p1a: LEGIONPRO7IUTRA9|Pressure
|-fieldstart|move: Grassy Terrain|[from] ability: Grassy Surge|[of] p2a: Rillabomboclat
|turn|1
|
|t:|1769399425
|switch|p2a: Whoppa'|Dondozo, M, shiny|100/100
|move|p1a: LEGIONPRO7IUTRA9|Ice Beam|p2a: Whoppa'
|-resisted|p2a: Whoppa'
|-damage|p2a: Whoppa'|80/100
|
|-heal|p2a: Whoppa'|87/100|[from] Grassy Terrain
|-heal|p2a: Whoppa'|93/100|[from] item: Leftovers
|upkeep
|turn|2
|j| SwiftSwine
|j| Xcion
|
|t:|1769399442
|move|p1a: LEGIONPRO7IUTRA9|Earth Power|p2a: Whoppa'
|-damage|p2a: Whoppa'|62/100
|move|p2a: Whoppa'|Body Press|p1a: LEGIONPRO7IUTRA9
|-supereffective|p1a: LEGIONPRO7IUTRA9
|-damage|p1a: LEGIONPRO7IUTRA9|46/100
|
|-heal|p1a: LEGIONPRO7IUTRA9|52/100|[from] Grassy Terrain
|-heal|p2a: Whoppa'|68/100|[from] Grassy Terrain
|-heal|p2a: Whoppa'|74/100|[from] item: Leftovers
|upkeep
|turn|3
|
|t:|1769399455
|switch|p1a: ASUS ROG STRIX G16|Samurott-Hisui, F, shiny|100/100
|move|p2a: Whoppa'|Body Press|p1a: ASUS ROG STRIX G16
|-supereffective|p1a: ASUS ROG STRIX G16
|-crit|p1a: ASUS ROG STRIX G16
|-damage|p1a: ASUS ROG STRIX G16|8/100
|
|-heal|p1a: ASUS ROG STRIX G16|14/100|[from] Grassy Terrain
|-heal|p2a: Whoppa'|80/100|[from] Grassy Terrain
|-heal|p2a: Whoppa'|87/100|[from] item: Leftovers
|upkeep
|turn|4
|
|t:|1769399485
|move|p1a: ASUS ROG STRIX G16|Sucker Punch|p2a: Whoppa'
|-damage|p2a: Whoppa'|74/100
|move|p2a: Whoppa'|Body Press|p1a: ASUS ROG STRIX G16
|-supereffective|p1a: ASUS ROG STRIX G16
|-damage|p1a: ASUS ROG STRIX G16|0 fnt
|faint|p1a: ASUS ROG STRIX G16
|
|-heal|p2a: Whoppa'|80/100|[from] Grassy Terrain
|-heal|p2a: Whoppa'|86/100|[from] item: Leftovers
|upkeep
|
|t:|1769399522
|switch|p1a: ACER NITRO V 16S|Suicune, shiny|100/100
|-ability|p1a: ACER NITRO V 16S|Pressure
|turn|5
|
|t:|1769399535
|move|p1a: ACER NITRO V 16S|Ice Beam|p2a: Whoppa'
|-resisted|p2a: Whoppa'
|-damage|p2a: Whoppa'|76/100
|move|p2a: Whoppa'|Body Press|p1a: ACER NITRO V 16S
|-damage|p1a: ACER NITRO V 16S|81/100
|
|-heal|p1a: ACER NITRO V 16S|87/100|[from] Grassy Terrain
|-heal|p1a: ACER NITRO V 16S|93/100|[from] item: Leftovers
|-heal|p2a: Whoppa'|83/100|[from] Grassy Terrain
|-heal|p2a: Whoppa'|89/100|[from] item: Leftovers
|-fieldend|move: Grassy Terrain
|upkeep
|turn|6
|
|t:|1769399547
|switch|p2a: Rillabomboclat|Rillaboom, M, shiny|100/100
|-fieldstart|move: Grassy Terrain|[from] ability: Grassy Surge|[of] p2a: Rillabomboclat
|move|p1a: ACER NITRO V 16S|Scald|p2a: Rillabomboclat
|-resisted|p2a: Rillabomboclat
|-damage|p2a: Rillabomboclat|84/100
|
|-heal|p1a: ACER NITRO V 16S|99/100|[from] Grassy Terrain
|-heal|p1a: ACER NITRO V 16S|100/100|[from] item: Leftovers
|-heal|p2a: Rillabomboclat|90/100|[from] Grassy Terrain
|upkeep
|turn|7
|c| Xcion|whys rillaboom got no cheeks ?
|
|t:|1769399565
|switch|p1a: MSI KATANA 15 HX|Enamorus, F|100/100
|move|p2a: Rillabomboclat|Wood Hammer|p1a: MSI KATANA 15 HX
|-resisted|p1a: MSI KATANA 15 HX
|-damage|p1a: MSI KATANA 15 HX|0 fnt
|faint|p1a: MSI KATANA 15 HX
|-damage|p2a: Rillabomboclat|62/100|[from] Recoil
|
|-heal|p2a: Rillabomboclat|68/100|[from] Grassy Terrain
|upkeep
|c| SwiftSwine|That's what im sayin
|
|t:|1769399575
|switch|p1a: LEGIONPRO7IUTRA9|Kyurem, shiny|52/100
|-ability|p1a: LEGIONPRO7IUTRA9|Pressure
|turn|8
|
|t:|1769399581
|switch|p2a: Whoppa'|Dondozo, M, shiny|89/100
|move|p1a: LEGIONPRO7IUTRA9|Ice Beam|p2a: Whoppa'
|-resisted|p2a: Whoppa'
|-damage|p2a: Whoppa'|66/100
|
|-heal|p1a: LEGIONPRO7IUTRA9|59/100|[from] Grassy Terrain
|-heal|p2a: Whoppa'|72/100|[from] Grassy Terrain
|-heal|p2a: Whoppa'|78/100|[from] item: Leftovers
|upkeep
|turn|9
|
|t:|1769399595
|move|p1a: LEGIONPRO7IUTRA9|Earth Power|p2a: Whoppa'
|-damage|p2a: Whoppa'|49/100
|move|p2a: Whoppa'|Body Press|p1a: LEGIONPRO7IUTRA9
|-supereffective|p1a: LEGIONPRO7IUTRA9
|-damage|p1a: LEGIONPRO7IUTRA9|2/100
|
|-heal|p1a: LEGIONPRO7IUTRA9|8/100|[from] Grassy Terrain
|-heal|p2a: Whoppa'|55/100|[from] Grassy Terrain
|-heal|p2a: Whoppa'|61/100|[from] item: Leftovers
|upkeep
|turn|10
|
|t:|1769399619
|move|p1a: LEGIONPRO7IUTRA9|Rest|p1a: LEGIONPRO7IUTRA9
|-status|p1a: LEGIONPRO7IUTRA9|slp|[from] move: Rest
|-heal|p1a: LEGIONPRO7IUTRA9|100/100 slp|[silent]
|move|p2a: Whoppa'|Rest|p2a: Whoppa'
|-status|p2a: Whoppa'|slp|[from] move: Rest
|-heal|p2a: Whoppa'|100/100 slp|[silent]
|
|-fieldend|move: Grassy Terrain
|upkeep
|turn|11
|
|t:|1769399637
|switch|p1a: LEGIONPRO7IUTRA7|Excadrill, F, shiny|100/100
|cant|p2a: Whoppa'|slp
|move|p2a: Whoppa'|Sleep Talk|p2a: Whoppa'
|move|p2a: Whoppa'|Waterfall|p1a: LEGIONPRO7IUTRA7|[from] move: Sleep Talk
|-supereffective|p1a: LEGIONPRO7IUTRA7
|-damage|p1a: LEGIONPRO7IUTRA7|17/100
|
|-heal|p1a: LEGIONPRO7IUTRA7|23/100|[from] item: Leftovers
|upkeep
|turn|12
|
|t:|1769399657
|move|p1a: LEGIONPRO7IUTRA7|Iron Head|p2a: Whoppa'
|-resisted|p2a: Whoppa'
|-damage|p2a: Whoppa'|91/100 slp
|cant|p2a: Whoppa'|slp
|move|p2a: Whoppa'|Sleep Talk|p2a: Whoppa'
|move|p2a: Whoppa'|Rest||[from] move: Sleep Talk|[still]
|-fail|p2a: Whoppa'
|
|-heal|p1a: LEGIONPRO7IUTRA7|29/100|[from] item: Leftovers
|-heal|p2a: Whoppa'|97/100 slp|[from] item: Leftovers
|upkeep
|turn|13
|
|t:|1769399673
|move|p1a: LEGIONPRO7IUTRA7|Iron Head|p2a: Whoppa'
|-resisted|p2a: Whoppa'
|-damage|p2a: Whoppa'|88/100 slp
|-curestatus|p2a: Whoppa'|slp|[msg]
|move|p2a: Whoppa'|Body Press|p1a: LEGIONPRO7IUTRA7
|-supereffective|p1a: LEGIONPRO7IUTRA7
|-damage|p1a: LEGIONPRO7IUTRA7|0 fnt
|faint|p1a: LEGIONPRO7IUTRA7
|
|-heal|p2a: Whoppa'|94/100|[from] item: Leftovers
|upkeep
|
|t:|1769399684
|switch|p1a: ACER NITRO V 16S|Suicune, shiny|100/100
|-ability|p1a: ACER NITRO V 16S|Pressure
|turn|14
|
|t:|1769399691
|switch|p2a: Rillabomboclat|Rillaboom, M, shiny|68/100
|-fieldstart|move: Grassy Terrain|[from] ability: Grassy Surge|[of] p2a: Rillabomboclat
|move|p1a: ACER NITRO V 16S|Scald|p2a: Rillabomboclat
|-resisted|p2a: Rillabomboclat
|-damage|p2a: Rillabomboclat|52/100
|
|-heal|p2a: Rillabomboclat|58/100|[from] Grassy Terrain
|upkeep
|turn|15
|
|t:|1769399701
|move|p1a: ACER NITRO V 16S|Ice Beam|p2a: Rillabomboclat
|-supereffective|p2a: Rillabomboclat
|-damage|p2a: Rillabomboclat|5/100
|move|p2a: Rillabomboclat|Wood Hammer|p1a: ACER NITRO V 16S
|-supereffective|p1a: ACER NITRO V 16S
|-damage|p1a: ACER NITRO V 16S|0 fnt
|faint|p1a: ACER NITRO V 16S
|-damage|p2a: Rillabomboclat|0 fnt|[from] Recoil
|faint|p2a: Rillabomboclat
|
|upkeep
|
|t:|1769399728
|switch|p1a: LEGIONPRO7IUTRA9|Kyurem, shiny|100/100 slp
|switch|p2a: Dragapunt|Dragapult, F, shiny|100/100
|-ability|p1a: LEGIONPRO7IUTRA9|Pressure
|turn|16
|
|t:|1769399749
|move|p2a: Dragapunt|Dragon Darts|p1a: LEGIONPRO7IUTRA9
|-supereffective|p1a: LEGIONPRO7IUTRA9
|-damage|p1a: LEGIONPRO7IUTRA9|42/100 slp
|-anim|p2a: Dragapunt|Dragon Darts|p1a: LEGIONPRO7IUTRA9
|-supereffective|p1a: LEGIONPRO7IUTRA9
|-damage|p1a: LEGIONPRO7IUTRA9|0 fnt
|faint|p1a: LEGIONPRO7IUTRA9
|-damage|p2a: Dragapunt|91/100|[from] item: Life Orb
|
|-heal|p2a: Dragapunt|97/100|[from] Grassy Terrain
|upkeep
|
|t:|1769399758
|switch|p1a: HP OMEN GMNG LPTP|Kingambit, F, shiny|100/100
|-activate|p1a: HP OMEN GMNG LPTP|ability: Supreme Overlord
|-start|p1a: HP OMEN GMNG LPTP|fallen5|[silent]
|turn|17
|
|t:|1769399788
|switch|p2a: Whoppa'|Dondozo, M, shiny|94/100
|-terastallize|p1a: HP OMEN GMNG LPTP|Dark
|move|p1a: HP OMEN GMNG LPTP|Swords Dance|p1a: HP OMEN GMNG LPTP
|-boost|p1a: HP OMEN GMNG LPTP|atk|2
|
|-heal|p2a: Whoppa'|99/100|[from] Grassy Terrain
|-heal|p2a: Whoppa'|100/100|[from] item: Leftovers
|upkeep
|turn|18
|
|t:|1769399809
|move|p1a: HP OMEN GMNG LPTP|Sucker Punch|p2a: Whoppa'
|-damage|p2a: Whoppa'|67/100
|move|p2a: Whoppa'|Body Press|p1a: HP OMEN GMNG LPTP
|-supereffective|p1a: HP OMEN GMNG LPTP
|-damage|p1a: HP OMEN GMNG LPTP|57/100
|
|-heal|p1a: HP OMEN GMNG LPTP|64/100|[from] Grassy Terrain
|-heal|p1a: HP OMEN GMNG LPTP|70/100|[from] item: Leftovers
|-heal|p2a: Whoppa'|74/100|[from] Grassy Terrain
|-heal|p2a: Whoppa'|80/100|[from] item: Leftovers
|-fieldend|move: Grassy Terrain
|upkeep
|turn|19
|
|t:|1769399822
|move|p1a: HP OMEN GMNG LPTP|Swords Dance|p1a: HP OMEN GMNG LPTP
|-boost|p1a: HP OMEN GMNG LPTP|atk|2
|move|p2a: Whoppa'|Rest|p2a: Whoppa'
|-status|p2a: Whoppa'|slp|[from] move: Rest
|-heal|p2a: Whoppa'|100/100 slp|[silent]
|
|-heal|p1a: HP OMEN GMNG LPTP|76/100|[from] item: Leftovers
|upkeep
|turn|20
|
|t:|1769399831
|move|p1a: HP OMEN GMNG LPTP|Swords Dance|p1a: HP OMEN GMNG LPTP
|-boost|p1a: HP OMEN GMNG LPTP|atk|2
|cant|p2a: Whoppa'|slp
|move|p2a: Whoppa'|Sleep Talk|p2a: Whoppa'
|move|p2a: Whoppa'|Body Press|p1a: HP OMEN GMNG LPTP|[from] move: Sleep Talk
|-supereffective|p1a: HP OMEN GMNG LPTP
|-damage|p1a: HP OMEN GMNG LPTP|37/100
|
|-heal|p1a: HP OMEN GMNG LPTP|43/100|[from] item: Leftovers
|upkeep
|turn|21
|
|t:|1769399868
|move|p1a: HP OMEN GMNG LPTP|Sucker Punch||[still]
|-fail|p1a: HP OMEN GMNG LPTP
|cant|p2a: Whoppa'|slp
|move|p2a: Whoppa'|Sleep Talk|p2a: Whoppa'
|move|p2a: Whoppa'|Body Press|p1a: HP OMEN GMNG LPTP|[from] move: Sleep Talk
|-supereffective|p1a: HP OMEN GMNG LPTP
|-damage|p1a: HP OMEN GMNG LPTP|3/100
|
|-heal|p1a: HP OMEN GMNG LPTP|10/100|[from] item: Leftovers
|upkeep
|turn|22
|c| Xcion|tahm kench W
|
|t:|1769399887
|move|p1a: HP OMEN GMNG LPTP|Kowtow Cleave|p2a: Whoppa'
|-damage|p2a: Whoppa'|66/100 slp
|-curestatus|p2a: Whoppa'|slp|[msg]
|move|p2a: Whoppa'|Body Press|p1a: HP OMEN GMNG LPTP
|-supereffective|p1a: HP OMEN GMNG LPTP
|-damage|p1a: HP OMEN GMNG LPTP|0 fnt
|faint|p1a: HP OMEN GMNG LPTP
|-end|p1a: HP OMEN GMNG LPTP|fallen5|[silent]
|
|win|DuelerFigure
|l|☆DuelerFigure
|player|p2|
|l|☆RoyalNeptune
|player|p1|
