|j|☆Evioliths for win
|j|☆zigachad
|t:|1769367733
|gametype|singles
|player|p1|Evioliths for win|ninjaboy|1235
|player|p2|zigachad|unknown|1261
|gen|9
|tier|[Gen 9] OU
|rated|
|rule|HP Percentage Mod: HP is shown in percentages
|rule|Endless Battle Clause: Forcing endless battles is banned
|rule|Species Clause: Limit one of each Pokémon
|rule|OHKO Clause: OHKO moves are banned
|rule|Evasion Items Clause: Evasion items are banned
|rule|Evasion Moves Clause: Evasion moves are banned
|rule|Evasion Abilities Clause: Evasion abilities are banned
|rule|Sleep Moves Clause: Sleep-inducing moves are banned
|clearpoke
|poke|p1|Darkrai|
|poke|p1|Gliscor, M|
|poke|p1|Goodra, M|
|poke|p1|Weezing-Galar, M|
|poke|p1|Vikavolt, F|
|poke|p1|Naclstack, M|
|poke|p2|Revavroom, M|
|poke|p2|Zapdos|
|poke|p2|Arcanine-Hisui, F|
|poke|p2|Greninja-*, M|
|poke|p2|Ogerpon, F|
|poke|p2|Great Tusk|
|teampreview
|inactive|Battle timer is ON: inactive players will automatically lose when time's up. (requested by zigachad)
|
|t:|1769367753
|teamsize|p1|6
|teamsize|p2|6
|start
|switch|p1a: Vikavolt|Vikavolt, F|100/100
|switch|p2a: Great Tusk|Great Tusk|100/100
|turn|1
|
|t:|1769367760
|move|p2a: Great Tusk|Stealth Rock|p1a: Vikavolt
|-sidestart|p1: Evioliths for win|move: Stealth Rock
|move|p1a: Vikavolt|Energy Ball|p2a: Great Tusk
|-supereffective|p2a: Great Tusk
|-damage|p2a: Great Tusk|0 fnt
|faint|p2a: Great Tusk
|-end|p2a: Great Tusk|Protosynthesis|[silent]
|
|upkeep
|
|t:|1769367767
|switch|p2a: Arcanine|Arcanine-Hisui, F|100/100
|turn|2
|
|t:|1769367771
|move|p2a: Arcanine|Head Smash|p1a: Vikavolt
|-supereffective|p1a: Vikavolt
|-enditem|p1a: Vikavolt|Focus Sash
|-damage|p1a: Vikavolt|1/100
|move|p1a: Vikavolt|Sticky Web|p2a: Arcanine
|-sidestart|p2: zigachad|move: Sticky Web
|
|upkeep
|turn|3
|
|t:|1769367778
|move|p2a: Arcanine|Head Smash|p1a: Vikavolt
|-supereffective|p1a: Vikavolt
|-damage|p1a: Vikavolt|0 fnt
|faint|p1a: Vikavolt
|
|upkeep
|
|t:|1769367782
|switch|p1a: Weezing|Weezing-Galar, M|100/100
|-damage|p1a: Weezing|88/100|[from] Stealth Rock
|turn|4
|
|t:|1769367788
|move|p2a: Arcanine|Head Smash|p1a: Weezing
|-damage|p1a: Weezing|16/100
|move|p1a: Weezing|Pain Split|p2a: Arcanine
|-sethp|p2a: Arcanine|58/100|[from] move: Pain Split|[silent]
|-sethp|p1a: Weezing|58/100|[from] move: Pain Split
|
|-heal|p1a: Weezing|64/100|[from] item: Black Sludge
|upkeep
|turn|5
|
|t:|1769367797
|move|p2a: Arcanine|Head Smash|p1a: Weezing|[miss]
|-miss|p2a: Arcanine|p1a: Weezing
|move|p1a: Weezing|Toxic|p2a: Arcanine
|-status|p2a: Arcanine|tox
|
|-heal|p1a: Weezing|70/100|[from] item: Black Sludge
|-damage|p2a: Arcanine|52/100 tox|[from] psn
|upkeep
|turn|6
|
|t:|1769367807
|move|p2a: Arcanine|Head Smash|p1a: Weezing
|-damage|p1a: Weezing|0 fnt
|faint|p1a: Weezing
|
|-damage|p2a: Arcanine|40/100 tox|[from] psn
|upkeep
|
|t:|1769367812
|switch|p1a: Gliscor|Gliscor, M|100/100
|-damage|p1a: Gliscor|88/100|[from] Stealth Rock
|turn|7
|
|t:|1769367817
|move|p1a: Gliscor|Protect|p1a: Gliscor
|-singleturn|p1a: Gliscor|Protect
|move|p2a: Arcanine|Head Smash|p1a: Gliscor
|-activate|p1a: Gliscor|move: Protect
|
|-damage|p2a: Arcanine|22/100 tox|[from] psn
|-status|p1a: Gliscor|tox|[from] item: Toxic Orb
|upkeep
|turn|8
|
|t:|1769367826
|move|p1a: Gliscor|Protect||[still]
|-fail|p1a: Gliscor
|move|p2a: Arcanine|Head Smash|p1a: Gliscor
|-damage|p1a: Gliscor|0 fnt
|faint|p1a: Gliscor
|
|-damage|p2a: Arcanine|0 fnt|[from] psn
|faint|p2a: Arcanine
|upkeep
|
|t:|1769367836
|switch|p2a: Revavroom|Revavroom, M|100/100
|switch|p1a: Naclstack|Naclstack, M|100/100
|-item|p2a: Revavroom|Air Balloon
|-damage|p1a: Naclstack|88/100|[from] Stealth Rock
|turn|9
|
|t:|1769367845
|move|p2a: Revavroom|Shift Gear|p2a: Revavroom
|-boost|p2a: Revavroom|spe|2
|-boost|p2a: Revavroom|atk|1
|move|p1a: Naclstack|Salt Cure|p2a: Revavroom
|-resisted|p2a: Revavroom
|-damage|p2a: Revavroom|95/100
|-start|p2a: Revavroom|Salt Cure
|-enditem|p2a: Revavroom|Air Balloon
|
|-damage|p2a: Revavroom|70/100|[from] Salt Cure
|upkeep
|turn|10
|
|t:|1769367855
|move|p1a: Naclstack|Protect|p1a: Naclstack
|-singleturn|p1a: Naclstack|Protect
|move|p2a: Revavroom|Iron Head|p1a: Naclstack
|-activate|p1a: Naclstack|move: Protect
|
|-damage|p2a: Revavroom|45/100|[from] Salt Cure
|upkeep
|turn|11
|
|t:|1769367863
|move|p2a: Revavroom|Iron Head|p1a: Naclstack
|-supereffective|p1a: Naclstack
|-damage|p1a: Naclstack|0 fnt
|faint|p1a: Naclstack
|
|-damage|p2a: Revavroom|20/100|[from] Salt Cure
|upkeep
|
|t:|1769367868
|switch|p1a: Goodra|Goodra, M|100/100
|-damage|p1a: Goodra|88/100|[from] Stealth Rock
|turn|12
|
|t:|1769367873
|move|p2a: Revavroom|Iron Head|p1a: Goodra
|-damage|p1a: Goodra|10/100
|move|p1a: Goodra|Earthquake|p2a: Revavroom
|-supereffective|p2a: Revavroom
|-damage|p2a: Revavroom|0 fnt
|faint|p2a: Revavroom
|
|upkeep
|
|t:|1769367881
|switch|p2a: Greninja|Greninja, M|100/100
|-activate|p2a: Greninja|move: Sticky Web
|-unboost|p2a: Greninja|spe|1
|turn|13
|
|t:|1769367887
|move|p2a: Greninja|Ice Beam|p1a: Goodra
|-supereffective|p1a: Goodra
|-damage|p1a: Goodra|0 fnt
|faint|p1a: Goodra
|-ability|p2a: Greninja|Battle Bond|boost
|-boost|p2a: Greninja|atk|1
|-boost|p2a: Greninja|spa|1
|-boost|p2a: Greninja|spe|1
|-activate|p2a: Greninja|ability: Battle Bond
|
|upkeep
|
|t:|1769367889
|switch|p1a: Darkrai|Darkrai|100/100
|turn|14
|
|t:|1769367898
|move|p1a: Darkrai|Sludge Bomb|p2a: Greninja
|-damage|p2a: Greninja|50/100
|move|p2a: Greninja|Hydro Pump|p1a: Darkrai
|-damage|p1a: Darkrai|10/100
|
|upkeep
|turn|15
|
|t:|1769367905
|move|p1a: Darkrai|Sludge Bomb|p2a: Greninja
|-damage|p2a: Greninja|0 fnt
|faint|p2a: Greninja
|
|upkeep
|
|t:|1769367910
|switch|p2a: Zapdos|Zapdos|100/100
|turn|16
|
|t:|1769367914
|move|p1a: Darkrai|Dark Pulse|p2a: Zapdos
|-damage|p2a: Zapdos|53/100
|move|p2a: Zapdos|Thunderbolt|p1a: Darkrai
|-damage|p1a: Darkrai|0 fnt
|faint|p1a: Darkrai
|
|win|zigachad
|raw|Evioliths for win's rating: 1235 &rarr; <strong>1212</strong><br />(-23 for losing)
|raw|zigachad's rating: 1261 &rarr; <strong>1284</strong><br />(+23 for winning)
|l|☆Evioliths for win
|player|p1|
|l|☆zigachad
|player|p2|
