|j|☆mongwong
|j|☆chibi tanjiro
|t:|1769311235
|gametype|singles
|player|p1|mongwong|silver-gen2|1562
|player|p2|chibi tanjiro|170|1610
|gen|9
|tier|[Gen 9] OU
|rated|
|rule|HP Percentage Mod: HP is shown in percentages
|rule|Endless Battle Clause: Forcing endless battles is banned
|rule|Species Clause: Limit one of each Pokémon
|rule|OHKO Clause: OHKO moves are banned
|rule|Evasion Items Clause: Evasion items are banned
|rule|Evasion Moves Clause: Evasion moves are banned
|rule|Evasion Abilities Clause: Evasion abilities are banned
|rule|Sleep Moves Clause: Sleep-inducing moves are banned
|clearpoke
|poke|p1|Pelipper, M|
|poke|p1|Barraskewda, F|
|poke|p1|Jolteon, F|
|poke|p1|Walking Wake|
|poke|p1|Sinistcha-Masterpiece|
|poke|p1|Scizor, F|
|poke|p2|Zarude-Dada|
|poke|p2|Pecharunt|
|poke|p2|Great Tusk|
|poke|p2|Alomomola, M|
|poke|p2|Landorus-Therian, M|
|poke|p2|Raging Bolt|
|teampreview
|inactive|Battle timer is ON: inactive players will automatically lose when time's up. (requested by chibi tanjiro)
|
|t:|1769311262
|teamsize|p1|6
|teamsize|p2|6
|start
|switch|p1a: Scizor|Scizor, F|100/100
|switch|p2a: Alomomola|Alomomola, M|100/100
|turn|1
|
|t:|1769311271
|move|p2a: Alomomola|Scald|p1a: Scizor
|-damage|p1a: Scizor|89/100
|-status|p1a: Scizor|brn
|move|p1a: Scizor|Knock Off|p2a: Alomomola
|-damage|p2a: Alomomola|91/100
|-enditem|p2a: Alomomola|Assault Vest|[from] move: Knock Off|[of] p1a: Scizor
|
|-heal|p1a: Scizor|95/100 brn|[from] item: Leftovers
|-damage|p1a: Scizor|89/100 brn|[from] brn
|upkeep
|turn|2
|
|t:|1769311277
|move|p2a: Alomomola|Scald|p1a: Scizor
|-damage|p1a: Scizor|78/100 brn
|move|p1a: Scizor|U-turn|p2a: Alomomola
|-damage|p2a: Alomomola|78/100
|j| deno_nemesis
|inactive|mongwong has 120 seconds left.
|
|t:|1769311308
|switch|p1a: Jolteon|Jolteon, F|100/100|[from] U-turn
|
|upkeep
|turn|3
|
|t:|1769311318
|switch|p2a: Landorus|Landorus-Therian, M|100/100
|-ability|p2a: Landorus|Intimidate|boost
|-unboost|p1a: Jolteon|atk|1
|move|p1a: Jolteon|Volt Switch|p2a: Landorus
|-immune|p2a: Landorus
|
|upkeep
|turn|4
|
|t:|1769311323
|-terastallize|p1a: Jolteon|Ice
|move|p1a: Jolteon|Tera Blast|p2a: Landorus|[anim] Tera Blast Ice
|-supereffective|p2a: Landorus
|-damage|p2a: Landorus|0 fnt
|faint|p2a: Landorus
|
|upkeep
|
|t:|1769311326
|switch|p2a: Zarude|Zarude-Dada|100/100
|turn|5
|
|t:|1769311333
|-terastallize|p2a: Zarude|Dark
|move|p2a: Zarude|Knock Off|p1a: Jolteon
|-damage|p1a: Jolteon|0 fnt
|-enditem|p1a: Jolteon|Heavy-Duty Boots|[from] move: Knock Off|[of] p2a: Zarude
|faint|p1a: Jolteon
|
|upkeep
|
|t:|1769311340
|switch|p1a: Scizor|Scizor, F|78/100 brn
|turn|6
|
|t:|1769311344
|switch|p2a: Pecharunt|Pecharunt|100/100
|move|p1a: Scizor|U-turn|p2a: Pecharunt
|-resisted|p2a: Pecharunt
|-damage|p2a: Pecharunt|99/100
|-damage|p1a: Scizor|62/100 brn|[from] item: Rocky Helmet|[of] p2a: Pecharunt
|
|t:|1769311347
|switch|p1a: Pelipper|Pelipper, M|100/100|[from] U-turn
|-weather|RainDance|[from] ability: Drizzle|[of] p1a: Pelipper
|
|-weather|RainDance|[upkeep]
|upkeep
|turn|7
|
|t:|1769311350
|move|p2a: Pecharunt|Malignant Chain|p1a: Pelipper
|-damage|p1a: Pelipper|56/100
|-status|p1a: Pelipper|tox
|-start|p1a: Pelipper|confusion|[from] ability: Poison Puppeteer|[of] p2a: Pecharunt
|-activate|p1a: Pelipper|confusion
|-damage|p1a: Pelipper|52/100 tox|[from] confusion
|
|-weather|RainDance|[upkeep]
|-damage|p1a: Pelipper|46/100 tox|[from] psn
|upkeep
|turn|8
|
|t:|1769311358
|switch|p1a: Scizor|Scizor, F|62/100 brn
|move|p2a: Pecharunt|Malignant Chain|p1a: Scizor
|-immune|p1a: Scizor
|
|-weather|RainDance|[upkeep]
|-heal|p1a: Scizor|68/100 brn|[from] item: Leftovers
|-damage|p1a: Scizor|62/100 brn|[from] brn
|upkeep
|turn|9
|
|t:|1769311361
|move|p2a: Pecharunt|Shadow Ball|p1a: Scizor
|-damage|p1a: Scizor|41/100 brn
|move|p1a: Scizor|U-turn|p2a: Pecharunt
|-resisted|p2a: Pecharunt
|-damage|p2a: Pecharunt|97/100
|-damage|p1a: Scizor|24/100 brn|[from] item: Rocky Helmet|[of] p2a: Pecharunt
|
|t:|1769311363
|switch|p1a: Walking Wake|Walking Wake|100/100|[from] U-turn
|-enditem|p1a: Walking Wake|Booster Energy
|-activate|p1a: Walking Wake|ability: Protosynthesis|[fromitem]
|-start|p1a: Walking Wake|protosynthesisspa
|
|-weather|RainDance|[upkeep]
|upkeep
|turn|10
|
|t:|1769311370
|switch|p2a: Alomomola|Alomomola, M|100/100
|move|p1a: Walking Wake|Surf|p2a: Alomomola
|-resisted|p2a: Alomomola
|-damage|p2a: Alomomola|68/100
|
|-weather|RainDance|[upkeep]
|upkeep
|turn|11
|
|t:|1769311389
|move|p1a: Walking Wake|Hurricane|p2a: Alomomola
|-damage|p2a: Alomomola|34/100
|-start|p2a: Alomomola|confusion
|-activate|p2a: Alomomola|confusion
|move|p2a: Alomomola|Mirror Coat|p1a: Walking Wake
|-damage|p1a: Walking Wake|0 fnt
|faint|p1a: Walking Wake
|-end|p1a: Walking Wake|Protosynthesis|[silent]
|
|-weather|RainDance|[upkeep]
|upkeep
|
|t:|1769311394
|switch|p1a: Sinistcha|Sinistcha-Masterpiece|100/100
|turn|12
|
|t:|1769311400
|switch|p2a: Pecharunt|Pecharunt|97/100
|move|p1a: Sinistcha|Calm Mind|p1a: Sinistcha
|-boost|p1a: Sinistcha|spa|1
|-boost|p1a: Sinistcha|spd|1
|
|-weather|RainDance|[upkeep]
|upkeep
|turn|13
|
|t:|1769311410
|move|p2a: Pecharunt|Parting Shot|p1a: Sinistcha
|-unboost|p1a: Sinistcha|atk|1
|-unboost|p1a: Sinistcha|spa|1
|
|t:|1769311412
|switch|p2a: Zarude|Zarude-Dada, tera:Dark|100/100|[from] Parting Shot
|move|p1a: Sinistcha|Shadow Ball|p2a: Zarude
|-resisted|p2a: Zarude
|-damage|p2a: Zarude|84/100
|
|-weather|none
|upkeep
|turn|14
|
|t:|1769311418
|switch|p1a: Scizor|Scizor, F|24/100 brn
|move|p2a: Zarude|Knock Off|p1a: Scizor
|-damage|p1a: Scizor|0 fnt
|-enditem|p1a: Scizor|Leftovers|[from] move: Knock Off|[of] p2a: Zarude
|faint|p1a: Scizor
|
|upkeep
|
|t:|1769311420
|switch|p1a: Pelipper|Pelipper, M|46/100 tox
|-weather|RainDance|[from] ability: Drizzle|[of] p1a: Pelipper
|turn|15
|
|t:|1769311429
|switch|p2a: Great Tusk|Great Tusk|100/100
|move|p1a: Pelipper|U-turn|p2a: Great Tusk
|-resisted|p2a: Great Tusk
|-damage|p2a: Great Tusk|98/100
|
|t:|1769311435
|switch|p1a: Barraskewda|Barraskewda, F|100/100|[from] U-turn
|
|-weather|RainDance|[upkeep]
|upkeep
|turn|16
|
|t:|1769311439
|-end|p2a: Great Tusk|Protosynthesis|[silent]
|switch|p2a: Alomomola|Alomomola, M|67/100
|move|p1a: Barraskewda|Flip Turn|p2a: Alomomola
|-resisted|p2a: Alomomola
|-damage|p2a: Alomomola|40/100
|
|t:|1769311442
|switch|p1a: Sinistcha|Sinistcha-Masterpiece|100/100|[from] Flip Turn
|
|-weather|RainDance|[upkeep]
|upkeep
|turn|17
|
|t:|1769311444
|move|p1a: Sinistcha|Calm Mind|p1a: Sinistcha
|-boost|p1a: Sinistcha|spa|1
|-boost|p1a: Sinistcha|spd|1
|move|p2a: Alomomola|Flip Turn|p1a: Sinistcha
|-resisted|p1a: Sinistcha
|-damage|p1a: Sinistcha|92/100
|
|t:|1769311446
|switch|p2a: Zarude|Zarude-Dada, tera:Dark|84/100|[from] Flip Turn
|
|-weather|RainDance|[upkeep]
|-heal|p1a: Sinistcha|98/100|[from] item: Leftovers
|upkeep
|turn|18
|
|t:|1769311449
|move|p2a: Zarude|Knock Off|p1a: Sinistcha
|-supereffective|p1a: Sinistcha
|-damage|p1a: Sinistcha|0 fnt
|-enditem|p1a: Sinistcha|Leftovers|[from] move: Knock Off|[of] p2a: Zarude
|faint|p1a: Sinistcha
|
|-weather|RainDance|[upkeep]
|upkeep
|
|t:|1769311451
|switch|p1a: Barraskewda|Barraskewda, F|100/100
|turn|19
|
|t:|1769311467
|switch|p2a: Alomomola|Alomomola, M|74/100
|move|p1a: Barraskewda|Liquidation|p2a: Alomomola
|-resisted|p2a: Alomomola
|-damage|p2a: Alomomola|32/100
|-unboost|p2a: Alomomola|def|1
|
|-weather|RainDance|[upkeep]
|upkeep
|turn|20
|
|t:|1769311478
|move|p1a: Barraskewda|Liquidation|p2a: Alomomola
|-resisted|p2a: Alomomola
|-damage|p2a: Alomomola|0 fnt
|faint|p2a: Alomomola
|
|-weather|RainDance|[upkeep]
|upkeep
|
|t:|1769311482
|switch|p2a: Raging Bolt|Raging Bolt|100/100
|-item|p2a: Raging Bolt|Air Balloon
|turn|21
|inactive|chibi tanjiro has 120 seconds left.
|
|t:|1769311525
|move|p1a: Barraskewda|Liquidation|p2a: Raging Bolt
|-resisted|p2a: Raging Bolt
|-damage|p2a: Raging Bolt|58/100
|-enditem|p2a: Raging Bolt|Air Balloon
|move|p2a: Raging Bolt|Thunderbolt|p1a: Barraskewda
|-supereffective|p1a: Barraskewda
|-damage|p1a: Barraskewda|0 fnt
|faint|p1a: Barraskewda
|
|-weather|RainDance|[upkeep]
|upkeep
|
|t:|1769311532
|switch|p1a: Pelipper|Pelipper, M|46/100 tox
|turn|22
|
|t:|1769311534
|move|p2a: Raging Bolt|Thunderbolt|p1a: Pelipper
|-supereffective|p1a: Pelipper
|-damage|p1a: Pelipper|0 fnt
|faint|p1a: Pelipper
|
|win|chibi tanjiro
|raw|mongwong's rating: 1562 &rarr; <strong>1545</strong><br />(-17 for losing)
|raw|chibi tanjiro's rating: 1610 &rarr; <strong>1627</strong><br />(+17 for winning)
|l|☆mongwong
|player|p1|
|l|☆chibi tanjiro
|player|p2|
|l| deno_nemesis
