|j|☆danelectro
|j|☆tomatoparis
|t:|1769439274
|gametype|singles
|player|p1|danelectro|pokemaniac|1497
|player|p2|tomatoparis|2|1460
|gen|9
|tier|[Gen 9] OU
|rated|
|rule|HP Percentage Mod: HP is shown in percentages
|rule|Endless Battle Clause: Forcing endless battles is banned
|rule|Species Clause: Limit one of each Pokémon
|rule|OHKO Clause: OHKO moves are banned
|rule|Evasion Items Clause: Evasion items are banned
|rule|Evasion Moves Clause: Evasion moves are banned
|rule|Evasion Abilities Clause: Evasion abilities are banned
|rule|Sleep Moves Clause: Sleep-inducing moves are banned
|clearpoke
|poke|p1|Serperior, M|
|poke|p1|Great Tusk|
|poke|p1|Primarina, F|
|poke|p1|Goodra-Hisui, F|
|poke|p1|Ogerpon-Wellspring, F|
|poke|p1|Skarmory, F|
|poke|p2|Pelipper, M|
|poke|p2|Dondozo, F|
|poke|p2|Tyranitar, F|
|poke|p2|Barraskewda, F|
|poke|p2|Kingdra, M|
|poke|p2|Excadrill, F|
|teampreview
|
|t:|1769439284
|teamsize|p1|6
|teamsize|p2|6
|start
|switch|p1a: Serperior|Serperior, M|100/100
|switch|p2a: Tyranitar|Tyranitar, F|100/100
|-weather|Sandstorm|[from] ability: Sand Stream|[of] p2a: Tyranitar
|turn|1
|
|t:|1769439288
|move|p1a: Serperior|Substitute|p1a: Serperior
|-start|p1a: Serperior|Substitute
|-damage|p1a: Serperior|76/100
|move|p2a: Tyranitar|Knock Off|p1a: Serperior
|-end|p1a: Serperior|Substitute
|
|-weather|Sandstorm|[upkeep]
|-damage|p1a: Serperior|70/100|[from] Sandstorm
|-heal|p1a: Serperior|76/100|[from] item: Leftovers
|upkeep
|turn|2
|
|t:|1769439298
|switch|p1a: Skarmory|Skarmory, F|100/100
|move|p2a: Tyranitar|Fire Punch|p1a: Skarmory
|-supereffective|p1a: Skarmory
|-damage|p1a: Skarmory|65/100
|-status|p1a: Skarmory|brn
|-damage|p2a: Tyranitar|84/100|[from] item: Rocky Helmet|[of] p1a: Skarmory
|
|-weather|Sandstorm|[upkeep]
|-damage|p1a: Skarmory|59/100 brn|[from] brn
|upkeep
|turn|3
|
|t:|1769439305
|move|p1a: Skarmory|Roost|p1a: Skarmory
|-heal|p1a: Skarmory|100/100 brn
|-singleturn|p1a: Skarmory|move: Roost
|move|p2a: Tyranitar|Stone Edge|p1a: Skarmory
|-resisted|p1a: Skarmory
|-damage|p1a: Skarmory|83/100 brn
|
|-weather|Sandstorm|[upkeep]
|-damage|p1a: Skarmory|77/100 brn|[from] brn
|upkeep
|turn|4
|
|t:|1769439309
|move|p1a: Skarmory|Body Press|p2a: Tyranitar
|-supereffective|p2a: Tyranitar
|-damage|p2a: Tyranitar|30/100
|move|p2a: Tyranitar|High Horsepower|p1a: Skarmory
|-immune|p1a: Skarmory
|
|-weather|Sandstorm|[upkeep]
|-damage|p1a: Skarmory|71/100 brn|[from] brn
|upkeep
|turn|5
|
|t:|1769439316
|switch|p2a: Pelipper|Pelipper, M|100/100
|-weather|RainDance|[from] ability: Drizzle|[of] p2a: Pelipper
|move|p1a: Skarmory|Spikes|p2a: Pelipper
|-sidestart|p2: tomatoparis|Spikes
|
|-weather|RainDance|[upkeep]
|-damage|p1a: Skarmory|65/100 brn|[from] brn
|upkeep
|turn|6
|
|t:|1769439319
|switch|p1a: Goodra|Goodra-Hisui, F|100/100
|move|p2a: Pelipper|U-turn|p1a: Goodra
|-resisted|p1a: Goodra
|-damage|p1a: Goodra|96/100
|
|t:|1769439324
|switch|p2a: Excadrill|Excadrill, F|100/100|[from] U-turn
|-damage|p2a: Excadrill|88/100|[from] Spikes
|
|-weather|RainDance|[upkeep]
|upkeep
|turn|7
|
|t:|1769439335
|switch|p1a: Ogerpon|Ogerpon-Wellspring, F|100/100
|move|p2a: Excadrill|Earthquake|p1a: Ogerpon
|-resisted|p1a: Ogerpon
|-damage|p1a: Ogerpon|58/100
|-damage|p2a: Excadrill|78/100|[from] item: Life Orb
|
|-weather|RainDance|[upkeep]
|upkeep
|turn|8
|
|t:|1769439343
|switch|p2a: Pelipper|Pelipper, M|100/100
|move|p1a: Ogerpon|Ivy Cudgel|p2a: Pelipper|[anim] Ivy Cudgel Water
|-resisted|p2a: Pelipper
|-damage|p2a: Pelipper|70/100
|
|-weather|RainDance|[upkeep]
|upkeep
|turn|9
|
|t:|1769439350
|switch|p1a: Goodra|Goodra-Hisui, F|96/100
|move|p2a: Pelipper|U-turn|p1a: Goodra
|-resisted|p1a: Goodra
|-damage|p1a: Goodra|92/100
|inactive|Battle timer is ON: inactive players will automatically lose when time's up. (requested by danelectro)
|
|t:|1769439354
|switch|p2a: Excadrill|Excadrill, F|78/100|[from] U-turn
|-damage|p2a: Excadrill|66/100|[from] Spikes
|
|-weather|RainDance|[upkeep]
|upkeep
|turn|10
|
|t:|1769439360
|switch|p1a: Skarmory|Skarmory, F|65/100 brn
|move|p2a: Excadrill|Rapid Spin|p1a: Skarmory
|-resisted|p1a: Skarmory
|-damage|p1a: Skarmory|57/100 brn
|-boost|p2a: Excadrill|spe|1
|-damage|p2a: Excadrill|49/100|[from] item: Rocky Helmet|[of] p1a: Skarmory
|-sideend|p2: tomatoparis|Spikes|[from] move: Rapid Spin|[of] p2a: Excadrill
|-damage|p2a: Excadrill|39/100|[from] item: Life Orb
|
|-weather|RainDance|[upkeep]
|-damage|p1a: Skarmory|51/100 brn|[from] brn
|upkeep
|turn|11
|
|t:|1769439373
|move|p2a: Excadrill|Iron Head|p1a: Skarmory
|-resisted|p1a: Skarmory
|-damage|p1a: Skarmory|33/100 brn
|-damage|p2a: Excadrill|22/100|[from] item: Rocky Helmet|[of] p1a: Skarmory
|-damage|p2a: Excadrill|12/100|[from] item: Life Orb
|cant|p1a: Skarmory|flinch
|
|-weather|RainDance|[upkeep]
|-damage|p1a: Skarmory|27/100 brn|[from] brn
|upkeep
|turn|12
|
|t:|1769439382
|move|p2a: Excadrill|Rock Slide|p1a: Skarmory
|-crit|p1a: Skarmory
|-damage|p1a: Skarmory|0 fnt
|faint|p1a: Skarmory
|-damage|p2a: Excadrill|2/100|[from] item: Life Orb
|
|-weather|none
|upkeep
|
|t:|1769439388
|switch|p1a: Great Tusk|Great Tusk|100/100
|turn|13
|
|t:|1769439392
|move|p2a: Excadrill|Earthquake|p1a: Great Tusk
|-crit|p1a: Great Tusk
|-damage|p1a: Great Tusk|30/100
|-damage|p2a: Excadrill|0 fnt|[from] item: Life Orb
|faint|p2a: Excadrill
|move|p1a: Great Tusk|Stealth Rock|p2: Excadrill
|-sidestart|p2: tomatoparis|move: Stealth Rock
|
|upkeep
|
|t:|1769439396
|switch|p2a: Barraskewda|Barraskewda, F|100/100
|-damage|p2a: Barraskewda|88/100|[from] Stealth Rock
|turn|14
|
|t:|1769439401
|-end|p1a: Great Tusk|Protosynthesis|[silent]
|switch|p1a: Primarina|Primarina, F|100/100
|move|p2a: Barraskewda|Waterfall|p1a: Primarina
|-resisted|p1a: Primarina
|-damage|p1a: Primarina|74/100
|
|-heal|p1a: Primarina|80/100|[from] item: Leftovers
|upkeep
|turn|15
|
|t:|1769439411
|switch|p2a: Tyranitar|Tyranitar, F|30/100
|-damage|p2a: Tyranitar|18/100|[from] Stealth Rock
|-weather|Sandstorm|[from] ability: Sand Stream|[of] p2a: Tyranitar
|move|p1a: Primarina|Substitute|p1a: Primarina
|-start|p1a: Primarina|Substitute
|-damage|p1a: Primarina|55/100
|
|-weather|Sandstorm|[upkeep]
|-damage|p1a: Primarina|49/100|[from] Sandstorm
|-heal|p1a: Primarina|55/100|[from] item: Leftovers
|upkeep
|turn|16
|
|t:|1769439418
|move|p2a: Tyranitar|Stone Edge|p1a: Primarina
|-end|p1a: Primarina|Substitute
|move|p1a: Primarina|Draining Kiss|p2a: Tyranitar
|-supereffective|p2a: Tyranitar
|-damage|p2a: Tyranitar|0 fnt
|-heal|p1a: Primarina|70/100|[from] drain|[of] p2a: Tyranitar
|faint|p2a: Tyranitar
|
|-weather|Sandstorm|[upkeep]
|-damage|p1a: Primarina|64/100|[from] Sandstorm
|-heal|p1a: Primarina|70/100|[from] item: Leftovers
|upkeep
|
|t:|1769439421
|switch|p2a: Barraskewda|Barraskewda, F|88/100
|-damage|p2a: Barraskewda|76/100|[from] Stealth Rock
|turn|17
|
|t:|1769439447
|switch|p1a: Goodra|Goodra-Hisui, F|92/100
|move|p2a: Barraskewda|Poison Jab|p1a: Goodra
|-immune|p1a: Goodra
|
|-weather|Sandstorm|[upkeep]
|-damage|p2a: Barraskewda|70/100|[from] Sandstorm
|upkeep
|turn|18
|
|t:|1769439451
|switch|p2a: Dondozo|Dondozo, F|100/100
|-damage|p2a: Dondozo|88/100|[from] Stealth Rock
|move|p1a: Goodra|Dragon Tail|p2a: Dondozo|[miss]
|-miss|p1a: Goodra|p2a: Dondozo
|
|-weather|Sandstorm|[upkeep]
|-damage|p2a: Dondozo|82/100|[from] Sandstorm
|upkeep
|turn|19
|
|t:|1769439456
|move|p1a: Goodra|Knock Off|p2a: Dondozo
|-damage|p2a: Dondozo|72/100
|-damage|p1a: Goodra|75/100|[from] item: Rocky Helmet|[of] p2a: Dondozo
|-enditem|p2a: Dondozo|Rocky Helmet|[from] move: Knock Off|[of] p1a: Goodra
|move|p2a: Dondozo|Wave Crash|p1a: Goodra
|-resisted|p1a: Goodra
|-damage|p1a: Goodra|55/100
|-damage|p2a: Dondozo|67/100|[from] Recoil
|
|-weather|none
|upkeep
|turn|20
|
|t:|1769439461
|move|p2a: Dondozo|Wave Crash|p1a: Goodra
|-resisted|p1a: Goodra
|-damage|p1a: Goodra|35/100
|-damage|p2a: Dondozo|62/100|[from] Recoil
|move|p1a: Goodra|Dragon Tail|p2a: Dondozo
|-damage|p2a: Dondozo|54/100
|drag|p2a: Barraskewda|Barraskewda, F|70/100
|-damage|p2a: Barraskewda|58/100|[from] Stealth Rock
|
|upkeep
|turn|21
|
|t:|1769439466
|move|p2a: Barraskewda|Close Combat|p1a: Goodra
|-supereffective|p1a: Goodra
|-damage|p1a: Goodra|0 fnt
|-unboost|p2a: Barraskewda|def|1
|-unboost|p2a: Barraskewda|spd|1
|faint|p1a: Goodra
|
|upkeep
|
|t:|1769439469
|switch|p1a: Primarina|Primarina, F|70/100
|turn|22
|
|t:|1769439472
|switch|p2a: Dondozo|Dondozo, F|54/100
|-damage|p2a: Dondozo|41/100|[from] Stealth Rock
|move|p1a: Primarina|Substitute|p1a: Primarina
|-start|p1a: Primarina|Substitute
|-damage|p1a: Primarina|45/100
|
|-heal|p1a: Primarina|51/100|[from] item: Leftovers
|upkeep
|turn|23
|
|t:|1769439475
|move|p1a: Primarina|Calm Mind|p1a: Primarina
|-boost|p1a: Primarina|spa|1
|-boost|p1a: Primarina|spd|1
|move|p2a: Dondozo|Wave Crash|p1a: Primarina
|-resisted|p1a: Primarina
|-activate|p1a: Primarina|move: Substitute|[damage]
|-damage|p2a: Dondozo|37/100|[from] Recoil|[of] p1a: Primarina
|
|-heal|p1a: Primarina|57/100|[from] item: Leftovers
|upkeep
|turn|24
|
|t:|1769439479
|move|p1a: Primarina|Psychic Noise|p2a: Dondozo
|-resisted|p2a: Dondozo
|-damage|p2a: Dondozo|22/100
|-start|p2a: Dondozo|move: Heal Block
|move|p2a: Dondozo|Wave Crash|p1a: Primarina
|-resisted|p1a: Primarina
|-end|p1a: Primarina|Substitute
|-damage|p2a: Dondozo|21/100|[from] Recoil|[of] p1a: Primarina
|
|-heal|p1a: Primarina|63/100|[from] item: Leftovers
|upkeep
|turn|25
|
|t:|1769439486
|move|p1a: Primarina|Draining Kiss|p2a: Dondozo
|-damage|p2a: Dondozo|0 fnt
|-heal|p1a: Primarina|84/100|[from] drain|[of] p2a: Dondozo
|faint|p2a: Dondozo
|
|-heal|p1a: Primarina|90/100|[from] item: Leftovers
|upkeep
|
|t:|1769439489
|switch|p2a: Barraskewda|Barraskewda, F|58/100
|-damage|p2a: Barraskewda|46/100|[from] Stealth Rock
|turn|26
|
|t:|1769439498
|move|p2a: Barraskewda|Poison Jab|p1a: Primarina
|-supereffective|p1a: Primarina
|-damage|p1a: Primarina|14/100
|move|p1a: Primarina|Draining Kiss|p2a: Barraskewda
|-damage|p2a: Barraskewda|0 fnt
|-heal|p1a: Primarina|38/100|[from] drain|[of] p2a: Barraskewda
|faint|p2a: Barraskewda
|
|-heal|p1a: Primarina|44/100|[from] item: Leftovers
|upkeep
|
|t:|1769439503
|switch|p2a: Kingdra|Kingdra, M|100/100
|-damage|p2a: Kingdra|88/100|[from] Stealth Rock
|turn|27
|
|t:|1769439507
|-terastallize|p2a: Kingdra|Stellar
|move|p2a: Kingdra|Wave Crash|p1a: Primarina
|-resisted|p1a: Primarina
|-damage|p1a: Primarina|17/100
|-damage|p2a: Kingdra|77/100|[from] Recoil
|-damage|p2a: Kingdra|67/100|[from] item: Life Orb
|move|p1a: Primarina|Draining Kiss|p2a: Kingdra
|-supereffective|p2a: Kingdra
|-damage|p2a: Kingdra|0 fnt
|-heal|p1a: Primarina|57/100|[from] drain|[of] p2a: Kingdra
|faint|p2a: Kingdra
|
|-heal|p1a: Primarina|63/100|[from] item: Leftovers
|upkeep
|l|☆tomatoparis
|inactive|tomatoparis disconnected and has a minute to reconnect!
|player|p2|
|inactive|tomatoparis has 30 seconds to reconnect!
|inactive|tomatoparis has 20 seconds to reconnect!
|inactive|tomatoparis has 15 seconds to reconnect!
|inactive|tomatoparis has 10 seconds to reconnect!
|inactive|tomatoparis has 5 seconds to reconnect!
|-message|tomatoparis lost due to inactivity.
|
|win|danelectro
|raw|danelectro's rating: 1497 &rarr; <strong>1515</strong><br />(+18 for winning)
|raw|tomatoparis's rating: 1460 &rarr; <strong>1442</strong><br />(-18 for losing)
|l|☆danelectro
|player|p1|
