|j|☆Shy Sammy
|j|☆wetrain
|t:|1769403778
|gametype|singles
|player|p1|Shy Sammy|pokemaniac|1109
|player|p2|wetrain|169|1142
|gen|9
|tier|[Gen 9] OU
|rated|
|rule|HP Percentage Mod: HP is shown in percentages
|rule|Endless Battle Clause: Forcing endless battles is banned
|rule|Species Clause: Limit one of each Pokémon
|rule|OHKO Clause: OHKO moves are banned
|rule|Evasion Items Clause: Evasion items are banned
|rule|Evasion Moves Clause: Evasion moves are banned
|rule|Evasion Abilities Clause: Evasion abilities are banned
|rule|Sleep Moves Clause: Sleep-inducing moves are banned
|clearpoke
|poke|p1|Pelipper, M|
|poke|p1|Barraskewda, M|
|poke|p1|Kingdra, M|
|poke|p1|Thundurus, M|
|poke|p1|Amoonguss, M|
|poke|p1|Clodsire, M|
|poke|p2|Altaria, M|
|poke|p2|Fezandipiti, M|
|poke|p2|Houndoom, M|
|poke|p2|Lumineon, F|
|poke|p2|Great Tusk|
|poke|p2|Serperior, M|
|teampreview
|
|t:|1769403790
|teamsize|p1|6
|teamsize|p2|6
|start
|switch|p1a: Special Dumplin|Clodsire, M|100/100
|switch|p2a: Lumineon|Lumineon, F|100/100
|turn|1
|
|t:|1769403799
|move|p2a: Lumineon|Whirlpool|p1a: Special Dumplin
|-immune|p1a: Special Dumplin|[from] ability: Water Absorb
|move|p1a: Special Dumplin|Stealth Rock|p2a: Lumineon
|-sidestart|p2: wetrain|move: Stealth Rock
|
|upkeep
|turn|2
|
|t:|1769403821
|move|p2a: Lumineon|Ice Beam|p1a: Special Dumplin
|-supereffective|p1a: Special Dumplin
|-damage|p1a: Special Dumplin|79/100
|move|p1a: Special Dumplin|Toxic|p2a: Lumineon
|-status|p2a: Lumineon|tox
|
|-heal|p1a: Special Dumplin|85/100|[from] item: Leftovers
|-damage|p2a: Lumineon|94/100 tox|[from] psn
|upkeep
|turn|3
|
|t:|1769403848
|move|p2a: Lumineon|Encore|p1a: Special Dumplin
|-start|p1a: Special Dumplin|Encore
|move|p1a: Special Dumplin|Toxic|p2a: Lumineon
|-fail|p2a: Lumineon|tox
|
|-heal|p1a: Special Dumplin|91/100|[from] item: Leftovers
|-damage|p2a: Lumineon|82/100 tox|[from] psn
|upkeep
|turn|4
|
|t:|1769403861
|switch|p2a: Fezandipiti|Fezandipiti, M|100/100
|-damage|p2a: Fezandipiti|88/100|[from] Stealth Rock
|move|p1a: Special Dumplin|Toxic|p2a: Fezandipiti
|-immune|p2a: Fezandipiti
|
|-heal|p2a: Fezandipiti|94/100|[from] item: Leftovers
|-heal|p1a: Special Dumplin|97/100|[from] item: Leftovers
|upkeep
|turn|5
|
|t:|1769403876
|switch|p1a: Eat Me|Amoonguss, M|100/100
|move|p2a: Fezandipiti|Tail Slap|p1a: Eat Me
|-damage|p1a: Eat Me|97/100
|-damage|p1a: Eat Me|93/100
|-damage|p1a: Eat Me|88/100
|-damage|p1a: Eat Me|85/100
|-damage|p1a: Eat Me|81/100
|-hitcount|p1a: Eat Me|5
|
|-heal|p2a: Fezandipiti|99/100|[from] item: Leftovers
|upkeep
|turn|6
|
|t:|1769403889
|switch|p2a: Altaria|Altaria, M|100/100
|-damage|p2a: Altaria|76/100|[from] Stealth Rock
|-ability|p2a: Altaria|Cloud Nine
|move|p1a: Eat Me|Sludge Bomb|p2a: Altaria
|-damage|p2a: Altaria|52/100
|
|upkeep
|turn|7
|
|t:|1769403904
|move|p2a: Altaria|Hurricane|p1a: Eat Me|[miss]
|-miss|p2a: Altaria|p1a: Eat Me
|move|p1a: Eat Me|Sludge Bomb|p2a: Altaria
|-crit|p2a: Altaria
|-damage|p2a: Altaria|14/100
|
|upkeep
|turn|8
|
|t:|1769403914
|switch|p1a: Special Dumplin|Clodsire, M|97/100
|move|p2a: Altaria|Hurricane|p1a: Special Dumplin
|-damage|p1a: Special Dumplin|79/100
|
|-heal|p1a: Special Dumplin|85/100|[from] item: Leftovers
|upkeep
|turn|9
|
|t:|1769403924
|move|p2a: Altaria|Will-O-Wisp|p1a: Special Dumplin|[miss]
|-miss|p2a: Altaria|p1a: Special Dumplin
|move|p1a: Special Dumplin|Toxic|p2a: Altaria
|-status|p2a: Altaria|tox
|
|-heal|p1a: Special Dumplin|92/100|[from] item: Leftovers
|-damage|p2a: Altaria|8/100 tox|[from] psn
|upkeep
|turn|10
|-message|wetrain forfeited.
|
|win|Shy Sammy
|raw|Shy Sammy's rating: 1109 &rarr; <strong>1136</strong><br />(+27 for winning)
|raw|wetrain's rating: 1142 &rarr; <strong>1115</strong><br />(-27 for losing)
|l|☆wetrain
|player|p2|
|l|☆Shy Sammy
|player|p1|
