|j|☆OP Sand
|j|☆zong200
|t:|1769321492
|gametype|singles
|player|p1|OP Sand|giovanni-masters|1532
|player|p2|zong200|iono-masters|1635
|gen|9
|tier|[Gen 9] OU
|rated|
|rule|HP Percentage Mod: HP is shown in percentages
|rule|Endless Battle Clause: Forcing endless battles is banned
|rule|Species Clause: Limit one of each Pokémon
|rule|OHKO Clause: OHKO moves are banned
|rule|Evasion Items Clause: Evasion items are banned
|rule|Evasion Moves Clause: Evasion moves are banned
|rule|Evasion Abilities Clause: Evasion abilities are banned
|rule|Sleep Moves Clause: Sleep-inducing moves are banned
|clearpoke
|poke|p1|Excadrill, M|
|poke|p1|Tyranitar, F|
|poke|p1|Kyurem|
|poke|p1|Hawlucha, F|
|poke|p1|Pawmot, F|
|poke|p1|Flamigo, F|
|poke|p2|Ribombee, M|
|poke|p2|Gholdengo|
|poke|p2|Iron Moth|
|poke|p2|Kingambit, M|
|poke|p2|Manaphy|
|poke|p2|Great Tusk|
|teampreview
|inactive|Battle timer is ON: inactive players will automatically lose when time's up. (requested by OP Sand)
|
|t:|1769321500
|teamsize|p1|6
|teamsize|p2|6
|start
|switch|p1a: Shukaku|Tyranitar, F, shiny|100/100
|switch|p2a: Ribombee|Ribombee, M|100/100
|-weather|Sandstorm|[from] ability: Sand Stream|[of] p1a: Shukaku
|turn|1
|
|t:|1769321503
|move|p2a: Ribombee|Sticky Web|p1a: Shukaku
|-sidestart|p1: OP Sand|move: Sticky Web
|move|p1a: Shukaku|Thunder Wave|p2a: Ribombee
|-status|p2a: Ribombee|par
|
|-weather|Sandstorm|[upkeep]
|-damage|p2a: Ribombee|94/100 par|[from] Sandstorm
|upkeep
|turn|2
|
|t:|1769321506
|cant|p2a: Ribombee|par
|move|p1a: Shukaku|Ice Beam|p2a: Ribombee
|-damage|p2a: Ribombee|50/100 par
|
|-weather|Sandstorm|[upkeep]
|-damage|p2a: Ribombee|43/100 par|[from] Sandstorm
|upkeep
|turn|3
|
|t:|1769321508
|cant|p2a: Ribombee|par
|move|p1a: Shukaku|Ice Beam|p2a: Ribombee
|-damage|p2a: Ribombee|0 fnt
|faint|p2a: Ribombee
|
|-weather|Sandstorm|[upkeep]
|upkeep
|
|t:|1769321515
|switch|p2a: Manaphy|Manaphy|100/100
|turn|4
|
|t:|1769321516
|move|p2a: Manaphy|Substitute|p2a: Manaphy
|-start|p2a: Manaphy|Substitute
|-damage|p2a: Manaphy|76/100
|move|p1a: Shukaku|Thunder Wave|p2a: Manaphy|[miss]
|-miss|p1a: Shukaku|p2a: Manaphy
|
|-weather|Sandstorm|[upkeep]
|-damage|p2a: Manaphy|69/100|[from] Sandstorm
|-heal|p2a: Manaphy|76/100|[from] item: Leftovers
|upkeep
|turn|5
|
|t:|1769321519
|move|p2a: Manaphy|Tail Glow|p2a: Manaphy
|-boost|p2a: Manaphy|spa|3
|move|p1a: Shukaku|Roar|p2a: Manaphy
|drag|p2a: Great Tusk|Great Tusk|100/100
|-enditem|p2a: Great Tusk|Booster Energy
|-activate|p2a: Great Tusk|ability: Protosynthesis|[fromitem]
|-start|p2a: Great Tusk|protosynthesisatk
|
|-weather|Sandstorm|[upkeep]
|upkeep
|turn|6
|
|t:|1769321523
|switch|p1a: Yuji|Flamigo, F|100/100
|move|p2a: Great Tusk|Headlong Rush|p1a: Yuji
|-immune|p1a: Yuji
|
|-weather|Sandstorm|[upkeep]
|-damage|p1a: Yuji|94/100|[from] Sandstorm
|upkeep
|turn|7
|
|t:|1769321528
|move|p1a: Yuji|Brave Bird|p2a: Great Tusk
|-supereffective|p2a: Great Tusk
|-damage|p2a: Great Tusk|26/100
|-damage|p1a: Yuji|63/100|[from] Recoil
|move|p2a: Great Tusk|Ice Spinner|p1a: Yuji
|-supereffective|p1a: Yuji
|-damage|p1a: Yuji|0 fnt
|faint|p1a: Yuji
|
|-weather|Sandstorm|[upkeep]
|upkeep
|
|t:|1769321534
|switch|p1a: Itachi|Hawlucha, F, shiny|100/100
|-ability|p1a: Itachi|Mold Breaker
|turn|8
|
|t:|1769321535
|move|p1a: Itachi|Brave Bird|p2a: Great Tusk
|-supereffective|p2a: Great Tusk
|-damage|p2a: Great Tusk|0 fnt
|faint|p2a: Great Tusk
|-end|p2a: Great Tusk|Protosynthesis|[silent]
|-damage|p1a: Itachi|90/100|[from] Recoil
|
|-weather|none
|upkeep
|
|t:|1769321539
|switch|p2a: Manaphy|Manaphy|76/100
|turn|9
|
|t:|1769321541
|move|p1a: Itachi|Defog|p2a: Manaphy
|-unboost|p2a: Manaphy|evasion|1
|-sideend|p1: OP Sand|Sticky Web|[from] move: Defog|[of] p1a: Itachi
|move|p2a: Manaphy|Surf|p1a: Itachi
|-damage|p1a: Itachi|21/100
|-enditem|p1a: Itachi|Red Card|[of] p2a: Manaphy
|drag|p2a: Gholdengo|Gholdengo|100/100
|
|upkeep
|turn|10
|
|t:|1769321547
|switch|p1a: Shukaku|Tyranitar, F, shiny|100/100
|-weather|Sandstorm|[from] ability: Sand Stream|[of] p1a: Shukaku
|move|p2a: Gholdengo|Shadow Ball|p1a: Shukaku
|-resisted|p1a: Shukaku
|-damage|p1a: Shukaku|76/100
|
|-weather|Sandstorm|[upkeep]
|upkeep
|turn|11
|
|t:|1769321550
|switch|p2a: Manaphy|Manaphy|76/100
|switch|p1a: Itachi|Hawlucha, F, shiny|21/100
|-ability|p1a: Itachi|Mold Breaker
|
|-weather|Sandstorm|[upkeep]
|-damage|p1a: Itachi|15/100|[from] Sandstorm
|-damage|p2a: Manaphy|69/100|[from] Sandstorm
|-heal|p2a: Manaphy|76/100|[from] item: Leftovers
|upkeep
|turn|12
|
|t:|1769321554
|move|p1a: Itachi|Brave Bird|p2a: Manaphy
|-damage|p2a: Manaphy|27/100
|-damage|p1a: Itachi|0 fnt|[from] Recoil
|faint|p1a: Itachi
|move|p2a: Manaphy|Surf|p1: Itachi|[notarget]
|-fail|p2a: Manaphy
|
|-weather|Sandstorm|[upkeep]
|-damage|p2a: Manaphy|21/100|[from] Sandstorm
|-heal|p2a: Manaphy|27/100|[from] item: Leftovers
|upkeep
|
|t:|1769321564
|switch|p1a: Frieza|Kyurem, shiny|100/100
|-ability|p1a: Frieza|Pressure
|turn|13
|
|t:|1769321567
|move|p2a: Manaphy|Surf|p1a: Frieza
|-resisted|p1a: Frieza
|-damage|p1a: Frieza|82/100
|move|p1a: Frieza|Freeze-Dry|p2a: Manaphy
|-supereffective|p2a: Manaphy
|-crit|p2a: Manaphy
|-damage|p2a: Manaphy|0 fnt
|faint|p2a: Manaphy
|
|-weather|Sandstorm|[upkeep]
|-damage|p1a: Frieza|75/100|[from] Sandstorm
|upkeep
|
|t:|1769321570
|switch|p2a: Gholdengo|Gholdengo|100/100
|turn|14
|
|t:|1769321573
|-terastallize|p1a: Frieza|Ghost
|move|p1a: Frieza|Shadow Ball|p2a: Gholdengo
|-supereffective|p2a: Gholdengo
|-damage|p2a: Gholdengo|0 fnt
|faint|p2a: Gholdengo
|
|-weather|Sandstorm|[upkeep]
|-damage|p1a: Frieza|69/100|[from] Sandstorm
|upkeep
|
|t:|1769321577
|switch|p2a: Kingambit|Kingambit, M|100/100
|-activate|p2a: Kingambit|ability: Supreme Overlord
|-start|p2a: Kingambit|fallen4|[silent]
|-item|p2a: Kingambit|Air Balloon
|turn|15
|
|t:|1769321581
|switch|p1a: Porunga|Pawmot, F|100/100
|move|p2a: Kingambit|Sucker Punch||[still]
|-fail|p2a: Kingambit
|
|-weather|Sandstorm|[upkeep]
|-damage|p1a: Porunga|95/100|[from] Sandstorm
|upkeep
|turn|16
|
|t:|1769321585
|-end|p2a: Kingambit|fallen4|[silent]
|switch|p2a: Iron Moth|Iron Moth|100/100
|-enditem|p2a: Iron Moth|Booster Energy
|-activate|p2a: Iron Moth|ability: Quark Drive|[fromitem]
|-start|p2a: Iron Moth|quarkdrivespa
|move|p1a: Porunga|Revival Blessing|p1a: Porunga
|-enditem|p1a: Porunga|Leppa Berry|[eat]
|-activate|p1a: Porunga|item: Leppa Berry|Revival Blessing|[consumed]
|
|t:|1769321593
|-heal|p1: Yuji|50/100|[from] move: Revival Blessing
|
|-weather|Sandstorm|[upkeep]
|-damage|p2a: Iron Moth|95/100|[from] Sandstorm
|-damage|p1a: Porunga|89/100|[from] Sandstorm
|upkeep
|turn|17
|
|t:|1769321601
|switch|p1a: Frieza|Kyurem, shiny, tera:Ghost|69/100
|-ability|p1a: Frieza|Pressure
|move|p2a: Iron Moth|Dazzling Gleam|p1a: Frieza
|-damage|p1a: Frieza|37/100
|
|-weather|none
|upkeep
|turn|18
|
|t:|1769321608
|switch|p1a: Shukaku|Tyranitar, F, shiny|76/100
|-weather|Sandstorm|[from] ability: Sand Stream|[of] p1a: Shukaku
|move|p2a: Iron Moth|Fiery Dance|p1a: Shukaku
|-resisted|p1a: Shukaku
|-damage|p1a: Shukaku|56/100
|
|-weather|Sandstorm|[upkeep]
|-damage|p2a: Iron Moth|89/100|[from] Sandstorm
|upkeep
|turn|19
|
|t:|1769321615
|switch|p1a: Frieza|Kyurem, shiny, tera:Ghost|37/100
|-ability|p1a: Frieza|Pressure
|move|p2a: Iron Moth|Dazzling Gleam|p1a: Frieza
|-damage|p1a: Frieza|4/100
|
|-weather|Sandstorm|[upkeep]
|-damage|p2a: Iron Moth|83/100|[from] Sandstorm
|-damage|p1a: Frieza|0 fnt|[from] Sandstorm
|faint|p1a: Frieza
|upkeep
|
|t:|1769321626
|switch|p1a: Yuji|Flamigo, F|50/100
|turn|20
|
|t:|1769321632
|move|p1a: Yuji|Brave Bird|p2a: Iron Moth
|-crit|p2a: Iron Moth
|-damage|p2a: Iron Moth|0 fnt
|faint|p2a: Iron Moth
|-end|p2a: Iron Moth|Quark Drive|[silent]
|-damage|p1a: Yuji|24/100|[from] Recoil
|
|-weather|Sandstorm|[upkeep]
|-damage|p1a: Yuji|17/100|[from] Sandstorm
|upkeep
|
|t:|1769321634
|switch|p2a: Kingambit|Kingambit, M|100/100
|-activate|p2a: Kingambit|ability: Supreme Overlord
|-start|p2a: Kingambit|fallen5|[silent]
|-item|p2a: Kingambit|Air Balloon
|turn|21
|
|t:|1769321639
|switch|p1a: Porunga|Pawmot, F|89/100
|move|p2a: Kingambit|Sucker Punch||[still]
|-fail|p2a: Kingambit
|
|-weather|Sandstorm|[upkeep]
|-damage|p1a: Porunga|83/100|[from] Sandstorm
|upkeep
|turn|22
|
|t:|1769321641
|move|p1a: Porunga|Revival Blessing|p1a: Porunga
|
|t:|1769321643
|-heal|p1: Itachi|50/100|[from] move: Revival Blessing
|move|p2a: Kingambit|Swords Dance|p2a: Kingambit
|-boost|p2a: Kingambit|atk|2
|
|-weather|Sandstorm|[upkeep]
|-damage|p1a: Porunga|77/100|[from] Sandstorm
|upkeep
|turn|23
|
|t:|1769321646
|move|p1a: Porunga|Mach Punch|p2a: Kingambit
|-supereffective|p2a: Kingambit
|-damage|p2a: Kingambit|49/100
|-enditem|p2a: Kingambit|Air Balloon
|move|p2a: Kingambit|Swords Dance|p2a: Kingambit
|-boost|p2a: Kingambit|atk|2
|
|-weather|Sandstorm|[upkeep]
|-damage|p1a: Porunga|71/100|[from] Sandstorm
|upkeep
|turn|24
|
|t:|1769321664
|switch|p1a: Yuji|Flamigo, F|17/100
|-terastallize|p2a: Kingambit|Ghost
|move|p2a: Kingambit|Kowtow Cleave|p1a: Yuji
|-resisted|p1a: Yuji
|-damage|p1a: Yuji|0 fnt
|faint|p1a: Yuji
|
|-weather|Sandstorm|[upkeep]
|-damage|p2a: Kingambit|43/100|[from] Sandstorm
|upkeep
|
|t:|1769321673
|switch|p1a: Itachi|Hawlucha, F, shiny|50/100
|-ability|p1a: Itachi|Mold Breaker
|turn|25
|
|t:|1769321675
|move|p2a: Kingambit|Sucker Punch||[still]
|-fail|p2a: Kingambit
|move|p1a: Itachi|Encore|p2a: Kingambit
|-start|p2a: Kingambit|Encore
|
|-weather|none
|upkeep
|turn|26
|
|t:|1769321678
|move|p2a: Kingambit|Sucker Punch||[still]
|-fail|p2a: Kingambit
|move|p1a: Itachi|Swords Dance|p1a: Itachi
|-boost|p1a: Itachi|atk|2
|
|upkeep
|turn|27
|
|t:|1769321682
|move|p2a: Kingambit|Sucker Punch||[still]
|-fail|p2a: Kingambit
|move|p1a: Itachi|Swords Dance|p1a: Itachi
|-boost|p1a: Itachi|atk|2
|
|upkeep
|turn|28
|
|t:|1769321687
|move|p2a: Kingambit|Sucker Punch||[still]
|-fail|p2a: Kingambit
|move|p1a: Itachi|Swords Dance|p1a: Itachi
|-boost|p1a: Itachi|atk|2
|
|-end|p2a: Kingambit|Encore
|upkeep
|turn|29
|-message|zong200 forfeited.
|
|win|OP Sand
|raw|OP Sand's rating: 1532 &rarr; <strong>1558</strong><br />(+26 for winning)
|raw|zong200's rating: 1635 &rarr; <strong>1609</strong><br />(-26 for losing)
|l|☆OP Sand
|player|p1|
|l|☆zong200
|player|p2|
