|j|☆zerolaty
|j|☆Cannon14
|t:|1769408962
|gametype|singles
|player|p1|zerolaty|ingo|1072
|player|p2|Cannon14|steven|1132
|gen|9
|tier|[Gen 9] OU
|rated|
|rule|HP Percentage Mod: HP is shown in percentages
|rule|Endless Battle Clause: Forcing endless battles is banned
|rule|Species Clause: Limit one of each Pokémon
|rule|OHKO Clause: OHKO moves are banned
|rule|Evasion Items Clause: Evasion items are banned
|rule|Evasion Moves Clause: Evasion moves are banned
|rule|Evasion Abilities Clause: Evasion abilities are banned
|rule|Sleep Moves Clause: Sleep-inducing moves are banned
|clearpoke
|poke|p1|Delphox, M|
|poke|p1|Great Tusk|
|poke|p1|Chandelure, M|
|poke|p1|Cloyster, M|
|poke|p1|Iron Crown|
|poke|p1|Kingambit, F|
|poke|p2|Tyranitar, M|
|poke|p2|Ogerpon, F|
|poke|p2|Pecharunt|
|poke|p2|Excadrill, F|
|poke|p2|Corviknight, F|
|poke|p2|Vaporeon, M|
|teampreview
|inactive|Battle timer is ON: inactive players will automatically lose when time's up. (requested by Cannon14)
|inactive|Cannon14 has 120 seconds left.
|
|t:|1769408995
|teamsize|p1|6
|teamsize|p2|6
|start
|switch|p1a: ShellNumemon|Cloyster, M|100/100
|switch|p2a: Tyranitar|Tyranitar, M|100/100
|-weather|Sandstorm|[from] ability: Sand Stream|[of] p2a: Tyranitar
|turn|1
|
|t:|1769409003
|move|p1a: ShellNumemon|Shell Smash|p1a: ShellNumemon
|-unboost|p1a: ShellNumemon|def|1
|-unboost|p1a: ShellNumemon|spd|1
|-boost|p1a: ShellNumemon|atk|2
|-boost|p1a: ShellNumemon|spa|2
|-boost|p1a: ShellNumemon|spe|2
|move|p2a: Tyranitar|Knock Off|p1a: ShellNumemon
|-damage|p1a: ShellNumemon|13/100
|-enditem|p1a: ShellNumemon|Focus Sash|[from] move: Knock Off|[of] p2a: Tyranitar
|-damage|p2a: Tyranitar|91/100|[from] item: Life Orb
|
|-weather|Sandstorm|[upkeep]
|-damage|p1a: ShellNumemon|7/100|[from] Sandstorm
|upkeep
|turn|2
|
|t:|1769409016
|switch|p2a: Vaporeon|Vaporeon, M|100/100
|move|p1a: ShellNumemon|Icicle Spear|p2a: Vaporeon
|-resisted|p2a: Vaporeon
|-damage|p2a: Vaporeon|92/100
|-resisted|p2a: Vaporeon
|-damage|p2a: Vaporeon|81/100
|-resisted|p2a: Vaporeon
|-damage|p2a: Vaporeon|72/100
|-resisted|p2a: Vaporeon
|-damage|p2a: Vaporeon|63/100
|-resisted|p2a: Vaporeon
|-damage|p2a: Vaporeon|54/100
|-hitcount|p2a: Vaporeon|5
|
|-weather|Sandstorm|[upkeep]
|-damage|p1a: ShellNumemon|0 fnt|[from] Sandstorm
|-damage|p2a: Vaporeon|48/100|[from] Sandstorm
|faint|p1a: ShellNumemon
|-heal|p2a: Vaporeon|54/100|[from] item: Leftovers
|upkeep
|
|t:|1769409041
|switch|p1a: MeraMon|Chandelure, M, shiny|100/100
|turn|3
|inactive|Cannon14 has 120 seconds left.
|
|t:|1769409077
|-terastallize|p1a: MeraMon|Fighting
|move|p1a: MeraMon|Energy Ball|p2a: Vaporeon
|-supereffective|p2a: Vaporeon
|-damage|p2a: Vaporeon|4/100
|move|p2a: Vaporeon|Scald|p1a: MeraMon
|-damage|p1a: MeraMon|57/100
|
|-weather|Sandstorm|[upkeep]
|-damage|p1a: MeraMon|51/100|[from] Sandstorm
|-damage|p2a: Vaporeon|0 fnt|[from] Sandstorm
|faint|p2a: Vaporeon
|upkeep
|
|t:|1769409087
|switch|p2a: Excadrill|Excadrill, F|100/100
|turn|4
|inactive|zerolaty has 120 seconds left.
|
|t:|1769409107
|-terastallize|p2a: Excadrill|Ground
|move|p2a: Excadrill|Earthquake|p1a: MeraMon
|-damage|p1a: MeraMon|0 fnt
|faint|p1a: MeraMon
|
|-weather|Sandstorm|[upkeep]
|upkeep
|inactive|zerolaty has 120 seconds left.
|
|t:|1769409134
|switch|p1a: Great Tusk|Great Tusk, shiny|100/100
|-enditem|p1a: Great Tusk|Booster Energy
|-activate|p1a: Great Tusk|ability: Protosynthesis|[fromitem]
|-start|p1a: Great Tusk|protosynthesisatk
|turn|5
|
|t:|1769409146
|switch|p2a: Corviknight|Corviknight, F|100/100
|-ability|p2a: Corviknight|Pressure
|move|p1a: Great Tusk|Ice Spinner|p2a: Corviknight
|-damage|p2a: Corviknight|73/100
|-damage|p1a: Great Tusk|84/100|[from] item: Rocky Helmet|[of] p2a: Corviknight
|
|-weather|none
|upkeep
|turn|6
|
|t:|1769409157
|move|p1a: Great Tusk|Smack Down|p2a: Corviknight
|-damage|p2a: Corviknight|55/100
|-start|p2a: Corviknight|Smack Down
|move|p2a: Corviknight|Roost|p2a: Corviknight
|-heal|p2a: Corviknight|100/100
|-singleturn|p2a: Corviknight|move: Roost
|
|upkeep
|turn|7
|
|t:|1769409181
|switch|p2a: Tyranitar|Tyranitar, M|91/100
|-weather|Sandstorm|[from] ability: Sand Stream|[of] p2a: Tyranitar
|move|p1a: Great Tusk|Headlong Rush|p2a: Tyranitar
|-supereffective|p2a: Tyranitar
|-damage|p2a: Tyranitar|0 fnt
|-unboost|p1a: Great Tusk|def|1
|-unboost|p1a: Great Tusk|spd|1
|faint|p2a: Tyranitar
|
|-weather|Sandstorm|[upkeep]
|upkeep
|
|t:|1769409190
|switch|p2a: Ogerpon|Ogerpon, F|100/100
|turn|8
|
|t:|1769409199
|move|p2a: Ogerpon|Ivy Cudgel|p1a: Great Tusk
|-supereffective|p1a: Great Tusk
|-damage|p1a: Great Tusk|1/100
|move|p1a: Great Tusk|Ice Spinner|p2a: Ogerpon
|-supereffective|p2a: Ogerpon
|-damage|p2a: Ogerpon|3/100
|
|-weather|Sandstorm|[upkeep]
|-damage|p2a: Ogerpon|0 fnt|[from] Sandstorm
|faint|p2a: Ogerpon
|upkeep
|
|t:|1769409204
|switch|p2a: Excadrill|Excadrill, F, tera:Ground|100/100
|turn|9
|
|t:|1769409210
|move|p2a: Excadrill|Earthquake|p1a: Great Tusk
|-damage|p1a: Great Tusk|0 fnt
|faint|p1a: Great Tusk
|-end|p1a: Great Tusk|Protosynthesis|[silent]
|
|-weather|Sandstorm|[upkeep]
|upkeep
|inactive|zerolaty has 120 seconds left.
|
|t:|1769409231
|switch|p1a: OmegaMon|Iron Crown|100/100
|-enditem|p1a: OmegaMon|Booster Energy
|-activate|p1a: OmegaMon|ability: Quark Drive|[fromitem]
|-start|p1a: OmegaMon|quarkdrivespa
|turn|10
|
|t:|1769409235
|move|p2a: Excadrill|Earthquake|p1a: OmegaMon
|-supereffective|p1a: OmegaMon
|-damage|p1a: OmegaMon|0 fnt
|faint|p1a: OmegaMon
|-end|p1a: OmegaMon|Quark Drive|[silent]
|
|-weather|Sandstorm|[upkeep]
|upkeep
|
|t:|1769409239
|switch|p1a: Owdren|Delphox, M, shiny|100/100
|turn|11
|
|t:|1769409248
|move|p2a: Excadrill|Earthquake|p1a: Owdren
|-supereffective|p1a: Owdren
|-damage|p1a: Owdren|0 fnt
|faint|p1a: Owdren
|
|-weather|none
|upkeep
|
|t:|1769409250
|switch|p1a: KingChessMon|Kingambit, F, shiny|100/100
|-activate|p1a: KingChessMon|ability: Supreme Overlord
|-start|p1a: KingChessMon|fallen5|[silent]
|turn|12
|
|t:|1769409265
|move|p2a: Excadrill|Earthquake|p1a: KingChessMon
|-supereffective|p1a: KingChessMon
|-crit|p1a: KingChessMon
|-damage|p1a: KingChessMon|0 fnt
|faint|p1a: KingChessMon
|-end|p1a: KingChessMon|fallen5|[silent]
|
|win|Cannon14
|raw|zerolaty's rating: 1072 &rarr; <strong>1055</strong><br />(-17 for losing)
|raw|Cannon14's rating: 1132 &rarr; <strong>1153</strong><br />(+21 for winning)
|l|☆zerolaty
|player|p1|
|l|☆Cannon14
|player|p2|
