|j|☆noob1877 test
|j|☆mtxo
|t:|1769367626
|gametype|singles
|player|p1|noob1877 test|1|1826
|player|p2|mtxo|hoopster|1723
|gen|9
|tier|[Gen 9] OU
|rated|
|rule|HP Percentage Mod: HP is shown in percentages
|rule|Endless Battle Clause: Forcing endless battles is banned
|rule|Species Clause: Limit one of each Pokémon
|rule|OHKO Clause: OHKO moves are banned
|rule|Evasion Items Clause: Evasion items are banned
|rule|Evasion Moves Clause: Evasion moves are banned
|rule|Evasion Abilities Clause: Evasion abilities are banned
|rule|Sleep Moves Clause: Sleep-inducing moves are banned
|clearpoke
|poke|p1|Pelipper, F|
|poke|p1|Barraskewda, M|
|poke|p1|Goodra-Hisui, F|
|poke|p1|Hatterene, F|
|poke|p1|Great Tusk|
|poke|p1|Tornadus-Therian, M|
|poke|p2|Landorus-Therian, M|
|poke|p2|Enamorus, F|
|poke|p2|Kyurem|
|poke|p2|Tyranitar, F|
|poke|p2|Corviknight, F|
|poke|p2|Cinderace, M|
|teampreview
|j| 54 insane rats
|
|t:|1769367651
|teamsize|p1|6
|teamsize|p2|6
|start
|switch|p1a: Tornadus|Tornadus-Therian, M|100/100
|switch|p2a: Kyurem|Kyurem|100/100
|-ability|p2a: Kyurem|Pressure
|turn|1
|
|t:|1769367660
|switch|p1a: Goodra|Goodra-Hisui, F|100/100
|move|p2a: Kyurem|Freeze-Dry|p1a: Goodra
|-damage|p1a: Goodra|73/100
|
|upkeep
|turn|2
|
|t:|1769367672
|switch|p2a: Tyranitar|Tyranitar, F|100/100
|-weather|Sandstorm|[from] ability: Sand Stream|[of] p2a: Tyranitar
|move|p1a: Goodra|Knock Off|p2a: Tyranitar
|-resisted|p2a: Tyranitar
|-crit|p2a: Tyranitar
|-damage|p2a: Tyranitar|89/100
|-enditem|p2a: Tyranitar|Assault Vest|[from] move: Knock Off|[of] p1a: Goodra
|
|-weather|Sandstorm|[upkeep]
|upkeep
|turn|3
|
|t:|1769367687
|switch|p1a: Great Tusk|Great Tusk|100/100
|move|p2a: Tyranitar|Knock Off|p1a: Great Tusk
|-resisted|p1a: Great Tusk
|-damage|p1a: Great Tusk|86/100
|-enditem|p1a: Great Tusk|Eject Pack|[from] move: Knock Off|[of] p2a: Tyranitar
|
|-weather|Sandstorm|[upkeep]
|upkeep
|turn|4
|
|t:|1769367703
|-end|p1a: Great Tusk|Protosynthesis|[silent]
|switch|p1a: Pelipper|Pelipper, F|100/100
|-weather|RainDance|[from] ability: Drizzle|[of] p1a: Pelipper
|switch|p2a: Landorus|Landorus-Therian, M|100/100
|-ability|p2a: Landorus|Intimidate|boost
|-unboost|p1a: Pelipper|atk|1
|
|-weather|RainDance|[upkeep]
|upkeep
|turn|5
|
|t:|1769367708
|switch|p2a: Tyranitar|Tyranitar, F|89/100
|-weather|Sandstorm|[from] ability: Sand Stream|[of] p2a: Tyranitar
|switch|p1a: Hatterene|Hatterene, F|100/100
|
|-weather|Sandstorm|[upkeep]
|-damage|p1a: Hatterene|95/100|[from] Sandstorm
|upkeep
|turn|6
|
|t:|1769367712
|move|p2a: Tyranitar|Knock Off|p1a: Hatterene
|-damage|p1a: Hatterene|62/100
|-enditem|p1a: Hatterene|Eject Button|[from] move: Knock Off|[of] p2a: Tyranitar
|move|p1a: Hatterene|Dazzling Gleam|p2a: Tyranitar
|-supereffective|p2a: Tyranitar
|-damage|p2a: Tyranitar|57/100
|
|-weather|Sandstorm|[upkeep]
|-damage|p1a: Hatterene|56/100|[from] Sandstorm
|upkeep
|turn|7
|
|t:|1769367718
|switch|p2a: Corviknight|Corviknight, F|100/100
|-ability|p2a: Corviknight|Pressure
|move|p1a: Hatterene|Dazzling Gleam|p2a: Corviknight
|-resisted|p2a: Corviknight
|-damage|p2a: Corviknight|86/100
|
|-weather|Sandstorm|[upkeep]
|-damage|p1a: Hatterene|50/100|[from] Sandstorm
|-heal|p2a: Corviknight|92/100|[from] item: Leftovers
|upkeep
|turn|8
|
|t:|1769367735
|switch|p1a: Tornadus|Tornadus-Therian, M|100/100
|move|p2a: Corviknight|Brave Bird|p1a: Tornadus
|-damage|p1a: Tornadus|53/100
|-damage|p2a: Corviknight|81/100|[from] Recoil
|
|-weather|Sandstorm|[upkeep]
|-damage|p1a: Tornadus|47/100|[from] Sandstorm
|-heal|p2a: Corviknight|87/100|[from] item: Leftovers
|upkeep
|turn|9
|
|t:|1769367764
|move|p1a: Tornadus|U-turn|p2a: Corviknight
|-resisted|p2a: Corviknight
|-damage|p2a: Corviknight|84/100
|
|t:|1769367766
|switch|p1a: Pelipper|Pelipper, F|100/100|[from] U-turn
|-weather|RainDance|[from] ability: Drizzle|[of] p1a: Pelipper
|move|p2a: Corviknight|U-turn|p1a: Pelipper
|-resisted|p1a: Pelipper
|-damage|p1a: Pelipper|96/100
|
|t:|1769367769
|switch|p2a: Kyurem|Kyurem|100/100|[from] U-turn
|-ability|p2a: Kyurem|Pressure
|
|-weather|RainDance|[upkeep]
|upkeep
|turn|10
|
|t:|1769367774
|switch|p1a: Goodra|Goodra-Hisui, F|73/100
|move|p2a: Kyurem|Draco Meteor|p1a: Goodra
|-damage|p1a: Goodra|23/100
|-unboost|p2a: Kyurem|spa|2
|
|-weather|RainDance|[upkeep]
|upkeep
|turn|11
|j| yadonenjoyer
|
|t:|1769367782
|switch|p2a: Corviknight|Corviknight, F|84/100
|-ability|p2a: Corviknight|Pressure
|move|p1a: Goodra|Flash Cannon|p2a: Corviknight
|-resisted|p2a: Corviknight
|-damage|p2a: Corviknight|66/100
|
|-weather|RainDance|[upkeep]
|-heal|p2a: Corviknight|72/100|[from] item: Leftovers
|upkeep
|turn|12
|
|t:|1769367788
|move|p2a: Corviknight|Roost|p2a: Corviknight
|-heal|p2a: Corviknight|100/100
|-singleturn|p2a: Corviknight|move: Roost
|move|p1a: Goodra|Thunder|p2a: Corviknight
|-damage|p2a: Corviknight|66/100
|-status|p2a: Corviknight|par
|
|-weather|RainDance|[upkeep]
|-heal|p2a: Corviknight|72/100 par|[from] item: Leftovers
|upkeep
|turn|13
|
|t:|1769367796
|move|p1a: Goodra|Thunder|p2a: Corviknight
|-supereffective|p2a: Corviknight
|-damage|p2a: Corviknight|13/100 par
|move|p2a: Corviknight|U-turn|p1a: Goodra
|-resisted|p1a: Goodra
|-damage|p1a: Goodra|16/100
|
|t:|1769367819
|switch|p2a: Tyranitar|Tyranitar, F|57/100|[from] U-turn
|-weather|Sandstorm|[from] ability: Sand Stream|[of] p2a: Tyranitar
|
|-weather|Sandstorm|[upkeep]
|upkeep
|turn|14
|
|t:|1769367840
|move|p2a: Tyranitar|Knock Off|p1a: Goodra
|-damage|p1a: Goodra|0 fnt
|-enditem|p1a: Goodra|Assault Vest|[from] move: Knock Off|[of] p2a: Tyranitar
|faint|p1a: Goodra
|
|-weather|Sandstorm|[upkeep]
|upkeep
|
|t:|1769367845
|switch|p1a: Barraskewda|Barraskewda, M|100/100
|turn|15
|
|t:|1769367856
|switch|p2a: Landorus|Landorus-Therian, M|100/100
|-ability|p2a: Landorus|Intimidate|boost
|-unboost|p1a: Barraskewda|atk|1
|move|p1a: Barraskewda|Flip Turn|p2a: Landorus
|-supereffective|p2a: Landorus
|-damage|p2a: Landorus|54/100
|-damage|p1a: Barraskewda|84/100|[from] item: Rocky Helmet|[of] p2a: Landorus
|
|t:|1769367860
|switch|p1a: Pelipper|Pelipper, F|96/100|[from] Flip Turn
|-weather|RainDance|[from] ability: Drizzle|[of] p1a: Pelipper
|
|-weather|RainDance|[upkeep]
|upkeep
|turn|16
|
|t:|1769367867
|switch|p2a: Corviknight|Corviknight, F|13/100 par
|-ability|p2a: Corviknight|Pressure
|move|p1a: Pelipper|Weather Ball|p2a: Corviknight
|-damage|p2a: Corviknight|0 fnt
|faint|p2a: Corviknight
|
|-weather|RainDance|[upkeep]
|upkeep
|
|t:|1769367870
|switch|p2a: Kyurem|Kyurem|100/100
|-ability|p2a: Kyurem|Pressure
|turn|17
|j| Goobshiester1st
|
|t:|1769367881
|switch|p1a: Hatterene|Hatterene, F|50/100
|move|p2a: Kyurem|Freeze-Dry|p1a: Hatterene
|-damage|p1a: Hatterene|0 fnt
|faint|p1a: Hatterene
|
|-weather|RainDance|[upkeep]
|upkeep
|
|t:|1769367890
|switch|p1a: Barraskewda|Barraskewda, M|84/100
|turn|18
|
|t:|1769367905
|switch|p2a: Landorus|Landorus-Therian, M|54/100
|-ability|p2a: Landorus|Intimidate|boost
|-unboost|p1a: Barraskewda|atk|1
|move|p1a: Barraskewda|Close Combat|p2a: Landorus
|-resisted|p2a: Landorus
|-damage|p2a: Landorus|40/100
|-unboost|p1a: Barraskewda|def|1
|-unboost|p1a: Barraskewda|spd|1
|-damage|p1a: Barraskewda|68/100|[from] item: Rocky Helmet|[of] p2a: Landorus
|
|-weather|RainDance|[upkeep]
|upkeep
|turn|19
|inactive|Battle timer is ON: inactive players will automatically lose when time's up. (requested by mtxo)
|
|t:|1769367911
|switch|p1a: Tornadus|Tornadus-Therian, M|80/100
|move|p2a: Landorus|U-turn|p1a: Tornadus
|-resisted|p1a: Tornadus
|-damage|p1a: Tornadus|66/100
|l| 54 insane rats
|
|t:|1769367922
|switch|p2a: Kyurem|Kyurem|100/100|[from] U-turn
|-ability|p2a: Kyurem|Pressure
|
|-weather|RainDance|[upkeep]
|upkeep
|turn|20
|
|t:|1769367928
|move|p1a: Tornadus|Focus Blast|p2a: Kyurem
|-supereffective|p2a: Kyurem
|-damage|p2a: Kyurem|3/100
|move|p2a: Kyurem|Freeze-Dry|p1a: Tornadus
|-supereffective|p1a: Tornadus
|-damage|p1a: Tornadus|0 fnt
|faint|p1a: Tornadus
|
|-weather|RainDance|[upkeep]
|upkeep
|j| El.Capo.Camino
|
|t:|1769367932
|switch|p1a: Barraskewda|Barraskewda, M|68/100
|turn|21
|l| El.Capo.Camino
|
|t:|1769367937
|switch|p2a: Landorus|Landorus-Therian, M|40/100
|-ability|p2a: Landorus|Intimidate|boost
|-unboost|p1a: Barraskewda|atk|1
|move|p1a: Barraskewda|Liquidation|p2a: Landorus
|-supereffective|p2a: Landorus
|-damage|p2a: Landorus|0 fnt
|-damage|p1a: Barraskewda|51/100|[from] item: Rocky Helmet|[of] p2a: Landorus
|faint|p2a: Landorus
|
|-weather|RainDance|[upkeep]
|upkeep
|
|t:|1769367944
|switch|p2a: Tyranitar|Tyranitar, F|57/100
|-weather|Sandstorm|[from] ability: Sand Stream|[of] p2a: Tyranitar
|turn|22
|
|t:|1769367955
|switch|p1a: Great Tusk|Great Tusk|86/100
|switch|p2a: Kyurem|Kyurem|3/100
|-ability|p2a: Kyurem|Pressure
|
|-weather|Sandstorm|[upkeep]
|-damage|p2a: Kyurem|0 fnt|[from] Sandstorm
|faint|p2a: Kyurem
|upkeep
|
|t:|1769367957
|switch|p2a: Enamorus|Enamorus, F|100/100
|turn|23
|inactive|noob1877 test has 120 seconds left.
|inactive|noob1877 test has 90 seconds left.
|
|t:|1769368024
|-terastallize|p1a: Great Tusk|Steel
|move|p2a: Enamorus|Moonblast|p1a: Great Tusk
|-resisted|p1a: Great Tusk
|-damage|p1a: Great Tusk|40/100
|move|p1a: Great Tusk|Ice Spinner|p2a: Enamorus
|-supereffective|p2a: Enamorus
|-damage|p2a: Enamorus|18/100
|
|-weather|Sandstorm|[upkeep]
|-damage|p2a: Enamorus|12/100|[from] Sandstorm
|upkeep
|turn|24
|inactive|noob1877 test has 90 seconds left.
|
|t:|1769368036
|move|p2a: Enamorus|Moonblast|p1a: Great Tusk
|-resisted|p1a: Great Tusk
|-damage|p1a: Great Tusk|0 fnt
|faint|p1a: Great Tusk
|-end|p1a: Great Tusk|Protosynthesis|[silent]
|
|-weather|Sandstorm|[upkeep]
|-damage|p2a: Enamorus|6/100|[from] Sandstorm
|upkeep
|
|t:|1769368038
|switch|p1a: Barraskewda|Barraskewda, M|51/100
|turn|25
|
|t:|1769368044
|move|p1a: Barraskewda|Aqua Jet|p2a: Enamorus
|-damage|p2a: Enamorus|0 fnt
|faint|p2a: Enamorus
|
|-weather|Sandstorm|[upkeep]
|-damage|p1a: Barraskewda|45/100|[from] Sandstorm
|upkeep
|
|t:|1769368050
|switch|p2a: Cinderace|Cinderace, M|100/100
|turn|26
|
|t:|1769368056
|switch|p1a: Pelipper|Pelipper, F|96/100
|-weather|RainDance|[from] ability: Drizzle|[of] p1a: Pelipper
|-terastallize|p2a: Cinderace|Ghost
|move|p2a: Cinderace|U-turn|p1a: Pelipper
|-resisted|p1a: Pelipper
|-damage|p1a: Pelipper|88/100
|
|t:|1769368057
|switch|p2a: Tyranitar|Tyranitar, F|57/100|[from] U-turn
|-weather|Sandstorm|[from] ability: Sand Stream|[of] p2a: Tyranitar
|
|-weather|Sandstorm|[upkeep]
|-damage|p1a: Pelipper|82/100|[from] Sandstorm
|upkeep
|turn|27
|
|t:|1769368063
|move|p2a: Tyranitar|Stone Edge|p1a: Pelipper
|-supereffective|p1a: Pelipper
|-damage|p1a: Pelipper|15/100
|move|p1a: Pelipper|U-turn|p2a: Tyranitar
|-supereffective|p2a: Tyranitar
|-damage|p2a: Tyranitar|43/100
|
|t:|1769368066
|switch|p1a: Barraskewda|Barraskewda, M|45/100|[from] U-turn
|
|-weather|Sandstorm|[upkeep]
|-damage|p1a: Barraskewda|39/100|[from] Sandstorm
|upkeep
|turn|28
|
|t:|1769368070
|switch|p2a: Cinderace|Cinderace, M, tera:Ghost|100/100
|move|p1a: Barraskewda|Liquidation|p2a: Cinderace
|-damage|p2a: Cinderace|22/100
|
|-weather|Sandstorm|[upkeep]
|-damage|p1a: Barraskewda|33/100|[from] Sandstorm
|-damage|p2a: Cinderace|16/100|[from] Sandstorm
|upkeep
|turn|29
|
|t:|1769368078
|move|p1a: Barraskewda|Liquidation|p2a: Cinderace
|-damage|p2a: Cinderace|0 fnt
|faint|p2a: Cinderace
|
|-weather|Sandstorm|[upkeep]
|-damage|p1a: Barraskewda|27/100|[from] Sandstorm
|upkeep
|
|t:|1769368080
|switch|p2a: Tyranitar|Tyranitar, F|43/100
|turn|30
|
|t:|1769368082
|switch|p1a: Pelipper|Pelipper, F|15/100
|-weather|RainDance|[from] ability: Drizzle|[of] p1a: Pelipper
|move|p2a: Tyranitar|Knock Off|p1a: Pelipper
|-damage|p1a: Pelipper|0 fnt
|-enditem|p1a: Pelipper|Damp Rock|[from] move: Knock Off|[of] p2a: Tyranitar
|faint|p1a: Pelipper
|
|-weather|RainDance|[upkeep]
|upkeep
|
|t:|1769368083
|switch|p1a: Barraskewda|Barraskewda, M|27/100
|turn|31
|-message|mtxo forfeited.
|
|win|noob1877 test
|raw|noob1877 test's rating: 1826 &rarr; <strong>1840</strong><br />(+14 for winning)
|raw|mtxo's rating: 1723 &rarr; <strong>1709</strong><br />(-14 for losing)
|l|☆mtxo
|player|p2|
|l| Goobshiester1st
|l|☆noob1877 test
|player|p1|
