|j|☆okbuddychingling
|j|☆LaportaPotty
|t:|1769319319
|gametype|singles
|player|p1|okbuddychingling|gambler|1536
|player|p2|LaportaPotty|169|1442
|gen|9
|tier|[Gen 9] OU
|rated|
|rule|HP Percentage Mod: HP is shown in percentages
|rule|Endless Battle Clause: Forcing endless battles is banned
|rule|Species Clause: Limit one of each Pokémon
|rule|OHKO Clause: OHKO moves are banned
|rule|Evasion Items Clause: Evasion items are banned
|rule|Evasion Moves Clause: Evasion moves are banned
|rule|Evasion Abilities Clause: Evasion abilities are banned
|rule|Sleep Moves Clause: Sleep-inducing moves are banned
|clearpoke
|poke|p1|Iron Crown|
|poke|p1|Zamazenta-*|
|poke|p1|Great Tusk|
|poke|p1|Kingambit, F|
|poke|p1|Enamorus, F|
|poke|p1|Ogerpon-Wellspring, F|
|poke|p2|Okidogi, M|
|poke|p2|Raging Bolt|
|poke|p2|Moltres|
|poke|p2|Sinistcha|
|poke|p2|Iron Treads|
|poke|p2|Great Tusk|
|teampreview
|inactive|Battle timer is ON: inactive players will automatically lose when time's up. (requested by okbuddychingling)
|inactive|LaportaPotty has 120 seconds left.
|
|t:|1769319363
|teamsize|p1|6
|teamsize|p2|6
|start
|switch|p1a: Lord of the Flies|Zamazenta|100/100
|switch|p2a: Great Tusk|Great Tusk|100/100
|-ability|p1a: Lord of the Flies|Dauntless Shield|boost
|-boost|p1a: Lord of the Flies|def|1
|-enditem|p2a: Great Tusk|Booster Energy
|-activate|p2a: Great Tusk|ability: Protosynthesis|[fromitem]
|-start|p2a: Great Tusk|protosynthesisatk
|turn|1
|
|t:|1769319370
|move|p1a: Lord of the Flies|Reflect|p1a: Lord of the Flies
|-sidestart|p1: okbuddychingling|Reflect
|move|p2a: Great Tusk|Stealth Rock|p1a: Lord of the Flies
|-sidestart|p1: okbuddychingling|move: Stealth Rock
|
|upkeep
|turn|2
|
|t:|1769319375
|-end|p2a: Great Tusk|Protosynthesis|[silent]
|switch|p2a: Moltres|Moltres|100/100
|move|p1a: Lord of the Flies|Light Screen|p1a: Lord of the Flies
|-sidestart|p1: okbuddychingling|move: Light Screen
|
|upkeep
|turn|3
|
|t:|1769319393
|switch|p1a: The Haunted Mask|Ogerpon-Wellspring, F|100/100
|-damage|p1a: The Haunted Mask|88/100|[from] Stealth Rock
|move|p2a: Moltres|Will-O-Wisp|p1a: The Haunted Mask
|-status|p1a: The Haunted Mask|brn
|
|-damage|p1a: The Haunted Mask|82/100 brn|[from] brn
|upkeep
|turn|4
|
|t:|1769319404
|switch|p2a: Okidogi|Okidogi, M|100/100
|move|p1a: The Haunted Mask|Ivy Cudgel|p2a: Okidogi|[anim] Ivy Cudgel Water
|-damage|p2a: Okidogi|78/100
|
|-damage|p1a: The Haunted Mask|76/100 brn|[from] brn
|upkeep
|turn|5
|
|t:|1769319412
|switch|p1a: Madusa|Enamorus, F|100/100
|-damage|p1a: Madusa|76/100|[from] Stealth Rock
|move|p2a: Okidogi|Gunk Shot|p1a: Madusa|[miss]
|-miss|p2a: Okidogi|p1a: Madusa
|
|upkeep
|turn|6
|
|t:|1769319417
|move|p1a: Madusa|Healing Wish|p1a: Madusa
|faint|p1a: Madusa
|move|p2a: Okidogi|Gunk Shot|p1: Madusa|[notarget]
|-fail|p2a: Okidogi
|
|upkeep
|
|t:|1769319423
|switch|p1a: The Haunted Mask|Ogerpon-Wellspring, F|76/100 brn
|-heal|p1a: The Haunted Mask|100/100|[from] move: Healing Wish
|-damage|p1a: The Haunted Mask|88/100|[from] Stealth Rock
|turn|7
|
|t:|1769319427
|move|p1a: The Haunted Mask|Swords Dance|p1a: The Haunted Mask
|-boost|p1a: The Haunted Mask|atk|2
|move|p2a: Okidogi|Gunk Shot|p1a: The Haunted Mask
|-supereffective|p1a: The Haunted Mask
|-damage|p1a: The Haunted Mask|0 fnt
|faint|p1a: The Haunted Mask
|
|upkeep
|
|t:|1769319430
|switch|p1a: Goldwing|Iron Crown|100/100
|-damage|p1a: Goldwing|94/100|[from] Stealth Rock
|-enditem|p1a: Goldwing|Booster Energy
|-activate|p1a: Goldwing|ability: Quark Drive|[fromitem]
|-start|p1a: Goldwing|quarkdrivespa
|turn|8
|
|t:|1769319438
|-terastallize|p2a: Okidogi|Water
|move|p1a: Goldwing|Psyshock|p2a: Okidogi
|-damage|p2a: Okidogi|29/100
|move|p2a: Okidogi|Knock Off|p1a: Goldwing
|-supereffective|p1a: Goldwing
|-damage|p1a: Goldwing|72/100
|
|-sideend|p1: okbuddychingling|Reflect
|upkeep
|turn|9
|
|t:|1769319448
|move|p1a: Goldwing|Psyshock|p2a: Okidogi
|-damage|p2a: Okidogi|0 fnt
|faint|p2a: Okidogi
|
|-sideend|p1: okbuddychingling|move: Light Screen
|upkeep
|
|t:|1769319461
|switch|p2a: Iron Treads|Iron Treads|100/100
|turn|10
|
|t:|1769319468
|-terastallize|p1a: Goldwing|Fighting
|move|p2a: Iron Treads|Earthquake|p1a: Goldwing
|-damage|p1a: Goldwing|31/100
|move|p1a: Goldwing|Agility|p1a: Goldwing
|-boost|p1a: Goldwing|spe|2
|
|upkeep
|turn|11
|
|t:|1769319485
|-end|p2a: Iron Treads|Quark Drive|[silent]
|switch|p2a: Sinistcha|Sinistcha|100/100
|move|p1a: Goldwing|Focus Blast|p2a: Sinistcha
|-immune|p2a: Sinistcha
|
|upkeep
|turn|12
|
|t:|1769319492
|move|p1a: Goldwing|Tachyon Cutter|p2a: Sinistcha
|-damage|p2a: Sinistcha|59/100
|-damage|p2a: Sinistcha|20/100
|-hitcount|p2a: Sinistcha|2
|move|p2a: Sinistcha|Shadow Ball|p1a: Goldwing
|-damage|p1a: Goldwing|4/100
|
|upkeep
|turn|13
|
|t:|1769319502
|move|p1a: Goldwing|Tachyon Cutter|p2a: Sinistcha
|-damage|p2a: Sinistcha|0 fnt
|faint|p2a: Sinistcha
|-hitcount|p2: Sinistcha|1
|
|upkeep
|
|t:|1769319504
|switch|p2a: Raging Bolt|Raging Bolt|100/100
|-enditem|p2a: Raging Bolt|Booster Energy
|-activate|p2a: Raging Bolt|ability: Protosynthesis|[fromitem]
|-start|p2a: Raging Bolt|protosynthesisspa
|turn|14
|
|t:|1769319508
|move|p1a: Goldwing|Psyshock|p2a: Raging Bolt
|-damage|p2a: Raging Bolt|50/100
|move|p2a: Raging Bolt|Dragon Pulse|p1a: Goldwing
|-damage|p1a: Goldwing|0 fnt
|faint|p1a: Goldwing
|-end|p1a: Goldwing|Quark Drive|[silent]
|
|upkeep
|
|t:|1769319515
|switch|p1a: Lord of the Flies|Zamazenta|100/100
|-damage|p1a: Lord of the Flies|94/100|[from] Stealth Rock
|turn|15
|
|t:|1769319521
|-end|p2a: Raging Bolt|Protosynthesis|[silent]
|switch|p2a: Moltres|Moltres|100/100
|move|p1a: Lord of the Flies|Light Screen|p1a: Lord of the Flies
|-sidestart|p1: okbuddychingling|move: Light Screen
|
|upkeep
|turn|16
|
|t:|1769319525
|move|p1a: Lord of the Flies|Reflect|p1a: Lord of the Flies
|-sidestart|p1: okbuddychingling|Reflect
|move|p2a: Moltres|Will-O-Wisp|p1a: Lord of the Flies
|-status|p1a: Lord of the Flies|brn
|
|-damage|p1a: Lord of the Flies|88/100 brn|[from] brn
|upkeep
|turn|17
|
|t:|1769319535
|switch|p1a: Queengambit|Kingambit, F|100/100
|-damage|p1a: Queengambit|94/100|[from] Stealth Rock
|-activate|p1a: Queengambit|ability: Supreme Overlord
|-start|p1a: Queengambit|fallen3|[silent]
|move|p2a: Moltres|Roar|p1a: Queengambit
|-end|p1a: Queengambit|fallen3|[silent]
|drag|p1a: Lord of the Flies|Zamazenta|88/100 brn
|-damage|p1a: Lord of the Flies|82/100 brn|[from] Stealth Rock
|
|-damage|p1a: Lord of the Flies|76/100 brn|[from] brn
|upkeep
|turn|18
|
|t:|1769319543
|move|p1a: Lord of the Flies|Crunch|p2a: Moltres
|-damage|p2a: Moltres|93/100
|move|p2a: Moltres|Flamethrower|p1a: Lord of the Flies
|-damage|p1a: Lord of the Flies|59/100 brn
|
|-damage|p1a: Lord of the Flies|52/100 brn|[from] brn
|upkeep
|turn|19
|
|t:|1769319550
|move|p1a: Lord of the Flies|Crunch|p2a: Moltres
|-damage|p2a: Moltres|86/100
|move|p2a: Moltres|Flamethrower|p1a: Lord of the Flies
|-damage|p1a: Lord of the Flies|35/100 brn
|
|-damage|p1a: Lord of the Flies|28/100 brn|[from] brn
|upkeep
|turn|20
|
|t:|1769319556
|move|p1a: Lord of the Flies|Crunch|p2a: Moltres
|-damage|p2a: Moltres|79/100
|-unboost|p2a: Moltres|def|1
|move|p2a: Moltres|Roost|p2a: Moltres
|-heal|p2a: Moltres|100/100
|-singleturn|p2a: Moltres|move: Roost
|
|-damage|p1a: Lord of the Flies|22/100 brn|[from] brn
|upkeep
|turn|21
|
|t:|1769319562
|switch|p2a: Great Tusk|Great Tusk|100/100
|move|p1a: Lord of the Flies|Crunch|p2a: Great Tusk
|-resisted|p2a: Great Tusk
|-damage|p2a: Great Tusk|97/100
|
|-damage|p1a: Lord of the Flies|16/100 brn|[from] brn
|upkeep
|turn|22
|
|t:|1769319572
|switch|p1a: Curb Stomp|Great Tusk|100/100
|-damage|p1a: Curb Stomp|98/100|[from] Stealth Rock
|-enditem|p1a: Curb Stomp|Booster Energy
|-activate|p1a: Curb Stomp|ability: Protosynthesis|[fromitem]
|-start|p1a: Curb Stomp|protosynthesisatk
|move|p2a: Great Tusk|Rapid Spin|p1a: Curb Stomp
|-damage|p1a: Curb Stomp|91/100
|-boost|p2a: Great Tusk|spe|1
|
|-sideend|p1: okbuddychingling|move: Light Screen
|upkeep
|turn|23
|
|t:|1769319586
|-end|p2a: Great Tusk|Protosynthesis|[silent]
|switch|p2a: Moltres|Moltres|100/100
|move|p1a: Curb Stomp|Bulk Up|p1a: Curb Stomp
|-boost|p1a: Curb Stomp|atk|1
|-boost|p1a: Curb Stomp|def|1
|
|-sideend|p1: okbuddychingling|Reflect
|upkeep
|turn|24
|
|t:|1769319594
|move|p1a: Curb Stomp|Ice Spinner|p2a: Moltres
|-damage|p2a: Moltres|65/100
|move|p2a: Moltres|Roar|p1a: Curb Stomp
|-end|p1a: Curb Stomp|Protosynthesis|[silent]
|drag|p1a: Lord of the Flies|Zamazenta|16/100 brn
|-damage|p1a: Lord of the Flies|10/100 brn|[from] Stealth Rock
|
|-damage|p1a: Lord of the Flies|4/100 brn|[from] brn
|upkeep
|turn|25
|-message|okbuddychingling forfeited.
|
|win|LaportaPotty
|raw|okbuddychingling's rating: 1536 &rarr; <strong>1511</strong><br />(-25 for losing)
|raw|LaportaPotty's rating: 1442 &rarr; <strong>1467</strong><br />(+25 for winning)
|l|☆okbuddychingling
|player|p1|
|l|☆LaportaPotty
|player|p2|
