|j|☆KrishU17
|j|☆Cour3tro
|t:|1769314947
|gametype|singles
|player|p1|KrishU17|2|1129
|player|p2|Cour3tro|170|1191
|gen|9
|tier|[Gen 9] OU
|rated|
|rule|HP Percentage Mod: HP is shown in percentages
|rule|Endless Battle Clause: Forcing endless battles is banned
|rule|Species Clause: Limit one of each Pokémon
|rule|OHKO Clause: OHKO moves are banned
|rule|Evasion Items Clause: Evasion items are banned
|rule|Evasion Moves Clause: Evasion moves are banned
|rule|Evasion Abilities Clause: Evasion abilities are banned
|rule|Sleep Moves Clause: Sleep-inducing moves are banned
|clearpoke
|poke|p1|Gholdengo|
|poke|p1|Pecharunt|
|poke|p1|Zamazenta-*|
|poke|p1|Iron Treads|
|poke|p1|Dragonite, F|
|poke|p1|Samurott-Hisui, M|
|poke|p2|Glimmora, M|
|poke|p2|Zapdos-Galar|
|poke|p2|Vaporeon, F|
|poke|p2|Iron Thorns|
|poke|p2|Weavile, M|
|poke|p2|Mismagius, M|
|teampreview
|
|t:|1769314966
|teamsize|p1|6
|teamsize|p2|6
|start
|switch|p1a: Iron Treads|Iron Treads|100/100
|switch|p2a: Zapdos|Zapdos-Galar|100/100
|-enditem|p1a: Iron Treads|Booster Energy
|-activate|p1a: Iron Treads|ability: Quark Drive|[fromitem]
|-start|p1a: Iron Treads|quarkdrivespe
|turn|1
|
|t:|1769314979
|-end|p1a: Iron Treads|Quark Drive|[silent]
|switch|p1a: Pecharunt|Pecharunt|100/100
|-item|p1a: Pecharunt|Air Balloon
|move|p2a: Zapdos|Close Combat|p1a: Pecharunt
|-immune|p1a: Pecharunt
|
|upkeep
|turn|2
|
|t:|1769314992
|switch|p2a: Iron Thorns|Iron Thorns|100/100
|move|p1a: Pecharunt|Malignant Chain|p2a: Iron Thorns
|-resisted|p2a: Iron Thorns
|-crit|p2a: Iron Thorns
|-damage|p2a: Iron Thorns|78/100
|-status|p2a: Iron Thorns|tox
|-start|p2a: Iron Thorns|confusion|[from] ability: Poison Puppeteer|[of] p1a: Pecharunt
|
|-damage|p2a: Iron Thorns|71/100 tox|[from] psn
|upkeep
|turn|3
|
|t:|1769315007
|move|p1a: Pecharunt|Parting Shot|p2a: Iron Thorns
|-unboost|p2a: Iron Thorns|atk|1
|-unboost|p2a: Iron Thorns|spa|1
|
|t:|1769315013
|switch|p1a: Iron Treads|Iron Treads|100/100|[from] Parting Shot
|-activate|p2a: Iron Thorns|confusion
|move|p2a: Iron Thorns|Dragon Dance|p2a: Iron Thorns
|-boost|p2a: Iron Thorns|atk|1
|-boost|p2a: Iron Thorns|spe|1
|
|-damage|p2a: Iron Thorns|59/100 tox|[from] psn
|upkeep
|turn|4
|
|t:|1769315028
|-end|p2a: Iron Thorns|Quark Drive|[silent]
|switch|p2a: Mismagius|Mismagius, M|100/100
|move|p1a: Iron Treads|Earthquake|p2a: Mismagius
|-immune|p2a: Mismagius|[from] ability: Levitate
|
|upkeep
|turn|5
|
|t:|1769315036
|-end|p1a: Iron Treads|Quark Drive|[silent]
|switch|p1a: Samurott|Samurott-Hisui, M|100/100
|move|p2a: Mismagius|Nasty Plot|p2a: Mismagius
|-boost|p2a: Mismagius|spa|2
|
|upkeep
|turn|6
|inactive|Battle timer is ON: inactive players will automatically lose when time's up. (requested by KrishU17)
|
|t:|1769315055
|switch|p2a: Zapdos|Zapdos-Galar|100/100
|move|p1a: Samurott|Sucker Punch||[still]
|-fail|p1a: Samurott
|
|upkeep
|turn|7
|
|t:|1769315064
|switch|p1a: Pecharunt|Pecharunt|100/100
|-item|p1a: Pecharunt|Air Balloon
|move|p2a: Zapdos|Drill Peck|p1a: Pecharunt
|-crit|p1a: Pecharunt
|-damage|p1a: Pecharunt|45/100
|-enditem|p1a: Pecharunt|Air Balloon
|
|upkeep
|turn|8
|
|t:|1769315085
|switch|p1a: Gholdengo|Gholdengo|100/100
|-item|p1a: Gholdengo|Air Balloon
|move|p2a: Zapdos|Drill Peck|p1a: Gholdengo
|-resisted|p1a: Gholdengo
|-damage|p1a: Gholdengo|66/100
|-enditem|p1a: Gholdengo|Air Balloon
|
|upkeep
|turn|9
|
|t:|1769315103
|switch|p2a: Vaporeon|Vaporeon, F|100/100
|move|p1a: Gholdengo|Make It Rain|p2a: Vaporeon
|-resisted|p2a: Vaporeon
|-damage|p2a: Vaporeon|75/100
|-unboost|p1a: Gholdengo|spa|1
|
|-heal|p2a: Vaporeon|81/100|[from] item: Leftovers
|upkeep
|turn|10
|
|t:|1769315128
|switch|p1a: Samurott|Samurott-Hisui, M|100/100
|switch|p2a: Zapdos|Zapdos-Galar|100/100
|
|upkeep
|turn|11
|inactive|KrishU17 has 120 seconds left.
|
|t:|1769315148
|switch|p1a: Iron Treads|Iron Treads|100/100
|move|p2a: Zapdos|Drill Peck|p1a: Iron Treads
|-resisted|p1a: Iron Treads
|-damage|p1a: Iron Treads|75/100
|
|upkeep
|turn|12
|
|t:|1769315159
|-end|p1a: Iron Treads|Quark Drive|[silent]
|switch|p1a: Pecharunt|Pecharunt|45/100
|switch|p2a: Glimmora|Glimmora, M|100/100
|
|upkeep
|turn|13
|inactive|KrishU17 has 120 seconds left.
|
|t:|1769315174
|move|p1a: Pecharunt|Recover|p1a: Pecharunt
|-heal|p1a: Pecharunt|95/100
|move|p2a: Glimmora|Power Gem|p1a: Pecharunt
|-damage|p1a: Pecharunt|52/100
|
|upkeep
|turn|14
|
|t:|1769315182
|move|p1a: Pecharunt|Shadow Ball|p2a: Glimmora
|-damage|p2a: Glimmora|69/100
|move|p2a: Glimmora|Stealth Rock|p1a: Pecharunt
|-sidestart|p1: KrishU17|move: Stealth Rock
|
|upkeep
|turn|15
|inactive|Cour3tro has 120 seconds left.
|
|t:|1769315219
|move|p1a: Pecharunt|Shadow Ball|p2a: Glimmora
|-damage|p2a: Glimmora|34/100
|-unboost|p2a: Glimmora|spd|1
|move|p2a: Glimmora|Power Gem|p1a: Pecharunt
|-damage|p1a: Pecharunt|10/100
|
|upkeep
|turn|16
|inactive|Cour3tro has 120 seconds left.
|
|t:|1769315233
|switch|p2a: Weavile|Weavile, M|100/100
|-ability|p2a: Weavile|Pressure
|move|p1a: Pecharunt|Shadow Ball|p2a: Weavile
|-resisted|p2a: Weavile
|-damage|p2a: Weavile|82/100
|
|upkeep
|turn|17
|inactive|Cour3tro has 120 seconds left.
|inactive|KrishU17 has 120 seconds left.
|
|t:|1769315253
|switch|p1a: Zamazenta|Zamazenta|100/100
|-damage|p1a: Zamazenta|94/100|[from] Stealth Rock
|-ability|p1a: Zamazenta|Dauntless Shield|boost
|-boost|p1a: Zamazenta|def|1
|move|p2a: Weavile|Knock Off|p1a: Zamazenta
|-resisted|p1a: Zamazenta
|-damage|p1a: Zamazenta|79/100
|-enditem|p1a: Zamazenta|Leftovers|[from] move: Knock Off|[of] p2a: Weavile
|-damage|p2a: Weavile|72/100|[from] item: Life Orb
|
|upkeep
|turn|18
|inactive|KrishU17 has 120 seconds left.
|inactive|Cour3tro has 120 seconds left.
|
|t:|1769315276
|switch|p2a: Mismagius|Mismagius, M|100/100
|move|p1a: Zamazenta|Body Press|p2a: Mismagius
|-immune|p2a: Mismagius
|
|upkeep
|turn|19
|inactive|KrishU17 has 120 seconds left.
|
|t:|1769315286
|switch|p1a: Samurott|Samurott-Hisui, M|100/100
|-damage|p1a: Samurott|88/100|[from] Stealth Rock
|move|p2a: Mismagius|Nasty Plot|p2a: Mismagius
|-boost|p2a: Mismagius|spa|2
|
|upkeep
|turn|20
|inactive|Cour3tro has 120 seconds left.
|inactive|KrishU17 has 120 seconds left.
|
|t:|1769315320
|switch|p2a: Zapdos|Zapdos-Galar|100/100
|move|p1a: Samurott|Razor Shell|p2a: Zapdos
|-damage|p2a: Zapdos|46/100
|
|upkeep
|turn|21
|inactive|KrishU17 has 120 seconds left.
|
|t:|1769315346
|-terastallize|p1a: Samurott|Ghost
|move|p2a: Zapdos|Close Combat|p1a: Samurott
|-immune|p1a: Samurott
|move|p1a: Samurott|Razor Shell|p2a: Zapdos
|-damage|p2a: Zapdos|0 fnt
|faint|p2a: Zapdos
|
|upkeep
|inactive|Cour3tro has 90 seconds left.
|
|t:|1769315362
|switch|p2a: Weavile|Weavile, M|72/100
|-ability|p2a: Weavile|Pressure
|turn|22
|inactive|Cour3tro has 90 seconds left.
|
|t:|1769315384
|switch|p1a: Zamazenta|Zamazenta|79/100
|-damage|p1a: Zamazenta|73/100|[from] Stealth Rock
|move|p2a: Weavile|Triple Axel|p1a: Zamazenta
|-damage|p1a: Zamazenta|63/100
|-damage|p1a: Zamazenta|44/100
|-damage|p1a: Zamazenta|18/100
|-hitcount|p1a: Zamazenta|3
|-damage|p2a: Weavile|62/100|[from] item: Life Orb
|
|upkeep
|turn|23
|
|t:|1769315400
|switch|p2a: Mismagius|Mismagius, M|100/100
|move|p1a: Zamazenta|Heavy Slam|p2a: Mismagius
|-damage|p2a: Mismagius|51/100
|
|-heal|p2a: Mismagius|57/100|[from] item: Leftovers
|upkeep
|turn|24
|inactive|KrishU17 has 90 seconds left.
|l|☆KrishU17
|inactive|KrishU17 disconnected and has a minute to reconnect!
|player|p1|
|j|☆KrishU17
|inactive|KrishU17 reconnected and has 75 seconds left.
|player|p1|KrishU17|2|
|inactive|KrishU17 has 60 seconds left.
|
|t:|1769315451
|switch|p1a: Samurott|Samurott-Hisui, M, tera:Ghost|88/100
|-damage|p1a: Samurott|76/100|[from] Stealth Rock
|move|p2a: Mismagius|Shadow Ball|p1a: Samurott
|-supereffective|p1a: Samurott
|-damage|p1a: Samurott|37/100
|-unboost|p1a: Samurott|spd|1
|
|-heal|p2a: Mismagius|63/100|[from] item: Leftovers
|upkeep
|turn|25
|inactive|KrishU17 has 60 seconds left.
|
|t:|1769315469
|switch|p2a: Glimmora|Glimmora, M|34/100
|move|p1a: Samurott|Ceaseless Edge|p2a: Glimmora
|-damage|p2a: Glimmora|0 fnt
|-activate|p2a: Glimmora|ability: Toxic Debris
|-sidestart|p1: KrishU17|move: Toxic Spikes
|-sidestart|p2: Cour3tro|Spikes
|faint|p2a: Glimmora
|
|upkeep
|
|t:|1769315484
|switch|p2a: Weavile|Weavile, M|62/100
|-damage|p2a: Weavile|50/100|[from] Spikes
|-ability|p2a: Weavile|Pressure
|turn|26
|
|t:|1769315495
|move|p1a: Samurott|Sucker Punch||[still]
|-fail|p1a: Samurott
|move|p2a: Weavile|Swords Dance|p2a: Weavile
|-boost|p2a: Weavile|atk|2
|
|upkeep
|turn|27
|
|t:|1769315503
|move|p2a: Weavile|Ice Shard|p1a: Samurott
|-damage|p1a: Samurott|0 fnt
|faint|p1a: Samurott
|-damage|p2a: Weavile|40/100|[from] item: Life Orb
|
|upkeep
|
|t:|1769315514
|switch|p1a: Zamazenta|Zamazenta|18/100
|-damage|p1a: Zamazenta|12/100|[from] Stealth Rock
|-status|p1a: Zamazenta|psn
|turn|28
|inactive|Cour3tro has 90 seconds left.
|
|t:|1769315521
|move|p2a: Weavile|Ice Shard|p1a: Zamazenta
|-damage|p1a: Zamazenta|0 fnt
|faint|p1a: Zamazenta
|-damage|p2a: Weavile|30/100|[from] item: Life Orb
|
|upkeep
|
|t:|1769315527
|switch|p1a: Gholdengo|Gholdengo|66/100
|-damage|p1a: Gholdengo|60/100|[from] Stealth Rock
|turn|29
|
|t:|1769315537
|-terastallize|p2a: Weavile|Dark
|move|p2a: Weavile|Knock Off|p1a: Gholdengo
|-supereffective|p1a: Gholdengo
|-damage|p1a: Gholdengo|0 fnt
|faint|p1a: Gholdengo
|-damage|p2a: Weavile|20/100|[from] item: Life Orb
|
|upkeep
|
|t:|1769315544
|switch|p1a: Dragonite|Dragonite, F|100/100
|turn|30
|
|t:|1769315551
|move|p2a: Weavile|Ice Shard|p1a: Dragonite
|-supereffective|p1a: Dragonite
|-damage|p1a: Dragonite|5/100
|-damage|p2a: Weavile|10/100|[from] item: Life Orb
|move|p1a: Dragonite|Earthquake|p2a: Weavile
|-damage|p2a: Weavile|0 fnt
|faint|p2a: Weavile
|
|upkeep
|
|t:|1769315560
|switch|p2a: Mismagius|Mismagius, M|63/100
|turn|31
|inactive|KrishU17 has 90 seconds left.
|inactive|Cour3tro has 120 seconds left.
|
|t:|1769315566
|move|p2a: Mismagius|Shadow Ball|p1a: Dragonite
|-damage|p1a: Dragonite|0 fnt
|faint|p1a: Dragonite
|
|-heal|p2a: Mismagius|69/100|[from] item: Leftovers
|upkeep
|
|t:|1769315570
|switch|p1a: Iron Treads|Iron Treads|75/100
|-damage|p1a: Iron Treads|72/100|[from] Stealth Rock
|turn|32
|
|t:|1769315579
|move|p2a: Mismagius|Nasty Plot|p2a: Mismagius
|-boost|p2a: Mismagius|spa|2
|move|p1a: Iron Treads|Knock Off|p2a: Mismagius
|-supereffective|p2a: Mismagius
|-damage|p2a: Mismagius|0 fnt
|-enditem|p2a: Mismagius|Leftovers|[from] move: Knock Off|[of] p1a: Iron Treads
|faint|p2a: Mismagius
|
|upkeep
|
|t:|1769315587
|switch|p2a: Iron Thorns|Iron Thorns|59/100 tox
|-damage|p2a: Iron Thorns|47/100 tox|[from] Spikes
|turn|33
|
|t:|1769315599
|move|p1a: Iron Treads|Earthquake|p2a: Iron Thorns
|-supereffective|p2a: Iron Thorns
|-damage|p2a: Iron Thorns|0 fnt
|faint|p2a: Iron Thorns
|-end|p2a: Iron Thorns|Quark Drive|[silent]
|
|upkeep
|
|t:|1769315600
|switch|p2a: Vaporeon|Vaporeon, F|81/100
|-damage|p2a: Vaporeon|69/100|[from] Spikes
|turn|34
|inactive|KrishU17 has 120 seconds left.
|
|t:|1769315620
|move|p1a: Iron Treads|Knock Off|p2a: Vaporeon
|-damage|p2a: Vaporeon|50/100
|-enditem|p2a: Vaporeon|Leftovers|[from] move: Knock Off|[of] p1a: Iron Treads
|move|p2a: Vaporeon|Wish|p2a: Vaporeon
|
|upkeep
|turn|35
|inactive|KrishU17 has 120 seconds left.
|
|t:|1769315628
|move|p2a: Vaporeon|Protect|p2a: Vaporeon
|-singleturn|p2a: Vaporeon|Protect
|move|p1a: Iron Treads|Rapid Spin|p2a: Vaporeon
|-activate|p2a: Vaporeon|move: Protect
|
|-heal|p2a: Vaporeon|99/100|[from] move: Wish|[wisher] Vaporeon
|upkeep
|turn|36
|inactive|KrishU17 has 120 seconds left.
|
|t:|1769315641
|move|p1a: Iron Treads|Earthquake|p2a: Vaporeon
|-damage|p2a: Vaporeon|72/100
|move|p2a: Vaporeon|Scald|p1a: Iron Treads
|-supereffective|p1a: Iron Treads
|-crit|p1a: Iron Treads
|-damage|p1a: Iron Treads|0 fnt
|faint|p1a: Iron Treads
|-end|p1a: Iron Treads|Quark Drive|[silent]
|
|upkeep
|inactive|KrishU17 has 120 seconds left.
|
|t:|1769315648
|switch|p1a: Pecharunt|Pecharunt|10/100
|-damage|p1a: Pecharunt|0 fnt|[from] Stealth Rock
|faint|p1a: Pecharunt
|
|win|Cour3tro
|raw|KrishU17's rating: 1129 &rarr; <strong>1108</strong><br />(-21 for losing)
|raw|Cour3tro's rating: 1191 &rarr; <strong>1212</strong><br />(+21 for winning)
|l|☆KrishU17
|player|p1|
