|j|☆zonix14
|j|☆Free6lackpanther
|t:|1769404527
|gametype|singles
|player|p1|zonix14|266|1268
|player|p2|Free6lackpanther|265|1239
|gen|9
|tier|[Gen 9] OU
|rated|
|rule|HP Percentage Mod: HP is shown in percentages
|rule|Endless Battle Clause: Forcing endless battles is banned
|rule|Species Clause: Limit one of each Pokémon
|rule|OHKO Clause: OHKO moves are banned
|rule|Evasion Items Clause: Evasion items are banned
|rule|Evasion Moves Clause: Evasion moves are banned
|rule|Evasion Abilities Clause: Evasion abilities are banned
|rule|Sleep Moves Clause: Sleep-inducing moves are banned
|clearpoke
|poke|p1|Empoleon, F|
|poke|p1|Masquerain, F|
|poke|p1|Cinderace, M|
|poke|p1|Carbink|
|poke|p1|Serperior, F|
|poke|p1|Indeedee-F, F|
|poke|p2|Ogerpon-Wellspring, F|
|poke|p2|Zapdos|
|poke|p2|Tyranitar, F|
|poke|p2|Slowking-Galar, F|
|poke|p2|Moltres|
|poke|p2|Scizor, F|
|teampreview
|inactive|Battle timer is ON: inactive players will automatically lose when time's up. (requested by Free6lackpanther)
|inactive|zonix14 also wants the timer to be on.
|l|☆zonix14
|inactive|zonix14 disconnected and has a minute to reconnect!
|player|p1|
|j|☆zonix14
|inactive|zonix14 reconnected and has 140 seconds left.
|player|p1|zonix14|266|
|
|t:|1769404541
|teamsize|p1|6
|teamsize|p2|6
|start
|switch|p1a: Masquerain|Masquerain, F|100/100
|switch|p2a: Scizor|Scizor, F|100/100
|-ability|p1a: Masquerain|Intimidate|boost
|-unboost|p2a: Scizor|atk|1
|turn|1
|
|t:|1769404549
|move|p1a: Masquerain|Sticky Web|p2a: Scizor
|-sidestart|p2: Free6lackpanther|move: Sticky Web
|move|p2a: Scizor|Dual Wingbeat|p1a: Masquerain
|-supereffective|p1a: Masquerain
|-damage|p1a: Masquerain|44/100
|-supereffective|p1a: Masquerain
|-damage|p1a: Masquerain|0 fnt
|faint|p1a: Masquerain
|-hitcount|p1: Masquerain|2
|
|upkeep
|
|t:|1769404553
|switch|p1a: Cinderace|Cinderace, M|100/100
|turn|2
|
|t:|1769404561
|switch|p2a: Moltres|Moltres|100/100
|move|p1a: Cinderace|Pyro Ball|p2a: Moltres
|-resisted|p2a: Moltres
|-damage|p2a: Moltres|82/100
|
|upkeep
|turn|3
|
|t:|1769404570
|move|p1a: Cinderace|Court Change|p1a: Cinderace
|-swapsideconditions
|-activate|p1a: Cinderace|move: Court Change
|move|p2a: Moltres|U-turn|p1a: Cinderace
|-resisted|p1a: Cinderace
|-damage|p1a: Cinderace|89/100
|
|t:|1769404578
|switch|p2a: Tyranitar|Tyranitar, F|100/100|[from] U-turn
|-weather|Sandstorm|[from] ability: Sand Stream|[of] p2a: Tyranitar
|
|-weather|Sandstorm|[upkeep]
|-damage|p1a: Cinderace|83/100|[from] Sandstorm
|upkeep
|turn|4
|
|t:|1769404591
|move|p1a: Cinderace|High Jump Kick|p2a: Tyranitar
|-supereffective|p2a: Tyranitar
|-damage|p2a: Tyranitar|0 fnt
|faint|p2a: Tyranitar
|
|-weather|Sandstorm|[upkeep]
|-damage|p1a: Cinderace|77/100|[from] Sandstorm
|upkeep
|
|t:|1769404598
|switch|p2a: Ogerpon|Ogerpon-Wellspring, F|100/100
|turn|5
|
|t:|1769404605
|-terastallize|p2a: Ogerpon|Water
|detailschange|p2a: Ogerpon|Ogerpon-Wellspring-Tera, F, tera:Water
|-ability|p2a: Ogerpon|Embody Aspect (Wellspring)|boost
|-boost|p2a: Ogerpon|spd|1
|move|p1a: Cinderace|Will-O-Wisp|p2a: Ogerpon
|-status|p2a: Ogerpon|brn
|move|p2a: Ogerpon|Ivy Cudgel|p1a: Cinderace|[anim] Ivy Cudgel Water
|-supereffective|p1a: Cinderace
|-damage|p1a: Cinderace|0 fnt
|faint|p1a: Cinderace
|
|-weather|Sandstorm|[upkeep]
|-damage|p2a: Ogerpon|95/100 brn|[from] Sandstorm
|-damage|p2a: Ogerpon|89/100 brn|[from] brn
|upkeep
|
|t:|1769404628
|switch|p1a: Carbink|Carbink|100/100
|turn|6
|
|t:|1769404633
|move|p2a: Ogerpon|Swords Dance|p2a: Ogerpon
|-boost|p2a: Ogerpon|atk|2
|move|p1a: Carbink|Trick Room|p1a: Carbink
|-fieldstart|move: Trick Room|[of] p1a: Carbink
|
|-weather|Sandstorm|[upkeep]
|-damage|p2a: Ogerpon|83/100 brn|[from] Sandstorm
|-damage|p2a: Ogerpon|77/100 brn|[from] brn
|upkeep
|turn|7
|
|t:|1769404642
|move|p1a: Carbink|Misty Explosion|p2a: Ogerpon
|-damage|p2a: Ogerpon|60/100 brn
|faint|p1a: Carbink
|move|p2a: Ogerpon|Swords Dance|p2a: Ogerpon
|-boost|p2a: Ogerpon|atk|2
|
|-weather|none
|-damage|p2a: Ogerpon|54/100 brn|[from] brn
|upkeep
|
|t:|1769404645
|switch|p1a: Empoleon|Empoleon, F|100/100
|-activate|p1a: Empoleon|move: Sticky Web
|-unboost|p1a: Empoleon|spe|1
|-ability|p1a: Empoleon|Competitive|boost
|-boost|p1a: Empoleon|spa|2
|turn|8
|
|t:|1769404656
|-terastallize|p1a: Empoleon|Electric
|move|p1a: Empoleon|Tera Blast|p2a: Ogerpon|[anim] Tera Blast Electric
|-supereffective|p2a: Ogerpon
|-damage|p2a: Ogerpon|0 fnt
|faint|p2a: Ogerpon
|detailschange|p2: Ogerpon|Ogerpon-Wellspring, F|[silent]
|
|upkeep
|
|t:|1769404665
|switch|p2a: Slowking|Slowking-Galar, F|100/100
|turn|9
|
|t:|1769404669
|move|p2a: Slowking|Future Sight|p1a: Empoleon
|-start|p2a: Slowking|move: Future Sight
|move|p1a: Empoleon|Surf|p2a: Slowking
|-damage|p2a: Slowking|34/100
|
|-heal|p2a: Slowking|40/100|[from] item: Leftovers
|upkeep
|turn|10
|
|t:|1769404677
|move|p2a: Slowking|Flamethrower|p1a: Empoleon
|-damage|p1a: Empoleon|77/100
|move|p1a: Empoleon|Surf|p2a: Slowking
|-damage|p2a: Slowking|0 fnt
|faint|p2a: Slowking
|
|-fieldend|move: Trick Room
|upkeep
|
|t:|1769404691
|switch|p2a: Moltres|Moltres|82/100
|turn|11
|
|t:|1769404695
|switch|p1a: Serperior|Serperior, F|100/100
|-activate|p1a: Serperior|move: Sticky Web
|-boost|p1a: Serperior|spe|1
|move|p2a: Moltres|Scorching Sands|p1a: Serperior
|-resisted|p1a: Serperior
|-damage|p1a: Serperior|89/100
|
|-end|p1a: Serperior|move: Future Sight
|-damage|p1a: Serperior|34/100
|upkeep
|turn|12
|
|t:|1769404706
|move|p1a: Serperior|Leaf Storm|p2a: Moltres
|-resisted|p2a: Moltres
|-damage|p2a: Moltres|70/100
|-boost|p1a: Serperior|spa|2
|move|p2a: Moltres|Flamethrower|p1a: Serperior
|-supereffective|p1a: Serperior
|-damage|p1a: Serperior|0 fnt
|faint|p1a: Serperior
|
|upkeep
|
|t:|1769404708
|switch|p1a: Indeedee|Indeedee-F, F|100/100
|-activate|p1a: Indeedee|move: Sticky Web
|-unboost|p1a: Indeedee|spe|1
|-fieldstart|move: Psychic Terrain|[from] ability: Psychic Surge|[of] p1a: Indeedee
|turn|13
|
|t:|1769404721
|move|p2a: Moltres|U-turn|p1a: Indeedee
|-supereffective|p1a: Indeedee
|-damage|p1a: Indeedee|61/100
|
|t:|1769404724
|switch|p2a: Scizor|Scizor, F|100/100|[from] U-turn
|move|p1a: Indeedee|Trick Room|p1a: Indeedee
|-fieldstart|move: Trick Room|[of] p1a: Indeedee
|
|upkeep
|turn|14
|
|t:|1769404732
|move|p1a: Indeedee|Healing Wish|p1a: Indeedee
|faint|p1a: Indeedee
|move|p2a: Scizor|Knock Off|p1: Indeedee|[notarget]
|-fail|p2a: Scizor
|
|upkeep
|
|t:|1769404735
|switch|p1a: Empoleon|Empoleon, F, tera:Electric|77/100
|-heal|p1a: Empoleon|100/100|[from] move: Healing Wish
|-activate|p1a: Empoleon|move: Sticky Web
|-unboost|p1a: Empoleon|spe|1
|-ability|p1a: Empoleon|Competitive|boost
|-boost|p1a: Empoleon|spa|2
|turn|15
|
|t:|1769404744
|move|p1a: Empoleon|Surf|p2a: Scizor
|-damage|p2a: Scizor|0 fnt
|faint|p2a: Scizor
|
|upkeep
|
|t:|1769404751
|switch|p2a: Moltres|Moltres|70/100
|turn|16
|
|t:|1769404754
|move|p1a: Empoleon|Surf|p2a: Moltres
|-supereffective|p2a: Moltres
|-damage|p2a: Moltres|0 fnt
|faint|p2a: Moltres
|
|upkeep
|
|t:|1769404760
|switch|p2a: Zapdos|Zapdos|100/100
|turn|17
|
|t:|1769404763
|move|p1a: Empoleon|Ice Beam|p2a: Zapdos
|-supereffective|p2a: Zapdos
|-damage|p2a: Zapdos|0 fnt
|faint|p2a: Zapdos
|
|win|zonix14
|raw|zonix14's rating: 1268 &rarr; <strong>1291</strong><br />(+23 for winning)
|raw|Free6lackpanther's rating: 1239 &rarr; <strong>1216</strong><br />(-23 for losing)
|c|☆zonix14|Gg
|l|☆Free6lackpanther
|player|p2|
|l|☆zonix14
|player|p1|
