|j|☆kiryukyosuke923
|j|☆Maximuzprime
|t:|1769428375
|gametype|singles
|player|p1|kiryukyosuke923|marlon|1184
|player|p2|Maximuzprime|pokemaniac|1169
|gen|9
|tier|[Gen 9] OU
|rated|
|rule|HP Percentage Mod: HP is shown in percentages
|rule|Endless Battle Clause: Forcing endless battles is banned
|rule|Species Clause: Limit one of each Pokémon
|rule|OHKO Clause: OHKO moves are banned
|rule|Evasion Items Clause: Evasion items are banned
|rule|Evasion Moves Clause: Evasion moves are banned
|rule|Evasion Abilities Clause: Evasion abilities are banned
|rule|Sleep Moves Clause: Sleep-inducing moves are banned
|clearpoke
|poke|p1|Blissey, F|
|poke|p1|Dondozo, M|
|poke|p1|Gliscor, M|
|poke|p1|Toxapex, F|
|poke|p1|Clefable, F|
|poke|p1|Clodsire, F|
|poke|p2|Froslass, F|
|poke|p2|Gholdengo|
|poke|p2|Hydreigon, M|
|poke|p2|Polteageist|
|poke|p2|Slither Wing|
|poke|p2|Kingambit, F|
|teampreview
|
|t:|1769428385
|teamsize|p1|6
|teamsize|p2|6
|start
|switch|p1a: Blissey|Blissey, F|100/100
|switch|p2a: Froslass|Froslass, F|100/100
|turn|1
|
|t:|1769428393
|move|p2a: Froslass|Spikes|p1a: Blissey
|-sidestart|p1: kiryukyosuke923|Spikes
|move|p1a: Blissey|Stealth Rock|p2a: Froslass
|-sidestart|p2: Maximuzprime|move: Stealth Rock
|
|upkeep
|turn|2
|
|t:|1769428397
|move|p2a: Froslass|Spikes|p1a: Blissey
|-sidestart|p1: kiryukyosuke923|Spikes
|move|p1a: Blissey|Shadow Ball|p2a: Froslass
|-supereffective|p2a: Froslass
|-damage|p2a: Froslass|49/100
|
|upkeep
|turn|3
|
|t:|1769428403
|move|p2a: Froslass|Destiny Bond|p2a: Froslass
|-singlemove|p2a: Froslass|Destiny Bond
|move|p1a: Blissey|Shadow Ball|p2a: Froslass
|-supereffective|p2a: Froslass
|-damage|p2a: Froslass|1/100
|
|upkeep
|turn|4
|
|t:|1769428421
|switch|p1a: Toxapex|Toxapex, F|100/100
|move|p2a: Froslass|Taunt|p1a: Toxapex
|-start|p1a: Toxapex|move: Taunt
|
|upkeep
|turn|5
|
|t:|1769428431
|switch|p1a: Gliscor|Gliscor, M|100/100
|move|p2a: Froslass|Destiny Bond|p2a: Froslass
|-singlemove|p2a: Froslass|Destiny Bond
|
|-status|p1a: Gliscor|tox|[from] item: Toxic Orb
|upkeep
|turn|6
|
|t:|1769428443
|move|p1a: Gliscor|Protect|p1a: Gliscor
|-singleturn|p1a: Gliscor|Protect
|move|p2a: Froslass|Ice Beam|p1a: Gliscor
|-activate|p1a: Gliscor|move: Protect
|
|upkeep
|turn|7
|
|t:|1769428457
|switch|p1a: Toxapex|Toxapex, F|100/100
|move|p2a: Froslass|Destiny Bond|p2a: Froslass
|-singlemove|p2a: Froslass|Destiny Bond
|
|upkeep
|turn|8
|
|t:|1769428465
|move|p2a: Froslass|Spikes|p1a: Toxapex
|-sidestart|p1: kiryukyosuke923|Spikes
|move|p1a: Toxapex|Toxic|p2a: Froslass
|-status|p2a: Froslass|tox
|
|-damage|p2a: Froslass|0 fnt|[from] psn
|faint|p2a: Froslass
|upkeep
|
|t:|1769428473
|switch|p2a: Gholdengo|Gholdengo|100/100
|-damage|p2a: Gholdengo|94/100|[from] Stealth Rock
|turn|9
|
|t:|1769428481
|move|p1a: Toxapex|Baneful Bunker|p1a: Toxapex
|-singleturn|p1a: Toxapex|move: Protect
|move|p2a: Gholdengo|Nasty Plot|p2a: Gholdengo
|-boost|p2a: Gholdengo|spa|2
|
|-heal|p2a: Gholdengo|100/100|[from] item: Leftovers
|upkeep
|turn|10
|
|t:|1769428495
|switch|p1a: Blissey|Blissey, F|100/100
|move|p2a: Gholdengo|Nasty Plot|p2a: Gholdengo
|-boost|p2a: Gholdengo|spa|2
|
|upkeep
|turn|11
|
|t:|1769428502
|move|p2a: Gholdengo|Nasty Plot|p2a: Gholdengo
|-boost|p2a: Gholdengo|spa|2
|move|p1a: Blissey|Shadow Ball|p2a: Gholdengo
|-supereffective|p2a: Gholdengo
|-damage|p2a: Gholdengo|69/100
|
|-heal|p2a: Gholdengo|75/100|[from] item: Leftovers
|upkeep
|turn|12
|
|t:|1769428512
|move|p2a: Gholdengo|Nasty Plot|p2a: Gholdengo
|-boost|p2a: Gholdengo|spa|0
|move|p1a: Blissey|Shadow Ball|p2a: Gholdengo
|-supereffective|p2a: Gholdengo
|-damage|p2a: Gholdengo|37/100
|
|-heal|p2a: Gholdengo|43/100|[from] item: Leftovers
|upkeep
|turn|13
|
|t:|1769428522
|move|p2a: Gholdengo|Make It Rain|p1a: Blissey
|-damage|p1a: Blissey|23/100
|-unboost|p2a: Gholdengo|spa|1
|move|p1a: Blissey|Shadow Ball|p2a: Gholdengo
|-supereffective|p2a: Gholdengo
|-damage|p2a: Gholdengo|7/100
|
|-heal|p2a: Gholdengo|13/100|[from] item: Leftovers
|upkeep
|turn|14
|
|t:|1769428544
|switch|p1a: Clodsire|Clodsire, F|100/100
|move|p2a: Gholdengo|Shadow Ball|p1a: Clodsire
|-crit|p1a: Clodsire
|-damage|p1a: Clodsire|66/100
|
|-heal|p2a: Gholdengo|19/100|[from] item: Leftovers
|upkeep
|turn|15
|
|t:|1769428551
|move|p2a: Gholdengo|Recover|p2a: Gholdengo
|-heal|p2a: Gholdengo|69/100
|move|p1a: Clodsire|Recover|p1a: Clodsire
|-heal|p1a: Clodsire|100/100
|
|-heal|p2a: Gholdengo|75/100|[from] item: Leftovers
|upkeep
|turn|16
|
|t:|1769428569
|switch|p1a: Gliscor|Gliscor, M|100/100 tox
|move|p2a: Gholdengo|Shadow Ball|p1a: Gliscor
|-damage|p1a: Gliscor|0 fnt
|faint|p1a: Gliscor
|
|-heal|p2a: Gholdengo|81/100|[from] item: Leftovers
|upkeep
|
|t:|1769428584
|switch|p1a: Clefable|Clefable, F|100/100
|turn|17
|
|t:|1769428590
|-terastallize|p1a: Clefable|Steel
|move|p2a: Gholdengo|Shadow Ball|p1a: Clefable
|-damage|p1a: Clefable|0 fnt
|faint|p1a: Clefable
|
|-heal|p2a: Gholdengo|87/100|[from] item: Leftovers
|upkeep
|-message|kiryukyosuke923 forfeited.
|
|win|Maximuzprime
|raw|kiryukyosuke923's rating: 1184 &rarr; <strong>1158</strong><br />(-26 for losing)
|raw|Maximuzprime's rating: 1169 &rarr; <strong>1195</strong><br />(+26 for winning)
|l|☆kiryukyosuke923
|player|p1|
