|j|☆godlywalrus
|j|☆Unskilled2004
|t:|1769428769
|gametype|singles
|player|p1|godlywalrus|acerola|1535
|player|p2|Unskilled2004|170|1599
|gen|9
|tier|[Gen 9] OU
|rated|
|rule|HP Percentage Mod: HP is shown in percentages
|rule|Endless Battle Clause: Forcing endless battles is banned
|rule|Species Clause: Limit one of each Pokémon
|rule|OHKO Clause: OHKO moves are banned
|rule|Evasion Items Clause: Evasion items are banned
|rule|Evasion Moves Clause: Evasion moves are banned
|rule|Evasion Abilities Clause: Evasion abilities are banned
|rule|Sleep Moves Clause: Sleep-inducing moves are banned
|clearpoke
|poke|p1|Primarina, M|
|poke|p1|Jirachi|
|poke|p1|Cinderace, F|
|poke|p1|Weavile, M|
|poke|p1|Landorus-Therian, M|
|poke|p1|Raging Bolt|
|poke|p2|Hydreigon, M|
|poke|p2|Great Tusk|
|poke|p2|Lokix, F|
|poke|p2|Dragapult, M|
|poke|p2|Pecharunt|
|poke|p2|Heatran, M|
|teampreview
|inactive|Battle timer is ON: inactive players will automatically lose when time's up. (requested by Unskilled2004)
|inactive|godlywalrus also wants the timer to be on.
|
|t:|1769428783
|teamsize|p1|6
|teamsize|p2|6
|start
|switch|p1a: Weavile|Weavile, M|100/100
|switch|p2a: Hydreigon|Hydreigon, M|100/100
|turn|1
|
|t:|1769428792
|-terastallize|p2a: Hydreigon|Steel
|move|p1a: Weavile|Triple Axel|p2a: Hydreigon
|-resisted|p2a: Hydreigon
|-damage|p2a: Hydreigon|93/100
|-resisted|p2a: Hydreigon
|-damage|p2a: Hydreigon|76/100
|-resisted|p2a: Hydreigon
|-damage|p2a: Hydreigon|52/100
|-hitcount|p2a: Hydreigon|3
|move|p2a: Hydreigon|Draco Meteor|p1a: Weavile
|-damage|p1a: Weavile|0 fnt
|-unboost|p2a: Hydreigon|spa|2
|faint|p1a: Weavile
|
|upkeep
|
|t:|1769428801
|switch|p1a: Cinderace|Cinderace, F|100/100
|turn|2
|
|t:|1769428804
|switch|p2a: Pecharunt|Pecharunt|100/100
|move|p1a: Cinderace|U-turn|p2a: Pecharunt
|-start|p1a: Cinderace|typechange|Bug|[from] ability: Libero
|-resisted|p2a: Pecharunt
|-damage|p2a: Pecharunt|97/100
|
|t:|1769428816
|switch|p1a: Landorus|Landorus-Therian, M|100/100|[from] U-turn
|-ability|p1a: Landorus|Intimidate|boost
|-unboost|p2a: Pecharunt|atk|1
|
|upkeep
|turn|3
|
|t:|1769428823
|move|p1a: Landorus|Taunt|p2a: Pecharunt
|-start|p2a: Pecharunt|move: Taunt
|cant|p2a: Pecharunt|move: Taunt|Parting Shot
|
|upkeep
|turn|4
|
|t:|1769428826
|move|p1a: Landorus|Stealth Rock|p2a: Pecharunt
|-sidestart|p2: Unskilled2004|move: Stealth Rock
|move|p2a: Pecharunt|Malignant Chain|p1a: Landorus
|-resisted|p1a: Landorus
|-damage|p1a: Landorus|84/100
|-status|p1a: Landorus|tox
|-start|p1a: Landorus|confusion|[from] ability: Poison Puppeteer|[of] p2a: Pecharunt
|
|-damage|p1a: Landorus|78/100 tox|[from] psn
|upkeep
|turn|5
|
|t:|1769428832
|-activate|p1a: Landorus|confusion
|move|p1a: Landorus|Earthquake|p2a: Pecharunt
|-supereffective|p2a: Pecharunt
|-damage|p2a: Pecharunt|55/100
|move|p2a: Pecharunt|Foul Play|p1a: Landorus
|-damage|p1a: Landorus|53/100 tox
|-damage|p2a: Pecharunt|39/100|[from] item: Rocky Helmet|[of] p1a: Landorus
|
|-damage|p1a: Landorus|41/100 tox|[from] psn
|-end|p2a: Pecharunt|move: Taunt
|upkeep
|turn|6
|
|t:|1769428843
|switch|p1a: Jirachi|Jirachi|100/100
|switch|p2a: Hydreigon|Hydreigon, M, tera:Steel|52/100
|-damage|p2a: Hydreigon|46/100|[from] Stealth Rock
|
|upkeep
|turn|7
|inactive|godlywalrus has 120 seconds left.
|
|t:|1769428873
|move|p1a: Jirachi|Protect|p1a: Jirachi
|-singleturn|p1a: Jirachi|Protect
|move|p2a: Hydreigon|Dark Pulse|p1a: Jirachi
|-activate|p1a: Jirachi|move: Protect
|
|upkeep
|turn|8
|inactive|godlywalrus has 120 seconds left.
|
|t:|1769428889
|switch|p2a: Great Tusk|Great Tusk|100/100
|move|p1a: Jirachi|U-turn|p2a: Great Tusk
|-resisted|p2a: Great Tusk
|-damage|p2a: Great Tusk|96/100
|
|t:|1769428904
|switch|p1a: Primarina|Primarina, M|100/100|[from] U-turn
|
|upkeep
|turn|9
|
|t:|1769428917
|move|p2a: Great Tusk|Headlong Rush|p1a: Primarina
|-damage|p1a: Primarina|14/100
|-unboost|p2a: Great Tusk|def|1
|-unboost|p2a: Great Tusk|spd|1
|move|p1a: Primarina|Moonblast|p2a: Great Tusk
|-supereffective|p2a: Great Tusk
|-damage|p2a: Great Tusk|0 fnt
|faint|p2a: Great Tusk
|-end|p2a: Great Tusk|Protosynthesis|[silent]
|
|upkeep
|
|t:|1769428926
|switch|p2a: Lokix|Lokix, F|100/100
|-damage|p2a: Lokix|76/100|[from] Stealth Rock
|turn|10
|
|t:|1769428931
|switch|p1a: Landorus|Landorus-Therian, M|41/100 tox
|-ability|p1a: Landorus|Intimidate|boost
|-unboost|p2a: Lokix|atk|1
|move|p2a: Lokix|U-turn|p1a: Landorus
|-resisted|p1a: Landorus
|-damage|p1a: Landorus|18/100 tox
|-damage|p2a: Lokix|59/100|[from] item: Rocky Helmet|[of] p1a: Landorus
|
|t:|1769428935
|switch|p2a: Dragapult|Dragapult, M|100/100|[from] U-turn
|-damage|p2a: Dragapult|88/100|[from] Stealth Rock
|
|-damage|p1a: Landorus|12/100 tox|[from] psn
|upkeep
|turn|11
|
|t:|1769428946
|switch|p1a: Jirachi|Jirachi|100/100
|move|p2a: Dragapult|Shadow Ball|p1a: Jirachi
|-supereffective|p1a: Jirachi
|-damage|p1a: Jirachi|32/100
|
|-heal|p1a: Jirachi|38/100|[from] item: Leftovers
|upkeep
|turn|12
|
|t:|1769428966
|move|p1a: Jirachi|Protect|p1a: Jirachi
|-singleturn|p1a: Jirachi|Protect
|move|p2a: Dragapult|Shadow Ball|p1a: Jirachi
|-activate|p1a: Jirachi|move: Protect
|
|-heal|p1a: Jirachi|45/100|[from] item: Leftovers
|upkeep
|turn|13
|
|t:|1769428972
|-terastallize|p1a: Jirachi|Dark
|move|p2a: Dragapult|Shadow Ball|p1a: Jirachi
|-resisted|p1a: Jirachi
|-damage|p1a: Jirachi|30/100
|move|p1a: Jirachi|Wish|p1a: Jirachi
|
|-heal|p1a: Jirachi|36/100|[from] item: Leftovers
|upkeep
|turn|14
|
|t:|1769428986
|switch|p2a: Hydreigon|Hydreigon, M, tera:Steel|46/100
|-damage|p2a: Hydreigon|40/100|[from] Stealth Rock
|move|p1a: Jirachi|Doom Desire|p2a: Hydreigon
|-start|p1a: Jirachi|Doom Desire
|
|-heal|p1a: Jirachi|86/100|[from] move: Wish|[wisher] Jirachi
|-heal|p1a: Jirachi|92/100|[from] item: Leftovers
|upkeep
|turn|15
|
|t:|1769428995
|move|p2a: Hydreigon|Flash Cannon|p1a: Jirachi
|-damage|p1a: Jirachi|53/100
|move|p1a: Jirachi|Wish|p1a: Jirachi
|
|-heal|p1a: Jirachi|59/100|[from] item: Leftovers
|upkeep
|turn|16
|
|t:|1769429002
|move|p2a: Hydreigon|Flash Cannon|p1a: Jirachi
|-damage|p1a: Jirachi|21/100
|move|p1a: Jirachi|U-turn|p2a: Hydreigon
|-resisted|p2a: Hydreigon
|-damage|p2a: Hydreigon|31/100
|
|t:|1769429006
|switch|p1a: Primarina|Primarina, M|14/100|[from] U-turn
|
|-end|p2a: Hydreigon|move: Doom Desire
|-resisted|p2a: Hydreigon
|-damage|p2a: Hydreigon|4/100
|-heal|p1a: Primarina|77/100|[from] move: Wish|[wisher] Jirachi
|upkeep
|turn|17
|
|t:|1769429014
|move|p2a: Hydreigon|Flash Cannon|p1a: Primarina
|-damage|p1a: Primarina|42/100
|move|p1a: Primarina|Flip Turn|p2a: Hydreigon
|-damage|p2a: Hydreigon|0 fnt
|faint|p2a: Hydreigon
|
|t:|1769429017
|switch|p1a: Jirachi|Jirachi, tera:Dark|21/100|[from] Flip Turn
|
|-heal|p1a: Jirachi|27/100|[from] item: Leftovers
|upkeep
|
|t:|1769429035
|switch|p2a: Lokix|Lokix, F|59/100
|-damage|p2a: Lokix|34/100|[from] Stealth Rock
|turn|18
|
|t:|1769429054
|move|p1a: Jirachi|Protect|p1a: Jirachi
|-singleturn|p1a: Jirachi|Protect
|move|p2a: Lokix|Leech Life|p1a: Jirachi
|-activate|p1a: Jirachi|move: Protect
|
|-heal|p1a: Jirachi|33/100|[from] item: Leftovers
|upkeep
|turn|19
|
|t:|1769429060
|switch|p1a: Landorus|Landorus-Therian, M|12/100 tox
|-ability|p1a: Landorus|Intimidate|boost
|-unboost|p2a: Lokix|atk|1
|move|p2a: Lokix|Leech Life|p1a: Landorus
|-resisted|p1a: Landorus
|-damage|p1a: Landorus|0 fnt
|-heal|p2a: Lokix|42/100|[from] drain|[of] p1a: Landorus
|-damage|p2a: Lokix|26/100|[from] item: Rocky Helmet|[of] p1a: Landorus
|faint|p1a: Landorus
|
|upkeep
|
|t:|1769429072
|switch|p1a: Cinderace|Cinderace, F|100/100
|turn|20
|
|t:|1769429092
|switch|p2a: Pecharunt|Pecharunt|39/100
|move|p1a: Cinderace|U-turn|p2a: Pecharunt
|-start|p1a: Cinderace|typechange|Bug|[from] ability: Libero
|-resisted|p2a: Pecharunt
|-damage|p2a: Pecharunt|35/100
|
|t:|1769429110
|switch|p1a: Raging Bolt|Raging Bolt|100/100|[from] U-turn
|
|upkeep
|turn|21
|
|t:|1769429117
|switch|p2a: Heatran|Heatran, M|100/100
|-damage|p2a: Heatran|88/100|[from] Stealth Rock
|move|p1a: Raging Bolt|Thunderbolt|p2a: Heatran
|-damage|p2a: Heatran|53/100
|
|-heal|p2a: Heatran|59/100|[from] item: Leftovers
|upkeep
|turn|22
|
|t:|1769429141
|move|p1a: Raging Bolt|Thunderbolt|p2a: Heatran
|-damage|p2a: Heatran|23/100
|move|p2a: Heatran|Magma Storm|p1a: Raging Bolt|[miss]
|-miss|p2a: Heatran|p1a: Raging Bolt
|
|-heal|p2a: Heatran|29/100|[from] item: Leftovers
|upkeep
|turn|23
|
|t:|1769429148
|move|p2a: Heatran|Protect|p2a: Heatran
|-singleturn|p2a: Heatran|Protect
|move|p1a: Raging Bolt|Thunderclap||[still]
|-fail|p1a: Raging Bolt
|
|-heal|p2a: Heatran|35/100|[from] item: Leftovers
|upkeep
|turn|24
|
|t:|1769429152
|move|p1a: Raging Bolt|Thunderbolt|p2a: Heatran
|-damage|p2a: Heatran|2/100
|move|p2a: Heatran|Earth Power|p1a: Raging Bolt
|-supereffective|p1a: Raging Bolt
|-damage|p1a: Raging Bolt|50/100
|
|-heal|p1a: Raging Bolt|56/100|[from] item: Leftovers
|-heal|p2a: Heatran|9/100|[from] item: Leftovers
|upkeep
|turn|25
|
|t:|1769429162
|move|p1a: Raging Bolt|Calm Mind|p1a: Raging Bolt
|-boost|p1a: Raging Bolt|spa|1
|-boost|p1a: Raging Bolt|spd|1
|move|p2a: Heatran|Earth Power|p1a: Raging Bolt
|-supereffective|p1a: Raging Bolt
|-damage|p1a: Raging Bolt|25/100
|-unboost|p1a: Raging Bolt|spd|1
|
|-heal|p1a: Raging Bolt|31/100|[from] item: Leftovers
|-heal|p2a: Heatran|15/100|[from] item: Leftovers
|upkeep
|turn|26
|
|t:|1769429172
|move|p1a: Raging Bolt|Thunderbolt|p2a: Heatran
|-damage|p2a: Heatran|0 fnt
|faint|p2a: Heatran
|
|-heal|p1a: Raging Bolt|37/100|[from] item: Leftovers
|upkeep
|
|t:|1769429182
|switch|p2a: Dragapult|Dragapult, M|88/100
|-damage|p2a: Dragapult|76/100|[from] Stealth Rock
|turn|27
|
|t:|1769429189
|move|p1a: Raging Bolt|Thunderclap|p2a: Dragapult
|-resisted|p2a: Dragapult
|-damage|p2a: Dragapult|33/100
|move|p2a: Dragapult|Shadow Ball|p1a: Raging Bolt
|-damage|p1a: Raging Bolt|0 fnt
|faint|p1a: Raging Bolt
|-end|p1a: Raging Bolt|Protosynthesis|[silent]
|
|upkeep
|
|t:|1769429193
|switch|p1a: Jirachi|Jirachi, tera:Dark|33/100
|turn|28
|
|t:|1769429219
|switch|p2a: Lokix|Lokix, F|26/100
|-damage|p2a: Lokix|1/100|[from] Stealth Rock
|move|p1a: Jirachi|Wish|p1a: Jirachi
|
|-heal|p1a: Jirachi|39/100|[from] item: Leftovers
|upkeep
|turn|29
|
|t:|1769429224
|switch|p1a: Cinderace|Cinderace, F|100/100
|move|p2a: Lokix|Leech Life|p1a: Cinderace
|-resisted|p1a: Cinderace
|-damage|p1a: Cinderace|21/100
|-heal|p2a: Lokix|43/100|[from] drain|[of] p1a: Cinderace
|
|-heal|p1a: Cinderace|89/100|[from] move: Wish|[wisher] Jirachi
|upkeep
|turn|30
|
|t:|1769429232
|move|p1a: Cinderace|Pyro Ball|p2a: Lokix
|-supereffective|p2a: Lokix
|-damage|p2a: Lokix|0 fnt
|faint|p2a: Lokix
|
|upkeep
|j| Tbccc15
|
|t:|1769429238
|switch|p2a: Pecharunt|Pecharunt|35/100
|turn|31
|
|t:|1769429244
|move|p1a: Cinderace|Pyro Ball|p2a: Pecharunt
|-damage|p2a: Pecharunt|6/100
|move|p2a: Pecharunt|Recover|p2a: Pecharunt
|-heal|p2a: Pecharunt|56/100
|
|upkeep
|turn|32
|
|t:|1769429248
|move|p1a: Cinderace|U-turn|p2a: Pecharunt
|-start|p1a: Cinderace|typechange|Bug|[from] ability: Libero
|-resisted|p2a: Pecharunt
|-damage|p2a: Pecharunt|52/100
|
|t:|1769429250
|switch|p1a: Jirachi|Jirachi, tera:Dark|39/100|[from] U-turn
|move|p2a: Pecharunt|Recover|p2a: Pecharunt
|-heal|p2a: Pecharunt|100/100
|
|-heal|p1a: Jirachi|46/100|[from] item: Leftovers
|upkeep
|turn|33
|
|t:|1769429256
|move|p1a: Jirachi|Protect|p1a: Jirachi
|-singleturn|p1a: Jirachi|Protect
|move|p2a: Pecharunt|Malignant Chain|p1a: Jirachi
|-activate|p1a: Jirachi|move: Protect
|
|-heal|p1a: Jirachi|52/100|[from] item: Leftovers
|upkeep
|turn|34
|
|t:|1769429260
|move|p1a: Jirachi|Wish|p1a: Jirachi
|move|p2a: Pecharunt|Malignant Chain|p1a: Jirachi
|-damage|p1a: Jirachi|32/100
|-status|p1a: Jirachi|tox
|-start|p1a: Jirachi|confusion|[from] ability: Poison Puppeteer|[of] p2a: Pecharunt
|
|-heal|p1a: Jirachi|39/100 tox|[from] item: Leftovers
|-damage|p1a: Jirachi|32/100 tox|[from] psn
|upkeep
|turn|35
|
|t:|1769429267
|-activate|p1a: Jirachi|confusion
|-damage|p1a: Jirachi|25/100 tox|[from] confusion
|move|p2a: Pecharunt|Malignant Chain|p1a: Jirachi
|-damage|p1a: Jirachi|5/100 tox
|
|-heal|p1a: Jirachi|55/100 tox|[from] move: Wish|[wisher] Jirachi
|-heal|p1a: Jirachi|62/100 tox|[from] item: Leftovers
|-damage|p1a: Jirachi|49/100 tox|[from] psn
|upkeep
|turn|36
|
|t:|1769429274
|switch|p1a: Cinderace|Cinderace, F|89/100
|move|p2a: Pecharunt|Parting Shot|p1a: Cinderace
|-unboost|p1a: Cinderace|atk|1
|-unboost|p1a: Cinderace|spa|1
|
|t:|1769429276
|switch|p2a: Dragapult|Dragapult, M|33/100|[from] Parting Shot
|-damage|p2a: Dragapult|21/100|[from] Stealth Rock
|
|upkeep
|turn|37
|
|t:|1769429288
|move|p2a: Dragapult|Draco Meteor|p1a: Cinderace
|-damage|p1a: Cinderace|0 fnt
|-unboost|p2a: Dragapult|spa|2
|faint|p1a: Cinderace
|
|upkeep
|
|t:|1769429290
|switch|p1a: Primarina|Primarina, M|42/100
|turn|38
|
|t:|1769429295
|move|p2a: Dragapult|Draco Meteor|p1a: Primarina
|-immune|p1a: Primarina
|move|p1a: Primarina|Psychic Noise|p2a: Dragapult
|-resisted|p2a: Dragapult
|-damage|p2a: Dragapult|0 fnt
|faint|p2a: Dragapult
|
|upkeep
|
|t:|1769429297
|switch|p2a: Pecharunt|Pecharunt|100/100
|turn|39
|
|t:|1769429306
|move|p2a: Pecharunt|Malignant Chain|p1a: Primarina
|-supereffective|p1a: Primarina
|-damage|p1a: Primarina|0 fnt
|faint|p1a: Primarina
|
|upkeep
|
|t:|1769429309
|switch|p1a: Jirachi|Jirachi, tera:Dark|49/100 tox
|turn|40
|
|t:|1769429318
|move|p1a: Jirachi|Wish|p1a: Jirachi
|move|p2a: Pecharunt|Parting Shot|p1a: Jirachi
|-unboost|p1a: Jirachi|atk|1
|-unboost|p1a: Jirachi|spa|1
|
|-heal|p1a: Jirachi|55/100 tox|[from] item: Leftovers
|-damage|p1a: Jirachi|49/100 tox|[from] psn
|upkeep
|turn|41
|
|t:|1769429324
|move|p1a: Jirachi|Doom Desire|p2a: Pecharunt
|-start|p1a: Jirachi|Doom Desire
|move|p2a: Pecharunt|Parting Shot|p1a: Jirachi
|-unboost|p1a: Jirachi|atk|1
|-unboost|p1a: Jirachi|spa|1
|
|-heal|p1a: Jirachi|99/100 tox|[from] move: Wish|[wisher] Jirachi
|-heal|p1a: Jirachi|100/100 tox|[from] item: Leftovers
|-damage|p1a: Jirachi|88/100 tox|[from] psn
|upkeep
|turn|42
|j| js_redstar
|
|t:|1769429331
|move|p1a: Jirachi|Wish|p1a: Jirachi
|move|p2a: Pecharunt|Parting Shot|p1a: Jirachi
|-unboost|p1a: Jirachi|atk|1
|-unboost|p1a: Jirachi|spa|1
|
|-heal|p1a: Jirachi|94/100 tox|[from] item: Leftovers
|-damage|p1a: Jirachi|76/100 tox|[from] psn
|upkeep
|turn|43
|l| js_redstar
|inactive|Unskilled2004 has 120 seconds left.
|
|t:|1769429365
|move|p1a: Jirachi|U-turn|p2a: Pecharunt
|-resisted|p2a: Pecharunt
|-crit|p2a: Pecharunt
|-damage|p2a: Pecharunt|98/100
|move|p2a: Pecharunt|Parting Shot|p1a: Jirachi
|-unboost|p1a: Jirachi|atk|1
|-unboost|p1a: Jirachi|spa|1
|
|-end|p2a: Pecharunt|move: Doom Desire
|-damage|p2a: Pecharunt|82/100
|-heal|p1a: Jirachi|100/100 tox|[from] move: Wish|[wisher] Jirachi
|-damage|p1a: Jirachi|76/100 tox|[from] psn
|upkeep
|turn|44
|-message|godlywalrus forfeited.
|
|win|Unskilled2004
|raw|godlywalrus's rating: 1535 &rarr; <strong>1519</strong><br />(-16 for losing)
|raw|Unskilled2004's rating: 1599 &rarr; <strong>1615</strong><br />(+16 for winning)
|l|☆godlywalrus
|player|p1|
|l| Tbccc15
|l|☆Unskilled2004
|player|p2|
