|j|☆andy miloknockis
|j|☆sascuach
|t:|1769381685
|gametype|singles
|player|p1|andy miloknockis|flannery|1160
|player|p2|sascuach|fisherman-gen4|1191
|gen|9
|tier|[Gen 9] OU
|rated|
|rule|HP Percentage Mod: HP is shown in percentages
|rule|Endless Battle Clause: Forcing endless battles is banned
|rule|Species Clause: Limit one of each Pokémon
|rule|OHKO Clause: OHKO moves are banned
|rule|Evasion Items Clause: Evasion items are banned
|rule|Evasion Moves Clause: Evasion moves are banned
|rule|Evasion Abilities Clause: Evasion abilities are banned
|rule|Sleep Moves Clause: Sleep-inducing moves are banned
|clearpoke
|poke|p1|Heatran, F|
|poke|p1|Meowscarada, F|
|poke|p1|Samurott-Hisui, F|
|poke|p1|Morpeko, F|
|poke|p1|Deoxys-Speed|
|poke|p1|Gholdengo|
|poke|p2|Scizor, M|
|poke|p2|Raging Bolt|
|poke|p2|Rillaboom, M|
|poke|p2|Great Tusk|
|poke|p2|Ninetales, F|
|poke|p2|Samurott-Hisui, M|
|teampreview
|
|t:|1769381691
|teamsize|p1|6
|teamsize|p2|6
|start
|switch|p1a: Samurott|Samurott-Hisui, F|100/100
|switch|p2a: Ninetales|Ninetales, F|100/100
|-weather|SunnyDay|[from] ability: Drought|[of] p2a: Ninetales
|turn|1
|
|t:|1769381700
|move|p2a: Ninetales|Solar Beam||[still]
|-prepare|p2a: Ninetales|Solar Beam
|-anim|p2a: Ninetales|Solar Beam|p1a: Samurott
|-supereffective|p1a: Samurott
|-damage|p1a: Samurott|0 fnt
|faint|p1a: Samurott
|
|-weather|SunnyDay|[upkeep]
|upkeep
|
|t:|1769381704
|switch|p1a: morpico de gallo|Morpeko, F|100/100
|turn|2
|
|t:|1769381712
|move|p2a: Ninetales|Solar Beam||[still]
|-prepare|p2a: Ninetales|Solar Beam
|-anim|p2a: Ninetales|Solar Beam|p1a: morpico de gallo
|-damage|p1a: morpico de gallo|7/100
|move|p1a: morpico de gallo|Aura Wheel|p2a: Ninetales
|-damage|p2a: Ninetales|32/100
|-boost|p1a: morpico de gallo|spe|1
|
|-weather|SunnyDay|[upkeep]
|-formechange|p1a: morpico de gallo|Morpeko-Hangry||[from] ability: Hunger Switch
|upkeep
|turn|3
|
|t:|1769381721
|switch|p2a: Great Tusk|Great Tusk|100/100
|-activate|p2a: Great Tusk|ability: Protosynthesis
|-start|p2a: Great Tusk|protosynthesisatk
|move|p1a: morpico de gallo|Knock Off|p2a: Great Tusk
|-resisted|p2a: Great Tusk
|-damage|p2a: Great Tusk|90/100
|
|-weather|SunnyDay|[upkeep]
|-formechange|p1a: morpico de gallo|Morpeko||[from] ability: Hunger Switch
|upkeep
|turn|4
|
|t:|1769381730
|move|p1a: morpico de gallo|Reversal|p2a: Great Tusk
|-damage|p2a: Great Tusk|61/100
|move|p2a: Great Tusk|Headlong Rush|p1a: morpico de gallo
|-supereffective|p1a: morpico de gallo
|-damage|p1a: morpico de gallo|0 fnt
|-unboost|p2a: Great Tusk|def|1
|-unboost|p2a: Great Tusk|spd|1
|faint|p1a: morpico de gallo
|
|-weather|SunnyDay|[upkeep]
|upkeep
|
|t:|1769381735
|switch|p1a: Meowscarada|Meowscarada, F|100/100
|turn|5
|
|t:|1769381743
|-end|p2a: Great Tusk|Protosynthesis|[silent]
|switch|p2a: Scizor|Scizor, M|100/100
|move|p1a: Meowscarada|Flower Trick|p2a: Scizor
|-start|p1a: Meowscarada|typechange|Grass|[from] ability: Protean
|-resisted|p2a: Scizor
|-crit|p2a: Scizor
|-damage|p2a: Scizor|88/100
|
|-weather|none
|upkeep
|turn|6
|
|t:|1769381754
|move|p1a: Meowscarada|Toxic Spikes|p2a: Scizor
|-sidestart|p2: sascuach|move: Toxic Spikes
|move|p2a: Scizor|Close Combat|p1a: Meowscarada
|-damage|p1a: Meowscarada|0 fnt
|-unboost|p2a: Scizor|def|1
|-unboost|p2a: Scizor|spd|1
|faint|p1a: Meowscarada
|
|upkeep
|
|t:|1769381779
|switch|p1a: Deoxys|Deoxys-Speed|100/100
|-ability|p1a: Deoxys|Pressure
|turn|7
|inactive|Battle timer is ON: inactive players will automatically lose when time's up. (requested by sascuach)
|
|t:|1769381786
|switch|p2a: Samurott|Samurott-Hisui, M|100/100
|-status|p2a: Samurott|psn
|move|p1a: Deoxys|Meteor Beam||[still]
|-prepare|p1a: Deoxys|Meteor Beam
|-boost|p1a: Deoxys|spa|1
|-enditem|p1a: Deoxys|Power Herb
|-anim|p1a: Deoxys|Meteor Beam|p2a: Samurott
|-damage|p2a: Samurott|53/100 psn
|
|-damage|p2a: Samurott|41/100 psn|[from] psn
|upkeep
|turn|8
|
|t:|1769381799
|move|p1a: Deoxys|Grass Knot|p2a: Samurott
|-supereffective|p2a: Samurott
|-damage|p2a: Samurott|0 fnt
|faint|p2a: Samurott
|
|upkeep
|
|t:|1769381809
|switch|p2a: Ninetales|Ninetales, F|32/100
|-status|p2a: Ninetales|psn
|-weather|SunnyDay|[from] ability: Drought|[of] p2a: Ninetales
|turn|9
|
|t:|1769381815
|move|p1a: Deoxys|Psyshock|p2a: Ninetales
|-damage|p2a: Ninetales|0 fnt
|faint|p2a: Ninetales
|
|-weather|SunnyDay|[upkeep]
|upkeep
|
|t:|1769381818
|switch|p2a: Raging Bolt|Raging Bolt|100/100
|-status|p2a: Raging Bolt|psn
|-activate|p2a: Raging Bolt|ability: Protosynthesis
|-start|p2a: Raging Bolt|protosynthesisspa
|turn|10
|
|t:|1769381823
|move|p1a: Deoxys|Psyshock|p2a: Raging Bolt
|-damage|p2a: Raging Bolt|60/100 psn
|move|p2a: Raging Bolt|Calm Mind|p2a: Raging Bolt
|-boost|p2a: Raging Bolt|spa|1
|-boost|p2a: Raging Bolt|spd|1
|
|-weather|SunnyDay|[upkeep]
|-damage|p2a: Raging Bolt|47/100 psn|[from] psn
|upkeep
|turn|11
|
|t:|1769381827
|move|p2a: Raging Bolt|Thunderclap|p1a: Deoxys
|-damage|p1a: Deoxys|0 fnt
|faint|p1a: Deoxys
|
|-weather|SunnyDay|[upkeep]
|-damage|p2a: Raging Bolt|35/100 psn|[from] psn
|upkeep
|
|t:|1769381830
|switch|p1a: Gholdengo|Gholdengo|100/100
|turn|12
|
|t:|1769381837
|-terastallize|p2a: Raging Bolt|Fairy
|move|p2a: Raging Bolt|Thunderclap|p1a: Gholdengo
|-damage|p1a: Gholdengo|12/100
|move|p1a: Gholdengo|Hex|p2a: Raging Bolt
|-damage|p2a: Raging Bolt|0 fnt
|faint|p2a: Raging Bolt
|-end|p2a: Raging Bolt|Protosynthesis|[silent]
|
|-weather|SunnyDay|[upkeep]
|upkeep
|
|t:|1769381842
|switch|p2a: Rillaboom|Rillaboom, M|100/100
|-status|p2a: Rillaboom|psn
|-fieldstart|move: Grassy Terrain|[from] ability: Grassy Surge|[of] p2a: Rillaboom
|turn|13
|
|t:|1769381844
|switch|p1a: Heatran|Heatran, F|100/100
|-item|p1a: Heatran|Air Balloon
|move|p2a: Rillaboom|Grassy Glide|p1a: Heatran
|-resisted|p1a: Heatran
|-damage|p1a: Heatran|95/100
|-enditem|p1a: Heatran|Air Balloon
|
|-weather|none
|-heal|p1a: Heatran|100/100|[from] Grassy Terrain
|-damage|p2a: Rillaboom|88/100 psn|[from] psn
|upkeep
|turn|14
|
|t:|1769381849
|move|p2a: Rillaboom|High Horsepower|p1a: Heatran
|-supereffective|p1a: Heatran
|-damage|p1a: Heatran|6/100
|move|p1a: Heatran|Magma Storm|p2a: Rillaboom
|-supereffective|p2a: Rillaboom
|-damage|p2a: Rillaboom|17/100 psn
|-activate|p2a: Rillaboom|move: Magma Storm|[of] p1a: Heatran
|
|-heal|p2a: Rillaboom|23/100 psn|[from] Grassy Terrain
|-heal|p1a: Heatran|12/100|[from] Grassy Terrain
|-damage|p2a: Rillaboom|11/100 psn|[from] psn
|-damage|p2a: Rillaboom|0 fnt|[from] move: Magma Storm|[partiallytrapped]
|faint|p2a: Rillaboom
|upkeep
|
|t:|1769381852
|switch|p2a: Scizor|Scizor, M|88/100
|turn|15
|
|t:|1769381855
|move|p2a: Scizor|Bullet Punch|p1a: Heatran
|-resisted|p1a: Heatran
|-damage|p1a: Heatran|4/100
|move|p1a: Heatran|Magma Storm|p2a: Scizor
|-supereffective|p2a: Scizor
|-damage|p2a: Scizor|0 fnt
|faint|p2a: Scizor
|
|-heal|p1a: Heatran|11/100|[from] Grassy Terrain
|upkeep
|
|t:|1769381857
|switch|p2a: Great Tusk|Great Tusk|61/100
|-status|p2a: Great Tusk|psn
|-enditem|p2a: Great Tusk|Booster Energy
|-activate|p2a: Great Tusk|ability: Protosynthesis|[fromitem]
|-start|p2a: Great Tusk|protosynthesisatk
|turn|16
|
|t:|1769381862
|move|p2a: Great Tusk|Headlong Rush|p1a: Heatran
|-supereffective|p1a: Heatran
|-damage|p1a: Heatran|0 fnt
|-unboost|p2a: Great Tusk|def|1
|-unboost|p2a: Great Tusk|spd|1
|faint|p1a: Heatran
|
|-heal|p2a: Great Tusk|68/100 psn|[from] Grassy Terrain
|-damage|p2a: Great Tusk|55/100 psn|[from] psn
|upkeep
|
|t:|1769381864
|switch|p1a: Gholdengo|Gholdengo|12/100
|turn|17
|
|t:|1769381866
|-terastallize|p1a: Gholdengo|Ghost
|move|p1a: Gholdengo|Hex|p2a: Great Tusk
|-damage|p2a: Great Tusk|0 fnt
|faint|p2a: Great Tusk
|-end|p2a: Great Tusk|Protosynthesis|[silent]
|
|win|andy miloknockis
|raw|andy miloknockis's rating: 1160 &rarr; <strong>1187</strong><br />(+27 for winning)
|raw|sascuach's rating: 1191 &rarr; <strong>1164</strong><br />(-27 for losing)
|c|☆sascuach|gg
|c|☆andy miloknockis|gg
|l|☆andy miloknockis
|player|p1|
|l|☆sascuach
|player|p2|
