|j|☆apexacer
|j|☆nimjaisugly
|t:|1769443808
|gametype|singles
|player|p1|apexacer|2|1583
|player|p2|nimjaisugly|clavell-s|1556
|gen|9
|tier|[Gen 9] OU
|rated|
|rule|HP Percentage Mod: HP is shown in percentages
|rule|Endless Battle Clause: Forcing endless battles is banned
|rule|Species Clause: Limit one of each Pokémon
|rule|OHKO Clause: OHKO moves are banned
|rule|Evasion Items Clause: Evasion items are banned
|rule|Evasion Moves Clause: Evasion moves are banned
|rule|Evasion Abilities Clause: Evasion abilities are banned
|rule|Sleep Moves Clause: Sleep-inducing moves are banned
|clearpoke
|poke|p1|Indeedee, M|
|poke|p1|Kingambit, M|
|poke|p1|Polteageist|
|poke|p1|Grimmsnarl, M|
|poke|p1|Great Tusk|
|poke|p1|Kyurem|
|poke|p2|Scyther, M|
|poke|p2|Kleavor, M|
|poke|p2|Scizor, M|
|poke|p2|Alomomola, F|
|poke|p2|Ursaluna, F|
|poke|p2|Dragapult, F|
|teampreview
|inactive|Battle timer is ON: inactive players will automatically lose when time's up. (requested by nimjaisugly)
|
|t:|1769443821
|teamsize|p1|6
|teamsize|p2|6
|start
|switch|p1a: Kyurem|Kyurem|100/100
|switch|p2a: Scyther|Scyther, M|100/100
|-ability|p1a: Kyurem|Pressure
|turn|1
|
|t:|1769443831
|switch|p2a: Alomomola|Alomomola, F|100/100
|move|p1a: Kyurem|Freeze-Dry|p2a: Alomomola
|-supereffective|p2a: Alomomola
|-damage|p2a: Alomomola|58/100
|-status|p2a: Alomomola|frz
|
|upkeep
|turn|2
|
|t:|1769443837
|move|p1a: Kyurem|Freeze-Dry|p2a: Alomomola
|-supereffective|p2a: Alomomola
|-damage|p2a: Alomomola|13/100 frz
|-curestatus|p2a: Alomomola|frz|[from] move: Scald
|move|p2a: Alomomola|Scald|p1a: Kyurem
|-resisted|p1a: Kyurem
|-damage|p1a: Kyurem|94/100
|-status|p1a: Kyurem|brn
|
|-damage|p1a: Kyurem|88/100 brn|[from] brn
|upkeep
|turn|3
|
|t:|1769443844
|switch|p2a: Scizor|Scizor, M|100/100
|move|p1a: Kyurem|Freeze-Dry|p2a: Scizor
|-resisted|p2a: Scizor
|-damage|p2a: Scizor|75/100
|
|-damage|p1a: Kyurem|82/100 brn|[from] brn
|upkeep
|turn|4
|
|t:|1769443849
|switch|p1a: Great Tusk|Great Tusk|100/100
|move|p2a: Scizor|Knock Off|p1a: Great Tusk
|-resisted|p1a: Great Tusk
|-damage|p1a: Great Tusk|87/100
|-damage|p2a: Scizor|59/100|[from] item: Rocky Helmet|[of] p1a: Great Tusk
|-enditem|p1a: Great Tusk|Rocky Helmet|[from] move: Knock Off|[of] p2a: Scizor
|
|upkeep
|turn|5
|
|t:|1769443854
|switch|p2a: Scyther|Scyther, M|100/100
|move|p1a: Great Tusk|Stealth Rock|p2a: Scyther
|-sidestart|p2: nimjaisugly|move: Stealth Rock
|
|upkeep
|turn|6
|
|t:|1769443864
|-end|p1a: Great Tusk|Protosynthesis|[silent]
|switch|p1a: Kyurem|Kyurem|82/100 brn
|-ability|p1a: Kyurem|Pressure
|move|p2a: Scyther|Close Combat|p1a: Kyurem
|-supereffective|p1a: Kyurem
|-crit|p1a: Kyurem
|-damage|p1a: Kyurem|0 fnt
|-unboost|p2a: Scyther|def|1
|-unboost|p2a: Scyther|spd|1
|faint|p1a: Kyurem
|
|upkeep
|
|t:|1769443874
|switch|p1a: Polteageist|Polteageist|100/100
|turn|7
|
|t:|1769443881
|switch|p2a: Ursaluna|Ursaluna, F|100/100
|-damage|p2a: Ursaluna|94/100|[from] Stealth Rock
|move|p1a: Polteageist|Shell Smash|p1a: Polteageist
|-unboost|p1a: Polteageist|def|1
|-unboost|p1a: Polteageist|spd|1
|-boost|p1a: Polteageist|atk|2
|-boost|p1a: Polteageist|spa|2
|-boost|p1a: Polteageist|spe|2
|-enditem|p1a: Polteageist|White Herb
|-clearnegativeboost|p1a: Polteageist|[silent]
|
|-status|p2a: Ursaluna|brn|[from] item: Flame Orb
|upkeep
|turn|8
|
|t:|1769443894
|-terastallize|p1a: Polteageist|Fighting
|move|p1a: Polteageist|Tera Blast|p2a: Ursaluna|[anim] Tera Blast Fighting
|-supereffective|p2a: Ursaluna
|-damage|p2a: Ursaluna|0 fnt
|faint|p2a: Ursaluna
|
|upkeep
|
|t:|1769443908
|switch|p2a: Alomomola|Alomomola, F|46/100
|-damage|p2a: Alomomola|34/100|[from] Stealth Rock
|turn|9
|
|t:|1769443912
|switch|p2a: Kleavor|Kleavor, M|100/100
|move|p1a: Polteageist|Stored Power|p2a: Kleavor
|-damage|p2a: Kleavor|0 fnt
|faint|p2a: Kleavor
|
|upkeep
|
|t:|1769443919
|switch|p2a: Alomomola|Alomomola, F|67/100
|-damage|p2a: Alomomola|55/100|[from] Stealth Rock
|turn|10
|
|t:|1769443923
|switch|p2a: Dragapult|Dragapult, F|100/100
|-damage|p2a: Dragapult|88/100|[from] Stealth Rock
|move|p1a: Polteageist|Stored Power|p2a: Dragapult
|-damage|p2a: Dragapult|0 fnt
|faint|p2a: Dragapult
|
|upkeep
|
|t:|1769443926
|switch|p2a: Alomomola|Alomomola, F|88/100
|-damage|p2a: Alomomola|75/100|[from] Stealth Rock
|turn|11
|
|t:|1769443931
|move|p1a: Polteageist|Shell Smash|p1a: Polteageist
|-unboost|p1a: Polteageist|def|1
|-unboost|p1a: Polteageist|spd|1
|-boost|p1a: Polteageist|atk|2
|-boost|p1a: Polteageist|spa|2
|-boost|p1a: Polteageist|spe|2
|move|p2a: Alomomola|Mirror Coat||[still]
|-fail|p2a: Alomomola
|
|upkeep
|turn|12
|
|t:|1769443939
|move|p1a: Polteageist|Stored Power|p2a: Alomomola
|-damage|p2a: Alomomola|0 fnt
|faint|p2a: Alomomola
|
|upkeep
|-message|nimjaisugly forfeited.
|
|win|apexacer
|raw|apexacer's rating: 1583 &rarr; <strong>1601</strong><br />(+18 for winning)
|raw|nimjaisugly's rating: 1556 &rarr; <strong>1538</strong><br />(-18 for losing)
|l|☆nimjaisugly
|player|p2|
|l|☆apexacer
|player|p1|
