|j|☆CambridgeFoulPlay
|j|☆Chigusa_24zono
|t:|1769335285
|gametype|singles
|player|p1|CambridgeFoulPlay|266|1664
|player|p2|Chigusa_24zono|lass|1671
|gen|9
|tier|[Gen 9] OU
|rated|
|rule|HP Percentage Mod: HP is shown in percentages
|rule|Endless Battle Clause: Forcing endless battles is banned
|rule|Species Clause: Limit one of each Pokémon
|rule|OHKO Clause: OHKO moves are banned
|rule|Evasion Items Clause: Evasion items are banned
|rule|Evasion Moves Clause: Evasion moves are banned
|rule|Evasion Abilities Clause: Evasion abilities are banned
|rule|Sleep Moves Clause: Sleep-inducing moves are banned
|clearpoke
|poke|p1|Hydrapple, M|
|poke|p1|Tyranitar, F|
|poke|p1|Moltres|
|poke|p1|Zamazenta-*|
|poke|p1|Slowking-Galar, M|
|poke|p1|Excadrill, F|
|poke|p2|Iron Jugulis|
|poke|p2|Sandy Shocks|
|poke|p2|Manaphy|
|poke|p2|Latios, M|
|poke|p2|Scizor, F|
|poke|p2|Ogerpon, F|
|teampreview
|c|☆CambridgeFoulPlay|hf
|inactive|Battle timer is ON: inactive players will automatically lose when time's up. (requested by CambridgeFoulPlay)
|inactive|Chigusa_24zono also wants the timer to be on.
|
|t:|1769335296
|teamsize|p1|6
|teamsize|p2|6
|start
|switch|p1a: Zamazenta|Zamazenta|100/100
|switch|p2a: Sandy Shocks|Sandy Shocks, shiny|100/100
|-ability|p1a: Zamazenta|Dauntless Shield|boost
|-boost|p1a: Zamazenta|def|1
|-enditem|p2a: Sandy Shocks|Booster Energy
|-activate|p2a: Sandy Shocks|ability: Protosynthesis|[fromitem]
|-start|p2a: Sandy Shocks|protosynthesisspe
|turn|1
|
|t:|1769335303
|move|p2a: Sandy Shocks|Stealth Rock|p1a: Zamazenta
|-sidestart|p1: CambridgeFoulPlay|move: Stealth Rock
|move|p1a: Zamazenta|Body Press|p2a: Sandy Shocks
|-damage|p2a: Sandy Shocks|37/100
|
|upkeep
|turn|2
|
|t:|1769335315
|move|p2a: Sandy Shocks|Spikes|p1a: Zamazenta
|-sidestart|p1: CambridgeFoulPlay|Spikes
|move|p1a: Zamazenta|Body Press|p2a: Sandy Shocks
|-damage|p2a: Sandy Shocks|0 fnt
|faint|p2a: Sandy Shocks
|-end|p2a: Sandy Shocks|Protosynthesis|[silent]
|
|upkeep
|
|t:|1769335319
|switch|p2a: Latios|Latios, M, shiny|100/100
|turn|3
|
|t:|1769335321
|move|p1a: Zamazenta|Crunch|p2a: Latios
|-supereffective|p2a: Latios
|-damage|p2a: Latios|63/100
|-unboost|p2a: Latios|def|1
|-enditem|p2a: Latios|Weakness Policy
|-boost|p2a: Latios|atk|2|[from] item: Weakness Policy
|-boost|p2a: Latios|spa|2|[from] item: Weakness Policy
|move|p2a: Latios|Agility|p2a: Latios
|-boost|p2a: Latios|spe|2
|
|upkeep
|turn|4
|
|t:|1769335329
|switch|p1a: Tyranitar|Tyranitar, F|100/100
|-damage|p1a: Tyranitar|88/100|[from] Stealth Rock
|-damage|p1a: Tyranitar|76/100|[from] Spikes
|-weather|Sandstorm|[from] ability: Sand Stream|[of] p1a: Tyranitar
|-terastallize|p2a: Latios|Fighting
|move|p2a: Latios|Calm Mind|p2a: Latios
|-boost|p2a: Latios|spa|1
|-boost|p2a: Latios|spd|1
|
|-weather|Sandstorm|[upkeep]
|-damage|p2a: Latios|57/100|[from] Sandstorm
|upkeep
|turn|5
|
|t:|1769335332
|switch|p1a: Excadrill|Excadrill, F|100/100
|-damage|p1a: Excadrill|97/100|[from] Stealth Rock
|-item|p1a: Excadrill|Air Balloon
|move|p2a: Latios|Aura Sphere|p1a: Excadrill
|-supereffective|p1a: Excadrill
|-damage|p1a: Excadrill|0 fnt
|-enditem|p1a: Excadrill|Air Balloon
|faint|p1a: Excadrill
|
|-weather|Sandstorm|[upkeep]
|-damage|p2a: Latios|50/100|[from] Sandstorm
|upkeep
|
|t:|1769335333
|switch|p1a: Moltres|Moltres|100/100
|turn|6
|
|t:|1769335335
|-terastallize|p1a: Moltres|Fairy
|move|p2a: Latios|Stored Power|p1a: Moltres
|-damage|p1a: Moltres|0 fnt
|faint|p1a: Moltres
|
|-weather|Sandstorm|[upkeep]
|-damage|p2a: Latios|44/100|[from] Sandstorm
|upkeep
|
|t:|1769335336
|switch|p1a: Slowking|Slowking-Galar, M|100/100
|-damage|p1a: Slowking|88/100|[from] Stealth Rock
|-damage|p1a: Slowking|76/100|[from] Spikes
|turn|7
|
|t:|1769335340
|switch|p1a: Tyranitar|Tyranitar, F|76/100
|-damage|p1a: Tyranitar|63/100|[from] Stealth Rock
|-damage|p1a: Tyranitar|51/100|[from] Spikes
|move|p2a: Latios|Stored Power|p1a: Tyranitar
|-immune|p1a: Tyranitar
|
|-weather|Sandstorm|[upkeep]
|-damage|p2a: Latios|38/100|[from] Sandstorm
|upkeep
|turn|8
|
|t:|1769335344
|switch|p1a: Slowking|Slowking-Galar, M|100/100
|-damage|p1a: Slowking|88/100|[from] Stealth Rock
|-damage|p1a: Slowking|76/100|[from] Spikes
|move|p2a: Latios|Aura Sphere|p1a: Slowking
|-resisted|p1a: Slowking
|-damage|p1a: Slowking|62/100
|
|-weather|Sandstorm|[upkeep]
|-damage|p2a: Latios|32/100|[from] Sandstorm
|-damage|p1a: Slowking|56/100|[from] Sandstorm
|upkeep
|turn|9
|
|t:|1769335347
|switch|p1a: Tyranitar|Tyranitar, F|51/100
|-damage|p1a: Tyranitar|38/100|[from] Stealth Rock
|-damage|p1a: Tyranitar|26/100|[from] Spikes
|move|p2a: Latios|Stored Power|p1a: Tyranitar
|-immune|p1a: Tyranitar
|
|-weather|Sandstorm|[upkeep]
|-damage|p2a: Latios|26/100|[from] Sandstorm
|upkeep
|turn|10
|
|t:|1769335351
|switch|p1a: Slowking|Slowking-Galar, M|89/100
|-damage|p1a: Slowking|77/100|[from] Stealth Rock
|-damage|p1a: Slowking|64/100|[from] Spikes
|move|p2a: Latios|Aura Sphere|p1a: Slowking
|-resisted|p1a: Slowking
|-damage|p1a: Slowking|50/100
|
|-weather|Sandstorm|[upkeep]
|-damage|p2a: Latios|20/100|[from] Sandstorm
|-damage|p1a: Slowking|44/100|[from] Sandstorm
|upkeep
|turn|11
|
|t:|1769335354
|switch|p1a: Tyranitar|Tyranitar, F|26/100
|-damage|p1a: Tyranitar|14/100|[from] Stealth Rock
|-damage|p1a: Tyranitar|1/100|[from] Spikes
|move|p2a: Latios|Stored Power|p1a: Tyranitar
|-immune|p1a: Tyranitar
|
|-weather|none
|upkeep
|turn|12
|
|t:|1769335356
|switch|p1a: Slowking|Slowking-Galar, M|78/100
|-damage|p1a: Slowking|65/100|[from] Stealth Rock
|-damage|p1a: Slowking|53/100|[from] Spikes
|move|p2a: Latios|Aura Sphere|p1a: Slowking
|-resisted|p1a: Slowking
|-damage|p1a: Slowking|41/100
|
|upkeep
|turn|13
|
|t:|1769335359
|switch|p1a: Tyranitar|Tyranitar, F|1/100
|-damage|p1a: Tyranitar|0 fnt|[from] Stealth Rock
|faint|p1a: Tyranitar
|move|p2a: Latios|Stored Power|p1: Tyranitar|[notarget]
|-fail|p2a: Latios
|
|upkeep
|
|t:|1769335360
|switch|p1a: Zamazenta|Zamazenta|100/100
|-damage|p1a: Zamazenta|94/100|[from] Stealth Rock
|-damage|p1a: Zamazenta|82/100|[from] Spikes
|turn|14
|
|t:|1769335362
|switch|p1a: Slowking|Slowking-Galar, M|74/100
|-damage|p1a: Slowking|62/100|[from] Stealth Rock
|-damage|p1a: Slowking|49/100|[from] Spikes
|move|p2a: Latios|Stored Power|p1a: Slowking
|-damage|p1a: Slowking|0 fnt
|faint|p1a: Slowking
|
|upkeep
|
|t:|1769335363
|switch|p1a: Hydrapple|Hydrapple, M|100/100
|turn|15
|
|t:|1769335365
|move|p2a: Latios|Stored Power|p1a: Hydrapple
|-damage|p1a: Hydrapple|0 fnt
|faint|p1a: Hydrapple
|
|upkeep
|
|t:|1769335366
|switch|p1a: Zamazenta|Zamazenta|82/100
|-damage|p1a: Zamazenta|76/100|[from] Stealth Rock
|-damage|p1a: Zamazenta|64/100|[from] Spikes
|turn|16
|
|t:|1769335367
|move|p2a: Latios|Stored Power|p1a: Zamazenta
|-supereffective|p1a: Zamazenta
|-damage|p1a: Zamazenta|0 fnt
|faint|p1a: Zamazenta
|
|win|Chigusa_24zono
|raw|CambridgeFoulPlay's rating: 1664 &rarr; <strong>1644</strong><br />(-20 for losing)
|raw|Chigusa_24zono's rating: 1671 &rarr; <strong>1691</strong><br />(+20 for winning)
|c|☆CambridgeFoulPlay|gg
|l|☆CambridgeFoulPlay
|player|p1|
|c|☆Chigusa_24zono|gg
