|j|☆focalors
|j|☆Njase
|t:|1769377836
|gametype|singles
|player|p1|focalors|blue-gen3champion|1400
|player|p2|Njase|2|1347
|gen|9
|tier|[Gen 9] OU
|rated|
|rule|HP Percentage Mod: HP is shown in percentages
|rule|Endless Battle Clause: Forcing endless battles is banned
|rule|Species Clause: Limit one of each Pokémon
|rule|OHKO Clause: OHKO moves are banned
|rule|Evasion Items Clause: Evasion items are banned
|rule|Evasion Moves Clause: Evasion moves are banned
|rule|Evasion Abilities Clause: Evasion abilities are banned
|rule|Sleep Moves Clause: Sleep-inducing moves are banned
|clearpoke
|poke|p1|Murkrow, M|
|poke|p1|Kingdra, F|
|poke|p1|Staraptor, M|
|poke|p1|Veluza, M|
|poke|p1|Squawkabilly-Blue, F|
|poke|p1|Dragapult, F|
|poke|p2|Walking Wake|
|poke|p2|Great Tusk|
|poke|p2|Raging Bolt|
|poke|p2|Scizor, F|
|poke|p2|Alomomola, F|
|poke|p2|Torkoal, M|
|teampreview
|
|t:|1769377849
|teamsize|p1|6
|teamsize|p2|6
|start
|switch|p1a: Veluza|Veluza, M|100/100
|switch|p2a: Scizor|Scizor, F|100/100
|-ability|p1a: Veluza|Mold Breaker
|turn|1
|
|t:|1769377862
|move|p1a: Veluza|Final Gambit|p2a: Scizor
|-damage|p2a: Scizor|0 fnt
|faint|p1a: Veluza
|faint|p2a: Scizor
|
|upkeep
|
|t:|1769377866
|switch|p1a: Staraptor|Staraptor, M|100/100
|switch|p2a: Torkoal|Torkoal, M|100/100
|-ability|p1a: Staraptor|Intimidate|boost
|-unboost|p2a: Torkoal|atk|1
|-weather|SunnyDay|[from] ability: Drought|[of] p2a: Torkoal
|turn|2
|
|t:|1769377881
|move|p1a: Staraptor|Final Gambit|p2a: Torkoal
|-damage|p2a: Torkoal|0 fnt
|faint|p1a: Staraptor
|faint|p2a: Torkoal
|
|-weather|SunnyDay|[upkeep]
|upkeep
|
|t:|1769377896
|switch|p1a: Murkrow|Murkrow, M, shiny|100/100
|switch|p2a: Walking Wake|Walking Wake|100/100
|-activate|p2a: Walking Wake|ability: Protosynthesis
|-start|p2a: Walking Wake|protosynthesisspe
|turn|3
|
|t:|1769377905
|move|p1a: Murkrow|Calm Mind|p1a: Murkrow
|-boost|p1a: Murkrow|spa|1
|-boost|p1a: Murkrow|spd|1
|move|p2a: Walking Wake|Hydro Steam|p1a: Murkrow
|-damage|p1a: Murkrow|66/100
|
|-weather|SunnyDay|[upkeep]
|upkeep
|turn|4
|
|t:|1769377917
|move|p1a: Murkrow|Calm Mind|p1a: Murkrow
|-boost|p1a: Murkrow|spa|1
|-boost|p1a: Murkrow|spd|1
|move|p2a: Walking Wake|Hydro Steam|p1a: Murkrow
|-damage|p1a: Murkrow|39/100
|
|-weather|SunnyDay|[upkeep]
|upkeep
|turn|5
|
|t:|1769377925
|move|p1a: Murkrow|Calm Mind|p1a: Murkrow
|-boost|p1a: Murkrow|spa|1
|-boost|p1a: Murkrow|spd|1
|move|p2a: Walking Wake|Flip Turn|p1a: Murkrow
|-damage|p1a: Murkrow|29/100
|
|t:|1769377928
|-end|p2a: Walking Wake|Protosynthesis|[silent]
|switch|p2a: Great Tusk|Great Tusk|100/100|[from] Flip Turn
|-activate|p2a: Great Tusk|ability: Protosynthesis
|-start|p2a: Great Tusk|protosynthesisatk
|
|-weather|SunnyDay|[upkeep]
|upkeep
|turn|6
|
|t:|1769377936
|move|p1a: Murkrow|Feather Dance|p2a: Great Tusk
|-unboost|p2a: Great Tusk|atk|2
|move|p2a: Great Tusk|Ice Spinner|p1a: Murkrow
|-supereffective|p1a: Murkrow
|-damage|p1a: Murkrow|0 fnt
|faint|p1a: Murkrow
|
|-weather|SunnyDay|[upkeep]
|upkeep
|
|t:|1769377950
|switch|p1a: Squawkabilly|Squawkabilly-Blue, F|100/100
|-ability|p1a: Squawkabilly|Intimidate|boost
|-unboost|p2a: Great Tusk|atk|1
|turn|7
|
|t:|1769377956
|-end|p2a: Great Tusk|Protosynthesis|[silent]
|switch|p2a: Raging Bolt|Raging Bolt|100/100
|-activate|p2a: Raging Bolt|ability: Protosynthesis
|-start|p2a: Raging Bolt|protosynthesisspa
|move|p1a: Squawkabilly|Final Gambit|p2a: Raging Bolt
|-damage|p2a: Raging Bolt|19/100
|faint|p1a: Squawkabilly
|
|-weather|SunnyDay|[upkeep]
|upkeep
|
|t:|1769377965
|switch|p1a: Dragapult|Dragapult, F|100/100
|turn|8
|
|t:|1769377973
|-terastallize|p2a: Raging Bolt|Fairy
|move|p1a: Dragapult|Substitute|p1a: Dragapult
|-start|p1a: Dragapult|Substitute
|-damage|p1a: Dragapult|76/100
|move|p2a: Raging Bolt|Draco Meteor|p1a: Dragapult
|-supereffective|p1a: Dragapult
|-end|p1a: Dragapult|Substitute
|-unboost|p2a: Raging Bolt|spa|2
|
|-weather|SunnyDay|[upkeep]
|-heal|p1a: Dragapult|82/100|[from] item: Leftovers
|upkeep
|turn|9
|
|t:|1769377984
|move|p1a: Dragapult|Protect|p1a: Dragapult
|-singleturn|p1a: Dragapult|Protect
|move|p2a: Raging Bolt|Draco Meteor|p1a: Dragapult
|-activate|p1a: Dragapult|move: Protect
|
|-weather|none
|-end|p2a: Raging Bolt|Protosynthesis
|-heal|p1a: Dragapult|88/100|[from] item: Leftovers
|upkeep
|turn|10
|
|t:|1769377989
|move|p1a: Dragapult|Substitute|p1a: Dragapult
|-start|p1a: Dragapult|Substitute
|-damage|p1a: Dragapult|63/100
|move|p2a: Raging Bolt|Draco Meteor|p1a: Dragapult
|-supereffective|p1a: Dragapult
|-end|p1a: Dragapult|Substitute
|-unboost|p2a: Raging Bolt|spa|2
|
|-heal|p1a: Dragapult|69/100|[from] item: Leftovers
|upkeep
|turn|11
|
|t:|1769377999
|-end|p2a: Raging Bolt|Protosynthesis|[silent]
|switch|p2a: Walking Wake|Walking Wake|100/100
|move|p1a: Dragapult|Substitute|p1a: Dragapult
|-start|p1a: Dragapult|Substitute
|-damage|p1a: Dragapult|44/100
|
|-heal|p1a: Dragapult|50/100|[from] item: Leftovers
|upkeep
|turn|12
|
|t:|1769378004
|move|p1a: Dragapult|Protect|p1a: Dragapult
|-singleturn|p1a: Dragapult|Protect
|move|p2a: Walking Wake|Draco Meteor|p1a: Dragapult
|-activate|p1a: Dragapult|move: Protect
|
|-heal|p1a: Dragapult|56/100|[from] item: Leftovers
|upkeep
|turn|13
|
|t:|1769378011
|move|p1a: Dragapult|Dragon Darts|p2a: Walking Wake
|-supereffective|p2a: Walking Wake
|-damage|p2a: Walking Wake|42/100
|-anim|p1a: Dragapult|Dragon Darts|p2a: Walking Wake
|-supereffective|p2a: Walking Wake
|-damage|p2a: Walking Wake|0 fnt
|faint|p2a: Walking Wake
|-end|p2a: Walking Wake|Protosynthesis|[silent]
|
|-heal|p1a: Dragapult|62/100|[from] item: Leftovers
|upkeep
|
|t:|1769378018
|switch|p2a: Great Tusk|Great Tusk|100/100
|turn|14
|
|t:|1769378029
|move|p1a: Dragapult|Protect|p1a: Dragapult
|-singleturn|p1a: Dragapult|Protect
|move|p2a: Great Tusk|Ice Spinner|p1a: Dragapult
|-activate|p1a: Dragapult|move: Protect
|
|-heal|p1a: Dragapult|68/100|[from] item: Leftovers
|upkeep
|turn|15
|
|t:|1769378044
|move|p1a: Dragapult|Phantom Force||[still]
|-prepare|p1a: Dragapult|Phantom Force
|move|p2a: Great Tusk|Ice Spinner|p1a: Dragapult|[miss]
|-miss|p2a: Great Tusk|p1a: Dragapult
|
|-heal|p1a: Dragapult|74/100|[from] item: Leftovers
|upkeep
|turn|16
|
|t:|1769378049
|move|p1a: Dragapult|Phantom Force|p2a: Great Tusk|[from] lockedmove
|-damage|p2a: Great Tusk|70/100
|move|p2a: Great Tusk|Ice Spinner|p1a: Dragapult
|-supereffective|p1a: Dragapult
|-end|p1a: Dragapult|Substitute
|
|-heal|p1a: Dragapult|80/100|[from] item: Leftovers
|upkeep
|turn|17
|
|t:|1769378059
|move|p1a: Dragapult|Protect|p1a: Dragapult
|-singleturn|p1a: Dragapult|Protect
|move|p2a: Great Tusk|Ice Spinner|p1a: Dragapult
|-activate|p1a: Dragapult|move: Protect
|
|-heal|p1a: Dragapult|86/100|[from] item: Leftovers
|upkeep
|turn|18
|
|t:|1769378069
|move|p1a: Dragapult|Phantom Force||[still]
|-prepare|p1a: Dragapult|Phantom Force
|move|p2a: Great Tusk|Ice Spinner|p1a: Dragapult|[miss]
|-miss|p2a: Great Tusk|p1a: Dragapult
|
|-heal|p1a: Dragapult|92/100|[from] item: Leftovers
|upkeep
|turn|19
|
|t:|1769378074
|move|p1a: Dragapult|Phantom Force|p2a: Great Tusk|[from] lockedmove
|-damage|p2a: Great Tusk|39/100
|move|p2a: Great Tusk|Headlong Rush|p1a: Dragapult
|-damage|p1a: Dragapult|0 fnt
|-unboost|p2a: Great Tusk|def|1
|-unboost|p2a: Great Tusk|spd|1
|faint|p1a: Dragapult
|
|upkeep
|
|t:|1769378081
|switch|p1a: Kingdra|Kingdra, F|100/100
|turn|20
|
|t:|1769378091
|move|p2a: Great Tusk|Headlong Rush|p1a: Kingdra
|-damage|p1a: Kingdra|15/100
|-unboost|p2a: Great Tusk|def|1
|-unboost|p2a: Great Tusk|spd|1
|move|p1a: Kingdra|Agility|p1a: Kingdra
|-boost|p1a: Kingdra|spe|2
|
|upkeep
|turn|21
|
|t:|1769378097
|move|p1a: Kingdra|Surf|p2a: Great Tusk
|-supereffective|p2a: Great Tusk
|-crit|p2a: Great Tusk
|-damage|p2a: Great Tusk|0 fnt
|faint|p2a: Great Tusk
|-end|p2a: Great Tusk|Protosynthesis|[silent]
|
|upkeep
|
|t:|1769378100
|switch|p2a: Alomomola|Alomomola, F|100/100
|turn|22
|
|t:|1769378105
|move|p1a: Kingdra|Draco Meteor|p2a: Alomomola
|-damage|p2a: Alomomola|29/100
|-unboost|p1a: Kingdra|spa|2
|move|p2a: Alomomola|Wish|p2a: Alomomola
|
|upkeep
|turn|23
|
|t:|1769378115
|move|p1a: Kingdra|Focus Energy|p1a: Kingdra
|-start|p1a: Kingdra|move: Focus Energy
|move|p2a: Alomomola|Flip Turn|p1a: Kingdra
|-resisted|p1a: Kingdra
|-damage|p1a: Kingdra|11/100
|
|t:|1769378117
|switch|p2a: Raging Bolt|Raging Bolt, tera:Fairy|19/100|[from] Flip Turn
|
|-heal|p2a: Raging Bolt|78/100|[from] move: Wish|[wisher] Alomomola
|upkeep
|turn|24
|
|t:|1769378122
|move|p1a: Kingdra|Surf|p2a: Raging Bolt
|-crit|p2a: Raging Bolt
|-damage|p2a: Raging Bolt|0 fnt
|faint|p2a: Raging Bolt
|-end|p2a: Raging Bolt|Protosynthesis|[silent]
|
|upkeep
|
|t:|1769378125
|switch|p2a: Alomomola|Alomomola, F|62/100
|turn|25
|
|t:|1769378130
|move|p1a: Kingdra|Draco Meteor|p2a: Alomomola
|-crit|p2a: Alomomola
|-damage|p2a: Alomomola|0 fnt
|-unboost|p1a: Kingdra|spa|2
|faint|p2a: Alomomola
|
|win|focalors
|raw|focalors's rating: 1400 &rarr; <strong>1417</strong><br />(+17 for winning)
|raw|Njase's rating: 1347 &rarr; <strong>1330</strong><br />(-17 for losing)
|l|☆focalors
|player|p1|
