|j|☆PrimeXStriker
|j|☆JJTEPIGBOSS
|t:|1769360973
|gametype|singles
|player|p1|PrimeXStriker|bruno|1390
|player|p2|JJTEPIGBOSS|102|1285
|gen|9
|tier|[Gen 9] OU
|rated|
|rule|HP Percentage Mod: HP is shown in percentages
|rule|Endless Battle Clause: Forcing endless battles is banned
|rule|Species Clause: Limit one of each Pokémon
|rule|OHKO Clause: OHKO moves are banned
|rule|Evasion Items Clause: Evasion items are banned
|rule|Evasion Moves Clause: Evasion moves are banned
|rule|Evasion Abilities Clause: Evasion abilities are banned
|rule|Sleep Moves Clause: Sleep-inducing moves are banned
|clearpoke
|poke|p1|Okidogi, M|
|poke|p1|Zarude|
|poke|p1|Enamorus-Therian, F|
|poke|p1|Slowking-Galar, M|
|poke|p1|Landorus-Therian, M|
|poke|p1|Dragapult, F|
|poke|p2|Krookodile, F|
|poke|p2|Vileplume, F|
|poke|p2|Latios, M|
|poke|p2|Azumarill, M|
|poke|p2|Rotom-Heat|
|poke|p2|Kingambit, F|
|teampreview
|
|t:|1769360983
|teamsize|p1|6
|teamsize|p2|6
|start
|switch|p1a: Landorus|Landorus-Therian, M|100/100
|switch|p2a: Azumarill|Azumarill, M|100/100
|-ability|p1a: Landorus|Intimidate|boost
|-unboost|p2a: Azumarill|atk|1
|turn|1
|inactive|Battle timer is ON: inactive players will automatically lose when time's up. (requested by PrimeXStriker)
|
|t:|1769360986
|move|p1a: Landorus|Sludge Bomb|p2a: Azumarill
|-supereffective|p2a: Azumarill
|-damage|p2a: Azumarill|23/100
|-damage|p1a: Landorus|91/100|[from] item: Life Orb
|move|p2a: Azumarill|Ice Spinner|p1a: Landorus
|-supereffective|p1a: Landorus
|-damage|p1a: Landorus|0 fnt
|faint|p1a: Landorus
|-damage|p2a: Azumarill|13/100|[from] item: Life Orb
|
|upkeep
|
|t:|1769360999
|switch|p1a: Dragapult|Dragapult, F|100/100
|turn|2
|
|t:|1769361008
|move|p1a: Dragapult|Substitute|p1a: Dragapult
|-start|p1a: Dragapult|Substitute
|-damage|p1a: Dragapult|76/100
|move|p2a: Azumarill|Ice Spinner|p1a: Dragapult
|-supereffective|p1a: Dragapult
|-end|p1a: Dragapult|Substitute
|-damage|p2a: Azumarill|3/100|[from] item: Life Orb
|
|-heal|p1a: Dragapult|82/100|[from] item: Leftovers
|upkeep
|turn|3
|
|t:|1769361014
|move|p1a: Dragapult|Hex|p2a: Azumarill
|-damage|p2a: Azumarill|0 fnt
|faint|p2a: Azumarill
|
|-heal|p1a: Dragapult|88/100|[from] item: Leftovers
|upkeep
|
|t:|1769361017
|switch|p2a: Krookodile|Krookodile, F|100/100
|turn|4
|
|t:|1769361025
|switch|p1a: Zarude|Zarude|100/100
|move|p2a: Krookodile|Crunch|p1a: Zarude
|-resisted|p1a: Zarude
|-damage|p1a: Zarude|80/100
|
|upkeep
|turn|5
|
|t:|1769361038
|switch|p2a: Vileplume|Vileplume, F|100/100
|move|p1a: Zarude|Power Whip|p2a: Vileplume
|-resisted|p2a: Vileplume
|-damage|p2a: Vileplume|88/100
|
|-heal|p2a: Vileplume|94/100|[from] item: Black Sludge
|upkeep
|turn|6
|
|t:|1769361048
|switch|p1a: Slowking|Slowking-Galar, M|100/100
|move|p2a: Vileplume|Sludge Bomb|p1a: Slowking
|-resisted|p1a: Slowking
|-damage|p1a: Slowking|86/100
|
|-heal|p2a: Vileplume|100/100|[from] item: Black Sludge
|upkeep
|turn|7
|
|t:|1769361057
|move|p2a: Vileplume|Giga Drain|p1a: Slowking
|-resisted|p1a: Slowking
|-damage|p1a: Slowking|73/100
|move|p1a: Slowking|Future Sight|p2a: Vileplume
|-start|p1a: Slowking|move: Future Sight
|
|upkeep
|turn|8
|
|t:|1769361064
|move|p2a: Vileplume|Sludge Bomb|p1a: Slowking
|-resisted|p1a: Slowking
|-damage|p1a: Slowking|58/100
|-prepare|p1a: Slowking|Chilly Reception|[premajor]
|move|p1a: Slowking|Chilly Reception|p1a: Slowking
|-weather|Snowscape
|
|t:|1769361068
|switch|p1a: Dragapult|Dragapult, F|88/100|[from] Chilly Reception
|
|-weather|Snowscape|[upkeep]
|-heal|p1a: Dragapult|94/100|[from] item: Leftovers
|upkeep
|turn|9
|
|t:|1769361076
|switch|p2a: Kingambit|Kingambit, F|100/100
|-activate|p2a: Kingambit|ability: Supreme Overlord
|-start|p2a: Kingambit|fallen1|[silent]
|move|p1a: Dragapult|Substitute|p1a: Dragapult
|-start|p1a: Dragapult|Substitute
|-damage|p1a: Dragapult|69/100
|
|-weather|Snowscape|[upkeep]
|-end|p2a: Kingambit|move: Future Sight
|-immune|p2a: Kingambit
|-heal|p1a: Dragapult|75/100|[from] item: Leftovers
|upkeep
|turn|10
|
|t:|1769361084
|move|p1a: Dragapult|Will-O-Wisp|p2a: Kingambit
|-status|p2a: Kingambit|brn
|move|p2a: Kingambit|Iron Head|p1a: Dragapult
|-end|p1a: Dragapult|Substitute
|
|-weather|Snowscape|[upkeep]
|-heal|p1a: Dragapult|81/100|[from] item: Leftovers
|-damage|p2a: Kingambit|94/100 brn|[from] brn
|upkeep
|turn|11
|
|t:|1769361096
|switch|p1a: Okidogi|Okidogi, M|100/100
|-end|p2a: Kingambit|fallen1|[silent]
|switch|p2a: Latios|Latios, M|100/100
|
|-weather|Snowscape|[upkeep]
|upkeep
|turn|12
|
|t:|1769361103
|switch|p1a: Zarude|Zarude|80/100
|move|p2a: Latios|Draco Meteor|p1a: Zarude|[miss]
|-miss|p2a: Latios|p1a: Zarude
|
|-weather|none
|upkeep
|turn|13
|
|t:|1769361111
|switch|p2a: Vileplume|Vileplume, F|100/100
|switch|p1a: Enamorus|Enamorus-Therian, F|100/100
|
|upkeep
|turn|14
|
|t:|1769361117
|switch|p1a: Slowking|Slowking-Galar, M|91/100
|move|p2a: Vileplume|Sludge Bomb|p1a: Slowking
|-resisted|p1a: Slowking
|-damage|p1a: Slowking|77/100
|
|upkeep
|turn|15
|
|t:|1769361121
|switch|p2a: Kingambit|Kingambit, F|94/100 brn
|-activate|p2a: Kingambit|ability: Supreme Overlord
|-start|p2a: Kingambit|fallen1|[silent]
|move|p1a: Slowking|Future Sight|p2a: Kingambit
|-start|p1a: Slowking|move: Future Sight
|
|-damage|p2a: Kingambit|88/100 brn|[from] brn
|upkeep
|turn|16
|
|t:|1769361126
|switch|p1a: Okidogi|Okidogi, M|100/100
|move|p2a: Kingambit|Thunder Wave|p1a: Okidogi
|-status|p1a: Okidogi|par
|
|-damage|p2a: Kingambit|82/100 brn|[from] brn
|upkeep
|turn|17
|
|t:|1769361135
|-end|p2a: Kingambit|fallen1|[silent]
|switch|p2a: Vileplume|Vileplume, F|100/100
|move|p1a: Okidogi|Knock Off|p2a: Vileplume
|-damage|p2a: Vileplume|71/100
|-enditem|p2a: Vileplume|Black Sludge|[from] move: Knock Off|[of] p1a: Okidogi
|
|-end|p2a: Vileplume|move: Future Sight
|-supereffective|p2a: Vileplume
|-damage|p2a: Vileplume|0 fnt
|faint|p2a: Vileplume
|upkeep
|
|t:|1769361152
|switch|p2a: Latios|Latios, M|100/100
|turn|18
|
|t:|1769361157
|switch|p1a: Enamorus|Enamorus-Therian, F|100/100
|move|p2a: Latios|Psychic Noise|p1a: Enamorus
|-damage|p1a: Enamorus|65/100
|-start|p1a: Enamorus|move: Heal Block
|
|upkeep
|turn|19
|
|t:|1769361171
|-terastallize|p2a: Latios|Fire
|move|p2a: Latios|Calm Mind|p2a: Latios
|-boost|p2a: Latios|spa|1
|-boost|p2a: Latios|spd|1
|move|p1a: Enamorus|Moonblast|p2a: Latios
|-resisted|p2a: Latios
|-damage|p2a: Latios|73/100
|
|-heal|p2a: Latios|79/100|[from] item: Leftovers
|-end|p1a: Enamorus|move: Heal Block
|upkeep
|turn|20
|inactive|PrimeXStriker has 120 seconds left.
|
|t:|1769361224
|move|p2a: Latios|Calm Mind|p2a: Latios
|-boost|p2a: Latios|spa|1
|-boost|p2a: Latios|spd|1
|move|p1a: Enamorus|Moonblast|p2a: Latios
|-resisted|p2a: Latios
|-damage|p2a: Latios|58/100
|
|-heal|p2a: Latios|64/100|[from] item: Leftovers
|upkeep
|turn|21
|
|t:|1769361232
|move|p2a: Latios|Calm Mind|p2a: Latios
|-boost|p2a: Latios|spa|1
|-boost|p2a: Latios|spd|1
|move|p1a: Enamorus|Moonblast|p2a: Latios
|-resisted|p2a: Latios
|-damage|p2a: Latios|45/100
|
|-heal|p2a: Latios|51/100|[from] item: Leftovers
|upkeep
|turn|22
|
|t:|1769361242
|move|p2a: Latios|Calm Mind|p2a: Latios
|-boost|p2a: Latios|spa|1
|-boost|p2a: Latios|spd|1
|move|p1a: Enamorus|Moonblast|p2a: Latios
|-resisted|p2a: Latios
|-damage|p2a: Latios|37/100
|
|-heal|p2a: Latios|43/100|[from] item: Leftovers
|upkeep
|turn|23
|
|t:|1769361249
|move|p2a: Latios|Calm Mind|p2a: Latios
|-boost|p2a: Latios|spa|1
|-boost|p2a: Latios|spd|1
|move|p1a: Enamorus|Moonblast|p2a: Latios
|-resisted|p2a: Latios
|-damage|p2a: Latios|30/100
|
|-heal|p2a: Latios|36/100|[from] item: Leftovers
|upkeep
|turn|24
|
|t:|1769361256
|move|p2a: Latios|Recover|p2a: Latios
|-heal|p2a: Latios|86/100
|move|p1a: Enamorus|Moonblast|p2a: Latios
|-resisted|p2a: Latios
|-damage|p2a: Latios|73/100
|
|-heal|p2a: Latios|79/100|[from] item: Leftovers
|upkeep
|turn|25
|
|t:|1769361264
|move|p2a: Latios|Calm Mind|p2a: Latios
|-boost|p2a: Latios|spa|1
|-boost|p2a: Latios|spd|1
|move|p1a: Enamorus|Moonblast|p2a: Latios
|-resisted|p2a: Latios
|-damage|p2a: Latios|67/100
|-unboost|p2a: Latios|spa|1
|
|-heal|p2a: Latios|73/100|[from] item: Leftovers
|upkeep
|turn|26
|
|t:|1769361278
|move|p2a: Latios|Psychic Noise|p1a: Enamorus
|-damage|p1a: Enamorus|0 fnt
|faint|p1a: Enamorus
|
|-heal|p2a: Latios|79/100|[from] item: Leftovers
|upkeep
|
|t:|1769361292
|switch|p1a: Slowking|Slowking-Galar, M|100/100
|turn|27
|
|t:|1769361297
|move|p2a: Latios|Psychic Noise|p1a: Slowking
|-damage|p1a: Slowking|0 fnt
|faint|p1a: Slowking
|
|-heal|p2a: Latios|85/100|[from] item: Leftovers
|upkeep
|
|t:|1769361302
|switch|p1a: Zarude|Zarude|80/100
|turn|28
|
|t:|1769361307
|-terastallize|p1a: Zarude|Dark
|move|p2a: Latios|Draco Meteor|p1a: Zarude
|-damage|p1a: Zarude|0 fnt
|-unboost|p2a: Latios|spa|2
|faint|p1a: Zarude
|
|-heal|p2a: Latios|91/100|[from] item: Leftovers
|upkeep
|-message|PrimeXStriker forfeited.
|
|win|JJTEPIGBOSS
|raw|PrimeXStriker's rating: 1390 &rarr; <strong>1364</strong><br />(-26 for losing)
|raw|JJTEPIGBOSS's rating: 1285 &rarr; <strong>1317</strong><br />(+32 for winning)
|l|☆PrimeXStriker
|player|p1|
|l|☆JJTEPIGBOSS
|player|p2|
