|j|☆vgc_trainer_999
|j|☆notaflamingo
|t:|1769364516
|gametype|singles
|player|p1|vgc_trainer_999|102|1061
|player|p2|notaflamingo|maid|1067
|gen|9
|tier|[Gen 9] OU
|rated|
|rule|HP Percentage Mod: HP is shown in percentages
|rule|Endless Battle Clause: Forcing endless battles is banned
|rule|Species Clause: Limit one of each Pokémon
|rule|OHKO Clause: OHKO moves are banned
|rule|Evasion Items Clause: Evasion items are banned
|rule|Evasion Moves Clause: Evasion moves are banned
|rule|Evasion Abilities Clause: Evasion abilities are banned
|rule|Sleep Moves Clause: Sleep-inducing moves are banned
|clearpoke
|poke|p1|Noivern, F|
|poke|p1|Corviknight, M|
|poke|p1|Hawlucha, M|
|poke|p1|Landorus-Therian, M|
|poke|p1|Talonflame, F|
|poke|p1|Kilowattrel, M|
|poke|p2|Lilligant, F|
|poke|p2|Lurantis, F|
|poke|p2|Meganium, F|
|poke|p2|Bellossom, F|
|poke|p2|Jumpluff, F|
|poke|p2|Arboliva, F|
|teampreview
|inactive|Battle timer is ON: inactive players will automatically lose when time's up. (requested by notaflamingo)
|c|☆notaflamingo|Oh no, Monotype grass vs monotype flying XD
|
|t:|1769364534
|teamsize|p1|6
|teamsize|p2|6
|start
|switch|p1a: Noivern|Noivern, F|100/100
|switch|p2a: Jumpluff|Jumpluff, F|100/100
|-item|p2a: Jumpluff|Light Clay|[from] ability: Frisk|[of] p1a: Noivern
|turn|1
|c|☆vgc_trainer_999|Cool
|
|t:|1769364543
|move|p1a: Noivern|Taunt|p2a: Jumpluff
|-start|p2a: Jumpluff|move: Taunt
|cant|p2a: Jumpluff|move: Taunt|Light Screen
|
|upkeep
|turn|2
|
|t:|1769364550
|-terastallize|p2a: Jumpluff|Ice
|move|p1a: Noivern|Boomburst|p2a: Jumpluff
|-damage|p2a: Jumpluff|52/100
|move|p2a: Jumpluff|Tera Blast|p1a: Noivern|[anim] Tera Blast Ice
|-supereffective|p1a: Noivern
|-damage|p1a: Noivern|0 fnt
|faint|p1a: Noivern
|
|upkeep
|
|t:|1769364560
|switch|p1a: Talonflame|Talonflame, F|100/100
|turn|3
|
|t:|1769364568
|move|p1a: Talonflame|Flare Blitz|p2a: Jumpluff
|-supereffective|p2a: Jumpluff
|-damage|p2a: Jumpluff|0 fnt
|faint|p2a: Jumpluff
|-damage|p1a: Talonflame|84/100|[from] Recoil
|
|upkeep
|
|t:|1769364582
|switch|p2a: Arboliva|Arboliva, F|100/100
|turn|4
|
|t:|1769364590
|move|p1a: Talonflame|Brave Bird|p2a: Arboliva
|-supereffective|p2a: Arboliva
|-damage|p2a: Arboliva|3/100
|-fieldstart|move: Grassy Terrain|[from] ability: Seed Sower|[of] p2a: Arboliva
|-damage|p1a: Talonflame|45/100|[from] Recoil
|move|p2a: Arboliva|Hyper Voice|p1a: Talonflame
|-damage|p1a: Talonflame|0 fnt
|faint|p1a: Talonflame
|
|-heal|p2a: Arboliva|9/100|[from] Grassy Terrain
|upkeep
|
|t:|1769364603
|switch|p1a: Hawlucha|Hawlucha, M|100/100
|turn|5
|
|t:|1769364606
|move|p1a: Hawlucha|Close Combat|p2a: Arboliva
|-supereffective|p2a: Arboliva
|-damage|p2a: Arboliva|0 fnt
|-unboost|p1a: Hawlucha|def|1
|-unboost|p1a: Hawlucha|spd|1
|faint|p2a: Arboliva
|-enditem|p1a: Hawlucha|White Herb
|-clearnegativeboost|p1a: Hawlucha|[silent]
|
|upkeep
|
|t:|1769364623
|switch|p2a: Lilligant|Lilligant, F|100/100
|turn|6
|
|t:|1769364627
|move|p1a: Hawlucha|Acrobatics|p2a: Lilligant
|-supereffective|p2a: Lilligant
|-damage|p2a: Lilligant|0 fnt
|faint|p2a: Lilligant
|
|upkeep
|
|t:|1769364635
|switch|p2a: Meganium|Meganium, F|100/100
|turn|7
|c|☆notaflamingo|i might be cooked here
|
|t:|1769364644
|move|p1a: Hawlucha|Acrobatics|p2a: Meganium
|-supereffective|p2a: Meganium
|-damage|p2a: Meganium|0 fnt
|faint|p2a: Meganium
|
|upkeep
|
|t:|1769364649
|switch|p2a: Lurantis|Lurantis, F|100/100
|turn|8
|inactive|vgc_trainer_999 has 120 seconds left.
|c|☆vgc_trainer_999|I recomend you including rotom mow for this situations
|
|t:|1769364685
|move|p1a: Hawlucha|Acrobatics|p2a: Lurantis
|-supereffective|p2a: Lurantis
|-damage|p2a: Lurantis|0 fnt
|faint|p2a: Lurantis
|
|-fieldend|move: Grassy Terrain
|upkeep
|c|☆notaflamingo|naww, my biggest mistake was tera on my jumpluff. got tera rock on liligant
|
|t:|1769364704
|switch|p2a: Bellossom|Bellossom, F|100/100
|turn|9
|inactive|vgc_trainer_999 has 120 seconds left.
|c|☆vgc_trainer_999|Well, it ended my noivern
|
|t:|1769364729
|move|p1a: Hawlucha|Acrobatics|p2a: Bellossom
|-supereffective|p2a: Bellossom
|-damage|p2a: Bellossom|0 fnt
|faint|p2a: Bellossom
|
|win|vgc_trainer_999
|raw|vgc_trainer_999's rating: 1061 &rarr; <strong>1092</strong><br />(+31 for winning)
|raw|notaflamingo's rating: 1067 &rarr; <strong>1047</strong><br />(-20 for losing)
|c|☆notaflamingo|right? lol oh well gg
|c|☆vgc_trainer_999|Gg
|l|☆notaflamingo
|player|p2|
