|j|☆4G3NC Teo
|j|☆no_dupes
|t:|1769407477
|gametype|singles
|player|p1|4G3NC Teo|iris-gen5bw2|1490
|player|p2|no_dupes|brock-gen2|1541
|gen|9
|tier|[Gen 9] OU
|rated|
|rule|HP Percentage Mod: HP is shown in percentages
|rule|Endless Battle Clause: Forcing endless battles is banned
|rule|Species Clause: Limit one of each Pokémon
|rule|OHKO Clause: OHKO moves are banned
|rule|Evasion Items Clause: Evasion items are banned
|rule|Evasion Moves Clause: Evasion moves are banned
|rule|Evasion Abilities Clause: Evasion abilities are banned
|rule|Sleep Moves Clause: Sleep-inducing moves are banned
|clearpoke
|poke|p1|Zapdos-Galar|
|poke|p1|Zamazenta-*|
|poke|p1|Azumarill, F|
|poke|p1|Iron Crown|
|poke|p1|Pecharunt|
|poke|p1|Iron Treads|
|poke|p2|Great Tusk|
|poke|p2|Hatterene, F|
|poke|p2|Charizard, F|
|poke|p2|Goodra-Hisui, M|
|poke|p2|Walking Wake|
|poke|p2|Ninetales, M|
|teampreview
|c|☆4G3NC Teo|oh hi again
|c|☆no_dupes|wsg
|inactive|Battle timer is ON: inactive players will automatically lose when time's up. (requested by 4G3NC Teo)
|
|t:|1769407489
|teamsize|p1|6
|teamsize|p2|6
|start
|switch|p1a: Azumarill|Azumarill, F|100/100
|switch|p2a: Ninetales|Ninetales, M|100/100
|turn|1
|c|☆no_dupes|oh my god bro
|c|☆4G3NC Teo|?
|c|☆no_dupes|i changed to torkoal
|c|☆no_dupes|then i changed back
|c|☆4G3NC Teo|w flash fire
|c|☆no_dupes|i forgot to change the ability
|
|t:|1769407516
|move|p2a: Ninetales|Will-O-Wisp|p1a: Azumarill|[miss]
|-miss|p2a: Ninetales|p1a: Azumarill
|move|p1a: Azumarill|Liquidation|p2a: Ninetales
|-supereffective|p2a: Ninetales
|-damage|p2a: Ninetales|0 fnt
|faint|p2a: Ninetales
|
|upkeep
|
|t:|1769407521
|switch|p2a: Hatterene|Hatterene, F|100/100
|turn|2
|
|t:|1769407525
|move|p1a: Azumarill|Aqua Jet|p2a: Hatterene
|-damage|p2a: Hatterene|78/100
|-enditem|p2a: Hatterene|Eject Button
|
|t:|1769407532
|switch|p2a: Great Tusk|Great Tusk|100/100
|
|upkeep
|turn|3
|
|t:|1769407538
|switch|p1a: Zapdos|Zapdos-Galar|100/100
|-terastallize|p2a: Great Tusk|Water
|move|p2a: Great Tusk|Stealth Rock|p1a: Zapdos
|-sidestart|p1: 4G3NC Teo|move: Stealth Rock
|
|upkeep
|turn|4
|
|t:|1769407542
|move|p1a: Zapdos|Thunderous Kick|p2a: Great Tusk
|-damage|p2a: Great Tusk|77/100
|-unboost|p2a: Great Tusk|def|1
|move|p2a: Great Tusk|Ice Spinner|p1a: Zapdos
|-supereffective|p1a: Zapdos
|-damage|p1a: Zapdos|48/100
|
|-heal|p2a: Great Tusk|83/100|[from] item: Leftovers
|upkeep
|turn|5
|
|t:|1769407555
|move|p1a: Zapdos|U-turn|p2a: Great Tusk
|-damage|p2a: Great Tusk|67/100
|
|t:|1769407558
|switch|p1a: Zamazenta|Zamazenta|100/100|[from] U-turn
|-damage|p1a: Zamazenta|94/100|[from] Stealth Rock
|-ability|p1a: Zamazenta|Dauntless Shield|boost
|-boost|p1a: Zamazenta|def|1
|move|p2a: Great Tusk|Ice Spinner|p1a: Zamazenta
|-damage|p1a: Zamazenta|82/100
|
|-heal|p1a: Zamazenta|88/100|[from] item: Leftovers
|-heal|p2a: Great Tusk|73/100|[from] item: Leftovers
|upkeep
|turn|6
|
|t:|1769407564
|-end|p2a: Great Tusk|Protosynthesis|[silent]
|switch|p2a: Hatterene|Hatterene, F|78/100
|move|p1a: Zamazenta|Substitute|p1a: Zamazenta
|-start|p1a: Zamazenta|Substitute
|-damage|p1a: Zamazenta|63/100
|
|-heal|p1a: Zamazenta|69/100|[from] item: Leftovers
|upkeep
|turn|7
|
|t:|1769407567
|move|p1a: Zamazenta|Crunch|p2a: Hatterene
|-crit|p2a: Hatterene
|-damage|p2a: Hatterene|50/100
|move|p2a: Hatterene|Psychic Noise|p1a: Zamazenta
|-supereffective|p1a: Zamazenta
|-damage|p1a: Zamazenta|4/100
|-start|p1a: Zamazenta|move: Heal Block
|
|upkeep
|turn|8
|
|t:|1769407574
|switch|p1a: Iron Crown|Iron Crown|100/100
|-damage|p1a: Iron Crown|94/100|[from] Stealth Rock
|move|p2a: Hatterene|Psychic Noise|p1a: Iron Crown
|-resisted|p1a: Iron Crown
|-damage|p1a: Iron Crown|89/100
|-start|p1a: Iron Crown|move: Heal Block
|
|upkeep
|turn|9
|
|t:|1769407577
|switch|p2a: Goodra|Goodra-Hisui, M|100/100
|move|p1a: Iron Crown|Tachyon Cutter|p2a: Goodra
|-resisted|p2a: Goodra
|-damage|p2a: Goodra|95/100
|-resisted|p2a: Goodra
|-damage|p2a: Goodra|89/100
|-hitcount|p2a: Goodra|2
|
|-end|p1a: Iron Crown|move: Heal Block
|upkeep
|turn|10
|
|t:|1769407580
|move|p1a: Iron Crown|Volt Switch|p2a: Goodra
|-resisted|p2a: Goodra
|-damage|p2a: Goodra|84/100
|
|t:|1769407583
|-end|p1a: Iron Crown|Quark Drive|[silent]
|switch|p1a: Iron Treads|Iron Treads|100/100|[from] Volt Switch
|-damage|p1a: Iron Treads|98/100|[from] Stealth Rock
|move|p2a: Goodra|Knock Off|p1a: Iron Treads
|-damage|p1a: Iron Treads|80/100
|-enditem|p1a: Iron Treads|Leftovers|[from] move: Knock Off|[of] p2a: Goodra
|
|upkeep
|turn|11
|
|t:|1769407586
|move|p1a: Iron Treads|Rapid Spin|p2a: Goodra
|-resisted|p2a: Goodra
|-damage|p2a: Goodra|76/100
|-boost|p1a: Iron Treads|spe|1
|-sideend|p1: 4G3NC Teo|Stealth Rock|[from] move: Rapid Spin|[of] p1a: Iron Treads
|move|p2a: Goodra|Flamethrower|p1a: Iron Treads
|-supereffective|p1a: Iron Treads
|-damage|p1a: Iron Treads|1/100
|-status|p1a: Iron Treads|brn
|
|-damage|p1a: Iron Treads|0 fnt|[from] brn
|faint|p1a: Iron Treads
|-end|p1a: Iron Treads|Quark Drive|[silent]
|upkeep
|
|t:|1769407588
|switch|p1a: Zapdos|Zapdos-Galar|48/100
|turn|12
|
|t:|1769407592
|switch|p2a: Emperor|Charizard, F, shiny|100/100
|move|p1a: Zapdos|Thunderous Kick|p2a: Emperor
|-resisted|p2a: Emperor
|-crit|p2a: Emperor
|-damage|p2a: Emperor|40/100
|-unboost|p2a: Emperor|def|1
|
|upkeep
|turn|13
|
|t:|1769407599
|switch|p1a: Zamazenta|Zamazenta|4/100
|move|p2a: Emperor|Overheat|p1a: Zamazenta
|-damage|p1a: Zamazenta|0 fnt
|-unboost|p2a: Emperor|spa|2
|faint|p1a: Zamazenta
|
|upkeep
|
|t:|1769407601
|switch|p1a: Azumarill|Azumarill, F|100/100
|turn|14
|
|t:|1769407611
|switch|p2a: Hatterene|Hatterene, F|50/100
|move|p1a: Azumarill|Aqua Jet|p2a: Hatterene
|-damage|p2a: Hatterene|29/100
|
|upkeep
|turn|15
|
|t:|1769407614
|move|p1a: Azumarill|Liquidation|p2a: Hatterene
|-damage|p2a: Hatterene|0 fnt
|faint|p2a: Hatterene
|
|upkeep
|
|t:|1769407620
|switch|p2a: Great Tusk|Great Tusk, tera:Water|73/100
|turn|16
|
|t:|1769407629
|move|p2a: Great Tusk|Stealth Rock|p1a: Azumarill
|-sidestart|p1: 4G3NC Teo|move: Stealth Rock
|move|p1a: Azumarill|Knock Off|p2a: Great Tusk
|-damage|p2a: Great Tusk|54/100
|-enditem|p2a: Great Tusk|Leftovers|[from] move: Knock Off|[of] p1a: Azumarill
|
|upkeep
|turn|17
|
|t:|1769407634
|switch|p1a: Zapdos|Zapdos-Galar|48/100
|-damage|p1a: Zapdos|35/100|[from] Stealth Rock
|move|p2a: Great Tusk|Rapid Spin|p1a: Zapdos
|-damage|p1a: Zapdos|18/100
|-boost|p2a: Great Tusk|spe|1
|
|upkeep
|turn|18
|
|t:|1769407638
|move|p1a: Zapdos|Close Combat|p2a: Great Tusk
|-damage|p2a: Great Tusk|18/100
|-unboost|p1a: Zapdos|def|1
|-unboost|p1a: Zapdos|spd|1
|move|p2a: Great Tusk|Ice Spinner|p1a: Zapdos
|-supereffective|p1a: Zapdos
|-damage|p1a: Zapdos|0 fnt
|faint|p1a: Zapdos
|
|upkeep
|
|t:|1769407647
|switch|p1a: Iron Crown|Iron Crown|89/100
|-damage|p1a: Iron Crown|83/100|[from] Stealth Rock
|turn|19
|
|t:|1769407649
|-end|p2a: Great Tusk|Protosynthesis|[silent]
|switch|p2a: Goodra|Goodra-Hisui, M|76/100
|-terastallize|p1a: Iron Crown|Flying
|move|p1a: Iron Crown|Volt Switch|p2a: Goodra
|-resisted|p2a: Goodra
|-damage|p2a: Goodra|70/100
|
|t:|1769407655
|-end|p1a: Iron Crown|Quark Drive|[silent]
|switch|p1a: Azumarill|Azumarill, F|100/100|[from] Volt Switch
|-damage|p1a: Azumarill|88/100|[from] Stealth Rock
|
|upkeep
|turn|20
|
|t:|1769407657
|move|p2a: Goodra|Knock Off|p1a: Azumarill
|-resisted|p1a: Azumarill
|-damage|p1a: Azumarill|76/100
|-enditem|p1a: Azumarill|Assault Vest|[from] move: Knock Off|[of] p2a: Goodra
|move|p1a: Azumarill|Play Rough|p2a: Goodra|[miss]
|-miss|p1a: Azumarill|p2a: Goodra
|
|upkeep
|turn|21
|
|t:|1769407659
|move|p2a: Goodra|Flash Cannon|p1a: Azumarill
|-damage|p1a: Azumarill|37/100
|move|p1a: Azumarill|Play Rough|p2a: Goodra|[miss]
|-miss|p1a: Azumarill|p2a: Goodra
|
|upkeep
|turn|22
|
|t:|1769407667
|move|p2a: Goodra|Flash Cannon|p1a: Azumarill
|-damage|p1a: Azumarill|0 fnt
|faint|p1a: Azumarill
|
|upkeep
|
|t:|1769407670
|switch|p1a: Pecharunt|Pecharunt|100/100
|-damage|p1a: Pecharunt|88/100|[from] Stealth Rock
|turn|23
|
|t:|1769407672
|move|p1a: Pecharunt|Shadow Ball|p2a: Goodra
|-damage|p2a: Goodra|59/100
|move|p2a: Goodra|Knock Off|p1a: Pecharunt
|-supereffective|p1a: Pecharunt
|-damage|p1a: Pecharunt|69/100
|-enditem|p1a: Pecharunt|Leftovers|[from] move: Knock Off|[of] p2a: Goodra
|
|upkeep
|turn|24
|
|t:|1769407675
|move|p1a: Pecharunt|Shadow Ball|p2a: Goodra
|-damage|p2a: Goodra|49/100
|move|p2a: Goodra|Flash Cannon|p1a: Pecharunt
|-damage|p1a: Pecharunt|28/100
|
|upkeep
|turn|25
|-message|4G3NC Teo forfeited.
|
|win|no_dupes
|raw|4G3NC Teo's rating: 1490 &rarr; <strong>1473</strong><br />(-17 for losing)
|raw|no_dupes's rating: 1541 &rarr; <strong>1558</strong><br />(+17 for winning)
|l|☆4G3NC Teo
|player|p1|
