|j|☆Linnotoooo
|j|☆Raiz mortal
|t:|1769320137
|gametype|singles
|player|p1|Linnotoooo|dancer|1188
|player|p2|Raiz mortal|169|1239
|gen|9
|tier|[Gen 9] OU
|rated|
|rule|HP Percentage Mod: HP is shown in percentages
|rule|Endless Battle Clause: Forcing endless battles is banned
|rule|Species Clause: Limit one of each Pokémon
|rule|OHKO Clause: OHKO moves are banned
|rule|Evasion Items Clause: Evasion items are banned
|rule|Evasion Moves Clause: Evasion moves are banned
|rule|Evasion Abilities Clause: Evasion abilities are banned
|rule|Sleep Moves Clause: Sleep-inducing moves are banned
|clearpoke
|poke|p1|Zoroark-Hisui, F|
|poke|p1|Ceruledge, M|
|poke|p1|Primarina, F|
|poke|p1|Great Tusk|
|poke|p1|Kingambit, M|
|poke|p1|Moltres|
|poke|p2|Gliscor, F|
|poke|p2|Darkrai|
|poke|p2|Skarmory, F|
|poke|p2|Trevenant, M|
|poke|p2|Toxapex, F|
|poke|p2|Latias, F|
|teampreview
|inactive|Battle timer is ON: inactive players will automatically lose when time's up. (requested by Raiz mortal)
|
|t:|1769320161
|teamsize|p1|6
|teamsize|p2|6
|start
|switch|p1a: Primarina|Primarina, F|100/100
|switch|p2a: Skarmory|Skarmory, F|100/100
|turn|1
|
|t:|1769320175
|switch|p1a: Moltres|Moltres|100/100
|move|p2a: Skarmory|Stealth Rock|p1a: Moltres
|-sidestart|p1: Linnotoooo|move: Stealth Rock
|
|upkeep
|turn|2
|
|t:|1769320182
|switch|p2a: Gliscor|Gliscor, F|100/100
|move|p1a: Moltres|Flamethrower|p2a: Gliscor
|-damage|p2a: Gliscor|63/100
|
|-status|p2a: Gliscor|tox|[from] item: Toxic Orb
|upkeep
|turn|3
|
|t:|1769320197
|move|p1a: Moltres|Flamethrower|p2a: Gliscor
|-damage|p2a: Gliscor|28/100 tox
|move|p2a: Gliscor|Spikes|p1a: Moltres
|-sidestart|p1: Linnotoooo|Spikes
|
|-heal|p2a: Gliscor|41/100 tox|[from] ability: Poison Heal
|upkeep
|turn|4
|
|t:|1769320205
|move|p2a: Gliscor|Protect|p2a: Gliscor
|-singleturn|p2a: Gliscor|Protect
|move|p1a: Moltres|Flamethrower|p2a: Gliscor
|-activate|p2a: Gliscor|move: Protect
|
|-heal|p2a: Gliscor|53/100 tox|[from] ability: Poison Heal
|upkeep
|turn|5
|
|t:|1769320214
|move|p1a: Moltres|Flamethrower|p2a: Gliscor
|-damage|p2a: Gliscor|12/100 tox
|move|p2a: Gliscor|Toxic|p1a: Moltres
|-status|p1a: Moltres|tox
|
|-damage|p1a: Moltres|94/100 tox|[from] psn
|-heal|p2a: Gliscor|25/100 tox|[from] ability: Poison Heal
|upkeep
|turn|6
|
|t:|1769320226
|move|p2a: Gliscor|Protect|p2a: Gliscor
|-singleturn|p2a: Gliscor|Protect
|move|p1a: Moltres|Flamethrower|p2a: Gliscor
|-activate|p2a: Gliscor|move: Protect
|
|-damage|p1a: Moltres|82/100 tox|[from] psn
|-heal|p2a: Gliscor|37/100 tox|[from] ability: Poison Heal
|upkeep
|turn|7
|
|t:|1769320245
|switch|p2a: Toxapex|Toxapex, F|100/100
|move|p1a: Moltres|Flamethrower|p2a: Toxapex
|-resisted|p2a: Toxapex
|-damage|p2a: Toxapex|88/100
|
|-heal|p2a: Toxapex|94/100|[from] item: Black Sludge
|-damage|p1a: Moltres|63/100 tox|[from] psn
|upkeep
|turn|8
|
|t:|1769320255
|switch|p1a: Great Tusk|Great Tusk|100/100
|-damage|p1a: Great Tusk|98/100|[from] Stealth Rock
|-damage|p1a: Great Tusk|85/100|[from] Spikes
|move|p2a: Toxapex|Toxic|p1a: Great Tusk
|-status|p1a: Great Tusk|tox
|
|-heal|p2a: Toxapex|100/100|[from] item: Black Sludge
|-damage|p1a: Great Tusk|79/100 tox|[from] psn
|upkeep
|turn|9
|
|t:|1769320267
|switch|p2a: Trevenant|Trevenant, M|100/100
|move|p1a: Great Tusk|Earthquake|p2a: Trevenant
|-resisted|p2a: Trevenant
|-damage|p2a: Trevenant|80/100
|
|-damage|p1a: Great Tusk|67/100 tox|[from] psn
|upkeep
|turn|10
|
|t:|1769320276
|move|p1a: Great Tusk|Ice Spinner|p2a: Trevenant
|-supereffective|p2a: Trevenant
|-damage|p2a: Trevenant|39/100
|-enditem|p2a: Trevenant|Sitrus Berry|[eat]
|-heal|p2a: Trevenant|64/100|[from] item: Sitrus Berry
|move|p2a: Trevenant|Leech Seed|p1a: Great Tusk
|-start|p1a: Great Tusk|move: Leech Seed
|
|-damage|p1a: Great Tusk|54/100 tox|[from] Leech Seed|[of] p2a: Trevenant
|-heal|p2a: Trevenant|76/100|[silent]
|-damage|p1a: Great Tusk|36/100 tox|[from] psn
|-item|p2a: Trevenant|Sitrus Berry|[from] ability: Harvest
|upkeep
|turn|11
|-message|Linnotoooo forfeited.
|
|win|Raiz mortal
|raw|Linnotoooo's rating: 1188 &rarr; <strong>1167</strong><br />(-21 for losing)
|raw|Raiz mortal's rating: 1239 &rarr; <strong>1260</strong><br />(+21 for winning)
|l|☆Linnotoooo
|player|p1|
