|j|☆rossetiger
|j|☆mimiqt314
|t:|1769323786
|gametype|singles
|player|p1|rossetiger|170|1428
|player|p2|mimiqt314|265|1524
|gen|9
|tier|[Gen 9] OU
|rated|
|rule|HP Percentage Mod: HP is shown in percentages
|rule|Endless Battle Clause: Forcing endless battles is banned
|rule|Species Clause: Limit one of each Pokémon
|rule|OHKO Clause: OHKO moves are banned
|rule|Evasion Items Clause: Evasion items are banned
|rule|Evasion Moves Clause: Evasion moves are banned
|rule|Evasion Abilities Clause: Evasion abilities are banned
|rule|Sleep Moves Clause: Sleep-inducing moves are banned
|clearpoke
|poke|p1|Whimsicott, F|
|poke|p1|Houndstone, M|
|poke|p1|Sinistcha|
|poke|p1|Ting-Lu|
|poke|p1|Glimmora, F|
|poke|p1|Gholdengo|
|poke|p2|Gholdengo|
|poke|p2|Dragonite, M|
|poke|p2|Raging Bolt|
|poke|p2|Great Tusk|
|poke|p2|Iron Valiant|
|poke|p2|Ting-Lu|
|teampreview
|inactive|Battle timer is ON: inactive players will automatically lose when time's up. (requested by mimiqt314)
|inactive|mimiqt314 has 120 seconds left.
|inactive|mimiqt314 has 90 seconds left.
|
|t:|1769323873
|teamsize|p1|6
|teamsize|p2|6
|start
|switch|p1a: Glimmora|Glimmora, F|100/100
|switch|p2a: Great Tusk|Great Tusk|100/100
|turn|1
|
|t:|1769323881
|move|p1a: Glimmora|Stealth Rock|p2a: Great Tusk
|-sidestart|p2: mimiqt314|move: Stealth Rock
|move|p2a: Great Tusk|Rapid Spin|p1a: Glimmora
|-resisted|p1a: Glimmora
|-damage|p1a: Glimmora|91/100
|-boost|p2a: Great Tusk|spe|1
|-activate|p1a: Glimmora|ability: Toxic Debris
|-sidestart|p2: mimiqt314|move: Toxic Spikes
|-sideend|p2: mimiqt314|Toxic Spikes|[from] move: Rapid Spin|[of] p2a: Great Tusk
|-sideend|p2: mimiqt314|Stealth Rock|[from] move: Rapid Spin|[of] p2a: Great Tusk
|
|upkeep
|turn|2
|
|t:|1769323888
|switch|p1a: Houndstone|Houndstone, M|100/100
|move|p2a: Great Tusk|Headlong Rush|p1a: Houndstone
|-damage|p1a: Houndstone|75/100
|-unboost|p2a: Great Tusk|def|1
|-unboost|p2a: Great Tusk|spd|1
|
|upkeep
|turn|3
|
|t:|1769323896
|-end|p2a: Great Tusk|Protosynthesis|[silent]
|switch|p2a: Ting-Lu|Ting-Lu|100/100
|-ability|p2a: Ting-Lu|Vessel of Ruin
|move|p1a: Houndstone|Will-O-Wisp|p2a: Ting-Lu
|-status|p2a: Ting-Lu|brn
|
|-damage|p2a: Ting-Lu|94/100 brn|[from] brn
|upkeep
|turn|4
|inactive|mimiqt314 has 120 seconds left.
|
|t:|1769323928
|switch|p1a: Glimmora|Glimmora, F|91/100
|move|p2a: Ting-Lu|Stealth Rock|p1a: Glimmora
|-sidestart|p1: rossetiger|move: Stealth Rock
|
|-heal|p2a: Ting-Lu|100/100 brn|[from] item: Leftovers
|-damage|p2a: Ting-Lu|94/100 brn|[from] brn
|upkeep
|turn|5
|
|t:|1769323934
|move|p1a: Glimmora|Stealth Rock|p2a: Ting-Lu
|-sidestart|p2: mimiqt314|move: Stealth Rock
|move|p2a: Ting-Lu|Earthquake|p1a: Glimmora
|-supereffective|p1a: Glimmora
|-damage|p1a: Glimmora|12/100
|-activate|p1a: Glimmora|ability: Toxic Debris
|-sidestart|p2: mimiqt314|move: Toxic Spikes
|
|-heal|p2a: Ting-Lu|100/100 brn|[from] item: Leftovers
|-damage|p2a: Ting-Lu|94/100 brn|[from] brn
|upkeep
|turn|6
|
|t:|1769323944
|move|p1a: Glimmora|Spikes|p2a: Ting-Lu
|-sidestart|p2: mimiqt314|Spikes
|move|p2a: Ting-Lu|Earthquake|p1a: Glimmora
|-supereffective|p1a: Glimmora
|-damage|p1a: Glimmora|0 fnt
|-activate|p1a: Glimmora|ability: Toxic Debris
|-sidestart|p2: mimiqt314|move: Toxic Spikes
|faint|p1a: Glimmora
|
|-heal|p2a: Ting-Lu|100/100 brn|[from] item: Leftovers
|-damage|p2a: Ting-Lu|94/100 brn|[from] brn
|upkeep
|
|t:|1769323962
|switch|p1a: Sinistcha|Sinistcha|100/100
|turn|7
|
|t:|1769323978
|move|p1a: Sinistcha|Matcha Gotcha|p2a: Ting-Lu
|-supereffective|p2a: Ting-Lu
|-damage|p2a: Ting-Lu|65/100 brn
|move|p2a: Ting-Lu|Whirlwind|p1a: Sinistcha
|drag|p1a: Gholdengo|Gholdengo|100/100
|-damage|p1a: Gholdengo|94/100|[from] Stealth Rock
|-item|p1a: Gholdengo|Air Balloon
|
|-heal|p2a: Ting-Lu|71/100 brn|[from] item: Leftovers
|-damage|p2a: Ting-Lu|65/100 brn|[from] brn
|upkeep
|turn|8
|
|t:|1769323997
|move|p1a: Gholdengo|Hex|p2a: Ting-Lu
|-resisted|p2a: Ting-Lu
|-damage|p2a: Ting-Lu|52/100 brn
|move|p2a: Ting-Lu|Ruination|p1a: Gholdengo
|-damage|p1a: Gholdengo|48/100
|-enditem|p1a: Gholdengo|Air Balloon
|
|-heal|p2a: Ting-Lu|58/100 brn|[from] item: Leftovers
|-damage|p2a: Ting-Lu|52/100 brn|[from] brn
|upkeep
|turn|9
|inactive|mimiqt314 has 120 seconds left.
|
|t:|1769324018
|move|p1a: Gholdengo|Recover|p1a: Gholdengo
|-heal|p1a: Gholdengo|98/100
|move|p2a: Ting-Lu|Earthquake|p1a: Gholdengo
|-supereffective|p1a: Gholdengo
|-damage|p1a: Gholdengo|62/100
|
|-heal|p2a: Ting-Lu|58/100 brn|[from] item: Leftovers
|-damage|p2a: Ting-Lu|52/100 brn|[from] brn
|upkeep
|turn|10
|
|t:|1769324034
|move|p1a: Gholdengo|Hex|p2a: Ting-Lu
|-resisted|p2a: Ting-Lu
|-damage|p2a: Ting-Lu|40/100 brn
|move|p2a: Ting-Lu|Earthquake|p1a: Gholdengo
|-supereffective|p1a: Gholdengo
|-damage|p1a: Gholdengo|25/100
|
|-heal|p2a: Ting-Lu|46/100 brn|[from] item: Leftovers
|-damage|p2a: Ting-Lu|40/100 brn|[from] brn
|upkeep
|turn|11
|inactive|mimiqt314 has 120 seconds left.
|
|t:|1769324064
|move|p1a: Gholdengo|Recover|p1a: Gholdengo
|-heal|p1a: Gholdengo|75/100
|move|p2a: Ting-Lu|Earthquake|p1a: Gholdengo
|-supereffective|p1a: Gholdengo
|-damage|p1a: Gholdengo|40/100
|
|-heal|p2a: Ting-Lu|46/100 brn|[from] item: Leftovers
|-damage|p2a: Ting-Lu|40/100 brn|[from] brn
|upkeep
|turn|12
|inactive|mimiqt314 has 120 seconds left.
|inactive|rossetiger has 120 seconds left.
|
|t:|1769324104
|move|p1a: Gholdengo|Recover|p1a: Gholdengo
|-heal|p1a: Gholdengo|90/100
|move|p2a: Ting-Lu|Earthquake|p1a: Gholdengo
|-supereffective|p1a: Gholdengo
|-damage|p1a: Gholdengo|52/100
|
|-heal|p2a: Ting-Lu|46/100 brn|[from] item: Leftovers
|-damage|p2a: Ting-Lu|40/100 brn|[from] brn
|upkeep
|turn|13
|inactive|rossetiger has 120 seconds left.
|inactive|mimiqt314 has 120 seconds left.
|inactive|mimiqt314 has 90 seconds left.
|
|t:|1769324150
|switch|p1a: Sinistcha|Sinistcha|100/100
|move|p2a: Ting-Lu|Earthquake|p1a: Sinistcha
|-resisted|p1a: Sinistcha
|-damage|p1a: Sinistcha|94/100
|
|-heal|p2a: Ting-Lu|46/100 brn|[from] item: Leftovers
|-damage|p2a: Ting-Lu|40/100 brn|[from] brn
|upkeep
|turn|14
|inactive|mimiqt314 has 90 seconds left.
|inactive|rossetiger has 120 seconds left.
|
|t:|1769324183
|move|p1a: Sinistcha|Matcha Gotcha|p2a: Ting-Lu
|-supereffective|p2a: Ting-Lu
|-damage|p2a: Ting-Lu|11/100 brn
|-heal|p1a: Sinistcha|100/100|[from] drain|[of] p2a: Ting-Lu
|move|p2a: Ting-Lu|Ruination|p1a: Sinistcha
|-damage|p1a: Sinistcha|50/100
|
|-heal|p2a: Ting-Lu|18/100 brn|[from] item: Leftovers
|-damage|p2a: Ting-Lu|11/100 brn|[from] brn
|upkeep
|turn|15
|inactive|rossetiger has 120 seconds left.
|
|t:|1769324203
|move|p1a: Sinistcha|Strength Sap|p2a: Ting-Lu
|-unboost|p2a: Ting-Lu|atk|1
|-heal|p1a: Sinistcha|100/100
|move|p2a: Ting-Lu|Ruination|p1a: Sinistcha
|-damage|p1a: Sinistcha|50/100
|
|-heal|p2a: Ting-Lu|18/100 brn|[from] item: Leftovers
|-damage|p2a: Ting-Lu|11/100 brn|[from] brn
|upkeep
|turn|16
|
|t:|1769324211
|move|p1a: Sinistcha|Strength Sap|p2a: Ting-Lu
|-unboost|p2a: Ting-Lu|atk|1
|-heal|p1a: Sinistcha|100/100
|move|p2a: Ting-Lu|Ruination|p1a: Sinistcha
|-damage|p1a: Sinistcha|50/100
|
|-heal|p2a: Ting-Lu|18/100 brn|[from] item: Leftovers
|-damage|p2a: Ting-Lu|11/100 brn|[from] brn
|upkeep
|turn|17
|
|t:|1769324215
|move|p1a: Sinistcha|Strength Sap|p2a: Ting-Lu
|-unboost|p2a: Ting-Lu|atk|1
|-heal|p1a: Sinistcha|89/100
|move|p2a: Ting-Lu|Ruination|p1a: Sinistcha
|-damage|p1a: Sinistcha|45/100
|
|-heal|p2a: Ting-Lu|18/100 brn|[from] item: Leftovers
|-damage|p2a: Ting-Lu|11/100 brn|[from] brn
|upkeep
|turn|18
|
|t:|1769324218
|move|p1a: Sinistcha|Matcha Gotcha|p2a: Ting-Lu
|-supereffective|p2a: Ting-Lu
|-damage|p2a: Ting-Lu|0 fnt
|-heal|p1a: Sinistcha|53/100|[from] drain|[of] p2a: Ting-Lu
|faint|p2a: Ting-Lu
|
|upkeep
|inactive|mimiqt314 has 90 seconds left.
|
|t:|1769324224
|switch|p2a: Great Tusk|Great Tusk|100/100
|-damage|p2a: Great Tusk|97/100|[from] Stealth Rock
|-status|p2a: Great Tusk|tox
|-damage|p2a: Great Tusk|85/100 tox|[from] Spikes
|turn|19
|inactive|rossetiger has 120 seconds left.
|
|t:|1769324277
|-terastallize|p2a: Great Tusk|Ice
|move|p2a: Great Tusk|Ice Spinner|p1a: Sinistcha
|-supereffective|p1a: Sinistcha
|-damage|p1a: Sinistcha|0 fnt
|faint|p1a: Sinistcha
|
|-damage|p2a: Great Tusk|79/100 tox|[from] psn
|upkeep
|
|t:|1769324285
|switch|p1a: Houndstone|Houndstone, M|75/100
|turn|20
|inactive|mimiqt314 has 90 seconds left.
|inactive|mimiqt314 has 60 seconds left.
|
|t:|1769324363
|move|p2a: Great Tusk|Headlong Rush|p1a: Houndstone
|-damage|p1a: Houndstone|50/100
|-unboost|p2a: Great Tusk|def|1
|-unboost|p2a: Great Tusk|spd|1
|move|p1a: Houndstone|Night Shade|p2a: Great Tusk
|-damage|p2a: Great Tusk|56/100 tox
|
|-damage|p2a: Great Tusk|43/100 tox|[from] psn
|upkeep
|turn|21
|inactive|rossetiger has 90 seconds left.
|inactive|rossetiger has 60 seconds left.
|l|☆rossetiger
|inactive|rossetiger disconnected and has a minute to reconnect!
|player|p1|
|inactive|rossetiger has 30 seconds to reconnect!
|inactive|rossetiger has 20 seconds to reconnect!
|inactive|rossetiger has 15 seconds to reconnect!
|inactive|rossetiger has 10 seconds to reconnect!
|inactive|rossetiger has 5 seconds to reconnect!
|-message|rossetiger lost due to inactivity.
|
|win|mimiqt314
|raw|rossetiger's rating: 1428 &rarr; <strong>1413</strong><br />(-15 for losing)
|raw|mimiqt314's rating: 1524 &rarr; <strong>1539</strong><br />(+15 for winning)
|l|☆mimiqt314
|player|p2|
