|j|☆adrian098
|j|☆Gengarissocute
|t:|1769407939
|gametype|singles
|player|p1|adrian098|lucas|1270
|player|p2|Gengarissocute|170|1320
|gen|9
|tier|[Gen 9] OU
|rated|
|rule|HP Percentage Mod: HP is shown in percentages
|rule|Endless Battle Clause: Forcing endless battles is banned
|rule|Species Clause: Limit one of each Pokémon
|rule|OHKO Clause: OHKO moves are banned
|rule|Evasion Items Clause: Evasion items are banned
|rule|Evasion Moves Clause: Evasion moves are banned
|rule|Evasion Abilities Clause: Evasion abilities are banned
|rule|Sleep Moves Clause: Sleep-inducing moves are banned
|clearpoke
|poke|p1|Great Tusk|
|poke|p1|Tyranitar, M|
|poke|p1|Rillaboom, M|
|poke|p1|Dragapult, M|
|poke|p1|Iron Crown|
|poke|p1|Clefable, F|
|poke|p2|Maushold|
|poke|p2|Kingambit, F|
|poke|p2|Ogerpon-Wellspring, F|
|poke|p2|Regidrago|
|poke|p2|Iron Valiant|
|poke|p2|Gliscor, M|
|teampreview
|
|t:|1769407943
|teamsize|p1|6
|teamsize|p2|6
|start
|switch|p1a: Great Tusk|Great Tusk|100/100
|switch|p2a: Weird dragon|Regidrago, shiny|100/100
|turn|1
|inactive|Battle timer is ON: inactive players will automatically lose when time's up. (requested by Gengarissocute)
|
|t:|1769407948
|move|p2a: Weird dragon|Dragon Energy|p1a: Great Tusk
|-damage|p1a: Great Tusk|0 fnt
|faint|p1a: Great Tusk
|-end|p1a: Great Tusk|Protosynthesis|[silent]
|
|upkeep
|
|t:|1769407951
|switch|p1a: Iron Crown|Iron Crown|100/100
|-enditem|p1a: Iron Crown|Booster Energy
|-activate|p1a: Iron Crown|ability: Quark Drive|[fromitem]
|-start|p1a: Iron Crown|quarkdrivespe
|turn|2
|
|t:|1769407962
|move|p1a: Iron Crown|Calm Mind|p1a: Iron Crown
|-boost|p1a: Iron Crown|spa|1
|-boost|p1a: Iron Crown|spd|1
|move|p2a: Weird dragon|Dragon Energy|p1a: Iron Crown
|-resisted|p1a: Iron Crown
|-damage|p1a: Iron Crown|67/100
|
|upkeep
|turn|3
|
|t:|1769407964
|move|p1a: Iron Crown|Calm Mind|p1a: Iron Crown
|-boost|p1a: Iron Crown|spa|1
|-boost|p1a: Iron Crown|spd|1
|move|p2a: Weird dragon|Dragon Energy|p1a: Iron Crown
|-resisted|p1a: Iron Crown
|-damage|p1a: Iron Crown|44/100
|
|upkeep
|turn|4
|
|t:|1769407967
|move|p1a: Iron Crown|Tachyon Cutter|p2a: Weird dragon
|-damage|p2a: Weird dragon|47/100
|-damage|p2a: Weird dragon|0 fnt
|faint|p2a: Weird dragon
|-hitcount|p2: Weird dragon|2
|
|upkeep
|
|t:|1769407983
|switch|p2a: Masky girl|Ogerpon-Wellspring, F|100/100
|turn|5
|
|t:|1769407988
|-terastallize|p1a: Iron Crown|Flying
|-terastallize|p2a: Masky girl|Water
|detailschange|p2a: Masky girl|Ogerpon-Wellspring-Tera, F, tera:Water
|-ability|p2a: Masky girl|Embody Aspect (Wellspring)|boost
|-boost|p2a: Masky girl|spd|1
|move|p1a: Iron Crown|Air Slash|p2a: Masky girl
|-damage|p2a: Masky girl|45/100
|move|p2a: Masky girl|Ivy Cudgel|p1a: Iron Crown|[anim] Ivy Cudgel Water
|-damage|p1a: Iron Crown|0 fnt
|faint|p1a: Iron Crown
|-end|p1a: Iron Crown|Quark Drive|[silent]
|
|upkeep
|
|t:|1769407999
|switch|p1a: Rillaboom|Rillaboom, M|100/100
|-fieldstart|move: Grassy Terrain|[from] ability: Grassy Surge|[of] p1a: Rillaboom
|turn|6
|
|t:|1769408002
|switch|p2a: Little guys|Maushold, shiny|100/100
|move|p1a: Rillaboom|Grassy Glide|p2a: Little guys
|-damage|p2a: Little guys|0 fnt
|faint|p2a: Little guys
|
|upkeep
|
|t:|1769408004
|switch|p2a: Batman|Gliscor, M, shiny|100/100
|turn|7
|
|t:|1769408018
|switch|p1a: Tyranitar|Tyranitar, M|100/100
|-weather|Sandstorm|[from] ability: Sand Stream|[of] p1a: Tyranitar
|move|p2a: Batman|Toxic|p1a: Tyranitar|[miss]
|-miss|p2a: Batman|p1a: Tyranitar
|
|-weather|Sandstorm|[upkeep]
|-status|p2a: Batman|tox|[from] item: Toxic Orb
|upkeep
|turn|8
|
|t:|1769408023
|move|p2a: Batman|Toxic|p1a: Tyranitar
|-status|p1a: Tyranitar|tox
|move|p1a: Tyranitar|Ice Punch|p2a: Batman
|-supereffective|p2a: Batman
|-damage|p2a: Batman|9/100 tox
|
|-weather|Sandstorm|[upkeep]
|-heal|p2a: Batman|21/100 tox|[from] ability: Poison Heal
|-damage|p1a: Tyranitar|94/100 tox|[from] psn
|upkeep
|turn|9
|
|t:|1769408033
|move|p2a: Batman|Protect|p2a: Batman
|-singleturn|p2a: Batman|Protect
|move|p1a: Tyranitar|Knock Off|p2a: Batman
|-activate|p2a: Batman|move: Protect
|
|-weather|Sandstorm|[upkeep]
|-heal|p1a: Tyranitar|100/100 tox|[from] Grassy Terrain
|-heal|p2a: Batman|34/100 tox|[from] ability: Poison Heal
|-damage|p1a: Tyranitar|88/100 tox|[from] psn
|upkeep
|turn|10
|
|t:|1769408035
|move|p2a: Batman|Substitute|p2a: Batman
|-start|p2a: Batman|Substitute
|-damage|p2a: Batman|9/100 tox
|move|p1a: Tyranitar|Ice Punch|p2a: Batman
|-supereffective|p2a: Batman
|-end|p2a: Batman|Substitute
|
|-weather|Sandstorm|[upkeep]
|-heal|p1a: Tyranitar|94/100 tox|[from] Grassy Terrain
|-heal|p2a: Batman|21/100 tox|[from] ability: Poison Heal
|-damage|p1a: Tyranitar|76/100 tox|[from] psn
|-fieldend|move: Grassy Terrain
|upkeep
|turn|11
|
|t:|1769408038
|switch|p1a: Dragapult|Dragapult, M|100/100
|move|p2a: Batman|Protect||[still]
|-fail|p2a: Batman
|
|-weather|none
|-heal|p2a: Batman|34/100 tox|[from] ability: Poison Heal
|upkeep
|turn|12
|
|t:|1769408059
|move|p1a: Dragapult|Shadow Ball|p2a: Batman
|-damage|p2a: Batman|0 fnt
|faint|p2a: Batman
|
|upkeep
|
|t:|1769408061
|switch|p2a: Fake Gallade|Iron Valiant, shiny|100/100
|-enditem|p2a: Fake Gallade|Booster Energy
|-activate|p2a: Fake Gallade|ability: Quark Drive|[fromitem]
|-start|p2a: Fake Gallade|quarkdrivespe
|turn|13
|
|t:|1769408065
|switch|p1a: Clefable|Clefable, F|100/100
|move|p2a: Fake Gallade|Moonblast|p1a: Clefable
|-damage|p1a: Clefable|68/100
|
|-heal|p1a: Clefable|74/100|[from] item: Leftovers
|upkeep
|turn|14
|
|t:|1769408068
|move|p2a: Fake Gallade|Moonblast|p1a: Clefable
|-damage|p1a: Clefable|43/100
|-unboost|p1a: Clefable|spa|1
|move|p1a: Clefable|Moonblast|p2a: Fake Gallade
|-supereffective|p2a: Fake Gallade
|-damage|p2a: Fake Gallade|29/100
|-unboost|p2a: Fake Gallade|spa|1
|
|-heal|p1a: Clefable|49/100|[from] item: Leftovers
|upkeep
|turn|15
|
|t:|1769408078
|switch|p1a: Rillaboom|Rillaboom, M|100/100
|-fieldstart|move: Grassy Terrain|[from] ability: Grassy Surge|[of] p1a: Rillaboom
|move|p2a: Fake Gallade|Destiny Bond|p2a: Fake Gallade
|-singlemove|p2a: Fake Gallade|Destiny Bond
|
|-heal|p2a: Fake Gallade|35/100|[from] Grassy Terrain
|upkeep
|turn|16
|
|t:|1769408084
|move|p1a: Rillaboom|Grassy Glide|p2a: Fake Gallade
|-damage|p2a: Fake Gallade|0 fnt
|faint|p2a: Fake Gallade
|-activate|p2a: Fake Gallade|move: Destiny Bond
|-end|p2a: Fake Gallade|Quark Drive|[silent]
|faint|p1a: Rillaboom
|
|upkeep
|
|t:|1769408089
|switch|p2a: Masky girl|Ogerpon-Wellspring-Tera, F, tera:Water|45/100
|switch|p1a: Tyranitar|Tyranitar, M|76/100 tox
|-ability|p2a: Masky girl|Embody Aspect (Wellspring)|boost
|-boost|p2a: Masky girl|spd|1
|-weather|Sandstorm|[from] ability: Sand Stream|[of] p1a: Tyranitar
|turn|17
|-message|adrian098 forfeited.
|
|win|Gengarissocute
|raw|adrian098's rating: 1238 &rarr; <strong>1219</strong><br />(-19 for losing)
|raw|Gengarissocute's rating: 1320 &rarr; <strong>1335</strong><br />(+15 for winning)
|l|☆adrian098
|player|p1|
|l|☆Gengarissocute
|player|p2|
|j|☆Gengarissocute
|player|p2|Gengarissocute|170|
