|j|☆skywerk75002
|j|☆pogchimp970314
|t:|1769340968
|gametype|singles
|player|p1|skywerk75002|pokemaniac|1393
|player|p2|pogchimp970314|elesa-masters|1351
|gen|9
|tier|[Gen 9] OU
|rated|
|rule|HP Percentage Mod: HP is shown in percentages
|rule|Endless Battle Clause: Forcing endless battles is banned
|rule|Species Clause: Limit one of each Pokémon
|rule|OHKO Clause: OHKO moves are banned
|rule|Evasion Items Clause: Evasion items are banned
|rule|Evasion Moves Clause: Evasion moves are banned
|rule|Evasion Abilities Clause: Evasion abilities are banned
|rule|Sleep Moves Clause: Sleep-inducing moves are banned
|clearpoke
|poke|p1|Cobalion|
|poke|p1|Samurott-Hisui, M|
|poke|p1|Gholdengo|
|poke|p1|Iron Moth|
|poke|p1|Dragonite, M|
|poke|p1|Meowscarada, F|
|poke|p2|Iron Valiant|
|poke|p2|Great Tusk|
|poke|p2|Dragonite, M|
|poke|p2|Deoxys-Speed|
|poke|p2|Glimmora, F|
|poke|p2|Kingambit, M|
|teampreview
|inactive|Battle timer is ON: inactive players will automatically lose when time's up. (requested by pogchimp970314)
|
|t:|1769340998
|teamsize|p1|6
|teamsize|p2|6
|start
|switch|p1a: Coba La D|Cobalion, shiny|100/100
|switch|p2a: Deoxys|Deoxys-Speed|100/100
|-ability|p2a: Deoxys|Pressure
|turn|1
|
|t:|1769341008
|move|p2a: Deoxys|Reflect|p2a: Deoxys
|-sidestart|p2: pogchimp970314|Reflect
|move|p1a: Coba La D|Taunt|p2a: Deoxys
|-start|p2a: Deoxys|move: Taunt
|
|upkeep
|turn|2
|
|t:|1769341025
|switch|p2a: Dragonite|Dragonite, M|100/100
|move|p1a: Coba La D|Stealth Rock|p2a: Dragonite
|-sidestart|p2: pogchimp970314|move: Stealth Rock
|
|upkeep
|turn|3
|
|t:|1769341030
|move|p1a: Coba La D|Steel Beam|p2a: Dragonite
|-damage|p2a: Dragonite|71/100
|-damage|p1a: Coba La D|50/100|[from] steelbeam
|move|p2a: Dragonite|Substitute|p2a: Dragonite
|-start|p2a: Dragonite|Substitute
|-damage|p2a: Dragonite|47/100
|
|-heal|p2a: Dragonite|53/100|[from] item: Leftovers
|upkeep
|turn|4
|
|t:|1769341035
|move|p1a: Coba La D|Steel Beam|p2a: Dragonite
|-end|p2a: Dragonite|Substitute
|-damage|p1a: Coba La D|0 fnt|[from] steelbeam
|faint|p1a: Coba La D
|move|p2a: Dragonite|Dragon Dance|p2a: Dragonite
|-boost|p2a: Dragonite|atk|1
|-boost|p2a: Dragonite|spe|1
|
|-heal|p2a: Dragonite|59/100|[from] item: Leftovers
|upkeep
|
|t:|1769341044
|switch|p1a: Mitenbois|Iron Moth, shiny|100/100
|-enditem|p1a: Mitenbois|Booster Energy
|-activate|p1a: Mitenbois|ability: Quark Drive|[fromitem]
|-start|p1a: Mitenbois|quarkdrivespe
|turn|5
|
|t:|1769341054
|move|p1a: Mitenbois|Dazzling Gleam|p2a: Dragonite
|-supereffective|p2a: Dragonite
|-damage|p2a: Dragonite|0 fnt
|faint|p2a: Dragonite
|
|upkeep
|
|t:|1769341060
|switch|p2a: Deoxys|Deoxys-Speed|100/100
|-damage|p2a: Deoxys|88/100|[from] Stealth Rock
|-ability|p2a: Deoxys|Pressure
|turn|6
|
|t:|1769341072
|move|p1a: Mitenbois|Sludge Wave|p2a: Deoxys
|-damage|p2a: Deoxys|32/100
|move|p2a: Deoxys|Psycho Boost|p1a: Mitenbois
|-supereffective|p1a: Mitenbois
|-damage|p1a: Mitenbois|0 fnt
|-unboost|p2a: Deoxys|spa|2
|faint|p1a: Mitenbois
|-end|p1a: Mitenbois|Quark Drive|[silent]
|
|upkeep
|
|t:|1769341076
|switch|p1a: Barbe Grise|Samurott-Hisui, M|100/100
|turn|7
|inactive|pogchimp970314 has 120 seconds left.
|
|t:|1769341111
|move|p1a: Barbe Grise|Sucker Punch||[still]
|-fail|p1a: Barbe Grise
|move|p2a: Deoxys|Light Screen|p2a: Deoxys
|-sidestart|p2: pogchimp970314|move: Light Screen
|
|upkeep
|turn|8
|
|t:|1769341115
|move|p2a: Deoxys|Taunt|p1a: Barbe Grise
|-start|p1a: Barbe Grise|move: Taunt
|move|p1a: Barbe Grise|Ceaseless Edge|p2a: Deoxys|[miss]
|-miss|p1a: Barbe Grise|p2a: Deoxys
|
|-sideend|p2: pogchimp970314|Reflect
|upkeep
|turn|9
|c|☆skywerk75002|o;g
|
|t:|1769341120
|move|p2a: Deoxys|Reflect|p2a: Deoxys
|-sidestart|p2: pogchimp970314|Reflect
|move|p1a: Barbe Grise|Ceaseless Edge|p2a: Deoxys|[miss]
|-miss|p1a: Barbe Grise|p2a: Deoxys
|
|upkeep
|turn|10
|c|☆skywerk75002|O;G
|c|☆pogchimp970314|wow
|c|☆skywerk75002|this is rigged
|c|☆pogchimp970314|that one didnt matter though
|c|☆pogchimp970314|i would have liked that one to connect actuall
|c|☆skywerk75002|2 spikes dont matter
|c|☆skywerk75002|ofc
|inactive|pogchimp970314 has 120 seconds left.
|c|☆skywerk75002|then click psycho boost
|
|t:|1769341154
|switch|p2a: Iron Valiant|Iron Valiant|100/100
|-damage|p2a: Iron Valiant|94/100|[from] Stealth Rock
|-enditem|p2a: Iron Valiant|Booster Energy
|-activate|p2a: Iron Valiant|ability: Quark Drive|[fromitem]
|-start|p2a: Iron Valiant|quarkdrivespe
|move|p1a: Barbe Grise|Ceaseless Edge|p2a: Iron Valiant
|-resisted|p2a: Iron Valiant
|-damage|p2a: Iron Valiant|85/100
|-sidestart|p2: pogchimp970314|Spikes
|
|-end|p1a: Barbe Grise|move: Taunt
|upkeep
|turn|11
|inactive|pogchimp970314 has 120 seconds left.
|
|t:|1769341183
|move|p2a: Iron Valiant|Moonblast|p1a: Barbe Grise
|-supereffective|p1a: Barbe Grise
|-damage|p1a: Barbe Grise|0 fnt
|faint|p1a: Barbe Grise
|
|upkeep
|
|t:|1769341190
|switch|p1a: EuroMillions|Gholdengo|100/100
|turn|12
|
|t:|1769341209
|move|p2a: Iron Valiant|Knock Off|p1a: EuroMillions
|-supereffective|p1a: EuroMillions
|-damage|p1a: EuroMillions|36/100
|-enditem|p1a: EuroMillions|Choice Scarf|[from] move: Knock Off|[of] p2a: Iron Valiant
|move|p1a: EuroMillions|Make It Rain|p2a: Iron Valiant
|-supereffective|p2a: Iron Valiant
|-damage|p2a: Iron Valiant|0 fnt
|-unboost|p1a: EuroMillions|spa|1
|faint|p2a: Iron Valiant
|-end|p2a: Iron Valiant|Quark Drive|[silent]
|
|upkeep
|
|t:|1769341217
|switch|p2a: Great Tusk|Great Tusk|100/100
|-damage|p2a: Great Tusk|97/100|[from] Stealth Rock
|-damage|p2a: Great Tusk|85/100|[from] Spikes
|-enditem|p2a: Great Tusk|Booster Energy
|-activate|p2a: Great Tusk|ability: Protosynthesis|[fromitem]
|-start|p2a: Great Tusk|protosynthesisspe
|turn|13
|
|t:|1769341226
|move|p2a: Great Tusk|Headlong Rush|p1a: EuroMillions
|-supereffective|p1a: EuroMillions
|-damage|p1a: EuroMillions|0 fnt
|-unboost|p2a: Great Tusk|def|1
|-unboost|p2a: Great Tusk|spd|1
|faint|p1a: EuroMillions
|
|upkeep
|
|t:|1769341234
|switch|p1a: Aristochatte|Meowscarada, F|100/100
|turn|14
|inactive|pogchimp970314 has 120 seconds left.
|
|t:|1769341247
|move|p1a: Aristochatte|Flower Trick|p2a: Great Tusk
|-start|p1a: Aristochatte|typechange|Grass|[from] ability: Protean
|-supereffective|p2a: Great Tusk
|-crit|p2a: Great Tusk
|-damage|p2a: Great Tusk|0 fnt
|faint|p2a: Great Tusk
|-end|p2a: Great Tusk|Protosynthesis|[silent]
|
|-sideend|p2: pogchimp970314|move: Light Screen
|upkeep
|
|t:|1769341254
|switch|p2a: Glimmora|Glimmora, F|100/100
|-damage|p2a: Glimmora|88/100|[from] Stealth Rock
|-damage|p2a: Glimmora|76/100|[from] Spikes
|turn|15
|inactive|pogchimp970314 has 120 seconds left.
|
|t:|1769341260
|move|p1a: Aristochatte|Flower Trick|p2a: Glimmora
|-crit|p2a: Glimmora
|-damage|p2a: Glimmora|11/100
|-activate|p2a: Glimmora|ability: Toxic Debris
|-sidestart|p1: skywerk75002|move: Toxic Spikes
|move|p2a: Glimmora|Mortal Spin|p1a: Aristochatte
|-supereffective|p1a: Aristochatte
|-damage|p1a: Aristochatte|83/100
|-status|p1a: Aristochatte|psn
|-sideend|p2: pogchimp970314|Spikes|[from] move: Mortal Spin|[of] p2a: Glimmora
|-sideend|p2: pogchimp970314|Stealth Rock|[from] move: Mortal Spin|[of] p2a: Glimmora
|
|-damage|p1a: Aristochatte|71/100 psn|[from] psn
|upkeep
|turn|16
|
|t:|1769341268
|move|p1a: Aristochatte|Flower Trick|p2a: Glimmora
|-crit|p2a: Glimmora
|-damage|p2a: Glimmora|0 fnt
|-activate|p2a: Glimmora|ability: Toxic Debris
|-sidestart|p1: skywerk75002|move: Toxic Spikes
|faint|p2a: Glimmora
|
|-damage|p1a: Aristochatte|59/100 psn|[from] psn
|-sideend|p2: pogchimp970314|Reflect
|upkeep
|
|t:|1769341271
|switch|p2a: Deoxys|Deoxys-Speed|32/100
|-ability|p2a: Deoxys|Pressure
|turn|17
|
|t:|1769341274
|move|p1a: Aristochatte|Flower Trick|p2a: Deoxys
|-crit|p2a: Deoxys
|-damage|p2a: Deoxys|0 fnt
|faint|p2a: Deoxys
|
|-damage|p1a: Aristochatte|47/100 psn|[from] psn
|upkeep
|
|t:|1769341276
|switch|p2a: Kingambit|Kingambit, M|100/100
|-activate|p2a: Kingambit|ability: Supreme Overlord
|-start|p2a: Kingambit|fallen5|[silent]
|turn|18
|
|t:|1769341280
|move|p1a: Aristochatte|Flower Trick|p2a: Kingambit
|-resisted|p2a: Kingambit
|-crit|p2a: Kingambit
|-damage|p2a: Kingambit|79/100
|move|p2a: Kingambit|Swords Dance|p2a: Kingambit
|-boost|p2a: Kingambit|atk|2
|
|-damage|p1a: Aristochatte|34/100 psn|[from] psn
|upkeep
|turn|19
|
|t:|1769341283
|move|p1a: Aristochatte|Flower Trick|p2a: Kingambit
|-resisted|p2a: Kingambit
|-crit|p2a: Kingambit
|-damage|p2a: Kingambit|57/100
|move|p2a: Kingambit|Iron Head|p1a: Aristochatte
|-damage|p1a: Aristochatte|0 fnt
|faint|p1a: Aristochatte
|
|upkeep
|
|t:|1769341288
|switch|p1a: Kaki Santana|Dragonite, M, shiny|100/100
|turn|20
|
|t:|1769341293
|-terastallize|p2a: Kingambit|Fighting
|move|p1a: Kaki Santana|Earthquake|p2a: Kingambit
|-damage|p2a: Kingambit|20/100
|move|p2a: Kingambit|Iron Head|p1a: Kaki Santana
|-damage|p1a: Kaki Santana|28/100
|
|upkeep
|turn|21
|
|t:|1769341297
|-terastallize|p1a: Kaki Santana|Normal
|move|p1a: Kaki Santana|Extreme Speed|p2a: Kingambit
|-damage|p2a: Kingambit|0 fnt
|faint|p2a: Kingambit
|-end|p2a: Kingambit|fallen5|[silent]
|
|win|skywerk75002
|raw|skywerk75002's rating: 1393 &rarr; <strong>1411</strong><br />(+18 for winning)
|raw|pogchimp970314's rating: 1351 &rarr; <strong>1333</strong><br />(-18 for losing)
|c|☆skywerk75002|gg
|c|☆pogchimp970314|gg
|l|☆skywerk75002
|player|p1|
|l|☆pogchimp970314
|player|p2|
