|j|☆pelli03
|j|☆Avv2121
|t:|1769392425
|gametype|singles
|player|p1|pelli03|backersf|1130
|player|p2|Avv2121|dragontamer|1216
|gen|9
|tier|[Gen 9] OU
|rated|
|rule|HP Percentage Mod: HP is shown in percentages
|rule|Endless Battle Clause: Forcing endless battles is banned
|rule|Species Clause: Limit one of each Pokémon
|rule|OHKO Clause: OHKO moves are banned
|rule|Evasion Items Clause: Evasion items are banned
|rule|Evasion Moves Clause: Evasion moves are banned
|rule|Evasion Abilities Clause: Evasion abilities are banned
|rule|Sleep Moves Clause: Sleep-inducing moves are banned
|clearpoke
|poke|p1|Primarina, M|
|poke|p1|Great Tusk|
|poke|p1|Kingambit, M|
|poke|p1|Slowking-Galar, M|
|poke|p1|Ogerpon, F|
|poke|p1|Enamorus, F|
|poke|p2|Dragapult, F|
|poke|p2|Garganacl, F|
|poke|p2|Persian-Alola, M|
|poke|p2|Sinistcha-Masterpiece|
|poke|p2|Great Tusk|
|poke|p2|Clefable, F|
|teampreview
|inactive|Battle timer is ON: inactive players will automatically lose when time's up. (requested by pelli03)
|inactive|pelli03 has 120 seconds left.
|
|t:|1769392459
|teamsize|p1|6
|teamsize|p2|6
|start
|switch|p1a: Primarina|Primarina, M|100/100
|switch|p2a: Persian|Persian-Alola, M|100/100
|turn|1
|
|t:|1769392464
|move|p2a: Persian|Thunder Wave|p1a: Primarina
|-status|p1a: Primarina|par
|move|p1a: Primarina|Psychic Noise|p2a: Persian
|-damage|p2a: Persian|37/100
|-start|p2a: Persian|move: Heal Block
|
|upkeep
|turn|2
|
|t:|1769392478
|move|p2a: Persian|Knock Off|p1a: Primarina
|-resisted|p1a: Primarina
|-damage|p1a: Primarina|84/100 par
|-enditem|p1a: Primarina|Leftovers|[from] move: Knock Off|[of] p2a: Persian
|move|p1a: Primarina|Psychic Noise|p2a: Persian
|-damage|p2a: Persian|0 fnt
|faint|p2a: Persian
|
|upkeep
|
|t:|1769392483
|switch|p2a: Clefable|Clefable, F|100/100
|turn|3
|
|t:|1769392485
|move|p2a: Clefable|Calm Mind|p2a: Clefable
|-boost|p2a: Clefable|spa|1
|-boost|p2a: Clefable|spd|1
|move|p1a: Primarina|Whirlpool|p2a: Clefable
|-damage|p2a: Clefable|88/100
|-activate|p2a: Clefable|move: Whirlpool|[of] p1a: Primarina
|
|upkeep
|turn|4
|
|t:|1769392488
|move|p2a: Clefable|Thunderbolt|p1a: Primarina
|-supereffective|p1a: Primarina
|-damage|p1a: Primarina|0 fnt
|faint|p1a: Primarina
|
|-end|p2a: Clefable|Whirlpool|[partiallytrapped]|[silent]
|upkeep
|
|t:|1769392494
|switch|p1a: Slowking|Slowking-Galar, M, shiny|100/100
|turn|5
|
|t:|1769392498
|move|p2a: Clefable|Moonblast|p1a: Slowking
|-resisted|p1a: Slowking
|-damage|p1a: Slowking|80/100
|move|p1a: Slowking|Sludge Bomb|p2a: Clefable
|-supereffective|p2a: Clefable
|-damage|p2a: Clefable|49/100
|
|upkeep
|turn|6
|
|t:|1769392503
|switch|p2a: Garganacl|Garganacl, F|100/100
|move|p1a: Slowking|Sludge Bomb|p2a: Garganacl
|-resisted|p2a: Garganacl
|-damage|p2a: Garganacl|84/100
|
|-heal|p2a: Garganacl|90/100|[from] item: Leftovers
|upkeep
|turn|7
|
|t:|1769392510
|switch|p1a: Enamorus|Enamorus, F|100/100
|move|p2a: Garganacl|Curse|p2a: Garganacl
|-unboost|p2a: Garganacl|spe|1
|-boost|p2a: Garganacl|atk|1
|-boost|p2a: Garganacl|def|1
|
|-heal|p2a: Garganacl|97/100|[from] item: Leftovers
|upkeep
|turn|8
|
|t:|1769392514
|move|p1a: Enamorus|Moonblast|p2a: Garganacl
|-damage|p2a: Garganacl|42/100
|move|p2a: Garganacl|Salt Cure|p1a: Enamorus
|-supereffective|p1a: Enamorus
|-damage|p1a: Enamorus|32/100
|-start|p1a: Enamorus|Salt Cure
|
|-heal|p2a: Garganacl|49/100|[from] item: Leftovers
|-damage|p1a: Enamorus|20/100|[from] Salt Cure
|upkeep
|turn|9
|
|t:|1769392517
|move|p2a: Garganacl|Protect|p2a: Garganacl
|-singleturn|p2a: Garganacl|Protect
|move|p1a: Enamorus|Moonblast|p2a: Garganacl
|-activate|p2a: Garganacl|move: Protect
|
|-heal|p2a: Garganacl|55/100|[from] item: Leftovers
|-damage|p1a: Enamorus|7/100|[from] Salt Cure
|upkeep
|turn|10
|
|t:|1769392520
|move|p1a: Enamorus|Moonblast|p2a: Garganacl
|-crit|p2a: Garganacl
|-damage|p2a: Garganacl|0 fnt
|faint|p2a: Garganacl
|
|-damage|p1a: Enamorus|0 fnt|[from] Salt Cure
|faint|p1a: Enamorus
|upkeep
|
|t:|1769392524
|switch|p1a: Slowking|Slowking-Galar, M, shiny|100/100
|switch|p2a: Dragapult|Dragapult, F|100/100
|turn|11
|
|t:|1769392530
|move|p2a: Dragapult|Will-O-Wisp|p1a: Slowking
|-status|p1a: Slowking|brn
|move|p1a: Slowking|Ice Beam|p2a: Dragapult
|-supereffective|p2a: Dragapult
|-damage|p2a: Dragapult|39/100
|-status|p2a: Dragapult|frz
|
|-damage|p1a: Slowking|94/100 brn|[from] brn
|upkeep
|turn|12
|
|t:|1769392534
|cant|p2a: Dragapult|frz
|move|p1a: Slowking|Ice Beam|p2a: Dragapult
|-supereffective|p2a: Dragapult
|-damage|p2a: Dragapult|0 fnt
|faint|p2a: Dragapult
|
|-damage|p1a: Slowking|88/100 brn|[from] brn
|upkeep
|
|t:|1769392538
|switch|p2a: Sinistcha|Sinistcha-Masterpiece|100/100
|turn|13
|
|t:|1769392544
|move|p2a: Sinistcha|Calm Mind|p2a: Sinistcha
|-boost|p2a: Sinistcha|spa|1
|-boost|p2a: Sinistcha|spd|1
|move|p1a: Slowking|Psychic Noise|p2a: Sinistcha
|-damage|p2a: Sinistcha|78/100
|-start|p2a: Sinistcha|move: Heal Block
|
|-damage|p1a: Slowking|82/100 brn|[from] brn
|upkeep
|turn|14
|
|t:|1769392548
|move|p2a: Sinistcha|Hex|p1a: Slowking
|-supereffective|p1a: Slowking
|-damage|p1a: Slowking|0 fnt
|faint|p1a: Slowking
|
|-end|p2a: Sinistcha|move: Heal Block
|upkeep
|
|t:|1769392558
|switch|p1a: Ogerpon|Ogerpon, F|100/100
|turn|15
|
|t:|1769392562
|move|p1a: Ogerpon|Knock Off|p2a: Sinistcha
|-supereffective|p2a: Sinistcha
|-damage|p2a: Sinistcha|0 fnt
|-enditem|p2a: Sinistcha|Heavy-Duty Boots|[from] move: Knock Off|[of] p1a: Ogerpon
|faint|p2a: Sinistcha
|
|upkeep
|
|t:|1769392565
|switch|p2a: Great Tusk|Great Tusk|100/100
|-enditem|p2a: Great Tusk|Booster Energy
|-activate|p2a: Great Tusk|ability: Protosynthesis|[fromitem]
|-start|p2a: Great Tusk|protosynthesisatk
|turn|16
|
|t:|1769392573
|switch|p1a: Great Tusk|Great Tusk|100/100
|move|p2a: Great Tusk|Rapid Spin|p1a: Great Tusk
|-damage|p1a: Great Tusk|83/100
|-boost|p2a: Great Tusk|spe|1
|-damage|p2a: Great Tusk|84/100|[from] item: Rocky Helmet|[of] p1a: Great Tusk
|
|upkeep
|turn|17
|
|t:|1769392577
|move|p2a: Great Tusk|Ice Spinner|p1a: Great Tusk
|-supereffective|p1a: Great Tusk
|-crit|p1a: Great Tusk
|-damage|p1a: Great Tusk|5/100
|-damage|p2a: Great Tusk|68/100|[from] item: Rocky Helmet|[of] p1a: Great Tusk
|move|p1a: Great Tusk|Ice Spinner|p2a: Great Tusk
|-supereffective|p2a: Great Tusk
|-damage|p2a: Great Tusk|29/100
|
|upkeep
|turn|18
|
|t:|1769392583
|move|p2a: Great Tusk|Ice Spinner|p1a: Great Tusk
|-supereffective|p1a: Great Tusk
|-damage|p1a: Great Tusk|0 fnt
|-damage|p2a: Great Tusk|12/100|[from] item: Rocky Helmet|[of] p1a: Great Tusk
|faint|p1a: Great Tusk
|-end|p1a: Great Tusk|Protosynthesis|[silent]
|
|upkeep
|
|t:|1769392586
|switch|p1a: Ogerpon|Ogerpon, F|100/100
|turn|19
|
|t:|1769392590
|move|p2a: Great Tusk|Ice Spinner|p1a: Ogerpon
|-supereffective|p1a: Ogerpon
|-damage|p1a: Ogerpon|3/100
|move|p1a: Ogerpon|Ivy Cudgel|p2a: Great Tusk
|-supereffective|p2a: Great Tusk
|-damage|p2a: Great Tusk|0 fnt
|faint|p2a: Great Tusk
|-end|p2a: Great Tusk|Protosynthesis|[silent]
|
|upkeep
|
|t:|1769392593
|switch|p2a: Clefable|Clefable, F|49/100
|turn|20
|
|t:|1769392597
|-terastallize|p2a: Clefable|Fire
|move|p1a: Ogerpon|Ivy Cudgel|p2a: Clefable
|-resisted|p2a: Clefable
|-damage|p2a: Clefable|10/100
|move|p2a: Clefable|Flamethrower|p1a: Ogerpon
|-supereffective|p1a: Ogerpon
|-damage|p1a: Ogerpon|0 fnt
|faint|p1a: Ogerpon
|
|upkeep
|
|t:|1769392599
|switch|p1a: Kingambit|Kingambit, M|100/100
|-activate|p1a: Kingambit|ability: Supreme Overlord
|-start|p1a: Kingambit|fallen5|[silent]
|turn|21
|
|t:|1769392606
|-terastallize|p1a: Kingambit|Ghost
|move|p2a: Clefable|Flamethrower|p1a: Kingambit
|-damage|p1a: Kingambit|50/100
|move|p1a: Kingambit|Iron Head|p2a: Clefable
|-resisted|p2a: Clefable
|-damage|p2a: Clefable|0 fnt
|faint|p2a: Clefable
|
|win|pelli03
|raw|pelli03's rating: 1130 &rarr; <strong>1161</strong><br />(+31 for winning)
|raw|Avv2121's rating: 1216 &rarr; <strong>1185</strong><br />(-31 for losing)
|l|☆Avv2121
|player|p2|
|l|☆pelli03
|player|p1|
