|j|☆RomanMawile
|j|☆famus123
|t:|1769355665
|gametype|singles
|player|p1|RomanMawile|will|1301
|player|p2|famus123|265|1349
|gen|9
|tier|[Gen 9] OU
|rated|
|rule|HP Percentage Mod: HP is shown in percentages
|rule|Endless Battle Clause: Forcing endless battles is banned
|rule|Species Clause: Limit one of each Pokémon
|rule|OHKO Clause: OHKO moves are banned
|rule|Evasion Items Clause: Evasion items are banned
|rule|Evasion Moves Clause: Evasion moves are banned
|rule|Evasion Abilities Clause: Evasion abilities are banned
|rule|Sleep Moves Clause: Sleep-inducing moves are banned
|clearpoke
|poke|p1|Floatzel, F|
|poke|p1|Iron Crown|
|poke|p1|Pelipper, F|
|poke|p1|Weezing-Galar, F|
|poke|p1|Toxicroak, F|
|poke|p1|Sinistcha-Masterpiece|
|poke|p2|Weavile, F|
|poke|p2|Pecharunt|
|poke|p2|Ting-Lu|
|poke|p2|Tinkaton, F|
|poke|p2|Keldeo-Resolute|
|poke|p2|Dragonite, F|
|teampreview
|inactive|Battle timer is ON: inactive players will automatically lose when time's up. (requested by RomanMawile)
|
|t:|1769355690
|teamsize|p1|6
|teamsize|p2|6
|start
|switch|p1a: Pelipper|Pelipper, F, shiny|100/100
|switch|p2a: Tinkaton|Tinkaton, F|100/100
|-item|p2a: Tinkaton|Air Balloon
|-weather|RainDance|[from] ability: Drizzle|[of] p1a: Pelipper
|turn|1
|
|t:|1769355697
|move|p2a: Tinkaton|Thunder Wave|p1a: Pelipper|[miss]
|-miss|p2a: Tinkaton|p1a: Pelipper
|move|p1a: Pelipper|U-turn|p2a: Tinkaton
|-resisted|p2a: Tinkaton
|-damage|p2a: Tinkaton|98/100
|-enditem|p2a: Tinkaton|Air Balloon
|-enditem|p1a: Pelipper|Damp Rock|[silent]|[from] ability: Pickpocket|[of] p1a: Pelipper
|-item|p2a: Tinkaton|Damp Rock|[from] ability: Pickpocket|[of] p1a: Pelipper
|
|t:|1769355701
|switch|p1a: Floatzel|Floatzel, F, shiny|100/100|[from] U-turn
|
|-weather|RainDance|[upkeep]
|upkeep
|turn|2
|
|t:|1769355706
|move|p1a: Floatzel|Wave Crash|p2a: Tinkaton
|-damage|p2a: Tinkaton|0 fnt
|faint|p2a: Tinkaton
|-damage|p1a: Floatzel|62/100|[from] Recoil
|
|-weather|RainDance|[upkeep]
|upkeep
|
|t:|1769355709
|switch|p2a: Keldeo|Keldeo-Resolute|100/100
|turn|3
|
|t:|1769355713
|switch|p1a: Toxicroak|Toxicroak, F, shiny|100/100
|move|p2a: Keldeo|Hydro Pump|p1a: Toxicroak
|-immune|p1a: Toxicroak|[from] ability: Dry Skin
|
|-weather|RainDance|[upkeep]
|upkeep
|turn|4
|
|t:|1769355718
|switch|p2a: Pecharunt|Pecharunt|100/100
|move|p1a: Toxicroak|Toxic|p2a: Pecharunt
|-immune|p2a: Pecharunt
|
|-weather|RainDance|[upkeep]
|upkeep
|turn|5
|
|t:|1769355721
|move|p1a: Toxicroak|Knock Off|p2a: Pecharunt
|-supereffective|p2a: Pecharunt
|-damage|p2a: Pecharunt|77/100
|-enditem|p2a: Pecharunt|Heavy-Duty Boots|[from] move: Knock Off|[of] p1a: Toxicroak
|move|p2a: Pecharunt|Parting Shot|p1a: Toxicroak
|-unboost|p1a: Toxicroak|atk|1
|-unboost|p1a: Toxicroak|spa|1
|
|t:|1769355725
|switch|p2a: Dragonite|Dragonite, F|100/100|[from] Parting Shot
|
|-weather|RainDance|[upkeep]
|upkeep
|turn|6
|
|t:|1769355729
|move|p1a: Toxicroak|Encore||[still]
|-fail|p1a: Toxicroak
|move|p2a: Dragonite|Hurricane|p1a: Toxicroak
|-supereffective|p1a: Toxicroak
|-damage|p1a: Toxicroak|0 fnt
|faint|p1a: Toxicroak
|
|-weather|RainDance|[upkeep]
|upkeep
|
|t:|1769355737
|switch|p1a: Pelipper|Pelipper, F, shiny|100/100
|turn|7
|
|t:|1769355744
|switch|p2a: Ting-Lu|Ting-Lu|100/100
|-ability|p2a: Ting-Lu|Vessel of Ruin
|move|p1a: Pelipper|U-turn|p2a: Ting-Lu
|-supereffective|p2a: Ting-Lu
|-damage|p2a: Ting-Lu|90/100
|-damage|p1a: Pelipper|84/100|[from] item: Rocky Helmet|[of] p2a: Ting-Lu
|
|t:|1769355748
|switch|p1a: Floatzel|Floatzel, F, shiny|62/100|[from] U-turn
|
|-weather|RainDance|[upkeep]
|upkeep
|turn|8
|
|t:|1769355762
|-terastallize|p2a: Ting-Lu|Water
|move|p1a: Floatzel|Ice Spinner|p2a: Ting-Lu
|-resisted|p2a: Ting-Lu
|-damage|p2a: Ting-Lu|81/100
|-damage|p1a: Floatzel|46/100|[from] item: Rocky Helmet|[of] p2a: Ting-Lu
|move|p2a: Ting-Lu|Earthquake|p1a: Floatzel
|-damage|p1a: Floatzel|0 fnt
|faint|p1a: Floatzel
|
|-weather|none
|upkeep
|
|t:|1769355765
|switch|p1a: Pelipper|Pelipper, F, shiny|84/100
|-weather|RainDance|[from] ability: Drizzle|[of] p1a: Pelipper
|turn|9
|
|t:|1769355771
|move|p1a: Pelipper|U-turn|p2a: Ting-Lu
|-damage|p2a: Ting-Lu|77/100
|-damage|p1a: Pelipper|68/100|[from] item: Rocky Helmet|[of] p2a: Ting-Lu
|
|t:|1769355774
|switch|p1a: Sinistcha|Sinistcha-Masterpiece, shiny|100/100|[from] U-turn
|move|p2a: Ting-Lu|Whirlwind|p1a: Sinistcha
|drag|p1a: Iron Crown|Iron Crown|100/100
|
|-weather|RainDance|[upkeep]
|upkeep
|turn|10
|
|t:|1769355779
|move|p1a: Iron Crown|Volt Switch|p2a: Ting-Lu
|-supereffective|p2a: Ting-Lu
|-damage|p2a: Ting-Lu|43/100
|
|t:|1769355783
|-end|p1a: Iron Crown|Quark Drive|[silent]
|switch|p1a: Sinistcha|Sinistcha-Masterpiece, shiny|100/100|[from] Volt Switch
|move|p2a: Ting-Lu|Spikes|p1a: Sinistcha
|-sidestart|p1: RomanMawile|Spikes
|
|-weather|RainDance|[upkeep]
|upkeep
|turn|11
|
|t:|1769355787
|move|p1a: Sinistcha|Matcha Gotcha|p2a: Ting-Lu
|-supereffective|p2a: Ting-Lu
|-damage|p2a: Ting-Lu|0 fnt
|faint|p2a: Ting-Lu
|
|-weather|RainDance|[upkeep]
|upkeep
|
|t:|1769355800
|switch|p2a: Pecharunt|Pecharunt|77/100
|turn|12
|
|t:|1769355805
|move|p2a: Pecharunt|Parting Shot|p1a: Sinistcha
|-unboost|p1a: Sinistcha|atk|1
|-unboost|p1a: Sinistcha|spa|1
|
|t:|1769355809
|switch|p2a: Weavile|Weavile, F|100/100|[from] Parting Shot
|-ability|p2a: Weavile|Pressure
|move|p1a: Sinistcha|Shadow Ball|p2a: Weavile
|-resisted|p2a: Weavile
|-damage|p2a: Weavile|81/100
|-unboost|p2a: Weavile|spd|1
|
|-weather|RainDance|[upkeep]
|upkeep
|turn|13
|
|t:|1769355826
|switch|p2a: Pecharunt|Pecharunt|77/100
|switch|p1a: Weezing|Weezing-Galar, F, shiny|100/100
|-ability|p1a: Weezing|Neutralizing Gas
|
|-weather|none
|upkeep
|turn|14
|
|t:|1769355836
|-end|p1a: Weezing|ability: Neutralizing Gas
|switch|p1a: Pelipper|Pelipper, F, shiny|68/100
|-weather|RainDance|[from] ability: Drizzle|[of] p1a: Pelipper
|move|p2a: Pecharunt|Malignant Chain|p1a: Pelipper
|-damage|p1a: Pelipper|27/100
|-status|p1a: Pelipper|tox
|-start|p1a: Pelipper|confusion|[from] ability: Poison Puppeteer|[of] p2a: Pecharunt
|
|-weather|RainDance|[upkeep]
|-damage|p1a: Pelipper|21/100 tox|[from] psn
|upkeep
|turn|15
|
|t:|1769355839
|move|p2a: Pecharunt|Hex|p1a: Pelipper
|-damage|p1a: Pelipper|0 fnt
|faint|p1a: Pelipper
|
|-weather|RainDance|[upkeep]
|upkeep
|
|t:|1769355843
|switch|p1a: Iron Crown|Iron Crown|100/100
|-damage|p1a: Iron Crown|88/100|[from] Spikes
|turn|16
|
|t:|1769355851
|move|p1a: Iron Crown|Volt Switch|p2a: Pecharunt
|-damage|p2a: Pecharunt|44/100
|
|t:|1769355855
|-end|p1a: Iron Crown|Quark Drive|[silent]
|switch|p1a: Weezing|Weezing-Galar, F, shiny|100/100|[from] Volt Switch
|-ability|p1a: Weezing|Neutralizing Gas
|move|p2a: Pecharunt|Parting Shot|p1a: Weezing
|-unboost|p1a: Weezing|atk|1
|-unboost|p1a: Weezing|spa|1
|
|t:|1769355860
|switch|p2a: Keldeo|Keldeo-Resolute|100/100|[from] Parting Shot
|
|-weather|RainDance|[upkeep]
|upkeep
|turn|17
|
|t:|1769355865
|move|p2a: Keldeo|Hydro Pump|p1a: Weezing
|-damage|p1a: Weezing|26/100
|move|p1a: Weezing|Strange Steam|p2a: Keldeo
|-supereffective|p2a: Keldeo
|-damage|p2a: Keldeo|61/100
|
|-weather|RainDance|[upkeep]
|upkeep
|turn|18
|
|t:|1769355870
|-end|p1a: Weezing|ability: Neutralizing Gas
|switch|p1a: Sinistcha|Sinistcha-Masterpiece, shiny|100/100
|-damage|p1a: Sinistcha|88/100|[from] Spikes
|move|p2a: Keldeo|Hydro Pump|p1a: Sinistcha
|-resisted|p1a: Sinistcha
|-damage|p1a: Sinistcha|36/100
|
|-weather|none
|-heal|p1a: Sinistcha|42/100|[from] item: Leftovers
|upkeep
|turn|19
|
|t:|1769355880
|move|p2a: Keldeo|Flip Turn|p1a: Sinistcha
|-resisted|p1a: Sinistcha
|-damage|p1a: Sinistcha|36/100
|
|t:|1769355882
|switch|p2a: Pecharunt|Pecharunt|44/100|[from] Flip Turn
|move|p1a: Sinistcha|Matcha Gotcha|p2a: Pecharunt
|-resisted|p2a: Pecharunt
|-damage|p2a: Pecharunt|24/100
|-heal|p1a: Sinistcha|47/100|[from] drain|[of] p2a: Pecharunt
|-status|p2a: Pecharunt|brn
|
|-heal|p1a: Sinistcha|53/100|[from] item: Leftovers
|-damage|p2a: Pecharunt|18/100 brn|[from] brn
|upkeep
|turn|20
|
|t:|1769355890
|switch|p1a: Iron Crown|Iron Crown|88/100
|-damage|p1a: Iron Crown|76/100|[from] Spikes
|move|p2a: Pecharunt|Parting Shot|p1a: Iron Crown
|-unboost|p1a: Iron Crown|atk|1
|-unboost|p1a: Iron Crown|spa|1
|
|t:|1769355901
|switch|p2a: Dragonite|Dragonite, F|100/100|[from] Parting Shot
|
|upkeep
|turn|21
|
|t:|1769355908
|move|p1a: Iron Crown|Tachyon Cutter|p2a: Dragonite
|-damage|p2a: Dragonite|90/100
|-damage|p2a: Dragonite|67/100
|-hitcount|p2a: Dragonite|2
|move|p2a: Dragonite|Earthquake|p1a: Iron Crown
|-supereffective|p1a: Iron Crown
|-damage|p1a: Iron Crown|0 fnt
|faint|p1a: Iron Crown
|-end|p1a: Iron Crown|Quark Drive|[silent]
|
|upkeep
|-message|RomanMawile forfeited.
|
|win|famus123
|raw|RomanMawile's rating: 1301 &rarr; <strong>1284</strong><br />(-17 for losing)
|raw|famus123's rating: 1349 &rarr; <strong>1366</strong><br />(+17 for winning)
|l|☆RomanMawile
|player|p1|
