|j|☆cospway
|j|☆jibreel69
|t:|1769430871
|gametype|singles
|player|p1|cospway|iris-gen5bw2|1589
|player|p2|jibreel69|depotagent|1548
|gen|9
|tier|[Gen 9] OU
|rated|
|rule|HP Percentage Mod: HP is shown in percentages
|rule|Endless Battle Clause: Forcing endless battles is banned
|rule|Species Clause: Limit one of each Pokémon
|rule|OHKO Clause: OHKO moves are banned
|rule|Evasion Items Clause: Evasion items are banned
|rule|Evasion Moves Clause: Evasion moves are banned
|rule|Evasion Abilities Clause: Evasion abilities are banned
|rule|Sleep Moves Clause: Sleep-inducing moves are banned
|clearpoke
|poke|p1|Cresselia, F|
|poke|p1|Mew|
|poke|p1|Kingambit, F|
|poke|p1|Azumarill, F|
|poke|p1|Gholdengo|
|poke|p1|Hoopa-Unbound|
|poke|p2|Ogerpon-Wellspring, F|
|poke|p2|Kyurem|
|poke|p2|Zapdos|
|poke|p2|Great Tusk|
|poke|p2|Kingambit, M|
|poke|p2|Slowking-Galar, F|
|teampreview
|inactive|Battle timer is ON: inactive players will automatically lose when time's up. (requested by cospway)
|
|t:|1769430897
|teamsize|p1|6
|teamsize|p2|6
|start
|switch|p1a: Mew|Mew, shiny|100/100
|switch|p2a: Ogerpon|Ogerpon-Wellspring, F|100/100
|turn|1
|
|t:|1769430907
|switch|p2a: Kyurem|Kyurem|100/100
|-ability|p2a: Kyurem|Pressure
|move|p1a: Mew|Trick Room|p1a: Mew
|-fieldstart|move: Trick Room|[of] p1a: Mew
|
|upkeep
|turn|2
|
|t:|1769430919
|move|p1a: Mew|Stealth Rock|p2a: Kyurem
|-sidestart|p2: jibreel69|move: Stealth Rock
|move|p2a: Kyurem|Earth Power|p1a: Mew
|-damage|p1a: Mew|70/100
|
|upkeep
|turn|3
|
|t:|1769430926
|move|p1a: Mew|Taunt|p2a: Kyurem
|-start|p2a: Kyurem|move: Taunt
|move|p2a: Kyurem|Earth Power|p1a: Mew
|-damage|p1a: Mew|39/100
|
|upkeep
|turn|4
|
|t:|1769430935
|switch|p2a: Slowking|Slowking-Galar, F|100/100
|move|p1a: Mew|Knock Off|p2a: Slowking
|-supereffective|p2a: Slowking
|-damage|p2a: Slowking|56/100
|-enditem|p2a: Slowking|Heavy-Duty Boots|[from] move: Knock Off|[of] p1a: Mew
|
|upkeep
|turn|5
|
|t:|1769430943
|-prepare|p2a: Slowking|Chilly Reception|[premajor]
|move|p2a: Slowking|Chilly Reception|p2a: Slowking
|-weather|Snowscape
|
|t:|1769430950
|switch|p2a: Ogerpon|Ogerpon-Wellspring, F|100/100|[from] Chilly Reception
|-damage|p2a: Ogerpon|88/100|[from] Stealth Rock
|move|p1a: Mew|Knock Off|p2a: Ogerpon
|-damage|p2a: Ogerpon|70/100
|
|-weather|Snowscape|[upkeep]
|-fieldend|move: Trick Room
|upkeep
|turn|6
|
|t:|1769430959
|move|p2a: Ogerpon|Ivy Cudgel|p1a: Mew|[anim] Ivy Cudgel Water
|-damage|p1a: Mew|0 fnt
|faint|p1a: Mew
|
|-weather|Snowscape|[upkeep]
|upkeep
|
|t:|1769430969
|switch|p1a: Gholdengo|Gholdengo|100/100
|turn|7
|
|t:|1769430976
|move|p2a: Ogerpon|Swords Dance|p2a: Ogerpon
|-boost|p2a: Ogerpon|atk|2
|move|p1a: Gholdengo|Shadow Ball|p2a: Ogerpon
|-damage|p2a: Ogerpon|0 fnt
|faint|p2a: Ogerpon
|
|-weather|Snowscape|[upkeep]
|upkeep
|
|t:|1769430999
|switch|p2a: Kingambit|Kingambit, M|100/100
|-damage|p2a: Kingambit|94/100|[from] Stealth Rock
|-activate|p2a: Kingambit|ability: Supreme Overlord
|-start|p2a: Kingambit|fallen1|[silent]
|turn|8
|
|t:|1769431011
|switch|p1a: Kingambit|Kingambit, F, shiny|100/100
|-activate|p1a: Kingambit|ability: Supreme Overlord
|-start|p1a: Kingambit|fallen1|[silent]
|move|p2a: Kingambit|Swords Dance|p2a: Kingambit
|-boost|p2a: Kingambit|atk|2
|
|-weather|Snowscape|[upkeep]
|-heal|p2a: Kingambit|100/100|[from] item: Leftovers
|upkeep
|turn|9
|
|t:|1769431022
|move|p2a: Kingambit|Low Kick|p1a: Kingambit
|-supereffective|p1a: Kingambit
|-damage|p1a: Kingambit|0 fnt
|faint|p1a: Kingambit
|-end|p1a: Kingambit|fallen1|[silent]
|
|-weather|none
|upkeep
|
|t:|1769431039
|switch|p1a: Hoopa|Hoopa-Unbound|100/100
|turn|10
|
|t:|1769431054
|-terastallize|p2a: Kingambit|Fairy
|move|p1a: Hoopa|Drain Punch|p2a: Kingambit
|-resisted|p2a: Kingambit
|-damage|p2a: Kingambit|88/100
|move|p2a: Kingambit|Kowtow Cleave|p1a: Hoopa
|-damage|p1a: Hoopa|0 fnt
|faint|p1a: Hoopa
|
|-heal|p2a: Kingambit|94/100|[from] item: Leftovers
|upkeep
|
|t:|1769431065
|switch|p1a: Gholdengo|Gholdengo|100/100
|turn|11
|
|t:|1769431070
|-end|p2a: Kingambit|fallen1|[silent]
|switch|p2a: Zapdos|Zapdos|100/100
|move|p1a: Gholdengo|Make It Rain|p2a: Zapdos
|-resisted|p2a: Zapdos
|-damage|p2a: Zapdos|54/100
|-unboost|p1a: Gholdengo|spa|1
|
|upkeep
|turn|12
|
|t:|1769431081
|switch|p1a: Cresselia|Cresselia, F, shiny|100/100
|move|p2a: Zapdos|U-turn|p1a: Cresselia
|-supereffective|p1a: Cresselia
|-damage|p1a: Cresselia|85/100
|
|t:|1769431087
|switch|p2a: Kingambit|Kingambit, M, tera:Fairy|94/100|[from] U-turn
|-damage|p2a: Kingambit|82/100|[from] Stealth Rock
|-activate|p2a: Kingambit|ability: Supreme Overlord
|-start|p2a: Kingambit|fallen1|[silent]
|
|-heal|p2a: Kingambit|88/100|[from] item: Leftovers
|upkeep
|turn|13
|
|t:|1769431096
|move|p2a: Kingambit|Swords Dance|p2a: Kingambit
|-boost|p2a: Kingambit|atk|2
|move|p1a: Cresselia|Trick Room|p1a: Cresselia
|-fieldstart|move: Trick Room|[of] p1a: Cresselia
|
|-heal|p2a: Kingambit|94/100|[from] item: Leftovers
|upkeep
|turn|14
|
|t:|1769431110
|switch|p1a: Azumarill|Azumarill, F, shiny|100/100
|move|p2a: Kingambit|Kowtow Cleave|p1a: Azumarill
|-resisted|p1a: Azumarill
|-damage|p1a: Azumarill|45/100
|
|-heal|p2a: Kingambit|100/100|[from] item: Leftovers
|upkeep
|turn|15
|
|t:|1769431133
|move|p1a: Azumarill|Play Rough|p2a: Kingambit
|-damage|p2a: Kingambit|41/100
|move|p2a: Kingambit|Kowtow Cleave|p1a: Azumarill
|-resisted|p1a: Azumarill
|-damage|p1a: Azumarill|0 fnt
|faint|p1a: Azumarill
|
|-heal|p2a: Kingambit|47/100|[from] item: Leftovers
|upkeep
|-message|cospway forfeited.
|
|win|jibreel69
|raw|cospway's rating: 1589 &rarr; <strong>1567</strong><br />(-22 for losing)
|raw|jibreel69's rating: 1548 &rarr; <strong>1570</strong><br />(+22 for winning)
|l|☆cospway
|player|p1|
