|j|☆Mamiya_Yumehisa
|j|☆Chigusa_24zono
|t:|1769348437
|gametype|singles
|player|p1|Mamiya_Yumehisa|leaf-masters|1683
|player|p2|Chigusa_24zono|lass|1616
|gen|9
|tier|[Gen 9] OU
|rated|
|rule|HP Percentage Mod: HP is shown in percentages
|rule|Endless Battle Clause: Forcing endless battles is banned
|rule|Species Clause: Limit one of each Pokémon
|rule|OHKO Clause: OHKO moves are banned
|rule|Evasion Items Clause: Evasion items are banned
|rule|Evasion Moves Clause: Evasion moves are banned
|rule|Evasion Abilities Clause: Evasion abilities are banned
|rule|Sleep Moves Clause: Sleep-inducing moves are banned
|clearpoke
|poke|p1|Samurott-Hisui, F|
|poke|p1|Sinistcha|
|poke|p1|Ting-Lu|
|poke|p1|Slowking-Galar, F|
|poke|p1|Dragonite, M|
|poke|p1|Iron Valiant|
|poke|p2|Iron Jugulis|
|poke|p2|Sandy Shocks|
|poke|p2|Manaphy|
|poke|p2|Latios, M|
|poke|p2|Scizor, F|
|poke|p2|Ogerpon, F|
|teampreview
|inactive|Battle timer is ON: inactive players will automatically lose when time's up. (requested by Mamiya_Yumehisa)
|
|t:|1769348445
|teamsize|p1|6
|teamsize|p2|6
|start
|switch|p1a: Samurott|Samurott-Hisui, F|100/100
|switch|p2a: Sandy Shocks|Sandy Shocks, shiny|100/100
|-enditem|p2a: Sandy Shocks|Booster Energy
|-activate|p2a: Sandy Shocks|ability: Protosynthesis|[fromitem]
|-start|p2a: Sandy Shocks|protosynthesisspe
|turn|1
|
|t:|1769348451
|move|p2a: Sandy Shocks|Discharge|p1a: Samurott
|-supereffective|p1a: Samurott
|-enditem|p1a: Samurott|Focus Sash
|-damage|p1a: Samurott|1/100
|move|p1a: Samurott|Ceaseless Edge|p2a: Sandy Shocks
|-damage|p2a: Sandy Shocks|50/100
|-sidestart|p2: Chigusa_24zono|Spikes
|
|upkeep
|turn|2
|
|t:|1769348460
|move|p1a: Samurott|Aqua Jet|p2a: Sandy Shocks
|-supereffective|p2a: Sandy Shocks
|-damage|p2a: Sandy Shocks|7/100
|move|p2a: Sandy Shocks|Earth Power|p1a: Samurott
|-damage|p1a: Samurott|0 fnt
|faint|p1a: Samurott
|
|upkeep
|
|t:|1769348471
|switch|p1a: Dragonite|Dragonite, M|100/100
|turn|3
|
|t:|1769348482
|-terastallize|p2a: Sandy Shocks|Ghost
|move|p1a: Dragonite|Extreme Speed|p2a: Sandy Shocks
|-immune|p2a: Sandy Shocks
|move|p2a: Sandy Shocks|Discharge|p1a: Dragonite
|-damage|p1a: Dragonite|83/100
|-status|p1a: Dragonite|par
|
|upkeep
|turn|4
|
|t:|1769348493
|move|p2a: Sandy Shocks|Discharge|p1a: Dragonite
|-damage|p1a: Dragonite|47/100 par
|cant|p1a: Dragonite|par
|
|upkeep
|turn|5
|
|t:|1769348504
|move|p2a: Sandy Shocks|Discharge|p1a: Dragonite
|-damage|p1a: Dragonite|12/100 par
|move|p1a: Dragonite|Earthquake|p2a: Sandy Shocks
|-damage|p2a: Sandy Shocks|0 fnt
|faint|p2a: Sandy Shocks
|-end|p2a: Sandy Shocks|Protosynthesis|[silent]
|
|upkeep
|
|t:|1769348513
|switch|p2a: Ogerpon|Ogerpon, F|100/100
|-damage|p2a: Ogerpon|88/100|[from] Spikes
|turn|6
|
|t:|1769348521
|cant|p1a: Dragonite|par
|move|p2a: Ogerpon|Rock Tomb|p1a: Dragonite
|-supereffective|p1a: Dragonite
|-damage|p1a: Dragonite|0 fnt
|faint|p1a: Dragonite
|-damage|p2a: Ogerpon|78/100|[from] item: Life Orb
|
|upkeep
|c|☆Mamiya_Yumehisa|...
|inactive|Mamiya_Yumehisa has 120 seconds left.
|inactive|Mamiya_Yumehisa has 90 seconds left.
|
|t:|1769348603
|switch|p1a: Sinistcha|Sinistcha|100/100
|turn|7
|
|t:|1769348612
|switch|p2a: Iron Jugulis|Iron Jugulis, shiny|100/100
|-enditem|p2a: Iron Jugulis|Booster Energy
|-activate|p2a: Iron Jugulis|ability: Quark Drive|[fromitem]
|-start|p2a: Iron Jugulis|quarkdrivespe
|move|p1a: Sinistcha|Strength Sap|p2a: Iron Jugulis
|-unboost|p2a: Iron Jugulis|atk|1
|
|upkeep
|turn|8
|
|t:|1769348624
|-end|p2a: Iron Jugulis|Quark Drive|[silent]
|switch|p2a: Ogerpon|Ogerpon, F|78/100
|-damage|p2a: Ogerpon|66/100|[from] Spikes
|switch|p1a: Ting-Lu|Ting-Lu|100/100
|-ability|p1a: Ting-Lu|Vessel of Ruin
|
|upkeep
|turn|9
|inactive|Mamiya_Yumehisa has 90 seconds left.
|
|t:|1769348632
|switch|p1a: Iron Valiant|Iron Valiant|100/100
|-enditem|p1a: Iron Valiant|Booster Energy
|-activate|p1a: Iron Valiant|ability: Quark Drive|[fromitem]
|-start|p1a: Iron Valiant|quarkdrivespe
|move|p2a: Ogerpon|Swords Dance|p2a: Ogerpon
|-boost|p2a: Ogerpon|atk|2
|
|upkeep
|turn|10
|inactive|Mamiya_Yumehisa has 90 seconds left.
|
|t:|1769348664
|switch|p2a: Scizor|Scizor, F, shiny|100/100
|-damage|p2a: Scizor|88/100|[from] Spikes
|move|p1a: Iron Valiant|Encore||[still]
|-fail|p1a: Iron Valiant
|
|upkeep
|turn|11
|
|t:|1769348672
|-end|p1a: Iron Valiant|Quark Drive|[silent]
|switch|p1a: Sinistcha|Sinistcha|100/100
|move|p2a: Scizor|Swords Dance|p2a: Scizor
|-boost|p2a: Scizor|atk|2
|
|upkeep
|turn|12
|
|t:|1769348683
|move|p1a: Sinistcha|Shadow Ball|p2a: Scizor
|-damage|p2a: Scizor|48/100
|-unboost|p2a: Scizor|spd|1
|-enditem|p2a: Scizor|Sitrus Berry|[eat]
|-heal|p2a: Scizor|73/100|[from] item: Sitrus Berry
|move|p2a: Scizor|Knock Off|p1a: Sinistcha
|-supereffective|p1a: Sinistcha
|-damage|p1a: Sinistcha|0 fnt
|-enditem|p1a: Sinistcha|Heavy-Duty Boots|[from] move: Knock Off|[of] p2a: Scizor
|faint|p1a: Sinistcha
|
|upkeep
|
|t:|1769348696
|switch|p1a: Ting-Lu|Ting-Lu|100/100
|-ability|p1a: Ting-Lu|Vessel of Ruin
|turn|13
|
|t:|1769348702
|move|p2a: Scizor|Close Combat|p1a: Ting-Lu
|-supereffective|p1a: Ting-Lu
|-damage|p1a: Ting-Lu|0 fnt
|-unboost|p2a: Scizor|def|1
|-unboost|p2a: Scizor|spd|1
|faint|p1a: Ting-Lu
|
|upkeep
|-message|Mamiya_Yumehisa forfeited.
|
|win|Chigusa_24zono
|raw|Mamiya_Yumehisa's rating: 1683 &rarr; <strong>1659</strong><br />(-24 for losing)
|raw|Chigusa_24zono's rating: 1616 &rarr; <strong>1640</strong><br />(+24 for winning)
|l|☆Mamiya_Yumehisa
|player|p1|
