|j|☆kiriiii4
|j|☆averagealt99
|t:|1769362929
|gametype|singles
|player|p1|kiriiii4|medium|1260
|player|p2|averagealt99|acetrainerf-gen4dp|1193
|gen|9
|tier|[Gen 9] OU
|rated|
|rule|HP Percentage Mod: HP is shown in percentages
|rule|Endless Battle Clause: Forcing endless battles is banned
|rule|Species Clause: Limit one of each Pokémon
|rule|OHKO Clause: OHKO moves are banned
|rule|Evasion Items Clause: Evasion items are banned
|rule|Evasion Moves Clause: Evasion moves are banned
|rule|Evasion Abilities Clause: Evasion abilities are banned
|rule|Sleep Moves Clause: Sleep-inducing moves are banned
|clearpoke
|poke|p1|Enamorus, F|
|poke|p1|Dragonite, F|
|poke|p1|Kingambit, F|
|poke|p1|Slowking-Galar, F|
|poke|p1|Zamazenta-*|
|poke|p1|Great Tusk|
|poke|p2|Pelipper, F|
|poke|p2|Samurott-Hisui, M|
|poke|p2|Hatterene, F|
|poke|p2|Poliwrath, F|
|poke|p2|Dragalge, M|
|poke|p2|Thundurus-Therian, M|
|teampreview
|
|t:|1769362942
|teamsize|p1|6
|teamsize|p2|6
|start
|switch|p1a: Zamazenta|Zamazenta|100/100
|switch|p2a: Dragalge|Dragalge, M, shiny|100/100
|-ability|p1a: Zamazenta|Dauntless Shield|boost
|-boost|p1a: Zamazenta|def|1
|turn|1
|
|t:|1769362948
|move|p1a: Zamazenta|Substitute|p1a: Zamazenta
|-start|p1a: Zamazenta|Substitute
|-damage|p1a: Zamazenta|76/100
|move|p2a: Dragalge|Sludge Bomb|p1a: Zamazenta
|-end|p1a: Zamazenta|Substitute
|
|-heal|p1a: Zamazenta|82/100|[from] item: Leftovers
|upkeep
|turn|2
|
|t:|1769362960
|switch|p1a: Slowking|Slowking-Galar, F|100/100
|move|p2a: Dragalge|Thunderbolt|p1a: Slowking
|-damage|p1a: Slowking|85/100
|
|upkeep
|turn|3
|
|t:|1769362964
|move|p2a: Dragalge|Flip Turn|p1a: Slowking
|-damage|p1a: Slowking|75/100
|
|t:|1769362966
|switch|p2a: Samurott|Samurott-Hisui, M|100/100|[from] Flip Turn
|move|p1a: Slowking|Future Sight|p2a: Samurott
|-start|p1a: Slowking|move: Future Sight
|
|upkeep
|turn|4
|
|t:|1769362981
|switch|p1a: Zamazenta|Zamazenta|82/100
|move|p2a: Samurott|Knock Off|p1a: Zamazenta
|-resisted|p1a: Zamazenta
|-damage|p1a: Zamazenta|69/100
|-enditem|p1a: Zamazenta|Leftovers|[from] move: Knock Off|[of] p2a: Samurott
|
|upkeep
|turn|5
|inactive|Battle timer is ON: inactive players will automatically lose when time's up. (requested by kiriiii4)
|
|t:|1769362991
|switch|p2a: Hatterene|Hatterene, F|100/100
|move|p1a: Zamazenta|Body Press|p2a: Hatterene
|-resisted|p2a: Hatterene
|-damage|p2a: Hatterene|91/100
|-damage|p1a: Zamazenta|53/100|[from] item: Rocky Helmet|[of] p2a: Hatterene
|
|-end|p2a: Hatterene|move: Future Sight
|-resisted|p2a: Hatterene
|-damage|p2a: Hatterene|70/100
|upkeep
|turn|6
|
|t:|1769363005
|switch|p1a: Slowking|Slowking-Galar, F|100/100
|move|p2a: Hatterene|Future Sight|p1a: Slowking
|-start|p2a: Hatterene|move: Future Sight
|
|upkeep
|turn|7
|
|t:|1769363013
|switch|p2a: Samurott|Samurott-Hisui, M|100/100
|move|p1a: Slowking|Sludge Bomb|p2a: Samurott
|-damage|p2a: Samurott|70/100
|
|upkeep
|turn|8
|
|t:|1769363023
|move|p2a: Samurott|Ceaseless Edge|p1a: Slowking|[miss]
|-miss|p2a: Samurott|p1a: Slowking
|-prepare|p1a: Slowking|Chilly Reception|[premajor]
|move|p1a: Slowking|Chilly Reception|p1a: Slowking
|-weather|Snowscape
|
|t:|1769363026
|switch|p1a: Enamorus|Enamorus, F|100/100|[from] Chilly Reception
|
|-weather|Snowscape|[upkeep]
|-end|p1a: Enamorus|move: Future Sight
|-damage|p1a: Enamorus|21/100
|upkeep
|turn|9
|
|t:|1769363053
|-terastallize|p2a: Samurott|Poison
|move|p1a: Enamorus|Moonblast|p2a: Samurott
|-resisted|p2a: Samurott
|-damage|p2a: Samurott|37/100
|move|p2a: Samurott|Ceaseless Edge|p1a: Enamorus
|-resisted|p1a: Enamorus
|-damage|p1a: Enamorus|0 fnt
|-sidestart|p1: kiriiii4|Spikes
|faint|p1a: Enamorus
|
|-weather|Snowscape|[upkeep]
|upkeep
|
|t:|1769363062
|switch|p1a: Great Tusk|Great Tusk|100/100
|-damage|p1a: Great Tusk|88/100|[from] Spikes
|turn|10
|
|t:|1769363066
|switch|p2a: Hatterene|Hatterene, F|70/100
|move|p1a: Great Tusk|Rapid Spin|p2a: Hatterene
|-damage|p2a: Hatterene|57/100
|-boost|p1a: Great Tusk|spe|1
|-damage|p1a: Great Tusk|72/100|[from] item: Rocky Helmet|[of] p2a: Hatterene
|-sideend|p1: kiriiii4|Spikes|[from] move: Rapid Spin|[of] p1a: Great Tusk
|
|-weather|Snowscape|[upkeep]
|-heal|p1a: Great Tusk|78/100|[from] item: Leftovers
|upkeep
|turn|11
|
|t:|1769363089
|-end|p1a: Great Tusk|Protosynthesis|[silent]
|switch|p1a: Slowking|Slowking-Galar, F|100/100
|move|p2a: Hatterene|Dazzling Gleam|p1a: Slowking
|-resisted|p1a: Slowking
|-damage|p1a: Slowking|90/100
|
|-weather|Snowscape|[upkeep]
|upkeep
|turn|12
|
|t:|1769363099
|switch|p2a: Samurott|Samurott-Hisui, M, tera:Poison|37/100
|move|p1a: Slowking|Future Sight|p2a: Samurott
|-start|p1a: Slowking|move: Future Sight
|
|-weather|none
|upkeep
|turn|13
|
|t:|1769363107
|move|p2a: Samurott|Aqua Cutter|p1a: Slowking
|-damage|p1a: Slowking|48/100
|-prepare|p1a: Slowking|Chilly Reception|[premajor]
|move|p1a: Slowking|Chilly Reception|p1a: Slowking
|-weather|Snowscape
|
|t:|1769363120
|switch|p1a: Dragonite|Dragonite, F|100/100|[from] Chilly Reception
|
|-weather|Snowscape|[upkeep]
|upkeep
|turn|14
|
|t:|1769363130
|move|p2a: Samurott|Knock Off|p1a: Dragonite
|-damage|p1a: Dragonite|82/100
|-enditem|p1a: Dragonite|Heavy-Duty Boots|[from] move: Knock Off|[of] p2a: Samurott
|move|p1a: Dragonite|Dragon Dance|p1a: Dragonite
|-boost|p1a: Dragonite|atk|1
|-boost|p1a: Dragonite|spe|1
|
|-weather|Snowscape|[upkeep]
|-end|p2a: Samurott|move: Future Sight
|-supereffective|p2a: Samurott
|-damage|p2a: Samurott|0 fnt
|faint|p2a: Samurott
|upkeep
|
|t:|1769363135
|switch|p2a: Thundurus|Thundurus-Therian, M|100/100
|turn|15
|
|t:|1769363142
|move|p1a: Dragonite|Extreme Speed|p2a: Thundurus
|-damage|p2a: Thundurus|34/100
|move|p2a: Thundurus|Weather Ball|p1a: Dragonite
|-supereffective|p1a: Dragonite
|-damage|p1a: Dragonite|0 fnt
|faint|p1a: Dragonite
|
|-weather|Snowscape|[upkeep]
|upkeep
|
|t:|1769363160
|switch|p1a: Slowking|Slowking-Galar, F|82/100
|turn|16
|
|t:|1769363170
|switch|p2a: Pelipper|Pelipper, F|100/100
|-weather|RainDance|[from] ability: Drizzle|[of] p2a: Pelipper
|move|p1a: Slowking|Sludge Bomb|p2a: Pelipper
|-damage|p2a: Pelipper|63/100
|
|-weather|RainDance|[upkeep]
|upkeep
|turn|17
|
|t:|1769363179
|move|p2a: Pelipper|U-turn|p1a: Slowking
|-damage|p1a: Slowking|73/100
|
|t:|1769363183
|switch|p2a: Dragalge|Dragalge, M, shiny|100/100|[from] U-turn
|move|p1a: Slowking|Future Sight|p2a: Dragalge
|-start|p1a: Slowking|move: Future Sight
|
|-weather|RainDance|[upkeep]
|upkeep
|turn|18
|
|t:|1769363198
|move|p2a: Dragalge|Draco Meteor|p1a: Slowking
|-damage|p1a: Slowking|28/100
|-unboost|p2a: Dragalge|spa|2
|move|p1a: Slowking|Surf|p2a: Dragalge
|-resisted|p2a: Dragalge
|-damage|p2a: Dragalge|86/100
|
|-weather|RainDance|[upkeep]
|upkeep
|turn|19
|
|t:|1769363202
|switch|p1a: Kingambit|Kingambit, F|100/100
|-activate|p1a: Kingambit|ability: Supreme Overlord
|-start|p1a: Kingambit|fallen2|[silent]
|move|p2a: Dragalge|Flip Turn|p1a: Kingambit
|-damage|p1a: Kingambit|89/100
|
|t:|1769363205
|switch|p2a: Hatterene|Hatterene, F|57/100|[from] Flip Turn
|
|-weather|RainDance|[upkeep]
|-end|p2a: Hatterene|move: Future Sight
|-resisted|p2a: Hatterene
|-damage|p2a: Hatterene|35/100
|-heal|p1a: Kingambit|96/100|[from] item: Leftovers
|upkeep
|turn|20
|
|t:|1769363221
|move|p1a: Kingambit|Sucker Punch||[still]
|-fail|p1a: Kingambit
|move|p2a: Hatterene|Healing Wish|p2a: Hatterene
|faint|p2a: Hatterene
|
|-weather|RainDance|[upkeep]
|-heal|p1a: Kingambit|100/100|[from] item: Leftovers
|upkeep
|
|t:|1769363226
|switch|p2a: Poliwrath|Poliwrath, F|100/100
|turn|21
|
|t:|1769363235
|-end|p1a: Kingambit|fallen2|[silent]
|switch|p1a: Slowking|Slowking-Galar, F|62/100
|move|p2a: Poliwrath|Belly Drum|p2a: Poliwrath
|-damage|p2a: Poliwrath|50/100
|-setboost|p2a: Poliwrath|atk|6|[from] move: Belly Drum
|-enditem|p2a: Poliwrath|Sitrus Berry|[eat]
|-heal|p2a: Poliwrath|75/100|[from] item: Sitrus Berry
|
|-weather|RainDance|[upkeep]
|upkeep
|turn|22
|
|t:|1769363242
|move|p2a: Poliwrath|Liquidation|p1a: Slowking
|-damage|p1a: Slowking|0 fnt
|faint|p1a: Slowking
|
|-weather|RainDance|[upkeep]
|upkeep
|
|t:|1769363256
|switch|p1a: Zamazenta|Zamazenta|53/100
|turn|23
|
|t:|1769363260
|move|p2a: Poliwrath|Drain Punch|p1a: Zamazenta
|-damage|p1a: Zamazenta|0 fnt
|-heal|p2a: Poliwrath|100/100|[from] drain|[of] p1a: Zamazenta
|faint|p1a: Zamazenta
|
|-weather|none
|upkeep
|
|t:|1769363264
|switch|p1a: Kingambit|Kingambit, F|100/100
|-activate|p1a: Kingambit|ability: Supreme Overlord
|-start|p1a: Kingambit|fallen4|[silent]
|turn|24
|
|t:|1769363272
|-terastallize|p1a: Kingambit|Fire
|move|p2a: Poliwrath|Liquidation|p1a: Kingambit
|-supereffective|p1a: Kingambit
|-damage|p1a: Kingambit|0 fnt
|faint|p1a: Kingambit
|-end|p1a: Kingambit|fallen4|[silent]
|
|upkeep
|-message|kiriiii4 forfeited.
|
|win|averagealt99
|raw|kiriiii4's rating: 1260 &rarr; <strong>1230</strong><br />(-30 for losing)
|raw|averagealt99's rating: 1193 &rarr; <strong>1223</strong><br />(+30 for winning)
|l|☆kiriiii4
|player|p1|
|l|☆averagealt99
|player|p2|
