|j|☆nonchalant_chef
|j|☆WafflePluss
|t:|1769370929
|gametype|singles
|player|p1|nonchalant_chef|cilan|1112
|player|p2|WafflePluss|harlequin|1149
|gen|9
|tier|[Gen 9] OU
|rated|
|rule|HP Percentage Mod: HP is shown in percentages
|rule|Endless Battle Clause: Forcing endless battles is banned
|rule|Species Clause: Limit one of each Pokémon
|rule|OHKO Clause: OHKO moves are banned
|rule|Evasion Items Clause: Evasion items are banned
|rule|Evasion Moves Clause: Evasion moves are banned
|rule|Evasion Abilities Clause: Evasion abilities are banned
|rule|Sleep Moves Clause: Sleep-inducing moves are banned
|clearpoke
|poke|p1|Misdreavus, F|
|poke|p1|Tauros, M|
|poke|p1|Inteleon, M|
|poke|p1|Avalugg-Hisui, F|
|poke|p1|Vivillon, F|
|poke|p1|Emboar, M|
|poke|p2|Hydreigon, M|
|poke|p2|Landorus-Therian, M|
|poke|p2|Weezing-Galar, F|
|poke|p2|Oricorio-Pom-Pom, M|
|poke|p2|Lokix, M|
|poke|p2|Araquanid, F|
|teampreview
|inactive|Battle timer is ON: inactive players will automatically lose when time's up. (requested by WafflePluss)
|
|t:|1769370948
|teamsize|p1|6
|teamsize|p2|6
|start
|switch|p1a: Avalugg|Avalugg-Hisui, F|100/100
|switch|p2a: Landorus|Landorus-Therian, M|100/100
|-ability|p2a: Landorus|Intimidate|boost
|-unboost|p1a: Avalugg|atk|1
|turn|1
|inactiveoff|Battle timer is now OFF.
|
|t:|1769370969
|move|p2a: Landorus|U-turn|p1a: Avalugg
|-damage|p1a: Avalugg|85/100
|
|t:|1769370974
|switch|p2a: Araquanid|Araquanid, F|100/100|[from] U-turn
|move|p1a: Avalugg|Stealth Rock|p2a: Araquanid
|-sidestart|p2: WafflePluss|move: Stealth Rock
|
|upkeep
|turn|2
|
|t:|1769370983
|move|p2a: Araquanid|Sticky Web|p1a: Avalugg
|-sidestart|p1: nonchalant_chef|move: Sticky Web
|move|p1a: Avalugg|Rock Slide|p2a: Araquanid
|-supereffective|p2a: Araquanid
|-damage|p2a: Araquanid|53/100
|
|-heal|p2a: Araquanid|59/100|[from] item: Leftovers
|upkeep
|turn|3
|
|t:|1769370988
|switch|p1a: Vivillon|Vivillon, F|100/100
|move|p2a: Araquanid|Liquidation|p1a: Vivillon
|-damage|p1a: Vivillon|19/100
|
|-heal|p2a: Araquanid|65/100|[from] item: Leftovers
|upkeep
|turn|4
|
|t:|1769370997
|move|p1a: Vivillon|Hurricane|p2a: Araquanid
|-supereffective|p2a: Araquanid
|-damage|p2a: Araquanid|0 fnt
|faint|p2a: Araquanid
|
|upkeep
|
|t:|1769371003
|switch|p2a: Hydreigon|Hydreigon, M|100/100
|-damage|p2a: Hydreigon|88/100|[from] Stealth Rock
|turn|5
|
|t:|1769371011
|-terastallize|p2a: Hydreigon|Poison
|move|p2a: Hydreigon|Dragon Dance|p2a: Hydreigon
|-boost|p2a: Hydreigon|atk|1
|-boost|p2a: Hydreigon|spe|1
|move|p1a: Vivillon|Bug Buzz|p2a: Hydreigon
|-resisted|p2a: Hydreigon
|-damage|p2a: Hydreigon|66/100
|
|upkeep
|turn|6
|inactive|Battle timer is ON: inactive players will automatically lose when time's up. (requested by nonchalant_chef)
|inactive|WafflePluss has 120 seconds left.
|
|t:|1769371132
|move|p2a: Hydreigon|Crunch|p1a: Vivillon
|-damage|p1a: Vivillon|0 fnt
|faint|p1a: Vivillon
|
|upkeep
|
|t:|1769371137
|switch|p1a: Avalugg|Avalugg-Hisui, F|85/100
|-activate|p1a: Avalugg|move: Sticky Web
|-unboost|p1a: Avalugg|spe|1
|turn|7
|
|t:|1769371141
|move|p2a: Hydreigon|Dragon Dance|p2a: Hydreigon
|-boost|p2a: Hydreigon|atk|1
|-boost|p2a: Hydreigon|spe|1
|move|p1a: Avalugg|Rapid Spin|p2a: Hydreigon
|-damage|p2a: Hydreigon|45/100
|-boost|p1a: Avalugg|spe|1
|-sideend|p1: nonchalant_chef|Sticky Web|[from] move: Rapid Spin|[of] p1a: Avalugg
|-enditem|p2a: Hydreigon|Sitrus Berry|[eat]
|-heal|p2a: Hydreigon|70/100|[from] item: Sitrus Berry
|
|upkeep
|turn|8
|
|t:|1769371147
|move|p2a: Hydreigon|Earthquake|p1a: Avalugg
|-supereffective|p1a: Avalugg
|-damage|p1a: Avalugg|15/100
|move|p1a: Avalugg|Mountain Gale|p2a: Hydreigon
|-damage|p2a: Hydreigon|5/100
|
|upkeep
|turn|9
|-enditem|p1a: Avalugg|Custap Berry|[eat]
|-activate|p1a: Avalugg|item: Custap Berry|[consumed]
|
|t:|1769371165
|move|p1a: Avalugg|Rapid Spin|p2a: Hydreigon
|-damage|p2a: Hydreigon|0 fnt
|-boost|p1a: Avalugg|spe|1
|faint|p2a: Hydreigon
|
|upkeep
|
|t:|1769371175
|switch|p2a: Landorus|Landorus-Therian, M|100/100
|-damage|p2a: Landorus|88/100|[from] Stealth Rock
|-ability|p2a: Landorus|Intimidate|boost
|-unboost|p1a: Avalugg|atk|1
|turn|10
|
|t:|1769371180
|move|p2a: Landorus|Earthquake|p1a: Avalugg
|-supereffective|p1a: Avalugg
|-damage|p1a: Avalugg|0 fnt
|faint|p1a: Avalugg
|
|upkeep
|
|t:|1769371188
|switch|p1a: Inteleon|Inteleon, M|100/100
|turn|11
|
|t:|1769371193
|switch|p2a: Weezing|Weezing-Galar, F|100/100
|-ability|p2a: Weezing|Neutralizing Gas
|-damage|p2a: Weezing|88/100|[from] Stealth Rock
|move|p1a: Inteleon|Snipe Shot|p2a: Weezing
|-crit|p2a: Weezing
|-damage|p2a: Weezing|32/100
|
|-heal|p2a: Weezing|38/100|[from] item: Leftovers
|upkeep
|turn|12
|
|t:|1769371205
|-terastallize|p1a: Inteleon|Water
|move|p1a: Inteleon|Snipe Shot|p2a: Weezing
|-crit|p2a: Weezing
|-damage|p2a: Weezing|0 fnt
|faint|p2a: Weezing
|-end|p2a: Weezing|ability: Neutralizing Gas
|
|upkeep
|
|t:|1769371211
|switch|p2a: Lokix|Lokix, M|100/100
|turn|13
|
|t:|1769371216
|switch|p1a: Tauros|Tauros, M|100/100
|move|p2a: Lokix|First Impression|p1a: Tauros
|-damage|p1a: Tauros|44/100
|
|upkeep
|turn|14
|
|t:|1769371223
|switch|p1a: Misdreavus|Misdreavus, F|100/100
|move|p2a: Lokix|Sucker Punch||[still]
|-fail|p2a: Lokix
|
|upkeep
|turn|15
|
|t:|1769371228
|move|p2a: Lokix|Knock Off|p1a: Misdreavus
|-supereffective|p1a: Misdreavus
|-damage|p1a: Misdreavus|9/100
|-enditem|p1a: Misdreavus|Eviolite|[from] move: Knock Off|[of] p2a: Lokix
|move|p1a: Misdreavus|Will-O-Wisp|p2a: Lokix
|-status|p2a: Lokix|brn
|
|-damage|p2a: Lokix|94/100 brn|[from] brn
|upkeep
|turn|16
|
|t:|1769371237
|move|p2a: Lokix|U-turn|p1a: Misdreavus
|-resisted|p1a: Misdreavus
|-damage|p1a: Misdreavus|0 fnt
|faint|p1a: Misdreavus
|
|t:|1769371242
|switch|p2a: Oricorio|Oricorio-Pom-Pom, M|100/100|[from] U-turn
|
|upkeep
|
|t:|1769371251
|switch|p1a: Tauros|Tauros, M|44/100
|turn|17
|
|t:|1769371259
|move|p1a: Tauros|Rock Slide|p2a: Oricorio
|-supereffective|p2a: Oricorio
|-damage|p2a: Oricorio|0 fnt
|faint|p2a: Oricorio
|
|upkeep
|
|t:|1769371262
|switch|p2a: Landorus|Landorus-Therian, M|88/100
|-damage|p2a: Landorus|76/100|[from] Stealth Rock
|-ability|p2a: Landorus|Intimidate|boost
|-unboost|p1a: Tauros|atk|1
|turn|18
|
|t:|1769371271
|move|p2a: Landorus|Earthquake|p1a: Tauros
|-crit|p1a: Tauros
|-damage|p1a: Tauros|0 fnt
|faint|p1a: Tauros
|
|upkeep
|
|t:|1769371279
|switch|p1a: Inteleon|Inteleon, M, tera:Water|100/100
|turn|19
|
|t:|1769371289
|move|p2a: Landorus|Earthquake|p1a: Inteleon
|-damage|p1a: Inteleon|2/100
|move|p1a: Inteleon|Snipe Shot|p2a: Landorus
|-supereffective|p2a: Landorus
|-crit|p2a: Landorus
|-damage|p2a: Landorus|0 fnt
|faint|p2a: Landorus
|
|upkeep
|inactive|WafflePluss has 120 seconds left.
|c|☆nonchalant_chef|Gg
|inactive|WafflePluss has 90 seconds left.
|c|☆nonchalant_chef|Wp WafflePluss wp
|
|t:|1769371368
|switch|p2a: Lokix|Lokix, M|94/100 brn
|turn|20
|
|t:|1769371375
|move|p2a: Lokix|First Impression|p1a: Inteleon
|-damage|p1a: Inteleon|0 fnt
|faint|p1a: Inteleon
|
|-damage|p2a: Lokix|88/100 brn|[from] brn
|upkeep
|
|t:|1769371377
|switch|p1a: Emboar|Emboar, M|100/100
|turn|21
|inactive|WafflePluss has 90 seconds left.
|
|t:|1769371388
|move|p1a: Emboar|Flare Blitz|p2a: Lokix
|-supereffective|p2a: Lokix
|-damage|p2a: Lokix|0 fnt
|faint|p2a: Lokix
|-damage|p1a: Emboar|78/100|[from] Recoil
|
|win|nonchalant_chef
|raw|nonchalant_chef's rating: 1112 &rarr; <strong>1140</strong><br />(+28 for winning)
|raw|WafflePluss's rating: 1149 &rarr; <strong>1121</strong><br />(-28 for losing)
|l|☆WafflePluss
|player|p2|
|l|☆nonchalant_chef
|player|p1|
