|j|☆praveenkumart236
|j|☆kielsama
|t:|1769421367
|gametype|singles
|player|p1|praveenkumart236|265|1691
|player|p2|kielsama|169|1772
|gen|9
|tier|[Gen 9] OU
|rated|
|rule|HP Percentage Mod: HP is shown in percentages
|rule|Endless Battle Clause: Forcing endless battles is banned
|rule|Species Clause: Limit one of each Pokémon
|rule|OHKO Clause: OHKO moves are banned
|rule|Evasion Items Clause: Evasion items are banned
|rule|Evasion Moves Clause: Evasion moves are banned
|rule|Evasion Abilities Clause: Evasion abilities are banned
|rule|Sleep Moves Clause: Sleep-inducing moves are banned
|clearpoke
|poke|p1|Farigiraf, F|
|poke|p1|Kingambit, F|
|poke|p1|Raging Bolt|
|poke|p1|Pecharunt|
|poke|p1|Great Tusk|
|poke|p1|Grimmsnarl, M|
|poke|p2|Araquanid, F|
|poke|p2|Gholdengo|
|poke|p2|Iron Moth|
|poke|p2|Iron Valiant|
|poke|p2|Raging Bolt|
|poke|p2|Kingambit, F|
|teampreview
|inactive|Battle timer is ON: inactive players will automatically lose when time's up. (requested by praveenkumart236)
|
|t:|1769421393
|teamsize|p1|6
|teamsize|p2|6
|start
|switch|p1a: Grimmsnarl|Grimmsnarl, M|100/100
|switch|p2a: QUIL|Araquanid, F|100/100
|turn|1
|
|t:|1769421397
|move|p1a: Grimmsnarl|Reflect|p1a: Grimmsnarl
|-sidestart|p1: praveenkumart236|Reflect
|move|p2a: QUIL|Sticky Web|p1a: Grimmsnarl
|-sidestart|p1: praveenkumart236|move: Sticky Web
|
|upkeep
|turn|2
|
|t:|1769421405
|move|p1a: Grimmsnarl|Light Screen|p1a: Grimmsnarl
|-sidestart|p1: praveenkumart236|move: Light Screen
|move|p2a: QUIL|Surf|p1a: Grimmsnarl
|-damage|p1a: Grimmsnarl|86/100
|
|upkeep
|turn|3
|
|t:|1769421410
|move|p1a: Grimmsnarl|Parting Shot|p2a: QUIL
|-unboost|p2a: QUIL|atk|1
|-unboost|p2a: QUIL|spa|1
|
|t:|1769421413
|switch|p1a: Raging Bolt|Raging Bolt|100/100|[from] Parting Shot
|-activate|p1a: Raging Bolt|move: Sticky Web
|-unboost|p1a: Raging Bolt|spe|1
|-enditem|p1a: Raging Bolt|Booster Energy
|-activate|p1a: Raging Bolt|ability: Protosynthesis|[fromitem]
|-start|p1a: Raging Bolt|protosynthesisspa
|move|p2a: QUIL|Lunge|p1a: Raging Bolt
|-damage|p1a: Raging Bolt|94/100
|-unboost|p1a: Raging Bolt|atk|1
|
|upkeep
|turn|4
|
|t:|1769421436
|switch|p2a: DELI|Raging Bolt|100/100
|-enditem|p2a: DELI|Booster Energy
|-activate|p2a: DELI|ability: Protosynthesis|[fromitem]
|-start|p2a: DELI|protosynthesisspa
|move|p1a: Raging Bolt|Calm Mind|p1a: Raging Bolt
|-boost|p1a: Raging Bolt|spa|1
|-boost|p1a: Raging Bolt|spd|1
|
|upkeep
|turn|5
|
|t:|1769421452
|move|p2a: DELI|Dragon Pulse|p1a: Raging Bolt
|-supereffective|p1a: Raging Bolt
|-damage|p1a: Raging Bolt|57/100
|move|p1a: Raging Bolt|Dragon Pulse|p2a: DELI
|-supereffective|p2a: DELI
|-damage|p2a: DELI|0 fnt
|faint|p2a: DELI
|-end|p2a: DELI|Protosynthesis|[silent]
|
|upkeep
|inactive|kielsama has 120 seconds left.
|
|t:|1769421482
|switch|p2a: QUZZ|Iron Valiant|100/100
|-enditem|p2a: QUZZ|Booster Energy
|-activate|p2a: QUZZ|ability: Quark Drive|[fromitem]
|-start|p2a: QUZZ|quarkdrivespa
|turn|6
|
|t:|1769421496
|move|p2a: QUZZ|Calm Mind|p2a: QUZZ
|-boost|p2a: QUZZ|spa|1
|-boost|p2a: QUZZ|spd|1
|move|p1a: Raging Bolt|Thunderbolt|p2a: QUZZ
|-damage|p2a: QUZZ|0 fnt
|faint|p2a: QUZZ
|-end|p2a: QUZZ|Quark Drive|[silent]
|
|upkeep
|-message|kielsama forfeited.
|
|win|praveenkumart236
|raw|praveenkumart236's rating: 1691 &rarr; <strong>1716</strong><br />(+25 for winning)
|raw|kielsama's rating: 1772 &rarr; <strong>1747</strong><br />(-25 for losing)
|l|☆kielsama
|player|p2|
|l|☆praveenkumart236
|player|p1|
