|j|☆siakam
|j|☆sancorv1
|t:|1769383025
|gametype|singles
|player|p1|siakam|170|1455
|player|p2|sancorv1|doctor|1468
|gen|9
|tier|[Gen 9] OU
|rated|
|rule|HP Percentage Mod: HP is shown in percentages
|rule|Endless Battle Clause: Forcing endless battles is banned
|rule|Species Clause: Limit one of each Pokémon
|rule|OHKO Clause: OHKO moves are banned
|rule|Evasion Items Clause: Evasion items are banned
|rule|Evasion Moves Clause: Evasion moves are banned
|rule|Evasion Abilities Clause: Evasion abilities are banned
|rule|Sleep Moves Clause: Sleep-inducing moves are banned
|clearpoke
|poke|p1|Kingambit, F|
|poke|p1|Cinderace, F|
|poke|p1|Landorus-Therian, M|
|poke|p1|Iron Valiant|
|poke|p1|Kyurem|
|poke|p1|Slowking-Galar, M|
|poke|p2|Iron Crown|
|poke|p2|Zamazenta-*|
|poke|p2|Ting-Lu|
|poke|p2|Primarina, F|
|poke|p2|Corviknight, F|
|poke|p2|Walking Wake|
|teampreview
|inactive|Battle timer is ON: inactive players will automatically lose when time's up. (requested by siakam)
|
|t:|1769383047
|teamsize|p1|6
|teamsize|p2|6
|start
|switch|p1a: Slowking|Slowking-Galar, M, shiny|100/100
|switch|p2a: Walking Wake|Walking Wake|100/100
|turn|1
|
|t:|1769383075
|move|p2a: Walking Wake|Knock Off|p1a: Slowking
|-supereffective|p1a: Slowking
|-damage|p1a: Slowking|67/100
|-enditem|p1a: Slowking|Heavy-Duty Boots|[from] move: Knock Off|[of] p2a: Walking Wake
|move|p1a: Slowking|Thunder Wave|p2a: Walking Wake
|-status|p2a: Walking Wake|par
|
|upkeep
|turn|2
|
|t:|1769383082
|cant|p2a: Walking Wake|par
|-prepare|p1a: Slowking|Chilly Reception|[premajor]
|move|p1a: Slowking|Chilly Reception|p1a: Slowking
|-weather|Snowscape
|
|t:|1769383087
|switch|p1a: Kyurem|Kyurem, shiny|100/100|[from] Chilly Reception
|-ability|p1a: Kyurem|Pressure
|
|-weather|Snowscape|[upkeep]
|upkeep
|turn|3
|
|t:|1769383094
|move|p1a: Kyurem|Freeze-Dry|p2a: Walking Wake
|-supereffective|p2a: Walking Wake
|-damage|p2a: Walking Wake|0 fnt
|faint|p2a: Walking Wake
|-end|p2a: Walking Wake|Protosynthesis|[silent]
|
|-weather|Snowscape|[upkeep]
|upkeep
|
|t:|1769383097
|switch|p2a: Iron Crown|Iron Crown|100/100
|turn|4
|
|t:|1769383111
|switch|p1a: Slowking|Slowking-Galar, M, shiny|99/100
|move|p2a: Iron Crown|Tachyon Cutter|p1a: Slowking
|-damage|p1a: Slowking|80/100
|-damage|p1a: Slowking|57/100
|-hitcount|p1a: Slowking|2
|
|-weather|Snowscape|[upkeep]
|upkeep
|turn|5
|
|t:|1769383119
|-end|p2a: Iron Crown|Quark Drive|[silent]
|switch|p2a: Ting-Lu|Ting-Lu|100/100
|-ability|p2a: Ting-Lu|Vessel of Ruin
|-prepare|p1a: Slowking|Chilly Reception|[premajor]
|move|p1a: Slowking|Chilly Reception|p1a: Slowking
|
|t:|1769383132
|switch|p1a: Landorus|Landorus-Therian, M, shiny|100/100|[from] Chilly Reception
|-ability|p1a: Landorus|Intimidate|boost
|-unboost|p2a: Ting-Lu|atk|1
|
|-weather|Snowscape|[upkeep]
|upkeep
|turn|6
|
|t:|1769383139
|move|p1a: Landorus|Taunt|p2a: Ting-Lu
|-start|p2a: Ting-Lu|move: Taunt
|move|p2a: Ting-Lu|Ruination|p1a: Landorus
|-damage|p1a: Landorus|51/100
|
|-weather|none
|upkeep
|turn|7
|
|t:|1769383149
|move|p1a: Landorus|U-turn|p2a: Ting-Lu
|-supereffective|p2a: Ting-Lu
|-damage|p2a: Ting-Lu|76/100
|
|t:|1769383153
|switch|p1a: Slowking|Slowking-Galar, M, shiny|91/100|[from] U-turn
|move|p2a: Ting-Lu|Ruination|p1a: Slowking
|-damage|p1a: Slowking|46/100
|
|-heal|p2a: Ting-Lu|82/100|[from] item: Leftovers
|upkeep
|turn|8
|
|t:|1769383169
|move|p2a: Ting-Lu|Ruination|p1a: Slowking
|-damage|p1a: Slowking|23/100
|-prepare|p1a: Slowking|Chilly Reception|[premajor]
|move|p1a: Slowking|Chilly Reception|p1a: Slowking
|-weather|Snowscape
|
|t:|1769383180
|switch|p1a: Kyurem|Kyurem, shiny|100/100|[from] Chilly Reception
|-ability|p1a: Kyurem|Pressure
|
|-weather|Snowscape|[upkeep]
|-heal|p2a: Ting-Lu|88/100|[from] item: Leftovers
|-end|p2a: Ting-Lu|move: Taunt
|upkeep
|turn|9
|
|t:|1769383187
|move|p1a: Kyurem|Freeze-Dry|p2a: Ting-Lu
|-supereffective|p2a: Ting-Lu
|-damage|p2a: Ting-Lu|60/100
|move|p2a: Ting-Lu|Whirlwind|p1a: Kyurem
|drag|p1a: Landorus|Landorus-Therian, M, shiny|51/100
|-ability|p1a: Landorus|Intimidate|boost
|-unboost|p2a: Ting-Lu|atk|1
|
|-weather|Snowscape|[upkeep]
|-heal|p2a: Ting-Lu|67/100|[from] item: Leftovers
|upkeep
|turn|10
|
|t:|1769383199
|switch|p2a: Corviknight|Corviknight, F|100/100
|-ability|p2a: Corviknight|Pressure
|move|p1a: Landorus|U-turn|p2a: Corviknight
|-resisted|p2a: Corviknight
|-damage|p2a: Corviknight|97/100
|-damage|p1a: Landorus|34/100|[from] item: Rocky Helmet|[of] p2a: Corviknight
|
|t:|1769383206
|switch|p1a: Cinderace|Cinderace, F|100/100|[from] U-turn
|
|-weather|Snowscape|[upkeep]
|upkeep
|turn|11
|
|t:|1769383211
|switch|p2a: Primarina|Primarina, F, shiny|100/100
|move|p1a: Cinderace|Pyro Ball|p2a: Primarina
|-resisted|p2a: Primarina
|-crit|p2a: Primarina
|-damage|p2a: Primarina|56/100
|-status|p2a: Primarina|brn
|
|-weather|Snowscape|[upkeep]
|-damage|p2a: Primarina|50/100 brn|[from] brn
|upkeep
|turn|12
|
|t:|1769383223
|switch|p1a: Slowking|Slowking-Galar, M, shiny|56/100
|move|p2a: Primarina|Surf|p1a: Slowking
|-damage|p1a: Slowking|26/100
|
|-weather|none
|-damage|p2a: Primarina|43/100 brn|[from] brn
|upkeep
|turn|13
|
|t:|1769383234
|switch|p1a: Kyurem|Kyurem, shiny|100/100
|-ability|p1a: Kyurem|Pressure
|move|p2a: Primarina|Surf|p1a: Kyurem
|-resisted|p1a: Kyurem
|-damage|p1a: Kyurem|78/100
|
|-heal|p1a: Kyurem|84/100|[from] item: Leftovers
|-damage|p2a: Primarina|37/100 brn|[from] brn
|upkeep
|turn|14
|
|t:|1769383246
|-terastallize|p2a: Primarina|Poison
|move|p1a: Kyurem|Freeze-Dry|p2a: Primarina
|-damage|p2a: Primarina|17/100 brn
|move|p2a: Primarina|Moonblast|p1a: Kyurem
|-supereffective|p1a: Kyurem
|-damage|p1a: Kyurem|0 fnt
|faint|p1a: Kyurem
|
|-damage|p2a: Primarina|10/100 brn|[from] brn
|upkeep
|
|t:|1769383270
|switch|p1a: Landorus|Landorus-Therian, M, shiny|34/100
|-ability|p1a: Landorus|Intimidate|boost
|-unboost|p2a: Primarina|atk|1
|turn|15
|
|t:|1769383274
|move|p1a: Landorus|U-turn|p2a: Primarina
|-resisted|p2a: Primarina
|-damage|p2a: Primarina|0 fnt
|faint|p2a: Primarina
|
|t:|1769383281
|switch|p1a: Slowking|Slowking-Galar, M, shiny|60/100|[from] U-turn
|
|upkeep
|
|t:|1769383285
|switch|p2a: Ting-Lu|Ting-Lu|67/100
|-ability|p2a: Ting-Lu|Vessel of Ruin
|turn|16
|
|t:|1769383294
|move|p2a: Ting-Lu|Ruination|p1a: Slowking
|-damage|p1a: Slowking|30/100
|-prepare|p1a: Slowking|Chilly Reception|[premajor]
|move|p1a: Slowking|Chilly Reception|p1a: Slowking
|-weather|Snowscape
|
|t:|1769383304
|switch|p1a: Iron Valiant|Iron Valiant|100/100|[from] Chilly Reception
|-enditem|p1a: Iron Valiant|Booster Energy
|-activate|p1a: Iron Valiant|ability: Quark Drive|[fromitem]
|-start|p1a: Iron Valiant|quarkdrivespe
|
|-weather|Snowscape|[upkeep]
|-heal|p2a: Ting-Lu|73/100|[from] item: Leftovers
|upkeep
|turn|17
|
|t:|1769383312
|move|p1a: Iron Valiant|Moonblast|p2a: Ting-Lu
|-supereffective|p2a: Ting-Lu
|-damage|p2a: Ting-Lu|33/100
|move|p2a: Ting-Lu|Whirlwind|p1a: Iron Valiant
|-end|p1a: Iron Valiant|Quark Drive|[silent]
|drag|p1a: Cinderace|Cinderace, F|100/100
|
|-weather|Snowscape|[upkeep]
|-heal|p2a: Ting-Lu|39/100|[from] item: Leftovers
|upkeep
|turn|18
|
|t:|1769383322
|move|p1a: Cinderace|Will-O-Wisp|p2a: Ting-Lu
|-status|p2a: Ting-Lu|brn
|move|p2a: Ting-Lu|Ruination|p1a: Cinderace
|-damage|p1a: Cinderace|51/100
|
|-weather|Snowscape|[upkeep]
|-heal|p2a: Ting-Lu|45/100 brn|[from] item: Leftovers
|-damage|p2a: Ting-Lu|39/100 brn|[from] brn
|upkeep
|turn|19
|
|t:|1769383333
|move|p1a: Cinderace|Pyro Ball|p2a: Ting-Lu
|-damage|p2a: Ting-Lu|15/100 brn
|move|p2a: Ting-Lu|Stealth Rock|p1a: Cinderace
|-sidestart|p1: siakam|move: Stealth Rock
|
|-weather|Snowscape|[upkeep]
|-heal|p2a: Ting-Lu|22/100 brn|[from] item: Leftovers
|-damage|p2a: Ting-Lu|15/100 brn|[from] brn
|upkeep
|turn|20
|
|t:|1769383342
|move|p1a: Cinderace|Court Change|p1a: Cinderace
|-swapsideconditions
|-activate|p1a: Cinderace|move: Court Change
|move|p2a: Ting-Lu|Ruination|p1a: Cinderace
|-damage|p1a: Cinderace|26/100
|
|-weather|none
|-heal|p2a: Ting-Lu|22/100 brn|[from] item: Leftovers
|-damage|p2a: Ting-Lu|15/100 brn|[from] brn
|upkeep
|turn|21
|
|t:|1769383351
|move|p1a: Cinderace|Pyro Ball|p2a: Ting-Lu
|-damage|p2a: Ting-Lu|0 fnt
|faint|p2a: Ting-Lu
|
|upkeep
|
|t:|1769383357
|switch|p2a: Zamazenta|Zamazenta|100/100
|-damage|p2a: Zamazenta|94/100|[from] Stealth Rock
|-ability|p2a: Zamazenta|Dauntless Shield|boost
|-boost|p2a: Zamazenta|def|1
|turn|22
|
|t:|1769383363
|move|p2a: Zamazenta|Body Press|p1a: Cinderace
|-damage|p1a: Cinderace|0 fnt
|faint|p1a: Cinderace
|
|-heal|p2a: Zamazenta|100/100|[from] item: Leftovers
|upkeep
|
|t:|1769383372
|switch|p1a: Iron Valiant|Iron Valiant|100/100
|turn|23
|
|t:|1769383379
|switch|p2a: Corviknight|Corviknight, F|97/100
|-damage|p2a: Corviknight|85/100|[from] Stealth Rock
|-ability|p2a: Corviknight|Pressure
|-terastallize|p1a: Iron Valiant|Ghost
|move|p1a: Iron Valiant|Moonblast|p2a: Corviknight
|-resisted|p2a: Corviknight
|-damage|p2a: Corviknight|62/100
|
|upkeep
|turn|24
|
|t:|1769383395
|-end|p1a: Iron Valiant|Quark Drive|[silent]
|switch|p1a: Slowking|Slowking-Galar, M, shiny|64/100
|move|p2a: Corviknight|Brave Bird|p1a: Slowking
|-damage|p1a: Slowking|25/100
|-damage|p2a: Corviknight|49/100|[from] Recoil
|
|upkeep
|turn|25
|
|t:|1769383403
|switch|p1a: Landorus|Landorus-Therian, M, shiny|34/100
|-ability|p1a: Landorus|Intimidate|boost
|-unboost|p2a: Corviknight|atk|1
|move|p2a: Corviknight|Defog|p1a: Landorus
|-unboost|p1a: Landorus|evasion|1
|-sideend|p2: sancorv1|Stealth Rock|[from] move: Defog|[of] p2a: Corviknight
|
|upkeep
|turn|26
|
|t:|1769383412
|move|p1a: Landorus|Taunt|p2a: Corviknight
|-start|p2a: Corviknight|move: Taunt
|move|p2a: Corviknight|U-turn|p1a: Landorus
|-resisted|p1a: Landorus
|-damage|p1a: Landorus|30/100
|-damage|p2a: Corviknight|33/100|[from] item: Rocky Helmet|[of] p1a: Landorus
|
|t:|1769383413
|switch|p2a: Iron Crown|Iron Crown|100/100|[from] U-turn
|
|upkeep
|turn|27
|
|t:|1769383425
|switch|p1a: Slowking|Slowking-Galar, M, shiny|58/100
|move|p2a: Iron Crown|Tachyon Cutter|p1a: Slowking
|-damage|p1a: Slowking|35/100
|-damage|p1a: Slowking|14/100
|-hitcount|p1a: Slowking|2
|
|upkeep
|turn|28
|
|t:|1769383438
|-end|p2a: Iron Crown|Quark Drive|[silent]
|switch|p2a: Corviknight|Corviknight, F|33/100
|-ability|p2a: Corviknight|Pressure
|switch|p1a: Kingambit|Kingambit, F|100/100
|-activate|p1a: Kingambit|ability: Supreme Overlord
|-start|p1a: Kingambit|fallen2|[silent]
|
|upkeep
|turn|29
|
|t:|1769383448
|-end|p1a: Kingambit|fallen2|[silent]
|switch|p1a: Landorus|Landorus-Therian, M, shiny|30/100
|-ability|p1a: Landorus|Intimidate|boost
|-unboost|p2a: Corviknight|atk|1
|move|p2a: Corviknight|U-turn|p1a: Landorus
|-resisted|p1a: Landorus
|-damage|p1a: Landorus|26/100
|-damage|p2a: Corviknight|16/100|[from] item: Rocky Helmet|[of] p1a: Landorus
|
|t:|1769383450
|switch|p2a: Iron Crown|Iron Crown|100/100|[from] U-turn
|
|upkeep
|turn|30
|
|t:|1769383463
|move|p2a: Iron Crown|Tachyon Cutter|p1a: Landorus
|-damage|p1a: Landorus|0 fnt
|faint|p1a: Landorus
|-hitcount|p1: Landorus|1
|
|upkeep
|
|t:|1769383480
|switch|p1a: Iron Valiant|Iron Valiant, tera:Ghost|100/100
|turn|31
|
|t:|1769383485
|move|p1a: Iron Valiant|Shadow Ball|p2a: Iron Crown
|-supereffective|p2a: Iron Crown
|-damage|p2a: Iron Crown|16/100
|move|p2a: Iron Crown|Tachyon Cutter|p1a: Iron Valiant
|-crit|p1a: Iron Valiant
|-damage|p1a: Iron Valiant|7/100
|-damage|p1a: Iron Valiant|0 fnt
|faint|p1a: Iron Valiant
|-end|p1a: Iron Valiant|Quark Drive|[silent]
|-hitcount|p1: Iron Valiant|2
|
|upkeep
|
|t:|1769383498
|switch|p1a: Kingambit|Kingambit, F|100/100
|-activate|p1a: Kingambit|ability: Supreme Overlord
|-start|p1a: Kingambit|fallen4|[silent]
|turn|32
|
|t:|1769383503
|-end|p2a: Iron Crown|Quark Drive|[silent]
|switch|p2a: Zamazenta|Zamazenta|100/100
|move|p1a: Kingambit|Swords Dance|p1a: Kingambit
|-boost|p1a: Kingambit|atk|2
|
|upkeep
|turn|33
|
|t:|1769383510
|move|p2a: Zamazenta|Body Press|p1a: Kingambit
|-supereffective|p1a: Kingambit
|-damage|p1a: Kingambit|0 fnt
|faint|p1a: Kingambit
|-end|p1a: Kingambit|fallen4|[silent]
|
|upkeep
|-message|siakam forfeited.
|
|win|sancorv1
|raw|siakam's rating: 1455 &rarr; <strong>1436</strong><br />(-19 for losing)
|raw|sancorv1's rating: 1468 &rarr; <strong>1487</strong><br />(+19 for winning)
