|j|☆backseatgmyt
|j|☆mrstuyogurl
|t:|1769381618
|gametype|singles
|player|p1|backseatgmyt|169|1070
|player|p2|mrstuyogurl|ghetsis-gen5bw|1121
|gen|9
|tier|[Gen 9] OU
|rated|
|rule|HP Percentage Mod: HP is shown in percentages
|rule|Endless Battle Clause: Forcing endless battles is banned
|rule|Species Clause: Limit one of each Pokémon
|rule|OHKO Clause: OHKO moves are banned
|rule|Evasion Items Clause: Evasion items are banned
|rule|Evasion Moves Clause: Evasion moves are banned
|rule|Evasion Abilities Clause: Evasion abilities are banned
|rule|Sleep Moves Clause: Sleep-inducing moves are banned
|clearpoke
|poke|p1|Zamazenta-*|
|poke|p1|Darkrai|
|poke|p1|Stonjourner, F|
|poke|p1|Iron Moth|
|poke|p1|Rotom-Wash|
|poke|p1|Kyurem|
|poke|p2|Gliscor, F|
|poke|p2|Garganacl, F|
|poke|p2|Slither Wing|
|poke|p2|Blissey, F|
|poke|p2|Darkrai|
|poke|p2|Iron Valiant|
|teampreview
|
|t:|1769381633
|teamsize|p1|6
|teamsize|p2|6
|start
|switch|p1a: Rotom|Rotom-Wash|100/100
|switch|p2a: Slither Wing|Slither Wing|100/100
|turn|1
|
|t:|1769381648
|move|p1a: Rotom|Will-O-Wisp|p2a: Slither Wing|[miss]
|-miss|p1a: Rotom|p2a: Slither Wing
|move|p2a: Slither Wing|U-turn|p1a: Rotom
|-damage|p1a: Rotom|65/100
|
|t:|1769381654
|-end|p2a: Slither Wing|Protosynthesis|[silent]
|switch|p2a: Gliscor|Gliscor, F|100/100|[from] U-turn
|
|-status|p2a: Gliscor|tox|[from] item: Toxic Orb
|upkeep
|turn|2
|
|t:|1769381679
|switch|p1a: Stonjourner|Stonjourner, F|100/100
|move|p2a: Gliscor|Stealth Rock|p1a: Stonjourner
|-sidestart|p1: backseatgmyt|move: Stealth Rock
|
|upkeep
|turn|3
|
|t:|1769381687
|move|p2a: Gliscor|Earthquake|p1a: Stonjourner
|-supereffective|p1a: Stonjourner
|-damage|p1a: Stonjourner|58/100
|move|p1a: Stonjourner|Stealth Rock|p2a: Gliscor
|-sidestart|p2: mrstuyogurl|move: Stealth Rock
|
|upkeep
|turn|4
|
|t:|1769381700
|move|p2a: Gliscor|U-turn|p1a: Stonjourner
|-damage|p1a: Stonjourner|47/100
|
|t:|1769381702
|switch|p2a: Slither Wing|Slither Wing|100/100|[from] U-turn
|move|p1a: Stonjourner|Rock Polish|p1a: Stonjourner
|-boost|p1a: Stonjourner|spe|2
|
|upkeep
|turn|5
|
|t:|1769381713
|move|p1a: Stonjourner|Earthquake|p2a: Slither Wing
|-resisted|p2a: Slither Wing
|-damage|p2a: Slither Wing|87/100
|move|p2a: Slither Wing|Will-O-Wisp|p1a: Stonjourner
|-status|p1a: Stonjourner|brn
|
|-damage|p1a: Stonjourner|41/100 brn|[from] brn
|upkeep
|turn|6
|
|t:|1769381721
|move|p1a: Stonjourner|Stone Edge|p2a: Slither Wing
|-damage|p2a: Slither Wing|64/100
|move|p2a: Slither Wing|U-turn|p1a: Stonjourner
|-damage|p1a: Stonjourner|21/100 brn
|-enditem|p1a: Stonjourner|Salac Berry|[eat]
|-boost|p1a: Stonjourner|spe|1|[from] item: Salac Berry
|
|t:|1769381727
|-end|p2a: Slither Wing|Protosynthesis|[silent]
|switch|p2a: Gliscor|Gliscor, F|100/100 tox|[from] U-turn
|-damage|p2a: Gliscor|88/100 tox|[from] Stealth Rock
|
|-heal|p2a: Gliscor|100/100 tox|[from] ability: Poison Heal
|-damage|p1a: Stonjourner|15/100 brn|[from] brn
|upkeep
|turn|7
|
|t:|1769381734
|move|p2a: Gliscor|Protect|p2a: Gliscor
|-singleturn|p2a: Gliscor|Protect
|move|p1a: Stonjourner|Stone Edge|p2a: Gliscor
|-activate|p2a: Gliscor|move: Protect
|
|-damage|p1a: Stonjourner|9/100 brn|[from] brn
|upkeep
|turn|8
|
|t:|1769381745
|move|p1a: Stonjourner|Stone Edge|p2a: Gliscor
|-damage|p2a: Gliscor|78/100 tox
|move|p2a: Gliscor|Earthquake|p1a: Stonjourner
|-supereffective|p1a: Stonjourner
|-damage|p1a: Stonjourner|0 fnt
|faint|p1a: Stonjourner
|
|-heal|p2a: Gliscor|90/100 tox|[from] ability: Poison Heal
|upkeep
|
|t:|1769381755
|switch|p1a: Kyurem|Kyurem|100/100
|-damage|p1a: Kyurem|76/100|[from] Stealth Rock
|-ability|p1a: Kyurem|Pressure
|turn|9
|
|t:|1769381761
|switch|p2a: Blissey|Blissey, F|100/100
|-damage|p2a: Blissey|88/100|[from] Stealth Rock
|move|p1a: Kyurem|Dragon Dance|p1a: Kyurem
|-boost|p1a: Kyurem|atk|1
|-boost|p1a: Kyurem|spe|1
|
|upkeep
|turn|10
|
|t:|1769381777
|move|p1a: Kyurem|Icicle Spear|p2a: Blissey
|-damage|p2a: Blissey|64/100
|-crit|p2a: Blissey
|-damage|p2a: Blissey|31/100
|-crit|p2a: Blissey
|-damage|p2a: Blissey|0 fnt
|faint|p2a: Blissey
|-hitcount|p2: Blissey|3
|
|upkeep
|
|t:|1769381788
|switch|p2a: Garganacl|Garganacl, F|100/100
|-damage|p2a: Garganacl|88/100|[from] Stealth Rock
|turn|11
|
|t:|1769381804
|switch|p1a: Zamazenta|Zamazenta|100/100
|-damage|p1a: Zamazenta|94/100|[from] Stealth Rock
|-ability|p1a: Zamazenta|Dauntless Shield|boost
|-boost|p1a: Zamazenta|def|1
|-terastallize|p2a: Garganacl|Water
|move|p2a: Garganacl|Curse|p2a: Garganacl
|-unboost|p2a: Garganacl|spe|1
|-boost|p2a: Garganacl|atk|1
|-boost|p2a: Garganacl|def|1
|
|-heal|p2a: Garganacl|94/100|[from] item: Leftovers
|upkeep
|turn|12
|
|t:|1769381818
|move|p1a: Zamazenta|Trailblaze|p2a: Garganacl
|-supereffective|p2a: Garganacl
|-damage|p2a: Garganacl|79/100
|-boost|p1a: Zamazenta|spe|1
|move|p2a: Garganacl|Salt Cure|p1a: Zamazenta
|-resisted|p1a: Zamazenta
|-damage|p1a: Zamazenta|89/100
|-start|p1a: Zamazenta|Salt Cure
|
|-heal|p2a: Garganacl|86/100|[from] item: Leftovers
|-damage|p1a: Zamazenta|76/100|[from] Salt Cure
|upkeep
|turn|13
|
|t:|1769381835
|move|p1a: Zamazenta|Close Combat|p2a: Garganacl
|-damage|p2a: Garganacl|57/100
|-unboost|p1a: Zamazenta|def|1
|-unboost|p1a: Zamazenta|spd|1
|move|p2a: Garganacl|Curse|p2a: Garganacl
|-unboost|p2a: Garganacl|spe|1
|-boost|p2a: Garganacl|atk|1
|-boost|p2a: Garganacl|def|1
|
|-heal|p2a: Garganacl|63/100|[from] item: Leftovers
|-damage|p1a: Zamazenta|64/100|[from] Salt Cure
|upkeep
|turn|14
|
|t:|1769381845
|move|p1a: Zamazenta|Close Combat|p2a: Garganacl
|-damage|p2a: Garganacl|42/100
|-unboost|p1a: Zamazenta|def|1
|-unboost|p1a: Zamazenta|spd|1
|move|p2a: Garganacl|Recover|p2a: Garganacl
|-heal|p2a: Garganacl|92/100
|
|-heal|p2a: Garganacl|98/100|[from] item: Leftovers
|-damage|p1a: Zamazenta|52/100|[from] Salt Cure
|upkeep
|turn|15
|
|t:|1769381856
|switch|p1a: Rotom|Rotom-Wash|65/100
|-damage|p1a: Rotom|53/100|[from] Stealth Rock
|move|p2a: Garganacl|Curse|p2a: Garganacl
|-unboost|p2a: Garganacl|spe|1
|-boost|p2a: Garganacl|atk|1
|-boost|p2a: Garganacl|def|1
|
|-heal|p2a: Garganacl|100/100|[from] item: Leftovers
|upkeep
|turn|16
|
|t:|1769381869
|move|p1a: Rotom|Trick|p2a: Garganacl
|-activate|p1a: Rotom|move: Trick|[of] p2a: Garganacl
|-item|p2a: Garganacl|Choice Specs|[from] move: Trick
|-item|p1a: Rotom|Leftovers|[from] move: Trick
|move|p2a: Garganacl|Salt Cure|p1a: Rotom
|-damage|p1a: Rotom|17/100
|-start|p1a: Rotom|Salt Cure
|
|-heal|p1a: Rotom|23/100|[from] item: Leftovers
|-damage|p1a: Rotom|0 fnt|[from] Salt Cure
|faint|p1a: Rotom
|upkeep
|
|t:|1769381907
|switch|p1a: Iron Moth|Iron Moth|100/100
|-damage|p1a: Iron Moth|76/100|[from] Stealth Rock
|-enditem|p1a: Iron Moth|Booster Energy
|-activate|p1a: Iron Moth|ability: Quark Drive|[fromitem]
|-start|p1a: Iron Moth|quarkdrivespa
|turn|17
|
|t:|1769381920
|move|p1a: Iron Moth|Hurricane|p2a: Garganacl
|-damage|p2a: Garganacl|65/100
|move|p2a: Garganacl|Salt Cure|p1a: Iron Moth
|-supereffective|p1a: Iron Moth
|-damage|p1a: Iron Moth|0 fnt
|faint|p1a: Iron Moth
|-end|p1a: Iron Moth|Quark Drive|[silent]
|
|upkeep
|c|☆mrstuyogurl|yeesh
|
|t:|1769381929
|switch|p1a: Darkrai|Darkrai|100/100
|-damage|p1a: Darkrai|88/100|[from] Stealth Rock
|turn|18
|
|t:|1769381936
|move|p1a: Darkrai|Focus Blast|p2a: Garganacl
|-damage|p2a: Garganacl|27/100
|-unboost|p2a: Garganacl|spd|1
|-damage|p1a: Darkrai|78/100|[from] item: Life Orb
|move|p2a: Garganacl|Salt Cure|p1a: Darkrai
|-damage|p1a: Darkrai|32/100
|-start|p1a: Darkrai|Salt Cure
|
|-damage|p1a: Darkrai|20/100|[from] Salt Cure
|upkeep
|turn|19
|
|t:|1769381952
|move|p1a: Darkrai|Focus Blast|p2a: Garganacl|[miss]
|-miss|p1a: Darkrai|p2a: Garganacl
|move|p2a: Garganacl|Salt Cure|p1a: Darkrai
|-damage|p1a: Darkrai|0 fnt
|faint|p1a: Darkrai
|
|upkeep
|
|t:|1769381958
|switch|p1a: Zamazenta|Zamazenta|52/100
|-damage|p1a: Zamazenta|45/100|[from] Stealth Rock
|turn|20
|
|t:|1769381966
|move|p1a: Zamazenta|Close Combat|p2a: Garganacl
|-damage|p2a: Garganacl|9/100
|-unboost|p1a: Zamazenta|def|1
|-unboost|p1a: Zamazenta|spd|1
|move|p2a: Garganacl|Salt Cure|p1a: Zamazenta
|-resisted|p1a: Zamazenta
|-damage|p1a: Zamazenta|25/100
|-start|p1a: Zamazenta|Salt Cure
|
|-damage|p1a: Zamazenta|12/100|[from] Salt Cure
|upkeep
|turn|21
|
|t:|1769381976
|move|p1a: Zamazenta|Close Combat|p2a: Garganacl
|-crit|p2a: Garganacl
|-damage|p2a: Garganacl|0 fnt
|-unboost|p1a: Zamazenta|def|1
|-unboost|p1a: Zamazenta|spd|1
|faint|p2a: Garganacl
|
|-damage|p1a: Zamazenta|0 fnt|[from] Salt Cure
|faint|p1a: Zamazenta
|upkeep
|
|t:|1769381990
|switch|p1a: Kyurem|Kyurem|76/100
|switch|p2a: Darkrai|Darkrai|100/100
|-damage|p1a: Kyurem|51/100|[from] Stealth Rock
|-ability|p1a: Kyurem|Pressure
|turn|22
|
|t:|1769382004
|-terastallize|p1a: Kyurem|Dragon
|move|p2a: Darkrai|Dark Pulse|p1a: Kyurem
|-damage|p1a: Kyurem|9/100
|cant|p1a: Kyurem|flinch
|
|upkeep
|turn|23
|-message|backseatgmyt forfeited.
|
|win|mrstuyogurl
|raw|backseatgmyt's rating: 1070 &rarr; <strong>1052</strong><br />(-18 for losing)
|raw|mrstuyogurl's rating: 1121 &rarr; <strong>1142</strong><br />(+21 for winning)
|l|☆backseatgmyt
|player|p1|
|l|☆mrstuyogurl
|player|p2|
