|j|‽Eldeon B
|j|☆titou2489
|t:|1769433174
|gametype|singles
|player|p1|Eldeon B|2|1205
|player|p2|titou2489|169|1191
|gen|9
|tier|[Gen 9] OU
|rated|
|rule|HP Percentage Mod: HP is shown in percentages
|rule|Endless Battle Clause: Forcing endless battles is banned
|rule|Species Clause: Limit one of each Pokémon
|rule|OHKO Clause: OHKO moves are banned
|rule|Evasion Items Clause: Evasion items are banned
|rule|Evasion Moves Clause: Evasion moves are banned
|rule|Evasion Abilities Clause: Evasion abilities are banned
|rule|Sleep Moves Clause: Sleep-inducing moves are banned
|clearpoke
|poke|p1|Iron Hands|
|poke|p1|Glimmora, F|
|poke|p1|Landorus-Therian, M|
|poke|p1|Dragapult, M|
|poke|p1|Primarina, M|
|poke|p1|Kingambit, F|
|poke|p2|Glimmora, F|
|poke|p2|Clodsire, M|
|poke|p2|Toxapex, F|
|poke|p2|Amoonguss, M|
|poke|p2|Skuntank, M|
|poke|p2|Salazzle, F|
|teampreview
|
|t:|1769433186
|teamsize|p1|6
|teamsize|p2|6
|start
|switch|p1a: Landorus|Landorus-Therian, M|100/100
|switch|p2a: Glimmora|Glimmora, F|100/100
|-ability|p1a: Landorus|Intimidate|boost
|-unboost|p2a: Glimmora|atk|1
|turn|1
|inactive|Battle timer is ON: inactive players will automatically lose when time's up. (requested by Eldeon B)
|
|t:|1769433193
|move|p1a: Landorus|Earth Power|p2a: Glimmora
|-supereffective|p2a: Glimmora
|-enditem|p2a: Glimmora|Shuca Berry|[eat]
|-enditem|p2a: Glimmora|Shuca Berry|[weaken]
|-damage|p2a: Glimmora|26/100
|move|p2a: Glimmora|Stealth Rock|p1a: Landorus
|-sidestart|p1: Eldeon B|move: Stealth Rock
|
|upkeep
|turn|2
|
|t:|1769433209
|switch|p2a: Skuntank|Skuntank, M|100/100
|-item|p2a: Skuntank|Air Balloon
|move|p1a: Landorus|Earth Power|p2a: Skuntank
|-immune|p2a: Skuntank
|
|upkeep
|turn|3
|
|t:|1769433219
|switch|p2a: Glimmora|Glimmora, F|26/100
|move|p1a: Landorus|Stealth Rock|p2a: Glimmora
|-sidestart|p2: titou2489|move: Stealth Rock
|
|upkeep
|turn|4
|
|t:|1769433243
|switch|p2a: Skuntank|Skuntank, M|100/100
|-damage|p2a: Skuntank|88/100|[from] Stealth Rock
|-item|p2a: Skuntank|Air Balloon
|move|p1a: Landorus|Earth Power|p2a: Skuntank
|-immune|p2a: Skuntank
|
|upkeep
|turn|5
|
|t:|1769433258
|move|p1a: Landorus|U-turn|p2a: Skuntank
|-crit|p2a: Skuntank
|-damage|p2a: Skuntank|53/100
|-enditem|p2a: Skuntank|Air Balloon
|
|t:|1769433264
|switch|p1a: Kingambit|Kingambit, F|100/100|[from] U-turn
|-damage|p1a: Kingambit|94/100|[from] Stealth Rock
|move|p2a: Skuntank|Toxic|p1a: Kingambit
|-immune|p1a: Kingambit
|
|-heal|p1a: Kingambit|100/100|[from] item: Leftovers
|upkeep
|turn|6
|
|t:|1769433273
|switch|p2a: Toxapex|Toxapex, F, shiny|100/100
|-damage|p2a: Toxapex|88/100|[from] Stealth Rock
|move|p1a: Kingambit|Iron Head|p2a: Toxapex
|-resisted|p2a: Toxapex
|-damage|p2a: Toxapex|69/100
|
|-heal|p2a: Toxapex|75/100|[from] item: Black Sludge
|upkeep
|turn|7
|
|t:|1769433287
|-end|p1a: Kingambit|fallenundefined|[silent]
|switch|p1a: Landorus|Landorus-Therian, M|100/100
|-damage|p1a: Landorus|88/100|[from] Stealth Rock
|-ability|p1a: Landorus|Intimidate|boost
|-unboost|p2a: Toxapex|atk|1
|move|p2a: Toxapex|Baneful Bunker||[still]
|-fail|p2a: Toxapex
|
|-heal|p2a: Toxapex|81/100|[from] item: Black Sludge
|upkeep
|turn|8
|
|t:|1769433297
|move|p1a: Landorus|Earth Power|p2a: Toxapex
|-supereffective|p2a: Toxapex
|-damage|p2a: Toxapex|38/100
|move|p2a: Toxapex|Recover|p2a: Toxapex
|-heal|p2a: Toxapex|88/100
|
|-heal|p2a: Toxapex|94/100|[from] item: Black Sludge
|upkeep
|turn|9
|
|t:|1769433304
|move|p1a: Landorus|U-turn|p2a: Toxapex
|-resisted|p2a: Toxapex
|-damage|p2a: Toxapex|86/100
|
|t:|1769433319
|switch|p1a: Glimmora|Glimmora, F|100/100|[from] U-turn
|-damage|p1a: Glimmora|88/100|[from] Stealth Rock
|move|p2a: Toxapex|Surf|p1a: Glimmora
|-supereffective|p1a: Glimmora
|-crit|p1a: Glimmora
|-damage|p1a: Glimmora|7/100
|
|-heal|p2a: Toxapex|92/100|[from] item: Black Sludge
|upkeep
|turn|10
|
|t:|1769433329
|switch|p2a: Glimmora|Glimmora, F|26/100
|-damage|p2a: Glimmora|13/100|[from] Stealth Rock
|move|p1a: Glimmora|Earth Power|p2a: Glimmora
|-supereffective|p2a: Glimmora
|-damage|p2a: Glimmora|0 fnt
|faint|p2a: Glimmora
|
|upkeep
|
|t:|1769433338
|switch|p2a: Salazzle|Salazzle, F|100/100
|-damage|p2a: Salazzle|76/100|[from] Stealth Rock
|turn|11
|
|t:|1769433343
|move|p1a: Glimmora|Earth Power|p2a: Salazzle
|-supereffective|p2a: Salazzle
|-damage|p2a: Salazzle|0 fnt
|faint|p2a: Salazzle
|
|upkeep
|
|t:|1769433350
|switch|p2a: Toxapex|Toxapex, F, shiny|100/100
|-damage|p2a: Toxapex|88/100|[from] Stealth Rock
|turn|12
|
|t:|1769433368
|move|p1a: Glimmora|Earth Power|p2a: Toxapex
|-supereffective|p2a: Toxapex
|-damage|p2a: Toxapex|51/100
|move|p2a: Toxapex|Surf|p1a: Glimmora
|-supereffective|p1a: Glimmora
|-damage|p1a: Glimmora|0 fnt
|faint|p1a: Glimmora
|
|-heal|p2a: Toxapex|57/100|[from] item: Black Sludge
|upkeep
|
|t:|1769433385
|switch|p1a: Iron Hands|Iron Hands|100/100
|-damage|p1a: Iron Hands|94/100|[from] Stealth Rock
|-enditem|p1a: Iron Hands|Booster Energy
|-activate|p1a: Iron Hands|ability: Quark Drive|[fromitem]
|-start|p1a: Iron Hands|quarkdriveatk
|turn|13
|
|t:|1769433392
|move|p2a: Toxapex|Baneful Bunker|p2a: Toxapex
|-singleturn|p2a: Toxapex|move: Protect
|move|p1a: Iron Hands|Earthquake|p2a: Toxapex
|-activate|p2a: Toxapex|move: Protect
|
|-heal|p2a: Toxapex|63/100|[from] item: Black Sludge
|upkeep
|turn|14
|
|t:|1769433404
|move|p1a: Iron Hands|Earthquake|p2a: Toxapex
|-supereffective|p2a: Toxapex
|-damage|p2a: Toxapex|0 fnt
|faint|p2a: Toxapex
|
|upkeep
|
|t:|1769433418
|switch|p2a: Amoonguss|Amoonguss, M|100/100
|-damage|p2a: Amoonguss|88/100|[from] Stealth Rock
|turn|15
|inactive|Eldeon B has 120 seconds left.
|
|t:|1769433449
|move|p1a: Iron Hands|Ice Punch|p2a: Amoonguss
|-supereffective|p2a: Amoonguss
|-crit|p2a: Amoonguss
|-damage|p2a: Amoonguss|13/100
|move|p2a: Amoonguss|Foul Play|p1a: Iron Hands
|-resisted|p1a: Iron Hands
|-damage|p1a: Iron Hands|82/100
|
|-heal|p2a: Amoonguss|20/100|[from] item: Black Sludge
|upkeep
|turn|16
|
|t:|1769433460
|move|p1a: Iron Hands|Ice Punch|p2a: Amoonguss
|-supereffective|p2a: Amoonguss
|-damage|p2a: Amoonguss|0 fnt
|faint|p2a: Amoonguss
|
|upkeep
|
|t:|1769433469
|switch|p2a: Skuntank|Skuntank, M|53/100
|-damage|p2a: Skuntank|41/100|[from] Stealth Rock
|turn|17
|
|t:|1769433484
|move|p2a: Skuntank|Toxic Spikes|p1a: Iron Hands
|-sidestart|p1: Eldeon B|move: Toxic Spikes
|move|p1a: Iron Hands|Earthquake|p2a: Skuntank
|-supereffective|p2a: Skuntank
|-damage|p2a: Skuntank|0 fnt
|faint|p2a: Skuntank
|
|upkeep
|inactive|titou2489 has 120 seconds left.
|
|t:|1769433519
|switch|p2a: Clodsire|Clodsire, M|100/100
|-damage|p2a: Clodsire|94/100|[from] Stealth Rock
|turn|18
|
|t:|1769433527
|move|p1a: Iron Hands|Earthquake|p2a: Clodsire
|-supereffective|p2a: Clodsire
|-damage|p2a: Clodsire|0 fnt
|faint|p2a: Clodsire
|
|win|Eldeon B
|raw|Eldeon B's rating: 1205 &rarr; <strong>1229</strong><br />(+24 for winning)
|raw|titou2489's rating: 1191 &rarr; <strong>1167</strong><br />(-24 for losing)
|l|☆titou2489
|player|p2|
|l|‽Eldeon B
|player|p1|
