|j|☆TT bennogivesback
|j|☆Olive 40
|t:|1769395212
|gametype|singles
|player|p1|TT bennogivesback|pokekid|1078
|player|p2|Olive 40|rosa|1054
|gen|9
|tier|[Gen 9] OU
|rated|
|rule|HP Percentage Mod: HP is shown in percentages
|rule|Endless Battle Clause: Forcing endless battles is banned
|rule|Species Clause: Limit one of each Pokémon
|rule|OHKO Clause: OHKO moves are banned
|rule|Evasion Items Clause: Evasion items are banned
|rule|Evasion Moves Clause: Evasion moves are banned
|rule|Evasion Abilities Clause: Evasion abilities are banned
|rule|Sleep Moves Clause: Sleep-inducing moves are banned
|clearpoke
|poke|p1|Zamazenta-*|
|poke|p1|Kyurem|
|poke|p1|Iron Treads|
|poke|p1|Tornadus-Therian, M|
|poke|p1|Pecharunt|
|poke|p1|Ting-Lu|
|poke|p2|Rotom-Mow|
|poke|p2|Salazzle, F|
|poke|p2|Necrozma|
|poke|p2|Slowbro, M|
|poke|p2|Haunter, M|
|poke|p2|Great Tusk|
|teampreview
|inactive|Battle timer is ON: inactive players will automatically lose when time's up. (requested by Olive 40)
|
|t:|1769395215
|teamsize|p1|6
|teamsize|p2|6
|start
|switch|p1a: Ting-Lu|Ting-Lu|100/100
|switch|p2a: Rotom|Rotom-Mow|100/100
|-ability|p1a: Ting-Lu|Vessel of Ruin
|turn|1
|
|t:|1769395238
|-terastallize|p1a: Ting-Lu|Ghost
|move|p2a: Rotom|Will-O-Wisp|p1a: Ting-Lu
|-status|p1a: Ting-Lu|brn
|move|p1a: Ting-Lu|Spikes|p2a: Rotom
|-sidestart|p2: Olive 40|Spikes
|
|-damage|p1a: Ting-Lu|94/100 brn|[from] brn
|upkeep
|turn|2
|
|t:|1769395248
|move|p2a: Rotom|Hex|p1a: Ting-Lu
|-supereffective|p1a: Ting-Lu
|-damage|p1a: Ting-Lu|59/100 brn
|move|p1a: Ting-Lu|Spikes|p2a: Rotom
|-sidestart|p2: Olive 40|Spikes
|
|-heal|p1a: Ting-Lu|66/100 brn|[from] item: Leftovers
|-damage|p1a: Ting-Lu|59/100 brn|[from] brn
|upkeep
|turn|3
|
|t:|1769395259
|move|p2a: Rotom|Volt Switch|p1a: Ting-Lu
|-damage|p1a: Ting-Lu|45/100 brn
|
|t:|1769395262
|switch|p2a: Great Tusk|Great Tusk|100/100|[from] Volt Switch
|move|p1a: Ting-Lu|Whirlwind|p2a: Great Tusk
|-end|p2a: Great Tusk|Protosynthesis|[silent]
|drag|p2a: Necrozma|Necrozma, shiny|100/100
|-damage|p2a: Necrozma|84/100|[from] Spikes
|
|-heal|p1a: Ting-Lu|51/100 brn|[from] item: Leftovers
|-damage|p1a: Ting-Lu|45/100 brn|[from] brn
|upkeep
|turn|4
|
|t:|1769395277
|move|p2a: Necrozma|Meteor Beam||[still]
|-prepare|p2a: Necrozma|Meteor Beam
|-boost|p2a: Necrozma|spa|1
|-enditem|p2a: Necrozma|Power Herb
|-anim|p2a: Necrozma|Meteor Beam|p1a: Ting-Lu
|-damage|p1a: Ting-Lu|11/100 brn
|move|p1a: Ting-Lu|Spikes|p2a: Necrozma
|-sidestart|p2: Olive 40|Spikes
|
|-heal|p1a: Ting-Lu|17/100 brn|[from] item: Leftovers
|-damage|p1a: Ting-Lu|11/100 brn|[from] brn
|upkeep
|turn|5
|
|t:|1769395295
|move|p2a: Necrozma|Charge Beam|p1a: Ting-Lu
|-crit|p1a: Ting-Lu
|-damage|p1a: Ting-Lu|0 fnt
|-boost|p2a: Necrozma|spa|1
|faint|p1a: Ting-Lu
|
|upkeep
|
|t:|1769395298
|switch|p1a: Iron Treads|Iron Treads|100/100
|turn|6
|
|t:|1769395310
|move|p1a: Iron Treads|Stealth Rock|p2a: Necrozma
|-sidestart|p2: Olive 40|move: Stealth Rock
|move|p2a: Necrozma|Photon Geyser|p1a: Iron Treads
|-resisted|p1a: Iron Treads
|-damage|p1a: Iron Treads|50/100
|
|-heal|p1a: Iron Treads|56/100|[from] item: Leftovers
|upkeep
|turn|7
|
|t:|1769395320
|move|p1a: Iron Treads|Earthquake|p2a: Necrozma
|-damage|p2a: Necrozma|49/100
|move|p2a: Necrozma|Photon Geyser|p1a: Iron Treads
|-resisted|p1a: Iron Treads
|-damage|p1a: Iron Treads|5/100
|
|-heal|p1a: Iron Treads|11/100|[from] item: Leftovers
|upkeep
|turn|8
|
|t:|1769395333
|move|p1a: Iron Treads|Earthquake|p2a: Necrozma
|-damage|p2a: Necrozma|10/100
|move|p2a: Necrozma|Photon Geyser|p1a: Iron Treads
|-resisted|p1a: Iron Treads
|-damage|p1a: Iron Treads|0 fnt
|faint|p1a: Iron Treads
|-end|p1a: Iron Treads|Quark Drive|[silent]
|
|upkeep
|
|t:|1769395340
|switch|p1a: Zamazenta|Zamazenta|100/100
|-ability|p1a: Zamazenta|Dauntless Shield|boost
|-boost|p1a: Zamazenta|def|1
|turn|9
|
|t:|1769395349
|move|p1a: Zamazenta|Crunch|p2a: Necrozma
|-supereffective|p2a: Necrozma
|-damage|p2a: Necrozma|0 fnt
|faint|p2a: Necrozma
|
|upkeep
|
|t:|1769395363
|switch|p2a: Great Tusk|Great Tusk|100/100
|turn|10
|
|t:|1769395370
|move|p1a: Zamazenta|Iron Defense|p1a: Zamazenta
|-boost|p1a: Zamazenta|def|2
|move|p2a: Great Tusk|Rapid Spin|p1a: Zamazenta
|-damage|p1a: Zamazenta|95/100
|-boost|p2a: Great Tusk|spe|1
|-sideend|p2: Olive 40|Spikes|[from] move: Rapid Spin|[of] p2a: Great Tusk
|-sideend|p2: Olive 40|Stealth Rock|[from] move: Rapid Spin|[of] p2a: Great Tusk
|
|-heal|p1a: Zamazenta|100/100|[from] item: Leftovers
|upkeep
|turn|11
|
|t:|1769395384
|move|p2a: Great Tusk|Headlong Rush|p1a: Zamazenta
|-damage|p1a: Zamazenta|83/100
|-unboost|p2a: Great Tusk|def|1
|-unboost|p2a: Great Tusk|spd|1
|move|p1a: Zamazenta|Iron Defense|p1a: Zamazenta
|-boost|p1a: Zamazenta|def|2
|
|-heal|p1a: Zamazenta|89/100|[from] item: Leftovers
|upkeep
|turn|12
|
|t:|1769395401
|move|p2a: Great Tusk|Close Combat|p1a: Zamazenta
|-damage|p1a: Zamazenta|76/100
|-unboost|p2a: Great Tusk|def|1
|-unboost|p2a: Great Tusk|spd|1
|move|p1a: Zamazenta|Body Press|p2a: Great Tusk
|-damage|p2a: Great Tusk|0 fnt
|faint|p2a: Great Tusk
|-end|p2a: Great Tusk|Protosynthesis|[silent]
|
|-heal|p1a: Zamazenta|82/100|[from] item: Leftovers
|upkeep
|
|t:|1769395417
|switch|p2a: Haunter|Haunter, M, shiny|100/100
|turn|13
|
|t:|1769395422
|move|p1a: Zamazenta|Crunch|p2a: Haunter
|-supereffective|p2a: Haunter
|-damage|p2a: Haunter|26/100
|move|p2a: Haunter|Dazzling Gleam|p1a: Zamazenta
|-supereffective|p1a: Zamazenta
|-damage|p1a: Zamazenta|35/100
|
|-heal|p1a: Zamazenta|41/100|[from] item: Leftovers
|upkeep
|turn|14
|
|t:|1769395433
|move|p1a: Zamazenta|Crunch|p2a: Haunter
|-supereffective|p2a: Haunter
|-damage|p2a: Haunter|0 fnt
|faint|p2a: Haunter
|
|-heal|p1a: Zamazenta|48/100|[from] item: Leftovers
|upkeep
|
|t:|1769395441
|switch|p2a: Slowbro|Slowbro, M, shiny|100/100
|turn|15
|inactive|TT bennogivesback has 120 seconds left.
|inactive|TT bennogivesback has 90 seconds left.
|inactive|TT bennogivesback has 60 seconds left.
|inactive|TT bennogivesback has 30 seconds left.
|inactive|TT bennogivesback has 20 seconds left.
|inactive|TT bennogivesback has 15 seconds left.
|inactive|TT bennogivesback has 10 seconds left.
|inactive|TT bennogivesback has 5 seconds left.
|-message|TT bennogivesback lost due to inactivity.
|
|win|Olive 40
|raw|TT bennogivesback's rating: 1078 &rarr; <strong>1055</strong><br />(-23 for losing)
|raw|Olive 40's rating: 1054 &rarr; <strong>1088</strong><br />(+34 for winning)
|l|☆Olive 40
|player|p2|
|l|☆TT bennogivesback
|player|p1|
