|j|☆ernozo
|j|☆wugui2026
|t:|1769439862
|gametype|singles
|player|p1|ernozo|grusha|1459
|player|p2|wugui2026|170|1522
|gen|9
|tier|[Gen 9] OU
|rated|
|rule|HP Percentage Mod: HP is shown in percentages
|rule|Endless Battle Clause: Forcing endless battles is banned
|rule|Species Clause: Limit one of each Pokémon
|rule|OHKO Clause: OHKO moves are banned
|rule|Evasion Items Clause: Evasion items are banned
|rule|Evasion Moves Clause: Evasion moves are banned
|rule|Evasion Abilities Clause: Evasion abilities are banned
|rule|Sleep Moves Clause: Sleep-inducing moves are banned
|clearpoke
|poke|p1|Ninetales-Alola, M|
|poke|p1|Frosmoth, M|
|poke|p1|Froslass, F|
|poke|p1|Glastrier|
|poke|p1|Kyurem|
|poke|p1|Cloyster, F|
|poke|p2|Glimmora, M|
|poke|p2|Iron Treads|
|poke|p2|Polteageist-Antique|
|poke|p2|Raging Bolt|
|poke|p2|Dragonite, M|
|poke|p2|Zamazenta-*|
|teampreview
|inactive|Battle timer is ON: inactive players will automatically lose when time's up. (requested by wugui2026)
|
|t:|1769439877
|teamsize|p1|6
|teamsize|p2|6
|start
|switch|p1a: Frosmoth|Frosmoth, M|100/100
|switch|p2a: 钉子|Glimmora, M|100/100
|turn|1
|
|t:|1769439885
|move|p2a: 钉子|Power Gem|p1a: Frosmoth
|-supereffective|p1a: Frosmoth
|-damage|p1a: Frosmoth|0 fnt
|faint|p1a: Frosmoth
|
|upkeep
|
|t:|1769439889
|switch|p1a: Ninetales|Ninetales-Alola, M|100/100
|-weather|Snowscape|[from] ability: Snow Warning|[of] p1a: Ninetales
|turn|2
|
|t:|1769439898
|move|p2a: 钉子|Power Gem|p1a: Ninetales
|-supereffective|p1a: Ninetales
|-damage|p1a: Ninetales|0 fnt
|faint|p1a: Ninetales
|
|-weather|Snowscape|[upkeep]
|upkeep
|
|t:|1769439908
|switch|p1a: Cloyster|Cloyster, F|100/100
|turn|3
|
|t:|1769439911
|move|p2a: 钉子|Power Gem|p1a: Cloyster
|-supereffective|p1a: Cloyster
|-enditem|p1a: Cloyster|Focus Sash
|-damage|p1a: Cloyster|1/100
|move|p1a: Cloyster|Waterfall|p2a: 钉子
|-supereffective|p2a: 钉子
|-damage|p2a: 钉子|4/100
|-activate|p2a: 钉子|ability: Toxic Debris
|-sidestart|p1: ernozo|move: Toxic Spikes
|
|-weather|Snowscape|[upkeep]
|upkeep
|turn|4
|
|t:|1769439921
|switch|p2a: 格斗肥大|Zamazenta|100/100
|-ability|p2a: 格斗肥大|Dauntless Shield|boost
|-boost|p2a: 格斗肥大|def|1
|move|p1a: Cloyster|Waterfall|p2a: 格斗肥大
|-damage|p2a: 格斗肥大|83/100
|
|-weather|Snowscape|[upkeep]
|-heal|p2a: 格斗肥大|90/100|[from] item: Leftovers
|upkeep
|turn|5
|
|t:|1769439928
|move|p2a: 格斗肥大|Iron Defense|p2a: 格斗肥大
|-boost|p2a: 格斗肥大|def|2
|move|p1a: Cloyster|Shell Smash|p1a: Cloyster
|-unboost|p1a: Cloyster|def|1
|-unboost|p1a: Cloyster|spd|1
|-boost|p1a: Cloyster|atk|2
|-boost|p1a: Cloyster|spa|2
|-boost|p1a: Cloyster|spe|2
|
|-weather|Snowscape|[upkeep]
|-heal|p2a: 格斗肥大|96/100|[from] item: Leftovers
|upkeep
|turn|6
|
|t:|1769439933
|move|p1a: Cloyster|Waterfall|p2a: 格斗肥大
|-damage|p2a: 格斗肥大|76/100
|move|p2a: 格斗肥大|Body Press|p1a: Cloyster
|-supereffective|p1a: Cloyster
|-damage|p1a: Cloyster|0 fnt
|faint|p1a: Cloyster
|
|-weather|none
|-heal|p2a: 格斗肥大|83/100|[from] item: Leftovers
|upkeep
|
|t:|1769439937
|switch|p1a: Froslass|Froslass, F|100/100
|-status|p1a: Froslass|psn
|turn|7
|
|t:|1769439956
|move|p2a: 格斗肥大|Crunch|p1a: Froslass
|-supereffective|p1a: Froslass
|-damage|p1a: Froslass|48/100 psn
|-start|p2a: 格斗肥大|Disable|Crunch|[from] ability: Cursed Body|[of] p1a: Froslass
|move|p1a: Froslass|Icy Wind|p2a: 格斗肥大
|-damage|p2a: 格斗肥大|68/100
|-unboost|p2a: 格斗肥大|spe|1
|
|-heal|p2a: 格斗肥大|74/100|[from] item: Leftovers
|-damage|p1a: Froslass|36/100 psn|[from] psn
|upkeep
|turn|8
|
|t:|1769439980
|switch|p2a: 我没带地震|Iron Treads|100/100
|-enditem|p2a: 我没带地震|Booster Energy
|-activate|p2a: 我没带地震|ability: Quark Drive|[fromitem]
|-start|p2a: 我没带地震|quarkdrivespe
|move|p1a: Froslass|Destiny Bond|p1a: Froslass
|-singlemove|p1a: Froslass|Destiny Bond
|
|-damage|p1a: Froslass|24/100 psn|[from] psn
|upkeep
|turn|9
|
|t:|1769439992
|move|p2a: 我没带地震|Knock Off|p1a: Froslass
|-supereffective|p1a: Froslass
|-damage|p1a: Froslass|0 fnt
|-enditem|p1a: Froslass|Focus Sash|[from] move: Knock Off|[of] p2a: 我没带地震
|faint|p1a: Froslass
|-activate|p1a: Froslass|move: Destiny Bond
|faint|p2a: 我没带地震
|-end|p2a: 我没带地震|Quark Drive|[silent]
|
|upkeep
|
|t:|1769439997
|switch|p1a: Kyurem|Kyurem|100/100
|switch|p2a: 格斗肥大|Zamazenta|74/100
|-status|p1a: Kyurem|psn
|-ability|p1a: Kyurem|Pressure
|turn|10
|
|t:|1769440002
|-terastallize|p1a: Kyurem|Ghost
|move|p2a: 格斗肥大|Body Press|p1a: Kyurem
|-immune|p1a: Kyurem
|move|p1a: Kyurem|Dragon Dance|p1a: Kyurem
|-boost|p1a: Kyurem|atk|1
|-boost|p1a: Kyurem|spe|1
|
|-heal|p2a: 格斗肥大|81/100|[from] item: Leftovers
|-damage|p1a: Kyurem|88/100 psn|[from] psn
|upkeep
|turn|11
|
|t:|1769440008
|move|p1a: Kyurem|Icicle Spear|p2a: 格斗肥大
|-damage|p2a: 格斗肥大|67/100
|-damage|p2a: 格斗肥大|51/100
|-damage|p2a: 格斗肥大|36/100
|-damage|p2a: 格斗肥大|21/100
|-hitcount|p2a: 格斗肥大|4
|move|p2a: 格斗肥大|Crunch|p1a: Kyurem
|-supereffective|p1a: Kyurem
|-damage|p1a: Kyurem|46/100 psn
|
|-heal|p2a: 格斗肥大|27/100|[from] item: Leftovers
|-damage|p1a: Kyurem|34/100 psn|[from] psn
|upkeep
|turn|12
|inactive|wugui2026 has 120 seconds left.
|inactive|wugui2026 has 90 seconds left.
|
|t:|1769440098
|move|p1a: Kyurem|Icicle Spear|p2a: 格斗肥大
|-damage|p2a: 格斗肥大|13/100
|-damage|p2a: 格斗肥大|0 fnt
|faint|p2a: 格斗肥大
|-hitcount|p2: 格斗肥大|2
|
|-damage|p1a: Kyurem|22/100 psn|[from] psn
|upkeep
|
|t:|1769440104
|switch|p2a: 钛晶格斗弄死你|Polteageist-Antique|100/100
|turn|13
|
|t:|1769440111
|move|p1a: Kyurem|Icicle Spear|p2a: 钛晶格斗弄死你
|-damage|p2a: 钛晶格斗弄死你|61/100
|-ability|p2a: 钛晶格斗弄死你|Weak Armor|boost
|-unboost|p2a: 钛晶格斗弄死你|def|1
|-boost|p2a: 钛晶格斗弄死你|spe|2
|-damage|p2a: 钛晶格斗弄死你|5/100
|-ability|p2a: 钛晶格斗弄死你|Weak Armor|boost
|-unboost|p2a: 钛晶格斗弄死你|def|1
|-boost|p2a: 钛晶格斗弄死你|spe|2
|-damage|p2a: 钛晶格斗弄死你|0 fnt
|faint|p2a: 钛晶格斗弄死你
|-hitcount|p2: 钛晶格斗弄死你|3
|
|-damage|p1a: Kyurem|9/100 psn|[from] psn
|upkeep
|
|t:|1769440114
|switch|p2a: 电肥大|Raging Bolt|100/100
|-enditem|p2a: 电肥大|Booster Energy
|-activate|p2a: 电肥大|ability: Protosynthesis|[fromitem]
|-start|p2a: 电肥大|protosynthesisspa
|turn|14
|
|t:|1769440117
|move|p2a: 电肥大|Thunderclap|p1a: Kyurem
|-damage|p1a: Kyurem|0 fnt
|faint|p1a: Kyurem
|
|upkeep
|
|t:|1769440120
|switch|p1a: Glastrier|Glastrier|100/100
|-status|p1a: Glastrier|psn
|turn|15
|inactive|wugui2026 has 90 seconds left.
|
|t:|1769440143
|move|p2a: 电肥大|Thunderbolt|p1a: Glastrier
|-damage|p1a: Glastrier|66/100 psn
|move|p1a: Glastrier|Icicle Crash|p2a: 电肥大|[miss]
|-miss|p1a: Glastrier|p2a: 电肥大
|
|-damage|p1a: Glastrier|54/100 psn|[from] psn
|upkeep
|turn|16
|
|t:|1769440150
|move|p2a: 电肥大|Dragon Pulse|p1a: Glastrier
|-damage|p1a: Glastrier|20/100 psn
|move|p1a: Glastrier|Icicle Crash|p2a: 电肥大
|-supereffective|p2a: 电肥大
|-damage|p2a: 电肥大|0 fnt
|faint|p2a: 电肥大
|-end|p2a: 电肥大|Protosynthesis|[silent]
|-ability|p1a: Glastrier|Chilling Neigh|boost
|-boost|p1a: Glastrier|atk|1
|
|-damage|p1a: Glastrier|8/100 psn|[from] psn
|upkeep
|-message|ernozo forfeited.
|
|win|wugui2026
|raw|ernozo's rating: 1459 &rarr; <strong>1443</strong><br />(-16 for losing)
|raw|wugui2026's rating: 1522 &rarr; <strong>1538</strong><br />(+16 for winning)
|l|☆ernozo
|player|p1|
|l|☆wugui2026
|player|p2|
