|j|☆1337muffin1337
|j|☆heibaimoce
|t:|1769410273
|gametype|singles
|player|p1|1337muffin1337|misty|1075
|player|p2|heibaimoce|266|1062
|gen|9
|tier|[Gen 9] OU
|rated|
|rule|HP Percentage Mod: HP is shown in percentages
|rule|Endless Battle Clause: Forcing endless battles is banned
|rule|Species Clause: Limit one of each Pokémon
|rule|OHKO Clause: OHKO moves are banned
|rule|Evasion Items Clause: Evasion items are banned
|rule|Evasion Moves Clause: Evasion moves are banned
|rule|Evasion Abilities Clause: Evasion abilities are banned
|rule|Sleep Moves Clause: Sleep-inducing moves are banned
|clearpoke
|poke|p1|Articuno|
|poke|p1|Venusaur, F|
|poke|p1|Blastoise, M|
|poke|p1|Darkrai|
|poke|p1|Iron Treads|
|poke|p1|Conkeldurr, M|
|poke|p2|Rillaboom, F|
|poke|p2|Garganacl, M|
|poke|p2|Zapdos|
|poke|p2|Armarouge, M|
|poke|p2|Umbreon, M|
|poke|p2|Indeedee, M|
|teampreview
|
|t:|1769410306
|teamsize|p1|6
|teamsize|p2|6
|start
|switch|p1a: Articuno|Articuno, shiny|100/100
|switch|p2a: Rillaboom|Rillaboom, F|100/100
|-fieldstart|move: Grassy Terrain|[from] ability: Grassy Surge|[of] p2a: Rillaboom
|-ability|p1a: Articuno|Pressure
|turn|1
|inactive|Battle timer is ON: inactive players will automatically lose when time's up. (requested by 1337muffin1337)
|
|t:|1769410319
|move|p2a: Rillaboom|Knock Off|p1a: Articuno
|-damage|p1a: Articuno|73/100
|-damage|p2a: Rillaboom|84/100|[from] item: Rocky Helmet|[of] p1a: Articuno
|-enditem|p1a: Articuno|Rocky Helmet|[from] move: Knock Off|[of] p2a: Rillaboom
|move|p1a: Articuno|Rain Dance|p1a: Articuno
|-weather|RainDance
|
|-weather|RainDance|[upkeep]
|-heal|p2a: Rillaboom|90/100|[from] Grassy Terrain
|upkeep
|turn|2
|
|t:|1769410331
|switch|p2a: Garganacl|Garganacl, M|100/100
|move|p1a: Articuno|Ice Beam|p2a: Garganacl
|-damage|p2a: Garganacl|72/100
|
|-weather|RainDance|[upkeep]
|-heal|p2a: Garganacl|78/100|[from] Grassy Terrain
|upkeep
|turn|3
|
|t:|1769410345
|switch|p1a: Blastoise|Blastoise, M|100/100
|move|p2a: Garganacl|Salt Cure|p1a: Blastoise
|-damage|p1a: Blastoise|87/100
|-start|p1a: Blastoise|Salt Cure
|
|-weather|RainDance|[upkeep]
|-heal|p1a: Blastoise|93/100|[from] ability: Rain Dish
|-heal|p1a: Blastoise|99/100|[from] Grassy Terrain
|-heal|p2a: Garganacl|84/100|[from] Grassy Terrain
|-damage|p1a: Blastoise|74/100|[from] Salt Cure
|upkeep
|turn|4
|
|t:|1769410358
|switch|p2a: Zapdos|Zapdos|100/100
|move|p1a: Blastoise|Water Spout|p2a: Zapdos
|-damage|p2a: Zapdos|25/100
|
|-weather|RainDance|[upkeep]
|-heal|p1a: Blastoise|81/100|[from] ability: Rain Dish
|-heal|p1a: Blastoise|87/100|[from] Grassy Terrain
|-damage|p1a: Blastoise|62/100|[from] Salt Cure
|upkeep
|turn|5
|
|t:|1769410370
|move|p2a: Zapdos|Discharge|p1a: Blastoise
|-supereffective|p1a: Blastoise
|-damage|p1a: Blastoise|0 fnt
|faint|p1a: Blastoise
|-damage|p2a: Zapdos|15/100|[from] item: Life Orb
|
|-weather|none
|-fieldend|move: Grassy Terrain
|upkeep
|
|t:|1769410376
|switch|p1a: Conkeldurr|Conkeldurr, M|100/100
|turn|6
|
|t:|1769410386
|switch|p2a: Armarouge|Armarouge, M|100/100
|move|p1a: Conkeldurr|Mach Punch|p2a: Armarouge
|-resisted|p2a: Armarouge
|-damage|p2a: Armarouge|87/100
|-ability|p2a: Armarouge|Weak Armor|boost
|-unboost|p2a: Armarouge|def|1
|-boost|p2a: Armarouge|spe|2
|
|upkeep
|turn|7
|
|t:|1769410410
|switch|p1a: Iron Treads|Iron Treads|100/100
|-enditem|p1a: Iron Treads|Booster Energy
|-activate|p1a: Iron Treads|ability: Quark Drive|[fromitem]
|-start|p1a: Iron Treads|quarkdrivespe
|move|p2a: Armarouge|Calm Mind|p2a: Armarouge
|-boost|p2a: Armarouge|spa|1
|-boost|p2a: Armarouge|spd|1
|
|upkeep
|turn|8
|
|t:|1769410424
|-terastallize|p2a: Armarouge|Fire
|move|p1a: Iron Treads|Earthquake|p2a: Armarouge
|-supereffective|p2a: Armarouge
|-damage|p2a: Armarouge|0 fnt
|faint|p2a: Armarouge
|
|upkeep
|
|t:|1769410432
|switch|p2a: Rillaboom|Rillaboom, F|90/100
|-fieldstart|move: Grassy Terrain|[from] ability: Grassy Surge|[of] p2a: Rillaboom
|turn|9
|
|t:|1769410440
|-end|p1a: Iron Treads|Quark Drive|[silent]
|switch|p1a: Articuno|Articuno, shiny|73/100
|-ability|p1a: Articuno|Pressure
|move|p2a: Rillaboom|Grassy Glide|p1a: Articuno
|-resisted|p1a: Articuno
|-damage|p1a: Articuno|57/100
|
|-heal|p2a: Rillaboom|96/100|[from] Grassy Terrain
|upkeep
|turn|10
|
|t:|1769410453
|switch|p2a: Garganacl|Garganacl, M|84/100
|move|p1a: Articuno|Hurricane|p2a: Garganacl
|-resisted|p2a: Garganacl
|-damage|p2a: Garganacl|68/100
|
|-heal|p2a: Garganacl|74/100|[from] Grassy Terrain
|upkeep
|turn|11
|
|t:|1769410467
|switch|p1a: Iron Treads|Iron Treads|100/100
|move|p2a: Garganacl|Salt Cure|p1a: Iron Treads
|-resisted|p1a: Iron Treads
|-damage|p1a: Iron Treads|98/100
|-start|p1a: Iron Treads|Salt Cure
|
|-heal|p1a: Iron Treads|100/100|[from] Grassy Terrain
|-heal|p2a: Garganacl|80/100|[from] Grassy Terrain
|-damage|p1a: Iron Treads|76/100|[from] Salt Cure
|upkeep
|turn|12
|
|t:|1769410479
|move|p1a: Iron Treads|Earthquake|p2a: Garganacl
|-supereffective|p2a: Garganacl
|-damage|p2a: Garganacl|51/100
|move|p2a: Garganacl|Iron Defense|p2a: Garganacl
|-boost|p2a: Garganacl|def|2
|
|-heal|p1a: Iron Treads|82/100|[from] Grassy Terrain
|-heal|p2a: Garganacl|57/100|[from] Grassy Terrain
|-damage|p1a: Iron Treads|57/100|[from] Salt Cure
|upkeep
|turn|13
|
|t:|1769410489
|-end|p1a: Iron Treads|Quark Drive|[silent]
|switch|p1a: Venusaur|Venusaur, F, shiny|100/100
|move|p2a: Garganacl|Recover|p2a: Garganacl
|-heal|p2a: Garganacl|100/100
|
|-fieldend|move: Grassy Terrain
|upkeep
|turn|14
|
|t:|1769410497
|switch|p2a: Umbreon|Umbreon, M|100/100
|move|p1a: Venusaur|Power Whip|p2a: Umbreon|[miss]
|-miss|p1a: Venusaur|p2a: Umbreon
|
|upkeep
|turn|15
|
|t:|1769410505
|move|p1a: Venusaur|Toxic|p2a: Umbreon
|-status|p2a: Umbreon|tox
|-activate|p2a: Umbreon|ability: Synchronize
|-immune|p1a: Venusaur
|move|p2a: Umbreon|Light Screen|p2a: Umbreon
|-sidestart|p2: heibaimoce|move: Light Screen
|
|-damage|p2a: Umbreon|94/100 tox|[from] psn
|upkeep
|turn|16
|
|t:|1769410515
|move|p1a: Venusaur|Giga Drain|p2a: Umbreon
|-damage|p2a: Umbreon|87/100 tox
|move|p2a: Umbreon|Foul Play|p1a: Venusaur
|-damage|p1a: Venusaur|71/100
|
|-heal|p1a: Venusaur|77/100|[from] item: Leftovers
|-damage|p2a: Umbreon|74/100 tox|[from] psn
|upkeep
|turn|17
|
|t:|1769410525
|move|p1a: Venusaur|Power Whip|p2a: Umbreon
|-damage|p2a: Umbreon|50/100 tox
|-damage|p1a: Venusaur|60/100|[from] item: Rocky Helmet|[of] p2a: Umbreon
|move|p2a: Umbreon|Foul Play|p1a: Venusaur
|-damage|p1a: Venusaur|30/100
|
|-heal|p1a: Venusaur|36/100|[from] item: Leftovers
|-damage|p2a: Umbreon|32/100 tox|[from] psn
|upkeep
|turn|18
|
|t:|1769410536
|move|p1a: Venusaur|Giga Drain|p2a: Umbreon
|-damage|p2a: Umbreon|23/100 tox
|-heal|p1a: Venusaur|41/100|[from] drain|[of] p2a: Umbreon
|move|p2a: Umbreon|Foul Play|p1a: Venusaur
|-damage|p1a: Venusaur|12/100
|
|-heal|p1a: Venusaur|18/100|[from] item: Leftovers
|-damage|p2a: Umbreon|0 fnt|[from] psn
|faint|p2a: Umbreon
|upkeep
|
|t:|1769410541
|switch|p2a: Indeedee|Indeedee, M|100/100
|-fieldstart|move: Psychic Terrain|[from] ability: Psychic Surge|[of] p2a: Indeedee
|turn|19
|
|t:|1769410565
|move|p2a: Indeedee|Expanding Force|p1a: Venusaur
|-supereffective|p1a: Venusaur
|-damage|p1a: Venusaur|0 fnt
|faint|p1a: Venusaur
|
|-sideend|p2: heibaimoce|move: Light Screen
|upkeep
|
|t:|1769410571
|switch|p1a: Darkrai|Darkrai|100/100
|turn|20
|
|t:|1769410575
|move|p1a: Darkrai|Dark Pulse|p2a: Indeedee
|-supereffective|p2a: Indeedee
|-damage|p2a: Indeedee|0 fnt
|faint|p2a: Indeedee
|
|upkeep
|
|t:|1769410581
|switch|p2a: Garganacl|Garganacl, M|100/100
|turn|21
|
|t:|1769410586
|move|p1a: Darkrai|Dark Pulse|p2a: Garganacl
|-damage|p2a: Garganacl|73/100
|move|p2a: Garganacl|Salt Cure|p1a: Darkrai
|-damage|p1a: Darkrai|79/100
|-start|p1a: Darkrai|Salt Cure
|
|-damage|p1a: Darkrai|67/100|[from] Salt Cure
|upkeep
|turn|22
|
|t:|1769410595
|switch|p1a: Conkeldurr|Conkeldurr, M|100/100
|move|p2a: Garganacl|Protect||[still]
|-fail|p2a: Garganacl
|
|upkeep
|turn|23
|
|t:|1769410602
|move|p1a: Conkeldurr|Drain Punch|p2a: Garganacl
|-supereffective|p2a: Garganacl
|-damage|p2a: Garganacl|0 fnt
|faint|p2a: Garganacl
|
|-fieldend|move: Psychic Terrain
|upkeep
|
|t:|1769410609
|switch|p2a: Rillaboom|Rillaboom, F|96/100
|-fieldstart|move: Grassy Terrain|[from] ability: Grassy Surge|[of] p2a: Rillaboom
|turn|24
|
|t:|1769410614
|move|p2a: Rillaboom|Wood Hammer|p1a: Conkeldurr
|-damage|p1a: Conkeldurr|36/100
|-damage|p2a: Rillaboom|71/100|[from] Recoil
|move|p1a: Conkeldurr|Ice Punch|p2a: Rillaboom
|-supereffective|p2a: Rillaboom
|-damage|p2a: Rillaboom|0 fnt
|faint|p2a: Rillaboom
|
|-heal|p1a: Conkeldurr|43/100|[from] Grassy Terrain
|upkeep
|
|t:|1769410622
|switch|p2a: Zapdos|Zapdos|15/100
|turn|25
|
|t:|1769410628
|move|p2a: Zapdos|Discharge|p1a: Conkeldurr
|-damage|p1a: Conkeldurr|0 fnt
|faint|p1a: Conkeldurr
|-damage|p2a: Zapdos|5/100|[from] item: Life Orb
|
|upkeep
|
|t:|1769410634
|switch|p1a: Darkrai|Darkrai|67/100
|turn|26
|
|t:|1769410637
|move|p1a: Darkrai|Dark Pulse|p2a: Zapdos
|-damage|p2a: Zapdos|0 fnt
|faint|p2a: Zapdos
|
|win|1337muffin1337
|raw|1337muffin1337's rating: 1075 &rarr; <strong>1103</strong><br />(+28 for winning)
|raw|heibaimoce's rating: 1062 &rarr; <strong>1043</strong><br />(-19 for losing)
|l|☆heibaimoce
|player|p2|
|l|☆1337muffin1337
|player|p1|
