|j|☆just dum luck
|j|☆bballtjh123
|t:|1769440462
|gametype|singles
|player|p1|just dum luck|waiter-gen4|1395
|player|p2|bballtjh123|170|1386
|gen|9
|tier|[Gen 9] OU
|rated|
|rule|HP Percentage Mod: HP is shown in percentages
|rule|Endless Battle Clause: Forcing endless battles is banned
|rule|Species Clause: Limit one of each Pokémon
|rule|OHKO Clause: OHKO moves are banned
|rule|Evasion Items Clause: Evasion items are banned
|rule|Evasion Moves Clause: Evasion moves are banned
|rule|Evasion Abilities Clause: Evasion abilities are banned
|rule|Sleep Moves Clause: Sleep-inducing moves are banned
|clearpoke
|poke|p1|Pelipper, F|
|poke|p1|Walking Wake|
|poke|p1|Tinkaton, F|
|poke|p1|Barraskewda, F|
|poke|p1|Zapdos|
|poke|p1|Hatterene, F|
|poke|p2|Kyurem|
|poke|p2|Slowking-Galar, F|
|poke|p2|Great Tusk|
|poke|p2|Rillaboom, F|
|poke|p2|Kingambit, F|
|poke|p2|Moltres|
|teampreview
|
|t:|1769440487
|teamsize|p1|6
|teamsize|p2|6
|start
|switch|p1a: Tinkaton|Tinkaton, F|100/100
|switch|p2a: Kyurem|Kyurem, shiny|100/100
|-ability|p2a: Kyurem|Pressure
|-ability|p1a: Tinkaton|Mold Breaker
|turn|1
|
|t:|1769440513
|switch|p2a: Moltres|Moltres|100/100
|move|p1a: Tinkaton|Stealth Rock|p2a: Moltres
|-sidestart|p2: bballtjh123|move: Stealth Rock
|
|upkeep
|turn|2
|
|t:|1769440526
|switch|p1a: Pelipper|Pelipper, F|100/100
|-weather|RainDance|[from] ability: Drizzle|[of] p1a: Pelipper
|move|p2a: Moltres|Flamethrower|p1a: Pelipper
|-resisted|p1a: Pelipper
|-damage|p1a: Pelipper|86/100
|
|-weather|RainDance|[upkeep]
|upkeep
|turn|3
|
|t:|1769440546
|move|p2a: Moltres|U-turn|p1a: Pelipper
|-resisted|p1a: Pelipper
|-damage|p1a: Pelipper|78/100
|
|t:|1769440555
|switch|p2a: Slowking|Slowking-Galar, F|100/100|[from] U-turn
|move|p1a: Pelipper|U-turn|p2a: Slowking
|-damage|p2a: Slowking|92/100
|
|t:|1769440567
|switch|p1a: Barraskewda|Barraskewda, F|100/100|[from] U-turn
|
|-weather|RainDance|[upkeep]
|upkeep
|turn|4
|
|t:|1769440592
|-terastallize|p1a: Barraskewda|Water
|-terastallize|p2a: Slowking|Poison
|move|p1a: Barraskewda|Flip Turn|p2a: Slowking
|-damage|p2a: Slowking|0 fnt
|faint|p2a: Slowking
|
|t:|1769440603
|switch|p1a: Walking Wake|Walking Wake|100/100|[from] Flip Turn
|
|-weather|RainDance|[upkeep]
|upkeep
|l|☆just dum luck
|player|p1|
|
|t:|1769440626
|switch|p2a: Rillaboom|Rillaboom, F|100/100
|-damage|p2a: Rillaboom|88/100|[from] Stealth Rock
|-fieldstart|move: Grassy Terrain|[from] ability: Grassy Surge|[of] p2a: Rillaboom
|turn|5
|j|☆just dum luck
|player|p1|just dum luck|waiter-gen4|
|
|t:|1769440635
|move|p2a: Rillaboom|Grassy Glide|p1a: Walking Wake
|-damage|p1a: Walking Wake|35/100
|move|p1a: Walking Wake|Draco Meteor|p2a: Rillaboom
|-damage|p2a: Rillaboom|1/100
|-unboost|p1a: Walking Wake|spa|2
|
|-weather|RainDance|[upkeep]
|-heal|p1a: Walking Wake|41/100|[from] Grassy Terrain
|-heal|p2a: Rillaboom|7/100|[from] Grassy Terrain
|upkeep
|turn|6
|
|t:|1769440648
|-end|p1a: Walking Wake|Protosynthesis|[silent]
|switch|p1a: Tinkaton|Tinkaton, F|100/100
|-ability|p1a: Tinkaton|Mold Breaker
|move|p2a: Rillaboom|Grassy Glide|p1a: Tinkaton
|-resisted|p1a: Tinkaton
|-damage|p1a: Tinkaton|68/100
|
|-weather|none
|-heal|p1a: Tinkaton|75/100|[from] Grassy Terrain
|-heal|p1a: Tinkaton|81/100|[from] item: Leftovers
|-heal|p2a: Rillaboom|13/100|[from] Grassy Terrain
|upkeep
|turn|7
|
|t:|1769440666
|switch|p2a: Great Tusk|Great Tusk|100/100
|move|p1a: Tinkaton|Knock Off|p2a: Great Tusk
|-resisted|p2a: Great Tusk
|-damage|p2a: Great Tusk|94/100
|-enditem|p2a: Great Tusk|Heavy-Duty Boots|[from] move: Knock Off|[of] p1a: Tinkaton
|
|-heal|p1a: Tinkaton|87/100|[from] Grassy Terrain
|-heal|p1a: Tinkaton|93/100|[from] item: Leftovers
|-heal|p2a: Great Tusk|99/100|[from] Grassy Terrain
|upkeep
|turn|8
|
|t:|1769440682
|switch|p1a: Hatterene|Hatterene, F|100/100
|move|p2a: Great Tusk|Rapid Spin|p1a: Hatterene
|-damage|p1a: Hatterene|86/100
|-boost|p2a: Great Tusk|spe|1
|-sideend|p2: bballtjh123|Stealth Rock|[from] move: Rapid Spin|[of] p2a: Great Tusk
|-enditem|p1a: Hatterene|Eject Button
|
|t:|1769440686
|switch|p1a: Pelipper|Pelipper, F|78/100
|-weather|RainDance|[from] ability: Drizzle|[of] p1a: Pelipper
|
|-weather|RainDance|[upkeep]
|-heal|p2a: Great Tusk|100/100|[from] Grassy Terrain
|upkeep
|turn|9
|
|t:|1769440711
|-end|p2a: Great Tusk|Protosynthesis|[silent]
|switch|p2a: Rillaboom|Rillaboom, F|13/100
|move|p1a: Pelipper|Weather Ball|p2a: Rillaboom
|-resisted|p2a: Rillaboom
|-damage|p2a: Rillaboom|0 fnt
|faint|p2a: Rillaboom
|
|-weather|RainDance|[upkeep]
|-fieldend|move: Grassy Terrain
|upkeep
|
|t:|1769440731
|switch|p2a: Kyurem|Kyurem, shiny|100/100
|-ability|p2a: Kyurem|Pressure
|turn|10
|
|t:|1769440740
|switch|p1a: Tinkaton|Tinkaton, F|93/100
|-ability|p1a: Tinkaton|Mold Breaker
|move|p2a: Kyurem|Ice Beam|p1a: Tinkaton
|-resisted|p1a: Tinkaton
|-damage|p1a: Tinkaton|63/100
|-status|p1a: Tinkaton|frz
|
|-weather|RainDance|[upkeep]
|-heal|p1a: Tinkaton|69/100 frz|[from] item: Leftovers
|upkeep
|turn|11
|
|t:|1769440750
|move|p2a: Kyurem|Ice Beam|p1a: Tinkaton
|-resisted|p1a: Tinkaton
|-damage|p1a: Tinkaton|37/100 frz
|cant|p1a: Tinkaton|frz
|
|-weather|RainDance|[upkeep]
|-heal|p1a: Tinkaton|44/100 frz|[from] item: Leftovers
|upkeep
|turn|12
|
|t:|1769440759
|move|p2a: Kyurem|Ice Beam|p1a: Tinkaton
|-resisted|p1a: Tinkaton
|-damage|p1a: Tinkaton|15/100 frz
|cant|p1a: Tinkaton|frz
|
|-weather|none
|-heal|p1a: Tinkaton|21/100 frz|[from] item: Leftovers
|upkeep
|turn|13
|
|t:|1769440764
|move|p2a: Kyurem|Ice Beam|p1a: Tinkaton
|-resisted|p1a: Tinkaton
|-damage|p1a: Tinkaton|0 fnt
|faint|p1a: Tinkaton
|
|upkeep
|
|t:|1769440770
|switch|p1a: Hatterene|Hatterene, F|86/100
|turn|14
|
|t:|1769440781
|switch|p2a: Kingambit|Kingambit, F|100/100
|-activate|p2a: Kingambit|ability: Supreme Overlord
|-start|p2a: Kingambit|fallen2|[silent]
|move|p1a: Hatterene|Nuzzle|p2a: Kingambit
|-damage|p2a: Kingambit|97/100
|-status|p2a: Kingambit|par
|-enditem|p2a: Kingambit|Lum Berry|[eat]
|-curestatus|p2a: Kingambit|par|[msg]
|
|upkeep
|turn|15
|
|t:|1769440792
|switch|p1a: Walking Wake|Walking Wake|41/100
|move|p2a: Kingambit|Iron Head|p1a: Walking Wake
|-resisted|p1a: Walking Wake
|-damage|p1a: Walking Wake|9/100
|
|upkeep
|turn|16
|
|t:|1769440801
|move|p2a: Kingambit|Sucker Punch|p1a: Walking Wake
|-damage|p1a: Walking Wake|0 fnt
|faint|p1a: Walking Wake
|-end|p1a: Walking Wake|Protosynthesis|[silent]
|
|upkeep
|
|t:|1769440805
|switch|p1a: Pelipper|Pelipper, F|78/100
|-weather|RainDance|[from] ability: Drizzle|[of] p1a: Pelipper
|turn|17
|
|t:|1769440814
|move|p2a: Kingambit|Sucker Punch|p1a: Pelipper
|-damage|p1a: Pelipper|22/100
|move|p1a: Pelipper|Weather Ball|p2a: Kingambit
|-damage|p2a: Kingambit|3/100
|
|-weather|RainDance|[upkeep]
|upkeep
|turn|18
|
|t:|1769440828
|move|p2a: Kingambit|Sucker Punch|p1a: Pelipper
|-damage|p1a: Pelipper|0 fnt
|faint|p1a: Pelipper
|
|-weather|RainDance|[upkeep]
|upkeep
|
|t:|1769440838
|switch|p1a: Zapdos|Zapdos|100/100
|turn|19
|
|t:|1769440867
|move|p1a: Zapdos|Volt Switch|p2a: Kingambit
|-damage|p2a: Kingambit|0 fnt
|faint|p2a: Kingambit
|-end|p2a: Kingambit|fallen2|[silent]
|
|t:|1769440871
|switch|p1a: Barraskewda|Barraskewda, F, tera:Water|100/100|[from] Volt Switch
|
|-weather|RainDance|[upkeep]
|upkeep
|
|t:|1769440888
|switch|p2a: Kyurem|Kyurem, shiny|100/100
|-ability|p2a: Kyurem|Pressure
|turn|20
|
|t:|1769440892
|move|p1a: Barraskewda|Flip Turn|p2a: Kyurem
|-resisted|p2a: Kyurem
|-damage|p2a: Kyurem|57/100
|
|t:|1769440894
|switch|p1a: Hatterene|Hatterene, F|86/100|[from] Flip Turn
|move|p2a: Kyurem|Freeze-Dry|p1a: Hatterene
|-damage|p1a: Hatterene|28/100
|
|-weather|RainDance|[upkeep]
|upkeep
|turn|21
|
|t:|1769440900
|move|p2a: Kyurem|Freeze-Dry|p1a: Hatterene
|-damage|p1a: Hatterene|0 fnt
|faint|p1a: Hatterene
|
|-weather|none
|upkeep
|
|t:|1769440904
|switch|p1a: Barraskewda|Barraskewda, F, tera:Water|100/100
|turn|22
|
|t:|1769440909
|move|p1a: Barraskewda|Close Combat|p2a: Kyurem
|-supereffective|p2a: Kyurem
|-crit|p2a: Kyurem
|-damage|p2a: Kyurem|0 fnt
|-unboost|p1a: Barraskewda|def|1
|-unboost|p1a: Barraskewda|spd|1
|faint|p2a: Kyurem
|
|upkeep
|
|t:|1769440930
|switch|p2a: Moltres|Moltres|100/100
|turn|23
|
|t:|1769440940
|switch|p1a: Zapdos|Zapdos|100/100
|move|p2a: Moltres|Flamethrower|p1a: Zapdos
|-damage|p1a: Zapdos|57/100
|
|upkeep
|turn|24
|
|t:|1769440951
|move|p1a: Zapdos|Roost|p1a: Zapdos
|-heal|p1a: Zapdos|100/100
|-singleturn|p1a: Zapdos|move: Roost
|move|p2a: Moltres|Flamethrower|p1a: Zapdos
|-damage|p1a: Zapdos|59/100
|
|upkeep
|turn|25
|
|t:|1769440961
|move|p1a: Zapdos|Hurricane|p2a: Moltres
|-damage|p2a: Moltres|46/100
|-start|p2a: Moltres|confusion
|-activate|p2a: Moltres|confusion
|move|p2a: Moltres|Flamethrower|p1a: Zapdos
|-damage|p1a: Zapdos|13/100
|
|upkeep
|turn|26
|
|t:|1769440971
|move|p1a: Zapdos|Roost|p1a: Zapdos
|-heal|p1a: Zapdos|63/100
|-singleturn|p1a: Zapdos|move: Roost
|-activate|p2a: Moltres|confusion
|move|p2a: Moltres|Flamethrower|p1a: Zapdos
|-damage|p1a: Zapdos|19/100
|
|upkeep
|turn|27
|
|t:|1769440978
|move|p1a: Zapdos|Roost|p1a: Zapdos
|-heal|p1a: Zapdos|69/100
|-singleturn|p1a: Zapdos|move: Roost
|-activate|p2a: Moltres|confusion
|move|p2a: Moltres|Roost|p2a: Moltres
|-heal|p2a: Moltres|96/100
|-singleturn|p2a: Moltres|move: Roost
|
|upkeep
|turn|28
|
|t:|1769440989
|move|p1a: Zapdos|Volt Switch|p2a: Moltres
|-supereffective|p2a: Moltres
|-damage|p2a: Moltres|20/100
|
|t:|1769440991
|switch|p1a: Barraskewda|Barraskewda, F, tera:Water|100/100|[from] Volt Switch
|-activate|p2a: Moltres|confusion
|-damage|p2a: Moltres|14/100|[from] confusion
|
|upkeep
|turn|29
|
|t:|1769441006
|switch|p1a: Zapdos|Zapdos|69/100
|-end|p2a: Moltres|confusion
|move|p2a: Moltres|Roost|p2a: Moltres
|-heal|p2a: Moltres|64/100
|-singleturn|p2a: Moltres|move: Roost
|
|upkeep
|turn|30
|
|t:|1769441018
|move|p1a: Zapdos|Volt Switch|p2a: Moltres
|-supereffective|p2a: Moltres
|-damage|p2a: Moltres|0 fnt
|faint|p2a: Moltres
|
|t:|1769441021
|switch|p1a: Barraskewda|Barraskewda, F, tera:Water|100/100|[from] Volt Switch
|
|upkeep
|
|t:|1769441026
|switch|p2a: Great Tusk|Great Tusk|100/100
|turn|31
|
|t:|1769441038
|move|p1a: Barraskewda|Liquidation|p2a: Great Tusk
|-supereffective|p2a: Great Tusk
|-damage|p2a: Great Tusk|0 fnt
|faint|p2a: Great Tusk
|-end|p2a: Great Tusk|Protosynthesis|[silent]
|
|win|just dum luck
|raw|just dum luck's rating: 1395 &rarr; <strong>1414</strong><br />(+19 for winning)
|raw|bballtjh123's rating: 1386 &rarr; <strong>1367</strong><br />(-19 for losing)
|c|☆just dum luck|Gg
|l|☆bballtjh123
|player|p2|
|l|☆just dum luck
|player|p1|
|j|☆just dum luck
|player|p1|just dum luck|waiter-gen4|
