|j|☆Dame123
|j|☆feiton1.0
|t:|1769415272
|gametype|singles
|player|p1|Dame123|169|1054
|player|p2|feiton1.0|volkner|1073
|gen|9
|tier|[Gen 9] OU
|rated|
|rule|HP Percentage Mod: HP is shown in percentages
|rule|Endless Battle Clause: Forcing endless battles is banned
|rule|Species Clause: Limit one of each Pokémon
|rule|OHKO Clause: OHKO moves are banned
|rule|Evasion Items Clause: Evasion items are banned
|rule|Evasion Moves Clause: Evasion moves are banned
|rule|Evasion Abilities Clause: Evasion abilities are banned
|rule|Sleep Moves Clause: Sleep-inducing moves are banned
|clearpoke
|poke|p1|Incineroar, F|
|poke|p1|Kyurem|
|poke|p1|Golem, F|
|poke|p1|Garganacl, F|
|poke|p1|Hoopa-Unbound|
|poke|p1|Gliscor, M|
|poke|p2|Gliscor, F|
|poke|p2|Metagross|
|poke|p2|Landorus-Therian, M|
|poke|p2|Garchomp, M|
|poke|p2|Greninja-*, F|
|poke|p2|Darkrai|
|teampreview
|
|t:|1769415284
|teamsize|p1|6
|teamsize|p2|6
|start
|switch|p1a: Kyurem|Kyurem|100/100
|switch|p2a: Gliscor|Gliscor, F, shiny|100/100
|-ability|p1a: Kyurem|Pressure
|turn|1
|
|t:|1769415291
|move|p2a: Gliscor|Stealth Rock|p1a: Kyurem
|-sidestart|p1: Dame123|move: Stealth Rock
|move|p1a: Kyurem|Dragon Dance|p1a: Kyurem
|-boost|p1a: Kyurem|atk|1
|-boost|p1a: Kyurem|spe|1
|
|-status|p2a: Gliscor|tox|[from] item: Toxic Orb
|upkeep
|turn|2
|
|t:|1769415301
|move|p1a: Kyurem|Icicle Spear|p2a: Gliscor
|-supereffective|p2a: Gliscor
|-damage|p2a: Gliscor|22/100 tox
|-supereffective|p2a: Gliscor
|-damage|p2a: Gliscor|0 fnt
|faint|p2a: Gliscor
|-hitcount|p2: Gliscor|2
|
|upkeep
|
|t:|1769415312
|switch|p2a: Darkrai|Darkrai|100/100
|turn|3
|
|t:|1769415315
|move|p2a: Darkrai|Sludge Bomb|p1a: Kyurem
|-damage|p1a: Kyurem|70/100
|move|p1a: Kyurem|Icicle Spear|p2a: Darkrai
|-damage|p2a: Darkrai|71/100
|-damage|p2a: Darkrai|41/100
|-damage|p2a: Darkrai|15/100
|-damage|p2a: Darkrai|0 fnt
|faint|p2a: Darkrai
|-hitcount|p2: Darkrai|4
|
|upkeep
|
|t:|1769415327
|switch|p2a: Landorus|Landorus-Therian, M|100/100
|-ability|p2a: Landorus|Intimidate|boost
|-unboost|p1a: Kyurem|atk|1
|turn|4
|
|t:|1769415334
|move|p1a: Kyurem|Icicle Spear|p2a: Landorus
|-supereffective|p2a: Landorus
|-damage|p2a: Landorus|32/100
|-supereffective|p2a: Landorus
|-damage|p2a: Landorus|0 fnt
|faint|p2a: Landorus
|-hitcount|p2: Landorus|2
|
|upkeep
|
|t:|1769415341
|switch|p2a: Greninja|Greninja, F, shiny|100/100
|turn|5
|
|t:|1769415348
|move|p2a: Greninja|Dark Pulse|p1a: Kyurem
|-start|p2a: Greninja|typechange|Dark|[from] ability: Protean
|-damage|p1a: Kyurem|28/100
|-damage|p2a: Greninja|91/100|[from] item: Life Orb
|move|p1a: Kyurem|Dragon Dance|p1a: Kyurem
|-boost|p1a: Kyurem|atk|1
|-boost|p1a: Kyurem|spe|1
|
|upkeep
|turn|6
|
|t:|1769415358
|move|p1a: Kyurem|Icicle Spear|p2a: Greninja
|-damage|p2a: Greninja|53/100
|-damage|p2a: Greninja|17/100
|-damage|p2a: Greninja|0 fnt
|faint|p2a: Greninja
|-hitcount|p2: Greninja|3
|
|upkeep
|
|t:|1769415365
|switch|p2a: Garchomp|Garchomp, M|100/100
|turn|7
|
|t:|1769415369
|move|p2a: Garchomp|Fire Blast|p1a: Kyurem
|-damage|p1a: Kyurem|9/100
|move|p1a: Kyurem|Icicle Spear|p2a: Garchomp
|-supereffective|p2a: Garchomp
|-damage|p2a: Garchomp|17/100
|-supereffective|p2a: Garchomp
|-damage|p2a: Garchomp|0 fnt
|faint|p2a: Garchomp
|-hitcount|p2: Garchomp|2
|
|upkeep
|inactive|Battle timer is ON: inactive players will automatically lose when time's up. (requested by Dame123)
|
|t:|1769415378
|switch|p2a: Metagross|Metagross, shiny|100/100
|turn|8
|
|t:|1769415383
|-terastallize|p2a: Metagross|Fairy
|move|p2a: Metagross|Bullet Punch|p1a: Kyurem
|-supereffective|p1a: Kyurem
|-damage|p1a: Kyurem|0 fnt
|faint|p1a: Kyurem
|
|upkeep
|
|t:|1769415391
|switch|p1a: Hoopa|Hoopa-Unbound|100/100
|-damage|p1a: Hoopa|88/100|[from] Stealth Rock
|turn|9
|
|t:|1769415399
|move|p2a: Metagross|Meteor Mash|p1a: Hoopa
|-damage|p1a: Hoopa|20/100
|move|p1a: Hoopa|Psyshock|p2a: Metagross
|-damage|p2a: Metagross|50/100
|
|-heal|p2a: Metagross|56/100|[from] item: Leftovers
|upkeep
|turn|10
|
|t:|1769415407
|move|p2a: Metagross|Bullet Punch|p1a: Hoopa
|-damage|p1a: Hoopa|0 fnt
|faint|p1a: Hoopa
|
|-heal|p2a: Metagross|62/100|[from] item: Leftovers
|upkeep
|
|t:|1769415414
|switch|p1a: Golem|Golem, F|100/100
|-damage|p1a: Golem|95/100|[from] Stealth Rock
|turn|11
|
|t:|1769415419
|-terastallize|p1a: Golem|Normal
|move|p2a: Metagross|Ice Punch|p1a: Golem
|-damage|p1a: Golem|72/100
|move|p1a: Golem|Explosion|p2a: Metagross
|-damage|p2a: Metagross|0 fnt
|faint|p1a: Golem
|faint|p2a: Metagross
|
|win|Dame123
|raw|Dame123's rating: 1054 &rarr; <strong>1088</strong><br />(+34 for winning)
|raw|feiton1.0's rating: 1073 &rarr; <strong>1051</strong><br />(-22 for losing)
|l|☆Dame123
|player|p1|
|l|☆feiton1.0
|player|p2|
