|j|☆poopseydoopsey
|j|☆CambridgeFoulPlay
|t:|1769374481
|gametype|singles
|player|p1|poopseydoopsey|hiker-gen6|1760
|player|p2|CambridgeFoulPlay|266|1802
|gen|9
|tier|[Gen 9] OU
|rated|
|rule|HP Percentage Mod: HP is shown in percentages
|rule|Endless Battle Clause: Forcing endless battles is banned
|rule|Species Clause: Limit one of each Pokémon
|rule|OHKO Clause: OHKO moves are banned
|rule|Evasion Items Clause: Evasion items are banned
|rule|Evasion Moves Clause: Evasion moves are banned
|rule|Evasion Abilities Clause: Evasion abilities are banned
|rule|Sleep Moves Clause: Sleep-inducing moves are banned
|clearpoke
|poke|p1|Dragapult, M|
|poke|p1|Samurott-Hisui, F|
|poke|p1|Dragonite, M|
|poke|p1|Great Tusk|
|poke|p1|Rillaboom, F|
|poke|p1|Heatran, M|
|poke|p2|Hydrapple, M|
|poke|p2|Tyranitar, F|
|poke|p2|Moltres|
|poke|p2|Zamazenta-*|
|poke|p2|Slowking-Galar, F|
|poke|p2|Excadrill, F|
|teampreview
|inactive|Battle timer is ON: inactive players will automatically lose when time's up. (requested by poopseydoopsey)
|c|☆CambridgeFoulPlay|hf
|inactive|CambridgeFoulPlay also wants the timer to be on.
|c|☆poopseydoopsey|gl
|
|t:|1769374494
|teamsize|p1|6
|teamsize|p2|6
|start
|switch|p1a: truecel rage|Rillaboom, F|100/100
|switch|p2a: Zamazenta|Zamazenta|100/100
|-ability|p2a: Zamazenta|Dauntless Shield|boost
|-boost|p2a: Zamazenta|def|1
|-fieldstart|move: Grassy Terrain|[from] ability: Grassy Surge|[of] p1a: truecel rage
|turn|1
|
|t:|1769374496
|move|p2a: Zamazenta|Crunch|p1a: truecel rage
|-damage|p1a: truecel rage|77/100
|move|p1a: truecel rage|Wood Hammer|p2a: Zamazenta
|-damage|p2a: Zamazenta|33/100
|-damage|p1a: truecel rage|56/100|[from] Recoil
|
|-heal|p2a: Zamazenta|39/100|[from] Grassy Terrain
|-heal|p2a: Zamazenta|45/100|[from] item: Leftovers
|-heal|p1a: truecel rage|62/100|[from] Grassy Terrain
|upkeep
|turn|2
|
|t:|1769374500
|move|p2a: Zamazenta|Body Press|p1a: truecel rage
|-damage|p1a: truecel rage|0 fnt
|faint|p1a: truecel rage
|
|-heal|p2a: Zamazenta|52/100|[from] Grassy Terrain
|-heal|p2a: Zamazenta|58/100|[from] item: Leftovers
|upkeep
|
|t:|1769374506
|switch|p1a: foid annihilator|Dragapult, M|100/100
|turn|3
|
|t:|1769374509
|move|p2a: Zamazenta|Crunch|p1a: foid annihilator
|-supereffective|p1a: foid annihilator
|-damage|p1a: foid annihilator|39/100
|move|p1a: foid annihilator|Draco Meteor|p2a: Zamazenta
|-damage|p2a: Zamazenta|0 fnt
|-unboost|p1a: foid annihilator|spa|2
|faint|p2a: Zamazenta
|-damage|p1a: foid annihilator|29/100|[from] item: Life Orb
|
|-heal|p1a: foid annihilator|35/100|[from] Grassy Terrain
|upkeep
|
|t:|1769374513
|switch|p2a: Hydrapple|Hydrapple, M|100/100
|turn|4
|
|t:|1769374518
|-terastallize|p1a: foid annihilator|Dragon
|move|p1a: foid annihilator|Draco Meteor|p2a: Hydrapple
|-supereffective|p2a: Hydrapple
|-damage|p2a: Hydrapple|0 fnt
|-unboost|p1a: foid annihilator|spa|2
|faint|p2a: Hydrapple
|-damage|p1a: foid annihilator|25/100|[from] item: Life Orb
|
|-heal|p1a: foid annihilator|31/100|[from] Grassy Terrain
|upkeep
|
|t:|1769374521
|switch|p2a: Excadrill|Excadrill, F|100/100
|-item|p2a: Excadrill|Air Balloon
|turn|5
|
|t:|1769374525
|switch|p1a: goy destroyer|Great Tusk|100/100
|-enditem|p1a: goy destroyer|Booster Energy
|-activate|p1a: goy destroyer|ability: Protosynthesis|[fromitem]
|-start|p1a: goy destroyer|protosynthesisatk
|switch|p2a: Moltres|Moltres|100/100
|
|-fieldend|move: Grassy Terrain
|upkeep
|turn|6
|
|t:|1769374529
|-end|p1a: goy destroyer|Protosynthesis|[silent]
|switch|p1a: IDF war machine|Heatran, M|100/100
|move|p2a: Moltres|Flamethrower|p1a: IDF war machine
|-start|p1a: IDF war machine|ability: Flash Fire
|
|upkeep
|turn|7
|
|t:|1769374533
|move|p1a: IDF war machine|Magma Storm|p2a: Moltres
|-resisted|p2a: Moltres
|-damage|p2a: Moltres|62/100
|-activate|p2a: Moltres|move: Magma Storm|[of] p1a: IDF war machine
|move|p2a: Moltres|U-turn|p1a: IDF war machine
|-resisted|p1a: IDF war machine
|-damage|p1a: IDF war machine|97/100
|
|t:|1769374537
|switch|p2a: Excadrill|Excadrill, F|100/100|[from] U-turn
|-item|p2a: Excadrill|Air Balloon
|
|-heal|p1a: IDF war machine|100/100|[from] item: Leftovers
|upkeep
|turn|8
|
|t:|1769374540
|-end|p1a: IDF war machine|ability: Flash Fire|[silent]
|switch|p1a: goy destroyer|Great Tusk|100/100
|move|p2a: Excadrill|Earthquake|p1a: goy destroyer
|-damage|p1a: goy destroyer|62/100
|
|upkeep
|turn|9
|
|t:|1769374544
|switch|p2a: Moltres|Moltres|62/100
|move|p1a: goy destroyer|Ice Spinner|p2a: Moltres
|-damage|p2a: Moltres|44/100
|
|upkeep
|turn|10
|
|t:|1769374549
|-end|p1a: goy destroyer|Protosynthesis|[silent]
|switch|p1a: benjamin netanyahu|Dragonite, M|100/100
|move|p2a: Moltres|Roost|p2a: Moltres
|-heal|p2a: Moltres|94/100
|-singleturn|p2a: Moltres|move: Roost
|
|upkeep
|turn|11
|
|t:|1769374552
|move|p1a: benjamin netanyahu|Encore|p2a: Moltres
|-start|p2a: Moltres|Encore
|move|p2a: Moltres|Roost|p2a: Moltres
|-heal|p2a: Moltres|100/100
|-singleturn|p2a: Moltres|move: Roost
|
|upkeep
|turn|12
|
|t:|1769374554
|move|p1a: benjamin netanyahu|Dragon Dance|p1a: benjamin netanyahu
|-boost|p1a: benjamin netanyahu|atk|1
|-boost|p1a: benjamin netanyahu|spe|1
|move|p2a: Moltres|Roost||[still]
|-fail|p2a: Moltres|heal
|
|upkeep
|turn|13
|
|t:|1769374557
|move|p1a: benjamin netanyahu|Dragon Dance|p1a: benjamin netanyahu
|-boost|p1a: benjamin netanyahu|atk|1
|-boost|p1a: benjamin netanyahu|spe|1
|move|p2a: Moltres|Roost||[still]
|-fail|p2a: Moltres|heal
|
|-end|p2a: Moltres|Encore
|upkeep
|turn|14
|
|t:|1769374559
|move|p1a: benjamin netanyahu|Encore|p2a: Moltres
|-start|p2a: Moltres|Encore
|move|p2a: Moltres|Roost||[still]
|-fail|p2a: Moltres|heal
|
|upkeep
|turn|15
|
|t:|1769374562
|switch|p2a: Tyranitar|Tyranitar, F|100/100
|-weather|Sandstorm|[from] ability: Sand Stream|[of] p2a: Tyranitar
|move|p1a: benjamin netanyahu|Dragon Dance|p1a: benjamin netanyahu
|-boost|p1a: benjamin netanyahu|atk|1
|-boost|p1a: benjamin netanyahu|spe|1
|
|-weather|Sandstorm|[upkeep]
|-damage|p1a: benjamin netanyahu|94/100|[from] Sandstorm
|upkeep
|turn|16
|
|t:|1769374564
|move|p1a: benjamin netanyahu|Scale Shot|p2a: Tyranitar
|-damage|p2a: Tyranitar|73/100
|-damage|p2a: Tyranitar|48/100
|-damage|p2a: Tyranitar|22/100
|-damage|p2a: Tyranitar|0 fnt
|faint|p2a: Tyranitar
|-hitcount|p2: Tyranitar|4
|-unboost|p1a: benjamin netanyahu|def|1
|-boost|p1a: benjamin netanyahu|spe|1
|
|-weather|Sandstorm|[upkeep]
|-damage|p1a: benjamin netanyahu|88/100|[from] Sandstorm
|upkeep
|
|t:|1769374566
|switch|p2a: Moltres|Moltres|100/100
|turn|17
|
|t:|1769374569
|-terastallize|p2a: Moltres|Fairy
|move|p1a: benjamin netanyahu|Scale Shot|p2a: Moltres
|-immune|p2a: Moltres
|move|p2a: Moltres|Roar|p1a: benjamin netanyahu
|drag|p1a: IDF war machine|Heatran, M|100/100
|
|-weather|Sandstorm|[upkeep]
|-damage|p2a: Moltres|94/100|[from] Sandstorm
|upkeep
|turn|18
|j| ebizi
|
|t:|1769374577
|move|p1a: IDF war machine|Stealth Rock|p2a: Moltres
|-sidestart|p2: CambridgeFoulPlay|move: Stealth Rock
|move|p2a: Moltres|U-turn|p1a: IDF war machine
|-resisted|p1a: IDF war machine
|-damage|p1a: IDF war machine|97/100
|
|t:|1769374579
|switch|p2a: Excadrill|Excadrill, F|100/100|[from] U-turn
|-damage|p2a: Excadrill|97/100|[from] Stealth Rock
|-item|p2a: Excadrill|Air Balloon
|
|-weather|Sandstorm|[upkeep]
|-heal|p1a: IDF war machine|100/100|[from] item: Leftovers
|upkeep
|turn|19
|
|t:|1769374585
|switch|p1a: foid annihilator|Dragapult, M, tera:Dragon|31/100
|move|p2a: Excadrill|Earthquake|p1a: foid annihilator
|-damage|p1a: foid annihilator|0 fnt
|faint|p1a: foid annihilator
|
|-weather|Sandstorm|[upkeep]
|upkeep
|
|t:|1769374597
|switch|p1a: chudtopia|Samurott-Hisui, F|100/100
|turn|20
|
|t:|1769374600
|switch|p2a: Moltres|Moltres, tera:Fairy|94/100
|move|p1a: chudtopia|Razor Shell|p2a: Moltres
|-damage|p2a: Moltres|58/100
|-unboost|p2a: Moltres|def|1
|
|-weather|Sandstorm|[upkeep]
|-damage|p1a: chudtopia|94/100|[from] Sandstorm
|-damage|p2a: Moltres|52/100|[from] Sandstorm
|upkeep
|turn|21
|
|t:|1769374603
|move|p1a: chudtopia|Razor Shell|p2a: Moltres|[miss]
|-miss|p1a: chudtopia|p2a: Moltres
|move|p2a: Moltres|U-turn|p1a: chudtopia
|-supereffective|p1a: chudtopia
|-damage|p1a: chudtopia|64/100
|
|t:|1769374606
|switch|p2a: Excadrill|Excadrill, F|97/100|[from] U-turn
|-damage|p2a: Excadrill|94/100|[from] Stealth Rock
|-item|p2a: Excadrill|Air Balloon
|
|-weather|Sandstorm|[upkeep]
|-damage|p1a: chudtopia|58/100|[from] Sandstorm
|upkeep
|turn|22
|
|t:|1769374609
|move|p1a: chudtopia|Sucker Punch|p2a: Excadrill
|-damage|p2a: Excadrill|44/100
|-enditem|p2a: Excadrill|Air Balloon
|move|p2a: Excadrill|Earthquake|p1a: chudtopia
|-damage|p1a: chudtopia|0 fnt
|faint|p1a: chudtopia
|
|-weather|none
|upkeep
|
|t:|1769374613
|switch|p1a: goy destroyer|Great Tusk|62/100
|turn|23
|
|t:|1769374615
|move|p2a: Excadrill|Iron Head|p1a: goy destroyer
|-damage|p1a: goy destroyer|31/100
|move|p1a: goy destroyer|Headlong Rush|p2a: Excadrill
|-supereffective|p2a: Excadrill
|-damage|p2a: Excadrill|0 fnt
|-unboost|p1a: goy destroyer|def|1
|-unboost|p1a: goy destroyer|spd|1
|faint|p2a: Excadrill
|
|upkeep
|
|t:|1769374618
|switch|p2a: Moltres|Moltres, tera:Fairy|52/100
|turn|24
|
|t:|1769374621
|move|p1a: goy destroyer|Headlong Rush|p2a: Moltres
|-damage|p2a: Moltres|11/100
|-unboost|p1a: goy destroyer|def|1
|-unboost|p1a: goy destroyer|spd|1
|move|p2a: Moltres|Roost|p2a: Moltres
|-heal|p2a: Moltres|61/100
|
|upkeep
|turn|25
|
|t:|1769374626
|-end|p1a: goy destroyer|Protosynthesis|[silent]
|switch|p1a: benjamin netanyahu|Dragonite, M|88/100
|move|p2a: Moltres|Roost|p2a: Moltres
|-heal|p2a: Moltres|100/100
|
|upkeep
|turn|26
|
|t:|1769374628
|move|p1a: benjamin netanyahu|Encore|p2a: Moltres
|-start|p2a: Moltres|Encore
|move|p2a: Moltres|Roost||[still]
|-fail|p2a: Moltres|heal
|
|-end|p2a: Moltres|Encore
|upkeep
|turn|27
|
|t:|1769374633
|move|p1a: benjamin netanyahu|Scale Shot|p2a: Moltres
|-immune|p2a: Moltres
|move|p2a: Moltres|Roar|p1a: benjamin netanyahu
|drag|p1a: goy destroyer|Great Tusk|31/100
|
|upkeep
|turn|28
|
|t:|1769374637
|-end|p1a: goy destroyer|Protosynthesis|[silent]
|switch|p1a: IDF war machine|Heatran, M|100/100
|move|p2a: Moltres|Flamethrower|p1a: IDF war machine
|-start|p1a: IDF war machine|ability: Flash Fire
|
|upkeep
|turn|29
|
|t:|1769374640
|move|p1a: IDF war machine|Magma Storm|p2a: Moltres
|-damage|p2a: Moltres|20/100
|-activate|p2a: Moltres|move: Magma Storm|[of] p1a: IDF war machine
|move|p2a: Moltres|Roar|p1a: IDF war machine
|-end|p1a: IDF war machine|ability: Flash Fire|[silent]
|drag|p1a: goy destroyer|Great Tusk|31/100
|
|-end|p2a: Moltres|Magma Storm|[partiallytrapped]|[silent]
|upkeep
|turn|30
|
|t:|1769374643
|move|p1a: goy destroyer|Headlong Rush|p2a: Moltres
|-damage|p2a: Moltres|0 fnt
|-unboost|p1a: goy destroyer|def|1
|-unboost|p1a: goy destroyer|spd|1
|-status|p1a: goy destroyer|brn|[from] ability: Flame Body|[of] p2a: Moltres
|faint|p2a: Moltres
|
|-damage|p1a: goy destroyer|25/100 brn|[from] brn
|upkeep
|
|t:|1769374645
|switch|p2a: Slowking|Slowking-Galar, F|100/100
|-damage|p2a: Slowking|88/100|[from] Stealth Rock
|turn|31
|
|t:|1769374647
|move|p1a: goy destroyer|Headlong Rush|p2a: Slowking
|-supereffective|p2a: Slowking
|-damage|p2a: Slowking|40/100
|-unboost|p1a: goy destroyer|def|1
|-unboost|p1a: goy destroyer|spd|1
|move|p2a: Slowking|Psyshock|p1a: goy destroyer
|-supereffective|p1a: goy destroyer
|-damage|p1a: goy destroyer|0 fnt
|faint|p1a: goy destroyer
|-end|p1a: goy destroyer|Protosynthesis|[silent]
|
|upkeep
|
|t:|1769374650
|switch|p1a: IDF war machine|Heatran, M|100/100
|turn|32
|
|t:|1769374652
|move|p1a: IDF war machine|Earth Power|p2a: Slowking
|-supereffective|p2a: Slowking
|-damage|p2a: Slowking|8/100
|move|p2a: Slowking|Ice Beam|p1a: IDF war machine
|-resisted|p1a: IDF war machine
|-crit|p1a: IDF war machine
|-damage|p1a: IDF war machine|91/100
|-status|p1a: IDF war machine|frz
|
|-heal|p1a: IDF war machine|97/100 frz|[from] item: Leftovers
|upkeep
|turn|33
|
|t:|1769374655
|cant|p1a: IDF war machine|frz
|move|p2a: Slowking|Flamethrower|p1a: IDF war machine
|-start|p1a: IDF war machine|ability: Flash Fire
|
|-heal|p1a: IDF war machine|100/100 frz|[from] item: Leftovers
|upkeep
|turn|34
|
|t:|1769374656
|-curestatus|p1a: IDF war machine|frz|[msg]
|move|p1a: IDF war machine|Will-O-Wisp|p2a: Slowking
|-status|p2a: Slowking|brn
|move|p2a: Slowking|Psyshock|p1a: IDF war machine
|-resisted|p1a: IDF war machine
|-damage|p1a: IDF war machine|84/100
|
|-heal|p1a: IDF war machine|90/100|[from] item: Leftovers
|-damage|p2a: Slowking|2/100 brn|[from] brn
|upkeep
|turn|35
|
|t:|1769374659
|move|p1a: IDF war machine|Earth Power|p2a: Slowking
|-supereffective|p2a: Slowking
|-damage|p2a: Slowking|0 fnt
|faint|p2a: Slowking
|
|win|poopseydoopsey
|raw|poopseydoopsey's rating: 1760 &rarr; <strong>1782</strong><br />(+22 for winning)
|raw|CambridgeFoulPlay's rating: 1802 &rarr; <strong>1780</strong><br />(-22 for losing)
|c|☆CambridgeFoulPlay|gg
