|j|☆kiko5bolas
|j|☆SpringMagi
|t:|1769324839
|gametype|singles
|player|p1|kiko5bolas|266|1105
|player|p2|SpringMagi|veteranf|1162
|gen|9
|tier|[Gen 9] OU
|rated|
|rule|HP Percentage Mod: HP is shown in percentages
|rule|Endless Battle Clause: Forcing endless battles is banned
|rule|Species Clause: Limit one of each Pokémon
|rule|OHKO Clause: OHKO moves are banned
|rule|Evasion Items Clause: Evasion items are banned
|rule|Evasion Moves Clause: Evasion moves are banned
|rule|Evasion Abilities Clause: Evasion abilities are banned
|rule|Sleep Moves Clause: Sleep-inducing moves are banned
|clearpoke
|poke|p1|Gardevoir, F|
|poke|p1|Iron Valiant|
|poke|p1|Ceruledge, M|
|poke|p1|Garganacl, F|
|poke|p1|Metagross|
|poke|p1|Ninetales, M|
|poke|p2|Pecharunt|
|poke|p2|Ogerpon-Wellspring, F|
|poke|p2|Gholdengo|
|poke|p2|Corviknight, F|
|poke|p2|Gliscor, F|
|poke|p2|Moltres|
|teampreview
|
|t:|1769324848
|teamsize|p1|6
|teamsize|p2|6
|start
|switch|p1a: Ninetales|Ninetales, M|100/100
|switch|p2a: Gliscor|Gliscor, F|100/100
|-weather|SunnyDay|[from] ability: Drought|[of] p1a: Ninetales
|turn|1
|
|t:|1769324912
|-terastallize|p1a: Ninetales|Fire
|move|p1a: Ninetales|Weather Ball|p2a: Gliscor
|-damage|p2a: Gliscor|0 fnt
|faint|p2a: Gliscor
|
|-weather|SunnyDay|[upkeep]
|upkeep
|
|t:|1769324924
|switch|p2a: Moltres|Moltres|100/100
|turn|2
|inactive|Battle timer is ON: inactive players will automatically lose when time's up. (requested by SpringMagi)
|
|t:|1769324937
|switch|p1a: Garganacl|Garganacl, F|100/100
|move|p2a: Moltres|Flare Blitz|p1a: Garganacl
|-resisted|p1a: Garganacl
|-damage|p1a: Garganacl|76/100
|-damage|p2a: Moltres|90/100|[from] Recoil
|
|-weather|SunnyDay|[upkeep]
|-heal|p1a: Garganacl|82/100|[from] item: Leftovers
|upkeep
|turn|3
|
|t:|1769324947
|move|p2a: Moltres|U-turn|p1a: Garganacl
|-damage|p1a: Garganacl|68/100
|
|t:|1769324951
|switch|p2a: Ogerpon|Ogerpon-Wellspring, F|100/100|[from] U-turn
|move|p1a: Garganacl|Salt Cure|p2a: Ogerpon
|-damage|p2a: Ogerpon|82/100
|-start|p2a: Ogerpon|Salt Cure
|
|-weather|SunnyDay|[upkeep]
|-heal|p1a: Garganacl|74/100|[from] item: Leftovers
|-damage|p2a: Ogerpon|57/100|[from] Salt Cure
|upkeep
|turn|4
|
|t:|1769324966
|move|p1a: Garganacl|Protect|p1a: Garganacl
|-singleturn|p1a: Garganacl|Protect
|move|p2a: Ogerpon|Ivy Cudgel|p1a: Garganacl|[anim] Ivy Cudgel Water
|-activate|p1a: Garganacl|move: Protect
|
|-weather|SunnyDay|[upkeep]
|-heal|p1a: Garganacl|80/100|[from] item: Leftovers
|-damage|p2a: Ogerpon|32/100|[from] Salt Cure
|upkeep
|turn|5
|
|t:|1769324979
|switch|p1a: Metagross|Metagross|100/100
|move|p2a: Ogerpon|Horn Leech|p1a: Metagross
|-resisted|p1a: Metagross
|-damage|p1a: Metagross|84/100
|-heal|p2a: Ogerpon|42/100|[from] drain|[of] p1a: Metagross
|
|-weather|SunnyDay|[upkeep]
|-damage|p2a: Ogerpon|17/100|[from] Salt Cure
|upkeep
|turn|6
|-message|SpringMagi forfeited.
|
|win|kiko5bolas
|raw|kiko5bolas's rating: 1105 &rarr; <strong>1134</strong><br />(+29 for winning)
|raw|SpringMagi's rating: 1162 &rarr; <strong>1133</strong><br />(-29 for losing)
|l|☆SpringMagi
|player|p2|
