|j|☆kiko5bolas
|j|☆4tbs4yhe65eu
|t:|1769327084
|gametype|singles
|player|p1|kiko5bolas|266|1134
|player|p2|4tbs4yhe65eu|tate|1131
|gen|9
|tier|[Gen 9] OU
|rated|
|rule|HP Percentage Mod: HP is shown in percentages
|rule|Endless Battle Clause: Forcing endless battles is banned
|rule|Species Clause: Limit one of each Pokémon
|rule|OHKO Clause: OHKO moves are banned
|rule|Evasion Items Clause: Evasion items are banned
|rule|Evasion Moves Clause: Evasion moves are banned
|rule|Evasion Abilities Clause: Evasion abilities are banned
|rule|Sleep Moves Clause: Sleep-inducing moves are banned
|clearpoke
|poke|p1|Gardevoir, F|
|poke|p1|Iron Valiant|
|poke|p1|Ceruledge, M|
|poke|p1|Garganacl, M|
|poke|p1|Metagross|
|poke|p1|Ninetales, M|
|poke|p2|Dragonite, M|
|poke|p2|Ogerpon-Wellspring, F|
|poke|p2|Garganacl, M|
|poke|p2|Tornadus-Therian, M|
|poke|p2|Hatterene, F|
|poke|p2|Great Tusk|
|teampreview
|inactive|Battle timer is ON: inactive players will automatically lose when time's up. (requested by 4tbs4yhe65eu)
|
|t:|1769327097
|teamsize|p1|6
|teamsize|p2|6
|start
|switch|p1a: Ninetales|Ninetales, M|100/100
|switch|p2a: Hatterene|Hatterene, F|100/100
|-weather|SunnyDay|[from] ability: Drought|[of] p1a: Ninetales
|turn|1
|inactive|kiko5bolas has 120 seconds left.
|
|t:|1769327140
|-terastallize|p1a: Ninetales|Fire
|move|p1a: Ninetales|Weather Ball|p2a: Hatterene
|-damage|p2a: Hatterene|36/100
|-enditem|p2a: Hatterene|Sitrus Berry|[eat]
|-heal|p2a: Hatterene|61/100|[from] item: Sitrus Berry
|move|p2a: Hatterene|Nuzzle|p1a: Ninetales
|-damage|p1a: Ninetales|94/100
|-status|p1a: Ninetales|par
|
|-weather|SunnyDay|[upkeep]
|upkeep
|turn|2
|
|t:|1769327159
|move|p1a: Ninetales|Encore|p2a: Hatterene
|move|p2a: Hatterene|Encore||[from] ability: Magic Bounce|[still]
|-fail|p2a: Hatterene
|move|p2a: Hatterene|Mystical Fire|p1a: Ninetales
|-resisted|p1a: Ninetales
|-damage|p1a: Ninetales|73/100 par
|-unboost|p1a: Ninetales|spa|1
|
|-weather|SunnyDay|[upkeep]
|upkeep
|turn|3
|
|t:|1769327173
|switch|p1a: Garganacl|Garganacl, M|100/100
|move|p2a: Hatterene|Calm Mind|p2a: Hatterene
|-boost|p2a: Hatterene|spa|1
|-boost|p2a: Hatterene|spd|1
|
|-weather|SunnyDay|[upkeep]
|upkeep
|turn|4
|
|t:|1769327181
|move|p1a: Garganacl|Salt Cure|p2a: Hatterene
|-damage|p2a: Hatterene|47/100
|-start|p2a: Hatterene|Salt Cure
|move|p2a: Hatterene|Nuzzle|p1a: Garganacl
|-damage|p1a: Garganacl|97/100
|
|-weather|SunnyDay|[upkeep]
|-heal|p1a: Garganacl|100/100|[from] item: Leftovers
|-damage|p2a: Hatterene|35/100|[from] Salt Cure
|upkeep
|turn|5
|inactive|kiko5bolas has 120 seconds left.
|
|t:|1769327193
|switch|p2a: Great Tusk|Great Tusk|100/100
|-activate|p2a: Great Tusk|ability: Protosynthesis
|-start|p2a: Great Tusk|protosynthesisatk
|move|p1a: Garganacl|Stealth Rock|p2a: Great Tusk
|-sidestart|p2: 4tbs4yhe65eu|move: Stealth Rock
|
|-weather|SunnyDay|[upkeep]
|upkeep
|turn|6
|inactive|kiko5bolas has 120 seconds left.
|
|t:|1769327204
|move|p2a: Great Tusk|Close Combat|p1a: Garganacl
|-supereffective|p1a: Garganacl
|-damage|p1a: Garganacl|2/100
|-unboost|p2a: Great Tusk|def|1
|-unboost|p2a: Great Tusk|spd|1
|move|p1a: Garganacl|Salt Cure|p2a: Great Tusk
|-resisted|p2a: Great Tusk
|-damage|p2a: Great Tusk|97/100
|-start|p2a: Great Tusk|Salt Cure
|
|-weather|SunnyDay|[upkeep]
|-heal|p1a: Garganacl|8/100|[from] item: Leftovers
|-damage|p2a: Great Tusk|85/100|[from] Salt Cure
|upkeep
|turn|7
|inactive|kiko5bolas has 120 seconds left.
|
|t:|1769327217
|-end|p2a: Great Tusk|Protosynthesis|[silent]
|switch|p2a: Hatterene|Hatterene, F|35/100
|-damage|p2a: Hatterene|23/100|[from] Stealth Rock
|move|p1a: Garganacl|Protect||[still]
|-fail|p1a: Garganacl
|
|-weather|SunnyDay|[upkeep]
|-heal|p1a: Garganacl|14/100|[from] item: Leftovers
|upkeep
|turn|8
|inactive|kiko5bolas has 120 seconds left.
|
|t:|1769327224
|move|p1a: Garganacl|Protect|p1a: Garganacl
|-singleturn|p1a: Garganacl|Protect
|move|p2a: Hatterene|Mystical Fire|p1a: Garganacl
|-activate|p1a: Garganacl|move: Protect
|
|-weather|none
|-heal|p1a: Garganacl|21/100|[from] item: Leftovers
|upkeep
|turn|9
|inactive|kiko5bolas has 120 seconds left.
|
|t:|1769327239
|switch|p1a: Gardevoir|Gardevoir, F|100/100
|-ability|p1a: Gardevoir|Magic Bounce|Trace|[from] ability: Trace|[of] p2a: Hatterene
|move|p2a: Hatterene|Draining Kiss|p1a: Gardevoir
|-damage|p1a: Gardevoir|74/100
|-heal|p2a: Hatterene|40/100|[from] drain|[of] p1a: Gardevoir
|
|upkeep
|turn|10
|inactive|kiko5bolas has 120 seconds left.
|
|t:|1769327254
|move|p1a: Gardevoir|Mystical Fire|p2a: Hatterene
|-damage|p2a: Hatterene|17/100
|-unboost|p2a: Hatterene|spa|1
|move|p2a: Hatterene|Nuzzle|p1a: Gardevoir
|-damage|p1a: Gardevoir|67/100
|-status|p1a: Gardevoir|par
|
|upkeep
|turn|11
|inactive|kiko5bolas has 120 seconds left.
|
|t:|1769327263
|move|p1a: Gardevoir|Mystical Fire|p2a: Hatterene
|-damage|p2a: Hatterene|0 fnt
|faint|p2a: Hatterene
|
|upkeep
|
|t:|1769327273
|switch|p2a: Ogerpon|Ogerpon-Wellspring, F|100/100
|-damage|p2a: Ogerpon|88/100|[from] Stealth Rock
|turn|12
|
|t:|1769327280
|switch|p1a: Ninetales|Ninetales, M, tera:Fire|73/100 par
|-weather|SunnyDay|[from] ability: Drought|[of] p1a: Ninetales
|-terastallize|p2a: Ogerpon|Water
|detailschange|p2a: Ogerpon|Ogerpon-Wellspring-Tera, F, tera:Water
|-ability|p2a: Ogerpon|Embody Aspect (Wellspring)|boost
|-boost|p2a: Ogerpon|spd|1
|move|p2a: Ogerpon|Trailblaze|p1a: Ninetales
|-resisted|p1a: Ninetales
|-damage|p1a: Ninetales|52/100 par
|-boost|p2a: Ogerpon|spe|1
|
|-weather|SunnyDay|[upkeep]
|upkeep
|turn|13
|
|t:|1769327299
|move|p2a: Ogerpon|Ivy Cudgel|p1a: Ninetales|[anim] Ivy Cudgel Water
|-supereffective|p1a: Ninetales
|-damage|p1a: Ninetales|0 fnt
|faint|p1a: Ninetales
|
|-weather|SunnyDay|[upkeep]
|upkeep
|
|t:|1769327306
|switch|p1a: Iron Valiant|Iron Valiant|100/100
|-enditem|p1a: Iron Valiant|Booster Energy
|-activate|p1a: Iron Valiant|ability: Quark Drive|[fromitem]
|-start|p1a: Iron Valiant|quarkdrivespe
|turn|14
|
|t:|1769327315
|move|p1a: Iron Valiant|Destiny Bond|p1a: Iron Valiant
|-singlemove|p1a: Iron Valiant|Destiny Bond
|move|p2a: Ogerpon|Ivy Cudgel|p1a: Iron Valiant|[anim] Ivy Cudgel Water
|-damage|p1a: Iron Valiant|47/100
|
|-weather|SunnyDay|[upkeep]
|upkeep
|turn|15
|
|t:|1769327325
|-end|p1a: Iron Valiant|Quark Drive|[silent]
|switch|p1a: Metagross|Metagross|100/100
|move|p2a: Ogerpon|Trailblaze|p1a: Metagross
|-resisted|p1a: Metagross
|-damage|p1a: Metagross|90/100
|-boost|p2a: Ogerpon|spe|1
|
|-weather|SunnyDay|[upkeep]
|upkeep
|turn|16
|
|t:|1769327334
|move|p2a: Ogerpon|Swords Dance|p2a: Ogerpon
|-boost|p2a: Ogerpon|atk|2
|move|p1a: Metagross|Meteor Mash|p2a: Ogerpon
|-resisted|p2a: Ogerpon
|-damage|p2a: Ogerpon|52/100
|
|-weather|SunnyDay|[upkeep]
|upkeep
|turn|17
|
|t:|1769327343
|move|p2a: Ogerpon|Ivy Cudgel|p1a: Metagross|[anim] Ivy Cudgel Water
|-damage|p1a: Metagross|34/100
|move|p1a: Metagross|Meteor Mash|p2a: Ogerpon
|-resisted|p2a: Ogerpon
|-damage|p2a: Ogerpon|16/100
|-boost|p1a: Metagross|atk|1
|
|-weather|SunnyDay|[upkeep]
|upkeep
|turn|18
|
|t:|1769327353
|move|p1a: Metagross|Bullet Punch|p2a: Ogerpon
|-resisted|p2a: Ogerpon
|-damage|p2a: Ogerpon|0 fnt
|faint|p2a: Ogerpon
|detailschange|p2: Ogerpon|Ogerpon-Wellspring, F|[silent]
|
|-weather|SunnyDay|[upkeep]
|upkeep
|
|t:|1769327359
|switch|p2a: Dragonite|Dragonite, M|100/100
|turn|19
|
|t:|1769327366
|move|p1a: Metagross|Bullet Punch|p2a: Dragonite
|-damage|p2a: Dragonite|88/100
|move|p2a: Dragonite|Low Kick|p1a: Metagross
|-damage|p1a: Metagross|4/100
|
|-weather|none
|upkeep
|turn|20
|
|t:|1769327373
|move|p1a: Metagross|Bullet Punch|p2a: Dragonite
|-damage|p2a: Dragonite|63/100
|move|p2a: Dragonite|Low Kick|p1a: Metagross
|-damage|p1a: Metagross|0 fnt
|faint|p1a: Metagross
|
|upkeep
|
|t:|1769327385
|switch|p1a: Garganacl|Garganacl, M|21/100
|turn|21
|
|t:|1769327389
|move|p1a: Garganacl|Protect|p1a: Garganacl
|-singleturn|p1a: Garganacl|Protect
|move|p2a: Dragonite|Low Kick|p1a: Garganacl
|-activate|p1a: Garganacl|move: Protect
|
|-heal|p1a: Garganacl|27/100|[from] item: Leftovers
|upkeep
|turn|22
|
|t:|1769327398
|switch|p1a: Ceruledge|Ceruledge, M|100/100
|-item|p1a: Ceruledge|Air Balloon
|move|p2a: Dragonite|Low Kick|p1a: Ceruledge
|-immune|p1a: Ceruledge
|
|upkeep
|turn|23
|
|t:|1769327406
|switch|p2a: Garganacl|Garganacl, M|100/100
|-damage|p2a: Garganacl|88/100|[from] Stealth Rock
|move|p1a: Ceruledge|Swords Dance|p1a: Ceruledge
|-boost|p1a: Ceruledge|atk|2
|
|-heal|p2a: Garganacl|94/100|[from] item: Leftovers
|upkeep
|turn|24
|
|t:|1769327415
|move|p1a: Ceruledge|Close Combat|p2a: Garganacl
|-supereffective|p2a: Garganacl
|-damage|p2a: Garganacl|0 fnt
|-unboost|p1a: Ceruledge|def|1
|-unboost|p1a: Ceruledge|spd|1
|faint|p2a: Garganacl
|
|upkeep
|
|t:|1769327426
|switch|p2a: Tornadus|Tornadus-Therian, M|100/100
|-damage|p2a: Tornadus|75/100|[from] Stealth Rock
|turn|25
|
|t:|1769327431
|move|p2a: Tornadus|Knock Off|p1a: Ceruledge
|-supereffective|p1a: Ceruledge
|-damage|p1a: Ceruledge|15/100
|-ability|p1a: Ceruledge|Weak Armor|boost
|-unboost|p1a: Ceruledge|def|1
|-boost|p1a: Ceruledge|spe|2
|-enditem|p1a: Ceruledge|Air Balloon
|move|p1a: Ceruledge|Bitter Blade|p2a: Tornadus
|-crit|p2a: Tornadus
|-damage|p2a: Tornadus|0 fnt
|-heal|p1a: Ceruledge|54/100|[from] drain|[of] p2a: Tornadus
|faint|p2a: Tornadus
|
|upkeep
|
|t:|1769327437
|switch|p2a: Dragonite|Dragonite, M|63/100
|turn|26
|
|t:|1769327447
|move|p1a: Ceruledge|Bitter Blade|p2a: Dragonite
|-resisted|p2a: Dragonite
|-damage|p2a: Dragonite|30/100
|-heal|p1a: Ceruledge|76/100|[from] drain|[of] p2a: Dragonite
|move|p2a: Dragonite|Roar|p1a: Ceruledge
|drag|p1a: Gardevoir|Gardevoir, F|67/100 par
|-ability|p1a: Gardevoir|Multiscale|Trace|[from] ability: Trace|[of] p2a: Dragonite
|
|upkeep
|turn|27
|
|t:|1769327459
|move|p1a: Gardevoir|Moonblast|p2a: Dragonite
|-supereffective|p2a: Dragonite
|-damage|p2a: Dragonite|0 fnt
|faint|p2a: Dragonite
|
|upkeep
|
|t:|1769327463
|switch|p2a: Great Tusk|Great Tusk|85/100
|-damage|p2a: Great Tusk|82/100|[from] Stealth Rock
|-enditem|p2a: Great Tusk|Booster Energy
|-activate|p2a: Great Tusk|ability: Protosynthesis|[fromitem]
|-start|p2a: Great Tusk|protosynthesisatk
|turn|28
|
|t:|1769327470
|move|p2a: Great Tusk|Ice Spinner|p1a: Gardevoir
|-damage|p1a: Gardevoir|13/100 par
|move|p1a: Gardevoir|Moonblast|p2a: Great Tusk
|-supereffective|p2a: Great Tusk
|-damage|p2a: Great Tusk|0 fnt
|faint|p2a: Great Tusk
|-end|p2a: Great Tusk|Protosynthesis|[silent]
|
|win|kiko5bolas
|raw|kiko5bolas's rating: 1134 &rarr; <strong>1159</strong><br />(+25 for winning)
|raw|4tbs4yhe65eu's rating: 1131 &rarr; <strong>1106</strong><br />(-25 for losing)
|l|☆4tbs4yhe65eu
|player|p2|
