|j|☆JD2Sleepy
|j|☆VulneratusOdin
|t:|1769383879
|gametype|singles
|player|p1|JD2Sleepy|blackbelt-gen4dp|1556
|player|p2|VulneratusOdin|shadowtriad|1477
|gen|9
|tier|[Gen 9] OU
|rated|
|rule|HP Percentage Mod: HP is shown in percentages
|rule|Endless Battle Clause: Forcing endless battles is banned
|rule|Species Clause: Limit one of each Pokémon
|rule|OHKO Clause: OHKO moves are banned
|rule|Evasion Items Clause: Evasion items are banned
|rule|Evasion Moves Clause: Evasion moves are banned
|rule|Evasion Abilities Clause: Evasion abilities are banned
|rule|Sleep Moves Clause: Sleep-inducing moves are banned
|clearpoke
|poke|p1|Samurott-Hisui, M|
|poke|p1|Glimmora, M|
|poke|p1|Darkrai|
|poke|p1|Gholdengo|
|poke|p1|Zamazenta-*|
|poke|p1|Kingambit, F|
|poke|p2|Hatterene, F|
|poke|p2|Tyranitar, M|
|poke|p2|Darkrai|
|poke|p2|Excadrill, F|
|poke|p2|Ceruledge, M|
|poke|p2|Infernape, F|
|teampreview
|inactive|Battle timer is ON: inactive players will automatically lose when time's up. (requested by VulneratusOdin)
|
|t:|1769383890
|teamsize|p1|6
|teamsize|p2|6
|start
|switch|p1a: All Dae|Glimmora, M|100/100
|switch|p2a: Darkrai|Darkrai|100/100
|turn|1
|inactive|VulneratusOdin has 120 seconds left.
|inactive|VulneratusOdin has 90 seconds left.
|
|t:|1769383962
|move|p2a: Darkrai|Dark Pulse|p1a: All Dae
|-damage|p1a: All Dae|30/100
|-enditem|p1a: All Dae|Red Card|[of] p2a: Darkrai
|drag|p2a: Hatterene|Hatterene, F, shiny|100/100
|move|p1a: All Dae|Stealth Rock|p2a: Hatterene
|move|p2a: Hatterene|Stealth Rock|p1a: All Dae|[from] ability: Magic Bounce
|-sidestart|p1: JD2Sleepy|move: Stealth Rock
|
|upkeep
|turn|2
|
|t:|1769383976
|switch|p2a: Excadrill|Excadrill, F|100/100
|move|p1a: All Dae|Mortal Spin|p2a: Excadrill
|-immune|p2a: Excadrill
|
|upkeep
|turn|3
|
|t:|1769383982
|move|p1a: All Dae|Earth Power|p2a: Excadrill
|-supereffective|p2a: Excadrill
|-damage|p2a: Excadrill|33/100
|move|p2a: Excadrill|Rapid Spin|p1a: All Dae
|-resisted|p1a: All Dae
|-damage|p1a: All Dae|16/100
|-boost|p2a: Excadrill|spe|1
|-activate|p1a: All Dae|ability: Toxic Debris
|-sidestart|p2: VulneratusOdin|move: Toxic Spikes
|-sideend|p2: VulneratusOdin|Toxic Spikes|[from] move: Rapid Spin|[of] p2a: Excadrill
|
|upkeep
|turn|4
|inactive|VulneratusOdin has 90 seconds left.
|
|t:|1769383991
|move|p2a: Excadrill|Rapid Spin|p1a: All Dae
|-resisted|p1a: All Dae
|-damage|p1a: All Dae|2/100
|-boost|p2a: Excadrill|spe|1
|-activate|p1a: All Dae|ability: Toxic Debris
|-sidestart|p2: VulneratusOdin|move: Toxic Spikes
|-sideend|p2: VulneratusOdin|Toxic Spikes|[from] move: Rapid Spin|[of] p2a: Excadrill
|move|p1a: All Dae|Earth Power|p2a: Excadrill
|-supereffective|p2a: Excadrill
|-damage|p2a: Excadrill|0 fnt
|faint|p2a: Excadrill
|
|upkeep
|inactive|VulneratusOdin has 90 seconds left.
|
|t:|1769384016
|switch|p2a: Ceruledge|Ceruledge, M|100/100
|turn|5
|
|t:|1769384037
|switch|p2a: Tyranitar|Tyranitar, M|100/100
|-weather|Sandstorm|[from] ability: Sand Stream|[of] p2a: Tyranitar
|move|p1a: All Dae|Mortal Spin|p2a: Tyranitar
|-resisted|p2a: Tyranitar
|-damage|p2a: Tyranitar|98/100
|-status|p2a: Tyranitar|psn
|-sideend|p1: JD2Sleepy|Stealth Rock|[from] move: Mortal Spin|[of] p1a: All Dae
|
|-weather|Sandstorm|[upkeep]
|-heal|p2a: Tyranitar|100/100 psn|[from] item: Leftovers
|-damage|p2a: Tyranitar|88/100 psn|[from] psn
|upkeep
|turn|6
|
|t:|1769384048
|move|p1a: All Dae|Stealth Rock|p2a: Tyranitar
|-sidestart|p2: VulneratusOdin|move: Stealth Rock
|move|p2a: Tyranitar|Stealth Rock|p1a: All Dae
|-sidestart|p1: JD2Sleepy|move: Stealth Rock
|
|-weather|Sandstorm|[upkeep]
|-heal|p2a: Tyranitar|94/100 psn|[from] item: Leftovers
|-damage|p2a: Tyranitar|82/100 psn|[from] psn
|upkeep
|turn|7
|
|t:|1769384054
|move|p1a: All Dae|Mortal Spin|p2a: Tyranitar
|-resisted|p2a: Tyranitar
|-damage|p2a: Tyranitar|80/100 psn
|-sideend|p1: JD2Sleepy|Stealth Rock|[from] move: Mortal Spin|[of] p1a: All Dae
|move|p2a: Tyranitar|Knock Off|p1a: All Dae
|-damage|p1a: All Dae|0 fnt
|-activate|p1a: All Dae|ability: Toxic Debris
|-sidestart|p2: VulneratusOdin|move: Toxic Spikes
|faint|p1a: All Dae
|
|-weather|Sandstorm|[upkeep]
|-heal|p2a: Tyranitar|86/100 psn|[from] item: Leftovers
|-damage|p2a: Tyranitar|74/100 psn|[from] psn
|upkeep
|
|t:|1769384058
|switch|p1a: Samurott-Jack|Samurott-Hisui, M, shiny|100/100
|turn|8
|
|t:|1769384064
|move|p1a: Samurott-Jack|Encore|p2a: Tyranitar
|-start|p2a: Tyranitar|Encore
|move|p2a: Tyranitar|Knock Off|p1a: Samurott-Jack
|-resisted|p1a: Samurott-Jack
|-damage|p1a: Samurott-Jack|73/100
|-enditem|p1a: Samurott-Jack|Focus Sash|[from] move: Knock Off|[of] p2a: Tyranitar
|
|-weather|Sandstorm|[upkeep]
|-damage|p1a: Samurott-Jack|67/100|[from] Sandstorm
|-heal|p2a: Tyranitar|80/100 psn|[from] item: Leftovers
|-damage|p2a: Tyranitar|67/100 psn|[from] psn
|upkeep
|turn|9
|inactive|VulneratusOdin has 90 seconds left.
|
|t:|1769384069
|move|p1a: Samurott-Jack|Ceaseless Edge|p2a: Tyranitar
|-resisted|p2a: Tyranitar
|-damage|p2a: Tyranitar|53/100 psn
|-sidestart|p2: VulneratusOdin|Spikes
|move|p2a: Tyranitar|Knock Off|p1a: Samurott-Jack
|-resisted|p1a: Samurott-Jack
|-damage|p1a: Samurott-Jack|47/100
|
|-weather|none
|-heal|p2a: Tyranitar|59/100 psn|[from] item: Leftovers
|-damage|p2a: Tyranitar|46/100 psn|[from] psn
|upkeep
|turn|10
|
|t:|1769384078
|move|p1a: Samurott-Jack|Surf|p2a: Tyranitar
|-supereffective|p2a: Tyranitar
|-damage|p2a: Tyranitar|0 fnt
|faint|p2a: Tyranitar
|
|upkeep
|
|t:|1769384085
|switch|p2a: Infernape|Infernape, F|100/100
|-damage|p2a: Infernape|88/100|[from] Stealth Rock
|-status|p2a: Infernape|psn
|-damage|p2a: Infernape|76/100 psn|[from] Spikes
|turn|11
|
|t:|1769384094
|-terastallize|p1a: Samurott-Jack|Ghost
|move|p2a: Infernape|Aura Sphere|p1a: Samurott-Jack
|-immune|p1a: Samurott-Jack
|move|p1a: Samurott-Jack|Surf|p2a: Infernape
|-supereffective|p2a: Infernape
|-damage|p2a: Infernape|0 fnt
|faint|p2a: Infernape
|
|upkeep
|
|t:|1769384100
|switch|p2a: Darkrai|Darkrai|100/100
|-damage|p2a: Darkrai|88/100|[from] Stealth Rock
|-status|p2a: Darkrai|psn
|-damage|p2a: Darkrai|76/100 psn|[from] Spikes
|turn|12
|
|t:|1769384103
|move|p2a: Darkrai|Dark Pulse|p1a: Samurott-Jack
|-supereffective|p1a: Samurott-Jack
|-damage|p1a: Samurott-Jack|0 fnt
|faint|p1a: Samurott-Jack
|
|-damage|p2a: Darkrai|63/100 psn|[from] psn
|upkeep
|
|t:|1769384109
|switch|p1a: Gët Busy|Darkrai|100/100
|turn|13
|
|t:|1769384115
|move|p2a: Darkrai|Dark Pulse|p1a: Gët Busy
|-resisted|p1a: Gët Busy
|-damage|p1a: Gët Busy|61/100
|move|p1a: Gët Busy|Focus Blast|p2a: Darkrai|[miss]
|-miss|p1a: Gët Busy|p2a: Darkrai
|
|-damage|p2a: Darkrai|51/100 psn|[from] psn
|upkeep
|turn|14
|
|t:|1769384118
|move|p2a: Darkrai|Dark Pulse|p1a: Gët Busy
|-resisted|p1a: Gët Busy
|-damage|p1a: Gët Busy|17/100
|move|p1a: Gët Busy|Sludge Bomb|p2a: Darkrai
|-damage|p2a: Darkrai|0 fnt
|faint|p2a: Darkrai
|-damage|p1a: Gët Busy|7/100|[from] item: Life Orb
|
|upkeep
|
|t:|1769384129
|switch|p2a: Ceruledge|Ceruledge, M|100/100
|-damage|p2a: Ceruledge|76/100|[from] Stealth Rock
|-status|p2a: Ceruledge|psn
|-damage|p2a: Ceruledge|63/100 psn|[from] Spikes
|turn|15
|
|t:|1769384136
|switch|p1a: ZaZa|Zamazenta|100/100
|-ability|p1a: ZaZa|Dauntless Shield|boost
|-boost|p1a: ZaZa|def|1
|move|p2a: Ceruledge|Shadow Sneak|p1a: ZaZa
|-damage|p1a: ZaZa|91/100
|
|-heal|p1a: ZaZa|97/100|[from] item: Leftovers
|-damage|p2a: Ceruledge|51/100 psn|[from] psn
|upkeep
|turn|16
|
|t:|1769384143
|move|p2a: Ceruledge|Swords Dance|p2a: Ceruledge
|-boost|p2a: Ceruledge|atk|2
|move|p1a: ZaZa|Roar|p2a: Ceruledge
|drag|p2a: Hatterene|Hatterene, F, shiny|100/100
|-damage|p2a: Hatterene|88/100|[from] Stealth Rock
|-status|p2a: Hatterene|psn
|-damage|p2a: Hatterene|76/100 psn|[from] Spikes
|
|-heal|p1a: ZaZa|100/100|[from] item: Leftovers
|-heal|p2a: Hatterene|82/100 psn|[from] item: Leftovers
|-damage|p2a: Hatterene|70/100 psn|[from] psn
|upkeep
|turn|17
|-message|VulneratusOdin forfeited.
|
|win|JD2Sleepy
|raw|JD2Sleepy's rating: 1556 &rarr; <strong>1572</strong><br />(+16 for winning)
|raw|VulneratusOdin's rating: 1477 &rarr; <strong>1461</strong><br />(-16 for losing)
|l|☆VulneratusOdin
|player|p2|
