|j|☆rpgking2000
|j|☆Pichonidas
|t:|1769313720
|gametype|singles
|player|p1|rpgking2000|silver-gen2|1394
|player|p2|Pichonidas|falkner|1410
|gen|9
|tier|[Gen 9] OU
|rated|
|rule|HP Percentage Mod: HP is shown in percentages
|rule|Endless Battle Clause: Forcing endless battles is banned
|rule|Species Clause: Limit one of each Pokémon
|rule|OHKO Clause: OHKO moves are banned
|rule|Evasion Items Clause: Evasion items are banned
|rule|Evasion Moves Clause: Evasion moves are banned
|rule|Evasion Abilities Clause: Evasion abilities are banned
|rule|Sleep Moves Clause: Sleep-inducing moves are banned
|clearpoke
|poke|p1|Gliscor, F|
|poke|p1|Weavile, F|
|poke|p1|Latios, M|
|poke|p1|Slowking-Galar, M|
|poke|p1|Cobalion|
|poke|p1|Pecharunt|
|poke|p2|Iron Valiant|
|poke|p2|Excadrill, M|
|poke|p2|Tyranitar, M|
|poke|p2|Tornadus-Therian, M|
|poke|p2|Ogerpon-Cornerstone, F|
|poke|p2|Toxapex, M|
|teampreview
|inactive|Battle timer is ON: inactive players will automatically lose when time's up. (requested by Pichonidas)
|
|t:|1769313731
|teamsize|p1|6
|teamsize|p2|6
|start
|switch|p1a: Cobalion|Cobalion|100/100
|switch|p2a: Tyranitar|Tyranitar, M, shiny|100/100
|-weather|Sandstorm|[from] ability: Sand Stream|[of] p2a: Tyranitar
|turn|1
|
|t:|1769313740
|move|p1a: Cobalion|Stealth Rock|p2a: Tyranitar
|-sidestart|p2: Pichonidas|move: Stealth Rock
|move|p2a: Tyranitar|Low Kick|p1a: Cobalion
|-supereffective|p1a: Cobalion
|-damage|p1a: Cobalion|51/100
|
|-weather|Sandstorm|[upkeep]
|-heal|p1a: Cobalion|57/100|[from] item: Leftovers
|upkeep
|turn|2
|
|t:|1769313751
|move|p1a: Cobalion|Body Press|p2a: Tyranitar
|-supereffective|p2a: Tyranitar
|-damage|p2a: Tyranitar|0 fnt
|faint|p2a: Tyranitar
|
|-weather|Sandstorm|[upkeep]
|-heal|p1a: Cobalion|64/100|[from] item: Leftovers
|upkeep
|
|t:|1769313754
|switch|p2a: Excadrill|Excadrill, M, shiny|100/100
|-damage|p2a: Excadrill|97/100|[from] Stealth Rock
|turn|3
|
|t:|1769313760
|switch|p1a: Pecharunt|Pecharunt|100/100
|move|p2a: Excadrill|Rapid Spin|p1a: Pecharunt
|-immune|p1a: Pecharunt
|
|-weather|Sandstorm|[upkeep]
|-damage|p1a: Pecharunt|94/100|[from] Sandstorm
|-heal|p2a: Excadrill|100/100|[from] item: Leftovers
|upkeep
|turn|4
|
|t:|1769313770
|switch|p1a: Gliscor|Gliscor, F|100/100
|move|p2a: Excadrill|Earthquake|p1a: Gliscor
|-immune|p1a: Gliscor
|
|-weather|Sandstorm|[upkeep]
|-status|p1a: Gliscor|tox|[from] item: Toxic Orb
|upkeep
|turn|5
|
|t:|1769313774
|move|p1a: Gliscor|Protect|p1a: Gliscor
|-singleturn|p1a: Gliscor|Protect
|move|p2a: Excadrill|Substitute|p2a: Excadrill
|-start|p2a: Excadrill|Substitute
|-damage|p2a: Excadrill|76/100
|
|-weather|Sandstorm|[upkeep]
|-heal|p2a: Excadrill|82/100|[from] item: Leftovers
|upkeep
|turn|6
|
|t:|1769313777
|move|p2a: Excadrill|Rapid Spin|p1a: Gliscor
|-damage|p1a: Gliscor|85/100 tox
|-boost|p2a: Excadrill|spe|1
|-sideend|p2: Pichonidas|Stealth Rock|[from] move: Rapid Spin|[of] p2a: Excadrill
|move|p1a: Gliscor|Earthquake|p2a: Excadrill
|-supereffective|p2a: Excadrill
|-end|p2a: Excadrill|Substitute
|
|-weather|Sandstorm|[upkeep]
|-heal|p2a: Excadrill|88/100|[from] item: Leftovers
|-heal|p1a: Gliscor|97/100 tox|[from] ability: Poison Heal
|upkeep
|turn|7
|
|t:|1769313784
|switch|p2a: Tornadus|Tornadus-Therian, M, shiny|100/100
|move|p1a: Gliscor|Earthquake|p2a: Tornadus
|-immune|p2a: Tornadus
|
|-weather|Sandstorm|[upkeep]
|-damage|p2a: Tornadus|94/100|[from] Sandstorm
|-heal|p1a: Gliscor|100/100 tox|[from] ability: Poison Heal
|upkeep
|turn|8
|
|t:|1769313790
|move|p2a: Tornadus|Weather Ball|p1a: Gliscor
|-damage|p1a: Gliscor|57/100 tox
|move|p1a: Gliscor|Spikes|p2a: Tornadus
|-sidestart|p2: Pichonidas|Spikes
|
|-weather|none
|-heal|p1a: Gliscor|70/100 tox|[from] ability: Poison Heal
|upkeep
|turn|9
|
|t:|1769313798
|switch|p2a: Ogerpon|Ogerpon-Cornerstone, F|100/100
|-damage|p2a: Ogerpon|88/100|[from] Spikes
|move|p1a: Gliscor|Spikes|p2a: Ogerpon
|-sidestart|p2: Pichonidas|Spikes
|
|-heal|p1a: Gliscor|82/100 tox|[from] ability: Poison Heal
|upkeep
|turn|10
|
|t:|1769313807
|move|p2a: Ogerpon|Knock Off|p1a: Gliscor
|-damage|p1a: Gliscor|55/100 tox
|-enditem|p1a: Gliscor|Toxic Orb|[from] move: Knock Off|[of] p2a: Ogerpon
|move|p1a: Gliscor|Toxic|p2a: Ogerpon
|-status|p2a: Ogerpon|tox
|
|-damage|p2a: Ogerpon|82/100 tox|[from] psn
|-heal|p1a: Gliscor|67/100 tox|[from] ability: Poison Heal
|upkeep
|turn|11
|
|t:|1769313813
|move|p2a: Ogerpon|Ivy Cudgel|p1a: Gliscor|[anim] Ivy Cudgel Rock
|-damage|p1a: Gliscor|19/100 tox
|move|p1a: Gliscor|Earthquake|p2a: Ogerpon
|-damage|p2a: Ogerpon|39/100 tox
|
|-damage|p2a: Ogerpon|27/100 tox|[from] psn
|-heal|p1a: Gliscor|31/100 tox|[from] ability: Poison Heal
|upkeep
|turn|12
|
|t:|1769313822
|switch|p2a: Tornadus|Tornadus-Therian, M, shiny|100/100
|move|p1a: Gliscor|Protect||[still]
|-fail|p1a: Gliscor
|
|-heal|p1a: Gliscor|44/100 tox|[from] ability: Poison Heal
|upkeep
|turn|13
|
|t:|1769313825
|move|p1a: Gliscor|Protect|p1a: Gliscor
|-singleturn|p1a: Gliscor|Protect
|move|p2a: Tornadus|Bleakwind Storm|p1a: Gliscor
|-activate|p1a: Gliscor|move: Protect
|
|-heal|p1a: Gliscor|56/100 tox|[from] ability: Poison Heal
|upkeep
|turn|14
|
|t:|1769313829
|switch|p1a: Slowking|Slowking-Galar, M|100/100
|move|p2a: Tornadus|Bleakwind Storm|p1a: Slowking
|-damage|p1a: Slowking|56/100
|-unboost|p1a: Slowking|spe|1
|
|upkeep
|turn|15
|
|t:|1769313832
|-terastallize|p2a: Tornadus|Flying
|move|p2a: Tornadus|Bleakwind Storm|p1a: Slowking
|-damage|p1a: Slowking|1/100
|move|p1a: Slowking|Future Sight|p2a: Tornadus
|-start|p1a: Slowking|move: Future Sight
|
|upkeep
|turn|16
|
|t:|1769313839
|move|p2a: Tornadus|Bleakwind Storm|p1a: Slowking
|-damage|p1a: Slowking|0 fnt
|faint|p1a: Slowking
|
|upkeep
|
|t:|1769313842
|switch|p1a: Weavile|Weavile, F|100/100
|-ability|p1a: Weavile|Pressure
|turn|17
|
|t:|1769313847
|switch|p2a: Ogerpon|Ogerpon-Cornerstone, F|27/100 tox
|-damage|p2a: Ogerpon|10/100 tox|[from] Spikes
|move|p1a: Weavile|Swords Dance|p1a: Weavile
|-boost|p1a: Weavile|atk|2
|
|-end|p2a: Ogerpon|move: Future Sight
|-damage|p2a: Ogerpon|0 fnt
|faint|p2a: Ogerpon
|upkeep
|
|t:|1769313861
|switch|p2a: Toxapex|Toxapex, M, shiny|100/100
|-damage|p2a: Toxapex|84/100|[from] Spikes
|turn|18
|
|t:|1769313864
|move|p1a: Weavile|Knock Off|p2a: Toxapex
|-damage|p2a: Toxapex|19/100
|-enditem|p2a: Toxapex|Eject Button|[from] move: Knock Off|[of] p1a: Weavile
|move|p2a: Toxapex|Haze|p2a: Toxapex
|-clearallboost
|
|upkeep
|turn|19
|
|t:|1769313869
|move|p1a: Weavile|Knock Off|p2a: Toxapex
|-damage|p2a: Toxapex|0 fnt
|faint|p2a: Toxapex
|
|upkeep
|
|t:|1769313875
|switch|p2a: Excadrill|Excadrill, M, shiny|88/100
|-damage|p2a: Excadrill|71/100|[from] Spikes
|turn|20
|
|t:|1769313879
|move|p1a: Weavile|Knock Off|p2a: Excadrill
|-damage|p2a: Excadrill|0 fnt
|-enditem|p2a: Excadrill|Leftovers|[from] move: Knock Off|[of] p1a: Weavile
|faint|p2a: Excadrill
|
|upkeep
|
|t:|1769313882
|switch|p2a: Iron Valiant|Iron Valiant, shiny|100/100
|-damage|p2a: Iron Valiant|84/100|[from] Spikes
|turn|21
|
|t:|1769313888
|switch|p1a: Gliscor|Gliscor, F|56/100 tox
|move|p2a: Iron Valiant|Vacuum Wave|p1a: Gliscor
|-resisted|p1a: Gliscor
|-damage|p1a: Gliscor|43/100 tox
|
|-heal|p1a: Gliscor|55/100 tox|[from] ability: Poison Heal
|upkeep
|turn|22
|
|t:|1769313892
|-end|p2a: Iron Valiant|Quark Drive|[silent]
|switch|p2a: Tornadus|Tornadus-Therian, M, shiny, tera:Flying|100/100
|move|p1a: Gliscor|Toxic|p2a: Tornadus
|-status|p2a: Tornadus|tox
|
|-damage|p2a: Tornadus|94/100 tox|[from] psn
|-heal|p1a: Gliscor|68/100 tox|[from] ability: Poison Heal
|upkeep
|turn|23
|-message|Pichonidas forfeited.
|
|win|rpgking2000
|raw|rpgking2000's rating: 1394 &rarr; <strong>1415</strong><br />(+21 for winning)
|raw|Pichonidas's rating: 1410 &rarr; <strong>1389</strong><br />(-21 for losing)
|l|☆Pichonidas
|player|p2|
|l|☆rpgking2000
|player|p1|
