|j|☆jjoony
|j|☆gduckzz
|t:|1769329630
|gametype|singles
|player|p1|jjoony|2|1335
|player|p2|gduckzz|koga|1324
|gen|9
|tier|[Gen 9] OU
|rated|
|rule|HP Percentage Mod: HP is shown in percentages
|rule|Endless Battle Clause: Forcing endless battles is banned
|rule|Species Clause: Limit one of each Pokémon
|rule|OHKO Clause: OHKO moves are banned
|rule|Evasion Items Clause: Evasion items are banned
|rule|Evasion Moves Clause: Evasion moves are banned
|rule|Evasion Abilities Clause: Evasion abilities are banned
|rule|Sleep Moves Clause: Sleep-inducing moves are banned
|clearpoke
|poke|p1|Hydreigon, M|
|poke|p1|Scizor, F|
|poke|p1|Primarina, M|
|poke|p1|Pelipper, M|
|poke|p1|Basculegion, M|
|poke|p1|Staraptor, F|
|poke|p2|Tyranitar, M|
|poke|p2|Slowking-Galar, M|
|poke|p2|Dragapult, F|
|poke|p2|Ogerpon-Wellspring, F|
|poke|p2|Cinderace, M|
|poke|p2|Corviknight, F|
|teampreview
|inactive|Battle timer is ON: inactive players will automatically lose when time's up. (requested by gduckzz)
|
|t:|1769329654
|teamsize|p1|6
|teamsize|p2|6
|start
|switch|p1a: Primarina|Primarina, M, shiny|100/100
|switch|p2a: Slowking|Slowking-Galar, M, shiny|100/100
|turn|1
|
|t:|1769329664
|move|p1a: Primarina|Moonblast|p2a: Slowking
|-resisted|p2a: Slowking
|-damage|p2a: Slowking|86/100
|move|p2a: Slowking|Sludge Bomb|p1a: Primarina
|-supereffective|p1a: Primarina
|-damage|p1a: Primarina|64/100
|
|upkeep
|turn|2
|
|t:|1769329676
|move|p1a: Primarina|Sparkling Aria|p2a: Slowking
|-damage|p2a: Slowking|57/100
|move|p2a: Slowking|Future Sight|p1a: Primarina
|-start|p2a: Slowking|move: Future Sight
|
|upkeep
|turn|3
|
|t:|1769329690
|move|p1a: Primarina|Sparkling Aria|p2a: Slowking
|-damage|p2a: Slowking|32/100
|-prepare|p2a: Slowking|Chilly Reception|[premajor]
|move|p2a: Slowking|Chilly Reception|p2a: Slowking
|-weather|Snowscape
|
|t:|1769329704
|switch|p2a: Ogerpon|Ogerpon-Wellspring, F|100/100|[from] Chilly Reception
|
|-weather|Snowscape|[upkeep]
|upkeep
|turn|4
|
|t:|1769329709
|switch|p1a: Scizor|Scizor, F, shiny|100/100
|move|p2a: Ogerpon|U-turn|p1a: Scizor
|-resisted|p1a: Scizor
|-damage|p1a: Scizor|89/100
|
|t:|1769329715
|switch|p2a: Cinderace|Cinderace, M|100/100|[from] U-turn
|
|-weather|Snowscape|[upkeep]
|-end|p1a: Scizor|move: Future Sight
|-resisted|p1a: Scizor
|-damage|p1a: Scizor|67/100
|upkeep
|turn|5
|
|t:|1769329731
|switch|p1a: Primarina|Primarina, M, shiny|64/100
|move|p2a: Cinderace|U-turn|p1a: Primarina
|-start|p2a: Cinderace|typechange|Bug|[from] ability: Libero
|-resisted|p1a: Primarina
|-damage|p1a: Primarina|46/100
|
|t:|1769329739
|switch|p2a: Slowking|Slowking-Galar, M, shiny|65/100|[from] U-turn
|
|-weather|Snowscape|[upkeep]
|upkeep
|turn|6
|
|t:|1769329747
|move|p1a: Primarina|Sparkling Aria|p2a: Slowking
|-damage|p2a: Slowking|37/100
|move|p2a: Slowking|Toxic|p1a: Primarina
|-status|p1a: Primarina|tox
|
|-weather|Snowscape|[upkeep]
|-damage|p1a: Primarina|40/100 tox|[from] psn
|upkeep
|turn|7
|
|t:|1769329755
|move|p1a: Primarina|Sparkling Aria|p2a: Slowking
|-damage|p2a: Slowking|10/100
|-prepare|p2a: Slowking|Chilly Reception|[premajor]
|move|p2a: Slowking|Chilly Reception|p2a: Slowking
|
|t:|1769329767
|switch|p2a: Corviknight|Corviknight, F|100/100|[from] Chilly Reception
|-ability|p2a: Corviknight|Pressure
|
|-weather|none
|-damage|p1a: Primarina|28/100 tox|[from] psn
|upkeep
|turn|8
|
|t:|1769329779
|move|p2a: Corviknight|U-turn|p1a: Primarina
|-resisted|p1a: Primarina
|-damage|p1a: Primarina|20/100 tox
|
|t:|1769329783
|switch|p2a: Slowking|Slowking-Galar, M, shiny|44/100|[from] U-turn
|move|p1a: Primarina|Sparkling Aria|p2a: Slowking
|-damage|p2a: Slowking|1/100
|
|-damage|p1a: Primarina|2/100 tox|[from] psn
|upkeep
|turn|9
|inactive|gduckzz has 120 seconds left.
|
|t:|1769329821
|switch|p2a: Ogerpon|Ogerpon-Wellspring, F|100/100
|move|p1a: Primarina|Sparkling Aria|p2a: Ogerpon
|-immune|p2a: Ogerpon|[from] ability: Water Absorb
|
|-damage|p1a: Primarina|0 fnt|[from] psn
|faint|p1a: Primarina
|upkeep
|
|t:|1769329827
|switch|p1a: Staraptor|Staraptor, F, shiny|100/100
|turn|10
|
|t:|1769329835
|switch|p2a: Corviknight|Corviknight, F|100/100
|-ability|p2a: Corviknight|Pressure
|move|p1a: Staraptor|U-turn|p2a: Corviknight
|-resisted|p2a: Corviknight
|-crit|p2a: Corviknight
|-damage|p2a: Corviknight|92/100
|-damage|p1a: Staraptor|84/100|[from] item: Rocky Helmet|[of] p2a: Corviknight
|
|t:|1769329847
|switch|p1a: Hydreigon|Hydreigon, M, shiny|100/100|[from] U-turn
|
|upkeep
|turn|11
|
|t:|1769329857
|switch|p2a: Tyranitar|Tyranitar, M, shiny|100/100
|-weather|Sandstorm|[from] ability: Sand Stream|[of] p2a: Tyranitar
|move|p1a: Hydreigon|Dark Pulse|p2a: Tyranitar
|-resisted|p2a: Tyranitar
|-damage|p2a: Tyranitar|80/100
|
|-weather|Sandstorm|[upkeep]
|-damage|p1a: Hydreigon|94/100|[from] Sandstorm
|upkeep
|turn|12
|
|t:|1769329869
|switch|p1a: Scizor|Scizor, F, shiny|67/100
|move|p2a: Tyranitar|Stone Edge|p1a: Scizor
|-damage|p1a: Scizor|0 fnt
|faint|p1a: Scizor
|
|-weather|Sandstorm|[upkeep]
|upkeep
|
|t:|1769329876
|switch|p1a: Pelipper|Pelipper, M, shiny|100/100
|-weather|RainDance|[from] ability: Drizzle|[of] p1a: Pelipper
|turn|13
|
|t:|1769329889
|switch|p2a: Corviknight|Corviknight, F|92/100
|-ability|p2a: Corviknight|Pressure
|move|p1a: Pelipper|Hydro Pump|p2a: Corviknight
|-damage|p2a: Corviknight|24/100
|
|-weather|RainDance|[upkeep]
|upkeep
|turn|14
|
|t:|1769329901
|switch|p1a: Basculegion|Basculegion, M|100/100
|move|p2a: Corviknight|Brave Bird|p1a: Basculegion
|-damage|p1a: Basculegion|61/100
|-damage|p2a: Corviknight|10/100|[from] Recoil
|
|-weather|RainDance|[upkeep]
|upkeep
|turn|15
|
|t:|1769329912
|move|p1a: Basculegion|Wave Crash|p2a: Corviknight
|-damage|p2a: Corviknight|0 fnt
|-damage|p1a: Basculegion|44/100|[from] item: Rocky Helmet|[of] p2a: Corviknight
|faint|p2a: Corviknight
|-damage|p1a: Basculegion|42/100|[from] Recoil
|
|-weather|RainDance|[upkeep]
|upkeep
|
|t:|1769329917
|switch|p2a: Tyranitar|Tyranitar, M, shiny|80/100
|-weather|Sandstorm|[from] ability: Sand Stream|[of] p2a: Tyranitar
|turn|16
|
|t:|1769329928
|switch|p2a: Ogerpon|Ogerpon-Wellspring, F|100/100
|move|p1a: Basculegion|Wave Crash|p2a: Ogerpon
|-immune|p2a: Ogerpon|[from] ability: Water Absorb
|
|-weather|Sandstorm|[upkeep]
|-damage|p2a: Ogerpon|95/100|[from] Sandstorm
|-damage|p1a: Basculegion|35/100|[from] Sandstorm
|upkeep
|turn|17
|
|t:|1769329941
|switch|p1a: Pelipper|Pelipper, M, shiny|100/100
|-weather|RainDance|[from] ability: Drizzle|[of] p1a: Pelipper
|move|p2a: Ogerpon|U-turn|p1a: Pelipper
|-resisted|p1a: Pelipper
|-damage|p1a: Pelipper|86/100
|
|t:|1769329944
|switch|p2a: Tyranitar|Tyranitar, M, shiny|80/100|[from] U-turn
|-weather|Sandstorm|[from] ability: Sand Stream|[of] p2a: Tyranitar
|
|-weather|Sandstorm|[upkeep]
|-damage|p1a: Pelipper|80/100|[from] Sandstorm
|upkeep
|turn|18
|
|t:|1769329954
|move|p2a: Tyranitar|Stone Edge|p1a: Pelipper|[miss]
|-miss|p2a: Tyranitar|p1a: Pelipper
|move|p1a: Pelipper|Tailwind|p1a: Pelipper
|-sidestart|p1: jjoony|move: Tailwind
|
|-weather|Sandstorm|[upkeep]
|-damage|p1a: Pelipper|73/100|[from] Sandstorm
|upkeep
|turn|19
|
|t:|1769329960
|move|p1a: Pelipper|Hydro Pump|p2a: Tyranitar
|-supereffective|p2a: Tyranitar
|-damage|p2a: Tyranitar|15/100
|move|p2a: Tyranitar|Stone Edge|p1a: Pelipper|[miss]
|-miss|p2a: Tyranitar|p1a: Pelipper
|
|-weather|Sandstorm|[upkeep]
|-damage|p1a: Pelipper|67/100|[from] Sandstorm
|upkeep
|turn|20
|
|t:|1769329972
|switch|p2a: Ogerpon|Ogerpon-Wellspring, F|95/100
|move|p1a: Pelipper|Ice Beam|p2a: Ogerpon
|-damage|p2a: Ogerpon|63/100
|
|-weather|Sandstorm|[upkeep]
|-damage|p2a: Ogerpon|57/100|[from] Sandstorm
|-damage|p1a: Pelipper|61/100|[from] Sandstorm
|upkeep
|turn|21
|
|t:|1769329983
|move|p2a: Ogerpon|Ivy Cudgel|p1a: Pelipper|[anim] Ivy Cudgel Water
|-resisted|p1a: Pelipper
|-damage|p1a: Pelipper|31/100
|move|p1a: Pelipper|Hurricane|p2a: Ogerpon
|-supereffective|p2a: Ogerpon
|-damage|p2a: Ogerpon|0 fnt
|faint|p2a: Ogerpon
|
|-weather|none
|-sideend|p1: jjoony|move: Tailwind
|upkeep
|
|t:|1769329990
|switch|p2a: Slowking|Slowking-Galar, M, shiny|34/100
|turn|22
|
|t:|1769330001
|switch|p1a: Staraptor|Staraptor, F, shiny|84/100
|-prepare|p2a: Slowking|Chilly Reception|[premajor]
|move|p2a: Slowking|Chilly Reception|p2a: Slowking
|-weather|Snowscape
|
|t:|1769330014
|switch|p2a: Cinderace|Cinderace, M|100/100|[from] Chilly Reception
|
|-weather|Snowscape|[upkeep]
|upkeep
|turn|23
|
|t:|1769330022
|move|p2a: Cinderace|Pyro Ball|p1a: Staraptor
|-damage|p1a: Staraptor|4/100
|move|p1a: Staraptor|Brave Bird|p2a: Cinderace
|-damage|p2a: Cinderace|0 fnt
|faint|p2a: Cinderace
|-damage|p1a: Staraptor|0 fnt|[from] Recoil
|faint|p1a: Staraptor
|
|-weather|Snowscape|[upkeep]
|upkeep
|
|t:|1769330032
|switch|p2a: Slowking|Slowking-Galar, M, shiny|67/100
|switch|p1a: Hydreigon|Hydreigon, M, shiny|94/100
|turn|24
|
|t:|1769330059
|move|p1a: Hydreigon|Dark Pulse|p2a: Slowking
|-supereffective|p2a: Slowking
|-damage|p2a: Slowking|0 fnt
|faint|p2a: Slowking
|
|-weather|Snowscape|[upkeep]
|upkeep
|
|t:|1769330064
|switch|p2a: Dragapult|Dragapult, F|100/100
|turn|25
|
|t:|1769330067
|-terastallize|p1a: Hydreigon|Steel
|move|p2a: Dragapult|Draco Meteor|p1a: Hydreigon
|-resisted|p1a: Hydreigon
|-damage|p1a: Hydreigon|42/100
|-unboost|p2a: Dragapult|spa|2
|move|p1a: Hydreigon|Dark Pulse|p2a: Dragapult
|-supereffective|p2a: Dragapult
|-damage|p2a: Dragapult|0 fnt
|faint|p2a: Dragapult
|
|-weather|Snowscape|[upkeep]
|upkeep
|-message|gduckzz forfeited.
|
|win|jjoony
|raw|jjoony's rating: 1335 &rarr; <strong>1354</strong><br />(+19 for winning)
|raw|gduckzz's rating: 1324 &rarr; <strong>1305</strong><br />(-19 for losing)
|l|☆gduckzz
|player|p2|
|l|☆jjoony
|player|p1|
