|j|☆LaCopiadeElPikoso
|j|☆kashima mizuya
|t:|1769424877
|gametype|singles
|player|p1|LaCopiadeElPikoso|teamrocket|1318
|player|p2|kashima mizuya|bruno|1338
|gen|9
|tier|[Gen 9] OU
|rated|
|rule|HP Percentage Mod: HP is shown in percentages
|rule|Endless Battle Clause: Forcing endless battles is banned
|rule|Species Clause: Limit one of each Pokémon
|rule|OHKO Clause: OHKO moves are banned
|rule|Evasion Items Clause: Evasion items are banned
|rule|Evasion Moves Clause: Evasion moves are banned
|rule|Evasion Abilities Clause: Evasion abilities are banned
|rule|Sleep Moves Clause: Sleep-inducing moves are banned
|clearpoke
|poke|p1|Indeedee, M|
|poke|p1|Hatterene, F|
|poke|p1|Ursaluna, F|
|poke|p1|Iron Hands|
|poke|p1|Hoopa-Unbound|
|poke|p1|Mimikyu, F|
|poke|p2|Alomomola, M|
|poke|p2|Ninetales-Alola, F|
|poke|p2|Kyurem|
|poke|p2|Great Tusk|
|poke|p2|Raging Bolt|
|poke|p2|Iron Moth|
|teampreview
|
|t:|1769424907
|teamsize|p1|6
|teamsize|p2|6
|start
|switch|p1a: Subaru|Indeedee, M, shiny|100/100
|switch|p2a: Iron Moth|Iron Moth|100/100
|-fieldstart|move: Psychic Terrain|[from] ability: Psychic Surge|[of] p1a: Subaru
|-enditem|p2a: Iron Moth|Booster Energy
|-activate|p2a: Iron Moth|ability: Quark Drive|[fromitem]
|-start|p2a: Iron Moth|quarkdrivespe
|turn|1
|inactive|Battle timer is ON: inactive players will automatically lose when time's up. (requested by kashima mizuya)
|
|t:|1769424913
|move|p2a: Iron Moth|Fiery Dance|p1a: Subaru
|-damage|p1a: Subaru|58/100
|-boost|p2a: Iron Moth|spa|1
|move|p1a: Subaru|Trick Room|p1a: Subaru
|-fieldstart|move: Trick Room|[of] p1a: Subaru
|
|upkeep
|turn|2
|
|t:|1769424935
|switch|p1a: Satella|Hatterene, F, shiny|100/100
|-end|p2a: Iron Moth|Quark Drive|[silent]
|switch|p2a: Ninetales|Ninetales-Alola, F|100/100
|-weather|Snowscape|[from] ability: Snow Warning|[of] p2a: Ninetales
|
|-weather|Snowscape|[upkeep]
|upkeep
|turn|3
|
|t:|1769424942
|move|p1a: Satella|Expanding Force|p2a: Ninetales
|-damage|p2a: Ninetales|0 fnt
|faint|p2a: Ninetales
|-damage|p1a: Satella|91/100|[from] item: Life Orb
|
|-weather|Snowscape|[upkeep]
|upkeep
|
|t:|1769424951
|switch|p2a: Alomomola|Alomomola, M|100/100
|turn|4
|
|t:|1769424964
|move|p2a: Alomomola|Protect|p2a: Alomomola
|-singleturn|p2a: Alomomola|Protect
|move|p1a: Satella|Expanding Force|p2a: Alomomola
|-activate|p2a: Alomomola|move: Protect
|
|-weather|Snowscape|[upkeep]
|upkeep
|turn|5
|
|t:|1769424969
|move|p1a: Satella|Expanding Force|p2a: Alomomola
|-damage|p2a: Alomomola|0 fnt
|faint|p2a: Alomomola
|-damage|p1a: Satella|81/100|[from] item: Life Orb
|
|-weather|Snowscape|[upkeep]
|-fieldend|move: Trick Room
|upkeep
|
|t:|1769424975
|switch|p2a: Iron Moth|Iron Moth|100/100
|turn|6
|
|t:|1769424985
|switch|p1a: Mimi|Mimikyu, F, shiny|100/100
|move|p2a: Iron Moth|Sludge Wave|p1a: Mimi
|-activate|p1a: Mimi|ability: Disguise
|-damage|p1a: Mimi|100/100
|detailschange|p1a: Mimi|Mimikyu-Busted, F, shiny
|-damage|p1a: Mimi|88/100|[from] pokemon: Mimikyu-Busted
|-enditem|p1a: Mimi|Red Card|[of] p2a: Iron Moth
|-end|p2a: Iron Moth|Quark Drive|[silent]
|drag|p2a: Kyurem|Kyurem|100/100
|-ability|p2a: Kyurem|Pressure
|
|-weather|none
|upkeep
|turn|7
|
|t:|1769424994
|move|p2a: Kyurem|Icicle Spear|p1a: Mimi
|-damage|p1a: Mimi|75/100
|-damage|p1a: Mimi|64/100
|-damage|p1a: Mimi|52/100
|-damage|p1a: Mimi|41/100
|-damage|p1a: Mimi|29/100
|-hitcount|p1a: Mimi|5
|move|p1a: Mimi|Trick Room|p1a: Mimi
|-fieldstart|move: Trick Room|[of] p1a: Mimi
|
|upkeep
|turn|8
|
|t:|1769425006
|switch|p2a: Iron Moth|Iron Moth|100/100
|move|p1a: Mimi|Destiny Bond|p1a: Mimi
|-singlemove|p1a: Mimi|Destiny Bond
|
|-fieldend|move: Psychic Terrain
|upkeep
|turn|9
|
|t:|1769425010
|move|p1a: Mimi|Curse|p2a: Iron Moth
|-start|p2a: Iron Moth|Curse|[of] p1a: Mimi
|-damage|p1a: Mimi|0 fnt
|faint|p1a: Mimi
|move|p2a: Iron Moth|Substitute|p2a: Iron Moth
|-start|p2a: Iron Moth|Substitute
|-damage|p2a: Iron Moth|76/100
|
|-damage|p2a: Iron Moth|51/100|[from] Curse
|upkeep
|
|t:|1769425015
|switch|p1a: 5 Nights in TR|Ursaluna, F, shiny|100/100
|turn|10
|
|t:|1769425020
|move|p1a: 5 Nights in TR|Facade|p2a: Iron Moth
|-end|p2a: Iron Moth|Substitute
|move|p2a: Iron Moth|Energy Ball|p1a: 5 Nights in TR
|-supereffective|p1a: 5 Nights in TR
|-damage|p1a: 5 Nights in TR|43/100
|
|-damage|p2a: Iron Moth|26/100|[from] Curse
|-status|p1a: 5 Nights in TR|brn|[from] item: Flame Orb
|upkeep
|turn|11
|
|t:|1769425027
|move|p1a: 5 Nights in TR|Facade|p2a: Iron Moth
|-damage|p2a: Iron Moth|0 fnt
|faint|p2a: Iron Moth
|-end|p2a: Iron Moth|Quark Drive|[silent]
|
|-damage|p1a: 5 Nights in TR|37/100 brn|[from] brn
|-fieldend|move: Trick Room
|upkeep
|
|t:|1769425036
|switch|p2a: Great Tusk|Great Tusk|100/100
|-enditem|p2a: Great Tusk|Booster Energy
|-activate|p2a: Great Tusk|ability: Protosynthesis|[fromitem]
|-start|p2a: Great Tusk|protosynthesisspe
|turn|12
|
|t:|1769425041
|switch|p1a: Subaru|Indeedee, M, shiny|58/100
|-fieldstart|move: Psychic Terrain|[from] ability: Psychic Surge|[of] p1a: Subaru
|move|p2a: Great Tusk|Bulk Up|p2a: Great Tusk
|-boost|p2a: Great Tusk|atk|1
|-boost|p2a: Great Tusk|def|1
|
|upkeep
|turn|13
|
|t:|1769425049
|move|p2a: Great Tusk|Headlong Rush|p1a: Subaru
|-damage|p1a: Subaru|0 fnt
|-unboost|p2a: Great Tusk|def|1
|-unboost|p2a: Great Tusk|spd|1
|faint|p1a: Subaru
|
|upkeep
|
|t:|1769425053
|switch|p1a: King Von|Hoopa-Unbound|100/100
|-enditem|p1a: King Von|Psychic Seed
|-boost|p1a: King Von|spd|1|[from] item: Psychic Seed
|turn|14
|
|t:|1769425063
|-terastallize|p1a: King Von|Psychic
|move|p2a: Great Tusk|Headlong Rush|p1a: King Von
|-crit|p1a: King Von
|-damage|p1a: King Von|0 fnt
|-unboost|p2a: Great Tusk|def|1
|-unboost|p2a: Great Tusk|spd|1
|faint|p1a: King Von
|
|upkeep
|
|t:|1769425075
|switch|p1a: Satella|Hatterene, F, shiny|81/100
|turn|15
|
|t:|1769425079
|move|p2a: Great Tusk|Headlong Rush|p1a: Satella
|-damage|p1a: Satella|0 fnt
|-unboost|p2a: Great Tusk|def|1
|-unboost|p2a: Great Tusk|spd|1
|faint|p1a: Satella
|
|upkeep
|
|t:|1769425081
|switch|p1a: 5 Nights in TR|Ursaluna, F, shiny|37/100 brn
|turn|16
|
|t:|1769425085
|move|p2a: Great Tusk|Ice Spinner|p1a: 5 Nights in TR
|-supereffective|p1a: 5 Nights in TR
|-damage|p1a: 5 Nights in TR|0 fnt
|-fieldend|move: Psychic Terrain
|faint|p1a: 5 Nights in TR
|
|upkeep
|
|t:|1769425087
|switch|p1a: LEBRON|Iron Hands, shiny|100/100
|-enditem|p1a: LEBRON|Booster Energy
|-activate|p1a: LEBRON|ability: Quark Drive|[fromitem]
|-start|p1a: LEBRON|quarkdriveatk
|turn|17
|
|t:|1769425092
|move|p2a: Great Tusk|Headlong Rush|p1a: LEBRON
|-supereffective|p1a: LEBRON
|-damage|p1a: LEBRON|0 fnt
|-unboost|p2a: Great Tusk|def|1
|-unboost|p2a: Great Tusk|spd|1
|faint|p1a: LEBRON
|-end|p1a: LEBRON|Quark Drive|[silent]
|
|win|kashima mizuya
|raw|LaCopiadeElPikoso's rating: 1318 &rarr; <strong>1299</strong><br />(-19 for losing)
|raw|kashima mizuya's rating: 1338 &rarr; <strong>1357</strong><br />(+19 for winning)
|l|☆LaCopiadeElPikoso
|player|p1|
