|j|‽FlappyS
|j|☆mo007001
|t:|1769321977
|gametype|singles
|player|p1|FlappyS|170|1323
|player|p2|mo007001|burglar|1363
|gen|9
|tier|[Gen 9] OU
|rated|
|rule|HP Percentage Mod: HP is shown in percentages
|rule|Endless Battle Clause: Forcing endless battles is banned
|rule|Species Clause: Limit one of each Pokémon
|rule|OHKO Clause: OHKO moves are banned
|rule|Evasion Items Clause: Evasion items are banned
|rule|Evasion Moves Clause: Evasion moves are banned
|rule|Evasion Abilities Clause: Evasion abilities are banned
|rule|Sleep Moves Clause: Sleep-inducing moves are banned
|clearpoke
|poke|p1|Gholdengo|
|poke|p1|Pecharunt|
|poke|p1|Zamazenta-*|
|poke|p1|Iron Treads|
|poke|p1|Dragonite, M|
|poke|p1|Samurott-Hisui, F|
|poke|p2|Pelipper, F|
|poke|p2|Azumarill, M|
|poke|p2|Floatzel, M|
|poke|p2|Kingdra, M|
|poke|p2|Scizor, M|
|poke|p2|Kingambit, M|
|teampreview
|
|t:|1769322007
|teamsize|p1|6
|teamsize|p2|6
|start
|switch|p1a: Samurott|Samurott-Hisui, F|100/100
|switch|p2a: 鸥达拉|Pelipper, F|100/100
|-weather|RainDance|[from] ability: Drizzle|[of] p2a: 鸥达拉
|turn|1
|
|t:|1769322028
|move|p1a: Samurott|Ceaseless Edge|p2a: 鸥达拉
|-damage|p2a: 鸥达拉|57/100
|-sidestart|p2: mo007001|Spikes
|move|p2a: 鸥达拉|U-turn|p1a: Samurott
|-supereffective|p1a: Samurott
|-damage|p1a: Samurott|80/100
|
|t:|1769322035
|switch|p2a: 勘九螂|Scizor, M|100/100|[from] U-turn
|-damage|p2a: 勘九螂|88/100|[from] Spikes
|
|-weather|RainDance|[upkeep]
|-heal|p2a: 勘九螂|94/100|[from] item: Leftovers
|upkeep
|turn|2
|
|t:|1769322043
|move|p1a: Samurott|Knock Off|p2a: 勘九螂
|-crit|p2a: 勘九螂
|-damage|p2a: 勘九螂|44/100
|-enditem|p2a: 勘九螂|Leftovers|[from] move: Knock Off|[of] p1a: Samurott
|move|p2a: 勘九螂|Defog|p1a: Samurott
|-unboost|p1a: Samurott|evasion|1
|-sideend|p2: mo007001|Spikes|[from] move: Defog|[of] p2a: 勘九螂
|
|-weather|RainDance|[upkeep]
|upkeep
|turn|3
|
|t:|1769322049
|move|p1a: Samurott|Ceaseless Edge|p2a: 勘九螂
|-damage|p2a: 勘九螂|11/100
|-sidestart|p2: mo007001|Spikes
|move|p2a: 勘九螂|U-turn|p1a: Samurott
|-supereffective|p1a: Samurott
|-damage|p1a: Samurott|7/100
|
|t:|1769322058
|switch|p2a: 日向宁刺|Kingdra, M|100/100|[from] U-turn
|-damage|p2a: 日向宁刺|88/100|[from] Spikes
|
|-weather|RainDance|[upkeep]
|upkeep
|turn|4
|
|t:|1769322063
|move|p1a: Samurott|Sucker Punch|p2a: 日向宁刺
|-damage|p2a: 日向宁刺|52/100
|move|p2a: 日向宁刺|Surf|p1a: Samurott
|-resisted|p1a: Samurott
|-damage|p1a: Samurott|0 fnt
|faint|p1a: Samurott
|-damage|p2a: 日向宁刺|42/100|[from] item: Life Orb
|
|-weather|RainDance|[upkeep]
|upkeep
|
|t:|1769322085
|switch|p1a: Zamazenta|Zamazenta|100/100
|-ability|p1a: Zamazenta|Dauntless Shield|boost
|-boost|p1a: Zamazenta|def|1
|turn|5
|
|t:|1769322090
|move|p2a: 日向宁刺|Surf|p1a: Zamazenta
|-damage|p1a: Zamazenta|35/100
|-damage|p2a: 日向宁刺|32/100|[from] item: Life Orb
|move|p1a: Zamazenta|Iron Defense|p1a: Zamazenta
|-boost|p1a: Zamazenta|def|2
|
|-weather|RainDance|[upkeep]
|-heal|p1a: Zamazenta|41/100|[from] item: Leftovers
|upkeep
|turn|6
|
|t:|1769322094
|move|p2a: 日向宁刺|Surf|p1a: Zamazenta
|-damage|p1a: Zamazenta|0 fnt
|faint|p1a: Zamazenta
|-damage|p2a: 日向宁刺|22/100|[from] item: Life Orb
|
|-weather|RainDance|[upkeep]
|upkeep
|
|t:|1769322097
|switch|p1a: Dragonite|Dragonite, M|100/100
|turn|7
|
|t:|1769322102
|move|p1a: Dragonite|Extreme Speed|p2a: 日向宁刺
|-damage|p2a: 日向宁刺|0 fnt
|faint|p2a: 日向宁刺
|
|-weather|RainDance|[upkeep]
|upkeep
|
|t:|1769322108
|switch|p2a: 勘九螂|Scizor, M|11/100
|-damage|p2a: 勘九螂|0 fnt|[from] Spikes
|faint|p2a: 勘九螂
|
|t:|1769322119
|switch|p2a: 鸥达拉|Pelipper, F|57/100
|turn|8
|
|t:|1769322123
|move|p2a: 鸥达拉|U-turn|p1a: Dragonite
|-resisted|p1a: Dragonite
|-damage|p1a: Dragonite|98/100
|
|t:|1769322127
|switch|p2a: 阿斯玛|Azumarill, M|100/100|[from] U-turn
|-damage|p2a: 阿斯玛|88/100|[from] Spikes
|move|p1a: Dragonite|Dragon Tail|p2a: 阿斯玛
|-immune|p2a: 阿斯玛
|
|-weather|none
|upkeep
|turn|9
|
|t:|1769322135
|move|p1a: Dragonite|Extreme Speed|p2a: 阿斯玛
|-damage|p2a: 阿斯玛|50/100
|-enditem|p2a: 阿斯玛|Sitrus Berry|[eat]
|-heal|p2a: 阿斯玛|75/100|[from] item: Sitrus Berry
|move|p2a: 阿斯玛|Play Rough|p1a: Dragonite
|-supereffective|p1a: Dragonite
|-damage|p1a: Dragonite|0 fnt
|faint|p1a: Dragonite
|
|upkeep
|
|t:|1769322149
|switch|p1a: Pecharunt|Pecharunt|100/100
|-item|p1a: Pecharunt|Air Balloon
|turn|10
|
|t:|1769322154
|switch|p2a: 鸥达拉|Pelipper, F|57/100
|-weather|RainDance|[from] ability: Drizzle|[of] p2a: 鸥达拉
|move|p1a: Pecharunt|Malignant Chain|p2a: 鸥达拉
|-damage|p2a: 鸥达拉|13/100
|-status|p2a: 鸥达拉|tox
|-start|p2a: 鸥达拉|confusion|[from] ability: Poison Puppeteer|[of] p1a: Pecharunt
|
|-weather|RainDance|[upkeep]
|-damage|p2a: 鸥达拉|7/100 tox|[from] psn
|upkeep
|turn|11
|
|t:|1769322162
|move|p1a: Pecharunt|Malignant Chain|p2a: 鸥达拉
|-damage|p2a: 鸥达拉|0 fnt
|faint|p2a: 鸥达拉
|
|-weather|RainDance|[upkeep]
|upkeep
|
|t:|1769322165
|switch|p2a: 宇智波鼬|Floatzel, M|100/100
|-damage|p2a: 宇智波鼬|88/100|[from] Spikes
|turn|12
|
|t:|1769322169
|-terastallize|p2a: 宇智波鼬|Water
|move|p2a: 宇智波鼬|Wave Crash|p1a: Pecharunt
|-damage|p1a: Pecharunt|0 fnt
|-enditem|p1a: Pecharunt|Air Balloon
|faint|p1a: Pecharunt
|-damage|p2a: 宇智波鼬|48/100|[from] Recoil
|
|-weather|RainDance|[upkeep]
|upkeep
|
|t:|1769322177
|switch|p1a: Iron Treads|Iron Treads|100/100
|turn|13
|
|t:|1769322180
|move|p2a: 宇智波鼬|Wave Crash|p1a: Iron Treads
|-supereffective|p1a: Iron Treads
|-damage|p1a: Iron Treads|0 fnt
|faint|p1a: Iron Treads
|-end|p1a: Iron Treads|Quark Drive|[silent]
|-damage|p2a: 宇智波鼬|7/100|[from] Recoil
|
|-weather|RainDance|[upkeep]
|upkeep
|
|t:|1769322183
|switch|p1a: Gholdengo|Gholdengo|100/100
|turn|14
|
|t:|1769322189
|-terastallize|p1a: Gholdengo|Steel
|move|p2a: 宇智波鼬|Wave Crash|p1a: Gholdengo
|-damage|p1a: Gholdengo|0 fnt
|faint|p1a: Gholdengo
|-damage|p2a: 宇智波鼬|0 fnt|[from] Recoil
|faint|p2a: 宇智波鼬
|
|win|mo007001
|raw|FlappyS's rating: 1323 &rarr; <strong>1305</strong><br />(-18 for losing)
|raw|mo007001's rating: 1363 &rarr; <strong>1381</strong><br />(+18 for winning)
|l|‽FlappyS
|player|p1|
|l|☆mo007001
|player|p2|
