|j|☆American Noodle
|j|☆Pablofromportluis
|t:|1769310635
|gametype|singles
|player|p1|American Noodle|hugh|1417
|player|p2|Pablofromportluis|blackbelt-gen4dp|1358
|gen|9
|tier|[Gen 9] OU
|rated|
|rule|HP Percentage Mod: HP is shown in percentages
|rule|Endless Battle Clause: Forcing endless battles is banned
|rule|Species Clause: Limit one of each Pokémon
|rule|OHKO Clause: OHKO moves are banned
|rule|Evasion Items Clause: Evasion items are banned
|rule|Evasion Moves Clause: Evasion moves are banned
|rule|Evasion Abilities Clause: Evasion abilities are banned
|rule|Sleep Moves Clause: Sleep-inducing moves are banned
|clearpoke
|poke|p1|Ogerpon-Wellspring, F|
|poke|p1|Ribombee, F|
|poke|p1|Rampardos, M|
|poke|p1|Raging Bolt|
|poke|p1|Gholdengo|
|poke|p1|Great Tusk|
|poke|p2|Rillaboom, F|
|poke|p2|Pecharunt|
|poke|p2|Garganacl, M|
|poke|p2|Gliscor, F|
|poke|p2|Zamazenta-*|
|poke|p2|Hatterene, F|
|teampreview
|
|t:|1769310652
|teamsize|p1|6
|teamsize|p2|6
|start
|switch|p1a: Great Tusk|Great Tusk|100/100
|switch|p2a: Rillaboom|Rillaboom, F|100/100
|-fieldstart|move: Grassy Terrain|[from] ability: Grassy Surge|[of] p2a: Rillaboom
|-enditem|p1a: Great Tusk|Booster Energy
|-activate|p1a: Great Tusk|ability: Protosynthesis|[fromitem]
|-start|p1a: Great Tusk|protosynthesisatk
|turn|1
|inactive|Battle timer is ON: inactive players will automatically lose when time's up. (requested by American Noodle)
|
|t:|1769310686
|switch|p2a: Hatterene|Hatterene, F|100/100
|-terastallize|p1a: Great Tusk|Steel
|move|p1a: Great Tusk|Ice Spinner|p2a: Hatterene
|-damage|p2a: Hatterene|70/100
|-fieldend|move: Grassy Terrain
|
|-heal|p2a: Hatterene|76/100|[from] item: Leftovers
|upkeep
|turn|2
|inactive|Pablofromportluis has 120 seconds left.
|
|t:|1769310735
|switch|p2a: Zamazenta|Zamazenta|100/100
|-ability|p2a: Zamazenta|Dauntless Shield|boost
|-boost|p2a: Zamazenta|def|1
|move|p1a: Great Tusk|Headlong Rush|p2a: Zamazenta
|-damage|p2a: Zamazenta|58/100
|-unboost|p1a: Great Tusk|def|1
|-unboost|p1a: Great Tusk|spd|1
|
|-heal|p2a: Zamazenta|65/100|[from] item: Leftovers
|upkeep
|turn|3
|
|t:|1769310745
|-end|p1a: Great Tusk|Protosynthesis|[silent]
|switch|p1a: Gholdengo|Gholdengo|100/100
|-item|p1a: Gholdengo|Air Balloon
|move|p2a: Zamazenta|Body Press|p1a: Gholdengo
|-immune|p1a: Gholdengo
|
|-heal|p2a: Zamazenta|71/100|[from] item: Leftovers
|upkeep
|turn|4
|
|t:|1769310760
|switch|p2a: Gliscor|Gliscor, F|100/100
|move|p1a: Gholdengo|Dazzling Gleam|p2a: Gliscor
|-damage|p2a: Gliscor|73/100
|
|-status|p2a: Gliscor|tox|[from] item: Toxic Orb
|upkeep
|turn|5
|
|t:|1769310775
|switch|p1a: Great Tusk|Great Tusk, tera:Steel|100/100
|move|p2a: Gliscor|Spikes|p1a: Great Tusk
|-sidestart|p1: American Noodle|Spikes
|
|-heal|p2a: Gliscor|85/100 tox|[from] ability: Poison Heal
|upkeep
|turn|6
|
|t:|1769310783
|switch|p2a: Zamazenta|Zamazenta|71/100
|move|p1a: Great Tusk|Ice Spinner|p2a: Zamazenta
|-damage|p2a: Zamazenta|49/100
|
|-heal|p2a: Zamazenta|55/100|[from] item: Leftovers
|upkeep
|turn|7
|inactive|Pablofromportluis has 120 seconds left.
|
|t:|1769310796
|-end|p1a: Great Tusk|Protosynthesis|[silent]
|switch|p1a: Gholdengo|Gholdengo|100/100
|-item|p1a: Gholdengo|Air Balloon
|move|p2a: Zamazenta|Body Press|p1a: Gholdengo
|-immune|p1a: Gholdengo
|
|-heal|p2a: Zamazenta|61/100|[from] item: Leftovers
|upkeep
|turn|8
|inactive|Pablofromportluis has 120 seconds left.
|
|t:|1769310827
|-terastallize|p2a: Zamazenta|Fire
|move|p2a: Zamazenta|Crunch|p1a: Gholdengo
|-supereffective|p1a: Gholdengo
|-damage|p1a: Gholdengo|49/100
|-unboost|p1a: Gholdengo|def|1
|-enditem|p1a: Gholdengo|Air Balloon
|move|p1a: Gholdengo|Shadow Ball|p2a: Zamazenta
|-damage|p2a: Zamazenta|23/100
|
|-heal|p2a: Zamazenta|30/100|[from] item: Leftovers
|upkeep
|turn|9
|
|t:|1769310846
|move|p2a: Zamazenta|Crunch|p1a: Gholdengo
|-supereffective|p1a: Gholdengo
|-damage|p1a: Gholdengo|0 fnt
|faint|p1a: Gholdengo
|
|-heal|p2a: Zamazenta|36/100|[from] item: Leftovers
|upkeep
|
|t:|1769310848
|switch|p1a: Raging Bolt|Raging Bolt|100/100
|-damage|p1a: Raging Bolt|88/100|[from] Spikes
|turn|10
|inactive|American Noodle has 120 seconds left.
|
|t:|1769310880
|switch|p2a: Rillaboom|Rillaboom, F|100/100
|-fieldstart|move: Grassy Terrain|[from] ability: Grassy Surge|[of] p2a: Rillaboom
|move|p1a: Raging Bolt|Thunderclap||[still]
|-fail|p1a: Raging Bolt
|
|-heal|p1a: Raging Bolt|94/100|[from] Grassy Terrain
|upkeep
|turn|11
|inactive|American Noodle has 120 seconds left.
|
|t:|1769310890
|-end|p1a: Raging Bolt|Protosynthesis|[silent]
|switch|p1a: Ribombee|Ribombee, F|100/100
|-damage|p1a: Ribombee|88/100|[from] Spikes
|move|p2a: Rillaboom|U-turn|p1a: Ribombee
|-resisted|p1a: Ribombee
|-crit|p1a: Ribombee
|-damage|p1a: Ribombee|51/100
|inactive|Pablofromportluis has 90 seconds left.
|
|t:|1769310916
|switch|p2a: Hatterene|Hatterene, F|76/100|[from] U-turn
|
|-heal|p1a: Ribombee|58/100|[from] Grassy Terrain
|-heal|p2a: Hatterene|82/100|[from] Grassy Terrain
|-heal|p2a: Hatterene|88/100|[from] item: Leftovers
|upkeep
|turn|12
|inactive|American Noodle has 120 seconds left.
|
|t:|1769310943
|switch|p1a: Great Tusk|Great Tusk, tera:Steel|100/100
|-damage|p1a: Great Tusk|88/100|[from] Spikes
|move|p2a: Hatterene|Mystical Fire|p1a: Great Tusk
|-supereffective|p1a: Great Tusk
|-damage|p1a: Great Tusk|16/100
|-unboost|p1a: Great Tusk|spa|1
|
|-heal|p1a: Great Tusk|22/100|[from] Grassy Terrain
|-heal|p2a: Hatterene|94/100|[from] Grassy Terrain
|-heal|p2a: Hatterene|99/100|[from] item: Leftovers
|upkeep
|turn|13
|inactive|Pablofromportluis has 90 seconds left.
|
|t:|1769310956
|move|p1a: Great Tusk|Headlong Rush|p2a: Hatterene
|-damage|p2a: Hatterene|51/100
|-unboost|p1a: Great Tusk|def|1
|-unboost|p1a: Great Tusk|spd|1
|move|p2a: Hatterene|Mystical Fire|p1a: Great Tusk
|-supereffective|p1a: Great Tusk
|-damage|p1a: Great Tusk|0 fnt
|faint|p1a: Great Tusk
|-end|p1a: Great Tusk|Protosynthesis|[silent]
|
|-heal|p2a: Hatterene|57/100|[from] Grassy Terrain
|-heal|p2a: Hatterene|63/100|[from] item: Leftovers
|upkeep
|inactive|American Noodle has 120 seconds left.
|
|t:|1769310970
|switch|p1a: Rampardos|Rampardos, M|100/100
|-damage|p1a: Rampardos|88/100|[from] Spikes
|turn|14
|inactive|Pablofromportluis has 90 seconds left.
|
|t:|1769310997
|switch|p2a: Gliscor|Gliscor, F|85/100 tox
|move|p1a: Rampardos|Rock Slide|p2a: Gliscor
|-damage|p2a: Gliscor|22/100 tox
|
|-heal|p1a: Rampardos|94/100|[from] Grassy Terrain
|-heal|p2a: Gliscor|34/100 tox|[from] ability: Poison Heal
|upkeep
|turn|15
|
|t:|1769311016
|move|p2a: Gliscor|Spikes|p1a: Rampardos
|-sidestart|p1: American Noodle|Spikes
|move|p1a: Rampardos|Fire Punch|p2a: Gliscor
|-damage|p2a: Gliscor|0 fnt
|faint|p2a: Gliscor
|
|-heal|p1a: Rampardos|99/100|[from] Grassy Terrain
|upkeep
|
|t:|1769311019
|switch|p2a: Zamazenta|Zamazenta, tera:Fire|36/100
|turn|16
|
|t:|1769311024
|switch|p1a: Ribombee|Ribombee, F|58/100
|-damage|p1a: Ribombee|41/100|[from] Spikes
|move|p2a: Zamazenta|Body Press|p1a: Ribombee
|-resisted|p1a: Ribombee
|-damage|p1a: Ribombee|26/100
|
|-heal|p2a: Zamazenta|42/100|[from] Grassy Terrain
|-heal|p2a: Zamazenta|48/100|[from] item: Leftovers
|-heal|p1a: Ribombee|32/100|[from] Grassy Terrain
|upkeep
|turn|17
|inactive|Pablofromportluis has 90 seconds left.
|
|t:|1769311030
|switch|p2a: Hatterene|Hatterene, F|63/100
|move|p1a: Ribombee|Stun Spore|p2a: Hatterene
|move|p2a: Hatterene|Stun Spore|p1a: Ribombee|[from] ability: Magic Bounce
|-status|p1a: Ribombee|par
|
|-heal|p1a: Ribombee|38/100 par|[from] Grassy Terrain
|-heal|p2a: Hatterene|69/100|[from] Grassy Terrain
|-heal|p2a: Hatterene|75/100|[from] item: Leftovers
|-fieldend|move: Grassy Terrain
|upkeep
|turn|18
|inactive|Pablofromportluis has 90 seconds left.
|
|t:|1769311040
|move|p1a: Ribombee|Psychic Noise|p2a: Hatterene
|-resisted|p2a: Hatterene
|-damage|p2a: Hatterene|64/100
|-start|p2a: Hatterene|move: Heal Block
|move|p2a: Hatterene|Psychic Noise|p1a: Ribombee
|-damage|p1a: Ribombee|0 fnt
|faint|p1a: Ribombee
|
|upkeep
|
|t:|1769311046
|switch|p1a: Ogerpon|Ogerpon-Wellspring, F|100/100
|-damage|p1a: Ogerpon|84/100|[from] Spikes
|turn|19
|
|t:|1769311056
|switch|p2a: Pecharunt|Pecharunt|100/100
|move|p1a: Ogerpon|Ivy Cudgel|p2a: Pecharunt|[anim] Ivy Cudgel Water
|-crit|p2a: Pecharunt
|-damage|p2a: Pecharunt|30/100
|
|-heal|p2a: Pecharunt|36/100|[from] item: Leftovers
|upkeep
|turn|20
|
|t:|1769311066
|move|p1a: Ogerpon|Ivy Cudgel|p2a: Pecharunt|[anim] Ivy Cudgel Water
|-damage|p2a: Pecharunt|0 fnt
|faint|p2a: Pecharunt
|
|upkeep
|inactive|Pablofromportluis has 90 seconds left.
|
|t:|1769311082
|switch|p2a: Zamazenta|Zamazenta, tera:Fire|48/100
|turn|21
|
|t:|1769311090
|move|p2a: Zamazenta|Body Press|p1a: Ogerpon
|-damage|p1a: Ogerpon|43/100
|move|p1a: Ogerpon|Ivy Cudgel|p2a: Zamazenta|[anim] Ivy Cudgel Water
|-supereffective|p2a: Zamazenta
|-damage|p2a: Zamazenta|0 fnt
|faint|p2a: Zamazenta
|
|upkeep
|
|t:|1769311093
|switch|p2a: Rillaboom|Rillaboom, F|100/100
|-fieldstart|move: Grassy Terrain|[from] ability: Grassy Surge|[of] p2a: Rillaboom
|turn|22
|
|t:|1769311100
|switch|p1a: Raging Bolt|Raging Bolt|94/100
|-damage|p1a: Raging Bolt|78/100|[from] Spikes
|move|p2a: Rillaboom|Grassy Glide|p1a: Raging Bolt
|-resisted|p1a: Raging Bolt
|-damage|p1a: Raging Bolt|63/100
|
|-heal|p1a: Raging Bolt|69/100|[from] Grassy Terrain
|upkeep
|turn|23
|inactive|Pablofromportluis has 120 seconds left.
|
|t:|1769311110
|switch|p2a: Garganacl|Garganacl, M|100/100
|move|p1a: Raging Bolt|Volt Switch|p2a: Garganacl
|-damage|p2a: Garganacl|57/100
|
|t:|1769311117
|-end|p1a: Raging Bolt|Protosynthesis|[silent]
|switch|p1a: Ogerpon|Ogerpon-Wellspring, F|43/100|[from] Volt Switch
|-damage|p1a: Ogerpon|26/100|[from] Spikes
|
|-heal|p1a: Ogerpon|32/100|[from] Grassy Terrain
|-heal|p2a: Garganacl|63/100|[from] Grassy Terrain
|-heal|p2a: Garganacl|69/100|[from] item: Leftovers
|upkeep
|turn|24
|
|t:|1769311139
|switch|p2a: Rillaboom|Rillaboom, F|100/100
|move|p1a: Ogerpon|Ivy Cudgel|p2a: Rillaboom|[anim] Ivy Cudgel Water
|-resisted|p2a: Rillaboom
|-damage|p2a: Rillaboom|72/100
|
|-heal|p1a: Ogerpon|38/100|[from] Grassy Terrain
|-heal|p2a: Rillaboom|78/100|[from] Grassy Terrain
|upkeep
|turn|25
|
|t:|1769311146
|switch|p1a: Raging Bolt|Raging Bolt|69/100
|-damage|p1a: Raging Bolt|52/100|[from] Spikes
|move|p2a: Rillaboom|Grassy Glide|p1a: Raging Bolt
|-resisted|p1a: Raging Bolt
|-damage|p1a: Raging Bolt|36/100
|
|-heal|p2a: Rillaboom|84/100|[from] Grassy Terrain
|-heal|p1a: Raging Bolt|42/100|[from] Grassy Terrain
|upkeep
|turn|26
|
|t:|1769311154
|switch|p2a: Garganacl|Garganacl, M|69/100
|move|p1a: Raging Bolt|Volt Switch|p2a: Garganacl
|-damage|p2a: Garganacl|24/100
|
|t:|1769311170
|-end|p1a: Raging Bolt|Protosynthesis|[silent]
|switch|p1a: Rampardos|Rampardos, M|99/100|[from] Volt Switch
|-damage|p1a: Rampardos|84/100|[from] Spikes
|
|-heal|p1a: Rampardos|90/100|[from] Grassy Terrain
|-heal|p2a: Garganacl|30/100|[from] Grassy Terrain
|-heal|p2a: Garganacl|36/100|[from] item: Leftovers
|upkeep
|turn|27
|
|t:|1769311179
|move|p2a: Garganacl|Protect|p2a: Garganacl
|-singleturn|p2a: Garganacl|Protect
|move|p1a: Rampardos|Zen Headbutt|p2a: Garganacl
|-activate|p2a: Garganacl|move: Protect
|
|-heal|p1a: Rampardos|96/100|[from] Grassy Terrain
|-heal|p2a: Garganacl|42/100|[from] Grassy Terrain
|-heal|p2a: Garganacl|48/100|[from] item: Leftovers
|upkeep
|turn|28
|
|t:|1769311191
|move|p1a: Rampardos|Zen Headbutt|p2a: Garganacl
|-damage|p2a: Garganacl|10/100
|move|p2a: Garganacl|Recover|p2a: Garganacl
|-heal|p2a: Garganacl|60/100
|
|-heal|p1a: Rampardos|100/100|[from] Grassy Terrain
|-heal|p2a: Garganacl|66/100|[from] Grassy Terrain
|-heal|p2a: Garganacl|72/100|[from] item: Leftovers
|upkeep
|turn|29
|inactive|American Noodle has 120 seconds left.
|
|t:|1769311247
|move|p1a: Rampardos|Zen Headbutt|p2a: Garganacl
|-crit|p2a: Garganacl
|-damage|p2a: Garganacl|13/100
|move|p2a: Garganacl|Stealth Rock|p1a: Rampardos
|-sidestart|p1: American Noodle|move: Stealth Rock
|
|-heal|p2a: Garganacl|19/100|[from] Grassy Terrain
|-heal|p2a: Garganacl|25/100|[from] item: Leftovers
|-fieldend|move: Grassy Terrain
|upkeep
|turn|30
|
|t:|1769311255
|move|p1a: Rampardos|Zen Headbutt|p2a: Garganacl
|-damage|p2a: Garganacl|0 fnt
|faint|p2a: Garganacl
|
|upkeep
|
|t:|1769311278
|switch|p2a: Rillaboom|Rillaboom, F|84/100
|-fieldstart|move: Grassy Terrain|[from] ability: Grassy Surge|[of] p2a: Rillaboom
|turn|31
|
|t:|1769311289
|switch|p1a: Raging Bolt|Raging Bolt|42/100
|-damage|p1a: Raging Bolt|25/100|[from] Spikes
|-damage|p1a: Raging Bolt|13/100|[from] Stealth Rock
|move|p2a: Rillaboom|Grassy Glide|p1a: Raging Bolt
|-resisted|p1a: Raging Bolt
|-damage|p1a: Raging Bolt|0 fnt
|faint|p1a: Raging Bolt
|-end|p1a: Raging Bolt|Protosynthesis|[silent]
|
|-heal|p2a: Rillaboom|90/100|[from] Grassy Terrain
|upkeep
|
|t:|1769311298
|switch|p1a: Rampardos|Rampardos, M|100/100
|-damage|p1a: Rampardos|84/100|[from] Spikes
|-damage|p1a: Rampardos|72/100|[from] Stealth Rock
|turn|32
|
|t:|1769311303
|move|p2a: Rillaboom|Grassy Glide|p1a: Rampardos
|-supereffective|p1a: Rampardos
|-damage|p1a: Rampardos|0 fnt
|faint|p1a: Rampardos
|
|-heal|p2a: Rillaboom|96/100|[from] Grassy Terrain
|upkeep
|
|t:|1769311306
|switch|p1a: Ogerpon|Ogerpon-Wellspring, F|38/100
|-damage|p1a: Ogerpon|21/100|[from] Spikes
|-damage|p1a: Ogerpon|9/100|[from] Stealth Rock
|turn|33
|
|t:|1769311312
|move|p2a: Rillaboom|Grassy Glide|p1a: Ogerpon
|-damage|p1a: Ogerpon|0 fnt
|faint|p1a: Ogerpon
|
|win|Pablofromportluis
|raw|American Noodle's rating: 1417 &rarr; <strong>1394</strong><br />(-23 for losing)
|raw|Pablofromportluis's rating: 1358 &rarr; <strong>1381</strong><br />(+23 for winning)
|l|☆Pablofromportluis
|player|p2|
|c|☆American Noodle|gg
|l|☆American Noodle
|player|p1|
