|j|☆Mwemonkey213
|j|☆rexxiv
|t:|1769416146
|gametype|singles
|player|p1|Mwemonkey213|101|1191
|player|p2|rexxiv|170|1167
|gen|9
|tier|[Gen 9] OU
|rated|
|rule|HP Percentage Mod: HP is shown in percentages
|rule|Endless Battle Clause: Forcing endless battles is banned
|rule|Species Clause: Limit one of each Pokémon
|rule|OHKO Clause: OHKO moves are banned
|rule|Evasion Items Clause: Evasion items are banned
|rule|Evasion Moves Clause: Evasion moves are banned
|rule|Evasion Abilities Clause: Evasion abilities are banned
|rule|Sleep Moves Clause: Sleep-inducing moves are banned
|clearpoke
|poke|p1|Maushold-Four|
|poke|p1|Clefable, F|
|poke|p1|Dragonite, M|
|poke|p1|Iron Moth|
|poke|p1|Ogerpon-Cornerstone, F|
|poke|p1|Darkrai|
|poke|p2|Regirock|
|poke|p2|Tyranitar, F|
|poke|p2|Sinistcha|
|poke|p2|Glimmora, M|
|poke|p2|Incineroar, M|
|poke|p2|Hatterene, F|
|teampreview
|inactive|Battle timer is ON: inactive players will automatically lose when time's up. (requested by rexxiv)
|
|t:|1769416155
|teamsize|p1|6
|teamsize|p2|6
|start
|switch|p1a: Dragonite|Dragonite, M, shiny|100/100
|switch|p2a: Glimmora|Glimmora, M|100/100
|turn|1
|
|t:|1769416157
|move|p2a: Glimmora|Power Gem|p1a: Dragonite
|-supereffective|p1a: Dragonite
|-damage|p1a: Dragonite|56/100
|move|p1a: Dragonite|Earthquake|p2a: Glimmora
|-supereffective|p2a: Glimmora
|-enditem|p2a: Glimmora|Focus Sash
|-damage|p2a: Glimmora|1/100
|-activate|p2a: Glimmora|ability: Toxic Debris
|-sidestart|p1: Mwemonkey213|move: Toxic Spikes
|
|upkeep
|turn|2
|
|t:|1769416161
|move|p1a: Dragonite|Extreme Speed|p2a: Glimmora
|-resisted|p2a: Glimmora
|-damage|p2a: Glimmora|0 fnt
|-activate|p2a: Glimmora|ability: Toxic Debris
|-sidestart|p1: Mwemonkey213|move: Toxic Spikes
|faint|p2a: Glimmora
|
|upkeep
|
|t:|1769416166
|switch|p2a: Tyranitar|Tyranitar, F|100/100
|-weather|Sandstorm|[from] ability: Sand Stream|[of] p2a: Tyranitar
|turn|3
|
|t:|1769416172
|move|p1a: Dragonite|Earthquake|p2a: Tyranitar
|-supereffective|p2a: Tyranitar
|-damage|p2a: Tyranitar|43/100
|move|p2a: Tyranitar|Knock Off|p1a: Dragonite
|-crit|p1a: Dragonite
|-damage|p1a: Dragonite|0 fnt
|-enditem|p1a: Dragonite|Focus Sash|[from] move: Knock Off|[of] p2a: Tyranitar
|faint|p1a: Dragonite
|
|-weather|Sandstorm|[upkeep]
|upkeep
|
|t:|1769416175
|switch|p1a: Iron Moth|Iron Moth, shiny|100/100
|-sideend|p1: Mwemonkey213|move: Toxic Spikes|[of] p1a: Iron Moth
|turn|4
|
|t:|1769416180
|move|p1a: Iron Moth|Energy Ball|p2a: Tyranitar
|-supereffective|p2a: Tyranitar
|-damage|p2a: Tyranitar|3/100
|move|p2a: Tyranitar|Stomping Tantrum|p1a: Iron Moth
|-supereffective|p1a: Iron Moth
|-enditem|p1a: Iron Moth|Focus Sash
|-damage|p1a: Iron Moth|1/100
|
|-weather|Sandstorm|[upkeep]
|-damage|p1a: Iron Moth|0 fnt|[from] Sandstorm
|faint|p1a: Iron Moth
|-end|p1a: Iron Moth|Quark Drive|[silent]
|upkeep
|
|t:|1769416186
|switch|p1a: Maushold|Maushold-Four|100/100
|turn|5
|
|t:|1769416189
|move|p1a: Maushold|Crunch|p2a: Tyranitar
|-resisted|p2a: Tyranitar
|-damage|p2a: Tyranitar|0 fnt
|faint|p2a: Tyranitar
|
|-weather|Sandstorm|[upkeep]
|-damage|p1a: Maushold|94/100|[from] Sandstorm
|upkeep
|
|t:|1769416193
|switch|p2a: Incineroar|Incineroar, M|100/100
|-ability|p2a: Incineroar|Intimidate|boost
|-unboost|p1a: Maushold|atk|1
|turn|6
|
|t:|1769416197
|move|p1a: Maushold|Thunder Wave|p2a: Incineroar
|-status|p2a: Incineroar|par
|move|p2a: Incineroar|Knock Off|p1a: Maushold
|-damage|p1a: Maushold|28/100
|-enditem|p1a: Maushold|Focus Sash|[from] move: Knock Off|[of] p2a: Incineroar
|
|-weather|Sandstorm|[upkeep]
|-damage|p1a: Maushold|22/100|[from] Sandstorm
|-damage|p2a: Incineroar|94/100 par|[from] Sandstorm
|upkeep
|turn|7
|
|t:|1769416202
|move|p1a: Maushold|Population Bomb|p2a: Incineroar
|-damage|p2a: Incineroar|87/100 par
|-damage|p2a: Incineroar|80/100 par
|-damage|p2a: Incineroar|73/100 par
|-damage|p2a: Incineroar|66/100 par
|-damage|p2a: Incineroar|59/100 par
|-damage|p2a: Incineroar|52/100 par
|-damage|p2a: Incineroar|44/100 par
|-enditem|p2a: Incineroar|Sitrus Berry|[eat]
|-heal|p2a: Incineroar|69/100 par|[from] item: Sitrus Berry
|-damage|p2a: Incineroar|62/100 par
|-damage|p2a: Incineroar|55/100 par
|-damage|p2a: Incineroar|48/100 par
|-hitcount|p2a: Incineroar|10
|cant|p2a: Incineroar|par
|
|-weather|Sandstorm|[upkeep]
|-damage|p1a: Maushold|15/100|[from] Sandstorm
|-damage|p2a: Incineroar|42/100 par|[from] Sandstorm
|upkeep
|turn|8
|
|t:|1769416214
|move|p1a: Maushold|Population Bomb|p2a: Incineroar
|-damage|p2a: Incineroar|35/100 par
|-damage|p2a: Incineroar|28/100 par
|-damage|p2a: Incineroar|21/100 par
|-hitcount|p2a: Incineroar|3
|move|p2a: Incineroar|Knock Off|p1a: Maushold
|-damage|p1a: Maushold|0 fnt
|faint|p1a: Maushold
|
|-weather|Sandstorm|[upkeep]
|-damage|p2a: Incineroar|15/100 par|[from] Sandstorm
|upkeep
|
|t:|1769416221
|switch|p1a: Ogerpon|Ogerpon-Cornerstone, F|100/100
|turn|9
|
|t:|1769416224
|move|p1a: Ogerpon|Ivy Cudgel|p2a: Incineroar|[anim] Ivy Cudgel Rock
|-supereffective|p2a: Incineroar
|-crit|p2a: Incineroar
|-damage|p2a: Incineroar|0 fnt
|faint|p2a: Incineroar
|
|-weather|Sandstorm|[upkeep]
|upkeep
|
|t:|1769416233
|switch|p2a: Sinistcha|Sinistcha|100/100
|turn|10
|
|t:|1769416238
|move|p1a: Ogerpon|Ivy Cudgel|p2a: Sinistcha|[anim] Ivy Cudgel Rock
|-damage|p2a: Sinistcha|43/100
|move|p2a: Sinistcha|Strength Sap|p1a: Ogerpon
|-unboost|p1a: Ogerpon|atk|1
|-heal|p2a: Sinistcha|100/100
|
|-weather|none
|upkeep
|turn|11
|
|t:|1769416244
|switch|p1a: Darkrai|Darkrai|100/100
|move|p2a: Sinistcha|Matcha Gotcha|p1a: Darkrai
|-damage|p1a: Darkrai|43/100
|
|upkeep
|turn|12
|
|t:|1769416251
|-terastallize|p2a: Sinistcha|Poison
|move|p1a: Darkrai|Dark Pulse|p2a: Sinistcha
|-damage|p2a: Sinistcha|48/100
|cant|p2a: Sinistcha|flinch
|
|-heal|p2a: Sinistcha|54/100|[from] item: Leftovers
|upkeep
|turn|13
|
|t:|1769416255
|move|p1a: Darkrai|Psychic|p2a: Sinistcha
|-supereffective|p2a: Sinistcha
|-damage|p2a: Sinistcha|0 fnt
|faint|p2a: Sinistcha
|
|upkeep
|
|t:|1769416259
|switch|p2a: Hatterene|Hatterene, F|100/100
|turn|14
|
|t:|1769416265
|move|p1a: Darkrai|Dark Pulse|p2a: Hatterene
|-damage|p2a: Hatterene|68/100
|move|p2a: Hatterene|Trick|p1a: Darkrai
|-activate|p2a: Hatterene|move: Trick|[of] p1a: Darkrai
|-item|p1a: Darkrai|Choice Scarf|[from] move: Trick
|-item|p2a: Hatterene|Focus Sash|[from] move: Trick
|
|upkeep
|turn|15
|
|t:|1769416269
|move|p1a: Darkrai|Ice Beam|p2a: Hatterene
|-damage|p2a: Hatterene|45/100
|move|p2a: Hatterene|Trick Room|p2a: Hatterene
|-fieldstart|move: Trick Room|[of] p2a: Hatterene
|
|upkeep
|turn|16
|
|t:|1769416273
|move|p2a: Hatterene|Dazzling Gleam|p1a: Darkrai
|-supereffective|p1a: Darkrai
|-damage|p1a: Darkrai|0 fnt
|faint|p1a: Darkrai
|
|upkeep
|
|t:|1769416276
|switch|p1a: Ogerpon|Ogerpon-Cornerstone, F|100/100
|turn|17
|
|t:|1769416281
|move|p2a: Hatterene|Dazzling Gleam|p1a: Ogerpon
|-damage|p1a: Ogerpon|58/100
|move|p1a: Ogerpon|Ivy Cudgel|p2a: Hatterene|[anim] Ivy Cudgel Rock
|-damage|p2a: Hatterene|0 fnt
|faint|p2a: Hatterene
|
|upkeep
|
|t:|1769416284
|switch|p2a: Regirock|Regirock|100/100
|turn|18
|
|t:|1769416289
|move|p2a: Regirock|Curse|p2a: Regirock
|-unboost|p2a: Regirock|spe|1
|-boost|p2a: Regirock|atk|1
|-boost|p2a: Regirock|def|1
|move|p1a: Ogerpon|Brick Break|p2a: Regirock
|-supereffective|p2a: Regirock
|-damage|p2a: Regirock|81/100
|-enditem|p2a: Regirock|Weakness Policy
|-boost|p2a: Regirock|atk|2|[from] item: Weakness Policy
|-boost|p2a: Regirock|spa|2|[from] item: Weakness Policy
|
|upkeep
|turn|19
|
|t:|1769416298
|move|p2a: Regirock|Drain Punch|p1a: Ogerpon
|-supereffective|p1a: Ogerpon
|-damage|p1a: Ogerpon|0 fnt
|-heal|p2a: Regirock|100/100|[from] drain|[of] p1a: Ogerpon
|faint|p1a: Ogerpon
|
|-fieldend|move: Trick Room
|upkeep
|
|t:|1769416301
|switch|p1a: Clefable|Clefable, F, shiny|100/100
|turn|20
|
|t:|1769416304
|move|p1a: Clefable|Cosmic Power|p1a: Clefable
|-boost|p1a: Clefable|def|1
|-boost|p1a: Clefable|spd|1
|move|p2a: Regirock|Stone Edge|p1a: Clefable
|-damage|p1a: Clefable|79/100
|
|-heal|p1a: Clefable|85/100|[from] item: Leftovers
|upkeep
|turn|21
|
|t:|1769416310
|move|p1a: Clefable|Cosmic Power|p1a: Clefable
|-boost|p1a: Clefable|def|1
|-boost|p1a: Clefable|spd|1
|move|p2a: Regirock|Stone Edge|p1a: Clefable
|-damage|p1a: Clefable|69/100
|
|-heal|p1a: Clefable|75/100|[from] item: Leftovers
|upkeep
|turn|22
|-message|rexxiv forfeited.
|
|win|Mwemonkey213
|raw|Mwemonkey213's rating: 1191 &rarr; <strong>1214</strong><br />(+23 for winning)
|raw|rexxiv's rating: 1167 &rarr; <strong>1144</strong><br />(-23 for losing)
|l|☆rexxiv
|player|p2|
|l|☆Mwemonkey213
|player|p1|
