|j|☆suibiandewanyi
|j|☆Joarez
|t:|1769403666
|gametype|singles
|player|p1|suibiandewanyi|steven|1119
|player|p2|Joarez|bellelba|1137
|gen|9
|tier|[Gen 9] OU
|rated|
|rule|HP Percentage Mod: HP is shown in percentages
|rule|Endless Battle Clause: Forcing endless battles is banned
|rule|Species Clause: Limit one of each Pokémon
|rule|OHKO Clause: OHKO moves are banned
|rule|Evasion Items Clause: Evasion items are banned
|rule|Evasion Moves Clause: Evasion moves are banned
|rule|Evasion Abilities Clause: Evasion abilities are banned
|rule|Sleep Moves Clause: Sleep-inducing moves are banned
|clearpoke
|poke|p1|Bisharp, M|
|poke|p1|Greninja-*, M|
|poke|p1|Tyranitar, M|
|poke|p1|Ninetales-Alola, F|
|poke|p1|Pelipper, F|
|poke|p1|Torkoal, M|
|poke|p2|Hatterene, F|
|poke|p2|Garganacl, F|
|poke|p2|Dragapult, M|
|poke|p2|Arboliva, F|
|poke|p2|Alomomola, F|
|poke|p2|Torkoal, F|
|teampreview
|inactive|Battle timer is ON: inactive players will automatically lose when time's up. (requested by suibiandewanyi)
|
|t:|1769403673
|teamsize|p1|6
|teamsize|p2|6
|start
|switch|p1a: Torkoal|Torkoal, M|100/100
|switch|p2a: Torkoal|Torkoal, F|100/100
|-weather|SunnyDay|[from] ability: Drought|[of] p2a: Torkoal
|turn|1
|
|t:|1769403681
|move|p2a: Torkoal|Stealth Rock|p1a: Torkoal
|-sidestart|p1: suibiandewanyi|move: Stealth Rock
|move|p1a: Torkoal|Stealth Rock|p2a: Torkoal
|-sidestart|p2: Joarez|move: Stealth Rock
|
|-weather|SunnyDay|[upkeep]
|upkeep
|turn|2
|
|t:|1769403692
|switch|p2a: Garganacl|Garganacl, F|100/100
|-damage|p2a: Garganacl|88/100|[from] Stealth Rock
|move|p1a: Torkoal|Rapid Spin|p2a: Garganacl
|-resisted|p2a: Garganacl
|-damage|p2a: Garganacl|86/100
|-boost|p1a: Torkoal|spe|1
|-sideend|p1: suibiandewanyi|Stealth Rock|[from] move: Rapid Spin|[of] p1a: Torkoal
|
|-weather|SunnyDay|[upkeep]
|-heal|p2a: Garganacl|92/100|[from] item: Leftovers
|upkeep
|turn|3
|
|t:|1769403698
|switch|p1a: Pelipper|Pelipper, F|100/100
|-weather|RainDance|[from] ability: Drizzle|[of] p1a: Pelipper
|move|p2a: Garganacl|Salt Cure|p1a: Pelipper
|-supereffective|p1a: Pelipper
|-damage|p1a: Pelipper|80/100
|-start|p1a: Pelipper|Salt Cure
|
|-weather|RainDance|[upkeep]
|-heal|p1a: Pelipper|86/100|[from] item: Leftovers
|-heal|p2a: Garganacl|98/100|[from] item: Leftovers
|-damage|p1a: Pelipper|61/100|[from] Salt Cure
|upkeep
|turn|4
|
|t:|1769403711
|move|p1a: Pelipper|Hurricane|p2a: Garganacl
|-resisted|p2a: Garganacl
|-crit|p2a: Garganacl
|-damage|p2a: Garganacl|74/100
|move|p2a: Garganacl|Salt Cure|p1a: Pelipper
|-supereffective|p1a: Pelipper
|-damage|p1a: Pelipper|40/100
|
|-weather|RainDance|[upkeep]
|-heal|p1a: Pelipper|46/100|[from] item: Leftovers
|-heal|p2a: Garganacl|80/100|[from] item: Leftovers
|-damage|p1a: Pelipper|21/100|[from] Salt Cure
|upkeep
|turn|5
|
|t:|1769403727
|move|p1a: Pelipper|Roost|p1a: Pelipper
|-heal|p1a: Pelipper|71/100
|-singleturn|p1a: Pelipper|move: Roost
|move|p2a: Garganacl|Salt Cure|p1a: Pelipper
|-damage|p1a: Pelipper|60/100
|
|-weather|RainDance|[upkeep]
|-heal|p1a: Pelipper|67/100|[from] item: Leftovers
|-heal|p2a: Garganacl|86/100|[from] item: Leftovers
|-damage|p1a: Pelipper|42/100|[from] Salt Cure
|upkeep
|turn|6
|
|t:|1769403737
|move|p1a: Pelipper|Weather Ball|p2a: Garganacl
|-supereffective|p2a: Garganacl
|-damage|p2a: Garganacl|0 fnt
|faint|p2a: Garganacl
|
|-weather|RainDance|[upkeep]
|-heal|p1a: Pelipper|48/100|[from] item: Leftovers
|-damage|p1a: Pelipper|23/100|[from] Salt Cure
|upkeep
|inactive|Joarez has 120 seconds left.
|
|t:|1769403757
|switch|p2a: Alomomola|Alomomola, F|100/100
|-damage|p2a: Alomomola|88/100|[from] Stealth Rock
|turn|7
|
|t:|1769403763
|move|p2a: Alomomola|Substitute|p2a: Alomomola
|-start|p2a: Alomomola|Substitute
|-damage|p2a: Alomomola|63/100
|move|p1a: Pelipper|U-turn|p2a: Alomomola
|-activate|p2a: Alomomola|move: Substitute|[damage]
|
|t:|1769403767
|switch|p1a: Tyranitar|Tyranitar, M|100/100|[from] U-turn
|-weather|Sandstorm|[from] ability: Sand Stream|[of] p1a: Tyranitar
|
|-weather|Sandstorm|[upkeep]
|-damage|p2a: Alomomola|57/100|[from] Sandstorm
|-heal|p2a: Alomomola|63/100|[from] item: Leftovers
|upkeep
|turn|8
|
|t:|1769403776
|move|p2a: Alomomola|Wish|p2a: Alomomola
|move|p1a: Tyranitar|Crunch|p2a: Alomomola
|-activate|p2a: Alomomola|move: Substitute|[damage]
|
|-weather|Sandstorm|[upkeep]
|-damage|p2a: Alomomola|57/100|[from] Sandstorm
|-heal|p2a: Alomomola|63/100|[from] item: Leftovers
|upkeep
|turn|9
|
|t:|1769403783
|move|p2a: Alomomola|Flip Turn|p1a: Tyranitar
|-supereffective|p1a: Tyranitar
|-damage|p1a: Tyranitar|75/100
|-damage|p2a: Alomomola|47/100|[from] item: Rocky Helmet|[of] p1a: Tyranitar
|
|t:|1769403795
|switch|p2a: Arboliva|Arboliva, F|100/100|[from] Flip Turn
|-damage|p2a: Arboliva|88/100|[from] Stealth Rock
|move|p1a: Tyranitar|Crunch|p2a: Arboliva
|-crit|p2a: Arboliva
|-damage|p2a: Arboliva|36/100
|-enditem|p2a: Arboliva|Sitrus Berry|[eat]
|-heal|p2a: Arboliva|61/100|[from] item: Sitrus Berry
|
|-weather|Sandstorm|[upkeep]
|-damage|p2a: Arboliva|55/100|[from] Sandstorm
|-heal|p2a: Arboliva|100/100|[from] move: Wish|[wisher] Alomomola
|-item|p2a: Arboliva|Sitrus Berry|[from] ability: Harvest
|upkeep
|turn|10
|
|t:|1769403814
|-terastallize|p2a: Arboliva|Ground
|move|p1a: Tyranitar|Thunder Wave|p2a: Arboliva
|-immune|p2a: Arboliva
|move|p2a: Arboliva|Leech Seed|p1a: Tyranitar
|-start|p1a: Tyranitar|move: Leech Seed
|
|-weather|Sandstorm|[upkeep]
|-damage|p1a: Tyranitar|62/100|[from] Leech Seed|[of] p2a: Arboliva
|upkeep
|turn|11
|
|t:|1769403820
|switch|p1a: Ninetales|Ninetales-Alola, F|100/100
|-weather|Snowscape|[from] ability: Snow Warning|[of] p1a: Ninetales
|move|p2a: Arboliva|Giga Drain|p1a: Ninetales
|-damage|p1a: Ninetales|61/100
|
|-weather|Snowscape|[upkeep]
|upkeep
|turn|12
|
|t:|1769403834
|switch|p2a: Torkoal|Torkoal, F|100/100
|-damage|p2a: Torkoal|76/100|[from] Stealth Rock
|-weather|SunnyDay|[from] ability: Drought|[of] p2a: Torkoal
|move|p1a: Ninetales|Blizzard|p2a: Torkoal
|-resisted|p2a: Torkoal
|-damage|p2a: Torkoal|62/100
|
|-weather|SunnyDay|[upkeep]
|upkeep
|turn|13
|
|t:|1769403843
|switch|p1a: Pelipper|Pelipper, F|23/100
|-weather|RainDance|[from] ability: Drizzle|[of] p1a: Pelipper
|move|p2a: Torkoal|Stealth Rock|p1a: Pelipper
|-sidestart|p1: suibiandewanyi|move: Stealth Rock
|
|-weather|RainDance|[upkeep]
|-heal|p1a: Pelipper|29/100|[from] item: Leftovers
|upkeep
|turn|14
|
|t:|1769403851
|switch|p2a: Alomomola|Alomomola, F|80/100
|-damage|p2a: Alomomola|68/100|[from] Stealth Rock
|move|p1a: Pelipper|Roost|p1a: Pelipper
|-heal|p1a: Pelipper|79/100
|-singleturn|p1a: Pelipper|move: Roost
|
|-weather|RainDance|[upkeep]
|-heal|p2a: Alomomola|74/100|[from] item: Leftovers
|-heal|p1a: Pelipper|85/100|[from] item: Leftovers
|upkeep
|turn|15
|
|t:|1769403857
|move|p2a: Alomomola|Wish|p2a: Alomomola
|move|p1a: Pelipper|Hurricane|p2a: Alomomola
|-damage|p2a: Alomomola|31/100
|
|-weather|RainDance|[upkeep]
|-heal|p2a: Alomomola|37/100|[from] item: Leftovers
|-heal|p1a: Pelipper|91/100|[from] item: Leftovers
|upkeep
|turn|16
|
|t:|1769403866
|move|p2a: Alomomola|Protect|p2a: Alomomola
|-singleturn|p2a: Alomomola|Protect
|move|p1a: Pelipper|Hurricane|p2a: Alomomola
|-activate|p2a: Alomomola|move: Protect
|
|-weather|RainDance|[upkeep]
|-heal|p2a: Alomomola|87/100|[from] move: Wish|[wisher] Alomomola
|-heal|p2a: Alomomola|93/100|[from] item: Leftovers
|-heal|p1a: Pelipper|97/100|[from] item: Leftovers
|upkeep
|turn|17
|
|t:|1769403869
|move|p1a: Pelipper|Hurricane|p2a: Alomomola
|-damage|p2a: Alomomola|54/100
|move|p2a: Alomomola|Wish|p2a: Alomomola
|
|-weather|none
|-heal|p1a: Pelipper|100/100|[from] item: Leftovers
|-heal|p2a: Alomomola|60/100|[from] item: Leftovers
|upkeep
|turn|18
|
|t:|1769403877
|switch|p2a: Hatterene|Hatterene, F|100/100
|move|p1a: Pelipper|U-turn|p2a: Hatterene
|-damage|p2a: Hatterene|91/100
|
|t:|1769403881
|switch|p1a: Torkoal|Torkoal, M|100/100|[from] U-turn
|-damage|p1a: Torkoal|75/100|[from] Stealth Rock
|-weather|SunnyDay|[from] ability: Drought|[of] p1a: Torkoal
|
|-weather|SunnyDay|[upkeep]
|-heal|p2a: Hatterene|100/100|[from] move: Wish|[wisher] Alomomola
|-heal|p1a: Torkoal|82/100|[from] item: Leftovers
|upkeep
|turn|19
|
|t:|1769403885
|move|p2a: Hatterene|Nuzzle|p1a: Torkoal
|-damage|p1a: Torkoal|79/100
|-status|p1a: Torkoal|par
|move|p1a: Torkoal|Rapid Spin|p2a: Hatterene
|-damage|p2a: Hatterene|90/100
|-boost|p1a: Torkoal|spe|1
|-sideend|p1: suibiandewanyi|Stealth Rock|[from] move: Rapid Spin|[of] p1a: Torkoal
|
|-weather|SunnyDay|[upkeep]
|-heal|p1a: Torkoal|85/100 par|[from] item: Leftovers
|upkeep
|turn|20
|
|t:|1769403890
|switch|p1a: Bisharp|Bisharp, M|100/100
|move|p2a: Hatterene|Calm Mind|p2a: Hatterene
|-boost|p2a: Hatterene|spa|1
|-boost|p2a: Hatterene|spd|1
|
|-weather|SunnyDay|[upkeep]
|upkeep
|turn|21
|
|t:|1769403901
|switch|p2a: Torkoal|Torkoal, F|62/100
|-damage|p2a: Torkoal|38/100|[from] Stealth Rock
|move|p1a: Bisharp|Iron Head|p2a: Torkoal
|-resisted|p2a: Torkoal
|-damage|p2a: Torkoal|20/100
|
|-weather|SunnyDay|[upkeep]
|upkeep
|turn|22
|
|t:|1769403913
|move|p1a: Bisharp|Low Kick|p2a: Torkoal
|-damage|p2a: Torkoal|0 fnt
|faint|p2a: Torkoal
|
|-weather|none
|upkeep
|
|t:|1769403925
|switch|p2a: Arboliva|Arboliva, F, tera:Ground|100/100
|-damage|p2a: Arboliva|94/100|[from] Stealth Rock
|turn|23
|
|t:|1769403932
|move|p1a: Bisharp|Iron Head|p2a: Arboliva
|-damage|p2a: Arboliva|47/100
|-enditem|p2a: Arboliva|Sitrus Berry|[eat]
|-heal|p2a: Arboliva|72/100|[from] item: Sitrus Berry
|cant|p2a: Arboliva|flinch
|
|-item|p2a: Arboliva|Sitrus Berry|[from] ability: Harvest
|upkeep
|turn|24
|
|t:|1769403941
|move|p1a: Bisharp|Iron Head|p2a: Arboliva
|-damage|p2a: Arboliva|29/100
|-enditem|p2a: Arboliva|Sitrus Berry|[eat]
|-heal|p2a: Arboliva|54/100|[from] item: Sitrus Berry
|move|p2a: Arboliva|Leech Seed|p1a: Bisharp
|-start|p1a: Bisharp|move: Leech Seed
|
|-damage|p1a: Bisharp|88/100|[from] Leech Seed|[of] p2a: Arboliva
|-heal|p2a: Arboliva|65/100|[silent]
|-item|p2a: Arboliva|Sitrus Berry|[from] ability: Harvest
|upkeep
|turn|25
|
|t:|1769403951
|move|p1a: Bisharp|Iron Head|p2a: Arboliva
|-damage|p2a: Arboliva|21/100
|-enditem|p2a: Arboliva|Sitrus Berry|[eat]
|-heal|p2a: Arboliva|46/100|[from] item: Sitrus Berry
|cant|p2a: Arboliva|flinch
|
|-damage|p1a: Bisharp|76/100|[from] Leech Seed|[of] p2a: Arboliva
|-heal|p2a: Arboliva|58/100|[silent]
|-item|p2a: Arboliva|Sitrus Berry|[from] ability: Harvest
|upkeep
|turn|26
|
|t:|1769403962
|switch|p1a: Pelipper|Pelipper, F|100/100
|-weather|RainDance|[from] ability: Drizzle|[of] p1a: Pelipper
|move|p2a: Arboliva|Earth Power|p1a: Pelipper
|-immune|p1a: Pelipper
|
|-weather|RainDance|[upkeep]
|upkeep
|turn|27
|
|t:|1769403967
|switch|p2a: Alomomola|Alomomola, F|93/100
|-damage|p2a: Alomomola|81/100|[from] Stealth Rock
|move|p1a: Pelipper|Weather Ball|p2a: Alomomola
|-resisted|p2a: Alomomola
|-crit|p2a: Alomomola
|-damage|p2a: Alomomola|40/100
|
|-weather|RainDance|[upkeep]
|-heal|p2a: Alomomola|46/100|[from] item: Leftovers
|upkeep
|turn|28
|
|t:|1769403976
|move|p1a: Pelipper|Hurricane|p2a: Alomomola
|-damage|p2a: Alomomola|5/100
|-start|p2a: Alomomola|confusion
|-activate|p2a: Alomomola|confusion
|-damage|p2a: Alomomola|1/100|[from] confusion
|
|-weather|RainDance|[upkeep]
|-heal|p2a: Alomomola|7/100|[from] item: Leftovers
|upkeep
|turn|29
|-message|Joarez forfeited.
|
|win|suibiandewanyi
|raw|suibiandewanyi's rating: 1119 &rarr; <strong>1145</strong><br />(+26 for winning)
|raw|Joarez's rating: 1137 &rarr; <strong>1111</strong><br />(-26 for losing)
|l|☆Joarez
|player|p2|
|l|☆suibiandewanyi
|player|p1|
