|j|☆Wozzathesexygod
|j|☆potayo
|t:|1769368303
|gametype|singles
|player|p1|Wozzathesexygod|n|1585
|player|p2|potayo|clerk|1653
|gen|9
|tier|[Gen 9] OU
|rated|
|rule|HP Percentage Mod: HP is shown in percentages
|rule|Endless Battle Clause: Forcing endless battles is banned
|rule|Species Clause: Limit one of each Pokémon
|rule|OHKO Clause: OHKO moves are banned
|rule|Evasion Items Clause: Evasion items are banned
|rule|Evasion Moves Clause: Evasion moves are banned
|rule|Evasion Abilities Clause: Evasion abilities are banned
|rule|Sleep Moves Clause: Sleep-inducing moves are banned
|clearpoke
|poke|p1|Hydrapple, M|
|poke|p1|Tyranitar, F|
|poke|p1|Moltres|
|poke|p1|Zamazenta-*|
|poke|p1|Slowking-Galar, M|
|poke|p1|Excadrill, F|
|poke|p2|Reuniclus, L50, M|
|poke|p2|Hoopa-Unbound|
|poke|p2|Hatterene, F|
|poke|p2|Pecharunt|
|poke|p2|Ursaluna, F|
|poke|p2|Rabsca, F|
|teampreview
|inactive|Battle timer is ON: inactive players will automatically lose when time's up. (requested by Wozzathesexygod)
|inactive|potayo has 120 seconds left.
|
|t:|1769368359
|teamsize|p1|6
|teamsize|p2|6
|start
|switch|p1a: Moltres|Moltres|100/100
|switch|p2a: Hatterene|Hatterene, F|100/100
|turn|1
|
|t:|1769368365
|move|p1a: Moltres|U-turn|p2a: Hatterene
|-damage|p2a: Hatterene|89/100
|
|t:|1769368369
|switch|p1a: Tyranitar|Tyranitar, F|100/100|[from] U-turn
|-weather|Sandstorm|[from] ability: Sand Stream|[of] p1a: Tyranitar
|move|p2a: Hatterene|Gravity|p2a: Hatterene
|-fieldstart|move: Gravity
|
|-weather|Sandstorm|[upkeep]
|-damage|p2a: Hatterene|84/100|[from] Sandstorm
|-heal|p2a: Hatterene|89/100|[from] item: Leftovers
|upkeep
|turn|2
|
|t:|1769368397
|switch|p2a: Ursaluna|Ursaluna, F|100/100
|move|p1a: Tyranitar|Knock Off|p2a: Ursaluna
|-damage|p2a: Ursaluna|71/100
|-enditem|p2a: Ursaluna|Choice Band|[from] move: Knock Off|[of] p1a: Tyranitar
|
|-weather|Sandstorm|[upkeep]
|upkeep
|turn|3
|inactive|Wozzathesexygod has 120 seconds left.
|inactive|potayo has 120 seconds left.
|
|t:|1769368451
|switch|p1a: Hydrapple|Hydrapple, M|100/100
|move|p2a: Ursaluna|Earthquake|p1a: Hydrapple
|-resisted|p1a: Hydrapple
|-damage|p1a: Hydrapple|81/100
|
|-weather|Sandstorm|[upkeep]
|-damage|p1a: Hydrapple|75/100|[from] Sandstorm
|upkeep
|turn|4
|
|t:|1769368456
|move|p2a: Ursaluna|Ice Punch|p1a: Hydrapple
|-supereffective|p1a: Hydrapple
|-damage|p1a: Hydrapple|0 fnt
|faint|p1a: Hydrapple
|
|-weather|Sandstorm|[upkeep]
|upkeep
|
|t:|1769368461
|switch|p1a: Zamazenta|Zamazenta|100/100
|-ability|p1a: Zamazenta|Dauntless Shield|boost
|-boost|p1a: Zamazenta|def|1
|turn|5
|
|t:|1769368473
|switch|p2a: Pecharunt|Pecharunt|100/100
|move|p1a: Zamazenta|Crunch|p2a: Pecharunt
|-supereffective|p2a: Pecharunt
|-damage|p2a: Pecharunt|78/100
|-unboost|p2a: Pecharunt|def|1
|-damage|p1a: Zamazenta|84/100|[from] item: Rocky Helmet|[of] p2a: Pecharunt
|
|-weather|Sandstorm|[upkeep]
|-damage|p1a: Zamazenta|78/100|[from] Sandstorm
|-damage|p2a: Pecharunt|72/100|[from] Sandstorm
|-heal|p1a: Zamazenta|84/100|[from] item: Leftovers
|-fieldend|move: Gravity
|upkeep
|turn|6
|
|t:|1769368480
|switch|p1a: Excadrill|Excadrill, F|100/100
|-item|p1a: Excadrill|Air Balloon
|move|p2a: Pecharunt|Recover|p2a: Pecharunt
|-heal|p2a: Pecharunt|100/100
|
|-weather|Sandstorm|[upkeep]
|-damage|p2a: Pecharunt|94/100|[from] Sandstorm
|upkeep
|turn|7
|
|t:|1769368489
|switch|p2a: Rabsca|Rabsca, F|100/100
|move|p1a: Excadrill|Earthquake|p2a: Rabsca
|-resisted|p2a: Rabsca
|-damage|p2a: Rabsca|80/100
|
|-weather|Sandstorm|[upkeep]
|-damage|p2a: Rabsca|74/100|[from] Sandstorm
|upkeep
|turn|8
|
|t:|1769368500
|switch|p1a: Moltres|Moltres|100/100
|move|p2a: Rabsca|Trick Room|p2a: Rabsca
|-fieldstart|move: Trick Room|[of] p2a: Rabsca
|
|-weather|none
|upkeep
|turn|9
|
|t:|1769368507
|move|p2a: Rabsca|Gravity|p2a: Rabsca
|-fieldstart|move: Gravity
|move|p1a: Moltres|Roar|p2a: Rabsca
|drag|p2a: Reuniclus|Reuniclus, L50, M|100/100
|
|upkeep
|turn|10
|
|t:|1769368515
|switch|p2a: Ursaluna|Ursaluna, F|71/100
|move|p1a: Moltres|U-turn|p2a: Ursaluna
|-damage|p2a: Ursaluna|61/100
|
|t:|1769368521
|switch|p1a: Zamazenta|Zamazenta|84/100|[from] U-turn
|
|-heal|p1a: Zamazenta|90/100|[from] item: Leftovers
|upkeep
|turn|11
|
|t:|1769368532
|-terastallize|p2a: Ursaluna|Ground
|move|p2a: Ursaluna|Earthquake|p1a: Zamazenta
|-damage|p1a: Zamazenta|33/100
|move|p1a: Zamazenta|Body Press|p2a: Ursaluna
|-damage|p2a: Ursaluna|31/100
|
|-heal|p1a: Zamazenta|39/100|[from] item: Leftovers
|upkeep
|turn|12
|
|t:|1769368540
|switch|p1a: Excadrill|Excadrill, F|100/100
|move|p2a: Ursaluna|Earthquake|p1a: Excadrill
|-supereffective|p1a: Excadrill
|-damage|p1a: Excadrill|0 fnt
|-enditem|p1a: Excadrill|Air Balloon
|faint|p1a: Excadrill
|
|-fieldend|move: Trick Room
|upkeep
|
|t:|1769368552
|switch|p1a: Zamazenta|Zamazenta|39/100
|turn|13
|
|t:|1769368561
|switch|p2a: Pecharunt|Pecharunt|94/100
|move|p1a: Zamazenta|Body Press|p2a: Pecharunt
|-immune|p2a: Pecharunt
|
|-heal|p1a: Zamazenta|45/100|[from] item: Leftovers
|-fieldend|move: Gravity
|upkeep
|turn|14
|
|t:|1769368568
|switch|p1a: Tyranitar|Tyranitar, F|100/100
|-weather|Sandstorm|[from] ability: Sand Stream|[of] p1a: Tyranitar
|move|p2a: Pecharunt|Parting Shot|p1a: Tyranitar
|-unboost|p1a: Tyranitar|atk|1
|-unboost|p1a: Tyranitar|spa|1
|
|t:|1769368575
|switch|p2a: Hatterene|Hatterene, F|89/100|[from] Parting Shot
|
|-weather|Sandstorm|[upkeep]
|-damage|p2a: Hatterene|84/100|[from] Sandstorm
|-heal|p2a: Hatterene|89/100|[from] item: Leftovers
|upkeep
|turn|15
|l|☆Wozzathesexygod
|inactive|Wozzathesexygod disconnected and has a minute to reconnect!
|player|p1|
|inactive|Wozzathesexygod has 30 seconds to reconnect!
|inactive|Wozzathesexygod has 20 seconds to reconnect!
|inactive|Wozzathesexygod has 15 seconds to reconnect!
|inactive|Wozzathesexygod has 10 seconds to reconnect!
|inactive|Wozzathesexygod has 5 seconds to reconnect!
|-message|Wozzathesexygod lost due to inactivity.
|
|win|potayo
|raw|Wozzathesexygod's rating: 1585 &rarr; <strong>1569</strong><br />(-16 for losing)
|raw|potayo's rating: 1653 &rarr; <strong>1669</strong><br />(+16 for winning)
|l|☆potayo
|player|p2|
|j|☆Wozzathesexygod
|player|p1|Wozzathesexygod|n|
|l|☆Wozzathesexygod
|player|p1|
