|j|☆oiiojpi
|j|☆help me am lost
|t:|1769404635
|gametype|singles
|player|p1|oiiojpi|266|1074
|player|p2|help me am lost|preschooler|1094
|gen|9
|tier|[Gen 9] OU
|rated|
|rule|HP Percentage Mod: HP is shown in percentages
|rule|Endless Battle Clause: Forcing endless battles is banned
|rule|Species Clause: Limit one of each Pokémon
|rule|OHKO Clause: OHKO moves are banned
|rule|Evasion Items Clause: Evasion items are banned
|rule|Evasion Moves Clause: Evasion moves are banned
|rule|Evasion Abilities Clause: Evasion abilities are banned
|rule|Sleep Moves Clause: Sleep-inducing moves are banned
|clearpoke
|poke|p1|Hydrapple, M|
|poke|p1|Pelipper, M|
|poke|p1|Basculegion, M|
|poke|p1|Scizor, M|
|poke|p1|Clodsire, M|
|poke|p1|Dragonite, M|
|poke|p2|Meowscarada, F|
|poke|p2|Galvantula, F|
|poke|p2|Slowking-Galar, M|
|poke|p2|Cinderace, M|
|poke|p2|Zamazenta-*|
|poke|p2|Excadrill, M|
|teampreview
|inactive|Battle timer is ON: inactive players will automatically lose when time's up. (requested by oiiojpi)
|
|t:|1769404647
|teamsize|p1|6
|teamsize|p2|6
|start
|switch|p1a: Clodsire|Clodsire, M|100/100
|switch|p2a: Galvantula|Galvantula, F, shiny|100/100
|turn|1
|
|t:|1769404657
|move|p2a: Galvantula|Sticky Web|p1a: Clodsire
|-sidestart|p1: oiiojpi|move: Sticky Web
|move|p1a: Clodsire|Earthquake|p2a: Galvantula
|-damage|p2a: Galvantula|62/100
|
|upkeep
|turn|2
|
|t:|1769404670
|move|p2a: Galvantula|Bug Buzz|p1a: Clodsire
|-resisted|p1a: Clodsire
|-damage|p1a: Clodsire|91/100
|move|p1a: Clodsire|Earthquake|p2a: Galvantula
|-damage|p2a: Galvantula|19/100
|
|-heal|p1a: Clodsire|97/100|[from] item: Black Sludge
|upkeep
|turn|3
|
|t:|1769404683
|switch|p2a: Excadrill|Excadrill, M|100/100
|-ability|p2a: Excadrill|Mold Breaker
|move|p1a: Clodsire|Earthquake|p2a: Excadrill
|-supereffective|p2a: Excadrill
|-damage|p2a: Excadrill|19/100
|
|-heal|p1a: Clodsire|100/100|[from] item: Black Sludge
|upkeep
|turn|4
|
|t:|1769404693
|switch|p1a: Pelipper|Pelipper, M|100/100
|-weather|RainDance|[from] ability: Drizzle|[of] p1a: Pelipper
|move|p2a: Excadrill|Stealth Rock|p1a: Pelipper
|-sidestart|p1: oiiojpi|move: Stealth Rock
|
|-weather|RainDance|[upkeep]
|upkeep
|turn|5
|
|t:|1769404725
|switch|p2a: Slowking|Slowking-Galar, M|100/100
|move|p1a: Pelipper|U-turn|p2a: Slowking
|-damage|p2a: Slowking|93/100
|-damage|p1a: Pelipper|84/100|[from] item: Rocky Helmet|[of] p2a: Slowking
|
|t:|1769404728
|switch|p1a: Scizor|Scizor, M|100/100|[from] U-turn
|
|-weather|RainDance|[upkeep]
|upkeep
|turn|6
|
|t:|1769404742
|switch|p2a: Cinderace|Cinderace, M, shiny|100/100
|move|p1a: Scizor|Defog|p2a: Cinderace
|-unboost|p2a: Cinderace|evasion|1
|-sideend|p1: oiiojpi|Stealth Rock|[from] move: Defog|[of] p1a: Scizor
|-sideend|p1: oiiojpi|Sticky Web|[from] move: Defog|[of] p1a: Scizor
|
|-weather|RainDance|[upkeep]
|upkeep
|turn|7
|
|t:|1769404757
|switch|p1a: Basculegion|Basculegion, M|100/100
|move|p2a: Cinderace|Pyro Ball|p1a: Basculegion
|-resisted|p1a: Basculegion
|-damage|p1a: Basculegion|87/100
|
|-weather|RainDance|[upkeep]
|upkeep
|turn|8
|
|t:|1769404766
|move|p1a: Basculegion|Wave Crash|p2a: Cinderace
|-supereffective|p2a: Cinderace
|-damage|p2a: Cinderace|0 fnt
|faint|p2a: Cinderace
|-damage|p1a: Basculegion|61/100|[from] Recoil
|
|-weather|RainDance|[upkeep]
|upkeep
|
|t:|1769404781
|switch|p2a: Meowscarada|Meowscarada, F, shiny|100/100
|turn|9
|
|t:|1769404785
|move|p2a: Meowscarada|Sucker Punch|p1a: Basculegion
|-start|p2a: Meowscarada|typechange|Dark|[from] ability: Protean
|-supereffective|p1a: Basculegion
|-damage|p1a: Basculegion|0 fnt
|faint|p1a: Basculegion
|
|-weather|RainDance|[upkeep]
|upkeep
|inactive|oiiojpi has 120 seconds left.
|
|t:|1769404825
|switch|p1a: Dragonite|Dragonite, M|100/100
|turn|10
|
|t:|1769404837
|switch|p2a: Slowking|Slowking-Galar, M|100/100
|move|p1a: Dragonite|Dragon Dance|p1a: Dragonite
|-boost|p1a: Dragonite|atk|1
|-boost|p1a: Dragonite|spe|1
|
|-weather|RainDance|[upkeep]
|upkeep
|turn|11
|inactive|oiiojpi has 120 seconds left.
|
|t:|1769404856
|-terastallize|p1a: Dragonite|Ground
|move|p1a: Dragonite|Dragon Dance|p1a: Dragonite
|-boost|p1a: Dragonite|atk|1
|-boost|p1a: Dragonite|spe|1
|move|p2a: Slowking|Ice Beam|p1a: Dragonite
|-supereffective|p1a: Dragonite
|-damage|p1a: Dragonite|72/100
|-enditem|p1a: Dragonite|Weakness Policy
|-boost|p1a: Dragonite|atk|2|[from] item: Weakness Policy
|-boost|p1a: Dragonite|spa|2|[from] item: Weakness Policy
|
|-weather|none
|upkeep
|turn|12
|inactive|help me am lost has 120 seconds left.
|
|t:|1769404897
|move|p1a: Dragonite|Earthquake|p2a: Slowking
|-supereffective|p2a: Slowking
|-damage|p2a: Slowking|0 fnt
|faint|p2a: Slowking
|
|upkeep
|
|t:|1769404905
|switch|p2a: Meowscarada|Meowscarada, F, shiny|100/100
|turn|13
|
|t:|1769404915
|move|p2a: Meowscarada|Sucker Punch|p1a: Dragonite
|-start|p2a: Meowscarada|typechange|Dark|[from] ability: Protean
|-damage|p1a: Dragonite|10/100
|move|p1a: Dragonite|Earthquake|p2a: Meowscarada
|-damage|p2a: Meowscarada|0 fnt
|faint|p2a: Meowscarada
|
|upkeep
|inactive|help me am lost has 120 seconds left.
|
|t:|1769404933
|switch|p2a: Zamazenta|Zamazenta|100/100
|-ability|p2a: Zamazenta|Dauntless Shield|boost
|-boost|p2a: Zamazenta|def|1
|turn|14
|
|t:|1769404944
|move|p1a: Dragonite|Hurricane|p2a: Zamazenta
|-supereffective|p2a: Zamazenta
|-damage|p2a: Zamazenta|0 fnt
|faint|p2a: Zamazenta
|
|upkeep
|-message|help me am lost forfeited.
|
|win|oiiojpi
|raw|oiiojpi's rating: 1074 &rarr; <strong>1105</strong><br />(+31 for winning)
|raw|help me am lost's rating: 1094 &rarr; <strong>1069</strong><br />(-25 for losing)
|l|☆help me am lost
|player|p2|
|l|☆oiiojpi
|player|p1|
