|j|☆merczrevenge
|j|☆Skully tree
|t:|1769369749
|gametype|singles
|player|p1|merczrevenge|cyrus|1240
|player|p2|Skully tree|265|1292
|gen|9
|tier|[Gen 9] OU
|rated|
|rule|HP Percentage Mod: HP is shown in percentages
|rule|Endless Battle Clause: Forcing endless battles is banned
|rule|Species Clause: Limit one of each Pokémon
|rule|OHKO Clause: OHKO moves are banned
|rule|Evasion Items Clause: Evasion items are banned
|rule|Evasion Moves Clause: Evasion moves are banned
|rule|Evasion Abilities Clause: Evasion abilities are banned
|rule|Sleep Moves Clause: Sleep-inducing moves are banned
|clearpoke
|poke|p1|Moltres-Galar|
|poke|p1|Tatsugiri-Droopy, F|
|poke|p1|Azelf|
|poke|p1|Arcanine-Hisui, F|
|poke|p1|Conkeldurr, F|
|poke|p1|Comfey, M|
|poke|p2|Dragonite, F|
|poke|p2|Clefable, F|
|poke|p2|Tentacruel, F|
|poke|p2|Landorus-Therian, M|
|poke|p2|Pecharunt|
|poke|p2|Samurott-Hisui, F|
|teampreview
|inactive|Battle timer is ON: inactive players will automatically lose when time's up. (requested by merczrevenge)
|
|t:|1769369765
|teamsize|p1|6
|teamsize|p2|6
|start
|switch|p1a: Azelf|Azelf|100/100
|switch|p2a: Landorus|Landorus-Therian, M|100/100
|-ability|p2a: Landorus|Intimidate|boost
|-unboost|p1a: Azelf|atk|1
|turn|1
|
|t:|1769369771
|switch|p2a: Samurott|Samurott-Hisui, F|100/100
|move|p1a: Azelf|Knock Off|p2a: Samurott
|-resisted|p2a: Samurott
|-damage|p2a: Samurott|87/100
|-enditem|p2a: Samurott|Choice Scarf|[from] move: Knock Off|[of] p1a: Azelf
|
|upkeep
|turn|2
|
|t:|1769369778
|move|p1a: Azelf|Stealth Rock|p2a: Samurott
|-sidestart|p2: Skully tree|move: Stealth Rock
|move|p2a: Samurott|Ceaseless Edge|p1a: Azelf
|-supereffective|p1a: Azelf
|-enditem|p1a: Azelf|Focus Sash
|-damage|p1a: Azelf|1/100
|-sidestart|p1: merczrevenge|Spikes
|
|upkeep
|turn|3
|
|t:|1769369788
|switch|p1a: Conkeldurr|Conkeldurr, F, shiny|100/100
|-damage|p1a: Conkeldurr|88/100|[from] Spikes
|move|p2a: Samurott|Ceaseless Edge|p1a: Conkeldurr
|-resisted|p1a: Conkeldurr
|-damage|p1a: Conkeldurr|70/100
|-sidestart|p1: merczrevenge|Spikes
|
|-status|p1a: Conkeldurr|brn|[from] item: Flame Orb
|upkeep
|turn|4
|
|t:|1769369809
|move|p2a: Samurott|Flip Turn|p1a: Conkeldurr
|-damage|p1a: Conkeldurr|48/100 brn
|
|t:|1769369813
|switch|p2a: Landorus|Landorus-Therian, M|100/100|[from] Flip Turn
|-damage|p2a: Landorus|88/100|[from] Stealth Rock
|-ability|p2a: Landorus|Intimidate|boost
|-unboost|p1a: Conkeldurr|atk|1
|move|p1a: Conkeldurr|Knock Off|p2a: Landorus
|-damage|p2a: Landorus|61/100
|-damage|p1a: Conkeldurr|31/100 brn|[from] item: Rocky Helmet|[of] p2a: Landorus
|-enditem|p2a: Landorus|Rocky Helmet|[from] move: Knock Off|[of] p1a: Conkeldurr
|
|-damage|p1a: Conkeldurr|25/100 brn|[from] brn
|upkeep
|turn|5
|
|t:|1769369828
|move|p2a: Landorus|Earth Power|p1a: Conkeldurr
|-damage|p1a: Conkeldurr|0 fnt
|faint|p1a: Conkeldurr
|
|upkeep
|
|t:|1769369833
|switch|p1a: Tatsugiri|Tatsugiri-Droopy, F|100/100
|turn|6
|
|t:|1769369839
|move|p1a: Tatsugiri|Nasty Plot|p1a: Tatsugiri
|-boost|p1a: Tatsugiri|spa|2
|move|p2a: Landorus|U-turn|p1a: Tatsugiri
|-damage|p1a: Tatsugiri|64/100
|
|t:|1769369843
|switch|p2a: Tentacruel|Tentacruel, F|100/100|[from] U-turn
|-damage|p2a: Tentacruel|88/100|[from] Stealth Rock
|
|upkeep
|turn|7
|
|t:|1769369848
|move|p1a: Tatsugiri|Rapid Spin|p2a: Tentacruel
|-damage|p2a: Tentacruel|80/100
|-boost|p1a: Tatsugiri|spe|1
|-sideend|p1: merczrevenge|Spikes|[from] move: Rapid Spin|[of] p1a: Tatsugiri
|move|p2a: Tentacruel|Rapid Spin|p1a: Tatsugiri
|-damage|p1a: Tatsugiri|40/100
|-boost|p2a: Tentacruel|spe|1
|-sideend|p2: Skully tree|Stealth Rock|[from] move: Rapid Spin|[of] p2a: Tentacruel
|
|upkeep
|turn|8
|
|t:|1769369859
|move|p1a: Tatsugiri|Draco Meteor|p2a: Tentacruel
|-damage|p2a: Tentacruel|17/100
|-unboost|p1a: Tatsugiri|spa|2
|move|p2a: Tentacruel|Poison Jab|p1a: Tatsugiri
|-damage|p1a: Tatsugiri|0 fnt
|faint|p1a: Tatsugiri
|
|upkeep
|
|t:|1769369866
|switch|p1a: Arcanine|Arcanine-Hisui, F|100/100
|turn|9
|
|t:|1769369869
|move|p1a: Arcanine|Head Smash|p2a: Tentacruel
|-damage|p2a: Tentacruel|0 fnt
|faint|p2a: Tentacruel
|
|upkeep
|
|t:|1769369874
|switch|p2a: Landorus|Landorus-Therian, M|61/100
|-ability|p2a: Landorus|Intimidate|boost
|-unboost|p1a: Arcanine|atk|1
|turn|10
|
|t:|1769369879
|switch|p1a: Moltres|Moltres-Galar, shiny|100/100
|move|p2a: Landorus|Earth Power|p1a: Moltres
|-immune|p1a: Moltres
|
|upkeep
|turn|11
|
|t:|1769369888
|move|p1a: Moltres|Agility|p1a: Moltres
|-boost|p1a: Moltres|spe|2
|move|p2a: Landorus|U-turn|p1a: Moltres
|-damage|p1a: Moltres|78/100
|
|t:|1769369892
|switch|p2a: Clefable|Clefable, F|100/100|[from] U-turn
|
|upkeep
|turn|12
|
|t:|1769369900
|move|p1a: Moltres|Hurricane|p2a: Clefable
|-damage|p2a: Clefable|68/100
|move|p2a: Clefable|Thunder Wave|p1a: Moltres
|-status|p1a: Moltres|par
|
|-heal|p2a: Clefable|74/100|[from] item: Leftovers
|upkeep
|turn|13
|
|t:|1769369908
|cant|p1a: Moltres|par
|move|p2a: Clefable|Moonblast|p1a: Moltres
|-supereffective|p1a: Moltres
|-damage|p1a: Moltres|21/100 par
|-ability|p1a: Moltres|Berserk|boost
|-boost|p1a: Moltres|spa|1
|
|-heal|p2a: Clefable|80/100|[from] item: Leftovers
|upkeep
|turn|14
|
|t:|1769369912
|move|p1a: Moltres|Rest|p1a: Moltres
|-status|p1a: Moltres|slp|[from] move: Rest
|-heal|p1a: Moltres|100/100 slp|[silent]
|-enditem|p1a: Moltres|Chesto Berry|[eat]
|-curestatus|p1a: Moltres|slp|[msg]
|move|p2a: Clefable|Moonblast|p1a: Moltres
|-supereffective|p1a: Moltres
|-crit|p1a: Moltres
|-damage|p1a: Moltres|21/100
|-ability|p1a: Moltres|Berserk|boost
|-boost|p1a: Moltres|spa|1
|
|-heal|p2a: Clefable|87/100|[from] item: Leftovers
|upkeep
|turn|15
|
|t:|1769369922
|move|p1a: Moltres|Hurricane|p2a: Clefable|[miss]
|-miss|p1a: Moltres|p2a: Clefable
|move|p2a: Clefable|Moonblast|p1a: Moltres
|-supereffective|p1a: Moltres
|-damage|p1a: Moltres|0 fnt
|faint|p1a: Moltres
|
|-heal|p2a: Clefable|93/100|[from] item: Leftovers
|upkeep
|
|t:|1769369925
|switch|p1a: Azelf|Azelf|1/100
|turn|16
|
|t:|1769369929
|move|p1a: Azelf|Explosion|p2a: Clefable
|-damage|p2a: Clefable|0 fnt
|faint|p1a: Azelf
|faint|p2a: Clefable
|
|upkeep
|
|t:|1769369939
|switch|p1a: Comfey|Comfey, M|100/100
|switch|p2a: Samurott|Samurott-Hisui, F|87/100
|turn|17
|
|t:|1769369947
|move|p1a: Comfey|Calm Mind|p1a: Comfey
|-boost|p1a: Comfey|spa|1
|-boost|p1a: Comfey|spd|1
|move|p2a: Samurott|Razor Shell|p1a: Comfey
|-damage|p1a: Comfey|20/100
|
|upkeep
|turn|18
|
|t:|1769369952
|switch|p2a: Pecharunt|Pecharunt|100/100
|move|p1a: Comfey|Draining Kiss|p2a: Pecharunt
|-resisted|p2a: Pecharunt
|-damage|p2a: Pecharunt|83/100
|-heal|p1a: Comfey|41/100|[from] drain|[of] p2a: Pecharunt
|-damage|p1a: Comfey|31/100|[from] item: Life Orb
|
|upkeep
|turn|19
|
|t:|1769369961
|-terastallize|p1a: Comfey|Ground
|move|p1a: Comfey|Tera Blast|p2a: Pecharunt|[anim] Tera Blast Ground
|-supereffective|p2a: Pecharunt
|-damage|p2a: Pecharunt|0 fnt
|faint|p2a: Pecharunt
|-damage|p1a: Comfey|21/100|[from] item: Life Orb
|
|upkeep
|
|t:|1769369965
|switch|p2a: Dragonite|Dragonite, F|100/100
|turn|20
|
|t:|1769369971
|move|p1a: Comfey|Draining Kiss|p2a: Dragonite
|-supereffective|p2a: Dragonite
|-damage|p2a: Dragonite|65/100
|-heal|p1a: Comfey|60/100|[from] drain|[of] p2a: Dragonite
|-damage|p1a: Comfey|50/100|[from] item: Life Orb
|move|p2a: Dragonite|Extreme Speed|p1a: Comfey
|-damage|p1a: Comfey|3/100
|
|upkeep
|turn|21
|
|t:|1769369981
|-terastallize|p2a: Dragonite|Normal
|move|p1a: Comfey|Draining Kiss|p2a: Dragonite
|-damage|p2a: Dragonite|26/100
|-heal|p1a: Comfey|45/100|[from] drain|[of] p2a: Dragonite
|-damage|p1a: Comfey|35/100|[from] item: Life Orb
|move|p2a: Dragonite|Extreme Speed|p1a: Comfey
|-damage|p1a: Comfey|0 fnt
|faint|p1a: Comfey
|
|upkeep
|
|t:|1769369988
|switch|p1a: Arcanine|Arcanine-Hisui, F|100/100
|turn|22
|
|t:|1769369992
|move|p2a: Dragonite|Extreme Speed|p1a: Arcanine
|-resisted|p1a: Arcanine
|-damage|p1a: Arcanine|71/100
|move|p1a: Arcanine|Flare Blitz|p2a: Dragonite
|-damage|p2a: Dragonite|0 fnt
|faint|p2a: Dragonite
|
|upkeep
|
|t:|1769369997
|switch|p2a: Samurott|Samurott-Hisui, F|87/100
|turn|23
|
|t:|1769369999
|move|p1a: Arcanine|Flare Blitz|p2a: Samurott
|-resisted|p2a: Samurott
|-damage|p2a: Samurott|48/100
|move|p2a: Samurott|Razor Shell|p1a: Arcanine
|-supereffective|p1a: Arcanine
|-crit|p1a: Arcanine
|-damage|p1a: Arcanine|0 fnt
|faint|p1a: Arcanine
|
|win|Skully tree
|raw|merczrevenge's rating: 1240 &rarr; <strong>1219</strong><br />(-21 for losing)
|raw|Skully tree's rating: 1292 &rarr; <strong>1313</strong><br />(+21 for winning)
|l|☆merczrevenge
|player|p1|
|l|☆Skully tree
|player|p2|
