|j|☆venjazanzhes123
|j|☆rexburned
|t:|1769309016
|gametype|singles
|player|p1|venjazanzhes123|waiter-gen4dp|1627
|player|p2|rexburned|lucas|1557
|gen|9
|tier|[Gen 9] OU
|rated|
|rule|HP Percentage Mod: HP is shown in percentages
|rule|Endless Battle Clause: Forcing endless battles is banned
|rule|Species Clause: Limit one of each Pokémon
|rule|OHKO Clause: OHKO moves are banned
|rule|Evasion Items Clause: Evasion items are banned
|rule|Evasion Moves Clause: Evasion moves are banned
|rule|Evasion Abilities Clause: Evasion abilities are banned
|rule|Sleep Moves Clause: Sleep-inducing moves are banned
|clearpoke
|poke|p1|Tyranitar, M|
|poke|p1|Dragapult, M|
|poke|p1|Walking Wake|
|poke|p1|Corviknight, M|
|poke|p1|Dragonite, M|
|poke|p1|Excadrill, M|
|poke|p2|Dragonite, F|
|poke|p2|Iron Moth|
|poke|p2|Smeargle, F|
|poke|p2|Gholdengo|
|poke|p2|Iron Valiant|
|poke|p2|Great Tusk|
|teampreview
|inactive|Battle timer is ON: inactive players will automatically lose when time's up. (requested by rexburned)
|inactive|venjazanzhes123 has 120 seconds left.
|
|t:|1769309077
|teamsize|p1|6
|teamsize|p2|6
|start
|switch|p1a: Dragapult|Dragapult, M|100/100
|switch|p2a: Smeargle|Smeargle, F|100/100
|turn|1
|
|t:|1769309082
|move|p2a: Smeargle|Burning Bulwark|p2a: Smeargle
|-singleturn|p2a: Smeargle|move: Protect
|move|p1a: Dragapult|Thunder Wave|p2a: Smeargle
|-status|p2a: Smeargle|par
|
|upkeep
|turn|2
|
|t:|1769309107
|move|p1a: Dragapult|Draco Meteor|p2a: Smeargle|[miss]
|-miss|p1a: Dragapult|p2a: Smeargle
|move|p2a: Smeargle|Sticky Web|p1a: Dragapult
|-sidestart|p1: venjazanzhes123|move: Sticky Web
|
|upkeep
|turn|3
|
|t:|1769309112
|move|p1a: Dragapult|Draco Meteor|p2a: Smeargle
|-enditem|p2a: Smeargle|Focus Sash
|-damage|p2a: Smeargle|1/100 par
|-unboost|p1a: Dragapult|spa|2
|-damage|p1a: Dragapult|91/100|[from] item: Life Orb
|move|p2a: Smeargle|Memento|p1a: Dragapult
|-unboost|p1a: Dragapult|atk|2
|-unboost|p1a: Dragapult|spa|2
|faint|p2a: Smeargle
|
|upkeep
|
|t:|1769309135
|switch|p2a: Great Tusk|Great Tusk|100/100
|-enditem|p2a: Great Tusk|Booster Energy
|-activate|p2a: Great Tusk|ability: Protosynthesis|[fromitem]
|-start|p2a: Great Tusk|protosynthesisatk
|turn|4
|inactive|venjazanzhes123 has 120 seconds left.
|
|t:|1769309166
|move|p1a: Dragapult|Will-O-Wisp|p2a: Great Tusk
|-status|p2a: Great Tusk|brn
|move|p2a: Great Tusk|Bulk Up|p2a: Great Tusk
|-boost|p2a: Great Tusk|atk|1
|-boost|p2a: Great Tusk|def|1
|
|-damage|p2a: Great Tusk|94/100 brn|[from] brn
|upkeep
|turn|5
|inactive|venjazanzhes123 has 120 seconds left.
|inactive|venjazanzhes123 has 90 seconds left.
|
|t:|1769309223
|move|p1a: Dragapult|Hex|p2a: Great Tusk
|-damage|p2a: Great Tusk|54/100 brn
|-damage|p1a: Dragapult|81/100|[from] item: Life Orb
|move|p2a: Great Tusk|Bulk Up|p2a: Great Tusk
|-boost|p2a: Great Tusk|atk|1
|-boost|p2a: Great Tusk|def|1
|
|-damage|p2a: Great Tusk|48/100 brn|[from] brn
|upkeep
|turn|6
|
|t:|1769309236
|move|p1a: Dragapult|Hex|p2a: Great Tusk
|-damage|p2a: Great Tusk|9/100 brn
|-damage|p1a: Dragapult|71/100|[from] item: Life Orb
|move|p2a: Great Tusk|Ice Spinner|p1a: Dragapult
|-supereffective|p1a: Dragapult
|-damage|p1a: Dragapult|0 fnt
|faint|p1a: Dragapult
|
|-damage|p2a: Great Tusk|3/100 brn|[from] brn
|upkeep
|inactive|venjazanzhes123 has 60 seconds left.
|
|t:|1769309257
|switch|p1a: Excadrill|Excadrill, M|100/100
|-ability|p1a: Excadrill|Mold Breaker
|-item|p1a: Excadrill|Air Balloon
|turn|7
|
|t:|1769309262
|move|p1a: Excadrill|Rapid Spin|p2a: Great Tusk
|-damage|p2a: Great Tusk|0 fnt
|-boost|p1a: Excadrill|spe|1
|-sideend|p1: venjazanzhes123|Sticky Web|[from] move: Rapid Spin|[of] p1a: Excadrill
|faint|p2a: Great Tusk
|-end|p2a: Great Tusk|Protosynthesis|[silent]
|
|upkeep
|
|t:|1769309274
|switch|p2a: Dragonite|Dragonite, F, shiny|100/100
|turn|8
|
|t:|1769309283
|move|p1a: Excadrill|Swords Dance|p1a: Excadrill
|-boost|p1a: Excadrill|atk|2
|move|p2a: Dragonite|Dragon Dance|p2a: Dragonite
|-boost|p2a: Dragonite|atk|1
|-boost|p2a: Dragonite|spe|1
|
|upkeep
|turn|9
|
|t:|1769309292
|move|p1a: Excadrill|Iron Head|p2a: Dragonite
|-damage|p2a: Dragonite|9/100
|move|p2a: Dragonite|Scale Shot|p1a: Excadrill
|-resisted|p1a: Excadrill
|-damage|p1a: Excadrill|84/100
|-enditem|p1a: Excadrill|Air Balloon
|-resisted|p1a: Excadrill
|-damage|p1a: Excadrill|68/100
|-resisted|p1a: Excadrill
|-damage|p1a: Excadrill|51/100
|-resisted|p1a: Excadrill
|-damage|p1a: Excadrill|34/100
|-hitcount|p1a: Excadrill|4
|-unboost|p2a: Dragonite|def|1
|-boost|p2a: Dragonite|spe|1
|
|upkeep
|turn|10
|inactive|venjazanzhes123 has 90 seconds left.
|
|t:|1769309306
|move|p2a: Dragonite|Fire Punch|p1a: Excadrill
|-supereffective|p1a: Excadrill
|-damage|p1a: Excadrill|0 fnt
|faint|p1a: Excadrill
|
|upkeep
|
|t:|1769309309
|switch|p1a: Tyranitar|Tyranitar, M|100/100
|-weather|Sandstorm|[from] ability: Sand Stream|[of] p1a: Tyranitar
|turn|11
|
|t:|1769309312
|move|p2a: Dragonite|Scale Shot|p1a: Tyranitar
|-damage|p1a: Tyranitar|83/100
|-damage|p1a: Tyranitar|65/100
|-damage|p1a: Tyranitar|47/100
|-damage|p1a: Tyranitar|29/100
|-damage|p1a: Tyranitar|11/100
|-hitcount|p1a: Tyranitar|5
|-unboost|p2a: Dragonite|def|1
|-boost|p2a: Dragonite|spe|1
|move|p1a: Tyranitar|Stealth Rock|p2a: Dragonite
|-sidestart|p2: rexburned|move: Stealth Rock
|
|-weather|Sandstorm|[upkeep]
|-damage|p2a: Dragonite|3/100|[from] Sandstorm
|-heal|p1a: Tyranitar|17/100|[from] item: Leftovers
|upkeep
|turn|12
|
|t:|1769309319
|move|p2a: Dragonite|Scale Shot|p1a: Tyranitar
|-damage|p1a: Tyranitar|0 fnt
|faint|p1a: Tyranitar
|-hitcount|p1: Tyranitar|1
|-unboost|p2a: Dragonite|def|1
|-boost|p2a: Dragonite|spe|1
|
|-weather|Sandstorm|[upkeep]
|-damage|p2a: Dragonite|0 fnt|[from] Sandstorm
|faint|p2a: Dragonite
|upkeep
|
|t:|1769309344
|switch|p2a: Gholdengo|Gholdengo|100/100
|switch|p1a: Corviknight|Corviknight, M|100/100
|-damage|p2a: Gholdengo|94/100|[from] Stealth Rock
|-item|p2a: Gholdengo|Air Balloon
|turn|13
|
|t:|1769309349
|switch|p1a: Walking Wake|Walking Wake|100/100
|move|p2a: Gholdengo|Nasty Plot|p2a: Gholdengo
|-boost|p2a: Gholdengo|spa|2
|
|-weather|Sandstorm|[upkeep]
|-damage|p1a: Walking Wake|94/100|[from] Sandstorm
|upkeep
|turn|14
|
|t:|1769309363
|-terastallize|p2a: Gholdengo|Fairy
|move|p1a: Walking Wake|Flamethrower|p2a: Gholdengo
|-damage|p2a: Gholdengo|44/100
|-enditem|p2a: Gholdengo|Air Balloon
|move|p2a: Gholdengo|Dazzling Gleam|p1a: Walking Wake
|-supereffective|p1a: Walking Wake
|-damage|p1a: Walking Wake|0 fnt
|faint|p1a: Walking Wake
|-end|p1a: Walking Wake|Protosynthesis|[silent]
|
|-weather|Sandstorm|[upkeep]
|-damage|p2a: Gholdengo|38/100|[from] Sandstorm
|upkeep
|
|t:|1769309372
|switch|p1a: Dragonite|Dragonite, M|100/100
|turn|15
|
|t:|1769309375
|-terastallize|p1a: Dragonite|Fairy
|move|p2a: Gholdengo|Dazzling Gleam|p1a: Dragonite
|-damage|p1a: Dragonite|52/100
|move|p1a: Dragonite|Dragon Dance|p1a: Dragonite
|-boost|p1a: Dragonite|atk|1
|-boost|p1a: Dragonite|spe|1
|
|-weather|none
|upkeep
|turn|16
|
|t:|1769309382
|move|p1a: Dragonite|Earthquake|p2a: Gholdengo
|-damage|p2a: Gholdengo|0 fnt
|faint|p2a: Gholdengo
|
|upkeep
|
|t:|1769309387
|switch|p2a: Iron Valiant|Iron Valiant|100/100
|-damage|p2a: Iron Valiant|94/100|[from] Stealth Rock
|-enditem|p2a: Iron Valiant|Booster Energy
|-activate|p2a: Iron Valiant|ability: Quark Drive|[fromitem]
|-start|p2a: Iron Valiant|quarkdriveatk
|turn|17
|
|t:|1769309390
|move|p1a: Dragonite|Earthquake|p2a: Iron Valiant
|-damage|p2a: Iron Valiant|22/100
|move|p2a: Iron Valiant|Ice Punch|p1a: Dragonite
|-damage|p1a: Dragonite|8/100
|
|upkeep
|turn|18
|
|t:|1769309394
|move|p1a: Dragonite|Earthquake|p2a: Iron Valiant
|-damage|p2a: Iron Valiant|0 fnt
|faint|p2a: Iron Valiant
|-end|p2a: Iron Valiant|Quark Drive|[silent]
|
|upkeep
|
|t:|1769309396
|switch|p2a: Iron Moth|Iron Moth|100/100
|-damage|p2a: Iron Moth|76/100|[from] Stealth Rock
|-enditem|p2a: Iron Moth|Booster Energy
|-activate|p2a: Iron Moth|ability: Quark Drive|[fromitem]
|-start|p2a: Iron Moth|quarkdrivespa
|turn|19
|
|t:|1769309399
|move|p1a: Dragonite|Dragon Claw|p2a: Iron Moth
|-damage|p2a: Iron Moth|0 fnt
|faint|p2a: Iron Moth
|-end|p2a: Iron Moth|Quark Drive|[silent]
|
|win|venjazanzhes123
|raw|venjazanzhes123's rating: 1627 &rarr; <strong>1643</strong><br />(+16 for winning)
|raw|rexburned's rating: 1557 &rarr; <strong>1541</strong><br />(-16 for losing)
|l|☆rexburned
|player|p2|
|l|☆venjazanzhes123
|player|p1|
