|j|☆BlRD BOY
|j|☆NoobishTrainerJoe
|t:|1769403640
|gametype|singles
|player|p1|BlRD BOY|brycen|1783
|player|p2|NoobishTrainerJoe|kurt|1666
|gen|9
|tier|[Gen 9] OU
|rated|
|rule|HP Percentage Mod: HP is shown in percentages
|rule|Endless Battle Clause: Forcing endless battles is banned
|rule|Species Clause: Limit one of each Pokémon
|rule|OHKO Clause: OHKO moves are banned
|rule|Evasion Items Clause: Evasion items are banned
|rule|Evasion Moves Clause: Evasion moves are banned
|rule|Evasion Abilities Clause: Evasion abilities are banned
|rule|Sleep Moves Clause: Sleep-inducing moves are banned
|clearpoke
|poke|p1|Kyurem|
|poke|p1|Rillaboom, F|
|poke|p1|Kingambit, M|
|poke|p1|Slowking-Galar, M|
|poke|p1|Enamorus, F|
|poke|p1|Great Tusk|
|poke|p2|Scyther, M|
|poke|p2|Alomomola, F|
|poke|p2|Hydrapple, M|
|poke|p2|Cinderace, M|
|poke|p2|Pecharunt|
|poke|p2|Ting-Lu|
|teampreview
|j| Kwaga
|
|t:|1769403677
|teamsize|p1|6
|teamsize|p2|6
|start
|switch|p1a: Enamorus|Enamorus, F|100/100
|switch|p2a: Scyther|Scyther, M|100/100
|turn|1
|
|t:|1769403683
|move|p1a: Enamorus|Mystical Fire|p2a: Scyther
|-supereffective|p2a: Scyther
|-damage|p2a: Scyther|15/100
|-unboost|p2a: Scyther|spa|1
|move|p2a: Scyther|Dual Wingbeat|p1a: Enamorus
|-damage|p1a: Enamorus|30/100
|-damage|p1a: Enamorus|0 fnt
|faint|p1a: Enamorus
|-hitcount|p1: Enamorus|2
|
|upkeep
|
|t:|1769403693
|switch|p1a: Rillaboom|Rillaboom, F|100/100
|-fieldstart|move: Grassy Terrain|[from] ability: Grassy Surge|[of] p1a: Rillaboom
|turn|2
|
|t:|1769403698
|switch|p2a: Hydrapple|Hydrapple, M|100/100
|move|p1a: Rillaboom|Grassy Glide|p2a: Hydrapple
|-resisted|p2a: Hydrapple
|-damage|p2a: Hydrapple|88/100
|
|-heal|p2a: Hydrapple|94/100|[from] Grassy Terrain
|upkeep
|turn|3
|
|t:|1769403707
|switch|p1a: Slowking|Slowking-Galar, M, shiny|100/100
|move|p2a: Hydrapple|Nasty Plot|p2a: Hydrapple
|-boost|p2a: Hydrapple|spa|2
|
|-heal|p2a: Hydrapple|100/100|[from] Grassy Terrain
|upkeep
|turn|4
|
|t:|1769403715
|move|p2a: Hydrapple|Draco Meteor|p1a: Slowking
|-damage|p1a: Slowking|0 fnt
|-unboost|p2a: Hydrapple|spa|2
|faint|p1a: Slowking
|-damage|p2a: Hydrapple|91/100|[from] item: Life Orb
|
|-heal|p2a: Hydrapple|97/100|[from] Grassy Terrain
|upkeep
|
|t:|1769403718
|switch|p1a: Kyurem|Kyurem|100/100
|-ability|p1a: Kyurem|Pressure
|turn|5
|
|t:|1769403749
|switch|p2a: Alomomola|Alomomola, F|100/100
|move|p1a: Kyurem|Scale Shot|p2a: Alomomola
|-damage|p2a: Alomomola|90/100
|-damage|p2a: Alomomola|79/100
|-damage|p2a: Alomomola|68/100
|-damage|p2a: Alomomola|58/100
|-damage|p2a: Alomomola|48/100
|-hitcount|p2a: Alomomola|5
|-unboost|p1a: Kyurem|def|1
|-boost|p1a: Kyurem|spe|1
|
|-heal|p2a: Alomomola|54/100|[from] Grassy Terrain
|upkeep
|turn|6
|
|t:|1769403781
|switch|p2a: Pecharunt|Pecharunt|100/100
|move|p1a: Kyurem|Dragon Dance|p1a: Kyurem
|-boost|p1a: Kyurem|atk|1
|-boost|p1a: Kyurem|spe|1
|
|-fieldend|move: Grassy Terrain
|upkeep
|turn|7
|
|t:|1769403789
|-terastallize|p1a: Kyurem|Ghost
|move|p1a: Kyurem|Tera Blast|p2a: Pecharunt|[anim] Tera Blast Ghost
|-supereffective|p2a: Pecharunt
|-damage|p2a: Pecharunt|40/100
|move|p2a: Pecharunt|Malignant Chain|p1a: Kyurem
|-resisted|p1a: Kyurem
|-damage|p1a: Kyurem|84/100
|
|upkeep
|turn|8
|j| Shucklepilled
|inactive|Battle timer is ON: inactive players will automatically lose when time's up. (requested by NoobishTrainerJoe)
|
|t:|1769403831
|move|p1a: Kyurem|Tera Blast|p2a: Pecharunt|[anim] Tera Blast Ghost
|-supereffective|p2a: Pecharunt
|-damage|p2a: Pecharunt|0 fnt
|faint|p2a: Pecharunt
|
|upkeep
|
|t:|1769403834
|switch|p2a: Cinderace|Cinderace, M, shiny|100/100
|turn|9
|
|t:|1769403837
|move|p2a: Cinderace|Sucker Punch|p1a: Kyurem
|-start|p2a: Cinderace|typechange|Dark|[from] ability: Libero
|-supereffective|p1a: Kyurem
|-damage|p1a: Kyurem|0 fnt
|faint|p1a: Kyurem
|
|upkeep
|
|t:|1769403843
|switch|p1a: Rillaboom|Rillaboom, F|100/100
|-fieldstart|move: Grassy Terrain|[from] ability: Grassy Surge|[of] p1a: Rillaboom
|turn|10
|
|t:|1769403848
|move|p2a: Cinderace|U-turn|p1a: Rillaboom
|-supereffective|p1a: Rillaboom
|-damage|p1a: Rillaboom|53/100
|l| Kwaga
|
|t:|1769403856
|switch|p2a: Alomomola|Alomomola, F|88/100|[from] U-turn
|move|p1a: Rillaboom|U-turn|p2a: Alomomola
|-damage|p2a: Alomomola|59/100
|
|t:|1769403860
|switch|p1a: Kingambit|Kingambit, M, shiny|100/100|[from] U-turn
|-activate|p1a: Kingambit|ability: Supreme Overlord
|-start|p1a: Kingambit|fallen3|[silent]
|
|-heal|p2a: Alomomola|65/100|[from] Grassy Terrain
|upkeep
|turn|11
|
|t:|1769403869
|move|p1a: Kingambit|Swords Dance|p1a: Kingambit
|-boost|p1a: Kingambit|atk|2
|move|p2a: Alomomola|Flip Turn|p1a: Kingambit
|-damage|p1a: Kingambit|86/100
|
|t:|1769403873
|switch|p2a: Hydrapple|Hydrapple, M|100/100|[from] Flip Turn
|
|-heal|p1a: Kingambit|92/100|[from] Grassy Terrain
|upkeep
|turn|12
|
|t:|1769403877
|move|p1a: Kingambit|Kowtow Cleave|p2a: Hydrapple
|-damage|p2a: Hydrapple|0 fnt
|faint|p2a: Hydrapple
|
|-heal|p1a: Kingambit|98/100|[from] Grassy Terrain
|upkeep
|
|t:|1769403894
|switch|p2a: Cinderace|Cinderace, M, shiny|100/100
|turn|13
|
|t:|1769403900
|move|p2a: Cinderace|Sucker Punch|p1a: Kingambit
|-start|p2a: Cinderace|typechange|Dark|[from] ability: Libero
|-resisted|p1a: Kingambit
|-damage|p1a: Kingambit|84/100
|move|p1a: Kingambit|Sucker Punch||[still]
|-fail|p1a: Kingambit
|
|-heal|p1a: Kingambit|90/100|[from] Grassy Terrain
|upkeep
|turn|14
|
|t:|1769403905
|move|p1a: Kingambit|Sucker Punch|p2a: Cinderace
|-resisted|p2a: Cinderace
|-damage|p2a: Cinderace|12/100
|move|p2a: Cinderace|Pyro Ball|p1a: Kingambit
|-supereffective|p1a: Kingambit
|-damage|p1a: Kingambit|28/100
|-status|p1a: Kingambit|brn
|
|-heal|p2a: Cinderace|18/100|[from] Grassy Terrain
|-heal|p1a: Kingambit|34/100 brn|[from] Grassy Terrain
|-damage|p1a: Kingambit|28/100 brn|[from] brn
|-fieldend|move: Grassy Terrain
|upkeep
|turn|15
|
|t:|1769403911
|move|p2a: Cinderace|Sucker Punch|p1a: Kingambit
|-resisted|p1a: Kingambit
|-damage|p1a: Kingambit|13/100 brn
|move|p1a: Kingambit|Sucker Punch||[still]
|-fail|p1a: Kingambit
|
|-damage|p1a: Kingambit|6/100 brn|[from] brn
|upkeep
|turn|16
|
|t:|1769403915
|move|p2a: Cinderace|Sucker Punch|p1a: Kingambit
|-resisted|p1a: Kingambit
|-damage|p1a: Kingambit|0 fnt
|faint|p1a: Kingambit
|-end|p1a: Kingambit|fallen3|[silent]
|
|upkeep
|
|t:|1769403923
|switch|p1a: Rillaboom|Rillaboom, F|53/100
|-fieldstart|move: Grassy Terrain|[from] ability: Grassy Surge|[of] p1a: Rillaboom
|turn|17
|
|t:|1769403944
|move|p2a: Cinderace|Sucker Punch|p1a: Rillaboom
|-damage|p1a: Rillaboom|16/100
|move|p1a: Rillaboom|Grassy Glide|p2a: Cinderace
|-damage|p2a: Cinderace|0 fnt
|faint|p2a: Cinderace
|
|-heal|p1a: Rillaboom|22/100|[from] Grassy Terrain
|upkeep
|inactive|NoobishTrainerJoe has 120 seconds left.
|
|t:|1769403962
|switch|p2a: Alomomola|Alomomola, F|98/100
|turn|18
|inactive|NoobishTrainerJoe has 120 seconds left.
|
|t:|1769403979
|-terastallize|p2a: Alomomola|Grass
|move|p1a: Rillaboom|Grassy Glide|p2a: Alomomola
|-resisted|p2a: Alomomola
|-damage|p2a: Alomomola|77/100
|move|p2a: Alomomola|Body Slam|p1a: Rillaboom
|-damage|p1a: Rillaboom|7/100
|
|-heal|p1a: Rillaboom|13/100|[from] Grassy Terrain
|-heal|p2a: Alomomola|83/100|[from] Grassy Terrain
|upkeep
|turn|19
|inactive|NoobishTrainerJoe has 120 seconds left.
|
|t:|1769403988
|switch|p1a: Great Tusk|Great Tusk|100/100
|-enditem|p1a: Great Tusk|Booster Energy
|-activate|p1a: Great Tusk|ability: Protosynthesis|[fromitem]
|-start|p1a: Great Tusk|protosynthesisspe
|move|p2a: Alomomola|Flip Turn|p1a: Great Tusk
|-supereffective|p1a: Great Tusk
|-damage|p1a: Great Tusk|80/100
|inactive|NoobishTrainerJoe has 120 seconds left.
|
|t:|1769403994
|switch|p2a: Scyther|Scyther, M|15/100|[from] Flip Turn
|
|-heal|p1a: Great Tusk|86/100|[from] Grassy Terrain
|upkeep
|turn|20
|inactive|NoobishTrainerJoe has 120 seconds left.
|
|t:|1769404004
|switch|p2a: Alomomola|Alomomola, F, tera:Grass|100/100
|move|p1a: Great Tusk|Ice Spinner|p2a: Alomomola
|-supereffective|p2a: Alomomola
|-damage|p2a: Alomomola|64/100
|-fieldend|move: Grassy Terrain
|
|upkeep
|turn|21
|
|t:|1769404014
|move|p1a: Great Tusk|Bulk Up|p1a: Great Tusk
|-boost|p1a: Great Tusk|atk|1
|-boost|p1a: Great Tusk|def|1
|move|p2a: Alomomola|Scald|p1a: Great Tusk
|-supereffective|p1a: Great Tusk
|-damage|p1a: Great Tusk|49/100
|
|upkeep
|turn|22
|
|t:|1769404023
|move|p1a: Great Tusk|Ice Spinner|p2a: Alomomola
|-supereffective|p2a: Alomomola
|-damage|p2a: Alomomola|6/100
|move|p2a: Alomomola|Scald|p1a: Great Tusk
|-supereffective|p1a: Great Tusk
|-damage|p1a: Great Tusk|11/100
|
|upkeep
|turn|23
|
|t:|1769404036
|switch|p2a: Ting-Lu|Ting-Lu|100/100
|-ability|p2a: Ting-Lu|Vessel of Ruin
|move|p1a: Great Tusk|Ice Spinner|p2a: Ting-Lu
|-supereffective|p2a: Ting-Lu
|-damage|p2a: Ting-Lu|60/100
|
|-heal|p2a: Ting-Lu|66/100|[from] item: Leftovers
|upkeep
|turn|24
|
|t:|1769404061
|move|p1a: Great Tusk|Headlong Rush|p2a: Ting-Lu
|-damage|p2a: Ting-Lu|24/100
|-unboost|p1a: Great Tusk|def|1
|-unboost|p1a: Great Tusk|spd|1
|move|p2a: Ting-Lu|Earthquake|p1a: Great Tusk
|-damage|p1a: Great Tusk|0 fnt
|faint|p1a: Great Tusk
|-end|p1a: Great Tusk|Protosynthesis|[silent]
|
|-heal|p2a: Ting-Lu|30/100|[from] item: Leftovers
|upkeep
|
|t:|1769404064
|switch|p1a: Rillaboom|Rillaboom, F|13/100
|-fieldstart|move: Grassy Terrain|[from] ability: Grassy Surge|[of] p1a: Rillaboom
|turn|25
|
|t:|1769404067
|move|p1a: Rillaboom|Grassy Glide|p2a: Ting-Lu
|-supereffective|p2a: Ting-Lu
|-damage|p2a: Ting-Lu|0 fnt
|faint|p2a: Ting-Lu
|
|-heal|p1a: Rillaboom|19/100|[from] Grassy Terrain
|upkeep
|
|t:|1769404074
|switch|p2a: Scyther|Scyther, M|15/100
|turn|26
|
|t:|1769404077
|move|p2a: Scyther|Quick Attack|p1a: Rillaboom
|-damage|p1a: Rillaboom|0 fnt
|faint|p1a: Rillaboom
|
|win|NoobishTrainerJoe
|raw|BlRD BOY's rating: 1783 &rarr; <strong>1757</strong><br />(-26 for losing)
|raw|NoobishTrainerJoe's rating: 1666 &rarr; <strong>1692</strong><br />(+26 for winning)
|c|☆NoobishTrainerJoe|gg
|l|☆NoobishTrainerJoe
|player|p2|
