|j|☆ATulk
|j|☆jimbo baldwin
|t:|1769297708
|gametype|singles
|player|p1|ATulk|ingo|1361
|player|p2|jimbo baldwin|cheryl|1367
|gen|9
|tier|[Gen 9] OU
|rated|
|rule|HP Percentage Mod: HP is shown in percentages
|rule|Endless Battle Clause: Forcing endless battles is banned
|rule|Species Clause: Limit one of each Pokémon
|rule|OHKO Clause: OHKO moves are banned
|rule|Evasion Items Clause: Evasion items are banned
|rule|Evasion Moves Clause: Evasion moves are banned
|rule|Evasion Abilities Clause: Evasion abilities are banned
|rule|Sleep Moves Clause: Sleep-inducing moves are banned
|clearpoke
|poke|p1|Dragonite, F|
|poke|p1|Ting-Lu|
|poke|p1|Ceruledge, M|
|poke|p1|Iron Treads|
|poke|p1|Iron Valiant|
|poke|p1|Pecharunt|
|poke|p2|Hatterene, F|
|poke|p2|Torkoal, M|
|poke|p2|Sunflora, M|
|poke|p2|Cresselia, F|
|poke|p2|Walking Wake|
|poke|p2|Great Tusk|
|teampreview
|inactive|Battle timer is ON: inactive players will automatically lose when time's up. (requested by ATulk)
|
|t:|1769297724
|teamsize|p1|6
|teamsize|p2|6
|start
|switch|p1a: Pecharunt|Pecharunt|100/100
|switch|p2a: Walking Wake|Walking Wake|100/100
|turn|1
|
|t:|1769297738
|switch|p1a: Iron Valiant|Iron Valiant|100/100
|-enditem|p1a: Iron Valiant|Booster Energy
|-activate|p1a: Iron Valiant|ability: Quark Drive|[fromitem]
|-start|p1a: Iron Valiant|quarkdrivespe
|move|p2a: Walking Wake|Hydro Steam|p1a: Iron Valiant
|-damage|p1a: Iron Valiant|0 fnt
|faint|p1a: Iron Valiant
|-end|p1a: Iron Valiant|Quark Drive|[silent]
|
|upkeep
|
|t:|1769297749
|switch|p1a: Dragonite|Dragonite, F|100/100
|turn|2
|
|t:|1769297766
|-end|p2a: Walking Wake|Protosynthesis|[silent]
|switch|p2a: Great Tusk|Great Tusk|100/100
|move|p1a: Dragonite|Dragon Tail|p2a: Great Tusk
|-damage|p2a: Great Tusk|79/100
|-end|p2a: Great Tusk|Protosynthesis|[silent]
|drag|p2a: Cresselia|Cresselia, F|100/100
|
|upkeep
|turn|3
|
|t:|1769297781
|move|p1a: Dragonite|Dragon Tail|p2a: Cresselia
|-damage|p2a: Cresselia|74/100
|drag|p2a: Sunflora|Sunflora, M|100/100
|
|upkeep
|turn|4
|
|t:|1769297788
|switch|p2a: Hatterene|Hatterene, F|100/100
|move|p1a: Dragonite|Extreme Speed|p2a: Hatterene
|-damage|p2a: Hatterene|73/100
|-enditem|p2a: Hatterene|Eject Button
|
|t:|1769297809
|switch|p2a: Walking Wake|Walking Wake|100/100
|
|upkeep
|turn|5
|
|t:|1769297828
|move|p2a: Walking Wake|Flip Turn|p1a: Dragonite
|-resisted|p1a: Dragonite
|-crit|p1a: Dragonite
|-damage|p1a: Dragonite|95/100
|
|t:|1769297834
|-end|p2a: Walking Wake|Protosynthesis|[silent]
|switch|p2a: Hatterene|Hatterene, F|73/100|[from] Flip Turn
|move|p1a: Dragonite|Dragon Tail|p2a: Hatterene
|-immune|p2a: Hatterene
|
|upkeep
|turn|6
|
|t:|1769297846
|switch|p1a: Ceruledge|Ceruledge, M|100/100
|move|p2a: Hatterene|Trick Room|p2a: Hatterene
|-fieldstart|move: Trick Room|[of] p2a: Hatterene
|
|upkeep
|turn|7
|
|t:|1769297859
|move|p2a: Hatterene|Psyshock|p1a: Ceruledge
|-damage|p1a: Ceruledge|59/100
|move|p1a: Ceruledge|Bulk Up|p1a: Ceruledge
|-boost|p1a: Ceruledge|atk|1
|-boost|p1a: Ceruledge|def|1
|
|upkeep
|turn|8
|
|t:|1769297866
|move|p2a: Hatterene|Psyshock|p1a: Ceruledge
|-damage|p1a: Ceruledge|33/100
|move|p1a: Ceruledge|Bitter Blade|p2a: Hatterene
|-damage|p2a: Hatterene|25/100
|-heal|p1a: Ceruledge|55/100|[from] drain|[of] p2a: Hatterene
|
|upkeep
|turn|9
|
|t:|1769297874
|move|p1a: Ceruledge|Shadow Sneak|p2a: Hatterene
|-supereffective|p2a: Hatterene
|-damage|p2a: Hatterene|0 fnt
|faint|p2a: Hatterene
|
|upkeep
|
|t:|1769297882
|switch|p2a: Great Tusk|Great Tusk|79/100
|turn|10
|
|t:|1769297889
|-terastallize|p1a: Ceruledge|Bug
|move|p1a: Ceruledge|Bulk Up|p1a: Ceruledge
|-boost|p1a: Ceruledge|atk|1
|-boost|p1a: Ceruledge|def|1
|move|p2a: Great Tusk|Headlong Rush|p1a: Ceruledge
|-resisted|p1a: Ceruledge
|-damage|p1a: Ceruledge|38/100
|-unboost|p2a: Great Tusk|def|1
|-unboost|p2a: Great Tusk|spd|1
|
|-heal|p2a: Great Tusk|85/100|[from] item: Leftovers
|-fieldend|move: Trick Room
|upkeep
|turn|11
|
|t:|1769297901
|move|p2a: Great Tusk|Head Smash|p1a: Ceruledge
|-supereffective|p1a: Ceruledge
|-damage|p1a: Ceruledge|0 fnt
|faint|p1a: Ceruledge
|-damage|p2a: Great Tusk|70/100|[from] Recoil
|
|-heal|p2a: Great Tusk|76/100|[from] item: Leftovers
|upkeep
|
|t:|1769297911
|switch|p1a: Pecharunt|Pecharunt|100/100
|turn|12
|
|t:|1769297921
|-end|p2a: Great Tusk|Protosynthesis|[silent]
|switch|p2a: Cresselia|Cresselia, F|74/100
|move|p1a: Pecharunt|Nasty Plot|p1a: Pecharunt
|-boost|p1a: Pecharunt|spa|2
|
|upkeep
|turn|13
|
|t:|1769297930
|move|p1a: Pecharunt|Shadow Ball|p2a: Cresselia
|-supereffective|p2a: Cresselia
|-damage|p2a: Cresselia|24/100
|move|p2a: Cresselia|Trick Room|p2a: Cresselia
|-fieldstart|move: Trick Room|[of] p2a: Cresselia
|
|upkeep
|turn|14
|
|t:|1769297937
|move|p2a: Cresselia|Lunar Dance|p2a: Cresselia
|faint|p2a: Cresselia
|move|p1a: Pecharunt|Shadow Ball|p2: Cresselia|[notarget]
|-fail|p1a: Pecharunt
|
|upkeep
|
|t:|1769297942
|switch|p2a: Torkoal|Torkoal, M|100/100
|-weather|SunnyDay|[from] ability: Drought|[of] p2a: Torkoal
|turn|15
|
|t:|1769297955
|switch|p1a: Dragonite|Dragonite, F|95/100
|move|p2a: Torkoal|Eruption|p1a: Dragonite
|-resisted|p1a: Dragonite
|-damage|p1a: Dragonite|52/100
|
|-weather|SunnyDay|[upkeep]
|upkeep
|turn|16
|
|t:|1769297964
|switch|p2a: Great Tusk|Great Tusk|76/100
|-heal|p2a: Great Tusk|100/100|[from] move: Lunar Dance
|-activate|p2a: Great Tusk|ability: Protosynthesis
|-start|p2a: Great Tusk|protosynthesisatk
|move|p1a: Dragonite|Roost|p1a: Dragonite
|-heal|p1a: Dragonite|100/100
|-singleturn|p1a: Dragonite|move: Roost
|
|-weather|SunnyDay|[upkeep]
|upkeep
|turn|17
|
|t:|1769297979
|move|p2a: Great Tusk|Bulk Up|p2a: Great Tusk
|-boost|p2a: Great Tusk|atk|1
|-boost|p2a: Great Tusk|def|1
|move|p1a: Dragonite|Dragon Tail|p2a: Great Tusk
|-damage|p2a: Great Tusk|85/100
|-end|p2a: Great Tusk|Protosynthesis|[silent]
|drag|p2a: Sunflora|Sunflora, M|100/100
|
|-weather|SunnyDay|[upkeep]
|-damage|p2a: Sunflora|88/100|[from] ability: Solar Power|[of] p2a: Sunflora
|-fieldend|move: Trick Room
|upkeep
|turn|18
|
|t:|1769297998
|move|p1a: Dragonite|Extreme Speed|p2a: Sunflora
|-damage|p2a: Sunflora|47/100
|move|p2a: Sunflora|Weather Ball|p1a: Dragonite
|-resisted|p1a: Dragonite
|-damage|p1a: Dragonite|78/100
|-damage|p2a: Sunflora|37/100|[from] item: Life Orb
|
|-weather|SunnyDay|[upkeep]
|-damage|p2a: Sunflora|25/100|[from] ability: Solar Power|[of] p2a: Sunflora
|upkeep
|turn|19
|
|t:|1769298011
|switch|p2a: Great Tusk|Great Tusk|85/100
|-activate|p2a: Great Tusk|ability: Protosynthesis
|-start|p2a: Great Tusk|protosynthesisatk
|move|p1a: Dragonite|Extreme Speed|p2a: Great Tusk
|-damage|p2a: Great Tusk|67/100
|
|-weather|SunnyDay|[upkeep]
|-heal|p2a: Great Tusk|74/100|[from] item: Leftovers
|upkeep
|turn|20
|
|t:|1769298022
|move|p2a: Great Tusk|Head Smash|p1a: Dragonite
|-supereffective|p1a: Dragonite
|-damage|p1a: Dragonite|0 fnt
|faint|p1a: Dragonite
|-damage|p2a: Great Tusk|39/100|[from] Recoil
|
|-weather|SunnyDay|[upkeep]
|-heal|p2a: Great Tusk|45/100|[from] item: Leftovers
|upkeep
|
|t:|1769298032
|switch|p1a: Pecharunt|Pecharunt|100/100
|turn|21
|
|t:|1769298038
|move|p1a: Pecharunt|Shadow Ball|p2a: Great Tusk
|-damage|p2a: Great Tusk|15/100
|move|p2a: Great Tusk|Headlong Rush|p1a: Pecharunt
|-supereffective|p1a: Pecharunt
|-enditem|p1a: Pecharunt|Shuca Berry|[eat]
|-enditem|p1a: Pecharunt|Shuca Berry|[weaken]
|-damage|p1a: Pecharunt|48/100
|-unboost|p2a: Great Tusk|def|1
|-unboost|p2a: Great Tusk|spd|1
|
|-weather|SunnyDay|[upkeep]
|-heal|p2a: Great Tusk|22/100|[from] item: Leftovers
|upkeep
|turn|22
|
|t:|1769298053
|-end|p2a: Great Tusk|Protosynthesis|[silent]
|switch|p2a: Sunflora|Sunflora, M|25/100
|move|p1a: Pecharunt|Shadow Ball|p2a: Sunflora
|-damage|p2a: Sunflora|0 fnt
|faint|p2a: Sunflora
|
|-weather|none
|upkeep
|
|t:|1769298058
|switch|p2a: Walking Wake|Walking Wake|100/100
|turn|23
|
|t:|1769298069
|move|p2a: Walking Wake|Hydro Steam|p1a: Pecharunt
|-damage|p1a: Pecharunt|0 fnt
|faint|p1a: Pecharunt
|
|upkeep
|
|t:|1769298075
|switch|p1a: Ting-Lu|Ting-Lu|100/100
|-ability|p1a: Ting-Lu|Vessel of Ruin
|turn|24
|
|t:|1769298083
|move|p2a: Walking Wake|Hydro Steam|p1a: Ting-Lu
|-supereffective|p1a: Ting-Lu
|-damage|p1a: Ting-Lu|52/100
|-enditem|p1a: Ting-Lu|Red Card|[of] p2a: Walking Wake
|-end|p2a: Walking Wake|Protosynthesis|[silent]
|drag|p2a: Torkoal|Torkoal, M|100/100
|-weather|SunnyDay|[from] ability: Drought|[of] p2a: Torkoal
|move|p1a: Ting-Lu|Earthquake|p2a: Torkoal
|-supereffective|p2a: Torkoal
|-damage|p2a: Torkoal|47/100
|
|-weather|SunnyDay|[upkeep]
|upkeep
|turn|25
|
|t:|1769298100
|move|p1a: Ting-Lu|Earthquake|p2a: Torkoal
|-supereffective|p2a: Torkoal
|-crit|p2a: Torkoal
|-damage|p2a: Torkoal|0 fnt
|faint|p2a: Torkoal
|
|-weather|SunnyDay|[upkeep]
|upkeep
|
|t:|1769298103
|switch|p2a: Walking Wake|Walking Wake|100/100
|-activate|p2a: Walking Wake|ability: Protosynthesis
|-start|p2a: Walking Wake|protosynthesisspe
|turn|26
|
|t:|1769298120
|move|p2a: Walking Wake|Hydro Steam|p1a: Ting-Lu
|-supereffective|p1a: Ting-Lu
|-damage|p1a: Ting-Lu|0 fnt
|faint|p1a: Ting-Lu
|
|-weather|SunnyDay|[upkeep]
|upkeep
|
|t:|1769298127
|switch|p1a: Iron Treads|Iron Treads|100/100
|turn|27
|
|t:|1769298132
|move|p2a: Walking Wake|Hydro Steam|p1a: Iron Treads
|-supereffective|p1a: Iron Treads
|-damage|p1a: Iron Treads|0 fnt
|faint|p1a: Iron Treads
|-end|p1a: Iron Treads|Quark Drive|[silent]
|
|win|jimbo baldwin
|raw|ATulk's rating: 1361 &rarr; <strong>1341</strong><br />(-20 for losing)
|raw|jimbo baldwin's rating: 1367 &rarr; <strong>1387</strong><br />(+20 for winning)
|c|☆jimbo baldwin|gg
|l|☆ATulk
|player|p1|
|l|☆jimbo baldwin
|player|p2|
