|j|☆january 18th
|j|☆LaportaPotty
|t:|1769386157
|gametype|singles
|player|p1|january 18th|acerola|1384
|player|p2|LaportaPotty|1|1365
|gen|9
|tier|[Gen 9] OU
|rated|
|rule|HP Percentage Mod: HP is shown in percentages
|rule|Endless Battle Clause: Forcing endless battles is banned
|rule|Species Clause: Limit one of each Pokémon
|rule|OHKO Clause: OHKO moves are banned
|rule|Evasion Items Clause: Evasion items are banned
|rule|Evasion Moves Clause: Evasion moves are banned
|rule|Evasion Abilities Clause: Evasion abilities are banned
|rule|Sleep Moves Clause: Sleep-inducing moves are banned
|clearpoke
|poke|p1|Iron Hands|
|poke|p1|Glimmora, F|
|poke|p1|Landorus-Therian, M|
|poke|p1|Dragapult, F|
|poke|p1|Primarina, M|
|poke|p1|Kingambit, F|
|poke|p2|Houndstone, M|
|poke|p2|Ogerpon-Wellspring, F|
|poke|p2|Gholdengo|
|poke|p2|Okidogi, M|
|poke|p2|Corviknight, M|
|poke|p2|Forretress, M|
|teampreview
|inactive|Battle timer is ON: inactive players will automatically lose when time's up. (requested by january 18th)
|inactive|january 18th has 120 seconds left.
|inactive|january 18th has 90 seconds left.
|
|t:|1769386234
|teamsize|p1|6
|teamsize|p2|6
|start
|switch|p1a: Landorus|Landorus-Therian, M|100/100
|switch|p2a: Forretress|Forretress, M|100/100
|-ability|p1a: Landorus|Intimidate|boost
|-unboost|p2a: Forretress|atk|1
|turn|1
|
|t:|1769386243
|move|p1a: Landorus|Earth Power|p2a: Forretress
|-damage|p2a: Forretress|57/100
|move|p2a: Forretress|Rapid Spin|p1a: Landorus
|-damage|p1a: Landorus|95/100
|-boost|p2a: Forretress|spe|1
|-damage|p2a: Forretress|41/100|[from] item: Rocky Helmet|[of] p1a: Landorus
|
|-heal|p2a: Forretress|47/100|[from] item: Leftovers
|upkeep
|turn|2
|
|t:|1769386257
|move|p1a: Landorus|Earth Power|p2a: Forretress
|-damage|p2a: Forretress|4/100
|-unboost|p2a: Forretress|spd|1
|move|p2a: Forretress|Stealth Rock|p1a: Landorus
|-sidestart|p1: january 18th|move: Stealth Rock
|
|-heal|p2a: Forretress|10/100|[from] item: Leftovers
|upkeep
|turn|3
|
|t:|1769386265
|switch|p2a: Corviknight|Corviknight, M|100/100
|-ability|p2a: Corviknight|Pressure
|move|p1a: Landorus|Earth Power|p2a: Corviknight
|-immune|p2a: Corviknight
|
|upkeep
|turn|4
|
|t:|1769386275
|move|p1a: Landorus|Stealth Rock|p2a: Corviknight
|-sidestart|p2: LaportaPotty|move: Stealth Rock
|move|p2a: Corviknight|U-turn|p1a: Landorus
|-resisted|p1a: Landorus
|-damage|p1a: Landorus|88/100
|-damage|p2a: Corviknight|84/100|[from] item: Rocky Helmet|[of] p1a: Landorus
|
|t:|1769386281
|switch|p2a: Ogerpon|Ogerpon-Wellspring, F|100/100|[from] U-turn
|-damage|p2a: Ogerpon|88/100|[from] Stealth Rock
|
|upkeep
|turn|5
|
|t:|1769386288
|switch|p1a: Kingambit|Kingambit, F|100/100
|-damage|p1a: Kingambit|94/100|[from] Stealth Rock
|move|p2a: Ogerpon|Trailblaze|p1a: Kingambit
|-resisted|p1a: Kingambit
|-damage|p1a: Kingambit|83/100
|-boost|p2a: Ogerpon|spe|1
|
|-heal|p1a: Kingambit|89/100|[from] item: Leftovers
|upkeep
|turn|6
|
|t:|1769386303
|move|p2a: Ogerpon|Spikes|p1a: Kingambit
|-sidestart|p1: january 18th|Spikes
|move|p1a: Kingambit|Kowtow Cleave|p2a: Ogerpon
|-damage|p2a: Ogerpon|35/100
|
|-heal|p1a: Kingambit|96/100|[from] item: Leftovers
|upkeep
|turn|7
|
|t:|1769386311
|switch|p2a: Forretress|Forretress, M|10/100
|-damage|p2a: Forretress|0 fnt|[from] Stealth Rock
|faint|p2a: Forretress
|move|p1a: Kingambit|Kowtow Cleave|p2: Forretress|[notarget]
|-fail|p1a: Kingambit
|
|-heal|p1a: Kingambit|100/100|[from] item: Leftovers
|upkeep
|
|t:|1769386317
|switch|p2a: Okidogi|Okidogi, M|100/100
|-damage|p2a: Okidogi|94/100|[from] Stealth Rock
|turn|8
|
|t:|1769386327
|-end|p1a: Kingambit|fallenundefined|[silent]
|switch|p1a: Glimmora|Glimmora, F|100/100
|-damage|p1a: Glimmora|88/100|[from] Stealth Rock
|-damage|p1a: Glimmora|76/100|[from] Spikes
|move|p2a: Okidogi|Knock Off|p1a: Glimmora
|-damage|p1a: Glimmora|30/100
|-activate|p1a: Glimmora|ability: Toxic Debris
|-sidestart|p2: LaportaPotty|move: Toxic Spikes
|-enditem|p1a: Glimmora|Choice Scarf|[from] move: Knock Off|[of] p2a: Okidogi
|
|upkeep
|turn|9
|
|t:|1769386340
|move|p1a: Glimmora|Earth Power|p2a: Okidogi
|-supereffective|p2a: Okidogi
|-damage|p2a: Okidogi|50/100
|move|p2a: Okidogi|Drain Punch|p1a: Glimmora
|-damage|p1a: Glimmora|0 fnt
|-heal|p2a: Okidogi|63/100|[from] drain|[of] p1a: Glimmora
|-activate|p1a: Glimmora|ability: Toxic Debris
|-sidestart|p2: LaportaPotty|move: Toxic Spikes
|faint|p1a: Glimmora
|
|upkeep
|inactive|january 18th has 120 seconds left.
|
|t:|1769386372
|switch|p1a: Landorus|Landorus-Therian, M|88/100
|-damage|p1a: Landorus|76/100|[from] Stealth Rock
|-ability|p1a: Landorus|Intimidate|boost
|-unboost|p2a: Okidogi|atk|1
|turn|10
|inactive|LaportaPotty has 120 seconds left.
|
|t:|1769386407
|-terastallize|p2a: Okidogi|Dark
|move|p1a: Landorus|Earth Power|p2a: Okidogi
|-crit|p2a: Okidogi
|-damage|p2a: Okidogi|29/100
|move|p2a: Okidogi|Ice Punch|p1a: Landorus
|-supereffective|p1a: Landorus
|-damage|p1a: Landorus|1/100
|-damage|p2a: Okidogi|12/100|[from] item: Rocky Helmet|[of] p1a: Landorus
|
|upkeep
|turn|11
|
|t:|1769386416
|switch|p2a: Corviknight|Corviknight, M|84/100
|-damage|p2a: Corviknight|71/100|[from] Stealth Rock
|-ability|p2a: Corviknight|Pressure
|move|p1a: Landorus|Earth Power|p2a: Corviknight
|-immune|p2a: Corviknight
|
|-heal|p2a: Corviknight|78/100|[from] item: Leftovers
|upkeep
|turn|12
|
|t:|1769386422
|move|p1a: Landorus|Rock Tomb|p2a: Corviknight
|-damage|p2a: Corviknight|65/100
|-unboost|p2a: Corviknight|spe|1
|move|p2a: Corviknight|Roost|p2a: Corviknight
|-heal|p2a: Corviknight|100/100
|-singleturn|p2a: Corviknight|move: Roost
|
|upkeep
|turn|13
|
|t:|1769386434
|switch|p1a: Iron Hands|Iron Hands|100/100
|-damage|p1a: Iron Hands|94/100|[from] Stealth Rock
|-damage|p1a: Iron Hands|82/100|[from] Spikes
|-enditem|p1a: Iron Hands|Booster Energy
|-activate|p1a: Iron Hands|ability: Quark Drive|[fromitem]
|-start|p1a: Iron Hands|quarkdriveatk
|move|p2a: Corviknight|Taunt|p1a: Iron Hands
|-start|p1a: Iron Hands|move: Taunt
|
|upkeep
|turn|14
|
|t:|1769386444
|switch|p2a: Houndstone|Houndstone, M|100/100
|-damage|p2a: Houndstone|88/100|[from] Stealth Rock
|-status|p2a: Houndstone|tox
|move|p1a: Iron Hands|Supercell Slam|p2a: Houndstone
|-damage|p2a: Houndstone|52/100 tox
|
|-damage|p2a: Houndstone|46/100 tox|[from] psn
|upkeep
|turn|15
|
|t:|1769386458
|move|p2a: Houndstone|Endeavor|p1a: Iron Hands
|-damage|p1a: Iron Hands|34/100
|move|p1a: Iron Hands|Supercell Slam|p2a: Houndstone
|-crit|p2a: Houndstone
|-damage|p2a: Houndstone|0 fnt
|faint|p2a: Houndstone
|
|-end|p1a: Iron Hands|move: Taunt
|upkeep
|
|t:|1769386467
|switch|p2a: Gholdengo|Gholdengo|100/100
|-damage|p2a: Gholdengo|94/100|[from] Stealth Rock
|turn|16
|
|t:|1769386474
|move|p2a: Gholdengo|Trick|p1a: Iron Hands
|-activate|p2a: Gholdengo|move: Trick|[of] p1a: Iron Hands
|-item|p1a: Iron Hands|Choice Scarf|[from] move: Trick
|-enditem|p2a: Gholdengo|Choice Scarf|[silent]|[from] move: Trick
|move|p1a: Iron Hands|Supercell Slam|p2a: Gholdengo
|-damage|p2a: Gholdengo|15/100
|
|upkeep
|turn|17
|
|t:|1769386481
|move|p2a: Gholdengo|Shadow Ball|p1a: Iron Hands
|-damage|p1a: Iron Hands|0 fnt
|faint|p1a: Iron Hands
|-end|p1a: Iron Hands|Quark Drive|[silent]
|
|upkeep
|
|t:|1769386497
|switch|p1a: Primarina|Primarina, M|100/100
|-damage|p1a: Primarina|88/100|[from] Stealth Rock
|-damage|p1a: Primarina|76/100|[from] Spikes
|turn|18
|-message|LaportaPotty forfeited.
|
|win|january 18th
|raw|january 18th's rating: 1384 &rarr; <strong>1403</strong><br />(+19 for winning)
|raw|LaportaPotty's rating: 1365 &rarr; <strong>1346</strong><br />(-19 for losing)
|l|☆LaportaPotty
|player|p2|
|l|☆january 18th
|player|p1|
