|j|☆thehi
|j|☆slash#4700
|t:|1769414960
|gametype|singles
|player|p1|thehi|101|1448
|player|p2|slash#4700|265|1435
|gen|9
|tier|[Gen 9] OU
|rated|
|rule|HP Percentage Mod: HP is shown in percentages
|rule|Endless Battle Clause: Forcing endless battles is banned
|rule|Species Clause: Limit one of each Pokémon
|rule|OHKO Clause: OHKO moves are banned
|rule|Evasion Items Clause: Evasion items are banned
|rule|Evasion Moves Clause: Evasion moves are banned
|rule|Evasion Abilities Clause: Evasion abilities are banned
|rule|Sleep Moves Clause: Sleep-inducing moves are banned
|clearpoke
|poke|p1|Gholdengo|
|poke|p1|Tyranitar, M|
|poke|p1|Landorus-Therian, M|
|poke|p1|Corviknight, M|
|poke|p1|Keldeo|
|poke|p1|Raging Bolt|
|poke|p2|Dragonite, M|
|poke|p2|Ting-Lu|
|poke|p2|Zamazenta-*|
|poke|p2|Gholdengo|
|poke|p2|Pecharunt|
|poke|p2|Clefable, F|
|teampreview
|inactive|Battle timer is ON: inactive players will automatically lose when time's up. (requested by slash#4700)
|
|t:|1769414967
|teamsize|p1|6
|teamsize|p2|6
|start
|switch|p1a: Landy-T|Landorus-Therian, M|100/100
|switch|p2a: Ting-Lu|Ting-Lu|100/100
|-ability|p1a: Landy-T|Intimidate|boost
|-unboost|p2a: Ting-Lu|atk|1
|-ability|p2a: Ting-Lu|Vessel of Ruin
|turn|1
|
|t:|1769414973
|move|p1a: Landy-T|Taunt|p2a: Ting-Lu
|-start|p2a: Ting-Lu|move: Taunt
|move|p2a: Ting-Lu|Ruination|p1a: Landy-T
|-damage|p1a: Landy-T|50/100
|
|upkeep
|turn|2
|
|t:|1769414979
|move|p1a: Landy-T|U-turn|p2a: Ting-Lu
|-supereffective|p2a: Ting-Lu
|-damage|p2a: Ting-Lu|78/100
|
|t:|1769414987
|switch|p1a: d'Artagnan|Keldeo|100/100|[from] U-turn
|move|p2a: Ting-Lu|Ruination|p1a: d'Artagnan
|-damage|p1a: d'Artagnan|51/100
|-ability|p1a: d'Artagnan|Justified|boost
|-boost|p1a: d'Artagnan|atk|1
|
|-heal|p2a: Ting-Lu|84/100|[from] item: Leftovers
|upkeep
|turn|3
|
|t:|1769414999
|switch|p2a: Clefable|Clefable, F|100/100
|move|p1a: d'Artagnan|Flip Turn|p2a: Clefable
|-damage|p2a: Clefable|78/100
|
|t:|1769415003
|switch|p1a: Cheestrings|Gholdengo, shiny|100/100|[from] Flip Turn
|
|-heal|p2a: Clefable|84/100|[from] item: Leftovers
|upkeep
|turn|4
|
|t:|1769415009
|switch|p2a: Ting-Lu|Ting-Lu|84/100
|-ability|p2a: Ting-Lu|Vessel of Ruin
|move|p1a: Cheestrings|Nasty Plot|p1a: Cheestrings
|-boost|p1a: Cheestrings|spa|2
|
|-heal|p2a: Ting-Lu|90/100|[from] item: Leftovers
|upkeep
|turn|5
|
|t:|1769415016
|move|p1a: Cheestrings|Nasty Plot|p1a: Cheestrings
|-boost|p1a: Cheestrings|spa|2
|move|p2a: Ting-Lu|Earthquake|p1a: Cheestrings
|-supereffective|p1a: Cheestrings
|-damage|p1a: Cheestrings|48/100
|
|-heal|p1a: Cheestrings|54/100|[from] item: Leftovers
|-heal|p2a: Ting-Lu|97/100|[from] item: Leftovers
|upkeep
|turn|6
|
|t:|1769415023
|move|p1a: Cheestrings|Recover|p1a: Cheestrings
|-heal|p1a: Cheestrings|100/100
|move|p2a: Ting-Lu|Earthquake|p1a: Cheestrings
|-supereffective|p1a: Cheestrings
|-damage|p1a: Cheestrings|51/100
|
|-heal|p1a: Cheestrings|57/100|[from] item: Leftovers
|-heal|p2a: Ting-Lu|100/100|[from] item: Leftovers
|upkeep
|turn|7
|
|t:|1769415052
|-terastallize|p1a: Cheestrings|Water
|move|p1a: Cheestrings|Nasty Plot|p1a: Cheestrings
|-boost|p1a: Cheestrings|spa|2
|move|p2a: Ting-Lu|Earthquake|p1a: Cheestrings
|-damage|p1a: Cheestrings|31/100
|
|-heal|p1a: Cheestrings|37/100|[from] item: Leftovers
|upkeep
|turn|8
|
|t:|1769415062
|move|p1a: Cheestrings|Recover|p1a: Cheestrings
|-heal|p1a: Cheestrings|87/100
|move|p2a: Ting-Lu|Spikes|p1a: Cheestrings
|-sidestart|p1: thehi|Spikes
|
|-heal|p1a: Cheestrings|93/100|[from] item: Leftovers
|upkeep
|turn|9
|
|t:|1769415065
|move|p1a: Cheestrings|Make It Rain|p2a: Ting-Lu
|-damage|p2a: Ting-Lu|8/100
|-unboost|p1a: Cheestrings|spa|1
|move|p2a: Ting-Lu|Ruination|p1a: Cheestrings
|-damage|p1a: Cheestrings|47/100
|
|-heal|p1a: Cheestrings|53/100|[from] item: Leftovers
|-heal|p2a: Ting-Lu|14/100|[from] item: Leftovers
|upkeep
|turn|10
|
|t:|1769415073
|move|p1a: Cheestrings|Recover|p1a: Cheestrings
|-heal|p1a: Cheestrings|100/100
|move|p2a: Ting-Lu|Ruination|p1a: Cheestrings
|-damage|p1a: Cheestrings|50/100
|
|-heal|p1a: Cheestrings|57/100|[from] item: Leftovers
|-heal|p2a: Ting-Lu|20/100|[from] item: Leftovers
|upkeep
|turn|11
|
|t:|1769415082
|move|p1a: Cheestrings|Make It Rain|p2a: Ting-Lu
|-damage|p2a: Ting-Lu|0 fnt
|-unboost|p1a: Cheestrings|spa|1
|faint|p2a: Ting-Lu
|
|-heal|p1a: Cheestrings|63/100|[from] item: Leftovers
|upkeep
|
|t:|1769415101
|switch|p2a: Zamazenta|Zamazenta|100/100
|-ability|p2a: Zamazenta|Dauntless Shield|boost
|-boost|p2a: Zamazenta|def|1
|turn|12
|
|t:|1769415117
|move|p2a: Zamazenta|Body Press|p1a: Cheestrings
|-damage|p1a: Cheestrings|27/100
|move|p1a: Cheestrings|Make It Rain|p2a: Zamazenta
|-damage|p2a: Zamazenta|0 fnt
|-unboost|p1a: Cheestrings|spa|1
|faint|p2a: Zamazenta
|
|-heal|p1a: Cheestrings|33/100|[from] item: Leftovers
|upkeep
|
|t:|1769415137
|switch|p2a: Pecharunt|Pecharunt|100/100
|turn|13
|
|t:|1769415145
|switch|p1a: Corleone|Tyranitar, M, shiny|100/100
|-damage|p1a: Corleone|88/100|[from] Spikes
|-weather|Sandstorm|[from] ability: Sand Stream|[of] p1a: Corleone
|move|p2a: Pecharunt|Malignant Chain|p1a: Corleone
|-resisted|p1a: Corleone
|-damage|p1a: Corleone|84/100
|
|-weather|Sandstorm|[upkeep]
|-damage|p2a: Pecharunt|94/100|[from] Sandstorm
|upkeep
|turn|14
|
|t:|1769415152
|move|p2a: Pecharunt|Parting Shot|p1a: Corleone
|-unboost|p1a: Corleone|atk|1
|-unboost|p1a: Corleone|spa|1
|
|t:|1769415157
|switch|p2a: Clefable|Clefable, F|84/100|[from] Parting Shot
|move|p1a: Corleone|Knock Off|p2a: Clefable
|-resisted|p2a: Clefable
|-damage|p2a: Clefable|66/100
|-enditem|p2a: Clefable|Leftovers|[from] move: Knock Off|[of] p1a: Corleone
|
|-weather|Sandstorm|[upkeep]
|upkeep
|turn|15
|
|t:|1769415167
|switch|p1a: Galarian Skarmory|Corviknight, M, shiny|100/100
|move|p2a: Clefable|Stealth Rock|p1a: Galarian Skarmory
|-sidestart|p1: thehi|move: Stealth Rock
|
|-weather|Sandstorm|[upkeep]
|upkeep
|turn|16
|
|t:|1769415173
|switch|p2a: Gholdengo|Gholdengo|100/100
|-item|p2a: Gholdengo|Air Balloon
|move|p1a: Galarian Skarmory|Defog|p2a: Gholdengo
|-immune|p2a: Gholdengo|[from] ability: Good as Gold
|
|-weather|Sandstorm|[upkeep]
|upkeep
|turn|17
|
|t:|1769415184
|move|p2a: Gholdengo|Thunder Wave|p1a: Galarian Skarmory
|-status|p1a: Galarian Skarmory|par
|move|p1a: Galarian Skarmory|U-turn|p2a: Gholdengo
|-resisted|p2a: Gholdengo
|-damage|p2a: Gholdengo|98/100
|-enditem|p2a: Gholdengo|Air Balloon
|
|t:|1769415197
|switch|p1a: Corleone|Tyranitar, M, shiny|84/100|[from] U-turn
|-damage|p1a: Corleone|71/100|[from] Spikes
|-damage|p1a: Corleone|59/100|[from] Stealth Rock
|
|-weather|none
|upkeep
|turn|18
|
|t:|1769415201
|move|p2a: Gholdengo|Make It Rain|p1a: Corleone
|-supereffective|p1a: Corleone
|-damage|p1a: Corleone|15/100
|-unboost|p2a: Gholdengo|spa|1
|move|p1a: Corleone|Knock Off|p2a: Gholdengo
|-supereffective|p2a: Gholdengo
|-damage|p2a: Gholdengo|57/100
|
|upkeep
|turn|19
|
|t:|1769415205
|move|p2a: Gholdengo|Make It Rain|p1a: Corleone
|-supereffective|p1a: Corleone
|-damage|p1a: Corleone|0 fnt
|-unboost|p2a: Gholdengo|spa|1
|faint|p1a: Corleone
|
|upkeep
|
|t:|1769415211
|switch|p1a: d'Artagnan|Keldeo|51/100
|-damage|p1a: d'Artagnan|38/100|[from] Spikes
|-damage|p1a: d'Artagnan|32/100|[from] Stealth Rock
|turn|20
|
|t:|1769415221
|move|p1a: d'Artagnan|Flip Turn|p2a: Gholdengo
|-damage|p2a: Gholdengo|45/100
|
|t:|1769415226
|switch|p1a: Raging Goat|Raging Bolt|100/100|[from] Flip Turn
|-damage|p1a: Raging Goat|88/100|[from] Spikes
|-damage|p1a: Raging Goat|76/100|[from] Stealth Rock
|move|p2a: Gholdengo|Thunder Wave|p1a: Raging Goat
|-immune|p1a: Raging Goat
|
|upkeep
|turn|21
|
|t:|1769415234
|switch|p2a: Clefable|Clefable, F|66/100
|move|p1a: Raging Goat|Thunderbolt|p2a: Clefable
|-damage|p2a: Clefable|32/100
|
|upkeep
|turn|22
|
|t:|1769415241
|move|p1a: Raging Goat|Thunderbolt|p2a: Clefable
|-damage|p2a: Clefable|0 fnt
|faint|p2a: Clefable
|
|upkeep
|
|t:|1769415256
|switch|p2a: Dragonite|Dragonite, M|100/100
|turn|23
|
|t:|1769415279
|move|p1a: Raging Goat|Volt Switch|p2a: Dragonite
|-damage|p2a: Dragonite|81/100
|
|t:|1769415282
|-end|p1a: Raging Goat|Protosynthesis|[silent]
|switch|p1a: Landy-T|Landorus-Therian, M|50/100|[from] Volt Switch
|-damage|p1a: Landy-T|38/100|[from] Stealth Rock
|-ability|p1a: Landy-T|Intimidate|boost
|-unboost|p2a: Dragonite|atk|1
|move|p2a: Dragonite|Dragon Tail|p1a: Landy-T
|-damage|p1a: Landy-T|21/100
|-damage|p2a: Dragonite|65/100|[from] item: Rocky Helmet|[of] p1a: Landy-T
|drag|p1a: Raging Goat|Raging Bolt|76/100
|-damage|p1a: Raging Goat|63/100|[from] Spikes
|-damage|p1a: Raging Goat|51/100|[from] Stealth Rock
|
|upkeep
|turn|24
|
|t:|1769415293
|switch|p2a: Gholdengo|Gholdengo|45/100
|move|p1a: Raging Goat|Draco Meteor|p2a: Gholdengo|[miss]
|-miss|p1a: Raging Goat|p2a: Gholdengo
|
|upkeep
|turn|25
|
|t:|1769415300
|move|p2a: Gholdengo|Recover|p2a: Gholdengo
|-heal|p2a: Gholdengo|95/100
|move|p1a: Raging Goat|Thunderbolt|p2a: Gholdengo
|-damage|p2a: Gholdengo|40/100
|
|upkeep
|turn|26
|
|t:|1769415307
|move|p2a: Gholdengo|Hex|p1a: Raging Goat
|-damage|p1a: Raging Goat|36/100
|move|p1a: Raging Goat|Thunderbolt|p2a: Gholdengo
|-damage|p2a: Gholdengo|0 fnt
|faint|p2a: Gholdengo
|
|upkeep
|
|t:|1769415319
|switch|p2a: Pecharunt|Pecharunt|94/100
|turn|27
|
|t:|1769415323
|-end|p1a: Raging Goat|Protosynthesis|[silent]
|switch|p1a: Galarian Skarmory|Corviknight, M, shiny|100/100 par
|-damage|p1a: Galarian Skarmory|88/100 par|[from] Stealth Rock
|move|p2a: Pecharunt|Malignant Chain|p1a: Galarian Skarmory
|-immune|p1a: Galarian Skarmory
|
|upkeep
|turn|28
|
|t:|1769415326
|move|p2a: Pecharunt|Parting Shot|p1a: Galarian Skarmory
|-ability|p1a: Galarian Skarmory|Mirror Armor
|-unboost|p2a: Pecharunt|atk|1
|-ability|p1a: Galarian Skarmory|Mirror Armor
|-unboost|p2a: Pecharunt|spa|1
|
|t:|1769415330
|switch|p2a: Dragonite|Dragonite, M|65/100|[from] Parting Shot
|move|p1a: Galarian Skarmory|Defog|p2a: Dragonite
|-unboost|p2a: Dragonite|evasion|1
|-sideend|p1: thehi|Spikes|[from] move: Defog|[of] p1a: Galarian Skarmory
|-sideend|p1: thehi|Stealth Rock|[from] move: Defog|[of] p1a: Galarian Skarmory
|
|upkeep
|turn|29
|
|t:|1769415339
|move|p2a: Dragonite|Roost|p2a: Dragonite
|-heal|p2a: Dragonite|100/100
|-singleturn|p2a: Dragonite|move: Roost
|move|p1a: Galarian Skarmory|U-turn|p2a: Dragonite
|-damage|p2a: Dragonite|94/100
|
|t:|1769415345
|switch|p1a: Raging Goat|Raging Bolt|36/100|[from] U-turn
|
|upkeep
|turn|30
|
|t:|1769415349
|-terastallize|p2a: Dragonite|Normal
|move|p2a: Dragonite|Extreme Speed|p1a: Raging Goat
|-crit|p1a: Raging Goat
|-damage|p1a: Raging Goat|0 fnt
|faint|p1a: Raging Goat
|-end|p1a: Raging Goat|Protosynthesis|[silent]
|
|upkeep
|
|t:|1769415359
|switch|p1a: d'Artagnan|Keldeo|32/100
|turn|31
|
|t:|1769415362
|move|p2a: Dragonite|Extreme Speed|p1a: d'Artagnan
|-damage|p1a: d'Artagnan|0 fnt
|faint|p1a: d'Artagnan
|
|upkeep
|
|t:|1769415368
|switch|p1a: Galarian Skarmory|Corviknight, M, shiny|88/100 par
|turn|32
|
|t:|1769415381
|switch|p2a: Pecharunt|Pecharunt|94/100
|move|p1a: Galarian Skarmory|U-turn|p2a: Pecharunt
|-resisted|p2a: Pecharunt
|-damage|p2a: Pecharunt|93/100
|
|t:|1769415392
|switch|p1a: Landy-T|Landorus-Therian, M|21/100|[from] U-turn
|-ability|p1a: Landy-T|Intimidate|boost
|-unboost|p2a: Pecharunt|atk|1
|
|upkeep
|turn|33
|
|t:|1769415399
|move|p1a: Landy-T|Earthquake|p2a: Pecharunt
|-supereffective|p2a: Pecharunt
|-damage|p2a: Pecharunt|45/100
|move|p2a: Pecharunt|Foul Play|p1a: Landy-T
|-damage|p1a: Landy-T|0 fnt
|-damage|p2a: Pecharunt|28/100|[from] item: Rocky Helmet|[of] p1a: Landy-T
|faint|p1a: Landy-T
|
|upkeep
|
|t:|1769415422
|switch|p1a: Cheestrings|Gholdengo, shiny, tera:Water|33/100
|turn|34
|
|t:|1769415425
|move|p2a: Pecharunt|Malignant Chain|p1a: Cheestrings
|-damage|p1a: Cheestrings|1/100
|-status|p1a: Cheestrings|tox
|-start|p1a: Cheestrings|confusion|[from] ability: Poison Puppeteer|[of] p2a: Pecharunt
|-activate|p1a: Cheestrings|confusion
|move|p1a: Cheestrings|Recover|p1a: Cheestrings
|-heal|p1a: Cheestrings|51/100 tox
|
|-heal|p1a: Cheestrings|57/100 tox|[from] item: Leftovers
|-damage|p1a: Cheestrings|51/100 tox|[from] psn
|upkeep
|turn|35
|
|t:|1769415437
|move|p2a: Pecharunt|Recover|p2a: Pecharunt
|-heal|p2a: Pecharunt|78/100
|-activate|p1a: Cheestrings|confusion
|move|p1a: Cheestrings|Recover|p1a: Cheestrings
|-heal|p1a: Cheestrings|100/100 tox
|
|-damage|p1a: Cheestrings|88/100 tox|[from] psn
|upkeep
|turn|36
|c|☆thehi|Holy shi
|
|t:|1769415446
|move|p2a: Pecharunt|Malignant Chain|p1a: Cheestrings
|-damage|p1a: Cheestrings|57/100 tox
|-activate|p1a: Cheestrings|confusion
|move|p1a: Cheestrings|Shadow Ball|p2a: Pecharunt
|-supereffective|p2a: Pecharunt
|-damage|p2a: Pecharunt|2/100
|-unboost|p2a: Pecharunt|spd|1
|
|-heal|p1a: Cheestrings|63/100 tox|[from] item: Leftovers
|-damage|p1a: Cheestrings|45/100 tox|[from] psn
|upkeep
|turn|37
|
|t:|1769415452
|move|p2a: Pecharunt|Recover|p2a: Pecharunt
|-heal|p2a: Pecharunt|52/100
|-activate|p1a: Cheestrings|confusion
|move|p1a: Cheestrings|Recover|p1a: Cheestrings
|-heal|p1a: Cheestrings|95/100 tox
|
|-heal|p1a: Cheestrings|100/100 tox|[from] item: Leftovers
|-damage|p1a: Cheestrings|76/100 tox|[from] psn
|upkeep
|turn|38
|
|t:|1769415461
|move|p2a: Pecharunt|Recover|p2a: Pecharunt
|-heal|p2a: Pecharunt|100/100
|-end|p1a: Cheestrings|confusion
|move|p1a: Cheestrings|Recover|p1a: Cheestrings
|-heal|p1a: Cheestrings|100/100 tox
|
|-damage|p1a: Cheestrings|70/100 tox|[from] psn
|upkeep
|turn|39
|
|t:|1769415472
|move|p2a: Pecharunt|Malignant Chain|p1a: Cheestrings
|-damage|p1a: Cheestrings|42/100 tox
|move|p1a: Cheestrings|Shadow Ball|p2a: Pecharunt
|-supereffective|p2a: Pecharunt
|-damage|p2a: Pecharunt|0 fnt
|faint|p2a: Pecharunt
|
|-heal|p1a: Cheestrings|48/100 tox|[from] item: Leftovers
|-damage|p1a: Cheestrings|11/100 tox|[from] psn
|upkeep
|
|t:|1769415476
|switch|p2a: Dragonite|Dragonite, M, tera:Normal|94/100
|turn|40
|
|t:|1769415483
|move|p2a: Dragonite|Extreme Speed|p1a: Cheestrings
|-crit|p1a: Cheestrings
|-damage|p1a: Cheestrings|0 fnt
|faint|p1a: Cheestrings
|
|upkeep
|
|t:|1769415484
|switch|p1a: Galarian Skarmory|Corviknight, M, shiny|88/100 par
|turn|41
|
|t:|1769415490
|cant|p1a: Galarian Skarmory|par
|move|p2a: Dragonite|Dragon Tail|p1a: Galarian Skarmory
|-resisted|p1a: Galarian Skarmory
|-damage|p1a: Galarian Skarmory|78/100 par
|-damage|p2a: Dragonite|77/100|[from] item: Rocky Helmet|[of] p1a: Galarian Skarmory
|
|upkeep
|turn|42
|
|t:|1769415497
|move|p1a: Galarian Skarmory|Roost|p1a: Galarian Skarmory
|-heal|p1a: Galarian Skarmory|100/100 par
|-singleturn|p1a: Galarian Skarmory|move: Roost
|move|p2a: Dragonite|Dragon Tail|p1a: Galarian Skarmory|[miss]
|-miss|p2a: Dragonite|p1a: Galarian Skarmory
|
|upkeep
|turn|43
|
|t:|1769415513
|move|p1a: Galarian Skarmory|U-turn|p2a: Dragonite
|-damage|p2a: Dragonite|63/100
|move|p2a: Dragonite|Dragon Tail|p1a: Galarian Skarmory
|-resisted|p1a: Galarian Skarmory
|-damage|p1a: Galarian Skarmory|89/100 par
|-damage|p2a: Dragonite|47/100|[from] item: Rocky Helmet|[of] p1a: Galarian Skarmory
|
|upkeep
|turn|44
|c|☆thehi|I win tho bc helmet
|
|t:|1769415522
|move|p2a: Dragonite|Roost|p2a: Dragonite
|-heal|p2a: Dragonite|97/100
|move|p1a: Galarian Skarmory|U-turn|p2a: Dragonite
|-damage|p2a: Dragonite|83/100
|
|upkeep
|turn|45
|
|t:|1769415530
|move|p2a: Dragonite|Extreme Speed|p1a: Galarian Skarmory
|-resisted|p1a: Galarian Skarmory
|-damage|p1a: Galarian Skarmory|76/100 par
|-damage|p2a: Dragonite|66/100|[from] item: Rocky Helmet|[of] p1a: Galarian Skarmory
|move|p1a: Galarian Skarmory|U-turn|p2a: Dragonite
|-damage|p2a: Dragonite|53/100
|
|upkeep
|turn|46
|
|t:|1769415535
|move|p2a: Dragonite|Roost|p2a: Dragonite
|-heal|p2a: Dragonite|100/100
|cant|p1a: Galarian Skarmory|par
|
|upkeep
|turn|47
|-message|slash#4700 forfeited.
|
|win|thehi
|raw|thehi's rating: 1448 &rarr; <strong>1467</strong><br />(+19 for winning)
|raw|slash#4700's rating: 1435 &rarr; <strong>1416</strong><br />(-19 for losing)
|l|☆slash#4700
|player|p2|
|l|☆thehi
|player|p1|
|j|☆thehi
|player|p1|thehi|101|
|l|☆thehi
|player|p1|
