|j|☆Davetron3030
|j|☆busto2412
|t:|1769349510
|gametype|singles
|player|p1|Davetron3030|dancer|1638
|player|p2|busto2412|hilbert|1656
|gen|9
|tier|[Gen 9] OU
|rated|
|rule|HP Percentage Mod: HP is shown in percentages
|rule|Endless Battle Clause: Forcing endless battles is banned
|rule|Species Clause: Limit one of each Pokémon
|rule|OHKO Clause: OHKO moves are banned
|rule|Evasion Items Clause: Evasion items are banned
|rule|Evasion Moves Clause: Evasion moves are banned
|rule|Evasion Abilities Clause: Evasion abilities are banned
|rule|Sleep Moves Clause: Sleep-inducing moves are banned
|clearpoke
|poke|p1|Garchomp, F|
|poke|p1|Gholdengo|
|poke|p1|Iron Crown|
|poke|p1|Iron Valiant|
|poke|p1|Ogerpon-Cornerstone, F|
|poke|p1|Zapdos-Galar|
|poke|p2|Ursaluna, M|
|poke|p2|Dragapult, M|
|poke|p2|Zapdos|
|poke|p2|Zamazenta-*|
|poke|p2|Goodra-Hisui, M|
|poke|p2|Greninja-*, M|
|teampreview
|c|☆busto2412|gl
|
|t:|1769349534
|teamsize|p1|6
|teamsize|p2|6
|start
|switch|p1a: Ogerpon|Ogerpon-Cornerstone, F|100/100
|switch|p2a: Greninja|Greninja, M|100/100
|turn|1
|
|t:|1769349541
|switch|p2a: Goodra|Goodra-Hisui, M|100/100
|move|p1a: Ogerpon|Spikes|p2a: Goodra
|-sidestart|p2: busto2412|Spikes
|
|upkeep
|turn|2
|
|t:|1769349549
|switch|p1a: Garchomp|Garchomp, F|100/100
|move|p2a: Goodra|Heavy Slam|p1a: Garchomp
|-damage|p1a: Garchomp|82/100
|-damage|p2a: Goodra|88/100|[from] ability: Rough Skin|[of] p1a: Garchomp
|-damage|p2a: Goodra|72/100|[from] item: Rocky Helmet|[of] p1a: Garchomp
|
|-heal|p2a: Goodra|78/100|[from] item: Leftovers
|upkeep
|turn|3
|
|t:|1769349559
|move|p1a: Garchomp|Stealth Rock|p2a: Goodra
|-sidestart|p2: busto2412|move: Stealth Rock
|move|p2a: Goodra|Draco Meteor|p1a: Garchomp
|-supereffective|p1a: Garchomp
|-damage|p1a: Garchomp|0 fnt
|-unboost|p2a: Goodra|spa|2
|faint|p1a: Garchomp
|
|-heal|p2a: Goodra|84/100|[from] item: Leftovers
|upkeep
|
|t:|1769349575
|switch|p1a: Zapdos|Zapdos-Galar|100/100
|turn|4
|
|t:|1769349593
|switch|p1a: Ogerpon|Ogerpon-Cornerstone, F|100/100
|switch|p2a: Zapdos|Zapdos, shiny|100/100
|-damage|p2a: Zapdos|76/100|[from] Stealth Rock
|
|upkeep
|turn|5
|
|t:|1769349600
|switch|p2a: Ursaluna|Ursaluna, M, shiny|100/100
|-damage|p2a: Ursaluna|88/100|[from] Spikes
|-damage|p2a: Ursaluna|82/100|[from] Stealth Rock
|move|p1a: Ogerpon|Ivy Cudgel|p2a: Ursaluna|[anim] Ivy Cudgel Rock
|-resisted|p2a: Ursaluna
|-damage|p2a: Ursaluna|61/100
|
|-status|p2a: Ursaluna|brn|[from] item: Flame Orb
|upkeep
|turn|6
|
|t:|1769349611
|move|p1a: Ogerpon|Swords Dance|p1a: Ogerpon
|-boost|p1a: Ogerpon|atk|2
|move|p2a: Ursaluna|Earthquake|p1a: Ogerpon
|-ability|p1a: Ogerpon|Sturdy
|-damage|p1a: Ogerpon|1/100
|
|-damage|p2a: Ursaluna|54/100 brn|[from] brn
|upkeep
|turn|7
|
|t:|1769349623
|switch|p2a: Zapdos|Zapdos, shiny|76/100
|-damage|p2a: Zapdos|51/100|[from] Stealth Rock
|move|p1a: Ogerpon|Horn Leech|p2a: Zapdos
|-resisted|p2a: Zapdos
|-damage|p2a: Zapdos|18/100
|-heal|p1a: Ogerpon|22/100|[from] drain|[of] p2a: Zapdos
|-damage|p1a: Ogerpon|5/100|[from] item: Rocky Helmet|[of] p2a: Zapdos
|
|upkeep
|turn|8
|
|t:|1769349633
|move|p1a: Ogerpon|Ivy Cudgel|p2a: Zapdos|[anim] Ivy Cudgel Rock
|-supereffective|p2a: Zapdos
|-damage|p2a: Zapdos|0 fnt
|faint|p2a: Zapdos
|
|upkeep
|
|t:|1769349638
|switch|p2a: Greninja|Greninja, M|100/100
|-damage|p2a: Greninja|88/100|[from] Spikes
|-damage|p2a: Greninja|76/100|[from] Stealth Rock
|turn|9
|
|t:|1769349645
|move|p2a: Greninja|Ice Beam|p1a: Ogerpon
|-supereffective|p1a: Ogerpon
|-damage|p1a: Ogerpon|0 fnt
|faint|p1a: Ogerpon
|-ability|p2a: Greninja|Battle Bond|boost
|-boost|p2a: Greninja|atk|1
|-boost|p2a: Greninja|spa|1
|-boost|p2a: Greninja|spe|1
|-activate|p2a: Greninja|ability: Battle Bond
|-damage|p2a: Greninja|66/100|[from] item: Life Orb
|
|upkeep
|
|t:|1769349655
|switch|p1a: Iron Valiant|Iron Valiant|100/100
|turn|10
|
|t:|1769349658
|move|p1a: Iron Valiant|Vacuum Wave|p2a: Greninja
|-supereffective|p2a: Greninja
|-damage|p2a: Greninja|0 fnt
|faint|p2a: Greninja
|
|upkeep
|
|t:|1769349670
|switch|p2a: Dragapult|Dragapult, M, shiny|100/100
|-damage|p2a: Dragapult|88/100|[from] Spikes
|-damage|p2a: Dragapult|76/100|[from] Stealth Rock
|turn|11
|
|t:|1769349680
|-end|p1a: Iron Valiant|Quark Drive|[silent]
|switch|p1a: Iron Crown|Iron Crown|100/100
|-terastallize|p2a: Dragapult|Fairy
|move|p2a: Dragapult|Tera Blast|p1a: Iron Crown|[anim] Tera Blast Fairy
|-resisted|p1a: Iron Crown
|-damage|p1a: Iron Crown|70/100
|
|upkeep
|turn|12
|
|t:|1769349690
|switch|p2a: Goodra|Goodra-Hisui, M|84/100
|-damage|p2a: Goodra|71/100|[from] Spikes
|-damage|p2a: Goodra|65/100|[from] Stealth Rock
|move|p1a: Iron Crown|Tachyon Cutter|p2a: Goodra
|-resisted|p2a: Goodra
|-damage|p2a: Goodra|57/100
|-resisted|p2a: Goodra
|-damage|p2a: Goodra|49/100
|-hitcount|p2a: Goodra|2
|
|-heal|p2a: Goodra|55/100|[from] item: Leftovers
|upkeep
|turn|13
|
|t:|1769349702
|move|p1a: Iron Crown|Volt Switch|p2a: Goodra
|-resisted|p2a: Goodra
|-damage|p2a: Goodra|47/100
|
|t:|1769349705
|-end|p1a: Iron Crown|Quark Drive|[silent]
|switch|p1a: Gholdengo|Gholdengo|100/100|[from] Volt Switch
|move|p2a: Goodra|Flamethrower|p1a: Gholdengo
|-supereffective|p1a: Gholdengo
|-damage|p1a: Gholdengo|45/100
|
|-heal|p1a: Gholdengo|52/100|[from] item: Leftovers
|-heal|p2a: Goodra|54/100|[from] item: Leftovers
|upkeep
|turn|14
|
|t:|1769349715
|move|p1a: Gholdengo|Thunder Wave|p2a: Goodra
|-status|p2a: Goodra|par
|move|p2a: Goodra|Flamethrower|p1a: Gholdengo
|-supereffective|p1a: Gholdengo
|-damage|p1a: Gholdengo|0 fnt
|faint|p1a: Gholdengo
|
|-heal|p2a: Goodra|60/100 par|[from] item: Leftovers
|upkeep
|
|t:|1769349725
|switch|p1a: Zapdos|Zapdos-Galar|100/100
|turn|15
|
|t:|1769349735
|move|p1a: Zapdos|Thunderous Kick|p2a: Goodra
|-supereffective|p2a: Goodra
|-damage|p2a: Goodra|0 fnt
|-ability|p2a: Goodra|Gooey
|-unboost|p1a: Zapdos|spe|1
|-ability|p1a: Zapdos|Defiant|boost
|-boost|p1a: Zapdos|atk|2
|faint|p2a: Goodra
|
|upkeep
|
|t:|1769349747
|switch|p2a: Dragapult|Dragapult, M, shiny, tera:Fairy|76/100
|-damage|p2a: Dragapult|64/100|[from] Spikes
|-damage|p2a: Dragapult|51/100|[from] Stealth Rock
|turn|16
|
|t:|1769349754
|switch|p1a: Iron Crown|Iron Crown|70/100
|move|p2a: Dragapult|Tera Blast|p1a: Iron Crown|[anim] Tera Blast Fairy
|-resisted|p1a: Iron Crown
|-damage|p1a: Iron Crown|39/100
|
|upkeep
|turn|17
|
|t:|1769349761
|switch|p2a: Ursaluna|Ursaluna, M, shiny|54/100 brn
|-damage|p2a: Ursaluna|42/100 brn|[from] Spikes
|-damage|p2a: Ursaluna|36/100 brn|[from] Stealth Rock
|move|p1a: Iron Crown|Tachyon Cutter|p2a: Ursaluna
|-damage|p2a: Ursaluna|12/100 brn
|-damage|p2a: Ursaluna|0 fnt
|faint|p2a: Ursaluna
|-hitcount|p2: Ursaluna|2
|
|upkeep
|
|t:|1769349771
|switch|p2a: Zamazenta|Zamazenta|100/100
|-damage|p2a: Zamazenta|88/100|[from] Spikes
|-damage|p2a: Zamazenta|82/100|[from] Stealth Rock
|-ability|p2a: Zamazenta|Dauntless Shield|boost
|-boost|p2a: Zamazenta|def|1
|turn|18
|
|t:|1769349779
|move|p2a: Zamazenta|Crunch|p1a: Iron Crown
|-supereffective|p1a: Iron Crown
|-damage|p1a: Iron Crown|0 fnt
|faint|p1a: Iron Crown
|-end|p1a: Iron Crown|Quark Drive|[silent]
|
|-heal|p2a: Zamazenta|88/100|[from] item: Leftovers
|upkeep
|
|t:|1769349787
|switch|p1a: Iron Valiant|Iron Valiant|100/100
|turn|19
|
|t:|1769349791
|move|p2a: Zamazenta|Iron Head|p1a: Iron Valiant
|-supereffective|p1a: Iron Valiant
|-damage|p1a: Iron Valiant|42/100
|cant|p1a: Iron Valiant|flinch
|
|-heal|p2a: Zamazenta|94/100|[from] item: Leftovers
|upkeep
|turn|20
|
|t:|1769349800
|-terastallize|p1a: Iron Valiant|Fighting
|move|p1a: Iron Valiant|Vacuum Wave|p2a: Zamazenta
|-damage|p2a: Zamazenta|61/100
|move|p2a: Zamazenta|Iron Head|p1a: Iron Valiant
|-damage|p1a: Iron Valiant|14/100
|
|-heal|p2a: Zamazenta|68/100|[from] item: Leftovers
|upkeep
|turn|21
|
|t:|1769349810
|move|p1a: Iron Valiant|Vacuum Wave|p2a: Zamazenta
|-damage|p2a: Zamazenta|37/100
|move|p2a: Zamazenta|Body Press|p1a: Iron Valiant
|-damage|p1a: Iron Valiant|0 fnt
|faint|p1a: Iron Valiant
|-end|p1a: Iron Valiant|Quark Drive|[silent]
|
|-heal|p2a: Zamazenta|43/100|[from] item: Leftovers
|upkeep
|
|t:|1769349819
|switch|p1a: Zapdos|Zapdos-Galar|100/100
|turn|22
|
|t:|1769349822
|move|p1a: Zapdos|Brave Bird|p2a: Zamazenta
|-supereffective|p2a: Zamazenta
|-damage|p2a: Zamazenta|0 fnt
|faint|p2a: Zamazenta
|-damage|p1a: Zapdos|84/100|[from] Recoil
|
|upkeep
|
|t:|1769349827
|switch|p2a: Dragapult|Dragapult, M, shiny, tera:Fairy|51/100
|-damage|p2a: Dragapult|39/100|[from] Spikes
|-damage|p2a: Dragapult|27/100|[from] Stealth Rock
|turn|23
|
|t:|1769349833
|move|p1a: Zapdos|Brave Bird|p2a: Dragapult
|-damage|p2a: Dragapult|0 fnt
|faint|p2a: Dragapult
|-damage|p1a: Zapdos|75/100|[from] Recoil
|
|win|Davetron3030
|raw|Davetron3030's rating: 1638 &rarr; <strong>1659</strong><br />(+21 for winning)
|raw|busto2412's rating: 1656 &rarr; <strong>1635</strong><br />(-21 for losing)
|c|☆busto2412|gg
|l|☆Davetron3030
|player|p1|
|l|☆busto2412
|player|p2|
