|j|☆aanszo
|j|☆Nickthenickthenick
|t:|1779964222
|gametype|singles
|player|p1|aanszo|266|1330
|player|p2|Nickthenickthenick|2|1355
|gen|9
|tier|[Gen 9] OU
|rated|
|rule|HP Percentage Mod: HP is shown in percentages
|rule|Endless Battle Clause: Forcing endless battles is banned
|rule|Species Clause: Limit one of each Pokémon
|rule|OHKO Clause: OHKO moves are banned
|rule|Evasion Items Clause: Evasion items are banned
|rule|Evasion Moves Clause: Evasion moves are banned
|rule|Evasion Abilities Clause: Evasion abilities are banned
|rule|Sleep Moves Clause: Sleep-inducing moves are banned
|clearpoke
|poke|p1|Kingambit, F|
|poke|p1|Cinderace, F|
|poke|p1|Landorus-Therian, M|
|poke|p1|Iron Valiant|
|poke|p1|Kyurem|
|poke|p1|Slowking-Galar, M|
|poke|p2|Raikou|
|poke|p2|Entei|
|poke|p2|Suicune|
|poke|p2|Tyranitar, M|
|poke|p2|Porygon2|
|poke|p2|Hatterene, F|
|teampreview
|inactive|Battle timer is ON: inactive players will automatically lose when time's up. (requested by aanszo)
|
|t:|1779964259
|teamsize|p1|6
|teamsize|p2|6
|start
|switch|p1a: Landorus|Landorus-Therian, M, shiny|100/100
|switch|p2a: Porygon2|Porygon2|100/100
|-ability|p1a: Landorus|Intimidate|boost
|-unboost|p2a: Porygon2|atk|1
|-ability|p2a: Porygon2|Intimidate|Trace|[from] ability: Trace|[of] p1a: Landorus
|-ability|p2a: Porygon2|Intimidate|boost
|-unboost|p1a: Landorus|atk|1
|turn|1
|
|t:|1779964268
|move|p1a: Landorus|Taunt|p2a: Porygon2
|-start|p2a: Porygon2|move: Taunt
|move|p2a: Porygon2|Ice Beam|p1a: Landorus
|-supereffective|p1a: Landorus
|-damage|p1a: Landorus|0 fnt
|faint|p1a: Landorus
|
|upkeep
|
|t:|1779964278
|switch|p1a: Cinderace|Cinderace, F, shiny|100/100
|turn|2
|c|☆Nickthenickthenick|gj
|
|t:|1779964285
|move|p1a: Cinderace|Pyro Ball|p2a: Porygon2
|-damage|p2a: Porygon2|78/100
|move|p2a: Porygon2|Foul Play|p1a: Cinderace
|-damage|p1a: Cinderace|74/100
|
|upkeep
|turn|3
|
|t:|1779964294
|move|p1a: Cinderace|U-turn|p2a: Porygon2
|-damage|p2a: Porygon2|69/100
|
|t:|1779964298
|switch|p1a: Kingambit|Kingambit, F|100/100|[from] U-turn
|-activate|p1a: Kingambit|ability: Supreme Overlord
|-start|p1a: Kingambit|fallen1|[silent]
|move|p2a: Porygon2|Foul Play|p1a: Kingambit
|-resisted|p1a: Kingambit
|-damage|p1a: Kingambit|86/100
|
|-heal|p1a: Kingambit|92/100|[from] item: Leftovers
|-end|p2a: Porygon2|move: Taunt
|upkeep
|turn|4
|
|t:|1779964305
|switch|p2a: Entei|Entei|100/100
|-ability|p2a: Entei|Pressure
|move|p1a: Kingambit|Kowtow Cleave|p2a: Entei
|-damage|p2a: Entei|64/100
|
|-heal|p1a: Kingambit|98/100|[from] item: Leftovers
|upkeep
|turn|5
|
|t:|1779964313
|-end|p1a: Kingambit|fallen1|[silent]
|switch|p1a: Slowking|Slowking-Galar, M, shiny|100/100
|move|p2a: Entei|Sacred Fire|p1a: Slowking
|-crit|p1a: Slowking
|-damage|p1a: Slowking|45/100
|
|upkeep
|turn|6
|
|t:|1779964322
|-terastallize|p1a: Slowking|Water
|move|p2a: Entei|Sacred Fire|p1a: Slowking
|-resisted|p1a: Slowking
|-damage|p1a: Slowking|24/100
|-prepare|p1a: Slowking|Chilly Reception|[premajor]
|move|p1a: Slowking|Chilly Reception|p1a: Slowking
|-weather|Snowscape
|
|t:|1779964324
|switch|p1a: Kyurem|Kyurem, shiny|100/100|[from] Chilly Reception
|-ability|p1a: Kyurem|Pressure
|
|-weather|Snowscape|[upkeep]
|upkeep
|turn|7
|
|t:|1779964339
|move|p1a: Kyurem|Protect|p1a: Kyurem
|-singleturn|p1a: Kyurem|Protect
|move|p2a: Entei|Sacred Fire|p1a: Kyurem
|-activate|p1a: Kyurem|move: Protect
|
|-weather|Snowscape|[upkeep]
|upkeep
|turn|8
|
|t:|1779964352
|move|p1a: Kyurem|Substitute|p1a: Kyurem
|-start|p1a: Kyurem|Substitute
|-damage|p1a: Kyurem|76/100
|move|p2a: Entei|Sacred Fire|p1a: Kyurem
|-activate|p1a: Kyurem|move: Substitute|[damage]
|
|-weather|Snowscape|[upkeep]
|-heal|p1a: Kyurem|82/100|[from] item: Leftovers
|upkeep
|turn|9
|
|t:|1779964362
|switch|p2a: Tyranitar|Tyranitar, M|100/100
|-weather|Sandstorm|[from] ability: Sand Stream|[of] p2a: Tyranitar
|move|p1a: Kyurem|Earth Power|p2a: Tyranitar
|-supereffective|p2a: Tyranitar
|-damage|p2a: Tyranitar|75/100
|
|-weather|Sandstorm|[upkeep]
|-damage|p1a: Kyurem|76/100|[from] Sandstorm
|-heal|p1a: Kyurem|82/100|[from] item: Leftovers
|-heal|p2a: Tyranitar|81/100|[from] item: Leftovers
|upkeep
|turn|10
|
|t:|1779964366
|move|p1a: Kyurem|Protect|p1a: Kyurem
|-singleturn|p1a: Kyurem|Protect
|move|p2a: Tyranitar|Stone Edge|p1a: Kyurem
|-activate|p1a: Kyurem|move: Protect
|
|-weather|Sandstorm|[upkeep]
|-damage|p1a: Kyurem|76/100|[from] Sandstorm
|-heal|p1a: Kyurem|82/100|[from] item: Leftovers
|-heal|p2a: Tyranitar|88/100|[from] item: Leftovers
|upkeep
|turn|11
|
|t:|1779964381
|move|p1a: Kyurem|Earth Power|p2a: Tyranitar
|-supereffective|p2a: Tyranitar
|-damage|p2a: Tyranitar|61/100
|move|p2a: Tyranitar|Stone Edge|p1a: Kyurem|[miss]
|-miss|p2a: Tyranitar|p1a: Kyurem
|
|-weather|Sandstorm|[upkeep]
|-damage|p1a: Kyurem|76/100|[from] Sandstorm
|-heal|p1a: Kyurem|82/100|[from] item: Leftovers
|-heal|p2a: Tyranitar|67/100|[from] item: Leftovers
|upkeep
|turn|12
|l|☆aanszo
|inactive|aanszo disconnected and has a minute to reconnect!
|player|p1|
|j|☆aanszo
|inactive|aanszo reconnected and has 145 seconds left.
|player|p1|aanszo|266|
|
|t:|1779964409
|move|p1a: Kyurem|Protect|p1a: Kyurem
|-singleturn|p1a: Kyurem|Protect
|move|p2a: Tyranitar|Stealth Rock|p1a: Kyurem
|-sidestart|p1: aanszo|move: Stealth Rock
|
|-weather|Sandstorm|[upkeep]
|-damage|p1a: Kyurem|76/100|[from] Sandstorm
|-heal|p1a: Kyurem|82/100|[from] item: Leftovers
|-heal|p2a: Tyranitar|73/100|[from] item: Leftovers
|upkeep
|turn|13
|
|t:|1779964414
|move|p1a: Kyurem|Earth Power|p2a: Tyranitar
|-supereffective|p2a: Tyranitar
|-damage|p2a: Tyranitar|50/100
|move|p2a: Tyranitar|Knock Off|p1a: Kyurem
|-end|p1a: Kyurem|Substitute
|
|-weather|none
|-heal|p1a: Kyurem|88/100|[from] item: Leftovers
|-heal|p2a: Tyranitar|56/100|[from] item: Leftovers
|upkeep
|turn|14
|
|t:|1779964426
|switch|p2a: Suicune|Suicune|100/100
|-ability|p2a: Suicune|Pressure
|move|p1a: Kyurem|Protect||[still]
|-fail|p1a: Kyurem
|
|-heal|p1a: Kyurem|94/100|[from] item: Leftovers
|upkeep
|turn|15
|
|t:|1779964429
|move|p1a: Kyurem|Substitute|p1a: Kyurem
|-start|p1a: Kyurem|Substitute
|-damage|p1a: Kyurem|69/100
|move|p2a: Suicune|Calm Mind|p2a: Suicune
|-boost|p2a: Suicune|spa|1
|-boost|p2a: Suicune|spd|1
|
|-heal|p1a: Kyurem|75/100|[from] item: Leftovers
|upkeep
|turn|16
|
|t:|1779964432
|move|p1a: Kyurem|Freeze-Dry|p2a: Suicune
|-supereffective|p2a: Suicune
|-damage|p2a: Suicune|72/100
|move|p2a: Suicune|Calm Mind|p2a: Suicune
|-boost|p2a: Suicune|spa|1
|-boost|p2a: Suicune|spd|1
|
|-heal|p1a: Kyurem|81/100|[from] item: Leftovers
|-heal|p2a: Suicune|78/100|[from] item: Leftovers
|upkeep
|turn|17
|
|t:|1779964436
|move|p1a: Kyurem|Freeze-Dry|p2a: Suicune
|-supereffective|p2a: Suicune
|-damage|p2a: Suicune|59/100
|move|p2a: Suicune|Substitute|p2a: Suicune
|-start|p2a: Suicune|Substitute
|-damage|p2a: Suicune|34/100
|
|-heal|p1a: Kyurem|88/100|[from] item: Leftovers
|-heal|p2a: Suicune|40/100|[from] item: Leftovers
|upkeep
|turn|18
|
|t:|1779964438
|move|p1a: Kyurem|Freeze-Dry|p2a: Suicune
|-supereffective|p2a: Suicune
|-activate|p2a: Suicune|move: Substitute|[damage]
|move|p2a: Suicune|Calm Mind|p2a: Suicune
|-boost|p2a: Suicune|spa|1
|-boost|p2a: Suicune|spd|1
|
|-heal|p1a: Kyurem|94/100|[from] item: Leftovers
|-heal|p2a: Suicune|47/100|[from] item: Leftovers
|upkeep
|turn|19
|
|t:|1779964443
|move|p1a: Kyurem|Freeze-Dry|p2a: Suicune
|-supereffective|p2a: Suicune
|-end|p2a: Suicune|Substitute
|move|p2a: Suicune|Ice Beam|p1a: Kyurem
|-end|p1a: Kyurem|Substitute
|
|-heal|p1a: Kyurem|99/100|[from] item: Leftovers
|-heal|p2a: Suicune|53/100|[from] item: Leftovers
|upkeep
|turn|20
|
|t:|1779964452
|switch|p1a: Slowking|Slowking-Galar, M, shiny, tera:Water|58/100
|move|p2a: Suicune|Ice Beam|p1a: Slowking
|-resisted|p1a: Slowking
|-damage|p1a: Slowking|44/100
|
|-heal|p2a: Suicune|59/100|[from] item: Leftovers
|upkeep
|turn|21
|
|t:|1779964457
|move|p2a: Suicune|Substitute|p2a: Suicune
|-start|p2a: Suicune|Substitute
|-damage|p2a: Suicune|34/100
|move|p1a: Slowking|Psychic Noise|p2a: Suicune
|-damage|p2a: Suicune|28/100
|-start|p2a: Suicune|move: Heal Block
|
|upkeep
|turn|22
|
|t:|1779964474
|move|p2a: Suicune|Scald|p1a: Slowking
|-resisted|p1a: Slowking
|-damage|p1a: Slowking|25/100
|-status|p1a: Slowking|brn
|move|p1a: Slowking|Sludge Bomb|p2a: Suicune
|-activate|p2a: Suicune|move: Substitute|[damage]
|
|-damage|p1a: Slowking|19/100 brn|[from] brn
|-end|p2a: Suicune|move: Heal Block
|upkeep
|turn|23
|
|t:|1779964481
|switch|p1a: Kyurem|Kyurem, shiny|99/100
|-damage|p1a: Kyurem|75/100|[from] Stealth Rock
|-ability|p1a: Kyurem|Pressure
|move|p2a: Suicune|Scald|p1a: Kyurem
|-resisted|p1a: Kyurem
|-damage|p1a: Kyurem|46/100
|
|-heal|p1a: Kyurem|52/100|[from] item: Leftovers
|-heal|p2a: Suicune|34/100|[from] item: Leftovers
|upkeep
|turn|24
|
|t:|1779964489
|move|p1a: Kyurem|Protect|p1a: Kyurem
|-singleturn|p1a: Kyurem|Protect
|move|p2a: Suicune|Ice Beam|p1a: Kyurem
|-activate|p1a: Kyurem|move: Protect
|
|-heal|p1a: Kyurem|58/100|[from] item: Leftovers
|-heal|p2a: Suicune|40/100|[from] item: Leftovers
|upkeep
|turn|25
|
|t:|1779964495
|move|p1a: Kyurem|Freeze-Dry|p2a: Suicune
|-supereffective|p2a: Suicune
|-activate|p2a: Suicune|move: Substitute|[damage]
|move|p2a: Suicune|Ice Beam|p1a: Kyurem
|-damage|p1a: Kyurem|14/100
|
|-heal|p1a: Kyurem|20/100|[from] item: Leftovers
|-heal|p2a: Suicune|47/100|[from] item: Leftovers
|upkeep
|turn|26
|
|t:|1779964503
|move|p1a: Kyurem|Protect|p1a: Kyurem
|-singleturn|p1a: Kyurem|Protect
|move|p2a: Suicune|Calm Mind|p2a: Suicune
|-boost|p2a: Suicune|spa|1
|-boost|p2a: Suicune|spd|1
|
|-heal|p1a: Kyurem|26/100|[from] item: Leftovers
|-heal|p2a: Suicune|53/100|[from] item: Leftovers
|upkeep
|turn|27
|
|t:|1779964506
|move|p1a: Kyurem|Substitute|p1a: Kyurem
|-start|p1a: Kyurem|Substitute
|-damage|p1a: Kyurem|1/100
|move|p2a: Suicune|Ice Beam|p1a: Kyurem
|-end|p1a: Kyurem|Substitute
|
|-heal|p1a: Kyurem|7/100|[from] item: Leftovers
|-heal|p2a: Suicune|59/100|[from] item: Leftovers
|upkeep
|turn|28
|
|t:|1779964514
|move|p1a: Kyurem|Protect|p1a: Kyurem
|-singleturn|p1a: Kyurem|Protect
|move|p2a: Suicune|Scald|p1a: Kyurem
|-activate|p1a: Kyurem|move: Protect
|
|-heal|p1a: Kyurem|14/100|[from] item: Leftovers
|-heal|p2a: Suicune|65/100|[from] item: Leftovers
|upkeep
|turn|29
|
|t:|1779964526
|switch|p1a: Slowking|Slowking-Galar, M, shiny, tera:Water|52/100 brn
|move|p2a: Suicune|Scald|p1a: Slowking
|-resisted|p1a: Slowking
|-damage|p1a: Slowking|32/100 brn
|
|-heal|p2a: Suicune|71/100|[from] item: Leftovers
|-damage|p1a: Slowking|26/100 brn|[from] brn
|upkeep
|turn|30
|
|t:|1779964542
|move|p2a: Suicune|Scald|p1a: Slowking
|-resisted|p1a: Slowking
|-damage|p1a: Slowking|5/100 brn
|move|p1a: Slowking|Psychic Noise|p2a: Suicune
|-damage|p2a: Suicune|67/100
|-start|p2a: Suicune|move: Heal Block
|
|-damage|p1a: Slowking|0 fnt|[from] brn
|faint|p1a: Slowking
|upkeep
|
|t:|1779964562
|switch|p1a: Cinderace|Cinderace, F, shiny|74/100
|turn|31
|
|t:|1779964566
|move|p1a: Cinderace|Court Change|p1a: Cinderace
|-swapsideconditions
|-activate|p1a: Cinderace|move: Court Change
|move|p2a: Suicune|Scald|p1a: Cinderace
|-supereffective|p1a: Cinderace
|-damage|p1a: Cinderace|0 fnt
|faint|p1a: Cinderace
|
|-end|p2a: Suicune|move: Heal Block
|upkeep
|
|t:|1779964570
|switch|p1a: Kyurem|Kyurem, shiny|14/100
|-ability|p1a: Kyurem|Pressure
|turn|32
|
|t:|1779964577
|move|p1a: Kyurem|Freeze-Dry|p2a: Suicune
|-supereffective|p2a: Suicune
|-end|p2a: Suicune|Substitute
|move|p2a: Suicune|Scald|p1a: Kyurem
|-resisted|p1a: Kyurem
|-damage|p1a: Kyurem|0 fnt
|faint|p1a: Kyurem
|
|-heal|p2a: Suicune|73/100|[from] item: Leftovers
|upkeep
|
|t:|1779964583
|switch|p1a: Iron Valiant|Iron Valiant|100/100
|-enditem|p1a: Iron Valiant|Booster Energy
|-activate|p1a: Iron Valiant|ability: Quark Drive|[fromitem]
|-start|p1a: Iron Valiant|quarkdrivespe
|turn|33
|
|t:|1779964587
|move|p1a: Iron Valiant|Calm Mind|p1a: Iron Valiant
|-boost|p1a: Iron Valiant|spa|1
|-boost|p1a: Iron Valiant|spd|1
|move|p2a: Suicune|Scald|p1a: Iron Valiant
|-damage|p1a: Iron Valiant|15/100
|
|-heal|p2a: Suicune|79/100|[from] item: Leftovers
|upkeep
|turn|34
|
|t:|1779964598
|move|p1a: Iron Valiant|Moonblast|p2a: Suicune
|-damage|p2a: Suicune|65/100
|move|p2a: Suicune|Scald|p1a: Iron Valiant
|-damage|p1a: Iron Valiant|0 fnt
|faint|p1a: Iron Valiant
|-end|p1a: Iron Valiant|Quark Drive|[silent]
|
|-heal|p2a: Suicune|72/100|[from] item: Leftovers
|upkeep
|
|t:|1779964601
|switch|p1a: Kingambit|Kingambit, F|98/100
|-activate|p1a: Kingambit|ability: Supreme Overlord
|-start|p1a: Kingambit|fallen5|[silent]
|turn|35
|
|t:|1779964614
|move|p2a: Suicune|Scald|p1a: Kingambit
|-damage|p1a: Kingambit|17/100
|move|p1a: Kingambit|Kowtow Cleave|p2a: Suicune
|-damage|p2a: Suicune|11/100
|
|-heal|p2a: Suicune|18/100|[from] item: Leftovers
|-heal|p1a: Kingambit|23/100|[from] item: Leftovers
|upkeep
|turn|36
|-message|aanszo forfeited.
|
|win|Nickthenickthenick
|raw|aanszo's rating: 1330 &rarr; <strong>1311</strong><br />(-19 for losing)
|raw|Nickthenickthenick's rating: 1355 &rarr; <strong>1374</strong><br />(+19 for winning)
|l|☆aanszo
|player|p1|
|l|☆Nickthenickthenick
|player|p2|
