|j|☆QuincyPKM
|j|☆Brooklyn Cafe
|t:|1779858129
|gametype|singles
|player|p1|QuincyPKM|giovanni|1336
|player|p2|Brooklyn Cafe|hexmaniac-gen6|1341
|gen|9
|tier|[Gen 9] OU
|rated|
|rule|HP Percentage Mod: HP is shown in percentages
|rule|Endless Battle Clause: Forcing endless battles is banned
|rule|Species Clause: Limit one of each Pokémon
|rule|OHKO Clause: OHKO moves are banned
|rule|Evasion Items Clause: Evasion items are banned
|rule|Evasion Moves Clause: Evasion moves are banned
|rule|Evasion Abilities Clause: Evasion abilities are banned
|rule|Sleep Moves Clause: Sleep-inducing moves are banned
|clearpoke
|poke|p1|Volcanion|
|poke|p1|Rillaboom, F|
|poke|p1|Slowking-Galar, F|
|poke|p1|Scizor, M|
|poke|p1|Raging Bolt|
|poke|p1|Great Tusk|
|poke|p2|Pelipper, F|
|poke|p2|Ogerpon-Wellspring, F|
|poke|p2|Walking Wake|
|poke|p2|Overqwil, M|
|poke|p2|Regieleki|
|poke|p2|Iron Treads|
|teampreview
|inactive|Battle timer is ON: inactive players will automatically lose when time's up. (requested by Brooklyn Cafe)
|inactive|QuincyPKM also wants the timer to be on.
|
|t:|1779858142
|teamsize|p1|6
|teamsize|p2|6
|start
|switch|p1a: Rillaboom|Rillaboom, F|100/100
|switch|p2a: Pelipper|Pelipper, F|100/100
|-fieldstart|move: Grassy Terrain|[from] ability: Grassy Surge|[of] p1a: Rillaboom
|-weather|RainDance|[from] ability: Drizzle|[of] p2a: Pelipper
|turn|1
|
|t:|1779858155
|move|p1a: Rillaboom|U-turn|p2a: Pelipper
|-resisted|p2a: Pelipper
|-damage|p2a: Pelipper|93/100
|
|t:|1779858162
|switch|p1a: Raging Bolt|Raging Bolt|100/100|[from] U-turn
|move|p2a: Pelipper|U-turn|p1a: Raging Bolt
|-damage|p1a: Raging Bolt|93/100
|
|t:|1779858170
|switch|p2a: Walking Wake|Walking Wake|100/100|[from] U-turn
|
|-weather|RainDance|[upkeep]
|-heal|p1a: Raging Bolt|99/100|[from] Grassy Terrain
|upkeep
|turn|2
|
|t:|1779858183
|move|p2a: Walking Wake|Flip Turn|p1a: Raging Bolt
|-resisted|p1a: Raging Bolt
|-damage|p1a: Raging Bolt|90/100
|
|t:|1779858185
|-end|p2a: Walking Wake|Protosynthesis|[silent]
|switch|p2a: Iron Treads|Iron Treads|100/100|[from] Flip Turn
|move|p1a: Raging Bolt|Draco Meteor|p2a: Iron Treads
|-resisted|p2a: Iron Treads
|-damage|p2a: Iron Treads|35/100
|-unboost|p1a: Raging Bolt|spa|2
|
|-weather|RainDance|[upkeep]
|-heal|p2a: Iron Treads|41/100|[from] Grassy Terrain
|-heal|p1a: Raging Bolt|96/100|[from] Grassy Terrain
|upkeep
|turn|3
|
|t:|1779858198
|-end|p1a: Raging Bolt|Protosynthesis|[silent]
|switch|p1a: Scizor|Scizor, M|100/100
|move|p2a: Iron Treads|Volt Switch|p1a: Scizor
|-damage|p1a: Scizor|88/100
|
|t:|1779858206
|-end|p2a: Iron Treads|Quark Drive|[silent]
|switch|p2a: Ogerpon|Ogerpon-Wellspring, F|100/100|[from] Volt Switch
|
|-weather|RainDance|[upkeep]
|-heal|p1a: Scizor|94/100|[from] Grassy Terrain
|upkeep
|turn|4
|
|t:|1779858224
|switch|p1a: Volcanion|Volcanion|100/100
|move|p2a: Ogerpon|Ivy Cudgel|p1a: Volcanion|[anim] Ivy Cudgel Water
|-immune|p1a: Volcanion|[from] ability: Water Absorb
|
|-weather|RainDance|[upkeep]
|upkeep
|turn|5
|
|t:|1779858240
|move|p2a: Ogerpon|Swords Dance|p2a: Ogerpon
|-boost|p2a: Ogerpon|atk|2
|move|p1a: Volcanion|Steam Eruption|p2a: Ogerpon
|-immune|p2a: Ogerpon|[from] ability: Water Absorb
|
|-weather|RainDance|[upkeep]
|-fieldend|move: Grassy Terrain
|upkeep
|turn|6
|
|t:|1779858247
|switch|p1a: Rillaboom|Rillaboom, F|100/100
|-fieldstart|move: Grassy Terrain|[from] ability: Grassy Surge|[of] p1a: Rillaboom
|move|p2a: Ogerpon|Horn Leech|p1a: Rillaboom
|-resisted|p1a: Rillaboom
|-damage|p1a: Rillaboom|46/100
|
|-weather|RainDance|[upkeep]
|-heal|p1a: Rillaboom|52/100|[from] Grassy Terrain
|upkeep
|turn|7
|
|t:|1779858257
|move|p1a: Rillaboom|Grassy Glide|p2a: Ogerpon
|-damage|p2a: Ogerpon|59/100
|move|p2a: Ogerpon|Knock Off|p1a: Rillaboom
|-damage|p1a: Rillaboom|0 fnt
|-enditem|p1a: Rillaboom|Assault Vest|[from] move: Knock Off|[of] p2a: Ogerpon
|faint|p1a: Rillaboom
|
|-weather|RainDance|[upkeep]
|-heal|p2a: Ogerpon|65/100|[from] Grassy Terrain
|upkeep
|
|t:|1779858268
|switch|p1a: Volcanion|Volcanion|100/100
|turn|8
|
|t:|1779858272
|-terastallize|p1a: Volcanion|Fire
|move|p2a: Ogerpon|Horn Leech|p1a: Volcanion
|-resisted|p1a: Volcanion
|-damage|p1a: Volcanion|44/100
|-heal|p2a: Ogerpon|95/100|[from] drain|[of] p1a: Volcanion
|move|p1a: Volcanion|Sludge Bomb|p2a: Ogerpon
|-supereffective|p2a: Ogerpon
|-damage|p2a: Ogerpon|0 fnt
|faint|p2a: Ogerpon
|
|-weather|none
|-heal|p1a: Volcanion|50/100|[from] Grassy Terrain
|upkeep
|
|t:|1779858285
|switch|p2a: Pelipper|Pelipper, F|93/100
|-weather|RainDance|[from] ability: Drizzle|[of] p2a: Pelipper
|turn|9
|
|t:|1779858293
|switch|p1a: Slowking|Slowking-Galar, F|100/100
|move|p2a: Pelipper|U-turn|p1a: Slowking
|-damage|p1a: Slowking|91/100
|
|t:|1779858297
|switch|p2a: Predator|Overqwil, M, shiny|100/100|[from] U-turn
|
|-weather|RainDance|[upkeep]
|-heal|p1a: Slowking|97/100|[from] Grassy Terrain
|upkeep
|turn|10
|
|t:|1779858312
|switch|p1a: Great Tusk|Great Tusk|100/100
|move|p2a: Predator|Crunch|p1a: Great Tusk
|-resisted|p1a: Great Tusk
|-damage|p1a: Great Tusk|85/100
|-damage|p2a: Predator|91/100|[from] item: Life Orb
|
|-weather|RainDance|[upkeep]
|-heal|p2a: Predator|97/100|[from] Grassy Terrain
|-heal|p1a: Great Tusk|91/100|[from] Grassy Terrain
|-fieldend|move: Grassy Terrain
|upkeep
|turn|11
|
|t:|1779858326
|switch|p2a: Iron Treads|Iron Treads|41/100
|-end|p1a: Great Tusk|Protosynthesis|[silent]
|switch|p1a: Volcanion|Volcanion, tera:Fire|50/100
|
|-weather|RainDance|[upkeep]
|upkeep
|turn|12
|
|t:|1779858339
|switch|p1a: Great Tusk|Great Tusk|91/100
|move|p2a: Iron Treads|Earthquake|p1a: Great Tusk
|-damage|p1a: Great Tusk|69/100
|
|-weather|RainDance|[upkeep]
|upkeep
|turn|13
|
|t:|1779858344
|move|p2a: Iron Treads|Earthquake|p1a: Great Tusk
|-crit|p1a: Great Tusk
|-damage|p1a: Great Tusk|31/100
|move|p1a: Great Tusk|Stealth Rock|p2a: Iron Treads
|-sidestart|p2: Brooklyn Cafe|move: Stealth Rock
|
|-weather|RainDance|[upkeep]
|upkeep
|turn|14
|
|t:|1779858353
|move|p2a: Iron Treads|Rapid Spin|p1a: Great Tusk
|-damage|p1a: Great Tusk|23/100
|-boost|p2a: Iron Treads|spe|1
|-sideend|p2: Brooklyn Cafe|Stealth Rock|[from] move: Rapid Spin|[of] p2a: Iron Treads
|move|p1a: Great Tusk|Close Combat|p2a: Iron Treads
|-supereffective|p2a: Iron Treads
|-damage|p2a: Iron Treads|0 fnt
|-unboost|p1a: Great Tusk|def|1
|-unboost|p1a: Great Tusk|spd|1
|faint|p2a: Iron Treads
|-end|p2a: Iron Treads|Quark Drive|[silent]
|
|-weather|RainDance|[upkeep]
|upkeep
|
|t:|1779858356
|switch|p2a: Predator|Overqwil, M, shiny|97/100
|turn|15
|inactive|QuincyPKM has 120 seconds left.
|
|t:|1779858387
|-end|p1a: Great Tusk|Protosynthesis|[silent]
|switch|p1a: Raging Bolt|Raging Bolt|96/100
|move|p2a: Predator|Crunch|p1a: Raging Bolt
|-damage|p1a: Raging Bolt|55/100
|-damage|p2a: Predator|87/100|[from] item: Life Orb
|
|-weather|RainDance|[upkeep]
|upkeep
|turn|16
|inactive|QuincyPKM has 120 seconds left.
|
|t:|1779858404
|move|p1a: Raging Bolt|Thunderclap|p2a: Predator
|-crit|p2a: Predator
|-damage|p2a: Predator|0 fnt
|faint|p2a: Predator
|
|-weather|none
|upkeep
|
|t:|1779858411
|switch|p2a: Walking Wake|Walking Wake|100/100
|turn|17
|
|t:|1779858415
|-end|p1a: Raging Bolt|Protosynthesis|[silent]
|switch|p1a: Slowking|Slowking-Galar, F|100/100
|move|p2a: Walking Wake|Draco Meteor|p1a: Slowking
|-crit|p1a: Slowking
|-damage|p1a: Slowking|11/100
|-unboost|p2a: Walking Wake|spa|2
|
|upkeep
|turn|18
|
|t:|1779858424
|switch|p1a: Scizor|Scizor, M|94/100
|move|p2a: Walking Wake|Draco Meteor|p1a: Scizor
|-resisted|p1a: Scizor
|-damage|p1a: Scizor|65/100
|-unboost|p2a: Walking Wake|spa|2
|
|upkeep
|turn|19
|
|t:|1779858433
|-end|p2a: Walking Wake|Protosynthesis|[silent]
|switch|p2a: Pelipper|Pelipper, F|93/100
|-weather|RainDance|[from] ability: Drizzle|[of] p2a: Pelipper
|move|p1a: Scizor|Trailblaze|p2a: Pelipper
|-damage|p2a: Pelipper|63/100
|-boost|p1a: Scizor|spe|1
|
|-weather|RainDance|[upkeep]
|upkeep
|turn|20
|
|t:|1779858439
|move|p1a: Scizor|Trailblaze|p2a: Pelipper
|-damage|p2a: Pelipper|29/100
|-boost|p1a: Scizor|spe|1
|move|p2a: Pelipper|Weather Ball|p1a: Scizor
|-crit|p1a: Scizor
|-damage|p1a: Scizor|0 fnt
|faint|p1a: Scizor
|
|-weather|RainDance|[upkeep]
|upkeep
|
|t:|1779858455
|switch|p1a: Volcanion|Volcanion, tera:Fire|50/100
|turn|21
|
|t:|1779858458
|move|p1a: Volcanion|Sludge Bomb|p2a: Pelipper
|-damage|p2a: Pelipper|0 fnt
|faint|p2a: Pelipper
|
|-weather|RainDance|[upkeep]
|upkeep
|
|t:|1779858463
|switch|p2a: Regieleki|Regieleki|100/100
|turn|22
|
|t:|1779858466
|switch|p1a: Great Tusk|Great Tusk|23/100
|move|p2a: Regieleki|Swift|p1a: Great Tusk
|-damage|p1a: Great Tusk|0 fnt
|faint|p1a: Great Tusk
|-end|p1a: Great Tusk|Protosynthesis|[silent]
|
|-weather|RainDance|[upkeep]
|upkeep
|
|t:|1779858475
|switch|p1a: Slowking|Slowking-Galar, F|45/100
|turn|23
|
|t:|1779858486
|switch|p2a: Walking Wake|Walking Wake|100/100
|-prepare|p1a: Slowking|Chilly Reception|[premajor]
|move|p1a: Slowking|Chilly Reception|p1a: Slowking
|-weather|Snowscape
|
|t:|1779858500
|switch|p1a: Raging Bolt|Raging Bolt|55/100|[from] Chilly Reception
|
|-weather|Snowscape|[upkeep]
|upkeep
|turn|24
|
|t:|1779858507
|-end|p1a: Raging Bolt|Protosynthesis|[silent]
|switch|p1a: Slowking|Slowking-Galar, F|78/100
|move|p2a: Walking Wake|Draco Meteor|p1a: Slowking
|-damage|p1a: Slowking|19/100
|-unboost|p2a: Walking Wake|spa|2
|
|-weather|Snowscape|[upkeep]
|upkeep
|turn|25
|
|t:|1779858516
|switch|p1a: Raging Bolt|Raging Bolt|55/100
|move|p2a: Walking Wake|Draco Meteor|p1a: Raging Bolt
|-supereffective|p1a: Raging Bolt
|-damage|p1a: Raging Bolt|0 fnt
|-unboost|p2a: Walking Wake|spa|2
|faint|p1a: Raging Bolt
|-end|p1a: Raging Bolt|Protosynthesis|[silent]
|
|-weather|Snowscape|[upkeep]
|upkeep
|
|t:|1779858523
|switch|p1a: Volcanion|Volcanion, tera:Fire|50/100
|turn|26
|
|t:|1779858528
|move|p2a: Walking Wake|Draco Meteor|p1a: Volcanion
|-damage|p1a: Volcanion|13/100
|-unboost|p2a: Walking Wake|spa|2
|move|p1a: Volcanion|Earth Power|p2a: Walking Wake
|-damage|p2a: Walking Wake|42/100
|
|-weather|Snowscape|[upkeep]
|upkeep
|turn|27
|
|t:|1779858538
|move|p2a: Walking Wake|Draco Meteor|p1a: Volcanion
|-damage|p1a: Volcanion|0 fnt
|faint|p1a: Volcanion
|
|-weather|none
|upkeep
|
|t:|1779858540
|switch|p1a: Slowking|Slowking-Galar, F|52/100
|turn|28
|
|t:|1779858546
|-end|p2a: Walking Wake|Protosynthesis|[silent]
|switch|p2a: Regieleki|Regieleki|100/100
|move|p1a: Slowking|Future Sight|p2a: Regieleki
|-start|p1a: Slowking|move: Future Sight
|
|upkeep
|turn|29
|
|t:|1779858552
|-terastallize|p2a: Regieleki|Electric
|move|p2a: Regieleki|Thunder|p1a: Slowking|[miss]
|-miss|p2a: Regieleki|p1a: Slowking
|move|p1a: Slowking|Sludge Bomb|p2a: Regieleki
|-crit|p2a: Regieleki
|-damage|p2a: Regieleki|10/100
|
|upkeep
|turn|30
|
|t:|1779858566
|move|p2a: Regieleki|Thunder|p1a: Slowking
|-damage|p1a: Slowking|0 fnt
|faint|p1a: Slowking
|
|win|Brooklyn Cafe
|raw|QuincyPKM's rating: 1336 &rarr; <strong>1316</strong><br />(-20 for losing)
|raw|Brooklyn Cafe's rating: 1341 &rarr; <strong>1361</strong><br />(+20 for winning)
|l|☆QuincyPKM
|player|p1|
|l|☆Brooklyn Cafe
|player|p2|
