|j|☆kalen80
|j|☆alvarixxxxz
|t:|1779802681
|gametype|singles
|player|p1|kalen80|102|1200
|player|p2|alvarixxxxz|hugh|1189
|gen|9
|tier|[Gen 9] OU
|rated|
|rule|HP Percentage Mod: HP is shown in percentages
|rule|Endless Battle Clause: Forcing endless battles is banned
|rule|Species Clause: Limit one of each Pokémon
|rule|OHKO Clause: OHKO moves are banned
|rule|Evasion Items Clause: Evasion items are banned
|rule|Evasion Moves Clause: Evasion moves are banned
|rule|Evasion Abilities Clause: Evasion abilities are banned
|rule|Sleep Moves Clause: Sleep-inducing moves are banned
|clearpoke
|poke|p1|Armarouge, F|
|poke|p1|Ambipom, F|
|poke|p1|Regidrago|
|poke|p1|Dudunsparce-*, M|
|poke|p1|Cyclizar, F|
|poke|p1|Galvantula, M|
|poke|p2|Dragonite, F|
|poke|p2|Gholdengo|
|poke|p2|Great Tusk|
|poke|p2|Kingambit, M|
|poke|p2|Ogerpon-Wellspring, F|
|poke|p2|Iron Valiant|
|teampreview
|inactive|Battle timer is ON: inactive players will automatically lose when time's up. (requested by alvarixxxxz)
|
|t:|1779802692
|teamsize|p1|6
|teamsize|p2|6
|start
|switch|p1a: Ambipom|Ambipom, F|100/100
|switch|p2a: Great Tusk|Great Tusk|100/100
|turn|1
|
|t:|1779802694
|move|p1a: Ambipom|Fake Out|p2a: Great Tusk
|-damage|p2a: Great Tusk|85/100
|cant|p2a: Great Tusk|flinch
|
|-heal|p2a: Great Tusk|92/100|[from] item: Leftovers
|upkeep
|turn|2
|
|t:|1779802697
|move|p1a: Ambipom|Triple Axel|p2a: Great Tusk
|-supereffective|p2a: Great Tusk
|-damage|p2a: Great Tusk|82/100
|-supereffective|p2a: Great Tusk
|-damage|p2a: Great Tusk|65/100
|-supereffective|p2a: Great Tusk
|-damage|p2a: Great Tusk|36/100
|-hitcount|p2a: Great Tusk|3
|move|p2a: Great Tusk|Stealth Rock|p1a: Ambipom
|-sidestart|p1: kalen80|move: Stealth Rock
|
|-heal|p2a: Great Tusk|42/100|[from] item: Leftovers
|upkeep
|turn|3
|
|t:|1779802708
|move|p1a: Ambipom|Triple Axel|p2a: Great Tusk
|-supereffective|p2a: Great Tusk
|-damage|p2a: Great Tusk|33/100
|-hitcount|p2a: Great Tusk|1
|move|p2a: Great Tusk|Knock Off|p1a: Ambipom
|-damage|p1a: Ambipom|50/100
|-enditem|p1a: Ambipom|Muscle Band|[from] move: Knock Off|[of] p2a: Great Tusk
|
|-heal|p2a: Great Tusk|39/100|[from] item: Leftovers
|upkeep
|turn|4
|
|t:|1779802718
|move|p1a: Ambipom|Triple Axel|p2a: Great Tusk|[miss]
|-miss|p1a: Ambipom|p2a: Great Tusk
|move|p2a: Great Tusk|Headlong Rush|p1a: Ambipom
|-damage|p1a: Ambipom|0 fnt
|-unboost|p2a: Great Tusk|def|1
|-unboost|p2a: Great Tusk|spd|1
|faint|p1a: Ambipom
|
|-heal|p2a: Great Tusk|45/100|[from] item: Leftovers
|upkeep
|c|☆kalen80|This luck ...
|
|t:|1779802728
|switch|p1a: Cyclizar|Cyclizar, F|100/100
|turn|5
|
|t:|1779802732
|move|p1a: Cyclizar|Draco Meteor|p2a: Great Tusk
|-damage|p2a: Great Tusk|0 fnt
|-unboost|p1a: Cyclizar|spa|2
|faint|p2a: Great Tusk
|-end|p2a: Great Tusk|Protosynthesis|[silent]
|
|upkeep
|
|t:|1779802736
|switch|p2a: Dragonite|Dragonite, F|100/100
|turn|6
|
|t:|1779802742
|move|p1a: Cyclizar|Rapid Spin|p2a: Dragonite
|-damage|p2a: Dragonite|93/100
|-boost|p1a: Cyclizar|spe|1
|-sideend|p1: kalen80|Stealth Rock|[from] move: Rapid Spin|[of] p1a: Cyclizar
|move|p2a: Dragonite|Dragon Dance|p2a: Dragonite
|-boost|p2a: Dragonite|atk|1
|-boost|p2a: Dragonite|spe|1
|
|upkeep
|turn|7
|
|t:|1779802748
|-terastallize|p2a: Dragonite|Normal
|move|p1a: Cyclizar|Draco Meteor|p2a: Dragonite
|-damage|p2a: Dragonite|72/100
|-unboost|p1a: Cyclizar|spa|2
|move|p2a: Dragonite|Dragon Dance|p2a: Dragonite
|-boost|p2a: Dragonite|atk|1
|-boost|p2a: Dragonite|spe|1
|
|upkeep
|turn|8
|
|t:|1779802757
|move|p2a: Dragonite|Dragon Dance|p2a: Dragonite
|-boost|p2a: Dragonite|atk|1
|-boost|p2a: Dragonite|spe|1
|move|p1a: Cyclizar|Knock Off|p2a: Dragonite
|-damage|p2a: Dragonite|51/100
|-enditem|p2a: Dragonite|Heavy-Duty Boots|[from] move: Knock Off|[of] p1a: Cyclizar
|
|upkeep
|turn|9
|
|t:|1779802767
|move|p2a: Dragonite|Extreme Speed|p1a: Cyclizar
|-damage|p1a: Cyclizar|0 fnt
|faint|p1a: Cyclizar
|
|upkeep
|
|t:|1779802770
|switch|p1a: Dudunsparce|Dudunsparce, M|100/100
|turn|10
|
|t:|1779802774
|-terastallize|p1a: Dudunsparce|Ghost
|move|p2a: Dragonite|Earthquake|p1a: Dudunsparce
|-damage|p1a: Dudunsparce|15/100
|move|p1a: Dudunsparce|Boomburst|p2a: Dragonite
|-damage|p2a: Dragonite|0 fnt
|faint|p2a: Dragonite
|-enditem|p1a: Dudunsparce|Throat Spray
|-boost|p1a: Dudunsparce|spa|1|[from] item: Throat Spray
|
|upkeep
|
|t:|1779802785
|switch|p2a: Gholdengo|Gholdengo|100/100
|turn|11
|
|t:|1779802789
|move|p2a: Gholdengo|Shadow Ball|p1a: Dudunsparce
|-supereffective|p1a: Dudunsparce
|-damage|p1a: Dudunsparce|0 fnt
|faint|p1a: Dudunsparce
|
|upkeep
|
|t:|1779802791
|switch|p1a: Armarouge|Armarouge, F|100/100
|turn|12
|
|t:|1779802794
|move|p2a: Gholdengo|Shadow Ball|p1a: Armarouge
|-supereffective|p1a: Armarouge
|-enditem|p1a: Armarouge|Focus Sash
|-damage|p1a: Armarouge|1/100
|move|p1a: Armarouge|Armor Cannon|p2a: Gholdengo
|-supereffective|p2a: Gholdengo
|-damage|p2a: Gholdengo|0 fnt
|-unboost|p1a: Armarouge|def|1
|-unboost|p1a: Armarouge|spd|1
|faint|p2a: Gholdengo
|
|upkeep
|
|t:|1779802811
|switch|p2a: Iron Valiant|Iron Valiant|100/100
|-enditem|p2a: Iron Valiant|Booster Energy
|-activate|p2a: Iron Valiant|ability: Quark Drive|[fromitem]
|-start|p2a: Iron Valiant|quarkdrivespe
|turn|13
|
|t:|1779802822
|switch|p1a: Regidrago|Regidrago|100/100
|move|p2a: Iron Valiant|Moonblast|p1a: Regidrago
|-supereffective|p1a: Regidrago
|-damage|p1a: Regidrago|0 fnt
|faint|p1a: Regidrago
|
|upkeep
|
|t:|1779802823
|switch|p1a: Galvantula|Galvantula, M|100/100
|turn|14
|
|t:|1779802828
|move|p2a: Iron Valiant|Moonblast|p1a: Galvantula
|-damage|p1a: Galvantula|21/100
|move|p1a: Galvantula|Thunder|p2a: Iron Valiant
|-damage|p2a: Iron Valiant|13/100
|-status|p2a: Iron Valiant|par
|
|upkeep
|turn|15
|
|t:|1779802840
|move|p1a: Galvantula|Bug Buzz|p2a: Iron Valiant
|-resisted|p2a: Iron Valiant
|-damage|p2a: Iron Valiant|0 fnt
|faint|p2a: Iron Valiant
|-end|p2a: Iron Valiant|Quark Drive|[silent]
|
|upkeep
|
|t:|1779802843
|switch|p2a: Kingambit|Kingambit, M|100/100
|-activate|p2a: Kingambit|ability: Supreme Overlord
|-start|p2a: Kingambit|fallen4|[silent]
|turn|16
|inactive|kalen80 has 120 seconds left.
|l|☆kalen80
|inactive|kalen80 disconnected and has a minute to reconnect!
|player|p1|
|inactive|kalen80 has 30 seconds to reconnect!
|l|☆alvarixxxxz
|inactive|alvarixxxxz disconnected and has a minute to reconnect!
|player|p2|
|inactive|kalen80 has 20 seconds to reconnect!
|inactive|kalen80 has 15 seconds to reconnect!
|inactive|kalen80 has 10 seconds to reconnect!
|inactive|kalen80 has 5 seconds to reconnect!
|-message|kalen80 lost due to inactivity.
|
|win|alvarixxxxz
|raw|kalen80's rating: 1200 &rarr; <strong>1174</strong><br />(-26 for losing)
|raw|alvarixxxxz's rating: 1189 &rarr; <strong>1215</strong><br />(+26 for winning)
