|j|☆xabierelproasito
|j|☆plixim
|t:|1779809836
|gametype|singles
|player|p1|xabierelproasito|169|1194
|player|p2|plixim|266|1184
|gen|9
|tier|[Gen 9] OU
|rated|
|rule|HP Percentage Mod: HP is shown in percentages
|rule|Endless Battle Clause: Forcing endless battles is banned
|rule|Species Clause: Limit one of each Pokémon
|rule|OHKO Clause: OHKO moves are banned
|rule|Evasion Items Clause: Evasion items are banned
|rule|Evasion Moves Clause: Evasion moves are banned
|rule|Evasion Abilities Clause: Evasion abilities are banned
|rule|Sleep Moves Clause: Sleep-inducing moves are banned
|clearpoke
|poke|p1|Dragonite, F|
|poke|p1|Garchomp, F|
|poke|p1|Iron Moth|
|poke|p1|Kyurem|
|poke|p1|Alomomola, F|
|poke|p1|Weavile, F|
|poke|p2|Ninetales, F|
|poke|p2|Ceruledge, M|
|poke|p2|Leavanny, M|
|poke|p2|Hatterene, F|
|poke|p2|Walking Wake|
|poke|p2|Great Tusk|
|teampreview
|inactive|Battle timer is ON: inactive players will automatically lose when time's up. (requested by plixim)
|
|t:|1779809861
|teamsize|p1|6
|teamsize|p2|6
|start
|switch|p1a: Garchomp|Garchomp, F|100/100
|switch|p2a: Walking Wake|Walking Wake|100/100
|turn|1
|
|t:|1779809874
|move|p2a: Walking Wake|Hydro Steam|p1a: Garchomp
|-damage|p1a: Garchomp|54/100
|move|p1a: Garchomp|Dragon Tail|p2a: Walking Wake
|-supereffective|p2a: Walking Wake
|-damage|p2a: Walking Wake|42/100
|-end|p2a: Walking Wake|Protosynthesis|[silent]
|drag|p2a: Leavanny|Leavanny, M|100/100
|
|upkeep
|turn|2
|
|t:|1779809886
|move|p2a: Leavanny|Triple Axel|p1a: Garchomp|[miss]
|-miss|p2a: Leavanny|p1a: Garchomp
|move|p1a: Garchomp|Stealth Rock|p2a: Leavanny
|-sidestart|p2: plixim|move: Stealth Rock
|
|upkeep
|turn|3
|
|t:|1779809908
|switch|p1a: Iron Moth|Iron Moth|100/100
|-enditem|p1a: Iron Moth|Booster Energy
|-activate|p1a: Iron Moth|ability: Quark Drive|[fromitem]
|-start|p1a: Iron Moth|quarkdrivespe
|move|p2a: Leavanny|Leaf Storm|p1a: Iron Moth
|-resisted|p1a: Iron Moth
|-damage|p1a: Iron Moth|93/100
|-unboost|p2a: Leavanny|spa|2
|-enditem|p2a: Leavanny|Eject Pack
|
|t:|1779809915
|switch|p2a: Great Tusk|Great Tusk|100/100
|-damage|p2a: Great Tusk|98/100|[from] Stealth Rock
|
|upkeep
|turn|4
|
|t:|1779809931
|move|p1a: Iron Moth|Energy Ball|p2a: Great Tusk
|-supereffective|p2a: Great Tusk
|-damage|p2a: Great Tusk|40/100
|move|p2a: Great Tusk|Headlong Rush|p1a: Iron Moth
|-supereffective|p1a: Iron Moth
|-damage|p1a: Iron Moth|0 fnt
|-unboost|p2a: Great Tusk|def|1
|-unboost|p2a: Great Tusk|spd|1
|faint|p1a: Iron Moth
|-end|p1a: Iron Moth|Quark Drive|[silent]
|
|upkeep
|inactive|xabierelproasito has 120 seconds left.
|
|t:|1779809950
|switch|p1a: Kyurem|Kyurem|100/100
|-ability|p1a: Kyurem|Pressure
|turn|5
|inactive|xabierelproasito has 120 seconds left.
|
|t:|1779809969
|-end|p2a: Great Tusk|Protosynthesis|[silent]
|switch|p2a: Hatterene|Hatterene, F|100/100
|-damage|p2a: Hatterene|88/100|[from] Stealth Rock
|move|p1a: Kyurem|Freeze-Dry|p2a: Hatterene
|-crit|p2a: Hatterene
|-damage|p2a: Hatterene|0 fnt
|faint|p2a: Hatterene
|
|upkeep
|
|t:|1779809974
|switch|p2a: Great Tusk|Great Tusk|40/100
|-damage|p2a: Great Tusk|37/100|[from] Stealth Rock
|turn|6
|
|t:|1779809979
|-terastallize|p2a: Great Tusk|Fire
|move|p1a: Kyurem|Freeze-Dry|p2a: Great Tusk
|-resisted|p2a: Great Tusk
|-damage|p2a: Great Tusk|12/100
|move|p2a: Great Tusk|Rapid Spin|p1a: Kyurem
|-damage|p1a: Kyurem|83/100
|-boost|p2a: Great Tusk|spe|1
|-sideend|p2: plixim|Stealth Rock|[from] move: Rapid Spin|[of] p2a: Great Tusk
|
|upkeep
|turn|7
|inactive|plixim has 120 seconds left.
|
|t:|1779810010
|move|p2a: Great Tusk|Headlong Rush|p1a: Kyurem
|-damage|p1a: Kyurem|29/100
|-unboost|p2a: Great Tusk|def|1
|-unboost|p2a: Great Tusk|spd|1
|move|p1a: Kyurem|Freeze-Dry|p2a: Great Tusk
|-resisted|p2a: Great Tusk
|-damage|p2a: Great Tusk|0 fnt
|faint|p2a: Great Tusk
|-end|p2a: Great Tusk|Protosynthesis|[silent]
|
|upkeep
|inactive|plixim has 120 seconds left.
|
|t:|1779810016
|switch|p2a: Ceruledge|Ceruledge, M|100/100
|turn|8
|
|t:|1779810038
|move|p2a: Ceruledge|Shadow Sneak|p1a: Kyurem
|-damage|p1a: Kyurem|5/100
|move|p1a: Kyurem|Freeze-Dry|p2a: Ceruledge
|-resisted|p2a: Ceruledge
|-damage|p2a: Ceruledge|72/100
|-status|p2a: Ceruledge|frz
|
|upkeep
|turn|9
|
|t:|1779810050
|switch|p1a: Weavile|Weavile, F|100/100
|-ability|p1a: Weavile|Pressure
|cant|p2a: Ceruledge|frz
|
|upkeep
|turn|10
|
|t:|1779810063
|move|p1a: Weavile|Knock Off|p2a: Ceruledge
|-supereffective|p2a: Ceruledge
|-damage|p2a: Ceruledge|0 fnt
|-enditem|p2a: Ceruledge|Focus Sash|[from] move: Knock Off|[of] p1a: Weavile
|faint|p2a: Ceruledge
|
|upkeep
|
|t:|1779810066
|switch|p2a: Ninetales|Ninetales, F|100/100
|-weather|SunnyDay|[from] ability: Drought|[of] p2a: Ninetales
|turn|11
|
|t:|1779810074
|switch|p1a: Alomomola|Alomomola, F|100/100
|move|p2a: Ninetales|Weather Ball|p1a: Alomomola
|-resisted|p1a: Alomomola
|-damage|p1a: Alomomola|84/100
|-enditem|p1a: Alomomola|Red Card|[of] p2a: Ninetales
|drag|p2a: Walking Wake|Walking Wake|42/100
|-activate|p2a: Walking Wake|ability: Protosynthesis
|-start|p2a: Walking Wake|protosynthesisspa
|
|-weather|SunnyDay|[upkeep]
|upkeep
|turn|12
|l|☆plixim
|inactive|plixim disconnected and has a minute to reconnect!
|player|p2|
|inactive|plixim has 30 seconds to reconnect!
|inactive|plixim has 20 seconds to reconnect!
|j|☆plixim
|inactive|plixim reconnected and has 90 seconds left.
|player|p2|plixim|266|
|
|t:|1779810163
|move|p2a: Walking Wake|Dragon Pulse|p1a: Alomomola
|-damage|p1a: Alomomola|39/100
|move|p1a: Alomomola|Wish|p1a: Alomomola
|
|-weather|SunnyDay|[upkeep]
|upkeep
|turn|13
|
|t:|1779810172
|move|p1a: Alomomola|Protect|p1a: Alomomola
|-singleturn|p1a: Alomomola|Protect
|move|p2a: Walking Wake|Substitute|p2a: Walking Wake
|-start|p2a: Walking Wake|Substitute
|-damage|p2a: Walking Wake|17/100
|
|-weather|SunnyDay|[upkeep]
|-heal|p1a: Alomomola|89/100|[from] move: Wish|[wisher] Alomomola
|upkeep
|turn|14
|inactive|xabierelproasito has 120 seconds left.
|
|t:|1779810204
|move|p2a: Walking Wake|Dragon Pulse|p1a: Alomomola
|-damage|p1a: Alomomola|42/100
|move|p1a: Alomomola|Flip Turn|p2a: Walking Wake
|-resisted|p2a: Walking Wake
|-activate|p2a: Walking Wake|move: Substitute|[damage]
|inactive|xabierelproasito has 120 seconds left.
|
|t:|1779810212
|switch|p1a: Dragonite|Dragonite, F|100/100|[from] Flip Turn
|
|-weather|SunnyDay|[upkeep]
|upkeep
|turn|15
|inactive|plixim has 90 seconds left.
|
|t:|1779810219
|move|p1a: Dragonite|Extreme Speed|p2a: Walking Wake
|-end|p2a: Walking Wake|Substitute
|move|p2a: Walking Wake|Flamethrower|p1a: Dragonite
|-resisted|p1a: Dragonite
|-damage|p1a: Dragonite|84/100
|-status|p1a: Dragonite|brn
|
|-weather|SunnyDay|[upkeep]
|-damage|p1a: Dragonite|78/100 brn|[from] brn
|upkeep
|turn|16
|
|t:|1779810230
|move|p1a: Dragonite|Extreme Speed|p2a: Walking Wake
|-damage|p2a: Walking Wake|0 fnt
|faint|p2a: Walking Wake
|-end|p2a: Walking Wake|Protosynthesis|[silent]
|
|-weather|SunnyDay|[upkeep]
|-damage|p1a: Dragonite|71/100 brn|[from] brn
|upkeep
|
|t:|1779810234
|switch|p2a: Leavanny|Leavanny, M|100/100
|turn|17
|
|t:|1779810247
|switch|p1a: Kyurem|Kyurem|5/100
|-ability|p1a: Kyurem|Pressure
|move|p2a: Leavanny|Triple Axel|p1a: Kyurem
|-damage|p1a: Kyurem|0 fnt
|faint|p1a: Kyurem
|-hitcount|p1: Kyurem|1
|
|-weather|SunnyDay|[upkeep]
|upkeep
|
|t:|1779810257
|switch|p1a: Weavile|Weavile, F|100/100
|-ability|p1a: Weavile|Pressure
|turn|18
|
|t:|1779810273
|move|p2a: Leavanny|Lunge|p1a: Weavile
|-supereffective|p1a: Weavile
|-damage|p1a: Weavile|0 fnt
|faint|p1a: Weavile
|
|-weather|none
|upkeep
|inactive|xabierelproasito has 120 seconds left.
|
|t:|1779810284
|switch|p1a: Garchomp|Garchomp, F|54/100
|turn|19
|inactive|xabierelproasito has 120 seconds left.
|
|t:|1779810300
|move|p2a: Leavanny|Triple Axel|p1a: Garchomp
|-supereffective|p1a: Garchomp
|-damage|p1a: Garchomp|36/100
|-damage|p2a: Leavanny|88/100|[from] ability: Rough Skin|[of] p1a: Garchomp
|-damage|p2a: Leavanny|72/100|[from] item: Rocky Helmet|[of] p1a: Garchomp
|-supereffective|p1a: Garchomp
|-damage|p1a: Garchomp|2/100
|-damage|p2a: Leavanny|59/100|[from] ability: Rough Skin|[of] p1a: Garchomp
|-damage|p2a: Leavanny|43/100|[from] item: Rocky Helmet|[of] p1a: Garchomp
|-supereffective|p1a: Garchomp
|-damage|p1a: Garchomp|0 fnt
|-damage|p2a: Leavanny|30/100|[from] ability: Rough Skin|[of] p1a: Garchomp
|-damage|p2a: Leavanny|14/100|[from] item: Rocky Helmet|[of] p1a: Garchomp
|faint|p1a: Garchomp
|-hitcount|p1: Garchomp|3
|
|upkeep
|
|t:|1779810315
|switch|p1a: Dragonite|Dragonite, F|71/100 brn
|turn|20
|
|t:|1779810331
|switch|p2a: Ninetales|Ninetales, F|100/100
|-weather|SunnyDay|[from] ability: Drought|[of] p2a: Ninetales
|move|p1a: Dragonite|Extreme Speed|p2a: Ninetales
|-damage|p2a: Ninetales|81/100
|
|-weather|SunnyDay|[upkeep]
|-damage|p1a: Dragonite|65/100 brn|[from] brn
|upkeep
|turn|21
|inactive|xabierelproasito has 120 seconds left.
|
|t:|1779810354
|move|p2a: Ninetales|Encore|p1a: Dragonite
|-start|p1a: Dragonite|Encore
|move|p1a: Dragonite|Extreme Speed|p2a: Ninetales
|-damage|p2a: Ninetales|61/100
|
|-weather|SunnyDay|[upkeep]
|-damage|p1a: Dragonite|59/100 brn|[from] brn
|upkeep
|turn|22
|
|t:|1779810367
|move|p1a: Dragonite|Extreme Speed|p2a: Ninetales
|-damage|p2a: Ninetales|41/100
|move|p2a: Ninetales|Will-O-Wisp|p1a: Dragonite
|-fail|p1a: Dragonite|brn
|
|-weather|SunnyDay|[upkeep]
|-damage|p1a: Dragonite|53/100 brn|[from] brn
|upkeep
|turn|23
|inactive|xabierelproasito has 120 seconds left.
|
|t:|1779810375
|move|p1a: Dragonite|Extreme Speed|p2a: Ninetales
|-damage|p2a: Ninetales|24/100
|move|p2a: Ninetales|Healing Wish|p2a: Ninetales
|faint|p2a: Ninetales
|
|-weather|SunnyDay|[upkeep]
|-damage|p1a: Dragonite|47/100 brn|[from] brn
|-end|p1a: Dragonite|Encore
|upkeep
|
|t:|1779810378
|switch|p2a: Leavanny|Leavanny, M|14/100
|-heal|p2a: Leavanny|100/100|[from] move: Healing Wish
|turn|24
|inactive|xabierelproasito has 120 seconds left.
|
|t:|1779810396
|-terastallize|p1a: Dragonite|Normal
|move|p1a: Dragonite|Extreme Speed|p2a: Leavanny
|-damage|p2a: Leavanny|67/100
|move|p2a: Leavanny|Triple Axel|p1a: Dragonite
|-damage|p1a: Dragonite|40/100 brn
|-damage|p1a: Dragonite|25/100 brn
|-damage|p1a: Dragonite|5/100 brn
|-hitcount|p1a: Dragonite|3
|
|-weather|SunnyDay|[upkeep]
|-damage|p1a: Dragonite|0 fnt|[from] brn
|faint|p1a: Dragonite
|upkeep
|inactive|xabierelproasito has 120 seconds left.
|
|t:|1779810409
|switch|p1a: Alomomola|Alomomola, F|75/100
|turn|25
|
|t:|1779810417
|move|p2a: Leavanny|Leaf Storm|p1a: Alomomola
|-supereffective|p1a: Alomomola
|-damage|p1a: Alomomola|25/100
|-unboost|p2a: Leavanny|spa|2
|move|p1a: Alomomola|Wish|p1a: Alomomola
|
|-weather|SunnyDay|[upkeep]
|upkeep
|turn|26
|
|t:|1779810426
|move|p1a: Alomomola|Protect|p1a: Alomomola
|-singleturn|p1a: Alomomola|Protect
|move|p2a: Leavanny|Lunge|p1a: Alomomola
|-activate|p1a: Alomomola|move: Protect
|
|-weather|SunnyDay|[upkeep]
|-heal|p1a: Alomomola|75/100|[from] move: Wish|[wisher] Alomomola
|upkeep
|turn|27
|
|t:|1779810434
|move|p2a: Leavanny|Lunge|p1a: Alomomola
|-damage|p1a: Alomomola|44/100
|-unboost|p1a: Alomomola|atk|1
|move|p1a: Alomomola|Wish|p1a: Alomomola
|
|-weather|none
|upkeep
|turn|28
|
|t:|1779810442
|move|p1a: Alomomola|Protect|p1a: Alomomola
|-singleturn|p1a: Alomomola|Protect
|move|p2a: Leavanny|Lunge|p1a: Alomomola
|-activate|p1a: Alomomola|move: Protect
|
|-heal|p1a: Alomomola|94/100|[from] move: Wish|[wisher] Alomomola
|upkeep
|turn|29
|
|t:|1779810450
|move|p2a: Leavanny|Lunge|p1a: Alomomola
|-damage|p1a: Alomomola|64/100
|-unboost|p1a: Alomomola|atk|1
|move|p1a: Alomomola|Scald|p2a: Leavanny
|-resisted|p2a: Leavanny
|-damage|p2a: Leavanny|55/100
|-status|p2a: Leavanny|brn
|
|-damage|p2a: Leavanny|49/100 brn|[from] brn
|upkeep
|turn|30
|
|t:|1779810463
|move|p2a: Leavanny|Leaf Storm|p1a: Alomomola
|-supereffective|p1a: Alomomola
|-crit|p1a: Alomomola
|-damage|p1a: Alomomola|0 fnt
|-unboost|p2a: Leavanny|spa|2
|faint|p1a: Alomomola
|
|win|plixim
|raw|xabierelproasito's rating: 1194 &rarr; <strong>1168</strong><br />(-26 for losing)
|raw|plixim's rating: 1184 &rarr; <strong>1210</strong><br />(+26 for winning)
|c|☆xabierelproasito|wow
