|j|☆AdaptiveGoose
|j|☆apple sauce mafia
|t:|1779809071
|gametype|singles
|player|p1|AdaptiveGoose|roxie|1488
|player|p2|apple sauce mafia|jacq|1421
|gen|9
|tier|[Gen 9] OU
|rated|
|rule|HP Percentage Mod: HP is shown in percentages
|rule|Endless Battle Clause: Forcing endless battles is banned
|rule|Species Clause: Limit one of each Pokémon
|rule|OHKO Clause: OHKO moves are banned
|rule|Evasion Items Clause: Evasion items are banned
|rule|Evasion Moves Clause: Evasion moves are banned
|rule|Evasion Abilities Clause: Evasion abilities are banned
|rule|Sleep Moves Clause: Sleep-inducing moves are banned
|clearpoke
|poke|p1|Garganacl, F|
|poke|p1|Kilowattrel, F|
|poke|p1|Samurott-Hisui, F|
|poke|p1|Alomomola, M|
|poke|p1|Pecharunt|
|poke|p1|Greninja-*, M|
|poke|p2|Hawlucha, F|
|poke|p2|Samurott-Hisui, F|
|poke|p2|Rillaboom, F|
|poke|p2|Gholdengo|
|poke|p2|Kyurem|
|poke|p2|Landorus-Therian, M|
|teampreview
|
|t:|1779809086
|teamsize|p1|6
|teamsize|p2|6
|start
|switch|p1a: Kilowattrel|Kilowattrel, F|100/100
|switch|p2a: Landorus|Landorus-Therian, M|100/100
|-ability|p2a: Landorus|Intimidate|boost
|-unboost|p1a: Kilowattrel|atk|1
|turn|1
|
|t:|1779809094
|switch|p1a: Alomomola|Alomomola, M, shiny|100/100
|move|p2a: Landorus|Stealth Rock|p1a: Alomomola
|-sidestart|p1: AdaptiveGoose|move: Stealth Rock
|
|upkeep
|turn|2
|
|t:|1779809098
|move|p2a: Landorus|Taunt|p1a: Alomomola
|-start|p1a: Alomomola|move: Taunt
|move|p1a: Alomomola|Scald|p2a: Landorus
|-supereffective|p2a: Landorus
|-damage|p2a: Landorus|73/100
|-status|p2a: Landorus|brn
|
|-damage|p2a: Landorus|67/100 brn|[from] brn
|upkeep
|turn|3
|
|t:|1779809102
|move|p2a: Landorus|U-turn|p1a: Alomomola
|-damage|p1a: Alomomola|95/100
|
|t:|1779809107
|switch|p2a: Rillaboom|Rillaboom, F|100/100|[from] U-turn
|-fieldstart|move: Grassy Terrain|[from] ability: Grassy Surge|[of] p2a: Rillaboom
|move|p1a: Alomomola|Flip Turn|p2a: Rillaboom
|-resisted|p2a: Rillaboom
|-damage|p2a: Rillaboom|93/100
|
|t:|1779809119
|switch|p1a: Pecharunt|Pecharunt|100/100|[from] Flip Turn
|-damage|p1a: Pecharunt|88/100|[from] Stealth Rock
|-item|p1a: Pecharunt|Air Balloon
|
|-heal|p2a: Rillaboom|99/100|[from] Grassy Terrain
|upkeep
|turn|4
|
|t:|1779809124
|move|p2a: Rillaboom|U-turn|p1a: Pecharunt
|-resisted|p1a: Pecharunt
|-damage|p1a: Pecharunt|83/100
|-enditem|p1a: Pecharunt|Air Balloon
|
|t:|1779809128
|switch|p2a: Landorus|Landorus-Therian, M|67/100 brn|[from] U-turn
|-ability|p2a: Landorus|Intimidate|boost
|-unboost|p1a: Pecharunt|atk|1
|move|p1a: Pecharunt|Toxic||[still]
|-fail|p1a: Pecharunt
|
|-heal|p1a: Pecharunt|89/100|[from] Grassy Terrain
|-damage|p2a: Landorus|61/100 brn|[from] brn
|upkeep
|turn|5
|
|t:|1779809133
|move|p2a: Landorus|Earth Power|p1a: Pecharunt
|-supereffective|p1a: Pecharunt
|-damage|p1a: Pecharunt|21/100
|move|p1a: Pecharunt|Hex|p2a: Landorus
|-damage|p2a: Landorus|20/100 brn
|
|-heal|p1a: Pecharunt|27/100|[from] Grassy Terrain
|-damage|p2a: Landorus|14/100 brn|[from] brn
|upkeep
|turn|6
|
|t:|1779809139
|switch|p1a: Kilowattrel|Kilowattrel, F|100/100
|-damage|p1a: Kilowattrel|76/100|[from] Stealth Rock
|move|p2a: Landorus|U-turn|p1a: Kilowattrel
|-resisted|p1a: Kilowattrel
|-crit|p1a: Kilowattrel
|-damage|p1a: Kilowattrel|61/100
|
|t:|1779809151
|switch|p2a: Gholdengo|Gholdengo|100/100|[from] U-turn
|
|upkeep
|turn|7
|
|t:|1779809165
|move|p2a: Gholdengo|Shadow Ball|p1a: Kilowattrel
|-damage|p1a: Kilowattrel|0 fnt
|faint|p1a: Kilowattrel
|
|-fieldend|move: Grassy Terrain
|upkeep
|
|t:|1779809168
|switch|p1a: Greninja|Greninja, M|100/100
|-damage|p1a: Greninja|88/100|[from] Stealth Rock
|turn|8
|
|t:|1779809180
|switch|p2a: Rillaboom|Rillaboom, F|99/100
|-fieldstart|move: Grassy Terrain|[from] ability: Grassy Surge|[of] p2a: Rillaboom
|move|p1a: Greninja|Dark Pulse|p2a: Rillaboom
|-start|p1a: Greninja|typechange|Dark|[from] ability: Protean
|-damage|p2a: Rillaboom|32/100
|
|-heal|p1a: Greninja|94/100|[from] Grassy Terrain
|-heal|p2a: Rillaboom|38/100|[from] Grassy Terrain
|upkeep
|turn|9
|
|t:|1779809190
|move|p2a: Rillaboom|Grassy Glide|p1a: Greninja
|-damage|p1a: Greninja|0 fnt
|faint|p1a: Greninja
|
|-heal|p2a: Rillaboom|45/100|[from] Grassy Terrain
|upkeep
|
|t:|1779809200
|switch|p1a: Alomomola|Alomomola, M, shiny|100/100
|turn|10
|
|t:|1779809205
|-terastallize|p1a: Alomomola|Dragon
|move|p2a: Rillaboom|Grassy Glide|p1a: Alomomola
|-resisted|p1a: Alomomola
|-damage|p1a: Alomomola|85/100
|move|p1a: Alomomola|Wish|p1a: Alomomola
|
|-heal|p2a: Rillaboom|51/100|[from] Grassy Terrain
|-heal|p1a: Alomomola|92/100|[from] Grassy Terrain
|upkeep
|turn|11
|
|t:|1779809213
|switch|p2a: Samurott|Samurott-Hisui, F|100/100
|move|p1a: Alomomola|Flip Turn|p2a: Samurott
|-resisted|p2a: Samurott
|-damage|p2a: Samurott|92/100
|
|t:|1779809216
|switch|p1a: Pecharunt|Pecharunt|27/100|[from] Flip Turn
|-damage|p1a: Pecharunt|15/100|[from] Stealth Rock
|
|-heal|p1a: Pecharunt|85/100|[from] move: Wish|[wisher] Alomomola
|-heal|p2a: Samurott|98/100|[from] Grassy Terrain
|-heal|p1a: Pecharunt|91/100|[from] Grassy Terrain
|upkeep
|turn|12
|
|t:|1779809219
|move|p2a: Samurott|Ceaseless Edge|p1a: Pecharunt
|-supereffective|p1a: Pecharunt
|-damage|p1a: Pecharunt|54/100
|-sidestart|p1: AdaptiveGoose|Spikes
|move|p1a: Pecharunt|Toxic|p2a: Samurott
|-status|p2a: Samurott|tox
|-start|p2a: Samurott|confusion|[from] ability: Poison Puppeteer|[of] p1a: Pecharunt
|
|-heal|p2a: Samurott|100/100 tox|[from] Grassy Terrain
|-heal|p1a: Pecharunt|60/100|[from] Grassy Terrain
|-damage|p2a: Samurott|94/100 tox|[from] psn
|-fieldend|move: Grassy Terrain
|upkeep
|turn|13
|
|t:|1779809224
|-activate|p2a: Samurott|confusion
|move|p2a: Samurott|Ceaseless Edge|p1a: Pecharunt|[miss]
|-miss|p2a: Samurott|p1a: Pecharunt
|move|p1a: Pecharunt|Hex|p2a: Samurott
|-resisted|p2a: Samurott
|-damage|p2a: Samurott|82/100 tox
|
|-damage|p2a: Samurott|70/100 tox|[from] psn
|upkeep
|turn|14
|
|t:|1779809227
|-end|p2a: Samurott|confusion
|move|p2a: Samurott|Ceaseless Edge|p1a: Pecharunt
|-supereffective|p1a: Pecharunt
|-damage|p1a: Pecharunt|22/100
|-sidestart|p1: AdaptiveGoose|Spikes
|move|p1a: Pecharunt|Recover|p1a: Pecharunt
|-heal|p1a: Pecharunt|72/100
|
|-damage|p2a: Samurott|51/100 tox|[from] psn
|upkeep
|turn|15
|
|t:|1779809233
|move|p2a: Samurott|Ceaseless Edge|p1a: Pecharunt
|-supereffective|p1a: Pecharunt
|-damage|p1a: Pecharunt|33/100
|-sidestart|p1: AdaptiveGoose|Spikes
|move|p1a: Pecharunt|Recover|p1a: Pecharunt
|-heal|p1a: Pecharunt|83/100
|
|-damage|p2a: Samurott|27/100 tox|[from] psn
|upkeep
|turn|16
|
|t:|1779809238
|switch|p2a: Rillaboom|Rillaboom, F|51/100
|-fieldstart|move: Grassy Terrain|[from] ability: Grassy Surge|[of] p2a: Rillaboom
|move|p1a: Pecharunt|Recover|p1a: Pecharunt
|-heal|p1a: Pecharunt|100/100
|
|-heal|p2a: Rillaboom|57/100|[from] Grassy Terrain
|upkeep
|turn|17
|
|t:|1779809242
|move|p2a: Rillaboom|U-turn|p1a: Pecharunt
|-resisted|p1a: Pecharunt
|-damage|p1a: Pecharunt|96/100
|
|t:|1779809244
|switch|p2a: Landorus|Landorus-Therian, M|14/100 brn|[from] U-turn
|-ability|p2a: Landorus|Intimidate|boost
|-unboost|p1a: Pecharunt|atk|1
|move|p1a: Pecharunt|Toxic||[still]
|-fail|p1a: Pecharunt
|
|-heal|p1a: Pecharunt|100/100|[from] Grassy Terrain
|-damage|p2a: Landorus|8/100 brn|[from] brn
|upkeep
|turn|18
|
|t:|1779809252
|switch|p1a: Alomomola|Alomomola, M, shiny, tera:Dragon|100/100
|move|p2a: Landorus|Earth Power|p1a: Alomomola
|-damage|p1a: Alomomola|62/100
|
|-heal|p1a: Alomomola|68/100|[from] Grassy Terrain
|-damage|p2a: Landorus|2/100 brn|[from] brn
|upkeep
|turn|19
|
|t:|1779809256
|move|p2a: Landorus|Taunt|p1a: Alomomola
|-start|p1a: Alomomola|move: Taunt
|cant|p1a: Alomomola|move: Taunt|Wish
|
|-heal|p1a: Alomomola|74/100|[from] Grassy Terrain
|-damage|p2a: Landorus|0 fnt|[from] brn
|faint|p2a: Landorus
|upkeep
|
|t:|1779809258
|switch|p2a: Kyurem|Kyurem|100/100
|-ability|p2a: Kyurem|Pressure
|turn|20
|
|t:|1779809261
|move|p2a: Kyurem|Freeze-Dry|p1a: Alomomola
|-supereffective|p1a: Alomomola
|-damage|p1a: Alomomola|0 fnt
|faint|p1a: Alomomola
|
|-fieldend|move: Grassy Terrain
|upkeep
|
|t:|1779809270
|switch|p1a: Samurott|Samurott-Hisui, F|100/100
|-damage|p1a: Samurott|88/100|[from] Stealth Rock
|-damage|p1a: Samurott|63/100|[from] Spikes
|turn|21
|
|t:|1779809276
|move|p1a: Samurott|Ceaseless Edge|p2a: Kyurem
|-damage|p2a: Kyurem|58/100
|-sidestart|p2: apple sauce mafia|Spikes
|move|p2a: Kyurem|Focus Blast|p1a: Samurott
|-supereffective|p1a: Samurott
|-damage|p1a: Samurott|0 fnt
|faint|p1a: Samurott
|
|upkeep
|
|t:|1779809283
|switch|p1a: Pecharunt|Pecharunt|100/100
|-damage|p1a: Pecharunt|88/100|[from] Stealth Rock
|-damage|p1a: Pecharunt|63/100|[from] Spikes
|turn|22
|
|t:|1779809293
|move|p2a: Kyurem|Earth Power|p1a: Pecharunt
|-supereffective|p1a: Pecharunt
|-damage|p1a: Pecharunt|0 fnt
|faint|p1a: Pecharunt
|
|upkeep
|-message|AdaptiveGoose forfeited.
|
|win|apple sauce mafia
|raw|AdaptiveGoose's rating: 1488 &rarr; <strong>1464</strong><br />(-24 for losing)
|raw|apple sauce mafia's rating: 1421 &rarr; <strong>1445</strong><br />(+24 for winning)
|l|☆AdaptiveGoose
|player|p1|
|l|☆apple sauce mafia
|player|p2|
