|j|☆the 2nd clawming
|j|‽aaagislash
|t:|1779874120
|gametype|singles
|player|p1|the 2nd clawming|az-lza|1591
|player|p2|aaagislash|266|1718
|gen|9
|tier|[Gen 9] OU
|rated|
|rule|HP Percentage Mod: HP is shown in percentages
|rule|Endless Battle Clause: Forcing endless battles is banned
|rule|Species Clause: Limit one of each Pokémon
|rule|OHKO Clause: OHKO moves are banned
|rule|Evasion Items Clause: Evasion items are banned
|rule|Evasion Moves Clause: Evasion moves are banned
|rule|Evasion Abilities Clause: Evasion abilities are banned
|rule|Sleep Moves Clause: Sleep-inducing moves are banned
|clearpoke
|poke|p1|Ninetales, M|
|poke|p1|Scovillain, M|
|poke|p1|Walking Wake|
|poke|p1|Great Tusk|
|poke|p1|Mandibuzz, F|
|poke|p1|Tinkaton, F|
|poke|p2|Yanmega, M|
|poke|p2|Moltres|
|poke|p2|Great Tusk|
|poke|p2|Primarina, M|
|poke|p2|Landorus-Therian, M|
|poke|p2|Meowscarada, M|
|teampreview
|inactive|Battle timer is ON: inactive players will automatically lose when time's up. (requested by the 2nd clawming)
|inactive|aaagislash has 120 seconds left.
|
|t:|1779874156
|teamsize|p1|6
|teamsize|p2|6
|start
|switch|p1a: Ninetales|Ninetales, M|100/100
|switch|p2a: Landorus|Landorus-Therian, M|100/100
|-weather|SunnyDay|[from] ability: Drought|[of] p1a: Ninetales
|-ability|p2a: Landorus|Intimidate|boost
|-unboost|p1a: Ninetales|atk|1
|turn|1
|
|t:|1779874162
|switch|p1a: Tinkaton|Tinkaton, F|100/100
|-ability|p1a: Tinkaton|Mold Breaker
|-item|p1a: Tinkaton|Air Balloon
|move|p2a: Landorus|Fling|p1a: Tinkaton
|-resisted|p1a: Tinkaton
|-damage|p1a: Tinkaton|94/100
|-status|p1a: Tinkaton|par
|-enditem|p1a: Tinkaton|Air Balloon
|-enditem|p2a: Landorus|Light Ball|[from] move: Fling
|
|-weather|SunnyDay|[upkeep]
|upkeep
|turn|2
|
|t:|1779874169
|switch|p1a: Mandibuzz|Mandibuzz, F|100/100
|move|p2a: Landorus|Taunt|p1a: Mandibuzz
|-start|p1a: Mandibuzz|move: Taunt
|
|-weather|SunnyDay|[upkeep]
|upkeep
|turn|3
|
|t:|1779874173
|move|p2a: Landorus|Stealth Rock|p1a: Mandibuzz
|-sidestart|p1: the 2nd clawming|move: Stealth Rock
|move|p1a: Mandibuzz|Foul Play|p2a: Landorus
|-damage|p2a: Landorus|45/100
|
|-weather|SunnyDay|[upkeep]
|upkeep
|turn|4
|
|t:|1779874189
|switch|p2a: Moltres|Moltres|100/100
|move|p1a: Mandibuzz|Foul Play|p2a: Moltres
|-damage|p2a: Moltres|73/100
|
|-weather|SunnyDay|[upkeep]
|-end|p1a: Mandibuzz|move: Taunt
|upkeep
|turn|5
|
|t:|1779874198
|switch|p1a: Walking Wake|Walking Wake|100/100
|-damage|p1a: Walking Wake|88/100|[from] Stealth Rock
|-activate|p1a: Walking Wake|ability: Protosynthesis
|-start|p1a: Walking Wake|protosynthesisspe
|move|p2a: Moltres|Flamethrower|p1a: Walking Wake
|-resisted|p1a: Walking Wake
|-damage|p1a: Walking Wake|63/100
|-damage|p2a: Moltres|63/100|[from] item: Life Orb
|
|-weather|SunnyDay|[upkeep]
|upkeep
|turn|6
|
|t:|1779874207
|switch|p2a: Landorus|Landorus-Therian, M|45/100
|-ability|p2a: Landorus|Intimidate|boost
|-unboost|p1a: Walking Wake|atk|1
|move|p1a: Walking Wake|Flip Turn|p2a: Landorus
|-supereffective|p2a: Landorus
|-damage|p2a: Landorus|29/100
|-damage|p1a: Walking Wake|53/100|[from] item: Life Orb
|
|t:|1779874218
|-end|p1a: Walking Wake|Protosynthesis|[silent]
|switch|p1a: Great Tusk|Great Tusk|100/100|[from] Flip Turn
|-activate|p1a: Great Tusk|ability: Protosynthesis
|-start|p1a: Great Tusk|protosynthesisatk
|
|-weather|SunnyDay|[upkeep]
|upkeep
|turn|7
|
|t:|1779874227
|move|p2a: Landorus|Earthquake|p1a: Great Tusk
|-damage|p1a: Great Tusk|62/100
|move|p1a: Great Tusk|Rapid Spin|p2a: Landorus
|-damage|p2a: Landorus|5/100
|-boost|p1a: Great Tusk|spe|1
|-sideend|p1: the 2nd clawming|Stealth Rock|[from] move: Rapid Spin|[of] p1a: Great Tusk
|
|-weather|SunnyDay|[upkeep]
|upkeep
|turn|8
|
|t:|1779874236
|move|p1a: Great Tusk|Rapid Spin|p2a: Landorus
|-damage|p2a: Landorus|0 fnt
|-boost|p1a: Great Tusk|spe|1
|faint|p2a: Landorus
|
|-weather|none
|-end|p1a: Great Tusk|Protosynthesis
|upkeep
|
|t:|1779874251
|switch|p2a: Great Tusk|Great Tusk|100/100
|-enditem|p2a: Great Tusk|Booster Energy
|-activate|p2a: Great Tusk|ability: Protosynthesis|[fromitem]
|-start|p2a: Great Tusk|protosynthesisatk
|turn|9
|
|t:|1779874258
|move|p1a: Great Tusk|Ice Spinner|p2a: Great Tusk
|-supereffective|p2a: Great Tusk
|-damage|p2a: Great Tusk|62/100
|move|p2a: Great Tusk|Close Combat|p1a: Great Tusk
|-damage|p1a: Great Tusk|1/100
|-unboost|p2a: Great Tusk|def|1
|-unboost|p2a: Great Tusk|spd|1
|
|upkeep
|turn|10
|inactive|the 2nd clawming has 120 seconds left.
|inactive|aaagislash has 120 seconds left.
|inactive|the 2nd clawming has 90 seconds left.
|
|t:|1779874328
|-end|p2a: Great Tusk|Protosynthesis|[silent]
|switch|p2a: Moltres|Moltres|63/100
|-terastallize|p1a: Great Tusk|Ice
|move|p1a: Great Tusk|Ice Spinner|p2a: Moltres
|-damage|p2a: Moltres|15/100
|-status|p1a: Great Tusk|brn|[from] ability: Flame Body|[of] p2a: Moltres
|
|-damage|p1a: Great Tusk|0 fnt|[from] brn
|faint|p1a: Great Tusk
|-end|p1a: Great Tusk|Protosynthesis|[silent]
|upkeep
|
|t:|1779874336
|switch|p1a: Ninetales|Ninetales, M|100/100
|-weather|SunnyDay|[from] ability: Drought|[of] p1a: Ninetales
|turn|11
|
|t:|1779874340
|move|p1a: Ninetales|Overheat|p2a: Moltres
|-resisted|p2a: Moltres
|-damage|p2a: Moltres|0 fnt
|-unboost|p1a: Ninetales|spa|2
|faint|p2a: Moltres
|
|-weather|SunnyDay|[upkeep]
|upkeep
|
|t:|1779874343
|switch|p2a: Meowscarada|Meowscarada, M|100/100
|turn|12
|
|t:|1779874347
|switch|p1a: Tinkaton|Tinkaton, F|94/100 par
|-ability|p1a: Tinkaton|Mold Breaker
|move|p2a: Meowscarada|Power Gem|p1a: Tinkaton
|-start|p2a: Meowscarada|typechange|Rock|[from] ability: Protean
|-resisted|p1a: Tinkaton
|-damage|p1a: Tinkaton|81/100 par
|
|-weather|SunnyDay|[upkeep]
|upkeep
|turn|13
|j| samurajen
|
|t:|1779874363
|move|p2a: Meowscarada|Spikes|p1a: Tinkaton
|-sidestart|p1: the 2nd clawming|Spikes
|cant|p1a: Tinkaton|par
|
|-weather|SunnyDay|[upkeep]
|upkeep
|turn|14
|
|t:|1779874366
|switch|p2a: Great Tusk|Great Tusk|62/100
|-activate|p2a: Great Tusk|ability: Protosynthesis
|-start|p2a: Great Tusk|protosynthesisatk
|move|p1a: Tinkaton|Gigaton Hammer|p2a: Great Tusk
|-damage|p2a: Great Tusk|31/100
|
|-weather|SunnyDay|[upkeep]
|upkeep
|turn|15
|
|t:|1779874370
|switch|p1a: Mandibuzz|Mandibuzz, F|100/100
|move|p2a: Great Tusk|Close Combat|p1a: Mandibuzz
|-damage|p1a: Mandibuzz|58/100
|-unboost|p2a: Great Tusk|def|1
|-unboost|p2a: Great Tusk|spd|1
|
|-weather|SunnyDay|[upkeep]
|upkeep
|turn|16
|
|t:|1779874377
|move|p2a: Great Tusk|Close Combat|p1a: Mandibuzz
|-damage|p1a: Mandibuzz|11/100
|-unboost|p2a: Great Tusk|def|1
|-unboost|p2a: Great Tusk|spd|1
|move|p1a: Mandibuzz|U-turn|p2a: Great Tusk
|-resisted|p2a: Great Tusk
|-damage|p2a: Great Tusk|23/100
|
|t:|1779874380
|switch|p1a: Escanor|Scovillain, M|100/100|[from] U-turn
|-damage|p1a: Escanor|88/100|[from] Spikes
|
|-weather|SunnyDay|[upkeep]
|upkeep
|turn|17
|
|t:|1779874384
|move|p1a: Escanor|Flamethrower|p2a: Great Tusk
|-damage|p2a: Great Tusk|0 fnt
|faint|p2a: Great Tusk
|-end|p2a: Great Tusk|Protosynthesis|[silent]
|
|-weather|SunnyDay|[upkeep]
|upkeep
|
|t:|1779874391
|switch|p2a: Yanmega|Yanmega, M|100/100
|turn|18
|
|t:|1779874401
|switch|p1a: Tinkaton|Tinkaton, F|81/100 par
|-damage|p1a: Tinkaton|69/100 par|[from] Spikes
|-ability|p1a: Tinkaton|Mold Breaker
|move|p2a: Yanmega|Protect||[still]
|-fail|p2a: Yanmega
|
|-weather|none
|-ability|p2a: Yanmega|Speed Boost|boost
|-boost|p2a: Yanmega|spe|1
|upkeep
|turn|19
|
|t:|1779874412
|switch|p2a: Meowscarada|Meowscarada, M|100/100
|move|p1a: Tinkaton|Thunder Wave|p2a: Meowscarada
|-status|p2a: Meowscarada|par
|
|upkeep
|turn|20
|
|t:|1779874415
|move|p2a: Meowscarada|Spikes|p1a: Tinkaton
|-start|p2a: Meowscarada|typechange|Ground|[from] ability: Protean
|-sidestart|p1: the 2nd clawming|Spikes
|move|p1a: Tinkaton|Stealth Rock|p2a: Meowscarada
|-sidestart|p2: aaagislash|move: Stealth Rock
|
|upkeep
|turn|21
|
|t:|1779874428
|switch|p1a: Ninetales|Ninetales, M|100/100
|-damage|p1a: Ninetales|84/100|[from] Spikes
|-weather|SunnyDay|[from] ability: Drought|[of] p1a: Ninetales
|move|p2a: Meowscarada|Spikes|p1a: Ninetales
|-sidestart|p1: the 2nd clawming|Spikes
|
|-weather|SunnyDay|[upkeep]
|upkeep
|turn|22
|
|t:|1779874437
|move|p1a: Ninetales|Overheat|p2a: Meowscarada
|-crit|p2a: Meowscarada
|-damage|p2a: Meowscarada|0 fnt
|-unboost|p1a: Ninetales|spa|2
|faint|p2a: Meowscarada
|
|-weather|SunnyDay|[upkeep]
|upkeep
|
|t:|1779874459
|switch|p2a: Primarina|Primarina, M|100/100
|-damage|p2a: Primarina|88/100|[from] Stealth Rock
|turn|23
|
|t:|1779874472
|move|p1a: Ninetales|Will-O-Wisp|p2a: Primarina
|-status|p2a: Primarina|brn
|move|p2a: Primarina|Shadow Ball|p1a: Ninetales
|-damage|p1a: Ninetales|46/100
|
|-weather|SunnyDay|[upkeep]
|-damage|p2a: Primarina|82/100 brn|[from] brn
|upkeep
|turn|24
|
|t:|1779874481
|move|p1a: Ninetales|Healing Wish|p1a: Ninetales
|faint|p1a: Ninetales
|move|p2a: Primarina|Shadow Ball|p1: Ninetales|[notarget]
|-fail|p2a: Primarina
|
|-weather|SunnyDay|[upkeep]
|-damage|p2a: Primarina|76/100 brn|[from] brn
|upkeep
|
|t:|1779874490
|switch|p1a: Escanor|Scovillain, M|88/100
|-heal|p1a: Escanor|100/100|[from] move: Healing Wish
|-damage|p1a: Escanor|76/100|[from] Spikes
|turn|25
|
|t:|1779874513
|-terastallize|p2a: Primarina|Ghost
|move|p1a: Escanor|Solar Beam||[still]
|-prepare|p1a: Escanor|Solar Beam
|-anim|p1a: Escanor|Solar Beam|p2a: Primarina
|-damage|p2a: Primarina|35/100 brn
|move|p2a: Primarina|Shadow Ball|p1a: Escanor
|-damage|p1a: Escanor|0 fnt
|faint|p1a: Escanor
|
|-weather|SunnyDay|[upkeep]
|-damage|p2a: Primarina|29/100 brn|[from] brn
|upkeep
|
|t:|1779874517
|switch|p1a: Walking Wake|Walking Wake|53/100
|-damage|p1a: Walking Wake|28/100|[from] Spikes
|-activate|p1a: Walking Wake|ability: Protosynthesis
|-start|p1a: Walking Wake|protosynthesisspe
|turn|26
|
|t:|1779874523
|move|p1a: Walking Wake|Hydro Steam|p2a: Primarina
|-crit|p2a: Primarina
|-damage|p2a: Primarina|0 fnt
|faint|p2a: Primarina
|-damage|p1a: Walking Wake|18/100|[from] item: Life Orb
|
|-weather|SunnyDay|[upkeep]
|upkeep
|
|t:|1779874526
|switch|p2a: Yanmega|Yanmega, M|100/100
|-damage|p2a: Yanmega|51/100|[from] Stealth Rock
|turn|27
|
|t:|1779874531
|move|p2a: Yanmega|Protect|p2a: Yanmega
|-singleturn|p2a: Yanmega|Protect
|move|p1a: Walking Wake|Hydro Steam|p2a: Yanmega
|-activate|p2a: Yanmega|move: Protect
|
|-weather|SunnyDay|[upkeep]
|-ability|p2a: Yanmega|Speed Boost|boost
|-boost|p2a: Yanmega|spe|1
|upkeep
|turn|28
|
|t:|1779874533
|move|p2a: Yanmega|Protect||[still]
|-fail|p2a: Yanmega
|move|p1a: Walking Wake|Hydro Steam|p2a: Yanmega
|-damage|p2a: Yanmega|0 fnt
|faint|p2a: Yanmega
|-damage|p1a: Walking Wake|9/100|[from] item: Life Orb
|
|win|the 2nd clawming
|raw|the 2nd clawming's rating: 1591 &rarr; <strong>1618</strong><br />(+27 for winning)
|raw|aaagislash's rating: 1718 &rarr; <strong>1691</strong><br />(-27 for losing)
|l|‽aaagislash
|player|p2|
|l|☆the 2nd clawming
|player|p1|
