|j|☆Aariceus
|j|☆ggs stall!
|t:|1779924557
|gametype|singles
|player|p1|Aariceus|kiawe|1256
|player|p2|ggs stall!|alain|1263
|gen|9
|tier|[Gen 9] OU
|rated|
|rule|HP Percentage Mod: HP is shown in percentages
|rule|Endless Battle Clause: Forcing endless battles is banned
|rule|Species Clause: Limit one of each Pokémon
|rule|OHKO Clause: OHKO moves are banned
|rule|Evasion Items Clause: Evasion items are banned
|rule|Evasion Moves Clause: Evasion moves are banned
|rule|Evasion Abilities Clause: Evasion abilities are banned
|rule|Sleep Moves Clause: Sleep-inducing moves are banned
|clearpoke
|poke|p1|Scrafty, F|
|poke|p1|Slowbro-Galar, F|
|poke|p1|Maushold-Four|
|poke|p1|Gliscor, F|
|poke|p1|Comfey, M|
|poke|p1|Clodsire, F|
|poke|p2|Hoopa|
|poke|p2|Cinderace, F|
|poke|p2|Mandibuzz, F|
|poke|p2|Kyurem|
|poke|p2|Ting-Lu|
|poke|p2|Manaphy|
|teampreview
|inactive|Battle timer is ON: inactive players will automatically lose when time's up. (requested by Aariceus)
|inactive|ggs stall! also wants the timer to be on.
|
|t:|1779924567
|teamsize|p1|6
|teamsize|p2|6
|start
|switch|p1a: Clodsire|Clodsire, F|100/100
|switch|p2a: Cinderace|Cinderace, F|100/100
|turn|1
|
|t:|1779924572
|move|p2a: Cinderace|Pyro Ball|p1a: Clodsire
|-damage|p1a: Clodsire|22/100
|move|p1a: Clodsire|Toxic|p2a: Cinderace
|-status|p2a: Cinderace|tox
|
|-heal|p1a: Clodsire|29/100|[from] item: Leftovers
|-damage|p2a: Cinderace|95/100 tox|[from] psn
|upkeep
|turn|2
|
|t:|1779924585
|switch|p2a: Manaphy|Manaphy|100/100
|switch|p1a: Slowbro|Slowbro-Galar, F|100/100
|
|upkeep
|turn|3
|
|t:|1779924593
|move|p2a: Manaphy|Take Heart|p2a: Manaphy
|-boost|p2a: Manaphy|spa|1
|-boost|p2a: Manaphy|spd|1
|move|p1a: Slowbro|Toxic|p2a: Manaphy
|-status|p2a: Manaphy|tox
|
|-damage|p2a: Manaphy|94/100 tox|[from] psn
|upkeep
|turn|4
|
|t:|1779924607
|move|p2a: Manaphy|Tail Glow|p2a: Manaphy
|-boost|p2a: Manaphy|spa|3
|move|p1a: Slowbro|Shell Side Arm|p2a: Manaphy|[anim] Shell Side Arm Physical
|-damage|p2a: Manaphy|67/100 tox
|-hint|Physical Shell Side Arm
|
|-heal|p2a: Manaphy|73/100 tox|[from] item: Leftovers
|-damage|p2a: Manaphy|60/100 tox|[from] psn
|upkeep
|turn|5
|
|t:|1779924616
|move|p2a: Manaphy|Scald|p1a: Slowbro
|-damage|p1a: Slowbro|10/100
|move|p1a: Slowbro|Shell Side Arm|p2a: Manaphy|[anim] Shell Side Arm Physical
|-damage|p2a: Manaphy|33/100 tox
|-hint|Physical Shell Side Arm
|
|-heal|p2a: Manaphy|40/100 tox|[from] item: Leftovers
|-damage|p2a: Manaphy|21/100 tox|[from] psn
|upkeep
|turn|6
|
|t:|1779924628
|switch|p1a: Clodsire|Clodsire, F|29/100
|move|p2a: Manaphy|Scald|p1a: Clodsire
|-heal|p1a: Clodsire|54/100|[from] ability: Water Absorb|[of] p2a: Manaphy
|
|-heal|p2a: Manaphy|27/100 tox|[from] item: Leftovers
|-heal|p1a: Clodsire|60/100|[from] item: Leftovers
|-damage|p2a: Manaphy|2/100 tox|[from] psn
|upkeep
|turn|7
|c|☆ggs stall!|Clodsire water absorb? No unaware
|c|☆ggs stall!|lol
|inactive|Aariceus has 120 seconds left.
|c|☆Aariceus|i was unaware i did that :)
|
|t:|1779924668
|switch|p1a: Comfey|Comfey, M|100/100
|move|p2a: Manaphy|Alluring Voice|p1a: Comfey
|-damage|p1a: Comfey|43/100
|
|-heal|p2a: Manaphy|9/100 tox|[from] item: Leftovers
|-heal|p1a: Comfey|49/100|[from] item: Leftovers
|-damage|p2a: Manaphy|0 fnt|[from] psn
|faint|p2a: Manaphy
|upkeep
|
|t:|1779924680
|switch|p2a: Cinderace|Cinderace, F|95/100 tox
|turn|8
|inactive|Aariceus has 120 seconds left.
|
|t:|1779924695
|move|p1a: Comfey|Draining Kiss|p2a: Cinderace
|-resisted|p2a: Cinderace
|-damage|p2a: Cinderace|81/100 tox
|-heal|p1a: Comfey|59/100|[from] drain|[of] p2a: Cinderace
|move|p2a: Cinderace|Pyro Ball|p1a: Comfey
|-damage|p1a: Comfey|0 fnt
|faint|p1a: Comfey
|
|-damage|p2a: Cinderace|75/100 tox|[from] psn
|upkeep
|
|t:|1779924702
|switch|p1a: Gliscor|Gliscor, F|100/100
|turn|9
|
|t:|1779924715
|switch|p2a: Ting-Lu|Ting-Lu|100/100
|-ability|p2a: Ting-Lu|Vessel of Ruin
|move|p1a: Gliscor|Protect||[still]
|-fail|p1a: Gliscor
|
|-status|p1a: Gliscor|tox|[from] item: Toxic Orb
|upkeep
|turn|10
|
|t:|1779924722
|move|p1a: Gliscor|Swords Dance|p1a: Gliscor
|-boost|p1a: Gliscor|atk|2
|move|p2a: Ting-Lu|Stealth Rock|p1a: Gliscor
|-sidestart|p1: Aariceus|move: Stealth Rock
|
|upkeep
|turn|11
|inactive|Aariceus has 120 seconds left.
|
|t:|1779924734
|move|p1a: Gliscor|Facade|p2a: Ting-Lu
|-damage|p2a: Ting-Lu|68/100
|move|p2a: Ting-Lu|Stone Edge|p1a: Gliscor
|-damage|p1a: Gliscor|72/100 tox
|
|-heal|p1a: Gliscor|84/100 tox|[from] ability: Poison Heal
|upkeep
|turn|12
|
|t:|1779924742
|move|p1a: Gliscor|Swords Dance|p1a: Gliscor
|-boost|p1a: Gliscor|atk|2
|move|p2a: Ting-Lu|Heavy Slam|p1a: Gliscor
|-damage|p1a: Gliscor|53/100 tox
|
|-heal|p1a: Gliscor|65/100 tox|[from] ability: Poison Heal
|upkeep
|turn|13
|inactive|Aariceus has 120 seconds left.
|j| enzoo1600
|inactive|Aariceus has 90 seconds left.
|
|t:|1779924799
|move|p1a: Gliscor|Protect|p1a: Gliscor
|-singleturn|p1a: Gliscor|Protect
|move|p2a: Ting-Lu|Heavy Slam|p1a: Gliscor
|-activate|p1a: Gliscor|move: Protect
|
|-heal|p1a: Gliscor|78/100 tox|[from] ability: Poison Heal
|upkeep
|turn|14
|
|t:|1779924808
|move|p1a: Gliscor|Facade|p2a: Ting-Lu
|-damage|p2a: Ting-Lu|18/100
|move|p2a: Ting-Lu|Heavy Slam|p1a: Gliscor
|-damage|p1a: Gliscor|45/100 tox
|
|-heal|p1a: Gliscor|57/100 tox|[from] ability: Poison Heal
|upkeep
|turn|15
|inactive|Aariceus has 90 seconds left.
|
|t:|1779924819
|move|p1a: Gliscor|Facade|p2a: Ting-Lu
|-damage|p2a: Ting-Lu|0 fnt
|faint|p2a: Ting-Lu
|
|-heal|p1a: Gliscor|70/100 tox|[from] ability: Poison Heal
|upkeep
|
|t:|1779924824
|switch|p2a: Kyurem|Kyurem|100/100
|-ability|p2a: Kyurem|Pressure
|turn|16
|
|t:|1779924828
|move|p1a: Gliscor|Protect|p1a: Gliscor
|-singleturn|p1a: Gliscor|Protect
|move|p2a: Kyurem|Ice Beam|p1a: Gliscor
|-activate|p1a: Gliscor|move: Protect
|
|-heal|p1a: Gliscor|82/100 tox|[from] ability: Poison Heal
|upkeep
|turn|17
|
|t:|1779924833
|-terastallize|p1a: Gliscor|Normal
|move|p2a: Kyurem|Ice Beam|p1a: Gliscor
|-damage|p1a: Gliscor|38/100 tox
|move|p1a: Gliscor|Facade|p2a: Kyurem
|-damage|p2a: Kyurem|0 fnt
|faint|p2a: Kyurem
|
|-heal|p1a: Gliscor|50/100 tox|[from] ability: Poison Heal
|upkeep
|
|t:|1779924842
|switch|p2a: Cinderace|Cinderace, F|75/100 tox
|turn|18
|inactive|Aariceus has 120 seconds left.
|
|t:|1779924876
|move|p1a: Gliscor|Protect|p1a: Gliscor
|-singleturn|p1a: Gliscor|Protect
|move|p2a: Cinderace|Pyro Ball|p1a: Gliscor
|-activate|p1a: Gliscor|move: Protect
|
|-damage|p2a: Cinderace|69/100 tox|[from] psn
|-heal|p1a: Gliscor|63/100 tox|[from] ability: Poison Heal
|upkeep
|turn|19
|
|t:|1779924881
|switch|p1a: Slowbro|Slowbro-Galar, F|43/100
|-damage|p1a: Slowbro|31/100|[from] Stealth Rock
|move|p2a: Cinderace|Pyro Ball|p1a: Slowbro
|-damage|p1a: Slowbro|0 fnt
|faint|p1a: Slowbro
|
|-damage|p2a: Cinderace|57/100 tox|[from] psn
|upkeep
|
|t:|1779924886
|switch|p1a: Gliscor|Gliscor, F, tera:Normal|63/100 tox
|-damage|p1a: Gliscor|50/100 tox|[from] Stealth Rock
|turn|20
|
|t:|1779924897
|move|p1a: Gliscor|Protect|p1a: Gliscor
|-singleturn|p1a: Gliscor|Protect
|move|p2a: Cinderace|Pyro Ball|p1a: Gliscor
|-activate|p1a: Gliscor|move: Protect
|
|-damage|p2a: Cinderace|39/100 tox|[from] psn
|-heal|p1a: Gliscor|63/100 tox|[from] ability: Poison Heal
|upkeep
|turn|21
|inactive|Aariceus has 120 seconds left.
|
|t:|1779924921
|move|p2a: Cinderace|Pyro Ball|p1a: Gliscor
|-damage|p1a: Gliscor|4/100 tox
|move|p1a: Gliscor|Facade|p2a: Cinderace
|-damage|p2a: Cinderace|0 fnt
|faint|p2a: Cinderace
|
|-heal|p1a: Gliscor|16/100 tox|[from] ability: Poison Heal
|upkeep
|
|t:|1779924928
|switch|p2a: Mandibuzz|Mandibuzz, F, shiny|100/100
|turn|22
|inactive|Aariceus has 120 seconds left.
|
|t:|1779924935
|move|p1a: Gliscor|Protect|p1a: Gliscor
|-singleturn|p1a: Gliscor|Protect
|move|p2a: Mandibuzz|Foul Play|p1a: Gliscor
|-activate|p1a: Gliscor|move: Protect
|
|-heal|p1a: Gliscor|29/100 tox|[from] ability: Poison Heal
|upkeep
|turn|23
|
|t:|1779924944
|switch|p1a: Clodsire|Clodsire, F|60/100
|-damage|p1a: Clodsire|54/100|[from] Stealth Rock
|move|p2a: Mandibuzz|Foul Play|p1a: Clodsire
|-damage|p1a: Clodsire|25/100
|
|-heal|p1a: Clodsire|32/100|[from] item: Leftovers
|upkeep
|turn|24
|
|t:|1779924949
|move|p2a: Mandibuzz|Foul Play|p1a: Clodsire
|-damage|p1a: Clodsire|1/100
|move|p1a: Clodsire|Toxic|p2a: Mandibuzz
|-status|p2a: Mandibuzz|tox
|
|-heal|p1a: Clodsire|7/100|[from] item: Leftovers
|-damage|p2a: Mandibuzz|94/100 tox|[from] psn
|upkeep
|turn|25
|
|t:|1779924954
|move|p2a: Mandibuzz|Foul Play|p1a: Clodsire
|-damage|p1a: Clodsire|0 fnt
|faint|p1a: Clodsire
|
|-damage|p2a: Mandibuzz|82/100 tox|[from] psn
|upkeep
|
|t:|1779924967
|switch|p1a: Scrafty|Scrafty, F|100/100
|-damage|p1a: Scrafty|95/100|[from] Stealth Rock
|turn|26
|
|t:|1779924972
|move|p1a: Scrafty|Stone Edge|p2a: Mandibuzz
|-supereffective|p2a: Mandibuzz
|-damage|p2a: Mandibuzz|45/100 tox
|move|p2a: Mandibuzz|Toxic|p1a: Scrafty|[miss]
|-miss|p2a: Mandibuzz|p1a: Scrafty
|
|-damage|p2a: Mandibuzz|27/100 tox|[from] psn
|upkeep
|turn|27
|
|t:|1779924992
|move|p1a: Scrafty|Stone Edge|p2a: Mandibuzz
|-supereffective|p2a: Mandibuzz
|-crit|p2a: Mandibuzz
|-damage|p2a: Mandibuzz|0 fnt
|faint|p2a: Mandibuzz
|-ability|p1a: Scrafty|Moxie|boost
|-boost|p1a: Scrafty|atk|1
|
|upkeep
|
|t:|1779924996
|switch|p2a: Hoopa|Hoopa|100/100
|turn|28
|
|t:|1779925018
|move|p2a: Hoopa|Focus Blast|p1a: Scrafty
|-supereffective|p1a: Scrafty
|-damage|p1a: Scrafty|0 fnt
|faint|p1a: Scrafty
|
|upkeep
|
|t:|1779925021
|switch|p1a: Maushold|Maushold-Four|100/100
|-damage|p1a: Maushold|88/100|[from] Stealth Rock
|turn|29
|
|t:|1779925027
|move|p1a: Maushold|Bite|p2a: Hoopa
|-supereffective|p2a: Hoopa
|-damage|p2a: Hoopa|0 fnt
|faint|p2a: Hoopa
|
|win|Aariceus
|raw|Aariceus's rating: 1256 &rarr; <strong>1282</strong><br />(+26 for winning)
|raw|ggs stall!'s rating: 1263 &rarr; <strong>1237</strong><br />(-26 for losing)
|l|☆ggs stall!
|player|p2|
