|j|☆karmasiren
|j|☆mastersannin
|t:|1779881182
|gametype|singles
|player|p1|karmasiren|skyla|1557
|player|p2|mastersannin|266|1649
|gen|9
|tier|[Gen 9] OU
|rated|
|rule|HP Percentage Mod: HP is shown in percentages
|rule|Endless Battle Clause: Forcing endless battles is banned
|rule|Species Clause: Limit one of each Pokémon
|rule|OHKO Clause: OHKO moves are banned
|rule|Evasion Items Clause: Evasion items are banned
|rule|Evasion Moves Clause: Evasion moves are banned
|rule|Evasion Abilities Clause: Evasion abilities are banned
|rule|Sleep Moves Clause: Sleep-inducing moves are banned
|clearpoke
|poke|p1|Volcanion|
|poke|p1|Corviknight, F|
|poke|p1|Sandy Shocks|
|poke|p1|Serperior, F|
|poke|p1|Deoxys-Speed|
|poke|p1|Kingambit, F|
|poke|p2|Samurott-Hisui, M|
|poke|p2|Zapdos|
|poke|p2|Iron Treads|
|poke|p2|Ceruledge, M|
|poke|p2|Gholdengo|
|poke|p2|Kingambit, M|
|teampreview
|inactive|Battle timer is ON: inactive players will automatically lose when time's up. (requested by mastersannin)
|inactive|karmasiren has 120 seconds left.
|
|t:|1779881227
|teamsize|p1|6
|teamsize|p2|6
|start
|switch|p1a: Deoxys|Deoxys-Speed|100/100
|switch|p2a: Samurott|Samurott-Hisui, M|100/100
|-ability|p1a: Deoxys|Pressure
|turn|1
|
|t:|1779881231
|-terastallize|p1a: Deoxys|Fighting
|move|p1a: Deoxys|Superpower|p2a: Samurott
|-supereffective|p2a: Samurott
|-damage|p2a: Samurott|0 fnt
|-unboost|p1a: Deoxys|atk|1
|-unboost|p1a: Deoxys|def|1
|faint|p2a: Samurott
|-damage|p1a: Deoxys|91/100|[from] item: Life Orb
|
|upkeep
|
|t:|1779881238
|switch|p2a: Zapdos|Zapdos|100/100
|turn|2
|
|t:|1779881242
|switch|p1a: Mega Magneton|Sandy Shocks, shiny|100/100
|move|p2a: Zapdos|Hurricane|p1a: Mega Magneton|[miss]
|-miss|p2a: Zapdos|p1a: Mega Magneton
|
|upkeep
|turn|3
|
|t:|1779881250
|switch|p2a: Iron Treads|Iron Treads|100/100
|move|p1a: Mega Magneton|Thunderbolt|p2a: Iron Treads
|-immune|p2a: Iron Treads
|
|upkeep
|turn|4
|
|t:|1779881254
|move|p2a: Iron Treads|Earthquake|p1a: Mega Magneton
|-supereffective|p1a: Mega Magneton
|-damage|p1a: Mega Magneton|20/100
|move|p1a: Mega Magneton|Earth Power|p2a: Iron Treads
|-supereffective|p2a: Iron Treads
|-damage|p2a: Iron Treads|0 fnt
|faint|p2a: Iron Treads
|-end|p2a: Iron Treads|Quark Drive|[silent]
|
|upkeep
|
|t:|1779881266
|switch|p2a: Kingambit|Kingambit, M|100/100
|-activate|p2a: Kingambit|ability: Supreme Overlord
|-start|p2a: Kingambit|fallen2|[silent]
|turn|5
|
|t:|1779881271
|-end|p1a: Mega Magneton|Protosynthesis|[silent]
|switch|p1a: Edgar|Corviknight, F, shiny|100/100
|-ability|p1a: Edgar|Pressure
|move|p2a: Kingambit|Sucker Punch||[still]
|-fail|p2a: Kingambit
|
|upkeep
|turn|6
|
|t:|1779881276
|switch|p1a: Deoxys|Deoxys-Speed, tera:Fighting|91/100
|-ability|p1a: Deoxys|Pressure
|-terastallize|p2a: Kingambit|Fighting
|move|p2a: Kingambit|Swords Dance|p2a: Kingambit
|-boost|p2a: Kingambit|atk|2
|
|upkeep
|turn|7
|
|t:|1779881281
|move|p1a: Deoxys|Psycho Boost|p2a: Kingambit|[miss]
|-miss|p1a: Deoxys|p2a: Kingambit
|move|p2a: Kingambit|Iron Head|p1a: Deoxys
|-crit|p1a: Deoxys
|-damage|p1a: Deoxys|0 fnt
|faint|p1a: Deoxys
|
|upkeep
|
|t:|1779881291
|switch|p1a: Edgar|Corviknight, F, shiny|100/100
|-ability|p1a: Edgar|Pressure
|turn|8
|
|t:|1779881295
|move|p2a: Kingambit|Low Kick|p1a: Edgar
|-damage|p1a: Edgar|36/100
|-damage|p2a: Kingambit|84/100|[from] item: Rocky Helmet|[of] p1a: Edgar
|move|p1a: Edgar|Iron Defense|p1a: Edgar
|-boost|p1a: Edgar|def|2
|
|-heal|p2a: Kingambit|90/100|[from] item: Leftovers
|upkeep
|turn|9
|
|t:|1779881298
|move|p2a: Kingambit|Low Kick|p1a: Edgar
|-damage|p1a: Edgar|5/100
|-damage|p2a: Kingambit|74/100|[from] item: Rocky Helmet|[of] p1a: Edgar
|move|p1a: Edgar|Roost|p1a: Edgar
|-heal|p1a: Edgar|55/100
|-singleturn|p1a: Edgar|move: Roost
|
|-heal|p2a: Kingambit|80/100|[from] item: Leftovers
|upkeep
|turn|10
|
|t:|1779881300
|move|p2a: Kingambit|Swords Dance|p2a: Kingambit
|-boost|p2a: Kingambit|atk|2
|move|p1a: Edgar|Roost|p1a: Edgar
|-heal|p1a: Edgar|100/100
|-singleturn|p1a: Edgar|move: Roost
|
|-heal|p2a: Kingambit|86/100|[from] item: Leftovers
|upkeep
|turn|11
|
|t:|1779881303
|move|p2a: Kingambit|Low Kick|p1a: Edgar
|-damage|p1a: Edgar|56/100
|-damage|p2a: Kingambit|70/100|[from] item: Rocky Helmet|[of] p1a: Edgar
|move|p1a: Edgar|Iron Defense|p1a: Edgar
|-boost|p1a: Edgar|def|2
|
|-heal|p2a: Kingambit|76/100|[from] item: Leftovers
|upkeep
|turn|12
|
|t:|1779881307
|-end|p2a: Kingambit|fallen2|[silent]
|switch|p2a: Gholdengo|Gholdengo|100/100
|-item|p2a: Gholdengo|Air Balloon
|move|p1a: Edgar|Body Press|p2a: Gholdengo
|-immune|p2a: Gholdengo
|
|upkeep
|turn|13
|j| hattybatty304
|
|t:|1779881310
|switch|p1a: Mega Magneton|Sandy Shocks, shiny|20/100
|move|p2a: Gholdengo|Thunder Wave|p1a: Mega Magneton
|-immune|p1a: Mega Magneton
|
|upkeep
|turn|14
|
|t:|1779881314
|move|p1a: Mega Magneton|Thunderbolt|p2a: Gholdengo
|-damage|p2a: Gholdengo|50/100
|-enditem|p2a: Gholdengo|Air Balloon
|move|p2a: Gholdengo|Hex|p1a: Mega Magneton
|-damage|p1a: Mega Magneton|0 fnt
|faint|p1a: Mega Magneton
|-end|p1a: Mega Magneton|Protosynthesis|[silent]
|
|upkeep
|
|t:|1779881321
|switch|p1a: Steam McQueen|Volcanion|100/100
|turn|15
|
|t:|1779881324
|move|p1a: Steam McQueen|Steam Eruption|p2a: Gholdengo
|-damage|p2a: Gholdengo|0 fnt
|faint|p2a: Gholdengo
|
|upkeep
|
|t:|1779881327
|switch|p2a: Zapdos|Zapdos|100/100
|turn|16
|j| yuureisuisei
|
|t:|1779881332
|switch|p1a: Lucifer|Serperior, F, shiny|100/100
|move|p2a: Zapdos|Thunder Wave|p1a: Lucifer
|-status|p1a: Lucifer|par
|
|upkeep
|turn|17
|
|t:|1779881335
|move|p2a: Zapdos|Hurricane|p1a: Lucifer
|-supereffective|p1a: Lucifer
|-crit|p1a: Lucifer
|-damage|p1a: Lucifer|0 fnt
|faint|p1a: Lucifer
|
|upkeep
|
|t:|1779881340
|switch|p1a: King of OU|Kingambit, F|100/100
|-activate|p1a: King of OU|ability: Supreme Overlord
|-start|p1a: King of OU|fallen3|[silent]
|turn|18
|
|t:|1779881344
|move|p2a: Zapdos|Thunder Wave|p1a: King of OU
|-status|p1a: King of OU|par
|-enditem|p1a: King of OU|Lum Berry|[eat]
|-curestatus|p1a: King of OU|par|[msg]
|move|p1a: King of OU|Swords Dance|p1a: King of OU
|-boost|p1a: King of OU|atk|2
|
|upkeep
|turn|19
|
|t:|1779881348
|move|p2a: Zapdos|Thunder Wave|p1a: King of OU
|-status|p1a: King of OU|par
|move|p1a: King of OU|Kowtow Cleave|p2a: Zapdos
|-damage|p2a: Zapdos|5/100
|
|upkeep
|turn|20
|
|t:|1779881352
|move|p2a: Zapdos|Hurricane|p1a: King of OU
|-resisted|p1a: King of OU
|-crit|p1a: King of OU
|-damage|p1a: King of OU|62/100 par
|-start|p1a: King of OU|confusion
|-activate|p1a: King of OU|confusion
|move|p1a: King of OU|Iron Head|p2a: Zapdos
|-resisted|p2a: Zapdos
|-damage|p2a: Zapdos|0 fnt
|faint|p2a: Zapdos
|
|upkeep
|
|t:|1779881355
|switch|p2a: Kingambit|Kingambit, M, tera:Fighting|76/100
|-activate|p2a: Kingambit|ability: Supreme Overlord
|-start|p2a: Kingambit|fallen4|[silent]
|turn|21
|
|t:|1779881361
|move|p2a: Kingambit|Low Kick|p1a: King of OU
|-supereffective|p1a: King of OU
|-damage|p1a: King of OU|0 fnt
|faint|p1a: King of OU
|-end|p1a: King of OU|fallen3|[silent]
|
|-heal|p2a: Kingambit|82/100|[from] item: Leftovers
|upkeep
|
|t:|1779881362
|switch|p1a: Steam McQueen|Volcanion|100/100
|turn|22
|
|t:|1779881370
|move|p1a: Steam McQueen|Steam Eruption|p2a: Kingambit
|-damage|p2a: Kingambit|0 fnt
|faint|p2a: Kingambit
|-end|p2a: Kingambit|fallen4|[silent]
|
|upkeep
|
|t:|1779881373
|switch|p2a: Ceruledge|Ceruledge, M|100/100
|turn|23
|
|t:|1779881376
|move|p1a: Steam McQueen|Steam Eruption|p2a: Ceruledge
|-supereffective|p2a: Ceruledge
|-damage|p2a: Ceruledge|0 fnt
|faint|p2a: Ceruledge
|
|win|karmasiren
|raw|karmasiren's rating: 1557 &rarr; <strong>1582</strong><br />(+25 for winning)
|raw|mastersannin's rating: 1649 &rarr; <strong>1624</strong><br />(-25 for losing)
|l|☆mastersannin
|player|p2|
|l|☆karmasiren
|player|p1|
|l| yuureisuisei
|l| hattybatty304
