|j|☆Booluigi
|j|☆tadokikage
|t:|1779807441
|gametype|singles
|player|p1|Booluigi|1|1157
|player|p2|tadokikage|169|1136
|gen|9
|tier|[Gen 9] OU
|rated|
|rule|HP Percentage Mod: HP is shown in percentages
|rule|Endless Battle Clause: Forcing endless battles is banned
|rule|Species Clause: Limit one of each Pokémon
|rule|OHKO Clause: OHKO moves are banned
|rule|Evasion Items Clause: Evasion items are banned
|rule|Evasion Moves Clause: Evasion moves are banned
|rule|Evasion Abilities Clause: Evasion abilities are banned
|rule|Sleep Moves Clause: Sleep-inducing moves are banned
|clearpoke
|poke|p1|Rillaboom, F|
|poke|p1|Garganacl, F|
|poke|p1|Kyurem|
|poke|p1|Dragapult, M|
|poke|p1|Great Tusk|
|poke|p1|Alomomola, F|
|poke|p2|Cramorant, F|
|poke|p2|Kingambit, M|
|poke|p2|Iron Moth|
|poke|p2|Enamorus, F|
|poke|p2|Ogerpon-Cornerstone, F|
|poke|p2|Weavile, M|
|teampreview
|inactive|Battle timer is ON: inactive players will automatically lose when time's up. (requested by Booluigi)
|
|t:|1779807450
|teamsize|p1|6
|teamsize|p2|6
|start
|switch|p1a: Garganacl|Garganacl, F|100/100
|switch|p2a: Ogerpon|Ogerpon-Cornerstone, F|100/100
|turn|1
|
|t:|1779807467
|move|p2a: Ogerpon|Power Whip|p1a: Garganacl|[miss]
|-miss|p2a: Ogerpon|p1a: Garganacl
|move|p1a: Garganacl|Salt Cure|p2a: Ogerpon
|-damage|p2a: Ogerpon|83/100
|-start|p2a: Ogerpon|Salt Cure
|
|-damage|p2a: Ogerpon|70/100|[from] Salt Cure
|upkeep
|turn|2
|
|t:|1779807485
|switch|p1a: Rillaboom|Rillaboom, F|100/100
|-fieldstart|move: Grassy Terrain|[from] ability: Grassy Surge|[of] p1a: Rillaboom
|move|p2a: Ogerpon|Power Whip|p1a: Rillaboom
|-resisted|p1a: Rillaboom
|-damage|p1a: Rillaboom|47/100
|
|-heal|p2a: Ogerpon|76/100|[from] Grassy Terrain
|-heal|p1a: Rillaboom|53/100|[from] Grassy Terrain
|-damage|p2a: Ogerpon|64/100|[from] Salt Cure
|upkeep
|turn|3
|
|t:|1779807504
|move|p2a: Ogerpon|Ivy Cudgel|p1a: Rillaboom|[anim] Ivy Cudgel Rock
|-damage|p1a: Rillaboom|0 fnt
|faint|p1a: Rillaboom
|
|-heal|p2a: Ogerpon|70/100|[from] Grassy Terrain
|-damage|p2a: Ogerpon|58/100|[from] Salt Cure
|upkeep
|inactive|Booluigi has 120 seconds left.
|
|t:|1779807517
|switch|p1a: Dragapult|Dragapult, M|100/100
|turn|4
|
|t:|1779807532
|move|p1a: Dragapult|U-turn|p2a: Ogerpon
|-supereffective|p2a: Ogerpon
|-damage|p2a: Ogerpon|12/100
|
|t:|1779807536
|switch|p1a: Alomomola|Alomomola, F|100/100|[from] U-turn
|move|p2a: Ogerpon|Ivy Cudgel|p1a: Alomomola|[anim] Ivy Cudgel Rock
|-damage|p1a: Alomomola|67/100
|
|-heal|p2a: Ogerpon|18/100|[from] Grassy Terrain
|-heal|p1a: Alomomola|73/100|[from] Grassy Terrain
|-damage|p2a: Ogerpon|6/100|[from] Salt Cure
|upkeep
|turn|5
|
|t:|1779807549
|move|p1a: Alomomola|Protect|p1a: Alomomola
|-singleturn|p1a: Alomomola|Protect
|move|p2a: Ogerpon|Power Whip|p1a: Alomomola
|-activate|p1a: Alomomola|move: Protect
|
|-heal|p2a: Ogerpon|12/100|[from] Grassy Terrain
|-heal|p1a: Alomomola|79/100|[from] Grassy Terrain
|-damage|p2a: Ogerpon|0 fnt|[from] Salt Cure
|faint|p2a: Ogerpon
|upkeep
|
|t:|1779807561
|switch|p2a: Iron Moth|Iron Moth|100/100
|-enditem|p2a: Iron Moth|Booster Energy
|-activate|p2a: Iron Moth|ability: Quark Drive|[fromitem]
|-start|p2a: Iron Moth|quarkdrivespe
|turn|6
|
|t:|1779807568
|move|p2a: Iron Moth|Energy Ball|p1a: Alomomola
|-supereffective|p1a: Alomomola
|-damage|p1a: Alomomola|5/100
|move|p1a: Alomomola|Flip Turn|p2a: Iron Moth
|-supereffective|p2a: Iron Moth
|-damage|p2a: Iron Moth|55/100
|
|t:|1779807580
|switch|p1a: Dragapult|Dragapult, M|100/100|[from] Flip Turn
|
|-heal|p2a: Iron Moth|61/100|[from] Grassy Terrain
|-fieldend|move: Grassy Terrain
|upkeep
|turn|7
|
|t:|1779807590
|move|p2a: Iron Moth|Dazzling Gleam|p1a: Dragapult
|-supereffective|p1a: Dragapult
|-damage|p1a: Dragapult|25/100
|move|p1a: Dragapult|Shadow Ball|p2a: Iron Moth
|-damage|p2a: Iron Moth|30/100
|
|-heal|p1a: Dragapult|31/100|[from] item: Leftovers
|upkeep
|turn|8
|
|t:|1779807604
|switch|p1a: Garganacl|Garganacl, F|100/100
|move|p2a: Iron Moth|Dazzling Gleam|p1a: Garganacl
|-damage|p1a: Garganacl|83/100
|
|-heal|p1a: Garganacl|89/100|[from] item: Leftovers
|upkeep
|turn|9
|
|t:|1779807616
|move|p2a: Iron Moth|Energy Ball|p1a: Garganacl
|-supereffective|p1a: Garganacl
|-damage|p1a: Garganacl|51/100
|move|p1a: Garganacl|Salt Cure|p2a: Iron Moth
|-supereffective|p2a: Iron Moth
|-damage|p2a: Iron Moth|0 fnt
|faint|p2a: Iron Moth
|-end|p2a: Iron Moth|Quark Drive|[silent]
|
|-heal|p1a: Garganacl|57/100|[from] item: Leftovers
|upkeep
|inactive|tadokikage has 120 seconds left.
|
|t:|1779807641
|switch|p2a: Weavile|Weavile, M|100/100
|turn|10
|
|t:|1779807649
|move|p2a: Weavile|Low Kick|p1a: Garganacl
|-supereffective|p1a: Garganacl
|-damage|p1a: Garganacl|0 fnt
|faint|p1a: Garganacl
|
|upkeep
|
|t:|1779807656
|switch|p1a: Great Tusk|Great Tusk|100/100
|turn|11
|
|t:|1779807661
|move|p2a: Weavile|Triple Axel|p1a: Great Tusk
|-supereffective|p1a: Great Tusk
|-damage|p1a: Great Tusk|91/100
|-supereffective|p1a: Great Tusk
|-damage|p1a: Great Tusk|71/100
|-supereffective|p1a: Great Tusk
|-damage|p1a: Great Tusk|44/100
|-hitcount|p1a: Great Tusk|3
|move|p1a: Great Tusk|Rapid Spin|p2a: Weavile
|-damage|p2a: Weavile|76/100
|-boost|p1a: Great Tusk|spe|1
|
|upkeep
|turn|12
|
|t:|1779807675
|move|p2a: Weavile|Triple Axel|p1a: Great Tusk
|-supereffective|p1a: Great Tusk
|-damage|p1a: Great Tusk|34/100
|-supereffective|p1a: Great Tusk
|-crit|p1a: Great Tusk
|-damage|p1a: Great Tusk|3/100
|-supereffective|p1a: Great Tusk
|-damage|p1a: Great Tusk|0 fnt
|faint|p1a: Great Tusk
|-end|p1a: Great Tusk|Protosynthesis|[silent]
|-hitcount|p1: Great Tusk|3
|
|upkeep
|
|t:|1779807689
|switch|p1a: Dragapult|Dragapult, M|31/100
|turn|13
|
|t:|1779807693
|move|p1a: Dragapult|Flamethrower|p2a: Weavile
|-supereffective|p2a: Weavile
|-damage|p2a: Weavile|0 fnt
|faint|p2a: Weavile
|
|-heal|p1a: Dragapult|37/100|[from] item: Leftovers
|upkeep
|
|t:|1779807702
|switch|p2a: Cramorant|Cramorant, F, shiny|100/100
|turn|14
|
|t:|1779807707
|move|p1a: Dragapult|U-turn|p2a: Cramorant
|-resisted|p2a: Cramorant
|-damage|p2a: Cramorant|84/100
|
|t:|1779807711
|switch|p1a: Kyurem|Kyurem|100/100|[from] U-turn
|-ability|p1a: Kyurem|Pressure
|move|p2a: Cramorant|Tailwind|p2a: Cramorant
|-sidestart|p2: tadokikage|move: Tailwind
|
|upkeep
|turn|15
|
|t:|1779807725
|move|p2a: Cramorant|Hurricane|p1a: Kyurem|[miss]
|-miss|p2a: Cramorant|p1a: Kyurem
|move|p1a: Kyurem|Freeze-Dry|p2a: Cramorant
|-supereffective|p2a: Cramorant
|-damage|p2a: Cramorant|0 fnt
|faint|p2a: Cramorant
|
|upkeep
|
|t:|1779807735
|switch|p2a: Enamorus|Enamorus, F|100/100
|turn|16
|
|t:|1779807743
|-terastallize|p1a: Kyurem|Ground
|move|p2a: Enamorus|Moonblast|p1a: Kyurem
|-damage|p1a: Kyurem|54/100
|move|p1a: Kyurem|Freeze-Dry|p2a: Enamorus
|-supereffective|p2a: Enamorus
|-enditem|p2a: Enamorus|Focus Sash
|-damage|p2a: Enamorus|1/100
|
|upkeep
|turn|17
|
|t:|1779807756
|move|p2a: Enamorus|Superpower|p1a: Kyurem
|-damage|p1a: Kyurem|27/100
|-boost|p2a: Enamorus|atk|1
|-boost|p2a: Enamorus|def|1
|move|p1a: Kyurem|Freeze-Dry|p2a: Enamorus
|-supereffective|p2a: Enamorus
|-damage|p2a: Enamorus|0 fnt
|faint|p2a: Enamorus
|
|-sideend|p2: tadokikage|move: Tailwind
|upkeep
|
|t:|1779807767
|switch|p2a: Kingambit|Kingambit, M|100/100
|-activate|p2a: Kingambit|ability: Supreme Overlord
|-start|p2a: Kingambit|fallen5|[silent]
|turn|18
|
|t:|1779807779
|-terastallize|p2a: Kingambit|Ghost
|move|p1a: Kyurem|Earth Power|p2a: Kingambit
|-damage|p2a: Kingambit|48/100
|move|p2a: Kingambit|Swords Dance|p2a: Kingambit
|-boost|p2a: Kingambit|atk|2
|
|upkeep
|turn|19
|
|t:|1779807796
|move|p2a: Kingambit|Sucker Punch|p1a: Kyurem
|-damage|p1a: Kyurem|0 fnt
|faint|p1a: Kyurem
|
|upkeep
|
|t:|1779807800
|switch|p1a: Dragapult|Dragapult, M|37/100
|turn|20
|
|t:|1779807806
|switch|p1a: Alomomola|Alomomola, F|38/100
|move|p2a: Kingambit|Sucker Punch||[still]
|-fail|p2a: Kingambit
|
|upkeep
|turn|21
|
|t:|1779807821
|move|p2a: Kingambit|Sucker Punch||[still]
|-fail|p2a: Kingambit
|move|p1a: Alomomola|Wish|p1a: Alomomola
|
|upkeep
|turn|22
|
|t:|1779807838
|move|p1a: Alomomola|Protect|p1a: Alomomola
|-singleturn|p1a: Alomomola|Protect
|move|p2a: Kingambit|Low Kick|p1a: Alomomola
|-activate|p1a: Alomomola|move: Protect
|
|-heal|p1a: Alomomola|88/100|[from] move: Wish|[wisher] Alomomola
|upkeep
|turn|23
|
|t:|1779807850
|move|p2a: Kingambit|Swords Dance|p2a: Kingambit
|-boost|p2a: Kingambit|atk|2
|move|p1a: Alomomola|Scald|p2a: Kingambit
|-damage|p2a: Kingambit|34/100
|-status|p2a: Kingambit|brn
|
|-damage|p2a: Kingambit|28/100 brn|[from] brn
|upkeep
|turn|24
|
|t:|1779807863
|move|p2a: Kingambit|Low Kick|p1a: Alomomola
|-damage|p1a: Alomomola|55/100
|move|p1a: Alomomola|Scald|p2a: Kingambit
|-damage|p2a: Kingambit|12/100 brn
|
|-damage|p2a: Kingambit|6/100 brn|[from] brn
|upkeep
|turn|25
|
|t:|1779807872
|move|p2a: Kingambit|Sucker Punch|p1a: Alomomola
|-damage|p1a: Alomomola|0 fnt
|faint|p1a: Alomomola
|
|-damage|p2a: Kingambit|0 fnt|[from] brn
|faint|p2a: Kingambit
|-end|p2a: Kingambit|fallen5|[silent]
|
|win|Booluigi
|raw|Booluigi's rating: 1157 &rarr; <strong>1180</strong><br />(+23 for winning)
|raw|tadokikage's rating: 1136 &rarr; <strong>1113</strong><br />(-23 for losing)
|c|☆tadokikage|Gg
