|j|‽aaagislash
|j|☆lttstoredotcom
|t:|1779943738
|gametype|singles
|player|p1|aaagislash|266|1527
|player|p2|lttstoredotcom|cynthia-gen7|1529
|gen|9
|tier|[Gen 9] OU
|rated|
|rule|HP Percentage Mod: HP is shown in percentages
|rule|Endless Battle Clause: Forcing endless battles is banned
|rule|Species Clause: Limit one of each Pokémon
|rule|OHKO Clause: OHKO moves are banned
|rule|Evasion Items Clause: Evasion items are banned
|rule|Evasion Moves Clause: Evasion moves are banned
|rule|Evasion Abilities Clause: Evasion abilities are banned
|rule|Sleep Moves Clause: Sleep-inducing moves are banned
|clearpoke
|poke|p1|Jolteon, M|
|poke|p1|Vaporeon, F|
|poke|p1|Leafeon, M|
|poke|p1|Umbreon, M|
|poke|p1|Espeon, M|
|poke|p1|Sylveon, F|
|poke|p2|Hydrapple, M|
|poke|p2|Gliscor, F|
|poke|p2|Slowking-Galar, M|
|poke|p2|Cinderace, M|
|poke|p2|Kingambit, M|
|poke|p2|Iron Valiant|
|teampreview
|inactive|Battle timer is ON: inactive players will automatically lose when time's up. (requested by lttstoredotcom)
|
|t:|1779943753
|teamsize|p1|6
|teamsize|p2|6
|start
|switch|p1a: Vaporeon|Vaporeon, F|100/100
|switch|p2a: Hydrapple|Hydrapple, M, shiny|100/100
|turn|1
|
|t:|1779943761
|move|p1a: Vaporeon|Calm Mind|p1a: Vaporeon
|-boost|p1a: Vaporeon|spa|1
|-boost|p1a: Vaporeon|spd|1
|move|p2a: Hydrapple|Giga Drain|p1a: Vaporeon
|-supereffective|p1a: Vaporeon
|-damage|p1a: Vaporeon|44/100
|-damage|p2a: Hydrapple|91/100|[from] item: Life Orb
|
|-heal|p1a: Vaporeon|51/100|[from] item: Leftovers
|upkeep
|turn|2
|
|t:|1779943768
|switch|p2a: Iron Valiant|Iron Valiant, shiny|100/100
|-enditem|p2a: Iron Valiant|Booster Energy
|-activate|p2a: Iron Valiant|ability: Quark Drive|[fromitem]
|-start|p2a: Iron Valiant|quarkdrivespe
|move|p1a: Vaporeon|Protect||[still]
|-fail|p1a: Vaporeon
|
|-heal|p1a: Vaporeon|57/100|[from] item: Leftovers
|upkeep
|turn|3
|
|t:|1779943772
|move|p1a: Vaporeon|Protect|p1a: Vaporeon
|-singleturn|p1a: Vaporeon|Protect
|move|p2a: Iron Valiant|Encore|p1a: Vaporeon
|-activate|p1a: Vaporeon|move: Protect
|
|-heal|p1a: Vaporeon|63/100|[from] item: Leftovers
|upkeep
|turn|4
|
|t:|1779943777
|move|p2a: Iron Valiant|Encore|p1a: Vaporeon
|-start|p1a: Vaporeon|Encore
|move|p1a: Vaporeon|Protect||[still]
|-fail|p1a: Vaporeon
|
|-heal|p1a: Vaporeon|69/100|[from] item: Leftovers
|upkeep
|turn|5
|
|t:|1779943781
|switch|p1a: Espeon|Espeon, M|100/100
|move|p2a: Iron Valiant|Knock Off|p1a: Espeon
|-supereffective|p1a: Espeon
|-damage|p1a: Espeon|33/100
|-enditem|p1a: Espeon|Assault Vest|[from] move: Knock Off|[of] p2a: Iron Valiant
|
|upkeep
|turn|6
|
|t:|1779943791
|switch|p1a: Sylveon|Sylveon, F|100/100
|move|p2a: Iron Valiant|Knock Off|p1a: Sylveon
|-resisted|p1a: Sylveon
|-damage|p1a: Sylveon|80/100
|-enditem|p1a: Sylveon|Choice Scarf|[from] move: Knock Off|[of] p2a: Iron Valiant
|
|upkeep
|turn|7
|
|t:|1779943800
|-end|p2a: Iron Valiant|Quark Drive|[silent]
|switch|p2a: Slowking|Slowking-Galar, M, shiny|100/100
|move|p1a: Sylveon|Copycat|p1a: Sylveon
|move|p1a: Sylveon|Knock Off|p2a: Slowking|[from] move: Copycat
|-supereffective|p2a: Slowking
|-damage|p2a: Slowking|78/100
|-enditem|p2a: Slowking|Assault Vest|[from] move: Knock Off|[of] p1a: Sylveon
|
|upkeep
|turn|8
|
|t:|1779943816
|switch|p1a: Umbreon|Umbreon, M|100/100
|move|p2a: Slowking|Sludge Bomb|p1a: Umbreon
|-damage|p1a: Umbreon|76/100
|-status|p1a: Umbreon|psn
|-activate|p1a: Umbreon|ability: Synchronize
|-immune|p2a: Slowking
|
|-damage|p1a: Umbreon|63/100 psn|[from] psn
|upkeep
|turn|9
|
|t:|1779943828
|switch|p2a: Gliscor|Gliscor, F|100/100
|move|p1a: Umbreon|Wish|p1a: Umbreon
|
|-damage|p1a: Umbreon|51/100 psn|[from] psn
|-status|p2a: Gliscor|tox|[from] item: Toxic Orb
|upkeep
|turn|10
|
|t:|1779943837
|switch|p1a: Espeon|Espeon, M|33/100
|move|p2a: Gliscor|Facade|p1a: Espeon
|-crit|p1a: Espeon
|-damage|p1a: Espeon|0 fnt
|faint|p1a: Espeon
|
|upkeep
|
|t:|1779943843
|switch|p1a: Vaporeon|Vaporeon, F|69/100
|turn|11
|
|t:|1779943848
|move|p2a: Gliscor|Swords Dance|p2a: Gliscor
|-boost|p2a: Gliscor|atk|2
|move|p1a: Vaporeon|Alluring Voice|p2a: Gliscor
|-damage|p2a: Gliscor|79/100 tox
|-start|p2a: Gliscor|confusion
|
|-heal|p1a: Vaporeon|76/100|[from] item: Leftovers
|-heal|p2a: Gliscor|92/100 tox|[from] ability: Poison Heal
|upkeep
|turn|12
|
|t:|1779943860
|switch|p2a: Hydrapple|Hydrapple, M, shiny|100/100
|move|p1a: Vaporeon|Scald|p2a: Hydrapple
|-resisted|p2a: Hydrapple
|-damage|p2a: Hydrapple|93/100
|-status|p2a: Hydrapple|brn
|
|-heal|p1a: Vaporeon|82/100|[from] item: Leftovers
|-damage|p2a: Hydrapple|87/100 brn|[from] brn
|upkeep
|turn|13
|
|t:|1779943867
|move|p1a: Vaporeon|Protect|p1a: Vaporeon
|-singleturn|p1a: Vaporeon|Protect
|move|p2a: Hydrapple|Nasty Plot|p2a: Hydrapple
|-boost|p2a: Hydrapple|spa|2
|
|-heal|p1a: Vaporeon|88/100|[from] item: Leftovers
|-damage|p2a: Hydrapple|81/100 brn|[from] brn
|upkeep
|turn|14
|
|t:|1779943881
|-terastallize|p1a: Vaporeon|Poison
|move|p1a: Vaporeon|Alluring Voice|p2a: Hydrapple
|-supereffective|p2a: Hydrapple
|-damage|p2a: Hydrapple|39/100 brn
|move|p2a: Hydrapple|Giga Drain|p1a: Vaporeon
|-resisted|p1a: Vaporeon
|-damage|p1a: Vaporeon|51/100
|-heal|p2a: Hydrapple|60/100 brn|[from] drain|[of] p1a: Vaporeon
|-damage|p2a: Hydrapple|50/100 brn|[from] item: Life Orb
|
|-heal|p1a: Vaporeon|57/100|[from] item: Leftovers
|-damage|p2a: Hydrapple|44/100 brn|[from] brn
|upkeep
|turn|15
|inactive|lttstoredotcom has 120 seconds left.
|inactive|aaagislash has 120 seconds left.
|inactive|lttstoredotcom has 90 seconds left.
|inactive|lttstoredotcom has 60 seconds left.
|inactive|lttstoredotcom has 30 seconds left.
|
|t:|1779944006
|move|p1a: Vaporeon|Protect|p1a: Vaporeon
|-singleturn|p1a: Vaporeon|Protect
|move|p2a: Hydrapple|Earth Power|p1a: Vaporeon
|-activate|p1a: Vaporeon|move: Protect
|
|-heal|p1a: Vaporeon|64/100|[from] item: Leftovers
|-damage|p2a: Hydrapple|38/100 brn|[from] brn
|upkeep
|turn|16
|inactive|aaagislash has 120 seconds left.
|inactive|lttstoredotcom has 30 seconds left.
|
|t:|1779944024
|switch|p1a: Sylveon|Sylveon, F|80/100
|switch|p2a: Slowking|Slowking-Galar, M, shiny|100/100
|
|upkeep
|turn|17
|inactive|aaagislash has 120 seconds left.
|inactive|lttstoredotcom has 30 seconds left.
|
|t:|1779944039
|move|p1a: Sylveon|Copycat|p1a: Sylveon
|move|p1a: Sylveon|Earth Power|p2a: Slowking|[from] move: Copycat
|-supereffective|p2a: Slowking
|-damage|p2a: Slowking|55/100
|move|p2a: Slowking|Sludge Bomb|p1a: Sylveon
|-supereffective|p1a: Sylveon
|-damage|p1a: Sylveon|30/100
|
|upkeep
|turn|18
|inactive|aaagislash has 120 seconds left.
|inactive|lttstoredotcom has 30 seconds left.
|inactive|lttstoredotcom has 20 seconds left.
|
|t:|1779944066
|switch|p1a: Umbreon|Umbreon, M|51/100 psn
|move|p2a: Slowking|Sludge Bomb|p1a: Umbreon
|-damage|p1a: Umbreon|29/100 psn
|
|-damage|p1a: Umbreon|16/100 psn|[from] psn
|upkeep
|turn|19
|inactive|lttstoredotcom has 30 seconds left this turn.
|inactive|lttstoredotcom has 20 seconds left.
|inactive|lttstoredotcom has 15 seconds left.
|inactive|lttstoredotcom has 10 seconds left.
|
|t:|1779944086
|switch|p2a: Gliscor|Gliscor, F|92/100 tox
|move|p1a: Umbreon|Wish|p1a: Umbreon
|
|-heal|p2a: Gliscor|100/100 tox|[from] ability: Poison Heal
|-damage|p1a: Umbreon|4/100 psn|[from] psn
|upkeep
|turn|20
|inactive|lttstoredotcom has 20 seconds left this turn.
|inactive|lttstoredotcom has 15 seconds left.
|inactive|lttstoredotcom has 10 seconds left.
|
|t:|1779944101
|move|p2a: Gliscor|Facade|p1a: Umbreon
|-damage|p1a: Umbreon|0 fnt
|faint|p1a: Umbreon
|
|upkeep
|-message|aaagislash forfeited.
|
|win|lttstoredotcom
|raw|aaagislash's rating: 1527 &rarr; <strong>1507</strong><br />(-20 for losing)
|raw|lttstoredotcom's rating: 1529 &rarr; <strong>1549</strong><br />(+20 for winning)
|l|‽aaagislash
|player|p1|
