|j|☆TeamPlasmaGrunt704
|j|☆ChicomeOllin
|t:|1779892918
|gametype|singles
|player|p1|TeamPlasmaGrunt704|plasmagrunt|1197
|player|p2|ChicomeOllin|harlequin|1152
|gen|9
|tier|[Gen 9] OU
|rated|
|rule|HP Percentage Mod: HP is shown in percentages
|rule|Endless Battle Clause: Forcing endless battles is banned
|rule|Species Clause: Limit one of each Pokémon
|rule|OHKO Clause: OHKO moves are banned
|rule|Evasion Items Clause: Evasion items are banned
|rule|Evasion Moves Clause: Evasion moves are banned
|rule|Evasion Abilities Clause: Evasion abilities are banned
|rule|Sleep Moves Clause: Sleep-inducing moves are banned
|clearpoke
|poke|p1|Haxorus, M|
|poke|p1|Golurk|
|poke|p1|Kingambit, M|
|poke|p1|Landorus-Therian, M|
|poke|p1|Iron Moth|
|poke|p1|Scrafty, M|
|poke|p2|Sylveon, M|
|poke|p2|Falinks|
|poke|p2|Ceruledge, M|
|poke|p2|Dedenne, M|
|poke|p2|Quaquaval, M|
|poke|p2|Ursaluna, F|
|teampreview
|inactive|Battle timer is ON: inactive players will automatically lose when time's up. (requested by TeamPlasmaGrunt704)
|
|t:|1779892935
|teamsize|p1|6
|teamsize|p2|6
|start
|switch|p1a: The Scrafty|Scrafty, M|100/100
|switch|p2a: Ares|Falinks|100/100
|turn|1
|
|t:|1779892948
|move|p2a: Ares|Bulk Up|p2a: Ares
|-boost|p2a: Ares|atk|1
|-boost|p2a: Ares|def|1
|move|p1a: The Scrafty|Bulk Up|p1a: The Scrafty
|-boost|p1a: The Scrafty|atk|1
|-boost|p1a: The Scrafty|def|1
|
|upkeep
|turn|2
|
|t:|1779892955
|move|p2a: Ares|Bulk Up|p2a: Ares
|-boost|p2a: Ares|atk|1
|-boost|p2a: Ares|def|1
|move|p1a: The Scrafty|Bulk Up|p1a: The Scrafty
|-boost|p1a: The Scrafty|atk|1
|-boost|p1a: The Scrafty|def|1
|
|upkeep
|turn|3
|
|t:|1779892963
|move|p2a: Ares|Bulk Up|p2a: Ares
|-boost|p2a: Ares|atk|1
|-boost|p2a: Ares|def|1
|move|p1a: The Scrafty|Bulk Up|p1a: The Scrafty
|-boost|p1a: The Scrafty|atk|1
|-boost|p1a: The Scrafty|def|1
|
|upkeep
|turn|4
|
|t:|1779892971
|move|p2a: Ares|Bulk Up|p2a: Ares
|-boost|p2a: Ares|atk|1
|-boost|p2a: Ares|def|1
|move|p1a: The Scrafty|Knock Off|p2a: Ares
|-resisted|p2a: Ares
|-damage|p2a: Ares|86/100
|-enditem|p2a: Ares|Sitrus Berry|[from] move: Knock Off|[of] p1a: The Scrafty
|
|upkeep
|turn|5
|
|t:|1779892982
|-terastallize|p1a: The Scrafty|Poison
|move|p2a: Ares|Close Combat|p1a: The Scrafty
|-resisted|p1a: The Scrafty
|-damage|p1a: The Scrafty|65/100
|-unboost|p2a: Ares|def|1
|-unboost|p2a: Ares|spd|1
|move|p1a: The Scrafty|Bulk Up|p1a: The Scrafty
|-boost|p1a: The Scrafty|atk|1
|-boost|p1a: The Scrafty|def|1
|
|upkeep
|turn|6
|
|t:|1779893008
|-terastallize|p2a: Ares|Steel
|move|p2a: Ares|No Retreat|p2a: Ares
|-boost|p2a: Ares|atk|1
|-boost|p2a: Ares|def|1
|-boost|p2a: Ares|spa|1
|-boost|p2a: Ares|spd|1
|-boost|p2a: Ares|spe|1
|-start|p2a: Ares|move: No Retreat
|move|p1a: The Scrafty|Drain Punch|p2a: Ares
|-supereffective|p2a: Ares
|-damage|p2a: Ares|33/100
|-heal|p1a: The Scrafty|92/100|[from] drain|[of] p2a: Ares
|
|upkeep
|turn|7
|
|t:|1779893021
|move|p2a: Ares|Iron Head|p1a: The Scrafty
|-damage|p1a: The Scrafty|47/100
|cant|p1a: The Scrafty|flinch
|
|upkeep
|turn|8
|
|t:|1779893030
|move|p2a: Ares|Iron Head|p1a: The Scrafty
|-damage|p1a: The Scrafty|3/100
|move|p1a: The Scrafty|Drain Punch|p2a: Ares
|-supereffective|p2a: Ares
|-damage|p2a: Ares|0 fnt
|-heal|p1a: The Scrafty|20/100|[from] drain|[of] p2a: Ares
|faint|p2a: Ares
|
|upkeep
|inactive|ChicomeOllin has 120 seconds left.
|
|t:|1779893051
|switch|p2a: Oberon|Sylveon, M|100/100
|turn|9
|
|t:|1779893055
|move|p2a: Oberon|Psychic|p1a: The Scrafty
|-supereffective|p1a: The Scrafty
|-damage|p1a: The Scrafty|0 fnt
|faint|p1a: The Scrafty
|
|upkeep
|
|t:|1779893063
|switch|p1a: Genesect 2|Iron Moth|100/100
|-enditem|p1a: Genesect 2|Booster Energy
|-activate|p1a: Genesect 2|ability: Quark Drive|[fromitem]
|-start|p1a: Genesect 2|quarkdrivespa
|turn|10
|
|t:|1779893069
|switch|p2a: Coyolxauhqui|Ursaluna, F|100/100
|move|p1a: Genesect 2|Toxic|p2a: Coyolxauhqui
|-status|p2a: Coyolxauhqui|tox
|
|-damage|p2a: Coyolxauhqui|94/100 tox|[from] psn
|upkeep
|turn|11
|
|t:|1779893080
|-end|p1a: Genesect 2|Quark Drive|[silent]
|switch|p1a: Him|Landorus-Therian, M|100/100
|-ability|p1a: Him|Intimidate|boost
|-unboost|p2a: Coyolxauhqui|atk|1
|move|p2a: Coyolxauhqui|Facade|p1a: Him
|-damage|p1a: Him|0 fnt
|-damage|p2a: Coyolxauhqui|78/100 tox|[from] item: Rocky Helmet|[of] p1a: Him
|faint|p1a: Him
|
|-damage|p2a: Coyolxauhqui|66/100 tox|[from] psn
|upkeep
|
|t:|1779893095
|switch|p1a: Genesect 2|Iron Moth|100/100
|turn|12
|
|t:|1779893100
|move|p1a: Genesect 2|Fiery Dance|p2a: Coyolxauhqui
|-damage|p2a: Coyolxauhqui|25/100 tox
|-boost|p1a: Genesect 2|spa|1
|move|p2a: Coyolxauhqui|Headlong Rush|p1a: Genesect 2
|-supereffective|p1a: Genesect 2
|-damage|p1a: Genesect 2|0 fnt
|-unboost|p2a: Coyolxauhqui|def|1
|-unboost|p2a: Coyolxauhqui|spd|1
|faint|p1a: Genesect 2
|-end|p1a: Genesect 2|Quark Drive|[silent]
|
|-damage|p2a: Coyolxauhqui|7/100 tox|[from] psn
|upkeep
|
|t:|1779893108
|switch|p1a: Shiroyama|Kingambit, M|100/100
|-activate|p1a: Shiroyama|ability: Supreme Overlord
|-start|p1a: Shiroyama|fallen3|[silent]
|turn|13
|
|t:|1779893120
|move|p1a: Shiroyama|Sucker Punch|p2a: Coyolxauhqui
|-damage|p2a: Coyolxauhqui|0 fnt
|faint|p2a: Coyolxauhqui
|
|upkeep
|
|t:|1779893131
|switch|p2a: Shiva|Quaquaval, M|100/100
|turn|14
|
|t:|1779893135
|-end|p1a: Shiroyama|fallen3|[silent]
|switch|p1a: Sentinel|Golurk, shiny|100/100
|move|p2a: Shiva|Close Combat|p1a: Sentinel
|-immune|p1a: Sentinel
|
|upkeep
|turn|15
|
|t:|1779893143
|move|p2a: Shiva|Aqua Step|p1a: Sentinel
|-supereffective|p1a: Sentinel
|-damage|p1a: Sentinel|0 fnt
|-boost|p2a: Shiva|spe|1
|faint|p1a: Sentinel
|-ability|p2a: Shiva|Moxie|boost
|-boost|p2a: Shiva|atk|1
|
|upkeep
|
|t:|1779893146
|switch|p1a: Scaley|Haxorus, M, shiny|100/100
|-ability|p1a: Scaley|Unnerve
|turn|16
|
|t:|1779893161
|move|p1a: Scaley|First Impression|p2a: Shiva
|-resisted|p2a: Shiva
|-damage|p2a: Shiva|72/100
|-damage|p1a: Scaley|91/100|[from] item: Life Orb
|move|p2a: Shiva|Close Combat|p1a: Scaley
|-crit|p1a: Scaley
|-damage|p1a: Scaley|0 fnt
|-unboost|p2a: Shiva|def|1
|-unboost|p2a: Shiva|spd|1
|faint|p1a: Scaley
|-ability|p2a: Shiva|Moxie|boost
|-boost|p2a: Shiva|atk|1
|
|upkeep
|-message|TeamPlasmaGrunt704 forfeited.
|
|win|ChicomeOllin
|raw|TeamPlasmaGrunt704's rating: 1197 &rarr; <strong>1169</strong><br />(-28 for losing)
|raw|ChicomeOllin's rating: 1152 &rarr; <strong>1180</strong><br />(+28 for winning)
|l|☆TeamPlasmaGrunt704
|player|p1|
|l|☆ChicomeOllin
|player|p2|
