|j|☆we stall these
|j|☆xnl
|t:|1779892404
|gametype|singles
|player|p1|we stall these|169|1193
|player|p2|xnl|depotagent|1171
|gen|9
|tier|[Gen 9] OU
|rated|
|rule|HP Percentage Mod: HP is shown in percentages
|rule|Endless Battle Clause: Forcing endless battles is banned
|rule|Species Clause: Limit one of each Pokémon
|rule|OHKO Clause: OHKO moves are banned
|rule|Evasion Items Clause: Evasion items are banned
|rule|Evasion Moves Clause: Evasion moves are banned
|rule|Evasion Abilities Clause: Evasion abilities are banned
|rule|Sleep Moves Clause: Sleep-inducing moves are banned
|clearpoke
|poke|p1|Corviknight, M|
|poke|p1|Gliscor, M|
|poke|p1|Weezing-Galar, F|
|poke|p1|Alomomola, M|
|poke|p1|Clodsire, M|
|poke|p1|Toxapex, F|
|poke|p2|Jirachi|
|poke|p2|Serperior, F|
|poke|p2|Iron Hands|
|poke|p2|Talonflame, F|
|poke|p2|Dragonite, M|
|poke|p2|Tinkaton, F|
|teampreview
|inactive|Battle timer is ON: inactive players will automatically lose when time's up. (requested by we stall these)
|
|t:|1779892414
|teamsize|p1|6
|teamsize|p2|6
|start
|switch|p1a: Gliscor|Gliscor, M|100/100
|switch|p2a: Serperior|Serperior, F|100/100
|turn|1
|
|t:|1779892420
|switch|p1a: Weezing|Weezing-Galar, F|100/100
|-ability|p1a: Weezing|Neutralizing Gas
|move|p2a: Serperior|Glare|p1a: Weezing
|-status|p1a: Weezing|par
|
|upkeep
|turn|2
|
|t:|1779892428
|switch|p2a: Jirachi|Jirachi|100/100
|move|p1a: Weezing|Toxic|p2a: Jirachi
|-immune|p2a: Jirachi
|
|upkeep
|turn|3
|
|t:|1779892439
|-end|p1a: Weezing|ability: Neutralizing Gas
|switch|p1a: Corviknight|Corviknight, M|100/100
|-ability|p1a: Corviknight|Pressure
|move|p2a: Jirachi|Body Slam|p1a: Corviknight
|-resisted|p1a: Corviknight
|-damage|p1a: Corviknight|92/100
|-status|p1a: Corviknight|par
|-damage|p2a: Jirachi|84/100|[from] item: Rocky Helmet|[of] p1a: Corviknight
|
|-heal|p2a: Jirachi|90/100|[from] item: Leftovers
|upkeep
|turn|4
|
|t:|1779892453
|move|p2a: Jirachi|Body Slam|p1a: Corviknight
|-resisted|p1a: Corviknight
|-damage|p1a: Corviknight|84/100 par
|-damage|p2a: Jirachi|74/100|[from] item: Rocky Helmet|[of] p1a: Corviknight
|move|p1a: Corviknight|Brave Bird|p2a: Jirachi
|-resisted|p2a: Jirachi
|-damage|p2a: Jirachi|57/100
|-damage|p1a: Corviknight|79/100 par|[from] Recoil
|
|-heal|p2a: Jirachi|63/100|[from] item: Leftovers
|upkeep
|turn|5
|
|t:|1779892466
|move|p2a: Jirachi|Wish|p2a: Jirachi
|cant|p1a: Corviknight|par
|
|-heal|p2a: Jirachi|69/100|[from] item: Leftovers
|upkeep
|turn|6
|
|t:|1779892472
|move|p2a: Jirachi|Iron Head|p1a: Corviknight
|-resisted|p1a: Corviknight
|-damage|p1a: Corviknight|67/100 par
|-damage|p2a: Jirachi|52/100|[from] item: Rocky Helmet|[of] p1a: Corviknight
|move|p1a: Corviknight|Brave Bird|p2a: Jirachi
|-resisted|p2a: Jirachi
|-damage|p2a: Jirachi|38/100
|-damage|p1a: Corviknight|62/100 par|[from] Recoil
|
|-heal|p2a: Jirachi|88/100|[from] move: Wish|[wisher] Jirachi
|-heal|p2a: Jirachi|94/100|[from] item: Leftovers
|upkeep
|turn|7
|inactive|xnl has 120 seconds left.
|
|t:|1779892516
|switch|p2a: Talonflame|Talonflame, F|100/100
|move|p1a: Corviknight|Roost|p1a: Corviknight
|-heal|p1a: Corviknight|100/100 par
|-singleturn|p1a: Corviknight|move: Roost
|
|upkeep
|turn|8
|
|t:|1779892524
|switch|p1a: Toxapex|Toxapex, F|100/100
|move|p2a: Talonflame|U-turn|p1a: Toxapex
|-resisted|p1a: Toxapex
|-damage|p1a: Toxapex|97/100
|inactive|xnl has 120 seconds left.
|
|t:|1779892531
|switch|p2a: Tinkaton|Tinkaton, F|100/100|[from] U-turn
|-ability|p2a: Tinkaton|Mold Breaker
|
|-heal|p1a: Toxapex|100/100|[from] item: Black Sludge
|upkeep
|turn|9
|
|t:|1779892542
|switch|p1a: Corviknight|Corviknight, M|100/100 par
|-ability|p1a: Corviknight|Pressure
|move|p2a: Tinkaton|Thunder Wave|p1a: Corviknight
|-fail|p1a: Corviknight|par
|
|upkeep
|turn|10
|
|t:|1779892550
|switch|p2a: Talonflame|Talonflame, F|100/100
|move|p1a: Corviknight|Brave Bird|p2a: Talonflame
|-damage|p2a: Talonflame|71/100
|-damage|p1a: Corviknight|92/100 par|[from] Recoil
|
|upkeep
|turn|11
|
|t:|1779892558
|switch|p1a: Alomomola|Alomomola, M|100/100
|move|p2a: Talonflame|Flamethrower|p1a: Alomomola
|-resisted|p1a: Alomomola
|-damage|p1a: Alomomola|85/100
|-status|p1a: Alomomola|brn
|
|-damage|p1a: Alomomola|79/100 brn|[from] brn
|upkeep
|turn|12
|
|t:|1779892571
|switch|p2a: Serperior|Serperior, F|100/100
|move|p1a: Alomomola|Flip Turn|p2a: Serperior
|-resisted|p2a: Serperior
|-damage|p2a: Serperior|96/100
|
|t:|1779892578
|switch|p1a: Weezing|Weezing-Galar, F|100/100 par|[from] Flip Turn
|-ability|p1a: Weezing|Neutralizing Gas
|
|upkeep
|turn|13
|
|t:|1779892583
|switch|p2a: Tinkaton|Tinkaton, F|100/100
|move|p1a: Weezing|Toxic|p2a: Tinkaton
|-immune|p2a: Tinkaton
|
|upkeep
|turn|14
|
|t:|1779892593
|-end|p1a: Weezing|ability: Neutralizing Gas
|-ability|p2a: Tinkaton|Mold Breaker
|switch|p1a: Corviknight|Corviknight, M|92/100 par
|-ability|p1a: Corviknight|Pressure
|move|p2a: Tinkaton|Encore||[still]
|-fail|p2a: Tinkaton
|
|upkeep
|turn|15
|
|t:|1779892605
|switch|p2a: Talonflame|Talonflame, F|71/100
|switch|p1a: Gliscor|Gliscor, M|100/100
|
|-status|p1a: Gliscor|tox|[from] item: Toxic Orb
|upkeep
|turn|16
|
|t:|1779892614
|switch|p2a: Jirachi|Jirachi|94/100
|move|p1a: Gliscor|Spikes|p2a: Jirachi
|-sidestart|p2: xnl|Spikes
|
|-heal|p2a: Jirachi|99/100|[from] item: Leftovers
|upkeep
|turn|17
|
|t:|1779892620
|move|p2a: Jirachi|Wish|p2a: Jirachi
|move|p1a: Gliscor|Knock Off|p2a: Jirachi
|-supereffective|p2a: Jirachi
|-damage|p2a: Jirachi|64/100
|-enditem|p2a: Jirachi|Leftovers|[from] move: Knock Off|[of] p1a: Gliscor
|
|upkeep
|turn|18
|
|t:|1779892633
|switch|p2a: Dragonite|Dragonite, M|100/100
|move|p1a: Gliscor|Spikes|p2a: Dragonite
|-sidestart|p2: xnl|Spikes
|
|upkeep
|turn|19
|
|t:|1779892641
|switch|p1a: Toxapex|Toxapex, F|100/100
|-terastallize|p2a: Dragonite|Poison
|move|p2a: Dragonite|Dragon Dance|p2a: Dragonite
|-boost|p2a: Dragonite|atk|1
|-boost|p2a: Dragonite|spe|1
|
|upkeep
|turn|20
|
|t:|1779892649
|move|p2a: Dragonite|Earthquake|p1a: Toxapex
|-supereffective|p1a: Toxapex
|-damage|p1a: Toxapex|16/100
|move|p1a: Toxapex|Infestation|p2a: Dragonite
|-resisted|p2a: Dragonite
|-damage|p2a: Dragonite|99/100
|-activate|p2a: Dragonite|move: Infestation|[of] p1a: Toxapex
|
|-heal|p1a: Toxapex|23/100|[from] item: Black Sludge
|-damage|p2a: Dragonite|88/100|[from] move: Infestation|[partiallytrapped]
|upkeep
|turn|21
|
|t:|1779892658
|move|p1a: Toxapex|Baneful Bunker|p1a: Toxapex
|-singleturn|p1a: Toxapex|move: Protect
|move|p2a: Dragonite|Ice Spinner|p1a: Toxapex
|-activate|p1a: Toxapex|move: Protect
|
|-heal|p1a: Toxapex|29/100|[from] item: Black Sludge
|-damage|p2a: Dragonite|75/100|[from] move: Infestation|[partiallytrapped]
|upkeep
|turn|22
|
|t:|1779892670
|switch|p1a: Corviknight|Corviknight, M|92/100 par
|-ability|p1a: Corviknight|Pressure
|move|p2a: Dragonite|Dragon Dance|p2a: Dragonite
|-boost|p2a: Dragonite|atk|1
|-boost|p2a: Dragonite|spe|1
|
|-end|p2a: Dragonite|Infestation|[partiallytrapped]|[silent]
|upkeep
|turn|23
|
|t:|1779892679
|switch|p2a: Talonflame|Talonflame, F|71/100
|move|p1a: Corviknight|Brave Bird|p2a: Talonflame
|-damage|p2a: Talonflame|39/100
|-damage|p1a: Corviknight|82/100 par|[from] Recoil
|
|upkeep
|turn|24
|
|t:|1779892686
|switch|p1a: Alomomola|Alomomola, M|100/100 brn
|move|p2a: Talonflame|Roost|p2a: Talonflame
|-heal|p2a: Talonflame|89/100
|-singleturn|p2a: Talonflame|move: Roost
|
|-damage|p1a: Alomomola|94/100 brn|[from] brn
|upkeep
|turn|25
|
|t:|1779892695
|move|p2a: Talonflame|Defog|p1a: Alomomola
|-unboost|p1a: Alomomola|evasion|1
|-sideend|p2: xnl|Spikes|[from] move: Defog|[of] p2a: Talonflame
|move|p1a: Alomomola|Flip Turn|p2a: Talonflame
|-supereffective|p2a: Talonflame
|-damage|p2a: Talonflame|74/100
|
|t:|1779892703
|switch|p1a: Gliscor|Gliscor, M|100/100 tox|[from] Flip Turn
|
|upkeep
|turn|26
|
|t:|1779892709
|move|p2a: Talonflame|Flamethrower|p1a: Gliscor
|-damage|p1a: Gliscor|80/100 tox
|move|p1a: Gliscor|Knock Off|p2a: Talonflame
|-damage|p2a: Talonflame|57/100
|-enditem|p2a: Talonflame|Heavy-Duty Boots|[from] move: Knock Off|[of] p1a: Gliscor
|
|-heal|p1a: Gliscor|93/100 tox|[from] ability: Poison Heal
|upkeep
|turn|27
|
|t:|1779892719
|move|p2a: Talonflame|Roost|p2a: Talonflame
|-heal|p2a: Talonflame|100/100
|-singleturn|p2a: Talonflame|move: Roost
|move|p1a: Gliscor|Spikes|p2a: Talonflame
|-sidestart|p2: xnl|Spikes
|
|-heal|p1a: Gliscor|100/100 tox|[from] ability: Poison Heal
|upkeep
|turn|28
|
|t:|1779892726
|move|p2a: Talonflame|U-turn|p1a: Gliscor
|-resisted|p1a: Gliscor
|-damage|p1a: Gliscor|95/100 tox
|
|t:|1779892728
|switch|p2a: Iron Hands|Iron Hands|100/100|[from] U-turn
|-damage|p2a: Iron Hands|88/100|[from] Spikes
|move|p1a: Gliscor|Knock Off|p2a: Iron Hands
|-resisted|p2a: Iron Hands
|-damage|p2a: Iron Hands|81/100
|-enditem|p2a: Iron Hands|Punching Glove|[from] move: Knock Off|[of] p1a: Gliscor
|
|-heal|p1a: Gliscor|100/100 tox|[from] ability: Poison Heal
|upkeep
|turn|29
|
|t:|1779892738
|switch|p1a: Alomomola|Alomomola, M|100/100 brn
|move|p2a: Iron Hands|Swords Dance|p2a: Iron Hands
|-boost|p2a: Iron Hands|atk|2
|
|-damage|p1a: Alomomola|94/100 brn|[from] brn
|upkeep
|turn|30
|
|t:|1779892749
|switch|p1a: Gliscor|Gliscor, M|100/100 tox
|move|p2a: Iron Hands|Ice Punch|p1a: Gliscor
|-supereffective|p1a: Gliscor
|-damage|p1a: Gliscor|0 fnt
|faint|p1a: Gliscor
|
|upkeep
|
|t:|1779892755
|switch|p1a: Weezing|Weezing-Galar, F|100/100 par
|-ability|p1a: Weezing|Neutralizing Gas
|turn|31
|
|t:|1779892760
|-end|p2a: Iron Hands|Quark Drive|[silent]
|switch|p2a: Jirachi|Jirachi|64/100
|-damage|p2a: Jirachi|52/100|[from] Spikes
|move|p1a: Weezing|Toxic|p2a: Jirachi
|-immune|p2a: Jirachi
|
|upkeep
|turn|32
|
|t:|1779892766
|move|p2a: Jirachi|Wish|p2a: Jirachi
|move|p1a: Weezing|Will-O-Wisp|p2a: Jirachi
|-status|p2a: Jirachi|brn
|
|-damage|p2a: Jirachi|46/100 brn|[from] brn
|upkeep
|turn|33
|
|t:|1779892779
|-end|p1a: Weezing|ability: Neutralizing Gas
|switch|p1a: Clodsire|Clodsire, M|100/100
|move|p2a: Jirachi|Iron Head|p1a: Clodsire
|-damage|p1a: Clodsire|84/100
|
|-heal|p2a: Jirachi|96/100 brn|[from] move: Wish|[wisher] Jirachi
|-heal|p1a: Clodsire|91/100|[from] item: Leftovers
|-damage|p2a: Jirachi|90/100 brn|[from] brn
|upkeep
|turn|34
|
|t:|1779892791
|switch|p2a: Talonflame|Talonflame, F|100/100
|move|p1a: Clodsire|Earthquake|p2a: Talonflame
|-immune|p2a: Talonflame
|
|-heal|p1a: Clodsire|97/100|[from] item: Leftovers
|upkeep
|turn|35
|
|t:|1779892798
|move|p2a: Talonflame|Defog|p1a: Clodsire
|-unboost|p1a: Clodsire|evasion|1
|-sideend|p2: xnl|Spikes|[from] move: Defog|[of] p2a: Talonflame
|move|p1a: Clodsire|Toxic|p2a: Talonflame
|-status|p2a: Talonflame|tox
|
|-heal|p1a: Clodsire|100/100|[from] item: Leftovers
|-damage|p2a: Talonflame|94/100 tox|[from] psn
|upkeep
|turn|36
|
|t:|1779892808
|switch|p1a: Toxapex|Toxapex, F|62/100
|move|p2a: Talonflame|U-turn|p1a: Toxapex
|-resisted|p1a: Toxapex
|-damage|p1a: Toxapex|58/100
|
|t:|1779892810
|switch|p2a: Dragonite|Dragonite, M, tera:Poison|75/100|[from] U-turn
|
|-heal|p1a: Toxapex|64/100|[from] item: Black Sludge
|upkeep
|turn|37
|
|t:|1779892822
|switch|p1a: Alomomola|Alomomola, M|100/100 brn
|move|p2a: Dragonite|Dragon Dance|p2a: Dragonite
|-boost|p2a: Dragonite|atk|1
|-boost|p2a: Dragonite|spe|1
|
|-damage|p1a: Alomomola|94/100 brn|[from] brn
|upkeep
|turn|38
|
|t:|1779892834
|switch|p2a: Jirachi|Jirachi|90/100 brn
|move|p1a: Alomomola|Flip Turn|p2a: Jirachi
|-damage|p2a: Jirachi|83/100 brn
|
|t:|1779892840
|switch|p1a: Clodsire|Clodsire, M|100/100|[from] Flip Turn
|
|-damage|p2a: Jirachi|76/100 brn|[from] brn
|upkeep
|turn|39
|
|t:|1779892850
|move|p2a: Jirachi|Wish|p2a: Jirachi
|move|p1a: Clodsire|Earthquake|p2a: Jirachi
|-supereffective|p2a: Jirachi
|-damage|p2a: Jirachi|33/100 brn
|
|-damage|p2a: Jirachi|27/100 brn|[from] brn
|upkeep
|turn|40
|
|t:|1779892862
|switch|p2a: Serperior|Serperior, F|96/100
|move|p1a: Clodsire|Earthquake|p2a: Serperior
|-resisted|p2a: Serperior
|-damage|p2a: Serperior|82/100
|
|-heal|p2a: Serperior|100/100|[from] move: Wish|[wisher] Jirachi
|upkeep
|turn|41
|
|t:|1779892870
|switch|p1a: Weezing|Weezing-Galar, F|100/100 par
|-ability|p1a: Weezing|Neutralizing Gas
|move|p2a: Serperior|Taunt|p1a: Weezing
|-start|p1a: Weezing|move: Taunt
|
|upkeep
|turn|42
|
|t:|1779892886
|-end|p1a: Weezing|ability: Neutralizing Gas
|switch|p1a: Corviknight|Corviknight, M|82/100 par
|-ability|p1a: Corviknight|Pressure
|move|p2a: Serperior|Taunt|p1a: Corviknight
|-start|p1a: Corviknight|move: Taunt
|
|upkeep
|turn|43
|
|t:|1779892895
|switch|p2a: Tinkaton|Tinkaton, F|100/100
|-ability|p2a: Tinkaton|Mold Breaker
|move|p1a: Corviknight|U-turn|p2a: Tinkaton
|-resisted|p2a: Tinkaton
|-damage|p2a: Tinkaton|96/100
|
|t:|1779892906
|switch|p1a: Weezing|Weezing-Galar, F|100/100 par|[from] U-turn
|-ability|p1a: Weezing|Neutralizing Gas
|
|upkeep
|turn|44
|
|t:|1779892911
|switch|p2a: Jirachi|Jirachi|27/100 brn
|cant|p1a: Weezing|par
|
|-damage|p2a: Jirachi|21/100 brn|[from] brn
|upkeep
|turn|45
|
|t:|1779892920
|-end|p1a: Weezing|ability: Neutralizing Gas
|switch|p1a: Alomomola|Alomomola, M|100/100 brn
|move|p2a: Jirachi|Wish|p2a: Jirachi
|
|-damage|p2a: Jirachi|14/100 brn|[from] brn
|-damage|p1a: Alomomola|94/100 brn|[from] brn
|upkeep
|turn|46
|
|t:|1779892930
|move|p2a: Jirachi|Protect|p2a: Jirachi
|-singleturn|p2a: Jirachi|Protect
|move|p1a: Alomomola|Aqua Jet|p2a: Jirachi
|-activate|p2a: Jirachi|move: Protect
|
|-heal|p2a: Jirachi|64/100 brn|[from] move: Wish|[wisher] Jirachi
|-damage|p2a: Jirachi|58/100 brn|[from] brn
|-damage|p1a: Alomomola|88/100 brn|[from] brn
|upkeep
|turn|47
|
|t:|1779892939
|switch|p1a: Toxapex|Toxapex, F|98/100
|move|p2a: Jirachi|Wish|p2a: Jirachi
|
|-heal|p1a: Toxapex|100/100|[from] item: Black Sludge
|-damage|p2a: Jirachi|52/100 brn|[from] brn
|upkeep
|turn|48
|
|t:|1779892947
|move|p2a: Jirachi|Body Slam|p1a: Toxapex
|-damage|p1a: Toxapex|94/100
|-status|p1a: Toxapex|par
|move|p1a: Toxapex|Infestation|p2a: Jirachi
|-damage|p2a: Jirachi|50/100 brn
|-activate|p2a: Jirachi|move: Infestation|[of] p1a: Toxapex
|
|-heal|p2a: Jirachi|100/100 brn|[from] move: Wish|[wisher] Jirachi
|-heal|p1a: Toxapex|99/100 par|[from] item: Black Sludge
|-damage|p2a: Jirachi|94/100 brn|[from] brn
|-damage|p2a: Jirachi|82/100 brn|[from] move: Infestation|[partiallytrapped]
|upkeep
|turn|49
|
|t:|1779892963
|cant|p1a: Toxapex|par
|move|p2a: Jirachi|Wish|p2a: Jirachi
|
|-heal|p1a: Toxapex|100/100 par|[from] item: Black Sludge
|-damage|p2a: Jirachi|76/100 brn|[from] brn
|-damage|p2a: Jirachi|63/100 brn|[from] move: Infestation|[partiallytrapped]
|upkeep
|turn|50
|
|t:|1779892970
|move|p1a: Toxapex|Baneful Bunker|p1a: Toxapex
|-singleturn|p1a: Toxapex|move: Protect
|move|p2a: Jirachi|Iron Head|p1a: Toxapex
|-activate|p1a: Toxapex|move: Protect
|
|-heal|p2a: Jirachi|100/100 brn|[from] move: Wish|[wisher] Jirachi
|-damage|p2a: Jirachi|94/100 brn|[from] brn
|-damage|p2a: Jirachi|82/100 brn|[from] move: Infestation|[partiallytrapped]
|upkeep
|turn|51
|
|t:|1779892981
|move|p2a: Jirachi|Wish|p2a: Jirachi
|move|p1a: Toxapex|Infestation|p2a: Jirachi
|-damage|p2a: Jirachi|80/100 brn
|
|-damage|p2a: Jirachi|74/100 brn|[from] brn
|-damage|p2a: Jirachi|62/100 brn|[from] move: Infestation|[partiallytrapped]
|upkeep
|turn|52
|
|t:|1779892988
|move|p2a: Jirachi|Iron Head|p1a: Toxapex
|-resisted|p1a: Toxapex
|-damage|p1a: Toxapex|95/100 par
|cant|p1a: Toxapex|flinch
|
|-heal|p2a: Jirachi|100/100 brn|[from] move: Wish|[wisher] Jirachi
|-heal|p1a: Toxapex|100/100 par|[from] item: Black Sludge
|-damage|p2a: Jirachi|94/100 brn|[from] brn
|-damage|p2a: Jirachi|82/100 brn|[from] move: Infestation|[partiallytrapped]
|upkeep
|turn|53
|
|t:|1779892999
|move|p2a: Jirachi|Wish|p2a: Jirachi
|move|p1a: Toxapex|Infestation|p2a: Jirachi
|-damage|p2a: Jirachi|80/100 brn
|
|-damage|p2a: Jirachi|74/100 brn|[from] brn
|-end|p2a: Jirachi|Infestation|[partiallytrapped]
|upkeep
|turn|54
|
|t:|1779893005
|switch|p2a: Dragonite|Dragonite, M, tera:Poison|75/100
|move|p1a: Toxapex|Infestation|p2a: Dragonite
|-resisted|p2a: Dragonite
|-damage|p2a: Dragonite|74/100
|-activate|p2a: Dragonite|move: Infestation|[of] p1a: Toxapex
|
|-heal|p2a: Dragonite|100/100|[from] move: Wish|[wisher] Jirachi
|-damage|p2a: Dragonite|88/100|[from] move: Infestation|[partiallytrapped]
|upkeep
|turn|55
|
|t:|1779893014
|switch|p1a: Clodsire|Clodsire, M|100/100
|move|p2a: Dragonite|Earthquake|p1a: Clodsire
|-supereffective|p1a: Clodsire
|-damage|p1a: Clodsire|11/100
|
|-heal|p1a: Clodsire|17/100|[from] item: Leftovers
|-end|p2a: Dragonite|Infestation|[partiallytrapped]|[silent]
|upkeep
|turn|56
|-message|we stall these forfeited.
|
|win|xnl
|raw|we stall these's rating: 1193 &rarr; <strong>1166</strong><br />(-27 for losing)
|raw|xnl's rating: 1171 &rarr; <strong>1198</strong><br />(+27 for winning)
|l|☆we stall these
|player|p1|
