|j|☆Goolagola
|j|☆Pedroelentrenador
|t:|1779962429
|gametype|singles
|player|p1|Goolagola|colress|1308
|player|p2|Pedroelentrenador|n|1316
|gen|9
|tier|[Gen 9] OU
|rated|
|rule|HP Percentage Mod: HP is shown in percentages
|rule|Endless Battle Clause: Forcing endless battles is banned
|rule|Species Clause: Limit one of each Pokémon
|rule|OHKO Clause: OHKO moves are banned
|rule|Evasion Items Clause: Evasion items are banned
|rule|Evasion Moves Clause: Evasion moves are banned
|rule|Evasion Abilities Clause: Evasion abilities are banned
|rule|Sleep Moves Clause: Sleep-inducing moves are banned
|clearpoke
|poke|p1|Delphox, M|
|poke|p1|Indeedee, M|
|poke|p1|Ogerpon, F|
|poke|p1|Galvantula, F|
|poke|p1|Gyarados, F|
|poke|p1|Great Tusk|
|poke|p2|Hatterene, F|
|poke|p2|Slowbro, F|
|poke|p2|Ursaluna, M|
|poke|p2|Kingambit, M|
|poke|p2|Vikavolt, M|
|poke|p2|Toxapex, F|
|teampreview
|inactive|Battle timer is ON: inactive players will automatically lose when time's up. (requested by Goolagola)
|
|t:|1779962453
|teamsize|p1|6
|teamsize|p2|6
|start
|switch|p1a: Delphox|Delphox, M, shiny|100/100
|switch|p2a: Slowbro|Slowbro, F|100/100
|turn|1
|
|t:|1779962464
|switch|p1a: Indeedee|Indeedee, M|100/100
|-fieldstart|move: Psychic Terrain|[from] ability: Psychic Surge|[of] p1a: Indeedee
|move|p2a: Slowbro|Trick Room|p2a: Slowbro
|-fieldstart|move: Trick Room|[of] p2a: Slowbro
|
|upkeep
|turn|2
|
|t:|1779962475
|move|p2a: Slowbro|Calm Mind|p2a: Slowbro
|-boost|p2a: Slowbro|spa|1
|-boost|p2a: Slowbro|spd|1
|move|p1a: Indeedee|Encore|p2a: Slowbro
|-start|p2a: Slowbro|Encore
|
|upkeep
|turn|3
|
|t:|1779962486
|switch|p2a: Kingambit|Kingambit, M|100/100
|switch|p1a: Ogerpon|Ogerpon, F|100/100
|
|upkeep
|turn|4
|
|t:|1779962496
|switch|p1a: Great Tusk|Great Tusk|100/100
|move|p2a: Kingambit|Kowtow Cleave|p1a: Great Tusk
|-resisted|p1a: Great Tusk
|-damage|p1a: Great Tusk|81/100
|-damage|p2a: Kingambit|84/100|[from] item: Rocky Helmet|[of] p1a: Great Tusk
|
|upkeep
|turn|5
|
|t:|1779962504
|-end|p2a: Kingambit|fallenundefined|[silent]
|switch|p2a: Vikavolt|Vikavolt, M|100/100
|move|p1a: Great Tusk|Stealth Rock|p2a: Vikavolt
|-sidestart|p2: Pedroelentrenador|move: Stealth Rock
|
|-fieldend|move: Trick Room
|upkeep
|turn|6
|
|t:|1779962512
|-end|p1a: Great Tusk|Protosynthesis|[silent]
|switch|p1a: Indeedee|Indeedee, M|100/100
|move|p2a: Vikavolt|Energy Ball|p1a: Indeedee
|-damage|p1a: Indeedee|42/100
|
|upkeep
|turn|7
|
|t:|1779962523
|move|p1a: Indeedee|Expanding Force|p2a: Vikavolt
|-damage|p2a: Vikavolt|29/100
|move|p2a: Vikavolt|Energy Ball|p1a: Indeedee
|-damage|p1a: Indeedee|0 fnt
|faint|p1a: Indeedee
|
|upkeep
|
|t:|1779962527
|switch|p1a: Delphox|Delphox, M, shiny|100/100
|turn|8
|
|t:|1779962534
|switch|p2a: Slowbro|Slowbro, F|100/100
|-damage|p2a: Slowbro|88/100|[from] Stealth Rock
|move|p1a: Delphox|Flamethrower|p2a: Slowbro
|-resisted|p2a: Slowbro
|-damage|p2a: Slowbro|58/100
|-damage|p1a: Delphox|91/100|[from] item: Life Orb
|
|-heal|p2a: Slowbro|64/100|[from] item: Leftovers
|-fieldend|move: Psychic Terrain
|upkeep
|turn|9
|
|t:|1779962545
|switch|p1a: Galvantula|Galvantula, F|100/100
|move|p2a: Slowbro|Trick Room|p2a: Slowbro
|-fieldstart|move: Trick Room|[of] p2a: Slowbro
|
|-heal|p2a: Slowbro|71/100|[from] item: Leftovers
|upkeep
|turn|10
|
|t:|1779962553
|switch|p2a: Ursaluna|Ursaluna, M|100/100
|-damage|p2a: Ursaluna|94/100|[from] Stealth Rock
|move|p1a: Galvantula|Energy Ball|p2a: Ursaluna
|-supereffective|p2a: Ursaluna
|-damage|p2a: Ursaluna|51/100
|
|-status|p2a: Ursaluna|brn|[from] item: Flame Orb
|upkeep
|turn|11
|
|t:|1779962568
|switch|p1a: Great Tusk|Great Tusk|81/100
|move|p2a: Ursaluna|Facade|p1a: Great Tusk
|-damage|p1a: Great Tusk|0 fnt
|-damage|p2a: Ursaluna|34/100 brn|[from] item: Rocky Helmet|[of] p1a: Great Tusk
|faint|p1a: Great Tusk
|-end|p1a: Great Tusk|Protosynthesis|[silent]
|
|-damage|p2a: Ursaluna|28/100 brn|[from] brn
|upkeep
|
|t:|1779962587
|switch|p1a: Galvantula|Galvantula, F|100/100
|turn|12
|
|t:|1779962593
|move|p2a: Ursaluna|Facade|p1a: Galvantula
|-damage|p1a: Galvantula|0 fnt
|faint|p1a: Galvantula
|
|-damage|p2a: Ursaluna|22/100 brn|[from] brn
|upkeep
|inactive|Goolagola has 120 seconds left.
|
|t:|1779962620
|switch|p1a: Gyarados|Gyarados, F|100/100
|turn|13
|
|t:|1779962624
|move|p2a: Ursaluna|Facade|p1a: Gyarados
|-damage|p1a: Gyarados|0 fnt
|faint|p1a: Gyarados
|
|-damage|p2a: Ursaluna|16/100 brn|[from] brn
|-fieldend|move: Trick Room
|upkeep
|
|t:|1779962629
|switch|p1a: Ogerpon|Ogerpon, F|100/100
|turn|14
|inactive|Goolagola has 120 seconds left.
|
|t:|1779962646
|move|p1a: Ogerpon|Ivy Cudgel|p2a: Ursaluna
|-supereffective|p2a: Ursaluna
|-damage|p2a: Ursaluna|0 fnt
|faint|p2a: Ursaluna
|
|upkeep
|
|t:|1779962652
|switch|p2a: Toxapex|Toxapex, F|100/100
|-damage|p2a: Toxapex|88/100|[from] Stealth Rock
|turn|15
|
|t:|1779962659
|move|p1a: Ogerpon|Ivy Cudgel|p2a: Toxapex
|-crit|p2a: Toxapex
|-damage|p2a: Toxapex|19/100
|move|p2a: Toxapex|Toxic|p1a: Ogerpon
|-status|p1a: Ogerpon|tox
|
|-heal|p2a: Toxapex|25/100|[from] item: Black Sludge
|-damage|p1a: Ogerpon|95/100 tox|[from] psn
|upkeep
|turn|16
|
|t:|1779962668
|switch|p1a: Delphox|Delphox, M, shiny|91/100
|move|p2a: Toxapex|Baneful Bunker||[still]
|-fail|p2a: Toxapex
|
|-heal|p2a: Toxapex|31/100|[from] item: Black Sludge
|upkeep
|turn|17
|
|t:|1779962677
|switch|p2a: Kingambit|Kingambit, M|84/100
|-damage|p2a: Kingambit|78/100|[from] Stealth Rock
|-activate|p2a: Kingambit|ability: Supreme Overlord
|-start|p2a: Kingambit|fallen1|[silent]
|move|p1a: Delphox|Psychic Terrain|p1a: Delphox
|-fieldstart|move: Psychic Terrain
|
|upkeep
|turn|18
|
|t:|1779962690
|switch|p1a: Ogerpon|Ogerpon, F|95/100 tox
|-terastallize|p2a: Kingambit|Dark
|move|p2a: Kingambit|Kowtow Cleave|p1a: Ogerpon
|-damage|p1a: Ogerpon|0 fnt
|faint|p1a: Ogerpon
|
|upkeep
|
|t:|1779962697
|switch|p1a: Delphox|Delphox, M, shiny|91/100
|turn|19
|
|t:|1779962703
|move|p1a: Delphox|Flamethrower|p2a: Kingambit
|-damage|p2a: Kingambit|20/100
|-damage|p1a: Delphox|81/100|[from] item: Life Orb
|move|p2a: Kingambit|Kowtow Cleave|p1a: Delphox
|-supereffective|p1a: Delphox
|-damage|p1a: Delphox|0 fnt
|faint|p1a: Delphox
|
|win|Pedroelentrenador
|raw|Goolagola's rating: 1308 &rarr; <strong>1288</strong><br />(-20 for losing)
|raw|Pedroelentrenador's rating: 1316 &rarr; <strong>1336</strong><br />(+20 for winning)
|l|☆Goolagola
|player|p1|
|l|☆Pedroelentrenador
|player|p2|
