|j|☆IsntLegit
|j|☆zabbaman
|t:|1779945421
|gametype|singles
|player|p1|IsntLegit|brock|1275
|player|p2|zabbaman|1|1265
|gen|9
|tier|[Gen 9] OU
|rated|
|rule|HP Percentage Mod: HP is shown in percentages
|rule|Endless Battle Clause: Forcing endless battles is banned
|rule|Species Clause: Limit one of each Pokémon
|rule|OHKO Clause: OHKO moves are banned
|rule|Evasion Items Clause: Evasion items are banned
|rule|Evasion Moves Clause: Evasion moves are banned
|rule|Evasion Abilities Clause: Evasion abilities are banned
|rule|Sleep Moves Clause: Sleep-inducing moves are banned
|clearpoke
|poke|p1|Hydreigon, F|
|poke|p1|Slowking-Galar, M|
|poke|p1|Clefable, F|
|poke|p1|Scizor, F|
|poke|p1|Umbreon, F|
|poke|p1|Rotom-Wash|
|poke|p2|Regice|
|poke|p2|Ninetales-Alola, F|
|poke|p2|Scizor, F|
|poke|p2|Tyranitar, M|
|poke|p2|Thundurus-Therian, M|
|poke|p2|Cinderace, F|
|teampreview
|inactive|Battle timer is ON: inactive players will automatically lose when time's up. (requested by zabbaman)
|
|t:|1779945440
|teamsize|p1|6
|teamsize|p2|6
|start
|switch|p1a: Scizor|Scizor, F|100/100
|switch|p2a: Thundurus|Thundurus-Therian, M|100/100
|turn|1
|
|t:|1779945449
|switch|p1a: Umbreon|Umbreon, F|100/100
|move|p2a: Thundurus|Volt Switch|p1a: Umbreon
|-damage|p1a: Umbreon|78/100
|
|t:|1779945454
|switch|p2a: Scizor|Scizor, F|100/100|[from] Volt Switch
|
|-heal|p1a: Umbreon|85/100|[from] item: Leftovers
|upkeep
|turn|2
|
|t:|1779945468
|switch|p1a: Rotom|Rotom-Wash|100/100
|move|p2a: Scizor|Swords Dance|p2a: Scizor
|-boost|p2a: Scizor|atk|2
|
|upkeep
|turn|3
|inactive|zabbaman has 120 seconds left.
|
|t:|1779945499
|switch|p2a: Ninetales|Ninetales-Alola, F|100/100
|-weather|Snowscape|[from] ability: Snow Warning|[of] p2a: Ninetales
|move|p1a: Rotom|Thunder Wave|p2a: Ninetales
|-status|p2a: Ninetales|par
|
|-weather|Snowscape|[upkeep]
|upkeep
|turn|4
|
|t:|1779945506
|move|p1a: Rotom|Volt Switch|p2a: Ninetales
|-damage|p2a: Ninetales|71/100 par
|
|t:|1779945511
|switch|p1a: Scizor|Scizor, F|100/100|[from] Volt Switch
|move|p2a: Ninetales|Aurora Veil|p2a: Ninetales
|-sidestart|p2: zabbaman|move: Aurora Veil
|
|-weather|Snowscape|[upkeep]
|upkeep
|turn|5
|
|t:|1779945529
|switch|p2a: Cinderace|Cinderace, F|100/100
|move|p1a: Scizor|Knock Off|p2a: Cinderace
|-damage|p2a: Cinderace|70/100
|-enditem|p2a: Cinderace|Heavy-Duty Boots|[from] move: Knock Off|[of] p1a: Scizor
|
|-weather|Snowscape|[upkeep]
|upkeep
|turn|6
|
|t:|1779945541
|switch|p1a: Rotom|Rotom-Wash|100/100
|move|p2a: Cinderace|U-turn|p1a: Rotom
|-damage|p1a: Rotom|84/100
|inactive|zabbaman has 120 seconds left.
|
|t:|1779945557
|switch|p2a: Thundurus|Thundurus-Therian, M|100/100|[from] U-turn
|
|-weather|Snowscape|[upkeep]
|-heal|p1a: Rotom|91/100|[from] item: Leftovers
|upkeep
|turn|7
|
|t:|1779945578
|switch|p1a: Umbreon|Umbreon, F|85/100
|move|p2a: Thundurus|Nasty Plot|p2a: Thundurus
|-boost|p2a: Thundurus|spa|2
|
|-weather|Snowscape|[upkeep]
|-heal|p1a: Umbreon|91/100|[from] item: Leftovers
|upkeep
|turn|8
|
|t:|1779945587
|move|p2a: Thundurus|Nasty Plot|p2a: Thundurus
|-boost|p2a: Thundurus|spa|2
|move|p1a: Umbreon|Toxic|p2a: Thundurus|[miss]
|-miss|p1a: Umbreon|p2a: Thundurus
|
|-weather|Snowscape|[upkeep]
|-heal|p1a: Umbreon|97/100|[from] item: Leftovers
|-sideend|p2: zabbaman|move: Aurora Veil
|upkeep
|turn|9
|
|t:|1779945595
|move|p2a: Thundurus|Thunderbolt|p1a: Umbreon
|-damage|p1a: Umbreon|4/100
|move|p1a: Umbreon|Toxic|p2a: Thundurus
|-status|p2a: Thundurus|tox
|
|-weather|Snowscape|[upkeep]
|-heal|p1a: Umbreon|10/100|[from] item: Leftovers
|-damage|p2a: Thundurus|94/100 tox|[from] psn
|upkeep
|turn|10
|
|t:|1779945604
|move|p1a: Umbreon|Protect|p1a: Umbreon
|-singleturn|p1a: Umbreon|Protect
|move|p2a: Thundurus|Thunderbolt|p1a: Umbreon
|-activate|p1a: Umbreon|move: Protect
|
|-weather|none
|-heal|p1a: Umbreon|16/100|[from] item: Leftovers
|-damage|p2a: Thundurus|82/100 tox|[from] psn
|upkeep
|turn|11
|inactive|IsntLegit has 120 seconds left.
|
|t:|1779945642
|move|p2a: Thundurus|Thunderbolt|p1a: Umbreon
|-damage|p1a: Umbreon|0 fnt
|faint|p1a: Umbreon
|
|-damage|p2a: Thundurus|64/100 tox|[from] psn
|upkeep
|
|t:|1779945648
|switch|p1a: Scizor|Scizor, F|100/100
|turn|12
|inactive|IsntLegit has 120 seconds left.
|
|t:|1779945654
|switch|p2a: Scizor|Scizor, F|100/100
|move|p1a: Scizor|Bullet Punch|p2a: Scizor
|-resisted|p2a: Scizor
|-damage|p2a: Scizor|70/100
|
|upkeep
|turn|13
|inactive|IsntLegit has 120 seconds left.
|
|t:|1779945670
|switch|p1a: Rotom|Rotom-Wash|91/100
|move|p2a: Scizor|Close Combat|p1a: Rotom
|-damage|p1a: Rotom|35/100
|-unboost|p2a: Scizor|def|1
|-unboost|p2a: Scizor|spd|1
|
|-heal|p1a: Rotom|41/100|[from] item: Leftovers
|upkeep
|turn|14
|inactive|IsntLegit has 120 seconds left.
|
|t:|1779945699
|switch|p2a: Ninetales|Ninetales-Alola, F|71/100 par
|-weather|Snowscape|[from] ability: Snow Warning|[of] p2a: Ninetales
|move|p1a: Rotom|Volt Switch|p2a: Ninetales
|-damage|p2a: Ninetales|46/100 par
|
|t:|1779945706
|switch|p1a: Scizor|Scizor, F|100/100|[from] Volt Switch
|
|-weather|Snowscape|[upkeep]
|upkeep
|turn|15
|
|t:|1779945710
|switch|p2a: Cinderace|Cinderace, F|70/100
|move|p1a: Scizor|Bullet Punch|p2a: Cinderace
|-resisted|p2a: Cinderace
|-damage|p2a: Cinderace|42/100
|
|-weather|Snowscape|[upkeep]
|upkeep
|turn|16
|inactive|IsntLegit has 120 seconds left.
|
|t:|1779945721
|move|p1a: Scizor|Bullet Punch|p2a: Cinderace
|-resisted|p2a: Cinderace
|-damage|p2a: Cinderace|13/100
|move|p2a: Cinderace|Pyro Ball|p1a: Scizor
|-supereffective|p1a: Scizor
|-damage|p1a: Scizor|0 fnt
|faint|p1a: Scizor
|
|-weather|Snowscape|[upkeep]
|upkeep
|
|t:|1779945729
|switch|p1a: Rotom|Rotom-Wash|41/100
|turn|17
|
|t:|1779945733
|move|p2a: Cinderace|Pyro Ball|p1a: Rotom
|-resisted|p1a: Rotom
|-damage|p1a: Rotom|8/100
|move|p1a: Rotom|Volt Switch|p2a: Cinderace
|-damage|p2a: Cinderace|0 fnt
|faint|p2a: Cinderace
|
|t:|1779945740
|switch|p1a: Slowking|Slowking-Galar, M|100/100|[from] Volt Switch
|
|-weather|Snowscape|[upkeep]
|upkeep
|
|t:|1779945746
|switch|p2a: Tyranitar|Tyranitar, M|100/100
|-ability|p2a: Tyranitar|Unnerve
|turn|18
|
|t:|1779945751
|move|p2a: Tyranitar|Dragon Dance|p2a: Tyranitar
|-boost|p2a: Tyranitar|atk|1
|-boost|p2a: Tyranitar|spe|1
|move|p1a: Slowking|Thunder Wave|p2a: Tyranitar
|-status|p2a: Tyranitar|par
|
|-weather|Snowscape|[upkeep]
|upkeep
|turn|19
|
|t:|1779945758
|move|p2a: Tyranitar|Knock Off|p1a: Slowking
|-supereffective|p1a: Slowking
|-damage|p1a: Slowking|0 fnt
|-enditem|p1a: Slowking|Heavy-Duty Boots|[from] move: Knock Off|[of] p2a: Tyranitar
|faint|p1a: Slowking
|
|-weather|Snowscape|[upkeep]
|upkeep
|
|t:|1779945766
|switch|p1a: Clefable|Clefable, F|100/100
|turn|20
|
|t:|1779945769
|move|p2a: Tyranitar|Stone Edge|p1a: Clefable
|-damage|p1a: Clefable|11/100
|move|p1a: Clefable|Moonblast|p2a: Tyranitar
|-supereffective|p2a: Tyranitar
|-enditem|p2a: Tyranitar|Focus Sash
|-damage|p2a: Tyranitar|1/100 par
|
|-weather|Snowscape|[upkeep]
|upkeep
|turn|21
|-message|IsntLegit forfeited.
|
|win|zabbaman
|raw|IsntLegit's rating: 1275 &rarr; <strong>1249</strong><br />(-26 for losing)
|raw|zabbaman's rating: 1265 &rarr; <strong>1291</strong><br />(+26 for winning)
|l|☆IsntLegit
|player|p1|
|l|☆zabbaman
|player|p2|
