|j|☆me565
|j|☆Ab2408
|t:|1779951105
|gametype|singles
|player|p1|me565|pokekid|1074
|player|p2|Ab2408|265|1170
|gen|9
|tier|[Gen 9] OU
|rated|
|rule|HP Percentage Mod: HP is shown in percentages
|rule|Endless Battle Clause: Forcing endless battles is banned
|rule|Species Clause: Limit one of each Pokémon
|rule|OHKO Clause: OHKO moves are banned
|rule|Evasion Items Clause: Evasion items are banned
|rule|Evasion Moves Clause: Evasion moves are banned
|rule|Evasion Abilities Clause: Evasion abilities are banned
|rule|Sleep Moves Clause: Sleep-inducing moves are banned
|clearpoke
|poke|p1|Pelipper, M|
|poke|p1|Barraskewda, M|
|poke|p1|Crawdaunt, M|
|poke|p1|Scizor, F|
|poke|p1|Rillaboom, M|
|poke|p1|Politoed, M|
|poke|p2|Great Tusk|
|poke|p2|Gholdengo|
|poke|p2|Dragapult, F|
|poke|p2|Ogerpon-Wellspring, F|
|poke|p2|Kingambit, M|
|poke|p2|Clefable, F|
|teampreview
|inactive|Battle timer is ON: inactive players will automatically lose when time's up. (requested by me565)
|c|☆me565|Noo waterpon
|inactive|Ab2408 has 120 seconds left.
|inactive|Ab2408 has 90 seconds left.
|l|☆me565
|inactive|me565 disconnected and has a minute to reconnect!
|player|p1|
|j|☆me565
|inactive|me565 reconnected and has 130 seconds left.
|player|p1|me565|pokekid|
|
|t:|1779951176
|teamsize|p1|6
|teamsize|p2|6
|start
|switch|p1a: Pelipper|Pelipper, M, shiny|100/100
|switch|p2a: Dragapult|Dragapult, F|100/100
|-weather|RainDance|[from] ability: Drizzle|[of] p1a: Pelipper
|turn|1
|
|t:|1779951193
|move|p2a: Dragapult|Shadow Ball|p1a: Pelipper
|-damage|p1a: Pelipper|31/100
|move|p1a: Pelipper|Icy Wind|p2a: Dragapult
|-supereffective|p2a: Dragapult
|-damage|p2a: Dragapult|65/100
|-unboost|p2a: Dragapult|spe|1
|
|-weather|RainDance|[upkeep]
|upkeep
|turn|2
|
|t:|1779951204
|switch|p1a: Crawdaunt|Crawdaunt, M|100/100
|move|p2a: Dragapult|Shadow Ball|p1a: Crawdaunt
|-resisted|p1a: Crawdaunt
|-damage|p1a: Crawdaunt|44/100
|
|-weather|RainDance|[upkeep]
|upkeep
|turn|3
|
|t:|1779951216
|switch|p2a: Gholdengo|Gholdengo|100/100
|-item|p2a: Gholdengo|Air Balloon
|move|p1a: Crawdaunt|Knock Off|p2a: Gholdengo
|-supereffective|p2a: Gholdengo
|-damage|p2a: Gholdengo|0 fnt
|-enditem|p2a: Gholdengo|Air Balloon
|faint|p2a: Gholdengo
|
|-weather|RainDance|[upkeep]
|upkeep
|inactive|Ab2408 has 120 seconds left.
|
|t:|1779951238
|switch|p2a: Dragapult|Dragapult, F|65/100
|turn|4
|
|t:|1779951248
|switch|p1a: Pelipper|Pelipper, M, shiny|31/100
|move|p2a: Dragapult|U-turn|p1a: Pelipper
|-resisted|p1a: Pelipper
|-damage|p1a: Pelipper|24/100
|
|t:|1779951256
|switch|p2a: Ogerpon|Ogerpon-Wellspring, F|100/100|[from] U-turn
|
|-weather|RainDance|[upkeep]
|upkeep
|turn|5
|
|t:|1779951263
|move|p2a: Ogerpon|Knock Off|p1a: Pelipper
|-damage|p1a: Pelipper|0 fnt
|-enditem|p1a: Pelipper|Damp Rock|[from] move: Knock Off|[of] p2a: Ogerpon
|faint|p1a: Pelipper
|
|-weather|RainDance|[upkeep]
|upkeep
|
|t:|1779951268
|switch|p1a: Rillaboom|Rillaboom, M, shiny|100/100
|-fieldstart|move: Grassy Terrain|[from] ability: Grassy Surge|[of] p1a: Rillaboom
|turn|6
|inactive|Ab2408 has 120 seconds left.
|
|t:|1779951301
|-terastallize|p1a: Rillaboom|Grass
|move|p1a: Rillaboom|Grassy Glide|p2a: Ogerpon
|-damage|p2a: Ogerpon|20/100
|move|p2a: Ogerpon|Knock Off|p1a: Rillaboom
|-damage|p1a: Rillaboom|64/100
|-enditem|p1a: Rillaboom|Choice Band|[from] move: Knock Off|[of] p2a: Ogerpon
|
|-weather|RainDance|[upkeep]
|-heal|p2a: Ogerpon|26/100|[from] Grassy Terrain
|-heal|p1a: Rillaboom|70/100|[from] Grassy Terrain
|upkeep
|turn|7
|inactive|Ab2408 has 120 seconds left.
|
|t:|1779951326
|switch|p2a: Clefable|Clefable, F|100/100
|move|p1a: Rillaboom|U-turn|p2a: Clefable
|-resisted|p2a: Clefable
|-damage|p2a: Clefable|90/100
|
|t:|1779951331
|switch|p1a: Crawdaunt|Crawdaunt, M|44/100|[from] U-turn
|
|-weather|RainDance|[upkeep]
|-heal|p1a: Crawdaunt|50/100|[from] Grassy Terrain
|-heal|p2a: Clefable|96/100|[from] Grassy Terrain
|-heal|p2a: Clefable|100/100|[from] item: Leftovers
|upkeep
|turn|8
|
|t:|1779951344
|move|p1a: Crawdaunt|Crabhammer|p2a: Clefable
|-damage|p2a: Clefable|9/100
|move|p2a: Clefable|Thunder Wave|p1a: Crawdaunt
|-status|p1a: Crawdaunt|par
|
|-weather|none
|-heal|p1a: Crawdaunt|56/100 par|[from] Grassy Terrain
|-heal|p2a: Clefable|15/100|[from] Grassy Terrain
|-heal|p2a: Clefable|21/100|[from] item: Leftovers
|upkeep
|turn|9
|
|t:|1779951353
|move|p2a: Clefable|Protect|p2a: Clefable
|-singleturn|p2a: Clefable|Protect
|move|p1a: Crawdaunt|Crabhammer|p2a: Clefable
|-activate|p2a: Clefable|move: Protect
|
|-heal|p1a: Crawdaunt|62/100 par|[from] Grassy Terrain
|-heal|p2a: Clefable|27/100|[from] Grassy Terrain
|-heal|p2a: Clefable|33/100|[from] item: Leftovers
|upkeep
|turn|10
|
|t:|1779951377
|switch|p2a: Ogerpon|Ogerpon-Wellspring, F|26/100
|move|p1a: Crawdaunt|Crabhammer|p2a: Ogerpon
|-heal|p2a: Ogerpon|51/100|[from] ability: Water Absorb|[of] p1a: Crawdaunt
|
|-heal|p2a: Ogerpon|57/100|[from] Grassy Terrain
|-heal|p1a: Crawdaunt|68/100 par|[from] Grassy Terrain
|-fieldend|move: Grassy Terrain
|upkeep
|turn|11
|
|t:|1779951390
|move|p2a: Ogerpon|Horn Leech|p1a: Crawdaunt
|-supereffective|p1a: Crawdaunt
|-damage|p1a: Crawdaunt|0 fnt
|-heal|p2a: Ogerpon|82/100|[from] drain|[of] p1a: Crawdaunt
|faint|p1a: Crawdaunt
|
|upkeep
|
|t:|1779951395
|switch|p1a: Rillaboom|Rillaboom, M, shiny, tera:Grass|70/100
|-fieldstart|move: Grassy Terrain|[from] ability: Grassy Surge|[of] p1a: Rillaboom
|turn|12
|inactive|Ab2408 has 90 seconds left.
|
|t:|1779951447
|switch|p2a: Clefable|Clefable, F|33/100
|move|p1a: Rillaboom|Wood Hammer|p2a: Clefable
|-damage|p2a: Clefable|0 fnt
|faint|p2a: Clefable
|-damage|p1a: Rillaboom|58/100|[from] Recoil
|
|-heal|p1a: Rillaboom|64/100|[from] Grassy Terrain
|upkeep
|
|t:|1779951456
|switch|p2a: Dragapult|Dragapult, F|65/100
|turn|13
|
|t:|1779951461
|move|p1a: Rillaboom|Grassy Glide|p2a: Dragapult
|-resisted|p2a: Dragapult
|-damage|p2a: Dragapult|33/100
|move|p2a: Dragapult|U-turn|p1a: Rillaboom
|-supereffective|p1a: Rillaboom
|-damage|p1a: Rillaboom|25/100
|
|t:|1779951473
|switch|p2a: Kingambit|Kingambit, M|100/100|[from] U-turn
|-activate|p2a: Kingambit|ability: Supreme Overlord
|-start|p2a: Kingambit|fallen2|[silent]
|
|-heal|p1a: Rillaboom|32/100|[from] Grassy Terrain
|upkeep
|turn|14
|
|t:|1779951488
|switch|p1a: Politoed|Politoed, M|100/100
|-weather|RainDance|[from] ability: Drizzle|[of] p1a: Politoed
|move|p2a: Kingambit|Low Sweep|p1a: Politoed
|-damage|p1a: Politoed|64/100
|-unboost|p1a: Politoed|spe|1
|
|-weather|RainDance|[upkeep]
|-heal|p1a: Politoed|70/100|[from] Grassy Terrain
|upkeep
|turn|15
|
|t:|1779951507
|switch|p1a: Scizor|Scizor, F|100/100
|-end|p2a: Kingambit|fallen2|[silent]
|switch|p2a: Ogerpon|Ogerpon-Wellspring, F|82/100
|
|-weather|RainDance|[upkeep]
|-heal|p2a: Ogerpon|88/100|[from] Grassy Terrain
|upkeep
|turn|16
|
|t:|1779951526
|move|p2a: Ogerpon|Ivy Cudgel|p1a: Scizor|[anim] Ivy Cudgel Water
|-damage|p1a: Scizor|34/100
|move|p1a: Scizor|Dual Wingbeat|p2a: Ogerpon
|-supereffective|p2a: Ogerpon
|-damage|p2a: Ogerpon|16/100
|-supereffective|p2a: Ogerpon
|-damage|p2a: Ogerpon|0 fnt
|faint|p2a: Ogerpon
|-hitcount|p2: Ogerpon|2
|
|-weather|RainDance|[upkeep]
|-heal|p1a: Scizor|40/100|[from] Grassy Terrain
|-fieldend|move: Grassy Terrain
|upkeep
|inactive|Ab2408 has 60 seconds left.
|
|t:|1779951538
|switch|p2a: Dragapult|Dragapult, F|33/100
|turn|17
|
|t:|1779951541
|move|p2a: Dragapult|U-turn|p1a: Scizor
|-resisted|p1a: Scizor
|-damage|p1a: Scizor|31/100
|
|t:|1779951545
|switch|p2a: Great Tusk|Great Tusk, shiny|100/100|[from] U-turn
|move|p1a: Scizor|Dual Wingbeat|p2a: Great Tusk
|-supereffective|p2a: Great Tusk
|-damage|p2a: Great Tusk|64/100
|-supereffective|p2a: Great Tusk
|-damage|p2a: Great Tusk|26/100
|-hitcount|p2a: Great Tusk|2
|
|-weather|RainDance|[upkeep]
|-heal|p2a: Great Tusk|33/100|[from] item: Leftovers
|upkeep
|turn|18
|
|t:|1779951556
|move|p2a: Great Tusk|Earthquake|p1a: Scizor
|-damage|p1a: Scizor|0 fnt
|faint|p1a: Scizor
|
|-weather|RainDance|[upkeep]
|-heal|p2a: Great Tusk|39/100|[from] item: Leftovers
|upkeep
|
|t:|1779951559
|switch|p1a: Barraskewda|Barraskewda, M|100/100
|turn|19
|
|t:|1779951567
|move|p1a: Barraskewda|Flip Turn|p2a: Great Tusk
|-supereffective|p2a: Great Tusk
|-crit|p2a: Great Tusk
|-damage|p2a: Great Tusk|0 fnt
|faint|p2a: Great Tusk
|-end|p2a: Great Tusk|Protosynthesis|[silent]
|
|t:|1779951569
|switch|p1a: Rillaboom|Rillaboom, M, shiny, tera:Grass|32/100|[from] Flip Turn
|-fieldstart|move: Grassy Terrain|[from] ability: Grassy Surge|[of] p1a: Rillaboom
|
|-weather|RainDance|[upkeep]
|-heal|p1a: Rillaboom|38/100|[from] Grassy Terrain
|upkeep
|inactive|Ab2408 has 90 seconds left.
|
|t:|1779951577
|switch|p2a: Dragapult|Dragapult, F|33/100
|turn|20
|
|t:|1779951582
|move|p1a: Rillaboom|Grassy Glide|p2a: Dragapult
|-resisted|p2a: Dragapult
|-damage|p2a: Dragapult|1/100
|move|p2a: Dragapult|Flamethrower|p1a: Rillaboom
|-supereffective|p1a: Rillaboom
|-damage|p1a: Rillaboom|0 fnt
|faint|p1a: Rillaboom
|
|-weather|RainDance|[upkeep]
|-heal|p2a: Dragapult|7/100|[from] Grassy Terrain
|upkeep
|
|t:|1779951588
|switch|p1a: Barraskewda|Barraskewda, M|100/100
|turn|21
|
|t:|1779951596
|move|p1a: Barraskewda|Flip Turn|p2a: Dragapult
|-resisted|p2a: Dragapult
|-damage|p2a: Dragapult|0 fnt
|faint|p2a: Dragapult
|
|t:|1779951599
|switch|p1a: Politoed|Politoed, M|70/100|[from] Flip Turn
|
|-weather|none
|-heal|p1a: Politoed|76/100|[from] Grassy Terrain
|upkeep
|
|t:|1779951604
|switch|p2a: Kingambit|Kingambit, M|100/100
|-activate|p2a: Kingambit|ability: Supreme Overlord
|-start|p2a: Kingambit|fallen5|[silent]
|turn|22
|
|t:|1779951626
|switch|p1a: Barraskewda|Barraskewda, M|100/100
|-terastallize|p2a: Kingambit|Dark
|move|p2a: Kingambit|Sucker Punch||[still]
|-fail|p2a: Kingambit
|
|upkeep
|turn|23
|
|t:|1779951636
|move|p1a: Barraskewda|Close Combat|p2a: Kingambit
|-supereffective|p2a: Kingambit
|-damage|p2a: Kingambit|4/100
|-unboost|p1a: Barraskewda|def|1
|-unboost|p1a: Barraskewda|spd|1
|move|p2a: Kingambit|Low Sweep|p1a: Barraskewda
|-damage|p1a: Barraskewda|0 fnt
|faint|p1a: Barraskewda
|
|-heal|p2a: Kingambit|11/100|[from] Grassy Terrain
|-fieldend|move: Grassy Terrain
|upkeep
|
|t:|1779951643
|switch|p1a: Politoed|Politoed, M|76/100
|-weather|RainDance|[from] ability: Drizzle|[of] p1a: Politoed
|turn|24
|
|t:|1779951651
|move|p2a: Kingambit|Sucker Punch||[still]
|-fail|p2a: Kingambit
|move|p1a: Politoed|Encore|p2a: Kingambit
|-start|p2a: Kingambit|Encore
|
|-weather|RainDance|[upkeep]
|upkeep
|turn|25
|
|t:|1779951657
|move|p2a: Kingambit|Sucker Punch||[still]
|-fail|p2a: Kingambit
|move|p1a: Politoed|Haze|p1a: Politoed
|-clearallboost
|
|-weather|RainDance|[upkeep]
|upkeep
|turn|26
|
|t:|1779951663
|move|p2a: Kingambit|Sucker Punch||[still]
|-fail|p2a: Kingambit
|move|p1a: Politoed|Haze|p1a: Politoed
|-clearallboost
|
|-weather|RainDance|[upkeep]
|upkeep
|turn|27
|c|☆me565|Ggwp
|
|t:|1779951669
|move|p2a: Kingambit|Sucker Punch||[still]
|-fail|p2a: Kingambit
|move|p1a: Politoed|Encore||[still]
|-fail|p1a: Politoed
|
|-weather|RainDance|[upkeep]
|-end|p2a: Kingambit|Encore
|upkeep
|turn|28
|
|t:|1779951680
|move|p1a: Politoed|Encore|p2a: Kingambit
|-start|p2a: Kingambit|Encore
|move|p2a: Kingambit|Sucker Punch||[still]
|-fail|p2a: Kingambit
|
|-weather|RainDance|[upkeep]
|upkeep
|turn|29
|
|t:|1779951686
|move|p2a: Kingambit|Sucker Punch||[still]
|-fail|p2a: Kingambit
|move|p1a: Politoed|Encore||[still]
|-fail|p1a: Politoed
|
|-weather|RainDance|[upkeep]
|upkeep
|turn|30
|
|t:|1779951691
|move|p2a: Kingambit|Sucker Punch||[still]
|-fail|p2a: Kingambit
|move|p1a: Politoed|Encore||[still]
|-fail|p1a: Politoed
|
|-weather|RainDance|[upkeep]
|-end|p2a: Kingambit|Encore
|upkeep
|turn|31
|
|t:|1779951697
|move|p1a: Politoed|Weather Ball|p2a: Kingambit
|-damage|p2a: Kingambit|0 fnt
|faint|p2a: Kingambit
|-end|p2a: Kingambit|fallen5|[silent]
|
|win|me565
|raw|me565's rating: 1074 &rarr; <strong>1111</strong><br />(+37 for winning)
|raw|Ab2408's rating: 1170 &rarr; <strong>1138</strong><br />(-32 for losing)
