|j|☆Yangyi_31
|j|☆586859m
|t:|1779967568
|gametype|singles
|player|p1|Yangyi_31|102|1112
|player|p2|586859m|101|1144
|gen|9
|tier|[Gen 9] OU
|rated|
|rule|HP Percentage Mod: HP is shown in percentages
|rule|Endless Battle Clause: Forcing endless battles is banned
|rule|Species Clause: Limit one of each Pokémon
|rule|OHKO Clause: OHKO moves are banned
|rule|Evasion Items Clause: Evasion items are banned
|rule|Evasion Moves Clause: Evasion moves are banned
|rule|Evasion Abilities Clause: Evasion abilities are banned
|rule|Sleep Moves Clause: Sleep-inducing moves are banned
|clearpoke
|poke|p1|Mimikyu, F|
|poke|p1|Gardevoir, F|
|poke|p1|Meowscarada, F|
|poke|p1|Garchomp, F|
|poke|p1|Umbreon, F|
|poke|p1|Gengar, F|
|poke|p2|Ceruledge, M|
|poke|p2|Gholdengo|
|poke|p2|Meowscarada, M|
|poke|p2|Rillaboom, M|
|poke|p2|Armarouge, M|
|poke|p2|Charizard, M|
|teampreview
|
|t:|1779967574
|teamsize|p1|6
|teamsize|p2|6
|start
|switch|p1a: Mimikyu|Mimikyu, F|100/100
|switch|p2a: Rillaboom|Rillaboom, M|100/100
|-fieldstart|move: Grassy Terrain|[from] ability: Grassy Surge|[of] p2a: Rillaboom
|turn|1
|c|☆Yangyi_31|你好
|c|☆Yangyi_31|hello
|
|t:|1779967584
|move|p1a: Mimikyu|Swords Dance|p1a: Mimikyu
|-boost|p1a: Mimikyu|atk|2
|move|p2a: Rillaboom|U-turn|p1a: Mimikyu
|-activate|p1a: Mimikyu|ability: Disguise
|-damage|p1a: Mimikyu|100/100
|detailschange|p1a: Mimikyu|Mimikyu-Busted, F
|-damage|p1a: Mimikyu|88/100|[from] pokemon: Mimikyu-Busted
|
|t:|1779967594
|switch|p2a: Meowscarada|Meowscarada, M|100/100|[from] U-turn
|
|-heal|p1a: Mimikyu|94/100|[from] Grassy Terrain
|upkeep
|turn|2
|
|t:|1779967615
|move|p2a: Meowscarada|Sucker Punch|p1a: Mimikyu
|-damage|p1a: Mimikyu|36/100
|move|p1a: Mimikyu|Shadow Sneak|p2a: Meowscarada
|-resisted|p2a: Meowscarada
|-damage|p2a: Meowscarada|67/100
|-damage|p1a: Mimikyu|26/100|[from] item: Life Orb
|
|-heal|p2a: Meowscarada|74/100|[from] Grassy Terrain
|-heal|p1a: Mimikyu|32/100|[from] Grassy Terrain
|upkeep
|turn|3
|
|t:|1779967626
|move|p2a: Meowscarada|Flower Trick|p1a: Mimikyu
|-crit|p1a: Mimikyu
|-damage|p1a: Mimikyu|0 fnt
|faint|p1a: Mimikyu
|
|-heal|p2a: Meowscarada|80/100|[from] Grassy Terrain
|upkeep
|
|t:|1779967645
|switch|p1a: Gardevoir|Gardevoir, F|100/100
|-ability|p1a: Gardevoir|Overgrow|Trace|[from] ability: Trace|[of] p2a: Meowscarada
|turn|4
|
|t:|1779967658
|move|p2a: Meowscarada|Sucker Punch||[still]
|-fail|p2a: Meowscarada
|move|p1a: Gardevoir|Trick|p2a: Meowscarada
|-activate|p1a: Gardevoir|move: Trick|[of] p2a: Meowscarada
|-item|p2a: Meowscarada|Choice Scarf|[from] move: Trick
|-item|p1a: Gardevoir|Loaded Dice|[from] move: Trick
|
|-heal|p2a: Meowscarada|86/100|[from] Grassy Terrain
|upkeep
|turn|5
|
|t:|1779967673
|move|p2a: Meowscarada|Sucker Punch|p1a: Gardevoir
|-damage|p1a: Gardevoir|42/100
|move|p1a: Gardevoir|Moonblast|p2a: Meowscarada
|-supereffective|p2a: Meowscarada
|-damage|p2a: Meowscarada|0 fnt
|faint|p2a: Meowscarada
|
|-heal|p1a: Gardevoir|48/100|[from] Grassy Terrain
|-fieldend|move: Grassy Terrain
|upkeep
|
|t:|1779967685
|switch|p2a: Gholdengo|Gholdengo|100/100
|turn|6
|
|t:|1779967690
|move|p2a: Gholdengo|Make It Rain|p1a: Gardevoir
|-supereffective|p1a: Gardevoir
|-damage|p1a: Gardevoir|0 fnt
|-unboost|p2a: Gholdengo|spa|1
|faint|p1a: Gardevoir
|
|upkeep
|
|t:|1779967697
|switch|p1a: Garchomp|Garchomp, F|100/100
|turn|7
|
|t:|1779967704
|switch|p2a: Charizard|Charizard, M|100/100
|move|p1a: Garchomp|Earthquake|p2a: Charizard
|-immune|p2a: Charizard
|
|upkeep
|turn|8
|
|t:|1779967712
|-terastallize|p1a: Garchomp|Fire
|move|p1a: Garchomp|Rock Slide|p2a: Charizard
|-supereffective|p2a: Charizard
|-damage|p2a: Charizard|0 fnt
|faint|p2a: Charizard
|
|upkeep
|
|t:|1779967736
|switch|p2a: Armarouge|Armarouge, M|100/100
|turn|9
|
|t:|1779967742
|move|p1a: Garchomp|Stealth Rock|p2a: Armarouge
|-sidestart|p2: 586859m|move: Stealth Rock
|move|p2a: Armarouge|Expanding Force|p1a: Garchomp
|-damage|p1a: Garchomp|60/100
|
|upkeep
|turn|10
|
|t:|1779967753
|move|p1a: Garchomp|Scale Shot|p2a: Armarouge
|-damage|p2a: Armarouge|89/100
|-ability|p2a: Armarouge|Weak Armor|boost
|-unboost|p2a: Armarouge|def|1
|-boost|p2a: Armarouge|spe|2
|-damage|p2a: Armarouge|71/100
|-ability|p2a: Armarouge|Weak Armor|boost
|-unboost|p2a: Armarouge|def|1
|-boost|p2a: Armarouge|spe|2
|-damage|p2a: Armarouge|49/100
|-ability|p2a: Armarouge|Weak Armor|boost
|-unboost|p2a: Armarouge|def|1
|-boost|p2a: Armarouge|spe|2
|-damage|p2a: Armarouge|20/100
|-ability|p2a: Armarouge|Weak Armor|boost
|-unboost|p2a: Armarouge|def|1
|-damage|p2a: Armarouge|0 fnt
|faint|p2a: Armarouge
|-hitcount|p2: Armarouge|5
|-unboost|p1a: Garchomp|def|1
|-boost|p1a: Garchomp|spe|1
|
|upkeep
|
|t:|1779967773
|switch|p2a: Ceruledge|Ceruledge, M|100/100
|-damage|p2a: Ceruledge|76/100|[from] Stealth Rock
|turn|11
|
|t:|1779967785
|move|p1a: Garchomp|Earthquake|p2a: Ceruledge
|-supereffective|p2a: Ceruledge
|-damage|p2a: Ceruledge|0 fnt
|faint|p2a: Ceruledge
|
|upkeep
|
|t:|1779967792
|switch|p2a: Gholdengo|Gholdengo|100/100
|-damage|p2a: Gholdengo|94/100|[from] Stealth Rock
|turn|12
|
|t:|1779967798
|move|p1a: Garchomp|Earthquake|p2a: Gholdengo
|-supereffective|p2a: Gholdengo
|-damage|p2a: Gholdengo|2/100
|-enditem|p2a: Gholdengo|Salac Berry|[eat]
|-boost|p2a: Gholdengo|spe|1|[from] item: Salac Berry
|move|p2a: Gholdengo|Make It Rain|p1a: Garchomp
|-resisted|p1a: Garchomp
|-damage|p1a: Garchomp|28/100
|-unboost|p2a: Gholdengo|spa|1
|
|upkeep
|turn|13
|
|t:|1779967812
|move|p1a: Garchomp|Earthquake|p2a: Gholdengo
|-supereffective|p2a: Gholdengo
|-damage|p2a: Gholdengo|0 fnt
|faint|p2a: Gholdengo
|
|upkeep
|
|t:|1779967818
|switch|p2a: Rillaboom|Rillaboom, M|100/100
|-damage|p2a: Rillaboom|88/100|[from] Stealth Rock
|-fieldstart|move: Grassy Terrain|[from] ability: Grassy Surge|[of] p2a: Rillaboom
|turn|14
|
|t:|1779967835
|switch|p1a: Meowscarada|Meowscarada, F|100/100
|move|p2a: Rillaboom|Grassy Glide|p1a: Meowscarada
|-resisted|p1a: Meowscarada
|-damage|p1a: Meowscarada|70/100
|
|-heal|p1a: Meowscarada|76/100|[from] Grassy Terrain
|-heal|p2a: Rillaboom|94/100|[from] Grassy Terrain
|-heal|p2a: Rillaboom|100/100|[from] item: Leftovers
|upkeep
|turn|15
|
|t:|1779967847
|move|p1a: Meowscarada|Triple Axel|p2a: Rillaboom
|-start|p1a: Meowscarada|typechange|Ice|[from] ability: Protean
|-supereffective|p2a: Rillaboom
|-damage|p2a: Rillaboom|81/100
|-supereffective|p2a: Rillaboom
|-damage|p2a: Rillaboom|44/100
|-supereffective|p2a: Rillaboom
|-damage|p2a: Rillaboom|0 fnt
|faint|p2a: Rillaboom
|-hitcount|p2: Rillaboom|3
|
|win|Yangyi_31
|raw|Yangyi_31's rating: 1112 &rarr; <strong>1139</strong><br />(+27 for winning)
|raw|586859m's rating: 1144 &rarr; <strong>1117</strong><br />(-27 for losing)
