|badge|p1|bronze|gen9ou|100-9
|uhtml|medal-msg|<div class="broadcast-blue">Curious what those medals under the avatar are? PS now has Ladder Seasons! For more information, check out the <a href="https://www.smogon.com/forums/threads/3740067/">thread on Smogon.</a></div>
|j|☆slitherwing ily ><
|j|☆Rj yoip
|t:|1779893761
|gametype|singles
|player|p1|slitherwing ily ><|iono-masters|1900
|player|p2|Rj yoip|caitlin-masters|1758
|gen|9
|tier|[Gen 9] OU
|rated|
|rule|HP Percentage Mod: HP is shown in percentages
|rule|Endless Battle Clause: Forcing endless battles is banned
|rule|Species Clause: Limit one of each Pokémon
|rule|OHKO Clause: OHKO moves are banned
|rule|Evasion Items Clause: Evasion items are banned
|rule|Evasion Moves Clause: Evasion moves are banned
|rule|Evasion Abilities Clause: Evasion abilities are banned
|rule|Sleep Moves Clause: Sleep-inducing moves are banned
|clearpoke
|poke|p1|Rillaboom, M|
|poke|p1|Serperior, F|
|poke|p1|Ceruledge, M|
|poke|p1|Samurott-Hisui, F|
|poke|p1|Mew|
|poke|p1|Iron Treads|
|poke|p2|Iron Treads|
|poke|p2|Landorus-Therian, M|
|poke|p2|Iron Valiant|
|poke|p2|Kingambit, M|
|poke|p2|Zamazenta-*|
|poke|p2|Primarina, F|
|teampreview
|c|☆slitherwing ily ><|hf
|
|t:|1779893787
|teamsize|p1|6
|teamsize|p2|6
|start
|switch|p1a: Serpy|Serperior, F|100/100
|switch|p2a: Landorus|Landorus-Therian, M|100/100
|-ability|p2a: Landorus|Intimidate|boost
|-boost|p1a: Serpy|atk|1
|turn|1
|inactive|Battle timer is ON: inactive players will automatically lose when time's up. (requested by Rj yoip)
|
|t:|1779893795
|move|p1a: Serpy|Reflect|p1a: Serpy
|-sidestart|p1: slitherwing ily ><|Reflect
|move|p2a: Landorus|U-turn|p1a: Serpy
|-supereffective|p1a: Serpy
|-crit|p1a: Serpy
|-damage|p1a: Serpy|43/100
|
|t:|1779893798
|switch|p2a: Iron Valiant|Iron Valiant|100/100|[from] U-turn
|
|upkeep
|turn|2
|
|t:|1779893804
|switch|p1a: Rage|Iron Treads, shiny|100/100
|-enditem|p1a: Rage|Booster Energy
|-activate|p1a: Rage|ability: Quark Drive|[fromitem]
|-start|p1a: Rage|quarkdrivespe
|move|p2a: Iron Valiant|Moonblast|p1a: Rage
|-resisted|p1a: Rage
|-damage|p1a: Rage|67/100
|
|upkeep
|turn|3
|
|t:|1779893810
|-end|p2a: Iron Valiant|Quark Drive|[silent]
|switch|p2a: Landorus|Landorus-Therian, M|100/100
|-ability|p2a: Landorus|Intimidate|boost
|-unboost|p1a: Rage|atk|1
|move|p1a: Rage|Stealth Rock|p2a: Landorus
|-sidestart|p2: Rj yoip|move: Stealth Rock
|
|upkeep
|turn|4
|
|t:|1779893813
|move|p1a: Rage|Steel Beam|p2a: Landorus
|-damage|p2a: Landorus|50/100
|-damage|p1a: Rage|17/100|[from] steelbeam
|move|p2a: Landorus|Stealth Rock|p1a: Rage
|-sidestart|p1: slitherwing ily ><|move: Stealth Rock
|
|upkeep
|turn|5
|
|t:|1779893819
|move|p1a: Rage|Steel Beam|p2a: Landorus
|-damage|p2a: Landorus|0 fnt
|-damage|p1a: Rage|0 fnt|[from] steelbeam
|faint|p1a: Rage
|-end|p1a: Rage|Quark Drive|[silent]
|faint|p2a: Landorus
|
|upkeep
|
|t:|1779893827
|switch|p1a: Mew|Mew|100/100
|switch|p2a: Iron Valiant|Iron Valiant|100/100
|-damage|p2a: Iron Valiant|94/100|[from] Stealth Rock
|-damage|p1a: Mew|88/100|[from] Stealth Rock
|turn|6
|
|t:|1779893833
|move|p2a: Iron Valiant|Moonblast|p1a: Mew
|-damage|p1a: Mew|45/100
|move|p1a: Mew|Agility|p1a: Mew
|-boost|p1a: Mew|spe|2
|
|upkeep
|turn|7
|
|t:|1779893837
|move|p1a: Mew|Draining Kiss|p2a: Iron Valiant
|-supereffective|p2a: Iron Valiant
|-damage|p2a: Iron Valiant|31/100
|-heal|p1a: Mew|86/100|[from] drain|[of] p2a: Iron Valiant
|move|p2a: Iron Valiant|Moonblast|p1a: Mew
|-damage|p1a: Mew|40/100
|
|upkeep
|turn|8
|
|t:|1779893845
|-end|p2a: Iron Valiant|Quark Drive|[silent]
|switch|p2a: Iron Treads|Iron Treads|100/100
|-damage|p2a: Iron Treads|97/100|[from] Stealth Rock
|-enditem|p2a: Iron Treads|Booster Energy
|-activate|p2a: Iron Treads|ability: Quark Drive|[fromitem]
|-start|p2a: Iron Treads|quarkdrivespe
|move|p1a: Mew|Draining Kiss|p2a: Iron Treads
|-resisted|p2a: Iron Treads
|-damage|p2a: Iron Treads|85/100
|-heal|p1a: Mew|49/100|[from] drain|[of] p2a: Iron Treads
|
|-sideend|p1: slitherwing ily ><|Reflect
|upkeep
|turn|9
|
|t:|1779893849
|move|p1a: Mew|Nasty Plot|p1a: Mew
|-boost|p1a: Mew|spa|2
|move|p2a: Iron Treads|Iron Head|p1a: Mew
|-damage|p1a: Mew|11/100
|
|upkeep
|turn|10
|
|t:|1779893858
|move|p1a: Mew|Stored Power|p2a: Iron Treads
|-resisted|p2a: Iron Treads
|-damage|p2a: Iron Treads|22/100
|move|p2a: Iron Treads|Iron Head|p1a: Mew
|-damage|p1a: Mew|0 fnt
|faint|p1a: Mew
|
|upkeep
|
|t:|1779893866
|switch|p1a: Kong|Rillaboom, M, shiny|100/100
|-damage|p1a: Kong|88/100|[from] Stealth Rock
|-fieldstart|move: Grassy Terrain|[from] ability: Grassy Surge|[of] p1a: Kong
|turn|11
|
|t:|1779893872
|move|p1a: Kong|Grassy Glide|p2a: Iron Treads
|-damage|p2a: Iron Treads|0 fnt
|faint|p2a: Iron Treads
|-end|p2a: Iron Treads|Quark Drive|[silent]
|-damage|p1a: Kong|78/100|[from] item: Life Orb
|
|-heal|p1a: Kong|84/100|[from] Grassy Terrain
|upkeep
|
|t:|1779893874
|switch|p2a: Zamazenta|Zamazenta|100/100
|-damage|p2a: Zamazenta|94/100|[from] Stealth Rock
|-ability|p2a: Zamazenta|Dauntless Shield|boost
|-boost|p2a: Zamazenta|def|1
|turn|12
|
|t:|1779893878
|move|p2a: Zamazenta|Iron Defense|p2a: Zamazenta
|-boost|p2a: Zamazenta|def|2
|move|p1a: Kong|Knock Off|p2a: Zamazenta
|-resisted|p2a: Zamazenta
|-damage|p2a: Zamazenta|88/100
|-enditem|p2a: Zamazenta|Leftovers|[from] move: Knock Off|[of] p1a: Kong
|-damage|p1a: Kong|74/100|[from] item: Life Orb
|
|-heal|p2a: Zamazenta|94/100|[from] Grassy Terrain
|-heal|p1a: Kong|81/100|[from] Grassy Terrain
|upkeep
|turn|13
|
|t:|1779893886
|switch|p1a: Khaos|Ceruledge, M, shiny|100/100
|-damage|p1a: Khaos|76/100|[from] Stealth Rock
|move|p2a: Zamazenta|Iron Defense|p2a: Zamazenta
|-boost|p2a: Zamazenta|def|2
|
|-heal|p2a: Zamazenta|99/100|[from] Grassy Terrain
|-heal|p1a: Khaos|82/100|[from] Grassy Terrain
|upkeep
|turn|14
|
|t:|1779893889
|move|p1a: Khaos|Swords Dance|p1a: Khaos
|-boost|p1a: Khaos|atk|2
|move|p2a: Zamazenta|Roar|p1a: Khaos
|drag|p1a: Kong|Rillaboom, M, shiny|81/100
|-damage|p1a: Kong|68/100|[from] Stealth Rock
|
|-heal|p2a: Zamazenta|100/100|[from] Grassy Terrain
|-heal|p1a: Kong|74/100|[from] Grassy Terrain
|upkeep
|turn|15
|
|t:|1779893891
|switch|p1a: Khaos|Ceruledge, M, shiny|82/100
|-damage|p1a: Khaos|57/100|[from] Stealth Rock
|move|p2a: Zamazenta|Body Press|p1a: Khaos
|-immune|p1a: Khaos
|
|-heal|p1a: Khaos|63/100|[from] Grassy Terrain
|-fieldend|move: Grassy Terrain
|upkeep
|turn|16
|
|t:|1779893893
|move|p2a: Zamazenta|Crunch|p1a: Khaos
|-supereffective|p1a: Khaos
|-damage|p1a: Khaos|11/100
|-ability|p1a: Khaos|Weak Armor|boost
|-unboost|p1a: Khaos|def|1
|-boost|p1a: Khaos|spe|2
|move|p1a: Khaos|Swords Dance|p1a: Khaos
|-boost|p1a: Khaos|atk|2
|
|upkeep
|turn|17
|
|t:|1779893895
|move|p1a: Khaos|Poltergeist||[still]
|-fail|p1a: Khaos
|move|p2a: Zamazenta|Crunch|p1a: Khaos
|-supereffective|p1a: Khaos
|-damage|p1a: Khaos|0 fnt
|faint|p1a: Khaos
|
|upkeep
|
|t:|1779893897
|switch|p1a: Serpy|Serperior, F|43/100
|-damage|p1a: Serpy|31/100|[from] Stealth Rock
|turn|18
|c|☆slitherwing ily ><|gg
|
|t:|1779893907
|-terastallize|p1a: Serpy|Ghost
|move|p2a: Zamazenta|Body Press|p1a: Serpy
|-immune|p1a: Serpy
|move|p1a: Serpy|Glare|p2a: Zamazenta
|-status|p2a: Zamazenta|par
|
|upkeep
|turn|19
|
|t:|1779893909
|move|p1a: Serpy|Leaf Storm|p2a: Zamazenta
|-crit|p2a: Zamazenta
|-damage|p2a: Zamazenta|62/100 par
|-boost|p1a: Serpy|spa|2
|move|p2a: Zamazenta|Crunch|p1a: Serpy
|-supereffective|p1a: Serpy
|-damage|p1a: Serpy|0 fnt
|faint|p1a: Serpy
|
|upkeep
|
|t:|1779893912
|switch|p1a: Samurott|Samurott-Hisui, F|100/100
|-damage|p1a: Samurott|88/100|[from] Stealth Rock
|turn|20
|
|t:|1779893914
|move|p1a: Samurott|Swords Dance|p1a: Samurott
|-boost|p1a: Samurott|atk|2
|move|p2a: Zamazenta|Body Press|p1a: Samurott
|-supereffective|p1a: Samurott
|-damage|p1a: Samurott|0 fnt
|faint|p1a: Samurott
|
|upkeep
|-message|slitherwing ily >< forfeited.
|
|win|Rj yoip
|raw|slitherwing ily &gt;&lt;'s rating: 1900 &rarr; <strong>1872</strong><br />(-28 for losing)
|raw|Rj yoip's rating: 1758 &rarr; <strong>1786</strong><br />(+28 for winning)
|l|☆Rj yoip
|player|p2|
