|j|☆destructeurdecul
|j|☆magicsalt
|t:|1779864269
|gametype|singles
|player|p1|destructeurdecul|1|1231
|player|p2|magicsalt|clair|1151
|gen|9
|tier|[Gen 9] OU
|rated|
|rule|HP Percentage Mod: HP is shown in percentages
|rule|Endless Battle Clause: Forcing endless battles is banned
|rule|Species Clause: Limit one of each Pokémon
|rule|OHKO Clause: OHKO moves are banned
|rule|Evasion Items Clause: Evasion items are banned
|rule|Evasion Moves Clause: Evasion moves are banned
|rule|Evasion Abilities Clause: Evasion abilities are banned
|rule|Sleep Moves Clause: Sleep-inducing moves are banned
|clearpoke
|poke|p1|Glimmora, M|
|poke|p1|Iron Moth|
|poke|p1|Minior|
|poke|p1|Cinderace, F|
|poke|p1|Ribombee, F|
|poke|p1|Ninetales, M|
|poke|p2|Salazzle, F|
|poke|p2|Glimmora, M|
|poke|p2|Darkrai|
|poke|p2|Toxapex, F|
|poke|p2|Corviknight, F|
|poke|p2|Blissey, F|
|teampreview
|inactive|Battle timer is ON: inactive players will automatically lose when time's up. (requested by magicsalt)
|
|t:|1779864285
|teamsize|p1|6
|teamsize|p2|6
|start
|switch|p1a: Minior|Minior|100/100
|switch|p2a: Thirst trap|Salazzle, F|100/100
|-formechange|p1a: Minior|Minior-Meteor||[from] ability: Shields Down
|turn|1
|
|t:|1779864301
|move|p2a: Thirst trap|Toxic|p1a: Minior
|-immune|p1a: Minior|[from] ability: Shields Down
|move|p1a: Minior|Shell Smash|p1a: Minior
|-unboost|p1a: Minior|def|1
|-unboost|p1a: Minior|spd|1
|-boost|p1a: Minior|atk|2
|-boost|p1a: Minior|spa|2
|-boost|p1a: Minior|spe|2
|
|upkeep
|turn|2
|
|t:|1779864316
|move|p1a: Minior|Meteor Beam||[still]
|-prepare|p1a: Minior|Meteor Beam
|-boost|p1a: Minior|spa|1
|-enditem|p1a: Minior|Power Herb
|-anim|p1a: Minior|Meteor Beam|p2a: Thirst trap
|-supereffective|p2a: Thirst trap
|-enditem|p2a: Thirst trap|Focus Sash
|-damage|p2a: Thirst trap|1/100
|move|p2a: Thirst trap|Endeavor|p1a: Minior
|-damage|p1a: Minior|1/100
|
|-formechange|p1a: Minior|Minior||[from] ability: Shields Down
|upkeep
|turn|3
|
|t:|1779864330
|move|p1a: Minior|Acrobatics|p2a: Thirst trap
|-damage|p2a: Thirst trap|0 fnt
|faint|p2a: Thirst trap
|
|upkeep
|inactive|magicsalt has 120 seconds left.
|
|t:|1779864358
|switch|p2a: Arkham birbby|Corviknight, F|100/100
|-ability|p2a: Arkham birbby|Unnerve
|turn|4
|
|t:|1779864365
|move|p1a: Minior|Meteor Beam||[still]
|-prepare|p1a: Minior|Meteor Beam
|-boost|p1a: Minior|spa|1
|move|p2a: Arkham birbby|Power Trip|p1a: Minior
|-damage|p1a: Minior|0 fnt
|faint|p1a: Minior
|
|upkeep
|
|t:|1779864387
|switch|p1a: Ninetales|Ninetales, M|100/100
|-weather|SunnyDay|[from] ability: Drought|[of] p1a: Ninetales
|turn|5
|
|t:|1779864399
|switch|p1a: Iron Moth|Iron Moth|100/100
|switch|p2a: Fatty whopper|Blissey, F|100/100
|
|-weather|SunnyDay|[upkeep]
|upkeep
|turn|6
|
|t:|1779864411
|move|p2a: Fatty whopper|Protect|p2a: Fatty whopper
|-singleturn|p2a: Fatty whopper|Protect
|move|p1a: Iron Moth|Fiery Dance|p2a: Fatty whopper
|-activate|p2a: Fatty whopper|move: Protect
|
|-weather|SunnyDay|[upkeep]
|upkeep
|turn|7
|
|t:|1779864427
|-end|p1a: Iron Moth|Quark Drive|[silent]
|switch|p1a: Glimmora|Glimmora, M|100/100
|move|p2a: Fatty whopper|Soft-Boiled||[still]
|-fail|p2a: Fatty whopper|heal
|
|-weather|SunnyDay|[upkeep]
|upkeep
|turn|8
|
|t:|1779864435
|switch|p2a: Arkham birbby|Corviknight, F|100/100
|-ability|p2a: Arkham birbby|Unnerve
|move|p1a: Glimmora|Meteor Beam||[still]
|-prepare|p1a: Glimmora|Meteor Beam
|-boost|p1a: Glimmora|spa|1
|-enditem|p1a: Glimmora|Power Herb
|-anim|p1a: Glimmora|Meteor Beam|p2a: Arkham birbby
|-damage|p2a: Arkham birbby|34/100
|
|-weather|SunnyDay|[upkeep]
|-heal|p2a: Arkham birbby|40/100|[from] item: Leftovers
|upkeep
|turn|9
|
|t:|1779864450
|move|p1a: Glimmora|Meteor Beam||[still]
|-prepare|p1a: Glimmora|Meteor Beam
|-boost|p1a: Glimmora|spa|1
|move|p2a: Arkham birbby|Roost|p2a: Arkham birbby
|-heal|p2a: Arkham birbby|90/100
|-singleturn|p2a: Arkham birbby|move: Roost
|
|-weather|SunnyDay|[upkeep]
|-heal|p2a: Arkham birbby|97/100|[from] item: Leftovers
|upkeep
|turn|10
|
|t:|1779864466
|switch|p2a: Spikey thingy|Toxapex, F|100/100
|move|p1a: Glimmora|Meteor Beam|p2a: Spikey thingy|[from] lockedmove
|-damage|p2a: Spikey thingy|5/100
|
|-weather|SunnyDay|[upkeep]
|-heal|p2a: Spikey thingy|12/100|[from] item: Leftovers
|upkeep
|turn|11
|inactive|magicsalt has 120 seconds left.
|
|t:|1779864483
|move|p1a: Glimmora|Meteor Beam||[still]
|-prepare|p1a: Glimmora|Meteor Beam
|-boost|p1a: Glimmora|spa|1
|move|p2a: Spikey thingy|Haze|p2a: Spikey thingy
|-clearallboost
|
|-weather|SunnyDay|[upkeep]
|-heal|p2a: Spikey thingy|18/100|[from] item: Leftovers
|upkeep
|turn|12
|
|t:|1779864489
|move|p2a: Spikey thingy|Baneful Bunker|p2a: Spikey thingy
|-singleturn|p2a: Spikey thingy|move: Protect
|move|p1a: Glimmora|Meteor Beam|p2a: Spikey thingy|[from] lockedmove
|-activate|p2a: Spikey thingy|move: Protect
|
|-weather|none
|-heal|p2a: Spikey thingy|24/100|[from] item: Leftovers
|upkeep
|turn|13
|-message|destructeurdecul forfeited.
|
|win|magicsalt
|raw|destructeurdecul's rating: 1231 &rarr; <strong>1200</strong><br />(-31 for losing)
|raw|magicsalt's rating: 1151 &rarr; <strong>1182</strong><br />(+31 for winning)
|l|☆destructeurdecul
|player|p1|
|l|☆magicsalt
|player|p2|
