|j|☆heisgay
|j|☆Lupinteh3
|t:|1779905670
|gametype|singles
|player|p1|heisgay|101|1036
|player|p2|Lupinteh3|ethan|1065
|gen|9
|tier|[Gen 9] OU
|rated|
|rule|HP Percentage Mod: HP is shown in percentages
|rule|Endless Battle Clause: Forcing endless battles is banned
|rule|Species Clause: Limit one of each Pokémon
|rule|OHKO Clause: OHKO moves are banned
|rule|Evasion Items Clause: Evasion items are banned
|rule|Evasion Moves Clause: Evasion moves are banned
|rule|Evasion Abilities Clause: Evasion abilities are banned
|rule|Sleep Moves Clause: Sleep-inducing moves are banned
|clearpoke
|poke|p1|Ogerpon, F|
|poke|p1|Moltres|
|poke|p1|Dragapult, M|
|poke|p1|Dragonite, M|
|poke|p1|Slowking-Galar, F|
|poke|p1|Great Tusk|
|poke|p2|Dudunsparce-*, M|
|poke|p2|Gyarados, F|
|poke|p2|Yanmega, M|
|poke|p2|Iron Moth|
|poke|p2|Eelektross, F|
|poke|p2|Serperior, M|
|teampreview
|j| timmycoachgod
|c| timmycoachgod|yo
|c| timmycoachgod|i’m his coach i hope that’s ok
|c| timmycoachgod|lead pult
|inactive|Battle timer is ON: inactive players will automatically lose when time's up. (requested by heisgay)
|
|t:|1779905707
|teamsize|p1|6
|teamsize|p2|6
|start
|switch|p1a: Slowking|Slowking-Galar, F|100/100
|switch|p2a: Dudunsparce|Dudunsparce-Three-Segment, M|100/100
|turn|1
|
|t:|1779905718
|move|p2a: Dudunsparce|Body Slam|p1a: Slowking
|-damage|p1a: Slowking|56/100
|move|p1a: Slowking|Thunder Wave|p2a: Dudunsparce
|-status|p2a: Dudunsparce|par
|
|upkeep
|turn|2
|
|t:|1779905724
|move|p1a: Slowking|Future Sight|p2a: Dudunsparce
|-start|p1a: Slowking|move: Future Sight
|move|p2a: Dudunsparce|Body Slam|p1a: Slowking
|-damage|p1a: Slowking|10/100
|-status|p1a: Slowking|par
|
|upkeep
|turn|3
|
|t:|1779905729
|switch|p1a: Dragapult|Dragapult, M|100/100
|move|p2a: Dudunsparce|Body Slam|p1a: Dragapult
|-immune|p1a: Dragapult
|
|upkeep
|turn|4
|c| timmycoachgod|keep gaining tempo
|
|t:|1779905738
|move|p1a: Dragapult|Dragon Darts|p2a: Dudunsparce
|-damage|p2a: Dudunsparce|84/100 par
|-anim|p1a: Dragapult|Dragon Darts|p2a: Dudunsparce
|-damage|p2a: Dudunsparce|67/100 par
|cant|p2a: Dudunsparce|par
|
|-end|p2a: Dudunsparce|move: Future Sight
|-damage|p2a: Dudunsparce|14/100 par
|upkeep
|turn|5
|
|t:|1779905749
|move|p1a: Dragapult|Dragon Darts|p2a: Dudunsparce
|-damage|p2a: Dudunsparce|0 fnt
|faint|p2a: Dudunsparce
|
|upkeep
|c| timmycoachgod|good timmy
|inactive|Lupinteh3 has 120 seconds left.
|
|t:|1779905779
|switch|p2a: Serperior|Serperior, M|100/100
|turn|6
|c| timmycoachgod|an iq too high?
|c| timmycoachgod|ok so i want u to twave this shit
|
|t:|1779905795
|move|p1a: Dragapult|U-turn|p2a: Serperior
|-supereffective|p2a: Serperior
|-damage|p2a: Serperior|58/100
|
|t:|1779905798
|switch|p1a: Moltres|Moltres|100/100|[from] U-turn
|move|p2a: Serperior|Glare|p1a: Moltres
|-status|p1a: Moltres|par
|
|upkeep
|turn|7
|
|t:|1779905806
|move|p2a: Serperior|Dragon Pulse|p1a: Moltres
|-damage|p1a: Moltres|82/100 par
|move|p1a: Moltres|Flamethrower|p2a: Serperior
|-supereffective|p2a: Serperior
|-damage|p2a: Serperior|0 fnt
|faint|p2a: Serperior
|
|upkeep
|
|t:|1779905814
|switch|p2a: Eelektross|Eelektross, F|100/100
|turn|8
|c| timmycoachgod|OHH I KNOW HE SALTY
|l|☆heisgay
|inactive|heisgay disconnected and has a minute to reconnect!
|player|p1|
|j|☆heisgay
|inactive|heisgay reconnected and has 125 seconds left.
|player|p1|heisgay|101|
|c| timmycoachgod|willo alsayd
|inactive|heisgay has 120 seconds left.
|c| timmycoachgod|galar to gain tempi
|c|☆heisgay|Thanks coach but I’m good
|c| timmycoachgod|stfu
|c|☆heisgay|gonna go for flamethrower
|c| timmycoachgod|f
|
|t:|1779905862
|move|p2a: Eelektross|Supercell Slam|p1a: Moltres
|-supereffective|p1a: Moltres
|-damage|p1a: Moltres|8/100 par
|move|p1a: Moltres|U-turn|p2a: Eelektross
|-damage|p2a: Eelektross|86/100
|-damage|p1a: Moltres|0 fnt|[from] item: Rocky Helmet|[of] p2a: Eelektross
|faint|p1a: Moltres
|
|upkeep
|c| timmycoachgod|i hate you
|
|t:|1779905870
|switch|p1a: Dragonite|Dragonite, M|100/100
|turn|9
|c| timmycoachgod|in our lessons i recorded you
|c| timmycoachgod|haha
|c|☆heisgay|Coach what do I did
|c| timmycoachgod|get sold to bm
|c|☆heisgay|Coach what do I do
|inactive|heisgay has 90 seconds left.
|c| timmycoachgod|you didn’t listen to my advide
|c|☆heisgay|do I terrastalize to flying
|c| timmycoachgod|idk
|c| timmycoachgod|forfeit loser
|c| timmycoachgod|fly
|c| timmycoachgod|away
|c|☆heisgay|or will I get Ohko by supercell spam
|
|t:|1779905917
|switch|p1a: Great Tusk|Great Tusk|100/100
|move|p2a: Eelektross|Supercell Slam|p1a: Great Tusk
|-immune|p1a: Great Tusk
|-damage|p2a: Eelektross|36/100|[from] supercellslam
|
|upkeep
|turn|10
|c| timmycoachgod|not tusk
|c| timmycoachgod|wtf
|c| timmycoachgod|sh
|c| timmycoachgod|why
|c| timmycoachgod|why
|c| timmycoachgod|why
|c|☆heisgay|Coach it worked
|
|t:|1779905934
|move|p1a: Great Tusk|Rapid Spin|p2a: Eelektross
|-damage|p2a: Eelektross|15/100
|-boost|p1a: Great Tusk|spe|1
|-damage|p1a: Great Tusk|84/100|[from] item: Rocky Helmet|[of] p2a: Eelektross
|move|p2a: Eelektross|Zen Headbutt|p1a: Great Tusk
|-supereffective|p1a: Great Tusk
|-damage|p1a: Great Tusk|48/100
|
|upkeep
|turn|11
|c| timmycoachgod|please stop
|c|☆heisgay|coach I predicted the supe fell dpam
|c|☆heisgay|Coach in winning
|c| timmycoachgod|dang nice kid
|
|t:|1779905949
|move|p1a: Great Tusk|Rapid Spin|p2a: Eelektross
|-damage|p2a: Eelektross|0 fnt
|-boost|p1a: Great Tusk|spe|1
|-damage|p1a: Great Tusk|31/100|[from] item: Rocky Helmet|[of] p2a: Eelektross
|faint|p2a: Eelektross
|
|upkeep
|c| timmycoachgod|i have hope for your life
|c| timmycoachgod|i will kill uo
|c|☆heisgay|Coach stop being kean
|c| timmycoachgod|what
|inactive|Lupinteh3 has 120 seconds left.
|c| timmycoachgod|stop
|c|☆heisgay|I have a dig bick
|c| timmycoachgod|nice swee
|c| timmycoachgod|excited
|c| timmycoachgod|to see it
|inactive|Lupinteh3 has 90 seconds left.
|c| timmycoachgod|dick is big
|c| timmycoachgod|phimosis
|inactive|Lupinteh3 has 60 seconds left.
|c|☆heisgay|Dick is huge
|c| timmycoachgod|woe
|c|☆heisgay|PARAPHIMOSIS
|c| timmycoachgod|i likry
|c|☆heisgay|u have a micropenis
|c| timmycoachgod|same
|
|t:|1779906047
|switch|p2a: Gyarados|Gyarados, F|100/100
|-ability|p2a: Gyarados|Intimidate|boost
|-unboost|p1a: Great Tusk|atk|1
|turn|12
|c| timmycoachgod|but i jelq
|
|t:|1779906060
|move|p1a: Great Tusk|Ice Spinner|p2a: Gyarados
|-damage|p2a: Gyarados|73/100
|move|p2a: Gyarados|Dragon Dance|p2a: Gyarados
|-boost|p2a: Gyarados|atk|1
|-boost|p2a: Gyarados|spe|1
|
|-heal|p2a: Gyarados|79/100|[from] item: Leftovers
|upkeep
|turn|13
|inactive|Lupinteh3 has 60 seconds left.
|
|t:|1779906070
|move|p1a: Great Tusk|Close Combat|p2a: Gyarados
|-resisted|p2a: Gyarados
|-damage|p2a: Gyarados|48/100
|-unboost|p1a: Great Tusk|def|1
|-unboost|p1a: Great Tusk|spd|1
|move|p2a: Gyarados|Waterfall|p1a: Great Tusk
|-supereffective|p1a: Great Tusk
|-damage|p1a: Great Tusk|0 fnt
|faint|p1a: Great Tusk
|-end|p1a: Great Tusk|Protosynthesis|[silent]
|
|-heal|p2a: Gyarados|54/100|[from] item: Leftovers
|upkeep
|c|☆heisgay|Coach help
|c| timmycoachgod|helpers jelq kid
|c| timmycoachgod|oh shoot
|
|t:|1779906083
|switch|p1a: Slowking|Slowking-Galar, F|43/100 par
|turn|14
|c| timmycoachgod|bring tusk back alive
|
|t:|1779906087
|move|p2a: Gyarados|Earthquake|p1a: Slowking
|-supereffective|p1a: Slowking
|-damage|p1a: Slowking|0 fnt
|faint|p1a: Slowking
|
|-heal|p2a: Gyarados|60/100|[from] item: Leftovers
|upkeep
|c|☆heisgay|Coach wtf
|c| timmycoachgod|i am getting dwported
|c| timmycoachgod|help me cross the boatd
|
|t:|1779906101
|switch|p1a: Dragapult|Dragapult, M|100/100
|turn|15
|c| timmycoachgod|i mean mexico
|c| timmycoachgod|i don’t like tacos
|
|t:|1779906109
|-terastallize|p1a: Dragapult|Ghost
|move|p1a: Dragapult|Will-O-Wisp|p2a: Gyarados
|-status|p2a: Gyarados|brn
|move|p2a: Gyarados|Dragon Tail|p1a: Dragapult
|-crit|p1a: Dragapult
|-damage|p1a: Dragapult|66/100
|drag|p1a: Ogerpon|Ogerpon, F|100/100
|
|-heal|p2a: Gyarados|66/100 brn|[from] item: Leftovers
|-damage|p2a: Gyarados|60/100 brn|[from] brn
|upkeep
|turn|16
|c|☆heisgay|Coach
|c|☆heisgay|coach help
|inactive|heisgay has 90 seconds left.
|inactive|Lupinteh3 has 90 seconds left.
|c| timmycoachgod|i miss amerida
|c|☆heisgay|COACH U BITCH
|c| timmycoachgod|i am better that you guys so trash
|c| timmycoachgod|why
|
|t:|1779906131
|switch|p2a: Iron Moth|Iron Moth|100/100
|-enditem|p2a: Iron Moth|Booster Energy
|-activate|p2a: Iron Moth|ability: Quark Drive|[fromitem]
|-start|p2a: Iron Moth|quarkdrivespa
|move|p1a: Ogerpon|U-turn|p2a: Iron Moth
|-resisted|p2a: Iron Moth
|-damage|p2a: Iron Moth|91/100
|inactive|heisgay has 90 seconds left.
|c|☆heisgay|COACH U POS
|c| timmycoachgod|juh
|
|t:|1779906151
|switch|p1a: Dragonite|Dragonite, M|100/100|[from] U-turn
|
|upkeep
|turn|17
|
|t:|1779906159
|move|p2a: Iron Moth|Toxic Spikes|p1a: Dragonite
|-sidestart|p1: heisgay|move: Toxic Spikes
|move|p1a: Dragonite|Earthquake|p2a: Iron Moth
|-supereffective|p2a: Iron Moth
|-damage|p2a: Iron Moth|0 fnt
|faint|p2a: Iron Moth
|-end|p2a: Iron Moth|Quark Drive|[silent]
|
|upkeep
|
|t:|1779906165
|switch|p2a: Yanmega|Yanmega, M|100/100
|turn|18
|c| timmycoachgod|moth lol
|inactive|Lupinteh3 has 90 seconds left.
|
|t:|1779906172
|move|p2a: Yanmega|Air Slash|p1a: Dragonite
|-damage|p1a: Dragonite|82/100
|move|p1a: Dragonite|Dragon Dance|p1a: Dragonite
|-boost|p1a: Dragonite|atk|1
|-boost|p1a: Dragonite|spe|1
|
|-ability|p2a: Yanmega|Speed Boost|boost
|-boost|p2a: Yanmega|spe|1
|upkeep
|turn|19
|c|☆heisgay|Coach help me
|c|☆heisgay|coach help
|
|t:|1779906188
|move|p2a: Yanmega|Tailwind|p2a: Yanmega
|-sidestart|p2: Lupinteh3|move: Tailwind
|move|p1a: Dragonite|Dragon Dance|p1a: Dragonite
|-boost|p1a: Dragonite|atk|1
|-boost|p1a: Dragonite|spe|1
|
|-ability|p2a: Yanmega|Speed Boost|boost
|-boost|p2a: Yanmega|spe|1
|upkeep
|turn|20
|c|☆heisgay|COACH
|c| timmycoachgod|willo idiot
|inactive|Lupinteh3 has 90 seconds left.
|
|t:|1779906207
|move|p2a: Yanmega|Air Slash|p1a: Dragonite
|-damage|p1a: Dragonite|46/100
|move|p1a: Dragonite|Dragon Dance|p1a: Dragonite
|-boost|p1a: Dragonite|atk|1
|-boost|p1a: Dragonite|spe|1
|
|-ability|p2a: Yanmega|Speed Boost|boost
|-boost|p2a: Yanmega|spe|1
|upkeep
|turn|21
|c| timmycoachgod|set hazards late game dtra
|
|t:|1779906214
|move|p2a: Yanmega|Air Slash|p1a: Dragonite
|-damage|p1a: Dragonite|8/100
|cant|p1a: Dragonite|flinch
|
|-ability|p2a: Yanmega|Speed Boost|boost
|-boost|p2a: Yanmega|spe|1
|upkeep
|turn|22
|c| timmycoachgod|put speed with draga
|c| timmycoachgod|loser
|
|t:|1779906220
|move|p1a: Dragonite|Extreme Speed|p2a: Yanmega
|-damage|p2a: Yanmega|5/100
|-damage|p1a: Dragonite|0 fnt|[from] item: Rocky Helmet|[of] p2a: Yanmega
|faint|p1a: Dragonite
|move|p2a: Yanmega|Air Slash|p1: Dragonite|[notarget]
|-fail|p2a: Yanmega
|
|-sideend|p2: Lupinteh3|move: Tailwind
|-ability|p2a: Yanmega|Speed Boost|boost
|-boost|p2a: Yanmega|spe|1
|upkeep
|c| timmycoachgod|respond
|c| timmycoachgod|losrr
|
|t:|1779906225
|switch|p1a: Ogerpon|Ogerpon, F|100/100
|turn|23
|c|☆heisgay|Coach fuck i
|
|t:|1779906235
|move|p2a: Yanmega|Bug Buzz|p1a: Ogerpon
|-supereffective|p1a: Ogerpon
|-damage|p1a: Ogerpon|0 fnt
|faint|p1a: Ogerpon
|
|-ability|p2a: Yanmega|Speed Boost|boost
|-boost|p2a: Yanmega|spe|1
|upkeep
|n|!heisgay|heisgay
|c| timmycoachgod|yoh lost they was my goal
|inactive|heisgay has 120 seconds left.
|
|t:|1779906252
|switch|p1a: Dragapult|Dragapult, M, tera:Ghost|66/100
|turn|24
|inactive|heisgay has 120 seconds left.
|
|t:|1779906258
|move|p2a: Yanmega|Air Slash|p1a: Dragapult
|-damage|p1a: Dragapult|8/100
|move|p1a: Dragapult|Hex|p2a: Yanmega
|-damage|p2a: Yanmega|0 fnt
|faint|p2a: Yanmega
|
|upkeep
|c| timmycoachgod|yea i so
|
|t:|1779906264
|switch|p2a: Gyarados|Gyarados, F|60/100 brn
|-ability|p2a: Gyarados|Intimidate|boost
|-unboost|p1a: Dragapult|atk|1
|turn|25
|c| timmycoachgod|i like hugging kids
|
|t:|1779906272
|move|p1a: Dragapult|Hex|p2a: Gyarados
|-damage|p2a: Gyarados|0 fnt
|faint|p2a: Gyarados
|
|win|heisgay
