|j|☆hquijada
|j|☆ChicomeOllin
|t:|1779892699
|gametype|singles
|player|p1|hquijada|102|1155
|player|p2|ChicomeOllin|harlequin|1179
|gen|9
|tier|[Gen 9] OU
|rated|
|rule|HP Percentage Mod: HP is shown in percentages
|rule|Endless Battle Clause: Forcing endless battles is banned
|rule|Species Clause: Limit one of each Pokémon
|rule|OHKO Clause: OHKO moves are banned
|rule|Evasion Items Clause: Evasion items are banned
|rule|Evasion Moves Clause: Evasion moves are banned
|rule|Evasion Abilities Clause: Evasion abilities are banned
|rule|Sleep Moves Clause: Sleep-inducing moves are banned
|clearpoke
|poke|p1|Iron Moth|
|poke|p1|Gliscor, F|
|poke|p1|Hatterene, F|
|poke|p1|Ogerpon-Wellspring, F|
|poke|p1|Raging Bolt|
|poke|p1|Zamazenta-*|
|poke|p2|Sylveon, M|
|poke|p2|Falinks|
|poke|p2|Ceruledge, M|
|poke|p2|Dedenne, M|
|poke|p2|Quaquaval, M|
|poke|p2|Ursaluna, F|
|teampreview
|inactive|Battle timer is ON: inactive players will automatically lose when time's up. (requested by hquijada)
|
|t:|1779892713
|teamsize|p1|6
|teamsize|p2|6
|start
|switch|p1a: Zamazenta|Zamazenta|100/100
|switch|p2a: Coyolxauhqui|Ursaluna, F|100/100
|-ability|p1a: Zamazenta|Dauntless Shield|boost
|-boost|p1a: Zamazenta|def|1
|turn|1
|
|t:|1779892725
|switch|p2a: Oberon|Sylveon, M|100/100
|move|p1a: Zamazenta|Reflect|p1a: Zamazenta
|-sidestart|p1: hquijada|Reflect
|
|upkeep
|turn|2
|
|t:|1779892740
|move|p1a: Zamazenta|Light Screen|p1a: Zamazenta
|-sidestart|p1: hquijada|move: Light Screen
|move|p2a: Oberon|Hyper Voice|p1a: Zamazenta
|-supereffective|p1a: Zamazenta
|-damage|p1a: Zamazenta|47/100
|
|upkeep
|turn|3
|
|t:|1779892752
|switch|p1a: Iron Moth|Iron Moth|100/100
|-enditem|p1a: Iron Moth|Booster Energy
|-activate|p1a: Iron Moth|ability: Quark Drive|[fromitem]
|-start|p1a: Iron Moth|quarkdrivespe
|move|p2a: Oberon|Hyper Voice|p1a: Iron Moth
|-resisted|p1a: Iron Moth
|-crit|p1a: Iron Moth
|-damage|p1a: Iron Moth|78/100
|
|upkeep
|turn|4
|
|t:|1779892775
|switch|p2a: Shiva|Quaquaval, M|100/100
|move|p1a: Iron Moth|Toxic Spikes|p2a: Shiva
|-sidestart|p2: ChicomeOllin|move: Toxic Spikes
|
|upkeep
|turn|5
|
|t:|1779892785
|-end|p1a: Iron Moth|Quark Drive|[silent]
|switch|p1a: Ogerpon|Ogerpon-Wellspring, F|100/100
|move|p2a: Shiva|Aqua Step|p1a: Ogerpon
|-immune|p1a: Ogerpon|[from] ability: Water Absorb
|
|upkeep
|turn|6
|inactive|ChicomeOllin has 120 seconds left.
|
|t:|1779892820
|switch|p2a: Peréz|Dedenne, M|100/100
|-status|p2a: Peréz|psn
|-terastallize|p1a: Ogerpon|Water
|detailschange|p1a: Ogerpon|Ogerpon-Wellspring-Tera, F, tera:Water
|-ability|p1a: Ogerpon|Embody Aspect (Wellspring)|boost
|-boost|p1a: Ogerpon|spd|1
|move|p1a: Ogerpon|Trailblaze|p2a: Peréz
|-damage|p2a: Peréz|34/100 psn
|-boost|p1a: Ogerpon|spe|1
|-enditem|p2a: Peréz|Sitrus Berry|[eat]
|-heal|p2a: Peréz|59/100 psn|[from] item: Sitrus Berry
|-heal|p2a: Peréz|92/100 psn|[from] ability: Cheek Pouch
|
|-damage|p2a: Peréz|80/100 psn|[from] psn
|upkeep
|turn|7
|
|t:|1779892844
|move|p1a: Ogerpon|Ivy Cudgel|p2a: Peréz|[anim] Ivy Cudgel Water
|-damage|p2a: Peréz|0 fnt
|faint|p2a: Peréz
|
|upkeep
|
|t:|1779892857
|switch|p2a: Oberon|Sylveon, M|100/100
|-status|p2a: Oberon|psn
|turn|8
|
|t:|1779892868
|move|p1a: Ogerpon|Swords Dance|p1a: Ogerpon
|-boost|p1a: Ogerpon|atk|2
|move|p2a: Oberon|Calm Mind|p2a: Oberon
|-boost|p2a: Oberon|spa|1
|-boost|p2a: Oberon|spd|1
|
|-damage|p2a: Oberon|88/100 psn|[from] psn
|-sideend|p1: hquijada|Reflect
|upkeep
|turn|9
|c|☆hquijada|gg
|inactive|ChicomeOllin has 90 seconds left.
|
|t:|1779892885
|-terastallize|p2a: Oberon|Fairy
|move|p1a: Ogerpon|Ivy Cudgel|p2a: Oberon|[anim] Ivy Cudgel Water
|-damage|p2a: Oberon|0 fnt
|faint|p2a: Oberon
|
|-sideend|p1: hquijada|move: Light Screen
|upkeep
|inactive|ChicomeOllin has 90 seconds left.
|
|t:|1779892901
|switch|p2a: Shiva|Quaquaval, M|100/100
|-status|p2a: Shiva|psn
|turn|10
|-message|ChicomeOllin forfeited.
|
|win|hquijada
|raw|hquijada's rating: 1155 &rarr; <strong>1182</strong><br />(+27 for winning)
|raw|ChicomeOllin's rating: 1179 &rarr; <strong>1152</strong><br />(-27 for losing)
|l|☆ChicomeOllin
|player|p2|
|l|☆hquijada
|player|p1|
