|j|☆OkidogiXXV
|j|☆cancelacion
|t:|1779883984
|gametype|singles
|player|p1|OkidogiXXV|1|1141
|player|p2|cancelacion|scientist-gen4dp|1068
|gen|9
|tier|[Gen 9] OU
|rated|
|rule|HP Percentage Mod: HP is shown in percentages
|rule|Endless Battle Clause: Forcing endless battles is banned
|rule|Species Clause: Limit one of each Pokémon
|rule|OHKO Clause: OHKO moves are banned
|rule|Evasion Items Clause: Evasion items are banned
|rule|Evasion Moves Clause: Evasion moves are banned
|rule|Evasion Abilities Clause: Evasion abilities are banned
|rule|Sleep Moves Clause: Sleep-inducing moves are banned
|clearpoke
|poke|p1|Okidogi, M|
|poke|p1|Weavile, F|
|poke|p1|Dondozo, F|
|poke|p1|Raboot, F|
|poke|p1|Ogerpon, F|
|poke|p1|Garganacl, M|
|poke|p2|Toxicroak, F|
|poke|p2|Ludicolo, M|
|poke|p2|Barraskewda, F|
|poke|p2|Pelipper, M|
|poke|p2|Beartic, M|
|poke|p2|Kilowattrel, F|
|teampreview
|
|t:|1779883998
|teamsize|p1|6
|teamsize|p2|6
|start
|switch|p1a: Garganacl|Garganacl, M|100/100
|switch|p2a: Pelipper|Pelipper, M|100/100
|-weather|RainDance|[from] ability: Drizzle|[of] p2a: Pelipper
|turn|1
|
|t:|1779884007
|move|p2a: Pelipper|Surf|p1a: Garganacl
|-supereffective|p1a: Garganacl
|-crit|p1a: Garganacl
|-damage|p1a: Garganacl|0 fnt
|faint|p1a: Garganacl
|
|-weather|RainDance|[upkeep]
|upkeep
|inactive|Battle timer is ON: inactive players will automatically lose when time's up. (requested by cancelacion)
|
|t:|1779884037
|switch|p1a: Ogerpon|Ogerpon, F|100/100
|turn|2
|
|t:|1779884049
|switch|p2a: Kilowattrel|Kilowattrel, F, shiny|100/100
|-terastallize|p1a: Ogerpon|Grass
|detailschange|p1a: Ogerpon|Ogerpon-Teal-Tera, F, tera:Grass
|-ability|p1a: Ogerpon|Embody Aspect (Teal)|boost
|-boost|p1a: Ogerpon|spe|1
|move|p1a: Ogerpon|Knock Off|p2a: Kilowattrel
|-damage|p2a: Kilowattrel|40/100
|-enditem|p2a: Kilowattrel|Leftovers|[from] move: Knock Off|[of] p1a: Ogerpon
|
|-weather|RainDance|[upkeep]
|upkeep
|turn|3
|
|t:|1779884062
|move|p1a: Ogerpon|Knock Off|p2a: Kilowattrel
|-damage|p2a: Kilowattrel|0 fnt
|faint|p2a: Kilowattrel
|
|-weather|RainDance|[upkeep]
|upkeep
|
|t:|1779884068
|switch|p2a: Beartic|Beartic, M, shiny|100/100
|turn|4
|
|t:|1779884077
|move|p1a: Ogerpon|Play Rough|p2a: Beartic
|-damage|p2a: Beartic|63/100
|-unboost|p2a: Beartic|atk|1
|move|p2a: Beartic|Icicle Spear|p1a: Ogerpon
|-supereffective|p1a: Ogerpon
|-damage|p1a: Ogerpon|77/100
|-enditem|p1a: Ogerpon|Weakness Policy
|-boost|p1a: Ogerpon|atk|2|[from] item: Weakness Policy
|-boost|p1a: Ogerpon|spa|2|[from] item: Weakness Policy
|-supereffective|p1a: Ogerpon
|-damage|p1a: Ogerpon|51/100
|-supereffective|p1a: Ogerpon
|-damage|p1a: Ogerpon|28/100
|-supereffective|p1a: Ogerpon
|-damage|p1a: Ogerpon|4/100
|-hitcount|p1a: Ogerpon|4
|
|-weather|RainDance|[upkeep]
|upkeep
|turn|5
|
|t:|1779884096
|move|p1a: Ogerpon|Knock Off|p2a: Beartic
|-damage|p2a: Beartic|0 fnt
|-enditem|p2a: Beartic|Loaded Dice|[from] move: Knock Off|[of] p1a: Ogerpon
|faint|p2a: Beartic
|
|-weather|RainDance|[upkeep]
|upkeep
|
|t:|1779884101
|switch|p2a: Barraskewda|Barraskewda, F|100/100
|turn|6
|
|t:|1779884109
|move|p2a: Barraskewda|Aqua Jet|p1a: Ogerpon
|-resisted|p1a: Ogerpon
|-damage|p1a: Ogerpon|0 fnt
|faint|p1a: Ogerpon
|detailschange|p1: Ogerpon|Ogerpon, F|[silent]
|
|-weather|RainDance|[upkeep]
|upkeep
|
|t:|1779884131
|switch|p1a: Okidogi|Okidogi, M|100/100
|turn|7
|
|t:|1779884140
|switch|p2a: Toxicroak|Toxicroak, F|100/100
|move|p1a: Okidogi|Drain Punch|p2a: Toxicroak
|-resisted|p2a: Toxicroak
|-damage|p2a: Toxicroak|69/100
|
|-weather|RainDance|[upkeep]
|-heal|p2a: Toxicroak|81/100|[from] ability: Dry Skin
|-heal|p2a: Toxicroak|87/100|[from] item: Leftovers
|upkeep
|turn|8
|
|t:|1779884152
|switch|p1a: Dondozo|Dondozo, F|100/100
|move|p2a: Toxicroak|Swords Dance|p2a: Toxicroak
|-boost|p2a: Toxicroak|atk|2
|
|-weather|none
|-heal|p2a: Toxicroak|93/100|[from] item: Leftovers
|upkeep
|turn|9
|
|t:|1779884157
|move|p2a: Toxicroak|Gunk Shot|p1a: Dondozo
|-damage|p1a: Dondozo|67/100
|move|p1a: Dondozo|Earthquake|p2a: Toxicroak
|-supereffective|p2a: Toxicroak
|-damage|p2a: Toxicroak|0 fnt
|faint|p2a: Toxicroak
|
|upkeep
|
|t:|1779884163
|switch|p2a: Pelipper|Pelipper, M|100/100
|-weather|RainDance|[from] ability: Drizzle|[of] p2a: Pelipper
|turn|10
|
|t:|1779884171
|switch|p2a: Ludicolo|Ludicolo, M, shiny|100/100
|switch|p1a: Raboot|Raboot, F|100/100
|
|-weather|RainDance|[upkeep]
|upkeep
|turn|11
|
|t:|1779884187
|move|p2a: Ludicolo|Hydro Pump|p1a: Raboot|[miss]
|-miss|p2a: Ludicolo|p1a: Raboot
|move|p1a: Raboot|Gunk Shot|p2a: Ludicolo
|-start|p1a: Raboot|typechange|Poison|[from] ability: Libero
|-supereffective|p2a: Ludicolo
|-damage|p2a: Ludicolo|0 fnt
|faint|p2a: Ludicolo
|
|-weather|RainDance|[upkeep]
|upkeep
|
|t:|1779884200
|switch|p2a: Barraskewda|Barraskewda, F|100/100
|turn|12
|
|t:|1779884206
|move|p2a: Barraskewda|Liquidation|p1a: Raboot
|-damage|p1a: Raboot|0 fnt
|faint|p1a: Raboot
|
|-weather|RainDance|[upkeep]
|upkeep
|
|t:|1779884215
|switch|p1a: Okidogi|Okidogi, M|100/100
|turn|13
|
|t:|1779884223
|move|p2a: Barraskewda|Liquidation|p1a: Okidogi
|-damage|p1a: Okidogi|0 fnt
|faint|p1a: Okidogi
|
|-weather|RainDance|[upkeep]
|upkeep
|
|t:|1779884231
|switch|p1a: Weavile|Weavile, F|100/100
|-ability|p1a: Weavile|Pressure
|turn|14
|
|t:|1779884239
|switch|p2a: Pelipper|Pelipper, M|100/100
|move|p1a: Weavile|Triple Axel|p2a: Pelipper
|-damage|p2a: Pelipper|89/100
|-damage|p2a: Pelipper|68/100
|-damage|p2a: Pelipper|35/100
|-hitcount|p2a: Pelipper|3
|
|-weather|RainDance|[upkeep]
|upkeep
|turn|15
|
|t:|1779884250
|switch|p2a: Barraskewda|Barraskewda, F|100/100
|move|p1a: Weavile|Triple Axel|p2a: Barraskewda|[miss]
|-miss|p1a: Weavile|p2a: Barraskewda
|
|-weather|RainDance|[upkeep]
|upkeep
|turn|16
|
|t:|1779884258
|move|p2a: Barraskewda|Close Combat|p1a: Weavile
|-supereffective|p1a: Weavile
|-enditem|p1a: Weavile|Focus Sash
|-damage|p1a: Weavile|1/100
|-unboost|p2a: Barraskewda|def|1
|-unboost|p2a: Barraskewda|spd|1
|move|p1a: Weavile|Triple Axel|p2a: Barraskewda
|-resisted|p2a: Barraskewda
|-damage|p2a: Barraskewda|87/100
|-resisted|p2a: Barraskewda
|-damage|p2a: Barraskewda|58/100
|-resisted|p2a: Barraskewda
|-damage|p2a: Barraskewda|12/100
|-hitcount|p2a: Barraskewda|3
|
|-weather|RainDance|[upkeep]
|upkeep
|turn|17
|
|t:|1779884276
|move|p1a: Weavile|Ice Shard|p2a: Barraskewda
|-resisted|p2a: Barraskewda
|-damage|p2a: Barraskewda|0 fnt
|faint|p2a: Barraskewda
|
|-weather|none
|upkeep
|
|t:|1779884281
|switch|p2a: Pelipper|Pelipper, M|35/100
|-weather|RainDance|[from] ability: Drizzle|[of] p2a: Pelipper
|turn|18
|
|t:|1779884286
|move|p1a: Weavile|Triple Axel|p2a: Pelipper
|-damage|p2a: Pelipper|23/100
|-damage|p2a: Pelipper|1/100
|-damage|p2a: Pelipper|0 fnt
|faint|p2a: Pelipper
|-hitcount|p2: Pelipper|3
|
|win|OkidogiXXV
|raw|OkidogiXXV's rating: 1141 &rarr; <strong>1161</strong><br />(+20 for winning)
|raw|cancelacion's rating: 1068 &rarr; <strong>1052</strong><br />(-16 for losing)
|l|☆cancelacion
|player|p2|
|l|☆OkidogiXXV
|player|p1|
