|j|☆Kiggg
|j|☆unova arowak
|t:|1779814394
|gametype|singles
|player|p1|Kiggg|1|1084
|player|p2|unova arowak|aetherfoundation2|1126
|gen|9
|tier|[Gen 9] OU
|rated|
|rule|HP Percentage Mod: HP is shown in percentages
|rule|Endless Battle Clause: Forcing endless battles is banned
|rule|Species Clause: Limit one of each Pokémon
|rule|OHKO Clause: OHKO moves are banned
|rule|Evasion Items Clause: Evasion items are banned
|rule|Evasion Moves Clause: Evasion moves are banned
|rule|Evasion Abilities Clause: Evasion abilities are banned
|rule|Sleep Moves Clause: Sleep-inducing moves are banned
|clearpoke
|poke|p1|Thundurus, M|
|poke|p1|Excadrill, M|
|poke|p1|Tyranitar, M|
|poke|p1|Rillaboom, M|
|poke|p1|Great Tusk|
|poke|p1|Mimikyu, M|
|poke|p2|Pelipper, M|
|poke|p2|Corviknight, M|
|poke|p2|Quagsire, M|
|poke|p2|Barraskewda, F|
|poke|p2|Bisharp, F|
|poke|p2|Zapdos|
|teampreview
|
|t:|1779814404
|teamsize|p1|6
|teamsize|p2|6
|start
|switch|p1a: Rillaboom|Rillaboom, M|100/100
|switch|p2a: Corviknight|Corviknight, M|100/100
|-fieldstart|move: Grassy Terrain|[from] ability: Grassy Surge|[of] p1a: Rillaboom
|-ability|p2a: Corviknight|Pressure
|turn|1
|
|t:|1779814414
|move|p1a: Rillaboom|U-turn|p2a: Corviknight
|-resisted|p2a: Corviknight
|-damage|p2a: Corviknight|97/100
|-damage|p1a: Rillaboom|84/100|[from] item: Rocky Helmet|[of] p2a: Corviknight
|inactive|Battle timer is ON: inactive players will automatically lose when time's up. (requested by unova arowak)
|
|t:|1779814424
|switch|p1a: Tyranitar|Tyranitar, M|100/100|[from] U-turn
|-weather|Sandstorm|[from] ability: Sand Stream|[of] p1a: Tyranitar
|move|p2a: Corviknight|U-turn|p1a: Tyranitar
|-supereffective|p1a: Tyranitar
|-damage|p1a: Tyranitar|79/100
|
|t:|1779814427
|switch|p2a: Pelipper|Pelipper, M|100/100|[from] U-turn
|-weather|RainDance|[from] ability: Drizzle|[of] p2a: Pelipper
|
|-weather|RainDance|[upkeep]
|-heal|p1a: Tyranitar|85/100|[from] Grassy Terrain
|upkeep
|turn|2
|
|t:|1779814450
|switch|p1a: Thundurus|Thundurus, M|100/100
|move|p2a: Pelipper|Knock Off|p1a: Thundurus
|-damage|p1a: Thundurus|82/100
|-enditem|p1a: Thundurus|Life Orb|[from] move: Knock Off|[of] p2a: Pelipper
|
|-weather|RainDance|[upkeep]
|upkeep
|turn|3
|
|t:|1779814463
|switch|p2a: Quagsire|Quagsire, M|100/100
|move|p1a: Thundurus|Thunder Wave|p2a: Quagsire
|-immune|p2a: Quagsire
|
|-weather|RainDance|[upkeep]
|upkeep
|turn|4
|
|t:|1779814477
|switch|p1a: Rillaboom|Rillaboom, M|84/100
|move|p2a: Quagsire|Stealth Rock|p1a: Rillaboom
|-sidestart|p1: Kiggg|move: Stealth Rock
|
|-weather|RainDance|[upkeep]
|-heal|p1a: Rillaboom|90/100|[from] Grassy Terrain
|upkeep
|turn|5
|
|t:|1779814490
|-terastallize|p2a: Quagsire|Fairy
|move|p1a: Rillaboom|U-turn|p2a: Quagsire
|-resisted|p2a: Quagsire
|-damage|p2a: Quagsire|91/100
|
|t:|1779814498
|switch|p1a: Great Tusk|Great Tusk|100/100|[from] U-turn
|-damage|p1a: Great Tusk|98/100|[from] Stealth Rock
|-enditem|p1a: Great Tusk|Booster Energy
|-activate|p1a: Great Tusk|ability: Protosynthesis|[fromitem]
|-start|p1a: Great Tusk|protosynthesisatk
|move|p2a: Quagsire|Toxic|p1a: Great Tusk
|-status|p1a: Great Tusk|tox
|
|-weather|RainDance|[upkeep]
|-heal|p1a: Great Tusk|100/100 tox|[from] Grassy Terrain
|-heal|p2a: Quagsire|97/100|[from] Grassy Terrain
|-heal|p2a: Quagsire|100/100|[from] item: Leftovers
|-damage|p1a: Great Tusk|94/100 tox|[from] psn
|-fieldend|move: Grassy Terrain
|upkeep
|turn|6
|
|t:|1779814507
|move|p1a: Great Tusk|Rapid Spin|p2a: Quagsire
|-damage|p2a: Quagsire|85/100
|-boost|p1a: Great Tusk|spe|1
|-sideend|p1: Kiggg|Stealth Rock|[from] move: Rapid Spin|[of] p1a: Great Tusk
|move|p2a: Quagsire|Earthquake|p1a: Great Tusk
|-damage|p1a: Great Tusk|72/100 tox
|
|-weather|RainDance|[upkeep]
|-heal|p2a: Quagsire|91/100|[from] item: Leftovers
|-damage|p1a: Great Tusk|60/100 tox|[from] psn
|upkeep
|turn|7
|inactive|Kiggg has 120 seconds left.
|
|t:|1779814533
|move|p1a: Great Tusk|Ice Spinner|p2a: Quagsire
|-damage|p2a: Quagsire|68/100
|move|p2a: Quagsire|Stealth Rock|p1a: Great Tusk
|-sidestart|p1: Kiggg|move: Stealth Rock
|
|-weather|RainDance|[upkeep]
|-heal|p2a: Quagsire|74/100|[from] item: Leftovers
|-damage|p1a: Great Tusk|41/100 tox|[from] psn
|upkeep
|turn|8
|inactive|Kiggg has 120 seconds left.
|
|t:|1779814544
|move|p1a: Great Tusk|Rapid Spin|p2a: Quagsire
|-damage|p2a: Quagsire|57/100
|-boost|p1a: Great Tusk|spe|1
|-sideend|p1: Kiggg|Stealth Rock|[from] move: Rapid Spin|[of] p1a: Great Tusk
|move|p2a: Quagsire|Recover|p2a: Quagsire
|-heal|p2a: Quagsire|100/100
|
|-weather|none
|-damage|p1a: Great Tusk|17/100 tox|[from] psn
|upkeep
|turn|9
|inactive|Kiggg has 120 seconds left.
|
|t:|1779814556
|-end|p1a: Great Tusk|Protosynthesis|[silent]
|switch|p1a: Rillaboom|Rillaboom, M|90/100
|-fieldstart|move: Grassy Terrain|[from] ability: Grassy Surge|[of] p1a: Rillaboom
|move|p2a: Quagsire|Stealth Rock|p1a: Rillaboom
|-sidestart|p1: Kiggg|move: Stealth Rock
|
|-heal|p1a: Rillaboom|96/100|[from] Grassy Terrain
|upkeep
|turn|10
|inactive|Kiggg has 120 seconds left.
|
|t:|1779814568
|move|p1a: Rillaboom|U-turn|p2a: Quagsire
|-resisted|p2a: Quagsire
|-damage|p2a: Quagsire|91/100
|inactive|Kiggg has 120 seconds left.
|
|t:|1779814573
|switch|p1a: Great Tusk|Great Tusk|17/100 tox|[from] U-turn
|-damage|p1a: Great Tusk|14/100 tox|[from] Stealth Rock
|move|p2a: Quagsire|Toxic|p1a: Great Tusk
|-fail|p1a: Great Tusk|tox
|
|-heal|p1a: Great Tusk|20/100 tox|[from] Grassy Terrain
|-heal|p2a: Quagsire|97/100|[from] Grassy Terrain
|-heal|p2a: Quagsire|100/100|[from] item: Leftovers
|-damage|p1a: Great Tusk|14/100 tox|[from] psn
|upkeep
|turn|11
|
|t:|1779814583
|move|p1a: Great Tusk|Headlong Rush|p2a: Quagsire
|-damage|p2a: Quagsire|56/100
|-unboost|p1a: Great Tusk|def|1
|-unboost|p1a: Great Tusk|spd|1
|move|p2a: Quagsire|Stealth Rock||[still]
|-fail|p2a: Quagsire
|
|-heal|p1a: Great Tusk|20/100 tox|[from] Grassy Terrain
|-heal|p2a: Quagsire|62/100|[from] Grassy Terrain
|-heal|p2a: Quagsire|68/100|[from] item: Leftovers
|-damage|p1a: Great Tusk|8/100 tox|[from] psn
|upkeep
|turn|12
|
|t:|1779814590
|move|p1a: Great Tusk|Rapid Spin|p2a: Quagsire
|-damage|p2a: Quagsire|56/100
|-boost|p1a: Great Tusk|spe|1
|-sideend|p1: Kiggg|Stealth Rock|[from] move: Rapid Spin|[of] p1a: Great Tusk
|move|p2a: Quagsire|Recover|p2a: Quagsire
|-heal|p2a: Quagsire|100/100
|
|-heal|p1a: Great Tusk|14/100 tox|[from] Grassy Terrain
|-damage|p1a: Great Tusk|0 fnt|[from] psn
|faint|p1a: Great Tusk
|-end|p1a: Great Tusk|Protosynthesis|[silent]
|upkeep
|
|t:|1779814597
|switch|p1a: Excadrill|Excadrill, M|100/100
|turn|13
|
|t:|1779814601
|switch|p2a: Pelipper|Pelipper, M|100/100
|-weather|RainDance|[from] ability: Drizzle|[of] p2a: Pelipper
|move|p1a: Excadrill|Swords Dance|p1a: Excadrill
|-boost|p1a: Excadrill|atk|2
|
|-weather|RainDance|[upkeep]
|-fieldend|move: Grassy Terrain
|upkeep
|turn|14
|
|t:|1779814613
|move|p1a: Excadrill|Iron Head|p2a: Pelipper
|-resisted|p2a: Pelipper
|-damage|p2a: Pelipper|36/100
|move|p2a: Pelipper|Knock Off|p1a: Excadrill
|-crit|p1a: Excadrill
|-damage|p1a: Excadrill|75/100
|-enditem|p1a: Excadrill|Focus Sash|[from] move: Knock Off|[of] p2a: Pelipper
|
|-weather|RainDance|[upkeep]
|upkeep
|turn|15
|
|t:|1779814622
|switch|p2a: Corviknight|Corviknight, M|97/100
|-ability|p2a: Corviknight|Pressure
|move|p1a: Excadrill|Swords Dance|p1a: Excadrill
|-boost|p1a: Excadrill|atk|2
|
|-weather|RainDance|[upkeep]
|upkeep
|turn|16
|
|t:|1779814635
|-terastallize|p1a: Excadrill|Ground
|move|p1a: Excadrill|Rock Slide|p2a: Corviknight
|-damage|p2a: Corviknight|48/100
|move|p2a: Corviknight|U-turn|p1a: Excadrill
|-damage|p1a: Excadrill|56/100
|
|t:|1779814639
|switch|p2a: Barraskewda|Barraskewda, F|100/100|[from] U-turn
|
|-weather|RainDance|[upkeep]
|upkeep
|turn|17
|c|☆unova arowak|bonk
|
|t:|1779814652
|switch|p1a: Rillaboom|Rillaboom, M|96/100
|-fieldstart|move: Grassy Terrain|[from] ability: Grassy Surge|[of] p1a: Rillaboom
|move|p2a: Barraskewda|Liquidation|p1a: Rillaboom
|-resisted|p1a: Rillaboom
|-damage|p1a: Rillaboom|47/100
|
|-weather|RainDance|[upkeep]
|-heal|p1a: Rillaboom|53/100|[from] Grassy Terrain
|upkeep
|turn|18
|c|☆unova arowak|awwww
|
|t:|1779814663
|move|p1a: Rillaboom|Grassy Glide|p2a: Barraskewda
|-supereffective|p2a: Barraskewda
|-damage|p2a: Barraskewda|0 fnt
|faint|p2a: Barraskewda
|
|-weather|RainDance|[upkeep]
|-heal|p1a: Rillaboom|59/100|[from] Grassy Terrain
|upkeep
|
|t:|1779814668
|switch|p2a: Zapdos|Zapdos|100/100
|turn|19
|
|t:|1779814677
|move|p2a: Zapdos|Hurricane|p1a: Rillaboom
|-supereffective|p1a: Rillaboom
|-damage|p1a: Rillaboom|0 fnt
|faint|p1a: Rillaboom
|
|-weather|RainDance|[upkeep]
|upkeep
|
|t:|1779814698
|switch|p1a: Thundurus|Thundurus, M|82/100
|turn|20
|
|t:|1779814715
|move|p1a: Thundurus|Thunderbolt|p2a: Zapdos
|-damage|p2a: Zapdos|49/100
|move|p2a: Zapdos|Hurricane|p1a: Thundurus
|-resisted|p1a: Thundurus
|-damage|p1a: Thundurus|46/100
|-start|p1a: Thundurus|confusion
|
|-weather|none
|upkeep
|turn|21
|
|t:|1779814737
|switch|p2a: Quagsire|Quagsire, M, tera:Fairy|100/100
|-activate|p1a: Thundurus|confusion
|move|p1a: Thundurus|Thunderbolt|p2a: Quagsire
|-damage|p2a: Quagsire|41/100
|-status|p2a: Quagsire|par
|
|-heal|p2a: Quagsire|47/100 par|[from] Grassy Terrain
|-heal|p2a: Quagsire|53/100 par|[from] item: Leftovers
|-fieldend|move: Grassy Terrain
|upkeep
|turn|22
|
|t:|1779814758
|-end|p1a: Thundurus|confusion
|move|p1a: Thundurus|Taunt|p2a: Quagsire
|-start|p2a: Quagsire|move: Taunt
|cant|p2a: Quagsire|move: Taunt|Stealth Rock
|
|-heal|p2a: Quagsire|59/100 par|[from] item: Leftovers
|upkeep
|turn|23
|
|t:|1779814770
|move|p1a: Thundurus|Thunderbolt|p2a: Quagsire
|-damage|p2a: Quagsire|3/100 par
|cant|p2a: Quagsire|par
|
|-heal|p2a: Quagsire|9/100 par|[from] item: Leftovers
|upkeep
|turn|24
|
|t:|1779814778
|switch|p2a: Zapdos|Zapdos|49/100
|move|p1a: Thundurus|Thunderbolt|p2a: Zapdos
|-damage|p2a: Zapdos|0 fnt
|faint|p2a: Zapdos
|
|upkeep
|
|t:|1779814779
|switch|p2a: Pelipper|Pelipper, M|36/100
|-weather|RainDance|[from] ability: Drizzle|[of] p2a: Pelipper
|turn|25
|
|t:|1779814791
|move|p1a: Thundurus|Thunderbolt|p2a: Pelipper
|-supereffective|p2a: Pelipper
|-damage|p2a: Pelipper|0 fnt
|faint|p2a: Pelipper
|
|-weather|RainDance|[upkeep]
|upkeep
|
|t:|1779814793
|switch|p2a: Bisharp|Bisharp, F|100/100
|turn|26
|
|t:|1779814801
|move|p1a: Thundurus|Focus Blast|p2a: Bisharp
|-supereffective|p2a: Bisharp
|-damage|p2a: Bisharp|0 fnt
|faint|p2a: Bisharp
|
|-weather|RainDance|[upkeep]
|upkeep
|
|t:|1779814803
|switch|p2a: Corviknight|Corviknight, M|48/100
|-ability|p2a: Corviknight|Pressure
|turn|27
|c|☆unova arowak|gg
|
|t:|1779814811
|move|p1a: Thundurus|Thunderbolt|p2a: Corviknight
|-supereffective|p2a: Corviknight
|-damage|p2a: Corviknight|0 fnt
|faint|p2a: Corviknight
|
|-weather|RainDance|[upkeep]
|upkeep
|
|t:|1779814813
|switch|p2a: Quagsire|Quagsire, M, tera:Fairy|9/100 par
|turn|28
|
|t:|1779814817
|move|p1a: Thundurus|Thunderbolt|p2a: Quagsire
|-damage|p2a: Quagsire|0 fnt
|faint|p2a: Quagsire
|
|win|Kiggg
|raw|Kiggg's rating: 1084 &rarr; <strong>1115</strong><br />(+31 for winning)
|raw|unova arowak's rating: 1126 &rarr; <strong>1098</strong><br />(-28 for losing)
|l|☆unova arowak
|player|p2|
