|j|☆iblameJoshua
|j|☆ortzac
|t:|1779861693
|gametype|singles
|player|p1|iblameJoshua|n|1071
|player|p2|ortzac|bellelba|1089
|gen|9
|tier|[Gen 9] OU
|rated|
|rule|HP Percentage Mod: HP is shown in percentages
|rule|Endless Battle Clause: Forcing endless battles is banned
|rule|Species Clause: Limit one of each Pokémon
|rule|OHKO Clause: OHKO moves are banned
|rule|Evasion Items Clause: Evasion items are banned
|rule|Evasion Moves Clause: Evasion moves are banned
|rule|Evasion Abilities Clause: Evasion abilities are banned
|rule|Sleep Moves Clause: Sleep-inducing moves are banned
|clearpoke
|poke|p1|Ceruledge, M|
|poke|p1|Samurott-Hisui, F|
|poke|p1|Weavile, M|
|poke|p1|Mew|
|poke|p1|Munkidori, M|
|poke|p1|Entei|
|poke|p2|Gholdengo|
|poke|p2|Iron Valiant|
|poke|p2|Gliscor, F|
|poke|p2|Hydreigon, F|
|poke|p2|Talonflame, M|
|poke|p2|Amoonguss, F|
|teampreview
|inactive|Battle timer is ON: inactive players will automatically lose when time's up. (requested by iblameJoshua)
|
|t:|1779861703
|teamsize|p1|6
|teamsize|p2|6
|start
|switch|p1a: Mew|Mew|100/100
|switch|p2a: Gliscor|Gliscor, F|100/100
|turn|1
|
|t:|1779861712
|-terastallize|p1a: Mew|Fairy
|move|p1a: Mew|Nasty Plot|p1a: Mew
|-boost|p1a: Mew|spa|2
|move|p2a: Gliscor|Stealth Rock|p1a: Mew
|-sidestart|p1: iblameJoshua|move: Stealth Rock
|
|-status|p2a: Gliscor|tox|[from] item: Toxic Orb
|upkeep
|turn|2
|
|t:|1779861721
|move|p1a: Mew|Nasty Plot|p1a: Mew
|-boost|p1a: Mew|spa|2
|move|p2a: Gliscor|U-turn|p1a: Mew
|-resisted|p1a: Mew
|-damage|p1a: Mew|89/100
|
|t:|1779861725
|switch|p2a: Amoonguss|Amoonguss, F|100/100|[from] U-turn
|
|-heal|p1a: Mew|96/100|[from] item: Leftovers
|upkeep
|turn|3
|
|t:|1779861736
|move|p1a: Mew|Dark Pulse|p2a: Amoonguss
|-damage|p2a: Amoonguss|61/100
|move|p2a: Amoonguss|Stun Spore|p1a: Mew|[miss]
|-miss|p2a: Amoonguss|p1a: Mew
|
|-heal|p1a: Mew|100/100|[from] item: Leftovers
|-heal|p2a: Amoonguss|67/100|[from] item: Black Sludge
|upkeep
|turn|4
|
|t:|1779861745
|move|p1a: Mew|Icicle Spear|p2a: Amoonguss
|-supereffective|p2a: Amoonguss
|-damage|p2a: Amoonguss|56/100
|-supereffective|p2a: Amoonguss
|-damage|p2a: Amoonguss|44/100
|-hitcount|p2a: Amoonguss|2
|move|p2a: Amoonguss|Stun Spore|p1a: Mew
|-status|p1a: Mew|par
|-activate|p1a: Mew|ability: Synchronize
|-status|p2a: Amoonguss|par
|
|-heal|p2a: Amoonguss|50/100 par|[from] item: Black Sludge
|upkeep
|turn|5
|
|t:|1779861758
|move|p1a: Mew|Dark Pulse|p2a: Amoonguss
|-damage|p2a: Amoonguss|10/100 par
|move|p2a: Amoonguss|Sludge Bomb|p1a: Mew
|-supereffective|p1a: Mew
|-damage|p1a: Mew|45/100 par
|
|-heal|p1a: Mew|51/100 par|[from] item: Leftovers
|-heal|p2a: Amoonguss|16/100 par|[from] item: Black Sludge
|upkeep
|turn|6
|
|t:|1779861767
|move|p1a: Mew|Draining Kiss|p2a: Amoonguss
|-resisted|p2a: Amoonguss
|-damage|p2a: Amoonguss|0 fnt
|-heal|p1a: Mew|65/100 par|[from] drain|[of] p2a: Amoonguss
|faint|p2a: Amoonguss
|
|-heal|p1a: Mew|71/100 par|[from] item: Leftovers
|upkeep
|
|t:|1779861770
|switch|p2a: Gholdengo|Gholdengo|100/100
|turn|7
|
|t:|1779861778
|move|p2a: Gholdengo|Make It Rain|p1a: Mew
|-supereffective|p1a: Mew
|-crit|p1a: Mew
|-damage|p1a: Mew|0 fnt
|-unboost|p2a: Gholdengo|spa|1
|faint|p1a: Mew
|
|upkeep
|
|t:|1779861784
|switch|p1a: Ceruledge|Ceruledge, M, shiny|100/100
|-damage|p1a: Ceruledge|76/100|[from] Stealth Rock
|turn|8
|
|t:|1779861789
|switch|p2a: Gliscor|Gliscor, F|100/100 tox
|move|p1a: Ceruledge|Poltergeist|p2a: Gliscor
|-activate|p2a: Gliscor|move: Poltergeist|Toxic Orb
|-damage|p2a: Gliscor|56/100 tox
|
|-heal|p2a: Gliscor|68/100 tox|[from] ability: Poison Heal
|upkeep
|turn|9
|
|t:|1779861799
|move|p1a: Ceruledge|Swords Dance|p1a: Ceruledge
|-boost|p1a: Ceruledge|atk|2
|move|p2a: Gliscor|Earthquake|p1a: Ceruledge
|-supereffective|p1a: Ceruledge
|-damage|p1a: Ceruledge|0 fnt
|faint|p1a: Ceruledge
|
|-heal|p2a: Gliscor|81/100 tox|[from] ability: Poison Heal
|upkeep
|
|t:|1779861807
|switch|p1a: Samurott|Samurott-Hisui, F, shiny|100/100
|-damage|p1a: Samurott|88/100|[from] Stealth Rock
|turn|10
|
|t:|1779861818
|switch|p2a: Hydreigon|Hydreigon, F|100/100
|move|p1a: Samurott|Aqua Cutter|p2a: Hydreigon
|-resisted|p2a: Hydreigon
|-damage|p2a: Hydreigon|74/100
|
|upkeep
|turn|11
|
|t:|1779861830
|switch|p1a: Munkidori|Munkidori, M|100/100
|-damage|p1a: Munkidori|88/100|[from] Stealth Rock
|move|p2a: Hydreigon|Draco Meteor|p1a: Munkidori
|-damage|p1a: Munkidori|0 fnt
|-unboost|p2a: Hydreigon|spa|2
|faint|p1a: Munkidori
|
|upkeep
|
|t:|1779861836
|switch|p1a: Entei|Entei, shiny|100/100
|-damage|p1a: Entei|76/100|[from] Stealth Rock
|turn|12
|
|t:|1779861844
|switch|p2a: Gliscor|Gliscor, F|81/100 tox
|move|p1a: Entei|Calm Mind|p1a: Entei
|-boost|p1a: Entei|spa|1
|-boost|p1a: Entei|spd|1
|
|-heal|p1a: Entei|82/100|[from] item: Leftovers
|-heal|p2a: Gliscor|93/100 tox|[from] ability: Poison Heal
|upkeep
|turn|13
|
|t:|1779861854
|move|p1a: Entei|Sacred Fire|p2a: Gliscor
|-damage|p2a: Gliscor|54/100 tox
|move|p2a: Gliscor|Earthquake|p1a: Entei
|-supereffective|p1a: Entei
|-damage|p1a: Entei|0 fnt
|faint|p1a: Entei
|
|-heal|p2a: Gliscor|66/100 tox|[from] ability: Poison Heal
|upkeep
|
|t:|1779861860
|switch|p1a: Weavile|Weavile, M, shiny|100/100
|-damage|p1a: Weavile|76/100|[from] Stealth Rock
|-ability|p1a: Weavile|Pressure
|turn|14
|
|t:|1779861871
|switch|p2a: Gholdengo|Gholdengo|100/100
|move|p1a: Weavile|Triple Axel|p2a: Gholdengo
|-resisted|p2a: Gholdengo
|-damage|p2a: Gholdengo|94/100
|-resisted|p2a: Gholdengo
|-damage|p2a: Gholdengo|83/100
|-resisted|p2a: Gholdengo
|-crit|p2a: Gholdengo
|-damage|p2a: Gholdengo|57/100
|-hitcount|p2a: Gholdengo|3
|
|-heal|p1a: Weavile|82/100|[from] item: Leftovers
|upkeep
|turn|15
|
|t:|1779861885
|move|p1a: Weavile|Knock Off|p2a: Gholdengo
|-supereffective|p2a: Gholdengo
|-damage|p2a: Gholdengo|0 fnt
|-enditem|p2a: Gholdengo|Heavy-Duty Boots|[from] move: Knock Off|[of] p1a: Weavile
|faint|p2a: Gholdengo
|
|-heal|p1a: Weavile|88/100|[from] item: Leftovers
|upkeep
|
|t:|1779861892
|switch|p2a: Talonflame|Talonflame, M|100/100
|turn|16
|
|t:|1779861908
|move|p2a: Talonflame|Brave Bird|p1a: Weavile
|-damage|p1a: Weavile|24/100
|-damage|p2a: Talonflame|84/100|[from] Recoil
|move|p1a: Weavile|Triple Axel|p2a: Talonflame
|-damage|p2a: Talonflame|71/100
|-status|p1a: Weavile|brn|[from] ability: Flame Body|[of] p2a: Talonflame
|-damage|p2a: Talonflame|59/100
|-damage|p2a: Talonflame|39/100
|-hitcount|p2a: Talonflame|3
|
|-heal|p1a: Weavile|30/100 brn|[from] item: Leftovers
|-damage|p1a: Weavile|24/100 brn|[from] brn
|upkeep
|turn|17
|
|t:|1779861921
|move|p2a: Talonflame|Brave Bird|p1a: Weavile
|-damage|p1a: Weavile|0 fnt
|faint|p1a: Weavile
|-damage|p2a: Talonflame|33/100|[from] Recoil
|
|upkeep
|
|t:|1779861925
|switch|p1a: Samurott|Samurott-Hisui, F, shiny|88/100
|-damage|p1a: Samurott|76/100|[from] Stealth Rock
|turn|18
|
|t:|1779861929
|move|p1a: Samurott|Aqua Jet|p2a: Talonflame
|-supereffective|p2a: Talonflame
|-damage|p2a: Talonflame|0 fnt
|faint|p2a: Talonflame
|
|upkeep
|
|t:|1779861938
|switch|p2a: Iron Valiant|Iron Valiant|100/100
|-enditem|p2a: Iron Valiant|Booster Energy
|-activate|p2a: Iron Valiant|ability: Quark Drive|[fromitem]
|-start|p2a: Iron Valiant|quarkdrivespe
|turn|19
|
|t:|1779861946
|move|p2a: Iron Valiant|Close Combat|p1a: Samurott
|-supereffective|p1a: Samurott
|-damage|p1a: Samurott|0 fnt
|-unboost|p2a: Iron Valiant|def|1
|-unboost|p2a: Iron Valiant|spd|1
|faint|p1a: Samurott
|
|win|ortzac
|raw|iblameJoshua's rating: 1071 &rarr; <strong>1051</strong><br />(-20 for losing)
|raw|ortzac's rating: 1089 &rarr; <strong>1114</strong><br />(+25 for winning)
|l|☆iblameJoshua
|player|p1|
