|j|☆mcacma
|j|☆Dokeshi No O
|t:|1779899591
|gametype|singles
|player|p1|mcacma|veteran|1205
|player|p2|Dokeshi No O|shadowtriad|1181
|gen|9
|tier|[Gen 9] OU
|rated|
|rule|HP Percentage Mod: HP is shown in percentages
|rule|Endless Battle Clause: Forcing endless battles is banned
|rule|Species Clause: Limit one of each Pokémon
|rule|OHKO Clause: OHKO moves are banned
|rule|Evasion Items Clause: Evasion items are banned
|rule|Evasion Moves Clause: Evasion moves are banned
|rule|Evasion Abilities Clause: Evasion abilities are banned
|rule|Sleep Moves Clause: Sleep-inducing moves are banned
|clearpoke
|poke|p1|Pelipper, F|
|poke|p1|Thundurus-Therian, M|
|poke|p1|Floatzel, F|
|poke|p1|Barraskewda, M|
|poke|p1|Luvdisc, F|
|poke|p1|Iron Valiant|
|poke|p2|Venusaur, F|
|poke|p2|Torkoal, M|
|poke|p2|Landorus-Therian, M|
|poke|p2|Heatran, F|
|poke|p2|Walking Wake|
|poke|p2|Kingambit, M|
|teampreview
|inactive|Battle timer is ON: inactive players will automatically lose when time's up. (requested by Dokeshi No O)
|
|t:|1779899599
|teamsize|p1|6
|teamsize|p2|6
|start
|switch|p1a: Pelipper|Pelipper, F|100/100
|switch|p2a: fish|Walking Wake|100/100
|-weather|RainDance|[from] ability: Drizzle|[of] p1a: Pelipper
|turn|1
|
|t:|1779899608
|move|p2a: fish|Hydro Steam|p1a: Pelipper
|-resisted|p1a: Pelipper
|-damage|p1a: Pelipper|42/100
|move|p1a: Pelipper|Hurricane|p2a: fish
|-damage|p2a: fish|61/100
|-start|p2a: fish|confusion
|
|-weather|RainDance|[upkeep]
|upkeep
|turn|2
|
|t:|1779899616
|switch|p1a: Luvdisc|Luvdisc, F|100/100
|-activate|p2a: fish|confusion
|move|p2a: fish|Hydro Steam|p1a: Luvdisc
|-resisted|p1a: Luvdisc
|-damage|p1a: Luvdisc|28/100
|
|-weather|RainDance|[upkeep]
|upkeep
|turn|3
|
|t:|1779899623
|move|p1a: Luvdisc|Endeavor|p2a: fish
|-damage|p2a: fish|24/100
|-activate|p2a: fish|confusion
|move|p2a: fish|Hydro Steam|p1a: Luvdisc
|-resisted|p1a: Luvdisc
|-damage|p1a: Luvdisc|0 fnt
|faint|p1a: Luvdisc
|
|-weather|RainDance|[upkeep]
|upkeep
|
|t:|1779899638
|switch|p1a: Thundurus|Thundurus-Therian, M|100/100
|turn|4
|
|t:|1779899642
|-end|p2a: fish|Protosynthesis|[silent]
|switch|p2a: nissan GTR|Landorus-Therian, M, shiny|100/100
|-ability|p2a: nissan GTR|Intimidate|boost
|-unboost|p1a: Thundurus|atk|1
|move|p1a: Thundurus|Volt Switch|p2a: nissan GTR
|-immune|p2a: nissan GTR
|
|-weather|RainDance|[upkeep]
|upkeep
|turn|5
|
|t:|1779899652
|move|p1a: Thundurus|Weather Ball|p2a: nissan GTR
|-supereffective|p2a: nissan GTR
|-damage|p2a: nissan GTR|0 fnt
|faint|p2a: nissan GTR
|
|-weather|RainDance|[upkeep]
|upkeep
|
|t:|1779899657
|switch|p2a: tortue géniale|Torkoal, M, shiny|100/100
|-weather|SunnyDay|[from] ability: Drought|[of] p2a: tortue géniale
|turn|6
|
|t:|1779899665
|move|p1a: Thundurus|Volt Switch|p2a: tortue géniale
|-damage|p2a: tortue géniale|50/100
|
|t:|1779899668
|switch|p1a: Pelipper|Pelipper, F|42/100|[from] Volt Switch
|-weather|RainDance|[from] ability: Drizzle|[of] p1a: Pelipper
|move|p2a: tortue géniale|Eruption|p1a: Pelipper
|-resisted|p1a: Pelipper
|-damage|p1a: Pelipper|32/100
|
|-weather|RainDance|[upkeep]
|upkeep
|turn|7
|
|t:|1779899678
|switch|p2a: きもの|Venusaur, F|100/100
|move|p1a: Pelipper|Weather Ball|p2a: きもの
|-resisted|p2a: きもの
|-damage|p2a: きもの|72/100
|
|-weather|RainDance|[upkeep]
|upkeep
|turn|8
|
|t:|1779899691
|move|p2a: きもの|Giga Drain|p1a: Pelipper
|-damage|p1a: Pelipper|0 fnt
|-heal|p2a: きもの|89/100|[from] drain|[of] p1a: Pelipper
|faint|p1a: Pelipper
|-damage|p2a: きもの|79/100|[from] item: Life Orb
|
|-weather|RainDance|[upkeep]
|upkeep
|
|t:|1779899695
|switch|p1a: Floatzel|Floatzel, F|100/100
|turn|9
|
|t:|1779899700
|switch|p2a: tortue géniale|Torkoal, M, shiny|50/100
|-weather|SunnyDay|[from] ability: Drought|[of] p2a: tortue géniale
|move|p1a: Floatzel|Ice Spinner|p2a: tortue géniale
|-resisted|p2a: tortue géniale
|-damage|p2a: tortue géniale|35/100
|
|-weather|SunnyDay|[upkeep]
|upkeep
|turn|10
|
|t:|1779899709
|switch|p1a: Barraskewda|Barraskewda, M|100/100
|move|p2a: tortue géniale|Stealth Rock|p1a: Barraskewda
|-sidestart|p1: mcacma|move: Stealth Rock
|
|-weather|SunnyDay|[upkeep]
|upkeep
|turn|11
|
|t:|1779899715
|move|p1a: Barraskewda|Flip Turn|p2a: tortue géniale
|-supereffective|p2a: tortue géniale
|-damage|p2a: tortue géniale|1/100
|-damage|p1a: Barraskewda|91/100|[from] item: Life Orb
|
|t:|1779899719
|switch|p1a: Floatzel|Floatzel, F|100/100|[from] Flip Turn
|-damage|p1a: Floatzel|88/100|[from] Stealth Rock
|move|p2a: tortue géniale|Lava Plume|p1a: Floatzel
|-resisted|p1a: Floatzel
|-damage|p1a: Floatzel|36/100
|
|-weather|SunnyDay|[upkeep]
|upkeep
|turn|12
|
|t:|1779899730
|switch|p2a: きもの|Venusaur, F|79/100
|move|p1a: Floatzel|Ice Spinner|p2a: きもの
|-supereffective|p2a: きもの
|-damage|p2a: きもの|0 fnt
|faint|p2a: きもの
|
|-weather|SunnyDay|[upkeep]
|upkeep
|
|t:|1779899741
|switch|p2a: samuraï trooper|Kingambit, M|100/100
|-activate|p2a: samuraï trooper|ability: Supreme Overlord
|-start|p2a: samuraï trooper|fallen2|[silent]
|turn|13
|
|t:|1779899747
|switch|p1a: Thundurus|Thundurus-Therian, M|100/100
|move|p2a: samuraï trooper|Kowtow Cleave|p1a: Thundurus
|-damage|p1a: Thundurus|1/100
|
|-weather|SunnyDay|[upkeep]
|upkeep
|turn|14
|
|t:|1779899753
|move|p2a: samuraï trooper|Sucker Punch|p1a: Thundurus
|-damage|p1a: Thundurus|0 fnt
|faint|p1a: Thundurus
|
|-weather|SunnyDay|[upkeep]
|upkeep
|
|t:|1779899757
|switch|p1a: Iron Valiant|Iron Valiant|100/100
|-damage|p1a: Iron Valiant|94/100|[from] Stealth Rock
|turn|15
|
|t:|1779899766
|-end|p2a: samuraï trooper|fallen2|[silent]
|switch|p2a: tortue géniale|Torkoal, M, shiny|1/100
|move|p1a: Iron Valiant|Close Combat|p2a: tortue géniale
|-damage|p2a: tortue géniale|0 fnt
|-unboost|p1a: Iron Valiant|def|1
|-unboost|p1a: Iron Valiant|spd|1
|faint|p2a: tortue géniale
|
|-weather|SunnyDay|[upkeep]
|upkeep
|
|t:|1779899775
|switch|p2a: cheap trick|Heatran, F, shiny|100/100
|turn|16
|
|t:|1779899779
|move|p1a: Iron Valiant|Close Combat|p2a: cheap trick
|-supereffective|p2a: cheap trick
|-damage|p2a: cheap trick|4/100
|-unboost|p1a: Iron Valiant|def|1
|-unboost|p1a: Iron Valiant|spd|1
|move|p2a: cheap trick|Magma Storm|p1a: Iron Valiant
|-damage|p1a: Iron Valiant|0 fnt
|faint|p1a: Iron Valiant
|-end|p1a: Iron Valiant|Quark Drive|[silent]
|
|-weather|none
|-heal|p2a: cheap trick|10/100|[from] item: Leftovers
|upkeep
|
|t:|1779899788
|switch|p1a: Floatzel|Floatzel, F|36/100
|-damage|p1a: Floatzel|23/100|[from] Stealth Rock
|turn|17
|
|t:|1779899795
|move|p1a: Floatzel|Aqua Jet|p2a: cheap trick
|-supereffective|p2a: cheap trick
|-damage|p2a: cheap trick|0 fnt
|faint|p2a: cheap trick
|
|upkeep
|
|t:|1779899801
|switch|p2a: fish|Walking Wake|24/100
|turn|18
|
|t:|1779899810
|move|p1a: Floatzel|Aqua Jet|p2a: fish
|-resisted|p2a: fish
|-damage|p2a: fish|16/100
|move|p2a: fish|Draco Meteor|p1a: Floatzel
|-damage|p1a: Floatzel|0 fnt
|-unboost|p2a: fish|spa|2
|faint|p1a: Floatzel
|
|upkeep
|
|t:|1779899813
|switch|p1a: Barraskewda|Barraskewda, M|91/100
|-damage|p1a: Barraskewda|78/100|[from] Stealth Rock
|turn|19
|
|t:|1779899821
|move|p1a: Barraskewda|Psychic Fangs|p2a: fish
|-damage|p2a: fish|0 fnt
|faint|p2a: fish
|-end|p2a: fish|Protosynthesis|[silent]
|-damage|p1a: Barraskewda|69/100|[from] item: Life Orb
|
|upkeep
|
|t:|1779899826
|switch|p2a: samuraï trooper|Kingambit, M|100/100
|-activate|p2a: samuraï trooper|ability: Supreme Overlord
|-start|p2a: samuraï trooper|fallen5|[silent]
|turn|20
|
|t:|1779899831
|-terastallize|p1a: Barraskewda|Ground
|move|p1a: Barraskewda|Close Combat|p2a: samuraï trooper
|-supereffective|p2a: samuraï trooper
|-damage|p2a: samuraï trooper|0 fnt
|-unboost|p1a: Barraskewda|def|1
|-unboost|p1a: Barraskewda|spd|1
|faint|p2a: samuraï trooper
|-end|p2a: samuraï trooper|fallen5|[silent]
|-damage|p1a: Barraskewda|59/100|[from] item: Life Orb
|
|win|mcacma
|raw|mcacma's rating: 1205 &rarr; <strong>1228</strong><br />(+23 for winning)
|raw|Dokeshi No O's rating: 1181 &rarr; <strong>1158</strong><br />(-23 for losing)
|l|☆mcacma
|player|p1|
|l|☆Dokeshi No O
|player|p2|
