|j|☆owl_with_scarf
|j|☆Auburn Hills
|t:|1779923217
|gametype|singles
|player|p1|owl_with_scarf|#owlwithscarf|1687
|player|p2|Auburn Hills|alder|1778
|gen|9
|tier|[Gen 9] OU
|rated|
|rule|HP Percentage Mod: HP is shown in percentages
|rule|Endless Battle Clause: Forcing endless battles is banned
|rule|Species Clause: Limit one of each Pokémon
|rule|OHKO Clause: OHKO moves are banned
|rule|Evasion Items Clause: Evasion items are banned
|rule|Evasion Moves Clause: Evasion moves are banned
|rule|Evasion Abilities Clause: Evasion abilities are banned
|rule|Sleep Moves Clause: Sleep-inducing moves are banned
|clearpoke
|poke|p1|Diancie|
|poke|p1|Blaziken, F|
|poke|p1|Oricorio-Pom-Pom, M|
|poke|p1|Cinderace, M|
|poke|p1|Regidrago|
|poke|p1|Ursaluna, F|
|poke|p2|Iron Moth|
|poke|p2|Umbreon, F|
|poke|p2|Garchomp, M|
|poke|p2|Glimmora, M|
|poke|p2|Gholdengo|
|poke|p2|Dragonite, F|
|teampreview
|inactive|Battle timer is ON: inactive players will automatically lose when time's up. (requested by owl_with_scarf)
|inactive|Auburn Hills has 120 seconds left.
|
|t:|1779923261
|teamsize|p1|6
|teamsize|p2|6
|start
|switch|p1a: cartierGOD|Diancie|100/100
|switch|p2a: Julia Jacklin|Glimmora, M|100/100
|turn|1
|
|t:|1779923266
|move|p2a: Julia Jacklin|Earth Power|p1a: cartierGOD
|-supereffective|p1a: cartierGOD
|-damage|p1a: cartierGOD|53/100
|move|p1a: cartierGOD|Trick Room|p1a: cartierGOD
|-fieldstart|move: Trick Room|[of] p1a: cartierGOD
|
|upkeep
|turn|2
|
|t:|1779923277
|switch|p2a: Alvvays|Umbreon, F|100/100
|move|p1a: cartierGOD|Earth Power|p2a: Alvvays
|-damage|p2a: Alvvays|85/100
|
|-heal|p2a: Alvvays|91/100|[from] item: Leftovers
|upkeep
|turn|3
|
|t:|1779923281
|move|p2a: Alvvays|Protect|p2a: Alvvays
|-singleturn|p2a: Alvvays|Protect
|move|p1a: cartierGOD|Meteor Beam||[still]
|-prepare|p1a: cartierGOD|Meteor Beam
|-boost|p1a: cartierGOD|spa|1
|-enditem|p1a: cartierGOD|Power Herb
|-anim|p1a: cartierGOD|Meteor Beam|p2a: Alvvays
|-activate|p2a: Alvvays|move: Protect
|
|-heal|p2a: Alvvays|97/100|[from] item: Leftovers
|upkeep
|turn|4
|
|t:|1779923284
|move|p1a: cartierGOD|Moonblast|p2a: Alvvays
|-supereffective|p2a: Alvvays
|-damage|p2a: Alvvays|22/100
|-unboost|p2a: Alvvays|spa|1
|move|p2a: Alvvays|Thunder Wave|p1a: cartierGOD
|-status|p1a: cartierGOD|par
|
|-heal|p2a: Alvvays|28/100|[from] item: Leftovers
|upkeep
|turn|5
|
|t:|1779923287
|move|p2a: Alvvays|Protect|p2a: Alvvays
|-singleturn|p2a: Alvvays|Protect
|move|p1a: cartierGOD|Moonblast|p2a: Alvvays
|-activate|p2a: Alvvays|move: Protect
|
|-heal|p2a: Alvvays|34/100|[from] item: Leftovers
|-fieldend|move: Trick Room
|upkeep
|turn|6
|
|t:|1779923289
|move|p2a: Alvvays|Wish|p2a: Alvvays
|move|p1a: cartierGOD|Trick Room|p1a: cartierGOD
|-fieldstart|move: Trick Room|[of] p1a: cartierGOD
|
|-heal|p2a: Alvvays|40/100|[from] item: Leftovers
|upkeep
|turn|7
|
|t:|1779923292
|move|p2a: Alvvays|Protect|p2a: Alvvays
|-singleturn|p2a: Alvvays|Protect
|move|p1a: cartierGOD|Moonblast|p2a: Alvvays
|-activate|p2a: Alvvays|move: Protect
|
|-heal|p2a: Alvvays|90/100|[from] move: Wish|[wisher] Alvvays
|-heal|p2a: Alvvays|96/100|[from] item: Leftovers
|upkeep
|turn|8
|
|t:|1779923295
|move|p1a: cartierGOD|Moonblast|p2a: Alvvays
|-supereffective|p2a: Alvvays
|-damage|p2a: Alvvays|26/100
|move|p2a: Alvvays|Wish|p2a: Alvvays
|
|-heal|p2a: Alvvays|32/100|[from] item: Leftovers
|upkeep
|turn|9
|
|t:|1779923298
|move|p2a: Alvvays|Protect|p2a: Alvvays
|-singleturn|p2a: Alvvays|Protect
|cant|p1a: cartierGOD|par
|
|-heal|p2a: Alvvays|82/100|[from] move: Wish|[wisher] Alvvays
|-heal|p2a: Alvvays|88/100|[from] item: Leftovers
|upkeep
|turn|10
|
|t:|1779923308
|switch|p1a: Ursaluna|Ursaluna, F|100/100
|move|p2a: Alvvays|Wish|p2a: Alvvays
|
|-heal|p2a: Alvvays|94/100|[from] item: Leftovers
|-fieldend|move: Trick Room
|-status|p1a: Ursaluna|brn|[from] item: Flame Orb
|upkeep
|turn|11
|
|t:|1779923317
|move|p1a: Ursaluna|Trailblaze|p2a: Alvvays
|-damage|p2a: Alvvays|72/100
|-boost|p1a: Ursaluna|spe|1
|move|p2a: Alvvays|Foul Play|p1a: Ursaluna
|-damage|p1a: Ursaluna|61/100 brn
|
|-heal|p2a: Alvvays|100/100|[from] move: Wish|[wisher] Alvvays
|-damage|p1a: Ursaluna|55/100 brn|[from] brn
|upkeep
|turn|12
|
|t:|1779923321
|move|p1a: Ursaluna|Swords Dance|p1a: Ursaluna
|-boost|p1a: Ursaluna|atk|2
|move|p2a: Alvvays|Foul Play|p1a: Ursaluna
|-damage|p1a: Ursaluna|0 fnt
|faint|p1a: Ursaluna
|
|upkeep
|
|t:|1779923326
|switch|p1a: Regidrago|Regidrago|100/100
|turn|13
|
|t:|1779923330
|move|p1a: Regidrago|Dragon Energy|p2a: Alvvays
|-damage|p2a: Alvvays|40/100
|move|p2a: Alvvays|Foul Play|p1a: Regidrago
|-damage|p1a: Regidrago|62/100
|
|-heal|p2a: Alvvays|46/100|[from] item: Leftovers
|upkeep
|turn|14
|
|t:|1779923335
|move|p2a: Alvvays|Protect|p2a: Alvvays
|-singleturn|p2a: Alvvays|Protect
|move|p1a: Regidrago|Draco Meteor|p2a: Alvvays
|-activate|p2a: Alvvays|move: Protect
|
|-heal|p2a: Alvvays|52/100|[from] item: Leftovers
|upkeep
|turn|15
|
|t:|1779923337
|move|p1a: Regidrago|Draco Meteor|p2a: Alvvays
|-damage|p2a: Alvvays|2/100
|-unboost|p1a: Regidrago|spa|2
|move|p2a: Alvvays|Wish|p2a: Alvvays
|
|-heal|p2a: Alvvays|8/100|[from] item: Leftovers
|upkeep
|turn|16
|
|t:|1779923340
|move|p2a: Alvvays|Protect|p2a: Alvvays
|-singleturn|p2a: Alvvays|Protect
|move|p1a: Regidrago|Scale Shot|p2a: Alvvays
|-activate|p2a: Alvvays|move: Protect
|
|-heal|p2a: Alvvays|58/100|[from] move: Wish|[wisher] Alvvays
|-heal|p2a: Alvvays|64/100|[from] item: Leftovers
|upkeep
|turn|17
|
|t:|1779923342
|move|p1a: Regidrago|Scale Shot|p2a: Alvvays
|-damage|p2a: Alvvays|51/100
|-damage|p2a: Alvvays|38/100
|-damage|p2a: Alvvays|26/100
|-hitcount|p2a: Alvvays|3
|-unboost|p1a: Regidrago|def|1
|-boost|p1a: Regidrago|spe|1
|move|p2a: Alvvays|Wish|p2a: Alvvays
|
|-heal|p2a: Alvvays|32/100|[from] item: Leftovers
|upkeep
|turn|18
|
|t:|1779923346
|switch|p1a: Blaziken|Blaziken, F|100/100
|move|p2a: Alvvays|Protect||[still]
|-fail|p2a: Alvvays
|
|-heal|p2a: Alvvays|82/100|[from] move: Wish|[wisher] Alvvays
|-heal|p2a: Alvvays|88/100|[from] item: Leftovers
|upkeep
|turn|19
|
|t:|1779923349
|switch|p2a: Julia Jacklin|Glimmora, M|100/100
|move|p1a: Blaziken|Swords Dance|p1a: Blaziken
|-boost|p1a: Blaziken|atk|2
|
|-ability|p1a: Blaziken|Speed Boost|boost
|-boost|p1a: Blaziken|spe|1
|upkeep
|turn|20
|
|t:|1779923351
|move|p1a: Blaziken|Close Combat|p2a: Julia Jacklin
|-enditem|p2a: Julia Jacklin|Focus Sash
|-damage|p2a: Julia Jacklin|1/100
|-unboost|p1a: Blaziken|def|1
|-unboost|p1a: Blaziken|spd|1
|-activate|p2a: Julia Jacklin|ability: Toxic Debris
|-sidestart|p1: owl_with_scarf|move: Toxic Spikes
|move|p2a: Julia Jacklin|Earth Power|p1a: Blaziken
|-supereffective|p1a: Blaziken
|-damage|p1a: Blaziken|0 fnt
|faint|p1a: Blaziken
|
|upkeep
|
|t:|1779923354
|switch|p1a: Cinderace|Cinderace, M|100/100
|turn|21
|
|t:|1779923357
|switch|p2a: Smino|Gholdengo|100/100
|move|p1a: Cinderace|Court Change|p1a: Cinderace
|-start|p1a: Cinderace|typechange|Normal|[from] ability: Libero
|-swapsideconditions
|-activate|p1a: Cinderace|move: Court Change
|
|upkeep
|turn|22
|
|t:|1779923361
|move|p2a: Smino|Trick|p1a: Cinderace
|-activate|p2a: Smino|move: Trick|[of] p1a: Cinderace
|-item|p1a: Cinderace|Choice Scarf|[from] move: Trick
|-item|p2a: Smino|Heavy-Duty Boots|[from] move: Trick
|move|p1a: Cinderace|Pyro Ball|p2a: Smino
|-supereffective|p2a: Smino
|-damage|p2a: Smino|14/100
|
|upkeep
|turn|23
|
|t:|1779923365
|switch|p1a: Regidrago|Regidrago|62/100
|switch|p2a: Julia Jacklin|Glimmora, M|1/100
|-sideend|p2: Auburn Hills|move: Toxic Spikes|[of] p2a: Julia Jacklin
|
|upkeep
|turn|24
|
|t:|1779923370
|move|p2a: Julia Jacklin|Sludge Wave|p1a: Regidrago
|-damage|p1a: Regidrago|6/100
|-status|p1a: Regidrago|psn
|move|p1a: Regidrago|Scale Shot|p2a: Julia Jacklin
|-damage|p2a: Julia Jacklin|0 fnt
|-activate|p2a: Julia Jacklin|ability: Toxic Debris
|-sidestart|p1: owl_with_scarf|move: Toxic Spikes
|faint|p2a: Julia Jacklin
|-hitcount|p2: Julia Jacklin|1
|-unboost|p1a: Regidrago|def|1
|-boost|p1a: Regidrago|spe|1
|
|-damage|p1a: Regidrago|0 fnt|[from] psn
|faint|p1a: Regidrago
|upkeep
|
|t:|1779923376
|switch|p2a: Elucid|Dragonite, F|100/100
|switch|p1a: Cinderace|Cinderace, M|100/100
|-status|p1a: Cinderace|psn
|turn|25
|
|t:|1779923378
|move|p1a: Cinderace|Gunk Shot|p2a: Elucid
|-start|p1a: Cinderace|typechange|Poison|[from] ability: Libero
|-damage|p2a: Elucid|67/100
|move|p2a: Elucid|Dragon Dance|p2a: Elucid
|-boost|p2a: Elucid|atk|1
|-boost|p2a: Elucid|spe|1
|
|-damage|p1a: Cinderace|88/100 psn|[from] psn
|upkeep
|turn|26
|
|t:|1779923380
|move|p1a: Cinderace|Gunk Shot|p2a: Elucid
|-damage|p2a: Elucid|6/100
|-status|p2a: Elucid|psn
|move|p2a: Elucid|Earthquake|p1a: Cinderace
|-supereffective|p1a: Cinderace
|-damage|p1a: Cinderace|0 fnt
|faint|p1a: Cinderace
|
|-damage|p2a: Elucid|0 fnt|[from] psn
|faint|p2a: Elucid
|upkeep
|
|t:|1779923386
|switch|p1a: cartierGOD|Diancie|53/100 par
|switch|p2a: Rat Tally|Garchomp, M|100/100
|turn|27
|
|t:|1779923388
|move|p2a: Rat Tally|Earthquake|p1a: cartierGOD
|-supereffective|p1a: cartierGOD
|-damage|p1a: cartierGOD|0 fnt
|faint|p1a: cartierGOD
|
|upkeep
|
|t:|1779923389
|switch|p1a: Oricorio|Oricorio-Pom-Pom, M|100/100
|turn|28
|
|t:|1779923391
|move|p2a: Rat Tally|Scale Shot|p1a: Oricorio
|-damage|p1a: Oricorio|89/100
|-damage|p1a: Oricorio|77/100
|-damage|p1a: Oricorio|64/100
|-damage|p1a: Oricorio|52/100
|-hitcount|p1a: Oricorio|4
|-unboost|p2a: Rat Tally|def|1
|-boost|p2a: Rat Tally|spe|1
|move|p1a: Oricorio|Quiver Dance|p1a: Oricorio
|-boost|p1a: Oricorio|spa|1
|-boost|p1a: Oricorio|spd|1
|-boost|p1a: Oricorio|spe|1
|
|-heal|p1a: Oricorio|59/100|[from] item: Leftovers
|upkeep
|turn|29
|
|t:|1779923394
|move|p2a: Rat Tally|Scale Shot|p1a: Oricorio
|-damage|p1a: Oricorio|45/100
|-damage|p1a: Oricorio|33/100
|-damage|p1a: Oricorio|21/100
|-damage|p1a: Oricorio|9/100
|-damage|p1a: Oricorio|0 fnt
|faint|p1a: Oricorio
|-hitcount|p1: Oricorio|5
|
|win|Auburn Hills
|raw|owl_with_scarf's rating: 1687 &rarr; <strong>1672</strong><br />(-15 for losing)
|raw|Auburn Hills's rating: 1778 &rarr; <strong>1793</strong><br />(+15 for winning)
|l|☆owl_with_scarf
|player|p1|
|l|☆Auburn Hills
|player|p2|
