|j|☆baakrisht
|j|☆oculo escuros
|t:|1779815845
|gametype|singles
|player|p1|baakrisht|102|1135
|player|p2|oculo escuros|touristf|1178
|gen|9
|tier|[Gen 9] OU
|rated|
|rule|HP Percentage Mod: HP is shown in percentages
|rule|Endless Battle Clause: Forcing endless battles is banned
|rule|Species Clause: Limit one of each Pokémon
|rule|OHKO Clause: OHKO moves are banned
|rule|Evasion Items Clause: Evasion items are banned
|rule|Evasion Moves Clause: Evasion moves are banned
|rule|Evasion Abilities Clause: Evasion abilities are banned
|rule|Sleep Moves Clause: Sleep-inducing moves are banned
|clearpoke
|poke|p1|Espeon, F|
|poke|p1|Goodra, F|
|poke|p1|Weezing-Galar, M|
|poke|p1|Orthworm, F|
|poke|p1|Suicune|
|poke|p1|Muk-Alola, M|
|poke|p2|Umbreon, M|
|poke|p2|Mandibuzz, F|
|poke|p2|Clodsire, F|
|poke|p2|Hatterene, F|
|poke|p2|Slowking, F|
|poke|p2|Crocalor, M|
|teampreview
|inactive|Battle timer is ON: inactive players will automatically lose when time's up. (requested by oculo escuros)
|
|t:|1779815853
|teamsize|p1|6
|teamsize|p2|6
|start
|switch|p1a: बिलाई मौसी|Espeon, F|100/100
|switch|p2a: Checktung|Slowking, F|100/100
|turn|1
|
|t:|1779815858
|move|p1a: बिलाई मौसी|Shadow Ball|p2a: Checktung
|-supereffective|p2a: Checktung
|-damage|p2a: Checktung|66/100
|move|p2a: Checktung|Trick|p1a: बिलाई मौसी
|-activate|p2a: Checktung|move: Trick|[of] p1a: बिलाई मौसी
|-item|p1a: बिलाई मौसी|Choice Specs|[from] move: Trick
|-item|p2a: Checktung|Choice Scarf|[from] move: Trick
|
|upkeep
|turn|2
|
|t:|1779815872
|move|p1a: बिलाई मौसी|Shadow Ball|p2a: Checktung
|-supereffective|p2a: Checktung
|-damage|p2a: Checktung|13/100
|-prepare|p2a: Checktung|Chilly Reception|[premajor]
|move|p2a: Checktung|Chilly Reception|p2a: Checktung
|-weather|Snowscape
|
|t:|1779815878
|switch|p2a: Checker|Umbreon, M|100/100|[from] Chilly Reception
|
|-weather|Snowscape|[upkeep]
|upkeep
|turn|3
|
|t:|1779815885
|switch|p1a: कादो राज|Muk-Alola, M|100/100
|move|p2a: Checker|Foul Play|p1a: कादो राज
|-resisted|p1a: कादो राज
|-damage|p1a: कादो राज|85/100
|
|-weather|Snowscape|[upkeep]
|-heal|p1a: कादो राज|91/100|[from] item: Black Sludge
|upkeep
|turn|4
|
|t:|1779815892
|switch|p2a: Checkelung|Clodsire, F|100/100
|move|p1a: कादो राज|Substitute|p1a: कादो राज
|-start|p1a: कादो राज|Substitute
|-damage|p1a: कादो राज|66/100
|
|-weather|Snowscape|[upkeep]
|-heal|p1a: कादो राज|72/100|[from] item: Black Sludge
|upkeep
|turn|5
|
|t:|1779815911
|move|p1a: कादो राज|Knock Off|p2a: Checkelung
|-damage|p2a: Checkelung|63/100
|-enditem|p2a: Checkelung|Leftovers|[from] move: Knock Off|[of] p1a: कादो राज
|move|p2a: Checkelung|Earthquake|p1a: कादो राज
|-supereffective|p1a: कादो राज
|-end|p1a: कादो राज|Substitute
|
|-weather|Snowscape|[upkeep]
|-heal|p1a: कादो राज|79/100|[from] item: Black Sludge
|upkeep
|turn|6
|
|t:|1779815922
|switch|p1a: दील दो 💖|Orthworm, F|100/100
|move|p2a: Checkelung|Earthquake|p1a: दील दो 💖
|-immune|p1a: दील दो 💖|[from] ability: Earth Eater
|
|-weather|none
|upkeep
|turn|7
|inactive|oculo escuros has 120 seconds left.
|
|t:|1779815961
|switch|p1a: बिलाई मौसी|Espeon, F|100/100
|move|p2a: Checkelung|Stealth Rock|p1a: बिलाई मौसी
|move|p1a: बिलाई मौसी|Stealth Rock|p2a: Checkelung|[from] ability: Magic Bounce
|-sidestart|p2: oculo escuros|move: Stealth Rock
|
|upkeep
|turn|8
|
|t:|1779815965
|switch|p2a: Checking|Mandibuzz, F|100/100
|move|p1a: बिलाई मौसी|Psychic|p2a: Checking
|-immune|p2a: Checking
|
|upkeep
|turn|9
|inactive|baakrisht has 120 seconds left.
|
|t:|1779816000
|switch|p1a: लसलस|Goodra, F|100/100
|move|p2a: Checking|Defog|p1a: लसलस
|-unboost|p1a: लसलस|evasion|1
|-sideend|p2: oculo escuros|Stealth Rock|[from] move: Defog|[of] p2a: Checking
|
|upkeep
|turn|10
|
|t:|1779816004
|move|p1a: लसलस|Thunder|p2a: Checking
|-supereffective|p2a: Checking
|-damage|p2a: Checking|52/100
|move|p2a: Checking|Toxic|p1a: लसलस
|-status|p1a: लसलस|tox
|
|-damage|p1a: लसलस|94/100 tox|[from] psn
|upkeep
|turn|11
|
|t:|1779816013
|switch|p1a: दील दो 💖|Orthworm, F|100/100
|move|p2a: Checking|Roost|p2a: Checking
|-heal|p2a: Checking|100/100
|-singleturn|p2a: Checking|move: Roost
|
|upkeep
|turn|12
|
|t:|1779816021
|switch|p2a: Checktung|Slowking, F|46/100
|move|p1a: दील दो 💖|Stealth Rock|p2a: Checktung
|-sidestart|p2: oculo escuros|move: Stealth Rock
|
|upkeep
|turn|13
|
|t:|1779816027
|switch|p1a: बिलाई मौसी|Espeon, F|100/100
|move|p2a: Checktung|Scald|p1a: बिलाई मौसी
|-crit|p1a: बिलाई मौसी
|-damage|p1a: बिलाई मौसी|71/100
|
|upkeep
|turn|14
|
|t:|1779816036
|switch|p2a: Checkelung|Clodsire, F|63/100
|-damage|p2a: Checkelung|57/100|[from] Stealth Rock
|move|p1a: बिलाई मौसी|Future Sight|p2a: Checkelung
|-start|p1a: बिलाई मौसी|move: Future Sight
|
|upkeep
|turn|15
|
|t:|1779816045
|move|p1a: बिलाई मौसी|Future Sight||[still]
|-fail|p1a: बिलाई मौसी
|move|p2a: Checkelung|Earthquake|p1a: बिलाई मौसी
|-damage|p1a: बिलाई मौसी|15/100
|
|upkeep
|turn|16
|
|t:|1779816050
|switch|p1a: दील दो 💖|Orthworm, F|100/100
|switch|p2a: Checking|Mandibuzz, F|100/100
|
|-end|p2a: Checking|move: Future Sight
|-immune|p2a: Checking
|upkeep
|turn|17
|
|t:|1779816056
|move|p2a: Checking|Defog|p1a: दील दो 💖
|-unboost|p1a: दील दो 💖|evasion|1
|-sideend|p2: oculo escuros|Stealth Rock|[from] move: Defog|[of] p2a: Checking
|move|p1a: दील दो 💖|Body Press|p2a: Checking
|-damage|p2a: Checking|80/100
|
|upkeep
|turn|18
|
|t:|1779816061
|switch|p2a: Checkaloo|Crocalor, M|100/100
|switch|p1a: लसलस|Goodra, F|94/100 tox
|
|-damage|p1a: लसलस|88/100 tox|[from] psn
|upkeep
|turn|19
|
|t:|1779816065
|switch|p2a: Checker|Umbreon, M|100/100
|move|p1a: लसलस|Rain Dance|p1a: लसलस
|-weather|RainDance
|
|-weather|RainDance|[upkeep]
|-activate|p1a: लसलस|ability: Hydration
|-curestatus|p1a: लसलस|tox|[msg]
|upkeep
|turn|20
|
|t:|1779816070
|move|p2a: Checker|Protect|p2a: Checker
|-singleturn|p2a: Checker|Protect
|move|p1a: लसलस|Thunder|p2a: Checker
|-activate|p2a: Checker|move: Protect
|
|-weather|RainDance|[upkeep]
|upkeep
|turn|21
|
|t:|1779816073
|switch|p2a: Checkelung|Clodsire, F|57/100
|move|p1a: लसलस|Sludge Bomb|p2a: Checkelung
|-resisted|p2a: Checkelung
|-damage|p2a: Checkelung|53/100
|
|-weather|RainDance|[upkeep]
|upkeep
|turn|22
|
|t:|1779816078
|switch|p1a: दील दो 💖|Orthworm, F|100/100
|move|p2a: Checkelung|Recover|p2a: Checkelung
|-heal|p2a: Checkelung|100/100
|
|-weather|RainDance|[upkeep]
|upkeep
|turn|23
|
|t:|1779816083
|switch|p1a: बिलाई मौसी|Espeon, F|15/100
|switch|p2a: Checkaloo|Crocalor, M|100/100
|
|-weather|RainDance|[upkeep]
|upkeep
|turn|24
|
|t:|1779816091
|switch|p1a: लसलस|Goodra, F|88/100
|switch|p2a: Checker|Umbreon, M|100/100
|
|-weather|RainDance|[upkeep]
|upkeep
|turn|25
|
|t:|1779816098
|switch|p1a: बिलाई मौसी|Espeon, F|15/100
|move|p2a: Checker|Toxic|p1a: बिलाई मौसी
|move|p1a: बिलाई मौसी|Toxic|p2a: Checker|[from] ability: Magic Bounce
|-status|p2a: Checker|tox
|-activate|p2a: Checker|ability: Synchronize
|-status|p1a: बिलाई मौसी|tox
|
|-weather|RainDance|[upkeep]
|-damage|p1a: बिलाई मौसी|9/100 tox|[from] psn
|-damage|p2a: Checker|94/100 tox|[from] psn
|upkeep
|turn|26
|
|t:|1779816103
|move|p1a: बिलाई मौसी|Trick|p2a: Checker
|-activate|p1a: बिलाई मौसी|move: Trick|[of] p2a: Checker
|-item|p2a: Checker|Choice Specs|[from] move: Trick
|-item|p1a: बिलाई मौसी|Leftovers|[from] move: Trick
|move|p2a: Checker|Wish|p2a: Checker
|
|-weather|none
|-heal|p1a: बिलाई मौसी|15/100 tox|[from] item: Leftovers
|-damage|p1a: बिलाई मौसी|3/100 tox|[from] psn
|-damage|p2a: Checker|82/100 tox|[from] psn
|upkeep
|turn|27
|
|t:|1779816116
|switch|p2a: Check|Hatterene, F|100/100
|move|p1a: बिलाई मौसी|Future Sight|p2a: Check
|-start|p1a: बिलाई मौसी|move: Future Sight
|
|-heal|p1a: बिलाई मौसी|9/100 tox|[from] item: Leftovers
|-damage|p1a: बिलाई मौसी|0 fnt|[from] psn
|faint|p1a: बिलाई मौसी
|upkeep
|c|☆oculo escuros|damn
|
|t:|1779816121
|switch|p1a: Suicune|Suicune|100/100
|-ability|p1a: Suicune|Pressure
|turn|28
|
|t:|1779816124
|move|p1a: Suicune|Substitute|p1a: Suicune
|-start|p1a: Suicune|Substitute
|-damage|p1a: Suicune|75/100
|move|p2a: Check|Calm Mind|p2a: Check
|-boost|p2a: Check|spa|1
|-boost|p2a: Check|spd|1
|
|-heal|p1a: Suicune|82/100|[from] item: Leftovers
|upkeep
|turn|29
|
|t:|1779816130
|move|p2a: Check|Calm Mind|p2a: Check
|-boost|p2a: Check|spa|1
|-boost|p2a: Check|spd|1
|move|p1a: Suicune|Roar|p2a: Check
|move|p2a: Check|Roar|p1a: Suicune|[from] ability: Magic Bounce
|drag|p1a: कादो राज|Muk-Alola, M|79/100
|
|-end|p2a: Check|move: Future Sight
|-resisted|p2a: Check
|-damage|p2a: Check|86/100
|-heal|p1a: कादो राज|85/100|[from] item: Black Sludge
|-heal|p2a: Check|92/100|[from] item: Leftovers
|upkeep
|turn|30
|
|t:|1779816141
|-terastallize|p2a: Check|Water
|move|p1a: कादो राज|Knock Off|p2a: Check
|-damage|p2a: Check|67/100
|-enditem|p2a: Check|Leftovers|[from] move: Knock Off|[of] p1a: कादो राज
|move|p2a: Check|Draining Kiss|p1a: कादो राज
|-crit|p1a: कादो राज
|-damage|p1a: कादो राज|45/100
|-heal|p2a: Check|100/100|[from] drain|[of] p1a: कादो राज
|
|-heal|p1a: कादो राज|51/100|[from] item: Black Sludge
|upkeep
|turn|31
|
|t:|1779816148
|move|p1a: कादो राज|Haze|p1a: कादो राज
|-clearallboost
|move|p2a: Check|Calm Mind|p2a: Check
|-boost|p2a: Check|spa|1
|-boost|p2a: Check|spd|1
|
|-heal|p1a: कादो राज|57/100|[from] item: Black Sludge
|upkeep
|turn|32
|
|t:|1779816152
|move|p1a: कादो राज|Haze|p1a: कादो राज
|-clearallboost
|move|p2a: Check|Draining Kiss|p1a: कादो राज
|-damage|p1a: कादो राज|43/100
|
|-heal|p1a: कादो राज|50/100|[from] item: Black Sludge
|upkeep
|turn|33
|
|t:|1779816160
|switch|p2a: Checkelung|Clodsire, F|100/100
|move|p1a: कादो राज|Substitute|p1a: कादो राज
|-start|p1a: कादो राज|Substitute
|-damage|p1a: कादो राज|25/100
|
|-heal|p1a: कादो राज|31/100|[from] item: Black Sludge
|upkeep
|turn|34
|
|t:|1779816163
|move|p1a: कादो राज|Disable||[still]
|-fail|p1a: कादो राज
|move|p2a: Checkelung|Earthquake|p1a: कादो राज
|-supereffective|p1a: कादो राज
|-end|p1a: कादो राज|Substitute
|
|-heal|p1a: कादो राज|37/100|[from] item: Black Sludge
|upkeep
|turn|35
|
|t:|1779816167
|move|p1a: कादो राज|Disable|p2a: Checkelung
|-start|p2a: Checkelung|Disable|Earthquake
|move|p2a: Checkelung|Stealth Rock|p1a: कादो राज
|-sidestart|p1: baakrisht|move: Stealth Rock
|
|-heal|p1a: कादो राज|43/100|[from] item: Black Sludge
|upkeep
|turn|36
|-message|baakrisht forfeited.
|
|win|oculo escuros
|raw|baakrisht's rating: 1135 &rarr; <strong>1113</strong><br />(-22 for losing)
|raw|oculo escuros's rating: 1178 &rarr; <strong>1200</strong><br />(+22 for winning)
|l|☆baakrisht
|player|p1|
|l|☆oculo escuros
|player|p2|
