|j|☆22jj55
|j|☆WiiShopMusic
|t:|1779886651
|gametype|singles
|player|p1|22jj55|hiker-gen4|1184
|player|p2|WiiShopMusic|265|1208
|gen|9
|tier|[Gen 9] OU
|rated|
|rule|HP Percentage Mod: HP is shown in percentages
|rule|Endless Battle Clause: Forcing endless battles is banned
|rule|Species Clause: Limit one of each Pokémon
|rule|OHKO Clause: OHKO moves are banned
|rule|Evasion Items Clause: Evasion items are banned
|rule|Evasion Moves Clause: Evasion moves are banned
|rule|Evasion Abilities Clause: Evasion abilities are banned
|rule|Sleep Moves Clause: Sleep-inducing moves are banned
|clearpoke
|poke|p1|Gliscor, M|
|poke|p1|Clodsire, F|
|poke|p1|Scizor, F|
|poke|p1|Mimikyu, M|
|poke|p1|Hydreigon, M|
|poke|p1|Rotom-Wash|
|poke|p2|Ninetales-Alola, M|
|poke|p2|Sandslash-Alola, F|
|poke|p2|Cetitan, F|
|poke|p2|Rabsca, F|
|poke|p2|Toxapex, M|
|poke|p2|Zapdos|
|teampreview
|
|t:|1779886662
|teamsize|p1|6
|teamsize|p2|6
|start
|switch|p1a: Hydreigon|Hydreigon, M|100/100
|switch|p2a: Ninetales|Ninetales-Alola, M|100/100
|-weather|Snowscape|[from] ability: Snow Warning|[of] p2a: Ninetales
|turn|1
|
|t:|1779886690
|switch|p2a: Toxapex|Toxapex, M|100/100
|move|p1a: Hydreigon|Fire Blast|p2a: Toxapex|[miss]
|-miss|p1a: Hydreigon|p2a: Toxapex
|
|-weather|Snowscape|[upkeep]
|upkeep
|turn|2
|
|t:|1779886702
|switch|p1a: Rotom|Rotom-Wash|100/100
|move|p2a: Toxapex|Surf|p1a: Rotom
|-resisted|p1a: Rotom
|-damage|p1a: Rotom|87/100
|
|-weather|Snowscape|[upkeep]
|upkeep
|turn|3
|
|t:|1779886709
|switch|p2a: Zapdos|Zapdos|100/100
|move|p1a: Rotom|Thunderbolt|p2a: Zapdos
|-damage|p2a: Zapdos|21/100
|
|-weather|Snowscape|[upkeep]
|upkeep
|turn|4
|
|t:|1779886722
|switch|p1a: Gliscor|Gliscor, M, shiny|100/100
|move|p2a: Zapdos|Thunderbolt|p1a: Gliscor
|-immune|p1a: Gliscor
|
|-weather|Snowscape|[upkeep]
|-status|p1a: Gliscor|tox|[from] item: Toxic Orb
|upkeep
|turn|5
|
|t:|1779886730
|move|p2a: Zapdos|U-turn|p1a: Gliscor
|-resisted|p1a: Gliscor
|-damage|p1a: Gliscor|95/100 tox
|
|t:|1779886737
|switch|p2a: Cetitan|Cetitan, F|100/100|[from] U-turn
|move|p1a: Gliscor|Knock Off|p2a: Cetitan
|-damage|p2a: Cetitan|83/100
|-enditem|p2a: Cetitan|Sitrus Berry|[from] move: Knock Off|[of] p1a: Gliscor
|
|-weather|Snowscape|[upkeep]
|-heal|p1a: Gliscor|100/100 tox|[from] ability: Poison Heal
|upkeep
|turn|6
|
|t:|1779886748
|move|p1a: Gliscor|Protect|p1a: Gliscor
|-singleturn|p1a: Gliscor|Protect
|move|p2a: Cetitan|Ice Spinner|p1a: Gliscor
|-activate|p1a: Gliscor|move: Protect
|
|-weather|Snowscape|[upkeep]
|upkeep
|turn|7
|
|t:|1779886757
|switch|p1a: Scizor|Scizor, F, shiny|100/100
|move|p2a: Cetitan|Ice Spinner|p1a: Scizor
|-resisted|p1a: Scizor
|-damage|p1a: Scizor|79/100
|
|-weather|Snowscape|[upkeep]
|upkeep
|turn|8
|
|t:|1779886764
|move|p2a: Cetitan|Earthquake|p1a: Scizor
|-damage|p1a: Scizor|46/100
|-enditem|p1a: Scizor|Sitrus Berry|[eat]
|-heal|p1a: Scizor|71/100|[from] item: Sitrus Berry
|move|p1a: Scizor|Swords Dance|p1a: Scizor
|-boost|p1a: Scizor|atk|2
|
|-weather|none
|upkeep
|turn|9
|
|t:|1779886773
|switch|p2a: Toxapex|Toxapex, M|100/100
|-terastallize|p1a: Scizor|Steel
|move|p1a: Scizor|Bullet Punch|p2a: Toxapex
|-resisted|p2a: Toxapex
|-damage|p2a: Toxapex|71/100
|-enditem|p2a: Toxapex|Eject Button
|
|t:|1779886788
|switch|p2a: Ninetales|Ninetales-Alola, M|100/100
|-weather|Snowscape|[from] ability: Snow Warning|[of] p2a: Ninetales
|
|-weather|Snowscape|[upkeep]
|upkeep
|turn|10
|
|t:|1779886805
|switch|p2a: Zapdos|Zapdos|21/100
|move|p1a: Scizor|Bullet Punch|p2a: Zapdos
|-resisted|p2a: Zapdos
|-damage|p2a: Zapdos|0 fnt
|faint|p2a: Zapdos
|
|-weather|Snowscape|[upkeep]
|upkeep
|
|t:|1779886809
|switch|p2a: Sandslash|Sandslash-Alola, F|100/100
|turn|11
|
|t:|1779886828
|move|p1a: Scizor|Bullet Punch|p2a: Sandslash
|-damage|p2a: Sandslash|38/100
|move|p2a: Sandslash|Earthquake|p1a: Scizor
|-supereffective|p1a: Scizor
|-damage|p1a: Scizor|0 fnt
|faint|p1a: Scizor
|-damage|p2a: Sandslash|28/100|[from] item: Life Orb
|
|-weather|Snowscape|[upkeep]
|upkeep
|
|t:|1779886841
|switch|p1a: Hydreigon|Hydreigon, M|100/100
|turn|12
|
|t:|1779886844
|move|p2a: Sandslash|Ice Spinner|p1a: Hydreigon
|-supereffective|p1a: Hydreigon
|-damage|p1a: Hydreigon|0 fnt
|faint|p1a: Hydreigon
|-damage|p2a: Sandslash|18/100|[from] item: Life Orb
|
|-weather|Snowscape|[upkeep]
|upkeep
|
|t:|1779886855
|switch|p1a: Mimikyu|Mimikyu, M, shiny|100/100
|turn|13
|
|t:|1779886858
|move|p1a: Mimikyu|Shadow Sneak|p2a: Sandslash
|-damage|p2a: Sandslash|3/100
|-damage|p1a: Mimikyu|91/100|[from] item: Life Orb
|move|p2a: Sandslash|Ice Spinner|p1a: Mimikyu
|-activate|p1a: Mimikyu|ability: Disguise
|-damage|p1a: Mimikyu|91/100
|detailschange|p1a: Mimikyu|Mimikyu-Busted, M, shiny
|-damage|p1a: Mimikyu|78/100|[from] pokemon: Mimikyu-Busted
|-damage|p2a: Sandslash|0 fnt|[from] item: Life Orb
|faint|p2a: Sandslash
|
|-weather|Snowscape|[upkeep]
|upkeep
|
|t:|1779886870
|switch|p2a: Cetitan|Cetitan, F|83/100
|turn|14
|
|t:|1779886874
|move|p2a: Cetitan|Ice Spinner|p1a: Mimikyu
|-damage|p1a: Mimikyu|10/100
|move|p1a: Mimikyu|Phantom Force||[still]
|-prepare|p1a: Mimikyu|Phantom Force
|
|-weather|Snowscape|[upkeep]
|upkeep
|turn|15
|
|t:|1779886881
|move|p2a: Cetitan|Ice Spinner|p1a: Mimikyu|[miss]
|-miss|p2a: Cetitan|p1a: Mimikyu
|move|p1a: Mimikyu|Phantom Force|p2a: Cetitan|[from] lockedmove
|-damage|p2a: Cetitan|50/100
|-damage|p1a: Mimikyu|0 fnt|[from] item: Life Orb
|faint|p1a: Mimikyu
|
|-weather|Snowscape|[upkeep]
|upkeep
|
|t:|1779886901
|switch|p1a: Rotom|Rotom-Wash|87/100
|turn|16
|
|t:|1779886907
|switch|p2a: Toxapex|Toxapex, M|100/100
|move|p1a: Rotom|Hydro Pump|p2a: Toxapex
|-resisted|p2a: Toxapex
|-damage|p2a: Toxapex|65/100
|
|-weather|none
|upkeep
|turn|17
|
|t:|1779886917
|switch|p1a: Clodsire|Clodsire, F|100/100
|move|p2a: Toxapex|Toxic|p1a: Clodsire
|-immune|p1a: Clodsire
|
|upkeep
|turn|18
|
|t:|1779886923
|move|p2a: Toxapex|Surf|p1a: Clodsire
|-immune|p1a: Clodsire|[from] ability: Water Absorb
|move|p1a: Clodsire|Stealth Rock|p2a: Toxapex
|-sidestart|p2: WiiShopMusic|move: Stealth Rock
|
|upkeep
|turn|19
|
|t:|1779886931
|switch|p2a: Rabsca|Rabsca, F|100/100
|-damage|p2a: Rabsca|76/100|[from] Stealth Rock
|move|p1a: Clodsire|Earthquake|p2a: Rabsca
|-resisted|p2a: Rabsca
|-damage|p2a: Rabsca|60/100
|
|upkeep
|turn|20
|
|t:|1779886938
|move|p2a: Rabsca|Revival Blessing|p2a: Rabsca
|-enditem|p2a: Rabsca|Leppa Berry|[eat]
|-activate|p2a: Rabsca|item: Leppa Berry|Revival Blessing|[consumed]
|
|t:|1779886942
|-heal|p2: Sandslash|50/100|[from] move: Revival Blessing
|move|p1a: Clodsire|Toxic|p2a: Rabsca
|-status|p2a: Rabsca|tox
|-activate|p2a: Rabsca|ability: Synchronize
|-immune|p1a: Clodsire
|
|-damage|p2a: Rabsca|54/100 tox|[from] psn
|upkeep
|turn|21
|
|t:|1779886953
|move|p2a: Rabsca|Psychic|p1a: Clodsire
|-supereffective|p1a: Clodsire
|-damage|p1a: Clodsire|60/100
|move|p1a: Clodsire|Toxic|p2a: Rabsca
|-fail|p2a: Rabsca|tox
|
|-heal|p1a: Clodsire|66/100|[from] item: Leftovers
|-damage|p2a: Rabsca|42/100 tox|[from] psn
|upkeep
|turn|22
|
|t:|1779886961
|move|p2a: Rabsca|Psychic|p1a: Clodsire
|-supereffective|p1a: Clodsire
|-damage|p1a: Clodsire|24/100
|move|p1a: Clodsire|Recover|p1a: Clodsire
|-heal|p1a: Clodsire|74/100
|
|-heal|p1a: Clodsire|81/100|[from] item: Leftovers
|-damage|p2a: Rabsca|23/100 tox|[from] psn
|upkeep
|turn|23
|
|t:|1779886969
|move|p2a: Rabsca|Psychic|p1a: Clodsire
|-supereffective|p1a: Clodsire
|-damage|p1a: Clodsire|43/100
|move|p1a: Clodsire|Recover|p1a: Clodsire
|-heal|p1a: Clodsire|93/100
|
|-heal|p1a: Clodsire|99/100|[from] item: Leftovers
|-damage|p2a: Rabsca|0 fnt|[from] psn
|faint|p2a: Rabsca
|upkeep
|
|t:|1779886979
|switch|p2a: Ninetales|Ninetales-Alola, M|100/100
|-damage|p2a: Ninetales|76/100|[from] Stealth Rock
|-weather|Snowscape|[from] ability: Snow Warning|[of] p2a: Ninetales
|turn|24
|
|t:|1779886984
|move|p2a: Ninetales|Encore|p1a: Clodsire
|-start|p1a: Clodsire|Encore
|move|p1a: Clodsire|Recover|p1a: Clodsire
|-heal|p1a: Clodsire|100/100
|
|-weather|Snowscape|[upkeep]
|upkeep
|turn|25
|
|t:|1779886990
|switch|p1a: Rotom|Rotom-Wash|87/100
|move|p2a: Ninetales|Aurora Veil|p2a: Ninetales
|-sidestart|p2: WiiShopMusic|move: Aurora Veil
|
|-weather|Snowscape|[upkeep]
|upkeep
|turn|26
|
|t:|1779886998
|move|p2a: Ninetales|Moonblast|p1a: Rotom
|-crit|p1a: Rotom
|-damage|p1a: Rotom|10/100
|move|p1a: Rotom|Hydro Pump|p2a: Ninetales
|-damage|p2a: Ninetales|29/100
|
|-weather|Snowscape|[upkeep]
|upkeep
|turn|27
|
|t:|1779887007
|switch|p1a: Clodsire|Clodsire, F|100/100
|move|p2a: Ninetales|Blizzard|p1a: Clodsire
|-supereffective|p1a: Clodsire
|-damage|p1a: Clodsire|52/100
|-status|p1a: Clodsire|frz
|
|-weather|Snowscape|[upkeep]
|-heal|p1a: Clodsire|58/100 frz|[from] item: Leftovers
|upkeep
|turn|28
|
|t:|1779887016
|move|p2a: Ninetales|Blizzard|p1a: Clodsire
|-supereffective|p1a: Clodsire
|-damage|p1a: Clodsire|6/100 frz
|cant|p1a: Clodsire|frz
|
|-weather|Snowscape|[upkeep]
|-heal|p1a: Clodsire|13/100 frz|[from] item: Leftovers
|upkeep
|turn|29
|
|t:|1779887024
|move|p2a: Ninetales|Blizzard|p1a: Clodsire
|-supereffective|p1a: Clodsire
|-damage|p1a: Clodsire|0 fnt
|faint|p1a: Clodsire
|
|-weather|Snowscape|[upkeep]
|-sideend|p2: WiiShopMusic|move: Aurora Veil
|upkeep
|
|t:|1779887030
|switch|p1a: Gliscor|Gliscor, M, shiny|100/100 tox
|turn|30
|
|t:|1779887035
|switch|p2a: Toxapex|Toxapex, M|98/100
|-damage|p2a: Toxapex|85/100|[from] Stealth Rock
|move|p1a: Gliscor|Knock Off|p2a: Toxapex
|-damage|p2a: Toxapex|74/100
|
|-weather|Snowscape|[upkeep]
|upkeep
|turn|31
|
|t:|1779887043
|move|p1a: Gliscor|Swords Dance|p1a: Gliscor
|-boost|p1a: Gliscor|atk|2
|move|p2a: Toxapex|Surf|p1a: Gliscor
|-supereffective|p1a: Gliscor
|-damage|p1a: Gliscor|56/100 tox
|
|-weather|none
|-heal|p1a: Gliscor|69/100 tox|[from] ability: Poison Heal
|upkeep
|turn|32
|
|t:|1779887052
|-terastallize|p2a: Toxapex|Fairy
|move|p1a: Gliscor|Protect|p1a: Gliscor
|-singleturn|p1a: Gliscor|Protect
|move|p2a: Toxapex|Surf|p1a: Gliscor
|-activate|p1a: Gliscor|move: Protect
|
|-heal|p1a: Gliscor|81/100 tox|[from] ability: Poison Heal
|upkeep
|turn|33
|
|t:|1779887061
|move|p1a: Gliscor|Crabhammer|p2a: Toxapex
|-damage|p2a: Toxapex|40/100
|move|p2a: Toxapex|Surf|p1a: Gliscor
|-supereffective|p1a: Gliscor
|-damage|p1a: Gliscor|37/100 tox
|
|-heal|p1a: Gliscor|50/100 tox|[from] ability: Poison Heal
|upkeep
|turn|34
|
|t:|1779887069
|move|p1a: Gliscor|Protect|p1a: Gliscor
|-singleturn|p1a: Gliscor|Protect
|move|p2a: Toxapex|Surf|p1a: Gliscor
|-activate|p1a: Gliscor|move: Protect
|
|-heal|p1a: Gliscor|62/100 tox|[from] ability: Poison Heal
|upkeep
|turn|35
|
|t:|1779887077
|move|p1a: Gliscor|Crabhammer|p2a: Toxapex
|-damage|p2a: Toxapex|9/100
|move|p2a: Toxapex|Surf|p1a: Gliscor
|-supereffective|p1a: Gliscor
|-damage|p1a: Gliscor|18/100 tox
|
|-heal|p1a: Gliscor|30/100 tox|[from] ability: Poison Heal
|upkeep
|turn|36
|
|t:|1779887085
|switch|p2a: Ninetales|Ninetales-Alola, M|29/100
|-damage|p2a: Ninetales|5/100|[from] Stealth Rock
|-weather|Snowscape|[from] ability: Snow Warning|[of] p2a: Ninetales
|move|p1a: Gliscor|Protect||[still]
|-fail|p1a: Gliscor
|
|-weather|Snowscape|[upkeep]
|-heal|p1a: Gliscor|43/100 tox|[from] ability: Poison Heal
|upkeep
|turn|37
|
|t:|1779887095
|switch|p1a: Rotom|Rotom-Wash|10/100
|move|p2a: Ninetales|Blizzard|p1a: Rotom
|-resisted|p1a: Rotom
|-damage|p1a: Rotom|0 fnt
|faint|p1a: Rotom
|
|-weather|Snowscape|[upkeep]
|upkeep
|
|t:|1779887103
|switch|p1a: Gliscor|Gliscor, M, shiny|43/100 tox
|turn|38
|
|t:|1779887105
|move|p2a: Ninetales|Blizzard|p1a: Gliscor
|-supereffective|p1a: Gliscor
|-damage|p1a: Gliscor|0 fnt
|faint|p1a: Gliscor
|
|win|WiiShopMusic
|raw|22jj55's rating: 1184 &rarr; <strong>1161</strong><br />(-23 for losing)
|raw|WiiShopMusic's rating: 1208 &rarr; <strong>1231</strong><br />(+23 for winning)
|l|☆WiiShopMusic
|player|p2|
|l|☆22jj55
|player|p1|
