|j|☆claudechamp
|j|☆RomanMawile
|t:|1779879887
|gametype|singles
|player|p1|claudechamp|169|1319
|player|p2|RomanMawile|liza|1370
|gen|9
|tier|[Gen 9] OU
|rated|
|rule|HP Percentage Mod: HP is shown in percentages
|rule|Endless Battle Clause: Forcing endless battles is banned
|rule|Species Clause: Limit one of each Pokémon
|rule|OHKO Clause: OHKO moves are banned
|rule|Evasion Items Clause: Evasion items are banned
|rule|Evasion Moves Clause: Evasion moves are banned
|rule|Evasion Abilities Clause: Evasion abilities are banned
|rule|Sleep Moves Clause: Sleep-inducing moves are banned
|clearpoke
|poke|p1|Gliscor, F|
|poke|p1|Gholdengo|
|poke|p1|Zamazenta-*|
|poke|p1|Blissey, F|
|poke|p1|Skarmory, M|
|poke|p1|Pecharunt|
|poke|p2|Raging Bolt|
|poke|p2|Ogerpon-Wellspring, F|
|poke|p2|Iron Treads|
|poke|p2|Mandibuzz, F|
|poke|p2|Dragapult, F|
|poke|p2|Blaziken, F|
|teampreview
|inactive|Battle timer is ON: inactive players will automatically lose when time's up. (requested by RomanMawile)
|c|☆claudechamp|hf
|inactive|claudechamp also wants the timer to be on.
|c|☆RomanMawile|u2
|
|t:|1779879900
|teamsize|p1|6
|teamsize|p2|6
|start
|switch|p1a: Skarmory|Skarmory, M|100/100
|switch|p2a: Iron Treads|Iron Treads, shiny|100/100
|turn|1
|
|t:|1779879906
|move|p2a: Iron Treads|Stealth Rock|p1a: Skarmory
|-sidestart|p1: claudechamp|move: Stealth Rock
|move|p1a: Skarmory|Spikes|p2a: Iron Treads
|-sidestart|p2: RomanMawile|Spikes
|
|upkeep
|turn|2
|
|t:|1779879914
|-end|p2a: Iron Treads|Quark Drive|[silent]
|switch|p2a: Raging Bolt|Raging Bolt|100/100
|-damage|p2a: Raging Bolt|88/100|[from] Spikes
|move|p1a: Skarmory|Spikes|p2a: Raging Bolt
|-sidestart|p2: RomanMawile|Spikes
|
|-heal|p2a: Raging Bolt|94/100|[from] item: Leftovers
|upkeep
|turn|3
|
|t:|1779879921
|switch|p1a: Gliscor|Gliscor, F|100/100
|-damage|p1a: Gliscor|88/100|[from] Stealth Rock
|move|p2a: Raging Bolt|Calm Mind|p2a: Raging Bolt
|-boost|p2a: Raging Bolt|spa|1
|-boost|p2a: Raging Bolt|spd|1
|
|-heal|p2a: Raging Bolt|100/100|[from] item: Leftovers
|-status|p1a: Gliscor|tox|[from] item: Toxic Orb
|upkeep
|turn|4
|
|t:|1779879923
|move|p1a: Gliscor|Earthquake|p2a: Raging Bolt
|-supereffective|p2a: Raging Bolt
|-damage|p2a: Raging Bolt|42/100
|move|p2a: Raging Bolt|Dragon Pulse|p1a: Gliscor
|-damage|p1a: Gliscor|15/100 tox
|
|-heal|p2a: Raging Bolt|48/100|[from] item: Leftovers
|-heal|p1a: Gliscor|28/100 tox|[from] ability: Poison Heal
|upkeep
|turn|5
|
|t:|1779879933
|-end|p2a: Raging Bolt|Protosynthesis|[silent]
|switch|p2a: Mandibuzz|Mandibuzz, F, shiny|100/100
|move|p1a: Gliscor|Earthquake|p2a: Mandibuzz
|-immune|p2a: Mandibuzz
|
|-heal|p1a: Gliscor|40/100 tox|[from] ability: Poison Heal
|upkeep
|turn|6
|
|t:|1779879936
|switch|p1a: Zamazenta|Zamazenta|100/100
|-ability|p1a: Zamazenta|Dauntless Shield|boost
|-boost|p1a: Zamazenta|def|1
|move|p2a: Mandibuzz|Defog|p1a: Zamazenta
|-unboost|p1a: Zamazenta|evasion|1
|-sideend|p1: claudechamp|Stealth Rock|[from] move: Defog|[of] p2a: Mandibuzz
|-sideend|p2: RomanMawile|Spikes|[from] move: Defog|[of] p2a: Mandibuzz
|
|upkeep
|turn|7
|
|t:|1779879945
|move|p1a: Zamazenta|Close Combat|p2a: Mandibuzz
|-damage|p2a: Mandibuzz|66/100
|-unboost|p1a: Zamazenta|def|1
|-unboost|p1a: Zamazenta|spd|1
|-damage|p1a: Zamazenta|84/100|[from] item: Rocky Helmet|[of] p2a: Mandibuzz
|move|p2a: Mandibuzz|U-turn|p1a: Zamazenta
|-resisted|p1a: Zamazenta
|-damage|p1a: Zamazenta|79/100
|
|t:|1779879950
|switch|p2a: Dragapult|Dragapult, F, shiny|100/100|[from] U-turn
|
|upkeep
|turn|8
|
|t:|1779879955
|switch|p1a: Blissey|Blissey, F|100/100
|move|p2a: Dragapult|Draco Meteor|p1a: Blissey
|-crit|p1a: Blissey
|-damage|p1a: Blissey|74/100
|-unboost|p2a: Dragapult|spa|2
|
|upkeep
|turn|9
|
|t:|1779879958
|move|p2a: Dragapult|U-turn|p1a: Blissey
|-damage|p1a: Blissey|55/100
|
|t:|1779879961
|switch|p2a: Blaziken|Blaziken, F, shiny|100/100|[from] U-turn
|move|p1a: Blissey|Stealth Rock|p2a: Blaziken
|-sidestart|p2: RomanMawile|move: Stealth Rock
|
|upkeep
|turn|10
|
|t:|1779879969
|move|p2a: Blaziken|Focus Energy|p2a: Blaziken
|-start|p2a: Blaziken|move: Focus Energy
|move|p1a: Blissey|Soft-Boiled|p1a: Blissey
|-heal|p1a: Blissey|100/100
|
|-ability|p2a: Blaziken|Speed Boost|boost
|-boost|p2a: Blaziken|spe|1
|upkeep
|turn|11
|
|t:|1779879973
|switch|p1a: Zamazenta|Zamazenta|79/100
|move|p2a: Blaziken|Close Combat|p1a: Zamazenta
|-crit|p1a: Zamazenta
|-damage|p1a: Zamazenta|0 fnt
|-unboost|p2a: Blaziken|def|1
|-unboost|p2a: Blaziken|spd|1
|faint|p1a: Zamazenta
|
|-ability|p2a: Blaziken|Speed Boost|boost
|-boost|p2a: Blaziken|spe|1
|upkeep
|
|t:|1779879986
|switch|p1a: Gholdengo|Gholdengo|100/100
|turn|12
|
|t:|1779879995
|move|p2a: Blaziken|Overheat|p1a: Gholdengo|[miss]
|-miss|p2a: Blaziken|p1a: Gholdengo
|move|p1a: Gholdengo|Nasty Plot|p1a: Gholdengo
|-boost|p1a: Gholdengo|spa|2
|
|-ability|p2a: Blaziken|Speed Boost|boost
|-boost|p2a: Blaziken|spe|1
|upkeep
|turn|13
|
|t:|1779879999
|-terastallize|p1a: Gholdengo|Fairy
|move|p2a: Blaziken|Overheat|p1a: Gholdengo
|-crit|p1a: Gholdengo
|-damage|p1a: Gholdengo|28/100
|-unboost|p2a: Blaziken|spa|2
|move|p1a: Gholdengo|Nasty Plot|p1a: Gholdengo
|-boost|p1a: Gholdengo|spa|2
|
|-ability|p2a: Blaziken|Speed Boost|boost
|-boost|p2a: Blaziken|spe|1
|upkeep
|turn|14
|
|t:|1779880004
|move|p2a: Blaziken|Overheat|p1a: Gholdengo
|-crit|p1a: Gholdengo
|-damage|p1a: Gholdengo|0 fnt
|-unboost|p2a: Blaziken|spa|2
|faint|p1a: Gholdengo
|
|-ability|p2a: Blaziken|Speed Boost|boost
|-boost|p2a: Blaziken|spe|1
|upkeep
|
|t:|1779880007
|switch|p1a: Pecharunt|Pecharunt|100/100
|turn|15
|
|t:|1779880015
|switch|p2a: Iron Treads|Iron Treads, shiny|100/100
|move|p1a: Pecharunt|Parting Shot|p2a: Iron Treads
|-unboost|p2a: Iron Treads|atk|1
|-unboost|p2a: Iron Treads|spa|1
|
|t:|1779880018
|switch|p1a: Gliscor|Gliscor, F|40/100 tox|[from] Parting Shot
|
|-heal|p1a: Gliscor|53/100 tox|[from] ability: Poison Heal
|upkeep
|turn|16
|
|t:|1779880021
|move|p2a: Iron Treads|Stealth Rock|p1a: Gliscor
|-sidestart|p1: claudechamp|move: Stealth Rock
|move|p1a: Gliscor|Earthquake|p2a: Iron Treads
|-supereffective|p2a: Iron Treads
|-damage|p2a: Iron Treads|37/100
|
|-heal|p1a: Gliscor|65/100 tox|[from] ability: Poison Heal
|upkeep
|turn|17
|
|t:|1779880027
|switch|p1a: Pecharunt|Pecharunt|100/100
|move|p2a: Iron Treads|Iron Head|p1a: Pecharunt
|-damage|p1a: Pecharunt|89/100
|
|upkeep
|turn|18
|
|t:|1779880042
|switch|p1a: Gliscor|Gliscor, F|65/100 tox
|-damage|p1a: Gliscor|53/100 tox|[from] Stealth Rock
|move|p2a: Iron Treads|Earthquake|p1a: Gliscor
|-immune|p1a: Gliscor
|
|-heal|p1a: Gliscor|65/100 tox|[from] ability: Poison Heal
|upkeep
|turn|19
|
|t:|1779880047
|-end|p2a: Iron Treads|Quark Drive|[silent]
|switch|p2a: Ogerpon|Ogerpon-Wellspring, F|100/100
|-damage|p2a: Ogerpon|88/100|[from] Stealth Rock
|move|p1a: Gliscor|Knock Off|p2a: Ogerpon
|-damage|p2a: Ogerpon|71/100
|
|-heal|p1a: Gliscor|78/100 tox|[from] ability: Poison Heal
|upkeep
|turn|20
|
|t:|1779880056
|move|p2a: Ogerpon|Swords Dance|p2a: Ogerpon
|-boost|p2a: Ogerpon|atk|2
|move|p1a: Gliscor|Swords Dance|p1a: Gliscor
|-boost|p1a: Gliscor|atk|2
|
|-heal|p1a: Gliscor|90/100 tox|[from] ability: Poison Heal
|upkeep
|turn|21
|
|t:|1779880065
|move|p2a: Ogerpon|Ivy Cudgel|p1a: Gliscor|[anim] Ivy Cudgel Water
|-supereffective|p1a: Gliscor
|-damage|p1a: Gliscor|0 fnt
|faint|p1a: Gliscor
|
|upkeep
|
|t:|1779880073
|switch|p1a: Skarmory|Skarmory, M|100/100
|turn|22
|
|t:|1779880083
|move|p2a: Ogerpon|Ivy Cudgel|p1a: Skarmory|[anim] Ivy Cudgel Water
|-crit|p1a: Skarmory
|-ability|p1a: Skarmory|Sturdy
|-damage|p1a: Skarmory|1/100
|move|p1a: Skarmory|Whirlwind|p2a: Ogerpon
|drag|p2a: Mandibuzz|Mandibuzz, F, shiny|66/100
|-damage|p2a: Mandibuzz|41/100|[from] Stealth Rock
|
|upkeep
|turn|23
|
|t:|1779880089
|move|p1a: Skarmory|Roost|p1a: Skarmory
|-heal|p1a: Skarmory|51/100
|-singleturn|p1a: Skarmory|move: Roost
|move|p2a: Mandibuzz|Roost|p2a: Mandibuzz
|-heal|p2a: Mandibuzz|92/100
|-singleturn|p2a: Mandibuzz|move: Roost
|
|upkeep
|turn|24
|
|t:|1779880097
|move|p2a: Mandibuzz|U-turn|p1a: Skarmory
|-resisted|p1a: Skarmory
|-damage|p1a: Skarmory|49/100
|
|t:|1779880100
|switch|p2a: Blaziken|Blaziken, F, shiny|100/100|[from] U-turn
|-damage|p2a: Blaziken|88/100|[from] Stealth Rock
|move|p1a: Skarmory|Whirlwind|p2a: Blaziken
|drag|p2a: Ogerpon|Ogerpon-Wellspring, F|71/100
|-damage|p2a: Ogerpon|58/100|[from] Stealth Rock
|
|upkeep
|turn|25
|
|t:|1779880116
|move|p2a: Ogerpon|Ivy Cudgel|p1a: Skarmory|[anim] Ivy Cudgel Water
|-damage|p1a: Skarmory|12/100
|move|p1a: Skarmory|Roost|p1a: Skarmory
|-heal|p1a: Skarmory|62/100
|-singleturn|p1a: Skarmory|move: Roost
|
|upkeep
|turn|26
|
|t:|1779880122
|move|p2a: Ogerpon|Swords Dance|p2a: Ogerpon
|-boost|p2a: Ogerpon|atk|2
|move|p1a: Skarmory|Whirlwind|p2a: Ogerpon
|drag|p2a: Iron Treads|Iron Treads, shiny|37/100
|
|upkeep
|turn|27
|
|t:|1779880132
|move|p2a: Iron Treads|Rapid Spin|p1a: Skarmory
|-resisted|p1a: Skarmory
|-damage|p1a: Skarmory|57/100
|-boost|p2a: Iron Treads|spe|1
|-sideend|p2: RomanMawile|Stealth Rock|[from] move: Rapid Spin|[of] p2a: Iron Treads
|move|p1a: Skarmory|Roost|p1a: Skarmory
|-heal|p1a: Skarmory|100/100
|-singleturn|p1a: Skarmory|move: Roost
|
|upkeep
|turn|28
|
|t:|1779880145
|-end|p2a: Iron Treads|Quark Drive|[silent]
|switch|p2a: Raging Bolt|Raging Bolt|48/100
|move|p1a: Skarmory|Body Press|p2a: Raging Bolt
|-damage|p2a: Raging Bolt|20/100
|
|-heal|p2a: Raging Bolt|27/100|[from] item: Leftovers
|upkeep
|turn|29
|
|t:|1779880159
|move|p2a: Raging Bolt|Thunderbolt|p1a: Skarmory
|-supereffective|p1a: Skarmory
|-ability|p1a: Skarmory|Sturdy
|-damage|p1a: Skarmory|1/100
|move|p1a: Skarmory|Whirlwind|p2a: Raging Bolt
|-end|p2a: Raging Bolt|Protosynthesis|[silent]
|drag|p2a: Mandibuzz|Mandibuzz, F, shiny|92/100
|
|upkeep
|turn|30
|
|t:|1779880168
|move|p1a: Skarmory|Roost|p1a: Skarmory
|-heal|p1a: Skarmory|51/100
|-singleturn|p1a: Skarmory|move: Roost
|move|p2a: Mandibuzz|Foul Play|p1a: Skarmory
|-damage|p1a: Skarmory|38/100
|
|upkeep
|turn|31
|
|t:|1779880175
|move|p1a: Skarmory|Spikes|p2a: Mandibuzz
|-sidestart|p2: RomanMawile|Spikes
|move|p2a: Mandibuzz|U-turn|p1a: Skarmory
|-resisted|p1a: Skarmory
|-damage|p1a: Skarmory|36/100
|
|t:|1779880177
|switch|p2a: Blaziken|Blaziken, F, shiny|88/100|[from] U-turn
|-damage|p2a: Blaziken|76/100|[from] Spikes
|
|upkeep
|turn|32
|
|t:|1779880182
|switch|p1a: Pecharunt|Pecharunt|89/100
|move|p2a: Blaziken|Overheat|p1a: Pecharunt
|-crit|p1a: Pecharunt
|-damage|p1a: Pecharunt|20/100
|-unboost|p2a: Blaziken|spa|2
|
|-ability|p2a: Blaziken|Speed Boost|boost
|-boost|p2a: Blaziken|spe|1
|upkeep
|turn|33
|
|t:|1779880193
|move|p2a: Blaziken|Overheat|p1a: Pecharunt
|-damage|p1a: Pecharunt|0 fnt
|-unboost|p2a: Blaziken|spa|2
|faint|p1a: Pecharunt
|
|-ability|p2a: Blaziken|Speed Boost|boost
|-boost|p2a: Blaziken|spe|1
|upkeep
|
|t:|1779880202
|switch|p1a: Skarmory|Skarmory, M|36/100
|turn|34
|
|t:|1779880212
|move|p2a: Blaziken|Overheat|p1a: Skarmory
|-supereffective|p1a: Skarmory
|-damage|p1a: Skarmory|0 fnt
|-unboost|p2a: Blaziken|spa|2
|faint|p1a: Skarmory
|
|-ability|p2a: Blaziken|Speed Boost|boost
|-boost|p2a: Blaziken|spe|1
|upkeep
|
|t:|1779880220
|switch|p1a: Blissey|Blissey, F|100/100
|turn|35
|
|t:|1779880228
|move|p2a: Blaziken|Focus Energy|p2a: Blaziken
|-start|p2a: Blaziken|move: Focus Energy
|move|p1a: Blissey|Shadow Ball|p2a: Blaziken
|-damage|p2a: Blaziken|55/100
|-unboost|p2a: Blaziken|spd|1
|
|-ability|p2a: Blaziken|Speed Boost|boost
|-boost|p2a: Blaziken|spe|1
|upkeep
|turn|36
|
|t:|1779880234
|move|p2a: Blaziken|Close Combat|p1a: Blissey
|-supereffective|p1a: Blissey
|-crit|p1a: Blissey
|-damage|p1a: Blissey|0 fnt
|-unboost|p2a: Blaziken|def|1
|-unboost|p2a: Blaziken|spd|1
|faint|p1a: Blissey
|
|win|RomanMawile
|raw|claudechamp's rating: 1321 &rarr; <strong>1304</strong><br />(-17 for losing)
|raw|RomanMawile's rating: 1370 &rarr; <strong>1387</strong><br />(+17 for winning)
|c|☆claudechamp|gg
|c|☆RomanMawile|gg
|l|☆RomanMawile
|player|p2|
