|j|☆notapingu
|j|☆loserJM
|t:|1779970707
|gametype|singles
|player|p1|notapingu|n|1139
|player|p2|loserJM|dawn-gen4pt|1113
|gen|9
|tier|[Gen 9] OU
|rated|
|rule|HP Percentage Mod: HP is shown in percentages
|rule|Endless Battle Clause: Forcing endless battles is banned
|rule|Species Clause: Limit one of each Pokémon
|rule|OHKO Clause: OHKO moves are banned
|rule|Evasion Items Clause: Evasion items are banned
|rule|Evasion Moves Clause: Evasion moves are banned
|rule|Evasion Abilities Clause: Evasion abilities are banned
|rule|Sleep Moves Clause: Sleep-inducing moves are banned
|clearpoke
|poke|p1|Glimmora, M|
|poke|p1|Gliscor, F|
|poke|p1|Duraludon, M|
|poke|p1|Grimmsnarl, M|
|poke|p1|Kingambit, F|
|poke|p1|Cloyster, M|
|poke|p2|Kingambit, F|
|poke|p2|Slowking-Galar, F|
|poke|p2|Zapdos|
|poke|p2|Cinderace, F|
|poke|p2|Rillaboom, F|
|poke|p2|Clefable, M|
|teampreview
|
|t:|1779970718
|teamsize|p1|6
|teamsize|p2|6
|start
|switch|p1a: Glimmora|Glimmora, M|100/100
|switch|p2a: Slowking|Slowking-Galar, F|100/100
|turn|1
|
|t:|1779970734
|move|p1a: Glimmora|Stealth Rock|p2a: Slowking
|-sidestart|p2: loserJM|move: Stealth Rock
|move|p2a: Slowking|Ice Beam|p1a: Glimmora
|-damage|p1a: Glimmora|75/100
|
|upkeep
|turn|2
|
|t:|1779970743
|move|p1a: Glimmora|Spikes|p2a: Slowking
|-sidestart|p2: loserJM|Spikes
|move|p2a: Slowking|Future Sight|p1a: Glimmora
|-start|p2a: Slowking|move: Future Sight
|
|upkeep
|turn|3
|
|t:|1779970748
|move|p1a: Glimmora|Spikes|p2a: Slowking
|-sidestart|p2: loserJM|Spikes
|move|p2a: Slowking|Trick Room|p2a: Slowking
|-fieldstart|move: Trick Room|[of] p2a: Slowking
|
|upkeep
|turn|4
|
|t:|1779970763
|switch|p2a: Clefable|Clefable, M|100/100
|-damage|p2a: Clefable|88/100|[from] Stealth Rock
|-damage|p2a: Clefable|72/100|[from] Spikes
|move|p1a: Glimmora|Spikes|p2a: Clefable
|-sidestart|p2: loserJM|Spikes
|
|-end|p1a: Glimmora|move: Future Sight
|-supereffective|p1a: Glimmora
|-damage|p1a: Glimmora|0 fnt
|faint|p1a: Glimmora
|-heal|p2a: Clefable|78/100|[from] item: Leftovers
|upkeep
|
|t:|1779970775
|switch|p1a: Duraludon|Duraludon, M|100/100
|turn|5
|
|t:|1779970782
|move|p2a: Clefable|Wish|p2a: Clefable
|move|p1a: Duraludon|Heavy Slam|p2a: Clefable
|-supereffective|p2a: Clefable
|-damage|p2a: Clefable|48/100
|
|-heal|p2a: Clefable|54/100|[from] item: Leftovers
|upkeep
|turn|6
|
|t:|1779970790
|move|p2a: Clefable|Moonblast|p1a: Duraludon
|-damage|p1a: Duraludon|69/100
|-unboost|p1a: Duraludon|spa|1
|move|p1a: Duraludon|Heavy Slam|p2a: Clefable
|-supereffective|p2a: Clefable
|-damage|p2a: Clefable|24/100
|
|-heal|p2a: Clefable|74/100|[from] move: Wish|[wisher] Clefable
|-heal|p2a: Clefable|80/100|[from] item: Leftovers
|upkeep
|turn|7
|
|t:|1779970808
|move|p2a: Clefable|Wish|p2a: Clefable
|move|p1a: Duraludon|Heavy Slam|p2a: Clefable
|-supereffective|p2a: Clefable
|-damage|p2a: Clefable|46/100
|
|-heal|p2a: Clefable|53/100|[from] item: Leftovers
|-fieldend|move: Trick Room
|upkeep
|turn|8
|
|t:|1779970815
|move|p1a: Duraludon|Heavy Slam|p2a: Clefable
|-supereffective|p2a: Clefable
|-damage|p2a: Clefable|19/100
|move|p2a: Clefable|Stealth Rock|p1a: Duraludon
|-sidestart|p1: notapingu|move: Stealth Rock
|
|-heal|p2a: Clefable|69/100|[from] move: Wish|[wisher] Clefable
|-heal|p2a: Clefable|75/100|[from] item: Leftovers
|upkeep
|turn|9
|
|t:|1779970824
|move|p1a: Duraludon|Heavy Slam|p2a: Clefable
|-supereffective|p2a: Clefable
|-damage|p2a: Clefable|42/100
|move|p2a: Clefable|Wish|p2a: Clefable
|
|-heal|p2a: Clefable|48/100|[from] item: Leftovers
|upkeep
|turn|10
|
|t:|1779970830
|move|p1a: Duraludon|Heavy Slam|p2a: Clefable
|-supereffective|p2a: Clefable
|-damage|p2a: Clefable|13/100
|move|p2a: Clefable|Moonblast|p1a: Duraludon
|-crit|p1a: Duraludon
|-damage|p1a: Duraludon|24/100
|
|-heal|p2a: Clefable|63/100|[from] move: Wish|[wisher] Clefable
|-heal|p2a: Clefable|69/100|[from] item: Leftovers
|upkeep
|turn|11
|
|t:|1779970840
|-terastallize|p1a: Duraludon|Steel
|move|p1a: Duraludon|Heavy Slam|p2a: Clefable
|-supereffective|p2a: Clefable
|-damage|p2a: Clefable|24/100
|move|p2a: Clefable|Wish|p2a: Clefable
|
|-heal|p2a: Clefable|30/100|[from] item: Leftovers
|upkeep
|turn|12
|
|t:|1779970849
|switch|p2a: Slowking|Slowking-Galar, F|100/100
|-damage|p2a: Slowking|88/100|[from] Stealth Rock
|-damage|p2a: Slowking|63/100|[from] Spikes
|move|p1a: Duraludon|Heavy Slam|p2a: Slowking
|-damage|p2a: Slowking|48/100
|-damage|p1a: Duraludon|7/100|[from] item: Rocky Helmet|[of] p2a: Slowking
|
|-heal|p2a: Slowking|98/100|[from] move: Wish|[wisher] Clefable
|upkeep
|turn|13
|
|t:|1779970863
|move|p1a: Duraludon|Dragon Pulse|p2a: Slowking
|-damage|p2a: Slowking|81/100
|move|p2a: Slowking|Future Sight|p1a: Duraludon
|-start|p2a: Slowking|move: Future Sight
|
|upkeep
|turn|14
|
|t:|1779970870
|move|p1a: Duraludon|Dragon Pulse|p2a: Slowking
|-damage|p2a: Slowking|64/100
|move|p2a: Slowking|Ice Beam|p1a: Duraludon
|-resisted|p1a: Duraludon
|-damage|p1a: Duraludon|0 fnt
|faint|p1a: Duraludon
|
|upkeep
|
|t:|1779970880
|switch|p1a: Grimmsnarl|Grimmsnarl, M|100/100
|-damage|p1a: Grimmsnarl|88/100|[from] Stealth Rock
|turn|15
|
|t:|1779970886
|move|p1a: Grimmsnarl|Fake Out|p2a: Slowking
|-damage|p2a: Slowking|56/100
|-damage|p1a: Grimmsnarl|72/100|[from] item: Rocky Helmet|[of] p2a: Slowking
|cant|p2a: Slowking|flinch
|
|-end|p1a: Grimmsnarl|move: Future Sight
|-immune|p1a: Grimmsnarl
|-heal|p1a: Grimmsnarl|78/100|[from] item: Leftovers
|upkeep
|turn|16
|
|t:|1779970897
|move|p1a: Grimmsnarl|Thunder Wave|p2a: Slowking
|-status|p2a: Slowking|par
|move|p2a: Slowking|Toxic|p1a: Grimmsnarl
|-status|p1a: Grimmsnarl|tox
|
|-heal|p1a: Grimmsnarl|84/100 tox|[from] item: Leftovers
|-damage|p1a: Grimmsnarl|78/100 tox|[from] psn
|upkeep
|turn|17
|
|t:|1779970915
|move|p1a: Grimmsnarl|Parting Shot|p2a: Slowking
|-unboost|p2a: Slowking|atk|1
|-unboost|p2a: Slowking|spa|1
|
|t:|1779970924
|switch|p1a: Cloyster|Cloyster, M|100/100|[from] Parting Shot
|-damage|p1a: Cloyster|76/100|[from] Stealth Rock
|move|p2a: Slowking|Ice Beam|p1a: Cloyster
|-resisted|p1a: Cloyster
|-damage|p1a: Cloyster|66/100
|
|upkeep
|turn|18
|
|t:|1779970935
|move|p1a: Cloyster|Shell Smash|p1a: Cloyster
|-unboost|p1a: Cloyster|def|1
|-unboost|p1a: Cloyster|spd|1
|-boost|p1a: Cloyster|atk|2
|-boost|p1a: Cloyster|spa|2
|-boost|p1a: Cloyster|spe|2
|-enditem|p1a: Cloyster|White Herb
|-clearnegativeboost|p1a: Cloyster|[silent]
|move|p2a: Slowking|Toxic|p1a: Cloyster
|-status|p1a: Cloyster|tox
|
|-damage|p1a: Cloyster|59/100 tox|[from] psn
|upkeep
|turn|19
|
|t:|1779970947
|move|p1a: Cloyster|Drill Run|p2a: Slowking
|-supereffective|p2a: Slowking
|-crit|p2a: Slowking
|-damage|p2a: Slowking|0 fnt
|-damage|p1a: Cloyster|43/100 tox|[from] item: Rocky Helmet|[of] p2a: Slowking
|faint|p2a: Slowking
|
|-damage|p1a: Cloyster|30/100 tox|[from] psn
|upkeep
|
|t:|1779970958
|switch|p2a: Kingambit|Kingambit, F|100/100
|-damage|p2a: Kingambit|94/100|[from] Stealth Rock
|-activate|p2a: Kingambit|ability: Supreme Overlord
|-start|p2a: Kingambit|fallen1|[silent]
|-item|p2a: Kingambit|Air Balloon
|turn|20
|
|t:|1779970966
|move|p2a: Kingambit|Sucker Punch|p1a: Cloyster
|-damage|p1a: Cloyster|0 fnt
|faint|p1a: Cloyster
|
|upkeep
|
|t:|1779970978
|switch|p1a: Gliscor|Gliscor, F|100/100
|-damage|p1a: Gliscor|88/100|[from] Stealth Rock
|turn|21
|
|t:|1779970988
|-terastallize|p2a: Kingambit|Dark
|move|p1a: Gliscor|Knock Off|p2a: Kingambit
|-resisted|p2a: Kingambit
|-damage|p2a: Kingambit|84/100
|-enditem|p2a: Kingambit|Air Balloon
|move|p2a: Kingambit|Swords Dance|p2a: Kingambit
|-boost|p2a: Kingambit|atk|2
|
|-status|p1a: Gliscor|tox|[from] item: Toxic Orb
|upkeep
|turn|22
|
|t:|1779970998
|move|p2a: Kingambit|Sucker Punch|p1a: Gliscor
|-damage|p1a: Gliscor|0 fnt
|faint|p1a: Gliscor
|
|upkeep
|
|t:|1779971006
|switch|p1a: Grimmsnarl|Grimmsnarl, M|78/100 tox
|-damage|p1a: Grimmsnarl|65/100 tox|[from] Stealth Rock
|turn|23
|
|t:|1779971012
|move|p1a: Grimmsnarl|Fake Out|p2a: Kingambit
|-damage|p2a: Kingambit|76/100
|cant|p2a: Kingambit|flinch
|
|-heal|p1a: Grimmsnarl|71/100 tox|[from] item: Leftovers
|-damage|p1a: Grimmsnarl|65/100 tox|[from] psn
|upkeep
|turn|24
|
|t:|1779971020
|move|p1a: Grimmsnarl|Parting Shot|p2a: Kingambit
|-hint|Since gen 7, Dark is immune to Prankster moves.
|-immune|p2a: Kingambit
|move|p2a: Kingambit|Iron Head|p1a: Grimmsnarl
|-supereffective|p1a: Grimmsnarl
|-damage|p1a: Grimmsnarl|0 fnt
|faint|p1a: Grimmsnarl
|
|upkeep
|
|t:|1779971027
|switch|p1a: Kingambit|Kingambit, F|100/100
|-damage|p1a: Kingambit|94/100|[from] Stealth Rock
|-activate|p1a: Kingambit|ability: Supreme Overlord
|-start|p1a: Kingambit|fallen5|[silent]
|turn|25
|
|t:|1779971037
|move|p2a: Kingambit|Low Kick|p1a: Kingambit
|-supereffective|p1a: Kingambit
|-damage|p1a: Kingambit|0 fnt
|faint|p1a: Kingambit
|-end|p1a: Kingambit|fallen5|[silent]
|
|win|loserJM
|raw|notapingu's rating: 1139 &rarr; <strong>1112</strong><br />(-27 for losing)
|raw|loserJM's rating: 1113 &rarr; <strong>1140</strong><br />(+27 for winning)
|l|☆notapingu
|player|p1|
|l|☆loserJM
|player|p2|
