|j|☆traphouse timmy
|j|☆swl_kitkat
|t:|1779808374
|gametype|singles
|player|p1|traphouse timmy|ninjaboy|1399
|player|p2|swl_kitkat|pokemonbreederf-gen4|1347
|gen|9
|tier|[Gen 9] OU
|rated|
|rule|HP Percentage Mod: HP is shown in percentages
|rule|Endless Battle Clause: Forcing endless battles is banned
|rule|Species Clause: Limit one of each Pokémon
|rule|OHKO Clause: OHKO moves are banned
|rule|Evasion Items Clause: Evasion items are banned
|rule|Evasion Moves Clause: Evasion moves are banned
|rule|Evasion Abilities Clause: Evasion abilities are banned
|rule|Sleep Moves Clause: Sleep-inducing moves are banned
|clearpoke
|poke|p1|Deoxys-Speed|
|poke|p1|Hoopa-Unbound|
|poke|p1|Manaphy|
|poke|p1|Iron Valiant|
|poke|p1|Iron Hands|
|poke|p1|Cinderace, F|
|poke|p2|Clawitzer, M|
|poke|p2|Cloyster, F|
|poke|p2|Dragapult, M|
|poke|p2|Polteageist|
|poke|p2|Cinderace, F|
|poke|p2|Zapdos|
|teampreview
|inactive|Battle timer is ON: inactive players will automatically lose when time's up. (requested by traphouse timmy)
|l|☆swl_kitkat
|inactive|swl_kitkat disconnected and has a minute to reconnect!
|player|p2|
|j| iip
|l| iip
|inactive|swl_kitkat has 30 seconds to reconnect!
|j|☆swl_kitkat
|inactive|swl_kitkat reconnected and has 110 seconds left.
|player|p2|swl_kitkat|pokemonbreederf-gen4|
|
|t:|1779808426
|teamsize|p1|6
|teamsize|p2|6
|start
|switch|p1a: Deoxys|Deoxys-Speed|100/100
|switch|p2a: Clawitzer|Clawitzer, M|100/100
|-ability|p1a: Deoxys|Pressure
|turn|1
|
|t:|1779808434
|move|p1a: Deoxys|Light Screen|p1a: Deoxys
|-sidestart|p1: traphouse timmy|move: Light Screen
|move|p2a: Clawitzer|Dark Pulse|p1a: Deoxys
|-supereffective|p1a: Deoxys
|-damage|p1a: Deoxys|54/100
|
|upkeep
|turn|2
|
|t:|1779808442
|move|p1a: Deoxys|Reflect|p1a: Deoxys
|-sidestart|p1: traphouse timmy|Reflect
|move|p2a: Clawitzer|Dark Pulse|p1a: Deoxys
|-supereffective|p1a: Deoxys
|-damage|p1a: Deoxys|9/100
|
|upkeep
|turn|3
|
|t:|1779808447
|move|p1a: Deoxys|Psycho Boost|p2a: Clawitzer
|-damage|p2a: Clawitzer|35/100
|-unboost|p1a: Deoxys|spa|2
|move|p2a: Clawitzer|Dark Pulse|p1a: Deoxys
|-supereffective|p1a: Deoxys
|-damage|p1a: Deoxys|0 fnt
|faint|p1a: Deoxys
|
|upkeep
|
|t:|1779808456
|switch|p1a: Manaphy|Manaphy|100/100
|turn|4
|
|t:|1779808461
|move|p2a: Clawitzer|Dark Pulse|p1a: Manaphy
|-damage|p1a: Manaphy|83/100
|move|p1a: Manaphy|Take Heart|p1a: Manaphy
|-boost|p1a: Manaphy|spa|1
|-boost|p1a: Manaphy|spd|1
|
|-heal|p1a: Manaphy|89/100|[from] item: Leftovers
|upkeep
|turn|5
|
|t:|1779808468
|switch|p2a: Zapdos|Zapdos|100/100
|move|p1a: Manaphy|Take Heart|p1a: Manaphy
|-boost|p1a: Manaphy|spa|1
|-boost|p1a: Manaphy|spd|1
|
|-heal|p1a: Manaphy|96/100|[from] item: Leftovers
|upkeep
|turn|6
|
|t:|1779808475
|move|p1a: Manaphy|Take Heart|p1a: Manaphy
|-boost|p1a: Manaphy|spa|1
|-boost|p1a: Manaphy|spd|1
|move|p2a: Zapdos|Thunderbolt|p1a: Manaphy
|-supereffective|p1a: Manaphy
|-damage|p1a: Manaphy|79/100
|
|-heal|p1a: Manaphy|85/100|[from] item: Leftovers
|upkeep
|turn|7
|l|☆swl_kitkat
|inactive|swl_kitkat disconnected and has a minute to reconnect!
|player|p2|
|inactive|swl_kitkat has 30 seconds to reconnect!
|j|☆swl_kitkat
|inactive|swl_kitkat reconnected and has 120 seconds left.
|player|p2|swl_kitkat|pokemonbreederf-gen4|
|
|t:|1779808511
|move|p1a: Manaphy|Acid Armor|p1a: Manaphy
|-boost|p1a: Manaphy|def|2
|move|p2a: Zapdos|Thunderbolt|p1a: Manaphy
|-supereffective|p1a: Manaphy
|-damage|p1a: Manaphy|70/100
|
|-heal|p1a: Manaphy|76/100|[from] item: Leftovers
|upkeep
|turn|8
|
|t:|1779808520
|move|p1a: Manaphy|Take Heart|p1a: Manaphy
|-boost|p1a: Manaphy|spa|1
|-boost|p1a: Manaphy|spd|1
|move|p2a: Zapdos|Thunderbolt|p1a: Manaphy
|-supereffective|p1a: Manaphy
|-damage|p1a: Manaphy|62/100
|
|-heal|p1a: Manaphy|69/100|[from] item: Leftovers
|-sideend|p1: traphouse timmy|move: Light Screen
|upkeep
|turn|9
|
|t:|1779808528
|move|p1a: Manaphy|Stored Power|p2a: Zapdos
|-crit|p2a: Zapdos
|-damage|p2a: Zapdos|0 fnt
|faint|p2a: Zapdos
|
|-heal|p1a: Manaphy|75/100|[from] item: Leftovers
|-sideend|p1: traphouse timmy|Reflect
|upkeep
|
|t:|1779808535
|switch|p2a: Dragapult|Dragapult, M|100/100
|turn|10
|
|t:|1779808538
|move|p2a: Dragapult|Draco Meteor|p1a: Manaphy
|-damage|p1a: Manaphy|52/100
|-unboost|p2a: Dragapult|spa|2
|move|p1a: Manaphy|Stored Power|p2a: Dragapult
|-damage|p2a: Dragapult|0 fnt
|faint|p2a: Dragapult
|
|-heal|p1a: Manaphy|59/100|[from] item: Leftovers
|upkeep
|
|t:|1779808544
|switch|p2a: Polteageist|Polteageist|100/100
|turn|11
|
|t:|1779808549
|move|p1a: Manaphy|Scald|p2a: Polteageist
|-damage|p2a: Polteageist|10/100
|-status|p2a: Polteageist|brn
|move|p2a: Polteageist|Shell Smash|p2a: Polteageist
|-unboost|p2a: Polteageist|def|1
|-unboost|p2a: Polteageist|spd|1
|-boost|p2a: Polteageist|atk|2
|-boost|p2a: Polteageist|spa|2
|-boost|p2a: Polteageist|spe|2
|
|-heal|p1a: Manaphy|65/100|[from] item: Leftovers
|-damage|p2a: Polteageist|4/100 brn|[from] brn
|upkeep
|turn|12
|
|t:|1779808563
|move|p2a: Polteageist|Giga Drain|p1a: Manaphy
|-supereffective|p1a: Manaphy
|-damage|p1a: Manaphy|29/100
|-heal|p2a: Polteageist|32/100 brn|[from] drain|[of] p1a: Manaphy
|move|p1a: Manaphy|Acid Armor|p1a: Manaphy
|-boost|p1a: Manaphy|def|2
|
|-heal|p1a: Manaphy|35/100|[from] item: Leftovers
|-damage|p2a: Polteageist|26/100 brn|[from] brn
|upkeep
|turn|13
|
|t:|1779808577
|-terastallize|p1a: Manaphy|Fairy
|move|p2a: Polteageist|Stored Power|p1a: Manaphy
|-damage|p1a: Manaphy|4/100
|move|p1a: Manaphy|Scald|p2a: Polteageist
|-damage|p2a: Polteageist|0 fnt
|faint|p2a: Polteageist
|
|-heal|p1a: Manaphy|10/100|[from] item: Leftovers
|upkeep
|
|t:|1779808590
|switch|p2a: Cinderace|Cinderace, F|100/100
|turn|14
|
|t:|1779808594
|move|p2a: Cinderace|Pyro Ball|p1a: Manaphy
|-damage|p1a: Manaphy|0 fnt
|faint|p1a: Manaphy
|
|upkeep
|
|t:|1779808603
|switch|p1a: Iron Hands|Iron Hands|100/100
|turn|15
|
|t:|1779808608
|move|p2a: Cinderace|Pyro Ball|p1a: Iron Hands
|-damage|p1a: Iron Hands|64/100
|move|p1a: Iron Hands|Swords Dance|p1a: Iron Hands
|-boost|p1a: Iron Hands|atk|2
|
|upkeep
|turn|16
|
|t:|1779808614
|move|p2a: Cinderace|Pyro Ball|p1a: Iron Hands
|-damage|p1a: Iron Hands|27/100
|-status|p1a: Iron Hands|brn
|-enditem|p1a: Iron Hands|Lum Berry|[eat]
|-curestatus|p1a: Iron Hands|brn|[msg]
|move|p1a: Iron Hands|Drain Punch|p2a: Cinderace
|-damage|p2a: Cinderace|0 fnt
|-heal|p1a: Iron Hands|57/100|[from] drain|[of] p2a: Cinderace
|faint|p2a: Cinderace
|
|upkeep
|
|t:|1779808619
|switch|p2a: Clawitzer|Clawitzer, M|35/100
|turn|17
|
|t:|1779808626
|move|p2a: Clawitzer|Water Pulse|p1a: Iron Hands
|-damage|p1a: Iron Hands|18/100
|move|p1a: Iron Hands|Drain Punch|p2a: Clawitzer
|-damage|p2a: Clawitzer|0 fnt
|-heal|p1a: Iron Hands|27/100|[from] drain|[of] p2a: Clawitzer
|faint|p2a: Clawitzer
|
|upkeep
|
|t:|1779808630
|switch|p2a: Cloyster|Cloyster, F|100/100
|turn|18
|
|t:|1779808636
|-terastallize|p2a: Cloyster|Ghost
|move|p2a: Cloyster|Shell Smash|p2a: Cloyster
|-unboost|p2a: Cloyster|def|1
|-unboost|p2a: Cloyster|spd|1
|-boost|p2a: Cloyster|atk|2
|-boost|p2a: Cloyster|spa|2
|-boost|p2a: Cloyster|spe|2
|-enditem|p2a: Cloyster|White Herb
|-clearnegativeboost|p2a: Cloyster|[silent]
|move|p1a: Iron Hands|Drain Punch|p2a: Cloyster
|-immune|p2a: Cloyster
|
|upkeep
|turn|19
|
|t:|1779808647
|move|p2a: Cloyster|Icicle Spear|p1a: Iron Hands
|-damage|p1a: Iron Hands|13/100
|-damage|p1a: Iron Hands|0 fnt
|faint|p1a: Iron Hands
|-end|p1a: Iron Hands|Quark Drive|[silent]
|-hitcount|p1: Iron Hands|2
|
|upkeep
|
|t:|1779808655
|switch|p1a: Cinderace|Cinderace, F|100/100
|turn|20
|
|t:|1779808658
|move|p1a: Cinderace|Sucker Punch|p2a: Cloyster
|-start|p1a: Cinderace|typechange|Dark|[from] ability: Libero
|-supereffective|p2a: Cloyster
|-damage|p2a: Cloyster|40/100
|move|p2a: Cloyster|Rock Blast|p1a: Cinderace
|-damage|p1a: Cinderace|77/100
|-damage|p1a: Cinderace|54/100
|-damage|p1a: Cinderace|31/100
|-damage|p1a: Cinderace|9/100
|-damage|p1a: Cinderace|0 fnt
|faint|p1a: Cinderace
|-hitcount|p1: Cinderace|5
|
|upkeep
|
|t:|1779808670
|switch|p1a: Iron Valiant|Iron Valiant|100/100
|-enditem|p1a: Iron Valiant|Booster Energy
|-activate|p1a: Iron Valiant|ability: Quark Drive|[fromitem]
|-start|p1a: Iron Valiant|quarkdrivespe
|turn|21
|
|t:|1779808676
|move|p1a: Iron Valiant|Moonblast|p2a: Cloyster
|-damage|p2a: Cloyster|0 fnt
|faint|p2a: Cloyster
|
|win|traphouse timmy
|raw|traphouse timmy's rating: 1399 &rarr; <strong>1416</strong><br />(+17 for winning)
|raw|swl_kitkat's rating: 1347 &rarr; <strong>1330</strong><br />(-17 for losing)
|l|☆swl_kitkat
|player|p2|
|l|☆traphouse timmy
|player|p1|
