|j|☆paralekz
|j|☆Volga123
|t:|1779952556
|gametype|singles
|player|p1|paralekz|skyla|1360
|player|p2|Volga123|cynthia|1401
|gen|9
|tier|[Gen 9] OU
|rated|
|rule|HP Percentage Mod: HP is shown in percentages
|rule|Endless Battle Clause: Forcing endless battles is banned
|rule|Species Clause: Limit one of each Pokémon
|rule|OHKO Clause: OHKO moves are banned
|rule|Evasion Items Clause: Evasion items are banned
|rule|Evasion Moves Clause: Evasion moves are banned
|rule|Evasion Abilities Clause: Evasion abilities are banned
|rule|Sleep Moves Clause: Sleep-inducing moves are banned
|clearpoke
|poke|p1|Grimmsnarl, M|
|poke|p1|Zamazenta-*|
|poke|p1|Iron Crown|
|poke|p1|Raging Bolt|
|poke|p1|Ogerpon-Wellspring, F|
|poke|p1|Glimmora, F|
|poke|p2|Clodsire, F|
|poke|p2|Cinccino, F|
|poke|p2|Milotic, F|
|poke|p2|Arcanine-Hisui, M|
|poke|p2|Houndstone, M|
|poke|p2|Lurantis, M|
|teampreview
|inactive|Battle timer is ON: inactive players will automatically lose when time's up. (requested by paralekz)
|
|t:|1779952576
|teamsize|p1|6
|teamsize|p2|6
|start
|switch|p1a: Glimmora|Glimmora, F|100/100
|switch|p2a: Milotic|Milotic, F|100/100
|turn|1
|
|t:|1779952583
|move|p1a: Glimmora|Stealth Rock|p2a: Milotic
|-sidestart|p2: Volga123|move: Stealth Rock
|move|p2a: Milotic|Scald|p1a: Glimmora
|-supereffective|p1a: Glimmora
|-damage|p1a: Glimmora|14/100
|-enditem|p1a: Glimmora|Red Card|[of] p2a: Milotic
|drag|p2a: Arcanine|Arcanine-Hisui, M|100/100
|-damage|p2a: Arcanine|76/100|[from] Stealth Rock
|
|upkeep
|turn|2
|
|t:|1779952601
|move|p2a: Arcanine|Flare Blitz|p1a: Glimmora
|-resisted|p1a: Glimmora
|-damage|p1a: Glimmora|0 fnt
|-activate|p1a: Glimmora|ability: Toxic Debris
|-sidestart|p2: Volga123|move: Toxic Spikes
|faint|p1a: Glimmora
|
|upkeep
|
|t:|1779952603
|switch|p1a: Grimmsnarl|Grimmsnarl, M|100/100
|turn|3
|
|t:|1779952609
|switch|p2a: Clodsire|Clodsire, F|100/100
|-damage|p2a: Clodsire|94/100|[from] Stealth Rock
|-sideend|p2: Volga123|move: Toxic Spikes|[of] p2a: Clodsire
|move|p1a: Grimmsnarl|Reflect|p1a: Grimmsnarl
|-sidestart|p1: paralekz|Reflect
|
|-heal|p2a: Clodsire|100/100|[from] item: Black Sludge
|upkeep
|turn|4
|
|t:|1779952614
|switch|p2a: Cinccino|Cinccino, F|100/100
|-damage|p2a: Cinccino|88/100|[from] Stealth Rock
|move|p1a: Grimmsnarl|Taunt|p2a: Cinccino
|-start|p2a: Cinccino|move: Taunt
|
|upkeep
|turn|5
|
|t:|1779952620
|move|p1a: Grimmsnarl|Light Screen|p1a: Grimmsnarl
|-sidestart|p1: paralekz|move: Light Screen
|move|p2a: Cinccino|Tail Slap|p1a: Grimmsnarl
|-damage|p1a: Grimmsnarl|93/100
|-damage|p1a: Grimmsnarl|85/100
|-damage|p1a: Grimmsnarl|78/100
|-damage|p1a: Grimmsnarl|69/100
|-hitcount|p1a: Grimmsnarl|4
|
|upkeep
|turn|6
|
|t:|1779952630
|switch|p2a: Milotic|Milotic, F|100/100
|-damage|p2a: Milotic|88/100|[from] Stealth Rock
|move|p1a: Grimmsnarl|Parting Shot|p2a: Milotic
|-unboost|p2a: Milotic|atk|1
|-ability|p2a: Milotic|Competitive|boost
|-boost|p2a: Milotic|spa|2
|-unboost|p2a: Milotic|spa|1
|-ability|p2a: Milotic|Competitive|boost
|-boost|p2a: Milotic|spa|2
|
|t:|1779952635
|switch|p1a: Ogerpon|Ogerpon-Wellspring, F|100/100|[from] Parting Shot
|
|upkeep
|turn|7
|
|t:|1779952643
|-terastallize|p2a: Milotic|Dragon
|move|p1a: Ogerpon|Swords Dance|p1a: Ogerpon
|-boost|p1a: Ogerpon|atk|2
|move|p2a: Milotic|Ice Beam|p1a: Ogerpon
|-damage|p1a: Ogerpon|62/100
|
|upkeep
|turn|8
|
|t:|1779952652
|move|p1a: Ogerpon|Trailblaze|p2a: Milotic
|-resisted|p2a: Milotic
|-damage|p2a: Milotic|49/100
|-boost|p1a: Ogerpon|spe|1
|move|p2a: Milotic|Ice Beam|p1a: Ogerpon
|-damage|p1a: Ogerpon|20/100
|
|upkeep
|turn|9
|
|t:|1779952660
|-terastallize|p1a: Ogerpon|Water
|detailschange|p1a: Ogerpon|Ogerpon-Wellspring-Tera, F, tera:Water
|-ability|p1a: Ogerpon|Embody Aspect (Wellspring)|boost
|-boost|p1a: Ogerpon|spd|1
|move|p1a: Ogerpon|Ivy Cudgel|p2a: Milotic|[anim] Ivy Cudgel Water
|-resisted|p2a: Milotic
|-crit|p2a: Milotic
|-damage|p2a: Milotic|0 fnt
|faint|p2a: Milotic
|
|upkeep
|
|t:|1779952665
|switch|p2a: Arcanine|Arcanine-Hisui, M|76/100
|-damage|p2a: Arcanine|51/100|[from] Stealth Rock
|turn|10
|
|t:|1779952669
|move|p2a: Arcanine|Extreme Speed|p1a: Ogerpon
|-damage|p1a: Ogerpon|0 fnt
|faint|p1a: Ogerpon
|detailschange|p1: Ogerpon|Ogerpon-Wellspring, F|[silent]
|
|-sideend|p1: paralekz|Reflect
|upkeep
|
|t:|1779952672
|switch|p1a: Grimmsnarl|Grimmsnarl, M|69/100
|turn|11
|
|t:|1779952680
|switch|p2a: Lurantis|Lurantis, M, shiny|100/100
|-damage|p2a: Lurantis|88/100|[from] Stealth Rock
|move|p1a: Grimmsnarl|Reflect|p1a: Grimmsnarl
|-sidestart|p1: paralekz|Reflect
|
|-heal|p2a: Lurantis|94/100|[from] item: Leftovers
|upkeep
|turn|12
|
|t:|1779952686
|move|p1a: Grimmsnarl|Taunt|p2a: Lurantis
|-start|p2a: Lurantis|move: Taunt
|move|p2a: Lurantis|Superpower|p1a: Grimmsnarl
|-damage|p1a: Grimmsnarl|55/100
|-boost|p2a: Lurantis|atk|1
|-boost|p2a: Lurantis|def|1
|
|-heal|p2a: Lurantis|99/100|[from] item: Leftovers
|-sideend|p1: paralekz|move: Light Screen
|upkeep
|turn|13
|
|t:|1779952691
|move|p1a: Grimmsnarl|Parting Shot|p2a: Lurantis
|-boost|p2a: Lurantis|atk|1
|-boost|p2a: Lurantis|spa|1
|
|t:|1779952699
|switch|p1a: Iron Crown|Iron Crown|100/100|[from] Parting Shot
|-enditem|p1a: Iron Crown|Booster Energy
|-activate|p1a: Iron Crown|ability: Quark Drive|[fromitem]
|-start|p1a: Iron Crown|quarkdrivespe
|move|p2a: Lurantis|Superpower|p1a: Iron Crown
|-damage|p1a: Iron Crown|77/100
|-boost|p2a: Lurantis|atk|1
|-boost|p2a: Lurantis|def|1
|
|-heal|p2a: Lurantis|100/100|[from] item: Leftovers
|upkeep
|turn|14
|
|t:|1779952709
|move|p1a: Iron Crown|Iron Defense|p1a: Iron Crown
|-boost|p1a: Iron Crown|def|2
|move|p2a: Lurantis|Superpower|p1a: Iron Crown
|-damage|p1a: Iron Crown|62/100
|-boost|p2a: Lurantis|atk|1
|-boost|p2a: Lurantis|def|1
|
|-end|p2a: Lurantis|move: Taunt
|upkeep
|turn|15
|
|t:|1779952721
|move|p1a: Iron Crown|Iron Defense|p1a: Iron Crown
|-boost|p1a: Iron Crown|def|2
|move|p2a: Lurantis|Leaf Storm|p1a: Iron Crown
|-resisted|p1a: Iron Crown
|-damage|p1a: Iron Crown|43/100
|-boost|p2a: Lurantis|spa|2
|
|upkeep
|turn|16
|
|t:|1779952724
|move|p1a: Iron Crown|Iron Defense|p1a: Iron Crown
|-boost|p1a: Iron Crown|def|2
|move|p2a: Lurantis|Leaf Storm|p1a: Iron Crown
|-resisted|p1a: Iron Crown
|-damage|p1a: Iron Crown|11/100
|-boost|p2a: Lurantis|spa|2
|
|upkeep
|turn|17
|
|t:|1779952727
|move|p1a: Iron Crown|Stored Power|p2a: Lurantis
|-damage|p2a: Lurantis|43/100
|move|p2a: Lurantis|Knock Off|p1a: Iron Crown
|-supereffective|p1a: Iron Crown
|-damage|p1a: Iron Crown|2/100
|
|-heal|p2a: Lurantis|49/100|[from] item: Leftovers
|upkeep
|turn|18
|
|t:|1779952734
|move|p1a: Iron Crown|Stored Power|p2a: Lurantis
|-damage|p2a: Lurantis|0 fnt
|faint|p2a: Lurantis
|
|-sideend|p1: paralekz|Reflect
|upkeep
|
|t:|1779952739
|switch|p2a: Arcanine|Arcanine-Hisui, M|51/100
|-damage|p2a: Arcanine|26/100|[from] Stealth Rock
|turn|19
|
|t:|1779952753
|-end|p1a: Iron Crown|Quark Drive|[silent]
|switch|p1a: Grimmsnarl|Grimmsnarl, M|55/100
|switch|p2a: Cinccino|Cinccino, F|88/100
|-damage|p2a: Cinccino|76/100|[from] Stealth Rock
|
|upkeep
|turn|20
|
|t:|1779952757
|move|p1a: Grimmsnarl|Reflect|p1a: Grimmsnarl
|-sidestart|p1: paralekz|Reflect
|move|p2a: Cinccino|Tidy Up|p2a: Cinccino
|-sideend|p2: Volga123|Stealth Rock
|-activate|p2a: Cinccino|move: Tidy Up
|-boost|p2a: Cinccino|atk|1
|-boost|p2a: Cinccino|spe|1
|
|upkeep
|turn|21
|l|☆Volga123
|inactive|Volga123 disconnected and has a minute to reconnect!
|player|p2|
|j|☆Volga123
|inactive|Volga123 reconnected and has 125 seconds left.
|player|p2|Volga123|cynthia|
|
|t:|1779952785
|move|p1a: Grimmsnarl|Taunt|p2a: Cinccino
|-start|p2a: Cinccino|move: Taunt
|move|p2a: Cinccino|Tail Slap|p1a: Grimmsnarl|[miss]
|-miss|p2a: Cinccino|p1a: Grimmsnarl
|
|upkeep
|turn|22
|
|t:|1779952789
|move|p1a: Grimmsnarl|Parting Shot|p2a: Cinccino
|-unboost|p2a: Cinccino|atk|1
|-unboost|p2a: Cinccino|spa|1
|
|t:|1779952796
|switch|p1a: Zamazenta|Zamazenta|100/100|[from] Parting Shot
|-ability|p1a: Zamazenta|Dauntless Shield|boost
|-boost|p1a: Zamazenta|def|1
|move|p2a: Cinccino|Tail Slap|p1a: Zamazenta
|-damage|p1a: Zamazenta|96/100
|-damage|p1a: Zamazenta|92/100
|-damage|p1a: Zamazenta|87/100
|-damage|p1a: Zamazenta|83/100
|-hitcount|p1a: Zamazenta|4
|
|upkeep
|turn|23
|
|t:|1779952800
|switch|p2a: Houndstone|Houndstone, M|100/100
|move|p1a: Zamazenta|Iron Defense|p1a: Zamazenta
|-boost|p1a: Zamazenta|def|2
|
|upkeep
|turn|24
|
|t:|1779952804
|move|p1a: Zamazenta|Crunch|p2a: Houndstone
|-supereffective|p2a: Houndstone
|-damage|p2a: Houndstone|85/100
|-damage|p1a: Zamazenta|66/100|[from] item: Rocky Helmet|[of] p2a: Houndstone
|move|p2a: Houndstone|Will-O-Wisp|p1a: Zamazenta
|-status|p1a: Zamazenta|brn
|
|-damage|p1a: Zamazenta|60/100 brn|[from] brn
|upkeep
|turn|25
|
|t:|1779952818
|move|p1a: Zamazenta|Crunch|p2a: Houndstone
|-supereffective|p2a: Houndstone
|-damage|p2a: Houndstone|78/100
|-unboost|p2a: Houndstone|def|1
|-damage|p1a: Zamazenta|43/100 brn|[from] item: Rocky Helmet|[of] p2a: Houndstone
|move|p2a: Houndstone|Body Press|p1a: Zamazenta
|-damage|p1a: Zamazenta|41/100 brn
|
|-damage|p1a: Zamazenta|35/100 brn|[from] brn
|upkeep
|turn|26
|
|t:|1779952827
|switch|p2a: Clodsire|Clodsire, F|100/100
|move|p1a: Zamazenta|Crunch|p2a: Clodsire
|-damage|p2a: Clodsire|88/100
|
|-heal|p2a: Clodsire|94/100|[from] item: Black Sludge
|-damage|p1a: Zamazenta|29/100 brn|[from] brn
|upkeep
|turn|27
|
|t:|1779952830
|switch|p2a: Houndstone|Houndstone, M|78/100
|move|p1a: Zamazenta|Rest|p1a: Zamazenta
|-status|p1a: Zamazenta|slp|[from] move: Rest
|-heal|p1a: Zamazenta|100/100 slp|[silent]
|-enditem|p1a: Zamazenta|Chesto Berry|[eat]
|-curestatus|p1a: Zamazenta|slp|[msg]
|
|-sideend|p1: paralekz|Reflect
|upkeep
|turn|28
|
|t:|1779952835
|move|p1a: Zamazenta|Iron Defense|p1a: Zamazenta
|-boost|p1a: Zamazenta|def|2
|move|p2a: Houndstone|Will-O-Wisp|p1a: Zamazenta
|-status|p1a: Zamazenta|brn
|
|-damage|p1a: Zamazenta|94/100 brn|[from] brn
|upkeep
|turn|29
|
|t:|1779952858
|move|p1a: Zamazenta|Iron Defense|p1a: Zamazenta
|-boost|p1a: Zamazenta|def|1
|move|p2a: Houndstone|Poltergeist||[still]
|-fail|p2a: Houndstone
|
|-damage|p1a: Zamazenta|88/100 brn|[from] brn
|upkeep
|turn|30
|
|t:|1779952874
|move|p1a: Zamazenta|Crunch|p2a: Houndstone
|-supereffective|p2a: Houndstone
|-damage|p2a: Houndstone|70/100
|-damage|p1a: Zamazenta|72/100 brn|[from] item: Rocky Helmet|[of] p2a: Houndstone
|move|p2a: Houndstone|Body Press|p1a: Zamazenta
|-damage|p1a: Zamazenta|67/100 brn
|
|-damage|p1a: Zamazenta|61/100 brn|[from] brn
|upkeep
|turn|31
|
|t:|1779952889
|move|p1a: Zamazenta|Crunch|p2a: Houndstone
|-supereffective|p2a: Houndstone
|-damage|p2a: Houndstone|62/100
|-damage|p1a: Zamazenta|44/100 brn|[from] item: Rocky Helmet|[of] p2a: Houndstone
|move|p2a: Houndstone|Body Press|p1a: Zamazenta
|-damage|p1a: Zamazenta|39/100 brn
|
|-damage|p1a: Zamazenta|33/100 brn|[from] brn
|upkeep
|turn|32
|-message|Volga123 forfeited.
|
|win|paralekz
|raw|paralekz's rating: 1360 &rarr; <strong>1382</strong><br />(+22 for winning)
|raw|Volga123's rating: 1401 &rarr; <strong>1379</strong><br />(-22 for losing)
|l|☆Volga123
|player|p2|
