|j|☆kierieee
|j|☆aksixxs._
|t:|1779963611
|gametype|singles
|player|p1|kierieee|266|1115
|player|p2|aksixxs._|gambler|1105
|gen|9
|tier|[Gen 9] OU
|rated|
|rule|HP Percentage Mod: HP is shown in percentages
|rule|Endless Battle Clause: Forcing endless battles is banned
|rule|Species Clause: Limit one of each Pokémon
|rule|OHKO Clause: OHKO moves are banned
|rule|Evasion Items Clause: Evasion items are banned
|rule|Evasion Moves Clause: Evasion moves are banned
|rule|Evasion Abilities Clause: Evasion abilities are banned
|rule|Sleep Moves Clause: Sleep-inducing moves are banned
|clearpoke
|poke|p1|Meowscarada, M|
|poke|p1|Iron Valiant|
|poke|p1|Cinderace, F|
|poke|p1|Gholdengo|
|poke|p1|Glimmora, F|
|poke|p1|Gliscor, M|
|poke|p2|Hydreigon, F|
|poke|p2|Hatterene, F|
|poke|p2|Serperior, F|
|poke|p2|Froslass, F|
|poke|p2|Salazzle, F|
|poke|p2|Kingambit, F|
|teampreview
|inactive|Battle timer is ON: inactive players will automatically lose when time's up. (requested by kierieee)
|
|t:|1779963622
|teamsize|p1|6
|teamsize|p2|6
|start
|switch|p1a: Ale|Glimmora, F|100/100
|switch|p2a: Froslass|Froslass, F|100/100
|turn|1
|
|t:|1779963632
|move|p1a: Ale|Stealth Rock|p2a: Froslass
|-sidestart|p2: aksixxs._|move: Stealth Rock
|move|p2a: Froslass|Icicle Spear|p1a: Ale
|-damage|p1a: Ale|88/100
|-activate|p1a: Ale|ability: Toxic Debris
|-sidestart|p2: aksixxs._|move: Toxic Spikes
|-damage|p1a: Ale|77/100
|-activate|p1a: Ale|ability: Toxic Debris
|-sidestart|p2: aksixxs._|move: Toxic Spikes
|-damage|p1a: Ale|64/100
|-hitcount|p1a: Ale|3
|
|upkeep
|turn|2
|
|t:|1779963648
|move|p1a: Ale|Power Gem|p2a: Froslass
|-supereffective|p2a: Froslass
|-damage|p2a: Froslass|0 fnt
|faint|p2a: Froslass
|
|upkeep
|
|t:|1779963659
|switch|p2a: Serperior|Serperior, F|100/100
|-damage|p2a: Serperior|88/100|[from] Stealth Rock
|-item|p2a: Serperior|Air Balloon
|turn|3
|
|t:|1779963678
|switch|p1a: Ace|Cinderace, F|100/100
|move|p2a: Serperior|Petal Blizzard|p1a: Ace
|-resisted|p1a: Ace
|-damage|p1a: Ace|78/100
|
|upkeep
|turn|4
|
|t:|1779963690
|switch|p2a: Salazzle|Salazzle, F, shiny|100/100
|-damage|p2a: Salazzle|76/100|[from] Stealth Rock
|-sideend|p2: aksixxs._|move: Toxic Spikes|[of] p2a: Salazzle
|move|p1a: Ace|U-turn|p2a: Salazzle
|-resisted|p2a: Salazzle
|-damage|p2a: Salazzle|69/100
|
|t:|1779963717
|switch|p1a: Vamp|Gliscor, M|100/100|[from] U-turn
|
|-status|p1a: Vamp|tox|[from] item: Toxic Orb
|upkeep
|turn|5
|
|t:|1779963727
|move|p2a: Salazzle|Fire Blast|p1a: Vamp
|-damage|p1a: Vamp|67/100 tox
|move|p1a: Vamp|Earthquake|p2a: Salazzle
|-supereffective|p2a: Salazzle
|-damage|p2a: Salazzle|0 fnt
|faint|p2a: Salazzle
|
|-heal|p1a: Vamp|80/100 tox|[from] ability: Poison Heal
|upkeep
|inactive|aksixxs._ has 120 seconds left.
|-message|aksixxs._ forfeited.
|
|win|kierieee
|raw|kierieee's rating: 1140 &rarr; <strong>1162</strong><br />(+22 for winning)
|raw|aksixxs._'s rating: 1105 &rarr; <strong>1083</strong><br />(-22 for losing)
|l|☆aksixxs._
|player|p2|
|l|☆kierieee
|player|p1|
