|j|☆claudechamp
|j|☆Chinatownz
|t:|1779910292
|gametype|singles
|player|p1|claudechamp|169|1125
|player|p2|Chinatownz|fisherman-gen4|1173
|gen|9
|tier|[Gen 9] OU
|rated|
|rule|HP Percentage Mod: HP is shown in percentages
|rule|Endless Battle Clause: Forcing endless battles is banned
|rule|Species Clause: Limit one of each Pokémon
|rule|OHKO Clause: OHKO moves are banned
|rule|Evasion Items Clause: Evasion items are banned
|rule|Evasion Moves Clause: Evasion moves are banned
|rule|Evasion Abilities Clause: Evasion abilities are banned
|rule|Sleep Moves Clause: Sleep-inducing moves are banned
|clearpoke
|poke|p1|Gliscor, M|
|poke|p1|Ogerpon, F|
|poke|p1|Walking Wake|
|poke|p1|Blissey, F|
|poke|p1|Corviknight, F|
|poke|p1|Pecharunt|
|poke|p2|Indeedee, M|
|poke|p2|Gholdengo|
|poke|p2|Okidogi, M|
|poke|p2|Azelf|
|poke|p2|Great Tusk|
|poke|p2|Quaquaval, F|
|teampreview
|c|☆claudechamp|hf
|inactive|Battle timer is ON: inactive players will automatically lose when time's up. (requested by claudechamp)
|
|t:|1779910298
|teamsize|p1|6
|teamsize|p2|6
|start
|switch|p1a: Gliscor|Gliscor, M|100/100
|switch|p2a: Quaquaval|Quaquaval, F|100/100
|turn|1
|
|t:|1779910311
|move|p2a: Quaquaval|Aqua Step|p1a: Gliscor
|-supereffective|p1a: Gliscor
|-damage|p1a: Gliscor|34/100
|-boost|p2a: Quaquaval|spe|1
|move|p1a: Gliscor|Spikes|p2a: Quaquaval
|-sidestart|p2: Chinatownz|Spikes
|
|-status|p1a: Gliscor|tox|[from] item: Toxic Orb
|upkeep
|turn|2
|
|t:|1779910315
|switch|p1a: Ogerpon|Ogerpon, F|100/100
|move|p2a: Quaquaval|Aqua Step|p1a: Ogerpon
|-resisted|p1a: Ogerpon
|-crit|p1a: Ogerpon
|-damage|p1a: Ogerpon|63/100
|-boost|p2a: Quaquaval|spe|1
|
|upkeep
|turn|3
|
|t:|1779910321
|move|p2a: Quaquaval|Triple Axel|p1a: Ogerpon
|-supereffective|p1a: Ogerpon
|-damage|p1a: Ogerpon|43/100
|-supereffective|p1a: Ogerpon
|-damage|p1a: Ogerpon|8/100
|-supereffective|p1a: Ogerpon
|-damage|p1a: Ogerpon|0 fnt
|faint|p1a: Ogerpon
|-ability|p2a: Quaquaval|Moxie|boost
|-boost|p2a: Quaquaval|atk|1
|-hitcount|p1: Ogerpon|3
|
|upkeep
|
|t:|1779910329
|switch|p1a: Pecharunt|Pecharunt|100/100
|turn|4
|
|t:|1779910348
|move|p2a: Quaquaval|U-turn|p1a: Pecharunt
|-resisted|p1a: Pecharunt
|-damage|p1a: Pecharunt|97/100
|
|t:|1779910349
|switch|p2a: Indeedee|Indeedee, M|100/100|[from] U-turn
|-damage|p2a: Indeedee|88/100|[from] Spikes
|-fieldstart|move: Psychic Terrain|[from] ability: Psychic Surge|[of] p2a: Indeedee
|move|p1a: Pecharunt|Malignant Chain|p2a: Indeedee
|-damage|p2a: Indeedee|47/100
|
|upkeep
|turn|5
|
|t:|1779910354
|move|p2a: Indeedee|Expanding Force|p1a: Pecharunt
|-supereffective|p1a: Pecharunt
|-damage|p1a: Pecharunt|0 fnt
|faint|p1a: Pecharunt
|
|upkeep
|
|t:|1779910368
|switch|p1a: Walking Wake|Walking Wake|100/100
|turn|6
|
|t:|1779910377
|move|p1a: Walking Wake|Surf|p2a: Indeedee
|-damage|p2a: Indeedee|0 fnt
|faint|p2a: Indeedee
|
|upkeep
|
|t:|1779910383
|switch|p2a: Okidogi|Okidogi, M|100/100
|-damage|p2a: Okidogi|88/100|[from] Spikes
|turn|7
|
|t:|1779910389
|move|p1a: Walking Wake|Surf|p2a: Okidogi
|-damage|p2a: Okidogi|56/100
|move|p2a: Okidogi|Knock Off|p1a: Walking Wake
|-damage|p1a: Walking Wake|62/100
|-status|p1a: Walking Wake|tox|[from] ability: Toxic Chain|[of] p2a: Okidogi
|-enditem|p1a: Walking Wake|Heavy-Duty Boots|[from] move: Knock Off|[of] p2a: Okidogi
|
|-damage|p1a: Walking Wake|56/100 tox|[from] psn
|upkeep
|turn|8
|
|t:|1779910405
|move|p1a: Walking Wake|Surf|p2a: Okidogi
|-damage|p2a: Okidogi|26/100
|move|p2a: Okidogi|Ice Punch|p1a: Walking Wake
|-damage|p1a: Walking Wake|25/100 tox
|
|-damage|p1a: Walking Wake|13/100 tox|[from] psn
|-fieldend|move: Psychic Terrain
|upkeep
|turn|9
|
|t:|1779910413
|move|p1a: Walking Wake|Draco Meteor|p2a: Okidogi
|-damage|p2a: Okidogi|0 fnt
|-unboost|p1a: Walking Wake|spa|2
|faint|p2a: Okidogi
|
|-damage|p1a: Walking Wake|0 fnt|[from] psn
|faint|p1a: Walking Wake
|-end|p1a: Walking Wake|Protosynthesis|[silent]
|upkeep
|
|t:|1779910423
|switch|p1a: Corviknight|Corviknight, F|100/100
|switch|p2a: Quaquaval|Quaquaval, F|100/100
|-damage|p2a: Quaquaval|88/100|[from] Spikes
|-ability|p1a: Corviknight|Pressure
|turn|10
|
|t:|1779910431
|-terastallize|p2a: Quaquaval|Water
|move|p2a: Quaquaval|Aqua Step|p1a: Corviknight
|-damage|p1a: Corviknight|69/100
|-boost|p2a: Quaquaval|spe|1
|move|p1a: Corviknight|Body Press|p2a: Quaquaval
|-damage|p2a: Quaquaval|51/100
|
|upkeep
|turn|11
|
|t:|1779910442
|move|p2a: Quaquaval|Triple Axel|p1a: Corviknight
|-damage|p1a: Corviknight|65/100
|-damage|p1a: Corviknight|56/100
|-damage|p1a: Corviknight|43/100
|-hitcount|p1a: Corviknight|3
|move|p1a: Corviknight|U-turn|p2a: Quaquaval
|-damage|p2a: Quaquaval|33/100
|
|t:|1779910447
|switch|p1a: Gliscor|Gliscor, M|34/100 tox|[from] U-turn
|
|-heal|p1a: Gliscor|47/100 tox|[from] ability: Poison Heal
|upkeep
|turn|12
|
|t:|1779910462
|-terastallize|p1a: Gliscor|Ghost
|move|p2a: Quaquaval|Aqua Step|p1a: Gliscor
|-damage|p1a: Gliscor|7/100 tox
|-boost|p2a: Quaquaval|spe|1
|move|p1a: Gliscor|Earthquake|p2a: Quaquaval
|-damage|p2a: Quaquaval|0 fnt
|faint|p2a: Quaquaval
|
|-heal|p1a: Gliscor|19/100 tox|[from] ability: Poison Heal
|upkeep
|
|t:|1779910468
|switch|p2a: Azelf|Azelf|100/100
|turn|13
|
|t:|1779910471
|move|p2a: Azelf|Mystical Power|p1a: Gliscor
|-damage|p1a: Gliscor|0 fnt
|-boost|p2a: Azelf|spa|1
|faint|p1a: Gliscor
|
|upkeep
|
|t:|1779910474
|switch|p1a: Blissey|Blissey, F|100/100
|turn|14
|
|t:|1779910480
|move|p2a: Azelf|Drain Punch|p1a: Blissey
|-supereffective|p1a: Blissey
|-damage|p1a: Blissey|55/100
|move|p1a: Blissey|Seismic Toss|p2a: Azelf
|-damage|p2a: Azelf|66/100
|
|upkeep
|turn|15
|
|t:|1779910487
|move|p2a: Azelf|Drain Punch|p1a: Blissey
|-supereffective|p1a: Blissey
|-damage|p1a: Blissey|11/100
|-heal|p2a: Azelf|100/100|[from] drain|[of] p1a: Blissey
|move|p1a: Blissey|Seismic Toss|p2a: Azelf
|-damage|p2a: Azelf|66/100
|
|upkeep
|turn|16
|
|t:|1779910493
|switch|p1a: Corviknight|Corviknight, F|43/100
|-ability|p1a: Corviknight|Pressure
|move|p2a: Azelf|Drain Punch|p1a: Corviknight
|-damage|p1a: Corviknight|30/100
|-heal|p2a: Azelf|74/100|[from] drain|[of] p1a: Corviknight
|
|upkeep
|turn|17
|
|t:|1779910496
|move|p2a: Azelf|Mystical Power|p1a: Corviknight
|-resisted|p1a: Corviknight
|-damage|p1a: Corviknight|0 fnt
|-boost|p2a: Azelf|spa|1
|faint|p1a: Corviknight
|
|upkeep
|
|t:|1779910500
|switch|p1a: Blissey|Blissey, F|11/100
|turn|18
|
|t:|1779910503
|move|p2a: Azelf|Drain Punch|p1a: Blissey
|-supereffective|p1a: Blissey
|-damage|p1a: Blissey|0 fnt
|-heal|p2a: Azelf|86/100|[from] drain|[of] p1a: Blissey
|faint|p1a: Blissey
|
|win|Chinatownz
|raw|claudechamp's rating: 1144 &rarr; <strong>1121</strong><br />(-23 for losing)
|raw|Chinatownz's rating: 1173 &rarr; <strong>1196</strong><br />(+23 for winning)
|l|☆Chinatownz
|player|p2|
|c|☆claudechamp|gg
