|j|☆EdrenalineKick
|j|☆cyanic_xo
|t:|1779970761
|gametype|singles
|player|p1|EdrenalineKick|169|1314
|player|p2|cyanic_xo|swimmer-gen4|1215
|gen|9
|tier|[Gen 9] OU
|rated|
|rule|HP Percentage Mod: HP is shown in percentages
|rule|Endless Battle Clause: Forcing endless battles is banned
|rule|Species Clause: Limit one of each Pokémon
|rule|OHKO Clause: OHKO moves are banned
|rule|Evasion Items Clause: Evasion items are banned
|rule|Evasion Moves Clause: Evasion moves are banned
|rule|Evasion Abilities Clause: Evasion abilities are banned
|rule|Sleep Moves Clause: Sleep-inducing moves are banned
|clearpoke
|poke|p1|Meowscarada, M|
|poke|p1|Pecharunt|
|poke|p1|Enamorus, F|
|poke|p1|Iron Treads|
|poke|p1|Skarmory, M|
|poke|p1|Slowking, F|
|poke|p2|Weezing-Galar, F|
|poke|p2|Kingambit, M|
|poke|p2|Blaziken, M|
|poke|p2|Arbok, F|
|poke|p2|Jirachi|
|poke|p2|Ting-Lu|
|teampreview
|inactive|Battle timer is ON: inactive players will automatically lose when time's up. (requested by cyanic_xo)
|
|t:|1779970768
|teamsize|p1|6
|teamsize|p2|6
|start
|switch|p1a: Slowking|Slowking, F|100/100
|switch|p2a: Arbok|Arbok, F, shiny|100/100
|-ability|p2a: Arbok|Intimidate|boost
|-unboost|p1a: Slowking|atk|1
|turn|1
|
|t:|1779970779
|-terastallize|p2a: Arbok|Poison
|move|p2a: Arbok|Toxic|p1a: Slowking
|-status|p1a: Slowking|tox
|move|p1a: Slowking|Psyshock|p2a: Arbok
|-supereffective|p2a: Arbok
|-damage|p2a: Arbok|20/100
|
|-heal|p2a: Arbok|26/100|[from] item: Leftovers
|-damage|p1a: Slowking|94/100 tox|[from] psn
|upkeep
|turn|2
|
|t:|1779970790
|move|p2a: Arbok|Protect|p2a: Arbok
|-singleturn|p2a: Arbok|Protect
|move|p1a: Slowking|Scald|p2a: Arbok
|-activate|p2a: Arbok|move: Protect
|
|-heal|p2a: Arbok|32/100|[from] item: Leftovers
|-damage|p1a: Slowking|82/100 tox|[from] psn
|upkeep
|turn|3
|
|t:|1779970802
|move|p2a: Arbok|Gunk Shot|p1a: Slowking
|-damage|p1a: Slowking|18/100 tox
|move|p1a: Slowking|Scald|p2a: Arbok
|-damage|p2a: Arbok|0 fnt
|faint|p2a: Arbok
|
|-damage|p1a: Slowking|0 fnt|[from] psn
|faint|p1a: Slowking
|upkeep
|
|t:|1779970810
|switch|p2a: Jirachi|Jirachi|100/100
|switch|p1a: Meowscarada|Meowscarada, M|100/100
|turn|4
|
|t:|1779970817
|move|p1a: Meowscarada|Knock Off|p2a: Jirachi
|-start|p1a: Meowscarada|typechange|Dark|[from] ability: Protean
|-supereffective|p2a: Jirachi
|-damage|p2a: Jirachi|0 fnt
|-enditem|p2a: Jirachi|Leftovers|[from] move: Knock Off|[of] p1a: Meowscarada
|faint|p2a: Jirachi
|
|upkeep
|
|t:|1779970830
|switch|p2a: Blaziken|Blaziken, M, shiny|100/100
|turn|5
|
|t:|1779970835
|switch|p1a: Enamorus|Enamorus, F|100/100
|move|p2a: Blaziken|Protect||[still]
|-fail|p2a: Blaziken
|
|-ability|p2a: Blaziken|Speed Boost|boost
|-boost|p2a: Blaziken|spe|1
|upkeep
|turn|6
|
|t:|1779970842
|move|p2a: Blaziken|Protect|p2a: Blaziken
|-singleturn|p2a: Blaziken|Protect
|move|p1a: Enamorus|Moonblast|p2a: Blaziken
|-activate|p2a: Blaziken|move: Protect
|
|-ability|p2a: Blaziken|Speed Boost|boost
|-boost|p2a: Blaziken|spe|1
|upkeep
|turn|7
|
|t:|1779970851
|move|p1a: Enamorus|Moonblast|p2a: Blaziken
|-damage|p2a: Blaziken|26/100
|move|p2a: Blaziken|Thunder Punch|p1a: Enamorus
|-supereffective|p1a: Enamorus
|-damage|p1a: Enamorus|0 fnt
|faint|p1a: Enamorus
|
|-ability|p2a: Blaziken|Speed Boost|boost
|-boost|p2a: Blaziken|spe|1
|upkeep
|
|t:|1779970859
|switch|p1a: Pecharunt|Pecharunt|100/100
|turn|8
|
|t:|1779970864
|move|p2a: Blaziken|Knock Off|p1a: Pecharunt
|-supereffective|p1a: Pecharunt
|-damage|p1a: Pecharunt|60/100
|-damage|p2a: Blaziken|10/100|[from] item: Rocky Helmet|[of] p1a: Pecharunt
|-enditem|p1a: Pecharunt|Rocky Helmet|[from] move: Knock Off|[of] p2a: Blaziken
|move|p1a: Pecharunt|Malignant Chain|p2a: Blaziken
|-damage|p2a: Blaziken|0 fnt
|faint|p2a: Blaziken
|
|upkeep
|
|t:|1779970873
|switch|p2a: Ting-Lu|Ting-Lu|100/100
|-ability|p2a: Ting-Lu|Vessel of Ruin
|turn|9
|
|t:|1779970879
|move|p1a: Pecharunt|Malignant Chain|p2a: Ting-Lu
|-resisted|p2a: Ting-Lu
|-damage|p2a: Ting-Lu|93/100
|-status|p2a: Ting-Lu|tox
|-start|p2a: Ting-Lu|confusion|[from] ability: Poison Puppeteer|[of] p1a: Pecharunt
|-activate|p2a: Ting-Lu|confusion
|move|p2a: Ting-Lu|Stealth Rock|p1a: Pecharunt
|-sidestart|p1: EdrenalineKick|move: Stealth Rock
|
|-heal|p2a: Ting-Lu|99/100 tox|[from] item: Leftovers
|-damage|p2a: Ting-Lu|93/100 tox|[from] psn
|upkeep
|turn|10
|
|t:|1779970890
|switch|p1a: Skarmory|Skarmory, M|100/100
|-damage|p1a: Skarmory|88/100|[from] Stealth Rock
|-end|p2a: Ting-Lu|confusion
|move|p2a: Ting-Lu|Whirlwind|p1a: Skarmory
|drag|p1a: Pecharunt|Pecharunt|60/100
|-damage|p1a: Pecharunt|48/100|[from] Stealth Rock
|
|-heal|p2a: Ting-Lu|99/100 tox|[from] item: Leftovers
|-damage|p2a: Ting-Lu|87/100 tox|[from] psn
|upkeep
|turn|11
|
|t:|1779970902
|move|p1a: Pecharunt|Recover|p1a: Pecharunt
|-heal|p1a: Pecharunt|98/100
|move|p2a: Ting-Lu|Whirlwind|p1a: Pecharunt
|drag|p1a: Meowscarada|Meowscarada, M|100/100
|-damage|p1a: Meowscarada|88/100|[from] Stealth Rock
|
|-heal|p2a: Ting-Lu|93/100 tox|[from] item: Leftovers
|-damage|p2a: Ting-Lu|75/100 tox|[from] psn
|upkeep
|turn|12
|
|t:|1779970912
|move|p1a: Meowscarada|Knock Off|p2a: Ting-Lu
|-start|p1a: Meowscarada|typechange|Dark|[from] ability: Protean
|-resisted|p2a: Ting-Lu
|-damage|p2a: Ting-Lu|59/100 tox
|-enditem|p2a: Ting-Lu|Leftovers|[from] move: Knock Off|[of] p1a: Meowscarada
|move|p2a: Ting-Lu|Whirlwind|p1a: Meowscarada
|drag|p1a: Pecharunt|Pecharunt|98/100
|-damage|p1a: Pecharunt|85/100|[from] Stealth Rock
|
|-damage|p2a: Ting-Lu|34/100 tox|[from] psn
|upkeep
|turn|13
|
|t:|1779970925
|switch|p2a: Weezing|Weezing-Galar, F, shiny|100/100
|-ability|p2a: Weezing|Neutralizing Gas
|move|p1a: Pecharunt|Foul Play|p2a: Weezing
|-resisted|p2a: Weezing
|-damage|p2a: Weezing|94/100
|
|-heal|p2a: Weezing|99/100|[from] item: Leftovers
|upkeep
|turn|14
|
|t:|1779970934
|move|p1a: Pecharunt|Parting Shot|p2a: Weezing
|-unboost|p2a: Weezing|atk|1
|-unboost|p2a: Weezing|spa|1
|
|t:|1779970937
|switch|p1a: Iron Treads|Iron Treads|100/100|[from] Parting Shot
|-damage|p1a: Iron Treads|98/100|[from] Stealth Rock
|move|p2a: Weezing|Curse|p2a: Weezing
|-unboost|p2a: Weezing|spe|1
|-boost|p2a: Weezing|atk|1
|-boost|p2a: Weezing|def|1
|
|-heal|p1a: Iron Treads|100/100|[from] item: Leftovers
|-heal|p2a: Weezing|100/100|[from] item: Leftovers
|upkeep
|turn|15
|
|t:|1779970948
|move|p1a: Iron Treads|Earthquake|p2a: Weezing
|-supereffective|p2a: Weezing
|-damage|p2a: Weezing|66/100
|move|p2a: Weezing|Curse|p2a: Weezing
|-unboost|p2a: Weezing|spe|1
|-boost|p2a: Weezing|atk|1
|-boost|p2a: Weezing|def|1
|
|-heal|p2a: Weezing|72/100|[from] item: Leftovers
|upkeep
|turn|16
|
|t:|1779970957
|move|p1a: Iron Treads|Knock Off|p2a: Weezing
|-resisted|p2a: Weezing
|-damage|p2a: Weezing|68/100
|-enditem|p2a: Weezing|Leftovers|[from] move: Knock Off|[of] p1a: Iron Treads
|move|p2a: Weezing|Curse|p2a: Weezing
|-unboost|p2a: Weezing|spe|1
|-boost|p2a: Weezing|atk|1
|-boost|p2a: Weezing|def|1
|
|upkeep
|turn|17
|
|t:|1779970964
|move|p1a: Iron Treads|Stealth Rock|p2a: Weezing
|-sidestart|p2: cyanic_xo|move: Stealth Rock
|move|p2a: Weezing|Curse|p2a: Weezing
|-unboost|p2a: Weezing|spe|1
|-boost|p2a: Weezing|atk|1
|-boost|p2a: Weezing|def|1
|
|upkeep
|turn|18
|
|t:|1779970970
|-end|p1a: Iron Treads|Quark Drive|[silent]
|switch|p1a: Skarmory|Skarmory, M|88/100
|-damage|p1a: Skarmory|76/100|[from] Stealth Rock
|move|p2a: Weezing|Curse|p2a: Weezing
|-unboost|p2a: Weezing|spe|1
|-boost|p2a: Weezing|atk|1
|-boost|p2a: Weezing|def|1
|
|upkeep
|turn|19
|
|t:|1779970982
|move|p1a: Skarmory|Spikes|p2a: Weezing
|-sidestart|p2: cyanic_xo|Spikes
|move|p2a: Weezing|Taunt|p1a: Skarmory
|-start|p1a: Skarmory|move: Taunt
|
|upkeep
|turn|20
|
|t:|1779970988
|move|p1a: Skarmory|Body Press|p2a: Weezing
|-resisted|p2a: Weezing
|-damage|p2a: Weezing|66/100
|move|p2a: Weezing|Curse|p2a: Weezing
|-unboost|p2a: Weezing|spe|1
|-boost|p2a: Weezing|atk|1
|-boost|p2a: Weezing|def|1
|
|upkeep
|turn|21
|
|t:|1779970995
|move|p1a: Skarmory|Body Press|p2a: Weezing
|-resisted|p2a: Weezing
|-damage|p2a: Weezing|65/100
|move|p2a: Weezing|Gyro Ball|p1a: Skarmory
|-resisted|p1a: Skarmory
|-damage|p1a: Skarmory|47/100
|
|upkeep
|turn|22
|
|t:|1779971004
|move|p1a: Skarmory|Body Press|p2a: Weezing
|-resisted|p2a: Weezing
|-damage|p2a: Weezing|63/100
|move|p2a: Weezing|Gyro Ball|p1a: Skarmory
|-resisted|p1a: Skarmory
|-damage|p1a: Skarmory|14/100
|
|-end|p1a: Skarmory|move: Taunt
|upkeep
|turn|23
|
|t:|1779971012
|move|p1a: Skarmory|Roost|p1a: Skarmory
|-heal|p1a: Skarmory|64/100
|-singleturn|p1a: Skarmory|move: Roost
|move|p2a: Weezing|Taunt|p1a: Skarmory
|-start|p1a: Skarmory|move: Taunt
|
|upkeep
|turn|24
|
|t:|1779971024
|move|p1a: Skarmory|Body Press|p2a: Weezing
|-resisted|p2a: Weezing
|-damage|p2a: Weezing|62/100
|move|p2a: Weezing|Gyro Ball|p1a: Skarmory
|-resisted|p1a: Skarmory
|-damage|p1a: Skarmory|32/100
|
|upkeep
|turn|25
|
|t:|1779971030
|move|p1a: Skarmory|Body Press|p2a: Weezing
|-resisted|p2a: Weezing
|-crit|p2a: Weezing
|-damage|p2a: Weezing|53/100
|move|p2a: Weezing|Gyro Ball|p1a: Skarmory
|-resisted|p1a: Skarmory
|-damage|p1a: Skarmory|0 fnt
|faint|p1a: Skarmory
|
|upkeep
|
|t:|1779971038
|switch|p1a: Pecharunt|Pecharunt|85/100
|-damage|p1a: Pecharunt|73/100|[from] Stealth Rock
|turn|26
|
|t:|1779971041
|move|p1a: Pecharunt|Foul Play|p2a: Weezing
|-resisted|p2a: Weezing
|-damage|p2a: Weezing|47/100
|move|p2a: Weezing|Gyro Ball|p1a: Pecharunt
|-damage|p1a: Pecharunt|24/100
|
|upkeep
|turn|27
|
|t:|1779971047
|move|p1a: Pecharunt|Recover|p1a: Pecharunt
|-heal|p1a: Pecharunt|74/100
|move|p2a: Weezing|Gyro Ball|p1a: Pecharunt
|-damage|p1a: Pecharunt|32/100
|
|upkeep
|turn|28
|
|t:|1779971053
|move|p1a: Pecharunt|Recover|p1a: Pecharunt
|-heal|p1a: Pecharunt|82/100
|move|p2a: Weezing|Gyro Ball|p1a: Pecharunt
|-damage|p1a: Pecharunt|35/100
|
|upkeep
|turn|29
|
|t:|1779971058
|move|p1a: Pecharunt|Foul Play|p2a: Weezing
|-resisted|p2a: Weezing
|-damage|p2a: Weezing|41/100
|move|p2a: Weezing|Taunt|p1a: Pecharunt
|-start|p1a: Pecharunt|move: Taunt
|
|upkeep
|turn|30
|
|t:|1779971064
|move|p1a: Pecharunt|Malignant Chain|p2a: Weezing
|-damage|p2a: Weezing|3/100
|move|p2a: Weezing|Gyro Ball|p1a: Pecharunt
|-damage|p1a: Pecharunt|0 fnt
|faint|p1a: Pecharunt
|
|upkeep
|
|t:|1779971073
|switch|p1a: Iron Treads|Iron Treads|100/100
|-damage|p1a: Iron Treads|98/100|[from] Stealth Rock
|turn|31
|
|t:|1779971082
|move|p1a: Iron Treads|Rapid Spin|p2a: Weezing
|-damage|p2a: Weezing|0 fnt
|-boost|p1a: Iron Treads|spe|1
|-sideend|p1: EdrenalineKick|Stealth Rock|[from] move: Rapid Spin|[of] p1a: Iron Treads
|faint|p2a: Weezing
|-end|p2a: Weezing|ability: Neutralizing Gas
|
|-heal|p1a: Iron Treads|100/100|[from] item: Leftovers
|upkeep
|
|t:|1779971088
|switch|p2a: Ting-Lu|Ting-Lu|34/100 tox
|-damage|p2a: Ting-Lu|28/100 tox|[from] Stealth Rock
|-damage|p2a: Ting-Lu|15/100 tox|[from] Spikes
|-ability|p2a: Ting-Lu|Vessel of Ruin
|turn|32
|
|t:|1779971105
|move|p1a: Iron Treads|Earthquake|p2a: Ting-Lu
|-damage|p2a: Ting-Lu|0 fnt
|faint|p2a: Ting-Lu
|
|upkeep
|
|t:|1779971110
|switch|p2a: Kingambit|Kingambit, M, shiny|100/100
|-damage|p2a: Kingambit|94/100|[from] Stealth Rock
|-damage|p2a: Kingambit|82/100|[from] Spikes
|-activate|p2a: Kingambit|ability: Supreme Overlord
|-start|p2a: Kingambit|fallen5|[silent]
|turn|33
|
|t:|1779971116
|move|p1a: Iron Treads|Earthquake|p2a: Kingambit
|-supereffective|p2a: Kingambit
|-damage|p2a: Kingambit|29/100
|move|p2a: Kingambit|Swords Dance|p2a: Kingambit
|-boost|p2a: Kingambit|atk|2
|
|upkeep
|turn|34
|
|t:|1779971122
|move|p2a: Kingambit|Sucker Punch|p1a: Iron Treads
|-damage|p1a: Iron Treads|0 fnt
|faint|p1a: Iron Treads
|-end|p1a: Iron Treads|Quark Drive|[silent]
|
|upkeep
|
|t:|1779971126
|switch|p1a: Meowscarada|Meowscarada, M|88/100
|turn|35
|
|t:|1779971130
|move|p2a: Kingambit|Sucker Punch|p1a: Meowscarada
|-resisted|p1a: Meowscarada
|-damage|p1a: Meowscarada|0 fnt
|faint|p1a: Meowscarada
|
|win|cyanic_xo
|raw|EdrenalineKick's rating: 1314 &rarr; <strong>1288</strong><br />(-26 for losing)
|raw|cyanic_xo's rating: 1215 &rarr; <strong>1247</strong><br />(+32 for winning)
|l|☆cyanic_xo
|player|p2|
|l|☆EdrenalineKick
|player|p1|
