|j|☆Myomobile
|j|☆ign29
|t:|1779850387
|gametype|singles
|player|p1|Myomobile|2|1341
|player|p2|ign29|palmer|1435
|gen|9
|tier|[Gen 9] OU
|rated|
|rule|HP Percentage Mod: HP is shown in percentages
|rule|Endless Battle Clause: Forcing endless battles is banned
|rule|Species Clause: Limit one of each Pokémon
|rule|OHKO Clause: OHKO moves are banned
|rule|Evasion Items Clause: Evasion items are banned
|rule|Evasion Moves Clause: Evasion moves are banned
|rule|Evasion Abilities Clause: Evasion abilities are banned
|rule|Sleep Moves Clause: Sleep-inducing moves are banned
|clearpoke
|poke|p1|Walking Wake|
|poke|p1|Torkoal, M|
|poke|p1|Hatterene, F|
|poke|p1|Dragonite, F|
|poke|p1|Kingambit, M|
|poke|p1|Ursaluna, M|
|poke|p2|Dragonite, F|
|poke|p2|Hatterene, F|
|poke|p2|Ninetales, M|
|poke|p2|Great Tusk|
|poke|p2|Walking Wake|
|poke|p2|Raging Bolt|
|teampreview
|inactive|Battle timer is ON: inactive players will automatically lose when time's up. (requested by ign29)
|
|t:|1779850410
|teamsize|p1|6
|teamsize|p2|6
|start
|switch|p1a: Kingambit|Kingambit, M|100/100
|switch|p2a: Great Tusk|Great Tusk|100/100
|-item|p1a: Kingambit|Air Balloon
|turn|1
|
|t:|1779850421
|-end|p1a: Kingambit|fallenundefined|[silent]
|switch|p1a: Hatterene|Hatterene, F|100/100
|move|p2a: Great Tusk|Close Combat|p1a: Hatterene
|-resisted|p1a: Hatterene
|-damage|p1a: Hatterene|83/100
|-unboost|p2a: Great Tusk|def|1
|-unboost|p2a: Great Tusk|spd|1
|
|upkeep
|turn|2
|
|t:|1779850427
|-end|p2a: Great Tusk|Protosynthesis|[silent]
|switch|p2a: Hatterene|Hatterene, F|100/100
|move|p1a: Hatterene|Trick Room|p1a: Hatterene
|-fieldstart|move: Trick Room|[of] p1a: Hatterene
|
|upkeep
|turn|3
|
|t:|1779850446
|switch|p1a: Ursaluna|Ursaluna, M|100/100
|move|p2a: Hatterene|Psychic Noise|p1a: Ursaluna
|-damage|p1a: Ursaluna|73/100
|-start|p1a: Ursaluna|move: Heal Block
|
|-status|p1a: Ursaluna|brn|[from] item: Flame Orb
|upkeep
|turn|4
|
|t:|1779850460
|move|p1a: Ursaluna|Facade|p2a: Hatterene
|-damage|p2a: Hatterene|0 fnt
|faint|p2a: Hatterene
|
|-damage|p1a: Ursaluna|67/100 brn|[from] brn
|-end|p1a: Ursaluna|move: Heal Block
|upkeep
|
|t:|1779850468
|switch|p2a: Great Tusk|Great Tusk|100/100
|turn|5
|
|t:|1779850478
|move|p1a: Ursaluna|Ice Punch|p2a: Great Tusk
|-supereffective|p2a: Great Tusk
|-damage|p2a: Great Tusk|37/100
|-status|p2a: Great Tusk|frz
|cant|p2a: Great Tusk|frz
|
|-damage|p1a: Ursaluna|61/100 brn|[from] brn
|upkeep
|turn|6
|c|☆ign29|Lucky
|
|t:|1779850491
|move|p1a: Ursaluna|Facade|p2a: Great Tusk
|-damage|p2a: Great Tusk|0 fnt
|faint|p2a: Great Tusk
|-end|p2a: Great Tusk|Protosynthesis|[silent]
|
|-damage|p1a: Ursaluna|54/100 brn|[from] brn
|-fieldend|move: Trick Room
|upkeep
|
|t:|1779850499
|switch|p2a: Walking Wake|Walking Wake|100/100
|turn|7
|
|t:|1779850512
|switch|p1a: Hatterene|Hatterene, F|83/100
|move|p2a: Walking Wake|Hydro Steam|p1a: Hatterene
|-damage|p1a: Hatterene|17/100
|
|upkeep
|turn|8
|
|t:|1779850522
|move|p2a: Walking Wake|Hydro Steam|p1a: Hatterene
|-damage|p1a: Hatterene|0 fnt
|faint|p1a: Hatterene
|
|upkeep
|
|t:|1779850530
|switch|p1a: Walking Wake|Walking Wake|100/100
|turn|9
|
|t:|1779850538
|-end|p2a: Walking Wake|Protosynthesis|[silent]
|switch|p2a: Ninetales|Ninetales, M, shiny|100/100
|-weather|SunnyDay|[from] ability: Drought|[of] p2a: Ninetales
|-activate|p1a: Walking Wake|ability: Protosynthesis
|-start|p1a: Walking Wake|protosynthesisspa
|-terastallize|p1a: Walking Wake|Water
|move|p1a: Walking Wake|Draco Meteor|p2a: Ninetales
|-damage|p2a: Ninetales|0 fnt
|-unboost|p1a: Walking Wake|spa|2
|faint|p2a: Ninetales
|
|-weather|SunnyDay|[upkeep]
|upkeep
|
|t:|1779850548
|switch|p2a: Raging Bolt|Raging Bolt|100/100
|-activate|p2a: Raging Bolt|ability: Protosynthesis
|-start|p2a: Raging Bolt|protosynthesisspa
|turn|10
|
|t:|1779850556
|-end|p1a: Walking Wake|Protosynthesis|[silent]
|switch|p1a: Ursaluna|Ursaluna, M|54/100 brn
|move|p2a: Raging Bolt|Thunderclap||[still]
|-fail|p2a: Raging Bolt
|
|-weather|SunnyDay|[upkeep]
|-damage|p1a: Ursaluna|48/100 brn|[from] brn
|upkeep
|turn|11
|
|t:|1779850565
|move|p2a: Raging Bolt|Draco Meteor|p1a: Ursaluna|[miss]
|-miss|p2a: Raging Bolt|p1a: Ursaluna
|move|p1a: Ursaluna|Facade|p2a: Raging Bolt
|-damage|p2a: Raging Bolt|0 fnt
|faint|p2a: Raging Bolt
|-end|p2a: Raging Bolt|Protosynthesis|[silent]
|
|-weather|SunnyDay|[upkeep]
|-damage|p1a: Ursaluna|42/100 brn|[from] brn
|upkeep
|
|t:|1779850587
|switch|p2a: Dragonite|Dragonite, F|100/100
|turn|12
|
|t:|1779850601
|move|p2a: Dragonite|Scale Shot|p1a: Ursaluna
|-damage|p1a: Ursaluna|31/100 brn
|-damage|p1a: Ursaluna|20/100 brn
|-damage|p1a: Ursaluna|9/100 brn
|-damage|p1a: Ursaluna|0 fnt
|faint|p1a: Ursaluna
|-hitcount|p1: Ursaluna|4
|-unboost|p2a: Dragonite|def|1
|-boost|p2a: Dragonite|spe|1
|
|-weather|SunnyDay|[upkeep]
|upkeep
|
|t:|1779850620
|switch|p1a: Walking Wake|Walking Wake, tera:Water|100/100
|-activate|p1a: Walking Wake|ability: Protosynthesis
|-start|p1a: Walking Wake|protosynthesisspa
|turn|13
|
|t:|1779850630
|-terastallize|p2a: Dragonite|Fire
|move|p2a: Dragonite|Dragon Dance|p2a: Dragonite
|-boost|p2a: Dragonite|atk|1
|-boost|p2a: Dragonite|spe|1
|move|p1a: Walking Wake|Draco Meteor|p2a: Dragonite|[miss]
|-miss|p1a: Walking Wake|p2a: Dragonite
|
|-weather|SunnyDay|[upkeep]
|upkeep
|turn|14
|
|t:|1779850641
|move|p2a: Dragonite|Scale Shot|p1a: Walking Wake
|-damage|p1a: Walking Wake|78/100
|-damage|p1a: Walking Wake|55/100
|-damage|p1a: Walking Wake|28/100
|-damage|p1a: Walking Wake|3/100
|-damage|p1a: Walking Wake|0 fnt
|faint|p1a: Walking Wake
|-end|p1a: Walking Wake|Protosynthesis|[silent]
|-hitcount|p1: Walking Wake|5
|-unboost|p2a: Dragonite|def|1
|-boost|p2a: Dragonite|spe|1
|
|-weather|SunnyDay|[upkeep]
|upkeep
|
|t:|1779850652
|switch|p1a: Torkoal|Torkoal, M|100/100
|turn|15
|
|t:|1779850662
|move|p2a: Dragonite|Scale Shot|p1a: Torkoal|[miss]
|-miss|p2a: Dragonite|p1a: Torkoal
|move|p1a: Torkoal|Earth Power|p2a: Dragonite
|-supereffective|p2a: Dragonite
|-damage|p2a: Dragonite|72/100
|
|-weather|SunnyDay|[upkeep]
|upkeep
|turn|16
|
|t:|1779850674
|move|p2a: Dragonite|Scale Shot|p1a: Torkoal
|-damage|p1a: Torkoal|82/100
|-damage|p1a: Torkoal|66/100
|-damage|p1a: Torkoal|50/100
|-damage|p1a: Torkoal|33/100
|-damage|p1a: Torkoal|16/100
|-hitcount|p1a: Torkoal|5
|-unboost|p2a: Dragonite|def|1
|-boost|p2a: Dragonite|spe|1
|move|p1a: Torkoal|Earth Power|p2a: Dragonite
|-supereffective|p2a: Dragonite
|-damage|p2a: Dragonite|19/100
|
|-weather|none
|upkeep
|turn|17
|
|t:|1779850696
|move|p2a: Dragonite|Scale Shot|p1a: Torkoal
|-damage|p1a: Torkoal|0 fnt
|faint|p1a: Torkoal
|-hitcount|p1: Torkoal|1
|-unboost|p2a: Dragonite|def|1
|-boost|p2a: Dragonite|spe|1
|
|upkeep
|
|t:|1779850699
|switch|p1a: Dragonite|Dragonite, F|100/100
|turn|18
|
|t:|1779850702
|move|p1a: Dragonite|Extreme Speed|p2a: Dragonite
|-damage|p2a: Dragonite|0 fnt
|faint|p2a: Dragonite
|
|upkeep
|
|t:|1779850704
|switch|p2a: Walking Wake|Walking Wake|100/100
|turn|19
|
|t:|1779850717
|move|p2a: Walking Wake|Dragon Pulse|p1a: Dragonite
|-supereffective|p1a: Dragonite
|-damage|p1a: Dragonite|38/100
|move|p1a: Dragonite|Dragon Dance|p1a: Dragonite
|-boost|p1a: Dragonite|atk|1
|-boost|p1a: Dragonite|spe|1
|
|upkeep
|turn|20
|
|t:|1779850726
|move|p1a: Dragonite|Earthquake|p2a: Walking Wake
|-damage|p2a: Walking Wake|41/100
|move|p2a: Walking Wake|Dragon Pulse|p1a: Dragonite
|-supereffective|p1a: Dragonite
|-damage|p1a: Dragonite|0 fnt
|faint|p1a: Dragonite
|
|upkeep
|-message|ign29 forfeited.
|
|win|Myomobile
|raw|Myomobile's rating: 1341 &rarr; <strong>1366</strong><br />(+25 for winning)
|raw|ign29's rating: 1435 &rarr; <strong>1410</strong><br />(-25 for losing)
|l|☆ign29
|player|p2|
