|j|☆Kazzimer
|j|☆BRZ_Bald
|t:|1779865336
|gametype|singles
|player|p1|Kazzimer|benga|1102
|player|p2|BRZ_Bald|hoopster|1130
|gen|9
|tier|[Gen 9] OU
|rated|
|rule|HP Percentage Mod: HP is shown in percentages
|rule|Endless Battle Clause: Forcing endless battles is banned
|rule|Species Clause: Limit one of each Pokémon
|rule|OHKO Clause: OHKO moves are banned
|rule|Evasion Items Clause: Evasion items are banned
|rule|Evasion Moves Clause: Evasion moves are banned
|rule|Evasion Abilities Clause: Evasion abilities are banned
|rule|Sleep Moves Clause: Sleep-inducing moves are banned
|clearpoke
|poke|p1|Gliscor, F|
|poke|p1|Ogerpon-Wellspring, F|
|poke|p1|Dragapult, F|
|poke|p1|Iron Crown|
|poke|p1|Ting-Lu|
|poke|p1|Kingambit, F|
|poke|p2|Tentacruel, F|
|poke|p2|Flygon, M|
|poke|p2|Iron Hands|
|poke|p2|Avalugg-Hisui, F|
|poke|p2|Chimecho, F|
|poke|p2|Samurott-Hisui, F|
|teampreview
|inactive|Battle timer is ON: inactive players will automatically lose when time's up. (requested by BRZ_Bald)
|
|t:|1779865349
|teamsize|p1|6
|teamsize|p2|6
|start
|switch|p1a: I'm Sorry|Gliscor, F|100/100
|switch|p2a: Avalugg|Avalugg-Hisui, F|100/100
|turn|1
|
|t:|1779865361
|move|p1a: I'm Sorry|Toxic Spikes|p2a: Avalugg
|-sidestart|p2: BRZ_Bald|move: Toxic Spikes
|move|p2a: Avalugg|Mountain Gale|p1a: I'm Sorry
|-supereffective|p1a: I'm Sorry
|-damage|p1a: I'm Sorry|0 fnt
|faint|p1a: I'm Sorry
|
|upkeep
|
|t:|1779865371
|switch|p1a: Mahwife|Iron Crown|100/100
|-enditem|p1a: Mahwife|Booster Energy
|-activate|p1a: Mahwife|ability: Quark Drive|[fromitem]
|-start|p1a: Mahwife|quarkdrivespe
|turn|2
|
|t:|1779865381
|move|p1a: Mahwife|Calm Mind|p1a: Mahwife
|-boost|p1a: Mahwife|spa|1
|-boost|p1a: Mahwife|spd|1
|move|p2a: Avalugg|Earthquake|p1a: Mahwife
|-supereffective|p1a: Mahwife
|-damage|p1a: Mahwife|22/100
|
|upkeep
|turn|3
|
|t:|1779865387
|move|p1a: Mahwife|Focus Blast|p2a: Avalugg
|-supereffective|p2a: Avalugg
|-ability|p2a: Avalugg|Sturdy
|-damage|p2a: Avalugg|1/100
|move|p2a: Avalugg|Earthquake|p1a: Mahwife
|-supereffective|p1a: Mahwife
|-damage|p1a: Mahwife|0 fnt
|faint|p1a: Mahwife
|-end|p1a: Mahwife|Quark Drive|[silent]
|
|upkeep
|
|t:|1779865398
|switch|p1a: Dragapult|Dragapult, F, shiny|100/100
|turn|4
|-enditem|p2a: Avalugg|Custap Berry|[eat]
|-activate|p2a: Avalugg|item: Custap Berry|[consumed]
|
|t:|1779865401
|move|p2a: Avalugg|Mountain Gale|p1a: Dragapult
|-supereffective|p1a: Dragapult
|-crit|p1a: Dragapult
|-damage|p1a: Dragapult|0 fnt
|faint|p1a: Dragapult
|
|upkeep
|c|☆Kazzimer|so
|c|☆Kazzimer|im dead
|c|☆Kazzimer|but how did that go before me
|c|☆BRZ_Bald|Hard working Avalugg
|c|☆BRZ_Bald|Custap Berry gives me priority
|inactive|Kazzimer has 120 seconds left.
|c|☆Kazzimer|wow
|c|☆Kazzimer|well gg
|
|t:|1779865447
|switch|p1a: Ogerpon|Ogerpon-Wellspring, F|100/100
|turn|5
|c|☆BRZ_Bald|Naah Kingambit sweeps
|
|t:|1779865462
|move|p1a: Ogerpon|Ivy Cudgel|p2a: Avalugg|[anim] Ivy Cudgel Water
|-supereffective|p2a: Avalugg
|-damage|p2a: Avalugg|0 fnt
|faint|p2a: Avalugg
|
|upkeep
|
|t:|1779865467
|switch|p2a: LLCruelJ|Tentacruel, F|100/100
|-sideend|p2: BRZ_Bald|move: Toxic Spikes|[of] p2a: LLCruelJ
|turn|6
|
|t:|1779865475
|move|p1a: Ogerpon|Taunt|p2a: LLCruelJ
|-start|p2a: LLCruelJ|move: Taunt
|move|p2a: LLCruelJ|Sludge Wave|p1a: Ogerpon
|-supereffective|p1a: Ogerpon
|-damage|p1a: Ogerpon|7/100
|
|upkeep
|turn|7
|
|t:|1779865483
|move|p1a: Ogerpon|Knock Off|p2a: LLCruelJ
|-damage|p2a: LLCruelJ|52/100
|-enditem|p2a: LLCruelJ|Assault Vest|[from] move: Knock Off|[of] p1a: Ogerpon
|move|p2a: LLCruelJ|Rapid Spin|p1a: Ogerpon
|-damage|p1a: Ogerpon|0 fnt
|-boost|p2a: LLCruelJ|spe|1
|faint|p1a: Ogerpon
|
|upkeep
|
|t:|1779865492
|switch|p1a: Dingle-Ling|Ting-Lu|100/100
|-ability|p1a: Dingle-Ling|Vessel of Ruin
|turn|8
|inactive|Kazzimer has 120 seconds left.
|
|t:|1779865514
|move|p2a: LLCruelJ|Knock Off|p1a: Dingle-Ling
|-resisted|p1a: Dingle-Ling
|-damage|p1a: Dingle-Ling|96/100
|-damage|p2a: LLCruelJ|35/100|[from] item: Rocky Helmet|[of] p1a: Dingle-Ling
|-enditem|p1a: Dingle-Ling|Rocky Helmet|[from] move: Knock Off|[of] p2a: LLCruelJ
|move|p1a: Dingle-Ling|Ruination|p2a: LLCruelJ
|-damage|p2a: LLCruelJ|18/100
|
|-end|p2a: LLCruelJ|move: Taunt
|upkeep
|turn|9
|
|t:|1779865523
|move|p2a: LLCruelJ|Surf|p1a: Dingle-Ling
|-supereffective|p1a: Dingle-Ling
|-damage|p1a: Dingle-Ling|55/100
|move|p1a: Dingle-Ling|Heavy Slam|p2a: LLCruelJ
|-resisted|p2a: LLCruelJ
|-damage|p2a: LLCruelJ|0 fnt
|faint|p2a: LLCruelJ
|
|upkeep
|c|☆Kazzimer|at least finish me off with flygon
|c|☆Kazzimer|my forsaken mega
|inactive|BRZ_Bald has 120 seconds left.
|c|☆BRZ_Bald|Lmao poor guy
|c|☆BRZ_Bald|I'll try to
|c|☆BRZ_Bald|Or at least don't sucker punch him to death
|c|☆BRZ_Bald|plz :)))
|inactive|BRZ_Bald has 90 seconds left.
|
|t:|1779865587
|switch|p2a: Wotter|Samurott-Hisui, F, shiny|100/100
|turn|10
|inactive|BRZ_Bald has 90 seconds left.
|c|☆Kazzimer|i am not good enough to know what ur doing lmao exhibit a custap monster over there
|inactive|Kazzimer has 120 seconds left.
|
|t:|1779865613
|move|p2a: Wotter|Aqua Cutter|p1a: Dingle-Ling
|-supereffective|p1a: Dingle-Ling
|-damage|p1a: Dingle-Ling|0 fnt
|faint|p1a: Dingle-Ling
|
|upkeep
|c|☆BRZ_Bald|Ahah
|
|t:|1779865618
|switch|p1a: Wewuzkangz|Kingambit, F|100/100
|-activate|p1a: Wewuzkangz|ability: Supreme Overlord
|-start|p1a: Wewuzkangz|fallen5|[silent]
|-item|p1a: Wewuzkangz|Air Balloon
|turn|11
|inactive|Kazzimer has 120 seconds left.
|
|t:|1779865630
|move|p2a: Wotter|Aqua Cutter|p1a: Wewuzkangz
|-crit|p1a: Wewuzkangz
|-damage|p1a: Wewuzkangz|42/100
|-enditem|p1a: Wewuzkangz|Air Balloon
|move|p1a: Wewuzkangz|Swords Dance|p1a: Wewuzkangz
|-boost|p1a: Wewuzkangz|atk|2
|
|upkeep
|turn|12
|inactive|Kazzimer has 120 seconds left.
|inactive|BRZ_Bald has 90 seconds left.
|
|t:|1779865651
|switch|p2a: Goggles|Flygon, M|100/100
|-terastallize|p1a: Wewuzkangz|Dark
|move|p1a: Wewuzkangz|Low Kick|p2a: Goggles
|-damage|p2a: Goggles|0 fnt
|faint|p2a: Goggles
|
|upkeep
|inactive|BRZ_Bald has 90 seconds left.
|c|☆Kazzimer|NOOOO
|c|☆BRZ_Bald|NOOO
|c|☆BRZ_Bald|HE DIED
|c|☆Kazzimer|NOOOOOO
|c|☆Kazzimer|WHY
|c|☆BRZ_Bald|TRAGICALLY
|inactive|BRZ_Bald has 60 seconds left.
|c|☆BRZ_Bald|I THOUGHT U WERE SUCKER PUNCHING SAMUROT
|
|t:|1779865693
|switch|p2a: Wotter|Samurott-Hisui, F, shiny|100/100
|turn|13
|c|☆Kazzimer|there really is no god after that one
|inactive|Kazzimer has 120 seconds left.
|c|☆BRZ_Bald|Btw the set was
|
|t:|1779865708
|move|p1a: Wewuzkangz|Sucker Punch|p2a: Wotter
|-resisted|p2a: Wotter
|-damage|p2a: Wotter|8/100
|move|p2a: Wotter|Sacred Sword|p1a: Wewuzkangz
|-supereffective|p1a: Wewuzkangz
|-damage|p1a: Wewuzkangz|0 fnt
|faint|p1a: Wewuzkangz
|-end|p1a: Wewuzkangz|fallen5|[silent]
|
|win|BRZ_Bald
|raw|Kazzimer's rating: 1102 &rarr; <strong>1079</strong><br />(-23 for losing)
|raw|BRZ_Bald's rating: 1130 &rarr; <strong>1153</strong><br />(+23 for winning)
|c|☆Kazzimer|lol gg
|c|☆Kazzimer|that avalugg was cool
|c|☆BRZ_Bald|Boomburst, Flamethrower, Draco and I don't remeber the last move :p
|c|☆BRZ_Bald|With throat spray to boost Spa
|c|☆Kazzimer|see you on the other side
|c|☆BRZ_Bald|Oh yeah Earth Power
|l|☆Kazzimer
|player|p1|
|c|☆BRZ_Bald|See ya
