|j|☆amacklai
|j|☆claudechamp
|t:|1779815886
|gametype|singles
|player|p1|amacklai|1|1172
|player|p2|claudechamp|265|1156
|gen|9
|tier|[Gen 9] OU
|rated|
|rule|HP Percentage Mod: HP is shown in percentages
|rule|Endless Battle Clause: Forcing endless battles is banned
|rule|Species Clause: Limit one of each Pokémon
|rule|OHKO Clause: OHKO moves are banned
|rule|Evasion Items Clause: Evasion items are banned
|rule|Evasion Moves Clause: Evasion moves are banned
|rule|Evasion Abilities Clause: Evasion abilities are banned
|rule|Sleep Moves Clause: Sleep-inducing moves are banned
|clearpoke
|poke|p1|Ribombee, M|
|poke|p1|Tinkaton, F|
|poke|p1|Mabosstiff, F|
|poke|p1|Tsareena, F|
|poke|p1|Chandelure, F|
|poke|p1|Weezing-Galar, M|
|poke|p2|Gliscor, M|
|poke|p2|Gholdengo|
|poke|p2|Zamazenta-*|
|poke|p2|Blissey, F|
|poke|p2|Skarmory, F|
|poke|p2|Pecharunt|
|teampreview
|c|☆claudechamp|hf
|inactive|Battle timer is ON: inactive players will automatically lose when time's up. (requested by claudechamp)
|
|t:|1779815899
|teamsize|p1|6
|teamsize|p2|6
|start
|switch|p1a: Ribombee|Ribombee, M|100/100
|switch|p2a: Skarmory|Skarmory, F|100/100
|turn|1
|
|t:|1779815908
|move|p1a: Ribombee|Quiver Dance|p1a: Ribombee
|-boost|p1a: Ribombee|spa|1
|-boost|p1a: Ribombee|spd|1
|-boost|p1a: Ribombee|spe|1
|move|p2a: Skarmory|Spikes|p1a: Ribombee
|-sidestart|p1: amacklai|Spikes
|
|upkeep
|turn|2
|
|t:|1779815924
|switch|p1a: Tsareena|Tsareena, F|100/100
|-damage|p1a: Tsareena|88/100|[from] Spikes
|move|p2a: Skarmory|Whirlwind|p1a: Tsareena
|drag|p1a: Weezing|Weezing-Galar, M|100/100
|-ability|p1a: Weezing|Neutralizing Gas
|-damage|p1a: Weezing|88/100|[from] Spikes
|
|-heal|p1a: Weezing|94/100|[from] item: Leftovers
|upkeep
|turn|3
|
|t:|1779815937
|switch|p2a: Gholdengo|Gholdengo|100/100
|move|p1a: Weezing|Will-O-Wisp|p2a: Gholdengo
|-immune|p2a: Gholdengo|[from] ability: Good as Gold
|
|-heal|p1a: Weezing|99/100|[from] item: Leftovers
|upkeep
|turn|4
|
|t:|1779815952
|-end|p1a: Weezing|ability: Neutralizing Gas
|switch|p1a: Chandelure|Chandelure, F|100/100
|-damage|p1a: Chandelure|88/100|[from] Spikes
|move|p2a: Gholdengo|Nasty Plot|p2a: Gholdengo
|-boost|p2a: Gholdengo|spa|2
|
|upkeep
|turn|5
|
|t:|1779815962
|move|p1a: Chandelure|Fire Blast|p2a: Gholdengo
|-supereffective|p2a: Gholdengo
|-damage|p2a: Gholdengo|0 fnt
|faint|p2a: Gholdengo
|
|upkeep
|
|t:|1779815975
|switch|p2a: Gliscor|Gliscor, M|100/100
|turn|6
|
|t:|1779815985
|move|p1a: Chandelure|Fire Blast|p2a: Gliscor
|-damage|p2a: Gliscor|40/100
|move|p2a: Gliscor|Earthquake|p1a: Chandelure
|-supereffective|p1a: Chandelure
|-damage|p1a: Chandelure|0 fnt
|faint|p1a: Chandelure
|
|-status|p2a: Gliscor|tox|[from] item: Toxic Orb
|upkeep
|
|t:|1779815997
|switch|p1a: Tinkaton|Tinkaton, F|100/100
|-damage|p1a: Tinkaton|88/100|[from] Spikes
|turn|7
|
|t:|1779816006
|-terastallize|p1a: Tinkaton|Ice
|move|p1a: Tinkaton|Swords Dance|p1a: Tinkaton
|-boost|p1a: Tinkaton|atk|2
|move|p2a: Gliscor|Swords Dance|p2a: Gliscor
|-boost|p2a: Gliscor|atk|2
|
|-heal|p2a: Gliscor|52/100 tox|[from] ability: Poison Heal
|upkeep
|turn|8
|
|t:|1779816022
|move|p1a: Tinkaton|Ice Hammer|p2a: Gliscor
|-supereffective|p2a: Gliscor
|-damage|p2a: Gliscor|0 fnt
|-unboost|p1a: Tinkaton|spe|1
|faint|p2a: Gliscor
|-enditem|p1a: Tinkaton|White Herb
|-clearnegativeboost|p1a: Tinkaton|[silent]
|
|upkeep
|
|t:|1779816038
|switch|p2a: Zamazenta|Zamazenta|100/100
|-ability|p2a: Zamazenta|Dauntless Shield|boost
|-boost|p2a: Zamazenta|def|1
|turn|9
|
|t:|1779816050
|switch|p1a: Weezing|Weezing-Galar, M|99/100
|-ability|p1a: Weezing|Neutralizing Gas
|-damage|p1a: Weezing|88/100|[from] Spikes
|move|p2a: Zamazenta|Close Combat|p1a: Weezing
|-resisted|p1a: Weezing
|-damage|p1a: Weezing|74/100
|-unboost|p2a: Zamazenta|def|1
|-unboost|p2a: Zamazenta|spd|1
|
|-heal|p1a: Weezing|80/100|[from] item: Leftovers
|upkeep
|turn|10
|
|t:|1779816065
|move|p2a: Zamazenta|Heavy Slam|p1a: Weezing
|-supereffective|p1a: Weezing
|-damage|p1a: Weezing|13/100
|move|p1a: Weezing|Will-O-Wisp|p2a: Zamazenta|[miss]
|-miss|p1a: Weezing|p2a: Zamazenta
|
|-heal|p1a: Weezing|19/100|[from] item: Leftovers
|upkeep
|turn|11
|
|t:|1779816076
|move|p2a: Zamazenta|Heavy Slam|p1a: Weezing
|-supereffective|p1a: Weezing
|-damage|p1a: Weezing|0 fnt
|faint|p1a: Weezing
|-end|p1a: Weezing|ability: Neutralizing Gas
|
|upkeep
|
|t:|1779816093
|switch|p1a: Ribombee|Ribombee, M|100/100
|-damage|p1a: Ribombee|88/100|[from] Spikes
|turn|12
|
|t:|1779816100
|move|p2a: Zamazenta|Close Combat|p1a: Ribombee
|-resisted|p1a: Ribombee
|-damage|p1a: Ribombee|59/100
|-unboost|p2a: Zamazenta|def|1
|-unboost|p2a: Zamazenta|spd|1
|move|p1a: Ribombee|Quiver Dance|p1a: Ribombee
|-boost|p1a: Ribombee|spa|1
|-boost|p1a: Ribombee|spd|1
|-boost|p1a: Ribombee|spe|1
|
|upkeep
|turn|13
|
|t:|1779816113
|move|p1a: Ribombee|Draining Kiss|p2a: Zamazenta
|-supereffective|p2a: Zamazenta
|-damage|p2a: Zamazenta|0 fnt
|-heal|p1a: Ribombee|100/100|[from] drain|[of] p2a: Zamazenta
|faint|p2a: Zamazenta
|
|upkeep
|
|t:|1779816120
|switch|p2a: Skarmory|Skarmory, F|100/100
|turn|14
|
|t:|1779816129
|move|p1a: Ribombee|Stored Power|p2a: Skarmory
|-resisted|p2a: Skarmory
|-damage|p2a: Skarmory|74/100
|move|p2a: Skarmory|Whirlwind|p1a: Ribombee
|drag|p1a: Tinkaton|Tinkaton, F, tera:Ice|88/100
|-damage|p1a: Tinkaton|76/100|[from] Spikes
|
|upkeep
|turn|15
|
|t:|1779816141
|move|p1a: Tinkaton|Swords Dance|p1a: Tinkaton
|-boost|p1a: Tinkaton|atk|2
|move|p2a: Skarmory|Spikes|p1a: Tinkaton
|-sidestart|p1: amacklai|Spikes
|
|upkeep
|turn|16
|
|t:|1779816151
|move|p1a: Tinkaton|Gigaton Hammer|p2a: Skarmory
|-resisted|p2a: Skarmory
|-damage|p2a: Skarmory|38/100
|move|p2a: Skarmory|Whirlwind|p1a: Tinkaton
|drag|p1a: Mabosstiff|Mabosstiff, F|100/100
|-damage|p1a: Mabosstiff|84/100|[from] Spikes
|
|upkeep
|turn|17
|
|t:|1779816163
|move|p1a: Mabosstiff|Crunch|p2a: Skarmory
|-damage|p2a: Skarmory|11/100
|move|p2a: Skarmory|Roost|p2a: Skarmory
|-heal|p2a: Skarmory|61/100
|-singleturn|p2a: Skarmory|move: Roost
|
|upkeep
|turn|18
|
|t:|1779816174
|switch|p1a: Tsareena|Tsareena, F|88/100
|-damage|p1a: Tsareena|72/100|[from] Spikes
|move|p2a: Skarmory|Body Press|p1a: Tsareena
|-damage|p1a: Tsareena|34/100
|
|upkeep
|turn|19
|
|t:|1779816183
|move|p1a: Tsareena|Rapid Spin|p2a: Skarmory
|-resisted|p2a: Skarmory
|-damage|p2a: Skarmory|56/100
|-boost|p1a: Tsareena|spe|1
|-sideend|p1: amacklai|Spikes|[from] move: Rapid Spin|[of] p1a: Tsareena
|move|p2a: Skarmory|Spikes|p1a: Tsareena
|-sidestart|p1: amacklai|Spikes
|
|upkeep
|turn|20
|
|t:|1779816197
|move|p1a: Tsareena|Trop Kick|p2a: Skarmory
|-resisted|p2a: Skarmory
|-crit|p2a: Skarmory
|-damage|p2a: Skarmory|48/100
|-unboost|p2a: Skarmory|atk|1
|move|p2a: Skarmory|Roost|p2a: Skarmory
|-heal|p2a: Skarmory|98/100
|-singleturn|p2a: Skarmory|move: Roost
|
|upkeep
|turn|21
|
|t:|1779816210
|switch|p2a: Pecharunt|Pecharunt|100/100
|move|p1a: Tsareena|Trop Kick|p2a: Pecharunt
|-resisted|p2a: Pecharunt
|-damage|p2a: Pecharunt|92/100
|-unboost|p2a: Pecharunt|atk|1
|
|upkeep
|turn|22
|
|t:|1779816224
|switch|p1a: Tinkaton|Tinkaton, F, tera:Ice|76/100
|-damage|p1a: Tinkaton|64/100|[from] Spikes
|move|p2a: Pecharunt|Shadow Ball|p1a: Tinkaton
|-damage|p1a: Tinkaton|38/100
|
|upkeep
|turn|23
|
|t:|1779816241
|move|p1a: Tinkaton|Swords Dance|p1a: Tinkaton
|-boost|p1a: Tinkaton|atk|2
|move|p2a: Pecharunt|Parting Shot|p1a: Tinkaton
|-unboost|p1a: Tinkaton|atk|1
|-unboost|p1a: Tinkaton|spa|1
|
|t:|1779816246
|switch|p2a: Skarmory|Skarmory, F|98/100|[from] Parting Shot
|
|upkeep
|turn|24
|
|t:|1779816251
|move|p1a: Tinkaton|Ice Hammer|p2a: Skarmory
|-damage|p2a: Skarmory|62/100
|-unboost|p1a: Tinkaton|spe|1
|move|p2a: Skarmory|Whirlwind|p1a: Tinkaton
|drag|p1a: Mabosstiff|Mabosstiff, F|84/100
|-damage|p1a: Mabosstiff|72/100|[from] Spikes
|
|upkeep
|turn|25
|
|t:|1779816262
|move|p1a: Mabosstiff|Crunch|p2a: Skarmory
|-damage|p2a: Skarmory|35/100
|move|p2a: Skarmory|Roost|p2a: Skarmory
|-heal|p2a: Skarmory|85/100
|-singleturn|p2a: Skarmory|move: Roost
|
|upkeep
|turn|26
|
|t:|1779816285
|move|p1a: Mabosstiff|Crunch|p2a: Skarmory
|-damage|p2a: Skarmory|58/100
|-unboost|p2a: Skarmory|def|1
|move|p2a: Skarmory|Spikes|p1a: Mabosstiff
|-sidestart|p1: amacklai|Spikes
|
|upkeep
|turn|27
|
|t:|1779816300
|move|p1a: Mabosstiff|Crunch|p2a: Skarmory
|-damage|p2a: Skarmory|18/100
|move|p2a: Skarmory|Roost|p2a: Skarmory
|-heal|p2a: Skarmory|68/100
|-singleturn|p2a: Skarmory|move: Roost
|
|upkeep
|turn|28
|
|t:|1779816312
|move|p1a: Mabosstiff|Crunch|p2a: Skarmory
|-damage|p2a: Skarmory|27/100
|move|p2a: Skarmory|Whirlwind|p1a: Mabosstiff
|drag|p1a: Ribombee|Ribombee, M|100/100
|-damage|p1a: Ribombee|84/100|[from] Spikes
|
|upkeep
|turn|29
|
|t:|1779816324
|move|p1a: Ribombee|Bug Buzz|p2a: Skarmory
|-resisted|p2a: Skarmory
|-damage|p2a: Skarmory|14/100
|-enditem|p1a: Ribombee|Throat Spray
|-boost|p1a: Ribombee|spa|1|[from] item: Throat Spray
|move|p2a: Skarmory|Roost|p2a: Skarmory
|-heal|p2a: Skarmory|64/100
|-singleturn|p2a: Skarmory|move: Roost
|
|upkeep
|turn|30
|
|t:|1779816335
|move|p1a: Ribombee|Bug Buzz|p2a: Skarmory
|-resisted|p2a: Skarmory
|-damage|p2a: Skarmory|42/100
|move|p2a: Skarmory|Whirlwind|p1a: Ribombee
|drag|p1a: Tinkaton|Tinkaton, F, tera:Ice|38/100
|-damage|p1a: Tinkaton|21/100|[from] Spikes
|
|upkeep
|turn|31
|
|t:|1779816349
|move|p1a: Tinkaton|Gigaton Hammer|p2a: Skarmory
|-resisted|p2a: Skarmory
|-damage|p2a: Skarmory|16/100
|move|p2a: Skarmory|Roost|p2a: Skarmory
|-heal|p2a: Skarmory|66/100
|-singleturn|p2a: Skarmory|move: Roost
|
|upkeep
|turn|32
|-message|amacklai forfeited.
|
|win|claudechamp
|raw|amacklai's rating: 1172 &rarr; <strong>1146</strong><br />(-26 for losing)
|raw|claudechamp's rating: 1156 &rarr; <strong>1182</strong><br />(+26 for winning)
|l|☆amacklai
|player|p1|
|c|☆claudechamp|gg
