|j|☆Thederpa1
|j|☆mastersannin
|t:|1779964912
|gametype|singles
|player|p1|Thederpa1|swimmer-gen4dp|1602
|player|p2|mastersannin|265|1675
|gen|9
|tier|[Gen 9] OU
|rated|
|rule|HP Percentage Mod: HP is shown in percentages
|rule|Endless Battle Clause: Forcing endless battles is banned
|rule|Species Clause: Limit one of each Pokémon
|rule|OHKO Clause: OHKO moves are banned
|rule|Evasion Items Clause: Evasion items are banned
|rule|Evasion Moves Clause: Evasion moves are banned
|rule|Evasion Abilities Clause: Evasion abilities are banned
|rule|Sleep Moves Clause: Sleep-inducing moves are banned
|clearpoke
|poke|p1|Pecharunt|
|poke|p1|Zapdos|
|poke|p1|Tyranitar, M|
|poke|p1|Excadrill, F|
|poke|p1|Volcanion|
|poke|p1|Iron Moth|
|poke|p2|Samurott-Hisui, F|
|poke|p2|Zapdos|
|poke|p2|Iron Treads|
|poke|p2|Ceruledge, M|
|poke|p2|Gholdengo|
|poke|p2|Kingambit, M|
|teampreview
|inactive|Battle timer is ON: inactive players will automatically lose when time's up. (requested by mastersannin)
|
|t:|1779964932
|teamsize|p1|6
|teamsize|p2|6
|start
|switch|p1a: Tyranitar|Tyranitar, M|100/100
|switch|p2a: Iron Treads|Iron Treads|100/100
|-weather|Sandstorm|[from] ability: Sand Stream|[of] p1a: Tyranitar
|turn|1
|
|t:|1779964950
|-terastallize|p1a: Tyranitar|Ghost
|move|p2a: Iron Treads|Stealth Rock|p1a: Tyranitar
|-sidestart|p1: Thederpa1|move: Stealth Rock
|move|p1a: Tyranitar|Stealth Rock|p2a: Iron Treads
|-sidestart|p2: mastersannin|move: Stealth Rock
|
|-weather|Sandstorm|[upkeep]
|-damage|p1a: Tyranitar|94/100|[from] Sandstorm
|-heal|p1a: Tyranitar|100/100|[from] item: Leftovers
|upkeep
|turn|2
|
|t:|1779964956
|move|p2a: Iron Treads|Knock Off|p1a: Tyranitar
|-supereffective|p1a: Tyranitar
|-damage|p1a: Tyranitar|52/100
|-enditem|p1a: Tyranitar|Leftovers|[from] move: Knock Off|[of] p2a: Iron Treads
|move|p1a: Tyranitar|Knock Off|p2a: Iron Treads
|-damage|p2a: Iron Treads|50/100
|-enditem|p2a: Iron Treads|Leftovers|[from] move: Knock Off|[of] p1a: Tyranitar
|
|-weather|Sandstorm|[upkeep]
|-damage|p1a: Tyranitar|46/100|[from] Sandstorm
|upkeep
|turn|3
|
|t:|1779964967
|move|p2a: Iron Treads|Earthquake|p1a: Tyranitar
|-damage|p1a: Tyranitar|10/100
|move|p1a: Tyranitar|Low Kick|p2a: Iron Treads
|-supereffective|p2a: Iron Treads
|-damage|p2a: Iron Treads|0 fnt
|faint|p2a: Iron Treads
|-end|p2a: Iron Treads|Quark Drive|[silent]
|
|-weather|Sandstorm|[upkeep]
|-damage|p1a: Tyranitar|4/100|[from] Sandstorm
|upkeep
|
|t:|1779964972
|switch|p2a: Samurott|Samurott-Hisui, F|100/100
|-damage|p2a: Samurott|88/100|[from] Stealth Rock
|turn|4
|
|t:|1779964978
|switch|p1a: Zapdos|Zapdos|100/100
|move|p2a: Samurott|Ceaseless Edge|p1a: Zapdos
|-damage|p1a: Zapdos|70/100
|-sidestart|p1: Thederpa1|Spikes
|
|-weather|Sandstorm|[upkeep]
|-damage|p1a: Zapdos|64/100|[from] Sandstorm
|-damage|p2a: Samurott|82/100|[from] Sandstorm
|upkeep
|turn|5
|
|t:|1779964992
|move|p1a: Zapdos|Roost|p1a: Zapdos
|-heal|p1a: Zapdos|100/100
|-singleturn|p1a: Zapdos|move: Roost
|move|p2a: Samurott|Knock Off|p1a: Zapdos
|-damage|p1a: Zapdos|69/100
|-status|p2a: Samurott|par|[from] ability: Static|[of] p1a: Zapdos
|-enditem|p1a: Zapdos|Heavy-Duty Boots|[from] move: Knock Off|[of] p2a: Samurott
|
|-weather|none
|upkeep
|turn|6
|
|t:|1779965003
|move|p1a: Zapdos|Volt Switch|p2a: Samurott
|-supereffective|p2a: Samurott
|-damage|p2a: Samurott|43/100 par
|
|t:|1779965008
|switch|p1a: Volcanion|Volcanion|100/100|[from] Volt Switch
|cant|p2a: Samurott|par
|
|upkeep
|turn|7
|
|t:|1779965014
|move|p1a: Volcanion|Sludge Bomb|p2a: Samurott
|-damage|p2a: Samurott|18/100 par
|cant|p2a: Samurott|par
|
|upkeep
|turn|8
|
|t:|1779965019
|cant|p2a: Samurott|par
|move|p1a: Volcanion|Sludge Bomb|p2a: Samurott
|-damage|p2a: Samurott|0 fnt
|faint|p2a: Samurott
|
|upkeep
|
|t:|1779965033
|switch|p2a: Zapdos|Zapdos|100/100
|turn|9
|
|t:|1779965040
|switch|p1a: Tyranitar|Tyranitar, M, tera:Ghost|4/100
|-damage|p1a: Tyranitar|0 fnt|[from] Stealth Rock
|faint|p1a: Tyranitar
|move|p2a: Zapdos|Hurricane|p1: Tyranitar|[notarget]
|-fail|p2a: Zapdos
|
|upkeep
|
|t:|1779965042
|switch|p1a: Excadrill|Excadrill, F|100/100
|-damage|p1a: Excadrill|97/100|[from] Stealth Rock
|-damage|p1a: Excadrill|85/100|[from] Spikes
|turn|10
|
|t:|1779965049
|switch|p2a: Gholdengo|Gholdengo|100/100
|-damage|p2a: Gholdengo|94/100|[from] Stealth Rock
|-item|p2a: Gholdengo|Air Balloon
|move|p1a: Excadrill|Rapid Spin|p2a: Gholdengo
|-immune|p2a: Gholdengo
|
|upkeep
|turn|11
|
|t:|1779965057
|move|p1a: Excadrill|Iron Head|p2a: Gholdengo
|-resisted|p2a: Gholdengo
|-damage|p2a: Gholdengo|73/100
|-enditem|p2a: Gholdengo|Air Balloon
|-damage|p1a: Excadrill|75/100|[from] item: Life Orb
|cant|p2a: Gholdengo|flinch
|
|upkeep
|turn|12
|
|t:|1779965067
|move|p1a: Excadrill|Earthquake|p2a: Gholdengo
|-supereffective|p2a: Gholdengo
|-damage|p2a: Gholdengo|0 fnt
|faint|p2a: Gholdengo
|-damage|p1a: Excadrill|65/100|[from] item: Life Orb
|
|upkeep
|
|t:|1779965073
|switch|p2a: Kingambit|Kingambit, M|100/100
|-damage|p2a: Kingambit|94/100|[from] Stealth Rock
|-activate|p2a: Kingambit|ability: Supreme Overlord
|-start|p2a: Kingambit|fallen3|[silent]
|turn|13
|
|t:|1779965081
|switch|p1a: Volcanion|Volcanion|100/100
|move|p2a: Kingambit|Sucker Punch||[still]
|-fail|p2a: Kingambit
|
|-heal|p2a: Kingambit|100/100|[from] item: Leftovers
|upkeep
|turn|14
|
|t:|1779965089
|move|p2a: Kingambit|Sucker Punch|p1a: Volcanion
|-damage|p1a: Volcanion|62/100
|move|p1a: Volcanion|Steam Eruption|p2a: Kingambit
|-damage|p2a: Kingambit|32/100
|-status|p2a: Kingambit|brn
|
|-heal|p2a: Kingambit|38/100 brn|[from] item: Leftovers
|-damage|p2a: Kingambit|32/100 brn|[from] brn
|upkeep
|turn|15
|
|t:|1779965099
|move|p2a: Kingambit|Sucker Punch|p1a: Volcanion
|-damage|p1a: Volcanion|43/100
|move|p1a: Volcanion|Flamethrower|p2a: Kingambit
|-supereffective|p2a: Kingambit
|-damage|p2a: Kingambit|0 fnt
|faint|p2a: Kingambit
|-end|p2a: Kingambit|fallen3|[silent]
|
|upkeep
|
|t:|1779965102
|switch|p2a: Zapdos|Zapdos|100/100
|turn|16
|
|t:|1779965108
|switch|p1a: Excadrill|Excadrill, F|65/100
|-damage|p1a: Excadrill|62/100|[from] Stealth Rock
|-damage|p1a: Excadrill|50/100|[from] Spikes
|move|p2a: Zapdos|Volt Switch|p1a: Excadrill
|-immune|p1a: Excadrill
|
|upkeep
|turn|17
|
|t:|1779965113
|move|p1a: Excadrill|Earthquake|p2a: Zapdos
|-immune|p2a: Zapdos
|move|p2a: Zapdos|Hurricane|p1a: Excadrill|[miss]
|-miss|p2a: Zapdos|p1a: Excadrill
|
|upkeep
|turn|18
|
|t:|1779965119
|move|p1a: Excadrill|Rapid Spin|p2a: Zapdos
|-crit|p2a: Zapdos
|-damage|p2a: Zapdos|73/100
|-boost|p1a: Excadrill|spe|1
|-sideend|p1: Thederpa1|Spikes|[from] move: Rapid Spin|[of] p1a: Excadrill
|-sideend|p1: Thederpa1|Stealth Rock|[from] move: Rapid Spin|[of] p1a: Excadrill
|-damage|p1a: Excadrill|40/100|[from] item: Life Orb
|move|p2a: Zapdos|Hurricane|p1a: Excadrill
|-resisted|p1a: Excadrill
|-damage|p1a: Excadrill|10/100
|
|upkeep
|turn|19
|
|t:|1779965132
|move|p1a: Excadrill|Iron Head|p2a: Zapdos
|-resisted|p2a: Zapdos
|-damage|p2a: Zapdos|51/100
|-damage|p1a: Excadrill|0 fnt|[from] item: Life Orb
|faint|p1a: Excadrill
|move|p2a: Zapdos|Hurricane|p1: Excadrill|[notarget]
|-fail|p2a: Zapdos
|
|upkeep
|
|t:|1779965146
|switch|p1a: Iron Moth|Iron Moth|100/100
|turn|20
|
|t:|1779965149
|move|p1a: Iron Moth|Fiery Dance|p2a: Zapdos
|-damage|p2a: Zapdos|7/100
|move|p2a: Zapdos|Thunder Wave|p1a: Iron Moth
|-status|p1a: Iron Moth|par
|
|upkeep
|turn|21
|
|t:|1779965156
|move|p2a: Zapdos|Hurricane|p1a: Iron Moth
|-damage|p1a: Iron Moth|55/100 par
|-start|p1a: Iron Moth|confusion
|-activate|p1a: Iron Moth|confusion
|-damage|p1a: Iron Moth|45/100 par|[from] confusion
|
|upkeep
|turn|22
|
|t:|1779965162
|move|p2a: Zapdos|Roost|p2a: Zapdos
|-heal|p2a: Zapdos|57/100
|-singleturn|p2a: Zapdos|move: Roost
|-activate|p1a: Iron Moth|confusion
|move|p1a: Iron Moth|U-turn|p2a: Zapdos
|-damage|p2a: Zapdos|50/100
|
|t:|1779965174
|-end|p1a: Iron Moth|Quark Drive|[silent]
|switch|p1a: Pecharunt|Pecharunt|100/100|[from] U-turn
|
|upkeep
|turn|23
|
|t:|1779965180
|move|p2a: Zapdos|Thunder Wave|p1a: Pecharunt
|-status|p1a: Pecharunt|par
|move|p1a: Pecharunt|Malignant Chain|p2a: Zapdos
|-damage|p2a: Zapdos|10/100
|
|upkeep
|turn|24
|
|t:|1779965187
|move|p2a: Zapdos|Hurricane|p1a: Pecharunt
|-damage|p1a: Pecharunt|54/100 par
|move|p1a: Pecharunt|Malignant Chain|p2a: Zapdos
|-damage|p2a: Zapdos|0 fnt
|faint|p2a: Zapdos
|
|upkeep
|
|t:|1779965193
|switch|p2a: Ceruledge|Ceruledge, M|100/100
|turn|25
|
|t:|1779965197
|move|p2a: Ceruledge|Poltergeist|p1a: Pecharunt
|-activate|p1a: Pecharunt|move: Poltergeist|Heavy-Duty Boots
|-supereffective|p1a: Pecharunt
|-damage|p1a: Pecharunt|0 fnt
|faint|p1a: Pecharunt
|
|upkeep
|
|t:|1779965203
|switch|p1a: Zapdos|Zapdos|69/100
|turn|26
|
|t:|1779965209
|move|p1a: Zapdos|Thunder Wave|p2a: Ceruledge
|-status|p2a: Ceruledge|par
|move|p2a: Ceruledge|Swords Dance|p2a: Ceruledge
|-boost|p2a: Ceruledge|atk|2
|
|upkeep
|turn|27
|
|t:|1779965214
|move|p1a: Zapdos|Volt Switch|p2a: Ceruledge
|-damage|p2a: Ceruledge|70/100 par
|
|t:|1779965218
|switch|p1a: Iron Moth|Iron Moth|45/100 par|[from] Volt Switch
|cant|p2a: Ceruledge|par
|
|upkeep
|turn|28
|
|t:|1779965221
|move|p2a: Ceruledge|Shadow Sneak|p1a: Iron Moth
|-damage|p1a: Iron Moth|0 fnt
|faint|p1a: Iron Moth
|-end|p1a: Iron Moth|Quark Drive|[silent]
|
|upkeep
|
|t:|1779965225
|switch|p1a: Volcanion|Volcanion|43/100
|turn|29
|
|t:|1779965228
|cant|p2a: Ceruledge|par
|move|p1a: Volcanion|Steam Eruption|p2a: Ceruledge
|-supereffective|p2a: Ceruledge
|-damage|p2a: Ceruledge|0 fnt
|faint|p2a: Ceruledge
|
|win|Thederpa1
|raw|Thederpa1's rating: 1602 &rarr; <strong>1626</strong><br />(+24 for winning)
|raw|mastersannin's rating: 1675 &rarr; <strong>1651</strong><br />(-24 for losing)
|c|☆mastersannin|ridiculous hax this match
|l|☆mastersannin
|player|p2|
|l|☆Thederpa1
|player|p1|
|j| HerewardsCumsock
