|j|☆XM307
|j|☆hypermonkey007
|t:|1779859106
|gametype|singles
|player|p1|XM307|red|1059
|player|p2|hypermonkey007|ghetsis|1114
|gen|9
|tier|[Gen 9] OU
|rated|
|rule|HP Percentage Mod: HP is shown in percentages
|rule|Endless Battle Clause: Forcing endless battles is banned
|rule|Species Clause: Limit one of each Pokémon
|rule|OHKO Clause: OHKO moves are banned
|rule|Evasion Items Clause: Evasion items are banned
|rule|Evasion Moves Clause: Evasion moves are banned
|rule|Evasion Abilities Clause: Evasion abilities are banned
|rule|Sleep Moves Clause: Sleep-inducing moves are banned
|clearpoke
|poke|p1|Ceruledge, M|
|poke|p1|Dragonite, M|
|poke|p1|Zamazenta-*|
|poke|p1|Gholdengo|
|poke|p1|Great Tusk|
|poke|p1|Kyurem|
|poke|p2|Salazzle, F|
|poke|p2|Meowscarada, F|
|poke|p2|Venusaur, M|
|poke|p2|Talonflame, F|
|poke|p2|Great Tusk|
|poke|p2|Toxapex, M|
|teampreview
|inactive|Battle timer is ON: inactive players will automatically lose when time's up. (requested by XM307)
|
|t:|1779859117
|teamsize|p1|6
|teamsize|p2|6
|start
|switch|p1a: Zero|Ceruledge, M, shiny|100/100
|switch|p2a: Salazzle|Salazzle, F, shiny|100/100
|turn|1
|
|t:|1779859126
|move|p2a: Salazzle|Toxic|p1a: Zero
|-status|p1a: Zero|tox
|move|p1a: Zero|Swords Dance|p1a: Zero
|-boost|p1a: Zero|atk|2
|
|-damage|p1a: Zero|94/100 tox|[from] psn
|upkeep
|turn|2
|
|t:|1779859135
|move|p2a: Salazzle|Substitute|p2a: Salazzle
|-start|p2a: Salazzle|Substitute
|-damage|p2a: Salazzle|75/100
|move|p1a: Zero|Poltergeist|p2a: Salazzle
|-activate|p2a: Salazzle|move: Poltergeist|Black Sludge
|-end|p2a: Salazzle|Substitute
|-damage|p1a: Zero|84/100 tox|[from] item: Life Orb
|
|-heal|p2a: Salazzle|82/100|[from] item: Black Sludge
|-damage|p1a: Zero|72/100 tox|[from] psn
|upkeep
|turn|3
|
|t:|1779859147
|move|p2a: Salazzle|Protect|p2a: Salazzle
|-singleturn|p2a: Salazzle|Protect
|move|p1a: Zero|Poltergeist|p2a: Salazzle
|-activate|p2a: Salazzle|move: Protect
|
|-heal|p2a: Salazzle|88/100|[from] item: Black Sludge
|-damage|p1a: Zero|53/100 tox|[from] psn
|upkeep
|turn|4
|
|t:|1779859159
|move|p2a: Salazzle|Flamethrower|p1a: Zero
|-resisted|p1a: Zero
|-damage|p1a: Zero|35/100 tox
|move|p1a: Zero|Poltergeist|p2a: Salazzle
|-activate|p2a: Salazzle|move: Poltergeist|Black Sludge
|-damage|p2a: Salazzle|0 fnt
|faint|p2a: Salazzle
|-damage|p1a: Zero|25/100 tox|[from] item: Life Orb
|
|-damage|p1a: Zero|0 fnt|[from] psn
|faint|p1a: Zero
|upkeep
|
|t:|1779859170
|switch|p2a: Meowscarada|Meowscarada, F|100/100
|switch|p1a: Onaga|Dragonite, M, shiny|100/100
|turn|5
|
|t:|1779859176
|-terastallize|p1a: Onaga|Normal
|move|p2a: Meowscarada|Triple Axel|p1a: Onaga
|-start|p2a: Meowscarada|typechange|Ice|[from] ability: Protean
|-damage|p1a: Onaga|93/100
|-damage|p1a: Onaga|64/100
|-damage|p1a: Onaga|23/100
|-hitcount|p1a: Onaga|3
|-damage|p2a: Meowscarada|91/100|[from] item: Life Orb
|move|p1a: Onaga|Dragon Dance|p1a: Onaga
|-boost|p1a: Onaga|atk|1
|-boost|p1a: Onaga|spe|1
|
|upkeep
|turn|6
|
|t:|1779859191
|move|p1a: Onaga|Extreme Speed|p2a: Meowscarada
|-damage|p2a: Meowscarada|0 fnt
|faint|p2a: Meowscarada
|
|upkeep
|
|t:|1779859197
|switch|p2a: Toxapex|Toxapex, M|100/100
|-item|p2a: Toxapex|Air Balloon
|turn|7
|
|t:|1779859202
|move|p2a: Toxapex|Baneful Bunker|p2a: Toxapex
|-singleturn|p2a: Toxapex|move: Protect
|move|p1a: Onaga|Dragon Claw|p2a: Toxapex
|-activate|p2a: Toxapex|move: Protect
|-status|p1a: Onaga|psn
|
|-damage|p1a: Onaga|10/100 psn|[from] psn
|upkeep
|turn|8
|
|t:|1779859212
|move|p2a: Toxapex|Baneful Bunker|p2a: Toxapex
|-singleturn|p2a: Toxapex|move: Protect
|move|p1a: Onaga|Dragon Claw|p2a: Toxapex
|-activate|p2a: Toxapex|move: Protect
|
|-damage|p1a: Onaga|0 fnt|[from] psn
|faint|p1a: Onaga
|upkeep
|
|t:|1779859221
|switch|p1a: Proto Man|Zamazenta, shiny|100/100
|-ability|p1a: Proto Man|Dauntless Shield|boost
|-boost|p1a: Proto Man|def|1
|turn|9
|
|t:|1779859230
|move|p2a: Toxapex|Baneful Bunker||[still]
|-fail|p2a: Toxapex
|move|p1a: Proto Man|Howl|p1a: Proto Man
|-boost|p1a: Proto Man|atk|1
|
|upkeep
|turn|10
|
|t:|1779859236
|move|p1a: Proto Man|Crunch|p2a: Toxapex
|-crit|p2a: Toxapex
|-damage|p2a: Toxapex|56/100
|-unboost|p2a: Toxapex|def|1
|-enditem|p2a: Toxapex|Air Balloon
|move|p2a: Toxapex|Hex|p1a: Proto Man
|-damage|p1a: Proto Man|92/100
|
|-heal|p1a: Proto Man|98/100|[from] item: Leftovers
|upkeep
|turn|11
|
|t:|1779859245
|move|p2a: Toxapex|Baneful Bunker|p2a: Toxapex
|-singleturn|p2a: Toxapex|move: Protect
|move|p1a: Proto Man|Crunch|p2a: Toxapex
|-activate|p2a: Toxapex|move: Protect
|-status|p1a: Proto Man|psn
|
|-heal|p1a: Proto Man|100/100 psn|[from] item: Leftovers
|-damage|p1a: Proto Man|88/100 psn|[from] psn
|upkeep
|turn|12
|
|t:|1779859254
|move|p1a: Proto Man|Crunch|p2a: Toxapex
|-damage|p2a: Toxapex|14/100
|move|p2a: Toxapex|Recover|p2a: Toxapex
|-heal|p2a: Toxapex|64/100
|
|-heal|p1a: Proto Man|94/100 psn|[from] item: Leftovers
|-damage|p1a: Proto Man|82/100 psn|[from] psn
|upkeep
|turn|13
|
|t:|1779859268
|move|p1a: Proto Man|Crunch|p2a: Toxapex
|-damage|p2a: Toxapex|16/100
|move|p2a: Toxapex|Chilling Water|p1a: Proto Man
|-damage|p1a: Proto Man|72/100 psn
|-unboost|p1a: Proto Man|atk|1
|
|-heal|p1a: Proto Man|79/100 psn|[from] item: Leftovers
|-damage|p1a: Proto Man|66/100 psn|[from] psn
|upkeep
|turn|14
|
|t:|1779859278
|switch|p2a: Great Tusk|Great Tusk|100/100
|-enditem|p2a: Great Tusk|Booster Energy
|-activate|p2a: Great Tusk|ability: Protosynthesis|[fromitem]
|-start|p2a: Great Tusk|protosynthesisatk
|move|p1a: Proto Man|Crunch|p2a: Great Tusk
|-resisted|p2a: Great Tusk
|-damage|p2a: Great Tusk|92/100
|-unboost|p2a: Great Tusk|def|1
|
|-heal|p1a: Proto Man|72/100 psn|[from] item: Leftovers
|-damage|p1a: Proto Man|60/100 psn|[from] psn
|upkeep
|turn|15
|
|t:|1779859292
|move|p1a: Proto Man|Howl|p1a: Proto Man
|-boost|p1a: Proto Man|atk|1
|move|p2a: Great Tusk|Bulk Up|p2a: Great Tusk
|-boost|p2a: Great Tusk|atk|1
|-boost|p2a: Great Tusk|def|1
|
|-heal|p1a: Proto Man|66/100 psn|[from] item: Leftovers
|-damage|p1a: Proto Man|54/100 psn|[from] psn
|upkeep
|turn|16
|
|t:|1779859305
|move|p1a: Proto Man|Brick Break|p2a: Great Tusk
|-damage|p2a: Great Tusk|57/100
|move|p2a: Great Tusk|Earthquake|p1a: Proto Man
|-crit|p1a: Proto Man
|-damage|p1a: Proto Man|0 fnt
|faint|p1a: Proto Man
|
|upkeep
|
|t:|1779859313
|switch|p1a: Coiny|Gholdengo, shiny|100/100
|-item|p1a: Coiny|Air Balloon
|turn|17
|
|t:|1779859320
|-end|p2a: Great Tusk|Protosynthesis|[silent]
|switch|p2a: Toxapex|Toxapex, M|49/100
|move|p1a: Coiny|Nasty Plot|p1a: Coiny
|-boost|p1a: Coiny|spa|2
|
|upkeep
|turn|18
|
|t:|1779859333
|move|p1a: Coiny|Shadow Ball|p2a: Toxapex
|-crit|p2a: Toxapex
|-damage|p2a: Toxapex|0 fnt
|faint|p2a: Toxapex
|
|upkeep
|
|t:|1779859336
|switch|p2a: Talonflame|Talonflame, F|100/100
|turn|19
|
|t:|1779859346
|move|p2a: Talonflame|Brave Bird|p1a: Coiny
|-resisted|p1a: Coiny
|-damage|p1a: Coiny|71/100
|-enditem|p1a: Coiny|Air Balloon
|-damage|p2a: Talonflame|90/100|[from] Recoil
|move|p1a: Coiny|Shadow Ball|p2a: Talonflame
|-damage|p2a: Talonflame|0 fnt
|faint|p2a: Talonflame
|
|upkeep
|
|t:|1779859354
|switch|p2a: Great Tusk|Great Tusk|57/100
|turn|20
|
|t:|1779859357
|move|p1a: Coiny|Dazzling Gleam|p2a: Great Tusk
|-supereffective|p2a: Great Tusk
|-damage|p2a: Great Tusk|0 fnt
|faint|p2a: Great Tusk
|-end|p2a: Great Tusk|Protosynthesis|[silent]
|
|upkeep
|
|t:|1779859360
|switch|p2a: Venusaur|Venusaur, M|100/100
|turn|21
|
|t:|1779859363
|-terastallize|p2a: Venusaur|Fairy
|move|p1a: Coiny|Flash Cannon|p2a: Venusaur
|-supereffective|p2a: Venusaur
|-damage|p2a: Venusaur|0 fnt
|faint|p2a: Venusaur
|
|win|XM307
|raw|XM307's rating: 1059 &rarr; <strong>1095</strong><br />(+36 for winning)
|raw|hypermonkey007's rating: 1114 &rarr; <strong>1085</strong><br />(-29 for losing)
|l|☆hypermonkey007
|player|p2|
|l|☆XM307
|player|p1|
