|j|☆shuay7
|j|☆claudechamp
|t:|1779850479
|gametype|singles
|player|p1|shuay7|101|1354
|player|p2|claudechamp|169|1285
|gen|9
|tier|[Gen 9] OU
|rated|
|rule|HP Percentage Mod: HP is shown in percentages
|rule|Endless Battle Clause: Forcing endless battles is banned
|rule|Species Clause: Limit one of each Pokémon
|rule|OHKO Clause: OHKO moves are banned
|rule|Evasion Items Clause: Evasion items are banned
|rule|Evasion Moves Clause: Evasion moves are banned
|rule|Evasion Abilities Clause: Evasion abilities are banned
|rule|Sleep Moves Clause: Sleep-inducing moves are banned
|clearpoke
|poke|p1|Hatterene, F|
|poke|p1|Cresselia, F|
|poke|p1|Ursaluna, M|
|poke|p1|Iron Hands|
|poke|p1|Hoopa-Unbound|
|poke|p1|Porygon2|
|poke|p2|Gliscor, F|
|poke|p2|Ogerpon, F|
|poke|p2|Walking Wake|
|poke|p2|Blissey, F|
|poke|p2|Corviknight, M|
|poke|p2|Pecharunt|
|teampreview
|c|☆claudechamp|hf
|inactive|Battle timer is ON: inactive players will automatically lose when time's up. (requested by claudechamp)
|inactive|shuay7 has 120 seconds left.
|
|t:|1779850534
|teamsize|p1|6
|teamsize|p2|6
|start
|switch|p1a: Iron Hands|Iron Hands|100/100
|switch|p2a: Gliscor|Gliscor, F|100/100
|-enditem|p1a: Iron Hands|Booster Energy
|-activate|p1a: Iron Hands|ability: Quark Drive|[fromitem]
|-start|p1a: Iron Hands|quarkdriveatk
|turn|1
|
|t:|1779850545
|switch|p2a: Pecharunt|Pecharunt|100/100
|move|p1a: Iron Hands|Ice Punch|p2a: Pecharunt
|-damage|p2a: Pecharunt|80/100
|-status|p2a: Pecharunt|frz
|
|upkeep
|turn|2
|
|t:|1779850561
|-end|p1a: Iron Hands|Quark Drive|[silent]
|switch|p1a: Hoopa|Hoopa-Unbound|100/100
|-curestatus|p2a: Pecharunt|frz|[msg]
|move|p2a: Pecharunt|Malignant Chain|p1a: Hoopa
|-damage|p1a: Hoopa|79/100
|
|upkeep
|turn|3
|
|t:|1779850565
|move|p2a: Pecharunt|Malignant Chain|p1a: Hoopa
|-damage|p1a: Hoopa|57/100
|move|p1a: Hoopa|Trick Room|p1a: Hoopa
|-fieldstart|move: Trick Room|[of] p1a: Hoopa
|
|upkeep
|turn|4
|
|t:|1779850577
|move|p1a: Hoopa|Hyperspace Fury|p2a: Pecharunt
|-supereffective|p2a: Pecharunt
|-damage|p2a: Pecharunt|34/100
|-unboost|p1a: Hoopa|def|1
|-enditem|p1a: Hoopa|Eject Pack
|
|t:|1779850595
|switch|p1a: Ursaluna|Ursaluna, M|100/100
|move|p2a: Pecharunt|Malignant Chain|p1a: Ursaluna
|-resisted|p1a: Ursaluna
|-damage|p1a: Ursaluna|87/100
|
|-status|p1a: Ursaluna|brn|[from] item: Flame Orb
|upkeep
|turn|5
|
|t:|1779850604
|move|p1a: Ursaluna|Swords Dance|p1a: Ursaluna
|-boost|p1a: Ursaluna|atk|2
|move|p2a: Pecharunt|Recover|p2a: Pecharunt
|-heal|p2a: Pecharunt|84/100
|
|-damage|p1a: Ursaluna|81/100 brn|[from] brn
|upkeep
|turn|6
|
|t:|1779850618
|move|p1a: Ursaluna|Headlong Rush|p2a: Pecharunt
|-supereffective|p2a: Pecharunt
|-crit|p2a: Pecharunt
|-damage|p2a: Pecharunt|0 fnt
|-unboost|p1a: Ursaluna|def|1
|-unboost|p1a: Ursaluna|spd|1
|faint|p2a: Pecharunt
|
|-damage|p1a: Ursaluna|75/100 brn|[from] brn
|upkeep
|
|t:|1779850622
|switch|p2a: Gliscor|Gliscor, F|100/100
|turn|7
|
|t:|1779850633
|switch|p1a: Cresselia|Cresselia, F|100/100
|move|p2a: Gliscor|Earthquake|p1a: Cresselia
|-immune|p1a: Cresselia|[from] ability: Levitate
|
|-fieldend|move: Trick Room
|-status|p2a: Gliscor|tox|[from] item: Toxic Orb
|upkeep
|turn|8
|
|t:|1779850636
|move|p2a: Gliscor|Spikes|p1a: Cresselia
|-sidestart|p1: shuay7|Spikes
|move|p1a: Cresselia|Trick Room|p1a: Cresselia
|-fieldstart|move: Trick Room|[of] p1a: Cresselia
|
|upkeep
|turn|9
|
|t:|1779850643
|move|p1a: Cresselia|Ice Beam|p2a: Gliscor
|-supereffective|p2a: Gliscor
|-damage|p2a: Gliscor|47/100 tox
|move|p2a: Gliscor|Spikes|p1a: Cresselia
|-sidestart|p1: shuay7|Spikes
|
|-heal|p2a: Gliscor|60/100 tox|[from] ability: Poison Heal
|upkeep
|turn|10
|
|t:|1779850662
|switch|p1a: Hoopa|Hoopa-Unbound|57/100
|-damage|p1a: Hoopa|41/100|[from] Spikes
|move|p2a: Gliscor|Protect||[still]
|-fail|p2a: Gliscor
|
|-heal|p2a: Gliscor|72/100 tox|[from] ability: Poison Heal
|upkeep
|turn|11
|
|t:|1779850668
|move|p1a: Hoopa|Psychic Noise|p2a: Gliscor
|-damage|p2a: Gliscor|34/100 tox
|-start|p2a: Gliscor|move: Heal Block
|-item|p1a: Hoopa|Toxic Orb|[from] ability: Magician|[of] p2a: Gliscor
|move|p2a: Gliscor|Spikes|p1a: Hoopa
|-sidestart|p1: shuay7|Spikes
|
|-status|p1a: Hoopa|tox|[from] item: Toxic Orb
|upkeep
|turn|12
|
|t:|1779850677
|switch|p2a: Corviknight|Corviknight, M|100/100
|-ability|p2a: Corviknight|Pressure
|move|p1a: Hoopa|Psychic Noise|p2a: Corviknight
|-resisted|p2a: Corviknight
|-damage|p2a: Corviknight|77/100
|-start|p2a: Corviknight|move: Heal Block
|
|-damage|p1a: Hoopa|35/100 tox|[from] psn
|-fieldend|move: Trick Room
|upkeep
|turn|13
|
|t:|1779850683
|move|p2a: Corviknight|U-turn|p1a: Hoopa
|-supereffective|p1a: Hoopa
|-damage|p1a: Hoopa|0 fnt
|faint|p1a: Hoopa
|
|t:|1779850691
|switch|p2a: Walking Wake|Walking Wake|100/100|[from] U-turn
|
|upkeep
|
|t:|1779850706
|switch|p1a: Hatterene|Hatterene, F|100/100
|-damage|p1a: Hatterene|76/100|[from] Spikes
|turn|14
|
|t:|1779850719
|move|p2a: Walking Wake|Surf|p1a: Hatterene
|-damage|p1a: Hatterene|29/100
|move|p1a: Hatterene|Trick Room|p1a: Hatterene
|-fieldstart|move: Trick Room|[of] p1a: Hatterene
|
|upkeep
|turn|15
|
|t:|1779850729
|move|p1a: Hatterene|Misty Explosion|p2a: Walking Wake
|-supereffective|p2a: Walking Wake
|-damage|p2a: Walking Wake|0 fnt
|faint|p1a: Hatterene
|faint|p2a: Walking Wake
|-end|p2a: Walking Wake|Protosynthesis|[silent]
|
|upkeep
|
|t:|1779850740
|switch|p1a: Iron Hands|Iron Hands|100/100
|switch|p2a: Gliscor|Gliscor, F|34/100 tox
|-damage|p1a: Iron Hands|75/100|[from] Spikes
|turn|16
|
|t:|1779850754
|-terastallize|p1a: Iron Hands|Flying
|move|p2a: Gliscor|Protect|p2a: Gliscor
|-singleturn|p2a: Gliscor|Protect
|move|p1a: Iron Hands|Swords Dance|p1a: Iron Hands
|-boost|p1a: Iron Hands|atk|2
|
|-heal|p2a: Gliscor|46/100 tox|[from] ability: Poison Heal
|upkeep
|turn|17
|
|t:|1779850766
|switch|p2a: Corviknight|Corviknight, M|77/100
|-ability|p2a: Corviknight|Pressure
|move|p1a: Iron Hands|Ice Punch|p2a: Corviknight
|-crit|p2a: Corviknight
|-damage|p2a: Corviknight|20/100
|
|upkeep
|turn|18
|
|t:|1779850777
|move|p1a: Iron Hands|Drain Punch|p2a: Corviknight
|-damage|p2a: Corviknight|0 fnt
|-heal|p1a: Iron Hands|83/100|[from] drain|[of] p2a: Corviknight
|faint|p2a: Corviknight
|
|-fieldend|move: Trick Room
|upkeep
|
|t:|1779850786
|switch|p2a: Gliscor|Gliscor, F|46/100 tox
|turn|19
|
|t:|1779850797
|switch|p2a: Ogerpon|Ogerpon, F|100/100
|move|p1a: Iron Hands|Ice Punch|p2a: Ogerpon
|-supereffective|p2a: Ogerpon
|-damage|p2a: Ogerpon|0 fnt
|faint|p2a: Ogerpon
|
|upkeep
|
|t:|1779850802
|switch|p2a: Gliscor|Gliscor, F|46/100 tox
|turn|20
|
|t:|1779850812
|switch|p2a: Blissey|Blissey, F|100/100
|move|p1a: Iron Hands|Swords Dance|p1a: Iron Hands
|-boost|p1a: Iron Hands|atk|2
|
|upkeep
|turn|21
|
|t:|1779850824
|move|p2a: Blissey|Seismic Toss|p1a: Iron Hands
|-damage|p1a: Iron Hands|63/100
|move|p1a: Iron Hands|Drain Punch|p2a: Blissey
|-supereffective|p2a: Blissey
|-damage|p2a: Blissey|0 fnt
|-heal|p1a: Iron Hands|100/100|[from] drain|[of] p2a: Blissey
|faint|p2a: Blissey
|
|upkeep
|
|t:|1779850837
|switch|p2a: Gliscor|Gliscor, F|46/100 tox
|turn|22
|
|t:|1779850846
|move|p2a: Gliscor|Protect|p2a: Gliscor
|-singleturn|p2a: Gliscor|Protect
|move|p1a: Iron Hands|Swords Dance|p1a: Iron Hands
|-boost|p1a: Iron Hands|atk|2
|
|-heal|p2a: Gliscor|59/100 tox|[from] ability: Poison Heal
|upkeep
|turn|23
|
|t:|1779850859
|-terastallize|p2a: Gliscor|Ghost
|move|p2a: Gliscor|Protect|p2a: Gliscor
|-singleturn|p2a: Gliscor|Protect
|move|p1a: Iron Hands|Ice Punch|p2a: Gliscor
|-activate|p2a: Gliscor|move: Protect
|
|-heal|p2a: Gliscor|71/100 tox|[from] ability: Poison Heal
|upkeep
|turn|24
|
|t:|1779850873
|move|p2a: Gliscor|Toxic|p1a: Iron Hands|[miss]
|-miss|p2a: Gliscor|p1a: Iron Hands
|move|p1a: Iron Hands|Thunder Punch|p2a: Gliscor
|-damage|p2a: Gliscor|0 fnt
|faint|p2a: Gliscor
|
|win|shuay7
|raw|shuay7's rating: 1354 &rarr; <strong>1370</strong><br />(+16 for winning)
|raw|claudechamp's rating: 1285 &rarr; <strong>1265</strong><br />(-20 for losing)
|c|☆claudechamp|gg
|l|☆shuay7
|player|p1|
