|j|☆alalu
|j|☆PikachuRTM
|t:|1779901446
|gametype|singles
|player|p1|alalu|2|1430
|player|p2|PikachuRTM|ltsurge|1428
|gen|9
|tier|[Gen 9] OU
|rated|
|rule|HP Percentage Mod: HP is shown in percentages
|rule|Endless Battle Clause: Forcing endless battles is banned
|rule|Species Clause: Limit one of each Pokémon
|rule|OHKO Clause: OHKO moves are banned
|rule|Evasion Items Clause: Evasion items are banned
|rule|Evasion Moves Clause: Evasion moves are banned
|rule|Evasion Abilities Clause: Evasion abilities are banned
|rule|Sleep Moves Clause: Sleep-inducing moves are banned
|clearpoke
|poke|p1|Quaquaval, F|
|poke|p1|Ting-Lu|
|poke|p1|Scizor, M|
|poke|p1|Raging Bolt|
|poke|p1|Weezing-Galar, M|
|poke|p1|Armarouge, F|
|poke|p2|Pikachu, M|
|poke|p2|Dragapult, M|
|poke|p2|Deoxys-Speed|
|poke|p2|Iron Treads|
|poke|p2|Samurott-Hisui, M|
|poke|p2|Gliscor, M|
|teampreview
|inactive|Battle timer is ON: inactive players will automatically lose when time's up. (requested by PikachuRTM)
|inactive|PikachuRTM has 120 seconds left.
|l|☆alalu
|inactive|alalu disconnected and has a minute to reconnect!
|player|p1|
|inactive|alalu has 30 seconds to reconnect!
|j|☆alalu
|inactive|alalu reconnected and has 90 seconds left.
|player|p1|alalu|2|
|
|t:|1779901528
|teamsize|p1|6
|teamsize|p2|6
|start
|switch|p1a: Scizor|Scizor, M, shiny|100/100
|switch|p2a: Liftoff|Dragapult, M, shiny|100/100
|turn|1
|
|t:|1779901532
|switch|p1a: Ting-Lu|Ting-Lu, shiny|100/100
|-ability|p1a: Ting-Lu|Vessel of Ruin
|move|p2a: Liftoff|Will-O-Wisp|p1a: Ting-Lu
|-status|p1a: Ting-Lu|brn
|
|-damage|p1a: Ting-Lu|94/100 brn|[from] brn
|upkeep
|turn|2
|
|t:|1779901536
|move|p2a: Liftoff|U-turn|p1a: Ting-Lu
|-supereffective|p1a: Ting-Lu
|-damage|p1a: Ting-Lu|73/100 brn
|
|t:|1779901541
|switch|p2a: Sam|Samurott-Hisui, M|100/100|[from] U-turn
|move|p1a: Ting-Lu|Stealth Rock|p2a: Sam
|-sidestart|p2: PikachuRTM|move: Stealth Rock
|
|-heal|p1a: Ting-Lu|79/100 brn|[from] item: Leftovers
|-damage|p1a: Ting-Lu|73/100 brn|[from] brn
|upkeep
|turn|3
|
|t:|1779901550
|switch|p1a: Weezing|Weezing-Galar, M, shiny|100/100
|move|p2a: Sam|Knock Off|p1a: Weezing
|-resisted|p1a: Weezing
|-damage|p1a: Weezing|86/100
|-enditem|p1a: Weezing|Leftovers|[from] move: Knock Off|[of] p2a: Sam
|
|upkeep
|turn|4
|inactive|alalu has 120 seconds left.
|l|☆alalu
|inactive|alalu disconnected and has a minute to reconnect!
|player|p1|
|j|☆alalu
|inactive|alalu reconnected and has 110 seconds left.
|player|p1|alalu|2|
|
|t:|1779901595
|switch|p2a: IShowSpeed|Deoxys-Speed|100/100
|-damage|p2a: IShowSpeed|88/100|[from] Stealth Rock
|-ability|p2a: IShowSpeed|Pressure
|move|p1a: Weezing|Toxic|p2a: IShowSpeed
|-status|p2a: IShowSpeed|tox
|
|-damage|p2a: IShowSpeed|82/100 tox|[from] psn
|upkeep
|turn|5
|
|t:|1779901609
|switch|p1a: Ting-Lu|Ting-Lu, shiny|73/100 brn
|-ability|p1a: Ting-Lu|Vessel of Ruin
|move|p2a: IShowSpeed|Psycho Boost|p1a: Ting-Lu
|-immune|p1a: Ting-Lu
|
|-heal|p1a: Ting-Lu|79/100 brn|[from] item: Leftovers
|-damage|p2a: IShowSpeed|69/100 tox|[from] psn
|-damage|p1a: Ting-Lu|73/100 brn|[from] brn
|upkeep
|turn|6
|
|t:|1779901614
|move|p2a: IShowSpeed|Superpower|p1a: Ting-Lu
|-supereffective|p1a: Ting-Lu
|-crit|p1a: Ting-Lu
|-damage|p1a: Ting-Lu|23/100 brn
|-unboost|p2a: IShowSpeed|atk|1
|-unboost|p2a: IShowSpeed|def|1
|-enditem|p2a: IShowSpeed|Eject Pack
|
|t:|1779901617
|switch|p2a: Dönphan|Iron Treads|100/100
|-damage|p2a: Dönphan|97/100|[from] Stealth Rock
|move|p1a: Ting-Lu|Spikes|p2a: Dönphan
|-sidestart|p2: PikachuRTM|Spikes
|
|-heal|p2a: Dönphan|100/100|[from] item: Leftovers
|-heal|p1a: Ting-Lu|29/100 brn|[from] item: Leftovers
|-damage|p1a: Ting-Lu|23/100 brn|[from] brn
|upkeep
|turn|7
|
|t:|1779901620
|-terastallize|p1a: Ting-Lu|Ghost
|move|p2a: Dönphan|Rapid Spin|p1a: Ting-Lu
|-immune|p1a: Ting-Lu
|move|p1a: Ting-Lu|Whirlwind|p2a: Dönphan
|-end|p2a: Dönphan|Quark Drive|[silent]
|drag|p2a: Derrick|Pikachu, M|100/100
|-damage|p2a: Derrick|88/100|[from] Stealth Rock
|-damage|p2a: Derrick|76/100|[from] Spikes
|
|-heal|p1a: Ting-Lu|29/100 brn|[from] item: Leftovers
|-damage|p1a: Ting-Lu|23/100 brn|[from] brn
|upkeep
|turn|8
|
|t:|1779901628
|switch|p1a: Ragie|Raging Bolt|100/100
|-enditem|p1a: Ragie|Booster Energy
|-activate|p1a: Ragie|ability: Protosynthesis|[fromitem]
|-start|p1a: Ragie|protosynthesisspa
|move|p2a: Derrick|Thunderbolt|p1a: Ragie
|-resisted|p1a: Ragie
|-damage|p1a: Ragie|88/100
|
|upkeep
|turn|9
|
|t:|1779901635
|-terastallize|p2a: Derrick|Fairy
|move|p2a: Derrick|Alluring Voice|p1a: Ragie
|-supereffective|p1a: Ragie
|-damage|p1a: Ragie|9/100
|move|p1a: Ragie|Draco Meteor|p2a: Derrick
|-immune|p2a: Derrick
|
|upkeep
|turn|10
|
|t:|1779901644
|-end|p1a: Ragie|Protosynthesis|[silent]
|switch|p1a: Scizor|Scizor, M, shiny|100/100
|move|p2a: Derrick|Thunderbolt|p1a: Scizor
|-damage|p1a: Scizor|35/100
|
|upkeep
|turn|11
|
|t:|1779901649
|switch|p2a: Dönphan|Iron Treads|100/100
|-damage|p2a: Dönphan|97/100|[from] Stealth Rock
|-damage|p2a: Dönphan|85/100|[from] Spikes
|move|p1a: Scizor|Bullet Punch|p2a: Dönphan
|-resisted|p2a: Dönphan
|-damage|p2a: Dönphan|68/100
|
|-heal|p2a: Dönphan|74/100|[from] item: Leftovers
|upkeep
|turn|12
|
|t:|1779901653
|switch|p1a: Ting-Lu|Ting-Lu, shiny, tera:Ghost|23/100 brn
|-ability|p1a: Ting-Lu|Vessel of Ruin
|move|p2a: Dönphan|Stealth Rock|p1a: Ting-Lu
|-sidestart|p1: alalu|move: Stealth Rock
|
|-heal|p2a: Dönphan|80/100|[from] item: Leftovers
|-heal|p1a: Ting-Lu|29/100 brn|[from] item: Leftovers
|-damage|p1a: Ting-Lu|23/100 brn|[from] brn
|upkeep
|turn|13
|
|t:|1779901658
|move|p2a: Dönphan|Knock Off|p1a: Ting-Lu
|-supereffective|p1a: Ting-Lu
|-damage|p1a: Ting-Lu|0 fnt
|-enditem|p1a: Ting-Lu|Leftovers|[from] move: Knock Off|[of] p2a: Dönphan
|faint|p1a: Ting-Lu
|
|-heal|p2a: Dönphan|86/100|[from] item: Leftovers
|upkeep
|
|t:|1779901660
|switch|p1a: Quaquaval|Quaquaval, F, shiny|100/100
|turn|14
|
|t:|1779901666
|-end|p2a: Dönphan|Quark Drive|[silent]
|switch|p2a: Liftoff|Dragapult, M, shiny|100/100
|move|p1a: Quaquaval|Aqua Step|p2a: Liftoff
|-resisted|p2a: Liftoff
|-damage|p2a: Liftoff|71/100
|-boost|p1a: Quaquaval|spe|1
|
|upkeep
|turn|15
|
|t:|1779901669
|move|p2a: Liftoff|Will-O-Wisp|p1a: Quaquaval
|-status|p1a: Quaquaval|brn
|move|p1a: Quaquaval|Ice Spinner|p2a: Liftoff
|-supereffective|p2a: Liftoff
|-damage|p2a: Liftoff|30/100
|
|-damage|p1a: Quaquaval|94/100 brn|[from] brn
|upkeep
|turn|16
|
|t:|1779901677
|move|p2a: Liftoff|Hex|p1a: Quaquaval
|-damage|p1a: Quaquaval|20/100 brn
|move|p1a: Quaquaval|Aqua Step|p2a: Liftoff
|-resisted|p2a: Liftoff
|-damage|p2a: Liftoff|17/100
|-boost|p1a: Quaquaval|spe|1
|
|-damage|p1a: Quaquaval|13/100 brn|[from] brn
|upkeep
|turn|17
|
|t:|1779901682
|move|p1a: Quaquaval|Ice Spinner|p2a: Liftoff
|-supereffective|p2a: Liftoff
|-damage|p2a: Liftoff|0 fnt
|faint|p2a: Liftoff
|-ability|p1a: Quaquaval|Moxie|boost
|-boost|p1a: Quaquaval|atk|1
|
|-damage|p1a: Quaquaval|7/100 brn|[from] brn
|upkeep
|
|t:|1779901686
|switch|p2a: Sam|Samurott-Hisui, M|100/100
|-damage|p2a: Sam|88/100|[from] Stealth Rock
|-damage|p2a: Sam|76/100|[from] Spikes
|turn|18
|
|t:|1779901692
|switch|p1a: Weezing|Weezing-Galar, M, shiny|86/100
|-damage|p1a: Weezing|74/100|[from] Stealth Rock
|move|p2a: Sam|Sucker Punch||[still]
|-fail|p2a: Sam
|
|upkeep
|turn|19
|
|t:|1779901698
|move|p2a: Sam|Razor Shell|p1a: Weezing
|-damage|p1a: Weezing|43/100
|-unboost|p1a: Weezing|def|1
|move|p1a: Weezing|Strange Steam|p2a: Sam
|-supereffective|p2a: Sam
|-damage|p2a: Sam|37/100
|
|upkeep
|turn|20
|
|t:|1779901704
|move|p2a: Sam|Razor Shell|p1a: Weezing
|-damage|p1a: Weezing|0 fnt
|faint|p1a: Weezing
|
|upkeep
|
|t:|1779901721
|switch|p1a: Scizor|Scizor, M, shiny|35/100
|-damage|p1a: Scizor|22/100|[from] Stealth Rock
|turn|21
|
|t:|1779901723
|move|p2a: Sam|Sucker Punch|p1a: Scizor
|-damage|p1a: Scizor|0 fnt
|faint|p1a: Scizor
|
|upkeep
|
|t:|1779901725
|switch|p1a: Armarouge|Armarouge, F, shiny|100/100
|-damage|p1a: Armarouge|76/100|[from] Stealth Rock
|-item|p1a: Armarouge|Air Balloon
|turn|22
|
|t:|1779901728
|move|p1a: Armarouge|Calm Mind|p1a: Armarouge
|-boost|p1a: Armarouge|spa|1
|-boost|p1a: Armarouge|spd|1
|move|p2a: Sam|Ceaseless Edge|p1a: Armarouge
|-supereffective|p1a: Armarouge
|-damage|p1a: Armarouge|0 fnt
|-enditem|p1a: Armarouge|Air Balloon
|-sidestart|p1: alalu|Spikes
|faint|p1a: Armarouge
|
|upkeep
|-message|alalu forfeited.
|
|win|PikachuRTM
|raw|alalu's rating: 1430 &rarr; <strong>1410</strong><br />(-20 for losing)
|raw|PikachuRTM's rating: 1428 &rarr; <strong>1448</strong><br />(+20 for winning)
|l|☆alalu
|player|p1|
|l|☆PikachuRTM
|player|p2|
