|j|☆stone douchebag
|j|☆Twisted Divinity
|t:|1779940619
|gametype|singles
|player|p1|stone douchebag|265|1390
|player|p2|Twisted Divinity|acerola-masters|1447
|gen|9
|tier|[Gen 9] OU
|rated|
|rule|HP Percentage Mod: HP is shown in percentages
|rule|Endless Battle Clause: Forcing endless battles is banned
|rule|Species Clause: Limit one of each Pokémon
|rule|OHKO Clause: OHKO moves are banned
|rule|Evasion Items Clause: Evasion items are banned
|rule|Evasion Moves Clause: Evasion moves are banned
|rule|Evasion Abilities Clause: Evasion abilities are banned
|rule|Sleep Moves Clause: Sleep-inducing moves are banned
|clearpoke
|poke|p1|Dondozo, M|
|poke|p1|Skarmory, M|
|poke|p1|Vileplume, F|
|poke|p1|Gliscor, M|
|poke|p1|Blissey, F|
|poke|p1|Clefable, F|
|poke|p2|Wo-Chien|
|poke|p2|Torkoal, M|
|poke|p2|Cinderace, M|
|poke|p2|Great Tusk|
|poke|p2|Walking Wake|
|poke|p2|Clefable, F|
|teampreview
|inactive|Battle timer is ON: inactive players will automatically lose when time's up. (requested by Twisted Divinity)
|
|t:|1779940638
|teamsize|p1|6
|teamsize|p2|6
|start
|switch|p1a: Blissey?|Clefable, F|100/100
|switch|p2a: The Sun Is So Loud|Torkoal, M|100/100
|-weather|SunnyDay|[from] ability: Drought|[of] p2a: The Sun Is So Loud
|turn|1
|inactive|stone douchebag has 120 seconds left.
|
|t:|1779940672
|move|p1a: Blissey?|Stealth Rock|p2a: The Sun Is So Loud
|-sidestart|p2: Twisted Divinity|move: Stealth Rock
|move|p2a: The Sun Is So Loud|Overheat|p1a: Blissey?
|-damage|p1a: Blissey?|57/100
|-unboost|p2a: The Sun Is So Loud|spa|2
|
|-weather|SunnyDay|[upkeep]
|-heal|p1a: Blissey?|63/100|[from] item: Leftovers
|upkeep
|turn|2
|
|t:|1779940679
|move|p1a: Blissey?|Knock Off|p2a: The Sun Is So Loud
|-crit|p2a: The Sun Is So Loud
|-damage|p2a: The Sun Is So Loud|85/100
|-enditem|p2a: The Sun Is So Loud|Heat Rock|[from] move: Knock Off|[of] p1a: Blissey?
|move|p2a: The Sun Is So Loud|Rapid Spin|p1a: Blissey?
|-damage|p1a: Blissey?|51/100
|-boost|p2a: The Sun Is So Loud|spe|1
|-sideend|p2: Twisted Divinity|Stealth Rock|[from] move: Rapid Spin|[of] p2a: The Sun Is So Loud
|
|-weather|SunnyDay|[upkeep]
|-heal|p1a: Blissey?|57/100|[from] item: Leftovers
|upkeep
|turn|3
|inactive|stone douchebag has 120 seconds left.
|
|t:|1779940717
|move|p1a: Blissey?|Moonlight|p1a: Blissey?
|-heal|p1a: Blissey?|100/100
|move|p2a: The Sun Is So Loud|Overheat|p1a: Blissey?
|-damage|p1a: Blissey?|78/100
|-unboost|p2a: The Sun Is So Loud|spa|2
|
|-weather|SunnyDay|[upkeep]
|-heal|p1a: Blissey?|84/100|[from] item: Leftovers
|upkeep
|turn|4
|
|t:|1779940727
|switch|p2a: MAXIMUM OUTPUT|Walking Wake|100/100
|-activate|p2a: MAXIMUM OUTPUT|ability: Protosynthesis
|-start|p2a: MAXIMUM OUTPUT|protosynthesisspe
|move|p1a: Blissey?|Stealth Rock|p2a: MAXIMUM OUTPUT
|-sidestart|p2: Twisted Divinity|move: Stealth Rock
|
|-weather|SunnyDay|[upkeep]
|-heal|p1a: Blissey?|90/100|[from] item: Leftovers
|upkeep
|turn|5
|
|t:|1779940732
|switch|p1a: Clefable?|Blissey, F|100/100
|move|p2a: MAXIMUM OUTPUT|Flamethrower|p1a: Clefable?
|-crit|p1a: Clefable?
|-damage|p1a: Clefable?|68/100
|
|-weather|SunnyDay|[upkeep]
|upkeep
|turn|6
|
|t:|1779940735
|-end|p2a: MAXIMUM OUTPUT|Protosynthesis|[silent]
|switch|p2a: Great Tuskarus|Great Tusk, shiny|100/100
|-damage|p2a: Great Tuskarus|98/100|[from] Stealth Rock
|-activate|p2a: Great Tuskarus|ability: Protosynthesis
|-start|p2a: Great Tuskarus|protosynthesisspe
|move|p1a: Clefable?|Calm Mind|p1a: Clefable?
|-boost|p1a: Clefable?|spa|1
|-boost|p1a: Clefable?|spd|1
|
|-weather|SunnyDay|[upkeep]
|upkeep
|turn|7
|
|t:|1779940752
|switch|p1a: Corviknight?|Skarmory, M|100/100
|move|p2a: Great Tuskarus|Rapid Spin|p1a: Corviknight?
|-resisted|p1a: Corviknight?
|-crit|p1a: Corviknight?
|-damage|p1a: Corviknight?|94/100
|-boost|p2a: Great Tuskarus|spe|1
|-damage|p2a: Great Tuskarus|81/100|[from] item: Rocky Helmet|[of] p1a: Corviknight?
|-sideend|p2: Twisted Divinity|Stealth Rock|[from] move: Rapid Spin|[of] p2a: Great Tuskarus
|
|-weather|SunnyDay|[upkeep]
|upkeep
|turn|8
|
|t:|1779940762
|move|p2a: Great Tuskarus|Stealth Rock|p1a: Corviknight?
|-sidestart|p1: stone douchebag|move: Stealth Rock
|move|p1a: Corviknight?|Spikes|p2a: Great Tuskarus
|-sidestart|p2: Twisted Divinity|Spikes
|
|-weather|none
|-end|p2a: Great Tuskarus|Protosynthesis
|upkeep
|turn|9
|
|t:|1779940773
|-end|p2a: Great Tuskarus|Protosynthesis|[silent]
|switch|p2a: Chuck Norris Kick|Cinderace, M|100/100
|-item|p2a: Chuck Norris Kick|Air Balloon
|move|p1a: Corviknight?|Spikes|p2a: Chuck Norris Kick
|-sidestart|p2: Twisted Divinity|Spikes
|
|upkeep
|turn|10
|
|t:|1779940778
|switch|p1a: Landorus-Therian?|Gliscor, M|100/100
|-damage|p1a: Landorus-Therian?|88/100|[from] Stealth Rock
|move|p2a: Chuck Norris Kick|Pyro Ball|p1a: Landorus-Therian?
|-damage|p1a: Landorus-Therian?|54/100
|
|-status|p1a: Landorus-Therian?|tox|[from] item: Toxic Orb
|upkeep
|turn|11
|
|t:|1779940781
|move|p1a: Landorus-Therian?|Protect|p1a: Landorus-Therian?
|-singleturn|p1a: Landorus-Therian?|Protect
|move|p2a: Chuck Norris Kick|Swords Dance|p2a: Chuck Norris Kick
|-boost|p2a: Chuck Norris Kick|atk|2
|
|-heal|p1a: Landorus-Therian?|66/100 tox|[from] ability: Poison Heal
|upkeep
|turn|12
|
|t:|1779940785
|switch|p1a: Quagsire?|Dondozo, M|100/100
|move|p2a: Chuck Norris Kick|Low Kick|p1a: Quagsire?
|-damage|p1a: Quagsire?|84/100
|
|upkeep
|turn|13
|
|t:|1779940789
|switch|p2a: The Sun Is So Loud|Torkoal, M|85/100
|-damage|p2a: The Sun Is So Loud|68/100|[from] Spikes
|-weather|SunnyDay|[from] ability: Drought|[of] p2a: The Sun Is So Loud
|move|p1a: Quagsire?|Avalanche|p2a: The Sun Is So Loud
|-resisted|p2a: The Sun Is So Loud
|-damage|p2a: The Sun Is So Loud|63/100
|
|-weather|SunnyDay|[upkeep]
|upkeep
|turn|14
|inactive|stone douchebag has 120 seconds left.
|
|t:|1779940840
|switch|p1a: Blissey?|Clefable, F|90/100
|move|p2a: The Sun Is So Loud|Rapid Spin|p1a: Blissey?
|-damage|p1a: Blissey?|77/100
|-boost|p2a: The Sun Is So Loud|spe|1
|-sideend|p2: Twisted Divinity|Spikes|[from] move: Rapid Spin|[of] p2a: The Sun Is So Loud
|
|-weather|SunnyDay|[upkeep]
|-heal|p1a: Blissey?|83/100|[from] item: Leftovers
|upkeep
|turn|15
|
|t:|1779940845
|move|p1a: Blissey?|Moonlight|p1a: Blissey?
|-heal|p1a: Blissey?|100/100
|move|p2a: The Sun Is So Loud|Overheat|p1a: Blissey?
|-damage|p1a: Blissey?|54/100
|-unboost|p2a: The Sun Is So Loud|spa|2
|
|-weather|SunnyDay|[upkeep]
|-heal|p1a: Blissey?|60/100|[from] item: Leftovers
|upkeep
|turn|16
|
|t:|1779940849
|switch|p2a: Chuck Norris Kick|Cinderace, M|100/100
|-item|p2a: Chuck Norris Kick|Air Balloon
|move|p1a: Blissey?|Stealth Rock|p2a: Chuck Norris Kick
|-sidestart|p2: Twisted Divinity|move: Stealth Rock
|
|-weather|SunnyDay|[upkeep]
|-heal|p1a: Blissey?|66/100|[from] item: Leftovers
|upkeep
|turn|17
|
|t:|1779940853
|switch|p1a: Quagsire?|Dondozo, M|84/100
|move|p2a: Chuck Norris Kick|Pyro Ball|p1a: Quagsire?
|-resisted|p1a: Quagsire?
|-damage|p1a: Quagsire?|63/100
|
|-weather|none
|upkeep
|turn|18
|
|t:|1779940858
|switch|p2a: Great Tuskarus|Great Tusk, shiny|81/100
|-damage|p2a: Great Tuskarus|78/100|[from] Stealth Rock
|move|p1a: Quagsire?|Avalanche|p2a: Great Tuskarus
|-supereffective|p2a: Great Tuskarus
|-damage|p2a: Great Tuskarus|60/100
|-damage|p1a: Quagsire?|46/100|[from] item: Rocky Helmet|[of] p2a: Great Tuskarus
|
|upkeep
|turn|19
|
|t:|1779940864
|switch|p1a: Corviknight?|Skarmory, M|94/100
|-damage|p1a: Corviknight?|81/100|[from] Stealth Rock
|move|p2a: Great Tuskarus|Rapid Spin|p1a: Corviknight?
|-resisted|p1a: Corviknight?
|-damage|p1a: Corviknight?|77/100
|-boost|p2a: Great Tuskarus|spe|1
|-damage|p2a: Great Tuskarus|43/100|[from] item: Rocky Helmet|[of] p1a: Corviknight?
|-sideend|p2: Twisted Divinity|Stealth Rock|[from] move: Rapid Spin|[of] p2a: Great Tuskarus
|
|upkeep
|turn|20
|
|t:|1779940869
|-end|p2a: Great Tuskarus|Protosynthesis|[silent]
|switch|p2a: Chuck Norris Kick|Cinderace, M|100/100
|-item|p2a: Chuck Norris Kick|Air Balloon
|move|p1a: Corviknight?|Spikes|p2a: Chuck Norris Kick
|-sidestart|p2: Twisted Divinity|Spikes
|
|upkeep
|turn|21
|
|t:|1779940873
|switch|p1a: Quagsire?|Dondozo, M|46/100
|move|p2a: Chuck Norris Kick|Low Kick|p1a: Quagsire?
|-damage|p1a: Quagsire?|28/100
|
|upkeep
|turn|22
|
|t:|1779940877
|switch|p2a: Wo Chienuenly|Wo-Chien|100/100
|-damage|p2a: Wo Chienuenly|88/100|[from] Spikes
|-ability|p2a: Wo Chienuenly|Tablets of Ruin
|move|p1a: Quagsire?|Rest|p1a: Quagsire?
|-status|p1a: Quagsire?|slp|[from] move: Rest
|-heal|p1a: Quagsire?|100/100 slp|[silent]
|
|upkeep
|turn|23
|
|t:|1779940892
|switch|p1a: Amoongus?|Vileplume, F|100/100
|move|p2a: Wo Chienuenly|Knock Off|p1a: Amoongus?
|-damage|p1a: Amoongus?|67/100
|-enditem|p1a: Amoongus?|Heavy-Duty Boots|[from] move: Knock Off|[of] p2a: Wo Chienuenly
|-damage|p2a: Wo Chienuenly|78/100|[from] item: Life Orb
|
|upkeep
|turn|24
|
|t:|1779940898
|switch|p2a: The Sun Is So Loud|Torkoal, M|63/100
|-damage|p2a: The Sun Is So Loud|51/100|[from] Spikes
|-weather|SunnyDay|[from] ability: Drought|[of] p2a: The Sun Is So Loud
|move|p1a: Amoongus?|Toxic|p2a: The Sun Is So Loud
|-status|p2a: The Sun Is So Loud|tox
|
|-weather|SunnyDay|[upkeep]
|-damage|p2a: The Sun Is So Loud|45/100 tox|[from] psn
|upkeep
|turn|25
|
|t:|1779940927
|switch|p1a: Blissey?|Clefable, F|66/100
|move|p2a: The Sun Is So Loud|Rapid Spin|p1a: Blissey?
|-damage|p1a: Blissey?|53/100
|-boost|p2a: The Sun Is So Loud|spe|1
|-sideend|p2: Twisted Divinity|Spikes|[from] move: Rapid Spin|[of] p2a: The Sun Is So Loud
|
|-weather|SunnyDay|[upkeep]
|-heal|p1a: Blissey?|59/100|[from] item: Leftovers
|-damage|p2a: The Sun Is So Loud|32/100 tox|[from] psn
|upkeep
|turn|26
|
|t:|1779940933
|switch|p2a: MAXIMUM OUTPUT|Walking Wake|100/100
|-activate|p2a: MAXIMUM OUTPUT|ability: Protosynthesis
|-start|p2a: MAXIMUM OUTPUT|protosynthesisspe
|move|p1a: Blissey?|Moonlight|p1a: Blissey?
|-heal|p1a: Blissey?|100/100
|
|-weather|SunnyDay|[upkeep]
|upkeep
|turn|27
|
|t:|1779940940
|move|p2a: MAXIMUM OUTPUT|Hydro Steam|p1a: Blissey?
|-damage|p1a: Blissey?|27/100
|move|p1a: Blissey?|Moonblast|p2a: MAXIMUM OUTPUT
|-supereffective|p2a: MAXIMUM OUTPUT
|-damage|p2a: MAXIMUM OUTPUT|33/100
|
|-weather|SunnyDay|[upkeep]
|-heal|p1a: Blissey?|33/100|[from] item: Leftovers
|upkeep
|turn|28
|
|t:|1779940944
|switch|p1a: Amoongus?|Vileplume, F|67/100
|-damage|p1a: Amoongus?|55/100|[from] Stealth Rock
|move|p2a: MAXIMUM OUTPUT|Hydro Steam|p1a: Amoongus?
|-resisted|p1a: Amoongus?
|-damage|p1a: Amoongus?|7/100
|
|-weather|none
|-end|p2a: MAXIMUM OUTPUT|Protosynthesis
|upkeep
|turn|29
|
|t:|1779940949
|move|p2a: MAXIMUM OUTPUT|Hydro Steam|p1a: Amoongus?
|-resisted|p1a: Amoongus?
|-damage|p1a: Amoongus?|0 fnt
|faint|p1a: Amoongus?
|
|upkeep
|
|t:|1779940951
|switch|p1a: Clefable?|Blissey, F|68/100
|turn|30
|
|t:|1779940958
|-end|p2a: MAXIMUM OUTPUT|Protosynthesis|[silent]
|switch|p2a: Chuck Norris Kick|Cinderace, M|100/100
|-item|p2a: Chuck Norris Kick|Air Balloon
|move|p1a: Clefable?|Ice Beam|p2a: Chuck Norris Kick
|-resisted|p2a: Chuck Norris Kick
|-damage|p2a: Chuck Norris Kick|87/100
|-enditem|p2a: Chuck Norris Kick|Air Balloon
|
|upkeep
|turn|31
|
|t:|1779940964
|switch|p2a: Wo Chienuenly|Wo-Chien|78/100
|-ability|p2a: Wo Chienuenly|Tablets of Ruin
|switch|p1a: Landorus-Therian?|Gliscor, M|66/100 tox
|-damage|p1a: Landorus-Therian?|54/100 tox|[from] Stealth Rock
|
|-heal|p1a: Landorus-Therian?|66/100 tox|[from] ability: Poison Heal
|upkeep
|turn|32
|
|t:|1779940969
|move|p2a: Wo Chienuenly|Giga Drain|p1a: Landorus-Therian?
|-damage|p1a: Landorus-Therian?|23/100 tox
|-heal|p2a: Wo Chienuenly|100/100|[from] drain|[of] p1a: Landorus-Therian?
|-damage|p2a: Wo Chienuenly|91/100|[from] item: Life Orb
|move|p1a: Landorus-Therian?|Toxic|p2a: Wo Chienuenly
|-status|p2a: Wo Chienuenly|tox
|
|-damage|p2a: Wo Chienuenly|84/100 tox|[from] psn
|-heal|p1a: Landorus-Therian?|36/100 tox|[from] ability: Poison Heal
|upkeep
|turn|33
|
|t:|1779940972
|move|p1a: Landorus-Therian?|Protect|p1a: Landorus-Therian?
|-singleturn|p1a: Landorus-Therian?|Protect
|move|p2a: Wo Chienuenly|Trailblaze|p1a: Landorus-Therian?
|-activate|p1a: Landorus-Therian?|move: Protect
|
|-damage|p2a: Wo Chienuenly|72/100 tox|[from] psn
|-heal|p1a: Landorus-Therian?|48/100 tox|[from] ability: Poison Heal
|upkeep
|turn|34
|
|t:|1779940998
|switch|p1a: Corviknight?|Skarmory, M|77/100
|-damage|p1a: Corviknight?|65/100|[from] Stealth Rock
|move|p2a: Wo Chienuenly|Knock Off|p1a: Corviknight?
|-damage|p1a: Corviknight?|36/100
|-damage|p2a: Wo Chienuenly|56/100 tox|[from] item: Rocky Helmet|[of] p1a: Corviknight?
|-enditem|p1a: Corviknight?|Rocky Helmet|[from] move: Knock Off|[of] p2a: Wo Chienuenly
|-damage|p2a: Wo Chienuenly|46/100 tox|[from] item: Life Orb
|
|-damage|p2a: Wo Chienuenly|28/100 tox|[from] psn
|upkeep
|turn|35
|
|t:|1779941008
|switch|p2a: Chuck Norris Kick|Cinderace, M|87/100
|move|p1a: Corviknight?|Roost|p1a: Corviknight?
|-heal|p1a: Corviknight?|86/100
|-singleturn|p1a: Corviknight?|move: Roost
|
|upkeep
|turn|36
|inactive|stone douchebag has 120 seconds left.
|
|t:|1779941056
|switch|p1a: Quagsire?|Dondozo, M|100/100 slp
|move|p2a: Chuck Norris Kick|Pyro Ball|p1a: Quagsire?
|-resisted|p1a: Quagsire?
|-damage|p1a: Quagsire?|88/100 slp
|
|upkeep
|turn|37
|
|t:|1779941060
|switch|p2a: Wo Chienuenly|Wo-Chien|28/100 tox
|-ability|p2a: Wo Chienuenly|Tablets of Ruin
|cant|p1a: Quagsire?|slp
|move|p1a: Quagsire?|Sleep Talk|p1a: Quagsire?
|move|p1a: Quagsire?|Rest||[from] move: Sleep Talk|[still]
|-fail|p1a: Quagsire?
|
|-damage|p2a: Wo Chienuenly|21/100 tox|[from] psn
|upkeep
|turn|38
|
|t:|1779941063
|switch|p1a: Corviknight?|Skarmory, M|86/100
|-damage|p1a: Corviknight?|74/100|[from] Stealth Rock
|move|p2a: Wo Chienuenly|Giga Drain|p1a: Corviknight?
|-resisted|p1a: Corviknight?
|-damage|p1a: Corviknight?|61/100
|-heal|p2a: Wo Chienuenly|28/100 tox|[from] drain|[of] p1a: Corviknight?
|-damage|p2a: Wo Chienuenly|19/100 tox|[from] item: Life Orb
|
|-damage|p2a: Wo Chienuenly|6/100 tox|[from] psn
|upkeep
|turn|39
|
|t:|1779941068
|move|p2a: Wo Chienuenly|Knock Off|p1a: Corviknight?
|-damage|p1a: Corviknight?|43/100
|-damage|p2a: Wo Chienuenly|0 fnt|[from] item: Life Orb
|faint|p2a: Wo Chienuenly
|move|p1a: Corviknight?|Spikes|p2: Wo Chienuenly
|-sidestart|p2: Twisted Divinity|Spikes
|
|upkeep
|
|t:|1779941075
|switch|p2a: MAXIMUM OUTPUT|Walking Wake|33/100
|-damage|p2a: MAXIMUM OUTPUT|20/100|[from] Spikes
|turn|40
|
|t:|1779941088
|switch|p1a: Clefable?|Blissey, F|68/100
|move|p2a: MAXIMUM OUTPUT|Flip Turn|p1a: Clefable?
|-damage|p1a: Clefable?|50/100
|
|t:|1779941091
|-end|p2a: MAXIMUM OUTPUT|Protosynthesis|[silent]
|switch|p2a: Great Tuskarus|Great Tusk, shiny|43/100|[from] Flip Turn
|-damage|p2a: Great Tuskarus|31/100|[from] Spikes
|
|upkeep
|turn|41
|inactive|stone douchebag has 120 seconds left.
|
|t:|1779941126
|switch|p1a: Corviknight?|Skarmory, M|43/100
|-damage|p1a: Corviknight?|31/100|[from] Stealth Rock
|move|p2a: Great Tuskarus|Rapid Spin|p1a: Corviknight?
|-resisted|p1a: Corviknight?
|-damage|p1a: Corviknight?|27/100
|-boost|p2a: Great Tuskarus|spe|1
|-sideend|p2: Twisted Divinity|Spikes|[from] move: Rapid Spin|[of] p2a: Great Tuskarus
|
|upkeep
|turn|42
|
|t:|1779941144
|move|p2a: Great Tuskarus|Ice Spinner|p1a: Corviknight?
|-damage|p1a: Corviknight?|13/100
|move|p1a: Corviknight?|Roost|p1a: Corviknight?
|-heal|p1a: Corviknight?|63/100
|-singleturn|p1a: Corviknight?|move: Roost
|
|upkeep
|turn|43
|
|t:|1779941151
|-end|p2a: Great Tuskarus|Protosynthesis|[silent]
|switch|p2a: Chuck Norris Kick|Cinderace, M|87/100
|move|p1a: Corviknight?|Spikes|p2a: Chuck Norris Kick
|-sidestart|p2: Twisted Divinity|Spikes
|
|upkeep
|turn|44
|
|t:|1779941158
|switch|p2a: The Sun Is So Loud|Torkoal, M|32/100 tox
|-damage|p2a: The Sun Is So Loud|20/100 tox|[from] Spikes
|-weather|SunnyDay|[from] ability: Drought|[of] p2a: The Sun Is So Loud
|switch|p1a: Quagsire?|Dondozo, M|88/100 slp
|
|-weather|SunnyDay|[upkeep]
|-damage|p2a: The Sun Is So Loud|14/100 tox|[from] psn
|upkeep
|turn|45
|
|t:|1779941163
|switch|p1a: Clefable?|Blissey, F|50/100
|move|p2a: The Sun Is So Loud|Rapid Spin|p1a: Clefable?
|-damage|p1a: Clefable?|37/100
|-boost|p2a: The Sun Is So Loud|spe|1
|-sideend|p2: Twisted Divinity|Spikes|[from] move: Rapid Spin|[of] p2a: The Sun Is So Loud
|
|-weather|SunnyDay|[upkeep]
|-damage|p2a: The Sun Is So Loud|2/100 tox|[from] psn
|upkeep
|turn|46
|
|t:|1779941170
|switch|p2a: Chuck Norris Kick|Cinderace, M|87/100
|move|p1a: Clefable?|Soft-Boiled|p1a: Clefable?
|-heal|p1a: Clefable?|87/100
|
|-weather|SunnyDay|[upkeep]
|upkeep
|turn|47
|
|t:|1779941177
|switch|p2a: MAXIMUM OUTPUT|Walking Wake|20/100
|-activate|p2a: MAXIMUM OUTPUT|ability: Protosynthesis
|-start|p2a: MAXIMUM OUTPUT|protosynthesisspe
|switch|p1a: Quagsire?|Dondozo, M|88/100 slp
|
|-weather|SunnyDay|[upkeep]
|upkeep
|turn|48
|
|t:|1779941181
|move|p2a: MAXIMUM OUTPUT|Draco Meteor|p1a: Quagsire?
|-damage|p1a: Quagsire?|0 fnt
|-unboost|p2a: MAXIMUM OUTPUT|spa|2
|faint|p1a: Quagsire?
|
|-weather|none
|-end|p2a: MAXIMUM OUTPUT|Protosynthesis
|upkeep
|
|t:|1779941191
|switch|p1a: Blissey?|Clefable, F|33/100
|turn|49
|
|t:|1779941194
|-end|p2a: MAXIMUM OUTPUT|Protosynthesis|[silent]
|switch|p2a: Chuck Norris Kick|Cinderace, M|87/100
|move|p1a: Blissey?|Stealth Rock|p2a: Chuck Norris Kick
|-sidestart|p2: Twisted Divinity|move: Stealth Rock
|
|-heal|p1a: Blissey?|39/100|[from] item: Leftovers
|upkeep
|turn|50
|
|t:|1779941206
|move|p2a: Chuck Norris Kick|Swords Dance|p2a: Chuck Norris Kick
|-boost|p2a: Chuck Norris Kick|atk|2
|move|p1a: Blissey?|Moonlight|p1a: Blissey?
|-heal|p1a: Blissey?|89/100
|
|-heal|p1a: Blissey?|95/100|[from] item: Leftovers
|upkeep
|turn|51
|
|t:|1779941221
|move|p2a: Chuck Norris Kick|Pyro Ball|p1a: Blissey?
|-damage|p1a: Blissey?|0 fnt
|faint|p1a: Blissey?
|
|upkeep
|
|t:|1779941223
|switch|p1a: Landorus-Therian?|Gliscor, M|48/100 tox
|-damage|p1a: Landorus-Therian?|36/100 tox|[from] Stealth Rock
|turn|52
|
|t:|1779941225
|move|p1a: Landorus-Therian?|Protect|p1a: Landorus-Therian?
|-singleturn|p1a: Landorus-Therian?|Protect
|move|p2a: Chuck Norris Kick|Pyro Ball|p1a: Landorus-Therian?
|-activate|p1a: Landorus-Therian?|move: Protect
|
|-heal|p1a: Landorus-Therian?|48/100 tox|[from] ability: Poison Heal
|upkeep
|turn|53
|
|t:|1779941227
|-terastallize|p1a: Landorus-Therian?|Water
|move|p2a: Chuck Norris Kick|Pyro Ball|p1a: Landorus-Therian?
|-resisted|p1a: Landorus-Therian?
|-damage|p1a: Landorus-Therian?|10/100 tox
|move|p1a: Landorus-Therian?|Earthquake|p2a: Chuck Norris Kick
|-supereffective|p2a: Chuck Norris Kick
|-damage|p2a: Chuck Norris Kick|0 fnt
|faint|p2a: Chuck Norris Kick
|
|-heal|p1a: Landorus-Therian?|23/100 tox|[from] ability: Poison Heal
|upkeep
|
|t:|1779941232
|switch|p2a: Great Tuskarus|Great Tusk, shiny|31/100
|-damage|p2a: Great Tuskarus|28/100|[from] Stealth Rock
|turn|54
|
|t:|1779941251
|switch|p1a: Corviknight?|Skarmory, M|63/100
|-damage|p1a: Corviknight?|51/100|[from] Stealth Rock
|move|p2a: Great Tuskarus|Rapid Spin|p1a: Corviknight?
|-resisted|p1a: Corviknight?
|-crit|p1a: Corviknight?
|-damage|p1a: Corviknight?|44/100
|-boost|p2a: Great Tuskarus|spe|1
|-sideend|p2: Twisted Divinity|Stealth Rock|[from] move: Rapid Spin|[of] p2a: Great Tuskarus
|
|upkeep
|turn|55
|
|t:|1779941272
|-end|p2a: Great Tuskarus|Protosynthesis|[silent]
|switch|p2a: Here Ig|Clefable, F|100/100
|move|p1a: Corviknight?|Spikes|p2a: Here Ig
|-sidestart|p2: Twisted Divinity|Spikes
|
|upkeep
|turn|56
|
|t:|1779941283
|move|p1a: Corviknight?|Roost|p1a: Corviknight?
|-heal|p1a: Corviknight?|94/100
|-singleturn|p1a: Corviknight?|move: Roost
|move|p2a: Here Ig|Calm Mind|p2a: Here Ig
|-boost|p2a: Here Ig|spa|1
|-boost|p2a: Here Ig|spd|1
|
|upkeep
|turn|57
|
|t:|1779941287
|switch|p1a: Clefable?|Blissey, F|87/100
|move|p2a: Here Ig|Calm Mind|p2a: Here Ig
|-boost|p2a: Here Ig|spa|1
|-boost|p2a: Here Ig|spd|1
|
|upkeep
|turn|58
|
|t:|1779941294
|move|p2a: Here Ig|Calm Mind|p2a: Here Ig
|-boost|p2a: Here Ig|spa|1
|-boost|p2a: Here Ig|spd|1
|move|p1a: Clefable?|Calm Mind|p1a: Clefable?
|-boost|p1a: Clefable?|spa|1
|-boost|p1a: Clefable?|spd|1
|
|upkeep
|turn|59
|
|t:|1779941299
|move|p2a: Here Ig|Calm Mind|p2a: Here Ig
|-boost|p2a: Here Ig|spa|1
|-boost|p2a: Here Ig|spd|1
|move|p1a: Clefable?|Ice Beam|p2a: Here Ig
|-damage|p2a: Here Ig|95/100
|
|upkeep
|turn|60
|inactive|stone douchebag has 120 seconds left.
|
|t:|1779941333
|move|p2a: Here Ig|Calm Mind|p2a: Here Ig
|-boost|p2a: Here Ig|spa|1
|-boost|p2a: Here Ig|spd|1
|move|p1a: Clefable?|Ice Beam|p2a: Here Ig
|-damage|p2a: Here Ig|91/100
|
|upkeep
|turn|61
|
|t:|1779941339
|move|p2a: Here Ig|Calm Mind|p2a: Here Ig
|-boost|p2a: Here Ig|spa|1
|-boost|p2a: Here Ig|spd|1
|move|p1a: Clefable?|Ice Beam|p2a: Here Ig
|-damage|p2a: Here Ig|87/100
|
|upkeep
|turn|62
|
|t:|1779941341
|move|p2a: Here Ig|Moonblast|p1a: Clefable?
|-damage|p1a: Clefable?|49/100
|move|p1a: Clefable?|Ice Beam|p2a: Here Ig
|-damage|p2a: Here Ig|82/100
|
|upkeep
|turn|63
|
|t:|1779941344
|move|p2a: Here Ig|Moonblast|p1a: Clefable?
|-damage|p1a: Clefable?|13/100
|-unboost|p1a: Clefable?|spa|1
|move|p1a: Clefable?|Soft-Boiled|p1a: Clefable?
|-heal|p1a: Clefable?|63/100
|
|upkeep
|turn|64
|
|t:|1779941350
|move|p2a: Here Ig|Moonblast|p1a: Clefable?
|-damage|p1a: Clefable?|26/100
|move|p1a: Clefable?|Soft-Boiled|p1a: Clefable?
|-heal|p1a: Clefable?|76/100
|
|upkeep
|turn|65
|
|t:|1779941352
|move|p2a: Here Ig|Moonblast|p1a: Clefable?
|-damage|p1a: Clefable?|35/100
|move|p1a: Clefable?|Calm Mind|p1a: Clefable?
|-boost|p1a: Clefable?|spa|1
|-boost|p1a: Clefable?|spd|1
|
|upkeep
|turn|66
|
|t:|1779941354
|move|p2a: Here Ig|Moonblast|p1a: Clefable?
|-damage|p1a: Clefable?|0 fnt
|faint|p1a: Clefable?
|
|upkeep
|
|t:|1779941358
|switch|p1a: Corviknight?|Skarmory, M|94/100
|-damage|p1a: Corviknight?|82/100|[from] Stealth Rock
|turn|67
|
|t:|1779941360
|move|p2a: Here Ig|Flamethrower|p1a: Corviknight?
|-supereffective|p1a: Corviknight?
|-damage|p1a: Corviknight?|0 fnt
|faint|p1a: Corviknight?
|
|upkeep
|-message|stone douchebag forfeited.
|
|win|Twisted Divinity
|raw|stone douchebag's rating: 1390 &rarr; <strong>1373</strong><br />(-17 for losing)
|raw|Twisted Divinity's rating: 1447 &rarr; <strong>1464</strong><br />(+17 for winning)
|l|☆stone douchebag
|player|p1|
