|j|☆lianshanque
|j|☆Carlao_rei
|t:|1779913704
|gametype|singles
|player|p1|lianshanque|266|1411
|player|p2|Carlao_rei|drayden|1421
|gen|9
|tier|[Gen 9] OU
|rated|
|rule|HP Percentage Mod: HP is shown in percentages
|rule|Endless Battle Clause: Forcing endless battles is banned
|rule|Species Clause: Limit one of each Pokémon
|rule|OHKO Clause: OHKO moves are banned
|rule|Evasion Items Clause: Evasion items are banned
|rule|Evasion Moves Clause: Evasion moves are banned
|rule|Evasion Abilities Clause: Evasion abilities are banned
|rule|Sleep Moves Clause: Sleep-inducing moves are banned
|clearpoke
|poke|p1|Torkoal, F|
|poke|p1|Ninetales, F|
|poke|p1|Walking Wake|
|poke|p1|Venusaur, M|
|poke|p1|Ditto|
|poke|p1|Lilligant-Hisui, F|
|poke|p2|Gholdengo|
|poke|p2|Kingambit, M|
|poke|p2|Rotom-Wash|
|poke|p2|Dragapult, F|
|poke|p2|Great Tusk|
|poke|p2|Slowbro-Galar, M|
|teampreview
|inactive|Battle timer is ON: inactive players will automatically lose when time's up. (requested by lianshanque)
|
|t:|1779913716
|teamsize|p1|6
|teamsize|p2|6
|start
|switch|p1a: Torkoal|Torkoal, F|100/100
|switch|p2a: Great Tusk|Great Tusk|100/100
|-weather|SunnyDay|[from] ability: Drought|[of] p1a: Torkoal
|-activate|p2a: Great Tusk|ability: Protosynthesis
|-start|p2a: Great Tusk|protosynthesisdef
|turn|1
|
|t:|1779913725
|move|p2a: Great Tusk|Stealth Rock|p1a: Torkoal
|-sidestart|p1: lianshanque|move: Stealth Rock
|move|p1a: Torkoal|Will-O-Wisp|p2a: Great Tusk
|-status|p2a: Great Tusk|brn
|
|-weather|SunnyDay|[upkeep]
|-damage|p2a: Great Tusk|94/100 brn|[from] brn
|upkeep
|turn|2
|
|t:|1779913733
|-end|p2a: Great Tusk|Protosynthesis|[silent]
|switch|p2a: Dragapult|Dragapult, F|100/100
|move|p1a: Torkoal|Rapid Spin|p2a: Dragapult
|-immune|p2a: Dragapult
|
|-weather|SunnyDay|[upkeep]
|upkeep
|turn|3
|
|t:|1779913746
|move|p2a: Dragapult|Shadow Ball|p1a: Torkoal
|-damage|p1a: Torkoal|26/100
|move|p1a: Torkoal|Overheat|p2a: Dragapult|[miss]
|-miss|p1a: Torkoal|p2a: Dragapult
|
|-weather|SunnyDay|[upkeep]
|upkeep
|turn|4
|
|t:|1779913755
|switch|p1a: Venusaur|Venusaur, M, shiny|100/100
|-damage|p1a: Venusaur|88/100|[from] Stealth Rock
|move|p2a: Dragapult|Shadow Ball|p1a: Venusaur
|-damage|p1a: Venusaur|28/100
|-unboost|p1a: Venusaur|spd|1
|
|-weather|SunnyDay|[upkeep]
|upkeep
|turn|5
|
|t:|1779913765
|move|p1a: Venusaur|Sludge Bomb|p2a: Dragapult
|-resisted|p2a: Dragapult
|-damage|p2a: Dragapult|61/100
|-status|p2a: Dragapult|psn
|-damage|p1a: Venusaur|18/100|[from] item: Life Orb
|move|p2a: Dragapult|Shadow Ball|p1a: Venusaur
|-damage|p1a: Venusaur|0 fnt
|faint|p1a: Venusaur
|
|-weather|SunnyDay|[upkeep]
|-damage|p2a: Dragapult|49/100 psn|[from] psn
|upkeep
|
|t:|1779913778
|switch|p1a: Lilligant|Lilligant-Hisui, F|100/100
|-damage|p1a: Lilligant|95/100|[from] Stealth Rock
|turn|6
|
|t:|1779913783
|move|p1a: Lilligant|Ice Spinner|p2a: Dragapult
|-supereffective|p2a: Dragapult
|-crit|p2a: Dragapult
|-damage|p2a: Dragapult|0 fnt
|faint|p2a: Dragapult
|
|-weather|SunnyDay|[upkeep]
|upkeep
|
|t:|1779913790
|switch|p2a: Slowbro|Slowbro-Galar, M|100/100
|turn|7
|l|☆lianshanque
|inactive|lianshanque disconnected and has a minute to reconnect!
|player|p1|
|j|☆lianshanque
|inactive|lianshanque reconnected and has 115 seconds left.
|player|p1|lianshanque|266|
|inactive|lianshanque has 90 seconds left.
|-activate|p2a: Slowbro|item: Quick Claw
|
|t:|1779913856
|switch|p1a: Walking Wake|Walking Wake|100/100
|-damage|p1a: Walking Wake|88/100|[from] Stealth Rock
|-activate|p1a: Walking Wake|ability: Protosynthesis
|-start|p1a: Walking Wake|protosynthesisspe
|move|p2a: Slowbro|Shell Side Arm|p1a: Walking Wake|[anim] Shell Side Arm Special
|-damage|p1a: Walking Wake|40/100
|-hint|Special Shell Side Arm
|-status|p1a: Walking Wake|psn
|
|-weather|SunnyDay|[upkeep]
|-damage|p1a: Walking Wake|27/100 psn|[from] psn
|upkeep
|turn|8
|inactive|lianshanque has 90 seconds left.
|
|t:|1779913876
|move|p1a: Walking Wake|Hydro Steam|p2a: Slowbro
|-damage|p2a: Slowbro|31/100
|move|p2a: Slowbro|Shell Side Arm|p1a: Walking Wake|[anim] Shell Side Arm Special
|-damage|p1a: Walking Wake|0 fnt
|-hint|Special Shell Side Arm
|faint|p1a: Walking Wake
|-end|p1a: Walking Wake|Protosynthesis|[silent]
|
|-weather|none
|upkeep
|
|t:|1779913887
|switch|p1a: Torkoal|Torkoal, F|26/100
|-damage|p1a: Torkoal|1/100|[from] Stealth Rock
|-weather|SunnyDay|[from] ability: Drought|[of] p1a: Torkoal
|turn|9
|-activate|p2a: Slowbro|ability: Quick Draw
|
|t:|1779913901
|move|p2a: Slowbro|Shell Side Arm|p1a: Torkoal|[anim] Shell Side Arm Special
|-damage|p1a: Torkoal|0 fnt
|-hint|Special Shell Side Arm
|faint|p1a: Torkoal
|
|-weather|SunnyDay|[upkeep]
|upkeep
|
|t:|1779913910
|switch|p1a: Lilligant|Lilligant-Hisui, F|95/100
|-damage|p1a: Lilligant|89/100|[from] Stealth Rock
|turn|10
|-activate|p2a: Slowbro|ability: Quick Draw
|
|t:|1779913916
|move|p2a: Slowbro|Shell Side Arm|p1a: Lilligant|[anim] Shell Side Arm Special
|-supereffective|p1a: Lilligant
|-damage|p1a: Lilligant|0 fnt
|-hint|Special Shell Side Arm
|faint|p1a: Lilligant
|
|-weather|SunnyDay|[upkeep]
|upkeep
|inactive|lianshanque has 60 seconds left.
|inactive|lianshanque has 30 seconds left.
|inactive|lianshanque has 20 seconds left.
|inactive|lianshanque has 15 seconds left.
|inactive|lianshanque has 10 seconds left.
|inactive|lianshanque has 5 seconds left.
|-message|lianshanque lost due to inactivity.
|
|win|Carlao_rei
|raw|lianshanque's rating: 1411 &rarr; <strong>1392</strong><br />(-19 for losing)
|raw|Carlao_rei's rating: 1421 &rarr; <strong>1440</strong><br />(+19 for winning)
|l|☆Carlao_rei
|player|p2|
|l|☆lianshanque
|player|p1|
