|j|☆gabboh
|j|☆schalo
|t:|1779869598
|gametype|singles
|player|p1|gabboh|102|1450
|player|p2|schalo|harlequin|1416
|gen|9
|tier|[Gen 9] OU
|rated|
|rule|HP Percentage Mod: HP is shown in percentages
|rule|Endless Battle Clause: Forcing endless battles is banned
|rule|Species Clause: Limit one of each Pokémon
|rule|OHKO Clause: OHKO moves are banned
|rule|Evasion Items Clause: Evasion items are banned
|rule|Evasion Moves Clause: Evasion moves are banned
|rule|Evasion Abilities Clause: Evasion abilities are banned
|rule|Sleep Moves Clause: Sleep-inducing moves are banned
|clearpoke
|poke|p1|Indeedee, M|
|poke|p1|Hatterene, F|
|poke|p1|Ursaluna, F|
|poke|p1|Azumarill, M|
|poke|p1|Hoopa-Unbound|
|poke|p1|Mimikyu, F|
|poke|p2|Raging Bolt|
|poke|p2|Pelipper, M|
|poke|p2|Barraskewda, M|
|poke|p2|Toxicroak, F|
|poke|p2|Ting-Lu|
|poke|p2|Corviknight, F|
|teampreview
|
|t:|1779869626
|teamsize|p1|6
|teamsize|p2|6
|start
|switch|p1a: Azumarill|Azumarill, M|100/100
|switch|p2a: Ting-Lu|Ting-Lu|100/100
|-ability|p2a: Ting-Lu|Vessel of Ruin
|turn|1
|
|t:|1779869639
|switch|p2a: Toxicroak|Toxicroak, F|100/100
|move|p1a: Azumarill|Play Rough|p2a: Toxicroak
|-damage|p2a: Toxicroak|48/100
|-damage|p1a: Azumarill|84/100|[from] item: Rocky Helmet|[of] p2a: Toxicroak
|
|upkeep
|turn|2
|
|t:|1779869651
|move|p2a: Toxicroak|Toxic|p1a: Azumarill
|-status|p1a: Azumarill|tox
|move|p1a: Azumarill|Play Rough|p2a: Toxicroak
|-damage|p2a: Toxicroak|0 fnt
|-damage|p1a: Azumarill|67/100 tox|[from] item: Rocky Helmet|[of] p2a: Toxicroak
|faint|p2a: Toxicroak
|
|-damage|p1a: Azumarill|61/100 tox|[from] psn
|upkeep
|inactive|Battle timer is ON: inactive players will automatically lose when time's up. (requested by gabboh)
|
|t:|1779869684
|switch|p2a: Raging Bolt|Raging Bolt|100/100
|turn|3
|
|t:|1779869693
|move|p2a: Raging Bolt|Volt Switch|p1a: Azumarill
|-supereffective|p1a: Azumarill
|-damage|p1a: Azumarill|0 fnt
|faint|p1a: Azumarill
|
|t:|1779869698
|-end|p2a: Raging Bolt|Protosynthesis|[silent]
|switch|p2a: Pelipper|Pelipper, M|100/100|[from] Volt Switch
|-weather|RainDance|[from] ability: Drizzle|[of] p2a: Pelipper
|
|-weather|RainDance|[upkeep]
|upkeep
|
|t:|1779869711
|switch|p1a: Mimikyu|Mimikyu, F|100/100
|turn|4
|
|t:|1779869718
|move|p2a: Pelipper|U-turn|p1a: Mimikyu
|-activate|p1a: Mimikyu|ability: Disguise
|-damage|p1a: Mimikyu|100/100
|detailschange|p1a: Mimikyu|Mimikyu-Busted, F
|-damage|p1a: Mimikyu|88/100|[from] pokemon: Mimikyu-Busted
|-enditem|p1a: Mimikyu|Red Card|[of] p2a: Pelipper
|drag|p2a: Ting-Lu|Ting-Lu|100/100
|-ability|p2a: Ting-Lu|Vessel of Ruin
|move|p1a: Mimikyu|Trick Room|p1a: Mimikyu
|-fieldstart|move: Trick Room|[of] p1a: Mimikyu
|
|-weather|RainDance|[upkeep]
|upkeep
|turn|5
|
|t:|1779869734
|move|p2a: Ting-Lu|Stealth Rock|p1a: Mimikyu
|-sidestart|p1: gabboh|move: Stealth Rock
|move|p1a: Mimikyu|Curse|p2a: Ting-Lu
|-start|p2a: Ting-Lu|Curse|[of] p1a: Mimikyu
|-damage|p1a: Mimikyu|38/100
|
|-weather|RainDance|[upkeep]
|-damage|p2a: Ting-Lu|76/100|[from] Curse
|upkeep
|turn|6
|
|t:|1779869750
|switch|p2a: Corviknight|Corviknight, F|100/100
|-ability|p2a: Corviknight|Pressure
|move|p1a: Mimikyu|Play Rough|p2a: Corviknight
|-resisted|p2a: Corviknight
|-damage|p2a: Corviknight|89/100
|
|-weather|RainDance|[upkeep]
|-heal|p2a: Corviknight|95/100|[from] item: Leftovers
|upkeep
|turn|7
|
|t:|1779869763
|move|p2a: Corviknight|U-turn|p1a: Mimikyu
|-resisted|p1a: Mimikyu
|-damage|p1a: Mimikyu|35/100
|
|t:|1779869770
|switch|p2a: Ting-Lu|Ting-Lu|76/100|[from] U-turn
|-ability|p2a: Ting-Lu|Vessel of Ruin
|move|p1a: Mimikyu|Destiny Bond|p1a: Mimikyu
|-singlemove|p1a: Mimikyu|Destiny Bond
|
|-weather|RainDance|[upkeep]
|-heal|p2a: Ting-Lu|82/100|[from] item: Leftovers
|upkeep
|turn|8
|
|t:|1779869788
|switch|p2a: Corviknight|Corviknight, F|95/100
|-ability|p2a: Corviknight|Pressure
|move|p1a: Mimikyu|Play Rough|p2a: Corviknight
|-resisted|p2a: Corviknight
|-damage|p2a: Corviknight|83/100
|
|-weather|RainDance|[upkeep]
|-heal|p2a: Corviknight|89/100|[from] item: Leftovers
|-fieldend|move: Trick Room
|upkeep
|turn|9
|
|t:|1779869798
|move|p2a: Corviknight|U-turn|p1a: Mimikyu
|-resisted|p1a: Mimikyu
|-damage|p1a: Mimikyu|32/100
|
|t:|1779869807
|switch|p2a: Ting-Lu|Ting-Lu|82/100|[from] U-turn
|-ability|p2a: Ting-Lu|Vessel of Ruin
|move|p1a: Mimikyu|Trick Room|p1a: Mimikyu
|-fieldstart|move: Trick Room|[of] p1a: Mimikyu
|
|-weather|RainDance|[upkeep]
|-heal|p2a: Ting-Lu|88/100|[from] item: Leftovers
|upkeep
|turn|10
|
|t:|1779869816
|switch|p2a: Corviknight|Corviknight, F|89/100
|-ability|p2a: Corviknight|Pressure
|move|p1a: Mimikyu|Play Rough|p2a: Corviknight
|-resisted|p2a: Corviknight
|-damage|p2a: Corviknight|79/100
|
|-weather|none
|-heal|p2a: Corviknight|85/100|[from] item: Leftovers
|upkeep
|turn|11
|
|t:|1779869826
|move|p2a: Corviknight|U-turn|p1a: Mimikyu
|-resisted|p1a: Mimikyu
|-damage|p1a: Mimikyu|29/100
|
|t:|1779869839
|switch|p2a: Ting-Lu|Ting-Lu|88/100|[from] U-turn
|-ability|p2a: Ting-Lu|Vessel of Ruin
|move|p1a: Mimikyu|Play Rough|p2a: Ting-Lu
|-supereffective|p2a: Ting-Lu
|-damage|p2a: Ting-Lu|57/100
|-unboost|p2a: Ting-Lu|atk|1
|
|-heal|p2a: Ting-Lu|63/100|[from] item: Leftovers
|upkeep
|turn|12
|
|t:|1779869849
|switch|p2a: Corviknight|Corviknight, F|85/100
|-ability|p2a: Corviknight|Pressure
|move|p1a: Mimikyu|Play Rough|p2a: Corviknight
|-resisted|p2a: Corviknight
|-damage|p2a: Corviknight|73/100
|
|-heal|p2a: Corviknight|79/100|[from] item: Leftovers
|upkeep
|turn|13
|
|t:|1779869859
|move|p2a: Corviknight|U-turn|p1a: Mimikyu
|-resisted|p1a: Mimikyu
|-damage|p1a: Mimikyu|25/100
|
|t:|1779869865
|switch|p2a: Barraskewda|Barraskewda, M|100/100|[from] U-turn
|move|p1a: Mimikyu|Play Rough|p2a: Barraskewda
|-damage|p2a: Barraskewda|45/100
|
|-fieldend|move: Trick Room
|upkeep
|turn|14
|
|t:|1779869874
|move|p2a: Barraskewda|Aqua Jet|p1a: Mimikyu
|-damage|p1a: Mimikyu|0 fnt
|faint|p1a: Mimikyu
|
|upkeep
|
|t:|1779869879
|switch|p1a: Indeedee|Indeedee, M|100/100
|-damage|p1a: Indeedee|88/100|[from] Stealth Rock
|-fieldstart|move: Psychic Terrain|[from] ability: Psychic Surge|[of] p1a: Indeedee
|turn|15
|
|t:|1779869891
|switch|p2a: Ting-Lu|Ting-Lu|63/100
|-ability|p2a: Ting-Lu|Vessel of Ruin
|move|p1a: Indeedee|Trick Room|p1a: Indeedee
|-fieldstart|move: Trick Room|[of] p1a: Indeedee
|
|-heal|p2a: Ting-Lu|70/100|[from] item: Leftovers
|upkeep
|turn|16
|
|t:|1779869900
|switch|p1a: Hatterene|Hatterene, F|100/100
|-damage|p1a: Hatterene|88/100|[from] Stealth Rock
|move|p2a: Ting-Lu|Earthquake|p1a: Hatterene
|-damage|p1a: Hatterene|45/100
|
|-heal|p1a: Hatterene|51/100|[from] item: Leftovers
|-heal|p2a: Ting-Lu|76/100|[from] item: Leftovers
|upkeep
|turn|17
|inactive|schalo has 120 seconds left.
|
|t:|1779869936
|move|p1a: Hatterene|Draining Kiss|p2a: Ting-Lu
|-supereffective|p2a: Ting-Lu
|-damage|p2a: Ting-Lu|49/100
|-heal|p1a: Hatterene|83/100|[from] drain|[of] p2a: Ting-Lu
|move|p2a: Ting-Lu|Earthquake|p1a: Hatterene
|-damage|p1a: Hatterene|43/100
|
|-heal|p1a: Hatterene|49/100|[from] item: Leftovers
|-heal|p2a: Ting-Lu|55/100|[from] item: Leftovers
|upkeep
|turn|18
|inactive|schalo has 120 seconds left.
|
|t:|1779869947
|move|p1a: Hatterene|Draining Kiss|p2a: Ting-Lu
|-supereffective|p2a: Ting-Lu
|-damage|p2a: Ting-Lu|28/100
|-heal|p1a: Hatterene|82/100|[from] drain|[of] p2a: Ting-Lu
|move|p2a: Ting-Lu|Earthquake|p1a: Hatterene
|-damage|p1a: Hatterene|42/100
|
|-heal|p1a: Hatterene|48/100|[from] item: Leftovers
|-heal|p2a: Ting-Lu|35/100|[from] item: Leftovers
|upkeep
|turn|19
|
|t:|1779869956
|move|p1a: Hatterene|Draining Kiss|p2a: Ting-Lu
|-supereffective|p2a: Ting-Lu
|-damage|p2a: Ting-Lu|11/100
|-heal|p1a: Hatterene|77/100|[from] drain|[of] p2a: Ting-Lu
|move|p2a: Ting-Lu|Rest|p2a: Ting-Lu
|-status|p2a: Ting-Lu|slp|[from] move: Rest
|-heal|p2a: Ting-Lu|100/100 slp|[silent]
|
|-heal|p1a: Hatterene|83/100|[from] item: Leftovers
|-fieldend|move: Trick Room
|upkeep
|turn|20
|
|t:|1779869967
|switch|p2a: Corviknight|Corviknight, F|79/100
|-ability|p2a: Corviknight|Pressure
|move|p1a: Hatterene|Trick Room|p1a: Hatterene
|-fieldstart|move: Trick Room|[of] p1a: Hatterene
|
|-heal|p1a: Hatterene|89/100|[from] item: Leftovers
|-heal|p2a: Corviknight|85/100|[from] item: Leftovers
|upkeep
|turn|21
|
|t:|1779869975
|move|p1a: Hatterene|Mystical Fire|p2a: Corviknight
|-supereffective|p2a: Corviknight
|-crit|p2a: Corviknight
|-damage|p2a: Corviknight|23/100
|-unboost|p2a: Corviknight|spa|1
|move|p2a: Corviknight|U-turn|p1a: Hatterene
|-damage|p1a: Hatterene|74/100
|inactive|schalo has 120 seconds left.
|
|t:|1779869994
|switch|p2a: Ting-Lu|Ting-Lu|100/100 slp|[from] U-turn
|-ability|p2a: Ting-Lu|Vessel of Ruin
|
|-heal|p1a: Hatterene|80/100|[from] item: Leftovers
|upkeep
|turn|22
|inactive|schalo has 120 seconds left.
|
|t:|1779870006
|move|p1a: Hatterene|Draining Kiss|p2a: Ting-Lu
|-supereffective|p2a: Ting-Lu
|-damage|p2a: Ting-Lu|77/100 slp
|-heal|p1a: Hatterene|100/100|[from] drain|[of] p2a: Ting-Lu
|cant|p2a: Ting-Lu|slp
|
|-heal|p2a: Ting-Lu|83/100 slp|[from] item: Leftovers
|-fieldend|move: Psychic Terrain
|upkeep
|turn|23
|
|t:|1779870013
|move|p1a: Hatterene|Draining Kiss|p2a: Ting-Lu
|-supereffective|p2a: Ting-Lu
|-damage|p2a: Ting-Lu|56/100 slp
|cant|p2a: Ting-Lu|slp
|
|-heal|p2a: Ting-Lu|62/100 slp|[from] item: Leftovers
|upkeep
|turn|24
|
|t:|1779870023
|move|p1a: Hatterene|Draining Kiss|p2a: Ting-Lu
|-supereffective|p2a: Ting-Lu
|-damage|p2a: Ting-Lu|39/100 slp
|-curestatus|p2a: Ting-Lu|slp|[msg]
|move|p2a: Ting-Lu|Earthquake|p1a: Hatterene
|-damage|p1a: Hatterene|59/100
|
|-heal|p1a: Hatterene|65/100|[from] item: Leftovers
|-heal|p2a: Ting-Lu|45/100|[from] item: Leftovers
|-fieldend|move: Trick Room
|upkeep
|turn|25
|
|t:|1779870037
|move|p2a: Ting-Lu|Earthquake|p1a: Hatterene
|-damage|p1a: Hatterene|23/100
|move|p1a: Hatterene|Trick Room|p1a: Hatterene
|-fieldstart|move: Trick Room|[of] p1a: Hatterene
|
|-heal|p1a: Hatterene|29/100|[from] item: Leftovers
|-heal|p2a: Ting-Lu|51/100|[from] item: Leftovers
|upkeep
|turn|26
|
|t:|1779870045
|move|p1a: Hatterene|Draining Kiss|p2a: Ting-Lu
|-supereffective|p2a: Ting-Lu
|-damage|p2a: Ting-Lu|25/100
|-heal|p1a: Hatterene|60/100|[from] drain|[of] p2a: Ting-Lu
|move|p2a: Ting-Lu|Earthquake|p1a: Hatterene
|-damage|p1a: Hatterene|20/100
|
|-heal|p1a: Hatterene|26/100|[from] item: Leftovers
|-heal|p2a: Ting-Lu|31/100|[from] item: Leftovers
|upkeep
|turn|27
|
|t:|1779870053
|move|p1a: Hatterene|Draining Kiss|p2a: Ting-Lu
|-supereffective|p2a: Ting-Lu
|-damage|p2a: Ting-Lu|5/100
|-heal|p1a: Hatterene|59/100|[from] drain|[of] p2a: Ting-Lu
|move|p2a: Ting-Lu|Rest|p2a: Ting-Lu
|-status|p2a: Ting-Lu|slp|[from] move: Rest
|-heal|p2a: Ting-Lu|100/100 slp|[silent]
|
|-heal|p1a: Hatterene|65/100|[from] item: Leftovers
|upkeep
|turn|28
|j| hgghgbc
|
|t:|1779870065
|switch|p1a: Ursaluna|Ursaluna, F|100/100
|-damage|p1a: Ursaluna|94/100|[from] Stealth Rock
|cant|p2a: Ting-Lu|slp
|
|-status|p1a: Ursaluna|brn|[from] item: Flame Orb
|upkeep
|turn|29
|
|t:|1779870077
|switch|p2a: Pelipper|Pelipper, M|100/100
|-weather|RainDance|[from] ability: Drizzle|[of] p2a: Pelipper
|move|p1a: Ursaluna|Facade|p2a: Pelipper
|-damage|p2a: Pelipper|12/100
|
|-weather|RainDance|[upkeep]
|-damage|p1a: Ursaluna|88/100 brn|[from] brn
|-fieldend|move: Trick Room
|upkeep
|turn|30
|
|t:|1779870089
|switch|p1a: Indeedee|Indeedee, M|88/100
|-damage|p1a: Indeedee|76/100|[from] Stealth Rock
|-fieldstart|move: Psychic Terrain|[from] ability: Psychic Surge|[of] p1a: Indeedee
|move|p2a: Pelipper|Weather Ball|p1a: Indeedee
|-damage|p1a: Indeedee|18/100
|
|-weather|RainDance|[upkeep]
|upkeep
|turn|31
|
|t:|1779870108
|switch|p2a: Ting-Lu|Ting-Lu|100/100 slp
|-ability|p2a: Ting-Lu|Vessel of Ruin
|move|p1a: Indeedee|Trick Room|p1a: Indeedee
|-fieldstart|move: Trick Room|[of] p1a: Indeedee
|
|-weather|RainDance|[upkeep]
|upkeep
|turn|32
|
|t:|1779870125
|switch|p1a: Ursaluna|Ursaluna, F|88/100 brn
|-damage|p1a: Ursaluna|82/100 brn|[from] Stealth Rock
|cant|p2a: Ting-Lu|slp
|
|-weather|RainDance|[upkeep]
|-damage|p1a: Ursaluna|76/100 brn|[from] brn
|upkeep
|turn|33
|
|t:|1779870150
|switch|p2a: Corviknight|Corviknight, F|23/100
|-ability|p2a: Corviknight|Pressure
|-terastallize|p1a: Ursaluna|Normal
|move|p1a: Ursaluna|Facade|p2a: Corviknight
|-resisted|p2a: Corviknight
|-damage|p2a: Corviknight|0 fnt
|faint|p2a: Corviknight
|
|-weather|RainDance|[upkeep]
|-damage|p1a: Ursaluna|70/100 brn|[from] brn
|upkeep
|inactive|schalo has 120 seconds left.
|l| hgghgbc
|
|t:|1779870186
|switch|p2a: Ting-Lu|Ting-Lu|100/100 slp
|-ability|p2a: Ting-Lu|Vessel of Ruin
|turn|34
|
|t:|1779870204
|-terastallize|p2a: Ting-Lu|Ghost
|move|p1a: Ursaluna|Facade|p2a: Ting-Lu
|-immune|p2a: Ting-Lu
|-curestatus|p2a: Ting-Lu|slp|[msg]
|move|p2a: Ting-Lu|Earthquake|p1a: Ursaluna
|-damage|p1a: Ursaluna|45/100 brn
|
|-weather|RainDance|[upkeep]
|-damage|p1a: Ursaluna|39/100 brn|[from] brn
|upkeep
|turn|35
|
|t:|1779870215
|move|p1a: Ursaluna|Headlong Rush|p2a: Ting-Lu
|-damage|p2a: Ting-Lu|44/100
|-unboost|p1a: Ursaluna|def|1
|-unboost|p1a: Ursaluna|spd|1
|move|p2a: Ting-Lu|Earthquake|p1a: Ursaluna
|-damage|p1a: Ursaluna|0 fnt
|faint|p1a: Ursaluna
|
|-weather|RainDance|[upkeep]
|-heal|p2a: Ting-Lu|51/100|[from] item: Leftovers
|-fieldend|move: Trick Room
|upkeep
|
|t:|1779870232
|switch|p1a: Hatterene|Hatterene, F|65/100
|-damage|p1a: Hatterene|53/100|[from] Stealth Rock
|turn|36
|
|t:|1779870245
|move|p2a: Ting-Lu|Rest|p2a: Ting-Lu
|-status|p2a: Ting-Lu|slp|[from] move: Rest
|-heal|p2a: Ting-Lu|100/100 slp|[silent]
|move|p1a: Hatterene|Trick Room|p1a: Hatterene
|-fieldstart|move: Trick Room|[of] p1a: Hatterene
|
|-weather|none
|-heal|p1a: Hatterene|59/100|[from] item: Leftovers
|upkeep
|turn|37
|
|t:|1779870256
|move|p1a: Hatterene|Expanding Force|p2a: Ting-Lu
|-damage|p2a: Ting-Lu|61/100 slp
|cant|p2a: Ting-Lu|slp
|
|-heal|p1a: Hatterene|65/100|[from] item: Leftovers
|-heal|p2a: Ting-Lu|67/100 slp|[from] item: Leftovers
|-fieldend|move: Psychic Terrain
|upkeep
|turn|38
|
|t:|1779870265
|switch|p1a: Indeedee|Indeedee, M|18/100
|-damage|p1a: Indeedee|5/100|[from] Stealth Rock
|-fieldstart|move: Psychic Terrain|[from] ability: Psychic Surge|[of] p1a: Indeedee
|cant|p2a: Ting-Lu|slp
|
|-heal|p2a: Ting-Lu|73/100 slp|[from] item: Leftovers
|upkeep
|turn|39
|
|t:|1779870280
|-curestatus|p2a: Ting-Lu|slp|[msg]
|move|p2a: Ting-Lu|Earthquake|p1a: Indeedee
|-damage|p1a: Indeedee|0 fnt
|faint|p1a: Indeedee
|
|-heal|p2a: Ting-Lu|79/100|[from] item: Leftovers
|upkeep
|
|t:|1779870293
|switch|p1a: Hoopa|Hoopa-Unbound|100/100
|-damage|p1a: Hoopa|88/100|[from] Stealth Rock
|-enditem|p1a: Hoopa|Psychic Seed
|-boost|p1a: Hoopa|spd|1|[from] item: Psychic Seed
|turn|40
|
|t:|1779870317
|switch|p2a: Pelipper|Pelipper, M|12/100
|-weather|RainDance|[from] ability: Drizzle|[of] p2a: Pelipper
|move|p1a: Hoopa|Expanding Force|p2a: Pelipper
|-damage|p2a: Pelipper|0 fnt
|faint|p2a: Pelipper
|-item|p1a: Hoopa|Damp Rock|[from] ability: Magician|[of] p2: Pelipper
|
|-weather|RainDance|[upkeep]
|-fieldend|move: Trick Room
|upkeep
|inactive|schalo has 90 seconds left.
|
|t:|1779870334
|switch|p2a: Barraskewda|Barraskewda, M|45/100
|turn|41
|
|t:|1779870339
|move|p2a: Barraskewda|Liquidation|p1a: Hoopa
|-damage|p1a: Hoopa|0 fnt
|faint|p1a: Hoopa
|
|-weather|RainDance|[upkeep]
|upkeep
|
|t:|1779870345
|switch|p1a: Hatterene|Hatterene, F|65/100
|-damage|p1a: Hatterene|53/100|[from] Stealth Rock
|turn|42
|
|t:|1779870348
|move|p2a: Barraskewda|Liquidation|p1a: Hatterene
|-damage|p1a: Hatterene|0 fnt
|faint|p1a: Hatterene
|
|win|schalo
|raw|gabboh's rating: 1450 &rarr; <strong>1428</strong><br />(-22 for losing)
|raw|schalo's rating: 1416 &rarr; <strong>1438</strong><br />(+22 for winning)
|c|☆schalo|g
|l|☆gabboh
|player|p1|
|c|☆schalo|gg
|l|☆schalo
|player|p2|
