|j|☆ZeemeerminGeertJan
|j|☆goodgoodcush
|t:|1779949371
|gametype|singles
|player|p1|ZeemeerminGeertJan|1|1489
|player|p2|goodgoodcush|101|1511
|gen|9
|tier|[Gen 9] OU
|rated|
|rule|HP Percentage Mod: HP is shown in percentages
|rule|Endless Battle Clause: Forcing endless battles is banned
|rule|Species Clause: Limit one of each Pokémon
|rule|OHKO Clause: OHKO moves are banned
|rule|Evasion Items Clause: Evasion items are banned
|rule|Evasion Moves Clause: Evasion moves are banned
|rule|Evasion Abilities Clause: Evasion abilities are banned
|rule|Sleep Moves Clause: Sleep-inducing moves are banned
|clearpoke
|poke|p1|Cramorant, M|
|poke|p1|Gallade, M|
|poke|p1|Kingambit, F|
|poke|p1|Iron Moth|
|poke|p1|Enamorus, F|
|poke|p1|Ogerpon-Cornerstone, F|
|poke|p2|Dragonite, F|
|poke|p2|Zamazenta-*|
|poke|p2|Excadrill, F|
|poke|p2|Hatterene, F|
|poke|p2|Kommo-o, F|
|poke|p2|Dragapult, F|
|teampreview
|
|t:|1779949405
|teamsize|p1|6
|teamsize|p2|6
|start
|switch|p1a: Cramorant|Cramorant, M, shiny|100/100
|switch|p2a: Dragapult|Dragapult, F|100/100
|turn|1
|
|t:|1779949423
|move|p2a: Dragapult|Dragon Darts|p1a: Cramorant
|-damage|p1a: Cramorant|60/100
|-anim|p2a: Dragapult|Dragon Darts|p1a: Cramorant
|-damage|p1a: Cramorant|19/100
|move|p1a: Cramorant|Tailwind|p1a: Cramorant
|-sidestart|p1: ZeemeerminGeertJan|move: Tailwind
|
|upkeep
|turn|2
|
|t:|1779949434
|move|p1a: Cramorant|Surf|p2a: Dragapult
|-formechange|p1a: Cramorant|Cramorant-Gorging|
|-resisted|p2a: Dragapult
|-damage|p2a: Dragapult|70/100
|move|p2a: Dragapult|Thunder Wave|p1a: Cramorant
|-status|p1a: Cramorant|par
|
|upkeep
|turn|3
|
|t:|1779949445
|switch|p2a: Hatterene|Hatterene, F|100/100
|move|p1a: Cramorant|Surf|p2a: Hatterene
|-damage|p2a: Hatterene|57/100
|
|-heal|p2a: Hatterene|63/100|[from] item: Leftovers
|upkeep
|turn|4
|inactive|Battle timer is ON: inactive players will automatically lose when time's up. (requested by ZeemeerminGeertJan)
|
|t:|1779949471
|move|p1a: Cramorant|Surf|p2a: Hatterene
|-damage|p2a: Hatterene|23/100
|move|p2a: Hatterene|Draining Kiss|p1a: Cramorant
|-crit|p1a: Cramorant
|-damage|p1a: Cramorant|0 fnt
|-heal|p2a: Hatterene|35/100|[from] drain|[of] p1a: Cramorant
|-damage|p2a: Hatterene|11/100|[from] ability: Gulp Missile|[of] p1a: Cramorant
|-status|p2a: Hatterene|par
|-formechange|p1a: Cramorant|Cramorant|
|faint|p1a: Cramorant
|
|-heal|p2a: Hatterene|17/100 par|[from] item: Leftovers
|-sideend|p1: ZeemeerminGeertJan|move: Tailwind
|upkeep
|
|t:|1779949482
|switch|p1a: Enamorus|Enamorus, F|100/100
|turn|5
|
|t:|1779949485
|move|p1a: Enamorus|Moonblast|p2a: Hatterene
|-damage|p2a: Hatterene|0 fnt
|faint|p2a: Hatterene
|
|upkeep
|
|t:|1779949491
|switch|p2a: Dragapult|Dragapult, F|70/100
|turn|6
|
|t:|1779949494
|move|p2a: Dragapult|Thunder Wave|p1a: Enamorus|[miss]
|-miss|p2a: Dragapult|p1a: Enamorus
|move|p1a: Enamorus|Moonblast|p2a: Dragapult
|-supereffective|p2a: Dragapult
|-crit|p2a: Dragapult
|-damage|p2a: Dragapult|0 fnt
|faint|p2a: Dragapult
|
|upkeep
|
|t:|1779949502
|switch|p2a: Zamazenta|Zamazenta|100/100
|-ability|p2a: Zamazenta|Dauntless Shield|boost
|-boost|p2a: Zamazenta|def|1
|turn|7
|
|t:|1779949512
|move|p2a: Zamazenta|Heavy Slam|p1a: Enamorus
|-supereffective|p1a: Enamorus
|-enditem|p1a: Enamorus|Focus Sash
|-damage|p1a: Enamorus|1/100
|move|p1a: Enamorus|Moonblast|p2a: Zamazenta
|-supereffective|p2a: Zamazenta
|-damage|p2a: Zamazenta|13/100
|
|upkeep
|turn|8
|
|t:|1779949519
|move|p2a: Zamazenta|Heavy Slam|p1a: Enamorus
|-supereffective|p1a: Enamorus
|-damage|p1a: Enamorus|0 fnt
|faint|p1a: Enamorus
|
|upkeep
|
|t:|1779949521
|switch|p1a: Iron Moth|Iron Moth|100/100
|-enditem|p1a: Iron Moth|Booster Energy
|-activate|p1a: Iron Moth|ability: Quark Drive|[fromitem]
|-start|p1a: Iron Moth|quarkdrivespe
|turn|9
|
|t:|1779949528
|move|p1a: Iron Moth|Fiery Dance|p2a: Zamazenta
|-damage|p2a: Zamazenta|0 fnt
|-boost|p1a: Iron Moth|spa|1
|faint|p2a: Zamazenta
|
|upkeep
|
|t:|1779949541
|switch|p2a: Kommo-o|Kommo-o, F|100/100
|turn|10
|
|t:|1779949552
|move|p1a: Iron Moth|Fiery Dance|p2a: Kommo-o
|-resisted|p2a: Kommo-o
|-damage|p2a: Kommo-o|72/100
|-boost|p1a: Iron Moth|spa|1
|move|p2a: Kommo-o|Clangorous Soul|p2a: Kommo-o
|-boost|p2a: Kommo-o|atk|1
|-boost|p2a: Kommo-o|def|1
|-boost|p2a: Kommo-o|spa|1
|-boost|p2a: Kommo-o|spd|1
|-boost|p2a: Kommo-o|spe|1
|-damage|p2a: Kommo-o|39/100
|
|-heal|p2a: Kommo-o|45/100|[from] item: Leftovers
|upkeep
|turn|11
|
|t:|1779949557
|move|p1a: Iron Moth|Dazzling Gleam|p2a: Kommo-o
|-supereffective|p2a: Kommo-o
|-damage|p2a: Kommo-o|0 fnt
|faint|p2a: Kommo-o
|
|upkeep
|
|t:|1779949560
|switch|p2a: Dragonite|Dragonite, F|100/100
|turn|12
|
|t:|1779949570
|move|p1a: Iron Moth|Dazzling Gleam|p2a: Dragonite
|-supereffective|p2a: Dragonite
|-damage|p2a: Dragonite|54/100
|move|p2a: Dragonite|Dragon Dance|p2a: Dragonite
|-boost|p2a: Dragonite|atk|1
|-boost|p2a: Dragonite|spe|1
|
|-heal|p2a: Dragonite|60/100|[from] item: Leftovers
|upkeep
|turn|13
|
|t:|1779949575
|-terastallize|p2a: Dragonite|Normal
|move|p2a: Dragonite|Extreme Speed|p1a: Iron Moth
|-damage|p1a: Iron Moth|19/100
|move|p1a: Iron Moth|Dazzling Gleam|p2a: Dragonite
|-damage|p2a: Dragonite|16/100
|
|-heal|p2a: Dragonite|22/100|[from] item: Leftovers
|upkeep
|turn|14
|
|t:|1779949582
|move|p2a: Dragonite|Extreme Speed|p1a: Iron Moth
|-crit|p1a: Iron Moth
|-damage|p1a: Iron Moth|0 fnt
|faint|p1a: Iron Moth
|-end|p1a: Iron Moth|Quark Drive|[silent]
|
|-heal|p2a: Dragonite|28/100|[from] item: Leftovers
|upkeep
|
|t:|1779949591
|switch|p1a: Gallade|Gallade, M|100/100
|turn|15
|
|t:|1779949595
|move|p2a: Dragonite|Waterfall|p1a: Gallade
|-damage|p1a: Gallade|38/100
|move|p1a: Gallade|Sacred Sword|p2a: Dragonite
|-supereffective|p2a: Dragonite
|-damage|p2a: Dragonite|0 fnt
|faint|p2a: Dragonite
|
|upkeep
|
|t:|1779949600
|switch|p2a: Excadrill|Excadrill, F|100/100
|-ability|p2a: Excadrill|Mold Breaker
|-item|p2a: Excadrill|Air Balloon
|turn|16
|
|t:|1779949605
|move|p1a: Gallade|Sacred Sword|p2a: Excadrill
|-supereffective|p2a: Excadrill
|-damage|p2a: Excadrill|0 fnt
|-enditem|p2a: Excadrill|Air Balloon
|faint|p2a: Excadrill
|
|win|ZeemeerminGeertJan
|raw|ZeemeerminGeertJan's rating: 1489 &rarr; <strong>1510</strong><br />(+21 for winning)
|raw|goodgoodcush's rating: 1511 &rarr; <strong>1490</strong><br />(-21 for losing)
|l|☆goodgoodcush
|player|p2|
|l|☆ZeemeerminGeertJan
|player|p1|
