|badge|p2|bronze|gen9ou|100-9
|uhtml|medal-msg|<div class="broadcast-blue">Curious what those medals under the avatar are? PS now has Ladder Seasons! For more information, check out the <a href="https://www.smogon.com/forums/threads/3740067/">thread on Smogon.</a></div>
|j|☆p$ychopath
|j|☆slitherwing ily ><
|t:|1779803276
|gametype|singles
|player|p1|p$ychopath|psychic-lgpe|1710
|player|p2|slitherwing ily ><|iono-masters|1876
|gen|9
|tier|[Gen 9] OU
|rated|
|rule|HP Percentage Mod: HP is shown in percentages
|rule|Endless Battle Clause: Forcing endless battles is banned
|rule|Species Clause: Limit one of each Pokémon
|rule|OHKO Clause: OHKO moves are banned
|rule|Evasion Items Clause: Evasion items are banned
|rule|Evasion Moves Clause: Evasion moves are banned
|rule|Evasion Abilities Clause: Evasion abilities are banned
|rule|Sleep Moves Clause: Sleep-inducing moves are banned
|clearpoke
|poke|p1|Zamazenta-*|
|poke|p1|Arcanine-Hisui, F|
|poke|p1|Iron Jugulis|
|poke|p1|Iron Valiant|
|poke|p1|Iron Moth|
|poke|p1|Great Tusk|
|poke|p2|Great Tusk|
|poke|p2|Kingambit, F|
|poke|p2|Raging Bolt|
|poke|p2|Walking Wake|
|poke|p2|Ninetales, M|
|poke|p2|Ceruledge, M|
|teampreview
|inactive|Battle timer is ON: inactive players will automatically lose when time's up. (requested by p$ychopath)
|c|☆slitherwing ily ><|hf
|
|t:|1779803293
|teamsize|p1|6
|teamsize|p2|6
|start
|switch|p1a: Arcanine|Arcanine-Hisui, F|100/100
|switch|p2a: Naruto|Ninetales, M|100/100
|-weather|SunnyDay|[from] ability: Drought|[of] p2a: Naruto
|turn|1
|
|t:|1779803302
|switch|p2a: Resevoir slogs|Walking Wake|100/100
|-activate|p2a: Resevoir slogs|ability: Protosynthesis
|-start|p2a: Resevoir slogs|protosynthesisspe
|move|p1a: Arcanine|Flare Blitz|p2a: Resevoir slogs
|-resisted|p2a: Resevoir slogs
|-damage|p2a: Resevoir slogs|66/100
|-damage|p1a: Arcanine|91/100|[from] item: Life Orb
|
|-weather|SunnyDay|[upkeep]
|upkeep
|turn|2
|
|t:|1779803308
|move|p1a: Arcanine|Extreme Speed|p2a: Resevoir slogs
|-damage|p2a: Resevoir slogs|24/100
|-damage|p1a: Arcanine|81/100|[from] item: Life Orb
|move|p2a: Resevoir slogs|Hydro Steam|p1a: Arcanine
|-supereffective|p1a: Arcanine
|-damage|p1a: Arcanine|0 fnt
|faint|p1a: Arcanine
|
|-weather|SunnyDay|[upkeep]
|upkeep
|
|t:|1779803318
|switch|p1a: Iron Moth|Iron Moth|100/100
|-enditem|p1a: Iron Moth|Booster Energy
|-activate|p1a: Iron Moth|ability: Quark Drive|[fromitem]
|-start|p1a: Iron Moth|quarkdrivespe
|turn|3
|
|t:|1779803322
|-end|p2a: Resevoir slogs|Protosynthesis|[silent]
|switch|p2a: Red judas|Ceruledge, M|100/100
|-item|p2a: Red judas|Air Balloon
|move|p1a: Iron Moth|Sludge Wave|p2a: Red judas
|-resisted|p2a: Red judas
|-damage|p2a: Red judas|72/100
|-enditem|p2a: Red judas|Air Balloon
|
|-weather|SunnyDay|[upkeep]
|upkeep
|turn|4
|j| Dante1310
|
|t:|1779803340
|move|p1a: Iron Moth|Sludge Wave|p2a: Red judas
|-resisted|p2a: Red judas
|-damage|p2a: Red judas|45/100
|move|p2a: Red judas|Bitter Blade|p1a: Iron Moth
|-resisted|p1a: Iron Moth
|-damage|p1a: Iron Moth|45/100
|-heal|p2a: Red judas|72/100|[from] drain|[of] p1a: Iron Moth
|
|-weather|SunnyDay|[upkeep]
|upkeep
|turn|5
|
|t:|1779803348
|move|p1a: Iron Moth|Sludge Wave|p2a: Red judas
|-resisted|p2a: Red judas
|-damage|p2a: Red judas|47/100
|move|p2a: Red judas|Bitter Blade|p1a: Iron Moth
|-resisted|p1a: Iron Moth
|-damage|p1a: Iron Moth|0 fnt
|-heal|p2a: Red judas|69/100|[from] drain|[of] p1a: Iron Moth
|faint|p1a: Iron Moth
|-end|p1a: Iron Moth|Quark Drive|[silent]
|
|-weather|SunnyDay|[upkeep]
|upkeep
|
|t:|1779803352
|switch|p1a: Iron Jugulis|Iron Jugulis|100/100
|-enditem|p1a: Iron Jugulis|Booster Energy
|-activate|p1a: Iron Jugulis|ability: Quark Drive|[fromitem]
|-start|p1a: Iron Jugulis|quarkdrivespe
|turn|6
|j| 0RickMountStrong
|
|t:|1779803357
|move|p1a: Iron Jugulis|Dark Pulse|p2a: Red judas
|-supereffective|p2a: Red judas
|-damage|p2a: Red judas|0 fnt
|faint|p2a: Red judas
|
|-weather|SunnyDay|[upkeep]
|upkeep
|
|t:|1779803361
|switch|p2a: Angry Nut|Raging Bolt|100/100
|-activate|p2a: Angry Nut|ability: Protosynthesis
|-start|p2a: Angry Nut|protosynthesisspa
|turn|7
|
|t:|1779803386
|move|p1a: Iron Jugulis|Dark Pulse|p2a: Angry Nut
|-damage|p2a: Angry Nut|62/100
|cant|p2a: Angry Nut|flinch
|
|-weather|SunnyDay|[upkeep]
|upkeep
|turn|8
|c|☆slitherwing ily ><|ow
|
|t:|1779803391
|move|p2a: Angry Nut|Thunderclap|p1a: Iron Jugulis
|-supereffective|p1a: Iron Jugulis
|-damage|p1a: Iron Jugulis|0 fnt
|faint|p1a: Iron Jugulis
|-end|p1a: Iron Jugulis|Quark Drive|[silent]
|-damage|p2a: Angry Nut|52/100|[from] item: Life Orb
|
|-weather|none
|-end|p2a: Angry Nut|Protosynthesis
|upkeep
|
|t:|1779803398
|switch|p1a: Great Tusk|Great Tusk|100/100
|-enditem|p1a: Great Tusk|Booster Energy
|-activate|p1a: Great Tusk|ability: Protosynthesis|[fromitem]
|-start|p1a: Great Tusk|protosynthesisspe
|turn|9
|j| hattybatty304
|
|t:|1779803412
|move|p1a: Great Tusk|Ice Spinner|p2a: Angry Nut
|-supereffective|p2a: Angry Nut
|-damage|p2a: Angry Nut|10/100
|move|p2a: Angry Nut|Draco Meteor|p1a: Great Tusk
|-damage|p1a: Great Tusk|0 fnt
|-unboost|p2a: Angry Nut|spa|2
|faint|p1a: Great Tusk
|-end|p1a: Great Tusk|Protosynthesis|[silent]
|-damage|p2a: Angry Nut|0 fnt|[from] item: Life Orb
|faint|p2a: Angry Nut
|-end|p2a: Angry Nut|Protosynthesis|[silent]
|
|upkeep
|
|t:|1779803420
|switch|p1a: Zamazenta|Zamazenta|100/100
|switch|p2a: Naruto|Ninetales, M|100/100
|-ability|p1a: Zamazenta|Dauntless Shield|boost
|-boost|p1a: Zamazenta|def|1
|-weather|SunnyDay|[from] ability: Drought|[of] p2a: Naruto
|turn|10
|
|t:|1779803431
|move|p1a: Zamazenta|Howl|p1a: Zamazenta
|-boost|p1a: Zamazenta|atk|1
|move|p2a: Naruto|Will-O-Wisp|p1a: Zamazenta
|-status|p1a: Zamazenta|brn
|
|-weather|SunnyDay|[upkeep]
|-damage|p1a: Zamazenta|94/100 brn|[from] brn
|upkeep
|turn|11
|
|t:|1779803445
|move|p1a: Zamazenta|Close Combat|p2a: Naruto
|-damage|p2a: Naruto|38/100
|-unboost|p1a: Zamazenta|def|1
|-unboost|p1a: Zamazenta|spd|1
|move|p2a: Naruto|Overheat|p1a: Zamazenta
|-damage|p1a: Zamazenta|0 fnt
|-unboost|p2a: Naruto|spa|2
|faint|p1a: Zamazenta
|
|-weather|SunnyDay|[upkeep]
|upkeep
|
|t:|1779803449
|switch|p1a: Iron Valiant|Iron Valiant|100/100
|-enditem|p1a: Iron Valiant|Booster Energy
|-activate|p1a: Iron Valiant|ability: Quark Drive|[fromitem]
|-start|p1a: Iron Valiant|quarkdrivespa
|turn|12
|j| bingbong441
|
|t:|1779803456
|move|p1a: Iron Valiant|Calm Mind|p1a: Iron Valiant
|-boost|p1a: Iron Valiant|spa|1
|-boost|p1a: Iron Valiant|spd|1
|move|p2a: Naruto|Overheat|p1a: Iron Valiant
|-damage|p1a: Iron Valiant|56/100
|-unboost|p2a: Naruto|spa|2
|
|-weather|SunnyDay|[upkeep]
|upkeep
|turn|13
|
|t:|1779803467
|move|p1a: Iron Valiant|Calm Mind|p1a: Iron Valiant
|-boost|p1a: Iron Valiant|spa|1
|-boost|p1a: Iron Valiant|spd|1
|move|p2a: Naruto|Encore|p1a: Iron Valiant
|-start|p1a: Iron Valiant|Encore
|
|-weather|SunnyDay|[upkeep]
|upkeep
|turn|14
|
|t:|1779803472
|switch|p2a: nah i'd spin|Great Tusk|100/100
|-activate|p2a: nah i'd spin|ability: Protosynthesis
|-start|p2a: nah i'd spin|protosynthesisatk
|move|p1a: Iron Valiant|Calm Mind|p1a: Iron Valiant
|-boost|p1a: Iron Valiant|spa|1
|-boost|p1a: Iron Valiant|spd|1
|
|-weather|SunnyDay|[upkeep]
|upkeep
|turn|15
|
|t:|1779803476
|-terastallize|p2a: nah i'd spin|Fighting
|move|p1a: Iron Valiant|Calm Mind|p1a: Iron Valiant
|-boost|p1a: Iron Valiant|spa|1
|-boost|p1a: Iron Valiant|spd|1
|move|p2a: nah i'd spin|Close Combat|p1a: Iron Valiant
|-resisted|p1a: Iron Valiant
|-crit|p1a: Iron Valiant
|-damage|p1a: Iron Valiant|0 fnt
|-unboost|p2a: nah i'd spin|def|1
|-unboost|p2a: nah i'd spin|spd|1
|faint|p1a: Iron Valiant
|-end|p1a: Iron Valiant|Quark Drive|[silent]
|
|win|slitherwing ily ><
|raw|p$ychopath's rating: 1695 &rarr; <strong>1685</strong><br />(-10 for losing)
|raw|slitherwing ily &gt;&lt;'s rating: 1876 &rarr; <strong>1886</strong><br />(+10 for winning)
|c|☆slitherwing ily ><|gg
|l|☆slitherwing ily ><
|player|p2|
|l|☆p$ychopath
|player|p1|
|l| hattybatty304
|l| 0RickMountStrong
|l| bingbong441
