|j|☆gardevoirandvapo
|j|☆alidadccc
|t:|1779946672
|gametype|singles
|player|p1|gardevoirandvapo|101|1275
|player|p2|alidadccc|102|1339
|gen|9
|tier|[Gen 9] OU
|rated|
|rule|HP Percentage Mod: HP is shown in percentages
|rule|Endless Battle Clause: Forcing endless battles is banned
|rule|Species Clause: Limit one of each Pokémon
|rule|OHKO Clause: OHKO moves are banned
|rule|Evasion Items Clause: Evasion items are banned
|rule|Evasion Moves Clause: Evasion moves are banned
|rule|Evasion Abilities Clause: Evasion abilities are banned
|rule|Sleep Moves Clause: Sleep-inducing moves are banned
|clearpoke
|poke|p1|Tinkaton, F|
|poke|p1|Smeargle, F|
|poke|p1|Mismagius, M|
|poke|p1|Fezandipiti, M|
|poke|p1|Sandaconda, M|
|poke|p1|Darkrai|
|poke|p2|Pelipper, M|
|poke|p2|Ogerpon-Wellspring, F|
|poke|p2|Raging Bolt|
|poke|p2|Tornadus-Therian, M|
|poke|p2|Zamazenta-*|
|poke|p2|Darkrai|
|teampreview
|inactive|Battle timer is ON: inactive players will automatically lose when time's up. (requested by alidadccc)
|
|t:|1779946679
|teamsize|p1|6
|teamsize|p2|6
|start
|switch|p1a: Aldof|Smeargle, F|100/100
|switch|p2a: Pelipper|Pelipper, M|100/100
|-weather|RainDance|[from] ability: Drizzle|[of] p2a: Pelipper
|turn|1
|
|t:|1779946691
|move|p1a: Aldof|Burning Bulwark|p1a: Aldof
|-singleturn|p1a: Aldof|move: Protect
|move|p2a: Pelipper|Knock Off|p1a: Aldof
|-activate|p1a: Aldof|move: Protect
|-status|p2a: Pelipper|brn
|
|-weather|RainDance|[upkeep]
|-damage|p2a: Pelipper|94/100 brn|[from] brn
|upkeep
|turn|2
|
|t:|1779946709
|move|p1a: Aldof|Stone Axe|p2a: Pelipper
|-supereffective|p2a: Pelipper
|-damage|p2a: Pelipper|87/100 brn
|-sidestart|p2: alidadccc|move: Stealth Rock
|move|p2a: Pelipper|Knock Off|p1a: Aldof
|-damage|p1a: Aldof|84/100
|-enditem|p1a: Aldof|Mental Herb|[from] move: Knock Off|[of] p2a: Pelipper
|
|-weather|RainDance|[upkeep]
|-damage|p2a: Pelipper|81/100 brn|[from] brn
|upkeep
|turn|3
|
|t:|1779946715
|move|p1a: Aldof|Toxic Spikes|p2a: Pelipper
|-sidestart|p2: alidadccc|move: Toxic Spikes
|move|p2a: Pelipper|Hurricane|p1a: Aldof
|-damage|p1a: Aldof|17/100
|
|-weather|RainDance|[upkeep]
|-damage|p2a: Pelipper|74/100 brn|[from] brn
|upkeep
|turn|4
|
|t:|1779946722
|move|p1a: Aldof|Stone Axe|p2a: Pelipper
|-supereffective|p2a: Pelipper
|-damage|p2a: Pelipper|67/100 brn
|move|p2a: Pelipper|Hurricane|p1a: Aldof
|-damage|p1a: Aldof|0 fnt
|faint|p1a: Aldof
|
|-weather|RainDance|[upkeep]
|-damage|p2a: Pelipper|61/100 brn|[from] brn
|upkeep
|
|t:|1779946749
|switch|p1a: Venoex|Fezandipiti, M|100/100
|turn|5
|
|t:|1779946757
|move|p1a: Venoex|Nasty Plot|p1a: Venoex
|-boost|p1a: Venoex|spa|2
|move|p2a: Pelipper|U-turn|p1a: Venoex
|-resisted|p1a: Venoex
|-damage|p1a: Venoex|99/100
|
|t:|1779946762
|switch|p2a: Ogerpon|Ogerpon-Wellspring, F|100/100|[from] U-turn
|-damage|p2a: Ogerpon|88/100|[from] Stealth Rock
|-status|p2a: Ogerpon|psn
|
|-weather|RainDance|[upkeep]
|-damage|p2a: Ogerpon|76/100 psn|[from] psn
|upkeep
|turn|6
|
|t:|1779946774
|-terastallize|p2a: Ogerpon|Water
|detailschange|p2a: Ogerpon|Ogerpon-Wellspring-Tera, F, tera:Water
|-ability|p2a: Ogerpon|Embody Aspect (Wellspring)|boost
|-boost|p2a: Ogerpon|spd|1
|move|p2a: Ogerpon|Ivy Cudgel|p1a: Venoex|[anim] Ivy Cudgel Water
|-damage|p1a: Venoex|0 fnt
|faint|p1a: Venoex
|
|-weather|RainDance|[upkeep]
|-damage|p2a: Ogerpon|64/100 psn|[from] psn
|upkeep
|
|t:|1779946789
|switch|p1a: Sandman|Darkrai|100/100
|turn|7
|
|t:|1779946796
|move|p1a: Sandman|Hex|p2a: Ogerpon
|-damage|p2a: Ogerpon|9/100 psn
|move|p2a: Ogerpon|Ivy Cudgel|p1a: Sandman|[anim] Ivy Cudgel Water
|-damage|p1a: Sandman|0 fnt
|faint|p1a: Sandman
|
|-weather|RainDance|[upkeep]
|-damage|p2a: Ogerpon|0 fnt|[from] psn
|faint|p2a: Ogerpon
|detailschange|p2: Ogerpon|Ogerpon-Wellspring, F|[silent]
|upkeep
|
|t:|1779946817
|switch|p1a: Starey|Sandaconda, M|100/100
|switch|p2a: Tornadus|Tornadus-Therian, M|100/100
|-damage|p2a: Tornadus|76/100|[from] Stealth Rock
|turn|8
|
|t:|1779946825
|move|p2a: Tornadus|Bleakwind Storm|p1a: Starey
|-damage|p1a: Starey|63/100
|move|p1a: Starey|Glare|p2a: Tornadus
|-status|p2a: Tornadus|par
|
|-weather|none
|-heal|p1a: Starey|69/100|[from] item: Leftovers
|upkeep
|turn|9
|
|t:|1779946839
|move|p2a: Tornadus|U-turn|p1a: Starey
|-damage|p1a: Starey|59/100
|
|t:|1779946841
|switch|p2a: Pelipper|Pelipper, M|61/100 brn|[from] U-turn
|-damage|p2a: Pelipper|36/100 brn|[from] Stealth Rock
|-weather|RainDance|[from] ability: Drizzle|[of] p2a: Pelipper
|move|p1a: Starey|Stone Edge|p2a: Pelipper|[miss]
|-miss|p1a: Starey|p2a: Pelipper
|
|-weather|RainDance|[upkeep]
|-heal|p1a: Starey|65/100|[from] item: Leftovers
|-damage|p2a: Pelipper|30/100 brn|[from] brn
|upkeep
|turn|10
|
|t:|1779946852
|move|p1a: Starey|Coil|p1a: Starey
|-boost|p1a: Starey|atk|1
|-boost|p1a: Starey|def|1
|-boost|p1a: Starey|accuracy|1
|move|p2a: Pelipper|Roost|p2a: Pelipper
|-heal|p2a: Pelipper|80/100 brn
|-singleturn|p2a: Pelipper|move: Roost
|
|-weather|RainDance|[upkeep]
|-heal|p1a: Starey|71/100|[from] item: Leftovers
|-damage|p2a: Pelipper|74/100 brn|[from] brn
|upkeep
|turn|11
|
|t:|1779946866
|move|p1a: Starey|Coil|p1a: Starey
|-boost|p1a: Starey|atk|1
|-boost|p1a: Starey|def|1
|-boost|p1a: Starey|accuracy|1
|move|p2a: Pelipper|Hurricane|p1a: Starey
|-damage|p1a: Starey|35/100
|-start|p1a: Starey|confusion
|
|-weather|RainDance|[upkeep]
|-heal|p1a: Starey|41/100|[from] item: Leftovers
|-damage|p2a: Pelipper|68/100 brn|[from] brn
|upkeep
|turn|12
|
|t:|1779946880
|-activate|p1a: Starey|confusion
|-damage|p1a: Starey|34/100|[from] confusion
|move|p2a: Pelipper|U-turn|p1a: Starey
|-damage|p1a: Starey|32/100
|
|t:|1779946886
|switch|p2a: Darkrai|Darkrai|100/100|[from] U-turn
|-damage|p2a: Darkrai|88/100|[from] Stealth Rock
|-status|p2a: Darkrai|psn
|
|-weather|RainDance|[upkeep]
|-heal|p1a: Starey|38/100|[from] item: Leftovers
|-damage|p2a: Darkrai|76/100 psn|[from] psn
|upkeep
|turn|13
|
|t:|1779946892
|move|p2a: Darkrai|Dark Pulse|p1a: Starey
|-damage|p1a: Starey|0 fnt
|faint|p1a: Starey
|-damage|p2a: Darkrai|66/100 psn|[from] item: Life Orb
|
|-weather|RainDance|[upkeep]
|-damage|p2a: Darkrai|53/100 psn|[from] psn
|upkeep
|
|t:|1779946901
|switch|p1a: Tinkywinkypinky|Tinkaton, F|100/100
|-ability|p1a: Tinkywinkypinky|Mold Breaker
|turn|14
|
|t:|1779946907
|move|p2a: Darkrai|Dark Pulse|p1a: Tinkywinkypinky
|-resisted|p1a: Tinkywinkypinky
|-damage|p1a: Tinkywinkypinky|77/100
|-damage|p2a: Darkrai|43/100 psn|[from] item: Life Orb
|move|p1a: Tinkywinkypinky|Gigaton Hammer|p2a: Darkrai
|-damage|p2a: Darkrai|0 fnt
|faint|p2a: Darkrai
|
|-weather|RainDance|[upkeep]
|-heal|p1a: Tinkywinkypinky|83/100|[from] item: Leftovers
|upkeep
|
|t:|1779946927
|switch|p2a: Zamazenta|Zamazenta|100/100
|-ability|p2a: Zamazenta|Dauntless Shield|boost
|-boost|p2a: Zamazenta|def|1
|turn|15
|
|t:|1779946932
|move|p2a: Zamazenta|Close Combat|p1a: Tinkywinkypinky
|-damage|p1a: Tinkywinkypinky|24/100
|-unboost|p2a: Zamazenta|def|1
|-unboost|p2a: Zamazenta|spd|1
|move|p1a: Tinkywinkypinky|Thunder Wave|p2a: Zamazenta
|-status|p2a: Zamazenta|par
|
|-weather|RainDance|[upkeep]
|-heal|p1a: Tinkywinkypinky|30/100|[from] item: Leftovers
|upkeep
|turn|16
|
|t:|1779946942
|switch|p1a: Mismagiusty|Mismagius, M, shiny|100/100
|move|p2a: Zamazenta|Close Combat|p1a: Mismagiusty
|-immune|p1a: Mismagiusty
|
|-weather|none
|upkeep
|turn|17
|
|t:|1779946949
|-terastallize|p1a: Mismagiusty|Ghost
|move|p1a: Mismagiusty|Hex|p2a: Zamazenta
|-damage|p2a: Zamazenta|0 fnt
|faint|p2a: Zamazenta
|
|upkeep
|
|t:|1779946956
|switch|p2a: Pelipper|Pelipper, M|68/100 brn
|-damage|p2a: Pelipper|43/100 brn|[from] Stealth Rock
|-weather|RainDance|[from] ability: Drizzle|[of] p2a: Pelipper
|turn|18
|
|t:|1779946959
|move|p1a: Mismagiusty|Hex|p2a: Pelipper
|-damage|p2a: Pelipper|0 fnt
|faint|p2a: Pelipper
|
|-weather|RainDance|[upkeep]
|upkeep
|
|t:|1779946961
|switch|p2a: Raging Bolt|Raging Bolt|100/100
|-damage|p2a: Raging Bolt|88/100|[from] Stealth Rock
|-status|p2a: Raging Bolt|psn
|-enditem|p2a: Raging Bolt|Booster Energy
|-activate|p2a: Raging Bolt|ability: Protosynthesis|[fromitem]
|-start|p2a: Raging Bolt|protosynthesisspa
|turn|19
|
|t:|1779946966
|move|p2a: Raging Bolt|Thunderclap|p1a: Mismagiusty
|-damage|p1a: Mismagiusty|34/100
|move|p1a: Mismagiusty|Hex|p2a: Raging Bolt
|-damage|p2a: Raging Bolt|0 fnt
|faint|p2a: Raging Bolt
|-end|p2a: Raging Bolt|Protosynthesis|[silent]
|
|-weather|RainDance|[upkeep]
|upkeep
|
|t:|1779946969
|switch|p2a: Tornadus|Tornadus-Therian, M|100/100 par
|-damage|p2a: Tornadus|76/100 par|[from] Stealth Rock
|turn|20
|
|t:|1779946972
|move|p1a: Mismagiusty|Hex|p2a: Tornadus
|-damage|p2a: Tornadus|0 fnt
|faint|p2a: Tornadus
|
|win|gardevoirandvapo
|raw|gardevoirandvapo's rating: 1275 &rarr; <strong>1305</strong><br />(+30 for winning)
|raw|alidadccc's rating: 1339 &rarr; <strong>1315</strong><br />(-24 for losing)
|l|☆alidadccc
|player|p2|
