|j|☆llachiee
|j|☆ReverseImpactFrame
|t:|1779812858
|gametype|singles
|player|p1|llachiee|265|1485
|player|p2|ReverseImpactFrame|101|1480
|gen|9
|tier|[Gen 9] OU
|rated|
|rule|HP Percentage Mod: HP is shown in percentages
|rule|Endless Battle Clause: Forcing endless battles is banned
|rule|Species Clause: Limit one of each Pokémon
|rule|OHKO Clause: OHKO moves are banned
|rule|Evasion Items Clause: Evasion items are banned
|rule|Evasion Moves Clause: Evasion moves are banned
|rule|Evasion Abilities Clause: Evasion abilities are banned
|rule|Sleep Moves Clause: Sleep-inducing moves are banned
|clearpoke
|poke|p1|Gliscor, F|
|poke|p1|Blissey, F|
|poke|p1|Clefable, F|
|poke|p1|Toxapex, F|
|poke|p1|Dondozo, F|
|poke|p1|Corviknight, F|
|poke|p2|Great Tusk|
|poke|p2|Ninetales, M|
|poke|p2|Raging Bolt|
|poke|p2|Scream Tail|
|poke|p2|Walking Wake|
|poke|p2|Gholdengo|
|teampreview
|inactive|Battle timer is ON: inactive players will automatically lose when time's up. (requested by llachiee)
|
|t:|1779812886
|teamsize|p1|6
|teamsize|p2|6
|start
|switch|p1a: Adder|Gliscor, F|100/100
|switch|p2a: Ninetales|Ninetales, M, shiny|100/100
|-weather|SunnyDay|[from] ability: Drought|[of] p2a: Ninetales
|turn|1
|
|t:|1779812901
|switch|p2a: Gholdengo|Gholdengo|100/100
|move|p1a: Adder|Protect||[still]
|-fail|p1a: Adder
|
|-weather|SunnyDay|[upkeep]
|-status|p1a: Adder|tox|[from] item: Toxic Orb
|upkeep
|turn|2
|
|t:|1779812915
|switch|p2a: Walking Wake|Walking Wake|100/100
|-activate|p2a: Walking Wake|ability: Protosynthesis
|-start|p2a: Walking Wake|protosynthesisspa
|move|p1a: Adder|Knock Off|p2a: Walking Wake
|-damage|p2a: Walking Wake|77/100
|-enditem|p2a: Walking Wake|Life Orb|[from] move: Knock Off|[of] p1a: Adder
|
|-weather|SunnyDay|[upkeep]
|upkeep
|turn|3
|
|t:|1779812925
|-end|p2a: Walking Wake|Protosynthesis|[silent]
|switch|p2a: Great Tusk|Great Tusk|100/100
|-activate|p2a: Great Tusk|ability: Protosynthesis
|-start|p2a: Great Tusk|protosynthesisdef
|move|p1a: Adder|Protect||[still]
|-fail|p1a: Adder
|
|-weather|SunnyDay|[upkeep]
|upkeep
|turn|4
|
|t:|1779812933
|-end|p2a: Great Tusk|Protosynthesis|[silent]
|switch|p2a: Walking Wake|Walking Wake|77/100
|-activate|p2a: Walking Wake|ability: Protosynthesis
|-start|p2a: Walking Wake|protosynthesisspa
|-terastallize|p1a: Adder|Ghost
|move|p1a: Adder|Spikes|p2a: Walking Wake
|-sidestart|p2: ReverseImpactFrame|Spikes
|
|-weather|SunnyDay|[upkeep]
|upkeep
|turn|5
|
|t:|1779812941
|move|p1a: Adder|Protect|p1a: Adder
|-singleturn|p1a: Adder|Protect
|move|p2a: Walking Wake|Hydro Steam|p1a: Adder
|-activate|p1a: Adder|move: Protect
|
|-weather|SunnyDay|[upkeep]
|upkeep
|turn|6
|
|t:|1779812944
|-end|p2a: Walking Wake|Protosynthesis|[silent]
|switch|p2a: Great Tusk|Great Tusk|100/100
|-damage|p2a: Great Tusk|88/100|[from] Spikes
|-activate|p2a: Great Tusk|ability: Protosynthesis
|-start|p2a: Great Tusk|protosynthesisdef
|switch|p1a: Lash|Toxapex, F, shiny|100/100
|
|-weather|SunnyDay|[upkeep]
|-heal|p2a: Great Tusk|94/100|[from] item: Leftovers
|upkeep
|turn|7
|
|t:|1779812957
|-end|p2a: Great Tusk|Protosynthesis|[silent]
|switch|p2a: Gholdengo|Gholdengo|100/100
|-damage|p2a: Gholdengo|88/100|[from] Spikes
|switch|p1a: Adder|Gliscor, F, tera:Ghost|100/100 tox
|
|-weather|SunnyDay|[upkeep]
|upkeep
|turn|8
|
|t:|1779812963
|move|p1a: Adder|Protect|p1a: Adder
|-singleturn|p1a: Adder|Protect
|move|p2a: Gholdengo|Shadow Ball|p1a: Adder
|-activate|p1a: Adder|move: Protect
|
|-weather|none
|upkeep
|turn|9
|
|t:|1779812970
|switch|p1a: Lash|Toxapex, F, shiny|100/100
|move|p2a: Gholdengo|Nasty Plot|p2a: Gholdengo
|-boost|p2a: Gholdengo|spa|2
|
|upkeep
|turn|10
|
|t:|1779812975
|switch|p1a: Flesh Tutu|Blissey, F|100/100
|move|p2a: Gholdengo|Nasty Plot|p2a: Gholdengo
|-boost|p2a: Gholdengo|spa|2
|
|upkeep
|turn|11
|
|t:|1779812981
|move|p2a: Gholdengo|Make It Rain|p1a: Flesh Tutu
|-damage|p1a: Flesh Tutu|50/100
|-unboost|p2a: Gholdengo|spa|1
|move|p1a: Flesh Tutu|Calm Mind|p1a: Flesh Tutu
|-boost|p1a: Flesh Tutu|spa|1
|-boost|p1a: Flesh Tutu|spd|1
|
|upkeep
|turn|12
|
|t:|1779813003
|move|p2a: Gholdengo|Make It Rain|p1a: Flesh Tutu
|-damage|p1a: Flesh Tutu|24/100
|-unboost|p2a: Gholdengo|spa|1
|move|p1a: Flesh Tutu|Soft-Boiled|p1a: Flesh Tutu
|-heal|p1a: Flesh Tutu|74/100
|
|upkeep
|turn|13
|
|t:|1779813017
|switch|p2a: Great Tusk|Great Tusk|94/100
|-damage|p2a: Great Tusk|82/100|[from] Spikes
|move|p1a: Flesh Tutu|Shadow Ball|p2a: Great Tusk
|-damage|p2a: Great Tusk|60/100
|
|-heal|p2a: Great Tusk|66/100|[from] item: Leftovers
|upkeep
|turn|14
|
|t:|1779813025
|switch|p1a: Adder|Gliscor, F, tera:Ghost|100/100 tox
|move|p2a: Great Tusk|Knock Off|p1a: Adder
|-supereffective|p1a: Adder
|-damage|p1a: Adder|68/100 tox
|-enditem|p1a: Adder|Toxic Orb|[from] move: Knock Off|[of] p2a: Great Tusk
|
|-heal|p2a: Great Tusk|73/100|[from] item: Leftovers
|-heal|p1a: Adder|80/100 tox|[from] ability: Poison Heal
|upkeep
|turn|15
|
|t:|1779813034
|move|p1a: Adder|Knock Off|p2a: Great Tusk
|-resisted|p2a: Great Tusk
|-crit|p2a: Great Tusk
|-damage|p2a: Great Tusk|63/100
|-enditem|p2a: Great Tusk|Leftovers|[from] move: Knock Off|[of] p1a: Adder
|move|p2a: Great Tusk|Stealth Rock|p1a: Adder
|-sidestart|p1: llachiee|move: Stealth Rock
|
|-heal|p1a: Adder|93/100 tox|[from] ability: Poison Heal
|upkeep
|turn|16
|
|t:|1779813043
|-end|p2a: Great Tusk|Protosynthesis|[silent]
|switch|p2a: Ninetales|Ninetales, M, shiny|100/100
|-damage|p2a: Ninetales|88/100|[from] Spikes
|-weather|SunnyDay|[from] ability: Drought|[of] p2a: Ninetales
|move|p1a: Adder|Spikes|p2a: Ninetales
|-sidestart|p2: ReverseImpactFrame|Spikes
|
|-weather|SunnyDay|[upkeep]
|-heal|p1a: Adder|100/100 tox|[from] ability: Poison Heal
|upkeep
|turn|17
|
|t:|1779813052
|move|p1a: Adder|Protect|p1a: Adder
|-singleturn|p1a: Adder|Protect
|move|p2a: Ninetales|Encore|p1a: Adder
|-activate|p1a: Adder|move: Protect
|
|-weather|SunnyDay|[upkeep]
|upkeep
|turn|18
|
|t:|1779813058
|switch|p2a: Walking Wake|Walking Wake|77/100
|-damage|p2a: Walking Wake|61/100|[from] Spikes
|-activate|p2a: Walking Wake|ability: Protosynthesis
|-start|p2a: Walking Wake|protosynthesisspa
|switch|p1a: Lash|Toxapex, F, shiny|100/100
|
|-weather|SunnyDay|[upkeep]
|upkeep
|turn|19
|
|t:|1779813064
|move|p2a: Walking Wake|Draco Meteor|p1a: Lash
|-damage|p1a: Lash|42/100
|-unboost|p2a: Walking Wake|spa|2
|move|p1a: Lash|Toxic|p2a: Walking Wake
|-status|p2a: Walking Wake|tox
|
|-weather|SunnyDay|[upkeep]
|-damage|p2a: Walking Wake|54/100 tox|[from] psn
|upkeep
|turn|20
|
|t:|1779813072
|-end|p2a: Walking Wake|Protosynthesis|[silent]
|switch|p2a: Raging Bolt|Raging Bolt|100/100
|-damage|p2a: Raging Bolt|84/100|[from] Spikes
|-activate|p2a: Raging Bolt|ability: Protosynthesis
|-start|p2a: Raging Bolt|protosynthesisspa
|switch|p1a: Nell|Clefable, F|100/100
|
|-weather|SunnyDay|[upkeep]
|upkeep
|turn|21
|
|t:|1779813080
|switch|p1a: Flesh Tutu|Blissey, F|74/100
|move|p2a: Raging Bolt|Volt Switch|p1a: Flesh Tutu
|-damage|p1a: Flesh Tutu|60/100
|
|t:|1779813085
|-end|p2a: Raging Bolt|Protosynthesis|[silent]
|switch|p2a: Great Tusk|Great Tusk|63/100|[from] Volt Switch
|-damage|p2a: Great Tusk|47/100|[from] Spikes
|-activate|p2a: Great Tusk|ability: Protosynthesis
|-start|p2a: Great Tusk|protosynthesisdef
|
|-weather|SunnyDay|[upkeep]
|upkeep
|turn|22
|
|t:|1779813094
|switch|p1a: Adder|Gliscor, F, tera:Ghost|100/100 tox
|-damage|p1a: Adder|88/100 tox|[from] Stealth Rock
|move|p2a: Great Tusk|Knock Off|p1a: Adder
|-supereffective|p1a: Adder
|-damage|p1a: Adder|66/100 tox
|
|-weather|SunnyDay|[upkeep]
|-heal|p1a: Adder|79/100 tox|[from] ability: Poison Heal
|upkeep
|turn|23
|
|t:|1779813099
|move|p1a: Adder|Spikes|p2a: Great Tusk
|-sidestart|p2: ReverseImpactFrame|Spikes
|move|p2a: Great Tusk|Earthquake|p1a: Adder
|-damage|p1a: Adder|54/100 tox
|
|-weather|none
|-end|p2a: Great Tusk|Protosynthesis
|-heal|p1a: Adder|67/100 tox|[from] ability: Poison Heal
|upkeep
|turn|24
|
|t:|1779813106
|-end|p2a: Great Tusk|Protosynthesis|[silent]
|switch|p2a: Walking Wake|Walking Wake|54/100 tox
|-damage|p2a: Walking Wake|30/100 tox|[from] Spikes
|move|p1a: Adder|Protect||[still]
|-fail|p1a: Adder
|
|-damage|p2a: Walking Wake|23/100 tox|[from] psn
|-heal|p1a: Adder|79/100 tox|[from] ability: Poison Heal
|upkeep
|turn|25
|
|t:|1779813117
|move|p1a: Adder|Protect|p1a: Adder
|-singleturn|p1a: Adder|Protect
|move|p2a: Walking Wake|Hydro Steam|p1a: Adder
|-activate|p1a: Adder|move: Protect
|
|-damage|p2a: Walking Wake|11/100 tox|[from] psn
|-heal|p1a: Adder|92/100 tox|[from] ability: Poison Heal
|upkeep
|turn|26
|
|t:|1779813125
|switch|p1a: Lash|Toxapex, F, shiny|75/100
|move|p2a: Walking Wake|Draco Meteor|p1a: Lash
|-crit|p1a: Lash
|-damage|p1a: Lash|0 fnt
|-unboost|p2a: Walking Wake|spa|2
|faint|p1a: Lash
|
|-damage|p2a: Walking Wake|0 fnt|[from] psn
|faint|p2a: Walking Wake
|-end|p2a: Walking Wake|Protosynthesis|[silent]
|upkeep
|c|☆llachiee|lol
|c|☆llachiee|ok
|
|t:|1779813132
|switch|p2a: Ninetales|Ninetales, M, shiny|88/100
|switch|p1a: Flesh Tutu|Blissey, F|60/100
|-damage|p2a: Ninetales|63/100|[from] Spikes
|-weather|SunnyDay|[from] ability: Drought|[of] p2a: Ninetales
|turn|27
|
|t:|1779813150
|switch|p2a: Scream Tail|Scream Tail|100/100
|-damage|p2a: Scream Tail|76/100|[from] Spikes
|-activate|p2a: Scream Tail|ability: Protosynthesis
|-start|p2a: Scream Tail|protosynthesisspe
|move|p1a: Flesh Tutu|Soft-Boiled|p1a: Flesh Tutu
|-heal|p1a: Flesh Tutu|100/100
|
|-weather|SunnyDay|[upkeep]
|-heal|p2a: Scream Tail|82/100|[from] item: Leftovers
|upkeep
|turn|28
|
|t:|1779813158
|switch|p1a: Adder|Gliscor, F, tera:Ghost|92/100 tox
|-damage|p1a: Adder|79/100 tox|[from] Stealth Rock
|move|p2a: Scream Tail|Wish|p2a: Scream Tail
|
|-weather|SunnyDay|[upkeep]
|-heal|p2a: Scream Tail|88/100|[from] item: Leftovers
|-heal|p1a: Adder|92/100 tox|[from] ability: Poison Heal
|upkeep
|turn|29
|
|t:|1779813177
|move|p2a: Scream Tail|Psychic Noise|p1a: Adder
|-damage|p1a: Adder|68/100 tox
|-start|p1a: Adder|move: Heal Block
|move|p1a: Adder|Toxic|p2a: Scream Tail
|-status|p2a: Scream Tail|tox
|
|-weather|SunnyDay|[upkeep]
|-heal|p2a: Scream Tail|100/100 tox|[from] move: Wish|[wisher] Scream Tail
|-damage|p2a: Scream Tail|94/100 tox|[from] psn
|upkeep
|turn|30
|
|t:|1779813198
|move|p2a: Scream Tail|Wish|p2a: Scream Tail
|move|p1a: Adder|Knock Off|p2a: Scream Tail
|-damage|p2a: Scream Tail|78/100 tox
|-enditem|p2a: Scream Tail|Leftovers|[from] move: Knock Off|[of] p1a: Adder
|
|-weather|SunnyDay|[upkeep]
|-damage|p2a: Scream Tail|65/100 tox|[from] psn
|-end|p1a: Adder|move: Heal Block
|upkeep
|turn|31
|
|t:|1779813205
|switch|p1a: Nell|Clefable, F|100/100
|move|p2a: Scream Tail|Psychic Noise|p1a: Nell
|-damage|p1a: Nell|83/100
|-start|p1a: Nell|move: Heal Block
|
|-weather|SunnyDay|[upkeep]
|-heal|p2a: Scream Tail|100/100 tox|[from] move: Wish|[wisher] Scream Tail
|-damage|p2a: Scream Tail|82/100 tox|[from] psn
|upkeep
|turn|32
|
|t:|1779813220
|-end|p2a: Scream Tail|Protosynthesis|[silent]
|switch|p2a: Gholdengo|Gholdengo|88/100
|-damage|p2a: Gholdengo|63/100|[from] Spikes
|move|p1a: Nell|Stealth Rock|p2a: Gholdengo
|-sidestart|p2: ReverseImpactFrame|move: Stealth Rock
|
|-weather|SunnyDay|[upkeep]
|-end|p1a: Nell|move: Heal Block
|upkeep
|turn|33
|
|t:|1779813235
|switch|p2a: Scream Tail|Scream Tail|82/100 tox
|-damage|p2a: Scream Tail|57/100 tox|[from] Spikes
|-damage|p2a: Scream Tail|45/100 tox|[from] Stealth Rock
|-activate|p2a: Scream Tail|ability: Protosynthesis
|-start|p2a: Scream Tail|protosynthesisspe
|switch|p1a: Flesh Tutu|Blissey, F|100/100
|
|-weather|SunnyDay|[upkeep]
|-damage|p2a: Scream Tail|38/100 tox|[from] psn
|upkeep
|turn|34
|
|t:|1779813249
|move|p2a: Scream Tail|Wish|p2a: Scream Tail
|move|p1a: Flesh Tutu|Seismic Toss|p2a: Scream Tail
|-damage|p2a: Scream Tail|15/100 tox
|
|-weather|none
|-end|p2a: Scream Tail|Protosynthesis
|-damage|p2a: Scream Tail|3/100 tox|[from] psn
|upkeep
|turn|35
|
|t:|1779813265
|-end|p2a: Scream Tail|Protosynthesis|[silent]
|switch|p2a: Great Tusk|Great Tusk|47/100
|-damage|p2a: Great Tusk|22/100|[from] Spikes
|-damage|p2a: Great Tusk|19/100|[from] Stealth Rock
|move|p1a: Flesh Tutu|Shadow Ball|p2a: Great Tusk
|-damage|p2a: Great Tusk|5/100
|
|-heal|p2a: Great Tusk|55/100|[from] move: Wish|[wisher] Scream Tail
|upkeep
|turn|36
|inactive|ReverseImpactFrame has 120 seconds left.
|
|t:|1779813281
|-end|p2a: Great Tusk|Protosynthesis|[silent]
|switch|p2a: Ninetales|Ninetales, M, shiny|63/100
|-damage|p2a: Ninetales|39/100|[from] Spikes
|-damage|p2a: Ninetales|14/100|[from] Stealth Rock
|-weather|SunnyDay|[from] ability: Drought|[of] p2a: Ninetales
|switch|p1a: Adder|Gliscor, F, tera:Ghost|68/100 tox
|-damage|p1a: Adder|55/100 tox|[from] Stealth Rock
|
|-weather|SunnyDay|[upkeep]
|-heal|p1a: Adder|68/100 tox|[from] ability: Poison Heal
|upkeep
|turn|37
|
|t:|1779813310
|move|p1a: Adder|Protect|p1a: Adder
|-singleturn|p1a: Adder|Protect
|move|p2a: Ninetales|Healing Wish|p2a: Ninetales
|faint|p2a: Ninetales
|
|-weather|SunnyDay|[upkeep]
|-heal|p1a: Adder|80/100 tox|[from] ability: Poison Heal
|upkeep
|inactive|ReverseImpactFrame has 120 seconds left.
|
|t:|1779813326
|switch|p2a: Scream Tail|Scream Tail|3/100 tox
|-heal|p2a: Scream Tail|100/100|[from] move: Healing Wish
|-damage|p2a: Scream Tail|76/100|[from] Spikes
|-damage|p2a: Scream Tail|63/100|[from] Stealth Rock
|-activate|p2a: Scream Tail|ability: Protosynthesis
|-start|p2a: Scream Tail|protosynthesisspe
|turn|38
|
|t:|1779813336
|move|p2a: Scream Tail|Encore|p1a: Adder
|-start|p1a: Adder|Encore
|move|p1a: Adder|Protect||[still]
|-fail|p1a: Adder
|
|-weather|SunnyDay|[upkeep]
|-heal|p1a: Adder|93/100 tox|[from] ability: Poison Heal
|upkeep
|turn|39
|
|t:|1779813341
|switch|p1a: Nell|Clefable, F|83/100
|move|p2a: Scream Tail|Wish|p2a: Scream Tail
|
|-weather|SunnyDay|[upkeep]
|upkeep
|turn|40
|
|t:|1779813361
|move|p2a: Scream Tail|Psychic Noise|p1a: Nell
|-damage|p1a: Nell|66/100
|-start|p1a: Nell|move: Heal Block
|move|p1a: Nell|Moonblast|p2a: Scream Tail
|-damage|p2a: Scream Tail|40/100
|
|-weather|SunnyDay|[upkeep]
|-heal|p2a: Scream Tail|90/100|[from] move: Wish|[wisher] Scream Tail
|upkeep
|turn|41
|
|t:|1779813370
|move|p2a: Scream Tail|Wish|p2a: Scream Tail
|move|p1a: Nell|Trick|p2a: Scream Tail
|-activate|p1a: Nell|move: Trick|[of] p2a: Scream Tail
|-item|p2a: Scream Tail|Sticky Barb|[from] move: Trick
|-enditem|p1a: Nell|Sticky Barb|[silent]|[from] move: Trick
|
|-weather|SunnyDay|[upkeep]
|-end|p1a: Nell|move: Heal Block
|-damage|p2a: Scream Tail|78/100|[from] item: Sticky Barb
|upkeep
|turn|42
|
|t:|1779813378
|switch|p1a: Adder|Gliscor, F, tera:Ghost|93/100 tox
|-damage|p1a: Adder|80/100 tox|[from] Stealth Rock
|move|p2a: Scream Tail|Psychic Noise|p1a: Adder
|-crit|p1a: Adder
|-damage|p1a: Adder|46/100 tox
|-start|p1a: Adder|move: Heal Block
|
|-weather|SunnyDay|[upkeep]
|-heal|p2a: Scream Tail|100/100|[from] move: Wish|[wisher] Scream Tail
|-damage|p2a: Scream Tail|88/100|[from] item: Sticky Barb
|upkeep
|turn|43
|inactive|ReverseImpactFrame has 120 seconds left.
|
|t:|1779813415
|-terastallize|p2a: Scream Tail|Poison
|move|p1a: Adder|Protect|p1a: Adder
|-singleturn|p1a: Adder|Protect
|move|p2a: Scream Tail|Psychic Noise|p1a: Adder
|-activate|p1a: Adder|move: Protect
|
|-weather|none
|-end|p2a: Scream Tail|Protosynthesis
|-end|p1a: Adder|move: Heal Block
|-damage|p2a: Scream Tail|76/100|[from] item: Sticky Barb
|upkeep
|turn|44
|
|t:|1779813427
|switch|p1a: Sturm|Corviknight, F, shiny|100/100
|-damage|p1a: Sturm|88/100|[from] Stealth Rock
|-ability|p1a: Sturm|Pressure
|move|p2a: Scream Tail|Psychic Noise|p1a: Sturm
|-resisted|p1a: Sturm
|-damage|p1a: Sturm|81/100
|-start|p1a: Sturm|move: Heal Block
|
|-damage|p2a: Scream Tail|63/100|[from] item: Sticky Barb
|upkeep
|turn|45
|
|t:|1779813431
|move|p2a: Scream Tail|Wish|p2a: Scream Tail
|move|p1a: Sturm|Spite|p2a: Scream Tail
|-activate|p2a: Scream Tail|move: Spite|Wish|4
|
|-end|p1a: Sturm|move: Heal Block
|-damage|p2a: Scream Tail|51/100|[from] item: Sticky Barb
|upkeep
|turn|46
|inactive|ReverseImpactFrame has 120 seconds left.
|
|t:|1779813446
|move|p2a: Scream Tail|Protect|p2a: Scream Tail
|-singleturn|p2a: Scream Tail|Protect
|move|p1a: Sturm|Spite|p2a: Scream Tail
|-activate|p2a: Scream Tail|move: Protect
|
|-heal|p2a: Scream Tail|100/100|[from] move: Wish|[wisher] Scream Tail
|-heal|p1a: Sturm|87/100|[from] item: Leftovers
|-damage|p2a: Scream Tail|88/100|[from] item: Sticky Barb
|upkeep
|turn|47
|inactive|ReverseImpactFrame has 120 seconds left.
|
|t:|1779813457
|-end|p2a: Scream Tail|Protosynthesis|[silent]
|switch|p2a: Gholdengo|Gholdengo|63/100
|-damage|p2a: Gholdengo|38/100|[from] Spikes
|-damage|p2a: Gholdengo|32/100|[from] Stealth Rock
|move|p1a: Sturm|Spite|p2a: Gholdengo
|-immune|p2a: Gholdengo|[from] ability: Good as Gold
|
|-heal|p1a: Sturm|93/100|[from] item: Leftovers
|upkeep
|turn|48
|
|t:|1779813462
|switch|p1a: Flesh Tutu|Blissey, F|100/100
|move|p2a: Gholdengo|Recover|p2a: Gholdengo
|-heal|p2a: Gholdengo|82/100
|
|upkeep
|turn|49
|
|t:|1779813471
|switch|p2a: Scream Tail|Scream Tail, tera:Poison|88/100
|-damage|p2a: Scream Tail|63/100|[from] Spikes
|-damage|p2a: Scream Tail|51/100|[from] Stealth Rock
|move|p1a: Flesh Tutu|Calm Mind|p1a: Flesh Tutu
|-boost|p1a: Flesh Tutu|spa|1
|-boost|p1a: Flesh Tutu|spd|1
|
|-damage|p2a: Scream Tail|38/100|[from] item: Sticky Barb
|upkeep
|turn|50
|
|t:|1779813489
|switch|p1a: Sturm|Corviknight, F, shiny|93/100
|-damage|p1a: Sturm|81/100|[from] Stealth Rock
|-ability|p1a: Sturm|Pressure
|move|p2a: Scream Tail|Encore||[still]
|-fail|p2a: Scream Tail
|
|-heal|p1a: Sturm|87/100|[from] item: Leftovers
|-damage|p2a: Scream Tail|26/100|[from] item: Sticky Barb
|upkeep
|turn|51
|c|☆llachiee|what r u even doing
|
|t:|1779813497
|move|p2a: Scream Tail|Wish|p2a: Scream Tail
|move|p1a: Sturm|Spite|p2a: Scream Tail
|-activate|p2a: Scream Tail|move: Spite|Wish|4
|
|-heal|p1a: Sturm|93/100|[from] item: Leftovers
|-damage|p2a: Scream Tail|13/100|[from] item: Sticky Barb
|upkeep
|turn|52
|
|t:|1779813505
|switch|p1a: Adder|Gliscor, F, tera:Ghost|46/100 tox
|-damage|p1a: Adder|33/100 tox|[from] Stealth Rock
|move|p2a: Scream Tail|Encore||[still]
|-fail|p2a: Scream Tail
|
|-heal|p2a: Scream Tail|63/100|[from] move: Wish|[wisher] Scream Tail
|-heal|p1a: Adder|46/100 tox|[from] ability: Poison Heal
|-damage|p2a: Scream Tail|51/100|[from] item: Sticky Barb
|upkeep
|turn|53
|
|t:|1779813513
|move|p1a: Adder|Protect|p1a: Adder
|-singleturn|p1a: Adder|Protect
|move|p2a: Scream Tail|Wish|p2a: Scream Tail
|
|-heal|p1a: Adder|58/100 tox|[from] ability: Poison Heal
|-damage|p2a: Scream Tail|39/100|[from] item: Sticky Barb
|upkeep
|turn|54
|
|t:|1779813525
|switch|p1a: Sturm|Corviknight, F, shiny|93/100
|-damage|p1a: Sturm|81/100|[from] Stealth Rock
|-ability|p1a: Sturm|Pressure
|move|p2a: Scream Tail|Psychic Noise|p1a: Sturm
|-resisted|p1a: Sturm
|-damage|p1a: Sturm|74/100
|-start|p1a: Sturm|move: Heal Block
|
|-heal|p2a: Scream Tail|89/100|[from] move: Wish|[wisher] Scream Tail
|-damage|p2a: Scream Tail|76/100|[from] item: Sticky Barb
|upkeep
|turn|55
|
|t:|1779813538
|move|p2a: Scream Tail|Protect|p2a: Scream Tail
|-singleturn|p2a: Scream Tail|Protect
|move|p1a: Sturm|Spite|p2a: Scream Tail
|-activate|p2a: Scream Tail|move: Protect
|
|-end|p1a: Sturm|move: Heal Block
|-damage|p2a: Scream Tail|64/100|[from] item: Sticky Barb
|upkeep
|turn|56
|
|t:|1779813543
|move|p2a: Scream Tail|Encore|p1a: Sturm
|-start|p1a: Sturm|Encore
|move|p1a: Sturm|Spite|p2a: Scream Tail
|-activate|p2a: Scream Tail|move: Spite|Encore|2
|
|-heal|p1a: Sturm|80/100|[from] item: Leftovers
|-damage|p2a: Scream Tail|51/100|[from] item: Sticky Barb
|upkeep
|turn|57
|
|t:|1779813553
|-end|p2a: Scream Tail|Protosynthesis|[silent]
|switch|p2a: Great Tusk|Great Tusk|55/100
|-damage|p2a: Great Tusk|30/100|[from] Spikes
|-damage|p2a: Great Tusk|27/100|[from] Stealth Rock
|move|p1a: Sturm|Spite||[still]
|-fail|p1a: Sturm
|
|-heal|p1a: Sturm|86/100|[from] item: Leftovers
|upkeep
|turn|58
|
|t:|1779813558
|switch|p1a: Adder|Gliscor, F, tera:Ghost|58/100 tox
|-damage|p1a: Adder|46/100 tox|[from] Stealth Rock
|move|p2a: Great Tusk|Knock Off|p1a: Adder
|-supereffective|p1a: Adder
|-damage|p1a: Adder|21/100 tox
|
|-heal|p1a: Adder|33/100 tox|[from] ability: Poison Heal
|upkeep
|turn|59
|j| hgghgbc
|l| hgghgbc
|
|t:|1779813572
|move|p1a: Adder|Protect|p1a: Adder
|-singleturn|p1a: Adder|Protect
|move|p2a: Great Tusk|Earthquake|p1a: Adder
|-activate|p1a: Adder|move: Protect
|
|-heal|p1a: Adder|46/100 tox|[from] ability: Poison Heal
|upkeep
|turn|60
|
|t:|1779813579
|move|p1a: Adder|Toxic|p2a: Great Tusk
|-status|p2a: Great Tusk|tox
|move|p2a: Great Tusk|Earthquake|p1a: Adder
|-damage|p1a: Adder|18/100 tox
|
|-heal|p1a: Adder|30/100 tox|[from] ability: Poison Heal
|-damage|p2a: Great Tusk|21/100 tox|[from] psn
|upkeep
|turn|61
|
|t:|1779813587
|move|p1a: Adder|Protect|p1a: Adder
|-singleturn|p1a: Adder|Protect
|move|p2a: Great Tusk|Earthquake|p1a: Adder
|-activate|p1a: Adder|move: Protect
|
|-heal|p1a: Adder|43/100 tox|[from] ability: Poison Heal
|-damage|p2a: Great Tusk|8/100 tox|[from] psn
|upkeep
|turn|62
|
|t:|1779813597
|switch|p1a: Sturm|Corviknight, F, shiny|86/100
|-damage|p1a: Sturm|73/100|[from] Stealth Rock
|-ability|p1a: Sturm|Pressure
|move|p2a: Great Tusk|Rapid Spin|p1a: Sturm
|-resisted|p1a: Sturm
|-damage|p1a: Sturm|67/100
|-boost|p2a: Great Tusk|spe|1
|-sideend|p2: ReverseImpactFrame|Spikes|[from] move: Rapid Spin|[of] p2a: Great Tusk
|-sideend|p2: ReverseImpactFrame|Stealth Rock|[from] move: Rapid Spin|[of] p2a: Great Tusk
|
|-heal|p1a: Sturm|73/100|[from] item: Leftovers
|-damage|p2a: Great Tusk|0 fnt|[from] psn
|faint|p2a: Great Tusk
|-end|p2a: Great Tusk|Protosynthesis|[silent]
|upkeep
|
|t:|1779813612
|switch|p2a: Raging Bolt|Raging Bolt|84/100
|turn|63
|
|t:|1779813616
|switch|p1a: Flesh Tutu|Blissey, F|100/100
|move|p2a: Raging Bolt|Volt Switch|p1a: Flesh Tutu
|-damage|p1a: Flesh Tutu|90/100
|
|t:|1779813620
|-end|p2a: Raging Bolt|Protosynthesis|[silent]
|switch|p2a: Scream Tail|Scream Tail, tera:Poison|51/100|[from] Volt Switch
|
|-damage|p2a: Scream Tail|39/100|[from] item: Sticky Barb
|upkeep
|turn|64
|
|t:|1779813627
|switch|p1a: Nell|Clefable, F|66/100
|move|p2a: Scream Tail|Psychic Noise|p1a: Nell
|-damage|p1a: Nell|50/100
|-start|p1a: Nell|move: Heal Block
|
|-damage|p2a: Scream Tail|26/100|[from] item: Sticky Barb
|upkeep
|turn|65
|
|t:|1779813648
|move|p2a: Scream Tail|Psychic Noise|p1a: Nell
|-crit|p1a: Nell
|-damage|p1a: Nell|25/100
|move|p1a: Nell|Stealth Rock|p2a: Scream Tail
|-sidestart|p2: ReverseImpactFrame|move: Stealth Rock
|
|-end|p1a: Nell|move: Heal Block
|-damage|p2a: Scream Tail|14/100|[from] item: Sticky Barb
|upkeep
|turn|66
|
|t:|1779813662
|move|p2a: Scream Tail|Psychic Noise|p1a: Nell
|-damage|p1a: Nell|8/100
|-start|p1a: Nell|move: Heal Block
|move|p1a: Nell|Stealth Rock||[still]
|-fail|p1a: Nell
|
|-damage|p2a: Scream Tail|1/100|[from] item: Sticky Barb
|upkeep
|turn|67
|
|t:|1779813683
|-end|p2a: Scream Tail|Protosynthesis|[silent]
|switch|p2a: Gholdengo|Gholdengo|82/100
|-damage|p2a: Gholdengo|76/100|[from] Stealth Rock
|move|p1a: Nell|Stealth Rock||[still]
|-fail|p1a: Nell
|
|-end|p1a: Nell|move: Heal Block
|upkeep
|turn|68
|
|t:|1779813687
|switch|p1a: Flesh Tutu|Blissey, F|90/100
|move|p2a: Gholdengo|Nasty Plot|p2a: Gholdengo
|-boost|p2a: Gholdengo|spa|2
|
|upkeep
|turn|69
|
|t:|1779813699
|move|p2a: Gholdengo|Nasty Plot|p2a: Gholdengo
|-boost|p2a: Gholdengo|spa|2
|move|p1a: Flesh Tutu|Calm Mind|p1a: Flesh Tutu
|-boost|p1a: Flesh Tutu|spa|1
|-boost|p1a: Flesh Tutu|spd|1
|
|upkeep
|turn|70
|j| hgghgbc
|
|t:|1779813701
|move|p2a: Gholdengo|Nasty Plot|p2a: Gholdengo
|-boost|p2a: Gholdengo|spa|2
|move|p1a: Flesh Tutu|Calm Mind|p1a: Flesh Tutu
|-boost|p1a: Flesh Tutu|spa|1
|-boost|p1a: Flesh Tutu|spd|1
|
|upkeep
|turn|71
|
|t:|1779813705
|move|p2a: Gholdengo|Make It Rain|p1a: Flesh Tutu
|-damage|p1a: Flesh Tutu|57/100
|-unboost|p2a: Gholdengo|spa|1
|move|p1a: Flesh Tutu|Calm Mind|p1a: Flesh Tutu
|-boost|p1a: Flesh Tutu|spa|1
|-boost|p1a: Flesh Tutu|spd|1
|
|upkeep
|turn|72
|
|t:|1779813712
|move|p2a: Gholdengo|Make It Rain|p1a: Flesh Tutu
|-damage|p1a: Flesh Tutu|37/100
|-unboost|p2a: Gholdengo|spa|1
|move|p1a: Flesh Tutu|Soft-Boiled|p1a: Flesh Tutu
|-heal|p1a: Flesh Tutu|87/100
|
|upkeep
|turn|73
|
|t:|1779813715
|move|p2a: Gholdengo|Make It Rain|p1a: Flesh Tutu
|-damage|p1a: Flesh Tutu|67/100
|-unboost|p2a: Gholdengo|spa|1
|move|p1a: Flesh Tutu|Shadow Ball|p2a: Gholdengo
|-supereffective|p2a: Gholdengo
|-damage|p2a: Gholdengo|14/100
|
|upkeep
|turn|74
|l| hgghgbc
|
|t:|1779813723
|move|p2a: Gholdengo|Make It Rain|p1a: Flesh Tutu
|-damage|p1a: Flesh Tutu|51/100
|-unboost|p2a: Gholdengo|spa|1
|move|p1a: Flesh Tutu|Shadow Ball|p2a: Gholdengo
|-supereffective|p2a: Gholdengo
|-damage|p2a: Gholdengo|0 fnt
|faint|p2a: Gholdengo
|
|upkeep
|l|☆ReverseImpactFrame
|inactive|ReverseImpactFrame disconnected and has a minute to reconnect!
|player|p2|
|inactive|ReverseImpactFrame has 30 seconds to reconnect!
|inactive|ReverseImpactFrame has 20 seconds to reconnect!
|inactive|ReverseImpactFrame has 15 seconds to reconnect!
|inactive|ReverseImpactFrame has 10 seconds to reconnect!
|inactive|ReverseImpactFrame has 5 seconds to reconnect!
|-message|ReverseImpactFrame lost due to inactivity.
|
|win|llachiee
|raw|llachiee's rating: 1502 &rarr; <strong>1521</strong><br />(+19 for winning)
|raw|ReverseImpactFrame's rating: 1480 &rarr; <strong>1461</strong><br />(-19 for losing)
|l|☆llachiee
|player|p1|
