|j|☆gabboh
|j|☆Alx12
|t:|1779804632
|gametype|singles
|player|p1|gabboh|265|1567
|player|p2|Alx12|birdkeeper-gen4dp|1521
|gen|9
|tier|[Gen 9] OU
|rated|
|rule|HP Percentage Mod: HP is shown in percentages
|rule|Endless Battle Clause: Forcing endless battles is banned
|rule|Species Clause: Limit one of each Pokémon
|rule|OHKO Clause: OHKO moves are banned
|rule|Evasion Items Clause: Evasion items are banned
|rule|Evasion Moves Clause: Evasion moves are banned
|rule|Evasion Abilities Clause: Evasion abilities are banned
|rule|Sleep Moves Clause: Sleep-inducing moves are banned
|clearpoke
|poke|p1|Smeargle, M|
|poke|p1|Gholdengo|
|poke|p1|Samurott-Hisui, F|
|poke|p1|Zamazenta-*|
|poke|p1|Moltres-Galar|
|poke|p1|Deoxys-Speed|
|poke|p2|Dragonite, M|
|poke|p2|Garchomp, M|
|poke|p2|Darkrai|
|poke|p2|Gholdengo|
|poke|p2|Moltres|
|poke|p2|Walking Wake|
|teampreview
|
|t:|1779804646
|teamsize|p1|6
|teamsize|p2|6
|start
|switch|p1a: Samurott|Samurott-Hisui, F|100/100
|switch|p2a: Walking Wake|Walking Wake|100/100
|turn|1
|
|t:|1779804651
|move|p2a: Walking Wake|Draco Meteor|p1a: Samurott
|-damage|p1a: Samurott|10/100
|-unboost|p2a: Walking Wake|spa|2
|move|p1a: Samurott|Ceaseless Edge|p2a: Walking Wake
|-damage|p2a: Walking Wake|56/100
|-sidestart|p2: Alx12|Spikes
|
|upkeep
|turn|2
|
|t:|1779804659
|move|p2a: Walking Wake|Knock Off|p1a: Samurott
|-resisted|p1a: Samurott
|-damage|p1a: Samurott|0 fnt
|-enditem|p1a: Samurott|Focus Sash|[from] move: Knock Off|[of] p2a: Walking Wake
|faint|p1a: Samurott
|
|upkeep
|
|t:|1779804689
|switch|p1a: Deoxys|Deoxys-Speed|100/100
|-ability|p1a: Deoxys|Pressure
|turn|3
|j| hattybatty304
|
|t:|1779804694
|move|p1a: Deoxys|Light Screen|p1a: Deoxys
|-sidestart|p1: gabboh|move: Light Screen
|move|p2a: Walking Wake|Flip Turn|p1a: Deoxys
|-crit|p1a: Deoxys
|-damage|p1a: Deoxys|70/100
|
|t:|1779804700
|-end|p2a: Walking Wake|Protosynthesis|[silent]
|switch|p2a: Gholdengo|Gholdengo|100/100|[from] Flip Turn
|-damage|p2a: Gholdengo|88/100|[from] Spikes
|
|upkeep
|turn|4
|
|t:|1779804708
|move|p1a: Deoxys|Taunt|p2a: Gholdengo
|-immune|p2a: Gholdengo|[from] ability: Good as Gold
|move|p2a: Gholdengo|Nasty Plot|p2a: Gholdengo
|-boost|p2a: Gholdengo|spa|2
|
|upkeep
|turn|5
|
|t:|1779804714
|move|p1a: Deoxys|Reflect|p1a: Deoxys
|-sidestart|p1: gabboh|Reflect
|move|p2a: Gholdengo|Nasty Plot|p2a: Gholdengo
|-boost|p2a: Gholdengo|spa|2
|
|upkeep
|turn|6
|
|t:|1779804726
|switch|p1a: Moltres|Moltres-Galar|100/100
|move|p2a: Gholdengo|Nasty Plot|p2a: Gholdengo
|-boost|p2a: Gholdengo|spa|2
|
|upkeep
|turn|7
|
|t:|1779804734
|-terastallize|p2a: Gholdengo|Water
|move|p1a: Moltres|Agility|p1a: Moltres
|-boost|p1a: Moltres|spe|2
|move|p2a: Gholdengo|Thunderbolt|p1a: Moltres
|-supereffective|p1a: Moltres
|-damage|p1a: Moltres|17/100
|-ability|p1a: Moltres|Berserk|boost
|-boost|p1a: Moltres|spa|1
|-enditem|p1a: Moltres|Sitrus Berry|[eat]
|-heal|p1a: Moltres|42/100|[from] item: Sitrus Berry
|
|upkeep
|turn|8
|
|t:|1779804746
|move|p1a: Moltres|Hurricane|p2a: Gholdengo
|-crit|p2a: Gholdengo
|-damage|p2a: Gholdengo|0 fnt
|faint|p2a: Gholdengo
|
|upkeep
|
|t:|1779804750
|switch|p2a: Moltres|Moltres|100/100
|turn|9
|
|t:|1779804756
|move|p1a: Moltres|Hurricane|p2a: Moltres|[miss]
|-miss|p1a: Moltres|p2a: Moltres
|move|p2a: Moltres|Flamethrower|p1a: Moltres
|-damage|p1a: Moltres|26/100
|
|upkeep
|turn|10
|
|t:|1779804762
|move|p1a: Moltres|Hurricane|p2a: Moltres
|-damage|p2a: Moltres|36/100
|move|p2a: Moltres|Flamethrower|p1a: Moltres
|-damage|p1a: Moltres|9/100
|
|-sideend|p1: gabboh|move: Light Screen
|upkeep
|turn|11
|
|t:|1779804768
|move|p1a: Moltres|Hurricane|p2a: Moltres
|-damage|p2a: Moltres|0 fnt
|faint|p2a: Moltres
|
|upkeep
|
|t:|1779804770
|switch|p2a: Dragonite|Dragonite, M|100/100
|turn|12
|
|t:|1779804775
|move|p2a: Dragonite|Extreme Speed|p1a: Moltres
|-damage|p1a: Moltres|0 fnt
|faint|p1a: Moltres
|
|-sideend|p1: gabboh|Reflect
|upkeep
|
|t:|1779804780
|switch|p1a: Deoxys|Deoxys-Speed|70/100
|-ability|p1a: Deoxys|Pressure
|turn|13
|
|t:|1779804785
|move|p2a: Dragonite|Extreme Speed|p1a: Deoxys
|-crit|p1a: Deoxys
|-damage|p1a: Deoxys|16/100
|move|p1a: Deoxys|Reflect|p1a: Deoxys
|-sidestart|p1: gabboh|Reflect
|
|upkeep
|turn|14
|
|t:|1779804793
|move|p2a: Dragonite|Extreme Speed|p1a: Deoxys
|-damage|p1a: Deoxys|0 fnt
|faint|p1a: Deoxys
|
|upkeep
|
|t:|1779804800
|switch|p1a: Smeargle|Smeargle, M|100/100
|turn|15
|
|t:|1779804814
|switch|p2a: Walking Wake|Walking Wake|56/100
|switch|p1a: Gholdengo|Gholdengo|100/100
|
|upkeep
|turn|16
|
|t:|1779804843
|move|p1a: Gholdengo|Shadow Ball|p2a: Walking Wake
|-damage|p2a: Walking Wake|3/100
|move|p2a: Walking Wake|Flip Turn|p1a: Gholdengo
|-damage|p1a: Gholdengo|91/100
|
|t:|1779804847
|-end|p2a: Walking Wake|Protosynthesis|[silent]
|switch|p2a: Darkrai|Darkrai|100/100|[from] Flip Turn
|-damage|p2a: Darkrai|88/100|[from] Spikes
|
|upkeep
|turn|17
|
|t:|1779804852
|switch|p1a: Zamazenta|Zamazenta|100/100
|-ability|p1a: Zamazenta|Dauntless Shield|boost
|-boost|p1a: Zamazenta|def|1
|move|p2a: Darkrai|Dark Pulse|p1a: Zamazenta
|-resisted|p1a: Zamazenta
|-damage|p1a: Zamazenta|79/100
|
|-heal|p1a: Zamazenta|85/100|[from] item: Leftovers
|upkeep
|turn|18
|
|t:|1779804867
|switch|p2a: Walking Wake|Walking Wake|3/100
|move|p1a: Zamazenta|Iron Defense|p1a: Zamazenta
|-boost|p1a: Zamazenta|def|2
|
|-heal|p1a: Zamazenta|92/100|[from] item: Leftovers
|upkeep
|turn|19
|
|t:|1779804873
|move|p1a: Zamazenta|Body Press|p2a: Walking Wake
|-damage|p2a: Walking Wake|0 fnt
|faint|p2a: Walking Wake
|-end|p2a: Walking Wake|Protosynthesis|[silent]
|
|-heal|p1a: Zamazenta|98/100|[from] item: Leftovers
|upkeep
|
|t:|1779804877
|switch|p2a: Garchomp|Garchomp, M|100/100
|-damage|p2a: Garchomp|88/100|[from] Spikes
|turn|20
|
|t:|1779804884
|move|p1a: Zamazenta|Body Press|p2a: Garchomp
|-damage|p2a: Garchomp|28/100
|-damage|p1a: Zamazenta|85/100|[from] ability: Rough Skin|[of] p2a: Garchomp
|-damage|p1a: Zamazenta|69/100|[from] item: Rocky Helmet|[of] p2a: Garchomp
|move|p2a: Garchomp|Dragon Tail|p1a: Zamazenta
|-damage|p1a: Zamazenta|65/100
|drag|p1a: Gholdengo|Gholdengo|91/100
|
|-sideend|p1: gabboh|Reflect
|upkeep
|turn|21
|
|t:|1779804894
|move|p1a: Gholdengo|Trick|p2a: Garchomp
|-activate|p1a: Gholdengo|move: Trick|[of] p2a: Garchomp
|-item|p2a: Garchomp|Choice Scarf|[from] move: Trick
|-item|p1a: Gholdengo|Rocky Helmet|[from] move: Trick
|move|p2a: Garchomp|Spikes|p1a: Gholdengo
|-sidestart|p1: gabboh|Spikes
|
|upkeep
|turn|22
|
|t:|1779804903
|move|p2a: Garchomp|Spikes|p1a: Gholdengo
|-sidestart|p1: gabboh|Spikes
|move|p1a: Gholdengo|Memento|p2a: Garchomp
|-unboost|p2a: Garchomp|atk|2
|-unboost|p2a: Garchomp|spa|2
|faint|p1a: Gholdengo
|
|upkeep
|
|t:|1779804909
|switch|p1a: Smeargle|Smeargle, M|100/100
|-damage|p1a: Smeargle|84/100|[from] Spikes
|turn|23
|
|t:|1779804913
|move|p2a: Garchomp|Spikes|p1a: Smeargle
|-sidestart|p1: gabboh|Spikes
|move|p1a: Smeargle|Jaw Lock|p2a: Garchomp
|-damage|p2a: Garchomp|20/100
|-activate|p1a: Smeargle|trapped
|-activate|p2a: Garchomp|trapped
|-damage|p1a: Smeargle|72/100|[from] ability: Rough Skin|[of] p2a: Garchomp
|
|upkeep
|turn|24
|
|t:|1779804921
|move|p2a: Garchomp|Spikes||[still]
|-fail|p2a: Garchomp
|move|p1a: Smeargle|No Retreat|p1a: Smeargle
|-boost|p1a: Smeargle|atk|1
|-boost|p1a: Smeargle|def|1
|-boost|p1a: Smeargle|spa|1
|-boost|p1a: Smeargle|spd|1
|-boost|p1a: Smeargle|spe|1
|
|upkeep
|turn|25
|
|t:|1779804928
|move|p2a: Garchomp|Spikes||[still]
|-fail|p2a: Garchomp
|move|p1a: Smeargle|No Retreat|p1a: Smeargle
|-boost|p1a: Smeargle|atk|1
|-boost|p1a: Smeargle|def|1
|-boost|p1a: Smeargle|spa|1
|-boost|p1a: Smeargle|spd|1
|-boost|p1a: Smeargle|spe|1
|
|upkeep
|turn|26
|
|t:|1779804935
|move|p2a: Garchomp|Spikes||[still]
|-fail|p2a: Garchomp
|move|p1a: Smeargle|No Retreat|p1a: Smeargle
|-boost|p1a: Smeargle|atk|1
|-boost|p1a: Smeargle|def|1
|-boost|p1a: Smeargle|spa|1
|-boost|p1a: Smeargle|spd|1
|-boost|p1a: Smeargle|spe|1
|
|upkeep
|turn|27
|
|t:|1779804942
|move|p1a: Smeargle|No Retreat|p1a: Smeargle
|-boost|p1a: Smeargle|atk|1
|-boost|p1a: Smeargle|def|1
|-boost|p1a: Smeargle|spa|1
|-boost|p1a: Smeargle|spd|1
|-boost|p1a: Smeargle|spe|1
|move|p2a: Garchomp|Spikes||[still]
|-fail|p2a: Garchomp
|
|upkeep
|turn|28
|inactive|Battle timer is ON: inactive players will automatically lose when time's up. (requested by gabboh)
|
|t:|1779804984
|move|p1a: Smeargle|No Retreat|p1a: Smeargle
|-boost|p1a: Smeargle|atk|1
|-boost|p1a: Smeargle|def|1
|-boost|p1a: Smeargle|spa|1
|-boost|p1a: Smeargle|spd|1
|-boost|p1a: Smeargle|spe|1
|move|p2a: Garchomp|Spikes||[still]
|-fail|p2a: Garchomp
|
|upkeep
|turn|29
|
|t:|1779804991
|move|p1a: Smeargle|No Retreat|p1a: Smeargle
|-boost|p1a: Smeargle|atk|1
|-boost|p1a: Smeargle|def|1
|-boost|p1a: Smeargle|spa|1
|-boost|p1a: Smeargle|spd|1
|-boost|p1a: Smeargle|spe|1
|move|p2a: Garchomp|Spikes||[still]
|-fail|p2a: Garchomp
|
|upkeep
|turn|30
|
|t:|1779804998
|move|p1a: Smeargle|Power Trip|p2a: Garchomp
|-damage|p2a: Garchomp|0 fnt
|-damage|p1a: Smeargle|59/100|[from] ability: Rough Skin|[of] p2a: Garchomp
|faint|p2a: Garchomp
|
|upkeep
|
|t:|1779805002
|switch|p2a: Dragonite|Dragonite, M|100/100
|turn|31
|
|t:|1779805006
|move|p2a: Dragonite|Extreme Speed|p1a: Smeargle
|-damage|p1a: Smeargle|40/100
|move|p1a: Smeargle|Population Bomb|p2a: Dragonite
|-damage|p2a: Dragonite|87/100
|-damage|p2a: Dragonite|59/100
|-crit|p2a: Dragonite
|-damage|p2a: Dragonite|17/100
|-damage|p2a: Dragonite|0 fnt
|faint|p2a: Dragonite
|-hitcount|p2: Dragonite|4
|
|upkeep
|
|t:|1779805010
|switch|p2a: Darkrai|Darkrai|88/100
|-damage|p2a: Darkrai|76/100|[from] Spikes
|turn|32
|
|t:|1779805020
|move|p1a: Smeargle|Population Bomb|p2a: Darkrai
|-damage|p2a: Darkrai|40/100
|-damage|p2a: Darkrai|5/100
|-damage|p2a: Darkrai|0 fnt
|faint|p2a: Darkrai
|-hitcount|p2: Darkrai|3
|
|win|gabboh
|raw|gabboh's rating: 1567 &rarr; <strong>1584</strong><br />(+17 for winning)
|raw|Alx12's rating: 1521 &rarr; <strong>1504</strong><br />(-17 for losing)
|l|☆Alx12
|player|p2|
|l| hattybatty304
|l|☆gabboh
|player|p1|
