|j|☆JohnButters
|j|☆LLCDoubleOG
|t:|1779894892
|gametype|singles
|player|p1|JohnButters|266|1082
|player|p2|LLCDoubleOG|dancer|1160
|gen|9
|tier|[Gen 9] OU
|rated|
|rule|HP Percentage Mod: HP is shown in percentages
|rule|Endless Battle Clause: Forcing endless battles is banned
|rule|Species Clause: Limit one of each Pokémon
|rule|OHKO Clause: OHKO moves are banned
|rule|Evasion Items Clause: Evasion items are banned
|rule|Evasion Moves Clause: Evasion moves are banned
|rule|Evasion Abilities Clause: Evasion abilities are banned
|rule|Sleep Moves Clause: Sleep-inducing moves are banned
|clearpoke
|poke|p1|Delphox, M|
|poke|p1|Sableye, M|
|poke|p1|Toxapex, F|
|poke|p1|Dragonite, F|
|poke|p1|Great Tusk|
|poke|p1|Scizor, M|
|poke|p2|Farigiraf, F|
|poke|p2|Moltres|
|poke|p2|Alomomola, M|
|poke|p2|Landorus-Therian, M|
|poke|p2|Meowscarada, M|
|poke|p2|Great Tusk|
|teampreview
|inactive|Battle timer is ON: inactive players will automatically lose when time's up. (requested by LLCDoubleOG)
|
|t:|1779894935
|teamsize|p1|6
|teamsize|p2|6
|start
|switch|p1a: Toxapex|Toxapex, F|100/100
|switch|p2a: Landorus|Landorus-Therian, M|100/100
|-ability|p2a: Landorus|Intimidate|boost
|-unboost|p1a: Toxapex|atk|1
|turn|1
|
|t:|1779894945
|move|p2a: Landorus|Earth Power|p1a: Toxapex
|-supereffective|p1a: Toxapex
|-damage|p1a: Toxapex|37/100
|move|p1a: Toxapex|Toxic|p2a: Landorus
|-status|p2a: Landorus|tox
|
|-heal|p1a: Toxapex|44/100|[from] item: Black Sludge
|-damage|p2a: Landorus|94/100 tox|[from] psn
|upkeep
|turn|2
|
|t:|1779894953
|move|p1a: Toxapex|Baneful Bunker|p1a: Toxapex
|-singleturn|p1a: Toxapex|move: Protect
|move|p2a: Landorus|Stealth Rock|p1a: Toxapex
|-sidestart|p1: JohnButters|move: Stealth Rock
|
|-heal|p1a: Toxapex|50/100|[from] item: Black Sludge
|-damage|p2a: Landorus|82/100 tox|[from] psn
|upkeep
|turn|3
|
|t:|1779894962
|switch|p1a: Dragonite|Dragonite, F|100/100
|-damage|p1a: Dragonite|76/100|[from] Stealth Rock
|move|p2a: Landorus|Sludge Bomb|p1a: Dragonite
|-damage|p1a: Dragonite|48/100
|
|-damage|p2a: Landorus|63/100 tox|[from] psn
|upkeep
|turn|4
|
|t:|1779894973
|-terastallize|p1a: Dragonite|Normal
|move|p1a: Dragonite|Extreme Speed|p2a: Landorus
|-crit|p2a: Landorus
|-damage|p2a: Landorus|0 fnt
|-damage|p1a: Dragonite|31/100|[from] item: Rocky Helmet|[of] p2a: Landorus
|faint|p2a: Landorus
|
|upkeep
|
|t:|1779894978
|switch|p2a: Moltres|Moltres|100/100
|turn|5
|
|t:|1779894988
|move|p1a: Dragonite|Extreme Speed|p2a: Moltres
|-damage|p2a: Moltres|48/100
|-status|p1a: Dragonite|brn|[from] ability: Flame Body|[of] p2a: Moltres
|move|p2a: Moltres|Will-O-Wisp|p1a: Dragonite
|-fail|p1a: Dragonite|brn
|
|-damage|p1a: Dragonite|25/100 brn|[from] brn
|upkeep
|turn|6
|
|t:|1779894996
|move|p1a: Dragonite|Extreme Speed|p2a: Moltres
|-damage|p2a: Moltres|24/100
|move|p2a: Moltres|Roost|p2a: Moltres
|-heal|p2a: Moltres|74/100
|-singleturn|p2a: Moltres|move: Roost
|
|-damage|p1a: Dragonite|19/100 brn|[from] brn
|upkeep
|turn|7
|
|t:|1779895011
|move|p1a: Dragonite|Extreme Speed|p2a: Moltres
|-crit|p2a: Moltres
|-damage|p2a: Moltres|40/100
|move|p2a: Moltres|Scorching Sands|p1a: Dragonite
|-damage|p1a: Dragonite|0 fnt
|faint|p1a: Dragonite
|
|upkeep
|
|t:|1779895027
|switch|p1a: Toxapex|Toxapex, F|83/100
|-damage|p1a: Toxapex|71/100|[from] Stealth Rock
|turn|8
|inactive|LLCDoubleOG has 120 seconds left.
|
|t:|1779895058
|move|p2a: Moltres|Will-O-Wisp|p1a: Toxapex
|-status|p1a: Toxapex|brn
|move|p1a: Toxapex|Toxic|p2a: Moltres
|-status|p2a: Moltres|tox
|
|-heal|p1a: Toxapex|77/100 brn|[from] item: Black Sludge
|-damage|p2a: Moltres|33/100 tox|[from] psn
|-damage|p1a: Toxapex|71/100 brn|[from] brn
|upkeep
|turn|9
|
|t:|1779895069
|move|p1a: Toxapex|Baneful Bunker|p1a: Toxapex
|-singleturn|p1a: Toxapex|move: Protect
|move|p2a: Moltres|Roost|p2a: Moltres
|-heal|p2a: Moltres|83/100 tox
|-singleturn|p2a: Moltres|move: Roost
|
|-heal|p1a: Toxapex|77/100 brn|[from] item: Black Sludge
|-damage|p2a: Moltres|71/100 tox|[from] psn
|-damage|p1a: Toxapex|71/100 brn|[from] brn
|upkeep
|turn|10
|
|t:|1779895084
|move|p2a: Moltres|Scorching Sands|p1a: Toxapex
|-supereffective|p1a: Toxapex
|-damage|p1a: Toxapex|36/100 brn
|move|p1a: Toxapex|Toxic Spikes|p2a: Moltres
|-sidestart|p2: LLCDoubleOG|move: Toxic Spikes
|
|-heal|p1a: Toxapex|42/100 brn|[from] item: Black Sludge
|-damage|p2a: Moltres|52/100 tox|[from] psn
|-damage|p1a: Toxapex|36/100 brn|[from] brn
|upkeep
|turn|11
|
|t:|1779895097
|move|p2a: Moltres|Roost|p2a: Moltres
|-heal|p2a: Moltres|100/100 tox
|-singleturn|p2a: Moltres|move: Roost
|move|p1a: Toxapex|Toxic Spikes|p2a: Moltres
|-sidestart|p2: LLCDoubleOG|move: Toxic Spikes
|
|-heal|p1a: Toxapex|42/100 brn|[from] item: Black Sludge
|-damage|p2a: Moltres|75/100 tox|[from] psn
|-damage|p1a: Toxapex|36/100 brn|[from] brn
|upkeep
|turn|12
|
|t:|1779895107
|move|p1a: Toxapex|Baneful Bunker|p1a: Toxapex
|-singleturn|p1a: Toxapex|move: Protect
|move|p2a: Moltres|Scorching Sands|p1a: Toxapex
|-activate|p1a: Toxapex|move: Protect
|
|-heal|p1a: Toxapex|42/100 brn|[from] item: Black Sludge
|-damage|p2a: Moltres|44/100 tox|[from] psn
|-damage|p1a: Toxapex|36/100 brn|[from] brn
|upkeep
|turn|13
|
|t:|1779895120
|move|p2a: Moltres|Scorching Sands|p1a: Toxapex
|-supereffective|p1a: Toxapex
|-damage|p1a: Toxapex|5/100 brn
|move|p1a: Toxapex|Toxic|p2a: Moltres
|-fail|p2a: Moltres|tox
|
|-heal|p1a: Toxapex|11/100 brn|[from] item: Black Sludge
|-damage|p2a: Moltres|7/100 tox|[from] psn
|-damage|p1a: Toxapex|5/100 brn|[from] brn
|upkeep
|turn|14
|
|t:|1779895129
|move|p1a: Toxapex|Baneful Bunker|p1a: Toxapex
|-singleturn|p1a: Toxapex|move: Protect
|move|p2a: Moltres|Scorching Sands|p1a: Toxapex
|-activate|p1a: Toxapex|move: Protect
|
|-heal|p1a: Toxapex|11/100 brn|[from] item: Black Sludge
|-damage|p2a: Moltres|0 fnt|[from] psn
|faint|p2a: Moltres
|-damage|p1a: Toxapex|5/100 brn|[from] brn
|upkeep
|
|t:|1779895131
|switch|p2a: Great Tusk|Great Tusk|100/100
|-status|p2a: Great Tusk|tox
|-enditem|p2a: Great Tusk|Booster Energy
|-activate|p2a: Great Tusk|ability: Protosynthesis|[fromitem]
|-start|p2a: Great Tusk|protosynthesisatk
|turn|15
|
|t:|1779895146
|move|p1a: Toxapex|Baneful Bunker||[still]
|-fail|p1a: Toxapex
|move|p2a: Great Tusk|Headlong Rush|p1a: Toxapex
|-supereffective|p1a: Toxapex
|-damage|p1a: Toxapex|0 fnt
|-unboost|p2a: Great Tusk|def|1
|-unboost|p2a: Great Tusk|spd|1
|faint|p1a: Toxapex
|
|-damage|p2a: Great Tusk|94/100 tox|[from] psn
|upkeep
|
|t:|1779895159
|switch|p1a: Scizor|Scizor, M, shiny|100/100
|-damage|p1a: Scizor|88/100|[from] Stealth Rock
|turn|16
|
|t:|1779895164
|move|p2a: Great Tusk|Rapid Spin|p1a: Scizor
|-resisted|p1a: Scizor
|-damage|p1a: Scizor|76/100
|-boost|p2a: Great Tusk|spe|1
|-sideend|p2: LLCDoubleOG|Toxic Spikes|[from] move: Rapid Spin|[of] p2a: Great Tusk
|move|p1a: Scizor|Swords Dance|p1a: Scizor
|-boost|p1a: Scizor|atk|2
|
|-damage|p2a: Great Tusk|82/100 tox|[from] psn
|upkeep
|turn|17
|
|t:|1779895173
|move|p1a: Scizor|Bullet Punch|p2a: Great Tusk
|-damage|p2a: Great Tusk|2/100 tox
|move|p2a: Great Tusk|Close Combat|p1a: Scizor
|-damage|p1a: Scizor|0 fnt
|-unboost|p2a: Great Tusk|def|1
|-unboost|p2a: Great Tusk|spd|1
|faint|p1a: Scizor
|
|-damage|p2a: Great Tusk|0 fnt|[from] psn
|faint|p2a: Great Tusk
|-end|p2a: Great Tusk|Protosynthesis|[silent]
|upkeep
|
|t:|1779895185
|switch|p2a: Meowscarada|Meowscarada, M|100/100
|switch|p1a: Delphox|Delphox, M|100/100
|turn|18
|
|t:|1779895197
|move|p2a: Meowscarada|Knock Off|p1a: Delphox
|-start|p2a: Meowscarada|typechange|Dark|[from] ability: Protean
|-supereffective|p1a: Delphox
|-damage|p1a: Delphox|0 fnt
|-enditem|p1a: Delphox|Heavy-Duty Boots|[from] move: Knock Off|[of] p2a: Meowscarada
|faint|p1a: Delphox
|
|upkeep
|
|t:|1779895206
|switch|p1a: Great Tusk|Great Tusk|100/100
|-damage|p1a: Great Tusk|98/100|[from] Stealth Rock
|turn|19
|
|t:|1779895218
|switch|p2a: Farigiraf|Farigiraf, F|100/100
|move|p1a: Great Tusk|Close Combat|p2a: Farigiraf
|-damage|p2a: Farigiraf|40/100
|-unboost|p1a: Great Tusk|def|1
|-unboost|p1a: Great Tusk|spd|1
|
|upkeep
|turn|20
|
|t:|1779895236
|-terastallize|p2a: Farigiraf|Ghost
|move|p1a: Great Tusk|Close Combat|p2a: Farigiraf
|-immune|p2a: Farigiraf
|move|p2a: Farigiraf|Psychic|p1a: Great Tusk
|-supereffective|p1a: Great Tusk
|-damage|p1a: Great Tusk|0 fnt
|faint|p1a: Great Tusk
|-end|p1a: Great Tusk|Protosynthesis|[silent]
|
|upkeep
|
|t:|1779895244
|switch|p1a: Sableye|Sableye, M|100/100
|-damage|p1a: Sableye|88/100|[from] Stealth Rock
|turn|21
|
|t:|1779895250
|switch|p2a: Alomomola|Alomomola, M|100/100
|move|p1a: Sableye|Will-O-Wisp|p2a: Alomomola
|-status|p2a: Alomomola|brn
|
|-damage|p2a: Alomomola|94/100 brn|[from] brn
|upkeep
|turn|22
|
|t:|1779895260
|move|p1a: Sableye|Taunt|p2a: Alomomola
|-start|p2a: Alomomola|move: Taunt
|move|p2a: Alomomola|Flip Turn|p1a: Sableye
|-crit|p1a: Sableye
|-damage|p1a: Sableye|70/100
|
|t:|1779895262
|switch|p2a: Meowscarada|Meowscarada, M|100/100|[from] Flip Turn
|
|upkeep
|turn|23
|
|t:|1779895274
|move|p1a: Sableye|Will-O-Wisp|p2a: Meowscarada
|-hint|Since gen 7, Dark is immune to Prankster moves.
|-immune|p2a: Meowscarada
|move|p2a: Meowscarada|Triple Axel|p1a: Sableye
|-start|p2a: Meowscarada|typechange|Ice|[from] ability: Protean
|-damage|p1a: Sableye|56/100
|-damage|p1a: Sableye|24/100
|-damage|p1a: Sableye|0 fnt
|faint|p1a: Sableye
|-hitcount|p1: Sableye|3
|
|win|LLCDoubleOG
|raw|JohnButters's rating: 1082 &rarr; <strong>1065</strong><br />(-17 for losing)
|raw|LLCDoubleOG's rating: 1160 &rarr; <strong>1179</strong><br />(+19 for winning)
|l|☆JohnButters
|player|p1|
