|j|☆claudechamp
|j|☆erjuanzas
|t:|1779902926
|gametype|singles
|player|p1|claudechamp|169|1378
|player|p2|erjuanzas|linebacker|1236
|gen|9
|tier|[Gen 9] OU
|rated|
|rule|HP Percentage Mod: HP is shown in percentages
|rule|Endless Battle Clause: Forcing endless battles is banned
|rule|Species Clause: Limit one of each Pokémon
|rule|OHKO Clause: OHKO moves are banned
|rule|Evasion Items Clause: Evasion items are banned
|rule|Evasion Moves Clause: Evasion moves are banned
|rule|Evasion Abilities Clause: Evasion abilities are banned
|rule|Sleep Moves Clause: Sleep-inducing moves are banned
|clearpoke
|poke|p1|Gliscor, F|
|poke|p1|Ogerpon, F|
|poke|p1|Walking Wake|
|poke|p1|Blissey, F|
|poke|p1|Corviknight, M|
|poke|p1|Pecharunt|
|poke|p2|Pelipper, M|
|poke|p2|Ludicolo, M|
|poke|p2|Iron Treads|
|poke|p2|Landorus-Therian, M|
|poke|p2|Barraskewda, M|
|poke|p2|Basculegion-F, F|
|teampreview
|c|☆claudechamp|hf
|inactive|Battle timer is ON: inactive players will automatically lose when time's up. (requested by claudechamp)
|c|☆erjuanzas|same
|
|t:|1779902951
|teamsize|p1|6
|teamsize|p2|6
|start
|switch|p1a: Gliscor|Gliscor, F|100/100
|switch|p2a: Pelipas|Pelipper, M, shiny|100/100
|-weather|RainDance|[from] ability: Drizzle|[of] p2a: Pelipas
|turn|1
|
|t:|1779902961
|switch|p1a: Blissey|Blissey, F|100/100
|switch|p2a: La cabra|Barraskewda, M|100/100
|
|-weather|RainDance|[upkeep]
|upkeep
|turn|2
|
|t:|1779902966
|-terastallize|p2a: La cabra|Water
|move|p2a: La cabra|Flip Turn|p1a: Blissey
|-damage|p1a: Blissey|0 fnt
|faint|p1a: Blissey
|
|t:|1779902974
|switch|p2a: Miauni|Basculegion-F, F, shiny|100/100|[from] Flip Turn
|
|-weather|RainDance|[upkeep]
|upkeep
|
|t:|1779902976
|switch|p1a: Ogerpon|Ogerpon, F|100/100
|turn|3
|
|t:|1779902984
|-terastallize|p1a: Ogerpon|Grass
|detailschange|p1a: Ogerpon|Ogerpon-Teal-Tera, F, tera:Grass
|-ability|p1a: Ogerpon|Embody Aspect (Teal)|boost
|-boost|p1a: Ogerpon|spe|1
|move|p1a: Ogerpon|Ivy Cudgel|p2a: Miauni
|-supereffective|p2a: Miauni
|-damage|p2a: Miauni|0 fnt
|faint|p2a: Miauni
|
|-weather|RainDance|[upkeep]
|upkeep
|
|t:|1779902993
|switch|p2a: Loco|Ludicolo, M, shiny|100/100
|turn|4
|
|t:|1779902996
|move|p1a: Ogerpon|Ivy Cudgel|p2a: Loco
|-damage|p2a: Loco|3/100
|move|p2a: Loco|Ice Beam|p1a: Ogerpon
|-supereffective|p1a: Ogerpon
|-damage|p1a: Ogerpon|18/100
|-damage|p2a: Loco|0 fnt|[from] item: Life Orb
|faint|p2a: Loco
|
|-weather|RainDance|[upkeep]
|upkeep
|
|t:|1779903001
|switch|p2a: La cabra|Barraskewda, M, tera:Water|100/100
|turn|5
|
|t:|1779903005
|switch|p1a: Pecharunt|Pecharunt|100/100
|move|p2a: La cabra|Flip Turn|p1a: Pecharunt
|-damage|p1a: Pecharunt|50/100
|
|t:|1779903009
|switch|p2a: Perro Mojao|Landorus-Therian, M|100/100|[from] Flip Turn
|-ability|p2a: Perro Mojao|Intimidate|boost
|-unboost|p1a: Pecharunt|atk|1
|
|-weather|RainDance|[upkeep]
|upkeep
|turn|6
|
|t:|1779903011
|move|p2a: Perro Mojao|Sandsear Storm|p1a: Pecharunt
|-supereffective|p1a: Pecharunt
|-damage|p1a: Pecharunt|0 fnt
|faint|p1a: Pecharunt
|
|-weather|RainDance|[upkeep]
|upkeep
|
|t:|1779903019
|switch|p1a: Walking Wake|Walking Wake|100/100
|turn|7
|
|t:|1779903027
|move|p1a: Walking Wake|Surf|p2a: Perro Mojao
|-supereffective|p2a: Perro Mojao
|-crit|p2a: Perro Mojao
|-damage|p2a: Perro Mojao|0 fnt
|faint|p2a: Perro Mojao
|
|-weather|RainDance|[upkeep]
|upkeep
|
|t:|1779903036
|switch|p2a: Pelipas|Pelipper, M, shiny|100/100
|turn|8
|
|t:|1779903042
|move|p1a: Walking Wake|Draco Meteor|p2a: Pelipas
|-damage|p2a: Pelipas|5/100
|-unboost|p1a: Walking Wake|spa|2
|move|p2a: Pelipas|Hurricane|p1a: Walking Wake
|-damage|p1a: Walking Wake|55/100
|
|-weather|none
|upkeep
|turn|9
|
|t:|1779903050
|switch|p2a: Chanao|Iron Treads, shiny|100/100
|move|p1a: Walking Wake|Surf|p2a: Chanao
|-supereffective|p2a: Chanao
|-damage|p2a: Chanao|75/100
|
|upkeep
|turn|10
|
|t:|1779903058
|move|p1a: Walking Wake|Knock Off|p2a: Chanao
|-crit|p2a: Chanao
|-damage|p2a: Chanao|56/100
|-enditem|p2a: Chanao|Assault Vest|[from] move: Knock Off|[of] p1a: Walking Wake
|move|p2a: Chanao|Earthquake|p1a: Walking Wake
|-damage|p1a: Walking Wake|18/100
|
|upkeep
|turn|11
|
|t:|1779903065
|move|p1a: Walking Wake|Surf|p2a: Chanao
|-supereffective|p2a: Chanao
|-damage|p2a: Chanao|22/100
|move|p2a: Chanao|Earthquake|p1a: Walking Wake
|-damage|p1a: Walking Wake|0 fnt
|faint|p1a: Walking Wake
|-end|p1a: Walking Wake|Protosynthesis|[silent]
|
|upkeep
|
|t:|1779903070
|switch|p1a: Corviknight|Corviknight, M|100/100
|-ability|p1a: Corviknight|Pressure
|turn|12
|
|t:|1779903077
|move|p2a: Chanao|Volt Switch|p1a: Corviknight
|-supereffective|p1a: Corviknight
|-crit|p1a: Corviknight
|-damage|p1a: Corviknight|67/100
|
|t:|1779903080
|-end|p2a: Chanao|Quark Drive|[silent]
|switch|p2a: Pelipas|Pelipper, M, shiny|5/100|[from] Volt Switch
|-weather|RainDance|[from] ability: Drizzle|[of] p2a: Pelipas
|move|p1a: Corviknight|U-turn|p2a: Pelipas
|-resisted|p2a: Pelipas
|-damage|p2a: Pelipas|0 fnt
|faint|p2a: Pelipas
|
|t:|1779903088
|switch|p1a: Gliscor|Gliscor, F|100/100|[from] U-turn
|
|-weather|RainDance|[upkeep]
|-status|p1a: Gliscor|tox|[from] item: Toxic Orb
|upkeep
|c|☆erjuanzas|i think you should have saved waking wake mate
|
|t:|1779903099
|switch|p2a: La cabra|Barraskewda, M, tera:Water|100/100
|turn|13
|
|t:|1779903106
|move|p1a: Gliscor|Protect|p1a: Gliscor
|-singleturn|p1a: Gliscor|Protect
|move|p2a: La cabra|Liquidation|p1a: Gliscor
|-activate|p1a: Gliscor|move: Protect
|
|-weather|RainDance|[upkeep]
|upkeep
|turn|14
|
|t:|1779903112
|move|p2a: La cabra|Liquidation|p1a: Gliscor
|-supereffective|p1a: Gliscor
|-damage|p1a: Gliscor|0 fnt
|faint|p1a: Gliscor
|
|-weather|RainDance|[upkeep]
|upkeep
|
|t:|1779903115
|switch|p1a: Corviknight|Corviknight, M|67/100
|-ability|p1a: Corviknight|Pressure
|turn|15
|
|t:|1779903127
|move|p2a: La cabra|Liquidation|p1a: Corviknight
|-damage|p1a: Corviknight|0 fnt
|faint|p1a: Corviknight
|
|-weather|RainDance|[upkeep]
|upkeep
|
|t:|1779903130
|switch|p1a: Ogerpon|Ogerpon-Teal-Tera, F, tera:Grass|18/100
|-ability|p1a: Ogerpon|Embody Aspect (Teal)|boost
|-boost|p1a: Ogerpon|spe|1
|turn|16
|
|t:|1779903134
|move|p2a: La cabra|Liquidation|p1a: Ogerpon
|-resisted|p1a: Ogerpon
|-damage|p1a: Ogerpon|0 fnt
|faint|p1a: Ogerpon
|detailschange|p1: Ogerpon|Ogerpon, F|[silent]
|
|win|erjuanzas
|raw|claudechamp's rating: 1378 &rarr; <strong>1350</strong><br />(-28 for losing)
|raw|erjuanzas's rating: 1236 &rarr; <strong>1271</strong><br />(+35 for winning)
|c|☆claudechamp|gg
|c|☆erjuanzas|gg
