|j|☆A05236
|j|☆Abyssal Bot
|t:|1779821887
|gametype|singles
|player|p1|A05236|265|
|player|p2|Abyssal Bot|supernerd|
|teamsize|p1|6
|teamsize|p2|6
|gen|9
|tier|[Gen 9] OU
|rule|Species Clause: Limit one of each Pokémon
|rule|OHKO Clause: OHKO moves are banned
|rule|Evasion Items Clause: Evasion items are banned
|rule|Evasion Moves Clause: Evasion moves are banned
|rule|Endless Battle Clause: Forcing endless battles is banned
|rule|HP Percentage Mod: HP is shown in percentages
|rule|Sleep Moves Clause: Sleep-inducing moves are banned
|clearpoke
|poke|p1|Blissey, F|
|poke|p1|Milotic, M|
|poke|p1|Gengar, F|
|poke|p1|Darkrai|
|poke|p1|Torkoal, M|
|poke|p1|Zapdos|
|poke|p2|Ting-Lu|
|poke|p2|Dragapult, F|
|poke|p2|Slowking-Galar, F|
|poke|p2|Kingambit, F|
|poke|p2|Gliscor, F|
|poke|p2|Zamazenta-*|
|teampreview
|c|☆Abyssal Bot|Good Luck and Have Fun my Friend!
|inactive|Battle timer is ON: inactive players will automatically lose when time's up. (requested by Abyssal Bot)
|j|*Turbo Bottttt
|
|t:|1779821890
|start
|switch|p1a: Blissey|Blissey, F|100/100
|switch|p2a: Zamazenta|Zamazenta|100/100
|-ability|p2a: Zamazenta|Dauntless Shield|boost
|-boost|p2a: Zamazenta|def|1
|turn|1
|
|t:|1779821896
|switch|p1a: Gengar|Gengar, F|100/100
|move|p2a: Zamazenta|Close Combat|p1a: Gengar
|-immune|p1a: Gengar
|
|upkeep
|turn|2
|
|t:|1779821899
|move|p2a: Zamazenta|Crunch|p1a: Gengar
|-supereffective|p1a: Gengar
|-damage|p1a: Gengar|0
|faint|p1a: Gengar
|
|upkeep
|
|t:|1779821905
|switch|p1a: Zapdos|Zapdos|100/100
|-ability|p1a: Zapdos|Pressure
|turn|3
|
|t:|1779821909
|move|p2a: Zamazenta|Stone Edge|p1a: Zapdos
|-supereffective|p1a: Zapdos
|-damage|p1a: Zapdos|32/100
|move|p1a: Zapdos|Hurricane|p2a: Zamazenta
|-supereffective|p2a: Zamazenta
|-damage|p2a: Zamazenta|0
|faint|p2a: Zamazenta
|
|upkeep
|
|t:|1779821909
|switch|p2a: Gliscor|Gliscor, F|100/100
|turn|4
|
|t:|1779821912
|switch|p1a: Blissey|Blissey, F|100/100
|move|p2a: Gliscor|Swords Dance|p2a: Gliscor
|-boost|p2a: Gliscor|atk|2
|
|-status|p2a: Gliscor|tox|[from] item: Toxic Orb
|upkeep
|turn|5
|
|t:|1779821914
|switch|p2a: Dragapult|Dragapult, F|100/100
|move|p1a: Blissey|Rain Dance|p1a: Blissey
|-weather|Rain Dance
|
|-weather|Rain Dance|[upkeep]
|upkeep
|turn|6
|
|t:|1779821916
|move|p2a: Dragapult|Draco Meteor|p1a: Blissey
|-damage|p1a: Blissey|77/100
|-unboost|p2a: Dragapult|spa|2
|move|p1a: Blissey|Ice Beam|p2a: Dragapult
|-supereffective|p2a: Dragapult
|-damage|p2a: Dragapult|41/100
|
|-weather|Rain Dance|[upkeep]
|upkeep
|turn|7
|
|t:|1779821919
|switch|p2a: Kingambit|Kingambit, F|100/100
|-activate|p2a: Kingambit|ability: Supreme Overlord
|-start|p2a: Kingambit|fallen1|[silent]
|move|p1a: Blissey|Ice Beam|p2a: Kingambit
|-resisted|p2a: Kingambit
|-damage|p2a: Kingambit|89/100
|
|-weather|Rain Dance|[upkeep]
|-heal|p2a: Kingambit|95/100|[from] item: Leftovers
|upkeep
|turn|8
|
|t:|1779821921
|-end|p2a: Kingambit|fallen1|[silent]
|switch|p2a: Dragapult|Dragapult, F|41/100
|move|p1a: Blissey|Thunder|p2a: Dragapult
|-resisted|p2a: Dragapult
|-damage|p2a: Dragapult|23/100
|
|-weather|Rain Dance|[upkeep]
|upkeep
|turn|9
|
|t:|1779821925
|move|p2a: Dragapult|Will-O-Wisp|p1a: Blissey
|-status|p1a: Blissey|brn
|move|p1a: Blissey|Ice Beam|p2a: Dragapult
|-supereffective|p2a: Dragapult
|-damage|p2a: Dragapult|0
|faint|p2a: Dragapult
|
|-weather|Rain Dance|[upkeep]
|-damage|p1a: Blissey|70/100 brn|[from] brn|[of] p2: Dragapult
|upkeep
|
|t:|1779821925
|switch|p2a: Kingambit|Kingambit, F|95/100
|-activate|p2a: Kingambit|ability: Supreme Overlord
|-start|p2a: Kingambit|fallen2|[silent]
|turn|10
|
|t:|1779821927
|move|p1a: Blissey|Thunder|p2a: Kingambit
|-damage|p2a: Kingambit|71/100
|move|p2a: Kingambit|Iron Head|p1a: Blissey
|-damage|p1a: Blissey|15/100 brn
|
|-weather|Rain Dance|[upkeep]
|-heal|p2a: Kingambit|77/100|[from] item: Leftovers
|-damage|p1a: Blissey|9/100 brn|[from] brn|[of] p2: Dragapult
|upkeep
|turn|11
|
|t:|1779821930
|move|p1a: Blissey|Thunder|p2a: Kingambit
|-damage|p2a: Kingambit|51/100
|move|p2a: Kingambit|Iron Head|p1a: Blissey
|-damage|p1a: Blissey|0 brn
|faint|p1a: Blissey
|
|-weather|Rain Dance|[upkeep]
|-heal|p2a: Kingambit|57/100|[from] item: Leftovers
|upkeep
|
|t:|1779821934
|switch|p1a: Zapdos|Zapdos|32/100
|-ability|p1a: Zapdos|Pressure
|turn|12
|
|t:|1779821936
|move|p2a: Kingambit|Sucker Punch|p1a: Zapdos
|-damage|p1a: Zapdos|0
|faint|p1a: Zapdos
|
|-weather|none
|-heal|p2a: Kingambit|63/100|[from] item: Leftovers
|upkeep
|
|t:|1779821942
|switch|p1a: Darkrai|Darkrai|100/100
|turn|13
|
|t:|1779821944
|move|p1a: Darkrai|Swords Dance|p1a: Darkrai
|-boost|p1a: Darkrai|atk|2
|move|p2a: Kingambit|Iron Head|p1a: Darkrai
|-damage|p1a: Darkrai|21/100
|
|-heal|p2a: Kingambit|69/100|[from] item: Leftovers
|upkeep
|turn|14
|
|t:|1779821946
|move|p1a: Darkrai|Drain Punch|p2a: Kingambit
|-supereffective|p2a: Kingambit
|-damage|p2a: Kingambit|0
|-heal|p1a: Darkrai|68/100|[from] drain|[of] p2a: Kingambit
|faint|p2a: Kingambit
|-end|p2a: Kingambit|fallen2|[silent]
|
|upkeep
|
|t:|1779821946
|switch|p2a: Ting-Lu|Ting-Lu|100/100
|-ability|p2a: Ting-Lu|Vessel of Ruin
|turn|15
|
|t:|1779821950
|move|p1a: Darkrai|Drain Punch|p2a: Ting-Lu
|-supereffective|p2a: Ting-Lu
|-damage|p2a: Ting-Lu|60/100
|-heal|p1a: Darkrai|100/100|[from] drain|[of] p2a: Ting-Lu
|move|p2a: Ting-Lu|Earthquake|p1a: Darkrai
|-damage|p1a: Darkrai|53/100
|
|-heal|p2a: Ting-Lu|66/100|[from] item: Leftovers
|upkeep
|turn|16
|
|t:|1779821953
|move|p1a: Darkrai|Drain Punch|p2a: Ting-Lu
|-supereffective|p2a: Ting-Lu
|-damage|p2a: Ting-Lu|25/100
|-heal|p1a: Darkrai|91/100|[from] drain|[of] p2a: Ting-Lu
|move|p2a: Ting-Lu|Earthquake|p1a: Darkrai
|-damage|p1a: Darkrai|41/100
|
|-heal|p2a: Ting-Lu|31/100|[from] item: Leftovers
|upkeep
|turn|17
|
|t:|1779821956
|move|p1a: Darkrai|Drain Punch|p2a: Ting-Lu
|-supereffective|p2a: Ting-Lu
|-damage|p2a: Ting-Lu|0
|-heal|p1a: Darkrai|68/100|[from] drain|[of] p2a: Ting-Lu
|faint|p2a: Ting-Lu
|
|upkeep
|
|t:|1779821956
|switch|p2a: Gliscor|Gliscor, F|100/100 tox
|turn|18
|
|t:|1779821961
|move|p1a: Darkrai|Swords Dance|p1a: Darkrai
|-boost|p1a: Darkrai|atk|2
|move|p2a: Gliscor|Swords Dance|p2a: Gliscor
|-boost|p2a: Gliscor|atk|2
|
|upkeep
|turn|19
|
|t:|1779821963
|move|p1a: Darkrai|Knock Off|p2a: Gliscor
|-damage|p2a: Gliscor|8/100 tox
|-enditem|p2a: Gliscor|Toxic Orb|[from] move: Knock Off|[of] p1a: Darkrai
|move|p2a: Gliscor|Earthquake|p1a: Darkrai
|-damage|p1a: Darkrai|0
|faint|p1a: Darkrai
|
|-heal|p2a: Gliscor|21/100 tox|[from] ability: Poison Heal
|upkeep
|
|t:|1779821967
|switch|p1a: Milotic|Milotic, M|100/100
|turn|20
|
|t:|1779821969
|move|p2a: Gliscor|Protect|p2a: Gliscor
|-singleturn|p2a: Gliscor|Protect
|move|p1a: Milotic|Surf|p2a: Gliscor
|-activate|p2a: Gliscor|move: Protect
|
|-heal|p2a: Gliscor|33/100 tox|[from] ability: Poison Heal
|upkeep
|turn|21
|
|t:|1779821971
|move|p2a: Gliscor|Earthquake|p1a: Milotic
|-damage|p1a: Milotic|56/100
|move|p1a: Milotic|Surf|p2a: Gliscor
|-supereffective|p2a: Gliscor
|-damage|p2a: Gliscor|0 tox
|faint|p2a: Gliscor
|
|-heal|p1a: Milotic|62/100|[from] item: Leftovers
|upkeep
|
|t:|1779821971
|switch|p2a: Slowking|Slowking-Galar, F|100/100
|turn|22
|
|t:|1779821974
|move|p1a: Milotic|Coil|p1a: Milotic
|-boost|p1a: Milotic|atk|1
|-boost|p1a: Milotic|def|1
|-boost|p1a: Milotic|accuracy|1
|move|p2a: Slowking|Future Sight|p1a: Milotic
|-start|p2a: Slowking|move: Future Sight
|
|-heal|p1a: Milotic|69/100|[from] item: Leftovers
|upkeep
|turn|23
|
|t:|1779821976
|move|p1a: Milotic|Coil|p1a: Milotic
|-boost|p1a: Milotic|atk|1
|-boost|p1a: Milotic|def|1
|-boost|p1a: Milotic|accuracy|1
|move|p2a: Slowking|Future Sight||[still]
|-fail|p2a: Slowking
|
|-heal|p1a: Milotic|75/100|[from] item: Leftovers
|upkeep
|turn|24
|
|t:|1779821979
|move|p1a: Milotic|Iron Head|p2a: Slowking
|-crit|p2a: Slowking
|-damage|p2a: Slowking|64/100
|move|p2a: Slowking|Future Sight||[still]
|-fail|p2a: Slowking
|
|-end|p1a: Milotic|move: Future Sight
|-damage|p1a: Milotic|43/100
|-heal|p1a: Milotic|49/100|[from] item: Leftovers
|upkeep
|turn|25
|c|☆Abyssal Bot|Oh crap, that crit...
|
|t:|1779821983
|move|p1a: Milotic|Iron Head|p2a: Slowking
|-damage|p2a: Slowking|39/100
|cant|p2a: Slowking|flinch
|
|-heal|p1a: Milotic|56/100|[from] item: Leftovers
|upkeep
|turn|26
|
|t:|1779821987
|move|p1a: Milotic|Iron Head|p2a: Slowking
|-damage|p2a: Slowking|12/100
|move|p2a: Slowking|Future Sight|p1a: Milotic
|-start|p2a: Slowking|move: Future Sight
|
|-heal|p1a: Milotic|62/100|[from] item: Leftovers
|upkeep
|turn|27
|
|t:|1779821990
|move|p1a: Milotic|Iron Head|p2a: Slowking
|-damage|p2a: Slowking|0
|faint|p2a: Slowking
|
|win|A05236
|c|☆Abyssal Bot|Oh, I lost. Good Game.
|l|☆Abyssal Bot
|player|p2|
|l|*Turbo Bottttt
