|j|☆claudechamp
|j|☆flumaiordorio
|t:|1779912193
|gametype|singles
|player|p1|claudechamp|169|1208
|player|p2|flumaiordorio|2|1245
|gen|9
|tier|[Gen 9] OU
|rated|
|rule|HP Percentage Mod: HP is shown in percentages
|rule|Endless Battle Clause: Forcing endless battles is banned
|rule|Species Clause: Limit one of each Pokémon
|rule|OHKO Clause: OHKO moves are banned
|rule|Evasion Items Clause: Evasion items are banned
|rule|Evasion Moves Clause: Evasion moves are banned
|rule|Evasion Abilities Clause: Evasion abilities are banned
|rule|Sleep Moves Clause: Sleep-inducing moves are banned
|clearpoke
|poke|p1|Corviknight, F|
|poke|p1|Ting-Lu|
|poke|p1|Kyurem|
|poke|p1|Dondozo, F|
|poke|p1|Slowking-Galar, F|
|poke|p1|Cinderace, F|
|poke|p2|Indeedee, M|
|poke|p2|Iron Valiant|
|poke|p2|Armarouge, F|
|poke|p2|Hatterene, F|
|poke|p2|Polteageist|
|poke|p2|Kyurem|
|teampreview
|c|☆claudechamp|hf
|inactive|Battle timer is ON: inactive players will automatically lose when time's up. (requested by claudechamp)
|
|t:|1779912214
|teamsize|p1|6
|teamsize|p2|6
|start
|switch|p1a: Cinderace|Cinderace, F|100/100
|switch|p2a: Indeedee|Indeedee, M|100/100
|-fieldstart|move: Psychic Terrain|[from] ability: Psychic Surge|[of] p2a: Indeedee
|turn|1
|
|t:|1779912217
|switch|p2a: Hatterene|Hatterene, F|100/100
|move|p1a: Cinderace|Pyro Ball|p2a: Hatterene
|-damage|p2a: Hatterene|53/100
|-enditem|p2a: Hatterene|Eject Button
|inactive|flumaiordorio has 120 seconds left.
|
|t:|1779912255
|switch|p2a: Armarouge|Armarouge, F|100/100
|
|upkeep
|turn|2
|
|t:|1779912258
|move|p1a: Cinderace|Pyro Ball|p2a: Armarouge
|-resisted|p2a: Armarouge
|-damage|p2a: Armarouge|74/100
|-ability|p2a: Armarouge|Weak Armor|boost
|-unboost|p2a: Armarouge|def|1
|-boost|p2a: Armarouge|spe|2
|move|p2a: Armarouge|Expanding Force|p1a: Cinderace
|-damage|p1a: Cinderace|4/100
|
|upkeep
|turn|3
|
|t:|1779912269
|switch|p1a: Ting-Lu|Ting-Lu|100/100
|-ability|p1a: Ting-Lu|Vessel of Ruin
|move|p2a: Armarouge|Armor Cannon|p1a: Ting-Lu
|-damage|p1a: Ting-Lu|72/100
|-unboost|p2a: Armarouge|def|1
|-unboost|p2a: Armarouge|spd|1
|
|-heal|p1a: Ting-Lu|79/100|[from] item: Leftovers
|upkeep
|turn|4
|
|t:|1779912280
|move|p2a: Armarouge|Destiny Bond|p2a: Armarouge
|-singlemove|p2a: Armarouge|Destiny Bond
|move|p1a: Ting-Lu|Earthquake|p2a: Armarouge
|-supereffective|p2a: Armarouge
|-damage|p2a: Armarouge|0 fnt
|faint|p2a: Armarouge
|-activate|p2a: Armarouge|move: Destiny Bond
|faint|p1a: Ting-Lu
|
|upkeep
|inactive|flumaiordorio has 120 seconds left.
|
|t:|1779912295
|switch|p2a: Kyurem|Kyurem|100/100
|switch|p1a: Slowking|Slowking-Galar, F|100/100
|-ability|p2a: Kyurem|Pressure
|turn|5
|
|t:|1779912301
|move|p2a: Kyurem|Dragon Dance|p2a: Kyurem
|-boost|p2a: Kyurem|atk|1
|-boost|p2a: Kyurem|spe|1
|move|p1a: Slowking|Sludge Bomb|p2a: Kyurem
|-damage|p2a: Kyurem|69/100
|
|upkeep
|turn|6
|
|t:|1779912312
|move|p2a: Kyurem|Icicle Spear|p1a: Slowking
|-damage|p1a: Slowking|87/100
|-damage|p1a: Slowking|72/100
|-damage|p1a: Slowking|58/100
|-damage|p1a: Slowking|45/100
|-damage|p1a: Slowking|29/100
|-hitcount|p1a: Slowking|5
|move|p1a: Slowking|Sludge Bomb|p2a: Kyurem
|-damage|p2a: Kyurem|38/100
|
|upkeep
|turn|7
|
|t:|1779912322
|switch|p1a: Dondozo|Dondozo, F|100/100
|move|p2a: Kyurem|Icicle Spear|p1a: Dondozo
|-resisted|p1a: Dondozo
|-damage|p1a: Dondozo|97/100
|-resisted|p1a: Dondozo
|-damage|p1a: Dondozo|92/100
|-resisted|p1a: Dondozo
|-damage|p1a: Dondozo|89/100
|-resisted|p1a: Dondozo
|-damage|p1a: Dondozo|85/100
|-resisted|p1a: Dondozo
|-damage|p1a: Dondozo|81/100
|-hitcount|p1a: Dondozo|5
|
|-heal|p1a: Dondozo|87/100|[from] item: Leftovers
|upkeep
|turn|8
|
|t:|1779912329
|move|p2a: Kyurem|Scale Shot|p1a: Dondozo
|-damage|p1a: Dondozo|78/100
|-damage|p1a: Dondozo|70/100
|-damage|p1a: Dondozo|62/100
|-damage|p1a: Dondozo|54/100
|-damage|p1a: Dondozo|46/100
|-hitcount|p1a: Dondozo|5
|-unboost|p2a: Kyurem|def|1
|-boost|p2a: Kyurem|spe|1
|move|p1a: Dondozo|Body Press|p2a: Kyurem
|-supereffective|p2a: Kyurem
|-damage|p2a: Kyurem|2/100
|
|-heal|p1a: Dondozo|52/100|[from] item: Leftovers
|-fieldend|move: Psychic Terrain
|upkeep
|turn|9
|
|t:|1779912341
|move|p2a: Kyurem|Scale Shot|p1a: Dondozo|[miss]
|-miss|p2a: Kyurem|p1a: Dondozo
|move|p1a: Dondozo|Waterfall|p2a: Kyurem
|-resisted|p2a: Kyurem
|-damage|p2a: Kyurem|0 fnt
|faint|p2a: Kyurem
|
|-heal|p1a: Dondozo|58/100|[from] item: Leftovers
|upkeep
|
|t:|1779912350
|switch|p2a: Iron Valiant|Iron Valiant|100/100
|-enditem|p2a: Iron Valiant|Booster Energy
|-activate|p2a: Iron Valiant|ability: Quark Drive|[fromitem]
|-start|p2a: Iron Valiant|quarkdrivespe
|turn|10
|
|t:|1779912359
|move|p2a: Iron Valiant|Knock Off|p1a: Dondozo
|-damage|p1a: Dondozo|38/100
|-enditem|p1a: Dondozo|Leftovers|[from] move: Knock Off|[of] p2a: Iron Valiant
|move|p1a: Dondozo|Waterfall|p2a: Iron Valiant
|-damage|p2a: Iron Valiant|63/100
|
|upkeep
|turn|11
|
|t:|1779912367
|move|p2a: Iron Valiant|Close Combat|p1a: Dondozo
|-damage|p1a: Dondozo|0 fnt
|-unboost|p2a: Iron Valiant|def|1
|-unboost|p2a: Iron Valiant|spd|1
|faint|p1a: Dondozo
|
|upkeep
|
|t:|1779912369
|switch|p1a: Slowking|Slowking-Galar, F|63/100
|turn|12
|
|t:|1779912374
|move|p2a: Iron Valiant|Knock Off|p1a: Slowking
|-supereffective|p1a: Slowking
|-damage|p1a: Slowking|10/100
|-enditem|p1a: Slowking|Shuca Berry|[from] move: Knock Off|[of] p2a: Iron Valiant
|move|p1a: Slowking|Sludge Bomb|p2a: Iron Valiant
|-supereffective|p2a: Iron Valiant
|-damage|p2a: Iron Valiant|0 fnt
|faint|p2a: Iron Valiant
|-end|p2a: Iron Valiant|Quark Drive|[silent]
|
|upkeep
|
|t:|1779912385
|switch|p2a: Hatterene|Hatterene, F|53/100
|turn|13
|
|t:|1779912388
|switch|p1a: Cinderace|Cinderace, F|4/100
|move|p2a: Hatterene|Expanding Force|p1a: Cinderace
|-damage|p1a: Cinderace|0 fnt
|faint|p1a: Cinderace
|
|upkeep
|
|t:|1779912389
|switch|p1a: Corviknight|Corviknight, F|100/100
|-ability|p1a: Corviknight|Pressure
|turn|14
|
|t:|1779912395
|move|p1a: Corviknight|Brave Bird|p2a: Hatterene
|-damage|p2a: Hatterene|23/100
|-damage|p1a: Corviknight|92/100|[from] Recoil
|move|p2a: Hatterene|Nuzzle|p1a: Corviknight
|-supereffective|p1a: Corviknight
|-damage|p1a: Corviknight|87/100
|-status|p1a: Corviknight|par
|-damage|p2a: Hatterene|6/100|[from] item: Rocky Helmet|[of] p1a: Corviknight
|
|upkeep
|turn|15
|
|t:|1779912408
|move|p2a: Hatterene|Expanding Force|p1a: Corviknight
|-resisted|p1a: Corviknight
|-damage|p1a: Corviknight|71/100 par
|move|p1a: Corviknight|U-turn|p2a: Hatterene
|-damage|p2a: Hatterene|0 fnt
|faint|p2a: Hatterene
|
|t:|1779912411
|switch|p1a: Slowking|Slowking-Galar, F|43/100|[from] U-turn
|
|upkeep
|
|t:|1779912418
|switch|p2a: Indeedee|Indeedee, M|100/100
|-fieldstart|move: Psychic Terrain|[from] ability: Psychic Surge|[of] p2a: Indeedee
|turn|16
|
|t:|1779912421
|move|p2a: Indeedee|Expanding Force|p1a: Slowking
|-damage|p1a: Slowking|0 fnt
|faint|p1a: Slowking
|
|upkeep
|
|t:|1779912425
|switch|p1a: Corviknight|Corviknight, F|71/100 par
|-ability|p1a: Corviknight|Pressure
|turn|17
|
|t:|1779912435
|move|p2a: Indeedee|Expanding Force|p1a: Corviknight
|-resisted|p1a: Corviknight
|-damage|p1a: Corviknight|42/100 par
|move|p1a: Corviknight|U-turn|p2a: Indeedee
|-supereffective|p2a: Indeedee
|-damage|p2a: Indeedee|42/100
|
|t:|1779912440
|switch|p1a: Kyurem|Kyurem|100/100|[from] U-turn
|-ability|p1a: Kyurem|Pressure
|
|upkeep
|turn|18
|
|t:|1779912446
|-terastallize|p1a: Kyurem|Ground
|move|p2a: Indeedee|Dazzling Gleam|p1a: Kyurem
|-damage|p1a: Kyurem|83/100
|move|p1a: Kyurem|Earth Power|p2a: Indeedee
|-damage|p2a: Indeedee|0 fnt
|faint|p2a: Indeedee
|
|-heal|p1a: Kyurem|89/100|[from] item: Leftovers
|upkeep
|
|t:|1779912461
|switch|p2a: Polteageist|Polteageist|100/100
|turn|19
|
|t:|1779912464
|move|p1a: Kyurem|Earth Power|p2a: Polteageist
|-damage|p2a: Polteageist|49/100
|move|p2a: Polteageist|Shell Smash|p2a: Polteageist
|-unboost|p2a: Polteageist|def|1
|-unboost|p2a: Polteageist|spd|1
|-boost|p2a: Polteageist|atk|2
|-boost|p2a: Polteageist|spa|2
|-boost|p2a: Polteageist|spe|2
|
|-heal|p1a: Kyurem|95/100|[from] item: Leftovers
|upkeep
|turn|20
|
|t:|1779912473
|move|p2a: Polteageist|Stored Power|p1a: Kyurem
|-damage|p1a: Kyurem|0 fnt
|faint|p1a: Kyurem
|
|upkeep
|
|t:|1779912476
|switch|p1a: Corviknight|Corviknight, F|42/100 par
|-ability|p1a: Corviknight|Pressure
|turn|21
|
|t:|1779912483
|move|p2a: Polteageist|Shadow Ball|p1a: Corviknight
|-damage|p1a: Corviknight|0 fnt
|faint|p1a: Corviknight
|
|win|flumaiordorio
|raw|claudechamp's rating: 1208 &rarr; <strong>1186</strong><br />(-22 for losing)
|raw|flumaiordorio's rating: 1245 &rarr; <strong>1267</strong><br />(+22 for winning)
|c|☆claudechamp|gg
