|j|☆info_cntrl
|j|☆fmikep
|t:|1779875309
|gametype|singles
|player|p1|info_cntrl|hugh|1239
|player|p2|fmikep|2|1281
|gen|9
|tier|[Gen 9] OU
|rated|
|rule|HP Percentage Mod: HP is shown in percentages
|rule|Endless Battle Clause: Forcing endless battles is banned
|rule|Species Clause: Limit one of each Pokémon
|rule|OHKO Clause: OHKO moves are banned
|rule|Evasion Items Clause: Evasion items are banned
|rule|Evasion Moves Clause: Evasion moves are banned
|rule|Evasion Abilities Clause: Evasion abilities are banned
|rule|Sleep Moves Clause: Sleep-inducing moves are banned
|clearpoke
|poke|p1|Gliscor, F|
|poke|p1|Thundurus, M|
|poke|p1|Hatterene, F|
|poke|p1|Kommo-o, M|
|poke|p1|Toxapex, F|
|poke|p1|Ambipom, F|
|poke|p2|Walking Wake|
|poke|p2|Zamazenta-*|
|poke|p2|Rotom-Wash|
|poke|p2|Slowking-Galar, F|
|poke|p2|Raging Bolt|
|poke|p2|Rillaboom, M|
|teampreview
|
|t:|1779875330
|teamsize|p1|6
|teamsize|p2|6
|start
|switch|p1a: Charlie Kwerk|Ambipom, F|100/100
|switch|p2a: Rillaboom|Rillaboom, M|100/100
|-fieldstart|move: Grassy Terrain|[from] ability: Grassy Surge|[of] p2a: Rillaboom
|turn|1
|
|t:|1779875339
|move|p1a: Charlie Kwerk|Fake Out|p2a: Rillaboom
|-crit|p2a: Rillaboom
|-damage|p2a: Rillaboom|57/100
|cant|p2a: Rillaboom|flinch
|
|-heal|p2a: Rillaboom|63/100|[from] Grassy Terrain
|upkeep
|turn|2
|
|t:|1779875346
|switch|p1a: Your Ex|Toxapex, F|100/100
|move|p2a: Rillaboom|Grassy Glide|p1a: Your Ex
|-damage|p1a: Your Ex|69/100
|
|-heal|p2a: Rillaboom|69/100|[from] Grassy Terrain
|-heal|p1a: Your Ex|75/100|[from] Grassy Terrain
|-heal|p1a: Your Ex|81/100|[from] item: Black Sludge
|upkeep
|turn|3
|
|t:|1779875355
|switch|p2a: Slowking|Slowking-Galar, F|100/100
|move|p1a: Your Ex|Toxic|p2a: Slowking
|-immune|p2a: Slowking
|
|-heal|p1a: Your Ex|88/100|[from] Grassy Terrain
|-heal|p1a: Your Ex|94/100|[from] item: Black Sludge
|upkeep
|turn|4
|
|t:|1779875365
|switch|p1a: Settle|Gliscor, F|100/100
|move|p2a: Slowking|Psychic Noise|p1a: Settle
|-damage|p1a: Settle|44/100
|-start|p1a: Settle|move: Heal Block
|
|-status|p1a: Settle|tox|[from] item: Toxic Orb
|upkeep
|turn|5
|
|t:|1779875382
|move|p1a: Settle|Protect|p1a: Settle
|-singleturn|p1a: Settle|Protect
|move|p2a: Slowking|Psychic Noise|p1a: Settle
|-activate|p1a: Settle|move: Protect
|
|-end|p1a: Settle|move: Heal Block
|-fieldend|move: Grassy Terrain
|upkeep
|turn|6
|
|t:|1779875390
|switch|p1a: Adieu|Hatterene, F|100/100
|move|p2a: Slowking|Psychic Noise|p1a: Adieu
|-resisted|p1a: Adieu
|-damage|p1a: Adieu|86/100
|-start|p1a: Adieu|move: Heal Block
|
|upkeep
|turn|7
|
|t:|1779875398
|move|p2a: Slowking|Sludge Bomb|p1a: Adieu
|-supereffective|p1a: Adieu
|-damage|p1a: Adieu|21/100
|-status|p1a: Adieu|psn
|move|p1a: Adieu|Light Screen|p1a: Adieu
|-sidestart|p1: info_cntrl|move: Light Screen
|
|-damage|p1a: Adieu|9/100 psn|[from] psn
|-end|p1a: Adieu|move: Heal Block
|upkeep
|turn|8
|
|t:|1779875408
|switch|p1a: Settle|Gliscor, F|44/100 tox
|move|p2a: Slowking|Sludge Bomb|p1a: Settle
|-resisted|p1a: Settle
|-damage|p1a: Settle|28/100 tox
|
|-heal|p1a: Settle|40/100 tox|[from] ability: Poison Heal
|upkeep
|turn|9
|
|t:|1779875420
|move|p1a: Settle|Earthquake|p2a: Slowking
|-supereffective|p2a: Slowking
|-damage|p2a: Slowking|13/100
|move|p2a: Slowking|Psychic Noise|p1a: Settle
|-damage|p1a: Settle|12/100 tox
|-start|p1a: Settle|move: Heal Block
|
|-heal|p2a: Slowking|19/100|[from] item: Leftovers
|upkeep
|turn|10
|
|t:|1779875433
|switch|p2a: Rotom|Rotom-Wash|100/100
|move|p1a: Settle|Knock Off|p2a: Rotom
|-damage|p2a: Rotom|74/100
|-enditem|p2a: Rotom|Leftovers|[from] move: Knock Off|[of] p1a: Settle
|
|-end|p1a: Settle|move: Heal Block
|upkeep
|turn|11
|
|t:|1779875444
|move|p1a: Settle|Protect|p1a: Settle
|-singleturn|p1a: Settle|Protect
|move|p2a: Rotom|Hydro Pump|p1a: Settle
|-activate|p1a: Settle|move: Protect
|
|-heal|p1a: Settle|25/100 tox|[from] ability: Poison Heal
|upkeep
|turn|12
|
|t:|1779875457
|switch|p1a: Thundurus|Thundurus, M|100/100
|move|p2a: Rotom|Volt Switch|p1a: Thundurus
|-crit|p1a: Thundurus
|-damage|p1a: Thundurus|34/100
|
|t:|1779875469
|switch|p2a: Raging Bolt|Raging Bolt|100/100|[from] Volt Switch
|
|upkeep
|turn|13
|
|t:|1779875484
|switch|p1a: Adieu|Hatterene, F|9/100 psn
|move|p2a: Raging Bolt|Calm Mind|p2a: Raging Bolt
|-boost|p2a: Raging Bolt|spa|1
|-boost|p2a: Raging Bolt|spd|1
|
|-damage|p1a: Adieu|0 fnt|[from] psn
|faint|p1a: Adieu
|upkeep
|
|t:|1779875491
|switch|p1a: Charlie Kwerk|Ambipom, F|100/100
|turn|14
|
|t:|1779875499
|move|p1a: Charlie Kwerk|Fake Out|p2a: Raging Bolt
|-damage|p2a: Raging Bolt|79/100
|cant|p2a: Raging Bolt|flinch
|
|-heal|p2a: Raging Bolt|85/100|[from] item: Leftovers
|-sideend|p1: info_cntrl|move: Light Screen
|upkeep
|turn|15
|
|t:|1779875507
|move|p2a: Raging Bolt|Thunderclap|p1a: Charlie Kwerk
|-crit|p1a: Charlie Kwerk
|-damage|p1a: Charlie Kwerk|0 fnt
|faint|p1a: Charlie Kwerk
|
|-heal|p2a: Raging Bolt|91/100|[from] item: Leftovers
|upkeep
|
|t:|1779875513
|switch|p1a: Florida Keys|Kommo-o, M|100/100
|turn|16
|
|t:|1779875521
|-terastallize|p1a: Florida Keys|Steel
|-terastallize|p2a: Raging Bolt|Bug
|move|p1a: Florida Keys|Clangorous Soul|p1a: Florida Keys
|-boost|p1a: Florida Keys|atk|1
|-boost|p1a: Florida Keys|def|1
|-boost|p1a: Florida Keys|spa|1
|-boost|p1a: Florida Keys|spd|1
|-boost|p1a: Florida Keys|spe|1
|-damage|p1a: Florida Keys|68/100
|-enditem|p1a: Florida Keys|Throat Spray
|-boost|p1a: Florida Keys|spa|1|[from] item: Throat Spray
|move|p2a: Raging Bolt|Dragon Pulse|p1a: Florida Keys
|-resisted|p1a: Florida Keys
|-crit|p1a: Florida Keys
|-damage|p1a: Florida Keys|6/100
|
|-heal|p2a: Raging Bolt|98/100|[from] item: Leftovers
|upkeep
|turn|17
|
|t:|1779875535
|move|p2a: Raging Bolt|Thunderclap|p1a: Florida Keys
|-damage|p1a: Florida Keys|0 fnt
|faint|p1a: Florida Keys
|
|-heal|p2a: Raging Bolt|100/100|[from] item: Leftovers
|upkeep
|
|t:|1779875539
|switch|p1a: Your Ex|Toxapex, F|100/100
|turn|18
|
|t:|1779875542
|-end|p2a: Raging Bolt|Protosynthesis|[silent]
|switch|p2a: Slowking|Slowking-Galar, F|53/100
|move|p1a: Your Ex|Haze|p1a: Your Ex
|-clearallboost
|
|-heal|p2a: Slowking|59/100|[from] item: Leftovers
|upkeep
|turn|19
|
|t:|1779875549
|switch|p1a: Settle|Gliscor, F|25/100 tox
|move|p2a: Slowking|Psychic Noise|p1a: Settle
|-damage|p1a: Settle|0 fnt
|faint|p1a: Settle
|
|-heal|p2a: Slowking|65/100|[from] item: Leftovers
|upkeep
|
|t:|1779875554
|switch|p1a: Thundurus|Thundurus, M|34/100
|turn|20
|
|t:|1779875564
|switch|p2a: Rillaboom|Rillaboom, M|69/100
|-fieldstart|move: Grassy Terrain|[from] ability: Grassy Surge|[of] p2a: Rillaboom
|move|p1a: Thundurus|Wildbolt Storm|p2a: Rillaboom
|-resisted|p2a: Rillaboom
|-damage|p2a: Rillaboom|34/100
|
|-heal|p2a: Rillaboom|40/100|[from] Grassy Terrain
|upkeep
|turn|21
|
|t:|1779875574
|switch|p1a: Your Ex|Toxapex, F|100/100
|move|p2a: Rillaboom|Knock Off|p1a: Your Ex
|-damage|p1a: Your Ex|72/100
|-enditem|p1a: Your Ex|Black Sludge|[from] move: Knock Off|[of] p2a: Rillaboom
|
|-heal|p2a: Rillaboom|47/100|[from] Grassy Terrain
|-heal|p1a: Your Ex|78/100|[from] Grassy Terrain
|upkeep
|turn|22
|
|t:|1779875586
|move|p2a: Rillaboom|Knock Off|p1a: Your Ex
|-damage|p1a: Your Ex|60/100
|move|p1a: Your Ex|Toxic|p2a: Rillaboom
|-status|p2a: Rillaboom|tox
|
|-heal|p2a: Rillaboom|53/100 tox|[from] Grassy Terrain
|-heal|p1a: Your Ex|66/100|[from] Grassy Terrain
|-damage|p2a: Rillaboom|47/100 tox|[from] psn
|upkeep
|turn|23
|
|t:|1779875599
|move|p1a: Your Ex|Baneful Bunker|p1a: Your Ex
|-singleturn|p1a: Your Ex|move: Protect
|move|p2a: Rillaboom|Knock Off|p1a: Your Ex
|-activate|p1a: Your Ex|move: Protect
|
|-heal|p2a: Rillaboom|53/100 tox|[from] Grassy Terrain
|-heal|p1a: Your Ex|72/100|[from] Grassy Terrain
|-damage|p2a: Rillaboom|40/100 tox|[from] psn
|upkeep
|turn|24
|
|t:|1779875607
|move|p2a: Rillaboom|Knock Off|p1a: Your Ex
|-damage|p1a: Your Ex|50/100
|move|p1a: Your Ex|Liquidation|p2a: Rillaboom
|-resisted|p2a: Rillaboom
|-damage|p2a: Rillaboom|30/100 tox
|
|-heal|p2a: Rillaboom|37/100 tox|[from] Grassy Terrain
|-heal|p1a: Your Ex|57/100|[from] Grassy Terrain
|-damage|p2a: Rillaboom|18/100 tox|[from] psn
|-fieldend|move: Grassy Terrain
|upkeep
|turn|25
|
|t:|1779875616
|move|p1a: Your Ex|Baneful Bunker|p1a: Your Ex
|-singleturn|p1a: Your Ex|move: Protect
|move|p2a: Rillaboom|Knock Off|p1a: Your Ex
|-activate|p1a: Your Ex|move: Protect
|
|-damage|p2a: Rillaboom|0 fnt|[from] psn
|faint|p2a: Rillaboom
|upkeep
|
|t:|1779875627
|switch|p2a: Slowking|Slowking-Galar, F|98/100
|turn|26
|
|t:|1779875633
|move|p1a: Your Ex|Liquidation|p2a: Slowking
|-damage|p2a: Slowking|77/100
|move|p2a: Slowking|Psychic Noise|p1a: Your Ex
|-supereffective|p1a: Your Ex
|-damage|p1a: Your Ex|0 fnt
|faint|p1a: Your Ex
|
|-heal|p2a: Slowking|83/100|[from] item: Leftovers
|upkeep
|
|t:|1779875635
|switch|p1a: Thundurus|Thundurus, M|34/100
|turn|27
|
|t:|1779875644
|move|p1a: Thundurus|Wildbolt Storm|p2a: Slowking
|-damage|p2a: Slowking|44/100
|move|p2a: Slowking|Sludge Bomb|p1a: Thundurus
|-damage|p1a: Thundurus|0 fnt
|faint|p1a: Thundurus
|
|win|fmikep
|raw|info_cntrl's rating: 1239 &rarr; <strong>1217</strong><br />(-22 for losing)
|raw|fmikep's rating: 1281 &rarr; <strong>1303</strong><br />(+22 for winning)
|l|☆info_cntrl
|player|p1|
|l|☆fmikep
|player|p2|
