|j|☆sterster
|j|☆ZeemeerminGeertJan
|t:|1779872243
|gametype|singles
|player|p1|sterster|266|1449
|player|p2|ZeemeerminGeertJan|102|1550
|gen|9
|tier|[Gen 9] OU
|rated|
|rule|HP Percentage Mod: HP is shown in percentages
|rule|Endless Battle Clause: Forcing endless battles is banned
|rule|Species Clause: Limit one of each Pokémon
|rule|OHKO Clause: OHKO moves are banned
|rule|Evasion Items Clause: Evasion items are banned
|rule|Evasion Moves Clause: Evasion moves are banned
|rule|Evasion Abilities Clause: Evasion abilities are banned
|rule|Sleep Moves Clause: Sleep-inducing moves are banned
|clearpoke
|poke|p1|Iron Valiant|
|poke|p1|Weavile, F|
|poke|p1|Dragapult, F|
|poke|p1|Moltres|
|poke|p1|Ogerpon-Wellspring, F|
|poke|p1|Great Tusk|
|poke|p2|Cramorant, M|
|poke|p2|Gallade, M|
|poke|p2|Kingambit, M|
|poke|p2|Iron Moth|
|poke|p2|Enamorus, F|
|poke|p2|Ogerpon-Cornerstone, F|
|teampreview
|
|t:|1779872272
|teamsize|p1|6
|teamsize|p2|6
|start
|switch|p1a: Weavile|Weavile, F|100/100
|switch|p2a: Gallade|Gallade, M|100/100
|-ability|p1a: Weavile|Pressure
|turn|1
|
|t:|1779872279
|move|p1a: Weavile|Triple Axel|p2a: Gallade
|-damage|p2a: Gallade|82/100
|-damage|p2a: Gallade|46/100
|-damage|p2a: Gallade|0 fnt
|faint|p2a: Gallade
|-hitcount|p2: Gallade|3
|
|upkeep
|
|t:|1779872287
|switch|p2a: Iron Moth|Iron Moth|100/100
|-enditem|p2a: Iron Moth|Booster Energy
|-activate|p2a: Iron Moth|ability: Quark Drive|[fromitem]
|-start|p2a: Iron Moth|quarkdrivespe
|turn|2
|
|t:|1779872299
|switch|p1a: Moltres|Moltres|100/100
|move|p2a: Iron Moth|Fiery Dance|p1a: Moltres
|-resisted|p1a: Moltres
|-damage|p1a: Moltres|80/100
|-boost|p2a: Iron Moth|spa|1
|
|upkeep
|turn|3
|
|t:|1779872306
|move|p2a: Iron Moth|Sludge Wave|p1a: Moltres
|-damage|p1a: Moltres|2/100
|move|p1a: Moltres|Roar|p2a: Iron Moth
|-end|p2a: Iron Moth|Quark Drive|[silent]
|drag|p2a: Cramorant|Cramorant, M, shiny|100/100
|
|upkeep
|turn|4
|
|t:|1779872315
|move|p2a: Cramorant|Tailwind|p2a: Cramorant
|-sidestart|p2: ZeemeerminGeertJan|move: Tailwind
|move|p1a: Moltres|Flamethrower|p2a: Cramorant
|-resisted|p2a: Cramorant
|-damage|p2a: Cramorant|78/100
|
|upkeep
|turn|5
|
|t:|1779872321
|move|p2a: Cramorant|Surf|p1a: Moltres
|-formechange|p2a: Cramorant|Cramorant-Gulping|
|-supereffective|p1a: Moltres
|-damage|p1a: Moltres|0 fnt
|faint|p1a: Moltres
|
|upkeep
|
|t:|1779872329
|switch|p1a: Ogerpon|Ogerpon-Wellspring, F|100/100
|turn|6
|
|t:|1779872336
|move|p2a: Cramorant|Hurricane|p1a: Ogerpon|[miss]
|-miss|p2a: Cramorant|p1a: Ogerpon
|move|p1a: Ogerpon|Knock Off|p2a: Cramorant
|-damage|p2a: Cramorant|5/100
|-damage|p1a: Ogerpon|76/100|[from] ability: Gulp Missile|[of] p2a: Cramorant
|-unboost|p1a: Ogerpon|def|1
|-formechange|p2a: Cramorant|Cramorant|
|-enditem|p2a: Cramorant|Focus Sash|[from] move: Knock Off|[of] p1a: Ogerpon
|
|upkeep
|turn|7
|
|t:|1779872354
|switch|p1a: Weavile|Weavile, F|100/100
|-ability|p1a: Weavile|Pressure
|move|p2a: Cramorant|Hurricane|p1a: Weavile
|-damage|p1a: Weavile|36/100
|
|-sideend|p2: ZeemeerminGeertJan|move: Tailwind
|upkeep
|turn|8
|
|t:|1779872362
|switch|p2a: Iron Moth|Iron Moth|100/100
|move|p1a: Weavile|Ice Shard|p2a: Iron Moth
|-resisted|p2a: Iron Moth
|-damage|p2a: Iron Moth|85/100
|
|upkeep
|turn|9
|
|t:|1779872375
|move|p2a: Iron Moth|Dazzling Gleam|p1a: Weavile
|-supereffective|p1a: Weavile
|-damage|p1a: Weavile|0 fnt
|faint|p1a: Weavile
|
|upkeep
|
|t:|1779872390
|switch|p1a: Great Tusk|Great Tusk|100/100
|turn|10
|
|t:|1779872412
|move|p2a: Iron Moth|Energy Ball|p1a: Great Tusk
|-supereffective|p1a: Great Tusk
|-damage|p1a: Great Tusk|6/100
|move|p1a: Great Tusk|Rapid Spin|p2a: Iron Moth
|-damage|p2a: Iron Moth|57/100
|-boost|p1a: Great Tusk|spe|1
|
|upkeep
|turn|11
|
|t:|1779872420
|-end|p2a: Iron Moth|Quark Drive|[silent]
|switch|p2a: Cramorant|Cramorant, M, shiny|5/100
|move|p1a: Great Tusk|Headlong Rush|p2a: Cramorant
|-immune|p2a: Cramorant
|
|upkeep
|turn|12
|
|t:|1779872423
|move|p1a: Great Tusk|Rapid Spin|p2a: Cramorant
|-damage|p2a: Cramorant|0 fnt
|-boost|p1a: Great Tusk|spe|1
|faint|p2a: Cramorant
|
|upkeep
|
|t:|1779872439
|switch|p2a: Enamorus|Enamorus, F|100/100
|turn|13
|
|t:|1779872448
|move|p1a: Great Tusk|Stealth Rock|p2a: Enamorus
|-sidestart|p2: ZeemeerminGeertJan|move: Stealth Rock
|move|p2a: Enamorus|Superpower|p1a: Great Tusk
|-damage|p1a: Great Tusk|0 fnt
|-boost|p2a: Enamorus|atk|1
|-boost|p2a: Enamorus|def|1
|faint|p1a: Great Tusk
|-end|p1a: Great Tusk|Protosynthesis|[silent]
|
|upkeep
|
|t:|1779872460
|switch|p1a: Dragapult|Dragapult, F|100/100
|turn|14
|
|t:|1779872464
|move|p1a: Dragapult|Will-O-Wisp|p2a: Enamorus
|-status|p2a: Enamorus|brn
|move|p2a: Enamorus|Moonblast|p1a: Dragapult
|-supereffective|p1a: Dragapult
|-damage|p1a: Dragapult|0 fnt
|faint|p1a: Dragapult
|
|-damage|p2a: Enamorus|94/100 brn|[from] brn
|upkeep
|
|t:|1779872476
|switch|p1a: Ogerpon|Ogerpon-Wellspring, F|76/100
|turn|15
|
|t:|1779872481
|move|p1a: Ogerpon|Ivy Cudgel|p2a: Enamorus|[anim] Ivy Cudgel Water
|-crit|p2a: Enamorus
|-damage|p2a: Enamorus|0 fnt
|faint|p2a: Enamorus
|
|upkeep
|
|t:|1779872488
|switch|p2a: Ogerpon|Ogerpon-Cornerstone, F|100/100
|-damage|p2a: Ogerpon|88/100|[from] Stealth Rock
|turn|16
|
|t:|1779872493
|move|p2a: Ogerpon|Trailblaze|p1a: Ogerpon
|-damage|p1a: Ogerpon|37/100
|-boost|p2a: Ogerpon|spe|1
|move|p1a: Ogerpon|Ivy Cudgel|p2a: Ogerpon|[anim] Ivy Cudgel Water
|-damage|p2a: Ogerpon|5/100
|
|upkeep
|turn|17
|
|t:|1779872506
|move|p2a: Ogerpon|Trailblaze|p1a: Ogerpon
|-damage|p1a: Ogerpon|0 fnt
|-boost|p2a: Ogerpon|spe|1
|faint|p1a: Ogerpon
|
|upkeep
|
|t:|1779872510
|switch|p1a: Iron Valiant|Iron Valiant|100/100
|-enditem|p1a: Iron Valiant|Booster Energy
|-activate|p1a: Iron Valiant|ability: Quark Drive|[fromitem]
|-start|p1a: Iron Valiant|quarkdrivespe
|turn|18
|
|t:|1779872514
|move|p2a: Ogerpon|Power Whip|p1a: Iron Valiant
|-damage|p1a: Iron Valiant|2/100
|move|p1a: Iron Valiant|Moonblast|p2a: Ogerpon
|-damage|p2a: Ogerpon|0 fnt
|faint|p2a: Ogerpon
|
|upkeep
|
|t:|1779872520
|switch|p2a: Kingambit|Kingambit, M|100/100
|-damage|p2a: Kingambit|94/100|[from] Stealth Rock
|-activate|p2a: Kingambit|ability: Supreme Overlord
|-start|p2a: Kingambit|fallen4|[silent]
|turn|19
|
|t:|1779872524
|-terastallize|p2a: Kingambit|Ghost
|move|p1a: Iron Valiant|Encore||[still]
|-fail|p1a: Iron Valiant
|move|p2a: Kingambit|Iron Head|p1a: Iron Valiant
|-supereffective|p1a: Iron Valiant
|-damage|p1a: Iron Valiant|0 fnt
|faint|p1a: Iron Valiant
|-end|p1a: Iron Valiant|Quark Drive|[silent]
|-damage|p2a: Kingambit|84/100|[from] item: Life Orb
|
|win|ZeemeerminGeertJan
|raw|sterster's rating: 1449 &rarr; <strong>1435</strong><br />(-14 for losing)
|raw|ZeemeerminGeertJan's rating: 1550 &rarr; <strong>1564</strong><br />(+14 for winning)
|l|☆sterster
|player|p1|
