|j|☆Snurke
|j|☆stootic
|t:|1779949998
|gametype|singles
|player|p1|Snurke|2|1552
|player|p2|stootic|volkner|1462
|gen|9
|tier|[Gen 9] OU
|rated|
|rule|HP Percentage Mod: HP is shown in percentages
|rule|Endless Battle Clause: Forcing endless battles is banned
|rule|Species Clause: Limit one of each Pokémon
|rule|OHKO Clause: OHKO moves are banned
|rule|Evasion Items Clause: Evasion items are banned
|rule|Evasion Moves Clause: Evasion moves are banned
|rule|Evasion Abilities Clause: Evasion abilities are banned
|rule|Sleep Moves Clause: Sleep-inducing moves are banned
|clearpoke
|poke|p1|Mew|
|poke|p1|Great Tusk|
|poke|p1|Tornadus-Therian, M|
|poke|p1|Ceruledge, F|
|poke|p1|Ninetales-Alola, M|
|poke|p1|Samurott-Hisui, M|
|poke|p2|Iron Moth|
|poke|p2|Gliscor, F|
|poke|p2|Hatterene, F|
|poke|p2|Ogerpon-Wellspring, F|
|poke|p2|Raging Bolt|
|poke|p2|Zamazenta-*|
|teampreview
|inactive|Battle timer is ON: inactive players will automatically lose when time's up. (requested by stootic)
|
|t:|1779950014
|teamsize|p1|6
|teamsize|p2|6
|start
|switch|p1a: Stephortless|Mew, shiny|100/100
|switch|p2a: Iron Moth|Iron Moth|100/100
|-enditem|p2a: Iron Moth|Booster Energy
|-activate|p2a: Iron Moth|ability: Quark Drive|[fromitem]
|-start|p2a: Iron Moth|quarkdrivespe
|turn|1
|
|t:|1779950024
|move|p2a: Iron Moth|Toxic Spikes|p1a: Stephortless
|-sidestart|p1: Snurke|move: Toxic Spikes
|move|p1a: Stephortless|Imprison|p1a: Stephortless
|-start|p1a: Stephortless|move: Imprison
|
|upkeep
|turn|2
|
|t:|1779950037
|move|p2a: Iron Moth|Fiery Dance|p1a: Stephortless
|-damage|p1a: Stephortless|64/100
|move|p1a: Stephortless|Transform|p2a: Iron Moth
|-transform|p1a: Stephortless|p2a: Iron Moth
|
|-heal|p1a: Stephortless|70/100|[from] item: Leftovers
|upkeep
|turn|3
|
|t:|1779950053
|-end|p2a: Iron Moth|Quark Drive|[silent]
|switch|p2a: Zamazenta|Zamazenta|100/100
|-ability|p2a: Zamazenta|Dauntless Shield|boost
|-boost|p2a: Zamazenta|def|1
|move|p1a: Stephortless|Toxic Spikes|p2a: Zamazenta
|-sidestart|p2: stootic|move: Toxic Spikes
|
|-heal|p1a: Stephortless|76/100|[from] item: Leftovers
|upkeep
|turn|4
|
|t:|1779950059
|move|p2a: Zamazenta|Light Screen|p2a: Zamazenta
|-sidestart|p2: stootic|move: Light Screen
|move|p1a: Stephortless|Fiery Dance|p2a: Zamazenta
|-damage|p2a: Zamazenta|83/100
|
|-heal|p1a: Stephortless|83/100|[from] item: Leftovers
|upkeep
|turn|5
|
|t:|1779950064
|move|p2a: Zamazenta|Reflect|p2a: Zamazenta
|-sidestart|p2: stootic|Reflect
|move|p1a: Stephortless|Fiery Dance|p2a: Zamazenta
|-damage|p2a: Zamazenta|67/100
|-boost|p1a: Stephortless|spa|1
|
|-heal|p1a: Stephortless|89/100|[from] item: Leftovers
|upkeep
|turn|6
|
|t:|1779950072
|switch|p2a: Gliscor|Gliscor, F|100/100
|move|p1a: Stephortless|Fiery Dance|p2a: Gliscor
|-damage|p2a: Gliscor|62/100
|
|-heal|p1a: Stephortless|95/100|[from] item: Leftovers
|-status|p2a: Gliscor|tox|[from] item: Toxic Orb
|upkeep
|turn|7
|
|t:|1779950080
|-end|p1a: Stephortless|Quark Drive|[silent]
|switch|p1a: Draymoney Green|Tornadus-Therian, M, shiny|100/100
|move|p2a: Gliscor|Agility|p2a: Gliscor
|-boost|p2a: Gliscor|spe|2
|
|-heal|p2a: Gliscor|74/100 tox|[from] ability: Poison Heal
|upkeep
|turn|8
|
|t:|1779950088
|move|p2a: Gliscor|Swords Dance|p2a: Gliscor
|-boost|p2a: Gliscor|atk|2
|move|p1a: Draymoney Green|Bleakwind Storm|p2a: Gliscor|[miss]
|-miss|p1a: Draymoney Green|p2a: Gliscor
|
|-heal|p2a: Gliscor|87/100 tox|[from] ability: Poison Heal
|upkeep
|turn|9
|
|t:|1779950094
|move|p2a: Gliscor|Facade|p1a: Draymoney Green
|-damage|p1a: Draymoney Green|5/100
|-damage|p2a: Gliscor|70/100 tox|[from] item: Rocky Helmet|[of] p1a: Draymoney Green
|move|p1a: Draymoney Green|Bleakwind Storm|p2a: Gliscor
|-damage|p2a: Gliscor|45/100 tox
|
|-heal|p2a: Gliscor|57/100 tox|[from] ability: Poison Heal
|upkeep
|turn|10
|
|t:|1779950105
|move|p2a: Gliscor|Facade|p1a: Draymoney Green
|-damage|p1a: Draymoney Green|0 fnt
|-damage|p2a: Gliscor|41/100 tox|[from] item: Rocky Helmet|[of] p1a: Draymoney Green
|faint|p1a: Draymoney Green
|
|-heal|p2a: Gliscor|53/100 tox|[from] ability: Poison Heal
|upkeep
|
|t:|1779950107
|switch|p1a: Luka Magic|Ninetales-Alola, M, shiny|100/100
|-status|p1a: Luka Magic|psn
|-weather|Snowscape|[from] ability: Snow Warning|[of] p1a: Luka Magic
|turn|11
|
|t:|1779950109
|move|p2a: Gliscor|Facade|p1a: Luka Magic
|-damage|p1a: Luka Magic|30/100 psn
|move|p1a: Luka Magic|Aurora Veil|p1a: Luka Magic
|-sidestart|p1: Snurke|move: Aurora Veil
|
|-weather|Snowscape|[upkeep]
|-heal|p2a: Gliscor|65/100 tox|[from] ability: Poison Heal
|-damage|p1a: Luka Magic|18/100 psn|[from] psn
|-sideend|p2: stootic|move: Light Screen
|upkeep
|turn|12
|
|t:|1779950117
|move|p2a: Gliscor|Earthquake|p1a: Luka Magic
|-damage|p1a: Luka Magic|0 fnt
|faint|p1a: Luka Magic
|
|-weather|Snowscape|[upkeep]
|-heal|p2a: Gliscor|78/100 tox|[from] ability: Poison Heal
|-sideend|p2: stootic|Reflect
|upkeep
|
|t:|1779950119
|switch|p1a: Lebronto James|Great Tusk|100/100
|-status|p1a: Lebronto James|psn
|turn|13
|
|t:|1779950124
|move|p2a: Gliscor|Earthquake|p1a: Lebronto James
|-crit|p1a: Lebronto James
|-damage|p1a: Lebronto James|11/100 psn
|move|p1a: Lebronto James|Rapid Spin|p2a: Gliscor
|-damage|p2a: Gliscor|65/100 tox
|-boost|p1a: Lebronto James|spe|1
|-sideend|p1: Snurke|Toxic Spikes|[from] move: Rapid Spin|[of] p1a: Lebronto James
|
|-weather|Snowscape|[upkeep]
|-heal|p1a: Lebronto James|17/100 psn|[from] item: Leftovers
|-heal|p2a: Gliscor|78/100 tox|[from] ability: Poison Heal
|-damage|p1a: Lebronto James|5/100 psn|[from] psn
|upkeep
|turn|14
|
|t:|1779950128
|move|p2a: Gliscor|Earthquake|p1a: Lebronto James
|-damage|p1a: Lebronto James|0 fnt
|faint|p1a: Lebronto James
|-end|p1a: Lebronto James|Protosynthesis|[silent]
|
|-weather|Snowscape|[upkeep]
|-heal|p2a: Gliscor|90/100 tox|[from] ability: Poison Heal
|upkeep
|
|t:|1779950131
|switch|p1a: Stephortless|Mew, shiny|95/100
|turn|15
|
|t:|1779950144
|move|p2a: Gliscor|Facade|p1a: Stephortless
|-damage|p1a: Stephortless|61/100
|move|p1a: Stephortless|Imprison|p1a: Stephortless
|-start|p1a: Stephortless|move: Imprison
|
|-weather|none
|-heal|p1a: Stephortless|68/100|[from] item: Leftovers
|-heal|p2a: Gliscor|100/100 tox|[from] ability: Poison Heal
|upkeep
|turn|16
|
|t:|1779950148
|switch|p2a: Hatterene|Hatterene, F|100/100
|-status|p2a: Hatterene|psn
|move|p1a: Stephortless|Transform|p2a: Hatterene
|-transform|p1a: Stephortless|p2a: Hatterene
|
|-heal|p1a: Stephortless|74/100|[from] item: Leftovers
|-damage|p2a: Hatterene|88/100 psn|[from] psn
|upkeep
|turn|17
|
|t:|1779950157
|switch|p2a: Iron Moth|Iron Moth|100/100
|-sideend|p2: stootic|move: Toxic Spikes|[of] p2a: Iron Moth
|move|p1a: Stephortless|Calm Mind|p1a: Stephortless
|-boost|p1a: Stephortless|spa|1
|-boost|p1a: Stephortless|spd|1
|
|-heal|p1a: Stephortless|80/100|[from] item: Leftovers
|upkeep
|turn|18
|inactive|Snurke has 120 seconds left.
|
|t:|1779950187
|switch|p1a: Wembanyama|Ceruledge, F, shiny|100/100
|move|p2a: Iron Moth|Sludge Wave|p1a: Wembanyama
|-resisted|p1a: Wembanyama
|-damage|p1a: Wembanyama|88/100
|
|-sideend|p1: Snurke|move: Aurora Veil
|upkeep
|turn|19
|
|t:|1779950192
|move|p1a: Wembanyama|Bulk Up|p1a: Wembanyama
|-boost|p1a: Wembanyama|atk|1
|-boost|p1a: Wembanyama|def|1
|move|p2a: Iron Moth|Whirlwind|p1a: Wembanyama
|drag|p1a: Stephortless|Mew, shiny|80/100
|
|-heal|p1a: Stephortless|86/100|[from] item: Leftovers
|upkeep
|turn|20
|
|t:|1779950199
|move|p2a: Iron Moth|Fiery Dance|p1a: Stephortless
|-damage|p1a: Stephortless|53/100
|move|p1a: Stephortless|Imprison|p1a: Stephortless
|-start|p1a: Stephortless|move: Imprison
|
|-heal|p1a: Stephortless|59/100|[from] item: Leftovers
|upkeep
|turn|21
|
|t:|1779950202
|move|p2a: Iron Moth|Fiery Dance|p1a: Stephortless
|-damage|p1a: Stephortless|27/100
|-boost|p2a: Iron Moth|spa|1
|move|p1a: Stephortless|Transform|p2a: Iron Moth
|-transform|p1a: Stephortless|p2a: Iron Moth
|
|-heal|p1a: Stephortless|33/100|[from] item: Leftovers
|upkeep
|turn|22
|
|t:|1779950209
|-end|p2a: Iron Moth|Quark Drive|[silent]
|switch|p2a: Raging Bolt|Raging Bolt|100/100
|-enditem|p2a: Raging Bolt|Booster Energy
|-activate|p2a: Raging Bolt|ability: Protosynthesis|[fromitem]
|-start|p2a: Raging Bolt|protosynthesisspa
|move|p1a: Stephortless|Fiery Dance|p2a: Raging Bolt
|-resisted|p2a: Raging Bolt
|-damage|p2a: Raging Bolt|69/100
|
|-heal|p1a: Stephortless|39/100|[from] item: Leftovers
|upkeep
|turn|23
|
|t:|1779950213
|move|p1a: Stephortless|Sludge Wave|p2a: Raging Bolt
|-damage|p2a: Raging Bolt|5/100
|-status|p2a: Raging Bolt|psn
|move|p2a: Raging Bolt|Thunderbolt|p1a: Stephortless
|-damage|p1a: Stephortless|0 fnt
|faint|p1a: Stephortless
|-end|p1a: Stephortless|Quark Drive|[silent]
|
|-damage|p2a: Raging Bolt|0 fnt|[from] psn
|faint|p2a: Raging Bolt
|-end|p2a: Raging Bolt|Protosynthesis|[silent]
|upkeep
|
|t:|1779950223
|switch|p1a: Crafty Lil' Shai|Samurott-Hisui, M, shiny|100/100
|switch|p2a: Ogerpon|Ogerpon-Wellspring, F|100/100
|turn|24
|
|t:|1779950244
|-terastallize|p1a: Crafty Lil' Shai|Poison
|move|p2a: Ogerpon|Trailblaze|p1a: Crafty Lil' Shai
|-resisted|p1a: Crafty Lil' Shai
|-damage|p1a: Crafty Lil' Shai|84/100
|-boost|p2a: Ogerpon|spe|1
|move|p1a: Crafty Lil' Shai|Ceaseless Edge|p2a: Ogerpon
|-damage|p2a: Ogerpon|34/100
|-sidestart|p2: stootic|Spikes
|
|upkeep
|turn|25
|
|t:|1779950256
|move|p1a: Crafty Lil' Shai|Sucker Punch|p2a: Ogerpon
|-damage|p2a: Ogerpon|0 fnt
|faint|p2a: Ogerpon
|
|upkeep
|
|t:|1779950266
|switch|p2a: Gliscor|Gliscor, F|100/100 tox
|turn|26
|
|t:|1779950270
|move|p2a: Gliscor|Earthquake|p1a: Crafty Lil' Shai
|-supereffective|p1a: Crafty Lil' Shai
|-damage|p1a: Crafty Lil' Shai|0 fnt
|faint|p1a: Crafty Lil' Shai
|
|upkeep
|
|t:|1779950272
|switch|p1a: Wembanyama|Ceruledge, F, shiny|88/100
|turn|27
|
|t:|1779950287
|move|p2a: Gliscor|Earthquake|p1a: Wembanyama
|-supereffective|p1a: Wembanyama
|-damage|p1a: Wembanyama|0 fnt
|faint|p1a: Wembanyama
|
|win|stootic
|raw|Snurke's rating: 1552 &rarr; <strong>1527</strong><br />(-25 for losing)
|raw|stootic's rating: 1462 &rarr; <strong>1487</strong><br />(+25 for winning)
|l|☆stootic
|player|p2|
