|j|☆pivotslophaxmaxxer
|j|☆0c3an m4n
|t:|1779927464
|gametype|singles
|player|p1|pivotslophaxmaxxer|tate|1584
|player|p2|0c3an m4n|marlon|1641
|gen|9
|tier|[Gen 9] OU
|rated|
|rule|HP Percentage Mod: HP is shown in percentages
|rule|Endless Battle Clause: Forcing endless battles is banned
|rule|Species Clause: Limit one of each Pokémon
|rule|OHKO Clause: OHKO moves are banned
|rule|Evasion Items Clause: Evasion items are banned
|rule|Evasion Moves Clause: Evasion moves are banned
|rule|Evasion Abilities Clause: Evasion abilities are banned
|rule|Sleep Moves Clause: Sleep-inducing moves are banned
|clearpoke
|poke|p1|Torkoal, F|
|poke|p1|Great Tusk|
|poke|p1|Charizard, F|
|poke|p1|Venusaur, M|
|poke|p1|Kingambit, F|
|poke|p1|Cresselia, F|
|poke|p2|Quaquaval, M|
|poke|p2|Barraskewda, F|
|poke|p2|Pelipper, F|
|poke|p2|Slither Wing|
|poke|p2|Hatterene, F|
|poke|p2|Crawdaunt, M|
|teampreview
|
|t:|1779927478
|teamsize|p1|6
|teamsize|p2|6
|start
|switch|p1a: Torkoal|Torkoal, F|100/100
|switch|p2a: El papu|Slither Wing, shiny|100/100
|-weather|SunnyDay|[from] ability: Drought|[of] p1a: Torkoal
|-activate|p2a: El papu|ability: Protosynthesis
|-start|p2a: El papu|protosynthesisatk
|turn|1
|
|t:|1779927483
|move|p2a: El papu|U-turn|p1a: Torkoal
|-resisted|p1a: Torkoal
|-damage|p1a: Torkoal|77/100
|
|t:|1779927485
|-end|p2a: El papu|Protosynthesis|[silent]
|switch|p2a: Si|Hatterene, F, shiny|100/100|[from] U-turn
|move|p1a: Torkoal|Will-O-Wisp|p2a: Si
|move|p2a: Si|Will-O-Wisp|p1a: Torkoal|[from] ability: Magic Bounce|[miss]
|-miss|p2a: Si|p1a: Torkoal
|
|-weather|SunnyDay|[upkeep]
|upkeep
|turn|2
|
|t:|1779927493
|move|p2a: Si|Mystical Fire|p1a: Torkoal
|-resisted|p1a: Torkoal
|-damage|p1a: Torkoal|49/100
|-unboost|p1a: Torkoal|spa|1
|move|p1a: Torkoal|Overheat|p2a: Si
|-crit|p2a: Si
|-damage|p2a: Si|42/100
|-unboost|p1a: Torkoal|spa|2
|
|-weather|SunnyDay|[upkeep]
|upkeep
|turn|3
|
|t:|1779927502
|switch|p1a: Cresselia|Cresselia, F|100/100
|move|p2a: Si|Psychic|p1a: Cresselia
|-resisted|p1a: Cresselia
|-damage|p1a: Cresselia|84/100
|-enditem|p1a: Cresselia|Eject Button
|
|t:|1779927505
|switch|p1a: Charizard|Charizard, F|100/100
|
|-weather|SunnyDay|[upkeep]
|-damage|p1a: Charizard|88/100|[from] ability: Solar Power|[of] p1a: Charizard
|upkeep
|turn|4
|
|t:|1779927523
|move|p1a: Charizard|Weather Ball|p2a: Si
|-damage|p2a: Si|0 fnt
|faint|p2a: Si
|
|-weather|SunnyDay|[upkeep]
|-damage|p1a: Charizard|76/100|[from] ability: Solar Power|[of] p1a: Charizard
|upkeep
|
|t:|1779927542
|switch|p2a: Sphyraena (Fih) 🐟|Barraskewda, F, shiny|100/100
|turn|5
|
|t:|1779927550
|switch|p1a: Venusaur|Venusaur, M|100/100
|move|p2a: Sphyraena (Fih) 🐟|Flip Turn|p1a: Venusaur
|-resisted|p1a: Venusaur
|-damage|p1a: Venusaur|84/100
|
|t:|1779927552
|switch|p2a: El papu|Slither Wing, shiny|100/100|[from] Flip Turn
|-activate|p2a: El papu|ability: Protosynthesis
|-start|p2a: El papu|protosynthesisatk
|
|-weather|SunnyDay|[upkeep]
|upkeep
|turn|6
|
|t:|1779927556
|switch|p1a: Great Tusk|Great Tusk|100/100
|-activate|p1a: Great Tusk|ability: Protosynthesis
|-start|p1a: Great Tusk|protosynthesisspe
|move|p2a: El papu|First Impression|p1a: Great Tusk
|-resisted|p1a: Great Tusk
|-damage|p1a: Great Tusk|65/100
|
|-weather|SunnyDay|[upkeep]
|upkeep
|turn|7
|
|t:|1779927565
|-end|p1a: Great Tusk|Protosynthesis|[silent]
|switch|p1a: Torkoal|Torkoal, F|49/100
|-end|p2a: El papu|Protosynthesis|[silent]
|switch|p2a: Berdly|Quaquaval, M, shiny|100/100
|
|-weather|SunnyDay|[upkeep]
|upkeep
|turn|8
|
|t:|1779927571
|move|p2a: Berdly|Aqua Step|p1a: Torkoal
|-supereffective|p1a: Torkoal
|-damage|p1a: Torkoal|26/100
|-boost|p2a: Berdly|spe|1
|move|p1a: Torkoal|Will-O-Wisp|p2a: Berdly
|-status|p2a: Berdly|brn
|
|-weather|none
|-damage|p2a: Berdly|94/100 brn|[from] brn
|upkeep
|turn|9
|
|t:|1779927576
|switch|p1a: Cresselia|Cresselia, F|84/100
|move|p2a: Berdly|Swords Dance|p2a: Berdly
|-boost|p2a: Berdly|atk|2
|
|-damage|p2a: Berdly|88/100 brn|[from] brn
|upkeep
|turn|10
|
|t:|1779927592
|move|p2a: Berdly|Swords Dance|p2a: Berdly
|-boost|p2a: Berdly|atk|2
|move|p1a: Cresselia|Lunar Dance|p1a: Cresselia
|faint|p1a: Cresselia
|
|-damage|p2a: Berdly|82/100 brn|[from] brn
|upkeep
|
|t:|1779927594
|switch|p1a: Torkoal|Torkoal, F|26/100
|-heal|p1a: Torkoal|100/100|[from] move: Lunar Dance
|-weather|SunnyDay|[from] ability: Drought|[of] p1a: Torkoal
|turn|11
|
|t:|1779927600
|move|p2a: Berdly|Aqua Step|p1a: Torkoal
|-supereffective|p1a: Torkoal
|-damage|p1a: Torkoal|70/100
|-boost|p2a: Berdly|spe|1
|move|p1a: Torkoal|Overheat|p2a: Berdly
|-resisted|p2a: Berdly
|-damage|p2a: Berdly|38/100 brn
|-unboost|p1a: Torkoal|spa|2
|
|-weather|SunnyDay|[upkeep]
|-damage|p2a: Berdly|32/100 brn|[from] brn
|upkeep
|turn|12
|
|t:|1779927605
|move|p2a: Berdly|Aqua Step|p1a: Torkoal
|-supereffective|p1a: Torkoal
|-damage|p1a: Torkoal|36/100
|-boost|p2a: Berdly|spe|1
|move|p1a: Torkoal|Overheat|p2a: Berdly
|-resisted|p2a: Berdly
|-damage|p2a: Berdly|12/100 brn
|-unboost|p1a: Torkoal|spa|2
|
|-weather|SunnyDay|[upkeep]
|-damage|p2a: Berdly|6/100 brn|[from] brn
|upkeep
|turn|13
|
|t:|1779927615
|switch|p1a: Venusaur|Venusaur, M|84/100
|move|p2a: Berdly|Close Combat|p1a: Venusaur
|-resisted|p1a: Venusaur
|-damage|p1a: Venusaur|28/100
|-unboost|p2a: Berdly|def|1
|-unboost|p2a: Berdly|spd|1
|
|-weather|SunnyDay|[upkeep]
|-damage|p2a: Berdly|0 fnt|[from] brn
|faint|p2a: Berdly
|upkeep
|
|t:|1779927621
|switch|p2a: El papu|Slither Wing, shiny|100/100
|-activate|p2a: El papu|ability: Protosynthesis
|-start|p2a: El papu|protosynthesisatk
|turn|14
|
|t:|1779927630
|switch|p1a: Charizard|Charizard, F|76/100
|-terastallize|p2a: El papu|Bug
|move|p2a: El papu|First Impression|p1a: Charizard
|-resisted|p1a: Charizard
|-damage|p1a: Charizard|24/100
|
|-weather|SunnyDay|[upkeep]
|-damage|p1a: Charizard|12/100|[from] ability: Solar Power|[of] p1a: Charizard
|upkeep
|turn|15
|
|t:|1779927635
|-end|p2a: El papu|Protosynthesis|[silent]
|switch|p2a: Apernao 🔥|Crawdaunt, M, shiny|100/100
|move|p1a: Charizard|Weather Ball|p2a: Apernao 🔥
|-resisted|p2a: Apernao 🔥
|-enditem|p2a: Apernao 🔥|Focus Sash
|-damage|p2a: Apernao 🔥|1/100
|
|-weather|SunnyDay|[upkeep]
|-damage|p1a: Charizard|0 fnt|[from] ability: Solar Power|[of] p1a: Charizard
|faint|p1a: Charizard
|upkeep
|
|t:|1779927642
|switch|p1a: Great Tusk|Great Tusk|65/100
|-activate|p1a: Great Tusk|ability: Protosynthesis
|-start|p1a: Great Tusk|protosynthesisspe
|turn|16
|
|t:|1779927647
|move|p2a: Apernao 🔥|Aqua Jet|p1a: Great Tusk
|-supereffective|p1a: Great Tusk
|-damage|p1a: Great Tusk|47/100
|move|p1a: Great Tusk|Ice Spinner|p2a: Apernao 🔥
|-resisted|p2a: Apernao 🔥
|-damage|p2a: Apernao 🔥|0 fnt
|faint|p2a: Apernao 🔥
|
|-weather|SunnyDay|[upkeep]
|upkeep
|
|t:|1779927657
|switch|p2a: El papu|Slither Wing, shiny, tera:Bug|100/100
|-activate|p2a: El papu|ability: Protosynthesis
|-start|p2a: El papu|protosynthesisatk
|turn|17
|
|t:|1779927660
|move|p1a: Great Tusk|Temper Flare|p2a: El papu
|-supereffective|p2a: El papu
|-damage|p2a: El papu|17/100
|move|p2a: El papu|U-turn|p1a: Great Tusk
|-resisted|p1a: Great Tusk
|-damage|p1a: Great Tusk|10/100
|
|t:|1779927667
|-end|p2a: El papu|Protosynthesis|[silent]
|switch|p2a: Risk of what?|Pelipper, F, shiny|100/100|[from] U-turn
|-weather|RainDance|[from] ability: Drizzle|[of] p2a: Risk of what?
|-end|p1a: Great Tusk|Protosynthesis
|
|-weather|RainDance|[upkeep]
|upkeep
|turn|18
|
|t:|1779927670
|-end|p1a: Great Tusk|Protosynthesis|[silent]
|switch|p1a: Torkoal|Torkoal, F|36/100
|-weather|SunnyDay|[from] ability: Drought|[of] p1a: Torkoal
|move|p2a: Risk of what?|U-turn|p1a: Torkoal
|-resisted|p1a: Torkoal
|-damage|p1a: Torkoal|34/100
|
|t:|1779927672
|switch|p2a: El papu|Slither Wing, shiny, tera:Bug|17/100|[from] U-turn
|-activate|p2a: El papu|ability: Protosynthesis
|-start|p2a: El papu|protosynthesisatk
|
|-weather|SunnyDay|[upkeep]
|upkeep
|turn|19
|
|t:|1779927676
|switch|p1a: Great Tusk|Great Tusk|10/100
|-activate|p1a: Great Tusk|ability: Protosynthesis
|-start|p1a: Great Tusk|protosynthesisspe
|move|p2a: El papu|Close Combat|p1a: Great Tusk
|-damage|p1a: Great Tusk|0 fnt
|-unboost|p2a: El papu|def|1
|-unboost|p2a: El papu|spd|1
|faint|p1a: Great Tusk
|-end|p1a: Great Tusk|Protosynthesis|[silent]
|
|-weather|SunnyDay|[upkeep]
|upkeep
|
|t:|1779927679
|switch|p1a: Venusaur|Venusaur, M|28/100
|turn|20
|
|t:|1779927682
|-end|p2a: El papu|Protosynthesis|[silent]
|switch|p2a: Risk of what?|Pelipper, F, shiny|100/100
|-weather|RainDance|[from] ability: Drizzle|[of] p2a: Risk of what?
|move|p1a: Venusaur|Giga Drain|p2a: Risk of what?
|-damage|p2a: Risk of what?|40/100
|-heal|p1a: Venusaur|61/100|[from] drain|[of] p2a: Risk of what?
|-damage|p1a: Venusaur|51/100|[from] item: Life Orb
|
|-weather|RainDance|[upkeep]
|upkeep
|turn|21
|
|t:|1779927691
|move|p1a: Venusaur|Giga Drain|p2a: Risk of what?
|-damage|p2a: Risk of what?|0 fnt
|-heal|p1a: Venusaur|72/100|[from] drain|[of] p2a: Risk of what?
|faint|p2a: Risk of what?
|-damage|p1a: Venusaur|62/100|[from] item: Life Orb
|
|-weather|RainDance|[upkeep]
|upkeep
|
|t:|1779927692
|switch|p2a: El papu|Slither Wing, shiny, tera:Bug|17/100
|turn|22
|
|t:|1779927694
|switch|p1a: Torkoal|Torkoal, F|34/100
|-weather|SunnyDay|[from] ability: Drought|[of] p1a: Torkoal
|-activate|p2a: El papu|ability: Protosynthesis
|-start|p2a: El papu|protosynthesisatk
|move|p2a: El papu|U-turn|p1a: Torkoal
|-resisted|p1a: Torkoal
|-damage|p1a: Torkoal|4/100
|
|t:|1779927696
|-end|p2a: El papu|Protosynthesis|[silent]
|switch|p2a: Sphyraena (Fih) 🐟|Barraskewda, F, shiny|100/100|[from] U-turn
|
|-weather|SunnyDay|[upkeep]
|upkeep
|turn|23
|
|t:|1779927699
|move|p2a: Sphyraena (Fih) 🐟|Flip Turn|p1a: Torkoal
|-supereffective|p1a: Torkoal
|-damage|p1a: Torkoal|0 fnt
|faint|p1a: Torkoal
|
|t:|1779927700
|switch|p2a: El papu|Slither Wing, shiny, tera:Bug|17/100|[from] Flip Turn
|-activate|p2a: El papu|ability: Protosynthesis
|-start|p2a: El papu|protosynthesisatk
|
|-weather|SunnyDay|[upkeep]
|upkeep
|
|t:|1779927707
|switch|p1a: Kingambit|Kingambit, F|100/100
|-activate|p1a: Kingambit|ability: Supreme Overlord
|-start|p1a: Kingambit|fallen4|[silent]
|turn|24
|
|t:|1779927711
|-terastallize|p1a: Kingambit|Ghost
|move|p2a: El papu|First Impression|p1a: Kingambit
|-resisted|p1a: Kingambit
|-damage|p1a: Kingambit|39/100
|move|p1a: Kingambit|Swords Dance|p1a: Kingambit
|-boost|p1a: Kingambit|atk|2
|
|-weather|SunnyDay|[upkeep]
|-heal|p1a: Kingambit|45/100|[from] item: Leftovers
|upkeep
|turn|25
|
|t:|1779927723
|-end|p2a: El papu|Protosynthesis|[silent]
|switch|p2a: Sphyraena (Fih) 🐟|Barraskewda, F, shiny|100/100
|move|p1a: Kingambit|Kowtow Cleave|p2a: Sphyraena (Fih) 🐟
|-damage|p2a: Sphyraena (Fih) 🐟|0 fnt
|faint|p2a: Sphyraena (Fih) 🐟
|
|-weather|SunnyDay|[upkeep]
|-heal|p1a: Kingambit|51/100|[from] item: Leftovers
|upkeep
|
|t:|1779927727
|switch|p2a: El papu|Slither Wing, shiny, tera:Bug|17/100
|-activate|p2a: El papu|ability: Protosynthesis
|-start|p2a: El papu|protosynthesisatk
|turn|26
|
|t:|1779927729
|move|p2a: El papu|First Impression|p1a: Kingambit
|-resisted|p1a: Kingambit
|-damage|p1a: Kingambit|0 fnt
|faint|p1a: Kingambit
|-end|p1a: Kingambit|fallen4|[silent]
|
|-weather|SunnyDay|[upkeep]
|upkeep
|
|t:|1779927731
|switch|p1a: Venusaur|Venusaur, M|62/100
|turn|27
|
|t:|1779927733
|move|p2a: El papu|First Impression||[still]
|-hint|First Impression only works on your first turn out.
|-fail|p2a: El papu
|move|p1a: Venusaur|Weather Ball|p2a: El papu
|-supereffective|p2a: El papu
|-crit|p2a: El papu
|-damage|p2a: El papu|0 fnt
|faint|p2a: El papu
|-end|p2a: El papu|Protosynthesis|[silent]
|-damage|p1a: Venusaur|52/100|[from] item: Life Orb
|
|win|pivotslophaxmaxxer
|raw|pivotslophaxmaxxer's rating: 1584 &rarr; <strong>1607</strong><br />(+23 for winning)
|raw|0c3an m4n's rating: 1641 &rarr; <strong>1618</strong><br />(-23 for losing)
|l|☆0c3an m4n
|player|p2|
|l|☆pivotslophaxmaxxer
|player|p1|
