|j|☆Skully335
|j|☆Amoroc
|t:|1779927596
|gametype|singles
|player|p1|Skully335|steven-gen3|1116
|player|p2|Amoroc|hiker|1195
|gen|9
|tier|[Gen 9] OU
|rated|
|rule|HP Percentage Mod: HP is shown in percentages
|rule|Endless Battle Clause: Forcing endless battles is banned
|rule|Species Clause: Limit one of each Pokémon
|rule|OHKO Clause: OHKO moves are banned
|rule|Evasion Items Clause: Evasion items are banned
|rule|Evasion Moves Clause: Evasion moves are banned
|rule|Evasion Abilities Clause: Evasion abilities are banned
|rule|Sleep Moves Clause: Sleep-inducing moves are banned
|clearpoke
|poke|p1|Tyranitar, M|
|poke|p1|Great Tusk|
|poke|p1|Lycanroc, M|
|poke|p1|Corviknight, M|
|poke|p1|Gliscor, M|
|poke|p1|Clefable, F|
|poke|p2|Araquanid, M|
|poke|p2|Galvantula, F|
|poke|p2|Ariados, M|
|poke|p2|Spidops, M|
|poke|p2|Haxorus, F|
|poke|p2|Gholdengo|
|teampreview
|inactive|Battle timer is ON: inactive players will automatically lose when time's up. (requested by Skully335)
|
|t:|1779927624
|teamsize|p1|6
|teamsize|p2|6
|start
|switch|p1a: Great Tusk|Great Tusk|100/100
|switch|p2a: he fatt|Araquanid, M|100/100
|turn|1
|
|t:|1779927634
|-terastallize|p2a: he fatt|Water
|move|p1a: Great Tusk|Stealth Rock|p2a: he fatt
|-sidestart|p2: Amoroc|move: Stealth Rock
|move|p2a: he fatt|Liquidation|p1a: Great Tusk
|-supereffective|p1a: Great Tusk
|-damage|p1a: Great Tusk|0 fnt
|faint|p1a: Great Tusk
|-end|p1a: Great Tusk|Protosynthesis|[silent]
|
|upkeep
|
|t:|1779927641
|switch|p1a: Tyranitar|Tyranitar, M|100/100
|-weather|Sandstorm|[from] ability: Sand Stream|[of] p1a: Tyranitar
|turn|2
|
|t:|1779927658
|move|p1a: Tyranitar|Stone Edge|p2a: he fatt
|-damage|p2a: he fatt|21/100
|move|p2a: he fatt|Liquidation|p1a: Tyranitar
|-supereffective|p1a: Tyranitar
|-damage|p1a: Tyranitar|0 fnt
|faint|p1a: Tyranitar
|
|-weather|Sandstorm|[upkeep]
|-damage|p2a: he fatt|15/100|[from] Sandstorm
|upkeep
|
|t:|1779927664
|switch|p1a: Lycanroc|Lycanroc, M|100/100
|turn|3
|
|t:|1779927668
|move|p1a: Lycanroc|Play Rough|p2a: he fatt
|-damage|p2a: he fatt|0 fnt
|faint|p2a: he fatt
|
|-weather|Sandstorm|[upkeep]
|upkeep
|
|t:|1779927683
|switch|p2a: he protecc|Gholdengo|100/100
|-damage|p2a: he protecc|94/100|[from] Stealth Rock
|-item|p2a: he protecc|Air Balloon
|turn|4
|
|t:|1779927692
|move|p1a: Lycanroc|Play Rough|p2a: he protecc
|-resisted|p2a: he protecc
|-damage|p2a: he protecc|68/100
|-enditem|p2a: he protecc|Air Balloon
|move|p2a: he protecc|Make It Rain|p1a: Lycanroc
|-supereffective|p1a: Lycanroc
|-damage|p1a: Lycanroc|0 fnt
|-unboost|p2a: he protecc|spa|1
|faint|p1a: Lycanroc
|
|-weather|Sandstorm|[upkeep]
|upkeep
|
|t:|1779927695
|switch|p1a: Gliscor|Gliscor, M|100/100
|turn|5
|
|t:|1779927708
|switch|p2a: he trapp|Spidops, M|100/100
|-damage|p2a: he trapp|75/100|[from] Stealth Rock
|move|p1a: Gliscor|Knock Off|p2a: he trapp
|-damage|p2a: he trapp|52/100
|-enditem|p2a: he trapp|Leftovers|[from] move: Knock Off|[of] p1a: Gliscor
|
|-weather|Sandstorm|[upkeep]
|-damage|p2a: he trapp|46/100|[from] Sandstorm
|-status|p1a: Gliscor|tox|[from] item: Toxic Orb
|upkeep
|turn|6
|
|t:|1779927730
|move|p1a: Gliscor|Dual Wingbeat|p2a: he trapp
|-supereffective|p2a: he trapp
|-damage|p2a: he trapp|16/100
|-supereffective|p2a: he trapp
|-damage|p2a: he trapp|0 fnt
|faint|p2a: he trapp
|-hitcount|p2: he trapp|2
|
|-weather|Sandstorm|[upkeep]
|upkeep
|inactive|Amoroc has 120 seconds left.
|
|t:|1779927749
|switch|p2a: he fastt|Galvantula, F|100/100
|-damage|p2a: he fastt|76/100|[from] Stealth Rock
|turn|7
|
|t:|1779927763
|move|p2a: he fastt|Giga Drain|p1a: Gliscor
|-damage|p1a: Gliscor|59/100 tox
|-heal|p2a: he fastt|97/100|[from] drain|[of] p1a: Gliscor
|-damage|p2a: he fastt|87/100|[from] item: Life Orb
|move|p1a: Gliscor|Earthquake|p2a: he fastt
|-crit|p2a: he fastt
|-damage|p2a: he fastt|0 fnt
|faint|p2a: he fastt
|
|-weather|Sandstorm|[upkeep]
|-heal|p1a: Gliscor|71/100 tox|[from] ability: Poison Heal
|upkeep
|inactive|Amoroc has 120 seconds left.
|
|t:|1779927777
|switch|p2a: he protecc|Gholdengo|68/100
|-damage|p2a: he protecc|62/100|[from] Stealth Rock
|turn|8
|
|t:|1779927785
|switch|p2a: he strikes bacc|Ariados, M|100/100
|-damage|p2a: he strikes bacc|75/100|[from] Stealth Rock
|move|p1a: Gliscor|Earthquake|p2a: he strikes bacc
|-damage|p2a: he strikes bacc|21/100
|
|-weather|Sandstorm|[upkeep]
|-damage|p2a: he strikes bacc|14/100|[from] Sandstorm
|-heal|p1a: Gliscor|83/100 tox|[from] ability: Poison Heal
|upkeep
|turn|9
|-enditem|p2a: he strikes bacc|Custap Berry|[eat]
|-activate|p2a: he strikes bacc|item: Custap Berry|[consumed]
|
|t:|1779927795
|move|p2a: he strikes bacc|Megahorn|p1a: Gliscor|[miss]
|-miss|p2a: he strikes bacc|p1a: Gliscor
|move|p1a: Gliscor|Dual Wingbeat|p2a: he strikes bacc
|-supereffective|p2a: he strikes bacc
|-damage|p2a: he strikes bacc|0 fnt
|faint|p2a: he strikes bacc
|-hitcount|p2: he strikes bacc|1
|
|-weather|none
|-heal|p1a: Gliscor|96/100 tox|[from] ability: Poison Heal
|upkeep
|inactive|Amoroc has 120 seconds left.
|
|t:|1779927808
|switch|p2a: he attacc|Haxorus, F|100/100
|-damage|p2a: he attacc|88/100|[from] Stealth Rock
|-ability|p2a: he attacc|Mold Breaker
|turn|10
|
|t:|1779927815
|move|p1a: Gliscor|Knock Off|p2a: he attacc
|-damage|p2a: he attacc|54/100
|-enditem|p2a: he attacc|Focus Sash|[from] move: Knock Off|[of] p1a: Gliscor
|move|p2a: he attacc|Swords Dance|p2a: he attacc
|-boost|p2a: he attacc|atk|2
|
|-heal|p1a: Gliscor|100/100 tox|[from] ability: Poison Heal
|upkeep
|turn|11
|
|t:|1779927823
|move|p1a: Gliscor|Earthquake|p2a: he attacc
|-damage|p2a: he attacc|0 fnt
|faint|p2a: he attacc
|
|upkeep
|
|t:|1779927827
|switch|p2a: he protecc|Gholdengo|62/100
|-damage|p2a: he protecc|56/100|[from] Stealth Rock
|turn|12
|
|t:|1779927833
|move|p1a: Gliscor|Earthquake|p2a: he protecc
|-supereffective|p2a: he protecc
|-damage|p2a: he protecc|0 fnt
|faint|p2a: he protecc
|
|win|Skully335
|raw|Skully335's rating: 1116 &rarr; <strong>1147</strong><br />(+31 for winning)
|raw|Amoroc's rating: 1195 &rarr; <strong>1164</strong><br />(-31 for losing)
|l|☆Amoroc
|player|p2|
|l|☆Skully335
|player|p1|
