|j|☆nwalesu
|j|☆billythekid95
|t:|1779873773
|gametype|singles
|player|p1|nwalesu|pokemaniac|1484
|player|p2|billythekid95|170|1441
|gen|9
|tier|[Gen 9] OU
|rated|
|rule|HP Percentage Mod: HP is shown in percentages
|rule|Endless Battle Clause: Forcing endless battles is banned
|rule|Species Clause: Limit one of each Pokémon
|rule|OHKO Clause: OHKO moves are banned
|rule|Evasion Items Clause: Evasion items are banned
|rule|Evasion Moves Clause: Evasion moves are banned
|rule|Evasion Abilities Clause: Evasion abilities are banned
|rule|Sleep Moves Clause: Sleep-inducing moves are banned
|clearpoke
|poke|p1|Dragapult, F|
|poke|p1|Rotom-Heat|
|poke|p1|Clodsire, M|
|poke|p1|Mandibuzz, F|
|poke|p1|Dragonite, M|
|poke|p1|Iron Valiant|
|poke|p2|Quaquaval, M|
|poke|p2|Ninetales-Alola, M|
|poke|p2|Iron Treads|
|poke|p2|Latias, F|
|poke|p2|Ogerpon, F|
|poke|p2|Gholdengo|
|teampreview
|inactive|Battle timer is ON: inactive players will automatically lose when time's up. (requested by nwalesu)
|
|t:|1779873783
|teamsize|p1|6
|teamsize|p2|6
|start
|switch|p1a: Cookie maker|Rotom-Heat|100/100
|switch|p2a: Iron Treads|Iron Treads|100/100
|-enditem|p2a: Iron Treads|Booster Energy
|-activate|p2a: Iron Treads|ability: Quark Drive|[fromitem]
|-start|p2a: Iron Treads|quarkdrivespe
|turn|1
|
|t:|1779873791
|move|p2a: Iron Treads|Stealth Rock|p1a: Cookie maker
|-sidestart|p1: nwalesu|move: Stealth Rock
|move|p1a: Cookie maker|Overheat|p2a: Iron Treads
|-supereffective|p2a: Iron Treads
|-crit|p2a: Iron Treads
|-damage|p2a: Iron Treads|0 fnt
|-unboost|p1a: Cookie maker|spa|2
|faint|p2a: Iron Treads
|-end|p2a: Iron Treads|Quark Drive|[silent]
|
|upkeep
|
|t:|1779873798
|switch|p2a: Ninetales|Ninetales-Alola, M|100/100
|-weather|Snowscape|[from] ability: Snow Warning|[of] p2a: Ninetales
|turn|2
|
|t:|1779873802
|switch|p1a: Mandibuzz|Mandibuzz, F|100/100
|move|p2a: Ninetales|Aurora Veil|p2a: Ninetales
|-sidestart|p2: billythekid95|move: Aurora Veil
|
|-weather|Snowscape|[upkeep]
|upkeep
|turn|3
|
|t:|1779873807
|switch|p2a: Gholdengo|Gholdengo|100/100
|move|p1a: Mandibuzz|Defog|p2a: Gholdengo
|-immune|p2a: Gholdengo|[from] ability: Good as Gold
|
|-weather|Snowscape|[upkeep]
|upkeep
|turn|4
|
|t:|1779873820
|switch|p1a: Cookie maker|Rotom-Heat|100/100
|move|p2a: Gholdengo|Trick|p1a: Cookie maker
|-activate|p2a: Gholdengo|move: Trick|[of] p1a: Cookie maker
|-item|p1a: Cookie maker|Choice Scarf|[from] move: Trick
|-item|p2a: Gholdengo|Heavy-Duty Boots|[from] move: Trick
|
|-weather|Snowscape|[upkeep]
|upkeep
|turn|5
|j| tsugia
|
|t:|1779873827
|move|p1a: Cookie maker|Overheat|p2a: Gholdengo
|-supereffective|p2a: Gholdengo
|-damage|p2a: Gholdengo|36/100
|-unboost|p1a: Cookie maker|spa|2
|move|p2a: Gholdengo|Shadow Ball|p1a: Cookie maker
|-damage|p1a: Cookie maker|57/100
|
|-weather|Snowscape|[upkeep]
|upkeep
|turn|6
|
|t:|1779873835
|switch|p1a: Clodsire|Clodsire, M|100/100
|-damage|p1a: Clodsire|94/100|[from] Stealth Rock
|move|p2a: Gholdengo|Recover|p2a: Gholdengo
|-heal|p2a: Gholdengo|86/100
|
|-weather|none
|-heal|p1a: Clodsire|100/100|[from] item: Leftovers
|upkeep
|turn|7
|
|t:|1779873843
|switch|p2a: Ogerpon|Ogerpon, F|100/100
|switch|p1a: Mandibuzz|Mandibuzz, F|100/100
|
|upkeep
|turn|8
|
|t:|1779873849
|move|p2a: Ogerpon|Taunt|p1a: Mandibuzz
|-start|p1a: Mandibuzz|move: Taunt
|cant|p1a: Mandibuzz|move: Taunt|Defog
|
|upkeep
|turn|9
|
|t:|1779873853
|move|p2a: Ogerpon|Swords Dance|p2a: Ogerpon
|-boost|p2a: Ogerpon|atk|2
|move|p1a: Mandibuzz|Foul Play|p2a: Ogerpon
|-damage|p2a: Ogerpon|43/100
|
|-sideend|p2: billythekid95|move: Aurora Veil
|upkeep
|turn|10
|
|t:|1779873859
|move|p2a: Ogerpon|Knock Off|p1a: Mandibuzz
|-resisted|p1a: Mandibuzz
|-damage|p1a: Mandibuzz|82/100
|-enditem|p1a: Mandibuzz|Heavy-Duty Boots|[from] move: Knock Off|[of] p2a: Ogerpon
|move|p1a: Mandibuzz|Foul Play|p2a: Ogerpon
|-damage|p2a: Ogerpon|0 fnt
|faint|p2a: Ogerpon
|
|-end|p1a: Mandibuzz|move: Taunt
|upkeep
|
|t:|1779873868
|switch|p2a: Ninetales|Ninetales-Alola, M|100/100
|-weather|Snowscape|[from] ability: Snow Warning|[of] p2a: Ninetales
|turn|11
|
|t:|1779873876
|move|p2a: Ninetales|Encore|p1a: Mandibuzz
|-start|p1a: Mandibuzz|Encore
|move|p1a: Mandibuzz|Foul Play|p2a: Ninetales
|-resisted|p2a: Ninetales
|-damage|p2a: Ninetales|94/100
|
|-weather|Snowscape|[upkeep]
|upkeep
|turn|12
|
|t:|1779873885
|switch|p1a: Clodsire|Clodsire, M|100/100
|-damage|p1a: Clodsire|94/100|[from] Stealth Rock
|move|p2a: Ninetales|Aurora Veil|p2a: Ninetales
|-sidestart|p2: billythekid95|move: Aurora Veil
|
|-weather|Snowscape|[upkeep]
|-heal|p1a: Clodsire|100/100|[from] item: Leftovers
|upkeep
|turn|13
|
|t:|1779873894
|switch|p2a: Quaquaval|Quaquaval, M|100/100
|move|p1a: Clodsire|Toxic|p2a: Quaquaval
|-status|p2a: Quaquaval|tox
|-enditem|p2a: Quaquaval|Lum Berry|[eat]
|-curestatus|p2a: Quaquaval|tox|[msg]
|
|-weather|Snowscape|[upkeep]
|upkeep
|turn|14
|
|t:|1779873912
|switch|p1a: Drippy|Dragapult, F|100/100
|-terastallize|p2a: Quaquaval|Steel
|move|p2a: Quaquaval|Swords Dance|p2a: Quaquaval
|-boost|p2a: Quaquaval|atk|2
|
|-weather|Snowscape|[upkeep]
|upkeep
|turn|15
|
|t:|1779873921
|move|p1a: Drippy|Will-O-Wisp|p2a: Quaquaval
|-status|p2a: Quaquaval|brn
|move|p2a: Quaquaval|Aqua Step|p1a: Drippy
|-resisted|p1a: Drippy
|-damage|p1a: Drippy|72/100
|-boost|p2a: Quaquaval|spe|1
|
|-weather|none
|-damage|p2a: Quaquaval|94/100 brn|[from] brn
|upkeep
|turn|16
|
|t:|1779873944
|switch|p1a: Cookie maker|Rotom-Heat|57/100
|-damage|p1a: Cookie maker|32/100|[from] Stealth Rock
|move|p2a: Quaquaval|Triple Axel|p1a: Cookie maker
|-resisted|p1a: Cookie maker
|-damage|p1a: Cookie maker|28/100
|-resisted|p1a: Cookie maker
|-damage|p1a: Cookie maker|20/100
|-resisted|p1a: Cookie maker
|-damage|p1a: Cookie maker|9/100
|-hitcount|p1a: Cookie maker|3
|
|-damage|p2a: Quaquaval|88/100 brn|[from] brn
|upkeep
|turn|17
|
|t:|1779873956
|move|p2a: Quaquaval|Aqua Step|p1a: Cookie maker
|-supereffective|p1a: Cookie maker
|-damage|p1a: Cookie maker|0 fnt
|-boost|p2a: Quaquaval|spe|1
|faint|p1a: Cookie maker
|-ability|p2a: Quaquaval|Moxie|boost
|-boost|p2a: Quaquaval|atk|1
|
|-damage|p2a: Quaquaval|82/100 brn|[from] brn
|upkeep
|
|t:|1779873968
|switch|p1a: Mandibuzz|Mandibuzz, F|82/100
|-damage|p1a: Mandibuzz|57/100|[from] Stealth Rock
|turn|18
|
|t:|1779873974
|move|p2a: Quaquaval|Triple Axel|p1a: Mandibuzz
|-supereffective|p1a: Mandibuzz
|-damage|p1a: Mandibuzz|48/100
|-supereffective|p1a: Mandibuzz
|-damage|p1a: Mandibuzz|28/100
|-supereffective|p1a: Mandibuzz
|-damage|p1a: Mandibuzz|0 fnt
|faint|p1a: Mandibuzz
|-ability|p2a: Quaquaval|Moxie|boost
|-boost|p2a: Quaquaval|atk|1
|-hitcount|p1: Mandibuzz|3
|
|-damage|p2a: Quaquaval|76/100 brn|[from] brn
|upkeep
|
|t:|1779873993
|switch|p1a: Drippy|Dragapult, F|72/100
|turn|19
|
|t:|1779873996
|move|p2a: Quaquaval|Triple Axel|p1a: Drippy
|-supereffective|p1a: Drippy
|-damage|p1a: Drippy|44/100
|-supereffective|p1a: Drippy
|-damage|p1a: Drippy|0 fnt
|faint|p1a: Drippy
|-ability|p2a: Quaquaval|Moxie|boost
|-boost|p2a: Quaquaval|atk|1
|-hitcount|p1: Drippy|2
|
|-damage|p2a: Quaquaval|70/100 brn|[from] brn
|-sideend|p2: billythekid95|move: Aurora Veil
|upkeep
|
|t:|1779874010
|switch|p1a: Dragonite|Dragonite, M|100/100
|turn|20
|
|t:|1779874016
|-terastallize|p1a: Dragonite|Normal
|move|p2a: Quaquaval|Triple Axel|p1a: Dragonite
|-damage|p1a: Dragonite|94/100
|-damage|p1a: Dragonite|66/100
|-hitcount|p1a: Dragonite|2
|move|p1a: Dragonite|Fire Punch|p2a: Quaquaval
|-supereffective|p2a: Quaquaval
|-damage|p2a: Quaquaval|0 fnt
|faint|p2a: Quaquaval
|
|upkeep
|
|t:|1779874028
|switch|p2a: Ninetales|Ninetales-Alola, M|94/100
|-weather|Snowscape|[from] ability: Snow Warning|[of] p2a: Ninetales
|turn|21
|
|t:|1779874033
|move|p2a: Ninetales|Aurora Veil|p2a: Ninetales
|-sidestart|p2: billythekid95|move: Aurora Veil
|move|p1a: Dragonite|Dragon Dance|p1a: Dragonite
|-boost|p1a: Dragonite|atk|1
|-boost|p1a: Dragonite|spe|1
|
|-weather|Snowscape|[upkeep]
|upkeep
|turn|22
|
|t:|1779874038
|move|p1a: Dragonite|Fire Punch|p2a: Ninetales
|-supereffective|p2a: Ninetales
|-damage|p2a: Ninetales|57/100
|move|p2a: Ninetales|Encore|p1a: Dragonite
|-start|p1a: Dragonite|Encore
|
|-weather|Snowscape|[upkeep]
|upkeep
|turn|23
|
|t:|1779874044
|move|p1a: Dragonite|Fire Punch|p2a: Ninetales
|-supereffective|p2a: Ninetales
|-damage|p2a: Ninetales|23/100
|move|p2a: Ninetales|Moonblast|p1a: Dragonite
|-damage|p1a: Dragonite|36/100
|-unboost|p1a: Dragonite|spa|1
|
|-weather|Snowscape|[upkeep]
|upkeep
|turn|24
|
|t:|1779874051
|move|p1a: Dragonite|Fire Punch|p2a: Ninetales
|-supereffective|p2a: Ninetales
|-damage|p2a: Ninetales|0 fnt
|faint|p2a: Ninetales
|
|-weather|Snowscape|[upkeep]
|upkeep
|
|t:|1779874056
|switch|p2a: Latias|Latias, F|100/100
|turn|25
|
|t:|1779874059
|switch|p1a: Clodsire|Clodsire, M|100/100
|-damage|p1a: Clodsire|94/100|[from] Stealth Rock
|move|p2a: Latias|Agility|p2a: Latias
|-boost|p2a: Latias|spe|2
|
|-weather|none
|-heal|p1a: Clodsire|100/100|[from] item: Leftovers
|upkeep
|turn|26
|
|t:|1779874068
|move|p2a: Latias|Calm Mind|p2a: Latias
|-boost|p2a: Latias|spa|1
|-boost|p2a: Latias|spd|1
|move|p1a: Clodsire|Toxic|p2a: Latias
|-status|p2a: Latias|tox
|
|-damage|p2a: Latias|94/100 tox|[from] psn
|upkeep
|turn|27
|
|t:|1779874090
|move|p2a: Latias|Calm Mind|p2a: Latias
|-boost|p2a: Latias|spa|1
|-boost|p2a: Latias|spd|1
|move|p1a: Clodsire|Recover||[still]
|-fail|p1a: Clodsire|heal
|
|-heal|p2a: Latias|100/100 tox|[from] item: Leftovers
|-damage|p2a: Latias|88/100 tox|[from] psn
|upkeep
|turn|28
|
|t:|1779874098
|move|p2a: Latias|Stored Power|p1a: Clodsire
|-supereffective|p1a: Clodsire
|-damage|p1a: Clodsire|0 fnt
|faint|p1a: Clodsire
|
|-heal|p2a: Latias|94/100 tox|[from] item: Leftovers
|-damage|p2a: Latias|76/100 tox|[from] psn
|-sideend|p2: billythekid95|move: Aurora Veil
|upkeep
|
|t:|1779874110
|switch|p1a: Dragonite|Dragonite, M, tera:Normal|36/100
|turn|29
|
|t:|1779874115
|move|p1a: Dragonite|Extreme Speed|p2a: Latias
|-damage|p2a: Latias|37/100 tox
|move|p2a: Latias|Draining Kiss|p1a: Dragonite
|-damage|p1a: Dragonite|11/100
|-heal|p2a: Latias|54/100 tox|[from] drain|[of] p1a: Dragonite
|
|-heal|p2a: Latias|60/100 tox|[from] item: Leftovers
|-damage|p2a: Latias|36/100 tox|[from] psn
|upkeep
|turn|30
|
|t:|1779874126
|move|p1a: Dragonite|Extreme Speed|p2a: Latias
|-damage|p2a: Latias|0 fnt
|faint|p2a: Latias
|
|upkeep
|
|t:|1779874130
|switch|p2a: Gholdengo|Gholdengo|86/100
|turn|31
|
|t:|1779874133
|move|p2a: Gholdengo|Make It Rain|p1a: Dragonite
|-damage|p1a: Dragonite|0 fnt
|-unboost|p2a: Gholdengo|spa|1
|faint|p1a: Dragonite
|
|upkeep
|
|t:|1779874137
|switch|p1a: Iron Valiant|Iron Valiant|100/100
|-damage|p1a: Iron Valiant|94/100|[from] Stealth Rock
|-enditem|p1a: Iron Valiant|Booster Energy
|-activate|p1a: Iron Valiant|ability: Quark Drive|[fromitem]
|-start|p1a: Iron Valiant|quarkdrivespe
|turn|32
|
|t:|1779874143
|move|p1a: Iron Valiant|Calm Mind|p1a: Iron Valiant
|-boost|p1a: Iron Valiant|spa|1
|-boost|p1a: Iron Valiant|spd|1
|move|p2a: Gholdengo|Make It Rain|p1a: Iron Valiant
|-supereffective|p1a: Iron Valiant
|-damage|p1a: Iron Valiant|0 fnt
|-unboost|p2a: Gholdengo|spa|1
|faint|p1a: Iron Valiant
|-end|p1a: Iron Valiant|Quark Drive|[silent]
|
|win|billythekid95
|raw|nwalesu's rating: 1484 &rarr; <strong>1462</strong><br />(-22 for losing)
|raw|billythekid95's rating: 1441 &rarr; <strong>1463</strong><br />(+22 for winning)
|l|☆billythekid95
|player|p2|
|l|☆nwalesu
|player|p1|
|j| samurajen
