|j|☆liptight
|j|☆Dubyaz13
|t:|1779942787
|gametype|singles
|player|p1|liptight|miku-ghost|1523
|player|p2|Dubyaz13|linebacker|1544
|gen|9
|tier|[Gen 9] OU
|rated|
|rule|HP Percentage Mod: HP is shown in percentages
|rule|Endless Battle Clause: Forcing endless battles is banned
|rule|Species Clause: Limit one of each Pokémon
|rule|OHKO Clause: OHKO moves are banned
|rule|Evasion Items Clause: Evasion items are banned
|rule|Evasion Moves Clause: Evasion moves are banned
|rule|Evasion Abilities Clause: Evasion abilities are banned
|rule|Sleep Moves Clause: Sleep-inducing moves are banned
|clearpoke
|poke|p1|Araquanid, F|
|poke|p1|Gholdengo|
|poke|p1|Iron Moth|
|poke|p1|Iron Valiant|
|poke|p1|Raging Bolt|
|poke|p1|Kingambit, F|
|poke|p2|Dragonite, F|
|poke|p2|Samurott-Hisui, F|
|poke|p2|Gholdengo|
|poke|p2|Pecharunt|
|poke|p2|Walking Wake|
|poke|p2|Ting-Lu|
|teampreview
|
|t:|1779942811
|teamsize|p1|6
|teamsize|p2|6
|start
|switch|p1a: QUIL|Araquanid, F|100/100
|switch|p2a: Samurott|Samurott-Hisui, F|100/100
|turn|1
|
|t:|1779942821
|move|p2a: Samurott|Ceaseless Edge|p1a: QUIL
|-damage|p1a: QUIL|61/100
|-sidestart|p1: liptight|Spikes
|move|p1a: QUIL|Sticky Web|p2a: Samurott
|-sidestart|p2: Dubyaz13|move: Sticky Web
|
|upkeep
|turn|2
|
|t:|1779942840
|move|p2a: Samurott|Ceaseless Edge|p1a: QUIL
|-damage|p1a: QUIL|25/100
|-sidestart|p1: liptight|Spikes
|move|p1a: QUIL|Endeavor|p2a: Samurott
|-damage|p2a: Samurott|24/100
|
|upkeep
|turn|3
|-enditem|p1a: QUIL|Custap Berry|[eat]
|-activate|p1a: QUIL|item: Custap Berry|[consumed]
|
|t:|1779942850
|move|p2a: Samurott|Sucker Punch|p1a: QUIL
|-damage|p1a: QUIL|0 fnt
|faint|p1a: QUIL
|
|upkeep
|
|t:|1779942861
|switch|p1a: QUZZ|Iron Valiant|100/100
|-damage|p1a: QUZZ|84/100|[from] Spikes
|-enditem|p1a: QUZZ|Booster Energy
|-activate|p1a: QUZZ|ability: Quark Drive|[fromitem]
|-start|p1a: QUZZ|quarkdrivespa
|turn|4
|
|t:|1779942880
|switch|p2a: Gholdengo|Gholdengo|100/100
|-activate|p2a: Gholdengo|move: Sticky Web
|-unboost|p2a: Gholdengo|spe|1
|move|p1a: QUZZ|Calm Mind|p1a: QUZZ
|-boost|p1a: QUZZ|spa|1
|-boost|p1a: QUZZ|spd|1
|
|upkeep
|turn|5
|
|t:|1779942893
|switch|p2a: Ting-Lu|Ting-Lu|100/100
|-activate|p2a: Ting-Lu|move: Sticky Web
|-unboost|p2a: Ting-Lu|spe|1
|-ability|p2a: Ting-Lu|Vessel of Ruin
|move|p1a: QUZZ|Shadow Ball|p2a: Ting-Lu
|-resisted|p2a: Ting-Lu
|-damage|p2a: Ting-Lu|89/100
|-unboost|p2a: Ting-Lu|spd|1
|
|-heal|p2a: Ting-Lu|95/100|[from] item: Leftovers
|upkeep
|turn|6
|
|t:|1779942903
|move|p1a: QUZZ|Moonblast|p2a: Ting-Lu
|-supereffective|p2a: Ting-Lu
|-damage|p2a: Ting-Lu|0 fnt
|faint|p2a: Ting-Lu
|
|upkeep
|
|t:|1779942908
|switch|p2a: Dragonite|Dragonite, F|100/100
|turn|7
|
|t:|1779942914
|move|p2a: Dragonite|Extreme Speed|p1a: QUZZ
|-damage|p1a: QUZZ|47/100
|move|p1a: QUZZ|Moonblast|p2a: Dragonite
|-supereffective|p2a: Dragonite
|-damage|p2a: Dragonite|12/100
|-unboost|p2a: Dragonite|spa|1
|
|upkeep
|turn|8
|
|t:|1779942924
|-terastallize|p1a: QUZZ|Ghost
|-terastallize|p2a: Dragonite|Normal
|move|p2a: Dragonite|Extreme Speed|p1a: QUZZ
|-immune|p1a: QUZZ
|move|p1a: QUZZ|Moonblast|p2a: Dragonite
|-damage|p2a: Dragonite|0 fnt
|faint|p2a: Dragonite
|
|upkeep
|-message|Dubyaz13 forfeited.
|
|win|liptight
|raw|liptight's rating: 1523 &rarr; <strong>1544</strong><br />(+21 for winning)
|raw|Dubyaz13's rating: 1544 &rarr; <strong>1523</strong><br />(-21 for losing)
|l|☆Dubyaz13
|player|p2|
