|j|☆claudechamp
|j|☆Marquez190
|t:|1779871307
|gametype|singles
|player|p1|claudechamp|169|1296
|player|p2|Marquez190|101|1366
|gen|9
|tier|[Gen 9] OU
|rated|
|rule|HP Percentage Mod: HP is shown in percentages
|rule|Endless Battle Clause: Forcing endless battles is banned
|rule|Species Clause: Limit one of each Pokémon
|rule|OHKO Clause: OHKO moves are banned
|rule|Evasion Items Clause: Evasion items are banned
|rule|Evasion Moves Clause: Evasion moves are banned
|rule|Evasion Abilities Clause: Evasion abilities are banned
|rule|Sleep Moves Clause: Sleep-inducing moves are banned
|clearpoke
|poke|p1|Gliscor, M|
|poke|p1|Ogerpon, F|
|poke|p1|Walking Wake|
|poke|p1|Blissey, F|
|poke|p1|Corviknight, M|
|poke|p1|Pecharunt|
|poke|p2|Okidogi, M|
|poke|p2|Gholdengo|
|poke|p2|Samurott-Hisui, M|
|poke|p2|Arcanine-Hisui, F|
|poke|p2|Scizor, M|
|poke|p2|Enamorus, F|
|teampreview
|c|☆claudechamp|hf
|inactive|Battle timer is ON: inactive players will automatically lose when time's up. (requested by Marquez190)
|inactive|claudechamp also wants the timer to be on.
|inactive|Marquez190 has 120 seconds left.
|
|t:|1779871355
|teamsize|p1|6
|teamsize|p2|6
|start
|switch|p1a: Gliscor|Gliscor, M|100/100
|switch|p2a: Okidogi|Okidogi, M|100/100
|turn|1
|
|t:|1779871359
|switch|p1a: Walking Wake|Walking Wake|100/100
|move|p2a: Okidogi|Knock Off|p1a: Walking Wake
|-damage|p1a: Walking Wake|59/100
|-enditem|p1a: Walking Wake|Heavy-Duty Boots|[from] move: Knock Off|[of] p2a: Okidogi
|
|upkeep
|turn|2
|
|t:|1779871373
|move|p1a: Walking Wake|Surf|p2a: Okidogi
|-damage|p2a: Okidogi|72/100
|move|p2a: Okidogi|Gunk Shot|p1a: Walking Wake
|-damage|p1a: Walking Wake|0 fnt
|faint|p1a: Walking Wake
|-end|p1a: Walking Wake|Protosynthesis|[silent]
|
|upkeep
|
|t:|1779871375
|switch|p1a: Gliscor|Gliscor, M|100/100
|turn|3
|
|t:|1779871384
|-terastallize|p2a: Okidogi|Water
|move|p1a: Gliscor|Spikes|p2a: Okidogi
|-sidestart|p2: Marquez190|Spikes
|move|p2a: Okidogi|Ice Punch|p1a: Gliscor
|-supereffective|p1a: Gliscor
|-damage|p1a: Gliscor|16/100
|
|-status|p1a: Gliscor|tox|[from] item: Toxic Orb
|upkeep
|turn|4
|
|t:|1779871393
|move|p1a: Gliscor|Spikes|p2a: Okidogi
|-sidestart|p2: Marquez190|Spikes
|move|p2a: Okidogi|Knock Off|p1a: Gliscor
|-damage|p1a: Gliscor|0 fnt
|-enditem|p1a: Gliscor|Toxic Orb|[from] move: Knock Off|[of] p2a: Okidogi
|faint|p1a: Gliscor
|
|upkeep
|
|t:|1779871395
|switch|p1a: Ogerpon|Ogerpon, F|100/100
|turn|5
|
|t:|1779871400
|switch|p2a: Scizor|Scizor, M|100/100
|-damage|p2a: Scizor|84/100|[from] Spikes
|move|p1a: Ogerpon|Ivy Cudgel|p2a: Scizor
|-resisted|p2a: Scizor
|-damage|p2a: Scizor|73/100
|
|upkeep
|turn|6
|
|t:|1779871405
|move|p1a: Ogerpon|Ivy Cudgel|p2a: Scizor
|-resisted|p2a: Scizor
|-damage|p2a: Scizor|60/100
|move|p2a: Scizor|U-turn|p1a: Ogerpon
|-supereffective|p1a: Ogerpon
|-damage|p1a: Ogerpon|0 fnt
|faint|p1a: Ogerpon
|
|t:|1779871411
|switch|p2a: Arcanine|Arcanine-Hisui, F|100/100|[from] U-turn
|-damage|p2a: Arcanine|84/100|[from] Spikes
|
|upkeep
|
|t:|1779871413
|switch|p1a: Pecharunt|Pecharunt|100/100
|turn|7
|
|t:|1779871420
|switch|p2a: Samurott|Samurott-Hisui, M|100/100
|-damage|p2a: Samurott|84/100|[from] Spikes
|move|p1a: Pecharunt|Foul Play|p2a: Samurott
|-resisted|p2a: Samurott
|-damage|p2a: Samurott|68/100
|
|upkeep
|turn|8
|
|t:|1779871423
|move|p1a: Pecharunt|Foul Play|p2a: Samurott
|-resisted|p2a: Samurott
|-damage|p2a: Samurott|53/100
|move|p2a: Samurott|Knock Off|p1a: Pecharunt
|-supereffective|p1a: Pecharunt
|-damage|p1a: Pecharunt|59/100
|-enditem|p1a: Pecharunt|Heavy-Duty Boots|[from] move: Knock Off|[of] p2a: Samurott
|
|upkeep
|turn|9
|
|t:|1779871427
|move|p1a: Pecharunt|Malignant Chain|p2a: Samurott
|-damage|p2a: Samurott|32/100
|-status|p2a: Samurott|tox
|-start|p2a: Samurott|confusion|[from] ability: Poison Puppeteer|[of] p1a: Pecharunt
|-activate|p2a: Samurott|confusion
|move|p2a: Samurott|Ceaseless Edge|p1a: Pecharunt
|-supereffective|p1a: Pecharunt
|-damage|p1a: Pecharunt|18/100
|-sidestart|p1: claudechamp|Spikes
|
|-damage|p2a: Samurott|26/100 tox|[from] psn
|upkeep
|turn|10
|
|t:|1779871432
|-activate|p2a: Samurott|confusion
|-damage|p2a: Samurott|14/100 tox|[from] confusion
|move|p1a: Pecharunt|Recover|p1a: Pecharunt
|-heal|p1a: Pecharunt|68/100
|
|-damage|p2a: Samurott|2/100 tox|[from] psn
|upkeep
|turn|11
|
|t:|1779871436
|-activate|p2a: Samurott|confusion
|move|p2a: Samurott|Ceaseless Edge|p1a: Pecharunt
|-supereffective|p1a: Pecharunt
|-damage|p1a: Pecharunt|26/100
|-sidestart|p1: claudechamp|Spikes
|move|p1a: Pecharunt|Foul Play|p2a: Samurott
|-resisted|p2a: Samurott
|-damage|p2a: Samurott|0 fnt
|faint|p2a: Samurott
|
|upkeep
|inactive|Marquez190 has 120 seconds left.
|
|t:|1779871490
|switch|p2a: Gholdengo|Gholdengo|100/100
|-item|p2a: Gholdengo|Air Balloon
|turn|12
|
|t:|1779871499
|switch|p1a: Blissey|Blissey, F|100/100
|move|p2a: Gholdengo|Shadow Ball|p1a: Blissey
|-immune|p1a: Blissey
|
|upkeep
|turn|13
|
|t:|1779871508
|move|p2a: Gholdengo|Nasty Plot|p2a: Gholdengo
|-boost|p2a: Gholdengo|spa|2
|move|p1a: Blissey|Stealth Rock|p2a: Gholdengo
|-sidestart|p2: Marquez190|move: Stealth Rock
|
|upkeep
|turn|14
|inactive|Marquez190 has 120 seconds left.
|
|t:|1779871516
|-terastallize|p1a: Blissey|Dark
|move|p2a: Gholdengo|Nasty Plot|p2a: Gholdengo
|-boost|p2a: Gholdengo|spa|2
|move|p1a: Blissey|Calm Mind|p1a: Blissey
|-boost|p1a: Blissey|spa|1
|-boost|p1a: Blissey|spd|1
|
|upkeep
|turn|15
|
|t:|1779871521
|switch|p1a: Corviknight|Corviknight, M|100/100
|-ability|p1a: Corviknight|Pressure
|move|p2a: Gholdengo|Nasty Plot|p2a: Gholdengo
|-boost|p2a: Gholdengo|spa|2
|
|upkeep
|turn|16
|
|t:|1779871524
|switch|p1a: Blissey|Blissey, F, tera:Dark|100/100
|move|p2a: Gholdengo|Shadow Ball|p1a: Blissey
|-resisted|p1a: Blissey
|-damage|p1a: Blissey|76/100
|
|upkeep
|turn|17
|
|t:|1779871530
|switch|p1a: Corviknight|Corviknight, M|100/100
|-ability|p1a: Corviknight|Pressure
|move|p2a: Gholdengo|Focus Blast|p1a: Corviknight
|-damage|p1a: Corviknight|0 fnt
|faint|p1a: Corviknight
|
|upkeep
|
|t:|1779871533
|switch|p1a: Blissey|Blissey, F, tera:Dark|76/100
|turn|18
|
|t:|1779871539
|switch|p1a: Pecharunt|Pecharunt|26/100
|-damage|p1a: Pecharunt|10/100|[from] Spikes
|move|p2a: Gholdengo|Focus Blast|p1a: Pecharunt
|-immune|p1a: Pecharunt
|
|upkeep
|turn|19
|
|t:|1779871544
|move|p2a: Gholdengo|Shadow Ball|p1a: Pecharunt
|-supereffective|p1a: Pecharunt
|-damage|p1a: Pecharunt|0 fnt
|faint|p1a: Pecharunt
|
|upkeep
|
|t:|1779871548
|switch|p1a: Blissey|Blissey, F, tera:Dark|76/100
|turn|20
|
|t:|1779871552
|move|p2a: Gholdengo|Focus Blast|p1a: Blissey
|-supereffective|p1a: Blissey
|-damage|p1a: Blissey|0 fnt
|faint|p1a: Blissey
|
|win|Marquez190
|raw|claudechamp's rating: 1289 &rarr; <strong>1269</strong><br />(-20 for losing)
|raw|Marquez190's rating: 1366 &rarr; <strong>1382</strong><br />(+16 for winning)
|c|☆claudechamp|gg
|l|☆Marquez190
|player|p2|
