|j|☆sharkusPL
|j|☆Gayroach
|t:|1779863387
|gametype|singles
|player|p1|sharkusPL|blackbelt-gen4dp|1178
|player|p2|Gayroach|scientist-gen4dp|1054
|gen|9
|tier|[Gen 9] OU
|rated|
|rule|HP Percentage Mod: HP is shown in percentages
|rule|Endless Battle Clause: Forcing endless battles is banned
|rule|Species Clause: Limit one of each Pokémon
|rule|OHKO Clause: OHKO moves are banned
|rule|Evasion Items Clause: Evasion items are banned
|rule|Evasion Moves Clause: Evasion moves are banned
|rule|Evasion Abilities Clause: Evasion abilities are banned
|rule|Sleep Moves Clause: Sleep-inducing moves are banned
|clearpoke
|poke|p1|Zamazenta-*|
|poke|p1|Regieleki|
|poke|p1|Blaziken, F|
|poke|p1|Greninja-*, M|
|poke|p1|Serperior, M|
|poke|p1|Deoxys-Defense|
|poke|p2|Electivire, M|
|poke|p2|Revavroom, M|
|poke|p2|Porygon2|
|poke|p2|Magnezone|
|poke|p2|Iron Leaves|
|poke|p2|Iron Jugulis|
|teampreview
|inactive|Battle timer is ON: inactive players will automatically lose when time's up. (requested by Gayroach)
|
|t:|1779863393
|teamsize|p1|6
|teamsize|p2|6
|start
|switch|p1a: Regieleki|Regieleki|100/100
|switch|p2a: Magnezone|Magnezone, shiny|100/100
|turn|1
|
|t:|1779863402
|switch|p2a: Electivire|Electivire, M, shiny|100/100
|move|p1a: Regieleki|Volt Switch|p2a: Electivire
|-ability|p2a: Electivire|Motor Drive|boost
|-boost|p2a: Electivire|spe|1
|
|upkeep
|turn|2
|
|t:|1779863419
|switch|p1a: Serperior|Serperior, M|100/100
|move|p2a: Electivire|Substitute|p2a: Electivire
|-start|p2a: Electivire|Substitute
|-damage|p2a: Electivire|76/100
|
|upkeep
|turn|3
|
|t:|1779863431
|-singleturn|p2a: Electivire|move: Focus Punch
|move|p1a: Serperior|Leaf Storm|p2a: Electivire
|-end|p2a: Electivire|Substitute
|-boost|p1a: Serperior|spa|2
|move|p2a: Electivire|Focus Punch|p1a: Serperior
|-damage|p1a: Serperior|41/100
|
|-heal|p1a: Serperior|47/100|[from] item: Leftovers
|upkeep
|turn|4
|
|t:|1779863454
|switch|p2a: Revavroom|Revavroom, M, shiny|100/100
|move|p1a: Serperior|Leaf Storm|p2a: Revavroom
|-resisted|p2a: Revavroom
|-damage|p2a: Revavroom|67/100
|-boost|p1a: Serperior|spa|2
|
|-heal|p1a: Serperior|53/100|[from] item: Leftovers
|upkeep
|turn|5
|
|t:|1779863476
|-terastallize|p1a: Serperior|Fire
|move|p1a: Serperior|Leech Seed|p2a: Revavroom
|-start|p2a: Revavroom|move: Leech Seed
|move|p2a: Revavroom|Poison Jab|p1a: Serperior
|-damage|p1a: Serperior|12/100
|-status|p1a: Serperior|psn
|
|-heal|p1a: Serperior|18/100 psn|[from] item: Leftovers
|-damage|p2a: Revavroom|55/100|[from] Leech Seed|[of] p1a: Serperior
|-heal|p1a: Serperior|30/100 psn|[silent]
|-damage|p1a: Serperior|18/100 psn|[from] psn
|upkeep
|turn|6
|
|t:|1779863494
|switch|p2a: Magnezone|Magnezone, shiny|100/100
|move|p1a: Serperior|Protect||[still]
|-fail|p1a: Serperior
|
|-heal|p1a: Serperior|24/100 psn|[from] item: Leftovers
|-damage|p1a: Serperior|12/100 psn|[from] psn
|upkeep
|turn|7
|
|t:|1779863507
|move|p1a: Serperior|Giga Drain|p2a: Magnezone
|-resisted|p2a: Magnezone
|-damage|p2a: Magnezone|76/100
|-heal|p1a: Serperior|25/100 psn|[from] drain|[of] p2a: Magnezone
|move|p2a: Magnezone|Charge Beam|p1a: Serperior
|-damage|p1a: Serperior|0 fnt
|-boost|p2a: Magnezone|spa|1
|faint|p1a: Serperior
|
|upkeep
|inactive|sharkusPL has 120 seconds left.
|
|t:|1779863517
|switch|p1a: Blaziken|Blaziken, F|100/100
|-item|p1a: Blaziken|Air Balloon
|turn|8
|
|t:|1779863523
|move|p1a: Blaziken|Protect|p1a: Blaziken
|-singleturn|p1a: Blaziken|Protect
|move|p2a: Magnezone|Thunderbolt|p1a: Blaziken
|-activate|p1a: Blaziken|move: Protect
|
|-ability|p1a: Blaziken|Speed Boost|boost
|-boost|p1a: Blaziken|spe|1
|upkeep
|turn|9
|
|t:|1779863541
|move|p1a: Blaziken|Rock Slide|p2a: Magnezone
|-resisted|p2a: Magnezone
|-damage|p2a: Magnezone|65/100
|move|p2a: Magnezone|Thunderbolt|p1a: Blaziken
|-damage|p1a: Blaziken|0 fnt
|-enditem|p1a: Blaziken|Air Balloon
|faint|p1a: Blaziken
|
|upkeep
|inactive|sharkusPL has 120 seconds left.
|
|t:|1779863554
|switch|p1a: Zamazenta|Zamazenta|100/100
|-ability|p1a: Zamazenta|Dauntless Shield|boost
|-boost|p1a: Zamazenta|def|1
|turn|10
|
|t:|1779863559
|move|p1a: Zamazenta|Body Press|p2a: Magnezone
|-supereffective|p2a: Magnezone
|-damage|p2a: Magnezone|0 fnt
|faint|p2a: Magnezone
|
|upkeep
|
|t:|1779863566
|switch|p2a: Revavroom|Revavroom, M, shiny|55/100
|turn|11
|
|t:|1779863575
|move|p1a: Zamazenta|Iron Defense|p1a: Zamazenta
|-boost|p1a: Zamazenta|def|2
|move|p2a: Revavroom|Iron Defense|p2a: Revavroom
|-boost|p2a: Revavroom|def|2
|
|upkeep
|turn|12
|
|t:|1779863583
|move|p1a: Zamazenta|Iron Defense|p1a: Zamazenta
|-boost|p1a: Zamazenta|def|2
|move|p2a: Revavroom|Poison Jab|p1a: Zamazenta
|-damage|p1a: Zamazenta|92/100
|
|-heal|p1a: Zamazenta|98/100|[from] item: Leftovers
|upkeep
|turn|13
|
|t:|1779863592
|move|p1a: Zamazenta|Protect|p1a: Zamazenta
|-singleturn|p1a: Zamazenta|Protect
|move|p2a: Revavroom|Poison Jab|p1a: Zamazenta
|-activate|p1a: Zamazenta|move: Protect
|
|-heal|p1a: Zamazenta|100/100|[from] item: Leftovers
|upkeep
|turn|14
|
|t:|1779863605
|move|p1a: Zamazenta|Agility|p1a: Zamazenta
|-boost|p1a: Zamazenta|spe|2
|move|p2a: Revavroom|Shift Gear|p2a: Revavroom
|-boost|p2a: Revavroom|spe|2
|-boost|p2a: Revavroom|atk|1
|
|upkeep
|turn|15
|
|t:|1779863615
|move|p1a: Zamazenta|Body Press|p2a: Revavroom
|-damage|p2a: Revavroom|0 fnt
|faint|p2a: Revavroom
|
|upkeep
|
|t:|1779863621
|switch|p2a: Iron Leaves|Iron Leaves|100/100
|turn|16
|
|t:|1779863626
|move|p1a: Zamazenta|Body Press|p2a: Iron Leaves
|-resisted|p2a: Iron Leaves
|-damage|p2a: Iron Leaves|18/100
|move|p2a: Iron Leaves|Electric Terrain|p2a: Iron Leaves
|-fieldstart|move: Electric Terrain
|-activate|p2a: Iron Leaves|ability: Quark Drive
|-start|p2a: Iron Leaves|quarkdriveatk
|
|upkeep
|turn|17
|
|t:|1779863637
|move|p1a: Zamazenta|Body Press|p2a: Iron Leaves
|-resisted|p2a: Iron Leaves
|-damage|p2a: Iron Leaves|0 fnt
|faint|p2a: Iron Leaves
|-end|p2a: Iron Leaves|Quark Drive|[silent]
|
|upkeep
|
|t:|1779863642
|switch|p2a: Iron Jugulis|Iron Jugulis|100/100
|-activate|p2a: Iron Jugulis|ability: Quark Drive
|-start|p2a: Iron Jugulis|quarkdrivespe
|turn|18
|
|t:|1779863650
|move|p1a: Zamazenta|Body Press|p2a: Iron Jugulis
|-damage|p2a: Iron Jugulis|0 fnt
|faint|p2a: Iron Jugulis
|-end|p2a: Iron Jugulis|Quark Drive|[silent]
|
|upkeep
|-message|Gayroach forfeited.
|
|win|sharkusPL
|raw|sharkusPL's rating: 1178 &rarr; <strong>1194</strong><br />(+16 for winning)
|raw|Gayroach's rating: 1054 &rarr; <strong>1042</strong><br />(-12 for losing)
|l|☆Gayroach
|player|p2|
|l|☆sharkusPL
|player|p1|
