|j|☆vavlen
|j|☆22jj55
|t:|1779890066
|gametype|singles
|player|p1|vavlen|1|1112
|player|p2|22jj55|hiker-gen4|1127
|gen|9
|tier|[Gen 9] OU
|rated|
|rule|HP Percentage Mod: HP is shown in percentages
|rule|Endless Battle Clause: Forcing endless battles is banned
|rule|Species Clause: Limit one of each Pokémon
|rule|OHKO Clause: OHKO moves are banned
|rule|Evasion Items Clause: Evasion items are banned
|rule|Evasion Moves Clause: Evasion moves are banned
|rule|Evasion Abilities Clause: Evasion abilities are banned
|rule|Sleep Moves Clause: Sleep-inducing moves are banned
|clearpoke
|poke|p1|Polteageist|
|poke|p1|Indeedee, M|
|poke|p1|Iron Valiant|
|poke|p1|Tatsugiri, M|
|poke|p1|Grafaiai, M|
|poke|p1|Iron Treads|
|poke|p2|Gliscor, F|
|poke|p2|Clodsire, M|
|poke|p2|Scizor, M|
|poke|p2|Mimikyu, F|
|poke|p2|Hydreigon, F|
|poke|p2|Rotom-Wash|
|teampreview
|inactive|Battle timer is ON: inactive players will automatically lose when time's up. (requested by vavlen)
|
|t:|1779890081
|teamsize|p1|6
|teamsize|p2|6
|start
|switch|p1a: Tatsugiri|Tatsugiri, M|100/100
|switch|p2a: Clodsire|Clodsire, M|100/100
|turn|1
|
|t:|1779890093
|switch|p1a: Indeedee|Indeedee, M|100/100
|-fieldstart|move: Psychic Terrain|[from] ability: Psychic Surge|[of] p1a: Indeedee
|move|p2a: Clodsire|Stealth Rock|p1a: Indeedee
|-sidestart|p1: vavlen|move: Stealth Rock
|
|upkeep
|turn|2
|
|t:|1779890101
|move|p1a: Indeedee|Encore|p2a: Clodsire
|-start|p2a: Clodsire|Encore
|move|p2a: Clodsire|Stealth Rock||[still]
|-fail|p2a: Clodsire
|
|upkeep
|turn|3
|
|t:|1779890109
|switch|p1a: Iron Treads|Iron Treads|100/100
|-damage|p1a: Iron Treads|97/100|[from] Stealth Rock
|-enditem|p1a: Iron Treads|Booster Energy
|-activate|p1a: Iron Treads|ability: Quark Drive|[fromitem]
|-start|p1a: Iron Treads|quarkdrivespe
|switch|p2a: Hydreigon|Hydreigon, F|100/100
|
|upkeep
|turn|4
|
|t:|1779890124
|move|p1a: Iron Treads|Rapid Spin|p2a: Hydreigon
|-damage|p2a: Hydreigon|85/100
|-boost|p1a: Iron Treads|spe|1
|-sideend|p1: vavlen|Stealth Rock|[from] move: Rapid Spin|[of] p1a: Iron Treads
|move|p2a: Hydreigon|Fire Blast|p1a: Iron Treads
|-supereffective|p1a: Iron Treads
|-damage|p1a: Iron Treads|6/100
|
|upkeep
|turn|5
|
|t:|1779890144
|move|p1a: Iron Treads|Ice Spinner|p2a: Hydreigon
|-supereffective|p2a: Hydreigon
|-damage|p2a: Hydreigon|36/100
|-fieldend|move: Psychic Terrain
|move|p2a: Hydreigon|Fire Blast|p1a: Iron Treads
|-supereffective|p1a: Iron Treads
|-damage|p1a: Iron Treads|0 fnt
|faint|p1a: Iron Treads
|-end|p1a: Iron Treads|Quark Drive|[silent]
|
|upkeep
|
|t:|1779890155
|switch|p1a: Indeedee|Indeedee, M|100/100
|-fieldstart|move: Psychic Terrain|[from] ability: Psychic Surge|[of] p1a: Indeedee
|turn|6
|
|t:|1779890166
|switch|p2a: Clodsire|Clodsire, M|100/100
|move|p1a: Indeedee|Draining Kiss|p2a: Clodsire
|-resisted|p2a: Clodsire
|-damage|p2a: Clodsire|96/100
|
|-heal|p2a: Clodsire|100/100|[from] item: Leftovers
|upkeep
|turn|7
|
|t:|1779890177
|move|p1a: Indeedee|Expanding Force|p2a: Clodsire
|-supereffective|p2a: Clodsire
|-damage|p2a: Clodsire|13/100
|move|p2a: Clodsire|Stealth Rock|p1a: Indeedee
|-sidestart|p1: vavlen|move: Stealth Rock
|
|-heal|p2a: Clodsire|19/100|[from] item: Leftovers
|upkeep
|turn|8
|
|t:|1779890186
|switch|p2a: Hydreigon|Hydreigon, F|36/100
|move|p1a: Indeedee|Expanding Force|p2a: Hydreigon
|-immune|p2a: Hydreigon
|
|upkeep
|turn|9
|
|t:|1779890191
|move|p2a: Hydreigon|Dark Pulse|p1a: Indeedee
|-supereffective|p1a: Indeedee
|-damage|p1a: Indeedee|1/100
|move|p1a: Indeedee|Draining Kiss|p2a: Hydreigon
|-supereffective|p2a: Hydreigon
|-damage|p2a: Hydreigon|0 fnt
|-heal|p1a: Indeedee|31/100|[from] drain|[of] p2a: Hydreigon
|faint|p2a: Hydreigon
|
|upkeep
|
|t:|1779890203
|switch|p2a: Scizor|Scizor, M, shiny|100/100
|turn|10
|
|t:|1779890214
|move|p1a: Indeedee|Shadow Ball|p2a: Scizor
|-damage|p2a: Scizor|73/100
|move|p2a: Scizor|Swords Dance|p2a: Scizor
|-boost|p2a: Scizor|atk|2
|
|upkeep
|turn|11
|
|t:|1779890223
|move|p1a: Indeedee|Encore|p2a: Scizor
|-start|p2a: Scizor|Encore
|move|p2a: Scizor|Swords Dance|p2a: Scizor
|-boost|p2a: Scizor|atk|2
|
|upkeep
|turn|12
|
|t:|1779890230
|switch|p1a: Iron Valiant|Iron Valiant|100/100
|-damage|p1a: Iron Valiant|94/100|[from] Stealth Rock
|-enditem|p1a: Iron Valiant|Booster Energy
|-activate|p1a: Iron Valiant|ability: Quark Drive|[fromitem]
|-start|p1a: Iron Valiant|quarkdrivespe
|move|p2a: Scizor|Swords Dance|p2a: Scizor
|-boost|p2a: Scizor|atk|2
|
|upkeep
|turn|13
|
|t:|1779890258
|switch|p2a: Rotom|Rotom-Wash|100/100
|move|p1a: Iron Valiant|Fire Punch|p2a: Rotom
|-resisted|p2a: Rotom
|-damage|p2a: Rotom|82/100
|
|-fieldend|move: Psychic Terrain
|upkeep
|turn|14
|
|t:|1779890271
|move|p1a: Iron Valiant|Spirit Break|p2a: Rotom
|-damage|p2a: Rotom|29/100
|-unboost|p2a: Rotom|spa|1
|move|p2a: Rotom|Hydro Pump|p1a: Iron Valiant|[miss]
|-miss|p2a: Rotom|p1a: Iron Valiant
|
|upkeep
|turn|15
|
|t:|1779890287
|switch|p2a: Gliscor|Gliscor, F, shiny|100/100
|move|p1a: Iron Valiant|Spirit Break|p2a: Gliscor
|-damage|p2a: Gliscor|73/100
|-unboost|p2a: Gliscor|spa|1
|
|-status|p2a: Gliscor|tox|[from] item: Toxic Orb
|upkeep
|turn|16
|
|t:|1779890302
|-end|p1a: Iron Valiant|Quark Drive|[silent]
|switch|p1a: Tatsugiri|Tatsugiri, M|100/100
|move|p2a: Gliscor|Protect||[still]
|-fail|p2a: Gliscor
|
|-heal|p2a: Gliscor|86/100 tox|[from] ability: Poison Heal
|upkeep
|turn|17
|
|t:|1779890311
|switch|p2a: Clodsire|Clodsire, M|19/100
|move|p1a: Tatsugiri|Rapid Spin|p2a: Clodsire
|-damage|p2a: Clodsire|14/100
|-boost|p1a: Tatsugiri|spe|1
|-sideend|p1: vavlen|Stealth Rock|[from] move: Rapid Spin|[of] p1a: Tatsugiri
|
|-heal|p2a: Clodsire|20/100|[from] item: Leftovers
|upkeep
|turn|18
|
|t:|1779890323
|move|p1a: Tatsugiri|Draco Meteor|p2a: Clodsire
|-crit|p2a: Clodsire
|-damage|p2a: Clodsire|0 fnt
|-unboost|p1a: Tatsugiri|spa|2
|faint|p2a: Clodsire
|
|upkeep
|
|t:|1779890330
|switch|p2a: Rotom|Rotom-Wash|29/100
|turn|19
|
|t:|1779890343
|move|p1a: Tatsugiri|Draco Meteor|p2a: Rotom|[miss]
|-miss|p1a: Tatsugiri|p2a: Rotom
|move|p2a: Rotom|Thunderbolt|p1a: Tatsugiri
|-damage|p1a: Tatsugiri|13/100
|
|upkeep
|turn|20
|
|t:|1779890351
|switch|p2a: Mimikyu|Mimikyu, F, shiny|100/100
|move|p1a: Tatsugiri|Memento|p2a: Mimikyu
|-unboost|p2a: Mimikyu|atk|2
|-unboost|p2a: Mimikyu|spa|2
|faint|p1a: Tatsugiri
|
|upkeep
|
|t:|1779890362
|switch|p1a: Indeedee|Indeedee, M|31/100
|-fieldstart|move: Psychic Terrain|[from] ability: Psychic Surge|[of] p1a: Indeedee
|turn|21
|
|t:|1779890375
|switch|p2a: Gliscor|Gliscor, F, shiny|86/100 tox
|switch|p1a: Grafaiai|Grafaiai, M|100/100
|-enditem|p1a: Grafaiai|Psychic Seed
|-boost|p1a: Grafaiai|spd|1|[from] item: Psychic Seed
|
|-heal|p2a: Gliscor|98/100 tox|[from] ability: Poison Heal
|upkeep
|turn|22
|
|t:|1779890397
|switch|p1a: Indeedee|Indeedee, M|31/100
|move|p2a: Gliscor|Swords Dance|p2a: Gliscor
|-boost|p2a: Gliscor|atk|2
|
|-heal|p2a: Gliscor|100/100 tox|[from] ability: Poison Heal
|upkeep
|turn|23
|
|t:|1779890408
|move|p1a: Indeedee|Encore|p2a: Gliscor
|-start|p2a: Gliscor|Encore
|move|p2a: Gliscor|Swords Dance|p2a: Gliscor
|-boost|p2a: Gliscor|atk|2
|
|upkeep
|turn|24
|
|t:|1779890415
|switch|p1a: Polteageist|Polteageist|100/100
|move|p2a: Gliscor|Swords Dance|p2a: Gliscor
|-boost|p2a: Gliscor|atk|2
|
|upkeep
|turn|25
|
|t:|1779890425
|move|p1a: Polteageist|Shell Smash|p1a: Polteageist
|-unboost|p1a: Polteageist|def|1
|-unboost|p1a: Polteageist|spd|1
|-boost|p1a: Polteageist|atk|2
|-boost|p1a: Polteageist|spa|2
|-boost|p1a: Polteageist|spe|2
|-enditem|p1a: Polteageist|White Herb
|-clearnegativeboost|p1a: Polteageist|[silent]
|move|p2a: Gliscor|Swords Dance|p2a: Gliscor
|-boost|p2a: Gliscor|atk|0
|
|-end|p2a: Gliscor|Encore
|upkeep
|turn|26
|
|t:|1779890440
|move|p1a: Polteageist|Stored Power|p2a: Gliscor
|-damage|p2a: Gliscor|0 fnt
|faint|p2a: Gliscor
|
|upkeep
|
|t:|1779890449
|switch|p2a: Mimikyu|Mimikyu, F, shiny|100/100
|turn|27
|
|t:|1779890456
|-terastallize|p1a: Polteageist|Dark
|move|p1a: Polteageist|Shadow Ball|p2a: Mimikyu
|-activate|p2a: Mimikyu|ability: Disguise
|-damage|p2a: Mimikyu|100/100
|detailschange|p2a: Mimikyu|Mimikyu-Busted, F, shiny
|-damage|p2a: Mimikyu|88/100|[from] pokemon: Mimikyu-Busted
|move|p2a: Mimikyu|Phantom Force||[still]
|-prepare|p2a: Mimikyu|Phantom Force
|
|upkeep
|turn|28
|
|t:|1779890474
|move|p1a: Polteageist|Shadow Ball|p2a: Mimikyu|[miss]
|-miss|p1a: Polteageist|p2a: Mimikyu
|move|p2a: Mimikyu|Phantom Force|p1a: Polteageist|[from] lockedmove
|-resisted|p1a: Polteageist
|-damage|p1a: Polteageist|53/100
|-ability|p1a: Polteageist|Weak Armor|boost
|-unboost|p1a: Polteageist|def|1
|-boost|p1a: Polteageist|spe|2
|-damage|p2a: Mimikyu|78/100|[from] item: Life Orb
|
|-fieldend|move: Psychic Terrain
|upkeep
|turn|29
|
|t:|1779890486
|move|p1a: Polteageist|Shadow Ball|p2a: Mimikyu
|-supereffective|p2a: Mimikyu
|-damage|p2a: Mimikyu|0 fnt
|faint|p2a: Mimikyu
|
|upkeep
|
|t:|1779890491
|switch|p2a: Rotom|Rotom-Wash|29/100
|turn|30
|
|t:|1779890497
|move|p1a: Polteageist|Stored Power|p2a: Rotom
|-damage|p2a: Rotom|0 fnt
|faint|p2a: Rotom
|
|upkeep
|
|t:|1779890502
|switch|p2a: Scizor|Scizor, M, shiny|73/100
|turn|31
|
|t:|1779890508
|move|p2a: Scizor|Bullet Punch|p1a: Polteageist
|-damage|p1a: Polteageist|0 fnt
|faint|p1a: Polteageist
|
|upkeep
|
|t:|1779890513
|switch|p1a: Indeedee|Indeedee, M|31/100
|-fieldstart|move: Psychic Terrain|[from] ability: Psychic Surge|[of] p1a: Indeedee
|turn|32
|
|t:|1779890523
|move|p1a: Indeedee|Shadow Ball|p2a: Scizor
|-damage|p2a: Scizor|43/100
|-enditem|p2a: Scizor|Sitrus Berry|[eat]
|-heal|p2a: Scizor|68/100|[from] item: Sitrus Berry
|move|p2a: Scizor|Dual Wingbeat|p1a: Indeedee
|-damage|p1a: Indeedee|0 fnt
|faint|p1a: Indeedee
|-hitcount|p1: Indeedee|1
|
|upkeep
|
|t:|1779890533
|switch|p1a: Iron Valiant|Iron Valiant|94/100
|turn|33
|
|t:|1779890537
|move|p1a: Iron Valiant|Fire Punch|p2a: Scizor
|-supereffective|p2a: Scizor
|-damage|p2a: Scizor|0 fnt
|faint|p2a: Scizor
|
|win|vavlen
|raw|vavlen's rating: 1112 &rarr; <strong>1138</strong><br />(+26 for winning)
|raw|22jj55's rating: 1127 &rarr; <strong>1101</strong><br />(-26 for losing)
|l|☆22jj55
|player|p2|
|l|☆vavlen
|player|p1|
