|j|☆Misery1
|j|☆solga_leo_1st
|t:|1779920299
|gametype|singles
|player|p1|Misery1|parasollady|1110
|player|p2|solga_leo_1st|red-masters|1090
|gen|9
|tier|[Gen 9] OU
|rated|
|rule|HP Percentage Mod: HP is shown in percentages
|rule|Endless Battle Clause: Forcing endless battles is banned
|rule|Species Clause: Limit one of each Pokémon
|rule|OHKO Clause: OHKO moves are banned
|rule|Evasion Items Clause: Evasion items are banned
|rule|Evasion Moves Clause: Evasion moves are banned
|rule|Evasion Abilities Clause: Evasion abilities are banned
|rule|Sleep Moves Clause: Sleep-inducing moves are banned
|clearpoke
|poke|p1|Maushold-Four|
|poke|p1|Corviknight, M|
|poke|p1|Kingambit, M|
|poke|p1|Meowscarada, M|
|poke|p1|Clodsire, M|
|poke|p1|Hatterene, F|
|poke|p2|Braviary, M|
|poke|p2|Kingdra, M|
|poke|p2|Rhyperior, M|
|poke|p2|Ampharos, M|
|poke|p2|Greninja-*, M|
|poke|p2|Zoroark-Hisui, M|
|teampreview
|inactive|Battle timer is ON: inactive players will automatically lose when time's up. (requested by Misery1)
|inactive|solga_leo_1st has 120 seconds left.
|
|t:|1779920399
|teamsize|p1|6
|teamsize|p2|6
|start
|switch|p1a: Meowscarada|Meowscarada, M|100/100
|switch|p2a: Soldier Boy|Rhyperior, M|100/100
|turn|1
|
|t:|1779920412
|switch|p2a: Homelander|Braviary, M|100/100
|move|p1a: Meowscarada|Flower Trick|p2a: Homelander
|-start|p1a: Meowscarada|typechange|Grass|[from] ability: Protean
|-resisted|p2a: Homelander
|-crit|p2a: Homelander
|-damage|p2a: Homelander|76/100
|
|upkeep
|turn|2
|inactive|Misery1 has 120 seconds left.
|
|t:|1779920449
|move|p1a: Meowscarada|U-turn|p2a: Homelander
|-resisted|p2a: Homelander
|-damage|p2a: Homelander|64/100
|
|t:|1779920454
|switch|p1a: Corviknight|Corviknight, M|100/100|[from] U-turn
|-ability|p1a: Corviknight|Pressure
|move|p2a: Homelander|Agility|p2a: Homelander
|-boost|p2a: Homelander|spe|2
|
|upkeep
|turn|3
|
|t:|1779920464
|move|p2a: Homelander|Shadow Claw|p1a: Corviknight
|-damage|p1a: Corviknight|74/100
|-damage|p2a: Homelander|54/100|[from] item: Life Orb
|move|p1a: Corviknight|Bulk Up|p1a: Corviknight
|-boost|p1a: Corviknight|atk|1
|-boost|p1a: Corviknight|def|1
|
|-heal|p1a: Corviknight|80/100|[from] item: Leftovers
|upkeep
|turn|4
|
|t:|1779920473
|move|p2a: Homelander|Close Combat|p1a: Corviknight
|-damage|p1a: Corviknight|51/100
|-unboost|p2a: Homelander|def|1
|-unboost|p2a: Homelander|spd|1
|-damage|p2a: Homelander|44/100|[from] item: Life Orb
|move|p1a: Corviknight|Bulk Up|p1a: Corviknight
|-boost|p1a: Corviknight|atk|1
|-boost|p1a: Corviknight|def|1
|
|-heal|p1a: Corviknight|58/100|[from] item: Leftovers
|upkeep
|turn|5
|
|t:|1779920484
|move|p2a: Homelander|Shadow Claw|p1a: Corviknight
|-damage|p1a: Corviknight|44/100
|-damage|p2a: Homelander|34/100|[from] item: Life Orb
|move|p1a: Corviknight|Roost|p1a: Corviknight
|-heal|p1a: Corviknight|94/100
|-singleturn|p1a: Corviknight|move: Roost
|
|-heal|p1a: Corviknight|100/100|[from] item: Leftovers
|upkeep
|turn|6
|
|t:|1779920495
|switch|p2a: Black Noir|Greninja, M, shiny|100/100
|move|p1a: Corviknight|Bulk Up|p1a: Corviknight
|-boost|p1a: Corviknight|atk|1
|-boost|p1a: Corviknight|def|1
|
|upkeep
|turn|7
|
|t:|1779920506
|move|p2a: Black Noir|Calm Mind|p2a: Black Noir
|-boost|p2a: Black Noir|spa|1
|-boost|p2a: Black Noir|spd|1
|move|p1a: Corviknight|Body Press|p2a: Black Noir
|-immune|p2a: Black Noir
|
|upkeep
|turn|8
|
|t:|1779920526
|move|p2a: Black Noir|Flamethrower|p1a: Corviknight
|-supereffective|p1a: Corviknight
|-damage|p1a: Corviknight|37/100
|-status|p1a: Corviknight|brn
|move|p1a: Corviknight|Brave Bird|p2a: Black Noir
|-damage|p2a: Black Noir|5/100
|replace|p2a: Billy Butcher|Zoroark-Hisui, M
|-end|p2a: Billy Butcher|Illusion
|-damage|p1a: Corviknight|18/100 brn|[from] Recoil
|
|-heal|p1a: Corviknight|24/100 brn|[from] item: Leftovers
|-damage|p1a: Corviknight|18/100 brn|[from] brn
|upkeep
|turn|9
|inactive|Misery1 has 120 seconds left.
|
|t:|1779920542
|move|p2a: Billy Butcher|Bitter Malice|p1a: Corviknight
|-damage|p1a: Corviknight|0 fnt
|faint|p1a: Corviknight
|
|upkeep
|inactive|Misery1 has 120 seconds left.
|
|t:|1779920551
|switch|p1a: Meowscarada|Meowscarada, M|100/100
|turn|10
|
|t:|1779920565
|move|p1a: Meowscarada|U-turn|p2a: Billy Butcher
|-start|p1a: Meowscarada|typechange|Bug|[from] ability: Protean
|-resisted|p2a: Billy Butcher
|-damage|p2a: Billy Butcher|0 fnt
|faint|p2a: Billy Butcher
|inactive|Misery1 has 120 seconds left.
|
|t:|1779920577
|switch|p1a: Clodsire|Clodsire, M|100/100|[from] U-turn
|
|upkeep
|
|t:|1779920583
|switch|p2a: Soldier Boy|Rhyperior, M|100/100
|turn|11
|
|t:|1779920589
|move|p2a: Soldier Boy|Swords Dance|p2a: Soldier Boy
|-boost|p2a: Soldier Boy|atk|2
|move|p1a: Clodsire|Stealth Rock|p2a: Soldier Boy
|-sidestart|p2: solga_leo_1st|move: Stealth Rock
|
|upkeep
|turn|12
|-activate|p2a: Soldier Boy|item: Quick Claw
|
|t:|1779920603
|move|p2a: Soldier Boy|Earthquake|p1a: Clodsire
|-supereffective|p1a: Clodsire
|-crit|p1a: Clodsire
|-damage|p1a: Clodsire|0 fnt
|faint|p1a: Clodsire
|
|upkeep
|
|t:|1779920609
|switch|p1a: Meowscarada|Meowscarada, M|100/100
|turn|13
|
|t:|1779920624
|-terastallize|p2a: Soldier Boy|Grass
|move|p1a: Meowscarada|Flower Trick|p2a: Soldier Boy
|-start|p1a: Meowscarada|typechange|Grass|[from] ability: Protean
|-resisted|p2a: Soldier Boy
|-crit|p2a: Soldier Boy
|-damage|p2a: Soldier Boy|84/100
|move|p2a: Soldier Boy|Swords Dance|p2a: Soldier Boy
|-boost|p2a: Soldier Boy|atk|2
|
|upkeep
|turn|14
|-activate|p2a: Soldier Boy|item: Quick Claw
|
|t:|1779920636
|move|p2a: Soldier Boy|Rock Blast|p1a: Meowscarada
|-damage|p1a: Meowscarada|38/100
|-damage|p1a: Meowscarada|0 fnt
|faint|p1a: Meowscarada
|-hitcount|p1: Meowscarada|2
|
|upkeep
|inactive|Misery1 has 120 seconds left.
|
|t:|1779920661
|switch|p1a: Hatterene|Hatterene, F|100/100
|turn|15
|
|t:|1779920674
|move|p2a: Soldier Boy|Rock Blast|p1a: Hatterene
|-damage|p1a: Hatterene|59/100
|-damage|p1a: Hatterene|15/100
|-damage|p1a: Hatterene|0 fnt
|faint|p1a: Hatterene
|-hitcount|p1: Hatterene|3
|
|upkeep
|c|☆Misery1|wow
|c|☆Misery1|10%
|c|☆Misery1|2 times
|inactive|Misery1 has 120 seconds left.
|c|☆Misery1|bad luck
|
|t:|1779920692
|switch|p1a: Maushold|Maushold-Four|100/100
|turn|16
|c|☆solga_leo_1st|yep
|inactive|Misery1 has 120 seconds left.
|
|t:|1779920705
|move|p1a: Maushold|Population Bomb|p2a: Soldier Boy
|-damage|p2a: Soldier Boy|78/100
|-damage|p2a: Soldier Boy|71/100
|-damage|p2a: Soldier Boy|64/100
|-damage|p2a: Soldier Boy|56/100
|-damage|p2a: Soldier Boy|50/100
|-damage|p2a: Soldier Boy|43/100
|-damage|p2a: Soldier Boy|36/100
|-damage|p2a: Soldier Boy|28/100
|-damage|p2a: Soldier Boy|22/100
|-damage|p2a: Soldier Boy|15/100
|-hitcount|p2a: Soldier Boy|10
|move|p2a: Soldier Boy|Earthquake|p1a: Maushold
|-damage|p1a: Maushold|0 fnt
|faint|p1a: Maushold
|
|upkeep
|inactive|Misery1 has 120 seconds left.
|
|t:|1779920723
|switch|p1a: Kingambit|Kingambit, M|100/100
|-activate|p1a: Kingambit|ability: Supreme Overlord
|-start|p1a: Kingambit|fallen5|[silent]
|turn|17
|
|t:|1779920731
|move|p1a: Kingambit|Sucker Punch|p2a: Soldier Boy
|-damage|p2a: Soldier Boy|0 fnt
|faint|p2a: Soldier Boy
|
|upkeep
|
|t:|1779920737
|switch|p2a: Homelander|Braviary, M|34/100
|-damage|p2a: Homelander|9/100|[from] Stealth Rock
|turn|18
|
|t:|1779920740
|move|p1a: Kingambit|Sucker Punch|p2a: Homelander
|-crit|p2a: Homelander
|-damage|p2a: Homelander|0 fnt
|faint|p2a: Homelander
|
|upkeep
|
|t:|1779920744
|switch|p2a: Starlight|Ampharos, M|100/100
|-damage|p2a: Starlight|88/100|[from] Stealth Rock
|turn|19
|
|t:|1779920747
|move|p1a: Kingambit|Sucker Punch||[still]
|-fail|p1a: Kingambit
|move|p2a: Starlight|Reflect|p2a: Starlight
|-sidestart|p2: solga_leo_1st|Reflect
|
|-heal|p2a: Starlight|94/100|[from] item: Leftovers
|upkeep
|turn|20
|
|t:|1779920754
|-terastallize|p1a: Kingambit|Dark
|move|p1a: Kingambit|Sucker Punch|p2a: Starlight
|-damage|p2a: Starlight|39/100
|-status|p1a: Kingambit|par|[from] ability: Static|[of] p2a: Starlight
|move|p2a: Starlight|Discharge|p1a: Kingambit
|-damage|p1a: Kingambit|69/100 par
|
|-heal|p2a: Starlight|45/100|[from] item: Leftovers
|upkeep
|turn|21
|
|t:|1779920765
|switch|p2a: The deep|Kingdra, M|100/100
|-damage|p2a: The deep|88/100|[from] Stealth Rock
|cant|p1a: Kingambit|par
|
|upkeep
|turn|22
|
|t:|1779920771
|move|p1a: Kingambit|Sucker Punch||[still]
|-fail|p1a: Kingambit
|move|p2a: The deep|Rain Dance|p2a: The deep
|-weather|RainDance
|
|-weather|RainDance|[upkeep]
|upkeep
|turn|23
|-message|Misery1 forfeited.
|
|win|solga_leo_1st
|raw|Misery1's rating: 1110 &rarr; <strong>1084</strong><br />(-26 for losing)
|raw|solga_leo_1st's rating: 1090 &rarr; <strong>1118</strong><br />(+28 for winning)
|l|☆Misery1
|player|p1|
|l|☆solga_leo_1st
|player|p2|
