|j|☆delacroixxx
|j|☆goodgoodcush
|t:|1779950130
|gametype|singles
|player|p1|delacroixxx|az|1467
|player|p2|goodgoodcush|101|1491
|gen|9
|tier|[Gen 9] OU
|rated|
|rule|HP Percentage Mod: HP is shown in percentages
|rule|Endless Battle Clause: Forcing endless battles is banned
|rule|Species Clause: Limit one of each Pokémon
|rule|OHKO Clause: OHKO moves are banned
|rule|Evasion Items Clause: Evasion items are banned
|rule|Evasion Moves Clause: Evasion moves are banned
|rule|Evasion Abilities Clause: Evasion abilities are banned
|rule|Sleep Moves Clause: Sleep-inducing moves are banned
|clearpoke
|poke|p1|Maushold|
|poke|p1|Azumarill, M|
|poke|p1|Kingambit, F|
|poke|p1|Dragapult, F|
|poke|p1|Great Tusk|
|poke|p1|Eiscue, M|
|poke|p2|Dragonite, F|
|poke|p2|Zamazenta-*|
|poke|p2|Excadrill, M|
|poke|p2|Hatterene, F|
|poke|p2|Kommo-o, F|
|poke|p2|Dragapult, M|
|teampreview
|inactive|Battle timer is ON: inactive players will automatically lose when time's up. (requested by delacroixxx)
|
|t:|1779950139
|teamsize|p1|6
|teamsize|p2|6
|start
|switch|p1a: Dragapult|Dragapult, F|100/100
|switch|p2a: Dragapult|Dragapult, M|100/100
|turn|1
|
|t:|1779950144
|move|p2a: Dragapult|Thunder Wave|p1a: Dragapult
|-status|p1a: Dragapult|par
|move|p1a: Dragapult|Dragon Darts|p2a: Dragapult
|-supereffective|p2a: Dragapult
|-damage|p2a: Dragapult|41/100
|-anim|p1a: Dragapult|Dragon Darts|p2a: Dragapult
|-supereffective|p2a: Dragapult
|-damage|p2a: Dragapult|0 fnt
|faint|p2a: Dragapult
|
|upkeep
|
|t:|1779950151
|switch|p2a: Zamazenta|Zamazenta|100/100
|-ability|p2a: Zamazenta|Dauntless Shield|boost
|-boost|p2a: Zamazenta|def|1
|turn|2
|
|t:|1779950154
|move|p2a: Zamazenta|Light Screen|p2a: Zamazenta
|-sidestart|p2: goodgoodcush|move: Light Screen
|move|p1a: Dragapult|Will-O-Wisp|p2a: Zamazenta|[miss]
|-miss|p1a: Dragapult|p2a: Zamazenta
|
|upkeep
|turn|3
|
|t:|1779950160
|move|p2a: Zamazenta|Reflect|p2a: Zamazenta
|-sidestart|p2: goodgoodcush|Reflect
|move|p1a: Dragapult|Will-O-Wisp|p2a: Zamazenta|[miss]
|-miss|p1a: Dragapult|p2a: Zamazenta
|
|upkeep
|turn|4
|
|t:|1779950163
|switch|p2a: Hatterene|Hatterene, F|100/100
|move|p1a: Dragapult|Will-O-Wisp|p2a: Hatterene
|move|p2a: Hatterene|Will-O-Wisp||[from] ability: Magic Bounce|[still]
|-fail|p2a: Hatterene
|
|upkeep
|turn|5
|
|t:|1779950165
|move|p1a: Dragapult|Hex|p2a: Hatterene
|-supereffective|p2a: Hatterene
|-damage|p2a: Hatterene|38/100
|move|p2a: Hatterene|Calm Mind|p2a: Hatterene
|-boost|p2a: Hatterene|spa|1
|-boost|p2a: Hatterene|spd|1
|
|-heal|p2a: Hatterene|44/100|[from] item: Leftovers
|upkeep
|turn|6
|
|t:|1779950168
|cant|p1a: Dragapult|par
|move|p2a: Hatterene|Draining Kiss|p1a: Dragapult
|-supereffective|p1a: Dragapult
|-enditem|p1a: Dragapult|Focus Sash
|-damage|p1a: Dragapult|1/100 par
|-heal|p2a: Hatterene|100/100|[from] drain|[of] p1a: Dragapult
|
|upkeep
|turn|7
|
|t:|1779950171
|move|p1a: Dragapult|Hex|p2a: Hatterene
|-supereffective|p2a: Hatterene
|-damage|p2a: Hatterene|62/100
|move|p2a: Hatterene|Draining Kiss|p1a: Dragapult
|-supereffective|p1a: Dragapult
|-damage|p1a: Dragapult|0 fnt
|-heal|p2a: Hatterene|62/100|[from] drain|[of] p1a: Dragapult
|faint|p1a: Dragapult
|
|-heal|p2a: Hatterene|68/100|[from] item: Leftovers
|upkeep
|
|t:|1779950175
|switch|p1a: Tandemauss|Maushold, shiny|100/100
|turn|8
|
|t:|1779950179
|move|p1a: Tandemauss|Population Bomb|p2a: Hatterene
|-damage|p2a: Hatterene|63/100
|-damage|p2a: Hatterene|58/100
|-damage|p2a: Hatterene|54/100
|-damage|p2a: Hatterene|49/100
|-damage|p2a: Hatterene|45/100
|-damage|p2a: Hatterene|40/100
|-damage|p2a: Hatterene|35/100
|-damage|p2a: Hatterene|31/100
|-damage|p2a: Hatterene|27/100
|-damage|p2a: Hatterene|23/100
|-hitcount|p2a: Hatterene|10
|move|p2a: Hatterene|Nuzzle|p1a: Tandemauss
|-damage|p1a: Tandemauss|94/100
|-status|p1a: Tandemauss|par
|
|-heal|p2a: Hatterene|28/100|[from] item: Leftovers
|upkeep
|turn|9
|
|t:|1779950182
|move|p1a: Tandemauss|Population Bomb|p2a: Hatterene
|-damage|p2a: Hatterene|24/100
|-damage|p2a: Hatterene|19/100
|-damage|p2a: Hatterene|15/100
|-damage|p2a: Hatterene|10/100
|-damage|p2a: Hatterene|6/100
|-damage|p2a: Hatterene|1/100
|-damage|p2a: Hatterene|0 fnt
|faint|p2a: Hatterene
|-hitcount|p2: Hatterene|7
|
|-sideend|p2: goodgoodcush|move: Light Screen
|upkeep
|
|t:|1779950187
|switch|p2a: Excadrill|Excadrill, M|100/100
|-ability|p2a: Excadrill|Mold Breaker
|-item|p2a: Excadrill|Air Balloon
|turn|10
|
|t:|1779950195
|move|p2a: Excadrill|Swords Dance|p2a: Excadrill
|-boost|p2a: Excadrill|atk|2
|move|p1a: Tandemauss|Population Bomb|p2a: Excadrill
|-resisted|p2a: Excadrill
|-damage|p2a: Excadrill|97/100
|-enditem|p2a: Excadrill|Air Balloon
|-resisted|p2a: Excadrill
|-damage|p2a: Excadrill|93/100
|-resisted|p2a: Excadrill
|-damage|p2a: Excadrill|89/100
|-resisted|p2a: Excadrill
|-damage|p2a: Excadrill|86/100
|-hitcount|p2a: Excadrill|4
|
|-sideend|p2: goodgoodcush|Reflect
|upkeep
|turn|11
|
|t:|1779950202
|move|p2a: Excadrill|Earthquake|p1a: Tandemauss
|-damage|p1a: Tandemauss|0 fnt
|faint|p1a: Tandemauss
|
|upkeep
|
|t:|1779950213
|switch|p1a: Eiscue|Eiscue, M, shiny|100/100
|turn|12
|
|t:|1779950216
|move|p2a: Excadrill|Rock Slide|p1a: Eiscue
|-supereffective|p1a: Eiscue
|-damage|p1a: Eiscue|0 fnt
|faint|p1a: Eiscue
|
|upkeep
|
|t:|1779950226
|switch|p1a: Great Tusk|Great Tusk|100/100
|turn|13
|
|t:|1779950239
|move|p2a: Excadrill|Earthquake|p1a: Great Tusk
|-damage|p1a: Great Tusk|20/100
|move|p1a: Great Tusk|Headlong Rush|p2a: Excadrill
|-supereffective|p2a: Excadrill
|-damage|p2a: Excadrill|0 fnt
|-unboost|p1a: Great Tusk|def|1
|-unboost|p1a: Great Tusk|spd|1
|faint|p2a: Excadrill
|-enditem|p1a: Great Tusk|Eject Pack
|
|t:|1779950245
|-end|p1a: Great Tusk|Protosynthesis|[silent]
|switch|p1a: Azumarill|Azumarill, M, shiny|100/100
|
|upkeep
|
|t:|1779950263
|switch|p2a: Zamazenta|Zamazenta|100/100
|turn|14
|
|t:|1779950275
|-terastallize|p2a: Zamazenta|Steel
|move|p2a: Zamazenta|Heavy Slam|p1a: Azumarill
|-damage|p1a: Azumarill|35/100
|-enditem|p1a: Azumarill|Sitrus Berry|[eat]
|-heal|p1a: Azumarill|60/100|[from] item: Sitrus Berry
|move|p1a: Azumarill|Belly Drum|p1a: Azumarill
|-damage|p1a: Azumarill|10/100
|-setboost|p1a: Azumarill|atk|6|[from] move: Belly Drum
|
|upkeep
|turn|15
|
|t:|1779950283
|move|p1a: Azumarill|Aqua Jet|p2a: Zamazenta
|-damage|p2a: Zamazenta|7/100
|move|p2a: Zamazenta|Heavy Slam|p1a: Azumarill
|-damage|p1a: Azumarill|0 fnt
|faint|p1a: Azumarill
|
|upkeep
|
|t:|1779950286
|switch|p1a: Great Tusk|Great Tusk|20/100
|turn|16
|
|t:|1779950289
|move|p2a: Zamazenta|Close Combat|p1a: Great Tusk
|-damage|p1a: Great Tusk|0 fnt
|-unboost|p2a: Zamazenta|def|1
|-unboost|p2a: Zamazenta|spd|1
|faint|p1a: Great Tusk
|-end|p1a: Great Tusk|Protosynthesis|[silent]
|
|upkeep
|
|t:|1779950292
|switch|p1a: Kingambit|Kingambit, F|100/100
|-activate|p1a: Kingambit|ability: Supreme Overlord
|-start|p1a: Kingambit|fallen5|[silent]
|turn|17
|
|t:|1779950295
|-terastallize|p1a: Kingambit|Ghost
|move|p2a: Zamazenta|Close Combat|p1a: Kingambit
|-immune|p1a: Kingambit
|move|p1a: Kingambit|Swords Dance|p1a: Kingambit
|-boost|p1a: Kingambit|atk|2
|
|upkeep
|turn|18
|
|t:|1779950319
|switch|p2a: Kommo-o|Kommo-o, F|100/100
|move|p1a: Kingambit|Sucker Punch||[still]
|-fail|p1a: Kingambit
|
|upkeep
|turn|19
|
|t:|1779950331
|move|p2a: Kommo-o|Shadow Claw|p1a: Kingambit
|-supereffective|p1a: Kingambit
|-damage|p1a: Kingambit|72/100
|move|p1a: Kingambit|Iron Head|p2a: Kommo-o
|-damage|p2a: Kommo-o|0 fnt
|faint|p2a: Kommo-o
|
|upkeep
|
|t:|1779950337
|switch|p2a: Dragonite|Dragonite, F|100/100
|turn|20
|
|t:|1779950342
|move|p2a: Dragonite|Waterfall|p1a: Kingambit
|-damage|p1a: Kingambit|51/100
|cant|p1a: Kingambit|flinch
|
|upkeep
|turn|21
|
|t:|1779950349
|move|p2a: Dragonite|Waterfall|p1a: Kingambit
|-crit|p1a: Kingambit
|-damage|p1a: Kingambit|22/100
|cant|p1a: Kingambit|flinch
|
|upkeep
|turn|22
|
|t:|1779950354
|move|p2a: Dragonite|Waterfall|p1a: Kingambit
|-damage|p1a: Kingambit|0 fnt
|faint|p1a: Kingambit
|-end|p1a: Kingambit|fallen5|[silent]
|
|win|goodgoodcush
|raw|delacroixxx's rating: 1467 &rarr; <strong>1448</strong><br />(-19 for losing)
|raw|goodgoodcush's rating: 1491 &rarr; <strong>1510</strong><br />(+19 for winning)
|l|☆goodgoodcush
|player|p2|
