|j|☆vontade88
|j|☆Foodiscoolski
|t:|1779806723
|gametype|singles
|player|p1|vontade88|102|1206
|player|p2|Foodiscoolski|265|1164
|gen|9
|tier|[Gen 9] OU
|rated|
|rule|HP Percentage Mod: HP is shown in percentages
|rule|Endless Battle Clause: Forcing endless battles is banned
|rule|Species Clause: Limit one of each Pokémon
|rule|OHKO Clause: OHKO moves are banned
|rule|Evasion Items Clause: Evasion items are banned
|rule|Evasion Moves Clause: Evasion moves are banned
|rule|Evasion Abilities Clause: Evasion abilities are banned
|rule|Sleep Moves Clause: Sleep-inducing moves are banned
|clearpoke
|poke|p1|Iron Treads|
|poke|p1|Slowking-Galar, M|
|poke|p1|Primarina, F|
|poke|p1|Kingambit, M|
|poke|p1|Iron Valiant|
|poke|p1|Rotom-Wash|
|poke|p2|Weezing-Galar, M|
|poke|p2|Ninetales-Alola, F|
|poke|p2|Ogerpon-Wellspring, F|
|poke|p2|Raging Bolt|
|poke|p2|Great Tusk|
|poke|p2|Gliscor, M|
|teampreview
|inactive|Battle timer is ON: inactive players will automatically lose when time's up. (requested by vontade88)
|
|t:|1779806751
|teamsize|p1|6
|teamsize|p2|6
|start
|switch|p1a: IronThreads|Iron Treads|100/100
|switch|p2a: Late Capitalism|Weezing-Galar, M|100/100
|-ability|p2a: Late Capitalism|Neutralizing Gas
|turn|1
|
|t:|1779806769
|move|p1a: IronThreads|Iron Head|p2a: Late Capitalism
|-supereffective|p2a: Late Capitalism
|-damage|p2a: Late Capitalism|40/100
|cant|p2a: Late Capitalism|flinch
|
|upkeep
|turn|2
|
|t:|1779806778
|-end|p2a: Late Capitalism|ability: Neutralizing Gas
|switch|p2a: Willy|Great Tusk|100/100
|move|p1a: IronThreads|Iron Head|p2a: Willy
|-damage|p2a: Willy|74/100
|
|upkeep
|turn|3
|
|t:|1779806787
|-end|p1a: IronThreads|Quark Drive|[silent]
|switch|p1a: WashingMachine|Rotom-Wash|100/100
|move|p2a: Willy|Headlong Rush|p1a: WashingMachine
|-immune|p1a: WashingMachine|[from] ability: Levitate
|
|upkeep
|turn|4
|
|t:|1779806813
|-end|p2a: Willy|Protosynthesis|[silent]
|switch|p2a: Ranni|Ogerpon-Wellspring, F|100/100
|switch|p1a: KingPoison|Slowking-Galar, M|100/100
|
|upkeep
|turn|5
|
|t:|1779806823
|-terastallize|p2a: Ranni|Water
|detailschange|p2a: Ranni|Ogerpon-Wellspring-Tera, F, tera:Water
|-ability|p2a: Ranni|Embody Aspect (Wellspring)|boost
|-boost|p2a: Ranni|spd|1
|move|p2a: Ranni|Ivy Cudgel|p1a: KingPoison|[anim] Ivy Cudgel Water
|-damage|p1a: KingPoison|20/100
|move|p1a: KingPoison|Sludge Bomb|p2a: Ranni
|-damage|p2a: Ranni|74/100
|-status|p2a: Ranni|psn
|
|-damage|p2a: Ranni|61/100 psn|[from] psn
|upkeep
|turn|6
|inactive|vontade88 has 120 seconds left.
|
|t:|1779806863
|switch|p1a: WashingMachine|Rotom-Wash|100/100
|move|p2a: Ranni|Play Rough|p1a: WashingMachine
|-damage|p1a: WashingMachine|57/100
|
|-heal|p1a: WashingMachine|63/100|[from] item: Leftovers
|-damage|p2a: Ranni|49/100 psn|[from] psn
|upkeep
|turn|7
|
|t:|1779806872
|move|p2a: Ranni|Horn Leech|p1a: WashingMachine
|-supereffective|p1a: WashingMachine
|-damage|p1a: WashingMachine|0 fnt
|-heal|p2a: Ranni|81/100 psn|[from] drain|[of] p1a: WashingMachine
|faint|p1a: WashingMachine
|
|-damage|p2a: Ranni|68/100 psn|[from] psn
|upkeep
|inactive|vontade88 has 90 seconds left.
|c|☆vontade88|calc
|c|☆Foodiscoolski|calc?
|inactive|vontade88 has 60 seconds left.
|inactive|vontade88 has 30 seconds left.
|inactive|vontade88 has 20 seconds left.
|inactive|vontade88 has 15 seconds left.
|c|☆Foodiscoolski|calcdex?
|inactive|vontade88 has 10 seconds left.
|inactive|vontade88 has 5 seconds left.
|
|t:|1779806987
|switch|p1a: Iron Valiant|Iron Valiant|100/100
|-enditem|p1a: Iron Valiant|Booster Energy
|-activate|p1a: Iron Valiant|ability: Quark Drive|[fromitem]
|-start|p1a: Iron Valiant|quarkdrivespe
|turn|8
|inactive|vontade88 has 15 seconds left this turn.
|inactive|vontade88 has 10 seconds left.
|
|t:|1779806996
|move|p1a: Iron Valiant|Moonblast|p2a: Ranni
|-damage|p2a: Ranni|31/100 psn
|move|p2a: Ranni|Play Rough|p1a: Iron Valiant
|-supereffective|p1a: Iron Valiant
|-damage|p1a: Iron Valiant|8/100
|
|-damage|p2a: Ranni|19/100 psn|[from] psn
|upkeep
|turn|9
|inactive|vontade88 has 20 seconds left this turn.
|inactive|vontade88 has 15 seconds left.
|
|t:|1779807008
|switch|p2a: Late Capitalism|Weezing-Galar, M|40/100
|-ability|p2a: Late Capitalism|Neutralizing Gas
|move|p1a: Iron Valiant|Moonblast|p2a: Late Capitalism
|-resisted|p2a: Late Capitalism
|-damage|p2a: Late Capitalism|1/100
|
|upkeep
|turn|10
|inactive|vontade88 has 25 seconds left this turn.
|inactive|vontade88 has 20 seconds left.
|
|t:|1779807016
|move|p1a: Iron Valiant|Shadow Ball|p2a: Late Capitalism
|-damage|p2a: Late Capitalism|0 fnt
|faint|p2a: Late Capitalism
|-end|p2a: Late Capitalism|ability: Neutralizing Gas
|
|upkeep
|
|t:|1779807022
|switch|p2a: Gliscor|Gliscor, M|100/100
|turn|11
|inactive|vontade88 has 30 seconds left.
|
|t:|1779807033
|-end|p1a: Iron Valiant|Quark Drive|[silent]
|switch|p1a: KingPoison|Slowking-Galar, M|54/100
|move|p2a: Gliscor|Knock Off|p1a: KingPoison
|-supereffective|p1a: KingPoison
|-damage|p1a: KingPoison|4/100
|-enditem|p1a: KingPoison|Assault Vest|[from] move: Knock Off|[of] p2a: Gliscor
|
|-status|p2a: Gliscor|tox|[from] item: Toxic Orb
|upkeep
|turn|12
|inactive|vontade88 has 30 seconds left.
|
|t:|1779807048
|switch|p1a: IronThreads|Iron Treads|100/100
|move|p2a: Gliscor|Earthquake|p1a: IronThreads
|-supereffective|p1a: IronThreads
|-damage|p1a: IronThreads|18/100
|
|upkeep
|turn|13
|
|t:|1779807056
|move|p1a: IronThreads|Ice Spinner|p2a: Gliscor
|-supereffective|p2a: Gliscor
|-damage|p2a: Gliscor|6/100 tox
|move|p2a: Gliscor|Knock Off|p1a: IronThreads
|-damage|p1a: IronThreads|0 fnt
|-enditem|p1a: IronThreads|Heavy-Duty Boots|[from] move: Knock Off|[of] p2a: Gliscor
|faint|p1a: IronThreads
|-end|p1a: IronThreads|Quark Drive|[silent]
|
|-heal|p2a: Gliscor|18/100 tox|[from] ability: Poison Heal
|upkeep
|
|t:|1779807061
|switch|p1a: Iron Valiant|Iron Valiant|8/100
|turn|14
|
|t:|1779807071
|move|p1a: Iron Valiant|Moonblast|p2a: Gliscor
|-damage|p2a: Gliscor|0 fnt
|faint|p2a: Gliscor
|
|upkeep
|
|t:|1779807076
|switch|p2a: Shari|Ninetales-Alola, F|100/100
|-weather|Snowscape|[from] ability: Snow Warning|[of] p2a: Shari
|turn|15
|inactive|vontade88 has 60 seconds left.
|
|t:|1779807084
|-end|p1a: Iron Valiant|Quark Drive|[silent]
|switch|p1a: KingPoison|Slowking-Galar, M|37/100
|move|p2a: Shari|Blizzard|p1a: KingPoison
|-crit|p1a: KingPoison
|-damage|p1a: KingPoison|0 fnt
|faint|p1a: KingPoison
|
|-weather|Snowscape|[upkeep]
|upkeep
|inactive|vontade88 has 60 seconds left.
|
|t:|1779807096
|switch|p1a: KG|Kingambit, M|100/100
|-activate|p1a: KG|ability: Supreme Overlord
|-start|p1a: KG|fallen3|[silent]
|turn|16
|c|☆Foodiscoolski|freeze-dry
|inactive|vontade88 has 60 seconds left.
|
|t:|1779807101
|move|p2a: Shari|Aurora Veil|p2a: Shari
|-sidestart|p2: Foodiscoolski|move: Aurora Veil
|move|p1a: KG|Iron Head|p2a: Shari
|-supereffective|p2a: Shari
|-damage|p2a: Shari|0 fnt
|faint|p2a: Shari
|
|-weather|Snowscape|[upkeep]
|upkeep
|
|t:|1779807107
|switch|p2a: Willy|Great Tusk|74/100
|turn|17
|
|t:|1779807116
|-end|p1a: KG|fallen3|[silent]
|switch|p1a: Kali|Primarina, F|100/100
|move|p2a: Willy|Close Combat|p1a: Kali
|-resisted|p1a: Kali
|-damage|p1a: Kali|56/100
|-unboost|p2a: Willy|def|1
|-unboost|p2a: Willy|spd|1
|
|-weather|Snowscape|[upkeep]
|-heal|p1a: Kali|62/100|[from] item: Leftovers
|upkeep
|turn|18
|
|t:|1779807124
|-end|p2a: Willy|Protosynthesis|[silent]
|switch|p2a: Chester Cheetah|Raging Bolt|100/100
|move|p1a: Kali|Moonblast|p2a: Chester Cheetah
|-supereffective|p2a: Chester Cheetah
|-damage|p2a: Chester Cheetah|50/100
|-unboost|p2a: Chester Cheetah|spa|1
|
|-weather|Snowscape|[upkeep]
|-heal|p1a: Kali|68/100|[from] item: Leftovers
|upkeep
|turn|19
|
|t:|1779807136
|-terastallize|p1a: Kali|Ghost
|move|p2a: Chester Cheetah|Volt Switch|p1a: Kali
|-damage|p1a: Kali|24/100
|
|t:|1779807141
|-end|p2a: Chester Cheetah|Protosynthesis|[silent]
|switch|p2a: Ranni|Ogerpon-Wellspring-Tera, F, tera:Water|19/100 psn|[from] Volt Switch
|-ability|p2a: Ranni|Embody Aspect (Wellspring)|boost
|-boost|p2a: Ranni|spd|1
|move|p1a: Kali|Moonblast|p2a: Ranni
|-damage|p2a: Ranni|0 fnt
|faint|p2a: Ranni
|detailschange|p2: Ranni|Ogerpon-Wellspring, F|[silent]
|
|-weather|none
|-heal|p1a: Kali|30/100|[from] item: Leftovers
|upkeep
|
|t:|1779807143
|switch|p2a: Willy|Great Tusk|74/100
|turn|20
|
|t:|1779807152
|move|p2a: Willy|Headlong Rush|p1a: Kali
|-damage|p1a: Kali|0 fnt
|-unboost|p2a: Willy|def|1
|-unboost|p2a: Willy|spd|1
|faint|p1a: Kali
|
|upkeep
|
|t:|1779807161
|switch|p1a: Iron Valiant|Iron Valiant|8/100
|turn|21
|
|t:|1779807167
|move|p1a: Iron Valiant|Moonblast|p2a: Willy
|-supereffective|p2a: Willy
|-damage|p2a: Willy|0 fnt
|faint|p2a: Willy
|-end|p2a: Willy|Protosynthesis|[silent]
|
|upkeep
|
|t:|1779807172
|switch|p2a: Chester Cheetah|Raging Bolt|50/100
|turn|22
|
|t:|1779807179
|move|p1a: Iron Valiant|Vacuum Wave|p2a: Chester Cheetah
|-damage|p2a: Chester Cheetah|40/100
|move|p2a: Chester Cheetah|Thunderbolt|p1a: Iron Valiant
|-damage|p1a: Iron Valiant|0 fnt
|faint|p1a: Iron Valiant
|-end|p1a: Iron Valiant|Quark Drive|[silent]
|
|upkeep
|
|t:|1779807183
|switch|p1a: KG|Kingambit, M|100/100
|-activate|p1a: KG|ability: Supreme Overlord
|-start|p1a: KG|fallen5|[silent]
|turn|23
|
|t:|1779807192
|move|p2a: Chester Cheetah|Thunderbolt|p1a: KG
|-damage|p1a: KG|6/100
|move|p1a: KG|Kowtow Cleave|p2a: Chester Cheetah
|-damage|p2a: Chester Cheetah|3/100
|
|-heal|p1a: KG|13/100|[from] item: Leftovers
|-sideend|p2: Foodiscoolski|move: Aurora Veil
|upkeep
|turn|24
|
|t:|1779807200
|move|p1a: KG|Sucker Punch|p2a: Chester Cheetah
|-crit|p2a: Chester Cheetah
|-damage|p2a: Chester Cheetah|0 fnt
|faint|p2a: Chester Cheetah
|-end|p2a: Chester Cheetah|Protosynthesis|[silent]
|
|win|vontade88
|raw|vontade88's rating: 1206 &rarr; <strong>1228</strong><br />(+22 for winning)
|raw|Foodiscoolski's rating: 1164 &rarr; <strong>1142</strong><br />(-22 for losing)
|c|☆Foodiscoolski|gg
|l|☆vontade88
|player|p1|
