|j|☆mongwong
|j|☆funnygames(1997)
|t:|1779855217
|gametype|singles
|player|p1|mongwong|giovanni-masters|1698
|player|p2|funnygames(1997)|102|1688
|gen|9
|tier|[Gen 9] OU
|rated|
|rule|HP Percentage Mod: HP is shown in percentages
|rule|Endless Battle Clause: Forcing endless battles is banned
|rule|Species Clause: Limit one of each Pokémon
|rule|OHKO Clause: OHKO moves are banned
|rule|Evasion Items Clause: Evasion items are banned
|rule|Evasion Moves Clause: Evasion moves are banned
|rule|Evasion Abilities Clause: Evasion abilities are banned
|rule|Sleep Moves Clause: Sleep-inducing moves are banned
|clearpoke
|poke|p1|Indeedee, M|
|poke|p1|Polteageist-Antique|
|poke|p1|Hawlucha, F|
|poke|p1|Primarina, F|
|poke|p1|Iron Valiant|
|poke|p1|Great Tusk|
|poke|p2|Ting-Lu|
|poke|p2|Hatterene, F|
|poke|p2|Great Tusk|
|poke|p2|Ceruledge, M|
|poke|p2|Dragonite, M|
|poke|p2|Kyurem|
|teampreview
|inactive|Battle timer is ON: inactive players will automatically lose when time's up. (requested by mongwong)
|
|t:|1779855240
|teamsize|p1|6
|teamsize|p2|6
|start
|switch|p1a: Primarina|Primarina, F|100/100
|switch|p2a: Hatterene|Hatterene, F|100/100
|turn|1
|
|t:|1779855246
|move|p1a: Primarina|Moonblast|p2a: Hatterene
|-damage|p2a: Hatterene|67/100
|move|p2a: Hatterene|Psyshock|p1a: Primarina
|-damage|p1a: Primarina|52/100
|
|upkeep
|turn|2
|
|t:|1779855251
|move|p1a: Primarina|Moonblast|p2a: Hatterene
|-damage|p2a: Hatterene|29/100
|-unboost|p2a: Hatterene|spa|1
|move|p2a: Hatterene|Draining Kiss|p1a: Primarina
|-damage|p1a: Primarina|42/100
|-heal|p2a: Hatterene|38/100|[from] drain|[of] p1a: Primarina
|
|upkeep
|turn|3
|
|t:|1779855261
|switch|p2a: Ceruledge|Ceruledge, M|100/100
|move|p1a: Primarina|Moonblast|p2a: Ceruledge
|-resisted|p2a: Ceruledge
|-damage|p2a: Ceruledge|68/100
|
|upkeep
|turn|4
|
|t:|1779855265
|switch|p1a: Great Tusk|Great Tusk|100/100
|move|p2a: Ceruledge|Bitter Blade|p1a: Great Tusk
|-damage|p1a: Great Tusk|78/100
|-heal|p2a: Ceruledge|84/100|[from] drain|[of] p1a: Great Tusk
|-damage|p2a: Ceruledge|68/100|[from] item: Rocky Helmet|[of] p1a: Great Tusk
|
|upkeep
|turn|5
|
|t:|1779855275
|switch|p2a: Hatterene|Hatterene, F|38/100
|move|p1a: Great Tusk|Knock Off|p2a: Hatterene
|-damage|p2a: Hatterene|9/100
|-enditem|p2a: Hatterene|Assault Vest|[from] move: Knock Off|[of] p1a: Great Tusk
|
|upkeep
|turn|6
|
|t:|1779855277
|move|p1a: Great Tusk|Knock Off|p2a: Hatterene
|-damage|p2a: Hatterene|0 fnt
|faint|p2a: Hatterene
|
|upkeep
|
|t:|1779855281
|switch|p2a: Kyurem|Kyurem|100/100
|-ability|p2a: Kyurem|Pressure
|turn|7
|
|t:|1779855285
|-end|p1a: Great Tusk|Protosynthesis|[silent]
|switch|p1a: Primarina|Primarina, F|42/100
|move|p2a: Kyurem|Ice Beam|p1a: Primarina
|-resisted|p1a: Primarina
|-damage|p1a: Primarina|23/100
|
|upkeep
|turn|8
|
|t:|1779855295
|switch|p2a: Ceruledge|Ceruledge, M|68/100
|move|p1a: Primarina|Flip Turn|p2a: Ceruledge
|-supereffective|p2a: Ceruledge
|-damage|p2a: Ceruledge|10/100
|-ability|p2a: Ceruledge|Weak Armor|boost
|-unboost|p2a: Ceruledge|def|1
|-boost|p2a: Ceruledge|spe|2
|
|t:|1779855297
|switch|p1a: Great Tusk|Great Tusk|78/100|[from] Flip Turn
|
|upkeep
|turn|9
|
|t:|1779855302
|move|p2a: Ceruledge|Bitter Blade|p1a: Great Tusk
|-damage|p1a: Great Tusk|56/100
|-heal|p2a: Ceruledge|26/100|[from] drain|[of] p1a: Great Tusk
|-damage|p2a: Ceruledge|10/100|[from] item: Rocky Helmet|[of] p1a: Great Tusk
|move|p1a: Great Tusk|Stealth Rock|p2a: Ceruledge
|-sidestart|p2: funnygames(1997)|move: Stealth Rock
|
|upkeep
|turn|10
|
|t:|1779855309
|move|p2a: Ceruledge|Bitter Blade|p1a: Great Tusk
|-damage|p1a: Great Tusk|32/100
|-heal|p2a: Ceruledge|28/100|[from] drain|[of] p1a: Great Tusk
|-damage|p2a: Ceruledge|12/100|[from] item: Rocky Helmet|[of] p1a: Great Tusk
|move|p1a: Great Tusk|Knock Off|p2a: Ceruledge
|-supereffective|p2a: Ceruledge
|-damage|p2a: Ceruledge|0 fnt
|-enditem|p2a: Ceruledge|Focus Sash|[from] move: Knock Off|[of] p1a: Great Tusk
|faint|p2a: Ceruledge
|
|upkeep
|
|t:|1779855312
|switch|p2a: Great Tusk|Great Tusk|100/100
|-damage|p2a: Great Tusk|98/100|[from] Stealth Rock
|turn|11
|
|t:|1779855315
|-end|p1a: Great Tusk|Protosynthesis|[silent]
|switch|p1a: Polteageist|Polteageist-Antique|100/100
|move|p2a: Great Tusk|Knock Off|p1a: Polteageist
|-supereffective|p1a: Polteageist
|-damage|p1a: Polteageist|2/100
|-ability|p1a: Polteageist|Weak Armor|boost
|-unboost|p1a: Polteageist|def|1
|-boost|p1a: Polteageist|spe|2
|-enditem|p1a: Polteageist|Focus Sash|[from] move: Knock Off|[of] p2a: Great Tusk
|
|upkeep
|turn|12
|
|t:|1779855320
|move|p1a: Polteageist|Giga Drain|p2a: Great Tusk
|-supereffective|p2a: Great Tusk
|-crit|p2a: Great Tusk
|-damage|p2a: Great Tusk|0 fnt
|-heal|p1a: Polteageist|83/100|[from] drain|[of] p2a: Great Tusk
|faint|p2a: Great Tusk
|-end|p2a: Great Tusk|Protosynthesis|[silent]
|
|upkeep
|
|t:|1779855323
|switch|p2a: Kyurem|Kyurem|100/100
|-damage|p2a: Kyurem|76/100|[from] Stealth Rock
|-ability|p2a: Kyurem|Pressure
|turn|13
|
|t:|1779855326
|move|p1a: Polteageist|Shadow Ball|p2a: Kyurem
|-damage|p2a: Kyurem|33/100
|move|p2a: Kyurem|Ice Beam|p1a: Polteageist
|-damage|p1a: Polteageist|8/100
|
|upkeep
|turn|14
|-message|funnygames(1997) forfeited.
|
|win|mongwong
|raw|mongwong's rating: 1698 &rarr; <strong>1717</strong><br />(+19 for winning)
|raw|funnygames(1997)'s rating: 1688 &rarr; <strong>1669</strong><br />(-19 for losing)
|l|☆funnygames(1997)
|player|p2|
|l|☆mongwong
|player|p1|
