|j|☆MRUL0
|j|☆psaiang
|t:|1779883217
|gametype|singles
|player|p1|MRUL0|veteran|1087
|player|p2|psaiang|170|1138
|gen|9
|tier|[Gen 9] OU
|rated|
|rule|HP Percentage Mod: HP is shown in percentages
|rule|Endless Battle Clause: Forcing endless battles is banned
|rule|Species Clause: Limit one of each Pokémon
|rule|OHKO Clause: OHKO moves are banned
|rule|Evasion Items Clause: Evasion items are banned
|rule|Evasion Moves Clause: Evasion moves are banned
|rule|Evasion Abilities Clause: Evasion abilities are banned
|rule|Sleep Moves Clause: Sleep-inducing moves are banned
|clearpoke
|poke|p1|Krookodile, F|
|poke|p1|Charizard, F|
|poke|p1|Porygon-Z|
|poke|p1|Gyarados, F|
|poke|p1|Gliscor, F|
|poke|p1|Deoxys-Speed|
|poke|p2|Garganacl, M|
|poke|p2|Greninja-*, M|
|poke|p2|Meowscarada, M|
|poke|p2|Dragapult, M|
|poke|p2|Iron Valiant|
|poke|p2|Ninetales, M|
|teampreview
|inactive|Battle timer is ON: inactive players will automatically lose when time's up. (requested by psaiang)
|
|t:|1779883229
|teamsize|p1|6
|teamsize|p2|6
|start
|switch|p1a: Gliscor|Gliscor, F|100/100
|switch|p2a: Ninetales|Ninetales, M|100/100
|-weather|SunnyDay|[from] ability: Drought|[of] p2a: Ninetales
|turn|1
|
|t:|1779883239
|move|p1a: Gliscor|Stealth Rock|p2a: Ninetales
|-sidestart|p2: psaiang|move: Stealth Rock
|move|p2a: Ninetales|Will-O-Wisp|p1a: Gliscor
|-status|p1a: Gliscor|brn
|
|-weather|SunnyDay|[upkeep]
|-damage|p1a: Gliscor|94/100 brn|[from] brn
|upkeep
|turn|2
|
|t:|1779883246
|move|p1a: Gliscor|Toxic Spikes|p2a: Ninetales
|-sidestart|p2: psaiang|move: Toxic Spikes
|move|p2a: Ninetales|Solar Beam||[still]
|-prepare|p2a: Ninetales|Solar Beam
|-anim|p2a: Ninetales|Solar Beam|p1a: Gliscor
|-damage|p1a: Gliscor|49/100 brn
|
|-weather|SunnyDay|[upkeep]
|-damage|p1a: Gliscor|42/100 brn|[from] brn
|upkeep
|turn|3
|
|t:|1779883254
|move|p1a: Gliscor|Earthquake|p2a: Ninetales
|-supereffective|p2a: Ninetales
|-damage|p2a: Ninetales|56/100
|move|p2a: Ninetales|Extrasensory|p1a: Gliscor
|-damage|p1a: Gliscor|13/100 brn
|
|-weather|SunnyDay|[upkeep]
|-heal|p2a: Ninetales|62/100|[from] item: Leftovers
|-damage|p1a: Gliscor|7/100 brn|[from] brn
|upkeep
|turn|4
|
|t:|1779883262
|switch|p2a: Greninja|Greninja, M|100/100
|-damage|p2a: Greninja|88/100|[from] Stealth Rock
|-status|p2a: Greninja|psn
|move|p1a: Gliscor|Earthquake|p2a: Greninja
|-damage|p2a: Greninja|54/100 psn
|
|-weather|SunnyDay|[upkeep]
|-damage|p2a: Greninja|42/100 psn|[from] psn
|-damage|p1a: Gliscor|0 fnt|[from] brn
|faint|p1a: Gliscor
|upkeep
|
|t:|1779883276
|switch|p1a: Deoxys|Deoxys-Speed|100/100
|-ability|p1a: Deoxys|Pressure
|turn|5
|
|t:|1779883288
|move|p1a: Deoxys|Thunderbolt|p2a: Greninja
|-supereffective|p2a: Greninja
|-damage|p2a: Greninja|0 fnt
|faint|p2a: Greninja
|
|-weather|none
|upkeep
|
|t:|1779883292
|switch|p2a: Garganacl|Garganacl, M|100/100
|-damage|p2a: Garganacl|88/100|[from] Stealth Rock
|-status|p2a: Garganacl|psn
|turn|6
|
|t:|1779883321
|move|p1a: Deoxys|Energy Ball|p2a: Garganacl
|-supereffective|p2a: Garganacl
|-damage|p2a: Garganacl|40/100 psn
|move|p2a: Garganacl|Salt Cure|p1a: Deoxys
|-damage|p1a: Deoxys|71/100
|-start|p1a: Deoxys|Salt Cure
|
|-heal|p2a: Garganacl|46/100 psn|[from] item: Leftovers
|-damage|p2a: Garganacl|34/100 psn|[from] psn
|-damage|p1a: Deoxys|59/100|[from] Salt Cure
|upkeep
|turn|7
|inactive|MRUL0 has 120 seconds left.
|
|t:|1779883341
|switch|p1a: Gyarados|Gyarados, F|100/100
|move|p2a: Garganacl|Stone Edge|p1a: Gyarados
|-supereffective|p1a: Gyarados
|-enditem|p1a: Gyarados|Focus Sash
|-damage|p1a: Gyarados|1/100
|
|-heal|p2a: Garganacl|40/100 psn|[from] item: Leftovers
|-damage|p2a: Garganacl|27/100 psn|[from] psn
|upkeep
|turn|8
|
|t:|1779883350
|move|p1a: Gyarados|Scale Shot|p2a: Garganacl|[miss]
|-miss|p1a: Gyarados|p2a: Garganacl
|move|p2a: Garganacl|Recover|p2a: Garganacl
|-heal|p2a: Garganacl|77/100 psn
|
|-heal|p2a: Garganacl|84/100 psn|[from] item: Leftovers
|-damage|p2a: Garganacl|71/100 psn|[from] psn
|upkeep
|turn|9
|inactive|MRUL0 has 120 seconds left.
|
|t:|1779883372
|move|p1a: Gyarados|Waterfall|p2a: Garganacl
|-supereffective|p2a: Garganacl
|-damage|p2a: Garganacl|4/100 psn
|move|p2a: Garganacl|Stone Edge|p1a: Gyarados
|-supereffective|p1a: Gyarados
|-damage|p1a: Gyarados|0 fnt
|faint|p1a: Gyarados
|
|-heal|p2a: Garganacl|10/100 psn|[from] item: Leftovers
|-damage|p2a: Garganacl|0 fnt|[from] psn
|faint|p2a: Garganacl
|upkeep
|
|t:|1779883383
|switch|p1a: Krookodile|Krookodile, F|100/100
|switch|p2a: Ninetales|Ninetales, M|62/100
|-damage|p2a: Ninetales|37/100|[from] Stealth Rock
|-status|p2a: Ninetales|psn
|-weather|SunnyDay|[from] ability: Drought|[of] p2a: Ninetales
|turn|10
|
|t:|1779883404
|-terastallize|p2a: Ninetales|Fire
|move|p1a: Krookodile|Scale Shot|p2a: Ninetales
|-damage|p2a: Ninetales|28/100 psn
|-damage|p2a: Ninetales|19/100 psn
|-hitcount|p2a: Ninetales|2
|-unboost|p1a: Krookodile|def|1
|-boost|p1a: Krookodile|spe|1
|move|p2a: Ninetales|Solar Beam||[still]
|-prepare|p2a: Ninetales|Solar Beam
|-anim|p2a: Ninetales|Solar Beam|p1a: Krookodile
|-supereffective|p1a: Krookodile
|-damage|p1a: Krookodile|11/100
|
|-weather|SunnyDay|[upkeep]
|-heal|p2a: Ninetales|25/100 psn|[from] item: Leftovers
|-damage|p2a: Ninetales|12/100 psn|[from] psn
|upkeep
|turn|11
|
|t:|1779883419
|move|p1a: Krookodile|Scale Shot|p2a: Ninetales
|-damage|p2a: Ninetales|2/100 psn
|-damage|p2a: Ninetales|0 fnt
|faint|p2a: Ninetales
|-ability|p1a: Krookodile|Moxie|boost
|-boost|p1a: Krookodile|atk|1
|-hitcount|p2: Ninetales|2
|-unboost|p1a: Krookodile|def|1
|-boost|p1a: Krookodile|spe|1
|
|-weather|SunnyDay|[upkeep]
|upkeep
|
|t:|1779883425
|switch|p2a: Meowscarada|Meowscarada, M|100/100
|-damage|p2a: Meowscarada|88/100|[from] Stealth Rock
|-status|p2a: Meowscarada|psn
|turn|12
|inactive|MRUL0 has 90 seconds left.
|
|t:|1779883454
|move|p2a: Meowscarada|Sucker Punch|p1a: Krookodile
|-resisted|p1a: Krookodile
|-damage|p1a: Krookodile|0 fnt
|faint|p1a: Krookodile
|
|-weather|SunnyDay|[upkeep]
|-heal|p2a: Meowscarada|94/100 psn|[from] item: Leftovers
|-damage|p2a: Meowscarada|82/100 psn|[from] psn
|upkeep
|inactive|MRUL0 has 90 seconds left.
|
|t:|1779883464
|switch|p1a: Charizard|Charizard, F, shiny|100/100
|turn|13
|
|t:|1779883472
|switch|p2a: Iron Valiant|Iron Valiant|100/100
|-damage|p2a: Iron Valiant|94/100|[from] Stealth Rock
|-status|p2a: Iron Valiant|psn
|-enditem|p2a: Iron Valiant|Booster Energy
|-activate|p2a: Iron Valiant|ability: Quark Drive|[fromitem]
|-start|p2a: Iron Valiant|quarkdriveatk
|move|p1a: Charizard|Air Slash|p2a: Iron Valiant
|-supereffective|p2a: Iron Valiant
|-damage|p2a: Iron Valiant|0 fnt
|faint|p2a: Iron Valiant
|-end|p2a: Iron Valiant|Quark Drive|[silent]
|
|-weather|SunnyDay|[upkeep]
|-damage|p1a: Charizard|88/100|[from] ability: Solar Power|[of] p1a: Charizard
|upkeep
|
|t:|1779883475
|switch|p2a: Dragapult|Dragapult, M|100/100
|-damage|p2a: Dragapult|88/100|[from] Stealth Rock
|-status|p2a: Dragapult|psn
|turn|14
|
|t:|1779883488
|move|p2a: Dragapult|Dragon Darts|p1a: Charizard
|-damage|p1a: Charizard|42/100
|-anim|p2a: Dragapult|Dragon Darts|p1a: Charizard
|-damage|p1a: Charizard|0 fnt
|faint|p1a: Charizard
|-damage|p2a: Dragapult|78/100 psn|[from] item: Life Orb
|
|-weather|none
|-damage|p2a: Dragapult|66/100 psn|[from] psn
|upkeep
|
|t:|1779883498
|switch|p1a: Deoxys|Deoxys-Speed|59/100
|-ability|p1a: Deoxys|Pressure
|turn|15
|
|t:|1779883503
|move|p1a: Deoxys|Ice Beam|p2a: Dragapult
|-supereffective|p2a: Dragapult
|-damage|p2a: Dragapult|0 fnt
|faint|p2a: Dragapult
|
|upkeep
|
|t:|1779883505
|switch|p2a: Meowscarada|Meowscarada, M|82/100 psn
|-damage|p2a: Meowscarada|70/100 psn|[from] Stealth Rock
|turn|16
|inactive|MRUL0 has 120 seconds left.
|
|t:|1779883512
|-terastallize|p1a: Deoxys|Fairy
|move|p2a: Meowscarada|Sucker Punch|p1a: Deoxys
|-resisted|p1a: Deoxys
|-damage|p1a: Deoxys|36/100
|move|p1a: Deoxys|Ice Beam|p2a: Meowscarada
|-supereffective|p2a: Meowscarada
|-damage|p2a: Meowscarada|0 fnt
|faint|p2a: Meowscarada
|
|win|MRUL0
|raw|MRUL0's rating: 1087 &rarr; <strong>1118</strong><br />(+31 for winning)
|raw|psaiang's rating: 1138 &rarr; <strong>1109</strong><br />(-29 for losing)
|l|☆MRUL0
|player|p1|
