|j|☆Regina dei Fiori
|j|☆jinmuyan000777
|t:|1779872848
|gametype|singles
|player|p1|Regina dei Fiori|roxanne-masters|1272
|player|p2|jinmuyan000777|266|1257
|gen|9
|tier|[Gen 9] OU
|rated|
|rule|HP Percentage Mod: HP is shown in percentages
|rule|Endless Battle Clause: Forcing endless battles is banned
|rule|Species Clause: Limit one of each Pokémon
|rule|OHKO Clause: OHKO moves are banned
|rule|Evasion Items Clause: Evasion items are banned
|rule|Evasion Moves Clause: Evasion moves are banned
|rule|Evasion Abilities Clause: Evasion abilities are banned
|rule|Sleep Moves Clause: Sleep-inducing moves are banned
|clearpoke
|poke|p1|Emboar, F|
|poke|p1|Corviknight, M|
|poke|p1|Toxapex, M|
|poke|p1|Great Tusk|
|poke|p1|Rillaboom, F|
|poke|p1|Dragonite, F|
|poke|p2|Pelipper, M|
|poke|p2|Blastoise, M|
|poke|p2|Barraskewda, F|
|poke|p2|Blissey, F|
|poke|p2|Pecharunt|
|poke|p2|Dondozo, F|
|teampreview
|
|t:|1779872856
|teamsize|p1|6
|teamsize|p2|6
|start
|switch|p1a: Emboar|Emboar, F|100/100
|switch|p2a: Pelipper|Pelipper, M|100/100
|-weather|RainDance|[from] ability: Drizzle|[of] p2a: Pelipper
|turn|1
|
|t:|1779872864
|move|p1a: Emboar|Wild Charge|p2a: Pelipper
|-supereffective|p2a: Pelipper
|-damage|p2a: Pelipper|0 fnt
|faint|p2a: Pelipper
|-damage|p1a: Emboar|80/100|[from] Recoil
|
|-weather|RainDance|[upkeep]
|upkeep
|
|t:|1779872872
|switch|p2a: Barraskewda|Barraskewda, F|100/100
|turn|2
|
|t:|1779872878
|switch|p1a: Toxapex|Toxapex, M|100/100
|move|p2a: Barraskewda|Liquidation|p1a: Toxapex
|-resisted|p1a: Toxapex
|-damage|p1a: Toxapex|58/100
|
|-weather|RainDance|[upkeep]
|upkeep
|turn|3
|
|t:|1779872885
|-terastallize|p2a: Barraskewda|Water
|move|p2a: Barraskewda|Liquidation|p1a: Toxapex
|-resisted|p1a: Toxapex
|-damage|p1a: Toxapex|4/100
|move|p1a: Toxapex|Recover|p1a: Toxapex
|-heal|p1a: Toxapex|54/100
|
|-weather|RainDance|[upkeep]
|upkeep
|turn|4
|
|t:|1779872900
|switch|p1a: Rillaboom|Rillaboom, F|100/100
|-fieldstart|move: Grassy Terrain|[from] ability: Grassy Surge|[of] p1a: Rillaboom
|move|p2a: Barraskewda|Liquidation|p1a: Rillaboom
|-resisted|p1a: Rillaboom
|-damage|p1a: Rillaboom|30/100
|
|-weather|RainDance|[upkeep]
|-heal|p1a: Rillaboom|36/100|[from] Grassy Terrain
|upkeep
|turn|5
|
|t:|1779872911
|switch|p2a: Pecharunt|Pecharunt|100/100
|move|p1a: Rillaboom|Grassy Glide|p2a: Pecharunt
|-resisted|p2a: Pecharunt
|-damage|p2a: Pecharunt|88/100
|
|-weather|RainDance|[upkeep]
|-heal|p1a: Rillaboom|42/100|[from] Grassy Terrain
|-heal|p2a: Pecharunt|94/100|[from] Grassy Terrain
|upkeep
|turn|6
|
|t:|1779872921
|switch|p1a: Toxapex|Toxapex, M|87/100
|switch|p2a: Barraskewda|Barraskewda, F, tera:Water|100/100
|
|-weather|RainDance|[upkeep]
|-heal|p1a: Toxapex|93/100|[from] Grassy Terrain
|upkeep
|turn|7
|
|t:|1779872929
|move|p2a: Barraskewda|Psychic Fangs|p1a: Toxapex
|-supereffective|p1a: Toxapex
|-crit|p1a: Toxapex
|-damage|p1a: Toxapex|0 fnt
|faint|p1a: Toxapex
|
|-weather|RainDance|[upkeep]
|upkeep
|
|t:|1779872939
|switch|p1a: Dragonite|Dragonite, F|100/100
|turn|8
|
|t:|1779872944
|move|p2a: Barraskewda|Psychic Fangs|p1a: Dragonite
|-damage|p1a: Dragonite|73/100
|move|p1a: Dragonite|Dragon Dance|p1a: Dragonite
|-boost|p1a: Dragonite|atk|1
|-boost|p1a: Dragonite|spe|1
|
|-weather|none
|-fieldend|move: Grassy Terrain
|upkeep
|turn|9
|
|t:|1779872952
|switch|p2a: Dondozo|Dondozo, F|100/100
|move|p1a: Dragonite|Dragon Dance|p1a: Dragonite
|-boost|p1a: Dragonite|atk|1
|-boost|p1a: Dragonite|spe|1
|
|upkeep
|turn|10
|
|t:|1779872967
|switch|p1a: Rillaboom|Rillaboom, F|42/100
|-fieldstart|move: Grassy Terrain|[from] ability: Grassy Surge|[of] p1a: Rillaboom
|move|p2a: Dondozo|Curse|p2a: Dondozo
|-unboost|p2a: Dondozo|spe|1
|-boost|p2a: Dondozo|atk|1
|-boost|p2a: Dondozo|def|1
|
|-heal|p1a: Rillaboom|48/100|[from] Grassy Terrain
|upkeep
|turn|11
|
|t:|1779872977
|switch|p2a: Pecharunt|Pecharunt|94/100
|move|p1a: Rillaboom|Wood Hammer|p2a: Pecharunt
|-resisted|p2a: Pecharunt
|-damage|p2a: Pecharunt|64/100
|-damage|p1a: Rillaboom|37/100|[from] Recoil
|
|-heal|p1a: Rillaboom|43/100|[from] Grassy Terrain
|-heal|p2a: Pecharunt|70/100|[from] Grassy Terrain
|upkeep
|turn|12
|
|t:|1779872990
|switch|p1a: Corviknight|Corviknight, M|100/100
|-ability|p1a: Corviknight|Pressure
|move|p2a: Pecharunt|Recover|p2a: Pecharunt
|-heal|p2a: Pecharunt|100/100
|
|upkeep
|turn|13
|
|t:|1779873003
|move|p2a: Pecharunt|Hex|p1a: Corviknight
|-damage|p1a: Corviknight|81/100
|move|p1a: Corviknight|U-turn|p2a: Pecharunt
|-resisted|p2a: Pecharunt
|-damage|p2a: Pecharunt|99/100
|
|t:|1779873013
|switch|p1a: Emboar|Emboar, F|80/100|[from] U-turn
|
|-heal|p2a: Pecharunt|100/100|[from] Grassy Terrain
|-heal|p1a: Emboar|86/100|[from] Grassy Terrain
|upkeep
|turn|14
|
|t:|1779873021
|move|p2a: Pecharunt|Toxic|p1a: Emboar
|-status|p1a: Emboar|tox
|-start|p1a: Emboar|confusion|[from] ability: Poison Puppeteer|[of] p2a: Pecharunt
|-activate|p1a: Emboar|confusion
|move|p1a: Emboar|Scald|p2a: Pecharunt
|-damage|p2a: Pecharunt|83/100
|-status|p2a: Pecharunt|brn
|
|-heal|p2a: Pecharunt|89/100 brn|[from] Grassy Terrain
|-heal|p1a: Emboar|92/100 tox|[from] Grassy Terrain
|-damage|p1a: Emboar|86/100 tox|[from] psn
|-damage|p2a: Pecharunt|83/100 brn|[from] brn
|-fieldend|move: Grassy Terrain
|upkeep
|turn|15
|
|t:|1779873038
|switch|p1a: Corviknight|Corviknight, M|81/100
|-ability|p1a: Corviknight|Pressure
|move|p2a: Pecharunt|Hex|p1a: Corviknight
|-damage|p1a: Corviknight|63/100
|
|-heal|p1a: Corviknight|69/100|[from] item: Leftovers
|-damage|p2a: Pecharunt|77/100 brn|[from] brn
|upkeep
|turn|16
|
|t:|1779873055
|move|p2a: Pecharunt|Hex|p1a: Corviknight
|-damage|p1a: Corviknight|52/100
|move|p1a: Corviknight|Roost|p1a: Corviknight
|-heal|p1a: Corviknight|100/100
|-singleturn|p1a: Corviknight|move: Roost
|
|-damage|p2a: Pecharunt|71/100 brn|[from] brn
|upkeep
|turn|17
|
|t:|1779873065
|move|p2a: Pecharunt|Recover|p2a: Pecharunt
|-heal|p2a: Pecharunt|100/100 brn
|move|p1a: Corviknight|Brave Bird|p2a: Pecharunt
|-damage|p2a: Pecharunt|82/100 brn
|-damage|p1a: Corviknight|95/100|[from] Recoil
|
|-heal|p1a: Corviknight|100/100|[from] item: Leftovers
|-damage|p2a: Pecharunt|76/100 brn|[from] brn
|upkeep
|turn|18
|
|t:|1779873077
|switch|p2a: Blastoise|Blastoise, M|100/100
|move|p1a: Corviknight|U-turn|p2a: Blastoise
|-damage|p2a: Blastoise|84/100
|
|t:|1779873083
|switch|p1a: Great Tusk|Great Tusk|100/100|[from] U-turn
|
|upkeep
|turn|19
|
|t:|1779873090
|move|p2a: Blastoise|Shell Smash|p2a: Blastoise
|-unboost|p2a: Blastoise|def|1
|-unboost|p2a: Blastoise|spd|1
|-boost|p2a: Blastoise|atk|2
|-boost|p2a: Blastoise|spa|2
|-boost|p2a: Blastoise|spe|2
|-enditem|p2a: Blastoise|White Herb
|-clearnegativeboost|p2a: Blastoise|[silent]
|move|p1a: Great Tusk|Stealth Rock|p2a: Blastoise
|-sidestart|p2: jinmuyan000777|move: Stealth Rock
|
|upkeep
|turn|20
|
|t:|1779873102
|-end|p1a: Great Tusk|Protosynthesis|[silent]
|switch|p1a: Corviknight|Corviknight, M|100/100
|-ability|p1a: Corviknight|Pressure
|move|p2a: Blastoise|Water Spout|p1a: Corviknight
|-damage|p1a: Corviknight|0 fnt
|faint|p1a: Corviknight
|
|upkeep
|
|t:|1779873104
|switch|p1a: Rillaboom|Rillaboom, F|43/100
|-fieldstart|move: Grassy Terrain|[from] ability: Grassy Surge|[of] p1a: Rillaboom
|turn|21
|
|t:|1779873117
|switch|p2a: Pecharunt|Pecharunt|76/100 brn
|move|p1a: Rillaboom|Grassy Glide|p2a: Pecharunt
|-resisted|p2a: Pecharunt
|-damage|p2a: Pecharunt|63/100 brn
|
|-heal|p1a: Rillaboom|49/100|[from] Grassy Terrain
|-heal|p2a: Pecharunt|69/100 brn|[from] Grassy Terrain
|-damage|p2a: Pecharunt|63/100 brn|[from] brn
|upkeep
|turn|22
|
|t:|1779873127
|switch|p1a: Emboar|Emboar, F|86/100 tox
|move|p2a: Pecharunt|Recover|p2a: Pecharunt
|-heal|p2a: Pecharunt|100/100 brn
|
|-heal|p1a: Emboar|92/100 tox|[from] Grassy Terrain
|-damage|p1a: Emboar|86/100 tox|[from] psn
|-damage|p2a: Pecharunt|94/100 brn|[from] brn
|upkeep
|turn|23
|
|t:|1779873138
|move|p2a: Pecharunt|Hex|p1a: Emboar
|-damage|p1a: Emboar|48/100 tox
|move|p1a: Emboar|Flare Blitz|p2a: Pecharunt
|-damage|p2a: Pecharunt|59/100 brn
|-damage|p1a: Emboar|37/100 tox|[from] Recoil
|
|-heal|p2a: Pecharunt|65/100 brn|[from] Grassy Terrain
|-heal|p1a: Emboar|43/100 tox|[from] Grassy Terrain
|-damage|p1a: Emboar|31/100 tox|[from] psn
|-damage|p2a: Pecharunt|59/100 brn|[from] brn
|upkeep
|turn|24
|
|t:|1779873149
|move|p2a: Pecharunt|Recover|p2a: Pecharunt
|-heal|p2a: Pecharunt|100/100 brn
|move|p1a: Emboar|Flare Blitz|p2a: Pecharunt
|-damage|p2a: Pecharunt|64/100 brn
|-damage|p1a: Emboar|19/100 tox|[from] Recoil
|
|-heal|p2a: Pecharunt|70/100 brn|[from] Grassy Terrain
|-heal|p1a: Emboar|25/100 tox|[from] Grassy Terrain
|-damage|p1a: Emboar|7/100 tox|[from] psn
|-damage|p2a: Pecharunt|64/100 brn|[from] brn
|upkeep
|turn|25
|
|t:|1779873161
|switch|p2a: Dondozo|Dondozo, F|100/100
|-damage|p2a: Dondozo|88/100|[from] Stealth Rock
|move|p1a: Emboar|Flare Blitz|p2a: Dondozo
|-resisted|p2a: Dondozo
|-damage|p2a: Dondozo|66/100
|-damage|p1a: Emboar|0 fnt|[from] Recoil
|faint|p1a: Emboar
|
|-heal|p2a: Dondozo|72/100|[from] Grassy Terrain
|-heal|p2a: Dondozo|78/100|[from] item: Leftovers
|-fieldend|move: Grassy Terrain
|upkeep
|
|t:|1779873170
|switch|p1a: Rillaboom|Rillaboom, F|49/100
|-fieldstart|move: Grassy Terrain|[from] ability: Grassy Surge|[of] p1a: Rillaboom
|turn|26
|
|t:|1779873178
|switch|p2a: Pecharunt|Pecharunt|64/100 brn
|move|p1a: Rillaboom|Knock Off|p2a: Pecharunt
|-supereffective|p2a: Pecharunt
|-damage|p2a: Pecharunt|10/100 brn
|-enditem|p2a: Pecharunt|Heavy-Duty Boots|[from] move: Knock Off|[of] p1a: Rillaboom
|
|-heal|p1a: Rillaboom|56/100|[from] Grassy Terrain
|-heal|p2a: Pecharunt|16/100 brn|[from] Grassy Terrain
|-damage|p2a: Pecharunt|10/100 brn|[from] brn
|upkeep
|turn|27
|
|t:|1779873189
|move|p1a: Rillaboom|Knock Off|p2a: Pecharunt
|-supereffective|p2a: Pecharunt
|-damage|p2a: Pecharunt|0 fnt
|faint|p2a: Pecharunt
|
|-heal|p1a: Rillaboom|62/100|[from] Grassy Terrain
|upkeep
|
|t:|1779873205
|switch|p2a: Barraskewda|Barraskewda, F, tera:Water|100/100
|-damage|p2a: Barraskewda|88/100|[from] Stealth Rock
|turn|28
|
|t:|1779873210
|switch|p1a: Great Tusk|Great Tusk|100/100
|move|p2a: Barraskewda|Close Combat|p1a: Great Tusk
|-damage|p1a: Great Tusk|67/100
|-unboost|p2a: Barraskewda|def|1
|-unboost|p2a: Barraskewda|spd|1
|
|-heal|p2a: Barraskewda|94/100|[from] Grassy Terrain
|-heal|p1a: Great Tusk|73/100|[from] Grassy Terrain
|upkeep
|turn|29
|
|t:|1779873225
|switch|p2a: Dondozo|Dondozo, F|78/100
|-damage|p2a: Dondozo|66/100|[from] Stealth Rock
|move|p1a: Great Tusk|Ice Spinner|p2a: Dondozo
|-resisted|p2a: Dondozo
|-damage|p2a: Dondozo|60/100
|-fieldend|move: Grassy Terrain
|
|-heal|p2a: Dondozo|66/100|[from] item: Leftovers
|upkeep
|turn|30
|
|t:|1779873251
|move|p1a: Great Tusk|Earthquake|p2a: Dondozo
|-damage|p2a: Dondozo|43/100
|move|p2a: Dondozo|Curse|p2a: Dondozo
|-unboost|p2a: Dondozo|spe|1
|-boost|p2a: Dondozo|atk|1
|-boost|p2a: Dondozo|def|1
|
|-heal|p2a: Dondozo|49/100|[from] item: Leftovers
|upkeep
|turn|31
|
|t:|1779873264
|move|p1a: Great Tusk|Earthquake|p2a: Dondozo
|-damage|p2a: Dondozo|34/100
|move|p2a: Dondozo|Rest|p2a: Dondozo
|-status|p2a: Dondozo|slp|[from] move: Rest
|-heal|p2a: Dondozo|100/100 slp|[silent]
|
|upkeep
|turn|32
|
|t:|1779873272
|-end|p1a: Great Tusk|Protosynthesis|[silent]
|switch|p1a: Rillaboom|Rillaboom, F|62/100
|-fieldstart|move: Grassy Terrain|[from] ability: Grassy Surge|[of] p1a: Rillaboom
|cant|p2a: Dondozo|slp
|move|p2a: Dondozo|Sleep Talk|p2a: Dondozo
|move|p2a: Dondozo|Curse|p2a: Dondozo|[from] move: Sleep Talk
|-unboost|p2a: Dondozo|spe|1
|-boost|p2a: Dondozo|atk|1
|-boost|p2a: Dondozo|def|1
|
|-heal|p1a: Rillaboom|68/100|[from] Grassy Terrain
|upkeep
|turn|33
|
|t:|1779873286
|-terastallize|p1a: Rillaboom|Grass
|move|p1a: Rillaboom|Wood Hammer|p2a: Dondozo
|-supereffective|p2a: Dondozo
|-damage|p2a: Dondozo|4/100 slp
|-damage|p1a: Rillaboom|21/100|[from] Recoil
|cant|p2a: Dondozo|slp
|move|p2a: Dondozo|Sleep Talk|p2a: Dondozo
|move|p2a: Dondozo|Wave Crash|p1a: Rillaboom|[from] move: Sleep Talk
|-resisted|p1a: Rillaboom
|-damage|p1a: Rillaboom|0 fnt
|faint|p1a: Rillaboom
|-damage|p2a: Dondozo|0 fnt|[from] Recoil
|faint|p2a: Dondozo
|
|upkeep
|
|t:|1779873310
|switch|p1a: Dragonite|Dragonite, F|73/100
|switch|p2a: Blastoise|Blastoise, M|84/100
|-damage|p2a: Blastoise|72/100|[from] Stealth Rock
|turn|34
|
|t:|1779873319
|move|p1a: Dragonite|Dragon Dance|p1a: Dragonite
|-boost|p1a: Dragonite|atk|1
|-boost|p1a: Dragonite|spe|1
|move|p2a: Blastoise|Ice Beam|p1a: Dragonite
|-supereffective|p1a: Dragonite
|-damage|p1a: Dragonite|0 fnt
|faint|p1a: Dragonite
|
|-heal|p2a: Blastoise|78/100|[from] Grassy Terrain
|upkeep
|
|t:|1779873322
|switch|p1a: Great Tusk|Great Tusk|73/100
|turn|35
|
|t:|1779873331
|move|p2a: Blastoise|Surf|p1a: Great Tusk
|-supereffective|p1a: Great Tusk
|-damage|p1a: Great Tusk|0 fnt
|faint|p1a: Great Tusk
|-end|p1a: Great Tusk|Protosynthesis|[silent]
|
|win|jinmuyan000777
|raw|Regina dei Fiori's rating: 1272 &rarr; <strong>1246</strong><br />(-26 for losing)
|raw|jinmuyan000777's rating: 1257 &rarr; <strong>1283</strong><br />(+26 for winning)
|l|☆Regina dei Fiori
|player|p1|
|l|☆jinmuyan000777
|player|p2|
