|j|☆SirGayalot
|j|☆Omari P
|t:|1779903012
|gametype|singles
|player|p1|SirGayalot|102|1512
|player|p2|Omari P|pokemonrangerf|1575
|gen|9
|tier|[Gen 9] OU
|rated|
|rule|HP Percentage Mod: HP is shown in percentages
|rule|Endless Battle Clause: Forcing endless battles is banned
|rule|Species Clause: Limit one of each Pokémon
|rule|OHKO Clause: OHKO moves are banned
|rule|Evasion Items Clause: Evasion items are banned
|rule|Evasion Moves Clause: Evasion moves are banned
|rule|Evasion Abilities Clause: Evasion abilities are banned
|rule|Sleep Moves Clause: Sleep-inducing moves are banned
|clearpoke
|poke|p1|Samurott-Hisui, F|
|poke|p1|Zapdos|
|poke|p1|Iron Treads|
|poke|p1|Ceruledge, M|
|poke|p1|Gholdengo|
|poke|p1|Ogerpon-Wellspring, F|
|poke|p2|Morpeko, F|
|poke|p2|Volcanion|
|poke|p2|Fezandipiti, M|
|poke|p2|Rillaboom, F|
|poke|p2|Dragapult, F|
|poke|p2|Deoxys-Speed|
|teampreview
|
|t:|1779903019
|teamsize|p1|6
|teamsize|p2|6
|start
|switch|p1a: Samurott|Samurott-Hisui, F|100/100
|switch|p2a: Rillaboom|Rillaboom, F|100/100
|-fieldstart|move: Grassy Terrain|[from] ability: Grassy Surge|[of] p2a: Rillaboom
|turn|1
|inactive|Battle timer is ON: inactive players will automatically lose when time's up. (requested by SirGayalot)
|
|t:|1779903022
|switch|p1a: Zapdos|Zapdos|100/100
|move|p2a: Rillaboom|Grassy Glide|p1a: Zapdos
|-resisted|p1a: Zapdos
|-damage|p1a: Zapdos|78/100
|-status|p2a: Rillaboom|par|[from] ability: Static|[of] p1a: Zapdos
|-damage|p2a: Rillaboom|91/100 par|[from] item: Life Orb
|
|-heal|p2a: Rillaboom|97/100 par|[from] Grassy Terrain
|upkeep
|turn|2
|
|t:|1779903031
|move|p1a: Zapdos|Hurricane|p2a: Rillaboom
|-supereffective|p2a: Rillaboom
|-damage|p2a: Rillaboom|0 fnt
|faint|p2a: Rillaboom
|
|upkeep
|
|t:|1779903035
|switch|p2a: Deoxys|Deoxys-Speed|100/100
|-ability|p2a: Deoxys|Pressure
|turn|3
|
|t:|1779903039
|move|p2a: Deoxys|Ice Beam|p1a: Zapdos
|-supereffective|p1a: Zapdos
|-damage|p1a: Zapdos|21/100
|move|p1a: Zapdos|Volt Switch|p2a: Deoxys
|-damage|p2a: Deoxys|46/100
|
|t:|1779903042
|switch|p1a: Samurott|Samurott-Hisui, F|100/100|[from] Volt Switch
|
|-heal|p2a: Deoxys|52/100|[from] Grassy Terrain
|upkeep
|turn|4
|
|t:|1779903048
|move|p2a: Deoxys|Stealth Rock|p1a: Samurott
|-sidestart|p1: SirGayalot|move: Stealth Rock
|move|p1a: Samurott|Ceaseless Edge|p2a: Deoxys
|-supereffective|p2a: Deoxys
|-damage|p2a: Deoxys|0 fnt
|-sidestart|p2: Omari P|Spikes
|faint|p2a: Deoxys
|
|upkeep
|
|t:|1779903050
|switch|p2a: Morpeko|Morpeko, F|100/100
|-damage|p2a: Morpeko|88/100|[from] Spikes
|turn|5
|j| heptastrike
|
|t:|1779903056
|switch|p1a: Iron Treads|Iron Treads|100/100
|-damage|p1a: Iron Treads|97/100|[from] Stealth Rock
|move|p2a: Morpeko|Aura Wheel|p1a: Iron Treads
|-immune|p1a: Iron Treads
|
|-heal|p1a: Iron Treads|100/100|[from] Grassy Terrain
|-heal|p2a: Morpeko|94/100|[from] Grassy Terrain
|-heal|p2a: Morpeko|100/100|[from] item: Leftovers
|-fieldend|move: Grassy Terrain
|-formechange|p2a: Morpeko|Morpeko-Hangry||[from] ability: Hunger Switch
|upkeep
|turn|6
|
|t:|1779903068
|move|p1a: Iron Treads|Earthquake|p2a: Morpeko
|-supereffective|p2a: Morpeko
|-damage|p2a: Morpeko|0 fnt
|faint|p2a: Morpeko
|
|upkeep
|
|t:|1779903078
|switch|p2a: Haku|Fezandipiti, M|100/100
|-item|p2a: Haku|Air Balloon
|turn|7
|
|t:|1779903081
|move|p1a: Iron Treads|Knock Off|p2a: Haku
|-resisted|p2a: Haku
|-damage|p2a: Haku|83/100
|-enditem|p2a: Haku|Air Balloon
|move|p2a: Haku|Thief|p1a: Iron Treads
|-damage|p1a: Iron Treads|75/100
|-enditem|p1a: Iron Treads|Leftovers|[silent]|[from] move: Thief|[of] p2a: Haku
|-item|p2a: Haku|Leftovers|[from] move: Thief|[of] p1a: Iron Treads
|
|-heal|p2a: Haku|89/100|[from] item: Leftovers
|upkeep
|turn|8
|l| heptastrike
|-message|Omari P forfeited.
|
|win|SirGayalot
|raw|SirGayalot's rating: 1512 &rarr; <strong>1537</strong><br />(+25 for winning)
|raw|Omari P's rating: 1598 &rarr; <strong>1573</strong><br />(-25 for losing)
|l|☆Omari P
|player|p2|
|l|☆SirGayalot
|player|p1|
