|j|☆cachowcapow
|j|☆kooopooolooo
|t:|1779886620
|gametype|singles
|player|p1|cachowcapow|101|1567
|player|p2|kooopooolooo|169|1622
|gen|9
|tier|[Gen 9] OU
|rated|
|rule|HP Percentage Mod: HP is shown in percentages
|rule|Endless Battle Clause: Forcing endless battles is banned
|rule|Species Clause: Limit one of each Pokémon
|rule|OHKO Clause: OHKO moves are banned
|rule|Evasion Items Clause: Evasion items are banned
|rule|Evasion Moves Clause: Evasion moves are banned
|rule|Evasion Abilities Clause: Evasion abilities are banned
|rule|Sleep Moves Clause: Sleep-inducing moves are banned
|clearpoke
|poke|p1|Alomomola, F|
|poke|p1|Gardevoir, M|
|poke|p1|Scizor, M|
|poke|p1|Slither Wing|
|poke|p1|Mew|
|poke|p1|Ogerpon, F|
|poke|p2|Tyranitar, M|
|poke|p2|Alomomola, M|
|poke|p2|Pecharunt|
|poke|p2|Tornadus-Therian, M|
|poke|p2|Rillaboom, M|
|poke|p2|Iron Treads|
|teampreview
|
|t:|1779886632
|teamsize|p1|6
|teamsize|p2|6
|start
|switch|p1a: Alomomola|Alomomola, F|100/100
|switch|p2a: Tornadus|Tornadus-Therian, M|100/100
|turn|1
|
|t:|1779886638
|move|p2a: Tornadus|Bleakwind Storm|p1a: Alomomola
|-damage|p1a: Alomomola|53/100
|move|p1a: Alomomola|Flip Turn|p2a: Tornadus
|-damage|p2a: Tornadus|58/100
|
|t:|1779886656
|switch|p1a: Scizor|Scizor, M|100/100|[from] Flip Turn
|
|upkeep
|turn|2
|j| Yamhard
|
|t:|1779886700
|move|p2a: Tornadus|Heat Wave|p1a: Scizor
|-supereffective|p1a: Scizor
|-damage|p1a: Scizor|26/100
|-status|p1a: Scizor|brn
|move|p1a: Scizor|Swords Dance|p1a: Scizor
|-boost|p1a: Scizor|atk|2
|
|-damage|p1a: Scizor|20/100 brn|[from] brn
|upkeep
|turn|3
|
|t:|1779886709
|switch|p2a: Hank|Alomomola, M|100/100
|move|p1a: Scizor|Bullet Punch|p2a: Hank
|-resisted|p2a: Hank
|-damage|p2a: Hank|94/100
|-damage|p1a: Scizor|3/100 brn|[from] item: Rocky Helmet|[of] p2a: Hank
|
|-damage|p1a: Scizor|0 fnt|[from] brn
|faint|p1a: Scizor
|upkeep
|
|t:|1779886777
|switch|p1a: Gardevoir|Gardevoir, M, shiny|100/100
|-ability|p1a: Gardevoir|Regenerator|Trace|[from] ability: Trace|[of] p2a: Hank
|turn|4
|
|t:|1779886787
|-terastallize|p1a: Gardevoir|Fairy
|move|p1a: Gardevoir|Moonblast|p2a: Hank
|-damage|p2a: Hank|0 fnt
|faint|p2a: Hank
|
|upkeep
|
|t:|1779886791
|switch|p2a: Pecharunt|Pecharunt|100/100
|turn|5
|
|t:|1779886822
|move|p1a: Gardevoir|Moonblast|p2a: Pecharunt
|-resisted|p2a: Pecharunt
|-damage|p2a: Pecharunt|48/100
|move|p2a: Pecharunt|Toxic|p1a: Gardevoir
|-status|p1a: Gardevoir|tox
|-start|p1a: Gardevoir|confusion|[from] ability: Poison Puppeteer|[of] p2a: Pecharunt
|
|-damage|p1a: Gardevoir|94/100 tox|[from] psn
|upkeep
|turn|6
|inactive|Battle timer is ON: inactive players will automatically lose when time's up. (requested by kooopooolooo)
|
|t:|1779886833
|switch|p2a: Iron Treads|Iron Treads|100/100
|-activate|p1a: Gardevoir|confusion
|move|p1a: Gardevoir|Moonblast|p2a: Iron Treads
|-resisted|p2a: Iron Treads
|-damage|p2a: Iron Treads|45/100
|
|-damage|p1a: Gardevoir|82/100 tox|[from] psn
|upkeep
|turn|7
|
|t:|1779886841
|move|p2a: Iron Treads|Stealth Rock|p1a: Gardevoir
|-sidestart|p1: cachowcapow|move: Stealth Rock
|-end|p1a: Gardevoir|confusion
|move|p1a: Gardevoir|Moonblast|p2a: Iron Treads
|-resisted|p2a: Iron Treads
|-damage|p2a: Iron Treads|0 fnt
|faint|p2a: Iron Treads
|-end|p2a: Iron Treads|Quark Drive|[silent]
|
|-damage|p1a: Gardevoir|64/100 tox|[from] psn
|upkeep
|j| Wildkoter
|
|t:|1779886846
|switch|p2a: Rillaboom|Rillaboom, M|100/100
|-fieldstart|move: Grassy Terrain|[from] ability: Grassy Surge|[of] p2a: Rillaboom
|turn|8
|
|t:|1779886853
|switch|p1a: Slither Wing|Slither Wing|100/100
|-damage|p1a: Slither Wing|88/100|[from] Stealth Rock
|move|p2a: Rillaboom|U-turn|p1a: Slither Wing
|-resisted|p1a: Slither Wing
|-damage|p1a: Slither Wing|74/100
|-damage|p2a: Rillaboom|84/100|[from] item: Rocky Helmet|[of] p1a: Slither Wing
|
|t:|1779886857
|switch|p2a: Tornadus|Tornadus-Therian, M|91/100|[from] U-turn
|
|-heal|p1a: Slither Wing|80/100|[from] Grassy Terrain
|upkeep
|turn|9
|
|t:|1779886864
|-end|p1a: Slither Wing|Protosynthesis|[silent]
|switch|p1a: Alomomola|Alomomola, F|86/100
|-damage|p1a: Alomomola|74/100|[from] Stealth Rock
|move|p2a: Tornadus|Bleakwind Storm|p1a: Alomomola
|-damage|p1a: Alomomola|26/100
|-unboost|p1a: Alomomola|spe|1
|
|-heal|p1a: Alomomola|32/100|[from] Grassy Terrain
|upkeep
|turn|10
|
|t:|1779886871
|move|p1a: Alomomola|Aqua Jet|p2a: Tornadus
|-damage|p2a: Tornadus|65/100
|move|p2a: Tornadus|Bleakwind Storm|p1a: Alomomola|[miss]
|-miss|p2a: Tornadus|p1a: Alomomola
|
|-heal|p1a: Alomomola|39/100|[from] Grassy Terrain
|upkeep
|turn|11
|
|t:|1779886876
|move|p1a: Alomomola|Aqua Jet|p2a: Tornadus
|-damage|p2a: Tornadus|39/100
|move|p2a: Tornadus|Bleakwind Storm|p1a: Alomomola|[miss]
|-miss|p2a: Tornadus|p1a: Alomomola
|
|-heal|p1a: Alomomola|45/100|[from] Grassy Terrain
|upkeep
|turn|12
|
|t:|1779886880
|move|p1a: Alomomola|Aqua Jet|p2a: Tornadus
|-damage|p2a: Tornadus|14/100
|move|p2a: Tornadus|Bleakwind Storm|p1a: Alomomola|[miss]
|-miss|p2a: Tornadus|p1a: Alomomola
|
|-heal|p1a: Alomomola|51/100|[from] Grassy Terrain
|-fieldend|move: Grassy Terrain
|upkeep
|turn|13
|
|t:|1779886886
|switch|p2a: Pecharunt|Pecharunt|48/100
|switch|p1a: Slither Wing|Slither Wing|80/100
|-damage|p1a: Slither Wing|68/100|[from] Stealth Rock
|
|upkeep
|turn|14
|
|t:|1779886892
|move|p1a: Slither Wing|U-turn|p2a: Pecharunt
|-resisted|p2a: Pecharunt
|-damage|p2a: Pecharunt|44/100
|
|t:|1779886898
|-end|p1a: Slither Wing|Protosynthesis|[silent]
|switch|p1a: Gardevoir|Gardevoir, M, shiny, tera:Fairy|97/100 tox|[from] U-turn
|-damage|p1a: Gardevoir|85/100 tox|[from] Stealth Rock
|move|p2a: Pecharunt|Recover|p2a: Pecharunt
|-heal|p2a: Pecharunt|94/100
|
|-damage|p1a: Gardevoir|78/100 tox|[from] psn
|upkeep
|turn|15
|
|t:|1779886906
|move|p1a: Gardevoir|Moonblast|p2a: Pecharunt
|-resisted|p2a: Pecharunt
|-damage|p2a: Pecharunt|39/100
|-unboost|p2a: Pecharunt|spa|1
|move|p2a: Pecharunt|Parting Shot|p1a: Gardevoir
|-unboost|p1a: Gardevoir|atk|1
|-unboost|p1a: Gardevoir|spa|1
|
|t:|1779886911
|switch|p2a: Rillaboom|Rillaboom, M|84/100|[from] Parting Shot
|-ability|p1a: Gardevoir|Grassy Surge|Trace|[from] ability: Trace|[of] p2a: Rillaboom
|-fieldstart|move: Grassy Terrain|[from] ability: Grassy Surge|[of] p1a: Gardevoir
|
|-heal|p2a: Rillaboom|90/100|[from] Grassy Terrain
|-heal|p1a: Gardevoir|85/100 tox|[from] Grassy Terrain
|-damage|p1a: Gardevoir|72/100 tox|[from] psn
|upkeep
|turn|16
|
|t:|1779886916
|switch|p1a: Slither Wing|Slither Wing|68/100
|-damage|p1a: Slither Wing|56/100|[from] Stealth Rock
|move|p2a: Rillaboom|Grassy Glide|p1a: Slither Wing
|-resisted|p1a: Slither Wing
|-damage|p1a: Slither Wing|34/100
|-damage|p2a: Rillaboom|74/100|[from] item: Rocky Helmet|[of] p1a: Slither Wing
|
|-heal|p2a: Rillaboom|80/100|[from] Grassy Terrain
|-heal|p1a: Slither Wing|41/100|[from] Grassy Terrain
|upkeep
|turn|17
|
|t:|1779886922
|switch|p2a: Pecharunt|Pecharunt|39/100
|move|p1a: Slither Wing|U-turn|p2a: Pecharunt
|-resisted|p2a: Pecharunt
|-damage|p2a: Pecharunt|35/100
|
|t:|1779886928
|-end|p1a: Slither Wing|Protosynthesis|[silent]
|switch|p1a: Gardevoir|Gardevoir, M, shiny, tera:Fairy|72/100 tox|[from] U-turn
|-damage|p1a: Gardevoir|60/100 tox|[from] Stealth Rock
|
|-heal|p1a: Gardevoir|66/100 tox|[from] Grassy Terrain
|-heal|p2a: Pecharunt|41/100|[from] Grassy Terrain
|-damage|p1a: Gardevoir|60/100 tox|[from] psn
|upkeep
|turn|18
|
|t:|1779886932
|move|p1a: Gardevoir|Moonblast|p2a: Pecharunt
|-resisted|p2a: Pecharunt
|-damage|p2a: Pecharunt|0 fnt
|faint|p2a: Pecharunt
|
|-heal|p1a: Gardevoir|66/100 tox|[from] Grassy Terrain
|-damage|p1a: Gardevoir|54/100 tox|[from] psn
|upkeep
|
|t:|1779886936
|switch|p2a: Rillaboom|Rillaboom, M|80/100
|-ability|p1a: Gardevoir|Grassy Surge|Trace|[from] ability: Trace|[of] p2a: Rillaboom
|turn|19
|
|t:|1779886940
|switch|p1a: Slither Wing|Slither Wing|41/100
|-damage|p1a: Slither Wing|28/100|[from] Stealth Rock
|move|p2a: Rillaboom|U-turn|p1a: Slither Wing
|-resisted|p1a: Slither Wing
|-damage|p1a: Slither Wing|13/100
|-damage|p2a: Rillaboom|64/100|[from] item: Rocky Helmet|[of] p1a: Slither Wing
|
|t:|1779886943
|switch|p2a: Tornadus|Tornadus-Therian, M|47/100|[from] U-turn
|
|-heal|p1a: Slither Wing|19/100|[from] Grassy Terrain
|-fieldend|move: Grassy Terrain
|upkeep
|turn|20
|
|t:|1779886951
|move|p1a: Slither Wing|First Impression|p2a: Tornadus
|-resisted|p2a: Tornadus
|-damage|p2a: Tornadus|23/100
|move|p2a: Tornadus|Bleakwind Storm|p1a: Slither Wing|[miss]
|-miss|p2a: Tornadus|p1a: Slither Wing
|
|upkeep
|turn|21
|
|t:|1779886957
|-end|p1a: Slither Wing|Protosynthesis|[silent]
|switch|p1a: Alomomola|Alomomola, F|84/100
|-damage|p1a: Alomomola|72/100|[from] Stealth Rock
|move|p2a: Tornadus|Bleakwind Storm|p1a: Alomomola
|-damage|p1a: Alomomola|30/100
|-unboost|p1a: Alomomola|spe|1
|
|upkeep
|turn|22
|
|t:|1779886964
|switch|p2a: Rillaboom|Rillaboom, M|64/100
|-fieldstart|move: Grassy Terrain|[from] ability: Grassy Surge|[of] p2a: Rillaboom
|move|p1a: Alomomola|Flip Turn|p2a: Rillaboom
|-resisted|p2a: Rillaboom
|-damage|p2a: Rillaboom|42/100
|
|t:|1779886968
|switch|p1a: Ogerpon|Ogerpon, F|100/100|[from] Flip Turn
|-damage|p1a: Ogerpon|88/100|[from] Stealth Rock
|
|-heal|p1a: Ogerpon|94/100|[from] Grassy Terrain
|-heal|p2a: Rillaboom|49/100|[from] Grassy Terrain
|upkeep
|turn|23
|
|t:|1779886975
|move|p1a: Ogerpon|U-turn|p2a: Rillaboom
|-supereffective|p2a: Rillaboom
|-damage|p2a: Rillaboom|0 fnt
|faint|p2a: Rillaboom
|-message|kooopooolooo forfeited.
|
|win|cachowcapow
|raw|cachowcapow's rating: 1584 &rarr; <strong>1606</strong><br />(+22 for winning)
|raw|kooopooolooo's rating: 1622 &rarr; <strong>1600</strong><br />(-22 for losing)
|l|☆kooopooolooo
|player|p2|
|l|☆cachowcapow
|player|p1|
|l| Yamhard
