|j|☆mountainrock12
|j|☆NEON AKATSUKI
|t:|1779900046
|gametype|singles
|player|p1|mountainrock12|101|1121
|player|p2|NEON AKATSUKI|veteran|1133
|gen|9
|tier|[Gen 9] OU
|rated|
|rule|HP Percentage Mod: HP is shown in percentages
|rule|Endless Battle Clause: Forcing endless battles is banned
|rule|Species Clause: Limit one of each Pokémon
|rule|OHKO Clause: OHKO moves are banned
|rule|Evasion Items Clause: Evasion items are banned
|rule|Evasion Moves Clause: Evasion moves are banned
|rule|Evasion Abilities Clause: Evasion abilities are banned
|rule|Sleep Moves Clause: Sleep-inducing moves are banned
|clearpoke
|poke|p1|Landorus-Therian, M|
|poke|p1|Samurott-Hisui, F|
|poke|p1|Gholdengo|
|poke|p1|Thundurus-Therian, M|
|poke|p1|Scizor, M|
|poke|p1|Zamazenta-*|
|poke|p2|Arcanine-Hisui, M|
|poke|p2|Charizard, M|
|poke|p2|Tyranitar, M|
|poke|p2|Grimmsnarl, M|
|poke|p2|Ursaluna, M|
|poke|p2|Spiritomb, M|
|teampreview
|inactive|Battle timer is ON: inactive players will automatically lose when time's up. (requested by NEON AKATSUKI)
|
|t:|1779900064
|teamsize|p1|6
|teamsize|p2|6
|start
|switch|p1a: Zamazenta|Zamazenta|100/100
|switch|p2a: Setzu|Spiritomb, M|100/100
|-ability|p1a: Zamazenta|Dauntless Shield|boost
|-boost|p1a: Zamazenta|def|1
|turn|1
|inactive|mountainrock12 has 120 seconds left.
|
|t:|1779900105
|switch|p1a: Gholdengo|Gholdengo|100/100
|move|p2a: Setzu|Toxic|p1a: Gholdengo
|-immune|p1a: Gholdengo|[from] ability: Good as Gold
|
|upkeep
|turn|2
|
|t:|1779900110
|move|p1a: Gholdengo|Trick|p2a: Setzu
|-activate|p1a: Gholdengo|move: Trick|[of] p2a: Setzu
|-item|p2a: Setzu|Choice Scarf|[from] move: Trick
|-item|p1a: Gholdengo|Leftovers|[from] move: Trick
|move|p2a: Setzu|Burning Jealousy|p1a: Gholdengo
|-supereffective|p1a: Gholdengo
|-damage|p1a: Gholdengo|57/100
|
|-heal|p1a: Gholdengo|63/100|[from] item: Leftovers
|upkeep
|turn|3
|inactive|mountainrock12 has 120 seconds left.
|
|t:|1779900120
|move|p1a: Gholdengo|Make It Rain|p2a: Setzu
|-damage|p2a: Setzu|27/100
|-unboost|p1a: Gholdengo|spa|1
|move|p2a: Setzu|Burning Jealousy|p1a: Gholdengo
|-supereffective|p1a: Gholdengo
|-damage|p1a: Gholdengo|18/100
|
|-heal|p1a: Gholdengo|24/100|[from] item: Leftovers
|upkeep
|turn|4
|c|☆NEON AKATSUKI|I create that strategy hahahaha
|
|t:|1779900134
|move|p1a: Gholdengo|Recover|p1a: Gholdengo
|-heal|p1a: Gholdengo|74/100
|move|p2a: Setzu|Burning Jealousy|p1a: Gholdengo
|-supereffective|p1a: Gholdengo
|-damage|p1a: Gholdengo|32/100
|
|-heal|p1a: Gholdengo|38/100|[from] item: Leftovers
|upkeep
|turn|5
|c|☆mountainrock12|what?
|
|t:|1779900143
|switch|p2a: C-2 Dragón|Charizard, M|100/100
|move|p1a: Gholdengo|Recover|p1a: Gholdengo
|-heal|p1a: Gholdengo|88/100
|
|-heal|p1a: Gholdengo|94/100|[from] item: Leftovers
|upkeep
|turn|6
|c|☆NEON AKATSUKI|The trick one
|
|t:|1779900154
|switch|p1a: Samurott|Samurott-Hisui, F|100/100
|move|p2a: C-2 Dragón|Fire Blast|p1a: Samurott
|-resisted|p1a: Samurott
|-damage|p1a: Samurott|74/100
|
|upkeep
|turn|7
|c|☆mountainrock12|nice
|
|t:|1779900161
|move|p2a: C-2 Dragón|Will-O-Wisp|p1a: Samurott
|-status|p1a: Samurott|brn
|move|p1a: Samurott|Razor Shell|p2a: C-2 Dragón
|-supereffective|p2a: C-2 Dragón
|-damage|p2a: C-2 Dragón|37/100
|-unboost|p2a: C-2 Dragón|def|1
|
|-heal|p2a: C-2 Dragón|43/100|[from] item: Leftovers
|-damage|p1a: Samurott|67/100 brn|[from] brn
|upkeep
|turn|8
|
|t:|1779900168
|switch|p2a: Setzu|Spiritomb, M|27/100
|move|p1a: Samurott|Razor Shell|p2a: Setzu
|-damage|p2a: Setzu|0 fnt
|faint|p2a: Setzu
|
|-damage|p1a: Samurott|61/100 brn|[from] brn
|upkeep
|
|t:|1779900176
|switch|p2a: C-0|Arcanine-Hisui, M|100/100
|turn|9
|
|t:|1779900180
|move|p2a: C-0|Head Smash|p1a: Samurott
|-damage|p1a: Samurott|0 fnt
|faint|p1a: Samurott
|
|upkeep
|
|t:|1779900198
|switch|p1a: Landorus|Landorus-Therian, M|100/100
|-ability|p1a: Landorus|Intimidate|boost
|-unboost|p2a: C-0|atk|1
|turn|10
|
|t:|1779900204
|switch|p2a: C-2 Dragón|Charizard, M|43/100
|move|p1a: Landorus|Earthquake|p2a: C-2 Dragón
|-immune|p2a: C-2 Dragón
|
|-heal|p2a: C-2 Dragón|49/100|[from] item: Leftovers
|upkeep
|turn|11
|
|t:|1779900212
|move|p2a: C-2 Dragón|Will-O-Wisp|p1a: Landorus
|-status|p1a: Landorus|brn
|move|p1a: Landorus|Stealth Rock|p2a: C-2 Dragón
|-sidestart|p2: NEON AKATSUKI|move: Stealth Rock
|
|-heal|p2a: C-2 Dragón|55/100|[from] item: Leftovers
|-damage|p1a: Landorus|94/100 brn|[from] brn
|upkeep
|turn|12
|
|t:|1779900217
|move|p2a: C-2 Dragón|Fire Blast|p1a: Landorus
|-damage|p1a: Landorus|51/100 brn
|move|p1a: Landorus|Taunt|p2a: C-2 Dragón
|-start|p2a: C-2 Dragón|move: Taunt
|
|-heal|p2a: C-2 Dragón|61/100|[from] item: Leftovers
|-damage|p1a: Landorus|45/100 brn|[from] brn
|upkeep
|turn|13
|
|t:|1779900227
|switch|p1a: Thundurus|Thundurus-Therian, M|100/100
|move|p2a: C-2 Dragón|Ancient Power|p1a: Thundurus
|-supereffective|p1a: Thundurus
|-damage|p1a: Thundurus|60/100
|
|-heal|p2a: C-2 Dragón|67/100|[from] item: Leftovers
|upkeep
|turn|14
|
|t:|1779900240
|move|p1a: Thundurus|Thunderbolt|p2a: C-2 Dragón
|-supereffective|p2a: C-2 Dragón
|-damage|p2a: C-2 Dragón|0 fnt
|faint|p2a: C-2 Dragón
|
|upkeep
|
|t:|1779900247
|switch|p2a: Kakuzu|Grimmsnarl, M|100/100
|-damage|p2a: Kakuzu|88/100|[from] Stealth Rock
|-item|p1a: Thundurus|Heavy-Duty Boots|[from] ability: Frisk|[of] p2a: Kakuzu
|turn|15
|
|t:|1779900270
|switch|p1a: Scizor|Scizor, M|100/100
|move|p2a: Kakuzu|Spirit Break|p1a: Scizor
|-resisted|p1a: Scizor
|-damage|p1a: Scizor|76/100
|-unboost|p1a: Scizor|spa|1
|
|upkeep
|turn|16
|
|t:|1779900286
|switch|p2a: C-0|Arcanine-Hisui, M|100/100
|-damage|p2a: C-0|76/100|[from] Stealth Rock
|move|p1a: Scizor|Bullet Punch|p2a: C-0
|-damage|p2a: C-0|35/100
|
|upkeep
|turn|17
|
|t:|1779900292
|move|p1a: Scizor|Bullet Punch|p2a: C-0
|-damage|p2a: C-0|0 fnt
|faint|p2a: C-0
|
|upkeep
|
|t:|1779900295
|switch|p2a: Hiruko|Ursaluna, M|100/100
|-damage|p2a: Hiruko|94/100|[from] Stealth Rock
|turn|18
|
|t:|1779900299
|move|p1a: Scizor|Swords Dance|p1a: Scizor
|-boost|p1a: Scizor|atk|2
|move|p2a: Hiruko|Bulk Up|p2a: Hiruko
|-boost|p2a: Hiruko|atk|1
|-boost|p2a: Hiruko|def|1
|
|-heal|p2a: Hiruko|100/100|[from] item: Leftovers
|upkeep
|turn|19
|
|t:|1779900312
|move|p1a: Scizor|Knock Off|p2a: Hiruko
|-damage|p2a: Hiruko|64/100
|-enditem|p2a: Hiruko|Leftovers|[from] move: Knock Off|[of] p1a: Scizor
|move|p2a: Hiruko|Earthquake|p1a: Scizor
|-damage|p1a: Scizor|0 fnt
|faint|p1a: Scizor
|
|upkeep
|
|t:|1779900333
|switch|p1a: Thundurus|Thundurus-Therian, M|60/100
|turn|20
|
|t:|1779900344
|-terastallize|p2a: Hiruko|Poison
|move|p1a: Thundurus|Grass Knot|p2a: Hiruko
|-resisted|p2a: Hiruko
|-damage|p2a: Hiruko|45/100
|move|p2a: Hiruko|Avalanche|p1a: Thundurus
|-supereffective|p1a: Thundurus
|-damage|p1a: Thundurus|0 fnt
|faint|p1a: Thundurus
|
|upkeep
|inactive|mountainrock12 has 120 seconds left.
|
|t:|1779900364
|switch|p1a: Gholdengo|Gholdengo|94/100
|turn|21
|inactive|NEON AKATSUKI has 120 seconds left.
|c|☆NEON AKATSUKI|U r taking too much time for having 3 Legendary pkm
|
|t:|1779900402
|move|p1a: Gholdengo|Make It Rain|p2a: Hiruko
|-damage|p2a: Hiruko|0 fnt
|-unboost|p1a: Gholdengo|spa|1
|faint|p2a: Hiruko
|
|-heal|p1a: Gholdengo|99/100|[from] item: Leftovers
|upkeep
|
|t:|1779900407
|switch|p2a: C-4 karura|Tyranitar, M|100/100
|-damage|p2a: C-4 karura|88/100|[from] Stealth Rock
|-weather|Sandstorm|[from] ability: Sand Stream|[of] p2a: C-4 karura
|turn|22
|
|t:|1779900424
|move|p1a: Gholdengo|Make It Rain|p2a: C-4 karura
|-supereffective|p2a: C-4 karura
|-damage|p2a: C-4 karura|42/100
|-unboost|p1a: Gholdengo|spa|1
|-enditem|p2a: C-4 karura|Weakness Policy
|-boost|p2a: C-4 karura|atk|2|[from] item: Weakness Policy
|-boost|p2a: C-4 karura|spa|2|[from] item: Weakness Policy
|move|p2a: C-4 karura|Dragon Dance|p2a: C-4 karura
|-boost|p2a: C-4 karura|atk|1
|-boost|p2a: C-4 karura|spe|1
|
|-weather|Sandstorm|[upkeep]
|-heal|p1a: Gholdengo|100/100|[from] item: Leftovers
|upkeep
|turn|23
|
|t:|1779900433
|move|p2a: C-4 karura|Dragon Dance|p2a: C-4 karura
|-boost|p2a: C-4 karura|atk|1
|-boost|p2a: C-4 karura|spe|1
|move|p1a: Gholdengo|Make It Rain|p2a: C-4 karura
|-supereffective|p2a: C-4 karura
|-damage|p2a: C-4 karura|3/100
|-unboost|p1a: Gholdengo|spa|1
|
|-weather|Sandstorm|[upkeep]
|upkeep
|turn|24
|
|t:|1779900437
|move|p2a: C-4 karura|Knock Off|p1a: Gholdengo
|-supereffective|p1a: Gholdengo
|-damage|p1a: Gholdengo|0 fnt
|-enditem|p1a: Gholdengo|Leftovers|[from] move: Knock Off|[of] p2a: C-4 karura
|faint|p1a: Gholdengo
|
|-weather|Sandstorm|[upkeep]
|upkeep
|
|t:|1779900453
|switch|p1a: Landorus|Landorus-Therian, M|45/100 brn
|-ability|p1a: Landorus|Intimidate|boost
|-unboost|p2a: C-4 karura|atk|1
|turn|25
|
|t:|1779900458
|move|p2a: C-4 karura|Ice Beam|p1a: Landorus
|-supereffective|p1a: Landorus
|-damage|p1a: Landorus|0 fnt
|faint|p1a: Landorus
|
|-weather|Sandstorm|[upkeep]
|upkeep
|
|t:|1779900461
|switch|p1a: Zamazenta|Zamazenta|100/100
|turn|26
|c|☆mountainrock12|gg
|
|t:|1779900467
|move|p2a: C-4 karura|Earthquake|p1a: Zamazenta
|-damage|p1a: Zamazenta|39/100
|move|p1a: Zamazenta|Body Press|p2a: C-4 karura
|-supereffective|p2a: C-4 karura
|-damage|p2a: C-4 karura|0 fnt
|faint|p2a: C-4 karura
|
|-weather|none
|-heal|p1a: Zamazenta|46/100|[from] item: Leftovers
|upkeep
|
|t:|1779900472
|switch|p2a: Kakuzu|Grimmsnarl, M|88/100
|-damage|p2a: Kakuzu|76/100|[from] Stealth Rock
|-item|p1a: Zamazenta|Leftovers|[from] ability: Frisk|[of] p2a: Kakuzu
|turn|27
|
|t:|1779900488
|move|p1a: Zamazenta|Iron Defense|p1a: Zamazenta
|-boost|p1a: Zamazenta|def|2
|move|p2a: Kakuzu|Spirit Break|p1a: Zamazenta
|-supereffective|p1a: Zamazenta
|-damage|p1a: Zamazenta|19/100
|-unboost|p1a: Zamazenta|spa|1
|
|-heal|p1a: Zamazenta|25/100|[from] item: Leftovers
|upkeep
|turn|28
|l|☆NEON AKATSUKI
|inactive|NEON AKATSUKI disconnected and has a minute to reconnect!
|player|p2|
|c|☆mountainrock12|bruh
|inactive|NEON AKATSUKI has 30 seconds to reconnect!
|inactive|NEON AKATSUKI has 20 seconds to reconnect!
|inactive|NEON AKATSUKI has 15 seconds to reconnect!
|inactive|NEON AKATSUKI has 10 seconds to reconnect!
|inactive|NEON AKATSUKI has 5 seconds to reconnect!
|-message|NEON AKATSUKI lost due to inactivity.
|
|win|mountainrock12
|raw|mountainrock12's rating: 1121 &rarr; <strong>1147</strong><br />(+26 for winning)
|raw|NEON AKATSUKI's rating: 1133 &rarr; <strong>1107</strong><br />(-26 for losing)
|l|☆mountainrock12
|player|p1|
