|j|‽BaxleyTheBomb
|j|☆nose jeje salu2
|t:|1779881580
|gametype|singles
|player|p1|BaxleyTheBomb|janitor|1200
|player|p2|nose jeje salu2|clair|1308
|gen|9
|tier|[Gen 9] OU
|rated|
|rule|HP Percentage Mod: HP is shown in percentages
|rule|Endless Battle Clause: Forcing endless battles is banned
|rule|Species Clause: Limit one of each Pokémon
|rule|OHKO Clause: OHKO moves are banned
|rule|Evasion Items Clause: Evasion items are banned
|rule|Evasion Moves Clause: Evasion moves are banned
|rule|Evasion Abilities Clause: Evasion abilities are banned
|rule|Sleep Moves Clause: Sleep-inducing moves are banned
|clearpoke
|poke|p1|Milotic, F|
|poke|p1|Sceptile, M|
|poke|p1|Dusclops, M|
|poke|p1|Seviper, F|
|poke|p1|Deoxys-Speed|
|poke|p1|Salamence, F|
|poke|p2|Scizor, M|
|poke|p2|Raging Bolt|
|poke|p2|Iron Moth|
|poke|p2|Ting-Lu|
|poke|p2|Meowscarada, F|
|poke|p2|Fezandipiti, M|
|teampreview
|
|t:|1779881604
|teamsize|p1|6
|teamsize|p2|6
|start
|switch|p1a: Sceptile|Sceptile, M, shiny|100/100
|switch|p2a: Meowscarada|Meowscarada, F, shiny|100/100
|turn|1
|
|t:|1779881612
|-terastallize|p1a: Sceptile|Dragon
|move|p2a: Meowscarada|U-turn|p1a: Sceptile
|-start|p2a: Meowscarada|typechange|Bug|[from] ability: Protean
|-damage|p1a: Sceptile|48/100
|
|t:|1779881627
|switch|p2a: Fezandipiti|Fezandipiti, M|100/100|[from] U-turn
|move|p1a: Sceptile|Roar|p2a: Fezandipiti
|-enditem|p1a: Sceptile|Throat Spray
|-boost|p1a: Sceptile|spa|1|[from] item: Throat Spray
|drag|p2a: Scizor|Scizor, M, shiny|100/100
|
|upkeep
|turn|2
|
|t:|1779881660
|move|p2a: Scizor|Bullet Punch|p1a: Sceptile
|-damage|p1a: Sceptile|0 fnt
|faint|p1a: Sceptile
|
|upkeep
|
|t:|1779881666
|switch|p1a: Salamence|Salamence, F, shiny|100/100
|turn|3
|
|t:|1779881676
|switch|p2a: Ting-Lu|Ting-Lu|100/100
|-ability|p2a: Ting-Lu|Vessel of Ruin
|move|p1a: Salamence|Dragon Dance|p1a: Salamence
|-boost|p1a: Salamence|atk|1
|-boost|p1a: Salamence|spe|1
|
|upkeep
|turn|4
|
|t:|1779881687
|move|p1a: Salamence|Dragon Dance|p1a: Salamence
|-boost|p1a: Salamence|atk|1
|-boost|p1a: Salamence|spe|1
|move|p2a: Ting-Lu|Whirlwind|p1a: Salamence
|drag|p1a: Deoxys|Deoxys-Speed, shiny|100/100
|-ability|p1a: Deoxys|Pressure
|
|upkeep
|turn|5
|
|t:|1779881697
|move|p1a: Deoxys|Trick|p2a: Ting-Lu
|-activate|p1a: Deoxys|move: Trick|[of] p2a: Ting-Lu
|-item|p2a: Ting-Lu|Choice Band|[from] move: Trick
|-item|p1a: Deoxys|Leftovers|[from] move: Trick
|move|p2a: Ting-Lu|Earthquake|p1a: Deoxys
|-damage|p1a: Deoxys|18/100
|
|-heal|p1a: Deoxys|25/100|[from] item: Leftovers
|upkeep
|turn|6
|
|t:|1779881708
|switch|p1a: Salamence|Salamence, F, shiny|100/100
|switch|p2a: Meowscarada|Meowscarada, F, shiny|100/100
|
|upkeep
|turn|7
|
|t:|1779881716
|move|p2a: Meowscarada|Triple Axel|p1a: Salamence
|-start|p2a: Meowscarada|typechange|Ice|[from] ability: Protean
|-supereffective|p1a: Salamence
|-damage|p1a: Salamence|52/100
|-supereffective|p1a: Salamence
|-damage|p1a: Salamence|0 fnt
|faint|p1a: Salamence
|-hitcount|p1: Salamence|2
|
|upkeep
|
|t:|1779881725
|switch|p1a: Deoxys|Deoxys-Speed, shiny|25/100
|-ability|p1a: Deoxys|Pressure
|turn|8
|
|t:|1779881732
|move|p2a: Meowscarada|Triple Axel|p1a: Deoxys|[miss]
|-miss|p2a: Meowscarada|p1a: Deoxys
|move|p1a: Deoxys|Drain Punch|p2a: Meowscarada
|-supereffective|p2a: Meowscarada
|-damage|p2a: Meowscarada|39/100
|-heal|p1a: Deoxys|62/100|[from] drain|[of] p2a: Meowscarada
|
|-heal|p1a: Deoxys|69/100|[from] item: Leftovers
|upkeep
|turn|9
|
|t:|1779881745
|switch|p2a: Raging Bolt|Raging Bolt|100/100
|switch|p1a: Milotic|Milotic, F, shiny|100/100
|
|upkeep
|turn|10
|
|t:|1779881754
|move|p1a: Milotic|Ice Beam|p2a: Raging Bolt
|-supereffective|p2a: Raging Bolt
|-damage|p2a: Raging Bolt|49/100
|move|p2a: Raging Bolt|Thunderbolt|p1a: Milotic
|-supereffective|p1a: Milotic
|-damage|p1a: Milotic|18/100
|
|-heal|p1a: Milotic|24/100|[from] item: Leftovers
|-heal|p2a: Raging Bolt|55/100|[from] item: Leftovers
|upkeep
|turn|11
|
|t:|1779881764
|move|p2a: Raging Bolt|Thunderclap||[still]
|-fail|p2a: Raging Bolt
|move|p1a: Milotic|Recover|p1a: Milotic
|-heal|p1a: Milotic|74/100
|
|-heal|p1a: Milotic|80/100|[from] item: Leftovers
|-heal|p2a: Raging Bolt|61/100|[from] item: Leftovers
|upkeep
|turn|12
|
|t:|1779881775
|move|p2a: Raging Bolt|Thunderclap|p1a: Milotic
|-supereffective|p1a: Milotic
|-damage|p1a: Milotic|20/100
|move|p1a: Milotic|Ice Beam|p2a: Raging Bolt
|-supereffective|p2a: Raging Bolt
|-damage|p2a: Raging Bolt|17/100
|
|-heal|p1a: Milotic|26/100|[from] item: Leftovers
|-heal|p2a: Raging Bolt|23/100|[from] item: Leftovers
|upkeep
|turn|13
|
|t:|1779881785
|move|p1a: Milotic|Recover|p1a: Milotic
|-heal|p1a: Milotic|76/100
|move|p2a: Raging Bolt|Thunderbolt|p1a: Milotic
|-supereffective|p1a: Milotic
|-damage|p1a: Milotic|0 fnt
|faint|p1a: Milotic
|
|-heal|p2a: Raging Bolt|29/100|[from] item: Leftovers
|upkeep
|
|t:|1779881794
|switch|p1a: Seviper|Seviper, F, shiny|100/100
|turn|14
|
|t:|1779881800
|move|p2a: Raging Bolt|Dragon Pulse|p1a: Seviper
|-damage|p1a: Seviper|53/100
|move|p1a: Seviper|Trailblaze|p2a: Raging Bolt
|-resisted|p2a: Raging Bolt
|-damage|p2a: Raging Bolt|23/100
|-boost|p1a: Seviper|spe|1
|
|-heal|p2a: Raging Bolt|29/100|[from] item: Leftovers
|upkeep
|turn|15
|
|t:|1779881813
|move|p1a: Seviper|Earthquake|p2a: Raging Bolt
|-supereffective|p2a: Raging Bolt
|-damage|p2a: Raging Bolt|0 fnt
|faint|p2a: Raging Bolt
|-end|p2a: Raging Bolt|Protosynthesis|[silent]
|
|upkeep
|
|t:|1779881819
|switch|p2a: Ting-Lu|Ting-Lu|100/100
|-ability|p2a: Ting-Lu|Vessel of Ruin
|turn|16
|
|t:|1779881826
|move|p1a: Seviper|Ice Fang|p2a: Ting-Lu
|-supereffective|p2a: Ting-Lu
|-damage|p2a: Ting-Lu|85/100
|move|p2a: Ting-Lu|Earthquake|p1a: Seviper
|-supereffective|p1a: Seviper
|-damage|p1a: Seviper|0 fnt
|faint|p1a: Seviper
|
|upkeep
|
|t:|1779881835
|switch|p1a: Deoxys|Deoxys-Speed, shiny|69/100
|-ability|p1a: Deoxys|Pressure
|turn|17
|
|t:|1779881844
|move|p1a: Deoxys|Drain Punch|p2a: Ting-Lu
|-supereffective|p2a: Ting-Lu
|-damage|p2a: Ting-Lu|67/100
|-heal|p1a: Deoxys|87/100|[from] drain|[of] p2a: Ting-Lu
|move|p2a: Ting-Lu|Earthquake|p1a: Deoxys
|-damage|p1a: Deoxys|0 fnt
|faint|p1a: Deoxys
|
|upkeep
|-message|BaxleyTheBomb forfeited.
|
|win|nose jeje salu2
|raw|BaxleyTheBomb's rating: 1200 &rarr; <strong>1183</strong><br />(-17 for losing)
|raw|nose jeje salu2's rating: 1308 &rarr; <strong>1322</strong><br />(+14 for winning)
|l|‽BaxleyTheBomb
|player|p1|
|j|‽BaxleyTheBomb
|player|p1|BaxleyTheBomb|janitor|
|l|‽BaxleyTheBomb
|player|p1|
|l|☆nose jeje salu2
|player|p2|
