|j|☆marrafiku
|j|☆Pelogrulla72
|t:|1779809321
|gametype|singles
|player|p1|marrafiku|blue|1117
|player|p2|Pelogrulla72|erika|1071
|gen|9
|tier|[Gen 9] OU
|rated|
|rule|HP Percentage Mod: HP is shown in percentages
|rule|Endless Battle Clause: Forcing endless battles is banned
|rule|Species Clause: Limit one of each Pokémon
|rule|OHKO Clause: OHKO moves are banned
|rule|Evasion Items Clause: Evasion items are banned
|rule|Evasion Moves Clause: Evasion moves are banned
|rule|Evasion Abilities Clause: Evasion abilities are banned
|rule|Sleep Moves Clause: Sleep-inducing moves are banned
|clearpoke
|poke|p1|Cloyster, M|
|poke|p1|Ceruledge, F|
|poke|p1|Great Tusk|
|poke|p1|Walking Wake|
|poke|p1|Corviknight, F|
|poke|p1|Toxapex, M|
|poke|p2|Ninetales, M|
|poke|p2|Victreebel, M|
|poke|p2|Venusaur, M|
|poke|p2|Great Tusk|
|poke|p2|Raging Bolt|
|poke|p2|Cinderace, M|
|teampreview
|
|t:|1779809348
|teamsize|p1|6
|teamsize|p2|6
|start
|switch|p1a: Idu|Walking Wake|100/100
|switch|p2a: Lorenzo|Ninetales, M|100/100
|-weather|SunnyDay|[from] ability: Drought|[of] p2a: Lorenzo
|-activate|p1a: Idu|ability: Protosynthesis
|-start|p1a: Idu|protosynthesisspa
|turn|1
|
|t:|1779809368
|switch|p2a: Pau Palacín|Cinderace, M, shiny|100/100
|move|p1a: Idu|Draco Meteor|p2a: Pau Palacín
|-damage|p2a: Pau Palacín|0 fnt
|-unboost|p1a: Idu|spa|2
|faint|p2a: Pau Palacín
|
|-weather|SunnyDay|[upkeep]
|upkeep
|
|t:|1779809383
|switch|p2a: Copernico|Venusaur, M, shiny|100/100
|turn|2
|
|t:|1779809392
|-end|p1a: Idu|Protosynthesis|[silent]
|switch|p1a: Sinti|Ceruledge, F|100/100
|move|p2a: Copernico|Growth|p2a: Copernico
|-boost|p2a: Copernico|atk|2
|-boost|p2a: Copernico|spa|2
|
|-weather|SunnyDay|[upkeep]
|upkeep
|turn|3
|
|t:|1779809401
|move|p2a: Copernico|Earth Power|p1a: Sinti
|-supereffective|p1a: Sinti
|-damage|p1a: Sinti|0 fnt
|faint|p1a: Sinti
|
|-weather|SunnyDay|[upkeep]
|upkeep
|inactive|Battle timer is ON: inactive players will automatically lose when time's up. (requested by Pelogrulla72)
|
|t:|1779809415
|switch|p1a: Idu|Walking Wake|100/100
|-activate|p1a: Idu|ability: Protosynthesis
|-start|p1a: Idu|protosynthesisspa
|turn|4
|
|t:|1779809422
|move|p2a: Copernico|Sludge Bomb|p1a: Idu
|-damage|p1a: Idu|6/100
|move|p1a: Idu|Flamethrower|p2a: Copernico
|-supereffective|p2a: Copernico
|-crit|p2a: Copernico
|-damage|p2a: Copernico|0 fnt
|faint|p2a: Copernico
|
|-weather|SunnyDay|[upkeep]
|upkeep
|
|t:|1779809430
|switch|p2a: The World|Victreebel, M, shiny|100/100
|turn|5
|
|t:|1779809438
|move|p2a: The World|Sludge Bomb|p1a: Idu
|-crit|p1a: Idu
|-damage|p1a: Idu|0 fnt
|faint|p1a: Idu
|-end|p1a: Idu|Protosynthesis|[silent]
|-damage|p2a: The World|91/100|[from] item: Life Orb
|
|-weather|SunnyDay|[upkeep]
|upkeep
|
|t:|1779809445
|switch|p1a: Tripas|Corviknight, F|100/100
|-ability|p1a: Tripas|Pressure
|turn|6
|
|t:|1779809450
|move|p2a: The World|Weather Ball|p1a: Tripas
|-supereffective|p1a: Tripas
|-damage|p1a: Tripas|0 fnt
|faint|p1a: Tripas
|-damage|p2a: The World|81/100|[from] item: Life Orb
|
|-weather|SunnyDay|[upkeep]
|upkeep
|
|t:|1779809460
|switch|p1a: Rami|Cloyster, M|100/100
|turn|7
|
|t:|1779809471
|move|p2a: The World|Solar Beam||[still]
|-prepare|p2a: The World|Solar Beam
|-anim|p2a: The World|Solar Beam|p1a: Rami
|-supereffective|p1a: Rami
|-damage|p1a: Rami|0 fnt
|faint|p1a: Rami
|-damage|p2a: The World|71/100|[from] item: Life Orb
|
|-weather|SunnyDay|[upkeep]
|upkeep
|
|t:|1779809481
|switch|p1a: Robert|Great Tusk|100/100
|-activate|p1a: Robert|ability: Protosynthesis
|-start|p1a: Robert|protosynthesisdef
|turn|8
|
|t:|1779809490
|switch|p2a: Extremoduro|Great Tusk, shiny|100/100
|-activate|p2a: Extremoduro|ability: Protosynthesis
|-start|p2a: Extremoduro|protosynthesisatk
|move|p1a: Robert|Rapid Spin|p2a: Extremoduro
|-damage|p2a: Extremoduro|91/100
|-boost|p1a: Robert|spe|1
|
|-weather|none
|-end|p1a: Robert|Protosynthesis
|-end|p2a: Extremoduro|Protosynthesis
|-heal|p2a: Extremoduro|97/100|[from] item: Leftovers
|upkeep
|turn|9
|
|t:|1779809502
|-end|p2a: Extremoduro|Protosynthesis|[silent]
|switch|p2a: Lorenzo|Ninetales, M|100/100
|-weather|SunnyDay|[from] ability: Drought|[of] p2a: Lorenzo
|-activate|p1a: Robert|ability: Protosynthesis
|-start|p1a: Robert|protosynthesisdef
|move|p1a: Robert|Stealth Rock|p2a: Lorenzo
|-sidestart|p2: Pelogrulla72|move: Stealth Rock
|
|-weather|SunnyDay|[upkeep]
|upkeep
|turn|10
|
|t:|1779809512
|-end|p1a: Robert|Protosynthesis|[silent]
|switch|p1a: Lif|Toxapex, M|100/100
|move|p2a: Lorenzo|Solar Beam||[still]
|-prepare|p2a: Lorenzo|Solar Beam
|-anim|p2a: Lorenzo|Solar Beam|p1a: Lif
|-damage|p1a: Lif|76/100
|
|-weather|SunnyDay|[upkeep]
|-heal|p1a: Lif|82/100|[from] item: Black Sludge
|upkeep
|turn|11
|
|t:|1779809524
|move|p2a: Lorenzo|Scorching Sands|p1a: Lif
|-supereffective|p1a: Lif
|-damage|p1a: Lif|55/100
|move|p1a: Lif|Hydro Pump|p2a: Lorenzo
|-supereffective|p2a: Lorenzo
|-damage|p2a: Lorenzo|77/100
|
|-weather|SunnyDay|[upkeep]
|-heal|p1a: Lif|62/100|[from] item: Black Sludge
|upkeep
|turn|12
|
|t:|1779809533
|switch|p2a: By Fer|Raging Bolt|100/100
|-damage|p2a: By Fer|88/100|[from] Stealth Rock
|-activate|p2a: By Fer|ability: Protosynthesis
|-start|p2a: By Fer|protosynthesisspa
|move|p1a: Lif|Hydro Pump|p2a: By Fer
|-resisted|p2a: By Fer
|-damage|p2a: By Fer|83/100
|
|-weather|SunnyDay|[upkeep]
|-heal|p2a: By Fer|89/100|[from] item: Leftovers
|-heal|p1a: Lif|68/100|[from] item: Black Sludge
|upkeep
|turn|13
|
|t:|1779809546
|move|p2a: By Fer|Calm Mind|p2a: By Fer
|-boost|p2a: By Fer|spa|1
|-boost|p2a: By Fer|spd|1
|move|p1a: Lif|Toxic|p2a: By Fer
|-status|p2a: By Fer|tox
|
|-weather|SunnyDay|[upkeep]
|-heal|p2a: By Fer|95/100 tox|[from] item: Leftovers
|-heal|p1a: Lif|74/100|[from] item: Black Sludge
|-damage|p2a: By Fer|89/100 tox|[from] psn
|upkeep
|turn|14
|
|t:|1779809558
|move|p2a: By Fer|Dragon Pulse|p1a: Lif
|-damage|p1a: Lif|1/100
|move|p1a: Lif|Haze|p1a: Lif
|-clearallboost
|
|-weather|SunnyDay|[upkeep]
|-heal|p2a: By Fer|95/100 tox|[from] item: Leftovers
|-heal|p1a: Lif|7/100|[from] item: Black Sludge
|-damage|p2a: By Fer|83/100 tox|[from] psn
|upkeep
|turn|15
|
|t:|1779809570
|switch|p1a: Robert|Great Tusk|100/100
|-activate|p1a: Robert|ability: Protosynthesis
|-start|p1a: Robert|protosynthesisdef
|move|p2a: By Fer|Calm Mind|p2a: By Fer
|-boost|p2a: By Fer|spa|1
|-boost|p2a: By Fer|spd|1
|
|-weather|SunnyDay|[upkeep]
|-heal|p2a: By Fer|89/100 tox|[from] item: Leftovers
|-damage|p2a: By Fer|71/100 tox|[from] psn
|upkeep
|turn|16
|
|t:|1779809586
|move|p1a: Robert|Stone Edge|p2a: By Fer
|-damage|p2a: By Fer|48/100 tox
|move|p2a: By Fer|Dragon Pulse|p1a: Robert
|-damage|p1a: Robert|0 fnt
|faint|p1a: Robert
|-end|p1a: Robert|Protosynthesis|[silent]
|
|-weather|none
|-end|p2a: By Fer|Protosynthesis
|-heal|p2a: By Fer|55/100 tox|[from] item: Leftovers
|-damage|p2a: By Fer|30/100 tox|[from] psn
|upkeep
|
|t:|1779809597
|switch|p1a: Lif|Toxapex, M|40/100
|turn|17
|
|t:|1779809625
|move|p2a: By Fer|Thunderbolt|p1a: Lif
|-supereffective|p1a: Lif
|-damage|p1a: Lif|0 fnt
|faint|p1a: Lif
|
|win|Pelogrulla72
|raw|marrafiku's rating: 1117 &rarr; <strong>1089</strong><br />(-28 for losing)
|raw|Pelogrulla72's rating: 1071 &rarr; <strong>1104</strong><br />(+33 for winning)
|l|☆marrafiku
|player|p1|
|l|☆Pelogrulla72
|player|p2|
