|j|☆plixim
|j|☆XDSABERY
|t:|1779903685
|gametype|singles
|player|p1|plixim|2|1310
|player|p2|XDSABERY|265|1325
|gen|9
|tier|[Gen 9] OU
|rated|
|rule|HP Percentage Mod: HP is shown in percentages
|rule|Endless Battle Clause: Forcing endless battles is banned
|rule|Species Clause: Limit one of each Pokémon
|rule|OHKO Clause: OHKO moves are banned
|rule|Evasion Items Clause: Evasion items are banned
|rule|Evasion Moves Clause: Evasion moves are banned
|rule|Evasion Abilities Clause: Evasion abilities are banned
|rule|Sleep Moves Clause: Sleep-inducing moves are banned
|clearpoke
|poke|p1|Ninetales, F|
|poke|p1|Ceruledge, M|
|poke|p1|Leavanny, M|
|poke|p1|Hatterene, F|
|poke|p1|Walking Wake|
|poke|p1|Great Tusk|
|poke|p2|Iron Crown|
|poke|p2|Deoxys-Speed|
|poke|p2|Zamazenta-*|
|poke|p2|Kyurem|
|poke|p2|Landorus-Therian, M|
|poke|p2|Iron Valiant|
|teampreview
|inactive|Battle timer is ON: inactive players will automatically lose when time's up. (requested by XDSABERY)
|
|t:|1779903702
|teamsize|p1|6
|teamsize|p2|6
|start
|switch|p1a: Hatterene|Hatterene, F|100/100
|switch|p2a: Deoxys|Deoxys-Speed|100/100
|-ability|p2a: Deoxys|Pressure
|turn|1
|
|t:|1779903708
|move|p2a: Deoxys|Knock Off|p1a: Hatterene
|-damage|p1a: Hatterene|80/100
|-enditem|p1a: Hatterene|Eject Button|[from] move: Knock Off|[of] p2a: Deoxys
|move|p1a: Hatterene|Nuzzle|p2a: Deoxys
|-damage|p2a: Deoxys|94/100
|-status|p2a: Deoxys|par
|
|upkeep
|turn|2
|
|t:|1779903717
|move|p2a: Deoxys|Psychic Terrain|p2a: Deoxys
|-fieldstart|move: Psychic Terrain
|move|p1a: Hatterene|Future Sight|p2a: Deoxys
|-start|p1a: Hatterene|move: Future Sight
|
|upkeep
|turn|3
|
|t:|1779903728
|switch|p2a: Iron Crown|Iron Crown|100/100
|-enditem|p2a: Iron Crown|Booster Energy
|-activate|p2a: Iron Crown|ability: Quark Drive|[fromitem]
|-start|p2a: Iron Crown|quarkdrivespe
|move|p1a: Hatterene|Nuzzle|p2a: Iron Crown
|-damage|p2a: Iron Crown|97/100
|-status|p2a: Iron Crown|par
|
|upkeep
|turn|4
|
|t:|1779903744
|switch|p1a: Ninetales|Ninetales, F|100/100
|-weather|SunnyDay|[from] ability: Drought|[of] p1a: Ninetales
|move|p2a: Iron Crown|Expanding Force|p1a: Ninetales
|-damage|p1a: Ninetales|32/100
|
|-weather|SunnyDay|[upkeep]
|-end|p2a: Iron Crown|move: Future Sight
|-resisted|p2a: Iron Crown
|-damage|p2a: Iron Crown|80/100 par
|upkeep
|turn|5
|
|t:|1779903759
|switch|p1a: Hatterene|Hatterene, F|80/100
|move|p2a: Iron Crown|Expanding Force|p1a: Hatterene
|-resisted|p1a: Hatterene
|-damage|p1a: Hatterene|39/100
|
|-weather|SunnyDay|[upkeep]
|upkeep
|turn|6
|
|t:|1779903766
|move|p2a: Iron Crown|Expanding Force|p1a: Hatterene
|-resisted|p1a: Hatterene
|-crit|p1a: Hatterene
|-damage|p1a: Hatterene|0 fnt
|faint|p1a: Hatterene
|
|-weather|SunnyDay|[upkeep]
|upkeep
|
|t:|1779903769
|switch|p1a: Ceruledge|Ceruledge, M|100/100
|turn|7
|
|t:|1779903772
|move|p1a: Ceruledge|Swords Dance|p1a: Ceruledge
|-boost|p1a: Ceruledge|atk|2
|cant|p2a: Iron Crown|par
|
|-weather|SunnyDay|[upkeep]
|upkeep
|turn|8
|
|t:|1779903787
|move|p1a: Ceruledge|Swords Dance|p1a: Ceruledge
|-boost|p1a: Ceruledge|atk|2
|move|p2a: Iron Crown|Expanding Force|p1a: Ceruledge
|-damage|p1a: Ceruledge|22/100
|
|-weather|SunnyDay|[upkeep]
|upkeep
|turn|9
|
|t:|1779903792
|move|p1a: Ceruledge|Bitter Blade|p2a: Iron Crown
|-supereffective|p2a: Iron Crown
|-damage|p2a: Iron Crown|0 fnt
|-heal|p1a: Ceruledge|69/100|[from] drain|[of] p2a: Iron Crown
|faint|p2a: Iron Crown
|-end|p2a: Iron Crown|Quark Drive|[silent]
|
|-weather|SunnyDay|[upkeep]
|-fieldend|move: Psychic Terrain
|upkeep
|
|t:|1779903809
|switch|p2a: Zamazenta|Zamazenta|100/100
|-ability|p2a: Zamazenta|Dauntless Shield|boost
|-boost|p2a: Zamazenta|def|1
|turn|10
|
|t:|1779903811
|-terastallize|p1a: Ceruledge|Bug
|move|p2a: Zamazenta|Iron Defense|p2a: Zamazenta
|-boost|p2a: Zamazenta|def|2
|move|p1a: Ceruledge|Bitter Blade|p2a: Zamazenta
|-damage|p2a: Zamazenta|34/100
|-heal|p1a: Ceruledge|100/100|[from] drain|[of] p2a: Zamazenta
|
|-weather|SunnyDay|[upkeep]
|-heal|p2a: Zamazenta|40/100|[from] item: Leftovers
|upkeep
|turn|11
|
|t:|1779903825
|move|p2a: Zamazenta|Iron Defense|p2a: Zamazenta
|-boost|p2a: Zamazenta|def|2
|move|p1a: Ceruledge|Swords Dance|p1a: Ceruledge
|-boost|p1a: Ceruledge|atk|2
|
|-weather|none
|-heal|p2a: Zamazenta|46/100|[from] item: Leftovers
|upkeep
|turn|12
|
|t:|1779903831
|move|p2a: Zamazenta|Body Press|p1a: Ceruledge
|-resisted|p1a: Ceruledge
|-damage|p1a: Ceruledge|6/100
|-ability|p1a: Ceruledge|Weak Armor|boost
|-unboost|p1a: Ceruledge|def|1
|-boost|p1a: Ceruledge|spe|2
|move|p1a: Ceruledge|Bitter Blade|p2a: Zamazenta
|-damage|p2a: Zamazenta|2/100
|-heal|p1a: Ceruledge|32/100|[from] drain|[of] p2a: Zamazenta
|
|-heal|p2a: Zamazenta|8/100|[from] item: Leftovers
|upkeep
|turn|13
|
|t:|1779903842
|switch|p2a: Landorus|Landorus-Therian, M|100/100
|-ability|p2a: Landorus|Intimidate|boost
|-unboost|p1a: Ceruledge|atk|1
|move|p1a: Ceruledge|Shadow Sneak|p2a: Landorus
|-damage|p2a: Landorus|24/100
|-damage|p1a: Ceruledge|16/100|[from] item: Rocky Helmet|[of] p2a: Landorus
|
|upkeep
|turn|14
|
|t:|1779903846
|move|p1a: Ceruledge|Shadow Sneak|p2a: Landorus
|-damage|p2a: Landorus|0 fnt
|-damage|p1a: Ceruledge|0 fnt|[from] item: Rocky Helmet|[of] p2a: Landorus
|faint|p2a: Landorus
|faint|p1a: Ceruledge
|
|upkeep
|
|t:|1779903854
|switch|p2a: Deoxys|Deoxys-Speed|94/100 par
|switch|p1a: Ninetales|Ninetales, F|32/100
|-weather|SunnyDay|[from] ability: Drought|[of] p1a: Ninetales
|-ability|p2a: Deoxys|Pressure
|turn|15
|
|t:|1779903857
|move|p1a: Ninetales|Weather Ball|p2a: Deoxys
|-damage|p2a: Deoxys|26/100 par
|move|p2a: Deoxys|Psychic Terrain|p2a: Deoxys
|-fieldstart|move: Psychic Terrain
|
|-weather|SunnyDay|[upkeep]
|upkeep
|turn|16
|
|t:|1779903867
|move|p1a: Ninetales|Weather Ball|p2a: Deoxys
|-damage|p2a: Deoxys|0 fnt
|faint|p2a: Deoxys
|
|-weather|SunnyDay|[upkeep]
|upkeep
|
|t:|1779903877
|switch|p2a: Iron Valiant|Iron Valiant|100/100
|-enditem|p2a: Iron Valiant|Booster Energy
|-activate|p2a: Iron Valiant|ability: Quark Drive|[fromitem]
|-start|p2a: Iron Valiant|quarkdrivespe
|turn|17
|
|t:|1779903883
|move|p2a: Iron Valiant|Calm Mind|p2a: Iron Valiant
|-boost|p2a: Iron Valiant|spa|1
|-boost|p2a: Iron Valiant|spd|1
|move|p1a: Ninetales|Healing Wish|p1a: Ninetales
|faint|p1a: Ninetales
|
|-weather|SunnyDay|[upkeep]
|upkeep
|
|t:|1779903890
|switch|p1a: Leavanny|Leavanny, M|100/100
|turn|18
|
|t:|1779903897
|-terastallize|p2a: Iron Valiant|Psychic
|move|p1a: Leavanny|Triple Axel|p2a: Iron Valiant
|-damage|p2a: Iron Valiant|91/100
|-damage|p2a: Iron Valiant|75/100
|-damage|p2a: Iron Valiant|49/100
|-hitcount|p2a: Iron Valiant|3
|move|p2a: Iron Valiant|Expanding Force|p1a: Leavanny
|-damage|p1a: Leavanny|0 fnt
|faint|p1a: Leavanny
|
|-weather|SunnyDay|[upkeep]
|upkeep
|
|t:|1779903908
|switch|p1a: Walking Wake|Walking Wake|100/100
|-activate|p1a: Walking Wake|ability: Protosynthesis
|-start|p1a: Walking Wake|protosynthesisspa
|turn|19
|
|t:|1779903912
|move|p2a: Iron Valiant|Expanding Force|p1a: Walking Wake
|-damage|p1a: Walking Wake|0 fnt
|faint|p1a: Walking Wake
|-end|p1a: Walking Wake|Protosynthesis|[silent]
|
|-weather|SunnyDay|[upkeep]
|upkeep
|
|t:|1779903914
|switch|p1a: Great Tusk|Great Tusk|100/100
|-activate|p1a: Great Tusk|ability: Protosynthesis
|-start|p1a: Great Tusk|protosynthesisatk
|turn|20
|
|t:|1779903918
|move|p2a: Iron Valiant|Expanding Force|p1a: Great Tusk
|-supereffective|p1a: Great Tusk
|-damage|p1a: Great Tusk|0 fnt
|faint|p1a: Great Tusk
|-end|p1a: Great Tusk|Protosynthesis|[silent]
|
|win|XDSABERY
|raw|plixim's rating: 1310 &rarr; <strong>1291</strong><br />(-19 for losing)
|raw|XDSABERY's rating: 1325 &rarr; <strong>1344</strong><br />(+19 for winning)
|l|☆plixim
|player|p1|
|l|☆XDSABERY
|player|p2|
