|j|☆Penguinxdd
|j|☆moo236
|t:|1779943297
|gametype|singles
|player|p1|Penguinxdd|veteran|1353
|player|p2|moo236|lyra|1412
|gen|9
|tier|[Gen 9] OU
|rated|
|rule|HP Percentage Mod: HP is shown in percentages
|rule|Endless Battle Clause: Forcing endless battles is banned
|rule|Species Clause: Limit one of each Pokémon
|rule|OHKO Clause: OHKO moves are banned
|rule|Evasion Items Clause: Evasion items are banned
|rule|Evasion Moves Clause: Evasion moves are banned
|rule|Evasion Abilities Clause: Evasion abilities are banned
|rule|Sleep Moves Clause: Sleep-inducing moves are banned
|clearpoke
|poke|p1|Hatterene, F|
|poke|p1|Iron Treads|
|poke|p1|Volcanion|
|poke|p1|Gholdengo|
|poke|p1|Darkrai|
|poke|p1|Garchomp, F|
|poke|p2|Dragonite, F|
|poke|p2|Great Tusk|
|poke|p2|Deoxys-Speed|
|poke|p2|Gholdengo|
|poke|p2|Zamazenta-*|
|poke|p2|Iron Valiant|
|teampreview
|inactive|Battle timer is ON: inactive players will automatically lose when time's up. (requested by Penguinxdd)
|
|t:|1779943313
|teamsize|p1|6
|teamsize|p2|6
|start
|switch|p1a: Darkrai|Darkrai|100/100
|switch|p2a: Zamazenta|Zamazenta|100/100
|-ability|p2a: Zamazenta|Dauntless Shield|boost
|-boost|p2a: Zamazenta|def|1
|turn|1
|
|t:|1779943320
|switch|p1a: Magic Bounson|Hatterene, F|100/100
|move|p2a: Zamazenta|Heavy Slam|p1a: Magic Bounson
|-supereffective|p1a: Magic Bounson
|-damage|p1a: Magic Bounson|8/100
|-damage|p2a: Zamazenta|84/100|[from] item: Rocky Helmet|[of] p1a: Magic Bounson
|-damage|p2a: Zamazenta|74/100|[from] item: Life Orb
|
|upkeep
|turn|2
|
|t:|1779943330
|move|p2a: Zamazenta|Crunch|p1a: Magic Bounson
|-damage|p1a: Magic Bounson|0 fnt
|-damage|p2a: Zamazenta|57/100|[from] item: Rocky Helmet|[of] p1a: Magic Bounson
|faint|p1a: Magic Bounson
|-damage|p2a: Zamazenta|48/100|[from] item: Life Orb
|
|upkeep
|
|t:|1779943333
|switch|p1a: Lebron Rains|Gholdengo|100/100
|turn|3
|
|t:|1779943343
|move|p1a: Lebron Rains|Make It Rain|p2a: Zamazenta
|-damage|p2a: Zamazenta|0 fnt
|-unboost|p1a: Lebron Rains|spa|1
|faint|p2a: Zamazenta
|
|upkeep
|
|t:|1779943350
|switch|p2a: Gholdengo|Gholdengo|100/100
|turn|4
|
|t:|1779943356
|switch|p1a: Darkrai|Darkrai|100/100
|move|p2a: Gholdengo|Shadow Ball|p1a: Darkrai
|-resisted|p1a: Darkrai
|-damage|p1a: Darkrai|73/100
|
|upkeep
|turn|5
|
|t:|1779943378
|-terastallize|p2a: Gholdengo|Fairy
|move|p1a: Darkrai|Ice Beam|p2a: Gholdengo
|-damage|p2a: Gholdengo|69/100
|-status|p2a: Gholdengo|frz
|cant|p2a: Gholdengo|frz
|
|upkeep
|turn|6
|
|t:|1779943386
|switch|p1a: Lebron Rains|Gholdengo|100/100
|cant|p2a: Gholdengo|frz
|
|upkeep
|turn|7
|
|t:|1779943406
|move|p1a: Lebron Rains|Make It Rain|p2a: Gholdengo
|-supereffective|p2a: Gholdengo
|-damage|p2a: Gholdengo|0 fnt
|-unboost|p1a: Lebron Rains|spa|1
|faint|p2a: Gholdengo
|
|upkeep
|
|t:|1779943412
|switch|p2a: Dragonite|Dragonite, F|100/100
|turn|8
|
|t:|1779943415
|switch|p1a: Garchomp|Garchomp, F|100/100
|move|p2a: Dragonite|Fire Punch|p1a: Garchomp
|-resisted|p1a: Garchomp
|-damage|p1a: Garchomp|81/100
|-damage|p2a: Dragonite|88/100|[from] ability: Rough Skin|[of] p1a: Garchomp
|-damage|p2a: Dragonite|78/100|[from] item: Life Orb
|
|upkeep
|turn|9
|
|t:|1779943427
|switch|p2a: Great Tusk|Great Tusk|100/100
|-enditem|p2a: Great Tusk|Booster Energy
|-activate|p2a: Great Tusk|ability: Protosynthesis|[fromitem]
|-start|p2a: Great Tusk|protosynthesisspe
|-terastallize|p1a: Garchomp|Fire
|move|p1a: Garchomp|Scale Shot|p2a: Great Tusk
|-damage|p2a: Great Tusk|92/100
|-damage|p2a: Great Tusk|85/100
|-damage|p2a: Great Tusk|76/100
|-damage|p2a: Great Tusk|68/100
|-hitcount|p2a: Great Tusk|4
|-unboost|p1a: Garchomp|def|1
|-boost|p1a: Garchomp|spe|1
|
|upkeep
|turn|10
|
|t:|1779943441
|switch|p1a: Lebron Rains|Gholdengo|100/100
|move|p2a: Great Tusk|Headlong Rush|p1a: Lebron Rains
|-supereffective|p1a: Lebron Rains
|-damage|p1a: Lebron Rains|0 fnt
|-unboost|p2a: Great Tusk|def|1
|-unboost|p2a: Great Tusk|spd|1
|faint|p1a: Lebron Rains
|
|upkeep
|
|t:|1779943443
|switch|p1a: Darkrai|Darkrai|73/100
|turn|11
|
|t:|1779943455
|-end|p2a: Great Tusk|Protosynthesis|[silent]
|switch|p2a: Deoxys|Deoxys-Speed|100/100
|-ability|p2a: Deoxys|Pressure
|move|p1a: Darkrai|Ice Beam|p2a: Deoxys
|-damage|p2a: Deoxys|60/100
|
|upkeep
|turn|12
|
|t:|1779943464
|switch|p1a: Garchomp|Garchomp, F, tera:Fire|81/100
|move|p2a: Deoxys|Stealth Rock|p1a: Garchomp
|-sidestart|p1: Penguinxdd|move: Stealth Rock
|
|upkeep
|turn|13
|
|t:|1779943472
|move|p2a: Deoxys|Spikes|p1a: Garchomp
|-sidestart|p1: Penguinxdd|Spikes
|move|p1a: Garchomp|Earthquake|p2a: Deoxys
|-damage|p2a: Deoxys|0 fnt
|faint|p2a: Deoxys
|
|upkeep
|
|t:|1779943477
|switch|p2a: Great Tusk|Great Tusk|68/100
|turn|14
|
|t:|1779943481
|move|p1a: Garchomp|Scale Shot|p2a: Great Tusk
|-damage|p2a: Great Tusk|59/100
|-damage|p2a: Great Tusk|50/100
|-damage|p2a: Great Tusk|41/100
|-damage|p2a: Great Tusk|33/100
|-damage|p2a: Great Tusk|25/100
|-hitcount|p2a: Great Tusk|5
|-unboost|p1a: Garchomp|def|1
|-boost|p1a: Garchomp|spe|1
|move|p2a: Great Tusk|Headlong Rush|p1a: Garchomp
|-supereffective|p1a: Garchomp
|-damage|p1a: Garchomp|0 fnt
|-unboost|p2a: Great Tusk|def|1
|-unboost|p2a: Great Tusk|spd|1
|-damage|p2a: Great Tusk|13/100|[from] ability: Rough Skin|[of] p1a: Garchomp
|faint|p1a: Garchomp
|
|upkeep
|
|t:|1779943485
|switch|p1a: Iron Treads|Iron Treads|100/100
|-damage|p1a: Iron Treads|97/100|[from] Stealth Rock
|-item|p1a: Iron Treads|Air Balloon
|turn|15
|
|t:|1779943503
|move|p1a: Iron Treads|Rapid Spin|p2a: Great Tusk
|-damage|p2a: Great Tusk|0 fnt
|-boost|p1a: Iron Treads|spe|1
|-sideend|p1: Penguinxdd|Spikes|[from] move: Rapid Spin|[of] p1a: Iron Treads
|-sideend|p1: Penguinxdd|Stealth Rock|[from] move: Rapid Spin|[of] p1a: Iron Treads
|faint|p2a: Great Tusk
|-end|p2a: Great Tusk|Protosynthesis|[silent]
|
|upkeep
|
|t:|1779943508
|switch|p2a: Iron Valiant|Iron Valiant|100/100
|-enditem|p2a: Iron Valiant|Booster Energy
|-activate|p2a: Iron Valiant|ability: Quark Drive|[fromitem]
|-start|p2a: Iron Valiant|quarkdrivespe
|turn|16
|
|t:|1779943513
|-end|p1a: Iron Treads|Quark Drive|[silent]
|switch|p1a: Volcanion|Volcanion|100/100
|move|p2a: Iron Valiant|Knock Off|p1a: Volcanion
|-damage|p1a: Volcanion|75/100
|-enditem|p1a: Volcanion|Choice Specs|[from] move: Knock Off|[of] p2a: Iron Valiant
|
|upkeep
|turn|17
|
|t:|1779943520
|move|p2a: Iron Valiant|Destiny Bond|p2a: Iron Valiant
|-singlemove|p2a: Iron Valiant|Destiny Bond
|move|p1a: Volcanion|Sludge Bomb|p2a: Iron Valiant
|-supereffective|p2a: Iron Valiant
|-damage|p2a: Iron Valiant|0 fnt
|faint|p2a: Iron Valiant
|-activate|p2a: Iron Valiant|move: Destiny Bond
|-end|p2a: Iron Valiant|Quark Drive|[silent]
|faint|p1a: Volcanion
|
|upkeep
|
|t:|1779943527
|switch|p2a: Dragonite|Dragonite, F|78/100
|switch|p1a: Darkrai|Darkrai|73/100
|turn|18
|
|t:|1779943533
|move|p2a: Dragonite|Extreme Speed|p1a: Darkrai
|-damage|p1a: Darkrai|19/100
|-damage|p2a: Dragonite|68/100|[from] item: Life Orb
|move|p1a: Darkrai|Ice Beam|p2a: Dragonite
|-supereffective|p2a: Dragonite
|-damage|p2a: Dragonite|0 fnt
|faint|p2a: Dragonite
|
|win|Penguinxdd
|raw|Penguinxdd's rating: 1369 &rarr; <strong>1391</strong><br />(+22 for winning)
|raw|moo236's rating: 1412 &rarr; <strong>1390</strong><br />(-22 for losing)
|l|☆moo236
|player|p2|
|l|☆Penguinxdd
|player|p1|
