|j|☆metropolis2112
|j|☆CatsinND
|t:|1779821109
|gametype|singles
|player|p1|metropolis2112|giovanni|1258
|player|p2|CatsinND|scientistf|1229
|gen|9
|tier|[Gen 9] OU
|rated|
|rule|HP Percentage Mod: HP is shown in percentages
|rule|Endless Battle Clause: Forcing endless battles is banned
|rule|Species Clause: Limit one of each Pokémon
|rule|OHKO Clause: OHKO moves are banned
|rule|Evasion Items Clause: Evasion items are banned
|rule|Evasion Moves Clause: Evasion moves are banned
|rule|Evasion Abilities Clause: Evasion abilities are banned
|rule|Sleep Moves Clause: Sleep-inducing moves are banned
|clearpoke
|poke|p1|Raging Bolt|
|poke|p1|Gliscor, M|
|poke|p1|Gholdengo|
|poke|p1|Kingambit, M|
|poke|p1|Zamazenta-*|
|poke|p1|Dragonite, M|
|poke|p2|Ribombee, M|
|poke|p2|Lokix, F|
|poke|p2|Great Tusk|
|poke|p2|Raging Bolt|
|poke|p2|Gholdengo|
|poke|p2|Iron Moth|
|teampreview
|inactive|Battle timer is ON: inactive players will automatically lose when time's up. (requested by metropolis2112)
|
|t:|1779821127
|teamsize|p1|6
|teamsize|p2|6
|start
|switch|p1a: EL PATRÓN|Dragonite, M|100/100
|switch|p2a: Ribombee|Ribombee, M, shiny|100/100
|turn|1
|
|t:|1779821138
|move|p2a: Ribombee|Stun Spore|p1a: EL PATRÓN|[miss]
|-miss|p2a: Ribombee|p1a: EL PATRÓN
|move|p1a: EL PATRÓN|Ice Punch|p2a: Ribombee
|-damage|p2a: Ribombee|43/100
|
|upkeep
|turn|2
|
|t:|1779821149
|-terastallize|p1a: EL PATRÓN|Normal
|move|p1a: EL PATRÓN|Extreme Speed|p2a: Ribombee
|-damage|p2a: Ribombee|0 fnt
|faint|p2a: Ribombee
|
|upkeep
|
|t:|1779821176
|switch|p2a: Great Tusk|Great Tusk, shiny|100/100
|-enditem|p2a: Great Tusk|Booster Energy
|-activate|p2a: Great Tusk|ability: Protosynthesis|[fromitem]
|-start|p2a: Great Tusk|protosynthesisatk
|turn|3
|inactive|CatsinND has 120 seconds left.
|
|t:|1779821196
|-end|p2a: Great Tusk|Protosynthesis|[silent]
|switch|p2a: Gholdengo|Gholdengo, shiny|100/100
|-item|p2a: Gholdengo|Air Balloon
|switch|p1a: EL GAMBAS|Gholdengo|100/100
|
|upkeep
|turn|4
|
|t:|1779821205
|move|p1a: EL GAMBAS|Shadow Ball|p2a: Gholdengo
|-supereffective|p2a: Gholdengo
|-damage|p2a: Gholdengo|1/100
|-enditem|p2a: Gholdengo|Air Balloon
|move|p2a: Gholdengo|Shadow Ball|p1a: EL GAMBAS
|-supereffective|p1a: EL GAMBAS
|-damage|p1a: EL GAMBAS|0 fnt
|faint|p1a: EL GAMBAS
|
|upkeep
|
|t:|1779821220
|switch|p1a: EL BLINDADO|Zamazenta|100/100
|-ability|p1a: EL BLINDADO|Dauntless Shield|boost
|-boost|p1a: EL BLINDADO|def|1
|turn|5
|
|t:|1779821227
|move|p1a: EL BLINDADO|Crunch|p2a: Gholdengo
|-supereffective|p2a: Gholdengo
|-damage|p2a: Gholdengo|0 fnt
|faint|p2a: Gholdengo
|
|upkeep
|
|t:|1779821233
|switch|p2a: Raging Bolt|Raging Bolt|100/100
|-enditem|p2a: Raging Bolt|Booster Energy
|-activate|p2a: Raging Bolt|ability: Protosynthesis|[fromitem]
|-start|p2a: Raging Bolt|protosynthesisspa
|turn|6
|
|t:|1779821241
|move|p1a: EL BLINDADO|Iron Defense|p1a: EL BLINDADO
|-boost|p1a: EL BLINDADO|def|2
|move|p2a: Raging Bolt|Calm Mind|p2a: Raging Bolt
|-boost|p2a: Raging Bolt|spa|1
|-boost|p2a: Raging Bolt|spd|1
|
|upkeep
|turn|7
|
|t:|1779821249
|-terastallize|p2a: Raging Bolt|Ghost
|move|p1a: EL BLINDADO|Body Press|p2a: Raging Bolt
|-immune|p2a: Raging Bolt
|move|p2a: Raging Bolt|Thunderbolt|p1a: EL BLINDADO
|-damage|p1a: EL BLINDADO|22/100
|
|-heal|p1a: EL BLINDADO|28/100|[from] item: Leftovers
|upkeep
|turn|8
|
|t:|1779821259
|move|p2a: Raging Bolt|Thunderclap|p1a: EL BLINDADO
|-damage|p1a: EL BLINDADO|0 fnt
|faint|p1a: EL BLINDADO
|
|upkeep
|
|t:|1779821267
|switch|p1a: EL GARCHEADOR|Kingambit, M|100/100
|-activate|p1a: EL GARCHEADOR|ability: Supreme Overlord
|-start|p1a: EL GARCHEADOR|fallen2|[silent]
|turn|9
|
|t:|1779821274
|-end|p2a: Raging Bolt|Protosynthesis|[silent]
|switch|p2a: Great Tusk|Great Tusk, shiny|100/100
|move|p1a: EL GARCHEADOR|Kowtow Cleave|p2a: Great Tusk
|-resisted|p2a: Great Tusk
|-damage|p2a: Great Tusk|80/100
|
|upkeep
|turn|10
|
|t:|1779821282
|-end|p2a: Great Tusk|Protosynthesis|[silent]
|switch|p2a: Lokix|Lokix, F, shiny|100/100
|-end|p1a: EL GARCHEADOR|fallen2|[silent]
|switch|p1a: EL TROLAZO|Gliscor, M|100/100
|
|-status|p1a: EL TROLAZO|tox|[from] item: Toxic Orb
|upkeep
|turn|11
|
|t:|1779821290
|move|p2a: Lokix|Swords Dance|p2a: Lokix
|-boost|p2a: Lokix|atk|2
|move|p1a: EL TROLAZO|Toxic|p2a: Lokix|[miss]
|-miss|p1a: EL TROLAZO|p2a: Lokix
|
|upkeep
|turn|12
|
|t:|1779821298
|move|p2a: Lokix|Leech Life|p1a: EL TROLAZO
|-resisted|p1a: EL TROLAZO
|-damage|p1a: EL TROLAZO|14/100 tox
|-damage|p2a: Lokix|91/100|[from] item: Life Orb
|move|p1a: EL TROLAZO|Toxic|p2a: Lokix
|-status|p2a: Lokix|tox
|
|-damage|p2a: Lokix|85/100 tox|[from] psn
|-heal|p1a: EL TROLAZO|27/100 tox|[from] ability: Poison Heal
|upkeep
|turn|13
|
|t:|1779821314
|move|p2a: Lokix|Leech Life|p1a: EL TROLAZO
|-resisted|p1a: EL TROLAZO
|-damage|p1a: EL TROLAZO|0 fnt
|-heal|p2a: Lokix|100/100 tox|[from] drain|[of] p1a: EL TROLAZO
|faint|p1a: EL TROLAZO
|-damage|p2a: Lokix|91/100 tox|[from] item: Life Orb
|
|-damage|p2a: Lokix|79/100 tox|[from] psn
|upkeep
|
|t:|1779821324
|switch|p1a: EL PATRÓN|Dragonite, M, tera:Normal|100/100
|turn|14
|
|t:|1779821329
|move|p1a: EL PATRÓN|Extreme Speed|p2a: Lokix
|-damage|p2a: Lokix|9/100 tox
|move|p2a: Lokix|Leech Life|p1a: EL PATRÓN
|-damage|p1a: EL PATRÓN|53/100
|-heal|p2a: Lokix|39/100 tox|[from] drain|[of] p1a: EL PATRÓN
|-damage|p2a: Lokix|29/100 tox|[from] item: Life Orb
|
|-damage|p2a: Lokix|11/100 tox|[from] psn
|upkeep
|turn|15
|
|t:|1779821343
|move|p1a: EL PATRÓN|Extreme Speed|p2a: Lokix
|-damage|p2a: Lokix|0 fnt
|faint|p2a: Lokix
|
|upkeep
|
|t:|1779821348
|switch|p2a: Great Tusk|Great Tusk, shiny|80/100
|turn|16
|
|t:|1779821358
|move|p1a: EL PATRÓN|Extreme Speed|p2a: Great Tusk
|-damage|p2a: Great Tusk|45/100
|move|p2a: Great Tusk|Close Combat|p1a: EL PATRÓN
|-supereffective|p1a: EL PATRÓN
|-damage|p1a: EL PATRÓN|0 fnt
|-unboost|p2a: Great Tusk|def|1
|-unboost|p2a: Great Tusk|spd|1
|faint|p1a: EL PATRÓN
|
|upkeep
|
|t:|1779821368
|switch|p1a: EL CHISPEZA|Raging Bolt|100/100
|turn|17
|
|t:|1779821376
|move|p2a: Great Tusk|Headlong Rush|p1a: EL CHISPEZA
|-supereffective|p1a: EL CHISPEZA
|-damage|p1a: EL CHISPEZA|0 fnt
|-unboost|p2a: Great Tusk|def|1
|-unboost|p2a: Great Tusk|spd|1
|faint|p1a: EL CHISPEZA
|-end|p1a: EL CHISPEZA|Protosynthesis|[silent]
|
|upkeep
|
|t:|1779821383
|switch|p1a: EL GARCHEADOR|Kingambit, M|100/100
|-activate|p1a: EL GARCHEADOR|ability: Supreme Overlord
|-start|p1a: EL GARCHEADOR|fallen5|[silent]
|turn|18
|
|t:|1779821388
|-end|p2a: Great Tusk|Protosynthesis|[silent]
|switch|p2a: Iron Moth|Iron Moth, shiny|100/100
|-enditem|p2a: Iron Moth|Booster Energy
|-activate|p2a: Iron Moth|ability: Quark Drive|[fromitem]
|-start|p2a: Iron Moth|quarkdrivespa
|move|p1a: EL GARCHEADOR|Sucker Punch||[still]
|-fail|p1a: EL GARCHEADOR
|
|upkeep
|turn|19
|
|t:|1779821398
|move|p2a: Iron Moth|Fiery Dance|p1a: EL GARCHEADOR
|-supereffective|p1a: EL GARCHEADOR
|-damage|p1a: EL GARCHEADOR|0 fnt
|-boost|p2a: Iron Moth|spa|1
|faint|p1a: EL GARCHEADOR
|-end|p1a: EL GARCHEADOR|fallen5|[silent]
|
|win|CatsinND
|raw|metropolis2112's rating: 1258 &rarr; <strong>1231</strong><br />(-27 for losing)
|raw|CatsinND's rating: 1229 &rarr; <strong>1256</strong><br />(+27 for winning)
|l|☆metropolis2112
|player|p1|
