|badge|p1|silver|gen9ou|30-9
|uhtml|medal-msg|<div class="broadcast-blue">Curious what those medals under the avatar are? PS now has Ladder Seasons! For more information, check out the <a href="https://www.smogon.com/forums/threads/3740067/">thread on Smogon.</a></div>
|badge|p2|bronze|gen9ou|100-9
|uhtml|medal-msg|<div class="broadcast-blue">Curious what those medals under the avatar are? PS now has Ladder Seasons! For more information, check out the <a href="https://www.smogon.com/forums/threads/3740067/">thread on Smogon.</a></div>
|j|☆slitherwing ily ><
|j|‽ClRCUS MAXIMUS
|t:|1779821270
|gametype|singles
|player|p1|slitherwing ily ><|iono-masters|1876
|player|p2|ClRCUS MAXIMUS|rood|1856
|gen|9
|tier|[Gen 9] OU
|rated|
|rule|HP Percentage Mod: HP is shown in percentages
|rule|Endless Battle Clause: Forcing endless battles is banned
|rule|Species Clause: Limit one of each Pokémon
|rule|OHKO Clause: OHKO moves are banned
|rule|Evasion Items Clause: Evasion items are banned
|rule|Evasion Moves Clause: Evasion moves are banned
|rule|Evasion Abilities Clause: Evasion abilities are banned
|rule|Sleep Moves Clause: Sleep-inducing moves are banned
|clearpoke
|poke|p1|Great Tusk|
|poke|p1|Kingambit, M|
|poke|p1|Raging Bolt|
|poke|p1|Walking Wake|
|poke|p1|Ninetales, F|
|poke|p1|Ceruledge, F|
|poke|p2|Iron Valiant|
|poke|p2|Ogerpon-Wellspring, F|
|poke|p2|Kingambit, M|
|poke|p2|Great Tusk|
|poke|p2|Zamazenta-*|
|poke|p2|Gholdengo|
|teampreview
|c|☆slitherwing ily ><|hf
|
|t:|1779821277
|teamsize|p1|6
|teamsize|p2|6
|start
|switch|p1a: Naruto|Ninetales, F|100/100
|switch|p2a: Zamazenta|Zamazenta, shiny|100/100
|-ability|p2a: Zamazenta|Dauntless Shield|boost
|-boost|p2a: Zamazenta|def|1
|-weather|SunnyDay|[from] ability: Drought|[of] p1a: Naruto
|turn|1
|inactive|Battle timer is ON: inactive players will automatically lose when time's up. (requested by slitherwing ily ><)
|
|t:|1779821346
|switch|p1a: Red judas|Ceruledge, F|100/100
|-item|p1a: Red judas|Air Balloon
|move|p2a: Zamazenta|Close Combat|p1a: Red judas
|-immune|p1a: Red judas
|
|-weather|SunnyDay|[upkeep]
|upkeep
|turn|2
|
|t:|1779821359
|move|p2a: Zamazenta|Close Combat|p1a: Red judas
|-immune|p1a: Red judas
|move|p1a: Red judas|Swords Dance|p1a: Red judas
|-boost|p1a: Red judas|atk|2
|
|-weather|SunnyDay|[upkeep]
|upkeep
|turn|3
|
|t:|1779821367
|move|p2a: Zamazenta|Stone Edge|p1a: Red judas
|-supereffective|p1a: Red judas
|-crit|p1a: Red judas
|-damage|p1a: Red judas|0 fnt
|-enditem|p1a: Red judas|Air Balloon
|faint|p1a: Red judas
|-damage|p2a: Zamazenta|91/100|[from] item: Life Orb
|
|-weather|SunnyDay|[upkeep]
|upkeep
|c|☆slitherwing ily ><|ow
|c|☆slitherwing ily ><|im stupid
|
|t:|1779821380
|switch|p1a: nah i'd spin|Great Tusk|100/100
|-activate|p1a: nah i'd spin|ability: Protosynthesis
|-start|p1a: nah i'd spin|protosynthesisatk
|turn|4
|
|t:|1779821399
|move|p2a: Zamazenta|Close Combat|p1a: nah i'd spin
|-damage|p1a: nah i'd spin|39/100
|-unboost|p2a: Zamazenta|def|1
|-unboost|p2a: Zamazenta|spd|1
|-damage|p2a: Zamazenta|81/100|[from] item: Life Orb
|move|p1a: nah i'd spin|Rapid Spin|p2a: Zamazenta
|-damage|p2a: Zamazenta|56/100
|-boost|p1a: nah i'd spin|spe|1
|
|-weather|SunnyDay|[upkeep]
|upkeep
|turn|5
|
|t:|1779821404
|move|p1a: nah i'd spin|Headlong Rush|p2a: Zamazenta
|-damage|p2a: Zamazenta|0 fnt
|-unboost|p1a: nah i'd spin|def|1
|-unboost|p1a: nah i'd spin|spd|1
|faint|p2a: Zamazenta
|
|-weather|SunnyDay|[upkeep]
|upkeep
|
|t:|1779821408
|switch|p2a: Ogerpon|Ogerpon-Wellspring, F|100/100
|turn|6
|
|t:|1779821411
|move|p1a: nah i'd spin|Close Combat|p2a: Ogerpon
|-damage|p2a: Ogerpon|0 fnt
|-unboost|p1a: nah i'd spin|def|1
|-unboost|p1a: nah i'd spin|spd|1
|faint|p2a: Ogerpon
|
|-weather|SunnyDay|[upkeep]
|upkeep
|
|t:|1779821429
|switch|p2a: Great Tusk|Great Tusk, shiny|100/100
|-activate|p2a: Great Tusk|ability: Protosynthesis
|-start|p2a: Great Tusk|protosynthesisatk
|turn|7
|
|t:|1779821442
|move|p1a: nah i'd spin|Headlong Rush|p2a: Great Tusk
|-damage|p2a: Great Tusk|39/100
|-unboost|p1a: nah i'd spin|def|1
|-unboost|p1a: nah i'd spin|spd|1
|move|p2a: Great Tusk|Rapid Spin|p1a: nah i'd spin
|-damage|p1a: nah i'd spin|0 fnt
|-boost|p2a: Great Tusk|spe|1
|faint|p1a: nah i'd spin
|-end|p1a: nah i'd spin|Protosynthesis|[silent]
|
|-weather|SunnyDay|[upkeep]
|upkeep
|
|t:|1779821444
|switch|p1a: Resevoir slogs|Walking Wake|100/100
|-activate|p1a: Resevoir slogs|ability: Protosynthesis
|-start|p1a: Resevoir slogs|protosynthesisspe
|turn|8
|j| Pulkatz
|inactive|ClRCUS MAXIMUS has 120 seconds left.
|inactive|ClRCUS MAXIMUS has 90 seconds left.
|
|t:|1779821507
|move|p1a: Resevoir slogs|Hydro Steam|p2a: Great Tusk
|-supereffective|p2a: Great Tusk
|-damage|p2a: Great Tusk|0 fnt
|faint|p2a: Great Tusk
|-end|p2a: Great Tusk|Protosynthesis|[silent]
|
|-weather|none
|-end|p1a: Resevoir slogs|Protosynthesis
|upkeep
|inactive|ClRCUS MAXIMUS has 90 seconds left.
|
|t:|1779821513
|switch|p2a: Iron Valiant|Iron Valiant, shiny|100/100
|-enditem|p2a: Iron Valiant|Booster Energy
|-activate|p2a: Iron Valiant|ability: Quark Drive|[fromitem]
|-start|p2a: Iron Valiant|quarkdrivespe
|turn|9
|
|t:|1779821516
|-terastallize|p1a: Resevoir slogs|Water
|move|p2a: Iron Valiant|Calm Mind|p2a: Iron Valiant
|-boost|p2a: Iron Valiant|spa|1
|-boost|p2a: Iron Valiant|spd|1
|move|p1a: Resevoir slogs|Hydro Steam|p2a: Iron Valiant
|-damage|p2a: Iron Valiant|29/100
|
|upkeep
|turn|10
|
|t:|1779821523
|move|p2a: Iron Valiant|Focus Blast|p1a: Resevoir slogs
|-damage|p1a: Resevoir slogs|0 fnt
|faint|p1a: Resevoir slogs
|-end|p1a: Resevoir slogs|Protosynthesis|[silent]
|
|upkeep
|
|t:|1779821526
|switch|p1a: Angry Nut|Raging Bolt|100/100
|turn|11
|
|t:|1779821529
|move|p1a: Angry Nut|Thunderclap||[still]
|-fail|p1a: Angry Nut
|move|p2a: Iron Valiant|Calm Mind|p2a: Iron Valiant
|-boost|p2a: Iron Valiant|spa|1
|-boost|p2a: Iron Valiant|spd|1
|
|upkeep
|turn|12
|
|t:|1779821543
|move|p2a: Iron Valiant|Calm Mind|p2a: Iron Valiant
|-boost|p2a: Iron Valiant|spa|1
|-boost|p2a: Iron Valiant|spd|1
|move|p1a: Angry Nut|Weather Ball|p2a: Iron Valiant
|-damage|p2a: Iron Valiant|10/100
|-damage|p1a: Angry Nut|91/100|[from] item: Life Orb
|
|upkeep
|turn|13
|
|t:|1779821550
|move|p1a: Angry Nut|Thunderclap||[still]
|-fail|p1a: Angry Nut
|move|p2a: Iron Valiant|Calm Mind|p2a: Iron Valiant
|-boost|p2a: Iron Valiant|spa|1
|-boost|p2a: Iron Valiant|spd|1
|
|upkeep
|turn|14
|
|t:|1779821554
|move|p1a: Angry Nut|Thunderclap||[still]
|-fail|p1a: Angry Nut
|move|p2a: Iron Valiant|Calm Mind|p2a: Iron Valiant
|-boost|p2a: Iron Valiant|spa|1
|-boost|p2a: Iron Valiant|spd|1
|
|upkeep
|turn|15
|
|t:|1779821556
|move|p2a: Iron Valiant|Calm Mind|p2a: Iron Valiant
|-boost|p2a: Iron Valiant|spa|1
|-boost|p2a: Iron Valiant|spd|1
|move|p1a: Angry Nut|Weather Ball|p2a: Iron Valiant
|-damage|p2a: Iron Valiant|0 fnt
|faint|p2a: Iron Valiant
|-end|p2a: Iron Valiant|Quark Drive|[silent]
|-damage|p1a: Angry Nut|81/100|[from] item: Life Orb
|
|upkeep
|
|t:|1779821561
|switch|p2a: Gholdengo|Gholdengo, shiny|100/100
|turn|16
|
|t:|1779821565
|-end|p1a: Angry Nut|Protosynthesis|[silent]
|switch|p1a: 2.f4|Kingambit, M|100/100
|-activate|p1a: 2.f4|ability: Supreme Overlord
|-start|p1a: 2.f4|fallen3|[silent]
|-item|p1a: 2.f4|Air Balloon
|move|p2a: Gholdengo|Make It Rain|p1a: 2.f4
|-resisted|p1a: 2.f4
|-damage|p1a: 2.f4|49/100
|-unboost|p2a: Gholdengo|spa|1
|-enditem|p1a: 2.f4|Air Balloon
|
|upkeep
|turn|17
|
|t:|1779821572
|-end|p1a: 2.f4|fallen3|[silent]
|switch|p1a: Naruto|Ninetales, F|100/100
|-weather|SunnyDay|[from] ability: Drought|[of] p1a: Naruto
|move|p2a: Gholdengo|Make It Rain|p1a: Naruto
|-resisted|p1a: Naruto
|-damage|p1a: Naruto|68/100
|-unboost|p2a: Gholdengo|spa|1
|
|-weather|SunnyDay|[upkeep]
|upkeep
|turn|18
|
|t:|1779821575
|move|p1a: Naruto|Overheat|p2a: Gholdengo
|-supereffective|p2a: Gholdengo
|-damage|p2a: Gholdengo|0 fnt
|-unboost|p1a: Naruto|spa|2
|faint|p2a: Gholdengo
|
|-weather|SunnyDay|[upkeep]
|upkeep
|
|t:|1779821578
|switch|p2a: Kingambit|Kingambit, M, shiny|100/100
|-activate|p2a: Kingambit|ability: Supreme Overlord
|-start|p2a: Kingambit|fallen5|[silent]
|turn|19
|
|t:|1779821586
|switch|p1a: 2.f4|Kingambit, M|49/100
|-activate|p1a: 2.f4|ability: Supreme Overlord
|-start|p1a: 2.f4|fallen3|[silent]
|move|p2a: Kingambit|Kowtow Cleave|p1a: 2.f4
|-resisted|p1a: 2.f4
|-damage|p1a: 2.f4|16/100
|
|-weather|SunnyDay|[upkeep]
|upkeep
|turn|20
|
|t:|1779821590
|move|p1a: 2.f4|Iron Head|p2a: Kingambit
|-resisted|p2a: Kingambit
|-damage|p2a: Kingambit|76/100
|move|p2a: Kingambit|Kowtow Cleave|p1a: 2.f4
|-resisted|p1a: 2.f4
|-damage|p1a: 2.f4|0 fnt
|faint|p1a: 2.f4
|-end|p1a: 2.f4|fallen3|[silent]
|
|-weather|SunnyDay|[upkeep]
|upkeep
|
|t:|1779821593
|switch|p1a: Naruto|Ninetales, F|68/100
|turn|21
|
|t:|1779821595
|move|p1a: Naruto|Encore|p2a: Kingambit
|-start|p2a: Kingambit|Encore
|move|p2a: Kingambit|Kowtow Cleave|p1a: Naruto
|-damage|p1a: Naruto|0 fnt
|faint|p1a: Naruto
|
|-weather|SunnyDay|[upkeep]
|upkeep
|
|t:|1779821597
|switch|p1a: Angry Nut|Raging Bolt|81/100
|-activate|p1a: Angry Nut|ability: Protosynthesis
|-start|p1a: Angry Nut|protosynthesisspa
|turn|22
|
|t:|1779821599
|-terastallize|p2a: Kingambit|Flying
|move|p1a: Angry Nut|Weather Ball|p2a: Kingambit
|-damage|p2a: Kingambit|0 fnt
|faint|p2a: Kingambit
|-end|p2a: Kingambit|fallen5|[silent]
|-damage|p1a: Angry Nut|71/100|[from] item: Life Orb
|
|win|slitherwing ily ><
|raw|slitherwing ily &gt;&lt;'s rating: 1876 &rarr; <strong>1896</strong><br />(+20 for winning)
|raw|ClRCUS MAXIMUS's rating: 1871 &rarr; <strong>1851</strong><br />(-20 for losing)
|c|☆slitherwing ily ><|gg
|l|☆slitherwing ily ><
|player|p1|
|l|‽ClRCUS MAXIMUS
|player|p2|
