|j|☆kazaboy
|j|☆kats10
|t:|1779866732
|gametype|singles
|player|p1|kazaboy|bruno|1119
|player|p2|kats10|barry|1119
|gen|9
|tier|[Gen 9] OU
|rated|
|rule|HP Percentage Mod: HP is shown in percentages
|rule|Endless Battle Clause: Forcing endless battles is banned
|rule|Species Clause: Limit one of each Pokémon
|rule|OHKO Clause: OHKO moves are banned
|rule|Evasion Items Clause: Evasion items are banned
|rule|Evasion Moves Clause: Evasion moves are banned
|rule|Evasion Abilities Clause: Evasion abilities are banned
|rule|Sleep Moves Clause: Sleep-inducing moves are banned
|clearpoke
|poke|p1|Great Tusk|
|poke|p1|Weezing-Galar, M|
|poke|p1|Greninja-*, M|
|poke|p1|Slowbro, F|
|poke|p1|Ting-Lu|
|poke|p1|Misdreavus, M|
|poke|p2|Empoleon, M|
|poke|p2|Raikou|
|poke|p2|Scizor, F|
|poke|p2|Dragonite, F|
|poke|p2|Gardevoir, F|
|poke|p2|Heatran, M|
|teampreview
|inactive|Battle timer is ON: inactive players will automatically lose when time's up. (requested by kazaboy)
|l|☆kazaboy
|inactive|kazaboy disconnected and has a minute to reconnect!
|player|p1|
|j|☆kazaboy
|inactive|kazaboy reconnected and has 125 seconds left.
|player|p1|kazaboy|bruno|
|inactive|kazaboy has 120 seconds left.
|
|t:|1779866771
|teamsize|p1|6
|teamsize|p2|6
|start
|switch|p1a: Slowbro|Slowbro, F, shiny|100/100
|switch|p2a: Scizor|Scizor, F, shiny|100/100
|turn|1
|
|t:|1779866777
|move|p2a: Scizor|U-turn|p1a: Slowbro
|-supereffective|p1a: Slowbro
|-damage|p1a: Slowbro|39/100
|-damage|p2a: Scizor|84/100|[from] item: Rocky Helmet|[of] p1a: Slowbro
|-damage|p2a: Scizor|74/100|[from] item: Life Orb
|
|t:|1779866780
|switch|p2a: Gardevoir|Gardevoir, F, shiny|100/100|[from] U-turn
|move|p1a: Slowbro|Thunder Wave|p2a: Gardevoir
|-status|p2a: Gardevoir|par
|-activate|p2a: Gardevoir|ability: Synchronize
|-status|p1a: Slowbro|par
|
|upkeep
|turn|2
|
|t:|1779866795
|switch|p1a: Weezing|Weezing-Galar, M, shiny|100/100
|-ability|p1a: Weezing|Neutralizing Gas
|move|p2a: Gardevoir|Calm Mind|p2a: Gardevoir
|-boost|p2a: Gardevoir|spa|1
|-boost|p2a: Gardevoir|spd|1
|
|upkeep
|turn|3
|
|t:|1779866809
|move|p1a: Weezing|Overheat|p2a: Gardevoir
|-damage|p2a: Gardevoir|80/100 par
|-unboost|p1a: Weezing|spa|2
|cant|p2a: Gardevoir|par
|
|upkeep
|turn|4
|
|t:|1779866819
|-end|p1a: Weezing|ability: Neutralizing Gas
|switch|p1a: Misdreavus|Misdreavus, M, shiny|100/100
|move|p2a: Gardevoir|Psychic|p1a: Misdreavus
|-damage|p1a: Misdreavus|57/100
|
|upkeep
|turn|5
|
|t:|1779866834
|move|p1a: Misdreavus|Hex|p2a: Gardevoir
|-supereffective|p2a: Gardevoir
|-damage|p2a: Gardevoir|17/100 par
|move|p2a: Gardevoir|Moonblast|p1a: Misdreavus
|-damage|p1a: Misdreavus|7/100
|
|upkeep
|turn|6
|
|t:|1779866848
|move|p1a: Misdreavus|Draining Kiss|p2a: Gardevoir
|-damage|p2a: Gardevoir|10/100 par
|-heal|p1a: Misdreavus|12/100|[from] drain|[of] p2a: Gardevoir
|cant|p2a: Gardevoir|par
|
|upkeep
|turn|7
|
|t:|1779866854
|move|p1a: Misdreavus|Hex|p2a: Gardevoir
|-supereffective|p2a: Gardevoir
|-damage|p2a: Gardevoir|0 fnt
|faint|p2a: Gardevoir
|
|upkeep
|
|t:|1779866873
|switch|p2a: Scizor|Scizor, F, shiny|74/100
|turn|8
|
|t:|1779866884
|switch|p1a: Slowbro|Slowbro, F, shiny|72/100 par
|move|p2a: Scizor|Bullet Punch|p1a: Slowbro
|-resisted|p1a: Slowbro
|-damage|p1a: Slowbro|57/100 par
|-damage|p2a: Scizor|57/100|[from] item: Rocky Helmet|[of] p1a: Slowbro
|-damage|p2a: Scizor|47/100|[from] item: Life Orb
|
|upkeep
|turn|9
|
|t:|1779866893
|switch|p1a: Weezing|Weezing-Galar, M, shiny|100/100
|-ability|p1a: Weezing|Neutralizing Gas
|move|p2a: Scizor|U-turn|p1a: Weezing
|-resisted|p1a: Weezing
|-damage|p1a: Weezing|92/100
|-damage|p2a: Scizor|31/100|[from] item: Rocky Helmet|[of] p1a: Weezing
|-damage|p2a: Scizor|21/100|[from] item: Life Orb
|
|t:|1779866903
|switch|p2a: Heatran|Heatran, M, shiny|100/100|[from] U-turn
|-item|p2a: Heatran|Air Balloon
|
|upkeep
|turn|10
|
|t:|1779866912
|move|p2a: Heatran|Flame Charge|p1a: Weezing
|-damage|p1a: Weezing|82/100
|-boost|p2a: Heatran|spe|1
|-damage|p2a: Heatran|84/100|[from] item: Rocky Helmet|[of] p1a: Weezing
|move|p1a: Weezing|Strange Steam|p2a: Heatran
|-resisted|p2a: Heatran
|-damage|p2a: Heatran|77/100
|-enditem|p2a: Heatran|Air Balloon
|
|upkeep
|turn|11
|c|☆kazaboy|scizor half hp without dealing damage to him
|
|t:|1779866937
|-end|p1a: Weezing|ability: Neutralizing Gas
|switch|p1a: Ting-Lu|Ting-Lu, shiny|100/100
|-ability|p1a: Ting-Lu|Vessel of Ruin
|move|p2a: Heatran|Earth Power|p1a: Ting-Lu
|-damage|p1a: Ting-Lu|85/100
|
|-heal|p1a: Ting-Lu|91/100|[from] item: Leftovers
|upkeep
|turn|12
|
|t:|1779866950
|switch|p2a: Dragonite|Dragonite, F, shiny|100/100
|move|p1a: Ting-Lu|Stealth Rock|p2a: Dragonite
|-sidestart|p2: kats10|move: Stealth Rock
|
|-heal|p1a: Ting-Lu|97/100|[from] item: Leftovers
|upkeep
|turn|13
|
|t:|1779866963
|move|p2a: Dragonite|Dragon Dance|p2a: Dragonite
|-boost|p2a: Dragonite|atk|1
|-boost|p2a: Dragonite|spe|1
|move|p1a: Ting-Lu|Whirlwind|p2a: Dragonite
|drag|p2a: Raikou|Raikou, shiny|100/100
|-damage|p2a: Raikou|88/100|[from] Stealth Rock
|-ability|p2a: Raikou|Pressure
|
|-heal|p1a: Ting-Lu|100/100|[from] item: Leftovers
|upkeep
|turn|14
|
|t:|1779866974
|move|p2a: Raikou|Calm Mind|p2a: Raikou
|-boost|p2a: Raikou|spa|1
|-boost|p2a: Raikou|spd|1
|move|p1a: Ting-Lu|Spikes|p2a: Raikou
|-sidestart|p2: kats10|Spikes
|
|upkeep
|turn|15
|
|t:|1779866978
|move|p2a: Raikou|Aura Sphere|p1a: Ting-Lu
|-supereffective|p1a: Ting-Lu
|-damage|p1a: Ting-Lu|59/100
|move|p1a: Ting-Lu|Earthquake|p2a: Raikou
|-supereffective|p2a: Raikou
|-damage|p2a: Raikou|3/100
|
|-heal|p1a: Ting-Lu|65/100|[from] item: Leftovers
|upkeep
|turn|16
|
|t:|1779866996
|move|p2a: Raikou|Aura Sphere|p1a: Ting-Lu
|-supereffective|p1a: Ting-Lu
|-damage|p1a: Ting-Lu|17/100
|move|p1a: Ting-Lu|Earthquake|p2a: Raikou
|-supereffective|p2a: Raikou
|-damage|p2a: Raikou|0 fnt
|faint|p2a: Raikou
|
|-heal|p1a: Ting-Lu|24/100|[from] item: Leftovers
|upkeep
|
|t:|1779867000
|switch|p2a: Dragonite|Dragonite, F, shiny|100/100
|turn|17
|
|t:|1779867007
|move|p2a: Dragonite|Dragon Dance|p2a: Dragonite
|-boost|p2a: Dragonite|atk|1
|-boost|p2a: Dragonite|spe|1
|move|p1a: Ting-Lu|Spikes|p2a: Dragonite
|-sidestart|p2: kats10|Spikes
|
|-heal|p1a: Ting-Lu|30/100|[from] item: Leftovers
|upkeep
|turn|18
|
|t:|1779867019
|move|p2a: Dragonite|Dragon Dance|p2a: Dragonite
|-boost|p2a: Dragonite|atk|1
|-boost|p2a: Dragonite|spe|1
|move|p1a: Ting-Lu|Whirlwind|p2a: Dragonite
|drag|p2a: Empoleon|Empoleon, M, shiny|100/100
|-damage|p2a: Empoleon|94/100|[from] Stealth Rock
|-damage|p2a: Empoleon|78/100|[from] Spikes
|
|-heal|p1a: Ting-Lu|36/100|[from] item: Leftovers
|upkeep
|turn|19
|inactive|kazaboy has 120 seconds left.
|
|t:|1779867059
|move|p2a: Empoleon|Surf|p1a: Ting-Lu
|-supereffective|p1a: Ting-Lu
|-damage|p1a: Ting-Lu|0 fnt
|faint|p1a: Ting-Lu
|
|upkeep
|
|t:|1779867067
|switch|p1a: Great Tusk|Great Tusk, shiny|100/100
|turn|20
|inactive|kazaboy has 120 seconds left.
|
|t:|1779867073
|move|p1a: Great Tusk|Earthquake|p2a: Empoleon
|-supereffective|p2a: Empoleon
|-damage|p2a: Empoleon|0 fnt
|faint|p2a: Empoleon
|
|upkeep
|
|t:|1779867083
|switch|p2a: Dragonite|Dragonite, F, shiny|100/100
|turn|21
|
|t:|1779867090
|move|p2a: Dragonite|Dragon Dance|p2a: Dragonite
|-boost|p2a: Dragonite|atk|1
|-boost|p2a: Dragonite|spe|1
|move|p1a: Great Tusk|Ice Spinner|p2a: Dragonite
|-supereffective|p2a: Dragonite
|-damage|p2a: Dragonite|37/100
|
|upkeep
|turn|22
|
|t:|1779867104
|-terastallize|p2a: Dragonite|Normal
|move|p2a: Dragonite|Extreme Speed|p1a: Great Tusk
|-damage|p1a: Great Tusk|57/100
|move|p1a: Great Tusk|Ice Spinner|p2a: Dragonite
|-damage|p2a: Dragonite|5/100
|
|upkeep
|turn|23
|-message|kats10 forfeited.
|
|win|kazaboy
|raw|kazaboy's rating: 1119 &rarr; <strong>1144</strong><br />(+25 for winning)
|raw|kats10's rating: 1119 &rarr; <strong>1094</strong><br />(-25 for losing)
|l|☆kats10
|player|p2|
|l|☆kazaboy
|player|p1|
