|j|☆ThiefYT
|j|☆louwilliamzz
|t:|1779897539
|gametype|singles
|player|p1|ThiefYT|dawn|1424
|player|p2|louwilliamzz|1|1451
|gen|9
|tier|[Gen 9] OU
|rated|
|rule|HP Percentage Mod: HP is shown in percentages
|rule|Endless Battle Clause: Forcing endless battles is banned
|rule|Species Clause: Limit one of each Pokémon
|rule|OHKO Clause: OHKO moves are banned
|rule|Evasion Items Clause: Evasion items are banned
|rule|Evasion Moves Clause: Evasion moves are banned
|rule|Evasion Abilities Clause: Evasion abilities are banned
|rule|Sleep Moves Clause: Sleep-inducing moves are banned
|clearpoke
|poke|p1|Great Tusk|
|poke|p1|Pecharunt|
|poke|p1|Iron Valiant|
|poke|p1|Iron Crown|
|poke|p1|Samurott-Hisui, F|
|poke|p1|Minior-Indigo|
|poke|p2|Whimsicott, M|
|poke|p2|Ninetales, F|
|poke|p2|Walking Wake|
|poke|p2|Great Tusk|
|poke|p2|Ceruledge, M|
|poke|p2|Kingambit, M|
|teampreview
|
|t:|1779897553
|teamsize|p1|6
|teamsize|p2|6
|start
|switch|p1a: Manny|Great Tusk, shiny|100/100
|switch|p2a: Walking Wake|Walking Wake|100/100
|turn|1
|inactive|Battle timer is ON: inactive players will automatically lose when time's up. (requested by louwilliamzz)
|
|t:|1779897563
|-end|p1a: Manny|Protosynthesis|[silent]
|switch|p1a: Iron Crown|Iron Crown|100/100
|move|p2a: Walking Wake|Knock Off|p1a: Iron Crown
|-supereffective|p1a: Iron Crown
|-damage|p1a: Iron Crown|62/100
|-enditem|p1a: Iron Crown|Assault Vest|[from] move: Knock Off|[of] p2a: Walking Wake
|
|upkeep
|turn|2
|
|t:|1779897577
|move|p2a: Walking Wake|Hydro Steam|p1a: Iron Crown
|-damage|p1a: Iron Crown|22/100
|move|p1a: Iron Crown|Psychic Noise|p2a: Walking Wake
|-damage|p2a: Walking Wake|71/100
|-start|p2a: Walking Wake|move: Heal Block
|
|upkeep
|turn|3
|
|t:|1779897591
|-end|p1a: Iron Crown|Quark Drive|[silent]
|switch|p1a: Pecharunt|Pecharunt|100/100
|move|p2a: Walking Wake|Knock Off|p1a: Pecharunt
|-supereffective|p1a: Pecharunt
|-damage|p1a: Pecharunt|85/100
|-damage|p2a: Walking Wake|55/100|[from] item: Rocky Helmet|[of] p1a: Pecharunt
|-enditem|p1a: Pecharunt|Rocky Helmet|[from] move: Knock Off|[of] p2a: Walking Wake
|
|-end|p2a: Walking Wake|move: Heal Block
|upkeep
|turn|4
|
|t:|1779897601
|move|p2a: Walking Wake|Flip Turn|p1a: Pecharunt
|-damage|p1a: Pecharunt|77/100
|
|t:|1779897605
|-end|p2a: Walking Wake|Protosynthesis|[silent]
|switch|p2a: Kingambit|Kingambit, M|100/100|[from] Flip Turn
|move|p1a: Pecharunt|Parting Shot|p2a: Kingambit
|-unboost|p2a: Kingambit|atk|1
|-ability|p2a: Kingambit|Defiant|boost
|-boost|p2a: Kingambit|atk|2
|-unboost|p2a: Kingambit|spa|1
|-ability|p2a: Kingambit|Defiant|boost
|-boost|p2a: Kingambit|atk|2
|
|t:|1779897626
|switch|p1a: Manny|Great Tusk, shiny|100/100|[from] Parting Shot
|
|upkeep
|turn|5
|
|t:|1779897640
|switch|p2a: Great Tusk|Great Tusk|100/100
|move|p1a: Manny|Headlong Rush|p2a: Great Tusk
|-damage|p2a: Great Tusk|58/100
|-unboost|p1a: Manny|def|1
|-unboost|p1a: Manny|spd|1
|-damage|p1a: Manny|84/100|[from] item: Rocky Helmet|[of] p2a: Great Tusk
|
|upkeep
|turn|6
|
|t:|1779897652
|-end|p1a: Manny|Protosynthesis|[silent]
|switch|p1a: Samurott|Samurott-Hisui, F|100/100
|move|p2a: Great Tusk|Stealth Rock|p1a: Samurott
|-sidestart|p1: ThiefYT|move: Stealth Rock
|
|upkeep
|turn|7
|
|t:|1779897660
|-end|p2a: Great Tusk|Protosynthesis|[silent]
|switch|p2a: Ninetales|Ninetales, F, shiny|100/100
|-weather|SunnyDay|[from] ability: Drought|[of] p2a: Ninetales
|move|p1a: Samurott|Flip Turn|p2a: Ninetales
|-supereffective|p2a: Ninetales
|-damage|p2a: Ninetales|61/100
|
|t:|1779897666
|switch|p1a: Manny|Great Tusk, shiny|84/100|[from] Flip Turn
|-activate|p1a: Manny|ability: Protosynthesis
|-start|p1a: Manny|protosynthesisatk
|
|-weather|SunnyDay|[upkeep]
|upkeep
|turn|8
|
|t:|1779897681
|switch|p2a: Great Tusk|Great Tusk|58/100
|-activate|p2a: Great Tusk|ability: Protosynthesis
|-start|p2a: Great Tusk|protosynthesisspe
|move|p1a: Manny|Rapid Spin|p2a: Great Tusk
|-damage|p2a: Great Tusk|44/100
|-boost|p1a: Manny|spe|1
|-damage|p1a: Manny|68/100|[from] item: Rocky Helmet|[of] p2a: Great Tusk
|-sideend|p1: ThiefYT|Stealth Rock|[from] move: Rapid Spin|[of] p1a: Manny
|
|-weather|SunnyDay|[upkeep]
|upkeep
|turn|9
|
|t:|1779897694
|move|p1a: Manny|Ice Spinner|p2a: Great Tusk
|-supereffective|p2a: Great Tusk
|-damage|p2a: Great Tusk|0 fnt
|-damage|p1a: Manny|51/100|[from] item: Rocky Helmet|[of] p2a: Great Tusk
|faint|p2a: Great Tusk
|-end|p2a: Great Tusk|Protosynthesis|[silent]
|
|-weather|SunnyDay|[upkeep]
|upkeep
|
|t:|1779897701
|switch|p2a: Walking Wake|Walking Wake|55/100
|-activate|p2a: Walking Wake|ability: Protosynthesis
|-start|p2a: Walking Wake|protosynthesisspe
|turn|10
|
|t:|1779897716
|-end|p1a: Manny|Protosynthesis|[silent]
|switch|p1a: Iron Crown|Iron Crown|22/100
|move|p2a: Walking Wake|Hydro Steam|p1a: Iron Crown
|-damage|p1a: Iron Crown|0 fnt
|faint|p1a: Iron Crown
|-end|p1a: Iron Crown|Quark Drive|[silent]
|
|-weather|SunnyDay|[upkeep]
|upkeep
|
|t:|1779897725
|switch|p1a: Samurott|Samurott-Hisui, F|100/100
|turn|11
|
|t:|1779897734
|-end|p2a: Walking Wake|Protosynthesis|[silent]
|switch|p2a: Whimsicott|Whimsicott, M|100/100
|move|p1a: Samurott|Ceaseless Edge|p2a: Whimsicott
|-resisted|p2a: Whimsicott
|-damage|p2a: Whimsicott|57/100
|-sidestart|p2: louwilliamzz|Spikes
|
|-weather|SunnyDay|[upkeep]
|upkeep
|turn|12
|
|t:|1779897748
|move|p2a: Whimsicott|Giga Drain|p1a: Samurott
|-supereffective|p1a: Samurott
|-damage|p1a: Samurott|0 fnt
|-heal|p2a: Whimsicott|100/100|[from] drain|[of] p1a: Samurott
|faint|p1a: Samurott
|-damage|p2a: Whimsicott|91/100|[from] item: Life Orb
|
|-weather|SunnyDay|[upkeep]
|upkeep
|
|t:|1779897754
|switch|p1a: Pecharunt|Pecharunt|77/100
|turn|13
|
|t:|1779897774
|switch|p1a: Manny|Great Tusk, shiny|51/100
|-activate|p1a: Manny|ability: Protosynthesis
|-start|p1a: Manny|protosynthesisatk
|-terastallize|p2a: Whimsicott|Ghost
|move|p2a: Whimsicott|Shadow Ball|p1a: Manny
|-damage|p1a: Manny|0 fnt
|faint|p1a: Manny
|-end|p1a: Manny|Protosynthesis|[silent]
|-damage|p2a: Whimsicott|81/100|[from] item: Life Orb
|
|-weather|SunnyDay|[upkeep]
|upkeep
|
|t:|1779897795
|switch|p1a: Minior|Minior-Indigo|100/100
|-formechange|p1a: Minior|Minior-Meteor||[from] ability: Shields Down
|turn|14
|
|t:|1779897809
|move|p2a: Whimsicott|Moonblast|p1a: Minior
|-damage|p1a: Minior|33/100
|-unboost|p1a: Minior|spa|1
|-damage|p2a: Whimsicott|71/100|[from] item: Life Orb
|-enditem|p1a: Minior|White Herb
|-clearnegativeboost|p1a: Minior|[silent]
|move|p1a: Minior|Shell Smash|p1a: Minior
|-unboost|p1a: Minior|def|1
|-unboost|p1a: Minior|spd|1
|-boost|p1a: Minior|atk|2
|-boost|p1a: Minior|spa|2
|-boost|p1a: Minior|spe|2
|
|-weather|none
|-formechange|p1a: Minior|Minior-Indigo||[from] ability: Shields Down
|upkeep
|turn|15
|
|t:|1779897831
|switch|p2a: Ninetales|Ninetales, F, shiny|61/100
|-damage|p2a: Ninetales|49/100|[from] Spikes
|-weather|SunnyDay|[from] ability: Drought|[of] p2a: Ninetales
|move|p1a: Minior|Acrobatics|p2a: Ninetales
|-damage|p2a: Ninetales|0 fnt
|faint|p2a: Ninetales
|
|-weather|SunnyDay|[upkeep]
|upkeep
|
|t:|1779897838
|switch|p2a: Ceruledge|Ceruledge, M|100/100
|turn|16
|
|t:|1779897843
|move|p2a: Ceruledge|Shadow Sneak|p1a: Minior
|-damage|p1a: Minior|0 fnt
|faint|p1a: Minior
|
|-weather|SunnyDay|[upkeep]
|upkeep
|
|t:|1779897846
|switch|p1a: Pecharunt|Pecharunt|77/100
|turn|17
|
|t:|1779897851
|switch|p2a: Kingambit|Kingambit, M|100/100
|-damage|p2a: Kingambit|88/100|[from] Spikes
|move|p1a: Pecharunt|Shadow Ball|p2a: Kingambit
|-resisted|p2a: Kingambit
|-crit|p2a: Kingambit
|-damage|p2a: Kingambit|71/100
|
|-weather|SunnyDay|[upkeep]
|-heal|p2a: Kingambit|77/100|[from] item: Leftovers
|upkeep
|turn|18
|
|t:|1779897864
|move|p1a: Pecharunt|Recover|p1a: Pecharunt
|-heal|p1a: Pecharunt|100/100
|move|p2a: Kingambit|Iron Head|p1a: Pecharunt
|-crit|p1a: Pecharunt
|-damage|p1a: Pecharunt|70/100
|
|-weather|SunnyDay|[upkeep]
|-heal|p2a: Kingambit|83/100|[from] item: Leftovers
|upkeep
|turn|19
|
|t:|1779897868
|move|p1a: Pecharunt|Shadow Ball|p2a: Kingambit
|-resisted|p2a: Kingambit
|-damage|p2a: Kingambit|71/100
|move|p2a: Kingambit|Swords Dance|p2a: Kingambit
|-boost|p2a: Kingambit|atk|2
|
|-weather|SunnyDay|[upkeep]
|-heal|p2a: Kingambit|77/100|[from] item: Leftovers
|upkeep
|turn|20
|
|t:|1779897876
|move|p1a: Pecharunt|Shadow Ball|p2a: Kingambit
|-resisted|p2a: Kingambit
|-damage|p2a: Kingambit|65/100
|move|p2a: Kingambit|Iron Head|p1a: Pecharunt
|-damage|p1a: Pecharunt|24/100
|
|-weather|SunnyDay|[upkeep]
|-heal|p2a: Kingambit|71/100|[from] item: Leftovers
|upkeep
|turn|21
|
|t:|1779897882
|move|p1a: Pecharunt|Shadow Ball|p2a: Kingambit
|-resisted|p2a: Kingambit
|-damage|p2a: Kingambit|59/100
|move|p2a: Kingambit|Iron Head|p1a: Pecharunt
|-damage|p1a: Pecharunt|0 fnt
|faint|p1a: Pecharunt
|
|-weather|SunnyDay|[upkeep]
|-heal|p2a: Kingambit|65/100|[from] item: Leftovers
|upkeep
|
|t:|1779897887
|switch|p1a: The GSOAT|Iron Valiant|100/100
|-enditem|p1a: The GSOAT|Booster Energy
|-activate|p1a: The GSOAT|ability: Quark Drive|[fromitem]
|-start|p1a: The GSOAT|quarkdrivespe
|turn|22
|
|t:|1779897898
|move|p1a: The GSOAT|Vacuum Wave|p2a: Kingambit
|-supereffective|p2a: Kingambit
|-damage|p2a: Kingambit|0 fnt
|faint|p2a: Kingambit
|
|-weather|none
|upkeep
|
|t:|1779897901
|switch|p2a: Ceruledge|Ceruledge, M|100/100
|turn|23
|
|t:|1779897910
|-terastallize|p1a: The GSOAT|Ghost
|move|p1a: The GSOAT|Shadow Ball|p2a: Ceruledge
|-supereffective|p2a: Ceruledge
|-damage|p2a: Ceruledge|13/100
|move|p2a: Ceruledge|Bitter Blade|p1a: The GSOAT
|-damage|p1a: The GSOAT|34/100
|-heal|p2a: Ceruledge|47/100|[from] drain|[of] p1a: The GSOAT
|
|upkeep
|turn|24
|
|t:|1779897919
|move|p2a: Ceruledge|Shadow Sneak|p1a: The GSOAT
|-supereffective|p1a: The GSOAT
|-damage|p1a: The GSOAT|0 fnt
|faint|p1a: The GSOAT
|-end|p1a: The GSOAT|Quark Drive|[silent]
|
|win|louwilliamzz
|raw|ThiefYT's rating: 1424 &rarr; <strong>1406</strong><br />(-18 for losing)
|raw|louwilliamzz's rating: 1451 &rarr; <strong>1469</strong><br />(+18 for winning)
|c|☆ThiefYT|Ggs
|c|☆louwilliamzz|gg
|l|☆ThiefYT
|player|p1|
|l|☆louwilliamzz
|player|p2|
