|j|☆cainhgemeprais
|j|☆Pedroelentrenador
|t:|1779840405
|gametype|singles
|player|p1|cainhgemeprais|170|1374
|player|p2|Pedroelentrenador|n|1353
|gen|9
|tier|[Gen 9] OU
|rated|
|rule|HP Percentage Mod: HP is shown in percentages
|rule|Endless Battle Clause: Forcing endless battles is banned
|rule|Species Clause: Limit one of each Pokémon
|rule|OHKO Clause: OHKO moves are banned
|rule|Evasion Items Clause: Evasion items are banned
|rule|Evasion Moves Clause: Evasion moves are banned
|rule|Evasion Abilities Clause: Evasion abilities are banned
|rule|Sleep Moves Clause: Sleep-inducing moves are banned
|clearpoke
|poke|p1|Pecharunt|
|poke|p1|Kingambit, F|
|poke|p1|Volcanion|
|poke|p1|Iron Valiant|
|poke|p1|Landorus-Therian, M|
|poke|p1|Deoxys-Speed|
|poke|p2|Hatterene, F|
|poke|p2|Slowbro, F|
|poke|p2|Ursaluna, M|
|poke|p2|Kingambit, M|
|poke|p2|Vikavolt, M|
|poke|p2|Toxapex, M|
|teampreview
|inactive|Battle timer is ON: inactive players will automatically lose when time's up. (requested by cainhgemeprais)
|
|t:|1779840420
|teamsize|p1|6
|teamsize|p2|6
|start
|switch|p1a: Landorus|Landorus-Therian, M|100/100
|switch|p2a: Slowbro|Slowbro, F|100/100
|-ability|p1a: Landorus|Intimidate|boost
|-unboost|p2a: Slowbro|atk|1
|turn|1
|
|t:|1779840429
|move|p1a: Landorus|U-turn|p2a: Slowbro
|-supereffective|p2a: Slowbro
|-damage|p2a: Slowbro|67/100
|
|t:|1779840433
|switch|p1a: Volcanion|Volcanion|100/100|[from] U-turn
|move|p2a: Slowbro|Hydro Pump|p1a: Volcanion
|-immune|p1a: Volcanion|[from] ability: Water Absorb
|
|-heal|p2a: Slowbro|73/100|[from] item: Leftovers
|upkeep
|turn|2
|
|t:|1779840443
|move|p1a: Volcanion|Taunt|p2a: Slowbro
|-start|p2a: Slowbro|move: Taunt
|cant|p2a: Slowbro|move: Taunt|Trick Room
|
|-heal|p2a: Slowbro|79/100|[from] item: Leftovers
|upkeep
|turn|3
|
|t:|1779840461
|switch|p2a: Toxapex|Toxapex, M|100/100
|move|p1a: Volcanion|Flamethrower|p2a: Toxapex
|-resisted|p2a: Toxapex
|-damage|p2a: Toxapex|81/100
|
|-heal|p2a: Toxapex|88/100|[from] item: Black Sludge
|upkeep
|turn|4
|
|t:|1779840473
|switch|p2a: Slowbro|Slowbro, F|100/100
|move|p1a: Volcanion|Will-O-Wisp|p2a: Slowbro
|-status|p2a: Slowbro|brn
|
|-damage|p2a: Slowbro|94/100 brn|[from] brn
|upkeep
|turn|5
|
|t:|1779840482
|move|p1a: Volcanion|Taunt|p2a: Slowbro
|-start|p2a: Slowbro|move: Taunt
|move|p2a: Slowbro|Psychic Noise|p1a: Volcanion
|-crit|p1a: Volcanion
|-damage|p1a: Volcanion|55/100
|-start|p1a: Volcanion|move: Heal Block
|
|-heal|p2a: Slowbro|100/100 brn|[from] item: Leftovers
|-damage|p2a: Slowbro|94/100 brn|[from] brn
|upkeep
|turn|6
|
|t:|1779840495
|switch|p1a: Kingambit|Kingambit, F|100/100
|move|p2a: Slowbro|Psychic Noise|p1a: Kingambit
|-immune|p1a: Kingambit
|
|-heal|p2a: Slowbro|100/100 brn|[from] item: Leftovers
|-damage|p2a: Slowbro|94/100 brn|[from] brn
|upkeep
|turn|7
|
|t:|1779840508
|switch|p2a: Kingambit|Kingambit, M|100/100
|move|p1a: Kingambit|Swords Dance|p1a: Kingambit
|-boost|p1a: Kingambit|atk|2
|
|upkeep
|turn|8
|
|t:|1779840514
|move|p1a: Kingambit|Low Kick|p2a: Kingambit
|-supereffective|p2a: Kingambit
|-damage|p2a: Kingambit|0 fnt
|faint|p2a: Kingambit
|-end|p2a: Kingambit|fallenundefined|[silent]
|
|upkeep
|
|t:|1779840519
|switch|p2a: Ursaluna|Ursaluna, M|100/100
|turn|9
|
|t:|1779840527
|-terastallize|p2a: Ursaluna|Ghost
|move|p1a: Kingambit|Low Kick|p2a: Ursaluna
|-immune|p2a: Ursaluna
|move|p2a: Ursaluna|Earthquake|p1a: Kingambit
|-supereffective|p1a: Kingambit
|-damage|p1a: Kingambit|0 fnt
|faint|p1a: Kingambit
|-end|p1a: Kingambit|fallenundefined|[silent]
|
|-status|p2a: Ursaluna|brn|[from] item: Flame Orb
|upkeep
|
|t:|1779840544
|switch|p1a: Pecharunt|Pecharunt|100/100
|turn|10
|
|t:|1779840551
|move|p1a: Pecharunt|Shadow Ball|p2a: Ursaluna
|-supereffective|p2a: Ursaluna
|-damage|p2a: Ursaluna|52/100 brn
|move|p2a: Ursaluna|Earthquake|p1a: Pecharunt
|-supereffective|p1a: Pecharunt
|-damage|p1a: Pecharunt|0 fnt
|faint|p1a: Pecharunt
|
|-damage|p2a: Ursaluna|46/100 brn|[from] brn
|upkeep
|
|t:|1779840565
|switch|p1a: Iron Valiant|Iron Valiant, shiny|100/100
|-enditem|p1a: Iron Valiant|Booster Energy
|-activate|p1a: Iron Valiant|ability: Quark Drive|[fromitem]
|-start|p1a: Iron Valiant|quarkdrivespe
|turn|11
|
|t:|1779840571
|move|p1a: Iron Valiant|Knock Off|p2a: Ursaluna
|-supereffective|p2a: Ursaluna
|-damage|p2a: Ursaluna|0 fnt
|-enditem|p2a: Ursaluna|Flame Orb|[from] move: Knock Off|[of] p1a: Iron Valiant
|faint|p2a: Ursaluna
|
|upkeep
|
|t:|1779840579
|switch|p2a: Toxapex|Toxapex, M|100/100
|turn|12
|
|t:|1779840583
|move|p1a: Iron Valiant|Knock Off|p2a: Toxapex
|-damage|p2a: Toxapex|79/100
|-enditem|p2a: Toxapex|Black Sludge|[from] move: Knock Off|[of] p1a: Iron Valiant
|move|p2a: Toxapex|Toxic|p1a: Iron Valiant
|-status|p1a: Iron Valiant|tox
|
|-damage|p1a: Iron Valiant|94/100 tox|[from] psn
|upkeep
|turn|13
|
|t:|1779840592
|move|p2a: Toxapex|Baneful Bunker|p2a: Toxapex
|-singleturn|p2a: Toxapex|move: Protect
|move|p1a: Iron Valiant|Encore|p2a: Toxapex
|-activate|p2a: Toxapex|move: Protect
|
|-damage|p1a: Iron Valiant|82/100 tox|[from] psn
|upkeep
|turn|14
|
|t:|1779840600
|switch|p2a: Slowbro|Slowbro, F|100/100 brn
|move|p1a: Iron Valiant|Encore||[still]
|-fail|p1a: Iron Valiant
|
|-damage|p1a: Iron Valiant|63/100 tox|[from] psn
|-damage|p2a: Slowbro|94/100 brn|[from] brn
|upkeep
|turn|15
|
|t:|1779840610
|switch|p2a: Toxapex|Toxapex, M|100/100
|move|p1a: Iron Valiant|Knock Off|p2a: Toxapex
|-damage|p2a: Toxapex|87/100
|
|-damage|p1a: Iron Valiant|38/100 tox|[from] psn
|upkeep
|turn|16
|
|t:|1779840619
|move|p2a: Toxapex|Baneful Bunker|p2a: Toxapex
|-singleturn|p2a: Toxapex|move: Protect
|move|p1a: Iron Valiant|Knock Off|p2a: Toxapex
|-activate|p2a: Toxapex|move: Protect
|
|-damage|p1a: Iron Valiant|7/100 tox|[from] psn
|upkeep
|turn|17
|
|t:|1779840627
|move|p1a: Iron Valiant|Knock Off|p2a: Toxapex
|-damage|p2a: Toxapex|73/100
|move|p2a: Toxapex|Recover|p2a: Toxapex
|-heal|p2a: Toxapex|100/100
|
|-damage|p1a: Iron Valiant|0 fnt|[from] psn
|faint|p1a: Iron Valiant
|-end|p1a: Iron Valiant|Quark Drive|[silent]
|upkeep
|
|t:|1779840632
|switch|p1a: Landorus|Landorus-Therian, M|100/100
|-ability|p1a: Landorus|Intimidate|boost
|-unboost|p2a: Toxapex|atk|1
|turn|18
|
|t:|1779840640
|switch|p2a: Vikavolt|Vikavolt, M|100/100
|move|p1a: Landorus|Taunt|p2a: Vikavolt
|-start|p2a: Vikavolt|move: Taunt
|
|upkeep
|turn|19
|
|t:|1779840649
|move|p1a: Landorus|Stealth Rock|p2a: Vikavolt
|-sidestart|p2: Pedroelentrenador|move: Stealth Rock
|move|p2a: Vikavolt|Energy Ball|p1a: Landorus
|-damage|p1a: Landorus|44/100
|
|upkeep
|turn|20
|
|t:|1779840665
|move|p1a: Landorus|U-turn|p2a: Vikavolt
|-damage|p2a: Vikavolt|78/100
|
|t:|1779840673
|switch|p1a: Volcanion|Volcanion|55/100|[from] U-turn
|move|p2a: Vikavolt|Energy Ball|p1a: Volcanion
|-damage|p1a: Volcanion|0 fnt
|faint|p1a: Volcanion
|
|-end|p2a: Vikavolt|move: Taunt
|upkeep
|
|t:|1779840684
|switch|p1a: Deoxys|Deoxys-Speed, shiny|100/100
|-ability|p1a: Deoxys|Pressure
|turn|21
|
|t:|1779840690
|move|p1a: Deoxys|Psycho Boost|p2a: Vikavolt
|-damage|p2a: Vikavolt|10/100
|-unboost|p1a: Deoxys|spa|2
|-enditem|p1a: Deoxys|Eject Pack
|
|t:|1779840695
|switch|p1a: Landorus|Landorus-Therian, M|44/100
|-ability|p1a: Landorus|Intimidate|boost
|-unboost|p2a: Vikavolt|atk|1
|move|p2a: Vikavolt|Energy Ball|p1a: Landorus
|-damage|p1a: Landorus|0 fnt
|faint|p1a: Landorus
|
|upkeep
|
|t:|1779840702
|switch|p1a: Deoxys|Deoxys-Speed, shiny|100/100
|-ability|p1a: Deoxys|Pressure
|turn|22
|
|t:|1779840708
|move|p1a: Deoxys|Knock Off|p2a: Vikavolt
|-damage|p2a: Vikavolt|0 fnt
|-enditem|p2a: Vikavolt|Choice Specs|[from] move: Knock Off|[of] p1a: Deoxys
|faint|p2a: Vikavolt
|
|upkeep
|
|t:|1779840717
|switch|p2a: Hatterene|Hatterene, F|100/100
|-damage|p2a: Hatterene|88/100|[from] Stealth Rock
|turn|23
|
|t:|1779840722
|move|p1a: Deoxys|Knock Off|p2a: Hatterene
|-damage|p2a: Hatterene|61/100
|-enditem|p2a: Hatterene|Sitrus Berry|[from] move: Knock Off|[of] p1a: Deoxys
|move|p2a: Hatterene|Shadow Ball|p1a: Deoxys
|-supereffective|p1a: Deoxys
|-damage|p1a: Deoxys|0 fnt
|faint|p1a: Deoxys
|
|win|Pedroelentrenador
|raw|cainhgemeprais's rating: 1374 &rarr; <strong>1353</strong><br />(-21 for losing)
|raw|Pedroelentrenador's rating: 1353 &rarr; <strong>1374</strong><br />(+21 for winning)
|l|☆cainhgemeprais
|player|p1|
|l|☆Pedroelentrenador
|player|p2|
