|j|‽WiLDfan4
|j|☆SuperM323Gaming
|t:|1779951792
|gametype|singles
|player|p1|WiLDfan4|265|1133
|player|p2|SuperM323Gaming|gambler|1103
|gen|9
|tier|[Gen 9] OU
|rated|
|rule|HP Percentage Mod: HP is shown in percentages
|rule|Endless Battle Clause: Forcing endless battles is banned
|rule|Species Clause: Limit one of each Pokémon
|rule|OHKO Clause: OHKO moves are banned
|rule|Evasion Items Clause: Evasion items are banned
|rule|Evasion Moves Clause: Evasion moves are banned
|rule|Evasion Abilities Clause: Evasion abilities are banned
|rule|Sleep Moves Clause: Sleep-inducing moves are banned
|clearpoke
|poke|p1|Tyranitar, M|
|poke|p1|Talonflame, M|
|poke|p1|Tinkaton, F|
|poke|p1|Toxapex, M|
|poke|p1|Torterra, M|
|poke|p1|Tauros, M|
|poke|p2|Greninja-*, F|
|poke|p2|Hatterene, F|
|poke|p2|Corviknight, F|
|poke|p2|Gliscor, M|
|poke|p2|Zapdos|
|poke|p2|Kyurem|
|teampreview
|inactive|Battle timer is ON: inactive players will automatically lose when time's up. (requested by SuperM323Gaming)
|
|t:|1779951801
|teamsize|p1|6
|teamsize|p2|6
|start
|switch|p1a: Toxapex|Toxapex, M|100/100
|switch|p2a: Gliscor|Gliscor, M|100/100
|turn|1
|
|t:|1779951815
|switch|p1a: Tinkaton|Tinkaton, F|100/100
|-ability|p1a: Tinkaton|Mold Breaker
|move|p2a: Gliscor|U-turn|p1a: Tinkaton
|-resisted|p1a: Tinkaton
|-damage|p1a: Tinkaton|94/100
|
|t:|1779951826
|switch|p2a: Hatterene|Hatterene, F, shiny|100/100|[from] U-turn
|
|-heal|p1a: Tinkaton|99/100|[from] item: Leftovers
|upkeep
|turn|2
|
|t:|1779951833
|move|p1a: Tinkaton|Gigaton Hammer|p2a: Hatterene
|-supereffective|p2a: Hatterene
|-damage|p2a: Hatterene|0 fnt
|faint|p2a: Hatterene
|
|-heal|p1a: Tinkaton|100/100|[from] item: Leftovers
|upkeep
|
|t:|1779951849
|switch|p2a: Corviknight|Corviknight, F|100/100
|turn|3
|
|t:|1779951859
|switch|p1a: Tyranitar|Tyranitar, M|100/100
|-weather|Sandstorm|[from] ability: Sand Stream|[of] p1a: Tyranitar
|move|p2a: Corviknight|Iron Defense|p2a: Corviknight
|-boost|p2a: Corviknight|def|2
|
|-weather|Sandstorm|[upkeep]
|upkeep
|turn|4
|
|t:|1779951869
|switch|p1a: Torterra|Torterra, M|100/100
|move|p2a: Corviknight|Body Press|p1a: Torterra
|-damage|p1a: Torterra|78/100
|
|-weather|Sandstorm|[upkeep]
|upkeep
|turn|5
|
|t:|1779951883
|move|p2a: Corviknight|Brave Bird|p1a: Torterra
|-supereffective|p1a: Torterra
|-damage|p1a: Torterra|31/100
|-damage|p2a: Corviknight|85/100|[from] Recoil
|move|p1a: Torterra|Leech Seed|p2a: Corviknight
|-start|p2a: Corviknight|move: Leech Seed
|
|-weather|Sandstorm|[upkeep]
|-heal|p2a: Corviknight|91/100|[from] item: Leftovers
|-damage|p2a: Corviknight|79/100|[from] Leech Seed|[of] p1a: Torterra
|-heal|p1a: Torterra|47/100|[silent]
|upkeep
|turn|6
|
|t:|1779951898
|move|p2a: Corviknight|Iron Defense|p2a: Corviknight
|-boost|p2a: Corviknight|def|2
|move|p1a: Torterra|Curse|p1a: Torterra
|-unboost|p1a: Torterra|spe|1
|-boost|p1a: Torterra|atk|1
|-boost|p1a: Torterra|def|1
|
|-weather|Sandstorm|[upkeep]
|-heal|p2a: Corviknight|85/100|[from] item: Leftovers
|-damage|p2a: Corviknight|73/100|[from] Leech Seed|[of] p1a: Torterra
|-heal|p1a: Torterra|64/100|[silent]
|upkeep
|turn|7
|
|t:|1779951908
|move|p2a: Corviknight|Iron Defense|p2a: Corviknight
|-boost|p2a: Corviknight|def|2
|move|p1a: Torterra|Curse|p1a: Torterra
|-unboost|p1a: Torterra|spe|1
|-boost|p1a: Torterra|atk|1
|-boost|p1a: Torterra|def|1
|
|-weather|none
|-heal|p2a: Corviknight|79/100|[from] item: Leftovers
|-damage|p2a: Corviknight|66/100|[from] Leech Seed|[of] p1a: Torterra
|-heal|p1a: Torterra|80/100|[silent]
|upkeep
|turn|8
|
|t:|1779951919
|move|p2a: Corviknight|Body Press|p1a: Torterra
|-damage|p1a: Torterra|58/100
|move|p1a: Torterra|Curse|p1a: Torterra
|-unboost|p1a: Torterra|spe|1
|-boost|p1a: Torterra|atk|1
|-boost|p1a: Torterra|def|1
|
|-heal|p2a: Corviknight|73/100|[from] item: Leftovers
|-damage|p2a: Corviknight|60/100|[from] Leech Seed|[of] p1a: Torterra
|-heal|p1a: Torterra|74/100|[silent]
|upkeep
|turn|9
|
|t:|1779951935
|move|p2a: Corviknight|Body Press|p1a: Torterra
|-damage|p1a: Torterra|54/100
|move|p1a: Torterra|Curse|p1a: Torterra
|-unboost|p1a: Torterra|spe|1
|-boost|p1a: Torterra|atk|1
|-boost|p1a: Torterra|def|1
|
|-heal|p2a: Corviknight|66/100|[from] item: Leftovers
|-damage|p2a: Corviknight|54/100|[from] Leech Seed|[of] p1a: Torterra
|-heal|p1a: Torterra|70/100|[silent]
|upkeep
|turn|10
|inactive|SuperM323Gaming has 120 seconds left.
|
|t:|1779951961
|move|p2a: Corviknight|Body Press|p1a: Torterra
|-damage|p1a: Torterra|54/100
|move|p1a: Torterra|Curse|p1a: Torterra
|-unboost|p1a: Torterra|spe|1
|-boost|p1a: Torterra|atk|1
|-boost|p1a: Torterra|def|1
|
|-heal|p2a: Corviknight|60/100|[from] item: Leftovers
|-damage|p2a: Corviknight|48/100|[from] Leech Seed|[of] p1a: Torterra
|-heal|p1a: Torterra|70/100|[silent]
|upkeep
|turn|11
|
|t:|1779951972
|move|p2a: Corviknight|Roost|p2a: Corviknight
|-heal|p2a: Corviknight|98/100
|-singleturn|p2a: Corviknight|move: Roost
|move|p1a: Torterra|Curse|p1a: Torterra
|-unboost|p1a: Torterra|spe|1
|-boost|p1a: Torterra|atk|1
|-boost|p1a: Torterra|def|1
|
|-heal|p2a: Corviknight|100/100|[from] item: Leftovers
|-damage|p2a: Corviknight|88/100|[from] Leech Seed|[of] p1a: Torterra
|-heal|p1a: Torterra|87/100|[silent]
|upkeep
|turn|12
|
|t:|1779951985
|move|p2a: Corviknight|Body Press|p1a: Torterra
|-damage|p1a: Torterra|75/100
|move|p1a: Torterra|Seed Bomb|p2a: Corviknight
|-resisted|p2a: Corviknight
|-damage|p2a: Corviknight|82/100
|
|-heal|p2a: Corviknight|88/100|[from] item: Leftovers
|-damage|p2a: Corviknight|76/100|[from] Leech Seed|[of] p1a: Torterra
|-heal|p1a: Torterra|91/100|[silent]
|upkeep
|turn|13
|
|t:|1779951996
|move|p2a: Corviknight|Brave Bird|p1a: Torterra
|-supereffective|p1a: Torterra
|-damage|p1a: Torterra|78/100
|-damage|p2a: Corviknight|71/100|[from] Recoil
|move|p1a: Torterra|Seed Bomb|p2a: Corviknight
|-resisted|p2a: Corviknight
|-damage|p2a: Corviknight|66/100
|
|-heal|p2a: Corviknight|72/100|[from] item: Leftovers
|-damage|p2a: Corviknight|59/100|[from] Leech Seed|[of] p1a: Torterra
|-heal|p1a: Torterra|95/100|[silent]
|upkeep
|turn|14
|
|t:|1779952008
|move|p2a: Corviknight|Body Press|p1a: Torterra
|-damage|p1a: Torterra|83/100
|move|p1a: Torterra|Seed Bomb|p2a: Corviknight
|-resisted|p2a: Corviknight
|-damage|p2a: Corviknight|53/100
|
|-heal|p2a: Corviknight|59/100|[from] item: Leftovers
|-damage|p2a: Corviknight|47/100|[from] Leech Seed|[of] p1a: Torterra
|-heal|p1a: Torterra|99/100|[silent]
|upkeep
|turn|15
|
|t:|1779952018
|move|p2a: Corviknight|Roost|p2a: Corviknight
|-heal|p2a: Corviknight|97/100
|-singleturn|p2a: Corviknight|move: Roost
|move|p1a: Torterra|Earthquake|p2a: Corviknight
|-supereffective|p2a: Corviknight
|-damage|p2a: Corviknight|35/100
|
|-heal|p2a: Corviknight|42/100|[from] item: Leftovers
|-damage|p2a: Corviknight|29/100|[from] Leech Seed|[of] p1a: Torterra
|-heal|p1a: Torterra|100/100|[silent]
|upkeep
|turn|16
|
|t:|1779952030
|move|p2a: Corviknight|Brave Bird|p1a: Torterra
|-supereffective|p1a: Torterra
|-damage|p1a: Torterra|88/100
|-damage|p2a: Corviknight|25/100|[from] Recoil
|move|p1a: Torterra|Earthquake|p2a: Corviknight
|-immune|p2a: Corviknight
|
|-heal|p2a: Corviknight|31/100|[from] item: Leftovers
|-damage|p2a: Corviknight|19/100|[from] Leech Seed|[of] p1a: Torterra
|-heal|p1a: Torterra|100/100|[silent]
|upkeep
|turn|17
|
|t:|1779952041
|move|p2a: Corviknight|Roost|p2a: Corviknight
|-heal|p2a: Corviknight|69/100
|-singleturn|p2a: Corviknight|move: Roost
|move|p1a: Torterra|Earthquake|p2a: Corviknight
|-supereffective|p2a: Corviknight
|-crit|p2a: Corviknight
|-damage|p2a: Corviknight|0 fnt
|faint|p2a: Corviknight
|
|upkeep
|
|t:|1779952050
|switch|p2a: Greninja|Greninja, F|100/100
|turn|18
|
|t:|1779952053
|switch|p1a: Tyranitar|Tyranitar, M|100/100
|-weather|Sandstorm|[from] ability: Sand Stream|[of] p1a: Tyranitar
|move|p2a: Greninja|Ice Beam|p1a: Tyranitar
|-start|p2a: Greninja|typechange|Ice|[from] ability: Protean
|-damage|p1a: Tyranitar|85/100
|
|-weather|Sandstorm|[upkeep]
|-damage|p2a: Greninja|95/100|[from] Sandstorm
|upkeep
|turn|19
|
|t:|1779952065
|switch|p2a: Gliscor|Gliscor, M|100/100
|move|p1a: Tyranitar|Rock Slide|p2a: Gliscor
|-damage|p2a: Gliscor|69/100
|
|-weather|Sandstorm|[upkeep]
|-status|p2a: Gliscor|tox|[from] item: Toxic Orb
|upkeep
|turn|20
|
|t:|1779952074
|move|p2a: Gliscor|Stealth Rock|p1a: Tyranitar
|-sidestart|p1: WiLDfan4|move: Stealth Rock
|move|p1a: Tyranitar|Avalanche|p2a: Gliscor
|-supereffective|p2a: Gliscor
|-damage|p2a: Gliscor|1/100 tox
|
|-weather|Sandstorm|[upkeep]
|-heal|p2a: Gliscor|14/100 tox|[from] ability: Poison Heal
|upkeep
|turn|21
|
|t:|1779952083
|move|p2a: Gliscor|Earthquake|p1a: Tyranitar
|-supereffective|p1a: Tyranitar
|-damage|p1a: Tyranitar|23/100
|move|p1a: Tyranitar|Avalanche|p2a: Gliscor
|-supereffective|p2a: Gliscor
|-damage|p2a: Gliscor|0 fnt
|faint|p2a: Gliscor
|
|-weather|Sandstorm|[upkeep]
|upkeep
|
|t:|1779952093
|switch|p2a: Kyurem|Kyurem|100/100
|-ability|p2a: Kyurem|Pressure
|turn|22
|
|t:|1779952099
|move|p2a: Kyurem|Earth Power|p1a: Tyranitar
|-supereffective|p1a: Tyranitar
|-damage|p1a: Tyranitar|5/100
|move|p1a: Tyranitar|Rock Slide|p2a: Kyurem
|-supereffective|p2a: Kyurem
|-damage|p2a: Kyurem|48/100
|
|-weather|none
|upkeep
|turn|23
|
|t:|1779952109
|switch|p1a: Talonflame|Talonflame, M|100/100
|move|p2a: Kyurem|Dragon Pulse|p1a: Talonflame
|-damage|p1a: Talonflame|21/100
|
|upkeep
|turn|24
|
|t:|1779952118
|switch|p2a: Zapdos|Zapdos|100/100
|move|p1a: Talonflame|Defog|p2a: Zapdos
|-unboost|p2a: Zapdos|evasion|1
|-sideend|p1: WiLDfan4|Stealth Rock|[from] move: Defog|[of] p1a: Talonflame
|
|upkeep
|turn|25
|
|t:|1779952125
|switch|p1a: Torterra|Torterra, M|100/100
|move|p2a: Zapdos|Volt Switch|p1a: Torterra
|-immune|p1a: Torterra
|
|upkeep
|turn|26
|
|t:|1779952134
|move|p2a: Zapdos|Heat Wave|p1a: Torterra
|-supereffective|p1a: Torterra
|-damage|p1a: Torterra|28/100
|move|p1a: Torterra|Leech Seed|p2a: Zapdos
|-start|p2a: Zapdos|move: Leech Seed
|
|-damage|p2a: Zapdos|88/100|[from] Leech Seed|[of] p1a: Torterra
|-heal|p1a: Torterra|44/100|[silent]
|upkeep
|turn|27
|
|t:|1779952142
|switch|p1a: Tyranitar|Tyranitar, M|5/100
|-weather|Sandstorm|[from] ability: Sand Stream|[of] p1a: Tyranitar
|move|p2a: Zapdos|Heat Wave|p1a: Tyranitar
|-resisted|p1a: Tyranitar
|-damage|p1a: Tyranitar|0 fnt
|faint|p1a: Tyranitar
|
|-weather|Sandstorm|[upkeep]
|-damage|p2a: Zapdos|82/100|[from] Sandstorm
|upkeep
|
|t:|1779952157
|switch|p1a: Tauros|Tauros, M|100/100
|turn|28
|
|t:|1779952163
|move|p1a: Tauros|Rock Slide|p2a: Zapdos
|-supereffective|p2a: Zapdos
|-crit|p2a: Zapdos
|-damage|p2a: Zapdos|0 fnt
|faint|p2a: Zapdos
|
|-weather|Sandstorm|[upkeep]
|-damage|p1a: Tauros|94/100|[from] Sandstorm
|upkeep
|
|t:|1779952168
|switch|p2a: Greninja|Greninja, F|95/100
|turn|29
|
|t:|1779952178
|move|p2a: Greninja|Hydro Pump|p1a: Tauros|[miss]
|-start|p2a: Greninja|typechange|Water|[from] ability: Protean
|-miss|p2a: Greninja|p1a: Tauros
|move|p1a: Tauros|Body Slam|p2a: Greninja
|-damage|p2a: Greninja|21/100
|
|-weather|Sandstorm|[upkeep]
|-damage|p2a: Greninja|15/100|[from] Sandstorm
|-damage|p1a: Tauros|88/100|[from] Sandstorm
|upkeep
|turn|30
|
|t:|1779952190
|move|p2a: Greninja|Hydro Pump|p1a: Tauros
|-damage|p1a: Tauros|0 fnt
|faint|p1a: Tauros
|
|-weather|Sandstorm|[upkeep]
|-damage|p2a: Greninja|9/100|[from] Sandstorm
|upkeep
|
|t:|1779952198
|switch|p1a: Toxapex|Toxapex, M|100/100
|turn|31
|
|t:|1779952203
|move|p1a: Toxapex|Baneful Bunker|p1a: Toxapex
|-singleturn|p1a: Toxapex|move: Protect
|move|p2a: Greninja|Hydro Pump|p1a: Toxapex
|-activate|p1a: Toxapex|move: Protect
|
|-weather|none
|upkeep
|turn|32
|
|t:|1779952211
|switch|p2a: Kyurem|Kyurem|48/100
|-ability|p2a: Kyurem|Pressure
|move|p1a: Toxapex|Toxic|p2a: Kyurem
|-status|p2a: Kyurem|tox
|
|-damage|p2a: Kyurem|41/100 tox|[from] psn
|upkeep
|turn|33
|
|t:|1779952223
|move|p1a: Toxapex|Baneful Bunker|p1a: Toxapex
|-singleturn|p1a: Toxapex|move: Protect
|move|p2a: Kyurem|Freeze-Dry|p1a: Toxapex
|-activate|p1a: Toxapex|move: Protect
|
|-damage|p2a: Kyurem|29/100 tox|[from] psn
|upkeep
|turn|34
|
|t:|1779952232
|-terastallize|p1a: Toxapex|Poison
|move|p2a: Kyurem|Freeze-Dry|p1a: Toxapex
|-damage|p1a: Toxapex|70/100
|move|p1a: Toxapex|Recover|p1a: Toxapex
|-heal|p1a: Toxapex|100/100
|
|-damage|p2a: Kyurem|11/100 tox|[from] psn
|upkeep
|turn|35
|
|t:|1779952242
|move|p1a: Toxapex|Baneful Bunker|p1a: Toxapex
|-singleturn|p1a: Toxapex|move: Protect
|move|p2a: Kyurem|Earth Power|p1a: Toxapex
|-activate|p1a: Toxapex|move: Protect
|
|-damage|p2a: Kyurem|0 fnt|[from] psn
|faint|p2a: Kyurem
|upkeep
|
|t:|1779952244
|switch|p2a: Greninja|Greninja, F|9/100
|turn|36
|
|t:|1779952253
|move|p2a: Greninja|Extrasensory|p1a: Toxapex
|-start|p2a: Greninja|typechange|Psychic|[from] ability: Protean
|-supereffective|p1a: Toxapex
|-damage|p1a: Toxapex|15/100
|move|p1a: Toxapex|Toxic|p2a: Greninja
|-status|p2a: Greninja|tox
|
|-heal|p1a: Toxapex|21/100|[from] item: Black Sludge
|-damage|p2a: Greninja|3/100 tox|[from] psn
|upkeep
|turn|37
|
|t:|1779952265
|move|p1a: Toxapex|Baneful Bunker|p1a: Toxapex
|-singleturn|p1a: Toxapex|move: Protect
|move|p2a: Greninja|Extrasensory|p1a: Toxapex
|-activate|p1a: Toxapex|move: Protect
|
|-heal|p1a: Toxapex|27/100|[from] item: Black Sludge
|-damage|p2a: Greninja|0 fnt|[from] psn
|faint|p2a: Greninja
|
|win|WiLDfan4
|raw|WiLDfan4's rating: 1133 &rarr; <strong>1156</strong><br />(+23 for winning)
|raw|SuperM323Gaming's rating: 1103 &rarr; <strong>1080</strong><br />(-23 for losing)
|l|☆SuperM323Gaming
|player|p2|
|l|‽WiLDfan4
|player|p1|
|j|‽WiLDfan4
|player|p1|WiLDfan4|265|
|n|‽WiLDfan4|wildfan4
