|j|☆senpako
|j|☆EdgeLordK
|t:|1779946363
|gametype|singles
|player|p1|senpako|koga|1460
|player|p2|EdgeLordK|hilbert|1474
|gen|9
|tier|[Gen 9] OU
|rated|
|rule|HP Percentage Mod: HP is shown in percentages
|rule|Endless Battle Clause: Forcing endless battles is banned
|rule|Species Clause: Limit one of each Pokémon
|rule|OHKO Clause: OHKO moves are banned
|rule|Evasion Items Clause: Evasion items are banned
|rule|Evasion Moves Clause: Evasion moves are banned
|rule|Evasion Abilities Clause: Evasion abilities are banned
|rule|Sleep Moves Clause: Sleep-inducing moves are banned
|clearpoke
|poke|p1|Ceruledge, F|
|poke|p1|Kyurem|
|poke|p1|Moltres-Galar|
|poke|p1|Iron Valiant|
|poke|p1|Walking Wake|
|poke|p1|Gholdengo|
|poke|p2|Great Tusk|
|poke|p2|Sinistcha-Masterpiece|
|poke|p2|Iron Moth|
|poke|p2|Quaquaval, M|
|poke|p2|Kingambit, F|
|poke|p2|Raging Bolt|
|teampreview
|inactive|Battle timer is ON: inactive players will automatically lose when time's up. (requested by EdgeLordK)
|
|t:|1779946392
|teamsize|p1|6
|teamsize|p2|6
|start
|switch|p1a: Gholdengo|Gholdengo|100/100
|switch|p2a: Raging Bolt|Raging Bolt|100/100
|turn|1
|
|t:|1779946410
|move|p1a: Gholdengo|Shadow Ball|p2a: Raging Bolt
|-damage|p2a: Raging Bolt|60/100
|move|p2a: Raging Bolt|Thunderbolt|p1a: Gholdengo
|-damage|p1a: Gholdengo|38/100
|
|-heal|p2a: Raging Bolt|66/100|[from] item: Leftovers
|upkeep
|turn|2
|
|t:|1779946417
|switch|p1a: Kyurem|Kyurem|100/100
|-ability|p1a: Kyurem|Pressure
|move|p2a: Raging Bolt|Thunderbolt|p1a: Kyurem
|-resisted|p1a: Kyurem
|-damage|p1a: Kyurem|75/100
|
|-heal|p2a: Raging Bolt|72/100|[from] item: Leftovers
|upkeep
|turn|3
|
|t:|1779946431
|-terastallize|p2a: Raging Bolt|Fairy
|move|p1a: Kyurem|Scale Shot|p2a: Raging Bolt
|-immune|p2a: Raging Bolt
|move|p2a: Raging Bolt|Dragon Pulse|p1a: Kyurem
|-supereffective|p1a: Kyurem
|-damage|p1a: Kyurem|0 fnt
|faint|p1a: Kyurem
|
|-heal|p2a: Raging Bolt|78/100|[from] item: Leftovers
|upkeep
|
|t:|1779946437
|switch|p1a: Gholdengo|Gholdengo|38/100
|turn|4
|
|t:|1779946442
|-end|p2a: Raging Bolt|Protosynthesis|[silent]
|switch|p2a: Kingambit|Kingambit, F|100/100
|move|p1a: Gholdengo|Make It Rain|p2a: Kingambit
|-resisted|p2a: Kingambit
|-damage|p2a: Kingambit|68/100
|-unboost|p1a: Gholdengo|spa|1
|
|-heal|p2a: Kingambit|74/100|[from] item: Leftovers
|upkeep
|turn|5
|
|t:|1779946451
|switch|p1a: Moltres|Moltres-Galar, shiny|100/100
|move|p2a: Kingambit|Kowtow Cleave|p1a: Moltres
|-resisted|p1a: Moltres
|-damage|p1a: Moltres|72/100
|
|-heal|p2a: Kingambit|80/100|[from] item: Leftovers
|upkeep
|turn|6
|
|t:|1779946459
|move|p1a: Moltres|Nasty Plot|p1a: Moltres
|-boost|p1a: Moltres|spa|2
|move|p2a: Kingambit|Iron Head|p1a: Moltres
|-damage|p1a: Moltres|18/100
|-ability|p1a: Moltres|Berserk|boost
|-boost|p1a: Moltres|spa|1
|-enditem|p1a: Moltres|Sitrus Berry|[eat]
|-heal|p1a: Moltres|43/100|[from] item: Sitrus Berry
|
|-heal|p2a: Kingambit|86/100|[from] item: Leftovers
|upkeep
|turn|7
|
|t:|1779946477
|move|p1a: Moltres|Fiery Wrath|p2a: Kingambit
|-resisted|p2a: Kingambit
|-damage|p2a: Kingambit|31/100
|cant|p2a: Kingambit|flinch
|
|-heal|p2a: Kingambit|38/100|[from] item: Leftovers
|upkeep
|turn|8
|
|t:|1779946498
|move|p1a: Moltres|Fiery Wrath|p2a: Kingambit
|-resisted|p2a: Kingambit
|-damage|p2a: Kingambit|0 fnt
|faint|p2a: Kingambit
|-end|p2a: Kingambit|fallenundefined|[silent]
|
|upkeep
|inactive|EdgeLordK has 120 seconds left.
|
|t:|1779946530
|switch|p2a: Raging Bolt|Raging Bolt, tera:Fairy|78/100
|turn|9
|
|t:|1779946534
|-terastallize|p1a: Moltres|Ground
|move|p2a: Raging Bolt|Thunderclap||[still]
|-fail|p2a: Raging Bolt
|move|p1a: Moltres|Agility|p1a: Moltres
|-boost|p1a: Moltres|spe|2
|
|-heal|p2a: Raging Bolt|84/100|[from] item: Leftovers
|upkeep
|turn|10
|
|t:|1779946542
|move|p1a: Moltres|Fiery Wrath|p2a: Raging Bolt
|-resisted|p2a: Raging Bolt
|-damage|p2a: Raging Bolt|40/100
|cant|p2a: Raging Bolt|flinch
|
|-heal|p2a: Raging Bolt|46/100|[from] item: Leftovers
|upkeep
|turn|11
|inactive|EdgeLordK has 120 seconds left.
|
|t:|1779946551
|move|p1a: Moltres|Fiery Wrath|p2a: Raging Bolt
|-resisted|p2a: Raging Bolt
|-damage|p2a: Raging Bolt|2/100
|move|p2a: Raging Bolt|Dragon Pulse|p1a: Moltres
|-damage|p1a: Moltres|2/100
|
|-heal|p2a: Raging Bolt|8/100|[from] item: Leftovers
|upkeep
|turn|12
|inactive|EdgeLordK has 120 seconds left.
|
|t:|1779946570
|move|p1a: Moltres|Fiery Wrath|p2a: Raging Bolt
|-resisted|p2a: Raging Bolt
|-damage|p2a: Raging Bolt|0 fnt
|faint|p2a: Raging Bolt
|-end|p2a: Raging Bolt|Protosynthesis|[silent]
|
|upkeep
|
|t:|1779946575
|switch|p2a: Quaquaval|Quaquaval, M|100/100
|turn|13
|
|t:|1779946579
|move|p2a: Quaquaval|Aqua Jet|p1a: Moltres
|-supereffective|p1a: Moltres
|-damage|p1a: Moltres|0 fnt
|faint|p1a: Moltres
|-ability|p2a: Quaquaval|Moxie|boost
|-boost|p2a: Quaquaval|atk|1
|
|upkeep
|
|t:|1779946594
|switch|p1a: Walking Wake|Walking Wake|100/100
|-enditem|p1a: Walking Wake|Booster Energy
|-activate|p1a: Walking Wake|ability: Protosynthesis|[fromitem]
|-start|p1a: Walking Wake|protosynthesisspa
|turn|14
|
|t:|1779946602
|move|p1a: Walking Wake|Draco Meteor|p2a: Quaquaval
|-damage|p2a: Quaquaval|11/100
|-unboost|p1a: Walking Wake|spa|2
|move|p2a: Quaquaval|Close Combat|p1a: Walking Wake
|-damage|p1a: Walking Wake|6/100
|-unboost|p2a: Quaquaval|def|1
|-unboost|p2a: Quaquaval|spd|1
|
|upkeep
|turn|15
|
|t:|1779946611
|move|p2a: Quaquaval|Aqua Jet|p1a: Walking Wake
|-resisted|p1a: Walking Wake
|-damage|p1a: Walking Wake|0 fnt
|faint|p1a: Walking Wake
|-end|p1a: Walking Wake|Protosynthesis|[silent]
|-ability|p2a: Quaquaval|Moxie|boost
|-boost|p2a: Quaquaval|atk|1
|
|upkeep
|
|t:|1779946614
|switch|p1a: Ceruledge|Ceruledge, F|100/100
|turn|16
|
|t:|1779946622
|move|p2a: Quaquaval|Aqua Jet|p1a: Ceruledge
|-supereffective|p1a: Ceruledge
|-enditem|p1a: Ceruledge|Focus Sash
|-damage|p1a: Ceruledge|1/100
|-ability|p1a: Ceruledge|Weak Armor|boost
|-unboost|p1a: Ceruledge|def|1
|-boost|p1a: Ceruledge|spe|2
|move|p1a: Ceruledge|Shadow Sneak|p2a: Quaquaval
|-damage|p2a: Quaquaval|0 fnt
|faint|p2a: Quaquaval
|
|upkeep
|
|t:|1779946634
|switch|p2a: Great Tusk|Great Tusk|100/100
|turn|17
|
|t:|1779946637
|move|p1a: Ceruledge|Destiny Bond|p1a: Ceruledge
|-singlemove|p1a: Ceruledge|Destiny Bond
|move|p2a: Great Tusk|Earthquake|p1a: Ceruledge
|-supereffective|p1a: Ceruledge
|-damage|p1a: Ceruledge|0 fnt
|faint|p1a: Ceruledge
|-activate|p1a: Ceruledge|move: Destiny Bond
|faint|p2a: Great Tusk
|-end|p2a: Great Tusk|Protosynthesis|[silent]
|
|upkeep
|
|t:|1779946649
|switch|p2a: Sinistcha|Sinistcha-Masterpiece|100/100
|switch|p1a: Gholdengo|Gholdengo|38/100
|turn|18
|
|t:|1779946654
|move|p1a: Gholdengo|Trick|p2a: Sinistcha
|-activate|p1a: Gholdengo|move: Trick|[of] p2a: Sinistcha
|-item|p2a: Sinistcha|Choice Scarf|[from] move: Trick
|-item|p1a: Gholdengo|Leftovers|[from] move: Trick
|move|p2a: Sinistcha|Shadow Ball|p1a: Gholdengo
|-supereffective|p1a: Gholdengo
|-damage|p1a: Gholdengo|0 fnt
|faint|p1a: Gholdengo
|
|upkeep
|
|t:|1779946659
|switch|p1a: Iron Valiant|Iron Valiant|100/100
|-enditem|p1a: Iron Valiant|Booster Energy
|-activate|p1a: Iron Valiant|ability: Quark Drive|[fromitem]
|-start|p1a: Iron Valiant|quarkdrivespe
|turn|19
|
|t:|1779946665
|move|p1a: Iron Valiant|Calm Mind|p1a: Iron Valiant
|-boost|p1a: Iron Valiant|spa|1
|-boost|p1a: Iron Valiant|spd|1
|move|p2a: Sinistcha|Shadow Ball|p1a: Iron Valiant
|-damage|p1a: Iron Valiant|50/100
|
|upkeep
|turn|20
|
|t:|1779946672
|move|p1a: Iron Valiant|Moonblast|p2a: Sinistcha
|-damage|p2a: Sinistcha|19/100
|move|p2a: Sinistcha|Shadow Ball|p1a: Iron Valiant
|-damage|p1a: Iron Valiant|0 fnt
|faint|p1a: Iron Valiant
|-end|p1a: Iron Valiant|Quark Drive|[silent]
|
|win|EdgeLordK
|raw|senpako's rating: 1460 &rarr; <strong>1441</strong><br />(-19 for losing)
|raw|EdgeLordK's rating: 1474 &rarr; <strong>1493</strong><br />(+19 for winning)
|l|☆senpako
|player|p1|
|l|☆EdgeLordK
|player|p2|
