|j|☆Titanium Tango
|j|☆juniorpokr123
|t:|1779843333
|gametype|singles
|player|p1|Titanium Tango|depotagent|1119
|player|p2|juniorpokr123|170|1082
|gen|9
|tier|[Gen 9] OU
|rated|
|rule|HP Percentage Mod: HP is shown in percentages
|rule|Endless Battle Clause: Forcing endless battles is banned
|rule|Species Clause: Limit one of each Pokémon
|rule|OHKO Clause: OHKO moves are banned
|rule|Evasion Items Clause: Evasion items are banned
|rule|Evasion Moves Clause: Evasion moves are banned
|rule|Evasion Abilities Clause: Evasion abilities are banned
|rule|Sleep Moves Clause: Sleep-inducing moves are banned
|clearpoke
|poke|p1|Spidops, M|
|poke|p1|Volbeat, M|
|poke|p1|Conkeldurr, F|
|poke|p1|Klawf, F|
|poke|p1|Dugtrio-Alola, M|
|poke|p1|Amoonguss, M|
|poke|p2|Ursaluna, F|
|poke|p2|Oranguru, M|
|poke|p2|Kingambit, F|
|poke|p2|Farigiraf, F|
|poke|p2|Torkoal, F|
|poke|p2|Chesnaught, F|
|teampreview
|c|☆Titanium Tango|gl hf
|
|t:|1779843339
|teamsize|p1|6
|teamsize|p2|6
|start
|switch|p1a: Klawf|Klawf, F|100/100
|switch|p2a: Farigiraf|Farigiraf, F|100/100
|turn|1
|
|t:|1779843347
|move|p1a: Klawf|Stone Edge|p2a: Farigiraf|[miss]
|-miss|p1a: Klawf|p2a: Farigiraf
|move|p2a: Farigiraf|Trick Room|p2a: Farigiraf
|-fieldstart|move: Trick Room|[of] p2a: Farigiraf
|
|upkeep
|turn|2
|
|t:|1779843357
|switch|p2a: Chesnaught|Chesnaught, F, shiny|100/100
|move|p1a: Klawf|Stone Edge|p2a: Chesnaught|[miss]
|-miss|p1a: Klawf|p2a: Chesnaught
|
|upkeep
|turn|3
|
|t:|1779843363
|switch|p1a: Spidops|Spidops, M|100/100
|move|p2a: Chesnaught|Leech Seed|p1a: Spidops
|-start|p1a: Spidops|move: Leech Seed
|
|-damage|p1a: Spidops|88/100|[from] Leech Seed|[of] p2a: Chesnaught
|upkeep
|turn|4
|
|t:|1779843371
|move|p2a: Chesnaught|Spiky Shield|p2a: Chesnaught
|-singleturn|p2a: Chesnaught|move: Protect
|move|p1a: Spidops|First Impression|p2a: Chesnaught
|-activate|p2a: Chesnaught|move: Protect
|-damage|p1a: Spidops|76/100|[from] Spiky Shield|[of] p2a: Chesnaught
|
|-damage|p1a: Spidops|63/100|[from] Leech Seed|[of] p2a: Chesnaught
|upkeep
|turn|5
|
|t:|1779843380
|move|p1a: Spidops|Toxic Spikes|p2a: Chesnaught
|-sidestart|p2: juniorpokr123|move: Toxic Spikes
|move|p2a: Chesnaught|Iron Defense|p2a: Chesnaught
|-boost|p2a: Chesnaught|def|2
|
|-damage|p1a: Spidops|51/100|[from] Leech Seed|[of] p2a: Chesnaught
|-fieldend|move: Trick Room
|upkeep
|turn|6
|
|t:|1779843387
|move|p2a: Chesnaught|Body Press|p1a: Spidops
|-resisted|p1a: Spidops
|-damage|p1a: Spidops|6/100
|-enditem|p1a: Spidops|Sitrus Berry|[eat]
|-heal|p1a: Spidops|31/100|[from] item: Sitrus Berry
|move|p1a: Spidops|Toxic Spikes|p2a: Chesnaught
|-sidestart|p2: juniorpokr123|move: Toxic Spikes
|
|-damage|p1a: Spidops|19/100|[from] Leech Seed|[of] p2a: Chesnaught
|upkeep
|turn|7
|
|t:|1779843398
|switch|p1a: Volbeat|Volbeat, M|100/100
|move|p2a: Chesnaught|Body Press|p1a: Volbeat
|-resisted|p1a: Volbeat
|-damage|p1a: Volbeat|45/100
|
|upkeep
|turn|8
|
|t:|1779843404
|move|p1a: Volbeat|Tailwind|p1a: Volbeat
|-sidestart|p1: Titanium Tango|move: Tailwind
|move|p2a: Chesnaught|Body Press|p1a: Volbeat
|-resisted|p1a: Volbeat
|-damage|p1a: Volbeat|0 fnt
|faint|p1a: Volbeat
|
|upkeep
|
|t:|1779843410
|switch|p1a: Amoonguss|Amoonguss, M|100/100
|turn|9
|
|t:|1779843415
|move|p1a: Amoonguss|Sludge Bomb|p2a: Chesnaught
|-supereffective|p2a: Chesnaught
|-damage|p2a: Chesnaught|0 fnt
|faint|p2a: Chesnaught
|
|upkeep
|
|t:|1779843423
|switch|p2a: Farigiraf|Farigiraf, F|100/100
|-status|p2a: Farigiraf|tox
|turn|10
|
|t:|1779843432
|switch|p1a: Klawf|Klawf, F|100/100
|move|p2a: Farigiraf|Trick Room|p2a: Farigiraf
|-fieldstart|move: Trick Room|[of] p2a: Farigiraf
|
|-damage|p2a: Farigiraf|94/100 tox|[from] psn
|upkeep
|turn|11
|
|t:|1779843439
|move|p2a: Farigiraf|Foul Play|p1a: Klawf
|-crit|p1a: Klawf
|-damage|p1a: Klawf|61/100
|move|p1a: Klawf|Stone Edge|p2a: Farigiraf
|-damage|p2a: Farigiraf|61/100 tox
|-enditem|p2a: Farigiraf|Eject Button
|
|t:|1779843448
|switch|p2a: Kingambit|Kingambit, F|100/100
|-activate|p2a: Kingambit|ability: Supreme Overlord
|-start|p2a: Kingambit|fallen1|[silent]
|-item|p2a: Kingambit|Air Balloon
|
|-heal|p1a: Klawf|67/100|[from] item: Leftovers
|-sideend|p1: Titanium Tango|move: Tailwind
|upkeep
|turn|12
|
|t:|1779843457
|move|p1a: Klawf|Protect|p1a: Klawf
|-singleturn|p1a: Klawf|Protect
|move|p2a: Kingambit|Iron Head|p1a: Klawf
|-activate|p1a: Klawf|move: Protect
|
|-heal|p1a: Klawf|73/100|[from] item: Leftovers
|upkeep
|turn|13
|
|t:|1779843465
|-terastallize|p1a: Klawf|Water
|move|p2a: Kingambit|Iron Head|p1a: Klawf
|-resisted|p1a: Klawf
|-crit|p1a: Klawf
|-damage|p1a: Klawf|40/100
|move|p1a: Klawf|Temper Flare|p2a: Kingambit
|-supereffective|p2a: Kingambit
|-damage|p2a: Kingambit|69/100
|-enditem|p2a: Kingambit|Air Balloon
|
|-heal|p1a: Klawf|46/100|[from] item: Leftovers
|upkeep
|turn|14
|
|t:|1779843476
|move|p2a: Kingambit|Kowtow Cleave|p1a: Klawf
|-crit|p1a: Klawf
|-damage|p1a: Klawf|0 fnt
|faint|p1a: Klawf
|
|-fieldend|move: Trick Room
|upkeep
|
|t:|1779843481
|switch|p1a: Dugtrio|Dugtrio-Alola, M|100/100
|turn|15
|
|t:|1779843487
|-terastallize|p2a: Kingambit|Flying
|move|p1a: Dugtrio|Earthquake|p2a: Kingambit
|-immune|p2a: Kingambit
|move|p2a: Kingambit|Kowtow Cleave|p1a: Dugtrio
|-enditem|p1a: Dugtrio|Focus Sash
|-damage|p1a: Dugtrio|1/100
|-ability|p1a: Dugtrio|Tangling Hair
|-unboost|p2a: Kingambit|spe|1
|
|upkeep
|turn|16
|
|t:|1779843498
|move|p2a: Kingambit|Sucker Punch|p1a: Dugtrio
|-damage|p1a: Dugtrio|0 fnt
|-ability|p1a: Dugtrio|Tangling Hair
|-unboost|p2a: Kingambit|spe|1
|faint|p1a: Dugtrio
|
|upkeep
|
|t:|1779843505
|switch|p1a: Conkeldurr|Conkeldurr, F|100/100
|turn|17
|
|t:|1779843509
|-end|p2a: Kingambit|fallen1|[silent]
|switch|p2a: Farigiraf|Farigiraf, F|61/100 tox
|move|p1a: Conkeldurr|Ice Punch|p2a: Farigiraf
|-damage|p2a: Farigiraf|39/100 tox
|
|-damage|p2a: Farigiraf|33/100 tox|[from] psn
|-status|p1a: Conkeldurr|brn|[from] item: Flame Orb
|upkeep
|turn|18
|
|t:|1779843517
|move|p1a: Conkeldurr|Drain Punch|p2a: Farigiraf
|-damage|p2a: Farigiraf|0 fnt
|faint|p2a: Farigiraf
|
|-damage|p1a: Conkeldurr|94/100 brn|[from] brn
|upkeep
|
|t:|1779843523
|switch|p2a: Oranguru|Oranguru, M|100/100
|-status|p2a: Oranguru|tox
|turn|19
|
|t:|1779843527
|switch|p1a: Spidops|Spidops, M|19/100
|move|p2a: Oranguru|Trick Room|p2a: Oranguru
|-fieldstart|move: Trick Room|[of] p2a: Oranguru
|
|-damage|p2a: Oranguru|94/100 tox|[from] psn
|upkeep
|turn|20
|
|t:|1779843533
|move|p2a: Oranguru|Protect|p2a: Oranguru
|-singleturn|p2a: Oranguru|Protect
|move|p1a: Spidops|First Impression|p2a: Oranguru
|-activate|p2a: Oranguru|move: Protect
|
|-heal|p2a: Oranguru|100/100 tox|[from] item: Leftovers
|-damage|p2a: Oranguru|88/100 tox|[from] psn
|upkeep
|turn|21
|
|t:|1779843541
|move|p1a: Spidops|Silk Trap|p1a: Spidops
|-singleturn|p1a: Spidops|Protect
|move|p2a: Oranguru|Foul Play|p1a: Spidops
|-activate|p1a: Spidops|move: Protect
|-unboost|p2a: Oranguru|spe|1
|
|-heal|p2a: Oranguru|94/100 tox|[from] item: Leftovers
|-damage|p2a: Oranguru|75/100 tox|[from] psn
|upkeep
|turn|22
|
|t:|1779843550
|move|p2a: Oranguru|Foul Play|p1a: Spidops
|-crit|p1a: Spidops
|-damage|p1a: Spidops|0 fnt
|faint|p1a: Spidops
|
|-heal|p2a: Oranguru|82/100 tox|[from] item: Leftovers
|-damage|p2a: Oranguru|57/100 tox|[from] psn
|upkeep
|
|t:|1779843557
|switch|p1a: Conkeldurr|Conkeldurr, F|94/100 brn
|turn|23
|
|t:|1779843561
|move|p2a: Oranguru|Foul Play|p1a: Conkeldurr
|-resisted|p1a: Conkeldurr
|-damage|p1a: Conkeldurr|79/100 brn
|move|p1a: Conkeldurr|Close Combat|p2a: Oranguru
|-damage|p2a: Oranguru|0 fnt
|-unboost|p1a: Conkeldurr|def|1
|-unboost|p1a: Conkeldurr|spd|1
|faint|p2a: Oranguru
|
|-damage|p1a: Conkeldurr|73/100 brn|[from] brn
|-fieldend|move: Trick Room
|upkeep
|
|t:|1779843573
|switch|p2a: Torkoal|Torkoal, F|100/100
|-status|p2a: Torkoal|tox
|-weather|SunnyDay|[from] ability: Drought|[of] p2a: Torkoal
|turn|24
|
|t:|1779843580
|move|p1a: Conkeldurr|Protect|p1a: Conkeldurr
|-singleturn|p1a: Conkeldurr|Protect
|move|p2a: Torkoal|Eruption|p1a: Conkeldurr
|-activate|p1a: Conkeldurr|move: Protect
|
|-weather|SunnyDay|[upkeep]
|-damage|p2a: Torkoal|94/100 tox|[from] psn
|-damage|p1a: Conkeldurr|67/100 brn|[from] brn
|upkeep
|turn|25
|
|t:|1779843588
|move|p1a: Conkeldurr|Close Combat|p2a: Torkoal
|-damage|p2a: Torkoal|17/100 tox
|-unboost|p1a: Conkeldurr|def|1
|-unboost|p1a: Conkeldurr|spd|1
|-damage|p1a: Conkeldurr|50/100 brn|[from] item: Rocky Helmet|[of] p2a: Torkoal
|move|p2a: Torkoal|Eruption|p1a: Conkeldurr
|-damage|p1a: Conkeldurr|14/100 brn
|
|-weather|SunnyDay|[upkeep]
|-damage|p2a: Torkoal|5/100 tox|[from] psn
|-damage|p1a: Conkeldurr|8/100 brn|[from] brn
|upkeep
|turn|26
|
|t:|1779843600
|move|p2a: Torkoal|Protect|p2a: Torkoal
|-singleturn|p2a: Torkoal|Protect
|move|p1a: Conkeldurr|Drain Punch|p2a: Torkoal
|-activate|p2a: Torkoal|move: Protect
|
|-weather|SunnyDay|[upkeep]
|-damage|p2a: Torkoal|0 fnt|[from] psn
|faint|p2a: Torkoal
|-damage|p1a: Conkeldurr|2/100 brn|[from] brn
|upkeep
|
|t:|1779843609
|switch|p2a: Kingambit|Kingambit, F, tera:Flying|69/100
|-activate|p2a: Kingambit|ability: Supreme Overlord
|-start|p2a: Kingambit|fallen4|[silent]
|turn|27
|
|t:|1779843616
|move|p2a: Kingambit|Protect|p2a: Kingambit
|-singleturn|p2a: Kingambit|Protect
|move|p1a: Conkeldurr|Ice Punch|p2a: Kingambit
|-activate|p2a: Kingambit|move: Protect
|
|-weather|SunnyDay|[upkeep]
|-damage|p1a: Conkeldurr|0 fnt|[from] brn
|faint|p1a: Conkeldurr
|upkeep
|
|t:|1779843623
|switch|p1a: Amoonguss|Amoonguss, M|100/100
|turn|28
|
|t:|1779843628
|move|p2a: Kingambit|Kowtow Cleave|p1a: Amoonguss
|-damage|p1a: Amoonguss|22/100
|move|p1a: Amoonguss|Sludge Bomb|p2a: Kingambit
|-damage|p2a: Kingambit|28/100
|-status|p2a: Kingambit|psn
|
|-weather|none
|-heal|p1a: Amoonguss|28/100|[from] item: Black Sludge
|-damage|p2a: Kingambit|16/100 psn|[from] psn
|upkeep
|turn|29
|
|t:|1779843639
|move|p2a: Kingambit|Kowtow Cleave|p1a: Amoonguss
|-damage|p1a: Amoonguss|0 fnt
|faint|p1a: Amoonguss
|
|win|juniorpokr123
|raw|Titanium Tango's rating: 1119 &rarr; <strong>1091</strong><br />(-28 for losing)
|raw|juniorpokr123's rating: 1082 &rarr; <strong>1113</strong><br />(+31 for winning)
|c|☆Titanium Tango|gg nice team
|l|☆Titanium Tango
|player|p1|
|l|☆juniorpokr123
|player|p2|
