|j|☆White Boy SZN
|j|☆Walvis Timmy
|t:|1779816228
|gametype|singles
|player|p1|White Boy SZN|blue-gen7|1463
|player|p2|Walvis Timmy|1|1611
|gen|9
|tier|[Gen 9] OU
|rated|
|rule|HP Percentage Mod: HP is shown in percentages
|rule|Endless Battle Clause: Forcing endless battles is banned
|rule|Species Clause: Limit one of each Pokémon
|rule|OHKO Clause: OHKO moves are banned
|rule|Evasion Items Clause: Evasion items are banned
|rule|Evasion Moves Clause: Evasion moves are banned
|rule|Evasion Abilities Clause: Evasion abilities are banned
|rule|Sleep Moves Clause: Sleep-inducing moves are banned
|clearpoke
|poke|p1|Electrode-Hisui|
|poke|p1|Iron Crown|
|poke|p1|Darkrai|
|poke|p1|Glimmora, F|
|poke|p1|Landorus-Therian, M|
|poke|p1|Ogerpon, F|
|poke|p2|Cramorant, M|
|poke|p2|Gallade, M|
|poke|p2|Kingambit, F|
|poke|p2|Iron Moth|
|poke|p2|Enamorus, F|
|poke|p2|Ogerpon-Cornerstone, F|
|teampreview
|
|t:|1779816249
|teamsize|p1|6
|teamsize|p2|6
|start
|switch|p1a: Electrode|Electrode-Hisui|100/100
|switch|p2a: Cramorant|Cramorant, M, shiny|100/100
|turn|1
|
|t:|1779816277
|move|p1a: Electrode|Volt Switch|p2a: Cramorant
|-supereffective|p2a: Cramorant
|-enditem|p2a: Cramorant|Focus Sash
|-damage|p2a: Cramorant|1/100
|inactive|Battle timer is ON: inactive players will automatically lose when time's up. (requested by Walvis Timmy)
|
|t:|1779816315
|switch|p1a: Glimmora|Glimmora, F|100/100|[from] Volt Switch
|-item|p1a: Glimmora|Air Balloon
|move|p2a: Cramorant|Tailwind|p2a: Cramorant
|-sidestart|p2: Walvis Timmy|move: Tailwind
|
|upkeep
|turn|2
|
|t:|1779816344
|move|p2a: Cramorant|Surf|p1a: Glimmora
|-formechange|p2a: Cramorant|Cramorant-Gorging|
|-supereffective|p1a: Glimmora
|-damage|p1a: Glimmora|16/100
|-enditem|p1a: Glimmora|Air Balloon
|move|p1a: Glimmora|Stealth Rock|p2a: Cramorant
|-sidestart|p2: Walvis Timmy|move: Stealth Rock
|
|upkeep
|turn|3
|
|t:|1779816352
|switch|p1a: Iron Crown|Iron Crown|100/100
|move|p2a: Cramorant|Surf|p1a: Iron Crown
|-damage|p1a: Iron Crown|72/100
|
|upkeep
|turn|4
|
|t:|1779816359
|move|p2a: Cramorant|Defog|p1a: Iron Crown
|-unboost|p1a: Iron Crown|evasion|1
|-sideend|p2: Walvis Timmy|Stealth Rock|[from] move: Defog|[of] p2a: Cramorant
|move|p1a: Iron Crown|Volt Switch|p2a: Cramorant
|-supereffective|p2a: Cramorant
|-damage|p2a: Cramorant|0 fnt
|-damage|p1a: Iron Crown|48/100|[from] ability: Gulp Missile|[of] p2a: Cramorant
|-status|p1a: Iron Crown|par
|-formechange|p2a: Cramorant|Cramorant|
|faint|p2a: Cramorant
|
|t:|1779816366
|-end|p1a: Iron Crown|Quark Drive|[silent]
|switch|p1a: Electrode|Electrode-Hisui|100/100|[from] Volt Switch
|
|-sideend|p2: Walvis Timmy|move: Tailwind
|upkeep
|
|t:|1779816373
|switch|p2a: Iron Moth|Iron Moth|100/100
|-enditem|p2a: Iron Moth|Booster Energy
|-activate|p2a: Iron Moth|ability: Quark Drive|[fromitem]
|-start|p2a: Iron Moth|quarkdrivespe
|turn|5
|
|t:|1779816388
|switch|p1a: Landorus|Landorus-Therian, M|100/100
|-ability|p1a: Landorus|Intimidate|boost
|-unboost|p2a: Iron Moth|atk|1
|move|p2a: Iron Moth|Fiery Dance|p1a: Landorus
|-damage|p1a: Landorus|49/100
|
|upkeep
|turn|6
|
|t:|1779816397
|-terastallize|p1a: Landorus|Water
|move|p2a: Iron Moth|Fiery Dance|p1a: Landorus
|-resisted|p1a: Landorus
|-damage|p1a: Landorus|24/100
|move|p1a: Landorus|Earthquake|p2a: Iron Moth
|-supereffective|p2a: Iron Moth
|-crit|p2a: Iron Moth
|-damage|p2a: Iron Moth|0 fnt
|faint|p2a: Iron Moth
|-end|p2a: Iron Moth|Quark Drive|[silent]
|
|upkeep
|
|t:|1779816403
|switch|p2a: Ogerpon|Ogerpon-Cornerstone, F|100/100
|turn|7
|
|t:|1779816407
|switch|p1a: Glimmora|Glimmora, F|16/100
|move|p2a: Ogerpon|Trailblaze|p1a: Glimmora
|-damage|p1a: Glimmora|0 fnt
|-boost|p2a: Ogerpon|spe|1
|-activate|p1a: Glimmora|ability: Toxic Debris
|-sidestart|p2: Walvis Timmy|move: Toxic Spikes
|faint|p1a: Glimmora
|
|upkeep
|
|t:|1779816418
|switch|p1a: Landorus|Landorus-Therian, M, tera:Water|24/100
|-ability|p1a: Landorus|Intimidate|boost
|-unboost|p2a: Ogerpon|atk|1
|turn|8
|
|t:|1779816424
|move|p2a: Ogerpon|Swords Dance|p2a: Ogerpon
|-boost|p2a: Ogerpon|atk|2
|move|p1a: Landorus|Stealth Rock|p2a: Ogerpon
|-sidestart|p2: Walvis Timmy|move: Stealth Rock
|
|upkeep
|turn|9
|
|t:|1779816432
|move|p2a: Ogerpon|Swords Dance|p2a: Ogerpon
|-boost|p2a: Ogerpon|atk|2
|move|p1a: Landorus|Stealth Rock||[still]
|-fail|p1a: Landorus
|
|upkeep
|turn|10
|-message|White Boy SZN forfeited.
|
|win|Walvis Timmy
|raw|White Boy SZN's rating: 1463 &rarr; <strong>1451</strong><br />(-12 for losing)
|raw|Walvis Timmy's rating: 1611 &rarr; <strong>1623</strong><br />(+12 for winning)
|l|☆White Boy SZN
|player|p1|
|l|☆Walvis Timmy
|player|p2|
