|j|☆RogueNinja1738
|j|☆Foodiscoolski
|t:|1779808854
|gametype|singles
|player|p1|RogueNinja1738|101|1170
|player|p2|Foodiscoolski|265|1171
|gen|9
|tier|[Gen 9] OU
|rated|
|rule|HP Percentage Mod: HP is shown in percentages
|rule|Endless Battle Clause: Forcing endless battles is banned
|rule|Species Clause: Limit one of each Pokémon
|rule|OHKO Clause: OHKO moves are banned
|rule|Evasion Items Clause: Evasion items are banned
|rule|Evasion Moves Clause: Evasion moves are banned
|rule|Evasion Abilities Clause: Evasion abilities are banned
|rule|Sleep Moves Clause: Sleep-inducing moves are banned
|clearpoke
|poke|p1|Zoroark-Hisui, F|
|poke|p1|Kingambit, F|
|poke|p1|Gholdengo|
|poke|p1|Rotom-Wash|
|poke|p1|Metagross|
|poke|p1|Ditto|
|poke|p2|Weezing-Galar, M|
|poke|p2|Ninetales-Alola, F|
|poke|p2|Ogerpon-Wellspring, F|
|poke|p2|Raging Bolt|
|poke|p2|Great Tusk|
|poke|p2|Gliscor, M|
|teampreview
|
|t:|1779808864
|teamsize|p1|6
|teamsize|p2|6
|start
|switch|p1a: Rotom|Rotom-Wash|100/100
|switch|p2a: Shari|Ninetales-Alola, F|100/100
|-weather|Snowscape|[from] ability: Snow Warning|[of] p2a: Shari
|turn|1
|inactive|Battle timer is ON: inactive players will automatically lose when time's up. (requested by Foodiscoolski)
|
|t:|1779808880
|move|p2a: Shari|Moonblast|p1a: Rotom
|-damage|p1a: Rotom|64/100
|move|p1a: Rotom|Volt Switch|p2a: Shari
|-damage|p2a: Shari|61/100
|
|t:|1779808888
|switch|p1a: Gholdengo|Gholdengo|100/100|[from] Volt Switch
|
|-weather|Snowscape|[upkeep]
|upkeep
|turn|2
|
|t:|1779808896
|switch|p2a: Late Capitalism|Weezing-Galar, M|100/100
|-ability|p2a: Late Capitalism|Neutralizing Gas
|replace|p1a: Zoroark|Zoroark-Hisui, F
|-end|p1a: Zoroark|Illusion
|move|p1a: Zoroark|Flamethrower|p2a: Late Capitalism
|-damage|p2a: Late Capitalism|49/100
|
|-weather|Snowscape|[upkeep]
|upkeep
|turn|3
|
|t:|1779808915
|-end|p2a: Late Capitalism|ability: Neutralizing Gas
|switch|p2a: Gliscor|Gliscor, M|100/100
|move|p1a: Zoroark|Bitter Malice|p2a: Gliscor
|-damage|p2a: Gliscor|36/100
|-unboost|p2a: Gliscor|atk|1
|
|-weather|Snowscape|[upkeep]
|-status|p2a: Gliscor|tox|[from] item: Toxic Orb
|upkeep
|turn|4
|
|t:|1779808928
|move|p1a: Zoroark|Bitter Malice|p2a: Gliscor
|-damage|p2a: Gliscor|0 fnt
|faint|p2a: Gliscor
|
|-weather|Snowscape|[upkeep]
|upkeep
|
|t:|1779808934
|switch|p2a: Willy|Great Tusk|100/100
|turn|5
|
|t:|1779808943
|move|p1a: Zoroark|Bitter Malice|p2a: Willy
|-damage|p2a: Willy|57/100
|-unboost|p2a: Willy|atk|1
|move|p2a: Willy|Knock Off|p1a: Zoroark
|-supereffective|p1a: Zoroark
|-damage|p1a: Zoroark|14/100
|-enditem|p1a: Zoroark|Assault Vest|[from] move: Knock Off|[of] p2a: Willy
|
|-weather|none
|upkeep
|turn|6
|
|t:|1779808958
|move|p1a: Zoroark|Bitter Malice|p2a: Willy
|-damage|p2a: Willy|12/100
|-unboost|p2a: Willy|atk|1
|move|p2a: Willy|Headlong Rush|p1a: Zoroark
|-damage|p1a: Zoroark|0 fnt
|-unboost|p2a: Willy|def|1
|-unboost|p2a: Willy|spd|1
|faint|p1a: Zoroark
|
|upkeep
|
|t:|1779808971
|switch|p1a: Rotom|Rotom-Wash|64/100
|turn|7
|
|t:|1779808982
|-terastallize|p2a: Willy|Fire
|move|p2a: Willy|Close Combat|p1a: Rotom
|-damage|p1a: Rotom|31/100
|-unboost|p2a: Willy|def|1
|-unboost|p2a: Willy|spd|1
|move|p1a: Rotom|Hydro Pump|p2a: Willy
|-supereffective|p2a: Willy
|-damage|p2a: Willy|0 fnt
|faint|p2a: Willy
|-end|p2a: Willy|Protosynthesis|[silent]
|
|upkeep
|
|t:|1779808993
|switch|p2a: Chester Cheetah|Raging Bolt|100/100
|turn|8
|
|t:|1779808999
|move|p2a: Chester Cheetah|Volt Switch|p1a: Rotom
|-damage|p1a: Rotom|0 fnt
|faint|p1a: Rotom
|
|t:|1779809004
|-end|p2a: Chester Cheetah|Protosynthesis|[silent]
|switch|p2a: Ranni|Ogerpon-Wellspring, F|100/100|[from] Volt Switch
|
|upkeep
|
|t:|1779809019
|switch|p1a: Gholdengo|Gholdengo|100/100
|turn|9
|
|t:|1779809024
|move|p2a: Ranni|Ivy Cudgel|p1a: Gholdengo|[anim] Ivy Cudgel Water
|-damage|p1a: Gholdengo|39/100
|-enditem|p1a: Gholdengo|Red Card|[of] p2a: Ranni
|drag|p2a: Late Capitalism|Weezing-Galar, M|49/100
|-ability|p2a: Late Capitalism|Neutralizing Gas
|move|p1a: Gholdengo|Shadow Ball|p2a: Late Capitalism
|-damage|p2a: Late Capitalism|0 fnt
|faint|p2a: Late Capitalism
|-end|p2a: Late Capitalism|ability: Neutralizing Gas
|
|upkeep
|
|t:|1779809035
|switch|p2a: Chester Cheetah|Raging Bolt|100/100
|turn|10
|
|t:|1779809043
|move|p2a: Chester Cheetah|Volt Switch|p1a: Gholdengo
|-damage|p1a: Gholdengo|0 fnt
|faint|p1a: Gholdengo
|
|t:|1779809047
|-end|p2a: Chester Cheetah|Protosynthesis|[silent]
|switch|p2a: Shari|Ninetales-Alola, F|61/100|[from] Volt Switch
|-weather|Snowscape|[from] ability: Snow Warning|[of] p2a: Shari
|
|-weather|Snowscape|[upkeep]
|upkeep
|
|t:|1779809058
|switch|p1a: Metagross|Metagross|100/100
|turn|11
|
|t:|1779809069
|switch|p2a: Ranni|Ogerpon-Wellspring, F|100/100
|move|p1a: Metagross|Bullet Punch|p2a: Ranni
|-resisted|p2a: Ranni
|-damage|p2a: Ranni|86/100
|
|-weather|Snowscape|[upkeep]
|upkeep
|turn|12
|
|t:|1779809077
|move|p2a: Ranni|Swords Dance|p2a: Ranni
|-boost|p2a: Ranni|atk|2
|move|p1a: Metagross|Thunder Punch|p2a: Ranni
|-damage|p2a: Ranni|50/100
|
|-weather|Snowscape|[upkeep]
|upkeep
|turn|13
|
|t:|1779809085
|move|p2a: Ranni|Ivy Cudgel|p1a: Metagross|[anim] Ivy Cudgel Water
|-crit|p1a: Metagross
|-damage|p1a: Metagross|0 fnt
|faint|p1a: Metagross
|
|-weather|Snowscape|[upkeep]
|upkeep
|
|t:|1779809092
|switch|p1a: Ditto|Ditto|100/100
|-transform|p1a: Ditto|p2a: Ranni|[from] ability: Imposter
|turn|14
|
|t:|1779809100
|move|p1a: Ditto|Swords Dance|p1a: Ditto
|-boost|p1a: Ditto|atk|2
|move|p2a: Ranni|Horn Leech|p1a: Ditto
|-damage|p1a: Ditto|0 fnt
|-heal|p2a: Ranni|99/100|[from] drain|[of] p1a: Ditto
|-damage|p2a: Ranni|83/100|[from] item: Rocky Helmet|[of] p1a: Ditto
|faint|p1a: Ditto
|
|-weather|none
|upkeep
|
|t:|1779809112
|switch|p1a: Kingambit|Kingambit, F|100/100
|-activate|p1a: Kingambit|ability: Supreme Overlord
|-start|p1a: Kingambit|fallen5|[silent]
|turn|15
|
|t:|1779809118
|move|p2a: Ranni|Ivy Cudgel|p1a: Kingambit|[anim] Ivy Cudgel Water
|-damage|p1a: Kingambit|0 fnt
|faint|p1a: Kingambit
|-end|p1a: Kingambit|fallen5|[silent]
|
|win|Foodiscoolski
|raw|RogueNinja1738's rating: 1170 &rarr; <strong>1145</strong><br />(-25 for losing)
|raw|Foodiscoolski's rating: 1171 &rarr; <strong>1196</strong><br />(+25 for winning)
