|j|☆AoshiShinomori002
|j|☆NikolaDaKing
|t:|1779946951
|gametype|singles
|player|p1|AoshiShinomori002|101|1072
|player|p2|NikolaDaKing|170|1065
|gen|9
|tier|[Gen 9] OU
|rated|
|rule|HP Percentage Mod: HP is shown in percentages
|rule|Endless Battle Clause: Forcing endless battles is banned
|rule|Species Clause: Limit one of each Pokémon
|rule|OHKO Clause: OHKO moves are banned
|rule|Evasion Items Clause: Evasion items are banned
|rule|Evasion Moves Clause: Evasion moves are banned
|rule|Evasion Abilities Clause: Evasion abilities are banned
|rule|Sleep Moves Clause: Sleep-inducing moves are banned
|clearpoke
|poke|p1|Gengar, M|
|poke|p1|Rillaboom, M|
|poke|p1|Samurott-Hisui, F|
|poke|p1|Ogerpon, F|
|poke|p1|Dragapult, M|
|poke|p1|Ribombee, F|
|poke|p2|Gliscor, F|
|poke|p2|Grafaiai, M|
|poke|p2|Toxapex, M|
|poke|p2|Rotom-Wash|
|poke|p2|Tinkaton, F|
|poke|p2|Kleavor, F|
|teampreview
|
|t:|1779946963
|teamsize|p1|6
|teamsize|p2|6
|start
|switch|p1a: Samurott|Samurott-Hisui, F|100/100
|switch|p2a: Pinto|Grafaiai, M|100/100
|turn|1
|
|t:|1779946973
|move|p1a: Samurott|Ceaseless Edge|p2a: Pinto
|-damage|p2a: Pinto|40/100
|-sidestart|p2: NikolaDaKing|Spikes
|move|p2a: Pinto|Foul Play|p1a: Samurott
|-resisted|p1a: Samurott
|-damage|p1a: Samurott|82/100
|
|-heal|p2a: Pinto|46/100|[from] item: Black Sludge
|upkeep
|turn|2
|
|t:|1779946984
|switch|p2a: Chepool|Toxapex, M|100/100
|-damage|p2a: Chepool|88/100|[from] Spikes
|move|p1a: Samurott|Ceaseless Edge|p2a: Chepool
|-damage|p2a: Chepool|61/100
|-damage|p1a: Samurott|66/100|[from] item: Rocky Helmet|[of] p2a: Chepool
|-sidestart|p2: NikolaDaKing|Spikes
|
|upkeep
|turn|3
|
|t:|1779946996
|move|p1a: Samurott|Focus Energy|p1a: Samurott
|-start|p1a: Samurott|move: Focus Energy
|move|p2a: Chepool|Recover|p2a: Chepool
|-heal|p2a: Chepool|100/100
|
|upkeep
|turn|4
|
|t:|1779947004
|move|p2a: Chepool|Baneful Bunker|p2a: Chepool
|-singleturn|p2a: Chepool|move: Protect
|move|p1a: Samurott|Ceaseless Edge|p2a: Chepool
|-activate|p2a: Chepool|move: Protect
|-status|p1a: Samurott|psn
|
|-damage|p1a: Samurott|53/100 psn|[from] psn
|upkeep
|turn|5
|
|t:|1779947014
|move|p1a: Samurott|Ceaseless Edge|p2a: Chepool|[miss]
|-miss|p1a: Samurott|p2a: Chepool
|move|p2a: Chepool|Recover||[still]
|-fail|p2a: Chepool|heal
|
|-damage|p1a: Samurott|41/100 psn|[from] psn
|upkeep
|turn|6
|
|t:|1779947028
|switch|p1a: Gengar|Gengar, M|100/100
|-item|p1a: Gengar|Air Balloon
|move|p2a: Chepool|Baneful Bunker||[still]
|-fail|p2a: Chepool
|
|upkeep
|turn|7
|
|t:|1779947035
|move|p1a: Gengar|Encore|p2a: Chepool
|-start|p2a: Chepool|Encore
|move|p2a: Chepool|Baneful Bunker||[still]
|-fail|p2a: Chepool
|
|upkeep
|turn|8
|
|t:|1779947044
|switch|p2a: Deyvon|Kleavor, F|100/100
|-damage|p2a: Deyvon|84/100|[from] Spikes
|move|p1a: Gengar|Shadow Ball|p2a: Deyvon
|-damage|p2a: Deyvon|36/100
|
|upkeep
|turn|9
|
|t:|1779947053
|move|p1a: Gengar|Shadow Ball|p2a: Deyvon
|-damage|p2a: Deyvon|0 fnt
|faint|p2a: Deyvon
|
|upkeep
|
|t:|1779947061
|switch|p2a: Tinkaton|Tinkaton, F|100/100
|-damage|p2a: Tinkaton|84/100|[from] Spikes
|-ability|p2a: Tinkaton|Mold Breaker
|turn|10
|
|t:|1779947076
|move|p1a: Gengar|Shadow Ball|p2a: Tinkaton
|-damage|p2a: Tinkaton|53/100
|-unboost|p2a: Tinkaton|spd|1
|move|p2a: Tinkaton|Knock Off|p1a: Gengar
|-supereffective|p1a: Gengar
|-damage|p1a: Gengar|11/100
|-enditem|p1a: Gengar|Air Balloon
|
|upkeep
|turn|11
|
|t:|1779947106
|move|p1a: Gengar|Destiny Bond|p1a: Gengar
|-singlemove|p1a: Gengar|Destiny Bond
|move|p2a: Tinkaton|Gigaton Hammer|p1a: Gengar
|-damage|p1a: Gengar|0 fnt
|faint|p1a: Gengar
|-activate|p1a: Gengar|move: Destiny Bond
|faint|p2a: Tinkaton
|
|upkeep
|inactive|Battle timer is ON: inactive players will automatically lose when time's up. (requested by NikolaDaKing)
|
|t:|1779947136
|switch|p1a: Samurott|Samurott-Hisui, F|41/100 psn
|switch|p2a: Dirk|Gliscor, F|100/100
|turn|12
|
|t:|1779947145
|move|p2a: Dirk|Earthquake|p1a: Samurott
|-damage|p1a: Samurott|0 fnt
|faint|p1a: Samurott
|
|-status|p2a: Dirk|tox|[from] item: Toxic Orb
|upkeep
|
|t:|1779947170
|switch|p1a: Dragapult|Dragapult, M|100/100
|turn|13
|
|t:|1779947181
|move|p1a: Dragapult|Hex|p2a: Dirk
|-damage|p2a: Dirk|31/100 tox
|move|p2a: Dirk|Knock Off|p1a: Dragapult
|-supereffective|p1a: Dragapult
|-damage|p1a: Dragapult|58/100
|-enditem|p1a: Dragapult|Leftovers|[from] move: Knock Off|[of] p2a: Dirk
|
|-heal|p2a: Dirk|44/100 tox|[from] ability: Poison Heal
|upkeep
|turn|14
|
|t:|1779947192
|move|p2a: Dirk|Protect|p2a: Dirk
|-singleturn|p2a: Dirk|Protect
|move|p1a: Dragapult|Will-O-Wisp|p2a: Dirk
|-activate|p2a: Dirk|move: Protect
|
|-heal|p2a: Dirk|56/100 tox|[from] ability: Poison Heal
|upkeep
|turn|15
|
|t:|1779947201
|move|p1a: Dragapult|Hex|p2a: Dirk
|-damage|p2a: Dirk|0 fnt
|faint|p2a: Dirk
|
|upkeep
|
|t:|1779947208
|switch|p2a: Macon|Rotom-Wash|100/100
|turn|16
|
|t:|1779947217
|move|p1a: Dragapult|Will-O-Wisp|p2a: Macon|[miss]
|-miss|p1a: Dragapult|p2a: Macon
|move|p2a: Macon|Hex|p1a: Dragapult
|-supereffective|p1a: Dragapult
|-damage|p1a: Dragapult|12/100
|
|upkeep
|turn|17
|
|t:|1779947225
|move|p1a: Dragapult|Will-O-Wisp|p2a: Macon
|-status|p2a: Macon|brn
|move|p2a: Macon|Volt Switch|p1a: Dragapult
|-resisted|p1a: Dragapult
|-damage|p1a: Dragapult|0 fnt
|faint|p1a: Dragapult
|
|t:|1779947233
|switch|p2a: Chepool|Toxapex, M|100/100|[from] Volt Switch
|-damage|p2a: Chepool|84/100|[from] Spikes
|
|upkeep
|
|t:|1779947246
|switch|p1a: Rillaboom|Rillaboom, M|100/100
|-fieldstart|move: Grassy Terrain|[from] ability: Grassy Surge|[of] p1a: Rillaboom
|turn|18
|
|t:|1779947254
|move|p1a: Rillaboom|Wood Hammer|p2a: Chepool
|-damage|p2a: Chepool|33/100
|-damage|p1a: Rillaboom|84/100|[from] item: Rocky Helmet|[of] p2a: Chepool
|-damage|p1a: Rillaboom|69/100|[from] Recoil
|move|p2a: Chepool|Chilling Water|p1a: Rillaboom
|-resisted|p1a: Rillaboom
|-damage|p1a: Rillaboom|63/100
|-unboost|p1a: Rillaboom|atk|1
|
|-heal|p1a: Rillaboom|69/100|[from] Grassy Terrain
|-heal|p2a: Chepool|39/100|[from] Grassy Terrain
|upkeep
|turn|19
|
|t:|1779947268
|switch|p1a: Ogerpon|Ogerpon, F|100/100
|move|p2a: Chepool|Recover|p2a: Chepool
|-heal|p2a: Chepool|89/100
|
|-heal|p2a: Chepool|95/100|[from] Grassy Terrain
|upkeep
|turn|20
|
|t:|1779947277
|move|p2a: Chepool|Baneful Bunker|p2a: Chepool
|-singleturn|p2a: Chepool|move: Protect
|move|p1a: Ogerpon|Focus Energy|p1a: Ogerpon
|-start|p1a: Ogerpon|move: Focus Energy
|
|-heal|p2a: Chepool|100/100|[from] Grassy Terrain
|upkeep
|turn|21
|
|t:|1779947289
|-terastallize|p1a: Ogerpon|Grass
|detailschange|p1a: Ogerpon|Ogerpon-Teal-Tera, F, tera:Grass
|-ability|p1a: Ogerpon|Embody Aspect (Teal)|boost
|-boost|p1a: Ogerpon|spe|1
|move|p1a: Ogerpon|Ivy Cudgel|p2a: Chepool
|-crit|p2a: Chepool
|-damage|p2a: Chepool|23/100
|move|p2a: Chepool|Chilling Water|p1a: Ogerpon
|-resisted|p1a: Ogerpon
|-damage|p1a: Ogerpon|95/100
|-unboost|p1a: Ogerpon|atk|1
|
|-heal|p1a: Ogerpon|100/100|[from] Grassy Terrain
|-heal|p2a: Chepool|29/100|[from] Grassy Terrain
|upkeep
|turn|22
|
|t:|1779947306
|move|p1a: Ogerpon|Endure|p1a: Ogerpon
|-singleturn|p1a: Ogerpon|move: Endure
|move|p2a: Chepool|Baneful Bunker||[still]
|-fail|p2a: Chepool
|
|-heal|p2a: Chepool|34/100|[from] Grassy Terrain
|upkeep
|turn|23
|
|t:|1779947314
|switch|p2a: Pinto|Grafaiai, M|46/100
|-damage|p2a: Pinto|30/100|[from] Spikes
|move|p1a: Ogerpon|Ivy Cudgel|p2a: Pinto
|-resisted|p2a: Pinto
|-crit|p2a: Pinto
|-damage|p2a: Pinto|0 fnt
|faint|p2a: Pinto
|
|upkeep
|
|t:|1779947322
|switch|p2a: Macon|Rotom-Wash|100/100 brn
|turn|24
|
|t:|1779947334
|move|p1a: Ogerpon|Ivy Cudgel|p2a: Macon
|-supereffective|p2a: Macon
|-crit|p2a: Macon
|-damage|p2a: Macon|0 fnt
|faint|p2a: Macon
|
|upkeep
|
|t:|1779947336
|switch|p2a: Chepool|Toxapex, M|68/100
|-damage|p2a: Chepool|51/100|[from] Spikes
|turn|25
|
|t:|1779947348
|move|p1a: Ogerpon|Ivy Cudgel|p2a: Chepool
|-crit|p2a: Chepool
|-damage|p2a: Chepool|0 fnt
|faint|p2a: Chepool
|
|win|AoshiShinomori002
|raw|AoshiShinomori002's rating: 1072 &rarr; <strong>1101</strong><br />(+29 for winning)
|raw|NikolaDaKing's rating: 1065 &rarr; <strong>1046</strong><br />(-19 for losing)
|l|☆NikolaDaKing
|player|p2|
|l|☆AoshiShinomori002
|player|p1|
