|j|‽MobBoss727262
|j|☆diegotrivium
|t:|1779933737
|gametype|singles
|player|p1|MobBoss727262|veteran|1105
|player|p2|diegotrivium|169|1124
|gen|9
|tier|[Gen 9] OU
|rated|
|rule|HP Percentage Mod: HP is shown in percentages
|rule|Endless Battle Clause: Forcing endless battles is banned
|rule|Species Clause: Limit one of each Pokémon
|rule|OHKO Clause: OHKO moves are banned
|rule|Evasion Items Clause: Evasion items are banned
|rule|Evasion Moves Clause: Evasion moves are banned
|rule|Evasion Abilities Clause: Evasion abilities are banned
|rule|Sleep Moves Clause: Sleep-inducing moves are banned
|clearpoke
|poke|p1|Persian-Alola, F|
|poke|p1|Rhyperior, F|
|poke|p1|Articuno-Galar|
|poke|p1|Zapdos-Galar|
|poke|p1|Moltres-Galar|
|poke|p1|Mew|
|poke|p2|Feraligatr, F|
|poke|p2|Blissey, F|
|poke|p2|Metagross|
|poke|p2|Porygon-Z|
|poke|p2|Toxapex, F|
|poke|p2|Florges, F|
|teampreview
|inactive|Battle timer is ON: inactive players will automatically lose when time's up. (requested by MobBoss727262)
|
|t:|1779933755
|teamsize|p1|6
|teamsize|p2|6
|start
|switch|p1a: Articuno|Articuno-Galar, shiny|100/100
|switch|p2a: Metagross|Metagross|100/100
|turn|1
|
|t:|1779933768
|move|p1a: Articuno|Shadow Ball|p2a: Metagross
|-supereffective|p2a: Metagross
|-damage|p2a: Metagross|34/100
|move|p2a: Metagross|Ice Punch|p1a: Articuno
|-supereffective|p1a: Articuno
|-damage|p1a: Articuno|28/100
|
|upkeep
|turn|2
|
|t:|1779933778
|switch|p2a: Blissey|Blissey, F|100/100
|move|p1a: Articuno|Shadow Ball|p2a: Blissey
|-immune|p2a: Blissey
|
|upkeep
|turn|3
|
|t:|1779933785
|switch|p1a: Zapdos|Zapdos-Galar, shiny|100/100
|move|p2a: Blissey|Stealth Rock|p1a: Zapdos
|-sidestart|p1: MobBoss727262|move: Stealth Rock
|
|upkeep
|turn|4
|
|t:|1779933795
|switch|p2a: Florges|Florges, F|100/100
|move|p1a: Zapdos|Thunderous Kick|p2a: Florges
|-resisted|p2a: Florges
|-damage|p2a: Florges|66/100
|-unboost|p2a: Florges|def|1
|-enditem|p2a: Florges|Red Card|[of] p1a: Zapdos
|drag|p1a: Rhyperior|Rhyperior, F, shiny|100/100
|-damage|p1a: Rhyperior|94/100|[from] Stealth Rock
|
|upkeep
|turn|5
|inactive|MobBoss727262 has 120 seconds left.
|inactive|diegotrivium has 120 seconds left.
|
|t:|1779933833
|move|p2a: Florges|Calm Mind|p2a: Florges
|-boost|p2a: Florges|spa|1
|-boost|p2a: Florges|spd|1
|move|p1a: Rhyperior|Avalanche|p2a: Florges
|-damage|p2a: Florges|0 fnt
|faint|p2a: Florges
|
|upkeep
|inactive|diegotrivium has 120 seconds left.
|
|t:|1779933848
|switch|p2a: Feraligatr|Feraligatr, F|100/100
|turn|6
|inactive|MobBoss727262 has 120 seconds left.
|
|t:|1779933866
|switch|p1a: Persian|Persian-Alola, F, shiny|100/100
|-damage|p1a: Persian|88/100|[from] Stealth Rock
|move|p2a: Feraligatr|Flip Turn|p1a: Persian
|-damage|p1a: Persian|57/100
|
|t:|1779933887
|switch|p2a: Metagross|Metagross|34/100|[from] Flip Turn
|
|upkeep
|turn|7
|
|t:|1779933892
|move|p1a: Persian|Dark Pulse|p2a: Metagross
|-supereffective|p2a: Metagross
|-damage|p2a: Metagross|0 fnt
|faint|p2a: Metagross
|
|upkeep
|
|t:|1779933902
|switch|p2a: Feraligatr|Feraligatr, F|100/100
|turn|8
|
|t:|1779933909
|move|p1a: Persian|Thunder|p2a: Feraligatr|[miss]
|-miss|p1a: Persian|p2a: Feraligatr
|move|p2a: Feraligatr|Earthquake|p1a: Persian
|-damage|p1a: Persian|27/100
|
|upkeep
|turn|9
|
|t:|1779933917
|switch|p2a: Blissey|Blissey, F|100/100
|move|p1a: Persian|Thunder|p2a: Blissey
|-damage|p2a: Blissey|93/100
|
|-heal|p2a: Blissey|99/100|[from] item: Leftovers
|upkeep
|turn|10
|
|t:|1779933926
|switch|p1a: Zapdos|Zapdos-Galar, shiny|100/100
|-damage|p1a: Zapdos|88/100|[from] Stealth Rock
|move|p2a: Blissey|Seismic Toss|p1a: Zapdos
|-damage|p1a: Zapdos|57/100
|
|-heal|p2a: Blissey|100/100|[from] item: Leftovers
|upkeep
|turn|11
|
|t:|1779933938
|switch|p2a: Toxapex|Toxapex, F|100/100
|move|p1a: Zapdos|Thunderous Kick|p2a: Toxapex
|-resisted|p2a: Toxapex
|-damage|p2a: Toxapex|87/100
|-unboost|p2a: Toxapex|def|1
|
|-heal|p2a: Toxapex|93/100|[from] item: Black Sludge
|upkeep
|turn|12
|
|t:|1779933961
|move|p2a: Toxapex|Baneful Bunker|p2a: Toxapex
|-singleturn|p2a: Toxapex|move: Protect
|move|p1a: Zapdos|Thunderous Kick|p2a: Toxapex
|-activate|p2a: Toxapex|move: Protect
|-status|p1a: Zapdos|psn
|
|-heal|p2a: Toxapex|99/100|[from] item: Black Sludge
|-damage|p1a: Zapdos|44/100 psn|[from] psn
|upkeep
|turn|13
|
|t:|1779933972
|move|p1a: Zapdos|Thunderous Kick|p2a: Toxapex
|-resisted|p2a: Toxapex
|-damage|p2a: Toxapex|77/100
|-unboost|p2a: Toxapex|def|1
|move|p2a: Toxapex|Haze|p2a: Toxapex
|-clearallboost
|
|-heal|p2a: Toxapex|83/100|[from] item: Black Sludge
|-damage|p1a: Zapdos|32/100 psn|[from] psn
|upkeep
|turn|14
|
|t:|1779933985
|switch|p1a: Mew|Mew, shiny|100/100
|-damage|p1a: Mew|88/100|[from] Stealth Rock
|move|p2a: Toxapex|Infestation|p1a: Mew
|-supereffective|p1a: Mew
|-damage|p1a: Mew|82/100
|-activate|p1a: Mew|move: Infestation|[of] p2a: Toxapex
|
|-heal|p2a: Toxapex|89/100|[from] item: Black Sludge
|-damage|p1a: Mew|69/100|[from] move: Infestation|[partiallytrapped]
|upkeep
|turn|15
|
|t:|1779934001
|move|p2a: Toxapex|Baneful Bunker|p2a: Toxapex
|-singleturn|p2a: Toxapex|move: Protect
|move|p1a: Mew|Leaf Storm|p2a: Toxapex
|-activate|p2a: Toxapex|move: Protect
|
|-heal|p2a: Toxapex|95/100|[from] item: Black Sludge
|-damage|p1a: Mew|57/100|[from] move: Infestation|[partiallytrapped]
|upkeep
|turn|16
|inactive|diegotrivium has 120 seconds left.
|
|t:|1779934017
|move|p1a: Mew|Leaf Storm|p2a: Toxapex
|-damage|p2a: Toxapex|49/100
|-unboost|p1a: Mew|spa|2
|move|p2a: Toxapex|Haze|p2a: Toxapex
|-clearallboost
|
|-heal|p2a: Toxapex|55/100|[from] item: Black Sludge
|-damage|p1a: Mew|45/100|[from] move: Infestation|[partiallytrapped]
|upkeep
|turn|17
|inactive|diegotrivium has 120 seconds left.
|
|t:|1779934027
|move|p2a: Toxapex|Baneful Bunker|p2a: Toxapex
|-singleturn|p2a: Toxapex|move: Protect
|move|p1a: Mew|Leaf Storm|p2a: Toxapex
|-activate|p2a: Toxapex|move: Protect
|
|-heal|p2a: Toxapex|61/100|[from] item: Black Sludge
|-damage|p1a: Mew|32/100|[from] move: Infestation|[partiallytrapped]
|upkeep
|turn|18
|inactive|diegotrivium has 120 seconds left.
|
|t:|1779934040
|switch|p2a: Blissey|Blissey, F|100/100
|move|p1a: Mew|Leaf Storm|p2a: Blissey
|-crit|p2a: Blissey
|-damage|p2a: Blissey|75/100
|-unboost|p1a: Mew|spa|2
|
|-heal|p2a: Blissey|81/100|[from] item: Leftovers
|-end|p1a: Mew|Infestation|[partiallytrapped]|[silent]
|upkeep
|turn|19
|inactive|diegotrivium has 120 seconds left.
|
|t:|1779934051
|switch|p1a: Moltres|Moltres-Galar, shiny|100/100
|-damage|p1a: Moltres|76/100|[from] Stealth Rock
|move|p2a: Blissey|Seismic Toss|p1a: Moltres
|-damage|p1a: Moltres|50/100
|-ability|p1a: Moltres|Berserk|boost
|-boost|p1a: Moltres|spa|1
|-enditem|p1a: Moltres|Sitrus Berry|[eat]
|-heal|p1a: Moltres|74/100|[from] item: Sitrus Berry
|
|-heal|p2a: Blissey|87/100|[from] item: Leftovers
|upkeep
|turn|20
|inactive|diegotrivium has 120 seconds left.
|
|t:|1779934066
|move|p1a: Moltres|Nasty Plot|p1a: Moltres
|-boost|p1a: Moltres|spa|2
|move|p2a: Blissey|Thunder Wave|p1a: Moltres
|-status|p1a: Moltres|par
|
|-heal|p2a: Blissey|93/100|[from] item: Leftovers
|upkeep
|turn|21
|inactive|diegotrivium has 120 seconds left.
|
|t:|1779934079
|move|p2a: Blissey|Seismic Toss|p1a: Moltres
|-damage|p1a: Moltres|48/100 par
|-ability|p1a: Moltres|Berserk|boost
|-boost|p1a: Moltres|spa|1
|move|p1a: Moltres|Fiery Wrath|p2a: Blissey
|-damage|p2a: Blissey|57/100
|
|-heal|p2a: Blissey|63/100|[from] item: Leftovers
|upkeep
|turn|22
|inactive|diegotrivium has 120 seconds left.
|
|t:|1779934090
|move|p2a: Blissey|Soft-Boiled|p2a: Blissey
|-heal|p2a: Blissey|100/100
|move|p1a: Moltres|Fiery Wrath|p2a: Blissey
|-damage|p2a: Blissey|66/100
|
|-heal|p2a: Blissey|72/100|[from] item: Leftovers
|upkeep
|turn|23
|inactive|diegotrivium has 120 seconds left.
|inactive|diegotrivium has 90 seconds left.
|
|t:|1779934132
|move|p2a: Blissey|Seismic Toss|p1a: Moltres
|-damage|p1a: Moltres|22/100 par
|move|p1a: Moltres|Hurricane|p2a: Blissey
|-damage|p2a: Blissey|26/100
|
|-heal|p2a: Blissey|32/100|[from] item: Leftovers
|upkeep
|turn|24
|inactive|diegotrivium has 90 seconds left.
|
|t:|1779934152
|move|p2a: Blissey|Soft-Boiled|p2a: Blissey
|-heal|p2a: Blissey|82/100
|move|p1a: Moltres|Hurricane|p2a: Blissey
|-damage|p2a: Blissey|39/100
|-start|p2a: Blissey|confusion
|
|-heal|p2a: Blissey|45/100|[from] item: Leftovers
|upkeep
|turn|25
|inactive|diegotrivium has 90 seconds left.
|
|t:|1779934164
|-activate|p2a: Blissey|confusion
|move|p2a: Blissey|Soft-Boiled|p2a: Blissey
|-heal|p2a: Blissey|95/100
|move|p1a: Moltres|Hurricane|p2a: Blissey
|-damage|p2a: Blissey|52/100
|
|-heal|p2a: Blissey|58/100|[from] item: Leftovers
|upkeep
|turn|26
|
|t:|1779934173
|-activate|p2a: Blissey|confusion
|-damage|p2a: Blissey|56/100|[from] confusion
|cant|p1a: Moltres|par
|
|-heal|p2a: Blissey|62/100|[from] item: Leftovers
|upkeep
|turn|27
|
|t:|1779934180
|-end|p2a: Blissey|confusion
|move|p2a: Blissey|Seismic Toss|p1a: Moltres
|-damage|p1a: Moltres|0 fnt
|faint|p1a: Moltres
|
|-heal|p2a: Blissey|68/100|[from] item: Leftovers
|upkeep
|
|t:|1779934187
|switch|p1a: Rhyperior|Rhyperior, F, shiny|94/100
|-damage|p1a: Rhyperior|88/100|[from] Stealth Rock
|turn|28
|
|t:|1779934194
|switch|p2a: Feraligatr|Feraligatr, F|100/100
|move|p1a: Rhyperior|Earthquake|p2a: Feraligatr
|-damage|p2a: Feraligatr|19/100
|
|upkeep
|turn|29
|
|t:|1779934205
|-terastallize|p1a: Rhyperior|Flying
|move|p2a: Feraligatr|Flip Turn|p1a: Rhyperior
|-damage|p1a: Rhyperior|69/100
|
|t:|1779934212
|switch|p2a: Porygon-Z|Porygon-Z|100/100|[from] Flip Turn
|move|p1a: Rhyperior|Earthquake|p2a: Porygon-Z
|-damage|p2a: Porygon-Z|0 fnt
|faint|p2a: Porygon-Z
|
|upkeep
|
|t:|1779934222
|switch|p2a: Toxapex|Toxapex, F|94/100
|turn|30
|
|t:|1779934230
|move|p1a: Rhyperior|Earthquake|p2a: Toxapex
|-supereffective|p2a: Toxapex
|-damage|p2a: Toxapex|0 fnt
|faint|p2a: Toxapex
|
|upkeep
|-message|diegotrivium forfeited.
|
|win|MobBoss727262
|raw|MobBoss727262's rating: 1105 &rarr; <strong>1131</strong><br />(+26 for winning)
|raw|diegotrivium's rating: 1124 &rarr; <strong>1098</strong><br />(-26 for losing)
|l|☆diegotrivium
|player|p2|
|l|‽MobBoss727262
|player|p1|
