|j|☆breakway
|j|☆SaiyanSage
|t:|1779899836
|gametype|singles
|player|p1|breakway|red|1199
|player|p2|SaiyanSage|hoopster|1214
|gen|9
|tier|[Gen 9] OU
|rated|
|rule|HP Percentage Mod: HP is shown in percentages
|rule|Endless Battle Clause: Forcing endless battles is banned
|rule|Species Clause: Limit one of each Pokémon
|rule|OHKO Clause: OHKO moves are banned
|rule|Evasion Items Clause: Evasion items are banned
|rule|Evasion Moves Clause: Evasion moves are banned
|rule|Evasion Abilities Clause: Evasion abilities are banned
|rule|Sleep Moves Clause: Sleep-inducing moves are banned
|clearpoke
|poke|p1|Greninja-*, M|
|poke|p1|Hydreigon, F|
|poke|p1|Zapdos|
|poke|p1|Regieleki|
|poke|p1|Meowscarada, F|
|poke|p1|Blaziken, F|
|poke|p2|Raging Bolt|
|poke|p2|Brute Bonnet|
|poke|p2|Walking Wake|
|poke|p2|Ogerpon-Wellspring, F|
|poke|p2|Latias, F|
|poke|p2|Gliscor, F|
|teampreview
|
|t:|1779899851
|teamsize|p1|6
|teamsize|p2|6
|start
|switch|p1a: Blaziken|Blaziken, F, shiny|100/100
|switch|p2a: Gliscor|Gliscor, F|100/100
|turn|1
|
|t:|1779899854
|move|p2a: Gliscor|Toxic Spikes|p1a: Blaziken
|-sidestart|p1: breakway|move: Toxic Spikes
|move|p1a: Blaziken|Focus Energy|p1a: Blaziken
|-start|p1a: Blaziken|move: Focus Energy
|
|-status|p2a: Gliscor|tox|[from] item: Toxic Orb
|-ability|p1a: Blaziken|Speed Boost|boost
|-boost|p1a: Blaziken|spe|1
|upkeep
|turn|2
|
|t:|1779899868
|move|p1a: Blaziken|Overheat|p2a: Gliscor
|-crit|p2a: Gliscor
|-damage|p2a: Gliscor|0 fnt
|-unboost|p1a: Blaziken|spa|2
|faint|p2a: Gliscor
|
|-ability|p1a: Blaziken|Speed Boost|boost
|-boost|p1a: Blaziken|spe|1
|upkeep
|
|t:|1779899880
|switch|p2a: Draco|Walking Wake|100/100
|turn|3
|inactive|Battle timer is ON: inactive players will automatically lose when time's up. (requested by SaiyanSage)
|
|t:|1779899902
|move|p1a: Blaziken|Overheat|p2a: Draco
|-resisted|p2a: Draco
|-crit|p2a: Draco
|-damage|p2a: Draco|70/100
|-unboost|p1a: Blaziken|spa|2
|move|p2a: Draco|Hydro Steam|p1a: Blaziken
|-supereffective|p1a: Blaziken
|-crit|p1a: Blaziken
|-damage|p1a: Blaziken|0 fnt
|faint|p1a: Blaziken
|-damage|p2a: Draco|60/100|[from] item: Life Orb
|
|upkeep
|
|t:|1779899908
|switch|p1a: Regieleki|Regieleki|100/100
|-status|p1a: Regieleki|psn
|turn|4
|
|t:|1779899911
|-end|p2a: Draco|Protosynthesis|[silent]
|switch|p2a: Zeus|Raging Bolt|100/100
|move|p1a: Regieleki|Rapid Spin|p2a: Zeus
|-damage|p2a: Zeus|93/100
|-boost|p1a: Regieleki|spe|1
|-sideend|p1: breakway|Toxic Spikes|[from] move: Rapid Spin|[of] p1a: Regieleki
|
|-damage|p1a: Regieleki|88/100 psn|[from] psn
|upkeep
|turn|5
|
|t:|1779899922
|move|p1a: Regieleki|Light Screen|p1a: Regieleki
|-sidestart|p1: breakway|move: Light Screen
|move|p2a: Zeus|Charge Beam|p1a: Regieleki|[miss]
|-miss|p2a: Zeus|p1a: Regieleki
|
|-damage|p1a: Regieleki|76/100 psn|[from] psn
|upkeep
|turn|6
|
|t:|1779899929
|switch|p1a: Hydreigon|Hydreigon, F|100/100
|move|p2a: Zeus|Charge Beam|p1a: Hydreigon
|-resisted|p1a: Hydreigon
|-damage|p1a: Hydreigon|92/100
|-boost|p2a: Zeus|spa|1
|
|upkeep
|turn|7
|
|t:|1779899934
|-end|p2a: Zeus|Protosynthesis|[silent]
|switch|p2a: Emo stoner|Brute Bonnet|100/100
|move|p1a: Hydreigon|Draco Meteor|p2a: Emo stoner
|-damage|p2a: Emo stoner|37/100
|-unboost|p1a: Hydreigon|spa|2
|
|upkeep
|turn|8
|
|t:|1779899941
|move|p1a: Hydreigon|Draco Meteor|p2a: Emo stoner
|-damage|p2a: Emo stoner|2/100
|-unboost|p1a: Hydreigon|spa|2
|move|p2a: Emo stoner|Crunch|p1a: Hydreigon
|-resisted|p1a: Hydreigon
|-damage|p1a: Hydreigon|61/100
|
|upkeep
|turn|9
|
|t:|1779899949
|move|p2a: Emo stoner|Sucker Punch|p1a: Hydreigon
|-resisted|p1a: Hydreigon
|-damage|p1a: Hydreigon|35/100
|move|p1a: Hydreigon|Draco Meteor|p2a: Emo stoner
|-damage|p2a: Emo stoner|0 fnt
|-unboost|p1a: Hydreigon|spa|2
|faint|p2a: Emo stoner
|-end|p2a: Emo stoner|Protosynthesis|[silent]
|
|upkeep
|
|t:|1779899953
|switch|p2a: GG|Latias, F, shiny|100/100
|turn|10
|
|t:|1779899963
|switch|p1a: Meowscarada|Meowscarada, F|100/100
|-terastallize|p2a: GG|Steel
|move|p2a: GG|Agility|p2a: GG
|-boost|p2a: GG|spe|2
|
|upkeep
|turn|11
|
|t:|1779899970
|move|p2a: GG|Calm Mind|p2a: GG
|-boost|p2a: GG|spa|1
|-boost|p2a: GG|spd|1
|move|p1a: Meowscarada|Knock Off|p2a: GG
|-start|p1a: Meowscarada|typechange|Dark|[from] ability: Protean
|-damage|p2a: GG|46/100
|-enditem|p2a: GG|Weakness Policy|[from] move: Knock Off|[of] p1a: Meowscarada
|
|upkeep
|turn|12
|
|t:|1779899980
|switch|p1a: Hydreigon|Hydreigon, F|35/100
|move|p2a: GG|Draining Kiss|p1a: Hydreigon
|-supereffective|p1a: Hydreigon
|-damage|p1a: Hydreigon|0 fnt
|-heal|p2a: GG|69/100|[from] drain|[of] p1a: Hydreigon
|faint|p1a: Hydreigon
|
|-sideend|p1: breakway|move: Light Screen
|upkeep
|
|t:|1779899988
|switch|p1a: Zapdos|Zapdos|100/100
|turn|13
|
|t:|1779899992
|move|p2a: GG|Calm Mind|p2a: GG
|-boost|p2a: GG|spa|1
|-boost|p2a: GG|spd|1
|move|p1a: Zapdos|Heat Wave|p2a: GG
|-supereffective|p2a: GG
|-damage|p2a: GG|46/100
|
|upkeep
|turn|14
|-message|breakway forfeited.
|
|win|SaiyanSage
|raw|breakway's rating: 1199 &rarr; <strong>1175</strong><br />(-24 for losing)
|raw|SaiyanSage's rating: 1214 &rarr; <strong>1238</strong><br />(+24 for winning)
|l|☆breakway
|player|p1|
|l|☆SaiyanSage
|player|p2|
