|j|☆Ouass78190
|j|☆baakrisht
|t:|1779872241
|gametype|singles
|player|p1|Ouass78190|265|1128
|player|p2|baakrisht|102|1160
|gen|9
|tier|[Gen 9] OU
|rated|
|rule|HP Percentage Mod: HP is shown in percentages
|rule|Endless Battle Clause: Forcing endless battles is banned
|rule|Species Clause: Limit one of each Pokémon
|rule|OHKO Clause: OHKO moves are banned
|rule|Evasion Items Clause: Evasion items are banned
|rule|Evasion Moves Clause: Evasion moves are banned
|rule|Evasion Abilities Clause: Evasion abilities are banned
|rule|Sleep Moves Clause: Sleep-inducing moves are banned
|clearpoke
|poke|p1|Corviknight, M|
|poke|p1|Tyranitar, M|
|poke|p1|Rillaboom, M|
|poke|p1|Enamorus, F|
|poke|p1|Cinderace, F|
|poke|p1|Ogerpon-Cornerstone, F|
|poke|p2|Espeon, F|
|poke|p2|Goodra, F|
|poke|p2|Weezing-Galar, M|
|poke|p2|Orthworm, F|
|poke|p2|Suicune|
|poke|p2|Muk-Alola, M|
|teampreview
|
|t:|1779872248
|teamsize|p1|6
|teamsize|p2|6
|start
|switch|p1a: Tyranitar|Tyranitar, M|100/100
|switch|p2a: दील दो 💖|Orthworm, F|100/100
|-weather|Sandstorm|[from] ability: Sand Stream|[of] p1a: Tyranitar
|turn|1
|
|t:|1779872313
|move|p2a: दील दो 💖|Body Press|p1a: Tyranitar
|-supereffective|p1a: Tyranitar
|-damage|p1a: Tyranitar|2/100
|move|p1a: Tyranitar|Knock Off|p2a: दील दो 💖
|-damage|p2a: दील दो 💖|71/100
|-enditem|p2a: दील दो 💖|Leftovers|[from] move: Knock Off|[of] p1a: Tyranitar
|
|-weather|Sandstorm|[upkeep]
|upkeep
|turn|2
|
|t:|1779872329
|switch|p1a: Enamorus|Enamorus, F|100/100
|move|p2a: दील दो 💖|Body Press|p1a: Enamorus
|-resisted|p1a: Enamorus
|-damage|p1a: Enamorus|87/100
|
|-weather|Sandstorm|[upkeep]
|-damage|p1a: Enamorus|81/100|[from] Sandstorm
|upkeep
|turn|3
|
|t:|1779872335
|switch|p2a: लसलस|Goodra, F|100/100
|move|p1a: Enamorus|Mystical Fire|p2a: लसलस
|-resisted|p2a: लसलस
|-damage|p2a: लसलस|88/100
|-unboost|p2a: लसलस|spa|1
|
|-weather|Sandstorm|[upkeep]
|-damage|p1a: Enamorus|75/100|[from] Sandstorm
|-damage|p2a: लसलस|82/100|[from] Sandstorm
|upkeep
|turn|4
|
|t:|1779872349
|switch|p1a: Tyranitar|Tyranitar, M|2/100
|switch|p2a: कादो राज|Muk-Alola, M|100/100
|
|-weather|Sandstorm|[upkeep]
|-damage|p2a: कादो राज|94/100|[from] Sandstorm
|-heal|p2a: कादो राज|100/100|[from] item: Black Sludge
|upkeep
|turn|5
|
|t:|1779872354
|switch|p2a: लाठ साहब|Weezing-Galar, M, shiny|100/100
|move|p1a: Tyranitar|Earthquake|p2a: लाठ साहब
|-immune|p2a: लाठ साहब|[from] ability: Levitate
|
|-weather|Sandstorm|[upkeep]
|-damage|p2a: लाठ साहब|95/100|[from] Sandstorm
|upkeep
|turn|6
|
|t:|1779872359
|move|p1a: Tyranitar|Stone Edge|p2a: लाठ साहब
|-damage|p2a: लाठ साहब|53/100
|move|p2a: लाठ साहब|Toxic Spikes|p1a: Tyranitar
|-sidestart|p1: Ouass78190|move: Toxic Spikes
|
|-weather|Sandstorm|[upkeep]
|-damage|p2a: लाठ साहब|47/100|[from] Sandstorm
|upkeep
|turn|7
|
|t:|1779872362
|switch|p2a: दील दो 💖|Orthworm, F|71/100
|move|p1a: Tyranitar|Stone Edge|p2a: दील दो 💖
|-resisted|p2a: दील दो 💖
|-damage|p2a: दील दो 💖|55/100
|
|-weather|Sandstorm|[upkeep]
|upkeep
|turn|8
|
|t:|1779872368
|move|p2a: दील दो 💖|Body Press|p1a: Tyranitar
|-supereffective|p1a: Tyranitar
|-damage|p1a: Tyranitar|0 fnt
|faint|p1a: Tyranitar
|
|-weather|none
|upkeep
|
|t:|1779872371
|switch|p1a: Cinderace|Cinderace, F|100/100
|turn|9
|
|t:|1779872376
|move|p1a: Cinderace|Court Change|p1a: Cinderace
|-start|p1a: Cinderace|typechange|Normal|[from] ability: Libero
|-swapsideconditions
|-activate|p1a: Cinderace|move: Court Change
|move|p2a: दील दो 💖|Stealth Rock|p1a: Cinderace
|-sidestart|p1: Ouass78190|move: Stealth Rock
|
|upkeep
|turn|10
|
|t:|1779872392
|switch|p2a: कादो राज|Muk-Alola, M|100/100
|-sideend|p2: baakrisht|move: Toxic Spikes|[of] p2a: कादो राज
|move|p1a: Cinderace|High Jump Kick|p2a: कादो राज
|-damage|p2a: कादो राज|57/100
|
|-heal|p2a: कादो राज|63/100|[from] item: Black Sludge
|upkeep
|turn|11
|
|t:|1779872397
|move|p1a: Cinderace|Court Change|p1a: Cinderace
|-swapsideconditions
|-activate|p1a: Cinderace|move: Court Change
|move|p2a: कादो राज|Knock Off|p1a: Cinderace
|-damage|p1a: Cinderace|57/100
|-enditem|p1a: Cinderace|Heavy-Duty Boots|[from] move: Knock Off|[of] p2a: कादो राज
|
|-heal|p2a: कादो राज|69/100|[from] item: Black Sludge
|upkeep
|turn|12
|
|t:|1779872407
|switch|p2a: Suicune|Suicune|100/100
|-damage|p2a: Suicune|88/100|[from] Stealth Rock
|-ability|p2a: Suicune|Pressure
|move|p1a: Cinderace|Pyro Ball|p2a: Suicune
|-resisted|p2a: Suicune
|-damage|p2a: Suicune|78/100
|
|-heal|p2a: Suicune|84/100|[from] item: Leftovers
|upkeep
|turn|13
|
|t:|1779872413
|move|p1a: Cinderace|U-turn|p2a: Suicune
|-crit|p2a: Suicune
|-damage|p2a: Suicune|66/100
|
|t:|1779872415
|switch|p1a: Rillaboom|Rillaboom, M|100/100|[from] U-turn
|-fieldstart|move: Grassy Terrain|[from] ability: Grassy Surge|[of] p1a: Rillaboom
|move|p2a: Suicune|Substitute|p2a: Suicune
|-start|p2a: Suicune|Substitute
|-damage|p2a: Suicune|41/100
|
|-heal|p2a: Suicune|47/100|[from] Grassy Terrain
|-heal|p2a: Suicune|53/100|[from] item: Leftovers
|upkeep
|turn|14
|
|t:|1779872417
|move|p1a: Rillaboom|Grassy Glide|p2a: Suicune
|-supereffective|p2a: Suicune
|-end|p2a: Suicune|Substitute
|move|p2a: Suicune|Ice Beam|p1a: Rillaboom
|-supereffective|p1a: Rillaboom
|-damage|p1a: Rillaboom|51/100
|
|-heal|p1a: Rillaboom|58/100|[from] Grassy Terrain
|-heal|p2a: Suicune|60/100|[from] Grassy Terrain
|-heal|p2a: Suicune|66/100|[from] item: Leftovers
|upkeep
|turn|15
|
|t:|1779872424
|switch|p1a: Enamorus|Enamorus, F|75/100
|switch|p2a: लाठ साहब|Weezing-Galar, M, shiny|47/100
|-damage|p2a: लाठ साहब|35/100|[from] Stealth Rock
|
|upkeep
|turn|16
|
|t:|1779872432
|move|p1a: Enamorus|Sludge Bomb|p2a: लाठ साहब
|-damage|p2a: लाठ साहब|0 fnt
|faint|p2a: लाठ साहब
|
|upkeep
|
|t:|1779872439
|switch|p2a: कादो राज|Muk-Alola, M|69/100
|-damage|p2a: कादो राज|57/100|[from] Stealth Rock
|turn|17
|
|t:|1779872443
|switch|p1a: Corviknight|Corviknight, M|100/100
|-ability|p1a: Corviknight|Pressure
|move|p2a: कादो राज|Substitute|p2a: कादो राज
|-start|p2a: कादो राज|Substitute
|-damage|p2a: कादो राज|32/100
|
|-heal|p2a: कादो राज|38/100|[from] Grassy Terrain
|-heal|p2a: कादो राज|44/100|[from] item: Black Sludge
|-fieldend|move: Grassy Terrain
|upkeep
|turn|18
|
|t:|1779872448
|move|p1a: Corviknight|Body Press|p2a: कादो राज
|-activate|p2a: कादो राज|move: Substitute|[damage]
|move|p2a: कादो राज|Disable|p1a: Corviknight
|-start|p1a: Corviknight|Disable|Body Press
|
|-heal|p2a: कादो राज|50/100|[from] item: Black Sludge
|upkeep
|turn|19
|
|t:|1779872456
|move|p1a: Corviknight|U-turn|p2a: कादो राज
|-crit|p2a: कादो राज
|-end|p2a: कादो राज|Substitute
|
|t:|1779872461
|switch|p1a: Enamorus|Enamorus, F|75/100|[from] U-turn
|move|p2a: कादो राज|Knock Off|p1a: Enamorus
|-resisted|p1a: Enamorus
|-damage|p1a: Enamorus|49/100
|-status|p1a: Enamorus|psn|[from] ability: Poison Touch|[of] p2a: कादो राज
|-enditem|p1a: Enamorus|Choice Specs|[from] move: Knock Off|[of] p2a: कादो राज
|
|-heal|p2a: कादो राज|56/100|[from] item: Black Sludge
|-damage|p1a: Enamorus|36/100 psn|[from] psn
|upkeep
|turn|20
|
|t:|1779872476
|move|p1a: Enamorus|Earth Power|p2a: कादो राज
|-supereffective|p2a: कादो राज
|-damage|p2a: कादो राज|15/100
|move|p2a: कादो राज|Substitute|p2a: कादो राज
|-fail|p2a: कादो राज|move: Substitute|[weak]
|
|-heal|p2a: कादो राज|21/100|[from] item: Black Sludge
|-damage|p1a: Enamorus|24/100 psn|[from] psn
|upkeep
|turn|21
|
|t:|1779872480
|switch|p2a: दील दो 💖|Orthworm, F|55/100
|-damage|p2a: दील दो 💖|49/100|[from] Stealth Rock
|move|p1a: Enamorus|Mystical Fire|p2a: दील दो 💖
|-supereffective|p2a: दील दो 💖
|-damage|p2a: दील दो 💖|0 fnt
|faint|p2a: दील दो 💖
|
|-damage|p1a: Enamorus|12/100 psn|[from] psn
|upkeep
|
|t:|1779872485
|switch|p2a: लसलस|Goodra, F|82/100
|-damage|p2a: लसलस|70/100|[from] Stealth Rock
|turn|22
|
|t:|1779872487
|move|p1a: Enamorus|Springtide Storm|p2a: लसलस
|-supereffective|p2a: लसलस
|-damage|p2a: लसलस|4/100
|move|p2a: लसलस|Rain Dance|p2a: लसलस
|-weather|RainDance
|
|-weather|RainDance|[upkeep]
|-damage|p1a: Enamorus|0 fnt|[from] psn
|faint|p1a: Enamorus
|upkeep
|
|t:|1779872496
|switch|p1a: Rillaboom|Rillaboom, M|58/100
|-fieldstart|move: Grassy Terrain|[from] ability: Grassy Surge|[of] p1a: Rillaboom
|turn|23
|
|t:|1779872499
|move|p2a: लसलस|Rest|p2a: लसलस
|-status|p2a: लसलस|slp|[from] move: Rest
|-heal|p2a: लसलस|100/100 slp|[silent]
|move|p1a: Rillaboom|U-turn|p2a: लसलस
|-damage|p2a: लसलस|56/100 slp
|
|t:|1779872505
|switch|p1a: Ogerpon|Ogerpon-Cornerstone, F|100/100|[from] U-turn
|
|-weather|RainDance|[upkeep]
|-heal|p2a: लसलस|63/100 slp|[from] Grassy Terrain
|-activate|p2a: लसलस|ability: Hydration
|-curestatus|p2a: लसलस|slp|[msg]
|upkeep
|turn|24
|
|t:|1779872515
|-terastallize|p2a: लसलस|Poison
|move|p1a: Ogerpon|Swords Dance|p1a: Ogerpon
|-boost|p1a: Ogerpon|atk|2
|move|p2a: लसलस|Sludge Bomb|p1a: Ogerpon
|-damage|p1a: Ogerpon|64/100
|-status|p1a: Ogerpon|psn
|
|-weather|RainDance|[upkeep]
|-heal|p1a: Ogerpon|70/100 psn|[from] Grassy Terrain
|-heal|p2a: लसलस|69/100|[from] Grassy Terrain
|-damage|p1a: Ogerpon|58/100 psn|[from] psn
|upkeep
|turn|25
|
|t:|1779872519
|move|p1a: Ogerpon|Rock Tomb|p2a: लसलस
|-damage|p2a: लसलस|0 fnt
|faint|p2a: लसलस
|
|-weather|RainDance|[upkeep]
|-heal|p1a: Ogerpon|64/100 psn|[from] Grassy Terrain
|-damage|p1a: Ogerpon|52/100 psn|[from] psn
|upkeep
|
|t:|1779872522
|switch|p2a: बिलाई मौसी|Espeon, F|100/100
|-damage|p2a: बिलाई मौसी|88/100|[from] Stealth Rock
|turn|26
|
|t:|1779872525
|move|p2a: बिलाई मौसी|Psychic|p1a: Ogerpon
|-damage|p1a: Ogerpon|2/100 psn
|move|p1a: Ogerpon|Horn Leech|p2a: बिलाई मौसी
|-crit|p2a: बिलाई मौसी
|-damage|p2a: बिलाई मौसी|0 fnt
|-heal|p1a: Ogerpon|51/100 psn|[from] drain|[of] p2a: बिलाई मौसी
|faint|p2a: बिलाई मौसी
|
|-weather|RainDance|[upkeep]
|-heal|p1a: Ogerpon|57/100 psn|[from] Grassy Terrain
|-damage|p1a: Ogerpon|45/100 psn|[from] psn
|upkeep
|-message|baakrisht forfeited.
|
|win|Ouass78190
|raw|Ouass78190's rating: 1128 &rarr; <strong>1155</strong><br />(+27 for winning)
|raw|baakrisht's rating: 1160 &rarr; <strong>1133</strong><br />(-27 for losing)
|l|☆baakrisht
|player|p2|
|l|☆Ouass78190
|player|p1|
