|j|☆ihatecake69
|j|☆Rodricheat
|t:|1779917291
|gametype|singles
|player|p1|ihatecake69|giovanni|1126
|player|p2|Rodricheat|skier|1150
|gen|9
|tier|[Gen 9] OU
|rated|
|rule|HP Percentage Mod: HP is shown in percentages
|rule|Endless Battle Clause: Forcing endless battles is banned
|rule|Species Clause: Limit one of each Pokémon
|rule|OHKO Clause: OHKO moves are banned
|rule|Evasion Items Clause: Evasion items are banned
|rule|Evasion Moves Clause: Evasion moves are banned
|rule|Evasion Abilities Clause: Evasion abilities are banned
|rule|Sleep Moves Clause: Sleep-inducing moves are banned
|clearpoke
|poke|p1|Weavile, F|
|poke|p1|Spiritomb, M|
|poke|p1|Bisharp, M|
|poke|p1|Grimmsnarl, M|
|poke|p1|Umbreon, F|
|poke|p1|Houndoom, M|
|poke|p2|Ursaluna, F|
|poke|p2|Alomomola, M|
|poke|p2|Weezing-Galar, F|
|poke|p2|Lokix, F|
|poke|p2|Corviknight, M|
|poke|p2|Dragapult, M|
|teampreview
|
|t:|1779917302
|teamsize|p1|6
|teamsize|p2|6
|start
|switch|p1a: Itachi|Weavile, F|100/100
|switch|p2a: Lokix|Lokix, F|100/100
|turn|1
|
|t:|1779917318
|move|p2a: Lokix|First Impression|p1a: Itachi
|-supereffective|p1a: Itachi
|-damage|p1a: Itachi|0 fnt
|faint|p1a: Itachi
|
|upkeep
|
|t:|1779917321
|switch|p1a: Lucifer|Houndoom, M|100/100
|turn|2
|
|t:|1779917326
|switch|p2a: Alomomola|Alomomola, M|100/100
|move|p1a: Lucifer|Flamethrower|p2a: Alomomola
|-resisted|p2a: Alomomola
|-damage|p2a: Alomomola|76/100
|
|upkeep
|turn|3
|
|t:|1779917330
|move|p1a: Lucifer|Destiny Bond|p1a: Lucifer
|-singlemove|p1a: Lucifer|Destiny Bond
|move|p2a: Alomomola|Flip Turn|p1a: Lucifer
|-supereffective|p1a: Lucifer
|-damage|p1a: Lucifer|32/100
|
|t:|1779917351
|switch|p2a: Corviknight|Corviknight, M|100/100|[from] Flip Turn
|-ability|p2a: Corviknight|Pressure
|
|upkeep
|turn|4
|l|☆ihatecake69
|player|p1|
|j|☆ihatecake69
|player|p1|ihatecake69|giovanni|
|
|t:|1779917373
|move|p1a: Lucifer|Flamethrower|p2a: Corviknight
|-supereffective|p2a: Corviknight
|-damage|p2a: Corviknight|46/100
|move|p2a: Corviknight|U-turn|p1a: Lucifer
|-damage|p1a: Lucifer|2/100
|-enditem|p1a: Lucifer|Wiki Berry|[eat]
|-heal|p1a: Lucifer|36/100|[from] item: Wiki Berry
|
|t:|1779917383
|switch|p2a: Lokix|Lokix, F|100/100|[from] U-turn
|
|upkeep
|turn|5
|
|t:|1779917386
|move|p2a: Lokix|First Impression|p1a: Lucifer
|-damage|p1a: Lucifer|0 fnt
|faint|p1a: Lucifer
|
|upkeep
|
|t:|1779917390
|switch|p1a: Stong Goblin|Grimmsnarl, M, shiny|100/100
|turn|6
|
|t:|1779917393
|switch|p2a: Alomomola|Alomomola, M|100/100
|move|p1a: Stong Goblin|Bulk Up|p1a: Stong Goblin
|-boost|p1a: Stong Goblin|atk|1
|-boost|p1a: Stong Goblin|def|1
|
|upkeep
|turn|7
|
|t:|1779917400
|move|p1a: Stong Goblin|Leech Life|p2a: Alomomola
|-damage|p2a: Alomomola|79/100
|-damage|p1a: Stong Goblin|84/100|[from] item: Rocky Helmet|[of] p2a: Alomomola
|move|p2a: Alomomola|Wish|p2a: Alomomola
|
|upkeep
|turn|8
|
|t:|1779917411
|move|p1a: Stong Goblin|Spirit Break|p2a: Alomomola
|-damage|p2a: Alomomola|49/100
|-unboost|p2a: Alomomola|spa|1
|-damage|p1a: Stong Goblin|68/100|[from] item: Rocky Helmet|[of] p2a: Alomomola
|move|p2a: Alomomola|Flip Turn|p1a: Stong Goblin
|-damage|p1a: Stong Goblin|54/100
|
|t:|1779917416
|switch|p2a: Lokix|Lokix, F|100/100|[from] Flip Turn
|
|upkeep
|turn|9
|
|t:|1779917421
|move|p2a: Lokix|First Impression|p1a: Stong Goblin
|-damage|p1a: Stong Goblin|0 fnt
|faint|p1a: Stong Goblin
|
|upkeep
|
|t:|1779917426
|switch|p1a: ….|Spiritomb, M, shiny|100/100
|turn|10
|
|t:|1779917429
|switch|p2a: Alomomola|Alomomola, M|83/100
|move|p1a: ….|Calm Mind|p1a: ….
|-boost|p1a: ….|spa|1
|-boost|p1a: ….|spd|1
|
|upkeep
|turn|11
|
|t:|1779917434
|move|p2a: Alomomola|Flip Turn|p1a: ….
|-damage|p1a: ….|88/100
|-damage|p2a: Alomomola|66/100|[from] item: Rocky Helmet|[of] p1a: ….
|
|t:|1779917436
|switch|p2a: Corviknight|Corviknight, M|46/100|[from] Flip Turn
|-ability|p2a: Corviknight|Pressure
|move|p1a: ….|Will-O-Wisp|p2a: Corviknight|[miss]
|-miss|p1a: ….|p2a: Corviknight
|
|-heal|p2a: Corviknight|52/100|[from] item: Leftovers
|upkeep
|turn|12
|
|t:|1779917444
|switch|p2a: Lokix|Lokix, F|100/100
|move|p1a: ….|Will-O-Wisp|p2a: Lokix
|-status|p2a: Lokix|brn
|
|-damage|p2a: Lokix|94/100 brn|[from] brn
|upkeep
|turn|13
|
|t:|1779917453
|move|p2a: Lokix|Leech Life|p1a: ….
|-damage|p1a: ….|67/100
|-heal|p2a: Lokix|100/100 brn|[from] drain|[of] p1a: ….
|-damage|p2a: Lokix|84/100 brn|[from] item: Rocky Helmet|[of] p1a: ….
|move|p1a: ….|Calm Mind|p1a: ….
|-boost|p1a: ….|spa|1
|-boost|p1a: ….|spd|1
|
|-damage|p2a: Lokix|78/100 brn|[from] brn
|upkeep
|turn|14
|
|t:|1779917457
|move|p2a: Lokix|Leech Life|p1a: ….
|-damage|p1a: ….|43/100
|-heal|p2a: Lokix|91/100 brn|[from] drain|[of] p1a: ….
|-damage|p2a: Lokix|74/100 brn|[from] item: Rocky Helmet|[of] p1a: ….
|move|p1a: ….|Hex|p2a: Lokix
|-resisted|p2a: Lokix
|-damage|p2a: Lokix|0 fnt
|faint|p2a: Lokix
|
|upkeep
|
|t:|1779917462
|switch|p2a: Ursaluna|Ursaluna, F|100/100
|turn|15
|
|t:|1779917469
|move|p2a: Ursaluna|Headlong Rush|p1a: ….
|-damage|p1a: ….|0 fnt
|-unboost|p2a: Ursaluna|def|1
|-unboost|p2a: Ursaluna|spd|1
|-damage|p2a: Ursaluna|84/100|[from] item: Rocky Helmet|[of] p1a: ….
|faint|p1a: ….
|
|-status|p2a: Ursaluna|brn|[from] item: Flame Orb
|upkeep
|
|t:|1779917473
|switch|p1a: Babydoll|Umbreon, F, shiny|100/100
|turn|16
|
|t:|1779917477
|move|p2a: Ursaluna|Facade|p1a: Babydoll
|-damage|p1a: Babydoll|8/100
|move|p1a: Babydoll|Confuse Ray|p2a: Ursaluna
|-start|p2a: Ursaluna|confusion
|
|-heal|p1a: Babydoll|14/100|[from] item: Leftovers
|-damage|p2a: Ursaluna|78/100 brn|[from] brn
|upkeep
|turn|17
|
|t:|1779917484
|switch|p2a: Alomomola|Alomomola, M|99/100
|move|p1a: Babydoll|Wish|p1a: Babydoll
|
|-heal|p1a: Babydoll|20/100|[from] item: Leftovers
|upkeep
|turn|18
|
|t:|1779917491
|move|p1a: Babydoll|Foul Play|p2a: Alomomola
|-damage|p2a: Alomomola|86/100
|-damage|p1a: Babydoll|4/100|[from] item: Rocky Helmet|[of] p2a: Alomomola
|move|p2a: Alomomola|Wish|p2a: Alomomola
|
|-heal|p1a: Babydoll|54/100|[from] move: Wish|[wisher] Babydoll
|-heal|p1a: Babydoll|60/100|[from] item: Leftovers
|upkeep
|turn|19
|
|t:|1779917495
|move|p1a: Babydoll|Toxic|p2a: Alomomola
|-status|p2a: Alomomola|tox
|move|p2a: Alomomola|Flip Turn|p1a: Babydoll
|-damage|p1a: Babydoll|47/100
|
|t:|1779917497
|switch|p2a: Ursaluna|Ursaluna, F|78/100 brn|[from] Flip Turn
|
|-heal|p2a: Ursaluna|100/100 brn|[from] move: Wish|[wisher] Alomomola
|-heal|p1a: Babydoll|54/100|[from] item: Leftovers
|-damage|p2a: Ursaluna|94/100 brn|[from] brn
|upkeep
|turn|20
|
|t:|1779917501
|move|p2a: Ursaluna|Facade|p1a: Babydoll
|-damage|p1a: Babydoll|0 fnt
|faint|p1a: Babydoll
|
|-damage|p2a: Ursaluna|88/100 brn|[from] brn
|upkeep
|
|t:|1779917504
|switch|p1a: Go go power ranger|Bisharp, M|100/100
|turn|21
|
|t:|1779917511
|move|p2a: Ursaluna|Headlong Rush|p1a: Go go power ranger
|-supereffective|p1a: Go go power ranger
|-damage|p1a: Go go power ranger|0 fnt
|-unboost|p2a: Ursaluna|def|1
|-unboost|p2a: Ursaluna|spd|1
|faint|p1a: Go go power ranger
|
|win|Rodricheat
|raw|ihatecake69's rating: 1126 &rarr; <strong>1103</strong><br />(-23 for losing)
|raw|Rodricheat's rating: 1150 &rarr; <strong>1173</strong><br />(+23 for winning)
|l|☆ihatecake69
|player|p1|
|l|☆Rodricheat
|player|p2|
