|j|☆Nooderu
|j|☆claudechamp
|t:|1779865432
|gametype|singles
|player|p1|Nooderu|guitarist|1296
|player|p2|claudechamp|169|1297
|gen|9
|tier|[Gen 9] OU
|rated|
|rule|HP Percentage Mod: HP is shown in percentages
|rule|Endless Battle Clause: Forcing endless battles is banned
|rule|Species Clause: Limit one of each Pokémon
|rule|OHKO Clause: OHKO moves are banned
|rule|Evasion Items Clause: Evasion items are banned
|rule|Evasion Moves Clause: Evasion moves are banned
|rule|Evasion Abilities Clause: Evasion abilities are banned
|rule|Sleep Moves Clause: Sleep-inducing moves are banned
|clearpoke
|poke|p1|Great Tusk|
|poke|p1|Walking Wake|
|poke|p1|Lilligant-Hisui, F|
|poke|p1|Grimmsnarl, M|
|poke|p1|Torkoal, M|
|poke|p1|Heatran, F|
|poke|p2|Gliscor, F|
|poke|p2|Ogerpon, F|
|poke|p2|Walking Wake|
|poke|p2|Blissey, F|
|poke|p2|Corviknight, M|
|poke|p2|Pecharunt|
|teampreview
|c|☆claudechamp|hf
|inactive|Battle timer is ON: inactive players will automatically lose when time's up. (requested by claudechamp)
|
|t:|1779865438
|teamsize|p1|6
|teamsize|p2|6
|start
|switch|p1a: Grimmsnarl|Grimmsnarl, M|100/100
|switch|p2a: Gliscor|Gliscor, F|100/100
|turn|1
|
|t:|1779865447
|move|p1a: Grimmsnarl|Reflect|p1a: Grimmsnarl
|-sidestart|p1: Nooderu|Reflect
|move|p2a: Gliscor|Spikes|p1a: Grimmsnarl
|-sidestart|p1: Nooderu|Spikes
|
|-status|p2a: Gliscor|tox|[from] item: Toxic Orb
|upkeep
|turn|2
|
|t:|1779865454
|move|p1a: Grimmsnarl|Light Screen|p1a: Grimmsnarl
|-sidestart|p1: Nooderu|move: Light Screen
|move|p2a: Gliscor|Spikes|p1a: Grimmsnarl
|-sidestart|p1: Nooderu|Spikes
|
|upkeep
|turn|3
|
|t:|1779865460
|move|p1a: Grimmsnarl|Parting Shot|p2a: Gliscor
|-unboost|p2a: Gliscor|atk|1
|-unboost|p2a: Gliscor|spa|1
|
|t:|1779865464
|switch|p1a: Torkoal|Torkoal, M|100/100|[from] Parting Shot
|-damage|p1a: Torkoal|84/100|[from] Spikes
|-weather|SunnyDay|[from] ability: Drought|[of] p1a: Torkoal
|move|p2a: Gliscor|Spikes|p1a: Torkoal
|-sidestart|p1: Nooderu|Spikes
|
|-weather|SunnyDay|[upkeep]
|upkeep
|turn|4
|
|t:|1779865476
|move|p2a: Gliscor|Toxic|p1a: Torkoal
|-status|p1a: Torkoal|tox
|move|p1a: Torkoal|Rapid Spin|p2a: Gliscor
|-damage|p2a: Gliscor|93/100 tox
|-boost|p1a: Torkoal|spe|1
|-sideend|p1: Nooderu|Spikes|[from] move: Rapid Spin|[of] p1a: Torkoal
|
|-weather|SunnyDay|[upkeep]
|-heal|p2a: Gliscor|100/100 tox|[from] ability: Poison Heal
|-damage|p1a: Torkoal|78/100 tox|[from] psn
|upkeep
|turn|5
|
|t:|1779865494
|switch|p1a: Lilligant|Lilligant-Hisui, F|100/100
|move|p2a: Gliscor|Earthquake|p1a: Lilligant
|-resisted|p1a: Lilligant
|-damage|p1a: Lilligant|92/100
|
|-weather|SunnyDay|[upkeep]
|upkeep
|turn|6
|
|t:|1779865502
|move|p1a: Lilligant|Triple Axel|p2a: Gliscor
|-supereffective|p2a: Gliscor
|-damage|p2a: Gliscor|71/100 tox
|-supereffective|p2a: Gliscor
|-damage|p2a: Gliscor|20/100 tox
|-supereffective|p2a: Gliscor
|-damage|p2a: Gliscor|0 fnt
|faint|p2a: Gliscor
|-hitcount|p2: Gliscor|3
|-damage|p1a: Lilligant|82/100|[from] item: Life Orb
|
|-weather|SunnyDay|[upkeep]
|upkeep
|
|t:|1779865504
|switch|p2a: Pecharunt|Pecharunt|100/100
|turn|7
|inactive|Nooderu has 120 seconds left.
|
|t:|1779865543
|switch|p1a: Heatran|Heatran, F|100/100
|move|p2a: Pecharunt|Malignant Chain|p1a: Heatran
|-immune|p1a: Heatran
|
|-weather|SunnyDay|[upkeep]
|upkeep
|turn|8
|inactive|Nooderu has 120 seconds left.
|
|t:|1779865564
|move|p1a: Heatran|Overheat|p2a: Pecharunt
|-damage|p2a: Pecharunt|0 fnt
|-unboost|p1a: Heatran|spa|2
|faint|p2a: Pecharunt
|
|-weather|SunnyDay|[upkeep]
|-sideend|p1: Nooderu|Reflect
|upkeep
|
|t:|1779865568
|switch|p2a: Blissey|Blissey, F|100/100
|turn|9
|
|t:|1779865577
|switch|p1a: Great Tusk|Great Tusk|100/100
|-activate|p1a: Great Tusk|ability: Protosynthesis
|-start|p1a: Great Tusk|protosynthesisatk
|move|p2a: Blissey|Stealth Rock|p1a: Great Tusk
|-sidestart|p1: Nooderu|move: Stealth Rock
|
|-weather|SunnyDay|[upkeep]
|-sideend|p1: Nooderu|move: Light Screen
|upkeep
|turn|10
|inactive|Nooderu has 120 seconds left.
|
|t:|1779865588
|move|p1a: Great Tusk|Close Combat|p2a: Blissey
|-supereffective|p2a: Blissey
|-damage|p2a: Blissey|0 fnt
|-unboost|p1a: Great Tusk|def|1
|-unboost|p1a: Great Tusk|spd|1
|faint|p2a: Blissey
|
|-weather|none
|-end|p1a: Great Tusk|Protosynthesis
|upkeep
|
|t:|1779865596
|switch|p2a: Walking Wake|Walking Wake|100/100
|turn|11
|inactive|Nooderu has 120 seconds left.
|
|t:|1779865618
|-terastallize|p1a: Great Tusk|Electric
|move|p2a: Walking Wake|Surf|p1a: Great Tusk
|-damage|p1a: Great Tusk|38/100
|move|p1a: Great Tusk|Supercell Slam|p2a: Walking Wake
|-damage|p2a: Walking Wake|38/100
|
|upkeep
|turn|12
|
|t:|1779865646
|move|p2a: Walking Wake|Surf|p1a: Great Tusk
|-damage|p1a: Great Tusk|0 fnt
|faint|p1a: Great Tusk
|-end|p1a: Great Tusk|Protosynthesis|[silent]
|
|upkeep
|
|t:|1779865651
|switch|p1a: Torkoal|Torkoal, M|78/100 tox
|-damage|p1a: Torkoal|53/100 tox|[from] Stealth Rock
|-weather|SunnyDay|[from] ability: Drought|[of] p1a: Torkoal
|-activate|p2a: Walking Wake|ability: Protosynthesis
|-start|p2a: Walking Wake|protosynthesisspe
|turn|13
|inactive|Nooderu has 90 seconds left.
|
|t:|1779865676
|switch|p1a: Grimmsnarl|Grimmsnarl, M|100/100
|-damage|p1a: Grimmsnarl|88/100|[from] Stealth Rock
|move|p2a: Walking Wake|Surf|p1a: Grimmsnarl
|-damage|p1a: Grimmsnarl|63/100
|
|-weather|SunnyDay|[upkeep]
|upkeep
|turn|14
|inactive|Nooderu has 90 seconds left.
|
|t:|1779865685
|move|p1a: Grimmsnarl|Light Screen|p1a: Grimmsnarl
|-sidestart|p1: Nooderu|move: Light Screen
|move|p2a: Walking Wake|Surf|p1a: Grimmsnarl
|-damage|p1a: Grimmsnarl|50/100
|
|-weather|SunnyDay|[upkeep]
|upkeep
|turn|15
|
|t:|1779865693
|move|p1a: Grimmsnarl|Sucker Punch|p2a: Walking Wake
|-damage|p2a: Walking Wake|0 fnt
|faint|p2a: Walking Wake
|-end|p2a: Walking Wake|Protosynthesis|[silent]
|
|-weather|SunnyDay|[upkeep]
|upkeep
|
|t:|1779865702
|switch|p2a: Corviknight|Corviknight, M|100/100
|-ability|p2a: Corviknight|Pressure
|turn|16
|
|t:|1779865714
|move|p1a: Grimmsnarl|Reflect|p1a: Grimmsnarl
|-sidestart|p1: Nooderu|Reflect
|move|p2a: Corviknight|U-turn|p1a: Grimmsnarl
|-damage|p1a: Grimmsnarl|42/100
|
|t:|1779865717
|switch|p2a: Ogerpon|Ogerpon, F|100/100|[from] U-turn
|
|-weather|SunnyDay|[upkeep]
|upkeep
|turn|17
|
|t:|1779865726
|move|p1a: Grimmsnarl|Parting Shot|p2a: Ogerpon
|-unboost|p2a: Ogerpon|atk|1
|-ability|p2a: Ogerpon|Defiant|boost
|-boost|p2a: Ogerpon|atk|2
|-unboost|p2a: Ogerpon|spa|1
|-ability|p2a: Ogerpon|Defiant|boost
|-boost|p2a: Ogerpon|atk|2
|
|t:|1779865745
|switch|p1a: Heatran|Heatran, F|100/100|[from] Parting Shot
|-damage|p1a: Heatran|88/100|[from] Stealth Rock
|move|p2a: Ogerpon|Knock Off|p1a: Heatran
|-damage|p1a: Heatran|51/100
|-enditem|p1a: Heatran|Choice Scarf|[from] move: Knock Off|[of] p2a: Ogerpon
|
|-weather|SunnyDay|[upkeep]
|upkeep
|turn|18
|
|t:|1779865761
|move|p2a: Ogerpon|Knock Off|p1a: Heatran
|-damage|p1a: Heatran|22/100
|move|p1a: Heatran|Overheat|p2a: Ogerpon
|-supereffective|p2a: Ogerpon
|-damage|p2a: Ogerpon|0 fnt
|-unboost|p1a: Heatran|spa|2
|faint|p2a: Ogerpon
|
|-weather|SunnyDay|[upkeep]
|upkeep
|
|t:|1779865765
|switch|p2a: Corviknight|Corviknight, M|100/100
|-ability|p2a: Corviknight|Pressure
|turn|19
|
|t:|1779865782
|-terastallize|p2a: Corviknight|Ghost
|move|p1a: Heatran|Overheat|p2a: Corviknight
|-crit|p2a: Corviknight
|-damage|p2a: Corviknight|0 fnt
|-unboost|p1a: Heatran|spa|2
|faint|p2a: Corviknight
|
|win|Nooderu
|raw|Nooderu's rating: 1296 &rarr; <strong>1319</strong><br />(+23 for winning)
|raw|claudechamp's rating: 1266 &rarr; <strong>1243</strong><br />(-23 for losing)
|c|☆claudechamp|gg
