|j|☆abookfromthesky
|j|☆psygoat12
|t:|1779886793
|gametype|singles
|player|p1|abookfromthesky|1|1395
|player|p2|psygoat12|chuck|1362
|gen|9
|tier|[Gen 9] OU
|rated|
|rule|HP Percentage Mod: HP is shown in percentages
|rule|Endless Battle Clause: Forcing endless battles is banned
|rule|Species Clause: Limit one of each Pokémon
|rule|OHKO Clause: OHKO moves are banned
|rule|Evasion Items Clause: Evasion items are banned
|rule|Evasion Moves Clause: Evasion moves are banned
|rule|Evasion Abilities Clause: Evasion abilities are banned
|rule|Sleep Moves Clause: Sleep-inducing moves are banned
|clearpoke
|poke|p1|Slowking-Galar, F|
|poke|p1|Ting-Lu|
|poke|p1|Zapdos|
|poke|p1|Ogerpon-Wellspring, F|
|poke|p1|Cinderace, M|
|poke|p1|Kyurem|
|poke|p2|Pelipper, F|
|poke|p2|Iron Treads|
|poke|p2|Zapdos|
|poke|p2|Kingdra, M|
|poke|p2|Kingambit, F|
|poke|p2|Hariyama, F|
|teampreview
|inactive|Battle timer is ON: inactive players will automatically lose when time's up. (requested by abookfromthesky)
|
|t:|1779886804
|teamsize|p1|6
|teamsize|p2|6
|start
|switch|p1a: Kyurem|Kyurem|100/100
|switch|p2a: Hariyama|Hariyama, F|100/100
|-ability|p1a: Kyurem|Pressure
|turn|1
|
|t:|1779886829
|move|p1a: Kyurem|Draco Meteor|p2a: Hariyama
|-damage|p2a: Hariyama|51/100
|-unboost|p1a: Kyurem|spa|2
|move|p2a: Hariyama|Knock Off|p1a: Kyurem
|-damage|p1a: Kyurem|74/100
|-enditem|p1a: Kyurem|Choice Specs|[from] move: Knock Off|[of] p2a: Hariyama
|
|upkeep
|turn|2
|
|t:|1779886837
|switch|p1a: Zapdos|Zapdos|100/100
|move|p2a: Hariyama|Drain Punch|p1a: Zapdos
|-resisted|p1a: Zapdos
|-damage|p1a: Zapdos|89/100
|-heal|p2a: Hariyama|56/100|[from] drain|[of] p1a: Zapdos
|
|upkeep
|turn|3
|inactive|abookfromthesky has 120 seconds left.
|
|t:|1779886873
|move|p1a: Zapdos|U-turn|p2a: Hariyama
|-resisted|p2a: Hariyama
|-damage|p2a: Hariyama|49/100
|
|t:|1779886877
|switch|p1a: Ting-Lu|Ting-Lu|100/100|[from] U-turn
|-ability|p1a: Ting-Lu|Vessel of Ruin
|move|p2a: Hariyama|Knock Off|p1a: Ting-Lu
|-resisted|p1a: Ting-Lu
|-damage|p1a: Ting-Lu|94/100
|-enditem|p1a: Ting-Lu|Leftovers|[from] move: Knock Off|[of] p2a: Hariyama
|
|upkeep
|turn|4
|
|t:|1779886887
|move|p2a: Hariyama|Drain Punch|p1a: Ting-Lu
|-supereffective|p1a: Ting-Lu
|-damage|p1a: Ting-Lu|61/100
|-heal|p2a: Hariyama|66/100|[from] drain|[of] p1a: Ting-Lu
|move|p1a: Ting-Lu|Ruination|p2a: Hariyama
|-damage|p2a: Hariyama|33/100
|
|upkeep
|turn|5
|inactive|abookfromthesky has 120 seconds left.
|
|t:|1779886905
|switch|p2a: Pelipper|Pelipper, F|100/100
|-weather|RainDance|[from] ability: Drizzle|[of] p2a: Pelipper
|switch|p1a: Zapdos|Zapdos|89/100
|
|-weather|RainDance|[upkeep]
|upkeep
|turn|6
|
|t:|1779886914
|move|p1a: Zapdos|U-turn|p2a: Pelipper
|-resisted|p2a: Pelipper
|-damage|p2a: Pelipper|96/100
|
|t:|1779886917
|switch|p1a: Ogerpon|Ogerpon-Wellspring, F|100/100|[from] U-turn
|move|p2a: Pelipper|U-turn|p1a: Ogerpon
|-supereffective|p1a: Ogerpon
|-damage|p1a: Ogerpon|78/100
|
|t:|1779886929
|switch|p2a: Kingdra|Kingdra, M|100/100|[from] U-turn
|
|-weather|RainDance|[upkeep]
|upkeep
|turn|7
|
|t:|1779886944
|-terastallize|p1a: Ogerpon|Water
|detailschange|p1a: Ogerpon|Ogerpon-Wellspring-Tera, F, tera:Water
|-ability|p1a: Ogerpon|Embody Aspect (Wellspring)|boost
|-boost|p1a: Ogerpon|spd|1
|move|p2a: Kingdra|Draco Meteor|p1a: Ogerpon|[miss]
|-miss|p2a: Kingdra|p1a: Ogerpon
|move|p1a: Ogerpon|Horn Leech|p2a: Kingdra
|-damage|p2a: Kingdra|44/100
|-heal|p1a: Ogerpon|100/100|[from] drain|[of] p2a: Kingdra
|
|-weather|RainDance|[upkeep]
|upkeep
|turn|8
|
|t:|1779886953
|move|p2a: Kingdra|Draco Meteor|p1a: Ogerpon
|-damage|p1a: Ogerpon|34/100
|-unboost|p2a: Kingdra|spa|2
|move|p1a: Ogerpon|Horn Leech|p2a: Kingdra
|-damage|p2a: Kingdra|0 fnt
|-heal|p1a: Ogerpon|56/100|[from] drain|[of] p2a: Kingdra
|faint|p2a: Kingdra
|
|-weather|RainDance|[upkeep]
|upkeep
|c|☆psygoat12|u so lucky bro
|inactive|psygoat12 has 120 seconds left.
|
|t:|1779886986
|switch|p2a: Pelipper|Pelipper, F|96/100
|turn|9
|c|☆abookfromthesky|dont car
|inactive|psygoat12 has 120 seconds left.
|
|t:|1779887000
|-terastallize|p2a: Pelipper|Grass
|move|p1a: Ogerpon|Horn Leech|p2a: Pelipper
|-resisted|p2a: Pelipper
|-damage|p2a: Pelipper|79/100
|-heal|p1a: Ogerpon|65/100|[from] drain|[of] p2a: Pelipper
|move|p2a: Pelipper|Hurricane|p1a: Ogerpon
|-damage|p1a: Ogerpon|37/100
|
|-weather|RainDance|[upkeep]
|upkeep
|turn|10
|
|t:|1779887009
|switch|p1a: Slowking|Slowking-Galar, F|100/100
|move|p2a: Pelipper|Hurricane|p1a: Slowking
|-damage|p1a: Slowking|79/100
|-start|p1a: Slowking|confusion
|
|-weather|RainDance|[upkeep]
|upkeep
|turn|11
|
|t:|1779887011
|move|p2a: Pelipper|Hurricane|p1a: Slowking
|-damage|p1a: Slowking|59/100
|-prepare|p1a: Slowking|Chilly Reception|[premajor]
|-activate|p1a: Slowking|confusion
|move|p1a: Slowking|Chilly Reception|p1a: Slowking
|-weather|Snowscape
|c|☆abookfromthesky|u so bad
|
|t:|1779887018
|switch|p1a: Kyurem|Kyurem|74/100|[from] Chilly Reception
|-ability|p1a: Kyurem|Pressure
|
|-weather|Snowscape|[upkeep]
|upkeep
|turn|12
|
|t:|1779887024
|switch|p2a: Hariyama|Hariyama, F|33/100
|move|p1a: Kyurem|Blizzard|p2a: Hariyama
|-damage|p2a: Hariyama|21/100
|
|-weather|Snowscape|[upkeep]
|upkeep
|turn|13
|
|t:|1779887031
|switch|p1a: Zapdos|Zapdos|89/100
|move|p2a: Hariyama|Drain Punch|p1a: Zapdos
|-resisted|p1a: Zapdos
|-damage|p1a: Zapdos|79/100
|-heal|p2a: Hariyama|25/100|[from] drain|[of] p1a: Zapdos
|
|-weather|Snowscape|[upkeep]
|upkeep
|turn|14
|
|t:|1779887036
|move|p1a: Zapdos|Hurricane|p2a: Hariyama|[miss]
|-miss|p1a: Zapdos|p2a: Hariyama
|move|p2a: Hariyama|Knock Off|p1a: Zapdos
|-damage|p1a: Zapdos|61/100
|-enditem|p1a: Zapdos|Heavy-Duty Boots|[from] move: Knock Off|[of] p2a: Hariyama
|
|-weather|Snowscape|[upkeep]
|upkeep
|turn|15
|
|t:|1779887042
|switch|p2a: Zapdos|Zapdos|100/100
|move|p1a: Zapdos|Roost|p1a: Zapdos
|-heal|p1a: Zapdos|100/100
|-singleturn|p1a: Zapdos|move: Roost
|
|-weather|none
|upkeep
|turn|16
|
|t:|1779887056
|move|p2a: Zapdos|Hurricane|p1a: Zapdos
|-resisted|p1a: Zapdos
|-damage|p1a: Zapdos|58/100
|-start|p1a: Zapdos|confusion
|-activate|p1a: Zapdos|confusion
|-damage|p1a: Zapdos|53/100|[from] confusion
|
|upkeep
|turn|17
|
|t:|1779887060
|switch|p1a: Kyurem|Kyurem|74/100
|-ability|p1a: Kyurem|Pressure
|move|p2a: Zapdos|Hurricane|p1a: Kyurem
|-damage|p1a: Kyurem|0 fnt
|faint|p1a: Kyurem
|
|upkeep
|
|t:|1779887065
|switch|p1a: Slowking|Slowking-Galar, F|92/100
|turn|18
|
|t:|1779887072
|switch|p2a: Iron Treads|Iron Treads|100/100
|-enditem|p2a: Iron Treads|Booster Energy
|-activate|p2a: Iron Treads|ability: Quark Drive|[fromitem]
|-start|p2a: Iron Treads|quarkdrivespe
|-prepare|p1a: Slowking|Chilly Reception|[premajor]
|move|p1a: Slowking|Chilly Reception|p1a: Slowking
|-weather|Snowscape
|
|t:|1779887088
|switch|p1a: Ting-Lu|Ting-Lu|61/100|[from] Chilly Reception
|-ability|p1a: Ting-Lu|Vessel of Ruin
|
|-weather|Snowscape|[upkeep]
|upkeep
|turn|19
|inactive|psygoat12 has 120 seconds left.
|
|t:|1779887124
|-end|p2a: Iron Treads|Quark Drive|[silent]
|switch|p2a: Pelipper|Pelipper, F, tera:Grass|79/100
|-weather|RainDance|[from] ability: Drizzle|[of] p2a: Pelipper
|move|p1a: Ting-Lu|Ruination|p2a: Pelipper
|-damage|p2a: Pelipper|40/100
|
|-weather|RainDance|[upkeep]
|upkeep
|turn|20
|
|t:|1779887128
|switch|p1a: Slowking|Slowking-Galar, F|100/100
|move|p2a: Pelipper|Roost|p2a: Pelipper
|-heal|p2a: Pelipper|90/100
|
|-weather|RainDance|[upkeep]
|upkeep
|turn|21
|
|t:|1779887134
|move|p2a: Pelipper|Roost|p2a: Pelipper
|-heal|p2a: Pelipper|100/100
|move|p1a: Slowking|Future Sight|p2a: Pelipper
|-start|p1a: Slowking|move: Future Sight
|
|-weather|RainDance|[upkeep]
|upkeep
|turn|22
|
|t:|1779887143
|move|p2a: Pelipper|U-turn|p1a: Slowking
|-damage|p1a: Slowking|91/100
|
|t:|1779887151
|switch|p2a: Iron Treads|Iron Treads|100/100|[from] U-turn
|-prepare|p1a: Slowking|Chilly Reception|[premajor]
|move|p1a: Slowking|Chilly Reception|p1a: Slowking
|-weather|Snowscape
|
|t:|1779887160
|switch|p1a: Ting-Lu|Ting-Lu|61/100|[from] Chilly Reception
|-ability|p1a: Ting-Lu|Vessel of Ruin
|
|-weather|Snowscape|[upkeep]
|upkeep
|turn|23
|
|t:|1779887168
|-end|p2a: Iron Treads|Quark Drive|[silent]
|switch|p2a: Hariyama|Hariyama, F|25/100
|move|p1a: Ting-Lu|Earthquake|p2a: Hariyama
|-damage|p2a: Hariyama|0 fnt
|faint|p2a: Hariyama
|
|-weather|Snowscape|[upkeep]
|-hint|Future Sight did not hit because the target is fainted.
|upkeep
|
|t:|1779887178
|switch|p2a: Zapdos|Zapdos|100/100
|turn|24
|
|t:|1779887190
|move|p2a: Zapdos|Hurricane|p1a: Ting-Lu
|-damage|p1a: Ting-Lu|24/100
|move|p1a: Ting-Lu|Ruination|p2a: Zapdos
|-damage|p2a: Zapdos|51/100
|
|-weather|Snowscape|[upkeep]
|upkeep
|turn|25
|
|t:|1779887194
|move|p2a: Zapdos|Hurricane|p1a: Ting-Lu
|-damage|p1a: Ting-Lu|0 fnt
|faint|p1a: Ting-Lu
|
|-weather|Snowscape|[upkeep]
|upkeep
|c|☆abookfromthesky|asee now youre lucky
|
|t:|1779887203
|switch|p1a: Cinderace|Cinderace, M|100/100
|turn|26
|c|☆psygoat12|bcos u stayed in on 2 hurricanes?
|inactive|psygoat12 has 120 seconds left.
|
|t:|1779887241
|move|p1a: Cinderace|Pyro Ball|p2a: Zapdos
|-damage|p2a: Zapdos|0 fnt
|faint|p2a: Zapdos
|
|-weather|none
|upkeep
|
|t:|1779887247
|switch|p2a: Pelipper|Pelipper, F, tera:Grass|100/100
|-weather|RainDance|[from] ability: Drizzle|[of] p2a: Pelipper
|turn|27
|inactive|psygoat12 has 120 seconds left.
|
|t:|1779887257
|move|p1a: Cinderace|U-turn|p2a: Pelipper
|-start|p1a: Cinderace|typechange|Bug|[from] ability: Libero
|-supereffective|p2a: Pelipper
|-damage|p2a: Pelipper|58/100
|
|t:|1779887264
|switch|p1a: Slowking|Slowking-Galar, F|100/100|[from] U-turn
|move|p2a: Pelipper|U-turn|p1a: Slowking
|-damage|p1a: Slowking|92/100
|
|t:|1779887267
|switch|p2a: Iron Treads|Iron Treads|100/100|[from] U-turn
|
|-weather|RainDance|[upkeep]
|upkeep
|turn|28
|
|t:|1779887274
|move|p2a: Iron Treads|Stealth Rock|p1a: Slowking
|-sidestart|p1: abookfromthesky|move: Stealth Rock
|-prepare|p1a: Slowking|Chilly Reception|[premajor]
|move|p1a: Slowking|Chilly Reception|p1a: Slowking
|-weather|Snowscape
|
|t:|1779887277
|switch|p1a: Cinderace|Cinderace, M|100/100|[from] Chilly Reception
|
|-weather|Snowscape|[upkeep]
|upkeep
|turn|29
|
|t:|1779887283
|move|p1a: Cinderace|Court Change|p1a: Cinderace
|-start|p1a: Cinderace|typechange|Normal|[from] ability: Libero
|-swapsideconditions
|-activate|p1a: Cinderace|move: Court Change
|move|p2a: Iron Treads|Earthquake|p1a: Cinderace
|-damage|p1a: Cinderace|53/100
|
|-weather|Snowscape|[upkeep]
|upkeep
|turn|30
|
|t:|1779887292
|move|p1a: Cinderace|Pyro Ball|p2a: Iron Treads|[miss]
|-miss|p1a: Cinderace|p2a: Iron Treads
|move|p2a: Iron Treads|Stealth Rock|p1a: Cinderace
|-sidestart|p1: abookfromthesky|move: Stealth Rock
|
|-weather|Snowscape|[upkeep]
|upkeep
|turn|31
|c|☆abookfromthesky|you lucky motherfucker
|c|☆abookfromthesky|go buy a lotter ticket
|
|t:|1779887302
|move|p1a: Cinderace|Pyro Ball|p2a: Iron Treads
|-supereffective|p2a: Iron Treads
|-damage|p2a: Iron Treads|51/100
|move|p2a: Iron Treads|Earthquake|p1a: Cinderace
|-damage|p1a: Cinderace|8/100
|
|-weather|Snowscape|[upkeep]
|upkeep
|turn|32
|c|☆abookfromthesky|fucking chud
|
|t:|1779887310
|move|p1a: Cinderace|Pyro Ball|p2a: Iron Treads
|-supereffective|p2a: Iron Treads
|-damage|p2a: Iron Treads|4/100
|move|p2a: Iron Treads|Volt Switch|p1a: Cinderace
|-damage|p1a: Cinderace|0 fnt
|faint|p1a: Cinderace
|
|t:|1779887314
|-end|p2a: Iron Treads|Quark Drive|[silent]
|switch|p2a: Pelipper|Pelipper, F, tera:Grass|58/100|[from] Volt Switch
|-damage|p2a: Pelipper|45/100|[from] Stealth Rock
|-weather|RainDance|[from] ability: Drizzle|[of] p2a: Pelipper
|
|-weather|RainDance|[upkeep]
|upkeep
|
|t:|1779887331
|switch|p1a: Zapdos|Zapdos|53/100
|-damage|p1a: Zapdos|28/100|[from] Stealth Rock
|turn|33
|
|t:|1779887339
|move|p1a: Zapdos|Hurricane|p2a: Pelipper
|-supereffective|p2a: Pelipper
|-damage|p2a: Pelipper|0 fnt
|faint|p2a: Pelipper
|
|-weather|RainDance|[upkeep]
|upkeep
|
|t:|1779887341
|switch|p2a: Iron Treads|Iron Treads|4/100
|-damage|p2a: Iron Treads|2/100|[from] Stealth Rock
|turn|34
|
|t:|1779887360
|move|p2a: Iron Treads|Rapid Spin|p1a: Zapdos
|-damage|p1a: Zapdos|19/100
|-boost|p2a: Iron Treads|spe|1
|-status|p2a: Iron Treads|par|[from] ability: Static|[of] p1a: Zapdos
|-sideend|p2: psygoat12|Stealth Rock|[from] move: Rapid Spin|[of] p2a: Iron Treads
|move|p1a: Zapdos|Discharge|p2a: Iron Treads
|-immune|p2a: Iron Treads
|
|-weather|RainDance|[upkeep]
|upkeep
|turn|35
|
|t:|1779887368
|move|p1a: Zapdos|Roost|p1a: Zapdos
|-heal|p1a: Zapdos|69/100
|-singleturn|p1a: Zapdos|move: Roost
|move|p2a: Iron Treads|Rapid Spin|p1a: Zapdos
|-damage|p1a: Zapdos|60/100
|-boost|p2a: Iron Treads|spe|1
|
|-weather|RainDance|[upkeep]
|upkeep
|turn|36
|c|☆abookfromthesky|misinput
|
|t:|1779887373
|cant|p2a: Iron Treads|par
|move|p1a: Zapdos|Roost|p1a: Zapdos
|-heal|p1a: Zapdos|100/100
|-singleturn|p1a: Zapdos|move: Roost
|
|-weather|RainDance|[upkeep]
|upkeep
|turn|37
|
|t:|1779887377
|move|p2a: Iron Treads|Rapid Spin|p1a: Zapdos
|-damage|p1a: Zapdos|91/100
|-boost|p2a: Iron Treads|spe|1
|move|p1a: Zapdos|U-turn|p2a: Iron Treads
|-resisted|p2a: Iron Treads
|-damage|p2a: Iron Treads|0 fnt
|faint|p2a: Iron Treads
|-end|p2a: Iron Treads|Quark Drive|[silent]
|
|t:|1779887386
|switch|p1a: Slowking|Slowking-Galar, F|100/100|[from] U-turn
|
|-weather|RainDance|[upkeep]
|upkeep
|
|t:|1779887388
|switch|p2a: Kingambit|Kingambit, F|100/100
|-activate|p2a: Kingambit|ability: Supreme Overlord
|-start|p2a: Kingambit|fallen5|[silent]
|turn|38
|
|t:|1779887393
|move|p2a: Kingambit|Swords Dance|p2a: Kingambit
|-boost|p2a: Kingambit|atk|2
|move|p1a: Slowking|Thunder Wave|p2a: Kingambit
|-status|p2a: Kingambit|par
|
|-weather|RainDance|[upkeep]
|upkeep
|turn|39
|
|t:|1779887401
|move|p2a: Kingambit|Kowtow Cleave|p1a: Slowking
|-supereffective|p1a: Slowking
|-damage|p1a: Slowking|0 fnt
|faint|p1a: Slowking
|
|-weather|none
|upkeep
|
|t:|1779887403
|switch|p1a: Ogerpon|Ogerpon-Wellspring-Tera, F, tera:Water|37/100
|-damage|p1a: Ogerpon|24/100|[from] Stealth Rock
|-ability|p1a: Ogerpon|Embody Aspect (Wellspring)|boost
|-boost|p1a: Ogerpon|spd|1
|turn|40
|
|t:|1779887409
|move|p1a: Ogerpon|Swords Dance|p1a: Ogerpon
|-boost|p1a: Ogerpon|atk|2
|move|p2a: Kingambit|Kowtow Cleave|p1a: Ogerpon
|-damage|p1a: Ogerpon|0 fnt
|faint|p1a: Ogerpon
|detailschange|p1: Ogerpon|Ogerpon-Wellspring, F|[silent]
|
|upkeep
|
|t:|1779887413
|switch|p1a: Zapdos|Zapdos|91/100
|-damage|p1a: Zapdos|66/100|[from] Stealth Rock
|turn|41
|
|t:|1779887415
|move|p1a: Zapdos|Discharge|p2a: Kingambit
|-damage|p2a: Kingambit|69/100 par
|move|p2a: Kingambit|Kowtow Cleave|p1a: Zapdos
|-damage|p1a: Zapdos|0 fnt
|faint|p1a: Zapdos
|
|win|psygoat12
|raw|abookfromthesky's rating: 1413 &rarr; <strong>1390</strong><br />(-23 for losing)
|raw|psygoat12's rating: 1362 &rarr; <strong>1385</strong><br />(+23 for winning)
|l|☆abookfromthesky
|player|p1|
|c|☆psygoat12|zzz
|l|☆psygoat12
|player|p2|
