|j|☆G-recike
|j|☆bxnny_julie
|t:|1779848248
|gametype|singles
|player|p1|G-recike|colress|1358
|player|p2|bxnny_julie|caitlin|1402
|gen|9
|tier|[Gen 9] OU
|rated|
|rule|HP Percentage Mod: HP is shown in percentages
|rule|Endless Battle Clause: Forcing endless battles is banned
|rule|Species Clause: Limit one of each Pokémon
|rule|OHKO Clause: OHKO moves are banned
|rule|Evasion Items Clause: Evasion items are banned
|rule|Evasion Moves Clause: Evasion moves are banned
|rule|Evasion Abilities Clause: Evasion abilities are banned
|rule|Sleep Moves Clause: Sleep-inducing moves are banned
|clearpoke
|poke|p1|Leavanny, F|
|poke|p1|Dragapult, F|
|poke|p1|Cinderace, F|
|poke|p1|Torkoal, F|
|poke|p1|Walking Wake|
|poke|p1|Raging Bolt|
|poke|p2|Ogerpon-Wellspring, F|
|poke|p2|Comfey, F|
|poke|p2|Darkrai|
|poke|p2|Corviknight, M|
|poke|p2|Great Tusk|
|poke|p2|Skeledirge, M|
|teampreview
|inactive|Battle timer is ON: inactive players will automatically lose when time's up. (requested by bxnny_julie)
|c|☆bxnny_julie|love the leavanny usage
|
|t:|1779848261
|teamsize|p1|6
|teamsize|p2|6
|start
|switch|p1a: Leavanny|Leavanny, F|100/100
|switch|p2a: good kush+alcohol|Darkrai|100/100
|turn|1
|
|t:|1779848269
|switch|p2a: soccer mom suv|Corviknight, M|100/100
|-ability|p2a: soccer mom suv|Pressure
|move|p1a: Leavanny|Sticky Web|p2a: soccer mom suv
|-sidestart|p2: bxnny_julie|move: Sticky Web
|
|upkeep
|turn|2
|
|t:|1779848277
|switch|p1a: Fornalha|Torkoal, F|100/100
|-weather|SunnyDay|[from] ability: Drought|[of] p1a: Fornalha
|move|p2a: soccer mom suv|U-turn|p1a: Fornalha
|-resisted|p1a: Fornalha
|-damage|p1a: Fornalha|96/100
|
|t:|1779848282
|switch|p2a: christmas album|Great Tusk|100/100|[from] U-turn
|-activate|p2a: christmas album|move: Sticky Web
|-unboost|p2a: christmas album|spe|1
|-activate|p2a: christmas album|ability: Protosynthesis
|-start|p2a: christmas album|protosynthesisatk
|
|-weather|SunnyDay|[upkeep]
|upkeep
|turn|3
|
|t:|1779848291
|move|p2a: christmas album|Headlong Rush|p1a: Fornalha
|-supereffective|p1a: Fornalha
|-damage|p1a: Fornalha|7/100
|-unboost|p2a: christmas album|def|1
|-unboost|p2a: christmas album|spd|1
|move|p1a: Fornalha|Will-O-Wisp|p2a: christmas album|[miss]
|-miss|p1a: Fornalha|p2a: christmas album
|
|-weather|SunnyDay|[upkeep]
|upkeep
|turn|4
|
|t:|1779848299
|switch|p1a: Dragapult|Dragapult, F|100/100
|move|p2a: christmas album|Headlong Rush|p1a: Dragapult
|-damage|p1a: Dragapult|0 fnt
|-unboost|p2a: christmas album|def|1
|-unboost|p2a: christmas album|spd|1
|faint|p1a: Dragapult
|
|-weather|SunnyDay|[upkeep]
|upkeep
|
|t:|1779848305
|switch|p1a: Walking Wake|Walking Wake|100/100
|-activate|p1a: Walking Wake|ability: Protosynthesis
|-start|p1a: Walking Wake|protosynthesisspe
|turn|5
|
|t:|1779848315
|-end|p2a: christmas album|Protosynthesis|[silent]
|switch|p2a: dk country|Ogerpon-Wellspring, F|100/100
|-activate|p2a: dk country|move: Sticky Web
|-unboost|p2a: dk country|spe|1
|move|p1a: Walking Wake|Dragon Pulse|p2a: dk country
|-damage|p2a: dk country|52/100
|
|-weather|SunnyDay|[upkeep]
|upkeep
|turn|6
|
|t:|1779848318
|move|p1a: Walking Wake|Draco Meteor|p2a: dk country
|-damage|p2a: dk country|0 fnt
|-unboost|p1a: Walking Wake|spa|2
|faint|p2a: dk country
|-enditem|p1a: Walking Wake|Eject Pack
|
|t:|1779848323
|-end|p1a: Walking Wake|Protosynthesis|[silent]
|switch|p1a: Cinderace|Cinderace, F|100/100
|
|-weather|SunnyDay|[upkeep]
|upkeep
|
|t:|1779848330
|switch|p2a: christmas album|Great Tusk|100/100
|-activate|p2a: christmas album|move: Sticky Web
|-unboost|p2a: christmas album|spe|1
|-activate|p2a: christmas album|ability: Protosynthesis
|-start|p2a: christmas album|protosynthesisatk
|turn|7
|
|t:|1779848338
|move|p1a: Cinderace|Pyro Ball|p2a: christmas album
|-damage|p2a: christmas album|43/100
|move|p2a: christmas album|Headlong Rush|p1a: Cinderace
|-supereffective|p1a: Cinderace
|-damage|p1a: Cinderace|0 fnt
|-unboost|p2a: christmas album|def|1
|-unboost|p2a: christmas album|spd|1
|faint|p1a: Cinderace
|
|-weather|SunnyDay|[upkeep]
|upkeep
|
|t:|1779848341
|switch|p1a: Walking Wake|Walking Wake|100/100
|-activate|p1a: Walking Wake|ability: Protosynthesis
|-start|p1a: Walking Wake|protosynthesisspe
|turn|8
|
|t:|1779848355
|-end|p2a: christmas album|Protosynthesis|[silent]
|switch|p2a: hedge fund|Skeledirge, M|100/100
|move|p1a: Walking Wake|Hydro Steam|p2a: hedge fund
|-supereffective|p2a: hedge fund
|-damage|p2a: hedge fund|11/100
|
|-weather|SunnyDay|[upkeep]
|upkeep
|turn|9
|
|t:|1779848359
|move|p1a: Walking Wake|Hydro Steam|p2a: hedge fund
|-supereffective|p2a: hedge fund
|-damage|p2a: hedge fund|0 fnt
|faint|p2a: hedge fund
|
|-weather|none
|-end|p1a: Walking Wake|Protosynthesis
|upkeep
|
|t:|1779848371
|switch|p2a: soccer mom suv|Corviknight, M|100/100
|-ability|p2a: soccer mom suv|Pressure
|turn|10
|
|t:|1779848375
|-end|p1a: Walking Wake|Protosynthesis|[silent]
|switch|p1a: Fornalha|Torkoal, F|7/100
|-weather|SunnyDay|[from] ability: Drought|[of] p1a: Fornalha
|move|p2a: soccer mom suv|Defog|p1a: Fornalha
|-unboost|p1a: Fornalha|evasion|1
|-sideend|p2: bxnny_julie|Sticky Web|[from] move: Defog|[of] p2a: soccer mom suv
|
|-weather|SunnyDay|[upkeep]
|upkeep
|turn|11
|
|t:|1779848383
|switch|p1a: Raging Bolt|Raging Bolt|100/100
|-activate|p1a: Raging Bolt|ability: Protosynthesis
|-start|p1a: Raging Bolt|protosynthesisspa
|move|p2a: soccer mom suv|U-turn|p1a: Raging Bolt
|-damage|p1a: Raging Bolt|89/100
|
|t:|1779848389
|switch|p2a: christmas album|Great Tusk|43/100|[from] U-turn
|-activate|p2a: christmas album|ability: Protosynthesis
|-start|p2a: christmas album|protosynthesisatk
|
|-weather|SunnyDay|[upkeep]
|upkeep
|turn|12
|
|t:|1779848397
|-end|p1a: Raging Bolt|Protosynthesis|[silent]
|switch|p1a: Leavanny|Leavanny, F|100/100
|move|p2a: christmas album|Headlong Rush|p1a: Leavanny
|-resisted|p1a: Leavanny
|-damage|p1a: Leavanny|68/100
|-unboost|p2a: christmas album|def|1
|-unboost|p2a: christmas album|spd|1
|
|-weather|SunnyDay|[upkeep]
|upkeep
|turn|13
|
|t:|1779848405
|-end|p2a: christmas album|Protosynthesis|[silent]
|switch|p2a: soccer mom suv|Corviknight, M|100/100
|-ability|p2a: soccer mom suv|Pressure
|move|p1a: Leavanny|Leaf Storm|p2a: soccer mom suv
|-resisted|p2a: soccer mom suv
|-damage|p2a: soccer mom suv|90/100
|-unboost|p1a: Leavanny|spa|2
|-enditem|p1a: Leavanny|Eject Pack
|
|t:|1779848407
|switch|p1a: Walking Wake|Walking Wake|100/100
|-activate|p1a: Walking Wake|ability: Protosynthesis
|-start|p1a: Walking Wake|protosynthesisspe
|
|-weather|SunnyDay|[upkeep]
|upkeep
|turn|14
|
|t:|1779848419
|move|p1a: Walking Wake|Flamethrower|p2a: soccer mom suv
|-supereffective|p2a: soccer mom suv
|-damage|p2a: soccer mom suv|4/100
|move|p2a: soccer mom suv|U-turn|p1a: Walking Wake
|-damage|p1a: Walking Wake|86/100
|
|t:|1779848424
|switch|p2a: flowerfield2003|Comfey, F|100/100|[from] U-turn
|
|-weather|SunnyDay|[upkeep]
|upkeep
|turn|15
|
|t:|1779848431
|-terastallize|p1a: Walking Wake|Fire
|move|p1a: Walking Wake|Flamethrower|p2a: flowerfield2003
|-damage|p2a: flowerfield2003|31/100
|move|p2a: flowerfield2003|Calm Mind|p2a: flowerfield2003
|-boost|p2a: flowerfield2003|spa|1
|-boost|p2a: flowerfield2003|spd|1
|
|-weather|SunnyDay|[upkeep]
|upkeep
|turn|16
|
|t:|1779848442
|move|p2a: flowerfield2003|Draining Kiss|p1a: Walking Wake
|-resisted|p1a: Walking Wake
|-damage|p1a: Walking Wake|67/100
|-heal|p2a: flowerfield2003|47/100|[from] drain|[of] p1a: Walking Wake
|move|p1a: Walking Wake|Flamethrower|p2a: flowerfield2003
|-damage|p2a: flowerfield2003|0 fnt
|faint|p2a: flowerfield2003
|
|-weather|SunnyDay|[upkeep]
|upkeep
|
|t:|1779848450
|switch|p2a: soccer mom suv|Corviknight, M|4/100
|-ability|p2a: soccer mom suv|Pressure
|turn|17
|
|t:|1779848454
|move|p1a: Walking Wake|Flamethrower|p2a: soccer mom suv
|-supereffective|p2a: soccer mom suv
|-damage|p2a: soccer mom suv|0 fnt
|faint|p2a: soccer mom suv
|
|-weather|none
|-end|p1a: Walking Wake|Protosynthesis
|upkeep
|
|t:|1779848459
|switch|p2a: good kush+alcohol|Darkrai|100/100
|turn|18
|
|t:|1779848464
|-end|p1a: Walking Wake|Protosynthesis|[silent]
|switch|p1a: Fornalha|Torkoal, F|7/100
|-weather|SunnyDay|[from] ability: Drought|[of] p1a: Fornalha
|move|p2a: good kush+alcohol|Dark Pulse|p1a: Fornalha
|-damage|p1a: Fornalha|0 fnt
|faint|p1a: Fornalha
|
|-weather|SunnyDay|[upkeep]
|upkeep
|
|t:|1779848466
|switch|p1a: Leavanny|Leavanny, F|68/100
|turn|19
|
|t:|1779848468
|move|p1a: Leavanny|X-Scissor|p2a: good kush+alcohol
|-supereffective|p2a: good kush+alcohol
|-damage|p2a: good kush+alcohol|15/100
|move|p2a: good kush+alcohol|Dark Pulse|p1a: Leavanny
|-damage|p1a: Leavanny|0 fnt
|faint|p1a: Leavanny
|
|-weather|SunnyDay|[upkeep]
|upkeep
|
|t:|1779848472
|switch|p1a: Walking Wake|Walking Wake, tera:Fire|67/100
|-activate|p1a: Walking Wake|ability: Protosynthesis
|-start|p1a: Walking Wake|protosynthesisspe
|turn|20
|
|t:|1779848479
|move|p1a: Walking Wake|Hydro Steam|p2a: good kush+alcohol
|-damage|p2a: good kush+alcohol|0 fnt
|faint|p2a: good kush+alcohol
|
|-weather|SunnyDay|[upkeep]
|upkeep
|
|t:|1779848483
|switch|p2a: christmas album|Great Tusk|43/100
|-activate|p2a: christmas album|ability: Protosynthesis
|-start|p2a: christmas album|protosynthesisatk
|turn|21
|
|t:|1779848486
|-terastallize|p2a: christmas album|Steel
|move|p1a: Walking Wake|Hydro Steam|p2a: christmas album
|-damage|p2a: christmas album|0 fnt
|faint|p2a: christmas album
|-end|p2a: christmas album|Protosynthesis|[silent]
|
|win|G-recike
|raw|G-recike's rating: 1358 &rarr; <strong>1381</strong><br />(+23 for winning)
|raw|bxnny_julie's rating: 1402 &rarr; <strong>1379</strong><br />(-23 for losing)
|l|☆bxnny_julie
|player|p2|
|l|☆G-recike
|player|p1|
