|j|☆asasjuilaha
|j|☆Jules93
|t:|1779888200
|gametype|singles
|player|p1|asasjuilaha|266|1292
|player|p2|Jules93|hilbert|1277
|gen|9
|tier|[Gen 9] OU
|rated|
|rule|HP Percentage Mod: HP is shown in percentages
|rule|Endless Battle Clause: Forcing endless battles is banned
|rule|Species Clause: Limit one of each Pokémon
|rule|OHKO Clause: OHKO moves are banned
|rule|Evasion Items Clause: Evasion items are banned
|rule|Evasion Moves Clause: Evasion moves are banned
|rule|Evasion Abilities Clause: Evasion abilities are banned
|rule|Sleep Moves Clause: Sleep-inducing moves are banned
|clearpoke
|poke|p1|Ursaluna, F|
|poke|p1|Tentacruel, M|
|poke|p1|Ogerpon-Wellspring, F|
|poke|p1|Gholdengo|
|poke|p1|Gliscor, M|
|poke|p1|Slither Wing|
|poke|p2|Conkeldurr, M|
|poke|p2|Krookodile, F|
|poke|p2|Scrafty, M|
|poke|p2|Lilligant, F|
|poke|p2|Reuniclus, F|
|poke|p2|Samurott, F|
|teampreview
|inactive|Battle timer is ON: inactive players will automatically lose when time's up. (requested by Jules93)
|
|t:|1779888225
|teamsize|p1|6
|teamsize|p2|6
|start
|switch|p1a: Slither Wing|Slither Wing|100/100
|switch|p2a: Krookodile|Krookodile, F|100/100
|turn|1
|
|t:|1779888232
|move|p2a: Krookodile|Stealth Rock|p1a: Slither Wing
|-sidestart|p1: asasjuilaha|move: Stealth Rock
|move|p1a: Slither Wing|U-turn|p2a: Krookodile
|-supereffective|p2a: Krookodile
|-damage|p2a: Krookodile|17/100
|
|t:|1779888237
|-end|p1a: Slither Wing|Protosynthesis|[silent]
|switch|p1a: Ogerpon|Ogerpon-Wellspring, F|100/100|[from] U-turn
|-damage|p1a: Ogerpon|88/100|[from] Stealth Rock
|
|upkeep
|turn|2
|
|t:|1779888244
|move|p1a: Ogerpon|U-turn|p2a: Krookodile
|-supereffective|p2a: Krookodile
|-damage|p2a: Krookodile|0 fnt
|faint|p2a: Krookodile
|
|t:|1779888248
|switch|p1a: Gliscor|Gliscor, M|100/100|[from] U-turn
|-damage|p1a: Gliscor|88/100|[from] Stealth Rock
|
|-status|p1a: Gliscor|tox|[from] item: Toxic Orb
|upkeep
|
|t:|1779888254
|switch|p2a: Samurott|Samurott, F|100/100
|turn|3
|
|t:|1779888261
|switch|p1a: Tentacruel|Tentacruel, M|100/100
|move|p2a: Samurott|Swords Dance|p2a: Samurott
|-boost|p2a: Samurott|atk|2
|
|upkeep
|turn|4
|
|t:|1779888273
|move|p1a: Tentacruel|Rapid Spin|p2a: Samurott
|-damage|p2a: Samurott|93/100
|-boost|p1a: Tentacruel|spe|1
|-sideend|p1: asasjuilaha|Stealth Rock|[from] move: Rapid Spin|[of] p1a: Tentacruel
|move|p2a: Samurott|Swords Dance|p2a: Samurott
|-boost|p2a: Samurott|atk|2
|
|upkeep
|turn|5
|
|t:|1779888287
|move|p1a: Tentacruel|Sludge Bomb|p2a: Samurott
|-damage|p2a: Samurott|57/100
|move|p2a: Samurott|Liquidation|p1a: Tentacruel
|-resisted|p1a: Tentacruel
|-damage|p1a: Tentacruel|0 fnt
|faint|p1a: Tentacruel
|-damage|p2a: Samurott|47/100|[from] item: Life Orb
|
|upkeep
|
|t:|1779888294
|switch|p1a: Slither Wing|Slither Wing|100/100
|turn|6
|
|t:|1779888297
|move|p1a: Slither Wing|First Impression|p2a: Samurott
|-damage|p2a: Samurott|9/100
|move|p2a: Samurott|Aqua Jet|p1a: Slither Wing
|-damage|p1a: Slither Wing|22/100
|-damage|p2a: Samurott|0 fnt|[from] item: Rocky Helmet|[of] p1a: Slither Wing
|faint|p2a: Samurott
|
|upkeep
|
|t:|1779888323
|switch|p2a: Conkeldurr|Conkeldurr, M|100/100
|turn|7
|
|t:|1779888334
|move|p2a: Conkeldurr|Mach Punch|p1a: Slither Wing
|-resisted|p1a: Slither Wing
|-damage|p1a: Slither Wing|13/100
|-damage|p2a: Conkeldurr|84/100|[from] item: Rocky Helmet|[of] p1a: Slither Wing
|move|p1a: Slither Wing|Morning Sun|p1a: Slither Wing
|-heal|p1a: Slither Wing|63/100
|
|upkeep
|turn|8
|
|t:|1779888342
|move|p1a: Slither Wing|U-turn|p2a: Conkeldurr
|-resisted|p2a: Conkeldurr
|-damage|p2a: Conkeldurr|69/100
|
|t:|1779888347
|-end|p1a: Slither Wing|Protosynthesis|[silent]
|switch|p1a: Gliscor|Gliscor, M|88/100 tox|[from] U-turn
|move|p2a: Conkeldurr|Ice Punch|p1a: Gliscor
|-supereffective|p1a: Gliscor
|-damage|p1a: Gliscor|0 fnt
|faint|p1a: Gliscor
|
|upkeep
|
|t:|1779888352
|switch|p1a: Ogerpon|Ogerpon-Wellspring, F|88/100
|turn|9
|
|t:|1779888358
|-terastallize|p1a: Ogerpon|Water
|detailschange|p1a: Ogerpon|Ogerpon-Wellspring-Tera, F, tera:Water
|-ability|p1a: Ogerpon|Embody Aspect (Wellspring)|boost
|-boost|p1a: Ogerpon|spd|1
|move|p1a: Ogerpon|Ivy Cudgel|p2a: Conkeldurr|[anim] Ivy Cudgel Water
|-damage|p2a: Conkeldurr|0 fnt
|faint|p2a: Conkeldurr
|
|upkeep
|
|t:|1779888380
|switch|p2a: Lilligant|Lilligant, F|100/100
|turn|10
|
|t:|1779888387
|move|p1a: Ogerpon|U-turn|p2a: Lilligant
|-supereffective|p2a: Lilligant
|-damage|p2a: Lilligant|13/100
|
|t:|1779888388
|switch|p1a: Slither Wing|Slither Wing|63/100|[from] U-turn
|move|p2a: Lilligant|Quiver Dance|p2a: Lilligant
|-boost|p2a: Lilligant|spa|1
|-boost|p2a: Lilligant|spd|1
|-boost|p2a: Lilligant|spe|1
|
|upkeep
|turn|11
|
|t:|1779888396
|move|p1a: Slither Wing|First Impression|p2a: Lilligant
|-supereffective|p2a: Lilligant
|-damage|p2a: Lilligant|0 fnt
|faint|p2a: Lilligant
|
|upkeep
|
|t:|1779888401
|switch|p2a: Scrafty|Scrafty, M|100/100
|turn|12
|
|t:|1779888407
|-terastallize|p2a: Scrafty|Poison
|move|p1a: Slither Wing|U-turn|p2a: Scrafty
|-resisted|p2a: Scrafty
|-damage|p2a: Scrafty|89/100
|
|t:|1779888413
|-end|p1a: Slither Wing|Protosynthesis|[silent]
|switch|p1a: Ogerpon|Ogerpon-Wellspring-Tera, F, tera:Water|88/100|[from] U-turn
|-ability|p1a: Ogerpon|Embody Aspect (Wellspring)|boost
|-boost|p1a: Ogerpon|spd|1
|move|p2a: Scrafty|Dragon Dance|p2a: Scrafty
|-boost|p2a: Scrafty|atk|1
|-boost|p2a: Scrafty|spe|1
|
|-heal|p2a: Scrafty|95/100|[from] item: Leftovers
|upkeep
|turn|13
|
|t:|1779888422
|move|p1a: Ogerpon|Encore|p2a: Scrafty
|-start|p2a: Scrafty|Encore
|move|p2a: Scrafty|Dragon Dance|p2a: Scrafty
|-boost|p2a: Scrafty|atk|1
|-boost|p2a: Scrafty|spe|1
|
|-heal|p2a: Scrafty|100/100|[from] item: Leftovers
|upkeep
|turn|14
|
|t:|1779888432
|move|p1a: Ogerpon|U-turn|p2a: Scrafty
|-resisted|p2a: Scrafty
|-damage|p2a: Scrafty|89/100
|
|t:|1779888433
|switch|p1a: Ursaluna|Ursaluna, F|100/100|[from] U-turn
|move|p2a: Scrafty|Dragon Dance|p2a: Scrafty
|-boost|p2a: Scrafty|atk|1
|-boost|p2a: Scrafty|spe|1
|
|-heal|p2a: Scrafty|95/100|[from] item: Leftovers
|upkeep
|turn|15
|
|t:|1779888441
|move|p2a: Scrafty|Dragon Dance|p2a: Scrafty
|-boost|p2a: Scrafty|atk|1
|-boost|p2a: Scrafty|spe|1
|move|p1a: Ursaluna|Headlong Rush|p2a: Scrafty
|-supereffective|p2a: Scrafty
|-damage|p2a: Scrafty|0 fnt
|-unboost|p1a: Ursaluna|def|1
|-unboost|p1a: Ursaluna|spd|1
|faint|p2a: Scrafty
|
|upkeep
|
|t:|1779888449
|switch|p2a: Reuniclus|Reuniclus, F|100/100
|turn|16
|
|t:|1779888461
|switch|p1a: Ogerpon|Ogerpon-Wellspring-Tera, F, tera:Water|88/100
|-ability|p1a: Ogerpon|Embody Aspect (Wellspring)|boost
|-boost|p1a: Ogerpon|spd|1
|move|p2a: Reuniclus|Reflect|p2a: Reuniclus
|-sidestart|p2: Jules93|Reflect
|
|upkeep
|turn|17
|
|t:|1779888466
|move|p1a: Ogerpon|Encore|p2a: Reuniclus
|-start|p2a: Reuniclus|Encore
|move|p2a: Reuniclus|Reflect||[still]
|-fail|p2a: Reuniclus
|
|upkeep
|turn|18
|-message|Jules93 forfeited.
|
|win|asasjuilaha
|raw|asasjuilaha's rating: 1292 &rarr; <strong>1316</strong><br />(+24 for winning)
|raw|Jules93's rating: 1277 &rarr; <strong>1253</strong><br />(-24 for losing)
|l|☆Jules93
|player|p2|
|l|☆asasjuilaha
|player|p1|
