|j|☆HugsSC
|j|☆aj15rj
|t:|1779944381
|gametype|singles
|player|p1|HugsSC|alder|1227
|player|p2|aj15rj|1|1155
|gen|9
|tier|[Gen 9] OU
|rated|
|rule|HP Percentage Mod: HP is shown in percentages
|rule|Endless Battle Clause: Forcing endless battles is banned
|rule|Species Clause: Limit one of each Pokémon
|rule|OHKO Clause: OHKO moves are banned
|rule|Evasion Items Clause: Evasion items are banned
|rule|Evasion Moves Clause: Evasion moves are banned
|rule|Evasion Abilities Clause: Evasion abilities are banned
|rule|Sleep Moves Clause: Sleep-inducing moves are banned
|clearpoke
|poke|p1|Wo-Chien|
|poke|p1|Landorus-Therian, M|
|poke|p1|Heatran, F|
|poke|p1|Alomomola, M|
|poke|p1|Mimikyu, M|
|poke|p1|Corviknight, M|
|poke|p2|Mimikyu, F|
|poke|p2|Heatran, M|
|poke|p2|Volcanion|
|poke|p2|Overqwil, F|
|poke|p2|Staraptor, M|
|poke|p2|Toxapex, F|
|teampreview
|inactive|Battle timer is ON: inactive players will automatically lose when time's up. (requested by HugsSC)
|inactive|aj15rj also wants the timer to be on.
|
|t:|1779944385
|teamsize|p1|6
|teamsize|p2|6
|start
|switch|p1a: Larry Bird|Landorus-Therian, M|100/100
|switch|p2a: Toxapex|Toxapex, F|100/100
|-ability|p1a: Larry Bird|Intimidate|boost
|-unboost|p2a: Toxapex|atk|1
|turn|1
|
|t:|1779944391
|move|p1a: Larry Bird|Taunt|p2a: Toxapex
|-start|p2a: Toxapex|move: Taunt
|cant|p2a: Toxapex|move: Taunt|Toxic Spikes
|
|upkeep
|turn|2
|
|t:|1779944395
|move|p1a: Larry Bird|Earthquake|p2a: Toxapex
|-supereffective|p2a: Toxapex
|-damage|p2a: Toxapex|23/100
|move|p2a: Toxapex|Hex|p1a: Larry Bird
|-damage|p1a: Larry Bird|88/100
|
|upkeep
|turn|3
|
|t:|1779944401
|move|p1a: Larry Bird|Stone Edge|p2a: Toxapex
|-damage|p2a: Toxapex|0 fnt
|faint|p2a: Toxapex
|
|upkeep
|
|t:|1779944406
|switch|p2a: Overqwil|Overqwil, F, shiny|100/100
|-ability|p2a: Overqwil|Intimidate|boost
|-unboost|p1a: Larry Bird|atk|1
|turn|4
|
|t:|1779944411
|move|p2a: Overqwil|Aqua Jet|p1a: Larry Bird
|-supereffective|p1a: Larry Bird
|-damage|p1a: Larry Bird|59/100
|-damage|p2a: Overqwil|84/100|[from] item: Rocky Helmet|[of] p1a: Larry Bird
|move|p1a: Larry Bird|Earthquake|p2a: Overqwil
|-supereffective|p2a: Overqwil
|-damage|p2a: Overqwil|0 fnt
|faint|p2a: Overqwil
|
|upkeep
|
|t:|1779944421
|switch|p2a: Volcanion|Volcanion|100/100
|turn|5
|
|t:|1779944425
|move|p1a: Larry Bird|U-turn|p2a: Volcanion
|-resisted|p2a: Volcanion
|-damage|p2a: Volcanion|94/100
|
|t:|1779944435
|switch|p1a: Alowowowa|Alomomola, M|100/100|[from] U-turn
|move|p2a: Volcanion|Steam Eruption|p1a: Alowowowa
|-resisted|p1a: Alowowowa
|-damage|p1a: Alowowowa|61/100
|-status|p1a: Alowowowa|brn
|
|-damage|p1a: Alowowowa|55/100 brn|[from] brn
|upkeep
|turn|6
|
|t:|1779944450
|move|p2a: Volcanion|Sludge Bomb|p1a: Alowowowa
|-damage|p1a: Alowowowa|16/100 brn
|move|p1a: Alowowowa|Wish|p1a: Alowowowa
|
|-damage|p1a: Alowowowa|10/100 brn|[from] brn
|upkeep
|turn|7
|
|t:|1779944469
|switch|p1a: Yung Slug|Wo-Chien|100/100
|-ability|p1a: Yung Slug|Tablets of Ruin
|move|p2a: Volcanion|Steam Eruption|p1a: Yung Slug
|-resisted|p1a: Yung Slug
|-damage|p1a: Yung Slug|84/100
|-status|p1a: Yung Slug|brn
|
|-heal|p1a: Yung Slug|100/100 brn|[from] move: Wish|[wisher] Alowowowa
|-damage|p1a: Yung Slug|94/100 brn|[from] brn
|upkeep
|turn|8
|
|t:|1779944480
|-terastallize|p1a: Yung Slug|Poison
|move|p1a: Yung Slug|Leech Seed|p2a: Volcanion
|-start|p2a: Volcanion|move: Leech Seed
|move|p2a: Volcanion|Flamethrower|p1a: Yung Slug
|-damage|p1a: Yung Slug|64/100 brn
|
|-heal|p1a: Yung Slug|71/100 brn|[from] item: Leftovers
|-damage|p2a: Volcanion|81/100|[from] Leech Seed|[of] p1a: Yung Slug
|-heal|p1a: Yung Slug|83/100 brn|[silent]
|-damage|p1a: Yung Slug|76/100 brn|[from] brn
|upkeep
|turn|9
|
|t:|1779944491
|move|p1a: Yung Slug|Mean Look|p2a: Volcanion
|-activate|p2a: Volcanion|trapped
|move|p2a: Volcanion|Steam Eruption|p1a: Yung Slug|[miss]
|-miss|p2a: Volcanion|p1a: Yung Slug
|
|-heal|p1a: Yung Slug|83/100 brn|[from] item: Leftovers
|-damage|p2a: Volcanion|69/100|[from] Leech Seed|[of] p1a: Yung Slug
|-heal|p1a: Yung Slug|95/100 brn|[silent]
|-damage|p1a: Yung Slug|88/100 brn|[from] brn
|upkeep
|turn|10
|
|t:|1779944500
|move|p2a: Volcanion|Steam Eruption|p1a: Yung Slug
|-damage|p1a: Yung Slug|54/100 brn
|move|p1a: Yung Slug|Knock Off|p2a: Volcanion
|-damage|p2a: Volcanion|58/100
|-enditem|p2a: Volcanion|Assault Vest|[from] move: Knock Off|[of] p1a: Yung Slug
|
|-heal|p1a: Yung Slug|60/100 brn|[from] item: Leftovers
|-damage|p2a: Volcanion|46/100|[from] Leech Seed|[of] p1a: Yung Slug
|-heal|p1a: Yung Slug|72/100 brn|[silent]
|-damage|p1a: Yung Slug|66/100 brn|[from] brn
|upkeep
|turn|11
|
|t:|1779944511
|move|p1a: Yung Slug|Protect|p1a: Yung Slug
|-singleturn|p1a: Yung Slug|Protect
|move|p2a: Volcanion|Steam Eruption|p1a: Yung Slug
|-activate|p1a: Yung Slug|move: Protect
|
|-heal|p1a: Yung Slug|72/100 brn|[from] item: Leftovers
|-damage|p2a: Volcanion|33/100|[from] Leech Seed|[of] p1a: Yung Slug
|-heal|p1a: Yung Slug|84/100 brn|[silent]
|-damage|p1a: Yung Slug|78/100 brn|[from] brn
|upkeep
|turn|12
|
|t:|1779944520
|move|p1a: Yung Slug|Leech Seed||[still]
|-fail|p1a: Yung Slug
|move|p2a: Volcanion|Steam Eruption|p1a: Yung Slug
|-damage|p1a: Yung Slug|44/100 brn
|
|-heal|p1a: Yung Slug|50/100 brn|[from] item: Leftovers
|-damage|p2a: Volcanion|21/100|[from] Leech Seed|[of] p1a: Yung Slug
|-heal|p1a: Yung Slug|62/100 brn|[silent]
|-damage|p1a: Yung Slug|56/100 brn|[from] brn
|upkeep
|turn|13
|
|t:|1779944530
|move|p1a: Yung Slug|Protect|p1a: Yung Slug
|-singleturn|p1a: Yung Slug|Protect
|move|p2a: Volcanion|Flamethrower|p1a: Yung Slug
|-activate|p1a: Yung Slug|move: Protect
|
|-heal|p1a: Yung Slug|62/100 brn|[from] item: Leftovers
|-damage|p2a: Volcanion|8/100|[from] Leech Seed|[of] p1a: Yung Slug
|-heal|p1a: Yung Slug|74/100 brn|[silent]
|-damage|p1a: Yung Slug|68/100 brn|[from] brn
|upkeep
|turn|14
|
|t:|1779944539
|move|p1a: Yung Slug|Protect||[still]
|-fail|p1a: Yung Slug
|move|p2a: Volcanion|Flamethrower|p1a: Yung Slug
|-damage|p1a: Yung Slug|39/100 brn
|
|-heal|p1a: Yung Slug|45/100 brn|[from] item: Leftovers
|-damage|p2a: Volcanion|0 fnt|[from] Leech Seed|[of] p1a: Yung Slug
|-heal|p1a: Yung Slug|53/100 brn|[silent]
|faint|p2a: Volcanion
|-damage|p1a: Yung Slug|47/100 brn|[from] brn
|upkeep
|
|t:|1779944550
|switch|p2a: Heatran|Heatran, M|100/100
|-item|p2a: Heatran|Air Balloon
|turn|15
|
|t:|1779944558
|move|p2a: Heatran|Earth Power|p1a: Yung Slug
|-supereffective|p1a: Yung Slug
|-damage|p1a: Yung Slug|13/100 brn
|move|p1a: Yung Slug|Knock Off|p2a: Heatran
|-damage|p2a: Heatran|88/100
|-enditem|p2a: Heatran|Air Balloon
|
|-heal|p1a: Yung Slug|19/100 brn|[from] item: Leftovers
|-damage|p1a: Yung Slug|13/100 brn|[from] brn
|upkeep
|turn|16
|
|t:|1779944570
|move|p2a: Heatran|Flamethrower|p1a: Yung Slug
|-damage|p1a: Yung Slug|0 fnt
|faint|p1a: Yung Slug
|
|upkeep
|
|t:|1779944576
|switch|p1a: Larry Bird|Landorus-Therian, M|59/100
|-ability|p1a: Larry Bird|Intimidate|boost
|-unboost|p2a: Heatran|atk|1
|turn|17
|
|t:|1779944582
|-terastallize|p2a: Heatran|Dragon
|move|p1a: Larry Bird|Earthquake|p2a: Heatran
|-damage|p2a: Heatran|42/100
|move|p2a: Heatran|Flamethrower|p1a: Larry Bird
|-damage|p1a: Larry Bird|0 fnt
|faint|p1a: Larry Bird
|
|upkeep
|
|t:|1779944593
|switch|p1a: Wormtongue|Mimikyu, M|100/100
|turn|18
|
|t:|1779944599
|move|p1a: Wormtongue|Play Rough|p2a: Heatran
|-supereffective|p2a: Heatran
|-damage|p2a: Heatran|0 fnt
|faint|p2a: Heatran
|
|upkeep
|
|t:|1779944604
|switch|p2a: Mimikyu|Mimikyu, F|100/100
|turn|19
|
|t:|1779944611
|move|p2a: Mimikyu|Swords Dance|p2a: Mimikyu
|-boost|p2a: Mimikyu|atk|2
|move|p1a: Wormtongue|Swords Dance|p1a: Wormtongue
|-boost|p1a: Wormtongue|atk|2
|
|upkeep
|turn|20
|
|t:|1779944621
|move|p2a: Mimikyu|Swords Dance|p2a: Mimikyu
|-boost|p2a: Mimikyu|atk|2
|move|p1a: Wormtongue|Play Rough|p2a: Mimikyu|[miss]
|-miss|p1a: Wormtongue|p2a: Mimikyu
|
|upkeep
|turn|21
|
|t:|1779944629
|move|p1a: Wormtongue|Swords Dance|p1a: Wormtongue
|-boost|p1a: Wormtongue|atk|2
|move|p2a: Mimikyu|Swords Dance|p2a: Mimikyu
|-boost|p2a: Mimikyu|atk|2
|
|upkeep
|turn|22
|
|t:|1779944635
|move|p2a: Mimikyu|Phantom Force||[still]
|-prepare|p2a: Mimikyu|Phantom Force
|move|p1a: Wormtongue|Swords Dance|p1a: Wormtongue
|-boost|p1a: Wormtongue|atk|2
|
|upkeep
|turn|23
|
|t:|1779944645
|move|p2a: Mimikyu|Phantom Force|p1a: Wormtongue|[from] lockedmove
|-activate|p1a: Wormtongue|ability: Disguise
|-damage|p1a: Wormtongue|100/100
|detailschange|p1a: Wormtongue|Mimikyu-Busted, M
|-damage|p1a: Wormtongue|88/100|[from] pokemon: Mimikyu-Busted
|-enditem|p1a: Wormtongue|Red Card|[of] p2a: Mimikyu
|drag|p2a: Staraptor|Staraptor, M|100/100
|move|p1a: Wormtongue|Play Rough|p2a: Staraptor
|-damage|p2a: Staraptor|0 fnt
|faint|p2a: Staraptor
|
|upkeep
|
|t:|1779944657
|switch|p2a: Mimikyu|Mimikyu, F|100/100
|turn|24
|
|t:|1779944660
|move|p1a: Wormtongue|Shadow Sneak|p2a: Mimikyu
|-activate|p2a: Mimikyu|ability: Disguise
|-damage|p2a: Mimikyu|100/100
|detailschange|p2a: Mimikyu|Mimikyu-Busted, F
|-damage|p2a: Mimikyu|88/100|[from] pokemon: Mimikyu-Busted
|-enditem|p2a: Mimikyu|Red Card|[of] p1a: Wormtongue
|drag|p1a: Alowowowa|Alomomola, M|44/100 brn
|move|p2a: Mimikyu|Swords Dance|p2a: Mimikyu
|-boost|p2a: Mimikyu|atk|2
|
|-damage|p1a: Alowowowa|37/100 brn|[from] brn
|upkeep
|turn|25
|
|t:|1779944671
|move|p2a: Mimikyu|Play Rough|p1a: Alowowowa
|-crit|p1a: Alowowowa
|-damage|p1a: Alowowowa|0 fnt
|faint|p1a: Alowowowa
|
|upkeep
|
|t:|1779944688
|switch|p1a: King of Miami|Heatran, F|100/100
|-item|p1a: King of Miami|Air Balloon
|turn|26
|
|t:|1779944700
|move|p2a: Mimikyu|Phantom Force||[still]
|-prepare|p2a: Mimikyu|Phantom Force
|move|p1a: King of Miami|Will-O-Wisp|p2a: Mimikyu|[miss]
|-miss|p1a: King of Miami|p2a: Mimikyu
|
|upkeep
|turn|27
|
|t:|1779944704
|move|p2a: Mimikyu|Phantom Force|p1a: King of Miami|[from] lockedmove
|-damage|p1a: King of Miami|22/100
|-enditem|p1a: King of Miami|Air Balloon
|move|p1a: King of Miami|Overheat|p2a: Mimikyu
|-damage|p2a: Mimikyu|6/100
|-unboost|p1a: King of Miami|spa|2
|
|upkeep
|turn|28
|
|t:|1779944713
|move|p2a: Mimikyu|Shadow Sneak|p1a: King of Miami
|-damage|p1a: King of Miami|0 fnt
|faint|p1a: King of Miami
|
|upkeep
|
|t:|1779944719
|switch|p1a: B-2 Bomber|Corviknight, M|100/100
|-ability|p1a: B-2 Bomber|Pressure
|turn|29
|
|t:|1779944723
|move|p2a: Mimikyu|Phantom Force||[still]
|-prepare|p2a: Mimikyu|Phantom Force
|move|p1a: B-2 Bomber|Brave Bird|p2a: Mimikyu|[miss]
|-miss|p1a: B-2 Bomber|p2a: Mimikyu
|
|upkeep
|turn|30
|
|t:|1779944727
|move|p2a: Mimikyu|Phantom Force|p1a: B-2 Bomber|[from] lockedmove
|-damage|p1a: B-2 Bomber|52/100
|move|p1a: B-2 Bomber|Brave Bird|p2a: Mimikyu
|-damage|p2a: Mimikyu|0 fnt
|faint|p2a: Mimikyu
|-damage|p1a: B-2 Bomber|50/100|[from] Recoil
|
|win|HugsSC
|raw|HugsSC's rating: 1227 &rarr; <strong>1247</strong><br />(+20 for winning)
|raw|aj15rj's rating: 1155 &rarr; <strong>1135</strong><br />(-20 for losing)
