|j|☆estradiol5mg
|j|☆Hike Mawk
|t:|1779821180
|gametype|singles
|player|p1|estradiol5mg|266|1362
|player|p2|Hike Mawk|riley|1357
|gen|9
|tier|[Gen 9] OU
|rated|
|rule|HP Percentage Mod: HP is shown in percentages
|rule|Endless Battle Clause: Forcing endless battles is banned
|rule|Species Clause: Limit one of each Pokémon
|rule|OHKO Clause: OHKO moves are banned
|rule|Evasion Items Clause: Evasion items are banned
|rule|Evasion Moves Clause: Evasion moves are banned
|rule|Evasion Abilities Clause: Evasion abilities are banned
|rule|Sleep Moves Clause: Sleep-inducing moves are banned
|clearpoke
|poke|p1|Weezing-Galar, M|
|poke|p1|Alomomola, M|
|poke|p1|Iron Treads|
|poke|p1|Tornadus-Therian, M|
|poke|p1|Zamazenta-*|
|poke|p1|Lokix, M|
|poke|p2|Gliscor, M|
|poke|p2|Clefable, F|
|poke|p2|Corviknight, M|
|poke|p2|Blissey, F|
|poke|p2|Forretress, F|
|poke|p2|Garganacl, F|
|teampreview
|c|☆estradiol5mg|hf
|
|t:|1779821188
|teamsize|p1|6
|teamsize|p2|6
|start
|switch|p1a: Lokix|Lokix, M|100/100
|switch|p2a: Rocki|Garganacl, F, shiny|100/100
|turn|1
|c|☆Hike Mawk|U2
|
|t:|1779821195
|move|p1a: Lokix|Knock Off|p2a: Rocki
|-damage|p2a: Rocki|55/100
|-enditem|p2a: Rocki|Sitrus Berry|[from] move: Knock Off|[of] p1a: Lokix
|move|p2a: Rocki|Salt Cure|p1a: Lokix
|-supereffective|p1a: Lokix
|-damage|p1a: Lokix|39/100
|-start|p1a: Lokix|Salt Cure
|
|-damage|p1a: Lokix|27/100|[from] Salt Cure
|upkeep
|turn|2
|
|t:|1779821201
|switch|p1a: Weezing|Weezing-Galar, M|100/100
|-ability|p1a: Weezing|Neutralizing Gas
|move|p2a: Rocki|Recover|p2a: Rocki
|-heal|p2a: Rocki|100/100
|
|upkeep
|turn|3
|
|t:|1779821205
|switch|p2a: Zira|Blissey, F|100/100
|move|p1a: Weezing|Toxic|p2a: Zira
|-status|p2a: Zira|tox
|
|-damage|p2a: Zira|94/100 tox|[from] psn
|upkeep
|turn|4
|
|t:|1779821219
|-end|p1a: Weezing|ability: Neutralizing Gas
|switch|p1a: Alomomola|Alomomola, M|100/100
|-curestatus|p2a: Zira|tox|[from] ability: Natural Cure|[silent]
|switch|p2a: Rookidon|Corviknight, M|100/100
|
|upkeep
|turn|5
|
|t:|1779821223
|move|p2a: Rookidon|Agility|p2a: Rookidon
|-boost|p2a: Rookidon|spe|2
|move|p1a: Alomomola|Wish|p1a: Alomomola
|
|upkeep
|turn|6
|
|t:|1779821228
|move|p2a: Rookidon|Bulk Up|p2a: Rookidon
|-boost|p2a: Rookidon|atk|1
|-boost|p2a: Rookidon|def|1
|move|p1a: Alomomola|Flip Turn|p2a: Rookidon
|-damage|p2a: Rookidon|90/100
|
|t:|1779821231
|switch|p1a: Tornadus|Tornadus-Therian, M|100/100|[from] Flip Turn
|
|upkeep
|turn|7
|
|t:|1779821234
|move|p1a: Tornadus|Heat Wave|p2a: Rookidon
|-supereffective|p2a: Rookidon
|-damage|p2a: Rookidon|45/100
|-enditem|p2a: Rookidon|Weakness Policy
|-boost|p2a: Rookidon|atk|2|[from] item: Weakness Policy
|-boost|p2a: Rookidon|spa|2|[from] item: Weakness Policy
|move|p2a: Rookidon|Agility|p2a: Rookidon
|-boost|p2a: Rookidon|spe|2
|
|upkeep
|turn|8
|
|t:|1779821242
|switch|p1a: Lokix|Lokix, M|27/100
|move|p2a: Rookidon|Power Trip|p1a: Lokix
|-resisted|p1a: Lokix
|-damage|p1a: Lokix|0 fnt
|faint|p1a: Lokix
|
|upkeep
|
|t:|1779821247
|switch|p1a: Alomomola|Alomomola, M|100/100
|turn|9
|
|t:|1779821253
|move|p2a: Rookidon|Roost|p2a: Rookidon
|-heal|p2a: Rookidon|95/100
|-singleturn|p2a: Rookidon|move: Roost
|move|p1a: Alomomola|Tickle|p2a: Rookidon
|-ability|p2a: Rookidon|Mirror Armor
|-unboost|p1a: Alomomola|atk|1
|-ability|p2a: Rookidon|Mirror Armor
|-unboost|p1a: Alomomola|def|1
|
|upkeep
|turn|10
|
|t:|1779821262
|switch|p1a: Weezing|Weezing-Galar, M|100/100
|-ability|p1a: Weezing|Neutralizing Gas
|move|p2a: Rookidon|Bulk Up|p2a: Rookidon
|-boost|p2a: Rookidon|atk|1
|-boost|p2a: Rookidon|def|1
|
|upkeep
|turn|11
|
|t:|1779821265
|-terastallize|p2a: Rookidon|Dark
|move|p2a: Rookidon|Power Trip|p1a: Weezing
|-resisted|p1a: Weezing
|-damage|p1a: Weezing|0 fnt
|faint|p1a: Weezing
|-end|p1a: Weezing|ability: Neutralizing Gas
|
|upkeep
|
|t:|1779821273
|switch|p1a: Zamazenta|Zamazenta|100/100
|-ability|p1a: Zamazenta|Dauntless Shield|boost
|-boost|p1a: Zamazenta|def|1
|turn|12
|c|☆Hike Mawk|:)
|
|t:|1779821279
|move|p2a: Rookidon|Power Trip|p1a: Zamazenta
|-resisted|p1a: Zamazenta
|-damage|p1a: Zamazenta|0 fnt
|faint|p1a: Zamazenta
|
|upkeep
|-message|estradiol5mg forfeited.
|
|win|Hike Mawk
|raw|estradiol5mg's rating: 1362 &rarr; <strong>1342</strong><br />(-20 for losing)
|raw|Hike Mawk's rating: 1357 &rarr; <strong>1377</strong><br />(+20 for winning)
|l|☆estradiol5mg
|player|p1|
