|j|☆markknight05
|j|☆seliop
|t:|1779892634
|gametype|singles
|player|p1|markknight05|169|1143
|player|p2|seliop|1|1112
|gen|9
|tier|[Gen 9] OU
|rated|
|rule|HP Percentage Mod: HP is shown in percentages
|rule|Endless Battle Clause: Forcing endless battles is banned
|rule|Species Clause: Limit one of each Pokémon
|rule|OHKO Clause: OHKO moves are banned
|rule|Evasion Items Clause: Evasion items are banned
|rule|Evasion Moves Clause: Evasion moves are banned
|rule|Evasion Abilities Clause: Evasion abilities are banned
|rule|Sleep Moves Clause: Sleep-inducing moves are banned
|clearpoke
|poke|p1|Pelipper, M|
|poke|p1|Ursaring, F|
|poke|p1|Pawmot, M|
|poke|p1|Floatzel, M|
|poke|p1|Hatterene, F|
|poke|p1|Iron Treads|
|poke|p2|Dragapult, M|
|poke|p2|Great Tusk|
|poke|p2|Tornadus-Therian, M|
|poke|p2|Pecharunt|
|poke|p2|Ogerpon-Wellspring, F|
|poke|p2|Zamazenta-*|
|teampreview
|inactive|Battle timer is ON: inactive players will automatically lose when time's up. (requested by markknight05)
|
|t:|1779892658
|teamsize|p1|6
|teamsize|p2|6
|start
|switch|p1a: Hatterene|Hatterene, F|100/100
|switch|p2a: Les Chicots|Great Tusk|100/100
|turn|1
|
|t:|1779892664
|-end|p2a: Les Chicots|Protosynthesis|[silent]
|switch|p2a: Pecharunt|Pecharunt|100/100
|move|p1a: Hatterene|Expanding Force|p2a: Pecharunt
|-supereffective|p2a: Pecharunt
|-damage|p2a: Pecharunt|31/100
|
|upkeep
|turn|2
|
|t:|1779892677
|switch|p1a: Ursaring|Ursaring, F|100/100
|move|p2a: Pecharunt|Malignant Chain|p1a: Ursaring
|-damage|p1a: Ursaring|78/100
|-status|p1a: Ursaring|tox
|-start|p1a: Ursaring|confusion|[from] ability: Poison Puppeteer|[of] p2a: Pecharunt
|
|-damage|p1a: Ursaring|72/100 tox|[from] psn
|upkeep
|turn|3
|
|t:|1779892706
|switch|p1a: Iron Treads|Iron Treads|100/100
|move|p2a: Pecharunt|Parting Shot|p1a: Iron Treads
|-unboost|p1a: Iron Treads|atk|1
|-unboost|p1a: Iron Treads|spa|1
|
|t:|1779892710
|switch|p2a: Les Chicots|Great Tusk|100/100|[from] Parting Shot
|
|upkeep
|turn|4
|
|t:|1779892716
|-end|p1a: Iron Treads|Quark Drive|[silent]
|switch|p1a: Pelipper|Pelipper, M|100/100
|-weather|RainDance|[from] ability: Drizzle|[of] p1a: Pelipper
|move|p2a: Les Chicots|Headlong Rush|p1a: Pelipper
|-immune|p1a: Pelipper
|
|-weather|RainDance|[upkeep]
|upkeep
|turn|5
|
|t:|1779892727
|-end|p2a: Les Chicots|Protosynthesis|[silent]
|switch|p2a: Ogerpon|Ogerpon-Wellspring, F|100/100
|move|p1a: Pelipper|Hurricane|p2a: Ogerpon
|-supereffective|p2a: Ogerpon
|-damage|p2a: Ogerpon|14/100
|
|-weather|RainDance|[upkeep]
|upkeep
|turn|6
|
|t:|1779892740
|-terastallize|p2a: Ogerpon|Water
|detailschange|p2a: Ogerpon|Ogerpon-Wellspring-Tera, F, tera:Water
|-ability|p2a: Ogerpon|Embody Aspect (Wellspring)|boost
|-boost|p2a: Ogerpon|spd|1
|move|p2a: Ogerpon|Ivy Cudgel|p1a: Pelipper|[anim] Ivy Cudgel Water
|-resisted|p1a: Pelipper
|-damage|p1a: Pelipper|56/100
|move|p1a: Pelipper|U-turn|p2a: Ogerpon
|-damage|p2a: Ogerpon|1/100
|
|t:|1779892764
|switch|p1a: Floatzel|Floatzel, M|100/100|[from] U-turn
|
|-weather|RainDance|[upkeep]
|upkeep
|turn|7
|
|t:|1779892772
|move|p1a: Floatzel|Facade|p2a: Ogerpon
|-damage|p2a: Ogerpon|0 fnt
|faint|p2a: Ogerpon
|detailschange|p2: Ogerpon|Ogerpon-Wellspring, F|[silent]
|
|-weather|RainDance|[upkeep]
|upkeep
|
|t:|1779892778
|switch|p2a: Zamazenta|Zamazenta|100/100
|-ability|p2a: Zamazenta|Dauntless Shield|boost
|-boost|p2a: Zamazenta|def|1
|turn|8
|
|t:|1779892784
|switch|p1a: Hatterene|Hatterene, F|100/100
|move|p2a: Zamazenta|Iron Defense|p2a: Zamazenta
|-boost|p2a: Zamazenta|def|2
|
|-weather|RainDance|[upkeep]
|upkeep
|turn|9
|
|t:|1779892799
|move|p2a: Zamazenta|Roar|p1a: Hatterene
|move|p1a: Hatterene|Roar|p2a: Zamazenta|[from] ability: Magic Bounce
|drag|p2a: Les Chicots|Great Tusk|100/100
|move|p1a: Hatterene|Trick Room|p1a: Hatterene
|-fieldstart|move: Trick Room|[of] p1a: Hatterene
|
|-weather|RainDance|[upkeep]
|upkeep
|turn|10
|
|t:|1779892817
|move|p1a: Hatterene|Expanding Force|p2a: Les Chicots
|-supereffective|p2a: Les Chicots
|-damage|p2a: Les Chicots|0 fnt
|faint|p2a: Les Chicots
|-end|p2a: Les Chicots|Protosynthesis|[silent]
|
|-weather|RainDance|[upkeep]
|upkeep
|
|t:|1779892823
|switch|p2a: Pecharunt|Pecharunt|31/100
|turn|11
|
|t:|1779892827
|move|p1a: Hatterene|Expanding Force|p2a: Pecharunt
|-supereffective|p2a: Pecharunt
|-damage|p2a: Pecharunt|0 fnt
|faint|p2a: Pecharunt
|
|-weather|none
|upkeep
|
|t:|1779892832
|switch|p2a: Tornadus|Tornadus-Therian, M|100/100
|turn|12
|
|t:|1779892835
|move|p1a: Hatterene|Expanding Force|p2a: Tornadus
|-damage|p2a: Tornadus|76/100
|move|p2a: Tornadus|U-turn|p1a: Hatterene
|-damage|p1a: Hatterene|83/100
|
|t:|1779892840
|switch|p2a: Zamazenta|Zamazenta|100/100|[from] U-turn
|
|upkeep
|turn|13
|
|t:|1779892848
|move|p1a: Hatterene|Expanding Force|p2a: Zamazenta
|-supereffective|p2a: Zamazenta
|-damage|p2a: Zamazenta|43/100
|move|p2a: Zamazenta|Crunch|p1a: Hatterene
|-damage|p1a: Hatterene|58/100
|
|-heal|p2a: Zamazenta|49/100|[from] item: Leftovers
|-fieldend|move: Trick Room
|upkeep
|turn|14
|
|t:|1779892861
|move|p2a: Zamazenta|Body Press|p1a: Hatterene
|-resisted|p1a: Hatterene
|-damage|p1a: Hatterene|48/100
|move|p1a: Hatterene|Trick Room|p1a: Hatterene
|-fieldstart|move: Trick Room|[of] p1a: Hatterene
|
|-heal|p2a: Zamazenta|56/100|[from] item: Leftovers
|upkeep
|turn|15
|
|t:|1779892872
|move|p1a: Hatterene|Expanding Force|p2a: Zamazenta
|-supereffective|p2a: Zamazenta
|-damage|p2a: Zamazenta|2/100
|move|p2a: Zamazenta|Crunch|p1a: Hatterene
|-damage|p1a: Hatterene|25/100
|-unboost|p1a: Hatterene|def|1
|
|-heal|p2a: Zamazenta|8/100|[from] item: Leftovers
|upkeep
|turn|16
|
|t:|1779892887
|move|p1a: Hatterene|Expanding Force|p2a: Zamazenta
|-supereffective|p2a: Zamazenta
|-damage|p2a: Zamazenta|0 fnt
|faint|p2a: Zamazenta
|
|upkeep
|
|t:|1779892893
|switch|p2a: Tornadus|Tornadus-Therian, M|100/100
|turn|17
|
|t:|1779892903
|move|p1a: Hatterene|Psychic Terrain|p1a: Hatterene
|-fieldstart|move: Psychic Terrain
|move|p2a: Tornadus|Bleakwind Storm|p1a: Hatterene
|-damage|p1a: Hatterene|0 fnt
|faint|p1a: Hatterene
|
|upkeep
|
|t:|1779892909
|switch|p1a: Pelipper|Pelipper, M|56/100
|-weather|RainDance|[from] ability: Drizzle|[of] p1a: Pelipper
|turn|18
|
|t:|1779892914
|move|p1a: Pelipper|U-turn|p2a: Tornadus
|-resisted|p2a: Tornadus
|-damage|p2a: Tornadus|96/100
|
|t:|1779892919
|switch|p1a: Iron Treads|Iron Treads|100/100|[from] U-turn
|move|p2a: Tornadus|Bleakwind Storm|p1a: Iron Treads
|-resisted|p1a: Iron Treads
|-damage|p1a: Iron Treads|89/100
|
|-weather|RainDance|[upkeep]
|-fieldend|move: Trick Room
|upkeep
|turn|19
|
|t:|1779892928
|move|p2a: Tornadus|Heat Wave|p1a: Iron Treads
|-supereffective|p1a: Iron Treads
|-damage|p1a: Iron Treads|74/100
|move|p1a: Iron Treads|Volt Switch|p2a: Tornadus
|-supereffective|p2a: Tornadus
|-damage|p2a: Tornadus|79/100
|
|t:|1779892934
|-end|p1a: Iron Treads|Quark Drive|[silent]
|switch|p1a: Floatzel|Floatzel, M|100/100|[from] Volt Switch
|
|-weather|RainDance|[upkeep]
|upkeep
|turn|20
|
|t:|1779892939
|-terastallize|p1a: Floatzel|Water
|move|p1a: Floatzel|Wave Crash|p2a: Tornadus
|-damage|p2a: Tornadus|0 fnt
|faint|p2a: Tornadus
|-damage|p1a: Floatzel|70/100|[from] Recoil
|
|-weather|RainDance|[upkeep]
|upkeep
|
|t:|1779892945
|switch|p2a: Air force One|Dragapult, M|100/100
|turn|21
|
|t:|1779892954
|move|p1a: Floatzel|Wave Crash|p2a: Air force One
|-resisted|p2a: Air force One
|-damage|p2a: Air force One|0 fnt
|faint|p2a: Air force One
|-damage|p1a: Floatzel|37/100|[from] Recoil
|
|win|markknight05
|raw|markknight05's rating: 1143 &rarr; <strong>1166</strong><br />(+23 for winning)
|raw|seliop's rating: 1112 &rarr; <strong>1089</strong><br />(-23 for losing)
|l|☆seliop
|player|p2|
|l|☆markknight05
|player|p1|
