|j|☆sinnerwinner
|j|☆KING丶3266926956今余
|t:|1779854847
|gametype|singles
|player|p1|sinnerwinner|blackbelt|1379
|player|p2|KING丶3266926956今余|dawn|1313
|gen|9
|tier|[Gen 9] OU
|rated|
|rule|HP Percentage Mod: HP is shown in percentages
|rule|Endless Battle Clause: Forcing endless battles is banned
|rule|Species Clause: Limit one of each Pokémon
|rule|OHKO Clause: OHKO moves are banned
|rule|Evasion Items Clause: Evasion items are banned
|rule|Evasion Moves Clause: Evasion moves are banned
|rule|Evasion Abilities Clause: Evasion abilities are banned
|rule|Sleep Moves Clause: Sleep-inducing moves are banned
|clearpoke
|poke|p1|Zamazenta-*|
|poke|p1|Hoopa-Unbound|
|poke|p1|Dragapult, M|
|poke|p1|Kyurem|
|poke|p1|Ninetales-Alola, F|
|poke|p1|Great Tusk|
|poke|p2|Luxray, M|
|poke|p2|Noctowl, M|
|poke|p2|Alomomola, F|
|poke|p2|Meowstic, M|
|poke|p2|Incineroar, M|
|poke|p2|Meowscarada, F|
|teampreview
|inactive|Battle timer is ON: inactive players will automatically lose when time's up. (requested by KING丶3266926956今余)
|inactive|sinnerwinner has 120 seconds left.
|
|t:|1779854906
|teamsize|p1|6
|teamsize|p2|6
|start
|switch|p1a: Dragapult|Dragapult, M|100/100
|switch|p2a: Meowscarada|Meowscarada, F|100/100
|turn|1
|
|t:|1779854912
|move|p2a: Meowscarada|Sucker Punch||[still]
|-fail|p2a: Meowscarada
|move|p1a: Dragapult|Will-O-Wisp|p2a: Meowscarada
|-status|p2a: Meowscarada|brn
|
|-damage|p2a: Meowscarada|94/100 brn|[from] brn
|upkeep
|turn|2
|
|t:|1779854923
|switch|p2a: Alomomola|Alomomola, F|100/100
|move|p1a: Dragapult|Dragon Darts|p2a: Alomomola
|-damage|p2a: Alomomola|78/100
|-anim|p1a: Dragapult|Dragon Darts|p2a: Alomomola
|-damage|p2a: Alomomola|56/100
|-damage|p1a: Dragapult|91/100|[from] item: Life Orb
|
|upkeep
|turn|3
|
|t:|1779854936
|move|p1a: Dragapult|Will-O-Wisp|p2a: Alomomola
|-status|p2a: Alomomola|brn
|move|p2a: Alomomola|Flip Turn|p1a: Dragapult
|-resisted|p1a: Dragapult
|-damage|p1a: Dragapult|85/100
|
|t:|1779854940
|switch|p2a: Incineroar|Incineroar, M|100/100|[from] Flip Turn
|-ability|p2a: Incineroar|Intimidate|boost
|-unboost|p1a: Dragapult|atk|1
|
|upkeep
|turn|4
|
|t:|1779854943
|move|p1a: Dragapult|Thunder Wave|p2a: Incineroar
|-status|p2a: Incineroar|par
|move|p2a: Incineroar|Parting Shot|p1a: Dragapult
|-unboost|p1a: Dragapult|atk|1
|-unboost|p1a: Dragapult|spa|1
|
|t:|1779854952
|switch|p2a: Luxray|Luxray, M|100/100|[from] Parting Shot
|
|-status|p2a: Luxray|brn|[from] item: Flame Orb
|upkeep
|turn|5
|
|t:|1779854958
|switch|p2a: Noctowl|Noctowl, M|100/100
|move|p1a: Dragapult|Hex|p2a: Noctowl
|-immune|p2a: Noctowl
|
|upkeep
|turn|6
|
|t:|1779854965
|switch|p2a: Incineroar|Incineroar, M|100/100 par
|-ability|p2a: Incineroar|Intimidate|boost
|-unboost|p1a: Dragapult|atk|1
|move|p1a: Dragapult|Thunder Wave|p2a: Incineroar
|-fail|p2a: Incineroar|par
|
|upkeep
|turn|7
|
|t:|1779854974
|switch|p1a: Ninetales|Ninetales-Alola, F, shiny|100/100
|-weather|Snowscape|[from] ability: Snow Warning|[of] p1a: Ninetales
|move|p2a: Incineroar|Will-O-Wisp|p1a: Ninetales|[miss]
|-miss|p2a: Incineroar|p1a: Ninetales
|
|-weather|Snowscape|[upkeep]
|upkeep
|turn|8
|
|t:|1779854982
|move|p1a: Ninetales|Aurora Veil|p1a: Ninetales
|-sidestart|p1: sinnerwinner|move: Aurora Veil
|cant|p2a: Incineroar|par
|
|-weather|Snowscape|[upkeep]
|upkeep
|turn|9
|-message|KING丶3266926956今余 forfeited.
|
|win|sinnerwinner
|raw|sinnerwinner's rating: 1379 &rarr; <strong>1395</strong><br />(+16 for winning)
|raw|KING丶3266926956今余's rating: 1313 &rarr; <strong>1297</strong><br />(-16 for losing)
|l|☆KING丶3266926956今余
|player|p2|
|l|☆sinnerwinner
|player|p1|
|j|☆KING丶3266926956今余
|player|p2|KING丶3266926956今余|dawn|
|l|☆KING丶3266926956今余
|player|p2|
|j|☆KING丶3266926956今余
|player|p2|KING丶3266926956今余|dawn|
|l|☆KING丶3266926956今余
|player|p2|
