|j|☆Sappy6754
|j|☆i_love_lulu
|t:|1779873214
|gametype|singles
|player|p1|Sappy6754|lucas|1272
|player|p2|i_love_lulu|102|1336
|gen|9
|tier|[Gen 9] OU
|rated|
|rule|HP Percentage Mod: HP is shown in percentages
|rule|Endless Battle Clause: Forcing endless battles is banned
|rule|Species Clause: Limit one of each Pokémon
|rule|OHKO Clause: OHKO moves are banned
|rule|Evasion Items Clause: Evasion items are banned
|rule|Evasion Moves Clause: Evasion moves are banned
|rule|Evasion Abilities Clause: Evasion abilities are banned
|rule|Sleep Moves Clause: Sleep-inducing moves are banned
|clearpoke
|poke|p1|Pincurchin, M|
|poke|p1|Iron Thorns|
|poke|p1|Regieleki|
|poke|p1|Hawlucha, M|
|poke|p1|Iron Valiant|
|poke|p1|Kingambit, F|
|poke|p2|Gliscor, M|
|poke|p2|Clodsire, F|
|poke|p2|Kingambit, F|
|poke|p2|Great Tusk|
|poke|p2|Dragapult, F|
|poke|p2|Heatran, M|
|teampreview
|inactive|Battle timer is ON: inactive players will automatically lose when time's up. (requested by Sappy6754)
|
|t:|1779873267
|teamsize|p1|6
|teamsize|p2|6
|start
|switch|p1a: Pincurchin|Pincurchin, M|100/100
|switch|p2a: Clodsire|Clodsire, F|100/100
|-fieldstart|move: Electric Terrain|[from] ability: Electric Surge|[of] p1a: Pincurchin
|turn|1
|
|t:|1779873272
|move|p2a: Clodsire|Stealth Rock|p1a: Pincurchin
|-sidestart|p1: Sappy6754|move: Stealth Rock
|move|p1a: Pincurchin|Memento|p2a: Clodsire
|-unboost|p2a: Clodsire|atk|2
|-unboost|p2a: Clodsire|spa|2
|faint|p1a: Pincurchin
|
|upkeep
|
|t:|1779873283
|switch|p1a: Iron Thorns|Iron Thorns|100/100
|-damage|p1a: Iron Thorns|88/100|[from] Stealth Rock
|-activate|p1a: Iron Thorns|ability: Quark Drive
|-start|p1a: Iron Thorns|quarkdriveatk
|turn|2
|
|t:|1779873289
|switch|p2a: Gliscor|Gliscor, M|100/100
|-terastallize|p1a: Iron Thorns|Flying
|move|p1a: Iron Thorns|Dragon Dance|p1a: Iron Thorns
|-boost|p1a: Iron Thorns|atk|1
|-boost|p1a: Iron Thorns|spe|1
|
|-status|p2a: Gliscor|tox|[from] item: Toxic Orb
|upkeep
|turn|3
|
|t:|1779873297
|move|p1a: Iron Thorns|Ice Punch|p2a: Gliscor
|-supereffective|p2a: Gliscor
|-damage|p2a: Gliscor|0 fnt
|faint|p2a: Gliscor
|
|upkeep
|
|t:|1779873301
|switch|p2a: Dragapult|Dragapult, F|100/100
|turn|4
|
|t:|1779873306
|move|p2a: Dragapult|Will-O-Wisp|p1a: Iron Thorns
|-status|p1a: Iron Thorns|brn
|move|p1a: Iron Thorns|Ice Punch|p2a: Dragapult
|-supereffective|p2a: Dragapult
|-damage|p2a: Dragapult|11/100
|
|-damage|p1a: Iron Thorns|82/100 brn|[from] brn
|upkeep
|turn|5
|
|t:|1779873311
|switch|p2a: Heatran|Heatran, M|100/100
|move|p1a: Iron Thorns|Ice Punch|p2a: Heatran
|-resisted|p2a: Heatran
|-damage|p2a: Heatran|95/100
|
|-heal|p2a: Heatran|100/100|[from] item: Leftovers
|-damage|p1a: Iron Thorns|76/100 brn|[from] brn
|upkeep
|turn|6
|
|t:|1779873316
|move|p1a: Iron Thorns|Earthquake|p2a: Heatran
|-supereffective|p2a: Heatran
|-damage|p2a: Heatran|0 fnt
|faint|p2a: Heatran
|
|-damage|p1a: Iron Thorns|70/100 brn|[from] brn
|upkeep
|
|t:|1779873322
|switch|p2a: Dragapult|Dragapult, F|11/100
|turn|7
|
|t:|1779873324
|move|p2a: Dragapult|Hex|p1a: Iron Thorns
|-damage|p1a: Iron Thorns|8/100 brn
|move|p1a: Iron Thorns|Ice Punch|p2a: Dragapult
|-supereffective|p2a: Dragapult
|-damage|p2a: Dragapult|0 fnt
|faint|p2a: Dragapult
|
|-damage|p1a: Iron Thorns|2/100 brn|[from] brn
|upkeep
|
|t:|1779873328
|switch|p2a: Great Tusk|Great Tusk|100/100
|turn|8
|
|t:|1779873331
|move|p1a: Iron Thorns|Ice Punch|p2a: Great Tusk
|-supereffective|p2a: Great Tusk
|-damage|p2a: Great Tusk|61/100
|-damage|p1a: Iron Thorns|0 fnt|[from] item: Rocky Helmet|[of] p2a: Great Tusk
|faint|p1a: Iron Thorns
|-end|p1a: Iron Thorns|Quark Drive|[silent]
|move|p2a: Great Tusk|Rapid Spin|p1: Iron Thorns|[notarget]
|-fail|p2a: Great Tusk
|
|-fieldend|move: Electric Terrain
|upkeep
|
|t:|1779873340
|switch|p1a: Iron Valiant|Iron Valiant|100/100
|-damage|p1a: Iron Valiant|94/100|[from] Stealth Rock
|turn|9
|
|t:|1779873344
|-end|p2a: Great Tusk|Protosynthesis|[silent]
|switch|p2a: Clodsire|Clodsire, F|100/100
|move|p1a: Iron Valiant|Moonblast|p2a: Clodsire
|-resisted|p2a: Clodsire
|-damage|p2a: Clodsire|82/100
|-unboost|p2a: Clodsire|spa|1
|
|-heal|p2a: Clodsire|89/100|[from] item: Leftovers
|upkeep
|turn|10
|
|t:|1779873349
|-end|p1a: Iron Valiant|Quark Drive|[silent]
|switch|p1a: Kingambit|Kingambit, F|100/100
|-damage|p1a: Kingambit|94/100|[from] Stealth Rock
|-activate|p1a: Kingambit|ability: Supreme Overlord
|-start|p1a: Kingambit|fallen2|[silent]
|-item|p1a: Kingambit|Air Balloon
|move|p2a: Clodsire|Poison Jab|p1a: Kingambit
|-immune|p1a: Kingambit
|
|-heal|p2a: Clodsire|95/100|[from] item: Leftovers
|upkeep
|turn|11
|
|t:|1779873358
|switch|p2a: Great Tusk|Great Tusk|61/100
|move|p1a: Kingambit|Swords Dance|p1a: Kingambit
|-boost|p1a: Kingambit|atk|2
|
|upkeep
|turn|12
|
|t:|1779873365
|move|p1a: Kingambit|Sucker Punch|p2a: Great Tusk
|-resisted|p2a: Great Tusk
|-damage|p2a: Great Tusk|23/100
|-damage|p1a: Kingambit|78/100|[from] item: Rocky Helmet|[of] p2a: Great Tusk
|move|p2a: Great Tusk|Headlong Rush|p1a: Kingambit
|-immune|p1a: Kingambit
|
|upkeep
|turn|13
|
|t:|1779873373
|move|p2a: Great Tusk|Rapid Spin|p1a: Kingambit
|-resisted|p1a: Kingambit
|-damage|p1a: Kingambit|71/100
|-boost|p2a: Great Tusk|spe|1
|-enditem|p1a: Kingambit|Air Balloon
|move|p1a: Kingambit|Iron Head|p2a: Great Tusk
|-damage|p2a: Great Tusk|0 fnt
|-damage|p1a: Kingambit|54/100|[from] item: Rocky Helmet|[of] p2a: Great Tusk
|faint|p2a: Great Tusk
|-end|p2a: Great Tusk|Protosynthesis|[silent]
|
|upkeep
|c|☆i_love_lulu|gg
|-message|i_love_lulu forfeited.
|
|win|Sappy6754
|raw|Sappy6754's rating: 1272 &rarr; <strong>1302</strong><br />(+30 for winning)
|raw|i_love_lulu's rating: 1336 &rarr; <strong>1312</strong><br />(-24 for losing)
|l|☆i_love_lulu
|player|p2|
|c|☆Sappy6754|gg
|l|☆Sappy6754
|player|p1|
