|j|☆nwalesu
|j|☆weiee
|t:|1779872428
|gametype|singles
|player|p1|nwalesu|pokemaniac|1489
|player|p2|weiee|170|1457
|gen|9
|tier|[Gen 9] OU
|rated|
|rule|HP Percentage Mod: HP is shown in percentages
|rule|Endless Battle Clause: Forcing endless battles is banned
|rule|Species Clause: Limit one of each Pokémon
|rule|OHKO Clause: OHKO moves are banned
|rule|Evasion Items Clause: Evasion items are banned
|rule|Evasion Moves Clause: Evasion moves are banned
|rule|Evasion Abilities Clause: Evasion abilities are banned
|rule|Sleep Moves Clause: Sleep-inducing moves are banned
|clearpoke
|poke|p1|Dragapult, F|
|poke|p1|Rotom-Heat|
|poke|p1|Clodsire, M|
|poke|p1|Mandibuzz, F|
|poke|p1|Dragonite, M|
|poke|p1|Iron Valiant|
|poke|p2|Salamence, F|
|poke|p2|Glimmora, F|
|poke|p2|Iron Valiant|
|poke|p2|Ogerpon-Wellspring, F|
|poke|p2|Scizor, F|
|poke|p2|Raging Bolt|
|teampreview
|inactive|Battle timer is ON: inactive players will automatically lose when time's up. (requested by nwalesu)
|
|t:|1779872448
|teamsize|p1|6
|teamsize|p2|6
|start
|switch|p1a: Clodsire|Clodsire, M|100/100
|switch|p2a: Scizor|Scizor, F|100/100
|turn|1
|
|t:|1779872460
|move|p2a: Scizor|U-turn|p1a: Clodsire
|-resisted|p1a: Clodsire
|-damage|p1a: Clodsire|64/100
|
|t:|1779872464
|switch|p2a: Glimmora|Glimmora, F|100/100|[from] U-turn
|move|p1a: Clodsire|Stealth Rock|p2a: Glimmora
|-sidestart|p2: weiee|move: Stealth Rock
|
|-heal|p1a: Clodsire|71/100|[from] item: Leftovers
|upkeep
|turn|2
|
|t:|1779872472
|move|p2a: Glimmora|Mortal Spin|p1a: Clodsire
|-resisted|p1a: Clodsire
|-damage|p1a: Clodsire|69/100
|-sideend|p2: weiee|Stealth Rock|[from] move: Mortal Spin|[of] p2a: Glimmora
|move|p1a: Clodsire|Earthquake|p2a: Glimmora
|-supereffective|p2a: Glimmora
|-damage|p2a: Glimmora|0 fnt
|-activate|p2a: Glimmora|ability: Toxic Debris
|-sidestart|p1: nwalesu|move: Toxic Spikes
|faint|p2a: Glimmora
|
|-heal|p1a: Clodsire|75/100|[from] item: Leftovers
|upkeep
|
|t:|1779872486
|switch|p2a: Salamence|Salamence, F|100/100
|turn|3
|
|t:|1779872489
|switch|p1a: Mandibuzz|Mandibuzz, F|100/100
|move|p2a: Salamence|Substitute|p2a: Salamence
|-start|p2a: Salamence|Substitute
|-damage|p2a: Salamence|76/100
|
|-heal|p2a: Salamence|82/100|[from] item: Leftovers
|upkeep
|turn|4
|
|t:|1779872497
|switch|p2a: Raging Bolt|Raging Bolt|100/100
|move|p1a: Mandibuzz|Foul Play|p2a: Raging Bolt
|-damage|p2a: Raging Bolt|82/100
|
|upkeep
|turn|5
|
|t:|1779872500
|switch|p1a: Clodsire|Clodsire, M|75/100
|-sideend|p1: nwalesu|move: Toxic Spikes|[of] p1a: Clodsire
|move|p2a: Raging Bolt|Draco Meteor|p1a: Clodsire
|-damage|p1a: Clodsire|31/100
|-unboost|p2a: Raging Bolt|spa|2
|
|-heal|p1a: Clodsire|38/100|[from] item: Leftovers
|upkeep
|turn|6
|
|t:|1779872506
|-end|p2a: Raging Bolt|Protosynthesis|[silent]
|switch|p2a: Scizor|Scizor, F|100/100
|move|p1a: Clodsire|Recover|p1a: Clodsire
|-heal|p1a: Clodsire|88/100
|
|-heal|p1a: Clodsire|94/100|[from] item: Leftovers
|upkeep
|turn|7
|
|t:|1779872513
|switch|p1a: Mandibuzz|Mandibuzz, F|100/100
|move|p2a: Scizor|Knock Off|p1a: Mandibuzz
|-resisted|p1a: Mandibuzz
|-crit|p1a: Mandibuzz
|-damage|p1a: Mandibuzz|79/100
|-enditem|p1a: Mandibuzz|Heavy-Duty Boots|[from] move: Knock Off|[of] p2a: Scizor
|
|upkeep
|turn|8
|
|t:|1779872520
|switch|p2a: Raging Bolt|Raging Bolt|82/100
|move|p1a: Mandibuzz|U-turn|p2a: Raging Bolt
|-crit|p2a: Raging Bolt
|-damage|p2a: Raging Bolt|68/100
|
|t:|1779872523
|switch|p1a: Clodsire|Clodsire, M|94/100|[from] U-turn
|
|-heal|p1a: Clodsire|99/100|[from] item: Leftovers
|upkeep
|turn|9
|
|t:|1779872527
|-end|p2a: Raging Bolt|Protosynthesis|[silent]
|switch|p2a: Salamence|Salamence, F|82/100
|move|p1a: Clodsire|Stealth Rock|p2a: Salamence
|-sidestart|p2: weiee|move: Stealth Rock
|
|-heal|p2a: Salamence|88/100|[from] item: Leftovers
|-heal|p1a: Clodsire|100/100|[from] item: Leftovers
|upkeep
|turn|10
|
|t:|1779872536
|switch|p2a: Iron Valiant|Iron Valiant|100/100
|-damage|p2a: Iron Valiant|94/100|[from] Stealth Rock
|-enditem|p2a: Iron Valiant|Booster Energy
|-activate|p2a: Iron Valiant|ability: Quark Drive|[fromitem]
|-start|p2a: Iron Valiant|quarkdrivespe
|move|p1a: Clodsire|Toxic|p2a: Iron Valiant
|-status|p2a: Iron Valiant|tox
|
|-damage|p2a: Iron Valiant|88/100 tox|[from] psn
|upkeep
|turn|11
|
|t:|1779872543
|-end|p2a: Iron Valiant|Quark Drive|[silent]
|switch|p2a: Salamence|Salamence, F|88/100
|-damage|p2a: Salamence|63/100|[from] Stealth Rock
|move|p1a: Clodsire|Earthquake|p2a: Salamence
|-immune|p2a: Salamence
|
|-heal|p2a: Salamence|69/100|[from] item: Leftovers
|upkeep
|turn|12
|
|t:|1779872549
|switch|p1a: Mandibuzz|Mandibuzz, F|79/100
|move|p2a: Salamence|Dual Wingbeat|p1a: Mandibuzz|[miss]
|-miss|p2a: Salamence|p1a: Mandibuzz
|
|-heal|p2a: Salamence|76/100|[from] item: Leftovers
|upkeep
|turn|13
|
|t:|1779872555
|move|p2a: Salamence|Substitute|p2a: Salamence
|-start|p2a: Salamence|Substitute
|-damage|p2a: Salamence|51/100
|move|p1a: Mandibuzz|Foul Play|p2a: Salamence
|-end|p2a: Salamence|Substitute
|
|-heal|p2a: Salamence|57/100|[from] item: Leftovers
|upkeep
|turn|14
|
|t:|1779872557
|switch|p2a: Iron Valiant|Iron Valiant|88/100 tox
|-damage|p2a: Iron Valiant|82/100 tox|[from] Stealth Rock
|move|p1a: Mandibuzz|Foul Play|p2a: Iron Valiant
|-resisted|p2a: Iron Valiant
|-damage|p2a: Iron Valiant|71/100 tox
|
|-damage|p2a: Iron Valiant|65/100 tox|[from] psn
|upkeep
|turn|15
|
|t:|1779872566
|-end|p2a: Iron Valiant|Quark Drive|[silent]
|switch|p2a: Ogerpon|Ogerpon-Wellspring, F|100/100
|-damage|p2a: Ogerpon|88/100|[from] Stealth Rock
|switch|p1a: Clodsire|Clodsire, M|100/100
|
|upkeep
|turn|16
|
|t:|1779872569
|move|p2a: Ogerpon|Ivy Cudgel|p1a: Clodsire|[anim] Ivy Cudgel Water
|-immune|p1a: Clodsire|[from] ability: Water Absorb
|move|p1a: Clodsire|Toxic|p2a: Ogerpon
|-status|p2a: Ogerpon|tox
|
|-damage|p2a: Ogerpon|82/100 tox|[from] psn
|upkeep
|turn|17
|
|t:|1779872574
|switch|p1a: Drippy|Dragapult, F|100/100
|move|p2a: Ogerpon|Encore||[still]
|-fail|p2a: Ogerpon
|
|-damage|p2a: Ogerpon|70/100 tox|[from] psn
|upkeep
|turn|18
|
|t:|1779872579
|move|p1a: Drippy|U-turn|p2a: Ogerpon
|-supereffective|p2a: Ogerpon
|-damage|p2a: Ogerpon|13/100 tox
|
|t:|1779872582
|switch|p1a: Clodsire|Clodsire, M|100/100|[from] U-turn
|move|p2a: Ogerpon|Ivy Cudgel|p1a: Clodsire|[anim] Ivy Cudgel Water
|-immune|p1a: Clodsire|[from] ability: Water Absorb
|
|-damage|p2a: Ogerpon|0 fnt|[from] psn
|faint|p2a: Ogerpon
|upkeep
|
|t:|1779872584
|switch|p2a: Salamence|Salamence, F|57/100
|-damage|p2a: Salamence|32/100|[from] Stealth Rock
|turn|19
|
|t:|1779872588
|switch|p1a: Mandibuzz|Mandibuzz, F|79/100
|move|p2a: Salamence|Dragon Dance|p2a: Salamence
|-boost|p2a: Salamence|atk|1
|-boost|p2a: Salamence|spe|1
|
|-heal|p2a: Salamence|38/100|[from] item: Leftovers
|upkeep
|turn|20
|
|t:|1779872591
|-terastallize|p2a: Salamence|Flying
|move|p2a: Salamence|Dual Wingbeat|p1a: Mandibuzz
|-damage|p1a: Mandibuzz|52/100
|-damage|p1a: Mandibuzz|25/100
|-hitcount|p1a: Mandibuzz|2
|move|p1a: Mandibuzz|Foul Play|p2a: Salamence
|-damage|p2a: Salamence|0 fnt
|faint|p2a: Salamence
|
|upkeep
|-message|weiee forfeited.
|
|win|nwalesu
|raw|nwalesu's rating: 1472 &rarr; <strong>1491</strong><br />(+19 for winning)
|raw|weiee's rating: 1457 &rarr; <strong>1438</strong><br />(-19 for losing)
|l|☆weiee
|player|p2|
|l|☆nwalesu
|player|p1|
