|j|☆ace es spades
|j|☆amiruae
|t:|1779851842
|gametype|singles
|player|p1|ace es spades|vince|1406
|player|p2|amiruae|acetrainercouple|1412
|gen|9
|tier|[Gen 9] OU
|rated|
|rule|HP Percentage Mod: HP is shown in percentages
|rule|Endless Battle Clause: Forcing endless battles is banned
|rule|Species Clause: Limit one of each Pokémon
|rule|OHKO Clause: OHKO moves are banned
|rule|Evasion Items Clause: Evasion items are banned
|rule|Evasion Moves Clause: Evasion moves are banned
|rule|Evasion Abilities Clause: Evasion abilities are banned
|rule|Sleep Moves Clause: Sleep-inducing moves are banned
|clearpoke
|poke|p1|Garganacl, M|
|poke|p1|Darkrai|
|poke|p1|Great Tusk|
|poke|p1|Hatterene, F|
|poke|p1|Tornadus-Therian, M|
|poke|p1|Kingambit, M|
|poke|p2|Samurott-Hisui, M|
|poke|p2|Zamazenta-*|
|poke|p2|Greninja-*, M|
|poke|p2|Salamence, M|
|poke|p2|Porygon-Z|
|poke|p2|Volcanion|
|teampreview
|inactive|Battle timer is ON: inactive players will automatically lose when time's up. (requested by ace es spades)
|
|t:|1779851853
|teamsize|p1|6
|teamsize|p2|6
|start
|switch|p1a: Darkrai|Darkrai, shiny|100/100
|switch|p2a: Porygon-Z|Porygon-Z|100/100
|turn|1
|
|t:|1779851858
|move|p2a: Porygon-Z|Tri Attack|p1a: Darkrai
|-damage|p1a: Darkrai|24/100
|move|p1a: Darkrai|Focus Blast|p2a: Porygon-Z
|-supereffective|p2a: Porygon-Z
|-damage|p2a: Porygon-Z|0 fnt
|faint|p2a: Porygon-Z
|
|upkeep
|
|t:|1779851887
|switch|p2a: Zamazenta|Zamazenta|100/100
|-ability|p2a: Zamazenta|Dauntless Shield|boost
|-boost|p2a: Zamazenta|def|1
|turn|2
|
|t:|1779851892
|switch|p1a: Hatterene|Hatterene, F, shiny|100/100
|move|p2a: Zamazenta|Iron Defense|p2a: Zamazenta
|-boost|p2a: Zamazenta|def|2
|
|upkeep
|turn|3
|
|t:|1779851897
|move|p2a: Zamazenta|Iron Head|p1a: Hatterene
|-supereffective|p1a: Hatterene
|-damage|p1a: Hatterene|65/100
|-damage|p2a: Zamazenta|84/100|[from] item: Rocky Helmet|[of] p1a: Hatterene
|cant|p1a: Hatterene|flinch
|
|-heal|p2a: Zamazenta|90/100|[from] item: Leftovers
|upkeep
|turn|4
|
|t:|1779851904
|move|p2a: Zamazenta|Iron Head|p1a: Hatterene
|-supereffective|p1a: Hatterene
|-crit|p1a: Hatterene
|-damage|p1a: Hatterene|14/100
|-damage|p2a: Zamazenta|74/100|[from] item: Rocky Helmet|[of] p1a: Hatterene
|move|p1a: Hatterene|Nuzzle|p2a: Zamazenta
|-damage|p2a: Zamazenta|72/100
|-status|p2a: Zamazenta|par
|
|-heal|p2a: Zamazenta|78/100 par|[from] item: Leftovers
|upkeep
|turn|5
|
|t:|1779851910
|cant|p2a: Zamazenta|par
|move|p1a: Hatterene|Future Sight|p2a: Zamazenta
|-start|p1a: Hatterene|move: Future Sight
|
|-heal|p2a: Zamazenta|84/100 par|[from] item: Leftovers
|upkeep
|turn|6
|
|t:|1779851914
|move|p2a: Zamazenta|Iron Head|p1a: Hatterene
|-supereffective|p1a: Hatterene
|-damage|p1a: Hatterene|0 fnt
|-damage|p2a: Zamazenta|68/100 par|[from] item: Rocky Helmet|[of] p1a: Hatterene
|faint|p1a: Hatterene
|
|-heal|p2a: Zamazenta|74/100 par|[from] item: Leftovers
|upkeep
|
|t:|1779851916
|switch|p1a: Tornadus|Tornadus-Therian, M, shiny|100/100
|turn|7
|
|t:|1779851927
|switch|p2a: Greninja|Greninja, M|100/100
|move|p1a: Tornadus|Bleakwind Storm|p2a: Greninja|[miss]
|-miss|p1a: Tornadus|p2a: Greninja
|
|-end|p2a: Greninja|move: Future Sight
|-immune|p2a: Greninja
|upkeep
|turn|8
|
|t:|1779851940
|move|p2a: Greninja|Ice Beam|p1a: Tornadus
|-start|p2a: Greninja|typechange|Ice|[from] ability: Protean
|-supereffective|p1a: Tornadus
|-damage|p1a: Tornadus|25/100
|move|p1a: Tornadus|Bleakwind Storm|p2a: Greninja
|-damage|p2a: Greninja|40/100
|
|upkeep
|turn|9
|
|t:|1779851945
|switch|p1a: Overgod|Kingambit, M, shiny|100/100
|-activate|p1a: Overgod|ability: Supreme Overlord
|-start|p1a: Overgod|fallen1|[silent]
|move|p2a: Greninja|Ice Beam|p1a: Overgod
|-resisted|p1a: Overgod
|-damage|p1a: Overgod|74/100
|
|-heal|p1a: Overgod|80/100|[from] item: Leftovers
|upkeep
|turn|10
|
|t:|1779851949
|switch|p2a: Zamazenta|Zamazenta|74/100 par
|move|p1a: Overgod|Sucker Punch||[still]
|-fail|p1a: Overgod
|
|-heal|p2a: Zamazenta|80/100 par|[from] item: Leftovers
|-heal|p1a: Overgod|86/100|[from] item: Leftovers
|upkeep
|turn|11
|
|t:|1779851961
|-terastallize|p1a: Overgod|Ghost
|move|p2a: Zamazenta|Body Press|p1a: Overgod
|-immune|p1a: Overgod
|move|p1a: Overgod|Swords Dance|p1a: Overgod
|-boost|p1a: Overgod|atk|2
|
|-heal|p2a: Zamazenta|86/100 par|[from] item: Leftovers
|-heal|p1a: Overgod|93/100|[from] item: Leftovers
|upkeep
|turn|12
|
|t:|1779851964
|move|p2a: Zamazenta|Iron Defense|p2a: Zamazenta
|-boost|p2a: Zamazenta|def|2
|move|p1a: Overgod|Iron Head|p2a: Zamazenta
|-damage|p2a: Zamazenta|44/100 par
|
|-heal|p2a: Zamazenta|50/100 par|[from] item: Leftovers
|-heal|p1a: Overgod|99/100|[from] item: Leftovers
|upkeep
|turn|13
|
|t:|1779851973
|cant|p2a: Zamazenta|par
|move|p1a: Overgod|Swords Dance|p1a: Overgod
|-boost|p1a: Overgod|atk|2
|
|-heal|p2a: Zamazenta|57/100 par|[from] item: Leftovers
|-heal|p1a: Overgod|100/100|[from] item: Leftovers
|upkeep
|turn|14
|
|t:|1779851976
|move|p2a: Zamazenta|Iron Defense|p2a: Zamazenta
|-boost|p2a: Zamazenta|def|2
|move|p1a: Overgod|Iron Head|p2a: Zamazenta
|-damage|p2a: Zamazenta|16/100 par
|
|-heal|p2a: Zamazenta|22/100 par|[from] item: Leftovers
|upkeep
|turn|15
|
|t:|1779851979
|move|p2a: Zamazenta|Crunch|p1a: Overgod
|-supereffective|p1a: Overgod
|-damage|p1a: Overgod|70/100
|move|p1a: Overgod|Iron Head|p2a: Zamazenta
|-damage|p2a: Zamazenta|0 fnt
|faint|p2a: Zamazenta
|
|-heal|p1a: Overgod|76/100|[from] item: Leftovers
|upkeep
|
|t:|1779851985
|switch|p2a: Samurott|Samurott-Hisui, M|100/100
|turn|16
|
|t:|1779851991
|move|p2a: Samurott|Ceaseless Edge|p1a: Overgod
|-supereffective|p1a: Overgod
|-damage|p1a: Overgod|8/100
|-sidestart|p1: ace es spades|Spikes
|move|p1a: Overgod|Kowtow Cleave|p2a: Samurott
|-resisted|p2a: Samurott
|-damage|p2a: Samurott|17/100
|
|-heal|p1a: Overgod|14/100|[from] item: Leftovers
|upkeep
|turn|17
|
|t:|1779851998
|move|p2a: Samurott|Sucker Punch|p1a: Overgod
|-supereffective|p1a: Overgod
|-damage|p1a: Overgod|0 fnt
|faint|p1a: Overgod
|-end|p1a: Overgod|fallen1|[silent]
|
|upkeep
|
|t:|1779852001
|switch|p1a: Great Tusk|Great Tusk, shiny|100/100
|-damage|p1a: Great Tusk|88/100|[from] Spikes
|-enditem|p1a: Great Tusk|Booster Energy
|-activate|p1a: Great Tusk|ability: Protosynthesis|[fromitem]
|-start|p1a: Great Tusk|protosynthesisatk
|turn|18
|
|t:|1779852005
|move|p1a: Great Tusk|Rapid Spin|p2a: Samurott
|-damage|p2a: Samurott|0 fnt
|-boost|p1a: Great Tusk|spe|1
|-sideend|p1: ace es spades|Spikes|[from] move: Rapid Spin|[of] p1a: Great Tusk
|faint|p2a: Samurott
|
|upkeep
|
|t:|1779852011
|switch|p2a: Salamence|Salamence, M|100/100
|-ability|p2a: Salamence|Intimidate|boost
|-unboost|p1a: Great Tusk|atk|1
|turn|19
|
|t:|1779852026
|-terastallize|p2a: Salamence|Fire
|move|p1a: Great Tusk|Ice Spinner|p2a: Salamence
|-resisted|p2a: Salamence
|-damage|p2a: Salamence|84/100
|move|p2a: Salamence|Hurricane|p1a: Great Tusk
|-supereffective|p1a: Great Tusk
|-damage|p1a: Great Tusk|0 fnt
|faint|p1a: Great Tusk
|-end|p1a: Great Tusk|Protosynthesis|[silent]
|
|upkeep
|
|t:|1779852031
|switch|p1a: Garganacl|Garganacl, M, shiny|100/100
|turn|20
|
|t:|1779852043
|switch|p2a: Greninja|Greninja, M|40/100
|move|p1a: Garganacl|Salt Cure|p2a: Greninja
|-damage|p2a: Greninja|19/100
|-start|p2a: Greninja|Salt Cure
|
|-damage|p2a: Greninja|0 fnt|[from] Salt Cure
|faint|p2a: Greninja
|upkeep
|
|t:|1779852049
|switch|p2a: Volcanion|Volcanion|100/100
|turn|21
|
|t:|1779852064
|switch|p1a: Darkrai|Darkrai, shiny|24/100
|move|p2a: Volcanion|Steam Eruption|p1a: Darkrai
|-damage|p1a: Darkrai|0 fnt
|faint|p1a: Darkrai
|
|upkeep
|
|t:|1779852065
|switch|p1a: Tornadus|Tornadus-Therian, M, shiny|58/100
|turn|22
|
|t:|1779852073
|move|p1a: Tornadus|Knock Off|p2a: Volcanion
|-crit|p2a: Volcanion
|-damage|p2a: Volcanion|78/100
|-enditem|p2a: Volcanion|Assault Vest|[from] move: Knock Off|[of] p1a: Tornadus
|move|p2a: Volcanion|Steam Eruption|p1a: Tornadus
|-damage|p1a: Tornadus|14/100
|
|upkeep
|turn|23
|
|t:|1779852080
|move|p1a: Tornadus|Bleakwind Storm|p2a: Volcanion|[miss]
|-miss|p1a: Tornadus|p2a: Volcanion
|move|p2a: Volcanion|Steam Eruption|p1a: Tornadus|[miss]
|-miss|p2a: Volcanion|p1a: Tornadus
|
|upkeep
|turn|24
|
|t:|1779852083
|move|p1a: Tornadus|Bleakwind Storm|p2a: Volcanion
|-damage|p2a: Volcanion|40/100
|-unboost|p2a: Volcanion|spe|1
|move|p2a: Volcanion|Steam Eruption|p1a: Tornadus
|-damage|p1a: Tornadus|0 fnt
|faint|p1a: Tornadus
|
|upkeep
|
|t:|1779852086
|switch|p1a: Garganacl|Garganacl, M, shiny|100/100
|turn|25
|
|t:|1779852089
|move|p2a: Volcanion|Steam Eruption|p1a: Garganacl|[miss]
|-miss|p2a: Volcanion|p1a: Garganacl
|move|p1a: Garganacl|Salt Cure|p2a: Volcanion
|-supereffective|p2a: Volcanion
|-damage|p2a: Volcanion|17/100
|-start|p2a: Volcanion|Salt Cure
|
|-damage|p2a: Volcanion|0 fnt|[from] Salt Cure
|faint|p2a: Volcanion
|upkeep
|
|t:|1779852091
|switch|p2a: Salamence|Salamence, M, tera:Fire|84/100
|-ability|p2a: Salamence|Intimidate|boost
|-unboost|p1a: Garganacl|atk|1
|turn|26
|
|t:|1779852095
|move|p2a: Salamence|Dragon Dance|p2a: Salamence
|-boost|p2a: Salamence|atk|1
|-boost|p2a: Salamence|spe|1
|move|p1a: Garganacl|Salt Cure|p2a: Salamence
|-supereffective|p2a: Salamence
|-damage|p2a: Salamence|62/100
|-start|p2a: Salamence|Salt Cure
|
|-damage|p2a: Salamence|49/100|[from] Salt Cure
|upkeep
|turn|27
|
|t:|1779852103
|move|p2a: Salamence|Outrage|p1a: Garganacl
|-crit|p1a: Garganacl
|-damage|p1a: Garganacl|0 fnt
|faint|p1a: Garganacl
|
|win|amiruae
|raw|ace es spades's rating: 1406 &rarr; <strong>1386</strong><br />(-20 for losing)
|raw|amiruae's rating: 1412 &rarr; <strong>1432</strong><br />(+20 for winning)
|l|☆amiruae
|player|p2|
|c|☆ace es spades|lol
|l|☆ace es spades
|player|p1|
