|j|☆justicerestore
|j|☆DeepestButton
|t:|1779894570
|gametype|singles
|player|p1|justicerestore|alder|1535
|player|p2|DeepestButton|hiker-gen4|1546
|gen|9
|tier|[Gen 9] OU
|rated|
|rule|HP Percentage Mod: HP is shown in percentages
|rule|Endless Battle Clause: Forcing endless battles is banned
|rule|Species Clause: Limit one of each Pokémon
|rule|OHKO Clause: OHKO moves are banned
|rule|Evasion Items Clause: Evasion items are banned
|rule|Evasion Moves Clause: Evasion moves are banned
|rule|Evasion Abilities Clause: Evasion abilities are banned
|rule|Sleep Moves Clause: Sleep-inducing moves are banned
|clearpoke
|poke|p1|Iron Moth|
|poke|p1|Gliscor, M|
|poke|p1|Hatterene, F|
|poke|p1|Ogerpon-Wellspring, F|
|poke|p1|Raging Bolt|
|poke|p1|Zamazenta-*|
|poke|p2|Gholdengo|
|poke|p2|Darkrai|
|poke|p2|Clefable, F|
|poke|p2|Ting-Lu|
|poke|p2|Dragonite, F|
|poke|p2|Pecharunt|
|teampreview
|
|t:|1779894586
|teamsize|p1|6
|teamsize|p2|6
|start
|switch|p1a: Zamazenta|Zamazenta|100/100
|switch|p2a: Pecharunt|Pecharunt|100/100
|-ability|p1a: Zamazenta|Dauntless Shield|boost
|-boost|p1a: Zamazenta|def|1
|turn|1
|
|t:|1779894599
|move|p1a: Zamazenta|Light Screen|p1a: Zamazenta
|-sidestart|p1: justicerestore|move: Light Screen
|move|p2a: Pecharunt|Nasty Plot|p2a: Pecharunt
|-boost|p2a: Pecharunt|spa|2
|
|upkeep
|turn|2
|
|t:|1779894611
|switch|p1a: Gliscor|Gliscor, M|100/100
|move|p2a: Pecharunt|Shadow Ball|p1a: Gliscor
|-damage|p1a: Gliscor|66/100
|
|-status|p1a: Gliscor|tox|[from] item: Toxic Orb
|upkeep
|turn|3
|
|t:|1779894624
|move|p2a: Pecharunt|Shadow Ball|p1a: Gliscor
|-damage|p1a: Gliscor|31/100 tox
|move|p1a: Gliscor|Agility|p1a: Gliscor
|-boost|p1a: Gliscor|spe|2
|
|-heal|p1a: Gliscor|43/100 tox|[from] ability: Poison Heal
|upkeep
|turn|4
|
|t:|1779894634
|-terastallize|p1a: Gliscor|Normal
|move|p1a: Gliscor|Swords Dance|p1a: Gliscor
|-boost|p1a: Gliscor|atk|2
|move|p2a: Pecharunt|Nasty Plot|p2a: Pecharunt
|-boost|p2a: Pecharunt|spa|2
|
|-heal|p1a: Gliscor|56/100 tox|[from] ability: Poison Heal
|upkeep
|turn|5
|
|t:|1779894650
|-terastallize|p2a: Pecharunt|Fighting
|move|p1a: Gliscor|Earthquake|p2a: Pecharunt
|-damage|p2a: Pecharunt|45/100
|move|p2a: Pecharunt|Malignant Chain|p1a: Gliscor
|-damage|p1a: Gliscor|0 fnt
|faint|p1a: Gliscor
|
|upkeep
|j| samurajen
|
|t:|1779894662
|switch|p1a: Iron Moth|Iron Moth|100/100
|-enditem|p1a: Iron Moth|Booster Energy
|-activate|p1a: Iron Moth|ability: Quark Drive|[fromitem]
|-start|p1a: Iron Moth|quarkdrivespe
|turn|6
|
|t:|1779894679
|move|p1a: Iron Moth|Sludge Wave|p2a: Pecharunt
|-damage|p2a: Pecharunt|0 fnt
|faint|p2a: Pecharunt
|
|upkeep
|
|t:|1779894682
|switch|p2a: Ting-Lu|Ting-Lu|100/100
|-ability|p2a: Ting-Lu|Vessel of Ruin
|turn|7
|
|t:|1779894686
|-end|p1a: Iron Moth|Quark Drive|[silent]
|switch|p1a: Hatterene|Hatterene, F|100/100
|move|p2a: Ting-Lu|Ruination|p1a: Hatterene
|-damage|p1a: Hatterene|51/100
|
|-heal|p1a: Hatterene|57/100|[from] item: Leftovers
|upkeep
|turn|8
|
|t:|1779894693
|switch|p2a: Gholdengo|Gholdengo|100/100
|move|p1a: Hatterene|Calm Mind|p1a: Hatterene
|-boost|p1a: Hatterene|spa|1
|-boost|p1a: Hatterene|spd|1
|
|-heal|p1a: Hatterene|63/100|[from] item: Leftovers
|-sideend|p1: justicerestore|move: Light Screen
|upkeep
|turn|9
|
|t:|1779894699
|switch|p1a: Raging Bolt|Raging Bolt|100/100
|-enditem|p1a: Raging Bolt|Booster Energy
|-activate|p1a: Raging Bolt|ability: Protosynthesis|[fromitem]
|-start|p1a: Raging Bolt|protosynthesisspa
|move|p2a: Gholdengo|Shadow Ball|p1a: Raging Bolt
|-damage|p1a: Raging Bolt|60/100
|
|upkeep
|turn|10
|inactive|Battle timer is ON: inactive players will automatically lose when time's up. (requested by justicerestore)
|
|t:|1779894712
|switch|p2a: Ting-Lu|Ting-Lu|100/100
|-ability|p2a: Ting-Lu|Vessel of Ruin
|move|p1a: Raging Bolt|Dragon Pulse|p2a: Ting-Lu
|-damage|p2a: Ting-Lu|73/100
|-enditem|p2a: Ting-Lu|Red Card|[of] p1a: Raging Bolt
|-end|p1a: Raging Bolt|Protosynthesis|[silent]
|drag|p1a: Zamazenta|Zamazenta|100/100
|
|upkeep
|turn|11
|
|t:|1779894733
|switch|p1a: Hatterene|Hatterene, F|63/100
|move|p2a: Ting-Lu|Stealth Rock|p1a: Hatterene
|move|p1a: Hatterene|Stealth Rock|p2a: Ting-Lu|[from] ability: Magic Bounce
|-sidestart|p2: DeepestButton|move: Stealth Rock
|
|-heal|p1a: Hatterene|69/100|[from] item: Leftovers
|upkeep
|turn|12
|
|t:|1779894751
|switch|p2a: Gholdengo|Gholdengo|100/100
|-damage|p2a: Gholdengo|94/100|[from] Stealth Rock
|move|p1a: Hatterene|Mystical Fire|p2a: Gholdengo
|-supereffective|p2a: Gholdengo
|-damage|p2a: Gholdengo|38/100
|-unboost|p2a: Gholdengo|spa|1
|
|-heal|p1a: Hatterene|75/100|[from] item: Leftovers
|upkeep
|turn|13
|
|t:|1779894763
|switch|p1a: Raging Bolt|Raging Bolt|60/100
|move|p2a: Gholdengo|Make It Rain|p1a: Raging Bolt
|-resisted|p1a: Raging Bolt
|-damage|p1a: Raging Bolt|39/100
|-unboost|p2a: Gholdengo|spa|1
|
|upkeep
|turn|14
|
|t:|1779894773
|switch|p2a: Ting-Lu|Ting-Lu|73/100
|-damage|p2a: Ting-Lu|67/100|[from] Stealth Rock
|-ability|p2a: Ting-Lu|Vessel of Ruin
|move|p1a: Raging Bolt|Dragon Pulse|p2a: Ting-Lu
|-damage|p2a: Ting-Lu|43/100
|
|upkeep
|turn|15
|
|t:|1779894786
|-end|p1a: Raging Bolt|Protosynthesis|[silent]
|switch|p1a: Hatterene|Hatterene, F|75/100
|move|p2a: Ting-Lu|Earthquake|p1a: Hatterene
|-damage|p1a: Hatterene|41/100
|
|-heal|p1a: Hatterene|47/100|[from] item: Leftovers
|upkeep
|turn|16
|
|t:|1779894794
|move|p1a: Hatterene|Draining Kiss|p2a: Ting-Lu
|-supereffective|p2a: Ting-Lu
|-damage|p2a: Ting-Lu|23/100
|-heal|p1a: Hatterene|71/100|[from] drain|[of] p2a: Ting-Lu
|move|p2a: Ting-Lu|Earthquake|p1a: Hatterene
|-damage|p1a: Hatterene|40/100
|
|-heal|p1a: Hatterene|46/100|[from] item: Leftovers
|upkeep
|turn|17
|
|t:|1779894803
|move|p1a: Hatterene|Draining Kiss|p2a: Ting-Lu
|-supereffective|p2a: Ting-Lu
|-damage|p2a: Ting-Lu|2/100
|-heal|p1a: Hatterene|71/100|[from] drain|[of] p2a: Ting-Lu
|move|p2a: Ting-Lu|Ruination|p1a: Hatterene
|-damage|p1a: Hatterene|36/100
|
|-heal|p1a: Hatterene|42/100|[from] item: Leftovers
|upkeep
|turn|18
|
|t:|1779894813
|move|p1a: Hatterene|Mystical Fire|p2a: Ting-Lu
|-damage|p2a: Ting-Lu|0 fnt
|faint|p2a: Ting-Lu
|
|-heal|p1a: Hatterene|48/100|[from] item: Leftovers
|upkeep
|
|t:|1779894815
|switch|p2a: Gholdengo|Gholdengo|38/100
|-damage|p2a: Gholdengo|32/100|[from] Stealth Rock
|turn|19
|
|t:|1779894819
|switch|p1a: Raging Bolt|Raging Bolt|39/100
|move|p2a: Gholdengo|Shadow Ball|p1a: Raging Bolt
|-damage|p1a: Raging Bolt|0 fnt
|faint|p1a: Raging Bolt
|-end|p1a: Raging Bolt|Protosynthesis|[silent]
|
|upkeep
|
|t:|1779894831
|switch|p1a: Iron Moth|Iron Moth|100/100
|turn|20
|
|t:|1779894838
|move|p2a: Gholdengo|Shadow Ball|p1a: Iron Moth
|-damage|p1a: Iron Moth|62/100
|move|p1a: Iron Moth|Fiery Dance|p2a: Gholdengo
|-supereffective|p2a: Gholdengo
|-damage|p2a: Gholdengo|0 fnt
|faint|p2a: Gholdengo
|
|upkeep
|
|t:|1779894843
|switch|p2a: Darkrai|Darkrai|100/100
|turn|21
|
|t:|1779894853
|move|p2a: Darkrai|Dark Pulse|p1a: Iron Moth
|-damage|p1a: Iron Moth|20/100
|move|p1a: Iron Moth|Sludge Wave|p2a: Darkrai
|-damage|p2a: Darkrai|35/100
|
|upkeep
|turn|22
|
|t:|1779894862
|-end|p1a: Iron Moth|Quark Drive|[silent]
|switch|p1a: Zamazenta|Zamazenta|100/100
|move|p2a: Darkrai|Knock Off|p1a: Zamazenta
|-resisted|p1a: Zamazenta
|-damage|p1a: Zamazenta|90/100
|-enditem|p1a: Zamazenta|Light Clay|[from] move: Knock Off|[of] p2a: Darkrai
|
|upkeep
|turn|23
|
|t:|1779894879
|move|p1a: Zamazenta|Light Screen|p1a: Zamazenta
|-sidestart|p1: justicerestore|move: Light Screen
|move|p2a: Darkrai|Thunder Wave|p1a: Zamazenta
|-status|p1a: Zamazenta|par
|
|upkeep
|turn|24
|
|t:|1779894898
|switch|p2a: Clefable|Clefable, F|100/100
|switch|p1a: Hatterene|Hatterene, F|48/100
|
|-heal|p1a: Hatterene|54/100|[from] item: Leftovers
|upkeep
|turn|25
|
|t:|1779894908
|move|p2a: Clefable|Calm Mind|p2a: Clefable
|-boost|p2a: Clefable|spa|1
|-boost|p2a: Clefable|spd|1
|move|p1a: Hatterene|Calm Mind|p1a: Hatterene
|-boost|p1a: Hatterene|spa|1
|-boost|p1a: Hatterene|spd|1
|
|-heal|p1a: Hatterene|60/100|[from] item: Leftovers
|upkeep
|turn|26
|
|t:|1779894915
|move|p2a: Clefable|Calm Mind|p2a: Clefable
|-boost|p2a: Clefable|spa|1
|-boost|p2a: Clefable|spd|1
|move|p1a: Hatterene|Calm Mind|p1a: Hatterene
|-boost|p1a: Hatterene|spa|1
|-boost|p1a: Hatterene|spd|1
|
|-heal|p1a: Hatterene|66/100|[from] item: Leftovers
|upkeep
|turn|27
|
|t:|1779894920
|move|p2a: Clefable|Calm Mind|p2a: Clefable
|-boost|p2a: Clefable|spa|1
|-boost|p2a: Clefable|spd|1
|move|p1a: Hatterene|Calm Mind|p1a: Hatterene
|-boost|p1a: Hatterene|spa|1
|-boost|p1a: Hatterene|spd|1
|
|-heal|p1a: Hatterene|72/100|[from] item: Leftovers
|-sideend|p1: justicerestore|move: Light Screen
|upkeep
|turn|28
|
|t:|1779894924
|move|p2a: Clefable|Moonblast|p1a: Hatterene
|-damage|p1a: Hatterene|32/100
|move|p1a: Hatterene|Calm Mind|p1a: Hatterene
|-boost|p1a: Hatterene|spa|1
|-boost|p1a: Hatterene|spd|1
|
|-heal|p1a: Hatterene|38/100|[from] item: Leftovers
|upkeep
|turn|29
|
|t:|1779894928
|move|p2a: Clefable|Moonblast|p1a: Hatterene
|-damage|p1a: Hatterene|5/100
|-unboost|p1a: Hatterene|spa|1
|move|p1a: Hatterene|Stored Power|p2a: Clefable
|-damage|p2a: Clefable|30/100
|
|-heal|p1a: Hatterene|11/100|[from] item: Leftovers
|upkeep
|turn|30
|
|t:|1779894939
|move|p2a: Clefable|Moonblast|p1a: Hatterene
|-damage|p1a: Hatterene|0 fnt
|faint|p1a: Hatterene
|
|upkeep
|
|t:|1779894943
|switch|p1a: Ogerpon|Ogerpon-Wellspring, F|100/100
|turn|31
|
|t:|1779894953
|move|p1a: Ogerpon|Ivy Cudgel|p2a: Clefable|[anim] Ivy Cudgel Water
|-damage|p2a: Clefable|0 fnt
|faint|p2a: Clefable
|
|upkeep
|
|t:|1779894961
|switch|p2a: Dragonite|Dragonite, F|100/100
|turn|32
|
|t:|1779894974
|switch|p1a: Zamazenta|Zamazenta|90/100 par
|move|p2a: Dragonite|Air Slash|p1a: Zamazenta
|-supereffective|p1a: Zamazenta
|-damage|p1a: Zamazenta|52/100 par
|
|upkeep
|turn|33
|
|t:|1779894983
|move|p1a: Zamazenta|Light Screen|p1a: Zamazenta
|-sidestart|p1: justicerestore|move: Light Screen
|move|p2a: Dragonite|Air Slash|p1a: Zamazenta
|-supereffective|p1a: Zamazenta
|-damage|p1a: Zamazenta|33/100 par
|
|upkeep
|turn|34
|
|t:|1779894991
|move|p1a: Zamazenta|Ice Fang|p2a: Dragonite
|-supereffective|p2a: Dragonite
|-damage|p2a: Dragonite|68/100
|move|p2a: Dragonite|Air Slash|p1a: Zamazenta
|-supereffective|p1a: Zamazenta
|-damage|p1a: Zamazenta|15/100 par
|
|upkeep
|turn|35
|
|t:|1779894996
|move|p1a: Zamazenta|Ice Fang|p2a: Dragonite
|-supereffective|p2a: Dragonite
|-damage|p2a: Dragonite|4/100
|-status|p2a: Dragonite|frz
|cant|p2a: Dragonite|frz
|
|upkeep
|turn|36
|
|t:|1779895008
|switch|p1a: Ogerpon|Ogerpon-Wellspring, F|100/100
|cant|p2a: Dragonite|frz
|
|upkeep
|turn|37
|
|t:|1779895011
|cant|p2a: Dragonite|frz
|move|p1a: Ogerpon|Trailblaze|p2a: Dragonite
|-resisted|p2a: Dragonite
|-damage|p2a: Dragonite|0 fnt
|-boost|p1a: Ogerpon|spe|1
|faint|p2a: Dragonite
|
|-sideend|p1: justicerestore|move: Light Screen
|upkeep
|
|t:|1779895014
|switch|p2a: Darkrai|Darkrai|35/100
|turn|38
|
|t:|1779895017
|move|p1a: Ogerpon|Ivy Cudgel|p2a: Darkrai|[anim] Ivy Cudgel Water
|-damage|p2a: Darkrai|0 fnt
|faint|p2a: Darkrai
|
|win|justicerestore
|raw|justicerestore's rating: 1535 &rarr; <strong>1556</strong><br />(+21 for winning)
|raw|DeepestButton's rating: 1546 &rarr; <strong>1525</strong><br />(-21 for losing)
|l|☆DeepestButton
|player|p2|
