|j|☆321Godspeed
|j|☆claudechamp
|t:|1779836874
|gametype|singles
|player|p1|321Godspeed|2|1366
|player|p2|claudechamp|265|1300
|gen|9
|tier|[Gen 9] OU
|rated|
|rule|HP Percentage Mod: HP is shown in percentages
|rule|Endless Battle Clause: Forcing endless battles is banned
|rule|Species Clause: Limit one of each Pokémon
|rule|OHKO Clause: OHKO moves are banned
|rule|Evasion Items Clause: Evasion items are banned
|rule|Evasion Moves Clause: Evasion moves are banned
|rule|Evasion Abilities Clause: Evasion abilities are banned
|rule|Sleep Moves Clause: Sleep-inducing moves are banned
|clearpoke
|poke|p1|Samurott-Hisui, M|
|poke|p1|Darkrai|
|poke|p1|Great Tusk|
|poke|p1|Moltres|
|poke|p1|Dragapult, M|
|poke|p1|Iron Valiant|
|poke|p2|Gliscor, F|
|poke|p2|Ogerpon, F|
|poke|p2|Walking Wake|
|poke|p2|Blissey, F|
|poke|p2|Corviknight, M|
|poke|p2|Pecharunt|
|teampreview
|c|☆claudechamp|hf
|inactive|Battle timer is ON: inactive players will automatically lose when time's up. (requested by claudechamp)
|
|t:|1779836879
|teamsize|p1|6
|teamsize|p2|6
|start
|switch|p1a: Samurott|Samurott-Hisui, M|100/100
|switch|p2a: Gliscor|Gliscor, F|100/100
|turn|1
|
|t:|1779836886
|move|p1a: Samurott|Ceaseless Edge|p2a: Gliscor
|-damage|p2a: Gliscor|63/100
|-sidestart|p2: claudechamp|Spikes
|move|p2a: Gliscor|Spikes|p1a: Samurott
|-sidestart|p1: 321Godspeed|Spikes
|
|-status|p2a: Gliscor|tox|[from] item: Toxic Orb
|upkeep
|turn|2
|
|t:|1779836892
|move|p2a: Gliscor|Protect|p2a: Gliscor
|-singleturn|p2a: Gliscor|Protect
|move|p1a: Samurott|Ceaseless Edge|p2a: Gliscor
|-activate|p2a: Gliscor|move: Protect
|
|-heal|p2a: Gliscor|75/100 tox|[from] ability: Poison Heal
|upkeep
|turn|3
|
|t:|1779836896
|switch|p2a: Ogerpon|Ogerpon, F|100/100
|move|p1a: Samurott|Ceaseless Edge|p2a: Ogerpon
|-damage|p2a: Ogerpon|41/100
|-sidestart|p2: claudechamp|Spikes
|
|upkeep
|turn|4
|
|t:|1779836900
|move|p1a: Samurott|Ceaseless Edge|p2a: Ogerpon
|-damage|p2a: Ogerpon|0 fnt
|-sidestart|p2: claudechamp|Spikes
|faint|p2a: Ogerpon
|
|upkeep
|
|t:|1779836902
|switch|p2a: Pecharunt|Pecharunt|100/100
|turn|5
|
|t:|1779836908
|move|p1a: Samurott|Ceaseless Edge|p2a: Pecharunt
|-supereffective|p2a: Pecharunt
|-damage|p2a: Pecharunt|58/100
|move|p2a: Pecharunt|Malignant Chain|p1a: Samurott
|-damage|p1a: Samurott|57/100
|
|upkeep
|turn|6
|
|t:|1779836913
|-terastallize|p2a: Pecharunt|Dark
|move|p1a: Samurott|Ceaseless Edge|p2a: Pecharunt
|-resisted|p2a: Pecharunt
|-damage|p2a: Pecharunt|45/100
|move|p2a: Pecharunt|Malignant Chain|p1a: Samurott
|-damage|p1a: Samurott|13/100
|-status|p1a: Samurott|tox
|-start|p1a: Samurott|confusion|[from] ability: Poison Puppeteer|[of] p2a: Pecharunt
|
|-damage|p1a: Samurott|7/100 tox|[from] psn
|upkeep
|turn|7
|
|t:|1779836916
|-activate|p1a: Samurott|confusion
|move|p1a: Samurott|Ceaseless Edge|p2a: Pecharunt|[miss]
|-miss|p1a: Samurott|p2a: Pecharunt
|move|p2a: Pecharunt|Recover|p2a: Pecharunt
|-heal|p2a: Pecharunt|95/100
|
|-damage|p1a: Samurott|0 fnt|[from] psn
|faint|p1a: Samurott
|upkeep
|
|t:|1779836934
|switch|p1a: Ban this mf|Darkrai|100/100
|-damage|p1a: Ban this mf|88/100|[from] Spikes
|turn|8
|
|t:|1779836937
|-terastallize|p1a: Ban this mf|Poison
|move|p1a: Ban this mf|Nasty Plot|p1a: Ban this mf
|-boost|p1a: Ban this mf|spa|2
|move|p2a: Pecharunt|Malignant Chain|p1a: Ban this mf
|-resisted|p1a: Ban this mf
|-damage|p1a: Ban this mf|69/100
|
|upkeep
|turn|9
|
|t:|1779836945
|switch|p2a: Gliscor|Gliscor, F|75/100 tox
|move|p1a: Ban this mf|Nasty Plot|p1a: Ban this mf
|-boost|p1a: Ban this mf|spa|2
|
|-heal|p2a: Gliscor|88/100 tox|[from] ability: Poison Heal
|upkeep
|turn|10
|
|t:|1779836948
|move|p1a: Ban this mf|Dark Pulse|p2a: Gliscor
|-damage|p2a: Gliscor|0 fnt
|faint|p2a: Gliscor
|
|upkeep
|
|t:|1779836950
|switch|p2a: Blissey|Blissey, F|100/100
|turn|11
|
|t:|1779836955
|move|p1a: Ban this mf|Dark Pulse|p2a: Blissey
|-damage|p2a: Blissey|54/100
|move|p2a: Blissey|Seismic Toss|p1a: Ban this mf
|-damage|p1a: Ban this mf|34/100
|
|upkeep
|turn|12
|
|t:|1779836964
|move|p1a: Ban this mf|Dark Pulse|p2a: Blissey
|-damage|p2a: Blissey|4/100
|move|p2a: Blissey|Seismic Toss|p1a: Ban this mf
|-damage|p1a: Ban this mf|0 fnt
|faint|p1a: Ban this mf
|
|upkeep
|
|t:|1779836977
|switch|p1a: Great Tusk|Great Tusk|100/100
|-damage|p1a: Great Tusk|88/100|[from] Spikes
|-enditem|p1a: Great Tusk|Booster Energy
|-activate|p1a: Great Tusk|ability: Protosynthesis|[fromitem]
|-start|p1a: Great Tusk|protosynthesisatk
|turn|13
|
|t:|1779836982
|switch|p2a: Walking Wake|Walking Wake|100/100
|move|p1a: Great Tusk|Rapid Spin|p2a: Walking Wake
|-damage|p2a: Walking Wake|73/100
|-boost|p1a: Great Tusk|spe|1
|-sideend|p1: 321Godspeed|Spikes|[from] move: Rapid Spin|[of] p1a: Great Tusk
|
|upkeep
|turn|14
|
|t:|1779836997
|move|p1a: Great Tusk|Close Combat|p2a: Walking Wake
|-damage|p2a: Walking Wake|0 fnt
|-unboost|p1a: Great Tusk|def|1
|-unboost|p1a: Great Tusk|spd|1
|faint|p2a: Walking Wake
|-end|p2a: Walking Wake|Protosynthesis|[silent]
|
|upkeep
|
|t:|1779837000
|switch|p2a: Corviknight|Corviknight, M|100/100
|-ability|p2a: Corviknight|Pressure
|turn|15
|
|t:|1779837007
|move|p1a: Great Tusk|Close Combat|p2a: Corviknight
|-damage|p2a: Corviknight|40/100
|-unboost|p1a: Great Tusk|def|1
|-unboost|p1a: Great Tusk|spd|1
|move|p2a: Corviknight|Body Press|p1a: Great Tusk
|-damage|p1a: Great Tusk|50/100
|
|upkeep
|turn|16
|
|t:|1779837013
|move|p1a: Great Tusk|Close Combat|p2a: Corviknight
|-damage|p2a: Corviknight|0 fnt
|-unboost|p1a: Great Tusk|def|1
|-unboost|p1a: Great Tusk|spd|1
|faint|p2a: Corviknight
|
|upkeep
|
|t:|1779837020
|switch|p2a: Pecharunt|Pecharunt, tera:Dark|95/100
|turn|17
|
|t:|1779837026
|move|p1a: Great Tusk|Close Combat|p2a: Pecharunt
|-supereffective|p2a: Pecharunt
|-damage|p2a: Pecharunt|9/100
|-unboost|p1a: Great Tusk|def|1
|-unboost|p1a: Great Tusk|spd|1
|move|p2a: Pecharunt|Malignant Chain|p1a: Great Tusk
|-resisted|p1a: Great Tusk
|-damage|p1a: Great Tusk|0 fnt
|faint|p1a: Great Tusk
|-end|p1a: Great Tusk|Protosynthesis|[silent]
|
|upkeep
|
|t:|1779837030
|switch|p1a: Dragapult|Dragapult, M|100/100
|turn|18
|
|t:|1779837036
|move|p1a: Dragapult|Draco Meteor|p2a: Pecharunt
|-damage|p2a: Pecharunt|0 fnt
|-unboost|p1a: Dragapult|spa|2
|faint|p2a: Pecharunt
|
|upkeep
|
|t:|1779837045
|switch|p2a: Blissey|Blissey, F|4/100
|turn|19
|
|t:|1779837055
|move|p1a: Dragapult|Draco Meteor|p2a: Blissey
|-damage|p2a: Blissey|0 fnt
|-unboost|p1a: Dragapult|spa|2
|faint|p2a: Blissey
|
|win|321Godspeed
|raw|321Godspeed's rating: 1366 &rarr; <strong>1382</strong><br />(+16 for winning)
|raw|claudechamp's rating: 1300 &rarr; <strong>1280</strong><br />(-20 for losing)
|c|☆claudechamp|gg
|l|☆321Godspeed
|player|p1|
