|j|☆pirineo
|j|☆miguelissussybaka
|t:|1779868805
|gametype|singles
|player|p1|pirineo|266|1324
|player|p2|miguelissussybaka|266|1360
|gen|9
|tier|[Gen 9] OU
|rated|
|rule|HP Percentage Mod: HP is shown in percentages
|rule|Endless Battle Clause: Forcing endless battles is banned
|rule|Species Clause: Limit one of each Pokémon
|rule|OHKO Clause: OHKO moves are banned
|rule|Evasion Items Clause: Evasion items are banned
|rule|Evasion Moves Clause: Evasion moves are banned
|rule|Evasion Abilities Clause: Evasion abilities are banned
|rule|Sleep Moves Clause: Sleep-inducing moves are banned
|clearpoke
|poke|p1|Ogerpon, F|
|poke|p1|Conkeldurr, M|
|poke|p1|Tyranitar, F|
|poke|p1|Mandibuzz, F|
|poke|p1|Enamorus, F|
|poke|p1|Sinistcha|
|poke|p2|Metagross|
|poke|p2|Ogerpon-Wellspring, F|
|poke|p2|Rillaboom, F|
|poke|p2|Mamoswine, M|
|poke|p2|Moltres|
|poke|p2|Infernape, F|
|teampreview
|inactive|Battle timer is ON: inactive players will automatically lose when time's up. (requested by pirineo)
|
|t:|1779868819
|teamsize|p1|6
|teamsize|p2|6
|start
|switch|p1a: Enamorus|Enamorus, F|100/100
|switch|p2a: Ogerpon|Ogerpon-Wellspring, F|100/100
|turn|1
|
|t:|1779868822
|switch|p1a: Mandibuzz|Mandibuzz, F|100/100
|move|p2a: Ogerpon|Ivy Cudgel|p1a: Mandibuzz|[anim] Ivy Cudgel Water
|-damage|p1a: Mandibuzz|65/100
|
|upkeep
|turn|2
|inactive|miguelissussybaka has 120 seconds left.
|
|t:|1779868854
|move|p2a: Ogerpon|Knock Off|p1a: Mandibuzz
|-resisted|p1a: Mandibuzz
|-damage|p1a: Mandibuzz|54/100
|-damage|p2a: Ogerpon|84/100|[from] item: Rocky Helmet|[of] p1a: Mandibuzz
|-enditem|p1a: Mandibuzz|Rocky Helmet|[from] move: Knock Off|[of] p2a: Ogerpon
|move|p1a: Mandibuzz|U-turn|p2a: Ogerpon
|-supereffective|p2a: Ogerpon
|-damage|p2a: Ogerpon|56/100
|
|t:|1779868858
|switch|p1a: Enamorus|Enamorus, F|100/100|[from] U-turn
|
|upkeep
|turn|3
|
|t:|1779868868
|switch|p2a: Moltres|Moltres|100/100
|move|p1a: Enamorus|Moonblast|p2a: Moltres
|-resisted|p2a: Moltres
|-damage|p2a: Moltres|70/100
|-unboost|p2a: Moltres|spa|1
|
|upkeep
|turn|4
|
|t:|1779868879
|switch|p1a: Tyranitar|Tyranitar, F|100/100
|-weather|Sandstorm|[from] ability: Sand Stream|[of] p1a: Tyranitar
|move|p2a: Moltres|Flamethrower|p1a: Tyranitar
|-resisted|p1a: Tyranitar
|-damage|p1a: Tyranitar|97/100
|
|-weather|Sandstorm|[upkeep]
|-damage|p2a: Moltres|64/100|[from] Sandstorm
|upkeep
|turn|5
|
|t:|1779868900
|switch|p2a: Metagross|Metagross|100/100
|move|p1a: Tyranitar|Stone Edge|p2a: Metagross
|-resisted|p2a: Metagross
|-damage|p2a: Metagross|83/100
|
|-weather|Sandstorm|[upkeep]
|-heal|p2a: Metagross|90/100|[from] item: Leftovers
|upkeep
|turn|6
|inactive|miguelissussybaka has 120 seconds left.
|
|t:|1779868929
|switch|p2a: Moltres|Moltres|64/100
|switch|p1a: Mandibuzz|Mandibuzz, F|54/100
|
|-weather|Sandstorm|[upkeep]
|-damage|p2a: Moltres|58/100|[from] Sandstorm
|upkeep
|turn|7
|
|t:|1779868945
|move|p2a: Moltres|Roost|p2a: Moltres
|-heal|p2a: Moltres|100/100
|-singleturn|p2a: Moltres|move: Roost
|move|p1a: Mandibuzz|Roost|p1a: Mandibuzz
|-heal|p1a: Mandibuzz|100/100
|-singleturn|p1a: Mandibuzz|move: Roost
|
|-weather|Sandstorm|[upkeep]
|-damage|p2a: Moltres|94/100|[from] Sandstorm
|upkeep
|turn|8
|
|t:|1779868949
|move|p2a: Moltres|U-turn|p1a: Mandibuzz
|-damage|p1a: Mandibuzz|93/100
|
|t:|1779868952
|switch|p2a: Metagross|Metagross|90/100|[from] U-turn
|move|p1a: Mandibuzz|U-turn|p2a: Metagross
|-damage|p2a: Metagross|81/100
|
|t:|1779868957
|switch|p1a: Conkeldurr|Conkeldurr, M|100/100|[from] U-turn
|
|-weather|none
|-heal|p2a: Metagross|87/100|[from] item: Leftovers
|-status|p1a: Conkeldurr|brn|[from] item: Flame Orb
|upkeep
|turn|9
|inactive|miguelissussybaka has 120 seconds left.
|
|t:|1779868973
|switch|p1a: Mandibuzz|Mandibuzz, F|93/100
|-terastallize|p2a: Metagross|Dark
|move|p2a: Metagross|Stealth Rock|p1a: Mandibuzz
|-sidestart|p1: pirineo|move: Stealth Rock
|
|-heal|p2a: Metagross|93/100|[from] item: Leftovers
|upkeep
|turn|10
|inactive|miguelissussybaka has 120 seconds left.
|
|t:|1779868985
|move|p2a: Metagross|Heavy Slam|p1a: Mandibuzz
|-damage|p1a: Mandibuzz|53/100
|move|p1a: Mandibuzz|Defog|p2a: Metagross
|-fail|p2a: Metagross|unboost|[from] ability: Clear Body|[of] p2a: Metagross
|-sideend|p1: pirineo|Stealth Rock|[from] move: Defog|[of] p1a: Mandibuzz
|
|-heal|p2a: Metagross|99/100|[from] item: Leftovers
|upkeep
|turn|11
|
|t:|1779868990
|move|p2a: Metagross|Stealth Rock|p1a: Mandibuzz
|-sidestart|p1: pirineo|move: Stealth Rock
|move|p1a: Mandibuzz|Roost|p1a: Mandibuzz
|-heal|p1a: Mandibuzz|100/100
|-singleturn|p1a: Mandibuzz|move: Roost
|
|-heal|p2a: Metagross|100/100|[from] item: Leftovers
|upkeep
|turn|12
|
|t:|1779868994
|move|p2a: Metagross|Heavy Slam|p1a: Mandibuzz
|-crit|p1a: Mandibuzz
|-damage|p1a: Mandibuzz|40/100
|move|p1a: Mandibuzz|Defog|p2a: Metagross
|-fail|p2a: Metagross|unboost|[from] ability: Clear Body|[of] p2a: Metagross
|-sideend|p1: pirineo|Stealth Rock|[from] move: Defog|[of] p1a: Mandibuzz
|
|upkeep
|turn|13
|
|t:|1779869003
|move|p2a: Metagross|Heavy Slam|p1a: Mandibuzz
|-damage|p1a: Mandibuzz|5/100
|move|p1a: Mandibuzz|Roost|p1a: Mandibuzz
|-heal|p1a: Mandibuzz|55/100
|-singleturn|p1a: Mandibuzz|move: Roost
|
|upkeep
|turn|14
|
|t:|1779869011
|move|p2a: Metagross|Stealth Rock|p1a: Mandibuzz
|-sidestart|p1: pirineo|move: Stealth Rock
|move|p1a: Mandibuzz|Roost|p1a: Mandibuzz
|-heal|p1a: Mandibuzz|100/100
|-singleturn|p1a: Mandibuzz|move: Roost
|
|upkeep
|turn|15
|
|t:|1779869015
|move|p2a: Metagross|Heavy Slam|p1a: Mandibuzz
|-damage|p1a: Mandibuzz|65/100
|move|p1a: Mandibuzz|Defog|p2a: Metagross
|-fail|p2a: Metagross|unboost|[from] ability: Clear Body|[of] p2a: Metagross
|-sideend|p1: pirineo|Stealth Rock|[from] move: Defog|[of] p1a: Mandibuzz
|
|upkeep
|turn|16
|
|t:|1779869022
|switch|p1a: Conkeldurr|Conkeldurr, M|100/100 brn
|move|p2a: Metagross|Stealth Rock|p1a: Conkeldurr
|-sidestart|p1: pirineo|move: Stealth Rock
|
|-damage|p1a: Conkeldurr|94/100 brn|[from] brn
|upkeep
|turn|17
|
|t:|1779869031
|switch|p2a: Moltres|Moltres|94/100
|move|p1a: Conkeldurr|Drain Punch|p2a: Moltres
|-resisted|p2a: Moltres
|-damage|p2a: Moltres|69/100
|-heal|p1a: Conkeldurr|100/100 brn|[from] drain|[of] p2a: Moltres
|
|-damage|p1a: Conkeldurr|94/100 brn|[from] brn
|upkeep
|turn|18
|
|t:|1779869034
|move|p2a: Moltres|Roost|p2a: Moltres
|-heal|p2a: Moltres|100/100
|-singleturn|p2a: Moltres|move: Roost
|move|p1a: Conkeldurr|Facade|p2a: Moltres
|-damage|p2a: Moltres|39/100
|
|-damage|p1a: Conkeldurr|88/100 brn|[from] brn
|upkeep
|turn|19
|inactive|miguelissussybaka has 120 seconds left.
|
|t:|1779869069
|switch|p2a: Rillaboom|Rillaboom, F|100/100
|-fieldstart|move: Grassy Terrain|[from] ability: Grassy Surge|[of] p2a: Rillaboom
|move|p1a: Conkeldurr|Drain Punch|p2a: Rillaboom
|-damage|p2a: Rillaboom|20/100
|-heal|p1a: Conkeldurr|100/100 brn|[from] drain|[of] p2a: Rillaboom
|
|-heal|p2a: Rillaboom|26/100|[from] Grassy Terrain
|-damage|p1a: Conkeldurr|94/100 brn|[from] brn
|upkeep
|turn|20
|
|t:|1779869073
|move|p2a: Rillaboom|Wood Hammer|p1a: Conkeldurr
|-damage|p1a: Conkeldurr|0 fnt
|faint|p1a: Conkeldurr
|-damage|p2a: Rillaboom|0 fnt|[from] Recoil
|faint|p2a: Rillaboom
|
|upkeep
|c|☆pirineo|Lmao
|inactive|miguelissussybaka has 120 seconds left.
|
|t:|1779869095
|switch|p2a: Mamoswine|Mamoswine, M|100/100
|switch|p1a: Ogerpon|Ogerpon, F|100/100
|-damage|p1a: Ogerpon|88/100|[from] Stealth Rock
|turn|21
|inactive|miguelissussybaka has 120 seconds left.
|
|t:|1779869113
|switch|p2a: Moltres|Moltres|39/100
|move|p1a: Ogerpon|Ivy Cudgel|p2a: Moltres
|-resisted|p2a: Moltres
|-damage|p2a: Moltres|29/100
|
|-heal|p1a: Ogerpon|94/100|[from] Grassy Terrain
|upkeep
|turn|22
|
|t:|1779869116
|move|p1a: Ogerpon|Knock Off|p2a: Moltres
|-damage|p2a: Moltres|6/100
|-enditem|p2a: Moltres|Heavy-Duty Boots|[from] move: Knock Off|[of] p1a: Ogerpon
|move|p2a: Moltres|Roost|p2a: Moltres
|-heal|p2a: Moltres|56/100
|-singleturn|p2a: Moltres|move: Roost
|
|-heal|p1a: Ogerpon|99/100|[from] Grassy Terrain
|-heal|p2a: Moltres|62/100|[from] Grassy Terrain
|upkeep
|turn|23
|
|t:|1779869121
|switch|p1a: Tyranitar|Tyranitar, F|97/100
|-damage|p1a: Tyranitar|84/100|[from] Stealth Rock
|-weather|Sandstorm|[from] ability: Sand Stream|[of] p1a: Tyranitar
|move|p2a: Moltres|U-turn|p1a: Tyranitar
|-supereffective|p1a: Tyranitar
|-damage|p1a: Tyranitar|63/100
|l|☆pirineo
|inactive|pirineo disconnected and has a minute to reconnect!
|player|p1|
|inactive|miguelissussybaka has 120 seconds left.
|
|t:|1779869142
|switch|p2a: Mamoswine|Mamoswine, M|100/100|[from] U-turn
|
|-weather|Sandstorm|[upkeep]
|-heal|p1a: Tyranitar|69/100|[from] Grassy Terrain
|-fieldend|move: Grassy Terrain
|upkeep
|turn|24
|inactive|pirineo has 30 seconds to reconnect!
|inactive|pirineo has 20 seconds to reconnect!
|inactive|pirineo has 15 seconds to reconnect!
|inactive|pirineo has 10 seconds to reconnect!
|inactive|pirineo has 5 seconds to reconnect!
|-message|pirineo lost due to inactivity.
|
|win|miguelissussybaka
|raw|pirineo's rating: 1324 &rarr; <strong>1306</strong><br />(-18 for losing)
|raw|miguelissussybaka's rating: 1360 &rarr; <strong>1378</strong><br />(+18 for winning)
|l|☆miguelissussybaka
|player|p2|
