|j|☆pokemaster3592
|j|☆alexathenewt
|t:|1779846188
|gametype|singles
|player|p1|pokemaster3592|volkner|1121
|player|p2|alexathenewt|roxie|1125
|gen|9
|tier|[Gen 9] OU
|rated|
|rule|HP Percentage Mod: HP is shown in percentages
|rule|Endless Battle Clause: Forcing endless battles is banned
|rule|Species Clause: Limit one of each Pokémon
|rule|OHKO Clause: OHKO moves are banned
|rule|Evasion Items Clause: Evasion items are banned
|rule|Evasion Moves Clause: Evasion moves are banned
|rule|Evasion Abilities Clause: Evasion abilities are banned
|rule|Sleep Moves Clause: Sleep-inducing moves are banned
|clearpoke
|poke|p1|Flareon, M|
|poke|p1|Umbreon, M|
|poke|p1|Sylveon, F|
|poke|p1|Vaporeon, F|
|poke|p1|Glaceon, M|
|poke|p1|Jolteon, M|
|poke|p2|Glimmora, F|
|poke|p2|Samurott-Hisui, M|
|poke|p2|Iron Valiant|
|poke|p2|Dragapult, M|
|poke|p2|Iron Moth|
|poke|p2|Rillaboom, M|
|teampreview
|inactive|Battle timer is ON: inactive players will automatically lose when time's up. (requested by alexathenewt)
|
|t:|1779846195
|teamsize|p1|6
|teamsize|p2|6
|start
|switch|p1a: Jolteon|Jolteon, M|100/100
|switch|p2a: Glimmora|Glimmora, F|100/100
|turn|1
|
|t:|1779846202
|move|p1a: Jolteon|Volt Switch|p2a: Glimmora
|-damage|p2a: Glimmora|39/100
|
|t:|1779846220
|switch|p1a: Flareon|Flareon, M|100/100|[from] Volt Switch
|move|p2a: Glimmora|Stealth Rock|p1a: Flareon
|-sidestart|p1: pokemaster3592|move: Stealth Rock
|
|-status|p1a: Flareon|tox|[from] item: Toxic Orb
|upkeep
|turn|2
|
|t:|1779846236
|switch|p1a: Vaporeon|Vaporeon, F|100/100
|-damage|p1a: Vaporeon|88/100|[from] Stealth Rock
|move|p2a: Glimmora|Power Gem|p1a: Vaporeon
|-damage|p1a: Vaporeon|64/100
|
|-heal|p1a: Vaporeon|70/100|[from] item: Leftovers
|upkeep
|turn|3
|
|t:|1779846246
|move|p2a: Glimmora|Mortal Spin|p1a: Vaporeon
|-damage|p1a: Vaporeon|65/100
|-status|p1a: Vaporeon|psn
|move|p1a: Vaporeon|Scald|p2a: Glimmora
|-supereffective|p2a: Glimmora
|-damage|p2a: Glimmora|0 fnt
|faint|p2a: Glimmora
|
|-heal|p1a: Vaporeon|71/100 psn|[from] item: Leftovers
|-damage|p1a: Vaporeon|59/100 psn|[from] psn
|upkeep
|
|t:|1779846259
|switch|p2a: Rillaboom|Rillaboom, M|100/100
|-fieldstart|move: Grassy Terrain|[from] ability: Grassy Surge|[of] p2a: Rillaboom
|turn|4
|
|t:|1779846263
|move|p1a: Vaporeon|Protect|p1a: Vaporeon
|-singleturn|p1a: Vaporeon|Protect
|move|p2a: Rillaboom|Grassy Glide|p1a: Vaporeon
|-activate|p1a: Vaporeon|move: Protect
|
|-heal|p1a: Vaporeon|65/100 psn|[from] Grassy Terrain
|-heal|p1a: Vaporeon|71/100 psn|[from] item: Leftovers
|-damage|p1a: Vaporeon|59/100 psn|[from] psn
|upkeep
|turn|5
|
|t:|1779846274
|switch|p1a: Umbreon|Umbreon, M, shiny|100/100
|-damage|p1a: Umbreon|88/100|[from] Stealth Rock
|move|p2a: Rillaboom|Grassy Glide|p1a: Umbreon
|-crit|p1a: Umbreon
|-damage|p1a: Umbreon|39/100
|-damage|p2a: Rillaboom|91/100|[from] item: Life Orb
|
|-heal|p2a: Rillaboom|97/100|[from] Grassy Terrain
|-heal|p1a: Umbreon|45/100|[from] Grassy Terrain
|-heal|p1a: Umbreon|51/100|[from] item: Leftovers
|upkeep
|turn|6
|
|t:|1779846281
|move|p1a: Umbreon|Protect|p1a: Umbreon
|-singleturn|p1a: Umbreon|Protect
|move|p2a: Rillaboom|U-turn|p1a: Umbreon
|-activate|p1a: Umbreon|move: Protect
|
|-heal|p2a: Rillaboom|100/100|[from] Grassy Terrain
|-heal|p1a: Umbreon|57/100|[from] Grassy Terrain
|-heal|p1a: Umbreon|63/100|[from] item: Leftovers
|upkeep
|turn|7
|
|t:|1779846288
|switch|p1a: Flareon|Flareon, M|100/100 tox
|-damage|p1a: Flareon|75/100 tox|[from] Stealth Rock
|move|p2a: Rillaboom|U-turn|p1a: Flareon
|-resisted|p1a: Flareon
|-damage|p1a: Flareon|48/100 tox
|-damage|p2a: Rillaboom|91/100|[from] item: Life Orb
|
|t:|1779846292
|switch|p2a: Samurott|Samurott-Hisui, M|100/100|[from] U-turn
|
|-heal|p1a: Flareon|54/100 tox|[from] Grassy Terrain
|-damage|p1a: Flareon|48/100 tox|[from] psn
|upkeep
|turn|8
|
|t:|1779846305
|-terastallize|p1a: Flareon|Normal
|move|p2a: Samurott|Ceaseless Edge|p1a: Flareon
|-damage|p1a: Flareon|0 fnt
|-sidestart|p1: pokemaster3592|Spikes
|faint|p1a: Flareon
|
|-fieldend|move: Grassy Terrain
|upkeep
|
|t:|1779846313
|switch|p1a: Jolteon|Jolteon, M|100/100
|-damage|p1a: Jolteon|88/100|[from] Stealth Rock
|-damage|p1a: Jolteon|75/100|[from] Spikes
|turn|9
|
|t:|1779846320
|move|p1a: Jolteon|Thunderbolt|p2a: Samurott
|-supereffective|p2a: Samurott
|-damage|p2a: Samurott|0 fnt
|faint|p2a: Samurott
|
|upkeep
|
|t:|1779846323
|switch|p2a: Rillaboom|Rillaboom, M|91/100
|-fieldstart|move: Grassy Terrain|[from] ability: Grassy Surge|[of] p2a: Rillaboom
|turn|10
|
|t:|1779846331
|switch|p1a: Glaceon|Glaceon, M|100/100
|-damage|p1a: Glaceon|76/100|[from] Stealth Rock
|-damage|p1a: Glaceon|63/100|[from] Spikes
|move|p2a: Rillaboom|High Horsepower|p1a: Glaceon
|-damage|p1a: Glaceon|25/100
|-damage|p2a: Rillaboom|81/100|[from] item: Life Orb
|
|-heal|p2a: Rillaboom|87/100|[from] Grassy Terrain
|-heal|p1a: Glaceon|31/100|[from] Grassy Terrain
|upkeep
|turn|11
|
|t:|1779846340
|move|p2a: Rillaboom|High Horsepower|p1a: Glaceon|[miss]
|-miss|p2a: Rillaboom|p1a: Glaceon
|move|p1a: Glaceon|Freeze-Dry|p2a: Rillaboom
|-supereffective|p2a: Rillaboom
|-damage|p2a: Rillaboom|0 fnt
|faint|p2a: Rillaboom
|
|-heal|p1a: Glaceon|37/100|[from] Grassy Terrain
|upkeep
|
|t:|1779846344
|switch|p2a: Iron Moth|Iron Moth|100/100
|turn|12
|
|t:|1779846367
|switch|p1a: Vaporeon|Vaporeon, F|59/100 psn
|-damage|p1a: Vaporeon|46/100 psn|[from] Stealth Rock
|-damage|p1a: Vaporeon|34/100 psn|[from] Spikes
|move|p2a: Iron Moth|Fiery Dance|p1a: Vaporeon
|-resisted|p1a: Vaporeon
|-damage|p1a: Vaporeon|18/100 psn
|
|-heal|p1a: Vaporeon|25/100 psn|[from] Grassy Terrain
|-heal|p1a: Vaporeon|31/100 psn|[from] item: Leftovers
|-damage|p1a: Vaporeon|18/100 psn|[from] psn
|upkeep
|turn|13
|
|t:|1779846376
|move|p2a: Iron Moth|Energy Ball|p1a: Vaporeon
|-supereffective|p1a: Vaporeon
|-damage|p1a: Vaporeon|0 fnt
|faint|p1a: Vaporeon
|
|upkeep
|
|t:|1779846386
|switch|p1a: Sylveon|Sylveon, F, shiny|100/100
|-damage|p1a: Sylveon|88/100|[from] Stealth Rock
|-damage|p1a: Sylveon|76/100|[from] Spikes
|turn|14
|
|t:|1779846392
|move|p2a: Iron Moth|Sludge Wave|p1a: Sylveon
|-supereffective|p1a: Sylveon
|-damage|p1a: Sylveon|0 fnt
|faint|p1a: Sylveon
|
|-fieldend|move: Grassy Terrain
|upkeep
|
|t:|1779846396
|switch|p1a: Jolteon|Jolteon, M|75/100
|-damage|p1a: Jolteon|63/100|[from] Stealth Rock
|-damage|p1a: Jolteon|50/100|[from] Spikes
|turn|15
|
|t:|1779846410
|move|p1a: Jolteon|Thunderbolt|p2a: Iron Moth
|-damage|p2a: Iron Moth|34/100
|move|p2a: Iron Moth|Fiery Dance|p1a: Jolteon
|-damage|p1a: Jolteon|0 fnt
|faint|p1a: Jolteon
|
|upkeep
|
|t:|1779846413
|switch|p1a: Umbreon|Umbreon, M, shiny|63/100
|-damage|p1a: Umbreon|50/100|[from] Stealth Rock
|-damage|p1a: Umbreon|38/100|[from] Spikes
|turn|16
|
|t:|1779846423
|move|p1a: Umbreon|Protect|p1a: Umbreon
|-singleturn|p1a: Umbreon|Protect
|move|p2a: Iron Moth|Energy Ball|p1a: Umbreon
|-activate|p1a: Umbreon|move: Protect
|
|-heal|p1a: Umbreon|44/100|[from] item: Leftovers
|upkeep
|turn|17
|
|t:|1779846433
|move|p2a: Iron Moth|Air Slash|p1a: Umbreon
|-damage|p1a: Umbreon|27/100
|move|p1a: Umbreon|Wish|p1a: Umbreon
|
|-heal|p1a: Umbreon|33/100|[from] item: Leftovers
|upkeep
|turn|18
|
|t:|1779846441
|move|p1a: Umbreon|Protect|p1a: Umbreon
|-singleturn|p1a: Umbreon|Protect
|move|p2a: Iron Moth|Fiery Dance|p1a: Umbreon
|-activate|p1a: Umbreon|move: Protect
|
|-heal|p1a: Umbreon|83/100|[from] move: Wish|[wisher] Umbreon
|-heal|p1a: Umbreon|89/100|[from] item: Leftovers
|upkeep
|turn|19
|
|t:|1779846447
|move|p2a: Iron Moth|Fiery Dance|p1a: Umbreon
|-damage|p1a: Umbreon|59/100
|move|p1a: Umbreon|Foul Play|p2a: Iron Moth
|-damage|p2a: Iron Moth|2/100
|
|-heal|p1a: Umbreon|65/100|[from] item: Leftovers
|upkeep
|turn|20
|
|t:|1779846452
|move|p1a: Umbreon|Protect|p1a: Umbreon
|-singleturn|p1a: Umbreon|Protect
|move|p2a: Iron Moth|Sludge Wave|p1a: Umbreon
|-activate|p1a: Umbreon|move: Protect
|
|-heal|p1a: Umbreon|71/100|[from] item: Leftovers
|upkeep
|turn|21
|
|t:|1779846455
|move|p2a: Iron Moth|Fiery Dance|p1a: Umbreon
|-damage|p1a: Umbreon|45/100
|move|p1a: Umbreon|Wish|p1a: Umbreon
|
|-heal|p1a: Umbreon|51/100|[from] item: Leftovers
|upkeep
|turn|22
|j| Taco Steve
|
|t:|1779846462
|move|p1a: Umbreon|Protect|p1a: Umbreon
|-singleturn|p1a: Umbreon|Protect
|move|p2a: Iron Moth|Fiery Dance|p1a: Umbreon
|-activate|p1a: Umbreon|move: Protect
|
|-heal|p1a: Umbreon|100/100|[from] move: Wish|[wisher] Umbreon
|upkeep
|turn|23
|
|t:|1779846465
|move|p2a: Iron Moth|Fiery Dance|p1a: Umbreon
|-damage|p1a: Umbreon|72/100
|move|p1a: Umbreon|Foul Play|p2a: Iron Moth
|-damage|p2a: Iron Moth|0 fnt
|faint|p2a: Iron Moth
|-end|p2a: Iron Moth|Quark Drive|[silent]
|
|-heal|p1a: Umbreon|78/100|[from] item: Leftovers
|upkeep
|
|t:|1779846470
|switch|p2a: Iron Valiant|Iron Valiant|100/100
|-enditem|p2a: Iron Valiant|Booster Energy
|-activate|p2a: Iron Valiant|ability: Quark Drive|[fromitem]
|-start|p2a: Iron Valiant|quarkdrivespe
|turn|24
|
|t:|1779846480
|move|p1a: Umbreon|Protect|p1a: Umbreon
|-singleturn|p1a: Umbreon|Protect
|move|p2a: Iron Valiant|Close Combat|p1a: Umbreon
|-activate|p1a: Umbreon|move: Protect
|
|-heal|p1a: Umbreon|84/100|[from] item: Leftovers
|upkeep
|turn|25
|
|t:|1779846489
|move|p2a: Iron Valiant|Close Combat|p1a: Umbreon
|-supereffective|p1a: Umbreon
|-damage|p1a: Umbreon|8/100
|-unboost|p2a: Iron Valiant|def|1
|-unboost|p2a: Iron Valiant|spd|1
|move|p1a: Umbreon|Wish|p1a: Umbreon
|
|-heal|p1a: Umbreon|14/100|[from] item: Leftovers
|upkeep
|turn|26
|
|t:|1779846497
|move|p2a: Iron Valiant|Spirit Break|p1a: Umbreon
|-supereffective|p1a: Umbreon
|-damage|p1a: Umbreon|0 fnt
|faint|p1a: Umbreon
|
|upkeep
|
|t:|1779846500
|switch|p1a: Glaceon|Glaceon, M|37/100
|-damage|p1a: Glaceon|12/100|[from] Stealth Rock
|-damage|p1a: Glaceon|0 fnt|[from] Spikes
|faint|p1a: Glaceon
|
|win|alexathenewt
|raw|pokemaster3592's rating: 1121 &rarr; <strong>1096</strong><br />(-25 for losing)
|raw|alexathenewt's rating: 1125 &rarr; <strong>1150</strong><br />(+25 for winning)
|l|☆pokemaster3592
|player|p1|
|l|☆alexathenewt
|player|p2|
|l| Taco Steve
