|j|☆npctypebeat
|j|☆issac454
|t:|1779932513
|gametype|singles
|player|p1|npctypebeat|102|1077
|player|p2|issac454|1|1000
|gen|9
|tier|[Gen 9] OU
|rated|
|rule|HP Percentage Mod: HP is shown in percentages
|rule|Endless Battle Clause: Forcing endless battles is banned
|rule|Species Clause: Limit one of each Pokémon
|rule|OHKO Clause: OHKO moves are banned
|rule|Evasion Items Clause: Evasion items are banned
|rule|Evasion Moves Clause: Evasion moves are banned
|rule|Evasion Abilities Clause: Evasion abilities are banned
|rule|Sleep Moves Clause: Sleep-inducing moves are banned
|clearpoke
|poke|p1|Corviknight, M|
|poke|p1|Ting-Lu|
|poke|p1|Kyurem|
|poke|p1|Dondozo, M|
|poke|p1|Slowking-Galar, M|
|poke|p1|Cinderace, M|
|poke|p2|Dragapult, M|
|poke|p2|Garganacl, F|
|poke|p2|Ceruledge, F|
|poke|p2|Moltres|
|poke|p2|Gholdengo|
|poke|p2|Darkrai|
|teampreview
|c|☆npctypebeat|hf
|
|t:|1779932527
|teamsize|p1|6
|teamsize|p2|6
|start
|switch|p1a: Cinderace|Cinderace, M|100/100
|switch|p2a: Darkrai|Darkrai|100/100
|turn|1
|inactive|Battle timer is ON: inactive players will automatically lose when time's up. (requested by npctypebeat)
|
|t:|1779932551
|switch|p1a: Ting-Lu|Ting-Lu|100/100
|-ability|p1a: Ting-Lu|Vessel of Ruin
|move|p2a: Darkrai|Ice Beam|p1a: Ting-Lu
|-supereffective|p1a: Ting-Lu
|-damage|p1a: Ting-Lu|78/100
|-status|p1a: Ting-Lu|frz
|
|-heal|p1a: Ting-Lu|84/100 frz|[from] item: Leftovers
|upkeep
|turn|2
|
|t:|1779932571
|switch|p1a: Kyurem|Kyurem|100/100
|-ability|p1a: Kyurem|Pressure
|move|p2a: Darkrai|X-Scissor|p1a: Kyurem
|-damage|p1a: Kyurem|82/100
|
|-heal|p1a: Kyurem|88/100|[from] item: Leftovers
|upkeep
|turn|3
|
|t:|1779932585
|move|p1a: Kyurem|Freeze-Dry|p2a: Darkrai
|-damage|p2a: Darkrai|59/100
|move|p2a: Darkrai|Shadow Claw|p1a: Kyurem
|-crit|p1a: Kyurem
|-damage|p1a: Kyurem|64/100
|
|-heal|p1a: Kyurem|70/100|[from] item: Leftovers
|upkeep
|turn|4
|
|t:|1779932596
|move|p1a: Kyurem|Freeze-Dry|p2a: Darkrai
|-damage|p2a: Darkrai|16/100
|move|p2a: Darkrai|Ice Beam|p1a: Kyurem
|-damage|p1a: Kyurem|46/100
|
|-heal|p1a: Kyurem|52/100|[from] item: Leftovers
|upkeep
|turn|5
|
|t:|1779932604
|move|p1a: Kyurem|Earth Power|p2a: Darkrai
|-damage|p2a: Darkrai|0 fnt
|faint|p2a: Darkrai
|
|-heal|p1a: Kyurem|58/100|[from] item: Leftovers
|upkeep
|
|t:|1779932613
|switch|p2a: Moltres|Moltres, shiny|100/100
|-ability|p2a: Moltres|Pressure
|turn|6
|
|t:|1779932620
|move|p1a: Kyurem|Freeze-Dry|p2a: Moltres
|-damage|p2a: Moltres|61/100
|move|p2a: Moltres|Brave Bird|p1a: Kyurem
|-damage|p1a: Kyurem|17/100
|-damage|p2a: Moltres|46/100|[from] Recoil
|
|-heal|p1a: Kyurem|23/100|[from] item: Leftovers
|upkeep
|turn|7
|
|t:|1779932630
|move|p1a: Kyurem|Freeze-Dry|p2a: Moltres
|-damage|p2a: Moltres|7/100
|move|p2a: Moltres|Brave Bird|p1a: Kyurem
|-crit|p1a: Kyurem
|-damage|p1a: Kyurem|0 fnt
|faint|p1a: Kyurem
|-damage|p2a: Moltres|0 fnt|[from] Recoil
|faint|p2a: Moltres
|
|upkeep
|
|t:|1779932642
|switch|p1a: Dondozo|Dondozo, M|100/100
|switch|p2a: Ceruledge|Ceruledge, F|100/100
|turn|8
|
|t:|1779932657
|move|p2a: Ceruledge|Dragon Claw|p1a: Dondozo
|-damage|p1a: Dondozo|85/100
|move|p1a: Dondozo|Waterfall|p2a: Ceruledge
|-supereffective|p2a: Ceruledge
|-crit|p2a: Ceruledge
|-damage|p2a: Ceruledge|4/100
|
|-heal|p1a: Dondozo|91/100|[from] item: Leftovers
|upkeep
|turn|9
|
|t:|1779932671
|switch|p2a: Garganacl|Garganacl, F, shiny|100/100
|move|p1a: Dondozo|Waterfall|p2a: Garganacl
|-supereffective|p2a: Garganacl
|-damage|p2a: Garganacl|64/100
|
|-heal|p2a: Garganacl|70/100|[from] item: Leftovers
|-heal|p1a: Dondozo|97/100|[from] item: Leftovers
|upkeep
|turn|10
|
|t:|1779932683
|move|p2a: Garganacl|Flash Cannon|p1a: Dondozo
|-resisted|p1a: Dondozo
|-damage|p1a: Dondozo|94/100
|move|p1a: Dondozo|Waterfall|p2a: Garganacl
|-supereffective|p2a: Garganacl
|-damage|p2a: Garganacl|27/100
|
|-heal|p2a: Garganacl|33/100|[from] item: Leftovers
|-heal|p1a: Dondozo|99/100|[from] item: Leftovers
|upkeep
|turn|11
|
|t:|1779932708
|-terastallize|p2a: Garganacl|Normal
|move|p2a: Garganacl|Earthquake|p1a: Dondozo
|-damage|p1a: Dondozo|87/100
|move|p1a: Dondozo|Curse|p1a: Dondozo
|-unboost|p1a: Dondozo|spe|1
|-boost|p1a: Dondozo|atk|1
|-boost|p1a: Dondozo|def|1
|
|-heal|p2a: Garganacl|40/100|[from] item: Leftovers
|-heal|p1a: Dondozo|93/100|[from] item: Leftovers
|upkeep
|turn|12
|inactive|issac454 has 120 seconds left.
|
|t:|1779932743
|move|p2a: Garganacl|Body Slam|p1a: Dondozo
|-damage|p1a: Dondozo|81/100
|move|p1a: Dondozo|Body Press|p2a: Garganacl
|-supereffective|p2a: Garganacl
|-damage|p2a: Garganacl|0 fnt
|faint|p2a: Garganacl
|
|-heal|p1a: Dondozo|87/100|[from] item: Leftovers
|upkeep
|inactive|issac454 has 120 seconds left.
|
|t:|1779932757
|switch|p2a: Dragapult|Dragapult, M, shiny|100/100
|-item|p2a: Dragapult|Air Balloon
|turn|13
|inactive|issac454 has 120 seconds left.
|
|t:|1779932768
|move|p2a: Dragapult|Draco Meteor|p1a: Dondozo
|-damage|p1a: Dondozo|57/100
|-unboost|p2a: Dragapult|spa|2
|move|p1a: Dondozo|Waterfall|p2a: Dragapult
|-resisted|p2a: Dragapult
|-damage|p2a: Dragapult|79/100
|-enditem|p2a: Dragapult|Air Balloon
|
|-heal|p1a: Dondozo|64/100|[from] item: Leftovers
|upkeep
|turn|14
|inactive|issac454 has 120 seconds left.
|
|t:|1779932782
|switch|p1a: Ting-Lu|Ting-Lu|84/100 frz
|-ability|p1a: Ting-Lu|Vessel of Ruin
|move|p2a: Dragapult|Dragon Claw|p1a: Ting-Lu
|-damage|p1a: Ting-Lu|65/100 frz
|
|-heal|p1a: Ting-Lu|72/100 frz|[from] item: Leftovers
|upkeep
|turn|15
|
|t:|1779932792
|move|p2a: Dragapult|Draco Meteor|p1a: Ting-Lu
|-damage|p1a: Ting-Lu|62/100 frz
|-unboost|p2a: Dragapult|spa|2
|cant|p1a: Ting-Lu|frz
|
|-heal|p1a: Ting-Lu|68/100 frz|[from] item: Leftovers
|upkeep
|turn|16
|
|t:|1779932801
|move|p2a: Dragapult|Hydro Pump|p1a: Ting-Lu
|-supereffective|p1a: Ting-Lu
|-damage|p1a: Ting-Lu|60/100 frz
|cant|p1a: Ting-Lu|frz
|
|-heal|p1a: Ting-Lu|67/100 frz|[from] item: Leftovers
|upkeep
|turn|17
|
|t:|1779932813
|move|p2a: Dragapult|Flamethrower|p1a: Ting-Lu
|-damage|p1a: Ting-Lu|64/100 frz
|-curestatus|p1a: Ting-Lu|frz|[msg]
|move|p1a: Ting-Lu|Payback|p2a: Dragapult
|-supereffective|p2a: Dragapult
|-damage|p2a: Dragapult|3/100
|
|-heal|p1a: Ting-Lu|70/100|[from] item: Leftovers
|upkeep
|turn|18
|
|t:|1779932825
|move|p2a: Dragapult|Hydro Pump|p1a: Ting-Lu
|-supereffective|p1a: Ting-Lu
|-damage|p1a: Ting-Lu|63/100
|move|p1a: Ting-Lu|Earthquake|p2a: Dragapult
|-crit|p2a: Dragapult
|-damage|p2a: Dragapult|0 fnt
|faint|p2a: Dragapult
|
|-heal|p1a: Ting-Lu|69/100|[from] item: Leftovers
|upkeep
|
|t:|1779932836
|switch|p2a: Gholdengo|Gholdengo|100/100
|turn|19
|
|t:|1779932840
|move|p2a: Gholdengo|Low Kick|p1a: Ting-Lu
|-supereffective|p1a: Ting-Lu
|-damage|p1a: Ting-Lu|35/100
|-damage|p2a: Gholdengo|91/100|[from] item: Life Orb
|move|p1a: Ting-Lu|Payback|p2a: Gholdengo
|-supereffective|p2a: Gholdengo
|-damage|p2a: Gholdengo|27/100
|
|-heal|p1a: Ting-Lu|41/100|[from] item: Leftovers
|upkeep
|turn|20
|
|t:|1779932854
|move|p2a: Gholdengo|Low Kick|p1a: Ting-Lu
|-supereffective|p1a: Ting-Lu
|-damage|p1a: Ting-Lu|8/100
|-damage|p2a: Gholdengo|17/100|[from] item: Life Orb
|move|p1a: Ting-Lu|Earthquake|p2a: Gholdengo
|-supereffective|p2a: Gholdengo
|-damage|p2a: Gholdengo|0 fnt
|faint|p2a: Gholdengo
|
|-heal|p1a: Ting-Lu|15/100|[from] item: Leftovers
|upkeep
|
|t:|1779932868
|switch|p2a: Ceruledge|Ceruledge, F|4/100
|turn|21
|
|t:|1779932874
|switch|p1a: Corviknight|Corviknight, M|100/100
|-ability|p1a: Corviknight|Pressure
|move|p2a: Ceruledge|Dragon Claw|p1a: Corviknight
|-resisted|p1a: Corviknight
|-damage|p1a: Corviknight|94/100
|-damage|p2a: Ceruledge|0 fnt|[from] item: Rocky Helmet|[of] p1a: Corviknight
|faint|p2a: Ceruledge
|
|win|npctypebeat
|raw|npctypebeat's rating: 1110 &rarr; <strong>1127</strong><br />(+17 for winning)
|raw|issac454's rating: 1000 &rarr; <strong>1000</strong><br />(+0 for losing)
|l|☆issac454
|player|p2|
|c|☆npctypebeat|gg
