|j|☆smartsy
|j|☆scizorsaopaulino
|t:|1779902407
|gametype|singles
|player|p1|smartsy|alder|1424
|player|p2|scizorsaopaulino|roxie|1380
|gen|9
|tier|[Gen 9] OU
|rated|
|rule|HP Percentage Mod: HP is shown in percentages
|rule|Endless Battle Clause: Forcing endless battles is banned
|rule|Species Clause: Limit one of each Pokémon
|rule|OHKO Clause: OHKO moves are banned
|rule|Evasion Items Clause: Evasion items are banned
|rule|Evasion Moves Clause: Evasion moves are banned
|rule|Evasion Abilities Clause: Evasion abilities are banned
|rule|Sleep Moves Clause: Sleep-inducing moves are banned
|clearpoke
|poke|p1|Gholdengo|
|poke|p1|Clefable, M|
|poke|p1|Ting-Lu|
|poke|p1|Darkrai|
|poke|p1|Rillaboom, M|
|poke|p1|Zamazenta-*|
|poke|p2|Slowking-Galar, F|
|poke|p2|Great Tusk|
|poke|p2|Kyurem|
|poke|p2|Kingambit, F|
|poke|p2|Cinderace, F|
|poke|p2|Zapdos|
|teampreview
|inactive|Battle timer is ON: inactive players will automatically lose when time's up. (requested by smartsy)
|
|t:|1779902425
|teamsize|p1|6
|teamsize|p2|6
|start
|switch|p1a: Clefable|Clefable, M|100/100
|switch|p2a: Cinderace|Cinderace, F|100/100
|turn|1
|
|t:|1779902432
|move|p2a: Cinderace|U-turn|p1a: Clefable
|-resisted|p1a: Clefable
|-damage|p1a: Clefable|93/100
|
|t:|1779902437
|switch|p2a: Slowking|Slowking-Galar, F|100/100|[from] U-turn
|move|p1a: Clefable|Knock Off|p2a: Slowking
|-supereffective|p2a: Slowking
|-enditem|p2a: Slowking|Colbur Berry|[eat]
|-enditem|p2a: Slowking|Colbur Berry|[weaken]
|-damage|p2a: Slowking|86/100
|
|-heal|p1a: Clefable|99/100|[from] item: Leftovers
|upkeep
|turn|2
|
|t:|1779902448
|move|p1a: Clefable|Stealth Rock|p2a: Slowking
|-sidestart|p2: scizorsaopaulino|move: Stealth Rock
|-prepare|p2a: Slowking|Chilly Reception|[premajor]
|move|p2a: Slowking|Chilly Reception|p2a: Slowking
|-weather|Snowscape
|
|t:|1779902462
|switch|p2a: Great Tusk|Great Tusk|100/100|[from] Chilly Reception
|-damage|p2a: Great Tusk|97/100|[from] Stealth Rock
|
|-weather|Snowscape|[upkeep]
|-heal|p2a: Great Tusk|100/100|[from] item: Leftovers
|-heal|p1a: Clefable|100/100|[from] item: Leftovers
|upkeep
|turn|3
|
|t:|1779902466
|move|p2a: Great Tusk|Rapid Spin|p1a: Clefable
|-damage|p1a: Clefable|89/100
|-boost|p2a: Great Tusk|spe|1
|-sideend|p2: scizorsaopaulino|Stealth Rock|[from] move: Rapid Spin|[of] p2a: Great Tusk
|move|p1a: Clefable|Moonblast|p2a: Great Tusk
|-supereffective|p2a: Great Tusk
|-damage|p2a: Great Tusk|13/100
|-unboost|p2a: Great Tusk|spa|1
|
|-weather|Snowscape|[upkeep]
|-heal|p2a: Great Tusk|19/100|[from] item: Leftovers
|-heal|p1a: Clefable|95/100|[from] item: Leftovers
|upkeep
|turn|4
|
|t:|1779902477
|-end|p2a: Great Tusk|Protosynthesis|[silent]
|switch|p2a: Slowking|Slowking-Galar, F|100/100
|move|p1a: Clefable|Stealth Rock|p2a: Slowking
|-sidestart|p2: scizorsaopaulino|move: Stealth Rock
|
|-weather|Snowscape|[upkeep]
|-heal|p1a: Clefable|100/100|[from] item: Leftovers
|upkeep
|turn|5
|
|t:|1779902482
|switch|p1a: Ting-Lu|Ting-Lu|100/100
|-ability|p1a: Ting-Lu|Vessel of Ruin
|move|p2a: Slowking|Thunder Wave|p1a: Ting-Lu
|-immune|p1a: Ting-Lu
|
|-weather|Snowscape|[upkeep]
|upkeep
|turn|6
|
|t:|1779902492
|move|p1a: Ting-Lu|Spikes|p2a: Slowking
|-sidestart|p2: scizorsaopaulino|Spikes
|-prepare|p2a: Slowking|Chilly Reception|[premajor]
|move|p2a: Slowking|Chilly Reception|p2a: Slowking
|
|t:|1779902500
|switch|p2a: Kyurem|Kyurem|100/100|[from] Chilly Reception
|-damage|p2a: Kyurem|76/100|[from] Stealth Rock
|-damage|p2a: Kyurem|63/100|[from] Spikes
|-ability|p2a: Kyurem|Pressure
|
|-weather|none
|upkeep
|turn|7
|
|t:|1779902520
|move|p2a: Kyurem|Ice Beam|p1a: Ting-Lu
|-supereffective|p1a: Ting-Lu
|-damage|p1a: Ting-Lu|44/100
|move|p1a: Ting-Lu|Earthquake|p2a: Kyurem
|-damage|p2a: Kyurem|27/100
|
|-heal|p1a: Ting-Lu|50/100|[from] item: Leftovers
|upkeep
|turn|8
|
|t:|1779902535
|switch|p1a: Gholdengo|Gholdengo|100/100
|-item|p1a: Gholdengo|Air Balloon
|move|p2a: Kyurem|Ice Beam|p1a: Gholdengo
|-resisted|p1a: Gholdengo
|-damage|p1a: Gholdengo|67/100
|-enditem|p1a: Gholdengo|Air Balloon
|
|upkeep
|turn|9
|
|t:|1779902550
|switch|p2a: Cinderace|Cinderace, F|100/100
|move|p1a: Gholdengo|Recover|p1a: Gholdengo
|-heal|p1a: Gholdengo|100/100
|
|upkeep
|turn|10
|
|t:|1779902560
|switch|p1a: Clefable|Clefable, M|100/100
|move|p2a: Cinderace|Pyro Ball|p1a: Clefable
|-damage|p1a: Clefable|64/100
|
|-heal|p1a: Clefable|71/100|[from] item: Leftovers
|upkeep
|turn|11
|
|t:|1779902568
|move|p2a: Cinderace|Will-O-Wisp|p1a: Clefable
|-status|p1a: Clefable|brn
|move|p1a: Clefable|Knock Off|p2a: Cinderace
|-crit|p2a: Cinderace
|-damage|p2a: Cinderace|87/100
|-enditem|p2a: Cinderace|Heavy-Duty Boots|[from] move: Knock Off|[of] p1a: Clefable
|
|-heal|p1a: Clefable|77/100 brn|[from] item: Leftovers
|upkeep
|turn|12
|
|t:|1779902576
|move|p2a: Cinderace|Pyro Ball|p1a: Clefable|[miss]
|-miss|p2a: Cinderace|p1a: Clefable
|move|p1a: Clefable|Moonblast|p2a: Cinderace
|-resisted|p2a: Cinderace
|-damage|p2a: Cinderace|68/100
|-unboost|p2a: Cinderace|spa|1
|
|-heal|p1a: Clefable|83/100 brn|[from] item: Leftovers
|upkeep
|turn|13
|
|t:|1779902580
|move|p2a: Cinderace|Pyro Ball|p1a: Clefable
|-damage|p1a: Clefable|47/100 brn
|move|p1a: Clefable|Moonblast|p2a: Cinderace
|-resisted|p2a: Cinderace
|-damage|p2a: Cinderace|49/100
|
|-heal|p1a: Clefable|53/100 brn|[from] item: Leftovers
|upkeep
|turn|14
|
|t:|1779902586
|move|p2a: Cinderace|Pyro Ball|p1a: Clefable|[miss]
|-miss|p2a: Cinderace|p1a: Clefable
|move|p1a: Clefable|Moonlight|p1a: Clefable
|-heal|p1a: Clefable|100/100 brn
|
|upkeep
|turn|15
|
|t:|1779902588
|move|p2a: Cinderace|Pyro Ball|p1a: Clefable
|-damage|p1a: Clefable|61/100 brn
|move|p1a: Clefable|Moonblast|p2a: Cinderace
|-resisted|p2a: Cinderace
|-damage|p2a: Cinderace|30/100
|-unboost|p2a: Cinderace|spa|1
|
|-heal|p1a: Clefable|67/100 brn|[from] item: Leftovers
|upkeep
|turn|16
|
|t:|1779902600
|move|p2a: Cinderace|Court Change|p2a: Cinderace
|-swapsideconditions
|-activate|p2a: Cinderace|move: Court Change
|move|p1a: Clefable|Moonlight|p1a: Clefable
|-heal|p1a: Clefable|100/100 brn
|
|upkeep
|turn|17
|
|t:|1779902604
|move|p2a: Cinderace|U-turn|p1a: Clefable
|-resisted|p1a: Clefable
|-damage|p1a: Clefable|93/100 brn
|
|t:|1779902606
|switch|p2a: Great Tusk|Great Tusk|19/100|[from] U-turn
|move|p1a: Clefable|Stealth Rock|p2a: Great Tusk
|-sidestart|p2: scizorsaopaulino|move: Stealth Rock
|
|-heal|p2a: Great Tusk|26/100|[from] item: Leftovers
|-heal|p1a: Clefable|99/100 brn|[from] item: Leftovers
|upkeep
|turn|18
|
|t:|1779902614
|move|p2a: Great Tusk|Rapid Spin|p1a: Clefable
|-damage|p1a: Clefable|86/100 brn
|-boost|p2a: Great Tusk|spe|1
|-sideend|p2: scizorsaopaulino|Stealth Rock|[from] move: Rapid Spin|[of] p2a: Great Tusk
|move|p1a: Clefable|Moonblast|p2a: Great Tusk
|-supereffective|p2a: Great Tusk
|-damage|p2a: Great Tusk|0 fnt
|faint|p2a: Great Tusk
|-end|p2a: Great Tusk|Protosynthesis|[silent]
|
|-heal|p1a: Clefable|92/100 brn|[from] item: Leftovers
|upkeep
|
|t:|1779902625
|switch|p2a: Kingambit|Kingambit, F|100/100
|-activate|p2a: Kingambit|ability: Supreme Overlord
|-start|p2a: Kingambit|fallen1|[silent]
|turn|19
|
|t:|1779902631
|switch|p1a: Zamazenta|Zamazenta|100/100
|-ability|p1a: Zamazenta|Dauntless Shield|boost
|-boost|p1a: Zamazenta|def|1
|move|p2a: Kingambit|Swords Dance|p2a: Kingambit
|-boost|p2a: Kingambit|atk|2
|
|upkeep
|turn|20
|
|t:|1779902636
|-end|p2a: Kingambit|fallen1|[silent]
|switch|p2a: Zapdos|Zapdos, shiny|100/100
|move|p1a: Zamazenta|Close Combat|p2a: Zapdos
|-resisted|p2a: Zapdos
|-damage|p2a: Zapdos|79/100
|-unboost|p1a: Zamazenta|def|1
|-unboost|p1a: Zamazenta|spd|1
|
|upkeep
|turn|21
|
|t:|1779902645
|switch|p1a: Rillaboom|Rillaboom, M|100/100
|-damage|p1a: Rillaboom|88/100|[from] Stealth Rock
|-damage|p1a: Rillaboom|76/100|[from] Spikes
|-fieldstart|move: Grassy Terrain|[from] ability: Grassy Surge|[of] p1a: Rillaboom
|switch|p2a: Kyurem|Kyurem|27/100
|-ability|p2a: Kyurem|Pressure
|
|-heal|p2a: Kyurem|33/100|[from] Grassy Terrain
|-heal|p1a: Rillaboom|82/100|[from] Grassy Terrain
|upkeep
|turn|22
|
|t:|1779902656
|move|p1a: Rillaboom|Grassy Glide|p2a: Kyurem
|-resisted|p2a: Kyurem
|-damage|p2a: Kyurem|15/100
|move|p2a: Kyurem|Ice Beam|p1a: Rillaboom
|-supereffective|p1a: Rillaboom
|-damage|p1a: Rillaboom|0 fnt
|faint|p1a: Rillaboom
|
|-heal|p2a: Kyurem|21/100|[from] Grassy Terrain
|upkeep
|
|t:|1779902663
|switch|p1a: Darkrai|Darkrai|100/100
|turn|23
|
|t:|1779902671
|switch|p2a: Cinderace|Cinderace, F|30/100
|move|p1a: Darkrai|Dark Pulse|p2a: Cinderace
|-damage|p2a: Cinderace|0 fnt
|faint|p2a: Cinderace
|
|upkeep
|
|t:|1779902676
|switch|p2a: Kingambit|Kingambit, F|100/100
|-activate|p2a: Kingambit|ability: Supreme Overlord
|-start|p2a: Kingambit|fallen2|[silent]
|turn|24
|j| AKGD
|
|t:|1779902691
|switch|p1a: Zamazenta|Zamazenta|100/100
|move|p2a: Kingambit|Low Kick|p1a: Zamazenta
|-crit|p1a: Zamazenta
|-damage|p1a: Zamazenta|16/100
|
|-heal|p1a: Zamazenta|22/100|[from] Grassy Terrain
|upkeep
|turn|25
|
|t:|1779902699
|-end|p2a: Kingambit|fallen2|[silent]
|switch|p2a: Zapdos|Zapdos, shiny|79/100
|move|p1a: Zamazenta|Close Combat|p2a: Zapdos
|-resisted|p2a: Zapdos
|-damage|p2a: Zapdos|58/100
|-unboost|p1a: Zamazenta|def|1
|-unboost|p1a: Zamazenta|spd|1
|-status|p1a: Zamazenta|par|[from] ability: Static|[of] p2a: Zapdos
|
|-heal|p1a: Zamazenta|28/100 par|[from] Grassy Terrain
|-fieldend|move: Grassy Terrain
|upkeep
|turn|26
|
|t:|1779902713
|move|p2a: Zapdos|Roost|p2a: Zapdos
|-heal|p2a: Zapdos|100/100
|-singleturn|p2a: Zapdos|move: Roost
|move|p1a: Zamazenta|Stone Edge|p2a: Zapdos
|-damage|p2a: Zapdos|77/100
|
|upkeep
|turn|27
|
|t:|1779902721
|switch|p1a: Ting-Lu|Ting-Lu|50/100
|-damage|p1a: Ting-Lu|44/100|[from] Stealth Rock
|-damage|p1a: Ting-Lu|32/100|[from] Spikes
|-ability|p1a: Ting-Lu|Vessel of Ruin
|move|p2a: Zapdos|Hurricane|p1a: Ting-Lu|[miss]
|-miss|p2a: Zapdos|p1a: Ting-Lu
|
|-heal|p1a: Ting-Lu|38/100|[from] item: Leftovers
|upkeep
|turn|28
|
|t:|1779902729
|switch|p2a: Kyurem|Kyurem|21/100
|-ability|p2a: Kyurem|Pressure
|move|p1a: Ting-Lu|Spikes|p2a: Kyurem
|-sidestart|p2: scizorsaopaulino|Spikes
|
|-heal|p1a: Ting-Lu|44/100|[from] item: Leftovers
|upkeep
|turn|29
|
|t:|1779902737
|switch|p1a: Zamazenta|Zamazenta|28/100 par
|move|p2a: Kyurem|Earth Power|p1a: Zamazenta
|-crit|p1a: Zamazenta
|-damage|p1a: Zamazenta|0 fnt
|faint|p1a: Zamazenta
|
|upkeep
|
|t:|1779902741
|switch|p1a: Darkrai|Darkrai|100/100
|turn|30
|
|t:|1779902744
|switch|p2a: Slowking|Slowking-Galar, F|100/100
|-damage|p2a: Slowking|88/100|[from] Spikes
|move|p1a: Darkrai|Dark Pulse|p2a: Slowking
|-supereffective|p2a: Slowking
|-damage|p2a: Slowking|35/100
|
|upkeep
|turn|31
|
|t:|1779902751
|switch|p1a: Ting-Lu|Ting-Lu|44/100
|-damage|p1a: Ting-Lu|38/100|[from] Stealth Rock
|-damage|p1a: Ting-Lu|25/100|[from] Spikes
|-ability|p1a: Ting-Lu|Vessel of Ruin
|move|p2a: Slowking|Thunder Wave|p1a: Ting-Lu
|-immune|p1a: Ting-Lu
|
|-heal|p1a: Ting-Lu|32/100|[from] item: Leftovers
|upkeep
|turn|32
|
|t:|1779902759
|move|p1a: Ting-Lu|Spikes|p2a: Slowking
|-sidestart|p2: scizorsaopaulino|Spikes
|-prepare|p2a: Slowking|Chilly Reception|[premajor]
|move|p2a: Slowking|Chilly Reception|p2a: Slowking
|-weather|Snowscape
|
|t:|1779902761
|switch|p2a: Kyurem|Kyurem|21/100|[from] Chilly Reception
|-damage|p2a: Kyurem|5/100|[from] Spikes
|-ability|p2a: Kyurem|Pressure
|
|-weather|Snowscape|[upkeep]
|-heal|p1a: Ting-Lu|38/100|[from] item: Leftovers
|upkeep
|turn|33
|
|t:|1779902771
|switch|p1a: Gholdengo|Gholdengo|100/100
|-damage|p1a: Gholdengo|94/100|[from] Stealth Rock
|-damage|p1a: Gholdengo|82/100|[from] Spikes
|move|p2a: Kyurem|Blizzard|p1a: Gholdengo
|-resisted|p1a: Gholdengo
|-damage|p1a: Gholdengo|43/100
|
|-weather|Snowscape|[upkeep]
|upkeep
|turn|34
|
|t:|1779902778
|move|p2a: Kyurem|Blizzard|p1a: Gholdengo
|-resisted|p1a: Gholdengo
|-damage|p1a: Gholdengo|4/100
|move|p1a: Gholdengo|Dazzling Gleam|p2a: Kyurem
|-supereffective|p2a: Kyurem
|-damage|p2a: Kyurem|0 fnt
|faint|p2a: Kyurem
|
|-weather|Snowscape|[upkeep]
|upkeep
|
|t:|1779902782
|switch|p2a: Kingambit|Kingambit, F|100/100
|-damage|p2a: Kingambit|84/100|[from] Spikes
|-activate|p2a: Kingambit|ability: Supreme Overlord
|-start|p2a: Kingambit|fallen3|[silent]
|turn|35
|
|t:|1779902787
|move|p1a: Gholdengo|Dazzling Gleam|p2a: Kingambit
|-damage|p2a: Kingambit|52/100
|move|p2a: Kingambit|Iron Head|p1a: Gholdengo
|-resisted|p1a: Gholdengo
|-damage|p1a: Gholdengo|0 fnt
|faint|p1a: Gholdengo
|
|-weather|Snowscape|[upkeep]
|-heal|p2a: Kingambit|58/100|[from] item: Leftovers
|upkeep
|
|t:|1779902799
|switch|p1a: Clefable|Clefable, M|92/100 brn
|turn|36
|
|t:|1779902809
|-terastallize|p1a: Clefable|Water
|move|p2a: Kingambit|Iron Head|p1a: Clefable
|-resisted|p1a: Clefable
|-damage|p1a: Clefable|67/100 brn
|move|p1a: Clefable|Moonblast|p2a: Kingambit
|-crit|p2a: Kingambit
|-damage|p2a: Kingambit|13/100
|
|-weather|none
|-heal|p2a: Kingambit|19/100|[from] item: Leftovers
|-heal|p1a: Clefable|73/100 brn|[from] item: Leftovers
|upkeep
|turn|37
|
|t:|1779902822
|-end|p2a: Kingambit|fallen3|[silent]
|switch|p2a: Zapdos|Zapdos, shiny|77/100
|move|p1a: Clefable|Moonblast|p2a: Zapdos
|-damage|p2a: Zapdos|46/100
|-unboost|p2a: Zapdos|spa|1
|
|-heal|p1a: Clefable|79/100 brn|[from] item: Leftovers
|upkeep
|turn|38
|
|t:|1779902825
|switch|p1a: Ting-Lu|Ting-Lu|38/100
|-damage|p1a: Ting-Lu|32/100|[from] Stealth Rock
|-damage|p1a: Ting-Lu|19/100|[from] Spikes
|-ability|p1a: Ting-Lu|Vessel of Ruin
|move|p2a: Zapdos|Roost|p2a: Zapdos
|-heal|p2a: Zapdos|97/100
|-singleturn|p2a: Zapdos|move: Roost
|
|-heal|p1a: Ting-Lu|25/100|[from] item: Leftovers
|upkeep
|turn|39
|
|t:|1779902831
|move|p2a: Zapdos|Hurricane|p1a: Ting-Lu
|-damage|p1a: Ting-Lu|12/100
|-start|p1a: Ting-Lu|confusion
|-activate|p1a: Ting-Lu|confusion
|move|p1a: Ting-Lu|Throat Chop|p2a: Zapdos
|-damage|p2a: Zapdos|75/100
|-start|p2a: Zapdos|Throat Chop|[silent]
|-status|p1a: Ting-Lu|par|[from] ability: Static|[of] p2a: Zapdos
|
|-heal|p1a: Ting-Lu|19/100 par|[from] item: Leftovers
|upkeep
|turn|40
|
|t:|1779902838
|move|p2a: Zapdos|Hurricane|p1a: Ting-Lu
|-damage|p1a: Ting-Lu|5/100 par
|-end|p1a: Ting-Lu|confusion
|cant|p1a: Ting-Lu|par
|
|-heal|p1a: Ting-Lu|11/100 par|[from] item: Leftovers
|-end|p2a: Zapdos|Throat Chop|[silent]
|upkeep
|turn|41
|
|t:|1779902842
|move|p2a: Zapdos|Hurricane|p1a: Ting-Lu
|-damage|p1a: Ting-Lu|0 fnt
|faint|p1a: Ting-Lu
|
|upkeep
|
|t:|1779902847
|switch|p1a: Darkrai|Darkrai|100/100
|turn|42
|
|t:|1779902860
|switch|p2a: Slowking|Slowking-Galar, F|68/100
|-damage|p2a: Slowking|52/100|[from] Spikes
|move|p1a: Darkrai|Ice Beam|p2a: Slowking
|-damage|p2a: Slowking|30/100
|
|upkeep
|turn|43
|
|t:|1779902868
|move|p1a: Darkrai|Dark Pulse|p2a: Slowking
|-supereffective|p2a: Slowking
|-damage|p2a: Slowking|0 fnt
|faint|p2a: Slowking
|
|upkeep
|
|t:|1779902871
|switch|p2a: Zapdos|Zapdos, shiny|75/100
|turn|44
|
|t:|1779902876
|move|p1a: Darkrai|Ice Beam|p2a: Zapdos
|-supereffective|p2a: Zapdos
|-damage|p2a: Zapdos|10/100
|move|p2a: Zapdos|Thunder Wave|p1a: Darkrai
|-status|p1a: Darkrai|par
|
|upkeep
|turn|45
|
|t:|1779902882
|move|p2a: Zapdos|Hurricane|p1a: Darkrai
|-damage|p1a: Darkrai|44/100 par
|cant|p1a: Darkrai|par
|
|upkeep
|turn|46
|
|t:|1779902889
|move|p2a: Zapdos|Hurricane|p1a: Darkrai
|-damage|p1a: Darkrai|0 fnt
|faint|p1a: Darkrai
|
|upkeep
|
|t:|1779902891
|switch|p1a: Clefable|Clefable, M, tera:Water|79/100 brn
|turn|47
|
|t:|1779902894
|move|p2a: Zapdos|Roost|p2a: Zapdos
|-heal|p2a: Zapdos|60/100
|-singleturn|p2a: Zapdos|move: Roost
|move|p1a: Clefable|Moonblast|p2a: Zapdos
|-damage|p2a: Zapdos|29/100
|
|-heal|p1a: Clefable|85/100 brn|[from] item: Leftovers
|upkeep
|turn|48
|
|t:|1779902897
|move|p2a: Zapdos|Roost|p2a: Zapdos
|-heal|p2a: Zapdos|79/100
|-singleturn|p2a: Zapdos|move: Roost
|move|p1a: Clefable|Moonblast|p2a: Zapdos
|-damage|p2a: Zapdos|50/100
|
|-heal|p1a: Clefable|91/100 brn|[from] item: Leftovers
|upkeep
|turn|49
|
|t:|1779902904
|move|p2a: Zapdos|Volt Switch|p1a: Clefable
|-supereffective|p1a: Clefable
|-damage|p1a: Clefable|39/100 brn
|
|t:|1779902907
|switch|p2a: Kingambit|Kingambit, F|19/100|[from] Volt Switch
|-damage|p2a: Kingambit|2/100|[from] Spikes
|-activate|p2a: Kingambit|ability: Supreme Overlord
|-start|p2a: Kingambit|fallen4|[silent]
|move|p1a: Clefable|Moonblast|p2a: Kingambit
|-damage|p2a: Kingambit|0 fnt
|faint|p2a: Kingambit
|-end|p2a: Kingambit|fallen4|[silent]
|
|-heal|p1a: Clefable|45/100 brn|[from] item: Leftovers
|upkeep
|
|t:|1779902908
|switch|p2a: Zapdos|Zapdos, shiny|50/100
|turn|50
|
|t:|1779902911
|move|p2a: Zapdos|Roost|p2a: Zapdos
|-heal|p2a: Zapdos|100/100
|-singleturn|p2a: Zapdos|move: Roost
|move|p1a: Clefable|Moonlight|p1a: Clefable
|-heal|p1a: Clefable|95/100 brn
|
|-heal|p1a: Clefable|100/100 brn|[from] item: Leftovers
|upkeep
|turn|51
|
|t:|1779902913
|move|p2a: Zapdos|Volt Switch|p1a: Clefable
|-supereffective|p1a: Clefable
|-crit|p1a: Clefable
|-damage|p1a: Clefable|21/100 brn
|move|p1a: Clefable|Moonblast|p2a: Zapdos
|-damage|p2a: Zapdos|72/100
|-unboost|p2a: Zapdos|spa|1
|
|-heal|p1a: Clefable|27/100 brn|[from] item: Leftovers
|upkeep
|turn|52
|
|t:|1779902917
|move|p2a: Zapdos|Volt Switch|p1a: Clefable
|-supereffective|p1a: Clefable
|-damage|p1a: Clefable|0 fnt
|faint|p1a: Clefable
|
|win|scizorsaopaulino
|raw|smartsy's rating: 1424 &rarr; <strong>1401</strong><br />(-23 for losing)
|raw|scizorsaopaulino's rating: 1380 &rarr; <strong>1403</strong><br />(+23 for winning)
|l|☆smartsy
|player|p1|
|l| AKGD
|l|☆scizorsaopaulino
|player|p2|
|j|☆scizorsaopaulino
|player|p2|scizorsaopaulino|roxie|
