|j|☆Exiowf
|j|☆deathprofessor21
|t:|1779820227
|gametype|singles
|player|p1|Exiowf|2|1530
|player|p2|deathprofessor21|266|1473
|gen|9
|tier|[Gen 9] OU
|rated|
|rule|HP Percentage Mod: HP is shown in percentages
|rule|Endless Battle Clause: Forcing endless battles is banned
|rule|Species Clause: Limit one of each Pokémon
|rule|OHKO Clause: OHKO moves are banned
|rule|Evasion Items Clause: Evasion items are banned
|rule|Evasion Moves Clause: Evasion moves are banned
|rule|Evasion Abilities Clause: Evasion abilities are banned
|rule|Sleep Moves Clause: Sleep-inducing moves are banned
|clearpoke
|poke|p1|Slowking-Galar, M|
|poke|p1|Great Tusk|
|poke|p1|Corviknight, F|
|poke|p1|Dragapult, M|
|poke|p1|Kingambit, F|
|poke|p1|Iron Boulder|
|poke|p2|Hydrapple, F|
|poke|p2|Moltres|
|poke|p2|Great Tusk|
|poke|p2|Empoleon, F|
|poke|p2|Slowking-Galar, F|
|poke|p2|Darkrai|
|teampreview
|inactive|Battle timer is ON: inactive players will automatically lose when time's up. (requested by deathprofessor21)
|
|t:|1779820246
|teamsize|p1|6
|teamsize|p2|6
|start
|switch|p1a: Iron Boulder|Iron Boulder|100/100
|switch|p2a: Empoleon|Empoleon, F|100/100
|turn|1
|
|t:|1779820253
|move|p1a: Iron Boulder|Close Combat|p2a: Empoleon
|-supereffective|p2a: Empoleon
|-damage|p2a: Empoleon|0 fnt
|-unboost|p1a: Iron Boulder|def|1
|-unboost|p1a: Iron Boulder|spd|1
|-damage|p1a: Iron Boulder|84/100|[from] item: Rocky Helmet|[of] p2a: Empoleon
|faint|p2a: Empoleon
|
|upkeep
|
|t:|1779820261
|switch|p2a: Darkrai|Darkrai|100/100
|turn|2
|
|t:|1779820265
|-end|p1a: Iron Boulder|Quark Drive|[silent]
|switch|p1a: Corviknight|Corviknight, F|100/100
|-ability|p1a: Corviknight|Pressure
|move|p2a: Darkrai|Trick|p1a: Corviknight
|-activate|p2a: Darkrai|move: Trick|[of] p1a: Corviknight
|-item|p1a: Corviknight|Choice Scarf|[from] move: Trick
|-item|p2a: Darkrai|Rocky Helmet|[from] move: Trick
|
|upkeep
|turn|3
|
|t:|1779820275
|move|p2a: Darkrai|Dark Pulse|p1a: Corviknight
|-damage|p1a: Corviknight|56/100
|move|p1a: Corviknight|U-turn|p2a: Darkrai
|-supereffective|p2a: Darkrai
|-damage|p2a: Darkrai|61/100
|-damage|p1a: Corviknight|40/100|[from] item: Rocky Helmet|[of] p2a: Darkrai
|
|t:|1779820281
|switch|p1a: Dragapult|Dragapult, M|100/100|[from] U-turn
|
|upkeep
|turn|4
|
|t:|1779820285
|switch|p2a: Slowking|Slowking-Galar, F|100/100
|move|p1a: Dragapult|Draco Meteor|p2a: Slowking
|-damage|p2a: Slowking|54/100
|-unboost|p1a: Dragapult|spa|2
|
|upkeep
|turn|5
|
|t:|1779820292
|switch|p1a: Great Tusk|Great Tusk|100/100
|switch|p2a: Hydrapple|Hydrapple, F|100/100
|
|upkeep
|turn|6
|
|t:|1779820297
|-terastallize|p2a: Hydrapple|Steel
|move|p1a: Great Tusk|Stealth Rock|p2a: Hydrapple
|-sidestart|p2: deathprofessor21|move: Stealth Rock
|move|p2a: Hydrapple|Leaf Storm|p1a: Great Tusk
|-supereffective|p1a: Great Tusk
|-damage|p1a: Great Tusk|0 fnt
|-unboost|p2a: Hydrapple|spa|2
|faint|p1a: Great Tusk
|-end|p1a: Great Tusk|Protosynthesis|[silent]
|-damage|p2a: Hydrapple|91/100|[from] item: Life Orb
|
|upkeep
|
|t:|1779820304
|switch|p1a: Iron Boulder|Iron Boulder|84/100
|turn|7
|
|t:|1779820307
|switch|p2a: Moltres|Moltres|100/100
|move|p1a: Iron Boulder|Close Combat|p2a: Moltres
|-resisted|p2a: Moltres
|-damage|p2a: Moltres|77/100
|-unboost|p1a: Iron Boulder|def|1
|-unboost|p1a: Iron Boulder|spd|1
|
|upkeep
|turn|8
|
|t:|1779820313
|-end|p1a: Iron Boulder|Quark Drive|[silent]
|switch|p1a: Slowking|Slowking-Galar, M|100/100
|move|p2a: Moltres|U-turn|p1a: Slowking
|-crit|p1a: Slowking
|-damage|p1a: Slowking|79/100
|
|t:|1779820324
|switch|p2a: Great Tusk|Great Tusk|100/100|[from] U-turn
|-damage|p2a: Great Tusk|98/100|[from] Stealth Rock
|
|-heal|p2a: Great Tusk|100/100|[from] item: Leftovers
|upkeep
|turn|9
|
|t:|1779820328
|move|p2a: Great Tusk|Rapid Spin|p1a: Slowking
|-damage|p1a: Slowking|60/100
|-boost|p2a: Great Tusk|spe|1
|-sideend|p2: deathprofessor21|Stealth Rock|[from] move: Rapid Spin|[of] p2a: Great Tusk
|move|p1a: Slowking|Future Sight|p2a: Great Tusk
|-start|p1a: Slowking|move: Future Sight
|
|upkeep
|turn|10
|
|t:|1779820335
|-terastallize|p1a: Slowking|Water
|move|p2a: Great Tusk|Ice Spinner|p1a: Slowking
|-resisted|p1a: Slowking
|-damage|p1a: Slowking|46/100
|-prepare|p1a: Slowking|Chilly Reception|[premajor]
|move|p1a: Slowking|Chilly Reception|p1a: Slowking
|-weather|Snowscape
|
|t:|1779820347
|switch|p1a: Corviknight|Corviknight, F|40/100|[from] Chilly Reception
|-ability|p1a: Corviknight|Pressure
|
|-weather|Snowscape|[upkeep]
|upkeep
|turn|11
|
|t:|1779820354
|-end|p2a: Great Tusk|Protosynthesis|[silent]
|switch|p2a: Slowking|Slowking-Galar, F|87/100
|move|p1a: Corviknight|Roost|p1a: Corviknight
|-heal|p1a: Corviknight|90/100
|-singleturn|p1a: Corviknight|move: Roost
|
|-weather|Snowscape|[upkeep]
|-end|p2a: Slowking|move: Future Sight
|-damage|p2a: Slowking|62/100
|upkeep
|turn|12
|
|t:|1779820360
|switch|p1a: Kingambit|Kingambit, F|100/100
|-activate|p1a: Kingambit|ability: Supreme Overlord
|-start|p1a: Kingambit|fallen1|[silent]
|move|p2a: Slowking|Psychic Noise|p1a: Kingambit
|-immune|p1a: Kingambit
|
|-weather|Snowscape|[upkeep]
|upkeep
|turn|13
|
|t:|1779820363
|move|p1a: Kingambit|Kowtow Cleave|p2a: Slowking
|-supereffective|p2a: Slowking
|-damage|p2a: Slowking|0 fnt
|faint|p2a: Slowking
|
|-weather|Snowscape|[upkeep]
|upkeep
|
|t:|1779820365
|switch|p2a: Moltres|Moltres|77/100
|turn|14
|
|t:|1779820368
|-end|p1a: Kingambit|fallen1|[silent]
|switch|p1a: Slowking|Slowking-Galar, M, tera:Water|79/100
|move|p2a: Moltres|U-turn|p1a: Slowking
|-damage|p1a: Slowking|64/100
|
|t:|1779820374
|switch|p2a: Hydrapple|Hydrapple, F, tera:Steel|100/100|[from] U-turn
|
|-weather|none
|upkeep
|turn|15
|
|t:|1779820381
|switch|p1a: Corviknight|Corviknight, F|90/100
|-ability|p1a: Corviknight|Pressure
|move|p2a: Hydrapple|Fickle Beam|p1a: Corviknight
|-resisted|p1a: Corviknight
|-damage|p1a: Corviknight|60/100
|-damage|p2a: Hydrapple|91/100|[from] item: Life Orb
|
|upkeep
|turn|16
|
|t:|1779820385
|move|p1a: Corviknight|Body Press|p2a: Hydrapple
|-supereffective|p2a: Hydrapple
|-damage|p2a: Hydrapple|49/100
|move|p2a: Hydrapple|Fickle Beam|p1a: Corviknight
|-resisted|p1a: Corviknight
|-damage|p1a: Corviknight|33/100
|-damage|p2a: Hydrapple|39/100|[from] item: Life Orb
|
|upkeep
|turn|17
|
|t:|1779820389
|switch|p2a: Moltres|Moltres|77/100
|move|p1a: Corviknight|Body Press|p2a: Moltres
|-resisted|p2a: Moltres
|-damage|p2a: Moltres|67/100
|-status|p1a: Corviknight|brn|[from] ability: Flame Body|[of] p2a: Moltres
|
|-damage|p1a: Corviknight|27/100 brn|[from] brn
|upkeep
|turn|18
|
|t:|1779820395
|switch|p1a: Slowking|Slowking-Galar, M, tera:Water|97/100
|move|p2a: Moltres|U-turn|p1a: Slowking
|-damage|p1a: Slowking|82/100
|
|t:|1779820397
|switch|p2a: Hydrapple|Hydrapple, F, tera:Steel|73/100|[from] U-turn
|
|upkeep
|turn|19
|
|t:|1779820405
|switch|p1a: Corviknight|Corviknight, F|27/100 brn
|-ability|p1a: Corviknight|Pressure
|move|p2a: Hydrapple|Fickle Beam|p1a: Corviknight
|-resisted|p1a: Corviknight
|-damage|p1a: Corviknight|0 fnt
|faint|p1a: Corviknight
|-damage|p2a: Hydrapple|63/100|[from] item: Life Orb
|
|upkeep
|
|t:|1779820417
|switch|p1a: Iron Boulder|Iron Boulder|84/100
|turn|20
|
|t:|1779820420
|switch|p2a: Great Tusk|Great Tusk|100/100
|move|p1a: Iron Boulder|Close Combat|p2a: Great Tusk
|-damage|p2a: Great Tusk|58/100
|-unboost|p1a: Iron Boulder|def|1
|-unboost|p1a: Iron Boulder|spd|1
|
|-heal|p2a: Great Tusk|64/100|[from] item: Leftovers
|upkeep
|turn|21
|
|t:|1779820429
|-end|p1a: Iron Boulder|Quark Drive|[silent]
|switch|p1a: Slowking|Slowking-Galar, M, tera:Water|100/100
|move|p2a: Great Tusk|Headlong Rush|p1a: Slowking
|-damage|p1a: Slowking|40/100
|-unboost|p2a: Great Tusk|def|1
|-unboost|p2a: Great Tusk|spd|1
|
|-heal|p2a: Great Tusk|71/100|[from] item: Leftovers
|upkeep
|turn|22
|
|t:|1779820432
|move|p2a: Great Tusk|Headlong Rush|p1a: Slowking
|-damage|p1a: Slowking|0 fnt
|-unboost|p2a: Great Tusk|def|1
|-unboost|p2a: Great Tusk|spd|1
|faint|p1a: Slowking
|
|-heal|p2a: Great Tusk|77/100|[from] item: Leftovers
|upkeep
|
|t:|1779820435
|switch|p1a: Dragapult|Dragapult, M|100/100
|turn|23
|
|t:|1779820442
|-end|p2a: Great Tusk|Protosynthesis|[silent]
|switch|p2a: Darkrai|Darkrai|61/100
|move|p1a: Dragapult|Shadow Ball|p2a: Darkrai
|-resisted|p2a: Darkrai
|-damage|p2a: Darkrai|27/100
|
|upkeep
|turn|24
|
|t:|1779820446
|move|p1a: Dragapult|Shadow Ball|p2a: Darkrai
|-resisted|p2a: Darkrai
|-damage|p2a: Darkrai|0 fnt
|faint|p2a: Darkrai
|
|upkeep
|
|t:|1779820450
|switch|p2a: Hydrapple|Hydrapple, F, tera:Steel|96/100
|turn|25
|
|t:|1779820455
|switch|p1a: Kingambit|Kingambit, F|100/100
|-activate|p1a: Kingambit|ability: Supreme Overlord
|-start|p1a: Kingambit|fallen3|[silent]
|move|p2a: Hydrapple|Earth Power|p1a: Kingambit
|-supereffective|p1a: Kingambit
|-damage|p1a: Kingambit|13/100
|-damage|p2a: Hydrapple|86/100|[from] item: Life Orb
|
|-heal|p1a: Kingambit|20/100|[from] item: Leftovers
|upkeep
|turn|26
|
|t:|1779820459
|switch|p2a: Moltres|Moltres|67/100
|move|p1a: Kingambit|Sucker Punch||[still]
|-fail|p1a: Kingambit
|
|-heal|p1a: Kingambit|26/100|[from] item: Leftovers
|upkeep
|turn|27
|
|t:|1779820467
|move|p2a: Moltres|Flamethrower|p1a: Kingambit
|-supereffective|p1a: Kingambit
|-damage|p1a: Kingambit|0 fnt
|faint|p1a: Kingambit
|-end|p1a: Kingambit|fallen3|[silent]
|
|upkeep
|
|t:|1779820470
|switch|p1a: Iron Boulder|Iron Boulder|84/100
|turn|28
|
|t:|1779820475
|move|p1a: Iron Boulder|Mighty Cleave|p2a: Moltres
|-supereffective|p2a: Moltres
|-damage|p2a: Moltres|0 fnt
|-status|p1a: Iron Boulder|brn|[from] ability: Flame Body|[of] p2a: Moltres
|faint|p2a: Moltres
|
|-damage|p1a: Iron Boulder|78/100 brn|[from] brn
|upkeep
|
|t:|1779820504
|switch|p2a: Hydrapple|Hydrapple, F, tera:Steel|100/100
|turn|29
|
|t:|1779820507
|move|p1a: Iron Boulder|Mighty Cleave|p2a: Hydrapple
|-resisted|p2a: Hydrapple
|-damage|p2a: Hydrapple|88/100
|move|p2a: Hydrapple|Leaf Storm|p1a: Iron Boulder|[miss]
|-miss|p2a: Hydrapple|p1a: Iron Boulder
|
|-damage|p1a: Iron Boulder|72/100 brn|[from] brn
|upkeep
|turn|30
|
|t:|1779820512
|move|p1a: Iron Boulder|Mighty Cleave|p2a: Hydrapple
|-resisted|p2a: Hydrapple
|-damage|p2a: Hydrapple|75/100
|move|p2a: Hydrapple|Earth Power|p1a: Iron Boulder
|-supereffective|p1a: Iron Boulder
|-damage|p1a: Iron Boulder|0 fnt
|faint|p1a: Iron Boulder
|-end|p1a: Iron Boulder|Quark Drive|[silent]
|-damage|p2a: Hydrapple|65/100|[from] item: Life Orb
|
|upkeep
|
|t:|1779820517
|switch|p1a: Dragapult|Dragapult, M|100/100
|turn|31
|
|t:|1779820520
|switch|p2a: Great Tusk|Great Tusk|77/100
|move|p1a: Dragapult|Shadow Ball|p2a: Great Tusk
|-damage|p2a: Great Tusk|2/100
|-unboost|p2a: Great Tusk|spd|1
|
|-heal|p2a: Great Tusk|9/100|[from] item: Leftovers
|upkeep
|turn|32
|
|t:|1779820525
|move|p1a: Dragapult|Shadow Ball|p2a: Great Tusk
|-damage|p2a: Great Tusk|0 fnt
|faint|p2a: Great Tusk
|-end|p2a: Great Tusk|Protosynthesis|[silent]
|
|upkeep
|
|t:|1779820527
|switch|p2a: Hydrapple|Hydrapple, F, tera:Steel|98/100
|turn|33
|c|☆Exiowf|gg
|
|t:|1779820530
|move|p1a: Dragapult|Shadow Ball|p2a: Hydrapple
|-crit|p2a: Hydrapple
|-damage|p2a: Hydrapple|17/100
|move|p2a: Hydrapple|Fickle Beam|p1a: Dragapult|[anim] Fickle Beam All Out
|-activate|p2a: Hydrapple|move: Fickle Beam
|-supereffective|p1a: Dragapult
|-damage|p1a: Dragapult|0 fnt
|faint|p1a: Dragapult
|-damage|p2a: Hydrapple|7/100|[from] item: Life Orb
|
|win|deathprofessor21
|raw|Exiowf's rating: 1530 &rarr; <strong>1507</strong><br />(-23 for losing)
|raw|deathprofessor21's rating: 1473 &rarr; <strong>1496</strong><br />(+23 for winning)
|l|☆Exiowf
|player|p1|
