|j|☆alalu
|j|☆doggydee123
|t:|1779901184
|gametype|singles
|player|p1|alalu|2|1410
|player|p2|doggydee123|hiker-gen4|1410
|gen|9
|tier|[Gen 9] OU
|rated|
|rule|HP Percentage Mod: HP is shown in percentages
|rule|Endless Battle Clause: Forcing endless battles is banned
|rule|Species Clause: Limit one of each Pokémon
|rule|OHKO Clause: OHKO moves are banned
|rule|Evasion Items Clause: Evasion items are banned
|rule|Evasion Moves Clause: Evasion moves are banned
|rule|Evasion Abilities Clause: Evasion abilities are banned
|rule|Sleep Moves Clause: Sleep-inducing moves are banned
|clearpoke
|poke|p1|Quaquaval, F|
|poke|p1|Ting-Lu|
|poke|p1|Scizor, F|
|poke|p1|Raging Bolt|
|poke|p1|Weezing-Galar, F|
|poke|p1|Armarouge, M|
|poke|p2|Quaquaval, F|
|poke|p2|Cinderace, M|
|poke|p2|Gliscor, F|
|poke|p2|Slowking-Galar, M|
|poke|p2|Corviknight, F|
|poke|p2|Kyurem|
|teampreview
|inactive|Battle timer is ON: inactive players will automatically lose when time's up. (requested by alalu)
|
|t:|1779901207
|teamsize|p1|6
|teamsize|p2|6
|start
|switch|p1a: Scizor|Scizor, F, shiny|100/100
|switch|p2a: Cinderace|Cinderace, M|100/100
|turn|1
|
|t:|1779901213
|switch|p1a: Weezing|Weezing-Galar, F, shiny|100/100
|move|p2a: Cinderace|Pyro Ball|p1a: Weezing
|-damage|p1a: Weezing|61/100
|
|-heal|p1a: Weezing|67/100|[from] item: Leftovers
|upkeep
|turn|2
|
|t:|1779901224
|move|p2a: Cinderace|U-turn|p1a: Weezing
|-start|p2a: Cinderace|typechange|Bug|[from] ability: Libero
|-resisted|p1a: Weezing
|-damage|p1a: Weezing|61/100
|
|t:|1779901228
|switch|p2a: Slowking|Slowking-Galar, M|100/100|[from] U-turn
|move|p1a: Weezing|Toxic|p2a: Slowking
|-immune|p2a: Slowking
|
|-heal|p1a: Weezing|67/100|[from] item: Leftovers
|upkeep
|turn|3
|
|t:|1779901231
|switch|p1a: Ting-Lu|Ting-Lu, shiny|100/100
|-ability|p1a: Ting-Lu|Vessel of Ruin
|move|p2a: Slowking|Future Sight|p1a: Ting-Lu
|-start|p2a: Slowking|move: Future Sight
|
|upkeep
|turn|4
|
|t:|1779901236
|move|p1a: Ting-Lu|Stealth Rock|p2a: Slowking
|-sidestart|p2: doggydee123|move: Stealth Rock
|-prepare|p2a: Slowking|Chilly Reception|[premajor]
|move|p2a: Slowking|Chilly Reception|p2a: Slowking
|-weather|Snowscape
|
|t:|1779901239
|switch|p2a: Kyurem|Kyurem|100/100|[from] Chilly Reception
|-damage|p2a: Kyurem|76/100|[from] Stealth Rock
|-ability|p2a: Kyurem|Pressure
|
|-weather|Snowscape|[upkeep]
|upkeep
|turn|5
|
|t:|1779901243
|move|p2a: Kyurem|Blizzard|p1a: Ting-Lu
|-supereffective|p1a: Ting-Lu
|-damage|p1a: Ting-Lu|27/100
|move|p1a: Ting-Lu|Whirlwind|p2a: Kyurem
|drag|p2a: Corviknight|Corviknight, F|100/100
|-damage|p2a: Corviknight|88/100|[from] Stealth Rock
|-ability|p2a: Corviknight|Pressure
|
|-weather|Snowscape|[upkeep]
|-end|p1a: Ting-Lu|move: Future Sight
|-immune|p1a: Ting-Lu
|-heal|p1a: Ting-Lu|33/100|[from] item: Leftovers
|upkeep
|turn|6
|
|t:|1779901269
|switch|p1a: Armarouge|Armarouge, M, shiny|100/100
|-item|p1a: Armarouge|Air Balloon
|move|p2a: Corviknight|Bulk Up|p2a: Corviknight
|-boost|p2a: Corviknight|atk|1
|-boost|p2a: Corviknight|def|1
|
|-weather|Snowscape|[upkeep]
|upkeep
|turn|7
|
|t:|1779901283
|switch|p2a: Slowking|Slowking-Galar, M|100/100
|move|p1a: Armarouge|Calm Mind|p1a: Armarouge
|-boost|p1a: Armarouge|spa|1
|-boost|p1a: Armarouge|spd|1
|
|-weather|Snowscape|[upkeep]
|upkeep
|turn|8
|
|t:|1779901292
|move|p1a: Armarouge|Psychic|p2a: Slowking
|-damage|p2a: Slowking|56/100
|move|p2a: Slowking|Thunder Wave|p1a: Armarouge
|-status|p1a: Armarouge|par
|
|-weather|none
|upkeep
|turn|9
|
|t:|1779901298
|cant|p1a: Armarouge|par
|-prepare|p2a: Slowking|Chilly Reception|[premajor]
|move|p2a: Slowking|Chilly Reception|p2a: Slowking
|-weather|Snowscape
|
|t:|1779901302
|switch|p2a: Kyurem|Kyurem|76/100|[from] Chilly Reception
|-damage|p2a: Kyurem|51/100|[from] Stealth Rock
|-ability|p2a: Kyurem|Pressure
|
|-weather|Snowscape|[upkeep]
|upkeep
|turn|10
|
|t:|1779901307
|move|p2a: Kyurem|Draco Meteor|p1a: Armarouge
|-damage|p1a: Armarouge|9/100 par
|-unboost|p2a: Kyurem|spa|2
|-enditem|p1a: Armarouge|Air Balloon
|move|p1a: Armarouge|Aura Sphere|p2a: Kyurem
|-supereffective|p2a: Kyurem
|-damage|p2a: Kyurem|0 fnt
|faint|p2a: Kyurem
|
|-weather|Snowscape|[upkeep]
|upkeep
|
|t:|1779901316
|switch|p2a: Quaquaval|Quaquaval, F|100/100
|-damage|p2a: Quaquaval|94/100|[from] Stealth Rock
|turn|11
|
|t:|1779901323
|switch|p1a: Weezing|Weezing-Galar, F, shiny|67/100
|move|p2a: Quaquaval|Aqua Step|p1a: Weezing
|-damage|p1a: Weezing|39/100
|-boost|p2a: Quaquaval|spe|1
|
|-weather|Snowscape|[upkeep]
|-heal|p1a: Weezing|45/100|[from] item: Leftovers
|upkeep
|turn|12
|
|t:|1779901331
|-terastallize|p2a: Quaquaval|Steel
|move|p2a: Quaquaval|Swords Dance|p2a: Quaquaval
|-boost|p2a: Quaquaval|atk|2
|move|p1a: Weezing|Strange Steam|p2a: Quaquaval
|-resisted|p2a: Quaquaval
|-crit|p2a: Quaquaval
|-damage|p2a: Quaquaval|65/100
|
|-weather|Snowscape|[upkeep]
|-heal|p1a: Weezing|51/100|[from] item: Leftovers
|upkeep
|turn|13
|
|t:|1779901335
|move|p2a: Quaquaval|Aqua Step|p1a: Weezing
|-damage|p1a: Weezing|2/100
|-boost|p2a: Quaquaval|spe|1
|move|p1a: Weezing|Flamethrower|p2a: Quaquaval
|-supereffective|p2a: Quaquaval
|-damage|p2a: Quaquaval|17/100
|
|-weather|none
|-heal|p1a: Weezing|8/100|[from] item: Leftovers
|upkeep
|turn|14
|
|t:|1779901343
|move|p2a: Quaquaval|Aqua Step|p1a: Weezing
|-damage|p1a: Weezing|0 fnt
|-boost|p2a: Quaquaval|spe|1
|faint|p1a: Weezing
|-ability|p2a: Quaquaval|Moxie|boost
|-boost|p2a: Quaquaval|atk|1
|
|upkeep
|
|t:|1779901345
|switch|p1a: Scizor|Scizor, F, shiny|100/100
|turn|15
|
|t:|1779901349
|-terastallize|p1a: Scizor|Steel
|move|p1a: Scizor|Bullet Punch|p2a: Quaquaval
|-resisted|p2a: Quaquaval
|-damage|p2a: Quaquaval|0 fnt
|faint|p2a: Quaquaval
|
|upkeep
|
|t:|1779901354
|switch|p2a: Cinderace|Cinderace, M|100/100
|turn|16
|
|t:|1779901361
|move|p2a: Cinderace|U-turn|p1a: Scizor
|-start|p2a: Cinderace|typechange|Bug|[from] ability: Libero
|-resisted|p1a: Scizor
|-damage|p1a: Scizor|83/100
|
|t:|1779901364
|switch|p2a: Gliscor|Gliscor, F|100/100|[from] U-turn
|-damage|p2a: Gliscor|88/100|[from] Stealth Rock
|move|p1a: Scizor|Knock Off|p2a: Gliscor
|-damage|p2a: Gliscor|60/100
|-enditem|p2a: Gliscor|Toxic Orb|[from] move: Knock Off|[of] p1a: Scizor
|
|upkeep
|turn|17
|
|t:|1779901368
|move|p2a: Gliscor|Stealth Rock|p1a: Scizor
|-sidestart|p1: alalu|move: Stealth Rock
|move|p1a: Scizor|Swords Dance|p1a: Scizor
|-boost|p1a: Scizor|atk|2
|
|upkeep
|turn|18
|
|t:|1779901371
|move|p1a: Scizor|Bullet Punch|p2a: Gliscor
|-damage|p2a: Gliscor|0 fnt
|faint|p2a: Gliscor
|
|upkeep
|
|t:|1779901374
|switch|p2a: Corviknight|Corviknight, F|88/100
|-damage|p2a: Corviknight|76/100|[from] Stealth Rock
|-ability|p2a: Corviknight|Pressure
|turn|19
|
|t:|1779901380
|move|p2a: Corviknight|Bulk Up|p2a: Corviknight
|-boost|p2a: Corviknight|atk|1
|-boost|p2a: Corviknight|def|1
|move|p1a: Scizor|U-turn|p2a: Corviknight
|-resisted|p2a: Corviknight
|-damage|p2a: Corviknight|68/100
|-damage|p1a: Scizor|66/100|[from] item: Rocky Helmet|[of] p2a: Corviknight
|
|t:|1779901383
|switch|p1a: Ragie|Raging Bolt|100/100|[from] U-turn
|-damage|p1a: Ragie|88/100|[from] Stealth Rock
|-enditem|p1a: Ragie|Booster Energy
|-activate|p1a: Ragie|ability: Protosynthesis|[fromitem]
|-start|p1a: Ragie|protosynthesisspa
|
|upkeep
|turn|20
|
|t:|1779901391
|move|p1a: Ragie|Thunderbolt|p2a: Corviknight
|-supereffective|p2a: Corviknight
|-damage|p2a: Corviknight|0 fnt
|faint|p2a: Corviknight
|
|upkeep
|-message|doggydee123 forfeited.
|
|win|alalu
|raw|alalu's rating: 1410 &rarr; <strong>1430</strong><br />(+20 for winning)
|raw|doggydee123's rating: 1410 &rarr; <strong>1390</strong><br />(-20 for losing)
|l|☆doggydee123
|player|p2|
|l|☆alalu
|player|p1|
|j|☆alalu
|player|p1|alalu|2|
|l|☆alalu
|player|p1|
