|j|☆PieCubed^3
|j|☆SgtBrick14
|t:|1779943839
|gametype|singles
|player|p1|PieCubed^3|hilda-wonderlauncher|1389
|player|p2|SgtBrick14|pokemonranger|1392
|gen|9
|tier|[Gen 9] OU
|rated|
|rule|HP Percentage Mod: HP is shown in percentages
|rule|Endless Battle Clause: Forcing endless battles is banned
|rule|Species Clause: Limit one of each Pokémon
|rule|OHKO Clause: OHKO moves are banned
|rule|Evasion Items Clause: Evasion items are banned
|rule|Evasion Moves Clause: Evasion moves are banned
|rule|Evasion Abilities Clause: Evasion abilities are banned
|rule|Sleep Moves Clause: Sleep-inducing moves are banned
|clearpoke
|poke|p1|Araquanid, F|
|poke|p1|Gholdengo|
|poke|p1|Kingambit, F|
|poke|p1|Raging Bolt|
|poke|p1|Keldeo-Resolute|
|poke|p1|Hoopa-Unbound|
|poke|p2|Glimmora, M|
|poke|p2|Rillaboom, F|
|poke|p2|Comfey, F|
|poke|p2|Cloyster, M|
|poke|p2|Deoxys-Speed|
|poke|p2|Gengar, F|
|teampreview
|inactive|Battle timer is ON: inactive players will automatically lose when time's up. (requested by PieCubed^3)
|
|t:|1779943852
|teamsize|p1|6
|teamsize|p2|6
|start
|switch|p1a: QUIL|Araquanid, F|100/100
|switch|p2a: Deoxys|Deoxys-Speed|100/100
|-ability|p2a: Deoxys|Pressure
|turn|1
|
|t:|1779943856
|move|p2a: Deoxys|Taunt|p1a: QUIL
|-start|p1a: QUIL|move: Taunt
|cant|p1a: QUIL|move: Taunt|Sticky Web
|
|upkeep
|turn|2
|
|t:|1779943858
|move|p2a: Deoxys|Stealth Rock|p1a: QUIL
|-sidestart|p1: PieCubed^3|move: Stealth Rock
|move|p1a: QUIL|Lunge|p2a: Deoxys
|-supereffective|p2a: Deoxys
|-damage|p2a: Deoxys|37/100
|-unboost|p2a: Deoxys|atk|1
|
|upkeep
|turn|3
|
|t:|1779943860
|move|p2a: Deoxys|Thunder Wave|p1a: QUIL
|-status|p1a: QUIL|par
|move|p1a: QUIL|Lunge|p2a: Deoxys
|-supereffective|p2a: Deoxys
|-damage|p2a: Deoxys|0 fnt
|faint|p2a: Deoxys
|
|-end|p1a: QUIL|move: Taunt
|upkeep
|
|t:|1779943861
|switch|p2a: Gengar|Gengar, F|100/100
|turn|4
|
|t:|1779943865
|move|p2a: Gengar|Taunt|p1a: QUIL
|-start|p1a: QUIL|move: Taunt
|cant|p1a: QUIL|move: Taunt|Sticky Web
|
|upkeep
|turn|5
|
|t:|1779943868
|move|p2a: Gengar|Sludge Wave|p1a: QUIL
|-damage|p1a: QUIL|66/100 par
|move|p1a: QUIL|Surf|p2a: Gengar
|-damage|p2a: Gengar|44/100
|-start|p1a: QUIL|Disable|Surf|[from] ability: Cursed Body|[of] p2a: Gengar
|
|upkeep
|turn|6
|inactive|PieCubed^3 has 120 seconds left.
|
|t:|1779943902
|switch|p1a: Hoopa|Hoopa-Unbound|100/100
|-damage|p1a: Hoopa|88/100|[from] Stealth Rock
|move|p2a: Gengar|Shadow Ball|p1a: Hoopa
|-damage|p1a: Hoopa|47/100
|
|upkeep
|turn|7
|
|t:|1779943909
|move|p2a: Gengar|Shadow Ball|p1a: Hoopa
|-damage|p1a: Hoopa|6/100
|move|p1a: Hoopa|Psychic Noise|p2a: Gengar
|-supereffective|p2a: Gengar
|-damage|p2a: Gengar|0 fnt
|-start|p1a: Hoopa|Disable|Psychic Noise|[from] ability: Cursed Body|[of] p2a: Gengar
|faint|p2a: Gengar
|
|upkeep
|
|t:|1779943914
|switch|p2a: Glimmora|Glimmora, M|100/100
|turn|8
|
|t:|1779943920
|move|p2a: Glimmora|Sludge Wave|p1a: Hoopa
|-damage|p1a: Hoopa|0 fnt
|faint|p1a: Hoopa
|
|upkeep
|
|t:|1779943922
|switch|p1a: QUIL|Araquanid, F|66/100 par
|-damage|p1a: QUIL|41/100 par|[from] Stealth Rock
|turn|9
|
|t:|1779943927
|move|p2a: Glimmora|Power Gem|p1a: QUIL
|-supereffective|p1a: QUIL
|-damage|p1a: QUIL|0 fnt
|faint|p1a: QUIL
|
|upkeep
|
|t:|1779943934
|switch|p1a: Keldeo|Keldeo-Resolute|100/100
|-damage|p1a: Keldeo|94/100|[from] Stealth Rock
|turn|10
|
|t:|1779943943
|move|p1a: Keldeo|Substitute|p1a: Keldeo
|-start|p1a: Keldeo|Substitute
|-damage|p1a: Keldeo|70/100
|move|p2a: Glimmora|Sludge Wave|p1a: Keldeo
|-end|p1a: Keldeo|Substitute
|
|upkeep
|turn|11
|
|t:|1779943945
|move|p1a: Keldeo|Surf|p2a: Glimmora
|-supereffective|p2a: Glimmora
|-enditem|p2a: Glimmora|Focus Sash
|-damage|p2a: Glimmora|1/100
|-damage|p1a: Keldeo|60/100|[from] item: Life Orb
|move|p2a: Glimmora|Toxic|p1a: Keldeo
|-status|p1a: Keldeo|tox
|
|-damage|p1a: Keldeo|53/100 tox|[from] psn
|upkeep
|turn|12
|
|t:|1779943954
|move|p1a: Keldeo|Secret Sword|p2a: Glimmora
|-damage|p2a: Glimmora|0 fnt
|faint|p2a: Glimmora
|-damage|p1a: Keldeo|44/100 tox|[from] item: Life Orb
|
|-damage|p1a: Keldeo|31/100 tox|[from] psn
|upkeep
|
|t:|1779943967
|switch|p2a: Rillaboom|Rillaboom, F|100/100
|-fieldstart|move: Grassy Terrain|[from] ability: Grassy Surge|[of] p2a: Rillaboom
|turn|13
|
|t:|1779943978
|switch|p1a: Raging Bolt|Raging Bolt|100/100
|-damage|p1a: Raging Bolt|88/100|[from] Stealth Rock
|-enditem|p1a: Raging Bolt|Booster Energy
|-activate|p1a: Raging Bolt|ability: Protosynthesis|[fromitem]
|-start|p1a: Raging Bolt|protosynthesisspa
|move|p2a: Rillaboom|Grassy Glide|p1a: Raging Bolt
|-resisted|p1a: Raging Bolt
|-damage|p1a: Raging Bolt|72/100
|
|-heal|p1a: Raging Bolt|78/100|[from] Grassy Terrain
|upkeep
|turn|14
|
|t:|1779943987
|move|p2a: Rillaboom|Swords Dance|p2a: Rillaboom
|-boost|p2a: Rillaboom|atk|2
|move|p1a: Raging Bolt|Dragon Pulse|p2a: Rillaboom
|-crit|p2a: Rillaboom
|-damage|p2a: Rillaboom|0 fnt
|faint|p2a: Rillaboom
|
|-heal|p1a: Raging Bolt|84/100|[from] Grassy Terrain
|upkeep
|
|t:|1779943989
|switch|p2a: Cloyster|Cloyster, M|100/100
|turn|15
|
|t:|1779943992
|move|p1a: Raging Bolt|Thunderbolt|p2a: Cloyster
|-supereffective|p2a: Cloyster
|-enditem|p2a: Cloyster|Focus Sash
|-damage|p2a: Cloyster|1/100
|move|p2a: Cloyster|Shell Smash|p2a: Cloyster
|-unboost|p2a: Cloyster|def|1
|-unboost|p2a: Cloyster|spd|1
|-boost|p2a: Cloyster|atk|2
|-boost|p2a: Cloyster|spa|2
|-boost|p2a: Cloyster|spe|2
|
|-heal|p2a: Cloyster|7/100|[from] Grassy Terrain
|-heal|p1a: Raging Bolt|90/100|[from] Grassy Terrain
|upkeep
|turn|16
|
|t:|1779943994
|move|p2a: Cloyster|Ice Shard|p1a: Raging Bolt
|-supereffective|p1a: Raging Bolt
|-damage|p1a: Raging Bolt|24/100
|move|p1a: Raging Bolt|Thunderclap||[still]
|-fail|p1a: Raging Bolt
|
|-heal|p2a: Cloyster|13/100|[from] Grassy Terrain
|-heal|p1a: Raging Bolt|30/100|[from] Grassy Terrain
|upkeep
|turn|17
|
|t:|1779944009
|-end|p1a: Raging Bolt|Protosynthesis|[silent]
|switch|p1a: Keldeo|Keldeo-Resolute|31/100 tox
|-damage|p1a: Keldeo|25/100 tox|[from] Stealth Rock
|move|p2a: Cloyster|Ice Shard|p1a: Keldeo
|-resisted|p1a: Keldeo
|-damage|p1a: Keldeo|3/100 tox
|
|-heal|p2a: Cloyster|20/100|[from] Grassy Terrain
|-heal|p1a: Keldeo|9/100 tox|[from] Grassy Terrain
|-damage|p1a: Keldeo|3/100 tox|[from] psn
|upkeep
|turn|18
|
|t:|1779944015
|move|p2a: Cloyster|Ice Shard|p1a: Keldeo
|-resisted|p1a: Keldeo
|-damage|p1a: Keldeo|0 fnt
|faint|p1a: Keldeo
|
|-heal|p2a: Cloyster|26/100|[from] Grassy Terrain
|upkeep
|
|t:|1779944025
|switch|p1a: Gholdengo|Gholdengo|100/100
|-damage|p1a: Gholdengo|94/100|[from] Stealth Rock
|-item|p1a: Gholdengo|Air Balloon
|turn|19
|
|t:|1779944032
|move|p2a: Cloyster|Liquidation|p1a: Gholdengo
|-damage|p1a: Gholdengo|10/100
|-enditem|p1a: Gholdengo|Air Balloon
|move|p1a: Gholdengo|Shadow Ball|p2a: Cloyster
|-damage|p2a: Cloyster|0 fnt
|faint|p2a: Cloyster
|
|-heal|p1a: Gholdengo|16/100|[from] Grassy Terrain
|upkeep
|
|t:|1779944043
|switch|p2a: Comfey|Comfey, F|100/100
|turn|20
|
|t:|1779944047
|move|p1a: Gholdengo|Make It Rain|p2a: Comfey
|-supereffective|p2a: Comfey
|-damage|p2a: Comfey|0 fnt
|-unboost|p1a: Gholdengo|spa|1
|faint|p2a: Comfey
|
|win|PieCubed^3
|raw|PieCubed^3's rating: 1389 &rarr; <strong>1409</strong><br />(+20 for winning)
|raw|SgtBrick14's rating: 1392 &rarr; <strong>1372</strong><br />(-20 for losing)
|l|☆PieCubed^3
|player|p1|
|l|☆SgtBrick14
|player|p2|
