|j|☆Maleficance
|j|☆claudechamp
|t:|1779830156
|gametype|singles
|player|p1|Maleficance|baker|1171
|player|p2|claudechamp|265|1137
|gen|9
|tier|[Gen 9] OU
|rated|
|rule|HP Percentage Mod: HP is shown in percentages
|rule|Endless Battle Clause: Forcing endless battles is banned
|rule|Species Clause: Limit one of each Pokémon
|rule|OHKO Clause: OHKO moves are banned
|rule|Evasion Items Clause: Evasion items are banned
|rule|Evasion Moves Clause: Evasion moves are banned
|rule|Evasion Abilities Clause: Evasion abilities are banned
|rule|Sleep Moves Clause: Sleep-inducing moves are banned
|clearpoke
|poke|p1|Deoxys-Speed|
|poke|p1|Whimsicott, F|
|poke|p1|Tornadus, M|
|poke|p1|Crawdaunt, M|
|poke|p1|Typhlosion-Hisui, F|
|poke|p1|Magnezone|
|poke|p2|Corviknight, F|
|poke|p2|Ting-Lu|
|poke|p2|Kyurem|
|poke|p2|Dondozo, M|
|poke|p2|Slowking-Galar, F|
|poke|p2|Cinderace, M|
|teampreview
|c|☆claudechamp|hf
|
|t:|1779830171
|teamsize|p1|6
|teamsize|p2|6
|start
|switch|p1a: Deoxys|Deoxys-Speed, shiny|100/100
|switch|p2a: Cinderace|Cinderace, M|100/100
|-ability|p1a: Deoxys|Pressure
|turn|1
|inactive|Battle timer is ON: inactive players will automatically lose when time's up. (requested by claudechamp)
|
|t:|1779830193
|move|p1a: Deoxys|Stealth Rock|p2a: Cinderace
|-sidestart|p2: claudechamp|move: Stealth Rock
|move|p2a: Cinderace|Pyro Ball|p1a: Deoxys
|-damage|p1a: Deoxys|31/100
|
|upkeep
|turn|2
|
|t:|1779830208
|move|p1a: Deoxys|Psychic|p2a: Cinderace
|-damage|p2a: Cinderace|55/100
|move|p2a: Cinderace|Court Change|p2a: Cinderace
|-swapsideconditions
|-activate|p2a: Cinderace|move: Court Change
|
|upkeep
|turn|3
|
|t:|1779830223
|move|p1a: Deoxys|Stealth Rock|p2a: Cinderace
|-sidestart|p2: claudechamp|move: Stealth Rock
|move|p2a: Cinderace|Pyro Ball|p1a: Deoxys
|-crit|p1a: Deoxys
|-damage|p1a: Deoxys|0 fnt
|faint|p1a: Deoxys
|
|upkeep
|
|t:|1779830229
|switch|p1a: Crawdaunt|Crawdaunt, M|100/100
|-damage|p1a: Crawdaunt|88/100|[from] Stealth Rock
|turn|4
|
|t:|1779830235
|move|p1a: Crawdaunt|Aqua Jet|p2a: Cinderace
|-supereffective|p2a: Cinderace
|-damage|p2a: Cinderace|0 fnt
|faint|p2a: Cinderace
|-damage|p1a: Crawdaunt|78/100|[from] item: Life Orb
|
|upkeep
|
|t:|1779830241
|switch|p2a: Kyurem|Kyurem|100/100
|-damage|p2a: Kyurem|75/100|[from] Stealth Rock
|-ability|p2a: Kyurem|Pressure
|turn|5
|
|t:|1779830244
|-terastallize|p1a: Crawdaunt|Poison
|move|p2a: Kyurem|Freeze-Dry|p1a: Crawdaunt
|-damage|p1a: Crawdaunt|5/100
|move|p1a: Crawdaunt|Knock Off|p2a: Kyurem
|-damage|p2a: Kyurem|11/100
|-enditem|p2a: Kyurem|Leftovers|[from] move: Knock Off|[of] p1a: Crawdaunt
|-damage|p1a: Crawdaunt|0 fnt|[from] item: Life Orb
|faint|p1a: Crawdaunt
|
|upkeep
|
|t:|1779830254
|switch|p1a: Tornadus|Tornadus, M|100/100
|turn|6
|
|t:|1779830261
|move|p1a: Tornadus|Heat Wave|p2a: Kyurem|[miss]
|-miss|p1a: Tornadus|p2a: Kyurem
|move|p2a: Kyurem|Freeze-Dry|p1a: Tornadus
|-supereffective|p1a: Tornadus
|-damage|p1a: Tornadus|0 fnt
|faint|p1a: Tornadus
|
|upkeep
|
|t:|1779830271
|switch|p1a: Magnezone|Magnezone, shiny|100/100
|-damage|p1a: Magnezone|94/100|[from] Stealth Rock
|turn|7
|
|t:|1779830275
|-terastallize|p2a: Kyurem|Ground
|move|p2a: Kyurem|Earth Power|p1a: Magnezone
|-supereffective|p1a: Magnezone
|-damage|p1a: Magnezone|0 fnt
|faint|p1a: Magnezone
|
|upkeep
|
|t:|1779830282
|switch|p1a: Whimsicott|Whimsicott, F, shiny|100/100
|-damage|p1a: Whimsicott|88/100|[from] Stealth Rock
|turn|8
|
|t:|1779830286
|move|p2a: Kyurem|Earth Power|p1a: Whimsicott
|-resisted|p1a: Whimsicott
|-damage|p1a: Whimsicott|64/100
|move|p1a: Whimsicott|U-turn|p2a: Kyurem
|-damage|p2a: Kyurem|0 fnt
|faint|p2a: Kyurem
|
|t:|1779830291
|switch|p1a: Typhlosion|Typhlosion-Hisui, F, shiny|100/100|[from] U-turn
|-damage|p1a: Typhlosion|76/100|[from] Stealth Rock
|
|upkeep
|
|t:|1779830292
|switch|p2a: Slowking|Slowking-Galar, F|100/100
|-damage|p2a: Slowking|88/100|[from] Stealth Rock
|turn|9
|
|t:|1779830295
|switch|p1a: Whimsicott|Whimsicott, F, shiny|64/100
|-damage|p1a: Whimsicott|51/100|[from] Stealth Rock
|move|p2a: Slowking|Ice Beam|p1a: Whimsicott
|-supereffective|p1a: Whimsicott
|-damage|p1a: Whimsicott|6/100
|
|upkeep
|turn|10
|
|t:|1779830310
|move|p1a: Whimsicott|Sunny Day|p1a: Whimsicott
|-weather|SunnyDay
|move|p2a: Slowking|Future Sight|p1a: Whimsicott
|-start|p2a: Slowking|move: Future Sight
|
|-weather|SunnyDay|[upkeep]
|upkeep
|turn|11
|
|t:|1779830324
|move|p1a: Whimsicott|Memento|p2a: Slowking
|-unboost|p2a: Slowking|atk|2
|-unboost|p2a: Slowking|spa|2
|faint|p1a: Whimsicott
|move|p2a: Slowking|Sludge Bomb|p1: Whimsicott|[notarget]
|-fail|p2a: Slowking
|
|-weather|SunnyDay|[upkeep]
|upkeep
|
|t:|1779830328
|switch|p1a: Typhlosion|Typhlosion-Hisui, F, shiny|76/100
|-damage|p1a: Typhlosion|51/100|[from] Stealth Rock
|turn|12
|
|t:|1779830339
|move|p1a: Typhlosion|Eruption|p2a: Slowking
|-damage|p2a: Slowking|10/100
|move|p2a: Slowking|Sludge Bomb|p1a: Typhlosion
|-resisted|p1a: Typhlosion
|-damage|p1a: Typhlosion|40/100
|
|-weather|SunnyDay|[upkeep]
|-end|p1a: Typhlosion|move: Future Sight
|-damage|p1a: Typhlosion|10/100
|upkeep
|turn|13
|-message|Maleficance forfeited.
|
|win|claudechamp
|raw|Maleficance's rating: 1171 &rarr; <strong>1144</strong><br />(-27 for losing)
|raw|claudechamp's rating: 1137 &rarr; <strong>1164</strong><br />(+27 for winning)
|l|☆Maleficance
|player|p1|
|c|☆claudechamp|gg
