|j|☆mambroeru
|j|☆rasb
|t:|1779921094
|gametype|singles
|player|p1|mambroeru|swimmer-gen4dp|1467
|player|p2|rasb|102|1495
|gen|9
|tier|[Gen 9] OU
|rated|
|rule|HP Percentage Mod: HP is shown in percentages
|rule|Endless Battle Clause: Forcing endless battles is banned
|rule|Species Clause: Limit one of each Pokémon
|rule|OHKO Clause: OHKO moves are banned
|rule|Evasion Items Clause: Evasion items are banned
|rule|Evasion Moves Clause: Evasion moves are banned
|rule|Evasion Abilities Clause: Evasion abilities are banned
|rule|Sleep Moves Clause: Sleep-inducing moves are banned
|clearpoke
|poke|p1|Garganacl, F|
|poke|p1|Slowking-Galar, F|
|poke|p1|Manaphy|
|poke|p1|Great Tusk|
|poke|p1|Samurott-Hisui, F|
|poke|p1|Gholdengo|
|poke|p2|Ceruledge, M|
|poke|p2|Raging Bolt|
|poke|p2|Ogerpon-Wellspring, F|
|poke|p2|Darkrai|
|poke|p2|Great Tusk|
|poke|p2|Gholdengo|
|teampreview
|inactive|Battle timer is ON: inactive players will automatically lose when time's up. (requested by rasb)
|
|t:|1779921115
|teamsize|p1|6
|teamsize|p2|6
|start
|switch|p1a: Samurott|Samurott-Hisui, F|100/100
|switch|p2a: Great Tusk|Great Tusk|100/100
|turn|1
|
|t:|1779921120
|switch|p1a: Great Tusk|Great Tusk|100/100
|move|p2a: Great Tusk|Stealth Rock|p1a: Great Tusk
|-sidestart|p1: mambroeru|move: Stealth Rock
|
|upkeep
|turn|2
|
|t:|1779921125
|-end|p2a: Great Tusk|Protosynthesis|[silent]
|switch|p2a: Ogerpon|Ogerpon-Wellspring, F|100/100
|move|p1a: Great Tusk|Knock Off|p2a: Ogerpon
|-damage|p2a: Ogerpon|78/100
|
|upkeep
|turn|3
|
|t:|1779921129
|-end|p1a: Great Tusk|Protosynthesis|[silent]
|switch|p1a: Slowking|Slowking-Galar, F|100/100
|-damage|p1a: Slowking|88/100|[from] Stealth Rock
|move|p2a: Ogerpon|Power Whip|p1a: Slowking
|-resisted|p1a: Slowking
|-damage|p1a: Slowking|64/100
|
|-heal|p1a: Slowking|70/100|[from] item: Black Sludge
|upkeep
|turn|4
|
|t:|1779921138
|switch|p2a: Gholdengo|Gholdengo|100/100
|-item|p2a: Gholdengo|Air Balloon
|-prepare|p1a: Slowking|Chilly Reception|[premajor]
|move|p1a: Slowking|Chilly Reception|p1a: Slowking
|-weather|Snowscape
|
|t:|1779921146
|switch|p1a: Gholdengo|Gholdengo|100/100|[from] Chilly Reception
|-damage|p1a: Gholdengo|94/100|[from] Stealth Rock
|
|-weather|Snowscape|[upkeep]
|upkeep
|turn|5
|
|t:|1779921160
|switch|p2a: Darkrai|Darkrai|100/100
|move|p1a: Gholdengo|Shadow Ball|p2a: Darkrai
|-resisted|p2a: Darkrai
|-damage|p2a: Darkrai|73/100
|-unboost|p2a: Darkrai|spd|1
|
|-weather|Snowscape|[upkeep]
|upkeep
|turn|6
|
|t:|1779921169
|switch|p1a: Garganacl|Garganacl, F|100/100
|-damage|p1a: Garganacl|88/100|[from] Stealth Rock
|move|p2a: Darkrai|Dark Pulse|p1a: Garganacl
|-damage|p1a: Garganacl|58/100
|
|-weather|Snowscape|[upkeep]
|-heal|p1a: Garganacl|65/100|[from] item: Leftovers
|upkeep
|turn|7
|
|t:|1779921176
|switch|p2a: Great Tusk|Great Tusk|100/100
|move|p1a: Garganacl|Salt Cure|p2a: Great Tusk
|-resisted|p2a: Great Tusk
|-damage|p2a: Great Tusk|99/100
|-start|p2a: Great Tusk|Salt Cure
|
|-weather|Snowscape|[upkeep]
|-heal|p1a: Garganacl|71/100|[from] item: Leftovers
|-damage|p2a: Great Tusk|86/100|[from] Salt Cure
|upkeep
|turn|8
|
|t:|1779921179
|switch|p1a: Great Tusk|Great Tusk|100/100
|-damage|p1a: Great Tusk|98/100|[from] Stealth Rock
|move|p2a: Great Tusk|Headlong Rush|p1a: Great Tusk
|-damage|p1a: Great Tusk|65/100
|-unboost|p2a: Great Tusk|def|1
|-unboost|p2a: Great Tusk|spd|1
|
|-weather|none
|-heal|p1a: Great Tusk|72/100|[from] item: Leftovers
|-damage|p2a: Great Tusk|74/100|[from] Salt Cure
|upkeep
|turn|9
|
|t:|1779921185
|-end|p2a: Great Tusk|Protosynthesis|[silent]
|switch|p2a: Ogerpon|Ogerpon-Wellspring, F|78/100
|move|p1a: Great Tusk|Rapid Spin|p2a: Ogerpon
|-damage|p2a: Ogerpon|58/100
|-boost|p1a: Great Tusk|spe|1
|-sideend|p1: mambroeru|Stealth Rock|[from] move: Rapid Spin|[of] p1a: Great Tusk
|
|-heal|p1a: Great Tusk|78/100|[from] item: Leftovers
|upkeep
|turn|10
|
|t:|1779921193
|-end|p1a: Great Tusk|Protosynthesis|[silent]
|switch|p1a: Slowking|Slowking-Galar, F|100/100
|move|p2a: Ogerpon|Power Whip|p1a: Slowking
|-resisted|p1a: Slowking
|-damage|p1a: Slowking|73/100
|
|-heal|p1a: Slowking|79/100|[from] item: Black Sludge
|upkeep
|turn|11
|
|t:|1779921215
|move|p2a: Ogerpon|Swords Dance|p2a: Ogerpon
|-boost|p2a: Ogerpon|atk|2
|-prepare|p1a: Slowking|Chilly Reception|[premajor]
|move|p1a: Slowking|Chilly Reception|p1a: Slowking
|-weather|Snowscape
|
|t:|1779921221
|switch|p1a: Samurott|Samurott-Hisui, F|100/100|[from] Chilly Reception
|
|-weather|Snowscape|[upkeep]
|upkeep
|turn|12
|
|t:|1779921227
|move|p2a: Ogerpon|Play Rough|p1a: Samurott
|-supereffective|p1a: Samurott
|-enditem|p1a: Samurott|Focus Sash
|-damage|p1a: Samurott|1/100
|move|p1a: Samurott|Ceaseless Edge|p2a: Ogerpon
|-damage|p2a: Ogerpon|0 fnt
|-sidestart|p2: rasb|Spikes
|faint|p2a: Ogerpon
|
|-weather|Snowscape|[upkeep]
|upkeep
|
|t:|1779921236
|switch|p2a: Great Tusk|Great Tusk|74/100
|-damage|p2a: Great Tusk|61/100|[from] Spikes
|turn|13
|
|t:|1779921242
|move|p1a: Samurott|Razor Shell|p2a: Great Tusk
|-supereffective|p2a: Great Tusk
|-damage|p2a: Great Tusk|3/100
|-unboost|p2a: Great Tusk|def|1
|-damage|p1a: Samurott|0 fnt|[from] item: Rocky Helmet|[of] p2a: Great Tusk
|faint|p1a: Samurott
|move|p2a: Great Tusk|Stealth Rock|p1: Samurott
|-sidestart|p1: mambroeru|move: Stealth Rock
|
|-weather|Snowscape|[upkeep]
|upkeep
|
|t:|1779921247
|switch|p1a: Great Tusk|Great Tusk|78/100
|-damage|p1a: Great Tusk|75/100|[from] Stealth Rock
|turn|14
|
|t:|1779921264
|-end|p2a: Great Tusk|Protosynthesis|[silent]
|switch|p2a: Gholdengo|Gholdengo|100/100
|-item|p2a: Gholdengo|Air Balloon
|move|p1a: Great Tusk|Rapid Spin|p2a: Gholdengo
|-immune|p2a: Gholdengo
|
|-weather|Snowscape|[upkeep]
|-heal|p1a: Great Tusk|81/100|[from] item: Leftovers
|upkeep
|turn|15
|
|t:|1779921272
|-end|p1a: Great Tusk|Protosynthesis|[silent]
|switch|p1a: Gholdengo|Gholdengo|94/100
|-damage|p1a: Gholdengo|88/100|[from] Stealth Rock
|move|p2a: Gholdengo|Shadow Ball|p1a: Gholdengo
|-supereffective|p1a: Gholdengo
|-damage|p1a: Gholdengo|0 fnt
|faint|p1a: Gholdengo
|
|-weather|none
|upkeep
|-message|mambroeru forfeited.
|
|win|rasb
|raw|mambroeru's rating: 1467 &rarr; <strong>1449</strong><br />(-18 for losing)
|raw|rasb's rating: 1495 &rarr; <strong>1513</strong><br />(+18 for winning)
