|j|☆ryanman7
|j|☆zmqz
|t:|1779883578
|gametype|singles
|player|p1|ryanman7|skier|1415
|player|p2|zmqz|preschooler|1406
|gen|9
|tier|[Gen 9] OU
|rated|
|rule|HP Percentage Mod: HP is shown in percentages
|rule|Endless Battle Clause: Forcing endless battles is banned
|rule|Species Clause: Limit one of each Pokémon
|rule|OHKO Clause: OHKO moves are banned
|rule|Evasion Items Clause: Evasion items are banned
|rule|Evasion Moves Clause: Evasion moves are banned
|rule|Evasion Abilities Clause: Evasion abilities are banned
|rule|Sleep Moves Clause: Sleep-inducing moves are banned
|clearpoke
|poke|p1|Gyarados, F|
|poke|p1|Ursaluna, M|
|poke|p1|Clefable, M|
|poke|p1|Dragapult, M|
|poke|p1|Amoonguss, M|
|poke|p1|Iron Treads|
|poke|p2|Great Tusk|
|poke|p2|Ogerpon-Cornerstone, F|
|poke|p2|Kyurem|
|poke|p2|Iron Moth|
|poke|p2|Pecharunt|
|poke|p2|Vikavolt, F|
|teampreview
|
|t:|1779883589
|teamsize|p1|6
|teamsize|p2|6
|start
|switch|p1a: Gyarados|Gyarados, F|100/100
|switch|p2a: Vikavolt|Vikavolt, F|100/100
|turn|1
|
|t:|1779883597
|-terastallize|p1a: Gyarados|Ground
|move|p1a: Gyarados|Dragon Dance|p1a: Gyarados
|-boost|p1a: Gyarados|atk|1
|-boost|p1a: Gyarados|spe|1
|move|p2a: Vikavolt|Sticky Web|p1a: Gyarados
|-sidestart|p1: ryanman7|move: Sticky Web
|
|upkeep
|turn|2
|
|t:|1779883608
|move|p1a: Gyarados|Dragon Dance|p1a: Gyarados
|-boost|p1a: Gyarados|atk|1
|-boost|p1a: Gyarados|spe|1
|move|p2a: Vikavolt|Bug Buzz|p1a: Gyarados
|-damage|p1a: Gyarados|39/100
|
|-heal|p1a: Gyarados|45/100|[from] item: Leftovers
|upkeep
|turn|3
|
|t:|1779883611
|move|p1a: Gyarados|Waterfall|p2a: Vikavolt
|-damage|p2a: Vikavolt|18/100
|move|p2a: Vikavolt|Bug Buzz|p1a: Gyarados
|-damage|p1a: Gyarados|0 fnt
|faint|p1a: Gyarados
|
|upkeep
|
|t:|1779883621
|switch|p1a: Dragapult|Dragapult, M|100/100
|-activate|p1a: Dragapult|move: Sticky Web
|-unboost|p1a: Dragapult|spe|1
|turn|4
|
|t:|1779883625
|move|p1a: Dragapult|Shadow Ball|p2a: Vikavolt
|-damage|p2a: Vikavolt|0 fnt
|faint|p2a: Vikavolt
|
|upkeep
|
|t:|1779883633
|switch|p2a: Kyurem|Kyurem|100/100
|-ability|p2a: Kyurem|Pressure
|turn|5
|inactive|Battle timer is ON: inactive players will automatically lose when time's up. (requested by ryanman7)
|
|t:|1779883669
|switch|p1a: Clefable|Clefable, M|100/100
|-terastallize|p2a: Kyurem|Fairy
|move|p2a: Kyurem|Ice Beam|p1a: Clefable
|-damage|p1a: Clefable|55/100
|-status|p1a: Clefable|frz
|
|upkeep
|turn|6
|
|t:|1779883677
|move|p2a: Kyurem|Ice Beam|p1a: Clefable
|-damage|p1a: Clefable|8/100 frz
|cant|p1a: Clefable|frz
|
|upkeep
|turn|7
|
|t:|1779883696
|move|p2a: Kyurem|Earth Power|p1a: Clefable
|-damage|p1a: Clefable|0 fnt
|faint|p1a: Clefable
|
|upkeep
|
|t:|1779883700
|switch|p1a: Iron Treads|Iron Treads|100/100
|-activate|p1a: Iron Treads|move: Sticky Web
|-unboost|p1a: Iron Treads|spe|1
|turn|8
|
|t:|1779883708
|move|p2a: Kyurem|Earth Power|p1a: Iron Treads
|-supereffective|p1a: Iron Treads
|-damage|p1a: Iron Treads|9/100
|move|p1a: Iron Treads|Rapid Spin|p2a: Kyurem
|-damage|p2a: Kyurem|86/100
|-boost|p1a: Iron Treads|spe|1
|-sideend|p1: ryanman7|Sticky Web|[from] move: Rapid Spin|[of] p1a: Iron Treads
|
|-heal|p1a: Iron Treads|15/100|[from] item: Leftovers
|upkeep
|turn|9
|
|t:|1779883722
|switch|p2a: Iron Moth|Iron Moth|100/100
|-enditem|p2a: Iron Moth|Booster Energy
|-activate|p2a: Iron Moth|ability: Quark Drive|[fromitem]
|-start|p2a: Iron Moth|quarkdrivespa
|move|p1a: Iron Treads|Earthquake|p2a: Iron Moth
|-supereffective|p2a: Iron Moth
|-damage|p2a: Iron Moth|0 fnt
|faint|p2a: Iron Moth
|-end|p2a: Iron Moth|Quark Drive|[silent]
|
|-heal|p1a: Iron Treads|21/100|[from] item: Leftovers
|upkeep
|
|t:|1779883736
|switch|p2a: Ogerpon|Ogerpon-Cornerstone, F|100/100
|turn|10
|
|t:|1779883740
|-end|p1a: Iron Treads|Quark Drive|[silent]
|switch|p1a: Amoonguss|Amoonguss, M|100/100
|move|p2a: Ogerpon|Ivy Cudgel|p1a: Amoonguss|[anim] Ivy Cudgel Rock
|-crit|p1a: Amoonguss
|-damage|p1a: Amoonguss|35/100
|
|upkeep
|turn|11
|
|t:|1779883748
|switch|p1a: Ursaluna|Ursaluna, M|100/100
|move|p2a: Ogerpon|Ivy Cudgel|p1a: Ursaluna|[anim] Ivy Cudgel Rock
|-resisted|p1a: Ursaluna
|-crit|p1a: Ursaluna
|-damage|p1a: Ursaluna|65/100
|
|-status|p1a: Ursaluna|brn|[from] item: Flame Orb
|upkeep
|turn|12
|
|t:|1779883758
|switch|p1a: Amoonguss|Amoonguss, M|68/100
|move|p2a: Ogerpon|Horn Leech|p1a: Amoonguss
|-resisted|p1a: Amoonguss
|-damage|p1a: Amoonguss|60/100
|
|upkeep
|turn|13
|
|t:|1779883764
|move|p2a: Ogerpon|Ivy Cudgel|p1a: Amoonguss|[anim] Ivy Cudgel Rock
|-damage|p1a: Amoonguss|18/100
|move|p1a: Amoonguss|Synthesis|p1a: Amoonguss
|-heal|p1a: Amoonguss|68/100
|
|upkeep
|turn|14
|
|t:|1779883770
|move|p2a: Ogerpon|Encore|p1a: Amoonguss
|-start|p1a: Amoonguss|Encore
|move|p1a: Amoonguss|Synthesis|p1a: Amoonguss
|-heal|p1a: Amoonguss|100/100
|
|upkeep
|turn|15
|
|t:|1779883775
|switch|p1a: Iron Treads|Iron Treads|21/100
|move|p2a: Ogerpon|Swords Dance|p2a: Ogerpon
|-boost|p2a: Ogerpon|atk|2
|
|-heal|p1a: Iron Treads|28/100|[from] item: Leftovers
|upkeep
|turn|16
|
|t:|1779883786
|move|p2a: Ogerpon|Ivy Cudgel|p1a: Iron Treads|[anim] Ivy Cudgel Rock
|-resisted|p1a: Iron Treads
|-damage|p1a: Iron Treads|1/100
|move|p1a: Iron Treads|Earthquake|p2a: Ogerpon
|-damage|p2a: Ogerpon|41/100
|
|-heal|p1a: Iron Treads|7/100|[from] item: Leftovers
|upkeep
|turn|17
|
|t:|1779883796
|move|p2a: Ogerpon|Ivy Cudgel|p1a: Iron Treads|[anim] Ivy Cudgel Rock
|-resisted|p1a: Iron Treads
|-damage|p1a: Iron Treads|0 fnt
|faint|p1a: Iron Treads
|-end|p1a: Iron Treads|Quark Drive|[silent]
|
|upkeep
|
|t:|1779883798
|switch|p1a: Dragapult|Dragapult, M|100/100
|turn|18
|
|t:|1779883803
|move|p1a: Dragapult|Shadow Ball|p2a: Ogerpon
|-damage|p2a: Ogerpon|0 fnt
|faint|p2a: Ogerpon
|
|upkeep
|
|t:|1779883809
|switch|p2a: Kyurem|Kyurem, tera:Fairy|86/100
|-ability|p2a: Kyurem|Pressure
|turn|19
|
|t:|1779883828
|move|p1a: Dragapult|Shadow Ball|p2a: Kyurem
|-damage|p2a: Kyurem|54/100
|-unboost|p2a: Kyurem|spd|1
|move|p2a: Kyurem|Ice Beam|p1a: Dragapult
|-supereffective|p1a: Dragapult
|-crit|p1a: Dragapult
|-damage|p1a: Dragapult|0 fnt
|faint|p1a: Dragapult
|
|upkeep
|-message|ryanman7 forfeited.
|
|win|zmqz
|raw|ryanman7's rating: 1415 &rarr; <strong>1394</strong><br />(-21 for losing)
|raw|zmqz's rating: 1406 &rarr; <strong>1427</strong><br />(+21 for winning)
|l|☆ryanman7
|player|p1|
|l|☆zmqz
|player|p2|
