|j|☆Almighty astraeus
|j|☆Orogonoria
|t:|1779878734
|gametype|singles
|player|p1|Almighty astraeus|101|1293
|player|p2|Orogonoria|cheren-gen5bw2|1279
|gen|9
|tier|[Gen 9] OU
|rated|
|rule|HP Percentage Mod: HP is shown in percentages
|rule|Endless Battle Clause: Forcing endless battles is banned
|rule|Species Clause: Limit one of each Pokémon
|rule|OHKO Clause: OHKO moves are banned
|rule|Evasion Items Clause: Evasion items are banned
|rule|Evasion Moves Clause: Evasion moves are banned
|rule|Evasion Abilities Clause: Evasion abilities are banned
|rule|Sleep Moves Clause: Sleep-inducing moves are banned
|clearpoke
|poke|p1|Araquanid, M|
|poke|p1|Lokix, M|
|poke|p1|Galvantula, M|
|poke|p1|Excadrill, M|
|poke|p1|Noivern, M|
|poke|p1|Arcanine-Hisui, M|
|poke|p2|Torkoal, F|
|poke|p2|Walking Wake|
|poke|p2|Leavanny, M|
|poke|p2|Venusaur, F|
|poke|p2|Great Tusk|
|poke|p2|Clefable, F|
|teampreview
|inactive|Battle timer is ON: inactive players will automatically lose when time's up. (requested by Orogonoria)
|
|t:|1779878737
|teamsize|p1|6
|teamsize|p2|6
|start
|switch|p1a: Faba|Araquanid, M, shiny|100/100
|switch|p2a: Torkoal|Torkoal, F, shiny|100/100
|-weather|SunnyDay|[from] ability: Drought|[of] p2a: Torkoal
|turn|1
|
|t:|1779878749
|switch|p1a: Dick|Noivern, M|100/100
|move|p2a: Torkoal|Rapid Spin|p1a: Dick
|-damage|p1a: Dick|88/100
|-boost|p2a: Torkoal|spe|1
|
|-weather|SunnyDay|[upkeep]
|upkeep
|turn|2
|
|t:|1779878770
|switch|p2a: Great Tusk|Great Tusk|100/100
|-activate|p2a: Great Tusk|ability: Protosynthesis
|-start|p2a: Great Tusk|protosynthesisatk
|move|p1a: Dick|Boomburst|p2a: Great Tusk
|-damage|p2a: Great Tusk|44/100
|-enditem|p1a: Dick|Throat Spray
|-boost|p1a: Dick|spa|1|[from] item: Throat Spray
|
|-weather|SunnyDay|[upkeep]
|upkeep
|turn|3
|
|t:|1779878783
|move|p2a: Great Tusk|Ice Spinner|p1a: Dick
|-supereffective|p1a: Dick
|-damage|p1a: Dick|0 fnt
|faint|p1a: Dick
|
|-weather|SunnyDay|[upkeep]
|upkeep
|
|t:|1779878789
|switch|p1a: Faba|Araquanid, M, shiny|100/100
|turn|4
|
|t:|1779878812
|-end|p2a: Great Tusk|Protosynthesis|[silent]
|switch|p2a: Walking Wake|Walking Wake|100/100
|-activate|p2a: Walking Wake|ability: Protosynthesis
|-start|p2a: Walking Wake|protosynthesisspa
|move|p1a: Faba|Liquidation|p2a: Walking Wake
|-resisted|p2a: Walking Wake
|-crit|p2a: Walking Wake
|-damage|p2a: Walking Wake|80/100
|
|-weather|SunnyDay|[upkeep]
|upkeep
|turn|5
|inactive|Orogonoria has 120 seconds left.
|
|t:|1779878839
|switch|p1a: Spike|Arcanine-Hisui, M|100/100
|move|p2a: Walking Wake|Draco Meteor|p1a: Spike
|-damage|p1a: Spike|0 fnt
|-unboost|p2a: Walking Wake|spa|2
|faint|p1a: Spike
|
|-weather|SunnyDay|[upkeep]
|upkeep
|
|t:|1779878846
|switch|p1a: PR|Lokix, M|100/100
|turn|6
|
|t:|1779878853
|-end|p2a: Walking Wake|Protosynthesis|[silent]
|switch|p2a: Great Tusk|Great Tusk|44/100
|-activate|p2a: Great Tusk|ability: Protosynthesis
|-start|p2a: Great Tusk|protosynthesisatk
|move|p1a: PR|First Impression|p2a: Great Tusk
|-resisted|p2a: Great Tusk
|-damage|p2a: Great Tusk|3/100
|-damage|p1a: PR|91/100|[from] item: Life Orb
|
|-weather|SunnyDay|[upkeep]
|upkeep
|turn|7
|
|t:|1779878871
|move|p1a: PR|Sucker Punch|p2a: Great Tusk
|-resisted|p2a: Great Tusk
|-damage|p2a: Great Tusk|0 fnt
|faint|p2a: Great Tusk
|-end|p2a: Great Tusk|Protosynthesis|[silent]
|-damage|p1a: PR|81/100|[from] item: Life Orb
|
|-weather|SunnyDay|[upkeep]
|upkeep
|
|t:|1779878880
|switch|p2a: Walking Wake|Walking Wake|80/100
|-activate|p2a: Walking Wake|ability: Protosynthesis
|-start|p2a: Walking Wake|protosynthesisspa
|turn|8
|
|t:|1779878890
|switch|p1a: Faba|Araquanid, M, shiny|100/100
|move|p2a: Walking Wake|Hydro Steam|p1a: Faba
|-resisted|p1a: Faba
|-damage|p1a: Faba|69/100
|
|-weather|none
|-end|p2a: Walking Wake|Protosynthesis
|upkeep
|turn|9
|
|t:|1779878898
|-end|p2a: Walking Wake|Protosynthesis|[silent]
|switch|p2a: Torkoal|Torkoal, F, shiny|100/100
|-weather|SunnyDay|[from] ability: Drought|[of] p2a: Torkoal
|move|p1a: Faba|Liquidation|p2a: Torkoal
|-supereffective|p2a: Torkoal
|-damage|p2a: Torkoal|30/100
|
|-weather|SunnyDay|[upkeep]
|upkeep
|turn|10
|
|t:|1779878913
|switch|p1a: PR|Lokix, M|81/100
|switch|p2a: Walking Wake|Walking Wake|80/100
|-activate|p2a: Walking Wake|ability: Protosynthesis
|-start|p2a: Walking Wake|protosynthesisspa
|
|-weather|SunnyDay|[upkeep]
|upkeep
|turn|11
|
|t:|1779878924
|-terastallize|p2a: Walking Wake|Steel
|-terastallize|p1a: PR|Bug
|move|p1a: PR|First Impression|p2a: Walking Wake
|-resisted|p2a: Walking Wake
|-damage|p2a: Walking Wake|0 fnt
|faint|p2a: Walking Wake
|-end|p2a: Walking Wake|Protosynthesis|[silent]
|-damage|p1a: PR|71/100|[from] item: Life Orb
|
|-weather|SunnyDay|[upkeep]
|upkeep
|inactive|Orogonoria has 120 seconds left.
|
|t:|1779878948
|switch|p2a: Clefable|Clefable, F|100/100
|turn|12
|
|t:|1779878951
|move|p1a: PR|U-turn|p2a: Clefable
|-resisted|p2a: Clefable
|-damage|p2a: Clefable|35/100
|-damage|p1a: PR|61/100|[from] item: Life Orb
|
|t:|1779878956
|switch|p1a: Simon|Excadrill, M, shiny|100/100|[from] U-turn
|-ability|p1a: Simon|Mold Breaker
|move|p2a: Clefable|Flamethrower|p1a: Simon
|-supereffective|p1a: Simon
|-damage|p1a: Simon|0 fnt
|faint|p1a: Simon
|
|-weather|SunnyDay|[upkeep]
|-heal|p2a: Clefable|41/100|[from] item: Leftovers
|upkeep
|
|t:|1779878966
|switch|p1a: Zpidy|Galvantula, M, shiny|100/100
|turn|13
|
|t:|1779878971
|move|p1a: Zpidy|Volt Switch|p2a: Clefable
|-damage|p2a: Clefable|0 fnt
|faint|p2a: Clefable
|
|t:|1779878974
|switch|p1a: PR|Lokix, M, tera:Bug|61/100|[from] Volt Switch
|
|-weather|SunnyDay|[upkeep]
|upkeep
|
|t:|1779878988
|switch|p2a: Venusaur|Venusaur, F|100/100
|turn|14
|
|t:|1779879004
|move|p1a: PR|First Impression|p2a: Venusaur
|-damage|p2a: Venusaur|0 fnt
|faint|p2a: Venusaur
|-damage|p1a: PR|51/100|[from] item: Life Orb
|
|-weather|SunnyDay|[upkeep]
|upkeep
|
|t:|1779879012
|switch|p2a: Leavanny|Leavanny, M|100/100
|turn|15
|
|t:|1779879018
|move|p2a: Leavanny|Swords Dance|p2a: Leavanny
|-boost|p2a: Leavanny|atk|2
|move|p1a: PR|Leech Life|p2a: Leavanny
|-supereffective|p2a: Leavanny
|-enditem|p2a: Leavanny|Focus Sash
|-damage|p2a: Leavanny|1/100
|-heal|p1a: PR|100/100|[from] drain|[of] p2a: Leavanny
|-damage|p1a: PR|91/100|[from] item: Life Orb
|
|-weather|SunnyDay|[upkeep]
|upkeep
|turn|16
|
|t:|1779879034
|move|p1a: PR|Sucker Punch||[still]
|-fail|p1a: PR
|move|p2a: Leavanny|Swords Dance|p2a: Leavanny
|-boost|p2a: Leavanny|atk|2
|
|-weather|none
|upkeep
|turn|17
|
|t:|1779879047
|move|p1a: PR|U-turn|p2a: Leavanny
|-supereffective|p2a: Leavanny
|-damage|p2a: Leavanny|0 fnt
|faint|p2a: Leavanny
|-damage|p1a: PR|81/100|[from] item: Life Orb
|-message|Orogonoria forfeited.
|
|win|Almighty astraeus
|raw|Almighty astraeus's rating: 1293 &rarr; <strong>1317</strong><br />(+24 for winning)
|raw|Orogonoria's rating: 1279 &rarr; <strong>1255</strong><br />(-24 for losing)
|l|☆Orogonoria
|player|p2|
|l|☆Almighty astraeus
|player|p1|
|j|☆Almighty astraeus
|player|p1|Almighty astraeus|101|
