|j|☆StormIsNotOmega
|j|☆TheManOfSausage
|t:|1779864718
|gametype|singles
|player|p1|StormIsNotOmega|psychic-gen4|1478
|player|p2|TheManOfSausage|miku-water|1456
|gen|9
|tier|[Gen 9] OU
|rated|
|rule|HP Percentage Mod: HP is shown in percentages
|rule|Endless Battle Clause: Forcing endless battles is banned
|rule|Species Clause: Limit one of each Pokémon
|rule|OHKO Clause: OHKO moves are banned
|rule|Evasion Items Clause: Evasion items are banned
|rule|Evasion Moves Clause: Evasion moves are banned
|rule|Evasion Abilities Clause: Evasion abilities are banned
|rule|Sleep Moves Clause: Sleep-inducing moves are banned
|clearpoke
|poke|p1|Moltres|
|poke|p1|Clodsire, F|
|poke|p1|Gliscor, M|
|poke|p1|Chansey, F|
|poke|p1|Dondozo, M|
|poke|p1|Weezing-Galar, F|
|poke|p2|Tyranitar, M|
|poke|p2|Excadrill, M|
|poke|p2|Ogerpon-Wellspring, F|
|poke|p2|Corviknight, F|
|poke|p2|Kyurem|
|poke|p2|Zapdos|
|teampreview
|
|t:|1779864736
|teamsize|p1|6
|teamsize|p2|6
|start
|switch|p1a: Gliscor|Gliscor, M|100/100
|switch|p2a: Tyranitar|Tyranitar, M|100/100
|-weather|Sandstorm|[from] ability: Sand Stream|[of] p2a: Tyranitar
|turn|1
|inactive|Battle timer is ON: inactive players will automatically lose when time's up. (requested by StormIsNotOmega)
|
|t:|1779864742
|switch|p2a: Excadrill|Excadrill, M|100/100
|move|p1a: Gliscor|Protect||[still]
|-fail|p1a: Gliscor
|
|-weather|Sandstorm|[upkeep]
|-status|p1a: Gliscor|tox|[from] item: Toxic Orb
|upkeep
|turn|2
|
|t:|1779864755
|switch|p2a: Kyurem|Kyurem|100/100
|-ability|p2a: Kyurem|Pressure
|move|p1a: Gliscor|Knock Off|p2a: Kyurem
|-damage|p2a: Kyurem|82/100
|-enditem|p2a: Kyurem|Choice Scarf|[from] move: Knock Off|[of] p1a: Gliscor
|
|-weather|Sandstorm|[upkeep]
|-damage|p2a: Kyurem|76/100|[from] Sandstorm
|upkeep
|turn|3
|
|t:|1779864764
|move|p1a: Gliscor|Protect|p1a: Gliscor
|-singleturn|p1a: Gliscor|Protect
|move|p2a: Kyurem|Ice Beam|p1a: Gliscor
|-activate|p1a: Gliscor|move: Protect
|
|-weather|Sandstorm|[upkeep]
|-damage|p2a: Kyurem|70/100|[from] Sandstorm
|upkeep
|turn|4
|
|t:|1779864772
|-terastallize|p1a: Gliscor|Normal
|move|p2a: Kyurem|Ice Beam|p1a: Gliscor
|-damage|p1a: Gliscor|60/100 tox
|move|p1a: Gliscor|Swords Dance|p1a: Gliscor
|-boost|p1a: Gliscor|atk|2
|
|-weather|Sandstorm|[upkeep]
|-damage|p2a: Kyurem|64/100|[from] Sandstorm
|-damage|p1a: Gliscor|53/100 tox|[from] Sandstorm
|-heal|p1a: Gliscor|66/100 tox|[from] ability: Poison Heal
|upkeep
|turn|5
|
|t:|1779864786
|move|p1a: Gliscor|Protect|p1a: Gliscor
|-singleturn|p1a: Gliscor|Protect
|move|p2a: Kyurem|Ice Beam|p1a: Gliscor
|-activate|p1a: Gliscor|move: Protect
|
|-weather|Sandstorm|[upkeep]
|-damage|p2a: Kyurem|58/100|[from] Sandstorm
|-damage|p1a: Gliscor|60/100 tox|[from] Sandstorm
|-heal|p1a: Gliscor|72/100 tox|[from] ability: Poison Heal
|upkeep
|turn|6
|
|t:|1779864795
|move|p2a: Kyurem|Ice Beam|p1a: Gliscor
|-damage|p1a: Gliscor|31/100 tox
|move|p1a: Gliscor|Facade|p2a: Kyurem
|-damage|p2a: Kyurem|0 fnt
|faint|p2a: Kyurem
|
|-weather|Sandstorm|[upkeep]
|-damage|p1a: Gliscor|25/100 tox|[from] Sandstorm
|-heal|p1a: Gliscor|37/100 tox|[from] ability: Poison Heal
|upkeep
|
|t:|1779864801
|switch|p2a: Excadrill|Excadrill, M|100/100
|turn|7
|
|t:|1779864809
|move|p1a: Gliscor|Protect|p1a: Gliscor
|-singleturn|p1a: Gliscor|Protect
|move|p2a: Excadrill|Earthquake|p1a: Gliscor
|-activate|p1a: Gliscor|move: Protect
|
|-weather|Sandstorm|[upkeep]
|-damage|p1a: Gliscor|31/100 tox|[from] Sandstorm
|-heal|p1a: Gliscor|43/100 tox|[from] ability: Poison Heal
|upkeep
|turn|8
|
|t:|1779864821
|switch|p1a: Dondozo|Dondozo, M|100/100
|move|p2a: Excadrill|Earthquake|p1a: Dondozo
|-damage|p1a: Dondozo|71/100
|
|-weather|none
|-heal|p1a: Dondozo|77/100|[from] item: Leftovers
|upkeep
|turn|9
|
|t:|1779864829
|switch|p2a: Tyranitar|Tyranitar, M|100/100
|-weather|Sandstorm|[from] ability: Sand Stream|[of] p2a: Tyranitar
|move|p1a: Dondozo|Body Press|p2a: Tyranitar
|-supereffective|p2a: Tyranitar
|-damage|p2a: Tyranitar|16/100
|
|-weather|Sandstorm|[upkeep]
|-damage|p1a: Dondozo|71/100|[from] Sandstorm
|-heal|p1a: Dondozo|77/100|[from] item: Leftovers
|upkeep
|turn|10
|
|t:|1779864841
|move|p2a: Tyranitar|Knock Off|p1a: Dondozo
|-damage|p1a: Dondozo|50/100
|-enditem|p1a: Dondozo|Leftovers|[from] move: Knock Off|[of] p2a: Tyranitar
|move|p1a: Dondozo|Body Press|p2a: Tyranitar
|-supereffective|p2a: Tyranitar
|-damage|p2a: Tyranitar|0 fnt
|faint|p2a: Tyranitar
|
|-weather|Sandstorm|[upkeep]
|-damage|p1a: Dondozo|44/100|[from] Sandstorm
|upkeep
|
|t:|1779864843
|switch|p2a: Zapdos|Zapdos|100/100
|turn|11
|
|t:|1779864852
|switch|p1a: Clodsire|Clodsire, F|100/100
|move|p2a: Zapdos|Volt Switch|p1a: Clodsire
|-immune|p1a: Clodsire
|
|-weather|Sandstorm|[upkeep]
|-damage|p2a: Zapdos|94/100|[from] Sandstorm
|upkeep
|turn|12
|
|t:|1779864859
|move|p2a: Zapdos|Hurricane|p1a: Clodsire
|-damage|p1a: Clodsire|77/100
|-start|p1a: Clodsire|confusion
|-activate|p1a: Clodsire|confusion
|move|p1a: Clodsire|Toxic|p2a: Zapdos
|-status|p2a: Zapdos|tox
|
|-weather|Sandstorm|[upkeep]
|-damage|p2a: Zapdos|88/100 tox|[from] Sandstorm
|-damage|p2a: Zapdos|82/100 tox|[from] psn
|upkeep
|turn|13
|-message|TheManOfSausage forfeited.
|
|win|StormIsNotOmega
|raw|StormIsNotOmega's rating: 1478 &rarr; <strong>1497</strong><br />(+19 for winning)
|raw|TheManOfSausage's rating: 1456 &rarr; <strong>1437</strong><br />(-19 for losing)
|l|☆TheManOfSausage
|player|p2|
|l|☆StormIsNotOmega
|player|p1|
