|j|☆kitakami kitchen
|j|☆dfih
|t:|1779941607
|gametype|singles
|player|p1|kitakami kitchen|roxie|1488
|player|p2|dfih|cynthia-masters4|1454
|gen|9
|tier|[Gen 9] OU
|rated|
|rule|HP Percentage Mod: HP is shown in percentages
|rule|Endless Battle Clause: Forcing endless battles is banned
|rule|Species Clause: Limit one of each Pokémon
|rule|OHKO Clause: OHKO moves are banned
|rule|Evasion Items Clause: Evasion items are banned
|rule|Evasion Moves Clause: Evasion moves are banned
|rule|Evasion Abilities Clause: Evasion abilities are banned
|rule|Sleep Moves Clause: Sleep-inducing moves are banned
|clearpoke
|poke|p1|Rillaboom, F|
|poke|p1|Hawlucha, M|
|poke|p1|Hatterene, F|
|poke|p1|Scizor, F|
|poke|p1|Glimmora, F|
|poke|p1|Ogerpon-Wellspring, F|
|poke|p2|Araquanid, F|
|poke|p2|Gholdengo|
|poke|p2|Kingambit, F|
|poke|p2|Raging Bolt|
|poke|p2|Enamorus, F|
|poke|p2|Iron Moth|
|teampreview
|
|t:|1779941615
|teamsize|p1|6
|teamsize|p2|6
|start
|switch|p1a: Glimmora|Glimmora, F|100/100
|switch|p2a: Araquanid|Araquanid, F|100/100
|turn|1
|
|t:|1779941622
|move|p1a: Glimmora|Mortal Spin|p2a: Araquanid
|-damage|p2a: Araquanid|94/100
|-status|p2a: Araquanid|psn
|move|p2a: Araquanid|Surf|p1a: Glimmora
|-supereffective|p1a: Glimmora
|-damage|p1a: Glimmora|0 fnt
|faint|p1a: Glimmora
|
|-damage|p2a: Araquanid|82/100 psn|[from] psn
|upkeep
|inactive|Battle timer is ON: inactive players will automatically lose when time's up. (requested by dfih)
|
|t:|1779941631
|switch|p1a: Rillaboom|Rillaboom, F|100/100
|-fieldstart|move: Grassy Terrain|[from] ability: Grassy Surge|[of] p1a: Rillaboom
|turn|2
|
|t:|1779941633
|switch|p2a: Iron Moth|Iron Moth|100/100
|-enditem|p2a: Iron Moth|Booster Energy
|-activate|p2a: Iron Moth|ability: Quark Drive|[fromitem]
|-start|p2a: Iron Moth|quarkdrivespa
|move|p1a: Rillaboom|U-turn|p2a: Iron Moth
|-resisted|p2a: Iron Moth
|-damage|p2a: Iron Moth|90/100
|
|t:|1779941653
|switch|p1a: Hawlucha|Hawlucha, M|100/100|[from] U-turn
|-enditem|p1a: Hawlucha|Grassy Seed
|-boost|p1a: Hawlucha|def|1|[from] item: Grassy Seed
|
|-heal|p2a: Iron Moth|96/100|[from] Grassy Terrain
|upkeep
|turn|3
|
|t:|1779941659
|move|p1a: Hawlucha|Acrobatics|p2a: Iron Moth
|-damage|p2a: Iron Moth|14/100
|move|p2a: Iron Moth|Overheat|p1a: Hawlucha
|-damage|p1a: Hawlucha|0 fnt
|-unboost|p2a: Iron Moth|spa|2
|faint|p1a: Hawlucha
|
|-heal|p2a: Iron Moth|20/100|[from] Grassy Terrain
|upkeep
|
|t:|1779941666
|switch|p1a: Scizor|Scizor, F|100/100
|turn|4
|
|t:|1779941669
|move|p1a: Scizor|Bullet Punch|p2a: Iron Moth
|-resisted|p2a: Iron Moth
|-damage|p2a: Iron Moth|0 fnt
|faint|p2a: Iron Moth
|-end|p2a: Iron Moth|Quark Drive|[silent]
|-damage|p1a: Scizor|91/100|[from] item: Life Orb
|
|-heal|p1a: Scizor|97/100|[from] Grassy Terrain
|upkeep
|
|t:|1779941677
|switch|p2a: Araquanid|Araquanid, F|82/100 psn
|turn|5
|
|t:|1779941684
|switch|p1a: Hatterene|Hatterene, F|100/100
|-enditem|p1a: Hatterene|Grassy Seed
|-boost|p1a: Hatterene|def|1|[from] item: Grassy Seed
|move|p2a: Araquanid|Sticky Web|p1a: Hatterene
|move|p1a: Hatterene|Sticky Web|p2a: Araquanid|[from] ability: Magic Bounce
|-sidestart|p2: dfih|move: Sticky Web
|
|-heal|p2a: Araquanid|88/100 psn|[from] Grassy Terrain
|-damage|p2a: Araquanid|75/100 psn|[from] psn
|upkeep
|turn|6
|
|t:|1779941699
|move|p2a: Araquanid|Surf|p1a: Hatterene
|-damage|p1a: Hatterene|38/100
|move|p1a: Hatterene|Calm Mind|p1a: Hatterene
|-boost|p1a: Hatterene|spa|1
|-boost|p1a: Hatterene|spd|1
|
|-heal|p2a: Araquanid|82/100 psn|[from] Grassy Terrain
|-heal|p1a: Hatterene|44/100|[from] Grassy Terrain
|-damage|p2a: Araquanid|69/100 psn|[from] psn
|upkeep
|turn|7
|
|t:|1779941709
|-terastallize|p1a: Hatterene|Water
|move|p2a: Araquanid|Surf|p1a: Hatterene
|-resisted|p1a: Hatterene
|-damage|p1a: Hatterene|26/100
|move|p1a: Hatterene|Draining Kiss|p2a: Araquanid
|-damage|p2a: Araquanid|44/100 psn
|-heal|p1a: Hatterene|47/100|[from] drain|[of] p2a: Araquanid
|
|-heal|p2a: Araquanid|50/100 psn|[from] Grassy Terrain
|-heal|p1a: Hatterene|53/100|[from] Grassy Terrain
|-damage|p2a: Araquanid|38/100 psn|[from] psn
|upkeep
|turn|8
|
|t:|1779941716
|move|p2a: Araquanid|Endeavor|p1a: Hatterene
|-damage|p1a: Hatterene|40/100
|move|p1a: Hatterene|Draining Kiss|p2a: Araquanid
|-damage|p2a: Araquanid|12/100 psn
|-heal|p1a: Hatterene|61/100|[from] drain|[of] p2a: Araquanid
|
|-heal|p2a: Araquanid|18/100 psn|[from] Grassy Terrain
|-heal|p1a: Hatterene|67/100|[from] Grassy Terrain
|-damage|p2a: Araquanid|6/100 psn|[from] psn
|upkeep
|turn|9
|-enditem|p2a: Araquanid|Custap Berry|[eat]
|-activate|p2a: Araquanid|item: Custap Berry|[consumed]
|
|t:|1779941728
|move|p2a: Araquanid|Endeavor|p1a: Hatterene
|-damage|p1a: Hatterene|6/100
|move|p1a: Hatterene|Draining Kiss|p2a: Araquanid
|-damage|p2a: Araquanid|0 fnt
|-heal|p1a: Hatterene|11/100|[from] drain|[of] p2a: Araquanid
|faint|p2a: Araquanid
|
|-heal|p1a: Hatterene|17/100|[from] Grassy Terrain
|-fieldend|move: Grassy Terrain
|upkeep
|
|t:|1779941731
|switch|p2a: Enamorus|Enamorus, F|100/100
|turn|10
|
|t:|1779941746
|-terastallize|p2a: Enamorus|Fairy
|move|p2a: Enamorus|Moonblast|p1a: Hatterene
|-crit|p1a: Hatterene
|-damage|p1a: Hatterene|0 fnt
|faint|p1a: Hatterene
|
|upkeep
|
|t:|1779941759
|switch|p1a: Scizor|Scizor, F|97/100
|turn|11
|
|t:|1779941769
|switch|p2a: Kingambit|Kingambit, F|100/100
|-activate|p2a: Kingambit|move: Sticky Web
|-unboost|p2a: Kingambit|spe|1
|-activate|p2a: Kingambit|ability: Supreme Overlord
|-start|p2a: Kingambit|fallen2|[silent]
|move|p1a: Scizor|Swords Dance|p1a: Scizor
|-boost|p1a: Scizor|atk|2
|
|upkeep
|turn|12
|
|t:|1779941774
|move|p2a: Kingambit|Sucker Punch|p1a: Scizor
|-damage|p1a: Scizor|31/100
|move|p1a: Scizor|Close Combat|p2a: Kingambit
|-supereffective|p2a: Kingambit
|-damage|p2a: Kingambit|0 fnt
|-unboost|p1a: Scizor|def|1
|-unboost|p1a: Scizor|spd|1
|faint|p2a: Kingambit
|-end|p2a: Kingambit|fallen2|[silent]
|-damage|p1a: Scizor|21/100|[from] item: Life Orb
|
|upkeep
|
|t:|1779941784
|switch|p2a: Gholdengo|Gholdengo|100/100
|-item|p2a: Gholdengo|Air Balloon
|turn|13
|
|t:|1779941791
|switch|p1a: Rillaboom|Rillaboom, F|100/100
|-fieldstart|move: Grassy Terrain|[from] ability: Grassy Surge|[of] p1a: Rillaboom
|move|p2a: Gholdengo|Shadow Ball|p1a: Rillaboom
|-damage|p1a: Rillaboom|47/100
|
|-heal|p1a: Rillaboom|54/100|[from] Grassy Terrain
|upkeep
|turn|14
|
|t:|1779941803
|switch|p2a: Raging Bolt|Raging Bolt|100/100
|-activate|p2a: Raging Bolt|move: Sticky Web
|-unboost|p2a: Raging Bolt|spe|1
|-enditem|p2a: Raging Bolt|Booster Energy
|-activate|p2a: Raging Bolt|ability: Protosynthesis|[fromitem]
|-start|p2a: Raging Bolt|protosynthesisspa
|move|p1a: Rillaboom|U-turn|p2a: Raging Bolt
|-damage|p2a: Raging Bolt|76/100
|
|t:|1779941807
|switch|p1a: Ogerpon|Ogerpon-Wellspring, F|100/100|[from] U-turn
|
|-heal|p2a: Raging Bolt|82/100|[from] Grassy Terrain
|upkeep
|turn|15
|
|t:|1779941810
|move|p1a: Ogerpon|Play Rough|p2a: Raging Bolt
|-supereffective|p2a: Raging Bolt
|-damage|p2a: Raging Bolt|18/100
|move|p2a: Raging Bolt|Thunderbolt|p1a: Ogerpon
|-damage|p1a: Ogerpon|26/100
|
|-heal|p1a: Ogerpon|32/100|[from] Grassy Terrain
|-heal|p2a: Raging Bolt|24/100|[from] Grassy Terrain
|upkeep
|turn|16
|
|t:|1779941821
|move|p1a: Ogerpon|Grassy Glide|p2a: Raging Bolt
|-resisted|p2a: Raging Bolt
|-damage|p2a: Raging Bolt|4/100
|move|p2a: Raging Bolt|Thunderclap||[still]
|-fail|p2a: Raging Bolt
|
|-heal|p1a: Ogerpon|38/100|[from] Grassy Terrain
|-heal|p2a: Raging Bolt|10/100|[from] Grassy Terrain
|upkeep
|turn|17
|
|t:|1779941825
|move|p1a: Ogerpon|Grassy Glide|p2a: Raging Bolt
|-resisted|p2a: Raging Bolt
|-damage|p2a: Raging Bolt|0 fnt
|faint|p2a: Raging Bolt
|-end|p2a: Raging Bolt|Protosynthesis|[silent]
|
|-heal|p1a: Ogerpon|44/100|[from] Grassy Terrain
|upkeep
|
|t:|1779941833
|switch|p2a: Enamorus|Enamorus, F, tera:Fairy|100/100
|-activate|p2a: Enamorus|move: Sticky Web
|-boost|p2a: Enamorus|spe|1
|turn|18
|
|t:|1779941840
|move|p1a: Ogerpon|Grassy Glide|p2a: Enamorus
|-damage|p2a: Enamorus|39/100
|move|p2a: Enamorus|Moonblast|p1a: Ogerpon
|-damage|p1a: Ogerpon|0 fnt
|faint|p1a: Ogerpon
|
|-heal|p2a: Enamorus|45/100|[from] Grassy Terrain
|upkeep
|
|t:|1779941852
|switch|p1a: Rillaboom|Rillaboom, F|54/100
|turn|19
|
|t:|1779941862
|move|p1a: Rillaboom|Grassy Glide|p2a: Enamorus
|-damage|p2a: Enamorus|0 fnt
|faint|p2a: Enamorus
|
|-heal|p1a: Rillaboom|60/100|[from] Grassy Terrain
|upkeep
|
|t:|1779941865
|switch|p2a: Gholdengo|Gholdengo|100/100
|-item|p2a: Gholdengo|Air Balloon
|turn|20
|
|t:|1779941871
|switch|p1a: Scizor|Scizor, F|21/100
|move|p2a: Gholdengo|Shadow Ball|p1a: Scizor
|-damage|p1a: Scizor|0 fnt
|faint|p1a: Scizor
|
|-fieldend|move: Grassy Terrain
|upkeep
|
|t:|1779941873
|switch|p1a: Rillaboom|Rillaboom, F|60/100
|-fieldstart|move: Grassy Terrain|[from] ability: Grassy Surge|[of] p1a: Rillaboom
|turn|21
|
|t:|1779941880
|move|p2a: Gholdengo|Make It Rain|p1a: Rillaboom
|-damage|p1a: Rillaboom|0 fnt
|-unboost|p2a: Gholdengo|spa|1
|faint|p1a: Rillaboom
|
|win|dfih
|raw|kitakami kitchen's rating: 1488 &rarr; <strong>1466</strong><br />(-22 for losing)
|raw|dfih's rating: 1454 &rarr; <strong>1476</strong><br />(+22 for winning)
|l|☆dfih
|player|p2|
|l|☆kitakami kitchen
|player|p1|
