|j|☆chrisnwobu
|j|☆bobrumba
|t:|1779852348
|gametype|singles
|player|p1|chrisnwobu|101|1544
|player|p2|bobrumba|cynthia-gen4|1714
|gen|9
|tier|[Gen 9] OU
|rated|
|rule|HP Percentage Mod: HP is shown in percentages
|rule|Endless Battle Clause: Forcing endless battles is banned
|rule|Species Clause: Limit one of each Pokémon
|rule|OHKO Clause: OHKO moves are banned
|rule|Evasion Items Clause: Evasion items are banned
|rule|Evasion Moves Clause: Evasion moves are banned
|rule|Evasion Abilities Clause: Evasion abilities are banned
|rule|Sleep Moves Clause: Sleep-inducing moves are banned
|clearpoke
|poke|p1|Torkoal, M|
|poke|p1|Great Tusk|
|poke|p1|Walking Wake|
|poke|p1|Blaziken, M|
|poke|p1|Venusaur, M|
|poke|p1|Hatterene, F|
|poke|p2|Dondozo, M|
|poke|p2|Blissey, F|
|poke|p2|Corviknight, F|
|poke|p2|Weezing-Galar, M|
|poke|p2|Gliscor, M|
|poke|p2|Toxapex, M|
|teampreview
|inactive|Battle timer is ON: inactive players will automatically lose when time's up. (requested by bobrumba)
|
|t:|1779852375
|teamsize|p1|6
|teamsize|p2|6
|start
|switch|p1a: Torkoal|Torkoal, M|100/100
|switch|p2a: Gliscor|Gliscor, M|100/100
|-weather|SunnyDay|[from] ability: Drought|[of] p1a: Torkoal
|turn|1
|
|t:|1779852383
|move|p2a: Gliscor|Protect|p2a: Gliscor
|-singleturn|p2a: Gliscor|Protect
|move|p1a: Torkoal|Will-O-Wisp|p2a: Gliscor
|-activate|p2a: Gliscor|move: Protect
|
|-weather|SunnyDay|[upkeep]
|-status|p2a: Gliscor|tox|[from] item: Toxic Orb
|upkeep
|turn|2
|
|t:|1779852388
|move|p2a: Gliscor|Knock Off|p1a: Torkoal
|-damage|p1a: Torkoal|84/100
|-enditem|p1a: Torkoal|Heat Rock|[from] move: Knock Off|[of] p2a: Gliscor
|move|p1a: Torkoal|Stealth Rock|p2a: Gliscor
|-sidestart|p2: bobrumba|move: Stealth Rock
|
|-weather|SunnyDay|[upkeep]
|upkeep
|turn|3
|
|t:|1779852395
|switch|p1a: Walking Wake|Walking Wake|100/100
|-activate|p1a: Walking Wake|ability: Protosynthesis
|-start|p1a: Walking Wake|protosynthesisspe
|move|p2a: Gliscor|Knock Off|p1a: Walking Wake
|-damage|p1a: Walking Wake|79/100
|-enditem|p1a: Walking Wake|Choice Specs|[from] move: Knock Off|[of] p2a: Gliscor
|
|-weather|SunnyDay|[upkeep]
|upkeep
|turn|4
|
|t:|1779852402
|-end|p1a: Walking Wake|Protosynthesis|[silent]
|switch|p1a: Great Tusk|Great Tusk|100/100
|-activate|p1a: Great Tusk|ability: Protosynthesis
|-start|p1a: Great Tusk|protosynthesisatk
|move|p2a: Gliscor|Protect||[still]
|-fail|p2a: Gliscor
|
|-weather|SunnyDay|[upkeep]
|upkeep
|turn|5
|
|t:|1779852409
|-end|p1a: Great Tusk|Protosynthesis|[silent]
|switch|p1a: Walking Wake|Walking Wake|79/100
|-activate|p1a: Walking Wake|ability: Protosynthesis
|-start|p1a: Walking Wake|protosynthesisspe
|move|p2a: Gliscor|Protect||[still]
|-fail|p2a: Gliscor
|
|-weather|SunnyDay|[upkeep]
|upkeep
|turn|6
|
|t:|1779852412
|move|p2a: Gliscor|Protect|p2a: Gliscor
|-singleturn|p2a: Gliscor|Protect
|move|p1a: Walking Wake|Hydro Steam|p2a: Gliscor
|-activate|p2a: Gliscor|move: Protect
|
|-weather|SunnyDay|[upkeep]
|upkeep
|turn|7
|
|t:|1779852421
|switch|p2a: Toxapex|Toxapex, M|100/100
|-damage|p2a: Toxapex|88/100|[from] Stealth Rock
|move|p1a: Walking Wake|Hydro Steam|p2a: Toxapex
|-resisted|p2a: Toxapex
|-damage|p2a: Toxapex|67/100
|
|-weather|SunnyDay|[upkeep]
|-heal|p2a: Toxapex|74/100|[from] item: Black Sludge
|upkeep
|turn|8
|
|t:|1779852428
|move|p1a: Walking Wake|Draco Meteor|p2a: Toxapex
|-damage|p2a: Toxapex|33/100
|-unboost|p1a: Walking Wake|spa|2
|move|p2a: Toxapex|Poison Jab|p1a: Walking Wake
|-damage|p1a: Walking Wake|61/100
|-status|p1a: Walking Wake|psn
|
|-weather|none
|-end|p1a: Walking Wake|Protosynthesis
|-heal|p2a: Toxapex|39/100|[from] item: Black Sludge
|-damage|p1a: Walking Wake|49/100 psn|[from] psn
|upkeep
|turn|9
|
|t:|1779852434
|-end|p1a: Walking Wake|Protosynthesis|[silent]
|switch|p1a: Torkoal|Torkoal, M|84/100
|-weather|SunnyDay|[from] ability: Drought|[of] p1a: Torkoal
|switch|p2a: Weezing|Weezing-Galar, M|100/100
|-ability|p2a: Weezing|Neutralizing Gas
|
|-weather|SunnyDay|[upkeep]
|upkeep
|turn|10
|
|t:|1779852440
|move|p2a: Weezing|Defog|p1a: Torkoal
|-unboost|p1a: Torkoal|evasion|1
|-sideend|p2: bobrumba|Stealth Rock|[from] move: Defog|[of] p2a: Weezing
|move|p1a: Torkoal|Lava Plume|p2a: Weezing
|-damage|p2a: Weezing|53/100
|
|-weather|SunnyDay|[upkeep]
|upkeep
|turn|11
|
|t:|1779852450
|move|p2a: Weezing|Pain Split|p1a: Torkoal
|-sethp|p1a: Torkoal|68/100|[from] move: Pain Split|[silent]
|-sethp|p2a: Weezing|70/100|[from] move: Pain Split
|move|p1a: Torkoal|Stealth Rock|p2a: Weezing
|-sidestart|p2: bobrumba|move: Stealth Rock
|
|-weather|SunnyDay|[upkeep]
|upkeep
|turn|12
|
|t:|1779852455
|move|p2a: Weezing|Defog|p1a: Torkoal
|-unboost|p1a: Torkoal|evasion|1
|-sideend|p2: bobrumba|Stealth Rock|[from] move: Defog|[of] p2a: Weezing
|move|p1a: Torkoal|Lava Plume|p2a: Weezing
|-damage|p2a: Weezing|18/100
|
|-weather|SunnyDay|[upkeep]
|upkeep
|turn|13
|
|t:|1779852463
|move|p2a: Weezing|Pain Split|p1a: Torkoal
|-sethp|p1a: Torkoal|42/100|[from] move: Pain Split|[silent]
|-sethp|p2a: Weezing|44/100|[from] move: Pain Split
|move|p1a: Torkoal|Stealth Rock|p2a: Weezing
|-sidestart|p2: bobrumba|move: Stealth Rock
|
|-weather|none
|upkeep
|turn|14
|
|t:|1779852469
|move|p2a: Weezing|Defog|p1a: Torkoal
|-unboost|p1a: Torkoal|evasion|1
|-sideend|p2: bobrumba|Stealth Rock|[from] move: Defog|[of] p2a: Weezing
|move|p1a: Torkoal|Will-O-Wisp|p2a: Weezing|[miss]
|-miss|p1a: Torkoal|p2a: Weezing
|
|upkeep
|turn|15
|
|t:|1779852492
|-end|p2a: Weezing|ability: Neutralizing Gas
|-weather|SunnyDay|[from] ability: Drought|[of] p1a: Torkoal
|switch|p2a: Toxapex|Toxapex, M|72/100
|move|p1a: Torkoal|Stealth Rock|p2a: Toxapex
|-sidestart|p2: bobrumba|move: Stealth Rock
|
|-weather|SunnyDay|[upkeep]
|-heal|p2a: Toxapex|78/100|[from] item: Black Sludge
|upkeep
|turn|16
|
|t:|1779852510
|switch|p2a: Corviknight|Corviknight, F|100/100
|-damage|p2a: Corviknight|88/100|[from] Stealth Rock
|-ability|p2a: Corviknight|Pressure
|switch|p1a: Venusaur|Venusaur, M|100/100
|
|-weather|SunnyDay|[upkeep]
|-heal|p2a: Corviknight|94/100|[from] item: Leftovers
|upkeep
|turn|17
|
|t:|1779852516
|switch|p2a: Toxapex|Toxapex, M|100/100
|-damage|p2a: Toxapex|88/100|[from] Stealth Rock
|move|p1a: Venusaur|Growth|p1a: Venusaur
|-boost|p1a: Venusaur|atk|2
|-boost|p1a: Venusaur|spa|2
|
|-weather|SunnyDay|[upkeep]
|-heal|p2a: Toxapex|94/100|[from] item: Black Sludge
|upkeep
|turn|18
|
|t:|1779852521
|move|p1a: Venusaur|Earth Power|p2a: Toxapex
|-supereffective|p2a: Toxapex
|-damage|p2a: Toxapex|17/100
|move|p2a: Toxapex|Haze|p2a: Toxapex
|-clearallboost
|
|-weather|SunnyDay|[upkeep]
|-heal|p2a: Toxapex|24/100|[from] item: Black Sludge
|upkeep
|turn|19
|
|t:|1779852531
|switch|p2a: Blissey|Blissey, F|100/100
|-damage|p2a: Blissey|88/100|[from] Stealth Rock
|move|p1a: Venusaur|Giga Drain|p2a: Blissey
|-damage|p2a: Blissey|76/100
|
|-weather|none
|-heal|p2a: Blissey|82/100|[from] item: Leftovers
|upkeep
|turn|20
|
|t:|1779852537
|switch|p2a: Weezing|Weezing-Galar, M|44/100
|-ability|p2a: Weezing|Neutralizing Gas
|move|p1a: Venusaur|Growth|p1a: Venusaur
|-boost|p1a: Venusaur|atk|1
|-boost|p1a: Venusaur|spa|1
|
|upkeep
|turn|21
|
|t:|1779852545
|-end|p2a: Weezing|ability: Neutralizing Gas
|switch|p2a: Blissey|Blissey, F|82/100
|-damage|p2a: Blissey|70/100|[from] Stealth Rock
|move|p1a: Venusaur|Earth Power|p2a: Blissey
|-damage|p2a: Blissey|56/100
|
|-heal|p2a: Blissey|62/100|[from] item: Leftovers
|upkeep
|turn|22
|
|t:|1779852549
|move|p1a: Venusaur|Growth|p1a: Venusaur
|-boost|p1a: Venusaur|atk|1
|-boost|p1a: Venusaur|spa|1
|move|p2a: Blissey|Seismic Toss|p1a: Venusaur
|-damage|p1a: Venusaur|72/100
|
|-heal|p1a: Venusaur|78/100|[from] item: Leftovers
|-heal|p2a: Blissey|68/100|[from] item: Leftovers
|upkeep
|turn|23
|
|t:|1779852553
|move|p1a: Venusaur|Growth|p1a: Venusaur
|-boost|p1a: Venusaur|atk|1
|-boost|p1a: Venusaur|spa|1
|move|p2a: Blissey|Calm Mind|p2a: Blissey
|-boost|p2a: Blissey|spa|1
|-boost|p2a: Blissey|spd|1
|
|-heal|p1a: Venusaur|84/100|[from] item: Leftovers
|-heal|p2a: Blissey|74/100|[from] item: Leftovers
|upkeep
|turn|24
|
|t:|1779852556
|move|p1a: Venusaur|Giga Drain|p2a: Blissey
|-damage|p2a: Blissey|56/100
|-heal|p1a: Venusaur|100/100|[from] drain|[of] p2a: Blissey
|move|p2a: Blissey|Seismic Toss|p1a: Venusaur
|-damage|p1a: Venusaur|72/100
|
|-heal|p1a: Venusaur|78/100|[from] item: Leftovers
|-heal|p2a: Blissey|62/100|[from] item: Leftovers
|upkeep
|turn|25
|
|t:|1779852559
|move|p1a: Venusaur|Growth|p1a: Venusaur
|-boost|p1a: Venusaur|atk|1
|-boost|p1a: Venusaur|spa|1
|move|p2a: Blissey|Calm Mind|p2a: Blissey
|-boost|p2a: Blissey|spa|1
|-boost|p2a: Blissey|spd|1
|
|-heal|p1a: Venusaur|84/100|[from] item: Leftovers
|-heal|p2a: Blissey|68/100|[from] item: Leftovers
|upkeep
|turn|26
|
|t:|1779852563
|move|p1a: Venusaur|Growth|p1a: Venusaur
|-boost|p1a: Venusaur|atk|1
|-boost|p1a: Venusaur|spa|1
|move|p2a: Blissey|Calm Mind|p2a: Blissey
|-boost|p2a: Blissey|spa|1
|-boost|p2a: Blissey|spd|1
|
|-heal|p1a: Venusaur|90/100|[from] item: Leftovers
|-heal|p2a: Blissey|75/100|[from] item: Leftovers
|upkeep
|turn|27
|
|t:|1779852565
|move|p1a: Venusaur|Growth|p1a: Venusaur
|-boost|p1a: Venusaur|atk|1
|-boost|p1a: Venusaur|spa|1
|move|p2a: Blissey|Seismic Toss|p1a: Venusaur
|-damage|p1a: Venusaur|61/100
|
|-heal|p1a: Venusaur|67/100|[from] item: Leftovers
|-heal|p2a: Blissey|81/100|[from] item: Leftovers
|upkeep
|turn|28
|
|t:|1779852566
|move|p1a: Venusaur|Giga Drain|p2a: Blissey
|-damage|p2a: Blissey|63/100
|-heal|p1a: Venusaur|84/100|[from] drain|[of] p2a: Blissey
|move|p2a: Blissey|Seismic Toss|p1a: Venusaur
|-damage|p1a: Venusaur|56/100
|
|-heal|p1a: Venusaur|62/100|[from] item: Leftovers
|-heal|p2a: Blissey|69/100|[from] item: Leftovers
|upkeep
|turn|29
|
|t:|1779852568
|move|p1a: Venusaur|Giga Drain|p2a: Blissey
|-damage|p2a: Blissey|51/100
|-heal|p1a: Venusaur|78/100|[from] drain|[of] p2a: Blissey
|move|p2a: Blissey|Seismic Toss|p1a: Venusaur
|-damage|p1a: Venusaur|50/100
|
|-heal|p1a: Venusaur|56/100|[from] item: Leftovers
|-heal|p2a: Blissey|58/100|[from] item: Leftovers
|upkeep
|turn|30
|
|t:|1779852570
|move|p1a: Venusaur|Giga Drain|p2a: Blissey
|-damage|p2a: Blissey|41/100
|-heal|p1a: Venusaur|71/100|[from] drain|[of] p2a: Blissey
|move|p2a: Blissey|Seismic Toss|p1a: Venusaur
|-damage|p1a: Venusaur|43/100
|
|-heal|p1a: Venusaur|49/100|[from] item: Leftovers
|-heal|p2a: Blissey|47/100|[from] item: Leftovers
|upkeep
|turn|31
|
|t:|1779852572
|move|p1a: Venusaur|Giga Drain|p2a: Blissey
|-crit|p2a: Blissey
|-damage|p2a: Blissey|0 fnt
|-heal|p1a: Venusaur|93/100|[from] drain|[of] p2a: Blissey
|faint|p2a: Blissey
|
|-heal|p1a: Venusaur|99/100|[from] item: Leftovers
|upkeep
|
|t:|1779852578
|switch|p2a: Dondozo|Dondozo, M|100/100
|-damage|p2a: Dondozo|88/100|[from] Stealth Rock
|turn|32
|
|t:|1779852584
|-terastallize|p2a: Dondozo|Dragon
|move|p1a: Venusaur|Giga Drain|p2a: Dondozo
|-resisted|p2a: Dondozo
|-damage|p2a: Dondozo|71/100
|-heal|p1a: Venusaur|100/100|[from] drain|[of] p2a: Dondozo
|move|p2a: Dondozo|Avalanche|p1a: Venusaur
|-supereffective|p1a: Venusaur
|-damage|p1a: Venusaur|37/100
|
|-heal|p1a: Venusaur|43/100|[from] item: Leftovers
|-heal|p2a: Dondozo|77/100|[from] item: Leftovers
|upkeep
|turn|33
|
|t:|1779852593
|switch|p1a: Hatterene|Hatterene, F|100/100
|move|p2a: Dondozo|Avalanche|p1a: Hatterene
|-damage|p1a: Hatterene|89/100
|-damage|p2a: Dondozo|61/100|[from] item: Rocky Helmet|[of] p1a: Hatterene
|
|-heal|p2a: Dondozo|67/100|[from] item: Leftovers
|upkeep
|turn|34
|
|t:|1779852597
|switch|p2a: Corviknight|Corviknight, F|94/100
|-damage|p2a: Corviknight|82/100|[from] Stealth Rock
|-ability|p2a: Corviknight|Pressure
|move|p1a: Hatterene|Psychic Noise|p2a: Corviknight
|-resisted|p2a: Corviknight
|-damage|p2a: Corviknight|64/100
|-start|p2a: Corviknight|move: Heal Block
|
|upkeep
|turn|35
|
|t:|1779852600
|move|p2a: Corviknight|Defog|p1a: Hatterene
|move|p1a: Hatterene|Defog|p2a: Corviknight|[from] ability: Magic Bounce
|-unboost|p2a: Corviknight|evasion|1
|-sideend|p2: bobrumba|Stealth Rock|[from] move: Defog|[of] p1a: Hatterene
|move|p1a: Hatterene|Mystical Fire|p2a: Corviknight
|-supereffective|p2a: Corviknight
|-damage|p2a: Corviknight|18/100
|-unboost|p2a: Corviknight|spa|1
|
|-end|p2a: Corviknight|move: Heal Block
|upkeep
|turn|36
|
|t:|1779852609
|switch|p2a: Gliscor|Gliscor, M|100/100 tox
|move|p1a: Hatterene|Mystical Fire|p2a: Gliscor
|-crit|p2a: Gliscor
|-damage|p2a: Gliscor|71/100 tox
|-unboost|p2a: Gliscor|spa|1
|
|-heal|p2a: Gliscor|84/100 tox|[from] ability: Poison Heal
|upkeep
|turn|37
|
|t:|1779852616
|move|p2a: Gliscor|Knock Off|p1a: Hatterene
|-damage|p1a: Hatterene|71/100
|-damage|p2a: Gliscor|67/100 tox|[from] item: Rocky Helmet|[of] p1a: Hatterene
|-enditem|p1a: Hatterene|Rocky Helmet|[from] move: Knock Off|[of] p2a: Gliscor
|move|p1a: Hatterene|Psychic Noise|p2a: Gliscor
|-damage|p2a: Gliscor|39/100 tox
|-start|p2a: Gliscor|move: Heal Block
|
|upkeep
|turn|38
|
|t:|1779852628
|switch|p2a: Toxapex|Toxapex, M|57/100
|move|p1a: Hatterene|Psychic Noise|p2a: Toxapex
|-supereffective|p2a: Toxapex
|-damage|p2a: Toxapex|15/100
|-start|p2a: Toxapex|move: Heal Block
|
|upkeep
|turn|39
|
|t:|1779852637
|switch|p2a: Corviknight|Corviknight, F|18/100
|-ability|p2a: Corviknight|Pressure
|move|p1a: Hatterene|Psychic Noise|p2a: Corviknight
|-resisted|p2a: Corviknight
|-damage|p2a: Corviknight|3/100
|-start|p2a: Corviknight|move: Heal Block
|
|upkeep
|turn|40
|j| double the dorf
|
|t:|1779852646
|move|p2a: Corviknight|Body Press|p1a: Hatterene
|-resisted|p1a: Hatterene
|-damage|p1a: Hatterene|66/100
|move|p1a: Hatterene|Draining Kiss|p2a: Corviknight
|-resisted|p2a: Corviknight
|-damage|p2a: Corviknight|0 fnt
|-heal|p1a: Hatterene|68/100|[from] drain|[of] p2a: Corviknight
|faint|p2a: Corviknight
|
|upkeep
|l| double the dorf
|
|t:|1779852648
|switch|p2a: Gliscor|Gliscor, M|39/100 tox
|turn|41
|
|t:|1779852650
|move|p2a: Gliscor|Protect|p2a: Gliscor
|-singleturn|p2a: Gliscor|Protect
|move|p1a: Hatterene|Psychic Noise|p2a: Gliscor
|-activate|p2a: Gliscor|move: Protect
|
|-heal|p2a: Gliscor|51/100 tox|[from] ability: Poison Heal
|upkeep
|turn|42
|
|t:|1779852661
|move|p2a: Gliscor|Earthquake|p1a: Hatterene
|-damage|p1a: Hatterene|42/100
|move|p1a: Hatterene|Psychic Noise|p2a: Gliscor
|-crit|p2a: Gliscor
|-damage|p2a: Gliscor|9/100 tox
|-start|p2a: Gliscor|move: Heal Block
|
|upkeep
|turn|43
|
|t:|1779852666
|move|p2a: Gliscor|Protect|p2a: Gliscor
|-singleturn|p2a: Gliscor|Protect
|move|p1a: Hatterene|Draining Kiss|p2a: Gliscor
|-activate|p2a: Gliscor|move: Protect
|
|-end|p2a: Gliscor|move: Heal Block
|upkeep
|turn|44
|
|t:|1779852674
|move|p2a: Gliscor|Earthquake|p1a: Hatterene
|-damage|p1a: Hatterene|14/100
|move|p1a: Hatterene|Draining Kiss|p2a: Gliscor
|-damage|p2a: Gliscor|0 fnt
|-heal|p1a: Hatterene|21/100|[from] drain|[of] p2a: Gliscor
|faint|p2a: Gliscor
|
|upkeep
|-message|bobrumba forfeited.
|
|win|chrisnwobu
|raw|chrisnwobu's rating: 1544 &rarr; <strong>1573</strong><br />(+29 for winning)
|raw|bobrumba's rating: 1714 &rarr; <strong>1685</strong><br />(-29 for losing)
|l|☆bobrumba
|player|p2|
|j| samurajen
