|j|‽dialathewaffle
|j|☆AZZBoi
|t:|1779800521
|gametype|singles
|player|p1|dialathewaffle|hoopster|1102
|player|p2|AZZBoi|169|1129
|gen|9
|tier|[Gen 9] OU
|rated|
|rule|HP Percentage Mod: HP is shown in percentages
|rule|Endless Battle Clause: Forcing endless battles is banned
|rule|Species Clause: Limit one of each Pokémon
|rule|OHKO Clause: OHKO moves are banned
|rule|Evasion Items Clause: Evasion items are banned
|rule|Evasion Moves Clause: Evasion moves are banned
|rule|Evasion Abilities Clause: Evasion abilities are banned
|rule|Sleep Moves Clause: Sleep-inducing moves are banned
|clearpoke
|poke|p1|Ribombee, F|
|poke|p1|Great Tusk|
|poke|p1|Gholdengo|
|poke|p1|Ceruledge, F|
|poke|p1|Kingambit, M|
|poke|p1|Dragonite, M|
|poke|p2|Feraligatr, F|
|poke|p2|Typhlosion-Hisui, F|
|poke|p2|Tropius, F|
|poke|p2|Kingambit, M|
|poke|p2|Gholdengo|
|poke|p2|Deoxys-Speed|
|teampreview
|inactive|Battle timer is ON: inactive players will automatically lose when time's up. (requested by dialathewaffle)
|
|t:|1779800531
|teamsize|p1|6
|teamsize|p2|6
|start
|switch|p1a: Ribombee|Ribombee, F|100/100
|switch|p2a: Feraligatr|Feraligatr, F|100/100
|turn|1
|
|t:|1779800543
|move|p1a: Ribombee|Sticky Web|p2a: Feraligatr
|-sidestart|p2: AZZBoi|move: Sticky Web
|move|p2a: Feraligatr|Dragon Dance|p2a: Feraligatr
|-boost|p2a: Feraligatr|atk|1
|-boost|p2a: Feraligatr|spe|1
|
|upkeep
|turn|2
|
|t:|1779800546
|move|p2a: Feraligatr|Liquidation|p1a: Ribombee
|-enditem|p1a: Ribombee|Focus Sash
|-damage|p1a: Ribombee|1/100
|move|p1a: Ribombee|Moonblast|p2a: Feraligatr
|-damage|p2a: Feraligatr|46/100
|
|upkeep
|turn|3
|
|t:|1779800551
|move|p2a: Feraligatr|Liquidation|p1a: Ribombee
|-damage|p1a: Ribombee|0 fnt
|faint|p1a: Ribombee
|
|upkeep
|
|t:|1779800558
|switch|p1a: Ceruledge|Ceruledge, F, shiny|100/100
|turn|4
|
|t:|1779800565
|move|p2a: Feraligatr|Liquidation|p1a: Ceruledge
|-supereffective|p1a: Ceruledge
|-enditem|p1a: Ceruledge|Focus Sash
|-damage|p1a: Ceruledge|1/100
|-ability|p1a: Ceruledge|Weak Armor|boost
|-unboost|p1a: Ceruledge|def|1
|-boost|p1a: Ceruledge|spe|2
|move|p1a: Ceruledge|Swords Dance|p1a: Ceruledge
|-boost|p1a: Ceruledge|atk|2
|
|upkeep
|turn|5
|
|t:|1779800576
|move|p1a: Ceruledge|Shadow Sneak|p2a: Feraligatr
|-damage|p2a: Feraligatr|0 fnt
|faint|p2a: Feraligatr
|
|upkeep
|
|t:|1779800585
|switch|p2a: Deoxys|Deoxys-Speed|100/100
|-activate|p2a: Deoxys|move: Sticky Web
|-unboost|p2a: Deoxys|spe|1
|-ability|p2a: Deoxys|Pressure
|turn|6
|
|t:|1779800597
|move|p1a: Ceruledge|Shadow Sneak|p2a: Deoxys
|-supereffective|p2a: Deoxys
|-damage|p2a: Deoxys|0 fnt
|faint|p2a: Deoxys
|
|upkeep
|
|t:|1779800601
|switch|p2a: Kingambit|Kingambit, M|100/100
|-activate|p2a: Kingambit|move: Sticky Web
|-unboost|p2a: Kingambit|spe|1
|-activate|p2a: Kingambit|ability: Supreme Overlord
|-start|p2a: Kingambit|fallen2|[silent]
|turn|7
|
|t:|1779800615
|move|p2a: Kingambit|Sucker Punch|p1a: Ceruledge
|-supereffective|p1a: Ceruledge
|-damage|p1a: Ceruledge|0 fnt
|faint|p1a: Ceruledge
|-damage|p2a: Kingambit|91/100|[from] item: Life Orb
|
|upkeep
|l|‽dialathewaffle
|inactive|dialathewaffle disconnected and has a minute to reconnect!
|player|p1|
|inactive|dialathewaffle has 30 seconds to reconnect!
|inactive|dialathewaffle has 20 seconds to reconnect!
|inactive|dialathewaffle has 15 seconds to reconnect!
|inactive|dialathewaffle has 10 seconds to reconnect!
|inactive|dialathewaffle has 5 seconds to reconnect!
|-message|dialathewaffle lost due to inactivity.
|
|win|AZZBoi
|raw|dialathewaffle's rating: 1102 &rarr; <strong>1079</strong><br />(-23 for losing)
|raw|AZZBoi's rating: 1129 &rarr; <strong>1152</strong><br />(+23 for winning)
|l|☆AZZBoi
|player|p2|
