|j|‽IwillPrayForyou
|j|☆pineapplefred1
|t:|1779958569
|gametype|singles
|player|p1|IwillPrayForyou|170|1323
|player|p2|pineapplefred1|red|1352
|gen|9
|tier|[Gen 9] OU
|rated|
|rule|HP Percentage Mod: HP is shown in percentages
|rule|Endless Battle Clause: Forcing endless battles is banned
|rule|Species Clause: Limit one of each Pokémon
|rule|OHKO Clause: OHKO moves are banned
|rule|Evasion Items Clause: Evasion items are banned
|rule|Evasion Moves Clause: Evasion moves are banned
|rule|Evasion Abilities Clause: Evasion abilities are banned
|rule|Sleep Moves Clause: Sleep-inducing moves are banned
|clearpoke
|poke|p1|Blaziken, M|
|poke|p1|Garchomp, M|
|poke|p1|Torkoal, F|
|poke|p1|Walking Wake|
|poke|p1|Glimmora, F|
|poke|p1|Tentacruel, F|
|poke|p2|Kingambit, F|
|poke|p2|Cinderace, F|
|poke|p2|Landorus-Therian, M|
|poke|p2|Iron Valiant|
|poke|p2|Kyurem|
|poke|p2|Slowking-Galar, M|
|teampreview
|inactive|Battle timer is ON: inactive players will automatically lose when time's up. (requested by IwillPrayForyou)
|
|t:|1779958585
|teamsize|p1|6
|teamsize|p2|6
|start
|switch|p1a: Torkoal|Torkoal, F|100/100
|switch|p2a: Kyurem|Kyurem|100/100
|-ability|p2a: Kyurem|Pressure
|-weather|SunnyDay|[from] ability: Drought|[of] p1a: Torkoal
|turn|1
|
|t:|1779958595
|move|p2a: Kyurem|Substitute|p2a: Kyurem
|-start|p2a: Kyurem|Substitute
|-damage|p2a: Kyurem|75/100
|move|p1a: Torkoal|Body Press|p2a: Kyurem
|-supereffective|p2a: Kyurem
|-end|p2a: Kyurem|Substitute
|
|-weather|SunnyDay|[upkeep]
|-heal|p2a: Kyurem|82/100|[from] item: Leftovers
|upkeep
|turn|2
|
|t:|1779958606
|switch|p2a: Landorus|Landorus-Therian, M, shiny|100/100
|-ability|p2a: Landorus|Intimidate|boost
|-unboost|p1a: Torkoal|atk|1
|move|p1a: Torkoal|Body Press|p2a: Landorus
|-resisted|p2a: Landorus
|-damage|p2a: Landorus|86/100
|-damage|p1a: Torkoal|84/100|[from] item: Rocky Helmet|[of] p2a: Landorus
|
|-weather|SunnyDay|[upkeep]
|upkeep
|turn|3
|
|t:|1779958619
|move|p2a: Landorus|U-turn|p1a: Torkoal
|-resisted|p1a: Torkoal
|-damage|p1a: Torkoal|78/100
|
|t:|1779958622
|switch|p2a: Slowking|Slowking-Galar, M, shiny|100/100|[from] U-turn
|move|p1a: Torkoal|Stealth Rock|p2a: Slowking
|-sidestart|p2: pineapplefred1|move: Stealth Rock
|
|-weather|SunnyDay|[upkeep]
|upkeep
|turn|4
|
|t:|1779958651
|move|p1a: Torkoal|Weather Ball|p2a: Slowking
|-damage|p2a: Slowking|72/100
|-prepare|p2a: Slowking|Chilly Reception|[premajor]
|move|p2a: Slowking|Chilly Reception|p2a: Slowking
|-weather|Snowscape
|
|t:|1779958667
|switch|p2a: Cinderace|Cinderace, F, shiny|100/100|[from] Chilly Reception
|
|-weather|Snowscape|[upkeep]
|upkeep
|turn|5
|
|t:|1779958677
|switch|p1a: Tentacruel|Tentacruel, F|100/100
|move|p2a: Cinderace|Court Change|p2a: Cinderace
|-start|p2a: Cinderace|typechange|Normal|[from] ability: Libero
|-swapsideconditions
|-activate|p2a: Cinderace|move: Court Change
|
|-weather|Snowscape|[upkeep]
|upkeep
|turn|6
|
|t:|1779958687
|move|p2a: Cinderace|U-turn|p1a: Tentacruel
|-resisted|p1a: Tentacruel
|-damage|p1a: Tentacruel|90/100
|
|t:|1779958691
|switch|p2a: Slowking|Slowking-Galar, M, shiny|100/100|[from] U-turn
|move|p1a: Tentacruel|Rapid Spin|p2a: Slowking
|-damage|p2a: Slowking|93/100
|-boost|p1a: Tentacruel|spe|1
|-sideend|p1: IwillPrayForyou|Stealth Rock|[from] move: Rapid Spin|[of] p1a: Tentacruel
|
|-weather|Snowscape|[upkeep]
|upkeep
|turn|7
|
|t:|1779958700
|move|p1a: Tentacruel|Knock Off|p2a: Slowking
|-supereffective|p2a: Slowking
|-damage|p2a: Slowking|60/100
|-enditem|p2a: Slowking|Heavy-Duty Boots|[from] move: Knock Off|[of] p1a: Tentacruel
|move|p2a: Slowking|Psychic Noise|p1a: Tentacruel
|-supereffective|p1a: Tentacruel
|-damage|p1a: Tentacruel|61/100
|-start|p1a: Tentacruel|move: Heal Block
|
|-weather|Snowscape|[upkeep]
|upkeep
|turn|8
|
|t:|1779958712
|move|p2a: Slowking|Thunder Wave|p1a: Tentacruel
|-status|p1a: Tentacruel|par
|move|p1a: Tentacruel|Mirror Coat||[still]
|-fail|p1a: Tentacruel
|
|-weather|none
|-end|p1a: Tentacruel|move: Heal Block
|upkeep
|turn|9
|
|t:|1779958718
|-prepare|p2a: Slowking|Chilly Reception|[premajor]
|move|p2a: Slowking|Chilly Reception|p2a: Slowking
|-weather|Snowscape
|
|t:|1779958728
|switch|p2a: Landorus|Landorus-Therian, M, shiny|86/100|[from] Chilly Reception
|-ability|p2a: Landorus|Intimidate|boost
|-fail|p1a: Tentacruel|unboost|[from] ability: Clear Body|[of] p1a: Tentacruel
|move|p1a: Tentacruel|Mirror Coat||[still]
|-fail|p1a: Tentacruel
|
|-weather|Snowscape|[upkeep]
|upkeep
|turn|10
|
|t:|1779958739
|switch|p1a: Torkoal|Torkoal, F|78/100
|-weather|SunnyDay|[from] ability: Drought|[of] p1a: Torkoal
|move|p2a: Landorus|Taunt|p1a: Torkoal
|-start|p1a: Torkoal|move: Taunt
|
|-weather|SunnyDay|[upkeep]
|upkeep
|turn|11
|
|t:|1779958765
|move|p2a: Landorus|Rock Tomb|p1a: Torkoal
|-supereffective|p1a: Torkoal
|-damage|p1a: Torkoal|56/100
|-unboost|p1a: Torkoal|spe|1
|move|p1a: Torkoal|Weather Ball|p2a: Landorus
|-damage|p2a: Landorus|27/100
|
|-weather|SunnyDay|[upkeep]
|upkeep
|turn|12
|
|t:|1779958779
|move|p2a: Landorus|U-turn|p1a: Torkoal
|-resisted|p1a: Torkoal
|-damage|p1a: Torkoal|49/100
|
|t:|1779958782
|switch|p2a: Slowking|Slowking-Galar, M, shiny|93/100|[from] U-turn
|move|p1a: Torkoal|Weather Ball|p2a: Slowking
|-damage|p2a: Slowking|66/100
|
|-weather|SunnyDay|[upkeep]
|-end|p1a: Torkoal|move: Taunt
|upkeep
|turn|13
|
|t:|1779958788
|-prepare|p2a: Slowking|Chilly Reception|[premajor]
|move|p2a: Slowking|Chilly Reception|p2a: Slowking
|-weather|Snowscape
|
|t:|1779958793
|switch|p2a: Cinderace|Cinderace, F, shiny|100/100|[from] Chilly Reception
|move|p1a: Torkoal|Stealth Rock|p2a: Cinderace
|-sidestart|p2: pineapplefred1|move: Stealth Rock
|
|-weather|Snowscape|[upkeep]
|upkeep
|turn|14
|
|t:|1779958801
|move|p2a: Cinderace|Court Change|p2a: Cinderace
|-start|p2a: Cinderace|typechange|Normal|[from] ability: Libero
|-swapsideconditions
|-activate|p2a: Cinderace|move: Court Change
|move|p1a: Torkoal|Body Press|p2a: Cinderace
|-supereffective|p2a: Cinderace
|-damage|p2a: Cinderace|23/100
|
|-weather|Snowscape|[upkeep]
|upkeep
|turn|15
|
|t:|1779958811
|switch|p2a: Slowking|Slowking-Galar, M, shiny|99/100
|move|p1a: Torkoal|Weather Ball|p2a: Slowking
|-damage|p2a: Slowking|87/100
|
|-weather|Snowscape|[upkeep]
|upkeep
|turn|16
|
|t:|1779958820
|move|p2a: Slowking|Sludge Bomb|p1a: Torkoal
|-damage|p1a: Torkoal|6/100
|-status|p1a: Torkoal|psn
|move|p1a: Torkoal|Stealth Rock|p2a: Slowking
|-sidestart|p2: pineapplefred1|move: Stealth Rock
|
|-weather|Snowscape|[upkeep]
|-damage|p1a: Torkoal|0 fnt|[from] psn
|faint|p1a: Torkoal
|upkeep
|
|t:|1779958829
|switch|p1a: Tentacruel|Tentacruel, F|61/100 par
|-damage|p1a: Tentacruel|49/100 par|[from] Stealth Rock
|turn|17
|
|t:|1779958836
|-prepare|p2a: Slowking|Chilly Reception|[premajor]
|move|p2a: Slowking|Chilly Reception|p2a: Slowking
|
|t:|1779958842
|switch|p2a: Kyurem|Kyurem|82/100|[from] Chilly Reception
|-damage|p2a: Kyurem|57/100|[from] Stealth Rock
|-ability|p2a: Kyurem|Pressure
|move|p1a: Tentacruel|Mirror Coat||[still]
|-fail|p1a: Tentacruel
|
|-weather|none
|-heal|p2a: Kyurem|63/100|[from] item: Leftovers
|upkeep
|turn|18
|
|t:|1779958854
|move|p2a: Kyurem|Substitute|p2a: Kyurem
|-start|p2a: Kyurem|Substitute
|-damage|p2a: Kyurem|38/100
|move|p1a: Tentacruel|Knock Off|p2a: Kyurem
|-activate|p2a: Kyurem|move: Substitute|[damage]
|
|-heal|p2a: Kyurem|44/100|[from] item: Leftovers
|upkeep
|turn|19
|
|t:|1779958866
|move|p2a: Kyurem|Earth Power|p1a: Tentacruel
|-supereffective|p1a: Tentacruel
|-damage|p1a: Tentacruel|19/100 par
|move|p1a: Tentacruel|Rapid Spin|p2a: Kyurem
|-activate|p2a: Kyurem|move: Substitute|[damage]
|-sideend|p1: IwillPrayForyou|Stealth Rock|[from] move: Rapid Spin|[of] p1a: Tentacruel
|-boost|p1a: Tentacruel|spe|1
|
|-heal|p2a: Kyurem|50/100|[from] item: Leftovers
|upkeep
|turn|20
|
|t:|1779958878
|move|p2a: Kyurem|Protect|p2a: Kyurem
|-singleturn|p2a: Kyurem|Protect
|move|p1a: Tentacruel|Knock Off|p2a: Kyurem
|-activate|p2a: Kyurem|move: Protect
|
|-heal|p2a: Kyurem|56/100|[from] item: Leftovers
|upkeep
|turn|21
|
|t:|1779958888
|move|p2a: Kyurem|Freeze-Dry|p1a: Tentacruel
|-supereffective|p1a: Tentacruel
|-damage|p1a: Tentacruel|0 fnt
|faint|p1a: Tentacruel
|
|-heal|p2a: Kyurem|63/100|[from] item: Leftovers
|upkeep
|
|t:|1779958900
|switch|p1a: Glimmora|Glimmora, F|100/100
|turn|22
|
|t:|1779958907
|move|p2a: Kyurem|Earth Power|p1a: Glimmora
|-supereffective|p1a: Glimmora
|-enditem|p1a: Glimmora|Focus Sash
|-damage|p1a: Glimmora|1/100
|move|p1a: Glimmora|Power Gem|p2a: Kyurem
|-supereffective|p2a: Kyurem
|-end|p2a: Kyurem|Substitute
|
|-heal|p2a: Kyurem|69/100|[from] item: Leftovers
|upkeep
|turn|23
|
|t:|1779958922
|move|p2a: Kyurem|Freeze-Dry|p1a: Glimmora
|-damage|p1a: Glimmora|0 fnt
|faint|p1a: Glimmora
|
|-heal|p2a: Kyurem|75/100|[from] item: Leftovers
|upkeep
|
|t:|1779958930
|switch|p1a: Garchomp|Garchomp, M|100/100
|turn|24
|
|t:|1779958935
|move|p2a: Kyurem|Protect|p2a: Kyurem
|-singleturn|p2a: Kyurem|Protect
|move|p1a: Garchomp|Dragon Tail|p2a: Kyurem
|-activate|p2a: Kyurem|move: Protect
|
|-heal|p2a: Kyurem|81/100|[from] item: Leftovers
|upkeep
|turn|25
|
|t:|1779958945
|switch|p2a: Landorus|Landorus-Therian, M, shiny|27/100
|-damage|p2a: Landorus|15/100|[from] Stealth Rock
|-ability|p2a: Landorus|Intimidate|boost
|-unboost|p1a: Garchomp|atk|1
|move|p1a: Garchomp|Dragon Tail|p2a: Landorus
|-damage|p2a: Landorus|0 fnt
|-damage|p1a: Garchomp|84/100|[from] item: Rocky Helmet|[of] p2a: Landorus
|faint|p2a: Landorus
|
|upkeep
|
|t:|1779958954
|switch|p2a: Cinderace|Cinderace, F, shiny|23/100
|turn|26
|
|t:|1779958964
|move|p2a: Cinderace|Court Change|p2a: Cinderace
|-start|p2a: Cinderace|typechange|Normal|[from] ability: Libero
|-swapsideconditions
|-activate|p2a: Cinderace|move: Court Change
|move|p1a: Garchomp|Earthquake|p2a: Cinderace
|-damage|p2a: Cinderace|0 fnt
|faint|p2a: Cinderace
|
|upkeep
|
|t:|1779958976
|switch|p2a: Iron Valiant|Iron Valiant|100/100
|-enditem|p2a: Iron Valiant|Booster Energy
|-activate|p2a: Iron Valiant|ability: Quark Drive|[fromitem]
|-start|p2a: Iron Valiant|quarkdrivespe
|turn|27
|
|t:|1779958981
|move|p2a: Iron Valiant|Moonblast|p1a: Garchomp
|-supereffective|p1a: Garchomp
|-damage|p1a: Garchomp|3/100
|move|p1a: Garchomp|Spikes|p2a: Iron Valiant
|-sidestart|p2: pineapplefred1|Spikes
|
|upkeep
|turn|28
|
|t:|1779959003
|move|p2a: Iron Valiant|Encore|p1a: Garchomp
|-start|p1a: Garchomp|Encore
|move|p1a: Garchomp|Spikes|p2a: Iron Valiant
|-sidestart|p2: pineapplefred1|Spikes
|
|upkeep
|turn|29
|
|t:|1779959008
|move|p2a: Iron Valiant|Calm Mind|p2a: Iron Valiant
|-boost|p2a: Iron Valiant|spa|1
|-boost|p2a: Iron Valiant|spd|1
|move|p1a: Garchomp|Spikes|p2a: Iron Valiant
|-sidestart|p2: pineapplefred1|Spikes
|
|upkeep
|turn|30
|
|t:|1779959013
|switch|p1a: Blaziken|Blaziken, M, shiny|100/100
|-damage|p1a: Blaziken|88/100|[from] Stealth Rock
|move|p2a: Iron Valiant|Calm Mind|p2a: Iron Valiant
|-boost|p2a: Iron Valiant|spa|1
|-boost|p2a: Iron Valiant|spd|1
|
|upkeep
|turn|31
|
|t:|1779959023
|move|p2a: Iron Valiant|Shadow Ball|p1a: Blaziken
|-damage|p1a: Blaziken|11/100
|move|p1a: Blaziken|Focus Energy|p1a: Blaziken
|-start|p1a: Blaziken|move: Focus Energy
|
|-ability|p1a: Blaziken|Speed Boost|boost
|-boost|p1a: Blaziken|spe|1
|upkeep
|turn|32
|
|t:|1779959033
|move|p1a: Blaziken|Protect|p1a: Blaziken
|-singleturn|p1a: Blaziken|Protect
|move|p2a: Iron Valiant|Encore|p1a: Blaziken
|-activate|p1a: Blaziken|move: Protect
|
|-ability|p1a: Blaziken|Speed Boost|boost
|-boost|p1a: Blaziken|spe|1
|upkeep
|turn|33
|
|t:|1779959059
|move|p1a: Blaziken|Protect||[still]
|-fail|p1a: Blaziken
|move|p2a: Iron Valiant|Moonblast|p1a: Blaziken
|-damage|p1a: Blaziken|0 fnt
|faint|p1a: Blaziken
|
|upkeep
|-message|IwillPrayForyou forfeited.
|
|win|pineapplefred1
|raw|IwillPrayForyou's rating: 1323 &rarr; <strong>1305</strong><br />(-18 for losing)
|raw|pineapplefred1's rating: 1352 &rarr; <strong>1370</strong><br />(+18 for winning)
|l|‽IwillPrayForyou
|player|p1|
