|j|☆goodnightnite
|j|☆isaac_gam3r
|t:|1779859995
|gametype|singles
|player|p1|goodnightnite|miku-water|1737
|player|p2|isaac_gam3r|acetrainer-gen4dp|1704
|gen|9
|tier|[Gen 9] OU
|rated|
|rule|HP Percentage Mod: HP is shown in percentages
|rule|Endless Battle Clause: Forcing endless battles is banned
|rule|Species Clause: Limit one of each Pokémon
|rule|OHKO Clause: OHKO moves are banned
|rule|Evasion Items Clause: Evasion items are banned
|rule|Evasion Moves Clause: Evasion moves are banned
|rule|Evasion Abilities Clause: Evasion abilities are banned
|rule|Sleep Moves Clause: Sleep-inducing moves are banned
|clearpoke
|poke|p1|Primarina, M|
|poke|p1|Zamazenta-*|
|poke|p1|Gholdengo|
|poke|p1|Rillaboom, M|
|poke|p1|Glimmora, M|
|poke|p1|Hydreigon, M|
|poke|p2|Primarina, F|
|poke|p2|Raging Bolt|
|poke|p2|Heatran, M|
|poke|p2|Weezing-Galar, M|
|poke|p2|Garchomp, M|
|poke|p2|Weavile, F|
|teampreview
|inactive|Battle timer is ON: inactive players will automatically lose when time's up. (requested by goodnightnite)
|inactive|goodnightnite has 120 seconds left.
|
|t:|1779860053
|teamsize|p1|6
|teamsize|p2|6
|start
|switch|p1a: Celestine|Primarina, M, shiny|100/100
|switch|p2a: Raging Bolt|Raging Bolt|100/100
|turn|1
|
|t:|1779860061
|move|p2a: Raging Bolt|Thunderbolt|p1a: Celestine
|-supereffective|p1a: Celestine
|-damage|p1a: Celestine|39/100
|move|p1a: Celestine|Moonblast|p2a: Raging Bolt
|-supereffective|p2a: Raging Bolt
|-damage|p2a: Raging Bolt|13/100
|
|-heal|p2a: Raging Bolt|19/100|[from] item: Leftovers
|upkeep
|turn|2
|
|t:|1779860070
|move|p2a: Raging Bolt|Thunderbolt|p1a: Celestine
|-supereffective|p1a: Celestine
|-damage|p1a: Celestine|0 fnt
|faint|p1a: Celestine
|
|-heal|p2a: Raging Bolt|25/100|[from] item: Leftovers
|upkeep
|
|t:|1779860076
|switch|p1a: Hybrid|Hydreigon, M, shiny|100/100
|turn|3
|
|t:|1779860082
|-end|p2a: Raging Bolt|Protosynthesis|[silent]
|switch|p2a: Primarina|Primarina, F, shiny|100/100
|move|p1a: Hybrid|Flash Cannon|p2a: Primarina
|-damage|p2a: Primarina|70/100
|
|-heal|p2a: Primarina|76/100|[from] item: Leftovers
|upkeep
|turn|4
|
|t:|1779860090
|switch|p1a: Kong|Rillaboom, M, shiny|100/100
|-fieldstart|move: Grassy Terrain|[from] ability: Grassy Surge|[of] p1a: Kong
|switch|p2a: Weavile|Weavile, F|100/100
|-ability|p2a: Weavile|Pressure
|
|upkeep
|turn|5
|
|t:|1779860102
|move|p1a: Kong|Grassy Glide|p2a: Weavile
|-damage|p2a: Weavile|17/100
|-damage|p1a: Kong|91/100|[from] item: Life Orb
|move|p2a: Weavile|Knock Off|p1a: Kong
|-damage|p1a: Kong|34/100
|-enditem|p1a: Kong|Life Orb|[from] move: Knock Off|[of] p2a: Weavile
|
|-heal|p2a: Weavile|23/100|[from] Grassy Terrain
|-heal|p1a: Kong|40/100|[from] Grassy Terrain
|upkeep
|turn|6
|
|t:|1779860109
|switch|p1a: Bullet|Glimmora, M, shiny|100/100
|move|p2a: Weavile|Ice Shard|p1a: Bullet
|-damage|p1a: Bullet|86/100
|-activate|p1a: Bullet|ability: Toxic Debris
|-sidestart|p2: isaac_gam3r|move: Toxic Spikes
|-enditem|p1a: Bullet|Red Card|[of] p2a: Weavile
|drag|p2a: Primarina|Primarina, F, shiny|76/100
|-status|p2a: Primarina|psn
|
|-heal|p1a: Bullet|92/100|[from] Grassy Terrain
|-heal|p2a: Primarina|82/100 psn|[from] Grassy Terrain
|-heal|p2a: Primarina|88/100 psn|[from] item: Leftovers
|-damage|p2a: Primarina|75/100 psn|[from] psn
|upkeep
|turn|7
|
|t:|1779860122
|move|p1a: Bullet|Stealth Rock|p2a: Primarina
|-sidestart|p2: isaac_gam3r|move: Stealth Rock
|move|p2a: Primarina|Sparkling Aria|p1a: Bullet
|-supereffective|p1a: Bullet
|-damage|p1a: Bullet|0 fnt
|faint|p1a: Bullet
|
|-heal|p2a: Primarina|82/100 psn|[from] Grassy Terrain
|-heal|p2a: Primarina|88/100 psn|[from] item: Leftovers
|-damage|p2a: Primarina|75/100 psn|[from] psn
|upkeep
|
|t:|1779860129
|switch|p1a: Spirit Rush|Gholdengo, shiny|100/100
|-enditem|p1a: Spirit Rush|Grassy Seed
|-boost|p1a: Spirit Rush|def|1|[from] item: Grassy Seed
|turn|8
|
|t:|1779860140
|move|p1a: Spirit Rush|Nasty Plot|p1a: Spirit Rush
|-boost|p1a: Spirit Rush|spa|2
|move|p2a: Primarina|Calm Mind|p2a: Primarina
|-boost|p2a: Primarina|spa|1
|-boost|p2a: Primarina|spd|1
|
|-heal|p2a: Primarina|81/100 psn|[from] Grassy Terrain
|-heal|p2a: Primarina|87/100 psn|[from] item: Leftovers
|-damage|p2a: Primarina|75/100 psn|[from] psn
|-fieldend|move: Grassy Terrain
|upkeep
|turn|9
|
|t:|1779860148
|move|p1a: Spirit Rush|Nasty Plot|p1a: Spirit Rush
|-boost|p1a: Spirit Rush|spa|2
|move|p2a: Primarina|Sparkling Aria|p1a: Spirit Rush
|-damage|p1a: Spirit Rush|48/100
|
|-heal|p2a: Primarina|81/100 psn|[from] item: Leftovers
|-damage|p2a: Primarina|69/100 psn|[from] psn
|upkeep
|turn|10
|
|t:|1779860153
|move|p1a: Spirit Rush|Make It Rain|p2a: Primarina
|-damage|p2a: Primarina|0 fnt
|-unboost|p1a: Spirit Rush|spa|1
|faint|p2a: Primarina
|
|upkeep
|
|t:|1779860155
|switch|p2a: Garchomp|Garchomp, M|100/100
|-status|p2a: Garchomp|psn
|-damage|p2a: Garchomp|94/100 psn|[from] Stealth Rock
|turn|11
|
|t:|1779860160
|switch|p1a: Hybrid|Hydreigon, M, shiny|100/100
|-terastallize|p2a: Garchomp|Dragon
|move|p2a: Garchomp|Outrage|p1a: Hybrid
|-supereffective|p1a: Hybrid
|-damage|p1a: Hybrid|0 fnt
|faint|p1a: Hybrid
|
|-damage|p2a: Garchomp|82/100 psn|[from] psn
|upkeep
|
|t:|1779860169
|switch|p1a: Kong|Rillaboom, M, shiny|40/100
|-fieldstart|move: Grassy Terrain|[from] ability: Grassy Surge|[of] p1a: Kong
|turn|12
|
|t:|1779860173
|move|p2a: Garchomp|Outrage|p1a: Kong|[from] lockedmove
|-damage|p1a: Kong|0 fnt
|faint|p1a: Kong
|-start|p2a: Garchomp|confusion|[fatigue]
|
|-heal|p2a: Garchomp|88/100 psn|[from] Grassy Terrain
|-damage|p2a: Garchomp|76/100 psn|[from] psn
|upkeep
|
|t:|1779860177
|switch|p1a: Trojan|Zamazenta, shiny|100/100
|-ability|p1a: Trojan|Dauntless Shield|boost
|-boost|p1a: Trojan|def|1
|turn|13
|
|t:|1779860180
|switch|p2a: Raging Bolt|Raging Bolt|25/100
|-status|p2a: Raging Bolt|psn
|-damage|p2a: Raging Bolt|13/100 psn|[from] Stealth Rock
|move|p1a: Trojan|Iron Defense|p1a: Trojan
|-boost|p1a: Trojan|def|2
|
|-heal|p2a: Raging Bolt|19/100 psn|[from] Grassy Terrain
|-heal|p2a: Raging Bolt|25/100 psn|[from] item: Leftovers
|-damage|p2a: Raging Bolt|13/100 psn|[from] psn
|upkeep
|turn|14
|j| turquoiselink
|
|t:|1779860185
|move|p1a: Trojan|Substitute|p1a: Trojan
|-start|p1a: Trojan|Substitute
|-damage|p1a: Trojan|76/100
|move|p2a: Raging Bolt|Dragon Pulse|p1a: Trojan
|-end|p1a: Trojan|Substitute
|
|-heal|p1a: Trojan|82/100|[from] Grassy Terrain
|-heal|p1a: Trojan|88/100|[from] item: Leftovers
|-heal|p2a: Raging Bolt|19/100 psn|[from] Grassy Terrain
|-heal|p2a: Raging Bolt|25/100 psn|[from] item: Leftovers
|-damage|p2a: Raging Bolt|13/100 psn|[from] psn
|upkeep
|turn|15
|
|t:|1779860190
|move|p1a: Trojan|Body Press|p2a: Raging Bolt
|-damage|p2a: Raging Bolt|0 fnt
|faint|p2a: Raging Bolt
|-end|p2a: Raging Bolt|Protosynthesis|[silent]
|
|-heal|p1a: Trojan|94/100|[from] Grassy Terrain
|-heal|p1a: Trojan|100/100|[from] item: Leftovers
|upkeep
|
|t:|1779860193
|switch|p2a: Heatran|Heatran, M|100/100
|-damage|p2a: Heatran|88/100|[from] Stealth Rock
|turn|16
|
|t:|1779860196
|move|p1a: Trojan|Substitute|p1a: Trojan
|-start|p1a: Trojan|Substitute
|-damage|p1a: Trojan|76/100
|move|p2a: Heatran|Earth Power|p1a: Trojan
|-activate|p1a: Trojan|move: Substitute|[damage]
|
|-heal|p1a: Trojan|82/100|[from] Grassy Terrain
|-heal|p1a: Trojan|88/100|[from] item: Leftovers
|-heal|p2a: Heatran|94/100|[from] Grassy Terrain
|-fieldend|move: Grassy Terrain
|upkeep
|turn|17
|
|t:|1779860203
|move|p1a: Trojan|Body Press|p2a: Heatran
|-supereffective|p2a: Heatran
|-damage|p2a: Heatran|0 fnt
|faint|p2a: Heatran
|
|-heal|p1a: Trojan|94/100|[from] item: Leftovers
|upkeep
|-message|isaac_gam3r forfeited.
|
|win|goodnightnite
|raw|goodnightnite's rating: 1737 &rarr; <strong>1756</strong><br />(+19 for winning)
|raw|isaac_gam3r's rating: 1721 &rarr; <strong>1702</strong><br />(-19 for losing)
|l|☆isaac_gam3r
|player|p2|
