|j|☆Etherious_Ph0enix
|j|☆xdrax7w7
|t:|1779876912
|gametype|singles
|player|p1|Etherious_Ph0enix|sabrina|1116
|player|p2|xdrax7w7|steven|1128
|gen|9
|tier|[Gen 9] OU
|rated|
|rule|HP Percentage Mod: HP is shown in percentages
|rule|Endless Battle Clause: Forcing endless battles is banned
|rule|Species Clause: Limit one of each Pokémon
|rule|OHKO Clause: OHKO moves are banned
|rule|Evasion Items Clause: Evasion items are banned
|rule|Evasion Moves Clause: Evasion moves are banned
|rule|Evasion Abilities Clause: Evasion abilities are banned
|rule|Sleep Moves Clause: Sleep-inducing moves are banned
|clearpoke
|poke|p1|Typhlosion-Hisui, M|
|poke|p1|Sceptile, M|
|poke|p1|Samurott, M|
|poke|p1|Ampharos, F|
|poke|p1|Umbreon, M|
|poke|p1|Espeon, F|
|poke|p2|Weezing-Galar, F|
|poke|p2|Umbreon, M|
|poke|p2|Blaziken, M|
|poke|p2|Glimmora, F|
|poke|p2|Deoxys-Speed|
|poke|p2|Serperior, F|
|teampreview
|
|t:|1779876915
|teamsize|p1|6
|teamsize|p2|6
|start
|switch|p1a: Phoebe|Espeon, F|100/100
|switch|p2a: chimenea|Weezing-Galar, F|100/100
|-ability|p2a: chimenea|Neutralizing Gas
|turn|1
|
|t:|1779876924
|move|p1a: Phoebe|Future Sight|p2a: chimenea
|-start|p1a: Phoebe|move: Future Sight
|move|p2a: chimenea|Toxic|p1a: Phoebe
|-status|p1a: Phoebe|tox
|
|-damage|p1a: Phoebe|95/100 tox|[from] psn
|upkeep
|turn|2
|
|t:|1779876932
|move|p1a: Phoebe|Calm Mind|p1a: Phoebe
|-boost|p1a: Phoebe|spa|1
|-boost|p1a: Phoebe|spd|1
|move|p2a: chimenea|Toxic Spikes|p1a: Phoebe
|-sidestart|p1: Etherious_Ph0enix|move: Toxic Spikes
|
|-damage|p1a: Phoebe|83/100 tox|[from] psn
|upkeep
|turn|3
|
|t:|1779876964
|move|p1a: Phoebe|Psychic|p2a: chimenea
|-supereffective|p2a: chimenea
|-damage|p2a: chimenea|0 fnt
|faint|p2a: chimenea
|-end|p2a: chimenea|ability: Neutralizing Gas
|
|-hint|Future Sight did not hit because the target is fainted.
|-damage|p1a: Phoebe|65/100 tox|[from] psn
|upkeep
|
|t:|1779876972
|switch|p2a: I'm still standing|Umbreon, M, shiny|100/100
|turn|4
|
|t:|1779876976
|move|p1a: Phoebe|Draining Kiss|p2a: I'm still standing
|-supereffective|p2a: I'm still standing
|-damage|p2a: I'm still standing|64/100
|-heal|p1a: Phoebe|98/100 tox|[from] drain|[of] p2a: I'm still standing
|move|p2a: I'm still standing|Wish|p2a: I'm still standing
|
|-heal|p2a: I'm still standing|70/100|[from] item: Leftovers
|-damage|p1a: Phoebe|75/100 tox|[from] psn
|upkeep
|turn|5
|
|t:|1779876991
|switch|p1a: Salem|Umbreon, M, shiny|100/100
|-status|p1a: Salem|psn
|move|p2a: I'm still standing|Protect||[still]
|-fail|p2a: I'm still standing
|
|-heal|p2a: I'm still standing|100/100|[from] move: Wish|[wisher] I'm still standing
|-damage|p1a: Salem|88/100 psn|[from] psn
|upkeep
|turn|6
|
|t:|1779877006
|move|p1a: Salem|Toxic||[still]
|-status|p2a: I'm still standing|tox
|-activate|p2a: I'm still standing|ability: Synchronize
|-fail|p2a: I'm still standing
|move|p2a: I'm still standing|Wish|p2a: I'm still standing
|
|-heal|p1a: Salem|94/100 psn|[from] item: Leftovers
|-damage|p2a: I'm still standing|94/100 tox|[from] psn
|-damage|p1a: Salem|82/100 psn|[from] psn
|upkeep
|turn|7
|
|t:|1779877019
|switch|p2a: qlevra|Serperior, F|100/100
|-terastallize|p1a: Salem|Poison
|move|p1a: Salem|Protect||[still]
|-fail|p1a: Salem
|
|-heal|p1a: Salem|88/100 psn|[from] item: Leftovers
|-damage|p1a: Salem|75/100 psn|[from] psn
|upkeep
|turn|8
|
|t:|1779877030
|switch|p1a: Phoebe|Espeon, F|75/100 tox
|move|p2a: qlevra|Leaf Storm|p1a: Phoebe
|-damage|p1a: Phoebe|17/100 tox
|-boost|p2a: qlevra|spa|2
|
|-damage|p1a: Phoebe|11/100 tox|[from] psn
|upkeep
|turn|9
|
|t:|1779877040
|move|p2a: qlevra|Leaf Storm|p1a: Phoebe
|-damage|p1a: Phoebe|0 fnt
|-boost|p2a: qlevra|spa|2
|faint|p1a: Phoebe
|
|upkeep
|
|t:|1779877045
|switch|p1a: Salem|Umbreon, M, shiny, tera:Poison|75/100 psn
|-sideend|p1: Etherious_Ph0enix|move: Toxic Spikes|[of] p1a: Salem
|turn|10
|
|t:|1779877048
|move|p2a: qlevra|Substitute|p2a: qlevra
|-start|p2a: qlevra|Substitute
|-damage|p2a: qlevra|75/100
|move|p1a: Salem|Toxic||[still]
|-fail|p1a: Salem
|
|-heal|p2a: qlevra|82/100|[from] item: Leftovers
|-heal|p1a: Salem|81/100 psn|[from] item: Leftovers
|-damage|p1a: Salem|69/100 psn|[from] psn
|upkeep
|turn|11
|
|t:|1779877059
|move|p2a: qlevra|Dragon Pulse|p1a: Salem
|-damage|p1a: Salem|40/100 psn
|move|p1a: Salem|Foul Play|p2a: qlevra
|-activate|p2a: qlevra|move: Substitute|[damage]
|
|-heal|p2a: qlevra|88/100|[from] item: Leftovers
|-heal|p1a: Salem|46/100 psn|[from] item: Leftovers
|-damage|p1a: Salem|33/100 psn|[from] psn
|upkeep
|turn|12
|
|t:|1779877070
|move|p2a: qlevra|Leech Seed|p1a: Salem
|-start|p1a: Salem|move: Leech Seed
|move|p1a: Salem|Foul Play|p2a: qlevra
|-end|p2a: qlevra|Substitute
|
|-heal|p2a: qlevra|94/100|[from] item: Leftovers
|-heal|p1a: Salem|39/100 psn|[from] item: Leftovers
|-damage|p1a: Salem|27/100 psn|[from] Leech Seed|[of] p2a: qlevra
|-heal|p2a: qlevra|100/100|[silent]
|-damage|p1a: Salem|14/100 psn|[from] psn
|upkeep
|turn|13
|
|t:|1779877081
|move|p2a: qlevra|Dragon Pulse|p1a: Salem
|-damage|p1a: Salem|0 fnt
|faint|p1a: Salem
|
|upkeep
|
|t:|1779877092
|switch|p1a: Samurai|Samurott, M, shiny|100/100
|turn|14
|-message|Etherious_Ph0enix forfeited.
|
|win|xdrax7w7
|raw|Etherious_Ph0enix's rating: 1116 &rarr; <strong>1092</strong><br />(-24 for losing)
|raw|xdrax7w7's rating: 1128 &rarr; <strong>1152</strong><br />(+24 for winning)
|l|☆Etherious_Ph0enix
|player|p1|
|l|☆xdrax7w7
|player|p2|
