|j|☆GiveMeChaewon
|j|☆Nertwerve
|t:|1779945926
|gametype|singles
|player|p1|GiveMeChaewon|265|1039
|player|p2|Nertwerve|waitress-gen4|1095
|gen|9
|tier|[Gen 9] OU
|rated|
|rule|HP Percentage Mod: HP is shown in percentages
|rule|Endless Battle Clause: Forcing endless battles is banned
|rule|Species Clause: Limit one of each Pokémon
|rule|OHKO Clause: OHKO moves are banned
|rule|Evasion Items Clause: Evasion items are banned
|rule|Evasion Moves Clause: Evasion moves are banned
|rule|Evasion Abilities Clause: Evasion abilities are banned
|rule|Sleep Moves Clause: Sleep-inducing moves are banned
|clearpoke
|poke|p1|Weavile, F|
|poke|p1|Latias, F|
|poke|p1|Gliscor, M|
|poke|p1|Empoleon, F|
|poke|p1|Incineroar, M|
|poke|p1|Gengar, M|
|poke|p2|Conkeldurr, M|
|poke|p2|Scizor, F|
|poke|p2|Goodra, F|
|poke|p2|Clodsire, F|
|poke|p2|Dudunsparce-*, M|
|poke|p2|Zangoose, M|
|teampreview
|inactive|Battle timer is ON: inactive players will automatically lose when time's up. (requested by Nertwerve)
|
|t:|1779945933
|teamsize|p1|6
|teamsize|p2|6
|start
|switch|p1a: Gengar|Gengar, M|100/100
|switch|p2a: Hercules|Conkeldurr, M, shiny|100/100
|turn|1
|
|t:|1779945942
|move|p1a: Gengar|Sludge Bomb|p2a: Hercules
|-damage|p2a: Hercules|34/100
|move|p2a: Hercules|Knock Off|p1a: Gengar
|-supereffective|p1a: Gengar
|-enditem|p1a: Gengar|Focus Sash
|-damage|p1a: Gengar|1/100
|
|-status|p2a: Hercules|brn|[from] item: Flame Orb
|upkeep
|turn|2
|
|t:|1779945959
|switch|p2a: Loafsire|Clodsire, F|100/100
|move|p1a: Gengar|Shadow Ball|p2a: Loafsire
|-damage|p2a: Loafsire|77/100
|
|-heal|p2a: Loafsire|83/100|[from] item: Black Sludge
|upkeep
|turn|3
|
|t:|1779945977
|move|p1a: Gengar|Shadow Ball|p2a: Loafsire
|-damage|p2a: Loafsire|61/100
|move|p2a: Loafsire|Toxic Spikes|p1a: Gengar
|-sidestart|p1: GiveMeChaewon|move: Toxic Spikes
|
|-heal|p2a: Loafsire|67/100|[from] item: Black Sludge
|upkeep
|turn|4
|
|t:|1779945985
|move|p1a: Gengar|Shadow Ball|p2a: Loafsire
|-damage|p2a: Loafsire|44/100
|move|p2a: Loafsire|Earthquake|p1a: Gengar
|-supereffective|p1a: Gengar
|-damage|p1a: Gengar|0 fnt
|-start|p2a: Loafsire|Disable|Earthquake|[from] ability: Cursed Body|[of] p1a: Gengar
|faint|p1a: Gengar
|
|-heal|p2a: Loafsire|50/100|[from] item: Black Sludge
|upkeep
|
|t:|1779945997
|switch|p1a: Gliscor|Gliscor, M|100/100
|turn|5
|
|t:|1779946003
|move|p1a: Gliscor|Earthquake|p2a: Loafsire
|-supereffective|p2a: Loafsire
|-damage|p2a: Loafsire|0 fnt
|faint|p2a: Loafsire
|
|-status|p1a: Gliscor|tox|[from] item: Toxic Orb
|upkeep
|
|t:|1779946012
|switch|p2a: Dudunsparce|Dudunsparce, M|100/100
|turn|6
|
|t:|1779946016
|move|p1a: Gliscor|Knock Off|p2a: Dudunsparce
|-damage|p2a: Dudunsparce|85/100
|-enditem|p2a: Dudunsparce|Leftovers|[from] move: Knock Off|[of] p1a: Gliscor
|move|p2a: Dudunsparce|Coil|p2a: Dudunsparce
|-boost|p2a: Dudunsparce|atk|1
|-boost|p2a: Dudunsparce|def|1
|-boost|p2a: Dudunsparce|accuracy|1
|
|upkeep
|turn|7
|
|t:|1779946028
|switch|p1a: Incineroar|Incineroar, M|100/100
|-status|p1a: Incineroar|psn
|-ability|p1a: Incineroar|Intimidate|boost
|-unboost|p2a: Dudunsparce|atk|1
|move|p2a: Dudunsparce|Coil|p2a: Dudunsparce
|-boost|p2a: Dudunsparce|atk|1
|-boost|p2a: Dudunsparce|def|1
|-boost|p2a: Dudunsparce|accuracy|1
|
|-damage|p1a: Incineroar|88/100 psn|[from] psn
|upkeep
|turn|8
|
|t:|1779946045
|move|p1a: Incineroar|Low Kick|p2a: Dudunsparce
|-supereffective|p2a: Dudunsparce
|-damage|p2a: Dudunsparce|69/100
|move|p2a: Dudunsparce|Body Slam|p1a: Incineroar
|-damage|p1a: Incineroar|46/100 psn
|
|-damage|p1a: Incineroar|34/100 psn|[from] psn
|upkeep
|turn|9
|
|t:|1779946056
|move|p1a: Incineroar|Flare Blitz|p2a: Dudunsparce
|-damage|p2a: Dudunsparce|48/100
|-damage|p1a: Incineroar|26/100 psn|[from] Recoil
|move|p2a: Dudunsparce|Dragon Rush|p1a: Incineroar
|-damage|p1a: Incineroar|0 fnt
|faint|p1a: Incineroar
|
|upkeep
|
|t:|1779946068
|switch|p1a: Empoleon|Empoleon, F|100/100
|turn|10
|
|t:|1779946085
|switch|p2a: Hercules|Conkeldurr, M, shiny|34/100 brn
|move|p1a: Empoleon|Surf|p2a: Hercules
|-damage|p2a: Hercules|0 fnt
|faint|p2a: Hercules
|
|upkeep
|
|t:|1779946101
|switch|p2a: Duchess|Goodra, F, shiny|100/100
|turn|11
|
|t:|1779946109
|-terastallize|p1a: Empoleon|Water
|move|p2a: Duchess|Thunderbolt|p1a: Empoleon
|-supereffective|p1a: Empoleon
|-damage|p1a: Empoleon|43/100
|move|p1a: Empoleon|Ice Beam|p2a: Duchess
|-supereffective|p2a: Duchess
|-damage|p2a: Duchess|68/100
|
|-heal|p1a: Empoleon|49/100|[from] item: Leftovers
|upkeep
|turn|12
|
|t:|1779946123
|move|p2a: Duchess|Hydro Pump|p1a: Empoleon
|-resisted|p1a: Empoleon
|-damage|p1a: Empoleon|34/100
|move|p1a: Empoleon|Ice Beam|p2a: Duchess
|-supereffective|p2a: Duchess
|-damage|p2a: Duchess|33/100
|
|-heal|p1a: Empoleon|40/100|[from] item: Leftovers
|upkeep
|turn|13
|
|t:|1779946136
|switch|p1a: Gliscor|Gliscor, M|100/100 tox
|move|p2a: Duchess|Thunderbolt|p1a: Gliscor
|-immune|p1a: Gliscor
|
|upkeep
|turn|14
|
|t:|1779946155
|switch|p2a: Dudunsparce|Dudunsparce, M|48/100
|move|p1a: Gliscor|Knock Off|p2a: Dudunsparce
|-damage|p2a: Dudunsparce|35/100
|
|upkeep
|turn|15
|
|t:|1779946163
|switch|p1a: Empoleon|Empoleon, F, tera:Water|40/100
|-status|p1a: Empoleon|psn
|move|p2a: Dudunsparce|Coil|p2a: Dudunsparce
|-boost|p2a: Dudunsparce|atk|1
|-boost|p2a: Dudunsparce|def|1
|-boost|p2a: Dudunsparce|accuracy|1
|
|-heal|p1a: Empoleon|46/100 psn|[from] item: Leftovers
|-damage|p1a: Empoleon|34/100 psn|[from] psn
|upkeep
|turn|16
|inactive|Nertwerve has 120 seconds left.
|
|t:|1779946189
|move|p1a: Empoleon|Surf|p2a: Dudunsparce
|-damage|p2a: Dudunsparce|0 fnt
|faint|p2a: Dudunsparce
|
|-heal|p1a: Empoleon|40/100 psn|[from] item: Leftovers
|-damage|p1a: Empoleon|28/100 psn|[from] psn
|upkeep
|inactive|Nertwerve has 120 seconds left.
|
|t:|1779946201
|switch|p2a: Scizor|Scizor, F|100/100
|turn|17
|inactive|Nertwerve has 120 seconds left.
|
|t:|1779946207
|move|p2a: Scizor|Swords Dance|p2a: Scizor
|-boost|p2a: Scizor|atk|2
|move|p1a: Empoleon|Surf|p2a: Scizor
|-damage|p2a: Scizor|24/100
|-enditem|p2a: Scizor|Red Card|[of] p1a: Empoleon
|drag|p1a: Weavile|Weavile, F|100/100
|-status|p1a: Weavile|psn
|-ability|p1a: Weavile|Pressure
|
|-damage|p1a: Weavile|88/100 psn|[from] psn
|upkeep
|turn|18
|inactive|Nertwerve has 120 seconds left.
|
|t:|1779946220
|move|p2a: Scizor|Bullet Punch|p1a: Weavile
|-supereffective|p1a: Weavile
|-damage|p1a: Weavile|0 fnt
|faint|p1a: Weavile
|
|upkeep
|
|t:|1779946226
|switch|p1a: Gliscor|Gliscor, M|100/100 tox
|turn|19
|inactive|Nertwerve has 120 seconds left.
|
|t:|1779946242
|move|p1a: Gliscor|Earthquake|p2a: Scizor
|-crit|p2a: Scizor
|-damage|p2a: Scizor|0 fnt
|faint|p2a: Scizor
|
|upkeep
|inactive|Nertwerve has 120 seconds left.
|
|t:|1779946250
|switch|p2a: Duchess|Goodra, F, shiny|33/100
|turn|20
|
|t:|1779946253
|move|p1a: Gliscor|Knock Off|p2a: Duchess
|-damage|p2a: Duchess|0 fnt
|-ability|p2a: Duchess|Gooey
|-unboost|p1a: Gliscor|spe|1
|-enditem|p2a: Duchess|Expert Belt|[from] move: Knock Off|[of] p1a: Gliscor
|faint|p2a: Duchess
|
|upkeep
|
|t:|1779946259
|switch|p2a: Zangoose|Zangoose, M|100/100
|turn|21
|
|t:|1779946265
|move|p2a: Zangoose|Detect|p2a: Zangoose
|-singleturn|p2a: Zangoose|Protect
|move|p1a: Gliscor|Knock Off|p2a: Zangoose
|-activate|p2a: Zangoose|move: Protect
|
|-status|p2a: Zangoose|tox|[from] item: Toxic Orb
|upkeep
|turn|22
|
|t:|1779946279
|move|p2a: Zangoose|Facade|p1a: Gliscor
|-damage|p1a: Gliscor|0 fnt
|faint|p1a: Gliscor
|
|-damage|p2a: Zangoose|95/100 tox|[from] psn
|upkeep
|
|t:|1779946288
|switch|p1a: Latias|Latias, F|100/100
|turn|23
|
|t:|1779946296
|move|p2a: Zangoose|Knock Off|p1a: Latias
|-supereffective|p1a: Latias
|-damage|p1a: Latias|0 fnt
|-enditem|p1a: Latias|Assault Vest|[from] move: Knock Off|[of] p2a: Zangoose
|faint|p1a: Latias
|
|-damage|p2a: Zangoose|83/100 tox|[from] psn
|upkeep
|l|☆GiveMeChaewon
|inactive|GiveMeChaewon disconnected and has a minute to reconnect!
|player|p1|
|inactive|GiveMeChaewon has 30 seconds to reconnect!
|inactive|GiveMeChaewon has 20 seconds to reconnect!
|inactive|GiveMeChaewon has 15 seconds to reconnect!
|inactive|GiveMeChaewon has 10 seconds to reconnect!
|inactive|GiveMeChaewon has 5 seconds to reconnect!
|-message|GiveMeChaewon lost due to inactivity.
|
|win|Nertwerve
|raw|GiveMeChaewon's rating: 1039 &rarr; <strong>1026</strong><br />(-13 for losing)
|raw|Nertwerve's rating: 1095 &rarr; <strong>1117</strong><br />(+22 for winning)
