|j|☆nsplumb
|j|☆asdddddddssd
|t:|1779907460
|gametype|singles
|player|p1|nsplumb|169|1177
|player|p2|asdddddddssd|102|1183
|gen|9
|tier|[Gen 9] OU
|rated|
|rule|HP Percentage Mod: HP is shown in percentages
|rule|Endless Battle Clause: Forcing endless battles is banned
|rule|Species Clause: Limit one of each Pokémon
|rule|OHKO Clause: OHKO moves are banned
|rule|Evasion Items Clause: Evasion items are banned
|rule|Evasion Moves Clause: Evasion moves are banned
|rule|Evasion Abilities Clause: Evasion abilities are banned
|rule|Sleep Moves Clause: Sleep-inducing moves are banned
|clearpoke
|poke|p1|Muk-Alola, F|
|poke|p1|Ceruledge, M|
|poke|p1|Hatterene, F|
|poke|p1|Kommo-o, F|
|poke|p1|Altaria, F|
|poke|p1|Cresselia, F|
|poke|p2|Primarina, M|
|poke|p2|Zamazenta-*|
|poke|p2|Dragapult, M|
|poke|p2|Gliscor, F|
|poke|p2|Raging Bolt|
|poke|p2|Iron Treads|
|teampreview
|inactive|Battle timer is ON: inactive players will automatically lose when time's up. (requested by nsplumb)
|
|t:|1779907476
|teamsize|p1|6
|teamsize|p2|6
|start
|switch|p1a: Kommo-o|Kommo-o, F|100/100
|switch|p2a: Iron Treads|Iron Treads|100/100
|-item|p2a: Iron Treads|Air Balloon
|turn|1
|c|☆asdddddddssd|"my lil bro made it" ah team
|
|t:|1779907488
|move|p2a: Iron Treads|Stealth Rock|p1a: Kommo-o
|-sidestart|p1: nsplumb|move: Stealth Rock
|move|p1a: Kommo-o|Clangorous Soul|p1a: Kommo-o
|-boost|p1a: Kommo-o|atk|1
|-boost|p1a: Kommo-o|def|1
|-boost|p1a: Kommo-o|spa|1
|-boost|p1a: Kommo-o|spd|1
|-boost|p1a: Kommo-o|spe|1
|-damage|p1a: Kommo-o|68/100
|-enditem|p1a: Kommo-o|Throat Spray
|-boost|p1a: Kommo-o|spa|1|[from] item: Throat Spray
|
|upkeep
|turn|2
|
|t:|1779907498
|move|p1a: Kommo-o|Aura Sphere|p2a: Iron Treads
|-supereffective|p2a: Iron Treads
|-damage|p2a: Iron Treads|0 fnt
|-enditem|p2a: Iron Treads|Air Balloon
|faint|p2a: Iron Treads
|-end|p2a: Iron Treads|Quark Drive|[silent]
|
|upkeep
|
|t:|1779907510
|switch|p2a: Primarina|Primarina, M|100/100
|turn|3
|
|t:|1779907515
|move|p1a: Kommo-o|Boomburst|p2a: Primarina
|-damage|p2a: Primarina|28/100
|move|p2a: Primarina|Moonblast|p1a: Kommo-o
|-supereffective|p1a: Kommo-o
|-damage|p1a: Kommo-o|0 fnt
|faint|p1a: Kommo-o
|
|upkeep
|
|t:|1779907536
|switch|p1a: Muk|Muk-Alola, F|100/100
|-damage|p1a: Muk|88/100|[from] Stealth Rock
|turn|4
|
|t:|1779907552
|switch|p2a: Gliscor|Gliscor, F|100/100
|move|p1a: Muk|Poison Jab|p2a: Gliscor
|-resisted|p2a: Gliscor
|-damage|p2a: Gliscor|87/100
|
|-heal|p1a: Muk|94/100|[from] item: Leftovers
|-status|p2a: Gliscor|tox|[from] item: Toxic Orb
|upkeep
|turn|5
|
|t:|1779907568
|switch|p1a: Cresselia|Cresselia, F|100/100
|-damage|p1a: Cresselia|88/100|[from] Stealth Rock
|move|p2a: Gliscor|Knock Off|p1a: Cresselia
|-supereffective|p1a: Cresselia
|-damage|p1a: Cresselia|58/100
|-damage|p2a: Gliscor|70/100 tox|[from] item: Rocky Helmet|[of] p1a: Cresselia
|-enditem|p1a: Cresselia|Rocky Helmet|[from] move: Knock Off|[of] p2a: Gliscor
|
|-heal|p2a: Gliscor|83/100 tox|[from] ability: Poison Heal
|upkeep
|turn|6
|
|t:|1779907580
|move|p2a: Gliscor|Protect|p2a: Gliscor
|-singleturn|p2a: Gliscor|Protect
|move|p1a: Cresselia|Ice Beam|p2a: Gliscor
|-activate|p2a: Gliscor|move: Protect
|
|-heal|p2a: Gliscor|95/100 tox|[from] ability: Poison Heal
|upkeep
|turn|7
|
|t:|1779907592
|switch|p2a: Primarina|Primarina, M|28/100
|move|p1a: Cresselia|Moonlight|p1a: Cresselia
|-heal|p1a: Cresselia|100/100
|
|upkeep
|turn|8
|
|t:|1779907601
|move|p2a: Primarina|Moonblast|p1a: Cresselia
|-damage|p1a: Cresselia|44/100
|move|p1a: Cresselia|Psychic|p2a: Primarina
|-damage|p2a: Primarina|0 fnt
|faint|p2a: Primarina
|
|upkeep
|
|t:|1779907625
|switch|p2a: Dragapult|Dragapult, M|100/100
|turn|9
|
|t:|1779907637
|switch|p1a: Hatterene|Hatterene, F|100/100
|-damage|p1a: Hatterene|88/100|[from] Stealth Rock
|move|p2a: Dragapult|Shadow Ball|p1a: Hatterene
|-supereffective|p1a: Hatterene
|-damage|p1a: Hatterene|0 fnt
|faint|p1a: Hatterene
|
|upkeep
|c|☆asdddddddssd|300 extra elo i win this
|
|t:|1779907647
|switch|p1a: Muk|Muk-Alola, F|94/100
|-damage|p1a: Muk|82/100|[from] Stealth Rock
|turn|10
|
|t:|1779907653
|switch|p2a: Zamazenta|Zamazenta|100/100
|-ability|p2a: Zamazenta|Dauntless Shield|boost
|-boost|p2a: Zamazenta|def|1
|move|p1a: Muk|Knock Off|p2a: Zamazenta
|-resisted|p2a: Zamazenta
|-damage|p2a: Zamazenta|89/100
|-enditem|p2a: Zamazenta|Chesto Berry|[from] move: Knock Off|[of] p1a: Muk
|
|-heal|p1a: Muk|88/100|[from] item: Leftovers
|upkeep
|turn|11
|
|t:|1779907664
|move|p2a: Zamazenta|Iron Defense|p2a: Zamazenta
|-boost|p2a: Zamazenta|def|2
|move|p1a: Muk|Poison Jab|p2a: Zamazenta
|-damage|p2a: Zamazenta|77/100
|
|-heal|p1a: Muk|94/100|[from] item: Leftovers
|upkeep
|turn|12
|c|☆asdddddddssd|goofy ash team bru
|
|t:|1779907672
|move|p2a: Zamazenta|Iron Defense|p2a: Zamazenta
|-boost|p2a: Zamazenta|def|2
|move|p1a: Muk|Poison Jab|p2a: Zamazenta
|-damage|p2a: Zamazenta|69/100
|
|-heal|p1a: Muk|99/100|[from] item: Leftovers
|upkeep
|turn|13
|c|☆asdddddddssd|letme set u up for only $19.99
|
|t:|1779907689
|switch|p1a: Altaria|Altaria, F|100/100
|move|p2a: Zamazenta|Body Press|p1a: Altaria
|-resisted|p1a: Altaria
|-damage|p1a: Altaria|17/100
|
|upkeep
|turn|14
|
|t:|1779907698
|move|p2a: Zamazenta|Body Press|p1a: Altaria
|-resisted|p1a: Altaria
|-damage|p1a: Altaria|0 fnt
|faint|p1a: Altaria
|
|upkeep
|
|t:|1779907705
|switch|p1a: Ceruledge|Ceruledge, M|100/100
|turn|15
|c|☆asdddddddssd|"where my hug at" ahh guy
|
|t:|1779907719
|switch|p2a: Dragapult|Dragapult, M|100/100
|move|p1a: Ceruledge|Bitter Blade|p2a: Dragapult
|-resisted|p2a: Dragapult
|-damage|p2a: Dragapult|67/100
|
|upkeep
|turn|16
|c|☆nsplumb|why you so annoying?
|inactive|nsplumb has 120 seconds left.
|
|t:|1779907753
|move|p1a: Ceruledge|Shadow Sneak|p2a: Dragapult
|-supereffective|p2a: Dragapult
|-damage|p2a: Dragapult|14/100
|move|p2a: Dragapult|Shadow Ball|p1a: Ceruledge
|-supereffective|p1a: Ceruledge
|-damage|p1a: Ceruledge|0 fnt
|faint|p1a: Ceruledge
|
|upkeep
|inactive|nsplumb has 120 seconds left.
|
|t:|1779907763
|switch|p1a: Muk|Muk-Alola, F|99/100
|-damage|p1a: Muk|88/100|[from] Stealth Rock
|turn|17
|inactive|nsplumb has 120 seconds left.
|
|t:|1779907769
|switch|p2a: Zamazenta|Zamazenta|69/100
|move|p1a: Muk|Knock Off|p2a: Zamazenta
|-resisted|p2a: Zamazenta
|-damage|p2a: Zamazenta|58/100
|
|-heal|p1a: Muk|94/100|[from] item: Leftovers
|upkeep
|turn|18
|c|☆asdddddddssd|grow a pair of balls and a beard first bud
|
|t:|1779907790
|move|p2a: Zamazenta|Iron Defense|p2a: Zamazenta
|-boost|p2a: Zamazenta|def|2
|move|p1a: Muk|Poison Jab|p2a: Zamazenta
|-damage|p2a: Zamazenta|43/100
|
|-heal|p1a: Muk|99/100|[from] item: Leftovers
|upkeep
|turn|19
|inactive|nsplumb has 120 seconds left.
|c|☆nsplumb|kids these days
|c|☆asdddddddssd|kid? im 15 bud
|c|☆nsplumb|my point exactly
|c|☆asdddddddssd|turning 16 in 5 months
|c|☆nsplumb|good for you bud
|inactive|nsplumb has 90 seconds left.
|c|☆asdddddddssd|if the words "where my hug at" were a person
|c|☆asdddddddssd|thats u
|inactive|nsplumb has 60 seconds left.
|c|☆nsplumb|whats wrong with a hug?
|c|☆asdddddddssd|im prob the best eight grader out there
|inactive|nsplumb has 30 seconds left.
|
|t:|1779907895
|move|p2a: Zamazenta|Iron Defense|p2a: Zamazenta
|-boost|p2a: Zamazenta|def|2
|move|p1a: Muk|Poison Jab|p2a: Zamazenta
|-damage|p2a: Zamazenta|33/100
|
|-heal|p1a: Muk|100/100|[from] item: Leftovers
|upkeep
|turn|20
|c|☆asdddddddssd|yeah i knew that suited u pal
|
|t:|1779907905
|move|p2a: Zamazenta|Body Press|p1a: Muk
|-damage|p1a: Muk|0 fnt
|faint|p1a: Muk
|
|upkeep
|
|t:|1779907910
|switch|p1a: Cresselia|Cresselia, F|44/100
|-damage|p1a: Cresselia|32/100|[from] Stealth Rock
|turn|21
|c|☆asdddddddssd|do i let u play more unc
|c|☆asdddddddssd|or win it now?
|
|t:|1779907931
|move|p2a: Zamazenta|Body Press|p1a: Cresselia
|-resisted|p1a: Cresselia
|-damage|p1a: Cresselia|0 fnt
|faint|p1a: Cresselia
|
|win|asdddddddssd
|raw|nsplumb's rating: 1177 &rarr; <strong>1152</strong><br />(-25 for losing)
|raw|asdddddddssd's rating: 1183 &rarr; <strong>1208</strong><br />(+25 for winning)
|l|☆nsplumb
|player|p1|
|c|☆asdddddddssd|gg pal best 8th graer out there
|l|☆asdddddddssd
|player|p2|
