|j|☆claudechamp
|j|☆ElLoga
|t:|1779803963
|gametype|singles
|player|p1|claudechamp|265|1326
|player|p2|ElLoga|170|1376
|gen|9
|tier|[Gen 9] OU
|rated|
|rule|HP Percentage Mod: HP is shown in percentages
|rule|Endless Battle Clause: Forcing endless battles is banned
|rule|Species Clause: Limit one of each Pokémon
|rule|OHKO Clause: OHKO moves are banned
|rule|Evasion Items Clause: Evasion items are banned
|rule|Evasion Moves Clause: Evasion moves are banned
|rule|Evasion Abilities Clause: Evasion abilities are banned
|rule|Sleep Moves Clause: Sleep-inducing moves are banned
|clearpoke
|poke|p1|Gliscor, M|
|poke|p1|Gholdengo|
|poke|p1|Zamazenta-*|
|poke|p1|Blissey, F|
|poke|p1|Skarmory, M|
|poke|p1|Pecharunt|
|poke|p2|Samurott-Hisui, M|
|poke|p2|Zapdos|
|poke|p2|Iron Treads|
|poke|p2|Ceruledge, M|
|poke|p2|Gholdengo|
|poke|p2|Kingambit, M|
|teampreview
|c|☆claudechamp|hf
|inactive|Battle timer is ON: inactive players will automatically lose when time's up. (requested by claudechamp)
|
|t:|1779803972
|teamsize|p1|6
|teamsize|p2|6
|start
|switch|p1a: Skarmory|Skarmory, M|100/100
|switch|p2a: Samurott|Samurott-Hisui, M|100/100
|turn|1
|
|t:|1779803985
|move|p2a: Samurott|Knock Off|p1a: Skarmory
|-damage|p1a: Skarmory|74/100
|-enditem|p1a: Skarmory|Heavy-Duty Boots|[from] move: Knock Off|[of] p2a: Samurott
|move|p1a: Skarmory|Spikes|p2a: Samurott
|-sidestart|p2: ElLoga|Spikes
|
|upkeep
|turn|2
|
|t:|1779803995
|move|p2a: Samurott|Ceaseless Edge|p1a: Skarmory
|-crit|p1a: Skarmory
|-damage|p1a: Skarmory|33/100
|-sidestart|p1: claudechamp|Spikes
|move|p1a: Skarmory|Spikes|p2a: Samurott
|-sidestart|p2: ElLoga|Spikes
|
|upkeep
|turn|3
|
|t:|1779804006
|move|p2a: Samurott|Ceaseless Edge|p1a: Skarmory
|-damage|p1a: Skarmory|5/100
|-sidestart|p1: claudechamp|Spikes
|move|p1a: Skarmory|Roost|p1a: Skarmory
|-heal|p1a: Skarmory|55/100
|-singleturn|p1a: Skarmory|move: Roost
|
|upkeep
|turn|4
|
|t:|1779804014
|move|p2a: Samurott|Ceaseless Edge|p1a: Skarmory
|-damage|p1a: Skarmory|29/100
|-sidestart|p1: claudechamp|Spikes
|move|p1a: Skarmory|Roost|p1a: Skarmory
|-heal|p1a: Skarmory|79/100
|-singleturn|p1a: Skarmory|move: Roost
|
|upkeep
|turn|5
|
|t:|1779804025
|move|p2a: Samurott|Flip Turn|p1a: Skarmory
|-damage|p1a: Skarmory|62/100
|
|t:|1779804029
|switch|p2a: Zapdos|Zapdos|100/100|[from] Flip Turn
|move|p1a: Skarmory|Body Press|p2a: Zapdos
|-resisted|p2a: Zapdos
|-damage|p2a: Zapdos|89/100
|
|upkeep
|turn|6
|
|t:|1779804046
|switch|p1a: Gliscor|Gliscor, M|100/100
|move|p2a: Zapdos|Hurricane|p1a: Gliscor
|-damage|p1a: Gliscor|61/100
|-start|p1a: Gliscor|confusion
|
|-status|p1a: Gliscor|tox|[from] item: Toxic Orb
|upkeep
|turn|7
|
|t:|1779804070
|switch|p1a: Blissey|Blissey, F|100/100
|move|p2a: Zapdos|Hurricane|p1a: Blissey|[miss]
|-miss|p2a: Zapdos|p1a: Blissey
|
|upkeep
|turn|8
|
|t:|1779804083
|move|p2a: Zapdos|Volt Switch|p1a: Blissey
|-damage|p1a: Blissey|92/100
|
|t:|1779804086
|switch|p2a: Iron Treads|Iron Treads|100/100|[from] Volt Switch
|-damage|p2a: Iron Treads|84/100|[from] Spikes
|move|p1a: Blissey|Stealth Rock|p2a: Iron Treads
|-sidestart|p2: ElLoga|move: Stealth Rock
|
|-heal|p2a: Iron Treads|90/100|[from] item: Leftovers
|upkeep
|turn|9
|
|t:|1779804098
|switch|p1a: Pecharunt|Pecharunt|100/100
|move|p2a: Iron Treads|Knock Off|p1a: Pecharunt
|-supereffective|p1a: Pecharunt
|-damage|p1a: Pecharunt|70/100
|-enditem|p1a: Pecharunt|Heavy-Duty Boots|[from] move: Knock Off|[of] p2a: Iron Treads
|
|-heal|p2a: Iron Treads|96/100|[from] item: Leftovers
|upkeep
|turn|10
|
|t:|1779804112
|move|p2a: Iron Treads|Stealth Rock|p1a: Pecharunt
|-sidestart|p1: claudechamp|move: Stealth Rock
|move|p1a: Pecharunt|Recover|p1a: Pecharunt
|-heal|p1a: Pecharunt|100/100
|
|-heal|p2a: Iron Treads|100/100|[from] item: Leftovers
|upkeep
|turn|11
|
|t:|1779804121
|move|p2a: Iron Treads|Earthquake|p1a: Pecharunt
|-supereffective|p1a: Pecharunt
|-damage|p1a: Pecharunt|56/100
|move|p1a: Pecharunt|Shadow Ball|p2a: Iron Treads
|-damage|p2a: Iron Treads|65/100
|
|-heal|p2a: Iron Treads|71/100|[from] item: Leftovers
|upkeep
|turn|12
|
|t:|1779804134
|move|p2a: Iron Treads|Earthquake|p1a: Pecharunt
|-supereffective|p1a: Pecharunt
|-damage|p1a: Pecharunt|15/100
|move|p1a: Pecharunt|Recover|p1a: Pecharunt
|-heal|p1a: Pecharunt|65/100
|
|-heal|p2a: Iron Treads|77/100|[from] item: Leftovers
|upkeep
|turn|13
|
|t:|1779804144
|move|p2a: Iron Treads|Earthquake|p1a: Pecharunt
|-supereffective|p1a: Pecharunt
|-damage|p1a: Pecharunt|20/100
|move|p1a: Pecharunt|Recover|p1a: Pecharunt
|-heal|p1a: Pecharunt|70/100
|
|-heal|p2a: Iron Treads|84/100|[from] item: Leftovers
|upkeep
|turn|14
|
|t:|1779804156
|-end|p2a: Iron Treads|Quark Drive|[silent]
|switch|p2a: Ceruledge|Ceruledge, M|100/100
|move|p1a: Pecharunt|Recover|p1a: Pecharunt
|-heal|p1a: Pecharunt|100/100
|
|upkeep
|turn|15
|
|t:|1779804177
|move|p1a: Pecharunt|Shadow Ball|p2a: Ceruledge
|-supereffective|p2a: Ceruledge
|-damage|p2a: Ceruledge|54/100
|move|p2a: Ceruledge|Bitter Blade|p1a: Pecharunt
|-damage|p1a: Pecharunt|78/100
|-heal|p2a: Ceruledge|66/100|[from] drain|[of] p1a: Pecharunt
|
|upkeep
|turn|16
|
|t:|1779804195
|switch|p2a: Zapdos|Zapdos|89/100
|move|p1a: Pecharunt|Toxic|p2a: Zapdos
|-status|p2a: Zapdos|tox
|-start|p2a: Zapdos|confusion|[from] ability: Poison Puppeteer|[of] p1a: Pecharunt
|
|-damage|p2a: Zapdos|83/100 tox|[from] psn
|upkeep
|turn|17
|
|t:|1779804207
|-activate|p2a: Zapdos|confusion
|-damage|p2a: Zapdos|78/100 tox|[from] confusion
|move|p1a: Pecharunt|Shadow Ball|p2a: Zapdos
|-damage|p2a: Zapdos|54/100 tox
|
|-damage|p2a: Zapdos|42/100 tox|[from] psn
|upkeep
|turn|18
|
|t:|1779804216
|switch|p1a: Gliscor|Gliscor, M|61/100 tox
|-damage|p1a: Gliscor|49/100 tox|[from] Stealth Rock
|-activate|p2a: Zapdos|confusion
|move|p2a: Zapdos|Volt Switch|p1a: Gliscor
|-immune|p1a: Gliscor
|
|-heal|p1a: Gliscor|61/100 tox|[from] ability: Poison Heal
|-damage|p2a: Zapdos|24/100 tox|[from] psn
|upkeep
|turn|19
|
|t:|1779804227
|move|p1a: Gliscor|Swords Dance|p1a: Gliscor
|-boost|p1a: Gliscor|atk|2
|-activate|p2a: Zapdos|confusion
|-damage|p2a: Zapdos|20/100 tox|[from] confusion
|
|-heal|p1a: Gliscor|74/100 tox|[from] ability: Poison Heal
|-damage|p2a: Zapdos|0 fnt|[from] psn
|faint|p2a: Zapdos
|upkeep
|
|t:|1779804237
|switch|p2a: Samurott|Samurott-Hisui, M|100/100
|-damage|p2a: Samurott|84/100|[from] Spikes
|-damage|p2a: Samurott|72/100|[from] Stealth Rock
|turn|20
|
|t:|1779804250
|move|p2a: Samurott|Sucker Punch|p1a: Gliscor
|-damage|p1a: Gliscor|49/100 tox
|move|p1a: Gliscor|Earthquake|p2a: Samurott
|-damage|p2a: Samurott|0 fnt
|faint|p2a: Samurott
|
|-heal|p1a: Gliscor|62/100 tox|[from] ability: Poison Heal
|upkeep
|
|t:|1779804260
|switch|p2a: Gholdengo|Gholdengo|100/100
|-damage|p2a: Gholdengo|94/100|[from] Stealth Rock
|-item|p2a: Gholdengo|Air Balloon
|turn|21
|
|t:|1779804267
|move|p1a: Gliscor|Knock Off|p2a: Gholdengo
|-supereffective|p2a: Gholdengo
|-damage|p2a: Gholdengo|37/100
|-enditem|p2a: Gholdengo|Air Balloon
|move|p2a: Gholdengo|Hex|p1a: Gliscor
|-damage|p1a: Gliscor|10/100 tox
|
|-heal|p1a: Gliscor|22/100 tox|[from] ability: Poison Heal
|upkeep
|turn|22
|
|t:|1779804280
|move|p1a: Gliscor|Earthquake|p2a: Gholdengo
|-supereffective|p2a: Gholdengo
|-damage|p2a: Gholdengo|0 fnt
|faint|p2a: Gholdengo
|
|-heal|p1a: Gliscor|35/100 tox|[from] ability: Poison Heal
|upkeep
|
|t:|1779804288
|switch|p2a: Ceruledge|Ceruledge, M|66/100
|turn|23
|
|t:|1779804296
|move|p1a: Gliscor|Earthquake|p2a: Ceruledge
|-supereffective|p2a: Ceruledge
|-damage|p2a: Ceruledge|0 fnt
|faint|p2a: Ceruledge
|
|-heal|p1a: Gliscor|47/100 tox|[from] ability: Poison Heal
|upkeep
|-message|ElLoga forfeited.
|
|win|claudechamp
|raw|claudechamp's rating: 1328 &rarr; <strong>1351</strong><br />(+23 for winning)
|raw|ElLoga's rating: 1376 &rarr; <strong>1353</strong><br />(-23 for losing)
|l|☆ElLoga
|player|p2|
|c|☆claudechamp|gg
