|j|☆davidavelar
|j|☆CherryzardX
|t:|1779887396
|gametype|singles
|player|p1|davidavelar|pryce|1341
|player|p2|CherryzardX|lady-gen4|1297
|gen|9
|tier|[Gen 9] OU
|rated|
|rule|HP Percentage Mod: HP is shown in percentages
|rule|Endless Battle Clause: Forcing endless battles is banned
|rule|Species Clause: Limit one of each Pokémon
|rule|OHKO Clause: OHKO moves are banned
|rule|Evasion Items Clause: Evasion items are banned
|rule|Evasion Moves Clause: Evasion moves are banned
|rule|Evasion Abilities Clause: Evasion abilities are banned
|rule|Sleep Moves Clause: Sleep-inducing moves are banned
|clearpoke
|poke|p1|Clodsire, F|
|poke|p1|Dragapult, M|
|poke|p1|Swampert, F|
|poke|p1|Greninja-*, F|
|poke|p1|Venusaur, F|
|poke|p1|Salamence, F|
|poke|p2|Cetitan, M|
|poke|p2|Ninetales-Alola, F|
|poke|p2|Alomomola, M|
|poke|p2|Great Tusk|
|poke|p2|Kingambit, M|
|poke|p2|Noivern, F|
|teampreview
|inactive|Battle timer is ON: inactive players will automatically lose when time's up. (requested by CherryzardX)
|
|t:|1779887401
|teamsize|p1|6
|teamsize|p2|6
|start
|switch|p1a: Salamence|Salamence, F|100/100
|switch|p2a: Ninetales|Ninetales-Alola, F|100/100
|-weather|Snowscape|[from] ability: Snow Warning|[of] p2a: Ninetales
|turn|1
|
|t:|1779887407
|-terastallize|p1a: Salamence|Steel
|move|p1a: Salamence|Dragon Dance|p1a: Salamence
|-boost|p1a: Salamence|atk|1
|-boost|p1a: Salamence|spe|1
|move|p2a: Ninetales|Aurora Veil|p2a: Ninetales
|-sidestart|p2: CherryzardX|move: Aurora Veil
|
|-weather|Snowscape|[upkeep]
|upkeep
|turn|2
|
|t:|1779887410
|move|p1a: Salamence|Iron Head|p2a: Ninetales
|-supereffective|p2a: Ninetales
|-damage|p2a: Ninetales|23/100
|move|p2a: Ninetales|Encore|p1a: Salamence
|-start|p1a: Salamence|Encore
|
|-weather|Snowscape|[upkeep]
|upkeep
|turn|3
|
|t:|1779887417
|switch|p2a: Alomomola|Alomomola, M|100/100
|move|p1a: Salamence|Iron Head|p2a: Alomomola
|-resisted|p2a: Alomomola
|-damage|p2a: Alomomola|91/100
|
|-weather|Snowscape|[upkeep]
|upkeep
|turn|4
|
|t:|1779887421
|switch|p1a: Venusaur|Venusaur, F|100/100
|move|p2a: Alomomola|Scald|p1a: Venusaur
|-resisted|p1a: Venusaur
|-damage|p1a: Venusaur|94/100
|
|-weather|Snowscape|[upkeep]
|upkeep
|turn|5
|
|t:|1779887424
|move|p1a: Venusaur|Substitute|p1a: Venusaur
|-start|p1a: Venusaur|Substitute
|-damage|p1a: Venusaur|69/100
|move|p2a: Alomomola|Flip Turn|p1a: Venusaur
|-resisted|p1a: Venusaur
|-activate|p1a: Venusaur|move: Substitute|[damage]
|
|t:|1779887427
|switch|p2a: Cetitan|Cetitan, M|100/100|[from] Flip Turn
|
|-weather|Snowscape|[upkeep]
|-sideend|p2: CherryzardX|move: Aurora Veil
|upkeep
|turn|6
|
|t:|1779887431
|move|p2a: Cetitan|Ice Spinner|p1a: Venusaur
|-supereffective|p1a: Venusaur
|-end|p1a: Venusaur|Substitute
|move|p1a: Venusaur|Toxic|p2a: Cetitan
|-status|p2a: Cetitan|tox
|
|-weather|Snowscape|[upkeep]
|-damage|p2a: Cetitan|94/100 tox|[from] psn
|upkeep
|turn|7
|
|t:|1779887437
|switch|p1a: Swampert|Swampert, F|100/100
|move|p2a: Cetitan|Ice Spinner|p1a: Swampert
|-damage|p1a: Swampert|72/100
|
|-weather|Snowscape|[upkeep]
|-damage|p2a: Cetitan|82/100 tox|[from] psn
|upkeep
|turn|8
|
|t:|1779887452
|switch|p2a: Noivern|Noivern, F|100/100
|move|p1a: Swampert|Stealth Rock|p2a: Noivern
|-sidestart|p2: CherryzardX|move: Stealth Rock
|
|-weather|none
|upkeep
|turn|9
|
|t:|1779887463
|move|p2a: Noivern|Draco Meteor|p1a: Swampert
|-damage|p1a: Swampert|0 fnt
|-unboost|p2a: Noivern|spa|2
|faint|p1a: Swampert
|
|upkeep
|
|t:|1779887468
|switch|p1a: Salamence|Salamence, F, tera:Steel|100/100
|turn|10
|
|t:|1779887473
|switch|p2a: Great Tusk|Great Tusk|100/100
|move|p1a: Salamence|Dragon Dance|p1a: Salamence
|-boost|p1a: Salamence|atk|1
|-boost|p1a: Salamence|spe|1
|
|upkeep
|turn|11
|
|t:|1779887479
|move|p1a: Salamence|Dual Wingbeat|p2a: Great Tusk
|-supereffective|p2a: Great Tusk
|-damage|p2a: Great Tusk|52/100
|-supereffective|p2a: Great Tusk
|-damage|p2a: Great Tusk|3/100
|-hitcount|p2a: Great Tusk|2
|move|p2a: Great Tusk|Earthquake|p1a: Salamence
|-supereffective|p1a: Salamence
|-damage|p1a: Salamence|0 fnt
|faint|p1a: Salamence
|
|upkeep
|
|t:|1779887485
|switch|p1a: Dragapult|Dragapult, M|100/100
|turn|12
|
|t:|1779887494
|-end|p2a: Great Tusk|Protosynthesis|[silent]
|switch|p2a: Kingambit|Kingambit, M|100/100
|-damage|p2a: Kingambit|94/100|[from] Stealth Rock
|move|p1a: Dragapult|Dragon Darts|p2a: Kingambit
|-resisted|p2a: Kingambit
|-damage|p2a: Kingambit|80/100
|-anim|p1a: Dragapult|Dragon Darts|p2a: Kingambit
|-resisted|p2a: Kingambit
|-damage|p2a: Kingambit|67/100
|-damage|p1a: Dragapult|91/100|[from] item: Life Orb
|
|-heal|p2a: Kingambit|73/100|[from] item: Leftovers
|upkeep
|turn|13
|
|t:|1779887502
|move|p1a: Dragapult|Sucker Punch|p2a: Kingambit
|-resisted|p2a: Kingambit
|-damage|p2a: Kingambit|60/100
|-damage|p1a: Dragapult|81/100|[from] item: Life Orb
|move|p2a: Kingambit|Kowtow Cleave|p1a: Dragapult
|-supereffective|p1a: Dragapult
|-damage|p1a: Dragapult|0 fnt
|faint|p1a: Dragapult
|
|-heal|p2a: Kingambit|66/100|[from] item: Leftovers
|upkeep
|
|t:|1779887509
|switch|p1a: Venusaur|Venusaur, F|69/100
|turn|14
|
|t:|1779887513
|move|p2a: Kingambit|Kowtow Cleave|p1a: Venusaur
|-damage|p1a: Venusaur|34/100
|-damage|p2a: Kingambit|50/100|[from] item: Rocky Helmet|[of] p1a: Venusaur
|move|p1a: Venusaur|Leech Seed|p2a: Kingambit
|-start|p2a: Kingambit|move: Leech Seed
|
|-heal|p2a: Kingambit|56/100|[from] item: Leftovers
|-damage|p2a: Kingambit|43/100|[from] Leech Seed|[of] p1a: Venusaur
|-heal|p1a: Venusaur|46/100|[silent]
|upkeep
|turn|15
|
|t:|1779887520
|-end|p2a: Kingambit|fallenundefined|[silent]
|switch|p2a: Noivern|Noivern, F|100/100
|-damage|p2a: Noivern|76/100|[from] Stealth Rock
|move|p1a: Venusaur|Leech Seed|p2a: Noivern
|-start|p2a: Noivern|move: Leech Seed
|
|-damage|p2a: Noivern|64/100|[from] Leech Seed|[of] p1a: Venusaur
|-heal|p1a: Venusaur|56/100|[silent]
|upkeep
|turn|16
|
|t:|1779887525
|switch|p1a: Clodsire|Clodsire, F|100/100
|move|p2a: Noivern|Defog|p1a: Clodsire
|-unboost|p1a: Clodsire|evasion|1
|-sideend|p2: CherryzardX|Stealth Rock|[from] move: Defog|[of] p2a: Noivern
|
|-damage|p2a: Noivern|51/100|[from] Leech Seed|[of] p1a: Clodsire
|upkeep
|turn|17
|
|t:|1779887532
|switch|p2a: Ninetales|Ninetales-Alola, F|23/100
|-weather|Snowscape|[from] ability: Snow Warning|[of] p2a: Ninetales
|move|p1a: Clodsire|Toxic|p2a: Ninetales
|-status|p2a: Ninetales|tox
|
|-weather|Snowscape|[upkeep]
|-damage|p2a: Ninetales|17/100 tox|[from] psn
|upkeep
|turn|18
|
|t:|1779887537
|move|p2a: Ninetales|Blizzard|p1a: Clodsire
|-supereffective|p1a: Clodsire
|-damage|p1a: Clodsire|67/100
|-status|p1a: Clodsire|frz
|-curestatus|p1a: Clodsire|frz|[msg]
|move|p1a: Clodsire|Gunk Shot|p2a: Ninetales
|-supereffective|p2a: Ninetales
|-damage|p2a: Ninetales|0 fnt
|faint|p2a: Ninetales
|
|-weather|Snowscape|[upkeep]
|-heal|p1a: Clodsire|73/100|[from] item: Leftovers
|upkeep
|
|t:|1779887544
|switch|p2a: Cetitan|Cetitan, M|82/100 tox
|turn|19
|
|t:|1779887547
|switch|p1a: Greninja|Greninja, F|100/100
|move|p2a: Cetitan|Ice Spinner|p1a: Greninja
|-resisted|p1a: Greninja
|-damage|p1a: Greninja|77/100
|
|-weather|Snowscape|[upkeep]
|-damage|p2a: Cetitan|76/100 tox|[from] psn
|upkeep
|turn|20
|
|t:|1779887553
|move|p2a: Cetitan|Superpower|p1a: Greninja
|-supereffective|p1a: Greninja
|-damage|p1a: Greninja|0 fnt
|-unboost|p2a: Cetitan|atk|1
|-unboost|p2a: Cetitan|def|1
|faint|p1a: Greninja
|
|-weather|Snowscape|[upkeep]
|-damage|p2a: Cetitan|63/100 tox|[from] psn
|upkeep
|-message|davidavelar forfeited.
|
|win|CherryzardX
|raw|davidavelar's rating: 1341 &rarr; <strong>1318</strong><br />(-23 for losing)
|raw|CherryzardX's rating: 1297 &rarr; <strong>1325</strong><br />(+28 for winning)
|l|☆davidavelar
|player|p1|
