|j|☆HelloThere72
|j|☆ImperialGo
|t:|1779958120
|gametype|singles
|player|p1|HelloThere72|rood|1455
|player|p2|ImperialGo|cynthia-gen4|1470
|gen|9
|tier|[Gen 9] OU
|rated|
|rule|HP Percentage Mod: HP is shown in percentages
|rule|Endless Battle Clause: Forcing endless battles is banned
|rule|Species Clause: Limit one of each Pokémon
|rule|OHKO Clause: OHKO moves are banned
|rule|Evasion Items Clause: Evasion items are banned
|rule|Evasion Moves Clause: Evasion moves are banned
|rule|Evasion Abilities Clause: Evasion abilities are banned
|rule|Sleep Moves Clause: Sleep-inducing moves are banned
|clearpoke
|poke|p1|Kingambit, F|
|poke|p1|Cinderace, F|
|poke|p1|Landorus-Therian, M|
|poke|p1|Iron Valiant|
|poke|p1|Kyurem|
|poke|p1|Slowking-Galar, M|
|poke|p2|Volcanion|
|poke|p2|Pelipper, F|
|poke|p2|Iron Treads|
|poke|p2|Kingdra, M|
|poke|p2|Poliwrath, F|
|poke|p2|Iron Valiant|
|teampreview
|inactive|Battle timer is ON: inactive players will automatically lose when time's up. (requested by ImperialGo)
|inactive|HelloThere72 also wants the timer to be on.
|
|t:|1779958132
|teamsize|p1|6
|teamsize|p2|6
|start
|switch|p1a: Kyurem|Kyurem, shiny|100/100
|switch|p2a: Sit on dat face|Pelipper, F|100/100
|-ability|p1a: Kyurem|Pressure
|-weather|RainDance|[from] ability: Drizzle|[of] p2a: Sit on dat face
|turn|1
|
|t:|1779958139
|switch|p2a: skrrt|Iron Treads|100/100
|-enditem|p2a: skrrt|Booster Energy
|-activate|p2a: skrrt|ability: Quark Drive|[fromitem]
|-start|p2a: skrrt|quarkdrivespe
|move|p1a: Kyurem|Substitute|p1a: Kyurem
|-start|p1a: Kyurem|Substitute
|-damage|p1a: Kyurem|76/100
|
|-weather|RainDance|[upkeep]
|-heal|p1a: Kyurem|82/100|[from] item: Leftovers
|upkeep
|turn|2
|
|t:|1779958145
|move|p1a: Kyurem|Protect|p1a: Kyurem
|-singleturn|p1a: Kyurem|Protect
|move|p2a: skrrt|Earthquake|p1a: Kyurem
|-activate|p1a: Kyurem|move: Protect
|
|-weather|RainDance|[upkeep]
|-heal|p1a: Kyurem|88/100|[from] item: Leftovers
|upkeep
|turn|3
|
|t:|1779958147
|move|p2a: skrrt|Earthquake|p1a: Kyurem
|-end|p1a: Kyurem|Substitute
|move|p1a: Kyurem|Earth Power|p2a: skrrt
|-supereffective|p2a: skrrt
|-damage|p2a: skrrt|24/100
|
|-weather|RainDance|[upkeep]
|-heal|p1a: Kyurem|94/100|[from] item: Leftovers
|upkeep
|turn|4
|
|t:|1779958152
|move|p1a: Kyurem|Protect|p1a: Kyurem
|-singleturn|p1a: Kyurem|Protect
|move|p2a: skrrt|Steel Beam|p1a: Kyurem
|-activate|p1a: Kyurem|move: Protect
|-damage|p2a: skrrt|0 fnt|[from] steelbeam
|faint|p2a: skrrt
|-end|p2a: skrrt|Quark Drive|[silent]
|
|-weather|RainDance|[upkeep]
|-heal|p1a: Kyurem|99/100|[from] item: Leftovers
|upkeep
|
|t:|1779958155
|switch|p2a: Dad bod|Poliwrath, F|100/100
|turn|5
|
|t:|1779958166
|switch|p1a: Cinderace|Cinderace, F, shiny|100/100
|move|p2a: Dad bod|Close Combat|p1a: Cinderace
|-crit|p1a: Cinderace
|-damage|p1a: Cinderace|0 fnt
|-unboost|p2a: Dad bod|def|1
|-unboost|p2a: Dad bod|spd|1
|faint|p1a: Cinderace
|
|-weather|RainDance|[upkeep]
|upkeep
|
|t:|1779958169
|switch|p1a: Slowking|Slowking-Galar, M, shiny|100/100
|turn|6
|
|t:|1779958175
|switch|p2a: Sit on dat face|Pelipper, F|100/100
|-terastallize|p1a: Slowking|Water
|move|p1a: Slowking|Thunder Wave|p2a: Sit on dat face
|-status|p2a: Sit on dat face|par
|
|-weather|RainDance|[upkeep]
|upkeep
|turn|7
|
|t:|1779958183
|move|p2a: Sit on dat face|U-turn|p1a: Slowking
|-damage|p1a: Slowking|93/100
|
|t:|1779958197
|switch|p2a: Put a ring on it|Volcanion|100/100|[from] U-turn
|-prepare|p1a: Slowking|Chilly Reception|[premajor]
|move|p1a: Slowking|Chilly Reception|p1a: Slowking
|-weather|Snowscape
|
|t:|1779958201
|switch|p1a: Landorus|Landorus-Therian, M, shiny|100/100|[from] Chilly Reception
|-ability|p1a: Landorus|Intimidate|boost
|-unboost|p2a: Put a ring on it|atk|1
|
|-weather|Snowscape|[upkeep]
|upkeep
|turn|8
|
|t:|1779958206
|move|p1a: Landorus|U-turn|p2a: Put a ring on it
|-resisted|p2a: Put a ring on it
|-damage|p2a: Put a ring on it|93/100
|
|t:|1779958209
|switch|p1a: Slowking|Slowking-Galar, M, shiny, tera:Water|100/100|[from] U-turn
|move|p2a: Put a ring on it|Steam Eruption|p1a: Slowking
|-resisted|p1a: Slowking
|-damage|p1a: Slowking|86/100
|-status|p1a: Slowking|brn
|
|-weather|Snowscape|[upkeep]
|-damage|p1a: Slowking|80/100 brn|[from] brn
|upkeep
|turn|9
|
|t:|1779958215
|switch|p2a: Sit on dat face|Pelipper, F|100/100 par
|-weather|RainDance|[from] ability: Drizzle|[of] p2a: Sit on dat face
|move|p1a: Slowking|Thunder Wave|p2a: Sit on dat face
|-fail|p2a: Sit on dat face|par
|
|-weather|RainDance|[upkeep]
|-damage|p1a: Slowking|74/100 brn|[from] brn
|upkeep
|turn|10
|
|t:|1779958228
|cant|p2a: Sit on dat face|par
|-prepare|p1a: Slowking|Chilly Reception|[premajor]
|move|p1a: Slowking|Chilly Reception|p1a: Slowking
|-weather|Snowscape
|
|t:|1779958229
|switch|p1a: Kyurem|Kyurem, shiny|99/100|[from] Chilly Reception
|-ability|p1a: Kyurem|Pressure
|
|-weather|Snowscape|[upkeep]
|-heal|p1a: Kyurem|100/100|[from] item: Leftovers
|upkeep
|turn|11
|
|t:|1779958234
|switch|p2a: Skinny legend|Iron Valiant|100/100
|-enditem|p2a: Skinny legend|Booster Energy
|-activate|p2a: Skinny legend|ability: Quark Drive|[fromitem]
|-start|p2a: Skinny legend|quarkdrivespe
|move|p1a: Kyurem|Freeze-Dry|p2a: Skinny legend
|-damage|p2a: Skinny legend|38/100
|
|-weather|Snowscape|[upkeep]
|upkeep
|turn|12
|
|t:|1779958242
|switch|p1a: Landorus|Landorus-Therian, M, shiny|100/100
|-ability|p1a: Landorus|Intimidate|boost
|-unboost|p2a: Skinny legend|atk|1
|move|p2a: Skinny legend|Moonblast|p1a: Landorus
|-damage|p1a: Landorus|54/100
|
|-weather|Snowscape|[upkeep]
|upkeep
|turn|13
|
|t:|1779958251
|move|p2a: Skinny legend|Moonblast|p1a: Landorus
|-damage|p1a: Landorus|3/100
|move|p1a: Landorus|Earthquake|p2a: Skinny legend
|-damage|p2a: Skinny legend|0 fnt
|faint|p2a: Skinny legend
|-end|p2a: Skinny legend|Quark Drive|[silent]
|
|-weather|Snowscape|[upkeep]
|upkeep
|
|t:|1779958257
|switch|p2a: Sit on dat face|Pelipper, F|100/100 par
|-weather|RainDance|[from] ability: Drizzle|[of] p2a: Sit on dat face
|turn|14
|
|t:|1779958261
|move|p1a: Landorus|U-turn|p2a: Sit on dat face
|-resisted|p2a: Sit on dat face
|-damage|p2a: Sit on dat face|92/100 par
|
|t:|1779958263
|switch|p1a: Slowking|Slowking-Galar, M, shiny, tera:Water|100/100 brn|[from] U-turn
|move|p2a: Sit on dat face|U-turn|p1a: Slowking
|-damage|p1a: Slowking|93/100 brn
|
|t:|1779958269
|switch|p2a: Dad bod|Poliwrath, F|100/100|[from] U-turn
|
|-weather|RainDance|[upkeep]
|-damage|p1a: Slowking|87/100 brn|[from] brn
|upkeep
|turn|15
|
|t:|1779958272
|move|p2a: Dad bod|Close Combat|p1a: Slowking
|-damage|p1a: Slowking|3/100 brn
|-unboost|p2a: Dad bod|def|1
|-unboost|p2a: Dad bod|spd|1
|-prepare|p1a: Slowking|Chilly Reception|[premajor]
|move|p1a: Slowking|Chilly Reception|p1a: Slowking
|-weather|Snowscape
|
|t:|1779958282
|switch|p1a: Kyurem|Kyurem, shiny|100/100|[from] Chilly Reception
|-ability|p1a: Kyurem|Pressure
|
|-weather|Snowscape|[upkeep]
|upkeep
|turn|16
|
|t:|1779958285
|switch|p2a: Sit on dat face|Pelipper, F|92/100 par
|-weather|RainDance|[from] ability: Drizzle|[of] p2a: Sit on dat face
|move|p1a: Kyurem|Substitute|p1a: Kyurem
|-start|p1a: Kyurem|Substitute
|-damage|p1a: Kyurem|76/100
|
|-weather|RainDance|[upkeep]
|-heal|p1a: Kyurem|82/100|[from] item: Leftovers
|upkeep
|turn|17
|
|t:|1779958288
|move|p1a: Kyurem|Freeze-Dry|p2a: Sit on dat face
|-supereffective|p2a: Sit on dat face
|-damage|p2a: Sit on dat face|0 fnt
|faint|p2a: Sit on dat face
|
|-weather|RainDance|[upkeep]
|-heal|p1a: Kyurem|88/100|[from] item: Leftovers
|upkeep
|
|t:|1779958299
|switch|p2a: Put a ring on it|Volcanion|93/100
|turn|18
|
|t:|1779958302
|move|p1a: Kyurem|Protect|p1a: Kyurem
|-singleturn|p1a: Kyurem|Protect
|move|p2a: Put a ring on it|Steam Eruption|p1a: Kyurem
|-activate|p1a: Kyurem|move: Protect
|
|-weather|RainDance|[upkeep]
|-heal|p1a: Kyurem|94/100|[from] item: Leftovers
|upkeep
|turn|19
|
|t:|1779958320
|move|p1a: Kyurem|Freeze-Dry|p2a: Put a ring on it
|-damage|p2a: Put a ring on it|54/100
|move|p2a: Put a ring on it|Steam Eruption|p1a: Kyurem
|-resisted|p1a: Kyurem
|-end|p1a: Kyurem|Substitute
|
|-weather|RainDance|[upkeep]
|-heal|p1a: Kyurem|99/100|[from] item: Leftovers
|upkeep
|turn|20
|
|t:|1779958334
|switch|p2a: Dad bod|Poliwrath, F|100/100
|move|p1a: Kyurem|Protect||[still]
|-fail|p1a: Kyurem
|
|-weather|RainDance|[upkeep]
|-heal|p1a: Kyurem|100/100|[from] item: Leftovers
|upkeep
|turn|21
|
|t:|1779958337
|move|p1a: Kyurem|Protect|p1a: Kyurem
|-singleturn|p1a: Kyurem|Protect
|move|p2a: Dad bod|Close Combat|p1a: Kyurem
|-activate|p1a: Kyurem|move: Protect
|
|-weather|RainDance|[upkeep]
|upkeep
|turn|22
|
|t:|1779958342
|switch|p1a: Landorus|Landorus-Therian, M, shiny|3/100
|-ability|p1a: Landorus|Intimidate|boost
|-unboost|p2a: Dad bod|atk|1
|move|p2a: Dad bod|Close Combat|p1a: Landorus
|-resisted|p1a: Landorus
|-damage|p1a: Landorus|0 fnt
|-unboost|p2a: Dad bod|def|1
|-unboost|p2a: Dad bod|spd|1
|-damage|p2a: Dad bod|84/100|[from] item: Rocky Helmet|[of] p1a: Landorus
|faint|p1a: Landorus
|
|-weather|RainDance|[upkeep]
|upkeep
|
|t:|1779958346
|switch|p1a: Kyurem|Kyurem, shiny|100/100
|-ability|p1a: Kyurem|Pressure
|turn|23
|
|t:|1779958348
|move|p1a: Kyurem|Protect|p1a: Kyurem
|-singleturn|p1a: Kyurem|Protect
|move|p2a: Dad bod|Close Combat|p1a: Kyurem
|-activate|p1a: Kyurem|move: Protect
|
|-weather|none
|upkeep
|turn|24
|-message|ImperialGo forfeited.
|
|win|HelloThere72
|raw|HelloThere72's rating: 1455 &rarr; <strong>1476</strong><br />(+21 for winning)
|raw|ImperialGo's rating: 1470 &rarr; <strong>1449</strong><br />(-21 for losing)
|l|☆ImperialGo
|player|p2|
|l|☆HelloThere72
|player|p1|
