|j|☆lol man1111
|j|☆someone1284
|inactive|Battle timer is ON: inactive players will automatically lose when time's up.
|t:|1779919347
|gametype|singles
|player|p1|lol man1111|gentleman-gen4|
|player|p2|someone1284|ghetsis|
|gen|9
|tier|[Gen 9] OU
|rated|Tournament battle
|rule|HP Percentage Mod: HP is shown in percentages
|rule|Endless Battle Clause: Forcing endless battles is banned
|rule|Species Clause: Limit one of each Pokémon
|rule|OHKO Clause: OHKO moves are banned
|rule|Evasion Items Clause: Evasion items are banned
|rule|Evasion Moves Clause: Evasion moves are banned
|rule|Evasion Abilities Clause: Evasion abilities are banned
|rule|Sleep Moves Clause: Sleep-inducing moves are banned
|clearpoke
|poke|p1|Hoopa|
|poke|p1|Scizor, F|
|poke|p1|Greninja-*, M|
|poke|p1|Tauros, M|
|poke|p1|Samurott-Hisui, F|
|poke|p1|Great Tusk|
|poke|p2|Iron Hands|
|poke|p2|Iron Valiant|
|poke|p2|Kingambit, F|
|poke|p2|Arcanine-Hisui, M|
|poke|p2|Rillaboom, F|
|poke|p2|Excadrill, F|
|teampreview
|j| pacdan111
|
|t:|1779919354
|teamsize|p1|6
|teamsize|p2|6
|start
|switch|p1a: Great Tusk|Great Tusk|100/100
|switch|p2a: Rillaboom|Rillaboom, F, shiny|100/100
|-fieldstart|move: Grassy Terrain|[from] ability: Grassy Surge|[of] p2a: Rillaboom
|turn|1
|l| pacdan111
|
|t:|1779919364
|-end|p1a: Great Tusk|Protosynthesis|[silent]
|switch|p1a: Hoopa|Hoopa|100/100
|move|p2a: Rillaboom|Wood Hammer|p1a: Hoopa
|-damage|p1a: Hoopa|14/100
|-damage|p2a: Rillaboom|70/100|[from] Recoil
|
|-heal|p2a: Rillaboom|76/100|[from] Grassy Terrain
|-heal|p1a: Hoopa|20/100|[from] Grassy Terrain
|upkeep
|turn|2
|c|☆lol man1111|ow
|
|t:|1779919372
|switch|p1a: Scizor|Scizor, F|100/100
|move|p2a: Rillaboom|Grassy Glide|p1a: Scizor
|-resisted|p1a: Scizor
|-damage|p1a: Scizor|93/100
|
|-heal|p2a: Rillaboom|83/100|[from] Grassy Terrain
|-heal|p1a: Scizor|99/100|[from] Grassy Terrain
|upkeep
|turn|3
|
|t:|1779919381
|switch|p2a: Arcanine|Arcanine-Hisui, M, shiny|100/100
|move|p1a: Scizor|U-turn|p2a: Arcanine
|-resisted|p2a: Arcanine
|-damage|p2a: Arcanine|78/100
|
|t:|1779919401
|switch|p1a: Samurott|Samurott-Hisui, F|100/100|[from] U-turn
|
|-heal|p2a: Arcanine|84/100|[from] Grassy Terrain
|upkeep
|turn|4
|j| Chris Talus
|
|t:|1779919410
|switch|p2a: Rillaboom|Rillaboom, F, shiny|83/100
|move|p1a: Samurott|Ceaseless Edge|p2a: Rillaboom|[miss]
|-miss|p1a: Samurott|p2a: Rillaboom
|
|-heal|p2a: Rillaboom|89/100|[from] Grassy Terrain
|upkeep
|turn|5
|c|☆lol man1111|oh it can do that
|c|☆someone1284|I feel so bad
|l| Chris Talus
|
|t:|1779919424
|switch|p1a: Scizor|Scizor, F|99/100
|move|p2a: Rillaboom|Knock Off|p1a: Scizor
|-damage|p1a: Scizor|71/100
|-enditem|p1a: Scizor|Expert Belt|[from] move: Knock Off|[of] p2a: Rillaboom
|
|-heal|p2a: Rillaboom|95/100|[from] Grassy Terrain
|-heal|p1a: Scizor|77/100|[from] Grassy Terrain
|-fieldend|move: Grassy Terrain
|upkeep
|turn|6
|c|☆lol man1111|its all g
|c|☆someone1284|seriously missing ce is easier that missing a focus blast
|
|t:|1779919445
|switch|p2a: Arcanine|Arcanine-Hisui, M, shiny|84/100
|move|p1a: Scizor|U-turn|p2a: Arcanine
|-resisted|p2a: Arcanine
|-damage|p2a: Arcanine|60/100
|
|t:|1779919461
|switch|p1a: Samurott|Samurott-Hisui, F|100/100|[from] U-turn
|
|upkeep
|turn|7
|
|t:|1779919466
|switch|p2a: Iron Hands|Iron Hands, shiny|100/100
|move|p1a: Samurott|Ceaseless Edge|p2a: Iron Hands
|-resisted|p2a: Iron Hands
|-damage|p2a: Iron Hands|80/100
|-sidestart|p2: someone1284|Spikes
|
|upkeep
|turn|8
|
|t:|1779919475
|switch|p1a: Hoopa|Hoopa|20/100
|move|p2a: Iron Hands|Supercell Slam|p1a: Hoopa
|-damage|p1a: Hoopa|0 fnt
|faint|p1a: Hoopa
|
|upkeep
|
|t:|1779919479
|switch|p1a: Scizor|Scizor, F|77/100
|turn|9
|
|t:|1779919483
|move|p1a: Scizor|Bullet Punch|p2a: Iron Hands
|-resisted|p2a: Iron Hands
|-damage|p2a: Iron Hands|68/100
|move|p2a: Iron Hands|Supercell Slam|p1a: Scizor
|-damage|p1a: Scizor|19/100
|
|upkeep
|turn|10
|c|☆lol man1111|fuh
|
|t:|1779919489
|move|p1a: Scizor|Acrobatics|p2a: Iron Hands
|-damage|p2a: Iron Hands|43/100
|move|p2a: Iron Hands|Drain Punch|p1a: Scizor
|-damage|p1a: Scizor|0 fnt
|-heal|p2a: Iron Hands|49/100|[from] drain|[of] p1a: Scizor
|faint|p1a: Scizor
|
|upkeep
|
|t:|1779919496
|switch|p1a: walmartlando|Tauros, M|100/100
|turn|11
|j| pacdan111
|l| pacdan111
|
|t:|1779919502
|move|p1a: walmartlando|Body Slam|p2a: Iron Hands
|-damage|p2a: Iron Hands|8/100
|move|p2a: Iron Hands|Drain Punch|p1a: walmartlando
|-supereffective|p1a: walmartlando
|-damage|p1a: walmartlando|0 fnt
|-heal|p2a: Iron Hands|36/100|[from] drain|[of] p1a: walmartlando
|faint|p1a: walmartlando
|
|upkeep
|c|☆lol man1111|FUH
|
|t:|1779919509
|switch|p1a: Great Tusk|Great Tusk|100/100
|turn|12
|c|☆someone1284|that's rough
|
|t:|1779919515
|-end|p2a: Iron Hands|Quark Drive|[silent]
|switch|p2a: Rillaboom|Rillaboom, F, shiny|95/100
|-damage|p2a: Rillaboom|83/100|[from] Spikes
|-fieldstart|move: Grassy Terrain|[from] ability: Grassy Surge|[of] p2a: Rillaboom
|move|p1a: Great Tusk|Headlong Rush|p2a: Rillaboom
|-resisted|p2a: Rillaboom
|-damage|p2a: Rillaboom|54/100
|-unboost|p1a: Great Tusk|def|1
|-unboost|p1a: Great Tusk|spd|1
|
|-heal|p2a: Rillaboom|61/100|[from] Grassy Terrain
|upkeep
|turn|13
|
|t:|1779919526
|-end|p1a: Great Tusk|Protosynthesis|[silent]
|switch|p1a: Greninja|Greninja, M|100/100
|move|p2a: Rillaboom|Grassy Glide|p1a: Greninja
|-supereffective|p1a: Greninja
|-damage|p1a: Greninja|0 fnt
|faint|p1a: Greninja
|
|-heal|p2a: Rillaboom|67/100|[from] Grassy Terrain
|upkeep
|
|t:|1779919528
|switch|p1a: Samurott|Samurott-Hisui, F|100/100
|turn|14
|
|t:|1779919547
|move|p2a: Rillaboom|Grassy Glide|p1a: Samurott
|-supereffective|p1a: Samurott
|-damage|p1a: Samurott|21/100
|move|p1a: Samurott|Razor Shell|p2a: Rillaboom
|-resisted|p2a: Rillaboom
|-damage|p2a: Rillaboom|34/100
|
|-heal|p1a: Samurott|28/100|[from] Grassy Terrain
|-heal|p2a: Rillaboom|40/100|[from] Grassy Terrain
|upkeep
|turn|15
|
|t:|1779919556
|move|p2a: Rillaboom|Grassy Glide|p1a: Samurott
|-supereffective|p1a: Samurott
|-damage|p1a: Samurott|0 fnt
|faint|p1a: Samurott
|
|-heal|p2a: Rillaboom|47/100|[from] Grassy Terrain
|upkeep
|c|☆someone1284|gg
|
|t:|1779919558
|switch|p1a: Great Tusk|Great Tusk|100/100
|turn|16
|
|t:|1779919564
|-terastallize|p1a: Great Tusk|Steel
|move|p2a: Rillaboom|Wood Hammer|p1a: Great Tusk
|-resisted|p1a: Great Tusk
|-damage|p1a: Great Tusk|80/100
|-damage|p2a: Rillaboom|38/100|[from] Recoil
|move|p1a: Great Tusk|Rapid Spin|p2a: Rillaboom
|-damage|p2a: Rillaboom|22/100
|-boost|p1a: Great Tusk|spe|1
|
|-heal|p1a: Great Tusk|87/100|[from] Grassy Terrain
|-heal|p2a: Rillaboom|28/100|[from] Grassy Terrain
|-fieldend|move: Grassy Terrain
|upkeep
|turn|17
|
|t:|1779919575
|move|p1a: Great Tusk|Close Combat|p2a: Rillaboom
|-damage|p2a: Rillaboom|0 fnt
|-unboost|p1a: Great Tusk|def|1
|-unboost|p1a: Great Tusk|spd|1
|faint|p2a: Rillaboom
|
|upkeep
|j| Rada36
|
|t:|1779919583
|switch|p2a: Excadrill|Excadrill, F, shiny|100/100
|-damage|p2a: Excadrill|88/100|[from] Spikes
|-ability|p2a: Excadrill|Mold Breaker
|turn|18
|l| Rada36
|
|t:|1779919589
|-terastallize|p2a: Excadrill|Grass
|move|p1a: Great Tusk|Headlong Rush|p2a: Excadrill
|-resisted|p2a: Excadrill
|-damage|p2a: Excadrill|36/100
|-unboost|p1a: Great Tusk|def|1
|-unboost|p1a: Great Tusk|spd|1
|move|p2a: Excadrill|Earthquake|p1a: Great Tusk
|-supereffective|p1a: Great Tusk
|-damage|p1a: Great Tusk|0 fnt
|faint|p1a: Great Tusk
|-end|p1a: Great Tusk|Protosynthesis|[silent]
|
|win|someone1284
|n|☆lol man1111|lolman1111
|n|☆someone1284|someone1284
|c|☆lol man1111|oof
|c|☆lol man1111|gg
