|j|☆mastermar22
|j|☆blake-mamba
|t:|1779942213
|gametype|singles
|player|p1|mastermar22|volkner|1530
|player|p2|blake-mamba|lance|1550
|gen|9
|tier|[Gen 9] OU
|rated|
|rule|HP Percentage Mod: HP is shown in percentages
|rule|Endless Battle Clause: Forcing endless battles is banned
|rule|Species Clause: Limit one of each Pokémon
|rule|OHKO Clause: OHKO moves are banned
|rule|Evasion Items Clause: Evasion items are banned
|rule|Evasion Moves Clause: Evasion moves are banned
|rule|Evasion Abilities Clause: Evasion abilities are banned
|rule|Sleep Moves Clause: Sleep-inducing moves are banned
|clearpoke
|poke|p1|Dragapult, M|
|poke|p1|Gliscor, M|
|poke|p1|Ogerpon-Wellspring, F|
|poke|p1|Iron Crown|
|poke|p1|Ting-Lu|
|poke|p1|Kingambit, F|
|poke|p2|Kleavor, M|
|poke|p2|Glimmora, M|
|poke|p2|Iron Boulder|
|poke|p2|Arcanine-Hisui, F|
|poke|p2|Ogerpon-Cornerstone, F|
|poke|p2|Minior|
|teampreview
|inactive|Battle timer is ON: inactive players will automatically lose when time's up. (requested by mastermar22)
|
|t:|1779942229
|teamsize|p1|6
|teamsize|p2|6
|start
|switch|p1a: Ogerpon|Ogerpon-Wellspring, F|100/100
|switch|p2a: Glimmora|Glimmora, M|100/100
|turn|1
|
|t:|1779942237
|move|p1a: Ogerpon|Ivy Cudgel|p2a: Glimmora|[anim] Ivy Cudgel Water
|-supereffective|p2a: Glimmora
|-damage|p2a: Glimmora|0 fnt
|-activate|p2a: Glimmora|ability: Toxic Debris
|-sidestart|p1: mastermar22|move: Toxic Spikes
|faint|p2a: Glimmora
|
|upkeep
|
|t:|1779942244
|switch|p2a: Kleavor|Kleavor, M|100/100
|turn|2
|
|t:|1779942254
|move|p2a: Kleavor|U-turn|p1a: Ogerpon
|-supereffective|p1a: Ogerpon
|-damage|p1a: Ogerpon|0 fnt
|faint|p1a: Ogerpon
|
|t:|1779942263
|switch|p2a: Minior|Minior|100/100|[from] U-turn
|-formechange|p2a: Minior|Minior-Meteor||[from] ability: Shields Down
|
|upkeep
|
|t:|1779942269
|switch|p1a: Iron Crown|Iron Crown|100/100
|-enditem|p1a: Iron Crown|Booster Energy
|-activate|p1a: Iron Crown|ability: Quark Drive|[fromitem]
|-start|p1a: Iron Crown|quarkdrivespe
|turn|3
|
|t:|1779942288
|-terastallize|p2a: Minior|Ground
|move|p1a: Iron Crown|Calm Mind|p1a: Iron Crown
|-boost|p1a: Iron Crown|spa|1
|-boost|p1a: Iron Crown|spd|1
|move|p2a: Minior|Shell Smash|p2a: Minior
|-unboost|p2a: Minior|def|1
|-unboost|p2a: Minior|spd|1
|-boost|p2a: Minior|atk|2
|-boost|p2a: Minior|spa|2
|-boost|p2a: Minior|spe|2
|-enditem|p2a: Minior|White Herb
|-clearnegativeboost|p2a: Minior|[silent]
|
|upkeep
|turn|4
|
|t:|1779942300
|move|p1a: Iron Crown|Tachyon Cutter|p2a: Minior
|-damage|p2a: Minior|59/100
|-damage|p2a: Minior|13/100
|-hitcount|p2a: Minior|2
|move|p2a: Minior|Earthquake|p1a: Iron Crown
|-supereffective|p1a: Iron Crown
|-damage|p1a: Iron Crown|0 fnt
|faint|p1a: Iron Crown
|-end|p1a: Iron Crown|Quark Drive|[silent]
|
|-formechange|p2a: Minior|Minior||[from] ability: Shields Down
|upkeep
|
|t:|1779942307
|switch|p1a: Gliscor|Gliscor, M|100/100
|turn|5
|
|t:|1779942314
|move|p2a: Minior|Acrobatics|p1a: Gliscor
|-damage|p1a: Gliscor|13/100
|move|p1a: Gliscor|Earthquake|p2a: Minior
|-damage|p2a: Minior|0 fnt
|faint|p2a: Minior
|
|-status|p1a: Gliscor|tox|[from] item: Toxic Orb
|upkeep
|
|t:|1779942324
|switch|p2a: Kleavor|Kleavor, M|100/100
|turn|6
|
|t:|1779942327
|move|p1a: Gliscor|Protect|p1a: Gliscor
|-singleturn|p1a: Gliscor|Protect
|move|p2a: Kleavor|Stone Axe|p1a: Gliscor
|-activate|p1a: Gliscor|move: Protect
|
|-heal|p1a: Gliscor|25/100 tox|[from] ability: Poison Heal
|upkeep
|turn|7
|
|t:|1779942341
|switch|p1a: Ting-Lu|Ting-Lu|100/100
|-status|p1a: Ting-Lu|psn
|-ability|p1a: Ting-Lu|Vessel of Ruin
|move|p2a: Kleavor|Stone Axe|p1a: Ting-Lu|[miss]
|-miss|p2a: Kleavor|p1a: Ting-Lu
|
|-damage|p1a: Ting-Lu|88/100 psn|[from] psn
|upkeep
|turn|8
|
|t:|1779942368
|move|p2a: Kleavor|Stone Axe|p1a: Ting-Lu
|-resisted|p1a: Ting-Lu
|-damage|p1a: Ting-Lu|71/100 psn
|-damage|p2a: Kleavor|84/100|[from] item: Rocky Helmet|[of] p1a: Ting-Lu
|-sidestart|p1: mastermar22|move: Stealth Rock
|move|p1a: Ting-Lu|Ruination|p2a: Kleavor
|-damage|p2a: Kleavor|42/100
|
|-damage|p1a: Ting-Lu|58/100 psn|[from] psn
|upkeep
|turn|9
|j| firered27
|
|t:|1779942378
|switch|p2a: Ogerpon|Ogerpon-Cornerstone, F|100/100
|move|p1a: Ting-Lu|Stealth Rock|p2a: Ogerpon
|-sidestart|p2: blake-mamba|move: Stealth Rock
|
|-damage|p1a: Ting-Lu|46/100 psn|[from] psn
|upkeep
|turn|10
|
|t:|1779942387
|move|p2a: Ogerpon|Swords Dance|p2a: Ogerpon
|-boost|p2a: Ogerpon|atk|2
|move|p1a: Ting-Lu|Ruination|p2a: Ogerpon
|-damage|p2a: Ogerpon|51/100
|
|-damage|p1a: Ting-Lu|34/100 psn|[from] psn
|upkeep
|turn|11
|
|t:|1779942395
|move|p2a: Ogerpon|Trailblaze|p1a: Ting-Lu
|-supereffective|p1a: Ting-Lu
|-damage|p1a: Ting-Lu|0 fnt
|-boost|p2a: Ogerpon|spe|1
|-damage|p2a: Ogerpon|34/100|[from] item: Rocky Helmet|[of] p1a: Ting-Lu
|faint|p1a: Ting-Lu
|
|upkeep
|
|t:|1779942403
|switch|p1a: Kingambit|Kingambit, F|100/100
|-damage|p1a: Kingambit|94/100|[from] Stealth Rock
|-activate|p1a: Kingambit|ability: Supreme Overlord
|-start|p1a: Kingambit|fallen3|[silent]
|-item|p1a: Kingambit|Air Balloon
|turn|12
|
|t:|1779942409
|move|p2a: Ogerpon|Brick Break|p1a: Kingambit
|-supereffective|p1a: Kingambit
|-damage|p1a: Kingambit|0 fnt
|-enditem|p1a: Kingambit|Air Balloon
|faint|p1a: Kingambit
|-end|p1a: Kingambit|fallen3|[silent]
|
|upkeep
|-message|mastermar22 forfeited.
|
|win|blake-mamba
|raw|mastermar22's rating: 1530 &rarr; <strong>1511</strong><br />(-19 for losing)
|raw|blake-mamba's rating: 1550 &rarr; <strong>1569</strong><br />(+19 for winning)
|l|☆mastermar22
|player|p1|
|l|☆blake-mamba
|player|p2|
|l| firered27
