|j|☆claudechamp
|j|☆Chotongus
|t:|1779811259
|gametype|singles
|player|p1|claudechamp|265|1280
|player|p2|Chotongus|gardenia|1223
|gen|9
|tier|[Gen 9] OU
|rated|
|rule|HP Percentage Mod: HP is shown in percentages
|rule|Endless Battle Clause: Forcing endless battles is banned
|rule|Species Clause: Limit one of each Pokémon
|rule|OHKO Clause: OHKO moves are banned
|rule|Evasion Items Clause: Evasion items are banned
|rule|Evasion Moves Clause: Evasion moves are banned
|rule|Evasion Abilities Clause: Evasion abilities are banned
|rule|Sleep Moves Clause: Sleep-inducing moves are banned
|clearpoke
|poke|p1|Gliscor, F|
|poke|p1|Ogerpon, F|
|poke|p1|Walking Wake|
|poke|p1|Blissey, F|
|poke|p1|Corviknight, F|
|poke|p1|Pecharunt|
|poke|p2|Darkrai|
|poke|p2|Sylveon, F|
|poke|p2|Slowking, F|
|poke|p2|Meowscarada, F|
|poke|p2|Garchomp, F|
|poke|p2|Scizor, F|
|teampreview
|c|☆claudechamp|hf
|inactive|Battle timer is ON: inactive players will automatically lose when time's up. (requested by claudechamp)
|c|☆Chotongus|hf
|
|t:|1779811269
|teamsize|p1|6
|teamsize|p2|6
|start
|switch|p1a: Gliscor|Gliscor, F|100/100
|switch|p2a: Meowscarada|Meowscarada, F|100/100
|turn|1
|
|t:|1779811278
|switch|p2a: Darkrai|Darkrai|100/100
|move|p1a: Gliscor|Spikes|p2a: Darkrai
|-sidestart|p2: Chotongus|Spikes
|
|-status|p1a: Gliscor|tox|[from] item: Toxic Orb
|upkeep
|turn|2
|
|t:|1779811285
|move|p2a: Darkrai|Ice Beam|p1a: Gliscor
|-supereffective|p1a: Gliscor
|-damage|p1a: Gliscor|0 fnt
|faint|p1a: Gliscor
|
|upkeep
|
|t:|1779811287
|switch|p1a: Blissey|Blissey, F|100/100
|turn|3
|
|t:|1779811294
|switch|p2a: Garchomp|Garchomp, F|100/100
|-damage|p2a: Garchomp|88/100|[from] Spikes
|move|p1a: Blissey|Stealth Rock|p2a: Garchomp
|-sidestart|p2: Chotongus|move: Stealth Rock
|
|upkeep
|turn|4
|
|t:|1779811299
|move|p2a: Garchomp|Stealth Rock|p1a: Blissey
|-sidestart|p1: claudechamp|move: Stealth Rock
|move|p1a: Blissey|Seismic Toss|p2a: Garchomp
|-damage|p2a: Garchomp|64/100
|-damage|p1a: Blissey|88/100|[from] ability: Rough Skin|[of] p2a: Garchomp
|-damage|p1a: Blissey|72/100|[from] item: Rocky Helmet|[of] p2a: Garchomp
|
|upkeep
|turn|5
|
|t:|1779811305
|move|p1a: Blissey|Seismic Toss|p2a: Garchomp
|-damage|p2a: Garchomp|40/100
|-damage|p1a: Blissey|59/100|[from] ability: Rough Skin|[of] p2a: Garchomp
|-damage|p1a: Blissey|43/100|[from] item: Rocky Helmet|[of] p2a: Garchomp
|move|p2a: Garchomp|Dragon Tail|p1a: Blissey
|-crit|p1a: Blissey
|-damage|p1a: Blissey|0 fnt
|faint|p1a: Blissey
|
|upkeep
|
|t:|1779811307
|switch|p1a: Ogerpon|Ogerpon, F|100/100
|turn|6
|
|t:|1779811312
|move|p1a: Ogerpon|Ivy Cudgel|p2a: Garchomp
|-damage|p2a: Garchomp|12/100
|move|p2a: Garchomp|Dragon Tail|p1a: Ogerpon
|-damage|p1a: Ogerpon|67/100
|drag|p1a: Corviknight|Corviknight, F|100/100
|-ability|p1a: Corviknight|Pressure
|
|upkeep
|turn|7
|
|t:|1779811317
|move|p2a: Garchomp|Spikes|p1a: Corviknight
|-sidestart|p1: claudechamp|Spikes
|move|p1a: Corviknight|Body Press|p2a: Garchomp
|-damage|p2a: Garchomp|0 fnt
|-damage|p1a: Corviknight|88/100|[from] ability: Rough Skin|[of] p2a: Garchomp
|-damage|p1a: Corviknight|72/100|[from] item: Rocky Helmet|[of] p2a: Garchomp
|faint|p2a: Garchomp
|
|upkeep
|
|t:|1779811325
|switch|p2a: Darkrai|Darkrai|100/100
|-damage|p2a: Darkrai|88/100|[from] Spikes
|-damage|p2a: Darkrai|76/100|[from] Stealth Rock
|turn|8
|
|t:|1779811334
|move|p2a: Darkrai|Dark Pulse|p1a: Corviknight
|-damage|p1a: Corviknight|24/100
|cant|p1a: Corviknight|flinch
|
|upkeep
|turn|9
|
|t:|1779811337
|move|p2a: Darkrai|Dark Pulse|p1a: Corviknight
|-damage|p1a: Corviknight|0 fnt
|faint|p1a: Corviknight
|
|upkeep
|
|t:|1779811340
|switch|p1a: Walking Wake|Walking Wake|100/100
|turn|10
|
|t:|1779811348
|switch|p2a: Slowking|Slowking, F|100/100
|-terastallize|p1a: Walking Wake|Water
|move|p1a: Walking Wake|Surf|p2a: Slowking
|-resisted|p2a: Slowking
|-damage|p2a: Slowking|79/100
|
|upkeep
|turn|11
|
|t:|1779811354
|move|p1a: Walking Wake|Surf|p2a: Slowking
|-resisted|p2a: Slowking
|-damage|p2a: Slowking|59/100
|move|p2a: Slowking|Future Sight|p1a: Walking Wake
|-start|p2a: Slowking|move: Future Sight
|
|upkeep
|turn|12
|
|t:|1779811360
|move|p1a: Walking Wake|Surf|p2a: Slowking
|-resisted|p2a: Slowking
|-damage|p2a: Slowking|39/100
|move|p2a: Slowking|Scald|p1a: Walking Wake
|-resisted|p1a: Walking Wake
|-damage|p1a: Walking Wake|85/100
|
|upkeep
|turn|13
|
|t:|1779811369
|move|p1a: Walking Wake|Substitute|p1a: Walking Wake
|-start|p1a: Walking Wake|Substitute
|-damage|p1a: Walking Wake|60/100
|-prepare|p2a: Slowking|Chilly Reception|[premajor]
|move|p2a: Slowking|Chilly Reception|p2a: Slowking
|-weather|Snowscape
|
|t:|1779811378
|switch|p2a: Meowscarada|Meowscarada, F|100/100|[from] Chilly Reception
|-damage|p2a: Meowscarada|88/100|[from] Spikes
|-damage|p2a: Meowscarada|76/100|[from] Stealth Rock
|
|-weather|Snowscape|[upkeep]
|-end|p1a: Walking Wake|move: Future Sight
|-end|p1a: Walking Wake|Substitute
|upkeep
|turn|14
|
|t:|1779811381
|move|p2a: Meowscarada|Flower Trick|p1a: Walking Wake
|-start|p2a: Meowscarada|typechange|Grass|[from] ability: Protean
|-supereffective|p1a: Walking Wake
|-crit|p1a: Walking Wake
|-damage|p1a: Walking Wake|0 fnt
|faint|p1a: Walking Wake
|-end|p1a: Walking Wake|Protosynthesis|[silent]
|
|-weather|Snowscape|[upkeep]
|upkeep
|
|t:|1779811388
|switch|p1a: Pecharunt|Pecharunt|100/100
|turn|15
|
|t:|1779811395
|switch|p2a: Scizor|Scizor, F|100/100
|move|p1a: Pecharunt|Parting Shot|p2a: Scizor
|-unboost|p2a: Scizor|atk|1
|-unboost|p2a: Scizor|spa|1
|
|t:|1779811398
|switch|p1a: Ogerpon|Ogerpon, F|67/100|[from] Parting Shot
|
|-weather|Snowscape|[upkeep]
|upkeep
|turn|16
|
|t:|1779811401
|move|p1a: Ogerpon|Ivy Cudgel|p2a: Scizor
|-resisted|p2a: Scizor
|-damage|p2a: Scizor|85/100
|move|p2a: Scizor|Defog|p1a: Ogerpon
|-unboost|p1a: Ogerpon|evasion|1
|-ability|p1a: Ogerpon|Defiant|boost
|-boost|p1a: Ogerpon|atk|2
|-sideend|p1: claudechamp|Spikes|[from] move: Defog|[of] p2a: Scizor
|-sideend|p1: claudechamp|Stealth Rock|[from] move: Defog|[of] p2a: Scizor
|-sideend|p2: Chotongus|Spikes|[from] move: Defog|[of] p2a: Scizor
|-sideend|p2: Chotongus|Stealth Rock|[from] move: Defog|[of] p2a: Scizor
|
|-weather|Snowscape|[upkeep]
|upkeep
|turn|17
|
|t:|1779811406
|move|p1a: Ogerpon|Encore|p2a: Scizor
|-start|p2a: Scizor|Encore
|move|p2a: Scizor|Defog|p1a: Ogerpon
|-unboost|p1a: Ogerpon|evasion|1
|-ability|p1a: Ogerpon|Defiant|boost
|-boost|p1a: Ogerpon|atk|2
|
|-weather|none
|upkeep
|turn|18
|
|t:|1779811416
|switch|p1a: Pecharunt|Pecharunt|100/100
|switch|p2a: Sylveon|Sylveon, F|100/100
|
|upkeep
|turn|19
|
|t:|1779811426
|-terastallize|p2a: Sylveon|Steel
|move|p1a: Pecharunt|Malignant Chain|p2a: Sylveon
|-immune|p2a: Sylveon
|move|p2a: Sylveon|Calm Mind|p2a: Sylveon
|-boost|p2a: Sylveon|spa|1
|-boost|p2a: Sylveon|spd|1
|
|upkeep
|turn|20
|
|t:|1779811436
|move|p1a: Pecharunt|Foul Play|p2a: Sylveon
|-damage|p2a: Sylveon|91/100
|move|p2a: Sylveon|Hyper Voice|p1a: Pecharunt
|-resisted|p1a: Pecharunt
|-damage|p1a: Pecharunt|70/100
|
|-heal|p2a: Sylveon|97/100|[from] item: Leftovers
|upkeep
|turn|21
|
|t:|1779811444
|move|p1a: Pecharunt|Foul Play|p2a: Sylveon
|-damage|p2a: Sylveon|88/100
|move|p2a: Sylveon|Calm Mind|p2a: Sylveon
|-boost|p2a: Sylveon|spa|1
|-boost|p2a: Sylveon|spd|1
|
|-heal|p2a: Sylveon|94/100|[from] item: Leftovers
|upkeep
|turn|22
|
|t:|1779811449
|move|p1a: Pecharunt|Foul Play|p2a: Sylveon
|-damage|p2a: Sylveon|85/100
|move|p2a: Sylveon|Hyper Voice|p1a: Pecharunt
|-resisted|p1a: Pecharunt
|-crit|p1a: Pecharunt
|-damage|p1a: Pecharunt|4/100
|
|-heal|p2a: Sylveon|91/100|[from] item: Leftovers
|upkeep
|turn|23
|
|t:|1779811454
|switch|p1a: Ogerpon|Ogerpon, F|67/100
|move|p2a: Sylveon|Hyper Voice|p1a: Ogerpon
|-damage|p1a: Ogerpon|0 fnt
|faint|p1a: Ogerpon
|
|-heal|p2a: Sylveon|97/100|[from] item: Leftovers
|upkeep
|
|t:|1779811458
|switch|p1a: Pecharunt|Pecharunt|4/100
|turn|24
|
|t:|1779811462
|move|p1a: Pecharunt|Foul Play|p2a: Sylveon
|-damage|p2a: Sylveon|88/100
|move|p2a: Sylveon|Hyper Voice|p1a: Pecharunt
|-resisted|p1a: Pecharunt
|-damage|p1a: Pecharunt|0 fnt
|faint|p1a: Pecharunt
|
|win|Chotongus
|raw|claudechamp's rating: 1301 &rarr; <strong>1277</strong><br />(-24 for losing)
|raw|Chotongus's rating: 1223 &rarr; <strong>1254</strong><br />(+31 for winning)
|c|☆claudechamp|gg
|c|☆Chotongus|gg
|l|☆Chotongus
|player|p2|
