|j|☆Santipokemaster
|j|☆claudechamp
|t:|1779889681
|gametype|singles
|player|p1|Santipokemaster|red|1143
|player|p2|claudechamp|169|1188
|gen|9
|tier|[Gen 9] OU
|rated|
|rule|HP Percentage Mod: HP is shown in percentages
|rule|Endless Battle Clause: Forcing endless battles is banned
|rule|Species Clause: Limit one of each Pokémon
|rule|OHKO Clause: OHKO moves are banned
|rule|Evasion Items Clause: Evasion items are banned
|rule|Evasion Moves Clause: Evasion moves are banned
|rule|Evasion Abilities Clause: Evasion abilities are banned
|rule|Sleep Moves Clause: Sleep-inducing moves are banned
|clearpoke
|poke|p1|Corviknight, F|
|poke|p1|Kilowattrel, F|
|poke|p1|Toucannon, M|
|poke|p1|Staraptor, F|
|poke|p1|Pelipper, M|
|poke|p1|Talonflame, F|
|poke|p2|Gliscor, M|
|poke|p2|Ogerpon, F|
|poke|p2|Walking Wake|
|poke|p2|Blissey, F|
|poke|p2|Corviknight, M|
|poke|p2|Pecharunt|
|teampreview
|c|☆claudechamp|hf
|inactive|Battle timer is ON: inactive players will automatically lose when time's up. (requested by claudechamp)
|
|t:|1779889710
|teamsize|p1|6
|teamsize|p2|6
|start
|switch|p1a: Talonflame|Talonflame, F|100/100
|switch|p2a: Gliscor|Gliscor, M|100/100
|turn|1
|
|t:|1779889738
|switch|p2a: Blissey|Blissey, F|100/100
|move|p1a: Talonflame|Brave Bird|p2a: Blissey
|-damage|p2a: Blissey|33/100
|-damage|p1a: Talonflame|52/100|[from] Recoil
|
|upkeep
|turn|2
|
|t:|1779889746
|switch|p2a: Pecharunt|Pecharunt|100/100
|move|p1a: Talonflame|Brave Bird|p2a: Pecharunt
|-damage|p2a: Pecharunt|69/100
|-damage|p1a: Talonflame|38/100|[from] Recoil
|
|upkeep
|turn|3
|
|t:|1779889754
|move|p1a: Talonflame|Brave Bird|p2a: Pecharunt
|-damage|p2a: Pecharunt|38/100
|-damage|p1a: Talonflame|25/100|[from] Recoil
|move|p2a: Pecharunt|Malignant Chain|p1a: Talonflame
|-damage|p1a: Talonflame|0 fnt
|faint|p1a: Talonflame
|
|upkeep
|
|t:|1779889764
|switch|p1a: Pelipper|Pelipper, M|100/100
|-weather|RainDance|[from] ability: Drizzle|[of] p1a: Pelipper
|turn|4
|
|t:|1779889770
|move|p2a: Pecharunt|Parting Shot|p1a: Pelipper
|-unboost|p1a: Pelipper|atk|1
|-unboost|p1a: Pelipper|spa|1
|
|t:|1779889773
|switch|p2a: Blissey|Blissey, F|33/100|[from] Parting Shot
|move|p1a: Pelipper|Hurricane|p2a: Blissey
|-damage|p2a: Blissey|23/100
|
|-weather|RainDance|[upkeep]
|upkeep
|turn|5
|
|t:|1779889783
|switch|p1a: Corviknight|Corviknight, F, shiny|100/100
|move|p2a: Blissey|Soft-Boiled|p2a: Blissey
|-heal|p2a: Blissey|73/100
|
|-weather|RainDance|[upkeep]
|upkeep
|turn|6
|
|t:|1779889800
|move|p1a: Corviknight|Body Press|p2a: Blissey
|-supereffective|p2a: Blissey
|-damage|p2a: Blissey|22/100
|move|p2a: Blissey|Stealth Rock|p1a: Corviknight
|-sidestart|p1: Santipokemaster|move: Stealth Rock
|
|-weather|RainDance|[upkeep]
|upkeep
|turn|7
|
|t:|1779889808
|switch|p2a: Pecharunt|Pecharunt|38/100
|move|p1a: Corviknight|Body Press|p2a: Pecharunt
|-immune|p2a: Pecharunt
|
|-weather|RainDance|[upkeep]
|upkeep
|turn|8
|
|t:|1779889816
|move|p2a: Pecharunt|Recover|p2a: Pecharunt
|-heal|p2a: Pecharunt|88/100
|move|p1a: Corviknight|Light Screen|p1a: Corviknight
|-sidestart|p1: Santipokemaster|move: Light Screen
|
|-weather|none
|upkeep
|turn|9
|
|t:|1779889826
|move|p2a: Pecharunt|Foul Play|p1a: Corviknight
|-damage|p1a: Corviknight|91/100
|-damage|p2a: Pecharunt|71/100|[from] item: Rocky Helmet|[of] p1a: Corviknight
|move|p1a: Corviknight|Reflect|p1a: Corviknight
|-sidestart|p1: Santipokemaster|Reflect
|
|upkeep
|turn|10
|
|t:|1779889835
|move|p2a: Pecharunt|Recover|p2a: Pecharunt
|-heal|p2a: Pecharunt|100/100
|move|p1a: Corviknight|Body Press|p2a: Pecharunt
|-immune|p2a: Pecharunt
|
|upkeep
|turn|11
|
|t:|1779889843
|move|p2a: Pecharunt|Parting Shot|p1a: Corviknight
|-ability|p1a: Corviknight|Mirror Armor
|-unboost|p2a: Pecharunt|atk|1
|-ability|p1a: Corviknight|Mirror Armor
|-unboost|p2a: Pecharunt|spa|1
|
|t:|1779889850
|switch|p2a: Gliscor|Gliscor, M|100/100|[from] Parting Shot
|move|p1a: Corviknight|Body Press|p2a: Gliscor
|-resisted|p2a: Gliscor
|-damage|p2a: Gliscor|90/100
|
|-status|p2a: Gliscor|tox|[from] item: Toxic Orb
|upkeep
|turn|12
|inactive|Santipokemaster has 120 seconds left.
|
|t:|1779889888
|switch|p2a: Pecharunt|Pecharunt|100/100
|switch|p1a: Pelipper|Pelipper, M|100/100
|-damage|p1a: Pelipper|76/100|[from] Stealth Rock
|-weather|RainDance|[from] ability: Drizzle|[of] p1a: Pelipper
|
|-weather|RainDance|[upkeep]
|-heal|p1a: Pelipper|82/100|[from] item: Leftovers
|-sideend|p1: Santipokemaster|move: Light Screen
|upkeep
|turn|13
|inactive|Santipokemaster has 120 seconds left.
|
|t:|1779889899
|move|p2a: Pecharunt|Malignant Chain|p1a: Pelipper
|-damage|p1a: Pelipper|36/100
|move|p1a: Pelipper|Hydro Pump|p2a: Pecharunt
|-damage|p2a: Pecharunt|29/100
|
|-weather|RainDance|[upkeep]
|-heal|p1a: Pelipper|42/100|[from] item: Leftovers
|-sideend|p1: Santipokemaster|Reflect
|upkeep
|turn|14
|inactive|Santipokemaster has 120 seconds left.
|
|t:|1779889911
|move|p2a: Pecharunt|Malignant Chain|p1a: Pelipper
|-damage|p1a: Pelipper|0 fnt
|faint|p1a: Pelipper
|
|-weather|RainDance|[upkeep]
|upkeep
|
|t:|1779889920
|switch|p1a: Kilowattrel|Kilowattrel, F|100/100
|-damage|p1a: Kilowattrel|76/100|[from] Stealth Rock
|turn|15
|
|t:|1779889931
|switch|p2a: Walking Wake|Walking Wake|100/100
|move|p1a: Kilowattrel|Hurricane|p2a: Walking Wake
|-damage|p2a: Walking Wake|44/100
|
|-weather|RainDance|[upkeep]
|-heal|p1a: Kilowattrel|82/100|[from] item: Leftovers
|upkeep
|turn|16
|inactive|Santipokemaster has 120 seconds left.
|inactive|Santipokemaster has 90 seconds left.
|
|t:|1779889977
|-end|p2a: Walking Wake|Protosynthesis|[silent]
|switch|p2a: Corviknight|Corviknight, M|100/100
|-ability|p2a: Corviknight|Pressure
|move|p1a: Kilowattrel|Hurricane|p2a: Corviknight
|-resisted|p2a: Corviknight
|-damage|p2a: Corviknight|72/100
|-start|p2a: Corviknight|confusion
|
|-weather|none
|-heal|p1a: Kilowattrel|88/100|[from] item: Leftovers
|upkeep
|turn|17
|inactive|Santipokemaster has 90 seconds left.
|
|t:|1779889989
|move|p1a: Kilowattrel|Substitute|p1a: Kilowattrel
|-start|p1a: Kilowattrel|Substitute
|-damage|p1a: Kilowattrel|63/100
|-activate|p2a: Corviknight|confusion
|move|p2a: Corviknight|U-turn|p1a: Kilowattrel
|-resisted|p1a: Kilowattrel
|-activate|p1a: Kilowattrel|move: Substitute|[damage]
|
|t:|1779890002
|switch|p2a: Blissey|Blissey, F|22/100|[from] U-turn
|
|-heal|p1a: Kilowattrel|69/100|[from] item: Leftovers
|upkeep
|turn|18
|
|t:|1779890009
|move|p1a: Kilowattrel|Thunder|p2a: Blissey|[miss]
|-miss|p1a: Kilowattrel|p2a: Blissey
|move|p2a: Blissey|Seismic Toss|p1a: Kilowattrel
|-end|p1a: Kilowattrel|Substitute
|
|-heal|p1a: Kilowattrel|75/100|[from] item: Leftovers
|upkeep
|turn|19
|
|t:|1779890019
|move|p1a: Kilowattrel|Hurricane|p2a: Blissey
|-damage|p2a: Blissey|6/100
|move|p2a: Blissey|Soft-Boiled|p2a: Blissey
|-heal|p2a: Blissey|56/100
|
|-heal|p1a: Kilowattrel|81/100|[from] item: Leftovers
|upkeep
|turn|20
|
|t:|1779890032
|move|p1a: Kilowattrel|Volt Switch|p2a: Blissey
|-damage|p2a: Blissey|47/100
|
|t:|1779890036
|switch|p1a: Staraptor|Staraptor, F|100/100|[from] Volt Switch
|-damage|p1a: Staraptor|76/100|[from] Stealth Rock
|-ability|p1a: Staraptor|Intimidate|boost
|-unboost|p2a: Blissey|atk|1
|move|p2a: Blissey|Soft-Boiled|p2a: Blissey
|-heal|p2a: Blissey|97/100
|
|upkeep
|turn|21
|
|t:|1779890052
|switch|p2a: Pecharunt|Pecharunt|29/100
|move|p1a: Staraptor|Brave Bird|p2a: Pecharunt
|-damage|p2a: Pecharunt|0 fnt
|faint|p2a: Pecharunt
|-damage|p1a: Staraptor|64/100|[from] Recoil
|
|upkeep
|
|t:|1779890064
|switch|p2a: Walking Wake|Walking Wake|44/100
|turn|22
|
|t:|1779890068
|-end|p2a: Walking Wake|Protosynthesis|[silent]
|switch|p2a: Corviknight|Corviknight, M|72/100
|-ability|p2a: Corviknight|Pressure
|move|p1a: Staraptor|Brave Bird|p2a: Corviknight
|-resisted|p2a: Corviknight
|-damage|p2a: Corviknight|43/100
|-damage|p1a: Staraptor|53/100|[from] Recoil
|
|upkeep
|turn|23
|
|t:|1779890090
|move|p1a: Staraptor|Brave Bird|p2a: Corviknight
|-resisted|p2a: Corviknight
|-damage|p2a: Corviknight|14/100
|-damage|p1a: Staraptor|41/100|[from] Recoil
|move|p2a: Corviknight|Roost|p2a: Corviknight
|-heal|p2a: Corviknight|64/100
|-singleturn|p2a: Corviknight|move: Roost
|
|upkeep
|turn|24
|inactive|Santipokemaster has 120 seconds left.
|
|t:|1779890116
|switch|p1a: Toucannon|Toucannon, M, shiny|100/100
|-damage|p1a: Toucannon|76/100|[from] Stealth Rock
|move|p2a: Corviknight|Roost|p2a: Corviknight
|-heal|p2a: Corviknight|100/100
|-singleturn|p2a: Corviknight|move: Roost
|
|upkeep
|turn|25
|
|t:|1779890125
|move|p2a: Corviknight|U-turn|p1a: Toucannon
|-resisted|p1a: Toucannon
|-damage|p1a: Toucannon|66/100
|
|t:|1779890130
|switch|p2a: Walking Wake|Walking Wake|44/100|[from] U-turn
|move|p1a: Toucannon|Heat Wave|p2a: Walking Wake
|-resisted|p2a: Walking Wake
|-damage|p2a: Walking Wake|33/100
|
|upkeep
|turn|26
|
|t:|1779890148
|-terastallize|p1a: Toucannon|Normal
|move|p2a: Walking Wake|Surf|p1a: Toucannon
|-crit|p1a: Toucannon
|-damage|p1a: Toucannon|0 fnt
|faint|p1a: Toucannon
|
|upkeep
|inactive|Santipokemaster has 120 seconds left.
|
|t:|1779890159
|switch|p1a: Kilowattrel|Kilowattrel, F|81/100
|-damage|p1a: Kilowattrel|56/100|[from] Stealth Rock
|turn|27
|
|t:|1779890167
|-end|p2a: Walking Wake|Protosynthesis|[silent]
|switch|p2a: Blissey|Blissey, F|97/100
|move|p1a: Kilowattrel|Hurricane|p2a: Blissey
|-damage|p2a: Blissey|82/100
|
|-heal|p1a: Kilowattrel|62/100|[from] item: Leftovers
|upkeep
|turn|28
|
|t:|1779890177
|switch|p1a: Corviknight|Corviknight, F, shiny|91/100
|-damage|p1a: Corviknight|79/100|[from] Stealth Rock
|move|p2a: Blissey|Seismic Toss|p1a: Corviknight
|-damage|p1a: Corviknight|54/100
|-damage|p2a: Blissey|65/100|[from] item: Rocky Helmet|[of] p1a: Corviknight
|
|upkeep
|turn|29
|
|t:|1779890188
|switch|p2a: Walking Wake|Walking Wake|33/100
|move|p1a: Corviknight|Roost|p1a: Corviknight
|-heal|p1a: Corviknight|100/100
|-singleturn|p1a: Corviknight|move: Roost
|
|upkeep
|turn|30
|
|t:|1779890197
|move|p2a: Walking Wake|Surf|p1a: Corviknight
|-damage|p1a: Corviknight|52/100
|move|p1a: Corviknight|Body Press|p2a: Walking Wake
|-damage|p2a: Walking Wake|2/100
|
|upkeep
|turn|31
|
|t:|1779890205
|move|p2a: Walking Wake|Surf|p1a: Corviknight
|-damage|p1a: Corviknight|11/100
|move|p1a: Corviknight|Roost|p1a: Corviknight
|-heal|p1a: Corviknight|61/100
|-singleturn|p1a: Corviknight|move: Roost
|
|upkeep
|turn|32
|inactive|Santipokemaster has 120 seconds left.
|inactive|Santipokemaster has 90 seconds left.
|inactive|Santipokemaster has 60 seconds left.
|
|t:|1779890313
|-terastallize|p2a: Walking Wake|Water
|move|p2a: Walking Wake|Surf|p1a: Corviknight
|-damage|p1a: Corviknight|5/100
|move|p1a: Corviknight|Roost|p1a: Corviknight
|-heal|p1a: Corviknight|55/100
|-singleturn|p1a: Corviknight|move: Roost
|
|upkeep
|turn|33
|
|t:|1779890322
|move|p2a: Walking Wake|Surf|p1a: Corviknight
|-crit|p1a: Corviknight
|-damage|p1a: Corviknight|0 fnt
|faint|p1a: Corviknight
|
|upkeep
|
|t:|1779890331
|switch|p1a: Kilowattrel|Kilowattrel, F|62/100
|-damage|p1a: Kilowattrel|37/100|[from] Stealth Rock
|turn|34
|
|t:|1779890338
|move|p1a: Kilowattrel|Volt Switch|p2a: Walking Wake
|-supereffective|p2a: Walking Wake
|-damage|p2a: Walking Wake|0 fnt
|faint|p2a: Walking Wake
|-end|p2a: Walking Wake|Protosynthesis|[silent]
|
|t:|1779890344
|switch|p1a: Staraptor|Staraptor, F|41/100|[from] Volt Switch
|-damage|p1a: Staraptor|17/100|[from] Stealth Rock
|
|upkeep
|
|t:|1779890352
|switch|p2a: Corviknight|Corviknight, M|100/100
|-ability|p2a: Corviknight|Pressure
|turn|35
|
|t:|1779890357
|move|p1a: Staraptor|Close Combat|p2a: Corviknight
|-damage|p2a: Corviknight|63/100
|-unboost|p1a: Staraptor|def|1
|-unboost|p1a: Staraptor|spd|1
|move|p2a: Corviknight|U-turn|p1a: Staraptor
|-resisted|p1a: Staraptor
|-damage|p1a: Staraptor|1/100
|
|t:|1779890364
|switch|p2a: Ogerpon|Ogerpon, F|100/100|[from] U-turn
|
|upkeep
|turn|36
|
|t:|1779890369
|switch|p1a: Kilowattrel|Kilowattrel, F|37/100
|-damage|p1a: Kilowattrel|12/100|[from] Stealth Rock
|move|p2a: Ogerpon|U-turn|p1a: Kilowattrel
|-resisted|p1a: Kilowattrel
|-damage|p1a: Kilowattrel|0 fnt
|faint|p1a: Kilowattrel
|
|t:|1779890375
|switch|p2a: Blissey|Blissey, F|65/100|[from] U-turn
|
|upkeep
|-message|Santipokemaster forfeited.
|
|win|claudechamp
|raw|Santipokemaster's rating: 1143 &rarr; <strong>1126</strong><br />(-17 for losing)
|raw|claudechamp's rating: 1264 &rarr; <strong>1281</strong><br />(+17 for winning)
|c|☆claudechamp|gg
|l|☆Santipokemaster
|player|p1|
|l|☆claudechamp
|player|p2|
