|j|☆Vkjoggers
|j|☆benioooo
|t:|1779894944
|gametype|singles
|player|p1|Vkjoggers|102|1102
|player|p2|benioooo|cynthia-gen4|1102
|gen|9
|tier|[Gen 9] OU
|rated|
|rule|HP Percentage Mod: HP is shown in percentages
|rule|Endless Battle Clause: Forcing endless battles is banned
|rule|Species Clause: Limit one of each Pokémon
|rule|OHKO Clause: OHKO moves are banned
|rule|Evasion Items Clause: Evasion items are banned
|rule|Evasion Moves Clause: Evasion moves are banned
|rule|Evasion Abilities Clause: Evasion abilities are banned
|rule|Sleep Moves Clause: Sleep-inducing moves are banned
|clearpoke
|poke|p1|Tatsugiri-Droopy, F|
|poke|p1|Goodra-Hisui, F|
|poke|p1|Swampert, F|
|poke|p1|Dragonite, F|
|poke|p1|Alomomola, M|
|poke|p1|Skeledirge, M|
|poke|p2|Manaphy|
|poke|p2|Goodra-Hisui, M|
|poke|p2|Incineroar, M|
|poke|p2|Iron Valiant|
|poke|p2|Iron Hands|
|poke|p2|Clefable, F|
|teampreview
|inactive|Battle timer is ON: inactive players will automatically lose when time's up. (requested by Vkjoggers)
|
|t:|1779894962
|teamsize|p1|6
|teamsize|p2|6
|start
|switch|p1a: Swampert|Swampert, F|100/100
|switch|p2a: fofinho|Manaphy|100/100
|turn|1
|
|t:|1779894968
|move|p2a: fofinho|Energy Ball|p1a: Swampert
|-supereffective|p1a: Swampert
|-damage|p1a: Swampert|0 fnt
|faint|p1a: Swampert
|
|upkeep
|
|t:|1779894972
|switch|p1a: Alomomola|Alomomola, M|100/100
|turn|2
|
|t:|1779894975
|switch|p1a: Goodra|Goodra-Hisui, F|100/100
|move|p2a: fofinho|Energy Ball|p1a: Goodra
|-ability|p1a: Goodra|Sap Sipper|boost
|-boost|p1a: Goodra|atk|1
|
|upkeep
|turn|3
|
|t:|1779894983
|switch|p2a: garota confusa|Clefable, F|100/100
|move|p1a: Goodra|Dragon Tail|p2a: garota confusa
|-immune|p2a: garota confusa
|
|upkeep
|turn|4
|
|t:|1779894986
|move|p2a: garota confusa|Substitute|p2a: garota confusa
|-start|p2a: garota confusa|Substitute
|-damage|p2a: garota confusa|76/100
|move|p1a: Goodra|Earthquake|p2a: garota confusa
|-activate|p2a: garota confusa|move: Substitute|[damage]
|
|-heal|p2a: garota confusa|82/100|[from] item: Leftovers
|upkeep
|turn|5
|
|t:|1779894991
|move|p2a: garota confusa|Moonblast|p1a: Goodra
|-damage|p1a: Goodra|87/100
|move|p1a: Goodra|Earthquake|p2a: garota confusa
|-end|p2a: garota confusa|Substitute
|
|-heal|p2a: garota confusa|88/100|[from] item: Leftovers
|upkeep
|turn|6
|
|t:|1779894998
|switch|p1a: Tatsugiri|Tatsugiri-Droopy, F, shiny|100/100
|move|p2a: garota confusa|Ice Beam|p1a: Tatsugiri
|-damage|p1a: Tatsugiri|74/100
|
|-heal|p2a: garota confusa|94/100|[from] item: Leftovers
|upkeep
|turn|7
|
|t:|1779895003
|switch|p1a: Skeledirge|Skeledirge, M|100/100
|move|p2a: garota confusa|Moonblast|p1a: Skeledirge
|-resisted|p1a: Skeledirge
|-damage|p1a: Skeledirge|89/100
|-unboost|p1a: Skeledirge|spa|1
|
|-heal|p2a: garota confusa|99/100|[from] item: Leftovers
|upkeep
|turn|8
|
|t:|1779895013
|switch|p2a: viera|Incineroar, M|100/100
|-ability|p2a: viera|Intimidate|boost
|-unboost|p1a: Skeledirge|atk|1
|move|p1a: Skeledirge|Torch Song|p2a: viera
|-resisted|p2a: viera
|-damage|p2a: viera|93/100
|-boost|p1a: Skeledirge|spa|1
|
|upkeep
|turn|9
|
|t:|1779895030
|switch|p1a: Alomomola|Alomomola, M|100/100
|move|p2a: viera|Knock Off|p1a: Alomomola
|-damage|p1a: Alomomola|80/100
|-enditem|p1a: Alomomola|Heavy-Duty Boots|[from] move: Knock Off|[of] p2a: viera
|
|upkeep
|turn|10
|
|t:|1779895036
|move|p2a: viera|U-turn|p1a: Alomomola
|-damage|p1a: Alomomola|71/100
|
|t:|1779895040
|switch|p2a: gordão da xj|Iron Hands|100/100|[from] U-turn
|-enditem|p2a: gordão da xj|Booster Energy
|-activate|p2a: gordão da xj|ability: Quark Drive|[fromitem]
|-start|p2a: gordão da xj|quarkdriveatk
|move|p1a: Alomomola|Flip Turn|p2a: gordão da xj
|-damage|p2a: gordão da xj|90/100
|
|t:|1779895048
|switch|p1a: Skeledirge|Skeledirge, M|89/100|[from] Flip Turn
|
|upkeep
|turn|11
|
|t:|1779895055
|move|p1a: Skeledirge|Will-O-Wisp|p2a: gordão da xj
|-status|p2a: gordão da xj|brn
|move|p2a: gordão da xj|Supercell Slam|p1a: Skeledirge
|-damage|p1a: Skeledirge|63/100
|
|-damage|p2a: gordão da xj|84/100 brn|[from] brn
|upkeep
|turn|12
|
|t:|1779895067
|-end|p2a: gordão da xj|Quark Drive|[silent]
|switch|p2a: viera|Incineroar, M|93/100
|-ability|p2a: viera|Intimidate|boost
|-unboost|p1a: Skeledirge|atk|1
|move|p1a: Skeledirge|Slack Off|p1a: Skeledirge
|-heal|p1a: Skeledirge|100/100
|
|upkeep
|turn|13
|
|t:|1779895073
|switch|p1a: Alomomola|Alomomola, M|100/100
|move|p2a: viera|Knock Off|p1a: Alomomola
|-damage|p1a: Alomomola|86/100
|
|upkeep
|turn|14
|
|t:|1779895078
|move|p2a: viera|U-turn|p1a: Alomomola
|-damage|p1a: Alomomola|77/100
|
|t:|1779895082
|switch|p2a: gordão da xj|Iron Hands|84/100 brn|[from] U-turn
|move|p1a: Alomomola|Scald|p2a: gordão da xj
|-damage|p2a: gordão da xj|75/100 brn
|
|-damage|p2a: gordão da xj|69/100 brn|[from] brn
|upkeep
|turn|15
|
|t:|1779895086
|move|p2a: gordão da xj|Supercell Slam|p1a: Alomomola|[miss]
|-miss|p2a: gordão da xj|p1a: Alomomola
|-damage|p2a: gordão da xj|19/100 brn|[from] supercellslam
|move|p1a: Alomomola|Flip Turn|p2a: gordão da xj
|-damage|p2a: gordão da xj|9/100 brn
|
|t:|1779895104
|switch|p1a: Skeledirge|Skeledirge, M|100/100|[from] Flip Turn
|
|-damage|p2a: gordão da xj|3/100 brn|[from] brn
|upkeep
|turn|16
|
|t:|1779895108
|move|p1a: Skeledirge|Torch Song|p2a: gordão da xj
|-damage|p2a: gordão da xj|0 fnt
|-boost|p1a: Skeledirge|spa|1
|faint|p2a: gordão da xj
|-end|p2a: gordão da xj|Quark Drive|[silent]
|
|upkeep
|
|t:|1779895113
|switch|p2a: viera|Incineroar, M|93/100
|-ability|p2a: viera|Intimidate|boost
|-unboost|p1a: Skeledirge|atk|1
|turn|17
|
|t:|1779895116
|switch|p1a: Alomomola|Alomomola, M|100/100
|move|p2a: viera|Knock Off|p1a: Alomomola
|-damage|p1a: Alomomola|86/100
|
|upkeep
|turn|18
|
|t:|1779895121
|switch|p2a: gary|Goodra-Hisui, M|100/100
|move|p1a: Alomomola|Scald|p2a: gary
|-resisted|p2a: gary
|-damage|p2a: gary|96/100
|
|upkeep
|turn|19
|
|t:|1779895126
|move|p2a: gary|Outrage|p1a: Alomomola
|-damage|p1a: Alomomola|37/100
|move|p1a: Alomomola|Scald|p2a: gary
|-resisted|p2a: gary
|-damage|p2a: gary|91/100
|
|upkeep
|turn|20
|
|t:|1779895136
|move|p1a: Alomomola|Protect|p1a: Alomomola
|-singleturn|p1a: Alomomola|Protect
|move|p2a: gary|Outrage|p1a: Alomomola|[from] lockedmove
|-activate|p1a: Alomomola|move: Protect
|
|upkeep
|turn|21
|
|t:|1779895142
|switch|p1a: Skeledirge|Skeledirge, M|100/100
|move|p2a: gary|Outrage|p1a: Skeledirge
|-damage|p1a: Skeledirge|27/100
|
|upkeep
|turn|22
|
|t:|1779895156
|-terastallize|p1a: Skeledirge|Fairy
|move|p1a: Skeledirge|Will-O-Wisp|p2a: gary|[miss]
|-miss|p1a: Skeledirge|p2a: gary
|move|p2a: gary|Outrage|p1a: Skeledirge|[from] lockedmove
|-immune|p1a: Skeledirge
|-start|p2a: gary|confusion|[fatigue]
|
|upkeep
|turn|23
|
|t:|1779895164
|switch|p2a: fofinho|Manaphy|100/100
|move|p1a: Skeledirge|Slack Off|p1a: Skeledirge
|-heal|p1a: Skeledirge|77/100
|
|upkeep
|turn|24
|
|t:|1779895174
|move|p2a: fofinho|Ice Beam|p1a: Skeledirge
|-damage|p1a: Skeledirge|44/100
|move|p1a: Skeledirge|Torch Song|p2a: fofinho
|-resisted|p2a: fofinho
|-damage|p2a: fofinho|88/100
|-boost|p1a: Skeledirge|spa|1
|
|upkeep
|turn|25
|
|t:|1779895178
|move|p2a: fofinho|Ice Beam|p1a: Skeledirge
|-damage|p1a: Skeledirge|13/100
|move|p1a: Skeledirge|Slack Off|p1a: Skeledirge
|-heal|p1a: Skeledirge|63/100
|
|upkeep
|turn|26
|
|t:|1779895180
|move|p2a: fofinho|Ice Beam|p1a: Skeledirge
|-damage|p1a: Skeledirge|32/100
|move|p1a: Skeledirge|Slack Off|p1a: Skeledirge
|-heal|p1a: Skeledirge|82/100
|
|upkeep
|turn|27
|
|t:|1779895183
|move|p2a: fofinho|Ice Beam|p1a: Skeledirge
|-damage|p1a: Skeledirge|52/100
|move|p1a: Skeledirge|Slack Off|p1a: Skeledirge
|-heal|p1a: Skeledirge|100/100
|
|upkeep
|turn|28
|
|t:|1779895188
|move|p2a: fofinho|Ice Beam|p1a: Skeledirge
|-damage|p1a: Skeledirge|69/100
|move|p1a: Skeledirge|Will-O-Wisp|p2a: fofinho
|-status|p2a: fofinho|brn
|
|-damage|p2a: fofinho|82/100 brn|[from] brn
|upkeep
|turn|29
|
|t:|1779895193
|move|p2a: fofinho|Ice Beam|p1a: Skeledirge
|-damage|p1a: Skeledirge|37/100
|move|p1a: Skeledirge|Slack Off|p1a: Skeledirge
|-heal|p1a: Skeledirge|87/100
|
|-damage|p2a: fofinho|76/100 brn|[from] brn
|upkeep
|turn|30
|
|t:|1779895196
|move|p2a: fofinho|Ice Beam|p1a: Skeledirge
|-damage|p1a: Skeledirge|57/100
|move|p1a: Skeledirge|Hex|p2a: fofinho
|-damage|p2a: fofinho|5/100 brn
|
|-damage|p2a: fofinho|0 fnt|[from] brn
|faint|p2a: fofinho
|upkeep
|
|t:|1779895203
|switch|p2a: garota confusa|Clefable, F|99/100
|turn|31
|
|t:|1779895218
|move|p1a: Skeledirge|Slack Off|p1a: Skeledirge
|-heal|p1a: Skeledirge|100/100
|move|p2a: garota confusa|Moonblast|p1a: Skeledirge
|-damage|p1a: Skeledirge|79/100
|
|-heal|p2a: garota confusa|100/100|[from] item: Leftovers
|upkeep
|turn|32
|
|t:|1779895224
|switch|p2a: gary|Goodra-Hisui, M|91/100
|move|p1a: Skeledirge|Torch Song|p2a: gary
|-damage|p2a: gary|64/100
|-boost|p1a: Skeledirge|spa|1
|
|upkeep
|turn|33
|
|t:|1779895228
|move|p1a: Skeledirge|Will-O-Wisp|p2a: gary
|-status|p2a: gary|brn
|move|p2a: gary|Heavy Slam|p1a: Skeledirge
|-supereffective|p1a: Skeledirge
|-damage|p1a: Skeledirge|57/100
|
|-damage|p2a: gary|58/100 brn|[from] brn
|upkeep
|turn|34
|
|t:|1779895234
|move|p1a: Skeledirge|Torch Song|p2a: gary
|-crit|p2a: gary
|-damage|p2a: gary|2/100 brn
|-boost|p1a: Skeledirge|spa|1
|move|p2a: gary|Heavy Slam|p1a: Skeledirge
|-supereffective|p1a: Skeledirge
|-damage|p1a: Skeledirge|32/100
|
|-damage|p2a: gary|0 fnt|[from] brn
|faint|p2a: gary
|upkeep
|
|t:|1779895237
|switch|p2a: viera|Incineroar, M|93/100
|-ability|p2a: viera|Intimidate|boost
|-unboost|p1a: Skeledirge|atk|1
|turn|35
|
|t:|1779895244
|move|p1a: Skeledirge|Slack Off|p1a: Skeledirge
|-heal|p1a: Skeledirge|82/100
|move|p2a: viera|Earthquake|p1a: Skeledirge
|-damage|p1a: Skeledirge|60/100
|
|upkeep
|turn|36
|
|t:|1779895250
|move|p1a: Skeledirge|Hex|p2a: viera
|-resisted|p2a: viera
|-damage|p2a: viera|69/100
|move|p2a: viera|Flare Blitz|p1a: Skeledirge
|-damage|p1a: Skeledirge|25/100
|-damage|p2a: viera|57/100|[from] Recoil
|
|upkeep
|turn|37
|
|t:|1779895254
|switch|p1a: Alomomola|Alomomola, M|71/100
|move|p2a: viera|Flare Blitz|p1a: Alomomola
|-resisted|p1a: Alomomola
|-damage|p1a: Alomomola|58/100
|-damage|p2a: viera|51/100|[from] Recoil
|
|upkeep
|turn|38
|
|t:|1779895258
|switch|p2a: samurai jack|Iron Valiant, shiny|100/100
|-enditem|p2a: samurai jack|Booster Energy
|-activate|p2a: samurai jack|ability: Quark Drive|[fromitem]
|-start|p2a: samurai jack|quarkdrivespe
|move|p1a: Alomomola|Wish|p1a: Alomomola
|
|upkeep
|turn|39
|
|t:|1779895262
|move|p2a: samurai jack|Moonblast|p1a: Alomomola
|-damage|p1a: Alomomola|15/100
|move|p1a: Alomomola|Flip Turn|p2a: samurai jack
|-damage|p2a: samurai jack|86/100
|
|t:|1779895267
|switch|p1a: Skeledirge|Skeledirge, M, tera:Fairy|25/100|[from] Flip Turn
|
|-heal|p1a: Skeledirge|90/100|[from] move: Wish|[wisher] Alomomola
|upkeep
|turn|40
|
|t:|1779895275
|move|p2a: samurai jack|Encore||[still]
|-fail|p2a: samurai jack
|move|p1a: Skeledirge|Torch Song|p2a: samurai jack
|-damage|p2a: samurai jack|40/100
|-boost|p1a: Skeledirge|spa|1
|
|upkeep
|turn|41
|
|t:|1779895279
|move|p2a: samurai jack|Protect|p2a: samurai jack
|-singleturn|p2a: samurai jack|Protect
|move|p1a: Skeledirge|Torch Song|p2a: samurai jack
|-activate|p2a: samurai jack|move: Protect
|
|upkeep
|turn|42
|
|t:|1779895283
|move|p2a: samurai jack|Moonblast|p1a: Skeledirge
|-damage|p1a: Skeledirge|60/100
|-unboost|p1a: Skeledirge|spa|1
|move|p1a: Skeledirge|Torch Song|p2a: samurai jack
|-damage|p2a: samurai jack|0 fnt
|-boost|p1a: Skeledirge|spa|1
|faint|p2a: samurai jack
|-end|p2a: samurai jack|Quark Drive|[silent]
|
|upkeep
|
|t:|1779895285
|switch|p2a: garota confusa|Clefable, F|100/100
|turn|43
|
|t:|1779895290
|move|p1a: Skeledirge|Torch Song|p2a: garota confusa
|-damage|p2a: garota confusa|61/100
|-boost|p1a: Skeledirge|spa|1
|move|p2a: garota confusa|Moonblast|p1a: Skeledirge
|-damage|p1a: Skeledirge|36/100
|
|-heal|p2a: garota confusa|67/100|[from] item: Leftovers
|upkeep
|turn|44
|
|t:|1779895296
|move|p1a: Skeledirge|Torch Song|p2a: garota confusa
|-damage|p2a: garota confusa|8/100
|-boost|p1a: Skeledirge|spa|1
|move|p2a: garota confusa|Moonblast|p1a: Skeledirge
|-damage|p1a: Skeledirge|14/100
|-unboost|p1a: Skeledirge|spa|1
|
|-heal|p2a: garota confusa|14/100|[from] item: Leftovers
|upkeep
|turn|45
|
|t:|1779895304
|switch|p2a: viera|Incineroar, M|51/100
|-ability|p2a: viera|Intimidate|boost
|-unboost|p1a: Skeledirge|atk|1
|move|p1a: Skeledirge|Torch Song|p2a: viera
|-resisted|p2a: viera
|-damage|p2a: viera|28/100
|-boost|p1a: Skeledirge|spa|1
|
|upkeep
|turn|46
|
|t:|1779895309
|move|p1a: Skeledirge|Torch Song|p2a: viera
|-resisted|p2a: viera
|-damage|p2a: viera|0 fnt
|-boost|p1a: Skeledirge|spa|1
|faint|p2a: viera
|
|upkeep
|
|t:|1779895312
|switch|p2a: garota confusa|Clefable, F|14/100
|turn|47
|
|t:|1779895314
|move|p1a: Skeledirge|Torch Song|p2a: garota confusa
|-damage|p2a: garota confusa|0 fnt
|-boost|p1a: Skeledirge|spa|1
|faint|p2a: garota confusa
|
|win|Vkjoggers
|raw|Vkjoggers's rating: 1102 &rarr; <strong>1127</strong><br />(+25 for winning)
|raw|benioooo's rating: 1102 &rarr; <strong>1077</strong><br />(-25 for losing)
|l|☆benioooo
|player|p2|
|l|☆Vkjoggers
|player|p1|
