|j|☆Pato helicoptero
|j|☆claudechamp
|t:|1779816402
|gametype|singles
|player|p1|Pato helicoptero|hiker|1125
|player|p2|claudechamp|265|1156
|gen|9
|tier|[Gen 9] OU
|rated|
|rule|HP Percentage Mod: HP is shown in percentages
|rule|Endless Battle Clause: Forcing endless battles is banned
|rule|Species Clause: Limit one of each Pokémon
|rule|OHKO Clause: OHKO moves are banned
|rule|Evasion Items Clause: Evasion items are banned
|rule|Evasion Moves Clause: Evasion moves are banned
|rule|Evasion Abilities Clause: Evasion abilities are banned
|rule|Sleep Moves Clause: Sleep-inducing moves are banned
|clearpoke
|poke|p1|Ogerpon, F|
|poke|p1|Rillaboom, F|
|poke|p1|Great Tusk|
|poke|p1|Gholdengo|
|poke|p1|Moltres|
|poke|p1|Muk-Alola, F|
|poke|p2|Gliscor, F|
|poke|p2|Ogerpon, F|
|poke|p2|Walking Wake|
|poke|p2|Blissey, F|
|poke|p2|Corviknight, F|
|poke|p2|Pecharunt|
|teampreview
|c|☆claudechamp|hf
|inactive|Battle timer is ON: inactive players will automatically lose when time's up. (requested by claudechamp)
|
|t:|1779816423
|teamsize|p1|6
|teamsize|p2|6
|start
|switch|p1a: Ogerpon|Ogerpon, F|100/100
|switch|p2a: Gliscor|Gliscor, F|100/100
|turn|1
|
|t:|1779816431
|move|p1a: Ogerpon|U-turn|p2a: Gliscor
|-resisted|p2a: Gliscor
|-damage|p2a: Gliscor|85/100
|
|t:|1779816434
|switch|p1a: Gholdengo|Gholdengo|100/100|[from] U-turn
|move|p2a: Gliscor|Spikes|p1a: Gholdengo
|-sidestart|p1: Pato helicoptero|Spikes
|
|-status|p2a: Gliscor|tox|[from] item: Toxic Orb
|upkeep
|turn|2
|
|t:|1779816443
|move|p1a: Gholdengo|Trick|p2a: Gliscor
|-activate|p1a: Gholdengo|move: Trick|[of] p2a: Gliscor
|-item|p2a: Gliscor|Choice Specs|[from] move: Trick
|-item|p1a: Gholdengo|Toxic Orb|[from] move: Trick
|move|p2a: Gliscor|Earthquake|p1a: Gholdengo
|-supereffective|p1a: Gholdengo
|-damage|p1a: Gholdengo|22/100
|
|-heal|p2a: Gliscor|97/100 tox|[from] ability: Poison Heal
|upkeep
|turn|3
|
|t:|1779816467
|switch|p1a: Moltres|Moltres|100/100
|move|p2a: Gliscor|Earthquake|p1a: Moltres
|-immune|p1a: Moltres
|
|-heal|p2a: Gliscor|100/100 tox|[from] ability: Poison Heal
|upkeep
|turn|4
|
|t:|1779816475
|switch|p2a: Walking Wake|Walking Wake|100/100
|move|p1a: Moltres|U-turn|p2a: Walking Wake
|-damage|p2a: Walking Wake|86/100
|
|t:|1779816481
|switch|p1a: Ogerpon|Ogerpon, F|100/100|[from] U-turn
|-damage|p1a: Ogerpon|88/100|[from] Spikes
|
|upkeep
|turn|5
|
|t:|1779816486
|-terastallize|p1a: Ogerpon|Grass
|detailschange|p1a: Ogerpon|Ogerpon-Teal-Tera, F, tera:Grass
|-ability|p1a: Ogerpon|Embody Aspect (Teal)|boost
|-boost|p1a: Ogerpon|spe|1
|move|p1a: Ogerpon|Ivy Cudgel|p2a: Walking Wake
|-damage|p2a: Walking Wake|0 fnt
|faint|p2a: Walking Wake
|-end|p2a: Walking Wake|Protosynthesis|[silent]
|
|upkeep
|
|t:|1779816494
|switch|p2a: Pecharunt|Pecharunt|100/100
|turn|6
|
|t:|1779816506
|switch|p1a: Tyrantr|Muk-Alola, F|100/100
|-damage|p1a: Tyrantr|88/100|[from] Spikes
|move|p2a: Pecharunt|Malignant Chain|p1a: Tyrantr
|-resisted|p1a: Tyrantr
|-damage|p1a: Tyrantr|81/100
|
|upkeep
|turn|7
|
|t:|1779816516
|move|p2a: Pecharunt|Malignant Chain|p1a: Tyrantr
|-resisted|p1a: Tyrantr
|-damage|p1a: Tyrantr|75/100
|move|p1a: Tyrantr|Knock Off|p2a: Pecharunt
|-supereffective|p2a: Pecharunt
|-damage|p2a: Pecharunt|64/100
|-enditem|p2a: Pecharunt|Heavy-Duty Boots|[from] move: Knock Off|[of] p1a: Tyrantr
|
|upkeep
|turn|8
|
|t:|1779816525
|move|p2a: Pecharunt|Foul Play|p1a: Tyrantr
|-resisted|p1a: Tyrantr
|-damage|p1a: Tyrantr|62/100
|move|p1a: Tyrantr|Ice Punch|p2a: Pecharunt
|-crit|p2a: Pecharunt
|-damage|p2a: Pecharunt|48/100
|-status|p2a: Pecharunt|frz
|
|upkeep
|turn|9
|
|t:|1779816533
|switch|p1a: Rillaboom|Rillaboom, F|100/100
|-damage|p1a: Rillaboom|88/100|[from] Spikes
|-fieldstart|move: Grassy Terrain|[from] ability: Grassy Surge|[of] p1a: Rillaboom
|cant|p2a: Pecharunt|frz
|
|-heal|p1a: Rillaboom|94/100|[from] Grassy Terrain
|-heal|p2a: Pecharunt|54/100 frz|[from] Grassy Terrain
|upkeep
|turn|10
|
|t:|1779816543
|move|p1a: Rillaboom|Swords Dance|p1a: Rillaboom
|-boost|p1a: Rillaboom|atk|2
|cant|p2a: Pecharunt|frz
|
|-heal|p1a: Rillaboom|99/100|[from] Grassy Terrain
|-heal|p2a: Pecharunt|60/100 frz|[from] Grassy Terrain
|upkeep
|turn|11
|
|t:|1779816553
|move|p1a: Rillaboom|Swords Dance|p1a: Rillaboom
|-boost|p1a: Rillaboom|atk|2
|cant|p2a: Pecharunt|frz
|
|-heal|p1a: Rillaboom|100/100|[from] Grassy Terrain
|-heal|p2a: Pecharunt|67/100 frz|[from] Grassy Terrain
|upkeep
|turn|12
|
|t:|1779816560
|move|p1a: Rillaboom|Knock Off|p2a: Pecharunt
|-supereffective|p2a: Pecharunt
|-damage|p2a: Pecharunt|1/100 frz
|cant|p2a: Pecharunt|frz
|
|-heal|p2a: Pecharunt|7/100 frz|[from] Grassy Terrain
|upkeep
|turn|13
|
|t:|1779816570
|move|p1a: Rillaboom|Knock Off|p2a: Pecharunt
|-supereffective|p2a: Pecharunt
|-crit|p2a: Pecharunt
|-damage|p2a: Pecharunt|0 fnt
|faint|p2a: Pecharunt
|
|upkeep
|
|t:|1779816574
|switch|p2a: Blissey|Blissey, F|100/100
|turn|14
|
|t:|1779816577
|-terastallize|p2a: Blissey|Dark
|move|p1a: Rillaboom|Grassy Glide|p2a: Blissey
|-crit|p2a: Blissey
|-damage|p2a: Blissey|0 fnt
|faint|p2a: Blissey
|
|upkeep
|
|t:|1779816582
|switch|p2a: Corviknight|Corviknight, F|100/100
|-ability|p2a: Corviknight|Pressure
|turn|15
|
|t:|1779816590
|move|p1a: Rillaboom|Knock Off|p2a: Corviknight
|-damage|p2a: Corviknight|36/100
|-enditem|p2a: Corviknight|Heavy-Duty Boots|[from] move: Knock Off|[of] p1a: Rillaboom
|move|p2a: Corviknight|Body Press|p1a: Rillaboom
|-damage|p1a: Rillaboom|73/100
|
|-heal|p1a: Rillaboom|79/100|[from] Grassy Terrain
|upkeep
|turn|16
|
|t:|1779816603
|move|p1a: Rillaboom|Grassy Glide|p2a: Corviknight
|-resisted|p2a: Corviknight
|-damage|p2a: Corviknight|15/100
|move|p2a: Corviknight|Body Press|p1a: Rillaboom
|-damage|p1a: Rillaboom|54/100
|
|-heal|p1a: Rillaboom|60/100|[from] Grassy Terrain
|-fieldend|move: Grassy Terrain
|upkeep
|turn|17
|
|t:|1779816611
|move|p1a: Rillaboom|Grassy Glide|p2a: Corviknight
|-resisted|p2a: Corviknight
|-damage|p2a: Corviknight|0 fnt
|faint|p2a: Corviknight
|
|upkeep
|
|t:|1779816615
|switch|p2a: Ogerpon|Ogerpon, F|100/100
|turn|18
|
|t:|1779816634
|switch|p1a: Great Tusk|Great Tusk|100/100
|move|p2a: Ogerpon|U-turn|p1a: Great Tusk
|-resisted|p1a: Great Tusk
|-damage|p1a: Great Tusk|93/100
|
|t:|1779816641
|switch|p2a: Gliscor|Gliscor, F|100/100 tox|[from] U-turn
|
|upkeep
|turn|19
|
|t:|1779816648
|move|p1a: Great Tusk|Stealth Rock|p2a: Gliscor
|-sidestart|p2: claudechamp|move: Stealth Rock
|move|p2a: Gliscor|Toxic|p1a: Great Tusk
|-status|p1a: Great Tusk|tox
|
|-damage|p1a: Great Tusk|87/100 tox|[from] psn
|upkeep
|turn|20
|
|t:|1779816658
|switch|p2a: Ogerpon|Ogerpon, F|100/100
|move|p1a: Great Tusk|Rapid Spin|p2a: Ogerpon
|-damage|p2a: Ogerpon|79/100
|-boost|p1a: Great Tusk|spe|1
|-sideend|p1: Pato helicoptero|Spikes|[from] move: Rapid Spin|[of] p1a: Great Tusk
|
|-damage|p1a: Great Tusk|75/100 tox|[from] psn
|upkeep
|turn|21
|
|t:|1779816666
|move|p1a: Great Tusk|Ice Spinner|p2a: Ogerpon
|-supereffective|p2a: Ogerpon
|-damage|p2a: Ogerpon|8/100
|move|p2a: Ogerpon|Ivy Cudgel|p1a: Great Tusk
|-supereffective|p1a: Great Tusk
|-damage|p1a: Great Tusk|11/100 tox
|
|-damage|p1a: Great Tusk|0 fnt|[from] psn
|faint|p1a: Great Tusk
|-end|p1a: Great Tusk|Protosynthesis|[silent]
|upkeep
|
|t:|1779816676
|switch|p1a: Rillaboom|Rillaboom, F|60/100
|-fieldstart|move: Grassy Terrain|[from] ability: Grassy Surge|[of] p1a: Rillaboom
|turn|22
|
|t:|1779816680
|move|p1a: Rillaboom|Grassy Glide|p2a: Ogerpon
|-resisted|p2a: Ogerpon
|-damage|p2a: Ogerpon|0 fnt
|faint|p2a: Ogerpon
|
|-heal|p1a: Rillaboom|66/100|[from] Grassy Terrain
|upkeep
|
|t:|1779816690
|switch|p2a: Gliscor|Gliscor, F|100/100 tox
|-damage|p2a: Gliscor|88/100 tox|[from] Stealth Rock
|turn|23
|
|t:|1779816699
|move|p1a: Rillaboom|Wood Hammer|p2a: Gliscor
|-damage|p2a: Gliscor|26/100 tox
|-damage|p1a: Rillaboom|46/100|[from] Recoil
|move|p2a: Gliscor|Earthquake|p1a: Rillaboom
|-resisted|p1a: Rillaboom
|-damage|p1a: Rillaboom|37/100
|
|-heal|p1a: Rillaboom|43/100|[from] Grassy Terrain
|-heal|p2a: Gliscor|38/100 tox|[from] ability: Poison Heal
|upkeep
|turn|24
|
|t:|1779816709
|move|p1a: Rillaboom|Wood Hammer|p2a: Gliscor
|-damage|p2a: Gliscor|0 fnt
|faint|p2a: Gliscor
|-damage|p1a: Rillaboom|31/100|[from] Recoil
|
|win|Pato helicoptero
|raw|Pato helicoptero's rating: 1125 &rarr; <strong>1151</strong><br />(+26 for winning)
|raw|claudechamp's rating: 1135 &rarr; <strong>1109</strong><br />(-26 for losing)
|c|☆claudechamp|gg
