|j|☆Chiloo Plays
|j|‽kapibara13
|t:|1779821708
|gametype|singles
|player|p1|Chiloo Plays|swimmer-gen4|1204
|player|p2|kapibara13|2|1219
|gen|9
|tier|[Gen 9] OU
|rated|
|rule|HP Percentage Mod: HP is shown in percentages
|rule|Endless Battle Clause: Forcing endless battles is banned
|rule|Species Clause: Limit one of each Pokémon
|rule|OHKO Clause: OHKO moves are banned
|rule|Evasion Items Clause: Evasion items are banned
|rule|Evasion Moves Clause: Evasion moves are banned
|rule|Evasion Abilities Clause: Evasion abilities are banned
|rule|Sleep Moves Clause: Sleep-inducing moves are banned
|clearpoke
|poke|p1|Donphan, M|
|poke|p1|Keldeo-Resolute|
|poke|p1|Thundurus, M|
|poke|p1|Metagross|
|poke|p1|Conkeldurr, F|
|poke|p1|Hydrapple, F|
|poke|p2|Ribombee, M|
|poke|p2|Kyurem|
|poke|p2|Iron Moth|
|poke|p2|Great Tusk|
|poke|p2|Kingambit, F|
|poke|p2|Dragapult, M|
|teampreview
|inactive|Battle timer is ON: inactive players will automatically lose when time's up. (requested by kapibara13)
|
|t:|1779821744
|teamsize|p1|6
|teamsize|p2|6
|start
|switch|p1a: Metagross|Metagross|100/100
|switch|p2a: Ribombee|Ribombee, M, shiny|100/100
|turn|1
|
|t:|1779821752
|move|p1a: Metagross|Heavy Slam|p2a: Ribombee
|-supereffective|p2a: Ribombee
|-enditem|p2a: Ribombee|Focus Sash
|-damage|p2a: Ribombee|1/100
|move|p2a: Ribombee|Sticky Web|p1a: Metagross
|-sidestart|p1: Chiloo Plays|move: Sticky Web
|
|upkeep
|turn|2
|
|t:|1779821767
|move|p1a: Metagross|Heavy Slam|p2a: Ribombee
|-supereffective|p2a: Ribombee
|-damage|p2a: Ribombee|0 fnt
|faint|p2a: Ribombee
|
|upkeep
|inactive|kapibara13 has 120 seconds left.
|
|t:|1779821799
|switch|p2a: Iron Moth|Iron Moth, shiny|100/100
|-enditem|p2a: Iron Moth|Booster Energy
|-activate|p2a: Iron Moth|ability: Quark Drive|[fromitem]
|-start|p2a: Iron Moth|quarkdrivespe
|turn|3
|
|t:|1779821813
|switch|p1a: Keldeo|Keldeo-Resolute|100/100
|-activate|p1a: Keldeo|move: Sticky Web
|-unboost|p1a: Keldeo|spe|1
|move|p2a: Iron Moth|Fiery Dance|p1a: Keldeo
|-resisted|p1a: Keldeo
|-damage|p1a: Keldeo|76/100
|-boost|p2a: Iron Moth|spa|1
|
|upkeep
|turn|4
|inactive|kapibara13 has 120 seconds left.
|
|t:|1779821841
|move|p2a: Iron Moth|Energy Ball|p1a: Keldeo
|-supereffective|p1a: Keldeo
|-damage|p1a: Keldeo|0 fnt
|faint|p1a: Keldeo
|
|upkeep
|
|t:|1779821857
|switch|p1a: Donphan|Donphan, M|100/100
|-activate|p1a: Donphan|move: Sticky Web
|-unboost|p1a: Donphan|spe|1
|turn|5
|
|t:|1779821862
|-terastallize|p1a: Donphan|Ghost
|move|p2a: Iron Moth|Energy Ball|p1a: Donphan
|-damage|p1a: Donphan|45/100
|move|p1a: Donphan|Earthquake|p2a: Iron Moth
|-supereffective|p2a: Iron Moth
|-damage|p2a: Iron Moth|0 fnt
|faint|p2a: Iron Moth
|-end|p2a: Iron Moth|Quark Drive|[silent]
|
|-heal|p1a: Donphan|51/100|[from] item: Leftovers
|upkeep
|
|t:|1779821875
|switch|p2a: Dragapult|Dragapult, M, shiny|100/100
|turn|6
|
|t:|1779821897
|switch|p1a: Conkeldurr|Conkeldurr, F|100/100
|-activate|p1a: Conkeldurr|move: Sticky Web
|-unboost|p1a: Conkeldurr|spe|1
|move|p2a: Dragapult|Shadow Ball|p1a: Conkeldurr
|-damage|p1a: Conkeldurr|71/100
|-damage|p2a: Dragapult|91/100|[from] item: Life Orb
|
|upkeep
|turn|7
|inactive|kapibara13 has 120 seconds left.
|
|t:|1779821909
|move|p2a: Dragapult|Draco Meteor|p1a: Conkeldurr
|-damage|p1a: Conkeldurr|23/100
|-unboost|p2a: Dragapult|spa|2
|-damage|p2a: Dragapult|81/100|[from] item: Life Orb
|move|p1a: Conkeldurr|Earthquake|p2a: Dragapult
|-damage|p2a: Dragapult|18/100
|
|upkeep
|turn|8
|
|t:|1779821921
|switch|p1a: Hydrapple|Hydrapple, F|100/100
|move|p2a: Dragapult|Dragon Darts|p1a: Hydrapple
|-supereffective|p1a: Hydrapple
|-damage|p1a: Hydrapple|64/100
|-anim|p2a: Dragapult|Dragon Darts|p1a: Hydrapple
|-supereffective|p1a: Hydrapple
|-damage|p1a: Hydrapple|28/100
|-damage|p2a: Dragapult|9/100|[from] item: Life Orb
|
|upkeep
|turn|9
|
|t:|1779821929
|switch|p1a: Donphan|Donphan, M, tera:Ghost|51/100
|-activate|p1a: Donphan|move: Sticky Web
|-unboost|p1a: Donphan|spe|1
|move|p2a: Dragapult|Dragon Darts|p1a: Donphan
|-damage|p1a: Donphan|35/100
|-anim|p2a: Dragapult|Dragon Darts|p1a: Donphan
|-damage|p1a: Donphan|20/100
|-damage|p2a: Dragapult|0 fnt|[from] item: Life Orb
|faint|p2a: Dragapult
|
|-heal|p1a: Donphan|27/100|[from] item: Leftovers
|upkeep
|inactive|kapibara13 has 120 seconds left.
|
|t:|1779821967
|switch|p2a: Great Tusk|Great Tusk, shiny|100/100
|-enditem|p2a: Great Tusk|Booster Energy
|-activate|p2a: Great Tusk|ability: Protosynthesis|[fromitem]
|-start|p2a: Great Tusk|protosynthesisspe
|turn|10
|inactive|Chiloo Plays has 120 seconds left.
|
|t:|1779822003
|move|p2a: Great Tusk|Ice Spinner|p1a: Donphan
|-damage|p1a: Donphan|14/100
|move|p1a: Donphan|Ice Spinner|p2a: Great Tusk
|-supereffective|p2a: Great Tusk
|-damage|p2a: Great Tusk|75/100
|
|-heal|p1a: Donphan|20/100|[from] item: Leftovers
|upkeep
|turn|11
|inactive|Chiloo Plays has 120 seconds left.
|
|t:|1779822011
|move|p2a: Great Tusk|Ice Spinner|p1a: Donphan
|-damage|p1a: Donphan|6/100
|move|p1a: Donphan|Stealth Rock|p2a: Great Tusk
|-sidestart|p2: kapibara13|move: Stealth Rock
|
|-heal|p1a: Donphan|12/100|[from] item: Leftovers
|upkeep
|turn|12
|inactive|Chiloo Plays has 120 seconds left.
|
|t:|1779822025
|switch|p1a: Metagross|Metagross|100/100
|-activate|p1a: Metagross|move: Sticky Web
|-fail|p1a: Metagross|unboost|[from] ability: Clear Body|[of] p1a: Metagross
|move|p2a: Great Tusk|Ice Spinner|p1a: Metagross
|-resisted|p1a: Metagross
|-damage|p1a: Metagross|91/100
|
|upkeep
|turn|13
|
|t:|1779822031
|move|p2a: Great Tusk|Headlong Rush|p1a: Metagross
|-supereffective|p1a: Metagross
|-damage|p1a: Metagross|1/100
|-unboost|p2a: Great Tusk|def|1
|-unboost|p2a: Great Tusk|spd|1
|move|p1a: Metagross|Trick|p2a: Great Tusk
|-activate|p1a: Metagross|move: Trick|[of] p2a: Great Tusk
|-item|p2a: Great Tusk|Choice Scarf|[from] move: Trick
|-enditem|p1a: Metagross|Choice Scarf|[silent]|[from] move: Trick
|
|upkeep
|turn|14
|
|t:|1779822042
|switch|p1a: Thundurus|Thundurus, M|100/100
|move|p2a: Great Tusk|Rapid Spin|p1a: Thundurus
|-damage|p1a: Thundurus|77/100
|-boost|p2a: Great Tusk|spe|1
|-sideend|p2: kapibara13|Stealth Rock|[from] move: Rapid Spin|[of] p2a: Great Tusk
|
|upkeep
|turn|15
|
|t:|1779822057
|-end|p2a: Great Tusk|Protosynthesis|[silent]
|switch|p2a: Kyurem|Kyurem, shiny|100/100
|-ability|p2a: Kyurem|Pressure
|move|p1a: Thundurus|Focus Blast|p2a: Kyurem|[miss]
|-miss|p1a: Thundurus|p2a: Kyurem
|
|upkeep
|turn|16
|
|t:|1779822080
|-terastallize|p2a: Kyurem|Water
|move|p1a: Thundurus|Focus Blast|p2a: Kyurem
|-damage|p2a: Kyurem|65/100
|-unboost|p2a: Kyurem|spd|1
|move|p2a: Kyurem|Freeze-Dry|p1a: Thundurus
|-supereffective|p1a: Thundurus
|-damage|p1a: Thundurus|0 fnt
|faint|p1a: Thundurus
|
|-heal|p2a: Kyurem|71/100|[from] item: Leftovers
|upkeep
|
|t:|1779822095
|switch|p1a: Conkeldurr|Conkeldurr, F|23/100
|-activate|p1a: Conkeldurr|move: Sticky Web
|-unboost|p1a: Conkeldurr|spe|1
|turn|17
|
|t:|1779822101
|move|p1a: Conkeldurr|Mach Punch|p2a: Kyurem
|-damage|p2a: Kyurem|47/100
|move|p2a: Kyurem|Freeze-Dry|p1a: Conkeldurr
|-damage|p1a: Conkeldurr|0 fnt
|faint|p1a: Conkeldurr
|
|-heal|p2a: Kyurem|53/100|[from] item: Leftovers
|upkeep
|
|t:|1779822105
|switch|p1a: Metagross|Metagross|1/100
|-activate|p1a: Metagross|move: Sticky Web
|-fail|p1a: Metagross|unboost|[from] ability: Clear Body|[of] p1a: Metagross
|turn|18
|
|t:|1779822113
|switch|p2a: Great Tusk|Great Tusk, shiny|75/100
|move|p1a: Metagross|Earthquake|p2a: Great Tusk
|-damage|p2a: Great Tusk|52/100
|
|upkeep
|turn|19
|
|t:|1779822121
|switch|p1a: Hydrapple|Hydrapple, F|62/100
|move|p2a: Great Tusk|Ice Spinner|p1a: Hydrapple
|-supereffective|p1a: Hydrapple
|-damage|p1a: Hydrapple|0 fnt
|faint|p1a: Hydrapple
|
|upkeep
|
|t:|1779822144
|switch|p1a: Metagross|Metagross|1/100
|-activate|p1a: Metagross|move: Sticky Web
|-fail|p1a: Metagross|unboost|[from] ability: Clear Body|[of] p1a: Metagross
|turn|20
|
|t:|1779822153
|move|p2a: Great Tusk|Ice Spinner|p1a: Metagross
|-resisted|p1a: Metagross
|-damage|p1a: Metagross|0 fnt
|faint|p1a: Metagross
|
|upkeep
|-message|Chiloo Plays forfeited.
|
|win|kapibara13
|raw|Chiloo Plays's rating: 1204 &rarr; <strong>1178</strong><br />(-26 for losing)
|raw|kapibara13's rating: 1194 &rarr; <strong>1220</strong><br />(+26 for winning)
|l|☆Chiloo Plays
|player|p1|
|l|‽kapibara13
|player|p2|
