|j|☆whyguns?
|j|☆ElMasManzano
|t:|1779897608
|gametype|singles
|player|p1|whyguns?|skierf|1280
|player|p2|ElMasManzano|grimsley|1235
|gen|9
|tier|[Gen 9] OU
|rated|
|rule|HP Percentage Mod: HP is shown in percentages
|rule|Endless Battle Clause: Forcing endless battles is banned
|rule|Species Clause: Limit one of each Pokémon
|rule|OHKO Clause: OHKO moves are banned
|rule|Evasion Items Clause: Evasion items are banned
|rule|Evasion Moves Clause: Evasion moves are banned
|rule|Evasion Abilities Clause: Evasion abilities are banned
|rule|Sleep Moves Clause: Sleep-inducing moves are banned
|clearpoke
|poke|p1|Samurott-Hisui, M|
|poke|p1|Haxorus, M|
|poke|p1|Gholdengo|
|poke|p1|Garchomp, F|
|poke|p1|Mandibuzz, F|
|poke|p1|Primarina, F|
|poke|p2|Avalugg, F|
|poke|p2|Ninetales-Alola, M|
|poke|p2|Chandelure, M|
|poke|p2|Corviknight, F|
|poke|p2|Chansey, F|
|poke|p2|Krookodile, F|
|teampreview
|
|t:|1779897619
|teamsize|p1|6
|teamsize|p2|6
|start
|switch|p1a: Gholdengo|Gholdengo|100/100
|switch|p2a: Ninetales|Ninetales-Alola, M|100/100
|-weather|Snowscape|[from] ability: Snow Warning|[of] p2a: Ninetales
|turn|1
|
|t:|1779897625
|-terastallize|p2a: Ninetales|Poison
|move|p1a: Gholdengo|Make It Rain|p2a: Ninetales
|-damage|p2a: Ninetales|24/100
|-unboost|p1a: Gholdengo|spa|1
|move|p2a: Ninetales|Aurora Veil|p2a: Ninetales
|-sidestart|p2: ElMasManzano|move: Aurora Veil
|
|-weather|Snowscape|[upkeep]
|upkeep
|turn|2
|
|t:|1779897633
|move|p1a: Gholdengo|Make It Rain|p2a: Ninetales
|-damage|p2a: Ninetales|0 fnt
|-unboost|p1a: Gholdengo|spa|1
|faint|p2a: Ninetales
|
|-weather|Snowscape|[upkeep]
|upkeep
|
|t:|1779897638
|switch|p2a: Chandelure|Chandelure, M|100/100
|turn|3
|
|t:|1779897641
|switch|p1a: Garchomp|Garchomp, F|100/100
|move|p2a: Chandelure|Shadow Ball|p1a: Garchomp
|-damage|p1a: Garchomp|57/100
|
|-weather|Snowscape|[upkeep]
|upkeep
|turn|4
|
|t:|1779897651
|switch|p2a: Corviknight|Corviknight, F|100/100
|-ability|p2a: Corviknight|Pressure
|move|p1a: Garchomp|Earthquake|p2a: Corviknight
|-immune|p2a: Corviknight
|
|-weather|Snowscape|[upkeep]
|upkeep
|turn|5
|
|t:|1779897659
|switch|p2a: Avalugg|Avalugg, F|100/100
|move|p1a: Garchomp|Stealth Rock|p2a: Avalugg
|-sidestart|p2: ElMasManzano|move: Stealth Rock
|
|-weather|none
|-sideend|p2: ElMasManzano|move: Aurora Veil
|upkeep
|turn|6
|
|t:|1779897668
|switch|p1a: Gholdengo|Gholdengo|100/100
|move|p2a: Avalugg|Avalanche|p1a: Gholdengo
|-resisted|p1a: Gholdengo
|-crit|p1a: Gholdengo
|-damage|p1a: Gholdengo|74/100
|
|upkeep
|turn|7
|
|t:|1779897676
|switch|p2a: Chansey|Chansey, F|100/100
|-damage|p2a: Chansey|88/100|[from] Stealth Rock
|move|p1a: Gholdengo|Make It Rain|p2a: Chansey
|-damage|p2a: Chansey|73/100
|-unboost|p1a: Gholdengo|spa|1
|
|upkeep
|turn|8
|
|t:|1779897691
|switch|p1a: Haxorus|Haxorus, M|100/100
|-ability|p1a: Haxorus|Mold Breaker
|switch|p2a: Corviknight|Corviknight, F|100/100
|-damage|p2a: Corviknight|88/100|[from] Stealth Rock
|-ability|p2a: Corviknight|Pressure
|
|-heal|p2a: Corviknight|94/100|[from] item: Leftovers
|upkeep
|turn|9
|
|t:|1779897703
|switch|p1a: Primarina|Primarina, F|100/100
|move|p2a: Corviknight|Defog|p1a: Primarina
|-unboost|p1a: Primarina|evasion|1
|-sideend|p2: ElMasManzano|Stealth Rock|[from] move: Defog|[of] p2a: Corviknight
|
|-heal|p2a: Corviknight|100/100|[from] item: Leftovers
|upkeep
|turn|10
|
|t:|1779897709
|move|p1a: Primarina|Psychic Noise|p2a: Corviknight
|-damage|p2a: Corviknight|58/100
|-start|p2a: Corviknight|move: Heal Block
|move|p2a: Corviknight|Iron Defense|p2a: Corviknight
|-boost|p2a: Corviknight|def|2
|
|upkeep
|turn|11
|
|t:|1779897715
|switch|p2a: Chansey|Chansey, F|73/100
|move|p1a: Primarina|Psychic Noise|p2a: Chansey
|-damage|p2a: Chansey|63/100
|-start|p2a: Chansey|move: Heal Block
|
|upkeep
|turn|12
|
|t:|1779897720
|move|p1a: Primarina|Flip Turn|p2a: Chansey
|-damage|p2a: Chansey|37/100
|
|t:|1779897722
|switch|p1a: Garchomp|Garchomp, F|57/100|[from] Flip Turn
|move|p2a: Chansey|Thunder Wave|p1a: Garchomp
|-immune|p1a: Garchomp
|
|-end|p2a: Chansey|move: Heal Block
|upkeep
|turn|13
|
|t:|1779897729
|switch|p2a: Corviknight|Corviknight, F|58/100
|-ability|p2a: Corviknight|Pressure
|move|p1a: Garchomp|Dragon Tail|p2a: Corviknight|[miss]
|-miss|p1a: Garchomp|p2a: Corviknight
|
|-heal|p2a: Corviknight|65/100|[from] item: Leftovers
|upkeep
|turn|14
|
|t:|1779897736
|move|p2a: Corviknight|Roost|p2a: Corviknight
|-heal|p2a: Corviknight|100/100
|-singleturn|p2a: Corviknight|move: Roost
|move|p1a: Garchomp|Dragon Tail|p2a: Corviknight
|-resisted|p2a: Corviknight
|-crit|p2a: Corviknight
|-damage|p2a: Corviknight|88/100
|drag|p2a: Chandelure|Chandelure, M|100/100
|
|upkeep
|turn|15
|
|t:|1779897745
|move|p2a: Chandelure|Shadow Ball|p1a: Garchomp
|-damage|p1a: Garchomp|13/100
|move|p1a: Garchomp|Earthquake|p2a: Chandelure
|-supereffective|p2a: Chandelure
|-damage|p2a: Chandelure|0 fnt
|faint|p2a: Chandelure
|
|upkeep
|
|t:|1779897750
|switch|p2a: Krookodile|Krookodile, F|100/100
|-ability|p2a: Krookodile|Intimidate|boost
|-unboost|p1a: Garchomp|atk|1
|turn|16
|
|t:|1779897756
|move|p2a: Krookodile|Earthquake|p1a: Garchomp
|-damage|p1a: Garchomp|0 fnt
|faint|p1a: Garchomp
|
|upkeep
|
|t:|1779897759
|switch|p1a: Samurott|Samurott-Hisui, M|100/100
|turn|17
|
|t:|1779897764
|switch|p2a: Corviknight|Corviknight, F|88/100
|-ability|p2a: Corviknight|Pressure
|switch|p1a: Gholdengo|Gholdengo|74/100
|
|-heal|p2a: Corviknight|95/100|[from] item: Leftovers
|upkeep
|turn|18
|
|t:|1779897775
|switch|p2a: Chansey|Chansey, F|37/100
|move|p1a: Gholdengo|Shadow Ball|p2a: Chansey
|-immune|p2a: Chansey
|
|upkeep
|turn|19
|
|t:|1779897783
|switch|p1a: Mandibuzz|Mandibuzz, F|100/100
|move|p2a: Chansey|Soft-Boiled|p2a: Chansey
|-heal|p2a: Chansey|87/100
|
|upkeep
|turn|20
|
|t:|1779897785
|move|p1a: Mandibuzz|Knock Off|p2a: Chansey
|-damage|p2a: Chansey|40/100
|-enditem|p2a: Chansey|Eviolite|[from] move: Knock Off|[of] p1a: Mandibuzz
|move|p2a: Chansey|Thunder Wave|p1a: Mandibuzz
|-status|p1a: Mandibuzz|par
|
|upkeep
|turn|21
|
|t:|1779897793
|move|p2a: Chansey|Seismic Toss|p1a: Mandibuzz
|-damage|p1a: Mandibuzz|77/100 par
|move|p1a: Mandibuzz|Knock Off|p2a: Chansey
|-damage|p2a: Chansey|0 fnt
|faint|p2a: Chansey
|
|upkeep
|
|t:|1779897800
|switch|p2a: Avalugg|Avalugg, F|100/100
|turn|22
|
|t:|1779897803
|move|p1a: Mandibuzz|U-turn|p2a: Avalugg
|-damage|p2a: Avalugg|93/100
|
|t:|1779897806
|switch|p1a: Gholdengo|Gholdengo|74/100|[from] U-turn
|move|p2a: Avalugg|Avalanche|p1a: Gholdengo
|-resisted|p1a: Gholdengo
|-damage|p1a: Gholdengo|56/100
|
|-heal|p2a: Avalugg|99/100|[from] item: Leftovers
|upkeep
|turn|23
|
|t:|1779897816
|switch|p2a: Krookodile|Krookodile, F|100/100
|-ability|p2a: Krookodile|Intimidate|boost
|-unboost|p1a: Gholdengo|atk|1
|move|p1a: Gholdengo|Trick|p2a: Krookodile
|-activate|p1a: Gholdengo|move: Trick|[of] p2a: Krookodile
|-item|p2a: Krookodile|Choice Scarf|[from] move: Trick
|-item|p1a: Gholdengo|Choice Band|[from] move: Trick
|
|upkeep
|turn|24
|
|t:|1779897831
|switch|p1a: Mandibuzz|Mandibuzz, F|77/100 par
|move|p2a: Krookodile|Stone Edge|p1a: Mandibuzz
|-supereffective|p1a: Mandibuzz
|-damage|p1a: Mandibuzz|37/100 par
|
|upkeep
|turn|25
|
|t:|1779897837
|move|p2a: Krookodile|Stone Edge|p1a: Mandibuzz
|-supereffective|p1a: Mandibuzz
|-damage|p1a: Mandibuzz|0 fnt
|faint|p1a: Mandibuzz
|
|upkeep
|
|t:|1779897840
|switch|p1a: Primarina|Primarina, F|100/100
|turn|26
|
|t:|1779897844
|switch|p2a: Corviknight|Corviknight, F|95/100
|-ability|p2a: Corviknight|Pressure
|move|p1a: Primarina|Psychic Noise|p2a: Corviknight
|-damage|p2a: Corviknight|53/100
|-start|p2a: Corviknight|move: Heal Block
|
|upkeep
|turn|27
|
|t:|1779897850
|move|p1a: Primarina|Psychic Noise|p2a: Corviknight
|-damage|p2a: Corviknight|14/100
|move|p2a: Corviknight|Body Press|p1a: Primarina
|-resisted|p1a: Primarina
|-damage|p1a: Primarina|82/100
|
|-end|p2a: Corviknight|move: Heal Block
|upkeep
|turn|28
|
|t:|1779897859
|move|p1a: Primarina|Psychic Noise|p2a: Corviknight
|-damage|p2a: Corviknight|0 fnt
|faint|p2a: Corviknight
|
|upkeep
|
|t:|1779897862
|switch|p2a: Avalugg|Avalugg, F|99/100
|turn|29
|
|t:|1779897872
|move|p1a: Primarina|Psychic Noise|p2a: Avalugg
|-damage|p2a: Avalugg|34/100
|-start|p2a: Avalugg|move: Heal Block
|move|p2a: Avalugg|Gyro Ball|p1a: Primarina
|-crit|p1a: Primarina
|-damage|p1a: Primarina|12/100
|
|upkeep
|turn|30
|
|t:|1779897880
|switch|p2a: Krookodile|Krookodile, F|100/100
|-ability|p2a: Krookodile|Intimidate|boost
|-unboost|p1a: Primarina|atk|1
|move|p1a: Primarina|Psychic Noise|p2a: Krookodile
|-supereffective|p2a: Krookodile
|-damage|p2a: Krookodile|0 fnt
|faint|p2a: Krookodile
|
|upkeep
|
|t:|1779897891
|switch|p2a: Avalugg|Avalugg, F|34/100
|turn|31
|-message|ElMasManzano forfeited.
|
|win|whyguns?
|raw|whyguns?'s rating: 1280 &rarr; <strong>1302</strong><br />(+22 for winning)
|raw|ElMasManzano's rating: 1235 &rarr; <strong>1213</strong><br />(-22 for losing)
|l|☆ElMasManzano
|player|p2|
|l|☆whyguns?
|player|p1|
