|j|☆fregene97
|j|☆Ralphlala
|t:|1779811695
|gametype|singles
|player|p1|fregene97|169|1261
|player|p2|Ralphlala|hoopster|1215
|gen|9
|tier|[Gen 9] OU
|rated|
|rule|HP Percentage Mod: HP is shown in percentages
|rule|Endless Battle Clause: Forcing endless battles is banned
|rule|Species Clause: Limit one of each Pokémon
|rule|OHKO Clause: OHKO moves are banned
|rule|Evasion Items Clause: Evasion items are banned
|rule|Evasion Moves Clause: Evasion moves are banned
|rule|Evasion Abilities Clause: Evasion abilities are banned
|rule|Sleep Moves Clause: Sleep-inducing moves are banned
|clearpoke
|poke|p1|Zangoose, M|
|poke|p1|Haxorus, M|
|poke|p1|Ogerpon-Cornerstone, F|
|poke|p1|Iron Moth|
|poke|p1|Greninja-*, M|
|poke|p1|Hoopa-Unbound|
|poke|p2|Forretress, M|
|poke|p2|Gengar, M|
|poke|p2|Garchomp, M|
|poke|p2|Cloyster, M|
|poke|p2|Iron Treads|
|poke|p2|Iron Moth|
|teampreview
|inactive|Battle timer is ON: inactive players will automatically lose when time's up. (requested by Ralphlala)
|
|t:|1779811705
|teamsize|p1|6
|teamsize|p2|6
|start
|switch|p1a: Iron Moth|Iron Moth|100/100
|switch|p2a: Bye-Bye|Forretress, M|100/100
|-enditem|p1a: Iron Moth|Booster Energy
|-activate|p1a: Iron Moth|ability: Quark Drive|[fromitem]
|-start|p1a: Iron Moth|quarkdrivespe
|turn|1
|
|t:|1779811717
|move|p1a: Iron Moth|Fiery Dance|p2a: Bye-Bye
|-supereffective|p2a: Bye-Bye
|-ability|p2a: Bye-Bye|Sturdy
|-damage|p2a: Bye-Bye|1/100
|-enditem|p2a: Bye-Bye|Red Card|[of] p1a: Iron Moth
|-end|p1a: Iron Moth|Quark Drive|[silent]
|drag|p1a: Ogerpon|Ogerpon-Cornerstone, F|100/100
|move|p2a: Bye-Bye|Stealth Rock|p1a: Ogerpon
|-sidestart|p1: fregene97|move: Stealth Rock
|
|upkeep
|turn|2
|
|t:|1779811733
|move|p1a: Ogerpon|Ivy Cudgel|p2a: Bye-Bye|[anim] Ivy Cudgel Rock
|-damage|p2a: Bye-Bye|0 fnt
|faint|p2a: Bye-Bye
|
|upkeep
|
|t:|1779811748
|switch|p2a: Charlotte's Web|Iron Moth, shiny|100/100
|-enditem|p2a: Charlotte's Web|Booster Energy
|-activate|p2a: Charlotte's Web|ability: Quark Drive|[fromitem]
|-start|p2a: Charlotte's Web|quarkdrivespe
|turn|3
|
|t:|1779811757
|move|p2a: Charlotte's Web|Fiery Dance|p1a: Ogerpon
|-damage|p1a: Ogerpon|50/100
|-boost|p2a: Charlotte's Web|spa|1
|move|p1a: Ogerpon|Ivy Cudgel|p2a: Charlotte's Web|[anim] Ivy Cudgel Rock
|-supereffective|p2a: Charlotte's Web
|-damage|p2a: Charlotte's Web|0 fnt
|faint|p2a: Charlotte's Web
|-end|p2a: Charlotte's Web|Quark Drive|[silent]
|
|upkeep
|
|t:|1779811771
|switch|p2a: Silver Dumbo|Iron Treads|100/100
|-enditem|p2a: Silver Dumbo|Booster Energy
|-activate|p2a: Silver Dumbo|ability: Quark Drive|[fromitem]
|-start|p2a: Silver Dumbo|quarkdrivespe
|turn|4
|
|t:|1779811778
|move|p2a: Silver Dumbo|Ice Spinner|p1a: Ogerpon
|-supereffective|p1a: Ogerpon
|-damage|p1a: Ogerpon|0 fnt
|faint|p1a: Ogerpon
|
|upkeep
|
|t:|1779811782
|switch|p1a: Zangoose|Zangoose, M|100/100
|-damage|p1a: Zangoose|88/100|[from] Stealth Rock
|turn|5
|
|t:|1779811788
|-terastallize|p1a: Zangoose|Normal
|move|p2a: Silver Dumbo|Knock Off|p1a: Zangoose
|-damage|p1a: Zangoose|30/100
|-enditem|p1a: Zangoose|Choice Scarf|[from] move: Knock Off|[of] p2a: Silver Dumbo
|move|p1a: Zangoose|Final Gambit|p2a: Silver Dumbo
|-damage|p2a: Silver Dumbo|74/100
|faint|p1a: Zangoose
|
|upkeep
|
|t:|1779811794
|switch|p1a: Greninja|Greninja, M|100/100
|-damage|p1a: Greninja|88/100|[from] Stealth Rock
|turn|6
|
|t:|1779811805
|move|p2a: Silver Dumbo|Knock Off|p1a: Greninja
|-resisted|p1a: Greninja
|-damage|p1a: Greninja|63/100
|-enditem|p1a: Greninja|Life Orb|[from] move: Knock Off|[of] p2a: Silver Dumbo
|move|p1a: Greninja|Hydro Pump|p2a: Silver Dumbo|[miss]
|-miss|p1a: Greninja|p2a: Silver Dumbo
|
|upkeep
|turn|7
|
|t:|1779811812
|move|p2a: Silver Dumbo|Earthquake|p1a: Greninja
|-damage|p1a: Greninja|0 fnt
|faint|p1a: Greninja
|
|upkeep
|
|t:|1779811820
|switch|p1a: Iron Moth|Iron Moth|100/100
|-damage|p1a: Iron Moth|76/100|[from] Stealth Rock
|turn|8
|
|t:|1779811826
|move|p2a: Silver Dumbo|Knock Off|p1a: Iron Moth
|-damage|p1a: Iron Moth|46/100
|move|p1a: Iron Moth|Fiery Dance|p2a: Silver Dumbo
|-supereffective|p2a: Silver Dumbo
|-damage|p2a: Silver Dumbo|0 fnt
|-boost|p1a: Iron Moth|spa|1
|faint|p2a: Silver Dumbo
|-end|p2a: Silver Dumbo|Quark Drive|[silent]
|
|upkeep
|
|t:|1779811851
|switch|p2a: Poseidon|Cloyster, M, shiny|100/100
|turn|9
|
|t:|1779811860
|-terastallize|p2a: Poseidon|Water
|move|p1a: Iron Moth|Sludge Wave|p2a: Poseidon
|-damage|p2a: Poseidon|0 fnt
|faint|p2a: Poseidon
|
|upkeep
|
|t:|1779811867
|switch|p2a: Devil|Gengar, M, shiny|100/100
|turn|10
|
|t:|1779811897
|move|p2a: Devil|Shadow Ball|p1a: Iron Moth
|-damage|p1a: Iron Moth|5/100
|-unboost|p1a: Iron Moth|spd|1
|move|p1a: Iron Moth|Fiery Dance|p2a: Devil
|-damage|p2a: Devil|1/100
|-boost|p1a: Iron Moth|spa|1
|-start|p1a: Iron Moth|Disable|Fiery Dance|[from] ability: Cursed Body|[of] p2a: Devil
|
|upkeep
|turn|11
|
|t:|1779811908
|move|p1a: Iron Moth|Sludge Wave|p2a: Devil
|-resisted|p2a: Devil
|-damage|p2a: Devil|0 fnt
|faint|p2a: Devil
|
|upkeep
|
|t:|1779811913
|switch|p2a: Dranzer|Garchomp, M, shiny|100/100
|turn|12
|
|t:|1779811924
|move|p1a: Iron Moth|Dazzling Gleam|p2a: Dranzer
|-supereffective|p2a: Dranzer
|-damage|p2a: Dranzer|0 fnt
|faint|p2a: Dranzer
|
|win|fregene97
|raw|fregene97's rating: 1236 &rarr; <strong>1259</strong><br />(+23 for winning)
|raw|Ralphlala's rating: 1215 &rarr; <strong>1192</strong><br />(-23 for losing)
|l|☆fregene97
|player|p1|
|c|☆Ralphlala|gg
|l|☆Ralphlala
|player|p2|
