|j|☆j'essaie
|j|☆Kakimori
|t:|1779955032
|gametype|singles
|player|p1|j'essaie|rosa|1341
|player|p2|Kakimori|2|1386
|gen|9
|tier|[Gen 9] OU
|rated|
|rule|HP Percentage Mod: HP is shown in percentages
|rule|Endless Battle Clause: Forcing endless battles is banned
|rule|Species Clause: Limit one of each Pokémon
|rule|OHKO Clause: OHKO moves are banned
|rule|Evasion Items Clause: Evasion items are banned
|rule|Evasion Moves Clause: Evasion moves are banned
|rule|Evasion Abilities Clause: Evasion abilities are banned
|rule|Sleep Moves Clause: Sleep-inducing moves are banned
|clearpoke
|poke|p1|Great Tusk|
|poke|p1|Tornadus-Therian, M|
|poke|p1|Ogerpon-Wellspring, F|
|poke|p1|Samurott-Hisui, M|
|poke|p1|Gholdengo|
|poke|p1|Kingambit, F|
|poke|p2|Skeledirge, F|
|poke|p2|Mandibuzz, F|
|poke|p2|Gliscor, M|
|poke|p2|Milotic, F|
|poke|p2|Conkeldurr, M|
|poke|p2|Tinkaton, F|
|teampreview
|
|t:|1779955042
|teamsize|p1|6
|teamsize|p2|6
|start
|switch|p1a: Samurott|Samurott-Hisui, M|100/100
|switch|p2a: Mandibuzz|Mandibuzz, F|100/100
|turn|1
|
|t:|1779955053
|move|p1a: Samurott|Flip Turn|p2a: Mandibuzz
|-damage|p2a: Mandibuzz|86/100
|-damage|p1a: Samurott|84/100|[from] item: Rocky Helmet|[of] p2a: Mandibuzz
|
|t:|1779955060
|switch|p1a: Tornadus|Tornadus-Therian, M|100/100|[from] Flip Turn
|move|p2a: Mandibuzz|Toxic|p1a: Tornadus
|-status|p1a: Tornadus|tox
|
|-damage|p1a: Tornadus|94/100 tox|[from] psn
|upkeep
|turn|2
|inactive|Battle timer is ON: inactive players will automatically lose when time's up. (requested by Kakimori)
|
|t:|1779955068
|switch|p2a: Tinkaton|Tinkaton, F|100/100
|move|p1a: Tornadus|Bleakwind Storm|p2a: Tinkaton
|-resisted|p2a: Tinkaton
|-damage|p2a: Tinkaton|84/100
|
|-heal|p2a: Tinkaton|90/100|[from] item: Leftovers
|-damage|p1a: Tornadus|82/100 tox|[from] psn
|upkeep
|turn|3
|
|t:|1779955078
|move|p1a: Tornadus|U-turn|p2a: Tinkaton
|-resisted|p2a: Tinkaton
|-damage|p2a: Tinkaton|86/100
|
|t:|1779955086
|switch|p1a: Great Tusk|Great Tusk|100/100|[from] U-turn
|move|p2a: Tinkaton|Stealth Rock|p1a: Great Tusk
|-sidestart|p1: j'essaie|move: Stealth Rock
|
|-heal|p2a: Tinkaton|92/100|[from] item: Leftovers
|upkeep
|turn|4
|inactive|j'essaie has 120 seconds left.
|
|t:|1779955127
|switch|p2a: Skeledirge|Skeledirge, F|100/100
|move|p1a: Great Tusk|Ice Spinner|p2a: Skeledirge
|-resisted|p2a: Skeledirge
|-damage|p2a: Skeledirge|89/100
|
|-heal|p2a: Skeledirge|95/100|[from] item: Leftovers
|upkeep
|turn|5
|
|t:|1779955139
|-end|p1a: Great Tusk|Protosynthesis|[silent]
|switch|p1a: Samurott|Samurott-Hisui, M|84/100
|-damage|p1a: Samurott|72/100|[from] Stealth Rock
|-terastallize|p2a: Skeledirge|Fairy
|move|p2a: Skeledirge|Will-O-Wisp|p1a: Samurott
|-status|p1a: Samurott|brn
|
|-heal|p2a: Skeledirge|100/100|[from] item: Leftovers
|-damage|p1a: Samurott|66/100 brn|[from] brn
|upkeep
|turn|6
|inactive|j'essaie has 120 seconds left.
|
|t:|1779955155
|move|p1a: Samurott|Ceaseless Edge|p2a: Skeledirge
|-resisted|p2a: Skeledirge
|-damage|p2a: Skeledirge|91/100
|-sidestart|p2: Kakimori|Spikes
|move|p2a: Skeledirge|Torch Song|p1a: Samurott
|-resisted|p1a: Samurott
|-damage|p1a: Samurott|43/100 brn
|-boost|p2a: Skeledirge|spa|1
|
|-heal|p2a: Skeledirge|97/100|[from] item: Leftovers
|-damage|p1a: Samurott|37/100 brn|[from] brn
|upkeep
|turn|7
|
|t:|1779955166
|move|p1a: Samurott|Ceaseless Edge|p2a: Skeledirge
|-resisted|p2a: Skeledirge
|-damage|p2a: Skeledirge|89/100
|-sidestart|p2: Kakimori|Spikes
|move|p2a: Skeledirge|Torch Song|p1a: Samurott
|-resisted|p1a: Samurott
|-damage|p1a: Samurott|4/100 brn
|-boost|p2a: Skeledirge|spa|1
|
|-heal|p2a: Skeledirge|95/100|[from] item: Leftovers
|-damage|p1a: Samurott|0 fnt|[from] brn
|faint|p1a: Samurott
|upkeep
|
|t:|1779955180
|switch|p1a: Gholdengo|Gholdengo|100/100
|-damage|p1a: Gholdengo|94/100|[from] Stealth Rock
|-item|p1a: Gholdengo|Air Balloon
|turn|8
|
|t:|1779955194
|move|p1a: Gholdengo|Make It Rain|p2a: Skeledirge
|-supereffective|p2a: Skeledirge
|-damage|p2a: Skeledirge|16/100
|-unboost|p1a: Gholdengo|spa|1
|move|p2a: Skeledirge|Shadow Ball|p1a: Gholdengo
|-supereffective|p1a: Gholdengo
|-damage|p1a: Gholdengo|0 fnt
|-enditem|p1a: Gholdengo|Air Balloon
|faint|p1a: Gholdengo
|
|-heal|p2a: Skeledirge|22/100|[from] item: Leftovers
|upkeep
|
|t:|1779955205
|switch|p1a: Great Tusk|Great Tusk|100/100
|-damage|p1a: Great Tusk|98/100|[from] Stealth Rock
|turn|9
|
|t:|1779955216
|switch|p2a: Mandibuzz|Mandibuzz, F|86/100
|move|p1a: Great Tusk|Earthquake|p2a: Mandibuzz
|-immune|p2a: Mandibuzz
|
|-heal|p1a: Great Tusk|100/100|[from] item: Leftovers
|upkeep
|turn|10
|inactive|j'essaie has 120 seconds left.
|
|t:|1779955228
|-end|p1a: Great Tusk|Protosynthesis|[silent]
|switch|p1a: Tornadus|Tornadus-Therian, M|100/100 tox
|move|p2a: Mandibuzz|Defog|p1a: Tornadus
|-unboost|p1a: Tornadus|evasion|1
|-sideend|p1: j'essaie|Stealth Rock|[from] move: Defog|[of] p2a: Mandibuzz
|-sideend|p2: Kakimori|Spikes|[from] move: Defog|[of] p2a: Mandibuzz
|
|-damage|p1a: Tornadus|94/100 tox|[from] psn
|upkeep
|turn|11
|inactive|j'essaie has 120 seconds left.
|
|t:|1779955243
|move|p1a: Tornadus|Bleakwind Storm|p2a: Mandibuzz
|-damage|p2a: Mandibuzz|47/100
|move|p2a: Mandibuzz|Roost|p2a: Mandibuzz
|-heal|p2a: Mandibuzz|97/100
|-singleturn|p2a: Mandibuzz|move: Roost
|
|-damage|p1a: Tornadus|82/100 tox|[from] psn
|upkeep
|turn|12
|
|t:|1779955255
|move|p1a: Tornadus|Bleakwind Storm|p2a: Mandibuzz
|-damage|p2a: Mandibuzz|58/100
|move|p2a: Mandibuzz|Foul Play|p1a: Tornadus
|-damage|p1a: Tornadus|33/100 tox
|
|-damage|p1a: Tornadus|15/100 tox|[from] psn
|upkeep
|turn|13
|
|t:|1779955263
|switch|p1a: Ogerpon|Ogerpon-Wellspring, F|100/100
|move|p2a: Mandibuzz|Roost|p2a: Mandibuzz
|-heal|p2a: Mandibuzz|100/100
|-singleturn|p2a: Mandibuzz|move: Roost
|
|upkeep
|turn|14
|
|t:|1779955269
|move|p1a: Ogerpon|Encore|p2a: Mandibuzz
|-start|p2a: Mandibuzz|Encore
|move|p2a: Mandibuzz|Roost||[still]
|-fail|p2a: Mandibuzz|heal
|
|upkeep
|turn|15
|
|t:|1779955290
|switch|p2a: Skeledirge|Skeledirge, F, tera:Fairy|22/100
|move|p1a: Ogerpon|Swords Dance|p1a: Ogerpon
|-boost|p1a: Ogerpon|atk|2
|
|-heal|p2a: Skeledirge|28/100|[from] item: Leftovers
|upkeep
|turn|16
|
|t:|1779955300
|move|p1a: Ogerpon|Ivy Cudgel|p2a: Skeledirge|[anim] Ivy Cudgel Water
|-damage|p2a: Skeledirge|0 fnt
|faint|p2a: Skeledirge
|
|upkeep
|
|t:|1779955306
|switch|p2a: Mandibuzz|Mandibuzz, F|100/100
|turn|17
|
|t:|1779955318
|switch|p1a: Tornadus|Tornadus-Therian, M|48/100 tox
|move|p2a: Mandibuzz|Foul Play|p1a: Tornadus
|-damage|p1a: Tornadus|0 fnt
|faint|p1a: Tornadus
|
|upkeep
|
|t:|1779955324
|switch|p1a: Great Tusk|Great Tusk|100/100
|turn|18
|
|t:|1779955340
|switch|p2a: Milotic|Milotic, F|100/100
|move|p1a: Great Tusk|Bulk Up|p1a: Great Tusk
|-boost|p1a: Great Tusk|atk|1
|-boost|p1a: Great Tusk|def|1
|
|upkeep
|turn|19
|
|t:|1779955351
|-end|p1a: Great Tusk|Protosynthesis|[silent]
|switch|p1a: Ogerpon|Ogerpon-Wellspring, F|100/100
|move|p2a: Milotic|Scald|p1a: Ogerpon
|-immune|p1a: Ogerpon|[from] ability: Water Absorb
|
|upkeep
|turn|20
|
|t:|1779955359
|switch|p2a: Mandibuzz|Mandibuzz, F|100/100
|move|p1a: Ogerpon|Swords Dance|p1a: Ogerpon
|-boost|p1a: Ogerpon|atk|2
|
|upkeep
|turn|21
|
|t:|1779955365
|switch|p1a: Great Tusk|Great Tusk|100/100
|move|p2a: Mandibuzz|Foul Play|p1a: Great Tusk
|-resisted|p1a: Great Tusk
|-damage|p1a: Great Tusk|83/100
|
|-heal|p1a: Great Tusk|89/100|[from] item: Leftovers
|upkeep
|turn|22
|
|t:|1779955377
|move|p1a: Great Tusk|Ice Spinner|p2a: Mandibuzz
|-supereffective|p2a: Mandibuzz
|-damage|p2a: Mandibuzz|68/100
|-damage|p1a: Great Tusk|73/100|[from] item: Rocky Helmet|[of] p2a: Mandibuzz
|move|p2a: Mandibuzz|Toxic|p1a: Great Tusk
|-status|p1a: Great Tusk|tox
|
|-heal|p1a: Great Tusk|79/100 tox|[from] item: Leftovers
|-damage|p1a: Great Tusk|73/100 tox|[from] psn
|upkeep
|turn|23
|
|t:|1779955387
|move|p1a: Great Tusk|Bulk Up|p1a: Great Tusk
|-boost|p1a: Great Tusk|atk|1
|-boost|p1a: Great Tusk|def|1
|move|p2a: Mandibuzz|Roost|p2a: Mandibuzz
|-heal|p2a: Mandibuzz|100/100
|-singleturn|p2a: Mandibuzz|move: Roost
|
|-heal|p1a: Great Tusk|79/100 tox|[from] item: Leftovers
|-damage|p1a: Great Tusk|67/100 tox|[from] psn
|upkeep
|turn|24
|
|t:|1779955398
|switch|p2a: Milotic|Milotic, F|100/100
|move|p1a: Great Tusk|Ice Spinner|p2a: Milotic
|-resisted|p2a: Milotic
|-damage|p2a: Milotic|81/100
|
|-heal|p1a: Great Tusk|73/100 tox|[from] item: Leftovers
|-heal|p2a: Milotic|87/100|[from] item: Leftovers
|-damage|p1a: Great Tusk|54/100 tox|[from] psn
|upkeep
|turn|25
|
|t:|1779955409
|switch|p2a: Mandibuzz|Mandibuzz, F|100/100
|move|p1a: Great Tusk|Earthquake|p2a: Mandibuzz
|-immune|p2a: Mandibuzz
|
|-heal|p1a: Great Tusk|60/100 tox|[from] item: Leftovers
|-damage|p1a: Great Tusk|36/100 tox|[from] psn
|upkeep
|turn|26
|
|t:|1779955421
|move|p1a: Great Tusk|Ice Spinner|p2a: Mandibuzz
|-supereffective|p2a: Mandibuzz
|-damage|p2a: Mandibuzz|47/100
|-damage|p1a: Great Tusk|19/100 tox|[from] item: Rocky Helmet|[of] p2a: Mandibuzz
|move|p2a: Mandibuzz|Roost|p2a: Mandibuzz
|-heal|p2a: Mandibuzz|97/100
|-singleturn|p2a: Mandibuzz|move: Roost
|
|-heal|p1a: Great Tusk|25/100 tox|[from] item: Leftovers
|-damage|p1a: Great Tusk|0 fnt|[from] psn
|faint|p1a: Great Tusk
|-end|p1a: Great Tusk|Protosynthesis|[silent]
|upkeep
|
|t:|1779955427
|switch|p1a: Ogerpon|Ogerpon-Wellspring, F|100/100
|turn|27
|
|t:|1779955433
|move|p1a: Ogerpon|Swords Dance|p1a: Ogerpon
|-boost|p1a: Ogerpon|atk|2
|move|p2a: Mandibuzz|Foul Play|p1a: Ogerpon
|-damage|p1a: Ogerpon|0 fnt
|faint|p1a: Ogerpon
|
|upkeep
|
|t:|1779955438
|switch|p1a: Kingambit|Kingambit, F|100/100
|-activate|p1a: Kingambit|ability: Supreme Overlord
|-start|p1a: Kingambit|fallen5|[silent]
|turn|28
|
|t:|1779955450
|move|p2a: Mandibuzz|Foul Play|p1a: Kingambit
|-resisted|p1a: Kingambit
|-damage|p1a: Kingambit|79/100
|move|p1a: Kingambit|Iron Head|p2a: Mandibuzz
|-crit|p2a: Mandibuzz
|-damage|p2a: Mandibuzz|34/100
|-damage|p1a: Kingambit|63/100|[from] item: Rocky Helmet|[of] p2a: Mandibuzz
|
|-heal|p1a: Kingambit|69/100|[from] item: Leftovers
|upkeep
|turn|29
|
|t:|1779955461
|move|p2a: Mandibuzz|Roost|p2a: Mandibuzz
|-heal|p2a: Mandibuzz|84/100
|-singleturn|p2a: Mandibuzz|move: Roost
|move|p1a: Kingambit|Iron Head|p2a: Mandibuzz
|-damage|p2a: Mandibuzz|42/100
|-damage|p1a: Kingambit|52/100|[from] item: Rocky Helmet|[of] p2a: Mandibuzz
|
|-heal|p1a: Kingambit|59/100|[from] item: Leftovers
|upkeep
|turn|30
|
|t:|1779955470
|move|p2a: Mandibuzz|Roost|p2a: Mandibuzz
|-heal|p2a: Mandibuzz|92/100
|-singleturn|p2a: Mandibuzz|move: Roost
|move|p1a: Kingambit|Swords Dance|p1a: Kingambit
|-boost|p1a: Kingambit|atk|2
|
|-heal|p1a: Kingambit|65/100|[from] item: Leftovers
|upkeep
|turn|31
|
|t:|1779955480
|move|p2a: Mandibuzz|Foul Play|p1a: Kingambit
|-resisted|p1a: Kingambit
|-damage|p1a: Kingambit|27/100
|move|p1a: Kingambit|Iron Head|p2a: Mandibuzz
|-damage|p2a: Mandibuzz|4/100
|-damage|p1a: Kingambit|10/100|[from] item: Rocky Helmet|[of] p2a: Mandibuzz
|
|-heal|p1a: Kingambit|17/100|[from] item: Leftovers
|upkeep
|turn|32
|-message|j'essaie forfeited.
|
|win|Kakimori
|raw|j&apos;essaie's rating: 1341 &rarr; <strong>1324</strong><br />(-17 for losing)
|raw|Kakimori's rating: 1386 &rarr; <strong>1403</strong><br />(+17 for winning)
|l|☆j'essaie
|player|p1|
