|j|☆Archerdadon
|j|☆AmygdalanResponse
|t:|1779940913
|gametype|singles
|player|p1|Archerdadon|marshal|1515
|player|p2|AmygdalanResponse|marshal|1531
|gen|9
|tier|[Gen 9] OU
|rated|
|rule|HP Percentage Mod: HP is shown in percentages
|rule|Endless Battle Clause: Forcing endless battles is banned
|rule|Species Clause: Limit one of each Pokémon
|rule|OHKO Clause: OHKO moves are banned
|rule|Evasion Items Clause: Evasion items are banned
|rule|Evasion Moves Clause: Evasion moves are banned
|rule|Evasion Abilities Clause: Evasion abilities are banned
|rule|Sleep Moves Clause: Sleep-inducing moves are banned
|clearpoke
|poke|p1|Dondozo, F|
|poke|p1|Great Tusk|
|poke|p1|Ting-Lu|
|poke|p1|Glimmora, M|
|poke|p1|Scizor, M|
|poke|p1|Weezing-Galar, F|
|poke|p2|Ribombee, M|
|poke|p2|Manaphy|
|poke|p2|Ceruledge, F|
|poke|p2|Great Tusk|
|poke|p2|Ogerpon-Cornerstone, F|
|poke|p2|Enamorus, F|
|teampreview
|c|☆AmygdalanResponse|gl hf
|
|t:|1779940937
|teamsize|p1|6
|teamsize|p2|6
|start
|switch|p1a: Glimmora|Glimmora, M|100/100
|switch|p2a: Ribombee|Ribombee, M|100/100
|turn|1
|
|t:|1779940946
|move|p2a: Ribombee|Sticky Web|p1a: Glimmora
|-sidestart|p1: Archerdadon|move: Sticky Web
|move|p1a: Glimmora|Power Gem|p2a: Ribombee
|-supereffective|p2a: Ribombee
|-enditem|p2a: Ribombee|Focus Sash
|-damage|p2a: Ribombee|1/100
|
|upkeep
|turn|2
|
|t:|1779940955
|switch|p2a: Manaphy|Manaphy|100/100
|move|p1a: Glimmora|Power Gem|p2a: Manaphy
|-damage|p2a: Manaphy|58/100
|
|-heal|p2a: Manaphy|64/100|[from] item: Leftovers
|upkeep
|turn|3
|
|t:|1779940960
|move|p2a: Manaphy|Surf|p1a: Glimmora
|-supereffective|p1a: Glimmora
|-enditem|p1a: Glimmora|Focus Sash
|-damage|p1a: Glimmora|1/100
|move|p1a: Glimmora|Sludge Wave|p2a: Manaphy
|-damage|p2a: Manaphy|13/100
|
|-heal|p2a: Manaphy|20/100|[from] item: Leftovers
|upkeep
|turn|4
|
|t:|1779940967
|move|p2a: Manaphy|Alluring Voice|p1a: Glimmora
|-resisted|p1a: Glimmora
|-damage|p1a: Glimmora|0 fnt
|faint|p1a: Glimmora
|
|-heal|p2a: Manaphy|26/100|[from] item: Leftovers
|upkeep
|
|t:|1779940970
|switch|p1a: Scizor|Scizor, M|100/100
|-activate|p1a: Scizor|move: Sticky Web
|-unboost|p1a: Scizor|spe|1
|turn|5
|
|t:|1779940976
|switch|p2a: Ribombee|Ribombee, M|1/100
|move|p1a: Scizor|Knock Off|p2a: Ribombee
|-resisted|p2a: Ribombee
|-damage|p2a: Ribombee|0 fnt
|faint|p2a: Ribombee
|
|upkeep
|
|t:|1779940978
|switch|p2a: Ceruledge|Ceruledge, F|100/100
|-item|p2a: Ceruledge|Air Balloon
|turn|6
|
|t:|1779940987
|switch|p1a: Ting-Lu|Ting-Lu|100/100
|-activate|p1a: Ting-Lu|move: Sticky Web
|-unboost|p1a: Ting-Lu|spe|1
|-ability|p1a: Ting-Lu|Vessel of Ruin
|move|p2a: Ceruledge|Bitter Blade|p1a: Ting-Lu
|-damage|p1a: Ting-Lu|75/100
|
|-heal|p1a: Ting-Lu|82/100|[from] item: Leftovers
|upkeep
|turn|7
|
|t:|1779940992
|switch|p2a: Enamorus|Enamorus, F|100/100
|move|p1a: Ting-Lu|Payback|p2a: Enamorus
|-resisted|p2a: Enamorus
|-damage|p2a: Enamorus|85/100
|
|-heal|p1a: Ting-Lu|88/100|[from] item: Leftovers
|upkeep
|turn|8
|
|t:|1779941012
|switch|p1a: Weezing|Weezing-Galar, F|100/100
|-ability|p1a: Weezing|Neutralizing Gas
|-activate|p1a: Weezing|move: Sticky Web
|-unboost|p1a: Weezing|spe|1
|move|p2a: Enamorus|Moonblast|p1a: Weezing
|-resisted|p1a: Weezing
|-damage|p1a: Weezing|65/100
|
|-heal|p1a: Weezing|71/100|[from] item: Leftovers
|upkeep
|turn|9
|
|t:|1779941029
|move|p2a: Enamorus|Moonblast|p1a: Weezing
|-resisted|p1a: Weezing
|-damage|p1a: Weezing|38/100
|move|p1a: Weezing|Sludge Bomb|p2a: Enamorus
|-supereffective|p2a: Enamorus
|-damage|p2a: Enamorus|2/100
|
|-heal|p1a: Weezing|44/100|[from] item: Leftovers
|upkeep
|turn|10
|
|t:|1779941056
|switch|p2a: Great Tusk|Great Tusk|100/100
|move|p1a: Weezing|Strange Steam|p2a: Great Tusk|[miss]
|-miss|p1a: Weezing|p2a: Great Tusk
|
|-heal|p1a: Weezing|50/100|[from] item: Leftovers
|upkeep
|turn|11
|j| DragonHunter994
|
|t:|1779941063
|-end|p1a: Weezing|ability: Neutralizing Gas
|switch|p1a: Great Tusk|Great Tusk|100/100
|move|p2a: Great Tusk|Headlong Rush|p1a: Great Tusk
|-damage|p1a: Great Tusk|70/100
|-unboost|p2a: Great Tusk|def|1
|-unboost|p2a: Great Tusk|spd|1
|
|upkeep
|turn|12
|
|t:|1779941068
|-end|p2a: Great Tusk|Protosynthesis|[silent]
|switch|p2a: Ceruledge|Ceruledge, F|100/100
|-item|p2a: Ceruledge|Air Balloon
|move|p1a: Great Tusk|Ice Spinner|p2a: Ceruledge
|-resisted|p2a: Ceruledge
|-damage|p2a: Ceruledge|81/100
|-ability|p2a: Ceruledge|Weak Armor|boost
|-unboost|p2a: Ceruledge|def|1
|-boost|p2a: Ceruledge|spe|2
|-enditem|p2a: Ceruledge|Air Balloon
|
|upkeep
|turn|13
|
|t:|1779941077
|-end|p1a: Great Tusk|Protosynthesis|[silent]
|switch|p1a: Ting-Lu|Ting-Lu|88/100
|-activate|p1a: Ting-Lu|move: Sticky Web
|-unboost|p1a: Ting-Lu|spe|1
|-ability|p1a: Ting-Lu|Vessel of Ruin
|move|p2a: Ceruledge|Poltergeist|p1a: Ting-Lu
|-activate|p1a: Ting-Lu|move: Poltergeist|Leftovers
|-resisted|p1a: Ting-Lu
|-damage|p1a: Ting-Lu|73/100
|
|-heal|p1a: Ting-Lu|79/100|[from] item: Leftovers
|upkeep
|turn|14
|
|t:|1779941083
|switch|p2a: Great Tusk|Great Tusk|100/100
|move|p1a: Ting-Lu|Stealth Rock|p2a: Great Tusk
|-sidestart|p2: AmygdalanResponse|move: Stealth Rock
|
|-heal|p1a: Ting-Lu|85/100|[from] item: Leftovers
|upkeep
|turn|15
|
|t:|1779941089
|-terastallize|p1a: Ting-Lu|Ghost
|move|p2a: Great Tusk|Rapid Spin|p1a: Ting-Lu
|-immune|p1a: Ting-Lu
|move|p1a: Ting-Lu|Earthquake|p2a: Great Tusk
|-damage|p2a: Great Tusk|71/100
|
|-heal|p1a: Ting-Lu|92/100|[from] item: Leftovers
|upkeep
|turn|16
|
|t:|1779941097
|move|p2a: Great Tusk|Stealth Rock|p1a: Ting-Lu
|-sidestart|p1: Archerdadon|move: Stealth Rock
|move|p1a: Ting-Lu|Earthquake|p2a: Great Tusk
|-damage|p2a: Great Tusk|41/100
|
|-heal|p1a: Ting-Lu|98/100|[from] item: Leftovers
|upkeep
|turn|17
|
|t:|1779941106
|move|p2a: Great Tusk|Headlong Rush|p1a: Ting-Lu
|-damage|p1a: Ting-Lu|63/100
|-unboost|p2a: Great Tusk|def|1
|-unboost|p2a: Great Tusk|spd|1
|move|p1a: Ting-Lu|Earthquake|p2a: Great Tusk
|-crit|p2a: Great Tusk
|-damage|p2a: Great Tusk|0 fnt
|faint|p2a: Great Tusk
|-end|p2a: Great Tusk|Protosynthesis|[silent]
|
|-heal|p1a: Ting-Lu|69/100|[from] item: Leftovers
|upkeep
|
|t:|1779941109
|switch|p2a: Ceruledge|Ceruledge, F|81/100
|-damage|p2a: Ceruledge|57/100|[from] Stealth Rock
|turn|18
|
|t:|1779941117
|switch|p1a: Dondozo|Dondozo, F|100/100
|-activate|p1a: Dondozo|move: Sticky Web
|-unboost|p1a: Dondozo|spe|1
|-damage|p1a: Dondozo|88/100|[from] Stealth Rock
|move|p2a: Ceruledge|Poltergeist|p1a: Dondozo
|-activate|p1a: Dondozo|move: Poltergeist|Leftovers
|-damage|p1a: Dondozo|64/100
|
|-heal|p1a: Dondozo|70/100|[from] item: Leftovers
|upkeep
|turn|19
|
|t:|1779941131
|move|p2a: Ceruledge|Poltergeist|p1a: Dondozo
|-activate|p1a: Dondozo|move: Poltergeist|Leftovers
|-damage|p1a: Dondozo|44/100
|move|p1a: Dondozo|Waterfall|p2a: Ceruledge
|-supereffective|p2a: Ceruledge
|-damage|p2a: Ceruledge|0 fnt
|faint|p2a: Ceruledge
|
|-heal|p1a: Dondozo|50/100|[from] item: Leftovers
|upkeep
|
|t:|1779941134
|switch|p2a: Ogerpon|Ogerpon-Cornerstone, F|100/100
|-damage|p2a: Ogerpon|88/100|[from] Stealth Rock
|turn|20
|
|t:|1779941147
|move|p2a: Ogerpon|Power Whip|p1a: Dondozo
|-supereffective|p1a: Dondozo
|-damage|p1a: Dondozo|0 fnt
|faint|p1a: Dondozo
|
|upkeep
|
|t:|1779941151
|switch|p1a: Scizor|Scizor, M|100/100
|-activate|p1a: Scizor|move: Sticky Web
|-unboost|p1a: Scizor|spe|1
|-damage|p1a: Scizor|88/100|[from] Stealth Rock
|turn|21
|
|t:|1779941160
|-terastallize|p2a: Ogerpon|Rock
|detailschange|p2a: Ogerpon|Ogerpon-Cornerstone-Tera, F, tera:Rock
|-ability|p2a: Ogerpon|Embody Aspect (Cornerstone)|boost
|-boost|p2a: Ogerpon|def|1
|move|p2a: Ogerpon|Ivy Cudgel|p1a: Scizor|[anim] Ivy Cudgel Rock
|-damage|p1a: Scizor|7/100
|move|p1a: Scizor|U-turn|p2a: Ogerpon
|-damage|p2a: Ogerpon|32/100
|
|t:|1779941171
|switch|p1a: Great Tusk|Great Tusk|70/100|[from] U-turn
|
|upkeep
|turn|22
|
|t:|1779941175
|move|p2a: Ogerpon|Power Whip|p1a: Great Tusk
|-supereffective|p1a: Great Tusk
|-damage|p1a: Great Tusk|0 fnt
|faint|p1a: Great Tusk
|-end|p1a: Great Tusk|Protosynthesis|[silent]
|
|upkeep
|
|t:|1779941179
|switch|p1a: Ting-Lu|Ting-Lu, tera:Ghost|69/100
|-activate|p1a: Ting-Lu|move: Sticky Web
|-unboost|p1a: Ting-Lu|spe|1
|-damage|p1a: Ting-Lu|57/100|[from] Stealth Rock
|-ability|p1a: Ting-Lu|Vessel of Ruin
|turn|23
|
|t:|1779941184
|move|p2a: Ogerpon|Ivy Cudgel|p1a: Ting-Lu|[anim] Ivy Cudgel Rock
|-damage|p1a: Ting-Lu|17/100
|move|p1a: Ting-Lu|Earthquake|p2a: Ogerpon
|-supereffective|p2a: Ogerpon
|-damage|p2a: Ogerpon|0 fnt
|faint|p2a: Ogerpon
|detailschange|p2: Ogerpon|Ogerpon-Cornerstone, F|[silent]
|
|-heal|p1a: Ting-Lu|23/100|[from] item: Leftovers
|upkeep
|
|t:|1779941189
|switch|p2a: Manaphy|Manaphy|26/100
|-damage|p2a: Manaphy|13/100|[from] Stealth Rock
|turn|24
|
|t:|1779941195
|move|p2a: Manaphy|Surf|p1a: Ting-Lu
|-damage|p1a: Ting-Lu|8/100
|move|p1a: Ting-Lu|Earthquake|p2a: Manaphy
|-damage|p2a: Manaphy|0 fnt
|faint|p2a: Manaphy
|
|-heal|p1a: Ting-Lu|14/100|[from] item: Leftovers
|upkeep
|
|t:|1779941197
|switch|p2a: Enamorus|Enamorus, F|2/100
|-damage|p2a: Enamorus|0 fnt|[from] Stealth Rock
|faint|p2a: Enamorus
|
|win|Archerdadon
|raw|Archerdadon's rating: 1515 &rarr; <strong>1536</strong><br />(+21 for winning)
|raw|AmygdalanResponse's rating: 1531 &rarr; <strong>1510</strong><br />(-21 for losing)
|c|☆AmygdalanResponse|gg
|l|☆AmygdalanResponse
|player|p2|
|l|☆Archerdadon
|player|p1|
|j|☆Archerdadon
|player|p1|Archerdadon|marshal|
|l|☆Archerdadon
|player|p1|
|l| DragonHunter994
