|j|☆l5king
|j|☆psygoat12
|t:|1779855143
|gametype|singles
|player|p1|l5king|palmer|1274
|player|p2|psygoat12|chuck|1293
|gen|9
|tier|[Gen 9] OU
|rated|
|rule|HP Percentage Mod: HP is shown in percentages
|rule|Endless Battle Clause: Forcing endless battles is banned
|rule|Species Clause: Limit one of each Pokémon
|rule|OHKO Clause: OHKO moves are banned
|rule|Evasion Items Clause: Evasion items are banned
|rule|Evasion Moves Clause: Evasion moves are banned
|rule|Evasion Abilities Clause: Evasion abilities are banned
|rule|Sleep Moves Clause: Sleep-inducing moves are banned
|clearpoke
|poke|p1|Kingambit, F|
|poke|p1|Ogerpon-Wellspring, F|
|poke|p1|Chandelure, F|
|poke|p1|Gyarados, F|
|poke|p1|Salamence, M|
|poke|p1|Heatran, M|
|poke|p2|Samurott-Hisui, M|
|poke|p2|Great Tusk|
|poke|p2|Kingambit, M|
|poke|p2|Enamorus, F|
|poke|p2|Gholdengo|
|poke|p2|Mew|
|teampreview
|
|t:|1779855151
|teamsize|p1|6
|teamsize|p2|6
|start
|switch|p1a: Heatran|Heatran, M|100/100
|switch|p2a: Mew|Mew|100/100
|-item|p1a: Heatran|Air Balloon
|turn|1
|
|t:|1779855159
|move|p2a: Mew|Taunt|p1a: Heatran
|-start|p1a: Heatran|move: Taunt
|cant|p1a: Heatran|move: Taunt|Stealth Rock
|
|upkeep
|turn|2
|
|t:|1779855164
|move|p2a: Mew|Stealth Rock|p1a: Heatran
|-sidestart|p1: l5king|move: Stealth Rock
|move|p1a: Heatran|Flamethrower|p2a: Mew
|-damage|p2a: Mew|66/100
|-enditem|p2a: Mew|Red Card|[of] p1a: Heatran
|drag|p1a: Chandelure|Chandelure, F|100/100
|-damage|p1a: Chandelure|76/100|[from] Stealth Rock
|
|upkeep
|turn|3
|
|t:|1779855182
|switch|p2a: Samurott|Samurott-Hisui, M|100/100
|move|p1a: Chandelure|Flamethrower|p2a: Samurott
|-resisted|p2a: Samurott
|-damage|p2a: Samurott|73/100
|
|upkeep
|turn|4
|
|t:|1779855194
|switch|p1a: Gyarados|Gyarados, F|100/100
|-damage|p1a: Gyarados|76/100|[from] Stealth Rock
|move|p2a: Samurott|Ceaseless Edge|p1a: Gyarados
|-damage|p1a: Gyarados|36/100
|-sidestart|p1: l5king|Spikes
|
|upkeep
|turn|5
|
|t:|1779855206
|move|p2a: Samurott|Ceaseless Edge|p1a: Gyarados
|-damage|p1a: Gyarados|0 fnt
|-sidestart|p1: l5king|Spikes
|faint|p1a: Gyarados
|
|upkeep
|
|t:|1779855211
|switch|p1a: Ogerpon|Ogerpon-Wellspring, F|100/100
|-damage|p1a: Ogerpon|88/100|[from] Stealth Rock
|-damage|p1a: Ogerpon|72/100|[from] Spikes
|turn|6
|
|t:|1779855217
|move|p1a: Ogerpon|U-turn|p2a: Samurott
|-supereffective|p2a: Samurott
|-damage|p2a: Samurott|0 fnt
|faint|p2a: Samurott
|
|t:|1779855223
|switch|p1a: Heatran|Heatran, M|100/100|[from] U-turn
|-damage|p1a: Heatran|88/100|[from] Stealth Rock
|-item|p1a: Heatran|Air Balloon
|
|upkeep
|
|t:|1779855226
|switch|p2a: Mew|Mew|66/100
|turn|7
|
|t:|1779855234
|move|p2a: Mew|Ice Beam|p1a: Heatran
|-resisted|p1a: Heatran
|-damage|p1a: Heatran|85/100
|-enditem|p1a: Heatran|Air Balloon
|move|p1a: Heatran|Steel Beam|p2a: Mew
|-damage|p2a: Mew|17/100
|-damage|p1a: Heatran|35/100|[from] steelbeam
|
|upkeep
|turn|8
|
|t:|1779855242
|move|p2a: Mew|Taunt|p1a: Heatran
|-start|p1a: Heatran|move: Taunt
|move|p1a: Heatran|Flamethrower|p2a: Mew
|-damage|p2a: Mew|0 fnt
|faint|p2a: Mew
|
|upkeep
|
|t:|1779855248
|switch|p2a: Great Tusk|Great Tusk|100/100
|-enditem|p2a: Great Tusk|Booster Energy
|-activate|p2a: Great Tusk|ability: Protosynthesis|[fromitem]
|-start|p2a: Great Tusk|protosynthesisspe
|turn|9
|
|t:|1779855256
|move|p2a: Great Tusk|Close Combat|p1a: Heatran
|-supereffective|p1a: Heatran
|-damage|p1a: Heatran|0 fnt
|-unboost|p2a: Great Tusk|def|1
|-unboost|p2a: Great Tusk|spd|1
|faint|p1a: Heatran
|
|upkeep
|
|t:|1779855268
|switch|p1a: Salamence|Salamence, M|100/100
|-damage|p1a: Salamence|76/100|[from] Stealth Rock
|turn|10
|
|t:|1779855275
|move|p2a: Great Tusk|Ice Spinner|p1a: Salamence
|-supereffective|p1a: Salamence
|-damage|p1a: Salamence|0 fnt
|faint|p1a: Salamence
|
|upkeep
|
|t:|1779855280
|switch|p1a: Chandelure|Chandelure, F|76/100
|-damage|p1a: Chandelure|51/100|[from] Stealth Rock
|-damage|p1a: Chandelure|34/100|[from] Spikes
|turn|11
|
|t:|1779855287
|move|p2a: Great Tusk|Headlong Rush|p1a: Chandelure
|-supereffective|p1a: Chandelure
|-damage|p1a: Chandelure|0 fnt
|-unboost|p2a: Great Tusk|def|1
|-unboost|p2a: Great Tusk|spd|1
|faint|p1a: Chandelure
|
|upkeep
|
|t:|1779855292
|switch|p1a: Ogerpon|Ogerpon-Wellspring, F|72/100
|-damage|p1a: Ogerpon|59/100|[from] Stealth Rock
|-damage|p1a: Ogerpon|43/100|[from] Spikes
|turn|12
|c|☆psygoat12|??????????????????????
|
|t:|1779855297
|move|p1a: Ogerpon|Spiky Shield|p1a: Ogerpon
|-singleturn|p1a: Ogerpon|move: Protect
|move|p2a: Great Tusk|Close Combat|p1a: Ogerpon
|-activate|p1a: Ogerpon|move: Protect
|-damage|p2a: Great Tusk|88/100|[from] Spiky Shield|[of] p1a: Ogerpon
|
|upkeep
|turn|13
|
|t:|1779855304
|move|p2a: Great Tusk|Close Combat|p1a: Ogerpon
|-damage|p1a: Ogerpon|0 fnt
|-unboost|p2a: Great Tusk|def|1
|-unboost|p2a: Great Tusk|spd|1
|faint|p1a: Ogerpon
|
|upkeep
|
|t:|1779855310
|switch|p1a: Kingambit|Kingambit, F|100/100
|-damage|p1a: Kingambit|94/100|[from] Stealth Rock
|-activate|p1a: Kingambit|ability: Supreme Overlord
|-start|p1a: Kingambit|fallen5|[silent]
|-item|p1a: Kingambit|Air Balloon
|turn|14
|
|t:|1779855313
|-terastallize|p1a: Kingambit|Dark
|move|p1a: Kingambit|Sucker Punch|p2a: Great Tusk
|-resisted|p2a: Great Tusk
|-damage|p2a: Great Tusk|27/100
|move|p2a: Great Tusk|Close Combat|p1a: Kingambit
|-supereffective|p1a: Kingambit
|-damage|p1a: Kingambit|23/100
|-unboost|p2a: Great Tusk|def|1
|-unboost|p2a: Great Tusk|spd|1
|-enditem|p1a: Kingambit|Air Balloon
|
|upkeep
|turn|15
|
|t:|1779855320
|-end|p2a: Great Tusk|Protosynthesis|[silent]
|switch|p2a: Kingambit|Kingambit, M|100/100
|-activate|p2a: Kingambit|ability: Supreme Overlord
|-start|p2a: Kingambit|fallen2|[silent]
|move|p1a: Kingambit|Sucker Punch||[still]
|-fail|p1a: Kingambit
|
|upkeep
|turn|16
|
|t:|1779855324
|move|p2a: Kingambit|Iron Head|p1a: Kingambit
|-damage|p1a: Kingambit|0 fnt
|faint|p1a: Kingambit
|-end|p1a: Kingambit|fallen5|[silent]
|
|win|psygoat12
|raw|l5king's rating: 1274 &rarr; <strong>1250</strong><br />(-24 for losing)
|raw|psygoat12's rating: 1293 &rarr; <strong>1317</strong><br />(+24 for winning)
|l|☆l5king
|player|p1|
|l|☆psygoat12
|player|p2|
