|j|☆wallahi brobini
|j|☆Opem
|t:|1779972297
|gametype|singles
|player|p1|wallahi brobini|266|1417
|player|p2|Opem|juggler|1342
|gen|9
|tier|[Gen 9] OU
|rated|
|rule|HP Percentage Mod: HP is shown in percentages
|rule|Endless Battle Clause: Forcing endless battles is banned
|rule|Species Clause: Limit one of each Pokémon
|rule|OHKO Clause: OHKO moves are banned
|rule|Evasion Items Clause: Evasion items are banned
|rule|Evasion Moves Clause: Evasion moves are banned
|rule|Evasion Abilities Clause: Evasion abilities are banned
|rule|Sleep Moves Clause: Sleep-inducing moves are banned
|clearpoke
|poke|p1|Tyranitar, F|
|poke|p1|Zapdos-Galar|
|poke|p1|Ogerpon-Wellspring, F|
|poke|p1|Dragapult, F|
|poke|p1|Forretress, F|
|poke|p1|Gholdengo|
|poke|p2|Yanmega, F|
|poke|p2|Iron Moth|
|poke|p2|Gholdengo|
|poke|p2|Samurott-Hisui, F|
|poke|p2|Darkrai|
|poke|p2|Great Tusk|
|teampreview
|
|t:|1779972303
|teamsize|p1|6
|teamsize|p2|6
|start
|switch|p1a: Tyranitar|Tyranitar, F|100/100
|switch|p2a: Iron Moth|Iron Moth|100/100
|-weather|Sandstorm|[from] ability: Sand Stream|[of] p1a: Tyranitar
|-enditem|p2a: Iron Moth|Booster Energy
|-activate|p2a: Iron Moth|ability: Quark Drive|[fromitem]
|-start|p2a: Iron Moth|quarkdrivespa
|turn|1
|inactive|Battle timer is ON: inactive players will automatically lose when time's up. (requested by wallahi brobini)
|
|t:|1779972310
|move|p2a: Iron Moth|Energy Ball|p1a: Tyranitar
|-supereffective|p1a: Tyranitar
|-damage|p1a: Tyranitar|70/100
|move|p1a: Tyranitar|Knock Off|p2a: Iron Moth
|-damage|p2a: Iron Moth|48/100
|
|-weather|Sandstorm|[upkeep]
|-damage|p2a: Iron Moth|42/100|[from] Sandstorm
|upkeep
|turn|2
|
|t:|1779972313
|move|p2a: Iron Moth|Energy Ball|p1a: Tyranitar
|-supereffective|p1a: Tyranitar
|-damage|p1a: Tyranitar|39/100
|-unboost|p1a: Tyranitar|spd|1
|move|p1a: Tyranitar|Earthquake|p2a: Iron Moth
|-supereffective|p2a: Iron Moth
|-damage|p2a: Iron Moth|0 fnt
|faint|p2a: Iron Moth
|-end|p2a: Iron Moth|Quark Drive|[silent]
|
|-weather|Sandstorm|[upkeep]
|upkeep
|
|t:|1779972316
|switch|p2a: Samurott|Samurott-Hisui, F|100/100
|turn|3
|
|t:|1779972321
|switch|p1a: Forretress|Forretress, F|100/100
|move|p2a: Samurott|Ceaseless Edge|p1a: Forretress
|-damage|p1a: Forretress|77/100
|-sidestart|p1: wallahi brobini|Spikes
|
|-weather|Sandstorm|[upkeep]
|-damage|p2a: Samurott|94/100|[from] Sandstorm
|-heal|p1a: Forretress|83/100|[from] item: Leftovers
|upkeep
|turn|4
|
|t:|1779972324
|move|p2a: Samurott|Ceaseless Edge|p1a: Forretress
|-damage|p1a: Forretress|59/100
|-sidestart|p1: wallahi brobini|Spikes
|move|p1a: Forretress|Thunder Wave|p2a: Samurott
|-status|p2a: Samurott|par
|
|-weather|Sandstorm|[upkeep]
|-damage|p2a: Samurott|88/100 par|[from] Sandstorm
|-heal|p1a: Forretress|65/100|[from] item: Leftovers
|upkeep
|turn|5
|
|t:|1779972327
|move|p2a: Samurott|Ceaseless Edge|p1a: Forretress|[miss]
|-miss|p2a: Samurott|p1a: Forretress
|move|p1a: Forretress|Body Press|p2a: Samurott
|-supereffective|p2a: Samurott
|-damage|p2a: Samurott|4/100 par
|
|-weather|none
|-heal|p1a: Forretress|72/100|[from] item: Leftovers
|upkeep
|turn|6
|
|t:|1779972329
|move|p2a: Samurott|Ceaseless Edge|p1a: Forretress
|-damage|p1a: Forretress|49/100
|-sidestart|p1: wallahi brobini|Spikes
|move|p1a: Forretress|Rapid Spin|p2a: Samurott
|-damage|p2a: Samurott|0 fnt
|-boost|p1a: Forretress|spe|1
|-sideend|p1: wallahi brobini|Spikes|[from] move: Rapid Spin|[of] p1a: Forretress
|faint|p2a: Samurott
|
|-heal|p1a: Forretress|56/100|[from] item: Leftovers
|upkeep
|
|t:|1779972338
|switch|p2a: Yanmega|Yanmega, F|100/100
|turn|7
|
|t:|1779972344
|switch|p1a: Tyranitar|Tyranitar, F|39/100
|-weather|Sandstorm|[from] ability: Sand Stream|[of] p1a: Tyranitar
|move|p2a: Yanmega|Bug Buzz|p1a: Tyranitar
|-supereffective|p1a: Tyranitar
|-damage|p1a: Tyranitar|6/100
|-enditem|p2a: Yanmega|Throat Spray
|-boost|p2a: Yanmega|spa|1|[from] item: Throat Spray
|
|-weather|Sandstorm|[upkeep]
|-damage|p2a: Yanmega|94/100|[from] Sandstorm
|-ability|p2a: Yanmega|Speed Boost|boost
|-boost|p2a: Yanmega|spe|1
|upkeep
|turn|8
|
|t:|1779972347
|move|p2a: Yanmega|Bug Buzz|p1a: Tyranitar
|-supereffective|p1a: Tyranitar
|-damage|p1a: Tyranitar|0 fnt
|faint|p1a: Tyranitar
|
|-weather|Sandstorm|[upkeep]
|-damage|p2a: Yanmega|88/100|[from] Sandstorm
|-ability|p2a: Yanmega|Speed Boost|boost
|-boost|p2a: Yanmega|spe|1
|upkeep
|
|t:|1779972358
|switch|p1a: Gholdengo|Gholdengo|100/100
|-item|p1a: Gholdengo|Air Balloon
|turn|9
|
|t:|1779972361
|-terastallize|p2a: Yanmega|Ghost
|move|p2a: Yanmega|Shadow Ball|p1a: Gholdengo
|-supereffective|p1a: Gholdengo
|-damage|p1a: Gholdengo|16/100
|-enditem|p1a: Gholdengo|Air Balloon
|move|p1a: Gholdengo|Thunder Wave|p2a: Yanmega|[miss]
|-miss|p1a: Gholdengo|p2a: Yanmega
|
|-weather|Sandstorm|[upkeep]
|-damage|p2a: Yanmega|82/100|[from] Sandstorm
|-ability|p2a: Yanmega|Speed Boost|boost
|-boost|p2a: Yanmega|spe|1
|upkeep
|turn|10
|
|t:|1779972369
|move|p2a: Yanmega|Shadow Ball|p1a: Gholdengo
|-supereffective|p1a: Gholdengo
|-damage|p1a: Gholdengo|0 fnt
|faint|p1a: Gholdengo
|
|-weather|Sandstorm|[upkeep]
|-damage|p2a: Yanmega|76/100|[from] Sandstorm
|-ability|p2a: Yanmega|Speed Boost|boost
|-boost|p2a: Yanmega|spe|1
|upkeep
|
|t:|1779972375
|switch|p1a: Ogerpon|Ogerpon-Wellspring, F|100/100
|turn|11
|c|☆Opem|Holy bulk
|
|t:|1779972382
|-terastallize|p1a: Ogerpon|Water
|detailschange|p1a: Ogerpon|Ogerpon-Wellspring-Tera, F, tera:Water
|-ability|p1a: Ogerpon|Embody Aspect (Wellspring)|boost
|-boost|p1a: Ogerpon|spd|1
|move|p2a: Yanmega|Bug Buzz|p1a: Ogerpon
|-crit|p1a: Ogerpon
|-damage|p1a: Ogerpon|0 fnt
|faint|p1a: Ogerpon
|detailschange|p1: Ogerpon|Ogerpon-Wellspring, F|[silent]
|
|-weather|none
|-ability|p2a: Yanmega|Speed Boost|boost
|-boost|p2a: Yanmega|spe|1
|upkeep
|
|t:|1779972389
|switch|p1a: Zapdos|Zapdos-Galar|100/100
|turn|12
|
|t:|1779972394
|move|p2a: Yanmega|Air Slash|p1a: Zapdos
|-supereffective|p1a: Zapdos
|-damage|p1a: Zapdos|0 fnt
|faint|p1a: Zapdos
|
|-ability|p2a: Yanmega|Speed Boost|boost
|-boost|p2a: Yanmega|spe|1
|upkeep
|
|t:|1779972396
|switch|p1a: Forretress|Forretress, F|56/100
|turn|13
|
|t:|1779972399
|move|p2a: Yanmega|Air Slash|p1a: Forretress
|-damage|p1a: Forretress|0 fnt
|faint|p1a: Forretress
|
|upkeep
|c|☆wallahi brobini|crit
|c|☆wallahi brobini|mattered
|c|☆wallahi brobini|son
|-message|wallahi brobini forfeited.
|
|win|Opem
|raw|wallahi brobini's rating: 1417 &rarr; <strong>1393</strong><br />(-24 for losing)
|raw|Opem's rating: 1342 &rarr; <strong>1366</strong><br />(+24 for winning)
|l|☆wallahi brobini
|player|p1|
|l|☆Opem
|player|p2|
