|j|☆TWENNY7
|j|☆iamnew2024
|t:|1779855737
|gametype|singles
|player|p1|TWENNY7|hau-stance|1366
|player|p2|iamnew2024|101|1411
|gen|9
|tier|[Gen 9] OU
|rated|
|rule|HP Percentage Mod: HP is shown in percentages
|rule|Endless Battle Clause: Forcing endless battles is banned
|rule|Species Clause: Limit one of each Pokémon
|rule|OHKO Clause: OHKO moves are banned
|rule|Evasion Items Clause: Evasion items are banned
|rule|Evasion Moves Clause: Evasion moves are banned
|rule|Evasion Abilities Clause: Evasion abilities are banned
|rule|Sleep Moves Clause: Sleep-inducing moves are banned
|clearpoke
|poke|p1|Iron Valiant|
|poke|p1|Tyranitar, M|
|poke|p1|Zapdos|
|poke|p1|Darkrai|
|poke|p1|Okidogi, M|
|poke|p1|Meowscarada, M|
|poke|p2|Iron Crown|
|poke|p2|Slowking-Galar, F|
|poke|p2|Ting-Lu|
|poke|p2|Great Tusk|
|poke|p2|Kingambit, M|
|poke|p2|Darkrai|
|teampreview
|inactive|Battle timer is ON: inactive players will automatically lose when time's up. (requested by TWENNY7)
|
|t:|1779855759
|teamsize|p1|6
|teamsize|p2|6
|start
|switch|p1a: MEOW MEOW|Meowscarada, M|100/100
|switch|p2a: Darkrai|Darkrai|100/100
|turn|1
|
|t:|1779855771
|move|p2a: Darkrai|Sludge Bomb|p1a: MEOW MEOW
|-supereffective|p1a: MEOW MEOW
|-damage|p1a: MEOW MEOW|2/100
|-status|p1a: MEOW MEOW|psn
|move|p1a: MEOW MEOW|Spikes|p2a: Darkrai
|-start|p1a: MEOW MEOW|typechange|Ground|[from] ability: Protean
|-sidestart|p2: iamnew2024|Spikes
|
|-damage|p1a: MEOW MEOW|0 fnt|[from] psn
|faint|p1a: MEOW MEOW
|upkeep
|
|t:|1779855776
|switch|p1a: CASPER|Okidogi, M|100/100
|turn|2
|
|t:|1779855792
|switch|p2a: Slowking|Slowking-Galar, F|100/100
|move|p1a: CASPER|Bulk Up|p1a: CASPER
|-boost|p1a: CASPER|atk|1
|-boost|p1a: CASPER|def|1
|
|upkeep
|turn|3
|
|t:|1779855799
|move|p1a: CASPER|Knock Off|p2a: Slowking
|-supereffective|p2a: Slowking
|-damage|p2a: Slowking|17/100
|-enditem|p2a: Slowking|Heavy-Duty Boots|[from] move: Knock Off|[of] p1a: CASPER
|move|p2a: Slowking|Future Sight|p1a: CASPER
|-start|p2a: Slowking|move: Future Sight
|
|upkeep
|turn|4
|
|t:|1779855808
|switch|p2a: Great Tusk|Great Tusk|100/100
|move|p1a: CASPER|Knock Off|p2a: Great Tusk
|-resisted|p2a: Great Tusk
|-damage|p2a: Great Tusk|85/100
|-enditem|p2a: Great Tusk|Heavy-Duty Boots|[from] move: Knock Off|[of] p1a: CASPER
|
|upkeep
|turn|5
|
|t:|1779855818
|-terastallize|p1a: CASPER|Water
|move|p2a: Great Tusk|Knock Off|p1a: CASPER
|-damage|p1a: CASPER|80/100
|-enditem|p1a: CASPER|Leftovers|[from] move: Knock Off|[of] p2a: Great Tusk
|move|p1a: CASPER|Drain Punch|p2a: Great Tusk
|-damage|p2a: Great Tusk|52/100
|-heal|p1a: CASPER|98/100|[from] drain|[of] p2a: Great Tusk
|
|-end|p1a: CASPER|move: Future Sight
|-damage|p1a: CASPER|60/100
|upkeep
|turn|6
|
|t:|1779855834
|move|p2a: Great Tusk|Rapid Spin|p1a: CASPER
|-damage|p1a: CASPER|49/100
|-boost|p2a: Great Tusk|spe|1
|-sideend|p2: iamnew2024|Spikes|[from] move: Rapid Spin|[of] p2a: Great Tusk
|move|p1a: CASPER|Ice Punch|p2a: Great Tusk
|-supereffective|p2a: Great Tusk
|-damage|p2a: Great Tusk|3/100
|-status|p2a: Great Tusk|frz
|
|upkeep
|turn|7
|
|t:|1779855845
|cant|p2a: Great Tusk|frz
|move|p1a: CASPER|Drain Punch|p2a: Great Tusk
|-damage|p2a: Great Tusk|0 fnt
|-heal|p1a: CASPER|51/100|[from] drain|[of] p2a: Great Tusk
|faint|p2a: Great Tusk
|-end|p2a: Great Tusk|Protosynthesis|[silent]
|
|upkeep
|
|t:|1779855853
|switch|p2a: Iron Crown|Iron Crown|100/100
|turn|8
|
|t:|1779855858
|move|p2a: Iron Crown|Volt Switch|p1a: CASPER
|-supereffective|p1a: CASPER
|-damage|p1a: CASPER|0 fnt
|faint|p1a: CASPER
|
|t:|1779855865
|-end|p2a: Iron Crown|Quark Drive|[silent]
|switch|p2a: Darkrai|Darkrai|100/100|[from] Volt Switch
|
|upkeep
|
|t:|1779855868
|switch|p1a: CODE:red|Tyranitar, M, shiny|100/100
|-weather|Sandstorm|[from] ability: Sand Stream|[of] p1a: CODE:red
|turn|9
|
|t:|1779855873
|move|p2a: Darkrai|Focus Blast|p1a: CODE:red
|-supereffective|p1a: CODE:red
|-damage|p1a: CODE:red|33/100
|-enditem|p1a: CODE:red|Red Card|[of] p2a: Darkrai
|drag|p2a: Iron Crown|Iron Crown|100/100
|move|p1a: CODE:red|Stealth Rock|p2a: Iron Crown
|-sidestart|p2: iamnew2024|move: Stealth Rock
|
|-weather|Sandstorm|[upkeep]
|upkeep
|turn|10
|
|t:|1779855883
|move|p2a: Iron Crown|Tachyon Cutter|p1a: CODE:red
|-supereffective|p1a: CODE:red
|-damage|p1a: CODE:red|0 fnt
|faint|p1a: CODE:red
|-hitcount|p1: CODE:red|1
|
|-weather|Sandstorm|[upkeep]
|upkeep
|
|t:|1779855885
|switch|p1a: Zzz|Darkrai|100/100
|turn|11
|
|t:|1779855893
|-terastallize|p2a: Iron Crown|Steel
|move|p1a: Zzz|Trick|p2a: Iron Crown
|-activate|p1a: Zzz|move: Trick|[of] p2a: Iron Crown
|-item|p2a: Iron Crown|Choice Scarf|[from] move: Trick
|-item|p1a: Zzz|Choice Specs|[from] move: Trick
|move|p2a: Iron Crown|Tachyon Cutter|p1a: Zzz
|-damage|p1a: Zzz|54/100
|-damage|p1a: Zzz|7/100
|-hitcount|p1a: Zzz|2
|
|-weather|Sandstorm|[upkeep]
|-damage|p1a: Zzz|1/100|[from] Sandstorm
|upkeep
|turn|12
|
|t:|1779855906
|move|p2a: Iron Crown|Tachyon Cutter|p1a: Zzz
|-damage|p1a: Zzz|0 fnt
|faint|p1a: Zzz
|-hitcount|p1: Zzz|1
|
|-weather|Sandstorm|[upkeep]
|upkeep
|
|t:|1779855907
|switch|p1a: SHOXY|Zapdos|100/100
|turn|13
|
|t:|1779855915
|move|p2a: Iron Crown|Tachyon Cutter|p1a: SHOXY
|-resisted|p1a: SHOXY
|-damage|p1a: SHOXY|78/100
|-resisted|p1a: SHOXY
|-damage|p1a: SHOXY|57/100
|-hitcount|p1a: SHOXY|2
|move|p1a: SHOXY|Heat Wave|p2a: Iron Crown
|-supereffective|p2a: Iron Crown
|-damage|p2a: Iron Crown|0 fnt
|faint|p2a: Iron Crown
|-end|p2a: Iron Crown|Quark Drive|[silent]
|
|-weather|none
|upkeep
|
|t:|1779855940
|switch|p2a: Darkrai|Darkrai|100/100
|-damage|p2a: Darkrai|88/100|[from] Stealth Rock
|turn|14
|
|t:|1779855944
|move|p2a: Darkrai|Sludge Bomb|p1a: SHOXY
|-damage|p1a: SHOXY|21/100
|-status|p1a: SHOXY|psn
|move|p1a: SHOXY|Heat Wave|p2a: Darkrai
|-damage|p2a: Darkrai|24/100
|
|-damage|p1a: SHOXY|9/100 psn|[from] psn
|upkeep
|turn|15
|
|t:|1779855954
|move|p2a: Darkrai|Sludge Bomb|p1a: SHOXY
|-damage|p1a: SHOXY|0 fnt
|faint|p1a: SHOXY
|
|upkeep
|
|t:|1779855956
|switch|p1a: RUNE 2H|Iron Valiant|100/100
|-enditem|p1a: RUNE 2H|Booster Energy
|-activate|p1a: RUNE 2H|ability: Quark Drive|[fromitem]
|-start|p1a: RUNE 2H|quarkdrivespe
|turn|16
|
|t:|1779855963
|move|p2a: Darkrai|Sludge Bomb|p1a: RUNE 2H
|-supereffective|p1a: RUNE 2H
|-damage|p1a: RUNE 2H|0 fnt
|faint|p1a: RUNE 2H
|-end|p1a: RUNE 2H|Quark Drive|[silent]
|
|win|iamnew2024
|raw|TWENNY7's rating: 1366 &rarr; <strong>1349</strong><br />(-17 for losing)
|raw|iamnew2024's rating: 1411 &rarr; <strong>1428</strong><br />(+17 for winning)
|l|☆TWENNY7
|player|p1|
|l|☆iamnew2024
|player|p2|
