|j|☆hunter098
|j|☆Supmydude777
|t:|1779823123
|gametype|singles
|player|p1|hunter098|caitlin|1592
|player|p2|Supmydude777|2|1547
|gen|9
|tier|[Gen 9] OU
|rated|
|rule|HP Percentage Mod: HP is shown in percentages
|rule|Endless Battle Clause: Forcing endless battles is banned
|rule|Species Clause: Limit one of each Pokémon
|rule|OHKO Clause: OHKO moves are banned
|rule|Evasion Items Clause: Evasion items are banned
|rule|Evasion Moves Clause: Evasion moves are banned
|rule|Evasion Abilities Clause: Evasion abilities are banned
|rule|Sleep Moves Clause: Sleep-inducing moves are banned
|clearpoke
|poke|p1|Kyurem|
|poke|p1|Slowking-Galar, M|
|poke|p1|Cinderace, M|
|poke|p1|Corviknight, F|
|poke|p1|Ting-Lu|
|poke|p1|Dondozo, M|
|poke|p2|Ogerpon-Wellspring, F|
|poke|p2|Raging Bolt|
|poke|p2|Cinderace, F|
|poke|p2|Corviknight, F|
|poke|p2|Ting-Lu|
|poke|p2|Gengar, F|
|teampreview
|inactive|Battle timer is ON: inactive players will automatically lose when time's up. (requested by hunter098)
|
|t:|1779823132
|teamsize|p1|6
|teamsize|p2|6
|start
|switch|p1a: Kyurem|Kyurem|100/100
|switch|p2a: Cinderace|Cinderace, F|100/100
|-ability|p1a: Kyurem|Pressure
|turn|1
|
|t:|1779823143
|switch|p1a: Dondozo|Dondozo, M|100/100
|move|p2a: Cinderace|Low Kick|p1a: Dondozo
|-start|p2a: Cinderace|typechange|Fighting|[from] ability: Libero
|-damage|p1a: Dondozo|59/100
|
|-heal|p1a: Dondozo|65/100|[from] item: Leftovers
|upkeep
|turn|2
|
|t:|1779823151
|move|p2a: Cinderace|Low Kick|p1a: Dondozo
|-damage|p1a: Dondozo|24/100
|move|p1a: Dondozo|Waterfall|p2a: Cinderace
|-damage|p2a: Cinderace|63/100
|
|-heal|p1a: Dondozo|30/100|[from] item: Leftovers
|upkeep
|turn|3
|
|t:|1779823161
|switch|p1a: Slowking|Slowking-Galar, M|100/100
|move|p2a: Cinderace|Low Kick|p1a: Slowking
|-resisted|p1a: Slowking
|-damage|p1a: Slowking|85/100
|
|upkeep
|turn|4
|j| Wildkoter
|
|t:|1779823173
|switch|p2a: Corviknight|Corviknight, F|100/100
|-prepare|p1a: Slowking|Chilly Reception|[premajor]
|move|p1a: Slowking|Chilly Reception|p1a: Slowking
|-weather|Snowscape
|
|t:|1779823177
|switch|p1a: Cinderace|Cinderace, M|100/100|[from] Chilly Reception
|
|-weather|Snowscape|[upkeep]
|upkeep
|turn|5
|
|t:|1779823186
|switch|p2a: Cinderace|Cinderace, F|63/100
|move|p1a: Cinderace|Pyro Ball|p2a: Cinderace
|-resisted|p2a: Cinderace
|-damage|p2a: Cinderace|22/100
|
|-weather|Snowscape|[upkeep]
|upkeep
|turn|6
|
|t:|1779823194
|switch|p2a: Raging Bolt|Raging Bolt|100/100
|-enditem|p2a: Raging Bolt|Booster Energy
|-activate|p2a: Raging Bolt|ability: Protosynthesis|[fromitem]
|-start|p2a: Raging Bolt|protosynthesisspa
|move|p1a: Cinderace|Pyro Ball|p2a: Raging Bolt
|-resisted|p2a: Raging Bolt
|-damage|p2a: Raging Bolt|72/100
|
|-weather|Snowscape|[upkeep]
|upkeep
|turn|7
|
|t:|1779823205
|switch|p1a: Ting-Lu|Ting-Lu|100/100
|-ability|p1a: Ting-Lu|Vessel of Ruin
|-end|p2a: Raging Bolt|Protosynthesis|[silent]
|switch|p2a: Cinderace|Cinderace, F|22/100
|
|-weather|Snowscape|[upkeep]
|upkeep
|turn|8
|
|t:|1779823216
|switch|p1a: Dondozo|Dondozo, M|30/100
|move|p2a: Cinderace|U-turn|p1a: Dondozo
|-start|p2a: Cinderace|typechange|Bug|[from] ability: Libero
|-damage|p1a: Dondozo|8/100
|
|t:|1779823228
|switch|p2a: Ogerpon|Ogerpon-Wellspring, F|100/100|[from] U-turn
|
|-weather|none
|-heal|p1a: Dondozo|14/100|[from] item: Leftovers
|upkeep
|turn|9
|
|t:|1779823237
|switch|p1a: Corviknight|Corviknight, F|100/100
|-ability|p1a: Corviknight|Pressure
|move|p2a: Ogerpon|Power Whip|p1a: Corviknight
|-resisted|p1a: Corviknight
|-damage|p1a: Corviknight|90/100
|-damage|p2a: Ogerpon|84/100|[from] item: Rocky Helmet|[of] p1a: Corviknight
|
|upkeep
|turn|10
|
|t:|1779823249
|-terastallize|p2a: Ogerpon|Water
|detailschange|p2a: Ogerpon|Ogerpon-Wellspring-Tera, F, tera:Water
|-ability|p2a: Ogerpon|Embody Aspect (Wellspring)|boost
|-boost|p2a: Ogerpon|spd|1
|move|p2a: Ogerpon|Swords Dance|p2a: Ogerpon
|-boost|p2a: Ogerpon|atk|2
|move|p1a: Corviknight|U-turn|p2a: Ogerpon
|-damage|p2a: Ogerpon|64/100
|
|t:|1779823269
|switch|p1a: Cinderace|Cinderace, M|100/100|[from] U-turn
|
|upkeep
|turn|11
|
|t:|1779823285
|move|p1a: Cinderace|U-turn|p2a: Ogerpon
|-start|p1a: Cinderace|typechange|Bug|[from] ability: Libero
|-damage|p2a: Ogerpon|19/100
|
|t:|1779823292
|switch|p1a: Corviknight|Corviknight, F|90/100|[from] U-turn
|-ability|p1a: Corviknight|Pressure
|move|p2a: Ogerpon|Ivy Cudgel|p1a: Corviknight|[anim] Ivy Cudgel Water
|-damage|p1a: Corviknight|0 fnt
|faint|p1a: Corviknight
|
|upkeep
|
|t:|1779823294
|switch|p1a: Cinderace|Cinderace, M|100/100
|turn|12
|
|t:|1779823302
|switch|p2a: Corviknight|Corviknight, F|100/100
|move|p1a: Cinderace|U-turn|p2a: Corviknight
|-start|p1a: Cinderace|typechange|Bug|[from] ability: Libero
|-resisted|p2a: Corviknight
|-damage|p2a: Corviknight|95/100
|
|t:|1779823306
|switch|p1a: Kyurem|Kyurem|100/100|[from] U-turn
|-ability|p1a: Kyurem|Pressure
|
|-heal|p2a: Corviknight|100/100|[from] item: Leftovers
|upkeep
|turn|13
|
|t:|1779823314
|move|p1a: Kyurem|Ice Beam|p2a: Corviknight
|-damage|p2a: Corviknight|30/100
|move|p2a: Corviknight|U-turn|p1a: Kyurem
|-damage|p1a: Kyurem|87/100
|
|t:|1779823321
|switch|p2a: Cinderace|Cinderace, F|22/100|[from] U-turn
|
|upkeep
|turn|14
|
|t:|1779823330
|switch|p1a: Dondozo|Dondozo, M|14/100
|move|p2a: Cinderace|U-turn|p1a: Dondozo
|-start|p2a: Cinderace|typechange|Bug|[from] ability: Libero
|-damage|p1a: Dondozo|0 fnt
|faint|p1a: Dondozo
|
|t:|1779823338
|switch|p2a: Gengar|Gengar, F|100/100|[from] U-turn
|
|upkeep
|
|t:|1779823342
|switch|p1a: Ting-Lu|Ting-Lu|100/100
|-ability|p1a: Ting-Lu|Vessel of Ruin
|turn|15
|
|t:|1779823350
|move|p2a: Gengar|Trick|p1a: Ting-Lu
|-activate|p2a: Gengar|move: Trick|[of] p1a: Ting-Lu
|-item|p1a: Ting-Lu|Choice Scarf|[from] move: Trick
|-item|p2a: Gengar|Leftovers|[from] move: Trick
|move|p1a: Ting-Lu|Stealth Rock|p2a: Gengar
|-sidestart|p2: Supmydude777|move: Stealth Rock
|
|upkeep
|turn|16
|
|t:|1779823357
|switch|p1a: Slowking|Slowking-Galar, M|100/100
|move|p2a: Gengar|Shadow Ball|p1a: Slowking
|-supereffective|p1a: Slowking
|-damage|p1a: Slowking|55/100
|-unboost|p1a: Slowking|spd|1
|
|upkeep
|turn|17
|
|t:|1779823364
|switch|p1a: Ting-Lu|Ting-Lu|100/100
|-ability|p1a: Ting-Lu|Vessel of Ruin
|move|p2a: Gengar|Shadow Ball|p1a: Ting-Lu
|-resisted|p1a: Ting-Lu
|-damage|p1a: Ting-Lu|91/100
|
|upkeep
|turn|18
|
|t:|1779823371
|switch|p2a: Corviknight|Corviknight, F|30/100
|-damage|p2a: Corviknight|18/100|[from] Stealth Rock
|move|p1a: Ting-Lu|Whirlwind|p2a: Corviknight
|drag|p2a: Raging Bolt|Raging Bolt|72/100
|-damage|p2a: Raging Bolt|60/100|[from] Stealth Rock
|
|upkeep
|turn|19
|
|t:|1779823379
|switch|p1a: Slowking|Slowking-Galar, M|88/100
|move|p2a: Raging Bolt|Dragon Pulse|p1a: Slowking
|-damage|p1a: Slowking|57/100
|
|upkeep
|turn|20
|
|t:|1779823384
|move|p2a: Raging Bolt|Dragon Pulse|p1a: Slowking
|-damage|p1a: Slowking|29/100
|-prepare|p1a: Slowking|Chilly Reception|[premajor]
|move|p1a: Slowking|Chilly Reception|p1a: Slowking
|-weather|Snowscape
|
|t:|1779823387
|switch|p1a: Kyurem|Kyurem|87/100|[from] Chilly Reception
|-ability|p1a: Kyurem|Pressure
|
|-weather|Snowscape|[upkeep]
|upkeep
|turn|21
|j| rexa2
|
|t:|1779823398
|move|p2a: Raging Bolt|Thunderclap|p1a: Kyurem
|-resisted|p1a: Kyurem
|-damage|p1a: Kyurem|66/100
|move|p1a: Kyurem|Blizzard|p2a: Raging Bolt
|-supereffective|p2a: Raging Bolt
|-damage|p2a: Raging Bolt|0 fnt
|faint|p2a: Raging Bolt
|-end|p2a: Raging Bolt|Protosynthesis|[silent]
|
|-weather|Snowscape|[upkeep]
|upkeep
|
|t:|1779823411
|switch|p2a: Gengar|Gengar, F|100/100
|-damage|p2a: Gengar|88/100|[from] Stealth Rock
|turn|22
|
|t:|1779823416
|switch|p1a: Ting-Lu|Ting-Lu|91/100
|-ability|p1a: Ting-Lu|Vessel of Ruin
|move|p2a: Gengar|Dazzling Gleam|p1a: Ting-Lu
|-supereffective|p1a: Ting-Lu
|-damage|p1a: Ting-Lu|69/100
|
|-weather|Snowscape|[upkeep]
|-heal|p2a: Gengar|94/100|[from] item: Leftovers
|upkeep
|turn|23
|
|t:|1779823427
|switch|p2a: Ting-Lu|Ting-Lu|100/100
|-damage|p2a: Ting-Lu|94/100|[from] Stealth Rock
|-ability|p2a: Ting-Lu|Vessel of Ruin
|move|p1a: Ting-Lu|Whirlwind|p2a: Ting-Lu
|drag|p2a: Cinderace|Cinderace, F|22/100
|-damage|p2a: Cinderace|0 fnt|[from] Stealth Rock
|faint|p2a: Cinderace
|
|-weather|Snowscape|[upkeep]
|upkeep
|
|t:|1779823438
|switch|p2a: Corviknight|Corviknight, F|18/100
|-damage|p2a: Corviknight|5/100|[from] Stealth Rock
|turn|24
|
|t:|1779823443
|switch|p1a: Slowking|Slowking-Galar, M|62/100
|move|p2a: Corviknight|Defog|p1a: Slowking
|-unboost|p1a: Slowking|evasion|1
|-sideend|p2: Supmydude777|Stealth Rock|[from] move: Defog|[of] p2a: Corviknight
|
|-weather|none
|-heal|p2a: Corviknight|12/100|[from] item: Leftovers
|upkeep
|turn|25
|j| Eternity o2
|
|t:|1779823450
|move|p2a: Corviknight|Roost|p2a: Corviknight
|-heal|p2a: Corviknight|62/100
|-singleturn|p2a: Corviknight|move: Roost
|-prepare|p1a: Slowking|Chilly Reception|[premajor]
|move|p1a: Slowking|Chilly Reception|p1a: Slowking
|-weather|Snowscape
|
|t:|1779823453
|switch|p1a: Kyurem|Kyurem|66/100|[from] Chilly Reception
|-ability|p1a: Kyurem|Pressure
|
|-weather|Snowscape|[upkeep]
|-heal|p2a: Corviknight|68/100|[from] item: Leftovers
|upkeep
|turn|26
|
|t:|1779823462
|move|p1a: Kyurem|Blizzard|p2a: Corviknight
|-damage|p2a: Corviknight|0 fnt
|faint|p2a: Corviknight
|
|-weather|Snowscape|[upkeep]
|upkeep
|
|t:|1779823467
|switch|p2a: Ogerpon|Ogerpon-Wellspring-Tera, F, tera:Water|19/100
|-ability|p2a: Ogerpon|Embody Aspect (Wellspring)|boost
|-boost|p2a: Ogerpon|spd|1
|turn|27
|
|t:|1779823476
|switch|p1a: Slowking|Slowking-Galar, M|95/100
|move|p2a: Ogerpon|Play Rough|p1a: Slowking
|-resisted|p1a: Slowking
|-damage|p1a: Slowking|77/100
|
|-weather|Snowscape|[upkeep]
|upkeep
|turn|28
|
|t:|1779823484
|move|p2a: Ogerpon|Ivy Cudgel|p1a: Slowking|[anim] Ivy Cudgel Water
|-damage|p1a: Slowking|0 fnt
|faint|p1a: Slowking
|
|-weather|Snowscape|[upkeep]
|upkeep
|
|t:|1779823486
|switch|p1a: Cinderace|Cinderace, M|100/100
|turn|29
|
|t:|1779823495
|move|p1a: Cinderace|Pyro Ball|p2a: Ogerpon
|-resisted|p2a: Ogerpon
|-damage|p2a: Ogerpon|0 fnt
|faint|p2a: Ogerpon
|detailschange|p2: Ogerpon|Ogerpon-Wellspring, F|[silent]
|
|-weather|none
|upkeep
|
|t:|1779823500
|switch|p2a: Ting-Lu|Ting-Lu|94/100
|-ability|p2a: Ting-Lu|Vessel of Ruin
|turn|30
|
|t:|1779823505
|move|p1a: Cinderace|U-turn|p2a: Ting-Lu
|-start|p1a: Cinderace|typechange|Bug|[from] ability: Libero
|-supereffective|p2a: Ting-Lu
|-damage|p2a: Ting-Lu|54/100
|
|t:|1779823507
|switch|p1a: Kyurem|Kyurem|66/100|[from] U-turn
|-ability|p1a: Kyurem|Pressure
|move|p2a: Ting-Lu|Earthquake|p1a: Kyurem
|-damage|p1a: Kyurem|33/100
|
|-heal|p2a: Ting-Lu|60/100|[from] item: Leftovers
|upkeep
|turn|31
|-message|Supmydude777 forfeited.
|
|win|hunter098
|raw|hunter098's rating: 1592 &rarr; <strong>1609</strong><br />(+17 for winning)
|raw|Supmydude777's rating: 1547 &rarr; <strong>1530</strong><br />(-17 for losing)
|l|☆Supmydude777
|player|p2|
|l|☆hunter098
|player|p1|
|l| rexa2
|j| kanaete onegai
