|j|☆DeepestButton
|j|☆ashmer06
|t:|1779894156
|gametype|singles
|player|p1|DeepestButton|hiker-gen4|1530
|player|p2|ashmer06|265|1467
|gen|9
|tier|[Gen 9] OU
|rated|
|rule|HP Percentage Mod: HP is shown in percentages
|rule|Endless Battle Clause: Forcing endless battles is banned
|rule|Species Clause: Limit one of each Pokémon
|rule|OHKO Clause: OHKO moves are banned
|rule|Evasion Items Clause: Evasion items are banned
|rule|Evasion Moves Clause: Evasion moves are banned
|rule|Evasion Abilities Clause: Evasion abilities are banned
|rule|Sleep Moves Clause: Sleep-inducing moves are banned
|clearpoke
|poke|p1|Gholdengo|
|poke|p1|Darkrai|
|poke|p1|Clefable, F|
|poke|p1|Ting-Lu|
|poke|p1|Dragonite, F|
|poke|p1|Pecharunt|
|poke|p2|Hatterene, F|
|poke|p2|Cresselia, F|
|poke|p2|Ursaluna, F|
|poke|p2|Iron Hands|
|poke|p2|Hoopa-Unbound|
|poke|p2|Porygon2|
|teampreview
|inactive|Battle timer is ON: inactive players will automatically lose when time's up. (requested by ashmer06)
|
|t:|1779894177
|teamsize|p1|6
|teamsize|p2|6
|start
|switch|p1a: Gholdengo|Gholdengo|100/100
|switch|p2a: Ursaluna|Ursaluna, F|100/100
|turn|1
|inactive|DeepestButton has 120 seconds left.
|
|t:|1779894215
|move|p1a: Gholdengo|Trick|p2a: Ursaluna
|-activate|p1a: Gholdengo|move: Trick|[of] p2a: Ursaluna
|-item|p2a: Ursaluna|Choice Scarf|[from] move: Trick
|-item|p1a: Gholdengo|Flame Orb|[from] move: Trick
|move|p2a: Ursaluna|Headlong Rush|p1a: Gholdengo
|-supereffective|p1a: Gholdengo
|-damage|p1a: Gholdengo|0 fnt
|-unboost|p2a: Ursaluna|def|1
|-unboost|p2a: Ursaluna|spd|1
|faint|p1a: Gholdengo
|
|upkeep
|
|t:|1779894228
|switch|p1a: Darkrai|Darkrai|100/100
|turn|2
|
|t:|1779894232
|switch|p2a: Porygon2|Porygon2|100/100
|-ability|p2a: Porygon2|Download|boost
|-boost|p2a: Porygon2|spa|1
|move|p1a: Darkrai|Ice Beam|p2a: Porygon2
|-damage|p2a: Porygon2|79/100
|-status|p2a: Porygon2|frz
|
|upkeep
|turn|3
|
|t:|1779894236
|move|p1a: Darkrai|Knock Off|p2a: Porygon2
|-damage|p2a: Porygon2|66/100 frz
|-enditem|p2a: Porygon2|Eviolite|[from] move: Knock Off|[of] p1a: Darkrai
|-curestatus|p2a: Porygon2|frz|[msg]
|move|p2a: Porygon2|Trick Room|p2a: Porygon2
|-fieldstart|move: Trick Room|[of] p2a: Porygon2
|
|upkeep
|turn|4
|
|t:|1779894245
|switch|p2a: Ursaluna|Ursaluna, F|100/100
|move|p1a: Darkrai|Dark Pulse|p2a: Ursaluna
|-damage|p2a: Ursaluna|62/100
|
|upkeep
|turn|5
|
|t:|1779894255
|switch|p1a: Dragonite|Dragonite, F|100/100
|move|p2a: Ursaluna|Facade|p1a: Dragonite
|-damage|p1a: Dragonite|81/100
|
|upkeep
|turn|6
|
|t:|1779894264
|switch|p2a: Hoopa|Hoopa-Unbound|100/100
|move|p1a: Dragonite|Roost|p1a: Dragonite
|-heal|p1a: Dragonite|100/100
|-singleturn|p1a: Dragonite|move: Roost
|
|upkeep
|turn|7
|
|t:|1779894270
|move|p2a: Hoopa|Hyperspace Fury|p1a: Dragonite
|-damage|p1a: Dragonite|78/100
|-unboost|p2a: Hoopa|def|1
|-enditem|p2a: Hoopa|Eject Pack
|
|t:|1779894276
|switch|p2a: Cresselia|Cresselia, F|100/100
|move|p1a: Dragonite|Earthquake|p2a: Cresselia
|-immune|p2a: Cresselia|[from] ability: Levitate
|
|-fieldend|move: Trick Room
|upkeep
|turn|8
|
|t:|1779894283
|switch|p1a: Ting-Lu|Ting-Lu|100/100
|-ability|p1a: Ting-Lu|Vessel of Ruin
|move|p2a: Cresselia|Ice Beam|p1a: Ting-Lu
|-supereffective|p1a: Ting-Lu
|-damage|p1a: Ting-Lu|86/100
|-enditem|p1a: Ting-Lu|Red Card|[of] p2a: Cresselia
|drag|p2a: Iron Hands|Iron Hands|100/100
|-enditem|p2a: Iron Hands|Booster Energy
|-activate|p2a: Iron Hands|ability: Quark Drive|[fromitem]
|-start|p2a: Iron Hands|quarkdriveatk
|
|upkeep
|turn|9
|
|t:|1779894300
|-terastallize|p1a: Ting-Lu|Ghost
|move|p2a: Iron Hands|Drain Punch|p1a: Ting-Lu
|-immune|p1a: Ting-Lu
|move|p1a: Ting-Lu|Stealth Rock|p2a: Iron Hands
|-sidestart|p2: ashmer06|move: Stealth Rock
|
|upkeep
|turn|10
|
|t:|1779894307
|move|p2a: Iron Hands|Thunder Punch|p1a: Ting-Lu
|-damage|p1a: Ting-Lu|58/100
|move|p1a: Ting-Lu|Earthquake|p2a: Iron Hands
|-supereffective|p2a: Iron Hands
|-damage|p2a: Iron Hands|56/100
|
|upkeep
|turn|11
|
|t:|1779894317
|-end|p2a: Iron Hands|Quark Drive|[silent]
|switch|p2a: Hoopa|Hoopa-Unbound|100/100
|-damage|p2a: Hoopa|88/100|[from] Stealth Rock
|move|p1a: Ting-Lu|Earthquake|p2a: Hoopa
|-damage|p2a: Hoopa|44/100
|
|upkeep
|turn|12
|
|t:|1779894340
|move|p1a: Ting-Lu|Earthquake|p2a: Hoopa
|-damage|p2a: Hoopa|5/100
|move|p2a: Hoopa|Trick Room|p2a: Hoopa
|-fieldstart|move: Trick Room|[of] p2a: Hoopa
|
|upkeep
|turn|13
|
|t:|1779894347
|move|p1a: Ting-Lu|Spikes|p2a: Hoopa
|-sidestart|p2: ashmer06|Spikes
|move|p2a: Hoopa|Hyperspace Fury|p1a: Ting-Lu
|-supereffective|p1a: Ting-Lu
|-damage|p1a: Ting-Lu|2/100
|-unboost|p2a: Hoopa|def|1
|
|upkeep
|turn|14
|
|t:|1779894352
|move|p1a: Ting-Lu|Earthquake|p2a: Hoopa
|-damage|p2a: Hoopa|0 fnt
|faint|p2a: Hoopa
|
|upkeep
|
|t:|1779894366
|switch|p2a: Porygon2|Porygon2|66/100
|-damage|p2a: Porygon2|54/100|[from] Stealth Rock
|-damage|p2a: Porygon2|41/100|[from] Spikes
|-ability|p2a: Porygon2|Download|boost
|-boost|p2a: Porygon2|spa|1
|turn|15
|
|t:|1779894372
|move|p1a: Ting-Lu|Earthquake|p2a: Porygon2
|-damage|p2a: Porygon2|17/100
|move|p2a: Porygon2|Thunderbolt|p1a: Ting-Lu
|-damage|p1a: Ting-Lu|0 fnt
|faint|p1a: Ting-Lu
|
|upkeep
|
|t:|1779894393
|switch|p1a: Dragonite|Dragonite, F|78/100
|turn|16
|
|t:|1779894400
|move|p1a: Dragonite|Extreme Speed|p2a: Porygon2
|-damage|p2a: Porygon2|0 fnt
|faint|p2a: Porygon2
|
|-fieldend|move: Trick Room
|upkeep
|
|t:|1779894405
|switch|p2a: Cresselia|Cresselia, F|100/100
|-damage|p2a: Cresselia|88/100|[from] Stealth Rock
|turn|17
|
|t:|1779894418
|switch|p1a: Clefable|Clefable, F|100/100
|move|p2a: Cresselia|Trick Room|p2a: Cresselia
|-fieldstart|move: Trick Room|[of] p2a: Cresselia
|
|upkeep
|turn|18
|
|t:|1779894425
|move|p2a: Cresselia|Lunar Dance|p2a: Cresselia
|faint|p2a: Cresselia
|move|p1a: Clefable|Moonblast|p2: Cresselia|[notarget]
|-fail|p1a: Clefable
|
|upkeep
|
|t:|1779894428
|switch|p2a: Iron Hands|Iron Hands|56/100
|-heal|p2a: Iron Hands|100/100|[from] move: Lunar Dance
|-damage|p2a: Iron Hands|94/100|[from] Stealth Rock
|-damage|p2a: Iron Hands|82/100|[from] Spikes
|turn|19
|
|t:|1779894439
|move|p2a: Iron Hands|Swords Dance|p2a: Iron Hands
|-boost|p2a: Iron Hands|atk|2
|move|p1a: Clefable|Moonblast|p2a: Iron Hands
|-supereffective|p2a: Iron Hands
|-damage|p2a: Iron Hands|8/100
|-unboost|p2a: Iron Hands|spa|1
|
|upkeep
|turn|20
|
|t:|1779894453
|move|p2a: Iron Hands|Thunder Punch|p1a: Clefable
|-damage|p1a: Clefable|19/100
|move|p1a: Clefable|Moonblast|p2a: Iron Hands
|-supereffective|p2a: Iron Hands
|-damage|p2a: Iron Hands|0 fnt
|faint|p2a: Iron Hands
|-end|p2a: Iron Hands|Quark Drive|[silent]
|
|upkeep
|
|t:|1779894456
|switch|p2a: Ursaluna|Ursaluna, F|62/100
|-damage|p2a: Ursaluna|56/100|[from] Stealth Rock
|-damage|p2a: Ursaluna|44/100|[from] Spikes
|turn|21
|
|t:|1779894461
|move|p2a: Ursaluna|Facade|p1a: Clefable
|-damage|p1a: Clefable|0 fnt
|faint|p1a: Clefable
|
|-fieldend|move: Trick Room
|upkeep
|
|t:|1779894465
|switch|p1a: Pecharunt|Pecharunt|100/100
|turn|22
|
|t:|1779894472
|move|p1a: Pecharunt|Nasty Plot|p1a: Pecharunt
|-boost|p1a: Pecharunt|spa|2
|move|p2a: Ursaluna|Facade|p1a: Pecharunt
|-immune|p1a: Pecharunt
|
|upkeep
|turn|23
|-message|ashmer06 forfeited.
|
|win|DeepestButton
|raw|DeepestButton's rating: 1530 &rarr; <strong>1546</strong><br />(+16 for winning)
|raw|ashmer06's rating: 1467 &rarr; <strong>1451</strong><br />(-16 for losing)
|l|☆ashmer06
|player|p2|
|l|☆DeepestButton
|player|p1|
