|j|☆Jsparxs
|j|☆xu5000
|t:|1779830337
|gametype|singles
|player|p1|Jsparxs|266|1433
|player|p2|xu5000|266|1477
|gen|9
|tier|[Gen 9] OU
|rated|
|rule|HP Percentage Mod: HP is shown in percentages
|rule|Endless Battle Clause: Forcing endless battles is banned
|rule|Species Clause: Limit one of each Pokémon
|rule|OHKO Clause: OHKO moves are banned
|rule|Evasion Items Clause: Evasion items are banned
|rule|Evasion Moves Clause: Evasion moves are banned
|rule|Evasion Abilities Clause: Evasion abilities are banned
|rule|Sleep Moves Clause: Sleep-inducing moves are banned
|clearpoke
|poke|p1|Great Tusk|
|poke|p1|Zamazenta-*|
|poke|p1|Iron Valiant|
|poke|p1|Gallade, M|
|poke|p1|Kommo-o, F|
|poke|p1|Okidogi, M|
|poke|p2|Weezing-Galar, F|
|poke|p2|Alomomola, F|
|poke|p2|Iron Treads|
|poke|p2|Tornadus-Therian, M|
|poke|p2|Zamazenta-*|
|poke|p2|Lokix, M|
|teampreview
|c|☆Jsparxs|glhf
|c|☆xu5000|glhf!
|
|t:|1779830351
|teamsize|p1|6
|teamsize|p2|6
|start
|switch|p1a: Gallade|Gallade, M|100/100
|switch|p2a: Alomomola|Alomomola, F|100/100
|turn|1
|
|t:|1779830366
|switch|p1a: Iron Valiant|Iron Valiant|100/100
|move|p2a: Alomomola|Flip Turn|p1a: Iron Valiant
|-damage|p1a: Iron Valiant|81/100
|
|t:|1779830372
|switch|p2a: Tornadus|Tornadus-Therian, M|100/100|[from] Flip Turn
|
|upkeep
|turn|2
|c|☆xu5000|just realised you're mono fighting xD
|c|☆xu5000|cool team!
|
|t:|1779830407
|move|p2a: Tornadus|Bleakwind Storm|p1a: Iron Valiant
|-supereffective|p1a: Iron Valiant
|-damage|p1a: Iron Valiant|0 fnt
|faint|p1a: Iron Valiant
|-end|p1a: Iron Valiant|Quark Drive|[silent]
|
|upkeep
|
|t:|1779830416
|switch|p1a: Gallade|Gallade, M|100/100
|turn|3
|
|t:|1779830431
|move|p2a: Tornadus|U-turn|p1a: Gallade
|-damage|p1a: Gallade|76/100
|
|t:|1779830433
|switch|p2a: Alomomola|Alomomola, F|100/100|[from] U-turn
|move|p1a: Gallade|Sacred Sword|p2a: Alomomola
|-damage|p2a: Alomomola|54/100
|-damage|p1a: Gallade|59/100|[from] item: Rocky Helmet|[of] p2a: Alomomola
|
|upkeep
|turn|4
|
|t:|1779830447
|move|p1a: Gallade|Psycho Cut|p2a: Alomomola
|-damage|p2a: Alomomola|17/100
|move|p2a: Alomomola|Flip Turn|p1a: Gallade
|-damage|p1a: Gallade|29/100
|
|t:|1779830456
|switch|p2a: Tornadus|Tornadus-Therian, M|100/100|[from] Flip Turn
|
|upkeep
|turn|5
|
|t:|1779830468
|-terastallize|p1a: Gallade|Dark
|move|p2a: Tornadus|Bleakwind Storm|p1a: Gallade
|-damage|p1a: Gallade|8/100
|move|p1a: Gallade|Triple Axel|p2a: Tornadus
|-supereffective|p2a: Tornadus
|-damage|p2a: Tornadus|82/100
|-supereffective|p2a: Tornadus
|-damage|p2a: Tornadus|48/100
|-supereffective|p2a: Tornadus
|-damage|p2a: Tornadus|0 fnt
|faint|p2a: Tornadus
|-hitcount|p2: Tornadus|3
|
|upkeep
|c|☆xu5000|wow
|
|t:|1779830480
|switch|p2a: Lokix|Lokix, M|100/100
|turn|6
|c|☆Jsparxs|Phew
|
|t:|1779830501
|switch|p1a: Okidogi|Okidogi, M|100/100
|move|p2a: Lokix|First Impression|p1a: Okidogi
|-resisted|p1a: Okidogi
|-damage|p1a: Okidogi|73/100
|
|upkeep
|turn|7
|
|t:|1779830509
|switch|p2a: Weezing|Weezing-Galar, F|100/100
|-ability|p2a: Weezing|Neutralizing Gas
|move|p1a: Okidogi|Thunder Punch|p2a: Weezing
|-damage|p2a: Weezing|81/100
|
|-heal|p2a: Weezing|87/100|[from] item: Leftovers
|upkeep
|turn|8
|
|t:|1779830519
|move|p1a: Okidogi|Thunder Punch|p2a: Weezing
|-damage|p2a: Weezing|69/100
|move|p2a: Weezing|Will-O-Wisp|p1a: Okidogi
|-status|p1a: Okidogi|brn
|
|-heal|p2a: Weezing|75/100|[from] item: Leftovers
|-damage|p1a: Okidogi|67/100 brn|[from] brn
|upkeep
|turn|9
|
|t:|1779830528
|-end|p2a: Weezing|ability: Neutralizing Gas
|switch|p2a: Iron Treads|Iron Treads|100/100
|move|p1a: Okidogi|Drain Punch|p2a: Iron Treads
|-supereffective|p2a: Iron Treads
|-damage|p2a: Iron Treads|62/100
|-heal|p1a: Okidogi|85/100 brn|[from] drain|[of] p2a: Iron Treads
|
|-heal|p2a: Iron Treads|68/100|[from] item: Leftovers
|-damage|p1a: Okidogi|79/100 brn|[from] brn
|upkeep
|turn|10
|
|t:|1779830537
|move|p2a: Iron Treads|Stealth Rock|p1a: Okidogi
|-sidestart|p1: Jsparxs|move: Stealth Rock
|move|p1a: Okidogi|Drain Punch|p2a: Iron Treads
|-supereffective|p2a: Iron Treads
|-damage|p2a: Iron Treads|29/100
|-heal|p1a: Okidogi|98/100 brn|[from] drain|[of] p2a: Iron Treads
|
|-heal|p2a: Iron Treads|35/100|[from] item: Leftovers
|-damage|p1a: Okidogi|92/100 brn|[from] brn
|upkeep
|turn|11
|
|t:|1779830540
|move|p2a: Iron Treads|Earthquake|p1a: Okidogi
|-supereffective|p1a: Okidogi
|-damage|p1a: Okidogi|26/100 brn
|move|p1a: Okidogi|Drain Punch|p2a: Iron Treads
|-supereffective|p2a: Iron Treads
|-damage|p2a: Iron Treads|0 fnt
|-heal|p1a: Okidogi|42/100 brn|[from] drain|[of] p2a: Iron Treads
|faint|p2a: Iron Treads
|-end|p2a: Iron Treads|Quark Drive|[silent]
|
|-damage|p1a: Okidogi|36/100 brn|[from] brn
|upkeep
|
|t:|1779830558
|switch|p2a: Lokix|Lokix, M|100/100
|turn|12
|
|t:|1779830566
|switch|p2a: Alomomola|Alomomola, F|51/100
|move|p1a: Okidogi|Drain Punch|p2a: Alomomola
|-damage|p2a: Alomomola|37/100
|-heal|p1a: Okidogi|45/100 brn|[from] drain|[of] p2a: Alomomola
|-damage|p1a: Okidogi|28/100 brn|[from] item: Rocky Helmet|[of] p2a: Alomomola
|
|-damage|p1a: Okidogi|22/100 brn|[from] brn
|upkeep
|turn|13
|
|t:|1779830574
|switch|p2a: Weezing|Weezing-Galar, F|75/100
|-ability|p2a: Weezing|Neutralizing Gas
|move|p1a: Okidogi|Thunder Punch|p2a: Weezing
|-damage|p2a: Weezing|65/100
|
|-heal|p2a: Weezing|71/100|[from] item: Leftovers
|-damage|p1a: Okidogi|16/100 brn|[from] brn
|upkeep
|turn|14
|
|t:|1779830582
|move|p2a: Weezing|Protect|p2a: Weezing
|-singleturn|p2a: Weezing|Protect
|move|p1a: Okidogi|Thunder Punch|p2a: Weezing
|-activate|p2a: Weezing|move: Protect
|
|-heal|p2a: Weezing|77/100|[from] item: Leftovers
|-damage|p1a: Okidogi|10/100 brn|[from] brn
|upkeep
|turn|15
|
|t:|1779830586
|move|p2a: Weezing|Protect|p2a: Weezing
|-singleturn|p2a: Weezing|Protect
|move|p1a: Okidogi|Thunder Punch|p2a: Weezing
|-activate|p2a: Weezing|move: Protect
|
|-heal|p2a: Weezing|83/100|[from] item: Leftovers
|-damage|p1a: Okidogi|4/100 brn|[from] brn
|upkeep
|turn|16
|
|t:|1779830588
|move|p2a: Weezing|Protect||[still]
|-fail|p2a: Weezing
|move|p1a: Okidogi|Thunder Punch|p2a: Weezing
|-damage|p2a: Weezing|75/100
|
|-heal|p2a: Weezing|81/100|[from] item: Leftovers
|-damage|p1a: Okidogi|0 fnt|[from] brn
|faint|p1a: Okidogi
|upkeep
|c|☆Jsparxs|Shame
|c|☆xu5000|...
|
|t:|1779830620
|switch|p1a: Great Tusk|Great Tusk|100/100
|-damage|p1a: Great Tusk|98/100|[from] Stealth Rock
|turn|17
|
|t:|1779830624
|-end|p2a: Weezing|ability: Neutralizing Gas
|switch|p2a: Alomomola|Alomomola, F|71/100
|-enditem|p1a: Great Tusk|Booster Energy
|-activate|p1a: Great Tusk|ability: Protosynthesis|[fromitem]
|-start|p1a: Great Tusk|protosynthesisatk
|move|p1a: Great Tusk|Rapid Spin|p2a: Alomomola
|-damage|p2a: Alomomola|57/100
|-boost|p1a: Great Tusk|spe|1
|-damage|p1a: Great Tusk|81/100|[from] item: Rocky Helmet|[of] p2a: Alomomola
|-sideend|p1: Jsparxs|Stealth Rock|[from] move: Rapid Spin|[of] p1a: Great Tusk
|
|upkeep
|turn|18
|
|t:|1779830632
|move|p1a: Great Tusk|Stealth Rock|p2a: Alomomola
|-sidestart|p2: xu5000|move: Stealth Rock
|move|p2a: Alomomola|Flip Turn|p1a: Great Tusk
|-supereffective|p1a: Great Tusk
|-damage|p1a: Great Tusk|56/100
|
|t:|1779830667
|switch|p2a: Weezing|Weezing-Galar, F|81/100|[from] Flip Turn
|-ability|p2a: Weezing|Neutralizing Gas
|-damage|p2a: Weezing|68/100|[from] Stealth Rock
|
|-heal|p2a: Weezing|74/100|[from] item: Leftovers
|upkeep
|turn|19
|
|t:|1779830680
|move|p2a: Weezing|Protect|p2a: Weezing
|-singleturn|p2a: Weezing|Protect
|move|p1a: Great Tusk|Headlong Rush|p2a: Weezing
|-activate|p2a: Weezing|move: Protect
|
|-heal|p2a: Weezing|80/100|[from] item: Leftovers
|upkeep
|turn|20
|
|t:|1779830688
|-terastallize|p2a: Weezing|Grass
|move|p1a: Great Tusk|Headlong Rush|p2a: Weezing
|-resisted|p2a: Weezing
|-damage|p2a: Weezing|61/100
|-unboost|p1a: Great Tusk|def|1
|-unboost|p1a: Great Tusk|spd|1
|move|p2a: Weezing|Will-O-Wisp|p1a: Great Tusk
|-status|p1a: Great Tusk|brn
|
|-heal|p2a: Weezing|67/100|[from] item: Leftovers
|-damage|p1a: Great Tusk|50/100 brn|[from] brn
|upkeep
|turn|21
|
|t:|1779830698
|-end|p2a: Weezing|ability: Neutralizing Gas
|switch|p2a: Alomomola|Alomomola, F|90/100
|-damage|p2a: Alomomola|78/100|[from] Stealth Rock
|move|p1a: Great Tusk|Close Combat|p2a: Alomomola
|-damage|p2a: Alomomola|53/100
|-unboost|p1a: Great Tusk|def|1
|-unboost|p1a: Great Tusk|spd|1
|-damage|p1a: Great Tusk|34/100 brn|[from] item: Rocky Helmet|[of] p2a: Alomomola
|
|-damage|p1a: Great Tusk|27/100 brn|[from] brn
|upkeep
|turn|22
|
|t:|1779830704
|move|p1a: Great Tusk|Close Combat|p2a: Alomomola
|-damage|p2a: Alomomola|30/100
|-unboost|p1a: Great Tusk|def|1
|-unboost|p1a: Great Tusk|spd|1
|-damage|p1a: Great Tusk|11/100 brn|[from] item: Rocky Helmet|[of] p2a: Alomomola
|move|p2a: Alomomola|Flip Turn|p1a: Great Tusk
|-supereffective|p1a: Great Tusk
|-damage|p1a: Great Tusk|0 fnt
|faint|p1a: Great Tusk
|-end|p1a: Great Tusk|Protosynthesis|[silent]
|
|t:|1779830721
|switch|p2a: Weezing|Weezing-Galar, F, tera:Grass|67/100|[from] Flip Turn
|-ability|p2a: Weezing|Neutralizing Gas
|-damage|p2a: Weezing|55/100|[from] Stealth Rock
|
|-heal|p2a: Weezing|61/100|[from] item: Leftovers
|upkeep
|
|t:|1779830734
|switch|p1a: Zamazenta|Zamazenta|100/100
|turn|23
|
|t:|1779830744
|move|p1a: Zamazenta|Iron Defense|p1a: Zamazenta
|-boost|p1a: Zamazenta|def|2
|move|p2a: Weezing|Will-O-Wisp|p1a: Zamazenta
|-status|p1a: Zamazenta|brn
|
|-heal|p2a: Weezing|67/100|[from] item: Leftovers
|-damage|p1a: Zamazenta|94/100 brn|[from] brn
|upkeep
|turn|24
|
|t:|1779830748
|move|p1a: Zamazenta|Iron Defense|p1a: Zamazenta
|-boost|p1a: Zamazenta|def|2
|move|p2a: Weezing|Defog|p1a: Zamazenta
|-unboost|p1a: Zamazenta|evasion|1
|-sideend|p2: xu5000|Stealth Rock|[from] move: Defog|[of] p2a: Weezing
|
|-heal|p1a: Zamazenta|100/100 brn|[from] item: Leftovers
|-heal|p2a: Weezing|73/100|[from] item: Leftovers
|-damage|p1a: Zamazenta|94/100 brn|[from] brn
|upkeep
|turn|25
|
|t:|1779830757
|move|p2a: Weezing|Protect|p2a: Weezing
|-singleturn|p2a: Weezing|Protect
|move|p1a: Zamazenta|Body Press|p2a: Weezing
|-activate|p2a: Weezing|move: Protect
|
|-heal|p1a: Zamazenta|100/100 brn|[from] item: Leftovers
|-heal|p2a: Weezing|79/100|[from] item: Leftovers
|-damage|p1a: Zamazenta|94/100 brn|[from] brn
|upkeep
|turn|26
|
|t:|1779830772
|-end|p2a: Weezing|ability: Neutralizing Gas
|-ability|p1a: Zamazenta|Dauntless Shield|boost
|-boost|p1a: Zamazenta|def|1
|switch|p2a: Alomomola|Alomomola, F|63/100
|move|p1a: Zamazenta|Iron Defense|p1a: Zamazenta
|-boost|p1a: Zamazenta|def|1
|
|-heal|p1a: Zamazenta|100/100 brn|[from] item: Leftovers
|-damage|p1a: Zamazenta|94/100 brn|[from] brn
|upkeep
|turn|27
|
|t:|1779830782
|move|p1a: Zamazenta|Body Press|p2a: Alomomola
|-damage|p2a: Alomomola|18/100
|-damage|p1a: Zamazenta|78/100 brn|[from] item: Rocky Helmet|[of] p2a: Alomomola
|move|p2a: Alomomola|Flip Turn|p1a: Zamazenta
|-damage|p1a: Zamazenta|74/100 brn
|c|☆xu5000|i lose
|c|☆xu5000|gg
|-message|xu5000 forfeited.
|
|win|Jsparxs
|raw|Jsparxs's rating: 1433 &rarr; <strong>1456</strong><br />(+23 for winning)
|raw|xu5000's rating: 1477 &rarr; <strong>1454</strong><br />(-23 for losing)
|c|☆Jsparxs|ggs
