|j|☆danzam284
|j|☆Vico2505
|t:|1779858576
|gametype|singles
|player|p1|danzam284|102|1101
|player|p2|Vico2505|steven|1198
|gen|9
|tier|[Gen 9] OU
|rated|
|rule|HP Percentage Mod: HP is shown in percentages
|rule|Endless Battle Clause: Forcing endless battles is banned
|rule|Species Clause: Limit one of each Pokémon
|rule|OHKO Clause: OHKO moves are banned
|rule|Evasion Items Clause: Evasion items are banned
|rule|Evasion Moves Clause: Evasion moves are banned
|rule|Evasion Abilities Clause: Evasion abilities are banned
|rule|Sleep Moves Clause: Sleep-inducing moves are banned
|clearpoke
|poke|p1|Quaquaval, M|
|poke|p1|Revavroom, F|
|poke|p1|Maushold-Four|
|poke|p1|Deoxys-Speed|
|poke|p1|Gliscor, F|
|poke|p1|Blastoise, F|
|poke|p2|Gastrodon, F|
|poke|p2|Chandelure, F|
|poke|p2|Goodra, F|
|poke|p2|Scizor, M|
|poke|p2|Iron Valiant|
|poke|p2|Gliscor, M|
|teampreview
|inactive|Battle timer is ON: inactive players will automatically lose when time's up. (requested by danzam284)
|
|t:|1779858584
|teamsize|p1|6
|teamsize|p2|6
|start
|switch|p1a: Speedy Gonzales|Deoxys-Speed, shiny|100/100
|switch|p2a: Goodra|Goodra, F|100/100
|-ability|p1a: Speedy Gonzales|Pressure
|turn|1
|
|t:|1779858595
|switch|p1a: Weird Bat Guy|Gliscor, F, shiny|100/100
|switch|p2a: Scizor|Scizor, M|100/100
|
|-status|p1a: Weird Bat Guy|tox|[from] item: Toxic Orb
|upkeep
|turn|2
|
|t:|1779858610
|switch|p1a: Salsa Dancer|Quaquaval, M, shiny|100/100
|switch|p2a: Goodra|Goodra, F|100/100
|
|upkeep
|turn|3
|
|t:|1779858617
|move|p1a: Salsa Dancer|Ice Spinner|p2a: Goodra
|-supereffective|p2a: Goodra
|-damage|p2a: Goodra|18/100
|-damage|p1a: Salsa Dancer|91/100|[from] item: Life Orb
|move|p2a: Goodra|Thunderbolt|p1a: Salsa Dancer
|-supereffective|p1a: Salsa Dancer
|-damage|p1a: Salsa Dancer|11/100
|
|upkeep
|turn|4
|
|t:|1779858626
|switch|p2a: Gastrodon|Gastrodon, F|100/100
|move|p1a: Salsa Dancer|Aqua Step|p2a: Gastrodon
|-ability|p2a: Gastrodon|Storm Drain|boost
|-boost|p2a: Gastrodon|spa|1
|
|upkeep
|turn|5
|
|t:|1779858637
|move|p1a: Salsa Dancer|Close Combat|p2a: Gastrodon
|-damage|p2a: Gastrodon|17/100
|-unboost|p1a: Salsa Dancer|def|1
|-unboost|p1a: Salsa Dancer|spd|1
|-damage|p1a: Salsa Dancer|1/100|[from] item: Life Orb
|move|p2a: Gastrodon|Earth Power|p1a: Salsa Dancer
|-damage|p1a: Salsa Dancer|0 fnt
|faint|p1a: Salsa Dancer
|
|-heal|p2a: Gastrodon|23/100|[from] item: Leftovers
|upkeep
|
|t:|1779858647
|switch|p1a: OP Rat|Maushold-Four, shiny|100/100
|turn|6
|
|t:|1779858652
|move|p2a: Gastrodon|Protect|p2a: Gastrodon
|-singleturn|p2a: Gastrodon|Protect
|move|p1a: OP Rat|Population Bomb|p2a: Gastrodon
|-activate|p2a: Gastrodon|move: Protect
|
|-heal|p2a: Gastrodon|29/100|[from] item: Leftovers
|upkeep
|turn|7
|
|t:|1779858663
|switch|p2a: Chandelure|Chandelure, F, shiny|100/100
|move|p1a: OP Rat|Population Bomb|p2a: Chandelure
|-immune|p2a: Chandelure
|
|upkeep
|turn|8
|
|t:|1779858671
|-terastallize|p2a: Chandelure|Fire
|move|p2a: Chandelure|Fire Blast|p1a: OP Rat
|-damage|p1a: OP Rat|0 fnt
|faint|p1a: OP Rat
|
|upkeep
|
|t:|1779858676
|switch|p1a: Blastoise|Blastoise, F|100/100
|turn|9
|
|t:|1779858681
|switch|p2a: Gastrodon|Gastrodon, F|29/100
|move|p1a: Blastoise|Shell Smash|p1a: Blastoise
|-unboost|p1a: Blastoise|def|1
|-unboost|p1a: Blastoise|spd|1
|-boost|p1a: Blastoise|atk|2
|-boost|p1a: Blastoise|spa|2
|-boost|p1a: Blastoise|spe|2
|-enditem|p1a: Blastoise|White Herb
|-clearnegativeboost|p1a: Blastoise|[silent]
|
|-heal|p2a: Gastrodon|35/100|[from] item: Leftovers
|upkeep
|turn|10
|
|t:|1779858695
|move|p1a: Blastoise|Ice Beam|p2a: Gastrodon
|-damage|p2a: Gastrodon|4/100
|move|p2a: Gastrodon|Earth Power|p1a: Blastoise
|-damage|p1a: Blastoise|66/100
|
|-heal|p2a: Gastrodon|10/100|[from] item: Leftovers
|upkeep
|turn|11
|c|☆danzam284|cap
|
|t:|1779858703
|move|p1a: Blastoise|Ice Beam|p2a: Gastrodon
|-crit|p2a: Gastrodon
|-damage|p2a: Gastrodon|0 fnt
|faint|p2a: Gastrodon
|
|upkeep
|
|t:|1779858715
|switch|p2a: Scizor|Scizor, M|100/100
|turn|12
|
|t:|1779858718
|move|p1a: Blastoise|Surf|p2a: Scizor
|-damage|p2a: Scizor|11/100
|move|p2a: Scizor|Trailblaze|p1a: Blastoise
|-supereffective|p1a: Blastoise
|-damage|p1a: Blastoise|0 fnt
|-boost|p2a: Scizor|spe|1
|faint|p1a: Blastoise
|
|upkeep
|
|t:|1779858726
|switch|p1a: Speedy Gonzales|Deoxys-Speed, shiny|100/100
|-ability|p1a: Speedy Gonzales|Pressure
|turn|13
|
|t:|1779858732
|switch|p2a: Chandelure|Chandelure, F, shiny, tera:Fire|100/100
|move|p1a: Speedy Gonzales|Meteor Beam||[still]
|-prepare|p1a: Speedy Gonzales|Meteor Beam
|-boost|p1a: Speedy Gonzales|spa|1
|-enditem|p1a: Speedy Gonzales|Power Herb
|-anim|p1a: Speedy Gonzales|Meteor Beam|p2a: Chandelure
|-supereffective|p2a: Chandelure
|-damage|p2a: Chandelure|0 fnt
|faint|p2a: Chandelure
|
|upkeep
|
|t:|1779858745
|switch|p2a: Scizor|Scizor, M|11/100
|turn|14
|
|t:|1779858752
|move|p2a: Scizor|Bullet Punch|p1a: Speedy Gonzales
|-damage|p1a: Speedy Gonzales|23/100
|move|p1a: Speedy Gonzales|Psychic|p2a: Scizor
|-resisted|p2a: Scizor
|-damage|p2a: Scizor|0 fnt
|faint|p2a: Scizor
|
|upkeep
|
|t:|1779858761
|switch|p2a: Iron Valiant|Iron Valiant, shiny|100/100
|-enditem|p2a: Iron Valiant|Booster Energy
|-activate|p2a: Iron Valiant|ability: Quark Drive|[fromitem]
|-start|p2a: Iron Valiant|quarkdrivespe
|turn|15
|
|t:|1779858773
|move|p2a: Iron Valiant|Spirit Break|p1a: Speedy Gonzales
|-damage|p1a: Speedy Gonzales|0 fnt
|faint|p1a: Speedy Gonzales
|
|upkeep
|
|t:|1779858776
|switch|p1a: Car|Revavroom, F, shiny|100/100
|turn|16
|
|t:|1779858787
|move|p2a: Iron Valiant|Zen Headbutt|p1a: Car
|-damage|p1a: Car|65/100
|move|p1a: Car|Iron Head|p2a: Iron Valiant
|-supereffective|p2a: Iron Valiant
|-damage|p2a: Iron Valiant|0 fnt
|faint|p2a: Iron Valiant
|-end|p2a: Iron Valiant|Quark Drive|[silent]
|-damage|p1a: Car|55/100|[from] item: Life Orb
|
|upkeep
|
|t:|1779858796
|switch|p2a: Gliscor|Gliscor, M|100/100
|turn|17
|
|t:|1779858801
|-terastallize|p1a: Car|Flying
|move|p1a: Car|Shift Gear|p1a: Car
|-boost|p1a: Car|spe|2
|-boost|p1a: Car|atk|1
|move|p2a: Gliscor|Earthquake|p1a: Car
|-immune|p1a: Car
|
|-status|p2a: Gliscor|tox|[from] item: Toxic Orb
|upkeep
|turn|18
|
|t:|1779858815
|move|p1a: Car|Iron Head|p2a: Gliscor
|-damage|p2a: Gliscor|47/100 tox
|-damage|p1a: Car|45/100|[from] item: Life Orb
|move|p2a: Gliscor|Toxic|p1a: Car
|-status|p1a: Car|tox
|
|-damage|p1a: Car|39/100 tox|[from] psn
|-heal|p2a: Gliscor|59/100 tox|[from] ability: Poison Heal
|upkeep
|turn|19
|
|t:|1779858827
|move|p2a: Gliscor|Protect|p2a: Gliscor
|-singleturn|p2a: Gliscor|Protect
|move|p1a: Car|Shift Gear|p1a: Car
|-boost|p1a: Car|spe|2
|-boost|p1a: Car|atk|1
|
|-damage|p1a: Car|27/100 tox|[from] psn
|-heal|p2a: Gliscor|71/100 tox|[from] ability: Poison Heal
|upkeep
|turn|20
|
|t:|1779858837
|move|p1a: Car|Iron Head|p2a: Gliscor
|-damage|p2a: Gliscor|0 fnt
|faint|p2a: Gliscor
|-damage|p1a: Car|17/100 tox|[from] item: Life Orb
|
|-damage|p1a: Car|0 fnt|[from] psn
|faint|p1a: Car
|upkeep
|
|t:|1779858845
|switch|p1a: Weird Bat Guy|Gliscor, F, shiny|100/100 tox
|switch|p2a: Goodra|Goodra, F|18/100
|turn|21
|
|t:|1779858851
|move|p1a: Weird Bat Guy|Facade|p2a: Goodra
|-damage|p2a: Goodra|0 fnt
|faint|p2a: Goodra
|
|win|danzam284
|raw|danzam284's rating: 1101 &rarr; <strong>1133</strong><br />(+32 for winning)
|raw|Vico2505's rating: 1198 &rarr; <strong>1166</strong><br />(-32 for losing)
|l|☆danzam284
|player|p1|
|l|☆Vico2505
|player|p2|
