|j|☆ahgkapemtkffk
|j|☆shauryagarchamp
|t:|1779966147
|gametype|singles
|player|p1|ahgkapemtkffk|101|1157
|player|p2|shauryagarchamp|elesa-masters3|1159
|gen|9
|tier|[Gen 9] OU
|rated|
|rule|HP Percentage Mod: HP is shown in percentages
|rule|Endless Battle Clause: Forcing endless battles is banned
|rule|Species Clause: Limit one of each Pokémon
|rule|OHKO Clause: OHKO moves are banned
|rule|Evasion Items Clause: Evasion items are banned
|rule|Evasion Moves Clause: Evasion moves are banned
|rule|Evasion Abilities Clause: Evasion abilities are banned
|rule|Sleep Moves Clause: Sleep-inducing moves are banned
|clearpoke
|poke|p1|Hydrapple, M|
|poke|p1|Golem-Alola, M|
|poke|p1|Slither Wing|
|poke|p1|Iron Thorns|
|poke|p1|Dragonite, F|
|poke|p1|Tinkaton, F|
|poke|p2|Iron Boulder|
|poke|p2|Ceruledge, M|
|poke|p2|Raging Bolt|
|poke|p2|Iron Valiant|
|poke|p2|Ogerpon-Wellspring, F|
|poke|p2|Kingambit, M|
|teampreview
|inactive|Battle timer is ON: inactive players will automatically lose when time's up. (requested by shauryagarchamp)
|
|t:|1779966164
|teamsize|p1|6
|teamsize|p2|6
|start
|switch|p1a: Tinkaton|Tinkaton, F|100/100
|switch|p2a: Priorlessfastturn1|Iron Boulder|100/100
|-ability|p1a: Tinkaton|Mold Breaker
|-item|p1a: Tinkaton|Air Balloon
|-enditem|p2a: Priorlessfastturn1|Booster Energy
|-activate|p2a: Priorlessfastturn1|ability: Quark Drive|[fromitem]
|-start|p2a: Priorlessfastturn1|quarkdrivespe
|turn|1
|
|t:|1779966180
|move|p2a: Priorlessfastturn1|Taunt|p1a: Tinkaton
|-start|p1a: Tinkaton|move: Taunt
|cant|p1a: Tinkaton|move: Taunt|Thunder Wave
|
|upkeep
|turn|2
|
|t:|1779966185
|move|p2a: Priorlessfastturn1|Swords Dance|p2a: Priorlessfastturn1
|-boost|p2a: Priorlessfastturn1|atk|2
|move|p1a: Tinkaton|Gigaton Hammer|p2a: Priorlessfastturn1
|-supereffective|p2a: Priorlessfastturn1
|-damage|p2a: Priorlessfastturn1|0 fnt
|faint|p2a: Priorlessfastturn1
|-end|p2a: Priorlessfastturn1|Quark Drive|[silent]
|
|upkeep
|
|t:|1779966195
|switch|p2a: Ceruledge|Ceruledge, M|100/100
|turn|3
|
|t:|1779966207
|switch|p1a: Golem|Golem-Alola, M|100/100
|move|p2a: Ceruledge|Swords Dance|p2a: Ceruledge
|-boost|p2a: Ceruledge|atk|2
|
|upkeep
|turn|4
|
|t:|1779966216
|move|p2a: Ceruledge|Close Combat|p1a: Golem
|-supereffective|p1a: Golem
|-damage|p1a: Golem|0 fnt
|-unboost|p2a: Ceruledge|def|1
|-unboost|p2a: Ceruledge|spd|1
|faint|p1a: Golem
|
|upkeep
|
|t:|1779966232
|switch|p1a: Dragonite|Dragonite, F|100/100
|turn|5
|
|t:|1779966243
|move|p2a: Ceruledge|Shadow Sneak|p1a: Dragonite
|-damage|p1a: Dragonite|78/100
|move|p1a: Dragonite|Earthquake|p2a: Ceruledge
|-supereffective|p2a: Ceruledge
|-damage|p2a: Ceruledge|0 fnt
|faint|p2a: Ceruledge
|
|upkeep
|
|t:|1779966255
|switch|p2a: Iron Valiant|Iron Valiant|100/100
|-enditem|p2a: Iron Valiant|Booster Energy
|-activate|p2a: Iron Valiant|ability: Quark Drive|[fromitem]
|-start|p2a: Iron Valiant|quarkdrivespe
|turn|6
|
|t:|1779966262
|switch|p1a: Tinkaton|Tinkaton, F|100/100
|-ability|p1a: Tinkaton|Mold Breaker
|-item|p1a: Tinkaton|Air Balloon
|move|p2a: Iron Valiant|Moonblast|p1a: Tinkaton
|-resisted|p1a: Tinkaton
|-damage|p1a: Tinkaton|84/100
|-enditem|p1a: Tinkaton|Air Balloon
|
|upkeep
|turn|7
|inactive|shauryagarchamp has 120 seconds left.
|c|☆shauryagarchamp|This is the drawback of a booster energy pokemon
|c|☆shauryagarchamp|They cant switch unless they loss their boost!
|
|t:|1779966320
|-end|p2a: Iron Valiant|Quark Drive|[silent]
|switch|p2a: Ogerpon|Ogerpon-Wellspring, F|100/100
|move|p1a: Tinkaton|Thunder Wave|p2a: Ogerpon
|-status|p2a: Ogerpon|par
|
|upkeep
|turn|8
|
|t:|1779966330
|-terastallize|p2a: Ogerpon|Water
|detailschange|p2a: Ogerpon|Ogerpon-Wellspring-Tera, F, tera:Water
|-ability|p2a: Ogerpon|Embody Aspect (Wellspring)|boost
|-boost|p2a: Ogerpon|spd|1
|move|p1a: Tinkaton|Stealth Rock|p2a: Ogerpon
|-sidestart|p2: shauryagarchamp|move: Stealth Rock
|move|p2a: Ogerpon|Swords Dance|p2a: Ogerpon
|-boost|p2a: Ogerpon|atk|2
|
|upkeep
|turn|9
|
|t:|1779966340
|move|p1a: Tinkaton|Encore|p2a: Ogerpon
|-start|p2a: Ogerpon|Encore
|move|p2a: Ogerpon|Swords Dance|p2a: Ogerpon
|-boost|p2a: Ogerpon|atk|2
|
|upkeep
|turn|10
|
|t:|1779966348
|switch|p1a: Slither Wing|Slither Wing|100/100
|move|p2a: Ogerpon|Swords Dance|p2a: Ogerpon
|-boost|p2a: Ogerpon|atk|2
|
|upkeep
|turn|11
|
|t:|1779966363
|-terastallize|p1a: Slither Wing|Bug
|move|p1a: Slither Wing|First Impression|p2a: Ogerpon
|-damage|p2a: Ogerpon|0 fnt
|faint|p2a: Ogerpon
|detailschange|p2: Ogerpon|Ogerpon-Wellspring, F|[silent]
|
|upkeep
|
|t:|1779966388
|switch|p2a: Raging Bolt|Raging Bolt|100/100
|-damage|p2a: Raging Bolt|88/100|[from] Stealth Rock
|-enditem|p2a: Raging Bolt|Booster Energy
|-activate|p2a: Raging Bolt|ability: Protosynthesis|[fromitem]
|-start|p2a: Raging Bolt|protosynthesisspa
|turn|12
|
|t:|1779966412
|move|p1a: Slither Wing|First Impression||[still]
|-hint|First Impression only works on your first turn out.
|-fail|p1a: Slither Wing
|move|p2a: Raging Bolt|Calm Mind|p2a: Raging Bolt
|-boost|p2a: Raging Bolt|spa|1
|-boost|p2a: Raging Bolt|spd|1
|
|upkeep
|turn|13
|
|t:|1779966425
|-end|p1a: Slither Wing|Protosynthesis|[silent]
|switch|p1a: Iron Thorns|Iron Thorns|100/100
|move|p2a: Raging Bolt|Thunderbolt|p1a: Iron Thorns
|-resisted|p1a: Iron Thorns
|-damage|p1a: Iron Thorns|49/100
|
|upkeep
|turn|14
|
|t:|1779966441
|move|p2a: Raging Bolt|Thunderclap|p1a: Iron Thorns
|-resisted|p1a: Iron Thorns
|-crit|p1a: Iron Thorns
|-damage|p1a: Iron Thorns|0 fnt
|faint|p1a: Iron Thorns
|-end|p1a: Iron Thorns|Quark Drive|[silent]
|
|upkeep
|
|t:|1779966454
|switch|p1a: Hydrapple|Hydrapple, M|100/100
|turn|15
|inactive|shauryagarchamp has 90 seconds left.
|
|t:|1779966475
|move|p2a: Raging Bolt|Dragon Pulse|p1a: Hydrapple
|-supereffective|p1a: Hydrapple
|-damage|p1a: Hydrapple|0 fnt
|faint|p1a: Hydrapple
|
|upkeep
|
|t:|1779966483
|switch|p1a: Slither Wing|Slither Wing, tera:Bug|100/100
|turn|16
|
|t:|1779966489
|move|p2a: Raging Bolt|Thunderbolt|p1a: Slither Wing
|-damage|p1a: Slither Wing|7/100
|move|p1a: Slither Wing|Earthquake|p2a: Raging Bolt
|-supereffective|p2a: Raging Bolt
|-damage|p2a: Raging Bolt|0 fnt
|faint|p2a: Raging Bolt
|-end|p2a: Raging Bolt|Protosynthesis|[silent]
|
|upkeep
|
|t:|1779966500
|switch|p2a: Iron Valiant|Iron Valiant|100/100
|-damage|p2a: Iron Valiant|94/100|[from] Stealth Rock
|turn|17
|
|t:|1779966508
|-end|p1a: Slither Wing|Protosynthesis|[silent]
|switch|p1a: Tinkaton|Tinkaton, F|84/100
|-ability|p1a: Tinkaton|Mold Breaker
|move|p2a: Iron Valiant|Knock Off|p1a: Tinkaton
|-resisted|p1a: Tinkaton
|-damage|p1a: Tinkaton|75/100
|
|upkeep
|turn|18
|
|t:|1779966521
|move|p2a: Iron Valiant|Icy Wind|p1a: Tinkaton
|-resisted|p1a: Tinkaton
|-damage|p1a: Tinkaton|69/100
|-unboost|p1a: Tinkaton|spe|1
|move|p1a: Tinkaton|Gigaton Hammer|p2a: Iron Valiant
|-supereffective|p2a: Iron Valiant
|-damage|p2a: Iron Valiant|0 fnt
|faint|p2a: Iron Valiant
|-end|p2a: Iron Valiant|Quark Drive|[silent]
|
|upkeep
|
|t:|1779966530
|switch|p2a: Idkifiamgudornot|Kingambit, M|100/100
|-damage|p2a: Idkifiamgudornot|94/100|[from] Stealth Rock
|-activate|p2a: Idkifiamgudornot|ability: Supreme Overlord
|-start|p2a: Idkifiamgudornot|fallen5|[silent]
|-item|p2a: Idkifiamgudornot|Air Balloon
|turn|19
|inactive|shauryagarchamp has 90 seconds left.
|
|t:|1779966557
|move|p1a: Tinkaton|Thunder Wave|p2a: Idkifiamgudornot
|-status|p2a: Idkifiamgudornot|par
|move|p2a: Idkifiamgudornot|Swords Dance|p2a: Idkifiamgudornot
|-boost|p2a: Idkifiamgudornot|atk|2
|
|upkeep
|turn|20
|inactive|shauryagarchamp has 90 seconds left.
|
|t:|1779966581
|move|p2a: Idkifiamgudornot|Sucker Punch||[still]
|-fail|p2a: Idkifiamgudornot
|move|p1a: Tinkaton|Encore|p2a: Idkifiamgudornot
|-start|p2a: Idkifiamgudornot|Encore
|
|upkeep
|turn|21
|
|t:|1779966589
|switch|p1a: Slither Wing|Slither Wing, tera:Bug|7/100
|move|p2a: Idkifiamgudornot|Sucker Punch||[still]
|-fail|p2a: Idkifiamgudornot
|
|upkeep
|turn|22
|inactive|shauryagarchamp has 90 seconds left.
|
|t:|1779966597
|move|p1a: Slither Wing|First Impression|p2a: Idkifiamgudornot
|-damage|p2a: Idkifiamgudornot|21/100 par
|-enditem|p2a: Idkifiamgudornot|Air Balloon
|move|p2a: Idkifiamgudornot|Sucker Punch||[still]
|-fail|p2a: Idkifiamgudornot
|
|upkeep
|turn|23
|
|t:|1779966604
|-end|p1a: Slither Wing|Protosynthesis|[silent]
|switch|p1a: Tinkaton|Tinkaton, F|69/100
|-ability|p1a: Tinkaton|Mold Breaker
|cant|p2a: Idkifiamgudornot|par
|
|-end|p2a: Idkifiamgudornot|Encore
|upkeep
|turn|24
|
|t:|1779966618
|move|p2a: Idkifiamgudornot|Sucker Punch|p1a: Tinkaton
|-resisted|p1a: Tinkaton
|-damage|p1a: Tinkaton|10/100
|move|p1a: Tinkaton|Gigaton Hammer|p2a: Idkifiamgudornot
|-resisted|p2a: Idkifiamgudornot
|-crit|p2a: Idkifiamgudornot
|-damage|p2a: Idkifiamgudornot|0 fnt
|faint|p2a: Idkifiamgudornot
|-end|p2a: Idkifiamgudornot|fallen5|[silent]
|
|win|ahgkapemtkffk
|raw|ahgkapemtkffk's rating: 1157 &rarr; <strong>1182</strong><br />(+25 for winning)
|raw|shauryagarchamp's rating: 1159 &rarr; <strong>1134</strong><br />(-25 for losing)
|l|☆ahgkapemtkffk
|player|p1|
