|j|☆Haxlut
|j|☆personthatwillwi
|t:|1779945360
|gametype|singles
|player|p1|Haxlut|n|1104
|player|p2|personthatwillwi|wallace|1071
|gen|9
|tier|[Gen 9] OU
|rated|
|rule|HP Percentage Mod: HP is shown in percentages
|rule|Endless Battle Clause: Forcing endless battles is banned
|rule|Species Clause: Limit one of each Pokémon
|rule|OHKO Clause: OHKO moves are banned
|rule|Evasion Items Clause: Evasion items are banned
|rule|Evasion Moves Clause: Evasion moves are banned
|rule|Evasion Abilities Clause: Evasion abilities are banned
|rule|Sleep Moves Clause: Sleep-inducing moves are banned
|clearpoke
|poke|p1|Deoxys-Speed|
|poke|p1|Armarouge, M|
|poke|p1|Corviknight, M|
|poke|p1|Pelipper, F|
|poke|p1|Lokix, F|
|poke|p1|Feraligatr, M|
|poke|p2|Mimikyu, M|
|poke|p2|Dondozo, M|
|poke|p2|Hatterene, F|
|poke|p2|Clefable, F|
|poke|p2|Iron Hands|
|poke|p2|Farigiraf, M|
|teampreview
|inactive|Battle timer is ON: inactive players will automatically lose when time's up. (requested by Haxlut)
|
|t:|1779945373
|teamsize|p1|6
|teamsize|p2|6
|start
|switch|p1a: Deoxys goes weooh|Deoxys-Speed, shiny|100/100
|switch|p2a: Mimikyu|Mimikyu, M, shiny|100/100
|-ability|p1a: Deoxys goes weooh|Pressure
|turn|1
|
|t:|1779945382
|move|p2a: Mimikyu|Shadow Sneak|p1a: Deoxys goes weooh
|-supereffective|p1a: Deoxys goes weooh
|-damage|p1a: Deoxys goes weooh|63/100
|move|p1a: Deoxys goes weooh|Thunder Wave|p2a: Mimikyu
|-status|p2a: Mimikyu|par
|
|upkeep
|turn|2
|
|t:|1779945389
|move|p1a: Deoxys goes weooh|Stealth Rock|p2a: Mimikyu
|-sidestart|p2: personthatwillwi|move: Stealth Rock
|cant|p2a: Mimikyu|par
|
|upkeep
|turn|3
|
|t:|1779945394
|move|p1a: Deoxys goes weooh|Spikes|p2a: Mimikyu
|-sidestart|p2: personthatwillwi|Spikes
|cant|p2a: Mimikyu|par
|
|upkeep
|turn|4
|
|t:|1779945401
|move|p1a: Deoxys goes weooh|Psychic Terrain|p1a: Deoxys goes weooh
|-fieldstart|move: Psychic Terrain
|move|p2a: Mimikyu|Trick Room|p2a: Mimikyu
|-fieldstart|move: Trick Room|[of] p2a: Mimikyu
|
|upkeep
|turn|5
|
|t:|1779945409
|switch|p1a: Inferouge|Armarouge, M|100/100
|cant|p2a: Mimikyu|par
|
|upkeep
|turn|6
|
|t:|1779945423
|switch|p2a: Farigiraf|Farigiraf, M, shiny|100/100
|-damage|p2a: Farigiraf|88/100|[from] Stealth Rock
|-damage|p2a: Farigiraf|76/100|[from] Spikes
|move|p1a: Inferouge|Expanding Force|p2a: Farigiraf
|-resisted|p2a: Farigiraf
|-damage|p2a: Farigiraf|28/100
|
|upkeep
|turn|7
|
|t:|1779945433
|move|p2a: Farigiraf|Hyper Voice|p1a: Inferouge
|-damage|p1a: Inferouge|48/100
|-enditem|p2a: Farigiraf|Throat Spray
|-boost|p2a: Farigiraf|spa|1|[from] item: Throat Spray
|move|p1a: Inferouge|Expanding Force|p2a: Farigiraf
|-resisted|p2a: Farigiraf
|-damage|p2a: Farigiraf|0 fnt
|faint|p2a: Farigiraf
|
|upkeep
|
|t:|1779945443
|switch|p2a: Hatterene|Hatterene, F, shiny|100/100
|-damage|p2a: Hatterene|88/100|[from] Stealth Rock
|-damage|p2a: Hatterene|76/100|[from] Spikes
|turn|8
|
|t:|1779945454
|move|p2a: Hatterene|Swords Dance|p2a: Hatterene
|-boost|p2a: Hatterene|atk|2
|move|p1a: Inferouge|Expanding Force|p2a: Hatterene
|-resisted|p2a: Hatterene
|-damage|p2a: Hatterene|27/100
|
|-fieldend|move: Trick Room
|-fieldend|move: Psychic Terrain
|upkeep
|turn|9
|
|t:|1779945463
|move|p1a: Inferouge|Clear Smog|p2a: Hatterene
|-supereffective|p2a: Hatterene
|-damage|p2a: Hatterene|0 fnt
|-clearboost|p2a: Hatterene
|faint|p2a: Hatterene
|
|upkeep
|
|t:|1779945478
|switch|p2a: Dondozo|Dondozo, M, shiny|100/100
|-damage|p2a: Dondozo|88/100|[from] Stealth Rock
|-damage|p2a: Dondozo|75/100|[from] Spikes
|turn|10
|
|t:|1779945484
|switch|p1a: Deoxys goes weooh|Deoxys-Speed, shiny|63/100
|-ability|p1a: Deoxys goes weooh|Pressure
|move|p2a: Dondozo|Rock Slide|p1a: Deoxys goes weooh
|-damage|p1a: Deoxys goes weooh|36/100
|
|upkeep
|turn|11
|
|t:|1779945492
|move|p1a: Deoxys goes weooh|Thunder Wave|p2a: Dondozo
|-status|p2a: Dondozo|par
|move|p2a: Dondozo|Liquidation|p1a: Deoxys goes weooh
|-damage|p1a: Deoxys goes weooh|0 fnt
|faint|p1a: Deoxys goes weooh
|
|upkeep
|
|t:|1779945514
|switch|p1a: Pepper|Pelipper, F|100/100
|-weather|RainDance|[from] ability: Drizzle|[of] p1a: Pepper
|turn|12
|
|t:|1779945520
|move|p1a: Pepper|Hurricane|p2a: Dondozo
|-damage|p2a: Dondozo|44/100 par
|move|p2a: Dondozo|Rock Slide|p1a: Pepper
|-supereffective|p1a: Pepper
|-damage|p1a: Pepper|54/100
|
|-weather|RainDance|[upkeep]
|upkeep
|turn|13
|
|t:|1779945528
|move|p1a: Pepper|Hurricane|p2a: Dondozo
|-damage|p2a: Dondozo|14/100 par
|-start|p2a: Dondozo|confusion
|-activate|p2a: Dondozo|confusion
|-damage|p2a: Dondozo|8/100 par|[from] confusion
|
|-weather|RainDance|[upkeep]
|upkeep
|turn|14
|
|t:|1779945537
|move|p1a: Pepper|Roost|p1a: Pepper
|-heal|p1a: Pepper|100/100
|-singleturn|p1a: Pepper|move: Roost
|-activate|p2a: Dondozo|confusion
|cant|p2a: Dondozo|par
|
|-weather|RainDance|[upkeep]
|upkeep
|turn|15
|
|t:|1779945545
|move|p1a: Pepper|Hurricane|p2a: Dondozo
|-damage|p2a: Dondozo|0 fnt
|faint|p2a: Dondozo
|
|-weather|RainDance|[upkeep]
|upkeep
|
|t:|1779945550
|switch|p2a: Mimikyu|Mimikyu, M, shiny|100/100 par
|-damage|p2a: Mimikyu|88/100 par|[from] Stealth Rock
|-damage|p2a: Mimikyu|76/100 par|[from] Spikes
|turn|16
|
|t:|1779945558
|move|p1a: Pepper|Weather Ball|p2a: Mimikyu
|-activate|p2a: Mimikyu|ability: Disguise
|-damage|p2a: Mimikyu|76/100 par
|detailschange|p2a: Mimikyu|Mimikyu-Busted, M, shiny
|-damage|p2a: Mimikyu|63/100 par|[from] pokemon: Mimikyu-Busted
|move|p2a: Mimikyu|Trick Room|p2a: Mimikyu
|-fieldstart|move: Trick Room|[of] p2a: Mimikyu
|
|-weather|none
|upkeep
|turn|17
|
|t:|1779945568
|move|p2a: Mimikyu|Pain Split|p1a: Pepper
|-sethp|p1a: Pepper|85/100|[from] move: Pain Split|[silent]
|-sethp|p2a: Mimikyu|78/100 par|[from] move: Pain Split
|move|p1a: Pepper|Hurricane|p2a: Mimikyu|[miss]
|-miss|p1a: Pepper|p2a: Mimikyu
|
|upkeep
|turn|18
|
|t:|1779945580
|switch|p1a: Cyvailus|Corviknight, M|100/100
|move|p2a: Mimikyu|Shadow Sneak|p1a: Cyvailus
|-damage|p1a: Cyvailus|91/100
|-damage|p2a: Mimikyu|61/100 par|[from] item: Rocky Helmet|[of] p1a: Cyvailus
|
|upkeep
|turn|19
|
|t:|1779945588
|cant|p2a: Mimikyu|par
|move|p1a: Cyvailus|Iron Defense|p1a: Cyvailus
|-boost|p1a: Cyvailus|def|2
|
|upkeep
|turn|20
|
|t:|1779945594
|cant|p2a: Mimikyu|par
|move|p1a: Cyvailus|Iron Head|p2a: Mimikyu
|-supereffective|p2a: Mimikyu
|-damage|p2a: Mimikyu|2/100 par
|
|-fieldend|move: Trick Room
|upkeep
|turn|21
|
|t:|1779945602
|move|p1a: Cyvailus|Iron Head|p2a: Mimikyu
|-supereffective|p2a: Mimikyu
|-crit|p2a: Mimikyu
|-damage|p2a: Mimikyu|0 fnt
|faint|p2a: Mimikyu
|
|upkeep
|
|t:|1779945608
|switch|p2a: Clefable|Clefable, F, shiny|100/100
|turn|22
|
|t:|1779945616
|move|p1a: Cyvailus|Iron Head|p2a: Clefable
|-supereffective|p2a: Clefable
|-damage|p2a: Clefable|38/100
|move|p2a: Clefable|Flamethrower|p1a: Cyvailus
|-supereffective|p1a: Cyvailus
|-damage|p1a: Cyvailus|34/100
|
|-heal|p2a: Clefable|44/100|[from] item: Leftovers
|upkeep
|turn|23
|
|t:|1779945629
|move|p1a: Cyvailus|Iron Head|p2a: Clefable
|-supereffective|p2a: Clefable
|-damage|p2a: Clefable|0 fnt
|faint|p2a: Clefable
|
|upkeep
|
|t:|1779945632
|switch|p2a: Iron Hands|Iron Hands|100/100
|-damage|p2a: Iron Hands|94/100|[from] Stealth Rock
|-damage|p2a: Iron Hands|82/100|[from] Spikes
|turn|24
|
|t:|1779945639
|move|p1a: Cyvailus|Body Press|p2a: Iron Hands
|-damage|p2a: Iron Hands|50/100
|-enditem|p2a: Iron Hands|Sitrus Berry|[eat]
|-heal|p2a: Iron Hands|75/100|[from] item: Sitrus Berry
|move|p2a: Iron Hands|Belly Drum|p2a: Iron Hands
|-damage|p2a: Iron Hands|25/100
|-setboost|p2a: Iron Hands|atk|6|[from] move: Belly Drum
|
|upkeep
|turn|25
|
|t:|1779945655
|move|p1a: Cyvailus|Body Press|p2a: Iron Hands
|-damage|p2a: Iron Hands|0 fnt
|faint|p2a: Iron Hands
|-end|p2a: Iron Hands|Quark Drive|[silent]
|
|win|Haxlut
|raw|Haxlut's rating: 1104 &rarr; <strong>1127</strong><br />(+23 for winning)
|raw|personthatwillwi's rating: 1071 &rarr; <strong>1052</strong><br />(-19 for losing)
|l|☆personthatwillwi
|player|p2|
|l|☆Haxlut
|player|p1|
