|j|☆choco121507
|j|‽Kuzanv
|t:|1779807510
|gametype|singles
|player|p1|choco121507|266|1128
|player|p2|Kuzanv|iris-gen5bw2|1095
|gen|9
|tier|[Gen 9] OU
|rated|
|rule|HP Percentage Mod: HP is shown in percentages
|rule|Endless Battle Clause: Forcing endless battles is banned
|rule|Species Clause: Limit one of each Pokémon
|rule|OHKO Clause: OHKO moves are banned
|rule|Evasion Items Clause: Evasion items are banned
|rule|Evasion Moves Clause: Evasion moves are banned
|rule|Evasion Abilities Clause: Evasion abilities are banned
|rule|Sleep Moves Clause: Sleep-inducing moves are banned
|clearpoke
|poke|p1|Regieleki|
|poke|p1|Raging Bolt|
|poke|p1|Overqwil, M|
|poke|p1|Greninja-*, M|
|poke|p1|Pelipper, M|
|poke|p1|Iron Treads|
|poke|p2|Landorus-Therian, M|
|poke|p2|Iron Treads|
|poke|p2|Iron Boulder|
|poke|p2|Virizion|
|poke|p2|Primarina, F|
|poke|p2|Dragapult, M|
|teampreview
|inactive|Battle timer is ON: inactive players will automatically lose when time's up. (requested by Kuzanv)
|
|t:|1779807558
|teamsize|p1|6
|teamsize|p2|6
|start
|switch|p1a: Messenger|Pelipper, M, shiny|100/100
|switch|p2a: Landorus|Landorus-Therian, M, shiny|100/100
|-weather|RainDance|[from] ability: Drizzle|[of] p1a: Messenger
|-ability|p2a: Landorus|Intimidate|boost
|-unboost|p1a: Messenger|atk|1
|turn|1
|
|t:|1779807566
|switch|p2a: Virizion|Virizion|100/100
|move|p1a: Messenger|Weather Ball|p2a: Virizion
|-resisted|p2a: Virizion
|-damage|p2a: Virizion|73/100
|
|-weather|RainDance|[upkeep]
|upkeep
|turn|2
|
|t:|1779807580
|switch|p2a: Primarina|Primarina, F, shiny|100/100
|move|p1a: Messenger|Hurricane|p2a: Primarina
|-damage|p2a: Primarina|61/100
|
|-weather|RainDance|[upkeep]
|upkeep
|turn|3
|
|t:|1779807596
|move|p1a: Messenger|Hurricane|p2a: Primarina
|-damage|p2a: Primarina|18/100
|-start|p2a: Primarina|confusion
|-activate|p2a: Primarina|confusion
|move|p2a: Primarina|Moonblast|p1a: Messenger
|-damage|p1a: Messenger|14/100
|
|-weather|RainDance|[upkeep]
|upkeep
|turn|4
|
|t:|1779807610
|switch|p2a: Iron Treads|Iron Treads, shiny|100/100
|move|p1a: Messenger|Hurricane|p2a: Iron Treads
|-resisted|p2a: Iron Treads
|-damage|p2a: Iron Treads|84/100
|
|-weather|RainDance|[upkeep]
|upkeep
|turn|5
|
|t:|1779807620
|switch|p1a: Predator|Overqwil, M, shiny|100/100
|move|p2a: Iron Treads|Knock Off|p1a: Predator
|-resisted|p1a: Predator
|-damage|p1a: Predator|86/100
|-enditem|p1a: Predator|Life Orb|[from] move: Knock Off|[of] p2a: Iron Treads
|
|-weather|RainDance|[upkeep]
|upkeep
|turn|6
|
|t:|1779807636
|move|p1a: Predator|Swords Dance|p1a: Predator
|-boost|p1a: Predator|atk|2
|move|p2a: Iron Treads|Earthquake|p1a: Predator
|-supereffective|p1a: Predator
|-damage|p1a: Predator|0 fnt
|faint|p1a: Predator
|
|-weather|RainDance|[upkeep]
|upkeep
|
|t:|1779807640
|switch|p1a: Xeren|Greninja, M|100/100
|turn|7
|
|t:|1779807652
|-end|p2a: Iron Treads|Quark Drive|[silent]
|switch|p2a: Primarina|Primarina, F, shiny|18/100
|move|p1a: Xeren|Surf|p2a: Primarina
|-resisted|p2a: Primarina
|-damage|p2a: Primarina|0 fnt
|faint|p2a: Primarina
|-ability|p1a: Xeren|Battle Bond|boost
|-boost|p1a: Xeren|atk|1
|-boost|p1a: Xeren|spa|1
|-boost|p1a: Xeren|spe|1
|-activate|p1a: Xeren|ability: Battle Bond
|-damage|p1a: Xeren|91/100|[from] item: Life Orb
|
|-weather|RainDance|[upkeep]
|upkeep
|
|t:|1779807665
|switch|p2a: Iron Boulder|Iron Boulder|100/100
|-enditem|p2a: Iron Boulder|Booster Energy
|-activate|p2a: Iron Boulder|ability: Quark Drive|[fromitem]
|-start|p2a: Iron Boulder|quarkdrivespe
|turn|8
|
|t:|1779807679
|-terastallize|p2a: Iron Boulder|Water
|move|p1a: Xeren|Water Shuriken|p2a: Iron Boulder
|-resisted|p2a: Iron Boulder
|-damage|p2a: Iron Boulder|91/100
|-resisted|p2a: Iron Boulder
|-damage|p2a: Iron Boulder|79/100
|-resisted|p2a: Iron Boulder
|-damage|p2a: Iron Boulder|69/100
|-hitcount|p2a: Iron Boulder|3
|-damage|p1a: Xeren|81/100|[from] item: Life Orb
|move|p2a: Iron Boulder|Swords Dance|p2a: Iron Boulder
|-boost|p2a: Iron Boulder|atk|2
|
|-weather|none
|upkeep
|turn|9
|
|t:|1779807686
|move|p2a: Iron Boulder|Wild Charge|p1a: Xeren
|-supereffective|p1a: Xeren
|-damage|p1a: Xeren|0 fnt
|faint|p1a: Xeren
|-damage|p2a: Iron Boulder|52/100|[from] Recoil
|
|upkeep
|
|t:|1779807691
|switch|p1a: Whiplash|Regieleki, shiny|100/100
|turn|10
|
|t:|1779807696
|move|p2a: Iron Boulder|Mighty Cleave|p1a: Whiplash
|-damage|p1a: Whiplash|0 fnt
|faint|p1a: Whiplash
|
|upkeep
|
|t:|1779807700
|switch|p1a: Byakko|Raging Bolt|100/100
|-enditem|p1a: Byakko|Booster Energy
|-activate|p1a: Byakko|ability: Protosynthesis|[fromitem]
|-start|p1a: Byakko|protosynthesisspa
|turn|11
|
|t:|1779807717
|-end|p2a: Iron Boulder|Quark Drive|[silent]
|switch|p2a: Iron Treads|Iron Treads, shiny|84/100
|move|p1a: Byakko|Thunderclap||[still]
|-fail|p1a: Byakko
|
|upkeep
|turn|12
|
|t:|1779807723
|move|p2a: Iron Treads|Knock Off|p1a: Byakko
|-damage|p1a: Byakko|86/100
|move|p1a: Byakko|Calm Mind|p1a: Byakko
|-boost|p1a: Byakko|spa|1
|-boost|p1a: Byakko|spd|1
|
|upkeep
|turn|13
|
|t:|1779807728
|move|p2a: Iron Treads|Earthquake|p1a: Byakko
|-supereffective|p1a: Byakko
|-damage|p1a: Byakko|23/100
|move|p1a: Byakko|Dragon Pulse|p2a: Iron Treads
|-resisted|p2a: Iron Treads
|-damage|p2a: Iron Treads|47/100
|
|upkeep
|turn|14
|-message|choco121507 forfeited.
|
|win|Kuzanv
|raw|choco121507's rating: 1128 &rarr; <strong>1101</strong><br />(-27 for losing)
|raw|Kuzanv's rating: 1095 &rarr; <strong>1123</strong><br />(+28 for winning)
|l|☆choco121507
|player|p1|
|l|‽Kuzanv
|player|p2|
