|j|☆baakrisht
|j|‽sp1tf1r3
|t:|1779873330
|gametype|singles
|player|p1|baakrisht|102|1134
|player|p2|sp1tf1r3|266|1243
|gen|9
|tier|[Gen 9] OU
|rated|
|rule|HP Percentage Mod: HP is shown in percentages
|rule|Endless Battle Clause: Forcing endless battles is banned
|rule|Species Clause: Limit one of each Pokémon
|rule|OHKO Clause: OHKO moves are banned
|rule|Evasion Items Clause: Evasion items are banned
|rule|Evasion Moves Clause: Evasion moves are banned
|rule|Evasion Abilities Clause: Evasion abilities are banned
|rule|Sleep Moves Clause: Sleep-inducing moves are banned
|clearpoke
|poke|p1|Espeon, F|
|poke|p1|Goodra, F|
|poke|p1|Weezing-Galar, M|
|poke|p1|Orthworm, F|
|poke|p1|Suicune|
|poke|p1|Muk-Alola, M|
|poke|p2|Rillaboom, F|
|poke|p2|Thundurus-Therian, M|
|poke|p2|Garganacl, M|
|poke|p2|Mandibuzz, F|
|poke|p2|Hawlucha, F|
|poke|p2|Lokix, F|
|teampreview
|inactive|Battle timer is ON: inactive players will automatically lose when time's up. (requested by sp1tf1r3)
|j| legendary king 55
|
|t:|1779873340
|teamsize|p1|6
|teamsize|p2|6
|start
|switch|p1a: लाठ साहब|Weezing-Galar, M, shiny|100/100
|switch|p2a: Garganacl|Garganacl, M|100/100
|turn|1
|
|t:|1779873348
|move|p1a: लाठ साहब|Toxic Spikes|p2a: Garganacl
|-sidestart|p2: sp1tf1r3|move: Toxic Spikes
|move|p2a: Garganacl|Stealth Rock|p1a: लाठ साहब
|-sidestart|p1: baakrisht|move: Stealth Rock
|
|upkeep
|turn|2
|
|t:|1779873354
|switch|p1a: Suicune|Suicune|100/100
|-damage|p1a: Suicune|88/100|[from] Stealth Rock
|-ability|p1a: Suicune|Pressure
|move|p2a: Garganacl|Salt Cure|p1a: Suicune
|-damage|p1a: Suicune|80/100
|-start|p1a: Suicune|Salt Cure
|
|-heal|p1a: Suicune|86/100|[from] item: Leftovers
|-damage|p1a: Suicune|61/100|[from] Salt Cure
|upkeep
|turn|3
|l| legendary king 55
|
|t:|1779873368
|switch|p2a: Mandibuzz|Mandibuzz, F|100/100
|move|p1a: Suicune|Roar|p2a: Mandibuzz
|drag|p2a: Hawlucha|Hawlucha, F|100/100
|
|-heal|p1a: Suicune|67/100|[from] item: Leftovers
|-damage|p1a: Suicune|42/100|[from] Salt Cure
|upkeep
|turn|4
|
|t:|1779873388
|move|p2a: Hawlucha|Swords Dance|p2a: Hawlucha
|-boost|p2a: Hawlucha|atk|2
|move|p1a: Suicune|Roar|p2a: Hawlucha
|drag|p2a: Mandibuzz|Mandibuzz, F|100/100
|
|-heal|p1a: Suicune|49/100|[from] item: Leftovers
|-damage|p1a: Suicune|24/100|[from] Salt Cure
|upkeep
|turn|5
|
|t:|1779873400
|switch|p1a: लाठ साहब|Weezing-Galar, M, shiny|100/100
|-damage|p1a: लाठ साहब|88/100|[from] Stealth Rock
|move|p2a: Mandibuzz|Defog|p1a: लाठ साहब
|-unboost|p1a: लाठ साहब|evasion|1
|-sideend|p1: baakrisht|Stealth Rock|[from] move: Defog|[of] p2a: Mandibuzz
|-sideend|p2: sp1tf1r3|Toxic Spikes|[from] move: Defog|[of] p2a: Mandibuzz
|
|upkeep
|turn|6
|
|t:|1779873411
|move|p2a: Mandibuzz|U-turn|p1a: लाठ साहब
|-resisted|p1a: लाठ साहब
|-damage|p1a: लाठ साहब|87/100
|-damage|p2a: Mandibuzz|84/100|[from] item: Rocky Helmet|[of] p1a: लाठ साहब
|inactive|sp1tf1r3 has 120 seconds left.
|
|t:|1779873440
|switch|p2a: Thundurus|Thundurus-Therian, M|100/100|[from] U-turn
|move|p1a: लाठ साहब|Toxic Spikes|p2a: Thundurus
|-sidestart|p2: sp1tf1r3|move: Toxic Spikes
|
|upkeep
|turn|7
|
|t:|1779873448
|switch|p1a: कादो राज|Muk-Alola, M|100/100
|move|p2a: Thundurus|Thunderbolt|p1a: कादो राज
|-damage|p1a: कादो राज|71/100
|
|-heal|p1a: कादो राज|77/100|[from] item: Black Sludge
|upkeep
|turn|8
|
|t:|1779873455
|move|p2a: Thundurus|Focus Blast|p1a: कादो राज
|-damage|p1a: कादो राज|49/100
|move|p1a: कादो राज|Substitute|p1a: कादो राज
|-start|p1a: कादो राज|Substitute
|-damage|p1a: कादो राज|24/100
|
|-heal|p1a: कादो राज|30/100|[from] item: Black Sludge
|upkeep
|turn|9
|
|t:|1779873472
|move|p2a: Thundurus|Volt Switch|p1a: कादो राज
|-activate|p1a: कादो राज|move: Substitute|[damage]
|
|t:|1779873481
|switch|p2a: Garganacl|Garganacl, M|100/100|[from] Volt Switch
|move|p1a: कादो राज|Knock Off|p2a: Garganacl
|-damage|p2a: Garganacl|79/100
|-enditem|p2a: Garganacl|Leftovers|[from] move: Knock Off|[of] p1a: कादो राज
|
|-heal|p1a: कादो राज|36/100|[from] item: Black Sludge
|upkeep
|turn|10
|
|t:|1779873490
|move|p1a: कादो राज|Disable||[still]
|-fail|p1a: कादो राज
|move|p2a: Garganacl|Stealth Rock|p1a: कादो राज
|-sidestart|p1: baakrisht|move: Stealth Rock
|
|-heal|p1a: कादो राज|43/100|[from] item: Black Sludge
|upkeep
|turn|11
|
|t:|1779873495
|move|p1a: कादो राज|Knock Off|p2a: Garganacl
|-damage|p2a: Garganacl|65/100
|move|p2a: Garganacl|Salt Cure|p1a: कादो राज
|-end|p1a: कादो राज|Substitute
|
|-heal|p1a: कादो राज|49/100|[from] item: Black Sludge
|upkeep
|turn|12
|inactive|baakrisht has 120 seconds left.
|
|t:|1779873527
|move|p1a: कादो राज|Substitute|p1a: कादो राज
|-start|p1a: कादो राज|Substitute
|-damage|p1a: कादो राज|24/100
|move|p2a: Garganacl|Salt Cure|p1a: कादो राज
|-activate|p1a: कादो राज|move: Substitute|[damage]
|
|-heal|p1a: कादो राज|30/100|[from] item: Black Sludge
|upkeep
|turn|13
|inactive|baakrisht has 120 seconds left.
|
|t:|1779873543
|move|p1a: कादो राज|Disable|p2a: Garganacl
|-start|p2a: Garganacl|Disable|Salt Cure
|cant|p2a: Garganacl|Disable|Salt Cure
|
|-heal|p1a: कादो राज|36/100|[from] item: Black Sludge
|upkeep
|turn|14
|inactive|baakrisht has 120 seconds left.
|
|t:|1779873552
|move|p1a: कादो राज|Knock Off|p2a: Garganacl
|-damage|p2a: Garganacl|50/100
|move|p2a: Garganacl|Recover|p2a: Garganacl
|-heal|p2a: Garganacl|99/100
|
|-heal|p1a: कादो राज|42/100|[from] item: Black Sludge
|upkeep
|turn|15
|
|t:|1779873574
|switch|p2a: Thundurus|Thundurus-Therian, M|100/100
|move|p1a: कादो राज|Knock Off|p2a: Thundurus
|-damage|p2a: Thundurus|52/100
|-status|p2a: Thundurus|psn|[from] ability: Poison Touch|[of] p1a: कादो राज
|-enditem|p2a: Thundurus|Heavy-Duty Boots|[from] move: Knock Off|[of] p1a: कादो राज
|
|-heal|p1a: कादो राज|48/100|[from] item: Black Sludge
|-damage|p2a: Thundurus|40/100 psn|[from] psn
|upkeep
|turn|16
|
|t:|1779873588
|move|p2a: Thundurus|Volt Switch|p1a: कादो राज
|-end|p1a: कादो राज|Substitute
|inactive|sp1tf1r3 has 120 seconds left.
|
|t:|1779873623
|switch|p2a: Lokix|Lokix, F|100/100|[from] Volt Switch
|-status|p2a: Lokix|psn
|move|p1a: कादो राज|Disable||[still]
|-fail|p1a: कादो राज
|
|-heal|p1a: कादो राज|54/100|[from] item: Black Sludge
|-damage|p2a: Lokix|88/100 psn|[from] psn
|upkeep
|turn|17
|inactive|baakrisht has 120 seconds left.
|
|t:|1779873657
|switch|p1a: लाठ साहब|Weezing-Galar, M, shiny|87/100
|-damage|p1a: लाठ साहब|74/100|[from] Stealth Rock
|move|p2a: Lokix|First Impression|p1a: लाठ साहब
|-resisted|p1a: लाठ साहब
|-damage|p1a: लाठ साहब|55/100
|-damage|p2a: Lokix|72/100 psn|[from] item: Rocky Helmet|[of] p1a: लाठ साहब
|
|-damage|p2a: Lokix|59/100 psn|[from] psn
|upkeep
|turn|18
|inactive|baakrisht has 120 seconds left.
|
|t:|1779873676
|switch|p2a: Mandibuzz|Mandibuzz, F|84/100
|move|p1a: लाठ साहब|Flamethrower|p2a: Mandibuzz
|-damage|p2a: Mandibuzz|69/100
|
|upkeep
|turn|19
|
|t:|1779873684
|switch|p1a: लसलस|Goodra, F|100/100
|-damage|p1a: लसलस|88/100|[from] Stealth Rock
|move|p2a: Mandibuzz|Defog|p1a: लसलस
|-unboost|p1a: लसलस|evasion|1
|-sideend|p1: baakrisht|Stealth Rock|[from] move: Defog|[of] p2a: Mandibuzz
|-sideend|p2: sp1tf1r3|Toxic Spikes|[from] move: Defog|[of] p2a: Mandibuzz
|
|upkeep
|turn|20
|
|t:|1779873693
|move|p1a: लसलस|Rain Dance|p1a: लसलस
|-weather|RainDance
|move|p2a: Mandibuzz|Foul Play|p1a: लसलस
|-damage|p1a: लसलस|55/100
|
|-weather|RainDance|[upkeep]
|upkeep
|turn|21
|inactive|sp1tf1r3 has 120 seconds left.
|
|t:|1779873700
|move|p1a: लसलस|Thunder|p2a: Mandibuzz
|-supereffective|p2a: Mandibuzz
|-damage|p2a: Mandibuzz|22/100
|-status|p2a: Mandibuzz|par
|cant|p2a: Mandibuzz|par
|
|-weather|RainDance|[upkeep]
|upkeep
|turn|22
|
|t:|1779873708
|move|p1a: लसलस|Sludge Bomb|p2a: Mandibuzz
|-damage|p2a: Mandibuzz|3/100 par
|move|p2a: Mandibuzz|Roost|p2a: Mandibuzz
|-heal|p2a: Mandibuzz|53/100 par
|-singleturn|p2a: Mandibuzz|move: Roost
|
|-weather|RainDance|[upkeep]
|upkeep
|turn|23
|
|t:|1779873717
|move|p1a: लसलस|Thunder|p2a: Mandibuzz
|-supereffective|p2a: Mandibuzz
|-damage|p2a: Mandibuzz|10/100 par
|move|p2a: Mandibuzz|Roost|p2a: Mandibuzz
|-heal|p2a: Mandibuzz|60/100 par
|-singleturn|p2a: Mandibuzz|move: Roost
|
|-weather|RainDance|[upkeep]
|upkeep
|turn|24
|
|t:|1779873733
|switch|p2a: Rillaboom|Rillaboom, F|100/100
|-fieldstart|move: Grassy Terrain|[from] ability: Grassy Surge|[of] p2a: Rillaboom
|move|p1a: लसलस|Sludge Bomb|p2a: Rillaboom
|-supereffective|p2a: Rillaboom
|-damage|p2a: Rillaboom|45/100
|-status|p2a: Rillaboom|psn
|
|-weather|RainDance|[upkeep]
|-heal|p1a: लसलस|61/100|[from] Grassy Terrain
|-heal|p2a: Rillaboom|51/100 psn|[from] Grassy Terrain
|-damage|p2a: Rillaboom|39/100 psn|[from] psn
|upkeep
|turn|25
|inactive|sp1tf1r3 has 120 seconds left.
|
|t:|1779873760
|switch|p1a: लाठ साहब|Weezing-Galar, M, shiny|55/100
|move|p2a: Rillaboom|Wood Hammer|p1a: लाठ साहब
|-resisted|p1a: लाठ साहब
|-damage|p1a: लाठ साहब|9/100
|-damage|p2a: Rillaboom|22/100 psn|[from] item: Rocky Helmet|[of] p1a: लाठ साहब
|-damage|p2a: Rillaboom|8/100 psn|[from] Recoil
|
|-weather|RainDance|[upkeep]
|-heal|p2a: Rillaboom|14/100 psn|[from] Grassy Terrain
|-damage|p2a: Rillaboom|1/100 psn|[from] psn
|upkeep
|turn|26
|
|t:|1779873768
|switch|p1a: दील दो 💖|Orthworm, F|100/100
|move|p2a: Rillaboom|Wood Hammer|p1a: दील दो 💖
|-resisted|p1a: दील दो 💖
|-damage|p1a: दील दो 💖|66/100
|-damage|p2a: Rillaboom|0 fnt|[from] Recoil
|faint|p2a: Rillaboom
|
|-weather|RainDance|[upkeep]
|-heal|p1a: दील दो 💖|72/100|[from] Grassy Terrain
|-heal|p1a: दील दो 💖|78/100|[from] item: Leftovers
|upkeep
|
|t:|1779873775
|switch|p2a: Hawlucha|Hawlucha, F|100/100
|-enditem|p2a: Hawlucha|Grassy Seed
|-boost|p2a: Hawlucha|def|1|[from] item: Grassy Seed
|turn|27
|inactive|sp1tf1r3 has 120 seconds left.
|
|t:|1779873785
|switch|p1a: लाठ साहब|Weezing-Galar, M, shiny|9/100
|move|p2a: Hawlucha|Swords Dance|p2a: Hawlucha
|-boost|p2a: Hawlucha|atk|2
|
|-weather|none
|upkeep
|turn|28
|
|t:|1779873794
|move|p2a: Hawlucha|Acrobatics|p1a: लाठ साहब
|-damage|p1a: लाठ साहब|0 fnt
|-damage|p2a: Hawlucha|84/100|[from] item: Rocky Helmet|[of] p1a: लाठ साहब
|faint|p1a: लाठ साहब
|
|-fieldend|move: Grassy Terrain
|upkeep
|inactive|baakrisht has 120 seconds left.
|
|t:|1779873834
|switch|p1a: बिलाई मौसी|Espeon, F|100/100
|turn|29
|
|t:|1779873844
|move|p2a: Hawlucha|Acrobatics|p1a: बिलाई मौसी
|-damage|p1a: बिलाई मौसी|0 fnt
|faint|p1a: बिलाई मौसी
|
|upkeep
|
|t:|1779873852
|switch|p1a: दील दो 💖|Orthworm, F|78/100
|turn|30
|
|t:|1779873860
|-terastallize|p1a: दील दो 💖|Fighting
|move|p2a: Hawlucha|Close Combat|p1a: दील दो 💖
|-damage|p1a: दील दो 💖|21/100
|-unboost|p2a: Hawlucha|def|1
|-unboost|p2a: Hawlucha|spd|1
|move|p1a: दील दो 💖|Iron Defense|p1a: दील दो 💖
|-boost|p1a: दील दो 💖|def|2
|
|-heal|p1a: दील दो 💖|27/100|[from] item: Leftovers
|upkeep
|turn|31
|
|t:|1779873868
|move|p2a: Hawlucha|Acrobatics|p1a: दील दो 💖
|-supereffective|p1a: दील दो 💖
|-damage|p1a: दील दो 💖|0 fnt
|faint|p1a: दील दो 💖
|
|upkeep
|
|t:|1779873870
|switch|p1a: Suicune|Suicune|24/100
|-ability|p1a: Suicune|Pressure
|turn|32
|
|t:|1779873875
|move|p2a: Hawlucha|Acrobatics|p1a: Suicune
|-damage|p1a: Suicune|0 fnt
|faint|p1a: Suicune
|
|upkeep
|-message|baakrisht forfeited.
|
|win|sp1tf1r3
|raw|baakrisht's rating: 1134 &rarr; <strong>1117</strong><br />(-17 for losing)
|raw|sp1tf1r3's rating: 1243 &rarr; <strong>1260</strong><br />(+17 for winning)
|l|☆baakrisht
|player|p1|
|l|‽sp1tf1r3
|player|p2|
