|j|☆FeeshyArtist
|j|☆clouddaearth
|t:|1779838286
|gametype|singles
|player|p1|FeeshyArtist|aromalady|1308
|player|p2|clouddaearth|1|1404
|gen|9
|tier|[Gen 9] OU
|rated|
|rule|HP Percentage Mod: HP is shown in percentages
|rule|Endless Battle Clause: Forcing endless battles is banned
|rule|Species Clause: Limit one of each Pokémon
|rule|OHKO Clause: OHKO moves are banned
|rule|Evasion Items Clause: Evasion items are banned
|rule|Evasion Moves Clause: Evasion moves are banned
|rule|Evasion Abilities Clause: Evasion abilities are banned
|rule|Sleep Moves Clause: Sleep-inducing moves are banned
|clearpoke
|poke|p1|Polteageist|
|poke|p1|Slowbro-Galar, M|
|poke|p1|Iron Moth|
|poke|p1|Staraptor, F|
|poke|p1|Mamoswine, M|
|poke|p1|Tatsugiri, M|
|poke|p2|Rillaboom, F|
|poke|p2|Salazzle, F|
|poke|p2|Mimikyu, F|
|poke|p2|Sandy Shocks|
|poke|p2|Scizor, F|
|poke|p2|Gyarados, M|
|teampreview
|inactive|Battle timer is ON: inactive players will automatically lose when time's up. (requested by FeeshyArtist)
|j| shreves0
|
|t:|1779838306
|teamsize|p1|6
|teamsize|p2|6
|start
|switch|p1a: Mamoswine|Mamoswine, M|100/100
|switch|p2a: Salazzle|Salazzle, F|100/100
|turn|1
|
|t:|1779838315
|move|p2a: Salazzle|Substitute|p2a: Salazzle
|-start|p2a: Salazzle|Substitute
|-damage|p2a: Salazzle|76/100
|move|p1a: Mamoswine|Earthquake|p2a: Salazzle
|-supereffective|p2a: Salazzle
|-end|p2a: Salazzle|Substitute
|-damage|p1a: Mamoswine|91/100|[from] item: Life Orb
|
|-heal|p2a: Salazzle|82/100|[from] item: Leftovers
|upkeep
|turn|2
|
|t:|1779838324
|move|p2a: Salazzle|Protect|p2a: Salazzle
|-singleturn|p2a: Salazzle|Protect
|move|p1a: Mamoswine|Stone Edge|p2a: Salazzle
|-activate|p2a: Salazzle|move: Protect
|
|-heal|p2a: Salazzle|88/100|[from] item: Leftovers
|upkeep
|turn|3
|
|t:|1779838331
|move|p2a: Salazzle|Substitute|p2a: Salazzle
|-start|p2a: Salazzle|Substitute
|-damage|p2a: Salazzle|63/100
|move|p1a: Mamoswine|Earthquake|p2a: Salazzle
|-supereffective|p2a: Salazzle
|-end|p2a: Salazzle|Substitute
|-damage|p1a: Mamoswine|81/100|[from] item: Life Orb
|
|-heal|p2a: Salazzle|70/100|[from] item: Leftovers
|upkeep
|turn|4
|
|t:|1779838342
|switch|p2a: Gyarados|Gyarados, M|100/100
|-ability|p2a: Gyarados|Intimidate|boost
|-unboost|p1a: Mamoswine|atk|1
|move|p1a: Mamoswine|Stone Edge|p2a: Gyarados
|-supereffective|p2a: Gyarados
|-damage|p2a: Gyarados|16/100
|-damage|p1a: Mamoswine|71/100|[from] item: Life Orb
|
|upkeep
|turn|5
|
|t:|1779838352
|move|p1a: Mamoswine|Ice Shard|p2a: Gyarados
|-damage|p2a: Gyarados|0 fnt
|faint|p2a: Gyarados
|-damage|p1a: Mamoswine|61/100|[from] item: Life Orb
|
|upkeep
|
|t:|1779838355
|switch|p2a: Scizor|Scizor, F|100/100
|turn|6
|
|t:|1779838371
|switch|p1a: Iron Moth|Iron Moth|100/100
|move|p2a: Scizor|U-turn|p1a: Iron Moth
|-resisted|p1a: Iron Moth
|-damage|p1a: Iron Moth|75/100
|
|t:|1779838378
|switch|p2a: Sandy Shocks|Sandy Shocks, shiny|100/100|[from] U-turn
|-enditem|p2a: Sandy Shocks|Booster Energy
|-activate|p2a: Sandy Shocks|ability: Protosynthesis|[fromitem]
|-start|p2a: Sandy Shocks|protosynthesisspe
|
|upkeep
|turn|7
|
|t:|1779838396
|-end|p1a: Iron Moth|Quark Drive|[silent]
|switch|p1a: Staraptor|Staraptor, F|100/100
|move|p2a: Sandy Shocks|Earth Power|p1a: Staraptor
|-immune|p1a: Staraptor
|
|upkeep
|turn|8
|
|t:|1779838401
|move|p2a: Sandy Shocks|Thunderbolt|p1a: Staraptor
|-supereffective|p1a: Staraptor
|-damage|p1a: Staraptor|0 fnt
|faint|p1a: Staraptor
|
|upkeep
|
|t:|1779838403
|switch|p1a: Mamoswine|Mamoswine, M|61/100
|turn|9
|
|t:|1779838413
|-terastallize|p2a: Sandy Shocks|Ground
|move|p2a: Sandy Shocks|Power Gem|p1a: Mamoswine
|-damage|p1a: Mamoswine|30/100
|move|p1a: Mamoswine|Earthquake|p2a: Sandy Shocks
|-damage|p2a: Sandy Shocks|14/100
|-damage|p1a: Mamoswine|21/100|[from] item: Life Orb
|
|upkeep
|turn|10
|
|t:|1779838422
|move|p1a: Mamoswine|Ice Shard|p2a: Sandy Shocks
|-supereffective|p2a: Sandy Shocks
|-damage|p2a: Sandy Shocks|0 fnt
|faint|p2a: Sandy Shocks
|-end|p2a: Sandy Shocks|Protosynthesis|[silent]
|-damage|p1a: Mamoswine|11/100|[from] item: Life Orb
|
|upkeep
|
|t:|1779838425
|switch|p2a: Rillaboom|Rillaboom, F|100/100
|-fieldstart|move: Grassy Terrain|[from] ability: Grassy Surge|[of] p2a: Rillaboom
|turn|11
|
|t:|1779838440
|switch|p1a: Polteageist|Polteageist|100/100
|move|p2a: Rillaboom|High Horsepower|p1a: Polteageist
|-damage|p1a: Polteageist|15/100
|-ability|p1a: Polteageist|Weak Armor|boost
|-unboost|p1a: Polteageist|def|1
|-boost|p1a: Polteageist|spe|2
|-enditem|p1a: Polteageist|White Herb
|-clearnegativeboost|p1a: Polteageist|[silent]
|
|-heal|p1a: Polteageist|21/100|[from] Grassy Terrain
|upkeep
|turn|12
|
|t:|1779838452
|move|p1a: Polteageist|Shadow Ball|p2a: Rillaboom
|-damage|p2a: Rillaboom|43/100
|move|p2a: Rillaboom|High Horsepower|p1a: Polteageist
|-damage|p1a: Polteageist|0 fnt
|faint|p1a: Polteageist
|
|-heal|p2a: Rillaboom|49/100|[from] Grassy Terrain
|upkeep
|
|t:|1779838466
|switch|p1a: Iron Moth|Iron Moth|75/100
|turn|13
|
|t:|1779838481
|switch|p2a: Salazzle|Salazzle, F|70/100
|-terastallize|p1a: Iron Moth|Flying
|move|p1a: Iron Moth|Fiery Dance|p2a: Salazzle
|-resisted|p2a: Salazzle
|-damage|p2a: Salazzle|37/100
|
|-heal|p2a: Salazzle|43/100|[from] Grassy Terrain
|-heal|p2a: Salazzle|49/100|[from] item: Leftovers
|upkeep
|turn|14
|
|t:|1779838494
|move|p2a: Salazzle|Fire Blast|p1a: Iron Moth
|-damage|p1a: Iron Moth|28/100
|move|p1a: Iron Moth|Meteor Beam||[still]
|-prepare|p1a: Iron Moth|Meteor Beam
|-boost|p1a: Iron Moth|spa|1
|-enditem|p1a: Iron Moth|Power Herb
|-anim|p1a: Iron Moth|Meteor Beam|p2a: Salazzle|[miss]
|-miss|p1a: Iron Moth|p2a: Salazzle
|
|-heal|p2a: Salazzle|55/100|[from] Grassy Terrain
|-heal|p2a: Salazzle|62/100|[from] item: Leftovers
|upkeep
|turn|15
|
|t:|1779838511
|move|p2a: Salazzle|Substitute|p2a: Salazzle
|-start|p2a: Salazzle|Substitute
|-damage|p2a: Salazzle|37/100
|move|p1a: Iron Moth|Air Slash|p2a: Salazzle
|-end|p2a: Salazzle|Substitute
|
|-heal|p2a: Salazzle|43/100|[from] Grassy Terrain
|-heal|p2a: Salazzle|49/100|[from] item: Leftovers
|-fieldend|move: Grassy Terrain
|upkeep
|turn|16
|
|t:|1779838524
|move|p2a: Salazzle|Protect|p2a: Salazzle
|-singleturn|p2a: Salazzle|Protect
|move|p1a: Iron Moth|Air Slash|p2a: Salazzle
|-activate|p2a: Salazzle|move: Protect
|
|-heal|p2a: Salazzle|55/100|[from] item: Leftovers
|upkeep
|turn|17
|
|t:|1779838528
|move|p2a: Salazzle|Fire Blast|p1a: Iron Moth
|-damage|p1a: Iron Moth|0 fnt
|faint|p1a: Iron Moth
|-end|p1a: Iron Moth|Quark Drive|[silent]
|
|-heal|p2a: Salazzle|62/100|[from] item: Leftovers
|upkeep
|
|t:|1779838531
|switch|p1a: Tatsugiri|Tatsugiri, M|100/100
|turn|18
|
|t:|1779838549
|switch|p2a: Scizor|Scizor, F|100/100
|move|p1a: Tatsugiri|Rapid Spin|p2a: Scizor
|-resisted|p2a: Scizor
|-damage|p2a: Scizor|98/100
|-boost|p1a: Tatsugiri|spe|1
|
|upkeep
|turn|19
|
|t:|1779838557
|move|p1a: Tatsugiri|Surf|p2a: Scizor
|-crit|p2a: Scizor
|-damage|p2a: Scizor|13/100
|move|p2a: Scizor|U-turn|p1a: Tatsugiri
|-damage|p1a: Tatsugiri|0 fnt
|faint|p1a: Tatsugiri
|
|t:|1779838567
|switch|p2a: Salazzle|Salazzle, F|62/100|[from] U-turn
|
|-heal|p2a: Salazzle|68/100|[from] item: Leftovers
|upkeep
|
|t:|1779838571
|switch|p1a: Slowbro|Slowbro-Galar, M|100/100
|turn|20
|
|t:|1779838579
|move|p2a: Salazzle|Protect|p2a: Salazzle
|-singleturn|p2a: Salazzle|Protect
|move|p1a: Slowbro|Nasty Plot|p1a: Slowbro
|-boost|p1a: Slowbro|spa|2
|
|-heal|p2a: Salazzle|74/100|[from] item: Leftovers
|upkeep
|turn|21
|
|t:|1779838586
|move|p2a: Salazzle|Toxic|p1a: Slowbro
|-status|p1a: Slowbro|tox
|move|p1a: Slowbro|Psychic|p2a: Salazzle
|-supereffective|p2a: Salazzle
|-damage|p2a: Salazzle|0 fnt
|faint|p2a: Salazzle
|
|-damage|p1a: Slowbro|94/100 tox|[from] psn
|upkeep
|
|t:|1779838596
|switch|p2a: Scizor|Scizor, F|13/100
|turn|22
|-activate|p1a: Slowbro|item: Quick Claw
|
|t:|1779838602
|move|p2a: Scizor|Bullet Punch|p1a: Slowbro
|-damage|p1a: Slowbro|47/100 tox
|move|p1a: Slowbro|Psychic|p2a: Scizor
|-resisted|p2a: Scizor
|-damage|p2a: Scizor|0 fnt
|faint|p2a: Scizor
|
|-damage|p1a: Slowbro|35/100 tox|[from] psn
|upkeep
|
|t:|1779838617
|switch|p2a: Mimikyu|Mimikyu, F|100/100
|turn|23
|-activate|p1a: Slowbro|ability: Quick Draw
|
|t:|1779838622
|move|p1a: Slowbro|Sludge Bomb|p2a: Mimikyu
|-activate|p2a: Mimikyu|ability: Disguise
|-damage|p2a: Mimikyu|100/100
|detailschange|p2a: Mimikyu|Mimikyu-Busted, F
|-damage|p2a: Mimikyu|88/100|[from] pokemon: Mimikyu-Busted
|-enditem|p2a: Mimikyu|Red Card|[of] p1a: Slowbro
|drag|p1a: Mamoswine|Mamoswine, M|11/100
|move|p2a: Mimikyu|Swords Dance|p2a: Mimikyu
|-boost|p2a: Mimikyu|atk|2
|
|upkeep
|turn|24
|
|t:|1779838636
|move|p2a: Mimikyu|Swords Dance|p2a: Mimikyu
|-boost|p2a: Mimikyu|atk|2
|move|p1a: Mamoswine|Earthquake|p2a: Mimikyu
|-damage|p2a: Mimikyu|0 fnt
|faint|p2a: Mimikyu
|-damage|p1a: Mamoswine|1/100|[from] item: Life Orb
|
|upkeep
|
|t:|1779838638
|switch|p2a: Rillaboom|Rillaboom, F|49/100
|-fieldstart|move: Grassy Terrain|[from] ability: Grassy Surge|[of] p2a: Rillaboom
|turn|25
|
|t:|1779838641
|move|p2a: Rillaboom|Grassy Glide|p1a: Mamoswine
|-supereffective|p1a: Mamoswine
|-damage|p1a: Mamoswine|0 fnt
|faint|p1a: Mamoswine
|
|-heal|p2a: Rillaboom|55/100|[from] Grassy Terrain
|upkeep
|
|t:|1779838643
|switch|p1a: Slowbro|Slowbro-Galar, M|35/100 tox
|turn|26
|
|t:|1779838647
|move|p2a: Rillaboom|Grassy Glide|p1a: Slowbro
|-resisted|p1a: Slowbro
|-damage|p1a: Slowbro|8/100 tox
|move|p1a: Slowbro|Sludge Bomb|p2a: Rillaboom
|-supereffective|p2a: Rillaboom
|-damage|p2a: Rillaboom|0 fnt
|faint|p2a: Rillaboom
|
|win|FeeshyArtist
|raw|FeeshyArtist's rating: 1308 &rarr; <strong>1333</strong><br />(+25 for winning)
|raw|clouddaearth's rating: 1404 &rarr; <strong>1379</strong><br />(-25 for losing)
|l|☆clouddaearth
|player|p2|
|c|☆FeeshyArtist|gg
