|j|☆zukarusuke
|j|☆xXweedwizerd420Xx
|t:|1779856361
|gametype|singles
|player|p1|zukarusuke|unknown|1288
|player|p2|xXweedwizerd420Xx|wallace-gen6|1335
|gen|9
|tier|[Gen 9] OU
|rated|
|rule|HP Percentage Mod: HP is shown in percentages
|rule|Endless Battle Clause: Forcing endless battles is banned
|rule|Species Clause: Limit one of each Pokémon
|rule|OHKO Clause: OHKO moves are banned
|rule|Evasion Items Clause: Evasion items are banned
|rule|Evasion Moves Clause: Evasion moves are banned
|rule|Evasion Abilities Clause: Evasion abilities are banned
|rule|Sleep Moves Clause: Sleep-inducing moves are banned
|clearpoke
|poke|p1|Sinistcha-Masterpiece|
|poke|p1|Cinderace, F|
|poke|p1|Corviknight, M|
|poke|p1|Slowking-Galar, M|
|poke|p1|Kyurem|
|poke|p1|Great Tusk|
|poke|p2|Tyranitar, M|
|poke|p2|Gliscor, M|
|poke|p2|Serperior, F|
|poke|p2|Heatran, F|
|poke|p2|Pecharunt|
|poke|p2|Raging Bolt|
|teampreview
|inactive|Battle timer is ON: inactive players will automatically lose when time's up. (requested by xXweedwizerd420Xx)
|inactive|zukarusuke also wants the timer to be on.
|
|t:|1779856385
|teamsize|p1|6
|teamsize|p2|6
|start
|switch|p1a: Great Tusk|Great Tusk|100/100
|switch|p2a: Serperior|Serperior, F|100/100
|turn|1
|
|t:|1779856396
|-end|p1a: Great Tusk|Protosynthesis|[silent]
|switch|p1a: Slowking|Slowking-Galar, M|100/100
|move|p2a: Serperior|Leech Seed|p1a: Slowking
|-start|p1a: Slowking|move: Leech Seed
|
|-damage|p1a: Slowking|88/100|[from] Leech Seed|[of] p2a: Serperior
|upkeep
|turn|2
|
|t:|1779856404
|switch|p2a: Raging Bolt|Raging Bolt|100/100
|move|p1a: Slowking|Trick Room|p1a: Slowking
|-fieldstart|move: Trick Room|[of] p1a: Slowking
|
|-damage|p1a: Slowking|76/100|[from] Leech Seed|[of] p2a: Raging Bolt
|upkeep
|turn|3
|
|t:|1779856417
|move|p1a: Slowking|Sludge Bomb|p2a: Raging Bolt
|-damage|p2a: Raging Bolt|64/100
|-status|p2a: Raging Bolt|psn
|move|p2a: Raging Bolt|Draco Meteor|p1a: Slowking
|-damage|p1a: Slowking|26/100
|-unboost|p2a: Raging Bolt|spa|2
|
|-damage|p1a: Slowking|13/100|[from] Leech Seed|[of] p2a: Raging Bolt
|-heal|p2a: Raging Bolt|76/100 psn|[silent]
|-damage|p2a: Raging Bolt|64/100 psn|[from] psn
|upkeep
|turn|4
|
|t:|1779856422
|-end|p2a: Raging Bolt|Protosynthesis|[silent]
|switch|p2a: Pecharunt|Pecharunt|100/100
|-prepare|p1a: Slowking|Chilly Reception|[premajor]
|move|p1a: Slowking|Chilly Reception|p1a: Slowking
|-weather|Snowscape
|
|t:|1779856432
|switch|p1a: Corviknight|Corviknight, M|100/100|[from] Chilly Reception
|-ability|p1a: Corviknight|Pressure
|
|-weather|Snowscape|[upkeep]
|upkeep
|turn|5
|
|t:|1779856440
|move|p1a: Corviknight|Taunt|p2a: Pecharunt
|-start|p2a: Pecharunt|move: Taunt
|cant|p2a: Pecharunt|move: Taunt|Parting Shot
|
|-weather|Snowscape|[upkeep]
|upkeep
|turn|6
|
|t:|1779856454
|switch|p2a: Gliscor|Gliscor, M|100/100
|move|p1a: Corviknight|U-turn|p2a: Gliscor
|-resisted|p2a: Gliscor
|-damage|p2a: Gliscor|96/100
|
|t:|1779856456
|switch|p1a: Kyurem|Kyurem|100/100|[from] U-turn
|-ability|p1a: Kyurem|Pressure
|
|-weather|Snowscape|[upkeep]
|-fieldend|move: Trick Room
|-status|p2a: Gliscor|tox|[from] item: Toxic Orb
|upkeep
|turn|7
|
|t:|1779856465
|switch|p2a: Tyranitar|Tyranitar, M|100/100
|-weather|Sandstorm|[from] ability: Sand Stream|[of] p2a: Tyranitar
|move|p1a: Kyurem|Blizzard|p2a: Tyranitar|[miss]
|-miss|p1a: Kyurem|p2a: Tyranitar
|
|-weather|Sandstorm|[upkeep]
|-damage|p1a: Kyurem|94/100|[from] Sandstorm
|upkeep
|turn|8
|
|t:|1779856474
|switch|p1a: Corviknight|Corviknight, M|100/100
|-ability|p1a: Corviknight|Pressure
|move|p2a: Tyranitar|Knock Off|p1a: Corviknight
|-crit|p1a: Corviknight
|-damage|p1a: Corviknight|18/100
|-damage|p2a: Tyranitar|84/100|[from] item: Rocky Helmet|[of] p1a: Corviknight
|-enditem|p1a: Corviknight|Rocky Helmet|[from] move: Knock Off|[of] p2a: Tyranitar
|
|-weather|Sandstorm|[upkeep]
|upkeep
|turn|9
|
|t:|1779856486
|switch|p1a: Great Tusk|Great Tusk|100/100
|move|p2a: Tyranitar|Knock Off|p1a: Great Tusk
|-resisted|p1a: Great Tusk
|-damage|p1a: Great Tusk|71/100
|-enditem|p1a: Great Tusk|Heavy-Duty Boots|[from] move: Knock Off|[of] p2a: Tyranitar
|
|-weather|Sandstorm|[upkeep]
|upkeep
|turn|10
|
|t:|1779856495
|switch|p2a: Pecharunt|Pecharunt|100/100
|move|p1a: Great Tusk|Stealth Rock|p2a: Pecharunt
|-sidestart|p2: xXweedwizerd420Xx|move: Stealth Rock
|
|-weather|Sandstorm|[upkeep]
|-damage|p2a: Pecharunt|94/100|[from] Sandstorm
|upkeep
|turn|11
|
|t:|1779856514
|-end|p1a: Great Tusk|Protosynthesis|[silent]
|switch|p1a: Slowking|Slowking-Galar, M|47/100
|switch|p2a: Serperior|Serperior, F|100/100
|-damage|p2a: Serperior|88/100|[from] Stealth Rock
|
|-weather|none
|-heal|p2a: Serperior|94/100|[from] item: Leftovers
|upkeep
|turn|12
|inactive|xXweedwizerd420Xx has 120 seconds left.
|
|t:|1779856542
|-terastallize|p2a: Serperior|Steel
|move|p2a: Serperior|Leech Seed|p1a: Slowking
|-start|p1a: Slowking|move: Leech Seed
|-prepare|p1a: Slowking|Chilly Reception|[premajor]
|move|p1a: Slowking|Chilly Reception|p1a: Slowking
|-weather|Snowscape
|
|t:|1779856552
|switch|p1a: Cinderace|Cinderace, F|100/100|[from] Chilly Reception
|
|-weather|Snowscape|[upkeep]
|-heal|p2a: Serperior|100/100|[from] item: Leftovers
|upkeep
|turn|13
|
|t:|1779856556
|switch|p2a: Pecharunt|Pecharunt|94/100
|move|p1a: Cinderace|Will-O-Wisp|p2a: Pecharunt
|-status|p2a: Pecharunt|brn
|
|-weather|Snowscape|[upkeep]
|-damage|p2a: Pecharunt|88/100 brn|[from] brn
|upkeep
|turn|14
|
|t:|1779856562
|switch|p1a: Slowking|Slowking-Galar, M|80/100
|move|p2a: Pecharunt|Parting Shot|p1a: Slowking
|-unboost|p1a: Slowking|atk|1
|-unboost|p1a: Slowking|spa|1
|
|t:|1779856570
|switch|p2a: Heatran|Heatran, F|100/100|[from] Parting Shot
|-damage|p2a: Heatran|88/100|[from] Stealth Rock
|-item|p2a: Heatran|Air Balloon
|
|-weather|Snowscape|[upkeep]
|upkeep
|turn|15
|
|t:|1779856576
|move|p2a: Heatran|Stealth Rock|p1a: Slowking
|-sidestart|p1: zukarusuke|move: Stealth Rock
|move|p1a: Slowking|Psychic Noise|p2a: Heatran
|-resisted|p2a: Heatran
|-damage|p2a: Heatran|79/100
|-start|p2a: Heatran|move: Heal Block
|-enditem|p2a: Heatran|Air Balloon
|
|-weather|Snowscape|[upkeep]
|upkeep
|turn|16
|
|t:|1779856581
|move|p2a: Heatran|Taunt|p1a: Slowking
|-start|p1a: Slowking|move: Taunt
|-prepare|p1a: Slowking|Chilly Reception|[premajor]
|cant|p1a: Slowking|move: Taunt|Chilly Reception
|
|-weather|none
|-end|p2a: Heatran|move: Heal Block
|upkeep
|turn|17
|
|t:|1779856588
|switch|p1a: Sinistcha|Sinistcha-Masterpiece|100/100
|move|p2a: Heatran|Magma Storm|p1a: Sinistcha
|-supereffective|p1a: Sinistcha
|-damage|p1a: Sinistcha|43/100
|-activate|p1a: Sinistcha|move: Magma Storm|[of] p2a: Heatran
|
|-damage|p1a: Sinistcha|31/100|[from] move: Magma Storm|[partiallytrapped]
|upkeep
|turn|18
|
|t:|1779856597
|move|p2a: Heatran|Magma Storm|p1a: Sinistcha|[miss]
|-miss|p2a: Heatran|p1a: Sinistcha
|move|p1a: Sinistcha|Shadow Ball|p2a: Heatran
|-damage|p2a: Heatran|46/100
|
|-damage|p1a: Sinistcha|18/100|[from] move: Magma Storm|[partiallytrapped]
|upkeep
|turn|19
|
|t:|1779856606
|switch|p1a: Slowking|Slowking-Galar, M|100/100
|move|p2a: Heatran|Magma Storm|p1a: Slowking
|-damage|p1a: Slowking|65/100
|-activate|p1a: Slowking|move: Magma Storm|[of] p2a: Heatran
|
|-damage|p1a: Slowking|53/100|[from] move: Magma Storm|[partiallytrapped]
|upkeep
|turn|20
|c|☆xXweedwizerd420Xx|what
|c|☆xXweedwizerd420Xx|how did u just switch out
|inactive|xXweedwizerd420Xx has 120 seconds left.
|
|t:|1779856648
|move|p2a: Heatran|Taunt|p1a: Slowking
|-start|p1a: Slowking|move: Taunt
|move|p1a: Slowking|Psychic Noise|p2a: Heatran
|-resisted|p2a: Heatran
|-damage|p2a: Heatran|32/100
|-start|p2a: Heatran|move: Heal Block
|
|-damage|p1a: Slowking|40/100|[from] move: Magma Storm|[partiallytrapped]
|upkeep
|turn|21
|
|t:|1779856652
|move|p2a: Heatran|Earth Power|p1a: Slowking
|-supereffective|p1a: Slowking
|-damage|p1a: Slowking|0 fnt
|faint|p1a: Slowking
|
|-end|p2a: Heatran|move: Heal Block
|upkeep
|
|t:|1779856658
|switch|p1a: Great Tusk|Great Tusk|71/100
|-damage|p1a: Great Tusk|69/100|[from] Stealth Rock
|turn|22
|
|t:|1779856668
|move|p1a: Great Tusk|Ice Spinner|p2a: Heatran
|-resisted|p2a: Heatran
|-damage|p2a: Heatran|25/100
|move|p2a: Heatran|Magma Storm|p1a: Great Tusk
|-damage|p1a: Great Tusk|0 fnt
|faint|p1a: Great Tusk
|-end|p1a: Great Tusk|Protosynthesis|[silent]
|
|upkeep
|-message|zukarusuke forfeited.
|
|win|xXweedwizerd420Xx
|raw|zukarusuke's rating: 1288 &rarr; <strong>1268</strong><br />(-20 for losing)
|raw|xXweedwizerd420Xx's rating: 1354 &rarr; <strong>1370</strong><br />(+16 for winning)
|l|☆zukarusuke
|player|p1|
|l|☆xXweedwizerd420Xx
|player|p2|
