|j|☆shuay7
|j|☆lord shiddenfards
|t:|1779864034
|gametype|singles
|player|p1|shuay7|265|1366
|player|p2|lord shiddenfards|blaine|1435
|gen|9
|tier|[Gen 9] OU
|rated|
|rule|HP Percentage Mod: HP is shown in percentages
|rule|Endless Battle Clause: Forcing endless battles is banned
|rule|Species Clause: Limit one of each Pokémon
|rule|OHKO Clause: OHKO moves are banned
|rule|Evasion Items Clause: Evasion items are banned
|rule|Evasion Moves Clause: Evasion moves are banned
|rule|Evasion Abilities Clause: Evasion abilities are banned
|rule|Sleep Moves Clause: Sleep-inducing moves are banned
|clearpoke
|poke|p1|Hatterene, F|
|poke|p1|Cresselia, F|
|poke|p1|Ursaluna, M|
|poke|p1|Iron Hands|
|poke|p1|Hoopa-Unbound|
|poke|p1|Porygon2|
|poke|p2|Ninetales, F|
|poke|p2|Great Tusk|
|poke|p2|Slither Wing|
|poke|p2|Raging Bolt|
|poke|p2|Iron Moth|
|poke|p2|Alomomola, F|
|teampreview
|inactive|Battle timer is ON: inactive players will automatically lose when time's up. (requested by shuay7)
|
|t:|1779864054
|teamsize|p1|6
|teamsize|p2|6
|start
|switch|p1a: Hatterene|Hatterene, F|100/100
|switch|p2a: Slither Wing|Slither Wing|100/100
|turn|1
|
|t:|1779864069
|move|p2a: Slither Wing|U-turn|p1a: Hatterene
|-damage|p1a: Hatterene|32/100
|
|t:|1779864074
|-end|p2a: Slither Wing|Protosynthesis|[silent]
|switch|p2a: Alomomola|Alomomola, F|100/100|[from] U-turn
|move|p1a: Hatterene|Trick Room|p1a: Hatterene
|-fieldstart|move: Trick Room|[of] p1a: Hatterene
|
|upkeep
|turn|2
|
|t:|1779864101
|move|p2a: Alomomola|Protect|p2a: Alomomola
|-singleturn|p2a: Alomomola|Protect
|move|p1a: Hatterene|Misty Explosion|p2a: Alomomola
|-activate|p2a: Alomomola|move: Protect
|faint|p1a: Hatterene
|
|upkeep
|
|t:|1779864107
|switch|p1a: Ursaluna|Ursaluna, M|100/100
|turn|3
|
|t:|1779864112
|move|p1a: Ursaluna|Swords Dance|p1a: Ursaluna
|-boost|p1a: Ursaluna|atk|2
|move|p2a: Alomomola|Flip Turn|p1a: Ursaluna
|-supereffective|p1a: Ursaluna
|-damage|p1a: Ursaluna|79/100
|
|t:|1779864118
|switch|p2a: Ninetales|Ninetales, F|100/100|[from] Flip Turn
|-weather|SunnyDay|[from] ability: Drought|[of] p2a: Ninetales
|
|-weather|SunnyDay|[upkeep]
|-status|p1a: Ursaluna|brn|[from] item: Flame Orb
|upkeep
|turn|4
|
|t:|1779864123
|move|p1a: Ursaluna|Facade|p2a: Ninetales
|-damage|p2a: Ninetales|0 fnt
|faint|p2a: Ninetales
|
|-weather|SunnyDay|[upkeep]
|-damage|p1a: Ursaluna|73/100 brn|[from] brn
|upkeep
|
|t:|1779864127
|switch|p2a: Slither Wing|Slither Wing|100/100
|-activate|p2a: Slither Wing|ability: Protosynthesis
|-start|p2a: Slither Wing|protosynthesisatk
|turn|5
|
|t:|1779864130
|-terastallize|p2a: Slither Wing|Bug
|move|p2a: Slither Wing|First Impression|p1a: Ursaluna
|-damage|p1a: Ursaluna|0 fnt
|faint|p1a: Ursaluna
|
|-weather|SunnyDay|[upkeep]
|-fieldend|move: Trick Room
|upkeep
|
|t:|1779864137
|switch|p1a: Porygon2|Porygon2|100/100
|turn|6
|
|t:|1779864142
|-end|p2a: Slither Wing|Protosynthesis|[silent]
|switch|p2a: Raging Bolt|Raging Bolt|100/100
|-activate|p2a: Raging Bolt|ability: Protosynthesis
|-start|p2a: Raging Bolt|protosynthesisspa
|move|p1a: Porygon2|Trick Room|p1a: Porygon2
|-fieldstart|move: Trick Room|[of] p1a: Porygon2
|
|-weather|SunnyDay|[upkeep]
|upkeep
|turn|7
|
|t:|1779864154
|switch|p1a: Iron Hands|Iron Hands|100/100
|-enditem|p1a: Iron Hands|Booster Energy
|-activate|p1a: Iron Hands|ability: Quark Drive|[fromitem]
|-start|p1a: Iron Hands|quarkdriveatk
|move|p2a: Raging Bolt|Volt Switch|p1a: Iron Hands
|-resisted|p1a: Iron Hands
|-damage|p1a: Iron Hands|76/100
|
|t:|1779864163
|-end|p2a: Raging Bolt|Protosynthesis|[silent]
|switch|p2a: Alomomola|Alomomola, F|100/100|[from] Volt Switch
|
|-weather|none
|upkeep
|turn|8
|
|t:|1779864168
|move|p2a: Alomomola|Protect|p2a: Alomomola
|-singleturn|p2a: Alomomola|Protect
|move|p1a: Iron Hands|Swords Dance|p1a: Iron Hands
|-boost|p1a: Iron Hands|atk|2
|
|upkeep
|turn|9
|
|t:|1779864180
|move|p1a: Iron Hands|Ice Punch|p2a: Alomomola
|-resisted|p2a: Alomomola
|-damage|p2a: Alomomola|75/100
|-enditem|p2a: Alomomola|Eject Button
|
|t:|1779864199
|switch|p2a: Slither Wing|Slither Wing, tera:Bug|100/100
|
|upkeep
|turn|10
|inactive|lord shiddenfards has 120 seconds left.
|
|t:|1779864243
|-end|p2a: Slither Wing|Protosynthesis|[silent]
|switch|p2a: Alomomola|Alomomola, F|100/100
|move|p1a: Iron Hands|Thunder Punch|p2a: Alomomola
|-supereffective|p2a: Alomomola
|-damage|p2a: Alomomola|0 fnt
|faint|p2a: Alomomola
|
|-fieldend|move: Trick Room
|upkeep
|
|t:|1779864256
|switch|p2a: Slither Wing|Slither Wing, tera:Bug|100/100
|turn|11
|
|t:|1779864280
|move|p2a: Slither Wing|Close Combat|p1a: Iron Hands
|-damage|p1a: Iron Hands|14/100
|-unboost|p2a: Slither Wing|def|1
|-unboost|p2a: Slither Wing|spd|1
|move|p1a: Iron Hands|Drain Punch|p2a: Slither Wing
|-resisted|p2a: Slither Wing
|-damage|p2a: Slither Wing|0 fnt
|-heal|p1a: Iron Hands|44/100|[from] drain|[of] p2a: Slither Wing
|faint|p2a: Slither Wing
|-end|p2a: Slither Wing|Protosynthesis|[silent]
|
|upkeep
|inactive|lord shiddenfards has 90 seconds left.
|
|t:|1779864322
|switch|p2a: Great Tusk|Great Tusk|100/100
|turn|12
|
|t:|1779864337
|-end|p1a: Iron Hands|Quark Drive|[silent]
|switch|p1a: Cresselia|Cresselia, F|100/100
|move|p2a: Great Tusk|Headlong Rush|p1a: Cresselia
|-immune|p1a: Cresselia|[from] ability: Levitate
|
|upkeep
|turn|13
|
|t:|1779864345
|-end|p2a: Great Tusk|Protosynthesis|[silent]
|switch|p2a: Raging Bolt|Raging Bolt|100/100
|move|p1a: Cresselia|Trick Room|p1a: Cresselia
|-fieldstart|move: Trick Room|[of] p1a: Cresselia
|
|upkeep
|turn|14
|
|t:|1779864358
|move|p1a: Cresselia|Ice Beam|p2a: Raging Bolt
|-supereffective|p2a: Raging Bolt
|-damage|p2a: Raging Bolt|83/100
|-status|p2a: Raging Bolt|frz
|cant|p2a: Raging Bolt|frz
|
|upkeep
|turn|15
|inactive|shuay7 has 120 seconds left.
|
|t:|1779864389
|switch|p1a: Iron Hands|Iron Hands|44/100
|cant|p2a: Raging Bolt|frz
|
|upkeep
|turn|16
|
|t:|1779864401
|move|p1a: Iron Hands|Swords Dance|p1a: Iron Hands
|-boost|p1a: Iron Hands|atk|2
|cant|p2a: Raging Bolt|frz
|
|upkeep
|turn|17
|
|t:|1779864406
|move|p1a: Iron Hands|Drain Punch|p2a: Raging Bolt
|-damage|p2a: Raging Bolt|13/100 frz
|-heal|p1a: Iron Hands|75/100|[from] drain|[of] p2a: Raging Bolt
|cant|p2a: Raging Bolt|frz
|
|-fieldend|move: Trick Room
|upkeep
|turn|18
|
|t:|1779864410
|cant|p2a: Raging Bolt|frz
|move|p1a: Iron Hands|Drain Punch|p2a: Raging Bolt
|-damage|p2a: Raging Bolt|0 fnt
|-heal|p1a: Iron Hands|81/100|[from] drain|[of] p2a: Raging Bolt
|faint|p2a: Raging Bolt
|-end|p2a: Raging Bolt|Protosynthesis|[silent]
|
|upkeep
|c|☆lord shiddenfards|craaaaazy
|
|t:|1779864427
|switch|p2a: Iron Moth|Iron Moth|100/100
|-enditem|p2a: Iron Moth|Booster Energy
|-activate|p2a: Iron Moth|ability: Quark Drive|[fromitem]
|-start|p2a: Iron Moth|quarkdrivespe
|turn|19
|
|t:|1779864442
|move|p2a: Iron Moth|Psychic|p1a: Iron Hands
|-supereffective|p1a: Iron Hands
|-damage|p1a: Iron Hands|30/100
|move|p1a: Iron Hands|Thunder Punch|p2a: Iron Moth
|-damage|p2a: Iron Moth|0 fnt
|faint|p2a: Iron Moth
|-end|p2a: Iron Moth|Quark Drive|[silent]
|
|upkeep
|
|t:|1779864450
|switch|p2a: Great Tusk|Great Tusk|100/100
|turn|20
|inactive|lord shiddenfards has 120 seconds left.
|
|t:|1779864458
|move|p2a: Great Tusk|Bulk Up|p2a: Great Tusk
|-boost|p2a: Great Tusk|atk|1
|-boost|p2a: Great Tusk|def|1
|move|p1a: Iron Hands|Ice Punch|p2a: Great Tusk
|-supereffective|p2a: Great Tusk
|-damage|p2a: Great Tusk|46/100
|
|upkeep
|turn|21
|
|t:|1779864462
|move|p2a: Great Tusk|Headlong Rush|p1a: Iron Hands
|-supereffective|p1a: Iron Hands
|-damage|p1a: Iron Hands|0 fnt
|-unboost|p2a: Great Tusk|def|1
|-unboost|p2a: Great Tusk|spd|1
|faint|p1a: Iron Hands
|-end|p1a: Iron Hands|Quark Drive|[silent]
|
|upkeep
|
|t:|1779864468
|switch|p1a: Porygon2|Porygon2|100/100
|turn|22
|
|t:|1779864473
|-terastallize|p1a: Porygon2|Ghost
|move|p2a: Great Tusk|Headlong Rush|p1a: Porygon2
|-damage|p1a: Porygon2|65/100
|-unboost|p2a: Great Tusk|def|1
|-unboost|p2a: Great Tusk|spd|1
|move|p1a: Porygon2|Trick Room|p1a: Porygon2
|-fieldstart|move: Trick Room|[of] p1a: Porygon2
|
|upkeep
|turn|23
|-message|lord shiddenfards forfeited.
|
|win|shuay7
|raw|shuay7's rating: 1366 &rarr; <strong>1390</strong><br />(+24 for winning)
|raw|lord shiddenfards's rating: 1435 &rarr; <strong>1411</strong><br />(-24 for losing)
|l|☆lord shiddenfards
|player|p2|
|l|☆shuay7
|player|p1|
