|j|☆Mysterious Soop
|j|☆CaptainQuack27
|t:|1779938200
|gametype|singles
|player|p1|Mysterious Soop|101|1356
|player|p2|CaptainQuack27|baker|1334
|gen|9
|tier|[Gen 9] OU
|rated|
|rule|HP Percentage Mod: HP is shown in percentages
|rule|Endless Battle Clause: Forcing endless battles is banned
|rule|Species Clause: Limit one of each Pokémon
|rule|OHKO Clause: OHKO moves are banned
|rule|Evasion Items Clause: Evasion items are banned
|rule|Evasion Moves Clause: Evasion moves are banned
|rule|Evasion Abilities Clause: Evasion abilities are banned
|rule|Sleep Moves Clause: Sleep-inducing moves are banned
|clearpoke
|poke|p1|Iron Moth|
|poke|p1|Pincurchin, M|
|poke|p1|Alomomola, F|
|poke|p1|Iron Treads|
|poke|p1|Iron Valiant|
|poke|p1|Raging Bolt|
|poke|p2|Hatterene, F|
|poke|p2|Great Tusk|
|poke|p2|Tornadus-Therian, M|
|poke|p2|Kyurem|
|poke|p2|Slowking-Galar, M|
|poke|p2|Kingambit, M|
|teampreview
|
|t:|1779938248
|teamsize|p1|6
|teamsize|p2|6
|start
|switch|p1a: Pincurchin|Pincurchin, M|100/100
|switch|p2a: Great Tusk|Great Tusk|100/100
|-fieldstart|move: Electric Terrain|[from] ability: Electric Surge|[of] p1a: Pincurchin
|turn|1
|
|t:|1779938260
|switch|p1a: Alomomola|Alomomola, F|100/100
|move|p2a: Great Tusk|Stealth Rock|p1a: Alomomola
|-sidestart|p1: Mysterious Soop|move: Stealth Rock
|
|upkeep
|turn|2
|
|t:|1779938268
|move|p2a: Great Tusk|Rapid Spin|p1a: Alomomola
|-crit|p1a: Alomomola
|-damage|p1a: Alomomola|79/100
|-boost|p2a: Great Tusk|spe|1
|-enditem|p1a: Alomomola|Eject Button
|
|t:|1779938276
|switch|p1a: Iron Valiant|Iron Valiant|100/100
|-damage|p1a: Iron Valiant|94/100|[from] Stealth Rock
|-activate|p1a: Iron Valiant|ability: Quark Drive
|-start|p1a: Iron Valiant|quarkdrivespe
|
|upkeep
|turn|3
|
|t:|1779938287
|-end|p2a: Great Tusk|Protosynthesis|[silent]
|switch|p2a: Tornadus|Tornadus-Therian, M|100/100
|move|p1a: Iron Valiant|Calm Mind|p1a: Iron Valiant
|-boost|p1a: Iron Valiant|spa|1
|-boost|p1a: Iron Valiant|spd|1
|
|upkeep
|turn|4
|
|t:|1779938296
|move|p1a: Iron Valiant|Thunderbolt|p2a: Tornadus
|-supereffective|p2a: Tornadus
|-damage|p2a: Tornadus|1/100
|-damage|p1a: Iron Valiant|85/100|[from] item: Life Orb
|move|p2a: Tornadus|Bleakwind Storm|p1a: Iron Valiant
|-supereffective|p1a: Iron Valiant
|-damage|p1a: Iron Valiant|3/100
|
|upkeep
|turn|5
|
|t:|1779938312
|switch|p2a: Kingambit|Kingambit, M|100/100
|move|p1a: Iron Valiant|Thunderbolt|p2a: Kingambit
|-damage|p2a: Kingambit|30/100
|-damage|p1a: Iron Valiant|0 fnt|[from] item: Life Orb
|faint|p1a: Iron Valiant
|-end|p1a: Iron Valiant|Quark Drive|[silent]
|
|-heal|p2a: Kingambit|37/100|[from] item: Leftovers
|upkeep
|
|t:|1779938321
|switch|p1a: Iron Moth|Iron Moth|100/100
|-damage|p1a: Iron Moth|76/100|[from] Stealth Rock
|-activate|p1a: Iron Moth|ability: Quark Drive
|-start|p1a: Iron Moth|quarkdrivespa
|turn|6
|
|t:|1779938339
|-end|p2a: Kingambit|fallenundefined|[silent]
|switch|p2a: Slowking|Slowking-Galar, M|100/100
|move|p1a: Iron Moth|Fiery Dance|p2a: Slowking
|-damage|p2a: Slowking|28/100
|
|-heal|p2a: Slowking|35/100|[from] item: Black Sludge
|upkeep
|turn|7
|
|t:|1779938353
|switch|p2a: Tornadus|Tornadus-Therian, M|34/100
|move|p1a: Iron Moth|Fiery Dance|p2a: Tornadus
|-damage|p2a: Tornadus|0 fnt
|faint|p2a: Tornadus
|
|upkeep
|
|t:|1779938363
|switch|p2a: Great Tusk|Great Tusk|100/100
|turn|8
|
|t:|1779938367
|move|p1a: Iron Moth|Fiery Dance|p2a: Great Tusk
|-damage|p2a: Great Tusk|0 fnt
|faint|p2a: Great Tusk
|-end|p2a: Great Tusk|Protosynthesis|[silent]
|
|-fieldend|move: Electric Terrain
|-end|p1a: Iron Moth|Quark Drive
|upkeep
|-message|CaptainQuack27 forfeited.
|
|win|Mysterious Soop
|raw|Mysterious Soop's rating: 1356 &rarr; <strong>1375</strong><br />(+19 for winning)
|raw|CaptainQuack27's rating: 1334 &rarr; <strong>1315</strong><br />(-19 for losing)
|l|☆CaptainQuack27
|player|p2|
