|j|☆TristanPlaysPKMN
|j|☆inferno_on_top
|t:|1779808491
|gametype|singles
|player|p1|TristanPlaysPKMN|firebreather|1322
|player|p2|inferno_on_top|gentleman-gen4|1255
|gen|9
|tier|[Gen 9] OU
|rated|
|rule|HP Percentage Mod: HP is shown in percentages
|rule|Endless Battle Clause: Forcing endless battles is banned
|rule|Species Clause: Limit one of each Pokémon
|rule|OHKO Clause: OHKO moves are banned
|rule|Evasion Items Clause: Evasion items are banned
|rule|Evasion Moves Clause: Evasion moves are banned
|rule|Evasion Abilities Clause: Evasion abilities are banned
|rule|Sleep Moves Clause: Sleep-inducing moves are banned
|clearpoke
|poke|p1|Gogoat, M|
|poke|p1|Ceruledge, M|
|poke|p1|Raging Bolt|
|poke|p1|Great Tusk|
|poke|p1|Araquanid, M|
|poke|p1|Braviary-Hisui, M|
|poke|p2|Dragapult, M|
|poke|p2|Great Tusk|
|poke|p2|Kingambit, M|
|poke|p2|Rillaboom, M|
|poke|p2|Deoxys-Speed|
|poke|p2|Primarina, F|
|teampreview
|inactive|Battle timer is ON: inactive players will automatically lose when time's up. (requested by TristanPlaysPKMN)
|
|t:|1779808514
|teamsize|p1|6
|teamsize|p2|6
|start
|switch|p1a: Plip|Araquanid, M, shiny|100/100
|switch|p2a: Monkey|Rillaboom, M|100/100
|-fieldstart|move: Grassy Terrain|[from] ability: Grassy Surge|[of] p2a: Monkey
|turn|1
|
|t:|1779808519
|move|p2a: Monkey|Wood Hammer|p1a: Plip
|-damage|p1a: Plip|0 fnt
|faint|p1a: Plip
|-damage|p2a: Monkey|68/100|[from] Recoil
|
|-heal|p2a: Monkey|74/100|[from] Grassy Terrain
|upkeep
|
|t:|1779808528
|switch|p1a: THE GOAT|Gogoat, M, shiny|100/100
|turn|2
|
|t:|1779808532
|switch|p2a: Alien|Deoxys-Speed|100/100
|-ability|p2a: Alien|Pressure
|move|p1a: THE GOAT|Bulk Up|p1a: THE GOAT
|-boost|p1a: THE GOAT|atk|1
|-boost|p1a: THE GOAT|def|1
|
|upkeep
|turn|3
|
|t:|1779808537
|move|p2a: Alien|Trick|p1a: THE GOAT
|-activate|p2a: Alien|move: Trick|[of] p1a: THE GOAT
|-item|p1a: THE GOAT|Choice Specs|[from] move: Trick
|-item|p2a: Alien|Leftovers|[from] move: Trick
|move|p1a: THE GOAT|Horn Leech|p2a: Alien
|-damage|p2a: Alien|18/100
|
|-heal|p2a: Alien|24/100|[from] Grassy Terrain
|-heal|p2a: Alien|31/100|[from] item: Leftovers
|upkeep
|turn|4
|
|t:|1779808551
|move|p2a: Alien|Psycho Boost|p1a: THE GOAT
|-damage|p1a: THE GOAT|61/100
|-unboost|p2a: Alien|spa|2
|move|p1a: THE GOAT|Horn Leech|p2a: Alien
|-damage|p2a: Alien|0 fnt
|-heal|p1a: THE GOAT|69/100|[from] drain|[of] p2a: Alien
|faint|p2a: Alien
|
|-heal|p1a: THE GOAT|76/100|[from] Grassy Terrain
|upkeep
|
|t:|1779808566
|switch|p2a: Drago|Dragapult, M|100/100
|turn|5
|
|t:|1779808572
|move|p2a: Drago|Draco Meteor|p1a: THE GOAT
|-crit|p1a: THE GOAT
|-damage|p1a: THE GOAT|0 fnt
|-unboost|p2a: Drago|spa|2
|faint|p1a: THE GOAT
|
|-fieldend|move: Grassy Terrain
|upkeep
|
|t:|1779808583
|switch|p1a: Swordsman|Ceruledge, M, shiny|100/100
|turn|6
|
|t:|1779808587
|move|p2a: Drago|Draco Meteor|p1a: Swordsman|[miss]
|-miss|p2a: Drago|p1a: Swordsman
|move|p1a: Swordsman|Swords Dance|p1a: Swordsman
|-boost|p1a: Swordsman|atk|2
|
|upkeep
|turn|7
|
|t:|1779808591
|-terastallize|p2a: Drago|Dragon
|move|p1a: Swordsman|Shadow Sneak|p2a: Drago
|-damage|p2a: Drago|51/100
|move|p2a: Drago|Draco Meteor|p1a: Swordsman
|-damage|p1a: Swordsman|33/100
|-unboost|p2a: Drago|spa|2
|
|upkeep
|turn|8
|
|t:|1779808607
|move|p1a: Swordsman|Shadow Sneak|p2a: Drago
|-damage|p2a: Drago|3/100
|move|p2a: Drago|Draco Meteor|p1a: Swordsman
|-damage|p1a: Swordsman|0 fnt
|-unboost|p2a: Drago|spa|2
|faint|p1a: Swordsman
|
|upkeep
|
|t:|1779808617
|switch|p1a: Espiary|Braviary-Hisui, M, shiny|100/100
|turn|9
|c|☆inferno_on_top|That shiny goes hard
|
|t:|1779808646
|switch|p2a: King|Kingambit, M|100/100
|move|p1a: Espiary|Esper Wing|p2a: King
|-immune|p2a: King
|
|upkeep
|turn|10
|c|☆TristanPlaysPKMN|it does
|
|t:|1779808655
|-terastallize|p1a: Espiary|Fairy
|move|p1a: Espiary|Calm Mind|p1a: Espiary
|-boost|p1a: Espiary|spa|1
|-boost|p1a: Espiary|spd|1
|move|p2a: King|Iron Head|p1a: Espiary
|-supereffective|p1a: Espiary
|-damage|p1a: Espiary|0 fnt
|faint|p1a: Espiary
|-damage|p2a: King|91/100|[from] item: Life Orb
|
|upkeep
|c|☆TristanPlaysPKMN|bro
|
|t:|1779808664
|switch|p1a: Tusky|Great Tusk, shiny|100/100
|turn|11
|
|t:|1779808674
|switch|p2a: Chad|Great Tusk|100/100
|-enditem|p2a: Chad|Booster Energy
|-activate|p2a: Chad|ability: Protosynthesis|[fromitem]
|-start|p2a: Chad|protosynthesisatk
|move|p1a: Tusky|Headlong Rush|p2a: Chad
|-damage|p2a: Chad|60/100
|-unboost|p1a: Tusky|def|1
|-unboost|p1a: Tusky|spd|1
|
|upkeep
|turn|12
|
|t:|1779808684
|move|p1a: Tusky|Ice Spinner|p2a: Chad
|-supereffective|p2a: Chad
|-damage|p2a: Chad|28/100
|move|p2a: Chad|Headlong Rush|p1a: Tusky
|-damage|p1a: Tusky|23/100
|-unboost|p2a: Chad|def|1
|-unboost|p2a: Chad|spd|1
|-damage|p2a: Chad|12/100|[from] item: Rocky Helmet|[of] p1a: Tusky
|
|upkeep
|turn|13
|
|t:|1779808697
|move|p1a: Tusky|Ice Spinner|p2a: Chad
|-supereffective|p2a: Chad
|-damage|p2a: Chad|0 fnt
|faint|p2a: Chad
|-end|p2a: Chad|Protosynthesis|[silent]
|
|upkeep
|
|t:|1779808699
|switch|p2a: Monkey|Rillaboom, M|74/100
|-fieldstart|move: Grassy Terrain|[from] ability: Grassy Surge|[of] p2a: Monkey
|turn|14
|
|t:|1779808707
|move|p1a: Tusky|Ice Spinner|p2a: Monkey
|-supereffective|p2a: Monkey
|-damage|p2a: Monkey|22/100
|-fieldend|move: Grassy Terrain
|move|p2a: Monkey|Wood Hammer|p1a: Tusky
|-supereffective|p1a: Tusky
|-damage|p1a: Tusky|0 fnt
|-damage|p2a: Monkey|6/100|[from] item: Rocky Helmet|[of] p1a: Tusky
|faint|p1a: Tusky
|-end|p1a: Tusky|Protosynthesis|[silent]
|-damage|p2a: Monkey|0 fnt|[from] Recoil
|faint|p2a: Monkey
|
|upkeep
|
|t:|1779808720
|switch|p1a: TargetOfAffection|Raging Bolt|100/100
|switch|p2a: Queen|Primarina, F|100/100
|-enditem|p1a: TargetOfAffection|Booster Energy
|-activate|p1a: TargetOfAffection|ability: Protosynthesis|[fromitem]
|-start|p1a: TargetOfAffection|protosynthesisspa
|turn|15
|
|t:|1779808727
|move|p1a: TargetOfAffection|Thunderbolt|p2a: Queen
|-supereffective|p2a: Queen
|-damage|p2a: Queen|0 fnt
|faint|p2a: Queen
|
|upkeep
|
|t:|1779808745
|switch|p2a: Drago|Dragapult, M, tera:Dragon|3/100
|turn|16
|
|t:|1779808756
|move|p1a: TargetOfAffection|Thunderclap|p2a: Drago
|-resisted|p2a: Drago
|-damage|p2a: Drago|0 fnt
|faint|p2a: Drago
|
|upkeep
|
|t:|1779808758
|switch|p2a: King|Kingambit, M|91/100
|turn|17
|
|t:|1779808774
|move|p1a: TargetOfAffection|Thunderclap|p2a: King
|-damage|p2a: King|36/100
|move|p2a: King|Kowtow Cleave|p1a: TargetOfAffection
|-damage|p1a: TargetOfAffection|43/100
|-damage|p2a: King|26/100|[from] item: Life Orb
|
|upkeep
|turn|18
|c|☆inferno_on_top|gg
|c|☆TristanPlaysPKMN|gg
|
|t:|1779808783
|move|p1a: TargetOfAffection|Thunderclap|p2a: King
|-damage|p2a: King|0 fnt
|faint|p2a: King
|
|win|TristanPlaysPKMN
|raw|TristanPlaysPKMN's rating: 1322 &rarr; <strong>1338</strong><br />(+16 for winning)
|raw|inferno_on_top's rating: 1255 &rarr; <strong>1235</strong><br />(-20 for losing)
|l|☆TristanPlaysPKMN
|player|p1|
