|j|☆p4cm4x
|j|☆granwhippler89
|t:|1779811423
|gametype|singles
|player|p1|p4cm4x|ltsurge|1260
|player|p2|granwhippler89|169|1205
|gen|9
|tier|[Gen 9] OU
|rated|
|rule|HP Percentage Mod: HP is shown in percentages
|rule|Endless Battle Clause: Forcing endless battles is banned
|rule|Species Clause: Limit one of each Pokémon
|rule|OHKO Clause: OHKO moves are banned
|rule|Evasion Items Clause: Evasion items are banned
|rule|Evasion Moves Clause: Evasion moves are banned
|rule|Evasion Abilities Clause: Evasion abilities are banned
|rule|Sleep Moves Clause: Sleep-inducing moves are banned
|clearpoke
|poke|p1|Zapdos|
|poke|p1|Rotom-Wash|
|poke|p1|Electrode-Hisui|
|poke|p1|Iron Hands|
|poke|p1|Galvantula, M|
|poke|p1|Raging Bolt|
|poke|p2|Hitmonlee, M|
|poke|p2|Darkrai|
|poke|p2|Primarina, M|
|poke|p2|Iron Moth|
|poke|p2|Ogerpon, F|
|poke|p2|Garganacl, F|
|teampreview
|inactive|Battle timer is ON: inactive players will automatically lose when time's up. (requested by p4cm4x)
|
|t:|1779811429
|teamsize|p1|6
|teamsize|p2|6
|start
|switch|p1a: Galvantula|Galvantula, M|100/100
|switch|p2a: Garganacl|Garganacl, F|100/100
|turn|1
|
|t:|1779811435
|move|p1a: Galvantula|Sticky Web|p2a: Garganacl
|-sidestart|p2: granwhippler89|move: Sticky Web
|move|p2a: Garganacl|Block|p1a: Galvantula
|-activate|p1a: Galvantula|trapped
|
|upkeep
|turn|2
|
|t:|1779811439
|move|p1a: Galvantula|Volt Switch|p2a: Garganacl
|-damage|p2a: Garganacl|72/100
|
|t:|1779811442
|switch|p1a: Rotom|Rotom-Wash|100/100|[from] Volt Switch
|move|p2a: Garganacl|Curse|p2a: Garganacl
|-unboost|p2a: Garganacl|spe|1
|-boost|p2a: Garganacl|atk|1
|-boost|p2a: Garganacl|def|1
|
|-heal|p2a: Garganacl|78/100|[from] item: Leftovers
|upkeep
|turn|3
|
|t:|1779811449
|-terastallize|p2a: Garganacl|Fairy
|move|p1a: Rotom|Trick|p2a: Garganacl
|-activate|p1a: Rotom|move: Trick|[of] p2a: Garganacl
|-item|p2a: Garganacl|Choice Scarf|[from] move: Trick
|-item|p1a: Rotom|Leftovers|[from] move: Trick
|move|p2a: Garganacl|Salt Cure|p1a: Rotom
|-damage|p1a: Rotom|83/100
|-start|p1a: Rotom|Salt Cure
|
|-heal|p1a: Rotom|90/100|[from] item: Leftovers
|-damage|p1a: Rotom|65/100|[from] Salt Cure
|upkeep
|turn|4
|
|t:|1779811456
|move|p1a: Rotom|Volt Switch|p2a: Garganacl
|-damage|p2a: Garganacl|53/100
|
|t:|1779811471
|switch|p1a: Galvantula|Galvantula, M|100/100|[from] Volt Switch
|move|p2a: Garganacl|Salt Cure|p1a: Galvantula
|-supereffective|p1a: Galvantula
|-damage|p1a: Galvantula|25/100
|-start|p1a: Galvantula|Salt Cure
|
|-damage|p1a: Galvantula|13/100|[from] Salt Cure
|upkeep
|turn|5
|
|t:|1779811478
|move|p1a: Galvantula|Volt Switch|p2a: Garganacl
|-damage|p2a: Garganacl|26/100
|
|t:|1779811482
|switch|p1a: Rotom|Rotom-Wash|65/100|[from] Volt Switch
|move|p2a: Garganacl|Salt Cure|p1a: Rotom
|-damage|p1a: Rotom|50/100
|-start|p1a: Rotom|Salt Cure
|
|-heal|p1a: Rotom|56/100|[from] item: Leftovers
|-damage|p1a: Rotom|31/100|[from] Salt Cure
|upkeep
|turn|6
|
|t:|1779811487
|move|p1a: Rotom|Volt Switch|p2a: Garganacl
|-damage|p2a: Garganacl|4/100
|
|t:|1779811492
|switch|p1a: Galvantula|Galvantula, M|13/100|[from] Volt Switch
|move|p2a: Garganacl|Salt Cure|p1a: Galvantula
|-supereffective|p1a: Galvantula
|-damage|p1a: Galvantula|0 fnt
|faint|p1a: Galvantula
|
|upkeep
|
|t:|1779811494
|switch|p1a: Rotom|Rotom-Wash|31/100
|turn|7
|
|t:|1779811496
|move|p1a: Rotom|Volt Switch|p2a: Garganacl
|-damage|p2a: Garganacl|0 fnt
|faint|p2a: Garganacl
|
|t:|1779811500
|switch|p1a: Zapdos|Zapdos|100/100|[from] Volt Switch
|
|upkeep
|
|t:|1779811525
|switch|p2a: Primarina|Primarina, M|100/100
|-activate|p2a: Primarina|move: Sticky Web
|-unboost|p2a: Primarina|spe|1
|turn|8
|
|t:|1779811530
|move|p1a: Zapdos|Thunderbolt|p2a: Primarina
|-supereffective|p2a: Primarina
|-damage|p2a: Primarina|37/100
|move|p2a: Primarina|Calm Mind|p2a: Primarina
|-boost|p2a: Primarina|spa|1
|-boost|p2a: Primarina|spd|1
|
|-heal|p2a: Primarina|43/100|[from] item: Leftovers
|upkeep
|turn|9
|
|t:|1779811543
|move|p1a: Zapdos|Volt Switch|p2a: Primarina
|-supereffective|p2a: Primarina
|-damage|p2a: Primarina|10/100
|
|t:|1779811545
|switch|p1a: Rotom|Rotom-Wash|31/100|[from] Volt Switch
|move|p2a: Primarina|Draining Kiss|p1a: Rotom
|-damage|p1a: Rotom|0 fnt
|-heal|p2a: Primarina|29/100|[from] drain|[of] p1a: Rotom
|faint|p1a: Rotom
|
|-heal|p2a: Primarina|35/100|[from] item: Leftovers
|upkeep
|
|t:|1779811548
|switch|p1a: Zapdos|Zapdos|100/100
|turn|10
|
|t:|1779811577
|move|p1a: Zapdos|Thunderbolt|p2a: Primarina
|-supereffective|p2a: Primarina
|-damage|p2a: Primarina|0 fnt
|faint|p2a: Primarina
|
|upkeep
|
|t:|1779811579
|switch|p2a: Ogerpon|Ogerpon, F|100/100
|-activate|p2a: Ogerpon|move: Sticky Web
|-unboost|p2a: Ogerpon|spe|1
|-ability|p2a: Ogerpon|Defiant|boost
|-boost|p2a: Ogerpon|atk|2
|turn|11
|
|t:|1779811594
|move|p1a: Zapdos|Heat Wave|p2a: Ogerpon
|-supereffective|p2a: Ogerpon
|-damage|p2a: Ogerpon|44/100
|-status|p2a: Ogerpon|brn
|move|p2a: Ogerpon|Knock Off|p1a: Zapdos
|-damage|p1a: Zapdos|48/100
|-enditem|p1a: Zapdos|Heavy-Duty Boots|[from] move: Knock Off|[of] p2a: Ogerpon
|
|-damage|p2a: Ogerpon|38/100 brn|[from] brn
|upkeep
|turn|12
|
|t:|1779811603
|move|p1a: Zapdos|Heat Wave|p2a: Ogerpon
|-supereffective|p2a: Ogerpon
|-damage|p2a: Ogerpon|0 fnt
|faint|p2a: Ogerpon
|
|upkeep
|
|t:|1779811605
|switch|p2a: Darkrai|Darkrai|100/100
|-activate|p2a: Darkrai|move: Sticky Web
|-unboost|p2a: Darkrai|spe|1
|turn|13
|
|t:|1779811609
|move|p2a: Darkrai|Ice Beam|p1a: Zapdos
|-supereffective|p1a: Zapdos
|-damage|p1a: Zapdos|0 fnt
|faint|p1a: Zapdos
|
|upkeep
|
|t:|1779811612
|switch|p1a: Iron Hands|Iron Hands|100/100
|turn|14
|
|t:|1779811619
|switch|p2a: Iron Moth|Iron Moth|100/100
|-activate|p2a: Iron Moth|move: Sticky Web
|-unboost|p2a: Iron Moth|spe|1
|-enditem|p2a: Iron Moth|Booster Energy
|-activate|p2a: Iron Moth|ability: Quark Drive|[fromitem]
|-start|p2a: Iron Moth|quarkdrivespa
|move|p1a: Iron Hands|Fake Out|p2a: Iron Moth
|-damage|p2a: Iron Moth|78/100
|
|upkeep
|turn|15
|
|t:|1779811630
|move|p2a: Iron Moth|Dazzling Gleam|p1a: Iron Hands
|-supereffective|p1a: Iron Hands
|-damage|p1a: Iron Hands|34/100
|move|p1a: Iron Hands|Earthquake|p2a: Iron Moth
|-supereffective|p2a: Iron Moth
|-damage|p2a: Iron Moth|0 fnt
|faint|p2a: Iron Moth
|-end|p2a: Iron Moth|Quark Drive|[silent]
|
|-heal|p1a: Iron Hands|40/100|[from] item: Leftovers
|upkeep
|
|t:|1779811632
|switch|p2a: Hitmonlee|Hitmonlee, M|100/100
|-activate|p2a: Hitmonlee|move: Sticky Web
|-unboost|p2a: Hitmonlee|spe|1
|turn|16
|
|t:|1779811641
|-end|p1a: Iron Hands|Quark Drive|[silent]
|switch|p1a: Electrode|Electrode-Hisui|100/100
|move|p2a: Hitmonlee|Fake Out|p1a: Electrode
|-enditem|p2a: Hitmonlee|Normal Gem|[from] gem
|-damage|p1a: Electrode|68/100
|
|upkeep
|turn|17
|
|t:|1779811653
|move|p1a: Electrode|Leaf Storm|p2a: Hitmonlee
|-damage|p2a: Hitmonlee|8/100
|-unboost|p1a: Electrode|spa|2
|-damage|p1a: Electrode|58/100|[from] item: Life Orb
|move|p2a: Hitmonlee|Close Combat|p1a: Electrode
|-crit|p1a: Electrode
|-damage|p1a: Electrode|0 fnt
|-unboost|p2a: Hitmonlee|def|1
|-unboost|p2a: Hitmonlee|spd|1
|faint|p1a: Electrode
|
|upkeep
|
|t:|1779811666
|switch|p1a: Iron Hands|Iron Hands|40/100
|turn|18
|
|t:|1779811672
|switch|p2a: Darkrai|Darkrai|100/100
|-activate|p2a: Darkrai|move: Sticky Web
|-unboost|p2a: Darkrai|spe|1
|move|p1a: Iron Hands|Fake Out|p2a: Darkrai
|-damage|p2a: Darkrai|80/100
|
|-heal|p1a: Iron Hands|46/100|[from] item: Leftovers
|upkeep
|turn|19
|
|t:|1779811684
|-end|p1a: Iron Hands|Quark Drive|[silent]
|switch|p1a: Raging Bolt|Raging Bolt|100/100
|move|p2a: Darkrai|Sludge Bomb|p1a: Raging Bolt
|-damage|p1a: Raging Bolt|74/100
|-status|p1a: Raging Bolt|psn
|
|-heal|p1a: Raging Bolt|80/100 psn|[from] item: Leftovers
|-damage|p1a: Raging Bolt|68/100 psn|[from] psn
|upkeep
|turn|20
|
|t:|1779811690
|move|p2a: Darkrai|Sludge Bomb|p1a: Raging Bolt
|-damage|p1a: Raging Bolt|40/100 psn
|move|p1a: Raging Bolt|Calm Mind|p1a: Raging Bolt
|-boost|p1a: Raging Bolt|spa|1
|-boost|p1a: Raging Bolt|spd|1
|
|-heal|p1a: Raging Bolt|46/100 psn|[from] item: Leftovers
|-damage|p1a: Raging Bolt|34/100 psn|[from] psn
|upkeep
|turn|21
|
|t:|1779811695
|move|p2a: Darkrai|Sludge Bomb|p1a: Raging Bolt
|-damage|p1a: Raging Bolt|18/100 psn
|move|p1a: Raging Bolt|Thunderbolt|p2a: Darkrai
|-damage|p2a: Darkrai|0 fnt
|faint|p2a: Darkrai
|
|-heal|p1a: Raging Bolt|24/100 psn|[from] item: Leftovers
|-damage|p1a: Raging Bolt|12/100 psn|[from] psn
|upkeep
|
|t:|1779811697
|switch|p2a: Hitmonlee|Hitmonlee, M|8/100
|-activate|p2a: Hitmonlee|move: Sticky Web
|-unboost|p2a: Hitmonlee|spe|1
|turn|22
|
|t:|1779811700
|move|p2a: Hitmonlee|Fake Out|p1a: Raging Bolt
|-damage|p1a: Raging Bolt|0 fnt
|faint|p1a: Raging Bolt
|-end|p1a: Raging Bolt|Protosynthesis|[silent]
|
|upkeep
|
|t:|1779811702
|switch|p1a: Iron Hands|Iron Hands|46/100
|turn|23
|
|t:|1779811710
|move|p1a: Iron Hands|Fake Out|p2a: Hitmonlee
|-damage|p2a: Hitmonlee|0 fnt
|faint|p2a: Hitmonlee
|
|win|p4cm4x
|raw|p4cm4x's rating: 1260 &rarr; <strong>1281</strong><br />(+21 for winning)
|raw|granwhippler89's rating: 1205 &rarr; <strong>1184</strong><br />(-21 for losing)
|l|☆p4cm4x
|player|p1|
|l|☆granwhippler89
|player|p2|
