|j|☆YAMA111(
|j|☆Aizor81
|t:|1779801189
|gametype|singles
|player|p1|YAMA111(|wallace|1084
|player|p2|Aizor81|pokemonbreeder|1000
|gen|9
|tier|[Gen 9] OU
|rated|
|rule|HP Percentage Mod: HP is shown in percentages
|rule|Endless Battle Clause: Forcing endless battles is banned
|rule|Species Clause: Limit one of each Pokémon
|rule|OHKO Clause: OHKO moves are banned
|rule|Evasion Items Clause: Evasion items are banned
|rule|Evasion Moves Clause: Evasion moves are banned
|rule|Evasion Abilities Clause: Evasion abilities are banned
|rule|Sleep Moves Clause: Sleep-inducing moves are banned
|clearpoke
|poke|p1|Cinderace, F|
|poke|p1|Landorus-Therian, M|
|poke|p1|Deoxys-Speed|
|poke|p1|Slowking-Galar, M|
|poke|p1|Alomomola, M|
|poke|p1|Corviknight, M|
|poke|p2|Sunflora, M|
|poke|p2|Torkoal, M|
|poke|p2|Hariyama, M|
|poke|p2|Lapras, F|
|poke|p2|Corviknight, F|
|poke|p2|Heatran, M|
|teampreview
|inactive|Battle timer is ON: inactive players will automatically lose when time's up. (requested by YAMA111()
|
|t:|1779801205
|teamsize|p1|6
|teamsize|p2|6
|start
|switch|p1a: Cinderace|Cinderace, F|100/100
|switch|p2a: Cegarro|Torkoal, M|100/100
|-weather|SunnyDay|[from] ability: Drought|[of] p2a: Cegarro
|turn|1
|
|t:|1779801218
|move|p1a: Cinderace|U-turn|p2a: Cegarro
|-start|p1a: Cinderace|typechange|Bug|[from] ability: Libero
|-resisted|p2a: Cegarro
|-damage|p2a: Cegarro|90/100
|-damage|p1a: Cinderace|84/100|[from] item: Rocky Helmet|[of] p2a: Cegarro
|
|t:|1779801224
|switch|p1a: Landorus|Landorus-Therian, M|100/100|[from] U-turn
|-ability|p1a: Landorus|Intimidate|boost
|-unboost|p2a: Cegarro|atk|1
|move|p2a: Cegarro|Stealth Rock|p1a: Landorus
|-sidestart|p1: YAMA111(|move: Stealth Rock
|
|-weather|SunnyDay|[upkeep]
|upkeep
|turn|2
|
|t:|1779801240
|move|p1a: Landorus|Earthquake|p2a: Cegarro
|-supereffective|p2a: Cegarro
|-damage|p2a: Cegarro|7/100
|move|p2a: Cegarro|Will-O-Wisp|p1a: Landorus
|-status|p1a: Landorus|brn
|
|-weather|SunnyDay|[upkeep]
|-damage|p1a: Landorus|95/100 brn|[from] brn
|upkeep
|turn|3
|
|t:|1779801246
|move|p1a: Landorus|Earthquake|p2a: Cegarro
|-supereffective|p2a: Cegarro
|-damage|p2a: Cegarro|0 fnt
|faint|p2a: Cegarro
|
|-weather|SunnyDay|[upkeep]
|-damage|p1a: Landorus|89/100 brn|[from] brn
|upkeep
|
|t:|1779801253
|switch|p2a: GoatFlora|Sunflora, M, shiny|100/100
|turn|4
|
|t:|1779801259
|move|p1a: Landorus|U-turn|p2a: GoatFlora
|-supereffective|p2a: GoatFlora
|-damage|p2a: GoatFlora|59/100
|
|t:|1779801265
|switch|p1a: Slowking|Slowking-Galar, M|100/100|[from] U-turn
|move|p2a: GoatFlora|Solar Beam||[still]
|-prepare|p2a: GoatFlora|Solar Beam
|-anim|p2a: GoatFlora|Solar Beam|p1a: Slowking
|-resisted|p1a: Slowking
|-damage|p1a: Slowking|84/100
|-damage|p2a: GoatFlora|50/100|[from] item: Life Orb
|
|-weather|SunnyDay|[upkeep]
|upkeep
|turn|5
|
|t:|1779801279
|move|p2a: GoatFlora|Earth Power|p1a: Slowking
|-supereffective|p1a: Slowking
|-damage|p1a: Slowking|49/100
|-damage|p2a: GoatFlora|40/100|[from] item: Life Orb
|move|p1a: Slowking|Fire Blast|p2a: GoatFlora|[miss]
|-miss|p1a: Slowking|p2a: GoatFlora
|
|-weather|none
|upkeep
|turn|6
|
|t:|1779801286
|move|p1a: Slowking|Fire Blast|p2a: GoatFlora
|-supereffective|p2a: GoatFlora
|-crit|p2a: GoatFlora
|-damage|p2a: GoatFlora|0 fnt
|faint|p2a: GoatFlora
|
|upkeep
|
|t:|1779801293
|switch|p2a: Calimero|Corviknight, F, shiny|100/100
|-ability|p2a: Calimero|Pressure
|turn|7
|
|t:|1779801312
|-terastallize|p2a: Calimero|Flying
|move|p2a: Calimero|Iron Defense|p2a: Calimero
|-boost|p2a: Calimero|def|2
|-prepare|p1a: Slowking|Chilly Reception|[premajor]
|move|p1a: Slowking|Chilly Reception|p1a: Slowking
|-weather|Snowscape
|
|t:|1779801322
|switch|p1a: Cinderace|Cinderace, F|84/100|[from] Chilly Reception
|
|-weather|Snowscape|[upkeep]
|upkeep
|turn|8
|
|t:|1779801326
|move|p1a: Cinderace|Will-O-Wisp|p2a: Calimero|[miss]
|-miss|p1a: Cinderace|p2a: Calimero
|move|p2a: Calimero|Body Press|p1a: Cinderace
|-damage|p1a: Cinderace|45/100
|
|-weather|Snowscape|[upkeep]
|upkeep
|turn|9
|
|t:|1779801332
|move|p1a: Cinderace|Will-O-Wisp|p2a: Calimero
|-status|p2a: Calimero|brn
|move|p2a: Calimero|Body Press|p1a: Cinderace
|-crit|p1a: Cinderace
|-damage|p1a: Cinderace|17/100
|
|-weather|Snowscape|[upkeep]
|-damage|p2a: Calimero|94/100 brn|[from] brn
|upkeep
|turn|10
|
|t:|1779801336
|move|p1a: Cinderace|Pyro Ball|p2a: Calimero
|-damage|p2a: Calimero|76/100 brn
|move|p2a: Calimero|Iron Defense|p2a: Calimero
|-boost|p2a: Calimero|def|2
|
|-weather|Snowscape|[upkeep]
|-heal|p2a: Calimero|82/100 brn|[from] item: Leftovers
|-damage|p2a: Calimero|76/100 brn|[from] brn
|upkeep
|turn|11
|
|t:|1779801338
|move|p1a: Cinderace|Court Change|p1a: Cinderace
|-start|p1a: Cinderace|typechange|Normal|[from] ability: Libero
|-swapsideconditions
|-activate|p1a: Cinderace|move: Court Change
|move|p2a: Calimero|Body Press|p1a: Cinderace
|-supereffective|p1a: Cinderace
|-damage|p1a: Cinderace|0 fnt
|faint|p1a: Cinderace
|
|-weather|none
|-heal|p2a: Calimero|82/100 brn|[from] item: Leftovers
|-damage|p2a: Calimero|76/100 brn|[from] brn
|upkeep
|
|t:|1779801344
|switch|p1a: Landorus|Landorus-Therian, M|89/100 brn
|-ability|p1a: Landorus|Intimidate|boost
|-unboost|p2a: Calimero|atk|1
|turn|12
|
|t:|1779801358
|switch|p1a: Deoxys|Deoxys-Speed|100/100
|-ability|p1a: Deoxys|Pressure
|move|p2a: Calimero|U-turn|p1a: Deoxys
|-supereffective|p1a: Deoxys
|-damage|p1a: Deoxys|89/100
|
|t:|1779801375
|switch|p2a: Cargol treu banya|Lapras, F|100/100|[from] U-turn
|-damage|p2a: Cargol treu banya|76/100|[from] Stealth Rock
|
|upkeep
|turn|13
|
|t:|1779801389
|move|p1a: Deoxys|Light Screen|p1a: Deoxys
|-sidestart|p1: YAMA111(|move: Light Screen
|move|p2a: Cargol treu banya|Ice Beam|p1a: Deoxys
|-damage|p1a: Deoxys|53/100
|
|upkeep
|turn|14
|
|t:|1779801396
|move|p1a: Deoxys|Recover|p1a: Deoxys
|-heal|p1a: Deoxys|100/100
|move|p2a: Cargol treu banya|Ice Beam|p1a: Deoxys
|-damage|p1a: Deoxys|64/100
|
|upkeep
|turn|15
|
|t:|1779801405
|move|p1a: Deoxys|Psycho Boost|p2a: Cargol treu banya
|-damage|p2a: Cargol treu banya|28/100
|-unboost|p1a: Deoxys|spa|2
|-damage|p1a: Deoxys|54/100|[from] item: Life Orb
|move|p2a: Cargol treu banya|Ice Beam|p1a: Deoxys
|-damage|p1a: Deoxys|17/100
|
|upkeep
|turn|16
|
|t:|1779801418
|switch|p1a: Corviknight|Corviknight, M|100/100
|move|p2a: Cargol treu banya|Ice Beam|p1a: Corviknight
|-damage|p1a: Corviknight|71/100
|
|upkeep
|turn|17
|
|t:|1779801427
|move|p2a: Cargol treu banya|Ice Beam|p1a: Corviknight
|-damage|p1a: Corviknight|42/100
|move|p1a: Corviknight|Body Press|p2a: Cargol treu banya
|-supereffective|p2a: Cargol treu banya
|-damage|p2a: Cargol treu banya|0 fnt
|faint|p2a: Cargol treu banya
|
|-sideend|p1: YAMA111(|move: Light Screen
|upkeep
|
|t:|1779801432
|switch|p2a: 45 graditos|Heatran, M|100/100
|-damage|p2a: 45 graditos|88/100|[from] Stealth Rock
|turn|18
|
|t:|1779801441
|switch|p1a: Landorus|Landorus-Therian, M|89/100 brn
|-ability|p1a: Landorus|Intimidate|boost
|-unboost|p2a: 45 graditos|atk|1
|move|p2a: 45 graditos|Fire Blast|p1a: Landorus
|-damage|p1a: Landorus|18/100 brn
|
|-damage|p1a: Landorus|12/100 brn|[from] brn
|upkeep
|turn|19
|
|t:|1779801447
|move|p1a: Landorus|Earthquake|p2a: 45 graditos
|-supereffective|p2a: 45 graditos
|-damage|p2a: 45 graditos|0 fnt
|faint|p2a: 45 graditos
|
|-damage|p1a: Landorus|6/100 brn|[from] brn
|upkeep
|
|t:|1779801450
|switch|p2a: Calimero|Corviknight, F, shiny, tera:Flying|76/100 brn
|-damage|p2a: Calimero|51/100 brn|[from] Stealth Rock
|-ability|p2a: Calimero|Pressure
|turn|20
|
|t:|1779801463
|move|p1a: Landorus|Stone Edge|p2a: Calimero
|-supereffective|p2a: Calimero
|-damage|p2a: Calimero|22/100 brn
|move|p2a: Calimero|Air Slash|p1a: Landorus
|-damage|p1a: Landorus|0 fnt
|faint|p1a: Landorus
|
|-heal|p2a: Calimero|28/100 brn|[from] item: Leftovers
|-damage|p2a: Calimero|22/100 brn|[from] brn
|upkeep
|
|t:|1779801468
|switch|p1a: Deoxys|Deoxys-Speed|17/100
|-ability|p1a: Deoxys|Pressure
|turn|21
|
|t:|1779801481
|move|p1a: Deoxys|Psycho Boost|p2a: Calimero
|-damage|p2a: Calimero|0 fnt
|-unboost|p1a: Deoxys|spa|2
|faint|p2a: Calimero
|-damage|p1a: Deoxys|7/100|[from] item: Life Orb
|
|upkeep
|
|t:|1779801484
|switch|p2a: Chocala|Hariyama, M|100/100
|-damage|p2a: Chocala|94/100|[from] Stealth Rock
|turn|22
|
|t:|1779801494
|switch|p1a: Alomomola|Alomomola, M|100/100
|move|p2a: Chocala|Detect||[still]
|-fail|p2a: Chocala
|
|-status|p2a: Chocala|brn|[from] item: Flame Orb
|upkeep
|turn|23
|
|t:|1779801501
|move|p1a: Alomomola|Protect|p1a: Alomomola
|-singleturn|p1a: Alomomola|Protect
|move|p2a: Chocala|Close Combat|p1a: Alomomola
|-activate|p1a: Alomomola|move: Protect
|
|-damage|p2a: Chocala|88/100 brn|[from] brn
|upkeep
|turn|24
|
|t:|1779801506
|move|p1a: Alomomola|Protect||[still]
|-fail|p1a: Alomomola
|move|p2a: Chocala|Close Combat|p1a: Alomomola
|-damage|p1a: Alomomola|54/100
|-unboost|p2a: Chocala|def|1
|-unboost|p2a: Chocala|spd|1
|
|-damage|p2a: Chocala|82/100 brn|[from] brn
|upkeep
|turn|25
|
|t:|1779801509
|move|p2a: Chocala|Close Combat|p1a: Alomomola
|-damage|p1a: Alomomola|7/100
|-unboost|p2a: Chocala|def|1
|-unboost|p2a: Chocala|spd|1
|move|p1a: Alomomola|Flip Turn|p2a: Chocala
|-damage|p2a: Chocala|49/100 brn
|
|t:|1779801512
|switch|p1a: Deoxys|Deoxys-Speed|7/100|[from] Flip Turn
|-ability|p1a: Deoxys|Pressure
|
|-damage|p2a: Chocala|43/100 brn|[from] brn
|upkeep
|turn|26
|c|☆YAMA111(|GG
|
|t:|1779801519
|-terastallize|p1a: Deoxys|Psychic
|move|p1a: Deoxys|Psycho Boost|p2a: Chocala
|-supereffective|p2a: Chocala
|-damage|p2a: Chocala|0 fnt
|-unboost|p1a: Deoxys|spa|2
|faint|p2a: Chocala
|-damage|p1a: Deoxys|0 fnt|[from] item: Life Orb
|faint|p1a: Deoxys
|
|win|YAMA111(
|raw|YAMA111('s rating: 1084 &rarr; <strong>1105</strong><br />(+21 for winning)
|raw|Aizor81's rating: 1000 &rarr; <strong>1000</strong><br />(+0 for losing)
|l|☆Aizor81
|player|p2|
