|j|☆Team10thPlanett
|j|☆RedemptiveSketch
|t:|1779802743
|gametype|singles
|player|p1|Team10thPlanett|veteran|1658
|player|p2|RedemptiveSketch|boarder-gen2|1690
|gen|9
|tier|[Gen 9] OU
|rated|
|rule|HP Percentage Mod: HP is shown in percentages
|rule|Endless Battle Clause: Forcing endless battles is banned
|rule|Species Clause: Limit one of each Pokémon
|rule|OHKO Clause: OHKO moves are banned
|rule|Evasion Items Clause: Evasion items are banned
|rule|Evasion Moves Clause: Evasion moves are banned
|rule|Evasion Abilities Clause: Evasion abilities are banned
|rule|Sleep Moves Clause: Sleep-inducing moves are banned
|clearpoke
|poke|p1|Zamazenta-*|
|poke|p1|Dragonite, M|
|poke|p1|Araquanid, M|
|poke|p1|Iron Treads|
|poke|p1|Raikou|
|poke|p1|Glimmora, F|
|poke|p2|Raging Bolt|
|poke|p2|Samurott-Hisui, F|
|poke|p2|Gholdengo|
|poke|p2|Great Tusk|
|poke|p2|Moltres|
|poke|p2|Ogerpon, F|
|teampreview
|inactive|Battle timer is ON: inactive players will automatically lose when time's up. (requested by RedemptiveSketch)
|
|t:|1779802771
|teamsize|p1|6
|teamsize|p2|6
|start
|switch|p1a: Glimmora|Glimmora, F|100/100
|switch|p2a: Samurott|Samurott-Hisui, F|100/100
|turn|1
|inactive|Team10thPlanett has 120 seconds left.
|
|t:|1779802825
|-terastallize|p1a: Glimmora|Fairy
|move|p1a: Glimmora|Dazzling Gleam|p2a: Samurott
|-supereffective|p2a: Samurott
|-damage|p2a: Samurott|37/100
|move|p2a: Samurott|Ceaseless Edge|p1a: Glimmora
|-resisted|p1a: Glimmora
|-damage|p1a: Glimmora|78/100
|-activate|p1a: Glimmora|ability: Toxic Debris
|-sidestart|p2: RedemptiveSketch|move: Toxic Spikes
|-sidestart|p1: Team10thPlanett|Spikes
|
|upkeep
|turn|2
|inactive|RedemptiveSketch has 120 seconds left.
|
|t:|1779802851
|move|p2a: Samurott|Sucker Punch|p1a: Glimmora
|-resisted|p1a: Glimmora
|-damage|p1a: Glimmora|60/100
|-activate|p1a: Glimmora|ability: Toxic Debris
|-sidestart|p2: RedemptiveSketch|move: Toxic Spikes
|move|p1a: Glimmora|Dazzling Gleam|p2a: Samurott
|-supereffective|p2a: Samurott
|-damage|p2a: Samurott|0 fnt
|faint|p2a: Samurott
|
|upkeep
|
|t:|1779802855
|switch|p2a: Great Tusk|Great Tusk|100/100
|turn|3
|inactive|RedemptiveSketch has 120 seconds left.
|
|t:|1779802863
|-end|p2a: Great Tusk|Protosynthesis|[silent]
|switch|p2a: Gholdengo|Gholdengo|100/100
|move|p1a: Glimmora|Dazzling Gleam|p2a: Gholdengo
|-resisted|p2a: Gholdengo
|-damage|p2a: Gholdengo|78/100
|
|upkeep
|turn|4
|
|t:|1779802884
|switch|p1a: Iron Treads|Iron Treads|100/100
|-damage|p1a: Iron Treads|88/100|[from] Spikes
|-enditem|p1a: Iron Treads|Booster Energy
|-activate|p1a: Iron Treads|ability: Quark Drive|[fromitem]
|-start|p1a: Iron Treads|quarkdrivespe
|move|p2a: Gholdengo|Shadow Ball|p1a: Iron Treads
|-damage|p1a: Iron Treads|24/100
|
|upkeep
|turn|5
|j| 0RickMountStrong
|inactive|RedemptiveSketch has 120 seconds left.
|
|t:|1779802904
|switch|p2a: Great Tusk|Great Tusk|100/100
|move|p1a: Iron Treads|Earthquake|p2a: Great Tusk
|-damage|p2a: Great Tusk|67/100
|
|upkeep
|turn|6
|
|t:|1779802920
|move|p1a: Iron Treads|Rapid Spin|p2a: Great Tusk
|-damage|p2a: Great Tusk|55/100
|-boost|p1a: Iron Treads|spe|1
|-sideend|p1: Team10thPlanett|Spikes|[from] move: Rapid Spin|[of] p1a: Iron Treads
|move|p2a: Great Tusk|Rapid Spin|p1a: Iron Treads
|-resisted|p1a: Iron Treads
|-damage|p1a: Iron Treads|15/100
|-boost|p2a: Great Tusk|spe|1
|-sideend|p2: RedemptiveSketch|Toxic Spikes|[from] move: Rapid Spin|[of] p2a: Great Tusk
|
|upkeep
|turn|7
|inactive|Team10thPlanett has 90 seconds left.
|
|t:|1779802944
|move|p1a: Iron Treads|Endeavor|p2a: Great Tusk
|-damage|p2a: Great Tusk|13/100
|move|p2a: Great Tusk|Ice Spinner|p1a: Iron Treads
|-damage|p1a: Iron Treads|0 fnt
|faint|p1a: Iron Treads
|-end|p1a: Iron Treads|Quark Drive|[silent]
|
|upkeep
|inactive|Team10thPlanett has 60 seconds left.
|
|t:|1779802983
|switch|p1a: Johnny Tsunami 🌊|Araquanid, M|100/100
|turn|8
|inactive|Team10thPlanett has 60 seconds left.
|
|t:|1779802990
|move|p2a: Great Tusk|Stealth Rock|p1a: Johnny Tsunami 🌊
|-sidestart|p1: Team10thPlanett|move: Stealth Rock
|move|p1a: Johnny Tsunami 🌊|Surf|p2a: Great Tusk
|-supereffective|p2a: Great Tusk
|-damage|p2a: Great Tusk|0 fnt
|faint|p2a: Great Tusk
|-end|p2a: Great Tusk|Protosynthesis|[silent]
|
|upkeep
|
|t:|1779802999
|switch|p2a: Raging Bolt|Raging Bolt|100/100
|turn|9
|inactive|Team10thPlanett has 60 seconds left.
|
|t:|1779803022
|move|p2a: Raging Bolt|Calm Mind|p2a: Raging Bolt
|-boost|p2a: Raging Bolt|spa|1
|-boost|p2a: Raging Bolt|spd|1
|move|p1a: Johnny Tsunami 🌊|Endeavor|p2a: Raging Bolt
|-damage|p2a: Raging Bolt|82/100
|
|-heal|p2a: Raging Bolt|88/100|[from] item: Leftovers
|upkeep
|turn|10
|j| Disscratch
|inactive|Team10thPlanett has 60 seconds left.
|
|t:|1779803041
|switch|p1a: Zamazenta|Zamazenta|100/100
|-damage|p1a: Zamazenta|94/100|[from] Stealth Rock
|-ability|p1a: Zamazenta|Dauntless Shield|boost
|-boost|p1a: Zamazenta|def|1
|move|p2a: Raging Bolt|Calm Mind|p2a: Raging Bolt
|-boost|p2a: Raging Bolt|spa|1
|-boost|p2a: Raging Bolt|spd|1
|
|-heal|p2a: Raging Bolt|95/100|[from] item: Leftovers
|upkeep
|turn|11
|inactive|Team10thPlanett has 60 seconds left.
|
|t:|1779803055
|move|p1a: Zamazenta|Ice Fang|p2a: Raging Bolt
|-supereffective|p2a: Raging Bolt
|-damage|p2a: Raging Bolt|50/100
|move|p2a: Raging Bolt|Thunderbolt|p1a: Zamazenta
|-damage|p1a: Zamazenta|9/100
|
|-heal|p2a: Raging Bolt|57/100|[from] item: Leftovers
|upkeep
|turn|12
|inactive|Team10thPlanett has 60 seconds left.
|
|t:|1779803064
|move|p2a: Raging Bolt|Thunderclap|p1a: Zamazenta
|-damage|p1a: Zamazenta|0 fnt
|faint|p1a: Zamazenta
|
|-heal|p2a: Raging Bolt|63/100|[from] item: Leftovers
|upkeep
|inactive|Team10thPlanett has 60 seconds left.
|
|t:|1779803073
|switch|p1a: Fat Boy|Dragonite, M, shiny|100/100
|-damage|p1a: Fat Boy|76/100|[from] Stealth Rock
|turn|13
|inactive|Team10thPlanett has 60 seconds left.
|inactive|RedemptiveSketch has 120 seconds left.
|
|t:|1779803113
|-end|p2a: Raging Bolt|Protosynthesis|[silent]
|switch|p2a: Gholdengo|Gholdengo|78/100
|move|p1a: Fat Boy|Earthquake|p2a: Gholdengo
|-supereffective|p2a: Gholdengo
|-damage|p2a: Gholdengo|0 fnt
|faint|p2a: Gholdengo
|
|upkeep
|
|t:|1779803119
|switch|p2a: Moltres|Moltres|100/100
|turn|14
|inactive|Team10thPlanett has 60 seconds left.
|j| arturohdez
|
|t:|1779803149
|switch|p1a: Glimmora|Glimmora, F, tera:Fairy|60/100
|-damage|p1a: Glimmora|48/100|[from] Stealth Rock
|move|p2a: Moltres|U-turn|p1a: Glimmora
|-resisted|p1a: Glimmora
|-damage|p1a: Glimmora|39/100
|-activate|p1a: Glimmora|ability: Toxic Debris
|-sidestart|p2: RedemptiveSketch|move: Toxic Spikes
|j| AbrarS
|inactive|RedemptiveSketch has 120 seconds left.
|
|t:|1779803162
|switch|p2a: Ogerpon|Ogerpon, F|100/100|[from] U-turn
|
|upkeep
|turn|15
|inactive|Team10thPlanett has 60 seconds left.
|
|t:|1779803167
|-terastallize|p2a: Ogerpon|Grass
|detailschange|p2a: Ogerpon|Ogerpon-Teal-Tera, F, tera:Grass
|-ability|p2a: Ogerpon|Embody Aspect (Teal)|boost
|-boost|p2a: Ogerpon|spe|1
|move|p2a: Ogerpon|Ivy Cudgel|p1a: Glimmora
|-damage|p1a: Glimmora|0 fnt
|-activate|p1a: Glimmora|ability: Toxic Debris
|-sidestart|p2: RedemptiveSketch|move: Toxic Spikes
|faint|p1a: Glimmora
|
|upkeep
|inactive|Team10thPlanett has 60 seconds left.
|
|t:|1779803187
|switch|p1a: Fat Boy|Dragonite, M, shiny|76/100
|-damage|p1a: Fat Boy|51/100|[from] Stealth Rock
|turn|16
|j| fifodrummer
|
|t:|1779803201
|switch|p2a: Moltres|Moltres|100/100
|move|p1a: Fat Boy|Extreme Speed|p2a: Moltres
|-damage|p2a: Moltres|66/100
|
|upkeep
|turn|17
|
|t:|1779803210
|switch|p1a: Johnny Tsunami 🌊|Araquanid, M|100/100
|-damage|p1a: Johnny Tsunami 🌊|75/100|[from] Stealth Rock
|move|p2a: Moltres|U-turn|p1a: Johnny Tsunami 🌊
|-damage|p1a: Johnny Tsunami 🌊|60/100
|l| fifodrummer
|
|t:|1779803225
|switch|p2a: Ogerpon|Ogerpon-Teal-Tera, F, tera:Grass|100/100|[from] U-turn
|-ability|p2a: Ogerpon|Embody Aspect (Teal)|boost
|-boost|p2a: Ogerpon|spe|1
|
|upkeep
|turn|18
|j| hattybatty304
|inactive|Team10thPlanett has 60 seconds left.
|inactive|Team10thPlanett has 30 seconds left.
|j| invmenot
|inactive|Team10thPlanett has 20 seconds left.
|inactive|Team10thPlanett has 15 seconds left.
|inactive|Team10thPlanett has 10 seconds left.
|
|t:|1779803299
|move|p1a: Johnny Tsunami 🌊|Endure|p1a: Johnny Tsunami 🌊
|-singleturn|p1a: Johnny Tsunami 🌊|move: Endure
|move|p2a: Ogerpon|Ivy Cudgel|p1a: Johnny Tsunami 🌊
|-activate|p1a: Johnny Tsunami 🌊|move: Endure
|-damage|p1a: Johnny Tsunami 🌊|1/100
|
|upkeep
|turn|19
|inactive|Team10thPlanett has 20 seconds left this turn.
|inactive|Team10thPlanett has 15 seconds left.
|-enditem|p1a: Johnny Tsunami 🌊|Custap Berry|[eat]
|-activate|p1a: Johnny Tsunami 🌊|item: Custap Berry|[consumed]
|
|t:|1779803319
|switch|p2a: Raging Bolt|Raging Bolt|63/100
|-status|p2a: Raging Bolt|tox
|move|p1a: Johnny Tsunami 🌊|Endeavor|p2a: Raging Bolt
|-damage|p2a: Raging Bolt|1/100 tox
|
|-heal|p2a: Raging Bolt|7/100 tox|[from] item: Leftovers
|-damage|p2a: Raging Bolt|1/100 tox|[from] psn
|upkeep
|turn|20
|inactive|Team10thPlanett has 25 seconds left this turn.
|inactive|Team10thPlanett has 20 seconds left.
|j| fifodrummer
|inactive|Team10thPlanett has 15 seconds left.
|
|t:|1779803331
|move|p2a: Raging Bolt|Dragon Pulse|p1a: Johnny Tsunami 🌊
|-damage|p1a: Johnny Tsunami 🌊|0 fnt
|faint|p1a: Johnny Tsunami 🌊
|
|-heal|p2a: Raging Bolt|7/100 tox|[from] item: Leftovers
|-damage|p2a: Raging Bolt|0 fnt|[from] psn
|faint|p2a: Raging Bolt
|-end|p2a: Raging Bolt|Protosynthesis|[silent]
|upkeep
|inactive|Team10thPlanett has 20 seconds left this turn.
|l| AbrarS
|inactive|Team10thPlanett has 15 seconds left.
|inactive|Team10thPlanett has 10 seconds left.
|
|t:|1779803346
|switch|p2a: Ogerpon|Ogerpon-Teal-Tera, F, tera:Grass|100/100
|switch|p1a: Fat Boy|Dragonite, M, shiny|51/100
|-ability|p2a: Ogerpon|Embody Aspect (Teal)|boost
|-boost|p2a: Ogerpon|spe|1
|-damage|p1a: Fat Boy|26/100|[from] Stealth Rock
|turn|21
|inactive|Team10thPlanett has 20 seconds left this turn.
|inactive|Team10thPlanett has 15 seconds left.
|
|t:|1779803357
|switch|p2a: Moltres|Moltres|66/100
|move|p1a: Fat Boy|Outrage|p2a: Moltres
|-damage|p2a: Moltres|0 fnt
|-status|p1a: Fat Boy|brn|[from] ability: Flame Body|[of] p2a: Moltres
|faint|p2a: Moltres
|
|-damage|p1a: Fat Boy|20/100 brn|[from] brn
|upkeep
|
|t:|1779803360
|switch|p2a: Ogerpon|Ogerpon-Teal-Tera, F, tera:Grass|100/100
|-ability|p2a: Ogerpon|Embody Aspect (Teal)|boost
|-boost|p2a: Ogerpon|spe|1
|turn|22
|inactive|Team10thPlanett has 30 seconds left this turn.
|inactive|Team10thPlanett has 20 seconds left.
|
|t:|1779803372
|move|p2a: Ogerpon|Knock Off|p1a: Fat Boy
|-damage|p1a: Fat Boy|0 fnt
|-enditem|p1a: Fat Boy|Choice Band|[from] move: Knock Off|[of] p2a: Ogerpon
|faint|p1a: Fat Boy
|
|upkeep
|inactive|Team10thPlanett has 25 seconds left this turn.
|inactive|Team10thPlanett has 20 seconds left.
|
|t:|1779803377
|switch|p1a: Diego ⚡️|Raikou|100/100
|-damage|p1a: Diego ⚡️|88/100|[from] Stealth Rock
|-ability|p1a: Diego ⚡️|Pressure
|turn|23
|inactive|Team10thPlanett has 30 seconds left this turn.
|inactive|Team10thPlanett has 20 seconds left.
|inactive|Team10thPlanett has 15 seconds left.
|
|t:|1779803393
|move|p2a: Ogerpon|Ivy Cudgel|p1a: Diego ⚡️
|-damage|p1a: Diego ⚡️|0 fnt
|faint|p1a: Diego ⚡️
|
|win|RedemptiveSketch
|raw|Team10thPlanett's rating: 1658 &rarr; <strong>1640</strong><br />(-18 for losing)
|raw|RedemptiveSketch's rating: 1690 &rarr; <strong>1708</strong><br />(+18 for winning)
|l|☆Team10thPlanett
|player|p1|
|l| hattybatty304
|l| invmenot
|l|☆RedemptiveSketch
|player|p2|
|l| arturohdez
|l| fifodrummer
|l| Disscratch
