|j|☆Vulva zol
|j|☆stone douchebag
|t:|1779935101
|gametype|singles
|player|p1|Vulva zol|101|1399
|player|p2|stone douchebag|265|1388
|gen|9
|tier|[Gen 9] OU
|rated|
|rule|HP Percentage Mod: HP is shown in percentages
|rule|Endless Battle Clause: Forcing endless battles is banned
|rule|Species Clause: Limit one of each Pokémon
|rule|OHKO Clause: OHKO moves are banned
|rule|Evasion Items Clause: Evasion items are banned
|rule|Evasion Moves Clause: Evasion moves are banned
|rule|Evasion Abilities Clause: Evasion abilities are banned
|rule|Sleep Moves Clause: Sleep-inducing moves are banned
|clearpoke
|poke|p1|Skarmory, F|
|poke|p1|Latios, M|
|poke|p1|Fezandipiti, M|
|poke|p1|Muk-Alola, M|
|poke|p1|Whimsicott, F|
|poke|p1|Cinderace, F|
|poke|p2|Dondozo, F|
|poke|p2|Skarmory, F|
|poke|p2|Vileplume, M|
|poke|p2|Gliscor, M|
|poke|p2|Blissey, F|
|poke|p2|Clefable, M|
|teampreview
|inactive|Battle timer is ON: inactive players will automatically lose when time's up. (requested by Vulva zol)
|
|t:|1779935116
|teamsize|p1|6
|teamsize|p2|6
|start
|switch|p1a: Whimsicott|Whimsicott, F|100/100
|switch|p2a: Blissey?|Clefable, M|100/100
|turn|1
|inactive|stone douchebag has 120 seconds left.
|inactive|stone douchebag has 90 seconds left.
|
|t:|1779935185
|move|p1a: Whimsicott|Leech Seed|p2a: Blissey?
|-start|p2a: Blissey?|move: Leech Seed
|move|p2a: Blissey?|Stealth Rock|p1a: Whimsicott
|-sidestart|p1: Vulva zol|move: Stealth Rock
|
|upkeep
|turn|2
|inactive|stone douchebag has 90 seconds left.
|
|t:|1779935192
|switch|p2a: Amoongus?|Vileplume, M|100/100
|move|p1a: Whimsicott|Encore||[still]
|-fail|p1a: Whimsicott
|
|upkeep
|turn|3
|
|t:|1779935207
|switch|p1a: Skarmory|Skarmory, F, shiny|100/100
|-damage|p1a: Skarmory|88/100|[from] Stealth Rock
|move|p2a: Amoongus?|Moonblast|p1a: Skarmory
|-resisted|p1a: Skarmory
|-damage|p1a: Skarmory|74/100
|-unboost|p1a: Skarmory|spa|1
|
|upkeep
|turn|4
|
|t:|1779935222
|move|p1a: Skarmory|Spikes|p2a: Amoongus?
|-sidestart|p2: stone douchebag|Spikes
|move|p2a: Amoongus?|Leech Seed|p1a: Skarmory
|-start|p1a: Skarmory|move: Leech Seed
|
|-damage|p1a: Skarmory|62/100|[from] Leech Seed|[of] p2a: Amoongus?
|upkeep
|turn|5
|
|t:|1779935234
|switch|p2a: Corviknight?|Skarmory, F|100/100
|move|p1a: Skarmory|Stealth Rock|p2a: Corviknight?
|-sidestart|p2: stone douchebag|move: Stealth Rock
|
|-damage|p1a: Skarmory|50/100|[from] Leech Seed|[of] p2a: Corviknight?
|upkeep
|turn|6
|
|t:|1779935249
|move|p2a: Corviknight?|Spikes|p1a: Skarmory
|-sidestart|p1: Vulva zol|Spikes
|move|p1a: Skarmory|Roost|p1a: Skarmory
|-heal|p1a: Skarmory|99/100
|-singleturn|p1a: Skarmory|move: Roost
|
|-damage|p1a: Skarmory|87/100|[from] Leech Seed|[of] p2a: Corviknight?
|upkeep
|turn|7
|
|t:|1779935261
|switch|p1a: Cinderace|Cinderace, F|100/100
|move|p2a: Corviknight?|Spikes|p1a: Cinderace
|-sidestart|p1: Vulva zol|Spikes
|
|upkeep
|turn|8
|inactive|stone douchebag has 120 seconds left.
|
|t:|1779935279
|switch|p2a: Landorus-Therian?|Gliscor, M|100/100
|-damage|p2a: Landorus-Therian?|88/100|[from] Stealth Rock
|move|p1a: Cinderace|Pyro Ball|p2a: Landorus-Therian?
|-damage|p2a: Landorus-Therian?|36/100
|
|-status|p2a: Landorus-Therian?|tox|[from] item: Toxic Orb
|upkeep
|turn|9
|
|t:|1779935292
|move|p2a: Landorus-Therian?|Protect|p2a: Landorus-Therian?
|-singleturn|p2a: Landorus-Therian?|Protect
|move|p1a: Cinderace|Pyro Ball|p2a: Landorus-Therian?
|-activate|p2a: Landorus-Therian?|move: Protect
|
|-heal|p2a: Landorus-Therian?|49/100 tox|[from] ability: Poison Heal
|upkeep
|turn|10
|inactive|stone douchebag has 120 seconds left.
|
|t:|1779935322
|switch|p2a: Quagsire?|Dondozo, F|100/100
|move|p1a: Cinderace|Pyro Ball|p2a: Quagsire?
|-resisted|p2a: Quagsire?
|-damage|p2a: Quagsire?|86/100
|-status|p2a: Quagsire?|brn
|
|-damage|p2a: Quagsire?|80/100 brn|[from] brn
|upkeep
|turn|11
|
|t:|1779935341
|switch|p1a: Latios|Latios, M, shiny|100/100
|-damage|p1a: Latios|88/100|[from] Stealth Rock
|move|p2a: Quagsire?|Rest|p2a: Quagsire?
|-status|p2a: Quagsire?|slp|[from] move: Rest
|-heal|p2a: Quagsire?|100/100 slp|[silent]
|
|upkeep
|turn|12
|inactive|stone douchebag has 90 seconds left.
|
|t:|1779935397
|switch|p2a: Blissey?|Clefable, M|100/100
|move|p1a: Latios|Calm Mind|p1a: Latios
|-boost|p1a: Latios|spa|1
|-boost|p1a: Latios|spd|1
|
|upkeep
|turn|13
|inactive|stone douchebag has 60 seconds left.
|
|t:|1779935430
|-terastallize|p1a: Latios|Steel
|move|p1a: Latios|Luster Purge|p2a: Blissey?
|-damage|p2a: Blissey?|30/100
|-unboost|p2a: Blissey?|spd|1
|move|p2a: Blissey?|Knock Off|p1a: Latios
|-damage|p1a: Latios|64/100
|-enditem|p1a: Latios|Soul Dew|[from] move: Knock Off|[of] p2a: Blissey?
|
|-heal|p2a: Blissey?|37/100|[from] item: Leftovers
|upkeep
|turn|14
|
|t:|1779935445
|switch|p2a: Clefable?|Blissey, F|100/100
|move|p1a: Latios|Luster Purge|p2a: Clefable?
|-damage|p2a: Clefable?|75/100
|
|upkeep
|turn|15
|
|t:|1779935463
|move|p1a: Latios|Luster Purge|p2a: Clefable?
|-damage|p2a: Clefable?|45/100
|-unboost|p2a: Clefable?|spd|1
|move|p2a: Clefable?|Seismic Toss|p1a: Latios
|-damage|p1a: Latios|31/100
|
|upkeep
|turn|16
|inactive|stone douchebag has 60 seconds left.
|
|t:|1779935479
|move|p1a: Latios|Draco Meteor|p2a: Clefable?
|-damage|p2a: Clefable?|0 fnt
|-unboost|p1a: Latios|spa|2
|faint|p2a: Clefable?
|
|upkeep
|
|t:|1779935486
|switch|p2a: Corviknight?|Skarmory, F|100/100
|-damage|p2a: Corviknight?|88/100|[from] Stealth Rock
|turn|17
|
|t:|1779935496
|move|p1a: Latios|Calm Mind|p1a: Latios
|-boost|p1a: Latios|spa|1
|-boost|p1a: Latios|spd|1
|move|p2a: Corviknight?|Body Press|p1a: Latios
|-supereffective|p1a: Latios
|-damage|p1a: Latios|0 fnt
|faint|p1a: Latios
|
|upkeep
|
|t:|1779935524
|switch|p1a: Cinderace|Cinderace, F|100/100
|turn|18
|
|t:|1779935530
|move|p1a: Cinderace|High Jump Kick|p2a: Corviknight?
|-start|p1a: Cinderace|typechange|Fighting|[from] ability: Libero
|-damage|p2a: Corviknight?|48/100
|-damage|p1a: Cinderace|84/100|[from] item: Rocky Helmet|[of] p2a: Corviknight?
|move|p2a: Corviknight?|Body Press|p1a: Cinderace
|-damage|p1a: Cinderace|34/100
|
|upkeep
|turn|19
|
|t:|1779935540
|move|p1a: Cinderace|Pyro Ball|p2a: Corviknight?
|-supereffective|p2a: Corviknight?
|-damage|p2a: Corviknight?|0 fnt
|faint|p2a: Corviknight?
|
|upkeep
|
|t:|1779935548
|switch|p2a: Quagsire?|Dondozo, F|100/100 slp
|turn|20
|
|t:|1779935554
|move|p1a: Cinderace|High Jump Kick|p2a: Quagsire?
|-damage|p2a: Quagsire?|71/100 slp
|cant|p2a: Quagsire?|slp
|move|p2a: Quagsire?|Sleep Talk|p2a: Quagsire?
|move|p2a: Quagsire?|Curse|p2a: Quagsire?|[from] move: Sleep Talk
|-unboost|p2a: Quagsire?|spe|1
|-boost|p2a: Quagsire?|atk|1
|-boost|p2a: Quagsire?|def|1
|
|upkeep
|turn|21
|
|t:|1779935566
|switch|p1a: Whimsicott|Whimsicott, F|100/100
|-damage|p1a: Whimsicott|88/100|[from] Stealth Rock
|-damage|p1a: Whimsicott|72/100|[from] Spikes
|cant|p2a: Quagsire?|slp
|move|p2a: Quagsire?|Sleep Talk|p2a: Quagsire?
|move|p2a: Quagsire?|Curse|p2a: Quagsire?|[from] move: Sleep Talk
|-unboost|p2a: Quagsire?|spe|1
|-boost|p2a: Quagsire?|atk|1
|-boost|p2a: Quagsire?|def|1
|
|-heal|p1a: Whimsicott|78/100|[from] item: Leftovers
|upkeep
|turn|22
|
|t:|1779935582
|move|p1a: Whimsicott|Leech Seed|p2a: Quagsire?
|-start|p2a: Quagsire?|move: Leech Seed
|-curestatus|p2a: Quagsire?|slp|[msg]
|move|p2a: Quagsire?|Liquidation|p1a: Whimsicott
|-resisted|p1a: Whimsicott
|-damage|p1a: Whimsicott|50/100
|-unboost|p1a: Whimsicott|def|1
|
|-heal|p1a: Whimsicott|56/100|[from] item: Leftovers
|-damage|p2a: Quagsire?|58/100|[from] Leech Seed|[of] p1a: Whimsicott
|-heal|p1a: Whimsicott|76/100|[silent]
|upkeep
|turn|23
|
|t:|1779935607
|move|p1a: Whimsicott|Moonblast|p2a: Quagsire?
|-damage|p2a: Quagsire?|34/100
|-unboost|p2a: Quagsire?|spa|1
|move|p2a: Quagsire?|Liquidation|p1a: Whimsicott
|-resisted|p1a: Whimsicott
|-damage|p1a: Whimsicott|47/100
|
|-heal|p1a: Whimsicott|53/100|[from] item: Leftovers
|-damage|p2a: Quagsire?|22/100|[from] Leech Seed|[of] p1a: Whimsicott
|-heal|p1a: Whimsicott|73/100|[silent]
|upkeep
|turn|24
|inactive|Vulva zol has 120 seconds left.
|
|t:|1779935623
|move|p1a: Whimsicott|Encore|p2a: Quagsire?
|-start|p2a: Quagsire?|Encore
|move|p2a: Quagsire?|Liquidation|p1a: Whimsicott
|-resisted|p1a: Whimsicott
|-damage|p1a: Whimsicott|42/100
|-unboost|p1a: Whimsicott|def|1
|
|-heal|p1a: Whimsicott|48/100|[from] item: Leftovers
|-damage|p2a: Quagsire?|9/100|[from] Leech Seed|[of] p1a: Whimsicott
|-heal|p1a: Whimsicott|67/100|[silent]
|upkeep
|turn|25
|inactive|Vulva zol has 120 seconds left.
|
|t:|1779935636
|move|p1a: Whimsicott|Moonblast|p2a: Quagsire?
|-damage|p2a: Quagsire?|0 fnt
|faint|p2a: Quagsire?
|
|-heal|p1a: Whimsicott|74/100|[from] item: Leftovers
|upkeep
|
|t:|1779935639
|switch|p2a: Amoongus?|Vileplume, M|100/100
|turn|26
|inactive|Vulva zol has 120 seconds left.
|
|t:|1779935656
|switch|p1a: Fezandipiti|Fezandipiti, M|100/100
|-damage|p1a: Fezandipiti|88/100|[from] Stealth Rock
|-damage|p1a: Fezandipiti|72/100|[from] Spikes
|move|p2a: Amoongus?|Leech Seed|p1a: Fezandipiti
|-start|p1a: Fezandipiti|move: Leech Seed
|
|-damage|p1a: Fezandipiti|59/100|[from] Leech Seed|[of] p2a: Amoongus?
|upkeep
|turn|27
|inactive|Vulva zol has 120 seconds left.
|
|t:|1779935674
|move|p1a: Fezandipiti|Gunk Shot|p2a: Amoongus?|[miss]
|-miss|p1a: Fezandipiti|p2a: Amoongus?
|move|p2a: Amoongus?|Strength Sap|p1a: Fezandipiti
|-unboost|p1a: Fezandipiti|atk|1
|
|-damage|p1a: Fezandipiti|47/100|[from] Leech Seed|[of] p2a: Amoongus?
|upkeep
|turn|28
|inactive|Vulva zol has 120 seconds left.
|
|t:|1779935686
|switch|p1a: Muk|Muk-Alola, M, shiny|100/100
|-damage|p1a: Muk|88/100|[from] Stealth Rock
|-damage|p1a: Muk|71/100|[from] Spikes
|move|p2a: Amoongus?|Moonblast|p1a: Muk
|-damage|p1a: Muk|53/100
|
|-heal|p1a: Muk|59/100|[from] item: Leftovers
|upkeep
|turn|29
|inactive|Vulva zol has 120 seconds left.
|
|t:|1779935703
|move|p2a: Amoongus?|Leech Seed|p1a: Muk
|-start|p1a: Muk|move: Leech Seed
|move|p1a: Muk|Knock Off|p2a: Amoongus?
|-damage|p2a: Amoongus?|57/100
|-enditem|p2a: Amoongus?|Heavy-Duty Boots|[from] move: Knock Off|[of] p1a: Muk
|
|-heal|p1a: Muk|65/100|[from] item: Leftovers
|-damage|p1a: Muk|53/100|[from] Leech Seed|[of] p2a: Amoongus?
|-heal|p2a: Amoongus?|72/100|[silent]
|upkeep
|turn|30
|
|t:|1779935724
|switch|p1a: Whimsicott|Whimsicott, F|74/100
|-damage|p1a: Whimsicott|61/100|[from] Stealth Rock
|-damage|p1a: Whimsicott|45/100|[from] Spikes
|move|p2a: Amoongus?|Strength Sap|p1a: Whimsicott
|-unboost|p1a: Whimsicott|atk|1
|-heal|p2a: Amoongus?|100/100
|
|-heal|p1a: Whimsicott|51/100|[from] item: Leftovers
|upkeep
|turn|31
|inactive|stone douchebag has 120 seconds left.
|
|t:|1779935763
|switch|p2a: Blissey?|Clefable, M|37/100
|move|p1a: Whimsicott|Encore||[still]
|-fail|p1a: Whimsicott
|
|-heal|p1a: Whimsicott|57/100|[from] item: Leftovers
|-heal|p2a: Blissey?|43/100|[from] item: Leftovers
|upkeep
|turn|32
|
|t:|1779935777
|move|p1a: Whimsicott|Moonblast|p2a: Blissey?
|-damage|p2a: Blissey?|23/100
|move|p2a: Blissey?|Moonlight|p2a: Blissey?
|-heal|p2a: Blissey?|73/100
|
|-heal|p1a: Whimsicott|63/100|[from] item: Leftovers
|-heal|p2a: Blissey?|79/100|[from] item: Leftovers
|upkeep
|turn|33
|
|t:|1779935789
|switch|p1a: Fezandipiti|Fezandipiti, M|47/100
|-damage|p1a: Fezandipiti|35/100|[from] Stealth Rock
|-damage|p1a: Fezandipiti|18/100|[from] Spikes
|switch|p2a: Amoongus?|Vileplume, M|100/100
|-damage|p2a: Amoongus?|88/100|[from] Spikes
|-damage|p2a: Amoongus?|76/100|[from] Stealth Rock
|
|upkeep
|turn|34
|inactive|stone douchebag has 120 seconds left.
|
|t:|1779935803
|move|p1a: Fezandipiti|Gunk Shot|p2a: Amoongus?
|-damage|p2a: Amoongus?|43/100
|move|p2a: Amoongus?|Strength Sap|p1a: Fezandipiti
|-unboost|p1a: Fezandipiti|atk|1
|-heal|p2a: Amoongus?|100/100
|
|upkeep
|turn|35
|
|t:|1779935814
|move|p1a: Fezandipiti|Gunk Shot|p2a: Amoongus?
|-damage|p2a: Amoongus?|78/100
|move|p2a: Amoongus?|Leech Seed|p1a: Fezandipiti
|-start|p1a: Fezandipiti|move: Leech Seed
|
|-damage|p1a: Fezandipiti|6/100|[from] Leech Seed|[of] p2a: Amoongus?
|-heal|p2a: Amoongus?|90/100|[silent]
|upkeep
|turn|36
|
|t:|1779935826
|move|p1a: Fezandipiti|Gunk Shot|p2a: Amoongus?|[miss]
|-miss|p1a: Fezandipiti|p2a: Amoongus?
|move|p2a: Amoongus?|Toxic|p1a: Fezandipiti
|-immune|p1a: Fezandipiti
|
|-damage|p1a: Fezandipiti|0 fnt|[from] Leech Seed|[of] p2a: Amoongus?
|-heal|p2a: Amoongus?|96/100|[silent]
|faint|p1a: Fezandipiti
|upkeep
|
|t:|1779935837
|switch|p1a: Cinderace|Cinderace, F|34/100
|turn|37
|
|t:|1779935847
|switch|p2a: Landorus-Therian?|Gliscor, M|49/100 tox
|-damage|p2a: Landorus-Therian?|36/100 tox|[from] Stealth Rock
|move|p1a: Cinderace|Pyro Ball|p2a: Landorus-Therian?|[miss]
|-miss|p1a: Cinderace|p2a: Landorus-Therian?
|
|-heal|p2a: Landorus-Therian?|49/100 tox|[from] ability: Poison Heal
|upkeep
|turn|38
|
|t:|1779935863
|move|p2a: Landorus-Therian?|Protect|p2a: Landorus-Therian?
|-singleturn|p2a: Landorus-Therian?|Protect
|move|p1a: Cinderace|Pyro Ball|p2a: Landorus-Therian?
|-activate|p2a: Landorus-Therian?|move: Protect
|
|-heal|p2a: Landorus-Therian?|61/100 tox|[from] ability: Poison Heal
|upkeep
|turn|39
|
|t:|1779935877
|move|p1a: Cinderace|Pyro Ball|p2a: Landorus-Therian?
|-damage|p2a: Landorus-Therian?|12/100 tox
|move|p2a: Landorus-Therian?|Earthquake|p1a: Cinderace
|-supereffective|p1a: Cinderace
|-damage|p1a: Cinderace|0 fnt
|faint|p1a: Cinderace
|
|-heal|p2a: Landorus-Therian?|25/100 tox|[from] ability: Poison Heal
|upkeep
|inactive|Vulva zol has 90 seconds left.
|
|t:|1779935896
|switch|p1a: Whimsicott|Whimsicott, F|63/100
|-damage|p1a: Whimsicott|51/100|[from] Stealth Rock
|-damage|p1a: Whimsicott|35/100|[from] Spikes
|turn|40
|
|t:|1779935904
|switch|p1a: Muk|Muk-Alola, M, shiny|53/100
|-damage|p1a: Muk|40/100|[from] Stealth Rock
|-damage|p1a: Muk|24/100|[from] Spikes
|move|p2a: Landorus-Therian?|Protect||[still]
|-fail|p2a: Landorus-Therian?
|
|-heal|p1a: Muk|30/100|[from] item: Leftovers
|-heal|p2a: Landorus-Therian?|37/100 tox|[from] ability: Poison Heal
|upkeep
|turn|41
|inactive|Vulva zol has 90 seconds left.
|
|t:|1779935919
|move|p1a: Muk|Shadow Sneak|p2a: Landorus-Therian?
|-damage|p2a: Landorus-Therian?|27/100 tox
|move|p2a: Landorus-Therian?|Earthquake|p1a: Muk
|-supereffective|p1a: Muk
|-damage|p1a: Muk|0 fnt
|faint|p1a: Muk
|
|-heal|p2a: Landorus-Therian?|39/100 tox|[from] ability: Poison Heal
|upkeep
|-message|Vulva zol forfeited.
|
|win|stone douchebag
|raw|Vulva zol's rating: 1399 &rarr; <strong>1378</strong><br />(-21 for losing)
|raw|stone douchebag's rating: 1376 &rarr; <strong>1397</strong><br />(+21 for winning)
|l|☆Vulva zol
|player|p1|
|l|☆stone douchebag
|player|p2|
