|j|☆waybuloo
|j|☆Rubicouss
|t:|1779946439
|gametype|singles
|player|p1|waybuloo|erika-gen1rb|1385
|player|p2|Rubicouss|gambler|1358
|gen|9
|tier|[Gen 9] OU
|rated|
|rule|HP Percentage Mod: HP is shown in percentages
|rule|Endless Battle Clause: Forcing endless battles is banned
|rule|Species Clause: Limit one of each Pokémon
|rule|OHKO Clause: OHKO moves are banned
|rule|Evasion Items Clause: Evasion items are banned
|rule|Evasion Moves Clause: Evasion moves are banned
|rule|Evasion Abilities Clause: Evasion abilities are banned
|rule|Sleep Moves Clause: Sleep-inducing moves are banned
|clearpoke
|poke|p1|Glimmora, F|
|poke|p1|Garchomp, F|
|poke|p1|Ogerpon, F|
|poke|p1|Hatterene, F|
|poke|p1|Iron Crown|
|poke|p1|Kingambit, M|
|poke|p2|Empoleon, M|
|poke|p2|Spidops, M|
|poke|p2|Sinistcha|
|poke|p2|Cinderace, M|
|poke|p2|Bisharp, M|
|poke|p2|Rotom-Wash|
|teampreview
|
|t:|1779946446
|teamsize|p1|6
|teamsize|p2|6
|start
|switch|p1a: Glimmora|Glimmora, F|100/100
|switch|p2a: Spidops|Spidops, M|100/100
|turn|1
|
|t:|1779946449
|move|p1a: Glimmora|Meteor Beam||[still]
|-prepare|p1a: Glimmora|Meteor Beam
|-boost|p1a: Glimmora|spa|1
|-enditem|p1a: Glimmora|Power Herb
|-anim|p1a: Glimmora|Meteor Beam|p2a: Spidops
|-supereffective|p2a: Spidops
|-enditem|p2a: Spidops|Focus Sash
|-damage|p2a: Spidops|1/100
|move|p2a: Spidops|Sticky Web|p1a: Glimmora
|-sidestart|p1: waybuloo|move: Sticky Web
|
|upkeep
|turn|2
|
|t:|1779946465
|move|p1a: Glimmora|Earth Power|p2a: Spidops
|-resisted|p2a: Spidops
|-damage|p2a: Spidops|0 fnt
|faint|p2a: Spidops
|
|upkeep
|
|t:|1779946469
|switch|p2a: Rotom|Rotom-Wash|100/100
|turn|3
|
|t:|1779946472
|move|p2a: Rotom|Hydro Pump|p1a: Glimmora
|-supereffective|p1a: Glimmora
|-damage|p1a: Glimmora|0 fnt
|faint|p1a: Glimmora
|
|upkeep
|
|t:|1779946475
|switch|p1a: Ogerpon|Ogerpon, F|100/100
|-activate|p1a: Ogerpon|move: Sticky Web
|-unboost|p1a: Ogerpon|spe|1
|-ability|p1a: Ogerpon|Defiant|boost
|-boost|p1a: Ogerpon|atk|2
|turn|4
|
|t:|1779946494
|switch|p2a: Bisharp|Bisharp, M|100/100
|move|p1a: Ogerpon|Ivy Cudgel|p2a: Bisharp
|-resisted|p2a: Bisharp
|-damage|p2a: Bisharp|53/100
|
|upkeep
|turn|5
|
|t:|1779946507
|-terastallize|p1a: Ogerpon|Grass
|detailschange|p1a: Ogerpon|Ogerpon-Teal-Tera, F, tera:Grass
|-ability|p1a: Ogerpon|Embody Aspect (Teal)|boost
|-boost|p1a: Ogerpon|spe|1
|move|p1a: Ogerpon|Ivy Cudgel|p2a: Bisharp
|-resisted|p2a: Bisharp
|-damage|p2a: Bisharp|0 fnt
|faint|p2a: Bisharp
|
|upkeep
|
|t:|1779946526
|switch|p2a: Cinderace|Cinderace, M|100/100
|turn|6
|
|t:|1779946531
|move|p2a: Cinderace|Pyro Ball|p1a: Ogerpon
|-supereffective|p1a: Ogerpon
|-damage|p1a: Ogerpon|0 fnt
|faint|p1a: Ogerpon
|detailschange|p1: Ogerpon|Ogerpon, F|[silent]
|
|upkeep
|
|t:|1779946533
|switch|p1a: Garchomp|Garchomp, F|100/100
|-activate|p1a: Garchomp|move: Sticky Web
|-unboost|p1a: Garchomp|spe|1
|turn|7
|
|t:|1779946541
|switch|p2a: Sinistcha|Sinistcha|100/100
|move|p1a: Garchomp|Earthquake|p2a: Sinistcha
|-resisted|p2a: Sinistcha
|-damage|p2a: Sinistcha|81/100
|
|upkeep
|turn|8
|
|t:|1779946546
|move|p1a: Garchomp|Swords Dance|p1a: Garchomp
|-boost|p1a: Garchomp|atk|2
|move|p2a: Sinistcha|Calm Mind|p2a: Sinistcha
|-boost|p2a: Sinistcha|spa|1
|-boost|p2a: Sinistcha|spd|1
|
|upkeep
|turn|9
|
|t:|1779946550
|move|p1a: Garchomp|Fire Fang|p2a: Sinistcha
|-supereffective|p2a: Sinistcha
|-damage|p2a: Sinistcha|49/100
|cant|p2a: Sinistcha|flinch
|
|upkeep
|turn|10
|
|t:|1779946555
|move|p1a: Garchomp|Scale Shot|p2a: Sinistcha
|-damage|p2a: Sinistcha|31/100
|-damage|p2a: Sinistcha|12/100
|-damage|p2a: Sinistcha|0 fnt
|faint|p2a: Sinistcha
|-hitcount|p2: Sinistcha|3
|-unboost|p1a: Garchomp|def|1
|-boost|p1a: Garchomp|spe|1
|
|upkeep
|
|t:|1779946565
|switch|p2a: Cinderace|Cinderace, M|100/100
|turn|11
|
|t:|1779946572
|move|p2a: Cinderace|Pyro Ball|p1a: Garchomp
|-resisted|p1a: Garchomp
|-damage|p1a: Garchomp|56/100
|move|p1a: Garchomp|Earthquake|p2a: Cinderace
|-supereffective|p2a: Cinderace
|-crit|p2a: Cinderace
|-damage|p2a: Cinderace|0 fnt
|faint|p2a: Cinderace
|
|upkeep
|
|t:|1779946577
|switch|p2a: Rotom|Rotom-Wash|100/100
|turn|12
|
|t:|1779946631
|move|p2a: Rotom|Hydro Pump|p1a: Garchomp
|-damage|p1a: Garchomp|1/100
|move|p1a: Garchomp|Scale Shot|p2a: Rotom
|-damage|p2a: Rotom|65/100
|-damage|p2a: Rotom|29/100
|-damage|p2a: Rotom|0 fnt
|faint|p2a: Rotom
|-hitcount|p2: Rotom|3
|-unboost|p1a: Garchomp|def|1
|-boost|p1a: Garchomp|spe|1
|
|upkeep
|
|t:|1779946642
|switch|p2a: Empoleon|Empoleon, M|100/100
|turn|13
|
|t:|1779946651
|-terastallize|p2a: Empoleon|Bug
|move|p1a: Garchomp|Earthquake|p2a: Empoleon
|-resisted|p2a: Empoleon
|-damage|p2a: Empoleon|39/100
|move|p2a: Empoleon|Surf|p1a: Garchomp
|-damage|p1a: Garchomp|0 fnt
|faint|p1a: Garchomp
|
|upkeep
|
|t:|1779946655
|switch|p1a: Iron Crown|Iron Crown|100/100
|-activate|p1a: Iron Crown|move: Sticky Web
|-unboost|p1a: Iron Crown|spe|1
|-enditem|p1a: Iron Crown|Booster Energy
|-activate|p1a: Iron Crown|ability: Quark Drive|[fromitem]
|-start|p1a: Iron Crown|quarkdrivespa
|turn|14
|
|t:|1779946660
|move|p1a: Iron Crown|Tachyon Cutter|p2a: Empoleon
|-damage|p2a: Empoleon|11/100
|-damage|p2a: Empoleon|0 fnt
|faint|p2a: Empoleon
|-hitcount|p2: Empoleon|2
|
|win|waybuloo
|raw|waybuloo's rating: 1385 &rarr; <strong>1403</strong><br />(+18 for winning)
|raw|Rubicouss's rating: 1358 &rarr; <strong>1340</strong><br />(-18 for losing)
|l|☆Rubicouss
|player|p2|
|l|☆waybuloo
|player|p1|
