|j|☆Leader Alastor
|j|☆artexzuna
|t:|1779815183
|gametype|singles
|player|p1|Leader Alastor|blue|1445
|player|p2|artexzuna|ethan|1406
|gen|9
|tier|[Gen 9] OU
|rated|
|rule|HP Percentage Mod: HP is shown in percentages
|rule|Endless Battle Clause: Forcing endless battles is banned
|rule|Species Clause: Limit one of each Pokémon
|rule|OHKO Clause: OHKO moves are banned
|rule|Evasion Items Clause: Evasion items are banned
|rule|Evasion Moves Clause: Evasion moves are banned
|rule|Evasion Abilities Clause: Evasion abilities are banned
|rule|Sleep Moves Clause: Sleep-inducing moves are banned
|clearpoke
|poke|p1|Ceruledge, M|
|poke|p1|Iron Valiant|
|poke|p1|Lilligant, F|
|poke|p1|Cloyster, F|
|poke|p1|Noivern, F|
|poke|p1|Malamar, F|
|poke|p2|Ceruledge, M|
|poke|p2|Grimmsnarl, M|
|poke|p2|Glimmora, M|
|poke|p2|Dragonite, M|
|poke|p2|Kingambit, M|
|poke|p2|Gholdengo|
|teampreview
|inactive|Battle timer is ON: inactive players will automatically lose when time's up. (requested by artexzuna)
|
|t:|1779815198
|teamsize|p1|6
|teamsize|p2|6
|start
|switch|p1a: Trident|Cloyster, F|100/100
|switch|p2a: Glimmora|Glimmora, M|100/100
|turn|1
|
|t:|1779815203
|move|p2a: Glimmora|Stealth Rock|p1a: Trident
|-sidestart|p1: Leader Alastor|move: Stealth Rock
|move|p1a: Trident|Shell Smash|p1a: Trident
|-unboost|p1a: Trident|def|1
|-unboost|p1a: Trident|spd|1
|-boost|p1a: Trident|atk|2
|-boost|p1a: Trident|spa|2
|-boost|p1a: Trident|spe|2
|
|upkeep
|turn|2
|
|t:|1779815217
|move|p1a: Trident|Waterfall|p2a: Glimmora
|-supereffective|p2a: Glimmora
|-enditem|p2a: Glimmora|Focus Sash
|-damage|p2a: Glimmora|1/100
|-activate|p2a: Glimmora|ability: Toxic Debris
|-sidestart|p1: Leader Alastor|move: Toxic Spikes
|move|p2a: Glimmora|Power Gem|p1a: Trident
|-supereffective|p1a: Trident
|-enditem|p1a: Trident|Focus Sash
|-damage|p1a: Trident|1/100
|
|upkeep
|turn|3
|
|t:|1779815227
|move|p1a: Trident|Icicle Spear|p2a: Glimmora
|-damage|p2a: Glimmora|0 fnt
|-activate|p2a: Glimmora|ability: Toxic Debris
|-sidestart|p1: Leader Alastor|move: Toxic Spikes
|faint|p2a: Glimmora
|-hitcount|p2: Glimmora|1
|
|upkeep
|
|t:|1779815231
|switch|p2a: Ceruledge|Ceruledge, M|100/100
|turn|4
|
|t:|1779815234
|move|p2a: Ceruledge|Shadow Sneak|p1a: Trident
|-damage|p1a: Trident|0 fnt
|faint|p1a: Trident
|
|upkeep
|
|t:|1779815236
|switch|p1a: Scimitar|Noivern, F|100/100
|-damage|p1a: Scimitar|76/100|[from] Stealth Rock
|turn|5
|
|t:|1779815241
|switch|p2a: Grimmsnarl|Grimmsnarl, M|100/100
|move|p1a: Scimitar|Defog|p2a: Grimmsnarl
|-unboost|p2a: Grimmsnarl|evasion|1
|-sideend|p1: Leader Alastor|Toxic Spikes|[from] move: Defog|[of] p1a: Scimitar
|-sideend|p1: Leader Alastor|Stealth Rock|[from] move: Defog|[of] p1a: Scimitar
|
|upkeep
|turn|6
|
|t:|1779815248
|switch|p1a: Flamberge|Ceruledge, M|100/100
|move|p2a: Grimmsnarl|Light Screen|p2a: Grimmsnarl
|-sidestart|p2: artexzuna|move: Light Screen
|
|upkeep
|turn|7
|
|t:|1779815253
|move|p2a: Grimmsnarl|Reflect|p2a: Grimmsnarl
|-sidestart|p2: artexzuna|Reflect
|move|p1a: Flamberge|Brick Break|p2a: Grimmsnarl
|-sideend|p2: artexzuna|Reflect
|-sideend|p2: artexzuna|move: Light Screen
|-damage|p2a: Grimmsnarl|80/100
|
|upkeep
|turn|8
|
|t:|1779815259
|move|p2a: Grimmsnarl|Parting Shot|p1a: Flamberge
|-unboost|p1a: Flamberge|atk|1
|-unboost|p1a: Flamberge|spa|1
|
|t:|1779815265
|switch|p2a: Dragonite|Dragonite, M|100/100|[from] Parting Shot
|move|p1a: Flamberge|Bitter Blade|p2a: Dragonite
|-resisted|p2a: Dragonite
|-damage|p2a: Dragonite|92/100
|
|upkeep
|turn|9
|
|t:|1779815268
|switch|p1a: Partisan|Malamar, F|100/100
|move|p2a: Dragonite|Dragon Dance|p2a: Dragonite
|-boost|p2a: Dragonite|atk|1
|-boost|p2a: Dragonite|spe|1
|
|upkeep
|turn|10
|
|t:|1779815272
|move|p2a: Dragonite|Dragon Dance|p2a: Dragonite
|-boost|p2a: Dragonite|atk|1
|-boost|p2a: Dragonite|spe|1
|move|p1a: Partisan|Topsy-Turvy|p2a: Dragonite
|-invertboost|p2a: Dragonite|[from] move: Topsy-Turvy
|
|upkeep
|turn|11
|-activate|p1a: Partisan|item: Quick Claw
|
|t:|1779815279
|switch|p2a: Gholdengo|Gholdengo|100/100
|-item|p2a: Gholdengo|Air Balloon
|move|p1a: Partisan|Superpower|p2a: Gholdengo
|-immune|p2a: Gholdengo
|
|upkeep
|turn|12
|
|t:|1779815285
|-terastallize|p2a: Gholdengo|Steel
|move|p2a: Gholdengo|Make It Rain|p1a: Partisan
|-crit|p1a: Partisan
|-damage|p1a: Partisan|0 fnt
|-unboost|p2a: Gholdengo|spa|1
|faint|p1a: Partisan
|
|upkeep
|
|t:|1779815289
|switch|p1a: Gladius|Lilligant, F|100/100
|turn|13
|
|t:|1779815292
|move|p2a: Gholdengo|Nasty Plot|p2a: Gholdengo
|-boost|p2a: Gholdengo|spa|2
|move|p1a: Gladius|Quiver Dance|p1a: Gladius
|-boost|p1a: Gladius|spa|1
|-boost|p1a: Gladius|spd|1
|-boost|p1a: Gladius|spe|1
|
|upkeep
|turn|14
|
|t:|1779815297
|-terastallize|p1a: Gladius|Electric
|move|p1a: Gladius|Quiver Dance|p1a: Gladius
|-boost|p1a: Gladius|spa|1
|-boost|p1a: Gladius|spd|1
|-boost|p1a: Gladius|spe|1
|move|p2a: Gholdengo|Shadow Ball|p1a: Gladius
|-damage|p1a: Gladius|48/100
|
|upkeep
|turn|15
|
|t:|1779815304
|move|p1a: Gladius|Giga Drain|p2a: Gholdengo
|-resisted|p2a: Gholdengo
|-damage|p2a: Gholdengo|57/100
|-heal|p1a: Gladius|72/100|[from] drain|[of] p2a: Gholdengo
|-enditem|p2a: Gholdengo|Air Balloon
|move|p2a: Gholdengo|Shadow Ball|p1a: Gladius
|-damage|p1a: Gladius|21/100
|
|upkeep
|turn|16
|
|t:|1779815319
|move|p1a: Gladius|Giga Drain|p2a: Gholdengo
|-resisted|p2a: Gholdengo
|-damage|p2a: Gholdengo|12/100
|-heal|p1a: Gladius|46/100|[from] drain|[of] p2a: Gholdengo
|move|p2a: Gholdengo|Nasty Plot|p2a: Gholdengo
|-boost|p2a: Gholdengo|spa|2
|
|upkeep
|turn|17
|
|t:|1779815326
|move|p1a: Gladius|Giga Drain|p2a: Gholdengo
|-resisted|p2a: Gholdengo
|-damage|p2a: Gholdengo|0 fnt
|-heal|p1a: Gladius|53/100|[from] drain|[of] p2a: Gholdengo
|faint|p2a: Gholdengo
|
|upkeep
|
|t:|1779815332
|switch|p2a: Ceruledge|Ceruledge, M|100/100
|turn|18
|
|t:|1779815335
|move|p1a: Gladius|Giga Drain|p2a: Ceruledge
|-resisted|p2a: Ceruledge
|-damage|p2a: Ceruledge|53/100
|-heal|p1a: Gladius|77/100|[from] drain|[of] p2a: Ceruledge
|move|p2a: Ceruledge|Bitter Blade|p1a: Gladius
|-damage|p1a: Gladius|0 fnt
|-heal|p2a: Ceruledge|90/100|[from] drain|[of] p1a: Gladius
|faint|p1a: Gladius
|
|upkeep
|
|t:|1779815341
|switch|p1a: Flamberge|Ceruledge, M|100/100
|turn|19
|
|t:|1779815343
|move|p2a: Ceruledge|Shadow Sneak|p1a: Flamberge
|-supereffective|p1a: Flamberge
|-damage|p1a: Flamberge|43/100
|-ability|p1a: Flamberge|Weak Armor|boost
|-unboost|p1a: Flamberge|def|1
|-boost|p1a: Flamberge|spe|2
|move|p1a: Flamberge|Swords Dance|p1a: Flamberge
|-boost|p1a: Flamberge|atk|2
|
|upkeep
|turn|20
|
|t:|1779815348
|switch|p2a: Grimmsnarl|Grimmsnarl, M|80/100
|move|p1a: Flamberge|Shadow Sneak|p2a: Grimmsnarl
|-resisted|p2a: Grimmsnarl
|-damage|p2a: Grimmsnarl|63/100
|
|upkeep
|turn|21
|
|t:|1779815354
|move|p2a: Grimmsnarl|Reflect|p2a: Grimmsnarl
|-sidestart|p2: artexzuna|Reflect
|move|p1a: Flamberge|Swords Dance|p1a: Flamberge
|-boost|p1a: Flamberge|atk|2
|
|upkeep
|turn|22
|
|t:|1779815360
|move|p2a: Grimmsnarl|Light Screen|p2a: Grimmsnarl
|-sidestart|p2: artexzuna|move: Light Screen
|move|p1a: Flamberge|Brick Break|p2a: Grimmsnarl
|-sideend|p2: artexzuna|Reflect
|-sideend|p2: artexzuna|move: Light Screen
|-crit|p2a: Grimmsnarl
|-damage|p2a: Grimmsnarl|0 fnt
|faint|p2a: Grimmsnarl
|
|upkeep
|
|t:|1779815363
|switch|p2a: Kingambit|Kingambit, M|100/100
|-activate|p2a: Kingambit|ability: Supreme Overlord
|-start|p2a: Kingambit|fallen3|[silent]
|turn|23
|
|t:|1779815366
|move|p1a: Flamberge|Shadow Sneak|p2a: Kingambit
|-resisted|p2a: Kingambit
|-damage|p2a: Kingambit|79/100
|move|p2a: Kingambit|Sucker Punch||[still]
|-fail|p2a: Kingambit
|
|upkeep
|turn|24
|
|t:|1779815370
|move|p1a: Flamberge|Shadow Sneak|p2a: Kingambit
|-resisted|p2a: Kingambit
|-damage|p2a: Kingambit|58/100
|move|p2a: Kingambit|Sucker Punch||[still]
|-fail|p2a: Kingambit
|
|upkeep
|turn|25
|
|t:|1779815374
|move|p1a: Flamberge|Bitter Blade|p2a: Kingambit
|-supereffective|p2a: Kingambit
|-damage|p2a: Kingambit|0 fnt
|-heal|p1a: Flamberge|83/100|[from] drain|[of] p2a: Kingambit
|faint|p2a: Kingambit
|-end|p2a: Kingambit|fallen3|[silent]
|
|upkeep
|
|t:|1779815378
|switch|p2a: Dragonite|Dragonite, M|92/100
|turn|26
|
|t:|1779815380
|move|p1a: Flamberge|Shadow Sneak|p2a: Dragonite
|-damage|p2a: Dragonite|23/100
|move|p2a: Dragonite|Earthquake|p1a: Flamberge
|-supereffective|p1a: Flamberge
|-damage|p1a: Flamberge|0 fnt
|faint|p1a: Flamberge
|
|upkeep
|
|t:|1779815391
|switch|p1a: Scimitar|Noivern, F|76/100
|turn|27
|
|t:|1779815394
|move|p1a: Scimitar|Boomburst|p2a: Dragonite
|-damage|p2a: Dragonite|0 fnt
|faint|p2a: Dragonite
|-enditem|p1a: Scimitar|Throat Spray
|-boost|p1a: Scimitar|spa|1|[from] item: Throat Spray
|
|upkeep
|
|t:|1779815397
|switch|p2a: Ceruledge|Ceruledge, M|90/100
|turn|28
|
|t:|1779815399
|move|p1a: Scimitar|Air Slash|p2a: Ceruledge
|-damage|p2a: Ceruledge|35/100
|cant|p2a: Ceruledge|flinch
|
|upkeep
|turn|29
|
|t:|1779815405
|move|p2a: Ceruledge|Shadow Sneak|p1a: Scimitar
|-damage|p1a: Scimitar|46/100
|move|p1a: Scimitar|Air Slash|p2a: Ceruledge
|-damage|p2a: Ceruledge|0 fnt
|faint|p2a: Ceruledge
|
|win|Leader Alastor
|raw|Leader Alastor's rating: 1445 &rarr; <strong>1463</strong><br />(+18 for winning)
|raw|artexzuna's rating: 1406 &rarr; <strong>1388</strong><br />(-18 for losing)
|l|☆Leader Alastor
|player|p1|
|l|☆artexzuna
|player|p2|
