|j|☆davespekkie
|j|☆Dom225
|t:|1779888338
|gametype|singles
|player|p1|davespekkie|102|1219
|player|p2|Dom225|170|1255
|gen|9
|tier|[Gen 9] OU
|rated|
|rule|HP Percentage Mod: HP is shown in percentages
|rule|Endless Battle Clause: Forcing endless battles is banned
|rule|Species Clause: Limit one of each Pokémon
|rule|OHKO Clause: OHKO moves are banned
|rule|Evasion Items Clause: Evasion items are banned
|rule|Evasion Moves Clause: Evasion moves are banned
|rule|Evasion Abilities Clause: Evasion abilities are banned
|rule|Sleep Moves Clause: Sleep-inducing moves are banned
|clearpoke
|poke|p1|Rotom-Wash|
|poke|p1|Iron Valiant|
|poke|p1|Landorus-Therian, M|
|poke|p1|Copperajah, F|
|poke|p1|Polteageist|
|poke|p1|Mandibuzz, F|
|poke|p2|Dondozo, F|
|poke|p2|Clodsire, M|
|poke|p2|Latios, M|
|poke|p2|Snorlax, M|
|poke|p2|Raikou|
|poke|p2|Great Tusk|
|teampreview
|inactive|Battle timer is ON: inactive players will automatically lose when time's up. (requested by davespekkie)
|inactive|Dom225 has 120 seconds left.
|inactive|Dom225 has 90 seconds left.
|
|t:|1779888419
|teamsize|p1|6
|teamsize|p2|6
|start
|switch|p1a: Polteageist|Polteageist|100/100
|switch|p2a: Grand Chien|Raikou|100/100
|-ability|p2a: Grand Chien|Pressure
|turn|1
|
|t:|1779888428
|move|p2a: Grand Chien|Light Screen|p2a: Grand Chien
|-sidestart|p2: Dom225|move: Light Screen
|move|p1a: Polteageist|Shell Smash|p1a: Polteageist
|-unboost|p1a: Polteageist|def|1
|-unboost|p1a: Polteageist|spd|1
|-boost|p1a: Polteageist|atk|2
|-boost|p1a: Polteageist|spa|2
|-boost|p1a: Polteageist|spe|2
|-enditem|p1a: Polteageist|White Herb
|-clearnegativeboost|p1a: Polteageist|[silent]
|
|upkeep
|turn|2
|
|t:|1779888448
|move|p1a: Polteageist|Shell Smash|p1a: Polteageist
|-unboost|p1a: Polteageist|def|1
|-unboost|p1a: Polteageist|spd|1
|-boost|p1a: Polteageist|atk|2
|-boost|p1a: Polteageist|spa|2
|-boost|p1a: Polteageist|spe|2
|move|p2a: Grand Chien|Discharge|p1a: Polteageist
|-damage|p1a: Polteageist|35/100
|
|upkeep
|turn|3
|
|t:|1779888459
|move|p1a: Polteageist|Stored Power|p2a: Grand Chien
|-damage|p2a: Grand Chien|0 fnt
|faint|p2a: Grand Chien
|
|upkeep
|
|t:|1779888480
|switch|p2a: Gros panda|Snorlax, M|100/100
|turn|4
|
|t:|1779888491
|move|p1a: Polteageist|Stored Power|p2a: Gros panda
|-damage|p2a: Gros panda|42/100
|move|p2a: Gros panda|Earthquake|p1a: Polteageist
|-damage|p1a: Polteageist|0 fnt
|-start|p2a: Gros panda|Disable|Earthquake|[from] ability: Cursed Body|[of] p1a: Polteageist
|faint|p1a: Polteageist
|
|upkeep
|
|t:|1779888508
|switch|p1a: Landorus|Landorus-Therian, M|100/100
|-ability|p1a: Landorus|Intimidate|boost
|-unboost|p2a: Gros panda|atk|1
|turn|5
|
|t:|1779888516
|switch|p2a: Grand dragon|Latios, M|100/100
|move|p1a: Landorus|Stealth Rock|p2a: Grand dragon
|-sidestart|p2: Dom225|move: Stealth Rock
|
|upkeep
|turn|6
|
|t:|1779888525
|move|p2a: Grand dragon|Ice Beam|p1a: Landorus
|-supereffective|p1a: Landorus
|-damage|p1a: Landorus|0 fnt
|faint|p1a: Landorus
|
|upkeep
|
|t:|1779888540
|switch|p1a: Copperajah|Copperajah, F|100/100
|turn|7
|
|t:|1779888552
|switch|p2a: Grosse Balaine|Dondozo, F|100/100
|-damage|p2a: Grosse Balaine|88/100|[from] Stealth Rock
|move|p1a: Copperajah|Knock Off|p2a: Grosse Balaine
|-damage|p2a: Grosse Balaine|71/100
|-enditem|p2a: Grosse Balaine|Leftovers|[from] move: Knock Off|[of] p1a: Copperajah
|
|upkeep
|turn|8
|
|t:|1779888571
|switch|p1a: Rotom|Rotom-Wash|100/100
|move|p2a: Grosse Balaine|Liquidation|p1a: Rotom
|-resisted|p1a: Rotom
|-damage|p1a: Rotom|88/100
|
|-heal|p1a: Rotom|95/100|[from] item: Leftovers
|-sideend|p2: Dom225|move: Light Screen
|upkeep
|turn|9
|
|t:|1779888589
|switch|p2a: Grosse Limace|Clodsire, M|100/100
|-damage|p2a: Grosse Limace|94/100|[from] Stealth Rock
|move|p1a: Rotom|Will-O-Wisp|p2a: Grosse Limace
|-status|p2a: Grosse Limace|brn
|
|-heal|p1a: Rotom|100/100|[from] item: Leftovers
|-heal|p2a: Grosse Limace|100/100 brn|[from] item: Leftovers
|-damage|p2a: Grosse Limace|94/100 brn|[from] brn
|upkeep
|turn|10
|
|t:|1779888608
|switch|p1a: Copperajah|Copperajah, F|100/100
|move|p2a: Grosse Limace|Toxic|p1a: Copperajah
|-immune|p1a: Copperajah
|
|-heal|p2a: Grosse Limace|100/100 brn|[from] item: Leftovers
|-damage|p2a: Grosse Limace|94/100 brn|[from] brn
|upkeep
|turn|11
|
|t:|1779888616
|move|p1a: Copperajah|Knock Off|p2a: Grosse Limace
|-damage|p2a: Grosse Limace|50/100 brn
|-enditem|p2a: Grosse Limace|Leftovers|[from] move: Knock Off|[of] p1a: Copperajah
|move|p2a: Grosse Limace|Toxic Spikes|p1a: Copperajah
|-sidestart|p1: davespekkie|move: Toxic Spikes
|
|-damage|p2a: Grosse Limace|43/100 brn|[from] brn
|upkeep
|turn|12
|
|t:|1779888624
|move|p1a: Copperajah|Earthquake|p2a: Grosse Limace
|-supereffective|p2a: Grosse Limace
|-damage|p2a: Grosse Limace|0 fnt
|faint|p2a: Grosse Limace
|
|upkeep
|
|t:|1779888632
|switch|p2a: Grand dragon|Latios, M|100/100
|-damage|p2a: Grand dragon|88/100|[from] Stealth Rock
|turn|13
|
|t:|1779888639
|-terastallize|p2a: Grand dragon|Electric
|move|p2a: Grand dragon|Calm Mind|p2a: Grand dragon
|-boost|p2a: Grand dragon|spa|1
|-boost|p2a: Grand dragon|spd|1
|move|p1a: Copperajah|Knock Off|p2a: Grand dragon
|-damage|p2a: Grand dragon|40/100
|-enditem|p2a: Grand dragon|Wise Glasses|[from] move: Knock Off|[of] p1a: Copperajah
|
|upkeep
|turn|14
|
|t:|1779888650
|move|p2a: Grand dragon|Thunderbolt|p1a: Copperajah
|-damage|p1a: Copperajah|55/100
|move|p1a: Copperajah|Heat Crash|p2a: Grand dragon
|-damage|p2a: Grand dragon|0 fnt
|faint|p2a: Grand dragon
|
|upkeep
|
|t:|1779888659
|switch|p2a: Grosse Balaine|Dondozo, F|71/100
|-damage|p2a: Grosse Balaine|58/100|[from] Stealth Rock
|turn|15
|
|t:|1779888670
|switch|p1a: Mandibuzz|Mandibuzz, F|100/100
|move|p2a: Grosse Balaine|Body Press|p1a: Mandibuzz
|-damage|p1a: Mandibuzz|87/100
|
|upkeep
|turn|16
|
|t:|1779888677
|move|p1a: Mandibuzz|Defog|p2a: Grosse Balaine
|-unboost|p2a: Grosse Balaine|evasion|1
|-sideend|p2: Dom225|Stealth Rock|[from] move: Defog|[of] p1a: Mandibuzz
|-sideend|p1: davespekkie|Toxic Spikes|[from] move: Defog|[of] p1a: Mandibuzz
|move|p2a: Grosse Balaine|Curse|p2a: Grosse Balaine
|-unboost|p2a: Grosse Balaine|spe|1
|-boost|p2a: Grosse Balaine|atk|1
|-boost|p2a: Grosse Balaine|def|1
|
|upkeep
|turn|17
|
|t:|1779888687
|move|p1a: Mandibuzz|Foul Play|p2a: Grosse Balaine
|-damage|p2a: Grosse Balaine|47/100
|move|p2a: Grosse Balaine|Liquidation|p1a: Mandibuzz
|-damage|p1a: Mandibuzz|58/100
|
|upkeep
|turn|18
|inactive|Dom225 has 120 seconds left.
|
|t:|1779888722
|move|p1a: Mandibuzz|U-turn|p2a: Grosse Balaine
|-damage|p2a: Grosse Balaine|43/100
|
|t:|1779888726
|switch|p1a: Rotom|Rotom-Wash|100/100|[from] U-turn
|move|p2a: Grosse Balaine|Liquidation|p1a: Rotom
|-resisted|p1a: Rotom
|-damage|p1a: Rotom|81/100
|
|-heal|p1a: Rotom|87/100|[from] item: Leftovers
|upkeep
|turn|19
|
|t:|1779888735
|switch|p2a: Gros panda|Snorlax, M|42/100
|move|p1a: Rotom|Will-O-Wisp|p2a: Gros panda
|-status|p2a: Gros panda|brn
|
|-heal|p1a: Rotom|94/100|[from] item: Leftovers
|-damage|p2a: Gros panda|36/100 brn|[from] brn
|upkeep
|turn|20
|
|t:|1779888747
|move|p1a: Rotom|Hydro Pump|p2a: Gros panda
|-damage|p2a: Gros panda|19/100 brn
|move|p2a: Gros panda|Body Slam|p1a: Rotom
|-damage|p1a: Rotom|78/100
|
|-heal|p1a: Rotom|84/100|[from] item: Leftovers
|-damage|p2a: Gros panda|13/100 brn|[from] brn
|upkeep
|turn|21
|-message|Dom225 forfeited.
|
|win|davespekkie
|raw|davespekkie's rating: 1219 &rarr; <strong>1247</strong><br />(+28 for winning)
|raw|Dom225's rating: 1255 &rarr; <strong>1227</strong><br />(-28 for losing)
|l|☆Dom225
|player|p2|
|l|☆davespekkie
|player|p1|
