|j|☆thelarpinglarper
|j|☆deathprofessor21
|t:|1779902542
|gametype|singles
|player|p1|thelarpinglarper|sordward|1624
|player|p2|deathprofessor21|101|1640
|gen|9
|tier|[Gen 9] OU
|rated|
|rule|HP Percentage Mod: HP is shown in percentages
|rule|Endless Battle Clause: Forcing endless battles is banned
|rule|Species Clause: Limit one of each Pokémon
|rule|OHKO Clause: OHKO moves are banned
|rule|Evasion Items Clause: Evasion items are banned
|rule|Evasion Moves Clause: Evasion moves are banned
|rule|Evasion Abilities Clause: Evasion abilities are banned
|rule|Sleep Moves Clause: Sleep-inducing moves are banned
|clearpoke
|poke|p1|Samurott-Hisui, M|
|poke|p1|Iron Treads|
|poke|p1|Iron Valiant|
|poke|p1|Rotom-Wash|
|poke|p1|Iron Moth|
|poke|p1|Pecharunt|
|poke|p2|Hydrapple, F|
|poke|p2|Moltres|
|poke|p2|Great Tusk|
|poke|p2|Gholdengo|
|poke|p2|Slowking-Galar, F|
|poke|p2|Dragonite, M|
|teampreview
|inactive|Battle timer is ON: inactive players will automatically lose when time's up. (requested by thelarpinglarper)
|
|t:|1779902552
|teamsize|p1|6
|teamsize|p2|6
|start
|switch|p1a: Iron Moth|Iron Moth|100/100
|switch|p2a: Hydrapple|Hydrapple, F|100/100
|turn|1
|j| nepturee
|
|t:|1779902557
|switch|p2a: Slowking|Slowking-Galar, F|100/100
|move|p1a: Iron Moth|Overheat|p2a: Slowking|[miss]
|-miss|p1a: Iron Moth|p2a: Slowking
|
|upkeep
|turn|2
|
|t:|1779902564
|-end|p1a: Iron Moth|Quark Drive|[silent]
|switch|p1a: Iron Treads|Iron Treads|100/100
|switch|p2a: Hydrapple|Hydrapple, F|100/100
|
|upkeep
|turn|3
|j| W80
|
|t:|1779902568
|move|p1a: Iron Treads|Knock Off|p2a: Hydrapple
|-damage|p2a: Hydrapple|80/100
|-enditem|p2a: Hydrapple|Life Orb|[from] move: Knock Off|[of] p1a: Iron Treads
|move|p2a: Hydrapple|Earth Power|p1a: Iron Treads
|-supereffective|p1a: Iron Treads
|-crit|p1a: Iron Treads
|-damage|p1a: Iron Treads|0 fnt
|faint|p1a: Iron Treads
|-end|p1a: Iron Treads|Quark Drive|[silent]
|
|upkeep
|
|t:|1779902575
|switch|p1a: Iron Moth|Iron Moth|100/100
|turn|4
|
|t:|1779902578
|switch|p2a: Slowking|Slowking-Galar, F|100/100
|-terastallize|p1a: Iron Moth|Fire
|move|p1a: Iron Moth|Overheat|p2a: Slowking
|-damage|p2a: Slowking|19/100
|-unboost|p1a: Iron Moth|spa|2
|
|upkeep
|turn|5
|l| W80
|
|t:|1779902592
|-end|p1a: Iron Moth|Quark Drive|[silent]
|switch|p1a: Samurott|Samurott-Hisui, M|100/100
|switch|p2a: Hydrapple|Hydrapple, F|100/100
|
|upkeep
|turn|6
|
|t:|1779902597
|switch|p1a: Iron Moth|Iron Moth, tera:Fire|100/100
|move|p2a: Hydrapple|Leaf Storm|p1a: Iron Moth
|-resisted|p1a: Iron Moth
|-damage|p1a: Iron Moth|64/100
|-unboost|p2a: Hydrapple|spa|2
|
|upkeep
|turn|7
|
|t:|1779902606
|switch|p2a: Moltres|Moltres|100/100
|move|p1a: Iron Moth|Fiery Dance|p2a: Moltres
|-resisted|p2a: Moltres
|-damage|p2a: Moltres|58/100
|
|upkeep
|turn|8
|
|t:|1779902614
|move|p1a: Iron Moth|Fiery Dance|p2a: Moltres
|-resisted|p2a: Moltres
|-damage|p2a: Moltres|14/100
|move|p2a: Moltres|U-turn|p1a: Iron Moth
|-resisted|p1a: Iron Moth
|-damage|p1a: Iron Moth|52/100
|
|t:|1779902621
|switch|p2a: Dragonite|Dragonite, M|100/100|[from] U-turn
|
|upkeep
|turn|9
|
|t:|1779902633
|-end|p1a: Iron Moth|Quark Drive|[silent]
|switch|p1a: Rotom|Rotom-Wash|100/100
|move|p2a: Dragonite|Dragon Dance|p2a: Dragonite
|-boost|p2a: Dragonite|atk|1
|-boost|p2a: Dragonite|spe|1
|
|upkeep
|turn|10
|
|t:|1779902639
|switch|p2a: Slowking|Slowking-Galar, F|52/100
|move|p1a: Rotom|Volt Switch|p2a: Slowking
|-damage|p2a: Slowking|39/100
|
|t:|1779902641
|switch|p1a: Samurott|Samurott-Hisui, M|100/100|[from] Volt Switch
|
|upkeep
|turn|11
|
|t:|1779902649
|switch|p2a: Moltres|Moltres|14/100
|move|p1a: Samurott|Ceaseless Edge|p2a: Moltres
|-damage|p2a: Moltres|0 fnt
|-sidestart|p2: deathprofessor21|Spikes
|faint|p2a: Moltres
|
|upkeep
|
|t:|1779902657
|switch|p2a: Hydrapple|Hydrapple, F|100/100
|-damage|p2a: Hydrapple|88/100|[from] Spikes
|turn|12
|
|t:|1779902663
|move|p1a: Samurott|Ceaseless Edge|p2a: Hydrapple
|-damage|p2a: Hydrapple|35/100
|-sidestart|p2: deathprofessor21|Spikes
|move|p2a: Hydrapple|Fickle Beam|p1a: Samurott
|-damage|p1a: Samurott|35/100
|
|upkeep
|turn|13
|
|t:|1779902669
|switch|p1a: Iron Valiant|Iron Valiant|100/100
|switch|p2a: Great Tusk|Great Tusk|100/100
|-damage|p2a: Great Tusk|84/100|[from] Spikes
|
|-heal|p2a: Great Tusk|90/100|[from] item: Leftovers
|upkeep
|turn|14
|
|t:|1779902675
|-end|p2a: Great Tusk|Protosynthesis|[silent]
|switch|p2a: Gholdengo|Gholdengo|100/100
|-damage|p2a: Gholdengo|84/100|[from] Spikes
|move|p1a: Iron Valiant|Knock Off|p2a: Gholdengo
|-supereffective|p2a: Gholdengo
|-crit|p2a: Gholdengo
|-damage|p2a: Gholdengo|0 fnt
|-enditem|p2a: Gholdengo|Leftovers|[from] move: Knock Off|[of] p1a: Iron Valiant
|faint|p2a: Gholdengo
|-damage|p1a: Iron Valiant|90/100|[from] item: Life Orb
|
|upkeep
|inactive|deathprofessor21 has 120 seconds left.
|
|t:|1779902707
|switch|p2a: Dragonite|Dragonite, M|100/100
|turn|15
|
|t:|1779902712
|-terastallize|p2a: Dragonite|Normal
|move|p1a: Iron Valiant|Moonblast|p2a: Dragonite
|-damage|p2a: Dragonite|78/100
|-damage|p1a: Iron Valiant|80/100|[from] item: Life Orb
|move|p2a: Dragonite|Dragon Dance|p2a: Dragonite
|-boost|p2a: Dragonite|atk|1
|-boost|p2a: Dragonite|spe|1
|
|upkeep
|turn|16
|
|t:|1779902718
|-end|p1a: Iron Valiant|Quark Drive|[silent]
|switch|p1a: Rotom|Rotom-Wash|100/100
|move|p2a: Dragonite|Extreme Speed|p1a: Rotom
|-damage|p1a: Rotom|40/100
|
|upkeep
|turn|17
|
|t:|1779902721
|switch|p1a: Pecharunt|Pecharunt|100/100
|move|p2a: Dragonite|Extreme Speed|p1a: Pecharunt
|-immune|p1a: Pecharunt
|
|upkeep
|turn|18
|
|t:|1779902726
|move|p2a: Dragonite|Earthquake|p1a: Pecharunt
|-supereffective|p1a: Pecharunt
|-damage|p1a: Pecharunt|44/100
|move|p1a: Pecharunt|Toxic|p2a: Dragonite
|-status|p2a: Dragonite|tox
|-start|p2a: Dragonite|confusion|[from] ability: Poison Puppeteer|[of] p1a: Pecharunt
|
|-damage|p2a: Dragonite|71/100 tox|[from] psn
|upkeep
|turn|19
|
|t:|1779902735
|switch|p1a: Rotom|Rotom-Wash|40/100
|-activate|p2a: Dragonite|confusion
|-damage|p2a: Dragonite|50/100 tox|[from] confusion
|
|-damage|p2a: Dragonite|37/100 tox|[from] psn
|upkeep
|turn|20
|
|t:|1779902742
|switch|p1a: Pecharunt|Pecharunt|44/100
|-activate|p2a: Dragonite|confusion
|move|p2a: Dragonite|Extreme Speed|p1a: Pecharunt
|-immune|p1a: Pecharunt
|
|-damage|p2a: Dragonite|19/100 tox|[from] psn
|upkeep
|turn|21
|
|t:|1779902749
|-end|p2a: Dragonite|confusion
|move|p2a: Dragonite|Roost|p2a: Dragonite
|-heal|p2a: Dragonite|69/100 tox
|move|p1a: Pecharunt|Recover|p1a: Pecharunt
|-heal|p1a: Pecharunt|94/100
|
|-damage|p2a: Dragonite|44/100 tox|[from] psn
|upkeep
|turn|22
|
|t:|1779902756
|move|p2a: Dragonite|Roost|p2a: Dragonite
|-heal|p2a: Dragonite|94/100 tox
|move|p1a: Pecharunt|Recover|p1a: Pecharunt
|-heal|p1a: Pecharunt|100/100
|
|-damage|p2a: Dragonite|63/100 tox|[from] psn
|upkeep
|turn|23
|
|t:|1779902767
|switch|p2a: Slowking|Slowking-Galar, F|72/100
|-damage|p2a: Slowking|56/100|[from] Spikes
|move|p1a: Pecharunt|Recover||[still]
|-fail|p1a: Pecharunt|heal
|
|upkeep
|turn|24
|
|t:|1779902774
|move|p1a: Pecharunt|Parting Shot|p2a: Slowking
|-unboost|p2a: Slowking|atk|1
|-unboost|p2a: Slowking|spa|1
|
|t:|1779902785
|switch|p1a: Iron Moth|Iron Moth, tera:Fire|52/100|[from] Parting Shot
|move|p2a: Slowking|Sludge Bomb|p1a: Iron Moth
|-damage|p1a: Iron Moth|26/100
|
|upkeep
|turn|25
|
|t:|1779902800
|switch|p2a: Hydrapple|Hydrapple, F|68/100
|-damage|p2a: Hydrapple|51/100|[from] Spikes
|move|p1a: Iron Moth|Overheat|p2a: Hydrapple
|-damage|p2a: Hydrapple|0 fnt
|-unboost|p1a: Iron Moth|spa|2
|faint|p2a: Hydrapple
|
|upkeep
|
|t:|1779902811
|switch|p2a: Dragonite|Dragonite, M, tera:Normal|63/100 tox
|turn|26
|
|t:|1779902814
|-end|p1a: Iron Moth|Quark Drive|[silent]
|switch|p1a: Pecharunt|Pecharunt|100/100
|move|p2a: Dragonite|Earthquake|p1a: Pecharunt
|-supereffective|p1a: Pecharunt
|-damage|p1a: Pecharunt|64/100
|
|-damage|p2a: Dragonite|56/100 tox|[from] psn
|upkeep
|turn|27
|
|t:|1779902823
|move|p1a: Pecharunt|Foul Play|p2a: Dragonite
|-damage|p2a: Dragonite|21/100 tox
|move|p2a: Dragonite|Roost|p2a: Dragonite
|-heal|p2a: Dragonite|71/100 tox
|
|-damage|p2a: Dragonite|59/100 tox|[from] psn
|upkeep
|turn|28
|
|t:|1779902827
|switch|p2a: Great Tusk|Great Tusk|90/100
|-damage|p2a: Great Tusk|74/100|[from] Spikes
|move|p1a: Pecharunt|Recover|p1a: Pecharunt
|-heal|p1a: Pecharunt|100/100
|
|-heal|p2a: Great Tusk|80/100|[from] item: Leftovers
|upkeep
|turn|29
|
|t:|1779902831
|move|p2a: Great Tusk|Rapid Spin|p1a: Pecharunt
|-immune|p1a: Pecharunt
|move|p1a: Pecharunt|Toxic|p2a: Great Tusk
|-status|p2a: Great Tusk|tox
|-start|p2a: Great Tusk|confusion|[from] ability: Poison Puppeteer|[of] p1a: Pecharunt
|
|-heal|p2a: Great Tusk|86/100 tox|[from] item: Leftovers
|-damage|p2a: Great Tusk|80/100 tox|[from] psn
|upkeep
|turn|30
|
|t:|1779902834
|-activate|p2a: Great Tusk|confusion
|move|p2a: Great Tusk|Rapid Spin|p1a: Pecharunt
|-immune|p1a: Pecharunt
|move|p1a: Pecharunt|Parting Shot|p2a: Great Tusk
|-unboost|p2a: Great Tusk|atk|1
|-unboost|p2a: Great Tusk|spa|1
|
|t:|1779902837
|switch|p1a: Iron Valiant|Iron Valiant|80/100|[from] Parting Shot
|
|-heal|p2a: Great Tusk|86/100 tox|[from] item: Leftovers
|-damage|p2a: Great Tusk|74/100 tox|[from] psn
|upkeep
|turn|31
|
|t:|1779902840
|-end|p2a: Great Tusk|Protosynthesis|[silent]
|switch|p2a: Slowking|Slowking-Galar, F|89/100
|-damage|p2a: Slowking|72/100|[from] Spikes
|move|p1a: Iron Valiant|Moonblast|p2a: Slowking
|-resisted|p2a: Slowking
|-damage|p2a: Slowking|59/100
|-damage|p1a: Iron Valiant|70/100|[from] item: Life Orb
|
|upkeep
|turn|32
|
|t:|1779902848
|switch|p2a: Great Tusk|Great Tusk|74/100 tox
|-damage|p2a: Great Tusk|57/100 tox|[from] Spikes
|move|p1a: Iron Valiant|Knock Off|p2a: Great Tusk
|-resisted|p2a: Great Tusk
|-damage|p2a: Great Tusk|42/100 tox
|-enditem|p2a: Great Tusk|Leftovers|[from] move: Knock Off|[of] p1a: Iron Valiant
|-damage|p1a: Iron Valiant|60/100|[from] item: Life Orb
|
|-damage|p2a: Great Tusk|36/100 tox|[from] psn
|upkeep
|turn|33
|
|t:|1779902852
|-end|p2a: Great Tusk|Protosynthesis|[silent]
|switch|p2a: Slowking|Slowking-Galar, F|93/100
|-damage|p2a: Slowking|76/100|[from] Spikes
|move|p1a: Iron Valiant|Moonblast|p2a: Slowking
|-resisted|p2a: Slowking
|-damage|p2a: Slowking|62/100
|-unboost|p2a: Slowking|spa|1
|-damage|p1a: Iron Valiant|50/100|[from] item: Life Orb
|
|upkeep
|turn|34
|l| nepturee
|
|t:|1779902855
|switch|p2a: Dragonite|Dragonite, M, tera:Normal|59/100 tox
|move|p1a: Iron Valiant|Knock Off|p2a: Dragonite
|-damage|p2a: Dragonite|21/100 tox
|-enditem|p2a: Dragonite|Heavy-Duty Boots|[from] move: Knock Off|[of] p1a: Iron Valiant
|-damage|p1a: Iron Valiant|40/100|[from] item: Life Orb
|
|-damage|p2a: Dragonite|15/100 tox|[from] psn
|upkeep
|turn|35
|
|t:|1779902862
|-end|p1a: Iron Valiant|Quark Drive|[silent]
|switch|p1a: Pecharunt|Pecharunt|100/100
|move|p2a: Dragonite|Roost|p2a: Dragonite
|-heal|p2a: Dragonite|65/100 tox
|
|-damage|p2a: Dragonite|52/100 tox|[from] psn
|upkeep
|turn|36
|
|t:|1779902868
|move|p1a: Pecharunt|Parting Shot|p2a: Dragonite
|-unboost|p2a: Dragonite|atk|1
|-unboost|p2a: Dragonite|spa|1
|
|t:|1779902870
|switch|p1a: Rotom|Rotom-Wash|40/100|[from] Parting Shot
|move|p2a: Dragonite|Earthquake|p1a: Rotom
|-immune|p1a: Rotom|[from] ability: Levitate
|
|-damage|p2a: Dragonite|34/100 tox|[from] psn
|upkeep
|turn|37
|
|t:|1779902883
|move|p2a: Dragonite|Extreme Speed|p1a: Rotom
|-damage|p1a: Rotom|15/100
|move|p1a: Rotom|Volt Switch|p2a: Dragonite
|-damage|p2a: Dragonite|10/100 tox
|
|t:|1779902886
|switch|p1a: Samurott|Samurott-Hisui, M|35/100|[from] Volt Switch
|
|-damage|p2a: Dragonite|0 fnt|[from] psn
|faint|p2a: Dragonite
|upkeep
|j| Potato Muk
|
|t:|1779902889
|switch|p2a: Great Tusk|Great Tusk|36/100 tox
|-damage|p2a: Great Tusk|19/100 tox|[from] Spikes
|turn|38
|
|t:|1779902894
|move|p2a: Great Tusk|Headlong Rush|p1a: Samurott
|-damage|p1a: Samurott|0 fnt
|-unboost|p2a: Great Tusk|def|1
|-unboost|p2a: Great Tusk|spd|1
|faint|p1a: Samurott
|
|-damage|p2a: Great Tusk|13/100 tox|[from] psn
|upkeep
|
|t:|1779902897
|switch|p1a: Iron Moth|Iron Moth, tera:Fire|26/100
|turn|39
|
|t:|1779902899
|move|p1a: Iron Moth|Fiery Dance|p2a: Great Tusk
|-damage|p2a: Great Tusk|0 fnt
|faint|p2a: Great Tusk
|-end|p2a: Great Tusk|Protosynthesis|[silent]
|
|upkeep
|
|t:|1779902901
|switch|p2a: Slowking|Slowking-Galar, F|95/100
|-damage|p2a: Slowking|79/100|[from] Spikes
|turn|40
|
|t:|1779902906
|-end|p1a: Iron Moth|Quark Drive|[silent]
|switch|p1a: Rotom|Rotom-Wash|15/100
|move|p2a: Slowking|Sludge Bomb|p1a: Rotom
|-damage|p1a: Rotom|0 fnt
|faint|p1a: Rotom
|
|upkeep
|
|t:|1779902907
|switch|p1a: Iron Valiant|Iron Valiant|40/100
|turn|41
|
|t:|1779902910
|move|p1a: Iron Valiant|Knock Off|p2a: Slowking
|-supereffective|p2a: Slowking
|-damage|p2a: Slowking|3/100
|-enditem|p2a: Slowking|Assault Vest|[from] move: Knock Off|[of] p1a: Iron Valiant
|-damage|p1a: Iron Valiant|30/100|[from] item: Life Orb
|move|p2a: Slowking|Psychic Noise|p1a: Iron Valiant
|-supereffective|p1a: Iron Valiant
|-damage|p1a: Iron Valiant|0 fnt
|faint|p1a: Iron Valiant
|-end|p1a: Iron Valiant|Quark Drive|[silent]
|
|upkeep
|c|☆thelarpinglarper|gg
|
|t:|1779902912
|switch|p1a: Iron Moth|Iron Moth, tera:Fire|26/100
|turn|42
|
|t:|1779902915
|move|p1a: Iron Moth|Fiery Dance|p2a: Slowking
|-damage|p2a: Slowking|0 fnt
|-boost|p1a: Iron Moth|spa|1
|faint|p2a: Slowking
|
|win|thelarpinglarper
|raw|thelarpinglarper's rating: 1624 &rarr; <strong>1645</strong><br />(+21 for winning)
|raw|deathprofessor21's rating: 1640 &rarr; <strong>1619</strong><br />(-21 for losing)
|c|☆deathprofessor21|Gh
|l|☆thelarpinglarper
|player|p1|
|l| Potato Muk
|l|☆deathprofessor21
|player|p2|
