|j|☆Pakas123
|j|☆YoSoyDelBronx
|t:|1779920238
|gametype|singles
|player|p1|Pakas123|schoolkid|1180
|player|p2|YoSoyDelBronx|noland|1212
|gen|9
|tier|[Gen 9] OU
|rated|
|rule|HP Percentage Mod: HP is shown in percentages
|rule|Endless Battle Clause: Forcing endless battles is banned
|rule|Species Clause: Limit one of each Pokémon
|rule|OHKO Clause: OHKO moves are banned
|rule|Evasion Items Clause: Evasion items are banned
|rule|Evasion Moves Clause: Evasion moves are banned
|rule|Evasion Abilities Clause: Evasion abilities are banned
|rule|Sleep Moves Clause: Sleep-inducing moves are banned
|clearpoke
|poke|p1|Poliwrath, M|
|poke|p1|Zapdos|
|poke|p1|Great Tusk|
|poke|p1|Pelipper, F|
|poke|p1|Barraskewda, M|
|poke|p1|Kingambit, M|
|poke|p2|Blaziken, M|
|poke|p2|Diancie|
|poke|p2|Venusaur, M|
|poke|p2|Dondozo, F|
|poke|p2|Ursaluna, M|
|poke|p2|Torkoal, M|
|teampreview
|
|t:|1779920257
|teamsize|p1|6
|teamsize|p2|6
|start
|switch|p1a: Great Tusk|Great Tusk|100/100
|switch|p2a: Diancie|Diancie|100/100
|turn|1
|
|t:|1779920265
|move|p1a: Great Tusk|Stealth Rock|p2a: Diancie
|-sidestart|p2: YoSoyDelBronx|move: Stealth Rock
|move|p2a: Diancie|Trick Room|p2a: Diancie
|-fieldstart|move: Trick Room|[of] p2a: Diancie
|
|upkeep
|turn|2
|
|t:|1779920270
|move|p2a: Diancie|Moonblast|p1a: Great Tusk
|-supereffective|p1a: Great Tusk
|-damage|p1a: Great Tusk|0 fnt
|faint|p1a: Great Tusk
|-end|p1a: Great Tusk|Protosynthesis|[silent]
|
|upkeep
|
|t:|1779920283
|switch|p1a: Kingambit|Kingambit, M|100/100
|-activate|p1a: Kingambit|ability: Supreme Overlord
|-start|p1a: Kingambit|fallen1|[silent]
|turn|3
|
|t:|1779920292
|-terastallize|p2a: Diancie|Water
|move|p2a: Diancie|Earth Power|p1a: Kingambit
|-supereffective|p1a: Kingambit
|-damage|p1a: Kingambit|42/100
|move|p1a: Kingambit|Iron Head|p2a: Diancie
|-resisted|p2a: Diancie
|-damage|p2a: Diancie|80/100
|
|-heal|p1a: Kingambit|48/100|[from] item: Leftovers
|upkeep
|turn|4
|
|t:|1779920301
|-end|p1a: Kingambit|fallen1|[silent]
|switch|p1a: Pelipper|Pelipper, F|100/100
|-weather|RainDance|[from] ability: Drizzle|[of] p1a: Pelipper
|move|p2a: Diancie|Meteor Beam||[still]
|-prepare|p2a: Diancie|Meteor Beam
|-boost|p2a: Diancie|spa|1
|-enditem|p2a: Diancie|Power Herb
|-anim|p2a: Diancie|Meteor Beam|p1a: Pelipper
|-supereffective|p1a: Pelipper
|-damage|p1a: Pelipper|0 fnt
|faint|p1a: Pelipper
|
|-weather|RainDance|[upkeep]
|upkeep
|
|t:|1779920315
|switch|p1a: Barraskewda|Barraskewda, M|100/100
|turn|5
|
|t:|1779920319
|move|p2a: Diancie|Moonblast|p1a: Barraskewda
|-damage|p1a: Barraskewda|0 fnt
|faint|p1a: Barraskewda
|
|-weather|RainDance|[upkeep]
|-fieldend|move: Trick Room
|upkeep
|
|t:|1779920325
|switch|p1a: Zapdos|Zapdos|100/100
|turn|6
|
|t:|1779920332
|switch|p2a: Torkoal|Torkoal, M|100/100
|-damage|p2a: Torkoal|76/100|[from] Stealth Rock
|-weather|SunnyDay|[from] ability: Drought|[of] p2a: Torkoal
|move|p1a: Zapdos|Thunder|p2a: Torkoal|[miss]
|-miss|p1a: Zapdos|p2a: Torkoal
|
|-weather|SunnyDay|[upkeep]
|upkeep
|turn|7
|-message|Pakas123 forfeited.
|
|win|YoSoyDelBronx
|raw|Pakas123's rating: 1180 &rarr; <strong>1157</strong><br />(-23 for losing)
|raw|YoSoyDelBronx's rating: 1212 &rarr; <strong>1235</strong><br />(+23 for winning)
|l|☆Pakas123
|player|p1|
