|j|☆showdowngodz
|j|☆Scalyfall
|t:|1779806391
|gametype|singles
|player|p1|showdowngodz|n-masters|1160
|player|p2|Scalyfall|leaf-masters|1204
|gen|9
|tier|[Gen 9] OU
|rated|
|rule|HP Percentage Mod: HP is shown in percentages
|rule|Endless Battle Clause: Forcing endless battles is banned
|rule|Species Clause: Limit one of each Pokémon
|rule|OHKO Clause: OHKO moves are banned
|rule|Evasion Items Clause: Evasion items are banned
|rule|Evasion Moves Clause: Evasion moves are banned
|rule|Evasion Abilities Clause: Evasion abilities are banned
|rule|Sleep Moves Clause: Sleep-inducing moves are banned
|clearpoke
|poke|p1|Slowking-Galar, M|
|poke|p1|Kyurem|
|poke|p1|Iron Valiant|
|poke|p1|Cinderace, M|
|poke|p1|Landorus-Therian, M|
|poke|p1|Kingambit, M|
|poke|p2|Ninetales, F|
|poke|p2|Torkoal, M|
|poke|p2|Walking Wake|
|poke|p2|Venusaur, F|
|poke|p2|Landorus-Therian, M|
|poke|p2|Bisharp, F|
|teampreview
|inactive|Battle timer is ON: inactive players will automatically lose when time's up. (requested by showdowngodz)
|c|☆showdowngodz|glhf
|inactive|Scalyfall has 120 seconds left.
|c|☆Scalyfall|glhf
|
|t:|1779806453
|teamsize|p1|6
|teamsize|p2|6
|start
|switch|p1a: Landorus|Landorus-Therian, M|100/100
|switch|p2a: Torkoal|Torkoal, M|100/100
|-ability|p1a: Landorus|Intimidate|boost
|-unboost|p2a: Torkoal|atk|1
|-weather|SunnyDay|[from] ability: Drought|[of] p2a: Torkoal
|turn|1
|c|☆showdowngodz|Though I’m curious as to why you have 2 setters
|c|☆Scalyfall|i didnt play for long lol
|c|☆Scalyfall|trying to build a team with what remains of my knowledge
|inactive|Scalyfall has 120 seconds left.
|c|☆Scalyfall|i mean almost nothing
|c|☆Scalyfall|lol
|
|t:|1779806501
|move|p1a: Landorus|Taunt|p2a: Torkoal
|-start|p2a: Torkoal|move: Taunt
|cant|p2a: Torkoal|move: Taunt|Stealth Rock
|
|-weather|SunnyDay|[upkeep]
|upkeep
|turn|2
|
|t:|1779806526
|move|p1a: Landorus|Stealth Rock|p2a: Torkoal
|-sidestart|p2: Scalyfall|move: Stealth Rock
|move|p2a: Torkoal|Fire Blast|p1a: Landorus
|-damage|p1a: Landorus|42/100
|
|-weather|SunnyDay|[upkeep]
|upkeep
|turn|3
|
|t:|1779806532
|move|p1a: Landorus|Earthquake|p2a: Torkoal
|-supereffective|p2a: Torkoal
|-damage|p2a: Torkoal|48/100
|move|p2a: Torkoal|Rapid Spin|p1a: Landorus
|-damage|p1a: Landorus|36/100
|-boost|p2a: Torkoal|spe|1
|-damage|p2a: Torkoal|31/100|[from] item: Rocky Helmet|[of] p1a: Landorus
|-sideend|p2: Scalyfall|Stealth Rock|[from] move: Rapid Spin|[of] p2a: Torkoal
|
|-weather|SunnyDay|[upkeep]
|-end|p2a: Torkoal|move: Taunt
|upkeep
|turn|4
|inactive|Scalyfall has 120 seconds left.
|
|t:|1779806545
|switch|p2a: Walking Wake|Walking Wake|100/100
|-activate|p2a: Walking Wake|ability: Protosynthesis
|-start|p2a: Walking Wake|protosynthesisspa
|move|p1a: Landorus|Earthquake|p2a: Walking Wake
|-damage|p2a: Walking Wake|53/100
|
|-weather|SunnyDay|[upkeep]
|upkeep
|turn|5
|inactive|Scalyfall has 120 seconds left.
|
|t:|1779806561
|switch|p1a: Slowking|Slowking-Galar, M|100/100
|move|p2a: Walking Wake|Flamethrower|p1a: Slowking
|-damage|p1a: Slowking|47/100
|-status|p1a: Slowking|brn
|
|-weather|SunnyDay|[upkeep]
|-damage|p1a: Slowking|41/100 brn|[from] brn
|upkeep
|turn|6
|
|t:|1779806570
|move|p2a: Walking Wake|Flamethrower|p1a: Slowking
|-damage|p1a: Slowking|0 fnt
|faint|p1a: Slowking
|
|-weather|SunnyDay|[upkeep]
|upkeep
|inactive|showdowngodz has 120 seconds left.
|
|t:|1779806616
|switch|p1a: Iron Valiant|Iron Valiant|100/100
|-enditem|p1a: Iron Valiant|Booster Energy
|-activate|p1a: Iron Valiant|ability: Quark Drive|[fromitem]
|-start|p1a: Iron Valiant|quarkdrivespe
|turn|7
|
|t:|1779806621
|-end|p2a: Walking Wake|Protosynthesis|[silent]
|switch|p2a: Ninetales|Ninetales, F|100/100
|move|p1a: Iron Valiant|Moonblast|p2a: Ninetales
|-resisted|p2a: Ninetales
|-damage|p2a: Ninetales|72/100
|
|-weather|SunnyDay|[upkeep]
|upkeep
|turn|8
|inactive|showdowngodz has 90 seconds left.
|
|t:|1779806652
|move|p1a: Iron Valiant|Knock Off|p2a: Ninetales
|-damage|p2a: Ninetales|30/100
|-enditem|p2a: Ninetales|Heat Rock|[from] move: Knock Off|[of] p1a: Iron Valiant
|move|p2a: Ninetales|Fire Blast|p1a: Iron Valiant|[miss]
|-miss|p2a: Ninetales|p1a: Iron Valiant
|
|-weather|none
|upkeep
|turn|9
|inactive|showdowngodz has 90 seconds left.
|
|t:|1779806668
|move|p1a: Iron Valiant|Close Combat|p2a: Ninetales
|-damage|p2a: Ninetales|0 fnt
|-unboost|p1a: Iron Valiant|def|1
|-unboost|p1a: Iron Valiant|spd|1
|faint|p2a: Ninetales
|
|upkeep
|
|t:|1779806683
|switch|p2a: Bisharp|Bisharp, F|100/100
|turn|10
|inactive|showdowngodz has 90 seconds left.
|
|t:|1779806704
|-terastallize|p1a: Iron Valiant|Steel
|-terastallize|p2a: Bisharp|Flying
|move|p1a: Iron Valiant|Moonblast|p2a: Bisharp
|-damage|p2a: Bisharp|55/100
|-unboost|p2a: Bisharp|spa|1
|-ability|p2a: Bisharp|Defiant|boost
|-boost|p2a: Bisharp|atk|2
|move|p2a: Bisharp|Iron Head|p1a: Iron Valiant
|-resisted|p1a: Iron Valiant
|-damage|p1a: Iron Valiant|18/100
|
|upkeep
|turn|11
|c|☆Scalyfall|xd
|c|☆showdowngodz|Great time to get the drop ival
|inactive|showdowngodz has 60 seconds left.
|
|t:|1779806730
|move|p2a: Bisharp|Sucker Punch||[still]
|-fail|p2a: Bisharp
|move|p1a: Iron Valiant|Encore|p2a: Bisharp
|-start|p2a: Bisharp|Encore
|
|upkeep
|turn|12
|inactive|showdowngodz has 60 seconds left.
|
|t:|1779806745
|-end|p1a: Iron Valiant|Quark Drive|[silent]
|switch|p1a: Cinderace|Cinderace, M|100/100
|switch|p2a: Torkoal|Torkoal, M|31/100
|-weather|SunnyDay|[from] ability: Drought|[of] p2a: Torkoal
|
|-weather|SunnyDay|[upkeep]
|upkeep
|turn|13
|
|t:|1779806754
|move|p1a: Cinderace|U-turn|p2a: Torkoal
|-start|p1a: Cinderace|typechange|Bug|[from] ability: Libero
|-resisted|p2a: Torkoal
|-damage|p2a: Torkoal|23/100
|
|t:|1779806756
|switch|p1a: Landorus|Landorus-Therian, M|36/100|[from] U-turn
|-ability|p1a: Landorus|Intimidate|boost
|-unboost|p2a: Torkoal|atk|1
|move|p2a: Torkoal|Stealth Rock|p1a: Landorus
|-sidestart|p1: showdowngodz|move: Stealth Rock
|
|-weather|SunnyDay|[upkeep]
|upkeep
|turn|14
|
|t:|1779806767
|switch|p2a: Bisharp|Bisharp, F, tera:Flying|55/100
|move|p1a: Landorus|Stealth Rock|p2a: Bisharp
|-sidestart|p2: Scalyfall|move: Stealth Rock
|
|-weather|SunnyDay|[upkeep]
|upkeep
|turn|15
|
|t:|1779806784
|move|p1a: Landorus|U-turn|p2a: Bisharp
|-resisted|p2a: Bisharp
|-damage|p2a: Bisharp|48/100
|
|t:|1779806788
|switch|p1a: Cinderace|Cinderace, M|100/100|[from] U-turn
|move|p2a: Bisharp|Swords Dance|p2a: Bisharp
|-boost|p2a: Bisharp|atk|2
|
|-weather|SunnyDay|[upkeep]
|upkeep
|turn|16
|
|t:|1779806794
|move|p1a: Cinderace|Will-O-Wisp|p2a: Bisharp
|-status|p2a: Bisharp|brn
|move|p2a: Bisharp|Throat Chop|p1a: Cinderace
|-damage|p1a: Cinderace|44/100
|-start|p1a: Cinderace|Throat Chop|[silent]
|
|-weather|SunnyDay|[upkeep]
|-damage|p2a: Bisharp|42/100 brn|[from] brn
|upkeep
|turn|17
|
|t:|1779806806
|move|p2a: Bisharp|Sucker Punch|p1a: Cinderace
|-damage|p1a: Cinderace|0 fnt
|faint|p1a: Cinderace
|
|-weather|SunnyDay|[upkeep]
|-damage|p2a: Bisharp|36/100 brn|[from] brn
|upkeep
|
|t:|1779806818
|switch|p1a: Kyurem|Kyurem|100/100
|-damage|p1a: Kyurem|76/100|[from] Stealth Rock
|-ability|p1a: Kyurem|Pressure
|turn|18
|
|t:|1779806826
|move|p2a: Bisharp|Sucker Punch|p1a: Kyurem
|-damage|p1a: Kyurem|39/100
|move|p1a: Kyurem|Ice Beam|p2a: Bisharp
|-supereffective|p2a: Bisharp
|-damage|p2a: Bisharp|0 fnt
|faint|p2a: Bisharp
|
|-weather|SunnyDay|[upkeep]
|upkeep
|
|t:|1779806836
|switch|p2a: Venusaur|Venusaur, F|100/100
|-damage|p2a: Venusaur|88/100|[from] Stealth Rock
|turn|19
|
|t:|1779806846
|switch|p1a: Iron Valiant|Iron Valiant, tera:Steel|18/100
|-damage|p1a: Iron Valiant|12/100|[from] Stealth Rock
|move|p2a: Venusaur|Weather Ball|p1a: Iron Valiant
|-supereffective|p1a: Iron Valiant
|-damage|p1a: Iron Valiant|0 fnt
|faint|p1a: Iron Valiant
|-end|p1a: Iron Valiant|Quark Drive|[silent]
|-damage|p2a: Venusaur|78/100|[from] item: Life Orb
|
|-weather|none
|upkeep
|
|t:|1779806855
|switch|p1a: Kyurem|Kyurem|39/100
|-damage|p1a: Kyurem|14/100|[from] Stealth Rock
|-ability|p1a: Kyurem|Pressure
|turn|20
|inactive|showdowngodz has 90 seconds left.
|
|t:|1779806876
|switch|p2a: Torkoal|Torkoal, M|23/100
|-damage|p2a: Torkoal|0 fnt|[from] Stealth Rock
|faint|p2a: Torkoal
|move|p1a: Kyurem|Draco Meteor|p2: Torkoal|[notarget]
|-fail|p1a: Kyurem
|
|upkeep
|
|t:|1779806888
|switch|p2a: Venusaur|Venusaur, F|78/100
|-damage|p2a: Venusaur|66/100|[from] Stealth Rock
|turn|21
|
|t:|1779806894
|move|p1a: Kyurem|Draco Meteor|p2a: Venusaur
|-damage|p2a: Venusaur|0 fnt
|-unboost|p1a: Kyurem|spa|2
|faint|p2a: Venusaur
|
|upkeep
|
|t:|1779806897
|switch|p2a: Landorus|Landorus-Therian, M|100/100
|-damage|p2a: Landorus|88/100|[from] Stealth Rock
|-ability|p2a: Landorus|Intimidate|boost
|-unboost|p1a: Kyurem|atk|1
|turn|22
|
|t:|1779806907
|switch|p1a: Landorus|Landorus-Therian, M|36/100
|-damage|p1a: Landorus|24/100|[from] Stealth Rock
|-ability|p1a: Landorus|Intimidate|boost
|-unboost|p2a: Landorus|atk|1
|move|p2a: Landorus|U-turn|p1a: Landorus
|-resisted|p1a: Landorus
|-damage|p1a: Landorus|18/100
|-damage|p2a: Landorus|72/100|[from] item: Rocky Helmet|[of] p1a: Landorus
|
|t:|1779806910
|switch|p2a: Walking Wake|Walking Wake|53/100|[from] U-turn
|-damage|p2a: Walking Wake|41/100|[from] Stealth Rock
|
|upkeep
|turn|23
|inactive|showdowngodz has 120 seconds left.
|
|t:|1779806922
|move|p2a: Walking Wake|Hydro Steam|p1a: Landorus
|-supereffective|p1a: Landorus
|-damage|p1a: Landorus|0 fnt
|faint|p1a: Landorus
|
|upkeep
|
|t:|1779806925
|switch|p1a: Kingambit|Kingambit, M|100/100
|-damage|p1a: Kingambit|94/100|[from] Stealth Rock
|-activate|p1a: Kingambit|ability: Supreme Overlord
|-start|p1a: Kingambit|fallen4|[silent]
|turn|24
|
|t:|1779806931
|move|p2a: Walking Wake|Hydro Steam|p1a: Kingambit
|-damage|p1a: Kingambit|32/100
|move|p1a: Kingambit|Swords Dance|p1a: Kingambit
|-boost|p1a: Kingambit|atk|2
|
|-heal|p1a: Kingambit|39/100|[from] item: Leftovers
|upkeep
|turn|25
|
|t:|1779806936
|move|p1a: Kingambit|Sucker Punch|p2a: Walking Wake
|-damage|p2a: Walking Wake|0 fnt
|faint|p2a: Walking Wake
|-end|p2a: Walking Wake|Protosynthesis|[silent]
|
|-heal|p1a: Kingambit|45/100|[from] item: Leftovers
|upkeep
|
|t:|1779806938
|switch|p2a: Landorus|Landorus-Therian, M|72/100
|-damage|p2a: Landorus|59/100|[from] Stealth Rock
|-ability|p2a: Landorus|Intimidate|boost
|-unboost|p1a: Kingambit|atk|1
|turn|26
|c|☆Scalyfall|gg xd
|
|t:|1779806944
|move|p1a: Kingambit|Sucker Punch|p2a: Landorus
|-damage|p2a: Landorus|0 fnt
|faint|p2a: Landorus
|
|win|showdowngodz
|raw|showdowngodz's rating: 1160 &rarr; <strong>1188</strong><br />(+28 for winning)
|raw|Scalyfall's rating: 1204 &rarr; <strong>1176</strong><br />(-28 for losing)
|c|☆showdowngodz|ggs
|l|☆Scalyfall
|player|p2|
