|j|☆d121212
|j|☆Jules93
|t:|1779888477
|gametype|singles
|player|p1|d121212|169|1231
|player|p2|Jules93|hilbert|1277
|gen|9
|tier|[Gen 9] OU
|rated|
|rule|HP Percentage Mod: HP is shown in percentages
|rule|Endless Battle Clause: Forcing endless battles is banned
|rule|Species Clause: Limit one of each Pokémon
|rule|OHKO Clause: OHKO moves are banned
|rule|Evasion Items Clause: Evasion items are banned
|rule|Evasion Moves Clause: Evasion moves are banned
|rule|Evasion Abilities Clause: Evasion abilities are banned
|rule|Sleep Moves Clause: Sleep-inducing moves are banned
|clearpoke
|poke|p1|Great Tusk|
|poke|p1|Dragapult, F|
|poke|p1|Kingambit, F|
|poke|p1|Ogerpon-Wellspring, F|
|poke|p1|Gholdengo|
|poke|p1|Dragonite, M|
|poke|p2|Conkeldurr, F|
|poke|p2|Krookodile, M|
|poke|p2|Scrafty, F|
|poke|p2|Lilligant, F|
|poke|p2|Reuniclus, F|
|poke|p2|Samurott, M|
|teampreview
|inactive|Battle timer is ON: inactive players will automatically lose when time's up. (requested by Jules93)
|
|t:|1779888506
|teamsize|p1|6
|teamsize|p2|6
|start
|switch|p1a: Great Tusk|Great Tusk|100/100
|switch|p2a: Krookodile|Krookodile, M|100/100
|turn|1
|inactive|Jules93 has 120 seconds left.
|inactive|Jules93 has 90 seconds left.
|
|t:|1779888573
|move|p2a: Krookodile|Stealth Rock|p1a: Great Tusk
|-sidestart|p1: d121212|move: Stealth Rock
|move|p1a: Great Tusk|Stealth Rock|p2a: Krookodile
|-sidestart|p2: Jules93|move: Stealth Rock
|
|upkeep
|turn|2
|
|t:|1779888585
|move|p2a: Krookodile|Knock Off|p1a: Great Tusk
|-resisted|p1a: Great Tusk
|-damage|p1a: Great Tusk|84/100
|-enditem|p1a: Great Tusk|Leftovers|[from] move: Knock Off|[of] p2a: Krookodile
|-damage|p2a: Krookodile|91/100|[from] item: Life Orb
|move|p1a: Great Tusk|Earthquake|p2a: Krookodile
|-damage|p2a: Krookodile|38/100
|
|upkeep
|turn|3
|
|t:|1779888596
|move|p2a: Krookodile|Close Combat|p1a: Great Tusk
|-damage|p1a: Great Tusk|58/100
|-unboost|p2a: Krookodile|def|1
|-unboost|p2a: Krookodile|spd|1
|-damage|p2a: Krookodile|28/100|[from] item: Life Orb
|move|p1a: Great Tusk|Knock Off|p2a: Krookodile
|-resisted|p2a: Krookodile
|-crit|p2a: Krookodile
|-damage|p2a: Krookodile|0 fnt
|-enditem|p2a: Krookodile|Life Orb|[from] move: Knock Off|[of] p1a: Great Tusk
|faint|p2a: Krookodile
|
|upkeep
|inactive|Jules93 has 90 seconds left.
|
|t:|1779888627
|switch|p2a: Lilligant|Lilligant, F|100/100
|-damage|p2a: Lilligant|88/100|[from] Stealth Rock
|turn|4
|
|t:|1779888648
|-end|p1a: Great Tusk|Protosynthesis|[silent]
|switch|p1a: Ogerpon|Ogerpon-Wellspring, F|100/100
|-damage|p1a: Ogerpon|88/100|[from] Stealth Rock
|move|p2a: Lilligant|Quiver Dance|p2a: Lilligant
|-boost|p2a: Lilligant|spa|1
|-boost|p2a: Lilligant|spd|1
|-boost|p2a: Lilligant|spe|1
|
|upkeep
|turn|5
|
|t:|1779888677
|move|p2a: Lilligant|Energy Ball|p1a: Ogerpon
|-damage|p1a: Ogerpon|0 fnt
|faint|p1a: Ogerpon
|-damage|p2a: Lilligant|78/100|[from] item: Life Orb
|
|upkeep
|
|t:|1779888684
|switch|p1a: Dragonite|Dragonite, M|100/100
|turn|6
|
|t:|1779888707
|move|p2a: Lilligant|Alluring Voice|p1a: Dragonite
|-supereffective|p1a: Dragonite
|-damage|p1a: Dragonite|49/100
|-damage|p2a: Lilligant|68/100|[from] item: Life Orb
|move|p1a: Dragonite|Fire Punch|p2a: Lilligant
|-supereffective|p2a: Lilligant
|-damage|p2a: Lilligant|0 fnt
|faint|p2a: Lilligant
|
|upkeep
|
|t:|1779888730
|switch|p2a: Scrafty|Scrafty, F|100/100
|-damage|p2a: Scrafty|95/100|[from] Stealth Rock
|turn|7
|
|t:|1779888747
|move|p1a: Dragonite|Earthquake|p2a: Scrafty
|-damage|p2a: Scrafty|65/100
|move|p2a: Scrafty|Dragon Dance|p2a: Scrafty
|-boost|p2a: Scrafty|atk|1
|-boost|p2a: Scrafty|spe|1
|
|-heal|p2a: Scrafty|71/100|[from] item: Leftovers
|upkeep
|turn|8
|
|t:|1779888769
|switch|p1a: Kingambit|Kingambit, F|100/100
|-damage|p1a: Kingambit|94/100|[from] Stealth Rock
|-activate|p1a: Kingambit|ability: Supreme Overlord
|-start|p1a: Kingambit|fallen1|[silent]
|move|p2a: Scrafty|Knock Off|p1a: Kingambit
|-resisted|p1a: Kingambit
|-damage|p1a: Kingambit|73/100
|-enditem|p1a: Kingambit|Black Glasses|[from] move: Knock Off|[of] p2a: Scrafty
|
|-heal|p2a: Scrafty|77/100|[from] item: Leftovers
|upkeep
|turn|9
|
|t:|1779888782
|move|p2a: Scrafty|Drain Punch|p1a: Kingambit
|-supereffective|p1a: Kingambit
|-damage|p1a: Kingambit|0 fnt
|-heal|p2a: Scrafty|100/100|[from] drain|[of] p1a: Kingambit
|faint|p1a: Kingambit
|-end|p1a: Kingambit|fallen1|[silent]
|-ability|p2a: Scrafty|Moxie|boost
|-boost|p2a: Scrafty|atk|1
|
|upkeep
|
|t:|1779888790
|switch|p1a: Gholdengo|Gholdengo|100/100
|-damage|p1a: Gholdengo|94/100|[from] Stealth Rock
|-item|p1a: Gholdengo|Air Balloon
|turn|10
|
|t:|1779888798
|move|p1a: Gholdengo|Make It Rain|p2a: Scrafty
|-damage|p2a: Scrafty|50/100
|-unboost|p1a: Gholdengo|spa|1
|move|p2a: Scrafty|Knock Off|p1a: Gholdengo
|-supereffective|p1a: Gholdengo
|-damage|p1a: Gholdengo|0 fnt
|-enditem|p1a: Gholdengo|Air Balloon
|faint|p1a: Gholdengo
|-ability|p2a: Scrafty|Moxie|boost
|-boost|p2a: Scrafty|atk|1
|
|-heal|p2a: Scrafty|56/100|[from] item: Leftovers
|upkeep
|
|t:|1779888810
|switch|p1a: Dragapult|Dragapult, F|100/100
|-damage|p1a: Dragapult|88/100|[from] Stealth Rock
|turn|11
|
|t:|1779888825
|move|p1a: Dragapult|Draco Meteor|p2a: Scrafty
|-damage|p2a: Scrafty|0 fnt
|-unboost|p1a: Dragapult|spa|2
|faint|p2a: Scrafty
|
|upkeep
|
|t:|1779888837
|switch|p2a: Conkeldurr|Conkeldurr, F|100/100
|-damage|p2a: Conkeldurr|94/100|[from] Stealth Rock
|turn|12
|
|t:|1779888853
|switch|p1a: Dragonite|Dragonite, M|49/100
|move|p2a: Conkeldurr|Ice Punch|p1a: Dragonite
|-supereffective|p1a: Dragonite
|-damage|p1a: Dragonite|0 fnt
|faint|p1a: Dragonite
|
|upkeep
|
|t:|1779888860
|switch|p1a: Great Tusk|Great Tusk|58/100
|-damage|p1a: Great Tusk|55/100|[from] Stealth Rock
|turn|13
|
|t:|1779888868
|-terastallize|p1a: Great Tusk|Water
|move|p1a: Great Tusk|Earthquake|p2a: Conkeldurr
|-damage|p2a: Conkeldurr|58/100
|move|p2a: Conkeldurr|Ice Punch|p1a: Great Tusk
|-resisted|p1a: Great Tusk
|-damage|p1a: Great Tusk|45/100
|
|upkeep
|turn|14
|
|t:|1779888877
|move|p1a: Great Tusk|Earthquake|p2a: Conkeldurr
|-damage|p2a: Conkeldurr|24/100
|move|p2a: Conkeldurr|Drain Punch|p1a: Great Tusk
|-damage|p1a: Great Tusk|25/100
|-heal|p2a: Conkeldurr|36/100|[from] drain|[of] p1a: Great Tusk
|
|upkeep
|turn|15
|
|t:|1779888892
|move|p1a: Great Tusk|Earthquake|p2a: Conkeldurr
|-damage|p2a: Conkeldurr|0 fnt
|faint|p2a: Conkeldurr
|
|upkeep
|inactive|Jules93 has 90 seconds left.
|
|t:|1779888905
|switch|p2a: Samurott|Samurott, M|100/100
|-damage|p2a: Samurott|88/100|[from] Stealth Rock
|turn|16
|
|t:|1779888914
|move|p1a: Great Tusk|Knock Off|p2a: Samurott
|-damage|p2a: Samurott|58/100
|-enditem|p2a: Samurott|Life Orb|[from] move: Knock Off|[of] p1a: Great Tusk
|move|p2a: Samurott|Sacred Sword|p1a: Great Tusk
|-crit|p1a: Great Tusk
|-damage|p1a: Great Tusk|6/100
|
|upkeep
|turn|17
|
|t:|1779888925
|move|p2a: Samurott|Aqua Jet|p1a: Great Tusk
|-resisted|p1a: Great Tusk
|-damage|p1a: Great Tusk|1/100
|move|p1a: Great Tusk|Earthquake|p2a: Samurott
|-damage|p2a: Samurott|12/100
|
|upkeep
|turn|18
|
|t:|1779888939
|move|p2a: Samurott|Aqua Jet|p1a: Great Tusk
|-resisted|p1a: Great Tusk
|-damage|p1a: Great Tusk|0 fnt
|faint|p1a: Great Tusk
|-end|p1a: Great Tusk|Protosynthesis|[silent]
|
|upkeep
|
|t:|1779888945
|switch|p1a: Dragapult|Dragapult, F|88/100
|-damage|p1a: Dragapult|76/100|[from] Stealth Rock
|turn|19
|
|t:|1779888953
|move|p2a: Samurott|Aqua Jet|p1a: Dragapult
|-resisted|p1a: Dragapult
|-damage|p1a: Dragapult|57/100
|move|p1a: Dragapult|Shadow Ball|p2a: Samurott
|-damage|p2a: Samurott|0 fnt
|faint|p2a: Samurott
|
|upkeep
|
|t:|1779888959
|switch|p2a: Reuniclus|Reuniclus, F|100/100
|turn|20
|inactive|Jules93 has 120 seconds left.
|
|t:|1779888974
|-terastallize|p2a: Reuniclus|Fighting
|move|p1a: Dragapult|Shadow Ball|p2a: Reuniclus
|-damage|p2a: Reuniclus|51/100
|move|p2a: Reuniclus|Calm Mind|p2a: Reuniclus
|-boost|p2a: Reuniclus|spa|1
|-boost|p2a: Reuniclus|spd|1
|
|upkeep
|turn|21
|inactive|Jules93 has 120 seconds left.
|
|t:|1779888988
|move|p1a: Dragapult|Shadow Ball|p2a: Reuniclus
|-damage|p2a: Reuniclus|17/100
|move|p2a: Reuniclus|Psychic|p1a: Dragapult
|-damage|p1a: Dragapult|0 fnt
|faint|p1a: Dragapult
|
|win|Jules93
|raw|d121212's rating: 1231 &rarr; <strong>1208</strong><br />(-23 for losing)
|raw|Jules93's rating: 1253 &rarr; <strong>1276</strong><br />(+23 for winning)
|l|☆Jules93
|player|p2|
|l|☆d121212
|player|p1|
