|j|☆LandorusDefender
|j|☆PikachuRTM
|t:|1779907254
|gametype|singles
|player|p1|LandorusDefender|102|1358
|player|p2|PikachuRTM|ltsurge|1393
|gen|9
|tier|[Gen 9] OU
|rated|
|rule|HP Percentage Mod: HP is shown in percentages
|rule|Endless Battle Clause: Forcing endless battles is banned
|rule|Species Clause: Limit one of each Pokémon
|rule|OHKO Clause: OHKO moves are banned
|rule|Evasion Items Clause: Evasion items are banned
|rule|Evasion Moves Clause: Evasion moves are banned
|rule|Evasion Abilities Clause: Evasion abilities are banned
|rule|Sleep Moves Clause: Sleep-inducing moves are banned
|clearpoke
|poke|p1|Regieleki|
|poke|p1|Kingambit, F|
|poke|p1|Cobalion|
|poke|p1|Gliscor, M|
|poke|p1|Kyurem|
|poke|p1|Primarina, F|
|poke|p2|Pikachu, M|
|poke|p2|Dragapult, M|
|poke|p2|Samurott-Hisui, M|
|poke|p2|Hatterene, F|
|poke|p2|Heatran, M|
|poke|p2|Great Tusk|
|teampreview
|inactive|Battle timer is ON: inactive players will automatically lose when time's up. (requested by LandorusDefender)
|
|t:|1779907275
|teamsize|p1|6
|teamsize|p2|6
|start
|switch|p1a: Cobalion|Cobalion|100/100
|switch|p2a: Sam|Samurott-Hisui, M|100/100
|turn|1
|
|t:|1779907291
|move|p1a: Cobalion|Iron Defense|p1a: Cobalion
|-boost|p1a: Cobalion|def|2
|move|p2a: Sam|Knock Off|p1a: Cobalion
|-resisted|p1a: Cobalion
|-damage|p1a: Cobalion|93/100
|-damage|p2a: Sam|84/100|[from] item: Rocky Helmet|[of] p1a: Cobalion
|-ability|p1a: Cobalion|Justified|boost
|-boost|p1a: Cobalion|atk|1
|-enditem|p1a: Cobalion|Rocky Helmet|[from] move: Knock Off|[of] p2a: Sam
|
|upkeep
|turn|2
|
|t:|1779907305
|switch|p2a: Hat in Time|Hatterene, F|100/100
|move|p1a: Cobalion|Body Press|p2a: Hat in Time
|-resisted|p2a: Hat in Time
|-crit|p2a: Hat in Time
|-damage|p2a: Hat in Time|79/100
|
|-heal|p2a: Hat in Time|85/100|[from] item: Leftovers
|upkeep
|turn|3
|
|t:|1779907308
|move|p1a: Cobalion|Iron Head|p2a: Hat in Time
|-supereffective|p2a: Hat in Time
|-damage|p2a: Hat in Time|16/100
|move|p2a: Hat in Time|Calm Mind|p2a: Hat in Time
|-boost|p2a: Hat in Time|spa|1
|-boost|p2a: Hat in Time|spd|1
|
|-heal|p2a: Hat in Time|22/100|[from] item: Leftovers
|upkeep
|turn|4
|
|t:|1779907314
|move|p1a: Cobalion|Iron Head|p2a: Hat in Time
|-supereffective|p2a: Hat in Time
|-damage|p2a: Hat in Time|0 fnt
|faint|p2a: Hat in Time
|
|upkeep
|
|t:|1779907317
|switch|p2a: Harry|Heatran, M|100/100
|turn|5
|
|t:|1779907320
|move|p1a: Cobalion|Body Press|p2a: Harry
|-supereffective|p2a: Harry
|-damage|p2a: Harry|0 fnt
|faint|p2a: Harry
|
|upkeep
|
|t:|1779907327
|switch|p2a: Dönphan|Great Tusk|100/100
|-enditem|p2a: Dönphan|Booster Energy
|-activate|p2a: Dönphan|ability: Protosynthesis|[fromitem]
|-start|p2a: Dönphan|protosynthesisspe
|turn|6
|
|t:|1779907333
|move|p2a: Dönphan|Bulk Up|p2a: Dönphan
|-boost|p2a: Dönphan|atk|1
|-boost|p2a: Dönphan|def|1
|move|p1a: Cobalion|Iron Defense|p1a: Cobalion
|-boost|p1a: Cobalion|def|2
|
|upkeep
|turn|7
|
|t:|1779907336
|move|p2a: Dönphan|Bulk Up|p2a: Dönphan
|-boost|p2a: Dönphan|atk|1
|-boost|p2a: Dönphan|def|1
|move|p1a: Cobalion|Iron Defense|p1a: Cobalion
|-boost|p1a: Cobalion|def|2
|
|upkeep
|turn|8
|
|t:|1779907340
|move|p2a: Dönphan|Bulk Up|p2a: Dönphan
|-boost|p2a: Dönphan|atk|1
|-boost|p2a: Dönphan|def|1
|move|p1a: Cobalion|Body Press|p2a: Dönphan
|-damage|p2a: Dönphan|68/100
|
|upkeep
|turn|9
|
|t:|1779907348
|-terastallize|p1a: Cobalion|Fairy
|move|p2a: Dönphan|Bulk Up|p2a: Dönphan
|-boost|p2a: Dönphan|atk|1
|-boost|p2a: Dönphan|def|1
|move|p1a: Cobalion|Body Press|p2a: Dönphan
|-damage|p2a: Dönphan|39/100
|
|upkeep
|turn|10
|
|t:|1779907360
|move|p2a: Dönphan|Ice Spinner|p1a: Cobalion
|-damage|p1a: Cobalion|79/100
|move|p1a: Cobalion|Body Press|p2a: Dönphan
|-damage|p2a: Dönphan|9/100
|
|upkeep
|turn|11
|
|t:|1779907365
|move|p2a: Dönphan|Headlong Rush|p1a: Cobalion
|-damage|p1a: Cobalion|50/100
|-unboost|p2a: Dönphan|def|1
|-unboost|p2a: Dönphan|spd|1
|move|p1a: Cobalion|Body Press|p2a: Dönphan
|-damage|p2a: Dönphan|0 fnt
|faint|p2a: Dönphan
|-end|p2a: Dönphan|Protosynthesis|[silent]
|
|upkeep
|
|t:|1779907373
|switch|p2a: Liftoff|Dragapult, M, shiny|100/100
|turn|12
|
|t:|1779907375
|move|p2a: Liftoff|Double-Edge|p1a: Cobalion
|-damage|p1a: Cobalion|39/100
|-damage|p2a: Liftoff|96/100|[from] Recoil
|move|p1a: Cobalion|Iron Head|p2a: Liftoff
|-damage|p2a: Liftoff|48/100
|
|upkeep
|turn|13
|
|t:|1779907382
|move|p2a: Liftoff|Double-Edge|p1a: Cobalion
|-damage|p1a: Cobalion|29/100
|-damage|p2a: Liftoff|44/100|[from] Recoil
|move|p1a: Cobalion|Iron Head|p2a: Liftoff
|-damage|p2a: Liftoff|0 fnt
|faint|p2a: Liftoff
|
|upkeep
|
|t:|1779907385
|switch|p2a: Derrick|Pikachu, M|100/100
|turn|14
|c|☆LandorusDefender|wtf
|
|t:|1779907391
|-terastallize|p2a: Derrick|Fairy
|move|p1a: Cobalion|Body Press|p2a: Derrick
|-resisted|p2a: Derrick
|-damage|p2a: Derrick|0 fnt
|faint|p2a: Derrick
|
|upkeep
|-message|PikachuRTM forfeited.
|
|win|LandorusDefender
|raw|LandorusDefender's rating: 1358 &rarr; <strong>1380</strong><br />(+22 for winning)
|raw|PikachuRTM's rating: 1393 &rarr; <strong>1371</strong><br />(-22 for losing)
|l|☆PikachuRTM
|player|p2|
|l|☆LandorusDefender
|player|p1|
