|j|☆POOPIEBUTTS
|j|☆JustMatMan
|t:|1779820774
|gametype|singles
|player|p1|POOPIEBUTTS|101|1197
|player|p2|JustMatMan|cheren|1194
|gen|9
|tier|[Gen 9] OU
|rated|
|rule|HP Percentage Mod: HP is shown in percentages
|rule|Endless Battle Clause: Forcing endless battles is banned
|rule|Species Clause: Limit one of each Pokémon
|rule|OHKO Clause: OHKO moves are banned
|rule|Evasion Items Clause: Evasion items are banned
|rule|Evasion Moves Clause: Evasion moves are banned
|rule|Evasion Abilities Clause: Evasion abilities are banned
|rule|Sleep Moves Clause: Sleep-inducing moves are banned
|clearpoke
|poke|p1|Gliscor, M|
|poke|p1|Gyarados, F|
|poke|p1|Maushold-Four|
|poke|p1|Clefable, M|
|poke|p1|Entei|
|poke|p1|Serperior, M|
|poke|p2|Pelipper, F|
|poke|p2|Manaphy|
|poke|p2|Kingdra, M|
|poke|p2|Barraskewda, F|
|poke|p2|Gastrodon-East, F|
|poke|p2|Azumarill, F|
|teampreview
|inactive|Battle timer is ON: inactive players will automatically lose when time's up. (requested by JustMatMan)
|c|☆POOPIEBUTTS|um..okay!
|
|t:|1779820797
|teamsize|p1|6
|teamsize|p2|6
|start
|switch|p1a: Gliscor|Gliscor, M, shiny|100/100
|switch|p2a: Pelipper|Pelipper, F|100/100
|-weather|RainDance|[from] ability: Drizzle|[of] p2a: Pelipper
|turn|1
|c|☆POOPIEBUTTS|ah RD team
|
|t:|1779820815
|move|p1a: Gliscor|Tailwind|p1a: Gliscor
|-sidestart|p1: POOPIEBUTTS|move: Tailwind
|move|p2a: Pelipper|Surf|p1a: Gliscor
|-supereffective|p1a: Gliscor
|-damage|p1a: Gliscor|0 fnt
|faint|p1a: Gliscor
|
|-weather|RainDance|[upkeep]
|upkeep
|c|☆JustMatMan|Mono water in fact
|inactive|POOPIEBUTTS has 120 seconds left.
|c|☆POOPIEBUTTS|i see, i thought you ut the wrong team in at first lol
|c|☆JustMatMan|You have quite the odd team a well mr. Poopiebutts
|c|☆POOPIEBUTTS|ty, its very vibes based
|
|t:|1779820858
|switch|p1a: Maushold|Maushold-Four, shiny|100/100
|turn|2
|
|t:|1779820863
|switch|p2a: Gastrodon|Gastrodon-East, F|100/100
|move|p1a: Maushold|Population Bomb|p2a: Gastrodon
|-damage|p2a: Gastrodon|89/100
|-damage|p1a: Maushold|84/100|[from] item: Rocky Helmet|[of] p2a: Gastrodon
|-damage|p2a: Gastrodon|76/100
|-damage|p1a: Maushold|67/100|[from] item: Rocky Helmet|[of] p2a: Gastrodon
|-damage|p2a: Gastrodon|62/100
|-damage|p1a: Maushold|51/100|[from] item: Rocky Helmet|[of] p2a: Gastrodon
|-damage|p2a: Gastrodon|50/100
|-damage|p1a: Maushold|34/100|[from] item: Rocky Helmet|[of] p2a: Gastrodon
|-damage|p2a: Gastrodon|37/100
|-damage|p1a: Maushold|17/100|[from] item: Rocky Helmet|[of] p2a: Gastrodon
|-damage|p2a: Gastrodon|25/100
|-damage|p1a: Maushold|1/100|[from] item: Rocky Helmet|[of] p2a: Gastrodon
|-damage|p2a: Gastrodon|12/100
|-damage|p1a: Maushold|0 fnt|[from] item: Rocky Helmet|[of] p2a: Gastrodon
|faint|p1a: Maushold
|-hitcount|p2a: Gastrodon|7
|
|-weather|RainDance|[upkeep]
|upkeep
|inactive|POOPIEBUTTS has 90 seconds left.
|
|t:|1779820889
|switch|p1a: Gyarados|Gyarados, F|100/100
|turn|3
|inactive|POOPIEBUTTS has 90 seconds left.
|
|t:|1779820895
|move|p1a: Gyarados|Ice Fang|p2a: Gastrodon
|-damage|p2a: Gastrodon|0 fnt
|-damage|p1a: Gyarados|84/100|[from] item: Rocky Helmet|[of] p2a: Gastrodon
|faint|p2a: Gastrodon
|-ability|p1a: Gyarados|Moxie|boost
|-boost|p1a: Gyarados|atk|1
|
|-weather|RainDance|[upkeep]
|-heal|p1a: Gyarados|90/100|[from] item: Leftovers
|upkeep
|
|t:|1779820904
|switch|p2a: Kingdra|Kingdra, M|100/100
|turn|4
|
|t:|1779820910
|move|p2a: Kingdra|Draco Meteor|p1a: Gyarados
|-damage|p1a: Gyarados|0 fnt
|-unboost|p2a: Kingdra|spa|2
|faint|p1a: Gyarados
|
|-weather|RainDance|[upkeep]
|-sideend|p1: POOPIEBUTTS|move: Tailwind
|upkeep
|
|t:|1779820922
|switch|p1a: Clefable|Clefable, M|100/100
|turn|5
|
|t:|1779820933
|switch|p2a: Azumarill|Azumarill, F|100/100
|move|p1a: Clefable|Calm Mind|p1a: Clefable
|-boost|p1a: Clefable|spa|1
|-boost|p1a: Clefable|spd|1
|
|-weather|RainDance|[upkeep]
|upkeep
|turn|6
|
|t:|1779820945
|move|p2a: Azumarill|Belly Drum|p2a: Azumarill
|-damage|p2a: Azumarill|50/100
|-setboost|p2a: Azumarill|atk|6|[from] move: Belly Drum
|-enditem|p2a: Azumarill|Sitrus Berry|[eat]
|-heal|p2a: Azumarill|75/100|[from] item: Sitrus Berry
|move|p1a: Clefable|Moonlight|p1a: Clefable
|-fail|p1a: Clefable|heal
|
|-weather|RainDance|[upkeep]
|upkeep
|turn|7
|
|t:|1779820959
|move|p2a: Azumarill|Liquidation|p1a: Clefable
|-damage|p1a: Clefable|42/100
|move|p1a: Clefable|Stored Power|p2a: Azumarill
|-crit|p2a: Azumarill
|-damage|p2a: Azumarill|40/100
|
|-weather|RainDance|[upkeep]
|-heal|p1a: Clefable|48/100|[from] item: Leftovers
|upkeep
|turn|8
|c|☆JustMatMan|Let's hope you're unaware
|c|☆JustMatMan|You are
|
|t:|1779820975
|move|p2a: Azumarill|Liquidation|p1a: Clefable
|-damage|p1a: Clefable|0 fnt
|faint|p1a: Clefable
|
|-weather|none
|upkeep
|c|☆POOPIEBUTTS|didnt play it right oof
|
|t:|1779820986
|switch|p1a: Serperior|Serperior, M|100/100
|turn|9
|
|t:|1779820992
|move|p2a: Azumarill|Aqua Jet|p1a: Serperior
|-resisted|p1a: Serperior
|-crit|p1a: Serperior
|-damage|p1a: Serperior|22/100
|move|p1a: Serperior|Leaf Storm|p2a: Azumarill
|-supereffective|p2a: Azumarill
|-damage|p2a: Azumarill|0 fnt
|-boost|p1a: Serperior|spa|2
|faint|p2a: Azumarill
|
|-heal|p1a: Serperior|28/100|[from] item: Leftovers
|upkeep
|
|t:|1779821006
|switch|p2a: Pelipper|Pelipper, F|100/100
|-weather|RainDance|[from] ability: Drizzle|[of] p2a: Pelipper
|turn|10
|inactive|POOPIEBUTTS has 120 seconds left.
|
|t:|1779821013
|move|p1a: Serperior|Protect|p1a: Serperior
|-singleturn|p1a: Serperior|Protect
|move|p2a: Pelipper|Hurricane|p1a: Serperior
|-activate|p1a: Serperior|move: Protect
|
|-weather|RainDance|[upkeep]
|-heal|p1a: Serperior|34/100|[from] item: Leftovers
|upkeep
|turn|11
|
|t:|1779821023
|move|p1a: Serperior|Glare|p2a: Pelipper
|-status|p2a: Pelipper|par
|move|p2a: Pelipper|U-turn|p1a: Serperior
|-supereffective|p1a: Serperior
|-damage|p1a: Serperior|17/100
|
|t:|1779821029
|switch|p2a: Barraskewda|Barraskewda, F|100/100|[from] U-turn
|
|-weather|RainDance|[upkeep]
|-heal|p1a: Serperior|23/100|[from] item: Leftovers
|upkeep
|turn|12
|
|t:|1779821038
|-terastallize|p2a: Barraskewda|Water
|move|p2a: Barraskewda|Liquidation|p1a: Serperior
|-resisted|p1a: Serperior
|-damage|p1a: Serperior|0 fnt
|faint|p1a: Serperior
|
|-weather|RainDance|[upkeep]
|upkeep
|c|☆JustMatMan|Might be a gg
|c|☆POOPIEBUTTS|yeah im cooked
|c|☆POOPIEBUTTS|gg
|
|t:|1779821052
|switch|p1a: Entei|Entei, shiny|100/100
|turn|13
|
|t:|1779821059
|move|p2a: Barraskewda|Liquidation|p1a: Entei
|-supereffective|p1a: Entei
|-damage|p1a: Entei|0 fnt
|faint|p1a: Entei
|
|win|JustMatMan
|raw|POOPIEBUTTS's rating: 1197 &rarr; <strong>1172</strong><br />(-25 for losing)
|raw|JustMatMan's rating: 1194 &rarr; <strong>1219</strong><br />(+25 for winning)
|l|☆POOPIEBUTTS
|player|p1|
|c|☆JustMatMan|gg
|l|☆JustMatMan
|player|p2|
