|j|☆A05236
|j|☆Abyssal Bot
|t:|1779820841
|gametype|singles
|player|p1|A05236|265|
|player|p2|Abyssal Bot|supernerd|
|teamsize|p1|6
|teamsize|p2|6
|gen|9
|tier|[Gen 9] OU
|rule|Species Clause: Limit one of each Pokémon
|rule|OHKO Clause: OHKO moves are banned
|rule|Evasion Items Clause: Evasion items are banned
|rule|Evasion Moves Clause: Evasion moves are banned
|rule|Endless Battle Clause: Forcing endless battles is banned
|rule|HP Percentage Mod: HP is shown in percentages
|rule|Sleep Moves Clause: Sleep-inducing moves are banned
|clearpoke
|poke|p1|Espeon, F|
|poke|p1|Azumarill, F|
|poke|p1|Altaria, F|
|poke|p1|Minun, F|
|poke|p1|Hitmonlee, M|
|poke|p1|Mew|
|poke|p2|Gholdengo|
|poke|p2|Ting-Lu|
|poke|p2|Deoxys-Speed|
|poke|p2|Garganacl, M|
|poke|p2|Ogerpon, F|
|poke|p2|Gliscor, F|
|teampreview
|c|☆Abyssal Bot|Good Luck and Have Fun my Friend!
|inactive|Battle timer is ON: inactive players will automatically lose when time's up. (requested by Abyssal Bot)
|j|*Turbo Bottttt
|
|t:|1779820844
|start
|switch|p1a: Espeon|Espeon, F|100/100
|switch|p2a: Deoxys|Deoxys-Speed|100/100
|-ability|p2a: Deoxys|Pressure
|turn|1
|
|t:|1779820849
|move|p2a: Deoxys|Knock Off|p1a: Espeon
|-supereffective|p1a: Espeon
|-damage|p1a: Espeon|14/100
|-enditem|p1a: Espeon|Light Clay|[from] move: Knock Off|[of] p2a: Deoxys
|move|p1a: Espeon|Thunder Wave|p2a: Deoxys
|-status|p2a: Deoxys|par
|
|upkeep
|turn|2
|
|t:|1779820859
|move|p1a: Espeon|Light Screen|p1a: Espeon
|-sidestart|p1: A05236|move: Light Screen
|move|p2a: Deoxys|Knock Off|p1a: Espeon
|-supereffective|p1a: Espeon
|-damage|p1a: Espeon|0
|faint|p1a: Espeon
|
|upkeep
|
|t:|1779820877
|switch|p1a: Hitmonlee|Hitmonlee, M|100/100
|turn|3
|
|t:|1779820879
|move|p1a: Hitmonlee|Knock Off|p2a: Deoxys
|-supereffective|p2a: Deoxys
|-damage|p2a: Deoxys|0 par
|-enditem|p2a: Deoxys|Heavy-Duty Boots|[from] move: Knock Off|[of] p1a: Hitmonlee
|faint|p2a: Deoxys
|
|upkeep
|
|t:|1779820879
|switch|p2a: Gholdengo|Gholdengo|100/100
|turn|4
|
|t:|1779820884
|move|p1a: Hitmonlee|Knock Off|p2a: Gholdengo
|-supereffective|p2a: Gholdengo
|-damage|p2a: Gholdengo|50/100
|-enditem|p2a: Gholdengo|Heavy-Duty Boots|[from] move: Knock Off|[of] p1a: Hitmonlee
|move|p2a: Gholdengo|Hex|p1a: Hitmonlee
|-damage|p1a: Hitmonlee|81/100
|
|upkeep
|turn|5
|
|t:|1779820888
|move|p1a: Hitmonlee|Bulk Up|p1a: Hitmonlee
|-boost|p1a: Hitmonlee|atk|1
|-boost|p1a: Hitmonlee|def|1
|move|p2a: Gholdengo|Focus Blast|p1a: Hitmonlee|[miss]
|-miss|p2a: Gholdengo|p1a: Hitmonlee
|
|upkeep
|turn|6
|c|☆Abyssal Bot|Uh Gholdengo, you're as blind as Deino...
|
|t:|1779820892
|move|p1a: Hitmonlee|Knock Off|p2a: Gholdengo
|-supereffective|p2a: Gholdengo
|-damage|p2a: Gholdengo|0
|faint|p2a: Gholdengo
|
|-sideend|p1: A05236|move: Light Screen
|upkeep
|
|t:|1779820892
|switch|p2a: Gliscor|Gliscor, F|100/100
|turn|7
|
|t:|1779820895
|move|p2a: Gliscor|Protect|p2a: Gliscor
|-singleturn|p2a: Gliscor|Protect
|move|p1a: Hitmonlee|Knock Off|p2a: Gliscor
|-activate|p2a: Gliscor|move: Protect
|
|-status|p2a: Gliscor|tox|[from] item: Toxic Orb
|upkeep
|turn|8
|
|t:|1779820900
|switch|p1a: Altaria|Altaria, F|100/100
|move|p2a: Gliscor|Toxic|p1a: Altaria
|-status|p1a: Altaria|tox
|
|-damage|p1a: Altaria|94/100 tox|[from] psn|[of] p2a: Gliscor
|upkeep
|turn|9
|
|t:|1779820903
|switch|p2a: Garganacl|Garganacl, M|100/100
|move|p1a: Altaria|Ice Beam|p2a: Garganacl
|-damage|p2a: Garganacl|82/100
|
|-heal|p2a: Garganacl|88/100|[from] item: Leftovers
|-damage|p1a: Altaria|82/100 tox|[from] psn|[of] p2: Gliscor
|upkeep
|turn|10
|
|t:|1779820912
|move|p1a: Altaria|Ice Beam|p2a: Garganacl
|-damage|p2a: Garganacl|70/100
|move|p2a: Garganacl|Salt Cure|p1a: Altaria
|-supereffective|p1a: Altaria
|-damage|p1a: Altaria|54/100 tox
|-start|p1a: Altaria|Salt Cure
|
|-heal|p2a: Garganacl|76/100|[from] item: Leftovers
|-damage|p1a: Altaria|36/100 tox|[from] psn|[of] p2: Gliscor
|-damage|p1a: Altaria|23/100 tox|[from] Salt Cure|[of] p2a: Garganacl
|upkeep
|turn|11
|
|t:|1779820914
|move|p1a: Altaria|Ice Beam|p2a: Garganacl
|-damage|p2a: Garganacl|58/100
|move|p2a: Garganacl|Salt Cure|p1a: Altaria
|-supereffective|p1a: Altaria
|-damage|p1a: Altaria|0 tox
|faint|p1a: Altaria
|
|-heal|p2a: Garganacl|64/100|[from] item: Leftovers
|upkeep
|
|t:|1779820920
|switch|p1a: Minun|Minun, F|100/100
|turn|12
|
|t:|1779820922
|switch|p2a: Ting-Lu|Ting-Lu|100/100
|-ability|p2a: Ting-Lu|Vessel of Ruin
|move|p1a: Minun|Nasty Plot|p1a: Minun
|-boost|p1a: Minun|spa|2
|
|upkeep
|turn|13
|
|t:|1779820928
|move|p1a: Minun|Alluring Voice|p2a: Ting-Lu
|-supereffective|p2a: Ting-Lu
|-damage|p2a: Ting-Lu|69/100
|move|p2a: Ting-Lu|Whirlwind|p1a: Minun
|drag|p1a: Mew|Mew|100/100
|
|upkeep
|turn|14
|
|t:|1779820932
|move|p1a: Mew|Grassy Terrain|p1a: Mew
|-fieldstart|move: Grassy Terrain
|move|p2a: Ting-Lu|Spikes|p1a: Mew
|-sidestart|p1: A05236|Spikes
|
|-heal|p2a: Ting-Lu|76/100|[from] Grassy Terrain
|upkeep
|turn|15
|
|t:|1779820934
|move|p1a: Mew|Calm Mind|p1a: Mew
|-boost|p1a: Mew|spa|1
|-boost|p1a: Mew|spd|1
|move|p2a: Ting-Lu|Earthquake|p1a: Mew
|-damage|p1a: Mew|88/100
|
|-heal|p1a: Mew|95/100|[from] Grassy Terrain
|-heal|p2a: Ting-Lu|82/100|[from] Grassy Terrain
|upkeep
|turn|16
|
|t:|1779820936
|move|p1a: Mew|Giga Drain|p2a: Ting-Lu
|-supereffective|p2a: Ting-Lu
|-damage|p2a: Ting-Lu|55/100
|-heal|p1a: Mew|100/100|[from] drain|[of] p2a: Ting-Lu
|move|p2a: Ting-Lu|Earthquake|p1a: Mew
|-damage|p1a: Mew|89/100
|
|-heal|p1a: Mew|96/100|[from] Grassy Terrain
|-heal|p2a: Ting-Lu|61/100|[from] Grassy Terrain
|upkeep
|turn|17
|
|t:|1779820938
|move|p1a: Mew|Giga Drain|p2a: Ting-Lu
|-supereffective|p2a: Ting-Lu
|-damage|p2a: Ting-Lu|35/100
|-heal|p1a: Mew|100/100|[from] drain|[of] p2a: Ting-Lu
|move|p2a: Ting-Lu|Earthquake|p1a: Mew
|-damage|p1a: Mew|89/100
|
|-heal|p1a: Mew|95/100|[from] Grassy Terrain
|-heal|p2a: Ting-Lu|41/100|[from] Grassy Terrain
|upkeep
|turn|18
|
|t:|1779820941
|move|p1a: Mew|Giga Drain|p2a: Ting-Lu
|-supereffective|p2a: Ting-Lu
|-damage|p2a: Ting-Lu|14/100
|-heal|p1a: Mew|100/100|[from] drain|[of] p2a: Ting-Lu
|move|p2a: Ting-Lu|Spikes|p1a: Mew
|-sidestart|p1: A05236|Spikes
|
|-heal|p2a: Ting-Lu|20/100|[from] Grassy Terrain
|upkeep
|turn|19
|
|t:|1779820943
|move|p1a: Mew|Giga Drain|p2a: Ting-Lu
|-supereffective|p2a: Ting-Lu
|-damage|p2a: Ting-Lu|0
|faint|p2a: Ting-Lu
|
|upkeep
|
|t:|1779820943
|switch|p2a: Ogerpon|Ogerpon, F|100/100
|turn|20
|
|t:|1779820946
|move|p2a: Ogerpon|U-turn|p1a: Mew
|-supereffective|p1a: Mew
|-damage|p1a: Mew|72/100
|
|t:|1779820946
|switch|p2a: Gliscor|Gliscor, F|100/100 tox|[from] U-turn
|move|p1a: Mew|Psychic Noise|p2a: Gliscor
|-damage|p2a: Gliscor|66/100 tox
|-start|p2a: Gliscor|move: Heal Block
|
|-heal|p1a: Mew|78/100|[from] Grassy Terrain
|upkeep
|turn|21
|
|t:|1779820950
|switch|p2a: Ogerpon|Ogerpon, F|100/100
|move|p1a: Mew|Giga Drain|p2a: Ogerpon
|-resisted|p2a: Ogerpon
|-damage|p2a: Ogerpon|79/100
|-heal|p1a: Mew|86/100|[from] drain|[of] p2a: Ogerpon
|
|-heal|p2a: Ogerpon|85/100|[from] Grassy Terrain
|-heal|p1a: Mew|92/100|[from] Grassy Terrain
|-fieldend|move: Grassy Terrain
|upkeep
|turn|22
|
|t:|1779820953
|move|p2a: Ogerpon|Knock Off|p1a: Mew
|-supereffective|p1a: Mew
|-damage|p1a: Mew|55/100
|-enditem|p1a: Mew|Terrain Extender|[from] move: Knock Off|[of] p2a: Ogerpon
|move|p1a: Mew|Psychic Noise|p2a: Ogerpon
|-damage|p2a: Ogerpon|40/100
|-start|p2a: Ogerpon|move: Heal Block
|
|upkeep
|turn|23
|
|t:|1779820957
|move|p2a: Ogerpon|Ivy Cudgel|p1a: Mew
|-damage|p1a: Mew|25/100
|move|p1a: Mew|Psychic Noise|p2a: Ogerpon
|-damage|p2a: Ogerpon|0
|faint|p2a: Ogerpon
|
|upkeep
|
|t:|1779820957
|switch|p2a: Gliscor|Gliscor, F|66/100 tox
|turn|24
|
|t:|1779820961
|move|p1a: Mew|Grassy Terrain|p1a: Mew
|-fieldstart|move: Grassy Terrain
|move|p2a: Gliscor|Earthquake|p1a: Mew
|-damage|p1a: Mew|15/100
|
|-heal|p1a: Mew|22/100|[from] Grassy Terrain
|-heal|p2a: Gliscor|78/100 tox|[from] ability: Poison Heal
|upkeep
|turn|25
|
|t:|1779820964
|move|p1a: Mew|Giga Drain|p2a: Gliscor
|-damage|p2a: Gliscor|50/100 tox
|-heal|p1a: Mew|34/100|[from] drain|[of] p2a: Gliscor
|move|p2a: Gliscor|U-turn|p1a: Mew
|-supereffective|p1a: Mew
|-damage|p1a: Mew|14/100
|
|t:|1779820964
|switch|p2a: Garganacl|Garganacl, M|64/100|[from] U-turn
|
|-heal|p1a: Mew|21/100|[from] Grassy Terrain
|-heal|p2a: Garganacl|70/100|[from] Grassy Terrain
|-heal|p2a: Garganacl|76/100|[from] item: Leftovers
|upkeep
|turn|26
|
|t:|1779820969
|switch|p2a: Gliscor|Gliscor, F|50/100 tox
|move|p1a: Mew|Giga Drain|p2a: Gliscor
|-damage|p2a: Gliscor|20/100 tox
|-heal|p1a: Mew|34/100|[from] drain|[of] p2a: Gliscor
|
|-heal|p1a: Mew|40/100|[from] Grassy Terrain
|-heal|p2a: Gliscor|32/100 tox|[from] ability: Poison Heal
|upkeep
|turn|27
|
|t:|1779820974
|move|p1a: Mew|Psychic Noise|p2a: Gliscor
|-damage|p2a: Gliscor|2/100 tox
|-start|p2a: Gliscor|move: Heal Block
|move|p2a: Gliscor|U-turn|p1a: Mew
|-supereffective|p1a: Mew
|-crit|p1a: Mew
|-damage|p1a: Mew|12/100
|c|☆Abyssal Bot|YASS!
|
|t:|1779820975
|switch|p2a: Garganacl|Garganacl, M|76/100|[from] U-turn
|
|-heal|p1a: Mew|18/100|[from] Grassy Terrain
|-heal|p2a: Garganacl|82/100|[from] Grassy Terrain
|-heal|p2a: Garganacl|89/100|[from] item: Leftovers
|upkeep
|turn|28
|
|t:|1779820979
|move|p2a: Garganacl|Protect|p2a: Garganacl
|-singleturn|p2a: Garganacl|Protect
|move|p1a: Mew|Giga Drain|p2a: Garganacl
|-activate|p2a: Garganacl|move: Protect
|
|-heal|p1a: Mew|24/100|[from] Grassy Terrain
|-heal|p2a: Garganacl|95/100|[from] Grassy Terrain
|-heal|p2a: Garganacl|100/100|[from] item: Leftovers
|-fieldend|move: Grassy Terrain
|upkeep
|turn|29
|
|t:|1779820984
|switch|p2a: Gliscor|Gliscor, F|2/100 tox
|move|p1a: Mew|Giga Drain|p2a: Gliscor
|-damage|p2a: Gliscor|0 tox
|-heal|p1a: Mew|25/100|[from] drain|[of] p2a: Gliscor
|faint|p2a: Gliscor
|
|upkeep
|
|t:|1779820984
|switch|p2a: Garganacl|Garganacl, M|100/100
|turn|30
|
|t:|1779820988
|move|p1a: Mew|Grassy Terrain|p1a: Mew
|-fieldstart|move: Grassy Terrain
|move|p2a: Garganacl|Salt Cure|p1a: Mew
|-damage|p1a: Mew|16/100
|-start|p1a: Mew|Salt Cure
|
|-heal|p1a: Mew|22/100|[from] Grassy Terrain
|-damage|p1a: Mew|10/100|[from] Salt Cure|[of] p2a: Garganacl
|upkeep
|turn|31
|
|t:|1779820991
|move|p1a: Mew|Giga Drain|p2a: Garganacl
|-supereffective|p2a: Garganacl
|-damage|p2a: Garganacl|44/100
|-heal|p1a: Mew|38/100|[from] drain|[of] p2a: Garganacl
|move|p2a: Garganacl|Salt Cure|p1a: Mew
|-damage|p1a: Mew|29/100
|
|-heal|p1a: Mew|35/100|[from] Grassy Terrain
|-heal|p2a: Garganacl|50/100|[from] Grassy Terrain
|-heal|p2a: Garganacl|56/100|[from] item: Leftovers
|-damage|p1a: Mew|23/100|[from] Salt Cure|[of] p2a: Garganacl
|upkeep
|turn|32
|
|t:|1779821002
|move|p1a: Mew|Giga Drain|p2a: Garganacl
|-supereffective|p2a: Garganacl
|-damage|p2a: Garganacl|0
|-heal|p1a: Mew|51/100|[from] drain|[of] p2a: Garganacl
|faint|p2a: Garganacl
|
|win|A05236
|c|☆Abyssal Bot|Oh, I lost. Good Game.
|l|☆Abyssal Bot
|player|p2|
|l|*Turbo Bottttt
