|j|‽aaagislash
|j|☆ChriszGOAT
|t:|1779847092
|gametype|singles
|player|p1|aaagislash|266|1641
|player|p2|ChriszGOAT|crasherwake|1594
|gen|9
|tier|[Gen 9] OU
|rated|
|rule|HP Percentage Mod: HP is shown in percentages
|rule|Endless Battle Clause: Forcing endless battles is banned
|rule|Species Clause: Limit one of each Pokémon
|rule|OHKO Clause: OHKO moves are banned
|rule|Evasion Items Clause: Evasion items are banned
|rule|Evasion Moves Clause: Evasion moves are banned
|rule|Evasion Abilities Clause: Evasion abilities are banned
|rule|Sleep Moves Clause: Sleep-inducing moves are banned
|clearpoke
|poke|p1|Primarina, F|
|poke|p1|Hydrapple, F|
|poke|p1|Alomomola, F|
|poke|p1|Mesprit|
|poke|p1|Cinderace, M|
|poke|p1|Samurott-Hisui, M|
|poke|p2|Tyranitar, M|
|poke|p2|Excadrill, M|
|poke|p2|Moltres|
|poke|p2|Dragapult, F|
|poke|p2|Ogerpon-Wellspring, F|
|poke|p2|Iron Treads|
|teampreview
|
|t:|1779847120
|teamsize|p1|6
|teamsize|p2|6
|start
|switch|p1a: Mesprit|Mesprit|100/100
|switch|p2a: Dragapult|Dragapult, F|100/100
|turn|1
|
|t:|1779847142
|-terastallize|p1a: Mesprit|Steel
|move|p2a: Dragapult|U-turn|p1a: Mesprit
|-resisted|p1a: Mesprit
|-damage|p1a: Mesprit|95/100
|
|t:|1779847145
|switch|p2a: Tyranitar|Tyranitar, M|100/100|[from] U-turn
|-weather|Sandstorm|[from] ability: Sand Stream|[of] p2a: Tyranitar
|move|p1a: Mesprit|Stealth Rock|p2a: Tyranitar
|-sidestart|p2: ChriszGOAT|move: Stealth Rock
|
|-weather|Sandstorm|[upkeep]
|upkeep
|turn|2
|
|t:|1779847150
|move|p1a: Mesprit|U-turn|p2a: Tyranitar
|-supereffective|p2a: Tyranitar
|-damage|p2a: Tyranitar|77/100
|
|t:|1779847154
|switch|p1a: Hydrapple|Hydrapple, F|100/100|[from] U-turn
|move|p2a: Tyranitar|Stealth Rock|p1a: Hydrapple
|-sidestart|p1: aaagislash|move: Stealth Rock
|
|-weather|Sandstorm|[upkeep]
|-damage|p1a: Hydrapple|94/100|[from] Sandstorm
|upkeep
|turn|3
|
|t:|1779847161
|move|p2a: Tyranitar|Ice Beam|p1a: Hydrapple
|-supereffective|p1a: Hydrapple
|-damage|p1a: Hydrapple|18/100
|move|p1a: Hydrapple|Dragon Tail|p2a: Tyranitar
|-damage|p2a: Tyranitar|66/100
|drag|p2a: Dragapult|Dragapult, F|100/100
|
|-weather|Sandstorm|[upkeep]
|-damage|p2a: Dragapult|95/100|[from] Sandstorm
|-damage|p1a: Hydrapple|12/100|[from] Sandstorm
|upkeep
|turn|4
|
|t:|1779847175
|switch|p1a: Cinderace|Cinderace, M|100/100
|move|p2a: Dragapult|U-turn|p1a: Cinderace
|-resisted|p1a: Cinderace
|-damage|p1a: Cinderace|91/100
|
|t:|1779847181
|switch|p2a: Excadrill|Excadrill, M|100/100|[from] U-turn
|-damage|p2a: Excadrill|97/100|[from] Stealth Rock
|-item|p2a: Excadrill|Air Balloon
|
|-weather|Sandstorm|[upkeep]
|-damage|p1a: Cinderace|85/100|[from] Sandstorm
|upkeep
|turn|5
|
|t:|1779847217
|switch|p2a: Moltres|Moltres|100/100
|switch|p1a: Mesprit|Mesprit, tera:Steel|95/100
|
|-weather|Sandstorm|[upkeep]
|-damage|p2a: Moltres|94/100|[from] Sandstorm
|upkeep
|turn|6
|
|t:|1779847229
|switch|p1a: Cinderace|Cinderace, M|85/100
|move|p2a: Moltres|Flamethrower|p1a: Cinderace
|-resisted|p1a: Cinderace
|-crit|p1a: Cinderace
|-damage|p1a: Cinderace|51/100
|
|-weather|Sandstorm|[upkeep]
|-damage|p1a: Cinderace|45/100|[from] Sandstorm
|-damage|p2a: Moltres|88/100|[from] Sandstorm
|upkeep
|turn|7
|
|t:|1779847240
|switch|p1a: Alomomola|Alomomola, F|100/100
|move|p2a: Moltres|U-turn|p1a: Alomomola
|-damage|p1a: Alomomola|90/100
|
|t:|1779847244
|switch|p2a: Ogerpon|Ogerpon-Wellspring, F|100/100|[from] U-turn
|-damage|p2a: Ogerpon|88/100|[from] Stealth Rock
|
|-weather|Sandstorm|[upkeep]
|-damage|p2a: Ogerpon|82/100|[from] Sandstorm
|-damage|p1a: Alomomola|84/100|[from] Sandstorm
|upkeep
|turn|8
|
|t:|1779847256
|switch|p1a: Mesprit|Mesprit, tera:Steel|95/100
|move|p2a: Ogerpon|Swords Dance|p2a: Ogerpon
|-boost|p2a: Ogerpon|atk|2
|
|-weather|none
|upkeep
|turn|9
|
|t:|1779847261
|move|p2a: Ogerpon|Ivy Cudgel|p1a: Mesprit|[anim] Ivy Cudgel Water
|-damage|p1a: Mesprit|0 fnt
|faint|p1a: Mesprit
|
|upkeep
|-message|aaagislash forfeited.
|
|win|ChriszGOAT
|raw|aaagislash's rating: 1641 &rarr; <strong>1618</strong><br />(-23 for losing)
|raw|ChriszGOAT's rating: 1594 &rarr; <strong>1617</strong><br />(+23 for winning)
|l|‽aaagislash
|player|p1|
|l|☆ChriszGOAT
|player|p2|
