|j|☆krookodile fangirl
|j|☆flamesjefferyx
|t:|1779809963
|gametype|singles
|player|p1|krookodile fangirl|roughneck|1241
|player|p2|flamesjefferyx|zinnia|1214
|gen|9
|tier|[Gen 9] OU
|rated|
|rule|HP Percentage Mod: HP is shown in percentages
|rule|Endless Battle Clause: Forcing endless battles is banned
|rule|Species Clause: Limit one of each Pokémon
|rule|OHKO Clause: OHKO moves are banned
|rule|Evasion Items Clause: Evasion items are banned
|rule|Evasion Moves Clause: Evasion moves are banned
|rule|Evasion Abilities Clause: Evasion abilities are banned
|rule|Sleep Moves Clause: Sleep-inducing moves are banned
|clearpoke
|poke|p1|Krookodile, M|
|poke|p1|Deoxys-Speed|
|poke|p1|Trevenant, F|
|poke|p1|Iron Moth|
|poke|p1|Primarina, M|
|poke|p1|Corviknight, F|
|poke|p2|Pelipper, M|
|poke|p2|Raging Bolt|
|poke|p2|Overqwil, F|
|poke|p2|Iron Treads|
|poke|p2|Kingambit, M|
|poke|p2|Kingdra, M|
|teampreview
|inactive|Battle timer is ON: inactive players will automatically lose when time's up. (requested by flamesjefferyx)
|c|☆flamesjefferyx|Glhf stinky
|
|t:|1779809987
|teamsize|p1|6
|teamsize|p2|6
|start
|switch|p1a: Aura Farmer|Iron Moth|100/100
|switch|p2a: dog|Overqwil, F|100/100
|turn|1
|c|☆krookodile fangirl|You to bozo
|
|t:|1779810001
|move|p1a: Aura Farmer|Fiery Dance|p2a: dog
|-damage|p2a: dog|38/100
|move|p2a: dog|Liquidation|p1a: Aura Farmer
|-supereffective|p1a: Aura Farmer
|-damage|p1a: Aura Farmer|0 fnt
|faint|p1a: Aura Farmer
|-end|p1a: Aura Farmer|Quark Drive|[silent]
|-damage|p2a: dog|28/100|[from] item: Life Orb
|
|upkeep
|
|t:|1779810007
|switch|p1a: Reptar|Krookodile, M, shiny|100/100
|turn|2
|
|t:|1779810015
|switch|p2a: cat|Pelipper, M|100/100
|-weather|RainDance|[from] ability: Drizzle|[of] p2a: cat
|move|p1a: Reptar|Knock Off|p2a: cat
|-damage|p2a: cat|66/100
|-enditem|p2a: cat|Damp Rock|[from] move: Knock Off|[of] p1a: Reptar
|
|-weather|RainDance|[upkeep]
|upkeep
|turn|3
|
|t:|1779810018
|switch|p1a: Meta Slave|Corviknight, F|100/100
|move|p2a: cat|U-turn|p1a: Meta Slave
|-resisted|p1a: Meta Slave
|-damage|p1a: Meta Slave|99/100
|-damage|p2a: cat|50/100|[from] item: Rocky Helmet|[of] p1a: Meta Slave
|
|t:|1779810022
|switch|p2a: rabbit|Raging Bolt|100/100|[from] U-turn
|-enditem|p2a: rabbit|Booster Energy
|-activate|p2a: rabbit|ability: Protosynthesis|[fromitem]
|-start|p2a: rabbit|protosynthesisspa
|
|-weather|RainDance|[upkeep]
|upkeep
|turn|4
|
|t:|1779810026
|move|p2a: rabbit|Thunder|p1a: Meta Slave
|-supereffective|p1a: Meta Slave
|-damage|p1a: Meta Slave|0 fnt
|faint|p1a: Meta Slave
|
|-weather|RainDance|[upkeep]
|upkeep
|
|t:|1779810029
|switch|p1a: Invader Zim|Deoxys-Speed, shiny|100/100
|-ability|p1a: Invader Zim|Pressure
|turn|5
|
|t:|1779810034
|-terastallize|p1a: Invader Zim|Stellar
|move|p1a: Invader Zim|Ice Beam|p2a: rabbit
|-supereffective|p2a: rabbit
|-damage|p2a: rabbit|27/100
|-damage|p1a: Invader Zim|90/100|[from] item: Life Orb
|move|p2a: rabbit|Weather Ball|p1a: Invader Zim
|-damage|p1a: Invader Zim|0 fnt
|faint|p1a: Invader Zim
|
|-weather|RainDance|[upkeep]
|upkeep
|
|t:|1779810040
|switch|p1a: Reptar|Krookodile, M, shiny|100/100
|turn|6
|
|t:|1779810045
|move|p1a: Reptar|Knock Off|p2a: rabbit
|-damage|p2a: rabbit|0 fnt
|faint|p2a: rabbit
|-end|p2a: rabbit|Protosynthesis|[silent]
|-ability|p1a: Reptar|Moxie|boost
|-boost|p1a: Reptar|atk|1
|
|-weather|RainDance|[upkeep]
|upkeep
|
|t:|1779810048
|switch|p2a: gay|Kingdra, M|100/100
|turn|7
|
|t:|1779810051
|switch|p1a: Monster House|Trevenant, F, shiny|100/100
|move|p2a: gay|Weather Ball|p1a: Monster House
|-resisted|p1a: Monster House
|-damage|p1a: Monster House|47/100
|-enditem|p1a: Monster House|Sitrus Berry|[eat]
|-heal|p1a: Monster House|72/100|[from] item: Sitrus Berry
|
|-weather|RainDance|[upkeep]
|-item|p1a: Monster House|Sitrus Berry|[from] ability: Harvest
|upkeep
|turn|8
|
|t:|1779810056
|switch|p2a: man|Iron Treads|100/100
|-enditem|p2a: man|Booster Energy
|-activate|p2a: man|ability: Quark Drive|[fromitem]
|-start|p2a: man|quarkdrivespe
|switch|p1a: Twink Femboy|Primarina, M|100/100
|
|-weather|RainDance|[upkeep]
|upkeep
|turn|9
|
|t:|1779810059
|move|p2a: man|Stealth Rock|p1a: Twink Femboy
|-sidestart|p1: krookodile fangirl|move: Stealth Rock
|move|p1a: Twink Femboy|Psychic Noise|p2a: man
|-supereffective|p2a: man
|-damage|p2a: man|0 fnt
|faint|p2a: man
|-end|p2a: man|Quark Drive|[silent]
|
|-weather|none
|upkeep
|
|t:|1779810063
|switch|p2a: cat|Pelipper, M|50/100
|-weather|RainDance|[from] ability: Drizzle|[of] p2a: cat
|turn|10
|
|t:|1779810066
|move|p1a: Twink Femboy|Draining Kiss|p2a: cat
|-damage|p2a: cat|9/100
|move|p2a: cat|U-turn|p1a: Twink Femboy
|-resisted|p1a: Twink Femboy
|-damage|p1a: Twink Femboy|95/100
|
|t:|1779810082
|switch|p2a: dog|Overqwil, F|28/100|[from] U-turn
|
|-weather|RainDance|[upkeep]
|upkeep
|turn|11
|
|t:|1779810084
|move|p2a: dog|Gunk Shot|p1a: Twink Femboy
|-supereffective|p1a: Twink Femboy
|-damage|p1a: Twink Femboy|0 fnt
|faint|p1a: Twink Femboy
|-damage|p2a: dog|18/100|[from] item: Life Orb
|
|-weather|RainDance|[upkeep]
|upkeep
|
|t:|1779810087
|switch|p1a: Monster House|Trevenant, F, shiny|72/100
|-damage|p1a: Monster House|59/100|[from] Stealth Rock
|turn|12
|
|t:|1779810091
|switch|p2a: woman|Kingambit, M, shiny|100/100
|-activate|p2a: woman|ability: Supreme Overlord
|-start|p2a: woman|fallen2|[silent]
|move|p1a: Monster House|Protect||[still]
|-fail|p1a: Monster House
|
|-weather|RainDance|[upkeep]
|upkeep
|turn|13
|
|t:|1779810096
|move|p1a: Monster House|Will-O-Wisp|p2a: woman
|-status|p2a: woman|brn
|move|p2a: woman|Kowtow Cleave|p1a: Monster House
|-supereffective|p1a: Monster House
|-damage|p1a: Monster House|0 fnt
|faint|p1a: Monster House
|
|-weather|RainDance|[upkeep]
|-damage|p2a: woman|94/100 brn|[from] brn
|upkeep
|
|t:|1779810099
|switch|p1a: Reptar|Krookodile, M, shiny|100/100
|-damage|p1a: Reptar|94/100|[from] Stealth Rock
|turn|14
|
|t:|1779810103
|move|p1a: Reptar|Close Combat|p2a: woman
|-supereffective|p2a: woman
|-damage|p2a: woman|0 fnt
|-unboost|p1a: Reptar|def|1
|-unboost|p1a: Reptar|spd|1
|faint|p2a: woman
|-end|p2a: woman|fallen2|[silent]
|-ability|p1a: Reptar|Moxie|boost
|-boost|p1a: Reptar|atk|1
|
|-weather|none
|upkeep
|
|t:|1779810107
|switch|p2a: cat|Pelipper, M|9/100
|-weather|RainDance|[from] ability: Drizzle|[of] p2a: cat
|turn|15
|
|t:|1779810109
|move|p1a: Reptar|Close Combat|p2a: cat
|-resisted|p2a: cat
|-damage|p2a: cat|0 fnt
|-unboost|p1a: Reptar|def|1
|-unboost|p1a: Reptar|spd|1
|faint|p2a: cat
|-ability|p1a: Reptar|Moxie|boost
|-boost|p1a: Reptar|atk|1
|
|-weather|RainDance|[upkeep]
|upkeep
|
|t:|1779810113
|switch|p2a: gay|Kingdra, M|100/100
|turn|16
|
|t:|1779810123
|-terastallize|p2a: gay|Water
|move|p2a: gay|Weather Ball|p1a: Reptar
|-supereffective|p1a: Reptar
|-damage|p1a: Reptar|0 fnt
|faint|p1a: Reptar
|
|win|flamesjefferyx
|raw|krookodile fangirl's rating: 1241 &rarr; <strong>1214</strong><br />(-27 for losing)
|raw|flamesjefferyx's rating: 1214 &rarr; <strong>1241</strong><br />(+27 for winning)
|l|☆krookodile fangirl
|player|p1|
|c|☆flamesjefferyx|Gg bozo
