|j|☆Supa Dupa Hoopa
|j|☆1000TURNSFR
|t:|1779854133
|gametype|singles
|player|p1|Supa Dupa Hoopa|102|1549
|player|p2|1000TURNSFR|ghetsis|1631
|gen|9
|tier|[Gen 9] OU
|rated|
|rule|HP Percentage Mod: HP is shown in percentages
|rule|Endless Battle Clause: Forcing endless battles is banned
|rule|Species Clause: Limit one of each Pokémon
|rule|OHKO Clause: OHKO moves are banned
|rule|Evasion Items Clause: Evasion items are banned
|rule|Evasion Moves Clause: Evasion moves are banned
|rule|Evasion Abilities Clause: Evasion abilities are banned
|rule|Sleep Moves Clause: Sleep-inducing moves are banned
|clearpoke
|poke|p1|Serperior, M|
|poke|p1|Cinderace, M|
|poke|p1|Corviknight, F|
|poke|p1|Alomomola, M|
|poke|p1|Ditto|
|poke|p1|Toxtricity-Low-Key, F|
|poke|p2|Clodsire, F|
|poke|p2|Dondozo, F|
|poke|p2|Alomomola, F|
|poke|p2|Talonflame, F|
|poke|p2|Toxapex, F|
|poke|p2|Blissey, F|
|teampreview
|
|t:|1779854153
|teamsize|p1|6
|teamsize|p2|6
|start
|switch|p1a: ANOTHER ONE|Toxtricity-Low-Key, F|100/100
|switch|p2a: Keep Trying.|Toxapex, F|100/100
|turn|1
|inactive|Battle timer is ON: inactive players will automatically lose when time's up. (requested by Supa Dupa Hoopa)
|
|t:|1779854250
|switch|p2a: Worth Trying.|Clodsire, F, shiny|100/100
|move|p1a: ANOTHER ONE|Volt Switch|p2a: Worth Trying.
|-immune|p2a: Worth Trying.
|
|upkeep
|turn|2
|
|t:|1779854263
|switch|p1a: Spongebob|Alomomola, M|100/100
|move|p2a: Worth Trying.|Bulldoze|p1a: Spongebob
|-damage|p1a: Spongebob|87/100
|-unboost|p1a: Spongebob|spe|1
|
|upkeep
|turn|3
|
|t:|1779854269
|switch|p2a: Keep Trying.|Toxapex, F|100/100
|move|p1a: Spongebob|Body Slam|p2a: Keep Trying.
|-damage|p2a: Keep Trying.|92/100
|
|upkeep
|turn|4
|
|t:|1779854276
|move|p2a: Keep Trying.|Infestation|p1a: Spongebob
|-damage|p1a: Spongebob|86/100
|-activate|p1a: Spongebob|move: Infestation|[of] p2a: Keep Trying.
|move|p1a: Spongebob|Body Slam|p2a: Keep Trying.
|-damage|p2a: Keep Trying.|83/100
|
|-damage|p1a: Spongebob|73/100|[from] move: Infestation|[partiallytrapped]
|upkeep
|turn|5
|
|t:|1779854285
|move|p2a: Keep Trying.|Toxic|p1a: Spongebob
|-status|p1a: Spongebob|tox
|move|p1a: Spongebob|Body Slam|p2a: Keep Trying.
|-damage|p2a: Keep Trying.|74/100
|
|-damage|p1a: Spongebob|67/100 tox|[from] psn
|-damage|p1a: Spongebob|55/100 tox|[from] move: Infestation|[partiallytrapped]
|upkeep
|turn|6
|
|t:|1779854295
|move|p2a: Keep Trying.|Baneful Bunker|p2a: Keep Trying.
|-singleturn|p2a: Keep Trying.|move: Protect
|move|p1a: Spongebob|Flip Turn|p2a: Keep Trying.
|-activate|p2a: Keep Trying.|move: Protect
|
|-damage|p1a: Spongebob|42/100 tox|[from] psn
|-damage|p1a: Spongebob|30/100 tox|[from] move: Infestation|[partiallytrapped]
|upkeep
|turn|7
|
|t:|1779854309
|switch|p2a: Try Harder.|Alomomola, F, shiny|100/100
|move|p1a: Spongebob|Flip Turn|p2a: Try Harder.
|-resisted|p2a: Try Harder.
|-damage|p2a: Try Harder.|96/100
|
|t:|1779854315
|switch|p1a: What RU|Serperior, M|100/100|[from] Flip Turn
|
|upkeep
|turn|8
|
|t:|1779854318
|switch|p2a: Still Trying?|Blissey, F, shiny|100/100
|move|p1a: What RU|Substitute|p1a: What RU
|-start|p1a: What RU|Substitute
|-damage|p1a: What RU|76/100
|
|-heal|p1a: What RU|82/100|[from] item: Leftovers
|upkeep
|turn|9
|
|t:|1779854328
|move|p1a: What RU|Glare|p2a: Still Trying?
|-status|p2a: Still Trying?|par
|cant|p2a: Still Trying?|par
|
|-heal|p1a: What RU|88/100|[from] item: Leftovers
|upkeep
|turn|10
|
|t:|1779854337
|move|p1a: What RU|Leech Seed|p2a: Still Trying?
|-start|p2a: Still Trying?|move: Leech Seed
|move|p2a: Still Trying?|Calm Mind|p2a: Still Trying?
|-boost|p2a: Still Trying?|spa|1
|-boost|p2a: Still Trying?|spd|1
|
|-heal|p1a: What RU|94/100|[from] item: Leftovers
|-damage|p2a: Still Trying?|88/100 par|[from] Leech Seed|[of] p1a: What RU
|-heal|p1a: What RU|100/100|[silent]
|upkeep
|turn|11
|
|t:|1779854345
|move|p1a: What RU|Leaf Storm|p2a: Still Trying?
|-crit|p2a: Still Trying?
|-damage|p2a: Still Trying?|70/100 par
|-boost|p1a: What RU|spa|2
|move|p2a: Still Trying?|Seismic Toss|p1a: What RU
|-end|p1a: What RU|Substitute
|
|-damage|p2a: Still Trying?|58/100 par|[from] Leech Seed|[of] p1a: What RU
|upkeep
|turn|12
|
|t:|1779854357
|-curestatus|p2a: Still Trying?|par|[from] ability: Natural Cure|[silent]
|switch|p2a: Worth Trying.|Clodsire, F, shiny|100/100
|move|p1a: What RU|Substitute|p1a: What RU
|-start|p1a: What RU|Substitute
|-damage|p1a: What RU|76/100
|
|-heal|p1a: What RU|82/100|[from] item: Leftovers
|upkeep
|turn|13
|
|t:|1779854365
|move|p1a: What RU|Glare|p2a: Worth Trying.
|-status|p2a: Worth Trying.|par
|move|p2a: Worth Trying.|Gunk Shot|p1a: What RU
|-supereffective|p1a: What RU
|-end|p1a: What RU|Substitute
|
|-heal|p1a: What RU|88/100|[from] item: Leftovers
|upkeep
|turn|14
|
|t:|1779854375
|move|p1a: What RU|Substitute|p1a: What RU
|-start|p1a: What RU|Substitute
|-damage|p1a: What RU|63/100
|move|p2a: Worth Trying.|Gunk Shot|p1a: What RU
|-supereffective|p1a: What RU
|-end|p1a: What RU|Substitute
|
|-heal|p1a: What RU|69/100|[from] item: Leftovers
|upkeep
|turn|15
|
|t:|1779854382
|move|p1a: What RU|Substitute|p1a: What RU
|-start|p1a: What RU|Substitute
|-damage|p1a: What RU|44/100
|move|p2a: Worth Trying.|Gunk Shot|p1a: What RU|[miss]
|-miss|p2a: Worth Trying.|p1a: What RU
|
|-heal|p1a: What RU|50/100|[from] item: Leftovers
|upkeep
|turn|16
|
|t:|1779854390
|move|p1a: What RU|Leech Seed|p2a: Worth Trying.
|-start|p2a: Worth Trying.|move: Leech Seed
|cant|p2a: Worth Trying.|par
|
|-heal|p1a: What RU|57/100|[from] item: Leftovers
|-damage|p2a: Worth Trying.|88/100 par|[from] Leech Seed|[of] p1a: What RU
|-heal|p1a: What RU|73/100|[silent]
|upkeep
|turn|17
|
|t:|1779854403
|switch|p2a: Nice Try.|Talonflame, F, shiny|100/100
|move|p1a: What RU|Leech Seed|p2a: Nice Try.
|-start|p2a: Nice Try.|move: Leech Seed
|
|-heal|p1a: What RU|79/100|[from] item: Leftovers
|-damage|p2a: Nice Try.|88/100|[from] Leech Seed|[of] p1a: What RU
|-heal|p1a: What RU|93/100|[silent]
|upkeep
|turn|18
|l|☆1000TURNSFR
|inactive|1000TURNSFR disconnected and has a minute to reconnect!
|player|p2|
|inactive|1000TURNSFR has 30 seconds to reconnect!
|inactive|1000TURNSFR has 20 seconds to reconnect!
|inactive|1000TURNSFR has 15 seconds to reconnect!
|inactive|1000TURNSFR has 10 seconds to reconnect!
|inactive|1000TURNSFR has 5 seconds to reconnect!
|j|☆1000TURNSFR
|inactive|1000TURNSFR reconnected and has 70 seconds left.
|player|p2|1000TURNSFR|ghetsis|
|
|t:|1779854489
|switch|p2a: Worth Trying.|Clodsire, F, shiny|88/100 par
|move|p1a: What RU|Glare|p2a: Worth Trying.
|-fail|p2a: Worth Trying.|par
|
|-heal|p1a: What RU|99/100|[from] item: Leftovers
|upkeep
|turn|19
|
|t:|1779854498
|switch|p2a: Nice Try.|Talonflame, F, shiny|88/100
|move|p1a: What RU|Leech Seed|p2a: Nice Try.
|-start|p2a: Nice Try.|move: Leech Seed
|
|-heal|p1a: What RU|100/100|[from] item: Leftovers
|-damage|p2a: Nice Try.|75/100|[from] Leech Seed|[of] p1a: What RU
|upkeep
|turn|20
|
|t:|1779854506
|switch|p2a: Worth Trying.|Clodsire, F, shiny|88/100 par
|move|p1a: What RU|Glare|p2a: Worth Trying.
|-fail|p2a: Worth Trying.|par
|
|upkeep
|turn|21
|inactive|1000TURNSFR has 90 seconds left.
|
|t:|1779854512
|move|p1a: What RU|Leech Seed|p2a: Worth Trying.
|-start|p2a: Worth Trying.|move: Leech Seed
|move|p2a: Worth Trying.|Gunk Shot|p1a: What RU
|-supereffective|p1a: What RU
|-end|p1a: What RU|Substitute
|
|-damage|p2a: Worth Trying.|76/100 par|[from] Leech Seed|[of] p1a: What RU
|upkeep
|turn|22
|
|t:|1779854521
|switch|p2a: Nice Try.|Talonflame, F, shiny|75/100
|move|p1a: What RU|Substitute|p1a: What RU
|-start|p1a: What RU|Substitute
|-damage|p1a: What RU|76/100
|
|-heal|p1a: What RU|82/100|[from] item: Leftovers
|upkeep
|turn|23
|
|t:|1779854532
|move|p1a: What RU|Glare|p2a: Nice Try.
|-status|p2a: Nice Try.|par
|move|p2a: Nice Try.|Flamethrower|p1a: What RU
|-supereffective|p1a: What RU
|-end|p1a: What RU|Substitute
|
|-heal|p1a: What RU|88/100|[from] item: Leftovers
|upkeep
|turn|24
|
|t:|1779854541
|move|p1a: What RU|Substitute|p1a: What RU
|-start|p1a: What RU|Substitute
|-damage|p1a: What RU|63/100
|move|p2a: Nice Try.|Flamethrower|p1a: What RU
|-supereffective|p1a: What RU
|-end|p1a: What RU|Substitute
|
|-heal|p1a: What RU|69/100|[from] item: Leftovers
|upkeep
|turn|25
|
|t:|1779854548
|move|p1a: What RU|Substitute|p1a: What RU
|-start|p1a: What RU|Substitute
|-damage|p1a: What RU|44/100
|move|p2a: Nice Try.|Flamethrower|p1a: What RU
|-supereffective|p1a: What RU
|-end|p1a: What RU|Substitute
|
|-heal|p1a: What RU|50/100|[from] item: Leftovers
|upkeep
|turn|26
|
|t:|1779854556
|switch|p1a: Spongebob|Alomomola, M|63/100 tox
|move|p2a: Nice Try.|Flamethrower|p1a: Spongebob
|-resisted|p1a: Spongebob
|-damage|p1a: Spongebob|57/100 tox
|
|-damage|p1a: Spongebob|51/100 tox|[from] psn
|upkeep
|turn|27
|
|t:|1779854564
|switch|p2a: Try Harder.|Alomomola, F, shiny|100/100
|move|p1a: Spongebob|Flip Turn|p2a: Try Harder.
|-resisted|p2a: Try Harder.
|-crit|p2a: Try Harder.
|-damage|p2a: Try Harder.|94/100
|
|t:|1779854570
|switch|p1a: What RU|Serperior, M|50/100|[from] Flip Turn
|
|-heal|p1a: What RU|57/100|[from] item: Leftovers
|upkeep
|turn|28
|
|t:|1779854575
|switch|p2a: Nice Try.|Talonflame, F, shiny|75/100 par
|move|p1a: What RU|Substitute|p1a: What RU
|-start|p1a: What RU|Substitute
|-damage|p1a: What RU|32/100
|
|-heal|p1a: What RU|38/100|[from] item: Leftovers
|upkeep
|turn|29
|
|t:|1779854582
|move|p1a: What RU|Leech Seed|p2a: Nice Try.
|-start|p2a: Nice Try.|move: Leech Seed
|move|p2a: Nice Try.|Flamethrower|p1a: What RU
|-supereffective|p1a: What RU
|-end|p1a: What RU|Substitute
|
|-heal|p1a: What RU|44/100|[from] item: Leftovers
|-damage|p2a: Nice Try.|63/100 par|[from] Leech Seed|[of] p1a: What RU
|-heal|p1a: What RU|57/100|[silent]
|upkeep
|turn|30
|
|t:|1779854592
|move|p1a: What RU|Substitute|p1a: What RU
|-start|p1a: What RU|Substitute
|-damage|p1a: What RU|32/100
|cant|p2a: Nice Try.|par
|
|-heal|p1a: What RU|39/100|[from] item: Leftovers
|-damage|p2a: Nice Try.|50/100 par|[from] Leech Seed|[of] p1a: What RU
|-heal|p1a: What RU|52/100|[silent]
|upkeep
|turn|31
|
|t:|1779854600
|move|p1a: What RU|Leaf Storm|p2a: Nice Try.|[miss]
|-miss|p1a: What RU|p2a: Nice Try.
|move|p2a: Nice Try.|Roost|p2a: Nice Try.
|-heal|p2a: Nice Try.|100/100 par
|-singleturn|p2a: Nice Try.|move: Roost
|
|-heal|p1a: What RU|58/100|[from] item: Leftovers
|-damage|p2a: Nice Try.|88/100 par|[from] Leech Seed|[of] p1a: What RU
|-heal|p1a: What RU|71/100|[silent]
|upkeep
|turn|32
|
|t:|1779854610
|switch|p2a: Worth Trying.|Clodsire, F, shiny|76/100 par
|move|p1a: What RU|Leech Seed|p2a: Worth Trying.
|-start|p2a: Worth Trying.|move: Leech Seed
|
|-heal|p1a: What RU|77/100|[from] item: Leftovers
|-damage|p2a: Worth Trying.|64/100 par|[from] Leech Seed|[of] p1a: What RU
|-heal|p1a: What RU|94/100|[silent]
|upkeep
|turn|33
|
|t:|1779854621
|switch|p2a: Nice Try.|Talonflame, F, shiny|88/100 par
|move|p1a: What RU|Leech Seed|p2a: Nice Try.
|-start|p2a: Nice Try.|move: Leech Seed
|
|-heal|p1a: What RU|99/100|[from] item: Leftovers
|-damage|p2a: Nice Try.|75/100 par|[from] Leech Seed|[of] p1a: What RU
|-heal|p1a: What RU|100/100|[silent]
|upkeep
|turn|34
|
|t:|1779854637
|switch|p2a: Worth Trying.|Clodsire, F, shiny|64/100 par
|move|p1a: What RU|Glare|p2a: Worth Trying.
|-fail|p2a: Worth Trying.|par
|
|upkeep
|turn|35
|
|t:|1779854645
|move|p1a: What RU|Leech Seed|p2a: Worth Trying.
|-start|p2a: Worth Trying.|move: Leech Seed
|move|p2a: Worth Trying.|Recover|p2a: Worth Trying.
|-heal|p2a: Worth Trying.|100/100 par
|
|-damage|p2a: Worth Trying.|88/100 par|[from] Leech Seed|[of] p1a: What RU
|upkeep
|turn|36
|
|t:|1779854653
|switch|p2a: Nice Try.|Talonflame, F, shiny|75/100 par
|move|p1a: What RU|Leaf Storm|p2a: Nice Try.
|-resisted|p2a: Nice Try.
|-damage|p2a: Nice Try.|63/100 par
|-boost|p1a: What RU|spa|2
|
|upkeep
|turn|37
|
|t:|1779854662
|move|p1a: What RU|Leech Seed|p2a: Nice Try.
|-start|p2a: Nice Try.|move: Leech Seed
|move|p2a: Nice Try.|Roost|p2a: Nice Try.
|-heal|p2a: Nice Try.|100/100 par
|-singleturn|p2a: Nice Try.|move: Roost
|
|-damage|p2a: Nice Try.|88/100 par|[from] Leech Seed|[of] p1a: What RU
|upkeep
|turn|38
|
|t:|1779854674
|switch|p2a: Worth Trying.|Clodsire, F, shiny|88/100 par
|move|p1a: What RU|Leech Seed|p2a: Worth Trying.
|-start|p2a: Worth Trying.|move: Leech Seed
|
|-damage|p2a: Worth Trying.|76/100 par|[from] Leech Seed|[of] p1a: What RU
|upkeep
|turn|39
|j| pontadebeck
|
|t:|1779854695
|switch|p2a: Nice Try.|Talonflame, F, shiny|88/100 par
|move|p1a: What RU|Leaf Storm|p2a: Nice Try.
|-resisted|p2a: Nice Try.
|-damage|p2a: Nice Try.|63/100 par
|-boost|p1a: What RU|spa|2
|
|upkeep
|turn|40
|
|t:|1779854702
|move|p1a: What RU|Leech Seed|p2a: Nice Try.
|-start|p2a: Nice Try.|move: Leech Seed
|move|p2a: Nice Try.|Roost|p2a: Nice Try.
|-heal|p2a: Nice Try.|100/100 par
|-singleturn|p2a: Nice Try.|move: Roost
|
|-damage|p2a: Nice Try.|88/100 par|[from] Leech Seed|[of] p1a: What RU
|upkeep
|turn|41
|
|t:|1779854711
|switch|p1a: ANOTHER ONE|Toxtricity-Low-Key, F|100/100
|switch|p2a: Worth Trying.|Clodsire, F, shiny|76/100 par
|
|upkeep
|turn|42
|l| pontadebeck
|j| pontadebeck
|
|t:|1779854733
|-terastallize|p1a: ANOTHER ONE|Normal
|move|p1a: ANOTHER ONE|Boomburst|p2a: Worth Trying.
|-damage|p2a: Worth Trying.|4/100 par
|cant|p2a: Worth Trying.|par
|
|upkeep
|turn|43
|
|t:|1779854741
|switch|p2a: Still Trying?|Blissey, F, shiny|58/100
|move|p1a: ANOTHER ONE|Boomburst|p2a: Still Trying?
|-damage|p2a: Still Trying?|15/100
|
|upkeep
|turn|44
|
|t:|1779854758
|move|p1a: ANOTHER ONE|Boomburst|p2a: Still Trying?
|-damage|p2a: Still Trying?|0 fnt
|faint|p2a: Still Trying?
|
|upkeep
|
|t:|1779854762
|switch|p2a: You Tried.|Dondozo, F, shiny|100/100
|turn|45
|
|t:|1779854765
|-terastallize|p2a: You Tried.|Fighting
|move|p1a: ANOTHER ONE|Boomburst|p2a: You Tried.
|-damage|p2a: You Tried.|0 fnt
|faint|p2a: You Tried.
|
|upkeep
|-message|1000TURNSFR forfeited.
|
|win|Supa Dupa Hoopa
|raw|Supa Dupa Hoopa's rating: 1549 &rarr; <strong>1574</strong><br />(+25 for winning)
|raw|1000TURNSFR's rating: 1631 &rarr; <strong>1606</strong><br />(-25 for losing)
|l|☆1000TURNSFR
|player|p2|
|l| pontadebeck
