|j|☆claudechamp
|j|☆ima117
|t:|1779806508
|gametype|singles
|player|p1|claudechamp|265|1273
|player|p2|ima117|2|1279
|gen|9
|tier|[Gen 9] OU
|rated|
|rule|HP Percentage Mod: HP is shown in percentages
|rule|Endless Battle Clause: Forcing endless battles is banned
|rule|Species Clause: Limit one of each Pokémon
|rule|OHKO Clause: OHKO moves are banned
|rule|Evasion Items Clause: Evasion items are banned
|rule|Evasion Moves Clause: Evasion moves are banned
|rule|Evasion Abilities Clause: Evasion abilities are banned
|rule|Sleep Moves Clause: Sleep-inducing moves are banned
|clearpoke
|poke|p1|Corviknight, F|
|poke|p1|Ting-Lu|
|poke|p1|Kyurem|
|poke|p1|Dondozo, F|
|poke|p1|Slowking-Galar, M|
|poke|p1|Cinderace, M|
|poke|p2|Great Tusk|
|poke|p2|Dragapult, F|
|poke|p2|Kingambit, F|
|poke|p2|Ogerpon-Wellspring, F|
|poke|p2|Gholdengo|
|poke|p2|Iron Valiant|
|teampreview
|c|☆claudechamp|hf
|inactive|Battle timer is ON: inactive players will automatically lose when time's up. (requested by claudechamp)
|
|t:|1779806520
|teamsize|p1|6
|teamsize|p2|6
|start
|switch|p1a: Cinderace|Cinderace, M|100/100
|switch|p2a: Great Tusk|Great Tusk|100/100
|turn|1
|
|t:|1779806529
|move|p1a: Cinderace|Pyro Ball|p2a: Great Tusk
|-damage|p2a: Great Tusk|78/100
|move|p2a: Great Tusk|Stealth Rock|p1a: Cinderace
|-sidestart|p1: claudechamp|move: Stealth Rock
|
|-heal|p2a: Great Tusk|84/100|[from] item: Leftovers
|upkeep
|turn|2
|
|t:|1779806539
|move|p1a: Cinderace|Will-O-Wisp|p2a: Great Tusk
|-status|p2a: Great Tusk|brn
|move|p2a: Great Tusk|Earthquake|p1a: Cinderace
|-supereffective|p1a: Cinderace
|-damage|p1a: Cinderace|51/100
|
|-heal|p2a: Great Tusk|90/100 brn|[from] item: Leftovers
|-damage|p2a: Great Tusk|84/100 brn|[from] brn
|upkeep
|turn|3
|
|t:|1779806543
|move|p1a: Cinderace|Court Change|p1a: Cinderace
|-swapsideconditions
|-activate|p1a: Cinderace|move: Court Change
|move|p2a: Great Tusk|Knock Off|p1a: Cinderace
|-damage|p1a: Cinderace|33/100
|-enditem|p1a: Cinderace|Heavy-Duty Boots|[from] move: Knock Off|[of] p2a: Great Tusk
|
|-heal|p2a: Great Tusk|90/100 brn|[from] item: Leftovers
|-damage|p2a: Great Tusk|84/100 brn|[from] brn
|upkeep
|turn|4
|
|t:|1779806550
|switch|p1a: Kyurem|Kyurem|100/100
|-ability|p1a: Kyurem|Pressure
|move|p2a: Great Tusk|Rapid Spin|p1a: Kyurem
|-damage|p1a: Kyurem|94/100
|-boost|p2a: Great Tusk|spe|1
|-sideend|p2: ima117|Stealth Rock|[from] move: Rapid Spin|[of] p2a: Great Tusk
|
|-heal|p1a: Kyurem|99/100|[from] item: Leftovers
|-heal|p2a: Great Tusk|90/100 brn|[from] item: Leftovers
|-damage|p2a: Great Tusk|84/100 brn|[from] brn
|upkeep
|turn|5
|
|t:|1779806564
|move|p1a: Kyurem|Freeze-Dry|p2a: Great Tusk
|-supereffective|p2a: Great Tusk
|-damage|p2a: Great Tusk|0 fnt
|faint|p2a: Great Tusk
|-end|p2a: Great Tusk|Protosynthesis|[silent]
|
|-heal|p1a: Kyurem|100/100|[from] item: Leftovers
|upkeep
|
|t:|1779806577
|switch|p2a: Iron Valiant|Iron Valiant|100/100
|-enditem|p2a: Iron Valiant|Booster Energy
|-activate|p2a: Iron Valiant|ability: Quark Drive|[fromitem]
|-start|p2a: Iron Valiant|quarkdrivespe
|turn|6
|
|t:|1779806584
|-terastallize|p1a: Kyurem|Ground
|move|p2a: Iron Valiant|Moonblast|p1a: Kyurem
|-damage|p1a: Kyurem|53/100
|move|p1a: Kyurem|Earth Power|p2a: Iron Valiant
|-damage|p2a: Iron Valiant|17/100
|
|-heal|p1a: Kyurem|60/100|[from] item: Leftovers
|upkeep
|turn|7
|
|t:|1779806594
|move|p1a: Kyurem|Protect|p1a: Kyurem
|-singleturn|p1a: Kyurem|Protect
|move|p2a: Iron Valiant|Close Combat|p1a: Kyurem
|-activate|p1a: Kyurem|move: Protect
|
|-heal|p1a: Kyurem|66/100|[from] item: Leftovers
|upkeep
|turn|8
|
|t:|1779806599
|move|p2a: Iron Valiant|Close Combat|p1a: Kyurem
|-damage|p1a: Kyurem|14/100
|-unboost|p2a: Iron Valiant|def|1
|-unboost|p2a: Iron Valiant|spd|1
|move|p1a: Kyurem|Freeze-Dry|p2a: Iron Valiant
|-damage|p2a: Iron Valiant|0 fnt
|faint|p2a: Iron Valiant
|-end|p2a: Iron Valiant|Quark Drive|[silent]
|
|-heal|p1a: Kyurem|20/100|[from] item: Leftovers
|upkeep
|
|t:|1779806607
|switch|p2a: Gholdengo|Gholdengo|100/100
|-item|p2a: Gholdengo|Air Balloon
|turn|9
|
|t:|1779806617
|move|p1a: Kyurem|Freeze-Dry|p2a: Gholdengo
|-resisted|p2a: Gholdengo
|-damage|p2a: Gholdengo|79/100
|-enditem|p2a: Gholdengo|Air Balloon
|move|p2a: Gholdengo|Nasty Plot|p2a: Gholdengo
|-boost|p2a: Gholdengo|spa|2
|
|-heal|p1a: Kyurem|26/100|[from] item: Leftovers
|upkeep
|turn|10
|
|t:|1779806629
|-terastallize|p2a: Gholdengo|Flying
|move|p1a: Kyurem|Earth Power|p2a: Gholdengo
|-immune|p2a: Gholdengo
|move|p2a: Gholdengo|Shadow Ball|p1a: Kyurem
|-damage|p1a: Kyurem|0 fnt
|faint|p1a: Kyurem
|
|upkeep
|
|t:|1779806637
|switch|p1a: Cinderace|Cinderace, M|33/100
|turn|11
|
|t:|1779806654
|move|p1a: Cinderace|Pyro Ball|p2a: Gholdengo
|-damage|p2a: Gholdengo|1/100
|move|p2a: Gholdengo|Shadow Ball|p1a: Cinderace
|-damage|p1a: Cinderace|0 fnt
|faint|p1a: Cinderace
|
|upkeep
|
|t:|1779806661
|switch|p1a: Ting-Lu|Ting-Lu|100/100
|-ability|p1a: Ting-Lu|Vessel of Ruin
|turn|12
|
|t:|1779806675
|move|p2a: Gholdengo|Recover|p2a: Gholdengo
|-heal|p2a: Gholdengo|51/100
|move|p1a: Ting-Lu|Payback|p2a: Gholdengo
|-damage|p2a: Gholdengo|12/100
|
|upkeep
|turn|13
|
|t:|1779806681
|move|p2a: Gholdengo|Recover|p2a: Gholdengo
|-heal|p2a: Gholdengo|62/100
|move|p1a: Ting-Lu|Payback|p2a: Gholdengo
|-damage|p2a: Gholdengo|21/100
|
|upkeep
|turn|14
|
|t:|1779806685
|move|p2a: Gholdengo|Recover|p2a: Gholdengo
|-heal|p2a: Gholdengo|71/100
|move|p1a: Ting-Lu|Payback|p2a: Gholdengo
|-damage|p2a: Gholdengo|27/100
|
|upkeep
|turn|15
|
|t:|1779806697
|move|p2a: Gholdengo|Recover|p2a: Gholdengo
|-heal|p2a: Gholdengo|78/100
|move|p1a: Ting-Lu|Payback|p2a: Gholdengo
|-damage|p2a: Gholdengo|37/100
|
|upkeep
|turn|16
|
|t:|1779806710
|move|p2a: Gholdengo|Recover|p2a: Gholdengo
|-heal|p2a: Gholdengo|87/100
|move|p1a: Ting-Lu|Payback|p2a: Gholdengo
|-damage|p2a: Gholdengo|47/100
|
|upkeep
|turn|17
|
|t:|1779806719
|move|p2a: Gholdengo|Make It Rain|p1a: Ting-Lu
|-damage|p1a: Ting-Lu|44/100
|-unboost|p2a: Gholdengo|spa|1
|move|p1a: Ting-Lu|Payback|p2a: Gholdengo
|-damage|p2a: Gholdengo|3/100
|
|-heal|p1a: Ting-Lu|50/100|[from] item: Leftovers
|upkeep
|turn|18
|
|t:|1779806741
|switch|p1a: Dondozo|Dondozo, F|100/100
|move|p2a: Gholdengo|Make It Rain|p1a: Dondozo
|-resisted|p1a: Dondozo
|-damage|p1a: Dondozo|81/100
|-unboost|p2a: Gholdengo|spa|1
|
|-heal|p1a: Dondozo|87/100|[from] item: Leftovers
|upkeep
|turn|19
|
|t:|1779806756
|switch|p2a: Ogerpon|Ogerpon-Wellspring, F|100/100
|switch|p1a: Ting-Lu|Ting-Lu|50/100
|-ability|p1a: Ting-Lu|Vessel of Ruin
|
|-heal|p1a: Ting-Lu|56/100|[from] item: Leftovers
|upkeep
|turn|20
|
|t:|1779806769
|switch|p1a: Corviknight|Corviknight, F|100/100
|-ability|p1a: Corviknight|Pressure
|move|p2a: Ogerpon|Ivy Cudgel|p1a: Corviknight|[anim] Ivy Cudgel Water
|-crit|p1a: Corviknight
|-damage|p1a: Corviknight|43/100
|
|upkeep
|turn|21
|
|t:|1779806791
|switch|p2a: Dragapult|Dragapult, F|100/100
|move|p1a: Corviknight|U-turn|p2a: Dragapult
|-resisted|p2a: Dragapult
|-crit|p2a: Dragapult
|-damage|p2a: Dragapult|87/100
|
|t:|1779806809
|switch|p1a: Slowking|Slowking-Galar, M|100/100|[from] U-turn
|
|upkeep
|turn|22
|inactive|claudechamp has 120 seconds left.
|
|t:|1779806832
|move|p2a: Dragapult|Shadow Ball|p1a: Slowking
|-supereffective|p1a: Slowking
|-damage|p1a: Slowking|21/100
|move|p1a: Slowking|Ice Beam|p2a: Dragapult
|-supereffective|p2a: Dragapult
|-damage|p2a: Dragapult|24/100
|
|upkeep
|turn|23
|inactive|claudechamp has 120 seconds left.
|
|t:|1779806849
|switch|p1a: Ting-Lu|Ting-Lu|56/100
|-ability|p1a: Ting-Lu|Vessel of Ruin
|move|p2a: Dragapult|Shadow Ball|p1a: Ting-Lu
|-resisted|p1a: Ting-Lu
|-damage|p1a: Ting-Lu|45/100
|
|-heal|p1a: Ting-Lu|51/100|[from] item: Leftovers
|upkeep
|turn|24
|inactive|claudechamp has 120 seconds left.
|inactive|ima117 has 120 seconds left.
|
|t:|1779806887
|switch|p2a: Kingambit|Kingambit, F|100/100
|-activate|p2a: Kingambit|ability: Supreme Overlord
|-start|p2a: Kingambit|fallen2|[silent]
|move|p1a: Ting-Lu|Rest|p1a: Ting-Lu
|-status|p1a: Ting-Lu|slp|[from] move: Rest
|-heal|p1a: Ting-Lu|100/100 slp|[silent]
|
|upkeep
|turn|25
|inactive|claudechamp has 120 seconds left.
|inactive|ima117 has 120 seconds left.
|
|t:|1779806894
|switch|p1a: Slowking|Slowking-Galar, M|54/100
|move|p2a: Kingambit|Swords Dance|p2a: Kingambit
|-boost|p2a: Kingambit|atk|2
|
|upkeep
|turn|26
|inactive|ima117 has 120 seconds left.
|
|t:|1779806915
|move|p2a: Kingambit|Sucker Punch|p1a: Slowking
|-supereffective|p1a: Slowking
|-damage|p1a: Slowking|0 fnt
|faint|p1a: Slowking
|
|upkeep
|
|t:|1779806922
|switch|p1a: Dondozo|Dondozo, F|87/100
|turn|27
|inactive|ima117 has 120 seconds left.
|inactive|claudechamp has 120 seconds left.
|
|t:|1779806939
|move|p2a: Kingambit|Kowtow Cleave|p1a: Dondozo
|-damage|p1a: Dondozo|44/100
|move|p1a: Dondozo|Body Press|p2a: Kingambit
|-supereffective|p2a: Kingambit
|-damage|p2a: Kingambit|41/100
|
|-heal|p1a: Dondozo|50/100|[from] item: Leftovers
|upkeep
|turn|28
|inactive|claudechamp has 120 seconds left.
|
|t:|1779806952
|move|p2a: Kingambit|Kowtow Cleave|p1a: Dondozo
|-damage|p1a: Dondozo|7/100
|move|p1a: Dondozo|Body Press|p2a: Kingambit
|-supereffective|p2a: Kingambit
|-crit|p2a: Kingambit
|-damage|p2a: Kingambit|0 fnt
|faint|p2a: Kingambit
|-end|p2a: Kingambit|fallen2|[silent]
|
|-heal|p1a: Dondozo|13/100|[from] item: Leftovers
|upkeep
|
|t:|1779806959
|switch|p2a: Ogerpon|Ogerpon-Wellspring, F|100/100
|turn|29
|inactive|claudechamp has 120 seconds left.
|
|t:|1779806980
|move|p2a: Ogerpon|Knock Off|p1a: Dondozo
|-damage|p1a: Dondozo|0 fnt
|-enditem|p1a: Dondozo|Leftovers|[from] move: Knock Off|[of] p2a: Ogerpon
|faint|p1a: Dondozo
|
|upkeep
|
|t:|1779806995
|switch|p1a: Corviknight|Corviknight, F|43/100
|-ability|p1a: Corviknight|Pressure
|turn|30
|
|t:|1779807014
|move|p2a: Ogerpon|Knock Off|p1a: Corviknight
|-damage|p1a: Corviknight|21/100
|-damage|p2a: Ogerpon|84/100|[from] item: Rocky Helmet|[of] p1a: Corviknight
|-enditem|p1a: Corviknight|Rocky Helmet|[from] move: Knock Off|[of] p2a: Ogerpon
|move|p1a: Corviknight|Roost|p1a: Corviknight
|-heal|p1a: Corviknight|71/100
|-singleturn|p1a: Corviknight|move: Roost
|
|upkeep
|turn|31
|
|t:|1779807034
|move|p2a: Ogerpon|Ivy Cudgel|p1a: Corviknight|[anim] Ivy Cudgel Water
|-damage|p1a: Corviknight|37/100
|move|p1a: Corviknight|Brave Bird|p2a: Ogerpon
|-supereffective|p2a: Ogerpon
|-damage|p2a: Ogerpon|0 fnt
|faint|p2a: Ogerpon
|-damage|p1a: Corviknight|16/100|[from] Recoil
|
|upkeep
|
|t:|1779807041
|switch|p2a: Dragapult|Dragapult, F|24/100
|turn|32
|
|t:|1779807058
|move|p2a: Dragapult|Flamethrower|p1a: Corviknight
|-supereffective|p1a: Corviknight
|-damage|p1a: Corviknight|0 fnt
|faint|p1a: Corviknight
|
|upkeep
|
|t:|1779807070
|switch|p1a: Ting-Lu|Ting-Lu|100/100 slp
|-ability|p1a: Ting-Lu|Vessel of Ruin
|turn|33
|
|t:|1779807084
|move|p2a: Dragapult|Flamethrower|p1a: Ting-Lu
|-damage|p1a: Ting-Lu|84/100 slp
|cant|p1a: Ting-Lu|slp
|move|p1a: Ting-Lu|Sleep Talk|p1a: Ting-Lu
|move|p1a: Ting-Lu|Payback|p2a: Dragapult|[from] move: Sleep Talk
|-supereffective|p2a: Dragapult
|-damage|p2a: Dragapult|0 fnt
|faint|p2a: Dragapult
|
|-heal|p1a: Ting-Lu|91/100 slp|[from] item: Leftovers
|upkeep
|
|t:|1779807090
|switch|p2a: Gholdengo|Gholdengo, tera:Flying|3/100
|turn|34
|
|t:|1779807099
|move|p2a: Gholdengo|Recover|p2a: Gholdengo
|-heal|p2a: Gholdengo|53/100
|cant|p1a: Ting-Lu|slp
|
|-heal|p1a: Ting-Lu|97/100 slp|[from] item: Leftovers
|upkeep
|turn|35
|
|t:|1779807112
|move|p2a: Gholdengo|Nasty Plot|p2a: Gholdengo
|-boost|p2a: Gholdengo|spa|2
|-curestatus|p1a: Ting-Lu|slp|[msg]
|move|p1a: Ting-Lu|Payback|p2a: Gholdengo
|-damage|p2a: Gholdengo|14/100
|
|-heal|p1a: Ting-Lu|100/100|[from] item: Leftovers
|upkeep
|turn|36
|
|t:|1779807118
|move|p2a: Gholdengo|Recover|p2a: Gholdengo
|-heal|p2a: Gholdengo|64/100
|move|p1a: Ting-Lu|Payback|p2a: Gholdengo
|-damage|p2a: Gholdengo|21/100
|
|upkeep
|turn|37
|inactive|claudechamp has 120 seconds left.
|
|t:|1779807133
|move|p2a: Gholdengo|Recover|p2a: Gholdengo
|-heal|p2a: Gholdengo|71/100
|move|p1a: Ting-Lu|Payback|p2a: Gholdengo
|-damage|p2a: Gholdengo|32/100
|
|upkeep
|turn|38
|inactive|ima117 has 120 seconds left.
|inactive|ima117 has 90 seconds left.
|
|t:|1779807199
|move|p2a: Gholdengo|Make It Rain|p1a: Ting-Lu
|-damage|p1a: Ting-Lu|49/100
|-unboost|p2a: Gholdengo|spa|1
|move|p1a: Ting-Lu|Payback|p2a: Gholdengo
|-damage|p2a: Gholdengo|0 fnt
|faint|p2a: Gholdengo
|
|win|claudechamp
|raw|claudechamp's rating: 1280 &rarr; <strong>1305</strong><br />(+25 for winning)
|raw|ima117's rating: 1279 &rarr; <strong>1254</strong><br />(-25 for losing)
|c|☆claudechamp|gg
|l|☆ima117
|player|p2|
