|j|☆My Alexandra
|j|☆fregene97
|t:|1779801351
|gametype|singles
|player|p1|My Alexandra|caitlin-masters|1326
|player|p2|fregene97|youngster-gen4dp|1301
|gen|9
|tier|[Gen 9] OU
|rated|
|rule|HP Percentage Mod: HP is shown in percentages
|rule|Endless Battle Clause: Forcing endless battles is banned
|rule|Species Clause: Limit one of each Pokémon
|rule|OHKO Clause: OHKO moves are banned
|rule|Evasion Items Clause: Evasion items are banned
|rule|Evasion Moves Clause: Evasion moves are banned
|rule|Evasion Abilities Clause: Evasion abilities are banned
|rule|Sleep Moves Clause: Sleep-inducing moves are banned
|clearpoke
|poke|p1|Fezandipiti, M|
|poke|p1|Great Tusk|
|poke|p1|Dragapult, F|
|poke|p1|Corviknight, F|
|poke|p1|Samurott-Hisui, F|
|poke|p1|Rillaboom, M|
|poke|p2|Raging Bolt|
|poke|p2|Ceruledge, F|
|poke|p2|Breloom, F|
|poke|p2|Kingambit, F|
|poke|p2|Glimmora, M|
|poke|p2|Greninja-*, M|
|teampreview
|inactive|Battle timer is ON: inactive players will automatically lose when time's up. (requested by My Alexandra)
|
|t:|1779801360
|teamsize|p1|6
|teamsize|p2|6
|start
|switch|p1a: Samurott|Samurott-Hisui, F|100/100
|switch|p2a: Glimmora|Glimmora, M|100/100
|turn|1
|
|t:|1779801364
|move|p2a: Glimmora|Stealth Rock|p1a: Samurott
|-sidestart|p1: My Alexandra|move: Stealth Rock
|move|p1a: Samurott|Razor Shell|p2a: Glimmora
|-supereffective|p2a: Glimmora
|-damage|p2a: Glimmora|0 fnt
|-activate|p2a: Glimmora|ability: Toxic Debris
|-sidestart|p1: My Alexandra|move: Toxic Spikes
|faint|p2a: Glimmora
|
|upkeep
|
|t:|1779801367
|switch|p2a: Breloom|Breloom, F|100/100
|turn|2
|
|t:|1779801371
|switch|p1a: Fezandipiti|Fezandipiti, M|100/100
|-sideend|p1: My Alexandra|move: Toxic Spikes|[of] p1a: Fezandipiti
|move|p2a: Breloom|Seed Bomb|p1a: Fezandipiti
|-resisted|p1a: Fezandipiti
|-damage|p1a: Fezandipiti|79/100
|
|-status|p2a: Breloom|tox|[from] item: Toxic Orb
|upkeep
|turn|3
|
|t:|1779801377
|-terastallize|p2a: Breloom|Steel
|move|p1a: Fezandipiti|Play Rough|p2a: Breloom
|-resisted|p2a: Breloom
|-damage|p2a: Breloom|79/100 tox
|move|p2a: Breloom|Facade|p1a: Fezandipiti
|-damage|p1a: Fezandipiti|32/100
|
|-heal|p2a: Breloom|92/100 tox|[from] ability: Poison Heal
|upkeep
|turn|4
|
|t:|1779801387
|move|p1a: Fezandipiti|Roost|p1a: Fezandipiti
|-heal|p1a: Fezandipiti|83/100
|-singleturn|p1a: Fezandipiti|move: Roost
|move|p2a: Breloom|Close Combat|p1a: Fezandipiti
|-resisted|p1a: Fezandipiti
|-damage|p1a: Fezandipiti|66/100
|-unboost|p2a: Breloom|def|1
|-unboost|p2a: Breloom|spd|1
|
|-heal|p2a: Breloom|100/100 tox|[from] ability: Poison Heal
|upkeep
|turn|5
|
|t:|1779801393
|move|p1a: Fezandipiti|Roost|p1a: Fezandipiti
|-heal|p1a: Fezandipiti|100/100
|-singleturn|p1a: Fezandipiti|move: Roost
|move|p2a: Breloom|Facade|p1a: Fezandipiti
|-damage|p1a: Fezandipiti|49/100
|
|upkeep
|turn|6
|
|t:|1779801398
|move|p1a: Fezandipiti|U-turn|p2a: Breloom
|-resisted|p2a: Breloom
|-damage|p2a: Breloom|83/100 tox
|
|t:|1779801401
|switch|p1a: Dragapult|Dragapult, F|100/100|[from] U-turn
|move|p2a: Breloom|Facade|p1a: Dragapult
|-immune|p1a: Dragapult
|
|-heal|p2a: Breloom|96/100 tox|[from] ability: Poison Heal
|upkeep
|turn|7
|
|t:|1779801407
|switch|p2a: Kingambit|Kingambit, F|100/100
|-activate|p2a: Kingambit|ability: Supreme Overlord
|-start|p2a: Kingambit|fallen1|[silent]
|move|p1a: Dragapult|Hex|p2a: Kingambit
|-resisted|p2a: Kingambit
|-damage|p2a: Kingambit|87/100
|
|upkeep
|turn|8
|
|t:|1779801415
|move|p1a: Dragapult|Will-O-Wisp|p2a: Kingambit
|-status|p2a: Kingambit|brn
|move|p2a: Kingambit|Swords Dance|p2a: Kingambit
|-boost|p2a: Kingambit|atk|2
|
|-damage|p2a: Kingambit|80/100 brn|[from] brn
|upkeep
|turn|9
|
|t:|1779801438
|move|p1a: Dragapult|U-turn|p2a: Kingambit
|-damage|p2a: Kingambit|65/100 brn
|
|t:|1779801440
|switch|p1a: Great Tusk|Great Tusk|100/100|[from] U-turn
|move|p2a: Kingambit|Kowtow Cleave|p1a: Great Tusk
|-resisted|p1a: Great Tusk
|-damage|p1a: Great Tusk|78/100
|
|-damage|p2a: Kingambit|59/100 brn|[from] brn
|upkeep
|turn|10
|
|t:|1779801446
|-end|p2a: Kingambit|fallen1|[silent]
|switch|p2a: Ceruledge|Ceruledge, F|100/100
|move|p1a: Great Tusk|Rapid Spin|p2a: Ceruledge
|-immune|p2a: Ceruledge
|
|upkeep
|turn|11
|
|t:|1779801449
|-end|p1a: Great Tusk|Protosynthesis|[silent]
|switch|p1a: Samurott|Samurott-Hisui, F|100/100
|-damage|p1a: Samurott|88/100|[from] Stealth Rock
|move|p2a: Ceruledge|Swords Dance|p2a: Ceruledge
|-boost|p2a: Ceruledge|atk|2
|
|upkeep
|turn|12
|
|t:|1779801455
|move|p2a: Ceruledge|Poltergeist|p1a: Samurott
|-activate|p1a: Samurott|move: Poltergeist|Assault Vest
|-resisted|p1a: Samurott
|-damage|p1a: Samurott|25/100
|move|p1a: Samurott|Ceaseless Edge|p2a: Ceruledge|[miss]
|-miss|p1a: Samurott|p2a: Ceruledge
|
|upkeep
|turn|13
|
|t:|1779801461
|move|p1a: Samurott|Sucker Punch|p2a: Ceruledge
|-supereffective|p2a: Ceruledge
|-damage|p2a: Ceruledge|9/100
|-ability|p2a: Ceruledge|Weak Armor|boost
|-unboost|p2a: Ceruledge|def|1
|-boost|p2a: Ceruledge|spe|2
|move|p2a: Ceruledge|Bitter Blade|p1a: Samurott
|-resisted|p1a: Samurott
|-damage|p1a: Samurott|0 fnt
|-heal|p2a: Ceruledge|25/100|[from] drain|[of] p1a: Samurott
|faint|p1a: Samurott
|
|upkeep
|
|t:|1779801465
|switch|p1a: Rillaboom|Rillaboom, M|100/100
|-damage|p1a: Rillaboom|88/100|[from] Stealth Rock
|-fieldstart|move: Grassy Terrain|[from] ability: Grassy Surge|[of] p1a: Rillaboom
|turn|14
|
|t:|1779801468
|move|p2a: Ceruledge|Shadow Sneak|p1a: Rillaboom
|-damage|p1a: Rillaboom|42/100
|move|p1a: Rillaboom|Grassy Glide|p2a: Ceruledge
|-resisted|p2a: Ceruledge
|-damage|p2a: Ceruledge|0 fnt
|faint|p2a: Ceruledge
|
|-heal|p1a: Rillaboom|48/100|[from] Grassy Terrain
|upkeep
|
|t:|1779801472
|switch|p2a: Raging Bolt|Raging Bolt|100/100
|-enditem|p2a: Raging Bolt|Booster Energy
|-activate|p2a: Raging Bolt|ability: Protosynthesis|[fromitem]
|-start|p2a: Raging Bolt|protosynthesisspa
|turn|15
|
|t:|1779801477
|switch|p1a: Great Tusk|Great Tusk|78/100
|move|p2a: Raging Bolt|Dragon Pulse|p1a: Great Tusk
|-damage|p1a: Great Tusk|0 fnt
|faint|p1a: Great Tusk
|-end|p1a: Great Tusk|Protosynthesis|[silent]
|
|upkeep
|
|t:|1779801482
|switch|p1a: Fezandipiti|Fezandipiti, M|49/100
|turn|16
|
|t:|1779801502
|move|p1a: Fezandipiti|Roost|p1a: Fezandipiti
|-heal|p1a: Fezandipiti|99/100
|-singleturn|p1a: Fezandipiti|move: Roost
|move|p2a: Raging Bolt|Thunderbolt|p1a: Fezandipiti
|-damage|p1a: Fezandipiti|55/100
|
|-heal|p1a: Fezandipiti|61/100|[from] Grassy Terrain
|upkeep
|turn|17
|
|t:|1779801507
|move|p1a: Fezandipiti|Play Rough|p2a: Raging Bolt|[miss]
|-miss|p1a: Fezandipiti|p2a: Raging Bolt
|move|p2a: Raging Bolt|Calm Mind|p2a: Raging Bolt
|-boost|p2a: Raging Bolt|spa|1
|-boost|p2a: Raging Bolt|spd|1
|
|-heal|p1a: Fezandipiti|67/100|[from] Grassy Terrain
|upkeep
|turn|18
|
|t:|1779801511
|move|p1a: Fezandipiti|Play Rough|p2a: Raging Bolt
|-supereffective|p2a: Raging Bolt
|-damage|p2a: Raging Bolt|32/100
|move|p2a: Raging Bolt|Thunderbolt|p1a: Fezandipiti
|-damage|p1a: Fezandipiti|0 fnt
|faint|p1a: Fezandipiti
|
|-heal|p2a: Raging Bolt|39/100|[from] Grassy Terrain
|-fieldend|move: Grassy Terrain
|upkeep
|
|t:|1779801517
|switch|p1a: Rillaboom|Rillaboom, M|48/100
|-damage|p1a: Rillaboom|35/100|[from] Stealth Rock
|-fieldstart|move: Grassy Terrain|[from] ability: Grassy Surge|[of] p1a: Rillaboom
|turn|19
|
|t:|1779801519
|-terastallize|p1a: Rillaboom|Grass
|move|p1a: Rillaboom|Grassy Glide|p2a: Raging Bolt
|-resisted|p2a: Raging Bolt
|-damage|p2a: Raging Bolt|0 fnt
|faint|p2a: Raging Bolt
|-end|p2a: Raging Bolt|Protosynthesis|[silent]
|
|-heal|p1a: Rillaboom|42/100|[from] Grassy Terrain
|upkeep
|
|t:|1779801525
|switch|p2a: Breloom|Breloom, F, tera:Steel|96/100 tox
|turn|20
|
|t:|1779801531
|switch|p1a: Dragapult|Dragapult, F|100/100
|switch|p2a: Kingambit|Kingambit, F|59/100 brn
|-activate|p2a: Kingambit|ability: Supreme Overlord
|-start|p2a: Kingambit|fallen3|[silent]
|
|-heal|p2a: Kingambit|65/100 brn|[from] Grassy Terrain
|-damage|p2a: Kingambit|59/100 brn|[from] brn
|upkeep
|turn|21
|
|t:|1779801538
|move|p1a: Dragapult|U-turn|p2a: Kingambit
|-damage|p2a: Kingambit|44/100 brn
|
|t:|1779801540
|switch|p1a: Corviknight|Corviknight, F|100/100|[from] U-turn
|-damage|p1a: Corviknight|88/100|[from] Stealth Rock
|-ability|p1a: Corviknight|Pressure
|move|p2a: Kingambit|Kowtow Cleave|p1a: Corviknight
|-damage|p1a: Corviknight|66/100
|-damage|p2a: Kingambit|28/100 brn|[from] item: Rocky Helmet|[of] p1a: Corviknight
|
|-heal|p2a: Kingambit|34/100 brn|[from] Grassy Terrain
|-damage|p2a: Kingambit|28/100 brn|[from] brn
|upkeep
|turn|22
|
|t:|1779801546
|move|p2a: Kingambit|Swords Dance|p2a: Kingambit
|-boost|p2a: Kingambit|atk|2
|move|p1a: Corviknight|Roost|p1a: Corviknight
|-heal|p1a: Corviknight|100/100
|-singleturn|p1a: Corviknight|move: Roost
|
|-heal|p2a: Kingambit|34/100 brn|[from] Grassy Terrain
|-damage|p2a: Kingambit|28/100 brn|[from] brn
|upkeep
|turn|23
|
|t:|1779801549
|move|p2a: Kingambit|Kowtow Cleave|p1a: Corviknight
|-damage|p1a: Corviknight|53/100
|-damage|p2a: Kingambit|11/100 brn|[from] item: Rocky Helmet|[of] p1a: Corviknight
|move|p1a: Corviknight|Brave Bird|p2a: Kingambit
|-resisted|p2a: Kingambit
|-damage|p2a: Kingambit|0 fnt
|faint|p2a: Kingambit
|-end|p2a: Kingambit|fallen3|[silent]
|-damage|p1a: Corviknight|50/100|[from] Recoil
|
|-fieldend|move: Grassy Terrain
|upkeep
|
|t:|1779801552
|switch|p2a: Greninja|Greninja, M|100/100
|turn|24
|
|t:|1779801555
|move|p2a: Greninja|Hydro Pump|p1a: Corviknight
|-damage|p1a: Corviknight|0 fnt
|faint|p1a: Corviknight
|-ability|p2a: Greninja|Battle Bond|boost
|-boost|p2a: Greninja|atk|1
|-boost|p2a: Greninja|spa|1
|-boost|p2a: Greninja|spe|1
|-activate|p2a: Greninja|ability: Battle Bond
|-damage|p2a: Greninja|91/100|[from] item: Life Orb
|
|upkeep
|
|t:|1779801558
|switch|p1a: Rillaboom|Rillaboom, M, tera:Grass|42/100
|-damage|p1a: Rillaboom|29/100|[from] Stealth Rock
|-fieldstart|move: Grassy Terrain|[from] ability: Grassy Surge|[of] p1a: Rillaboom
|turn|25
|
|t:|1779801561
|move|p2a: Greninja|Water Shuriken|p1a: Rillaboom
|-resisted|p1a: Rillaboom
|-damage|p1a: Rillaboom|21/100
|-resisted|p1a: Rillaboom
|-damage|p1a: Rillaboom|13/100
|-resisted|p1a: Rillaboom
|-damage|p1a: Rillaboom|5/100
|-resisted|p1a: Rillaboom
|-damage|p1a: Rillaboom|0 fnt
|faint|p1a: Rillaboom
|-hitcount|p1: Rillaboom|4
|-damage|p2a: Greninja|81/100|[from] item: Life Orb
|
|-heal|p2a: Greninja|87/100|[from] Grassy Terrain
|upkeep
|-message|My Alexandra forfeited.
|
|win|fregene97
|raw|My Alexandra's rating: 1326 &rarr; <strong>1305</strong><br />(-21 for losing)
|raw|fregene97's rating: 1301 &rarr; <strong>1322</strong><br />(+21 for winning)
|l|☆My Alexandra
|player|p1|
|l|☆fregene97
|player|p2|
