|j|☆armando estasilla
|j|☆Zepuff_
|t:|1779813734
|gametype|singles
|player|p1|armando estasilla|backpacker|1344
|player|p2|Zepuff_|blaine|1325
|gen|9
|tier|[Gen 9] OU
|rated|
|rule|HP Percentage Mod: HP is shown in percentages
|rule|Endless Battle Clause: Forcing endless battles is banned
|rule|Species Clause: Limit one of each Pokémon
|rule|OHKO Clause: OHKO moves are banned
|rule|Evasion Items Clause: Evasion items are banned
|rule|Evasion Moves Clause: Evasion moves are banned
|rule|Evasion Abilities Clause: Evasion abilities are banned
|rule|Sleep Moves Clause: Sleep-inducing moves are banned
|clearpoke
|poke|p1|Staraptor, M|
|poke|p1|Ceruledge, F|
|poke|p1|Iron Crown|
|poke|p1|Alomomola, M|
|poke|p1|Mamoswine, M|
|poke|p1|Rabsca, M|
|poke|p2|Landorus-Therian, M|
|poke|p2|Iron Valiant|
|poke|p2|Lokix, M|
|poke|p2|Zoroark-Hisui, M|
|poke|p2|Slowking-Galar, M|
|poke|p2|Mimikyu, F|
|teampreview
|inactive|Battle timer is ON: inactive players will automatically lose when time's up. (requested by armando estasilla)
|
|t:|1779813743
|teamsize|p1|6
|teamsize|p2|6
|start
|switch|p1a: Alomomola|Alomomola, M|100/100
|switch|p2a: Landorus|Landorus-Therian, M|100/100
|-ability|p2a: Landorus|Intimidate|boost
|-unboost|p1a: Alomomola|atk|1
|turn|1
|
|t:|1779813754
|move|p2a: Landorus|Stealth Rock|p1a: Alomomola
|-sidestart|p1: armando estasilla|move: Stealth Rock
|move|p1a: Alomomola|Flip Turn|p2a: Landorus
|-supereffective|p2a: Landorus
|-damage|p2a: Landorus|86/100
|-damage|p1a: Alomomola|84/100|[from] item: Rocky Helmet|[of] p2a: Landorus
|
|t:|1779813762
|switch|p1a: Mamoswine|Mamoswine, M|100/100|[from] Flip Turn
|-damage|p1a: Mamoswine|88/100|[from] Stealth Rock
|
|upkeep
|turn|2
|
|t:|1779813772
|switch|p2a: Slowking|Slowking-Galar, M|100/100
|move|p1a: Mamoswine|Ice Shard|p2a: Slowking
|-damage|p2a: Slowking|74/100
|
|-heal|p2a: Slowking|80/100|[from] item: Leftovers
|upkeep
|turn|3
|
|t:|1779813782
|switch|p2a: Landorus|Landorus-Therian, M|86/100
|-ability|p2a: Landorus|Intimidate|boost
|-fail|p1a: Mamoswine|unboost|Attack|[from] ability: Oblivious|[of] p1a: Mamoswine
|move|p1a: Mamoswine|Earthquake|p2a: Landorus
|-immune|p2a: Landorus
|
|upkeep
|turn|4
|
|t:|1779813792
|move|p1a: Mamoswine|Ice Shard|p2a: Landorus
|-supereffective|p2a: Landorus
|-damage|p2a: Landorus|33/100
|move|p2a: Landorus|U-turn|p1a: Mamoswine
|-damage|p1a: Mamoswine|62/100
|
|t:|1779813797
|switch|p2a: Mimikyu|Mimikyu, F|100/100|[from] U-turn
|
|upkeep
|turn|5
|
|t:|1779813806
|move|p1a: Mamoswine|Ice Shard|p2a: Mimikyu
|-activate|p2a: Mimikyu|ability: Disguise
|-damage|p2a: Mimikyu|100/100
|detailschange|p2a: Mimikyu|Mimikyu-Busted, F
|-damage|p2a: Mimikyu|88/100|[from] pokemon: Mimikyu-Busted
|move|p2a: Mimikyu|Play Rough|p1a: Mamoswine
|-damage|p1a: Mamoswine|7/100
|-damage|p2a: Mimikyu|78/100|[from] item: Life Orb
|
|upkeep
|turn|6
|
|t:|1779813817
|switch|p1a: Staraptor|Staraptor, M, shiny|100/100
|-damage|p1a: Staraptor|76/100|[from] Stealth Rock
|move|p2a: Mimikyu|Shadow Sneak|p1a: Staraptor
|-immune|p1a: Staraptor
|
|upkeep
|turn|7
|
|t:|1779813825
|move|p1a: Staraptor|Brave Bird|p2a: Mimikyu
|-damage|p2a: Mimikyu|0 fnt
|faint|p2a: Mimikyu
|-damage|p1a: Staraptor|50/100|[from] Recoil
|
|upkeep
|
|t:|1779813831
|switch|p2a: Slowking|Slowking-Galar, M|100/100
|turn|8
|
|t:|1779813837
|switch|p1a: Mamoswine|Mamoswine, M|7/100
|-damage|p1a: Mamoswine|0 fnt|[from] Stealth Rock
|faint|p1a: Mamoswine
|-prepare|p2a: Slowking|Chilly Reception|[premajor]
|move|p2a: Slowking|Chilly Reception|p2a: Slowking
|-weather|Snowscape
|
|t:|1779813845
|switch|p2a: Lokix|Lokix, M|100/100|[from] Chilly Reception
|
|-weather|Snowscape|[upkeep]
|upkeep
|
|t:|1779813853
|switch|p1a: Alomomola|Alomomola, M|100/100
|-damage|p1a: Alomomola|88/100|[from] Stealth Rock
|turn|9
|
|t:|1779813858
|move|p2a: Lokix|Trick|p1a: Alomomola
|-activate|p2a: Lokix|move: Trick|[of] p1a: Alomomola
|-item|p1a: Alomomola|Focus Sash|[from] move: Trick
|-item|p2a: Lokix|Assault Vest|[from] move: Trick
|move|p1a: Alomomola|Play Rough|p2a: Lokix
|-damage|p2a: Lokix|67/100
|replace|p2a: Zoroark|Zoroark-Hisui, M
|-end|p2a: Zoroark|Illusion
|
|-weather|Snowscape|[upkeep]
|upkeep
|turn|10
|
|t:|1779813867
|move|p2a: Zoroark|Bitter Malice|p1a: Alomomola
|-damage|p1a: Alomomola|62/100
|-unboost|p1a: Alomomola|atk|1
|move|p1a: Alomomola|Mirror Coat|p2a: Zoroark
|-damage|p2a: Zoroark|0 fnt
|faint|p2a: Zoroark
|
|-weather|Snowscape|[upkeep]
|upkeep
|
|t:|1779813883
|switch|p2a: Iron Valiant|Iron Valiant|100/100
|-enditem|p2a: Iron Valiant|Booster Energy
|-activate|p2a: Iron Valiant|ability: Quark Drive|[fromitem]
|-start|p2a: Iron Valiant|quarkdrivespe
|turn|11
|
|t:|1779813889
|move|p2a: Iron Valiant|Calm Mind|p2a: Iron Valiant
|-boost|p2a: Iron Valiant|spa|1
|-boost|p2a: Iron Valiant|spd|1
|move|p1a: Alomomola|Flip Turn|p2a: Iron Valiant
|-damage|p2a: Iron Valiant|86/100
|
|t:|1779813895
|switch|p1a: Rabsca|Rabsca, M|100/100|[from] Flip Turn
|-damage|p1a: Rabsca|76/100|[from] Stealth Rock
|
|-weather|Snowscape|[upkeep]
|upkeep
|turn|12
|
|t:|1779813908
|-terastallize|p2a: Iron Valiant|Steel
|move|p2a: Iron Valiant|Calm Mind|p2a: Iron Valiant
|-boost|p2a: Iron Valiant|spa|1
|-boost|p2a: Iron Valiant|spd|1
|move|p1a: Rabsca|Psychic Noise|p2a: Iron Valiant
|-resisted|p2a: Iron Valiant
|-damage|p2a: Iron Valiant|73/100
|-start|p2a: Iron Valiant|move: Heal Block
|
|-weather|none
|upkeep
|turn|13
|
|t:|1779813919
|move|p2a: Iron Valiant|Calm Mind|p2a: Iron Valiant
|-boost|p2a: Iron Valiant|spa|1
|-boost|p2a: Iron Valiant|spd|1
|move|p1a: Rabsca|Revival Blessing|p1a: Rabsca
|
|t:|1779813922
|-heal|p1: Mamoswine|50/100|[from] move: Revival Blessing
|
|-end|p2a: Iron Valiant|move: Heal Block
|upkeep
|turn|14
|
|t:|1779813927
|move|p2a: Iron Valiant|Encore||[still]
|-fail|p2a: Iron Valiant
|move|p1a: Rabsca|Earth Power|p2a: Iron Valiant
|-supereffective|p2a: Iron Valiant
|-damage|p2a: Iron Valiant|39/100
|
|upkeep
|turn|15
|
|t:|1779813933
|move|p2a: Iron Valiant|Moonblast|p1a: Rabsca
|-damage|p1a: Rabsca|0 fnt
|faint|p1a: Rabsca
|
|upkeep
|
|t:|1779813936
|switch|p1a: Mamoswine|Mamoswine, M|50/100
|-damage|p1a: Mamoswine|38/100|[from] Stealth Rock
|turn|16
|c|☆Zepuff_|didn't know it didnt work
|
|t:|1779813943
|move|p1a: Mamoswine|Endure|p1a: Mamoswine
|-singleturn|p1a: Mamoswine|move: Endure
|move|p2a: Iron Valiant|Aura Sphere|p1a: Mamoswine
|-supereffective|p1a: Mamoswine
|-activate|p1a: Mamoswine|move: Endure
|-damage|p1a: Mamoswine|1/100
|
|upkeep
|turn|17
|-enditem|p1a: Mamoswine|Custap Berry|[eat]
|-activate|p1a: Mamoswine|item: Custap Berry|[consumed]
|
|t:|1779813950
|move|p1a: Mamoswine|Earthquake|p2a: Iron Valiant
|-supereffective|p2a: Iron Valiant
|-damage|p2a: Iron Valiant|0 fnt
|faint|p2a: Iron Valiant
|-end|p2a: Iron Valiant|Quark Drive|[silent]
|
|upkeep
|
|t:|1779813956
|switch|p2a: Lokix|Lokix, M|100/100
|turn|18
|
|t:|1779813960
|move|p2a: Lokix|First Impression|p1a: Mamoswine
|-crit|p1a: Mamoswine
|-damage|p1a: Mamoswine|0 fnt
|faint|p1a: Mamoswine
|
|upkeep
|
|t:|1779813965
|switch|p1a: Staraptor|Staraptor, M, shiny|50/100
|-damage|p1a: Staraptor|25/100|[from] Stealth Rock
|turn|19
|
|t:|1779813969
|switch|p2a: Slowking|Slowking-Galar, M|100/100
|move|p1a: Staraptor|Brave Bird|p2a: Slowking
|-damage|p2a: Slowking|3/100
|-damage|p1a: Staraptor|0 fnt|[from] Recoil
|faint|p1a: Staraptor
|
|-heal|p2a: Slowking|9/100|[from] item: Leftovers
|upkeep
|
|t:|1779813981
|switch|p1a: Iron Crown|Iron Crown|100/100
|-damage|p1a: Iron Crown|94/100|[from] Stealth Rock
|turn|20
|
|t:|1779813985
|move|p1a: Iron Crown|Tachyon Cutter|p2a: Slowking
|-damage|p2a: Slowking|0 fnt
|faint|p2a: Slowking
|-hitcount|p2: Slowking|1
|
|upkeep
|
|t:|1779813994
|switch|p2a: Lokix|Lokix, M|100/100
|turn|21
|
|t:|1779813998
|move|p1a: Iron Crown|Volt Switch|p2a: Lokix
|-damage|p2a: Lokix|53/100
|
|t:|1779814001
|-end|p1a: Iron Crown|Quark Drive|[silent]
|switch|p1a: Alomomola|Alomomola, M|95/100|[from] Volt Switch
|-damage|p1a: Alomomola|83/100|[from] Stealth Rock
|move|p2a: Lokix|Knock Off|p1a: Alomomola
|-damage|p1a: Alomomola|26/100
|-enditem|p1a: Alomomola|Focus Sash|[from] move: Knock Off|[of] p2a: Lokix
|
|upkeep
|turn|22
|
|t:|1779814008
|move|p1a: Alomomola|Aqua Jet|p2a: Lokix
|-damage|p2a: Lokix|36/100
|move|p2a: Lokix|Knock Off|p1a: Alomomola
|-damage|p1a: Alomomola|0 fnt
|faint|p1a: Alomomola
|
|upkeep
|
|t:|1779814012
|switch|p1a: Ceruledge|Ceruledge, F|100/100
|turn|23
|
|t:|1779814016
|move|p1a: Ceruledge|Endure|p1a: Ceruledge
|-singleturn|p1a: Ceruledge|move: Endure
|move|p2a: Lokix|Knock Off|p1a: Ceruledge
|-supereffective|p1a: Ceruledge
|-activate|p1a: Ceruledge|move: Endure
|-damage|p1a: Ceruledge|1/100
|-ability|p1a: Ceruledge|Weak Armor|boost
|-unboost|p1a: Ceruledge|def|1
|-boost|p1a: Ceruledge|spe|2
|-enditem|p1a: Ceruledge|Heavy-Duty Boots|[from] move: Knock Off|[of] p2a: Lokix
|
|upkeep
|turn|24
|
|t:|1779814025
|switch|p2a: Landorus|Landorus-Therian, M|33/100
|-ability|p2a: Landorus|Intimidate|boost
|-unboost|p1a: Ceruledge|atk|1
|move|p1a: Ceruledge|Destiny Bond|p1a: Ceruledge
|-singlemove|p1a: Ceruledge|Destiny Bond
|
|upkeep
|turn|25
|
|t:|1779814031
|-terastallize|p1a: Ceruledge|Fire
|move|p1a: Ceruledge|Bitter Blade|p2a: Landorus
|-damage|p2a: Landorus|7/100
|-heal|p1a: Ceruledge|18/100|[from] drain|[of] p2a: Landorus
|-damage|p1a: Ceruledge|1/100|[from] item: Rocky Helmet|[of] p2a: Landorus
|move|p2a: Landorus|U-turn|p1a: Ceruledge
|-resisted|p1a: Ceruledge
|-damage|p1a: Ceruledge|0 fnt
|faint|p1a: Ceruledge
|
|t:|1779814041
|switch|p2a: Lokix|Lokix, M|36/100|[from] U-turn
|
|upkeep
|
|t:|1779814045
|switch|p1a: Iron Crown|Iron Crown|94/100
|-damage|p1a: Iron Crown|88/100|[from] Stealth Rock
|turn|26
|
|t:|1779814049
|move|p2a: Lokix|First Impression|p1a: Iron Crown
|-damage|p1a: Iron Crown|21/100
|move|p1a: Iron Crown|Tachyon Cutter|p2a: Lokix
|-damage|p2a: Lokix|0 fnt
|faint|p2a: Lokix
|-hitcount|p2: Lokix|1
|
|upkeep
|c|☆armando estasilla|gg
|
|t:|1779814056
|switch|p2a: Landorus|Landorus-Therian, M|7/100
|-ability|p2a: Landorus|Intimidate|boost
|-unboost|p1a: Iron Crown|atk|1
|turn|27
|
|t:|1779814061
|move|p1a: Iron Crown|Psychic Noise|p2a: Landorus
|-damage|p2a: Landorus|0 fnt
|faint|p2a: Landorus
|
|win|armando estasilla
|raw|armando estasilla's rating: 1344 &rarr; <strong>1363</strong><br />(+19 for winning)
|raw|Zepuff_'s rating: 1325 &rarr; <strong>1306</strong><br />(-19 for losing)
|l|☆Zepuff_
|player|p2|
|l|☆armando estasilla
|player|p1|
