|j|☆Igoodnamename
|j|☆ahjskahskjah
|t:|1779821959
|gametype|singles
|player|p1|Igoodnamename|aaron|1610
|player|p2|ahjskahskjah|plasmagrunt-gen5bw|1622
|gen|9
|tier|[Gen 9] OU
|rated|
|rule|HP Percentage Mod: HP is shown in percentages
|rule|Endless Battle Clause: Forcing endless battles is banned
|rule|Species Clause: Limit one of each Pokémon
|rule|OHKO Clause: OHKO moves are banned
|rule|Evasion Items Clause: Evasion items are banned
|rule|Evasion Moves Clause: Evasion moves are banned
|rule|Evasion Abilities Clause: Evasion abilities are banned
|rule|Sleep Moves Clause: Sleep-inducing moves are banned
|clearpoke
|poke|p1|Skarmory, F|
|poke|p1|Pecharunt|
|poke|p1|Garganacl, F|
|poke|p1|Sylveon, F|
|poke|p1|Gliscor, M|
|poke|p1|Darkrai|
|poke|p2|Goodra-Hisui, M|
|poke|p2|Alomomola, F|
|poke|p2|Great Tusk|
|poke|p2|Gliscor, M|
|poke|p2|Dragapult, F|
|poke|p2|Kingambit, M|
|teampreview
|inactive|Battle timer is ON: inactive players will automatically lose when time's up. (requested by ahjskahskjah)
|
|t:|1779821977
|teamsize|p1|6
|teamsize|p2|6
|start
|switch|p1a: Skarmory|Skarmory, F|100/100
|switch|p2a: Basshunter|Dragapult, F|100/100
|turn|1
|j| Pulkatz
|
|t:|1779821982
|switch|p1a: Garganacl|Garganacl, F|100/100
|move|p2a: Basshunter|Will-O-Wisp|p1a: Garganacl
|-immune|p1a: Garganacl|[from] ability: Purifying Salt
|
|upkeep
|turn|2
|
|t:|1779821988
|switch|p2a: Gliscor|Gliscor, M|100/100
|move|p1a: Garganacl|Stealth Rock|p2a: Gliscor
|-sidestart|p2: ahjskahskjah|move: Stealth Rock
|
|-status|p2a: Gliscor|tox|[from] item: Toxic Orb
|upkeep
|turn|3
|
|t:|1779821995
|switch|p1a: Skarmory|Skarmory, F|100/100
|move|p2a: Gliscor|Spikes|p1a: Skarmory
|-sidestart|p1: Igoodnamename|Spikes
|
|upkeep
|turn|4
|
|t:|1779822001
|move|p2a: Gliscor|Knock Off|p1a: Skarmory
|-damage|p1a: Skarmory|88/100
|-damage|p2a: Gliscor|84/100 tox|[from] item: Rocky Helmet|[of] p1a: Skarmory
|-enditem|p1a: Skarmory|Rocky Helmet|[from] move: Knock Off|[of] p2a: Gliscor
|move|p1a: Skarmory|Spikes|p2a: Gliscor
|-sidestart|p2: ahjskahskjah|Spikes
|
|-heal|p2a: Gliscor|97/100 tox|[from] ability: Poison Heal
|upkeep
|turn|5
|
|t:|1779822003
|move|p2a: Gliscor|Spikes|p1a: Skarmory
|-sidestart|p1: Igoodnamename|Spikes
|move|p1a: Skarmory|Spikes|p2a: Gliscor
|-sidestart|p2: ahjskahskjah|Spikes
|
|-heal|p2a: Gliscor|100/100 tox|[from] ability: Poison Heal
|upkeep
|turn|6
|
|t:|1779822005
|move|p2a: Gliscor|Spikes|p1a: Skarmory
|-sidestart|p1: Igoodnamename|Spikes
|move|p1a: Skarmory|Spikes|p2a: Gliscor
|-sidestart|p2: ahjskahskjah|Spikes
|
|upkeep
|turn|7
|
|t:|1779822012
|move|p2a: Gliscor|Knock Off|p1a: Skarmory
|-damage|p1a: Skarmory|79/100
|move|p1a: Skarmory|Iron Defense|p1a: Skarmory
|-boost|p1a: Skarmory|def|2
|
|upkeep
|turn|8
|
|t:|1779822030
|switch|p2a: Basshunter|Dragapult, F|100/100
|move|p1a: Skarmory|Body Press|p2a: Basshunter
|-immune|p2a: Basshunter
|
|upkeep
|turn|9
|
|t:|1779822035
|switch|p1a: Sylveon|Sylveon, F|100/100
|move|p2a: Basshunter|Will-O-Wisp|p1a: Sylveon
|-status|p1a: Sylveon|brn
|
|-damage|p1a: Sylveon|94/100 brn|[from] brn
|upkeep
|turn|10
|
|t:|1779822040
|move|p2a: Basshunter|U-turn|p1a: Sylveon
|-resisted|p1a: Sylveon
|-damage|p1a: Sylveon|86/100 brn
|inactive|ahjskahskjah has 120 seconds left.
|
|t:|1779822079
|switch|p2a: Gliscor|Gliscor, M|100/100 tox|[from] U-turn
|-damage|p2a: Gliscor|88/100 tox|[from] Stealth Rock
|move|p1a: Sylveon|Hyper Voice|p2a: Gliscor
|-damage|p2a: Gliscor|35/100 tox
|
|-heal|p2a: Gliscor|48/100 tox|[from] ability: Poison Heal
|-damage|p1a: Sylveon|80/100 brn|[from] brn
|upkeep
|turn|11
|inactive|ahjskahskjah has 120 seconds left.
|
|t:|1779822094
|move|p2a: Gliscor|Protect|p2a: Gliscor
|-singleturn|p2a: Gliscor|Protect
|move|p1a: Sylveon|Calm Mind|p1a: Sylveon
|-boost|p1a: Sylveon|spa|1
|-boost|p1a: Sylveon|spd|1
|
|-heal|p2a: Gliscor|60/100 tox|[from] ability: Poison Heal
|-damage|p1a: Sylveon|74/100 brn|[from] brn
|upkeep
|turn|12
|
|t:|1779822098
|move|p2a: Gliscor|Knock Off|p1a: Sylveon
|-resisted|p1a: Sylveon
|-damage|p1a: Sylveon|64/100 brn
|-enditem|p1a: Sylveon|Heavy-Duty Boots|[from] move: Knock Off|[of] p2a: Gliscor
|move|p1a: Sylveon|Hyper Voice|p2a: Gliscor
|-crit|p2a: Gliscor
|-damage|p2a: Gliscor|0 fnt
|faint|p2a: Gliscor
|
|-damage|p1a: Sylveon|58/100 brn|[from] brn
|upkeep
|
|t:|1779822106
|switch|p2a: Backbone|Great Tusk|100/100
|turn|13
|
|t:|1779822111
|move|p2a: Backbone|Headlong Rush|p1a: Sylveon
|-damage|p1a: Sylveon|2/100 brn
|-unboost|p2a: Backbone|def|1
|-unboost|p2a: Backbone|spd|1
|move|p1a: Sylveon|Hyper Voice|p2a: Backbone
|-supereffective|p2a: Backbone
|-damage|p2a: Backbone|0 fnt
|faint|p2a: Backbone
|-end|p2a: Backbone|Protosynthesis|[silent]
|
|-damage|p1a: Sylveon|0 fnt|[from] brn
|faint|p1a: Sylveon
|upkeep
|
|t:|1779822119
|switch|p2a: Basshunter|Dragapult, F|100/100
|switch|p1a: Gliscor|Gliscor, M|100/100
|turn|14
|
|t:|1779822124
|move|p1a: Gliscor|Protect|p1a: Gliscor
|-singleturn|p1a: Gliscor|Protect
|move|p2a: Basshunter|Will-O-Wisp|p1a: Gliscor
|-activate|p1a: Gliscor|move: Protect
|
|-status|p1a: Gliscor|tox|[from] item: Toxic Orb
|upkeep
|turn|15
|
|t:|1779822148
|switch|p2a: Luv u T|Alomomola, F|100/100
|-damage|p2a: Luv u T|88/100|[from] Stealth Rock
|-damage|p2a: Luv u T|63/100|[from] Spikes
|move|p1a: Gliscor|Knock Off|p2a: Luv u T
|-damage|p2a: Luv u T|51/100
|-damage|p1a: Gliscor|84/100 tox|[from] item: Rocky Helmet|[of] p2a: Luv u T
|-enditem|p2a: Luv u T|Rocky Helmet|[from] move: Knock Off|[of] p1a: Gliscor
|
|-heal|p1a: Gliscor|97/100 tox|[from] ability: Poison Heal
|upkeep
|turn|16
|
|t:|1779822158
|move|p1a: Gliscor|Swords Dance|p1a: Gliscor
|-boost|p1a: Gliscor|atk|2
|move|p2a: Luv u T|Flip Turn|p1a: Gliscor
|-supereffective|p1a: Gliscor
|-damage|p1a: Gliscor|72/100 tox
|
|t:|1779822177
|switch|p2a: Basshunter|Dragapult, F|100/100|[from] Flip Turn
|
|-heal|p1a: Gliscor|85/100 tox|[from] ability: Poison Heal
|upkeep
|turn|17
|
|t:|1779822180
|move|p1a: Gliscor|Protect|p1a: Gliscor
|-singleturn|p1a: Gliscor|Protect
|move|p2a: Basshunter|Hex|p1a: Gliscor
|-activate|p1a: Gliscor|move: Protect
|
|-heal|p1a: Gliscor|97/100 tox|[from] ability: Poison Heal
|upkeep
|turn|18
|
|t:|1779822187
|move|p2a: Basshunter|Hex|p1a: Gliscor
|-damage|p1a: Gliscor|52/100 tox
|move|p1a: Gliscor|Knock Off|p2a: Basshunter
|-supereffective|p2a: Basshunter
|-damage|p2a: Basshunter|0 fnt
|-enditem|p2a: Basshunter|Heavy-Duty Boots|[from] move: Knock Off|[of] p1a: Gliscor
|faint|p2a: Basshunter
|
|-heal|p1a: Gliscor|64/100 tox|[from] ability: Poison Heal
|upkeep
|
|t:|1779822191
|switch|p2a: Meister Yoshi|Kingambit, M|100/100
|-damage|p2a: Meister Yoshi|94/100|[from] Stealth Rock
|-damage|p2a: Meister Yoshi|69/100|[from] Spikes
|-activate|p2a: Meister Yoshi|ability: Supreme Overlord
|-start|p2a: Meister Yoshi|fallen3|[silent]
|turn|19
|
|t:|1779822205
|-terastallize|p2a: Meister Yoshi|Dark
|move|p1a: Gliscor|Knock Off|p2a: Meister Yoshi
|-resisted|p2a: Meister Yoshi
|-damage|p2a: Meister Yoshi|52/100
|-enditem|p2a: Meister Yoshi|Black Glasses|[from] move: Knock Off|[of] p1a: Gliscor
|move|p2a: Meister Yoshi|Kowtow Cleave|p1a: Gliscor
|-damage|p1a: Gliscor|0 fnt
|faint|p1a: Gliscor
|
|upkeep
|
|t:|1779822212
|switch|p1a: Darkrai|Darkrai|100/100
|-damage|p1a: Darkrai|76/100|[from] Spikes
|turn|20
|
|t:|1779822230
|move|p1a: Darkrai|Trick|p2a: Meister Yoshi
|-activate|p1a: Darkrai|move: Trick|[of] p2a: Meister Yoshi
|-item|p2a: Meister Yoshi|Choice Scarf|[from] move: Trick
|-enditem|p1a: Darkrai|Choice Scarf|[silent]|[from] move: Trick
|move|p2a: Meister Yoshi|Iron Head|p1a: Darkrai
|-damage|p1a: Darkrai|0 fnt
|faint|p1a: Darkrai
|
|upkeep
|
|t:|1779822238
|switch|p1a: Skarmory|Skarmory, F|79/100
|turn|21
|
|t:|1779822243
|-end|p2a: Meister Yoshi|fallen3|[silent]
|switch|p2a: Luv u T|Alomomola, F|84/100
|-damage|p2a: Luv u T|72/100|[from] Stealth Rock
|-damage|p2a: Luv u T|47/100|[from] Spikes
|move|p1a: Skarmory|Iron Defense|p1a: Skarmory
|-boost|p1a: Skarmory|def|2
|
|upkeep
|turn|22
|
|t:|1779822247
|switch|p1a: Garganacl|Garganacl, F|100/100
|-damage|p1a: Garganacl|75/100|[from] Spikes
|move|p2a: Luv u T|Wish|p2a: Luv u T
|
|-heal|p1a: Garganacl|82/100|[from] item: Leftovers
|upkeep
|turn|23
|
|t:|1779822251
|move|p2a: Luv u T|Flip Turn|p1a: Garganacl
|-supereffective|p1a: Garganacl
|-damage|p1a: Garganacl|59/100
|
|t:|1779822253
|switch|p2a: Meister Yoshi|Kingambit, M, tera:Dark|52/100|[from] Flip Turn
|-damage|p2a: Meister Yoshi|40/100|[from] Stealth Rock
|-damage|p2a: Meister Yoshi|15/100|[from] Spikes
|-activate|p2a: Meister Yoshi|ability: Supreme Overlord
|-start|p2a: Meister Yoshi|fallen3|[silent]
|move|p1a: Garganacl|Salt Cure|p2a: Meister Yoshi
|-crit|p2a: Meister Yoshi
|-damage|p2a: Meister Yoshi|0 fnt
|faint|p2a: Meister Yoshi
|-end|p2a: Meister Yoshi|fallen3|[silent]
|
|-heal|p1a: Garganacl|66/100|[from] item: Leftovers
|upkeep
|
|t:|1779822258
|switch|p2a: Forever Yours|Goodra-Hisui, M|100/100
|-damage|p2a: Forever Yours|94/100|[from] Stealth Rock
|-damage|p2a: Forever Yours|70/100|[from] Spikes
|turn|24
|
|t:|1779822264
|-terastallize|p1a: Garganacl|Water
|move|p2a: Forever Yours|Flash Cannon|p1a: Garganacl
|-resisted|p1a: Garganacl
|-damage|p1a: Garganacl|52/100
|move|p1a: Garganacl|Salt Cure|p2a: Forever Yours
|-resisted|p2a: Forever Yours
|-damage|p2a: Forever Yours|63/100
|-start|p2a: Forever Yours|Salt Cure
|
|-heal|p1a: Garganacl|58/100|[from] item: Leftovers
|-damage|p2a: Forever Yours|38/100|[from] Salt Cure
|upkeep
|turn|25
|-message|ahjskahskjah forfeited.
|
|win|Igoodnamename
|raw|Igoodnamename's rating: 1623 &rarr; <strong>1643</strong><br />(+20 for winning)
|raw|ahjskahskjah's rating: 1622 &rarr; <strong>1602</strong><br />(-20 for losing)
|l|☆ahjskahskjah
|player|p2|
|l|☆Igoodnamename
|player|p1|
|l| Pulkatz
