|j|☆KaiZX49
|j|☆claudechamp
|t:|1779807168
|gametype|singles
|player|p1|KaiZX49|youngster|1296
|player|p2|claudechamp|265|1280
|gen|9
|tier|[Gen 9] OU
|rated|
|rule|HP Percentage Mod: HP is shown in percentages
|rule|Endless Battle Clause: Forcing endless battles is banned
|rule|Species Clause: Limit one of each Pokémon
|rule|OHKO Clause: OHKO moves are banned
|rule|Evasion Items Clause: Evasion items are banned
|rule|Evasion Moves Clause: Evasion moves are banned
|rule|Evasion Abilities Clause: Evasion abilities are banned
|rule|Sleep Moves Clause: Sleep-inducing moves are banned
|clearpoke
|poke|p1|Skarmory, M|
|poke|p1|Iron Boulder|
|poke|p1|Clodsire, M|
|poke|p1|Rotom-Wash|
|poke|p1|Greninja-*, M|
|poke|p1|Cinderace, F|
|poke|p2|Gliscor, M|
|poke|p2|Ogerpon, F|
|poke|p2|Walking Wake|
|poke|p2|Blissey, F|
|poke|p2|Corviknight, M|
|poke|p2|Pecharunt|
|teampreview
|c|☆claudechamp|hf
|inactive|Battle timer is ON: inactive players will automatically lose when time's up. (requested by claudechamp)
|
|t:|1779807171
|teamsize|p1|6
|teamsize|p2|6
|start
|switch|p1a: Greninja|Greninja, M|100/100
|switch|p2a: Gliscor|Gliscor, M|100/100
|turn|1
|
|t:|1779807182
|switch|p1a: Rotom|Rotom-Wash|100/100
|move|p2a: Gliscor|Spikes|p1a: Rotom
|-sidestart|p1: KaiZX49|Spikes
|
|-status|p2a: Gliscor|tox|[from] item: Toxic Orb
|upkeep
|turn|2
|
|t:|1779807188
|move|p2a: Gliscor|Spikes|p1a: Rotom
|-sidestart|p1: KaiZX49|Spikes
|move|p1a: Rotom|Volt Switch|p2a: Gliscor
|-immune|p2a: Gliscor
|
|upkeep
|turn|3
|
|t:|1779807194
|move|p2a: Gliscor|Spikes|p1a: Rotom
|-sidestart|p1: KaiZX49|Spikes
|move|p1a: Rotom|Hydro Pump|p2a: Gliscor
|-supereffective|p2a: Gliscor
|-crit|p2a: Gliscor
|-damage|p2a: Gliscor|0 fnt
|faint|p2a: Gliscor
|
|upkeep
|
|t:|1779807196
|switch|p2a: Ogerpon|Ogerpon, F|100/100
|turn|4
|
|t:|1779807202
|-terastallize|p1a: Rotom|Steel
|move|p2a: Ogerpon|Ivy Cudgel|p1a: Rotom
|-resisted|p1a: Rotom
|-damage|p1a: Rotom|82/100
|move|p1a: Rotom|Will-O-Wisp|p2a: Ogerpon
|-status|p2a: Ogerpon|brn
|
|-heal|p1a: Rotom|88/100|[from] item: Leftovers
|-damage|p2a: Ogerpon|95/100 brn|[from] brn
|upkeep
|turn|5
|
|t:|1779807212
|switch|p2a: Blissey|Blissey, F|100/100
|move|p1a: Rotom|Volt Switch|p2a: Blissey
|-damage|p2a: Blissey|93/100
|
|t:|1779807217
|switch|p1a: Cinderace|Cinderace, F|100/100|[from] Volt Switch
|
|upkeep
|turn|6
|
|t:|1779807220
|move|p1a: Cinderace|Court Change|p1a: Cinderace
|-start|p1a: Cinderace|typechange|Normal|[from] ability: Libero
|-swapsideconditions
|-activate|p1a: Cinderace|move: Court Change
|move|p2a: Blissey|Stealth Rock|p1a: Cinderace
|-sidestart|p1: KaiZX49|move: Stealth Rock
|
|upkeep
|turn|7
|
|t:|1779807226
|move|p1a: Cinderace|U-turn|p2a: Blissey
|-damage|p2a: Blissey|71/100
|
|t:|1779807233
|switch|p1a: Rotom|Rotom-Wash, tera:Steel|88/100|[from] U-turn
|-damage|p1a: Rotom|82/100|[from] Stealth Rock
|move|p2a: Blissey|Seismic Toss|p1a: Rotom
|-damage|p1a: Rotom|49/100
|
|-heal|p1a: Rotom|55/100|[from] item: Leftovers
|upkeep
|turn|8
|
|t:|1779807243
|move|p1a: Rotom|Pain Split|p2a: Blissey
|-sethp|p2a: Blissey|48/100|[from] move: Pain Split|[silent]
|-sethp|p1a: Rotom|100/100|[from] move: Pain Split
|move|p2a: Blissey|Seismic Toss|p1a: Rotom
|-damage|p1a: Rotom|68/100
|
|-heal|p1a: Rotom|74/100|[from] item: Leftovers
|upkeep
|turn|9
|
|t:|1779807251
|move|p1a: Rotom|Volt Switch|p2a: Blissey
|-damage|p2a: Blissey|41/100
|
|t:|1779807254
|switch|p1a: Greninja|Greninja, M|100/100|[from] Volt Switch
|-damage|p1a: Greninja|88/100|[from] Stealth Rock
|move|p2a: Blissey|Soft-Boiled|p2a: Blissey
|-heal|p2a: Blissey|91/100
|
|upkeep
|turn|10
|
|t:|1779807261
|switch|p2a: Walking Wake|Walking Wake|100/100
|move|p1a: Greninja|Switcheroo|p2a: Walking Wake
|-activate|p1a: Greninja|move: Trick|[of] p2a: Walking Wake
|-item|p2a: Walking Wake|Choice Specs|[from] move: Switcheroo
|-item|p1a: Greninja|Heavy-Duty Boots|[from] move: Switcheroo
|
|upkeep
|turn|11
|
|t:|1779807267
|switch|p1a: Clodsire|Clodsire, M|100/100
|move|p2a: Walking Wake|Surf|p1a: Clodsire
|-immune|p1a: Clodsire|[from] ability: Water Absorb
|
|upkeep
|turn|12
|
|t:|1779807274
|switch|p1a: Cinderace|Cinderace, F|100/100
|move|p2a: Walking Wake|Surf|p1a: Cinderace
|-supereffective|p1a: Cinderace
|-damage|p1a: Cinderace|0 fnt
|faint|p1a: Cinderace
|
|upkeep
|
|t:|1779807281
|switch|p1a: Clodsire|Clodsire, M|100/100
|turn|13
|
|t:|1779807283
|move|p2a: Walking Wake|Surf|p1a: Clodsire
|-immune|p1a: Clodsire|[from] ability: Water Absorb
|move|p1a: Clodsire|Toxic|p2a: Walking Wake
|-status|p2a: Walking Wake|tox
|
|-damage|p2a: Walking Wake|94/100 tox|[from] psn
|upkeep
|turn|14
|
|t:|1779807290
|-end|p2a: Walking Wake|Protosynthesis|[silent]
|switch|p2a: Corviknight|Corviknight, M|100/100
|-ability|p2a: Corviknight|Pressure
|switch|p1a: Greninja|Greninja, M|88/100
|
|upkeep
|turn|15
|
|t:|1779807300
|move|p1a: Greninja|Surf|p2a: Corviknight
|-damage|p2a: Corviknight|56/100
|move|p2a: Corviknight|Body Press|p1a: Greninja
|-supereffective|p1a: Greninja
|-damage|p1a: Greninja|0 fnt
|faint|p1a: Greninja
|
|upkeep
|
|t:|1779807307
|switch|p1a: Iron Boulder|Iron Boulder|100/100
|-damage|p1a: Iron Boulder|88/100|[from] Stealth Rock
|-enditem|p1a: Iron Boulder|Booster Energy
|-activate|p1a: Iron Boulder|ability: Quark Drive|[fromitem]
|-start|p1a: Iron Boulder|quarkdrivespe
|turn|16
|
|t:|1779807314
|move|p1a: Iron Boulder|Swords Dance|p1a: Iron Boulder
|-boost|p1a: Iron Boulder|atk|2
|move|p2a: Corviknight|Roost|p2a: Corviknight
|-heal|p2a: Corviknight|100/100
|-singleturn|p2a: Corviknight|move: Roost
|
|upkeep
|turn|17
|
|t:|1779807321
|move|p1a: Iron Boulder|Mighty Cleave|p2a: Corviknight
|-damage|p2a: Corviknight|40/100
|move|p2a: Corviknight|U-turn|p1a: Iron Boulder
|-supereffective|p1a: Iron Boulder
|-damage|p1a: Iron Boulder|48/100
|
|t:|1779807329
|switch|p2a: Pecharunt|Pecharunt|100/100|[from] U-turn
|
|upkeep
|turn|18
|
|t:|1779807338
|move|p1a: Iron Boulder|Earthquake|p2a: Pecharunt
|-supereffective|p2a: Pecharunt
|-damage|p2a: Pecharunt|35/100
|move|p2a: Pecharunt|Foul Play|p1a: Iron Boulder
|-supereffective|p1a: Iron Boulder
|-damage|p1a: Iron Boulder|0 fnt
|faint|p1a: Iron Boulder
|-end|p1a: Iron Boulder|Quark Drive|[silent]
|
|upkeep
|-message|KaiZX49 forfeited.
|
|win|claudechamp
|raw|KaiZX49's rating: 1296 &rarr; <strong>1272</strong><br />(-24 for losing)
|raw|claudechamp's rating: 1305 &rarr; <strong>1324</strong><br />(+19 for winning)
|c|☆claudechamp|gg
|l|☆KaiZX49
|player|p1|
