|j|☆DMVortex38
|j|☆Garacade
|t:|1779926920
|gametype|singles
|player|p1|DMVortex38|169|1425
|player|p2|Garacade|101|1451
|gen|9
|tier|[Gen 9] OU
|rated|
|rule|HP Percentage Mod: HP is shown in percentages
|rule|Endless Battle Clause: Forcing endless battles is banned
|rule|Species Clause: Limit one of each Pokémon
|rule|OHKO Clause: OHKO moves are banned
|rule|Evasion Items Clause: Evasion items are banned
|rule|Evasion Moves Clause: Evasion moves are banned
|rule|Evasion Abilities Clause: Evasion abilities are banned
|rule|Sleep Moves Clause: Sleep-inducing moves are banned
|clearpoke
|poke|p1|Magmortar, F|
|poke|p1|Ogerpon-Wellspring, F|
|poke|p1|Great Tusk|
|poke|p1|Tornadus-Therian, M|
|poke|p1|Dragapult, F|
|poke|p1|Kingambit, F|
|poke|p2|Hoopa-Unbound|
|poke|p2|Zapdos|
|poke|p2|Gholdengo|
|poke|p2|Great Tusk|
|poke|p2|Araquanid, F|
|poke|p2|Ogerpon, F|
|teampreview
|inactive|Battle timer is ON: inactive players will automatically lose when time's up. (requested by Garacade)
|
|t:|1779926937
|teamsize|p1|6
|teamsize|p2|6
|start
|switch|p1a: Tornadus|Tornadus-Therian, M|100/100
|switch|p2a: Hoopa|Hoopa-Unbound|100/100
|turn|1
|
|t:|1779926953
|switch|p2a: Zapdos|Zapdos|100/100
|move|p1a: Tornadus|U-turn|p2a: Zapdos
|-resisted|p2a: Zapdos
|-damage|p2a: Zapdos|95/100
|-damage|p1a: Tornadus|84/100|[from] item: Rocky Helmet|[of] p2a: Zapdos
|-status|p1a: Tornadus|par|[from] ability: Static|[of] p2a: Zapdos
|
|t:|1779926968
|switch|p1a: Dragapult|Dragapult, F|100/100|[from] U-turn
|
|upkeep
|turn|2
|
|t:|1779926983
|switch|p2a: Araquanid|Araquanid, F|100/100
|move|p1a: Dragapult|Shadow Ball|p2a: Araquanid
|-damage|p2a: Araquanid|57/100
|
|upkeep
|turn|3
|
|t:|1779926991
|switch|p1a: Tornadus|Tornadus-Therian, M|100/100 par
|move|p2a: Araquanid|Sticky Web|p1a: Tornadus
|-sidestart|p1: DMVortex38|move: Sticky Web
|
|upkeep
|turn|4
|
|t:|1779927006
|move|p1a: Tornadus|Knock Off|p2a: Araquanid
|-damage|p2a: Araquanid|36/100
|-enditem|p2a: Araquanid|Custap Berry|[from] move: Knock Off|[of] p1a: Tornadus
|move|p2a: Araquanid|Surf|p1a: Tornadus
|-damage|p1a: Tornadus|63/100 par
|
|upkeep
|turn|5
|
|t:|1779927013
|cant|p1a: Tornadus|par
|move|p2a: Araquanid|Endeavor|p1a: Tornadus
|-damage|p1a: Tornadus|34/100 par
|
|upkeep
|turn|6
|
|t:|1779927017
|move|p1a: Tornadus|U-turn|p2a: Araquanid
|-damage|p2a: Araquanid|20/100
|
|t:|1779927034
|switch|p1a: Dragapult|Dragapult, F|100/100|[from] U-turn
|-activate|p1a: Dragapult|move: Sticky Web
|-unboost|p1a: Dragapult|spe|1
|move|p2a: Araquanid|Surf|p1a: Dragapult
|-resisted|p1a: Dragapult
|-damage|p1a: Dragapult|61/100
|
|upkeep
|turn|7
|
|t:|1779927046
|move|p1a: Dragapult|Shadow Ball|p2a: Araquanid
|-damage|p2a: Araquanid|0 fnt
|faint|p2a: Araquanid
|
|upkeep
|inactive|Garacade has 120 seconds left.
|
|t:|1779927079
|switch|p2a: Hoopa|Hoopa-Unbound|100/100
|turn|8
|
|t:|1779927086
|switch|p1a: Tornadus|Tornadus-Therian, M|67/100 par
|move|p2a: Hoopa|Dark Pulse|p1a: Tornadus
|-damage|p1a: Tornadus|31/100 par
|
|upkeep
|turn|9
|
|t:|1779927093
|switch|p1a: Kingambit|Kingambit, F|100/100
|-activate|p1a: Kingambit|move: Sticky Web
|-unboost|p1a: Kingambit|spe|1
|move|p2a: Hoopa|Dark Pulse|p1a: Kingambit
|-resisted|p1a: Kingambit
|-damage|p1a: Kingambit|70/100
|
|-heal|p1a: Kingambit|76/100|[from] item: Leftovers
|upkeep
|turn|10
|
|t:|1779927111
|switch|p2a: Great Tusk|Great Tusk|100/100
|-enditem|p2a: Great Tusk|Booster Energy
|-activate|p2a: Great Tusk|ability: Protosynthesis|[fromitem]
|-start|p2a: Great Tusk|protosynthesisspe
|-end|p1a: Kingambit|fallenundefined|[silent]
|switch|p1a: Great Tusk|Great Tusk|100/100
|
|upkeep
|turn|11
|
|t:|1779927122
|-end|p2a: Great Tusk|Protosynthesis|[silent]
|switch|p2a: Gholdengo|Gholdengo|100/100
|move|p1a: Great Tusk|Rapid Spin|p2a: Gholdengo
|-immune|p2a: Gholdengo
|
|upkeep
|turn|12
|
|t:|1779927127
|move|p1a: Great Tusk|Headlong Rush|p2a: Gholdengo
|-supereffective|p2a: Gholdengo
|-damage|p2a: Gholdengo|0 fnt
|-unboost|p1a: Great Tusk|def|1
|-unboost|p1a: Great Tusk|spd|1
|faint|p2a: Gholdengo
|
|upkeep
|
|t:|1779927132
|switch|p2a: Ogerpon|Ogerpon, F|100/100
|turn|13
|
|t:|1779927143
|-end|p1a: Great Tusk|Protosynthesis|[silent]
|switch|p1a: Magmortar|Magmortar, F|100/100
|-activate|p1a: Magmortar|move: Sticky Web
|-unboost|p1a: Magmortar|spe|1
|move|p2a: Ogerpon|U-turn|p1a: Magmortar
|-resisted|p1a: Magmortar
|-damage|p1a: Magmortar|74/100
|
|t:|1779927166
|switch|p2a: Hoopa|Hoopa-Unbound|100/100|[from] U-turn
|
|upkeep
|turn|14
|
|t:|1779927179
|switch|p1a: Tornadus|Tornadus-Therian, M|64/100 par
|move|p2a: Hoopa|Dark Pulse|p1a: Tornadus
|-damage|p1a: Tornadus|28/100 par
|
|upkeep
|turn|15
|
|t:|1779927192
|switch|p1a: Great Tusk|Great Tusk|100/100
|move|p2a: Hoopa|Dark Pulse|p1a: Great Tusk
|-resisted|p1a: Great Tusk
|-damage|p1a: Great Tusk|58/100
|
|upkeep
|turn|16
|
|t:|1779927200
|move|p2a: Hoopa|Dark Pulse|p1a: Great Tusk
|-resisted|p1a: Great Tusk
|-damage|p1a: Great Tusk|22/100
|cant|p1a: Great Tusk|flinch
|
|upkeep
|turn|17
|
|t:|1779927216
|-end|p1a: Great Tusk|Protosynthesis|[silent]
|switch|p1a: Kingambit|Kingambit, F|76/100
|-activate|p1a: Kingambit|move: Sticky Web
|-unboost|p1a: Kingambit|spe|1
|move|p2a: Hoopa|Dark Pulse|p1a: Kingambit
|-resisted|p1a: Kingambit
|-damage|p1a: Kingambit|48/100
|
|-heal|p1a: Kingambit|54/100|[from] item: Leftovers
|upkeep
|turn|18
|
|t:|1779927241
|switch|p2a: Great Tusk|Great Tusk|100/100
|move|p1a: Kingambit|Swords Dance|p1a: Kingambit
|-boost|p1a: Kingambit|atk|2
|
|-heal|p1a: Kingambit|60/100|[from] item: Leftovers
|upkeep
|turn|19
|
|t:|1779927249
|-end|p1a: Kingambit|fallenundefined|[silent]
|switch|p1a: Tornadus|Tornadus-Therian, M|61/100 par
|move|p2a: Great Tusk|Bulk Up|p2a: Great Tusk
|-boost|p2a: Great Tusk|atk|1
|-boost|p2a: Great Tusk|def|1
|
|upkeep
|turn|20
|
|t:|1779927257
|move|p2a: Great Tusk|Ice Spinner|p1a: Tornadus
|-supereffective|p1a: Tornadus
|-damage|p1a: Tornadus|0 fnt
|faint|p1a: Tornadus
|
|upkeep
|
|t:|1779927267
|switch|p1a: Great Tusk|Great Tusk|22/100
|turn|21
|
|t:|1779927273
|move|p2a: Great Tusk|Ice Spinner|p1a: Great Tusk
|-supereffective|p1a: Great Tusk
|-damage|p1a: Great Tusk|0 fnt
|faint|p1a: Great Tusk
|-end|p1a: Great Tusk|Protosynthesis|[silent]
|
|upkeep
|
|t:|1779927279
|switch|p1a: Ogerpon|Ogerpon-Wellspring, F|100/100
|-activate|p1a: Ogerpon|move: Sticky Web
|-unboost|p1a: Ogerpon|spe|1
|turn|22
|
|t:|1779927285
|-end|p2a: Great Tusk|Protosynthesis|[silent]
|switch|p2a: Ogerpon|Ogerpon, F|100/100
|move|p1a: Ogerpon|Ivy Cudgel|p2a: Ogerpon|[anim] Ivy Cudgel Water
|-resisted|p2a: Ogerpon
|-crit|p2a: Ogerpon
|-damage|p2a: Ogerpon|41/100
|
|upkeep
|turn|23
|
|t:|1779927293
|-terastallize|p2a: Ogerpon|Grass
|detailschange|p2a: Ogerpon|Ogerpon-Teal-Tera, F, tera:Grass
|-ability|p2a: Ogerpon|Embody Aspect (Teal)|boost
|-boost|p2a: Ogerpon|spe|1
|move|p2a: Ogerpon|Ivy Cudgel|p1a: Ogerpon
|-damage|p1a: Ogerpon|0 fnt
|faint|p1a: Ogerpon
|
|upkeep
|
|t:|1779927306
|switch|p1a: Kingambit|Kingambit, F|60/100
|-activate|p1a: Kingambit|move: Sticky Web
|-unboost|p1a: Kingambit|spe|1
|-activate|p1a: Kingambit|ability: Supreme Overlord
|-start|p1a: Kingambit|fallen3|[silent]
|turn|24
|
|t:|1779927312
|move|p2a: Ogerpon|Ivy Cudgel|p1a: Kingambit
|-resisted|p1a: Kingambit
|-damage|p1a: Kingambit|19/100
|move|p1a: Kingambit|Kowtow Cleave|p2a: Ogerpon
|-damage|p2a: Ogerpon|0 fnt
|faint|p2a: Ogerpon
|detailschange|p2: Ogerpon|Ogerpon, F|[silent]
|
|-heal|p1a: Kingambit|25/100|[from] item: Leftovers
|upkeep
|
|t:|1779927316
|switch|p2a: Great Tusk|Great Tusk|100/100
|turn|25
|
|t:|1779927323
|-terastallize|p1a: Kingambit|Fairy
|move|p2a: Great Tusk|Headlong Rush|p1a: Kingambit
|-damage|p1a: Kingambit|0 fnt
|-unboost|p2a: Great Tusk|def|1
|-unboost|p2a: Great Tusk|spd|1
|faint|p1a: Kingambit
|-end|p1a: Kingambit|fallen3|[silent]
|
|upkeep
|-message|DMVortex38 forfeited.
|
|win|Garacade
|raw|DMVortex38's rating: 1425 &rarr; <strong>1406</strong><br />(-19 for losing)
|raw|Garacade's rating: 1451 &rarr; <strong>1470</strong><br />(+19 for winning)
|l|☆DMVortex38
|player|p1|
|l|☆Garacade
|player|p2|
