|j|☆pineapplefred2
|j|☆prepare 4 die
|t:|1779860984
|gametype|singles
|player|p1|pineapplefred2|red|1374
|player|p2|prepare 4 die|wallace|1378
|gen|9
|tier|[Gen 9] OU
|rated|
|rule|HP Percentage Mod: HP is shown in percentages
|rule|Endless Battle Clause: Forcing endless battles is banned
|rule|Species Clause: Limit one of each Pokémon
|rule|OHKO Clause: OHKO moves are banned
|rule|Evasion Items Clause: Evasion items are banned
|rule|Evasion Moves Clause: Evasion moves are banned
|rule|Evasion Abilities Clause: Evasion abilities are banned
|rule|Sleep Moves Clause: Sleep-inducing moves are banned
|clearpoke
|poke|p1|Kyurem|
|poke|p1|Slowking-Galar, M|
|poke|p1|Dragapult, F|
|poke|p1|Kingambit, M|
|poke|p1|Great Tusk|
|poke|p1|Moltres|
|poke|p2|Darkrai|
|poke|p2|Jirachi|
|poke|p2|Gholdengo|
|poke|p2|Araquanid, M|
|poke|p2|Gliscor, M|
|poke|p2|Ogerpon-Wellspring, F|
|teampreview
|inactive|Battle timer is ON: inactive players will automatically lose when time's up. (requested by prepare 4 die)
|
|t:|1779861006
|teamsize|p1|6
|teamsize|p2|6
|start
|switch|p1a: Kyurem|Kyurem|100/100
|switch|p2a: Araquanid|Araquanid, M|100/100
|-ability|p1a: Kyurem|Pressure
|turn|1
|
|t:|1779861010
|move|p1a: Kyurem|Freeze-Dry|p2a: Araquanid
|-supereffective|p2a: Araquanid
|-damage|p2a: Araquanid|38/100
|move|p2a: Araquanid|Sticky Web|p1a: Kyurem
|-sidestart|p1: pineapplefred2|move: Sticky Web
|
|upkeep
|turn|2
|
|t:|1779861015
|switch|p1a: Dragapult|Dragapult, F|100/100
|switch|p2a: Jirachi|Jirachi|100/100
|
|upkeep
|turn|3
|
|t:|1779861020
|move|p1a: Dragapult|Will-O-Wisp|p2a: Jirachi
|-status|p2a: Jirachi|brn
|move|p2a: Jirachi|Thunder Wave|p1a: Dragapult
|-status|p1a: Dragapult|par
|
|-damage|p2a: Jirachi|94/100 brn|[from] brn
|upkeep
|turn|4
|
|t:|1779861026
|move|p2a: Jirachi|Wish|p2a: Jirachi
|move|p1a: Dragapult|Hex|p2a: Jirachi
|-supereffective|p2a: Jirachi
|-damage|p2a: Jirachi|33/100 brn
|
|-heal|p2a: Jirachi|40/100 brn|[from] item: Leftovers
|-damage|p2a: Jirachi|33/100 brn|[from] brn
|upkeep
|turn|5
|
|t:|1779861030
|switch|p2a: Araquanid|Araquanid, M|38/100
|move|p1a: Dragapult|U-turn|p2a: Araquanid
|-damage|p2a: Araquanid|18/100
|
|t:|1779861038
|switch|p1a: Great Tusk|Great Tusk|100/100|[from] U-turn
|-activate|p1a: Great Tusk|move: Sticky Web
|-unboost|p1a: Great Tusk|spe|1
|
|-heal|p2a: Araquanid|77/100|[from] move: Wish|[wisher] Jirachi
|upkeep
|turn|6
|
|t:|1779861043
|move|p1a: Great Tusk|Rapid Spin|p2a: Araquanid
|-damage|p2a: Araquanid|58/100
|-boost|p1a: Great Tusk|spe|1
|-sideend|p1: pineapplefred2|Sticky Web|[from] move: Rapid Spin|[of] p1a: Great Tusk
|move|p2a: Araquanid|Surf|p1a: Great Tusk
|-supereffective|p1a: Great Tusk
|-damage|p1a: Great Tusk|0 fnt
|faint|p1a: Great Tusk
|-end|p1a: Great Tusk|Protosynthesis|[silent]
|
|upkeep
|
|t:|1779861049
|switch|p1a: Kyurem|Kyurem|100/100
|-ability|p1a: Kyurem|Pressure
|turn|7
|
|t:|1779861054
|switch|p2a: Jirachi|Jirachi|33/100 brn
|move|p1a: Kyurem|Draco Meteor|p2a: Jirachi
|-resisted|p2a: Jirachi
|-damage|p2a: Jirachi|9/100 brn
|-unboost|p1a: Kyurem|spa|2
|
|-heal|p2a: Jirachi|16/100 brn|[from] item: Leftovers
|-damage|p2a: Jirachi|9/100 brn|[from] brn
|upkeep
|turn|8
|
|t:|1779861066
|move|p1a: Kyurem|Draco Meteor|p2a: Jirachi
|-resisted|p2a: Jirachi
|-damage|p2a: Jirachi|0 fnt
|-unboost|p1a: Kyurem|spa|2
|faint|p2a: Jirachi
|
|upkeep
|
|t:|1779861068
|switch|p2a: Araquanid|Araquanid, M|58/100
|turn|9
|
|t:|1779861095
|switch|p1a: Dragapult|Dragapult, F|100/100 par
|move|p2a: Araquanid|Sticky Web|p1a: Dragapult
|-sidestart|p1: pineapplefred2|move: Sticky Web
|
|upkeep
|turn|10
|
|t:|1779861110
|switch|p2a: Darkrai|Darkrai|100/100
|move|p1a: Dragapult|Dragon Darts|p2a: Darkrai
|-damage|p2a: Darkrai|74/100
|-anim|p1a: Dragapult|Dragon Darts|p2a: Darkrai
|-damage|p2a: Darkrai|46/100
|
|upkeep
|turn|11
|
|t:|1779861130
|-terastallize|p1a: Dragapult|Dragon
|move|p2a: Darkrai|Dark Pulse|p1a: Dragapult
|-damage|p1a: Dragapult|15/100 par
|move|p1a: Dragapult|U-turn|p2a: Darkrai
|-supereffective|p2a: Darkrai
|-damage|p2a: Darkrai|0 fnt
|faint|p2a: Darkrai
|
|t:|1779861137
|switch|p1a: Slowking|Slowking-Galar, M|100/100|[from] U-turn
|
|upkeep
|
|t:|1779861148
|switch|p2a: Gliscor|Gliscor, M|100/100
|turn|12
|
|t:|1779861153
|move|p2a: Gliscor|Swords Dance|p2a: Gliscor
|-boost|p2a: Gliscor|atk|2
|move|p1a: Slowking|Future Sight|p2a: Gliscor
|-start|p1a: Slowking|move: Future Sight
|
|-status|p2a: Gliscor|tox|[from] item: Toxic Orb
|upkeep
|turn|13
|
|t:|1779861157
|switch|p1a: Moltres|Moltres|100/100
|move|p2a: Gliscor|Swords Dance|p2a: Gliscor
|-boost|p2a: Gliscor|atk|2
|
|upkeep
|turn|14
|
|t:|1779861162
|-terastallize|p2a: Gliscor|Normal
|move|p2a: Gliscor|Facade|p1a: Moltres
|-damage|p1a: Moltres|4/100
|move|p1a: Moltres|Flamethrower|p2a: Gliscor
|-damage|p2a: Gliscor|70/100 tox
|
|-end|p2a: Gliscor|move: Future Sight
|-damage|p2a: Gliscor|33/100 tox
|-heal|p2a: Gliscor|46/100 tox|[from] ability: Poison Heal
|upkeep
|turn|15
|
|t:|1779861173
|move|p2a: Gliscor|Facade|p1a: Moltres
|-damage|p1a: Moltres|0 fnt
|faint|p1a: Moltres
|
|-heal|p2a: Gliscor|58/100 tox|[from] ability: Poison Heal
|upkeep
|
|t:|1779861180
|switch|p1a: Kingambit|Kingambit, M|100/100
|-activate|p1a: Kingambit|move: Sticky Web
|-unboost|p1a: Kingambit|spe|1
|-activate|p1a: Kingambit|ability: Supreme Overlord
|-start|p1a: Kingambit|fallen2|[silent]
|turn|16
|
|t:|1779861184
|move|p2a: Gliscor|Facade|p1a: Kingambit
|-resisted|p1a: Kingambit
|-crit|p1a: Kingambit
|-damage|p1a: Kingambit|29/100
|move|p1a: Kingambit|Iron Head|p2a: Gliscor
|-damage|p2a: Gliscor|13/100 tox
|
|-heal|p1a: Kingambit|36/100|[from] item: Leftovers
|-heal|p2a: Gliscor|26/100 tox|[from] ability: Poison Heal
|upkeep
|turn|17
|
|t:|1779861191
|move|p2a: Gliscor|Protect|p2a: Gliscor
|-singleturn|p2a: Gliscor|Protect
|move|p1a: Kingambit|Sucker Punch||[still]
|-fail|p1a: Kingambit
|
|-heal|p1a: Kingambit|42/100|[from] item: Leftovers
|-heal|p2a: Gliscor|38/100 tox|[from] ability: Poison Heal
|upkeep
|turn|18
|
|t:|1779861201
|-end|p1a: Kingambit|fallen2|[silent]
|switch|p1a: Dragapult|Dragapult, F, tera:Dragon|15/100 par
|move|p2a: Gliscor|Facade|p1a: Dragapult
|-damage|p1a: Dragapult|0 fnt
|faint|p1a: Dragapult
|
|-heal|p2a: Gliscor|51/100 tox|[from] ability: Poison Heal
|upkeep
|-message|pineapplefred2 forfeited.
|
|win|prepare 4 die
|raw|pineapplefred2's rating: 1374 &rarr; <strong>1354</strong><br />(-20 for losing)
|raw|prepare 4 die's rating: 1378 &rarr; <strong>1398</strong><br />(+20 for winning)
|l|☆pineapplefred2
|player|p1|
|l|☆prepare 4 die
|player|p2|
