|j|☆KING丶3266926956今余
|j|☆LL8888
|t:|1779878156
|gametype|singles
|player|p1|KING丶3266926956今余|dawn|1344
|player|p2|LL8888|2|1385
|gen|9
|tier|[Gen 9] OU
|rated|
|rule|HP Percentage Mod: HP is shown in percentages
|rule|Endless Battle Clause: Forcing endless battles is banned
|rule|Species Clause: Limit one of each Pokémon
|rule|OHKO Clause: OHKO moves are banned
|rule|Evasion Items Clause: Evasion items are banned
|rule|Evasion Moves Clause: Evasion moves are banned
|rule|Evasion Abilities Clause: Evasion abilities are banned
|rule|Sleep Moves Clause: Sleep-inducing moves are banned
|clearpoke
|poke|p1|Luxray, M|
|poke|p1|Noctowl, F|
|poke|p1|Alomomola, M|
|poke|p1|Meowstic, M|
|poke|p1|Incineroar, F|
|poke|p1|Meowscarada, F|
|poke|p2|Salamence, F|
|poke|p2|Scizor, M|
|poke|p2|Zapdos|
|poke|p2|Alomomola, F|
|poke|p2|Corviknight, F|
|poke|p2|Moltres|
|teampreview
|inactive|Battle timer is ON: inactive players will automatically lose when time's up. (requested by KING丶3266926956今余)
|inactive|LL8888 also wants the timer to be on.
|inactive|LL8888 has 120 seconds left.
|
|t:|1779878189
|teamsize|p1|6
|teamsize|p2|6
|start
|switch|p1a: Incineroar|Incineroar, F|100/100
|switch|p2a: Zapdos|Zapdos|100/100
|-ability|p1a: Incineroar|Intimidate|boost
|-unboost|p2a: Zapdos|atk|1
|turn|1
|
|t:|1779878204
|move|p2a: Zapdos|Hurricane|p1a: Incineroar
|-damage|p1a: Incineroar|63/100
|move|p1a: Incineroar|Parting Shot|p2a: Zapdos
|-unboost|p2a: Zapdos|atk|1
|-unboost|p2a: Zapdos|spa|1
|
|t:|1779878217
|switch|p1a: Luxray|Luxray, M|100/100|[from] Parting Shot
|
|-status|p1a: Luxray|brn|[from] item: Flame Orb
|upkeep
|turn|2
|
|t:|1779878228
|move|p1a: Luxray|Trailblaze|p2a: Zapdos
|-resisted|p2a: Zapdos
|-damage|p2a: Zapdos|92/100
|-boost|p1a: Luxray|spe|1
|-damage|p1a: Luxray|84/100 brn|[from] item: Rocky Helmet|[of] p2a: Zapdos
|move|p2a: Zapdos|Volt Switch|p1a: Luxray
|-resisted|p1a: Luxray
|-damage|p1a: Luxray|70/100 brn
|
|t:|1779878248
|switch|p2a: Salamence|Salamence, F|100/100|[from] Volt Switch
|
|-damage|p1a: Luxray|64/100 brn|[from] brn
|upkeep
|turn|3
|
|t:|1779878256
|move|p2a: Salamence|Earthquake|p1a: Luxray
|-supereffective|p1a: Luxray
|-damage|p1a: Luxray|0 fnt
|faint|p1a: Luxray
|-ability|p2a: Salamence|Moxie|boost
|-boost|p2a: Salamence|atk|1
|
|upkeep
|
|t:|1779878267
|switch|p1a: Incineroar|Incineroar, F|63/100
|-ability|p1a: Incineroar|Intimidate|boost
|-unboost|p2a: Salamence|atk|1
|turn|4
|
|t:|1779878272
|move|p2a: Salamence|Earthquake|p1a: Incineroar
|-supereffective|p1a: Incineroar
|-damage|p1a: Incineroar|2/100
|move|p1a: Incineroar|Will-O-Wisp|p2a: Salamence|[miss]
|-miss|p1a: Incineroar|p2a: Salamence
|
|upkeep
|turn|5
|
|t:|1779878279
|switch|p1a: Noctowl|Noctowl, F|100/100
|move|p2a: Salamence|Earthquake|p1a: Noctowl
|-immune|p1a: Noctowl
|
|upkeep
|turn|6
|
|t:|1779878287
|switch|p2a: Zapdos|Zapdos|92/100
|switch|p1a: Alomomola|Alomomola, M|100/100
|
|upkeep
|turn|7
|
|t:|1779878303
|move|p1a: Alomomola|Protect|p1a: Alomomola
|-singleturn|p1a: Alomomola|Protect
|move|p2a: Zapdos|Roost|p2a: Zapdos
|-heal|p2a: Zapdos|100/100
|-singleturn|p2a: Zapdos|move: Roost
|
|upkeep
|turn|8
|
|t:|1779878311
|move|p2a: Zapdos|Light Screen|p2a: Zapdos
|-sidestart|p2: LL8888|move: Light Screen
|move|p1a: Alomomola|Wish|p1a: Alomomola
|
|upkeep
|turn|9
|
|t:|1779878322
|move|p2a: Zapdos|Volt Switch|p1a: Alomomola
|-supereffective|p1a: Alomomola
|-damage|p1a: Alomomola|58/100
|
|t:|1779878337
|switch|p2a: Salamence|Salamence, F|100/100|[from] Volt Switch
|move|p1a: Alomomola|Flip Turn|p2a: Salamence
|-resisted|p2a: Salamence
|-damage|p2a: Salamence|90/100
|
|t:|1779878345
|switch|p1a: Incineroar|Incineroar, F|2/100|[from] Flip Turn
|-ability|p1a: Incineroar|Intimidate|boost
|-unboost|p2a: Salamence|atk|1
|
|-heal|p1a: Incineroar|70/100|[from] move: Wish|[wisher] Alomomola
|upkeep
|turn|10
|inactive|LL8888 has 120 seconds left.
|
|t:|1779878379
|switch|p2a: Zapdos|Zapdos|100/100
|move|p1a: Incineroar|Will-O-Wisp|p2a: Zapdos
|-status|p2a: Zapdos|brn
|
|-damage|p2a: Zapdos|94/100 brn|[from] brn
|upkeep
|turn|11
|inactive|LL8888 has 120 seconds left.
|
|t:|1779878389
|move|p2a: Zapdos|Hurricane|p1a: Incineroar
|-damage|p1a: Incineroar|32/100
|-start|p1a: Incineroar|confusion
|-activate|p1a: Incineroar|confusion
|-damage|p1a: Incineroar|24/100|[from] confusion
|
|-damage|p2a: Zapdos|88/100 brn|[from] brn
|upkeep
|turn|12
|
|t:|1779878399
|switch|p1a: Alomomola|Alomomola, M|91/100
|move|p2a: Zapdos|Volt Switch|p1a: Alomomola
|-supereffective|p1a: Alomomola
|-damage|p1a: Alomomola|50/100
|inactive|LL8888 has 120 seconds left.
|
|t:|1779878412
|switch|p2a: Salamence|Salamence, F|90/100|[from] Volt Switch
|
|-sideend|p2: LL8888|move: Light Screen
|upkeep
|turn|13
|
|t:|1779878419
|-terastallize|p2a: Salamence|Flying
|move|p1a: Alomomola|Protect|p1a: Alomomola
|-singleturn|p1a: Alomomola|Protect
|move|p2a: Salamence|Dual Wingbeat|p1a: Alomomola
|-activate|p1a: Alomomola|move: Protect
|
|upkeep
|turn|14
|
|t:|1779878433
|switch|p1a: Noctowl|Noctowl, F|100/100
|move|p2a: Salamence|Dual Wingbeat|p1a: Noctowl
|-damage|p1a: Noctowl|44/100
|-damage|p1a: Noctowl|0 fnt
|faint|p1a: Noctowl
|-ability|p2a: Salamence|Moxie|boost
|-boost|p2a: Salamence|atk|1
|-hitcount|p1: Noctowl|2
|
|upkeep
|
|t:|1779878441
|switch|p1a: Incineroar|Incineroar, F|24/100
|-ability|p1a: Incineroar|Intimidate|boost
|-unboost|p2a: Salamence|atk|1
|turn|15
|
|t:|1779878469
|switch|p1a: Alomomola|Alomomola, M|83/100
|move|p2a: Salamence|Dual Wingbeat|p1a: Alomomola
|-damage|p1a: Alomomola|58/100
|-damage|p1a: Alomomola|33/100
|-hitcount|p1a: Alomomola|2
|
|upkeep
|turn|16
|-message|KING丶3266926956今余 forfeited.
|
|win|LL8888
|raw|KING丶3266926956今余's rating: 1344 &rarr; <strong>1326</strong><br />(-18 for losing)
|raw|LL8888's rating: 1385 &rarr; <strong>1403</strong><br />(+18 for winning)
|l|☆KING丶3266926956今余
|player|p1|
|l|☆LL8888
|player|p2|
