|j|☆fearow sniper
|j|☆barbordor
|t:|1779861474
|gametype|singles
|player|p1|fearow sniper|backersf|1537
|player|p2|barbordor|169|1544
|gen|9
|tier|[Gen 9] OU
|rated|
|rule|HP Percentage Mod: HP is shown in percentages
|rule|Endless Battle Clause: Forcing endless battles is banned
|rule|Species Clause: Limit one of each Pokémon
|rule|OHKO Clause: OHKO moves are banned
|rule|Evasion Items Clause: Evasion items are banned
|rule|Evasion Moves Clause: Evasion moves are banned
|rule|Evasion Abilities Clause: Evasion abilities are banned
|rule|Sleep Moves Clause: Sleep-inducing moves are banned
|clearpoke
|poke|p1|Pelipper, M|
|poke|p1|Barraskewda, M|
|poke|p1|Kingdra, M|
|poke|p1|Thundurus, M|
|poke|p1|Iron Treads|
|poke|p1|Hydrapple, F|
|poke|p2|Great Tusk|
|poke|p2|Pecharunt|
|poke|p2|Cinderace, F|
|poke|p2|Alomomola, F|
|poke|p2|Meowscarada, F|
|poke|p2|Sylveon, M|
|teampreview
|inactive|Battle timer is ON: inactive players will automatically lose when time's up. (requested by barbordor)
|inactive|barbordor has 120 seconds left.
|j| bhybhww
|
|t:|1779861529
|teamsize|p1|6
|teamsize|p2|6
|start
|switch|p1a: Iron Treads|Iron Treads|100/100
|switch|p2a: Sylveon|Sylveon, M|100/100
|turn|1
|
|t:|1779861537
|switch|p2a: Alomomola|Alomomola, F, shiny|100/100
|move|p1a: Iron Treads|Stealth Rock|p2a: Alomomola
|-sidestart|p2: barbordor|move: Stealth Rock
|
|upkeep
|turn|2
|inactive|barbordor has 120 seconds left.
|inactive|fearow sniper has 120 seconds left.
|l| bhybhww
|
|t:|1779861603
|-end|p1a: Iron Treads|Quark Drive|[silent]
|switch|p1a: Pelipper|Pelipper, M|100/100
|-weather|RainDance|[from] ability: Drizzle|[of] p1a: Pelipper
|move|p2a: Alomomola|Flip Turn|p1a: Pelipper
|-resisted|p1a: Pelipper
|-damage|p1a: Pelipper|91/100
|inactive|barbordor has 120 seconds left.
|
|t:|1779861612
|switch|p2a: Sylveon|Sylveon, M|100/100|[from] Flip Turn
|-damage|p2a: Sylveon|88/100|[from] Stealth Rock
|
|-weather|RainDance|[upkeep]
|upkeep
|turn|3
|
|t:|1779861635
|switch|p1a: Thundurus|Thundurus, M|100/100
|move|p2a: Sylveon|Shadow Ball|p1a: Thundurus
|-damage|p1a: Thundurus|37/100
|
|-weather|RainDance|[upkeep]
|upkeep
|turn|4
|
|t:|1779861649
|switch|p1a: Iron Treads|Iron Treads|100/100
|move|p2a: Sylveon|Shadow Ball|p1a: Iron Treads
|-damage|p1a: Iron Treads|56/100
|-unboost|p1a: Iron Treads|spd|1
|-enditem|p1a: Iron Treads|Red Card|[of] p2a: Sylveon
|drag|p2a: Pecharunt|Pecharunt|100/100
|
|-weather|RainDance|[upkeep]
|upkeep
|turn|5
|
|t:|1779861666
|switch|p2a: Great Tusk|Great Tusk|100/100
|-damage|p2a: Great Tusk|98/100|[from] Stealth Rock
|move|p1a: Iron Treads|Ice Spinner|p2a: Great Tusk
|-supereffective|p2a: Great Tusk
|-damage|p2a: Great Tusk|68/100
|
|-weather|RainDance|[upkeep]
|-heal|p2a: Great Tusk|75/100|[from] item: Leftovers
|upkeep
|turn|6
|
|t:|1779861676
|move|p1a: Iron Treads|Earthquake|p2a: Great Tusk
|-damage|p2a: Great Tusk|43/100
|move|p2a: Great Tusk|Rapid Spin|p1a: Iron Treads
|-resisted|p1a: Iron Treads
|-damage|p1a: Iron Treads|49/100
|-boost|p2a: Great Tusk|spe|1
|-sideend|p2: barbordor|Stealth Rock|[from] move: Rapid Spin|[of] p2a: Great Tusk
|
|-weather|RainDance|[upkeep]
|-heal|p2a: Great Tusk|49/100|[from] item: Leftovers
|upkeep
|turn|7
|
|t:|1779861682
|move|p2a: Great Tusk|Stealth Rock|p1a: Iron Treads
|-sidestart|p1: fearow sniper|move: Stealth Rock
|move|p1a: Iron Treads|Earthquake|p2a: Great Tusk
|-damage|p2a: Great Tusk|20/100
|
|-weather|RainDance|[upkeep]
|-heal|p2a: Great Tusk|26/100|[from] item: Leftovers
|upkeep
|turn|8
|
|t:|1779861689
|move|p2a: Great Tusk|Headlong Rush|p1a: Iron Treads
|-supereffective|p1a: Iron Treads
|-damage|p1a: Iron Treads|0 fnt
|-unboost|p2a: Great Tusk|def|1
|-unboost|p2a: Great Tusk|spd|1
|faint|p1a: Iron Treads
|-end|p1a: Iron Treads|Quark Drive|[silent]
|
|-weather|RainDance|[upkeep]
|-heal|p2a: Great Tusk|32/100|[from] item: Leftovers
|upkeep
|
|t:|1779861698
|switch|p1a: Barraskewda|Barraskewda, M|100/100
|-damage|p1a: Barraskewda|88/100|[from] Stealth Rock
|turn|9
|
|t:|1779861704
|-end|p2a: Great Tusk|Protosynthesis|[silent]
|switch|p2a: Alomomola|Alomomola, F, shiny|100/100
|move|p1a: Barraskewda|Close Combat|p2a: Alomomola
|-damage|p2a: Alomomola|60/100
|-unboost|p1a: Barraskewda|def|1
|-unboost|p1a: Barraskewda|spd|1
|
|-weather|none
|upkeep
|turn|10
|
|t:|1779861724
|switch|p1a: Pelipper|Pelipper, M|91/100
|-damage|p1a: Pelipper|66/100|[from] Stealth Rock
|-weather|RainDance|[from] ability: Drizzle|[of] p1a: Pelipper
|move|p2a: Alomomola|Flip Turn|p1a: Pelipper
|-resisted|p1a: Pelipper
|-damage|p1a: Pelipper|57/100
|inactive|barbordor has 120 seconds left.
|inactive|barbordor has 90 seconds left.
|
|t:|1779861788
|switch|p2a: Sylveon|Sylveon, M|88/100|[from] Flip Turn
|
|-weather|RainDance|[upkeep]
|upkeep
|turn|11
|
|t:|1779861797
|move|p2a: Sylveon|Hyper Voice|p1a: Pelipper
|-damage|p1a: Pelipper|0 fnt
|faint|p1a: Pelipper
|
|-weather|RainDance|[upkeep]
|upkeep
|
|t:|1779861804
|switch|p1a: Hydrapple|Hydrapple, F, shiny|100/100
|-damage|p1a: Hydrapple|88/100|[from] Stealth Rock
|turn|12
|
|t:|1779861809
|switch|p2a: Great Tusk|Great Tusk|32/100
|move|p1a: Hydrapple|Nasty Plot|p1a: Hydrapple
|-boost|p1a: Hydrapple|spa|2
|
|-weather|RainDance|[upkeep]
|-heal|p2a: Great Tusk|39/100|[from] item: Leftovers
|-heal|p1a: Hydrapple|94/100|[from] item: Leftovers
|upkeep
|turn|13
|
|t:|1779861812
|move|p2a: Great Tusk|Knock Off|p1a: Hydrapple
|-damage|p1a: Hydrapple|75/100
|-enditem|p1a: Hydrapple|Leftovers|[from] move: Knock Off|[of] p2a: Great Tusk
|move|p1a: Hydrapple|Giga Drain|p2a: Great Tusk
|-supereffective|p2a: Great Tusk
|-damage|p2a: Great Tusk|0 fnt
|-heal|p1a: Hydrapple|92/100|[from] drain|[of] p2a: Great Tusk
|faint|p2a: Great Tusk
|-end|p2a: Great Tusk|Protosynthesis|[silent]
|
|-weather|RainDance|[upkeep]
|upkeep
|
|t:|1779861814
|switch|p2a: Sylveon|Sylveon, M|88/100
|turn|14
|
|t:|1779861821
|move|p2a: Sylveon|Hyper Voice|p1a: Hydrapple
|-supereffective|p1a: Hydrapple
|-damage|p1a: Hydrapple|0 fnt
|faint|p1a: Hydrapple
|
|-weather|RainDance|[upkeep]
|upkeep
|
|t:|1779861829
|switch|p1a: Barraskewda|Barraskewda, M|88/100
|-damage|p1a: Barraskewda|76/100|[from] Stealth Rock
|turn|15
|
|t:|1779861836
|switch|p2a: Alomomola|Alomomola, F, shiny|93/100
|move|p1a: Barraskewda|Close Combat|p2a: Alomomola
|-damage|p2a: Alomomola|46/100
|-unboost|p1a: Barraskewda|def|1
|-unboost|p1a: Barraskewda|spd|1
|
|-weather|RainDance|[upkeep]
|upkeep
|turn|16
|
|t:|1779861856
|move|p1a: Barraskewda|Close Combat|p2a: Alomomola
|-damage|p2a: Alomomola|0 fnt
|-unboost|p1a: Barraskewda|def|1
|-unboost|p1a: Barraskewda|spd|1
|faint|p2a: Alomomola
|
|-weather|RainDance|[upkeep]
|upkeep
|
|t:|1779861865
|switch|p2a: Pecharunt|Pecharunt|100/100
|turn|17
|
|t:|1779861871
|switch|p1a: Kingdra|Kingdra, M|100/100
|-damage|p1a: Kingdra|88/100|[from] Stealth Rock
|move|p2a: Pecharunt|Malignant Chain|p1a: Kingdra
|-damage|p1a: Kingdra|42/100
|
|-weather|none
|upkeep
|turn|18
|
|t:|1779861888
|switch|p2a: Meowscarada|Meowscarada, F|100/100
|move|p1a: Kingdra|Hydro Pump|p2a: Meowscarada
|-resisted|p2a: Meowscarada
|-damage|p2a: Meowscarada|54/100
|
|upkeep
|turn|19
|
|t:|1779861900
|move|p2a: Meowscarada|Flower Trick|p1a: Kingdra
|-start|p2a: Meowscarada|typechange|Grass|[from] ability: Protean
|-crit|p1a: Kingdra
|-damage|p1a: Kingdra|0 fnt
|faint|p1a: Kingdra
|
|upkeep
|
|t:|1779861907
|switch|p1a: Thundurus|Thundurus, M|37/100
|turn|20
|
|t:|1779861910
|move|p1a: Thundurus|Rain Dance|p1a: Thundurus
|-weather|RainDance
|move|p2a: Meowscarada|Flower Trick|p1a: Thundurus
|-resisted|p1a: Thundurus
|-crit|p1a: Thundurus
|-damage|p1a: Thundurus|0 fnt
|faint|p1a: Thundurus
|
|-weather|RainDance|[upkeep]
|upkeep
|
|t:|1779861917
|switch|p1a: Barraskewda|Barraskewda, M|76/100
|-damage|p1a: Barraskewda|64/100|[from] Stealth Rock
|turn|21
|
|t:|1779861923
|-terastallize|p1a: Barraskewda|Water
|move|p1a: Barraskewda|Liquidation|p2a: Meowscarada
|-resisted|p2a: Meowscarada
|-damage|p2a: Meowscarada|0 fnt
|faint|p2a: Meowscarada
|
|-weather|RainDance|[upkeep]
|upkeep
|
|t:|1779861927
|switch|p2a: Cinderace|Cinderace, F|100/100
|turn|22
|
|t:|1779861932
|move|p1a: Barraskewda|Liquidation|p2a: Cinderace
|-supereffective|p2a: Cinderace
|-damage|p2a: Cinderace|0 fnt
|faint|p2a: Cinderace
|
|-weather|RainDance|[upkeep]
|upkeep
|
|t:|1779861939
|switch|p2a: Pecharunt|Pecharunt|100/100
|turn|23
|
|t:|1779861945
|-terastallize|p2a: Pecharunt|Dark
|move|p1a: Barraskewda|Liquidation|p2a: Pecharunt
|-damage|p2a: Pecharunt|37/100
|-unboost|p2a: Pecharunt|def|1
|move|p2a: Pecharunt|Foul Play|p1a: Barraskewda
|-damage|p1a: Barraskewda|0 fnt
|faint|p1a: Barraskewda
|
|win|barbordor
|raw|fearow sniper's rating: 1537 &rarr; <strong>1517</strong><br />(-20 for losing)
|raw|barbordor's rating: 1544 &rarr; <strong>1564</strong><br />(+20 for winning)
|l|☆barbordor
|player|p2|
|l|☆fearow sniper
|player|p1|
