|j|☆billythekid95
|j|☆fifodrummer
|t:|1779873492
|gametype|singles
|player|p1|billythekid95|170|1460
|player|p2|fifodrummer|pokemaniac|1478
|gen|9
|tier|[Gen 9] OU
|rated|
|rule|HP Percentage Mod: HP is shown in percentages
|rule|Endless Battle Clause: Forcing endless battles is banned
|rule|Species Clause: Limit one of each Pokémon
|rule|OHKO Clause: OHKO moves are banned
|rule|Evasion Items Clause: Evasion items are banned
|rule|Evasion Moves Clause: Evasion moves are banned
|rule|Evasion Abilities Clause: Evasion abilities are banned
|rule|Sleep Moves Clause: Sleep-inducing moves are banned
|clearpoke
|poke|p1|Quaquaval, F|
|poke|p1|Ninetales-Alola, M|
|poke|p1|Iron Treads|
|poke|p1|Latias, F|
|poke|p1|Ogerpon, F|
|poke|p1|Gholdengo|
|poke|p2|Pelipper, M|
|poke|p2|Raging Bolt|
|poke|p2|Overqwil, M|
|poke|p2|Ogerpon-Wellspring, F|
|poke|p2|Scizor, M|
|poke|p2|Kingdra, F|
|teampreview
|inactive|Battle timer is ON: inactive players will automatically lose when time's up. (requested by fifodrummer)
|
|t:|1779873525
|teamsize|p1|6
|teamsize|p2|6
|start
|switch|p1a: Ogerpon|Ogerpon, F|100/100
|switch|p2a: The Mask|Ogerpon-Wellspring, F|100/100
|turn|1
|
|t:|1779873531
|switch|p2a: Iron Claw|Scizor, M, shiny|100/100
|move|p1a: Ogerpon|Ivy Cudgel|p2a: Iron Claw
|-resisted|p2a: Iron Claw
|-damage|p2a: Iron Claw|88/100
|
|upkeep
|turn|2
|
|t:|1779873538
|switch|p1a: Iron Treads|Iron Treads|100/100
|-enditem|p1a: Iron Treads|Booster Energy
|-activate|p1a: Iron Treads|ability: Quark Drive|[fromitem]
|-start|p1a: Iron Treads|quarkdrivespe
|move|p2a: Iron Claw|Swords Dance|p2a: Iron Claw
|-boost|p2a: Iron Claw|atk|2
|
|upkeep
|turn|3
|
|t:|1779873546
|move|p1a: Iron Treads|Stealth Rock|p2a: Iron Claw
|-sidestart|p2: fifodrummer|move: Stealth Rock
|move|p2a: Iron Claw|Dual Wingbeat|p1a: Iron Treads
|-resisted|p1a: Iron Treads
|-damage|p1a: Iron Treads|81/100
|-resisted|p1a: Iron Treads
|-damage|p1a: Iron Treads|59/100
|-hitcount|p1a: Iron Treads|2
|
|upkeep
|turn|4
|
|t:|1779873554
|move|p1a: Iron Treads|Earthquake|p2a: Iron Claw
|-damage|p2a: Iron Claw|45/100
|move|p2a: Iron Claw|Defog|p1a: Iron Treads
|-unboost|p1a: Iron Treads|evasion|1
|-sideend|p2: fifodrummer|Stealth Rock|[from] move: Defog|[of] p2a: Iron Claw
|
|upkeep
|turn|5
|
|t:|1779873563
|move|p1a: Iron Treads|Earthquake|p2a: Iron Claw
|-damage|p2a: Iron Claw|3/100
|move|p2a: Iron Claw|Dual Wingbeat|p1a: Iron Treads
|-resisted|p1a: Iron Treads
|-damage|p1a: Iron Treads|39/100
|-resisted|p1a: Iron Treads
|-damage|p1a: Iron Treads|20/100
|-hitcount|p1a: Iron Treads|2
|
|upkeep
|turn|6
|
|t:|1779873571
|move|p2a: Iron Claw|Bullet Punch|p1a: Iron Treads
|-resisted|p1a: Iron Treads
|-damage|p1a: Iron Treads|0 fnt
|faint|p1a: Iron Treads
|-end|p1a: Iron Treads|Quark Drive|[silent]
|
|upkeep
|
|t:|1779873577
|switch|p1a: Gholdengo|Gholdengo|100/100
|turn|7
|
|t:|1779873581
|move|p2a: Iron Claw|Bullet Punch|p1a: Gholdengo
|-resisted|p1a: Gholdengo
|-damage|p1a: Gholdengo|64/100
|move|p1a: Gholdengo|Shadow Ball|p2a: Iron Claw
|-damage|p2a: Iron Claw|0 fnt
|faint|p2a: Iron Claw
|
|upkeep
|
|t:|1779873589
|switch|p2a: High AF|Raging Bolt|100/100
|turn|8
|
|t:|1779873592
|switch|p1a: Ninetales|Ninetales-Alola, M|100/100
|-weather|Snowscape|[from] ability: Snow Warning|[of] p1a: Ninetales
|move|p2a: High AF|Volt Switch|p1a: Ninetales
|-damage|p1a: Ninetales|62/100
|
|t:|1779873600
|-end|p2a: High AF|Protosynthesis|[silent]
|switch|p2a: The Mask|Ogerpon-Wellspring, F|100/100|[from] Volt Switch
|
|-weather|Snowscape|[upkeep]
|upkeep
|turn|9
|
|t:|1779873606
|move|p2a: The Mask|Ivy Cudgel|p1a: Ninetales|[anim] Ivy Cudgel Water
|-damage|p1a: Ninetales|15/100
|move|p1a: Ninetales|Freeze-Dry|p2a: The Mask
|-supereffective|p2a: The Mask
|-damage|p2a: The Mask|3/100
|
|-weather|Snowscape|[upkeep]
|upkeep
|turn|10
|
|t:|1779873616
|switch|p1a: Ogerpon|Ogerpon, F|100/100
|move|p2a: The Mask|Ivy Cudgel|p1a: Ogerpon|[anim] Ivy Cudgel Water
|-resisted|p1a: Ogerpon
|-crit|p1a: Ogerpon
|-damage|p1a: Ogerpon|47/100
|
|-weather|Snowscape|[upkeep]
|upkeep
|turn|11
|
|t:|1779873625
|switch|p2a: High AF|Raging Bolt|100/100
|move|p1a: Ogerpon|Ivy Cudgel|p2a: High AF
|-resisted|p2a: High AF
|-damage|p2a: High AF|76/100
|
|-weather|Snowscape|[upkeep]
|upkeep
|turn|12
|
|t:|1779873633
|move|p2a: High AF|Volt Switch|p1a: Ogerpon
|-resisted|p1a: Ogerpon
|-crit|p1a: Ogerpon
|-damage|p1a: Ogerpon|11/100
|
|t:|1779873637
|-end|p2a: High AF|Protosynthesis|[silent]
|switch|p2a: Spike|Overqwil, M, shiny|100/100|[from] Volt Switch
|move|p1a: Ogerpon|Knock Off|p2a: Spike
|-resisted|p2a: Spike
|-damage|p2a: Spike|82/100
|-enditem|p2a: Spike|Life Orb|[from] move: Knock Off|[of] p1a: Ogerpon
|
|-weather|none
|upkeep
|turn|13
|
|t:|1779873646
|move|p1a: Ogerpon|Taunt|p2a: Spike
|-start|p2a: Spike|move: Taunt
|move|p2a: Spike|Crunch|p1a: Ogerpon
|-damage|p1a: Ogerpon|0 fnt
|faint|p1a: Ogerpon
|
|upkeep
|
|t:|1779873652
|switch|p1a: Ninetales|Ninetales-Alola, M|15/100
|-weather|Snowscape|[from] ability: Snow Warning|[of] p1a: Ninetales
|turn|14
|
|t:|1779873661
|switch|p2a: The Mask|Ogerpon-Wellspring, F|3/100
|move|p1a: Ninetales|Aurora Veil|p1a: Ninetales
|-sidestart|p1: billythekid95|move: Aurora Veil
|
|-weather|Snowscape|[upkeep]
|upkeep
|turn|15
|
|t:|1779873668
|move|p2a: The Mask|Ivy Cudgel|p1a: Ninetales|[anim] Ivy Cudgel Water
|-damage|p1a: Ninetales|0 fnt
|faint|p1a: Ninetales
|
|-weather|Snowscape|[upkeep]
|upkeep
|
|t:|1779873681
|switch|p1a: Gholdengo|Gholdengo|64/100
|turn|16
|
|t:|1779873687
|move|p1a: Gholdengo|Shadow Ball|p2a: The Mask
|-damage|p2a: The Mask|0 fnt
|faint|p2a: The Mask
|
|-weather|Snowscape|[upkeep]
|upkeep
|
|t:|1779873694
|switch|p2a: Nigel|Pelipper, M|100/100
|-weather|RainDance|[from] ability: Drizzle|[of] p2a: Nigel
|turn|17
|
|t:|1779873701
|switch|p1a: Quaquaval|Quaquaval, F|100/100
|move|p2a: Nigel|Surf|p1a: Quaquaval
|-resisted|p1a: Quaquaval
|-damage|p1a: Quaquaval|84/100
|
|-weather|RainDance|[upkeep]
|upkeep
|turn|18
|
|t:|1779873709
|move|p1a: Quaquaval|Swords Dance|p1a: Quaquaval
|-boost|p1a: Quaquaval|atk|2
|move|p2a: Nigel|Hurricane|p1a: Quaquaval
|-supereffective|p1a: Quaquaval
|-damage|p1a: Quaquaval|32/100
|
|-weather|RainDance|[upkeep]
|upkeep
|turn|19
|
|t:|1779873717
|move|p1a: Quaquaval|Triple Axel|p2a: Nigel
|-damage|p2a: Nigel|88/100
|-hitcount|p2a: Nigel|1
|move|p2a: Nigel|Hurricane|p1a: Quaquaval
|-supereffective|p1a: Quaquaval
|-damage|p1a: Quaquaval|0 fnt
|faint|p1a: Quaquaval
|
|-weather|RainDance|[upkeep]
|upkeep
|
|t:|1779873725
|switch|p1a: Latias|Latias, F|100/100
|turn|20
|
|t:|1779873730
|move|p1a: Latias|Agility|p1a: Latias
|-boost|p1a: Latias|spe|2
|move|p2a: Nigel|U-turn|p1a: Latias
|-supereffective|p1a: Latias
|-damage|p1a: Latias|94/100
|
|t:|1779873736
|switch|p2a: Spike|Overqwil, M, shiny|82/100|[from] U-turn
|
|-weather|RainDance|[upkeep]
|-heal|p1a: Latias|99/100|[from] item: Leftovers
|upkeep
|turn|21
|
|t:|1779873744
|-terastallize|p1a: Latias|Fairy
|move|p1a: Latias|Calm Mind|p1a: Latias
|-boost|p1a: Latias|spa|1
|-boost|p1a: Latias|spd|1
|move|p2a: Spike|Crunch|p1a: Latias
|-resisted|p1a: Latias
|-damage|p1a: Latias|93/100
|-unboost|p1a: Latias|def|1
|
|-weather|RainDance|[upkeep]
|-heal|p1a: Latias|99/100|[from] item: Leftovers
|-sideend|p1: billythekid95|move: Aurora Veil
|upkeep
|turn|22
|
|t:|1779873756
|move|p1a: Latias|Calm Mind|p1a: Latias
|-boost|p1a: Latias|spa|1
|-boost|p1a: Latias|spd|1
|move|p2a: Spike|Poison Jab|p1a: Latias
|-supereffective|p1a: Latias
|-damage|p1a: Latias|0 fnt
|faint|p1a: Latias
|
|-weather|RainDance|[upkeep]
|upkeep
|-message|billythekid95 forfeited.
|
|win|fifodrummer
|raw|billythekid95's rating: 1460 &rarr; <strong>1441</strong><br />(-19 for losing)
|raw|fifodrummer's rating: 1478 &rarr; <strong>1497</strong><br />(+19 for winning)
|l|☆billythekid95
|player|p1|
