|j|☆Kaltaris83
|j|☆Acespeedy1
|t:|1779889060
|gametype|singles
|player|p1|Kaltaris83|psychic|1604
|player|p2|Acespeedy1|red|1537
|gen|9
|tier|[Gen 9] OU
|rated|
|rule|HP Percentage Mod: HP is shown in percentages
|rule|Endless Battle Clause: Forcing endless battles is banned
|rule|Species Clause: Limit one of each Pokémon
|rule|OHKO Clause: OHKO moves are banned
|rule|Evasion Items Clause: Evasion items are banned
|rule|Evasion Moves Clause: Evasion moves are banned
|rule|Evasion Abilities Clause: Evasion abilities are banned
|rule|Sleep Moves Clause: Sleep-inducing moves are banned
|clearpoke
|poke|p1|Garchomp, M|
|poke|p1|Tyranitar, M|
|poke|p1|Skarmory, M|
|poke|p1|Moltres-Galar|
|poke|p1|Talonflame, F|
|poke|p1|Deoxys-Speed|
|poke|p2|Blaziken, M|
|poke|p2|Rillaboom, M|
|poke|p2|Dragapult, M|
|poke|p2|Slowking-Galar, M|
|poke|p2|Corviknight, M|
|poke|p2|Quagsire, M|
|teampreview
|inactive|Battle timer is ON: inactive players will automatically lose when time's up. (requested by Kaltaris83)
|
|t:|1779889072
|teamsize|p1|6
|teamsize|p2|6
|start
|switch|p1a: Deoxys|Deoxys-Speed|100/100
|switch|p2a: Slowking|Slowking-Galar, M|100/100
|-ability|p1a: Deoxys|Pressure
|turn|1
|
|t:|1779889078
|move|p1a: Deoxys|Thunder Wave|p2a: Slowking
|-status|p2a: Slowking|par
|move|p2a: Slowking|Thunder Wave|p1a: Deoxys
|-status|p1a: Deoxys|par
|
|upkeep
|turn|2
|
|t:|1779889083
|move|p1a: Deoxys|Thunder Wave|p2a: Slowking
|-fail|p2a: Slowking|par
|move|p2a: Slowking|Future Sight|p1a: Deoxys
|-start|p2a: Slowking|move: Future Sight
|
|upkeep
|turn|3
|
|t:|1779889086
|move|p1a: Deoxys|Thunder Wave|p2a: Slowking
|-fail|p2a: Slowking|par
|-prepare|p2a: Slowking|Chilly Reception|[premajor]
|move|p2a: Slowking|Chilly Reception|p2a: Slowking
|-weather|Snowscape
|
|t:|1779889091
|switch|p2a: Corviknight|Corviknight, M, shiny|100/100|[from] Chilly Reception
|
|-weather|Snowscape|[upkeep]
|upkeep
|turn|4
|
|t:|1779889101
|move|p1a: Deoxys|Thunder Wave|p2a: Corviknight
|-status|p2a: Corviknight|par
|cant|p2a: Corviknight|par
|
|-weather|Snowscape|[upkeep]
|-end|p1a: Deoxys|move: Future Sight
|-resisted|p1a: Deoxys
|-damage|p1a: Deoxys|64/100 par
|upkeep
|turn|5
|
|t:|1779889105
|switch|p1a: Talonflame|Talonflame, F|100/100
|move|p2a: Corviknight|U-turn|p1a: Talonflame
|-resisted|p1a: Talonflame
|-damage|p1a: Talonflame|95/100
|
|t:|1779889112
|switch|p2a: Dragapult|Dragapult, M|100/100|[from] U-turn
|
|-weather|Snowscape|[upkeep]
|upkeep
|turn|6
|
|t:|1779889115
|move|p2a: Dragapult|Draco Meteor|p1a: Talonflame
|-damage|p1a: Talonflame|0 fnt
|-unboost|p2a: Dragapult|spa|2
|faint|p1a: Talonflame
|
|-weather|Snowscape|[upkeep]
|upkeep
|
|t:|1779889118
|switch|p1a: Tyranitar|Tyranitar, M, shiny|100/100
|-weather|Sandstorm|[from] ability: Sand Stream|[of] p1a: Tyranitar
|turn|7
|
|t:|1779889121
|switch|p2a: Quagsire|Quagsire, M|100/100
|move|p1a: Tyranitar|Knock Off|p2a: Quagsire
|-damage|p2a: Quagsire|46/100
|-enditem|p2a: Quagsire|Leftovers|[from] move: Knock Off|[of] p1a: Tyranitar
|-damage|p1a: Tyranitar|91/100|[from] item: Life Orb
|
|-weather|Sandstorm|[upkeep]
|upkeep
|turn|8
|
|t:|1779889126
|switch|p1a: Deoxys|Deoxys-Speed|64/100 par
|-ability|p1a: Deoxys|Pressure
|move|p2a: Quagsire|Stealth Rock|p1a: Deoxys
|-sidestart|p1: Kaltaris83|move: Stealth Rock
|
|-weather|Sandstorm|[upkeep]
|-damage|p1a: Deoxys|58/100 par|[from] Sandstorm
|upkeep
|turn|9
|
|t:|1779889130
|cant|p1a: Deoxys|par
|move|p2a: Quagsire|Recover|p2a: Quagsire
|-heal|p2a: Quagsire|96/100
|
|-weather|Sandstorm|[upkeep]
|-damage|p1a: Deoxys|52/100 par|[from] Sandstorm
|upkeep
|turn|10
|
|t:|1779889133
|switch|p2a: Corviknight|Corviknight, M, shiny|100/100 par
|move|p1a: Deoxys|Psycho Boost|p2a: Corviknight
|-resisted|p2a: Corviknight
|-damage|p2a: Corviknight|70/100 par
|-unboost|p1a: Deoxys|spa|2
|
|-weather|Sandstorm|[upkeep]
|-damage|p1a: Deoxys|45/100 par|[from] Sandstorm
|upkeep
|turn|11
|
|t:|1779889147
|switch|p1a: Garchomp|Garchomp, M|100/100
|-damage|p1a: Garchomp|94/100|[from] Stealth Rock
|move|p2a: Corviknight|U-turn|p1a: Garchomp
|-damage|p1a: Garchomp|81/100
|-damage|p2a: Corviknight|58/100 par|[from] ability: Rough Skin|[of] p1a: Garchomp
|
|t:|1779889150
|switch|p2a: Dragapult|Dragapult, M|100/100|[from] U-turn
|
|-weather|none
|upkeep
|turn|12
|
|t:|1779889161
|switch|p1a: Deoxys|Deoxys-Speed|45/100 par
|-damage|p1a: Deoxys|33/100 par|[from] Stealth Rock
|-ability|p1a: Deoxys|Pressure
|move|p2a: Dragapult|Draco Meteor|p1a: Deoxys|[miss]
|-miss|p2a: Dragapult|p1a: Deoxys
|
|upkeep
|turn|13
|
|t:|1779889169
|move|p2a: Dragapult|Draco Meteor|p1a: Deoxys|[miss]
|-miss|p2a: Dragapult|p1a: Deoxys
|cant|p1a: Deoxys|par
|
|upkeep
|turn|14
|
|t:|1779889173
|move|p2a: Dragapult|Draco Meteor|p1a: Deoxys
|-damage|p1a: Deoxys|0 fnt
|-unboost|p2a: Dragapult|spa|2
|faint|p1a: Deoxys
|
|upkeep
|
|t:|1779889179
|switch|p1a: Tyranitar|Tyranitar, M, shiny|91/100
|-damage|p1a: Tyranitar|78/100|[from] Stealth Rock
|-weather|Sandstorm|[from] ability: Sand Stream|[of] p1a: Tyranitar
|turn|15
|
|t:|1779889184
|switch|p2a: Corviknight|Corviknight, M, shiny|58/100 par
|move|p1a: Tyranitar|Earthquake|p2a: Corviknight
|-immune|p2a: Corviknight
|
|-weather|Sandstorm|[upkeep]
|upkeep
|turn|16
|
|t:|1779889187
|move|p1a: Tyranitar|Dragon Dance|p1a: Tyranitar
|-boost|p1a: Tyranitar|atk|1
|-boost|p1a: Tyranitar|spe|1
|move|p2a: Corviknight|U-turn|p1a: Tyranitar
|-supereffective|p1a: Tyranitar
|-damage|p1a: Tyranitar|51/100
|
|t:|1779889190
|switch|p2a: Quagsire|Quagsire, M|96/100|[from] U-turn
|
|-weather|Sandstorm|[upkeep]
|upkeep
|turn|17
|
|t:|1779889192
|move|p1a: Tyranitar|Knock Off|p2a: Quagsire
|-damage|p2a: Quagsire|62/100
|-damage|p1a: Tyranitar|41/100|[from] item: Life Orb
|move|p2a: Quagsire|Earthquake|p1a: Tyranitar
|-supereffective|p1a: Tyranitar
|-damage|p1a: Tyranitar|0 fnt
|faint|p1a: Tyranitar
|
|-weather|Sandstorm|[upkeep]
|upkeep
|
|t:|1779889196
|switch|p1a: Garchomp|Garchomp, M|81/100
|-damage|p1a: Garchomp|75/100|[from] Stealth Rock
|turn|18
|
|t:|1779889199
|move|p1a: Garchomp|Scale Shot|p2a: Quagsire
|-damage|p2a: Quagsire|52/100
|-damage|p2a: Quagsire|43/100
|-crit|p2a: Quagsire
|-damage|p2a: Quagsire|29/100
|-damage|p2a: Quagsire|19/100
|-hitcount|p2a: Quagsire|4
|-unboost|p1a: Garchomp|def|1
|-boost|p1a: Garchomp|spe|1
|move|p2a: Quagsire|Toxic|p1a: Garchomp
|-status|p1a: Garchomp|tox
|
|-weather|Sandstorm|[upkeep]
|-damage|p1a: Garchomp|69/100 tox|[from] psn
|upkeep
|turn|19
|
|t:|1779889203
|move|p1a: Garchomp|Swords Dance|p1a: Garchomp
|-boost|p1a: Garchomp|atk|2
|move|p2a: Quagsire|Earthquake|p1a: Garchomp
|-damage|p1a: Garchomp|37/100 tox
|
|-weather|none
|-damage|p1a: Garchomp|25/100 tox|[from] psn
|upkeep
|turn|20
|
|t:|1779889207
|move|p1a: Garchomp|Scale Shot|p2a: Quagsire
|-damage|p2a: Quagsire|9/100
|-damage|p2a: Quagsire|0 fnt
|faint|p2a: Quagsire
|-hitcount|p2: Quagsire|2
|-unboost|p1a: Garchomp|def|1
|-boost|p1a: Garchomp|spe|1
|
|-damage|p1a: Garchomp|6/100 tox|[from] psn
|upkeep
|
|t:|1779889209
|switch|p2a: Corviknight|Corviknight, M, shiny|58/100 par
|turn|21
|
|t:|1779889210
|move|p1a: Garchomp|Scale Shot|p2a: Corviknight
|-resisted|p2a: Corviknight
|-damage|p2a: Corviknight|49/100 par
|-resisted|p2a: Corviknight
|-damage|p2a: Corviknight|41/100 par
|-resisted|p2a: Corviknight
|-damage|p2a: Corviknight|34/100 par
|-resisted|p2a: Corviknight
|-damage|p2a: Corviknight|25/100 par
|-hitcount|p2a: Corviknight|4
|-unboost|p1a: Garchomp|def|1
|-boost|p1a: Garchomp|spe|1
|move|p2a: Corviknight|U-turn|p1a: Garchomp
|-damage|p1a: Garchomp|0 fnt
|-damage|p2a: Corviknight|13/100 par|[from] ability: Rough Skin|[of] p1a: Garchomp
|faint|p1a: Garchomp
|
|t:|1779889214
|switch|p2a: Dragapult|Dragapult, M|100/100|[from] U-turn
|
|upkeep
|
|t:|1779889216
|switch|p1a: Skarmory|Skarmory, M, shiny|100/100
|-damage|p1a: Skarmory|88/100|[from] Stealth Rock
|turn|22
|
|t:|1779889218
|move|p2a: Dragapult|Thunderbolt|p1a: Skarmory
|-supereffective|p1a: Skarmory
|-damage|p1a: Skarmory|0 fnt
|faint|p1a: Skarmory
|
|upkeep
|
|t:|1779889219
|switch|p1a: Moltres|Moltres-Galar, shiny|100/100
|-damage|p1a: Moltres|76/100|[from] Stealth Rock
|turn|23
|
|t:|1779889221
|move|p2a: Dragapult|Thunderbolt|p1a: Moltres
|-supereffective|p1a: Moltres
|-damage|p1a: Moltres|11/100
|-enditem|p1a: Moltres|Weakness Policy
|-boost|p1a: Moltres|atk|2|[from] item: Weakness Policy
|-boost|p1a: Moltres|spa|2|[from] item: Weakness Policy
|-ability|p1a: Moltres|Berserk|boost
|-boost|p1a: Moltres|spa|1
|move|p1a: Moltres|Agility|p1a: Moltres
|-boost|p1a: Moltres|spe|2
|
|upkeep
|turn|24
|
|t:|1779889224
|move|p1a: Moltres|Fiery Wrath|p2a: Dragapult
|-supereffective|p2a: Dragapult
|-damage|p2a: Dragapult|0 fnt
|faint|p2a: Dragapult
|
|upkeep
|
|t:|1779889226
|switch|p2a: Rillaboom|Rillaboom, M|100/100
|-fieldstart|move: Grassy Terrain|[from] ability: Grassy Surge|[of] p2a: Rillaboom
|turn|25
|
|t:|1779889227
|move|p2a: Rillaboom|Grassy Glide|p1a: Moltres
|-resisted|p1a: Moltres
|-damage|p1a: Moltres|0 fnt
|faint|p1a: Moltres
|
|win|Acespeedy1
|raw|Kaltaris83's rating: 1604 &rarr; <strong>1580</strong><br />(-24 for losing)
|raw|Acespeedy1's rating: 1537 &rarr; <strong>1561</strong><br />(+24 for winning)
|l|☆Kaltaris83
|player|p1|
|j| samurajen
|l|☆Acespeedy1
|player|p2|
