|j|☆milkmaster3001
|j|☆kooopooolooo
|t:|1779801511
|gametype|singles
|player|p1|milkmaster3001|chuck|1511
|player|p2|kooopooolooo|2|1484
|gen|9
|tier|[Gen 9] OU
|rated|
|rule|HP Percentage Mod: HP is shown in percentages
|rule|Endless Battle Clause: Forcing endless battles is banned
|rule|Species Clause: Limit one of each Pokémon
|rule|OHKO Clause: OHKO moves are banned
|rule|Evasion Items Clause: Evasion items are banned
|rule|Evasion Moves Clause: Evasion moves are banned
|rule|Evasion Abilities Clause: Evasion abilities are banned
|rule|Sleep Moves Clause: Sleep-inducing moves are banned
|clearpoke
|poke|p1|Lokix, F|
|poke|p1|Kyurem|
|poke|p1|Weezing-Galar, M|
|poke|p1|Corviknight, M|
|poke|p1|Gliscor, M|
|poke|p1|Samurott-Hisui, M|
|poke|p2|Tyranitar, F|
|poke|p2|Alomomola, F|
|poke|p2|Pecharunt|
|poke|p2|Tornadus-Therian, M|
|poke|p2|Conkeldurr, F|
|poke|p2|Iron Treads|
|teampreview
|
|t:|1779801523
|teamsize|p1|6
|teamsize|p2|6
|start
|switch|p1a: Samurott|Samurott-Hisui, M|100/100
|switch|p2a: Conkeldurr|Conkeldurr, F|100/100
|turn|1
|
|t:|1779801539
|move|p1a: Samurott|Razor Shell|p2a: Conkeldurr
|-damage|p2a: Conkeldurr|57/100
|move|p2a: Conkeldurr|Knock Off|p1a: Samurott
|-resisted|p1a: Samurott
|-damage|p1a: Samurott|74/100
|-enditem|p1a: Samurott|Choice Scarf|[from] move: Knock Off|[of] p2a: Conkeldurr
|
|-status|p2a: Conkeldurr|brn|[from] item: Flame Orb
|upkeep
|turn|2
|
|t:|1779801548
|move|p1a: Samurott|Razor Shell|p2a: Conkeldurr
|-damage|p2a: Conkeldurr|16/100 brn
|-unboost|p2a: Conkeldurr|def|1
|move|p2a: Conkeldurr|Knock Off|p1a: Samurott
|-resisted|p1a: Samurott
|-damage|p1a: Samurott|50/100
|
|-damage|p2a: Conkeldurr|10/100 brn|[from] brn
|upkeep
|turn|3
|
|t:|1779801558
|move|p2a: Conkeldurr|Mach Punch|p1a: Samurott
|-supereffective|p1a: Samurott
|-damage|p1a: Samurott|0 fnt
|faint|p1a: Samurott
|
|-damage|p2a: Conkeldurr|4/100 brn|[from] brn
|upkeep
|
|t:|1779801568
|switch|p1a: Kyurem|Kyurem|100/100
|-ability|p1a: Kyurem|Pressure
|turn|4
|
|t:|1779801571
|move|p1a: Kyurem|Protect|p1a: Kyurem
|-singleturn|p1a: Kyurem|Protect
|move|p2a: Conkeldurr|Mach Punch|p1a: Kyurem
|-activate|p1a: Kyurem|move: Protect
|
|-damage|p2a: Conkeldurr|0 fnt|[from] brn
|faint|p2a: Conkeldurr
|upkeep
|
|t:|1779801575
|switch|p2a: OU Forever|Tyranitar, F|100/100
|-weather|Sandstorm|[from] ability: Sand Stream|[of] p2a: OU Forever
|turn|5
|
|t:|1779801599
|move|p1a: Kyurem|Substitute|p1a: Kyurem
|-start|p1a: Kyurem|Substitute
|-damage|p1a: Kyurem|75/100
|move|p2a: OU Forever|Fire Blast|p1a: Kyurem
|-end|p1a: Kyurem|Substitute
|
|-weather|Sandstorm|[upkeep]
|-damage|p1a: Kyurem|69/100|[from] Sandstorm
|-heal|p1a: Kyurem|75/100|[from] item: Leftovers
|upkeep
|turn|6
|
|t:|1779801608
|switch|p1a: Gliscor|Gliscor, M|100/100
|move|p2a: OU Forever|Knock Off|p1a: Gliscor
|-damage|p1a: Gliscor|60/100
|-enditem|p1a: Gliscor|Toxic Orb|[from] move: Knock Off|[of] p2a: OU Forever
|
|-weather|Sandstorm|[upkeep]
|upkeep
|turn|7
|
|t:|1779801614
|switch|p2a: Pecharunt|Pecharunt|100/100
|move|p1a: Gliscor|Toxic|p2a: Pecharunt
|-immune|p2a: Pecharunt
|
|-weather|Sandstorm|[upkeep]
|-damage|p2a: Pecharunt|94/100|[from] Sandstorm
|upkeep
|turn|8
|
|t:|1779801619
|move|p1a: Gliscor|Earthquake|p2a: Pecharunt
|-supereffective|p2a: Pecharunt
|-damage|p2a: Pecharunt|64/100
|move|p2a: Pecharunt|Parting Shot|p1a: Gliscor
|-unboost|p1a: Gliscor|atk|1
|-unboost|p1a: Gliscor|spa|1
|
|t:|1779801625
|switch|p2a: Iron Treads|Iron Treads|100/100|[from] Parting Shot
|
|-weather|Sandstorm|[upkeep]
|upkeep
|turn|9
|
|t:|1779801629
|move|p2a: Iron Treads|Stealth Rock|p1a: Gliscor
|-sidestart|p1: milkmaster3001|move: Stealth Rock
|move|p1a: Gliscor|Earthquake|p2a: Iron Treads
|-supereffective|p2a: Iron Treads
|-damage|p2a: Iron Treads|66/100
|
|-weather|none
|upkeep
|turn|10
|
|t:|1779801634
|-end|p2a: Iron Treads|Quark Drive|[silent]
|switch|p2a: Tornadus|Tornadus-Therian, M|100/100
|move|p1a: Gliscor|Stealth Rock|p2a: Tornadus
|-sidestart|p2: kooopooolooo|move: Stealth Rock
|
|upkeep
|turn|11
|
|t:|1779801637
|move|p2a: Tornadus|Bleakwind Storm|p1a: Gliscor
|-damage|p1a: Gliscor|29/100
|move|p1a: Gliscor|Toxic|p2a: Tornadus|[miss]
|-miss|p1a: Gliscor|p2a: Tornadus
|
|upkeep
|turn|12
|
|t:|1779801642
|move|p2a: Tornadus|Bleakwind Storm|p1a: Gliscor
|-damage|p1a: Gliscor|0 fnt
|faint|p1a: Gliscor
|
|upkeep
|
|t:|1779801651
|switch|p1a: Weezing|Weezing-Galar, M|100/100
|-ability|p1a: Weezing|Neutralizing Gas
|-damage|p1a: Weezing|88/100|[from] Stealth Rock
|turn|13
|
|t:|1779801655
|move|p2a: Tornadus|Bleakwind Storm|p1a: Weezing
|-damage|p1a: Weezing|39/100
|-unboost|p1a: Weezing|spe|1
|move|p1a: Weezing|Will-O-Wisp|p2a: Tornadus
|-status|p2a: Tornadus|brn
|
|-heal|p1a: Weezing|45/100|[from] item: Leftovers
|-damage|p2a: Tornadus|94/100 brn|[from] brn
|upkeep
|turn|14
|
|t:|1779801661
|move|p2a: Tornadus|Bleakwind Storm|p1a: Weezing
|-damage|p1a: Weezing|0 fnt
|faint|p1a: Weezing
|-end|p1a: Weezing|ability: Neutralizing Gas
|
|-damage|p2a: Tornadus|88/100 brn|[from] brn
|upkeep
|
|t:|1779801666
|switch|p1a: Corviknight|Corviknight, M|100/100
|-damage|p1a: Corviknight|88/100|[from] Stealth Rock
|-ability|p1a: Corviknight|Pressure
|turn|15
|
|t:|1779801669
|move|p2a: Tornadus|Heat Wave|p1a: Corviknight
|-supereffective|p1a: Corviknight
|-damage|p1a: Corviknight|43/100
|move|p1a: Corviknight|Defog|p2a: Tornadus
|-unboost|p2a: Tornadus|evasion|1
|-sideend|p2: kooopooolooo|Stealth Rock|[from] move: Defog|[of] p1a: Corviknight
|-sideend|p1: milkmaster3001|Stealth Rock|[from] move: Defog|[of] p1a: Corviknight
|
|-damage|p2a: Tornadus|82/100 brn|[from] brn
|upkeep
|turn|16
|
|t:|1779801682
|move|p2a: Tornadus|Heat Wave|p1a: Corviknight
|-supereffective|p1a: Corviknight
|-damage|p1a: Corviknight|0 fnt
|faint|p1a: Corviknight
|
|-damage|p2a: Tornadus|76/100 brn|[from] brn
|upkeep
|
|t:|1779801685
|switch|p1a: Lokix|Lokix, F|100/100
|turn|17
|
|t:|1779801706
|move|p1a: Lokix|First Impression|p2a: Tornadus
|-resisted|p2a: Tornadus
|-damage|p2a: Tornadus|6/100 brn
|move|p2a: Tornadus|Bleakwind Storm|p1a: Lokix
|-supereffective|p1a: Lokix
|-damage|p1a: Lokix|0 fnt
|faint|p1a: Lokix
|
|-damage|p2a: Tornadus|0 fnt|[from] brn
|faint|p2a: Tornadus
|upkeep
|
|t:|1779801716
|switch|p2a: OU Forever|Tyranitar, F|100/100
|switch|p1a: Kyurem|Kyurem|75/100
|-ability|p1a: Kyurem|Pressure
|-weather|Sandstorm|[from] ability: Sand Stream|[of] p2a: OU Forever
|turn|18
|inactive|Battle timer is ON: inactive players will automatically lose when time's up. (requested by milkmaster3001)
|inactive|kooopooolooo has 120 seconds left.
|
|t:|1779801774
|move|p1a: Kyurem|Earth Power|p2a: OU Forever
|-supereffective|p2a: OU Forever
|-damage|p2a: OU Forever|80/100
|move|p2a: OU Forever|Knock Off|p1a: Kyurem
|-damage|p1a: Kyurem|34/100
|-enditem|p1a: Kyurem|Leftovers|[from] move: Knock Off|[of] p2a: OU Forever
|
|-weather|Sandstorm|[upkeep]
|-damage|p1a: Kyurem|28/100|[from] Sandstorm
|upkeep
|turn|19
|
|t:|1779801782
|move|p1a: Kyurem|Freeze-Dry|p2a: OU Forever
|-damage|p2a: OU Forever|67/100
|move|p2a: OU Forever|Knock Off|p1a: Kyurem
|-damage|p1a: Kyurem|1/100
|
|-weather|Sandstorm|[upkeep]
|-damage|p1a: Kyurem|0 fnt|[from] Sandstorm
|faint|p1a: Kyurem
|
|win|kooopooolooo
|raw|milkmaster3001's rating: 1511 &rarr; <strong>1489</strong><br />(-22 for losing)
|raw|kooopooolooo's rating: 1484 &rarr; <strong>1506</strong><br />(+22 for winning)
|c|☆kooopooolooo|AV bud
|l|☆milkmaster3001
|player|p1|
|c|☆kooopooolooo|gg
|l|☆kooopooolooo
|player|p2|
