|j|☆Roliix
|j|☆howtheturntablez
|t:|1779951191
|gametype|singles
|player|p1|Roliix|170|1085
|player|p2|howtheturntablez|unknown|1148
|gen|9
|tier|[Gen 9] OU
|rated|
|rule|HP Percentage Mod: HP is shown in percentages
|rule|Endless Battle Clause: Forcing endless battles is banned
|rule|Species Clause: Limit one of each Pokémon
|rule|OHKO Clause: OHKO moves are banned
|rule|Evasion Items Clause: Evasion items are banned
|rule|Evasion Moves Clause: Evasion moves are banned
|rule|Evasion Abilities Clause: Evasion abilities are banned
|rule|Sleep Moves Clause: Sleep-inducing moves are banned
|clearpoke
|poke|p1|Sandaconda, F|
|poke|p1|Morpeko, F|
|poke|p1|Empoleon, M|
|poke|p1|Skeledirge, M|
|poke|p1|Okidogi, M|
|poke|p1|Iron Leaves|
|poke|p2|Ninetales-Alola, F|
|poke|p2|Dragapult, M|
|poke|p2|Greninja-*, M|
|poke|p2|Glimmora, F|
|poke|p2|Ceruledge, M|
|poke|p2|Hatterene, F|
|teampreview
|inactive|Battle timer is ON: inactive players will automatically lose when time's up. (requested by Roliix)
|
|t:|1779951198
|teamsize|p1|6
|teamsize|p2|6
|start
|switch|p1a: Sandaconda|Sandaconda, F|100/100
|switch|p2a: Ms Rene|Hatterene, F|100/100
|turn|1
|
|t:|1779951205
|move|p1a: Sandaconda|Glare|p2a: Ms Rene
|move|p2a: Ms Rene|Glare|p1a: Sandaconda|[from] ability: Magic Bounce
|-status|p1a: Sandaconda|par
|move|p2a: Ms Rene|Psychic Noise|p1a: Sandaconda
|-damage|p1a: Sandaconda|60/100 par
|-start|p1a: Sandaconda|move: Heal Block
|
|upkeep
|turn|2
|
|t:|1779951216
|move|p2a: Ms Rene|Psychic Noise|p1a: Sandaconda
|-crit|p1a: Sandaconda
|-damage|p1a: Sandaconda|0 fnt
|faint|p1a: Sandaconda
|
|upkeep
|
|t:|1779951225
|switch|p1a: Empoleon|Empoleon, M|100/100
|turn|3
|
|t:|1779951230
|move|p1a: Empoleon|Flash Cannon|p2a: Ms Rene
|-supereffective|p2a: Ms Rene
|-damage|p2a: Ms Rene|34/100
|move|p2a: Ms Rene|Nuzzle|p1a: Empoleon
|-supereffective|p1a: Empoleon
|-damage|p1a: Empoleon|92/100
|-status|p1a: Empoleon|par
|
|-heal|p2a: Ms Rene|40/100|[from] item: Leftovers
|upkeep
|turn|4
|
|t:|1779951248
|switch|p2a: Lola|Ninetales-Alola, F, shiny|100/100
|-weather|Snowscape|[from] ability: Snow Warning|[of] p2a: Lola
|move|p1a: Empoleon|Flash Cannon|p2a: Lola
|-supereffective|p2a: Lola
|-damage|p2a: Lola|0 fnt
|faint|p2a: Lola
|
|-weather|Snowscape|[upkeep]
|upkeep
|
|t:|1779951266
|switch|p2a: Wilson|Dragapult, M|100/100
|turn|5
|
|t:|1779951273
|move|p2a: Wilson|Hex|p1a: Empoleon
|-damage|p1a: Empoleon|57/100 par
|move|p1a: Empoleon|Flash Cannon|p2a: Wilson
|-damage|p2a: Wilson|53/100
|
|-weather|Snowscape|[upkeep]
|upkeep
|turn|6
|
|t:|1779951280
|move|p2a: Wilson|Hex|p1a: Empoleon
|-damage|p1a: Empoleon|19/100 par
|move|p1a: Empoleon|Roost|p1a: Empoleon
|-heal|p1a: Empoleon|69/100 par
|-singleturn|p1a: Empoleon|move: Roost
|
|-weather|Snowscape|[upkeep]
|upkeep
|turn|7
|
|t:|1779951292
|switch|p2a: Emo|Ceruledge, M|100/100
|move|p1a: Empoleon|Stealth Rock|p2a: Emo
|-sidestart|p2: howtheturntablez|move: Stealth Rock
|
|-weather|Snowscape|[upkeep]
|upkeep
|turn|8
|
|t:|1779951300
|-terastallize|p2a: Emo|Fighting
|move|p2a: Emo|Close Combat|p1a: Empoleon
|-supereffective|p1a: Empoleon
|-damage|p1a: Empoleon|0 fnt
|-unboost|p2a: Emo|def|1
|-unboost|p2a: Emo|spd|1
|faint|p1a: Empoleon
|-damage|p2a: Emo|91/100|[from] item: Life Orb
|
|-weather|none
|upkeep
|
|t:|1779951309
|switch|p1a: Morpeko|Morpeko, F|100/100
|turn|9
|
|t:|1779951319
|move|p1a: Morpeko|Dark Pulse|p2a: Emo
|-resisted|p2a: Emo
|-damage|p2a: Emo|66/100
|-damage|p1a: Morpeko|91/100|[from] item: Life Orb
|move|p2a: Emo|Close Combat|p1a: Morpeko
|-supereffective|p1a: Morpeko
|-damage|p1a: Morpeko|0 fnt
|-unboost|p2a: Emo|def|1
|-unboost|p2a: Emo|spd|1
|faint|p1a: Morpeko
|-damage|p2a: Emo|57/100|[from] item: Life Orb
|
|upkeep
|
|t:|1779951331
|switch|p1a: Iron Leaves|Iron Leaves|100/100
|-enditem|p1a: Iron Leaves|Booster Energy
|-activate|p1a: Iron Leaves|ability: Quark Drive|[fromitem]
|-start|p1a: Iron Leaves|quarkdriveatk
|turn|10
|
|t:|1779951338
|move|p1a: Iron Leaves|Psyblade|p2a: Emo
|-supereffective|p2a: Emo
|-damage|p2a: Emo|0 fnt
|faint|p2a: Emo
|
|upkeep
|
|t:|1779951343
|switch|p2a: Rocky|Glimmora, F|100/100
|-damage|p2a: Rocky|88/100|[from] Stealth Rock
|turn|11
|
|t:|1779951352
|move|p1a: Iron Leaves|Psyblade|p2a: Rocky
|-supereffective|p2a: Rocky
|-damage|p2a: Rocky|0 fnt
|-activate|p2a: Rocky|ability: Toxic Debris
|-sidestart|p1: Roliix|move: Toxic Spikes
|faint|p2a: Rocky
|
|upkeep
|
|t:|1779951361
|switch|p2a: Ribbit|Greninja, M|100/100
|-damage|p2a: Ribbit|88/100|[from] Stealth Rock
|turn|12
|
|t:|1779951375
|move|p2a: Ribbit|Dark Pulse|p1a: Iron Leaves
|-supereffective|p1a: Iron Leaves
|-damage|p1a: Iron Leaves|8/100
|move|p1a: Iron Leaves|Leaf Blade|p2a: Ribbit
|-supereffective|p2a: Ribbit
|-damage|p2a: Ribbit|0 fnt
|faint|p2a: Ribbit
|
|upkeep
|
|t:|1779951385
|switch|p2a: Wilson|Dragapult, M|53/100
|turn|13
|
|t:|1779951395
|move|p2a: Wilson|U-turn|p1a: Iron Leaves
|-supereffective|p1a: Iron Leaves
|-damage|p1a: Iron Leaves|0 fnt
|faint|p1a: Iron Leaves
|-end|p1a: Iron Leaves|Quark Drive|[silent]
|
|t:|1779951399
|switch|p2a: Ms Rene|Hatterene, F|40/100|[from] U-turn
|-damage|p2a: Ms Rene|28/100|[from] Stealth Rock
|
|-heal|p2a: Ms Rene|34/100|[from] item: Leftovers
|upkeep
|
|t:|1779951401
|switch|p1a: Skeledirge|Skeledirge, M|100/100
|-status|p1a: Skeledirge|psn
|turn|14
|
|t:|1779951421
|move|p1a: Skeledirge|Torch Song|p2a: Ms Rene
|-damage|p2a: Ms Rene|5/100
|-boost|p1a: Skeledirge|spa|1
|move|p2a: Ms Rene|Psychic Noise|p1a: Skeledirge
|-damage|p1a: Skeledirge|75/100 psn
|-start|p1a: Skeledirge|move: Heal Block
|
|-heal|p2a: Ms Rene|11/100|[from] item: Leftovers
|-damage|p1a: Skeledirge|63/100 psn|[from] psn
|upkeep
|turn|15
|
|t:|1779951432
|switch|p2a: Wilson|Dragapult, M|53/100
|move|p1a: Skeledirge|Hex|p2a: Wilson
|-supereffective|p2a: Wilson
|-damage|p2a: Wilson|0 fnt
|faint|p2a: Wilson
|
|-damage|p1a: Skeledirge|50/100 psn|[from] psn
|-end|p1a: Skeledirge|move: Heal Block
|upkeep
|
|t:|1779951441
|switch|p2a: Ms Rene|Hatterene, F|11/100
|-damage|p2a: Ms Rene|0 fnt|[from] Stealth Rock
|faint|p2a: Ms Rene
|
|win|Roliix
|raw|Roliix's rating: 1085 &rarr; <strong>1117</strong><br />(+32 for winning)
|raw|howtheturntablez's rating: 1148 &rarr; <strong>1119</strong><br />(-29 for losing)
|l|☆howtheturntablez
|player|p2|
|l|☆Roliix
|player|p1|
