|j|☆fffuy
|j|☆SWAGGER_W2F
|t:|1779959668
|gametype|singles
|player|p1|fffuy|170|1473
|player|p2|SWAGGER_W2F|flint|1568
|gen|9
|tier|[Gen 9] OU
|rated|
|rule|HP Percentage Mod: HP is shown in percentages
|rule|Endless Battle Clause: Forcing endless battles is banned
|rule|Species Clause: Limit one of each Pokémon
|rule|OHKO Clause: OHKO moves are banned
|rule|Evasion Items Clause: Evasion items are banned
|rule|Evasion Moves Clause: Evasion moves are banned
|rule|Evasion Abilities Clause: Evasion abilities are banned
|rule|Sleep Moves Clause: Sleep-inducing moves are banned
|clearpoke
|poke|p1|Tyranitar, F|
|poke|p1|Excadrill, M|
|poke|p1|Hydrapple, M|
|poke|p1|Keldeo-Resolute|
|poke|p1|Tornadus-Therian, M|
|poke|p1|Heatran, F|
|poke|p2|Ceruledge, F|
|poke|p2|Scizor, F|
|poke|p2|Raging Bolt|
|poke|p2|Primarina, F|
|poke|p2|Mandibuzz, F|
|poke|p2|Great Tusk|
|teampreview
|
|t:|1779959684
|teamsize|p1|6
|teamsize|p2|6
|start
|switch|p1a: Tornadus|Tornadus-Therian, M|100/100
|switch|p2a: Raging Bolt|Raging Bolt|100/100
|turn|1
|
|t:|1779959694
|switch|p1a: Tyranitar|Tyranitar, F|100/100
|-weather|Sandstorm|[from] ability: Sand Stream|[of] p1a: Tyranitar
|move|p2a: Raging Bolt|Draco Meteor|p1a: Tyranitar
|-damage|p1a: Tyranitar|27/100
|-unboost|p2a: Raging Bolt|spa|2
|
|-weather|Sandstorm|[upkeep]
|-damage|p2a: Raging Bolt|94/100|[from] Sandstorm
|upkeep
|turn|2
|
|t:|1779959721
|-end|p2a: Raging Bolt|Protosynthesis|[silent]
|switch|p2a: Great Tusk|Great Tusk|100/100
|move|p1a: Tyranitar|Knock Off|p2a: Great Tusk
|-resisted|p2a: Great Tusk
|-damage|p2a: Great Tusk|72/100
|-enditem|p2a: Great Tusk|Choice Scarf|[from] move: Knock Off|[of] p1a: Tyranitar
|
|-weather|Sandstorm|[upkeep]
|upkeep
|turn|3
|
|t:|1779959736
|switch|p1a: Tornadus|Tornadus-Therian, M|100/100
|move|p2a: Great Tusk|Close Combat|p1a: Tornadus
|-resisted|p1a: Tornadus
|-damage|p1a: Tornadus|68/100
|-unboost|p2a: Great Tusk|def|1
|-unboost|p2a: Great Tusk|spd|1
|
|-weather|Sandstorm|[upkeep]
|-damage|p1a: Tornadus|61/100|[from] Sandstorm
|upkeep
|turn|4
|
|t:|1779959745
|-end|p2a: Great Tusk|Protosynthesis|[silent]
|switch|p2a: Mandibuzz|Mandibuzz, F|100/100
|move|p1a: Tornadus|U-turn|p2a: Mandibuzz
|-damage|p2a: Mandibuzz|92/100
|
|t:|1779959753
|switch|p1a: Heatran|Heatran, F|100/100|[from] U-turn
|
|-weather|Sandstorm|[upkeep]
|upkeep
|turn|5
|
|t:|1779959798
|switch|p2a: Ceruledge|Ceruledge, F|100/100
|move|p1a: Heatran|Stealth Rock|p2a: Ceruledge
|-sidestart|p2: SWAGGER_W2F|move: Stealth Rock
|
|-weather|none
|upkeep
|turn|6
|
|t:|1779959811
|switch|p1a: Keldeo|Keldeo-Resolute|100/100
|move|p2a: Ceruledge|Poltergeist|p1a: Keldeo
|-activate|p1a: Keldeo|move: Poltergeist|Choice Specs
|-damage|p1a: Keldeo|31/100
|
|upkeep
|turn|7
|
|t:|1779959833
|move|p1a: Keldeo|Flip Turn|p2a: Ceruledge
|-supereffective|p2a: Ceruledge
|-damage|p2a: Ceruledge|66/100
|
|t:|1779959840
|switch|p1a: Tyranitar|Tyranitar, F|27/100|[from] Flip Turn
|-weather|Sandstorm|[from] ability: Sand Stream|[of] p1a: Tyranitar
|move|p2a: Ceruledge|Poltergeist|p1a: Tyranitar
|-activate|p1a: Tyranitar|move: Poltergeist|Choice Band
|-resisted|p1a: Tyranitar
|-damage|p1a: Tyranitar|0 fnt
|faint|p1a: Tyranitar
|
|-weather|Sandstorm|[upkeep]
|-damage|p2a: Ceruledge|60/100|[from] Sandstorm
|upkeep
|
|t:|1779959843
|switch|p1a: Excadrill|Excadrill, M|100/100
|-item|p1a: Excadrill|Air Balloon
|turn|8
|
|t:|1779959853
|switch|p2a: Mandibuzz|Mandibuzz, F|92/100
|move|p1a: Excadrill|Rock Slide|p2a: Mandibuzz
|-supereffective|p2a: Mandibuzz
|-damage|p2a: Mandibuzz|61/100
|
|-weather|Sandstorm|[upkeep]
|upkeep
|turn|9
|
|t:|1779959863
|move|p1a: Excadrill|Swords Dance|p1a: Excadrill
|-boost|p1a: Excadrill|atk|2
|move|p2a: Mandibuzz|Roost|p2a: Mandibuzz
|-heal|p2a: Mandibuzz|100/100
|-singleturn|p2a: Mandibuzz|move: Roost
|
|-weather|Sandstorm|[upkeep]
|upkeep
|turn|10
|
|t:|1779959905
|move|p1a: Excadrill|Rock Slide|p2a: Mandibuzz
|-supereffective|p2a: Mandibuzz
|-damage|p2a: Mandibuzz|39/100
|cant|p2a: Mandibuzz|flinch
|
|-weather|Sandstorm|[upkeep]
|upkeep
|turn|11
|
|t:|1779959923
|-terastallize|p2a: Mandibuzz|Water
|move|p1a: Excadrill|Rock Slide|p2a: Mandibuzz
|-damage|p2a: Mandibuzz|11/100
|move|p2a: Mandibuzz|Foul Play|p1a: Excadrill
|-damage|p1a: Excadrill|0 fnt
|-enditem|p1a: Excadrill|Air Balloon
|faint|p1a: Excadrill
|
|-weather|none
|upkeep
|
|t:|1779959937
|switch|p1a: Tornadus|Tornadus-Therian, M|95/100
|turn|12
|
|t:|1779959944
|switch|p2a: Raging Bolt|Raging Bolt|94/100
|-damage|p2a: Raging Bolt|82/100|[from] Stealth Rock
|move|p1a: Tornadus|Bleakwind Storm|p2a: Raging Bolt
|-resisted|p2a: Raging Bolt
|-damage|p2a: Raging Bolt|65/100
|-unboost|p2a: Raging Bolt|spe|1
|
|upkeep
|turn|13
|
|t:|1779959953
|switch|p1a: Heatran|Heatran, F|100/100
|move|p2a: Raging Bolt|Volt Switch|p1a: Heatran
|-damage|p1a: Heatran|59/100
|
|t:|1779959965
|-end|p2a: Raging Bolt|Protosynthesis|[silent]
|switch|p2a: Ceruledge|Ceruledge, F|60/100|[from] Volt Switch
|-damage|p2a: Ceruledge|35/100|[from] Stealth Rock
|
|-heal|p1a: Heatran|65/100|[from] item: Leftovers
|upkeep
|turn|14
|
|t:|1779959974
|switch|p1a: Hydrapple|Hydrapple, M|100/100
|move|p2a: Ceruledge|Poltergeist|p1a: Hydrapple|[miss]
|-miss|p2a: Ceruledge|p1a: Hydrapple
|
|upkeep
|turn|15
|
|t:|1779959995
|move|p2a: Ceruledge|Bitter Blade|p1a: Hydrapple
|-damage|p1a: Hydrapple|71/100
|-heal|p2a: Ceruledge|52/100|[from] drain|[of] p1a: Hydrapple
|-damage|p2a: Ceruledge|36/100|[from] item: Rocky Helmet|[of] p1a: Hydrapple
|move|p1a: Hydrapple|Giga Drain|p2a: Ceruledge
|-resisted|p2a: Ceruledge
|-damage|p2a: Ceruledge|27/100
|-heal|p1a: Hydrapple|75/100|[from] drain|[of] p2a: Ceruledge
|
|upkeep
|turn|16
|
|t:|1779960014
|move|p2a: Ceruledge|Bitter Blade|p1a: Hydrapple
|-damage|p1a: Hydrapple|45/100
|-heal|p2a: Ceruledge|44/100|[from] drain|[of] p1a: Hydrapple
|-damage|p2a: Ceruledge|28/100|[from] item: Rocky Helmet|[of] p1a: Hydrapple
|move|p1a: Hydrapple|Earth Power|p2a: Ceruledge
|-supereffective|p2a: Ceruledge
|-damage|p2a: Ceruledge|0 fnt
|faint|p2a: Ceruledge
|
|upkeep
|
|t:|1779960038
|switch|p2a: Mandibuzz|Mandibuzz, F, tera:Water|11/100
|turn|17
|
|t:|1779960050
|move|p2a: Mandibuzz|Defog|p1a: Hydrapple
|-unboost|p1a: Hydrapple|evasion|1
|-sideend|p2: SWAGGER_W2F|Stealth Rock|[from] move: Defog|[of] p2a: Mandibuzz
|move|p1a: Hydrapple|Giga Drain|p2a: Mandibuzz
|-supereffective|p2a: Mandibuzz
|-damage|p2a: Mandibuzz|0 fnt
|-heal|p1a: Hydrapple|51/100|[from] drain|[of] p2a: Mandibuzz
|faint|p2a: Mandibuzz
|
|upkeep
|
|t:|1779960068
|switch|p2a: Raging Bolt|Raging Bolt|65/100
|turn|18
|
|t:|1779960079
|-terastallize|p1a: Hydrapple|Fairy
|move|p2a: Raging Bolt|Draco Meteor|p1a: Hydrapple
|-immune|p1a: Hydrapple
|move|p1a: Hydrapple|Fickle Beam|p2a: Raging Bolt
|-supereffective|p2a: Raging Bolt
|-damage|p2a: Raging Bolt|4/100
|
|upkeep
|turn|19
|
|t:|1779960102
|-end|p2a: Raging Bolt|Protosynthesis|[silent]
|switch|p2a: Scizor|Scizor, F|100/100
|move|p1a: Hydrapple|Giga Drain|p2a: Scizor
|-resisted|p2a: Scizor
|-damage|p2a: Scizor|90/100
|-heal|p1a: Hydrapple|55/100|[from] drain|[of] p2a: Scizor
|
|upkeep
|turn|20
|
|t:|1779960132
|switch|p1a: Tornadus|Tornadus-Therian, M|100/100
|move|p2a: Scizor|U-turn|p1a: Tornadus
|-resisted|p1a: Tornadus
|-damage|p1a: Tornadus|68/100
|
|t:|1779960138
|switch|p2a: Primarina|Primarina, F|100/100|[from] U-turn
|
|upkeep
|turn|21
|
|t:|1779960143
|move|p1a: Tornadus|Taunt|p2a: Primarina
|-start|p2a: Primarina|move: Taunt
|cant|p2a: Primarina|move: Taunt|Calm Mind
|
|upkeep
|turn|22
|
|t:|1779960148
|move|p1a: Tornadus|U-turn|p2a: Primarina
|-resisted|p2a: Primarina
|-damage|p2a: Primarina|95/100
|
|t:|1779960152
|switch|p1a: Hydrapple|Hydrapple, M, tera:Fairy|88/100|[from] U-turn
|move|p2a: Primarina|Draining Kiss|p1a: Hydrapple
|-damage|p1a: Hydrapple|66/100
|-heal|p2a: Primarina|100/100|[from] drain|[of] p1a: Hydrapple
|-damage|p2a: Primarina|84/100|[from] item: Rocky Helmet|[of] p1a: Hydrapple
|
|-heal|p2a: Primarina|90/100|[from] item: Leftovers
|upkeep
|turn|23
|
|t:|1779960162
|switch|p2a: Scizor|Scizor, F|90/100
|move|p1a: Hydrapple|Giga Drain|p2a: Scizor
|-resisted|p2a: Scizor
|-damage|p2a: Scizor|80/100
|-heal|p1a: Hydrapple|70/100|[from] drain|[of] p2a: Scizor
|
|upkeep
|turn|24
|
|t:|1779960169
|switch|p1a: Tornadus|Tornadus-Therian, M|100/100
|move|p2a: Scizor|Bullet Punch|p1a: Tornadus
|-damage|p1a: Tornadus|46/100
|
|upkeep
|turn|25
|
|t:|1779960180
|switch|p1a: Hydrapple|Hydrapple, M, tera:Fairy|100/100
|switch|p2a: Great Tusk|Great Tusk|72/100
|
|upkeep
|turn|26
|
|t:|1779960208
|-end|p2a: Great Tusk|Protosynthesis|[silent]
|switch|p2a: Scizor|Scizor, F|80/100
|move|p1a: Hydrapple|Earth Power|p2a: Scizor
|-damage|p2a: Scizor|45/100
|
|upkeep
|turn|27
|
|t:|1779960248
|switch|p1a: Tornadus|Tornadus-Therian, M|80/100
|move|p2a: Scizor|Bullet Punch|p1a: Tornadus
|-damage|p1a: Tornadus|21/100
|
|upkeep
|turn|28
|
|t:|1779960255
|switch|p1a: Heatran|Heatran, F|65/100
|move|p2a: Scizor|Bullet Punch|p1a: Heatran
|-resisted|p1a: Heatran
|-damage|p1a: Heatran|54/100
|
|-heal|p1a: Heatran|60/100|[from] item: Leftovers
|upkeep
|turn|29
|
|t:|1779960263
|switch|p2a: Primarina|Primarina, F|90/100
|move|p1a: Heatran|Stealth Rock|p2a: Primarina
|-sidestart|p2: SWAGGER_W2F|move: Stealth Rock
|
|-heal|p1a: Heatran|66/100|[from] item: Leftovers
|-heal|p2a: Primarina|96/100|[from] item: Leftovers
|upkeep
|turn|30
|
|t:|1779960275
|move|p1a: Heatran|Taunt|p2a: Primarina
|-start|p2a: Primarina|move: Taunt
|move|p2a: Primarina|Psychic Noise|p1a: Heatran
|-supereffective|p1a: Heatran
|-damage|p1a: Heatran|30/100
|-start|p1a: Heatran|move: Heal Block
|
|-heal|p2a: Primarina|100/100|[from] item: Leftovers
|upkeep
|turn|31
|
|t:|1779960284
|switch|p1a: Hydrapple|Hydrapple, M, tera:Fairy|100/100
|move|p2a: Primarina|Psychic Noise|p1a: Hydrapple
|-damage|p1a: Hydrapple|72/100
|-start|p1a: Hydrapple|move: Heal Block
|
|upkeep
|turn|32
|
|t:|1779960292
|move|p2a: Primarina|Psychic Noise|p1a: Hydrapple
|-damage|p1a: Hydrapple|42/100
|move|p1a: Hydrapple|Earth Power|p2a: Primarina
|-damage|p2a: Primarina|82/100
|-unboost|p2a: Primarina|spd|1
|
|-heal|p2a: Primarina|88/100|[from] item: Leftovers
|-end|p2a: Primarina|move: Taunt
|-end|p1a: Hydrapple|move: Heal Block
|upkeep
|turn|33
|
|t:|1779960306
|switch|p1a: Tornadus|Tornadus-Therian, M|54/100
|move|p2a: Primarina|Psychic Noise|p1a: Tornadus
|-damage|p1a: Tornadus|18/100
|-start|p1a: Tornadus|move: Heal Block
|
|-heal|p2a: Primarina|94/100|[from] item: Leftovers
|upkeep
|turn|34
|
|t:|1779960315
|move|p1a: Tornadus|Bleakwind Storm|p2a: Primarina
|-damage|p2a: Primarina|46/100
|move|p2a: Primarina|Psychic Noise|p1a: Tornadus
|-crit|p1a: Tornadus
|-damage|p1a: Tornadus|0 fnt
|faint|p1a: Tornadus
|
|-heal|p2a: Primarina|52/100|[from] item: Leftovers
|upkeep
|
|t:|1779960319
|switch|p1a: Keldeo|Keldeo-Resolute|31/100
|turn|35
|
|t:|1779960329
|move|p1a: Keldeo|Surf|p2a: Primarina
|-resisted|p2a: Primarina
|-damage|p2a: Primarina|9/100
|move|p2a: Primarina|Draining Kiss|p1a: Keldeo
|-supereffective|p1a: Keldeo
|-damage|p1a: Keldeo|0 fnt
|-heal|p2a: Primarina|30/100|[from] drain|[of] p1a: Keldeo
|faint|p1a: Keldeo
|
|-heal|p2a: Primarina|36/100|[from] item: Leftovers
|upkeep
|
|t:|1779960334
|switch|p1a: Hydrapple|Hydrapple, M, tera:Fairy|75/100
|turn|36
|
|t:|1779960349
|move|p2a: Primarina|Psychic Noise|p1a: Hydrapple
|-damage|p1a: Hydrapple|43/100
|-start|p1a: Hydrapple|move: Heal Block
|move|p1a: Hydrapple|Earth Power|p2a: Primarina
|-damage|p2a: Primarina|6/100
|
|-heal|p2a: Primarina|12/100|[from] item: Leftovers
|upkeep
|turn|37
|
|t:|1779960359
|switch|p1a: Heatran|Heatran, F|30/100
|move|p2a: Primarina|Psychic Noise|p1a: Heatran
|-supereffective|p1a: Heatran
|-damage|p1a: Heatran|0 fnt
|faint|p1a: Heatran
|
|-heal|p2a: Primarina|18/100|[from] item: Leftovers
|upkeep
|
|t:|1779960362
|switch|p1a: Hydrapple|Hydrapple, M, tera:Fairy|76/100
|turn|38
|
|t:|1779960369
|move|p2a: Primarina|Psychic Noise|p1a: Hydrapple
|-damage|p1a: Hydrapple|46/100
|-start|p1a: Hydrapple|move: Heal Block
|move|p1a: Hydrapple|Earth Power|p2a: Primarina
|-damage|p2a: Primarina|0 fnt
|faint|p2a: Primarina
|
|upkeep
|
|t:|1779960377
|switch|p2a: Scizor|Scizor, F|45/100
|-damage|p2a: Scizor|33/100|[from] Stealth Rock
|turn|39
|
|t:|1779960381
|move|p2a: Scizor|Bullet Punch|p1a: Hydrapple
|-supereffective|p1a: Hydrapple
|-damage|p1a: Hydrapple|0 fnt
|-damage|p2a: Scizor|17/100|[from] item: Rocky Helmet|[of] p1a: Hydrapple
|faint|p1a: Hydrapple
|
|win|SWAGGER_W2F
|raw|fffuy's rating: 1473 &rarr; <strong>1458</strong><br />(-15 for losing)
|raw|SWAGGER_W2F's rating: 1568 &rarr; <strong>1583</strong><br />(+15 for winning)
|l|☆fffuy
|player|p1|
|l|☆SWAGGER_W2F
|player|p2|
