|j|‽President Warfo
|j|☆Slopslop no Midren
|t:|1779902216
|gametype|singles
|player|p1|President Warfo|giovanni-gen1rb|1579
|player|p2|Slopslop no Midren|101|1597
|gen|9
|tier|[Gen 9] OU
|rated|
|rule|HP Percentage Mod: HP is shown in percentages
|rule|Endless Battle Clause: Forcing endless battles is banned
|rule|Species Clause: Limit one of each Pokémon
|rule|OHKO Clause: OHKO moves are banned
|rule|Evasion Items Clause: Evasion items are banned
|rule|Evasion Moves Clause: Evasion moves are banned
|rule|Evasion Abilities Clause: Evasion abilities are banned
|rule|Sleep Moves Clause: Sleep-inducing moves are banned
|clearpoke
|poke|p1|Torkoal, F|
|poke|p1|Scovillain, F|
|poke|p1|Walking Wake|
|poke|p1|Hatterene, F|
|poke|p1|Great Tusk|
|poke|p1|Ceruledge, F|
|poke|p2|Magnezone|
|poke|p2|Dragonite, M|
|poke|p2|Great Tusk|
|poke|p2|Iron Valiant|
|poke|p2|Samurott-Hisui, F|
|poke|p2|Slowking-Galar, M|
|teampreview
|inactive|Battle timer is ON: inactive players will automatically lose when time's up. (requested by Slopslop no Midren)
|inactive|President Warfo also wants the timer to be on.
|j| Drewisonline
|
|t:|1779902220
|teamsize|p1|6
|teamsize|p2|6
|start
|switch|p1a: Torkoal|Torkoal, F|100/100
|switch|p2a: Slowking|Slowking-Galar, M|100/100
|-weather|SunnyDay|[from] ability: Drought|[of] p1a: Torkoal
|turn|1
|c|☆Slopslop no Midren|who are those people instantly joining game
|j| Robertl
|c|☆Slopslop no Midren|why do i have mossad agents joining my games
|c| Drewisonline|i spectate for fun
|l| Robertl
|
|t:|1779902244
|move|p1a: Torkoal|Overheat|p2a: Slowking
|-damage|p2a: Slowking|56/100
|-unboost|p1a: Torkoal|spa|2
|-prepare|p2a: Slowking|Chilly Reception|[premajor]
|move|p2a: Slowking|Chilly Reception|p2a: Slowking
|-weather|Snowscape
|c| Drewisonline|i didn’t single you out
|inactive|Slopslop no Midren has 120 seconds left.
|
|t:|1779902260
|switch|p2a: Samurott|Samurott-Hisui, F|100/100|[from] Chilly Reception
|
|-weather|Snowscape|[upkeep]
|upkeep
|turn|2
|
|t:|1779902266
|switch|p1a: Great Tusk|Great Tusk, shiny|100/100
|move|p2a: Samurott|Razor Shell|p1a: Great Tusk
|-supereffective|p1a: Great Tusk
|-damage|p1a: Great Tusk|21/100
|-damage|p2a: Samurott|84/100|[from] item: Rocky Helmet|[of] p1a: Great Tusk
|
|-weather|Snowscape|[upkeep]
|upkeep
|turn|3
|
|t:|1779902269
|-end|p1a: Great Tusk|Protosynthesis|[silent]
|switch|p1a: Torkoal|Torkoal, F|100/100
|-weather|SunnyDay|[from] ability: Drought|[of] p1a: Torkoal
|move|p2a: Samurott|Razor Shell|p1a: Torkoal
|-supereffective|p1a: Torkoal
|-damage|p1a: Torkoal|58/100
|
|-weather|SunnyDay|[upkeep]
|upkeep
|turn|4
|
|t:|1779902276
|switch|p2a: Slowking|Slowking-Galar, M|89/100
|switch|p1a: Hatterene|Hatterene, F, shiny|100/100
|
|-weather|SunnyDay|[upkeep]
|upkeep
|turn|5
|
|t:|1779902280
|move|p1a: Hatterene|Future Sight|p2a: Slowking
|-start|p1a: Hatterene|move: Future Sight
|-prepare|p2a: Slowking|Chilly Reception|[premajor]
|move|p2a: Slowking|Chilly Reception|p2a: Slowking
|-weather|Snowscape
|
|t:|1779902283
|switch|p2a: Magnezone|Magnezone|100/100|[from] Chilly Reception
|
|-weather|Snowscape|[upkeep]
|upkeep
|turn|6
|
|t:|1779902289
|move|p2a: Magnezone|Volt Switch|p1a: Hatterene
|-damage|p1a: Hatterene|47/100
|-enditem|p1a: Hatterene|Eject Button
|
|t:|1779902292
|switch|p1a: Ceruledge|Ceruledge, F|100/100
|
|-weather|Snowscape|[upkeep]
|upkeep
|turn|7
|
|t:|1779902298
|switch|p2a: Samurott|Samurott-Hisui, F|84/100
|move|p1a: Ceruledge|Swords Dance|p1a: Ceruledge
|-boost|p1a: Ceruledge|atk|2
|
|-weather|Snowscape|[upkeep]
|-end|p2a: Samurott|move: Future Sight
|-immune|p2a: Samurott
|upkeep
|turn|8
|
|t:|1779902307
|move|p2a: Samurott|Flip Turn|p1a: Ceruledge
|-supereffective|p1a: Ceruledge
|-damage|p1a: Ceruledge|21/100
|-ability|p1a: Ceruledge|Weak Armor|boost
|-unboost|p1a: Ceruledge|def|1
|-boost|p1a: Ceruledge|spe|2
|
|t:|1779902311
|switch|p2a: Great Tusk|Great Tusk|100/100|[from] Flip Turn
|move|p1a: Ceruledge|Bitter Blade|p2a: Great Tusk
|-damage|p2a: Great Tusk|40/100
|-heal|p1a: Ceruledge|67/100|[from] drain|[of] p2a: Great Tusk
|-damage|p1a: Ceruledge|50/100|[from] item: Rocky Helmet|[of] p2a: Great Tusk
|
|-weather|Snowscape|[upkeep]
|upkeep
|turn|9
|
|t:|1779902324
|move|p1a: Ceruledge|Bitter Blade|p2a: Great Tusk
|-damage|p2a: Great Tusk|0 fnt
|-heal|p1a: Ceruledge|80/100|[from] drain|[of] p2a: Great Tusk
|-damage|p1a: Ceruledge|63/100|[from] item: Rocky Helmet|[of] p2a: Great Tusk
|faint|p2a: Great Tusk
|-end|p2a: Great Tusk|Protosynthesis|[silent]
|
|-weather|none
|upkeep
|
|t:|1779902326
|switch|p2a: Samurott|Samurott-Hisui, F|84/100
|turn|10
|
|t:|1779902331
|-terastallize|p1a: Ceruledge|Grass
|move|p1a: Ceruledge|Bitter Blade|p2a: Samurott
|-resisted|p2a: Samurott
|-damage|p2a: Samurott|25/100
|-heal|p1a: Ceruledge|96/100|[from] drain|[of] p2a: Samurott
|move|p2a: Samurott|Ceaseless Edge|p1a: Ceruledge
|-damage|p1a: Ceruledge|0 fnt
|-sidestart|p1: President Warfo|Spikes
|faint|p1a: Ceruledge
|
|upkeep
|
|t:|1779902338
|switch|p1a: Torkoal|Torkoal, F|58/100
|-damage|p1a: Torkoal|45/100|[from] Spikes
|-weather|SunnyDay|[from] ability: Drought|[of] p1a: Torkoal
|turn|11
|
|t:|1779902341
|switch|p1a: Walking Wake|Walking Wake|100/100
|-damage|p1a: Walking Wake|88/100|[from] Spikes
|-activate|p1a: Walking Wake|ability: Protosynthesis
|-start|p1a: Walking Wake|protosynthesisspa
|move|p2a: Samurott|Ceaseless Edge|p1a: Walking Wake
|-damage|p1a: Walking Wake|38/100
|-sidestart|p1: President Warfo|Spikes
|
|-weather|SunnyDay|[upkeep]
|upkeep
|turn|12
|
|t:|1779902343
|move|p2a: Samurott|Ceaseless Edge|p1a: Walking Wake
|-damage|p1a: Walking Wake|0 fnt
|-sidestart|p1: President Warfo|Spikes
|faint|p1a: Walking Wake
|-end|p1a: Walking Wake|Protosynthesis|[silent]
|
|-weather|SunnyDay|[upkeep]
|upkeep
|
|t:|1779902349
|switch|p1a: Scovillain|Scovillain, F|100/100
|-damage|p1a: Scovillain|76/100|[from] Spikes
|turn|13
|
|t:|1779902354
|switch|p2a: Slowking|Slowking-Galar, M|100/100
|move|p1a: Scovillain|Flamethrower|p2a: Slowking
|-damage|p2a: Slowking|55/100
|-damage|p1a: Scovillain|66/100|[from] item: Life Orb
|
|-weather|SunnyDay|[upkeep]
|upkeep
|turn|14
|
|t:|1779902362
|move|p1a: Scovillain|Flamethrower|p2a: Slowking
|-damage|p2a: Slowking|4/100
|-damage|p1a: Scovillain|56/100|[from] item: Life Orb
|move|p2a: Slowking|Sludge Bomb|p1a: Scovillain
|-supereffective|p1a: Scovillain
|-damage|p1a: Scovillain|0 fnt
|faint|p1a: Scovillain
|
|-weather|SunnyDay|[upkeep]
|upkeep
|
|t:|1779902366
|switch|p1a: Great Tusk|Great Tusk, shiny|21/100
|-damage|p1a: Great Tusk|0 fnt|[from] Spikes
|faint|p1a: Great Tusk
|-end|p1a: Great Tusk|Protosynthesis|[silent]
|
|t:|1779902368
|switch|p1a: Torkoal|Torkoal, F|45/100
|-damage|p1a: Torkoal|20/100|[from] Spikes
|turn|15
|
|t:|1779902373
|switch|p2a: Dragonite|Dragonite, M|100/100
|move|p1a: Torkoal|Rapid Spin|p2a: Dragonite
|-damage|p2a: Dragonite|95/100
|-boost|p1a: Torkoal|spe|1
|-sideend|p1: President Warfo|Spikes|[from] move: Rapid Spin|[of] p1a: Torkoal
|
|-weather|SunnyDay|[upkeep]
|upkeep
|turn|16
|
|t:|1779902377
|switch|p1a: Hatterene|Hatterene, F, shiny|47/100
|move|p2a: Dragonite|Earthquake|p1a: Hatterene
|-damage|p1a: Hatterene|16/100
|
|-weather|SunnyDay|[upkeep]
|upkeep
|turn|17
|
|t:|1779902381
|move|p2a: Dragonite|Earthquake|p1a: Hatterene
|-damage|p1a: Hatterene|0 fnt
|faint|p1a: Hatterene
|
|-weather|SunnyDay|[upkeep]
|upkeep
|
|t:|1779902383
|switch|p1a: Torkoal|Torkoal, F|20/100
|turn|18
|inactive|President Warfo has 120 seconds left.
|inactive|President Warfo has 90 seconds left.
|c| Drewisonline|yeah you got it warfo
|c| Drewisonline|clutch
|inactive|President Warfo has 60 seconds left.
|inactive|President Warfo has 30 seconds left.
|l| Drewisonline
|inactive|President Warfo has 20 seconds left.
|inactive|President Warfo has 15 seconds left.
|inactive|President Warfo has 10 seconds left.
|inactive|President Warfo has 5 seconds left.
|-message|President Warfo lost due to inactivity.
|
|win|Slopslop no Midren
|raw|President Warfo's rating: 1593 &rarr; <strong>1573</strong><br />(-20 for losing)
|raw|Slopslop no Midren's rating: 1597 &rarr; <strong>1617</strong><br />(+20 for winning)
|l|‽President Warfo
|player|p1|
