|j|☆menma0823
|j|☆wym=z
|t:|1779804305
|gametype|singles
|player|p1|menma0823|1|1075
|player|p2|wym=z|backersf|1057
|gen|9
|tier|[Gen 9] OU
|rated|
|rule|HP Percentage Mod: HP is shown in percentages
|rule|Endless Battle Clause: Forcing endless battles is banned
|rule|Species Clause: Limit one of each Pokémon
|rule|OHKO Clause: OHKO moves are banned
|rule|Evasion Items Clause: Evasion items are banned
|rule|Evasion Moves Clause: Evasion moves are banned
|rule|Evasion Abilities Clause: Evasion abilities are banned
|rule|Sleep Moves Clause: Sleep-inducing moves are banned
|clearpoke
|poke|p1|Landorus-Therian, M|
|poke|p1|Venusaur, M|
|poke|p1|Pikachu-Alola, M|
|poke|p1|Quaquaval, F|
|poke|p1|Sableye, F|
|poke|p1|Torkoal, F|
|poke|p2|Eiscue, M|
|poke|p2|Ninetales-Alola, M|
|poke|p2|Hatterene, F|
|poke|p2|Meowscarada, M|
|poke|p2|Basculegion, M|
|poke|p2|Lokix, F|
|teampreview
|
|t:|1779804314
|teamsize|p1|6
|teamsize|p2|6
|start
|switch|p1a: Sableye|Sableye, F, shiny|100/100
|switch|p2a: Ninetales|Ninetales-Alola, M|100/100
|-weather|Snowscape|[from] ability: Snow Warning|[of] p2a: Ninetales
|turn|1
|
|t:|1779804325
|switch|p2a: Eiscue|Eiscue, M|100/100
|move|p1a: Sableye|Light Screen|p1a: Sableye
|-sidestart|p1: menma0823|move: Light Screen
|
|-weather|Snowscape|[upkeep]
|upkeep
|turn|2
|
|t:|1779804337
|move|p2a: Eiscue|Whirlpool|p1a: Sableye
|-crit|p1a: Sableye
|-damage|p1a: Sableye|83/100
|-activate|p1a: Sableye|move: Whirlpool|[of] p2a: Eiscue
|move|p1a: Sableye|Foul Play|p2a: Eiscue
|-activate|p2a: Eiscue|ability: Ice Face
|-damage|p2a: Eiscue|100/100
|-damage|p1a: Sableye|67/100|[from] item: Rocky Helmet|[of] p2a: Eiscue
|detailschange|p2a: Eiscue|Eiscue-Noice, M
|
|-weather|Snowscape|[upkeep]
|-heal|p1a: Sableye|73/100|[from] item: Leftovers
|-damage|p1a: Sableye|60/100|[from] move: Whirlpool|[partiallytrapped]
|upkeep
|turn|3
|
|t:|1779804354
|move|p2a: Eiscue|Aqua Ring|p2a: Eiscue
|-start|p2a: Eiscue|Aqua Ring
|move|p1a: Sableye|Foul Play|p2a: Eiscue
|-damage|p2a: Eiscue|75/100
|-damage|p1a: Sableye|44/100|[from] item: Rocky Helmet|[of] p2a: Eiscue
|
|-weather|Snowscape|[upkeep]
|-heal|p1a: Sableye|50/100|[from] item: Leftovers
|-heal|p2a: Eiscue|82/100|[from] Aqua Ring
|-damage|p1a: Sableye|38/100|[from] move: Whirlpool|[partiallytrapped]
|upkeep
|turn|4
|
|t:|1779804367
|move|p1a: Sableye|Recover|p1a: Sableye
|-heal|p1a: Sableye|88/100
|move|p2a: Eiscue|Weather Ball|p1a: Sableye
|-damage|p1a: Sableye|61/100
|
|-weather|Snowscape|[upkeep]
|-heal|p1a: Sableye|68/100|[from] item: Leftovers
|-heal|p2a: Eiscue|88/100|[from] Aqua Ring
|-damage|p1a: Sableye|55/100|[from] move: Whirlpool|[partiallytrapped]
|upkeep
|turn|5
|
|t:|1779804381
|move|p1a: Sableye|Recover|p1a: Sableye
|-heal|p1a: Sableye|100/100
|move|p2a: Eiscue|Weather Ball|p1a: Sableye
|-damage|p1a: Sableye|72/100
|
|-weather|Snowscape|[upkeep]
|-heal|p1a: Sableye|78/100|[from] item: Leftovers
|-heal|p2a: Eiscue|94/100|[from] Aqua Ring
|-damage|p1a: Sableye|66/100|[from] move: Whirlpool|[partiallytrapped]
|-sideend|p1: menma0823|move: Light Screen
|upkeep
|turn|6
|
|t:|1779804394
|move|p2a: Eiscue|Whirlpool|p1a: Sableye
|-damage|p1a: Sableye|54/100
|move|p1a: Sableye|Foul Play|p2a: Eiscue
|-damage|p2a: Eiscue|71/100
|-damage|p1a: Sableye|37/100|[from] item: Rocky Helmet|[of] p2a: Eiscue
|
|-weather|Snowscape|[upkeep]
|-heal|p1a: Sableye|44/100|[from] item: Leftovers
|-heal|p2a: Eiscue|77/100|[from] Aqua Ring
|-damage|p1a: Sableye|31/100|[from] move: Whirlpool|[partiallytrapped]
|upkeep
|turn|7
|
|t:|1779804410
|switch|p1a: Quaquaval|Quaquaval, F, shiny|100/100
|move|p2a: Eiscue|Weather Ball|p1a: Quaquaval
|-resisted|p1a: Quaquaval
|-damage|p1a: Quaquaval|74/100
|
|-weather|Snowscape|[upkeep]
|-heal|p2a: Eiscue|83/100|[from] Aqua Ring
|upkeep
|turn|8
|
|t:|1779804427
|move|p2a: Eiscue|Flip Turn|p1a: Quaquaval
|-resisted|p1a: Quaquaval
|-damage|p1a: Quaquaval|67/100
|
|t:|1779804434
|switch|p2a: Meowscarada|Meowscarada, M|100/100|[from] Flip Turn
|move|p1a: Quaquaval|Aqua Step|p2a: Meowscarada
|-resisted|p2a: Meowscarada
|-damage|p2a: Meowscarada|72/100
|-boost|p1a: Quaquaval|spe|1
|
|-weather|none
|upkeep
|turn|9
|
|t:|1779804445
|move|p1a: Quaquaval|Close Combat|p2a: Meowscarada
|-supereffective|p2a: Meowscarada
|-damage|p2a: Meowscarada|0 fnt
|-unboost|p1a: Quaquaval|def|1
|-unboost|p1a: Quaquaval|spd|1
|faint|p2a: Meowscarada
|-ability|p1a: Quaquaval|Moxie|boost
|-boost|p1a: Quaquaval|atk|1
|
|upkeep
|
|t:|1779804453
|switch|p2a: Lokix|Lokix, F|100/100
|turn|10
|
|t:|1779804460
|move|p2a: Lokix|First Impression|p1a: Quaquaval
|-resisted|p1a: Quaquaval
|-damage|p1a: Quaquaval|0 fnt
|faint|p1a: Quaquaval
|
|upkeep
|
|t:|1779804470
|switch|p1a: Torkoal|Torkoal, F, shiny|100/100
|-weather|SunnyDay|[from] ability: Drought|[of] p1a: Torkoal
|turn|11
|
|t:|1779804482
|switch|p2a: Ninetales|Ninetales-Alola, M|100/100
|-weather|Snowscape|[from] ability: Snow Warning|[of] p2a: Ninetales
|move|p1a: Torkoal|Eruption|p2a: Ninetales
|-supereffective|p2a: Ninetales
|-crit|p2a: Ninetales
|-damage|p2a: Ninetales|0 fnt
|faint|p2a: Ninetales
|
|-weather|Snowscape|[upkeep]
|upkeep
|
|t:|1779804487
|switch|p2a: Eiscue|Eiscue-Noice, M|83/100
|-activate|p2a: Eiscue|ability: Ice Face
|detailschange|p2a: Eiscue|Eiscue, M
|turn|12
|
|t:|1779804506
|switch|p1a: Landorus|Landorus-Therian, M, shiny|100/100
|-ability|p1a: Landorus|Intimidate|boost
|-unboost|p2a: Eiscue|atk|1
|move|p2a: Eiscue|Whirlpool|p1a: Landorus
|-supereffective|p1a: Landorus
|-damage|p1a: Landorus|77/100
|-activate|p1a: Landorus|move: Whirlpool|[of] p2a: Eiscue
|
|-weather|Snowscape|[upkeep]
|-damage|p1a: Landorus|65/100|[from] move: Whirlpool|[partiallytrapped]
|upkeep
|turn|13
|
|t:|1779804521
|move|p1a: Landorus|Earthquake|p2a: Eiscue
|-activate|p2a: Eiscue|ability: Ice Face
|-damage|p2a: Eiscue|83/100
|detailschange|p2a: Eiscue|Eiscue-Noice, M
|-damage|p1a: Landorus|55/100|[from] item: Life Orb
|move|p2a: Eiscue|Weather Ball|p1a: Landorus
|-supereffective|p1a: Landorus
|-damage|p1a: Landorus|0 fnt
|faint|p1a: Landorus
|
|-weather|Snowscape|[upkeep]
|upkeep
|
|t:|1779804534
|switch|p1a: Torkoal|Torkoal, F, shiny|100/100
|-weather|SunnyDay|[from] ability: Drought|[of] p1a: Torkoal
|turn|14
|
|t:|1779804542
|move|p2a: Eiscue|Whirlpool|p1a: Torkoal|[miss]
|-miss|p2a: Eiscue|p1a: Torkoal
|move|p1a: Torkoal|Eruption|p2a: Eiscue
|-supereffective|p2a: Eiscue
|-damage|p2a: Eiscue|0 fnt
|faint|p2a: Eiscue
|
|-weather|SunnyDay|[upkeep]
|upkeep
|
|t:|1779804551
|switch|p2a: Basculegion|Basculegion, M|100/100
|turn|15
|
|t:|1779804565
|move|p2a: Basculegion|Liquidation|p1a: Torkoal
|-supereffective|p1a: Torkoal
|-damage|p1a: Torkoal|58/100
|move|p1a: Torkoal|Earth Power|p2a: Basculegion
|-damage|p2a: Basculegion|76/100
|
|-weather|SunnyDay|[upkeep]
|upkeep
|turn|16
|
|t:|1779804576
|move|p2a: Basculegion|Liquidation|p1a: Torkoal
|-supereffective|p1a: Torkoal
|-damage|p1a: Torkoal|14/100
|move|p1a: Torkoal|Ancient Power|p2a: Basculegion
|-damage|p2a: Basculegion|59/100
|
|-weather|SunnyDay|[upkeep]
|upkeep
|turn|17
|
|t:|1779804607
|switch|p1a: Venusaur|Venusaur, M, shiny|100/100
|move|p2a: Basculegion|Liquidation|p1a: Venusaur
|-resisted|p1a: Venusaur
|-damage|p1a: Venusaur|82/100
|
|-weather|SunnyDay|[upkeep]
|upkeep
|turn|18
|
|t:|1779804622
|switch|p2a: Lokix|Lokix, F|100/100
|move|p1a: Venusaur|Solar Beam||[still]
|-prepare|p1a: Venusaur|Solar Beam
|-anim|p1a: Venusaur|Solar Beam|p2a: Lokix
|-resisted|p2a: Lokix
|-damage|p2a: Lokix|34/100
|-damage|p1a: Venusaur|72/100|[from] item: Life Orb
|
|-weather|none
|upkeep
|turn|19
|
|t:|1779804633
|switch|p1a: Torkoal|Torkoal, F, shiny|14/100
|-weather|SunnyDay|[from] ability: Drought|[of] p1a: Torkoal
|move|p2a: Lokix|First Impression|p1a: Torkoal
|-resisted|p1a: Torkoal
|-damage|p1a: Torkoal|0 fnt
|faint|p1a: Torkoal
|
|-weather|SunnyDay|[upkeep]
|upkeep
|
|t:|1779804645
|switch|p1a: Sableye|Sableye, F, shiny|31/100
|turn|20
|
|t:|1779804653
|switch|p2a: Basculegion|Basculegion, M|59/100
|move|p1a: Sableye|Foul Play|p2a: Basculegion
|-supereffective|p2a: Basculegion
|-damage|p2a: Basculegion|0 fnt
|faint|p2a: Basculegion
|
|-weather|SunnyDay|[upkeep]
|-heal|p1a: Sableye|37/100|[from] item: Leftovers
|upkeep
|
|t:|1779804656
|switch|p2a: Lokix|Lokix, F|34/100
|turn|21
|
|t:|1779804667
|move|p2a: Lokix|First Impression|p1a: Sableye
|-damage|p1a: Sableye|0 fnt
|faint|p1a: Sableye
|
|-weather|SunnyDay|[upkeep]
|upkeep
|
|t:|1779804674
|switch|p1a: Venusaur|Venusaur, M, shiny|72/100
|turn|22
|
|t:|1779804679
|switch|p2a: Hatterene|Hatterene, F|100/100
|move|p1a: Venusaur|Solar Beam||[still]
|-prepare|p1a: Venusaur|Solar Beam
|-anim|p1a: Venusaur|Solar Beam|p2a: Hatterene
|-damage|p2a: Hatterene|26/100
|-damage|p1a: Venusaur|62/100|[from] item: Life Orb
|
|-weather|SunnyDay|[upkeep]
|-heal|p2a: Hatterene|32/100|[from] item: Leftovers
|upkeep
|turn|23
|
|t:|1779804690
|move|p2a: Hatterene|Protect|p2a: Hatterene
|-singleturn|p2a: Hatterene|Protect
|move|p1a: Venusaur|Solar Beam||[still]
|-prepare|p1a: Venusaur|Solar Beam
|-anim|p1a: Venusaur|Solar Beam|p2a: Hatterene
|-activate|p2a: Hatterene|move: Protect
|
|-weather|none
|-heal|p2a: Hatterene|38/100|[from] item: Leftovers
|upkeep
|turn|24
|
|t:|1779804705
|move|p1a: Venusaur|Sludge Bomb|p2a: Hatterene
|-supereffective|p2a: Hatterene
|-damage|p2a: Hatterene|0 fnt
|faint|p2a: Hatterene
|-damage|p1a: Venusaur|52/100|[from] item: Life Orb
|
|upkeep
|
|t:|1779804708
|switch|p2a: Lokix|Lokix, F|34/100
|turn|25
|
|t:|1779804719
|move|p2a: Lokix|Knock Off|p1a: Venusaur
|-damage|p1a: Venusaur|0 fnt
|-enditem|p1a: Venusaur|Life Orb|[from] move: Knock Off|[of] p2a: Lokix
|faint|p1a: Venusaur
|
|upkeep
|
|t:|1779804726
|switch|p1a: Pikachu|Pikachu-Alola, M|100/100
|turn|26
|
|t:|1779804733
|move|p1a: Pikachu|Play Rough|p2a: Lokix
|-supereffective|p2a: Lokix
|-damage|p2a: Lokix|0 fnt
|faint|p2a: Lokix
|
|win|menma0823
|raw|menma0823's rating: 1075 &rarr; <strong>1102</strong><br />(+27 for winning)
|raw|wym=z's rating: 1057 &rarr; <strong>1039</strong><br />(-18 for losing)
|l|☆wym=z
|player|p2|
