|j|☆wdmksdm
|j|☆Pristhit
|t:|1779849226
|gametype|singles
|player|p1|wdmksdm|alder|1129
|player|p2|Pristhit|1|1119
|gen|9
|tier|[Gen 9] OU
|rated|
|rule|HP Percentage Mod: HP is shown in percentages
|rule|Endless Battle Clause: Forcing endless battles is banned
|rule|Species Clause: Limit one of each Pokémon
|rule|OHKO Clause: OHKO moves are banned
|rule|Evasion Items Clause: Evasion items are banned
|rule|Evasion Moves Clause: Evasion moves are banned
|rule|Evasion Abilities Clause: Evasion abilities are banned
|rule|Sleep Moves Clause: Sleep-inducing moves are banned
|clearpoke
|poke|p1|Lapras, M|
|poke|p1|Moltres|
|poke|p1|Bronzong|
|poke|p1|Quaquaval, M|
|poke|p1|Ninetales-Alola, F|
|poke|p1|Skarmory, F|
|poke|p2|Kingdra, M|
|poke|p2|Dugtrio, F|
|poke|p2|Ribombee, F|
|poke|p2|Blaziken, F|
|poke|p2|Excadrill, M|
|poke|p2|Cinderace, M|
|teampreview
|
|t:|1779849235
|teamsize|p1|6
|teamsize|p2|6
|start
|switch|p1a: Skarmory|Skarmory, F|100/100
|switch|p2a: Dugtrio|Dugtrio, F|100/100
|turn|1
|
|t:|1779849244
|move|p2a: Dugtrio|Rock Slide|p1a: Skarmory
|-damage|p1a: Skarmory|75/100
|-damage|p2a: Dugtrio|91/100|[from] item: Life Orb
|move|p1a: Skarmory|Swords Dance|p1a: Skarmory
|-boost|p1a: Skarmory|atk|2
|
|upkeep
|turn|2
|
|t:|1779849253
|move|p2a: Dugtrio|Stealth Rock|p1a: Skarmory
|-sidestart|p1: wdmksdm|move: Stealth Rock
|move|p1a: Skarmory|Drill Peck|p2a: Dugtrio
|-damage|p2a: Dugtrio|0 fnt
|faint|p2a: Dugtrio
|
|upkeep
|
|t:|1779849265
|switch|p2a: Ribombee|Ribombee, F|100/100
|turn|3
|
|t:|1779849268
|move|p2a: Ribombee|Sticky Web|p1a: Skarmory
|-sidestart|p1: wdmksdm|move: Sticky Web
|move|p1a: Skarmory|Stealth Rock|p2a: Ribombee
|-sidestart|p2: Pristhit|move: Stealth Rock
|
|upkeep
|turn|4
|
|t:|1779849272
|move|p2a: Ribombee|Quiver Dance|p2a: Ribombee
|-boost|p2a: Ribombee|spa|1
|-boost|p2a: Ribombee|spd|1
|-boost|p2a: Ribombee|spe|1
|move|p1a: Skarmory|Steel Wing|p2a: Ribombee
|-supereffective|p2a: Ribombee
|-enditem|p2a: Ribombee|Focus Sash
|-damage|p2a: Ribombee|1/100
|-boost|p1a: Skarmory|def|1
|
|upkeep
|turn|5
|
|t:|1779849283
|move|p2a: Ribombee|Moonblast|p1a: Skarmory
|-resisted|p1a: Skarmory
|-damage|p1a: Skarmory|41/100
|move|p1a: Skarmory|Steel Wing|p2a: Ribombee
|-supereffective|p2a: Ribombee
|-damage|p2a: Ribombee|0 fnt
|faint|p2a: Ribombee
|
|upkeep
|
|t:|1779849287
|switch|p2a: Cinderace|Cinderace, M|100/100
|-damage|p2a: Cinderace|76/100|[from] Stealth Rock
|turn|6
|
|t:|1779849296
|move|p2a: Cinderace|Pyro Ball|p1a: Skarmory
|-supereffective|p1a: Skarmory
|-damage|p1a: Skarmory|0 fnt
|faint|p1a: Skarmory
|-damage|p2a: Cinderace|66/100|[from] item: Life Orb
|
|upkeep
|
|t:|1779849306
|switch|p1a: Quaquaval|Quaquaval, M|100/100
|turn|7
|
|t:|1779849310
|move|p2a: Cinderace|High Jump Kick|p1a: Quaquaval
|-start|p2a: Cinderace|typechange|Fighting|[from] ability: Libero
|-damage|p1a: Quaquaval|0 fnt
|faint|p1a: Quaquaval
|-damage|p2a: Cinderace|56/100|[from] item: Life Orb
|
|upkeep
|
|t:|1779849317
|switch|p1a: Moltres|Moltres|100/100
|turn|8
|
|t:|1779849321
|move|p2a: Cinderace|Pyro Ball|p1a: Moltres
|-resisted|p1a: Moltres
|-crit|p1a: Moltres
|-damage|p1a: Moltres|67/100
|-damage|p2a: Cinderace|46/100|[from] item: Life Orb
|move|p1a: Moltres|Acrobatics|p2a: Cinderace
|-supereffective|p2a: Cinderace
|-damage|p2a: Cinderace|0 fnt
|faint|p2a: Cinderace
|
|upkeep
|
|t:|1779849326
|switch|p2a: Kingdra|Kingdra, M, shiny|100/100
|-damage|p2a: Kingdra|88/100|[from] Stealth Rock
|turn|9
|
|t:|1779849341
|switch|p1a: Lapras|Lapras, M|100/100
|-damage|p1a: Lapras|76/100|[from] Stealth Rock
|-activate|p1a: Lapras|move: Sticky Web
|-unboost|p1a: Lapras|spe|1
|move|p2a: Kingdra|Focus Energy|p2a: Kingdra
|-start|p2a: Kingdra|move: Focus Energy
|
|upkeep
|turn|10
|
|t:|1779849350
|move|p2a: Kingdra|Draco Meteor|p1a: Lapras
|-crit|p1a: Lapras
|-damage|p1a: Lapras|0 fnt
|-unboost|p2a: Kingdra|spa|2
|faint|p1a: Lapras
|
|upkeep
|
|t:|1779849354
|switch|p1a: Ninetales|Ninetales-Alola, F|100/100
|-damage|p1a: Ninetales|75/100|[from] Stealth Rock
|-activate|p1a: Ninetales|move: Sticky Web
|-unboost|p1a: Ninetales|spe|1
|-weather|Snowscape|[from] ability: Snow Warning|[of] p1a: Ninetales
|turn|11
|inactive|Battle timer is ON: inactive players will automatically lose when time's up. (requested by Pristhit)
|
|t:|1779849362
|move|p2a: Kingdra|Clear Smog|p1a: Ninetales
|-supereffective|p1a: Ninetales
|-crit|p1a: Ninetales
|-damage|p1a: Ninetales|2/100
|-clearboost|p1a: Ninetales
|move|p1a: Ninetales|Aurora Veil|p1a: Ninetales
|-sidestart|p1: wdmksdm|move: Aurora Veil
|
|-weather|Snowscape|[upkeep]
|upkeep
|turn|12
|-message|wdmksdm forfeited.
|
|win|Pristhit
|raw|wdmksdm's rating: 1129 &rarr; <strong>1103</strong><br />(-26 for losing)
|raw|Pristhit's rating: 1119 &rarr; <strong>1145</strong><br />(+26 for winning)
|l|☆wdmksdm
|player|p1|
|l|☆Pristhit
|player|p2|
