|j|☆ace trainer kamo
|j|☆femboywild
|t:|1779870268
|gametype|singles
|player|p1|ace trainer kamo|aaron|1098
|player|p2|femboywild|flint|1127
|gen|9
|tier|[Gen 9] OU
|rated|
|rule|HP Percentage Mod: HP is shown in percentages
|rule|Endless Battle Clause: Forcing endless battles is banned
|rule|Species Clause: Limit one of each Pokémon
|rule|OHKO Clause: OHKO moves are banned
|rule|Evasion Items Clause: Evasion items are banned
|rule|Evasion Moves Clause: Evasion moves are banned
|rule|Evasion Abilities Clause: Evasion abilities are banned
|rule|Sleep Moves Clause: Sleep-inducing moves are banned
|clearpoke
|poke|p1|Tropius, M|
|poke|p1|Ceruledge, M|
|poke|p1|Gliscor, F|
|poke|p1|Regieleki|
|poke|p1|Clefable, M|
|poke|p1|Smeargle, F|
|poke|p2|Charizard, M|
|poke|p2|Ninetales, M|
|poke|p2|Arcanine-Hisui, M|
|poke|p2|Talonflame, F|
|poke|p2|Infernape, F|
|poke|p2|Blaziken, F|
|teampreview
|
|t:|1779870279
|teamsize|p1|6
|teamsize|p2|6
|start
|switch|p1a: Smeargle|Smeargle, F|100/100
|switch|p2a: Rockpup|Arcanine-Hisui, M|100/100
|turn|1
|
|t:|1779870289
|move|p2a: Rockpup|Stealth Rock|p1a: Smeargle
|-sidestart|p1: ace trainer kamo|move: Stealth Rock
|move|p1a: Smeargle|Toxic Spikes|p2a: Rockpup
|-sidestart|p2: femboywild|move: Toxic Spikes
|
|upkeep
|turn|2
|
|t:|1779870310
|move|p2a: Rockpup|Head Smash|p1a: Smeargle
|-enditem|p1a: Smeargle|Focus Sash
|-damage|p1a: Smeargle|1/100
|move|p1a: Smeargle|Toxic Spikes|p2a: Rockpup
|-sidestart|p2: femboywild|move: Toxic Spikes
|
|upkeep
|turn|3
|
|t:|1779870319
|move|p2a: Rockpup|Flare Blitz|p1a: Smeargle
|-damage|p1a: Smeargle|0 fnt
|faint|p1a: Smeargle
|
|upkeep
|
|t:|1779870331
|switch|p1a: Regieleki|Regieleki|100/100
|-damage|p1a: Regieleki|88/100|[from] Stealth Rock
|turn|4
|
|t:|1779870342
|move|p1a: Regieleki|Thunder Wave|p2a: Rockpup
|-status|p2a: Rockpup|par
|move|p2a: Rockpup|Flare Blitz|p1a: Regieleki
|-damage|p1a: Regieleki|0 fnt
|faint|p1a: Regieleki
|
|upkeep
|
|t:|1779870355
|switch|p1a: Gliscor|Gliscor, F|100/100
|-damage|p1a: Gliscor|88/100|[from] Stealth Rock
|turn|5
|
|t:|1779870362
|switch|p2a: Defog Slave|Talonflame, F|100/100
|move|p1a: Gliscor|Earthquake|p2a: Defog Slave
|-immune|p2a: Defog Slave
|
|-status|p1a: Gliscor|tox|[from] item: Toxic Orb
|upkeep
|turn|6
|
|t:|1779870371
|move|p2a: Defog Slave|Defog|p1a: Gliscor
|-unboost|p1a: Gliscor|evasion|1
|-sideend|p1: ace trainer kamo|Stealth Rock|[from] move: Defog|[of] p2a: Defog Slave
|-sideend|p2: femboywild|Toxic Spikes|[from] move: Defog|[of] p2a: Defog Slave
|move|p1a: Gliscor|Toxic|p2a: Defog Slave
|-status|p2a: Defog Slave|tox
|
|-damage|p2a: Defog Slave|94/100 tox|[from] psn
|-heal|p1a: Gliscor|100/100 tox|[from] ability: Poison Heal
|upkeep
|turn|7
|
|t:|1779870381
|move|p1a: Gliscor|Protect|p1a: Gliscor
|-singleturn|p1a: Gliscor|Protect
|move|p2a: Defog Slave|Tailwind|p2a: Defog Slave
|-sidestart|p2: femboywild|move: Tailwind
|
|-damage|p2a: Defog Slave|82/100 tox|[from] psn
|upkeep
|turn|8
|
|t:|1779870390
|move|p2a: Defog Slave|U-turn|p1a: Gliscor
|-resisted|p1a: Gliscor
|-damage|p1a: Gliscor|94/100 tox
|
|t:|1779870394
|switch|p2a: Tamamo no Mae|Ninetales, M|100/100|[from] U-turn
|-weather|SunnyDay|[from] ability: Drought|[of] p2a: Tamamo no Mae
|move|p1a: Gliscor|Substitute|p1a: Gliscor
|-start|p1a: Gliscor|Substitute
|-damage|p1a: Gliscor|69/100 tox
|
|-weather|SunnyDay|[upkeep]
|-heal|p1a: Gliscor|82/100 tox|[from] ability: Poison Heal
|upkeep
|turn|9
|
|t:|1779870405
|switch|p2a: Bad Dragon|Charizard, M|100/100
|move|p1a: Gliscor|Toxic|p2a: Bad Dragon|[miss]
|-miss|p1a: Gliscor|p2a: Bad Dragon
|
|-weather|SunnyDay|[upkeep]
|-damage|p2a: Bad Dragon|88/100|[from] ability: Solar Power|[of] p2a: Bad Dragon
|-heal|p2a: Bad Dragon|94/100|[from] item: Leftovers
|-heal|p1a: Gliscor|94/100 tox|[from] ability: Poison Heal
|upkeep
|turn|10
|
|t:|1779870416
|move|p2a: Bad Dragon|Flamethrower|p1a: Gliscor
|-end|p1a: Gliscor|Substitute
|move|p1a: Gliscor|Toxic|p2a: Bad Dragon
|-status|p2a: Bad Dragon|tox
|
|-weather|SunnyDay|[upkeep]
|-damage|p2a: Bad Dragon|82/100 tox|[from] ability: Solar Power|[of] p2a: Bad Dragon
|-heal|p2a: Bad Dragon|88/100 tox|[from] item: Leftovers
|-damage|p2a: Bad Dragon|82/100 tox|[from] psn
|-heal|p1a: Gliscor|100/100 tox|[from] ability: Poison Heal
|-sideend|p2: femboywild|move: Tailwind
|upkeep
|turn|11
|
|t:|1779870429
|move|p1a: Gliscor|Protect|p1a: Gliscor
|-singleturn|p1a: Gliscor|Protect
|move|p2a: Bad Dragon|Flamethrower|p1a: Gliscor
|-activate|p1a: Gliscor|move: Protect
|
|-weather|SunnyDay|[upkeep]
|-damage|p2a: Bad Dragon|69/100 tox|[from] ability: Solar Power|[of] p2a: Bad Dragon
|-heal|p2a: Bad Dragon|75/100 tox|[from] item: Leftovers
|-damage|p2a: Bad Dragon|63/100 tox|[from] psn
|upkeep
|turn|12
|
|t:|1779870440
|move|p2a: Bad Dragon|Flamethrower|p1a: Gliscor
|-damage|p1a: Gliscor|0 fnt
|faint|p1a: Gliscor
|
|-weather|SunnyDay|[upkeep]
|-damage|p2a: Bad Dragon|51/100 tox|[from] ability: Solar Power|[of] p2a: Bad Dragon
|-heal|p2a: Bad Dragon|57/100 tox|[from] item: Leftovers
|-damage|p2a: Bad Dragon|39/100 tox|[from] psn
|upkeep
|
|t:|1779870453
|switch|p1a: Clefable|Clefable, M|100/100
|turn|13
|
|t:|1779870460
|switch|p2a: Rockpup|Arcanine-Hisui, M|100/100 par
|move|p1a: Clefable|Calm Mind|p1a: Clefable
|-boost|p1a: Clefable|spa|1
|-boost|p1a: Clefable|spd|1
|
|-weather|SunnyDay|[upkeep]
|upkeep
|turn|14
|
|t:|1779870471
|move|p1a: Clefable|Alluring Voice|p2a: Rockpup
|-resisted|p2a: Rockpup
|-damage|p2a: Rockpup|68/100 par
|move|p2a: Rockpup|Flare Blitz|p1a: Clefable
|-damage|p1a: Clefable|7/100
|
|-weather|SunnyDay|[upkeep]
|upkeep
|turn|15
|
|t:|1779870481
|move|p1a: Clefable|Alluring Voice|p2a: Rockpup
|-resisted|p2a: Rockpup
|-damage|p2a: Rockpup|36/100 par
|cant|p2a: Rockpup|par
|
|-weather|none
|upkeep
|turn|16
|
|t:|1779870488
|move|p1a: Clefable|Alluring Voice|p2a: Rockpup
|-resisted|p2a: Rockpup
|-damage|p2a: Rockpup|7/100 par
|move|p2a: Rockpup|Flare Blitz|p1a: Clefable
|-damage|p1a: Clefable|0 fnt
|faint|p1a: Clefable
|
|upkeep
|
|t:|1779870497
|switch|p1a: Tropius|Tropius, M|100/100
|turn|17
|
|t:|1779870504
|move|p2a: Rockpup|Flare Blitz|p1a: Tropius
|-supereffective|p1a: Tropius
|-damage|p1a: Tropius|0 fnt
|faint|p1a: Tropius
|
|upkeep
|
|t:|1779870509
|switch|p1a: Ceruledge|Ceruledge, M|100/100
|turn|18
|
|t:|1779870514
|move|p1a: Ceruledge|Night Slash|p2a: Rockpup
|-crit|p2a: Rockpup
|-damage|p2a: Rockpup|0 fnt
|faint|p2a: Rockpup
|
|upkeep
|
|t:|1779870520
|switch|p2a: Defog Slave|Talonflame, F|82/100 tox
|turn|19
|
|t:|1779870528
|move|p2a: Defog Slave|Tailwind|p2a: Defog Slave
|-sidestart|p2: femboywild|move: Tailwind
|move|p1a: Ceruledge|Psycho Cut|p2a: Defog Slave
|-damage|p2a: Defog Slave|44/100 tox
|
|-damage|p2a: Defog Slave|38/100 tox|[from] psn
|upkeep
|turn|20
|
|t:|1779870536
|move|p2a: Defog Slave|Steel Wing|p1a: Ceruledge
|-resisted|p1a: Ceruledge
|-damage|p1a: Ceruledge|89/100
|-boost|p2a: Defog Slave|def|1
|-ability|p1a: Ceruledge|Weak Armor|boost
|-unboost|p1a: Ceruledge|def|1
|-boost|p1a: Ceruledge|spe|2
|move|p1a: Ceruledge|Psycho Cut|p2a: Defog Slave
|-damage|p2a: Defog Slave|12/100 tox
|
|-damage|p2a: Defog Slave|0 fnt|[from] psn
|faint|p2a: Defog Slave
|upkeep
|
|t:|1779870544
|switch|p2a: Bad Dragon|Charizard, M|39/100 tox
|turn|21
|
|t:|1779870555
|move|p2a: Bad Dragon|Scorching Sands|p1a: Ceruledge
|-supereffective|p1a: Ceruledge
|-damage|p1a: Ceruledge|35/100
|move|p1a: Ceruledge|Night Slash|p2a: Bad Dragon
|-damage|p2a: Bad Dragon|2/100 tox
|
|-heal|p2a: Bad Dragon|8/100 tox|[from] item: Leftovers
|-damage|p2a: Bad Dragon|2/100 tox|[from] psn
|upkeep
|turn|22
|
|t:|1779870569
|move|p2a: Bad Dragon|Scorching Sands|p1a: Ceruledge
|-supereffective|p1a: Ceruledge
|-damage|p1a: Ceruledge|0 fnt
|faint|p1a: Ceruledge
|
|win|femboywild
|raw|ace trainer kamo's rating: 1098 &rarr; <strong>1075</strong><br />(-23 for losing)
|raw|femboywild's rating: 1127 &rarr; <strong>1150</strong><br />(+23 for winning)
|l|☆femboywild
|player|p2|
