|j|☆tigereyehs
|j|☆veronyl
|t:|1779823234
|gametype|singles
|player|p1|tigereyehs|gambler|1417
|player|p2|veronyl|palmer|1460
|gen|9
|tier|[Gen 9] OU
|rated|
|rule|HP Percentage Mod: HP is shown in percentages
|rule|Endless Battle Clause: Forcing endless battles is banned
|rule|Species Clause: Limit one of each Pokémon
|rule|OHKO Clause: OHKO moves are banned
|rule|Evasion Items Clause: Evasion items are banned
|rule|Evasion Moves Clause: Evasion moves are banned
|rule|Evasion Abilities Clause: Evasion abilities are banned
|rule|Sleep Moves Clause: Sleep-inducing moves are banned
|clearpoke
|poke|p1|Iron Moth|
|poke|p1|Gliscor, F|
|poke|p1|Hatterene, F|
|poke|p1|Ogerpon-Wellspring, F|
|poke|p1|Raging Bolt|
|poke|p1|Zamazenta-*|
|poke|p2|Glaceon, F|
|poke|p2|Ninetales-Alola, F|
|poke|p2|Basculegion-F, F|
|poke|p2|Ogerpon-Wellspring, F|
|poke|p2|Iron Treads|
|poke|p2|Weavile, F|
|teampreview
|
|t:|1779823249
|teamsize|p1|6
|teamsize|p2|6
|start
|switch|p1a: Zamazenta|Zamazenta|100/100
|switch|p2a: Ogerpon|Ogerpon-Wellspring, F|100/100
|-ability|p1a: Zamazenta|Dauntless Shield|boost
|-boost|p1a: Zamazenta|def|1
|turn|1
|inactive|Battle timer is ON: inactive players will automatically lose when time's up. (requested by tigereyehs)
|inactive|tigereyehs has 120 seconds left.
|
|t:|1779823285
|switch|p2a: Basculegion|Basculegion-F, F|100/100
|move|p1a: Zamazenta|Reflect|p1a: Zamazenta
|-sidestart|p1: tigereyehs|Reflect
|
|upkeep
|turn|2
|
|t:|1779823290
|switch|p1a: Ogerpon|Ogerpon-Wellspring, F|100/100
|move|p2a: Basculegion|Shadow Ball|p1a: Ogerpon
|-damage|p1a: Ogerpon|47/100
|
|upkeep
|turn|3
|
|t:|1779823298
|move|p2a: Basculegion|Shadow Ball|p1a: Ogerpon
|-damage|p1a: Ogerpon|0 fnt
|faint|p1a: Ogerpon
|
|upkeep
|
|t:|1779823313
|switch|p1a: Raging Bolt|Raging Bolt|100/100
|-enditem|p1a: Raging Bolt|Booster Energy
|-activate|p1a: Raging Bolt|ability: Protosynthesis|[fromitem]
|-start|p1a: Raging Bolt|protosynthesisspa
|turn|4
|
|t:|1779823320
|switch|p2a: Iron Treads|Iron Treads|100/100
|-enditem|p2a: Iron Treads|Booster Energy
|-activate|p2a: Iron Treads|ability: Quark Drive|[fromitem]
|-start|p2a: Iron Treads|quarkdriveatk
|move|p1a: Raging Bolt|Dragon Pulse|p2a: Iron Treads
|-resisted|p2a: Iron Treads
|-damage|p2a: Iron Treads|55/100
|
|upkeep
|turn|5
|
|t:|1779823331
|-end|p2a: Iron Treads|Quark Drive|[silent]
|switch|p2a: Ninetales|Ninetales-Alola, F|100/100
|-weather|Snowscape|[from] ability: Snow Warning|[of] p2a: Ninetales
|-end|p1a: Raging Bolt|Protosynthesis|[silent]
|switch|p1a: Gliscor|Gliscor, F|100/100
|
|-weather|Snowscape|[upkeep]
|-status|p1a: Gliscor|tox|[from] item: Toxic Orb
|upkeep
|turn|6
|
|t:|1779823359
|-terastallize|p1a: Gliscor|Normal
|move|p2a: Ninetales|Freeze-Dry|p1a: Gliscor
|-damage|p1a: Gliscor|74/100 tox
|move|p1a: Gliscor|Swords Dance|p1a: Gliscor
|-boost|p1a: Gliscor|atk|2
|
|-weather|Snowscape|[upkeep]
|-heal|p1a: Gliscor|87/100 tox|[from] ability: Poison Heal
|upkeep
|turn|7
|
|t:|1779823368
|move|p2a: Ninetales|Encore|p1a: Gliscor
|-start|p1a: Gliscor|Encore
|move|p1a: Gliscor|Swords Dance|p1a: Gliscor
|-boost|p1a: Gliscor|atk|2
|
|-weather|Snowscape|[upkeep]
|-heal|p1a: Gliscor|99/100 tox|[from] ability: Poison Heal
|upkeep
|turn|8
|
|t:|1779823377
|switch|p1a: Zamazenta|Zamazenta|100/100
|move|p2a: Ninetales|Aurora Veil|p2a: Ninetales
|-sidestart|p2: veronyl|move: Aurora Veil
|
|-weather|Snowscape|[upkeep]
|-sideend|p1: tigereyehs|Reflect
|upkeep
|turn|9
|
|t:|1779823382
|move|p1a: Zamazenta|Light Screen|p1a: Zamazenta
|-sidestart|p1: tigereyehs|move: Light Screen
|move|p2a: Ninetales|Moonblast|p1a: Zamazenta
|-supereffective|p1a: Zamazenta
|-damage|p1a: Zamazenta|79/100
|-unboost|p1a: Zamazenta|spa|1
|
|-weather|none
|upkeep
|turn|10
|
|t:|1779823388
|move|p1a: Zamazenta|Reflect|p1a: Zamazenta
|-sidestart|p1: tigereyehs|Reflect
|move|p2a: Ninetales|Moonblast|p1a: Zamazenta
|-supereffective|p1a: Zamazenta
|-damage|p1a: Zamazenta|56/100
|
|upkeep
|turn|11
|
|t:|1779823396
|switch|p1a: Hatterene|Hatterene, F|100/100
|move|p2a: Ninetales|Moonblast|p1a: Hatterene
|-damage|p1a: Hatterene|86/100
|
|-heal|p1a: Hatterene|92/100|[from] item: Leftovers
|upkeep
|turn|12
|
|t:|1779823403
|switch|p2a: Iron Treads|Iron Treads|55/100
|move|p1a: Hatterene|Calm Mind|p1a: Hatterene
|-boost|p1a: Hatterene|spa|1
|-boost|p1a: Hatterene|spd|1
|
|-heal|p1a: Hatterene|98/100|[from] item: Leftovers
|upkeep
|turn|13
|
|t:|1779823413
|move|p2a: Iron Treads|Heavy Slam|p1a: Hatterene
|-supereffective|p1a: Hatterene
|-damage|p1a: Hatterene|46/100
|move|p1a: Hatterene|Calm Mind|p1a: Hatterene
|-boost|p1a: Hatterene|spa|1
|-boost|p1a: Hatterene|spd|1
|
|-heal|p1a: Hatterene|52/100|[from] item: Leftovers
|upkeep
|turn|14
|
|t:|1779823420
|move|p2a: Iron Treads|Heavy Slam|p1a: Hatterene
|-supereffective|p1a: Hatterene
|-damage|p1a: Hatterene|0 fnt
|faint|p1a: Hatterene
|
|upkeep
|
|t:|1779823428
|switch|p1a: Gliscor|Gliscor, F, tera:Normal|99/100 tox
|turn|15
|
|t:|1779823433
|move|p2a: Iron Treads|Heavy Slam|p1a: Gliscor
|-damage|p1a: Gliscor|71/100 tox
|move|p1a: Gliscor|Agility|p1a: Gliscor
|-boost|p1a: Gliscor|spe|2
|
|-heal|p1a: Gliscor|84/100 tox|[from] ability: Poison Heal
|-sideend|p2: veronyl|move: Aurora Veil
|upkeep
|turn|16
|
|t:|1779823443
|-end|p2a: Iron Treads|Quark Drive|[silent]
|switch|p2a: Ninetales|Ninetales-Alola, F|100/100
|-weather|Snowscape|[from] ability: Snow Warning|[of] p2a: Ninetales
|move|p1a: Gliscor|Swords Dance|p1a: Gliscor
|-boost|p1a: Gliscor|atk|2
|
|-weather|Snowscape|[upkeep]
|-heal|p1a: Gliscor|96/100 tox|[from] ability: Poison Heal
|-sideend|p1: tigereyehs|move: Light Screen
|upkeep
|turn|17
|
|t:|1779823451
|move|p1a: Gliscor|Facade|p2a: Ninetales
|-damage|p2a: Ninetales|0 fnt
|faint|p2a: Ninetales
|
|-weather|Snowscape|[upkeep]
|-heal|p1a: Gliscor|100/100 tox|[from] ability: Poison Heal
|-sideend|p1: tigereyehs|Reflect
|upkeep
|
|t:|1779823455
|switch|p2a: Glaceon|Glaceon, F|100/100
|turn|18
|
|t:|1779823460
|move|p1a: Gliscor|Facade|p2a: Glaceon
|-damage|p2a: Glaceon|26/100
|move|p2a: Glaceon|Blizzard|p1a: Gliscor
|-damage|p1a: Gliscor|0 fnt
|faint|p1a: Gliscor
|
|-weather|Snowscape|[upkeep]
|-heal|p2a: Glaceon|32/100|[from] ability: Ice Body
|upkeep
|
|t:|1779823469
|switch|p1a: Zamazenta|Zamazenta|56/100
|turn|19
|
|t:|1779823471
|move|p1a: Zamazenta|Close Combat|p2a: Glaceon
|-supereffective|p2a: Glaceon
|-damage|p2a: Glaceon|0 fnt
|-unboost|p1a: Zamazenta|def|1
|-unboost|p1a: Zamazenta|spd|1
|faint|p2a: Glaceon
|
|-weather|Snowscape|[upkeep]
|upkeep
|
|t:|1779823477
|switch|p2a: Basculegion|Basculegion-F, F|100/100
|turn|20
|
|t:|1779823480
|move|p2a: Basculegion|Surf|p1a: Zamazenta
|-damage|p1a: Zamazenta|0 fnt
|faint|p1a: Zamazenta
|
|-weather|none
|upkeep
|
|t:|1779823485
|switch|p1a: Raging Bolt|Raging Bolt|100/100
|turn|21
|
|t:|1779823487
|switch|p2a: Iron Treads|Iron Treads|55/100
|move|p1a: Raging Bolt|Dragon Pulse|p2a: Iron Treads
|-resisted|p2a: Iron Treads
|-damage|p2a: Iron Treads|17/100
|
|upkeep
|turn|22
|
|t:|1779823493
|move|p2a: Iron Treads|Earthquake|p1a: Raging Bolt
|-supereffective|p1a: Raging Bolt
|-damage|p1a: Raging Bolt|0 fnt
|faint|p1a: Raging Bolt
|-end|p1a: Raging Bolt|Protosynthesis|[silent]
|
|upkeep
|
|t:|1779823498
|switch|p1a: Iron Moth|Iron Moth|100/100
|-enditem|p1a: Iron Moth|Booster Energy
|-activate|p1a: Iron Moth|ability: Quark Drive|[fromitem]
|-start|p1a: Iron Moth|quarkdrivespe
|turn|23
|
|t:|1779823502
|move|p1a: Iron Moth|Fiery Dance|p2a: Iron Treads
|-supereffective|p2a: Iron Treads
|-damage|p2a: Iron Treads|0 fnt
|-boost|p1a: Iron Moth|spa|1
|faint|p2a: Iron Treads
|-end|p2a: Iron Treads|Quark Drive|[silent]
|
|upkeep
|
|t:|1779823504
|switch|p2a: Basculegion|Basculegion-F, F|100/100
|turn|24
|
|t:|1779823509
|-terastallize|p2a: Basculegion|Water
|move|p1a: Iron Moth|Sludge Wave|p2a: Basculegion
|-damage|p2a: Basculegion|17/100
|move|p2a: Basculegion|Surf|p1a: Iron Moth
|-supereffective|p1a: Iron Moth
|-damage|p1a: Iron Moth|0 fnt
|faint|p1a: Iron Moth
|-end|p1a: Iron Moth|Quark Drive|[silent]
|
|win|veronyl
|raw|tigereyehs's rating: 1417 &rarr; <strong>1399</strong><br />(-18 for losing)
|raw|veronyl's rating: 1460 &rarr; <strong>1478</strong><br />(+18 for winning)
|l|☆tigereyehs
|player|p1|
|l|☆veronyl
|player|p2|
