|j|☆TrickyKitten755
|j|☆Cdopara
|t:|1779842377
|gametype|singles
|player|p1|TrickyKitten755|2|1101
|player|p2|Cdopara|169|1127
|gen|9
|tier|[Gen 9] OU
|rated|
|rule|HP Percentage Mod: HP is shown in percentages
|rule|Endless Battle Clause: Forcing endless battles is banned
|rule|Species Clause: Limit one of each Pokémon
|rule|OHKO Clause: OHKO moves are banned
|rule|Evasion Items Clause: Evasion items are banned
|rule|Evasion Moves Clause: Evasion moves are banned
|rule|Evasion Abilities Clause: Evasion abilities are banned
|rule|Sleep Moves Clause: Sleep-inducing moves are banned
|clearpoke
|poke|p1|Samurott-Hisui, F|
|poke|p1|Skarmory, M|
|poke|p1|Cinderace, F|
|poke|p1|Dragonite, M|
|poke|p1|Serperior, F|
|poke|p1|Kingambit, F|
|poke|p2|Minior-Indigo|
|poke|p2|Incineroar, F|
|poke|p2|Ninetales-Alola, F|
|poke|p2|Spidops, M|
|poke|p2|Cloyster, F|
|poke|p2|Murkrow, M|
|teampreview
|inactive|Battle timer is ON: inactive players will automatically lose when time's up. (requested by TrickyKitten755)
|
|t:|1779842385
|teamsize|p1|6
|teamsize|p2|6
|start
|switch|p1a: Dross|Samurott-Hisui, F|100/100
|switch|p2a: Spidops|Spidops, M|100/100
|turn|1
|
|t:|1779842398
|move|p1a: Dross|Ceaseless Edge|p2a: Spidops|[miss]
|-miss|p1a: Dross|p2a: Spidops
|move|p2a: Spidops|Sticky Web|p1a: Dross
|-sidestart|p1: TrickyKitten755|move: Sticky Web
|
|upkeep
|turn|2
|
|t:|1779842415
|switch|p1a: Zeil|Cinderace, F|100/100
|move|p2a: Spidops|Toxic Spikes|p1a: Zeil
|-sidestart|p1: TrickyKitten755|move: Toxic Spikes
|
|upkeep
|turn|3
|
|t:|1779842424
|move|p1a: Zeil|Will-O-Wisp|p2a: Spidops
|-status|p2a: Spidops|brn
|move|p2a: Spidops|Toxic Spikes|p1a: Zeil
|-sidestart|p1: TrickyKitten755|move: Toxic Spikes
|
|-damage|p2a: Spidops|94/100 brn|[from] brn
|upkeep
|turn|4
|
|t:|1779842445
|move|p1a: Zeil|Will-O-Wisp|p2a: Spidops
|-fail|p2a: Spidops|brn
|move|p2a: Spidops|U-turn|p1a: Zeil
|-resisted|p1a: Zeil
|-damage|p1a: Zeil|95/100
|
|t:|1779842458
|switch|p2a: Murkrow|Murkrow, M|100/100|[from] U-turn
|
|upkeep
|turn|5
|
|t:|1779842466
|move|p1a: Zeil|Court Change|p1a: Zeil
|-start|p1a: Zeil|typechange|Normal|[from] ability: Libero
|-swapsideconditions
|-activate|p1a: Zeil|move: Court Change
|move|p2a: Murkrow|Whirlwind|p1a: Zeil
|drag|p1a: Eithan|Serperior, F|100/100
|
|upkeep
|turn|6
|
|t:|1779842480
|move|p2a: Murkrow|Tailwind|p2a: Murkrow
|-sidestart|p2: Cdopara|move: Tailwind
|move|p1a: Eithan|Glare|p2a: Murkrow
|-status|p2a: Murkrow|par
|
|upkeep
|turn|7
|
|t:|1779842498
|cant|p2a: Murkrow|par
|move|p1a: Eithan|Leech Seed|p2a: Murkrow|[miss]
|-miss|p1a: Eithan|p2a: Murkrow
|
|upkeep
|turn|8
|
|t:|1779842503
|switch|p2a: Spidops|Spidops, M|94/100 brn
|-activate|p2a: Spidops|move: Sticky Web
|-unboost|p2a: Spidops|spe|1
|move|p1a: Eithan|Leech Seed|p2a: Spidops
|-start|p2a: Spidops|move: Leech Seed
|
|-damage|p2a: Spidops|82/100 brn|[from] Leech Seed|[of] p1a: Eithan
|-damage|p2a: Spidops|76/100 brn|[from] brn
|upkeep
|turn|9
|
|t:|1779842513
|switch|p1a: Zeil|Cinderace, F|95/100
|move|p2a: Spidops|Sticky Web|p1a: Zeil
|-sidestart|p1: TrickyKitten755|move: Sticky Web
|
|-damage|p2a: Spidops|63/100 brn|[from] Leech Seed|[of] p1a: Zeil
|-heal|p1a: Zeil|100/100|[silent]
|-damage|p2a: Spidops|57/100 brn|[from] brn
|-sideend|p2: Cdopara|move: Tailwind
|upkeep
|turn|10
|
|t:|1779842523
|move|p1a: Zeil|Pyro Ball|p2a: Spidops
|-supereffective|p2a: Spidops
|-damage|p2a: Spidops|0 fnt
|faint|p2a: Spidops
|
|upkeep
|
|t:|1779842526
|switch|p2a: Murkrow|Murkrow, M|100/100 par
|turn|11
|
|t:|1779842536
|move|p1a: Zeil|Pyro Ball|p2a: Murkrow
|-damage|p2a: Murkrow|34/100 par
|cant|p2a: Murkrow|par
|
|upkeep
|turn|12
|
|t:|1779842545
|move|p2a: Murkrow|Perish Song|p2a: Murkrow
|-start|p1a: Zeil|perish3|[silent]
|-start|p2a: Murkrow|perish3|[silent]
|-fieldactivate|move: Perish Song
|move|p1a: Zeil|U-turn|p2a: Murkrow
|-start|p1a: Zeil|typechange|Bug|[from] ability: Libero
|-damage|p2a: Murkrow|0 fnt
|faint|p2a: Murkrow
|
|t:|1779842552
|switch|p1a: Mercy|Dragonite, M|100/100|[from] U-turn
|
|upkeep
|
|t:|1779842560
|switch|p2a: Incineroar|Incineroar, F|100/100
|-activate|p2a: Incineroar|move: Sticky Web
|-unboost|p2a: Incineroar|spe|1
|-status|p2a: Incineroar|tox
|-ability|p2a: Incineroar|Intimidate|boost
|-unboost|p1a: Mercy|atk|1
|turn|13
|
|t:|1779842570
|move|p2a: Incineroar|Fake Out|p1a: Mercy
|-damage|p1a: Mercy|96/100
|cant|p1a: Mercy|flinch
|
|-damage|p2a: Incineroar|94/100 tox|[from] psn
|upkeep
|turn|14
|
|t:|1779842578
|move|p1a: Mercy|Encore|p2a: Incineroar
|-start|p2a: Incineroar|Encore
|move|p2a: Incineroar|Fake Out||[still]
|-hint|Fake Out only works on your first turn out.
|-fail|p2a: Incineroar
|
|-damage|p2a: Incineroar|82/100 tox|[from] psn
|upkeep
|turn|15
|
|t:|1779842587
|switch|p2a: Cloyster|Cloyster, F|100/100
|-activate|p2a: Cloyster|move: Sticky Web
|-unboost|p2a: Cloyster|spe|1
|-status|p2a: Cloyster|tox
|-enditem|p2a: Cloyster|White Herb
|-clearnegativeboost|p2a: Cloyster|[silent]
|move|p1a: Mercy|Roost|p1a: Mercy
|-heal|p1a: Mercy|100/100
|-singleturn|p1a: Mercy|move: Roost
|
|-damage|p2a: Cloyster|94/100 tox|[from] psn
|upkeep
|turn|16
|
|t:|1779842597
|move|p2a: Cloyster|Icicle Spear|p1a: Mercy
|-supereffective|p1a: Mercy
|-damage|p1a: Mercy|83/100
|-supereffective|p1a: Mercy
|-damage|p1a: Mercy|54/100
|-supereffective|p1a: Mercy
|-damage|p1a: Mercy|22/100
|-supereffective|p1a: Mercy
|-damage|p1a: Mercy|0 fnt
|faint|p1a: Mercy
|-hitcount|p1: Mercy|4
|
|-damage|p2a: Cloyster|82/100 tox|[from] psn
|upkeep
|
|t:|1779842610
|switch|p1a: Lindon|Skarmory, M|100/100
|turn|17
|
|t:|1779842618
|-terastallize|p2a: Cloyster|Water
|move|p2a: Cloyster|Shell Smash|p2a: Cloyster
|-unboost|p2a: Cloyster|def|1
|-unboost|p2a: Cloyster|spd|1
|-boost|p2a: Cloyster|atk|2
|-boost|p2a: Cloyster|spa|2
|-boost|p2a: Cloyster|spe|2
|move|p1a: Lindon|Stealth Rock|p2a: Cloyster
|-sidestart|p2: Cdopara|move: Stealth Rock
|
|-damage|p2a: Cloyster|63/100 tox|[from] psn
|upkeep
|turn|18
|
|t:|1779842634
|move|p2a: Cloyster|Icicle Spear|p1a: Lindon
|-damage|p1a: Lindon|85/100
|-damage|p1a: Lindon|72/100
|-damage|p1a: Lindon|56/100
|-damage|p1a: Lindon|43/100
|-damage|p1a: Lindon|29/100
|-hitcount|p1a: Lindon|5
|move|p1a: Lindon|Whirlwind|p2a: Cloyster
|drag|p2a: Incineroar|Incineroar, F|82/100 tox
|-activate|p2a: Incineroar|move: Sticky Web
|-unboost|p2a: Incineroar|spe|1
|-damage|p2a: Incineroar|57/100 tox|[from] Stealth Rock
|-ability|p2a: Incineroar|Intimidate|boost
|-unboost|p1a: Lindon|atk|1
|
|-damage|p2a: Incineroar|51/100 tox|[from] psn
|upkeep
|turn|19
|
|t:|1779842651
|move|p2a: Incineroar|Fake Out|p1a: Lindon
|-resisted|p1a: Lindon
|-damage|p1a: Lindon|25/100
|-damage|p2a: Incineroar|35/100 tox|[from] item: Rocky Helmet|[of] p1a: Lindon
|cant|p1a: Lindon|flinch
|
|-damage|p2a: Incineroar|23/100 tox|[from] psn
|upkeep
|turn|20
|
|t:|1779842659
|move|p1a: Lindon|Roost|p1a: Lindon
|-heal|p1a: Lindon|75/100
|-singleturn|p1a: Lindon|move: Roost
|move|p2a: Incineroar|Flare Blitz|p1a: Lindon
|-supereffective|p1a: Lindon
|-damage|p1a: Lindon|0 fnt
|-damage|p2a: Incineroar|6/100 tox|[from] item: Rocky Helmet|[of] p1a: Lindon
|faint|p1a: Lindon
|-damage|p2a: Incineroar|0 fnt|[from] Recoil
|faint|p2a: Incineroar
|
|upkeep
|
|t:|1779842676
|switch|p1a: Eithan|Serperior, F|100/100
|switch|p2a: Cloyster|Cloyster, F, tera:Water|63/100 tox
|-activate|p1a: Eithan|move: Sticky Web
|-boost|p1a: Eithan|spe|1
|-activate|p2a: Cloyster|move: Sticky Web
|-unboost|p2a: Cloyster|spe|1
|-damage|p2a: Cloyster|51/100 tox|[from] Stealth Rock
|turn|21
|
|t:|1779842685
|move|p1a: Eithan|Leaf Storm|p2a: Cloyster
|-supereffective|p2a: Cloyster
|-damage|p2a: Cloyster|0 fnt
|-boost|p1a: Eithan|spa|2
|faint|p2a: Cloyster
|
|upkeep
|
|t:|1779842694
|switch|p2a: Minior|Minior-Indigo|100/100
|-damage|p2a: Minior|76/100|[from] Stealth Rock
|-formechange|p2a: Minior|Minior-Meteor||[from] ability: Shields Down
|turn|22
|
|t:|1779842707
|move|p1a: Eithan|Leaf Storm|p2a: Minior
|-damage|p2a: Minior|0 fnt
|-boost|p1a: Eithan|spa|2
|faint|p2a: Minior
|
|upkeep
|
|t:|1779842709
|switch|p2a: Ninetales|Ninetales-Alola, F|100/100
|-activate|p2a: Ninetales|move: Sticky Web
|-unboost|p2a: Ninetales|spe|1
|-status|p2a: Ninetales|tox
|-damage|p2a: Ninetales|76/100 tox|[from] Stealth Rock
|-weather|Snowscape|[from] ability: Snow Warning|[of] p2a: Ninetales
|turn|23
|
|t:|1779842718
|move|p1a: Eithan|Leaf Storm|p2a: Ninetales
|-damage|p2a: Ninetales|0 fnt
|-boost|p1a: Eithan|spa|2
|faint|p2a: Ninetales
|
|win|TrickyKitten755
|raw|TrickyKitten755's rating: 1101 &rarr; <strong>1128</strong><br />(+27 for winning)
|raw|Cdopara's rating: 1127 &rarr; <strong>1100</strong><br />(-27 for losing)
|l|☆Cdopara
|player|p2|
|c|☆TrickyKitten755|gg
|l|☆TrickyKitten755
|player|p1|
