|j|☆csasasdasdas
|j|☆Mr Tpen
|t:|1779891548
|gametype|singles
|player|p1|csasasdasdas|169|1465
|player|p2|Mr Tpen|2|1550
|gen|9
|tier|[Gen 9] OU
|rated|
|rule|HP Percentage Mod: HP is shown in percentages
|rule|Endless Battle Clause: Forcing endless battles is banned
|rule|Species Clause: Limit one of each Pokémon
|rule|OHKO Clause: OHKO moves are banned
|rule|Evasion Items Clause: Evasion items are banned
|rule|Evasion Moves Clause: Evasion moves are banned
|rule|Evasion Abilities Clause: Evasion abilities are banned
|rule|Sleep Moves Clause: Sleep-inducing moves are banned
|clearpoke
|poke|p1|Volcanion|
|poke|p1|Ursaluna, F|
|poke|p1|Cresselia, F|
|poke|p1|Hatterene, F|
|poke|p1|Iron Hands|
|poke|p1|Porygon2|
|poke|p2|Kyurem|
|poke|p2|Hatterene, F|
|poke|p2|Darkrai|
|poke|p2|Great Tusk|
|poke|p2|Dragonite, F|
|poke|p2|Gholdengo|
|teampreview
|inactive|Battle timer is ON: inactive players will automatically lose when time's up. (requested by csasasdasdas)
|inactive|Mr Tpen also wants the timer to be on.
|
|t:|1779891557
|teamsize|p1|6
|teamsize|p2|6
|start
|switch|p1a: Hatterene|Hatterene, F|100/100
|switch|p2a: Darkrai|Darkrai|100/100
|turn|1
|
|t:|1779891559
|move|p2a: Darkrai|Trick|p1a: Hatterene
|-activate|p2a: Darkrai|move: Trick|[of] p1a: Hatterene
|-item|p1a: Hatterene|Choice Scarf|[from] move: Trick
|-item|p2a: Darkrai|Focus Sash|[from] move: Trick
|move|p1a: Hatterene|Trick Room|p1a: Hatterene
|-fieldstart|move: Trick Room|[of] p1a: Hatterene
|
|upkeep
|turn|2
|
|t:|1779891562
|switch|p1a: Iron Hands|Iron Hands|100/100
|-enditem|p1a: Iron Hands|Booster Energy
|-activate|p1a: Iron Hands|ability: Quark Drive|[fromitem]
|-start|p1a: Iron Hands|quarkdriveatk
|move|p2a: Darkrai|Will-O-Wisp|p1a: Iron Hands
|-status|p1a: Iron Hands|brn
|
|-damage|p1a: Iron Hands|94/100 brn|[from] brn
|upkeep
|turn|3
|
|t:|1779891569
|switch|p2a: Hatterene|Hatterene, F|100/100
|move|p1a: Iron Hands|Swords Dance|p1a: Iron Hands
|-boost|p1a: Iron Hands|atk|2
|
|-damage|p1a: Iron Hands|88/100 brn|[from] brn
|upkeep
|turn|4
|
|t:|1779891573
|move|p1a: Iron Hands|Wild Charge|p2a: Hatterene
|-damage|p2a: Hatterene|39/100
|-damage|p1a: Iron Hands|72/100 brn|[from] item: Rocky Helmet|[of] p2a: Hatterene
|-damage|p1a: Iron Hands|62/100 brn|[from] Recoil
|move|p2a: Hatterene|Psychic Noise|p1a: Iron Hands
|-supereffective|p1a: Iron Hands
|-damage|p1a: Iron Hands|0 fnt
|faint|p1a: Iron Hands
|-end|p1a: Iron Hands|Quark Drive|[silent]
|
|upkeep
|
|t:|1779891579
|switch|p1a: Ursaluna|Ursaluna, F|100/100
|turn|5
|
|t:|1779891583
|move|p1a: Ursaluna|Protect|p1a: Ursaluna
|-singleturn|p1a: Ursaluna|Protect
|move|p2a: Hatterene|Pain Split|p1a: Ursaluna
|-activate|p1a: Ursaluna|move: Protect
|
|-fieldend|move: Trick Room
|-status|p1a: Ursaluna|brn|[from] item: Flame Orb
|upkeep
|turn|6
|
|t:|1779891587
|move|p1a: Ursaluna|Facade|p2a: Hatterene
|-damage|p2a: Hatterene|0 fnt
|-damage|p1a: Ursaluna|84/100 brn|[from] item: Rocky Helmet|[of] p2a: Hatterene
|faint|p2a: Hatterene
|
|-damage|p1a: Ursaluna|78/100 brn|[from] brn
|upkeep
|
|t:|1779891591
|switch|p2a: Great Tusk|Great Tusk|100/100
|turn|7
|
|t:|1779891594
|-end|p2a: Great Tusk|Protosynthesis|[silent]
|switch|p2a: Gholdengo|Gholdengo|100/100
|switch|p1a: Hatterene|Hatterene, F|100/100
|
|upkeep
|turn|8
|
|t:|1779891597
|move|p2a: Gholdengo|Make It Rain|p1a: Hatterene
|-supereffective|p1a: Hatterene
|-damage|p1a: Hatterene|0 fnt
|-unboost|p2a: Gholdengo|spa|1
|faint|p1a: Hatterene
|
|upkeep
|
|t:|1779891600
|switch|p1a: Volcanion|Volcanion|100/100
|turn|9
|
|t:|1779891606
|switch|p2a: Dragonite|Dragonite, F|100/100
|move|p1a: Volcanion|Steam Eruption|p2a: Dragonite
|-resisted|p2a: Dragonite
|-damage|p2a: Dragonite|80/100
|
|upkeep
|turn|10
|
|t:|1779891611
|move|p2a: Dragonite|Roost|p2a: Dragonite
|-heal|p2a: Dragonite|100/100
|-singleturn|p2a: Dragonite|move: Roost
|move|p1a: Volcanion|Steam Eruption|p2a: Dragonite
|-resisted|p2a: Dragonite
|-damage|p2a: Dragonite|78/100
|
|upkeep
|turn|11
|
|t:|1779891613
|move|p2a: Dragonite|Dragon Dance|p2a: Dragonite
|-boost|p2a: Dragonite|atk|1
|-boost|p2a: Dragonite|spe|1
|move|p1a: Volcanion|Steam Eruption|p2a: Dragonite|[miss]
|-miss|p1a: Volcanion|p2a: Dragonite
|
|upkeep
|turn|12
|
|t:|1779891616
|move|p2a: Dragonite|Dragon Dance|p2a: Dragonite
|-boost|p2a: Dragonite|atk|1
|-boost|p2a: Dragonite|spe|1
|move|p1a: Volcanion|Steam Eruption|p2a: Dragonite
|-resisted|p2a: Dragonite
|-damage|p2a: Dragonite|36/100
|
|upkeep
|turn|13
|
|t:|1779891619
|switch|p1a: Cresselia|Cresselia, F|100/100
|move|p2a: Dragonite|Roost|p2a: Dragonite
|-heal|p2a: Dragonite|86/100
|-singleturn|p2a: Dragonite|move: Roost
|
|upkeep
|turn|14
|
|t:|1779891623
|move|p2a: Dragonite|Roost|p2a: Dragonite
|-heal|p2a: Dragonite|100/100
|-singleturn|p2a: Dragonite|move: Roost
|move|p1a: Cresselia|Trick Room|p1a: Cresselia
|-fieldstart|move: Trick Room|[of] p1a: Cresselia
|
|upkeep
|turn|15
|
|t:|1779891625
|move|p1a: Cresselia|Moonblast|p2a: Dragonite
|-supereffective|p2a: Dragonite
|-damage|p2a: Dragonite|86/100
|move|p2a: Dragonite|Dragon Dance|p2a: Dragonite
|-boost|p2a: Dragonite|atk|1
|-boost|p2a: Dragonite|spe|1
|
|upkeep
|turn|16
|
|t:|1779891629
|move|p1a: Cresselia|Moonblast|p2a: Dragonite
|-supereffective|p2a: Dragonite
|-damage|p2a: Dragonite|55/100
|-unboost|p2a: Dragonite|spa|1
|move|p2a: Dragonite|Roost|p2a: Dragonite
|-heal|p2a: Dragonite|100/100
|-singleturn|p2a: Dragonite|move: Roost
|
|upkeep
|turn|17
|
|t:|1779891632
|switch|p1a: Ursaluna|Ursaluna, F|78/100 brn
|move|p2a: Dragonite|Dragon Dance|p2a: Dragonite
|-boost|p2a: Dragonite|atk|1
|-boost|p2a: Dragonite|spe|1
|
|-damage|p1a: Ursaluna|71/100 brn|[from] brn
|upkeep
|turn|18
|
|t:|1779891635
|move|p2a: Dragonite|Extreme Speed|p1a: Ursaluna
|-damage|p1a: Ursaluna|12/100 brn
|move|p1a: Ursaluna|Facade|p2a: Dragonite
|-damage|p2a: Dragonite|38/100
|
|-damage|p1a: Ursaluna|6/100 brn|[from] brn
|-fieldend|move: Trick Room
|upkeep
|turn|19
|
|t:|1779891639
|move|p2a: Dragonite|Extreme Speed|p1a: Ursaluna
|-damage|p1a: Ursaluna|0 fnt
|faint|p1a: Ursaluna
|
|upkeep
|
|t:|1779891642
|switch|p1a: Porygon2|Porygon2|100/100
|-ability|p1a: Porygon2|Download|boost
|-boost|p1a: Porygon2|atk|1
|turn|20
|
|t:|1779891646
|move|p2a: Dragonite|Extreme Speed|p1a: Porygon2
|-damage|p1a: Porygon2|40/100
|move|p1a: Porygon2|Ice Beam|p2a: Dragonite
|-supereffective|p2a: Dragonite
|-damage|p2a: Dragonite|0 fnt
|faint|p2a: Dragonite
|
|upkeep
|
|t:|1779891655
|switch|p2a: Kyurem|Kyurem|100/100
|-ability|p2a: Kyurem|Pressure
|turn|21
|
|t:|1779891658
|move|p2a: Kyurem|Body Press|p1a: Porygon2
|-supereffective|p1a: Porygon2
|-damage|p1a: Porygon2|12/100
|move|p1a: Porygon2|Trick Room|p1a: Porygon2
|-fieldstart|move: Trick Room|[of] p1a: Porygon2
|
|upkeep
|turn|22
|
|t:|1779891662
|move|p1a: Porygon2|Ice Beam|p2a: Kyurem
|-damage|p2a: Kyurem|82/100
|move|p2a: Kyurem|Freeze-Dry|p1a: Porygon2
|-damage|p1a: Porygon2|0 fnt
|faint|p1a: Porygon2
|
|upkeep
|
|t:|1779891667
|switch|p1a: Volcanion|Volcanion|100/100
|turn|23
|
|t:|1779891670
|move|p1a: Volcanion|Flamethrower|p2a: Kyurem
|-damage|p2a: Kyurem|30/100
|move|p2a: Kyurem|Earth Power|p1a: Volcanion
|-supereffective|p1a: Volcanion
|-damage|p1a: Volcanion|29/100
|-unboost|p1a: Volcanion|spd|1
|
|upkeep
|turn|24
|
|t:|1779891674
|move|p1a: Volcanion|Flamethrower|p2a: Kyurem
|-damage|p2a: Kyurem|0 fnt
|faint|p2a: Kyurem
|
|upkeep
|
|t:|1779891676
|switch|p2a: Darkrai|Darkrai|100/100
|turn|25
|
|t:|1779891680
|move|p1a: Volcanion|Flamethrower|p2a: Darkrai
|-damage|p2a: Darkrai|5/100
|move|p2a: Darkrai|Dark Pulse|p1a: Volcanion
|-damage|p1a: Volcanion|0 fnt
|faint|p1a: Volcanion
|
|-fieldend|move: Trick Room
|upkeep
|
|t:|1779891683
|switch|p1a: Cresselia|Cresselia, F|100/100
|turn|26
|
|t:|1779891686
|move|p2a: Darkrai|Dark Pulse|p1a: Cresselia
|-supereffective|p1a: Cresselia
|-damage|p1a: Cresselia|44/100
|move|p1a: Cresselia|Moonblast|p2a: Darkrai
|-supereffective|p2a: Darkrai
|-damage|p2a: Darkrai|0 fnt
|faint|p2a: Darkrai
|
|upkeep
|
|t:|1779891691
|switch|p2a: Gholdengo|Gholdengo|100/100
|turn|27
|
|t:|1779891694
|move|p2a: Gholdengo|Nasty Plot|p2a: Gholdengo
|-boost|p2a: Gholdengo|spa|2
|move|p1a: Cresselia|Trick Room|p1a: Cresselia
|-fieldstart|move: Trick Room|[of] p1a: Cresselia
|
|upkeep
|turn|28
|
|t:|1779891697
|move|p1a: Cresselia|Moonblast|p2a: Gholdengo
|-resisted|p2a: Gholdengo
|-damage|p2a: Gholdengo|91/100
|-unboost|p2a: Gholdengo|spa|1
|move|p2a: Gholdengo|Make It Rain|p1a: Cresselia
|-damage|p1a: Cresselia|0 fnt
|-unboost|p2a: Gholdengo|spa|1
|faint|p1a: Cresselia
|
|win|Mr Tpen
|raw|csasasdasdas's rating: 1465 &rarr; <strong>1450</strong><br />(-15 for losing)
|raw|Mr Tpen's rating: 1550 &rarr; <strong>1565</strong><br />(+15 for winning)
|l|☆csasasdasdas
|player|p1|
|l|☆Mr Tpen
|player|p2|
