|badge|p1|silver|gen9ou|30-9
|uhtml|medal-msg|<div class="broadcast-blue">Curious what those medals under the avatar are? PS now has Ladder Seasons! For more information, check out the <a href="https://www.smogon.com/forums/threads/3740067/">thread on Smogon.</a></div>
|j|☆spudcutter
|j|☆zg4h11
|t:|1779967400
|gametype|singles
|player|p1|spudcutter|ghetsis-gen5bw|1871
|player|p2|zg4h11|265|1717
|gen|9
|tier|[Gen 9] OU
|rated|
|rule|HP Percentage Mod: HP is shown in percentages
|rule|Endless Battle Clause: Forcing endless battles is banned
|rule|Species Clause: Limit one of each Pokémon
|rule|OHKO Clause: OHKO moves are banned
|rule|Evasion Items Clause: Evasion items are banned
|rule|Evasion Moves Clause: Evasion moves are banned
|rule|Evasion Abilities Clause: Evasion abilities are banned
|rule|Sleep Moves Clause: Sleep-inducing moves are banned
|clearpoke
|poke|p1|Tyranitar, M|
|poke|p1|Deoxys-Speed|
|poke|p1|Slowking-Galar, F|
|poke|p1|Great Tusk|
|poke|p1|Raging Bolt|
|poke|p1|Dondozo, F|
|poke|p2|Tyranitar, M|
|poke|p2|Excadrill, M|
|poke|p2|Iron Valiant|
|poke|p2|Dragapult, M|
|poke|p2|Zapdos|
|poke|p2|Hatterene, F|
|teampreview
|inactive|Battle timer is ON: inactive players will automatically lose when time's up. (requested by spudcutter)
|
|t:|1779967415
|teamsize|p1|6
|teamsize|p2|6
|start
|switch|p1a: Deoxys|Deoxys-Speed|100/100
|switch|p2a: Tyranitar|Tyranitar, M, shiny|100/100
|-ability|p1a: Deoxys|Pressure
|-weather|Sandstorm|[from] ability: Sand Stream|[of] p2a: Tyranitar
|turn|1
|
|t:|1779967425
|switch|p2a: Hatterene|Hatterene, F|100/100
|move|p1a: Deoxys|Knock Off|p2a: Hatterene
|-damage|p2a: Hatterene|71/100
|-damage|p1a: Deoxys|84/100|[from] item: Rocky Helmet|[of] p2a: Hatterene
|-enditem|p2a: Hatterene|Rocky Helmet|[from] move: Knock Off|[of] p1a: Deoxys
|-damage|p1a: Deoxys|74/100|[from] item: Life Orb
|
|-weather|Sandstorm|[upkeep]
|-damage|p1a: Deoxys|68/100|[from] Sandstorm
|-damage|p2a: Hatterene|65/100|[from] Sandstorm
|upkeep
|turn|2
|
|t:|1779967439
|switch|p1a: Tyranitar|Tyranitar, M|100/100
|move|p2a: Hatterene|Nuzzle|p1a: Tyranitar
|-damage|p1a: Tyranitar|98/100
|-status|p1a: Tyranitar|par
|
|-weather|Sandstorm|[upkeep]
|-damage|p2a: Hatterene|59/100|[from] Sandstorm
|upkeep
|turn|3
|j| Tbccc15
|
|t:|1779967448
|move|p2a: Hatterene|Pain Split|p1a: Tyranitar
|-sethp|p1a: Tyranitar|72/100 par|[from] move: Pain Split|[silent]
|-sethp|p2a: Hatterene|91/100|[from] move: Pain Split
|cant|p1a: Tyranitar|par
|
|-weather|Sandstorm|[upkeep]
|-damage|p2a: Hatterene|85/100|[from] Sandstorm
|upkeep
|turn|4
|
|t:|1779967455
|move|p2a: Hatterene|Draining Kiss|p1a: Tyranitar
|-supereffective|p1a: Tyranitar
|-crit|p1a: Tyranitar
|-damage|p1a: Tyranitar|48/100 par
|-heal|p2a: Hatterene|100/100|[from] drain|[of] p1a: Tyranitar
|move|p1a: Tyranitar|Iron Head|p2a: Hatterene
|-supereffective|p2a: Hatterene
|-damage|p2a: Hatterene|54/100
|
|-weather|Sandstorm|[upkeep]
|-damage|p2a: Hatterene|48/100|[from] Sandstorm
|upkeep
|turn|5
|
|t:|1779967467
|move|p2a: Hatterene|Draining Kiss|p1a: Tyranitar
|-supereffective|p1a: Tyranitar
|-damage|p1a: Tyranitar|30/100 par
|-heal|p2a: Hatterene|65/100|[from] drain|[of] p1a: Tyranitar
|move|p1a: Tyranitar|Iron Head|p2a: Hatterene
|-supereffective|p2a: Hatterene
|-damage|p2a: Hatterene|18/100
|
|-weather|Sandstorm|[upkeep]
|-damage|p2a: Hatterene|12/100|[from] Sandstorm
|upkeep
|turn|6
|
|t:|1779967476
|move|p2a: Hatterene|Draining Kiss|p1a: Tyranitar
|-supereffective|p1a: Tyranitar
|-damage|p1a: Tyranitar|12/100 par
|-heal|p2a: Hatterene|30/100|[from] drain|[of] p1a: Tyranitar
|move|p1a: Tyranitar|Iron Head|p2a: Hatterene
|-supereffective|p2a: Hatterene
|-damage|p2a: Hatterene|0 fnt
|faint|p2a: Hatterene
|
|-weather|Sandstorm|[upkeep]
|upkeep
|
|t:|1779967486
|switch|p2a: Excadrill|Excadrill, M, shiny|100/100
|turn|7
|
|t:|1779967491
|move|p2a: Excadrill|Earthquake|p1a: Tyranitar
|-supereffective|p1a: Tyranitar
|-damage|p1a: Tyranitar|0 fnt
|faint|p1a: Tyranitar
|
|-weather|Sandstorm|[upkeep]
|upkeep
|
|t:|1779967494
|switch|p1a: Great Tusk|Great Tusk|100/100
|turn|8
|
|t:|1779967501
|switch|p2a: Zapdos|Zapdos|100/100
|move|p1a: Great Tusk|Stealth Rock|p2a: Zapdos
|-sidestart|p2: zg4h11|move: Stealth Rock
|
|-weather|none
|upkeep
|turn|9
|
|t:|1779967511
|move|p2a: Zapdos|Volt Switch|p1a: Great Tusk
|-immune|p1a: Great Tusk
|move|p1a: Great Tusk|Knock Off|p2a: Zapdos
|-damage|p2a: Zapdos|70/100
|-status|p1a: Great Tusk|par|[from] ability: Static|[of] p2a: Zapdos
|-enditem|p2a: Zapdos|Heavy-Duty Boots|[from] move: Knock Off|[of] p1a: Great Tusk
|
|upkeep
|turn|10
|
|t:|1779967519
|-end|p1a: Great Tusk|Protosynthesis|[silent]
|switch|p1a: Raging Bolt|Raging Bolt|100/100
|move|p2a: Zapdos|Hurricane|p1a: Raging Bolt
|-resisted|p1a: Raging Bolt
|-damage|p1a: Raging Bolt|75/100
|-start|p1a: Raging Bolt|confusion
|
|-heal|p1a: Raging Bolt|81/100|[from] item: Leftovers
|upkeep
|turn|11
|
|t:|1779967527
|move|p2a: Zapdos|Volt Switch|p1a: Raging Bolt
|-resisted|p1a: Raging Bolt
|-damage|p1a: Raging Bolt|73/100
|
|t:|1779967530
|switch|p2a: Excadrill|Excadrill, M, shiny|100/100|[from] Volt Switch
|-damage|p2a: Excadrill|97/100|[from] Stealth Rock
|-activate|p1a: Raging Bolt|confusion
|move|p1a: Raging Bolt|Dragon Pulse|p2a: Excadrill
|-resisted|p2a: Excadrill
|-damage|p2a: Excadrill|65/100
|
|-heal|p2a: Excadrill|71/100|[from] item: Leftovers
|-heal|p1a: Raging Bolt|80/100|[from] item: Leftovers
|upkeep
|turn|12
|j| Agent xdj
|
|t:|1779967540
|-end|p1a: Raging Bolt|Protosynthesis|[silent]
|switch|p1a: Dondozo|Dondozo, F|100/100
|move|p2a: Excadrill|Rapid Spin|p1a: Dondozo
|-damage|p1a: Dondozo|91/100
|-boost|p2a: Excadrill|spe|1
|-damage|p2a: Excadrill|55/100|[from] item: Rocky Helmet|[of] p1a: Dondozo
|-sideend|p2: zg4h11|Stealth Rock|[from] move: Rapid Spin|[of] p2a: Excadrill
|
|-heal|p2a: Excadrill|61/100|[from] item: Leftovers
|upkeep
|turn|13
|
|t:|1779967555
|switch|p2a: Zapdos|Zapdos|70/100
|move|p1a: Dondozo|Waterfall|p2a: Zapdos
|-damage|p2a: Zapdos|40/100
|
|upkeep
|turn|14
|
|t:|1779967565
|switch|p1a: Great Tusk|Great Tusk|100/100 par
|move|p2a: Zapdos|Roost|p2a: Zapdos
|-heal|p2a: Zapdos|90/100
|-singleturn|p2a: Zapdos|move: Roost
|
|upkeep
|turn|15
|
|t:|1779967571
|-end|p1a: Great Tusk|Protosynthesis|[silent]
|switch|p1a: Raging Bolt|Raging Bolt|80/100
|move|p2a: Zapdos|Hurricane|p1a: Raging Bolt
|-resisted|p1a: Raging Bolt
|-damage|p1a: Raging Bolt|56/100
|
|-heal|p1a: Raging Bolt|62/100|[from] item: Leftovers
|upkeep
|turn|16
|
|t:|1779967579
|move|p2a: Zapdos|Volt Switch|p1a: Raging Bolt
|-resisted|p1a: Raging Bolt
|-damage|p1a: Raging Bolt|54/100
|
|t:|1779967590
|switch|p2a: Iron Valiant|Iron Valiant, shiny|100/100|[from] Volt Switch
|move|p1a: Raging Bolt|Dragon Pulse|p2a: Iron Valiant
|-immune|p2a: Iron Valiant
|
|-heal|p1a: Raging Bolt|60/100|[from] item: Leftovers
|upkeep
|turn|17
|
|t:|1779967598
|-end|p1a: Raging Bolt|Protosynthesis|[silent]
|switch|p1a: Slowking|Slowking-Galar, F|100/100
|move|p2a: Iron Valiant|Shadow Ball|p1a: Slowking
|-supereffective|p1a: Slowking
|-damage|p1a: Slowking|61/100
|
|upkeep
|turn|18
|
|t:|1779967606
|-end|p2a: Iron Valiant|Quark Drive|[silent]
|switch|p2a: Tyranitar|Tyranitar, M, shiny|100/100
|-weather|Sandstorm|[from] ability: Sand Stream|[of] p2a: Tyranitar
|move|p1a: Slowking|Flamethrower|p2a: Tyranitar
|-resisted|p2a: Tyranitar
|-damage|p2a: Tyranitar|91/100
|
|-weather|Sandstorm|[upkeep]
|-damage|p1a: Slowking|55/100|[from] Sandstorm
|upkeep
|turn|19
|
|t:|1779967619
|switch|p1a: Great Tusk|Great Tusk|100/100 par
|move|p2a: Tyranitar|Ice Punch|p1a: Great Tusk
|-supereffective|p1a: Great Tusk
|-damage|p1a: Great Tusk|71/100 par
|
|-weather|Sandstorm|[upkeep]
|-heal|p1a: Great Tusk|78/100 par|[from] item: Leftovers
|upkeep
|turn|20
|
|t:|1779967628
|switch|p2a: Zapdos|Zapdos|90/100
|cant|p1a: Great Tusk|par
|
|-weather|Sandstorm|[upkeep]
|-damage|p2a: Zapdos|84/100|[from] Sandstorm
|-heal|p1a: Great Tusk|84/100 par|[from] item: Leftovers
|upkeep
|turn|21
|
|t:|1779967636
|move|p2a: Zapdos|Hurricane|p1a: Great Tusk
|-supereffective|p1a: Great Tusk
|-damage|p1a: Great Tusk|0 fnt
|faint|p1a: Great Tusk
|-end|p1a: Great Tusk|Protosynthesis|[silent]
|
|-weather|Sandstorm|[upkeep]
|-damage|p2a: Zapdos|78/100|[from] Sandstorm
|upkeep
|
|t:|1779967641
|switch|p1a: Raging Bolt|Raging Bolt|60/100
|turn|22
|
|t:|1779967652
|move|p1a: Raging Bolt|Thunderclap|p2a: Zapdos
|-damage|p2a: Zapdos|36/100
|move|p2a: Zapdos|Volt Switch|p1a: Raging Bolt
|-resisted|p1a: Raging Bolt
|-crit|p1a: Raging Bolt
|-damage|p1a: Raging Bolt|48/100
|-message|spudcutter forfeited.
|
|win|zg4h11
|raw|spudcutter's rating: 1871 &rarr; <strong>1843</strong><br />(-28 for losing)
|raw|zg4h11's rating: 1717 &rarr; <strong>1745</strong><br />(+28 for winning)
|l|☆spudcutter
|player|p1|
