|j|☆Theonlyarrow
|j|☆Vico2505
|t:|1779858897
|gametype|singles
|player|p1|Theonlyarrow|iris|1113
|player|p2|Vico2505|steven|1166
|gen|9
|tier|[Gen 9] OU
|rated|
|rule|HP Percentage Mod: HP is shown in percentages
|rule|Endless Battle Clause: Forcing endless battles is banned
|rule|Species Clause: Limit one of each Pokémon
|rule|OHKO Clause: OHKO moves are banned
|rule|Evasion Items Clause: Evasion items are banned
|rule|Evasion Moves Clause: Evasion moves are banned
|rule|Evasion Abilities Clause: Evasion abilities are banned
|rule|Sleep Moves Clause: Sleep-inducing moves are banned
|clearpoke
|poke|p1|Slither Wing|
|poke|p1|Raging Bolt|
|poke|p1|Ogerpon-Wellspring, F|
|poke|p1|Rillaboom, M|
|poke|p1|Tinkaton, F|
|poke|p1|Skeledirge, F|
|poke|p2|Gastrodon, F|
|poke|p2|Chandelure, F|
|poke|p2|Goodra, F|
|poke|p2|Scizor, M|
|poke|p2|Iron Valiant|
|poke|p2|Gliscor, M|
|teampreview
|inactive|Battle timer is ON: inactive players will automatically lose when time's up. (requested by Theonlyarrow)
|
|t:|1779858908
|teamsize|p1|6
|teamsize|p2|6
|start
|switch|p1a: Rillaboom|Rillaboom, M|100/100
|switch|p2a: Goodra|Goodra, F|100/100
|-fieldstart|move: Grassy Terrain|[from] ability: Grassy Surge|[of] p1a: Rillaboom
|turn|1
|
|t:|1779858917
|move|p1a: Rillaboom|Knock Off|p2a: Goodra
|-damage|p2a: Goodra|54/100
|-enditem|p2a: Goodra|Assault Vest|[from] move: Knock Off|[of] p1a: Rillaboom
|move|p2a: Goodra|Fire Blast|p1a: Rillaboom
|-supereffective|p1a: Rillaboom
|-damage|p1a: Rillaboom|44/100
|
|-heal|p1a: Rillaboom|50/100|[from] Grassy Terrain
|-heal|p2a: Goodra|60/100|[from] Grassy Terrain
|upkeep
|turn|2
|
|t:|1779858929
|switch|p1a: Ogerpon|Ogerpon-Wellspring, F|100/100
|move|p2a: Goodra|Draco Meteor|p1a: Ogerpon
|-damage|p1a: Ogerpon|18/100
|-unboost|p2a: Goodra|spa|2
|
|-heal|p1a: Ogerpon|24/100|[from] Grassy Terrain
|-heal|p2a: Goodra|66/100|[from] Grassy Terrain
|upkeep
|turn|3
|
|t:|1779858945
|move|p1a: Ogerpon|Knock Off|p2a: Goodra
|-damage|p2a: Goodra|33/100
|move|p2a: Goodra|Draco Meteor|p1a: Ogerpon
|-damage|p1a: Ogerpon|0 fnt
|-unboost|p2a: Goodra|spa|2
|faint|p1a: Ogerpon
|
|-heal|p2a: Goodra|39/100|[from] Grassy Terrain
|upkeep
|
|t:|1779858956
|switch|p1a: Tinkaton|Tinkaton, F|100/100
|turn|4
|
|t:|1779858963
|switch|p2a: Gliscor|Gliscor, M|100/100
|move|p1a: Tinkaton|Stealth Rock|p2a: Gliscor
|-sidestart|p2: Vico2505|move: Stealth Rock
|
|-status|p2a: Gliscor|tox|[from] item: Toxic Orb
|upkeep
|turn|5
|
|t:|1779858975
|switch|p1a: Slither Wing|Slither Wing|100/100
|move|p2a: Gliscor|Toxic|p1a: Slither Wing
|-status|p1a: Slither Wing|tox
|
|-damage|p1a: Slither Wing|94/100 tox|[from] psn
|-fieldend|move: Grassy Terrain
|upkeep
|turn|6
|
|t:|1779858987
|move|p1a: Slither Wing|First Impression|p2a: Gliscor
|-resisted|p2a: Gliscor
|-damage|p2a: Gliscor|89/100 tox
|move|p2a: Gliscor|Facade|p1a: Slither Wing
|-damage|p1a: Slither Wing|70/100 tox
|
|-heal|p2a: Gliscor|100/100 tox|[from] ability: Poison Heal
|-damage|p1a: Slither Wing|58/100 tox|[from] psn
|upkeep
|turn|7
|
|t:|1779858998
|move|p2a: Gliscor|Facade|p1a: Slither Wing
|-damage|p1a: Slither Wing|33/100 tox
|move|p1a: Slither Wing|U-turn|p2a: Gliscor
|-resisted|p2a: Gliscor
|-damage|p2a: Gliscor|91/100 tox
|
|t:|1779859004
|-end|p1a: Slither Wing|Protosynthesis|[silent]
|switch|p1a: Rillaboom|Rillaboom, M|50/100|[from] U-turn
|-fieldstart|move: Grassy Terrain|[from] ability: Grassy Surge|[of] p1a: Rillaboom
|
|-heal|p1a: Rillaboom|57/100|[from] Grassy Terrain
|-heal|p2a: Gliscor|100/100 tox|[from] ability: Poison Heal
|upkeep
|turn|8
|
|t:|1779859014
|switch|p2a: Goodra|Goodra, F|39/100
|-damage|p2a: Goodra|27/100|[from] Stealth Rock
|move|p1a: Rillaboom|Grassy Glide|p2a: Goodra
|-ability|p2a: Goodra|Sap Sipper|boost
|-boost|p2a: Goodra|atk|1
|
|-heal|p1a: Rillaboom|63/100|[from] Grassy Terrain
|-heal|p2a: Goodra|33/100|[from] Grassy Terrain
|upkeep
|turn|9
|
|t:|1779859028
|move|p1a: Rillaboom|Low Kick|p2a: Goodra
|-damage|p2a: Goodra|0 fnt
|faint|p2a: Goodra
|
|-heal|p1a: Rillaboom|69/100|[from] Grassy Terrain
|upkeep
|
|t:|1779859036
|switch|p2a: Chandelure|Chandelure, F, shiny|100/100
|-damage|p2a: Chandelure|76/100|[from] Stealth Rock
|turn|10
|
|t:|1779859045
|-terastallize|p2a: Chandelure|Fire
|move|p2a: Chandelure|Fire Blast|p1a: Rillaboom|[miss]
|-miss|p2a: Chandelure|p1a: Rillaboom
|move|p1a: Rillaboom|Knock Off|p2a: Chandelure
|-damage|p2a: Chandelure|20/100
|-enditem|p2a: Chandelure|Choice Scarf|[from] move: Knock Off|[of] p1a: Rillaboom
|
|-heal|p2a: Chandelure|26/100|[from] Grassy Terrain
|-heal|p1a: Rillaboom|75/100|[from] Grassy Terrain
|upkeep
|turn|11
|
|t:|1779859058
|switch|p1a: Raging Bolt|Raging Bolt|100/100
|-enditem|p1a: Raging Bolt|Booster Energy
|-activate|p1a: Raging Bolt|ability: Protosynthesis|[fromitem]
|-start|p1a: Raging Bolt|protosynthesisspa
|move|p2a: Chandelure|Fire Blast|p1a: Raging Bolt
|-resisted|p1a: Raging Bolt
|-damage|p1a: Raging Bolt|64/100
|
|-heal|p2a: Chandelure|32/100|[from] Grassy Terrain
|-heal|p1a: Raging Bolt|71/100|[from] Grassy Terrain
|-fieldend|move: Grassy Terrain
|upkeep
|turn|12
|
|t:|1779859072
|move|p2a: Chandelure|Shadow Ball|p1a: Raging Bolt
|-damage|p1a: Raging Bolt|28/100
|move|p1a: Raging Bolt|Calm Mind|p1a: Raging Bolt
|-boost|p1a: Raging Bolt|spa|1
|-boost|p1a: Raging Bolt|spd|1
|
|upkeep
|turn|13
|
|t:|1779859079
|move|p1a: Raging Bolt|Thunderclap|p2a: Chandelure
|-damage|p2a: Chandelure|0 fnt
|faint|p2a: Chandelure
|
|upkeep
|
|t:|1779859088
|switch|p2a: Gliscor|Gliscor, M|100/100 tox
|-damage|p2a: Gliscor|88/100 tox|[from] Stealth Rock
|turn|14
|
|t:|1779859097
|-end|p1a: Raging Bolt|Protosynthesis|[silent]
|switch|p1a: Rillaboom|Rillaboom, M|75/100
|-fieldstart|move: Grassy Terrain|[from] ability: Grassy Surge|[of] p1a: Rillaboom
|move|p2a: Gliscor|Earthquake|p1a: Rillaboom
|-resisted|p1a: Rillaboom
|-damage|p1a: Rillaboom|67/100
|
|-heal|p1a: Rillaboom|73/100|[from] Grassy Terrain
|-heal|p2a: Gliscor|100/100 tox|[from] ability: Poison Heal
|upkeep
|turn|15
|
|t:|1779859108
|move|p2a: Gliscor|Toxic|p1a: Rillaboom
|-status|p1a: Rillaboom|tox
|move|p1a: Rillaboom|Knock Off|p2a: Gliscor
|-damage|p2a: Gliscor|80/100 tox
|-enditem|p2a: Gliscor|Toxic Orb|[from] move: Knock Off|[of] p1a: Rillaboom
|
|-heal|p1a: Rillaboom|79/100 tox|[from] Grassy Terrain
|-heal|p2a: Gliscor|92/100 tox|[from] ability: Poison Heal
|-damage|p1a: Rillaboom|73/100 tox|[from] psn
|upkeep
|turn|16
|
|t:|1779859120
|switch|p1a: Skeledirge|Skeledirge, F|100/100
|move|p2a: Gliscor|Facade|p1a: Skeledirge
|-immune|p1a: Skeledirge
|
|-heal|p2a: Gliscor|100/100 tox|[from] ability: Poison Heal
|upkeep
|turn|17
|
|t:|1779859129
|move|p2a: Gliscor|Toxic|p1a: Skeledirge
|-status|p1a: Skeledirge|tox
|move|p1a: Skeledirge|Hex|p2a: Gliscor
|-damage|p2a: Gliscor|43/100 tox
|
|-heal|p2a: Gliscor|55/100 tox|[from] ability: Poison Heal
|-damage|p1a: Skeledirge|94/100 tox|[from] psn
|upkeep
|turn|18
|
|t:|1779859139
|move|p2a: Gliscor|Protect|p2a: Gliscor
|-singleturn|p2a: Gliscor|Protect
|move|p1a: Skeledirge|Hex|p2a: Gliscor
|-activate|p2a: Gliscor|move: Protect
|
|-heal|p1a: Skeledirge|100/100 tox|[from] Grassy Terrain
|-heal|p2a: Gliscor|68/100 tox|[from] ability: Poison Heal
|-damage|p1a: Skeledirge|88/100 tox|[from] psn
|-fieldend|move: Grassy Terrain
|upkeep
|turn|19
|
|t:|1779859151
|move|p2a: Gliscor|Earthquake|p1a: Skeledirge
|-supereffective|p1a: Skeledirge
|-damage|p1a: Skeledirge|49/100 tox
|move|p1a: Skeledirge|Hex|p2a: Gliscor
|-damage|p2a: Gliscor|8/100 tox
|
|-heal|p2a: Gliscor|20/100 tox|[from] ability: Poison Heal
|-damage|p1a: Skeledirge|31/100 tox|[from] psn
|upkeep
|turn|20
|
|t:|1779859162
|switch|p1a: Rillaboom|Rillaboom, M|73/100 tox
|-fieldstart|move: Grassy Terrain|[from] ability: Grassy Surge|[of] p1a: Rillaboom
|move|p2a: Gliscor|Earthquake|p1a: Rillaboom
|-resisted|p1a: Rillaboom
|-damage|p1a: Rillaboom|65/100 tox
|
|-heal|p1a: Rillaboom|71/100 tox|[from] Grassy Terrain
|-heal|p2a: Gliscor|32/100 tox|[from] ability: Poison Heal
|-damage|p1a: Rillaboom|65/100 tox|[from] psn
|upkeep
|turn|21
|
|t:|1779859177
|switch|p1a: Skeledirge|Skeledirge, F|31/100 tox
|move|p2a: Gliscor|Protect||[still]
|-fail|p2a: Gliscor
|
|-heal|p1a: Skeledirge|37/100 tox|[from] Grassy Terrain
|-heal|p2a: Gliscor|45/100 tox|[from] ability: Poison Heal
|-damage|p1a: Skeledirge|31/100 tox|[from] psn
|upkeep
|turn|22
|
|t:|1779859187
|move|p2a: Gliscor|Earthquake|p1a: Skeledirge
|-supereffective|p1a: Skeledirge
|-damage|p1a: Skeledirge|10/100 tox
|move|p1a: Skeledirge|Hex|p2a: Gliscor
|-damage|p2a: Gliscor|0 fnt
|faint|p2a: Gliscor
|
|-heal|p1a: Skeledirge|16/100 tox|[from] Grassy Terrain
|-damage|p1a: Skeledirge|4/100 tox|[from] psn
|upkeep
|
|t:|1779859200
|switch|p2a: Iron Valiant|Iron Valiant, shiny|100/100
|-damage|p2a: Iron Valiant|94/100|[from] Stealth Rock
|-enditem|p2a: Iron Valiant|Booster Energy
|-activate|p2a: Iron Valiant|ability: Quark Drive|[fromitem]
|-start|p2a: Iron Valiant|quarkdrivespe
|turn|23
|
|t:|1779859207
|move|p2a: Iron Valiant|Spirit Break|p1a: Skeledirge
|-resisted|p1a: Skeledirge
|-damage|p1a: Skeledirge|0 fnt
|faint|p1a: Skeledirge
|
|-heal|p2a: Iron Valiant|100/100|[from] Grassy Terrain
|upkeep
|
|t:|1779859216
|switch|p1a: Slither Wing|Slither Wing|33/100 tox
|turn|24
|
|t:|1779859224
|move|p2a: Iron Valiant|Swords Dance|p2a: Iron Valiant
|-boost|p2a: Iron Valiant|atk|2
|move|p1a: Slither Wing|Will-O-Wisp|p2a: Iron Valiant
|-status|p2a: Iron Valiant|brn
|
|-heal|p1a: Slither Wing|39/100 tox|[from] Grassy Terrain
|-damage|p1a: Slither Wing|33/100 tox|[from] psn
|-damage|p2a: Iron Valiant|94/100 brn|[from] brn
|-fieldend|move: Grassy Terrain
|upkeep
|turn|25
|
|t:|1779859236
|-end|p1a: Slither Wing|Protosynthesis|[silent]
|switch|p1a: Rillaboom|Rillaboom, M|65/100 tox
|-fieldstart|move: Grassy Terrain|[from] ability: Grassy Surge|[of] p1a: Rillaboom
|move|p2a: Iron Valiant|Swords Dance|p2a: Iron Valiant
|-boost|p2a: Iron Valiant|atk|2
|
|-heal|p2a: Iron Valiant|100/100 brn|[from] Grassy Terrain
|-heal|p1a: Rillaboom|71/100 tox|[from] Grassy Terrain
|-damage|p1a: Rillaboom|65/100 tox|[from] psn
|-damage|p2a: Iron Valiant|94/100 brn|[from] brn
|upkeep
|turn|26
|
|t:|1779859254
|move|p1a: Rillaboom|Grassy Glide|p2a: Iron Valiant
|-damage|p2a: Iron Valiant|43/100 brn
|move|p2a: Iron Valiant|Spirit Break|p1a: Rillaboom
|-damage|p1a: Rillaboom|12/100 tox
|-unboost|p1a: Rillaboom|spa|1
|
|-heal|p2a: Iron Valiant|49/100 brn|[from] Grassy Terrain
|-heal|p1a: Rillaboom|19/100 tox|[from] Grassy Terrain
|-damage|p1a: Rillaboom|6/100 tox|[from] psn
|-damage|p2a: Iron Valiant|43/100 brn|[from] brn
|upkeep
|turn|27
|
|t:|1779859267
|move|p1a: Rillaboom|Grassy Glide|p2a: Iron Valiant
|-damage|p2a: Iron Valiant|0 fnt
|faint|p2a: Iron Valiant
|-end|p2a: Iron Valiant|Quark Drive|[silent]
|
|-heal|p1a: Rillaboom|12/100 tox|[from] Grassy Terrain
|-damage|p1a: Rillaboom|0 fnt|[from] psn
|faint|p1a: Rillaboom
|upkeep
|
|t:|1779859285
|switch|p2a: Scizor|Scizor, M|100/100
|switch|p1a: Slither Wing|Slither Wing|33/100 tox
|-damage|p2a: Scizor|88/100|[from] Stealth Rock
|turn|28
|
|t:|1779859301
|move|p2a: Scizor|Bullet Punch|p1a: Slither Wing
|-damage|p1a: Slither Wing|0 fnt
|faint|p1a: Slither Wing
|-end|p1a: Slither Wing|Protosynthesis|[silent]
|
|-heal|p2a: Scizor|94/100|[from] Grassy Terrain
|upkeep
|
|t:|1779859309
|switch|p1a: Tinkaton|Tinkaton, F|100/100
|turn|29
|
|t:|1779859312
|move|p2a: Scizor|Bullet Punch|p1a: Tinkaton
|-damage|p1a: Tinkaton|62/100
|move|p1a: Tinkaton|Thunder Wave|p2a: Scizor
|-status|p2a: Scizor|par
|
|-heal|p1a: Tinkaton|68/100|[from] Grassy Terrain
|-heal|p1a: Tinkaton|74/100|[from] item: Leftovers
|-heal|p2a: Scizor|100/100 par|[from] Grassy Terrain
|-fieldend|move: Grassy Terrain
|upkeep
|turn|30
|
|t:|1779859326
|move|p2a: Scizor|Bullet Punch|p1a: Tinkaton
|-damage|p1a: Tinkaton|36/100
|move|p1a: Tinkaton|Gigaton Hammer|p2a: Scizor
|-resisted|p2a: Scizor
|-damage|p2a: Scizor|78/100 par
|
|-heal|p1a: Tinkaton|42/100|[from] item: Leftovers
|upkeep
|turn|31
|
|t:|1779859339
|move|p2a: Scizor|Bullet Punch|p1a: Tinkaton
|-damage|p1a: Tinkaton|0 fnt
|faint|p1a: Tinkaton
|
|upkeep
|
|t:|1779859344
|switch|p1a: Raging Bolt|Raging Bolt|28/100
|turn|32
|
|t:|1779859350
|move|p1a: Raging Bolt|Thunderclap|p2a: Scizor
|-damage|p2a: Scizor|30/100 par
|cant|p2a: Scizor|par
|
|upkeep
|turn|33
|
|t:|1779859356
|move|p1a: Raging Bolt|Thunderclap|p2a: Scizor
|-damage|p2a: Scizor|0 fnt
|faint|p2a: Scizor
|
|upkeep
|
|t:|1779859361
|switch|p2a: Gastrodon|Gastrodon, F|100/100
|-damage|p2a: Gastrodon|94/100|[from] Stealth Rock
|turn|34
|
|t:|1779859368
|move|p1a: Raging Bolt|Dragon Pulse|p2a: Gastrodon
|-damage|p2a: Gastrodon|60/100
|move|p2a: Gastrodon|Earth Power|p1a: Raging Bolt
|-supereffective|p1a: Raging Bolt
|-damage|p1a: Raging Bolt|0 fnt
|faint|p1a: Raging Bolt
|-end|p1a: Raging Bolt|Protosynthesis|[silent]
|
|win|Vico2505
|raw|Theonlyarrow's rating: 1113 &rarr; <strong>1092</strong><br />(-21 for losing)
|raw|Vico2505's rating: 1166 &rarr; <strong>1187</strong><br />(+21 for winning)
|l|☆Theonlyarrow
|player|p1|
|l|☆Vico2505
|player|p2|
