|j|☆venusauras
|j|☆A16552
|t:|1779968715
|gametype|singles
|player|p1|venusauras|2|1044
|player|p2|A16552|170|1133
|gen|9
|tier|[Gen 9] OU
|rated|
|rule|HP Percentage Mod: HP is shown in percentages
|rule|Endless Battle Clause: Forcing endless battles is banned
|rule|Species Clause: Limit one of each Pokémon
|rule|OHKO Clause: OHKO moves are banned
|rule|Evasion Items Clause: Evasion items are banned
|rule|Evasion Moves Clause: Evasion moves are banned
|rule|Evasion Abilities Clause: Evasion abilities are banned
|rule|Sleep Moves Clause: Sleep-inducing moves are banned
|clearpoke
|poke|p1|Serperior, M|
|poke|p1|Dragapult, F|
|poke|p1|Gliscor, F|
|poke|p1|Zapdos|
|poke|p1|Tornadus-Therian, M|
|poke|p1|Gholdengo|
|poke|p2|Garganacl, M|
|poke|p2|Metagross|
|poke|p2|Ogerpon-Wellspring, F|
|poke|p2|Weavile, M|
|poke|p2|Gliscor, F|
|poke|p2|Greninja-*, F|
|teampreview
|
|t:|1779968722
|teamsize|p1|6
|teamsize|p2|6
|start
|switch|p1a: Serperior|Serperior, M|100/100
|switch|p2a: Weavile|Weavile, M|100/100
|-ability|p2a: Weavile|Pressure
|turn|1
|
|t:|1779968729
|move|p2a: Weavile|Ice Spinner|p1a: Serperior
|-supereffective|p1a: Serperior
|-damage|p1a: Serperior|4/100
|move|p1a: Serperior|Glare|p2a: Weavile
|-status|p2a: Weavile|par
|
|-heal|p1a: Serperior|10/100|[from] item: Leftovers
|upkeep
|turn|2
|
|t:|1779968740
|cant|p2a: Weavile|par
|move|p1a: Serperior|Synthesis|p1a: Serperior
|-heal|p1a: Serperior|60/100
|
|-heal|p1a: Serperior|66/100|[from] item: Leftovers
|upkeep
|turn|3
|
|t:|1779968746
|move|p1a: Serperior|Leech Seed|p2a: Weavile
|-start|p2a: Weavile|move: Leech Seed
|move|p2a: Weavile|Ice Spinner|p1a: Serperior
|-supereffective|p1a: Serperior
|-damage|p1a: Serperior|0 fnt
|faint|p1a: Serperior
|
|upkeep
|inactive|Battle timer is ON: inactive players will automatically lose when time's up. (requested by A16552)
|
|t:|1779968754
|switch|p1a: Zapdos|Zapdos|100/100
|turn|4
|
|t:|1779968760
|switch|p2a: Gliscor|Gliscor, F|100/100
|move|p1a: Zapdos|Heat Wave|p2a: Gliscor
|-damage|p2a: Gliscor|63/100
|
|-status|p2a: Gliscor|tox|[from] item: Toxic Orb
|upkeep
|turn|5
|
|t:|1779968770
|move|p2a: Gliscor|Ice Fang|p1a: Zapdos
|-supereffective|p1a: Zapdos
|-damage|p1a: Zapdos|73/100
|-status|p1a: Zapdos|frz
|cant|p1a: Zapdos|frz
|
|-heal|p2a: Gliscor|75/100 tox|[from] ability: Poison Heal
|upkeep
|turn|6
|
|t:|1779968778
|move|p2a: Gliscor|Knock Off|p1a: Zapdos
|-damage|p1a: Zapdos|54/100 frz
|-enditem|p1a: Zapdos|Heavy-Duty Boots|[from] move: Knock Off|[of] p2a: Gliscor
|cant|p1a: Zapdos|frz
|
|-heal|p2a: Gliscor|87/100 tox|[from] ability: Poison Heal
|upkeep
|turn|7
|
|t:|1779968789
|switch|p1a: Dragapult|Dragapult, F|100/100
|move|p2a: Gliscor|Ice Fang|p1a: Dragapult
|-supereffective|p1a: Dragapult
|-damage|p1a: Dragapult|49/100
|
|-heal|p2a: Gliscor|99/100 tox|[from] ability: Poison Heal
|upkeep
|turn|8
|
|t:|1779968804
|move|p1a: Dragapult|Draco Meteor|p2a: Gliscor
|-damage|p2a: Gliscor|23/100 tox
|-unboost|p1a: Dragapult|spa|2
|move|p2a: Gliscor|Ice Fang|p1a: Dragapult
|-supereffective|p1a: Dragapult
|-damage|p1a: Dragapult|3/100
|
|-heal|p2a: Gliscor|35/100 tox|[from] ability: Poison Heal
|upkeep
|turn|9
|
|t:|1779968814
|switch|p2a: Greninja|Greninja, F|100/100
|move|p1a: Dragapult|U-turn|p2a: Greninja
|-supereffective|p2a: Greninja
|-damage|p2a: Greninja|49/100
|
|t:|1779968823
|switch|p1a: Tornadus|Tornadus-Therian, M|100/100|[from] U-turn
|
|upkeep
|turn|10
|
|t:|1779968829
|move|p1a: Tornadus|U-turn|p2a: Greninja
|-supereffective|p2a: Greninja
|-damage|p2a: Greninja|0 fnt
|faint|p2a: Greninja
|
|t:|1779968843
|switch|p1a: Dragapult|Dragapult, F|3/100|[from] U-turn
|
|upkeep
|
|t:|1779968849
|switch|p2a: Weavile|Weavile, M|100/100 par
|-ability|p2a: Weavile|Pressure
|turn|11
|
|t:|1779968854
|move|p2a: Weavile|Quick Attack|p1a: Dragapult
|-immune|p1a: Dragapult
|move|p1a: Dragapult|Draco Meteor|p2a: Weavile
|-damage|p2a: Weavile|24/100 par
|-unboost|p1a: Dragapult|spa|2
|
|upkeep
|turn|12
|
|t:|1779968862
|move|p1a: Dragapult|U-turn|p2a: Weavile
|-supereffective|p2a: Weavile
|-damage|p2a: Weavile|0 fnt
|faint|p2a: Weavile
|
|t:|1779968869
|switch|p1a: Tornadus|Tornadus-Therian, M|100/100|[from] U-turn
|
|upkeep
|
|t:|1779968877
|switch|p2a: Garganacl|Garganacl, M|100/100
|turn|13
|
|t:|1779968891
|move|p1a: Tornadus|U-turn|p2a: Garganacl
|-damage|p2a: Garganacl|92/100
|
|t:|1779968894
|switch|p1a: Gliscor|Gliscor, F|100/100|[from] U-turn
|move|p2a: Garganacl|Iron Defense|p2a: Garganacl
|-boost|p2a: Garganacl|def|2
|
|-heal|p2a: Garganacl|98/100|[from] item: Leftovers
|-status|p1a: Gliscor|tox|[from] item: Toxic Orb
|upkeep
|turn|14
|
|t:|1779968902
|move|p1a: Gliscor|Toxic|p2a: Garganacl
|-immune|p2a: Garganacl|[from] ability: Purifying Salt
|move|p2a: Garganacl|Salt Cure|p1a: Gliscor
|-damage|p1a: Gliscor|93/100 tox
|-start|p1a: Gliscor|Salt Cure
|
|-heal|p2a: Garganacl|100/100|[from] item: Leftovers
|-heal|p1a: Gliscor|100/100 tox|[from] ability: Poison Heal
|-damage|p1a: Gliscor|88/100 tox|[from] Salt Cure
|upkeep
|turn|15
|
|t:|1779968914
|move|p1a: Gliscor|Earthquake|p2a: Garganacl
|-supereffective|p2a: Garganacl
|-damage|p2a: Garganacl|78/100
|move|p2a: Garganacl|Iron Defense|p2a: Garganacl
|-boost|p2a: Garganacl|def|2
|
|-heal|p2a: Garganacl|84/100|[from] item: Leftovers
|-heal|p1a: Gliscor|100/100 tox|[from] ability: Poison Heal
|-damage|p1a: Gliscor|88/100 tox|[from] Salt Cure
|upkeep
|turn|16
|
|t:|1779968933
|move|p1a: Gliscor|Earthquake|p2a: Garganacl
|-supereffective|p2a: Garganacl
|-damage|p2a: Garganacl|68/100
|move|p2a: Garganacl|Salt Cure|p1a: Gliscor
|-damage|p1a: Gliscor|79/100 tox
|
|-heal|p2a: Garganacl|74/100|[from] item: Leftovers
|-heal|p1a: Gliscor|92/100 tox|[from] ability: Poison Heal
|-damage|p1a: Gliscor|79/100 tox|[from] Salt Cure
|upkeep
|turn|17
|
|t:|1779968943
|move|p1a: Gliscor|Earthquake|p2a: Garganacl
|-supereffective|p2a: Garganacl
|-damage|p2a: Garganacl|59/100
|move|p2a: Garganacl|Iron Defense|p2a: Garganacl
|-boost|p2a: Garganacl|def|2
|
|-heal|p2a: Garganacl|65/100|[from] item: Leftovers
|-heal|p1a: Gliscor|92/100 tox|[from] ability: Poison Heal
|-damage|p1a: Gliscor|79/100 tox|[from] Salt Cure
|upkeep
|turn|18
|
|t:|1779968952
|move|p1a: Gliscor|Earthquake|p2a: Garganacl
|-supereffective|p2a: Garganacl
|-damage|p2a: Garganacl|54/100
|move|p2a: Garganacl|Recover|p2a: Garganacl
|-heal|p2a: Garganacl|100/100
|
|-heal|p1a: Gliscor|92/100 tox|[from] ability: Poison Heal
|-damage|p1a: Gliscor|79/100 tox|[from] Salt Cure
|upkeep
|turn|19
|
|t:|1779968967
|move|p1a: Gliscor|Stealth Rock|p2a: Garganacl
|-sidestart|p2: A16552|move: Stealth Rock
|move|p2a: Garganacl|Salt Cure|p1a: Gliscor
|-damage|p1a: Gliscor|72/100 tox
|
|-heal|p1a: Gliscor|84/100 tox|[from] ability: Poison Heal
|-damage|p1a: Gliscor|72/100 tox|[from] Salt Cure
|upkeep
|turn|20
|
|t:|1779968995
|switch|p1a: Gholdengo|Gholdengo|100/100
|move|p2a: Garganacl|Salt Cure|p1a: Gholdengo
|-resisted|p1a: Gholdengo
|-damage|p1a: Gholdengo|96/100
|-start|p1a: Gholdengo|Salt Cure
|
|-heal|p1a: Gholdengo|100/100|[from] item: Leftovers
|-damage|p1a: Gholdengo|76/100|[from] Salt Cure
|upkeep
|turn|21
|
|t:|1779969007
|move|p1a: Gholdengo|Make It Rain|p2a: Garganacl
|-supereffective|p2a: Garganacl
|-damage|p2a: Garganacl|36/100
|-unboost|p1a: Gholdengo|spa|1
|move|p2a: Garganacl|Earthquake|p1a: Gholdengo
|-supereffective|p1a: Gholdengo
|-damage|p1a: Gholdengo|44/100
|
|-heal|p1a: Gholdengo|50/100|[from] item: Leftovers
|-heal|p2a: Garganacl|42/100|[from] item: Leftovers
|-damage|p1a: Gholdengo|25/100|[from] Salt Cure
|upkeep
|turn|22
|
|t:|1779969020
|move|p1a: Gholdengo|Recover|p1a: Gholdengo
|-heal|p1a: Gholdengo|75/100
|move|p2a: Garganacl|Recover|p2a: Garganacl
|-heal|p2a: Garganacl|92/100
|
|-heal|p1a: Gholdengo|81/100|[from] item: Leftovers
|-heal|p2a: Garganacl|99/100|[from] item: Leftovers
|-damage|p1a: Gholdengo|56/100|[from] Salt Cure
|upkeep
|turn|23
|
|t:|1779969029
|move|p1a: Gholdengo|Make It Rain|p2a: Garganacl
|-supereffective|p2a: Garganacl
|-damage|p2a: Garganacl|51/100
|-unboost|p1a: Gholdengo|spa|1
|move|p2a: Garganacl|Earthquake|p1a: Gholdengo
|-supereffective|p1a: Gholdengo
|-damage|p1a: Gholdengo|25/100
|
|-heal|p1a: Gholdengo|31/100|[from] item: Leftovers
|-heal|p2a: Garganacl|57/100|[from] item: Leftovers
|-damage|p1a: Gholdengo|6/100|[from] Salt Cure
|upkeep
|turn|24
|
|t:|1779969043
|move|p1a: Gholdengo|Make It Rain|p2a: Garganacl
|-supereffective|p2a: Garganacl
|-damage|p2a: Garganacl|25/100
|-unboost|p1a: Gholdengo|spa|1
|move|p2a: Garganacl|Recover|p2a: Garganacl
|-heal|p2a: Garganacl|75/100
|
|-heal|p1a: Gholdengo|12/100|[from] item: Leftovers
|-heal|p2a: Garganacl|81/100|[from] item: Leftovers
|-damage|p1a: Gholdengo|0 fnt|[from] Salt Cure
|faint|p1a: Gholdengo
|upkeep
|inactive|venusauras has 120 seconds left.
|
|t:|1779969061
|switch|p1a: Zapdos|Zapdos|54/100 frz
|turn|25
|inactive|venusauras has 120 seconds left.
|
|t:|1779969072
|cant|p1a: Zapdos|frz
|move|p2a: Garganacl|Salt Cure|p1a: Zapdos
|-supereffective|p1a: Zapdos
|-crit|p1a: Zapdos
|-damage|p1a: Zapdos|21/100 frz
|-start|p1a: Zapdos|Salt Cure
|
|-heal|p2a: Garganacl|87/100|[from] item: Leftovers
|-damage|p1a: Zapdos|9/100 frz|[from] Salt Cure
|upkeep
|turn|26
|inactive|venusauras has 120 seconds left.
|
|t:|1779969088
|-curestatus|p1a: Zapdos|frz|[msg]
|move|p1a: Zapdos|Roost|p1a: Zapdos
|-heal|p1a: Zapdos|59/100
|-singleturn|p1a: Zapdos|move: Roost
|move|p2a: Garganacl|Salt Cure|p1a: Zapdos
|-damage|p1a: Zapdos|50/100
|
|-heal|p2a: Garganacl|93/100|[from] item: Leftovers
|-damage|p1a: Zapdos|37/100|[from] Salt Cure
|upkeep
|turn|27
|inactive|venusauras has 120 seconds left.
|
|t:|1779969100
|move|p1a: Zapdos|Roost|p1a: Zapdos
|-heal|p1a: Zapdos|87/100
|-singleturn|p1a: Zapdos|move: Roost
|move|p2a: Garganacl|Salt Cure|p1a: Zapdos
|-damage|p1a: Zapdos|77/100
|
|-heal|p2a: Garganacl|99/100|[from] item: Leftovers
|-damage|p1a: Zapdos|65/100|[from] Salt Cure
|upkeep
|turn|28
|inactive|venusauras has 120 seconds left.
|inactive|venusauras has 90 seconds left.
|
|t:|1779969141
|move|p1a: Zapdos|Discharge|p2a: Garganacl
|-damage|p2a: Garganacl|76/100
|move|p2a: Garganacl|Salt Cure|p1a: Zapdos
|-supereffective|p1a: Zapdos
|-damage|p1a: Zapdos|46/100
|
|-heal|p2a: Garganacl|82/100|[from] item: Leftovers
|-damage|p1a: Zapdos|33/100|[from] Salt Cure
|upkeep
|turn|29
|inactive|venusauras has 90 seconds left.
|
|t:|1779969150
|move|p1a: Zapdos|Roost|p1a: Zapdos
|-heal|p1a: Zapdos|84/100
|-singleturn|p1a: Zapdos|move: Roost
|move|p2a: Garganacl|Salt Cure|p1a: Zapdos
|-damage|p1a: Zapdos|73/100
|
|-heal|p2a: Garganacl|89/100|[from] item: Leftovers
|-damage|p1a: Zapdos|61/100|[from] Salt Cure
|upkeep
|turn|30
|inactive|venusauras has 90 seconds left.
|
|t:|1779969161
|move|p1a: Zapdos|Hurricane|p2a: Garganacl
|-resisted|p2a: Garganacl
|-damage|p2a: Garganacl|73/100
|move|p2a: Garganacl|Iron Defense|p2a: Garganacl
|-boost|p2a: Garganacl|def|0
|
|-heal|p2a: Garganacl|79/100|[from] item: Leftovers
|-damage|p1a: Zapdos|49/100|[from] Salt Cure
|upkeep
|turn|31
|inactive|venusauras has 90 seconds left.
|
|t:|1779969174
|switch|p1a: Tornadus|Tornadus-Therian, M|100/100
|move|p2a: Garganacl|Iron Defense|p2a: Garganacl
|-boost|p2a: Garganacl|def|0
|
|-heal|p2a: Garganacl|85/100|[from] item: Leftovers
|upkeep
|turn|32
|inactive|venusauras has 90 seconds left.
|
|t:|1779969186
|move|p1a: Tornadus|U-turn|p2a: Garganacl
|-damage|p2a: Garganacl|83/100
|
|t:|1779969189
|switch|p1a: Gliscor|Gliscor, F|72/100 tox|[from] U-turn
|move|p2a: Garganacl|Salt Cure|p1a: Gliscor
|-damage|p1a: Gliscor|64/100 tox
|-start|p1a: Gliscor|Salt Cure
|
|-heal|p2a: Garganacl|89/100|[from] item: Leftovers
|-heal|p1a: Gliscor|76/100 tox|[from] ability: Poison Heal
|-damage|p1a: Gliscor|64/100 tox|[from] Salt Cure
|upkeep
|turn|33
|
|t:|1779969200
|move|p1a: Gliscor|Earthquake|p2a: Garganacl
|-supereffective|p2a: Garganacl
|-damage|p2a: Garganacl|77/100
|move|p2a: Garganacl|Salt Cure|p1a: Gliscor
|-damage|p1a: Gliscor|56/100 tox
|
|-heal|p2a: Garganacl|83/100|[from] item: Leftovers
|-heal|p1a: Gliscor|69/100 tox|[from] ability: Poison Heal
|-damage|p1a: Gliscor|56/100 tox|[from] Salt Cure
|upkeep
|turn|34
|inactive|venusauras has 90 seconds left.
|
|t:|1779969233
|move|p1a: Gliscor|Earthquake|p2a: Garganacl
|-supereffective|p2a: Garganacl
|-damage|p2a: Garganacl|73/100
|move|p2a: Garganacl|Salt Cure|p1a: Gliscor
|-damage|p1a: Gliscor|48/100 tox
|
|-heal|p2a: Garganacl|79/100|[from] item: Leftovers
|-heal|p1a: Gliscor|60/100 tox|[from] ability: Poison Heal
|-damage|p1a: Gliscor|48/100 tox|[from] Salt Cure
|upkeep
|turn|35
|
|t:|1779969248
|move|p1a: Gliscor|Earthquake|p2a: Garganacl
|-supereffective|p2a: Garganacl
|-damage|p2a: Garganacl|68/100
|move|p2a: Garganacl|Salt Cure|p1a: Gliscor
|-damage|p1a: Gliscor|40/100 tox
|
|-heal|p2a: Garganacl|74/100|[from] item: Leftovers
|-heal|p1a: Gliscor|52/100 tox|[from] ability: Poison Heal
|-damage|p1a: Gliscor|40/100 tox|[from] Salt Cure
|upkeep
|turn|36
|
|t:|1779969259
|move|p1a: Gliscor|Earthquake|p2a: Garganacl
|-supereffective|p2a: Garganacl
|-damage|p2a: Garganacl|63/100
|move|p2a: Garganacl|Salt Cure|p1a: Gliscor
|-damage|p1a: Gliscor|31/100 tox
|
|-heal|p2a: Garganacl|70/100|[from] item: Leftovers
|-heal|p1a: Gliscor|44/100 tox|[from] ability: Poison Heal
|-damage|p1a: Gliscor|31/100 tox|[from] Salt Cure
|upkeep
|turn|37
|inactive|venusauras has 60 seconds left.
|
|t:|1779969290
|move|p1a: Gliscor|Earthquake|p2a: Garganacl
|-supereffective|p2a: Garganacl
|-damage|p2a: Garganacl|58/100
|move|p2a: Garganacl|Recover|p2a: Garganacl
|-heal|p2a: Garganacl|100/100
|
|-heal|p1a: Gliscor|44/100 tox|[from] ability: Poison Heal
|-damage|p1a: Gliscor|31/100 tox|[from] Salt Cure
|upkeep
|turn|38
|inactive|venusauras has 60 seconds left.
|
|t:|1779969302
|move|p1a: Gliscor|Earthquake|p2a: Garganacl
|-supereffective|p2a: Garganacl
|-damage|p2a: Garganacl|88/100
|move|p2a: Garganacl|Salt Cure|p1a: Gliscor
|-damage|p1a: Gliscor|22/100 tox
|
|-heal|p2a: Garganacl|94/100|[from] item: Leftovers
|-heal|p1a: Gliscor|34/100 tox|[from] ability: Poison Heal
|-damage|p1a: Gliscor|22/100 tox|[from] Salt Cure
|upkeep
|turn|39
|inactive|venusauras has 60 seconds left.
|inactive|venusauras has 30 seconds left.
|
|t:|1779969346
|move|p1a: Gliscor|Earthquake|p2a: Garganacl
|-supereffective|p2a: Garganacl
|-damage|p2a: Garganacl|84/100
|move|p2a: Garganacl|Salt Cure|p1a: Gliscor
|-damage|p1a: Gliscor|14/100 tox
|
|-heal|p2a: Garganacl|90/100|[from] item: Leftovers
|-heal|p1a: Gliscor|26/100 tox|[from] ability: Poison Heal
|-damage|p1a: Gliscor|14/100 tox|[from] Salt Cure
|upkeep
|turn|40
|inactive|venusauras has 30 seconds left.
|
|t:|1779969360
|switch|p1a: Tornadus|Tornadus-Therian, M|100/100
|move|p2a: Garganacl|Salt Cure|p1a: Tornadus
|-supereffective|p1a: Tornadus
|-damage|p1a: Tornadus|67/100
|-start|p1a: Tornadus|Salt Cure
|
|-heal|p2a: Garganacl|96/100|[from] item: Leftovers
|-damage|p1a: Tornadus|55/100|[from] Salt Cure
|upkeep
|turn|41
|inactive|venusauras has 30 seconds left.
|
|t:|1779969372
|move|p1a: Tornadus|Taunt|p2a: Garganacl
|-start|p2a: Garganacl|move: Taunt
|move|p2a: Garganacl|Salt Cure|p1a: Tornadus
|-supereffective|p1a: Tornadus
|-damage|p1a: Tornadus|22/100
|
|-heal|p2a: Garganacl|100/100|[from] item: Leftovers
|-damage|p1a: Tornadus|9/100|[from] Salt Cure
|upkeep
|turn|42
|inactive|venusauras has 30 seconds left.
|
|t:|1779969387
|move|p1a: Tornadus|U-turn|p2a: Garganacl
|-damage|p2a: Garganacl|98/100
|inactive|venusauras has 30 seconds left this turn.
|
|t:|1779969390
|switch|p1a: Gliscor|Gliscor, F|14/100 tox|[from] U-turn
|move|p2a: Garganacl|Salt Cure|p1a: Gliscor
|-damage|p1a: Gliscor|5/100 tox
|-start|p1a: Gliscor|Salt Cure
|
|-heal|p2a: Garganacl|100/100|[from] item: Leftovers
|-heal|p1a: Gliscor|18/100 tox|[from] ability: Poison Heal
|-damage|p1a: Gliscor|5/100 tox|[from] Salt Cure
|upkeep
|turn|43
|
|t:|1779969400
|move|p1a: Gliscor|Earthquake|p2a: Garganacl
|-supereffective|p2a: Garganacl
|-damage|p2a: Garganacl|90/100
|move|p2a: Garganacl|Salt Cure|p1a: Gliscor
|-damage|p1a: Gliscor|0 fnt
|faint|p1a: Gliscor
|
|-heal|p2a: Garganacl|96/100|[from] item: Leftovers
|-end|p2a: Garganacl|move: Taunt
|upkeep
|inactive|venusauras has 30 seconds left.
|
|t:|1779969410
|switch|p1a: Zapdos|Zapdos|49/100
|turn|44
|inactive|venusauras has 30 seconds left.
|
|t:|1779969422
|move|p1a: Zapdos|Heat Wave|p2a: Garganacl
|-resisted|p2a: Garganacl
|-damage|p2a: Garganacl|88/100
|move|p2a: Garganacl|Salt Cure|p1a: Zapdos
|-supereffective|p1a: Zapdos
|-damage|p1a: Zapdos|28/100
|-start|p1a: Zapdos|Salt Cure
|
|-heal|p2a: Garganacl|94/100|[from] item: Leftovers
|-damage|p1a: Zapdos|16/100|[from] Salt Cure
|upkeep
|turn|45
|inactive|venusauras has 30 seconds left.
|
|t:|1779969438
|move|p1a: Zapdos|Heat Wave|p2a: Garganacl
|-resisted|p2a: Garganacl
|-damage|p2a: Garganacl|85/100
|move|p2a: Garganacl|Salt Cure|p1a: Zapdos
|-supereffective|p1a: Zapdos
|-damage|p1a: Zapdos|0 fnt
|faint|p1a: Zapdos
|
|-heal|p2a: Garganacl|91/100|[from] item: Leftovers
|upkeep
|inactive|venusauras has 30 seconds left this turn.
|
|t:|1779969446
|switch|p1a: Tornadus|Tornadus-Therian, M|42/100
|turn|46
|inactive|venusauras has 30 seconds left.
|
|t:|1779969458
|move|p1a: Tornadus|Taunt|p2a: Garganacl
|-start|p2a: Garganacl|move: Taunt
|move|p2a: Garganacl|Salt Cure|p1a: Tornadus
|-supereffective|p1a: Tornadus
|-damage|p1a: Tornadus|12/100
|-start|p1a: Tornadus|Salt Cure
|
|-heal|p2a: Garganacl|97/100|[from] item: Leftovers
|-damage|p1a: Tornadus|0 fnt|[from] Salt Cure
|faint|p1a: Tornadus
|upkeep
|inactive|venusauras has 30 seconds left this turn.
|
|t:|1779969468
|switch|p1a: Dragapult|Dragapult, F|3/100
|turn|47
|c|☆A16552|do u like it？
|
|t:|1779969477
|move|p1a: Dragapult|Draco Meteor|p2a: Garganacl
|-damage|p2a: Garganacl|60/100
|-unboost|p1a: Dragapult|spa|2
|move|p2a: Garganacl|Earthquake|p1a: Dragapult
|-damage|p1a: Dragapult|0 fnt
|faint|p1a: Dragapult
|
|win|A16552
|raw|venusauras's rating: 1044 &rarr; <strong>1032</strong><br />(-12 for losing)
|raw|A16552's rating: 1133 &rarr; <strong>1152</strong><br />(+19 for winning)
