|j|☆LePaing
|j|☆talljake7
|t:|1779902964
|gametype|singles
|player|p1|LePaing|102|1146
|player|p2|talljake7|ethan|1111
|gen|9
|tier|[Gen 9] OU
|rated|
|rule|HP Percentage Mod: HP is shown in percentages
|rule|Endless Battle Clause: Forcing endless battles is banned
|rule|Species Clause: Limit one of each Pokémon
|rule|OHKO Clause: OHKO moves are banned
|rule|Evasion Items Clause: Evasion items are banned
|rule|Evasion Moves Clause: Evasion moves are banned
|rule|Evasion Abilities Clause: Evasion abilities are banned
|rule|Sleep Moves Clause: Sleep-inducing moves are banned
|clearpoke
|poke|p1|Ninetales, M|
|poke|p1|Lilligant-Hisui, F|
|poke|p1|Dragapult, M|
|poke|p1|Orthworm, F|
|poke|p1|Venusaur, F|
|poke|p1|Torkoal, M|
|poke|p2|Zoroark, M|
|poke|p2|Blastoise, F|
|poke|p2|Goodra-Hisui, F|
|poke|p2|Mimikyu, F|
|poke|p2|Kingambit, F|
|poke|p2|Hypno, F|
|teampreview
|
|t:|1779902976
|teamsize|p1|6
|teamsize|p2|6
|start
|switch|p1a: Torkoal|Torkoal, M|100/100
|switch|p2a: Hypno|Hypno, F|100/100
|-weather|SunnyDay|[from] ability: Drought|[of] p1a: Torkoal
|turn|1
|inactive|Battle timer is ON: inactive players will automatically lose when time's up. (requested by LePaing)
|
|t:|1779902987
|move|p2a: Hypno|Nasty Plot|p2a: Hypno
|-boost|p2a: Hypno|spa|2
|move|p1a: Torkoal|Stealth Rock|p2a: Hypno
|-sidestart|p2: talljake7|move: Stealth Rock
|
|-weather|SunnyDay|[upkeep]
|upkeep
|turn|2
|
|t:|1779902995
|move|p2a: Hypno|Dark Pulse|p1a: Torkoal
|-damage|p1a: Torkoal|25/100
|move|p1a: Torkoal|Flare Blitz|p2a: Hypno
|-damage|p2a: Hypno|0 fnt
|replace|p2a: Zoroark|Zoroark, M
|-end|p2a: Zoroark|Illusion
|faint|p2a: Zoroark
|-damage|p1a: Torkoal|0 fnt|[from] Recoil
|faint|p1a: Torkoal
|
|-weather|SunnyDay|[upkeep]
|upkeep
|
|t:|1779903004
|switch|p2a: Hypno|Hypno, F|100/100
|switch|p1a: Lilligant|Lilligant-Hisui, F|100/100
|-damage|p2a: Hypno|88/100|[from] Stealth Rock
|turn|3
|
|t:|1779903012
|move|p1a: Lilligant|Solar Blade||[still]
|-prepare|p1a: Lilligant|Solar Blade
|-anim|p1a: Lilligant|Solar Blade|p2a: Hypno
|-crit|p2a: Hypno
|-damage|p2a: Hypno|0 fnt
|faint|p2a: Hypno
|
|-weather|SunnyDay|[upkeep]
|upkeep
|
|t:|1779903018
|switch|p2a: Goodra|Goodra-Hisui, F|100/100
|-damage|p2a: Goodra|94/100|[from] Stealth Rock
|turn|4
|
|t:|1779903027
|move|p1a: Lilligant|Vacuum Wave|p2a: Goodra
|-supereffective|p2a: Goodra
|-damage|p2a: Goodra|77/100
|move|p2a: Goodra|Flamethrower|p1a: Lilligant
|-supereffective|p1a: Lilligant
|-damage|p1a: Lilligant|0 fnt
|faint|p1a: Lilligant
|
|-weather|SunnyDay|[upkeep]
|upkeep
|
|t:|1779903044
|switch|p1a: Ninetales|Ninetales, M|100/100
|turn|5
|
|t:|1779903050
|switch|p2a: Blastoise|Blastoise, F|100/100
|-damage|p2a: Blastoise|88/100|[from] Stealth Rock
|move|p1a: Ninetales|Will-O-Wisp|p2a: Blastoise
|-status|p2a: Blastoise|brn
|
|-weather|SunnyDay|[upkeep]
|-damage|p2a: Blastoise|82/100 brn|[from] brn
|upkeep
|turn|6
|
|t:|1779903061
|switch|p1a: Orthworm|Orthworm, F|100/100
|move|p2a: Blastoise|Shell Smash|p2a: Blastoise
|-unboost|p2a: Blastoise|def|1
|-unboost|p2a: Blastoise|spd|1
|-boost|p2a: Blastoise|atk|2
|-boost|p2a: Blastoise|spa|2
|-boost|p2a: Blastoise|spe|2
|-enditem|p2a: Blastoise|White Herb
|-clearnegativeboost|p2a: Blastoise|[silent]
|
|-weather|SunnyDay|[upkeep]
|-damage|p2a: Blastoise|76/100 brn|[from] brn
|upkeep
|turn|7
|
|t:|1779903077
|move|p2a: Blastoise|Surf|p1a: Orthworm
|-crit|p1a: Orthworm
|-damage|p1a: Orthworm|35/100
|move|p1a: Orthworm|Iron Defense|p1a: Orthworm
|-boost|p1a: Orthworm|def|2
|
|-weather|SunnyDay|[upkeep]
|-damage|p2a: Blastoise|70/100 brn|[from] brn
|upkeep
|turn|8
|
|t:|1779903087
|switch|p1a: Dragapult|Dragapult, M|100/100
|move|p2a: Blastoise|Surf|p1a: Dragapult
|-resisted|p1a: Dragapult
|-damage|p1a: Dragapult|88/100
|
|-weather|none
|-damage|p2a: Blastoise|64/100 brn|[from] brn
|upkeep
|turn|9
|
|t:|1779903095
|move|p1a: Dragapult|Shadow Ball|p2a: Blastoise
|-damage|p2a: Blastoise|28/100 brn
|-unboost|p2a: Blastoise|spd|1
|move|p2a: Blastoise|Ice Beam|p1a: Dragapult
|-supereffective|p1a: Dragapult
|-damage|p1a: Dragapult|19/100
|
|-damage|p2a: Blastoise|22/100 brn|[from] brn
|upkeep
|turn|10
|
|t:|1779903104
|move|p1a: Dragapult|Shadow Ball|p2a: Blastoise
|-damage|p2a: Blastoise|0 fnt
|faint|p2a: Blastoise
|
|upkeep
|
|t:|1779903112
|switch|p2a: Goodra|Goodra-Hisui, F|77/100
|-damage|p2a: Goodra|71/100|[from] Stealth Rock
|turn|11
|
|t:|1779903117
|switch|p1a: Ninetales|Ninetales, M|100/100
|-weather|SunnyDay|[from] ability: Drought|[of] p1a: Ninetales
|move|p2a: Goodra|Draco Meteor|p1a: Ninetales
|-damage|p1a: Ninetales|26/100
|-unboost|p2a: Goodra|spa|2
|
|-weather|SunnyDay|[upkeep]
|upkeep
|turn|12
|
|t:|1779903125
|move|p1a: Ninetales|Weather Ball|p2a: Goodra
|-damage|p2a: Goodra|24/100
|move|p2a: Goodra|Draco Meteor|p1a: Ninetales
|-damage|p1a: Ninetales|0 fnt
|-unboost|p2a: Goodra|spa|2
|faint|p1a: Ninetales
|
|-weather|SunnyDay|[upkeep]
|upkeep
|
|t:|1779903133
|switch|p1a: Venusaur|Venusaur, F|100/100
|turn|13
|
|t:|1779903153
|move|p1a: Venusaur|Weather Ball|p2a: Goodra
|-crit|p2a: Goodra
|-damage|p2a: Goodra|0 fnt
|faint|p2a: Goodra
|
|-weather|SunnyDay|[upkeep]
|upkeep
|
|t:|1779903159
|switch|p2a: Mimikyu|Mimikyu, F|100/100
|-damage|p2a: Mimikyu|88/100|[from] Stealth Rock
|turn|14
|
|t:|1779903165
|move|p1a: Venusaur|Sludge Bomb|p2a: Mimikyu
|-activate|p2a: Mimikyu|ability: Disguise
|-damage|p2a: Mimikyu|88/100
|-status|p2a: Mimikyu|psn
|detailschange|p2a: Mimikyu|Mimikyu-Busted, F
|-damage|p2a: Mimikyu|76/100 psn|[from] pokemon: Mimikyu-Busted
|move|p2a: Mimikyu|Swords Dance|p2a: Mimikyu
|-boost|p2a: Mimikyu|atk|2
|
|-weather|SunnyDay|[upkeep]
|-damage|p2a: Mimikyu|63/100 psn|[from] psn
|upkeep
|turn|15
|
|t:|1779903176
|move|p2a: Mimikyu|Shadow Sneak|p1a: Venusaur
|-damage|p1a: Venusaur|46/100
|move|p1a: Venusaur|Sludge Bomb|p2a: Mimikyu
|-damage|p2a: Mimikyu|10/100 psn
|
|-weather|SunnyDay|[upkeep]
|-damage|p2a: Mimikyu|0 fnt|[from] psn
|faint|p2a: Mimikyu
|upkeep
|
|t:|1779903183
|switch|p2a: Kingambit|Kingambit, F|100/100
|-activate|p2a: Kingambit|ability: Supreme Overlord
|-start|p2a: Kingambit|fallen5|[silent]
|turn|16
|
|t:|1779903195
|switch|p1a: Orthworm|Orthworm, F|35/100
|move|p2a: Kingambit|Kowtow Cleave|p1a: Orthworm
|-damage|p1a: Orthworm|0 fnt
|-damage|p2a: Kingambit|84/100|[from] item: Rocky Helmet|[of] p1a: Orthworm
|faint|p1a: Orthworm
|
|-weather|SunnyDay|[upkeep]
|upkeep
|
|t:|1779903207
|switch|p1a: Venusaur|Venusaur, F|46/100
|turn|17
|
|t:|1779903216
|-terastallize|p1a: Venusaur|Fire
|move|p1a: Venusaur|Weather Ball|p2a: Kingambit
|-supereffective|p2a: Kingambit
|-damage|p2a: Kingambit|0 fnt
|faint|p2a: Kingambit
|-end|p2a: Kingambit|fallen5|[silent]
|
|win|LePaing
|raw|LePaing's rating: 1146 &rarr; <strong>1168</strong><br />(+22 for winning)
|raw|talljake7's rating: 1111 &rarr; <strong>1089</strong><br />(-22 for losing)
|l|☆LePaing
|player|p1|
|l|☆talljake7
|player|p2|
