|j|☆Veiny1
|j|☆yeetoo
|t:|1779861081
|gametype|singles
|player|p1|Veiny1|169|1311
|player|p2|yeetoo|youngster|1334
|gen|9
|tier|[Gen 9] OU
|rated|
|rule|HP Percentage Mod: HP is shown in percentages
|rule|Endless Battle Clause: Forcing endless battles is banned
|rule|Species Clause: Limit one of each Pokémon
|rule|OHKO Clause: OHKO moves are banned
|rule|Evasion Items Clause: Evasion items are banned
|rule|Evasion Moves Clause: Evasion moves are banned
|rule|Evasion Abilities Clause: Evasion abilities are banned
|rule|Sleep Moves Clause: Sleep-inducing moves are banned
|clearpoke
|poke|p1|Scizor, F|
|poke|p1|Hoopa-Unbound|
|poke|p1|Torterra, M|
|poke|p1|Moltres|
|poke|p1|Great Tusk|
|poke|p1|Azumarill, F|
|poke|p2|Zapdos-Galar|
|poke|p2|Haxorus, F|
|poke|p2|Swampert, M|
|poke|p2|Electrode-Hisui|
|poke|p2|Meloetta|
|poke|p2|Entei|
|teampreview
|
|t:|1779861091
|teamsize|p1|6
|teamsize|p2|6
|start
|switch|p1a: Torterra|Torterra, M|100/100
|switch|p2a: Entei|Entei|100/100
|turn|1
|
|t:|1779861098
|move|p2a: Entei|Sacred Fire|p1a: Torterra
|-supereffective|p1a: Torterra
|-damage|p1a: Torterra|15/100
|move|p1a: Torterra|Stealth Rock|p2a: Entei
|-sidestart|p2: yeetoo|move: Stealth Rock
|
|-heal|p1a: Torterra|21/100|[from] item: Leftovers
|upkeep
|turn|2
|
|t:|1779861105
|switch|p1a: Moltres|Moltres|100/100
|move|p2a: Entei|Sacred Fire|p1a: Moltres
|-resisted|p1a: Moltres
|-damage|p1a: Moltres|79/100
|
|upkeep
|turn|3
|
|t:|1779861115
|move|p2a: Entei|Stone Edge|p1a: Moltres|[miss]
|-miss|p2a: Entei|p1a: Moltres
|move|p1a: Moltres|Flamethrower|p2a: Entei
|-resisted|p2a: Entei
|-damage|p2a: Entei|73/100
|
|upkeep
|turn|4
|
|t:|1779861121
|move|p2a: Entei|Sacred Fire|p1a: Moltres
|-resisted|p1a: Moltres
|-damage|p1a: Moltres|55/100
|move|p1a: Moltres|U-turn|p2a: Entei
|-resisted|p2a: Entei
|-crit|p2a: Entei
|-damage|p2a: Entei|62/100
|inactive|Battle timer is ON: inactive players will automatically lose when time's up. (requested by Veiny1)
|
|t:|1779861133
|switch|p1a: Azumarill|Azumarill, F|100/100|[from] U-turn
|
|upkeep
|turn|5
|
|t:|1779861138
|move|p1a: Azumarill|Aqua Jet|p2a: Entei
|-supereffective|p2a: Entei
|-damage|p2a: Entei|11/100
|move|p2a: Entei|Sacred Fire|p1a: Azumarill
|-resisted|p1a: Azumarill
|-damage|p1a: Azumarill|75/100
|
|upkeep
|turn|6
|
|t:|1779861144
|move|p1a: Azumarill|Aqua Jet|p2a: Entei
|-supereffective|p2a: Entei
|-damage|p2a: Entei|0 fnt
|faint|p2a: Entei
|
|upkeep
|
|t:|1779861152
|switch|p2a: Electrode|Electrode-Hisui|100/100
|turn|7
|
|t:|1779861161
|switch|p1a: Torterra|Torterra, M|21/100
|move|p2a: Electrode|Thunderbolt|p1a: Torterra
|-immune|p1a: Torterra
|
|-heal|p1a: Torterra|27/100|[from] item: Leftovers
|upkeep
|turn|8
|
|t:|1779861169
|move|p2a: Electrode|Energy Ball|p1a: Torterra
|-damage|p1a: Torterra|0 fnt
|faint|p1a: Torterra
|
|upkeep
|
|t:|1779861180
|switch|p1a: Hoopa|Hoopa-Unbound|100/100
|turn|9
|
|t:|1779861189
|switch|p2a: Haxorus|Haxorus, F|100/100
|-ability|p2a: Haxorus|Mold Breaker
|move|p1a: Hoopa|Gunk Shot|p2a: Haxorus
|-damage|p2a: Haxorus|36/100
|-status|p2a: Haxorus|psn
|
|-damage|p2a: Haxorus|24/100 psn|[from] psn
|upkeep
|turn|10
|
|t:|1779861199
|switch|p1a: Moltres|Moltres|55/100
|move|p2a: Haxorus|First Impression|p1a: Moltres
|-resisted|p1a: Moltres
|-damage|p1a: Moltres|46/100
|
|-damage|p2a: Haxorus|11/100 psn|[from] psn
|upkeep
|turn|11
|
|t:|1779861208
|switch|p2a: Electrode|Electrode-Hisui|100/100
|move|p1a: Moltres|U-turn|p2a: Electrode
|-supereffective|p2a: Electrode
|-damage|p2a: Electrode|47/100
|
|t:|1779861213
|switch|p1a: Scizor|Scizor, F|100/100|[from] U-turn
|
|upkeep
|turn|12
|
|t:|1779861220
|move|p1a: Scizor|Bullet Punch|p2a: Electrode
|-resisted|p2a: Electrode
|-damage|p2a: Electrode|18/100
|move|p2a: Electrode|Volt Switch|p1a: Scizor
|-damage|p1a: Scizor|66/100
|
|t:|1779861225
|switch|p2a: Haxorus|Haxorus, F|11/100 psn|[from] Volt Switch
|-ability|p2a: Haxorus|Mold Breaker
|
|-damage|p2a: Haxorus|0 fnt|[from] psn
|faint|p2a: Haxorus
|upkeep
|
|t:|1779861240
|switch|p2a: Swampert|Swampert, M|100/100
|-damage|p2a: Swampert|94/100|[from] Stealth Rock
|turn|13
|
|t:|1779861251
|move|p1a: Scizor|Bullet Punch|p2a: Swampert
|-resisted|p2a: Swampert
|-damage|p2a: Swampert|76/100
|move|p2a: Swampert|Liquidation|p1a: Scizor
|-damage|p1a: Scizor|26/100
|-unboost|p1a: Scizor|def|1
|
|upkeep
|turn|14
|
|t:|1779861258
|switch|p1a: Moltres|Moltres|46/100
|move|p2a: Swampert|Earthquake|p1a: Moltres
|-immune|p1a: Moltres
|
|upkeep
|turn|15
|
|t:|1779861268
|switch|p2a: Meloetta|Meloetta|100/100
|-damage|p2a: Meloetta|88/100|[from] Stealth Rock
|move|p1a: Moltres|Ancient Power|p2a: Meloetta
|-damage|p2a: Meloetta|76/100
|
|upkeep
|turn|16
|
|t:|1779861275
|move|p2a: Meloetta|Relic Song|p1a: Moltres
|-damage|p1a: Moltres|7/100
|-formechange|p2a: Meloetta|Meloetta-Pirouette|[msg]
|move|p1a: Moltres|U-turn|p2a: Meloetta
|-resisted|p2a: Meloetta
|-damage|p2a: Meloetta|69/100
|
|t:|1779861293
|switch|p1a: Hoopa|Hoopa-Unbound|100/100|[from] U-turn
|
|upkeep
|turn|17
|
|t:|1779861305
|move|p2a: Meloetta|Drain Punch|p1a: Hoopa
|-damage|p1a: Hoopa|42/100
|-heal|p2a: Meloetta|95/100|[from] drain|[of] p1a: Hoopa
|move|p1a: Hoopa|Drain Punch|p2a: Meloetta
|-supereffective|p2a: Meloetta
|-damage|p2a: Meloetta|28/100
|-heal|p1a: Hoopa|80/100|[from] drain|[of] p2a: Meloetta
|
|upkeep
|turn|18
|
|t:|1779861314
|switch|p1a: Moltres|Moltres|7/100
|move|p2a: Meloetta|Drain Punch|p1a: Moltres
|-resisted|p1a: Moltres
|-damage|p1a: Moltres|0 fnt
|-heal|p2a: Meloetta|32/100|[from] drain|[of] p1a: Moltres
|faint|p1a: Moltres
|
|upkeep
|
|t:|1779861317
|switch|p1a: Azumarill|Azumarill, F|75/100
|turn|19
|
|t:|1779861325
|move|p1a: Azumarill|Aqua Jet|p2a: Meloetta
|-damage|p2a: Meloetta|6/100
|move|p2a: Meloetta|Drain Punch|p1a: Azumarill
|-resisted|p1a: Azumarill
|-damage|p1a: Azumarill|60/100
|-heal|p2a: Meloetta|15/100|[from] drain|[of] p1a: Azumarill
|
|upkeep
|turn|20
|
|t:|1779861333
|move|p2a: Meloetta|Quick Attack|p1a: Azumarill
|-damage|p1a: Azumarill|43/100
|-enditem|p1a: Azumarill|Sitrus Berry|[eat]
|-heal|p1a: Azumarill|68/100|[from] item: Sitrus Berry
|move|p1a: Azumarill|Aqua Jet|p2a: Meloetta
|-damage|p2a: Meloetta|0 fnt
|faint|p2a: Meloetta
|
|upkeep
|
|t:|1779861349
|switch|p2a: Swampert|Swampert, M|76/100
|-damage|p2a: Swampert|70/100|[from] Stealth Rock
|turn|21
|
|t:|1779861355
|move|p2a: Swampert|Earthquake|p1a: Azumarill
|-damage|p1a: Azumarill|14/100
|move|p1a: Azumarill|Trailblaze|p2a: Swampert
|-supereffective|p2a: Swampert
|-damage|p2a: Swampert|0 fnt
|-boost|p1a: Azumarill|spe|1
|faint|p2a: Swampert
|
|upkeep
|
|t:|1779861362
|switch|p2a: Electrode|Electrode-Hisui|18/100
|turn|22
|
|t:|1779861367
|move|p1a: Azumarill|Aqua Jet|p2a: Electrode
|-resisted|p2a: Electrode
|-damage|p2a: Electrode|0 fnt
|-damage|p1a: Azumarill|0 fnt|[from] ability: Aftermath|[of] p2a: Electrode
|faint|p2a: Electrode
|faint|p1a: Azumarill
|
|upkeep
|
|t:|1779861375
|switch|p2a: Zapdos|Zapdos-Galar|100/100
|switch|p1a: Great Tusk|Great Tusk|100/100
|-damage|p2a: Zapdos|88/100|[from] Stealth Rock
|turn|23
|
|t:|1779861383
|-terastallize|p1a: Great Tusk|Poison
|move|p2a: Zapdos|Bulk Up|p2a: Zapdos
|-boost|p2a: Zapdos|atk|1
|-boost|p2a: Zapdos|def|1
|move|p1a: Great Tusk|Rapid Spin|p2a: Zapdos
|-damage|p2a: Zapdos|76/100
|-boost|p1a: Great Tusk|spe|1
|
|upkeep
|turn|24
|
|t:|1779861391
|move|p1a: Great Tusk|Bulk Up|p1a: Great Tusk
|-boost|p1a: Great Tusk|atk|1
|-boost|p1a: Great Tusk|def|1
|move|p2a: Zapdos|Drill Peck|p1a: Great Tusk
|-damage|p1a: Great Tusk|74/100
|
|-heal|p1a: Great Tusk|80/100|[from] item: Leftovers
|upkeep
|turn|25
|c|☆yeetoo|ggs
|-message|yeetoo forfeited.
|
|win|Veiny1
|raw|Veiny1's rating: 1311 &rarr; <strong>1332</strong><br />(+21 for winning)
|raw|yeetoo's rating: 1334 &rarr; <strong>1313</strong><br />(-21 for losing)
|l|☆yeetoo
|player|p2|
|l|☆Veiny1
|player|p1|
