|j|☆Thederpa1
|j|☆RedemptiveSketch
|t:|1779969626
|gametype|singles
|player|p1|Thederpa1|swimmer-gen4dp|1669
|player|p2|RedemptiveSketch|boarder-gen2|1752
|gen|9
|tier|[Gen 9] OU
|rated|
|rule|HP Percentage Mod: HP is shown in percentages
|rule|Endless Battle Clause: Forcing endless battles is banned
|rule|Species Clause: Limit one of each Pokémon
|rule|OHKO Clause: OHKO moves are banned
|rule|Evasion Items Clause: Evasion items are banned
|rule|Evasion Moves Clause: Evasion moves are banned
|rule|Evasion Abilities Clause: Evasion abilities are banned
|rule|Sleep Moves Clause: Sleep-inducing moves are banned
|clearpoke
|poke|p1|Iron Treads|
|poke|p1|Conkeldurr, M|
|poke|p1|Alomomola, M|
|poke|p1|Slowking-Galar, M|
|poke|p1|Darkrai|
|poke|p1|Kyurem|
|poke|p2|Shiftry, F|
|poke|p2|Ninetales, F|
|poke|p2|Great Tusk|
|poke|p2|Hatterene, F|
|poke|p2|Walking Wake|
|poke|p2|Rillaboom, M|
|teampreview
|inactive|Battle timer is ON: inactive players will automatically lose when time's up. (requested by RedemptiveSketch)
|
|t:|1779969646
|teamsize|p1|6
|teamsize|p2|6
|start
|switch|p1a: Darkrai|Darkrai|100/100
|switch|p2a: Shiftry|Shiftry, F|100/100
|turn|1
|
|t:|1779969652
|switch|p2a: Hatterene|Hatterene, F|100/100
|-terastallize|p1a: Darkrai|Poison
|move|p1a: Darkrai|Sludge Bomb|p2a: Hatterene
|-supereffective|p2a: Hatterene
|-crit|p2a: Hatterene
|-damage|p2a: Hatterene|0 fnt
|faint|p2a: Hatterene
|
|upkeep
|
|t:|1779969663
|switch|p2a: Ninetales|Ninetales, F|100/100
|-weather|SunnyDay|[from] ability: Drought|[of] p2a: Ninetales
|turn|2
|
|t:|1779969666
|switch|p2a: Great Tusk|Great Tusk|100/100
|-activate|p2a: Great Tusk|ability: Protosynthesis
|-start|p2a: Great Tusk|protosynthesisspe
|move|p1a: Darkrai|Sludge Bomb|p2a: Great Tusk
|-resisted|p2a: Great Tusk
|-damage|p2a: Great Tusk|56/100
|
|-weather|SunnyDay|[upkeep]
|upkeep
|turn|3
|
|t:|1779969678
|switch|p1a: Alomomola|Alomomola, M|100/100
|move|p2a: Great Tusk|Stealth Rock|p1a: Alomomola
|-sidestart|p1: Thederpa1|move: Stealth Rock
|
|-weather|SunnyDay|[upkeep]
|upkeep
|turn|4
|
|t:|1779969686
|-end|p2a: Great Tusk|Protosynthesis|[silent]
|switch|p2a: Walking Wake|Walking Wake|100/100
|-activate|p2a: Walking Wake|ability: Protosynthesis
|-start|p2a: Walking Wake|protosynthesisspa
|move|p1a: Alomomola|Flip Turn|p2a: Walking Wake
|-resisted|p2a: Walking Wake
|-damage|p2a: Walking Wake|98/100
|
|t:|1779969690
|switch|p1a: Slowking|Slowking-Galar, M|100/100|[from] Flip Turn
|
|-weather|SunnyDay|[upkeep]
|upkeep
|turn|5
|
|t:|1779969695
|-terastallize|p2a: Walking Wake|Water
|move|p2a: Walking Wake|Hydro Steam|p1a: Slowking
|-damage|p1a: Slowking|0 fnt
|faint|p1a: Slowking
|
|-weather|SunnyDay|[upkeep]
|upkeep
|
|t:|1779969703
|switch|p1a: Kyurem|Kyurem|100/100
|-ability|p1a: Kyurem|Pressure
|turn|6
|
|t:|1779969726
|move|p2a: Walking Wake|Hydro Steam|p1a: Kyurem
|-resisted|p1a: Kyurem
|-damage|p1a: Kyurem|34/100
|move|p1a: Kyurem|Freeze-Dry|p2a: Walking Wake
|-supereffective|p2a: Walking Wake
|-damage|p2a: Walking Wake|26/100
|
|-weather|SunnyDay|[upkeep]
|upkeep
|turn|7
|
|t:|1779969739
|switch|p1a: Alomomola|Alomomola, M|100/100
|-damage|p1a: Alomomola|88/100|[from] Stealth Rock
|move|p2a: Walking Wake|Hydro Steam|p1a: Alomomola
|-resisted|p1a: Alomomola
|-damage|p1a: Alomomola|0 fnt
|faint|p1a: Alomomola
|
|-weather|SunnyDay|[upkeep]
|upkeep
|
|t:|1779969741
|switch|p1a: Iron Treads|Iron Treads|100/100
|-damage|p1a: Iron Treads|97/100|[from] Stealth Rock
|-enditem|p1a: Iron Treads|Booster Energy
|-activate|p1a: Iron Treads|ability: Quark Drive|[fromitem]
|-start|p1a: Iron Treads|quarkdrivespe
|turn|8
|
|t:|1779969757
|-end|p2a: Walking Wake|Protosynthesis|[silent]
|switch|p2a: Rillaboom|Rillaboom, M|100/100
|-fieldstart|move: Grassy Terrain|[from] ability: Grassy Surge|[of] p2a: Rillaboom
|move|p1a: Iron Treads|Earthquake|p2a: Rillaboom
|-resisted|p2a: Rillaboom
|-damage|p2a: Rillaboom|90/100
|
|-weather|SunnyDay|[upkeep]
|-heal|p1a: Iron Treads|100/100|[from] Grassy Terrain
|-heal|p2a: Rillaboom|96/100|[from] Grassy Terrain
|upkeep
|turn|9
|
|t:|1779969767
|move|p1a: Iron Treads|Stealth Rock|p2a: Rillaboom
|-sidestart|p2: RedemptiveSketch|move: Stealth Rock
|move|p2a: Rillaboom|Wood Hammer|p1a: Iron Treads
|-damage|p1a: Iron Treads|0 fnt
|faint|p1a: Iron Treads
|-end|p1a: Iron Treads|Quark Drive|[silent]
|-damage|p2a: Rillaboom|59/100|[from] Recoil
|
|-weather|none
|-heal|p2a: Rillaboom|65/100|[from] Grassy Terrain
|upkeep
|
|t:|1779969771
|switch|p1a: Darkrai|Darkrai, tera:Poison|100/100
|-damage|p1a: Darkrai|88/100|[from] Stealth Rock
|turn|10
|
|t:|1779969797
|move|p1a: Darkrai|Ice Beam|p2a: Rillaboom
|-supereffective|p2a: Rillaboom
|-damage|p2a: Rillaboom|0 fnt
|faint|p2a: Rillaboom
|
|-heal|p1a: Darkrai|94/100|[from] Grassy Terrain
|upkeep
|
|t:|1779969801
|switch|p2a: Ninetales|Ninetales, F|100/100
|-damage|p2a: Ninetales|76/100|[from] Stealth Rock
|-weather|SunnyDay|[from] ability: Drought|[of] p2a: Ninetales
|turn|11
|
|t:|1779969809
|move|p1a: Darkrai|Ice Beam|p2a: Ninetales
|-resisted|p2a: Ninetales
|-damage|p2a: Ninetales|54/100
|move|p2a: Ninetales|Overheat|p1a: Darkrai
|-damage|p1a: Darkrai|15/100
|-unboost|p2a: Ninetales|spa|2
|
|-weather|SunnyDay|[upkeep]
|-heal|p1a: Darkrai|21/100|[from] Grassy Terrain
|-heal|p2a: Ninetales|60/100|[from] Grassy Terrain
|upkeep
|turn|12
|
|t:|1779969817
|switch|p1a: Kyurem|Kyurem|34/100
|-ability|p1a: Kyurem|Pressure
|move|p2a: Ninetales|Overheat|p1a: Kyurem|[miss]
|-miss|p2a: Ninetales|p1a: Kyurem
|
|-weather|SunnyDay|[upkeep]
|-heal|p2a: Ninetales|66/100|[from] Grassy Terrain
|-heal|p1a: Kyurem|40/100|[from] Grassy Terrain
|-fieldend|move: Grassy Terrain
|upkeep
|turn|13
|
|t:|1779969825
|move|p2a: Ninetales|Healing Wish|p2a: Ninetales
|faint|p2a: Ninetales
|move|p1a: Kyurem|Earth Power|p2: Ninetales|[notarget]
|-fail|p1a: Kyurem
|
|-weather|SunnyDay|[upkeep]
|upkeep
|
|t:|1779969828
|switch|p2a: Shiftry|Shiftry, F|100/100
|-damage|p2a: Shiftry|88/100|[from] Stealth Rock
|turn|14
|
|t:|1779969838
|move|p2a: Shiftry|Weather Ball|p1a: Kyurem
|-damage|p1a: Kyurem|0 fnt
|faint|p1a: Kyurem
|-damage|p2a: Shiftry|78/100|[from] item: Life Orb
|
|-weather|SunnyDay|[upkeep]
|upkeep
|
|t:|1779969840
|switch|p1a: Conkeldurr|Conkeldurr, M|100/100
|-damage|p1a: Conkeldurr|94/100|[from] Stealth Rock
|turn|15
|
|t:|1779969846
|switch|p2a: Great Tusk|Great Tusk|56/100
|-heal|p2a: Great Tusk|100/100|[from] move: Healing Wish
|-damage|p2a: Great Tusk|98/100|[from] Stealth Rock
|-activate|p2a: Great Tusk|ability: Protosynthesis
|-start|p2a: Great Tusk|protosynthesisspe
|move|p1a: Conkeldurr|Mach Punch|p2a: Great Tusk
|-damage|p2a: Great Tusk|83/100
|-damage|p1a: Conkeldurr|78/100|[from] item: Rocky Helmet|[of] p2a: Great Tusk
|
|-weather|SunnyDay|[upkeep]
|-status|p1a: Conkeldurr|brn|[from] item: Flame Orb
|upkeep
|turn|16
|
|t:|1779969861
|move|p2a: Great Tusk|Headlong Rush|p1a: Conkeldurr
|-damage|p1a: Conkeldurr|34/100 brn
|-unboost|p2a: Great Tusk|def|1
|-unboost|p2a: Great Tusk|spd|1
|move|p1a: Conkeldurr|Facade|p2a: Great Tusk
|-damage|p2a: Great Tusk|10/100
|-damage|p1a: Conkeldurr|18/100 brn|[from] item: Rocky Helmet|[of] p2a: Great Tusk
|
|-weather|SunnyDay|[upkeep]
|-damage|p1a: Conkeldurr|12/100 brn|[from] brn
|upkeep
|turn|17
|inactive|Thederpa1 has 120 seconds left.
|
|t:|1779969894
|move|p1a: Conkeldurr|Mach Punch|p2a: Great Tusk
|-damage|p2a: Great Tusk|0 fnt
|-damage|p1a: Conkeldurr|0 fnt|[from] item: Rocky Helmet|[of] p2a: Great Tusk
|faint|p2a: Great Tusk
|-end|p2a: Great Tusk|Protosynthesis|[silent]
|faint|p1a: Conkeldurr
|
|-weather|SunnyDay|[upkeep]
|upkeep
|
|t:|1779969903
|switch|p2a: Shiftry|Shiftry, F|78/100
|switch|p1a: Darkrai|Darkrai, tera:Poison|21/100
|-damage|p2a: Shiftry|66/100|[from] Stealth Rock
|-damage|p1a: Darkrai|8/100|[from] Stealth Rock
|turn|18
|
|t:|1779969909
|move|p2a: Shiftry|Weather Ball|p1a: Darkrai
|-damage|p1a: Darkrai|0 fnt
|faint|p1a: Darkrai
|-damage|p2a: Shiftry|56/100|[from] item: Life Orb
|
|win|RedemptiveSketch
|raw|Thederpa1's rating: 1669 &rarr; <strong>1654</strong><br />(-15 for losing)
|raw|RedemptiveSketch's rating: 1752 &rarr; <strong>1767</strong><br />(+15 for winning)
|l|☆RedemptiveSketch
|player|p2|
|l|☆Thederpa1
|player|p1|
