|j|☆senpako
|j|☆Goolagola
|t:|1779876381
|gametype|singles
|player|p1|senpako|koga|1384
|player|p2|Goolagola|colress|1332
|gen|9
|tier|[Gen 9] OU
|rated|
|rule|HP Percentage Mod: HP is shown in percentages
|rule|Endless Battle Clause: Forcing endless battles is banned
|rule|Species Clause: Limit one of each Pokémon
|rule|OHKO Clause: OHKO moves are banned
|rule|Evasion Items Clause: Evasion items are banned
|rule|Evasion Moves Clause: Evasion moves are banned
|rule|Evasion Abilities Clause: Evasion abilities are banned
|rule|Sleep Moves Clause: Sleep-inducing moves are banned
|clearpoke
|poke|p1|Ceruledge, M|
|poke|p1|Garchomp, M|
|poke|p1|Moltres-Galar|
|poke|p1|Iron Valiant|
|poke|p1|Walking Wake|
|poke|p1|Gholdengo|
|poke|p2|Delphox, M|
|poke|p2|Indeedee, M|
|poke|p2|Araquanid, M|
|poke|p2|Torkoal, M|
|poke|p2|Lilligant-Hisui, F|
|poke|p2|Rotom-Wash|
|teampreview
|inactive|Battle timer is ON: inactive players will automatically lose when time's up. (requested by Goolagola)
|
|t:|1779876407
|teamsize|p1|6
|teamsize|p2|6
|start
|switch|p1a: Walking Wake|Walking Wake|100/100
|switch|p2a: Araquanid|Araquanid, M|100/100
|-enditem|p1a: Walking Wake|Booster Energy
|-activate|p1a: Walking Wake|ability: Protosynthesis|[fromitem]
|-start|p1a: Walking Wake|protosynthesisspa
|turn|1
|
|t:|1779876419
|-end|p1a: Walking Wake|Protosynthesis|[silent]
|switch|p1a: Moltres|Moltres-Galar, shiny|100/100
|move|p2a: Araquanid|Mirror Coat||[still]
|-fail|p2a: Araquanid
|
|upkeep
|turn|2
|
|t:|1779876422
|move|p1a: Moltres|Agility|p1a: Moltres
|-boost|p1a: Moltres|spe|2
|move|p2a: Araquanid|Sticky Web|p1a: Moltres
|-sidestart|p1: senpako|move: Sticky Web
|
|upkeep
|turn|3
|
|t:|1779876426
|move|p1a: Moltres|Nasty Plot|p1a: Moltres
|-boost|p1a: Moltres|spa|2
|move|p2a: Araquanid|Liquidation|p1a: Moltres
|-damage|p1a: Moltres|19/100
|-unboost|p1a: Moltres|def|1
|-ability|p1a: Moltres|Berserk|boost
|-boost|p1a: Moltres|spa|1
|-enditem|p1a: Moltres|Sitrus Berry|[eat]
|-heal|p1a: Moltres|44/100|[from] item: Sitrus Berry
|
|upkeep
|turn|4
|
|t:|1779876451
|switch|p2a: Torkoal|Torkoal, M|100/100
|-weather|SunnyDay|[from] ability: Drought|[of] p2a: Torkoal
|move|p1a: Moltres|Air Slash|p2a: Torkoal
|-damage|p2a: Torkoal|37/100
|
|-weather|SunnyDay|[upkeep]
|upkeep
|turn|5
|
|t:|1779876456
|move|p1a: Moltres|Fiery Wrath|p2a: Torkoal
|-damage|p2a: Torkoal|0 fnt
|faint|p2a: Torkoal
|
|-weather|SunnyDay|[upkeep]
|upkeep
|
|t:|1779876466
|switch|p2a: Rotom|Rotom-Wash|100/100
|turn|6
|
|t:|1779876468
|move|p1a: Moltres|Fiery Wrath|p2a: Rotom
|-damage|p2a: Rotom|12/100
|move|p2a: Rotom|Volt Switch|p1a: Moltres
|-supereffective|p1a: Moltres
|-damage|p1a: Moltres|0 fnt
|faint|p1a: Moltres
|
|t:|1779876478
|switch|p2a: Indeedee|Indeedee, M|100/100|[from] Volt Switch
|-fieldstart|move: Psychic Terrain|[from] ability: Psychic Surge|[of] p2a: Indeedee
|
|-weather|SunnyDay|[upkeep]
|upkeep
|
|t:|1779876499
|switch|p1a: Ceruledge|Ceruledge, M|100/100
|-activate|p1a: Ceruledge|move: Sticky Web
|-unboost|p1a: Ceruledge|spe|1
|turn|7
|
|t:|1779876507
|move|p2a: Indeedee|Expanding Force|p1a: Ceruledge
|-damage|p1a: Ceruledge|30/100
|move|p1a: Ceruledge|Bitter Blade|p2a: Indeedee
|-damage|p2a: Indeedee|24/100
|-heal|p1a: Ceruledge|72/100|[from] drain|[of] p2a: Indeedee
|
|-weather|SunnyDay|[upkeep]
|upkeep
|turn|8
|
|t:|1779876519
|move|p2a: Indeedee|Healing Wish|p2a: Indeedee
|faint|p2a: Indeedee
|move|p1a: Ceruledge|Bitter Blade|p2: Indeedee|[notarget]
|-fail|p1a: Ceruledge
|
|-weather|none
|upkeep
|
|t:|1779876524
|switch|p2a: Rotom|Rotom-Wash|12/100
|-heal|p2a: Rotom|100/100|[from] move: Healing Wish
|turn|9
|
|t:|1779876536
|move|p2a: Rotom|Volt Switch|p1a: Ceruledge
|-damage|p1a: Ceruledge|43/100
|
|t:|1779876541
|switch|p2a: Araquanid|Araquanid, M|100/100|[from] Volt Switch
|move|p1a: Ceruledge|Destiny Bond|p1a: Ceruledge
|-singlemove|p1a: Ceruledge|Destiny Bond
|
|upkeep
|turn|10
|
|t:|1779876546
|move|p1a: Ceruledge|Bitter Blade|p2a: Araquanid
|-damage|p2a: Araquanid|72/100
|-heal|p1a: Ceruledge|60/100|[from] drain|[of] p2a: Araquanid
|move|p2a: Araquanid|Infestation|p1a: Ceruledge
|-resisted|p1a: Ceruledge
|-damage|p1a: Ceruledge|59/100
|-activate|p1a: Ceruledge|move: Infestation|[of] p2a: Araquanid
|
|-damage|p1a: Ceruledge|46/100|[from] move: Infestation|[partiallytrapped]
|upkeep
|turn|11
|
|t:|1779876552
|move|p1a: Ceruledge|Destiny Bond|p1a: Ceruledge
|-singlemove|p1a: Ceruledge|Destiny Bond
|move|p2a: Araquanid|Liquidation|p1a: Ceruledge
|-supereffective|p1a: Ceruledge
|-damage|p1a: Ceruledge|0 fnt
|faint|p1a: Ceruledge
|-activate|p1a: Ceruledge|move: Destiny Bond
|faint|p2a: Araquanid
|
|upkeep
|
|t:|1779876563
|switch|p1a: Gholdengo|Gholdengo|100/100
|switch|p2a: Delphox|Delphox, M, shiny|100/100
|-activate|p1a: Gholdengo|move: Sticky Web
|-unboost|p1a: Gholdengo|spe|1
|turn|12
|
|t:|1779876566
|move|p2a: Delphox|Nasty Plot|p2a: Delphox
|-boost|p2a: Delphox|spa|2
|move|p1a: Gholdengo|Trick|p2a: Delphox
|-activate|p1a: Gholdengo|move: Trick|[of] p2a: Delphox
|-item|p2a: Delphox|Choice Scarf|[from] move: Trick
|-item|p1a: Gholdengo|Life Orb|[from] move: Trick
|
|upkeep
|turn|13
|
|t:|1779876573
|switch|p2a: Rotom|Rotom-Wash|100/100
|move|p1a: Gholdengo|Shadow Ball|p2a: Rotom
|-damage|p2a: Rotom|53/100
|-damage|p1a: Gholdengo|91/100|[from] item: Life Orb
|
|-heal|p2a: Rotom|59/100|[from] item: Leftovers
|-fieldend|move: Psychic Terrain
|upkeep
|turn|14
|
|t:|1779876577
|move|p2a: Rotom|Hydro Pump|p1a: Gholdengo
|-damage|p1a: Gholdengo|41/100
|move|p1a: Gholdengo|Shadow Ball|p2a: Rotom
|-damage|p2a: Rotom|13/100
|-damage|p1a: Gholdengo|32/100|[from] item: Life Orb
|
|-heal|p2a: Rotom|19/100|[from] item: Leftovers
|upkeep
|turn|15
|
|t:|1779876583
|move|p2a: Rotom|Hydro Pump|p1a: Gholdengo
|-damage|p1a: Gholdengo|0 fnt
|faint|p1a: Gholdengo
|
|-heal|p2a: Rotom|25/100|[from] item: Leftovers
|upkeep
|
|t:|1779876610
|switch|p1a: Walking Wake|Walking Wake|100/100
|-activate|p1a: Walking Wake|move: Sticky Web
|-unboost|p1a: Walking Wake|spe|1
|turn|16
|
|t:|1779876619
|move|p2a: Rotom|Thunder Wave|p1a: Walking Wake
|-status|p1a: Walking Wake|par
|cant|p1a: Walking Wake|par
|
|-heal|p2a: Rotom|31/100|[from] item: Leftovers
|upkeep
|turn|17
|
|t:|1779876623
|move|p2a: Rotom|Pain Split|p1a: Walking Wake
|-sethp|p1a: Walking Wake|64/100 par|[from] move: Pain Split|[silent]
|-sethp|p2a: Rotom|72/100|[from] move: Pain Split
|move|p1a: Walking Wake|Draco Meteor|p2a: Rotom
|-damage|p2a: Rotom|18/100
|-unboost|p1a: Walking Wake|spa|2
|
|-heal|p2a: Rotom|24/100|[from] item: Leftovers
|upkeep
|turn|18
|
|t:|1779876634
|move|p2a: Rotom|Pain Split|p1a: Walking Wake
|-sethp|p1a: Walking Wake|43/100 par|[from] move: Pain Split|[silent]
|-sethp|p2a: Rotom|48/100|[from] move: Pain Split
|move|p1a: Walking Wake|Surf|p2a: Rotom
|-resisted|p2a: Rotom
|-damage|p2a: Rotom|37/100
|
|-heal|p2a: Rotom|44/100|[from] item: Leftovers
|upkeep
|turn|19
|
|t:|1779876643
|move|p2a: Rotom|Volt Switch|p1a: Walking Wake
|-damage|p1a: Walking Wake|14/100 par
|
|t:|1779876644
|switch|p2a: Lilligant|Lilligant-Hisui, F|100/100|[from] Volt Switch
|move|p1a: Walking Wake|Surf|p2a: Lilligant
|-resisted|p2a: Lilligant
|-damage|p2a: Lilligant|82/100
|
|upkeep
|turn|20
|
|t:|1779876662
|move|p2a: Lilligant|Triple Axel|p1a: Walking Wake
|-damage|p1a: Walking Wake|6/100 par
|-damage|p1a: Walking Wake|0 fnt
|faint|p1a: Walking Wake
|-end|p1a: Walking Wake|Protosynthesis|[silent]
|-hitcount|p1: Walking Wake|2
|
|upkeep
|
|t:|1779876671
|switch|p1a: Garchomp|Garchomp, M|100/100
|-activate|p1a: Garchomp|move: Sticky Web
|-unboost|p1a: Garchomp|spe|1
|turn|21
|
|t:|1779876675
|switch|p2a: Rotom|Rotom-Wash|44/100
|-terastallize|p1a: Garchomp|Poison
|move|p1a: Garchomp|Scale Shot|p2a: Rotom
|-damage|p2a: Rotom|28/100
|-damage|p2a: Rotom|14/100
|-hitcount|p2a: Rotom|2
|-unboost|p1a: Garchomp|def|1
|-boost|p1a: Garchomp|spe|1
|
|-heal|p2a: Rotom|20/100|[from] item: Leftovers
|upkeep
|turn|22
|
|t:|1779876686
|-terastallize|p2a: Rotom|Steel
|move|p1a: Garchomp|Scale Shot|p2a: Rotom
|-resisted|p2a: Rotom
|-damage|p2a: Rotom|12/100
|-resisted|p2a: Rotom
|-damage|p2a: Rotom|4/100
|-resisted|p2a: Rotom
|-damage|p2a: Rotom|0 fnt
|faint|p2a: Rotom
|-hitcount|p2: Rotom|3
|-unboost|p1a: Garchomp|def|1
|-boost|p1a: Garchomp|spe|1
|
|upkeep
|
|t:|1779876692
|switch|p2a: Delphox|Delphox, M, shiny|100/100
|turn|23
|
|t:|1779876695
|move|p2a: Delphox|Expanding Force|p1a: Garchomp
|-supereffective|p1a: Garchomp
|-damage|p1a: Garchomp|18/100
|move|p1a: Garchomp|Earthquake|p2a: Delphox
|-supereffective|p2a: Delphox
|-damage|p2a: Delphox|0 fnt
|faint|p2a: Delphox
|
|upkeep
|
|t:|1779876700
|switch|p2a: Lilligant|Lilligant-Hisui, F|82/100
|turn|24
|
|t:|1779876702
|move|p1a: Garchomp|Poison Jab|p2a: Lilligant
|-supereffective|p2a: Lilligant
|-damage|p2a: Lilligant|0 fnt
|faint|p2a: Lilligant
|
|win|senpako
|raw|senpako's rating: 1384 &rarr; <strong>1401</strong><br />(+17 for winning)
|raw|Goolagola's rating: 1332 &rarr; <strong>1315</strong><br />(-17 for losing)
|l|☆senpako
|player|p1|
|c|☆Goolagola|gg
|l|☆Goolagola
|player|p2|
