|j|☆Benro137
|j|☆Nickthenickthenick
|t:|1779823258
|gametype|singles
|player|p1|Benro137|scientist-gen4dp|1407
|player|p2|Nickthenickthenick|2|1405
|gen|9
|tier|[Gen 9] OU
|rated|
|rule|HP Percentage Mod: HP is shown in percentages
|rule|Endless Battle Clause: Forcing endless battles is banned
|rule|Species Clause: Limit one of each Pokémon
|rule|OHKO Clause: OHKO moves are banned
|rule|Evasion Items Clause: Evasion items are banned
|rule|Evasion Moves Clause: Evasion moves are banned
|rule|Evasion Abilities Clause: Evasion abilities are banned
|rule|Sleep Moves Clause: Sleep-inducing moves are banned
|clearpoke
|poke|p1|Iron Moth|
|poke|p1|Torkoal, F|
|poke|p1|Walking Wake|
|poke|p1|Hatterene, F|
|poke|p1|Great Tusk|
|poke|p1|Slither Wing|
|poke|p2|Raikou|
|poke|p2|Entei|
|poke|p2|Suicune|
|poke|p2|Tyranitar, M|
|poke|p2|Porygon2|
|poke|p2|Hatterene, F|
|teampreview
|
|t:|1779823270
|teamsize|p1|6
|teamsize|p2|6
|start
|switch|p1a: Torkoal|Torkoal, F|100/100
|switch|p2a: Tyranitar|Tyranitar, M|100/100
|-weather|Sandstorm|[from] ability: Sand Stream|[of] p2a: Tyranitar
|-weather|SunnyDay|[from] ability: Drought|[of] p1a: Torkoal
|turn|1
|
|t:|1779823288
|switch|p2a: Hatterene|Hatterene, F|100/100
|switch|p1a: Great Tusk|Great Tusk|100/100
|-activate|p1a: Great Tusk|ability: Protosynthesis
|-start|p1a: Great Tusk|protosynthesisspe
|
|-weather|SunnyDay|[upkeep]
|upkeep
|turn|2
|inactive|Battle timer is ON: inactive players will automatically lose when time's up. (requested by Nickthenickthenick)
|
|t:|1779823318
|-end|p1a: Great Tusk|Protosynthesis|[silent]
|switch|p1a: Torkoal|Torkoal, F|100/100
|move|p2a: Hatterene|Draining Kiss|p1a: Torkoal
|-resisted|p1a: Torkoal
|-damage|p1a: Torkoal|91/100
|
|-weather|SunnyDay|[upkeep]
|upkeep
|turn|3
|
|t:|1779823327
|switch|p2a: Tyranitar|Tyranitar, M|100/100
|-weather|Sandstorm|[from] ability: Sand Stream|[of] p2a: Tyranitar
|move|p1a: Torkoal|Overheat|p2a: Tyranitar
|-resisted|p2a: Tyranitar
|-damage|p2a: Tyranitar|92/100
|-unboost|p1a: Torkoal|spa|2
|
|-weather|Sandstorm|[upkeep]
|-damage|p1a: Torkoal|85/100|[from] Sandstorm
|-heal|p2a: Tyranitar|99/100|[from] item: Leftovers
|upkeep
|turn|4
|
|t:|1779823351
|switch|p1a: Great Tusk|Great Tusk|100/100
|move|p2a: Tyranitar|Knock Off|p1a: Great Tusk
|-resisted|p1a: Great Tusk
|-damage|p1a: Great Tusk|87/100
|-damage|p2a: Tyranitar|82/100|[from] item: Rocky Helmet|[of] p1a: Great Tusk
|-enditem|p1a: Great Tusk|Rocky Helmet|[from] move: Knock Off|[of] p2a: Tyranitar
|
|-weather|Sandstorm|[upkeep]
|-heal|p2a: Tyranitar|88/100|[from] item: Leftovers
|upkeep
|turn|5
|
|t:|1779823363
|switch|p2a: Hatterene|Hatterene, F|100/100
|move|p1a: Great Tusk|Headlong Rush|p2a: Hatterene
|-damage|p2a: Hatterene|60/100
|-unboost|p1a: Great Tusk|def|1
|-unboost|p1a: Great Tusk|spd|1
|
|-weather|Sandstorm|[upkeep]
|-damage|p2a: Hatterene|54/100|[from] Sandstorm
|-heal|p2a: Hatterene|60/100|[from] item: Leftovers
|upkeep
|turn|6
|
|t:|1779823374
|-end|p1a: Great Tusk|Protosynthesis|[silent]
|switch|p1a: Torkoal|Torkoal, F|85/100
|-weather|SunnyDay|[from] ability: Drought|[of] p1a: Torkoal
|move|p2a: Hatterene|Pain Split|p1a: Torkoal
|-sethp|p1a: Torkoal|70/100|[from] move: Pain Split|[silent]
|-sethp|p2a: Hatterene|76/100|[from] move: Pain Split
|
|-weather|SunnyDay|[upkeep]
|-heal|p2a: Hatterene|82/100|[from] item: Leftovers
|upkeep
|turn|7
|
|t:|1779823387
|move|p2a: Hatterene|Nuzzle|p1a: Torkoal
|-damage|p1a: Torkoal|67/100
|-status|p1a: Torkoal|par
|move|p1a: Torkoal|Stealth Rock|p2a: Hatterene
|move|p2a: Hatterene|Stealth Rock|p1a: Torkoal|[from] ability: Magic Bounce
|-sidestart|p1: Benro137|move: Stealth Rock
|
|-weather|SunnyDay|[upkeep]
|-heal|p2a: Hatterene|88/100|[from] item: Leftovers
|upkeep
|turn|8
|
|t:|1779823394
|switch|p2a: Tyranitar|Tyranitar, M|88/100
|-weather|Sandstorm|[from] ability: Sand Stream|[of] p2a: Tyranitar
|cant|p1a: Torkoal|par
|
|-weather|Sandstorm|[upkeep]
|-damage|p1a: Torkoal|61/100 par|[from] Sandstorm
|-heal|p2a: Tyranitar|94/100|[from] item: Leftovers
|upkeep
|turn|9
|
|t:|1779823402
|switch|p2a: Hatterene|Hatterene, F|88/100
|move|p1a: Torkoal|Rapid Spin|p2a: Hatterene
|-damage|p2a: Hatterene|79/100
|-boost|p1a: Torkoal|spe|1
|-sideend|p1: Benro137|Stealth Rock|[from] move: Rapid Spin|[of] p1a: Torkoal
|
|-weather|Sandstorm|[upkeep]
|-damage|p2a: Hatterene|73/100|[from] Sandstorm
|-damage|p1a: Torkoal|54/100 par|[from] Sandstorm
|-heal|p2a: Hatterene|79/100|[from] item: Leftovers
|upkeep
|turn|10
|
|t:|1779823413
|switch|p1a: Not fluffy moth :(|Iron Moth|100/100
|move|p2a: Hatterene|Psychic Noise|p1a: Not fluffy moth :(
|-supereffective|p1a: Not fluffy moth :(
|-damage|p1a: Not fluffy moth :(|27/100
|-start|p1a: Not fluffy moth :(|move: Heal Block
|
|-weather|Sandstorm|[upkeep]
|-damage|p1a: Not fluffy moth :(|21/100|[from] Sandstorm
|-damage|p2a: Hatterene|73/100|[from] Sandstorm
|-heal|p2a: Hatterene|79/100|[from] item: Leftovers
|upkeep
|turn|11
|
|t:|1779823425
|switch|p2a: Tyranitar|Tyranitar, M|94/100
|move|p1a: Not fluffy moth :(|Sludge Wave|p2a: Tyranitar
|-resisted|p2a: Tyranitar
|-damage|p2a: Tyranitar|77/100
|-status|p2a: Tyranitar|psn
|
|-weather|Sandstorm|[upkeep]
|-damage|p1a: Not fluffy moth :(|15/100|[from] Sandstorm
|-heal|p2a: Tyranitar|84/100 psn|[from] item: Leftovers
|-damage|p2a: Tyranitar|71/100 psn|[from] psn
|-end|p1a: Not fluffy moth :(|move: Heal Block
|upkeep
|turn|12
|
|t:|1779823445
|-end|p1a: Not fluffy moth :(|Quark Drive|[silent]
|switch|p1a: Fluffy moth :)|Slither Wing|100/100
|move|p2a: Tyranitar|Stealth Rock|p1a: Fluffy moth :)
|-sidestart|p1: Benro137|move: Stealth Rock
|
|-weather|none
|-heal|p2a: Tyranitar|77/100 psn|[from] item: Leftovers
|-damage|p2a: Tyranitar|65/100 psn|[from] psn
|upkeep
|turn|13
|
|t:|1779823457
|switch|p2a: Entei|Entei|100/100
|-ability|p2a: Entei|Pressure
|move|p1a: Fluffy moth :)|First Impression|p2a: Entei
|-resisted|p2a: Entei
|-damage|p2a: Entei|85/100
|
|upkeep
|turn|14
|
|t:|1779823472
|-end|p1a: Fluffy moth :)|Protosynthesis|[silent]
|switch|p1a: Torkoal|Torkoal, F|54/100 par
|-damage|p1a: Torkoal|30/100 par|[from] Stealth Rock
|-weather|SunnyDay|[from] ability: Drought|[of] p1a: Torkoal
|move|p2a: Entei|Scorching Sands|p1a: Torkoal
|-supereffective|p1a: Torkoal
|-damage|p1a: Torkoal|7/100 par
|
|-weather|SunnyDay|[upkeep]
|upkeep
|turn|15
|-message|Benro137 forfeited.
|
|win|Nickthenickthenick
|raw|Benro137's rating: 1407 &rarr; <strong>1387</strong><br />(-20 for losing)
|raw|Nickthenickthenick's rating: 1405 &rarr; <strong>1425</strong><br />(+20 for winning)
|l|☆Benro137
|player|p1|
