|j|☆MVA Central
|j|☆Draconic Echo
|t:|1779862067
|gametype|singles
|player|p1|MVA Central|riley|1469
|player|p2|Draconic Echo|gladion|1461
|gen|9
|tier|[Gen 9] OU
|rated|
|rule|HP Percentage Mod: HP is shown in percentages
|rule|Endless Battle Clause: Forcing endless battles is banned
|rule|Species Clause: Limit one of each Pokémon
|rule|OHKO Clause: OHKO moves are banned
|rule|Evasion Items Clause: Evasion items are banned
|rule|Evasion Moves Clause: Evasion moves are banned
|rule|Evasion Abilities Clause: Evasion abilities are banned
|rule|Sleep Moves Clause: Sleep-inducing moves are banned
|clearpoke
|poke|p1|Ninetales-Alola, F|
|poke|p1|Polteageist|
|poke|p1|Rillaboom, M|
|poke|p1|Magnezone|
|poke|p1|Haxorus, M|
|poke|p1|Iron Valiant|
|poke|p2|Great Tusk|
|poke|p2|Vaporeon, F|
|poke|p2|Corviknight, F|
|poke|p2|Samurott-Hisui, M|
|poke|p2|Hatterene, F|
|poke|p2|Jolteon, F|
|teampreview
|inactive|Battle timer is ON: inactive players will automatically lose when time's up. (requested by MVA Central)
|
|t:|1779862071
|teamsize|p1|6
|teamsize|p2|6
|start
|switch|p1a: Rillaboom|Rillaboom, M|100/100
|switch|p2a: :3|Jolteon, F|100/100
|-fieldstart|move: Grassy Terrain|[from] ability: Grassy Surge|[of] p1a: Rillaboom
|turn|1
|
|t:|1779862076
|move|p2a: :3|Volt Switch|p1a: Rillaboom
|-resisted|p1a: Rillaboom
|-damage|p1a: Rillaboom|86/100
|
|t:|1779862078
|switch|p2a: :D|Corviknight, F, shiny|100/100|[from] Volt Switch
|-ability|p2a: :D|Pressure
|move|p1a: Rillaboom|U-turn|p2a: :D
|-resisted|p2a: :D
|-damage|p2a: :D|96/100
|-damage|p1a: Rillaboom|70/100|[from] item: Rocky Helmet|[of] p2a: :D
|
|t:|1779862082
|switch|p1a: Magnezone|Magnezone|100/100|[from] U-turn
|
|upkeep
|turn|2
|
|t:|1779862087
|move|p1a: Magnezone|Thunderbolt|p2a: :D
|-supereffective|p2a: :D
|-damage|p2a: :D|14/100
|-damage|p1a: Magnezone|91/100|[from] item: Life Orb
|move|p2a: :D|Body Press|p1a: Magnezone
|-supereffective|p1a: Magnezone
|-damage|p1a: Magnezone|57/100
|
|-heal|p1a: Magnezone|63/100|[from] Grassy Terrain
|upkeep
|turn|3
|
|t:|1779862095
|move|p1a: Magnezone|Volt Switch|p2a: :D
|-supereffective|p2a: :D
|-damage|p2a: :D|0 fnt
|faint|p2a: :D
|-damage|p1a: Magnezone|53/100|[from] item: Life Orb
|
|t:|1779862102
|switch|p1a: Ninetales|Ninetales-Alola, F|100/100|[from] Volt Switch
|-weather|Snowscape|[from] ability: Snow Warning|[of] p1a: Ninetales
|
|-weather|Snowscape|[upkeep]
|upkeep
|
|t:|1779862108
|switch|p2a: :)|Hatterene, F|100/100
|turn|4
|
|t:|1779862110
|move|p1a: Ninetales|Aurora Veil|p1a: Ninetales
|-sidestart|p1: MVA Central|move: Aurora Veil
|move|p2a: :)|Calm Mind|p2a: :)
|-boost|p2a: :)|spa|1
|-boost|p2a: :)|spd|1
|
|-weather|Snowscape|[upkeep]
|upkeep
|turn|5
|
|t:|1779862118
|switch|p1a: Magnezone|Magnezone|53/100
|move|p2a: :)|Mystical Fire|p1a: Magnezone
|-supereffective|p1a: Magnezone
|-damage|p1a: Magnezone|11/100
|-unboost|p1a: Magnezone|spa|1
|
|-weather|Snowscape|[upkeep]
|-heal|p1a: Magnezone|17/100|[from] Grassy Terrain
|-fieldend|move: Grassy Terrain
|upkeep
|turn|6
|
|t:|1779862130
|switch|p2a: >:(|Samurott-Hisui, M|100/100
|move|p1a: Magnezone|Steel Beam|p2a: >:(
|-resisted|p2a: >:(
|-damage|p2a: >:(|56/100
|-damage|p1a: Magnezone|0 fnt|[from] steelbeam
|faint|p1a: Magnezone
|
|-weather|Snowscape|[upkeep]
|upkeep
|
|t:|1779862137
|switch|p1a: Haxorus|Haxorus, M, shiny|100/100
|-ability|p1a: Haxorus|Mold Breaker
|turn|7
|
|t:|1779862146
|switch|p2a: :)|Hatterene, F|100/100
|move|p1a: Haxorus|Swords Dance|p1a: Haxorus
|-boost|p1a: Haxorus|atk|2
|
|-weather|none
|upkeep
|turn|8
|
|t:|1779862152
|move|p1a: Haxorus|Poison Jab|p2a: :)
|-supereffective|p2a: :)
|-damage|p2a: :)|0 fnt
|faint|p2a: :)
|
|upkeep
|
|t:|1779862157
|switch|p2a: Meep|Vaporeon, F|100/100
|turn|9
|
|t:|1779862160
|move|p1a: Haxorus|Dragon Claw|p2a: Meep
|-damage|p2a: Meep|26/100
|move|p2a: Meep|Scald|p1a: Haxorus
|-resisted|p1a: Haxorus
|-crit|p1a: Haxorus
|-damage|p1a: Haxorus|64/100
|-status|p1a: Haxorus|brn
|-enditem|p1a: Haxorus|Lum Berry|[eat]
|-curestatus|p1a: Haxorus|brn|[msg]
|
|-heal|p2a: Meep|32/100|[from] item: Leftovers
|upkeep
|turn|10
|
|t:|1779862169
|move|p2a: Meep|Protect|p2a: Meep
|-singleturn|p2a: Meep|Protect
|move|p1a: Haxorus|Dragon Claw|p2a: Meep
|-activate|p2a: Meep|move: Protect
|
|-heal|p2a: Meep|39/100|[from] item: Leftovers
|upkeep
|turn|11
|
|t:|1779862171
|move|p1a: Haxorus|Dragon Claw|p2a: Meep
|-damage|p2a: Meep|0 fnt
|faint|p2a: Meep
|
|-sideend|p1: MVA Central|move: Aurora Veil
|upkeep
|
|t:|1779862175
|switch|p2a: Hi|Great Tusk|100/100
|turn|12
|
|t:|1779862178
|move|p2a: Hi|Headlong Rush|p1a: Haxorus
|-crit|p1a: Haxorus
|-damage|p1a: Haxorus|0 fnt
|-unboost|p2a: Hi|def|1
|-unboost|p2a: Hi|spd|1
|faint|p1a: Haxorus
|
|upkeep
|
|t:|1779862182
|switch|p1a: Ninetales|Ninetales-Alola, F|100/100
|-weather|Snowscape|[from] ability: Snow Warning|[of] p1a: Ninetales
|turn|13
|
|t:|1779862184
|move|p1a: Ninetales|Aurora Veil|p1a: Ninetales
|-sidestart|p1: MVA Central|move: Aurora Veil
|move|p2a: Hi|Headlong Rush|p1a: Ninetales
|-damage|p1a: Ninetales|60/100
|-unboost|p2a: Hi|def|1
|-unboost|p2a: Hi|spd|1
|
|-weather|Snowscape|[upkeep]
|upkeep
|turn|14
|
|t:|1779862187
|-end|p2a: Hi|Protosynthesis|[silent]
|switch|p2a: >:(|Samurott-Hisui, M|56/100
|move|p1a: Ninetales|Freeze-Dry|p2a: >:(
|-supereffective|p2a: >:(
|-damage|p2a: >:(|0 fnt
|faint|p2a: >:(
|
|-weather|Snowscape|[upkeep]
|upkeep
|
|t:|1779862191
|switch|p2a: :3|Jolteon, F|100/100
|turn|15
|
|t:|1779862194
|move|p2a: :3|Thunderbolt|p1a: Ninetales
|-damage|p1a: Ninetales|38/100
|move|p1a: Ninetales|Moonblast|p2a: :3
|-crit|p2a: :3
|-damage|p2a: :3|45/100
|
|-weather|Snowscape|[upkeep]
|upkeep
|turn|16
|
|t:|1779862201
|move|p2a: :3|Volt Switch|p1a: Ninetales
|-damage|p1a: Ninetales|21/100
|
|t:|1779862204
|switch|p2a: Hi|Great Tusk|100/100|[from] Volt Switch
|move|p1a: Ninetales|Moonblast|p2a: Hi
|-supereffective|p2a: Hi
|-damage|p2a: Hi|11/100
|
|-weather|Snowscape|[upkeep]
|upkeep
|turn|17
|
|t:|1779862209
|move|p1a: Ninetales|Moonblast|p2a: Hi
|-supereffective|p2a: Hi
|-damage|p2a: Hi|0 fnt
|faint|p2a: Hi
|-end|p2a: Hi|Protosynthesis|[silent]
|
|-weather|none
|upkeep
|
|t:|1779862211
|switch|p2a: :3|Jolteon, F|45/100
|turn|18
|
|t:|1779862212
|move|p2a: :3|Thunderbolt|p1a: Ninetales
|-damage|p1a: Ninetales|0 fnt
|faint|p1a: Ninetales
|
|upkeep
|
|t:|1779862215
|switch|p1a: Rillaboom|Rillaboom, M|70/100
|-fieldstart|move: Grassy Terrain|[from] ability: Grassy Surge|[of] p1a: Rillaboom
|turn|19
|
|t:|1779862217
|move|p1a: Rillaboom|Grassy Glide|p2a: :3
|-damage|p2a: :3|0 fnt
|faint|p2a: :3
|
|win|MVA Central
|raw|MVA Central's rating: 1469 &rarr; <strong>1489</strong><br />(+20 for winning)
|raw|Draconic Echo's rating: 1461 &rarr; <strong>1441</strong><br />(-20 for losing)
|l|☆Draconic Echo
|player|p2|
|l|☆MVA Central
|player|p1|
