|j|☆graytoast_
|j|☆abraham_305
|t:|1779926183
|gametype|singles
|player|p1|graytoast_|101|1475
|player|p2|abraham_305|266|1435
|gen|9
|tier|[Gen 9] OU
|rated|
|rule|HP Percentage Mod: HP is shown in percentages
|rule|Endless Battle Clause: Forcing endless battles is banned
|rule|Species Clause: Limit one of each Pokémon
|rule|OHKO Clause: OHKO moves are banned
|rule|Evasion Items Clause: Evasion items are banned
|rule|Evasion Moves Clause: Evasion moves are banned
|rule|Evasion Abilities Clause: Evasion abilities are banned
|rule|Sleep Moves Clause: Sleep-inducing moves are banned
|clearpoke
|poke|p1|Great Tusk|
|poke|p1|Hydrapple, F|
|poke|p1|Lokix, M|
|poke|p1|Samurott-Hisui, M|
|poke|p1|Hatterene, F|
|poke|p1|Iron Moth|
|poke|p2|Ninetales-Alola, M|
|poke|p2|Grimmsnarl, M|
|poke|p2|Glimmora, F|
|poke|p2|Zapdos|
|poke|p2|Dondozo, F|
|poke|p2|Primarina, M|
|teampreview
|inactive|Battle timer is ON: inactive players will automatically lose when time's up. (requested by abraham_305)
|
|t:|1779926198
|teamsize|p1|6
|teamsize|p2|6
|start
|switch|p1a: Samurott|Samurott-Hisui, M|100/100
|switch|p2a: Grimmsnarl|Grimmsnarl, M|100/100
|turn|1
|
|t:|1779926204
|move|p1a: Samurott|Ceaseless Edge|p2a: Grimmsnarl
|-resisted|p2a: Grimmsnarl
|-damage|p2a: Grimmsnarl|87/100
|-sidestart|p2: abraham_305|Spikes
|move|p2a: Grimmsnarl|Play Rough|p1a: Samurott
|-supereffective|p1a: Samurott
|-damage|p1a: Samurott|0 fnt
|faint|p1a: Samurott
|
|upkeep
|
|t:|1779926213
|switch|p1a: Hatterene|Hatterene, F|100/100
|turn|2
|
|t:|1779926217
|switch|p2a: Glimmora|Glimmora, F|100/100
|-damage|p2a: Glimmora|88/100|[from] Spikes
|move|p1a: Hatterene|Nuzzle|p2a: Glimmora
|-damage|p2a: Glimmora|83/100
|-status|p2a: Glimmora|par
|
|upkeep
|turn|3
|
|t:|1779926221
|move|p2a: Glimmora|Mortal Spin|p1a: Hatterene
|-supereffective|p1a: Hatterene
|-damage|p1a: Hatterene|89/100
|-status|p1a: Hatterene|psn
|-sideend|p2: abraham_305|Spikes|[from] move: Mortal Spin|[of] p2a: Glimmora
|-enditem|p1a: Hatterene|Eject Button
|
|t:|1779926230
|switch|p1a: Hydrapple|Hydrapple, F|100/100
|
|upkeep
|turn|4
|
|t:|1779926234
|move|p2a: Glimmora|Toxic|p1a: Hydrapple
|-status|p1a: Hydrapple|tox
|move|p1a: Hydrapple|Earth Power|p2a: Glimmora
|-supereffective|p2a: Glimmora
|-damage|p2a: Glimmora|0 fnt
|faint|p2a: Glimmora
|
|-damage|p1a: Hydrapple|94/100 tox|[from] psn
|upkeep
|
|t:|1779926241
|switch|p2a: Ninetales|Ninetales-Alola, M, shiny|100/100
|-weather|Snowscape|[from] ability: Snow Warning|[of] p2a: Ninetales
|turn|5
|
|t:|1779926245
|switch|p1a: Hatterene|Hatterene, F|89/100 psn
|move|p2a: Ninetales|Aurora Veil|p2a: Ninetales
|-sidestart|p2: abraham_305|move: Aurora Veil
|
|-weather|Snowscape|[upkeep]
|-damage|p1a: Hatterene|77/100 psn|[from] psn
|upkeep
|turn|6
|
|t:|1779926250
|move|p2a: Ninetales|Moonblast|p1a: Hatterene
|-damage|p1a: Hatterene|42/100 psn
|move|p1a: Hatterene|Nuzzle|p2a: Ninetales
|-damage|p2a: Ninetales|99/100
|-status|p2a: Ninetales|par
|
|-weather|Snowscape|[upkeep]
|-damage|p1a: Hatterene|29/100 psn|[from] psn
|upkeep
|turn|7
|
|t:|1779926253
|move|p2a: Ninetales|Moonblast|p1a: Hatterene
|-damage|p1a: Hatterene|0 fnt
|faint|p1a: Hatterene
|
|-weather|Snowscape|[upkeep]
|upkeep
|
|t:|1779926261
|switch|p1a: Iron Moth|Iron Moth|100/100
|-enditem|p1a: Iron Moth|Booster Energy
|-activate|p1a: Iron Moth|ability: Quark Drive|[fromitem]
|-start|p1a: Iron Moth|quarkdrivespe
|turn|8
|
|t:|1779926265
|switch|p2a: Dondozo|Dondozo, F, shiny|100/100
|move|p1a: Iron Moth|Substitute|p1a: Iron Moth
|-start|p1a: Iron Moth|Substitute
|-damage|p1a: Iron Moth|76/100
|
|-weather|Snowscape|[upkeep]
|upkeep
|turn|9
|
|t:|1779926269
|move|p1a: Iron Moth|Sludge Wave|p2a: Dondozo
|-damage|p2a: Dondozo|76/100
|move|p2a: Dondozo|Earthquake|p1a: Iron Moth
|-supereffective|p1a: Iron Moth
|-end|p1a: Iron Moth|Substitute
|
|-weather|none
|-heal|p2a: Dondozo|83/100|[from] item: Leftovers
|upkeep
|turn|10
|
|t:|1779926277
|-end|p1a: Iron Moth|Quark Drive|[silent]
|switch|p1a: Hydrapple|Hydrapple, F|100/100 tox
|switch|p2a: Ninetales|Ninetales-Alola, M, shiny|99/100 par
|-weather|Snowscape|[from] ability: Snow Warning|[of] p2a: Ninetales
|
|-weather|Snowscape|[upkeep]
|-damage|p1a: Hydrapple|94/100 tox|[from] psn
|upkeep
|turn|11
|
|t:|1779926282
|switch|p1a: Iron Moth|Iron Moth|76/100
|cant|p2a: Ninetales|par
|
|-weather|Snowscape|[upkeep]
|upkeep
|turn|12
|
|t:|1779926295
|switch|p2a: Zapdos|Zapdos|100/100
|move|p1a: Iron Moth|Sludge Wave|p2a: Zapdos
|-damage|p2a: Zapdos|71/100
|
|-weather|Snowscape|[upkeep]
|-sideend|p2: abraham_305|move: Aurora Veil
|upkeep
|turn|13
|
|t:|1779926299
|move|p1a: Iron Moth|Substitute|p1a: Iron Moth
|-start|p1a: Iron Moth|Substitute
|-damage|p1a: Iron Moth|51/100
|move|p2a: Zapdos|Heat Wave|p1a: Iron Moth
|-resisted|p1a: Iron Moth
|-end|p1a: Iron Moth|Substitute
|
|-weather|Snowscape|[upkeep]
|upkeep
|turn|14
|
|t:|1779926304
|move|p1a: Iron Moth|Sludge Wave|p2a: Zapdos
|-damage|p2a: Zapdos|15/100
|move|p2a: Zapdos|Heat Wave|p1a: Iron Moth
|-resisted|p1a: Iron Moth
|-damage|p1a: Iron Moth|27/100
|
|-weather|none
|upkeep
|turn|15
|
|t:|1779926316
|move|p1a: Iron Moth|Fiery Dance|p2a: Zapdos
|-damage|p2a: Zapdos|0 fnt
|-boost|p1a: Iron Moth|spa|1
|faint|p2a: Zapdos
|
|upkeep
|
|t:|1779926319
|switch|p2a: Grimmsnarl|Grimmsnarl, M|87/100
|turn|16
|
|t:|1779926334
|move|p2a: Grimmsnarl|Trick|p1a: Iron Moth
|-activate|p2a: Grimmsnarl|move: Trick|[of] p1a: Iron Moth
|-item|p1a: Iron Moth|Choice Band|[from] move: Trick
|-enditem|p2a: Grimmsnarl|Choice Band|[silent]|[from] move: Trick
|move|p1a: Iron Moth|Sludge Wave|p2a: Grimmsnarl
|-supereffective|p2a: Grimmsnarl
|-damage|p2a: Grimmsnarl|0 fnt
|faint|p2a: Grimmsnarl
|
|upkeep
|
|t:|1779926344
|switch|p2a: Ninetales|Ninetales-Alola, M, shiny|99/100 par
|-weather|Snowscape|[from] ability: Snow Warning|[of] p2a: Ninetales
|turn|17
|
|t:|1779926347
|-terastallize|p2a: Ninetales|Steel
|move|p1a: Iron Moth|Sludge Wave|p2a: Ninetales
|-immune|p2a: Ninetales
|move|p2a: Ninetales|Aurora Veil|p2a: Ninetales
|-sidestart|p2: abraham_305|move: Aurora Veil
|
|-weather|Snowscape|[upkeep]
|upkeep
|turn|18
|
|t:|1779926354
|-end|p1a: Iron Moth|Quark Drive|[silent]
|switch|p1a: Lokix|Lokix, M|100/100
|move|p2a: Ninetales|Moonblast|p1a: Lokix
|-supereffective|p1a: Lokix
|-damage|p1a: Lokix|0 fnt
|faint|p1a: Lokix
|
|-weather|Snowscape|[upkeep]
|upkeep
|
|t:|1779926359
|switch|p1a: Great Tusk|Great Tusk|100/100
|turn|19
|
|t:|1779926366
|move|p1a: Great Tusk|Headlong Rush|p2a: Ninetales
|-supereffective|p2a: Ninetales
|-damage|p2a: Ninetales|0 fnt
|-unboost|p1a: Great Tusk|def|1
|-unboost|p1a: Great Tusk|spd|1
|faint|p2a: Ninetales
|
|-weather|Snowscape|[upkeep]
|upkeep
|
|t:|1779926371
|switch|p2a: Primarina|Primarina, M|100/100
|turn|20
|
|t:|1779926377
|move|p1a: Great Tusk|Headlong Rush|p2a: Primarina
|-damage|p2a: Primarina|58/100
|-unboost|p1a: Great Tusk|def|1
|-unboost|p1a: Great Tusk|spd|1
|move|p2a: Primarina|Moonblast|p1a: Great Tusk
|-supereffective|p1a: Great Tusk
|-damage|p1a: Great Tusk|0 fnt
|faint|p1a: Great Tusk
|-end|p1a: Great Tusk|Protosynthesis|[silent]
|
|-weather|Snowscape|[upkeep]
|upkeep
|
|t:|1779926383
|switch|p1a: Hydrapple|Hydrapple, F|100/100 tox
|turn|21
|
|t:|1779926390
|move|p2a: Primarina|Moonblast|p1a: Hydrapple
|-supereffective|p1a: Hydrapple
|-damage|p1a: Hydrapple|0 fnt
|faint|p1a: Hydrapple
|
|-weather|none
|upkeep
|
|t:|1779926393
|switch|p1a: Iron Moth|Iron Moth|27/100
|turn|22
|
|t:|1779926398
|move|p1a: Iron Moth|Sludge Wave|p2a: Primarina
|-supereffective|p2a: Primarina
|-damage|p2a: Primarina|16/100
|move|p2a: Primarina|Moonblast|p1a: Iron Moth
|-resisted|p1a: Iron Moth
|-damage|p1a: Iron Moth|5/100
|-unboost|p1a: Iron Moth|spa|1
|
|upkeep
|turn|23
|
|t:|1779926404
|move|p1a: Iron Moth|Sludge Wave|p2a: Primarina
|-supereffective|p2a: Primarina
|-damage|p2a: Primarina|0 fnt
|faint|p2a: Primarina
|
|upkeep
|
|t:|1779926407
|switch|p2a: Dondozo|Dondozo, F, shiny|83/100
|turn|24
|
|t:|1779926410
|move|p1a: Iron Moth|Sludge Wave|p2a: Dondozo
|-damage|p2a: Dondozo|61/100
|move|p2a: Dondozo|Wave Crash|p1a: Iron Moth
|-supereffective|p1a: Iron Moth
|-damage|p1a: Iron Moth|0 fnt
|faint|p1a: Iron Moth
|-end|p1a: Iron Moth|Quark Drive|[silent]
|-damage|p2a: Dondozo|60/100|[from] Recoil
|
|win|abraham_305
|raw|graytoast_'s rating: 1475 &rarr; <strong>1453</strong><br />(-22 for losing)
|raw|abraham_305's rating: 1435 &rarr; <strong>1457</strong><br />(+22 for winning)
|l|☆graytoast_
|player|p1|
