|j|☆cytheidot
|j|☆bring09
|t:|1779948170
|gametype|singles
|player|p1|cytheidot|iris-gen5bw2|1310
|player|p2|bring09|102|1317
|gen|9
|tier|[Gen 9] OU
|rated|
|rule|HP Percentage Mod: HP is shown in percentages
|rule|Endless Battle Clause: Forcing endless battles is banned
|rule|Species Clause: Limit one of each Pokémon
|rule|OHKO Clause: OHKO moves are banned
|rule|Evasion Items Clause: Evasion items are banned
|rule|Evasion Moves Clause: Evasion moves are banned
|rule|Evasion Abilities Clause: Evasion abilities are banned
|rule|Sleep Moves Clause: Sleep-inducing moves are banned
|clearpoke
|poke|p1|Garchomp, M|
|poke|p1|Gholdengo|
|poke|p1|Alomomola, M|
|poke|p1|Fezandipiti, M|
|poke|p1|Zoroark-Hisui, M|
|poke|p1|Great Tusk|
|poke|p2|Ceruledge, M|
|poke|p2|Dragapult, M|
|poke|p2|Garchomp, F|
|poke|p2|Meowscarada, F|
|poke|p2|Keldeo-Resolute|
|poke|p2|Iron Valiant|
|teampreview
|inactive|Battle timer is ON: inactive players will automatically lose when time's up. (requested by bring09)
|
|t:|1779948202
|teamsize|p1|6
|teamsize|p2|6
|start
|switch|p1a: Garchomp|Garchomp, M|100/100
|switch|p2a: RUIN|Dragapult, M|100/100
|turn|1
|
|t:|1779948209
|switch|p1a: Fezandipiti|Fezandipiti, M|100/100
|move|p2a: RUIN|Dragon Darts|p1a: Fezandipiti
|-immune|p1a: Fezandipiti
|
|upkeep
|turn|2
|
|t:|1779948218
|move|p2a: RUIN|Psychic Fangs|p1a: Fezandipiti
|-supereffective|p1a: Fezandipiti
|-damage|p1a: Fezandipiti|24/100
|-damage|p2a: RUIN|91/100|[from] item: Life Orb
|move|p1a: Fezandipiti|Play Rough|p2a: RUIN|[miss]
|-miss|p1a: Fezandipiti|p2a: RUIN
|
|upkeep
|turn|3
|
|t:|1779948236
|move|p2a: RUIN|Psychic Fangs|p1a: Fezandipiti
|-supereffective|p1a: Fezandipiti
|-damage|p1a: Fezandipiti|0 fnt
|faint|p1a: Fezandipiti
|-damage|p2a: RUIN|81/100|[from] item: Life Orb
|
|upkeep
|
|t:|1779948240
|switch|p1a: Gholdengo|Gholdengo|100/100
|turn|4
|
|t:|1779948259
|switch|p2a: LATINO|Keldeo-Resolute|100/100
|move|p1a: Gholdengo|Shadow Ball|p2a: LATINO
|-damage|p2a: LATINO|34/100
|
|upkeep
|turn|5
|
|t:|1779948266
|-terastallize|p2a: LATINO|Water
|move|p1a: Gholdengo|Shadow Ball|p2a: LATINO
|-damage|p2a: LATINO|0 fnt
|faint|p2a: LATINO
|
|upkeep
|
|t:|1779948291
|switch|p2a: CHULO|Garchomp, F|100/100
|turn|6
|
|t:|1779948297
|move|p1a: Gholdengo|Shadow Ball|p2a: CHULO
|-damage|p2a: CHULO|38/100
|move|p2a: CHULO|Earthquake|p1a: Gholdengo
|-damage|p1a: Gholdengo|0 fnt
|replace|p1a: Zoroark|Zoroark-Hisui, M
|-end|p1a: Zoroark|Illusion
|faint|p1a: Zoroark
|
|upkeep
|
|t:|1779948316
|switch|p1a: Alomomola|Alomomola, M|100/100
|turn|7
|
|t:|1779948323
|move|p2a: CHULO|Swords Dance|p2a: CHULO
|-boost|p2a: CHULO|atk|2
|move|p1a: Alomomola|Scald|p2a: CHULO
|-damage|p2a: CHULO|24/100
|-status|p2a: CHULO|brn
|
|-damage|p2a: CHULO|18/100 brn|[from] brn
|upkeep
|turn|8
|
|t:|1779948341
|move|p2a: CHULO|Earthquake|p1a: Alomomola
|-damage|p1a: Alomomola|65/100
|move|p1a: Alomomola|Wish|p1a: Alomomola
|
|-heal|p1a: Alomomola|71/100|[from] item: Leftovers
|-damage|p2a: CHULO|11/100 brn|[from] brn
|upkeep
|turn|9
|
|t:|1779948360
|move|p2a: CHULO|Earthquake|p1a: Alomomola
|-damage|p1a: Alomomola|33/100
|move|p1a: Alomomola|Scald|p2a: CHULO
|-damage|p2a: CHULO|0 fnt
|faint|p2a: CHULO
|
|-heal|p1a: Alomomola|82/100|[from] move: Wish|[wisher] Alomomola
|-heal|p1a: Alomomola|89/100|[from] item: Leftovers
|upkeep
|inactive|bring09 has 120 seconds left.
|inactive|bring09 has 90 seconds left.
|
|t:|1779948407
|switch|p2a: Soldier|Iron Valiant, shiny|100/100
|-enditem|p2a: Soldier|Booster Energy
|-activate|p2a: Soldier|ability: Quark Drive|[fromitem]
|-start|p2a: Soldier|quarkdrivespe
|turn|10
|
|t:|1779948415
|move|p2a: Soldier|Moonblast|p1a: Alomomola
|-crit|p1a: Alomomola
|-damage|p1a: Alomomola|30/100
|move|p1a: Alomomola|Flip Turn|p2a: Soldier
|-damage|p2a: Soldier|80/100
|
|t:|1779948420
|switch|p1a: Gholdengo|Gholdengo|100/100|[from] Flip Turn
|
|upkeep
|turn|11
|
|t:|1779948427
|move|p2a: Soldier|Destiny Bond|p2a: Soldier
|-singlemove|p2a: Soldier|Destiny Bond
|move|p1a: Gholdengo|Make It Rain|p2a: Soldier
|-supereffective|p2a: Soldier
|-damage|p2a: Soldier|0 fnt
|-unboost|p1a: Gholdengo|spa|1
|faint|p2a: Soldier
|-activate|p2a: Soldier|move: Destiny Bond
|-end|p2a: Soldier|Quark Drive|[silent]
|faint|p1a: Gholdengo
|
|upkeep
|
|t:|1779948439
|switch|p2a: GATA|Meowscarada, F|100/100
|switch|p1a: Alomomola|Alomomola, M|63/100
|turn|12
|inactive|cytheidot has 120 seconds left.
|
|t:|1779948472
|move|p2a: GATA|Flower Trick|p1a: Alomomola
|-start|p2a: GATA|typechange|Grass|[from] ability: Protean
|-supereffective|p1a: Alomomola
|-crit|p1a: Alomomola
|-damage|p1a: Alomomola|0 fnt
|faint|p1a: Alomomola
|
|upkeep
|inactive|cytheidot has 120 seconds left.
|
|t:|1779948495
|switch|p1a: Great Tusk|Great Tusk|100/100
|turn|13
|
|t:|1779948506
|move|p2a: GATA|Flower Trick|p1a: Great Tusk
|-supereffective|p1a: Great Tusk
|-crit|p1a: Great Tusk
|-damage|p1a: Great Tusk|29/100
|move|p1a: Great Tusk|Ice Spinner|p2a: GATA
|-supereffective|p2a: GATA
|-damage|p2a: GATA|12/100
|
|upkeep
|turn|14
|inactive|cytheidot has 120 seconds left.
|
|t:|1779948519
|move|p2a: GATA|Flower Trick|p1a: Great Tusk
|-supereffective|p1a: Great Tusk
|-crit|p1a: Great Tusk
|-damage|p1a: Great Tusk|0 fnt
|faint|p1a: Great Tusk
|-end|p1a: Great Tusk|Protosynthesis|[silent]
|
|upkeep
|
|t:|1779948522
|switch|p1a: Garchomp|Garchomp, M|100/100
|turn|15
|
|t:|1779948527
|move|p2a: GATA|Flower Trick|p1a: Garchomp
|-crit|p1a: Garchomp
|-damage|p1a: Garchomp|70/100
|move|p1a: Garchomp|Earthquake|p2a: GATA
|-resisted|p2a: GATA
|-damage|p2a: GATA|0 fnt
|faint|p2a: GATA
|
|upkeep
|
|t:|1779948538
|switch|p2a: RUIN|Dragapult, M|81/100
|turn|16
|
|t:|1779948543
|-terastallize|p1a: Garchomp|Ghost
|move|p2a: RUIN|Dragon Darts|p1a: Garchomp
|-damage|p1a: Garchomp|50/100
|-anim|p2a: RUIN|Dragon Darts|p1a: Garchomp
|-damage|p1a: Garchomp|31/100
|-damage|p2a: RUIN|71/100|[from] item: Life Orb
|move|p1a: Garchomp|Dragon Tail|p2a: RUIN
|-supereffective|p2a: RUIN
|-damage|p2a: RUIN|5/100
|drag|p2a: AS|Ceruledge, M, shiny|100/100
|
|upkeep
|turn|17
|
|t:|1779948556
|move|p2a: AS|Shadow Sneak|p1a: Garchomp
|-supereffective|p1a: Garchomp
|-damage|p1a: Garchomp|4/100
|-damage|p2a: AS|88/100|[from] ability: Rough Skin|[of] p1a: Garchomp
|-damage|p2a: AS|72/100|[from] item: Rocky Helmet|[of] p1a: Garchomp
|move|p1a: Garchomp|Stealth Rock|p2a: AS
|-sidestart|p2: bring09|move: Stealth Rock
|
|upkeep
|turn|18
|
|t:|1779948563
|move|p2a: AS|Shadow Sneak|p1a: Garchomp
|-supereffective|p1a: Garchomp
|-damage|p1a: Garchomp|0 fnt
|-damage|p2a: AS|59/100|[from] ability: Rough Skin|[of] p1a: Garchomp
|-damage|p2a: AS|43/100|[from] item: Rocky Helmet|[of] p1a: Garchomp
|faint|p1a: Garchomp
|
|win|bring09
|raw|cytheidot's rating: 1310 &rarr; <strong>1290</strong><br />(-20 for losing)
|raw|bring09's rating: 1317 &rarr; <strong>1337</strong><br />(+20 for winning)
|l|☆cytheidot
|player|p1|
|l|☆bring09
|player|p2|
