|j|☆TristanPlaysPKMN
|j|☆xzx136870abc
|t:|1779808793
|gametype|singles
|player|p1|TristanPlaysPKMN|firebreather|1338
|player|p2|xzx136870abc|dawn|1288
|gen|9
|tier|[Gen 9] OU
|rated|
|rule|HP Percentage Mod: HP is shown in percentages
|rule|Endless Battle Clause: Forcing endless battles is banned
|rule|Species Clause: Limit one of each Pokémon
|rule|OHKO Clause: OHKO moves are banned
|rule|Evasion Items Clause: Evasion items are banned
|rule|Evasion Moves Clause: Evasion moves are banned
|rule|Evasion Abilities Clause: Evasion abilities are banned
|rule|Sleep Moves Clause: Sleep-inducing moves are banned
|clearpoke
|poke|p1|Gogoat, M|
|poke|p1|Ceruledge, M|
|poke|p1|Raging Bolt|
|poke|p1|Great Tusk|
|poke|p1|Araquanid, M|
|poke|p1|Braviary-Hisui, M|
|poke|p2|Garchomp, F|
|poke|p2|Meowscarada, M|
|poke|p2|Heatran, F|
|poke|p2|Raging Bolt|
|poke|p2|Great Tusk|
|poke|p2|Dragonite, M|
|teampreview
|inactive|Battle timer is ON: inactive players will automatically lose when time's up. (requested by TristanPlaysPKMN)
|
|t:|1779808804
|teamsize|p1|6
|teamsize|p2|6
|start
|switch|p1a: Plip|Araquanid, M, shiny|100/100
|switch|p2a: Garchomp|Garchomp, F|100/100
|turn|1
|
|t:|1779808810
|move|p2a: Garchomp|Outrage|p1a: Plip
|-crit|p1a: Plip
|-damage|p1a: Plip|0 fnt
|faint|p1a: Plip
|
|upkeep
|
|t:|1779808820
|switch|p1a: Espiary|Braviary-Hisui, M, shiny|100/100
|turn|2
|
|t:|1779808824
|-terastallize|p1a: Espiary|Fairy
|move|p2a: Garchomp|Outrage|p1a: Espiary|[from] lockedmove
|-immune|p1a: Espiary
|-start|p2a: Garchomp|confusion|[fatigue]
|move|p1a: Espiary|Calm Mind|p1a: Espiary
|-boost|p1a: Espiary|spa|1
|-boost|p1a: Espiary|spd|1
|
|upkeep
|turn|3
|
|t:|1779808838
|switch|p2a: Raging Bolt|Raging Bolt|100/100
|-enditem|p2a: Raging Bolt|Booster Energy
|-activate|p2a: Raging Bolt|ability: Protosynthesis|[fromitem]
|-start|p2a: Raging Bolt|protosynthesisspa
|move|p1a: Espiary|Calm Mind|p1a: Espiary
|-boost|p1a: Espiary|spa|1
|-boost|p1a: Espiary|spd|1
|
|upkeep
|turn|4
|
|t:|1779808847
|move|p1a: Espiary|Calm Mind|p1a: Espiary
|-boost|p1a: Espiary|spa|1
|-boost|p1a: Espiary|spd|1
|move|p2a: Raging Bolt|Thunderbolt|p1a: Espiary
|-damage|p1a: Espiary|67/100
|
|-heal|p1a: Espiary|73/100|[from] item: Leftovers
|upkeep
|turn|5
|
|t:|1779808855
|move|p1a: Espiary|Esper Wing|p2a: Raging Bolt
|-damage|p2a: Raging Bolt|8/100
|-boost|p1a: Espiary|spe|1
|move|p2a: Raging Bolt|Thunderbolt|p1a: Espiary
|-damage|p1a: Espiary|35/100
|
|-heal|p1a: Espiary|41/100|[from] item: Leftovers
|upkeep
|turn|6
|
|t:|1779808866
|move|p2a: Raging Bolt|Thunderclap|p1a: Espiary
|-damage|p1a: Espiary|14/100
|move|p1a: Espiary|Esper Wing|p2a: Raging Bolt
|-damage|p2a: Raging Bolt|0 fnt
|-boost|p1a: Espiary|spe|1
|faint|p2a: Raging Bolt
|-end|p2a: Raging Bolt|Protosynthesis|[silent]
|
|-heal|p1a: Espiary|20/100|[from] item: Leftovers
|upkeep
|
|t:|1779808877
|switch|p2a: Dragonite|Dragonite, M|100/100
|turn|7
|
|t:|1779808880
|move|p2a: Dragonite|Extreme Speed|p1a: Espiary
|-damage|p1a: Espiary|0 fnt
|faint|p1a: Espiary
|
|upkeep
|
|t:|1779808886
|switch|p1a: Swordsman|Ceruledge, M, shiny|100/100
|turn|8
|
|t:|1779808894
|switch|p2a: Heatran|Heatran, F|100/100
|move|p1a: Swordsman|Swords Dance|p1a: Swordsman
|-boost|p1a: Swordsman|atk|2
|
|upkeep
|turn|9
|
|t:|1779808902
|move|p1a: Swordsman|Close Combat|p2a: Heatran
|-supereffective|p2a: Heatran
|-damage|p2a: Heatran|0 fnt
|-unboost|p1a: Swordsman|def|1
|-unboost|p1a: Swordsman|spd|1
|faint|p2a: Heatran
|
|upkeep
|
|t:|1779808910
|switch|p2a: Great Tusk|Great Tusk|100/100
|turn|10
|
|t:|1779808915
|move|p1a: Swordsman|Bitter Blade|p2a: Great Tusk
|-damage|p2a: Great Tusk|41/100
|move|p2a: Great Tusk|Headlong Rush|p1a: Swordsman
|-supereffective|p1a: Swordsman
|-damage|p1a: Swordsman|0 fnt
|-unboost|p2a: Great Tusk|def|1
|-unboost|p2a: Great Tusk|spd|1
|faint|p1a: Swordsman
|
|upkeep
|
|t:|1779808922
|switch|p1a: THE GOAT|Gogoat, M, shiny|100/100
|turn|11
|
|t:|1779808927
|move|p2a: Great Tusk|Ice Spinner|p1a: THE GOAT
|-supereffective|p1a: THE GOAT
|-damage|p1a: THE GOAT|39/100
|move|p1a: THE GOAT|Horn Leech|p2a: Great Tusk
|-supereffective|p2a: Great Tusk
|-damage|p2a: Great Tusk|0 fnt
|-heal|p1a: THE GOAT|56/100|[from] drain|[of] p2a: Great Tusk
|faint|p2a: Great Tusk
|-end|p2a: Great Tusk|Protosynthesis|[silent]
|
|-heal|p1a: THE GOAT|62/100|[from] item: Leftovers
|upkeep
|
|t:|1779808945
|switch|p2a: Dragonite|Dragonite, M|100/100
|turn|12
|
|t:|1779808960
|move|p2a: Dragonite|Outrage|p1a: THE GOAT
|-damage|p1a: THE GOAT|0 fnt
|faint|p1a: THE GOAT
|
|upkeep
|
|t:|1779808963
|switch|p1a: Tusky|Great Tusk, shiny|100/100
|turn|13
|
|t:|1779808967
|move|p1a: Tusky|Ice Spinner|p2a: Dragonite
|-supereffective|p2a: Dragonite
|-damage|p2a: Dragonite|59/100
|move|p2a: Dragonite|Outrage|p1a: Tusky|[from] lockedmove
|-damage|p1a: Tusky|35/100
|-damage|p2a: Dragonite|42/100|[from] item: Rocky Helmet|[of] p1a: Tusky
|
|upkeep
|turn|14
|
|t:|1779808975
|move|p1a: Tusky|Ice Spinner|p2a: Dragonite
|-supereffective|p2a: Dragonite
|-damage|p2a: Dragonite|0 fnt
|faint|p2a: Dragonite
|
|upkeep
|
|t:|1779808982
|switch|p2a: Garchomp|Garchomp, F|100/100
|turn|15
|
|t:|1779808985
|move|p2a: Garchomp|Outrage|p1a: Tusky
|-damage|p1a: Tusky|0 fnt
|-damage|p2a: Garchomp|84/100|[from] item: Rocky Helmet|[of] p1a: Tusky
|faint|p1a: Tusky
|-end|p1a: Tusky|Protosynthesis|[silent]
|
|upkeep
|
|t:|1779808989
|switch|p1a: TargetOfAffection|Raging Bolt|100/100
|-enditem|p1a: TargetOfAffection|Booster Energy
|-activate|p1a: TargetOfAffection|ability: Protosynthesis|[fromitem]
|-start|p1a: TargetOfAffection|protosynthesisspa
|turn|16
|
|t:|1779808996
|move|p2a: Garchomp|Outrage|p1a: TargetOfAffection|[from] lockedmove
|-supereffective|p1a: TargetOfAffection
|-damage|p1a: TargetOfAffection|0 fnt
|faint|p1a: TargetOfAffection
|-end|p1a: TargetOfAffection|Protosynthesis|[silent]
|
|win|xzx136870abc
|raw|TristanPlaysPKMN's rating: 1338 &rarr; <strong>1315</strong><br />(-23 for losing)
|raw|xzx136870abc's rating: 1288 &rarr; <strong>1317</strong><br />(+29 for winning)
|c|☆TristanPlaysPKMN|gg
|l|☆TristanPlaysPKMN
|player|p1|
|l|☆xzx136870abc
|player|p2|
