|j|☆CeceStar
|j|☆Kantola
|t:|1779904383
|gametype|singles
|player|p1|CeceStar|parasollady|
|player|p2|Kantola|265|
|gen|9
|tier|[Gen 9] OU
|rule|HP Percentage Mod: HP is shown in percentages
|rule|Endless Battle Clause: Forcing endless battles is banned
|rule|Species Clause: Limit one of each Pokémon
|rule|OHKO Clause: OHKO moves are banned
|rule|Evasion Items Clause: Evasion items are banned
|rule|Evasion Moves Clause: Evasion moves are banned
|rule|Evasion Abilities Clause: Evasion abilities are banned
|rule|Sleep Moves Clause: Sleep-inducing moves are banned
|clearpoke
|poke|p1|Hawlucha, F|
|poke|p1|Iron Valiant|
|poke|p1|Dragapult, F|
|poke|p1|Clodsire, F|
|poke|p1|Corviknight, F|
|poke|p1|Rotom-Heat|
|poke|p2|Pelipper, M|
|poke|p2|Kingdra, F|
|poke|p2|Great Tusk|
|poke|p2|Goodra-Hisui, M|
|poke|p2|Zapdos|
|poke|p2|Basculegion, M|
|teampreview
|inactive|Battle timer is ON: inactive players will automatically lose when time's up. (requested by CeceStar)
|inactive|CeceStar has 270 seconds left.
|inactive|Kantola has 270 seconds left.
|
|t:|1779904433
|teamsize|p1|6
|teamsize|p2|6
|start
|switch|p1a: Clodsire|Clodsire, F|100/100
|switch|p2a: Pelipper|Pelipper, M|100/100
|-weather|RainDance|[from] ability: Drizzle|[of] p2a: Pelipper
|turn|1
|
|t:|1779904440
|move|p2a: Pelipper|Weather Ball|p1a: Clodsire
|-immune|p1a: Clodsire|[from] ability: Water Absorb
|move|p1a: Clodsire|Stealth Rock|p2a: Pelipper
|-sidestart|p2: Kantola|move: Stealth Rock
|
|-weather|RainDance|[upkeep]
|upkeep
|turn|2
|
|t:|1779904456
|switch|p2a: Great Tusk|Great Tusk|100/100
|move|p1a: Clodsire|Poison Jab|p2a: Great Tusk
|-resisted|p2a: Great Tusk
|-damage|p2a: Great Tusk|92/100
|-status|p2a: Great Tusk|psn
|
|-weather|RainDance|[upkeep]
|-damage|p2a: Great Tusk|80/100 psn|[from] psn
|upkeep
|turn|3
|j| oskuosku
|
|t:|1779904465
|switch|p1a: Corviknight|Corviknight, F|100/100
|-ability|p1a: Corviknight|Pressure
|move|p2a: Great Tusk|Stealth Rock|p1a: Corviknight
|-sidestart|p1: CeceStar|move: Stealth Rock
|
|-weather|RainDance|[upkeep]
|-damage|p2a: Great Tusk|68/100 psn|[from] psn
|upkeep
|turn|4
|
|t:|1779904485
|-end|p2a: Great Tusk|Protosynthesis|[silent]
|switch|p2a: Zapdos|Zapdos|100/100
|-damage|p2a: Zapdos|76/100|[from] Stealth Rock
|move|p1a: Corviknight|Reflect|p1a: Corviknight
|-sidestart|p1: CeceStar|Reflect
|
|-weather|RainDance|[upkeep]
|upkeep
|turn|5
|inactive|Kantola has 270 seconds left.
|inactive|CeceStar has 270 seconds left.
|
|t:|1779904522
|switch|p1a: Clodsire|Clodsire, F|100/100
|move|p2a: Zapdos|Thunder|p1a: Clodsire
|-immune|p1a: Clodsire
|
|-weather|RainDance|[upkeep]
|upkeep
|turn|6
|
|t:|1779904530
|move|p2a: Zapdos|Hurricane|p1a: Clodsire
|-damage|p1a: Clodsire|65/100
|move|p1a: Clodsire|Poison Jab|p2a: Zapdos
|-damage|p2a: Zapdos|48/100
|-status|p2a: Zapdos|psn
|
|-weather|RainDance|[upkeep]
|-damage|p2a: Zapdos|35/100 psn|[from] psn
|upkeep
|turn|7
|inactive|Kantola has 270 seconds left.
|
|t:|1779904551
|move|p2a: Zapdos|Hurricane|p1a: Clodsire
|-damage|p1a: Clodsire|26/100
|move|p1a: Clodsire|Recover|p1a: Clodsire
|-heal|p1a: Clodsire|76/100
|
|-weather|RainDance|[upkeep]
|-damage|p2a: Zapdos|23/100 psn|[from] psn
|upkeep
|turn|8
|
|t:|1779904554
|move|p2a: Zapdos|Hurricane|p1a: Clodsire
|-damage|p1a: Clodsire|37/100
|move|p1a: Clodsire|Recover|p1a: Clodsire
|-heal|p1a: Clodsire|87/100
|
|-weather|none
|-damage|p2a: Zapdos|10/100 psn|[from] psn
|upkeep
|turn|9
|inactive|Kantola has 270 seconds left.
|
|t:|1779904561
|switch|p2a: Pelipper|Pelipper, M|100/100
|-damage|p2a: Pelipper|76/100|[from] Stealth Rock
|-weather|RainDance|[from] ability: Drizzle|[of] p2a: Pelipper
|move|p1a: Clodsire|Recover|p1a: Clodsire
|-heal|p1a: Clodsire|100/100
|
|-weather|RainDance|[upkeep]
|upkeep
|turn|10
|
|t:|1779904571
|move|p2a: Pelipper|Hurricane|p1a: Clodsire
|-damage|p1a: Clodsire|76/100
|move|p1a: Clodsire|Poison Jab|p2a: Pelipper
|-damage|p2a: Pelipper|58/100
|-status|p2a: Pelipper|psn
|
|-weather|RainDance|[upkeep]
|-damage|p2a: Pelipper|45/100 psn|[from] psn
|upkeep
|turn|11
|
|t:|1779904579
|move|p2a: Pelipper|Roost|p2a: Pelipper
|-heal|p2a: Pelipper|96/100 psn
|-singleturn|p2a: Pelipper|move: Roost
|move|p1a: Clodsire|Poison Jab|p2a: Pelipper
|-damage|p2a: Pelipper|79/100 psn
|
|-weather|RainDance|[upkeep]
|-damage|p2a: Pelipper|67/100 psn|[from] psn
|-sideend|p1: CeceStar|Reflect
|upkeep
|turn|12
|
|t:|1779904583
|move|p2a: Pelipper|Roost|p2a: Pelipper
|-heal|p2a: Pelipper|100/100 psn
|-singleturn|p2a: Pelipper|move: Roost
|move|p1a: Clodsire|Poison Jab|p2a: Pelipper
|-damage|p2a: Pelipper|84/100 psn
|
|-weather|RainDance|[upkeep]
|-damage|p2a: Pelipper|71/100 psn|[from] psn
|upkeep
|turn|13
|
|t:|1779904599
|switch|p2a: Goodra|Goodra-Hisui, M, shiny|100/100
|-damage|p2a: Goodra|94/100|[from] Stealth Rock
|move|p1a: Clodsire|Recover|p1a: Clodsire
|-heal|p1a: Clodsire|100/100
|
|-weather|RainDance|[upkeep]
|upkeep
|turn|14
|
|t:|1779904615
|move|p2a: Goodra|Draco Meteor|p1a: Clodsire
|-damage|p1a: Clodsire|58/100
|-unboost|p2a: Goodra|spa|2
|move|p1a: Clodsire|Earthquake|p2a: Goodra
|-supereffective|p2a: Goodra
|-damage|p2a: Goodra|41/100
|
|-weather|RainDance|[upkeep]
|upkeep
|turn|15
|
|t:|1779904624
|switch|p2a: Great Tusk|Great Tusk|68/100 psn
|move|p1a: Clodsire|Recover|p1a: Clodsire
|-heal|p1a: Clodsire|100/100
|
|-weather|RainDance|[upkeep]
|-damage|p2a: Great Tusk|55/100 psn|[from] psn
|upkeep
|turn|16
|
|t:|1779904630
|move|p2a: Great Tusk|Ice Spinner|p1a: Clodsire
|-supereffective|p1a: Clodsire
|-damage|p1a: Clodsire|55/100
|move|p1a: Clodsire|Earthquake|p2a: Great Tusk
|-damage|p2a: Great Tusk|35/100 psn
|
|-weather|none
|-damage|p2a: Great Tusk|22/100 psn|[from] psn
|upkeep
|turn|17
|
|t:|1779904635
|move|p2a: Great Tusk|Ice Spinner|p1a: Clodsire
|-supereffective|p1a: Clodsire
|-damage|p1a: Clodsire|11/100
|move|p1a: Clodsire|Recover|p1a: Clodsire
|-heal|p1a: Clodsire|61/100
|
|-damage|p2a: Great Tusk|10/100 psn|[from] psn
|upkeep
|turn|18
|
|t:|1779904639
|move|p2a: Great Tusk|Headlong Rush|p1a: Clodsire
|-supereffective|p1a: Clodsire
|-damage|p1a: Clodsire|0 fnt
|-unboost|p2a: Great Tusk|def|1
|-unboost|p2a: Great Tusk|spd|1
|faint|p1a: Clodsire
|
|-damage|p2a: Great Tusk|0 fnt|[from] psn
|faint|p2a: Great Tusk
|-end|p2a: Great Tusk|Protosynthesis|[silent]
|upkeep
|inactive|CeceStar has 270 seconds left.
|
|t:|1779904676
|switch|p2a: Pelipper|Pelipper, M|71/100 psn
|switch|p1a: Dragapult|Dragapult, F|100/100
|-damage|p2a: Pelipper|47/100 psn|[from] Stealth Rock
|-weather|RainDance|[from] ability: Drizzle|[of] p2a: Pelipper
|turn|19
|
|t:|1779904691
|switch|p2a: Goodra|Goodra-Hisui, M, shiny|41/100
|-damage|p2a: Goodra|35/100|[from] Stealth Rock
|move|p1a: Dragapult|Hex|p2a: Goodra
|-damage|p2a: Goodra|22/100
|
|-weather|RainDance|[upkeep]
|upkeep
|turn|20
|
|t:|1779904702
|move|p1a: Dragapult|Draco Meteor|p2a: Goodra
|-damage|p2a: Goodra|0 fnt
|-unboost|p1a: Dragapult|spa|2
|faint|p2a: Goodra
|
|-weather|RainDance|[upkeep]
|upkeep
|inactive|Kantola has 270 seconds left.
|
|t:|1779904731
|switch|p2a: Kingdra|Kingdra, F, shiny|100/100
|-damage|p2a: Kingdra|88/100|[from] Stealth Rock
|turn|21
|inactive|Kantola has 270 seconds left.
|
|t:|1779904743
|switch|p1a: Iron Valiant|Iron Valiant|100/100
|-damage|p1a: Iron Valiant|94/100|[from] Stealth Rock
|-enditem|p1a: Iron Valiant|Booster Energy
|-activate|p1a: Iron Valiant|ability: Quark Drive|[fromitem]
|-start|p1a: Iron Valiant|quarkdrivespe
|move|p2a: Kingdra|Weather Ball|p1a: Iron Valiant
|-damage|p1a: Iron Valiant|0 fnt
|faint|p1a: Iron Valiant
|-end|p1a: Iron Valiant|Quark Drive|[silent]
|
|-weather|RainDance|[upkeep]
|upkeep
|
|t:|1779904759
|switch|p1a: Corviknight|Corviknight, F|100/100
|-damage|p1a: Corviknight|88/100|[from] Stealth Rock
|-ability|p1a: Corviknight|Pressure
|turn|22
|
|t:|1779904767
|move|p2a: Kingdra|Weather Ball|p1a: Corviknight
|-damage|p1a: Corviknight|0 fnt
|faint|p1a: Corviknight
|
|-weather|RainDance|[upkeep]
|upkeep
|inactive|CeceStar has 270 seconds left.
|
|t:|1779904789
|switch|p1a: Rotom|Rotom-Heat|100/100
|turn|23
|inactive|CeceStar has 270 seconds left.
|
|t:|1779904795
|-terastallize|p2a: Kingdra|Water
|-terastallize|p1a: Rotom|Electric
|move|p2a: Kingdra|Weather Ball|p1a: Rotom
|-damage|p1a: Rotom|0 fnt
|faint|p1a: Rotom
|
|-weather|RainDance|[upkeep]
|upkeep
|inactive|CeceStar has 270 seconds left.
|
|t:|1779904805
|switch|p1a: Dragapult|Dragapult, F|100/100
|turn|24
|
|t:|1779904825
|move|p2a: Kingdra|Weather Ball|p1a: Dragapult
|-resisted|p1a: Dragapult
|-damage|p1a: Dragapult|2/100
|move|p1a: Dragapult|Draco Meteor|p2a: Kingdra|[miss]
|-miss|p1a: Dragapult|p2a: Kingdra
|
|-weather|RainDance|[upkeep]
|upkeep
|turn|25
|
|t:|1779904836
|move|p2a: Kingdra|Weather Ball|p1a: Dragapult
|-resisted|p1a: Dragapult
|-damage|p1a: Dragapult|0 fnt
|faint|p1a: Dragapult
|
|-weather|RainDance|[upkeep]
|upkeep
|
|t:|1779904837
|switch|p1a: Hawlucha|Hawlucha, F|100/100
|-damage|p1a: Hawlucha|88/100|[from] Stealth Rock
|turn|26
|
|t:|1779904843
|move|p2a: Kingdra|Weather Ball|p1a: Hawlucha
|-damage|p1a: Hawlucha|0 fnt
|faint|p1a: Hawlucha
|
|win|Kantola
|l|☆CeceStar
|player|p1|
