|j|☆mjdhf
|j|☆brockpewtercitygym
|inactive|Battle timer is ON: inactive players will automatically lose when time's up.
|t:|1779927930
|gametype|singles
|player|p1|mjdhf|thorton|
|player|p2|brockpewtercitygym|brock|
|gen|9
|tier|[Gen 9] OU
|rated|Tournament battle
|rule|HP Percentage Mod: HP is shown in percentages
|rule|Endless Battle Clause: Forcing endless battles is banned
|rule|OHKO Clause: OHKO moves are banned
|rule|Evasion Items Clause: Evasion items are banned
|rule|Evasion Moves Clause: Evasion moves are banned
|rule|Evasion Abilities Clause: Evasion abilities are banned
|rule|Sleep Moves Clause: Sleep-inducing moves are banned
|raw|<div class="infobox"><details class="readmore" open><summary><strong>3 custom rules:</strong></summary> !Species Clause, -All Pokemon, +Rotom</details></div>
|clearpoke
|poke|p1|Rotom-Heat|
|poke|p1|Rotom|
|poke|p1|Rotom-Wash|
|poke|p1|Rotom-Mow|
|poke|p1|Rotom-Frost|
|poke|p1|Rotom-Fan|
|poke|p2|Rotom-Heat|
|poke|p2|Rotom-Wash|
|poke|p2|Rotom-Wash|
|poke|p2|Rotom|
|poke|p2|Rotom-Heat|
|poke|p2|Rotom-Mow|
|teampreview
|j|*Lady Monita 
|j| realooos
|c|☆mjdhf|omg its brock leader from pewter city gym
|c|☆mjdhf|gl hf
|
|t:|1779927954
|teamsize|p1|6
|teamsize|p2|6
|start
|switch|p1a: Rotom|Rotom|100/100
|switch|p2a: Rotom|Rotom-Mow|100/100
|turn|1
|c|☆brockpewtercitygym|Indeed it is
|c|☆brockpewtercitygym|hf
|c| realooos|oh I forgot you can have multiple
|l| realooos
|
|t:|1779927962
|move|p1a: Rotom|Trick|p2a: Rotom
|-activate|p1a: Rotom|move: Trick|[of] p2a: Rotom
|-item|p2a: Rotom|Choice Band|[from] move: Trick
|-item|p1a: Rotom|Occa Berry|[from] move: Trick
|move|p2a: Rotom|Confuse Ray|p1a: Rotom
|-start|p1a: Rotom|confusion
|
|upkeep
|turn|2
|
|t:|1779927971
|switch|p1a: Rotom|Rotom-Fan|100/100
|switch|p2a: Rotom|Rotom|100/100
|
|upkeep
|turn|3
|
|t:|1779927980
|move|p1a: Rotom|Shadow Ball|p2a: Rotom
|-supereffective|p2a: Rotom
|-damage|p2a: Rotom|39/100
|move|p2a: Rotom|Thunderbolt|p1a: Rotom
|-damage|p1a: Rotom|43/100
|
|upkeep
|turn|4
|
|t:|1779927985
|move|p1a: Rotom|Shadow Ball|p2a: Rotom
|-supereffective|p2a: Rotom
|-damage|p2a: Rotom|0 fnt
|faint|p2a: Rotom
|
|upkeep
|
|t:|1779927994
|switch|p2a: Rotom|Rotom-Wash|100/100
|turn|5
|c|☆mjdhf|six rotom freeze the new meta, trust
|
|t:|1779928010
|switch|p1a: Rotom|Rotom-Mow|100/100
|move|p2a: Rotom|Volt Switch|p1a: Rotom
|-resisted|p1a: Rotom
|-damage|p1a: Rotom|92/100
|
|t:|1779928013
|switch|p2a: Rotom|Rotom-Heat|100/100|[from] Volt Switch
|
|upkeep
|turn|6
|
|t:|1779928020
|move|p1a: Rotom|Trick|p2a: Rotom
|-activate|p1a: Rotom|move: Trick|[of] p2a: Rotom
|-item|p2a: Rotom|Choice Band|[from] move: Trick
|-item|p1a: Rotom|Leftovers|[from] move: Trick
|move|p2a: Rotom|Confuse Ray|p1a: Rotom
|-start|p1a: Rotom|confusion
|
|-heal|p1a: Rotom|98/100|[from] item: Leftovers
|upkeep
|turn|7
|
|t:|1779928028
|switch|p1a: Rotom|Rotom-Wash|100/100
|switch|p2a: Rotom|Rotom-Wash|100/100
|
|upkeep
|turn|8
|
|t:|1779928037
|move|p1a: Rotom|Volt Switch|p2a: Rotom
|-damage|p2a: Rotom|66/100
|
|t:|1779928048
|switch|p1a: Rotom|Rotom|100/100|[from] Volt Switch
|move|p2a: Rotom|Nasty Plot|p2a: Rotom
|-boost|p2a: Rotom|spa|2
|
|upkeep
|turn|9
|
|t:|1779928051
|move|p1a: Rotom|Will-O-Wisp|p2a: Rotom
|-status|p2a: Rotom|brn
|move|p2a: Rotom|Hydro Pump|p1a: Rotom
|-damage|p1a: Rotom|0 fnt
|faint|p1a: Rotom
|
|-damage|p2a: Rotom|60/100 brn|[from] brn
|upkeep
|
|t:|1779928065
|switch|p1a: Rotom|Rotom-Mow|98/100
|turn|10
|
|t:|1779928076
|move|p2a: Rotom|Volt Switch|p1a: Rotom
|-resisted|p1a: Rotom
|-crit|p1a: Rotom
|-damage|p1a: Rotom|71/100
|
|t:|1779928079
|switch|p2a: Rotom|Rotom-Heat|100/100|[from] Volt Switch
|move|p1a: Rotom|Leaf Storm|p2a: Rotom
|-resisted|p2a: Rotom
|-damage|p2a: Rotom|69/100
|-unboost|p1a: Rotom|spa|2
|
|-heal|p1a: Rotom|77/100|[from] item: Leftovers
|upkeep
|turn|11
|
|t:|1779928083
|switch|p1a: Rotom|Rotom-Wash|100/100
|move|p2a: Rotom|Confuse Ray|p1a: Rotom
|-start|p1a: Rotom|confusion
|
|upkeep
|turn|12
|
|t:|1779928092
|switch|p2a: Rotom|Rotom-Heat|100/100
|-activate|p1a: Rotom|confusion
|move|p1a: Rotom|Protect||[still]
|-fail|p1a: Rotom
|
|upkeep
|turn|13
|
|t:|1779928102
|switch|p2a: Rotom|Rotom-Wash|60/100 brn
|-activate|p1a: Rotom|confusion
|move|p1a: Rotom|Hydro Pump|p2a: Rotom
|-resisted|p2a: Rotom
|-damage|p2a: Rotom|34/100 brn
|
|-damage|p2a: Rotom|27/100 brn|[from] brn
|upkeep
|turn|14
|
|t:|1779928106
|-activate|p1a: Rotom|confusion
|-damage|p1a: Rotom|96/100|[from] confusion
|move|p2a: Rotom|Rest|p2a: Rotom
|-status|p2a: Rotom|slp|[from] move: Rest
|-heal|p2a: Rotom|100/100 slp|[silent]
|-enditem|p2a: Rotom|Chesto Berry|[eat]
|-curestatus|p2a: Rotom|slp|[msg]
|
|-heal|p1a: Rotom|100/100|[from] item: Leftovers
|upkeep
|turn|15
|
|t:|1779928114
|move|p2a: Rotom|Nasty Plot|p2a: Rotom
|-boost|p2a: Rotom|spa|2
|-activate|p1a: Rotom|confusion
|move|p1a: Rotom|Volt Switch|p2a: Rotom
|-damage|p2a: Rotom|67/100
|
|t:|1779928123
|switch|p1a: Rotom|Rotom-Mow|77/100|[from] Volt Switch
|
|-heal|p1a: Rotom|83/100|[from] item: Leftovers
|upkeep
|turn|16
|
|t:|1779928127
|move|p1a: Rotom|Leaf Storm|p2a: Rotom|[miss]
|-miss|p1a: Rotom|p2a: Rotom
|move|p2a: Rotom|Hydro Pump|p1a: Rotom
|-resisted|p1a: Rotom
|-damage|p1a: Rotom|27/100
|
|-heal|p1a: Rotom|34/100|[from] item: Leftovers
|upkeep
|turn|17
|
|t:|1779928128
|switch|p2a: Rotom|Rotom-Heat|69/100
|move|p1a: Rotom|Leaf Storm|p2a: Rotom
|-resisted|p2a: Rotom
|-damage|p2a: Rotom|39/100
|-unboost|p1a: Rotom|spa|2
|
|-heal|p1a: Rotom|40/100|[from] item: Leftovers
|upkeep
|turn|18
|
|t:|1779928137
|switch|p1a: Rotom|Rotom-Heat|100/100
|move|p2a: Rotom|Overheat|p1a: Rotom|[miss]
|-miss|p2a: Rotom|p1a: Rotom
|
|upkeep
|turn|19
|
|t:|1779928147
|switch|p2a: Rotom|Rotom-Wash|67/100
|move|p1a: Rotom|Shadow Ball|p2a: Rotom
|-damage|p2a: Rotom|41/100
|-unboost|p2a: Rotom|spd|1
|
|upkeep
|turn|20
|
|t:|1779928151
|move|p2a: Rotom|Rest|p2a: Rotom
|-status|p2a: Rotom|slp|[from] move: Rest
|-heal|p2a: Rotom|100/100 slp|[silent]
|move|p1a: Rotom|Volt Switch|p2a: Rotom
|-damage|p2a: Rotom|53/100 slp
|
|t:|1779928155
|switch|p1a: Rotom|Rotom-Mow|40/100|[from] Volt Switch
|
|-heal|p1a: Rotom|46/100|[from] item: Leftovers
|upkeep
|turn|21
|
|t:|1779928161
|switch|p2a: Rotom|Rotom-Mow|100/100
|move|p1a: Rotom|Leaf Storm|p2a: Rotom
|-resisted|p2a: Rotom
|-damage|p2a: Rotom|68/100
|-unboost|p1a: Rotom|spa|2
|
|-heal|p1a: Rotom|52/100|[from] item: Leftovers
|upkeep
|turn|22
|
|t:|1779928167
|switch|p1a: Rotom|Rotom-Heat|100/100
|move|p2a: Rotom|Nasty Plot|p2a: Rotom
|-boost|p2a: Rotom|spa|2
|
|upkeep
|turn|23
|
|t:|1779928171
|switch|p2a: Rotom|Rotom-Wash|53/100 slp
|move|p1a: Rotom|Overheat|p2a: Rotom
|-resisted|p2a: Rotom
|-damage|p2a: Rotom|24/100 slp
|-unboost|p1a: Rotom|spa|2
|
|upkeep
|turn|24
|
|t:|1779928175
|move|p1a: Rotom|Volt Switch|p2a: Rotom
|-damage|p2a: Rotom|7/100 slp
|
|t:|1779928178
|switch|p1a: Rotom|Rotom-Fan|43/100|[from] Volt Switch
|cant|p2a: Rotom|slp
|
|upkeep
|turn|25
|
|t:|1779928184
|move|p1a: Rotom|Charge Beam|p2a: Rotom
|-damage|p2a: Rotom|0 fnt
|-boost|p1a: Rotom|spa|1
|faint|p2a: Rotom
|
|upkeep
|
|t:|1779928186
|switch|p2a: Rotom|Rotom-Heat|100/100
|turn|26
|
|t:|1779928189
|move|p1a: Rotom|Charge Beam|p2a: Rotom
|-resisted|p2a: Rotom
|-damage|p2a: Rotom|83/100
|-boost|p1a: Rotom|spa|1
|move|p2a: Rotom|Nasty Plot|p2a: Rotom
|-boost|p2a: Rotom|spa|2
|
|upkeep
|turn|27
|
|t:|1779928191
|move|p1a: Rotom|Charge Beam|p2a: Rotom
|-resisted|p2a: Rotom
|-damage|p2a: Rotom|61/100
|-boost|p1a: Rotom|spa|1
|move|p2a: Rotom|Thunderbolt|p1a: Rotom
|-damage|p1a: Rotom|0 fnt
|faint|p1a: Rotom
|-damage|p2a: Rotom|51/100|[from] item: Life Orb
|
|upkeep
|
|t:|1779928207
|switch|p1a: Rotom|Rotom-Wash|100/100
|turn|28
|
|t:|1779928212
|move|p2a: Rotom|Dark Pulse|p1a: Rotom
|-damage|p1a: Rotom|38/100
|-damage|p2a: Rotom|41/100|[from] item: Life Orb
|move|p1a: Rotom|Hydro Pump|p2a: Rotom|[miss]
|-miss|p1a: Rotom|p2a: Rotom
|
|-heal|p1a: Rotom|44/100|[from] item: Leftovers
|upkeep
|turn|29
|c|☆mjdhf|damn that iss will cost
|
|t:|1779928221
|move|p1a: Rotom|Hydro Pump|p2a: Rotom
|-supereffective|p2a: Rotom
|-damage|p2a: Rotom|0 fnt
|faint|p2a: Rotom
|
|-heal|p1a: Rotom|50/100|[from] item: Leftovers
|upkeep
|c|☆brockpewtercitygym|or not
|c|☆mjdhf|maybe not
|
|t:|1779928234
|switch|p2a: Rotom|Rotom-Wash|100/100
|turn|30
|c|☆mjdhf|good old speed ties ig
|
|t:|1779928240
|move|p1a: Rotom|Pain Split|p2a: Rotom
|-sethp|p2a: Rotom|82/100|[from] move: Pain Split|[silent]
|-sethp|p1a: Rotom|65/100|[from] move: Pain Split
|move|p2a: Rotom|Nasty Plot|p2a: Rotom
|-boost|p2a: Rotom|spa|2
|
|-heal|p1a: Rotom|71/100|[from] item: Leftovers
|upkeep
|turn|31
|
|t:|1779928250
|move|p1a: Rotom|Volt Switch|p2a: Rotom
|-damage|p2a: Rotom|47/100
|
|t:|1779928252
|switch|p1a: Rotom|Rotom-Mow|52/100|[from] Volt Switch
|move|p2a: Rotom|Thunder|p1a: Rotom|[miss]
|-miss|p2a: Rotom|p1a: Rotom
|
|-heal|p1a: Rotom|59/100|[from] item: Leftovers
|upkeep
|turn|32
|
|t:|1779928258
|move|p1a: Rotom|Leaf Storm|p2a: Rotom
|-supereffective|p2a: Rotom
|-crit|p2a: Rotom
|-damage|p2a: Rotom|0 fnt
|-unboost|p1a: Rotom|spa|2
|faint|p2a: Rotom
|
|-heal|p1a: Rotom|65/100|[from] item: Leftovers
|upkeep
|
|t:|1779928260
|switch|p2a: Rotom|Rotom-Mow|68/100
|turn|33
|
|t:|1779928265
|switch|p1a: Rotom|Rotom-Heat|100/100
|move|p2a: Rotom|Leaf Storm|p1a: Rotom
|-resisted|p1a: Rotom
|-damage|p1a: Rotom|70/100
|-unboost|p2a: Rotom|spa|2
|
|-heal|p1a: Rotom|76/100|[from] item: Leftovers
|upkeep
|turn|34
|
|t:|1779928274
|switch|p2a: Rotom|Rotom-Heat|39/100
|move|p1a: Rotom|Overheat|p2a: Rotom|[miss]
|-miss|p1a: Rotom|p2a: Rotom
|
|-heal|p1a: Rotom|82/100|[from] item: Leftovers
|upkeep
|turn|35
|c|☆brockpewtercitygym|gg
|
|t:|1779928279
|move|p2a: Rotom|Confuse Ray|p1a: Rotom
|-start|p1a: Rotom|confusion
|-activate|p1a: Rotom|confusion
|-damage|p1a: Rotom|77/100|[from] confusion
|
|-heal|p1a: Rotom|83/100|[from] item: Leftovers
|upkeep
|turn|36
|
|t:|1779928282
|switch|p2a: Rotom|Rotom-Mow|68/100
|-activate|p1a: Rotom|confusion
|move|p1a: Rotom|Volt Switch|p2a: Rotom
|-resisted|p2a: Rotom
|-damage|p2a: Rotom|60/100
|
|t:|1779928285
|switch|p1a: Rotom|Rotom-Frost|100/100|[from] Volt Switch
|
|upkeep
|turn|37
|
|t:|1779928290
|move|p2a: Rotom|Volt Switch|p1a: Rotom
|-resisted|p1a: Rotom
|-damage|p1a: Rotom|84/100
|
|t:|1779928291
|switch|p2a: Rotom|Rotom-Heat|39/100|[from] Volt Switch
|move|p1a: Rotom|Blizzard|p2a: Rotom
|-resisted|p2a: Rotom
|-damage|p2a: Rotom|0 fnt
|faint|p2a: Rotom
|
|upkeep
|
|t:|1779928292
|switch|p2a: Rotom|Rotom-Mow|60/100
|turn|38
|
|t:|1779928297
|-terastallize|p2a: Rotom|Water
|move|p1a: Rotom|Blizzard|p2a: Rotom
|-resisted|p2a: Rotom
|-damage|p2a: Rotom|17/100
|move|p2a: Rotom|Confuse Ray|p1a: Rotom
|-start|p1a: Rotom|confusion
|
|upkeep
|turn|39
|
|t:|1779928301
|-activate|p1a: Rotom|confusion
|-damage|p1a: Rotom|78/100|[from] confusion
|move|p2a: Rotom|Confuse Ray||[still]
|-fail|p2a: Rotom
|
|upkeep
|turn|40
|
|t:|1779928306
|-end|p1a: Rotom|confusion
|move|p1a: Rotom|Blizzard|p2a: Rotom
|-resisted|p2a: Rotom
|-damage|p2a: Rotom|0 fnt
|faint|p2a: Rotom
|
|win|mjdhf
|n|☆mjdhf|mjdhf
|n|☆brockpewtercitygym|brockpewtercitygym
|n|*Lady Monita |ladymonita
