|j|☆nwalesu
|j|☆prakshep
|t:|1779965453
|gametype|singles
|player|p1|nwalesu|pokemaniac|1548
|player|p2|prakshep|nate|1489
|gen|9
|tier|[Gen 9] OU
|rated|
|rule|HP Percentage Mod: HP is shown in percentages
|rule|Endless Battle Clause: Forcing endless battles is banned
|rule|Species Clause: Limit one of each Pokémon
|rule|OHKO Clause: OHKO moves are banned
|rule|Evasion Items Clause: Evasion items are banned
|rule|Evasion Moves Clause: Evasion moves are banned
|rule|Evasion Abilities Clause: Evasion abilities are banned
|rule|Sleep Moves Clause: Sleep-inducing moves are banned
|clearpoke
|poke|p1|Dragapult, F|
|poke|p1|Rotom-Heat|
|poke|p1|Clodsire, F|
|poke|p1|Mandibuzz, F|
|poke|p1|Dragonite, M|
|poke|p1|Iron Valiant|
|poke|p2|Iron Crown|
|poke|p2|Iron Moth|
|poke|p2|Great Tusk|
|poke|p2|Polteageist-Antique|
|poke|p2|Rillaboom, F|
|poke|p2|Dragonite, M|
|teampreview
|inactive|Battle timer is ON: inactive players will automatically lose when time's up. (requested by nwalesu)
|
|t:|1779965482
|teamsize|p1|6
|teamsize|p2|6
|start
|switch|p1a: Drippy|Dragapult, F|100/100
|switch|p2a: Iron Moth|Iron Moth|100/100
|-enditem|p2a: Iron Moth|Booster Energy
|-activate|p2a: Iron Moth|ability: Quark Drive|[fromitem]
|-start|p2a: Iron Moth|quarkdrivespe
|turn|1
|
|t:|1779965490
|switch|p1a: Clodsire|Clodsire, F|100/100
|move|p2a: Iron Moth|Fiery Dance|p1a: Clodsire
|-crit|p1a: Clodsire
|-damage|p1a: Clodsire|69/100
|
|-heal|p1a: Clodsire|75/100|[from] item: Black Sludge
|upkeep
|turn|2
|
|t:|1779965506
|move|p2a: Iron Moth|Fiery Dance|p1a: Clodsire
|-damage|p1a: Clodsire|55/100
|-boost|p2a: Iron Moth|spa|1
|move|p1a: Clodsire|Earthquake|p2a: Iron Moth
|-supereffective|p2a: Iron Moth
|-damage|p2a: Iron Moth|0 fnt
|faint|p2a: Iron Moth
|-end|p2a: Iron Moth|Quark Drive|[silent]
|
|-heal|p1a: Clodsire|61/100|[from] item: Black Sludge
|upkeep
|
|t:|1779965513
|switch|p2a: Iron Crown|Iron Crown|100/100
|-enditem|p2a: Iron Crown|Booster Energy
|-activate|p2a: Iron Crown|ability: Quark Drive|[fromitem]
|-start|p2a: Iron Crown|quarkdrivespe
|turn|3
|
|t:|1779965526
|move|p2a: Iron Crown|Calm Mind|p2a: Iron Crown
|-boost|p2a: Iron Crown|spa|1
|-boost|p2a: Iron Crown|spd|1
|move|p1a: Clodsire|Earthquake|p2a: Iron Crown
|-supereffective|p2a: Iron Crown
|-damage|p2a: Iron Crown|42/100
|
|-heal|p1a: Clodsire|67/100|[from] item: Black Sludge
|upkeep
|turn|4
|
|t:|1779965531
|switch|p1a: Mandibuzz|Mandibuzz, F|100/100
|move|p2a: Iron Crown|Psychic|p1a: Mandibuzz
|-immune|p1a: Mandibuzz
|
|upkeep
|turn|5
|
|t:|1779965536
|move|p2a: Iron Crown|Focus Blast|p1a: Mandibuzz|[miss]
|-miss|p2a: Iron Crown|p1a: Mandibuzz
|move|p1a: Mandibuzz|Foul Play|p2a: Iron Crown
|-supereffective|p2a: Iron Crown
|-damage|p2a: Iron Crown|0 fnt
|faint|p2a: Iron Crown
|-end|p2a: Iron Crown|Quark Drive|[silent]
|
|upkeep
|
|t:|1779965565
|switch|p2a: Great Tusk|Great Tusk, shiny|100/100
|-enditem|p2a: Great Tusk|Booster Energy
|-activate|p2a: Great Tusk|ability: Protosynthesis|[fromitem]
|-start|p2a: Great Tusk|protosynthesisatk
|turn|6
|
|t:|1779965582
|move|p2a: Great Tusk|Ice Spinner|p1a: Mandibuzz
|-supereffective|p1a: Mandibuzz
|-damage|p1a: Mandibuzz|57/100
|move|p1a: Mandibuzz|U-turn|p2a: Great Tusk
|-resisted|p2a: Great Tusk
|-crit|p2a: Great Tusk
|-damage|p2a: Great Tusk|94/100
|inactive|nwalesu has 120 seconds left.
|
|t:|1779965605
|switch|p1a: Cookie maker|Rotom-Heat|100/100|[from] U-turn
|
|upkeep
|turn|7
|
|t:|1779965616
|move|p2a: Great Tusk|Close Combat|p1a: Cookie maker
|-damage|p1a: Cookie maker|0 fnt
|-unboost|p2a: Great Tusk|def|1
|-unboost|p2a: Great Tusk|spd|1
|faint|p1a: Cookie maker
|
|upkeep
|inactive|nwalesu has 120 seconds left.
|
|t:|1779965655
|switch|p1a: Iron Valiant|Iron Valiant|100/100
|-enditem|p1a: Iron Valiant|Booster Energy
|-activate|p1a: Iron Valiant|ability: Quark Drive|[fromitem]
|-start|p1a: Iron Valiant|quarkdrivespe
|turn|8
|
|t:|1779965664
|-end|p2a: Great Tusk|Protosynthesis|[silent]
|switch|p2a: Rillaboom|Rillaboom, F|100/100
|-fieldstart|move: Grassy Terrain|[from] ability: Grassy Surge|[of] p2a: Rillaboom
|move|p1a: Iron Valiant|Moonblast|p2a: Rillaboom
|-damage|p2a: Rillaboom|36/100
|
|-heal|p2a: Rillaboom|42/100|[from] Grassy Terrain
|upkeep
|turn|9
|inactive|nwalesu has 90 seconds left.
|
|t:|1779965709
|move|p2a: Rillaboom|Grassy Glide|p1a: Iron Valiant
|-damage|p1a: Iron Valiant|23/100
|move|p1a: Iron Valiant|Moonblast|p2a: Rillaboom
|-damage|p2a: Rillaboom|0 fnt
|faint|p2a: Rillaboom
|
|-heal|p1a: Iron Valiant|29/100|[from] Grassy Terrain
|upkeep
|
|t:|1779965715
|switch|p2a: Dragonite|Dragonite, M|100/100
|turn|10
|
|t:|1779965722
|-terastallize|p1a: Iron Valiant|Ghost
|move|p1a: Iron Valiant|Encore||[still]
|-fail|p1a: Iron Valiant
|move|p2a: Dragonite|Dragon Dance|p2a: Dragonite
|-boost|p2a: Dragonite|atk|1
|-boost|p2a: Dragonite|spe|1
|
|-heal|p1a: Iron Valiant|35/100|[from] Grassy Terrain
|upkeep
|turn|11
|
|t:|1779965730
|switch|p2a: Great Tusk|Great Tusk, shiny|94/100
|move|p1a: Iron Valiant|Encore||[still]
|-fail|p1a: Iron Valiant
|
|-heal|p1a: Iron Valiant|41/100|[from] Grassy Terrain
|-heal|p2a: Great Tusk|99/100|[from] Grassy Terrain
|upkeep
|turn|12
|
|t:|1779965750
|move|p1a: Iron Valiant|Moonblast|p2a: Great Tusk
|-supereffective|p2a: Great Tusk
|-damage|p2a: Great Tusk|0 fnt
|faint|p2a: Great Tusk
|-end|p2a: Great Tusk|Protosynthesis|[silent]
|
|-heal|p1a: Iron Valiant|48/100|[from] Grassy Terrain
|-fieldend|move: Grassy Terrain
|upkeep
|
|t:|1779965760
|switch|p2a: Dragonite|Dragonite, M|100/100
|turn|13
|
|t:|1779965766
|move|p1a: Iron Valiant|Moonblast|p2a: Dragonite
|-supereffective|p2a: Dragonite
|-crit|p2a: Dragonite
|-damage|p2a: Dragonite|25/100
|-enditem|p2a: Dragonite|Weakness Policy
|-boost|p2a: Dragonite|atk|2|[from] item: Weakness Policy
|-boost|p2a: Dragonite|spa|2|[from] item: Weakness Policy
|move|p2a: Dragonite|Dragon Claw|p1a: Iron Valiant
|-damage|p1a: Iron Valiant|0 fnt
|faint|p1a: Iron Valiant
|-end|p1a: Iron Valiant|Quark Drive|[silent]
|
|upkeep
|
|t:|1779965777
|switch|p1a: Drippy|Dragapult, F|100/100
|turn|14
|
|t:|1779965780
|move|p1a: Drippy|Dragon Darts|p2a: Dragonite
|-supereffective|p2a: Dragonite
|-damage|p2a: Dragonite|0 fnt
|faint|p2a: Dragonite
|
|upkeep
|
|t:|1779965782
|switch|p2a: Polteageist|Polteageist-Antique|100/100
|turn|15
|
|t:|1779965796
|-terastallize|p2a: Polteageist|Grass
|move|p1a: Drippy|U-turn|p2a: Polteageist
|-supereffective|p2a: Polteageist
|-damage|p2a: Polteageist|13/100
|-ability|p2a: Polteageist|Weak Armor|boost
|-unboost|p2a: Polteageist|def|1
|-boost|p2a: Polteageist|spe|2
|
|t:|1779965799
|switch|p1a: Mandibuzz|Mandibuzz, F|57/100|[from] U-turn
|move|p2a: Polteageist|Shell Smash|p2a: Polteageist
|-unboost|p2a: Polteageist|def|1
|-unboost|p2a: Polteageist|spd|1
|-boost|p2a: Polteageist|atk|2
|-boost|p2a: Polteageist|spa|2
|-boost|p2a: Polteageist|spe|2
|
|upkeep
|turn|16
|
|t:|1779965807
|move|p2a: Polteageist|Stored Power|p1a: Mandibuzz
|-immune|p1a: Mandibuzz
|move|p1a: Mandibuzz|Foul Play|p2a: Polteageist
|-damage|p2a: Polteageist|0 fnt
|faint|p2a: Polteageist
|
|win|nwalesu
|raw|nwalesu's rating: 1502 &rarr; <strong>1521</strong><br />(+19 for winning)
|raw|prakshep's rating: 1489 &rarr; <strong>1470</strong><br />(-19 for losing)
|l|☆prakshep
|player|p2|
|l|☆nwalesu
|player|p1|
