|j|☆Makatuk
|j|☆cdubs00
|t:|1779971692
|gametype|singles
|player|p1|Makatuk|red|1381
|player|p2|cdubs00|266|1404
|gen|9
|tier|[Gen 9] OU
|rated|
|rule|HP Percentage Mod: HP is shown in percentages
|rule|Endless Battle Clause: Forcing endless battles is banned
|rule|Species Clause: Limit one of each Pokémon
|rule|OHKO Clause: OHKO moves are banned
|rule|Evasion Items Clause: Evasion items are banned
|rule|Evasion Moves Clause: Evasion moves are banned
|rule|Evasion Abilities Clause: Evasion abilities are banned
|rule|Sleep Moves Clause: Sleep-inducing moves are banned
|clearpoke
|poke|p1|Hawlucha, F|
|poke|p1|Garganacl, F|
|poke|p1|Hatterene, F|
|poke|p1|Rillaboom, F|
|poke|p1|Raging Bolt|
|poke|p1|Frosmoth, F|
|poke|p2|Regieleki|
|poke|p2|Corviknight, M|
|poke|p2|Ogerpon-Wellspring, F|
|poke|p2|Great Tusk|
|poke|p2|Dragapult, M|
|poke|p2|Kingambit, F|
|teampreview
|inactive|Battle timer is ON: inactive players will automatically lose when time's up. (requested by Makatuk)
|
|t:|1779971706
|teamsize|p1|6
|teamsize|p2|6
|start
|switch|p1a: My Arrival Worm|Rillaboom, F|100/100
|switch|p2a: Regieleki|Regieleki|100/100
|-fieldstart|move: Grassy Terrain|[from] ability: Grassy Surge|[of] p1a: My Arrival Worm
|turn|1
|
|t:|1779971713
|move|p2a: Regieleki|Volt Switch|p1a: My Arrival Worm
|-resisted|p1a: My Arrival Worm
|-damage|p1a: My Arrival Worm|79/100
|
|t:|1779971716
|switch|p2a: Corviknight|Corviknight, M|100/100|[from] Volt Switch
|-ability|p2a: Corviknight|Pressure
|move|p1a: My Arrival Worm|U-turn|p2a: Corviknight
|-resisted|p2a: Corviknight
|-damage|p2a: Corviknight|95/100
|-damage|p1a: My Arrival Worm|63/100|[from] item: Rocky Helmet|[of] p2a: Corviknight
|
|t:|1779971722
|switch|p1a: Free to be Bees|Raging Bolt|100/100|[from] U-turn
|-enditem|p1a: Free to be Bees|Booster Energy
|-activate|p1a: Free to be Bees|ability: Protosynthesis|[fromitem]
|-start|p1a: Free to be Bees|protosynthesisspa
|
|upkeep
|turn|2
|
|t:|1779971745
|-terastallize|p2a: Corviknight|Ghost
|move|p1a: Free to be Bees|Calm Mind|p1a: Free to be Bees
|-boost|p1a: Free to be Bees|spa|1
|-boost|p1a: Free to be Bees|spd|1
|move|p2a: Corviknight|U-turn|p1a: Free to be Bees
|-damage|p1a: Free to be Bees|89/100
|
|t:|1779971749
|switch|p2a: Great Tusk|Great Tusk|100/100|[from] U-turn
|
|-heal|p1a: Free to be Bees|95/100|[from] Grassy Terrain
|upkeep
|turn|3
|
|t:|1779971757
|-terastallize|p1a: Free to be Bees|Fairy
|move|p2a: Great Tusk|Headlong Rush|p1a: Free to be Bees
|-damage|p1a: Free to be Bees|42/100
|-unboost|p2a: Great Tusk|def|1
|-unboost|p2a: Great Tusk|spd|1
|move|p1a: Free to be Bees|Draco Meteor|p2a: Great Tusk
|-damage|p2a: Great Tusk|0 fnt
|-unboost|p1a: Free to be Bees|spa|2
|faint|p2a: Great Tusk
|-end|p2a: Great Tusk|Protosynthesis|[silent]
|
|-heal|p1a: Free to be Bees|48/100|[from] Grassy Terrain
|upkeep
|
|t:|1779971780
|switch|p2a: Ogerpon|Ogerpon-Wellspring, F|100/100
|turn|4
|
|t:|1779971784
|move|p2a: Ogerpon|Ivy Cudgel|p1a: Free to be Bees|[anim] Ivy Cudgel Water
|-damage|p1a: Free to be Bees|4/100
|move|p1a: Free to be Bees|Thunderbolt|p2a: Ogerpon
|-damage|p2a: Ogerpon|50/100
|
|-heal|p2a: Ogerpon|56/100|[from] Grassy Terrain
|-heal|p1a: Free to be Bees|10/100|[from] Grassy Terrain
|upkeep
|turn|5
|
|t:|1779971790
|move|p1a: Free to be Bees|Thunderclap|p2a: Ogerpon
|-damage|p2a: Ogerpon|17/100
|move|p2a: Ogerpon|Ivy Cudgel|p1a: Free to be Bees|[anim] Ivy Cudgel Water
|-damage|p1a: Free to be Bees|0 fnt
|faint|p1a: Free to be Bees
|-end|p1a: Free to be Bees|Protosynthesis|[silent]
|
|-heal|p2a: Ogerpon|23/100|[from] Grassy Terrain
|-fieldend|move: Grassy Terrain
|upkeep
|
|t:|1779971795
|switch|p1a: My Arrival Worm|Rillaboom, F|63/100
|-fieldstart|move: Grassy Terrain|[from] ability: Grassy Surge|[of] p1a: My Arrival Worm
|turn|6
|
|t:|1779971799
|switch|p2a: Corviknight|Corviknight, M, tera:Ghost|95/100
|-ability|p2a: Corviknight|Pressure
|move|p1a: My Arrival Worm|U-turn|p2a: Corviknight
|-resisted|p2a: Corviknight
|-damage|p2a: Corviknight|85/100
|-damage|p1a: My Arrival Worm|46/100|[from] item: Rocky Helmet|[of] p2a: Corviknight
|
|t:|1779971810
|switch|p1a: SEAAA SAAAAAALT!!!|Garganacl, F|100/100|[from] U-turn
|
|-heal|p2a: Corviknight|91/100|[from] Grassy Terrain
|upkeep
|turn|7
|
|t:|1779971814
|move|p2a: Corviknight|Taunt|p1a: SEAAA SAAAAAALT!!!
|-start|p1a: SEAAA SAAAAAALT!!!|move: Taunt
|move|p1a: SEAAA SAAAAAALT!!!|Salt Cure|p2a: Corviknight
|-damage|p2a: Corviknight|79/100
|-start|p2a: Corviknight|Salt Cure
|
|-heal|p2a: Corviknight|85/100|[from] Grassy Terrain
|-damage|p2a: Corviknight|73/100|[from] Salt Cure
|upkeep
|turn|8
|
|t:|1779971821
|move|p2a: Corviknight|U-turn|p1a: SEAAA SAAAAAALT!!!
|-damage|p1a: SEAAA SAAAAAALT!!!|91/100
|
|t:|1779971823
|switch|p2a: Regieleki|Regieleki|100/100|[from] U-turn
|move|p1a: SEAAA SAAAAAALT!!!|Salt Cure|p2a: Regieleki
|-damage|p2a: Regieleki|72/100
|-start|p2a: Regieleki|Salt Cure
|
|-heal|p2a: Regieleki|78/100|[from] Grassy Terrain
|-heal|p1a: SEAAA SAAAAAALT!!!|97/100|[from] Grassy Terrain
|-heal|p1a: SEAAA SAAAAAALT!!!|100/100|[from] item: Leftovers
|-damage|p2a: Regieleki|66/100|[from] Salt Cure
|upkeep
|turn|9
|
|t:|1779971831
|move|p2a: Regieleki|Thunderbolt|p1a: SEAAA SAAAAAALT!!!
|-damage|p1a: SEAAA SAAAAAALT!!!|53/100
|move|p1a: SEAAA SAAAAAALT!!!|Salt Cure|p2a: Regieleki
|-damage|p2a: Regieleki|39/100
|
|-heal|p2a: Regieleki|45/100|[from] Grassy Terrain
|-heal|p1a: SEAAA SAAAAAALT!!!|59/100|[from] Grassy Terrain
|-heal|p1a: SEAAA SAAAAAALT!!!|65/100|[from] item: Leftovers
|-damage|p2a: Regieleki|32/100|[from] Salt Cure
|-end|p1a: SEAAA SAAAAAALT!!!|move: Taunt
|upkeep
|turn|10
|
|t:|1779971834
|move|p1a: SEAAA SAAAAAALT!!!|Protect|p1a: SEAAA SAAAAAALT!!!
|-singleturn|p1a: SEAAA SAAAAAALT!!!|Protect
|move|p2a: Regieleki|Thunderbolt|p1a: SEAAA SAAAAAALT!!!
|-activate|p1a: SEAAA SAAAAAALT!!!|move: Protect
|
|-heal|p2a: Regieleki|38/100|[from] Grassy Terrain
|-heal|p1a: SEAAA SAAAAAALT!!!|72/100|[from] Grassy Terrain
|-heal|p1a: SEAAA SAAAAAALT!!!|78/100|[from] item: Leftovers
|-damage|p2a: Regieleki|26/100|[from] Salt Cure
|-fieldend|move: Grassy Terrain
|upkeep
|turn|11
|
|t:|1779971840
|move|p2a: Regieleki|Thunderbolt|p1a: SEAAA SAAAAAALT!!!
|-damage|p1a: SEAAA SAAAAAALT!!!|25/100
|move|p1a: SEAAA SAAAAAALT!!!|Salt Cure|p2a: Regieleki
|-damage|p2a: Regieleki|0 fnt
|faint|p2a: Regieleki
|
|-heal|p1a: SEAAA SAAAAAALT!!!|31/100|[from] item: Leftovers
|upkeep
|
|t:|1779971846
|switch|p2a: Ogerpon|Ogerpon-Wellspring, F|23/100
|turn|12
|
|t:|1779971849
|switch|p1a: My Arrival Worm|Rillaboom, F|46/100
|-fieldstart|move: Grassy Terrain|[from] ability: Grassy Surge|[of] p1a: My Arrival Worm
|move|p2a: Ogerpon|Knock Off|p1a: My Arrival Worm
|-damage|p1a: My Arrival Worm|8/100
|-enditem|p1a: My Arrival Worm|Assault Vest|[from] move: Knock Off|[of] p2a: Ogerpon
|
|-heal|p2a: Ogerpon|29/100|[from] Grassy Terrain
|-heal|p1a: My Arrival Worm|14/100|[from] Grassy Terrain
|upkeep
|turn|13
|
|t:|1779971856
|switch|p2a: Corviknight|Corviknight, M, tera:Ghost|73/100
|-ability|p2a: Corviknight|Pressure
|move|p1a: My Arrival Worm|Grassy Glide|p2a: Corviknight
|-damage|p2a: Corviknight|41/100
|-damage|p1a: My Arrival Worm|0 fnt|[from] item: Rocky Helmet|[of] p2a: Corviknight
|faint|p1a: My Arrival Worm
|
|-heal|p2a: Corviknight|47/100|[from] Grassy Terrain
|upkeep
|
|t:|1779971858
|switch|p1a: SEAAA SAAAAAALT!!!|Garganacl, F|31/100
|turn|14
|
|t:|1779971866
|move|p2a: Corviknight|Taunt|p1a: SEAAA SAAAAAALT!!!
|-start|p1a: SEAAA SAAAAAALT!!!|move: Taunt
|move|p1a: SEAAA SAAAAAALT!!!|Salt Cure|p2a: Corviknight
|-damage|p2a: Corviknight|35/100
|-start|p2a: Corviknight|Salt Cure
|
|-heal|p2a: Corviknight|41/100|[from] Grassy Terrain
|-heal|p1a: SEAAA SAAAAAALT!!!|37/100|[from] Grassy Terrain
|-heal|p1a: SEAAA SAAAAAALT!!!|43/100|[from] item: Leftovers
|-damage|p2a: Corviknight|29/100|[from] Salt Cure
|upkeep
|turn|15
|
|t:|1779971871
|move|p2a: Corviknight|Roost|p2a: Corviknight
|-heal|p2a: Corviknight|79/100
|move|p1a: SEAAA SAAAAAALT!!!|Salt Cure|p2a: Corviknight
|-damage|p2a: Corviknight|68/100
|
|-heal|p2a: Corviknight|74/100|[from] Grassy Terrain
|-heal|p1a: SEAAA SAAAAAALT!!!|50/100|[from] Grassy Terrain
|-heal|p1a: SEAAA SAAAAAALT!!!|56/100|[from] item: Leftovers
|-damage|p2a: Corviknight|61/100|[from] Salt Cure
|upkeep
|turn|16
|
|t:|1779971877
|move|p2a: Corviknight|U-turn|p1a: SEAAA SAAAAAALT!!!
|-damage|p1a: SEAAA SAAAAAALT!!!|46/100
|
|t:|1779971879
|switch|p2a: Dragapult|Dragapult, M|100/100|[from] U-turn
|move|p1a: SEAAA SAAAAAALT!!!|Salt Cure|p2a: Dragapult
|-damage|p2a: Dragapult|82/100
|-start|p2a: Dragapult|Salt Cure
|
|-heal|p2a: Dragapult|88/100|[from] Grassy Terrain
|-heal|p1a: SEAAA SAAAAAALT!!!|52/100|[from] Grassy Terrain
|-heal|p1a: SEAAA SAAAAAALT!!!|59/100|[from] item: Leftovers
|-damage|p2a: Dragapult|76/100|[from] Salt Cure
|-end|p1a: SEAAA SAAAAAALT!!!|move: Taunt
|-fieldend|move: Grassy Terrain
|upkeep
|turn|17
|
|t:|1779971883
|move|p1a: SEAAA SAAAAAALT!!!|Protect|p1a: SEAAA SAAAAAALT!!!
|-singleturn|p1a: SEAAA SAAAAAALT!!!|Protect
|move|p2a: Dragapult|Draco Meteor|p1a: SEAAA SAAAAAALT!!!
|-activate|p1a: SEAAA SAAAAAALT!!!|move: Protect
|
|-heal|p1a: SEAAA SAAAAAALT!!!|65/100|[from] item: Leftovers
|-damage|p2a: Dragapult|64/100|[from] Salt Cure
|upkeep
|turn|18
|
|t:|1779971887
|move|p2a: Dragapult|U-turn|p1a: SEAAA SAAAAAALT!!!
|-damage|p1a: SEAAA SAAAAAALT!!!|53/100
|
|t:|1779971892
|switch|p2a: Corviknight|Corviknight, M, tera:Ghost|61/100|[from] U-turn
|-ability|p2a: Corviknight|Pressure
|move|p1a: SEAAA SAAAAAALT!!!|Recover|p1a: SEAAA SAAAAAALT!!!
|-heal|p1a: SEAAA SAAAAAALT!!!|100/100
|
|upkeep
|turn|19
|
|t:|1779971894
|move|p2a: Corviknight|Taunt|p1a: SEAAA SAAAAAALT!!!
|-start|p1a: SEAAA SAAAAAALT!!!|move: Taunt
|move|p1a: SEAAA SAAAAAALT!!!|Salt Cure|p2a: Corviknight
|-damage|p2a: Corviknight|50/100
|-start|p2a: Corviknight|Salt Cure
|
|-damage|p2a: Corviknight|38/100|[from] Salt Cure
|upkeep
|turn|20
|
|t:|1779971898
|switch|p1a: I Made a Steak|Hawlucha, F|100/100
|-ability|p1a: I Made a Steak|Mold Breaker
|move|p2a: Corviknight|Roost|p2a: Corviknight
|-heal|p2a: Corviknight|88/100
|
|-damage|p2a: Corviknight|75/100|[from] Salt Cure
|upkeep
|turn|21
|
|t:|1779971900
|move|p1a: I Made a Steak|Swords Dance|p1a: I Made a Steak
|-boost|p1a: I Made a Steak|atk|2
|move|p2a: Corviknight|Brave Bird|p1a: I Made a Steak
|-supereffective|p1a: I Made a Steak
|-damage|p1a: I Made a Steak|4/100
|-damage|p2a: Corviknight|47/100|[from] Recoil
|
|-damage|p2a: Corviknight|34/100|[from] Salt Cure
|upkeep
|turn|22
|
|t:|1779971908
|move|p1a: I Made a Steak|Dual Wingbeat|p2a: Corviknight|[miss]
|-miss|p1a: I Made a Steak|p2a: Corviknight
|move|p2a: Corviknight|Brave Bird|p1a: I Made a Steak
|-supereffective|p1a: I Made a Steak
|-damage|p1a: I Made a Steak|0 fnt
|faint|p1a: I Made a Steak
|-damage|p2a: Corviknight|33/100|[from] Recoil
|
|-damage|p2a: Corviknight|21/100|[from] Salt Cure
|upkeep
|c|☆Makatuk|Lovely
|
|t:|1779971926
|switch|p1a: Are You Sure?|Hatterene, F|100/100
|turn|23
|
|t:|1779971934
|move|p2a: Corviknight|Roost|p2a: Corviknight
|-heal|p2a: Corviknight|71/100
|move|p1a: Are You Sure?|Psychic Noise|p2a: Corviknight
|-damage|p2a: Corviknight|50/100
|-start|p2a: Corviknight|move: Heal Block
|
|-damage|p2a: Corviknight|38/100|[from] Salt Cure
|upkeep
|turn|24
|
|t:|1779971940
|move|p2a: Corviknight|Brave Bird|p1a: Are You Sure?
|-damage|p1a: Are You Sure?|64/100
|-damage|p2a: Corviknight|30/100|[from] Recoil
|move|p1a: Are You Sure?|Draining Kiss|p2a: Corviknight
|-damage|p2a: Corviknight|15/100
|-heal|p1a: Are You Sure?|82/100|[from] drain|[of] p2a: Corviknight
|-damage|p1a: Are You Sure?|65/100|[from] item: Rocky Helmet|[of] p2a: Corviknight
|
|-damage|p2a: Corviknight|2/100|[from] Salt Cure
|-end|p2a: Corviknight|move: Heal Block
|upkeep
|turn|25
|
|t:|1779971945
|move|p2a: Corviknight|Brave Bird|p1a: Are You Sure?
|-damage|p1a: Are You Sure?|27/100
|-damage|p2a: Corviknight|0 fnt|[from] Recoil
|faint|p2a: Corviknight
|move|p1a: Are You Sure?|Psychic Noise|p2: Corviknight|[notarget]
|-fail|p1a: Are You Sure?
|
|upkeep
|
|t:|1779971952
|switch|p2a: Kingambit|Kingambit, F|100/100
|-activate|p2a: Kingambit|ability: Supreme Overlord
|-start|p2a: Kingambit|fallen3|[silent]
|turn|26
|
|t:|1779971955
|move|p2a: Kingambit|Kowtow Cleave|p1a: Are You Sure?
|-damage|p1a: Are You Sure?|0 fnt
|faint|p1a: Are You Sure?
|
|upkeep
|
|t:|1779971960
|switch|p1a: SEAAA SAAAAAALT!!!|Garganacl, F|100/100
|turn|27
|
|t:|1779971962
|move|p2a: Kingambit|Swords Dance|p2a: Kingambit
|-boost|p2a: Kingambit|atk|2
|move|p1a: SEAAA SAAAAAALT!!!|Iron Defense|p1a: SEAAA SAAAAAALT!!!
|-boost|p1a: SEAAA SAAAAAALT!!!|def|2
|
|upkeep
|turn|28
|
|t:|1779971965
|move|p2a: Kingambit|Kowtow Cleave|p1a: SEAAA SAAAAAALT!!!
|-damage|p1a: SEAAA SAAAAAALT!!!|56/100
|move|p1a: SEAAA SAAAAAALT!!!|Iron Defense|p1a: SEAAA SAAAAAALT!!!
|-boost|p1a: SEAAA SAAAAAALT!!!|def|2
|
|-heal|p1a: SEAAA SAAAAAALT!!!|62/100|[from] item: Leftovers
|upkeep
|turn|29
|
|t:|1779971970
|move|p2a: Kingambit|Kowtow Cleave|p1a: SEAAA SAAAAAALT!!!
|-damage|p1a: SEAAA SAAAAAALT!!!|29/100
|move|p1a: SEAAA SAAAAAALT!!!|Iron Defense|p1a: SEAAA SAAAAAALT!!!
|-boost|p1a: SEAAA SAAAAAALT!!!|def|2
|
|-heal|p1a: SEAAA SAAAAAALT!!!|35/100|[from] item: Leftovers
|upkeep
|turn|30
|
|t:|1779971973
|move|p2a: Kingambit|Kowtow Cleave|p1a: SEAAA SAAAAAALT!!!
|-damage|p1a: SEAAA SAAAAAALT!!!|12/100
|move|p1a: SEAAA SAAAAAALT!!!|Recover|p1a: SEAAA SAAAAAALT!!!
|-heal|p1a: SEAAA SAAAAAALT!!!|62/100
|
|-heal|p1a: SEAAA SAAAAAALT!!!|69/100|[from] item: Leftovers
|upkeep
|turn|31
|
|t:|1779971976
|move|p2a: Kingambit|Swords Dance|p2a: Kingambit
|-boost|p2a: Kingambit|atk|2
|move|p1a: SEAAA SAAAAAALT!!!|Salt Cure|p2a: Kingambit
|-resisted|p2a: Kingambit
|-damage|p2a: Kingambit|95/100
|-start|p2a: Kingambit|Salt Cure
|
|-heal|p1a: SEAAA SAAAAAALT!!!|75/100|[from] item: Leftovers
|-damage|p2a: Kingambit|70/100|[from] Salt Cure
|upkeep
|turn|32
|
|t:|1779971980
|move|p2a: Kingambit|Kowtow Cleave|p1a: SEAAA SAAAAAALT!!!
|-damage|p1a: SEAAA SAAAAAALT!!!|37/100
|move|p1a: SEAAA SAAAAAALT!!!|Salt Cure|p2a: Kingambit
|-resisted|p2a: Kingambit
|-damage|p2a: Kingambit|65/100
|
|-heal|p1a: SEAAA SAAAAAALT!!!|43/100|[from] item: Leftovers
|-damage|p2a: Kingambit|40/100|[from] Salt Cure
|upkeep
|turn|33
|
|t:|1779971985
|move|p2a: Kingambit|Swords Dance|p2a: Kingambit
|-boost|p2a: Kingambit|atk|2
|move|p1a: SEAAA SAAAAAALT!!!|Recover|p1a: SEAAA SAAAAAALT!!!
|-heal|p1a: SEAAA SAAAAAALT!!!|93/100
|
|-heal|p1a: SEAAA SAAAAAALT!!!|99/100|[from] item: Leftovers
|-damage|p2a: Kingambit|15/100|[from] Salt Cure
|upkeep
|turn|34
|
|t:|1779971987
|move|p1a: SEAAA SAAAAAALT!!!|Protect|p1a: SEAAA SAAAAAALT!!!
|-singleturn|p1a: SEAAA SAAAAAALT!!!|Protect
|move|p2a: Kingambit|Kowtow Cleave|p1a: SEAAA SAAAAAALT!!!
|-activate|p1a: SEAAA SAAAAAALT!!!|move: Protect
|
|-heal|p1a: SEAAA SAAAAAALT!!!|100/100|[from] item: Leftovers
|-damage|p2a: Kingambit|0 fnt|[from] Salt Cure
|faint|p2a: Kingambit
|-end|p2a: Kingambit|fallen3|[silent]
|upkeep
|
|t:|1779971991
|switch|p2a: Ogerpon|Ogerpon-Wellspring, F|29/100
|turn|35
|
|t:|1779971993
|switch|p1a: "Show Me"|Frosmoth, F|100/100
|move|p2a: Ogerpon|Ivy Cudgel|p1a: "Show Me"|[anim] Ivy Cudgel Water
|-damage|p1a: "Show Me"|11/100
|
|-heal|p1a: "Show Me"|17/100|[from] item: Leftovers
|upkeep
|turn|36
|
|t:|1779971998
|move|p2a: Ogerpon|Ivy Cudgel|p1a: "Show Me"|[anim] Ivy Cudgel Water
|-damage|p1a: "Show Me"|0 fnt
|faint|p1a: "Show Me"
|
|upkeep
|
|t:|1779972000
|switch|p1a: SEAAA SAAAAAALT!!!|Garganacl, F|100/100
|turn|37
|
|t:|1779972002
|move|p2a: Ogerpon|Ivy Cudgel|p1a: SEAAA SAAAAAALT!!!|[anim] Ivy Cudgel Water
|-supereffective|p1a: SEAAA SAAAAAALT!!!
|-crit|p1a: SEAAA SAAAAAALT!!!
|-damage|p1a: SEAAA SAAAAAALT!!!|0 fnt
|faint|p1a: SEAAA SAAAAAALT!!!
|
|win|cdubs00
|raw|Makatuk's rating: 1381 &rarr; <strong>1362</strong><br />(-19 for losing)
|raw|cdubs00's rating: 1404 &rarr; <strong>1423</strong><br />(+19 for winning)
|l|☆Makatuk
|player|p1|
|c|☆cdubs00|gg
|l|☆cdubs00
|player|p2|
