|j|☆leader alastor
|j|☆PepeNike
|t:|1779969731
|gametype|singles
|player|p1|leader alastor|blue|1500
|player|p2|PepeNike|266|1562
|gen|9
|tier|[Gen 9] OU
|rated|
|rule|HP Percentage Mod: HP is shown in percentages
|rule|Endless Battle Clause: Forcing endless battles is banned
|rule|Species Clause: Limit one of each Pokémon
|rule|OHKO Clause: OHKO moves are banned
|rule|Evasion Items Clause: Evasion items are banned
|rule|Evasion Moves Clause: Evasion moves are banned
|rule|Evasion Abilities Clause: Evasion abilities are banned
|rule|Sleep Moves Clause: Sleep-inducing moves are banned
|clearpoke
|poke|p1|Iron Valiant|
|poke|p1|Ceruledge, F|
|poke|p1|Cloyster, F|
|poke|p1|Lilligant, F|
|poke|p1|Malamar, F|
|poke|p1|Noivern, F|
|poke|p2|Alomomola, F|
|poke|p2|Slowking-Galar, M|
|poke|p2|Arcanine-Hisui, F|
|poke|p2|Moltres|
|poke|p2|Pecharunt|
|poke|p2|Cinderace, M|
|teampreview
|inactive|Battle timer is ON: inactive players will automatically lose when time's up. (requested by PepeNike)
|inactive|PepeNike has 120 seconds left.
|
|t:|1779969763
|teamsize|p1|6
|teamsize|p2|6
|start
|switch|p1a: Trident|Cloyster, F|100/100
|switch|p2a: Cinderace|Cinderace, M|100/100
|turn|1
|
|t:|1779969766
|move|p2a: Cinderace|Will-O-Wisp|p1a: Trident|[miss]
|-miss|p2a: Cinderace|p1a: Trident
|move|p1a: Trident|Rock Blast|p2a: Cinderace
|-supereffective|p2a: Cinderace
|-damage|p2a: Cinderace|82/100
|-supereffective|p2a: Cinderace
|-damage|p2a: Cinderace|63/100
|-supereffective|p2a: Cinderace
|-crit|p2a: Cinderace
|-damage|p2a: Cinderace|35/100
|-supereffective|p2a: Cinderace
|-damage|p2a: Cinderace|17/100
|-supereffective|p2a: Cinderace
|-damage|p2a: Cinderace|0 fnt
|faint|p2a: Cinderace
|-hitcount|p2: Cinderace|5
|
|upkeep
|
|t:|1779969773
|switch|p2a: Pecharunt|Pecharunt|100/100
|turn|2
|
|t:|1779969777
|move|p1a: Trident|Shell Smash|p1a: Trident
|-unboost|p1a: Trident|def|1
|-unboost|p1a: Trident|spd|1
|-boost|p1a: Trident|atk|2
|-boost|p1a: Trident|spa|2
|-boost|p1a: Trident|spe|2
|move|p2a: Pecharunt|Malignant Chain|p1a: Trident
|-enditem|p1a: Trident|Focus Sash
|-damage|p1a: Trident|1/100
|-status|p1a: Trident|tox
|-start|p1a: Trident|confusion|[from] ability: Poison Puppeteer|[of] p2a: Pecharunt
|
|-damage|p1a: Trident|0 fnt|[from] psn
|faint|p1a: Trident
|upkeep
|
|t:|1779969784
|switch|p1a: Glaive|Iron Valiant|100/100
|-enditem|p1a: Glaive|Booster Energy
|-activate|p1a: Glaive|ability: Quark Drive|[fromitem]
|-start|p1a: Glaive|quarkdrivespe
|turn|3
|
|t:|1779969807
|-terastallize|p1a: Glaive|Steel
|move|p1a: Glaive|Swords Dance|p1a: Glaive
|-boost|p1a: Glaive|atk|2
|move|p2a: Pecharunt|Malignant Chain|p1a: Glaive
|-immune|p1a: Glaive
|
|upkeep
|turn|4
|
|t:|1779969813
|move|p1a: Glaive|Knock Off|p2a: Pecharunt
|-supereffective|p2a: Pecharunt
|-damage|p2a: Pecharunt|39/100
|-enditem|p2a: Pecharunt|Leftovers|[from] move: Knock Off|[of] p1a: Glaive
|move|p2a: Pecharunt|Parting Shot|p1a: Glaive
|-unboost|p1a: Glaive|atk|1
|-unboost|p1a: Glaive|spa|1
|
|t:|1779969816
|switch|p2a: Moltres|Moltres|100/100|[from] Parting Shot
|
|upkeep
|turn|5
|
|t:|1779969825
|move|p1a: Glaive|Spirit Break|p2a: Moltres
|-resisted|p2a: Moltres
|-damage|p2a: Moltres|76/100
|-unboost|p2a: Moltres|spa|1
|move|p2a: Moltres|Will-O-Wisp|p1a: Glaive
|-status|p1a: Glaive|brn
|
|-damage|p1a: Glaive|94/100 brn|[from] brn
|upkeep
|turn|6
|
|t:|1779969828
|move|p1a: Glaive|Spirit Break|p2a: Moltres
|-resisted|p2a: Moltres
|-damage|p2a: Moltres|66/100
|-unboost|p2a: Moltres|spa|1
|move|p2a: Moltres|U-turn|p1a: Glaive
|-resisted|p1a: Glaive
|-damage|p1a: Glaive|83/100 brn
|
|t:|1779969831
|switch|p2a: Pecharunt|Pecharunt|39/100|[from] U-turn
|
|-damage|p1a: Glaive|77/100 brn|[from] brn
|upkeep
|turn|7
|
|t:|1779969837
|move|p1a: Glaive|Knock Off|p2a: Pecharunt
|-supereffective|p2a: Pecharunt
|-damage|p2a: Pecharunt|23/100
|move|p2a: Pecharunt|Recover|p2a: Pecharunt
|-heal|p2a: Pecharunt|73/100
|
|-damage|p1a: Glaive|71/100 brn|[from] brn
|upkeep
|turn|8
|
|t:|1779969843
|move|p1a: Glaive|Spirit Break|p2a: Pecharunt
|-resisted|p2a: Pecharunt
|-crit|p2a: Pecharunt
|-damage|p2a: Pecharunt|63/100
|-unboost|p2a: Pecharunt|spa|1
|move|p2a: Pecharunt|Parting Shot|p1a: Glaive
|-unboost|p1a: Glaive|atk|1
|-unboost|p1a: Glaive|spa|1
|
|t:|1779969848
|switch|p2a: Moltres|Moltres|66/100|[from] Parting Shot
|
|-damage|p1a: Glaive|65/100 brn|[from] brn
|upkeep
|turn|9
|
|t:|1779969851
|switch|p2a: Pecharunt|Pecharunt|63/100
|move|p1a: Glaive|Spirit Break|p2a: Pecharunt
|-resisted|p2a: Pecharunt
|-damage|p2a: Pecharunt|59/100
|-unboost|p2a: Pecharunt|spa|1
|
|-damage|p1a: Glaive|58/100 brn|[from] brn
|upkeep
|turn|10
|c|☆leader alastor|Disgusting
|
|t:|1779969871
|move|p1a: Glaive|Swords Dance|p1a: Glaive
|-boost|p1a: Glaive|atk|2
|move|p2a: Pecharunt|Recover|p2a: Pecharunt
|-heal|p2a: Pecharunt|100/100
|
|-damage|p1a: Glaive|52/100 brn|[from] brn
|upkeep
|turn|11
|
|t:|1779969898
|move|p1a: Glaive|Swords Dance|p1a: Glaive
|-boost|p1a: Glaive|atk|2
|move|p2a: Pecharunt|Parting Shot|p1a: Glaive
|-unboost|p1a: Glaive|atk|1
|-unboost|p1a: Glaive|spa|1
|
|t:|1779969900
|switch|p2a: Moltres|Moltres|66/100|[from] Parting Shot
|
|-damage|p1a: Glaive|46/100 brn|[from] brn
|upkeep
|turn|12
|
|t:|1779969905
|move|p1a: Glaive|Knock Off|p2a: Moltres
|-damage|p2a: Moltres|30/100
|-enditem|p2a: Moltres|Heavy-Duty Boots|[from] move: Knock Off|[of] p1a: Glaive
|move|p2a: Moltres|Roar|p1a: Glaive
|-end|p1a: Glaive|Quark Drive|[silent]
|drag|p1a: Halberd|Malamar, F|100/100
|
|upkeep
|turn|13
|
|t:|1779969915
|switch|p1a: Flamberge|Ceruledge, F|100/100
|move|p2a: Moltres|Will-O-Wisp|p1a: Flamberge
|-immune|p1a: Flamberge
|
|upkeep
|turn|14
|
|t:|1779969922
|move|p1a: Flamberge|Swords Dance|p1a: Flamberge
|-boost|p1a: Flamberge|atk|2
|move|p2a: Moltres|Roar|p1a: Flamberge
|drag|p1a: Shamshir|Noivern, F|100/100
|
|upkeep
|turn|15
|
|t:|1779969925
|switch|p2a: Alomomola|Alomomola, F|100/100
|move|p1a: Shamshir|Boomburst|p2a: Alomomola
|-damage|p2a: Alomomola|80/100
|-enditem|p1a: Shamshir|Throat Spray
|-boost|p1a: Shamshir|spa|1|[from] item: Throat Spray
|
|upkeep
|turn|16
|
|t:|1779969930
|move|p1a: Shamshir|Air Slash|p2a: Alomomola
|-damage|p2a: Alomomola|57/100
|move|p2a: Alomomola|Flip Turn|p1a: Shamshir
|-resisted|p1a: Shamshir
|-damage|p1a: Shamshir|90/100
|
|t:|1779969934
|switch|p2a: Slowking|Slowking-Galar, M, shiny|100/100|[from] Flip Turn
|
|upkeep
|turn|17
|
|t:|1779969943
|move|p1a: Shamshir|Air Slash|p2a: Slowking
|-damage|p2a: Slowking|61/100
|cant|p2a: Slowking|flinch
|
|upkeep
|turn|18
|
|t:|1779969948
|move|p1a: Shamshir|Air Slash|p2a: Slowking
|-damage|p2a: Slowking|23/100
|cant|p2a: Slowking|flinch
|
|upkeep
|turn|19
|
|t:|1779969951
|switch|p2a: Alomomola|Alomomola, F|90/100
|move|p1a: Shamshir|Boomburst|p2a: Alomomola
|-crit|p2a: Alomomola
|-damage|p2a: Alomomola|48/100
|
|upkeep
|turn|20
|
|t:|1779969957
|move|p1a: Shamshir|Air Slash|p2a: Alomomola
|-damage|p2a: Alomomola|25/100
|move|p2a: Alomomola|Mirror Coat|p1a: Shamshir
|-damage|p1a: Shamshir|12/100
|
|upkeep
|turn|21
|
|t:|1779969963
|switch|p2a: Slowking|Slowking-Galar, M, shiny|56/100
|move|p1a: Shamshir|Boomburst|p2a: Slowking
|-damage|p2a: Slowking|10/100
|
|upkeep
|turn|22
|
|t:|1779969968
|switch|p2a: Alomomola|Alomomola, F|58/100
|move|p1a: Shamshir|Flamethrower|p2a: Alomomola
|-resisted|p2a: Alomomola
|-damage|p2a: Alomomola|49/100
|
|upkeep
|turn|23
|
|t:|1779969973
|move|p1a: Shamshir|Air Slash|p2a: Alomomola
|-damage|p2a: Alomomola|24/100
|move|p2a: Alomomola|Icy Wind|p1a: Shamshir
|-supereffective|p1a: Shamshir
|-damage|p1a: Shamshir|0 fnt
|faint|p1a: Shamshir
|
|upkeep
|
|t:|1779969979
|switch|p1a: Flamberge|Ceruledge, F|100/100
|turn|24
|
|t:|1779969983
|move|p1a: Flamberge|Swords Dance|p1a: Flamberge
|-boost|p1a: Flamberge|atk|2
|move|p2a: Alomomola|Flip Turn|p1a: Flamberge
|-supereffective|p1a: Flamberge
|-damage|p1a: Flamberge|53/100
|-ability|p1a: Flamberge|Weak Armor|boost
|-unboost|p1a: Flamberge|def|1
|-boost|p1a: Flamberge|spe|2
|
|t:|1779969990
|switch|p2a: Slowking|Slowking-Galar, M, shiny|44/100|[from] Flip Turn
|
|upkeep
|turn|25
|
|t:|1779969996
|switch|p2a: Moltres|Moltres|30/100
|move|p1a: Flamberge|Bitter Blade|p2a: Moltres
|-resisted|p2a: Moltres
|-damage|p2a: Moltres|0 fnt
|-heal|p1a: Flamberge|73/100|[from] drain|[of] p2a: Moltres
|faint|p2a: Moltres
|
|upkeep
|
|t:|1779970010
|switch|p2a: Arcanine|Arcanine-Hisui, F|100/100
|turn|26
|
|t:|1779970017
|-terastallize|p2a: Arcanine|Normal
|move|p1a: Flamberge|Brick Break|p2a: Arcanine
|-supereffective|p2a: Arcanine
|-damage|p2a: Arcanine|0 fnt
|faint|p2a: Arcanine
|
|upkeep
|
|t:|1779970022
|switch|p2a: Alomomola|Alomomola, F|57/100
|turn|27
|
|t:|1779970028
|move|p2a: Alomomola|Aqua Jet|p1a: Flamberge
|-supereffective|p1a: Flamberge
|-damage|p1a: Flamberge|25/100
|-ability|p1a: Flamberge|Weak Armor|boost
|-unboost|p1a: Flamberge|def|1
|-boost|p1a: Flamberge|spe|2
|move|p1a: Flamberge|Bitter Blade|p2a: Alomomola
|-resisted|p2a: Alomomola
|-damage|p2a: Alomomola|23/100
|-heal|p1a: Flamberge|57/100|[from] drain|[of] p2a: Alomomola
|
|upkeep
|turn|28
|
|t:|1779970038
|switch|p2a: Slowking|Slowking-Galar, M, shiny|77/100
|move|p1a: Flamberge|Shadow Sneak|p2a: Slowking
|-supereffective|p2a: Slowking
|-damage|p2a: Slowking|16/100
|
|upkeep
|turn|29
|
|t:|1779970045
|move|p1a: Flamberge|Bitter Blade|p2a: Slowking
|-crit|p2a: Slowking
|-damage|p2a: Slowking|0 fnt
|-heal|p1a: Flamberge|67/100|[from] drain|[of] p2a: Slowking
|faint|p2a: Slowking
|
|upkeep
|
|t:|1779970047
|switch|p2a: Alomomola|Alomomola, F|57/100
|turn|30
|
|t:|1779970055
|move|p2a: Alomomola|Aqua Jet|p1a: Flamberge
|-supereffective|p1a: Flamberge
|-damage|p1a: Flamberge|9/100
|-ability|p1a: Flamberge|Weak Armor|boost
|-unboost|p1a: Flamberge|def|1
|-boost|p1a: Flamberge|spe|2
|move|p1a: Flamberge|Bitter Blade|p2a: Alomomola
|-resisted|p2a: Alomomola
|-damage|p2a: Alomomola|20/100
|-heal|p1a: Flamberge|43/100|[from] drain|[of] p2a: Alomomola
|
|upkeep
|turn|31
|
|t:|1779970062
|switch|p2a: Pecharunt|Pecharunt|100/100
|move|p1a: Flamberge|Shadow Sneak|p2a: Pecharunt
|-supereffective|p2a: Pecharunt
|-damage|p2a: Pecharunt|66/100
|
|upkeep
|turn|32
|
|t:|1779970068
|move|p1a: Flamberge|Bitter Blade|p2a: Pecharunt
|-damage|p2a: Pecharunt|27/100
|-heal|p1a: Flamberge|69/100|[from] drain|[of] p2a: Pecharunt
|move|p2a: Pecharunt|Shadow Ball|p1a: Flamberge
|-supereffective|p1a: Flamberge
|-damage|p1a: Flamberge|9/100
|
|upkeep
|turn|33
|
|t:|1779970073
|move|p1a: Flamberge|Shadow Sneak|p2a: Pecharunt
|-supereffective|p2a: Pecharunt
|-damage|p2a: Pecharunt|0 fnt
|faint|p2a: Pecharunt
|
|upkeep
|
|t:|1779970074
|switch|p2a: Alomomola|Alomomola, F|53/100
|turn|34
|
|t:|1779970076
|move|p1a: Flamberge|Shadow Sneak|p2a: Alomomola
|-damage|p2a: Alomomola|21/100
|move|p2a: Alomomola|Aqua Jet|p1a: Flamberge
|-supereffective|p1a: Flamberge
|-damage|p1a: Flamberge|0 fnt
|faint|p1a: Flamberge
|
|upkeep
|
|t:|1779970079
|switch|p1a: Gladius|Lilligant, F|100/100
|turn|35
|
|t:|1779970081
|move|p1a: Gladius|Giga Drain|p2a: Alomomola
|-supereffective|p2a: Alomomola
|-damage|p2a: Alomomola|0 fnt
|faint|p2a: Alomomola
|
|win|leader alastor
|raw|leader alastor's rating: 1500 &rarr; <strong>1524</strong><br />(+24 for winning)
|raw|PepeNike's rating: 1562 &rarr; <strong>1538</strong><br />(-24 for losing)
|l|☆PepeNike
|player|p2|
|l|☆leader alastor
|player|p1|
