|j|☆slimypits
|j|☆Nat889
|t:|1779923829
|gametype|singles
|player|p1|slimypits|169|1561
|player|p2|Nat889|miku-ghost|1565
|gen|9
|tier|[Gen 9] OU
|rated|
|rule|HP Percentage Mod: HP is shown in percentages
|rule|Endless Battle Clause: Forcing endless battles is banned
|rule|Species Clause: Limit one of each Pokémon
|rule|OHKO Clause: OHKO moves are banned
|rule|Evasion Items Clause: Evasion items are banned
|rule|Evasion Moves Clause: Evasion moves are banned
|rule|Evasion Abilities Clause: Evasion abilities are banned
|rule|Sleep Moves Clause: Sleep-inducing moves are banned
|clearpoke
|poke|p1|Cinderace, F|
|poke|p1|Mandibuzz, F|
|poke|p1|Volcanion|
|poke|p1|Dragonite, F|
|poke|p1|Tinkaton, F|
|poke|p1|Ting-Lu|
|poke|p2|Hoopa|
|poke|p2|Cinderace, M|
|poke|p2|Mandibuzz, F|
|poke|p2|Kyurem|
|poke|p2|Ting-Lu|
|poke|p2|Manaphy|
|teampreview
|inactive|Battle timer is ON: inactive players will automatically lose when time's up. (requested by slimypits)
|
|t:|1779923841
|teamsize|p1|6
|teamsize|p2|6
|start
|switch|p1a: Volcanion|Volcanion|100/100
|switch|p2a: Cinderace|Cinderace, M|100/100
|turn|1
|
|t:|1779923853
|move|p2a: Cinderace|U-turn|p1a: Volcanion
|-start|p2a: Cinderace|typechange|Bug|[from] ability: Libero
|-resisted|p1a: Volcanion
|-damage|p1a: Volcanion|84/100
|inactive|Nat889 has 120 seconds left.
|
|t:|1779923889
|switch|p2a: Hoopa|Hoopa|100/100|[from] U-turn
|move|p1a: Volcanion|Steam Eruption|p2a: Hoopa
|-damage|p2a: Hoopa|17/100
|-status|p2a: Hoopa|brn
|-enditem|p2a: Hoopa|Aguav Berry|[eat]
|-heal|p2a: Hoopa|50/100 brn|[from] item: Aguav Berry
|
|-damage|p2a: Hoopa|44/100 brn|[from] brn
|upkeep
|turn|2
|inactive|Nat889 has 120 seconds left.
|
|t:|1779923900
|move|p1a: Volcanion|Steam Eruption|p2a: Hoopa
|-damage|p2a: Hoopa|0 fnt
|faint|p2a: Hoopa
|
|upkeep
|
|t:|1779923908
|switch|p2a: Kyurem|Kyurem|100/100
|-ability|p2a: Kyurem|Pressure
|turn|3
|inactive|Nat889 has 120 seconds left.
|
|t:|1779923923
|switch|p1a: Tinkaton|Tinkaton, F|100/100
|-item|p1a: Tinkaton|Air Balloon
|move|p2a: Kyurem|Freeze-Dry|p1a: Tinkaton
|-resisted|p1a: Tinkaton
|-damage|p1a: Tinkaton|86/100
|-enditem|p1a: Tinkaton|Air Balloon
|
|upkeep
|turn|4
|inactive|Nat889 has 120 seconds left.
|
|t:|1779923938
|switch|p2a: Cinderace|Cinderace, M|100/100
|move|p1a: Tinkaton|Knock Off|p2a: Cinderace
|-damage|p2a: Cinderace|77/100
|-enditem|p2a: Cinderace|Charcoal|[from] move: Knock Off|[of] p1a: Tinkaton
|
|upkeep
|turn|5
|
|t:|1779923949
|switch|p1a: Volcanion|Volcanion|84/100
|move|p2a: Cinderace|Pyro Ball|p1a: Volcanion
|-resisted|p1a: Volcanion
|-damage|p1a: Volcanion|70/100
|
|upkeep
|turn|6
|inactive|Nat889 has 120 seconds left.
|
|t:|1779923959
|move|p2a: Cinderace|High Jump Kick|p1a: Volcanion
|-start|p2a: Cinderace|typechange|Fighting|[from] ability: Libero
|-damage|p1a: Volcanion|7/100
|move|p1a: Volcanion|Steam Eruption|p2a: Cinderace
|-damage|p2a: Cinderace|0 fnt
|faint|p2a: Cinderace
|
|upkeep
|inactive|Nat889 has 120 seconds left.
|
|t:|1779923973
|switch|p2a: Kyurem|Kyurem|100/100
|-ability|p2a: Kyurem|Pressure
|turn|7
|inactive|Nat889 has 120 seconds left.
|
|t:|1779923978
|move|p2a: Kyurem|Freeze-Dry|p1a: Volcanion
|-damage|p1a: Volcanion|0 fnt
|faint|p1a: Volcanion
|
|upkeep
|
|t:|1779923983
|switch|p1a: Cinderace|Cinderace, F|100/100
|turn|8
|
|t:|1779923992
|switch|p2a: Mandibuzz|Mandibuzz, F, shiny|100/100
|move|p1a: Cinderace|Pyro Ball|p2a: Mandibuzz|[miss]
|-miss|p1a: Cinderace|p2a: Mandibuzz
|
|upkeep
|turn|9
|
|t:|1779923998
|switch|p1a: Tinkaton|Tinkaton, F|86/100
|move|p2a: Mandibuzz|Foul Play|p1a: Tinkaton
|-resisted|p1a: Tinkaton
|-damage|p1a: Tinkaton|72/100
|-enditem|p2a: Mandibuzz|Rocky Helmet|[silent]|[from] ability: Pickpocket|[of] p2a: Mandibuzz
|-item|p1a: Tinkaton|Rocky Helmet|[from] ability: Pickpocket|[of] p2a: Mandibuzz
|
|upkeep
|turn|10
|
|t:|1779924011
|switch|p2a: Thing-Poo|Ting-Lu|100/100
|-ability|p2a: Thing-Poo|Vessel of Ruin
|move|p1a: Tinkaton|Stealth Rock|p2a: Thing-Poo
|-sidestart|p2: Nat889|move: Stealth Rock
|
|upkeep
|turn|11
|
|t:|1779924017
|switch|p1a: Dragonite|Dragonite, F|100/100
|move|p2a: Thing-Poo|Earthquake|p1a: Dragonite
|-immune|p1a: Dragonite
|
|upkeep
|turn|12
|
|t:|1779924025
|move|p1a: Dragonite|Encore|p2a: Thing-Poo
|-start|p2a: Thing-Poo|Encore
|move|p2a: Thing-Poo|Earthquake|p1a: Dragonite
|-immune|p1a: Dragonite
|
|upkeep
|turn|13
|
|t:|1779924031
|switch|p2a: Kyurem|Kyurem|100/100
|-damage|p2a: Kyurem|76/100|[from] Stealth Rock
|-ability|p2a: Kyurem|Pressure
|move|p1a: Dragonite|Scale Shot|p2a: Kyurem
|-supereffective|p2a: Kyurem
|-damage|p2a: Kyurem|47/100
|-supereffective|p2a: Kyurem
|-damage|p2a: Kyurem|19/100
|-supereffective|p2a: Kyurem
|-damage|p2a: Kyurem|0 fnt
|faint|p2a: Kyurem
|-hitcount|p2: Kyurem|3
|-unboost|p1a: Dragonite|def|1
|-boost|p1a: Dragonite|spe|1
|
|upkeep
|
|t:|1779924048
|switch|p2a: Manaphy|Manaphy|100/100
|-damage|p2a: Manaphy|88/100|[from] Stealth Rock
|turn|14
|
|t:|1779924057
|switch|p1a: Tinkaton|Tinkaton, F|72/100
|move|p2a: Manaphy|Scald|p1a: Tinkaton
|-damage|p1a: Tinkaton|46/100
|
|-heal|p2a: Manaphy|94/100|[from] item: Leftovers
|upkeep
|turn|15
|
|t:|1779924064
|move|p2a: Manaphy|Scald|p1a: Tinkaton
|-damage|p1a: Tinkaton|23/100
|move|p1a: Tinkaton|Knock Off|p2a: Manaphy
|-damage|p2a: Manaphy|80/100
|-enditem|p2a: Manaphy|Leftovers|[from] move: Knock Off|[of] p1a: Tinkaton
|
|upkeep
|turn|16
|
|t:|1779924074
|move|p2a: Manaphy|Tail Glow|p2a: Manaphy
|-boost|p2a: Manaphy|spa|3
|move|p1a: Tinkaton|Encore|p2a: Manaphy
|-start|p2a: Manaphy|Encore
|
|upkeep
|turn|17
|
|t:|1779924086
|switch|p2a: Thing-Poo|Ting-Lu|100/100
|-damage|p2a: Thing-Poo|94/100|[from] Stealth Rock
|-ability|p2a: Thing-Poo|Vessel of Ruin
|switch|p1a: Dragonite|Dragonite, F|100/100
|
|upkeep
|turn|18
|
|t:|1779924094
|switch|p1a: Tinkaton|Tinkaton, F|23/100
|move|p2a: Thing-Poo|Stone Edge|p1a: Tinkaton
|-resisted|p1a: Tinkaton
|-damage|p1a: Tinkaton|5/100
|
|upkeep
|turn|19
|
|t:|1779924099
|move|p1a: Tinkaton|Encore|p2a: Thing-Poo
|-start|p2a: Thing-Poo|Encore
|move|p2a: Thing-Poo|Stone Edge|p1a: Tinkaton
|-resisted|p1a: Tinkaton
|-damage|p1a: Tinkaton|0 fnt
|faint|p1a: Tinkaton
|
|upkeep
|
|t:|1779924101
|switch|p1a: Ting-Lucifer|Ting-Lu|100/100
|-ability|p1a: Ting-Lucifer|Vessel of Ruin
|turn|20
|
|t:|1779924110
|switch|p2a: Mandibuzz|Mandibuzz, F, shiny|100/100
|-damage|p2a: Mandibuzz|76/100|[from] Stealth Rock
|move|p1a: Ting-Lucifer|Earthquake|p2a: Mandibuzz
|-immune|p2a: Mandibuzz
|
|upkeep
|turn|21
|
|t:|1779924118
|-terastallize|p1a: Ting-Lucifer|Steel
|move|p2a: Mandibuzz|Toxic|p1a: Ting-Lucifer
|-immune|p1a: Ting-Lucifer
|move|p1a: Ting-Lucifer|Heavy Slam|p2a: Mandibuzz
|-damage|p2a: Mandibuzz|37/100
|
|upkeep
|turn|22
|
|t:|1779924125
|move|p2a: Mandibuzz|Foul Play|p1a: Ting-Lucifer
|-damage|p1a: Ting-Lucifer|74/100
|move|p1a: Ting-Lucifer|Heavy Slam|p2a: Mandibuzz
|-damage|p2a: Mandibuzz|1/100
|
|upkeep
|turn|23
|
|t:|1779924132
|move|p2a: Mandibuzz|Roost|p2a: Mandibuzz
|-heal|p2a: Mandibuzz|51/100
|-singleturn|p2a: Mandibuzz|move: Roost
|move|p1a: Ting-Lucifer|Earthquake|p2a: Mandibuzz
|-damage|p2a: Mandibuzz|24/100
|
|upkeep
|turn|24
|
|t:|1779924141
|move|p2a: Mandibuzz|Roost|p2a: Mandibuzz
|-heal|p2a: Mandibuzz|74/100
|-singleturn|p2a: Mandibuzz|move: Roost
|move|p1a: Ting-Lucifer|Heavy Slam|p2a: Mandibuzz
|-damage|p2a: Mandibuzz|39/100
|
|upkeep
|turn|25
|
|t:|1779924148
|switch|p1a: Dragonite|Dragonite, F|100/100
|move|p2a: Mandibuzz|Defog|p1a: Dragonite
|-unboost|p1a: Dragonite|evasion|1
|-sideend|p2: Nat889|Stealth Rock|[from] move: Defog|[of] p2a: Mandibuzz
|
|upkeep
|turn|26
|
|t:|1779924159
|switch|p2a: Manaphy|Manaphy|80/100
|move|p1a: Dragonite|Dragon Dance|p1a: Dragonite
|-boost|p1a: Dragonite|atk|1
|-boost|p1a: Dragonite|spe|1
|
|upkeep
|turn|27
|
|t:|1779924173
|move|p1a: Dragonite|Scale Shot|p2a: Manaphy
|-damage|p2a: Manaphy|63/100
|-damage|p2a: Manaphy|43/100
|-damage|p2a: Manaphy|23/100
|-damage|p2a: Manaphy|5/100
|-damage|p2a: Manaphy|0 fnt
|faint|p2a: Manaphy
|-hitcount|p2: Manaphy|5
|-unboost|p1a: Dragonite|def|1
|-boost|p1a: Dragonite|spe|1
|
|upkeep
|
|t:|1779924184
|switch|p2a: Mandibuzz|Mandibuzz, F, shiny|39/100
|turn|28
|
|t:|1779924192
|-terastallize|p2a: Mandibuzz|Fairy
|move|p1a: Dragonite|Scale Shot|p2a: Mandibuzz
|-immune|p2a: Mandibuzz
|move|p2a: Mandibuzz|Roost|p2a: Mandibuzz
|-heal|p2a: Mandibuzz|89/100
|
|upkeep
|turn|29
|
|t:|1779924198
|switch|p2a: Thing-Poo|Ting-Lu|94/100
|-ability|p2a: Thing-Poo|Vessel of Ruin
|move|p1a: Dragonite|Encore||[still]
|-fail|p1a: Dragonite
|
|upkeep
|turn|30
|
|t:|1779924205
|move|p1a: Dragonite|Scale Shot|p2a: Thing-Poo
|-damage|p2a: Thing-Poo|82/100
|-damage|p2a: Thing-Poo|69/100
|-damage|p2a: Thing-Poo|56/100
|-damage|p2a: Thing-Poo|43/100
|-crit|p2a: Thing-Poo
|-damage|p2a: Thing-Poo|23/100
|-hitcount|p2a: Thing-Poo|5
|-unboost|p1a: Dragonite|def|1
|-boost|p1a: Dragonite|spe|1
|move|p2a: Thing-Poo|Stone Edge|p1a: Dragonite
|-supereffective|p1a: Dragonite
|-damage|p1a: Dragonite|25/100
|
|upkeep
|turn|31
|c|☆slimypits|gg!
|
|t:|1779924219
|move|p1a: Dragonite|Fire Punch|p2a: Thing-Poo
|-damage|p2a: Thing-Poo|0 fnt
|faint|p2a: Thing-Poo
|
|upkeep
|c|☆Nat889|gg
|
|t:|1779924226
|switch|p2a: Mandibuzz|Mandibuzz, F, shiny, tera:Fairy|89/100
|turn|32
|
|t:|1779924228
|move|p1a: Dragonite|Fire Punch|p2a: Mandibuzz
|-damage|p2a: Mandibuzz|62/100
|move|p2a: Mandibuzz|Foul Play|p1a: Dragonite
|-damage|p1a: Dragonite|0 fnt
|faint|p1a: Dragonite
|
|upkeep
|
|t:|1779924231
|switch|p1a: Ting-Lucifer|Ting-Lu, tera:Steel|74/100
|-ability|p1a: Ting-Lucifer|Vessel of Ruin
|turn|33
|
|t:|1779924238
|move|p2a: Mandibuzz|Foul Play|p1a: Ting-Lucifer
|-damage|p1a: Ting-Lucifer|46/100
|move|p1a: Ting-Lucifer|Heavy Slam|p2a: Mandibuzz
|-supereffective|p2a: Mandibuzz
|-damage|p2a: Mandibuzz|0 fnt
|faint|p2a: Mandibuzz
|
|win|slimypits
|raw|slimypits's rating: 1561 &rarr; <strong>1581</strong><br />(+20 for winning)
|raw|Nat889's rating: 1565 &rarr; <strong>1545</strong><br />(-20 for losing)
|l|☆Nat889
|player|p2|
|l|☆slimypits
|player|p1|
