|j|☆CosmicMD
|j|☆ditissjoerd
|t:|1779802637
|gametype|singles
|player|p1|CosmicMD|colress|1432
|player|p2|ditissjoerd|clown|1440
|gen|9
|tier|[Gen 9] OU
|rated|
|rule|HP Percentage Mod: HP is shown in percentages
|rule|Endless Battle Clause: Forcing endless battles is banned
|rule|Species Clause: Limit one of each Pokémon
|rule|OHKO Clause: OHKO moves are banned
|rule|Evasion Items Clause: Evasion items are banned
|rule|Evasion Moves Clause: Evasion moves are banned
|rule|Evasion Abilities Clause: Evasion abilities are banned
|rule|Sleep Moves Clause: Sleep-inducing moves are banned
|clearpoke
|poke|p1|Hydrapple, M|
|poke|p1|Kommo-o, M|
|poke|p1|Heatran, F|
|poke|p1|Iron Crown|
|poke|p1|Dodrio, M|
|poke|p1|Iron Treads|
|poke|p2|Iron Valiant|
|poke|p2|Quaquaval, M|
|poke|p2|Blaziken, M|
|poke|p2|Gliscor, F|
|poke|p2|Ogerpon, F|
|poke|p2|Iron Crown|
|teampreview
|inactive|Battle timer is ON: inactive players will automatically lose when time's up. (requested by CosmicMD)
|
|t:|1779802665
|teamsize|p1|6
|teamsize|p2|6
|start
|switch|p1a: Dodrio|Dodrio, M|100/100
|switch|p2a: Gliscor|Gliscor, F|100/100
|turn|1
|
|t:|1779802667
|move|p1a: Dodrio|Swords Dance|p1a: Dodrio
|-boost|p1a: Dodrio|atk|2
|move|p2a: Gliscor|Swords Dance|p2a: Gliscor
|-boost|p2a: Gliscor|atk|2
|
|-status|p2a: Gliscor|tox|[from] item: Toxic Orb
|upkeep
|turn|2
|
|t:|1779802672
|move|p1a: Dodrio|Body Slam|p2a: Gliscor
|-enditem|p1a: Dodrio|Normal Gem|[from] gem
|-damage|p2a: Gliscor|8/100 tox
|move|p2a: Gliscor|Facade|p1a: Dodrio
|-damage|p1a: Dodrio|0 fnt
|faint|p1a: Dodrio
|
|-heal|p2a: Gliscor|21/100 tox|[from] ability: Poison Heal
|upkeep
|
|t:|1779802685
|switch|p1a: Iron Crown|Iron Crown|100/100
|turn|3
|
|t:|1779802687
|move|p1a: Iron Crown|Psychic Noise|p2a: Gliscor
|-damage|p2a: Gliscor|0 fnt
|faint|p2a: Gliscor
|
|upkeep
|
|t:|1779802695
|switch|p2a: Ogerpon|Ogerpon, F|100/100
|turn|4
|
|t:|1779802698
|-end|p1a: Iron Crown|Quark Drive|[silent]
|switch|p1a: HydrapGOAT|Hydrapple, M|100/100
|move|p2a: Ogerpon|Knock Off|p1a: HydrapGOAT
|-damage|p1a: HydrapGOAT|72/100
|-enditem|p1a: HydrapGOAT|Heavy-Duty Boots|[from] move: Knock Off|[of] p2a: Ogerpon
|
|upkeep
|turn|5
|
|t:|1779802704
|switch|p2a: Iron Crown|Iron Crown|100/100
|-enditem|p2a: Iron Crown|Booster Energy
|-activate|p2a: Iron Crown|ability: Quark Drive|[fromitem]
|-start|p2a: Iron Crown|quarkdrivespa
|move|p1a: HydrapGOAT|Fickle Beam|p2a: Iron Crown
|-resisted|p2a: Iron Crown
|-damage|p2a: Iron Crown|85/100
|
|upkeep
|turn|6
|
|t:|1779802709
|switch|p1a: Heatran|Heatran, F|100/100
|move|p2a: Iron Crown|Calm Mind|p2a: Iron Crown
|-boost|p2a: Iron Crown|spa|1
|-boost|p2a: Iron Crown|spd|1
|
|upkeep
|turn|7
|
|t:|1779802713
|move|p2a: Iron Crown|Focus Blast|p1a: Heatran
|-supereffective|p1a: Heatran
|-damage|p1a: Heatran|13/100
|move|p1a: Heatran|Magma Storm|p2a: Iron Crown
|-supereffective|p2a: Iron Crown
|-damage|p2a: Iron Crown|29/100
|-activate|p2a: Iron Crown|move: Magma Storm|[of] p1a: Heatran
|
|-heal|p1a: Heatran|20/100|[from] item: Leftovers
|-damage|p2a: Iron Crown|17/100|[from] move: Magma Storm|[partiallytrapped]
|upkeep
|turn|8
|
|t:|1779802722
|move|p2a: Iron Crown|Psyshock|p1a: Heatran
|-resisted|p1a: Heatran
|-damage|p1a: Heatran|0 fnt
|faint|p1a: Heatran
|
|-end|p2a: Iron Crown|Magma Storm|[partiallytrapped]|[silent]
|upkeep
|
|t:|1779802727
|switch|p1a: Iron Treads|Iron Treads|100/100
|turn|9
|
|t:|1779802730
|move|p1a: Iron Treads|Earthquake|p2a: Iron Crown
|-supereffective|p2a: Iron Crown
|-damage|p2a: Iron Crown|0 fnt
|faint|p2a: Iron Crown
|-end|p2a: Iron Crown|Quark Drive|[silent]
|
|upkeep
|
|t:|1779802732
|switch|p2a: Quaquaval|Quaquaval, M|100/100
|turn|10
|
|t:|1779802736
|-end|p1a: Iron Treads|Quark Drive|[silent]
|switch|p1a: HydrapGOAT|Hydrapple, M|100/100
|move|p2a: Quaquaval|Focus Energy|p2a: Quaquaval
|-start|p2a: Quaquaval|move: Focus Energy
|
|upkeep
|turn|11
|
|t:|1779802739
|move|p2a: Quaquaval|Triple Axel|p1a: HydrapGOAT
|-supereffective|p1a: HydrapGOAT
|-crit|p1a: HydrapGOAT
|-damage|p1a: HydrapGOAT|75/100
|-supereffective|p1a: HydrapGOAT
|-crit|p1a: HydrapGOAT
|-damage|p1a: HydrapGOAT|26/100
|-supereffective|p1a: HydrapGOAT
|-crit|p1a: HydrapGOAT
|-damage|p1a: HydrapGOAT|0 fnt
|faint|p1a: HydrapGOAT
|-ability|p2a: Quaquaval|Moxie|boost
|-boost|p2a: Quaquaval|atk|1
|-hitcount|p1: HydrapGOAT|3
|
|upkeep
|
|t:|1779802748
|switch|p1a: Iron Crown|Iron Crown|100/100
|turn|12
|
|t:|1779802752
|-terastallize|p2a: Quaquaval|Electric
|move|p1a: Iron Crown|Psychic Noise|p2a: Quaquaval
|-damage|p2a: Quaquaval|46/100
|-start|p2a: Quaquaval|move: Heal Block
|move|p2a: Quaquaval|Aqua Step|p1a: Iron Crown
|-crit|p1a: Iron Crown
|-damage|p1a: Iron Crown|14/100
|-boost|p2a: Quaquaval|spe|1
|
|upkeep
|turn|13
|
|t:|1779802761
|move|p2a: Quaquaval|Aqua Step|p1a: Iron Crown
|-crit|p1a: Iron Crown
|-damage|p1a: Iron Crown|0 fnt
|-boost|p2a: Quaquaval|spe|1
|faint|p1a: Iron Crown
|-end|p1a: Iron Crown|Quark Drive|[silent]
|-ability|p2a: Quaquaval|Moxie|boost
|-boost|p2a: Quaquaval|atk|1
|
|-end|p2a: Quaquaval|move: Heal Block
|upkeep
|
|t:|1779802765
|switch|p1a: Iron Treads|Iron Treads|100/100
|turn|14
|
|t:|1779802768
|-terastallize|p1a: Iron Treads|Water
|move|p2a: Quaquaval|Aqua Step|p1a: Iron Treads
|-resisted|p1a: Iron Treads
|-crit|p1a: Iron Treads
|-damage|p1a: Iron Treads|49/100
|-boost|p2a: Quaquaval|spe|1
|move|p1a: Iron Treads|Earthquake|p2a: Quaquaval
|-supereffective|p2a: Quaquaval
|-damage|p2a: Quaquaval|0 fnt
|faint|p2a: Quaquaval
|
|upkeep
|
|t:|1779802772
|switch|p2a: Ogerpon|Ogerpon, F|100/100
|turn|15
|
|t:|1779802776
|move|p2a: Ogerpon|U-turn|p1a: Iron Treads
|-damage|p1a: Iron Treads|17/100
|
|t:|1779802779
|switch|p2a: Blaziken|Blaziken, M|100/100|[from] U-turn
|move|p1a: Iron Treads|Ice Spinner|p2a: Blaziken
|-resisted|p2a: Blaziken
|-damage|p2a: Blaziken|78/100
|
|upkeep
|turn|16
|-message|CosmicMD forfeited.
|
|win|ditissjoerd
|raw|CosmicMD's rating: 1432 &rarr; <strong>1412</strong><br />(-20 for losing)
|raw|ditissjoerd's rating: 1440 &rarr; <strong>1460</strong><br />(+20 for winning)
|l|☆CosmicMD
|player|p1|
|l|☆ditissjoerd
|player|p2|
