|j|☆Asilii_
|j|☆KenjiShiguma
|t:|1779963804
|gametype|singles
|player|p1|Asilii_|ethan-gen2|1124
|player|p2|KenjiShiguma|pokemonbreeder-gen4|1117
|gen|9
|tier|[Gen 9] OU
|rated|
|rule|HP Percentage Mod: HP is shown in percentages
|rule|Endless Battle Clause: Forcing endless battles is banned
|rule|Species Clause: Limit one of each Pokémon
|rule|OHKO Clause: OHKO moves are banned
|rule|Evasion Items Clause: Evasion items are banned
|rule|Evasion Moves Clause: Evasion moves are banned
|rule|Evasion Abilities Clause: Evasion abilities are banned
|rule|Sleep Moves Clause: Sleep-inducing moves are banned
|clearpoke
|poke|p1|Ninetales, M|
|poke|p1|Raging Bolt|
|poke|p1|Iron Moth|
|poke|p1|Walking Wake|
|poke|p1|Great Tusk|
|poke|p1|Clodsire, M|
|poke|p2|Golduck, F|
|poke|p2|Porygon2|
|poke|p2|Gardevoir, M|
|poke|p2|Grumpig, M|
|poke|p2|Toxapex, M|
|poke|p2|Sandaconda, M|
|teampreview
|inactive|Battle timer is ON: inactive players will automatically lose when time's up. (requested by Asilii_)
|c|☆Asilii_|special team
|
|t:|1779963820
|teamsize|p1|6
|teamsize|p2|6
|start
|switch|p1a: Ninetales|Ninetales, M, shiny|100/100
|switch|p2a: Toxapex|Toxapex, M|100/100
|-weather|SunnyDay|[from] ability: Drought|[of] p1a: Ninetales
|turn|1
|
|t:|1779963827
|switch|p1a: Raging Bolt|Raging Bolt|100/100
|-activate|p1a: Raging Bolt|ability: Protosynthesis
|-start|p1a: Raging Bolt|protosynthesisspa
|move|p2a: Toxapex|Infestation|p1a: Raging Bolt
|-damage|p1a: Raging Bolt|97/100
|-activate|p1a: Raging Bolt|move: Infestation|[of] p2a: Toxapex
|
|-weather|SunnyDay|[upkeep]
|-damage|p1a: Raging Bolt|85/100|[from] move: Infestation|[partiallytrapped]
|upkeep
|turn|2
|
|t:|1779963837
|switch|p2a: Sandaconda|Sandaconda, M|100/100
|move|p1a: Raging Bolt|Dragon Pulse|p2a: Sandaconda
|-damage|p2a: Sandaconda|0 fnt
|faint|p2a: Sandaconda
|-damage|p1a: Raging Bolt|75/100|[from] item: Life Orb
|
|-weather|SunnyDay|[upkeep]
|-end|p1a: Raging Bolt|Infestation|[partiallytrapped]|[silent]
|upkeep
|
|t:|1779963850
|switch|p2a: Grumpig|Grumpig, M|100/100
|turn|3
|
|t:|1779963857
|move|p1a: Raging Bolt|Thunderbolt|p2a: Grumpig
|-damage|p2a: Grumpig|40/100
|-enditem|p2a: Grumpig|Aguav Berry|[eat]
|-heal|p2a: Grumpig|73/100|[from] item: Aguav Berry
|-damage|p1a: Raging Bolt|65/100|[from] item: Life Orb
|move|p2a: Grumpig|Simple Beam|p1a: Raging Bolt
|-end|p1a: Raging Bolt|Protosynthesis|[silent]
|-ability|p1a: Raging Bolt|Simple|Protosynthesis|[from] move: Simple Beam
|
|-weather|SunnyDay|[upkeep]
|upkeep
|turn|4
|
|t:|1779963876
|move|p1a: Raging Bolt|Weather Ball|p2a: Grumpig
|-damage|p2a: Grumpig|21/100
|-damage|p1a: Raging Bolt|55/100|[from] item: Life Orb
|move|p2a: Grumpig|Simple Beam||[still]
|-fail|p2a: Grumpig
|
|-weather|SunnyDay|[upkeep]
|upkeep
|turn|5
|
|t:|1779963884
|move|p1a: Raging Bolt|Thunderbolt|p2a: Grumpig
|-damage|p2a: Grumpig|0 fnt
|faint|p2a: Grumpig
|-damage|p1a: Raging Bolt|45/100|[from] item: Life Orb
|
|-weather|SunnyDay|[upkeep]
|upkeep
|
|t:|1779963891
|switch|p2a: Gardevoir|Gardevoir, M|100/100
|-ability|p2a: Gardevoir|Simple|Trace|[from] ability: Trace|[of] p1a: Raging Bolt
|turn|6
|
|t:|1779963896
|move|p1a: Raging Bolt|Thunderclap||[still]
|-fail|p1a: Raging Bolt
|move|p2a: Gardevoir|Calm Mind|p2a: Gardevoir
|-boost|p2a: Gardevoir|spa|2
|-boost|p2a: Gardevoir|spd|2
|
|-weather|SunnyDay|[upkeep]
|upkeep
|turn|7
|
|t:|1779963906
|switch|p1a: the wall|Clodsire, M, shiny|100/100
|move|p2a: Gardevoir|Calm Mind|p2a: Gardevoir
|-boost|p2a: Gardevoir|spa|2
|-boost|p2a: Gardevoir|spd|2
|
|-weather|SunnyDay|[upkeep]
|upkeep
|turn|8
|
|t:|1779963913
|-terastallize|p1a: the wall|Fairy
|move|p2a: Gardevoir|Stored Power|p1a: the wall
|-damage|p1a: the wall|0 fnt
|faint|p1a: the wall
|
|-weather|none
|upkeep
|
|t:|1779963922
|switch|p1a: Ninetales|Ninetales, M, shiny|100/100
|-weather|SunnyDay|[from] ability: Drought|[of] p1a: Ninetales
|turn|9
|
|t:|1779963927
|move|p1a: Ninetales|Will-O-Wisp|p2a: Gardevoir|[miss]
|-miss|p1a: Ninetales|p2a: Gardevoir
|move|p2a: Gardevoir|Stored Power|p1a: Ninetales
|-damage|p1a: Ninetales|0 fnt
|faint|p1a: Ninetales
|
|-weather|SunnyDay|[upkeep]
|upkeep
|
|t:|1779963934
|switch|p1a: Iron Moth|Iron Moth|100/100
|-enditem|p1a: Iron Moth|Booster Energy
|-activate|p1a: Iron Moth|ability: Quark Drive|[fromitem]
|-start|p1a: Iron Moth|quarkdrivespe
|turn|10
|
|t:|1779963939
|move|p1a: Iron Moth|Sludge Wave|p2a: Gardevoir
|-supereffective|p2a: Gardevoir
|-damage|p2a: Gardevoir|64/100
|move|p2a: Gardevoir|Stored Power|p1a: Iron Moth
|-supereffective|p1a: Iron Moth
|-damage|p1a: Iron Moth|0 fnt
|faint|p1a: Iron Moth
|-end|p1a: Iron Moth|Quark Drive|[silent]
|
|-weather|SunnyDay|[upkeep]
|-heal|p2a: Gardevoir|70/100|[from] item: Leftovers
|upkeep
|-message|Asilii_ forfeited.
|
|win|KenjiShiguma
|raw|Asilii_'s rating: 1124 &rarr; <strong>1098</strong><br />(-26 for losing)
|raw|KenjiShiguma's rating: 1117 &rarr; <strong>1143</strong><br />(+26 for winning)
|l|☆Asilii_
|player|p1|
|l|☆KenjiShiguma
|player|p2|
