|j|☆wyldtype
|j|☆ChargedKittens
|t:|1779817441
|gametype|singles
|player|p1|wyldtype|1|1128
|player|p2|ChargedKittens|lucas|1152
|gen|9
|tier|[Gen 9] OU
|rated|
|rule|HP Percentage Mod: HP is shown in percentages
|rule|Endless Battle Clause: Forcing endless battles is banned
|rule|Species Clause: Limit one of each Pokémon
|rule|OHKO Clause: OHKO moves are banned
|rule|Evasion Items Clause: Evasion items are banned
|rule|Evasion Moves Clause: Evasion moves are banned
|rule|Evasion Abilities Clause: Evasion abilities are banned
|rule|Sleep Moves Clause: Sleep-inducing moves are banned
|clearpoke
|poke|p1|Meowscarada, F|
|poke|p1|Cinderace, M|
|poke|p1|Scizor, F|
|poke|p1|Coalossal, M|
|poke|p1|Enamorus, F|
|poke|p1|Clodsire, F|
|poke|p2|Spiritomb, F|
|poke|p2|Porygon-Z|
|poke|p2|Gastrodon, M|
|poke|p2|Lucario, F|
|poke|p2|Milotic, F|
|poke|p2|Garchomp, M|
|teampreview
|inactive|Battle timer is ON: inactive players will automatically lose when time's up. (requested by ChargedKittens)
|
|t:|1779817453
|teamsize|p1|6
|teamsize|p2|6
|start
|switch|p1a: Meowscarada|Meowscarada, F|100/100
|switch|p2a: Spiritomb|Spiritomb, F|100/100
|turn|1
|
|t:|1779817461
|move|p1a: Meowscarada|Flower Trick|p2a: Spiritomb
|-start|p1a: Meowscarada|typechange|Grass|[from] ability: Protean
|-crit|p2a: Spiritomb
|-damage|p2a: Spiritomb|48/100
|move|p2a: Spiritomb|Toxic|p1a: Meowscarada
|-status|p1a: Meowscarada|tox
|
|-heal|p2a: Spiritomb|54/100|[from] item: Leftovers
|-damage|p1a: Meowscarada|94/100 tox|[from] psn
|upkeep
|turn|2
|
|t:|1779817474
|move|p1a: Meowscarada|Flower Trick|p2a: Spiritomb
|-crit|p2a: Spiritomb
|-damage|p2a: Spiritomb|1/100
|move|p2a: Spiritomb|Foul Play|p1a: Meowscarada
|-damage|p1a: Meowscarada|25/100 tox
|
|-heal|p2a: Spiritomb|7/100|[from] item: Leftovers
|-damage|p1a: Meowscarada|13/100 tox|[from] psn
|upkeep
|turn|3
|
|t:|1779817488
|move|p2a: Spiritomb|Protect|p2a: Spiritomb
|-singleturn|p2a: Spiritomb|Protect
|move|p1a: Meowscarada|U-turn|p2a: Spiritomb
|-activate|p2a: Spiritomb|move: Protect
|
|-heal|p2a: Spiritomb|14/100|[from] item: Leftovers
|-damage|p1a: Meowscarada|0 fnt|[from] psn
|faint|p1a: Meowscarada
|upkeep
|
|t:|1779817501
|switch|p1a: Clodsire|Clodsire, F|100/100
|turn|4
|
|t:|1779817513
|move|p2a: Spiritomb|Poltergeist|p1a: Clodsire
|-activate|p1a: Clodsire|move: Poltergeist|Black Sludge
|-damage|p1a: Clodsire|66/100
|move|p1a: Clodsire|Toxic|p2a: Spiritomb
|-status|p2a: Spiritomb|tox
|
|-heal|p2a: Spiritomb|20/100 tox|[from] item: Leftovers
|-heal|p1a: Clodsire|72/100|[from] item: Black Sludge
|-damage|p2a: Spiritomb|14/100 tox|[from] psn
|upkeep
|turn|5
|
|t:|1779817525
|move|p2a: Spiritomb|Poltergeist|p1a: Clodsire
|-activate|p1a: Clodsire|move: Poltergeist|Black Sludge
|-damage|p1a: Clodsire|35/100
|move|p1a: Clodsire|Recover|p1a: Clodsire
|-heal|p1a: Clodsire|85/100
|
|-heal|p2a: Spiritomb|20/100 tox|[from] item: Leftovers
|-heal|p1a: Clodsire|91/100|[from] item: Black Sludge
|-damage|p2a: Spiritomb|7/100 tox|[from] psn
|upkeep
|turn|6
|
|t:|1779817538
|move|p2a: Spiritomb|Poltergeist|p1a: Clodsire
|-activate|p1a: Clodsire|move: Poltergeist|Black Sludge
|-crit|p1a: Clodsire
|-damage|p1a: Clodsire|38/100
|move|p1a: Clodsire|Recover|p1a: Clodsire
|-heal|p1a: Clodsire|88/100
|
|-heal|p2a: Spiritomb|14/100 tox|[from] item: Leftovers
|-heal|p1a: Clodsire|94/100|[from] item: Black Sludge
|-damage|p2a: Spiritomb|0 fnt|[from] psn
|faint|p2a: Spiritomb
|upkeep
|
|t:|1779817561
|switch|p2a: Milotic|Milotic, F|100/100
|turn|7
|
|t:|1779817566
|move|p1a: Clodsire|Toxic|p2a: Milotic
|-status|p2a: Milotic|tox
|move|p2a: Milotic|Dragon Tail|p1a: Clodsire
|-damage|p1a: Clodsire|86/100
|drag|p1a: Cinderace|Cinderace, M|100/100
|
|-damage|p2a: Milotic|94/100 tox|[from] psn
|upkeep
|turn|8
|
|t:|1779817578
|switch|p1a: Clodsire|Clodsire, F|86/100
|move|p2a: Milotic|Scald|p1a: Clodsire
|-heal|p1a: Clodsire|100/100|[from] ability: Water Absorb|[of] p2a: Milotic
|
|-damage|p2a: Milotic|82/100 tox|[from] psn
|upkeep
|turn|9
|
|t:|1779817588
|switch|p2a: Garchomp|Garchomp, M|100/100
|move|p1a: Clodsire|Stealth Rock|p2a: Garchomp
|-sidestart|p2: ChargedKittens|move: Stealth Rock
|
|upkeep
|turn|10
|
|t:|1779817599
|move|p2a: Garchomp|Earthquake|p1a: Clodsire
|-supereffective|p1a: Clodsire
|-damage|p1a: Clodsire|0 fnt
|faint|p1a: Clodsire
|
|upkeep
|
|t:|1779817604
|switch|p1a: Enamorus|Enamorus, F|100/100
|turn|11
|
|t:|1779817614
|switch|p2a: Lucario|Lucario, F|100/100
|-damage|p2a: Lucario|98/100|[from] Stealth Rock
|move|p1a: Enamorus|Moonblast|p2a: Lucario
|-damage|p2a: Lucario|45/100
|
|upkeep
|turn|12
|
|t:|1779817627
|move|p2a: Lucario|Bullet Punch|p1a: Enamorus
|-supereffective|p1a: Enamorus
|-damage|p1a: Enamorus|44/100
|move|p1a: Enamorus|Earth Power|p2a: Lucario
|-supereffective|p2a: Lucario
|-damage|p2a: Lucario|0 fnt
|faint|p2a: Lucario
|
|upkeep
|
|t:|1779817637
|switch|p2a: Porygon-Z|Porygon-Z|100/100
|-damage|p2a: Porygon-Z|88/100|[from] Stealth Rock
|-ability|p2a: Porygon-Z|Download|boost
|-boost|p2a: Porygon-Z|spa|1
|turn|13
|
|t:|1779817650
|move|p1a: Enamorus|Mystical Fire|p2a: Porygon-Z
|-damage|p2a: Porygon-Z|50/100
|-unboost|p2a: Porygon-Z|spa|1
|move|p2a: Porygon-Z|Tri Attack|p1a: Enamorus
|-damage|p1a: Enamorus|0 fnt
|faint|p1a: Enamorus
|-damage|p2a: Porygon-Z|40/100|[from] item: Life Orb
|
|upkeep
|
|t:|1779817660
|switch|p1a: Scizor|Scizor, F|100/100
|turn|14
|
|t:|1779817671
|move|p1a: Scizor|Bullet Punch|p2a: Porygon-Z
|-crit|p2a: Porygon-Z
|-damage|p2a: Porygon-Z|0 fnt
|faint|p2a: Porygon-Z
|
|upkeep
|
|t:|1779817684
|switch|p2a: Garchomp|Garchomp, M|100/100
|-damage|p2a: Garchomp|94/100|[from] Stealth Rock
|turn|15
|
|t:|1779817702
|switch|p2a: Gastrodon|Gastrodon, M|100/100
|-damage|p2a: Gastrodon|94/100|[from] Stealth Rock
|switch|p1a: Coalossal|Coalossal, M|100/100
|
|upkeep
|turn|16
|
|t:|1779817717
|move|p2a: Gastrodon|Earth Power|p1a: Coalossal
|-supereffective|p1a: Coalossal
|-damage|p1a: Coalossal|8/100
|move|p1a: Coalossal|Meteor Beam||[still]
|-prepare|p1a: Coalossal|Meteor Beam
|-boost|p1a: Coalossal|spa|1
|-enditem|p1a: Coalossal|Power Herb
|-anim|p1a: Coalossal|Meteor Beam|p2a: Gastrodon
|-resisted|p2a: Gastrodon
|-damage|p2a: Gastrodon|70/100
|
|upkeep
|turn|17
|
|t:|1779817730
|move|p2a: Gastrodon|Surf|p1a: Coalossal
|-supereffective|p1a: Coalossal
|-damage|p1a: Coalossal|0 fnt
|faint|p1a: Coalossal
|
|upkeep
|
|t:|1779817736
|switch|p1a: Scizor|Scizor, F|100/100
|turn|18
|
|t:|1779817743
|move|p1a: Scizor|Swords Dance|p1a: Scizor
|-boost|p1a: Scizor|atk|2
|move|p2a: Gastrodon|Earth Power|p1a: Scizor
|-damage|p1a: Scizor|65/100
|-unboost|p1a: Scizor|spd|1
|
|upkeep
|turn|19
|
|t:|1779817755
|move|p1a: Scizor|Knock Off|p2a: Gastrodon
|-damage|p2a: Gastrodon|11/100
|move|p2a: Gastrodon|Earth Power|p1a: Scizor
|-damage|p1a: Scizor|17/100
|
|upkeep
|turn|20
|
|t:|1779817763
|move|p1a: Scizor|Bug Bite|p2a: Gastrodon
|-damage|p2a: Gastrodon|0 fnt
|faint|p2a: Gastrodon
|
|upkeep
|
|t:|1779817768
|switch|p2a: Milotic|Milotic, F|82/100 tox
|-damage|p2a: Milotic|70/100 tox|[from] Stealth Rock
|turn|21
|
|t:|1779817775
|move|p2a: Milotic|Scald|p1a: Scizor
|-damage|p1a: Scizor|0 fnt
|faint|p1a: Scizor
|
|-damage|p2a: Milotic|64/100 tox|[from] psn
|upkeep
|
|t:|1779817782
|switch|p1a: Cinderace|Cinderace, M|100/100
|turn|22
|
|t:|1779817788
|move|p1a: Cinderace|High Jump Kick|p2a: Milotic
|-start|p1a: Cinderace|typechange|Fighting|[from] ability: Libero
|-damage|p2a: Milotic|36/100 tox
|move|p2a: Milotic|Scald|p1a: Cinderace
|-damage|p1a: Cinderace|67/100
|
|-damage|p2a: Milotic|24/100 tox|[from] psn
|upkeep
|turn|23
|
|t:|1779817798
|move|p1a: Cinderace|High Jump Kick|p2a: Milotic
|-crit|p2a: Milotic
|-damage|p2a: Milotic|0 fnt
|faint|p2a: Milotic
|
|upkeep
|
|t:|1779817807
|switch|p2a: Garchomp|Garchomp, M|94/100
|-damage|p2a: Garchomp|88/100|[from] Stealth Rock
|turn|24
|
|t:|1779817814
|-terastallize|p2a: Garchomp|Dragon
|move|p1a: Cinderace|High Jump Kick|p2a: Garchomp
|-damage|p2a: Garchomp|25/100
|-damage|p1a: Cinderace|55/100|[from] ability: Rough Skin|[of] p2a: Garchomp
|move|p2a: Garchomp|Outrage|p1a: Cinderace
|-damage|p1a: Cinderace|0 fnt
|faint|p1a: Cinderace
|
|win|ChargedKittens
|raw|wyldtype's rating: 1128 &rarr; <strong>1105</strong><br />(-23 for losing)
|raw|ChargedKittens's rating: 1152 &rarr; <strong>1175</strong><br />(+23 for winning)
|l|☆wyldtype
|player|p1|
|l|☆ChargedKittens
|player|p2|
