|j|☆extra-pseudo man
|j|☆noobishtrainerjoe
|t:|1779932590
|gametype|singles
|player|p1|extra-pseudo man|ghetsis-gen5bw|1551
|player|p2|noobishtrainerjoe|kurt|1593
|gen|9
|tier|[Gen 9] OU
|rated|
|rule|HP Percentage Mod: HP is shown in percentages
|rule|Endless Battle Clause: Forcing endless battles is banned
|rule|Species Clause: Limit one of each Pokémon
|rule|OHKO Clause: OHKO moves are banned
|rule|Evasion Items Clause: Evasion items are banned
|rule|Evasion Moves Clause: Evasion moves are banned
|rule|Evasion Abilities Clause: Evasion abilities are banned
|rule|Sleep Moves Clause: Sleep-inducing moves are banned
|clearpoke
|poke|p1|Dragonite, F|
|poke|p1|Dragapult, M|
|poke|p1|Tyranitar, M|
|poke|p1|Metagross|
|poke|p1|Goodra-Hisui, F|
|poke|p1|Garchomp, M|
|poke|p2|Kyurem|
|poke|p2|Tinkaton, F|
|poke|p2|Great Tusk|
|poke|p2|Dondozo, M|
|poke|p2|Rillaboom, F|
|poke|p2|Dragapult, M|
|teampreview
|inactive|Battle timer is ON: inactive players will automatically lose when time's up. (requested by extra-pseudo man)
|inactive|noobishtrainerjoe has 120 seconds left.
|
|t:|1779932634
|teamsize|p1|6
|teamsize|p2|6
|start
|switch|p1a: We pulten on it|Dragapult, M|100/100
|switch|p2a: Kyurem|Kyurem|100/100
|-ability|p2a: Kyurem|Pressure
|turn|1
|
|t:|1779932645
|move|p2a: Kyurem|Protect|p2a: Kyurem
|-singleturn|p2a: Kyurem|Protect
|move|p1a: We pulten on it|U-turn|p2a: Kyurem
|-activate|p2a: Kyurem|move: Protect
|
|upkeep
|turn|2
|
|t:|1779932650
|move|p1a: We pulten on it|Draco Meteor|p2a: Kyurem
|-supereffective|p2a: Kyurem
|-damage|p2a: Kyurem|0 fnt
|-unboost|p1a: We pulten on it|spa|2
|faint|p2a: Kyurem
|
|upkeep
|
|t:|1779932654
|switch|p2a: Tinkaton|Tinkaton, F|100/100
|-ability|p2a: Tinkaton|Mold Breaker
|turn|3
|
|t:|1779932658
|move|p1a: We pulten on it|U-turn|p2a: Tinkaton
|-resisted|p2a: Tinkaton
|-damage|p2a: Tinkaton|95/100
|
|t:|1779932660
|switch|p1a: Spiky man|Garchomp, M|100/100|[from] U-turn
|move|p2a: Tinkaton|Substitute|p2a: Tinkaton
|-start|p2a: Tinkaton|Substitute
|-damage|p2a: Tinkaton|70/100
|
|-heal|p2a: Tinkaton|76/100|[from] item: Leftovers
|upkeep
|turn|4
|
|t:|1779932664
|move|p2a: Tinkaton|Swords Dance|p2a: Tinkaton
|-boost|p2a: Tinkaton|atk|2
|move|p1a: Spiky man|Earthquake|p2a: Tinkaton
|-supereffective|p2a: Tinkaton
|-end|p2a: Tinkaton|Substitute
|
|-heal|p2a: Tinkaton|82/100|[from] item: Leftovers
|upkeep
|turn|5
|
|t:|1779932678
|move|p2a: Tinkaton|Gigaton Hammer|p1a: Spiky man
|-damage|p1a: Spiky man|23/100
|move|p1a: Spiky man|Earthquake|p2a: Tinkaton
|-supereffective|p2a: Tinkaton
|-damage|p2a: Tinkaton|0 fnt
|faint|p2a: Tinkaton
|
|upkeep
|
|t:|1779932688
|switch|p2a: Dragapult|Dragapult, M|100/100
|turn|6
|
|t:|1779932695
|switch|p1a: Jonny Drag|Dragonite, F|100/100
|move|p2a: Dragapult|Dragon Darts|p1a: Jonny Drag
|-supereffective|p1a: Jonny Drag
|-damage|p1a: Jonny Drag|77/100
|-anim|p2a: Dragapult|Dragon Darts|p1a: Jonny Drag
|-supereffective|p1a: Jonny Drag
|-damage|p1a: Jonny Drag|32/100
|
|upkeep
|turn|7
|
|t:|1779932703
|switch|p1a: Big Man|Tyranitar, M|100/100
|-weather|Sandstorm|[from] ability: Sand Stream|[of] p1a: Big Man
|move|p2a: Dragapult|Dragon Darts|p1a: Big Man
|-damage|p1a: Big Man|86/100
|-anim|p2a: Dragapult|Dragon Darts|p1a: Big Man
|-damage|p1a: Big Man|71/100
|
|-weather|Sandstorm|[upkeep]
|-damage|p2a: Dragapult|95/100|[from] Sandstorm
|-heal|p1a: Big Man|77/100|[from] item: Leftovers
|upkeep
|turn|8
|
|t:|1779932708
|move|p2a: Dragapult|Will-O-Wisp|p1a: Big Man
|-status|p1a: Big Man|brn
|move|p1a: Big Man|Stealth Rock|p2a: Dragapult
|-sidestart|p2: noobishtrainerjoe|move: Stealth Rock
|
|-weather|Sandstorm|[upkeep]
|-damage|p2a: Dragapult|89/100|[from] Sandstorm
|-heal|p1a: Big Man|83/100 brn|[from] item: Leftovers
|-damage|p1a: Big Man|77/100 brn|[from] brn
|upkeep
|turn|9
|
|t:|1779932713
|move|p2a: Dragapult|U-turn|p1a: Big Man
|-supereffective|p1a: Big Man
|-damage|p1a: Big Man|49/100 brn
|
|t:|1779932725
|switch|p2a: Great Tusk|Great Tusk|100/100|[from] U-turn
|move|p1a: Big Man|Knock Off|p2a: Great Tusk
|-resisted|p2a: Great Tusk
|-damage|p2a: Great Tusk|93/100
|-enditem|p2a: Great Tusk|Heavy-Duty Boots|[from] move: Knock Off|[of] p1a: Big Man
|
|-weather|Sandstorm|[upkeep]
|-heal|p1a: Big Man|55/100 brn|[from] item: Leftovers
|-damage|p1a: Big Man|49/100 brn|[from] brn
|upkeep
|turn|10
|
|t:|1779932735
|switch|p1a: We pulten on it|Dragapult, M|100/100
|move|p2a: Great Tusk|Ice Spinner|p1a: We pulten on it
|-supereffective|p1a: We pulten on it
|-damage|p1a: We pulten on it|17/100
|
|-weather|Sandstorm|[upkeep]
|-damage|p1a: We pulten on it|11/100|[from] Sandstorm
|upkeep
|turn|11
|
|t:|1779932752
|move|p1a: We pulten on it|Draco Meteor|p2a: Great Tusk
|-damage|p2a: Great Tusk|2/100
|-unboost|p1a: We pulten on it|spa|2
|move|p2a: Great Tusk|Stealth Rock|p1a: We pulten on it
|-sidestart|p1: extra-pseudo man|move: Stealth Rock
|
|-weather|none
|upkeep
|turn|12
|
|t:|1779932759
|move|p1a: We pulten on it|Hex|p2a: Great Tusk
|-damage|p2a: Great Tusk|0 fnt
|faint|p2a: Great Tusk
|-end|p2a: Great Tusk|Protosynthesis|[silent]
|
|upkeep
|
|t:|1779932765
|switch|p2a: Rillaboom|Rillaboom, F|100/100
|-damage|p2a: Rillaboom|88/100|[from] Stealth Rock
|-fieldstart|move: Grassy Terrain|[from] ability: Grassy Surge|[of] p2a: Rillaboom
|turn|13
|
|t:|1779932768
|switch|p1a: Spiky man|Garchomp, M|23/100
|-damage|p1a: Spiky man|17/100|[from] Stealth Rock
|move|p2a: Rillaboom|Swords Dance|p2a: Rillaboom
|-boost|p2a: Rillaboom|atk|2
|
|-heal|p2a: Rillaboom|94/100|[from] Grassy Terrain
|-heal|p1a: Spiky man|23/100|[from] Grassy Terrain
|upkeep
|turn|14
|
|t:|1779932778
|move|p2a: Rillaboom|Drain Punch|p1a: Spiky man
|-damage|p1a: Spiky man|0 fnt
|-heal|p2a: Rillaboom|100/100|[from] drain|[of] p1a: Spiky man
|-damage|p2a: Rillaboom|88/100|[from] ability: Rough Skin|[of] p1a: Spiky man
|-damage|p2a: Rillaboom|72/100|[from] item: Rocky Helmet|[of] p1a: Spiky man
|faint|p1a: Spiky man
|-damage|p2a: Rillaboom|62/100|[from] item: Life Orb
|
|-heal|p2a: Rillaboom|68/100|[from] Grassy Terrain
|upkeep
|
|t:|1779932796
|switch|p1a: Kabloom|Metagross|100/100
|-damage|p1a: Kabloom|95/100|[from] Stealth Rock
|turn|15
|
|t:|1779932800
|move|p2a: Rillaboom|Knock Off|p1a: Kabloom
|-supereffective|p1a: Kabloom
|-crit|p1a: Kabloom
|-damage|p1a: Kabloom|0 fnt
|-enditem|p1a: Kabloom|Choice Band|[from] move: Knock Off|[of] p2a: Rillaboom
|faint|p1a: Kabloom
|-damage|p2a: Rillaboom|58/100|[from] item: Life Orb
|
|-heal|p2a: Rillaboom|64/100|[from] Grassy Terrain
|upkeep
|
|t:|1779932806
|switch|p1a: We pulten on it|Dragapult, M|11/100
|turn|16
|
|t:|1779932808
|move|p2a: Rillaboom|Grassy Glide|p1a: We pulten on it
|-resisted|p1a: We pulten on it
|-damage|p1a: We pulten on it|0 fnt
|faint|p1a: We pulten on it
|-damage|p2a: Rillaboom|54/100|[from] item: Life Orb
|
|-heal|p2a: Rillaboom|60/100|[from] Grassy Terrain
|upkeep
|
|t:|1779932817
|switch|p1a: Jonny Drag|Dragonite, F|32/100
|turn|17
|
|t:|1779932843
|move|p1a: Jonny Drag|Extreme Speed|p2a: Rillaboom
|-damage|p2a: Rillaboom|23/100
|move|p2a: Rillaboom|Drain Punch|p1a: Jonny Drag
|-resisted|p1a: Jonny Drag
|-damage|p1a: Jonny Drag|0 fnt
|-heal|p2a: Rillaboom|38/100|[from] drain|[of] p1a: Jonny Drag
|faint|p1a: Jonny Drag
|-damage|p2a: Rillaboom|28/100|[from] item: Life Orb
|
|-heal|p2a: Rillaboom|35/100|[from] Grassy Terrain
|-fieldend|move: Grassy Terrain
|upkeep
|
|t:|1779932853
|switch|p1a: The goot|Goodra-Hisui, F|100/100
|-damage|p1a: The goot|94/100|[from] Stealth Rock
|turn|18
|
|t:|1779932859
|-terastallize|p1a: The goot|Dragon
|move|p2a: Rillaboom|Knock Off|p1a: The goot
|-damage|p1a: The goot|0 fnt
|-ability|p1a: The goot|Gooey
|-unboost|p2a: Rillaboom|spe|1
|-enditem|p1a: The goot|Choice Specs|[from] move: Knock Off|[of] p2a: Rillaboom
|faint|p1a: The goot
|-damage|p2a: Rillaboom|25/100|[from] item: Life Orb
|
|upkeep
|-message|extra-pseudo man forfeited.
|
|win|noobishtrainerjoe
|raw|extra-pseudo man's rating: 1551 &rarr; <strong>1533</strong><br />(-18 for losing)
|raw|noobishtrainerjoe's rating: 1593 &rarr; <strong>1611</strong><br />(+18 for winning)
|l|☆extra-pseudo man
|player|p1|
|l|☆noobishtrainerjoe
|player|p2|
