|j|☆uneball
|j|☆MrRodeo
|t:|1779915486
|gametype|singles
|player|p1|uneball|2|1168
|player|p2|MrRodeo|lance|1158
|gen|9
|tier|[Gen 9] OU
|rated|
|rule|HP Percentage Mod: HP is shown in percentages
|rule|Endless Battle Clause: Forcing endless battles is banned
|rule|Species Clause: Limit one of each Pokémon
|rule|OHKO Clause: OHKO moves are banned
|rule|Evasion Items Clause: Evasion items are banned
|rule|Evasion Moves Clause: Evasion moves are banned
|rule|Evasion Abilities Clause: Evasion abilities are banned
|rule|Sleep Moves Clause: Sleep-inducing moves are banned
|clearpoke
|poke|p1|Samurott-Hisui, F|
|poke|p1|Heatran, F|
|poke|p1|Enamorus, F|
|poke|p1|Ursaluna, F|
|poke|p1|Dragapult, M|
|poke|p1|Magnezone|
|poke|p2|Hawlucha, M|
|poke|p2|Rillaboom, M|
|poke|p2|Gliscor, M|
|poke|p2|Volcanion|
|poke|p2|Gholdengo|
|poke|p2|Grimmsnarl, M|
|teampreview
|
|t:|1779915497
|teamsize|p1|6
|teamsize|p2|6
|start
|switch|p1a: Ursaluna|Ursaluna, F|100/100
|switch|p2a: Please just work|Gliscor, M|100/100
|turn|1
|inactive|Battle timer is ON: inactive players will automatically lose when time's up. (requested by uneball)
|
|t:|1779915514
|move|p2a: Please just work|Toxic|p1a: Ursaluna
|-status|p1a: Ursaluna|tox
|move|p1a: Ursaluna|Avalanche|p2a: Please just work
|-supereffective|p2a: Please just work
|-damage|p2a: Please just work|5/100
|
|-damage|p1a: Ursaluna|94/100 tox|[from] psn
|-status|p2a: Please just work|tox|[from] item: Toxic Orb
|upkeep
|turn|2
|
|t:|1779915526
|move|p2a: Please just work|Protect|p2a: Please just work
|-singleturn|p2a: Please just work|Protect
|move|p1a: Ursaluna|Facade|p2a: Please just work
|-activate|p2a: Please just work|move: Protect
|
|-heal|p2a: Please just work|18/100 tox|[from] ability: Poison Heal
|-damage|p1a: Ursaluna|82/100 tox|[from] psn
|upkeep
|turn|3
|
|t:|1779915552
|move|p2a: Please just work|High Horsepower|p1a: Ursaluna
|-damage|p1a: Ursaluna|60/100 tox
|move|p1a: Ursaluna|Avalanche|p2a: Please just work
|-supereffective|p2a: Please just work
|-damage|p2a: Please just work|0 fnt
|faint|p2a: Please just work
|
|-damage|p1a: Ursaluna|42/100 tox|[from] psn
|upkeep
|inactive|MrRodeo has 120 seconds left.
|
|t:|1779915564
|switch|p2a: Best boi|Hawlucha, M|100/100
|turn|4
|
|t:|1779915578
|move|p2a: Best boi|Close Combat|p1a: Ursaluna
|-supereffective|p1a: Ursaluna
|-damage|p1a: Ursaluna|0 fnt
|-unboost|p2a: Best boi|def|1
|-unboost|p2a: Best boi|spd|1
|faint|p1a: Ursaluna
|
|upkeep
|
|t:|1779915594
|switch|p1a: Dragapult|Dragapult, M|100/100
|turn|5
|
|t:|1779915607
|switch|p2a: dnd rogue|Grimmsnarl, M|100/100
|move|p1a: Dragapult|Dragon Dance|p1a: Dragapult
|-boost|p1a: Dragapult|atk|1
|-boost|p1a: Dragapult|spe|1
|
|upkeep
|turn|6
|
|t:|1779915620
|move|p2a: dnd rogue|Sucker Punch|p1a: Dragapult
|-supereffective|p1a: Dragapult
|-damage|p1a: Dragapult|30/100
|move|p1a: Dragapult|Phantom Force||[still]
|-prepare|p1a: Dragapult|Phantom Force
|
|upkeep
|turn|7
|
|t:|1779915631
|move|p2a: dnd rogue|Sucker Punch|p1a: Dragapult|[miss]
|-miss|p2a: dnd rogue|p1a: Dragapult
|move|p1a: Dragapult|Phantom Force|p2a: dnd rogue|[from] lockedmove
|-resisted|p2a: dnd rogue
|-damage|p2a: dnd rogue|55/100
|
|-heal|p2a: dnd rogue|61/100|[from] item: Leftovers
|upkeep
|turn|8
|
|t:|1779915644
|switch|p1a: Enamorus|Enamorus, F|100/100
|move|p2a: dnd rogue|Sucker Punch||[still]
|-fail|p2a: dnd rogue
|
|-heal|p2a: dnd rogue|67/100|[from] item: Leftovers
|upkeep
|turn|9
|
|t:|1779915654
|move|p2a: dnd rogue|Parting Shot|p1a: Enamorus
|-boost|p1a: Enamorus|atk|1
|-boost|p1a: Enamorus|spa|1
|
|t:|1779915671
|switch|p2a: Moneyyyyy|Gholdengo|100/100|[from] Parting Shot
|-item|p2a: Moneyyyyy|Air Balloon
|move|p1a: Enamorus|Superpower|p2a: Moneyyyyy
|-immune|p2a: Moneyyyyy
|
|upkeep
|turn|10
|
|t:|1779915682
|switch|p1a: Heatran|Heatran, F|100/100
|-item|p1a: Heatran|Air Balloon
|move|p2a: Moneyyyyy|Make It Rain|p1a: Heatran
|-resisted|p1a: Heatran
|-damage|p1a: Heatran|89/100
|-unboost|p2a: Moneyyyyy|spa|1
|-enditem|p1a: Heatran|Air Balloon
|
|upkeep
|turn|11
|
|t:|1779915694
|switch|p2a: WHY|Volcanion|100/100
|move|p1a: Heatran|Stealth Rock|p2a: WHY
|-sidestart|p2: MrRodeo|move: Stealth Rock
|
|upkeep
|turn|12
|
|t:|1779915704
|move|p1a: Heatran|Earth Power|p2a: WHY
|-supereffective|p2a: WHY
|-damage|p2a: WHY|46/100
|move|p2a: WHY|Steam Eruption|p1a: Heatran
|-supereffective|p1a: Heatran
|-damage|p1a: Heatran|0 fnt
|faint|p1a: Heatran
|
|upkeep
|
|t:|1779915712
|switch|p1a: Samurott|Samurott-Hisui, F|100/100
|turn|13
|
|t:|1779915737
|switch|p2a: Best boi|Hawlucha, M|100/100
|-damage|p2a: Best boi|88/100|[from] Stealth Rock
|move|p1a: Samurott|Ceaseless Edge|p2a: Best boi
|-resisted|p2a: Best boi
|-damage|p2a: Best boi|55/100
|-sidestart|p2: MrRodeo|Spikes
|
|upkeep
|turn|14
|
|t:|1779915747
|switch|p1a: Dragapult|Dragapult, M|30/100
|move|p2a: Best boi|Close Combat|p1a: Dragapult
|-immune|p1a: Dragapult
|
|upkeep
|turn|15
|
|t:|1779915760
|switch|p2a: dnd rogue|Grimmsnarl, M|67/100
|-damage|p2a: dnd rogue|55/100|[from] Stealth Rock
|-damage|p2a: dnd rogue|42/100|[from] Spikes
|move|p1a: Dragapult|Psychic Fangs|p2a: dnd rogue
|-immune|p2a: dnd rogue
|
|-heal|p2a: dnd rogue|48/100|[from] item: Leftovers
|upkeep
|turn|16
|
|t:|1779915777
|move|p2a: dnd rogue|Thunder Wave|p1a: Dragapult
|-status|p1a: Dragapult|par
|move|p1a: Dragapult|Phantom Force||[still]
|-prepare|p1a: Dragapult|Phantom Force
|
|-heal|p2a: dnd rogue|54/100|[from] item: Leftovers
|upkeep
|turn|17
|
|t:|1779915791
|move|p2a: dnd rogue|Parting Shot|p1a: Dragapult|[miss]
|-miss|p2a: dnd rogue|p1a: Dragapult
|move|p1a: Dragapult|Phantom Force|p2a: dnd rogue|[from] lockedmove
|-resisted|p2a: dnd rogue
|-damage|p2a: dnd rogue|27/100
|
|-heal|p2a: dnd rogue|33/100|[from] item: Leftovers
|upkeep
|turn|18
|
|t:|1779915800
|switch|p1a: Enamorus|Enamorus, F|100/100
|move|p2a: dnd rogue|Sucker Punch||[still]
|-fail|p2a: dnd rogue
|
|-heal|p2a: dnd rogue|39/100|[from] item: Leftovers
|upkeep
|turn|19
|
|t:|1779915811
|switch|p2a: Moneyyyyy|Gholdengo|100/100
|-damage|p2a: Moneyyyyy|94/100|[from] Stealth Rock
|-item|p2a: Moneyyyyy|Air Balloon
|move|p1a: Enamorus|Tailwind|p1a: Enamorus
|-sidestart|p1: uneball|move: Tailwind
|
|upkeep
|turn|20
|
|t:|1779915822
|switch|p1a: Magnezone|Magnezone|100/100
|move|p2a: Moneyyyyy|Make It Rain|p1a: Magnezone
|-resisted|p1a: Magnezone
|-damage|p1a: Magnezone|83/100
|-unboost|p2a: Moneyyyyy|spa|1
|
|-heal|p1a: Magnezone|89/100|[from] item: Leftovers
|upkeep
|turn|21
|
|t:|1779915836
|switch|p2a: Clyde|Rillaboom, M|100/100
|-damage|p2a: Clyde|88/100|[from] Stealth Rock
|-damage|p2a: Clyde|76/100|[from] Spikes
|-fieldstart|move: Grassy Terrain|[from] ability: Grassy Surge|[of] p2a: Clyde
|move|p1a: Magnezone|Discharge|p2a: Clyde
|-resisted|p2a: Clyde
|-damage|p2a: Clyde|52/100
|-status|p2a: Clyde|par
|
|-heal|p1a: Magnezone|95/100|[from] Grassy Terrain
|-heal|p1a: Magnezone|100/100|[from] item: Leftovers
|-heal|p2a: Clyde|58/100 par|[from] Grassy Terrain
|upkeep
|turn|22
|inactive|MrRodeo has 120 seconds left.
|
|t:|1779915859
|move|p1a: Magnezone|Substitute|p1a: Magnezone
|-start|p1a: Magnezone|Substitute
|-damage|p1a: Magnezone|76/100
|move|p2a: Clyde|U-turn|p1a: Magnezone
|-resisted|p1a: Magnezone
|-activate|p1a: Magnezone|move: Substitute|[damage]
|inactive|MrRodeo has 120 seconds left.
|
|t:|1779915875
|switch|p2a: WHY|Volcanion|46/100|[from] U-turn
|-damage|p2a: WHY|21/100|[from] Stealth Rock
|-damage|p2a: WHY|8/100|[from] Spikes
|
|-heal|p1a: Magnezone|82/100|[from] Grassy Terrain
|-heal|p1a: Magnezone|88/100|[from] item: Leftovers
|-heal|p2a: WHY|14/100|[from] Grassy Terrain
|-sideend|p1: uneball|move: Tailwind
|upkeep
|turn|23
|
|t:|1779915887
|move|p2a: WHY|Earth Power|p1a: Magnezone
|-supereffective|p1a: Magnezone
|-end|p1a: Magnezone|Substitute
|move|p1a: Magnezone|Discharge|p2a: WHY
|-supereffective|p2a: WHY
|-damage|p2a: WHY|0 fnt
|faint|p2a: WHY
|
|-heal|p1a: Magnezone|94/100|[from] Grassy Terrain
|-heal|p1a: Magnezone|99/100|[from] item: Leftovers
|upkeep
|
|t:|1779915902
|switch|p2a: Best boi|Hawlucha, M|55/100
|-damage|p2a: Best boi|43/100|[from] Stealth Rock
|-enditem|p2a: Best boi|Grassy Seed
|-boost|p2a: Best boi|def|1|[from] item: Grassy Seed
|turn|24
|
|t:|1779915909
|switch|p1a: Dragapult|Dragapult, M|30/100 par
|move|p2a: Best boi|Close Combat|p1a: Dragapult
|-immune|p1a: Dragapult
|
|-heal|p1a: Dragapult|36/100 par|[from] Grassy Terrain
|upkeep
|turn|25
|
|t:|1779915922
|switch|p2a: dnd rogue|Grimmsnarl, M|39/100
|-damage|p2a: dnd rogue|27/100|[from] Stealth Rock
|-damage|p2a: dnd rogue|14/100|[from] Spikes
|move|p1a: Dragapult|Dragon Dance|p1a: Dragapult
|-boost|p1a: Dragapult|atk|1
|-boost|p1a: Dragapult|spe|1
|
|-heal|p1a: Dragapult|42/100 par|[from] Grassy Terrain
|-heal|p2a: dnd rogue|20/100|[from] Grassy Terrain
|-heal|p2a: dnd rogue|26/100|[from] item: Leftovers
|-fieldend|move: Grassy Terrain
|upkeep
|turn|26
|
|t:|1779915936
|move|p2a: dnd rogue|Sucker Punch|p1a: Dragapult
|-supereffective|p1a: Dragapult
|-damage|p1a: Dragapult|0 fnt
|faint|p1a: Dragapult
|
|-heal|p2a: dnd rogue|32/100|[from] item: Leftovers
|upkeep
|
|t:|1779915948
|switch|p1a: Enamorus|Enamorus, F|100/100
|turn|27
|inactive|MrRodeo has 120 seconds left.
|
|t:|1779915958
|switch|p2a: Moneyyyyy|Gholdengo|94/100
|-damage|p2a: Moneyyyyy|88/100|[from] Stealth Rock
|-item|p2a: Moneyyyyy|Air Balloon
|move|p1a: Enamorus|Play Rough|p2a: Moneyyyyy
|-resisted|p2a: Moneyyyyy
|-crit|p2a: Moneyyyyy
|-damage|p2a: Moneyyyyy|53/100
|-enditem|p2a: Moneyyyyy|Air Balloon
|
|upkeep
|turn|28
|inactive|MrRodeo has 120 seconds left.
|
|t:|1779915970
|switch|p1a: Magnezone|Magnezone|99/100
|move|p2a: Moneyyyyy|Shadow Ball|p1a: Magnezone
|-damage|p1a: Magnezone|47/100
|
|-heal|p1a: Magnezone|53/100|[from] item: Leftovers
|upkeep
|turn|29
|inactive|MrRodeo has 120 seconds left.
|
|t:|1779915981
|move|p2a: Moneyyyyy|Shadow Ball|p1a: Magnezone
|-damage|p1a: Magnezone|5/100
|move|p1a: Magnezone|Discharge|p2a: Moneyyyyy
|-damage|p2a: Moneyyyyy|10/100
|
|-heal|p1a: Magnezone|11/100|[from] item: Leftovers
|upkeep
|turn|30
|
|t:|1779915990
|move|p2a: Moneyyyyy|Recover|p2a: Moneyyyyy
|-heal|p2a: Moneyyyyy|60/100
|move|p1a: Magnezone|Discharge|p2a: Moneyyyyy
|-damage|p2a: Moneyyyyy|20/100
|
|-heal|p1a: Magnezone|17/100|[from] item: Leftovers
|upkeep
|turn|31
|
|t:|1779916010
|move|p2a: Moneyyyyy|Shadow Ball|p1a: Magnezone
|-damage|p1a: Magnezone|0 fnt
|faint|p1a: Magnezone
|
|upkeep
|
|t:|1779916013
|switch|p1a: Samurott|Samurott-Hisui, F|100/100
|turn|32
|
|t:|1779916037
|switch|p2a: dnd rogue|Grimmsnarl, M|32/100
|-damage|p2a: dnd rogue|20/100|[from] Stealth Rock
|-damage|p2a: dnd rogue|8/100|[from] Spikes
|move|p1a: Samurott|Ceaseless Edge|p2a: dnd rogue
|-resisted|p2a: dnd rogue
|-damage|p2a: dnd rogue|0 fnt
|-sidestart|p2: MrRodeo|Spikes
|faint|p2a: dnd rogue
|
|upkeep
|inactive|MrRodeo has 120 seconds left.
|
|t:|1779916053
|switch|p2a: Clyde|Rillaboom, M|58/100 par
|-damage|p2a: Clyde|46/100 par|[from] Stealth Rock
|-damage|p2a: Clyde|29/100 par|[from] Spikes
|-fieldstart|move: Grassy Terrain|[from] ability: Grassy Surge|[of] p2a: Clyde
|turn|33
|inactive|MrRodeo has 120 seconds left.
|l|☆uneball
|inactive|uneball disconnected and has a minute to reconnect!
|player|p1|
|j|☆uneball
|inactive|uneball reconnected and has 125 seconds left.
|player|p1|uneball|2|
|
|t:|1779916082
|move|p2a: Clyde|Grassy Glide|p1a: Samurott
|-supereffective|p1a: Samurott
|-damage|p1a: Samurott|0 fnt
|faint|p1a: Samurott
|
|-heal|p2a: Clyde|35/100 par|[from] Grassy Terrain
|upkeep
|
|t:|1779916086
|switch|p1a: Enamorus|Enamorus, F|100/100
|turn|34
|
|t:|1779916099
|move|p2a: Clyde|Grassy Glide|p1a: Enamorus
|-resisted|p1a: Enamorus
|-crit|p1a: Enamorus
|-damage|p1a: Enamorus|30/100
|move|p1a: Enamorus|Tailwind|p1a: Enamorus
|-sidestart|p1: uneball|move: Tailwind
|
|-heal|p2a: Clyde|41/100 par|[from] Grassy Terrain
|upkeep
|turn|35
|
|t:|1779916108
|move|p2a: Clyde|Grassy Glide|p1a: Enamorus
|-resisted|p1a: Enamorus
|-damage|p1a: Enamorus|0 fnt
|faint|p1a: Enamorus
|
|win|MrRodeo
|raw|uneball's rating: 1168 &rarr; <strong>1142</strong><br />(-26 for losing)
|raw|MrRodeo's rating: 1158 &rarr; <strong>1184</strong><br />(+26 for winning)
|l|☆uneball
|player|p1|
