|j|☆MyDTCbroke
|j|☆FireSide_01
|t:|1779941164
|gametype|singles
|player|p1|MyDTCbroke|collector|1456
|player|p2|FireSide_01|janine|1573
|gen|9
|tier|[Gen 9] OU
|rated|
|rule|HP Percentage Mod: HP is shown in percentages
|rule|Endless Battle Clause: Forcing endless battles is banned
|rule|Species Clause: Limit one of each Pokémon
|rule|OHKO Clause: OHKO moves are banned
|rule|Evasion Items Clause: Evasion items are banned
|rule|Evasion Moves Clause: Evasion moves are banned
|rule|Evasion Abilities Clause: Evasion abilities are banned
|rule|Sleep Moves Clause: Sleep-inducing moves are banned
|clearpoke
|poke|p1|Tyranitar, F|
|poke|p1|Glimmora, M|
|poke|p1|Okidogi, M|
|poke|p1|Hatterene, F|
|poke|p1|Corviknight, M|
|poke|p1|Ting-Lu|
|poke|p2|Ninetales, F|
|poke|p2|Walking Wake|
|poke|p2|Typhlosion-Hisui, F|
|poke|p2|Great Tusk|
|poke|p2|Rillaboom, F|
|poke|p2|Raging Bolt|
|teampreview
|inactive|Battle timer is ON: inactive players will automatically lose when time's up. (requested by FireSide_01)
|inactive|MyDTCbroke also wants the timer to be on.
|
|t:|1779941175
|teamsize|p1|6
|teamsize|p2|6
|start
|switch|p1a: Tyranitar|Tyranitar, F|100/100
|switch|p2a: Great Tusk|Great Tusk|100/100
|-weather|Sandstorm|[from] ability: Sand Stream|[of] p1a: Tyranitar
|turn|1
|
|t:|1779941179
|switch|p1a: Hatterene|Hatterene, F|100/100
|move|p2a: Great Tusk|Stealth Rock|p1a: Hatterene
|move|p1a: Hatterene|Stealth Rock|p2a: Great Tusk|[from] ability: Magic Bounce
|-sidestart|p2: FireSide_01|move: Stealth Rock
|
|-weather|Sandstorm|[upkeep]
|-damage|p1a: Hatterene|94/100|[from] Sandstorm
|upkeep
|turn|2
|
|t:|1779941181
|move|p2a: Great Tusk|Rapid Spin|p1a: Hatterene
|-damage|p1a: Hatterene|81/100
|-boost|p2a: Great Tusk|spe|1
|-sideend|p2: FireSide_01|Stealth Rock|[from] move: Rapid Spin|[of] p2a: Great Tusk
|-enditem|p1a: Hatterene|Eject Button
|
|t:|1779941186
|switch|p1a: Corviknight|Corviknight, M|100/100
|-ability|p1a: Corviknight|Pressure
|
|-weather|Sandstorm|[upkeep]
|upkeep
|turn|3
|
|t:|1779941190
|-end|p2a: Great Tusk|Protosynthesis|[silent]
|switch|p2a: Ninetales|Ninetales, F|100/100
|-weather|SunnyDay|[from] ability: Drought|[of] p2a: Ninetales
|switch|p1a: Hatterene|Hatterene, F|81/100
|
|-weather|SunnyDay|[upkeep]
|upkeep
|turn|4
|
|t:|1779941197
|switch|p2a: Walking Wake|Walking Wake|100/100
|-activate|p2a: Walking Wake|ability: Protosynthesis
|-start|p2a: Walking Wake|protosynthesisspa
|switch|p1a: Tyranitar|Tyranitar, F|100/100
|-weather|Sandstorm|[from] ability: Sand Stream|[of] p1a: Tyranitar
|-end|p2a: Walking Wake|Protosynthesis
|
|-weather|Sandstorm|[upkeep]
|-damage|p2a: Walking Wake|94/100|[from] Sandstorm
|upkeep
|turn|5
|
|t:|1779941202
|switch|p1a: Ting-Lu|Ting-Lu|100/100
|-ability|p1a: Ting-Lu|Vessel of Ruin
|-terastallize|p2a: Walking Wake|Water
|move|p2a: Walking Wake|Hydro Steam|p1a: Ting-Lu
|-supereffective|p1a: Ting-Lu
|-damage|p1a: Ting-Lu|20/100
|
|-weather|Sandstorm|[upkeep]
|-damage|p2a: Walking Wake|88/100|[from] Sandstorm
|-heal|p1a: Ting-Lu|27/100|[from] item: Leftovers
|upkeep
|turn|6
|
|t:|1779941208
|move|p2a: Walking Wake|Hydro Steam|p1a: Ting-Lu
|-supereffective|p1a: Ting-Lu
|-damage|p1a: Ting-Lu|0 fnt
|faint|p1a: Ting-Lu
|
|-weather|Sandstorm|[upkeep]
|-damage|p2a: Walking Wake|82/100|[from] Sandstorm
|upkeep
|
|t:|1779941215
|switch|p1a: Glimmora|Glimmora, M|100/100
|turn|7
|
|t:|1779941217
|move|p2a: Walking Wake|Hydro Steam|p1a: Glimmora
|-supereffective|p1a: Glimmora
|-damage|p1a: Glimmora|0 fnt
|faint|p1a: Glimmora
|
|-weather|Sandstorm|[upkeep]
|-damage|p2a: Walking Wake|76/100|[from] Sandstorm
|upkeep
|
|t:|1779941224
|switch|p1a: Okidogi|Okidogi, M|100/100
|turn|8
|
|t:|1779941231
|-end|p2a: Walking Wake|Protosynthesis|[silent]
|switch|p2a: Great Tusk|Great Tusk|100/100
|move|p1a: Okidogi|Close Combat|p2a: Great Tusk
|-damage|p2a: Great Tusk|63/100
|-unboost|p1a: Okidogi|def|1
|-unboost|p1a: Okidogi|spd|1
|
|-weather|Sandstorm|[upkeep]
|-damage|p1a: Okidogi|95/100|[from] Sandstorm
|upkeep
|turn|9
|
|t:|1779941236
|switch|p1a: Hatterene|Hatterene, F|81/100
|move|p2a: Great Tusk|Stealth Rock|p1a: Hatterene
|move|p1a: Hatterene|Stealth Rock|p2a: Great Tusk|[from] ability: Magic Bounce
|-sidestart|p2: FireSide_01|move: Stealth Rock
|
|-weather|Sandstorm|[upkeep]
|-damage|p1a: Hatterene|75/100|[from] Sandstorm
|upkeep
|turn|10
|
|t:|1779941240
|move|p2a: Great Tusk|Rapid Spin|p1a: Hatterene
|-damage|p1a: Hatterene|63/100
|-boost|p2a: Great Tusk|spe|1
|-sideend|p2: FireSide_01|Stealth Rock|[from] move: Rapid Spin|[of] p2a: Great Tusk
|move|p1a: Hatterene|Psychic Noise|p2a: Great Tusk
|-supereffective|p2a: Great Tusk
|-damage|p2a: Great Tusk|0 fnt
|faint|p2a: Great Tusk
|-end|p2a: Great Tusk|Protosynthesis|[silent]
|
|-weather|Sandstorm|[upkeep]
|-damage|p1a: Hatterene|56/100|[from] Sandstorm
|upkeep
|
|t:|1779941242
|switch|p2a: Ninetales|Ninetales, F|100/100
|-weather|SunnyDay|[from] ability: Drought|[of] p2a: Ninetales
|turn|11
|
|t:|1779941245
|switch|p2a: Raging Bolt|Raging Bolt|100/100
|-activate|p2a: Raging Bolt|ability: Protosynthesis
|-start|p2a: Raging Bolt|protosynthesisspa
|switch|p1a: Tyranitar|Tyranitar, F|100/100
|-weather|Sandstorm|[from] ability: Sand Stream|[of] p1a: Tyranitar
|-end|p2a: Raging Bolt|Protosynthesis
|
|-weather|Sandstorm|[upkeep]
|-damage|p2a: Raging Bolt|94/100|[from] Sandstorm
|upkeep
|turn|12
|
|t:|1779941251
|move|p2a: Raging Bolt|Volt Switch|p1a: Tyranitar
|-damage|p1a: Tyranitar|79/100
|
|t:|1779941255
|-end|p2a: Raging Bolt|Protosynthesis|[silent]
|switch|p2a: Rillaboom|Rillaboom, F|100/100|[from] Volt Switch
|-fieldstart|move: Grassy Terrain|[from] ability: Grassy Surge|[of] p2a: Rillaboom
|move|p1a: Tyranitar|Knock Off|p2a: Rillaboom
|-damage|p2a: Rillaboom|42/100
|-enditem|p2a: Rillaboom|Choice Band|[from] move: Knock Off|[of] p1a: Tyranitar
|
|-weather|Sandstorm|[upkeep]
|-damage|p2a: Rillaboom|36/100|[from] Sandstorm
|-heal|p2a: Rillaboom|42/100|[from] Grassy Terrain
|-heal|p1a: Tyranitar|85/100|[from] Grassy Terrain
|upkeep
|turn|13
|
|t:|1779941259
|switch|p1a: Corviknight|Corviknight, M|100/100
|-ability|p1a: Corviknight|Pressure
|move|p2a: Rillaboom|U-turn|p1a: Corviknight
|-resisted|p1a: Corviknight
|-damage|p1a: Corviknight|97/100
|-damage|p2a: Rillaboom|26/100|[from] item: Rocky Helmet|[of] p1a: Corviknight
|
|t:|1779941263
|switch|p2a: Walking Wake|Walking Wake, tera:Water|76/100|[from] U-turn
|
|-weather|Sandstorm|[upkeep]
|-damage|p2a: Walking Wake|70/100|[from] Sandstorm
|-heal|p2a: Walking Wake|76/100|[from] Grassy Terrain
|upkeep
|turn|14
|
|t:|1779941267
|move|p2a: Walking Wake|Flamethrower|p1a: Corviknight
|-supereffective|p1a: Corviknight
|-damage|p1a: Corviknight|0 fnt
|faint|p1a: Corviknight
|
|-weather|Sandstorm|[upkeep]
|-damage|p2a: Walking Wake|70/100|[from] Sandstorm
|-heal|p2a: Walking Wake|76/100|[from] Grassy Terrain
|upkeep
|
|t:|1779941270
|switch|p1a: Okidogi|Okidogi, M|95/100
|turn|15
|
|t:|1779941276
|-end|p2a: Walking Wake|Protosynthesis|[silent]
|switch|p2a: Typhlosion|Typhlosion-Hisui, F|100/100
|move|p1a: Okidogi|Close Combat|p2a: Typhlosion
|-immune|p2a: Typhlosion
|
|-weather|Sandstorm|[upkeep]
|-damage|p2a: Typhlosion|94/100|[from] Sandstorm
|-damage|p1a: Okidogi|89/100|[from] Sandstorm
|-heal|p2a: Typhlosion|100/100|[from] Grassy Terrain
|-heal|p1a: Okidogi|95/100|[from] Grassy Terrain
|upkeep
|turn|16
|
|t:|1779941279
|switch|p1a: Tyranitar|Tyranitar, F|85/100
|move|p2a: Typhlosion|Eruption|p1a: Tyranitar
|-resisted|p1a: Tyranitar
|-damage|p1a: Tyranitar|61/100
|
|-weather|Sandstorm|[upkeep]
|-damage|p2a: Typhlosion|94/100|[from] Sandstorm
|-heal|p2a: Typhlosion|100/100|[from] Grassy Terrain
|-heal|p1a: Tyranitar|67/100|[from] Grassy Terrain
|-fieldend|move: Grassy Terrain
|upkeep
|turn|17
|
|t:|1779941286
|switch|p2a: Ninetales|Ninetales, F|100/100
|-weather|SunnyDay|[from] ability: Drought|[of] p2a: Ninetales
|move|p1a: Tyranitar|Stealth Rock|p2a: Ninetales
|-sidestart|p2: FireSide_01|move: Stealth Rock
|
|-weather|SunnyDay|[upkeep]
|upkeep
|turn|18
|
|t:|1779941292
|switch|p2a: Walking Wake|Walking Wake, tera:Water|76/100
|-damage|p2a: Walking Wake|63/100|[from] Stealth Rock
|-activate|p2a: Walking Wake|ability: Protosynthesis
|-start|p2a: Walking Wake|protosynthesisspa
|switch|p1a: Hatterene|Hatterene, F|56/100
|
|-weather|SunnyDay|[upkeep]
|upkeep
|turn|19
|
|t:|1779941295
|-terastallize|p1a: Hatterene|Water
|move|p2a: Walking Wake|Hydro Steam|p1a: Hatterene
|-resisted|p1a: Hatterene
|-damage|p1a: Hatterene|0 fnt
|faint|p1a: Hatterene
|
|-weather|SunnyDay|[upkeep]
|upkeep
|
|t:|1779941304
|switch|p1a: Okidogi|Okidogi, M|95/100
|turn|20
|
|t:|1779941307
|move|p1a: Okidogi|Close Combat|p2a: Walking Wake
|-damage|p2a: Walking Wake|0 fnt
|-unboost|p1a: Okidogi|def|1
|-unboost|p1a: Okidogi|spd|1
|faint|p2a: Walking Wake
|-end|p2a: Walking Wake|Protosynthesis|[silent]
|
|-weather|SunnyDay|[upkeep]
|upkeep
|inactive|FireSide_01 has 120 seconds left.
|
|t:|1779941339
|switch|p2a: Raging Bolt|Raging Bolt|94/100
|-damage|p2a: Raging Bolt|82/100|[from] Stealth Rock
|-activate|p2a: Raging Bolt|ability: Protosynthesis
|-start|p2a: Raging Bolt|protosynthesisspa
|turn|21
|
|t:|1779941355
|switch|p1a: Tyranitar|Tyranitar, F|67/100
|-weather|Sandstorm|[from] ability: Sand Stream|[of] p1a: Tyranitar
|-end|p2a: Raging Bolt|Protosynthesis
|move|p2a: Raging Bolt|Volt Switch|p1a: Tyranitar
|-damage|p1a: Tyranitar|42/100
|
|t:|1779941358
|-end|p2a: Raging Bolt|Protosynthesis|[silent]
|switch|p2a: Rillaboom|Rillaboom, F|26/100|[from] Volt Switch
|-damage|p2a: Rillaboom|13/100|[from] Stealth Rock
|-fieldstart|move: Grassy Terrain|[from] ability: Grassy Surge|[of] p2a: Rillaboom
|
|-weather|Sandstorm|[upkeep]
|-damage|p2a: Rillaboom|7/100|[from] Sandstorm
|-heal|p2a: Rillaboom|13/100|[from] Grassy Terrain
|-heal|p1a: Tyranitar|48/100|[from] Grassy Terrain
|upkeep
|turn|22
|
|t:|1779941365
|switch|p1a: Okidogi|Okidogi, M|95/100
|move|p2a: Rillaboom|Wood Hammer|p1a: Okidogi
|-resisted|p1a: Okidogi
|-damage|p1a: Okidogi|56/100
|-damage|p2a: Rillaboom|1/100|[from] Recoil
|
|-weather|Sandstorm|[upkeep]
|-damage|p1a: Okidogi|50/100|[from] Sandstorm
|-damage|p2a: Rillaboom|0 fnt|[from] Sandstorm
|faint|p2a: Rillaboom
|-heal|p1a: Okidogi|56/100|[from] Grassy Terrain
|upkeep
|
|t:|1779941371
|switch|p2a: Ninetales|Ninetales, F|100/100
|-damage|p2a: Ninetales|76/100|[from] Stealth Rock
|-weather|SunnyDay|[from] ability: Drought|[of] p2a: Ninetales
|turn|23
|
|t:|1779941376
|move|p1a: Okidogi|Close Combat|p2a: Ninetales
|-damage|p2a: Ninetales|0 fnt
|-unboost|p1a: Okidogi|def|1
|-unboost|p1a: Okidogi|spd|1
|faint|p2a: Ninetales
|
|-weather|SunnyDay|[upkeep]
|-heal|p1a: Okidogi|62/100|[from] Grassy Terrain
|upkeep
|
|t:|1779941380
|switch|p2a: Raging Bolt|Raging Bolt|82/100
|-damage|p2a: Raging Bolt|70/100|[from] Stealth Rock
|-activate|p2a: Raging Bolt|ability: Protosynthesis
|-start|p2a: Raging Bolt|protosynthesisspa
|turn|24
|
|t:|1779941387
|switch|p1a: Tyranitar|Tyranitar, F|48/100
|-weather|Sandstorm|[from] ability: Sand Stream|[of] p1a: Tyranitar
|-end|p2a: Raging Bolt|Protosynthesis
|move|p2a: Raging Bolt|Dragon Pulse|p1a: Tyranitar
|-damage|p1a: Tyranitar|21/100
|
|-weather|Sandstorm|[upkeep]
|-damage|p2a: Raging Bolt|64/100|[from] Sandstorm
|-heal|p2a: Raging Bolt|70/100|[from] Grassy Terrain
|-heal|p1a: Tyranitar|27/100|[from] Grassy Terrain
|upkeep
|turn|25
|
|t:|1779941391
|move|p2a: Raging Bolt|Dragon Pulse|p1a: Tyranitar
|-damage|p1a: Tyranitar|0 fnt
|faint|p1a: Tyranitar
|
|-weather|Sandstorm|[upkeep]
|-damage|p2a: Raging Bolt|64/100|[from] Sandstorm
|-heal|p2a: Raging Bolt|70/100|[from] Grassy Terrain
|-fieldend|move: Grassy Terrain
|upkeep
|
|t:|1779941394
|switch|p1a: Okidogi|Okidogi, M|62/100
|turn|26
|
|t:|1779941398
|move|p1a: Okidogi|Knock Off|p2a: Raging Bolt
|-damage|p2a: Raging Bolt|39/100
|-enditem|p2a: Raging Bolt|Assault Vest|[from] move: Knock Off|[of] p1a: Okidogi
|move|p2a: Raging Bolt|Dragon Pulse|p1a: Okidogi
|-damage|p1a: Okidogi|5/100
|
|-weather|Sandstorm|[upkeep]
|-damage|p1a: Okidogi|0 fnt|[from] Sandstorm
|-damage|p2a: Raging Bolt|33/100|[from] Sandstorm
|faint|p1a: Okidogi
|
|win|FireSide_01
|raw|MyDTCbroke's rating: 1456 &rarr; <strong>1442</strong><br />(-14 for losing)
|raw|FireSide_01's rating: 1573 &rarr; <strong>1587</strong><br />(+14 for winning)
|c|☆FireSide_01|gg
|l|☆MyDTCbroke
|player|p1|
|l|☆FireSide_01
|player|p2|
