|j|☆claudechamp
|j|☆hueehuuekkkk
|t:|1779838939
|gametype|singles
|player|p1|claudechamp|265|1190
|player|p2|hueehuuekkkk|steven|1128
|gen|9
|tier|[Gen 9] OU
|rated|
|rule|HP Percentage Mod: HP is shown in percentages
|rule|Endless Battle Clause: Forcing endless battles is banned
|rule|Species Clause: Limit one of each Pokémon
|rule|OHKO Clause: OHKO moves are banned
|rule|Evasion Items Clause: Evasion items are banned
|rule|Evasion Moves Clause: Evasion moves are banned
|rule|Evasion Abilities Clause: Evasion abilities are banned
|rule|Sleep Moves Clause: Sleep-inducing moves are banned
|clearpoke
|poke|p1|Gliscor, M|
|poke|p1|Ogerpon, F|
|poke|p1|Walking Wake|
|poke|p1|Blissey, F|
|poke|p1|Corviknight, M|
|poke|p1|Pecharunt|
|poke|p2|Suicune|
|poke|p2|Dragonite, M|
|poke|p2|Cinderace, M|
|poke|p2|Zamazenta-*|
|poke|p2|Blaziken, F|
|poke|p2|Zapdos|
|teampreview
|inactive|Battle timer is ON: inactive players will automatically lose when time's up. (requested by hueehuuekkkk)
|c|☆claudechamp|hf
|inactive|claudechamp also wants the timer to be on.
|
|t:|1779838955
|teamsize|p1|6
|teamsize|p2|6
|start
|switch|p1a: Gliscor|Gliscor, M|100/100
|switch|p2a: Suicune|Suicune, shiny|100/100
|-ability|p2a: Suicune|Pressure
|turn|1
|
|t:|1779838973
|move|p1a: Gliscor|Spikes|p2a: Suicune
|-sidestart|p2: hueehuuekkkk|Spikes
|move|p2a: Suicune|Calm Mind|p2a: Suicune
|-boost|p2a: Suicune|spa|1
|-boost|p2a: Suicune|spd|1
|
|-status|p1a: Gliscor|tox|[from] item: Toxic Orb
|upkeep
|turn|2
|
|t:|1779838994
|move|p1a: Gliscor|Earthquake|p2a: Suicune
|-damage|p2a: Suicune|81/100
|move|p2a: Suicune|Scald|p1a: Gliscor
|-supereffective|p1a: Gliscor
|-damage|p1a: Gliscor|34/100 tox
|
|-heal|p2a: Suicune|87/100|[from] item: Leftovers
|-heal|p1a: Gliscor|47/100 tox|[from] ability: Poison Heal
|upkeep
|turn|3
|
|t:|1779839001
|switch|p1a: Blissey|Blissey, F|100/100
|move|p2a: Suicune|Scald|p1a: Blissey
|-damage|p1a: Blissey|88/100
|
|-heal|p2a: Suicune|94/100|[from] item: Leftovers
|upkeep
|turn|4
|
|t:|1779839004
|move|p2a: Suicune|Calm Mind|p2a: Suicune
|-boost|p2a: Suicune|spa|1
|-boost|p2a: Suicune|spd|1
|move|p1a: Blissey|Seismic Toss|p2a: Suicune
|-damage|p2a: Suicune|69/100
|
|-heal|p2a: Suicune|75/100|[from] item: Leftovers
|upkeep
|turn|5
|
|t:|1779839012
|move|p2a: Suicune|Scald|p1a: Blissey
|-damage|p1a: Blissey|72/100
|move|p1a: Blissey|Seismic Toss|p2a: Suicune
|-damage|p2a: Suicune|50/100
|
|-heal|p2a: Suicune|56/100|[from] item: Leftovers
|upkeep
|turn|6
|
|t:|1779839024
|move|p2a: Suicune|Scald|p1a: Blissey
|-damage|p1a: Blissey|56/100
|move|p1a: Blissey|Seismic Toss|p2a: Suicune
|-damage|p2a: Suicune|32/100
|
|-heal|p2a: Suicune|38/100|[from] item: Leftovers
|upkeep
|turn|7
|inactive|hueehuuekkkk has 120 seconds left.
|inactive|hueehuuekkkk has 90 seconds left.
|
|t:|1779839097
|move|p2a: Suicune|Scald|p1a: Blissey
|-crit|p1a: Blissey
|-damage|p1a: Blissey|31/100
|move|p1a: Blissey|Seismic Toss|p2a: Suicune
|-damage|p2a: Suicune|13/100
|
|-heal|p2a: Suicune|19/100|[from] item: Leftovers
|upkeep
|turn|8
|
|t:|1779839100
|move|p2a: Suicune|Rest|p2a: Suicune
|-status|p2a: Suicune|slp|[from] move: Rest
|-heal|p2a: Suicune|100/100 slp|[silent]
|move|p1a: Blissey|Seismic Toss|p2a: Suicune
|-damage|p2a: Suicune|76/100 slp
|
|-heal|p2a: Suicune|82/100 slp|[from] item: Leftovers
|upkeep
|turn|9
|
|t:|1779839110
|switch|p1a: Ogerpon|Ogerpon, F|100/100
|cant|p2a: Suicune|slp
|move|p2a: Suicune|Sleep Talk|p2a: Suicune
|move|p2a: Suicune|Calm Mind|p2a: Suicune|[from] move: Sleep Talk
|-boost|p2a: Suicune|spa|1
|-boost|p2a: Suicune|spd|1
|
|-heal|p2a: Suicune|88/100 slp|[from] item: Leftovers
|upkeep
|turn|10
|
|t:|1779839113
|switch|p2a: Zapdos|Zapdos|100/100
|move|p1a: Ogerpon|Ivy Cudgel|p2a: Zapdos
|-resisted|p2a: Zapdos
|-damage|p2a: Zapdos|82/100
|
|upkeep
|turn|11
|
|t:|1779839121
|move|p1a: Ogerpon|Knock Off|p2a: Zapdos
|-damage|p2a: Zapdos|57/100
|-enditem|p2a: Zapdos|Heavy-Duty Boots|[from] move: Knock Off|[of] p1a: Ogerpon
|move|p2a: Zapdos|U-turn|p1a: Ogerpon
|-supereffective|p1a: Ogerpon
|-damage|p1a: Ogerpon|63/100
|
|t:|1779839126
|switch|p2a: Cinderace|Cinderace, M|100/100|[from] U-turn
|-damage|p2a: Cinderace|88/100|[from] Spikes
|
|upkeep
|turn|12
|
|t:|1779839131
|switch|p1a: Gliscor|Gliscor, M|47/100 tox
|move|p2a: Cinderace|U-turn|p1a: Gliscor
|-start|p2a: Cinderace|typechange|Bug|[from] ability: Libero
|-resisted|p1a: Gliscor
|-damage|p1a: Gliscor|34/100 tox
|
|t:|1779839133
|switch|p2a: Suicune|Suicune, shiny|88/100 slp|[from] U-turn
|-damage|p2a: Suicune|76/100 slp|[from] Spikes
|-ability|p2a: Suicune|Pressure
|
|-heal|p2a: Suicune|82/100 slp|[from] item: Leftovers
|-heal|p1a: Gliscor|46/100 tox|[from] ability: Poison Heal
|upkeep
|turn|13
|
|t:|1779839138
|move|p1a: Gliscor|Earthquake|p2a: Suicune
|-damage|p2a: Suicune|65/100 slp
|cant|p2a: Suicune|slp
|move|p2a: Suicune|Sleep Talk|p2a: Suicune
|move|p2a: Suicune|Rest||[from] move: Sleep Talk|[still]
|-fail|p2a: Suicune
|
|-heal|p2a: Suicune|71/100 slp|[from] item: Leftovers
|-heal|p1a: Gliscor|59/100 tox|[from] ability: Poison Heal
|upkeep
|turn|14
|
|t:|1779839158
|move|p1a: Gliscor|Earthquake|p2a: Suicune
|-damage|p2a: Suicune|54/100 slp
|-curestatus|p2a: Suicune|slp|[msg]
|move|p2a: Suicune|Scald|p1a: Gliscor
|-supereffective|p1a: Gliscor
|-damage|p1a: Gliscor|15/100 tox
|
|-heal|p2a: Suicune|60/100|[from] item: Leftovers
|-heal|p1a: Gliscor|27/100 tox|[from] ability: Poison Heal
|upkeep
|turn|15
|inactive|hueehuuekkkk has 120 seconds left.
|inactive|hueehuuekkkk has 90 seconds left.
|
|t:|1779839237
|switch|p1a: Blissey|Blissey, F|31/100
|move|p2a: Suicune|Scald|p1a: Blissey
|-damage|p1a: Blissey|24/100
|-status|p1a: Blissey|brn
|
|-heal|p2a: Suicune|66/100|[from] item: Leftovers
|-damage|p1a: Blissey|18/100 brn|[from] brn
|upkeep
|turn|16
|
|t:|1779839244
|move|p2a: Suicune|Calm Mind|p2a: Suicune
|-boost|p2a: Suicune|spa|1
|-boost|p2a: Suicune|spd|1
|move|p1a: Blissey|Soft-Boiled|p1a: Blissey
|-heal|p1a: Blissey|68/100 brn
|
|-heal|p2a: Suicune|72/100|[from] item: Leftovers
|-damage|p1a: Blissey|62/100 brn|[from] brn
|upkeep
|turn|17
|
|t:|1779839247
|move|p2a: Suicune|Calm Mind|p2a: Suicune
|-boost|p2a: Suicune|spa|1
|-boost|p2a: Suicune|spd|1
|move|p1a: Blissey|Seismic Toss|p2a: Suicune
|-damage|p2a: Suicune|47/100
|
|-heal|p2a: Suicune|54/100|[from] item: Leftovers
|-damage|p1a: Blissey|55/100 brn|[from] brn
|upkeep
|turn|18
|
|t:|1779839268
|move|p2a: Suicune|Scald|p1a: Blissey
|-damage|p1a: Blissey|39/100 brn
|move|p1a: Blissey|Seismic Toss|p2a: Suicune
|-damage|p2a: Suicune|29/100
|
|-heal|p2a: Suicune|35/100|[from] item: Leftovers
|-damage|p1a: Blissey|33/100 brn|[from] brn
|upkeep
|turn|19
|
|t:|1779839281
|-curestatus|p1a: Blissey|brn|[from] ability: Natural Cure|[silent]
|switch|p1a: Ogerpon|Ogerpon, F|63/100
|move|p2a: Suicune|Scald|p1a: Ogerpon
|-resisted|p1a: Ogerpon
|-damage|p1a: Ogerpon|35/100
|
|-heal|p2a: Suicune|41/100|[from] item: Leftovers
|upkeep
|turn|20
|inactive|hueehuuekkkk has 120 seconds left.
|
|t:|1779839288
|switch|p2a: Zapdos|Zapdos|57/100
|move|p1a: Ogerpon|Ivy Cudgel|p2a: Zapdos
|-resisted|p2a: Zapdos
|-damage|p2a: Zapdos|40/100
|
|upkeep
|turn|21
|
|t:|1779839292
|move|p1a: Ogerpon|U-turn|p2a: Zapdos
|-resisted|p2a: Zapdos
|-damage|p2a: Zapdos|33/100
|
|t:|1779839303
|switch|p1a: Pecharunt|Pecharunt|100/100|[from] U-turn
|move|p2a: Zapdos|Roost|p2a: Zapdos
|-heal|p2a: Zapdos|83/100
|-singleturn|p2a: Zapdos|move: Roost
|
|upkeep
|turn|22
|
|t:|1779839322
|move|p2a: Zapdos|Discharge|p1a: Pecharunt
|-damage|p1a: Pecharunt|64/100
|move|p1a: Pecharunt|Malignant Chain|p2a: Zapdos
|-damage|p2a: Zapdos|52/100
|-status|p2a: Zapdos|tox
|-start|p2a: Zapdos|confusion|[from] ability: Poison Puppeteer|[of] p1a: Pecharunt
|
|-damage|p2a: Zapdos|46/100 tox|[from] psn
|upkeep
|turn|23
|inactive|hueehuuekkkk has 120 seconds left.
|
|t:|1779839380
|-activate|p2a: Zapdos|confusion
|-damage|p2a: Zapdos|41/100 tox|[from] confusion
|move|p1a: Pecharunt|Recover|p1a: Pecharunt
|-heal|p1a: Pecharunt|100/100
|
|-damage|p2a: Zapdos|29/100 tox|[from] psn
|upkeep
|turn|24
|
|t:|1779839391
|-activate|p2a: Zapdos|confusion
|-damage|p2a: Zapdos|23/100 tox|[from] confusion
|move|p1a: Pecharunt|Malignant Chain|p2a: Zapdos
|-damage|p2a: Zapdos|0 fnt
|faint|p2a: Zapdos
|
|upkeep
|
|t:|1779839402
|switch|p2a: Cinderace|Cinderace, M|88/100
|-damage|p2a: Cinderace|76/100|[from] Spikes
|turn|25
|
|t:|1779839408
|move|p2a: Cinderace|Court Change|p2a: Cinderace
|-start|p2a: Cinderace|typechange|Normal|[from] ability: Libero
|-swapsideconditions
|-activate|p2a: Cinderace|move: Court Change
|move|p1a: Pecharunt|Malignant Chain|p2a: Cinderace
|-damage|p2a: Cinderace|30/100
|
|upkeep
|turn|26
|
|t:|1779839428
|move|p2a: Cinderace|U-turn|p1a: Pecharunt
|-resisted|p1a: Pecharunt
|-damage|p1a: Pecharunt|98/100
|inactive|hueehuuekkkk has 120 seconds left.
|
|t:|1779839436
|switch|p2a: Blaziken|Blaziken, F|100/100|[from] U-turn
|move|p1a: Pecharunt|Malignant Chain|p2a: Blaziken
|-damage|p2a: Blaziken|53/100
|
|upkeep
|turn|27
|
|t:|1779839447
|move|p2a: Blaziken|Knock Off|p1a: Pecharunt
|-supereffective|p1a: Pecharunt
|-damage|p1a: Pecharunt|65/100
|-enditem|p1a: Pecharunt|Heavy-Duty Boots|[from] move: Knock Off|[of] p2a: Blaziken
|move|p1a: Pecharunt|Malignant Chain|p2a: Blaziken
|-damage|p2a: Blaziken|4/100
|-status|p2a: Blaziken|tox
|-start|p2a: Blaziken|confusion|[from] ability: Poison Puppeteer|[of] p1a: Pecharunt
|
|-damage|p2a: Blaziken|0 fnt|[from] psn
|faint|p2a: Blaziken
|upkeep
|inactive|hueehuuekkkk has 120 seconds left.
|inactive|hueehuuekkkk has 90 seconds left.
|inactive|hueehuuekkkk has 60 seconds left.
|
|t:|1779839523
|switch|p2a: Suicune|Suicune, shiny|41/100
|-ability|p2a: Suicune|Pressure
|turn|28
|
|t:|1779839539
|move|p1a: Pecharunt|Parting Shot|p2a: Suicune
|-unboost|p2a: Suicune|atk|1
|-unboost|p2a: Suicune|spa|1
|
|t:|1779839551
|switch|p1a: Blissey|Blissey, F|33/100|[from] Parting Shot
|move|p2a: Suicune|Rest|p2a: Suicune
|-status|p2a: Suicune|slp|[from] move: Rest
|-heal|p2a: Suicune|100/100 slp|[silent]
|
|upkeep
|turn|29
|
|t:|1779839563
|cant|p2a: Suicune|slp
|move|p2a: Suicune|Sleep Talk|p2a: Suicune
|move|p2a: Suicune|Rest||[from] move: Sleep Talk|[still]
|-fail|p2a: Suicune
|move|p1a: Blissey|Soft-Boiled|p1a: Blissey
|-heal|p1a: Blissey|83/100
|
|upkeep
|turn|30
|
|t:|1779839571
|cant|p2a: Suicune|slp
|move|p2a: Suicune|Sleep Talk|p2a: Suicune
|move|p2a: Suicune|Scald|p1a: Blissey|[from] move: Sleep Talk
|-damage|p1a: Blissey|78/100
|move|p1a: Blissey|Seismic Toss|p2a: Suicune
|-damage|p2a: Suicune|76/100 slp
|
|-heal|p2a: Suicune|82/100 slp|[from] item: Leftovers
|upkeep
|turn|31
|
|t:|1779839581
|-curestatus|p2a: Suicune|slp|[msg]
|move|p2a: Suicune|Calm Mind|p2a: Suicune
|-boost|p2a: Suicune|spa|1
|-boost|p2a: Suicune|spd|1
|move|p1a: Blissey|Seismic Toss|p2a: Suicune
|-damage|p2a: Suicune|57/100
|
|-heal|p2a: Suicune|63/100|[from] item: Leftovers
|upkeep
|turn|32
|
|t:|1779839593
|move|p2a: Suicune|Scald|p1a: Blissey
|-damage|p1a: Blissey|70/100
|move|p1a: Blissey|Seismic Toss|p2a: Suicune
|-damage|p2a: Suicune|38/100
|
|-heal|p2a: Suicune|45/100|[from] item: Leftovers
|upkeep
|turn|33
|
|t:|1779839606
|move|p2a: Suicune|Calm Mind|p2a: Suicune
|-boost|p2a: Suicune|spa|1
|-boost|p2a: Suicune|spd|1
|move|p1a: Blissey|Soft-Boiled|p1a: Blissey
|-heal|p1a: Blissey|100/100
|
|-heal|p2a: Suicune|51/100|[from] item: Leftovers
|upkeep
|turn|34
|
|t:|1779839619
|switch|p1a: Ogerpon|Ogerpon, F|35/100
|move|p2a: Suicune|Scald|p1a: Ogerpon
|-resisted|p1a: Ogerpon
|-damage|p1a: Ogerpon|11/100
|
|-heal|p2a: Suicune|57/100|[from] item: Leftovers
|upkeep
|turn|35
|
|t:|1779839631
|switch|p2a: Zamazenta|Zamazenta|100/100
|-ability|p2a: Zamazenta|Dauntless Shield|boost
|-boost|p2a: Zamazenta|def|1
|move|p1a: Ogerpon|Ivy Cudgel|p2a: Zamazenta
|-damage|p2a: Zamazenta|74/100
|
|-heal|p2a: Zamazenta|80/100|[from] item: Leftovers
|upkeep
|turn|36
|
|t:|1779839646
|switch|p1a: Pecharunt|Pecharunt|65/100
|-damage|p1a: Pecharunt|53/100|[from] Spikes
|move|p2a: Zamazenta|Crunch|p1a: Pecharunt
|-supereffective|p1a: Pecharunt
|-damage|p1a: Pecharunt|34/100
|-unboost|p1a: Pecharunt|def|1
|
|-heal|p2a: Zamazenta|86/100|[from] item: Leftovers
|upkeep
|turn|37
|
|t:|1779839660
|move|p2a: Zamazenta|Crunch|p1a: Pecharunt
|-supereffective|p1a: Pecharunt
|-damage|p1a: Pecharunt|4/100
|move|p1a: Pecharunt|Recover|p1a: Pecharunt
|-heal|p1a: Pecharunt|54/100
|
|-heal|p2a: Zamazenta|92/100|[from] item: Leftovers
|upkeep
|turn|38
|
|t:|1779839677
|move|p2a: Zamazenta|Substitute|p2a: Zamazenta
|-start|p2a: Zamazenta|Substitute
|-damage|p2a: Zamazenta|68/100
|move|p1a: Pecharunt|Recover|p1a: Pecharunt
|-heal|p1a: Pecharunt|100/100
|
|-heal|p2a: Zamazenta|74/100|[from] item: Leftovers
|upkeep
|turn|39
|inactive|hueehuuekkkk has 120 seconds left.
|
|t:|1779839718
|switch|p1a: Gliscor|Gliscor, M|27/100 tox
|move|p2a: Zamazenta|Crunch|p1a: Gliscor
|-damage|p1a: Gliscor|12/100 tox
|
|-heal|p2a: Zamazenta|80/100|[from] item: Leftovers
|-heal|p1a: Gliscor|24/100 tox|[from] ability: Poison Heal
|upkeep
|turn|40
|
|t:|1779839735
|move|p2a: Zamazenta|Iron Defense|p2a: Zamazenta
|-boost|p2a: Zamazenta|def|2
|move|p1a: Gliscor|Earthquake|p2a: Zamazenta
|-activate|p2a: Zamazenta|move: Substitute|[damage]
|
|-heal|p2a: Zamazenta|86/100|[from] item: Leftovers
|-heal|p1a: Gliscor|36/100 tox|[from] ability: Poison Heal
|upkeep
|turn|41
|
|t:|1779839748
|move|p2a: Zamazenta|Iron Defense|p2a: Zamazenta
|-boost|p2a: Zamazenta|def|2
|move|p1a: Gliscor|Earthquake|p2a: Zamazenta
|-activate|p2a: Zamazenta|move: Substitute|[damage]
|
|-heal|p2a: Zamazenta|92/100|[from] item: Leftovers
|-heal|p1a: Gliscor|49/100 tox|[from] ability: Poison Heal
|upkeep
|turn|42
|
|t:|1779839763
|-terastallize|p1a: Gliscor|Ghost
|move|p2a: Zamazenta|Iron Defense|p2a: Zamazenta
|-boost|p2a: Zamazenta|def|1
|move|p1a: Gliscor|Spikes|p2a: Zamazenta
|-sidestart|p2: hueehuuekkkk|Spikes
|
|-heal|p2a: Zamazenta|99/100|[from] item: Leftovers
|-heal|p1a: Gliscor|61/100 tox|[from] ability: Poison Heal
|upkeep
|turn|43
|
|t:|1779839785
|-terastallize|p2a: Zamazenta|Dark
|move|p2a: Zamazenta|Crunch|p1a: Gliscor
|-supereffective|p1a: Gliscor
|-damage|p1a: Gliscor|10/100 tox
|move|p1a: Gliscor|Earthquake|p2a: Zamazenta
|-end|p2a: Zamazenta|Substitute
|
|-heal|p2a: Zamazenta|100/100|[from] item: Leftovers
|-heal|p1a: Gliscor|22/100 tox|[from] ability: Poison Heal
|upkeep
|turn|44
|inactive|claudechamp has 120 seconds left.
|
|t:|1779839801
|switch|p1a: Pecharunt|Pecharunt|100/100
|-damage|p1a: Pecharunt|88/100|[from] Spikes
|move|p2a: Zamazenta|Substitute|p2a: Zamazenta
|-start|p2a: Zamazenta|Substitute
|-damage|p2a: Zamazenta|76/100
|
|-heal|p2a: Zamazenta|82/100|[from] item: Leftovers
|upkeep
|turn|45
|inactive|claudechamp has 120 seconds left.
|inactive|hueehuuekkkk has 120 seconds left.
|
|t:|1779839849
|move|p2a: Zamazenta|Crunch|p1a: Pecharunt
|-supereffective|p1a: Pecharunt
|-damage|p1a: Pecharunt|56/100
|-unboost|p1a: Pecharunt|def|1
|move|p1a: Pecharunt|Malignant Chain|p2a: Zamazenta
|-activate|p2a: Zamazenta|move: Substitute|[damage]
|
|-heal|p2a: Zamazenta|88/100|[from] item: Leftovers
|upkeep
|turn|46
|inactive|claudechamp has 120 seconds left.
|
|t:|1779839856
|move|p2a: Zamazenta|Crunch|p1a: Pecharunt
|-supereffective|p1a: Pecharunt
|-damage|p1a: Pecharunt|7/100
|move|p1a: Pecharunt|Malignant Chain|p2a: Zamazenta
|-end|p2a: Zamazenta|Substitute
|
|-heal|p2a: Zamazenta|94/100|[from] item: Leftovers
|upkeep
|turn|47
|inactive|hueehuuekkkk has 120 seconds left.
|
|t:|1779839864
|switch|p1a: Corviknight|Corviknight, M|100/100
|-ability|p1a: Corviknight|Pressure
|move|p2a: Zamazenta|Crunch|p1a: Corviknight
|-damage|p1a: Corviknight|79/100
|
|-heal|p2a: Zamazenta|100/100|[from] item: Leftovers
|upkeep
|turn|48
|inactive|hueehuuekkkk has 120 seconds left.
|
|t:|1779839875
|move|p2a: Zamazenta|Substitute|p2a: Zamazenta
|-start|p2a: Zamazenta|Substitute
|-damage|p2a: Zamazenta|76/100
|move|p1a: Corviknight|Body Press|p2a: Zamazenta
|-supereffective|p2a: Zamazenta
|-activate|p2a: Zamazenta|move: Substitute|[damage]
|
|-heal|p2a: Zamazenta|82/100|[from] item: Leftovers
|upkeep
|turn|49
|
|t:|1779839890
|move|p2a: Zamazenta|Body Press|p1a: Corviknight
|-damage|p1a: Corviknight|2/100
|move|p1a: Corviknight|Body Press|p2a: Zamazenta
|-supereffective|p2a: Zamazenta
|-activate|p2a: Zamazenta|move: Substitute|[damage]
|
|-heal|p2a: Zamazenta|88/100|[from] item: Leftovers
|upkeep
|turn|50
|
|t:|1779839897
|move|p2a: Zamazenta|Crunch|p1a: Corviknight
|-crit|p1a: Corviknight
|-damage|p1a: Corviknight|0 fnt
|faint|p1a: Corviknight
|
|-heal|p2a: Zamazenta|94/100|[from] item: Leftovers
|upkeep
|
|t:|1779839905
|switch|p1a: Walking Wake|Walking Wake|100/100
|turn|51
|
|t:|1779839913
|move|p2a: Zamazenta|Body Press|p1a: Walking Wake
|-damage|p1a: Walking Wake|0 fnt
|faint|p1a: Walking Wake
|-end|p1a: Walking Wake|Protosynthesis|[silent]
|
|-heal|p2a: Zamazenta|100/100|[from] item: Leftovers
|upkeep
|
|t:|1779839924
|switch|p1a: Blissey|Blissey, F|100/100
|turn|52
|
|t:|1779839933
|move|p2a: Zamazenta|Body Press|p1a: Blissey
|-supereffective|p1a: Blissey
|-damage|p1a: Blissey|0 fnt
|faint|p1a: Blissey
|
|upkeep
|
|t:|1779839944
|switch|p1a: Gliscor|Gliscor, M, tera:Ghost|22/100 tox
|-damage|p1a: Gliscor|10/100 tox|[from] Spikes
|turn|53
|
|t:|1779839952
|move|p2a: Zamazenta|Crunch|p1a: Gliscor
|-supereffective|p1a: Gliscor
|-damage|p1a: Gliscor|0 fnt
|faint|p1a: Gliscor
|
|upkeep
|
|t:|1779839960
|switch|p1a: Pecharunt|Pecharunt|7/100
|-damage|p1a: Pecharunt|0 fnt|[from] Spikes
|faint|p1a: Pecharunt
|
|t:|1779839967
|switch|p1a: Ogerpon|Ogerpon, F|11/100
|turn|54
|
|t:|1779839972
|move|p2a: Zamazenta|Crunch|p1a: Ogerpon
|-damage|p1a: Ogerpon|0 fnt
|faint|p1a: Ogerpon
|
|win|hueehuuekkkk
|raw|claudechamp's rating: 1178 &rarr; <strong>1149</strong><br />(-29 for losing)
|raw|hueehuuekkkk's rating: 1128 &rarr; <strong>1157</strong><br />(+29 for winning)
|c|☆claudechamp|gg
|l|☆hueehuuekkkk
|player|p2|
