|j|☆CanSoup
|j|☆ataiks
|t:|1779883771
|gametype|singles
|player|p1|CanSoup|1|1319
|player|p2|ataiks|ghetsis|1325
|gen|9
|tier|[Gen 9] OU
|rated|
|rule|HP Percentage Mod: HP is shown in percentages
|rule|Endless Battle Clause: Forcing endless battles is banned
|rule|Species Clause: Limit one of each Pokémon
|rule|OHKO Clause: OHKO moves are banned
|rule|Evasion Items Clause: Evasion items are banned
|rule|Evasion Moves Clause: Evasion moves are banned
|rule|Evasion Abilities Clause: Evasion abilities are banned
|rule|Sleep Moves Clause: Sleep-inducing moves are banned
|clearpoke
|poke|p1|Arcanine, F|
|poke|p1|Iron Thorns|
|poke|p1|Heracross, F|
|poke|p1|Ceruledge, F|
|poke|p1|Latios, M|
|poke|p1|Vileplume, M|
|poke|p2|Glimmora, F|
|poke|p2|Landorus-Therian, M|
|poke|p2|Moltres|
|poke|p2|Gholdengo|
|poke|p2|Dragapult, F|
|poke|p2|Zamazenta-*|
|teampreview
|inactive|Battle timer is ON: inactive players will automatically lose when time's up. (requested by ataiks)
|
|t:|1779883789
|teamsize|p1|6
|teamsize|p2|6
|start
|switch|p1a: Mambo No.5|Latios, M, shiny|100/100
|switch|p2a: Landorus|Landorus-Therian, M|100/100
|-ability|p2a: Landorus|Intimidate|boost
|-unboost|p1a: Mambo No.5|atk|1
|turn|1
|
|t:|1779883798
|move|p1a: Mambo No.5|Surf|p2a: Landorus
|-supereffective|p2a: Landorus
|-damage|p2a: Landorus|13/100
|move|p2a: Landorus|U-turn|p1a: Mambo No.5
|-supereffective|p1a: Mambo No.5
|-damage|p1a: Mambo No.5|29/100
|c|☆ataiks|1, 2, 3.4.5
|c|☆CanSoup|yes sir
|
|t:|1779883811
|switch|p2a: Hehe c:|Gholdengo|100/100|[from] U-turn
|
|upkeep
|turn|2
|c|☆ataiks|Hehehe
|
|t:|1779883821
|move|p2a: Hehe c:|Shadow Ball|p1a: Mambo No.5
|-supereffective|p1a: Mambo No.5
|-damage|p1a: Mambo No.5|0 fnt
|faint|p1a: Mambo No.5
|
|upkeep
|
|t:|1779883829
|switch|p1a: Arcanine|Arcanine, F|100/100
|-ability|p1a: Arcanine|Intimidate|boost
|-unboost|p2a: Hehe c:|atk|1
|turn|3
|
|t:|1779883834
|switch|p2a: Moltres|Moltres|100/100
|move|p1a: Arcanine|Will-O-Wisp|p2a: Moltres
|-immune|p2a: Moltres
|
|upkeep
|turn|4
|c|☆CanSoup|we love scarfers
|
|t:|1779883842
|switch|p1a: Iron Thorns|Iron Thorns, shiny|100/100
|move|p2a: Moltres|U-turn|p1a: Iron Thorns
|-damage|p1a: Iron Thorns|87/100
|
|t:|1779883845
|switch|p2a: Landorus|Landorus-Therian, M|13/100|[from] U-turn
|-ability|p2a: Landorus|Intimidate|boost
|-unboost|p1a: Iron Thorns|atk|1
|
|upkeep
|turn|5
|
|t:|1779883850
|-end|p1a: Iron Thorns|Quark Drive|[silent]
|switch|p1a: Heracross|Heracross, F, shiny|100/100
|move|p2a: Landorus|Earthquake|p1a: Heracross
|-resisted|p1a: Heracross
|-damage|p1a: Heracross|58/100
|
|-status|p1a: Heracross|brn|[from] item: Flame Orb
|upkeep
|turn|6
|
|t:|1779883855
|move|p2a: Landorus|Stone Edge|p1a: Heracross
|-damage|p1a: Heracross|1/100 brn
|move|p1a: Heracross|Trailblaze|p2a: Landorus
|-damage|p2a: Landorus|0 fnt
|-boost|p1a: Heracross|spe|1
|-damage|p1a: Heracross|0 fnt|[from] item: Rocky Helmet|[of] p2a: Landorus
|faint|p2a: Landorus
|faint|p1a: Heracross
|
|upkeep
|
|t:|1779883861
|switch|p2a: Glimmora|Glimmora, F|100/100
|switch|p1a: Vileplume|Vileplume, M, shiny|100/100
|turn|7
|c|☆ataiks|Haha yea scarfers are cool
|
|t:|1779883880
|move|p2a: Glimmora|Stealth Rock|p1a: Vileplume
|-sidestart|p1: CanSoup|move: Stealth Rock
|move|p1a: Vileplume|Leech Seed|p2a: Glimmora
|-start|p2a: Glimmora|move: Leech Seed
|
|-damage|p2a: Glimmora|88/100|[from] Leech Seed|[of] p1a: Vileplume
|upkeep
|turn|8
|
|t:|1779883891
|move|p1a: Vileplume|Protect|p1a: Vileplume
|-singleturn|p1a: Vileplume|Protect
|move|p2a: Glimmora|Mortal Spin|p1a: Vileplume
|-activate|p1a: Vileplume|move: Protect
|
|-damage|p2a: Glimmora|76/100|[from] Leech Seed|[of] p1a: Vileplume
|upkeep
|turn|9
|
|t:|1779883898
|switch|p2a: Moltres|Moltres|100/100
|move|p1a: Vileplume|Leech Seed|p2a: Moltres
|-start|p2a: Moltres|move: Leech Seed
|
|-damage|p2a: Moltres|88/100|[from] Leech Seed|[of] p1a: Vileplume
|upkeep
|turn|10
|
|t:|1779883912
|move|p2a: Moltres|Hurricane|p1a: Vileplume
|-supereffective|p1a: Vileplume
|-damage|p1a: Vileplume|5/100
|move|p1a: Vileplume|Toxic|p2a: Moltres
|-status|p2a: Moltres|tox
|
|-damage|p2a: Moltres|76/100 tox|[from] Leech Seed|[of] p1a: Vileplume
|-heal|p1a: Vileplume|22/100|[silent]
|-damage|p2a: Moltres|70/100 tox|[from] psn
|upkeep
|turn|11
|c|☆CanSoup|fear the flower
|
|t:|1779883920
|switch|p2a: Glimmora|Glimmora, F|76/100
|move|p1a: Vileplume|Protect||[still]
|-fail|p1a: Vileplume
|
|upkeep
|turn|12
|
|t:|1779883923
|move|p2a: Glimmora|Sludge Bomb|p1a: Vileplume
|-crit|p1a: Vileplume
|-damage|p1a: Vileplume|0 fnt
|faint|p1a: Vileplume
|
|upkeep
|
|t:|1779883927
|switch|p1a: Iron Thorns|Iron Thorns, shiny|87/100
|-damage|p1a: Iron Thorns|75/100|[from] Stealth Rock
|turn|13
|
|t:|1779883937
|switch|p2a: Moltres|Moltres|70/100 tox
|-terastallize|p1a: Iron Thorns|Bug
|move|p1a: Iron Thorns|Dragon Dance|p1a: Iron Thorns
|-boost|p1a: Iron Thorns|atk|1
|-boost|p1a: Iron Thorns|spe|1
|
|-damage|p2a: Moltres|64/100 tox|[from] psn
|upkeep
|turn|14
|
|t:|1779883942
|move|p1a: Iron Thorns|Rock Blast|p2a: Moltres
|-supereffective|p2a: Moltres
|-damage|p2a: Moltres|0 fnt
|faint|p2a: Moltres
|-hitcount|p2: Moltres|1
|
|upkeep
|
|t:|1779883947
|switch|p2a: Zamazenta|Zamazenta|100/100
|-ability|p2a: Zamazenta|Dauntless Shield|boost
|-boost|p2a: Zamazenta|def|1
|turn|15
|
|t:|1779883951
|move|p2a: Zamazenta|Iron Defense|p2a: Zamazenta
|-boost|p2a: Zamazenta|def|2
|move|p1a: Iron Thorns|Earthquake|p2a: Zamazenta
|-damage|p2a: Zamazenta|80/100
|
|-heal|p2a: Zamazenta|86/100|[from] item: Leftovers
|upkeep
|turn|16
|
|t:|1779883956
|move|p2a: Zamazenta|Iron Defense|p2a: Zamazenta
|-boost|p2a: Zamazenta|def|2
|move|p1a: Iron Thorns|Earthquake|p2a: Zamazenta
|-damage|p2a: Zamazenta|71/100
|
|-heal|p2a: Zamazenta|77/100|[from] item: Leftovers
|upkeep
|turn|17
|c|☆ataiks|Didn't know thorns had dd
|
|t:|1779883966
|move|p2a: Zamazenta|Body Press|p1a: Iron Thorns
|-resisted|p1a: Iron Thorns
|-damage|p1a: Iron Thorns|29/100
|move|p1a: Iron Thorns|Earthquake|p2a: Zamazenta
|-damage|p2a: Zamazenta|64/100
|
|-heal|p2a: Zamazenta|70/100|[from] item: Leftovers
|upkeep
|turn|18
|c|☆CanSoup|yeah
|c|☆CanSoup|its an interesting set
|
|t:|1779883977
|move|p2a: Zamazenta|Body Press|p1a: Iron Thorns
|-resisted|p1a: Iron Thorns
|-damage|p1a: Iron Thorns|0 fnt
|faint|p1a: Iron Thorns
|-end|p1a: Iron Thorns|Quark Drive|[silent]
|
|-heal|p2a: Zamazenta|76/100|[from] item: Leftovers
|upkeep
|
|t:|1779883980
|switch|p1a: Arcanine|Arcanine, F|100/100
|-damage|p1a: Arcanine|75/100|[from] Stealth Rock
|-ability|p1a: Arcanine|Intimidate|boost
|-unboost|p2a: Zamazenta|atk|1
|turn|19
|c|☆ataiks|That's true
|
|t:|1779883985
|move|p2a: Zamazenta|Body Press|p1a: Arcanine
|-crit|p1a: Arcanine
|-damage|p1a: Arcanine|0 fnt
|faint|p1a: Arcanine
|
|-heal|p2a: Zamazenta|82/100|[from] item: Leftovers
|upkeep
|
|t:|1779883989
|switch|p1a: Ceruledge|Ceruledge, F, shiny|100/100
|-damage|p1a: Ceruledge|76/100|[from] Stealth Rock
|turn|20
|c|☆ataiks|Gg
|
|t:|1779883995
|move|p2a: Zamazenta|Crunch|p1a: Ceruledge
|-supereffective|p1a: Ceruledge
|-damage|p1a: Ceruledge|24/100
|-ability|p1a: Ceruledge|Weak Armor|boost
|-unboost|p1a: Ceruledge|def|1
|-boost|p1a: Ceruledge|spe|2
|move|p1a: Ceruledge|Swords Dance|p1a: Ceruledge
|-boost|p1a: Ceruledge|atk|2
|
|-heal|p2a: Zamazenta|88/100|[from] item: Leftovers
|upkeep
|turn|21
|
|t:|1779883998
|move|p1a: Ceruledge|Bitter Blade|p2a: Zamazenta
|-damage|p2a: Zamazenta|64/100
|-heal|p1a: Ceruledge|38/100|[from] drain|[of] p2a: Zamazenta
|move|p2a: Zamazenta|Crunch|p1a: Ceruledge
|-supereffective|p1a: Ceruledge
|-damage|p1a: Ceruledge|0 fnt
|faint|p1a: Ceruledge
|
|win|ataiks
|raw|CanSoup's rating: 1319 &rarr; <strong>1299</strong><br />(-20 for losing)
|raw|ataiks's rating: 1325 &rarr; <strong>1345</strong><br />(+20 for winning)
|c|☆CanSoup|gg
|l|☆CanSoup
|player|p1|
|l|☆ataiks
|player|p2|
