|j|☆lilpoem
|j|☆educofre
|t:|1779842884
|gametype|singles
|player|p1|lilpoem|pokefanf-gen4|1110
|player|p2|educofre|102|1129
|gen|9
|tier|[Gen 9] OU
|rated|
|rule|HP Percentage Mod: HP is shown in percentages
|rule|Endless Battle Clause: Forcing endless battles is banned
|rule|Species Clause: Limit one of each Pokémon
|rule|OHKO Clause: OHKO moves are banned
|rule|Evasion Items Clause: Evasion items are banned
|rule|Evasion Moves Clause: Evasion moves are banned
|rule|Evasion Abilities Clause: Evasion abilities are banned
|rule|Sleep Moves Clause: Sleep-inducing moves are banned
|clearpoke
|poke|p1|Okidogi, M|
|poke|p1|Iron Hands|
|poke|p1|Zamazenta-*|
|poke|p1|Iron Valiant|
|poke|p1|Keldeo|
|poke|p1|Quaquaval, M|
|poke|p2|Empoleon, M|
|poke|p2|Masquerain, M|
|poke|p2|Coalossal, M|
|poke|p2|Klefki, M|
|poke|p2|Ambipom, F|
|poke|p2|Rotom-Mow|
|teampreview
|inactive|Battle timer is ON: inactive players will automatically lose when time's up. (requested by lilpoem)
|
|t:|1779842901
|teamsize|p1|6
|teamsize|p2|6
|start
|switch|p1a: Okidoge|Okidogi, M|100/100
|switch|p2a: Empoleon|Empoleon, M|100/100
|turn|1
|
|t:|1779842906
|switch|p2a: Masquerain|Masquerain, M|100/100
|-ability|p2a: Masquerain|Intimidate|boost
|-unboost|p1a: Okidoge|atk|1
|move|p1a: Okidoge|Knock Off|p2a: Masquerain
|-damage|p2a: Masquerain|78/100
|-status|p2a: Masquerain|tox|[from] ability: Toxic Chain|[of] p1a: Okidoge
|-enditem|p2a: Masquerain|Heavy-Duty Boots|[from] move: Knock Off|[of] p1a: Okidoge
|
|-damage|p2a: Masquerain|71/100 tox|[from] psn
|upkeep
|turn|2
|
|t:|1779842915
|move|p1a: Okidoge|Thunder Punch|p2a: Masquerain
|-supereffective|p2a: Masquerain
|-damage|p2a: Masquerain|36/100 tox
|move|p2a: Masquerain|U-turn|p1a: Okidoge
|-resisted|p1a: Okidoge
|-crit|p1a: Okidoge
|-damage|p1a: Okidoge|96/100
|
|t:|1779842928
|switch|p2a: Klefki|Klefki, M|100/100|[from] U-turn
|
|upkeep
|turn|3
|
|t:|1779842936
|-terastallize|p1a: Okidoge|Dark
|move|p2a: Klefki|Thunder Wave|p1a: Okidoge
|-hint|Since gen 7, Dark is immune to Prankster moves.
|-immune|p1a: Okidoge
|move|p1a: Okidoge|Fling|p2a: Klefki
|-resisted|p2a: Klefki
|-damage|p2a: Klefki|88/100
|-status|p2a: Klefki|par
|-enditem|p1a: Okidoge|Light Ball|[from] move: Fling
|
|upkeep
|turn|4
|
|t:|1779842946
|move|p2a: Klefki|Reflect|p2a: Klefki
|-sidestart|p2: educofre|Reflect
|move|p1a: Okidoge|Knock Off|p2a: Klefki
|-resisted|p2a: Klefki
|-damage|p2a: Klefki|76/100 par
|-enditem|p2a: Klefki|Aguav Berry|[from] move: Knock Off|[of] p1a: Okidoge
|
|upkeep
|turn|5
|
|t:|1779842954
|move|p1a: Okidoge|Thunder Punch|p2a: Klefki
|-damage|p2a: Klefki|65/100 par
|move|p2a: Klefki|Flash Cannon|p1a: Okidoge
|-damage|p1a: Okidoge|73/100
|
|upkeep
|turn|6
|
|t:|1779842957
|move|p1a: Okidoge|Thunder Punch|p2a: Klefki
|-damage|p2a: Klefki|54/100 par
|cant|p2a: Klefki|par
|
|upkeep
|turn|7
|
|t:|1779842961
|move|p1a: Okidoge|Thunder Punch|p2a: Klefki
|-damage|p2a: Klefki|44/100 par
|move|p2a: Klefki|Flash Cannon|p1a: Okidoge
|-damage|p1a: Okidoge|49/100
|
|upkeep
|turn|8
|
|t:|1779842966
|move|p1a: Okidoge|Thunder Punch|p2a: Klefki
|-damage|p2a: Klefki|33/100 par
|cant|p2a: Klefki|par
|
|-sideend|p2: educofre|Reflect
|upkeep
|turn|9
|
|t:|1779842975
|switch|p1a: Quaquaval|Quaquaval, M|100/100
|move|p2a: Klefki|Reflect|p2a: Klefki
|-sidestart|p2: educofre|Reflect
|
|upkeep
|turn|10
|
|t:|1779842981
|cant|p2a: Klefki|par
|move|p1a: Quaquaval|Swords Dance|p1a: Quaquaval
|-boost|p1a: Quaquaval|atk|2
|
|upkeep
|turn|11
|
|t:|1779842986
|move|p2a: Klefki|Thunder Wave|p1a: Quaquaval
|-status|p1a: Quaquaval|par
|move|p1a: Quaquaval|Brick Break|p2a: Klefki
|-sideend|p2: educofre|Reflect
|-damage|p2a: Klefki|0 fnt
|faint|p2a: Klefki
|-ability|p1a: Quaquaval|Moxie|boost
|-boost|p1a: Quaquaval|atk|1
|
|upkeep
|
|t:|1779843002
|switch|p2a: Rotom|Rotom-Mow|100/100
|turn|12
|
|t:|1779843009
|move|p2a: Rotom|Volt Switch|p1a: Quaquaval
|-supereffective|p1a: Quaquaval
|-damage|p1a: Quaquaval|29/100 par
|
|t:|1779843012
|switch|p2a: Masquerain|Masquerain, M|36/100 tox|[from] Volt Switch
|-ability|p2a: Masquerain|Intimidate|boost
|-unboost|p1a: Quaquaval|atk|1
|move|p1a: Quaquaval|Brick Break|p2a: Masquerain
|-resisted|p2a: Masquerain
|-damage|p2a: Masquerain|20/100 tox
|
|-damage|p2a: Masquerain|14/100 tox|[from] psn
|upkeep
|turn|13
|
|t:|1779843019
|move|p2a: Masquerain|Air Slash|p1a: Quaquaval
|-supereffective|p1a: Quaquaval
|-damage|p1a: Quaquaval|0 fnt
|faint|p1a: Quaquaval
|
|-damage|p2a: Masquerain|2/100 tox|[from] psn
|upkeep
|
|t:|1779843023
|switch|p1a: Iron Hands|Iron Hands|100/100
|-enditem|p1a: Iron Hands|Booster Energy
|-activate|p1a: Iron Hands|ability: Quark Drive|[fromitem]
|-start|p1a: Iron Hands|quarkdriveatk
|turn|14
|
|t:|1779843028
|move|p1a: Iron Hands|Fake Out|p2a: Masquerain
|-damage|p2a: Masquerain|0 fnt
|faint|p2a: Masquerain
|
|upkeep
|
|t:|1779843037
|switch|p2a: Coalossal|Coalossal, M|100/100
|turn|15
|
|t:|1779843041
|move|p1a: Iron Hands|Earthquake|p2a: Coalossal
|-supereffective|p2a: Coalossal
|-damage|p2a: Coalossal|0 fnt
|faint|p2a: Coalossal
|
|upkeep
|-message|educofre forfeited.
|
|win|lilpoem
|raw|lilpoem's rating: 1110 &rarr; <strong>1136</strong><br />(+26 for winning)
|raw|educofre's rating: 1129 &rarr; <strong>1103</strong><br />(-26 for losing)
|l|☆educofre
|player|p2|
|l|☆lilpoem
|player|p1|
