|j|☆yaoibro445
|j|☆allurqn
|t:|1779944887
|gametype|singles
|player|p1|yaoibro445|101|1303
|player|p2|allurqn|hilda-masters2|1362
|gen|9
|tier|[Gen 9] OU
|rated|
|rule|HP Percentage Mod: HP is shown in percentages
|rule|Endless Battle Clause: Forcing endless battles is banned
|rule|Species Clause: Limit one of each Pokémon
|rule|OHKO Clause: OHKO moves are banned
|rule|Evasion Items Clause: Evasion items are banned
|rule|Evasion Moves Clause: Evasion moves are banned
|rule|Evasion Abilities Clause: Evasion abilities are banned
|rule|Sleep Moves Clause: Sleep-inducing moves are banned
|clearpoke
|poke|p1|Brute Bonnet|
|poke|p1|Zapdos|
|poke|p1|Ting-Lu|
|poke|p1|Gholdengo|
|poke|p1|Cinderace, F|
|poke|p1|Alomomola, M|
|poke|p2|Kyurem|
|poke|p2|Pecharunt|
|poke|p2|Iron Valiant|
|poke|p2|Gliscor, M|
|poke|p2|Moltres|
|poke|p2|Samurott-Hisui, M|
|teampreview
|
|t:|1779944930
|teamsize|p1|6
|teamsize|p2|6
|start
|switch|p1a: El Dos|Zapdos|100/100
|switch|p2a: Gliscor|Gliscor, M|100/100
|turn|1
|
|t:|1779944967
|move|p1a: El Dos|Hurricane|p2a: Gliscor
|-damage|p2a: Gliscor|37/100
|move|p2a: Gliscor|Toxic|p1a: El Dos
|-status|p1a: El Dos|tox
|
|-damage|p1a: El Dos|94/100 tox|[from] psn
|-status|p2a: Gliscor|tox|[from] item: Toxic Orb
|upkeep
|turn|2
|
|t:|1779944984
|switch|p1a: Golden Joe|Gholdengo|100/100
|move|p2a: Gliscor|Protect||[still]
|-fail|p2a: Gliscor
|
|-heal|p2a: Gliscor|49/100 tox|[from] ability: Poison Heal
|upkeep
|turn|3
|
|t:|1779945026
|switch|p2a: Moltres|Moltres|100/100
|move|p1a: Golden Joe|Thunder Wave|p2a: Moltres|[miss]
|-miss|p1a: Golden Joe|p2a: Moltres
|
|upkeep
|turn|4
|
|t:|1779945041
|switch|p1a: El Dos|Zapdos|94/100 tox
|move|p2a: Moltres|Flamethrower|p1a: El Dos
|-damage|p1a: El Dos|45/100 tox
|
|-damage|p1a: El Dos|39/100 tox|[from] psn
|upkeep
|turn|5
|
|t:|1779945064
|switch|p2a: Gliscor|Gliscor, M|49/100 tox
|move|p1a: El Dos|Hurricane|p2a: Gliscor|[miss]
|-miss|p1a: El Dos|p2a: Gliscor
|
|-damage|p1a: El Dos|27/100 tox|[from] psn
|-heal|p2a: Gliscor|62/100 tox|[from] ability: Poison Heal
|upkeep
|turn|6
|
|t:|1779945073
|move|p2a: Gliscor|Protect|p2a: Gliscor
|-singleturn|p2a: Gliscor|Protect
|move|p1a: El Dos|Roost|p1a: El Dos
|-heal|p1a: El Dos|77/100 tox
|-singleturn|p1a: El Dos|move: Roost
|
|-damage|p1a: El Dos|58/100 tox|[from] psn
|-heal|p2a: Gliscor|74/100 tox|[from] ability: Poison Heal
|upkeep
|turn|7
|
|t:|1779945095
|move|p1a: El Dos|Hurricane|p2a: Gliscor
|-damage|p2a: Gliscor|6/100 tox
|move|p2a: Gliscor|Knock Off|p1a: El Dos
|-damage|p1a: El Dos|32/100 tox
|-enditem|p1a: El Dos|Heavy-Duty Boots|[from] move: Knock Off|[of] p2a: Gliscor
|
|-damage|p1a: El Dos|7/100 tox|[from] psn
|-heal|p2a: Gliscor|18/100 tox|[from] ability: Poison Heal
|upkeep
|turn|8
|
|t:|1779945103
|move|p2a: Gliscor|Protect|p2a: Gliscor
|-singleturn|p2a: Gliscor|Protect
|move|p1a: El Dos|Roost|p1a: El Dos
|-heal|p1a: El Dos|57/100 tox
|-singleturn|p1a: El Dos|move: Roost
|
|-damage|p1a: El Dos|26/100 tox|[from] psn
|-heal|p2a: Gliscor|30/100 tox|[from] ability: Poison Heal
|upkeep
|turn|9
|
|t:|1779945119
|move|p2a: Gliscor|Protect||[still]
|-fail|p2a: Gliscor
|move|p1a: El Dos|Heat Wave|p2a: Gliscor
|-crit|p2a: Gliscor
|-damage|p2a: Gliscor|0 fnt
|faint|p2a: Gliscor
|
|-damage|p1a: El Dos|0 fnt|[from] psn
|faint|p1a: El Dos
|upkeep
|
|t:|1779945138
|switch|p1a: Oonga Boongus|Brute Bonnet|100/100
|switch|p2a: Moltres|Moltres|100/100
|-enditem|p1a: Oonga Boongus|Booster Energy
|-activate|p1a: Oonga Boongus|ability: Protosynthesis|[fromitem]
|-start|p1a: Oonga Boongus|protosynthesisatk
|turn|10
|
|t:|1779945162
|-end|p1a: Oonga Boongus|Protosynthesis|[silent]
|switch|p1a: Mega Luvdisc|Alomomola, M|100/100
|move|p2a: Moltres|Flamethrower|p1a: Mega Luvdisc
|-resisted|p1a: Mega Luvdisc
|-damage|p1a: Mega Luvdisc|77/100
|
|upkeep
|turn|11
|c|☆allurqn|i've never thought of that
|
|t:|1779945176
|move|p2a: Moltres|Will-O-Wisp|p1a: Mega Luvdisc
|-status|p1a: Mega Luvdisc|brn
|move|p1a: Mega Luvdisc|Flip Turn|p2a: Moltres
|-supereffective|p2a: Moltres
|-damage|p2a: Moltres|85/100
|c|☆allurqn|mega luvdisc
|
|t:|1779945191
|switch|p1a: Tingling Goon|Ting-Lu|100/100|[from] Flip Turn
|-ability|p1a: Tingling Goon|Vessel of Ruin
|
|upkeep
|turn|12
|c|☆allurqn|and i blundered
|
|t:|1779945196
|move|p2a: Moltres|U-turn|p1a: Tingling Goon
|-supereffective|p1a: Tingling Goon
|-damage|p1a: Tingling Goon|81/100
|-enditem|p1a: Tingling Goon|Red Card|[of] p2a: Moltres
|drag|p2a: Samurott|Samurott-Hisui, M, shiny|100/100
|move|p1a: Tingling Goon|Ruination|p2a: Samurott|[miss]
|-miss|p1a: Tingling Goon|p2a: Samurott
|
|upkeep
|turn|13
|
|t:|1779945211
|switch|p1a: Oonga Boongus|Brute Bonnet|100/100
|move|p2a: Samurott|Razor Shell|p1a: Oonga Boongus
|-resisted|p1a: Oonga Boongus
|-damage|p1a: Oonga Boongus|74/100
|
|upkeep
|turn|14
|
|t:|1779945231
|move|p1a: Oonga Boongus|Trailblaze|p2a: Samurott
|-supereffective|p2a: Samurott
|-damage|p2a: Samurott|41/100
|-boost|p1a: Oonga Boongus|spe|1
|move|p2a: Samurott|Sacred Sword|p1a: Oonga Boongus
|-supereffective|p1a: Oonga Boongus
|-damage|p1a: Oonga Boongus|0 fnt
|faint|p1a: Oonga Boongus
|-end|p1a: Oonga Boongus|Protosynthesis|[silent]
|
|upkeep
|
|t:|1779945241
|switch|p1a: Cindy Lauper|Cinderace, F|100/100
|turn|15
|
|t:|1779945247
|move|p2a: Samurott|Sucker Punch|p1a: Cindy Lauper
|-damage|p1a: Cindy Lauper|57/100
|move|p1a: Cindy Lauper|U-turn|p2a: Samurott
|-supereffective|p2a: Samurott
|-damage|p2a: Samurott|2/100
|
|t:|1779945255
|switch|p1a: Mega Luvdisc|Alomomola, M|100/100 brn|[from] U-turn
|
|-damage|p1a: Mega Luvdisc|94/100 brn|[from] brn
|upkeep
|turn|16
|
|t:|1779945260
|move|p2a: Samurott|Ceaseless Edge|p1a: Mega Luvdisc
|-damage|p1a: Mega Luvdisc|67/100 brn
|-sidestart|p1: yaoibro445|Spikes
|move|p1a: Mega Luvdisc|Flip Turn|p2a: Samurott
|-resisted|p2a: Samurott
|-damage|p2a: Samurott|0 fnt
|faint|p2a: Samurott
|
|t:|1779945268
|switch|p1a: Cindy Lauper|Cinderace, F|57/100|[from] Flip Turn
|
|upkeep
|
|t:|1779945278
|switch|p2a: Iron Valiant|Iron Valiant, shiny|100/100
|-enditem|p2a: Iron Valiant|Booster Energy
|-activate|p2a: Iron Valiant|ability: Quark Drive|[fromitem]
|-start|p2a: Iron Valiant|quarkdrivespe
|turn|17
|
|t:|1779945294
|move|p2a: Iron Valiant|Knock Off|p1a: Cindy Lauper
|-damage|p1a: Cindy Lauper|24/100
|-enditem|p1a: Cindy Lauper|Heavy-Duty Boots|[from] move: Knock Off|[of] p2a: Iron Valiant
|move|p1a: Cindy Lauper|Will-O-Wisp|p2a: Iron Valiant
|-status|p2a: Iron Valiant|brn
|
|-damage|p2a: Iron Valiant|94/100 brn|[from] brn
|upkeep
|turn|18
|
|t:|1779945310
|move|p2a: Iron Valiant|Close Combat|p1a: Cindy Lauper
|-damage|p1a: Cindy Lauper|0 fnt
|-unboost|p2a: Iron Valiant|def|1
|-unboost|p2a: Iron Valiant|spd|1
|faint|p1a: Cindy Lauper
|
|-damage|p2a: Iron Valiant|88/100 brn|[from] brn
|upkeep
|
|t:|1779945320
|switch|p1a: Golden Joe|Gholdengo|100/100
|-damage|p1a: Golden Joe|88/100|[from] Spikes
|turn|19
|
|t:|1779945327
|-terastallize|p1a: Golden Joe|Fairy
|move|p2a: Iron Valiant|Knock Off|p1a: Golden Joe
|-resisted|p1a: Golden Joe
|-damage|p1a: Golden Joe|83/100
|-enditem|p1a: Golden Joe|Leftovers|[from] move: Knock Off|[of] p2a: Iron Valiant
|move|p1a: Golden Joe|Hex|p2a: Iron Valiant
|-damage|p2a: Iron Valiant|0 fnt
|faint|p2a: Iron Valiant
|-end|p2a: Iron Valiant|Quark Drive|[silent]
|
|upkeep
|
|t:|1779945348
|switch|p2a: Pecharunt|Pecharunt|100/100
|turn|20
|
|t:|1779945372
|-terastallize|p2a: Pecharunt|Fairy
|move|p2a: Pecharunt|Malignant Chain|p1a: Golden Joe
|-supereffective|p1a: Golden Joe
|-damage|p1a: Golden Joe|18/100
|move|p1a: Golden Joe|Thunder Wave|p2a: Pecharunt
|-status|p2a: Pecharunt|par
|
|upkeep
|turn|21
|
|t:|1779945382
|move|p1a: Golden Joe|Make It Rain|p2a: Pecharunt
|-supereffective|p2a: Pecharunt
|-damage|p2a: Pecharunt|0 fnt
|-unboost|p1a: Golden Joe|spa|1
|faint|p2a: Pecharunt
|
|upkeep
|
|t:|1779945397
|switch|p2a: Kyurem|Kyurem|100/100
|-ability|p2a: Kyurem|Pressure
|turn|22
|
|t:|1779945408
|switch|p1a: Mega Luvdisc|Alomomola, M|99/100 brn
|move|p2a: Kyurem|Ice Beam|p1a: Mega Luvdisc
|-resisted|p1a: Mega Luvdisc
|-damage|p1a: Mega Luvdisc|60/100 brn
|
|-damage|p1a: Mega Luvdisc|54/100 brn|[from] brn
|upkeep
|turn|23
|
|t:|1779945415
|switch|p2a: Moltres|Moltres|85/100
|move|p1a: Mega Luvdisc|Wish|p1a: Mega Luvdisc
|
|-damage|p1a: Mega Luvdisc|48/100 brn|[from] brn
|upkeep
|turn|24
|
|t:|1779945421
|move|p2a: Moltres|Flamethrower|p1a: Mega Luvdisc
|-resisted|p1a: Mega Luvdisc
|-damage|p1a: Mega Luvdisc|23/100 brn
|move|p1a: Mega Luvdisc|Scald|p2a: Moltres
|-supereffective|p2a: Moltres
|-damage|p2a: Moltres|58/100
|
|-heal|p1a: Mega Luvdisc|73/100 brn|[from] move: Wish|[wisher] Mega Luvdisc
|-damage|p1a: Mega Luvdisc|67/100 brn|[from] brn
|upkeep
|turn|25
|
|t:|1779945435
|move|p2a: Moltres|Roost|p2a: Moltres
|-heal|p2a: Moltres|100/100
|-singleturn|p2a: Moltres|move: Roost
|move|p1a: Mega Luvdisc|Scald|p2a: Moltres
|-supereffective|p2a: Moltres
|-damage|p2a: Moltres|75/100
|
|-damage|p1a: Mega Luvdisc|61/100 brn|[from] brn
|upkeep
|turn|26
|
|t:|1779945444
|move|p2a: Moltres|U-turn|p1a: Mega Luvdisc
|-damage|p1a: Mega Luvdisc|52/100 brn
|
|t:|1779945447
|switch|p2a: Kyurem|Kyurem|100/100|[from] U-turn
|-ability|p2a: Kyurem|Pressure
|move|p1a: Mega Luvdisc|Wish|p1a: Mega Luvdisc
|
|-damage|p1a: Mega Luvdisc|46/100 brn|[from] brn
|upkeep
|turn|27
|
|t:|1779945454
|move|p2a: Kyurem|Freeze-Dry|p1a: Mega Luvdisc
|-supereffective|p1a: Mega Luvdisc
|-damage|p1a: Mega Luvdisc|0 fnt
|faint|p1a: Mega Luvdisc
|
|upkeep
|
|t:|1779945458
|switch|p1a: Golden Joe|Gholdengo, tera:Fairy|18/100
|-damage|p1a: Golden Joe|6/100|[from] Spikes
|turn|28
|
|t:|1779945463
|move|p2a: Kyurem|Freeze-Dry|p1a: Golden Joe
|-damage|p1a: Golden Joe|0 fnt
|faint|p1a: Golden Joe
|
|upkeep
|
|t:|1779945467
|switch|p1a: Tingling Goon|Ting-Lu|81/100
|-damage|p1a: Tingling Goon|69/100|[from] Spikes
|-ability|p1a: Tingling Goon|Vessel of Ruin
|turn|29
|
|t:|1779945475
|switch|p2a: Moltres|Moltres|75/100
|move|p1a: Tingling Goon|Ruination|p2a: Moltres
|-damage|p2a: Moltres|38/100
|
|upkeep
|turn|30
|
|t:|1779945481
|move|p2a: Moltres|Will-O-Wisp|p1a: Tingling Goon
|-status|p1a: Tingling Goon|brn
|move|p1a: Tingling Goon|Stealth Rock|p2a: Moltres
|-sidestart|p2: allurqn|move: Stealth Rock
|
|-damage|p1a: Tingling Goon|63/100 brn|[from] brn
|upkeep
|turn|31
|
|t:|1779945487
|move|p2a: Moltres|Roost|p2a: Moltres
|-heal|p2a: Moltres|88/100
|-singleturn|p2a: Moltres|move: Roost
|move|p1a: Tingling Goon|Ruination|p2a: Moltres
|-damage|p2a: Moltres|44/100
|
|-damage|p1a: Tingling Goon|57/100 brn|[from] brn
|upkeep
|turn|32
|-message|yaoibro445 forfeited.
|
|win|allurqn
|raw|yaoibro445's rating: 1303 &rarr; <strong>1286</strong><br />(-17 for losing)
|raw|allurqn's rating: 1362 &rarr; <strong>1379</strong><br />(+17 for winning)
|l|☆yaoibro445
|player|p1|
|l|☆allurqn
|player|p2|
|j| blacker kyurem
|l| blacker kyurem
