|j|☆fongxgopi
|j|☆miguelissussybaka
|t:|1779866496
|gametype|singles
|player|p1|fongxgopi|266|1389
|player|p2|miguelissussybaka|266|1318
|gen|9
|tier|[Gen 9] OU
|rated|
|rule|HP Percentage Mod: HP is shown in percentages
|rule|Endless Battle Clause: Forcing endless battles is banned
|rule|Species Clause: Limit one of each Pokémon
|rule|OHKO Clause: OHKO moves are banned
|rule|Evasion Items Clause: Evasion items are banned
|rule|Evasion Moves Clause: Evasion moves are banned
|rule|Evasion Abilities Clause: Evasion abilities are banned
|rule|Sleep Moves Clause: Sleep-inducing moves are banned
|clearpoke
|poke|p1|Landorus-Therian, M|
|poke|p1|Regieleki|
|poke|p1|Gholdengo|
|poke|p1|Dragonite, F|
|poke|p1|Quaquaval, F|
|poke|p1|Hoopa-Unbound|
|poke|p2|Metagross|
|poke|p2|Ogerpon-Wellspring, F|
|poke|p2|Rillaboom, F|
|poke|p2|Mamoswine, F|
|poke|p2|Moltres|
|poke|p2|Infernape, M|
|teampreview
|
|t:|1779866502
|teamsize|p1|6
|teamsize|p2|6
|start
|switch|p1a: Regieleki|Regieleki|100/100
|switch|p2a: Rillaboom|Rillaboom, F|100/100
|-fieldstart|move: Grassy Terrain|[from] ability: Grassy Surge|[of] p2a: Rillaboom
|turn|1
|
|t:|1779866516
|move|p1a: Regieleki|Reflect|p1a: Regieleki
|-sidestart|p1: fongxgopi|Reflect
|move|p2a: Rillaboom|Wood Hammer|p1a: Regieleki
|-damage|p1a: Regieleki|31/100
|-damage|p2a: Rillaboom|76/100|[from] Recoil
|
|-heal|p1a: Regieleki|37/100|[from] Grassy Terrain
|-heal|p2a: Rillaboom|82/100|[from] Grassy Terrain
|upkeep
|turn|2
|
|t:|1779866521
|move|p1a: Regieleki|Volt Switch|p2a: Rillaboom
|-resisted|p2a: Rillaboom
|-damage|p2a: Rillaboom|61/100
|
|t:|1779866523
|switch|p1a: Landorus|Landorus-Therian, M|100/100|[from] Volt Switch
|-ability|p1a: Landorus|Intimidate|boost
|-unboost|p2a: Rillaboom|atk|1
|move|p2a: Rillaboom|Wood Hammer|p1a: Landorus
|-damage|p1a: Landorus|62/100
|-damage|p2a: Rillaboom|45/100|[from] item: Rocky Helmet|[of] p1a: Landorus
|-damage|p2a: Rillaboom|30/100|[from] Recoil
|
|-heal|p2a: Rillaboom|37/100|[from] Grassy Terrain
|upkeep
|turn|3
|
|t:|1779866557
|switch|p2a: Moltres|Moltres|100/100
|move|p1a: Landorus|Stealth Rock|p2a: Moltres
|-sidestart|p2: miguelissussybaka|move: Stealth Rock
|
|upkeep
|turn|4
|
|t:|1779866563
|move|p1a: Landorus|Taunt|p2a: Moltres
|-start|p2a: Moltres|move: Taunt
|move|p2a: Moltres|Flamethrower|p1a: Landorus
|-damage|p1a: Landorus|25/100
|
|upkeep
|turn|5
|
|t:|1779866568
|move|p1a: Landorus|U-turn|p2a: Moltres
|-resisted|p2a: Moltres
|-damage|p2a: Moltres|97/100
|
|t:|1779866579
|switch|p1a: Hoopa|Hoopa-Unbound|100/100|[from] U-turn
|move|p2a: Moltres|U-turn|p1a: Hoopa
|-supereffective|p1a: Hoopa
|-damage|p1a: Hoopa|51/100
|
|t:|1779866606
|switch|p2a: Ogerpon|Ogerpon-Wellspring, F|100/100|[from] U-turn
|-damage|p2a: Ogerpon|88/100|[from] Stealth Rock
|
|-heal|p1a: Hoopa|57/100|[from] Grassy Terrain
|-heal|p2a: Ogerpon|94/100|[from] Grassy Terrain
|-fieldend|move: Grassy Terrain
|upkeep
|turn|6
|
|t:|1779866616
|move|p1a: Hoopa|Gunk Shot|p2a: Ogerpon
|-supereffective|p2a: Ogerpon
|-damage|p2a: Ogerpon|0 fnt
|faint|p2a: Ogerpon
|
|upkeep
|
|t:|1779866625
|switch|p2a: Infernape|Infernape, M|100/100
|-damage|p2a: Infernape|88/100|[from] Stealth Rock
|turn|7
|
|t:|1779866643
|-terastallize|p2a: Infernape|Grass
|move|p2a: Infernape|Flamethrower|p1a: Hoopa
|-damage|p1a: Hoopa|17/100
|move|p1a: Hoopa|Gunk Shot|p2a: Infernape|[miss]
|-miss|p1a: Hoopa|p2a: Infernape
|
|upkeep
|turn|8
|
|t:|1779866648
|move|p2a: Infernape|Flamethrower|p1a: Hoopa
|-damage|p1a: Hoopa|0 fnt
|faint|p1a: Hoopa
|
|-sideend|p1: fongxgopi|Reflect
|upkeep
|
|t:|1779866665
|switch|p1a: Dragonite|Dragonite, F|100/100
|turn|9
|
|t:|1779866670
|switch|p2a: Moltres|Moltres|97/100
|move|p1a: Dragonite|Dragon Dance|p1a: Dragonite
|-boost|p1a: Dragonite|atk|1
|-boost|p1a: Dragonite|spe|1
|
|upkeep
|turn|10
|
|t:|1779866674
|move|p1a: Dragonite|Dragon Dance|p1a: Dragonite
|-boost|p1a: Dragonite|atk|1
|-boost|p1a: Dragonite|spe|1
|move|p2a: Moltres|Roar|p1a: Dragonite
|drag|p1a: Gholdengo|Gholdengo|100/100
|
|upkeep
|turn|11
|
|t:|1779866680
|move|p1a: Gholdengo|Thunder Wave|p2a: Moltres
|-status|p2a: Moltres|par
|cant|p2a: Moltres|par
|
|upkeep
|turn|12
|
|t:|1779866687
|move|p1a: Gholdengo|Memento|p2a: Moltres
|-unboost|p2a: Moltres|atk|2
|-unboost|p2a: Moltres|spa|2
|faint|p1a: Gholdengo
|move|p2a: Moltres|Flamethrower|p1: Gholdengo|[notarget]
|-fail|p2a: Moltres
|
|upkeep
|
|t:|1779866689
|switch|p1a: Quaquaval|Quaquaval, F, shiny|100/100
|turn|13
|
|t:|1779866696
|switch|p2a: Metagross|Metagross|100/100
|-damage|p2a: Metagross|94/100|[from] Stealth Rock
|move|p1a: Quaquaval|Aqua Step|p2a: Metagross
|-damage|p2a: Metagross|62/100
|-boost|p1a: Quaquaval|spe|1
|
|-heal|p2a: Metagross|68/100|[from] item: Leftovers
|upkeep
|turn|14
|
|t:|1779866702
|move|p1a: Quaquaval|Aqua Step|p2a: Metagross
|-damage|p2a: Metagross|41/100
|-boost|p1a: Quaquaval|spe|1
|move|p2a: Metagross|Knock Off|p1a: Quaquaval
|-resisted|p1a: Quaquaval
|-damage|p1a: Quaquaval|76/100
|-enditem|p1a: Quaquaval|Heavy-Duty Boots|[from] move: Knock Off|[of] p2a: Metagross
|
|-heal|p2a: Metagross|47/100|[from] item: Leftovers
|upkeep
|turn|15
|
|t:|1779866712
|move|p1a: Quaquaval|Aqua Step|p2a: Metagross
|-damage|p2a: Metagross|17/100
|-boost|p1a: Quaquaval|spe|1
|move|p2a: Metagross|Psychic Fangs|p1a: Quaquaval
|-supereffective|p1a: Quaquaval
|-damage|p1a: Quaquaval|0 fnt
|faint|p1a: Quaquaval
|
|-heal|p2a: Metagross|23/100|[from] item: Leftovers
|upkeep
|
|t:|1779866719
|switch|p1a: Dragonite|Dragonite, F|100/100
|turn|16
|
|t:|1779866725
|switch|p2a: Moltres|Moltres|97/100 par
|move|p1a: Dragonite|Dragon Dance|p1a: Dragonite
|-boost|p1a: Dragonite|atk|1
|-boost|p1a: Dragonite|spe|1
|
|upkeep
|turn|17
|
|t:|1779866731
|move|p1a: Dragonite|Outrage|p2a: Moltres
|-damage|p2a: Moltres|30/100 par
|move|p2a: Moltres|Roar|p1a: Dragonite
|drag|p1a: Regieleki|Regieleki|37/100
|
|upkeep
|turn|18
|
|t:|1779866745
|switch|p2a: Mamoswine|Mamoswine, F|100/100
|-damage|p2a: Mamoswine|88/100|[from] Stealth Rock
|move|p1a: Regieleki|Reflect|p1a: Regieleki
|-sidestart|p1: fongxgopi|Reflect
|
|upkeep
|turn|19
|
|t:|1779866770
|switch|p1a: Landorus|Landorus-Therian, M|25/100
|-ability|p1a: Landorus|Intimidate|boost
|-unboost|p2a: Mamoswine|atk|1
|move|p2a: Mamoswine|Ice Shard|p1a: Landorus
|-supereffective|p1a: Landorus
|-damage|p1a: Landorus|0 fnt
|faint|p1a: Landorus
|-damage|p2a: Mamoswine|78/100|[from] item: Life Orb
|
|upkeep
|
|t:|1779866772
|switch|p1a: Dragonite|Dragonite, F|100/100
|turn|20
|
|t:|1779866781
|switch|p2a: Moltres|Moltres|30/100 par
|-terastallize|p1a: Dragonite|Steel
|move|p1a: Dragonite|Dragon Dance|p1a: Dragonite
|-boost|p1a: Dragonite|atk|1
|-boost|p1a: Dragonite|spe|1
|
|upkeep
|turn|21
|
|t:|1779866789
|move|p1a: Dragonite|Iron Head|p2a: Moltres
|-resisted|p2a: Moltres
|-damage|p2a: Moltres|5/100 par
|move|p2a: Moltres|Roar|p1a: Dragonite
|drag|p1a: Regieleki|Regieleki|37/100
|
|upkeep
|turn|22
|
|t:|1779866795
|move|p1a: Regieleki|Light Screen|p1a: Regieleki
|-sidestart|p1: fongxgopi|move: Light Screen
|move|p2a: Moltres|Flamethrower|p1a: Regieleki
|-damage|p1a: Regieleki|9/100
|
|upkeep
|turn|23
|
|t:|1779866803
|switch|p1a: Dragonite|Dragonite, F, tera:Steel|100/100
|move|p2a: Moltres|Roost|p2a: Moltres
|-heal|p2a: Moltres|56/100 par
|-singleturn|p2a: Moltres|move: Roost
|
|upkeep
|turn|24
|
|t:|1779866807
|move|p1a: Dragonite|Outrage|p2a: Moltres
|-damage|p2a: Moltres|5/100 par
|-status|p1a: Dragonite|brn|[from] ability: Flame Body|[of] p2a: Moltres
|-enditem|p1a: Dragonite|Lum Berry|[eat]
|-curestatus|p1a: Dragonite|brn|[msg]
|move|p2a: Moltres|Roar|p1a: Dragonite
|drag|p1a: Regieleki|Regieleki|9/100
|
|upkeep
|turn|25
|
|t:|1779866817
|switch|p2a: Mamoswine|Mamoswine, F|78/100
|-damage|p2a: Mamoswine|66/100|[from] Stealth Rock
|move|p1a: Regieleki|Rapid Spin|p2a: Mamoswine
|-damage|p2a: Mamoswine|55/100
|-boost|p1a: Regieleki|spe|1
|
|-sideend|p1: fongxgopi|Reflect
|upkeep
|turn|26
|
|t:|1779866825
|move|p2a: Mamoswine|Ice Shard|p1a: Regieleki
|-damage|p1a: Regieleki|0 fnt
|faint|p1a: Regieleki
|-damage|p2a: Mamoswine|45/100|[from] item: Life Orb
|
|upkeep
|
|t:|1779866827
|switch|p1a: Dragonite|Dragonite, F, tera:Steel|100/100
|turn|27
|
|t:|1779866830
|move|p2a: Mamoswine|Ice Shard|p1a: Dragonite
|-resisted|p1a: Dragonite
|-damage|p1a: Dragonite|92/100
|-damage|p2a: Mamoswine|35/100|[from] item: Life Orb
|move|p1a: Dragonite|Dragon Dance|p1a: Dragonite
|-boost|p1a: Dragonite|atk|1
|-boost|p1a: Dragonite|spe|1
|
|upkeep
|turn|28
|
|t:|1779866833
|move|p1a: Dragonite|Iron Head|p2a: Mamoswine
|-supereffective|p2a: Mamoswine
|-damage|p2a: Mamoswine|0 fnt
|faint|p2a: Mamoswine
|
|upkeep
|
|t:|1779866867
|switch|p2a: Infernape|Infernape, M, tera:Grass|88/100
|-damage|p2a: Infernape|76/100|[from] Stealth Rock
|turn|29
|
|t:|1779866875
|move|p2a: Infernape|Flamethrower|p1a: Dragonite
|-supereffective|p1a: Dragonite
|-damage|p1a: Dragonite|49/100
|move|p1a: Dragonite|Outrage|p2a: Infernape
|-damage|p2a: Infernape|0 fnt
|faint|p2a: Infernape
|
|-sideend|p1: fongxgopi|move: Light Screen
|upkeep
|
|t:|1779866894
|switch|p2a: Moltres|Moltres|5/100 par
|turn|30
|
|t:|1779866898
|move|p1a: Dragonite|Outrage|p2a: Moltres|[from] lockedmove
|-damage|p2a: Moltres|0 fnt
|faint|p2a: Moltres
|-start|p1a: Dragonite|confusion|[fatigue]
|
|upkeep
|
|t:|1779866913
|switch|p2a: Metagross|Metagross|23/100
|-damage|p2a: Metagross|17/100|[from] Stealth Rock
|turn|31
|
|t:|1779866933
|-activate|p1a: Dragonite|confusion
|move|p1a: Dragonite|Earthquake|p2a: Metagross
|-supereffective|p2a: Metagross
|-damage|p2a: Metagross|0 fnt
|faint|p2a: Metagross
|
|upkeep
|
|t:|1779866936
|switch|p2a: Rillaboom|Rillaboom, F|37/100
|-damage|p2a: Rillaboom|24/100|[from] Stealth Rock
|-fieldstart|move: Grassy Terrain|[from] ability: Grassy Surge|[of] p2a: Rillaboom
|turn|32
|
|t:|1779866945
|-activate|p1a: Dragonite|confusion
|-damage|p1a: Dragonite|23/100|[from] confusion
|move|p2a: Rillaboom|Wood Hammer|p1a: Dragonite
|-resisted|p1a: Dragonite
|-damage|p1a: Dragonite|0 fnt
|faint|p1a: Dragonite
|-damage|p2a: Rillaboom|17/100|[from] Recoil
|
|win|miguelissussybaka
|raw|fongxgopi's rating: 1389 &rarr; <strong>1365</strong><br />(-24 for losing)
|raw|miguelissussybaka's rating: 1318 &rarr; <strong>1342</strong><br />(+24 for winning)
|c|☆miguelissussybaka|gg
|l|☆fongxgopi
|player|p1|
|l|☆miguelissussybaka
|player|p2|
