|j|☆6Nicolas7
|j|☆MASTEROFALLCREATE
|t:|1779868846
|gametype|singles
|player|p1|6Nicolas7|waitress-gen4|1136
|player|p2|MASTEROFALLCREATE|pokefan-gen4|1150
|gen|9
|tier|[Gen 9] OU
|rated|
|rule|HP Percentage Mod: HP is shown in percentages
|rule|Endless Battle Clause: Forcing endless battles is banned
|rule|Species Clause: Limit one of each Pokémon
|rule|OHKO Clause: OHKO moves are banned
|rule|Evasion Items Clause: Evasion items are banned
|rule|Evasion Moves Clause: Evasion moves are banned
|rule|Evasion Abilities Clause: Evasion abilities are banned
|rule|Sleep Moves Clause: Sleep-inducing moves are banned
|clearpoke
|poke|p1|Dragapult, M|
|poke|p1|Zapdos|
|poke|p1|Kingambit, M|
|poke|p1|Arcanine-Hisui, M|
|poke|p1|Ogerpon-Wellspring, F|
|poke|p1|Glimmora, F|
|poke|p2|Ambipom, F|
|poke|p2|Snorlax, F|
|poke|p2|Arboliva, M|
|poke|p2|Braviary, M|
|poke|p2|Porygon2|
|poke|p2|Dudunsparce-*, M|
|teampreview
|inactive|Battle timer is ON: inactive players will automatically lose when time's up. (requested by 6Nicolas7)
|
|t:|1779868856
|teamsize|p1|6
|teamsize|p2|6
|start
|switch|p1a: Glimmora|Glimmora, F|100/100
|switch|p2a: Ambipom|Ambipom, F|100/100
|-item|p1a: Glimmora|Air Balloon
|turn|1
|
|t:|1779868867
|switch|p2a: Porygon2|Porygon2|100/100
|-ability|p2a: Porygon2|Download|boost
|-boost|p2a: Porygon2|spa|1
|move|p1a: Glimmora|Sludge Bomb|p2a: Porygon2
|-damage|p2a: Porygon2|62/100
|-status|p2a: Porygon2|psn
|
|-damage|p2a: Porygon2|49/100 psn|[from] psn
|upkeep
|turn|2
|
|t:|1779868877
|move|p1a: Glimmora|Stealth Rock|p2a: Porygon2
|-sidestart|p2: MASTEROFALLCREATE|move: Stealth Rock
|move|p2a: Porygon2|Shadow Ball|p1a: Glimmora
|-damage|p1a: Glimmora|46/100
|-enditem|p1a: Glimmora|Air Balloon
|
|-damage|p2a: Porygon2|37/100 psn|[from] psn
|upkeep
|turn|3
|
|t:|1779868888
|move|p1a: Glimmora|Sludge Bomb|p2a: Porygon2
|-damage|p2a: Porygon2|4/100 psn
|move|p2a: Porygon2|Shadow Ball|p1a: Glimmora
|-damage|p1a: Glimmora|0 fnt
|faint|p1a: Glimmora
|
|-damage|p2a: Porygon2|0 fnt|[from] psn
|faint|p2a: Porygon2
|upkeep
|
|t:|1779868904
|switch|p1a: Dios Plan de Hisui|Arcanine-Hisui, M|100/100
|switch|p2a: Braviary|Braviary, M|100/100
|-ability|p1a: Dios Plan de Hisui|Intimidate|boost
|-unboost|p2a: Braviary|atk|1
|-ability|p2a: Braviary|Defiant|boost
|-boost|p2a: Braviary|atk|2
|turn|4
|
|t:|1779868920
|-terastallize|p2a: Braviary|Fighting
|move|p1a: Dios Plan de Hisui|Power Gem|p2a: Braviary
|-resisted|p2a: Braviary
|-damage|p2a: Braviary|83/100
|move|p2a: Braviary|Defog|p1a: Dios Plan de Hisui
|-unboost|p1a: Dios Plan de Hisui|evasion|1
|-sideend|p2: MASTEROFALLCREATE|Stealth Rock|[from] move: Defog|[of] p2a: Braviary
|
|upkeep
|turn|5
|
|t:|1779868934
|switch|p1a: KFC|Zapdos|100/100
|-ability|p1a: KFC|Pressure
|move|p2a: Braviary|Close Combat|p1a: KFC
|-resisted|p1a: KFC
|-damage|p1a: KFC|52/100
|-unboost|p2a: Braviary|def|1
|-unboost|p2a: Braviary|spd|1
|
|-heal|p1a: KFC|58/100|[from] item: Leftovers
|upkeep
|turn|6
|
|t:|1779868948
|switch|p2a: Arboliva|Arboliva, M|100/100
|move|p1a: KFC|Hurricane|p2a: Arboliva|[miss]
|-miss|p1a: KFC|p2a: Arboliva
|
|-heal|p1a: KFC|64/100|[from] item: Leftovers
|upkeep
|turn|7
|
|t:|1779868959
|move|p1a: KFC|Hurricane|p2a: Arboliva|[miss]
|-miss|p1a: KFC|p2a: Arboliva
|move|p2a: Arboliva|Hyper Voice|p1a: KFC
|-damage|p1a: KFC|14/100
|
|-heal|p1a: KFC|20/100|[from] item: Leftovers
|upkeep
|turn|8
|
|t:|1779868966
|move|p1a: KFC|Hurricane|p2a: Arboliva
|-supereffective|p2a: Arboliva
|-damage|p2a: Arboliva|50/100
|-fieldstart|move: Grassy Terrain|[from] ability: Seed Sower|[of] p2a: Arboliva
|move|p2a: Arboliva|Giga Drain|p1a: KFC
|-resisted|p1a: KFC
|-damage|p1a: KFC|0 fnt
|-heal|p2a: Arboliva|59/100|[from] drain|[of] p1a: KFC
|faint|p1a: KFC
|
|-heal|p2a: Arboliva|65/100|[from] Grassy Terrain
|upkeep
|
|t:|1779868979
|switch|p1a: Dios Plan de Hisui|Arcanine-Hisui, M|100/100
|-ability|p1a: Dios Plan de Hisui|Intimidate|boost
|-unboost|p2a: Arboliva|atk|1
|turn|9
|
|t:|1779868988
|switch|p2a: Dudunsparce|Dudunsparce, M|100/100
|move|p1a: Dios Plan de Hisui|Overheat|p2a: Dudunsparce
|-damage|p2a: Dudunsparce|40/100
|-unboost|p1a: Dios Plan de Hisui|spa|2
|
|-heal|p2a: Dudunsparce|46/100|[from] Grassy Terrain
|upkeep
|turn|10
|
|t:|1779868996
|move|p1a: Dios Plan de Hisui|Close Combat|p2a: Dudunsparce
|-supereffective|p2a: Dudunsparce
|-damage|p2a: Dudunsparce|0 fnt
|-unboost|p1a: Dios Plan de Hisui|def|1
|-unboost|p1a: Dios Plan de Hisui|spd|1
|-damage|p1a: Dios Plan de Hisui|84/100|[from] item: Rocky Helmet|[of] p2a: Dudunsparce
|faint|p2a: Dudunsparce
|
|-heal|p1a: Dios Plan de Hisui|90/100|[from] Grassy Terrain
|-heal|p1a: Dios Plan de Hisui|96/100|[from] item: Leftovers
|upkeep
|
|t:|1779869013
|switch|p2a: Ambipom|Ambipom, F|100/100
|turn|11
|l|☆6Nicolas7
|inactive|6Nicolas7 disconnected and has a minute to reconnect!
|player|p1|
|inactive|6Nicolas7 has 30 seconds to reconnect!
|inactive|6Nicolas7 has 20 seconds to reconnect!
|inactive|6Nicolas7 has 15 seconds to reconnect!
|inactive|6Nicolas7 has 10 seconds to reconnect!
|inactive|6Nicolas7 has 5 seconds to reconnect!
|-message|6Nicolas7 lost due to inactivity.
|
|win|MASTEROFALLCREATE
|raw|6Nicolas7's rating: 1136 &rarr; <strong>1112</strong><br />(-24 for losing)
|raw|MASTEROFALLCREATE's rating: 1150 &rarr; <strong>1174</strong><br />(+24 for winning)
|l|☆MASTEROFALLCREATE
|player|p2|
|j|☆MASTEROFALLCREATE
|player|p2|MASTEROFALLCREATE|pokefan-gen4|
