|j|☆fortnieter
|j|☆Senpai_4884
|t:|1779916652
|gametype|singles
|player|p1|fortnieter|lucas|1114
|player|p2|Senpai_4884|265|1114
|gen|9
|tier|[Gen 9] OU
|rated|
|rule|HP Percentage Mod: HP is shown in percentages
|rule|Endless Battle Clause: Forcing endless battles is banned
|rule|Species Clause: Limit one of each Pokémon
|rule|OHKO Clause: OHKO moves are banned
|rule|Evasion Items Clause: Evasion items are banned
|rule|Evasion Moves Clause: Evasion moves are banned
|rule|Evasion Abilities Clause: Evasion abilities are banned
|rule|Sleep Moves Clause: Sleep-inducing moves are banned
|clearpoke
|poke|p1|Torkoal, M|
|poke|p1|Magmortar, M|
|poke|p1|Uxie|
|poke|p1|Lilligant-Hisui, F|
|poke|p1|Slither Wing|
|poke|p1|Walking Wake|
|poke|p2|Great Tusk|
|poke|p2|Corviknight, F|
|poke|p2|Ninetales, F|
|poke|p2|Hatterene, F|
|poke|p2|Comfey, F|
|poke|p2|Goodra-Hisui, M|
|teampreview
|
|t:|1779916662
|teamsize|p1|6
|teamsize|p2|6
|start
|switch|p1a: Torkoal|Torkoal, M|100/100
|switch|p2a: Ninetales|Ninetales, F|100/100
|-weather|SunnyDay|[from] ability: Drought|[of] p2a: Ninetales
|turn|1
|inactive|Battle timer is ON: inactive players will automatically lose when time's up. (requested by fortnieter)
|inactive|Senpai_4884 has 120 seconds left.
|inactive|Senpai_4884 has 90 seconds left.
|
|t:|1779916741
|switch|p2a: Hatterene|Hatterene, F|100/100
|switch|p1a: Walking Wake|Walking Wake|100/100
|-activate|p1a: Walking Wake|ability: Protosynthesis
|-start|p1a: Walking Wake|protosynthesisspe
|
|-weather|SunnyDay|[upkeep]
|upkeep
|turn|2
|
|t:|1779916770
|move|p1a: Walking Wake|Flip Turn|p2a: Hatterene
|-damage|p2a: Hatterene|93/100
|
|t:|1779916773
|-end|p1a: Walking Wake|Protosynthesis|[silent]
|switch|p1a: Uxie|Uxie|100/100|[from] Flip Turn
|move|p2a: Hatterene|Giga Drain|p1a: Uxie
|-damage|p1a: Uxie|82/100
|-heal|p2a: Hatterene|100/100|[from] drain|[of] p1a: Uxie
|
|-weather|SunnyDay|[upkeep]
|-heal|p1a: Uxie|88/100|[from] item: Leftovers
|upkeep
|turn|3
|
|t:|1779916777
|move|p1a: Uxie|Knock Off|p2a: Hatterene
|-damage|p2a: Hatterene|84/100
|-enditem|p2a: Hatterene|Leftovers|[from] move: Knock Off|[of] p1a: Uxie
|move|p2a: Hatterene|Mystical Fire|p1a: Uxie
|-damage|p1a: Uxie|58/100
|-unboost|p1a: Uxie|spa|1
|
|-weather|SunnyDay|[upkeep]
|-heal|p1a: Uxie|65/100|[from] item: Leftovers
|upkeep
|turn|4
|
|t:|1779916801
|move|p1a: Uxie|U-turn|p2a: Hatterene
|-damage|p2a: Hatterene|71/100
|
|t:|1779916815
|switch|p1a: Magmortar|Magmortar, M, shiny|100/100|[from] U-turn
|move|p2a: Hatterene|Mystical Fire|p1a: Magmortar
|-resisted|p1a: Magmortar
|-damage|p1a: Magmortar|77/100
|-unboost|p1a: Magmortar|spa|1
|
|-weather|SunnyDay|[upkeep]
|upkeep
|turn|5
|inactive|Senpai_4884 has 120 seconds left.
|
|t:|1779916847
|switch|p2a: Goodra|Goodra-Hisui, M|100/100
|-terastallize|p1a: Magmortar|Fire
|move|p1a: Magmortar|Overheat|p2a: Goodra
|-damage|p2a: Goodra|55/100
|-unboost|p1a: Magmortar|spa|2
|
|-weather|SunnyDay|[upkeep]
|upkeep
|turn|6
|c|☆fortnieter|Play
|inactive|Senpai_4884 has 120 seconds left.
|
|t:|1779916868
|switch|p1a: Uxie|Uxie|65/100
|move|p2a: Goodra|Thunderbolt|p1a: Uxie
|-damage|p1a: Uxie|41/100
|
|-weather|SunnyDay|[upkeep]
|-heal|p1a: Uxie|48/100|[from] item: Leftovers
|upkeep
|turn|7
|inactive|Senpai_4884 has 90 seconds left.
|
|t:|1779916893
|move|p1a: Uxie|Knock Off|p2a: Goodra
|-damage|p2a: Goodra|42/100
|-enditem|p2a: Goodra|Assault Vest|[from] move: Knock Off|[of] p1a: Uxie
|move|p2a: Goodra|Flamethrower|p1a: Uxie
|-damage|p1a: Uxie|12/100
|
|-weather|SunnyDay|[upkeep]
|-heal|p1a: Uxie|19/100|[from] item: Leftovers
|upkeep
|turn|8
|
|t:|1779916899
|move|p1a: Uxie|Psychic Noise|p2a: Goodra
|-resisted|p2a: Goodra
|-damage|p2a: Goodra|33/100
|-start|p2a: Goodra|move: Heal Block
|move|p2a: Goodra|Flamethrower|p1a: Uxie
|-damage|p1a: Uxie|0 fnt
|faint|p1a: Uxie
|
|-weather|none
|upkeep
|
|t:|1779916904
|switch|p1a: Torkoal|Torkoal, M|100/100
|-weather|SunnyDay|[from] ability: Drought|[of] p1a: Torkoal
|turn|9
|inactive|Senpai_4884 has 90 seconds left.
|c|☆fortnieter|Dude
|
|t:|1779916947
|switch|p1a: Slither Wing|Slither Wing|100/100
|-activate|p1a: Slither Wing|ability: Protosynthesis
|-start|p1a: Slither Wing|protosynthesisatk
|move|p2a: Goodra|Thunderbolt|p1a: Slither Wing
|-damage|p1a: Slither Wing|84/100
|
|-weather|SunnyDay|[upkeep]
|-end|p2a: Goodra|move: Heal Block
|upkeep
|turn|10
|
|t:|1779916956
|move|p1a: Slither Wing|Earthquake|p2a: Goodra
|-supereffective|p2a: Goodra
|-damage|p2a: Goodra|0 fnt
|faint|p2a: Goodra
|
|-weather|SunnyDay|[upkeep]
|upkeep
|c|☆fortnieter|PLAY
|inactive|Senpai_4884 has 60 seconds left.
|
|t:|1779916988
|switch|p2a: Great Tusk|Great Tusk|100/100
|-activate|p2a: Great Tusk|ability: Protosynthesis
|-start|p2a: Great Tusk|protosynthesisatk
|turn|11
|
|t:|1779916999
|move|p2a: Great Tusk|Ice Spinner|p1a: Slither Wing
|-damage|p1a: Slither Wing|35/100
|move|p1a: Slither Wing|Close Combat|p2a: Great Tusk
|-damage|p2a: Great Tusk|44/100
|-unboost|p1a: Slither Wing|def|1
|-unboost|p1a: Slither Wing|spd|1
|
|-weather|SunnyDay|[upkeep]
|upkeep
|turn|12
|inactive|Senpai_4884 has 30 seconds left.
|
|t:|1779917038
|move|p2a: Great Tusk|Headlong Rush|p1a: Slither Wing
|-resisted|p1a: Slither Wing
|-damage|p1a: Slither Wing|0 fnt
|-unboost|p2a: Great Tusk|def|1
|-unboost|p2a: Great Tusk|spd|1
|faint|p1a: Slither Wing
|-end|p1a: Slither Wing|Protosynthesis|[silent]
|
|-weather|SunnyDay|[upkeep]
|upkeep
|
|t:|1779917044
|switch|p1a: Walking Wake|Walking Wake|100/100
|-activate|p1a: Walking Wake|ability: Protosynthesis
|-start|p1a: Walking Wake|protosynthesisspe
|turn|13
|
|t:|1779917049
|move|p1a: Walking Wake|Hydro Steam|p2a: Great Tusk
|-supereffective|p2a: Great Tusk
|-damage|p2a: Great Tusk|0 fnt
|faint|p2a: Great Tusk
|-end|p2a: Great Tusk|Protosynthesis|[silent]
|
|-weather|SunnyDay|[upkeep]
|upkeep
|inactive|Senpai_4884 has 30 seconds left.
|
|t:|1779917068
|switch|p2a: Hatterene|Hatterene, F|71/100
|turn|14
|
|t:|1779917073
|move|p1a: Walking Wake|Hydro Steam|p2a: Hatterene
|-damage|p2a: Hatterene|2/100
|move|p2a: Hatterene|Giga Drain|p1a: Walking Wake
|-damage|p1a: Walking Wake|72/100
|-heal|p2a: Hatterene|21/100|[from] drain|[of] p1a: Walking Wake
|
|-weather|SunnyDay|[upkeep]
|upkeep
|turn|15
|
|t:|1779917085
|move|p1a: Walking Wake|Hydro Steam|p2a: Hatterene
|-damage|p2a: Hatterene|0 fnt
|faint|p2a: Hatterene
|
|-weather|SunnyDay|[upkeep]
|upkeep
|inactive|Senpai_4884 has 30 seconds left.
|inactive|Senpai_4884 has 20 seconds left.
|inactive|Senpai_4884 has 15 seconds left.
|inactive|Senpai_4884 has 10 seconds left.
|inactive|Senpai_4884 has 5 seconds left.
|-message|Senpai_4884 lost due to inactivity.
|
|win|fortnieter
|raw|fortnieter's rating: 1114 &rarr; <strong>1139</strong><br />(+25 for winning)
|raw|Senpai_4884's rating: 1114 &rarr; <strong>1089</strong><br />(-25 for losing)
|l|☆fortnieter
|player|p1|
|l|☆Senpai_4884
|player|p2|
