|j|☆SpiritMunch
|j|☆chuckthebuck
|t:|1779888509
|gametype|singles
|player|p1|SpiritMunch|youngster|1148
|player|p2|chuckthebuck|101|1134
|gen|9
|tier|[Gen 9] OU
|rated|
|rule|HP Percentage Mod: HP is shown in percentages
|rule|Endless Battle Clause: Forcing endless battles is banned
|rule|Species Clause: Limit one of each Pokémon
|rule|OHKO Clause: OHKO moves are banned
|rule|Evasion Items Clause: Evasion items are banned
|rule|Evasion Moves Clause: Evasion moves are banned
|rule|Evasion Abilities Clause: Evasion abilities are banned
|rule|Sleep Moves Clause: Sleep-inducing moves are banned
|clearpoke
|poke|p1|Blissey, F|
|poke|p1|Iron Crown|
|poke|p1|Rhyperior, M|
|poke|p1|Shiftry, F|
|poke|p1|Heracross, F|
|poke|p1|Polteageist|
|poke|p2|Sableye, F|
|poke|p2|Kingambit, M|
|poke|p2|Great Tusk|
|poke|p2|Gholdengo|
|poke|p2|Dragapult, F|
|poke|p2|Clefable, F|
|teampreview
|inactive|Battle timer is ON: inactive players will automatically lose when time's up. (requested by SpiritMunch)
|
|t:|1779888517
|teamsize|p1|6
|teamsize|p2|6
|start
|switch|p1a: Shiftry|Shiftry, F|100/100
|switch|p2a: Sableye|Sableye, F|100/100
|turn|1
|
|t:|1779888525
|move|p2a: Sableye|Will-O-Wisp|p1a: Shiftry
|-hint|Since gen 7, Dark is immune to Prankster moves.
|-immune|p1a: Shiftry
|move|p1a: Shiftry|Swords Dance|p1a: Shiftry
|-boost|p1a: Shiftry|atk|2
|
|upkeep
|turn|2
|
|t:|1779888535
|move|p2a: Sableye|Taunt|p1a: Shiftry
|-hint|Since gen 7, Dark is immune to Prankster moves.
|-immune|p1a: Shiftry
|move|p1a: Shiftry|Swords Dance|p1a: Shiftry
|-boost|p1a: Shiftry|atk|2
|
|upkeep
|turn|3
|
|t:|1779888545
|switch|p2a: Great Tusk|Great Tusk|100/100
|move|p1a: Shiftry|Swords Dance|p1a: Shiftry
|-boost|p1a: Shiftry|atk|2
|
|upkeep
|turn|4
|
|t:|1779888553
|-terastallize|p1a: Shiftry|Grass
|move|p2a: Great Tusk|Ice Spinner|p1a: Shiftry
|-supereffective|p1a: Shiftry
|-damage|p1a: Shiftry|22/100
|-enditem|p1a: Shiftry|Sitrus Berry|[eat]
|-heal|p1a: Shiftry|47/100|[from] item: Sitrus Berry
|-enditem|p2a: Great Tusk|Heavy-Duty Boots|[silent]|[from] ability: Pickpocket|[of] p2a: Great Tusk
|-item|p1a: Shiftry|Heavy-Duty Boots|[from] ability: Pickpocket|[of] p2a: Great Tusk
|move|p1a: Shiftry|Leaf Blade|p2a: Great Tusk
|-supereffective|p2a: Great Tusk
|-damage|p2a: Great Tusk|0 fnt
|faint|p2a: Great Tusk
|-end|p2a: Great Tusk|Protosynthesis|[silent]
|
|upkeep
|
|t:|1779888572
|switch|p2a: Dragapult|Dragapult, F|100/100
|turn|5
|inactive|SpiritMunch has 120 seconds left.
|
|t:|1779888603
|move|p1a: Shiftry|Sucker Punch|p2a: Dragapult
|-supereffective|p2a: Dragapult
|-damage|p2a: Dragapult|0 fnt
|faint|p2a: Dragapult
|
|upkeep
|
|t:|1779888609
|switch|p2a: Kingambit|Kingambit, M|100/100
|-activate|p2a: Kingambit|ability: Supreme Overlord
|-start|p2a: Kingambit|fallen2|[silent]
|turn|6
|
|t:|1779888616
|move|p1a: Shiftry|Sucker Punch|p2a: Kingambit
|-resisted|p2a: Kingambit
|-damage|p2a: Kingambit|55/100
|move|p2a: Kingambit|Sucker Punch||[still]
|-fail|p2a: Kingambit
|
|upkeep
|turn|7
|
|t:|1779888625
|move|p1a: Shiftry|Leaf Blade|p2a: Kingambit
|-resisted|p2a: Kingambit
|-damage|p2a: Kingambit|0 fnt
|faint|p2a: Kingambit
|-end|p2a: Kingambit|fallen2|[silent]
|
|upkeep
|
|t:|1779888633
|switch|p2a: Gholdengo|Gholdengo|100/100
|turn|8
|inactive|SpiritMunch has 120 seconds left.
|
|t:|1779888668
|move|p1a: Shiftry|Sucker Punch||[still]
|-fail|p1a: Shiftry
|move|p2a: Gholdengo|Trick|p1a: Shiftry
|-activate|p2a: Gholdengo|move: Trick|[of] p1a: Shiftry
|-item|p1a: Shiftry|Choice Specs|[from] move: Trick
|-item|p2a: Gholdengo|Heavy-Duty Boots|[from] move: Trick
|
|upkeep
|turn|9
|
|t:|1779888678
|move|p2a: Gholdengo|Nasty Plot|p2a: Gholdengo
|-boost|p2a: Gholdengo|spa|2
|move|p1a: Shiftry|Knock Off|p2a: Gholdengo
|-supereffective|p2a: Gholdengo
|-damage|p2a: Gholdengo|0 fnt
|-enditem|p2a: Gholdengo|Heavy-Duty Boots|[from] move: Knock Off|[of] p1a: Shiftry
|faint|p2a: Gholdengo
|
|upkeep
|
|t:|1779888686
|switch|p2a: Clefable|Clefable, F|100/100
|turn|10
|
|t:|1779888697
|move|p1a: Shiftry|Knock Off|p2a: Clefable
|-resisted|p2a: Clefable
|-damage|p2a: Clefable|78/100
|-enditem|p2a: Clefable|Leftovers|[from] move: Knock Off|[of] p1a: Shiftry
|move|p2a: Clefable|Thunder Wave|p1a: Shiftry
|-status|p1a: Shiftry|par
|
|upkeep
|turn|11
|
|t:|1779888706
|switch|p1a: Rhyperior|Rhyperior, M|100/100
|move|p2a: Clefable|Calm Mind|p2a: Clefable
|-boost|p2a: Clefable|spa|1
|-boost|p2a: Clefable|spd|1
|
|upkeep
|turn|12
|
|t:|1779888714
|move|p2a: Clefable|Moonblast|p1a: Rhyperior
|-damage|p1a: Rhyperior|43/100
|move|p1a: Rhyperior|Rock Wrecker|p2a: Clefable|[miss]
|-miss|p1a: Rhyperior|p2a: Clefable
|
|upkeep
|turn|13
|
|t:|1779888721
|move|p2a: Clefable|Moonblast|p1a: Rhyperior
|-damage|p1a: Rhyperior|0 fnt
|faint|p1a: Rhyperior
|
|upkeep
|
|t:|1779888726
|switch|p1a: Iron Crown|Iron Crown|100/100
|turn|14
|
|t:|1779888734
|switch|p2a: Sableye|Sableye, F|100/100
|move|p1a: Iron Crown|Tachyon Cutter|p2a: Sableye
|-damage|p2a: Sableye|60/100
|-damage|p2a: Sableye|24/100
|-hitcount|p2a: Sableye|2
|
|upkeep
|turn|15
|
|t:|1779888744
|move|p2a: Sableye|Will-O-Wisp|p1a: Iron Crown
|-status|p1a: Iron Crown|brn
|move|p1a: Iron Crown|Tachyon Cutter|p2a: Sableye
|-damage|p2a: Sableye|0 fnt
|faint|p2a: Sableye
|-hitcount|p2: Sableye|1
|
|-damage|p1a: Iron Crown|94/100 brn|[from] brn
|upkeep
|
|t:|1779888754
|switch|p2a: Clefable|Clefable, F|78/100
|turn|16
|
|t:|1779888760
|move|p1a: Iron Crown|Tachyon Cutter|p2a: Clefable
|-supereffective|p2a: Clefable
|-damage|p2a: Clefable|45/100
|-supereffective|p2a: Clefable
|-damage|p2a: Clefable|13/100
|-hitcount|p2a: Clefable|2
|move|p2a: Clefable|Moonlight|p2a: Clefable
|-heal|p2a: Clefable|63/100
|
|-damage|p1a: Iron Crown|88/100 brn|[from] brn
|upkeep
|turn|17
|
|t:|1779888776
|move|p1a: Iron Crown|Tachyon Cutter|p2a: Clefable
|-supereffective|p2a: Clefable
|-damage|p2a: Clefable|29/100
|-supereffective|p2a: Clefable
|-damage|p2a: Clefable|0 fnt
|faint|p2a: Clefable
|-hitcount|p2: Clefable|2
|
|win|SpiritMunch
|raw|SpiritMunch's rating: 1148 &rarr; <strong>1172</strong><br />(+24 for winning)
|raw|chuckthebuck's rating: 1134 &rarr; <strong>1110</strong><br />(-24 for losing)
|l|☆chuckthebuck
|player|p2|
