|j|☆lousiv
|j|‽RadiantSol
|t:|1779944652
|gametype|singles
|player|p1|lousiv|ltsurge|1348
|player|p2|RadiantSol|flint|1314
|gen|9
|tier|[Gen 9] OU
|rated|
|rule|HP Percentage Mod: HP is shown in percentages
|rule|Endless Battle Clause: Forcing endless battles is banned
|rule|Species Clause: Limit one of each Pokémon
|rule|OHKO Clause: OHKO moves are banned
|rule|Evasion Items Clause: Evasion items are banned
|rule|Evasion Moves Clause: Evasion moves are banned
|rule|Evasion Abilities Clause: Evasion abilities are banned
|rule|Sleep Moves Clause: Sleep-inducing moves are banned
|clearpoke
|poke|p1|Enamorus-Therian, F|
|poke|p1|Ogerpon-Wellspring, F|
|poke|p1|Heatran, M|
|poke|p1|Gholdengo|
|poke|p1|Deoxys-Speed|
|poke|p1|Great Tusk|
|poke|p2|Espeon, F|
|poke|p2|Ninetales-Alola, F|
|poke|p2|Lanturn, F|
|poke|p2|Cyclizar, F|
|poke|p2|Skarmory, F|
|poke|p2|Muk-Alola, F|
|teampreview
|inactive|Battle timer is ON: inactive players will automatically lose when time's up. (requested by lousiv)
|inactive|RadiantSol also wants the timer to be on.
|
|t:|1779944675
|teamsize|p1|6
|teamsize|p2|6
|start
|switch|p1a: Heatran|Heatran, M|100/100
|switch|p2a: Muk|Muk-Alola, F|100/100
|turn|1
|
|t:|1779944680
|move|p1a: Heatran|Magma Storm|p2a: Muk
|-damage|p2a: Muk|74/100
|-activate|p2a: Muk|move: Magma Storm|[of] p1a: Heatran
|move|p2a: Muk|Knock Off|p1a: Heatran
|-damage|p1a: Heatran|69/100
|-enditem|p1a: Heatran|Leftovers|[from] move: Knock Off|[of] p2a: Muk
|
|-heal|p2a: Muk|80/100|[from] item: Black Sludge
|-damage|p2a: Muk|68/100|[from] move: Magma Storm|[partiallytrapped]
|upkeep
|turn|2
|
|t:|1779944687
|move|p2a: Muk|Protect|p2a: Muk
|-singleturn|p2a: Muk|Protect
|move|p1a: Heatran|Earth Power|p2a: Muk
|-activate|p2a: Muk|move: Protect
|
|-heal|p2a: Muk|74/100|[from] item: Black Sludge
|-damage|p2a: Muk|62/100|[from] move: Magma Storm|[partiallytrapped]
|upkeep
|turn|3
|l|‽RadiantSol
|inactive|RadiantSol disconnected and has a minute to reconnect!
|player|p2|
|j|‽RadiantSol
|inactive|RadiantSol reconnected and has 140 seconds left.
|player|p2|RadiantSol|flint|
|n|‽RadiantSol|radiantsol
|
|t:|1779944703
|move|p2a: Muk|Protect|p2a: Muk
|-singleturn|p2a: Muk|Protect
|move|p1a: Heatran|Earth Power|p2a: Muk
|-activate|p2a: Muk|move: Protect
|
|-heal|p2a: Muk|68/100|[from] item: Black Sludge
|-damage|p2a: Muk|56/100|[from] move: Magma Storm|[partiallytrapped]
|upkeep
|turn|4
|
|t:|1779944712
|move|p1a: Heatran|Earth Power|p2a: Muk
|-supereffective|p2a: Muk
|-damage|p2a: Muk|24/100
|move|p2a: Muk|Knock Off|p1a: Heatran
|-crit|p1a: Heatran
|-damage|p1a: Heatran|41/100
|
|-heal|p2a: Muk|30/100|[from] item: Black Sludge
|-damage|p2a: Muk|18/100|[from] move: Magma Storm|[partiallytrapped]
|upkeep
|turn|5
|
|t:|1779944719
|move|p2a: Muk|Protect|p2a: Muk
|-singleturn|p2a: Muk|Protect
|move|p1a: Heatran|Earth Power|p2a: Muk
|-activate|p2a: Muk|move: Protect
|
|-heal|p2a: Muk|24/100|[from] item: Black Sludge
|-damage|p2a: Muk|12/100|[from] move: Magma Storm|[partiallytrapped]
|upkeep
|turn|6
|
|t:|1779944730
|move|p2a: Muk|Shadow Sneak|p1a: Heatran
|-damage|p1a: Heatran|32/100
|move|p1a: Heatran|Earth Power|p2a: Muk
|-supereffective|p2a: Muk
|-damage|p2a: Muk|0 fnt
|faint|p2a: Muk
|
|upkeep
|
|t:|1779944741
|switch|p2a: Lanturn|Lanturn, F|100/100
|turn|7
|
|t:|1779944750
|switch|p1a: Ogerpon|Ogerpon-Wellspring, F|100/100
|move|p2a: Lanturn|Scald|p1a: Ogerpon
|-immune|p1a: Ogerpon|[from] ability: Water Absorb
|
|upkeep
|turn|8
|
|t:|1779944755
|switch|p2a: Cyclizar|Cyclizar, F|100/100
|move|p1a: Ogerpon|Knock Off|p2a: Cyclizar
|-damage|p2a: Cyclizar|46/100
|-enditem|p2a: Cyclizar|Assault Vest|[from] move: Knock Off|[of] p1a: Ogerpon
|
|upkeep
|turn|9
|
|t:|1779944762
|move|p2a: Cyclizar|U-turn|p1a: Ogerpon
|-supereffective|p1a: Ogerpon
|-damage|p1a: Ogerpon|57/100
|
|t:|1779944766
|switch|p2a: Lanturn|Lanturn, F|100/100|[from] U-turn
|move|p1a: Ogerpon|Spikes|p2a: Lanturn
|-sidestart|p2: RadiantSol|Spikes
|
|upkeep
|turn|10
|
|t:|1779944771
|move|p1a: Ogerpon|Knock Off|p2a: Lanturn
|-damage|p2a: Lanturn|55/100
|-enditem|p2a: Lanturn|Leftovers|[from] move: Knock Off|[of] p1a: Ogerpon
|move|p2a: Lanturn|Discharge|p1a: Ogerpon
|-damage|p1a: Ogerpon|32/100
|
|upkeep
|turn|11
|
|t:|1779944783
|move|p1a: Ogerpon|U-turn|p2a: Lanturn
|-damage|p2a: Lanturn|23/100
|
|t:|1779944800
|switch|p1a: Great Tusk|Great Tusk|100/100|[from] U-turn
|move|p2a: Lanturn|Discharge|p1a: Great Tusk
|-immune|p1a: Great Tusk
|
|upkeep
|turn|12
|
|t:|1779944812
|switch|p2a: Skarmory|Skarmory, F|100/100
|move|p1a: Great Tusk|Headlong Rush|p2a: Skarmory
|-immune|p2a: Skarmory
|
|upkeep
|turn|13
|
|t:|1779944818
|move|p1a: Great Tusk|Stealth Rock|p2a: Skarmory
|-sidestart|p2: RadiantSol|move: Stealth Rock
|move|p2a: Skarmory|Drill Peck|p1a: Great Tusk
|-supereffective|p1a: Great Tusk
|-damage|p1a: Great Tusk|68/100
|
|upkeep
|turn|14
|
|t:|1779944826
|move|p1a: Great Tusk|Ice Spinner|p2a: Skarmory
|-damage|p2a: Skarmory|82/100
|-damage|p1a: Great Tusk|52/100|[from] item: Rocky Helmet|[of] p2a: Skarmory
|move|p2a: Skarmory|Drill Peck|p1a: Great Tusk
|-supereffective|p1a: Great Tusk
|-damage|p1a: Great Tusk|17/100
|
|upkeep
|turn|15
|
|t:|1779944829
|-end|p1a: Great Tusk|Protosynthesis|[silent]
|switch|p1a: Ogerpon|Ogerpon-Wellspring, F|32/100
|move|p2a: Skarmory|Drill Peck|p1a: Ogerpon
|-supereffective|p1a: Ogerpon
|-damage|p1a: Ogerpon|0 fnt
|faint|p1a: Ogerpon
|
|upkeep
|
|t:|1779944830
|switch|p1a: Heatran|Heatran, M|32/100
|turn|16
|
|t:|1779944834
|switch|p2a: Lanturn|Lanturn, F|23/100
|-damage|p2a: Lanturn|11/100|[from] Spikes
|-damage|p2a: Lanturn|0 fnt|[from] Stealth Rock
|faint|p2a: Lanturn
|move|p1a: Heatran|Magma Storm|p2: Lanturn|[notarget]
|-fail|p1a: Heatran
|
|upkeep
|
|t:|1779944840
|switch|p2a: Cyclizar|Cyclizar, F|79/100
|-damage|p2a: Cyclizar|66/100|[from] Spikes
|-damage|p2a: Cyclizar|54/100|[from] Stealth Rock
|turn|17
|
|t:|1779944846
|move|p1a: Heatran|Protect|p1a: Heatran
|-singleturn|p1a: Heatran|Protect
|move|p2a: Cyclizar|Knock Off|p1a: Heatran
|-activate|p1a: Heatran|move: Protect
|
|upkeep
|turn|18
|
|t:|1779944850
|switch|p1a: Gholdengo|Gholdengo|100/100
|-item|p1a: Gholdengo|Air Balloon
|move|p2a: Cyclizar|Rapid Spin|p1a: Gholdengo
|-immune|p1a: Gholdengo
|
|upkeep
|turn|19
|
|t:|1779944853
|move|p2a: Cyclizar|Knock Off|p1a: Gholdengo
|-supereffective|p1a: Gholdengo
|-damage|p1a: Gholdengo|68/100
|-enditem|p1a: Gholdengo|Air Balloon
|move|p1a: Gholdengo|Thunder Wave|p2a: Cyclizar
|-status|p2a: Cyclizar|par
|
|upkeep
|turn|20
|
|t:|1779944858
|move|p1a: Gholdengo|Make It Rain|p2a: Cyclizar
|-damage|p2a: Cyclizar|0 fnt
|-unboost|p1a: Gholdengo|spa|1
|faint|p2a: Cyclizar
|
|upkeep
|
|t:|1779944863
|switch|p2a: Ninetales|Ninetales-Alola, F|100/100
|-damage|p2a: Ninetales|88/100|[from] Spikes
|-damage|p2a: Ninetales|64/100|[from] Stealth Rock
|-weather|Snowscape|[from] ability: Snow Warning|[of] p2a: Ninetales
|turn|21
|
|t:|1779944865
|move|p2a: Ninetales|Aurora Veil|p2a: Ninetales
|-sidestart|p2: RadiantSol|move: Aurora Veil
|move|p1a: Gholdengo|Make It Rain|p2a: Ninetales
|-supereffective|p2a: Ninetales
|-damage|p2a: Ninetales|0 fnt
|-unboost|p1a: Gholdengo|spa|1
|faint|p2a: Ninetales
|
|-weather|Snowscape|[upkeep]
|upkeep
|
|t:|1779944868
|switch|p2a: Espeon|Espeon, F|100/100
|-damage|p2a: Espeon|88/100|[from] Spikes
|-damage|p2a: Espeon|76/100|[from] Stealth Rock
|turn|22
|
|t:|1779944871
|switch|p1a: Heatran|Heatran, M|32/100
|move|p2a: Espeon|Substitute|p2a: Espeon
|-start|p2a: Espeon|Substitute
|-damage|p2a: Espeon|51/100
|
|-weather|Snowscape|[upkeep]
|upkeep
|turn|23
|
|t:|1779944874
|move|p2a: Espeon|Calm Mind|p2a: Espeon
|-boost|p2a: Espeon|spa|1
|-boost|p2a: Espeon|spd|1
|move|p1a: Heatran|Earth Power|p2a: Espeon
|-crit|p2a: Espeon
|-end|p2a: Espeon|Substitute
|
|-weather|Snowscape|[upkeep]
|upkeep
|turn|24
|
|t:|1779944881
|move|p2a: Espeon|Substitute|p2a: Espeon
|-start|p2a: Espeon|Substitute
|-damage|p2a: Espeon|27/100
|move|p1a: Heatran|Taunt|p2a: Espeon
|move|p2a: Espeon|Taunt|p1a: Heatran|[from] ability: Magic Bounce
|-start|p1a: Heatran|move: Taunt
|
|-weather|Snowscape|[upkeep]
|upkeep
|turn|25
|
|t:|1779944885
|move|p2a: Espeon|Calm Mind|p2a: Espeon
|-boost|p2a: Espeon|spa|1
|-boost|p2a: Espeon|spd|1
|move|p1a: Heatran|Magma Storm|p2a: Espeon
|-activate|p2a: Espeon|move: Substitute|[damage]
|
|-weather|none
|upkeep
|turn|26
|
|t:|1779944892
|move|p2a: Espeon|Calm Mind|p2a: Espeon
|-boost|p2a: Espeon|spa|1
|-boost|p2a: Espeon|spd|1
|move|p1a: Heatran|Magma Storm|p2a: Espeon
|-end|p2a: Espeon|Substitute
|
|upkeep
|turn|27
|
|t:|1779944896
|move|p2a: Espeon|Substitute|p2a: Espeon
|-start|p2a: Espeon|Substitute
|-damage|p2a: Espeon|2/100
|move|p1a: Heatran|Magma Storm|p2a: Espeon
|-activate|p2a: Espeon|move: Substitute|[damage]
|
|-end|p1a: Heatran|move: Taunt
|upkeep
|turn|28
|
|t:|1779944900
|-terastallize|p2a: Espeon|Fairy
|move|p2a: Espeon|Draining Kiss|p1a: Heatran
|-resisted|p1a: Heatran
|-damage|p1a: Heatran|20/100
|-heal|p2a: Espeon|16/100|[from] drain|[of] p1a: Heatran
|move|p1a: Heatran|Earth Power|p2a: Espeon
|-activate|p2a: Espeon|move: Substitute|[damage]
|
|-sideend|p2: RadiantSol|move: Aurora Veil
|upkeep
|turn|29
|
|t:|1779944913
|move|p2a: Espeon|Draining Kiss|p1a: Heatran
|-resisted|p1a: Heatran
|-damage|p1a: Heatran|7/100
|-heal|p2a: Espeon|30/100|[from] drain|[of] p1a: Heatran
|move|p1a: Heatran|Earth Power|p2a: Espeon
|-end|p2a: Espeon|Substitute
|
|upkeep
|turn|30
|
|t:|1779944918
|move|p2a: Espeon|Substitute|p2a: Espeon
|-start|p2a: Espeon|Substitute
|-damage|p2a: Espeon|5/100
|move|p1a: Heatran|Earth Power|p2a: Espeon
|-activate|p2a: Espeon|move: Substitute|[damage]
|
|upkeep
|turn|31
|
|t:|1779944923
|move|p2a: Espeon|Draining Kiss|p1a: Heatran
|-resisted|p1a: Heatran
|-damage|p1a: Heatran|0 fnt
|-heal|p2a: Espeon|12/100|[from] drain|[of] p1a: Heatran
|faint|p1a: Heatran
|
|upkeep
|
|t:|1779944925
|switch|p1a: Enamorus|Enamorus-Therian, F|100/100
|turn|32
|
|t:|1779944930
|move|p2a: Espeon|Draining Kiss|p1a: Enamorus
|-damage|p1a: Enamorus|25/100
|-heal|p2a: Espeon|85/100|[from] drain|[of] p1a: Enamorus
|move|p1a: Enamorus|Mystical Fire|p2a: Espeon
|-end|p2a: Espeon|Substitute
|
|-heal|p1a: Enamorus|31/100|[from] item: Leftovers
|upkeep
|turn|33
|
|t:|1779944938
|move|p2a: Espeon|Substitute|p2a: Espeon
|-start|p2a: Espeon|Substitute
|-damage|p2a: Espeon|60/100
|move|p1a: Enamorus|Draining Kiss|p2a: Espeon
|-activate|p2a: Espeon|move: Substitute|[damage]
|-heal|p1a: Enamorus|40/100|[from] drain|[of] p2a: Espeon
|
|-heal|p1a: Enamorus|46/100|[from] item: Leftovers
|upkeep
|turn|34
|
|t:|1779944941
|move|p2a: Espeon|Draining Kiss|p1a: Enamorus
|-damage|p1a: Enamorus|0 fnt
|-heal|p2a: Espeon|100/100|[from] drain|[of] p1a: Enamorus
|faint|p1a: Enamorus
|
|upkeep
|
|t:|1779944943
|switch|p1a: Gholdengo|Gholdengo|68/100
|turn|35
|
|t:|1779944948
|move|p2a: Espeon|Calm Mind|p2a: Espeon
|-boost|p2a: Espeon|spa|1
|-boost|p2a: Espeon|spd|1
|move|p1a: Gholdengo|Make It Rain|p2a: Espeon
|-supereffective|p2a: Espeon
|-end|p2a: Espeon|Substitute
|-unboost|p1a: Gholdengo|spa|1
|
|upkeep
|turn|36
|
|t:|1779944956
|switch|p1a: Great Tusk|Great Tusk|17/100
|move|p2a: Espeon|Substitute|p2a: Espeon
|-start|p2a: Espeon|Substitute
|-damage|p2a: Espeon|76/100
|
|upkeep
|turn|37
|
|t:|1779944960
|move|p2a: Espeon|Draining Kiss|p1a: Great Tusk
|-supereffective|p1a: Great Tusk
|-crit|p1a: Great Tusk
|-damage|p1a: Great Tusk|0 fnt
|-heal|p2a: Espeon|93/100|[from] drain|[of] p1a: Great Tusk
|faint|p1a: Great Tusk
|-end|p1a: Great Tusk|Protosynthesis|[silent]
|
|upkeep
|
|t:|1779944963
|switch|p1a: Gholdengo|Gholdengo|68/100
|turn|38
|
|t:|1779944966
|move|p2a: Espeon|Psyshock|p1a: Gholdengo
|-resisted|p1a: Gholdengo
|-damage|p1a: Gholdengo|27/100
|move|p1a: Gholdengo|Hex|p2a: Espeon
|-activate|p2a: Espeon|move: Substitute|[damage]
|
|upkeep
|turn|39
|
|t:|1779944969
|move|p2a: Espeon|Psyshock|p1a: Gholdengo
|-resisted|p1a: Gholdengo
|-damage|p1a: Gholdengo|0 fnt
|faint|p1a: Gholdengo
|
|upkeep
|
|t:|1779944972
|switch|p1a: Deoxys|Deoxys-Speed|100/100
|-ability|p1a: Deoxys|Pressure
|turn|40
|
|t:|1779944977
|move|p1a: Deoxys|Ice Beam|p2a: Espeon
|-end|p2a: Espeon|Substitute
|move|p2a: Espeon|Draining Kiss|p1a: Deoxys
|-damage|p1a: Deoxys|0 fnt
|-heal|p2a: Espeon|100/100|[from] drain|[of] p1a: Deoxys
|faint|p1a: Deoxys
|
|win|RadiantSol
|raw|lousiv's rating: 1348 &rarr; <strong>1326</strong><br />(-22 for losing)
|raw|RadiantSol's rating: 1314 &rarr; <strong>1336</strong><br />(+22 for winning)
|l|☆lousiv
|player|p1|
|l|‽RadiantSol
|player|p2|
