|j|☆THE_4STRO
|j|☆Mr.Why Kanto
|t:|1779883454
|gametype|singles
|player|p1|THE_4STRO|101|1090
|player|p2|Mr.Why Kanto|collector|1094
|gen|9
|tier|[Gen 9] OU
|rated|
|rule|HP Percentage Mod: HP is shown in percentages
|rule|Endless Battle Clause: Forcing endless battles is banned
|rule|Species Clause: Limit one of each Pokémon
|rule|OHKO Clause: OHKO moves are banned
|rule|Evasion Items Clause: Evasion items are banned
|rule|Evasion Moves Clause: Evasion moves are banned
|rule|Evasion Abilities Clause: Evasion abilities are banned
|rule|Sleep Moves Clause: Sleep-inducing moves are banned
|clearpoke
|poke|p1|Tyranitar, F|
|poke|p1|Gallade, M|
|poke|p1|Hawlucha, F|
|poke|p1|Lucario, M|
|poke|p1|Infernape, M|
|poke|p1|Pawmot, M|
|poke|p2|Porygon2|
|poke|p2|Lapras, M|
|poke|p2|Dragonite, F|
|poke|p2|Espeon, M|
|poke|p2|Scyther, M|
|poke|p2|Haunter, F|
|teampreview
|inactive|Battle timer is ON: inactive players will automatically lose when time's up. (requested by Mr.Why Kanto)
|
|t:|1779883467
|teamsize|p1|6
|teamsize|p2|6
|start
|switch|p1a: Hawlucha|Hawlucha, F|100/100
|switch|p2a: Scyther|Scyther, M|100/100
|turn|1
|
|t:|1779883474
|move|p2a: Scyther|Dual Wingbeat|p1a: Hawlucha
|-supereffective|p1a: Hawlucha
|-damage|p1a: Hawlucha|18/100
|-supereffective|p1a: Hawlucha
|-damage|p1a: Hawlucha|0 fnt
|faint|p1a: Hawlucha
|-hitcount|p1: Hawlucha|2
|
|upkeep
|
|t:|1779883483
|switch|p1a: Infernape|Infernape, M|100/100
|turn|2
|
|t:|1779883502
|switch|p2a: Lapras|Lapras, M|100/100
|move|p1a: Infernape|Flamethrower|p2a: Lapras
|-damage|p2a: Lapras|68/100
|
|upkeep
|turn|3
|
|t:|1779883515
|switch|p1a: Lucario|Lucario, M|100/100
|move|p2a: Lapras|Hydro Pump|p1a: Lucario
|-damage|p1a: Lucario|29/100
|
|upkeep
|turn|4
|
|t:|1779883528
|move|p1a: Lucario|Aura Sphere|p2a: Lapras
|-supereffective|p2a: Lapras
|-damage|p2a: Lapras|19/100
|move|p2a: Lapras|Hydro Pump|p1a: Lucario
|-damage|p1a: Lucario|0 fnt
|faint|p1a: Lucario
|
|upkeep
|
|t:|1779883536
|switch|p1a: Gallade|Gallade, M|100/100
|turn|5
|
|t:|1779883546
|move|p1a: Gallade|Psycho Cut|p2a: Lapras
|-damage|p2a: Lapras|0 fnt
|faint|p2a: Lapras
|
|upkeep
|inactive|Mr.Why Kanto has 120 seconds left.
|
|t:|1779883589
|switch|p2a: Scyther|Scyther, M|100/100
|turn|6
|
|t:|1779883599
|switch|p1a: Tyranitar|Tyranitar, F|100/100
|-weather|Sandstorm|[from] ability: Sand Stream|[of] p1a: Tyranitar
|move|p2a: Scyther|Dual Wingbeat|p1a: Tyranitar
|-resisted|p1a: Tyranitar
|-damage|p1a: Tyranitar|87/100
|-resisted|p1a: Tyranitar
|-damage|p1a: Tyranitar|75/100
|-hitcount|p1a: Tyranitar|2
|
|-weather|Sandstorm|[upkeep]
|-damage|p2a: Scyther|94/100|[from] Sandstorm
|upkeep
|turn|7
|inactive|Mr.Why Kanto has 120 seconds left.
|
|t:|1779883616
|move|p2a: Scyther|Brick Break|p1a: Tyranitar
|-supereffective|p1a: Tyranitar
|-damage|p1a: Tyranitar|0 fnt
|faint|p1a: Tyranitar
|
|-weather|Sandstorm|[upkeep]
|-damage|p2a: Scyther|88/100|[from] Sandstorm
|upkeep
|
|t:|1779883623
|switch|p1a: Infernape|Infernape, M|100/100
|turn|8
|inactive|Mr.Why Kanto has 120 seconds left.
|
|t:|1779883649
|move|p1a: Infernape|Flamethrower|p2a: Scyther
|-supereffective|p2a: Scyther
|-damage|p2a: Scyther|0 fnt
|faint|p2a: Scyther
|
|-weather|Sandstorm|[upkeep]
|-damage|p1a: Infernape|94/100|[from] Sandstorm
|upkeep
|
|t:|1779883661
|switch|p2a: Espeon|Espeon, M|100/100
|turn|9
|
|t:|1779883667
|move|p2a: Espeon|Psychic|p1a: Infernape
|-supereffective|p1a: Infernape
|-damage|p1a: Infernape|0 fnt
|faint|p1a: Infernape
|-damage|p2a: Espeon|91/100|[from] item: Life Orb
|
|-weather|Sandstorm|[upkeep]
|-damage|p2a: Espeon|85/100|[from] Sandstorm
|upkeep
|
|t:|1779883674
|switch|p1a: Pawmot|Pawmot, M|100/100
|turn|10
|
|t:|1779883680
|move|p2a: Espeon|Psychic|p1a: Pawmot
|-supereffective|p1a: Pawmot
|-damage|p1a: Pawmot|0 fnt
|faint|p1a: Pawmot
|-damage|p2a: Espeon|75/100|[from] item: Life Orb
|
|-weather|none
|upkeep
|
|t:|1779883686
|switch|p1a: Gallade|Gallade, M|100/100
|turn|11
|inactive|Mr.Why Kanto has 120 seconds left.
|
|t:|1779883697
|move|p2a: Espeon|Alluring Voice|p1a: Gallade
|-supereffective|p1a: Gallade
|-damage|p1a: Gallade|23/100
|-damage|p2a: Espeon|65/100|[from] item: Life Orb
|move|p1a: Gallade|Leaf Blade|p2a: Espeon
|-crit|p2a: Espeon
|-damage|p2a: Espeon|0 fnt
|faint|p2a: Espeon
|
|upkeep
|inactive|Mr.Why Kanto has 120 seconds left.
|
|t:|1779883706
|switch|p2a: Haunter|Haunter, F|100/100
|turn|12
|
|t:|1779883716
|move|p2a: Haunter|Dazzling Gleam|p1a: Gallade
|-supereffective|p1a: Gallade
|-damage|p1a: Gallade|0 fnt
|faint|p1a: Gallade
|-damage|p2a: Haunter|91/100|[from] item: Life Orb
|
|win|Mr.Why Kanto
|raw|THE_4STRO's rating: 1090 &rarr; <strong>1067</strong><br />(-23 for losing)
|raw|Mr.Why Kanto's rating: 1094 &rarr; <strong>1120</strong><br />(+26 for winning)
|l|☆Mr.Why Kanto
|player|p2|
|l|☆THE_4STRO
|player|p1|
