|j|☆noteze
|j|☆sawyerrja31
|t:|1779947193
|gametype|singles
|player|p1|noteze|101|1077
|player|p2|sawyerrja31|crasherwake|1072
|gen|9
|tier|[Gen 9] OU
|rated|
|rule|HP Percentage Mod: HP is shown in percentages
|rule|Endless Battle Clause: Forcing endless battles is banned
|rule|Species Clause: Limit one of each Pokémon
|rule|OHKO Clause: OHKO moves are banned
|rule|Evasion Items Clause: Evasion items are banned
|rule|Evasion Moves Clause: Evasion moves are banned
|rule|Evasion Abilities Clause: Evasion abilities are banned
|rule|Sleep Moves Clause: Sleep-inducing moves are banned
|clearpoke
|poke|p1|Garganacl, M|
|poke|p1|Cinderace, F|
|poke|p1|Walking Wake|
|poke|p1|Gliscor, M|
|poke|p1|Deoxys-Speed|
|poke|p1|Great Tusk|
|poke|p2|Maushold-Four|
|poke|p2|Hitmonchan, M|
|poke|p2|Hitmonlee, M|
|poke|p2|Krookodile, M|
|poke|p2|Azumarill, M|
|poke|p2|Regieleki|
|teampreview
|
|t:|1779947199
|teamsize|p1|6
|teamsize|p2|6
|start
|switch|p1a: my left ball|Deoxys-Speed|100/100
|switch|p2a: Mikey|Hitmonchan, M, shiny|100/100
|-ability|p1a: my left ball|Pressure
|turn|1
|
|t:|1779947207
|switch|p2a: Nixon|Krookodile, M|100/100
|-ability|p2a: Nixon|Intimidate|boost
|-unboost|p1a: my left ball|atk|1
|move|p1a: my left ball|Expanding Force|p2a: Nixon
|-immune|p2a: Nixon
|
|upkeep
|turn|2
|
|t:|1779947218
|switch|p1a: sss|Great Tusk|100/100
|move|p2a: Nixon|Earthquake|p1a: sss
|-damage|p1a: sss|72/100
|
|upkeep
|turn|3
|
|t:|1779947228
|switch|p2a: Mikey|Hitmonchan, M, shiny|100/100
|move|p1a: sss|Ice Spinner|p2a: Mikey
|-damage|p2a: Mikey|47/100
|
|upkeep
|turn|4
|
|t:|1779947239
|move|p2a: Mikey|Close Combat|p1a: sss
|-damage|p1a: sss|36/100
|-unboost|p2a: Mikey|def|1
|-unboost|p2a: Mikey|spd|1
|move|p1a: sss|Ice Spinner|p2a: Mikey
|-damage|p2a: Mikey|0 fnt
|faint|p2a: Mikey
|
|upkeep
|
|t:|1779947242
|switch|p2a: Azumarill|Azumarill, M, shiny|100/100
|turn|5
|
|t:|1779947262
|move|p1a: sss|Headlong Rush|p2a: Azumarill
|-damage|p2a: Azumarill|27/100
|-unboost|p1a: sss|def|1
|-unboost|p1a: sss|spd|1
|move|p2a: Azumarill|Waterfall|p1a: sss
|-supereffective|p1a: sss
|-damage|p1a: sss|0 fnt
|faint|p1a: sss
|-end|p1a: sss|Protosynthesis|[silent]
|
|-heal|p2a: Azumarill|34/100|[from] item: Leftovers
|upkeep
|
|t:|1779947277
|switch|p1a: rotating ballsack|Cinderace, F|100/100
|turn|6
|
|t:|1779947287
|move|p1a: rotating ballsack|U-turn|p2a: Azumarill
|-start|p1a: rotating ballsack|typechange|Bug|[from] ability: Libero
|-resisted|p2a: Azumarill
|-damage|p2a: Azumarill|7/100
|
|t:|1779947296
|switch|p1a: IM CRASHING OUT|Walking Wake|100/100|[from] U-turn
|-enditem|p1a: IM CRASHING OUT|Booster Energy
|-activate|p1a: IM CRASHING OUT|ability: Protosynthesis|[fromitem]
|-start|p1a: IM CRASHING OUT|protosynthesisspa
|move|p2a: Azumarill|Waterfall|p1a: IM CRASHING OUT
|-resisted|p1a: IM CRASHING OUT
|-damage|p1a: IM CRASHING OUT|87/100
|
|-heal|p2a: Azumarill|13/100|[from] item: Leftovers
|upkeep
|turn|7
|
|t:|1779947304
|move|p1a: IM CRASHING OUT|Hydro Steam|p2a: Azumarill
|-resisted|p2a: Azumarill
|-damage|p2a: Azumarill|0 fnt
|faint|p2a: Azumarill
|
|upkeep
|
|t:|1779947307
|switch|p2a: Regieleki|Regieleki|100/100
|-item|p2a: Regieleki|Air Balloon
|turn|8
|
|t:|1779947335
|move|p2a: Regieleki|Volt Switch|p1a: IM CRASHING OUT
|-damage|p1a: IM CRASHING OUT|44/100
|
|t:|1779947340
|switch|p2a: Maushold|Maushold-Four|100/100|[from] Volt Switch
|move|p1a: IM CRASHING OUT|Draco Meteor|p2a: Maushold
|-damage|p2a: Maushold|0 fnt
|-unboost|p1a: IM CRASHING OUT|spa|2
|faint|p2a: Maushold
|
|upkeep
|-message|sawyerrja31 forfeited.
|
|win|noteze
|raw|noteze's rating: 1077 &rarr; <strong>1105</strong><br />(+28 for winning)
|raw|sawyerrja31's rating: 1072 &rarr; <strong>1051</strong><br />(-21 for losing)
|l|☆sawyerrja31
|player|p2|
|l|☆noteze
|player|p1|
