|j|☆fregene97
|j|☆llr6236
|t:|1779811909
|gametype|singles
|player|p1|fregene97|169|1236
|player|p2|llr6236|allister|1211
|gen|9
|tier|[Gen 9] OU
|rated|
|rule|HP Percentage Mod: HP is shown in percentages
|rule|Endless Battle Clause: Forcing endless battles is banned
|rule|Species Clause: Limit one of each Pokémon
|rule|OHKO Clause: OHKO moves are banned
|rule|Evasion Items Clause: Evasion items are banned
|rule|Evasion Moves Clause: Evasion moves are banned
|rule|Evasion Abilities Clause: Evasion abilities are banned
|rule|Sleep Moves Clause: Sleep-inducing moves are banned
|clearpoke
|poke|p1|Zangoose, M|
|poke|p1|Haxorus, M|
|poke|p1|Ogerpon-Cornerstone, F|
|poke|p1|Iron Moth|
|poke|p1|Greninja-*, M|
|poke|p1|Hoopa-Unbound|
|poke|p2|Chandelure, F|
|poke|p2|Ceruledge, M|
|poke|p2|Oricorio-Sensu, F|
|poke|p2|Drifblim, M|
|poke|p2|Zoroark-Hisui, M|
|poke|p2|Dragapult, M|
|teampreview
|inactive|Battle timer is ON: inactive players will automatically lose when time's up. (requested by llr6236)
|
|t:|1779811922
|teamsize|p1|6
|teamsize|p2|6
|start
|switch|p1a: Greninja|Greninja, M|100/100
|switch|p2a: Houdini👻|Dragapult, M|100/100
|turn|1
|
|t:|1779811930
|-terastallize|p1a: Greninja|Water
|move|p2a: Houdini👻|U-turn|p1a: Greninja
|-damage|p1a: Greninja|49/100
|-damage|p2a: Houdini👻|91/100|[from] item: Life Orb
|
|t:|1779811938
|switch|p2a: Hot Air🎈|Drifblim, M|100/100|[from] U-turn
|move|p1a: Greninja|Dark Pulse|p2a: Hot Air🎈
|-supereffective|p2a: Hot Air🎈
|-damage|p2a: Hot Air🎈|27/100
|-damage|p1a: Greninja|39/100|[from] item: Life Orb
|
|upkeep
|turn|2
|
|t:|1779811944
|move|p1a: Greninja|Water Shuriken|p2a: Hot Air🎈
|-damage|p2a: Hot Air🎈|18/100
|-damage|p2a: Hot Air🎈|8/100
|-damage|p2a: Hot Air🎈|0 fnt
|faint|p2a: Hot Air🎈
|-ability|p1a: Greninja|Battle Bond|boost
|-boost|p1a: Greninja|atk|1
|-boost|p1a: Greninja|spa|1
|-boost|p1a: Greninja|spe|1
|-activate|p1a: Greninja|ability: Battle Bond
|-hitcount|p2: Hot Air🎈|3
|-damage|p1a: Greninja|29/100|[from] item: Life Orb
|
|upkeep
|
|t:|1779811953
|switch|p2a: Houdini👻|Dragapult, M|100/100
|turn|3
|
|t:|1779811955
|move|p1a: Greninja|Dark Pulse|p2a: Houdini👻
|-supereffective|p2a: Houdini👻
|-enditem|p2a: Houdini👻|Focus Sash
|-damage|p2a: Houdini👻|1/100
|replace|p2a: Illusion🎭|Zoroark-Hisui, M, shiny
|-end|p2a: Illusion🎭|Illusion
|-damage|p1a: Greninja|19/100|[from] item: Life Orb
|move|p2a: Illusion🎭|Hyper Voice|p1a: Greninja
|-damage|p1a: Greninja|0 fnt
|faint|p1a: Greninja
|
|upkeep
|
|t:|1779811960
|switch|p1a: Iron Moth|Iron Moth|100/100
|-enditem|p1a: Iron Moth|Booster Energy
|-activate|p1a: Iron Moth|ability: Quark Drive|[fromitem]
|-start|p1a: Iron Moth|quarkdrivespe
|turn|4
|
|t:|1779811968
|move|p1a: Iron Moth|Sludge Wave|p2a: Illusion🎭
|-resisted|p2a: Illusion🎭
|-damage|p2a: Illusion🎭|0 fnt
|faint|p2a: Illusion🎭
|
|upkeep
|
|t:|1779811977
|switch|p2a: Ghost Dancer🪭|Oricorio-Sensu, F|100/100
|turn|5
|
|t:|1779811981
|-terastallize|p2a: Ghost Dancer🪭|Ground
|move|p1a: Iron Moth|Sludge Wave|p2a: Ghost Dancer🪭
|-resisted|p2a: Ghost Dancer🪭
|-damage|p2a: Ghost Dancer🪭|61/100
|move|p2a: Ghost Dancer🪭|Quiver Dance|p2a: Ghost Dancer🪭
|-boost|p2a: Ghost Dancer🪭|spa|1
|-boost|p2a: Ghost Dancer🪭|spd|1
|-boost|p2a: Ghost Dancer🪭|spe|1
|
|-heal|p2a: Ghost Dancer🪭|67/100|[from] item: Leftovers
|upkeep
|turn|6
|
|t:|1779811989
|move|p1a: Iron Moth|Fiery Dance|p2a: Ghost Dancer🪭
|-damage|p2a: Ghost Dancer🪭|24/100
|-activate|p2a: Ghost Dancer🪭|ability: Dancer
|move|p2a: Ghost Dancer🪭|Fiery Dance|p1a: Iron Moth|[from] ability: Dancer
|-resisted|p1a: Iron Moth
|-damage|p1a: Iron Moth|80/100
|-boost|p2a: Ghost Dancer🪭|spa|1
|move|p2a: Ghost Dancer🪭|Revelation Dance|p1a: Iron Moth
|-supereffective|p1a: Iron Moth
|-damage|p1a: Iron Moth|0 fnt
|faint|p1a: Iron Moth
|-end|p1a: Iron Moth|Quark Drive|[silent]
|
|-heal|p2a: Ghost Dancer🪭|30/100|[from] item: Leftovers
|upkeep
|
|t:|1779811992
|switch|p1a: Haxorus|Haxorus, M|100/100
|-ability|p1a: Haxorus|Mold Breaker
|turn|7
|
|t:|1779812003
|move|p1a: Haxorus|First Impression|p2a: Ghost Dancer🪭
|-damage|p2a: Ghost Dancer🪭|0 fnt
|faint|p2a: Ghost Dancer🪭
|
|upkeep
|
|t:|1779812007
|switch|p2a: Houdini👻|Dragapult, M|91/100
|turn|8
|
|t:|1779812011
|switch|p1a: Zangoose|Zangoose, M|100/100
|move|p2a: Houdini👻|Dragon Darts|p1a: Zangoose
|-damage|p1a: Zangoose|37/100
|-anim|p2a: Houdini👻|Dragon Darts|p1a: Zangoose
|-damage|p1a: Zangoose|0 fnt
|faint|p1a: Zangoose
|-damage|p2a: Houdini👻|81/100|[from] item: Life Orb
|
|upkeep
|
|t:|1779812013
|switch|p1a: Hoopa|Hoopa-Unbound|100/100
|turn|9
|
|t:|1779812018
|move|p2a: Houdini👻|U-turn|p1a: Hoopa
|-supereffective|p1a: Hoopa
|-damage|p1a: Hoopa|0 fnt
|faint|p1a: Hoopa
|-damage|p2a: Houdini👻|71/100|[from] item: Life Orb
|
|t:|1779812021
|switch|p2a: Emo😎|Ceruledge, M|100/100|[from] U-turn
|
|upkeep
|
|t:|1779812026
|switch|p1a: Ogerpon|Ogerpon-Cornerstone, F|100/100
|turn|10
|
|t:|1779812032
|move|p2a: Emo😎|Endure|p2a: Emo😎
|-singleturn|p2a: Emo😎|move: Endure
|move|p1a: Ogerpon|Ivy Cudgel|p2a: Emo😎|[anim] Ivy Cudgel Rock
|-supereffective|p2a: Emo😎
|-crit|p2a: Emo😎
|-activate|p2a: Emo😎|move: Endure
|-damage|p2a: Emo😎|1/100
|-ability|p2a: Emo😎|Weak Armor|boost
|-unboost|p2a: Emo😎|def|1
|-boost|p2a: Emo😎|spe|2
|-enditem|p2a: Emo😎|Weakness Policy
|-boost|p2a: Emo😎|atk|2|[from] item: Weakness Policy
|-boost|p2a: Emo😎|spa|2|[from] item: Weakness Policy
|
|upkeep
|turn|11
|
|t:|1779812037
|move|p2a: Emo😎|Close Combat|p1a: Ogerpon
|-supereffective|p1a: Ogerpon
|-ability|p1a: Ogerpon|Sturdy
|-damage|p1a: Ogerpon|1/100
|-unboost|p2a: Emo😎|def|1
|-unboost|p2a: Emo😎|spd|1
|move|p1a: Ogerpon|Ivy Cudgel|p2a: Emo😎|[anim] Ivy Cudgel Rock
|-supereffective|p2a: Emo😎
|-damage|p2a: Emo😎|0 fnt
|faint|p2a: Emo😎
|
|upkeep
|
|t:|1779812040
|switch|p2a: Houdini👻|Dragapult, M|71/100
|turn|12
|
|t:|1779812042
|move|p2a: Houdini👻|Dragon Darts|p1a: Ogerpon
|-damage|p1a: Ogerpon|0 fnt
|faint|p1a: Ogerpon
|-damage|p2a: Houdini👻|61/100|[from] item: Life Orb
|
|upkeep
|
|t:|1779812044
|switch|p1a: Haxorus|Haxorus, M|100/100
|-ability|p1a: Haxorus|Mold Breaker
|turn|13
|
|t:|1779812047
|move|p2a: Houdini👻|Phantom Force||[still]
|-prepare|p2a: Houdini👻|Phantom Force
|move|p1a: Haxorus|Outrage|p2a: Houdini👻|[miss]
|-miss|p1a: Haxorus|p2a: Houdini👻
|
|upkeep
|turn|14
|
|t:|1779812050
|move|p2a: Houdini👻|Phantom Force|p1a: Haxorus|[from] lockedmove
|-damage|p1a: Haxorus|17/100
|-damage|p2a: Houdini👻|52/100|[from] item: Life Orb
|move|p1a: Haxorus|Outrage|p2a: Houdini👻
|-supereffective|p2a: Houdini👻
|-damage|p2a: Houdini👻|0 fnt
|faint|p2a: Houdini👻
|
|upkeep
|
|t:|1779812053
|switch|p2a: FromTheChandelier|Chandelure, F|100/100
|turn|15
|
|t:|1779812055
|move|p2a: FromTheChandelier|Shadow Ball|p1a: Haxorus
|-damage|p1a: Haxorus|0 fnt
|faint|p1a: Haxorus
|
|win|llr6236
|raw|fregene97's rating: 1259 &rarr; <strong>1231</strong><br />(-28 for losing)
|raw|llr6236's rating: 1211 &rarr; <strong>1239</strong><br />(+28 for winning)
|l|☆fregene97
|player|p1|
|l|☆llr6236
|player|p2|
