|j|☆Telek11
|j|☆anatuya
|t:|1779918434
|gametype|singles
|player|p1|Telek11|roxie|1086
|player|p2|anatuya|youngster-gen4dp|1104
|gen|9
|tier|[Gen 9] OU
|rated|
|rule|HP Percentage Mod: HP is shown in percentages
|rule|Endless Battle Clause: Forcing endless battles is banned
|rule|Species Clause: Limit one of each Pokémon
|rule|OHKO Clause: OHKO moves are banned
|rule|Evasion Items Clause: Evasion items are banned
|rule|Evasion Moves Clause: Evasion moves are banned
|rule|Evasion Abilities Clause: Evasion abilities are banned
|rule|Sleep Moves Clause: Sleep-inducing moves are banned
|clearpoke
|poke|p1|Virizion|
|poke|p1|Mimikyu, F|
|poke|p1|Toxapex, F|
|poke|p1|Clodsire, F|
|poke|p1|Reuniclus, M|
|poke|p1|Goodra-Hisui, M|
|poke|p2|Zamazenta-*|
|poke|p2|Ursaluna, F|
|poke|p2|Zangoose, M|
|poke|p2|Snorlax, M|
|poke|p2|Cyclizar, M|
|poke|p2|Slowbro, F|
|teampreview
|
|t:|1779918439
|teamsize|p1|6
|teamsize|p2|6
|start
|switch|p1a: Goodra|Goodra-Hisui, M|100/100
|switch|p2a: Slowbro|Slowbro, F|100/100
|-item|p1a: Goodra|Air Balloon
|turn|1
|
|t:|1779918450
|move|p1a: Goodra|Thunderbolt|p2a: Slowbro
|-supereffective|p2a: Slowbro
|-damage|p2a: Slowbro|38/100
|-enditem|p2a: Slowbro|Sitrus Berry|[eat]
|-heal|p2a: Slowbro|63/100|[from] item: Sitrus Berry
|move|p2a: Slowbro|Belly Drum|p2a: Slowbro
|-damage|p2a: Slowbro|13/100
|-setboost|p2a: Slowbro|atk|6|[from] move: Belly Drum
|
|upkeep
|turn|2
|
|t:|1779918464
|move|p1a: Goodra|Thunderbolt|p2a: Slowbro
|-supereffective|p2a: Slowbro
|-damage|p2a: Slowbro|0 fnt
|faint|p2a: Slowbro
|
|upkeep
|
|t:|1779918482
|switch|p2a: Cyclizar|Cyclizar, M|100/100
|turn|3
|
|t:|1779918487
|move|p2a: Cyclizar|Outrage|p1a: Goodra
|-damage|p1a: Goodra|49/100
|-ability|p1a: Goodra|Gooey
|-unboost|p2a: Cyclizar|spe|1
|-enditem|p1a: Goodra|Air Balloon
|move|p1a: Goodra|Draco Meteor|p2a: Cyclizar
|-supereffective|p2a: Cyclizar
|-damage|p2a: Cyclizar|0 fnt
|-unboost|p1a: Goodra|spa|2
|faint|p2a: Cyclizar
|
|upkeep
|
|t:|1779918504
|switch|p2a: Ursaluna|Ursaluna, F|100/100
|turn|4
|
|t:|1779918522
|move|p2a: Ursaluna|Belly Drum|p2a: Ursaluna
|-damage|p2a: Ursaluna|50/100
|-setboost|p2a: Ursaluna|atk|6|[from] move: Belly Drum
|-enditem|p2a: Ursaluna|Sitrus Berry|[eat]
|-heal|p2a: Ursaluna|75/100|[from] item: Sitrus Berry
|move|p1a: Goodra|Draco Meteor|p2a: Ursaluna
|-damage|p2a: Ursaluna|45/100
|-unboost|p1a: Goodra|spa|2
|
|upkeep
|turn|5
|
|t:|1779918535
|move|p2a: Ursaluna|Earthquake|p1a: Goodra
|-supereffective|p1a: Goodra
|-damage|p1a: Goodra|0 fnt
|faint|p1a: Goodra
|
|upkeep
|
|t:|1779918543
|switch|p1a: Virizion|Virizion, shiny|100/100
|turn|6
|
|t:|1779918550
|move|p1a: Virizion|Aura Sphere|p2a: Ursaluna
|-supereffective|p2a: Ursaluna
|-damage|p2a: Ursaluna|0 fnt
|faint|p2a: Ursaluna
|
|upkeep
|
|t:|1779918563
|switch|p2a: Snorlax|Snorlax, M|100/100
|turn|7
|
|t:|1779918569
|move|p1a: Virizion|Calm Mind|p1a: Virizion
|-boost|p1a: Virizion|spa|1
|-boost|p1a: Virizion|spd|1
|move|p2a: Snorlax|Zen Headbutt|p1a: Virizion
|-supereffective|p1a: Virizion
|-damage|p1a: Virizion|23/100
|
|upkeep
|turn|8
|
|t:|1779918582
|move|p1a: Virizion|Aura Sphere|p2a: Snorlax
|-supereffective|p2a: Snorlax
|-damage|p2a: Snorlax|30/100
|-enditem|p2a: Snorlax|Sitrus Berry|[eat]
|-heal|p2a: Snorlax|55/100|[from] item: Sitrus Berry
|move|p2a: Snorlax|Zen Headbutt|p1a: Virizion
|-supereffective|p1a: Virizion
|-damage|p1a: Virizion|0 fnt
|faint|p1a: Virizion
|
|upkeep
|
|t:|1779918593
|switch|p1a: Reuniclus|Reuniclus, M|100/100
|turn|9
|
|t:|1779918604
|move|p1a: Reuniclus|Calm Mind|p1a: Reuniclus
|-boost|p1a: Reuniclus|spa|1
|-boost|p1a: Reuniclus|spd|1
|move|p2a: Snorlax|Crunch|p1a: Reuniclus
|-supereffective|p1a: Reuniclus
|-damage|p1a: Reuniclus|44/100
|
|upkeep
|turn|10
|
|t:|1779918613
|-terastallize|p1a: Reuniclus|Psychic
|move|p2a: Snorlax|Crunch|p1a: Reuniclus
|-supereffective|p1a: Reuniclus
|-damage|p1a: Reuniclus|0 fnt
|faint|p1a: Reuniclus
|
|upkeep
|
|t:|1779918621
|switch|p1a: Mimikyu|Mimikyu, F, shiny|100/100
|turn|11
|
|t:|1779918632
|move|p1a: Mimikyu|Play Rough|p2a: Snorlax
|-damage|p2a: Snorlax|23/100
|move|p2a: Snorlax|Crunch|p1a: Mimikyu
|-activate|p1a: Mimikyu|ability: Disguise
|-damage|p1a: Mimikyu|100/100
|detailschange|p1a: Mimikyu|Mimikyu-Busted, F, shiny
|-damage|p1a: Mimikyu|88/100|[from] pokemon: Mimikyu-Busted
|
|-heal|p1a: Mimikyu|94/100|[from] item: Leftovers
|upkeep
|turn|12
|
|t:|1779918653
|switch|p2a: Zamazenta|Zamazenta|100/100
|-ability|p2a: Zamazenta|Dauntless Shield|boost
|-boost|p2a: Zamazenta|def|1
|move|p1a: Mimikyu|Play Rough|p2a: Zamazenta
|-supereffective|p2a: Zamazenta
|-damage|p2a: Zamazenta|59/100
|
|-heal|p2a: Zamazenta|65/100|[from] item: Leftovers
|-heal|p1a: Mimikyu|99/100|[from] item: Leftovers
|upkeep
|turn|13
|
|t:|1779918668
|move|p2a: Zamazenta|Crunch|p1a: Mimikyu
|-damage|p1a: Mimikyu|62/100
|move|p1a: Mimikyu|Play Rough|p2a: Zamazenta
|-supereffective|p2a: Zamazenta
|-damage|p2a: Zamazenta|29/100
|-unboost|p2a: Zamazenta|atk|1
|
|-heal|p2a: Zamazenta|36/100|[from] item: Leftovers
|-heal|p1a: Mimikyu|68/100|[from] item: Leftovers
|upkeep
|turn|14
|
|t:|1779918682
|move|p2a: Zamazenta|Crunch|p1a: Mimikyu
|-damage|p1a: Mimikyu|45/100
|move|p1a: Mimikyu|Play Rough|p2a: Zamazenta
|-supereffective|p2a: Zamazenta
|-damage|p2a: Zamazenta|0 fnt
|faint|p2a: Zamazenta
|
|-heal|p1a: Mimikyu|51/100|[from] item: Leftovers
|upkeep
|
|t:|1779918693
|switch|p2a: Zangoose|Zangoose, M|100/100
|turn|15
|
|t:|1779918698
|move|p1a: Mimikyu|Protect|p1a: Mimikyu
|-singleturn|p1a: Mimikyu|Protect
|move|p2a: Zangoose|Protect||[still]
|-fail|p2a: Zangoose
|
|-heal|p1a: Mimikyu|57/100|[from] item: Leftovers
|-status|p2a: Zangoose|tox|[from] item: Toxic Orb
|upkeep
|turn|16
|
|t:|1779918710
|move|p1a: Mimikyu|Wood Hammer|p2a: Zangoose
|-damage|p2a: Zangoose|37/100 tox
|-damage|p1a: Mimikyu|33/100|[from] Recoil
|move|p2a: Zangoose|Knock Off|p1a: Mimikyu
|-damage|p1a: Mimikyu|0 fnt
|-enditem|p1a: Mimikyu|Leftovers|[from] move: Knock Off|[of] p2a: Zangoose
|faint|p1a: Mimikyu
|
|-damage|p2a: Zangoose|31/100 tox|[from] psn
|upkeep
|
|t:|1779918721
|switch|p1a: Toxapex|Toxapex, F, shiny|100/100
|turn|17
|
|t:|1779918728
|move|p2a: Zangoose|Knock Off|p1a: Toxapex
|-damage|p1a: Toxapex|71/100
|-enditem|p1a: Toxapex|Leftovers|[from] move: Knock Off|[of] p2a: Zangoose
|move|p1a: Toxapex|Poison Jab|p2a: Zangoose
|-crit|p2a: Zangoose
|-damage|p2a: Zangoose|0 fnt
|faint|p2a: Zangoose
|
|upkeep
|
|t:|1779918738
|switch|p2a: Snorlax|Snorlax, M|23/100
|turn|18
|
|t:|1779918744
|move|p1a: Toxapex|Recover|p1a: Toxapex
|-heal|p1a: Toxapex|100/100
|move|p2a: Snorlax|Zen Headbutt|p1a: Toxapex
|-supereffective|p1a: Toxapex
|-damage|p1a: Toxapex|66/100
|
|upkeep
|turn|19
|
|t:|1779918752
|move|p1a: Toxapex|Toxic|p2a: Snorlax
|-immune|p2a: Snorlax|[from] ability: Immunity
|move|p2a: Snorlax|Zen Headbutt|p1a: Toxapex
|-supereffective|p1a: Toxapex
|-damage|p1a: Toxapex|30/100
|
|upkeep
|turn|20
|
|t:|1779918762
|move|p1a: Toxapex|Baneful Bunker|p1a: Toxapex
|-singleturn|p1a: Toxapex|move: Protect
|move|p2a: Snorlax|Belly Drum||[still]
|-fail|p2a: Snorlax
|
|upkeep
|turn|21
|
|t:|1779918771
|move|p1a: Toxapex|Recover|p1a: Toxapex
|-heal|p1a: Toxapex|80/100
|move|p2a: Snorlax|Zen Headbutt|p1a: Toxapex
|-supereffective|p1a: Toxapex
|-damage|p1a: Toxapex|46/100
|
|upkeep
|turn|22
|
|t:|1779918779
|move|p1a: Toxapex|Recover|p1a: Toxapex
|-heal|p1a: Toxapex|96/100
|move|p2a: Snorlax|Zen Headbutt|p1a: Toxapex
|-supereffective|p1a: Toxapex
|-damage|p1a: Toxapex|61/100
|
|upkeep
|turn|23
|
|t:|1779918790
|move|p1a: Toxapex|Baneful Bunker|p1a: Toxapex
|-singleturn|p1a: Toxapex|move: Protect
|move|p2a: Snorlax|Belly Drum||[still]
|-fail|p2a: Snorlax
|
|upkeep
|turn|24
|
|t:|1779918798
|move|p1a: Toxapex|Poison Jab|p2a: Snorlax
|-damage|p2a: Snorlax|7/100
|move|p2a: Snorlax|Crunch|p1a: Toxapex
|-damage|p1a: Toxapex|45/100
|-unboost|p1a: Toxapex|def|1
|
|upkeep
|turn|25
|
|t:|1779918808
|move|p1a: Toxapex|Poison Jab|p2a: Snorlax
|-damage|p2a: Snorlax|0 fnt
|faint|p2a: Snorlax
|
|win|Telek11
|raw|Telek11's rating: 1086 &rarr; <strong>1115</strong><br />(+29 for winning)
|raw|anatuya's rating: 1104 &rarr; <strong>1078</strong><br />(-26 for losing)
|l|☆anatuya
|player|p2|
|l|☆Telek11
|player|p1|
