|j|‽hjhbnmjh
|j|☆aortega21
|t:|1779972183
|gametype|singles
|player|p1|hjhbnmjh|102|1040
|player|p2|aortega21|102|1050
|gen|9
|tier|[Gen 9] OU
|rated|
|rule|HP Percentage Mod: HP is shown in percentages
|rule|Endless Battle Clause: Forcing endless battles is banned
|rule|Species Clause: Limit one of each Pokémon
|rule|OHKO Clause: OHKO moves are banned
|rule|Evasion Items Clause: Evasion items are banned
|rule|Evasion Moves Clause: Evasion moves are banned
|rule|Evasion Abilities Clause: Evasion abilities are banned
|rule|Sleep Moves Clause: Sleep-inducing moves are banned
|clearpoke
|poke|p1|Gliscor, M|
|poke|p1|Iron Valiant|
|poke|p1|Cinderace, F|
|poke|p1|Dondozo, M|
|poke|p1|Moltres-Galar|
|poke|p1|Slowking-Galar, M|
|poke|p2|Froslass, F|
|poke|p2|Gholdengo|
|poke|p2|Mimikyu, F|
|poke|p2|Ceruledge, F|
|poke|p2|Skeledirge, F|
|poke|p2|Dragapult, M|
|teampreview
|inactive|Battle timer is ON: inactive players will automatically lose when time's up. (requested by hjhbnmjh)
|
|t:|1779972194
|teamsize|p1|6
|teamsize|p2|6
|start
|switch|p1a: Gliscor|Gliscor, M|100/100
|switch|p2a: Froslass|Froslass, F|100/100
|turn|1
|
|t:|1779972205
|move|p1a: Gliscor|Protect|p1a: Gliscor
|-singleturn|p1a: Gliscor|Protect
|move|p2a: Froslass|Taunt|p1a: Gliscor
|-activate|p1a: Gliscor|move: Protect
|
|-status|p1a: Gliscor|tox|[from] item: Toxic Orb
|upkeep
|turn|2
|
|t:|1779972215
|switch|p1a: Slowking|Slowking-Galar, M|100/100
|move|p2a: Froslass|Taunt|p1a: Slowking
|-start|p1a: Slowking|move: Taunt
|
|upkeep
|turn|3
|
|t:|1779972225
|switch|p2a: Mimikyu|Mimikyu, F|100/100
|move|p1a: Slowking|Future Sight|p2a: Mimikyu
|-start|p1a: Slowking|move: Future Sight
|
|upkeep
|turn|4
|
|t:|1779972232
|switch|p1a: Gliscor|Gliscor, M|100/100 tox
|move|p2a: Mimikyu|Swords Dance|p2a: Mimikyu
|-boost|p2a: Mimikyu|atk|2
|
|upkeep
|turn|5
|
|t:|1779972239
|move|p2a: Mimikyu|Shadow Sneak|p1a: Gliscor
|-damage|p1a: Gliscor|63/100 tox
|-damage|p2a: Mimikyu|91/100|[from] item: Life Orb
|move|p1a: Gliscor|Knock Off|p2a: Mimikyu
|-activate|p2a: Mimikyu|ability: Disguise
|-damage|p2a: Mimikyu|91/100
|-enditem|p2a: Mimikyu|Life Orb|[from] move: Knock Off|[of] p1a: Gliscor
|detailschange|p2a: Mimikyu|Mimikyu-Busted, F
|-damage|p2a: Mimikyu|78/100|[from] pokemon: Mimikyu-Busted
|
|-end|p2a: Mimikyu|move: Future Sight
|-damage|p2a: Mimikyu|18/100
|-heal|p1a: Gliscor|75/100 tox|[from] ability: Poison Heal
|upkeep
|turn|6
|
|t:|1779972253
|switch|p1a: Dondozo|Dondozo, M|100/100
|move|p2a: Mimikyu|Shadow Sneak|p1a: Dondozo
|-damage|p1a: Dondozo|93/100
|
|-heal|p1a: Dondozo|99/100|[from] item: Leftovers
|upkeep
|turn|7
|
|t:|1779972261
|move|p2a: Mimikyu|Drain Punch|p1a: Dondozo
|-damage|p1a: Dondozo|90/100
|-heal|p2a: Mimikyu|28/100|[from] drain|[of] p1a: Dondozo
|move|p1a: Dondozo|Waterfall|p2a: Mimikyu
|-damage|p2a: Mimikyu|0 fnt
|faint|p2a: Mimikyu
|
|-heal|p1a: Dondozo|96/100|[from] item: Leftovers
|upkeep
|
|t:|1779972270
|switch|p2a: Froslass|Froslass, F|100/100
|turn|8
|
|t:|1779972280
|switch|p1a: Slowking|Slowking-Galar, M|100/100
|move|p2a: Froslass|Taunt|p1a: Slowking
|-start|p1a: Slowking|move: Taunt
|
|upkeep
|turn|9
|c|☆aortega21|sir switch a lot
|
|t:|1779972301
|move|p2a: Froslass|Spikes|p1a: Slowking
|-sidestart|p1: hjhbnmjh|Spikes
|move|p1a: Slowking|Future Sight|p2a: Froslass
|-start|p1a: Slowking|move: Future Sight
|
|upkeep
|turn|10
|
|t:|1779972309
|move|p2a: Froslass|Icy Wind|p1a: Slowking
|-damage|p1a: Slowking|87/100
|-unboost|p1a: Slowking|spe|1
|move|p1a: Slowking|Sludge Bomb|p2a: Froslass
|-resisted|p2a: Froslass
|-damage|p2a: Froslass|75/100
|-start|p1a: Slowking|Disable|Sludge Bomb|[from] ability: Cursed Body|[of] p2a: Froslass
|
|-end|p1a: Slowking|move: Taunt
|upkeep
|turn|11
|
|t:|1779972320
|move|p2a: Froslass|Destiny Bond|p2a: Froslass
|-singlemove|p2a: Froslass|Destiny Bond
|-prepare|p1a: Slowking|Chilly Reception|[premajor]
|move|p1a: Slowking|Chilly Reception|p1a: Slowking
|-weather|Snowscape
|
|t:|1779972327
|switch|p1a: Cinderace|Cinderace, F|100/100|[from] Chilly Reception
|
|-weather|Snowscape|[upkeep]
|-end|p2a: Froslass|move: Future Sight
|-damage|p2a: Froslass|1/100
|upkeep
|turn|12
|
|t:|1779972334
|move|p1a: Cinderace|U-turn|p2a: Froslass
|-start|p1a: Cinderace|typechange|Bug|[from] ability: Libero
|-resisted|p2a: Froslass
|-damage|p2a: Froslass|0 fnt
|faint|p2a: Froslass
|-activate|p2a: Froslass|move: Destiny Bond
|faint|p1a: Cinderace
|
|-weather|Snowscape|[upkeep]
|upkeep
|
|t:|1779972347
|switch|p1a: Moltres|Moltres-Galar|100/100
|switch|p2a: Skeledirge|Skeledirge, F|100/100
|turn|13
|
|t:|1779972354
|-terastallize|p2a: Skeledirge|Fairy
|move|p1a: Moltres|Nasty Plot|p1a: Moltres
|-boost|p1a: Moltres|spa|2
|move|p2a: Skeledirge|Torch Song|p1a: Moltres
|-damage|p1a: Moltres|74/100
|-boost|p2a: Skeledirge|spa|1
|
|-weather|Snowscape|[upkeep]
|upkeep
|turn|14
|
|t:|1779972365
|move|p1a: Moltres|Hurricane|p2a: Skeledirge|[miss]
|-miss|p1a: Moltres|p2a: Skeledirge
|move|p2a: Skeledirge|Torch Song|p1a: Moltres
|-damage|p1a: Moltres|37/100
|-boost|p2a: Skeledirge|spa|1
|-ability|p1a: Moltres|Berserk|boost
|-boost|p1a: Moltres|spa|1
|-enditem|p1a: Moltres|Sitrus Berry|[eat]
|-heal|p1a: Moltres|62/100|[from] item: Sitrus Berry
|
|-weather|Snowscape|[upkeep]
|upkeep
|turn|15
|
|t:|1779972377
|move|p1a: Moltres|Hurricane|p2a: Skeledirge
|-damage|p2a: Skeledirge|56/100
|move|p2a: Skeledirge|Torch Song|p1a: Moltres
|-crit|p1a: Moltres
|-damage|p1a: Moltres|0 fnt
|-boost|p2a: Skeledirge|spa|1
|faint|p1a: Moltres
|
|-weather|none
|upkeep
|
|t:|1779972388
|switch|p1a: Slowking|Slowking-Galar, M|100/100
|turn|16
|
|t:|1779972392
|-terastallize|p1a: Slowking|Fairy
|move|p2a: Skeledirge|Shadow Ball|p1a: Slowking
|-damage|p1a: Slowking|57/100
|move|p1a: Slowking|Sludge Bomb|p2a: Skeledirge
|-supereffective|p2a: Skeledirge
|-damage|p2a: Skeledirge|3/100
|-status|p2a: Skeledirge|psn
|
|-damage|p2a: Skeledirge|0 fnt|[from] psn
|faint|p2a: Skeledirge
|upkeep
|
|t:|1779972408
|switch|p2a: Gholdengo|Gholdengo|100/100
|-item|p2a: Gholdengo|Air Balloon
|turn|17
|
|t:|1779972415
|switch|p1a: Gliscor|Gliscor, M|75/100 tox
|move|p2a: Gholdengo|Make It Rain|p1a: Gliscor
|-damage|p1a: Gliscor|23/100 tox
|-unboost|p2a: Gholdengo|spa|1
|
|-heal|p1a: Gliscor|35/100 tox|[from] ability: Poison Heal
|upkeep
|turn|18
|
|t:|1779972427
|move|p1a: Gliscor|Protect|p1a: Gliscor
|-singleturn|p1a: Gliscor|Protect
|move|p2a: Gholdengo|Shadow Ball|p1a: Gliscor
|-activate|p1a: Gliscor|move: Protect
|
|-heal|p1a: Gliscor|48/100 tox|[from] ability: Poison Heal
|upkeep
|turn|19
|c|☆aortega21|do nothing but switch lmao
|
|t:|1779972438
|move|p2a: Gholdengo|Shadow Ball|p1a: Gliscor
|-damage|p1a: Gliscor|25/100 tox
|move|p1a: Gliscor|Swords Dance|p1a: Gliscor
|-boost|p1a: Gliscor|atk|2
|
|-heal|p1a: Gliscor|37/100 tox|[from] ability: Poison Heal
|upkeep
|turn|20
|
|t:|1779972446
|move|p2a: Gholdengo|Nasty Plot|p2a: Gholdengo
|-boost|p2a: Gholdengo|spa|2
|move|p1a: Gliscor|Knock Off|p2a: Gholdengo
|-supereffective|p2a: Gholdengo
|-damage|p2a: Gholdengo|3/100
|-enditem|p2a: Gholdengo|Air Balloon
|
|-heal|p1a: Gliscor|50/100 tox|[from] ability: Poison Heal
|upkeep
|turn|21
|
|t:|1779972460
|switch|p1a: Dondozo|Dondozo, M|96/100
|-damage|p1a: Dondozo|83/100|[from] Spikes
|move|p2a: Gholdengo|Make It Rain|p1a: Dondozo
|-resisted|p1a: Dondozo
|-damage|p1a: Dondozo|55/100
|-unboost|p2a: Gholdengo|spa|1
|
|-heal|p1a: Dondozo|61/100|[from] item: Leftovers
|upkeep
|turn|22
|
|t:|1779972473
|move|p2a: Gholdengo|Shadow Ball|p1a: Dondozo
|-damage|p1a: Dondozo|18/100
|move|p1a: Dondozo|Waterfall|p2a: Gholdengo
|-damage|p2a: Gholdengo|0 fnt
|faint|p2a: Gholdengo
|
|-heal|p1a: Dondozo|24/100|[from] item: Leftovers
|upkeep
|c|☆aortega21|loser shit
|
|t:|1779972487
|switch|p2a: Dragapult|Dragapult, M|100/100
|turn|23
|
|t:|1779972492
|move|p2a: Dragapult|Shadow Ball|p1a: Dondozo
|-damage|p1a: Dondozo|0 fnt
|faint|p1a: Dondozo
|
|upkeep
|
|t:|1779972498
|switch|p1a: Slowking|Slowking-Galar, M, tera:Fairy|90/100
|turn|24
|
|t:|1779972515
|move|p2a: Dragapult|U-turn|p1a: Slowking
|-resisted|p1a: Slowking
|-damage|p1a: Slowking|81/100
|inactive|aortega21 has 120 seconds left.
|inactive|aortega21 has 90 seconds left.
|inactive|aortega21 has 60 seconds left.
|
|t:|1779972616
|switch|p2a: Ceruledge|Ceruledge, F|100/100|[from] U-turn
|move|p1a: Slowking|Future Sight|p2a: Ceruledge
|-start|p1a: Slowking|move: Future Sight
|
|upkeep
|turn|25
|inactive|aortega21 has 30 seconds left.
|
|t:|1779972637
|move|p2a: Ceruledge|Bitter Blade|p1a: Slowking
|-damage|p1a: Slowking|24/100
|-damage|p2a: Ceruledge|91/100|[from] item: Life Orb
|-prepare|p1a: Slowking|Chilly Reception|[premajor]
|move|p1a: Slowking|Chilly Reception|p1a: Slowking
|-weather|Snowscape
|
|t:|1779972647
|switch|p1a: Iron Valiant|Iron Valiant|100/100|[from] Chilly Reception
|-damage|p1a: Iron Valiant|88/100|[from] Spikes
|-enditem|p1a: Iron Valiant|Booster Energy
|-activate|p1a: Iron Valiant|ability: Quark Drive|[fromitem]
|-start|p1a: Iron Valiant|quarkdrivespe
|
|-weather|Snowscape|[upkeep]
|upkeep
|turn|26
|
|t:|1779972657
|move|p1a: Iron Valiant|Shadow Ball|p2a: Ceruledge
|-supereffective|p2a: Ceruledge
|-damage|p2a: Ceruledge|31/100
|move|p2a: Ceruledge|Bitter Blade|p1a: Iron Valiant
|-damage|p1a: Iron Valiant|17/100
|-heal|p2a: Ceruledge|66/100|[from] drain|[of] p1a: Iron Valiant
|-damage|p2a: Ceruledge|57/100|[from] item: Life Orb
|
|-weather|Snowscape|[upkeep]
|-end|p2a: Ceruledge|move: Future Sight
|-damage|p2a: Ceruledge|4/100
|upkeep
|turn|27
|
|t:|1779972671
|move|p2a: Ceruledge|Shadow Sneak|p1a: Iron Valiant
|-damage|p1a: Iron Valiant|0 fnt
|faint|p1a: Iron Valiant
|-end|p1a: Iron Valiant|Quark Drive|[silent]
|-damage|p2a: Ceruledge|0 fnt|[from] item: Life Orb
|faint|p2a: Ceruledge
|
|-weather|Snowscape|[upkeep]
|upkeep
|
|t:|1779972679
|switch|p1a: Slowking|Slowking-Galar, M, tera:Fairy|57/100
|switch|p2a: Dragapult|Dragapult, M|100/100
|turn|28
|inactive|aortega21 has 30 seconds left.
|inactive|aortega21 has 20 seconds left.
|inactive|aortega21 has 15 seconds left.
|inactive|aortega21 has 10 seconds left.
|inactive|aortega21 has 5 seconds left.
|
|t:|1779972726
|move|p2a: Dragapult|Shadow Ball|p1a: Slowking
|-damage|p1a: Slowking|35/100
|move|p1a: Slowking|Thunder Wave|p2a: Dragapult|[miss]
|-miss|p1a: Slowking|p2a: Dragapult
|
|-weather|Snowscape|[upkeep]
|upkeep
|turn|29
|inactive|aortega21 has 15 seconds left this turn.
|inactive|aortega21 has 10 seconds left.
|
|t:|1779972735
|move|p2a: Dragapult|Flamethrower|p1a: Slowking
|-damage|p1a: Slowking|19/100
|move|p1a: Slowking|Thunder Wave|p2a: Dragapult
|-status|p2a: Dragapult|par
|
|-weather|none
|upkeep
|turn|30
|inactive|aortega21 has 20 seconds left this turn.
|inactive|aortega21 has 15 seconds left.
|inactive|aortega21 has 10 seconds left.
|
|t:|1779972746
|switch|p1a: Gliscor|Gliscor, M|50/100 tox
|move|p2a: Dragapult|Flamethrower|p1a: Gliscor
|-damage|p1a: Gliscor|26/100 tox
|
|-heal|p1a: Gliscor|39/100 tox|[from] ability: Poison Heal
|upkeep
|turn|31
|inactive|aortega21 has 20 seconds left this turn.
|inactive|aortega21 has 15 seconds left.
|
|t:|1779972755
|move|p1a: Gliscor|Protect|p1a: Gliscor
|-singleturn|p1a: Gliscor|Protect
|move|p2a: Dragapult|Shadow Ball|p1a: Gliscor
|-activate|p1a: Gliscor|move: Protect
|
|-heal|p1a: Gliscor|51/100 tox|[from] ability: Poison Heal
|upkeep
|turn|32
|inactive|aortega21 has 25 seconds left this turn.
|inactive|aortega21 has 20 seconds left.
|
|t:|1779972764
|move|p1a: Gliscor|Knock Off|p2a: Dragapult
|-supereffective|p2a: Dragapult
|-damage|p2a: Dragapult|46/100 par
|-enditem|p2a: Dragapult|Leftovers|[from] move: Knock Off|[of] p1a: Gliscor
|move|p2a: Dragapult|Shadow Ball|p1a: Gliscor
|-damage|p1a: Gliscor|20/100 tox
|
|-heal|p1a: Gliscor|33/100 tox|[from] ability: Poison Heal
|upkeep
|turn|33
|inactive|aortega21 has 30 seconds left this turn.
|inactive|aortega21 has 20 seconds left.
|
|t:|1779972777
|move|p1a: Gliscor|Protect|p1a: Gliscor
|-singleturn|p1a: Gliscor|Protect
|move|p2a: Dragapult|U-turn|p1a: Gliscor
|-activate|p1a: Gliscor|move: Protect
|
|-heal|p1a: Gliscor|45/100 tox|[from] ability: Poison Heal
|upkeep
|turn|34
|inactive|aortega21 has 30 seconds left this turn.
|
|t:|1779972785
|move|p1a: Gliscor|Knock Off|p2a: Dragapult
|-supereffective|p2a: Dragapult
|-damage|p2a: Dragapult|5/100 par
|move|p2a: Dragapult|Shadow Ball|p1a: Gliscor
|-damage|p1a: Gliscor|15/100 tox
|
|-heal|p1a: Gliscor|27/100 tox|[from] ability: Poison Heal
|upkeep
|turn|35
|inactive|aortega21 has 30 seconds left.
|
|t:|1779972794
|move|p1a: Gliscor|Knock Off|p2a: Dragapult
|-supereffective|p2a: Dragapult
|-crit|p2a: Dragapult
|-damage|p2a: Dragapult|0 fnt
|faint|p2a: Dragapult
|
|win|hjhbnmjh
