|j|☆ilikefries
|j|‽RadiantSol
|t:|1779947401
|gametype|singles
|player|p1|ilikefries|2|1265
|player|p2|RadiantSol|flint|1319
|gen|9
|tier|[Gen 9] OU
|rated|
|rule|HP Percentage Mod: HP is shown in percentages
|rule|Endless Battle Clause: Forcing endless battles is banned
|rule|Species Clause: Limit one of each Pokémon
|rule|OHKO Clause: OHKO moves are banned
|rule|Evasion Items Clause: Evasion items are banned
|rule|Evasion Moves Clause: Evasion moves are banned
|rule|Evasion Abilities Clause: Evasion abilities are banned
|rule|Sleep Moves Clause: Sleep-inducing moves are banned
|clearpoke
|poke|p1|Hoopa|
|poke|p1|Cinderace, M|
|poke|p1|Mandibuzz, F|
|poke|p1|Kyurem|
|poke|p1|Ting-Lu|
|poke|p1|Manaphy|
|poke|p2|Espeon, F|
|poke|p2|Ninetales-Alola, F|
|poke|p2|Lanturn, F|
|poke|p2|Cyclizar, F|
|poke|p2|Skarmory, F|
|poke|p2|Muk-Alola, F|
|teampreview
|inactive|Battle timer is ON: inactive players will automatically lose when time's up. (requested by ilikefries)
|
|t:|1779947418
|teamsize|p1|6
|teamsize|p2|6
|start
|switch|p1a: Ting-Lucifer|Ting-Lu|100/100
|switch|p2a: Cyclizar|Cyclizar, F|100/100
|-ability|p1a: Ting-Lucifer|Vessel of Ruin
|turn|1
|
|t:|1779947434
|move|p2a: Cyclizar|Knock Off|p1a: Ting-Lucifer
|-resisted|p1a: Ting-Lucifer
|-damage|p1a: Ting-Lucifer|94/100
|-enditem|p1a: Ting-Lucifer|Weakness Policy|[from] move: Knock Off|[of] p2a: Cyclizar
|move|p1a: Ting-Lucifer|Earthquake|p2a: Cyclizar
|-crit|p2a: Cyclizar
|-damage|p2a: Cyclizar|0 fnt
|faint|p2a: Cyclizar
|
|upkeep
|inactive|RadiantSol has 120 seconds left.
|
|t:|1779947464
|switch|p2a: Skarmory|Skarmory, F|100/100
|turn|2
|
|t:|1779947475
|switch|p1a: Cinderace|Cinderace, M|100/100
|move|p2a: Skarmory|Taunt|p1a: Cinderace
|-start|p1a: Cinderace|move: Taunt
|
|upkeep
|turn|3
|
|t:|1779947483
|switch|p2a: Lanturn|Lanturn, F|100/100
|move|p1a: Cinderace|U-turn|p2a: Lanturn
|-start|p1a: Cinderace|typechange|Bug|[from] ability: Libero
|-damage|p2a: Lanturn|61/100
|
|t:|1779947486
|switch|p1a: Hoopa|Hoopa|100/100|[from] U-turn
|
|-heal|p2a: Lanturn|67/100|[from] item: Leftovers
|upkeep
|turn|4
|
|t:|1779947492
|move|p2a: Lanturn|Protect|p2a: Lanturn
|-singleturn|p2a: Lanturn|Protect
|move|p1a: Hoopa|Substitute|p1a: Hoopa
|-start|p1a: Hoopa|Substitute
|-damage|p1a: Hoopa|76/100
|
|-heal|p2a: Lanturn|73/100|[from] item: Leftovers
|upkeep
|turn|5
|
|t:|1779947499
|move|p1a: Hoopa|Calm Mind|p1a: Hoopa
|-boost|p1a: Hoopa|spa|1
|-boost|p1a: Hoopa|spd|1
|move|p2a: Lanturn|Flip Turn|p1a: Hoopa
|-crit|p1a: Hoopa
|-end|p1a: Hoopa|Substitute
|
|t:|1779947502
|switch|p2a: Ninetales|Ninetales-Alola, F|100/100|[from] Flip Turn
|-weather|Snowscape|[from] ability: Snow Warning|[of] p2a: Ninetales
|
|-weather|Snowscape|[upkeep]
|upkeep
|turn|6
|
|t:|1779947508
|move|p2a: Ninetales|Encore|p1a: Hoopa
|-start|p1a: Hoopa|Encore
|move|p1a: Hoopa|Calm Mind|p1a: Hoopa
|-boost|p1a: Hoopa|spa|1
|-boost|p1a: Hoopa|spd|1
|
|-weather|Snowscape|[upkeep]
|upkeep
|turn|7
|
|t:|1779947515
|switch|p2a: Muk|Muk-Alola, F|100/100
|switch|p1a: Cinderace|Cinderace, M|100/100
|
|-weather|Snowscape|[upkeep]
|upkeep
|turn|8
|
|t:|1779947520
|move|p1a: Cinderace|Pyro Ball|p2a: Muk
|-damage|p2a: Muk|22/100
|move|p2a: Muk|Knock Off|p1a: Cinderace
|-damage|p1a: Cinderace|47/100
|-enditem|p1a: Cinderace|Charcoal|[from] move: Knock Off|[of] p2a: Muk
|
|-weather|Snowscape|[upkeep]
|-heal|p2a: Muk|28/100|[from] item: Black Sludge
|upkeep
|turn|9
|
|t:|1779947527
|move|p2a: Muk|Shadow Sneak|p1a: Cinderace
|-damage|p1a: Cinderace|33/100
|move|p1a: Cinderace|Pyro Ball|p2a: Muk
|-damage|p2a: Muk|0 fnt
|faint|p2a: Muk
|
|-weather|none
|upkeep
|
|t:|1779947531
|switch|p2a: Lanturn|Lanturn, F|73/100
|turn|10
|
|t:|1779947533
|move|p1a: Cinderace|U-turn|p2a: Lanturn
|-start|p1a: Cinderace|typechange|Bug|[from] ability: Libero
|-damage|p2a: Lanturn|34/100
|
|t:|1779947535
|switch|p1a: Hoopa|Hoopa|76/100|[from] U-turn
|move|p2a: Lanturn|Flip Turn|p1a: Hoopa
|-damage|p1a: Hoopa|55/100
|
|t:|1779947543
|switch|p2a: Ninetales|Ninetales-Alola, F|100/100|[from] Flip Turn
|-weather|Snowscape|[from] ability: Snow Warning|[of] p2a: Ninetales
|
|-weather|Snowscape|[upkeep]
|upkeep
|turn|11
|
|t:|1779947555
|move|p2a: Ninetales|Hex|p1a: Hoopa
|-supereffective|p1a: Hoopa
|-damage|p1a: Hoopa|12/100
|-enditem|p1a: Hoopa|Aguav Berry|[eat]
|-heal|p1a: Hoopa|45/100|[from] item: Aguav Berry
|move|p1a: Hoopa|Shadow Ball|p2a: Ninetales
|-damage|p2a: Ninetales|43/100
|-item|p1a: Hoopa|Light Clay|[from] ability: Magician|[of] p2a: Ninetales
|
|-weather|Snowscape|[upkeep]
|upkeep
|turn|12
|
|t:|1779947562
|move|p2a: Ninetales|Aurora Veil|p2a: Ninetales
|-sidestart|p2: RadiantSol|move: Aurora Veil
|move|p1a: Hoopa|Shadow Ball|p2a: Ninetales
|-damage|p2a: Ninetales|12/100
|
|-weather|Snowscape|[upkeep]
|upkeep
|turn|13
|
|t:|1779947567
|move|p2a: Ninetales|Hex|p1a: Hoopa
|-supereffective|p1a: Hoopa
|-damage|p1a: Hoopa|0 fnt
|faint|p1a: Hoopa
|
|-weather|Snowscape|[upkeep]
|upkeep
|
|t:|1779947569
|switch|p1a: Cinderace|Cinderace, M|33/100
|turn|14
|
|t:|1779947574
|move|p1a: Cinderace|Court Change|p1a: Cinderace
|-start|p1a: Cinderace|typechange|Normal|[from] ability: Libero
|-swapsideconditions
|-activate|p1a: Cinderace|move: Court Change
|move|p2a: Ninetales|Hex|p1a: Cinderace
|-immune|p1a: Cinderace
|
|-weather|none
|upkeep
|turn|15
|
|t:|1779947581
|switch|p2a: Lanturn|Lanturn, F|34/100
|move|p1a: Cinderace|Pyro Ball|p2a: Lanturn
|-resisted|p2a: Lanturn
|-damage|p2a: Lanturn|12/100
|
|-heal|p2a: Lanturn|18/100|[from] item: Leftovers
|upkeep
|turn|16
|
|t:|1779947586
|move|p2a: Lanturn|Protect|p2a: Lanturn
|-singleturn|p2a: Lanturn|Protect
|move|p1a: Cinderace|High Jump Kick|p2a: Lanturn
|-activate|p2a: Lanturn|move: Protect
|-damage|p1a: Cinderace|0 fnt|[from] highjumpkick
|faint|p1a: Cinderace
|
|-heal|p2a: Lanturn|24/100|[from] item: Leftovers
|-sideend|p1: ilikefries|move: Aurora Veil
|upkeep
|
|t:|1779947593
|switch|p1a: Ting-Lucifer|Ting-Lu|94/100
|-ability|p1a: Ting-Lucifer|Vessel of Ruin
|turn|17
|
|t:|1779947596
|move|p2a: Lanturn|Scald|p1a: Ting-Lucifer
|-supereffective|p1a: Ting-Lucifer
|-damage|p1a: Ting-Lucifer|68/100
|-status|p1a: Ting-Lucifer|brn
|move|p1a: Ting-Lucifer|Stone Edge|p2a: Lanturn
|-crit|p2a: Lanturn
|-damage|p2a: Lanturn|0 fnt
|faint|p2a: Lanturn
|
|-damage|p1a: Ting-Lucifer|62/100 brn|[from] brn
|upkeep
|
|t:|1779947600
|switch|p2a: Ninetales|Ninetales-Alola, F|12/100
|-weather|Snowscape|[from] ability: Snow Warning|[of] p2a: Ninetales
|turn|18
|
|t:|1779947602
|move|p2a: Ninetales|Aurora Veil|p2a: Ninetales
|-sidestart|p2: RadiantSol|move: Aurora Veil
|move|p1a: Ting-Lucifer|Heavy Slam|p2a: Ninetales
|-supereffective|p2a: Ninetales
|-damage|p2a: Ninetales|0 fnt
|faint|p2a: Ninetales
|
|-weather|Snowscape|[upkeep]
|-damage|p1a: Ting-Lucifer|56/100 brn|[from] brn
|upkeep
|
|t:|1779947606
|switch|p2a: Espeon|Espeon, F|100/100
|turn|19
|
|t:|1779947612
|-terastallize|p1a: Ting-Lucifer|Steel
|move|p2a: Espeon|Substitute|p2a: Espeon
|-start|p2a: Espeon|Substitute
|-damage|p2a: Espeon|76/100
|move|p1a: Ting-Lucifer|Heavy Slam|p2a: Espeon
|-end|p2a: Espeon|Substitute
|
|-weather|Snowscape|[upkeep]
|-damage|p1a: Ting-Lucifer|50/100 brn|[from] brn
|upkeep
|turn|20
|
|t:|1779947620
|switch|p2a: Skarmory|Skarmory, F|100/100
|move|p1a: Ting-Lucifer|Heavy Slam|p2a: Skarmory
|-resisted|p2a: Skarmory
|-damage|p2a: Skarmory|95/100
|-damage|p1a: Ting-Lucifer|33/100 brn|[from] item: Rocky Helmet|[of] p2a: Skarmory
|
|-weather|Snowscape|[upkeep]
|-damage|p1a: Ting-Lucifer|27/100 brn|[from] brn
|upkeep
|turn|21
|
|t:|1779947625
|switch|p1a: Kyurem|Kyurem|100/100
|-ability|p1a: Kyurem|Pressure
|move|p2a: Skarmory|Stealth Rock|p1a: Kyurem
|-sidestart|p1: ilikefries|move: Stealth Rock
|
|-weather|Snowscape|[upkeep]
|upkeep
|turn|22
|
|t:|1779947628
|move|p1a: Kyurem|Ice Beam|p2a: Skarmory
|-damage|p2a: Skarmory|61/100
|move|p2a: Skarmory|Whirlwind|p1a: Kyurem
|drag|p1a: Manaphy|Manaphy|100/100
|-damage|p1a: Manaphy|88/100|[from] Stealth Rock
|
|-weather|none
|-heal|p1a: Manaphy|94/100|[from] item: Leftovers
|-sideend|p2: RadiantSol|move: Aurora Veil
|upkeep
|turn|23
|
|t:|1779947634
|move|p1a: Manaphy|Scald|p2a: Skarmory
|-damage|p2a: Skarmory|19/100
|-status|p2a: Skarmory|brn
|move|p2a: Skarmory|Whirlwind|p1a: Manaphy
|drag|p1a: Kyurem|Kyurem|100/100
|-damage|p1a: Kyurem|76/100|[from] Stealth Rock
|-ability|p1a: Kyurem|Pressure
|
|-damage|p2a: Skarmory|13/100 brn|[from] brn
|upkeep
|turn|24
|
|t:|1779947639
|move|p1a: Kyurem|Ice Beam|p2a: Skarmory
|-damage|p2a: Skarmory|0 fnt
|faint|p2a: Skarmory
|
|upkeep
|
|t:|1779947641
|switch|p2a: Espeon|Espeon, F|76/100
|turn|25
|
|t:|1779947646
|-terastallize|p2a: Espeon|Fairy
|move|p1a: Kyurem|Ice Beam|p2a: Espeon
|-damage|p2a: Espeon|15/100
|move|p2a: Espeon|Calm Mind|p2a: Espeon
|-boost|p2a: Espeon|spa|1
|-boost|p2a: Espeon|spd|1
|
|upkeep
|turn|26
|-message|RadiantSol forfeited.
|
|win|ilikefries
|raw|ilikefries's rating: 1265 &rarr; <strong>1294</strong><br />(+29 for winning)
|raw|RadiantSol's rating: 1319 &rarr; <strong>1296</strong><br />(-23 for losing)
|l|‽RadiantSol
|player|p2|
|l|☆ilikefries
|player|p1|
