|j|☆wtvdd
|j|☆placentastu
|t:|1779962279
|gametype|singles
|player|p1|wtvdd|170|1135
|player|p2|placentastu|gentleman-gen4dp|1145
|gen|9
|tier|[Gen 9] OU
|rated|
|rule|HP Percentage Mod: HP is shown in percentages
|rule|Endless Battle Clause: Forcing endless battles is banned
|rule|Species Clause: Limit one of each Pokémon
|rule|OHKO Clause: OHKO moves are banned
|rule|Evasion Items Clause: Evasion items are banned
|rule|Evasion Moves Clause: Evasion moves are banned
|rule|Evasion Abilities Clause: Evasion abilities are banned
|rule|Sleep Moves Clause: Sleep-inducing moves are banned
|clearpoke
|poke|p1|Leavanny, M|
|poke|p1|Iron Moth|
|poke|p1|Hatterene, F|
|poke|p1|Mandibuzz, F|
|poke|p1|Great Tusk|
|poke|p1|Gholdengo|
|poke|p2|Ogerpon-Wellspring, F|
|poke|p2|Moltres|
|poke|p2|Primarina, M|
|poke|p2|Galvantula, F|
|poke|p2|Dragonite, F|
|poke|p2|Great Tusk|
|teampreview
|
|t:|1779962288
|teamsize|p1|6
|teamsize|p2|6
|start
|switch|p1a: Leavanny|Leavanny, M|100/100
|switch|p2a: Hypider|Galvantula, F|100/100
|turn|1
|
|t:|1779962297
|move|p2a: Hypider|Bug Buzz|p1a: Leavanny
|-supereffective|p1a: Leavanny
|-enditem|p1a: Leavanny|Focus Sash
|-damage|p1a: Leavanny|1/100
|move|p1a: Leavanny|Sticky Web|p2a: Hypider
|-sidestart|p2: placentastu|move: Sticky Web
|
|upkeep
|turn|2
|
|t:|1779962313
|switch|p1a: Mandibuzz|Mandibuzz, F|100/100
|move|p2a: Hypider|Bug Buzz|p1a: Mandibuzz
|-damage|p1a: Mandibuzz|46/100
|
|upkeep
|turn|3
|
|t:|1779962319
|move|p2a: Hypider|Bug Buzz|p1a: Mandibuzz
|-damage|p1a: Mandibuzz|0 fnt
|faint|p1a: Mandibuzz
|
|upkeep
|
|t:|1779962331
|switch|p1a: Great Tusk|Great Tusk|100/100
|turn|4
|
|t:|1779962339
|switch|p2a: Mega-Flygon|Moltres|100/100
|move|p1a: Great Tusk|Ice Spinner|p2a: Mega-Flygon
|-damage|p2a: Mega-Flygon|67/100
|-status|p1a: Great Tusk|brn|[from] ability: Flame Body|[of] p2a: Mega-Flygon
|
|-damage|p1a: Great Tusk|94/100 brn|[from] brn
|upkeep
|turn|5
|
|t:|1779962355
|-end|p1a: Great Tusk|Protosynthesis|[silent]
|switch|p1a: Iron Moth|Iron Moth|100/100
|-enditem|p1a: Iron Moth|Booster Energy
|-activate|p1a: Iron Moth|ability: Quark Drive|[fromitem]
|-start|p1a: Iron Moth|quarkdrivespa
|move|p2a: Mega-Flygon|Hurricane|p1a: Iron Moth
|-damage|p1a: Iron Moth|42/100
|
|upkeep
|turn|6
|
|t:|1779962374
|-terastallize|p1a: Iron Moth|Fire
|move|p1a: Iron Moth|Discharge|p2a: Mega-Flygon
|-supereffective|p2a: Mega-Flygon
|-damage|p2a: Mega-Flygon|0 fnt
|faint|p2a: Mega-Flygon
|
|upkeep
|
|t:|1779962379
|switch|p2a: Vamanos|Dragonite, F|100/100
|turn|7
|
|t:|1779962399
|-end|p1a: Iron Moth|Quark Drive|[silent]
|switch|p1a: Gholdengo|Gholdengo|100/100
|-item|p1a: Gholdengo|Air Balloon
|move|p2a: Vamanos|Earthquake|p1a: Gholdengo
|-immune|p1a: Gholdengo
|
|upkeep
|turn|8
|
|t:|1779962407
|move|p1a: Gholdengo|Thunder Wave|p2a: Vamanos
|-status|p2a: Vamanos|par
|cant|p2a: Vamanos|par
|
|upkeep
|turn|9
|
|t:|1779962416
|move|p1a: Gholdengo|Nasty Plot|p1a: Gholdengo
|-boost|p1a: Gholdengo|spa|2
|move|p2a: Vamanos|Dragon Tail|p1a: Gholdengo
|-resisted|p1a: Gholdengo
|-damage|p1a: Gholdengo|82/100
|-enditem|p1a: Gholdengo|Air Balloon
|drag|p1a: Leavanny|Leavanny, M|1/100
|
|upkeep
|turn|10
|
|t:|1779962443
|move|p2a: Vamanos|Extreme Speed|p1a: Leavanny
|-damage|p1a: Leavanny|0 fnt
|faint|p1a: Leavanny
|
|upkeep
|
|t:|1779962454
|switch|p1a: Gholdengo|Gholdengo|82/100
|turn|11
|
|t:|1779962459
|move|p1a: Gholdengo|Shadow Ball|p2a: Vamanos
|-damage|p2a: Vamanos|77/100 par
|move|p2a: Vamanos|Earthquake|p1a: Gholdengo
|-supereffective|p1a: Gholdengo
|-damage|p1a: Gholdengo|0 fnt
|faint|p1a: Gholdengo
|
|upkeep
|
|t:|1779962468
|switch|p1a: Great Tusk|Great Tusk|94/100 brn
|turn|12
|
|t:|1779962476
|switch|p2a: Little Merman|Primarina, M|100/100
|-activate|p2a: Little Merman|move: Sticky Web
|-unboost|p2a: Little Merman|spe|1
|move|p1a: Great Tusk|Ice Spinner|p2a: Little Merman
|-resisted|p2a: Little Merman
|-crit|p2a: Little Merman
|-damage|p2a: Little Merman|89/100
|
|-damage|p1a: Great Tusk|88/100 brn|[from] brn
|upkeep
|turn|13
|
|t:|1779962493
|-end|p1a: Great Tusk|Protosynthesis|[silent]
|switch|p1a: Hatterene|Hatterene, F|100/100
|move|p2a: Little Merman|Surf|p1a: Hatterene
|-damage|p1a: Hatterene|58/100
|
|upkeep
|turn|14
|
|t:|1779962502
|move|p2a: Little Merman|Surf|p1a: Hatterene
|-damage|p1a: Hatterene|9/100
|move|p1a: Hatterene|Nuzzle|p2a: Little Merman
|-supereffective|p2a: Little Merman
|-damage|p2a: Little Merman|79/100
|-status|p2a: Little Merman|par
|
|upkeep
|turn|15
|
|t:|1779962510
|move|p1a: Hatterene|Draining Kiss|p2a: Little Merman
|-damage|p2a: Little Merman|58/100 par
|-heal|p1a: Hatterene|27/100|[from] drain|[of] p2a: Little Merman
|move|p2a: Little Merman|Surf|p1a: Hatterene
|-damage|p1a: Hatterene|0 fnt
|faint|p1a: Hatterene
|
|upkeep
|
|t:|1779962518
|switch|p1a: Iron Moth|Iron Moth, tera:Fire|42/100
|turn|16
|
|t:|1779962521
|move|p1a: Iron Moth|Discharge|p2a: Little Merman
|-supereffective|p2a: Little Merman
|-damage|p2a: Little Merman|7/100 par
|cant|p2a: Little Merman|par
|
|upkeep
|turn|17
|
|t:|1779962531
|move|p1a: Iron Moth|Fiery Dance|p2a: Little Merman
|-resisted|p2a: Little Merman
|-damage|p2a: Little Merman|0 fnt
|-boost|p1a: Iron Moth|spa|1
|faint|p2a: Little Merman
|
|upkeep
|
|t:|1779962537
|switch|p2a: Vamanos|Dragonite, F|77/100 par
|turn|18
|
|t:|1779962545
|-end|p1a: Iron Moth|Quark Drive|[silent]
|switch|p1a: Great Tusk|Great Tusk|88/100 brn
|move|p2a: Vamanos|Thunder Wave|p1a: Great Tusk
|-immune|p1a: Great Tusk
|
|-damage|p1a: Great Tusk|82/100 brn|[from] brn
|upkeep
|turn|19
|
|t:|1779962555
|switch|p2a: Fem Shrek|Ogerpon-Wellspring, F|100/100
|-activate|p2a: Fem Shrek|move: Sticky Web
|-unboost|p2a: Fem Shrek|spe|1
|move|p1a: Great Tusk|Ice Spinner|p2a: Fem Shrek
|-damage|p2a: Fem Shrek|84/100
|
|-damage|p1a: Great Tusk|76/100 brn|[from] brn
|upkeep
|turn|20
|
|t:|1779962567
|move|p1a: Great Tusk|Close Combat|p2a: Fem Shrek
|-damage|p2a: Fem Shrek|42/100
|-unboost|p1a: Great Tusk|def|1
|-unboost|p1a: Great Tusk|spd|1
|move|p2a: Fem Shrek|Horn Leech|p1a: Great Tusk
|-supereffective|p1a: Great Tusk
|-damage|p1a: Great Tusk|0 fnt
|-heal|p2a: Fem Shrek|89/100|[from] drain|[of] p1a: Great Tusk
|faint|p1a: Great Tusk
|-end|p1a: Great Tusk|Protosynthesis|[silent]
|
|upkeep
|
|t:|1779962576
|switch|p1a: Iron Moth|Iron Moth, tera:Fire|42/100
|turn|21
|
|t:|1779962583
|move|p2a: Fem Shrek|Quick Attack|p1a: Iron Moth
|-damage|p1a: Iron Moth|12/100
|move|p1a: Iron Moth|Sludge Wave|p2a: Fem Shrek
|-supereffective|p2a: Fem Shrek
|-damage|p2a: Fem Shrek|0 fnt
|faint|p2a: Fem Shrek
|
|upkeep
|
|t:|1779962591
|switch|p2a: Hypider|Galvantula, F|100/100
|-activate|p2a: Hypider|move: Sticky Web
|-unboost|p2a: Hypider|spe|1
|turn|22
|
|t:|1779962597
|-terastallize|p2a: Hypider|Normal
|move|p1a: Iron Moth|Fiery Dance|p2a: Hypider
|-damage|p2a: Hypider|0 fnt
|-boost|p1a: Iron Moth|spa|1
|faint|p2a: Hypider
|
|upkeep
|
|t:|1779962607
|switch|p2a: Donphantastic|Great Tusk|100/100
|-activate|p2a: Donphantastic|move: Sticky Web
|-unboost|p2a: Donphantastic|spe|1
|turn|23
|
|t:|1779962611
|move|p1a: Iron Moth|Fiery Dance|p2a: Donphantastic
|-damage|p2a: Donphantastic|0 fnt
|faint|p2a: Donphantastic
|-end|p2a: Donphantastic|Protosynthesis|[silent]
|
|upkeep
|
|t:|1779962614
|switch|p2a: Vamanos|Dragonite, F|77/100 par
|turn|24
|c|☆placentastu|ggwp
|c|☆wtvdd|just click e speed T__T
|
|t:|1779962628
|cant|p2a: Vamanos|par
|move|p1a: Iron Moth|Psychic|p2a: Vamanos
|-damage|p2a: Vamanos|26/100 par
|
|upkeep
|turn|25
|c|☆placentastu|I wanted to hyperbeam
|c|☆placentastu|also that
|c|☆wtvdd|oh loil
|c|☆wtvdd|HAX PLS
|
|t:|1779962639
|move|p2a: Vamanos|Extreme Speed|p1a: Iron Moth
|-damage|p1a: Iron Moth|0 fnt
|faint|p1a: Iron Moth
|-end|p1a: Iron Moth|Quark Drive|[silent]
|
|win|placentastu
|raw|wtvdd's rating: 1135 &rarr; <strong>1111</strong><br />(-24 for losing)
|raw|placentastu's rating: 1145 &rarr; <strong>1169</strong><br />(+24 for winning)
|c|☆wtvdd|HAX
|c|☆wtvdd|rip
|c|☆placentastu|Wp
|c|☆wtvdd|i shouldve actually sludged
|c|☆wtvdd|mightve killed with stab
|c|☆placentastu|Yes
|c|☆wtvdd|but im a noob
|c|☆placentastu|fair
|c|☆wtvdd|idk what i was thinking
|c|☆wtvdd|ggs lmao
|c|☆placentastu|U2
|l|☆placentastu
|player|p2|
|l|☆wtvdd
|player|p1|
