|j|☆randtestacct
|j|☆dubstepwubfish
|t:|1779819303
|gametype|singles
|player|p1|randtestacct|169|1414
|player|p2|dubstepwubfish|2|1425
|gen|9
|tier|[Gen 9] OU
|rated|
|rule|HP Percentage Mod: HP is shown in percentages
|rule|Endless Battle Clause: Forcing endless battles is banned
|rule|Species Clause: Limit one of each Pokémon
|rule|OHKO Clause: OHKO moves are banned
|rule|Evasion Items Clause: Evasion items are banned
|rule|Evasion Moves Clause: Evasion moves are banned
|rule|Evasion Abilities Clause: Evasion abilities are banned
|rule|Sleep Moves Clause: Sleep-inducing moves are banned
|clearpoke
|poke|p1|Zapdos|
|poke|p1|Alomomola, F|
|poke|p1|Ursaluna, M|
|poke|p1|Tinkaton, F|
|poke|p1|Dragonite, F|
|poke|p1|Iron Treads|
|poke|p2|Raging Bolt|
|poke|p2|Scizor, F|
|poke|p2|Great Tusk|
|poke|p2|Landorus-Therian, M|
|poke|p2|Iron Valiant|
|poke|p2|Tyranitar, M|
|teampreview
|
|t:|1779819310
|teamsize|p1|6
|teamsize|p2|6
|start
|switch|p1a: Zapdos|Zapdos|100/100
|switch|p2a: Landorus|Landorus-Therian, M|100/100
|-ability|p2a: Landorus|Intimidate|boost
|-unboost|p1a: Zapdos|atk|1
|turn|1
|inactive|Battle timer is ON: inactive players will automatically lose when time's up. (requested by randtestacct)
|
|t:|1779819317
|move|p2a: Landorus|Stealth Rock|p1a: Zapdos
|-sidestart|p1: randtestacct|move: Stealth Rock
|move|p1a: Zapdos|Hurricane|p2a: Landorus
|-damage|p2a: Landorus|21/100
|
|-heal|p2a: Landorus|27/100|[from] item: Leftovers
|upkeep
|turn|2
|
|t:|1779819325
|move|p2a: Landorus|Stone Edge|p1a: Zapdos
|-supereffective|p1a: Zapdos
|-damage|p1a: Zapdos|21/100
|move|p1a: Zapdos|Hurricane|p2a: Landorus
|-damage|p2a: Landorus|0 fnt
|faint|p2a: Landorus
|
|-heal|p1a: Zapdos|27/100|[from] item: Leftovers
|upkeep
|
|t:|1779819336
|switch|p2a: Tyranitar|Tyranitar, M|100/100
|-weather|Sandstorm|[from] ability: Sand Stream|[of] p2a: Tyranitar
|turn|3
|
|t:|1779819346
|switch|p1a: Ursaluna|Ursaluna, M|100/100
|-damage|p1a: Ursaluna|94/100|[from] Stealth Rock
|move|p2a: Tyranitar|Knock Off|p1a: Ursaluna
|-damage|p1a: Ursaluna|66/100
|-enditem|p1a: Ursaluna|Assault Vest|[from] move: Knock Off|[of] p2a: Tyranitar
|
|-weather|Sandstorm|[upkeep]
|upkeep
|turn|4
|
|t:|1779819361
|move|p2a: Tyranitar|Ice Punch|p1a: Ursaluna
|-supereffective|p1a: Ursaluna
|-damage|p1a: Ursaluna|33/100
|move|p1a: Ursaluna|Drain Punch|p2a: Tyranitar
|-supereffective|p2a: Tyranitar
|-damage|p2a: Tyranitar|0 fnt
|-heal|p1a: Ursaluna|77/100|[from] drain|[of] p2a: Tyranitar
|faint|p2a: Tyranitar
|
|-weather|Sandstorm|[upkeep]
|upkeep
|
|t:|1779819373
|switch|p2a: Scizor|Scizor, F|100/100
|turn|5
|
|t:|1779819389
|switch|p1a: Dragonite|Dragonite, F|100/100
|-damage|p1a: Dragonite|76/100|[from] Stealth Rock
|move|p2a: Scizor|Close Combat|p1a: Dragonite
|-resisted|p1a: Dragonite
|-damage|p1a: Dragonite|56/100
|-unboost|p2a: Scizor|def|1
|-unboost|p2a: Scizor|spd|1
|
|-weather|Sandstorm|[upkeep]
|-damage|p1a: Dragonite|50/100|[from] Sandstorm
|-heal|p1a: Dragonite|56/100|[from] item: Leftovers
|upkeep
|turn|6
|
|t:|1779819391
|move|p1a: Dragonite|Roost|p1a: Dragonite
|-heal|p1a: Dragonite|100/100
|-singleturn|p1a: Dragonite|move: Roost
|move|p2a: Scizor|U-turn|p1a: Dragonite
|-damage|p1a: Dragonite|81/100
|
|t:|1779819399
|switch|p2a: Raging Bolt|Raging Bolt|100/100|[from] U-turn
|
|-weather|Sandstorm|[upkeep]
|-damage|p1a: Dragonite|75/100|[from] Sandstorm
|-damage|p2a: Raging Bolt|94/100|[from] Sandstorm
|-heal|p1a: Dragonite|81/100|[from] item: Leftovers
|upkeep
|turn|7
|
|t:|1779819407
|switch|p1a: Tinkaton|Tinkaton, F|100/100
|-damage|p1a: Tinkaton|94/100|[from] Stealth Rock
|move|p2a: Raging Bolt|Draco Meteor|p1a: Tinkaton
|-immune|p1a: Tinkaton
|
|-weather|none
|upkeep
|turn|8
|
|t:|1779819412
|move|p1a: Tinkaton|Fake Out|p2a: Raging Bolt
|-damage|p2a: Raging Bolt|86/100
|cant|p2a: Raging Bolt|flinch
|
|upkeep
|turn|9
|
|t:|1779819417
|move|p1a: Tinkaton|Stealth Rock|p2a: Raging Bolt
|-sidestart|p2: dubstepwubfish|move: Stealth Rock
|move|p2a: Raging Bolt|Volt Switch|p1a: Tinkaton
|-damage|p1a: Tinkaton|48/100
|
|t:|1779819427
|-end|p2a: Raging Bolt|Protosynthesis|[silent]
|switch|p2a: Great Tusk|Great Tusk|100/100|[from] Volt Switch
|
|upkeep
|turn|10
|
|t:|1779819435
|switch|p1a: Alomomola|Alomomola, F|100/100
|-damage|p1a: Alomomola|88/100|[from] Stealth Rock
|move|p2a: Great Tusk|Rapid Spin|p1a: Alomomola
|-damage|p1a: Alomomola|78/100
|-boost|p2a: Great Tusk|spe|1
|-sideend|p2: dubstepwubfish|Stealth Rock|[from] move: Rapid Spin|[of] p2a: Great Tusk
|
|-heal|p1a: Alomomola|84/100|[from] item: Leftovers
|upkeep
|turn|11
|
|t:|1779819442
|move|p2a: Great Tusk|Headlong Rush|p1a: Alomomola
|-damage|p1a: Alomomola|49/100
|-unboost|p2a: Great Tusk|def|1
|-unboost|p2a: Great Tusk|spd|1
|move|p1a: Alomomola|Flip Turn|p2a: Great Tusk
|-supereffective|p2a: Great Tusk
|-damage|p2a: Great Tusk|62/100
|
|t:|1779819455
|switch|p1a: Ursaluna|Ursaluna, M|77/100|[from] Flip Turn
|-damage|p1a: Ursaluna|70/100|[from] Stealth Rock
|
|upkeep
|turn|12
|
|t:|1779819461
|move|p2a: Great Tusk|Close Combat|p1a: Ursaluna
|-supereffective|p1a: Ursaluna
|-damage|p1a: Ursaluna|0 fnt
|-unboost|p2a: Great Tusk|def|1
|-unboost|p2a: Great Tusk|spd|1
|faint|p1a: Ursaluna
|
|upkeep
|
|t:|1779819473
|switch|p1a: Alomomola|Alomomola, F|82/100
|-damage|p1a: Alomomola|69/100|[from] Stealth Rock
|turn|13
|
|t:|1779819487
|-end|p2a: Great Tusk|Protosynthesis|[silent]
|switch|p2a: Scizor|Scizor, F|100/100
|move|p1a: Alomomola|Flip Turn|p2a: Scizor
|-damage|p2a: Scizor|84/100
|
|t:|1779819495
|switch|p1a: Iron Treads|Iron Treads|100/100|[from] Flip Turn
|
|-heal|p2a: Scizor|91/100|[from] item: Leftovers
|upkeep
|turn|14
|
|t:|1779819506
|move|p1a: Iron Treads|Rapid Spin|p2a: Scizor
|-resisted|p2a: Scizor
|-damage|p2a: Scizor|84/100
|-boost|p1a: Iron Treads|spe|1
|-sideend|p1: randtestacct|Stealth Rock|[from] move: Rapid Spin|[of] p1a: Iron Treads
|move|p2a: Scizor|Close Combat|p1a: Iron Treads
|-supereffective|p1a: Iron Treads
|-damage|p1a: Iron Treads|15/100
|-unboost|p2a: Scizor|def|1
|-unboost|p2a: Scizor|spd|1
|
|-heal|p2a: Scizor|90/100|[from] item: Leftovers
|upkeep
|turn|15
|
|t:|1779819515
|move|p1a: Iron Treads|Volt Switch|p2a: Scizor
|-damage|p2a: Scizor|70/100
|
|t:|1779819521
|-end|p1a: Iron Treads|Quark Drive|[silent]
|switch|p1a: Dragonite|Dragonite, F|81/100|[from] Volt Switch
|move|p2a: Scizor|Close Combat|p1a: Dragonite
|-resisted|p1a: Dragonite
|-damage|p1a: Dragonite|61/100
|-unboost|p2a: Scizor|def|1
|-unboost|p2a: Scizor|spd|1
|
|-heal|p1a: Dragonite|67/100|[from] item: Leftovers
|-heal|p2a: Scizor|76/100|[from] item: Leftovers
|upkeep
|turn|16
|
|t:|1779819531
|switch|p2a: Iron Valiant|Iron Valiant|100/100
|-enditem|p2a: Iron Valiant|Booster Energy
|-activate|p2a: Iron Valiant|ability: Quark Drive|[fromitem]
|-start|p2a: Iron Valiant|quarkdrivespe
|move|p1a: Dragonite|Roost|p1a: Dragonite
|-heal|p1a: Dragonite|100/100
|-singleturn|p1a: Dragonite|move: Roost
|
|upkeep
|turn|17
|
|t:|1779819538
|move|p2a: Iron Valiant|Moonblast|p1a: Dragonite
|-supereffective|p1a: Dragonite
|-damage|p1a: Dragonite|72/100
|move|p1a: Dragonite|Thunder Wave|p2a: Iron Valiant
|-status|p2a: Iron Valiant|par
|
|-heal|p1a: Dragonite|78/100|[from] item: Leftovers
|upkeep
|turn|18
|
|t:|1779819547
|switch|p1a: Tinkaton|Tinkaton, F|48/100
|move|p2a: Iron Valiant|Moonblast|p1a: Tinkaton
|-resisted|p1a: Tinkaton
|-damage|p1a: Tinkaton|22/100
|
|upkeep
|turn|19
|
|t:|1779819554
|move|p1a: Tinkaton|Fake Out|p2a: Iron Valiant
|-damage|p2a: Iron Valiant|89/100 par
|cant|p2a: Iron Valiant|flinch
|
|upkeep
|turn|20
|
|t:|1779819557
|cant|p2a: Iron Valiant|par
|move|p1a: Tinkaton|Gigaton Hammer|p2a: Iron Valiant
|-supereffective|p2a: Iron Valiant
|-damage|p2a: Iron Valiant|0 fnt
|faint|p2a: Iron Valiant
|-end|p2a: Iron Valiant|Quark Drive|[silent]
|
|upkeep
|
|t:|1779819566
|switch|p2a: Raging Bolt|Raging Bolt|86/100
|turn|21
|
|t:|1779819572
|move|p1a: Tinkaton|Fling|p2a: Raging Bolt
|-damage|p2a: Raging Bolt|81/100
|-status|p2a: Raging Bolt|tox
|-enditem|p1a: Tinkaton|Toxic Orb|[from] move: Fling
|move|p2a: Raging Bolt|Thunderbolt|p1a: Tinkaton
|-damage|p1a: Tinkaton|0 fnt
|faint|p1a: Tinkaton
|
|-damage|p2a: Raging Bolt|74/100 tox|[from] psn
|upkeep
|
|t:|1779819584
|switch|p1a: Iron Treads|Iron Treads|15/100
|turn|22
|
|t:|1779819596
|move|p1a: Iron Treads|Earthquake|p2a: Raging Bolt
|-supereffective|p2a: Raging Bolt
|-damage|p2a: Raging Bolt|3/100 tox
|move|p2a: Raging Bolt|Draco Meteor|p1a: Iron Treads
|-resisted|p1a: Iron Treads
|-damage|p1a: Iron Treads|0 fnt
|-unboost|p2a: Raging Bolt|spa|2
|faint|p1a: Iron Treads
|-end|p1a: Iron Treads|Quark Drive|[silent]
|
|-damage|p2a: Raging Bolt|0 fnt|[from] psn
|faint|p2a: Raging Bolt
|-end|p2a: Raging Bolt|Protosynthesis|[silent]
|upkeep
|
|t:|1779819614
|switch|p1a: Alomomola|Alomomola, F|100/100
|switch|p2a: Great Tusk|Great Tusk|62/100
|turn|23
|
|t:|1779819634
|move|p2a: Great Tusk|Rapid Spin|p1a: Alomomola
|-damage|p1a: Alomomola|90/100
|-boost|p2a: Great Tusk|spe|1
|move|p1a: Alomomola|Wish|p1a: Alomomola
|
|-heal|p1a: Alomomola|96/100|[from] item: Leftovers
|upkeep
|turn|24
|
|t:|1779819641
|move|p2a: Great Tusk|Rapid Spin|p1a: Alomomola
|-damage|p1a: Alomomola|86/100
|-boost|p2a: Great Tusk|spe|1
|move|p1a: Alomomola|Flip Turn|p2a: Great Tusk
|-supereffective|p2a: Great Tusk
|-damage|p2a: Great Tusk|37/100
|
|t:|1779819647
|switch|p1a: Zapdos|Zapdos|27/100|[from] Flip Turn
|
|-heal|p1a: Zapdos|96/100|[from] move: Wish|[wisher] Alomomola
|-heal|p1a: Zapdos|100/100|[from] item: Leftovers
|upkeep
|turn|25
|
|t:|1779819651
|switch|p1a: Alomomola|Alomomola, F|100/100
|move|p2a: Great Tusk|Ice Spinner|p1a: Alomomola
|-resisted|p1a: Alomomola
|-damage|p1a: Alomomola|93/100
|
|-heal|p1a: Alomomola|99/100|[from] item: Leftovers
|upkeep
|turn|26
|
|t:|1779819656
|-end|p2a: Great Tusk|Protosynthesis|[silent]
|switch|p2a: Scizor|Scizor, F|76/100
|move|p1a: Alomomola|Flip Turn|p2a: Scizor
|-damage|p2a: Scizor|59/100
|
|t:|1779819661
|switch|p1a: Zapdos|Zapdos|100/100|[from] Flip Turn
|
|-heal|p2a: Scizor|65/100|[from] item: Leftovers
|upkeep
|turn|27
|
|t:|1779819666
|move|p1a: Zapdos|Thunderbolt|p2a: Scizor
|-damage|p2a: Scizor|1/100
|move|p2a: Scizor|Swords Dance|p2a: Scizor
|-boost|p2a: Scizor|atk|2
|
|-heal|p2a: Scizor|7/100|[from] item: Leftovers
|upkeep
|turn|28
|
|t:|1779819672
|move|p2a: Scizor|Bullet Punch|p1a: Zapdos
|-resisted|p1a: Zapdos
|-damage|p1a: Zapdos|64/100
|move|p1a: Zapdos|Thunderbolt|p2a: Scizor
|-damage|p2a: Scizor|0 fnt
|faint|p2a: Scizor
|
|-heal|p1a: Zapdos|70/100|[from] item: Leftovers
|upkeep
|
|t:|1779819676
|switch|p2a: Great Tusk|Great Tusk|37/100
|turn|29
|
|t:|1779819681
|switch|p1a: Alomomola|Alomomola, F|100/100
|move|p2a: Great Tusk|Close Combat|p1a: Alomomola
|-damage|p1a: Alomomola|68/100
|-unboost|p2a: Great Tusk|def|1
|-unboost|p2a: Great Tusk|spd|1
|
|-heal|p1a: Alomomola|74/100|[from] item: Leftovers
|upkeep
|turn|30
|
|t:|1779819687
|move|p2a: Great Tusk|Headlong Rush|p1a: Alomomola
|-damage|p1a: Alomomola|37/100
|-unboost|p2a: Great Tusk|def|1
|-unboost|p2a: Great Tusk|spd|1
|move|p1a: Alomomola|Flip Turn|p2a: Great Tusk
|-supereffective|p2a: Great Tusk
|-damage|p2a: Great Tusk|0 fnt
|faint|p2a: Great Tusk
|-end|p2a: Great Tusk|Protosynthesis|[silent]
|
|win|randtestacct
|raw|randtestacct's rating: 1414 &rarr; <strong>1435</strong><br />(+21 for winning)
|raw|dubstepwubfish's rating: 1425 &rarr; <strong>1404</strong><br />(-21 for losing)
|c|☆dubstepwubfish|Gg
|c|☆randtestacct|gg
|c|☆dubstepwubfish|Love the fling
|c|☆randtestacct|hehe gracias
|l|☆dubstepwubfish
|player|p2|
