|j|☆jack sparo
|j|☆forsithyl
|t:|1779856541
|gametype|singles
|player|p1|jack sparo|101|1144
|player|p2|forsithyl|waiter|1087
|gen|9
|tier|[Gen 9] OU
|rated|
|rule|HP Percentage Mod: HP is shown in percentages
|rule|Endless Battle Clause: Forcing endless battles is banned
|rule|Species Clause: Limit one of each Pokémon
|rule|OHKO Clause: OHKO moves are banned
|rule|Evasion Items Clause: Evasion items are banned
|rule|Evasion Moves Clause: Evasion moves are banned
|rule|Evasion Abilities Clause: Evasion abilities are banned
|rule|Sleep Moves Clause: Sleep-inducing moves are banned
|clearpoke
|poke|p1|Noivern, F|
|poke|p1|Kingambit, M|
|poke|p1|Staraptor, F|
|poke|p1|Serperior, F|
|poke|p1|Cloyster, F|
|poke|p1|Cyclizar, F|
|poke|p2|Masquerain, F|
|poke|p2|Scizor, F|
|poke|p2|Lokix, F|
|poke|p2|Araquanid, M|
|poke|p2|Yanmega, F|
|poke|p2|Forretress, F|
|teampreview
|inactive|Battle timer is ON: inactive players will automatically lose when time's up. (requested by jack sparo)
|
|t:|1779856570
|teamsize|p1|6
|teamsize|p2|6
|start
|switch|p1a: Cloyster|Cloyster, F|100/100
|switch|p2a: slugger|Lokix, F|100/100
|turn|1
|
|t:|1779856577
|move|p2a: slugger|Knock Off|p1a: Cloyster
|-damage|p1a: Cloyster|37/100
|-enditem|p1a: Cloyster|Focus Sash|[from] move: Knock Off|[of] p2a: slugger
|move|p1a: Cloyster|Shell Smash|p1a: Cloyster
|-unboost|p1a: Cloyster|def|1
|-unboost|p1a: Cloyster|spd|1
|-boost|p1a: Cloyster|atk|2
|-boost|p1a: Cloyster|spa|2
|-boost|p1a: Cloyster|spe|2
|
|upkeep
|turn|2
|
|t:|1779856602
|switch|p2a: flapper|Yanmega, F|100/100
|move|p1a: Cloyster|Icicle Spear|p2a: flapper
|-supereffective|p2a: flapper
|-damage|p2a: flapper|37/100
|-supereffective|p2a: flapper
|-damage|p2a: flapper|0 fnt
|faint|p2a: flapper
|-hitcount|p2: flapper|2
|
|upkeep
|
|t:|1779856605
|switch|p2a: slugger|Lokix, F|100/100
|turn|3
|
|t:|1779856615
|move|p2a: slugger|First Impression|p1a: Cloyster
|-damage|p1a: Cloyster|0 fnt
|faint|p1a: Cloyster
|
|upkeep
|
|t:|1779856621
|switch|p1a: Noivern|Noivern, F, shiny|100/100
|turn|4
|
|t:|1779856637
|switch|p2a: biter|Scizor, F|100/100
|-terastallize|p1a: Noivern|Normal
|move|p1a: Noivern|Boomburst|p2a: biter
|-resisted|p2a: biter
|-damage|p2a: biter|67/100
|
|upkeep
|turn|5
|
|t:|1779856644
|move|p2a: biter|Bullet Punch|p1a: Noivern
|-damage|p1a: Noivern|58/100
|move|p1a: Noivern|Boomburst|p2a: biter
|-resisted|p2a: biter
|-damage|p2a: biter|34/100
|
|upkeep
|turn|6
|
|t:|1779856648
|move|p2a: biter|Bullet Punch|p1a: Noivern
|-damage|p1a: Noivern|17/100
|move|p1a: Noivern|Boomburst|p2a: biter
|-resisted|p2a: biter
|-damage|p2a: biter|1/100
|
|upkeep
|turn|7
|
|t:|1779856656
|move|p2a: biter|Bullet Punch|p1a: Noivern
|-damage|p1a: Noivern|0 fnt
|faint|p1a: Noivern
|
|upkeep
|
|t:|1779856663
|switch|p1a: Serperior|Serperior, F|100/100
|turn|8
|
|t:|1779856676
|move|p2a: biter|Bullet Punch|p1a: Serperior
|-damage|p1a: Serperior|57/100
|move|p1a: Serperior|Leaf Storm|p2a: biter
|-resisted|p2a: biter
|-damage|p2a: biter|0 fnt
|-boost|p1a: Serperior|spa|2
|faint|p2a: biter
|
|upkeep
|
|t:|1779856680
|switch|p2a: slugger|Lokix, F|100/100
|turn|9
|
|t:|1779856689
|move|p2a: slugger|First Impression|p1a: Serperior
|-supereffective|p1a: Serperior
|-damage|p1a: Serperior|0 fnt
|faint|p1a: Serperior
|
|upkeep
|
|t:|1779856692
|switch|p1a: Kingambit|Kingambit, M, shiny|100/100
|-activate|p1a: Kingambit|ability: Supreme Overlord
|-start|p1a: Kingambit|fallen3|[silent]
|turn|10
|
|t:|1779856700
|switch|p2a: blocker|Forretress, F|100/100
|move|p1a: Kingambit|Iron Head|p2a: blocker
|-resisted|p2a: blocker
|-damage|p2a: blocker|84/100
|
|upkeep
|turn|11
|
|t:|1779856708
|move|p1a: Kingambit|Kowtow Cleave|p2a: blocker
|-damage|p2a: blocker|45/100
|move|p2a: blocker|Reflect|p2a: blocker
|-sidestart|p2: forsithyl|Reflect
|
|upkeep
|turn|12
|
|t:|1779856713
|move|p1a: Kingambit|Kowtow Cleave|p2a: blocker
|-damage|p2a: blocker|27/100
|move|p2a: blocker|Volt Switch|p1a: Kingambit
|-damage|p1a: Kingambit|91/100
|
|t:|1779856725
|switch|p2a: lurker|Araquanid, M|100/100|[from] Volt Switch
|
|upkeep
|turn|13
|inactive|jack sparo has 120 seconds left.
|
|t:|1779856763
|move|p1a: Kingambit|Poison Jab|p2a: lurker
|-damage|p2a: lurker|79/100
|move|p2a: lurker|Surf|p1a: Kingambit
|-damage|p1a: Kingambit|58/100
|
|upkeep
|turn|14
|inactive|jack sparo has 120 seconds left.
|inactive|jack sparo has 90 seconds left.
|
|t:|1779856823
|move|p1a: Kingambit|Kowtow Cleave|p2a: lurker
|-damage|p2a: lurker|46/100
|move|p2a: lurker|Rain Dance|p2a: lurker
|-weather|RainDance
|
|-weather|RainDance|[upkeep]
|upkeep
|turn|15
|
|t:|1779856828
|move|p1a: Kingambit|Kowtow Cleave|p2a: lurker
|-damage|p2a: lurker|10/100
|move|p2a: lurker|Surf|p1a: Kingambit
|-damage|p1a: Kingambit|5/100
|
|-weather|RainDance|[upkeep]
|upkeep
|turn|16
|
|t:|1779856835
|move|p1a: Kingambit|Sucker Punch|p2a: lurker
|-damage|p2a: lurker|0 fnt
|faint|p2a: lurker
|
|-weather|RainDance|[upkeep]
|upkeep
|
|t:|1779856842
|switch|p2a: slugger|Lokix, F|100/100
|turn|17
|inactive|jack sparo has 90 seconds left.
|
|t:|1779856852
|move|p2a: slugger|First Impression|p1a: Kingambit
|-damage|p1a: Kingambit|0 fnt
|faint|p1a: Kingambit
|-end|p1a: Kingambit|fallen3|[silent]
|
|-weather|RainDance|[upkeep]
|upkeep
|
|t:|1779856857
|switch|p1a: Staraptor|Staraptor, F, shiny|100/100
|turn|18
|
|t:|1779856865
|switch|p2a: whisker|Masquerain, F|100/100
|-ability|p2a: whisker|Intimidate|boost
|-unboost|p1a: Staraptor|atk|1
|move|p1a: Staraptor|Brave Bird|p2a: whisker
|-supereffective|p2a: whisker
|-damage|p2a: whisker|14/100
|-damage|p1a: Staraptor|74/100|[from] Recoil
|
|-weather|none
|-sideend|p2: forsithyl|Reflect
|upkeep
|turn|19
|
|t:|1779856876
|switch|p2a: blocker|Forretress, F|27/100
|move|p1a: Staraptor|Brave Bird|p2a: blocker
|-damage|p2a: blocker|3/100
|-damage|p1a: Staraptor|64/100|[from] Recoil
|
|upkeep
|turn|20
|
|t:|1779856882
|move|p1a: Staraptor|Brave Bird|p2a: blocker
|-damage|p2a: blocker|0 fnt
|faint|p2a: blocker
|-damage|p1a: Staraptor|64/100|[from] Recoil
|
|upkeep
|
|t:|1779856889
|switch|p2a: whisker|Masquerain, F|14/100
|-ability|p2a: whisker|Intimidate|boost
|-unboost|p1a: Staraptor|atk|1
|turn|21
|
|t:|1779856893
|move|p1a: Staraptor|Brave Bird|p2a: whisker
|-supereffective|p2a: whisker
|-damage|p2a: whisker|0 fnt
|faint|p2a: whisker
|-damage|p1a: Staraptor|59/100|[from] Recoil
|
|upkeep
|
|t:|1779856895
|switch|p2a: slugger|Lokix, F|100/100
|turn|22
|
|t:|1779856901
|-terastallize|p2a: slugger|Bug
|move|p1a: Staraptor|Brave Bird|p2a: slugger
|-supereffective|p2a: slugger
|-damage|p2a: slugger|0 fnt
|faint|p2a: slugger
|-damage|p1a: Staraptor|29/100|[from] Recoil
|
|win|jack sparo
|raw|jack sparo's rating: 1144 &rarr; <strong>1165</strong><br />(+21 for winning)
|raw|forsithyl's rating: 1087 &rarr; <strong>1068</strong><br />(-19 for losing)
|l|☆forsithyl
|player|p2|
|l|☆jack sparo
|player|p1|
