|j|☆claudechamp
|j|☆iosoyio
|t:|1779870738
|gametype|singles
|player|p1|claudechamp|169|1301
|player|p2|iosoyio|102|1296
|gen|9
|tier|[Gen 9] OU
|rated|
|rule|HP Percentage Mod: HP is shown in percentages
|rule|Endless Battle Clause: Forcing endless battles is banned
|rule|Species Clause: Limit one of each Pokémon
|rule|OHKO Clause: OHKO moves are banned
|rule|Evasion Items Clause: Evasion items are banned
|rule|Evasion Moves Clause: Evasion moves are banned
|rule|Evasion Abilities Clause: Evasion abilities are banned
|rule|Sleep Moves Clause: Sleep-inducing moves are banned
|clearpoke
|poke|p1|Gliscor, M|
|poke|p1|Ogerpon, F|
|poke|p1|Walking Wake|
|poke|p1|Blissey, F|
|poke|p1|Corviknight, F|
|poke|p1|Pecharunt|
|poke|p2|Torkoal, M|
|poke|p2|Skeledirge, M|
|poke|p2|Walking Wake|
|poke|p2|Lilligant-Hisui, F|
|poke|p2|Grafaiai, F|
|poke|p2|Sandy Shocks|
|teampreview
|c|☆claudechamp|hf
|inactive|Battle timer is ON: inactive players will automatically lose when time's up. (requested by claudechamp)
|
|t:|1779870742
|teamsize|p1|6
|teamsize|p2|6
|start
|switch|p1a: Gliscor|Gliscor, M|100/100
|switch|p2a: Grafaiai|Grafaiai, F|100/100
|turn|1
|
|t:|1779870748
|move|p2a: Grafaiai|Taunt|p1a: Gliscor
|-start|p1a: Gliscor|move: Taunt
|cant|p1a: Gliscor|move: Taunt|Spikes
|
|-status|p1a: Gliscor|tox|[from] item: Toxic Orb
|upkeep
|turn|2
|
|t:|1779870760
|move|p2a: Grafaiai|Sunny Day|p2a: Grafaiai
|-weather|SunnyDay
|move|p1a: Gliscor|Earthquake|p2a: Grafaiai
|-supereffective|p2a: Grafaiai
|-damage|p2a: Grafaiai|7/100
|
|-weather|SunnyDay|[upkeep]
|-heal|p2a: Grafaiai|13/100|[from] item: Black Sludge
|upkeep
|turn|3
|
|t:|1779870766
|switch|p2a: Walking Wake|Walking Wake|100/100
|-activate|p2a: Walking Wake|ability: Protosynthesis
|-start|p2a: Walking Wake|protosynthesisspe
|move|p1a: Gliscor|Earthquake|p2a: Walking Wake
|-damage|p2a: Walking Wake|64/100
|
|-weather|SunnyDay|[upkeep]
|-end|p1a: Gliscor|move: Taunt
|upkeep
|turn|4
|
|t:|1779870779
|move|p2a: Walking Wake|Draco Meteor|p1a: Gliscor
|-damage|p1a: Gliscor|12/100 tox
|-unboost|p2a: Walking Wake|spa|2
|move|p1a: Gliscor|Spikes|p2a: Walking Wake
|-sidestart|p2: iosoyio|Spikes
|
|-weather|SunnyDay|[upkeep]
|-heal|p1a: Gliscor|24/100 tox|[from] ability: Poison Heal
|upkeep
|turn|5
|
|t:|1779870783
|switch|p1a: Blissey|Blissey, F|100/100
|move|p2a: Walking Wake|Draco Meteor|p1a: Blissey
|-damage|p1a: Blissey|85/100
|-unboost|p2a: Walking Wake|spa|2
|
|-weather|SunnyDay|[upkeep]
|upkeep
|turn|6
|
|t:|1779870787
|-end|p2a: Walking Wake|Protosynthesis|[silent]
|switch|p2a: Lilligant|Lilligant-Hisui, F, shiny|100/100
|-damage|p2a: Lilligant|88/100|[from] Spikes
|move|p1a: Blissey|Stealth Rock|p2a: Lilligant
|-sidestart|p2: iosoyio|move: Stealth Rock
|
|-weather|none
|upkeep
|turn|7
|
|t:|1779870792
|move|p2a: Lilligant|Victory Dance|p2a: Lilligant
|-boost|p2a: Lilligant|atk|1
|-boost|p2a: Lilligant|def|1
|-boost|p2a: Lilligant|spe|1
|move|p1a: Blissey|Seismic Toss|p2a: Lilligant
|-damage|p2a: Lilligant|52/100
|
|upkeep
|turn|8
|
|t:|1779870796
|move|p2a: Lilligant|Close Combat|p1a: Blissey
|-supereffective|p1a: Blissey
|-damage|p1a: Blissey|0 fnt
|-unboost|p2a: Lilligant|def|1
|-unboost|p2a: Lilligant|spd|1
|faint|p1a: Blissey
|-damage|p2a: Lilligant|42/100|[from] item: Life Orb
|
|upkeep
|
|t:|1779870799
|switch|p1a: Pecharunt|Pecharunt|100/100
|turn|9
|
|t:|1779870811
|switch|p2a: Torkoal|Torkoal, M|100/100
|-damage|p2a: Torkoal|88/100|[from] Spikes
|-damage|p2a: Torkoal|63/100|[from] Stealth Rock
|-weather|SunnyDay|[from] ability: Drought|[of] p2a: Torkoal
|move|p1a: Pecharunt|Malignant Chain|p2a: Torkoal
|-crit|p2a: Torkoal
|-damage|p2a: Torkoal|10/100
|-status|p2a: Torkoal|tox
|-start|p2a: Torkoal|confusion|[from] ability: Poison Puppeteer|[of] p1a: Pecharunt
|
|-weather|SunnyDay|[upkeep]
|-damage|p2a: Torkoal|3/100 tox|[from] psn
|upkeep
|turn|10
|
|t:|1779870817
|move|p1a: Pecharunt|Malignant Chain|p2a: Torkoal
|-damage|p2a: Torkoal|0 fnt
|faint|p2a: Torkoal
|
|-weather|SunnyDay|[upkeep]
|upkeep
|
|t:|1779870829
|switch|p2a: Skeledirge|Skeledirge, M|100/100
|turn|11
|
|t:|1779870833
|move|p1a: Pecharunt|Parting Shot|p2a: Skeledirge
|-unboost|p2a: Skeledirge|atk|1
|-unboost|p2a: Skeledirge|spa|1
|
|t:|1779870835
|switch|p1a: Ogerpon|Ogerpon, F|100/100|[from] Parting Shot
|move|p2a: Skeledirge|Torch Song|p1a: Ogerpon
|-supereffective|p1a: Ogerpon
|-damage|p1a: Ogerpon|0 fnt
|-boost|p2a: Skeledirge|spa|1
|faint|p1a: Ogerpon
|
|-weather|SunnyDay|[upkeep]
|upkeep
|
|t:|1779870838
|switch|p1a: Walking Wake|Walking Wake|100/100
|-activate|p1a: Walking Wake|ability: Protosynthesis
|-start|p1a: Walking Wake|protosynthesisspe
|turn|12
|
|t:|1779870848
|switch|p2a: Grafaiai|Grafaiai, F|13/100
|-damage|p2a: Grafaiai|1/100|[from] Spikes
|-damage|p2a: Grafaiai|0 fnt|[from] Stealth Rock
|faint|p2a: Grafaiai
|move|p1a: Walking Wake|Draco Meteor|p2: Grafaiai|[notarget]
|-fail|p1a: Walking Wake
|
|-weather|SunnyDay|[upkeep]
|upkeep
|
|t:|1779870858
|switch|p2a: Walking Wake|Walking Wake|64/100
|-damage|p2a: Walking Wake|52/100|[from] Spikes
|-damage|p2a: Walking Wake|40/100|[from] Stealth Rock
|-activate|p2a: Walking Wake|ability: Protosynthesis
|-start|p2a: Walking Wake|protosynthesisspe
|turn|13
|
|t:|1779870866
|-terastallize|p2a: Walking Wake|Fairy
|move|p1a: Walking Wake|Draco Meteor|p2a: Walking Wake
|-immune|p2a: Walking Wake
|move|p2a: Walking Wake|Hydro Steam|p1a: Walking Wake
|-resisted|p1a: Walking Wake
|-damage|p1a: Walking Wake|76/100
|
|-weather|SunnyDay|[upkeep]
|upkeep
|turn|14
|
|t:|1779870873
|move|p1a: Walking Wake|Knock Off|p2a: Walking Wake
|-resisted|p2a: Walking Wake
|-crit|p2a: Walking Wake
|-damage|p2a: Walking Wake|26/100
|-enditem|p2a: Walking Wake|Choice Specs|[from] move: Knock Off|[of] p1a: Walking Wake
|move|p2a: Walking Wake|Hydro Steam|p1a: Walking Wake
|-resisted|p1a: Walking Wake
|-damage|p1a: Walking Wake|60/100
|
|-weather|SunnyDay|[upkeep]
|upkeep
|turn|15
|
|t:|1779870876
|move|p1a: Walking Wake|Surf|p2a: Walking Wake
|-damage|p2a: Walking Wake|0 fnt
|faint|p2a: Walking Wake
|-end|p2a: Walking Wake|Protosynthesis|[silent]
|
|-weather|SunnyDay|[upkeep]
|upkeep
|
|t:|1779870880
|switch|p2a: Lilligant|Lilligant-Hisui, F, shiny|42/100
|-damage|p2a: Lilligant|30/100|[from] Spikes
|-damage|p2a: Lilligant|24/100|[from] Stealth Rock
|turn|16
|
|t:|1779870887
|move|p2a: Lilligant|Solar Blade||[still]
|-prepare|p2a: Lilligant|Solar Blade
|-anim|p2a: Lilligant|Solar Blade|p1a: Walking Wake
|-damage|p1a: Walking Wake|0 fnt
|faint|p1a: Walking Wake
|-end|p1a: Walking Wake|Protosynthesis|[silent]
|-damage|p2a: Lilligant|14/100|[from] item: Life Orb
|
|-weather|none
|upkeep
|
|t:|1779870892
|switch|p1a: Corviknight|Corviknight, F|100/100
|-ability|p1a: Corviknight|Pressure
|turn|17
|
|t:|1779870899
|move|p2a: Lilligant|Close Combat|p1a: Corviknight
|-damage|p1a: Corviknight|53/100
|-unboost|p2a: Lilligant|def|1
|-unboost|p2a: Lilligant|spd|1
|-damage|p2a: Lilligant|4/100|[from] item: Life Orb
|move|p1a: Corviknight|U-turn|p2a: Lilligant
|-damage|p2a: Lilligant|0 fnt
|faint|p2a: Lilligant
|
|t:|1779870904
|switch|p1a: Gliscor|Gliscor, M|24/100 tox|[from] U-turn
|
|-heal|p1a: Gliscor|36/100 tox|[from] ability: Poison Heal
|upkeep
|
|t:|1779870917
|switch|p2a: Skeledirge|Skeledirge, M|100/100
|turn|18
|
|t:|1779870922
|-terastallize|p1a: Gliscor|Ghost
|move|p1a: Gliscor|Protect|p1a: Gliscor
|-singleturn|p1a: Gliscor|Protect
|move|p2a: Skeledirge|Torch Song|p1a: Gliscor
|-activate|p1a: Gliscor|move: Protect
|
|-heal|p1a: Gliscor|49/100 tox|[from] ability: Poison Heal
|upkeep
|turn|19
|
|t:|1779870930
|move|p1a: Gliscor|Earthquake|p2a: Skeledirge
|-supereffective|p2a: Skeledirge
|-damage|p2a: Skeledirge|43/100
|move|p2a: Skeledirge|Will-O-Wisp||[still]
|-fail|p2a: Skeledirge
|
|-heal|p1a: Gliscor|61/100 tox|[from] ability: Poison Heal
|upkeep
|turn|20
|
|t:|1779870938
|move|p1a: Gliscor|Earthquake|p2a: Skeledirge
|-supereffective|p2a: Skeledirge
|-crit|p2a: Skeledirge
|-damage|p2a: Skeledirge|0 fnt
|faint|p2a: Skeledirge
|
|-heal|p1a: Gliscor|74/100 tox|[from] ability: Poison Heal
|upkeep
|
|t:|1779870942
|switch|p2a: Sandy Shocks|Sandy Shocks|100/100
|-damage|p2a: Sandy Shocks|88/100|[from] Spikes
|-damage|p2a: Sandy Shocks|82/100|[from] Stealth Rock
|turn|21
|
|t:|1779870945
|move|p2a: Sandy Shocks|Discharge|p1a: Gliscor
|-damage|p1a: Gliscor|34/100 tox
|-damage|p2a: Sandy Shocks|72/100|[from] item: Life Orb
|move|p1a: Gliscor|Toxic|p2a: Sandy Shocks
|-status|p2a: Sandy Shocks|tox
|
|-damage|p2a: Sandy Shocks|66/100 tox|[from] psn
|-heal|p1a: Gliscor|47/100 tox|[from] ability: Poison Heal
|upkeep
|turn|22
|
|t:|1779870954
|move|p1a: Gliscor|Protect|p1a: Gliscor
|-singleturn|p1a: Gliscor|Protect
|move|p2a: Sandy Shocks|Discharge|p1a: Gliscor
|-activate|p1a: Gliscor|move: Protect
|
|-damage|p2a: Sandy Shocks|53/100 tox|[from] psn
|-heal|p1a: Gliscor|59/100 tox|[from] ability: Poison Heal
|upkeep
|turn|23
|
|t:|1779870960
|move|p2a: Sandy Shocks|Discharge|p1a: Gliscor
|-damage|p1a: Gliscor|16/100 tox
|-damage|p2a: Sandy Shocks|44/100 tox|[from] item: Life Orb
|move|p1a: Gliscor|Earthquake|p2a: Sandy Shocks
|-supereffective|p2a: Sandy Shocks
|-damage|p2a: Sandy Shocks|0 fnt
|faint|p2a: Sandy Shocks
|-end|p2a: Sandy Shocks|Protosynthesis|[silent]
|
|win|claudechamp
|raw|claudechamp's rating: 1317 &rarr; <strong>1336</strong><br />(+19 for winning)
|raw|iosoyio's rating: 1296 &rarr; <strong>1273</strong><br />(-23 for losing)
|c|☆claudechamp|gg
|l|☆iosoyio
|player|p2|
