|j|☆x_anabolic_x
|j|☆Psyduck is stupid
|t:|1779869041
|gametype|singles
|player|p1|x_anabolic_x|ltsurge|1240
|player|p2|Psyduck is stupid|170|1292
|gen|9
|tier|[Gen 9] OU
|rated|
|rule|HP Percentage Mod: HP is shown in percentages
|rule|Endless Battle Clause: Forcing endless battles is banned
|rule|Species Clause: Limit one of each Pokémon
|rule|OHKO Clause: OHKO moves are banned
|rule|Evasion Items Clause: Evasion items are banned
|rule|Evasion Moves Clause: Evasion moves are banned
|rule|Evasion Abilities Clause: Evasion abilities are banned
|rule|Sleep Moves Clause: Sleep-inducing moves are banned
|clearpoke
|poke|p1|Hatterene, F|
|poke|p1|Porygon2|
|poke|p1|Torkoal, M|
|poke|p1|Ursaluna, F|
|poke|p1|Cresselia, F|
|poke|p1|Crawdaunt, M|
|poke|p2|Trevenant, F|
|poke|p2|Slowking-Galar, M|
|poke|p2|Porygon2|
|poke|p2|Clefable, M|
|poke|p2|Torkoal, M|
|poke|p2|Forretress, F|
|teampreview
|inactive|Battle timer is ON: inactive players will automatically lose when time's up. (requested by x_anabolic_x)
|
|t:|1779869053
|teamsize|p1|6
|teamsize|p2|6
|start
|switch|p1a: Cresselia|Cresselia, F|100/100
|switch|p2a: Tomato with eyes|Forretress, F|100/100
|turn|1
|
|t:|1779869062
|move|p2a: Tomato with eyes|Ice Spinner|p1a: Cresselia
|-damage|p1a: Cresselia|85/100
|move|p1a: Cresselia|Trick Room|p1a: Cresselia
|-fieldstart|move: Trick Room|[of] p1a: Cresselia
|
|-heal|p1a: Cresselia|91/100|[from] item: Leftovers
|upkeep
|turn|2
|
|t:|1779869077
|switch|p1a: Ursaluna|Ursaluna, F|100/100
|move|p2a: Tomato with eyes|Ice Spinner|p1a: Ursaluna
|-supereffective|p1a: Ursaluna
|-damage|p1a: Ursaluna|68/100
|
|-status|p1a: Ursaluna|brn|[from] item: Flame Orb
|upkeep
|turn|3
|
|t:|1779869085
|move|p2a: Tomato with eyes|Ice Spinner|p1a: Ursaluna
|-supereffective|p1a: Ursaluna
|-damage|p1a: Ursaluna|34/100 brn
|move|p1a: Ursaluna|Fire Punch|p2a: Tomato with eyes
|-supereffective|p2a: Tomato with eyes
|-ability|p2a: Tomato with eyes|Sturdy
|-damage|p2a: Tomato with eyes|1/100
|
|-damage|p1a: Ursaluna|28/100 brn|[from] brn
|upkeep
|turn|4
|-enditem|p2a: Tomato with eyes|Custap Berry|[eat]
|-activate|p2a: Tomato with eyes|item: Custap Berry|[consumed]
|
|t:|1779869097
|switch|p1a: Torkoal|Torkoal, M|100/100
|-weather|SunnyDay|[from] ability: Drought|[of] p1a: Torkoal
|move|p2a: Tomato with eyes|Ice Spinner|p1a: Torkoal
|-resisted|p1a: Torkoal
|-damage|p1a: Torkoal|91/100
|
|-weather|SunnyDay|[upkeep]
|upkeep
|turn|5
|
|t:|1779869125
|move|p1a: Torkoal|Eruption|p2a: Tomato with eyes
|-supereffective|p2a: Tomato with eyes
|-crit|p2a: Tomato with eyes
|-damage|p2a: Tomato with eyes|0 fnt
|faint|p2a: Tomato with eyes
|
|-weather|SunnyDay|[upkeep]
|-fieldend|move: Trick Room
|upkeep
|c|☆Psyduck is stupid|<3 turtle
|inactive|Psyduck is stupid has 120 seconds left.
|
|t:|1779869137
|switch|p2a: Psyduck Gigamax|Porygon2|100/100
|-ability|p2a: Psyduck Gigamax|Download|boost
|-boost|p2a: Psyduck Gigamax|spa|1
|turn|6
|c|☆x_anabolic_x|nice team bro
|c|☆x_anabolic_x|GLHF
|
|t:|1779869163
|switch|p1a: Cresselia|Cresselia, F|91/100
|move|p2a: Psyduck Gigamax|Tri Attack|p1a: Cresselia
|-damage|p1a: Cresselia|60/100
|-status|p1a: Cresselia|brn
|
|-weather|SunnyDay|[upkeep]
|-heal|p1a: Cresselia|66/100 brn|[from] item: Leftovers
|-damage|p1a: Cresselia|60/100 brn|[from] brn
|upkeep
|turn|7
|
|t:|1779869173
|-terastallize|p2a: Psyduck Gigamax|Ghost
|move|p2a: Psyduck Gigamax|Shadow Ball|p1a: Cresselia
|-supereffective|p1a: Cresselia
|-crit|p1a: Cresselia
|-damage|p1a: Cresselia|0 fnt
|faint|p1a: Cresselia
|
|-weather|SunnyDay|[upkeep]
|upkeep
|
|t:|1779869187
|switch|p1a: Hatterene|Hatterene, F|100/100
|turn|8
|
|t:|1779869202
|move|p2a: Psyduck Gigamax|Shadow Ball|p1a: Hatterene
|-supereffective|p1a: Hatterene
|-enditem|p1a: Hatterene|Focus Sash
|-damage|p1a: Hatterene|1/100
|-unboost|p1a: Hatterene|spd|1
|move|p1a: Hatterene|Trick Room|p1a: Hatterene
|-fieldstart|move: Trick Room|[of] p1a: Hatterene
|
|-weather|none
|upkeep
|turn|9
|
|t:|1779869215
|move|p1a: Hatterene|Misty Explosion|p2a: Psyduck Gigamax
|-damage|p2a: Psyduck Gigamax|54/100
|faint|p1a: Hatterene
|move|p2a: Psyduck Gigamax|Tri Attack|p1: Hatterene|[notarget]
|-fail|p2a: Psyduck Gigamax
|
|upkeep
|inactive|x_anabolic_x has 120 seconds left.
|
|t:|1779869241
|switch|p1a: Crawdaunt|Crawdaunt, M|100/100
|turn|10
|
|t:|1779869244
|move|p1a: Crawdaunt|Knock Off|p2a: Psyduck Gigamax
|-supereffective|p2a: Psyduck Gigamax
|-damage|p2a: Psyduck Gigamax|0 fnt
|-enditem|p2a: Psyduck Gigamax|Eviolite|[from] move: Knock Off|[of] p1a: Crawdaunt
|faint|p2a: Psyduck Gigamax
|-damage|p1a: Crawdaunt|90/100|[from] item: Life Orb
|
|upkeep
|
|t:|1779869258
|switch|p2a: Useless turtle|Torkoal, M|100/100
|-weather|SunnyDay|[from] ability: Drought|[of] p2a: Useless turtle
|turn|11
|
|t:|1779869263
|move|p2a: Useless turtle|Solar Beam||[still]
|-prepare|p2a: Useless turtle|Solar Beam
|-anim|p2a: Useless turtle|Solar Beam|p1a: Crawdaunt
|-supereffective|p1a: Crawdaunt
|-damage|p1a: Crawdaunt|0 fnt
|faint|p1a: Crawdaunt
|-damage|p2a: Useless turtle|91/100|[from] item: Life Orb
|
|-weather|SunnyDay|[upkeep]
|upkeep
|
|t:|1779869275
|switch|p1a: Porygon2|Porygon2|100/100
|-ability|p1a: Porygon2|Download|boost
|-boost|p1a: Porygon2|spa|1
|turn|12
|
|t:|1779869282
|move|p2a: Useless turtle|Eruption|p1a: Porygon2
|-damage|p1a: Porygon2|25/100
|-damage|p2a: Useless turtle|81/100|[from] item: Life Orb
|move|p1a: Porygon2|Recover|p1a: Porygon2
|-heal|p1a: Porygon2|75/100
|
|-weather|SunnyDay|[upkeep]
|-fieldend|move: Trick Room
|upkeep
|turn|13
|
|t:|1779869292
|move|p1a: Porygon2|Tri Attack|p2a: Useless turtle
|-damage|p2a: Useless turtle|4/100
|move|p2a: Useless turtle|Eruption|p1a: Porygon2
|-damage|p1a: Porygon2|73/100
|-damage|p2a: Useless turtle|0 fnt|[from] item: Life Orb
|faint|p2a: Useless turtle
|
|-weather|SunnyDay|[upkeep]
|upkeep
|
|t:|1779869317
|switch|p2a: Fat pink Pikachu|Clefable, M|100/100
|turn|14
|c|☆x_anabolic_x|turtle + life orb is great
|
|t:|1779869331
|move|p2a: Fat pink Pikachu|Moonblast|p1a: Porygon2
|-damage|p1a: Porygon2|30/100
|move|p1a: Porygon2|Tri Attack|p2a: Fat pink Pikachu
|-damage|p2a: Fat pink Pikachu|59/100
|-status|p2a: Fat pink Pikachu|par
|
|-weather|SunnyDay|[upkeep]
|upkeep
|turn|15
|c|☆Psyduck is stupid|rip
|
|t:|1779869339
|move|p1a: Porygon2|Recover|p1a: Porygon2
|-heal|p1a: Porygon2|80/100
|move|p2a: Fat pink Pikachu|Moonblast|p1a: Porygon2
|-damage|p1a: Porygon2|40/100
|
|-weather|none
|upkeep
|turn|16
|
|t:|1779869346
|move|p1a: Porygon2|Tri Attack|p2a: Fat pink Pikachu
|-damage|p2a: Fat pink Pikachu|17/100 par
|move|p2a: Fat pink Pikachu|Moonblast|p1a: Porygon2
|-damage|p1a: Porygon2|2/100
|
|upkeep
|turn|17
|
|t:|1779869352
|move|p1a: Porygon2|Recover|p1a: Porygon2
|-heal|p1a: Porygon2|52/100
|move|p2a: Fat pink Pikachu|Moonblast|p1a: Porygon2
|-damage|p1a: Porygon2|11/100
|
|upkeep
|turn|18
|
|t:|1779869361
|move|p2a: Fat pink Pikachu|Moonblast|p1a: Porygon2
|-damage|p1a: Porygon2|0 fnt
|faint|p1a: Porygon2
|
|upkeep
|
|t:|1779869369
|switch|p1a: Torkoal|Torkoal, M|91/100
|-weather|SunnyDay|[from] ability: Drought|[of] p1a: Torkoal
|turn|19
|c|☆Psyduck is stupid|trick room has low priority :D
|
|t:|1779869376
|move|p1a: Torkoal|Heat Wave|p2a: Fat pink Pikachu
|-damage|p2a: Fat pink Pikachu|0 fnt
|faint|p2a: Fat pink Pikachu
|
|-weather|SunnyDay|[upkeep]
|upkeep
|
|t:|1779869386
|switch|p2a: Clefable with hat|Slowking-Galar, M|100/100
|turn|20
|
|t:|1779869396
|switch|p1a: Ursaluna|Ursaluna, F|28/100 brn
|move|p2a: Clefable with hat|Sludge Bomb|p1a: Ursaluna
|-resisted|p1a: Ursaluna
|-damage|p1a: Ursaluna|1/100 brn
|-damage|p2a: Clefable with hat|91/100|[from] item: Life Orb
|
|-weather|SunnyDay|[upkeep]
|-damage|p1a: Ursaluna|0 fnt|[from] brn
|faint|p1a: Ursaluna
|upkeep
|c|☆x_anabolic_x|gg bro u win :)
|
|t:|1779869414
|switch|p1a: Torkoal|Torkoal, M|91/100
|turn|21
|
|t:|1779869420
|-terastallize|p1a: Torkoal|Fire
|move|p1a: Torkoal|Heat Wave|p2a: Clefable with hat
|-damage|p2a: Clefable with hat|0 fnt
|faint|p2a: Clefable with hat
|
|-weather|SunnyDay|[upkeep]
|upkeep
|c|☆Psyduck is stupid|rip
|c|☆Psyduck is stupid|i thought you had 40 speed
|
|t:|1779869440
|switch|p2a: Tree with feet|Trevenant, F|100/100
|turn|22
|
|t:|1779869444
|move|p2a: Tree with feet|Earthquake|p1a: Torkoal
|-supereffective|p1a: Torkoal
|-damage|p1a: Torkoal|29/100
|-damage|p2a: Tree with feet|91/100|[from] item: Life Orb
|move|p1a: Torkoal|Heat Wave|p2a: Tree with feet
|-supereffective|p2a: Tree with feet
|-damage|p2a: Tree with feet|0 fnt
|faint|p2a: Tree with feet
|
|win|x_anabolic_x
|raw|x_anabolic_x's rating: 1240 &rarr; <strong>1267</strong><br />(+27 for winning)
|raw|Psyduck is stupid's rating: 1268 &rarr; <strong>1241</strong><br />(-27 for losing)
|l|☆Psyduck is stupid
|player|p2|
|c|☆x_anabolic_x|GG
|l|☆x_anabolic_x
|player|p1|
