|j|☆bfio
|j|☆diddlediddle
|t:|1779907387
|gametype|singles
|player|p1|bfio|266|1315
|player|p2|diddlediddle|swimmerf|1315
|gen|9
|tier|[Gen 9] OU
|rated|
|rule|HP Percentage Mod: HP is shown in percentages
|rule|Endless Battle Clause: Forcing endless battles is banned
|rule|Species Clause: Limit one of each Pokémon
|rule|OHKO Clause: OHKO moves are banned
|rule|Evasion Items Clause: Evasion items are banned
|rule|Evasion Moves Clause: Evasion moves are banned
|rule|Evasion Abilities Clause: Evasion abilities are banned
|rule|Sleep Moves Clause: Sleep-inducing moves are banned
|clearpoke
|poke|p1|Ogerpon-Wellspring, F|
|poke|p1|Rillaboom, F|
|poke|p1|Hatterene, F|
|poke|p1|Heatran, M|
|poke|p1|Gholdengo|
|poke|p1|Iron Treads|
|poke|p2|Cacturne, M|
|poke|p2|Sandy Shocks|
|poke|p2|Jirachi|
|poke|p2|Zoroark-Hisui, F|
|poke|p2|Heatran, M|
|poke|p2|Maushold-Four|
|teampreview
|inactive|Battle timer is ON: inactive players will automatically lose when time's up. (requested by diddlediddle)
|
|t:|1779907399
|teamsize|p1|6
|teamsize|p2|6
|start
|switch|p1a: Iron Treads|Iron Treads|100/100
|switch|p2a: Cacturne|Cacturne, M|100/100
|turn|1
|
|t:|1779907406
|move|p1a: Iron Treads|Iron Head|p2a: Cacturne
|-damage|p2a: Cacturne|37/100
|move|p2a: Cacturne|Swords Dance|p2a: Cacturne
|-boost|p2a: Cacturne|atk|2
|
|upkeep
|turn|2
|
|t:|1779907414
|move|p2a: Cacturne|Sucker Punch|p1a: Iron Treads
|-damage|p1a: Iron Treads|33/100
|move|p1a: Iron Treads|Iron Head|p2a: Cacturne
|-damage|p2a: Cacturne|0 fnt
|faint|p2a: Cacturne
|
|-heal|p1a: Iron Treads|39/100|[from] item: Leftovers
|upkeep
|
|t:|1779907424
|switch|p2a: Sandy Shocks|Sandy Shocks|100/100
|-enditem|p2a: Sandy Shocks|Booster Energy
|-activate|p2a: Sandy Shocks|ability: Protosynthesis|[fromitem]
|-start|p2a: Sandy Shocks|protosynthesisspe
|turn|3
|
|t:|1779907431
|-end|p1a: Iron Treads|Quark Drive|[silent]
|switch|p1a: Hatterene|Hatterene, F|100/100
|move|p2a: Sandy Shocks|Earth Power|p1a: Hatterene
|-damage|p1a: Hatterene|52/100
|-enditem|p1a: Hatterene|Red Card|[of] p2a: Sandy Shocks
|-end|p2a: Sandy Shocks|Protosynthesis|[silent]
|drag|p2a: Heatran|Heatran, M|100/100
|
|upkeep
|turn|4
|
|t:|1779907440
|move|p2a: Heatran|Flash Cannon|p1a: Hatterene
|-supereffective|p1a: Hatterene
|-damage|p1a: Hatterene|0 fnt
|faint|p1a: Hatterene
|
|upkeep
|
|t:|1779907443
|switch|p1a: Iron Treads|Iron Treads|39/100
|turn|5
|
|t:|1779907452
|-terastallize|p2a: Heatran|Flying
|move|p2a: Heatran|Flash Cannon|p1a: Iron Treads
|-resisted|p1a: Iron Treads
|-damage|p1a: Iron Treads|8/100
|-unboost|p1a: Iron Treads|spd|1
|move|p1a: Iron Treads|High Horsepower|p2a: Heatran
|-immune|p2a: Heatran
|
|-heal|p1a: Iron Treads|14/100|[from] item: Leftovers
|upkeep
|turn|6
|
|t:|1779907465
|switch|p2a: Live by the flinch|Jirachi|100/100
|-end|p1a: Iron Treads|Quark Drive|[silent]
|switch|p1a: Rillaboom|Rillaboom, F|100/100
|-fieldstart|move: Grassy Terrain|[from] ability: Grassy Surge|[of] p1a: Rillaboom
|
|upkeep
|turn|7
|
|t:|1779907473
|move|p2a: Live by the flinch|Body Slam|p1a: Rillaboom
|-crit|p1a: Rillaboom
|-damage|p1a: Rillaboom|60/100
|-status|p1a: Rillaboom|par
|move|p1a: Rillaboom|U-turn|p2a: Live by the flinch
|-damage|p2a: Live by the flinch|77/100
|
|t:|1779907479
|switch|p1a: Gholdengo|Gholdengo|100/100|[from] U-turn
|
|-heal|p2a: Live by the flinch|83/100|[from] Grassy Terrain
|upkeep
|turn|8
|
|t:|1779907490
|switch|p2a: Heatran|Heatran, M, tera:Flying|100/100
|move|p1a: Gholdengo|Make It Rain|p2a: Heatran
|-damage|p2a: Heatran|41/100
|-unboost|p1a: Gholdengo|spa|1
|
|upkeep
|turn|9
|
|t:|1779907500
|switch|p1a: Heatran|Heatran, M|100/100
|-item|p1a: Heatran|Air Balloon
|move|p2a: Heatran|Flamethrower|p1a: Heatran
|-start|p1a: Heatran|ability: Flash Fire
|
|upkeep
|turn|10
|inactive|bfio has 120 seconds left.
|inactive|bfio has 90 seconds left.
|
|t:|1779907564
|move|p2a: Heatran|Flamethrower|p1a: Heatran
|-immune|p1a: Heatran|[from] ability: Flash Fire
|move|p1a: Heatran|Stealth Rock|p2a: Heatran
|-sidestart|p2: diddlediddle|move: Stealth Rock
|
|-fieldend|move: Grassy Terrain
|upkeep
|turn|11
|
|t:|1779907572
|move|p2a: Heatran|Flamethrower|p1a: Heatran
|-immune|p1a: Heatran|[from] ability: Flash Fire
|move|p1a: Heatran|Heavy Slam|p2a: Heatran
|-damage|p2a: Heatran|27/100
|
|upkeep
|turn|12
|
|t:|1779907579
|move|p2a: Heatran|Flamethrower|p1a: Heatran
|-immune|p1a: Heatran|[from] ability: Flash Fire
|move|p1a: Heatran|Magma Storm|p2a: Heatran
|-start|p2a: Heatran|ability: Flash Fire
|
|upkeep
|turn|13
|
|t:|1779907586
|move|p2a: Heatran|Flamethrower|p1a: Heatran
|-immune|p1a: Heatran|[from] ability: Flash Fire
|move|p1a: Heatran|Heavy Slam|p2a: Heatran
|-damage|p2a: Heatran|15/100
|
|upkeep
|turn|14
|
|t:|1779907598
|-end|p2a: Heatran|ability: Flash Fire|[silent]
|switch|p2a: Sandy Shocks|Sandy Shocks|100/100
|-damage|p2a: Sandy Shocks|94/100|[from] Stealth Rock
|move|p1a: Heatran|Heavy Slam|p2a: Sandy Shocks
|-resisted|p2a: Sandy Shocks
|-damage|p2a: Sandy Shocks|75/100
|
|upkeep
|turn|15
|inactive|bfio has 120 seconds left.
|
|t:|1779907635
|-end|p1a: Heatran|ability: Flash Fire|[silent]
|switch|p1a: Rillaboom|Rillaboom, F|60/100 par
|-fieldstart|move: Grassy Terrain|[from] ability: Grassy Surge|[of] p1a: Rillaboom
|move|p2a: Sandy Shocks|Mirror Coat||[still]
|-fail|p2a: Sandy Shocks
|
|-heal|p2a: Sandy Shocks|82/100|[from] Grassy Terrain
|-heal|p1a: Rillaboom|66/100 par|[from] Grassy Terrain
|upkeep
|turn|16
|
|t:|1779907649
|-end|p2a: Sandy Shocks|Protosynthesis|[silent]
|switch|p2a: Heatran|Heatran, M, tera:Flying|15/100
|-damage|p2a: Heatran|0 fnt|[from] Stealth Rock
|faint|p2a: Heatran
|move|p1a: Rillaboom|U-turn|p2: Heatran|[notarget]
|-fail|p1a: Rillaboom
|
|-heal|p1a: Rillaboom|72/100 par|[from] Grassy Terrain
|upkeep
|
|t:|1779907659
|switch|p2a: Sandy Shocks|Sandy Shocks|100/100
|-damage|p2a: Sandy Shocks|88/100|[from] Stealth Rock
|turn|17
|
|t:|1779907664
|cant|p1a: Rillaboom|par
|move|p2a: Sandy Shocks|Bitter Malice|p1a: Rillaboom
|-damage|p1a: Rillaboom|0 fnt
|faint|p1a: Rillaboom
|
|-heal|p2a: Sandy Shocks|94/100|[from] Grassy Terrain
|upkeep
|
|t:|1779907675
|switch|p1a: Gholdengo|Gholdengo|100/100
|turn|18
|
|t:|1779907679
|move|p1a: Gholdengo|Make It Rain|p2a: Sandy Shocks
|-damage|p2a: Sandy Shocks|0 fnt
|-unboost|p1a: Gholdengo|spa|1
|replace|p2a: Zoroark|Zoroark-Hisui, F
|-end|p2a: Zoroark|Illusion
|faint|p2a: Zoroark
|
|upkeep
|
|t:|1779907690
|switch|p2a: Sandy Shocks|Sandy Shocks|82/100
|-damage|p2a: Sandy Shocks|75/100|[from] Stealth Rock
|turn|19
|
|t:|1779907699
|switch|p1a: Heatran|Heatran, M|100/100
|-item|p1a: Heatran|Air Balloon
|move|p2a: Sandy Shocks|Thunderbolt|p1a: Heatran
|-damage|p1a: Heatran|64/100
|-enditem|p1a: Heatran|Air Balloon
|
|-heal|p2a: Sandy Shocks|82/100|[from] Grassy Terrain
|-heal|p1a: Heatran|70/100|[from] Grassy Terrain
|-fieldend|move: Grassy Terrain
|upkeep
|turn|20
|
|t:|1779907710
|switch|p1a: Ogerpon|Ogerpon-Wellspring, F|100/100
|move|p2a: Sandy Shocks|Earth Power|p1a: Ogerpon
|-resisted|p1a: Ogerpon
|-damage|p1a: Ogerpon|76/100
|
|upkeep
|turn|21
|
|t:|1779907717
|move|p1a: Ogerpon|Ivy Cudgel|p2a: Sandy Shocks|[anim] Ivy Cudgel Water
|-supereffective|p2a: Sandy Shocks
|-damage|p2a: Sandy Shocks|0 fnt
|faint|p2a: Sandy Shocks
|-end|p2a: Sandy Shocks|Protosynthesis|[silent]
|
|upkeep
|
|t:|1779907724
|switch|p2a: Live by the flinch|Jirachi|83/100
|-damage|p2a: Live by the flinch|77/100|[from] Stealth Rock
|turn|22
|
|t:|1779907740
|switch|p1a: Gholdengo|Gholdengo|100/100
|move|p2a: Live by the flinch|Iron Head|p1a: Gholdengo
|-resisted|p1a: Gholdengo
|-damage|p1a: Gholdengo|82/100
|
|upkeep
|turn|23
|
|t:|1779907747
|move|p2a: Live by the flinch|Iron Head|p1a: Gholdengo
|-resisted|p1a: Gholdengo
|-damage|p1a: Gholdengo|64/100
|cant|p1a: Gholdengo|flinch
|
|upkeep
|turn|24
|
|t:|1779907751
|move|p2a: Live by the flinch|Iron Head|p1a: Gholdengo
|-resisted|p1a: Gholdengo
|-damage|p1a: Gholdengo|45/100
|cant|p1a: Gholdengo|flinch
|
|upkeep
|turn|25
|
|t:|1779907755
|switch|p1a: Heatran|Heatran, M|70/100
|move|p2a: Live by the flinch|Iron Head|p1a: Heatran
|-resisted|p1a: Heatran
|-damage|p1a: Heatran|63/100
|
|upkeep
|turn|26
|
|t:|1779907759
|move|p2a: Live by the flinch|Iron Head|p1a: Heatran
|-resisted|p1a: Heatran
|-damage|p1a: Heatran|55/100
|move|p1a: Heatran|Heavy Slam|p2a: Live by the flinch
|-resisted|p2a: Live by the flinch
|-damage|p2a: Live by the flinch|59/100
|
|upkeep
|turn|27
|
|t:|1779907761
|move|p2a: Live by the flinch|Iron Head|p1a: Heatran
|-resisted|p1a: Heatran
|-damage|p1a: Heatran|48/100
|move|p1a: Heatran|Magma Storm|p2a: Live by the flinch
|-supereffective|p2a: Live by the flinch
|-damage|p2a: Live by the flinch|0 fnt
|faint|p2a: Live by the flinch
|
|upkeep
|
|t:|1779907763
|switch|p2a: Maushold|Maushold-Four|100/100
|-damage|p2a: Maushold|88/100|[from] Stealth Rock
|turn|28
|
|t:|1779907777
|move|p2a: Maushold|Tidy Up|p2a: Maushold
|-sideend|p2: diddlediddle|Stealth Rock
|-activate|p2a: Maushold|move: Tidy Up
|-boost|p2a: Maushold|atk|1
|-boost|p2a: Maushold|spe|1
|move|p1a: Heatran|Heavy Slam|p2a: Maushold
|-damage|p2a: Maushold|24/100
|
|upkeep
|turn|29
|
|t:|1779907780
|move|p2a: Maushold|Population Bomb|p1a: Heatran
|-resisted|p1a: Heatran
|-damage|p1a: Heatran|40/100
|-resisted|p1a: Heatran
|-damage|p1a: Heatran|34/100
|-resisted|p1a: Heatran
|-damage|p1a: Heatran|27/100
|-resisted|p1a: Heatran
|-damage|p1a: Heatran|21/100
|-resisted|p1a: Heatran
|-damage|p1a: Heatran|15/100
|-resisted|p1a: Heatran
|-damage|p1a: Heatran|8/100
|-resisted|p1a: Heatran
|-damage|p1a: Heatran|1/100
|-resisted|p1a: Heatran
|-damage|p1a: Heatran|0 fnt
|faint|p1a: Heatran
|-hitcount|p1: Heatran|8
|
|upkeep
|
|t:|1779907785
|switch|p1a: Gholdengo|Gholdengo|45/100
|turn|30
|
|t:|1779907788
|move|p2a: Maushold|Bite|p1a: Gholdengo
|-supereffective|p1a: Gholdengo
|-damage|p1a: Gholdengo|0 fnt
|faint|p1a: Gholdengo
|
|upkeep
|
|t:|1779907790
|switch|p1a: Ogerpon|Ogerpon-Wellspring, F|76/100
|turn|31
|
|t:|1779907794
|move|p2a: Maushold|Population Bomb|p1a: Ogerpon
|-damage|p1a: Ogerpon|54/100
|-damage|p1a: Ogerpon|34/100
|-damage|p1a: Ogerpon|14/100
|-damage|p1a: Ogerpon|0 fnt
|faint|p1a: Ogerpon
|-hitcount|p1: Ogerpon|4
|
|upkeep
|
|t:|1779907796
|switch|p1a: Iron Treads|Iron Treads|14/100
|turn|32
|c|☆diddlediddle|Bro fucked up
|c|☆bfio|gg
|c|☆diddlediddle|GG
|c|☆bfio|i guess so
|
|t:|1779907805
|move|p2a: Maushold|Population Bomb|p1a: Iron Treads
|-resisted|p1a: Iron Treads
|-damage|p1a: Iron Treads|7/100
|-resisted|p1a: Iron Treads
|-damage|p1a: Iron Treads|0 fnt
|faint|p1a: Iron Treads
|-end|p1a: Iron Treads|Quark Drive|[silent]
|-hitcount|p1: Iron Treads|2
|
|win|diddlediddle
|raw|bfio's rating: 1315 &rarr; <strong>1295</strong><br />(-20 for losing)
|raw|diddlediddle's rating: 1315 &rarr; <strong>1335</strong><br />(+20 for winning)
|l|☆bfio
|player|p1|
|l|☆diddlediddle
|player|p2|
|j|☆diddlediddle
|player|p2|diddlediddle|swimmerf|
|l|☆diddlediddle
|player|p2|
