|j|☆whisperingcloth
|j|☆PepeNike
|t:|1779861752
|gametype|singles
|player|p1|whisperingcloth|170|1449
|player|p2|PepeNike|266|1462
|gen|9
|tier|[Gen 9] OU
|rated|
|rule|HP Percentage Mod: HP is shown in percentages
|rule|Endless Battle Clause: Forcing endless battles is banned
|rule|Species Clause: Limit one of each Pokémon
|rule|OHKO Clause: OHKO moves are banned
|rule|Evasion Items Clause: Evasion items are banned
|rule|Evasion Moves Clause: Evasion moves are banned
|rule|Evasion Abilities Clause: Evasion abilities are banned
|rule|Sleep Moves Clause: Sleep-inducing moves are banned
|clearpoke
|poke|p1|Scizor, M|
|poke|p1|Deoxys-Speed|
|poke|p1|Garganacl, F|
|poke|p1|Volcanion|
|poke|p1|Great Tusk|
|poke|p1|Zapdos|
|poke|p2|Darkrai|
|poke|p2|Hawlucha, M|
|poke|p2|Alomomola, M|
|poke|p2|Ting-Lu|
|poke|p2|Zamazenta-*|
|poke|p2|Iron Valiant|
|teampreview
|inactive|Battle timer is ON: inactive players will automatically lose when time's up. (requested by whisperingcloth)
|inactive|PepeNike also wants the timer to be on.
|
|t:|1779861781
|teamsize|p1|6
|teamsize|p2|6
|start
|switch|p1a: Volcanion|Volcanion|100/100
|switch|p2a: Darkrai|Darkrai|100/100
|turn|1
|
|t:|1779861786
|move|p2a: Darkrai|Dark Pulse|p1a: Volcanion
|-damage|p1a: Volcanion|32/100
|move|p1a: Volcanion|Steam Eruption|p2a: Darkrai|[miss]
|-miss|p1a: Volcanion|p2a: Darkrai
|
|upkeep
|turn|2
|
|t:|1779861791
|switch|p1a: Garganacl|Garganacl, F|100/100
|move|p2a: Darkrai|Dark Pulse|p1a: Garganacl
|-damage|p1a: Garganacl|59/100
|
|-heal|p1a: Garganacl|65/100|[from] item: Leftovers
|upkeep
|turn|3
|
|t:|1779861798
|move|p1a: Garganacl|Protect|p1a: Garganacl
|-singleturn|p1a: Garganacl|Protect
|move|p2a: Darkrai|Dark Pulse|p1a: Garganacl
|-activate|p1a: Garganacl|move: Protect
|
|-heal|p1a: Garganacl|71/100|[from] item: Leftovers
|upkeep
|turn|4
|
|t:|1779861803
|move|p2a: Darkrai|Dark Pulse|p1a: Garganacl
|-damage|p1a: Garganacl|26/100
|move|p1a: Garganacl|Salt Cure|p2a: Darkrai
|-damage|p2a: Darkrai|83/100
|-start|p2a: Darkrai|Salt Cure
|
|-heal|p1a: Garganacl|32/100|[from] item: Leftovers
|-damage|p2a: Darkrai|71/100|[from] Salt Cure
|upkeep
|turn|5
|
|t:|1779861811
|move|p2a: Darkrai|Dark Pulse|p1a: Garganacl
|-damage|p1a: Garganacl|0 fnt
|faint|p1a: Garganacl
|
|-damage|p2a: Darkrai|58/100|[from] Salt Cure
|upkeep
|
|t:|1779861816
|switch|p1a: Deoxys|Deoxys-Speed|100/100
|-ability|p1a: Deoxys|Pressure
|turn|6
|
|t:|1779861818
|switch|p2a: Ting-Lu|Ting-Lu|100/100
|-ability|p2a: Ting-Lu|Vessel of Ruin
|move|p1a: Deoxys|Superpower|p2a: Ting-Lu
|-supereffective|p2a: Ting-Lu
|-damage|p2a: Ting-Lu|64/100
|-unboost|p1a: Deoxys|atk|1
|-unboost|p1a: Deoxys|def|1
|-enditem|p1a: Deoxys|Eject Pack
|
|t:|1779861821
|switch|p1a: Scizor|Scizor, M|100/100
|
|upkeep
|turn|7
|
|t:|1779861824
|switch|p2a: Hawlucha|Hawlucha, M|100/100
|-ability|p2a: Hawlucha|Mold Breaker
|move|p1a: Scizor|U-turn|p2a: Hawlucha
|-resisted|p2a: Hawlucha
|-damage|p2a: Hawlucha|83/100
|
|t:|1779861829
|switch|p1a: Zapdos|Zapdos|100/100|[from] U-turn
|
|-heal|p2a: Hawlucha|89/100|[from] item: Leftovers
|upkeep
|turn|8
|
|t:|1779861836
|switch|p2a: Ting-Lu|Ting-Lu|64/100
|-ability|p2a: Ting-Lu|Vessel of Ruin
|switch|p1a: Scizor|Scizor, M|100/100
|
|upkeep
|turn|9
|
|t:|1779861838
|switch|p2a: Hawlucha|Hawlucha, M|89/100
|-ability|p2a: Hawlucha|Mold Breaker
|move|p1a: Scizor|U-turn|p2a: Hawlucha
|-resisted|p2a: Hawlucha
|-damage|p2a: Hawlucha|72/100
|
|t:|1779861841
|switch|p1a: Deoxys|Deoxys-Speed|100/100|[from] U-turn
|-ability|p1a: Deoxys|Pressure
|
|-heal|p2a: Hawlucha|78/100|[from] item: Leftovers
|upkeep
|turn|10
|
|t:|1779861846
|switch|p2a: Ting-Lu|Ting-Lu|64/100
|-ability|p2a: Ting-Lu|Vessel of Ruin
|move|p1a: Deoxys|Ice Beam|p2a: Ting-Lu
|-supereffective|p2a: Ting-Lu
|-damage|p2a: Ting-Lu|33/100
|
|upkeep
|turn|11
|
|t:|1779861858
|switch|p2a: Alomomola|Alomomola, M|100/100
|move|p1a: Deoxys|Superpower|p2a: Alomomola
|-damage|p2a: Alomomola|75/100
|-unboost|p1a: Deoxys|atk|1
|-unboost|p1a: Deoxys|def|1
|
|upkeep
|turn|12
|
|t:|1779861866
|switch|p1a: Volcanion|Volcanion|32/100
|switch|p2a: Darkrai|Darkrai|58/100
|
|upkeep
|turn|13
|
|t:|1779861871
|move|p2a: Darkrai|Dark Pulse|p1a: Volcanion
|-damage|p1a: Volcanion|0 fnt
|faint|p1a: Volcanion
|
|upkeep
|
|t:|1779861878
|switch|p1a: Deoxys|Deoxys-Speed|100/100
|-ability|p1a: Deoxys|Pressure
|turn|14
|
|t:|1779861884
|switch|p2a: Alomomola|Alomomola, M|100/100
|move|p1a: Deoxys|Superpower|p2a: Alomomola
|-damage|p2a: Alomomola|74/100
|-unboost|p1a: Deoxys|atk|1
|-unboost|p1a: Deoxys|def|1
|
|upkeep
|turn|15
|
|t:|1779861889
|switch|p1a: Zapdos|Zapdos|100/100
|move|p2a: Alomomola|Flip Turn|p1a: Zapdos
|-damage|p1a: Zapdos|89/100
|
|t:|1779861897
|switch|p2a: Ting-Lu|Ting-Lu|33/100|[from] Flip Turn
|-ability|p2a: Ting-Lu|Vessel of Ruin
|
|upkeep
|turn|16
|
|t:|1779861901
|switch|p1a: Scizor|Scizor, M|100/100
|move|p2a: Ting-Lu|Stone Edge|p1a: Scizor|[miss]
|-miss|p2a: Ting-Lu|p1a: Scizor
|
|upkeep
|turn|17
|
|t:|1779861906
|switch|p2a: Hawlucha|Hawlucha, M|78/100
|-ability|p2a: Hawlucha|Mold Breaker
|move|p1a: Scizor|U-turn|p2a: Hawlucha
|-resisted|p2a: Hawlucha
|-damage|p2a: Hawlucha|60/100
|
|t:|1779861911
|switch|p1a: Deoxys|Deoxys-Speed|100/100|[from] U-turn
|-ability|p1a: Deoxys|Pressure
|
|-heal|p2a: Hawlucha|67/100|[from] item: Leftovers
|upkeep
|turn|18
|
|t:|1779861914
|switch|p2a: Alomomola|Alomomola, M|100/100
|move|p1a: Deoxys|Ice Beam|p2a: Alomomola
|-resisted|p2a: Alomomola
|-damage|p2a: Alomomola|94/100
|
|upkeep
|turn|19
|
|t:|1779861918
|move|p1a: Deoxys|Knock Off|p2a: Alomomola
|-damage|p2a: Alomomola|73/100
|-enditem|p2a: Alomomola|Assault Vest|[from] move: Knock Off|[of] p1a: Deoxys
|move|p2a: Alomomola|Flip Turn|p1a: Deoxys
|-damage|p1a: Deoxys|76/100
|
|t:|1779861930
|switch|p2a: Ting-Lu|Ting-Lu|33/100|[from] Flip Turn
|-ability|p2a: Ting-Lu|Vessel of Ruin
|
|upkeep
|turn|20
|
|t:|1779861932
|switch|p2a: Alomomola|Alomomola, M|100/100
|move|p1a: Deoxys|Superpower|p2a: Alomomola
|-damage|p2a: Alomomola|76/100
|-unboost|p1a: Deoxys|atk|1
|-unboost|p1a: Deoxys|def|1
|
|upkeep
|turn|21
|
|t:|1779861937
|switch|p1a: Zapdos|Zapdos|89/100
|move|p2a: Alomomola|Flip Turn|p1a: Zapdos
|-damage|p1a: Zapdos|77/100
|
|t:|1779861944
|switch|p2a: Darkrai|Darkrai|58/100|[from] Flip Turn
|
|upkeep
|turn|22
|
|t:|1779861947
|move|p2a: Darkrai|Dark Pulse|p1a: Zapdos
|-damage|p1a: Zapdos|13/100
|move|p1a: Zapdos|Volt Switch|p2a: Darkrai
|-damage|p2a: Darkrai|18/100
|
|t:|1779861953
|switch|p1a: Deoxys|Deoxys-Speed|76/100|[from] Volt Switch
|-ability|p1a: Deoxys|Pressure
|
|upkeep
|turn|23
|
|t:|1779861958
|switch|p2a: Alomomola|Alomomola, M|100/100
|move|p1a: Deoxys|Superpower|p2a: Alomomola
|-damage|p2a: Alomomola|76/100
|-unboost|p1a: Deoxys|atk|1
|-unboost|p1a: Deoxys|def|1
|
|upkeep
|turn|24
|
|t:|1779861964
|move|p1a: Deoxys|Psycho Boost|p2a: Alomomola
|-damage|p2a: Alomomola|31/100
|-unboost|p1a: Deoxys|spa|2
|move|p2a: Alomomola|Flip Turn|p1a: Deoxys
|-damage|p1a: Deoxys|40/100
|
|t:|1779861972
|switch|p2a: Darkrai|Darkrai|18/100|[from] Flip Turn
|
|upkeep
|turn|25
|
|t:|1779861981
|switch|p2a: Alomomola|Alomomola, M|64/100
|move|p1a: Deoxys|Psycho Boost|p2a: Alomomola
|-damage|p2a: Alomomola|42/100
|-unboost|p1a: Deoxys|spa|2
|
|upkeep
|turn|26
|
|t:|1779862009
|switch|p1a: Zapdos|Zapdos|13/100
|move|p2a: Alomomola|Flip Turn|p1a: Zapdos
|-damage|p1a: Zapdos|0 fnt
|faint|p1a: Zapdos
|
|t:|1779862015
|switch|p2a: Hawlucha|Hawlucha, M|67/100|[from] Flip Turn
|-ability|p2a: Hawlucha|Mold Breaker
|
|-heal|p2a: Hawlucha|73/100|[from] item: Leftovers
|upkeep
|
|t:|1779862024
|switch|p1a: Great Tusk|Great Tusk|100/100
|turn|27
|inactive|PepeNike has 120 seconds left.
|
|t:|1779862052
|move|p2a: Hawlucha|U-turn|p1a: Great Tusk
|-resisted|p1a: Great Tusk
|-damage|p1a: Great Tusk|95/100
|
|t:|1779862056
|switch|p2a: Alomomola|Alomomola, M|75/100|[from] U-turn
|move|p1a: Great Tusk|Rapid Spin|p2a: Alomomola
|-damage|p2a: Alomomola|63/100
|-boost|p1a: Great Tusk|spe|1
|
|upkeep
|turn|28
|
|t:|1779862063
|switch|p2a: Hawlucha|Hawlucha, M|73/100
|-ability|p2a: Hawlucha|Mold Breaker
|move|p1a: Great Tusk|Headlong Rush|p2a: Hawlucha
|-immune|p2a: Hawlucha
|
|-heal|p2a: Hawlucha|79/100|[from] item: Leftovers
|upkeep
|turn|29
|inactive|PepeNike has 120 seconds left.
|
|t:|1779862083
|move|p1a: Great Tusk|Ice Spinner|p2a: Hawlucha
|-supereffective|p2a: Hawlucha
|-damage|p2a: Hawlucha|15/100
|move|p2a: Hawlucha|U-turn|p1a: Great Tusk
|-resisted|p1a: Great Tusk
|-damage|p1a: Great Tusk|89/100
|
|t:|1779862086
|switch|p2a: Zamazenta|Zamazenta|100/100|[from] U-turn
|-ability|p2a: Zamazenta|Dauntless Shield|boost
|-boost|p2a: Zamazenta|def|1
|
|upkeep
|turn|30
|
|t:|1779862095
|move|p1a: Great Tusk|Headlong Rush|p2a: Zamazenta
|-damage|p2a: Zamazenta|64/100
|-unboost|p1a: Great Tusk|def|1
|-unboost|p1a: Great Tusk|spd|1
|move|p2a: Zamazenta|Close Combat|p1a: Great Tusk
|-damage|p1a: Great Tusk|0 fnt
|-unboost|p2a: Zamazenta|def|1
|-unboost|p2a: Zamazenta|spd|1
|faint|p1a: Great Tusk
|-end|p1a: Great Tusk|Protosynthesis|[silent]
|
|upkeep
|
|t:|1779862101
|switch|p1a: Deoxys|Deoxys-Speed|40/100
|-ability|p1a: Deoxys|Pressure
|turn|31
|
|t:|1779862114
|switch|p2a: Alomomola|Alomomola, M|96/100
|move|p1a: Deoxys|Psycho Boost|p2a: Alomomola|[miss]
|-miss|p1a: Deoxys|p2a: Alomomola
|
|upkeep
|turn|32
|
|t:|1779862120
|switch|p1a: Scizor|Scizor, M|100/100
|move|p2a: Alomomola|Flip Turn|p1a: Scizor
|-damage|p1a: Scizor|83/100
|
|t:|1779862125
|switch|p2a: Zamazenta|Zamazenta|64/100|[from] Flip Turn
|
|upkeep
|turn|33
|
|t:|1779862128
|-terastallize|p2a: Zamazenta|Fire
|-terastallize|p1a: Scizor|Steel
|move|p1a: Scizor|Bullet Punch|p2a: Zamazenta
|-resisted|p2a: Zamazenta
|-damage|p2a: Zamazenta|31/100
|move|p2a: Zamazenta|Close Combat|p1a: Scizor
|-supereffective|p1a: Scizor
|-damage|p1a: Scizor|0 fnt
|-unboost|p2a: Zamazenta|def|1
|-unboost|p2a: Zamazenta|spd|1
|faint|p1a: Scizor
|
|upkeep
|-message|whisperingcloth forfeited.
|
|win|PepeNike
|raw|whisperingcloth's rating: 1449 &rarr; <strong>1430</strong><br />(-19 for losing)
|raw|PepeNike's rating: 1462 &rarr; <strong>1481</strong><br />(+19 for winning)
|l|☆whisperingcloth
|player|p1|
|l|☆PepeNike
|player|p2|
