|j|☆dilf huntr
|j|☆cachowcapow
|t:|1779887014
|gametype|singles
|player|p1|dilf huntr|266|1564
|player|p2|cachowcapow|101|1606
|gen|9
|tier|[Gen 9] OU
|rated|
|rule|HP Percentage Mod: HP is shown in percentages
|rule|Endless Battle Clause: Forcing endless battles is banned
|rule|Species Clause: Limit one of each Pokémon
|rule|OHKO Clause: OHKO moves are banned
|rule|Evasion Items Clause: Evasion items are banned
|rule|Evasion Moves Clause: Evasion moves are banned
|rule|Evasion Abilities Clause: Evasion abilities are banned
|rule|Sleep Moves Clause: Sleep-inducing moves are banned
|clearpoke
|poke|p1|Ceruledge, M|
|poke|p1|Samurott-Hisui, M|
|poke|p1|Dragonite, F|
|poke|p1|Iron Valiant|
|poke|p1|Kingambit, F|
|poke|p1|Glimmora, M|
|poke|p2|Alomomola, F|
|poke|p2|Gardevoir, F|
|poke|p2|Scizor, M|
|poke|p2|Slither Wing|
|poke|p2|Mew|
|poke|p2|Ogerpon, F|
|teampreview
|j| Yamhard
|inactive|Battle timer is ON: inactive players will automatically lose when time's up. (requested by dilf huntr)
|
|t:|1779887056
|teamsize|p1|6
|teamsize|p2|6
|start
|switch|p1a: Glimmora|Glimmora, M|100/100
|switch|p2a: Scizor|Scizor, M|100/100
|turn|1
|
|t:|1779887067
|move|p2a: Scizor|Bullet Punch|p1a: Glimmora
|-supereffective|p1a: Glimmora
|-damage|p1a: Glimmora|41/100
|-activate|p1a: Glimmora|ability: Toxic Debris
|-sidestart|p2: cachowcapow|move: Toxic Spikes
|move|p1a: Glimmora|Stealth Rock|p2a: Scizor
|-sidestart|p2: cachowcapow|move: Stealth Rock
|
|upkeep
|turn|2
|
|t:|1779887072
|move|p1a: Glimmora|Spikes|p2a: Scizor
|-sidestart|p2: cachowcapow|Spikes
|move|p2a: Scizor|Defog|p1a: Glimmora
|-unboost|p1a: Glimmora|evasion|1
|-sideend|p2: cachowcapow|Spikes|[from] move: Defog|[of] p2a: Scizor
|-sideend|p2: cachowcapow|Toxic Spikes|[from] move: Defog|[of] p2a: Scizor
|-sideend|p2: cachowcapow|Stealth Rock|[from] move: Defog|[of] p2a: Scizor
|
|upkeep
|turn|3
|
|t:|1779887076
|switch|p1a: Samurott|Samurott-Hisui, M|100/100
|move|p2a: Scizor|Bullet Punch|p1a: Samurott
|-resisted|p1a: Samurott
|-damage|p1a: Samurott|85/100
|
|upkeep
|turn|4
|
|t:|1779887081
|switch|p2a: Slither Wing|Slither Wing|100/100
|move|p1a: Samurott|Knock Off|p2a: Slither Wing
|-resisted|p2a: Slither Wing
|-damage|p2a: Slither Wing|82/100
|-damage|p1a: Samurott|69/100|[from] item: Rocky Helmet|[of] p2a: Slither Wing
|-enditem|p2a: Slither Wing|Rocky Helmet|[from] move: Knock Off|[of] p1a: Samurott
|
|upkeep
|turn|5
|
|t:|1779887086
|switch|p1a: Glimmora|Glimmora, M|41/100
|move|p2a: Slither Wing|U-turn|p1a: Glimmora
|-resisted|p1a: Glimmora
|-damage|p1a: Glimmora|22/100
|-activate|p1a: Glimmora|ability: Toxic Debris
|-sidestart|p2: cachowcapow|move: Toxic Spikes
|
|t:|1779887089
|-end|p2a: Slither Wing|Protosynthesis|[silent]
|switch|p2a: Scizor|Scizor, M|100/100|[from] U-turn
|
|upkeep
|turn|6
|
|t:|1779887093
|switch|p1a: Samurott|Samurott-Hisui, M|69/100
|move|p2a: Scizor|Defog|p1a: Samurott
|-unboost|p1a: Samurott|evasion|1
|-sideend|p2: cachowcapow|Toxic Spikes|[from] move: Defog|[of] p2a: Scizor
|
|upkeep
|turn|7
|
|t:|1779887096
|switch|p2a: Slither Wing|Slither Wing|82/100
|move|p1a: Samurott|Ceaseless Edge|p2a: Slither Wing
|-resisted|p2a: Slither Wing
|-damage|p2a: Slither Wing|67/100
|-sidestart|p2: cachowcapow|Spikes
|
|upkeep
|turn|8
|
|t:|1779887101
|switch|p1a: Glimmora|Glimmora, M|22/100
|move|p2a: Slither Wing|U-turn|p1a: Glimmora
|-resisted|p1a: Glimmora
|-damage|p1a: Glimmora|1/100
|-activate|p1a: Glimmora|ability: Toxic Debris
|-sidestart|p2: cachowcapow|move: Toxic Spikes
|
|t:|1779887108
|-end|p2a: Slither Wing|Protosynthesis|[silent]
|switch|p2a: Scizor|Scizor, M|100/100|[from] U-turn
|
|upkeep
|turn|9
|
|t:|1779887114
|switch|p1a: Ceruledge|Ceruledge, M|100/100
|move|p2a: Scizor|Defog|p1a: Ceruledge
|-unboost|p1a: Ceruledge|evasion|1
|-sideend|p2: cachowcapow|Spikes|[from] move: Defog|[of] p2a: Scizor
|-sideend|p2: cachowcapow|Toxic Spikes|[from] move: Defog|[of] p2a: Scizor
|
|upkeep
|turn|10
|
|t:|1779887125
|move|p2a: Scizor|Bullet Punch|p1a: Ceruledge
|-resisted|p1a: Ceruledge
|-damage|p1a: Ceruledge|81/100
|-ability|p1a: Ceruledge|Weak Armor|boost
|-unboost|p1a: Ceruledge|def|1
|-boost|p1a: Ceruledge|spe|2
|move|p1a: Ceruledge|Swords Dance|p1a: Ceruledge
|-boost|p1a: Ceruledge|atk|2
|
|upkeep
|turn|11
|
|t:|1779887129
|switch|p2a: Alomomola|Alomomola, F|100/100
|move|p1a: Ceruledge|Bitter Blade|p2a: Alomomola
|-resisted|p2a: Alomomola
|-damage|p2a: Alomomola|62/100
|-heal|p1a: Ceruledge|100/100|[from] drain|[of] p2a: Alomomola
|
|upkeep
|turn|12
|
|t:|1779887141
|move|p2a: Alomomola|Aqua Jet|p1a: Ceruledge
|-supereffective|p1a: Ceruledge
|-crit|p1a: Ceruledge
|-enditem|p1a: Ceruledge|Focus Sash
|-damage|p1a: Ceruledge|1/100
|-ability|p1a: Ceruledge|Weak Armor|boost
|-unboost|p1a: Ceruledge|def|1
|-boost|p1a: Ceruledge|spe|2
|move|p1a: Ceruledge|Bitter Blade|p2a: Alomomola
|-resisted|p2a: Alomomola
|-damage|p2a: Alomomola|24/100
|-heal|p1a: Ceruledge|35/100|[from] drain|[of] p2a: Alomomola
|
|upkeep
|turn|13
|
|t:|1779887148
|switch|p2a: Slither Wing|Slither Wing|67/100
|move|p1a: Ceruledge|Destiny Bond|p1a: Ceruledge
|-singlemove|p1a: Ceruledge|Destiny Bond
|
|upkeep
|turn|14
|
|t:|1779887158
|-end|p2a: Slither Wing|Protosynthesis|[silent]
|switch|p2a: Alomomola|Alomomola, F|58/100
|move|p1a: Ceruledge|Bitter Blade|p2a: Alomomola
|-resisted|p2a: Alomomola
|-damage|p2a: Alomomola|20/100
|-heal|p1a: Ceruledge|69/100|[from] drain|[of] p2a: Alomomola
|
|upkeep
|turn|15
|
|t:|1779887165
|move|p2a: Alomomola|Aqua Jet|p1a: Ceruledge
|-supereffective|p1a: Ceruledge
|-damage|p1a: Ceruledge|0 fnt
|faint|p1a: Ceruledge
|
|upkeep
|
|t:|1779887184
|switch|p1a: Samurott|Samurott-Hisui, M|69/100
|turn|16
|
|t:|1779887191
|switch|p2a: Slither Wing|Slither Wing|67/100
|move|p1a: Samurott|Razor Shell|p2a: Slither Wing
|-damage|p2a: Slither Wing|26/100
|-unboost|p2a: Slither Wing|def|1
|
|upkeep
|turn|17
|
|t:|1779887200
|switch|p1a: Glimmora|Glimmora, M|1/100
|move|p2a: Slither Wing|First Impression|p1a: Glimmora
|-resisted|p1a: Glimmora
|-damage|p1a: Glimmora|0 fnt
|-activate|p1a: Glimmora|ability: Toxic Debris
|-sidestart|p2: cachowcapow|move: Toxic Spikes
|faint|p1a: Glimmora
|
|upkeep
|
|t:|1779887206
|switch|p1a: Samurott|Samurott-Hisui, M|69/100
|turn|18
|
|t:|1779887217
|-end|p2a: Slither Wing|Protosynthesis|[silent]
|switch|p2a: Alomomola|Alomomola, F|53/100
|-status|p2a: Alomomola|psn
|move|p1a: Samurott|Ceaseless Edge|p2a: Alomomola
|-damage|p2a: Alomomola|16/100 psn
|-sidestart|p2: cachowcapow|Spikes
|
|-damage|p2a: Alomomola|4/100 psn|[from] psn
|upkeep
|turn|19
|
|t:|1779887223
|move|p2a: Alomomola|Aqua Jet|p1a: Samurott
|-resisted|p1a: Samurott
|-damage|p1a: Samurott|52/100
|move|p1a: Samurott|Ceaseless Edge|p2a: Alomomola
|-damage|p2a: Alomomola|0 fnt
|-sidestart|p2: cachowcapow|Spikes
|faint|p2a: Alomomola
|
|upkeep
|
|t:|1779887225
|switch|p2a: Ogerpon|Ogerpon, F|100/100
|-status|p2a: Ogerpon|psn
|-damage|p2a: Ogerpon|84/100 psn|[from] Spikes
|turn|20
|
|t:|1779887229
|move|p2a: Ogerpon|U-turn|p1a: Samurott
|-supereffective|p1a: Samurott
|-damage|p1a: Samurott|0 fnt
|faint|p1a: Samurott
|
|t:|1779887234
|switch|p2a: Scizor|Scizor, M|100/100|[from] U-turn
|
|upkeep
|
|t:|1779887239
|switch|p1a: Dragonite|Dragonite, F|100/100
|turn|21
|
|t:|1779887247
|move|p1a: Dragonite|Dragon Dance|p1a: Dragonite
|-boost|p1a: Dragonite|atk|1
|-boost|p1a: Dragonite|spe|1
|move|p2a: Scizor|Defog|p1a: Dragonite
|-unboost|p1a: Dragonite|evasion|1
|-sideend|p2: cachowcapow|Spikes|[from] move: Defog|[of] p2a: Scizor
|-sideend|p2: cachowcapow|Toxic Spikes|[from] move: Defog|[of] p2a: Scizor
|
|upkeep
|turn|22
|
|t:|1779887250
|switch|p2a: Slither Wing|Slither Wing|26/100
|move|p1a: Dragonite|Dragon Dance|p1a: Dragonite
|-boost|p1a: Dragonite|atk|1
|-boost|p1a: Dragonite|spe|1
|
|upkeep
|turn|23
|
|t:|1779887258
|move|p1a: Dragonite|Extreme Speed|p2a: Slither Wing
|-damage|p2a: Slither Wing|0 fnt
|faint|p2a: Slither Wing
|-end|p2a: Slither Wing|Protosynthesis|[silent]
|
|upkeep
|
|t:|1779887279
|switch|p2a: Scizor|Scizor, M|100/100
|turn|24
|
|t:|1779887284
|move|p2a: Scizor|Bullet Punch|p1a: Dragonite
|-damage|p1a: Dragonite|86/100
|move|p1a: Dragonite|Earthquake|p2a: Scizor
|-damage|p2a: Scizor|20/100
|
|upkeep
|turn|25
|
|t:|1779887291
|move|p1a: Dragonite|Extreme Speed|p2a: Scizor
|-resisted|p2a: Scizor
|-damage|p2a: Scizor|0 fnt
|faint|p2a: Scizor
|
|upkeep
|
|t:|1779887292
|switch|p2a: Gardevoir|Gardevoir, F, shiny|100/100
|-ability|p2a: Gardevoir|Multiscale|Trace|[from] ability: Trace|[of] p1a: Dragonite
|turn|26
|
|t:|1779887299
|-terastallize|p1a: Dragonite|Normal
|move|p1a: Dragonite|Extreme Speed|p2a: Gardevoir
|-damage|p2a: Gardevoir|23/100
|move|p2a: Gardevoir|Moonblast|p1a: Dragonite
|-damage|p1a: Dragonite|0 fnt
|faint|p1a: Dragonite
|
|upkeep
|
|t:|1779887310
|switch|p1a: Iron Valiant|Iron Valiant|100/100
|-enditem|p1a: Iron Valiant|Booster Energy
|-activate|p1a: Iron Valiant|ability: Quark Drive|[fromitem]
|-start|p1a: Iron Valiant|quarkdrivespe
|turn|27
|
|t:|1779887316
|switch|p2a: Ogerpon|Ogerpon, F|84/100 psn
|move|p1a: Iron Valiant|Moonblast|p2a: Ogerpon
|-damage|p2a: Ogerpon|27/100 psn
|
|-damage|p2a: Ogerpon|15/100 psn|[from] psn
|upkeep
|turn|28
|
|t:|1779887319
|move|p1a: Iron Valiant|Moonblast|p2a: Ogerpon
|-crit|p2a: Ogerpon
|-damage|p2a: Ogerpon|0 fnt
|faint|p2a: Ogerpon
|
|upkeep
|
|t:|1779887322
|switch|p2a: Mew|Mew, shiny|100/100
|turn|29
|
|t:|1779887333
|move|p1a: Iron Valiant|Calm Mind|p1a: Iron Valiant
|-boost|p1a: Iron Valiant|spa|1
|-boost|p1a: Iron Valiant|spd|1
|move|p2a: Mew|Agility|p2a: Mew
|-boost|p2a: Mew|spe|2
|
|upkeep
|turn|30
|
|t:|1779887343
|move|p1a: Iron Valiant|Moonblast|p2a: Mew
|-damage|p2a: Mew|44/100
|move|p2a: Mew|Draining Kiss|p1a: Iron Valiant
|-supereffective|p1a: Iron Valiant
|-damage|p1a: Iron Valiant|74/100
|-heal|p2a: Mew|58/100|[from] drain|[of] p1a: Iron Valiant
|
|upkeep
|turn|31
|
|t:|1779887359
|move|p1a: Iron Valiant|Moonblast|p2a: Mew
|-crit|p2a: Mew
|-damage|p2a: Mew|0 fnt
|faint|p2a: Mew
|
|upkeep
|-message|cachowcapow forfeited.
|
|win|dilf huntr
|raw|dilf huntr's rating: 1564 &rarr; <strong>1586</strong><br />(+22 for winning)
|raw|cachowcapow's rating: 1606 &rarr; <strong>1584</strong><br />(-22 for losing)
|l|☆cachowcapow
|player|p2|
|l|☆dilf huntr
|player|p1|
|l| Yamhard
