|j|☆justseff
|j|☆claudechamp
|t:|1779850242
|gametype|singles
|player|p1|justseff|cyrus|1172
|player|p2|claudechamp|169|1217
|gen|9
|tier|[Gen 9] OU
|rated|
|rule|HP Percentage Mod: HP is shown in percentages
|rule|Endless Battle Clause: Forcing endless battles is banned
|rule|Species Clause: Limit one of each Pokémon
|rule|OHKO Clause: OHKO moves are banned
|rule|Evasion Items Clause: Evasion items are banned
|rule|Evasion Moves Clause: Evasion moves are banned
|rule|Evasion Abilities Clause: Evasion abilities are banned
|rule|Sleep Moves Clause: Sleep-inducing moves are banned
|clearpoke
|poke|p1|Landorus-Therian, M|
|poke|p1|Dragapult, M|
|poke|p1|Heatran, M|
|poke|p1|Raging Bolt|
|poke|p1|Samurott-Hisui, M|
|poke|p1|Hatterene, F|
|poke|p2|Gliscor, M|
|poke|p2|Ogerpon, F|
|poke|p2|Walking Wake|
|poke|p2|Blissey, F|
|poke|p2|Corviknight, F|
|poke|p2|Pecharunt|
|teampreview
|c|☆claudechamp|hf
|
|t:|1779850263
|teamsize|p1|6
|teamsize|p2|6
|start
|switch|p1a: Landorus|Landorus-Therian, M|100/100
|switch|p2a: Gliscor|Gliscor, M|100/100
|-ability|p1a: Landorus|Intimidate|boost
|-unboost|p2a: Gliscor|atk|1
|turn|1
|inactive|Battle timer is ON: inactive players will automatically lose when time's up. (requested by claudechamp)
|
|t:|1779850279
|move|p1a: Landorus|Taunt|p2a: Gliscor
|-start|p2a: Gliscor|move: Taunt
|cant|p2a: Gliscor|move: Taunt|Spikes
|
|-status|p2a: Gliscor|tox|[from] item: Toxic Orb
|upkeep
|turn|2
|
|t:|1779850286
|switch|p2a: Walking Wake|Walking Wake|100/100
|move|p1a: Landorus|Stealth Rock|p2a: Walking Wake
|-sidestart|p2: claudechamp|move: Stealth Rock
|
|upkeep
|turn|3
|
|t:|1779850301
|switch|p1a: Hatterene|Hatterene, F|100/100
|move|p2a: Walking Wake|Surf|p1a: Hatterene
|-damage|p1a: Hatterene|50/100
|
|upkeep
|turn|4
|
|t:|1779850307
|-terastallize|p1a: Hatterene|Water
|move|p2a: Walking Wake|Surf|p1a: Hatterene
|-resisted|p1a: Hatterene
|-damage|p1a: Hatterene|26/100
|move|p1a: Hatterene|Nuzzle|p2a: Walking Wake
|-damage|p2a: Walking Wake|97/100
|-status|p2a: Walking Wake|par
|
|upkeep
|turn|5
|
|t:|1779850321
|move|p2a: Walking Wake|Draco Meteor|p1a: Hatterene
|-crit|p1a: Hatterene
|-damage|p1a: Hatterene|0 fnt
|-unboost|p2a: Walking Wake|spa|2
|faint|p1a: Hatterene
|
|upkeep
|
|t:|1779850329
|switch|p1a: Raging Bolt|Raging Bolt|100/100
|-enditem|p1a: Raging Bolt|Booster Energy
|-activate|p1a: Raging Bolt|ability: Protosynthesis|[fromitem]
|-start|p1a: Raging Bolt|protosynthesisspa
|turn|6
|
|t:|1779850333
|-end|p2a: Walking Wake|Protosynthesis|[silent]
|switch|p2a: Blissey|Blissey, F|100/100
|move|p1a: Raging Bolt|Thunderbolt|p2a: Blissey
|-damage|p2a: Blissey|78/100
|
|upkeep
|turn|7
|
|t:|1779850347
|-end|p1a: Raging Bolt|Protosynthesis|[silent]
|switch|p1a: Samurott|Samurott-Hisui, M|100/100
|move|p2a: Blissey|Stealth Rock|p1a: Samurott
|-sidestart|p1: justseff|move: Stealth Rock
|
|upkeep
|turn|8
|
|t:|1779850352
|switch|p2a: Gliscor|Gliscor, M|100/100 tox
|-damage|p2a: Gliscor|88/100 tox|[from] Stealth Rock
|move|p1a: Samurott|Knock Off|p2a: Gliscor
|-damage|p2a: Gliscor|57/100 tox
|-enditem|p2a: Gliscor|Toxic Orb|[from] move: Knock Off|[of] p1a: Samurott
|
|-heal|p2a: Gliscor|70/100 tox|[from] ability: Poison Heal
|upkeep
|turn|9
|
|t:|1779850360
|move|p2a: Gliscor|Spikes|p1a: Samurott
|-sidestart|p1: justseff|Spikes
|move|p1a: Samurott|Razor Shell|p2a: Gliscor
|-supereffective|p2a: Gliscor
|-damage|p2a: Gliscor|0 fnt
|faint|p2a: Gliscor
|
|upkeep
|
|t:|1779850364
|switch|p2a: Ogerpon|Ogerpon, F|100/100
|turn|10
|
|t:|1779850372
|switch|p1a: Heatran|Heatran, M|100/100
|-damage|p1a: Heatran|88/100|[from] Stealth Rock
|-damage|p1a: Heatran|76/100|[from] Spikes
|move|p2a: Ogerpon|Ivy Cudgel|p1a: Heatran
|-resisted|p1a: Heatran
|-crit|p1a: Heatran
|-damage|p1a: Heatran|57/100
|
|-heal|p1a: Heatran|64/100|[from] item: Leftovers
|upkeep
|turn|11
|
|t:|1779850383
|move|p2a: Ogerpon|U-turn|p1a: Heatran
|-resisted|p1a: Heatran
|-damage|p1a: Heatran|58/100
|
|t:|1779850390
|switch|p2a: Walking Wake|Walking Wake|97/100 par|[from] U-turn
|move|p1a: Heatran|Magma Storm|p2a: Walking Wake|[miss]
|-miss|p1a: Heatran|p2a: Walking Wake
|
|-heal|p1a: Heatran|64/100|[from] item: Leftovers
|upkeep
|turn|12
|
|t:|1779850402
|switch|p1a: Raging Bolt|Raging Bolt|100/100
|-damage|p1a: Raging Bolt|88/100|[from] Stealth Rock
|-damage|p1a: Raging Bolt|76/100|[from] Spikes
|move|p2a: Walking Wake|Surf|p1a: Raging Bolt
|-resisted|p1a: Raging Bolt
|-damage|p1a: Raging Bolt|53/100
|
|upkeep
|turn|13
|
|t:|1779850413
|-end|p1a: Raging Bolt|Protosynthesis|[silent]
|switch|p1a: Samurott|Samurott-Hisui, M|100/100
|-damage|p1a: Samurott|88/100|[from] Stealth Rock
|-damage|p1a: Samurott|76/100|[from] Spikes
|-end|p2a: Walking Wake|Protosynthesis|[silent]
|switch|p2a: Blissey|Blissey, F|78/100
|
|upkeep
|turn|14
|
|t:|1779850420
|switch|p2a: Ogerpon|Ogerpon, F|100/100
|move|p1a: Samurott|Knock Off|p2a: Ogerpon
|-damage|p2a: Ogerpon|42/100
|-enditem|p2a: Ogerpon|Heavy-Duty Boots|[from] move: Knock Off|[of] p1a: Samurott
|
|upkeep
|turn|15
|
|t:|1779850427
|move|p1a: Samurott|Sucker Punch|p2a: Ogerpon
|-damage|p2a: Ogerpon|1/100
|move|p2a: Ogerpon|Ivy Cudgel|p1a: Samurott
|-supereffective|p1a: Samurott
|-damage|p1a: Samurott|0 fnt
|faint|p1a: Samurott
|
|upkeep
|
|t:|1779850434
|switch|p1a: Raging Bolt|Raging Bolt|53/100
|-damage|p1a: Raging Bolt|41/100|[from] Stealth Rock
|-damage|p1a: Raging Bolt|28/100|[from] Spikes
|turn|16
|
|t:|1779850440
|move|p2a: Ogerpon|Ivy Cudgel|p1a: Raging Bolt
|-resisted|p1a: Raging Bolt
|-crit|p1a: Raging Bolt
|-damage|p1a: Raging Bolt|0 fnt
|faint|p1a: Raging Bolt
|-end|p1a: Raging Bolt|Protosynthesis|[silent]
|
|upkeep
|-message|justseff forfeited.
|
|win|claudechamp
|raw|justseff's rating: 1172 &rarr; <strong>1154</strong><br />(-18 for losing)
|raw|claudechamp's rating: 1267 &rarr; <strong>1285</strong><br />(+18 for winning)
|l|☆justseff
|player|p1|
|c|☆claudechamp|gg
