|j|☆falinks_testing
|j|☆Davemcbean
|t:|1779848673
|gametype|singles
|player|p1|falinks_testing|roughneck|1283
|player|p2|Davemcbean|1|1318
|gen|9
|tier|[Gen 9] OU
|rated|
|rule|HP Percentage Mod: HP is shown in percentages
|rule|Endless Battle Clause: Forcing endless battles is banned
|rule|Species Clause: Limit one of each Pokémon
|rule|OHKO Clause: OHKO moves are banned
|rule|Evasion Items Clause: Evasion items are banned
|rule|Evasion Moves Clause: Evasion moves are banned
|rule|Evasion Abilities Clause: Evasion abilities are banned
|rule|Sleep Moves Clause: Sleep-inducing moves are banned
|clearpoke
|poke|p1|Vikavolt, F|
|poke|p1|Gholdengo|
|poke|p1|Great Tusk|
|poke|p1|Typhlosion-Hisui, F|
|poke|p1|Meowscarada, M|
|poke|p1|Kyurem|
|poke|p2|Cresselia, F|
|poke|p2|Raging Bolt|
|poke|p2|Iron Moth|
|poke|p2|Great Tusk|
|poke|p2|Walking Wake|
|poke|p2|Torkoal, F|
|teampreview
|inactive|Battle timer is ON: inactive players will automatically lose when time's up. (requested by falinks_testing)
|
|t:|1779848691
|teamsize|p1|6
|teamsize|p2|6
|start
|switch|p1a: Vikavolt|Vikavolt, F|100/100
|switch|p2a: Torkoal|Torkoal, F, shiny|100/100
|-weather|SunnyDay|[from] ability: Drought|[of] p2a: Torkoal
|turn|1
|
|t:|1779848702
|move|p1a: Vikavolt|Sticky Web|p2a: Torkoal
|-sidestart|p2: Davemcbean|move: Sticky Web
|move|p2a: Torkoal|Stealth Rock|p1a: Vikavolt
|-sidestart|p1: falinks_testing|move: Stealth Rock
|
|-weather|SunnyDay|[upkeep]
|upkeep
|turn|2
|
|t:|1779848709
|move|p1a: Vikavolt|Volt Switch|p2a: Torkoal
|-damage|p2a: Torkoal|44/100
|
|t:|1779848710
|switch|p1a: Gholdengo|Gholdengo|100/100|[from] Volt Switch
|-damage|p1a: Gholdengo|94/100|[from] Stealth Rock
|-item|p1a: Gholdengo|Air Balloon
|move|p2a: Torkoal|Lava Plume|p1a: Gholdengo
|-supereffective|p1a: Gholdengo
|-damage|p1a: Gholdengo|14/100
|-enditem|p1a: Gholdengo|Air Balloon
|
|-weather|SunnyDay|[upkeep]
|upkeep
|turn|3
|
|t:|1779848735
|switch|p2a: Cresselia|Cresselia, F, shiny|100/100
|move|p1a: Gholdengo|Shadow Ball|p2a: Cresselia
|-supereffective|p2a: Cresselia
|-damage|p2a: Cresselia|36/100
|-enditem|p2a: Cresselia|Eject Button
|
|t:|1779848746
|switch|p2a: Iron Moth|Iron Moth|100/100
|-activate|p2a: Iron Moth|move: Sticky Web
|-unboost|p2a: Iron Moth|spe|1
|-enditem|p2a: Iron Moth|Booster Energy
|-activate|p2a: Iron Moth|ability: Quark Drive|[fromitem]
|-start|p2a: Iron Moth|quarkdrivespa
|
|-weather|SunnyDay|[upkeep]
|upkeep
|turn|4
|inactive|Davemcbean has 120 seconds left.
|
|t:|1779848769
|switch|p1a: Vikavolt|Vikavolt, F|100/100
|-damage|p1a: Vikavolt|76/100|[from] Stealth Rock
|move|p2a: Iron Moth|Fiery Dance|p1a: Vikavolt
|-supereffective|p1a: Vikavolt
|-damage|p1a: Vikavolt|0 fnt
|-boost|p2a: Iron Moth|spa|1
|faint|p1a: Vikavolt
|
|-weather|SunnyDay|[upkeep]
|upkeep
|
|t:|1779848777
|switch|p1a: Great Tusk|Great Tusk|100/100
|-damage|p1a: Great Tusk|98/100|[from] Stealth Rock
|-activate|p1a: Great Tusk|ability: Protosynthesis
|-start|p1a: Great Tusk|protosynthesisdef
|turn|5
|inactive|Davemcbean has 120 seconds left.
|
|t:|1779848791
|move|p1a: Great Tusk|Earthquake|p2a: Iron Moth
|-supereffective|p2a: Iron Moth
|-damage|p2a: Iron Moth|0 fnt
|faint|p2a: Iron Moth
|-end|p2a: Iron Moth|Quark Drive|[silent]
|
|-weather|SunnyDay|[upkeep]
|-heal|p1a: Great Tusk|100/100|[from] item: Leftovers
|upkeep
|inactive|Davemcbean has 120 seconds left.
|
|t:|1779848801
|switch|p2a: Great Tusk|Great Tusk|100/100
|-activate|p2a: Great Tusk|move: Sticky Web
|-unboost|p2a: Great Tusk|spe|1
|-activate|p2a: Great Tusk|ability: Protosynthesis
|-start|p2a: Great Tusk|protosynthesisatk
|turn|6
|inactive|Davemcbean has 120 seconds left.
|
|t:|1779848810
|-end|p1a: Great Tusk|Protosynthesis|[silent]
|switch|p1a: Gholdengo|Gholdengo|14/100
|-damage|p1a: Gholdengo|8/100|[from] Stealth Rock
|move|p2a: Great Tusk|Rapid Spin|p1a: Gholdengo
|-immune|p1a: Gholdengo
|
|-weather|SunnyDay|[upkeep]
|upkeep
|turn|7
|inactive|Davemcbean has 120 seconds left.
|
|t:|1779848846
|move|p1a: Gholdengo|Shadow Ball|p2a: Great Tusk
|-damage|p2a: Great Tusk|45/100
|-unboost|p2a: Great Tusk|spd|1
|move|p2a: Great Tusk|Headlong Rush|p1a: Gholdengo
|-supereffective|p1a: Gholdengo
|-damage|p1a: Gholdengo|0 fnt
|-unboost|p2a: Great Tusk|def|1
|-unboost|p2a: Great Tusk|spd|1
|faint|p1a: Gholdengo
|
|-weather|SunnyDay|[upkeep]
|upkeep
|
|t:|1779848859
|switch|p1a: Kyurem|Kyurem|100/100
|-damage|p1a: Kyurem|76/100|[from] Stealth Rock
|-ability|p1a: Kyurem|Pressure
|turn|8
|
|t:|1779848876
|move|p1a: Kyurem|Icicle Spear|p2a: Great Tusk
|-supereffective|p2a: Great Tusk
|-damage|p2a: Great Tusk|19/100
|-supereffective|p2a: Great Tusk
|-damage|p2a: Great Tusk|0 fnt
|faint|p2a: Great Tusk
|-end|p2a: Great Tusk|Protosynthesis|[silent]
|-hitcount|p2: Great Tusk|2
|
|-weather|none
|upkeep
|
|t:|1779848884
|switch|p2a: Cresselia|Cresselia, F, shiny|36/100
|turn|9
|
|t:|1779848892
|move|p1a: Kyurem|Dragon Dance|p1a: Kyurem
|-boost|p1a: Kyurem|atk|1
|-boost|p1a: Kyurem|spe|1
|move|p2a: Cresselia|Lunar Dance|p2a: Cresselia
|faint|p2a: Cresselia
|
|upkeep
|
|t:|1779848902
|switch|p2a: Torkoal|Torkoal, F, shiny|44/100
|-heal|p2a: Torkoal|100/100|[from] move: Lunar Dance
|-activate|p2a: Torkoal|move: Sticky Web
|-unboost|p2a: Torkoal|spe|1
|-weather|SunnyDay|[from] ability: Drought|[of] p2a: Torkoal
|turn|10
|inactive|Davemcbean has 90 seconds left.
|
|t:|1779848931
|move|p1a: Kyurem|Scale Shot|p2a: Torkoal
|-damage|p2a: Torkoal|87/100
|-damage|p2a: Torkoal|74/100
|-damage|p2a: Torkoal|62/100
|-damage|p2a: Torkoal|49/100
|-hitcount|p2a: Torkoal|4
|-unboost|p1a: Kyurem|def|1
|-boost|p1a: Kyurem|spe|1
|move|p2a: Torkoal|Rapid Spin|p1a: Kyurem
|-damage|p1a: Kyurem|65/100
|-boost|p2a: Torkoal|spe|1
|-sideend|p2: Davemcbean|Sticky Web|[from] move: Rapid Spin|[of] p2a: Torkoal
|
|-weather|SunnyDay|[upkeep]
|upkeep
|turn|11
|
|t:|1779848955
|move|p1a: Kyurem|Scale Shot|p2a: Torkoal
|-damage|p2a: Torkoal|37/100
|-damage|p2a: Torkoal|24/100
|-damage|p2a: Torkoal|10/100
|-damage|p2a: Torkoal|0 fnt
|faint|p2a: Torkoal
|-hitcount|p2: Torkoal|4
|-unboost|p1a: Kyurem|def|1
|-boost|p1a: Kyurem|spe|1
|
|-weather|SunnyDay|[upkeep]
|upkeep
|inactive|Davemcbean has 60 seconds left.
|
|t:|1779848973
|switch|p2a: Raging Bolt|Raging Bolt|100/100
|-activate|p2a: Raging Bolt|ability: Protosynthesis
|-start|p2a: Raging Bolt|protosynthesisspa
|turn|12
|
|t:|1779848984
|move|p1a: Kyurem|Icicle Spear|p2a: Raging Bolt
|-supereffective|p2a: Raging Bolt
|-damage|p2a: Raging Bolt|61/100
|-supereffective|p2a: Raging Bolt
|-damage|p2a: Raging Bolt|16/100
|-supereffective|p2a: Raging Bolt
|-damage|p2a: Raging Bolt|0 fnt
|faint|p2a: Raging Bolt
|-end|p2a: Raging Bolt|Protosynthesis|[silent]
|-hitcount|p2: Raging Bolt|3
|
|-weather|SunnyDay|[upkeep]
|upkeep
|inactive|Davemcbean has 60 seconds left.
|
|t:|1779849009
|switch|p2a: Walking Wake|Walking Wake|100/100
|-activate|p2a: Walking Wake|ability: Protosynthesis
|-start|p2a: Walking Wake|protosynthesisspa
|turn|13
|
|t:|1779849024
|-terastallize|p2a: Walking Wake|Water
|move|p1a: Kyurem|Icicle Spear|p2a: Walking Wake
|-resisted|p2a: Walking Wake
|-damage|p2a: Walking Wake|89/100
|-resisted|p2a: Walking Wake
|-damage|p2a: Walking Wake|76/100
|-resisted|p2a: Walking Wake
|-damage|p2a: Walking Wake|65/100
|-resisted|p2a: Walking Wake
|-damage|p2a: Walking Wake|54/100
|-hitcount|p2a: Walking Wake|4
|move|p2a: Walking Wake|Dragon Pulse|p1a: Kyurem
|-supereffective|p1a: Kyurem
|-damage|p1a: Kyurem|0 fnt
|faint|p1a: Kyurem
|
|-weather|SunnyDay|[upkeep]
|upkeep
|
|t:|1779849030
|switch|p1a: Meowscarada|Meowscarada, M|100/100
|-damage|p1a: Meowscarada|88/100|[from] Stealth Rock
|turn|14
|
|t:|1779849041
|-terastallize|p1a: Meowscarada|Grass
|move|p1a: Meowscarada|Flower Trick|p2a: Walking Wake
|-supereffective|p2a: Walking Wake
|-crit|p2a: Walking Wake
|-damage|p2a: Walking Wake|0 fnt
|faint|p2a: Walking Wake
|-end|p2a: Walking Wake|Protosynthesis|[silent]
|
|win|falinks_testing
|raw|falinks_testing's rating: 1283 &rarr; <strong>1311</strong><br />(+28 for winning)
|raw|Davemcbean's rating: 1318 &rarr; <strong>1296</strong><br />(-22 for losing)
