|j|☆claudechamp
|j|☆lostexits
|t:|1779801944
|gametype|singles
|player|p1|claudechamp|265|1251
|player|p2|lostexits|170|1225
|gen|9
|tier|[Gen 9] OU
|rated|
|rule|HP Percentage Mod: HP is shown in percentages
|rule|Endless Battle Clause: Forcing endless battles is banned
|rule|Species Clause: Limit one of each Pokémon
|rule|OHKO Clause: OHKO moves are banned
|rule|Evasion Items Clause: Evasion items are banned
|rule|Evasion Moves Clause: Evasion moves are banned
|rule|Evasion Abilities Clause: Evasion abilities are banned
|rule|Sleep Moves Clause: Sleep-inducing moves are banned
|clearpoke
|poke|p1|Gliscor, F|
|poke|p1|Ogerpon, F|
|poke|p1|Walking Wake|
|poke|p1|Blissey, F|
|poke|p1|Corviknight, M|
|poke|p1|Pecharunt|
|poke|p2|Arcanine-Hisui, F|
|poke|p2|Noivern, M|
|poke|p2|Zoroark-Hisui, F|
|poke|p2|Ogerpon-Wellspring, F|
|poke|p2|Jolteon, F|
|poke|p2|Corviknight, M|
|teampreview
|c|☆claudechamp|hf
|inactive|Battle timer is ON: inactive players will automatically lose when time's up. (requested by claudechamp)
|
|t:|1779801948
|teamsize|p1|6
|teamsize|p2|6
|start
|switch|p1a: Gliscor|Gliscor, F|100/100
|switch|p2a: Jolteon|Jolteon, F|100/100
|turn|1
|
|t:|1779801959
|move|p2a: Jolteon|Shadow Ball|p1a: Gliscor
|-damage|p1a: Gliscor|67/100
|move|p1a: Gliscor|Spikes|p2a: Jolteon
|-sidestart|p2: lostexits|Spikes
|
|-status|p1a: Gliscor|tox|[from] item: Toxic Orb
|upkeep
|turn|2
|
|t:|1779801970
|switch|p2a: Noivern|Noivern, M|100/100
|-item|p1a: Gliscor|Toxic Orb|[from] ability: Frisk|[of] p2a: Noivern
|move|p1a: Gliscor|Earthquake|p2a: Noivern
|-immune|p2a: Noivern
|
|-heal|p1a: Gliscor|79/100 tox|[from] ability: Poison Heal
|upkeep
|turn|3
|
|t:|1779801976
|move|p2a: Noivern|Psychic Noise|p1a: Gliscor
|-damage|p1a: Gliscor|60/100 tox
|-start|p1a: Gliscor|move: Heal Block
|move|p1a: Gliscor|Spikes|p2a: Noivern
|-sidestart|p2: lostexits|Spikes
|
|upkeep
|turn|4
|
|t:|1779801984
|move|p2a: Noivern|Defog|p1a: Gliscor
|-unboost|p1a: Gliscor|evasion|1
|-sideend|p2: lostexits|Spikes|[from] move: Defog|[of] p2a: Noivern
|move|p1a: Gliscor|Toxic|p2a: Noivern
|-status|p2a: Noivern|tox
|
|-damage|p2a: Noivern|94/100 tox|[from] psn
|-end|p1a: Gliscor|move: Heal Block
|upkeep
|turn|5
|
|t:|1779801990
|move|p2a: Noivern|Psychic Noise|p1a: Gliscor
|-damage|p1a: Gliscor|43/100 tox
|-start|p1a: Gliscor|move: Heal Block
|move|p1a: Gliscor|Spikes|p2a: Noivern
|-sidestart|p2: lostexits|Spikes
|
|-damage|p2a: Noivern|82/100 tox|[from] psn
|upkeep
|turn|6
|
|t:|1779802000
|move|p2a: Noivern|Psychic Noise|p1a: Gliscor
|-damage|p1a: Gliscor|24/100 tox
|move|p1a: Gliscor|Spikes|p2a: Noivern
|-sidestart|p2: lostexits|Spikes
|
|-damage|p2a: Noivern|64/100 tox|[from] psn
|-end|p1a: Gliscor|move: Heal Block
|upkeep
|turn|7
|
|t:|1779802008
|move|p1a: Gliscor|Protect|p1a: Gliscor
|-singleturn|p1a: Gliscor|Protect
|move|p2a: Noivern|Defog|p1a: Gliscor
|-activate|p1a: Gliscor|move: Protect
|
|-damage|p2a: Noivern|39/100 tox|[from] psn
|-heal|p1a: Gliscor|37/100 tox|[from] ability: Poison Heal
|upkeep
|turn|8
|
|t:|1779802015
|move|p2a: Noivern|Defog|p1a: Gliscor
|-unboost|p1a: Gliscor|evasion|1
|-sideend|p2: lostexits|Spikes|[from] move: Defog|[of] p2a: Noivern
|move|p1a: Gliscor|Spikes|p2a: Noivern
|-sidestart|p2: lostexits|Spikes
|
|-damage|p2a: Noivern|9/100 tox|[from] psn
|-heal|p1a: Gliscor|49/100 tox|[from] ability: Poison Heal
|upkeep
|-enditem|p2a: Noivern|Salac Berry|[eat]
|-boost|p2a: Noivern|spe|1|[from] item: Salac Berry
|turn|9
|
|t:|1779802026
|switch|p2a: Ogerpon|Ogerpon-Wellspring, F|100/100
|-damage|p2a: Ogerpon|88/100|[from] Spikes
|switch|p1a: Pecharunt|Pecharunt|100/100
|
|upkeep
|turn|10
|
|t:|1779802043
|switch|p2a: Corviknight|Corviknight, M|100/100
|move|p1a: Pecharunt|Malignant Chain|p2a: Corviknight
|-immune|p2a: Corviknight
|
|upkeep
|turn|11
|
|t:|1779802053
|switch|p1a: Gliscor|Gliscor, F|49/100 tox
|move|p2a: Corviknight|Brave Bird|p1a: Gliscor
|-damage|p1a: Gliscor|18/100 tox
|-damage|p2a: Corviknight|91/100|[from] Recoil
|
|-heal|p1a: Gliscor|30/100 tox|[from] ability: Poison Heal
|upkeep
|turn|12
|
|t:|1779802063
|switch|p2a: Ogerpon|Ogerpon-Wellspring, F|88/100
|-damage|p2a: Ogerpon|76/100|[from] Spikes
|move|p1a: Gliscor|Protect||[still]
|-fail|p1a: Gliscor
|
|-heal|p1a: Gliscor|43/100 tox|[from] ability: Poison Heal
|upkeep
|turn|13
|
|t:|1779802069
|switch|p1a: Pecharunt|Pecharunt|100/100
|move|p2a: Ogerpon|Encore||[still]
|-fail|p2a: Ogerpon
|
|upkeep
|turn|14
|
|t:|1779802078
|move|p2a: Ogerpon|Ivy Cudgel|p1a: Pecharunt|[anim] Ivy Cudgel Water
|-damage|p1a: Pecharunt|74/100
|move|p1a: Pecharunt|Foul Play|p2a: Ogerpon
|-damage|p2a: Ogerpon|34/100
|
|upkeep
|turn|15
|
|t:|1779802089
|switch|p2a: Corviknight|Corviknight, M|91/100
|move|p1a: Pecharunt|Foul Play|p2a: Corviknight
|-damage|p2a: Corviknight|74/100
|-damage|p1a: Pecharunt|58/100|[from] item: Rocky Helmet|[of] p2a: Corviknight
|
|upkeep
|turn|16
|
|t:|1779802100
|move|p1a: Pecharunt|Recover|p1a: Pecharunt
|-heal|p1a: Pecharunt|100/100
|move|p2a: Corviknight|Brave Bird|p1a: Pecharunt
|-damage|p1a: Pecharunt|82/100
|-damage|p2a: Corviknight|68/100|[from] Recoil
|
|upkeep
|turn|17
|
|t:|1779802106
|move|p1a: Pecharunt|Foul Play|p2a: Corviknight
|-damage|p2a: Corviknight|53/100
|-damage|p1a: Pecharunt|66/100|[from] item: Rocky Helmet|[of] p2a: Corviknight
|move|p2a: Corviknight|Brave Bird|p1a: Pecharunt
|-damage|p1a: Pecharunt|49/100
|-damage|p2a: Corviknight|48/100|[from] Recoil
|
|upkeep
|turn|18
|
|t:|1779802110
|move|p1a: Pecharunt|Recover|p1a: Pecharunt
|-heal|p1a: Pecharunt|99/100
|move|p2a: Corviknight|Roost|p2a: Corviknight
|-heal|p2a: Corviknight|98/100
|-singleturn|p2a: Corviknight|move: Roost
|
|upkeep
|turn|19
|
|t:|1779802118
|move|p1a: Pecharunt|Parting Shot|p2a: Corviknight
|-ability|p2a: Corviknight|Mirror Armor
|-unboost|p1a: Pecharunt|atk|1
|-ability|p2a: Corviknight|Mirror Armor
|-unboost|p1a: Pecharunt|spa|1
|
|t:|1779802121
|switch|p1a: Blissey|Blissey, F|100/100|[from] Parting Shot
|move|p2a: Corviknight|Brave Bird|p1a: Blissey
|-damage|p1a: Blissey|64/100
|-damage|p2a: Corviknight|78/100|[from] Recoil
|
|upkeep
|turn|20
|
|t:|1779802131
|move|p2a: Corviknight|Iron Defense|p2a: Corviknight
|-boost|p2a: Corviknight|def|2
|move|p1a: Blissey|Soft-Boiled|p1a: Blissey
|-heal|p1a: Blissey|100/100
|
|upkeep
|turn|21
|
|t:|1779802140
|move|p2a: Corviknight|Body Press|p1a: Blissey
|-supereffective|p1a: Blissey
|-damage|p1a: Blissey|24/100
|move|p1a: Blissey|Seismic Toss|p2a: Corviknight
|-damage|p2a: Corviknight|53/100
|-damage|p1a: Blissey|8/100|[from] item: Rocky Helmet|[of] p2a: Corviknight
|
|upkeep
|turn|22
|
|t:|1779802149
|switch|p1a: Pecharunt|Pecharunt|99/100
|move|p2a: Corviknight|Roost|p2a: Corviknight
|-heal|p2a: Corviknight|100/100
|-singleturn|p2a: Corviknight|move: Roost
|
|upkeep
|turn|23
|
|t:|1779802157
|move|p1a: Pecharunt|Foul Play|p2a: Corviknight
|-damage|p2a: Corviknight|92/100
|-damage|p1a: Pecharunt|82/100|[from] item: Rocky Helmet|[of] p2a: Corviknight
|move|p2a: Corviknight|Brave Bird|p1a: Pecharunt
|-damage|p1a: Pecharunt|64/100
|-damage|p2a: Corviknight|87/100|[from] Recoil
|
|upkeep
|turn|24
|
|t:|1779802166
|move|p1a: Pecharunt|Foul Play|p2a: Corviknight
|-damage|p2a: Corviknight|79/100
|-damage|p1a: Pecharunt|48/100|[from] item: Rocky Helmet|[of] p2a: Corviknight
|move|p2a: Corviknight|Brave Bird|p1a: Pecharunt
|-crit|p1a: Pecharunt
|-damage|p1a: Pecharunt|22/100
|-damage|p2a: Corviknight|70/100|[from] Recoil
|
|upkeep
|turn|25
|
|t:|1779802182
|switch|p1a: Gliscor|Gliscor, F|43/100 tox
|move|p2a: Corviknight|Brave Bird|p1a: Gliscor
|-damage|p1a: Gliscor|16/100 tox
|-damage|p2a: Corviknight|63/100|[from] Recoil
|
|-heal|p1a: Gliscor|28/100 tox|[from] ability: Poison Heal
|upkeep
|turn|26
|
|t:|1779802194
|-terastallize|p1a: Gliscor|Ghost
|move|p1a: Gliscor|Spikes|p2a: Corviknight
|-sidestart|p2: lostexits|Spikes
|move|p2a: Corviknight|Roost|p2a: Corviknight
|-heal|p2a: Corviknight|100/100
|-singleturn|p2a: Corviknight|move: Roost
|
|-heal|p1a: Gliscor|41/100 tox|[from] ability: Poison Heal
|upkeep
|turn|27
|
|t:|1779802199
|switch|p1a: Walking Wake|Walking Wake|100/100
|move|p2a: Corviknight|Brave Bird|p1a: Walking Wake
|-damage|p1a: Walking Wake|59/100
|-damage|p2a: Corviknight|89/100|[from] Recoil
|
|upkeep
|turn|28
|
|t:|1779802207
|switch|p2a: Ogerpon|Ogerpon-Wellspring, F|34/100
|-damage|p2a: Ogerpon|18/100|[from] Spikes
|move|p1a: Walking Wake|Surf|p2a: Ogerpon
|-heal|p2a: Ogerpon|43/100|[from] ability: Water Absorb|[of] p1a: Walking Wake
|
|upkeep
|turn|29
|
|t:|1779802215
|move|p2a: Ogerpon|Horn Leech|p1a: Walking Wake
|-damage|p1a: Walking Wake|11/100
|-heal|p2a: Ogerpon|70/100|[from] drain|[of] p1a: Walking Wake
|move|p1a: Walking Wake|Draco Meteor|p2a: Ogerpon
|-damage|p2a: Ogerpon|0 fnt
|-unboost|p1a: Walking Wake|spa|2
|faint|p2a: Ogerpon
|
|upkeep
|
|t:|1779802226
|switch|p2a: Noivern|Noivern, M|9/100 tox
|-item|p1a: Walking Wake|Heavy-Duty Boots|[from] ability: Frisk|[of] p2a: Noivern
|turn|30
|
|t:|1779802236
|move|p2a: Noivern|Defog|p1a: Walking Wake
|-unboost|p1a: Walking Wake|evasion|1
|-sideend|p2: lostexits|Spikes|[from] move: Defog|[of] p2a: Noivern
|move|p1a: Walking Wake|Surf|p2a: Noivern
|-resisted|p2a: Noivern
|-damage|p2a: Noivern|0 fnt
|faint|p2a: Noivern
|
|upkeep
|
|t:|1779802247
|switch|p2a: Jolteon|Jolteon, F|100/100
|turn|31
|
|t:|1779802258
|-end|p1a: Walking Wake|Protosynthesis|[silent]
|switch|p1a: Blissey|Blissey, F|8/100
|move|p2a: Jolteon|Shadow Ball|p1a: Blissey
|-immune|p1a: Blissey
|
|upkeep
|turn|32
|
|t:|1779802273
|switch|p2a: Corviknight|Corviknight, M|89/100
|move|p1a: Blissey|Soft-Boiled|p1a: Blissey
|-heal|p1a: Blissey|58/100
|
|upkeep
|turn|33
|
|t:|1779802286
|move|p2a: Corviknight|Brave Bird|p1a: Blissey
|-damage|p1a: Blissey|22/100
|-damage|p2a: Corviknight|70/100|[from] Recoil
|move|p1a: Blissey|Seismic Toss|p2a: Corviknight
|-damage|p2a: Corviknight|45/100
|-damage|p1a: Blissey|6/100|[from] item: Rocky Helmet|[of] p2a: Corviknight
|
|upkeep
|turn|34
|
|t:|1779802298
|move|p2a: Corviknight|Body Press|p1a: Blissey
|-supereffective|p1a: Blissey
|-damage|p1a: Blissey|0 fnt
|faint|p1a: Blissey
|
|upkeep
|
|t:|1779802306
|switch|p1a: Pecharunt|Pecharunt|22/100
|turn|35
|
|t:|1779802319
|move|p1a: Pecharunt|Recover|p1a: Pecharunt
|-heal|p1a: Pecharunt|72/100
|move|p2a: Corviknight|Roost|p2a: Corviknight
|-heal|p2a: Corviknight|95/100
|-singleturn|p2a: Corviknight|move: Roost
|
|upkeep
|turn|36
|
|t:|1779802333
|move|p1a: Pecharunt|Foul Play|p2a: Corviknight
|-damage|p2a: Corviknight|80/100
|-damage|p1a: Pecharunt|55/100|[from] item: Rocky Helmet|[of] p2a: Corviknight
|move|p2a: Corviknight|Iron Defense|p2a: Corviknight
|-boost|p2a: Corviknight|def|2
|
|upkeep
|turn|37
|
|t:|1779802344
|move|p1a: Pecharunt|Recover|p1a: Pecharunt
|-heal|p1a: Pecharunt|100/100
|move|p2a: Corviknight|Brave Bird|p1a: Pecharunt
|-crit|p1a: Pecharunt
|-damage|p1a: Pecharunt|74/100
|-damage|p2a: Corviknight|71/100|[from] Recoil
|
|upkeep
|turn|38
|
|t:|1779802356
|switch|p1a: Gliscor|Gliscor, F, tera:Ghost|41/100 tox
|move|p2a: Corviknight|Iron Defense|p2a: Corviknight
|-boost|p2a: Corviknight|def|2
|
|-heal|p1a: Gliscor|53/100 tox|[from] ability: Poison Heal
|upkeep
|turn|39
|
|t:|1779802364
|move|p1a: Gliscor|Spikes|p2a: Corviknight
|-sidestart|p2: lostexits|Spikes
|move|p2a: Corviknight|Brave Bird|p1a: Gliscor
|-damage|p1a: Gliscor|25/100 tox
|-damage|p2a: Corviknight|63/100|[from] Recoil
|
|-heal|p1a: Gliscor|38/100 tox|[from] ability: Poison Heal
|upkeep
|turn|40
|
|t:|1779802376
|switch|p1a: Pecharunt|Pecharunt|74/100
|move|p2a: Corviknight|Brave Bird|p1a: Pecharunt
|-damage|p1a: Pecharunt|57/100
|-damage|p2a: Corviknight|58/100|[from] Recoil
|
|upkeep
|turn|41
|
|t:|1779802388
|move|p1a: Pecharunt|Recover|p1a: Pecharunt
|-heal|p1a: Pecharunt|100/100
|move|p2a: Corviknight|Brave Bird|p1a: Pecharunt
|-damage|p1a: Pecharunt|82/100
|-damage|p2a: Corviknight|52/100|[from] Recoil
|
|upkeep
|turn|42
|
|t:|1779802397
|move|p1a: Pecharunt|Foul Play|p2a: Corviknight
|-damage|p2a: Corviknight|47/100
|-damage|p1a: Pecharunt|65/100|[from] item: Rocky Helmet|[of] p2a: Corviknight
|move|p2a: Corviknight|Brave Bird|p1a: Pecharunt
|-damage|p1a: Pecharunt|48/100
|-damage|p2a: Corviknight|41/100|[from] Recoil
|
|upkeep
|turn|43
|
|t:|1779802406
|switch|p2a: Corviknight|Corviknight, M|100/100
|-damage|p2a: Corviknight|88/100|[from] Spikes
|move|p1a: Pecharunt|Foul Play|p2a: Corviknight
|-supereffective|p2a: Corviknight
|-damage|p2a: Corviknight|21/100
|replace|p2a: Zoroark|Zoroark-Hisui, F
|-end|p2a: Zoroark|Illusion
|
|upkeep
|turn|44
|inactive|lostexits has 120 seconds left.
|l|☆lostexits
|inactive|lostexits disconnected and has a minute to reconnect!
|player|p2|
|inactive|lostexits has 30 seconds to reconnect!
|inactive|lostexits has 20 seconds to reconnect!
|inactive|lostexits has 15 seconds to reconnect!
|inactive|lostexits has 10 seconds to reconnect!
|inactive|lostexits has 5 seconds to reconnect!
|-message|lostexits lost due to inactivity.
|
|win|claudechamp
|raw|claudechamp's rating: 1283 &rarr; <strong>1304</strong><br />(+21 for winning)
|raw|lostexits's rating: 1225 &rarr; <strong>1204</strong><br />(-21 for losing)
|c|☆claudechamp|gg
