|j|☆claudechamp
|j|☆abraham_305
|t:|1779881840
|gametype|singles
|player|p1|claudechamp|169|1328
|player|p2|abraham_305|2|1336
|gen|9
|tier|[Gen 9] OU
|rated|
|rule|HP Percentage Mod: HP is shown in percentages
|rule|Endless Battle Clause: Forcing endless battles is banned
|rule|Species Clause: Limit one of each Pokémon
|rule|OHKO Clause: OHKO moves are banned
|rule|Evasion Items Clause: Evasion items are banned
|rule|Evasion Moves Clause: Evasion moves are banned
|rule|Evasion Abilities Clause: Evasion abilities are banned
|rule|Sleep Moves Clause: Sleep-inducing moves are banned
|clearpoke
|poke|p1|Gliscor, M|
|poke|p1|Ogerpon, F|
|poke|p1|Walking Wake|
|poke|p1|Blissey, F|
|poke|p1|Corviknight, F|
|poke|p1|Pecharunt|
|poke|p2|Ninetales-Alola, F|
|poke|p2|Grimmsnarl, M|
|poke|p2|Glimmora, M|
|poke|p2|Zapdos|
|poke|p2|Dondozo, F|
|poke|p2|Primarina, F|
|teampreview
|c|☆claudechamp|hf
|inactive|Battle timer is ON: inactive players will automatically lose when time's up. (requested by claudechamp)
|inactive|abraham_305 has 120 seconds left.
|
|t:|1779881894
|teamsize|p1|6
|teamsize|p2|6
|start
|switch|p1a: Gliscor|Gliscor, M|100/100
|switch|p2a: Grimmsnarl|Grimmsnarl, M|100/100
|turn|1
|
|t:|1779881901
|move|p2a: Grimmsnarl|Trick|p1a: Gliscor
|-activate|p2a: Grimmsnarl|move: Trick|[of] p1a: Gliscor
|-item|p1a: Gliscor|Choice Band|[from] move: Trick
|-item|p2a: Grimmsnarl|Toxic Orb|[from] move: Trick
|move|p1a: Gliscor|Spikes|p2a: Grimmsnarl
|-sidestart|p2: abraham_305|Spikes
|
|-status|p2a: Grimmsnarl|tox|[from] item: Toxic Orb
|upkeep
|turn|2
|
|t:|1779881908
|move|p1a: Gliscor|Spikes|p2a: Grimmsnarl
|-sidestart|p2: abraham_305|Spikes
|move|p2a: Grimmsnarl|Crunch|p1a: Gliscor
|-damage|p1a: Gliscor|67/100
|-unboost|p1a: Gliscor|def|1
|
|-damage|p2a: Grimmsnarl|94/100 tox|[from] psn
|upkeep
|turn|3
|
|t:|1779881918
|switch|p1a: Pecharunt|Pecharunt|100/100
|switch|p2a: Ninetales|Ninetales-Alola, F, shiny|100/100
|-damage|p2a: Ninetales|84/100|[from] Spikes
|-weather|Snowscape|[from] ability: Snow Warning|[of] p2a: Ninetales
|
|-weather|Snowscape|[upkeep]
|upkeep
|turn|4
|
|t:|1779881920
|move|p2a: Ninetales|Aurora Veil|p2a: Ninetales
|-sidestart|p2: abraham_305|move: Aurora Veil
|move|p1a: Pecharunt|Malignant Chain|p2a: Ninetales
|-supereffective|p2a: Ninetales
|-damage|p2a: Ninetales|48/100
|
|-weather|Snowscape|[upkeep]
|upkeep
|turn|5
|
|t:|1779881931
|move|p2a: Ninetales|Freeze-Dry|p1a: Pecharunt
|-crit|p1a: Pecharunt
|-damage|p1a: Pecharunt|63/100
|-status|p1a: Pecharunt|frz
|cant|p1a: Pecharunt|frz
|
|-weather|Snowscape|[upkeep]
|upkeep
|turn|6
|
|t:|1779881941
|switch|p1a: Blissey|Blissey, F|100/100
|move|p2a: Ninetales|Freeze-Dry|p1a: Blissey
|-damage|p1a: Blissey|93/100
|
|-weather|Snowscape|[upkeep]
|upkeep
|turn|7
|
|t:|1779881948
|switch|p2a: Grimmsnarl|Grimmsnarl, M|94/100 tox
|-damage|p2a: Grimmsnarl|78/100 tox|[from] Spikes
|move|p1a: Blissey|Stealth Rock|p2a: Grimmsnarl
|-sidestart|p2: abraham_305|move: Stealth Rock
|
|-weather|none
|-damage|p2a: Grimmsnarl|72/100 tox|[from] psn
|upkeep
|turn|8
|
|t:|1779881955
|switch|p1a: Gliscor|Gliscor, M|67/100
|move|p2a: Grimmsnarl|Play Rough|p1a: Gliscor
|-damage|p1a: Gliscor|31/100
|
|-damage|p2a: Grimmsnarl|60/100 tox|[from] psn
|upkeep
|turn|9
|
|t:|1779881962
|move|p1a: Gliscor|Protect|p1a: Gliscor
|-singleturn|p1a: Gliscor|Protect
|move|p2a: Grimmsnarl|Play Rough|p1a: Gliscor
|-activate|p1a: Gliscor|move: Protect
|
|-damage|p2a: Grimmsnarl|41/100 tox|[from] psn
|upkeep
|turn|10
|
|t:|1779881966
|switch|p1a: Corviknight|Corviknight, F|100/100
|-ability|p1a: Corviknight|Pressure
|move|p2a: Grimmsnarl|Crunch|p1a: Corviknight
|-damage|p1a: Corviknight|74/100
|
|-damage|p2a: Grimmsnarl|17/100 tox|[from] psn
|upkeep
|turn|11
|
|t:|1779881977
|move|p1a: Corviknight|Roost|p1a: Corviknight
|-heal|p1a: Corviknight|100/100
|-singleturn|p1a: Corviknight|move: Roost
|move|p2a: Grimmsnarl|Crunch|p1a: Corviknight
|-damage|p1a: Corviknight|71/100
|
|-damage|p2a: Grimmsnarl|0 fnt|[from] psn
|faint|p2a: Grimmsnarl
|-sideend|p2: abraham_305|move: Aurora Veil
|upkeep
|
|t:|1779881983
|switch|p2a: Zapdos|Zapdos|100/100
|-damage|p2a: Zapdos|76/100|[from] Stealth Rock
|turn|12
|
|t:|1779882003
|switch|p1a: Ogerpon|Ogerpon, F|100/100
|move|p2a: Zapdos|Heat Wave|p1a: Ogerpon|[miss]
|-miss|p2a: Zapdos|p1a: Ogerpon
|
|upkeep
|turn|13
|
|t:|1779882008
|switch|p1a: Blissey|Blissey, F|93/100
|move|p2a: Zapdos|Heat Wave|p1a: Blissey
|-damage|p1a: Blissey|79/100
|
|upkeep
|turn|14
|inactive|abraham_305 has 120 seconds left.
|
|t:|1779882043
|switch|p2a: Glimmora|Glimmora, M|100/100
|-damage|p2a: Glimmora|84/100|[from] Spikes
|-damage|p2a: Glimmora|72/100|[from] Stealth Rock
|move|p1a: Blissey|Seismic Toss|p2a: Glimmora
|-damage|p2a: Glimmora|39/100
|
|upkeep
|turn|15
|
|t:|1779882050
|move|p2a: Glimmora|Toxic|p1a: Blissey
|-status|p1a: Blissey|tox
|move|p1a: Blissey|Seismic Toss|p2a: Glimmora
|-damage|p2a: Glimmora|6/100
|
|-damage|p1a: Blissey|72/100 tox|[from] psn
|upkeep
|turn|16
|
|t:|1779882066
|move|p2a: Glimmora|Mortal Spin|p1a: Blissey
|-damage|p1a: Blissey|65/100 tox
|-sideend|p2: abraham_305|Spikes|[from] move: Mortal Spin|[of] p2a: Glimmora
|-sideend|p2: abraham_305|Stealth Rock|[from] move: Mortal Spin|[of] p2a: Glimmora
|move|p1a: Blissey|Seismic Toss|p2a: Glimmora
|-damage|p2a: Glimmora|0 fnt
|faint|p2a: Glimmora
|
|-damage|p1a: Blissey|53/100 tox|[from] psn
|upkeep
|
|t:|1779882081
|switch|p2a: Primarina|Primarina, F|100/100
|turn|17
|
|t:|1779882087
|-curestatus|p1a: Blissey|tox|[from] ability: Natural Cure|[silent]
|switch|p1a: Walking Wake|Walking Wake|100/100
|move|p2a: Primarina|Psychic Noise|p1a: Walking Wake
|-resisted|p1a: Walking Wake
|-damage|p1a: Walking Wake|83/100
|-start|p1a: Walking Wake|move: Heal Block
|
|upkeep
|turn|18
|
|t:|1779882104
|switch|p2a: Ninetales|Ninetales-Alola, F, shiny|48/100
|-weather|Snowscape|[from] ability: Snow Warning|[of] p2a: Ninetales
|move|p1a: Walking Wake|Surf|p2a: Ninetales
|-damage|p2a: Ninetales|0 fnt
|faint|p2a: Ninetales
|
|-weather|Snowscape|[upkeep]
|-end|p1a: Walking Wake|move: Heal Block
|upkeep
|
|t:|1779882111
|switch|p2a: Primarina|Primarina, F|100/100
|turn|19
|
|t:|1779882115
|move|p1a: Walking Wake|Knock Off|p2a: Primarina
|-resisted|p2a: Primarina
|-damage|p2a: Primarina|91/100
|-enditem|p2a: Primarina|Choice Specs|[from] move: Knock Off|[of] p1a: Walking Wake
|move|p2a: Primarina|Moonblast|p1a: Walking Wake
|-supereffective|p1a: Walking Wake
|-damage|p1a: Walking Wake|0 fnt
|faint|p1a: Walking Wake
|-end|p1a: Walking Wake|Protosynthesis|[silent]
|
|-weather|Snowscape|[upkeep]
|upkeep
|
|t:|1779882126
|switch|p1a: Ogerpon|Ogerpon, F|100/100
|turn|20
|
|t:|1779882131
|switch|p2a: Zapdos|Zapdos|76/100
|move|p1a: Ogerpon|Ivy Cudgel|p2a: Zapdos
|-resisted|p2a: Zapdos
|-damage|p2a: Zapdos|43/100
|
|-weather|Snowscape|[upkeep]
|upkeep
|turn|21
|
|t:|1779882142
|switch|p1a: Blissey|Blissey, F|53/100
|move|p2a: Zapdos|Discharge|p1a: Blissey
|-damage|p1a: Blissey|33/100
|
|-weather|Snowscape|[upkeep]
|upkeep
|turn|22
|
|t:|1779882153
|switch|p2a: Dondozo|Dondozo, F, shiny|100/100
|move|p1a: Blissey|Soft-Boiled|p1a: Blissey
|-heal|p1a: Blissey|83/100
|
|-weather|none
|upkeep
|turn|23
|
|t:|1779882158
|move|p1a: Blissey|Stealth Rock|p2a: Dondozo
|-sidestart|p2: abraham_305|move: Stealth Rock
|move|p2a: Dondozo|Curse|p2a: Dondozo
|-unboost|p2a: Dondozo|spe|1
|-boost|p2a: Dondozo|atk|1
|-boost|p2a: Dondozo|def|1
|
|upkeep
|turn|24
|
|t:|1779882166
|move|p1a: Blissey|Seismic Toss|p2a: Dondozo
|-damage|p2a: Dondozo|81/100
|move|p2a: Dondozo|Curse|p2a: Dondozo
|-unboost|p2a: Dondozo|spe|1
|-boost|p2a: Dondozo|atk|1
|-boost|p2a: Dondozo|def|1
|
|-heal|p2a: Dondozo|87/100|[from] item: Leftovers
|upkeep
|turn|25
|
|t:|1779882177
|move|p1a: Blissey|Seismic Toss|p2a: Dondozo
|-damage|p2a: Dondozo|67/100
|move|p2a: Dondozo|Body Press|p1a: Blissey
|-supereffective|p1a: Blissey
|-damage|p1a: Blissey|0 fnt
|faint|p1a: Blissey
|
|-heal|p2a: Dondozo|73/100|[from] item: Leftovers
|upkeep
|
|t:|1779882188
|switch|p1a: Ogerpon|Ogerpon, F|100/100
|turn|26
|
|t:|1779882198
|-terastallize|p2a: Dondozo|Dragon
|move|p1a: Ogerpon|U-turn|p2a: Dondozo
|-damage|p2a: Dondozo|66/100
|
|t:|1779882208
|switch|p1a: Pecharunt|Pecharunt|63/100 frz|[from] U-turn
|move|p2a: Dondozo|Body Press|p1a: Pecharunt
|-immune|p1a: Pecharunt
|
|-heal|p2a: Dondozo|73/100|[from] item: Leftovers
|upkeep
|turn|27
|
|t:|1779882218
|cant|p1a: Pecharunt|frz
|move|p2a: Dondozo|Earthquake|p1a: Pecharunt
|-supereffective|p1a: Pecharunt
|-damage|p1a: Pecharunt|3/100 frz
|
|-heal|p2a: Dondozo|79/100|[from] item: Leftovers
|upkeep
|turn|28
|
|t:|1779882228
|cant|p1a: Pecharunt|frz
|move|p2a: Dondozo|Wave Crash|p1a: Pecharunt
|-damage|p1a: Pecharunt|0 fnt
|faint|p1a: Pecharunt
|-damage|p2a: Dondozo|78/100|[from] Recoil
|
|-heal|p2a: Dondozo|84/100|[from] item: Leftovers
|upkeep
|
|t:|1779882239
|switch|p1a: Gliscor|Gliscor, M|31/100
|turn|29
|
|t:|1779882250
|move|p1a: Gliscor|Earthquake|p2a: Dondozo
|-damage|p2a: Dondozo|68/100
|move|p2a: Dondozo|Wave Crash|p1a: Gliscor
|-supereffective|p1a: Gliscor
|-damage|p1a: Gliscor|0 fnt
|faint|p1a: Gliscor
|-damage|p2a: Dondozo|61/100|[from] Recoil
|
|-heal|p2a: Dondozo|67/100|[from] item: Leftovers
|upkeep
|
|t:|1779882261
|switch|p1a: Corviknight|Corviknight, F|71/100
|-ability|p1a: Corviknight|Pressure
|turn|30
|
|t:|1779882271
|-terastallize|p1a: Corviknight|Ghost
|move|p1a: Corviknight|Roost|p1a: Corviknight
|-heal|p1a: Corviknight|100/100
|move|p2a: Dondozo|Body Press|p1a: Corviknight
|-immune|p1a: Corviknight
|
|-heal|p2a: Dondozo|74/100|[from] item: Leftovers
|upkeep
|turn|31
|
|t:|1779882282
|move|p1a: Corviknight|Body Press|p2a: Dondozo
|-damage|p2a: Dondozo|66/100
|move|p2a: Dondozo|Wave Crash|p1a: Corviknight
|-damage|p1a: Corviknight|21/100
|-damage|p2a: Dondozo|46/100|[from] Recoil
|
|-heal|p2a: Dondozo|52/100|[from] item: Leftovers
|upkeep
|turn|32
|
|t:|1779882294
|move|p1a: Corviknight|Body Press|p2a: Dondozo
|-damage|p2a: Dondozo|44/100
|move|p2a: Dondozo|Wave Crash|p1a: Corviknight
|-damage|p1a: Corviknight|0 fnt
|faint|p1a: Corviknight
|-damage|p2a: Dondozo|39/100|[from] Recoil
|
|-heal|p2a: Dondozo|45/100|[from] item: Leftovers
|upkeep
|inactive|claudechamp has 120 seconds left.
|
|t:|1779882309
|switch|p1a: Ogerpon|Ogerpon, F|100/100
|turn|33
|inactive|claudechamp has 120 seconds left.
|
|t:|1779882323
|move|p1a: Ogerpon|U-turn|p2a: Dondozo
|-damage|p2a: Dondozo|39/100
|move|p2a: Dondozo|Body Press|p1a: Ogerpon
|-damage|p1a: Ogerpon|43/100
|
|-heal|p2a: Dondozo|45/100|[from] item: Leftovers
|upkeep
|turn|34
|inactive|claudechamp has 120 seconds left.
|
|t:|1779882335
|move|p1a: Ogerpon|U-turn|p2a: Dondozo
|-damage|p2a: Dondozo|38/100
|move|p2a: Dondozo|Body Press|p1a: Ogerpon
|-damage|p1a: Ogerpon|0 fnt
|faint|p1a: Ogerpon
|
|win|abraham_305
|raw|claudechamp's rating: 1308 &rarr; <strong>1290</strong><br />(-18 for losing)
|raw|abraham_305's rating: 1336 &rarr; <strong>1354</strong><br />(+18 for winning)
|c|☆claudechamp|gg
|l|☆abraham_305
|player|p2|
