|j|☆mowglli
|j|☆apple sauce mafia
|t:|1779964809
|gametype|singles
|player|p1|mowglli|hugh|1369
|player|p2|apple sauce mafia|jacq|1423
|gen|9
|tier|[Gen 9] OU
|rated|
|rule|HP Percentage Mod: HP is shown in percentages
|rule|Endless Battle Clause: Forcing endless battles is banned
|rule|Species Clause: Limit one of each Pokémon
|rule|OHKO Clause: OHKO moves are banned
|rule|Evasion Items Clause: Evasion items are banned
|rule|Evasion Moves Clause: Evasion moves are banned
|rule|Evasion Abilities Clause: Evasion abilities are banned
|rule|Sleep Moves Clause: Sleep-inducing moves are banned
|clearpoke
|poke|p1|Ceruledge, M|
|poke|p1|Mamoswine, M|
|poke|p1|Scizor, F|
|poke|p1|Rillaboom, M|
|poke|p1|Samurott-Hisui, F|
|poke|p1|Jolteon, F|
|poke|p2|Hawlucha, F|
|poke|p2|Samurott-Hisui, F|
|poke|p2|Rillaboom, F|
|poke|p2|Gholdengo|
|poke|p2|Kyurem|
|poke|p2|Landorus-Therian, M|
|teampreview
|
|t:|1779964822
|teamsize|p1|6
|teamsize|p2|6
|start
|switch|p1a: Samurott|Samurott-Hisui, F|100/100
|switch|p2a: Rillaboom|Rillaboom, F|100/100
|-fieldstart|move: Grassy Terrain|[from] ability: Grassy Surge|[of] p2a: Rillaboom
|turn|1
|inactive|Battle timer is ON: inactive players will automatically lose when time's up. (requested by mowglli)
|
|t:|1779964833
|-terastallize|p1a: Samurott|Poison
|move|p2a: Rillaboom|Wood Hammer|p1a: Samurott
|-resisted|p1a: Samurott
|-damage|p1a: Samurott|25/100
|-damage|p2a: Rillaboom|75/100|[from] Recoil
|move|p1a: Samurott|Knock Off|p2a: Rillaboom
|-damage|p2a: Rillaboom|34/100
|-enditem|p2a: Rillaboom|Choice Band|[from] move: Knock Off|[of] p1a: Samurott
|
|-heal|p2a: Rillaboom|40/100|[from] Grassy Terrain
|-heal|p1a: Samurott|31/100|[from] Grassy Terrain
|upkeep
|turn|2
|
|t:|1779964844
|move|p1a: Samurott|Sucker Punch|p2a: Rillaboom
|-damage|p2a: Rillaboom|10/100
|move|p2a: Rillaboom|Wood Hammer|p1a: Samurott
|-resisted|p1a: Samurott
|-damage|p1a: Samurott|0 fnt
|faint|p1a: Samurott
|-damage|p2a: Rillaboom|0 fnt|[from] Recoil
|faint|p2a: Rillaboom
|
|upkeep
|
|t:|1779964852
|switch|p2a: Samurott|Samurott-Hisui, F|100/100
|switch|p1a: Rillaboom|Rillaboom, M|100/100
|turn|3
|
|t:|1779964863
|move|p1a: Rillaboom|Wood Hammer|p2a: Samurott
|-supereffective|p2a: Samurott
|-damage|p2a: Samurott|0 fnt
|faint|p2a: Samurott
|-damage|p1a: Rillaboom|66/100|[from] Recoil
|
|-heal|p1a: Rillaboom|72/100|[from] Grassy Terrain
|upkeep
|
|t:|1779964867
|switch|p2a: Kyurem|Kyurem|100/100
|-ability|p2a: Kyurem|Pressure
|turn|4
|
|t:|1779964872
|switch|p1a: Scizor|Scizor, F|100/100
|move|p2a: Kyurem|Ice Beam|p1a: Scizor
|-resisted|p1a: Scizor
|-damage|p1a: Scizor|71/100
|
|-heal|p1a: Scizor|77/100|[from] Grassy Terrain
|-heal|p1a: Scizor|83/100|[from] item: Leftovers
|upkeep
|turn|5
|
|t:|1779964877
|switch|p2a: Landorus|Landorus-Therian, M|100/100
|-ability|p2a: Landorus|Intimidate|boost
|-unboost|p1a: Scizor|atk|1
|move|p1a: Scizor|Bullet Punch|p2a: Landorus
|-crit|p2a: Landorus
|-damage|p2a: Landorus|50/100
|-damage|p1a: Scizor|66/100|[from] item: Rocky Helmet|[of] p2a: Landorus
|
|-heal|p1a: Scizor|73/100|[from] Grassy Terrain
|-heal|p1a: Scizor|79/100|[from] item: Leftovers
|-fieldend|move: Grassy Terrain
|upkeep
|turn|6
|
|t:|1779964884
|move|p2a: Landorus|Earth Power|p1a: Scizor
|-damage|p1a: Scizor|39/100
|move|p1a: Scizor|Swords Dance|p1a: Scizor
|-boost|p1a: Scizor|atk|2
|
|-heal|p1a: Scizor|45/100|[from] item: Leftovers
|upkeep
|turn|7
|
|t:|1779964888
|move|p1a: Scizor|Bullet Punch|p2a: Landorus
|-damage|p2a: Landorus|0 fnt
|-damage|p1a: Scizor|28/100|[from] item: Rocky Helmet|[of] p2a: Landorus
|faint|p2a: Landorus
|
|-heal|p1a: Scizor|35/100|[from] item: Leftovers
|upkeep
|
|t:|1779964892
|switch|p2a: Gholdengo|Gholdengo|100/100
|turn|8
|
|t:|1779964895
|move|p2a: Gholdengo|Shadow Ball|p1a: Scizor
|-damage|p1a: Scizor|0 fnt
|faint|p1a: Scizor
|
|upkeep
|
|t:|1779964898
|switch|p1a: Ceruledge|Ceruledge, M|100/100
|turn|9
|
|t:|1779964903
|move|p2a: Gholdengo|Shadow Ball|p1a: Ceruledge
|-supereffective|p1a: Ceruledge
|-enditem|p1a: Ceruledge|Focus Sash
|-damage|p1a: Ceruledge|1/100
|move|p1a: Ceruledge|Bitter Blade|p2a: Gholdengo
|-supereffective|p2a: Gholdengo
|-damage|p2a: Gholdengo|3/100
|-heal|p1a: Ceruledge|53/100|[from] drain|[of] p2a: Gholdengo
|
|upkeep
|turn|10
|
|t:|1779964906
|move|p1a: Ceruledge|Shadow Sneak|p2a: Gholdengo
|-supereffective|p2a: Gholdengo
|-crit|p2a: Gholdengo
|-damage|p2a: Gholdengo|0 fnt
|faint|p2a: Gholdengo
|
|upkeep
|
|t:|1779964908
|switch|p2a: Kyurem|Kyurem|100/100
|-ability|p2a: Kyurem|Pressure
|turn|11
|
|t:|1779964911
|move|p2a: Kyurem|Earth Power|p1a: Ceruledge
|-supereffective|p1a: Ceruledge
|-damage|p1a: Ceruledge|0 fnt
|faint|p1a: Ceruledge
|
|upkeep
|
|t:|1779964918
|switch|p1a: Jolteon|Jolteon, F|100/100
|turn|12
|
|t:|1779964921
|move|p1a: Jolteon|Alluring Voice|p2a: Kyurem
|-supereffective|p2a: Kyurem
|-damage|p2a: Kyurem|54/100
|move|p2a: Kyurem|Earth Power|p1a: Jolteon
|-supereffective|p1a: Jolteon
|-damage|p1a: Jolteon|18/100
|
|upkeep
|turn|13
|
|t:|1779964930
|switch|p1a: Rillaboom|Rillaboom, M|72/100
|-fieldstart|move: Grassy Terrain|[from] ability: Grassy Surge|[of] p1a: Rillaboom
|-terastallize|p2a: Kyurem|Poison
|move|p2a: Kyurem|Ice Beam|p1a: Rillaboom
|-supereffective|p1a: Rillaboom
|-damage|p1a: Rillaboom|0 fnt
|faint|p1a: Rillaboom
|
|-heal|p2a: Kyurem|61/100|[from] Grassy Terrain
|upkeep
|
|t:|1779964938
|switch|p1a: Mamoswine|Mamoswine, M|100/100
|turn|14
|
|t:|1779964942
|switch|p2a: Hawlucha|Hawlucha, F|100/100
|-enditem|p2a: Hawlucha|Grassy Seed
|-boost|p2a: Hawlucha|def|1|[from] item: Grassy Seed
|move|p1a: Mamoswine|Icicle Crash|p2a: Hawlucha|[miss]
|-miss|p1a: Mamoswine|p2a: Hawlucha
|
|upkeep
|turn|15
|
|t:|1779964948
|move|p2a: Hawlucha|Low Kick|p1a: Mamoswine
|-supereffective|p1a: Mamoswine
|-damage|p1a: Mamoswine|0 fnt
|faint|p1a: Mamoswine
|
|upkeep
|
|t:|1779964950
|switch|p1a: Jolteon|Jolteon, F|18/100
|turn|16
|
|t:|1779964952
|move|p2a: Hawlucha|Low Kick|p1a: Jolteon
|-damage|p1a: Jolteon|0 fnt
|faint|p1a: Jolteon
|
|win|apple sauce mafia
|raw|mowglli's rating: 1369 &rarr; <strong>1352</strong><br />(-17 for losing)
|raw|apple sauce mafia's rating: 1423 &rarr; <strong>1440</strong><br />(+17 for winning)
|l|☆apple sauce mafia
|player|p2|
|l|☆mowglli
|player|p1|
