|j|☆claudechamp
|j|☆GabrielaVitoria016
|t:|1779832208
|gametype|singles
|player|p1|claudechamp|265|1146
|player|p2|GabrielaVitoria016|1|1202
|gen|9
|tier|[Gen 9] OU
|rated|
|rule|HP Percentage Mod: HP is shown in percentages
|rule|Endless Battle Clause: Forcing endless battles is banned
|rule|Species Clause: Limit one of each Pokémon
|rule|OHKO Clause: OHKO moves are banned
|rule|Evasion Items Clause: Evasion items are banned
|rule|Evasion Moves Clause: Evasion moves are banned
|rule|Evasion Abilities Clause: Evasion abilities are banned
|rule|Sleep Moves Clause: Sleep-inducing moves are banned
|clearpoke
|poke|p1|Gliscor, F|
|poke|p1|Ogerpon, F|
|poke|p1|Walking Wake|
|poke|p1|Blissey, F|
|poke|p1|Corviknight, F|
|poke|p1|Pecharunt|
|poke|p2|Great Tusk|
|poke|p2|Kingambit, M|
|poke|p2|Rotom-Wash|
|poke|p2|Hatterene, F|
|poke|p2|Iron Valiant|
|poke|p2|Toxtricity, M|
|teampreview
|c|☆claudechamp|hf
|inactive|Battle timer is ON: inactive players will automatically lose when time's up. (requested by claudechamp)
|
|t:|1779832212
|teamsize|p1|6
|teamsize|p2|6
|start
|switch|p1a: Gliscor|Gliscor, F|100/100
|switch|p2a: Rotom|Rotom-Wash|100/100
|turn|1
|
|t:|1779832226
|switch|p1a: Walking Wake|Walking Wake|100/100
|move|p2a: Rotom|Will-O-Wisp|p1a: Walking Wake
|-status|p1a: Walking Wake|brn
|
|-damage|p1a: Walking Wake|94/100 brn|[from] brn
|upkeep
|turn|2
|
|t:|1779832233
|move|p1a: Walking Wake|Surf|p2a: Rotom
|-resisted|p2a: Rotom
|-damage|p2a: Rotom|78/100
|move|p2a: Rotom|Volt Switch|p1a: Walking Wake
|-damage|p1a: Walking Wake|56/100 brn
|
|t:|1779832239
|switch|p2a: Palmada|Hatterene, F|100/100|[from] Volt Switch
|
|-damage|p1a: Walking Wake|50/100 brn|[from] brn
|upkeep
|turn|3
|
|t:|1779832246
|move|p1a: Walking Wake|Surf|p2a: Palmada
|-damage|p2a: Palmada|54/100
|move|p2a: Palmada|Psyshock|p1a: Walking Wake
|-damage|p1a: Walking Wake|2/100 brn
|
|-heal|p2a: Palmada|60/100|[from] item: Leftovers
|-damage|p1a: Walking Wake|0 fnt|[from] brn
|faint|p1a: Walking Wake
|-end|p1a: Walking Wake|Protosynthesis|[silent]
|upkeep
|
|t:|1779832255
|switch|p1a: Pecharunt|Pecharunt|100/100
|turn|4
|
|t:|1779832261
|move|p1a: Pecharunt|Malignant Chain|p2a: Palmada
|-supereffective|p2a: Palmada
|-damage|p2a: Palmada|0 fnt
|faint|p2a: Palmada
|
|upkeep
|
|t:|1779832270
|switch|p2a: Chack Chack|Kingambit, M, shiny|100/100
|-activate|p2a: Chack Chack|ability: Supreme Overlord
|-start|p2a: Chack Chack|fallen1|[silent]
|turn|5
|
|t:|1779832274
|move|p1a: Pecharunt|Foul Play|p2a: Chack Chack
|-resisted|p2a: Chack Chack
|-damage|p2a: Chack Chack|86/100
|move|p2a: Chack Chack|Swords Dance|p2a: Chack Chack
|-boost|p2a: Chack Chack|atk|2
|
|upkeep
|turn|6
|
|t:|1779832280
|move|p1a: Pecharunt|Foul Play|p2a: Chack Chack
|-resisted|p2a: Chack Chack
|-damage|p2a: Chack Chack|58/100
|move|p2a: Chack Chack|Swords Dance|p2a: Chack Chack
|-boost|p2a: Chack Chack|atk|2
|
|upkeep
|turn|7
|
|t:|1779832284
|switch|p1a: Gliscor|Gliscor, F|100/100
|move|p2a: Chack Chack|Sucker Punch||[still]
|-fail|p2a: Chack Chack
|
|-status|p1a: Gliscor|tox|[from] item: Toxic Orb
|upkeep
|turn|8
|
|t:|1779832287
|-terastallize|p2a: Chack Chack|Flying
|move|p1a: Gliscor|Earthquake|p2a: Chack Chack
|-immune|p2a: Chack Chack
|move|p2a: Chack Chack|Iron Head|p1a: Gliscor
|-damage|p1a: Gliscor|0 fnt
|faint|p1a: Gliscor
|
|upkeep
|
|t:|1779832293
|switch|p1a: Pecharunt|Pecharunt|100/100
|turn|9
|
|t:|1779832297
|-terastallize|p1a: Pecharunt|Dark
|move|p2a: Chack Chack|Sucker Punch|p1a: Pecharunt
|-resisted|p1a: Pecharunt
|-damage|p1a: Pecharunt|70/100
|move|p1a: Pecharunt|Foul Play|p2a: Chack Chack
|-damage|p2a: Chack Chack|0 fnt
|faint|p2a: Chack Chack
|-end|p2a: Chack Chack|fallen1|[silent]
|
|upkeep
|
|t:|1779832303
|switch|p2a: Zoro|Iron Valiant|100/100
|turn|10
|
|t:|1779832309
|move|p2a: Zoro|Vacuum Wave|p1a: Pecharunt
|-supereffective|p1a: Pecharunt
|-damage|p1a: Pecharunt|20/100
|-damage|p2a: Zoro|91/100|[from] item: Life Orb
|move|p1a: Pecharunt|Malignant Chain|p2a: Zoro
|-supereffective|p2a: Zoro
|-damage|p2a: Zoro|0 fnt
|faint|p2a: Zoro
|-end|p2a: Zoro|Quark Drive|[silent]
|
|upkeep
|c|☆GabrielaVitoria016|!data pecharunt
|c|☆GabrielaVitoria016|/raw <div class="message"><ul class="utilichart"><li class="result"><span class="col numcol">OU</span> <span class="col iconcol"><psicon pokemon="pecharunt"/></span> <span class="col pokemonnamecol" style="white-space:nowrap"><a href="https://dex.pokemonshowdown.com/pokemon/pecharunt" target="_blank">Pecharunt</a></span> <span class="col typecol"><img src="https://play.pokemonshowdown.com/sprites/types/Poison.png" alt="Poison" height="14" width="32"><img src="https://play.pokemonshowdown.com/sprites/types/Ghost.png" alt="Ghost" height="14" width="32"></span> <span style="float:left;min-height:26px"><span class="col abilitycol">Poison Puppeteer</span><span class="col abilitycol"></span></span><span style="float:left;min-height:26px"><span class="col statcol"><em>HP</em><br />88</span> <span class="col statcol"><em>Atk</em><br />88</span> <span class="col statcol"><em>Def</em><br />160</span> <span class="col statcol"><em>SpA</em><br />88</span> <span class="col statcol"><em>SpD</em><br />88</span> <span class="col statcol"><em>Spe</em><br />88</span> <span class="col bstcol"><em>BST<br />600</em></span> </span></li><li style="clear:both"></li></ul></div>

|
|t:|1779832320
|switch|p2a: Bebê Chorão|Toxtricity, M, shiny|100/100
|turn|11
|
|t:|1779832326
|move|p1a: Pecharunt|Recover|p1a: Pecharunt
|-heal|p1a: Pecharunt|70/100
|move|p2a: Bebê Chorão|Shift Gear|p2a: Bebê Chorão
|-boost|p2a: Bebê Chorão|spe|2
|-boost|p2a: Bebê Chorão|atk|1
|
|upkeep
|turn|12
|
|t:|1779832335
|move|p2a: Bebê Chorão|Boomburst|p1a: Pecharunt
|-damage|p1a: Pecharunt|11/100
|-enditem|p2a: Bebê Chorão|Throat Spray
|-boost|p2a: Bebê Chorão|spa|1|[from] item: Throat Spray
|move|p1a: Pecharunt|Malignant Chain|p2a: Bebê Chorão
|-resisted|p2a: Bebê Chorão
|-damage|p2a: Bebê Chorão|82/100
|
|upkeep
|turn|13
|
|t:|1779832343
|move|p2a: Bebê Chorão|Shift Gear|p2a: Bebê Chorão
|-boost|p2a: Bebê Chorão|spe|2
|-boost|p2a: Bebê Chorão|atk|1
|move|p1a: Pecharunt|Foul Play|p2a: Bebê Chorão
|-damage|p2a: Bebê Chorão|4/100
|
|upkeep
|turn|14
|
|t:|1779832354
|switch|p1a: Blissey|Blissey, F|100/100
|move|p2a: Bebê Chorão|Poison Jab|p1a: Blissey
|-damage|p1a: Blissey|54/100
|
|upkeep
|turn|15
|
|t:|1779832362
|move|p2a: Bebê Chorão|Poison Jab|p1a: Blissey
|-damage|p1a: Blissey|5/100
|move|p1a: Blissey|Seismic Toss|p2a: Bebê Chorão
|-damage|p2a: Bebê Chorão|0 fnt
|faint|p2a: Bebê Chorão
|
|upkeep
|
|t:|1779832367
|switch|p2a: Great Tusk|Great Tusk|100/100
|turn|16
|
|t:|1779832370
|switch|p1a: Corviknight|Corviknight, F|100/100
|-ability|p1a: Corviknight|Pressure
|move|p2a: Great Tusk|Rapid Spin|p1a: Corviknight
|-resisted|p1a: Corviknight
|-damage|p1a: Corviknight|95/100
|-boost|p2a: Great Tusk|spe|1
|
|upkeep
|turn|17
|
|t:|1779832379
|move|p2a: Great Tusk|Ice Spinner|p1a: Corviknight
|-damage|p1a: Corviknight|77/100
|move|p1a: Corviknight|Body Press|p2a: Great Tusk
|-damage|p2a: Great Tusk|79/100
|
|upkeep
|turn|18
|
|t:|1779832390
|-end|p2a: Great Tusk|Protosynthesis|[silent]
|switch|p2a: Rotom|Rotom-Wash|78/100
|move|p1a: Corviknight|Body Press|p2a: Rotom
|-damage|p2a: Rotom|50/100
|
|-heal|p2a: Rotom|56/100|[from] item: Leftovers
|upkeep
|turn|19
|
|t:|1779832402
|move|p2a: Rotom|Will-O-Wisp|p1a: Corviknight|[miss]
|-miss|p2a: Rotom|p1a: Corviknight
|move|p1a: Corviknight|Roost|p1a: Corviknight
|-heal|p1a: Corviknight|100/100
|-singleturn|p1a: Corviknight|move: Roost
|
|-heal|p2a: Rotom|62/100|[from] item: Leftovers
|upkeep
|turn|20
|
|t:|1779832412
|move|p2a: Rotom|Will-O-Wisp|p1a: Corviknight
|-status|p1a: Corviknight|brn
|move|p1a: Corviknight|U-turn|p2a: Rotom
|-damage|p2a: Rotom|55/100
|
|t:|1779832417
|switch|p1a: Ogerpon|Ogerpon, F|100/100|[from] U-turn
|
|-heal|p2a: Rotom|61/100|[from] item: Leftovers
|upkeep
|turn|21
|
|t:|1779832422
|switch|p2a: Great Tusk|Great Tusk|79/100
|move|p1a: Ogerpon|Ivy Cudgel|p2a: Great Tusk
|-supereffective|p2a: Great Tusk
|-damage|p2a: Great Tusk|3/100
|
|upkeep
|turn|22
|
|t:|1779832425
|move|p1a: Ogerpon|Ivy Cudgel|p2a: Great Tusk
|-supereffective|p2a: Great Tusk
|-damage|p2a: Great Tusk|0 fnt
|faint|p2a: Great Tusk
|-end|p2a: Great Tusk|Protosynthesis|[silent]
|
|upkeep
|
|t:|1779832427
|switch|p2a: Rotom|Rotom-Wash|61/100
|turn|23
|
|t:|1779832429
|move|p1a: Ogerpon|Ivy Cudgel|p2a: Rotom
|-supereffective|p2a: Rotom
|-damage|p2a: Rotom|0 fnt
|faint|p2a: Rotom
|
|win|claudechamp
|raw|claudechamp's rating: 1146 &rarr; <strong>1175</strong><br />(+29 for winning)
|raw|GabrielaVitoria016's rating: 1202 &rarr; <strong>1173</strong><br />(-29 for losing)
|l|☆GabrielaVitoria016
|player|p2|
|c|☆claudechamp|gg
