|j|☆lord thunderclap
|j|☆claudechamp
|t:|1779894948
|gametype|singles
|player|p1|lord thunderclap|pokemonrangerf|1211
|player|p2|claudechamp|169|1254
|gen|9
|tier|[Gen 9] OU
|rated|
|rule|HP Percentage Mod: HP is shown in percentages
|rule|Endless Battle Clause: Forcing endless battles is banned
|rule|Species Clause: Limit one of each Pokémon
|rule|OHKO Clause: OHKO moves are banned
|rule|Evasion Items Clause: Evasion items are banned
|rule|Evasion Moves Clause: Evasion moves are banned
|rule|Evasion Abilities Clause: Evasion abilities are banned
|rule|Sleep Moves Clause: Sleep-inducing moves are banned
|clearpoke
|poke|p1|Salazzle, F|
|poke|p1|Tsareena, F|
|poke|p1|Primarina, M|
|poke|p1|Meowscarada, M|
|poke|p1|Landorus-Therian, M|
|poke|p1|Azelf|
|poke|p2|Gliscor, F|
|poke|p2|Gholdengo|
|poke|p2|Zamazenta-*|
|poke|p2|Blissey, F|
|poke|p2|Skarmory, F|
|poke|p2|Pecharunt|
|teampreview
|c|☆claudechamp|hf
|inactive|Battle timer is ON: inactive players will automatically lose when time's up. (requested by claudechamp)
|inactive|lord thunderclap has 120 seconds left.
|
|t:|1779895006
|teamsize|p1|6
|teamsize|p2|6
|start
|switch|p1a: Landorus|Landorus-Therian, M, shiny|100/100
|switch|p2a: Skarmory|Skarmory, F|100/100
|-ability|p1a: Landorus|Intimidate|boost
|-unboost|p2a: Skarmory|atk|1
|turn|1
|
|t:|1779895021
|move|p1a: Landorus|Taunt|p2a: Skarmory
|-start|p2a: Skarmory|move: Taunt
|cant|p2a: Skarmory|move: Taunt|Spikes
|
|upkeep
|turn|2
|inactive|lord thunderclap has 120 seconds left.
|
|t:|1779895071
|move|p1a: Landorus|Stealth Rock|p2a: Skarmory
|-sidestart|p2: claudechamp|move: Stealth Rock
|move|p2a: Skarmory|Body Press|p1a: Landorus
|-resisted|p1a: Landorus
|-damage|p1a: Landorus|85/100
|-damage|p2a: Skarmory|84/100|[from] item: Rocky Helmet|[of] p1a: Landorus
|
|upkeep
|turn|3
|
|t:|1779895076
|switch|p2a: Gliscor|Gliscor, F|100/100
|-damage|p2a: Gliscor|88/100|[from] Stealth Rock
|move|p1a: Landorus|U-turn|p2a: Gliscor
|-resisted|p2a: Gliscor
|-crit|p2a: Gliscor
|-damage|p2a: Gliscor|75/100
|
|t:|1779895081
|switch|p1a: Azelf|Azelf|100/100|[from] U-turn
|
|-status|p2a: Gliscor|tox|[from] item: Toxic Orb
|upkeep
|turn|4
|
|t:|1779895083
|move|p1a: Azelf|Mystical Power|p2a: Gliscor
|-damage|p2a: Gliscor|29/100 tox
|-boost|p1a: Azelf|spa|1
|-damage|p1a: Azelf|91/100|[from] item: Life Orb
|move|p2a: Gliscor|Swords Dance|p2a: Gliscor
|-boost|p2a: Gliscor|atk|2
|
|-heal|p2a: Gliscor|42/100 tox|[from] ability: Poison Heal
|upkeep
|turn|5
|
|t:|1779895087
|move|p1a: Azelf|Mystical Power|p2a: Gliscor
|-damage|p2a: Gliscor|0 fnt
|-boost|p1a: Azelf|spa|1
|faint|p2a: Gliscor
|-damage|p1a: Azelf|81/100|[from] item: Life Orb
|
|upkeep
|
|t:|1779895089
|switch|p2a: Blissey|Blissey, F|100/100
|turn|6
|
|t:|1779895092
|move|p1a: Azelf|Mystical Power|p2a: Blissey
|-damage|p2a: Blissey|71/100
|-boost|p1a: Azelf|spa|1
|-damage|p1a: Azelf|71/100|[from] item: Life Orb
|move|p2a: Blissey|Shadow Ball|p1a: Azelf
|-supereffective|p1a: Azelf
|-damage|p1a: Azelf|26/100
|
|upkeep
|turn|7
|
|t:|1779895096
|move|p1a: Azelf|Mystical Power|p2a: Blissey
|-damage|p2a: Blissey|37/100
|-boost|p1a: Azelf|spa|1
|-damage|p1a: Azelf|16/100|[from] item: Life Orb
|move|p2a: Blissey|Shadow Ball|p1a: Azelf
|-supereffective|p1a: Azelf
|-damage|p1a: Azelf|0 fnt
|faint|p1a: Azelf
|
|upkeep
|
|t:|1779895103
|switch|p1a: Meowscarada|Meowscarada, M|100/100
|turn|8
|
|t:|1779895106
|move|p1a: Meowscarada|U-turn|p2a: Blissey
|-start|p1a: Meowscarada|typechange|Bug|[from] ability: Protean
|-damage|p2a: Blissey|1/100
|
|t:|1779895110
|switch|p1a: Tsareena|Tsareena, F|100/100|[from] U-turn
|move|p2a: Blissey|Stealth Rock|p1a: Tsareena
|-sidestart|p1: lord thunderclap|move: Stealth Rock
|
|upkeep
|turn|9
|
|t:|1779895112
|move|p1a: Tsareena|Rapid Spin|p2a: Blissey
|-damage|p2a: Blissey|0 fnt
|-boost|p1a: Tsareena|spe|1
|-sideend|p1: lord thunderclap|Stealth Rock|[from] move: Rapid Spin|[of] p1a: Tsareena
|faint|p2a: Blissey
|
|upkeep
|
|t:|1779895115
|switch|p2a: Zamazenta|Zamazenta|100/100
|-ability|p2a: Zamazenta|Dauntless Shield|boost
|-boost|p2a: Zamazenta|def|1
|turn|10
|
|t:|1779895122
|switch|p1a: Landorus|Landorus-Therian, M, shiny|85/100
|-ability|p1a: Landorus|Intimidate|boost
|-unboost|p2a: Zamazenta|atk|1
|move|p2a: Zamazenta|Ice Fang|p1a: Landorus
|-supereffective|p1a: Landorus
|-damage|p1a: Landorus|26/100
|-damage|p2a: Zamazenta|84/100|[from] item: Rocky Helmet|[of] p1a: Landorus
|
|upkeep
|turn|11
|
|t:|1779895128
|move|p2a: Zamazenta|Ice Fang|p1a: Landorus
|-supereffective|p1a: Landorus
|-damage|p1a: Landorus|0 fnt
|-damage|p2a: Zamazenta|67/100|[from] item: Rocky Helmet|[of] p1a: Landorus
|faint|p1a: Landorus
|
|upkeep
|
|t:|1779895132
|switch|p1a: Salazzle|Salazzle, F|100/100
|turn|12
|
|t:|1779895134
|move|p2a: Zamazenta|Heavy Slam|p1a: Salazzle
|-resisted|p1a: Salazzle
|-damage|p1a: Salazzle|82/100
|move|p1a: Salazzle|Substitute|p1a: Salazzle
|-start|p1a: Salazzle|Substitute
|-damage|p1a: Salazzle|57/100
|
|-heal|p1a: Salazzle|63/100|[from] item: Leftovers
|upkeep
|turn|13
|
|t:|1779895139
|switch|p2a: Gholdengo|Gholdengo|100/100
|-damage|p2a: Gholdengo|94/100|[from] Stealth Rock
|move|p1a: Salazzle|Toxic|p2a: Gholdengo
|-immune|p2a: Gholdengo|[from] ability: Good as Gold
|
|-heal|p1a: Salazzle|69/100|[from] item: Leftovers
|upkeep
|turn|14
|
|t:|1779895142
|-terastallize|p2a: Gholdengo|Fairy
|move|p1a: Salazzle|Flamethrower|p2a: Gholdengo
|-damage|p2a: Gholdengo|63/100
|move|p2a: Gholdengo|Nasty Plot|p2a: Gholdengo
|-boost|p2a: Gholdengo|spa|2
|
|-heal|p1a: Salazzle|75/100|[from] item: Leftovers
|upkeep
|turn|15
|
|t:|1779895148
|move|p1a: Salazzle|Flamethrower|p2a: Gholdengo
|-damage|p2a: Gholdengo|31/100
|move|p2a: Gholdengo|Hex|p1a: Salazzle
|-end|p1a: Salazzle|Substitute
|
|-heal|p1a: Salazzle|82/100|[from] item: Leftovers
|upkeep
|turn|16
|
|t:|1779895152
|move|p1a: Salazzle|Flamethrower|p2a: Gholdengo
|-damage|p2a: Gholdengo|0 fnt
|faint|p2a: Gholdengo
|
|-heal|p1a: Salazzle|88/100|[from] item: Leftovers
|upkeep
|
|t:|1779895156
|switch|p2a: Zamazenta|Zamazenta|67/100
|turn|17
|
|t:|1779895161
|move|p2a: Zamazenta|Crunch|p1a: Salazzle
|-damage|p1a: Salazzle|47/100
|move|p1a: Salazzle|Toxic|p2a: Zamazenta
|-status|p2a: Zamazenta|tox
|
|-heal|p1a: Salazzle|54/100|[from] item: Leftovers
|-damage|p2a: Zamazenta|61/100 tox|[from] psn
|upkeep
|turn|18
|
|t:|1779895166
|move|p2a: Zamazenta|Close Combat|p1a: Salazzle
|-resisted|p1a: Salazzle
|-damage|p1a: Salazzle|10/100
|-unboost|p2a: Zamazenta|def|1
|-unboost|p2a: Zamazenta|spd|1
|move|p1a: Salazzle|Flamethrower|p2a: Zamazenta
|-damage|p2a: Zamazenta|15/100 tox
|
|-heal|p1a: Salazzle|16/100|[from] item: Leftovers
|-damage|p2a: Zamazenta|2/100 tox|[from] psn
|upkeep
|turn|19
|
|t:|1779895178
|switch|p1a: Tsareena|Tsareena, F|100/100
|move|p2a: Zamazenta|Close Combat|p1a: Tsareena
|-damage|p1a: Tsareena|33/100
|-unboost|p2a: Zamazenta|def|1
|-unboost|p2a: Zamazenta|spd|1
|
|-damage|p2a: Zamazenta|0 fnt|[from] psn
|faint|p2a: Zamazenta
|upkeep
|
|t:|1779895179
|switch|p2a: Pecharunt|Pecharunt|100/100
|turn|20
|
|t:|1779895185
|move|p1a: Tsareena|Knock Off|p2a: Pecharunt
|-supereffective|p2a: Pecharunt
|-damage|p2a: Pecharunt|72/100
|-enditem|p2a: Pecharunt|Heavy-Duty Boots|[from] move: Knock Off|[of] p1a: Tsareena
|move|p2a: Pecharunt|Shadow Ball|p1a: Tsareena
|-damage|p1a: Tsareena|13/100
|
|upkeep
|turn|21
|
|t:|1779895192
|move|p1a: Tsareena|Triple Axel|p2a: Pecharunt
|-damage|p2a: Pecharunt|69/100
|-damage|p2a: Pecharunt|63/100
|-damage|p2a: Pecharunt|55/100
|-hitcount|p2a: Pecharunt|3
|move|p2a: Pecharunt|Shadow Ball|p1a: Tsareena
|-crit|p1a: Tsareena
|-damage|p1a: Tsareena|0 fnt
|faint|p1a: Tsareena
|
|upkeep
|
|t:|1779895195
|switch|p1a: Salazzle|Salazzle, F|16/100
|turn|22
|
|t:|1779895199
|move|p1a: Salazzle|Toxic|p2a: Pecharunt
|-status|p2a: Pecharunt|tox
|move|p2a: Pecharunt|Shadow Ball|p1a: Salazzle
|-damage|p1a: Salazzle|0 fnt
|faint|p1a: Salazzle
|
|-damage|p2a: Pecharunt|49/100 tox|[from] psn
|upkeep
|
|t:|1779895203
|switch|p1a: Meowscarada|Meowscarada, M|100/100
|turn|23
|
|t:|1779895207
|move|p1a: Meowscarada|Knock Off|p2a: Pecharunt
|-start|p1a: Meowscarada|typechange|Dark|[from] ability: Protean
|-supereffective|p2a: Pecharunt
|-damage|p2a: Pecharunt|18/100 tox
|move|p2a: Pecharunt|Parting Shot|p1a: Meowscarada
|-unboost|p1a: Meowscarada|atk|1
|-unboost|p1a: Meowscarada|spa|1
|
|t:|1779895215
|switch|p2a: Skarmory|Skarmory, F|84/100|[from] Parting Shot
|
|upkeep
|turn|24
|
|t:|1779895223
|switch|p1a: Primarina|Primarina, M|100/100
|move|p2a: Skarmory|Spikes|p1a: Primarina
|-sidestart|p1: lord thunderclap|Spikes
|
|upkeep
|turn|25
|inactive|lord thunderclap has 120 seconds left.
|
|t:|1779895269
|move|p2a: Skarmory|Spikes|p1a: Primarina
|-sidestart|p1: lord thunderclap|Spikes
|move|p1a: Primarina|Surf|p2a: Skarmory
|-damage|p2a: Skarmory|11/100
|
|upkeep
|turn|26
|
|t:|1779895275
|move|p1a: Primarina|Substitute|p1a: Primarina
|-start|p1a: Primarina|Substitute
|-damage|p1a: Primarina|76/100
|move|p2a: Skarmory|Roost|p2a: Skarmory
|-heal|p2a: Skarmory|61/100
|-singleturn|p2a: Skarmory|move: Roost
|
|-heal|p1a: Primarina|82/100|[from] item: Leftovers
|upkeep
|turn|27
|
|t:|1779895284
|move|p2a: Skarmory|Body Press|p1a: Primarina
|-resisted|p1a: Primarina
|-activate|p1a: Primarina|move: Substitute|[damage]
|move|p1a: Primarina|Surf|p2a: Skarmory
|-damage|p2a: Skarmory|0 fnt
|faint|p2a: Skarmory
|
|-heal|p1a: Primarina|88/100|[from] item: Leftovers
|upkeep
|
|t:|1779895293
|switch|p2a: Pecharunt|Pecharunt|18/100 tox
|-damage|p2a: Pecharunt|5/100 tox|[from] Stealth Rock
|turn|28
|
|t:|1779895303
|move|p2a: Pecharunt|Shadow Ball|p1a: Primarina
|-crit|p1a: Primarina
|-end|p1a: Primarina|Substitute
|move|p1a: Primarina|Surf|p2a: Pecharunt
|-damage|p2a: Pecharunt|0 fnt
|faint|p2a: Pecharunt
|
|win|lord thunderclap
|raw|lord thunderclap's rating: 1211 &rarr; <strong>1242</strong><br />(+31 for winning)
|raw|claudechamp's rating: 1302 &rarr; <strong>1277</strong><br />(-25 for losing)
|c|☆claudechamp|gg
