|j|☆themagicalone
|j|☆Rella.kidd
|t:|1779890440
|gametype|singles
|player|p1|themagicalone|blaine|1317
|player|p2|Rella.kidd|1|1340
|gen|9
|tier|[Gen 9] OU
|rated|
|rule|HP Percentage Mod: HP is shown in percentages
|rule|Endless Battle Clause: Forcing endless battles is banned
|rule|Species Clause: Limit one of each Pokémon
|rule|OHKO Clause: OHKO moves are banned
|rule|Evasion Items Clause: Evasion items are banned
|rule|Evasion Moves Clause: Evasion moves are banned
|rule|Evasion Abilities Clause: Evasion abilities are banned
|rule|Sleep Moves Clause: Sleep-inducing moves are banned
|clearpoke
|poke|p1|Ogerpon-Wellspring, F|
|poke|p1|Garganacl, F|
|poke|p1|Dragapult, M|
|poke|p1|Iron Valiant|
|poke|p1|Corviknight, F|
|poke|p1|Landorus-Therian, M|
|poke|p2|Samurott-Hisui, F|
|poke|p2|Fezandipiti, M|
|poke|p2|Orthworm, M|
|poke|p2|Ceruledge, M|
|poke|p2|Glimmora, F|
|poke|p2|Kommo-o, F|
|teampreview
|inactive|Battle timer is ON: inactive players will automatically lose when time's up. (requested by themagicalone)
|
|t:|1779890453
|teamsize|p1|6
|teamsize|p2|6
|start
|switch|p1a: Dragapult|Dragapult, M|100/100
|switch|p2a: Glimmora|Glimmora, F|100/100
|turn|1
|
|t:|1779890469
|move|p1a: Dragapult|Draco Meteor|p2a: Glimmora
|-damage|p2a: Glimmora|4/100
|-unboost|p1a: Dragapult|spa|2
|-damage|p1a: Dragapult|91/100|[from] item: Life Orb
|move|p2a: Glimmora|Stealth Rock|p1a: Dragapult
|-sidestart|p1: themagicalone|move: Stealth Rock
|
|upkeep
|turn|2
|
|t:|1779890477
|switch|p2a: Fezandipiti|Fezandipiti, M|100/100
|move|p1a: Dragapult|Hex|p2a: Fezandipiti
|-damage|p2a: Fezandipiti|89/100
|-damage|p1a: Dragapult|81/100|[from] item: Life Orb
|
|-heal|p2a: Fezandipiti|95/100|[from] item: Leftovers
|upkeep
|turn|3
|inactive|Rella.kidd has 120 seconds left.
|inactive|Rella.kidd has 90 seconds left.
|
|t:|1779890566
|switch|p1a: Corviknight|Corviknight, F|100/100
|-damage|p1a: Corviknight|88/100|[from] Stealth Rock
|-ability|p1a: Corviknight|Pressure
|move|p2a: Fezandipiti|Beat Up|p1a: Corviknight
|-damage|p1a: Corviknight|86/100
|-damage|p1a: Corviknight|85/100
|-crit|p1a: Corviknight
|-damage|p1a: Corviknight|82/100
|-damage|p1a: Corviknight|79/100
|-damage|p1a: Corviknight|77/100
|-damage|p1a: Corviknight|75/100
|-hitcount|p1a: Corviknight|6
|
|-heal|p2a: Fezandipiti|100/100|[from] item: Leftovers
|upkeep
|turn|4
|inactive|Rella.kidd has 60 seconds left.
|
|t:|1779890585
|move|p2a: Fezandipiti|Alluring Voice|p1a: Corviknight
|-resisted|p1a: Corviknight
|-damage|p1a: Corviknight|65/100
|move|p1a: Corviknight|Defog|p2a: Fezandipiti
|-unboost|p2a: Fezandipiti|evasion|1
|-sideend|p1: themagicalone|Stealth Rock|[from] move: Defog|[of] p1a: Corviknight
|
|upkeep
|turn|5
|inactive|Rella.kidd has 60 seconds left.
|
|t:|1779890599
|switch|p2a: Ceruledge|Ceruledge, M|100/100
|move|p1a: Corviknight|Roost|p1a: Corviknight
|-heal|p1a: Corviknight|100/100
|-singleturn|p1a: Corviknight|move: Roost
|
|upkeep
|turn|6
|inactive|Rella.kidd has 60 seconds left.
|
|t:|1779890611
|switch|p1a: Garganacl|Garganacl, F|100/100
|move|p2a: Ceruledge|Bitter Blade|p1a: Garganacl
|-resisted|p1a: Garganacl
|-damage|p1a: Garganacl|86/100
|
|-heal|p1a: Garganacl|92/100|[from] item: Leftovers
|upkeep
|turn|7
|
|t:|1779890620
|move|p2a: Ceruledge|Close Combat|p1a: Garganacl
|-supereffective|p1a: Garganacl
|-damage|p1a: Garganacl|35/100
|-unboost|p2a: Ceruledge|def|1
|-unboost|p2a: Ceruledge|spd|1
|move|p1a: Garganacl|Salt Cure|p2a: Ceruledge
|-supereffective|p2a: Ceruledge
|-damage|p2a: Ceruledge|45/100
|-start|p2a: Ceruledge|Salt Cure
|-ability|p2a: Ceruledge|Weak Armor|boost
|-unboost|p2a: Ceruledge|def|1
|-boost|p2a: Ceruledge|spe|2
|-enditem|p2a: Ceruledge|Weakness Policy
|-boost|p2a: Ceruledge|atk|2|[from] item: Weakness Policy
|-boost|p2a: Ceruledge|spa|2|[from] item: Weakness Policy
|
|-heal|p1a: Garganacl|41/100|[from] item: Leftovers
|-damage|p2a: Ceruledge|32/100|[from] Salt Cure
|upkeep
|turn|8
|inactive|Rella.kidd has 60 seconds left.
|
|t:|1779890638
|switch|p2a: Glimmora|Glimmora, F|4/100
|-terastallize|p1a: Garganacl|Ghost
|move|p1a: Garganacl|Salt Cure|p2a: Glimmora
|-damage|p2a: Glimmora|0 fnt
|-activate|p2a: Glimmora|ability: Toxic Debris
|-sidestart|p1: themagicalone|move: Toxic Spikes
|faint|p2a: Glimmora
|
|-heal|p1a: Garganacl|47/100|[from] item: Leftovers
|upkeep
|inactive|Rella.kidd has 60 seconds left.
|
|t:|1779890650
|switch|p2a: Samurott|Samurott-Hisui, F, shiny|100/100
|turn|9
|
|t:|1779890656
|switch|p1a: Corviknight|Corviknight, F|100/100
|-ability|p1a: Corviknight|Pressure
|move|p2a: Samurott|Ceaseless Edge|p1a: Corviknight
|-damage|p1a: Corviknight|73/100
|-damage|p2a: Samurott|84/100|[from] item: Rocky Helmet|[of] p1a: Corviknight
|-sidestart|p1: themagicalone|Spikes
|
|upkeep
|turn|10
|
|t:|1779890667
|move|p2a: Samurott|Ceaseless Edge|p1a: Corviknight
|-damage|p1a: Corviknight|44/100
|-damage|p2a: Samurott|67/100|[from] item: Rocky Helmet|[of] p1a: Corviknight
|-sidestart|p1: themagicalone|Spikes
|move|p1a: Corviknight|Roost|p1a: Corviknight
|-heal|p1a: Corviknight|94/100
|-singleturn|p1a: Corviknight|move: Roost
|
|upkeep
|turn|11
|
|t:|1779890676
|switch|p2a: Ceruledge|Ceruledge, M|32/100
|move|p1a: Corviknight|Defog|p2a: Ceruledge
|-unboost|p2a: Ceruledge|evasion|1
|-sideend|p1: themagicalone|Spikes|[from] move: Defog|[of] p1a: Corviknight
|-sideend|p1: themagicalone|Toxic Spikes|[from] move: Defog|[of] p1a: Corviknight
|
|upkeep
|turn|12
|
|t:|1779890685
|switch|p1a: Landorus|Landorus-Therian, M|100/100
|-ability|p1a: Landorus|Intimidate|boost
|-unboost|p2a: Ceruledge|atk|1
|move|p2a: Ceruledge|Bitter Blade|p1a: Landorus
|-damage|p1a: Landorus|65/100
|-heal|p2a: Ceruledge|52/100|[from] drain|[of] p1a: Landorus
|
|upkeep
|turn|13
|
|t:|1779890697
|switch|p2a: Orthworm|Orthworm, M|100/100
|move|p1a: Landorus|U-turn|p2a: Orthworm
|-resisted|p2a: Orthworm
|-damage|p2a: Orthworm|94/100
|-damage|p1a: Landorus|48/100|[from] item: Rocky Helmet|[of] p2a: Orthworm
|
|t:|1779890702
|switch|p1a: Dragapult|Dragapult, M|81/100|[from] U-turn
|
|upkeep
|turn|14
|
|t:|1779890707
|switch|p2a: Fezandipiti|Fezandipiti, M|100/100
|move|p1a: Dragapult|Will-O-Wisp|p2a: Fezandipiti
|-status|p2a: Fezandipiti|brn
|
|-damage|p2a: Fezandipiti|94/100 brn|[from] brn
|upkeep
|turn|15
|inactive|Rella.kidd has 90 seconds left.
|
|t:|1779890717
|switch|p1a: Garganacl|Garganacl, F, tera:Ghost|47/100
|move|p2a: Fezandipiti|Alluring Voice|p1a: Garganacl
|-damage|p1a: Garganacl|35/100
|
|-heal|p2a: Fezandipiti|100/100 brn|[from] item: Leftovers
|-heal|p1a: Garganacl|41/100|[from] item: Leftovers
|-damage|p2a: Fezandipiti|94/100 brn|[from] brn
|upkeep
|turn|16
|
|t:|1779890726
|move|p2a: Fezandipiti|Beat Up|p1a: Garganacl
|-supereffective|p1a: Garganacl
|-damage|p1a: Garganacl|39/100
|-supereffective|p1a: Garganacl
|-damage|p1a: Garganacl|37/100
|-supereffective|p1a: Garganacl
|-damage|p1a: Garganacl|34/100
|-supereffective|p1a: Garganacl
|-damage|p1a: Garganacl|32/100
|-supereffective|p1a: Garganacl
|-damage|p1a: Garganacl|30/100
|-hitcount|p1a: Garganacl|5
|move|p1a: Garganacl|Recover|p1a: Garganacl
|-heal|p1a: Garganacl|80/100
|
|-heal|p2a: Fezandipiti|100/100 brn|[from] item: Leftovers
|-heal|p1a: Garganacl|86/100|[from] item: Leftovers
|-damage|p2a: Fezandipiti|94/100 brn|[from] brn
|upkeep
|turn|17
|inactive|Rella.kidd has 90 seconds left.
|
|t:|1779890746
|move|p2a: Fezandipiti|Beat Up|p1a: Garganacl
|-supereffective|p1a: Garganacl
|-damage|p1a: Garganacl|84/100
|-supereffective|p1a: Garganacl
|-damage|p1a: Garganacl|82/100
|-supereffective|p1a: Garganacl
|-damage|p1a: Garganacl|80/100
|-supereffective|p1a: Garganacl
|-damage|p1a: Garganacl|78/100
|-supereffective|p1a: Garganacl
|-damage|p1a: Garganacl|76/100
|-hitcount|p1a: Garganacl|5
|move|p1a: Garganacl|Iron Defense|p1a: Garganacl
|-boost|p1a: Garganacl|def|2
|
|-heal|p2a: Fezandipiti|100/100 brn|[from] item: Leftovers
|-heal|p1a: Garganacl|82/100|[from] item: Leftovers
|-damage|p2a: Fezandipiti|94/100 brn|[from] brn
|upkeep
|turn|18
|inactive|Rella.kidd has 90 seconds left.
|
|t:|1779890762
|move|p2a: Fezandipiti|Alluring Voice|p1a: Garganacl
|-damage|p1a: Garganacl|68/100
|move|p1a: Garganacl|Iron Defense|p1a: Garganacl
|-boost|p1a: Garganacl|def|2
|
|-heal|p2a: Fezandipiti|100/100 brn|[from] item: Leftovers
|-heal|p1a: Garganacl|75/100|[from] item: Leftovers
|-damage|p2a: Fezandipiti|94/100 brn|[from] brn
|upkeep
|turn|19
|inactive|Rella.kidd has 90 seconds left.
|
|t:|1779890773
|switch|p2a: Samurott|Samurott-Hisui, F, shiny|67/100
|move|p1a: Garganacl|Recover|p1a: Garganacl
|-heal|p1a: Garganacl|100/100
|
|upkeep
|turn|20
|inactive|Rella.kidd has 90 seconds left.
|
|t:|1779890780
|move|p2a: Samurott|Ceaseless Edge|p1a: Garganacl
|-supereffective|p1a: Garganacl
|-damage|p1a: Garganacl|79/100
|-sidestart|p1: themagicalone|Spikes
|move|p1a: Garganacl|Body Press|p2a: Samurott
|-supereffective|p2a: Samurott
|-damage|p2a: Samurott|0 fnt
|faint|p2a: Samurott
|
|-heal|p1a: Garganacl|85/100|[from] item: Leftovers
|upkeep
|inactive|Rella.kidd has 90 seconds left.
|-message|Rella.kidd forfeited.
|
|win|themagicalone
|raw|themagicalone's rating: 1317 &rarr; <strong>1338</strong><br />(+21 for winning)
|raw|Rella.kidd's rating: 1340 &rarr; <strong>1319</strong><br />(-21 for losing)
|l|☆Rella.kidd
|player|p2|
|l|☆themagicalone
|player|p1|
