|j|☆Voltaris33
|j|‽aaagislash
|t:|1779951392
|gametype|singles
|player|p1|Voltaris33|unknownf|1404
|player|p2|aaagislash|266|1459
|gen|9
|tier|[Gen 9] OU
|rated|
|rule|HP Percentage Mod: HP is shown in percentages
|rule|Endless Battle Clause: Forcing endless battles is banned
|rule|Species Clause: Limit one of each Pokémon
|rule|OHKO Clause: OHKO moves are banned
|rule|Evasion Items Clause: Evasion items are banned
|rule|Evasion Moves Clause: Evasion moves are banned
|rule|Evasion Abilities Clause: Evasion abilities are banned
|rule|Sleep Moves Clause: Sleep-inducing moves are banned
|clearpoke
|poke|p1|Heatran, M|
|poke|p1|Tyranitar, M|
|poke|p1|Skarmory, F|
|poke|p1|Moltres|
|poke|p1|Weezing-Galar, F|
|poke|p1|Deoxys-Speed|
|poke|p2|Iron Hands|
|poke|p2|Overqwil, F|
|poke|p2|Dragapult, F|
|poke|p2|Okidogi, M|
|poke|p2|Zamazenta-*|
|poke|p2|Meowscarada, F|
|teampreview
|inactive|Battle timer is ON: inactive players will automatically lose when time's up. (requested by Voltaris33)
|inactive|aaagislash has 120 seconds left.
|
|t:|1779951433
|teamsize|p1|6
|teamsize|p2|6
|start
|switch|p1a: Weezing|Weezing-Galar, F|100/100
|switch|p2a: Meowscarada|Meowscarada, F|100/100
|-ability|p1a: Weezing|Neutralizing Gas
|turn|1
|
|t:|1779951439
|move|p2a: Meowscarada|Fling|p1a: Weezing
|-resisted|p1a: Weezing
|-damage|p1a: Weezing|95/100
|-status|p1a: Weezing|par
|-enditem|p2a: Meowscarada|Light Ball|[from] move: Fling
|move|p1a: Weezing|Toxic|p2a: Meowscarada
|-status|p2a: Meowscarada|tox
|
|-heal|p1a: Weezing|100/100 par|[from] item: Leftovers
|-damage|p2a: Meowscarada|94/100 tox|[from] psn
|upkeep
|turn|2
|
|t:|1779951445
|move|p2a: Meowscarada|Knock Off|p1a: Weezing
|-resisted|p1a: Weezing
|-damage|p1a: Weezing|82/100 par
|-enditem|p1a: Weezing|Leftovers|[from] move: Knock Off|[of] p2a: Meowscarada
|move|p1a: Weezing|Toxic|p2a: Meowscarada
|-fail|p2a: Meowscarada|tox
|
|-damage|p2a: Meowscarada|82/100 tox|[from] psn
|upkeep
|turn|3
|
|t:|1779951449
|switch|p2a: Overqwil|Overqwil, F|100/100
|move|p1a: Weezing|Strange Steam|p2a: Overqwil
|-damage|p2a: Overqwil|59/100
|
|upkeep
|turn|4
|
|t:|1779951455
|move|p2a: Overqwil|Spikes|p1a: Weezing
|-sidestart|p1: Voltaris33|Spikes
|move|p1a: Weezing|Strange Steam|p2a: Overqwil
|-damage|p2a: Overqwil|20/100
|
|upkeep
|turn|5
|
|t:|1779951458
|move|p2a: Overqwil|Self-Destruct|p1a: Weezing
|-damage|p1a: Weezing|18/100 par
|faint|p2a: Overqwil
|cant|p1a: Weezing|par
|
|upkeep
|
|t:|1779951461
|switch|p2a: Iron Hands|Iron Hands|100/100
|turn|6
|
|t:|1779951467
|move|p2a: Iron Hands|Substitute|p2a: Iron Hands
|-start|p2a: Iron Hands|Substitute
|-damage|p2a: Iron Hands|76/100
|move|p1a: Weezing|Pain Split||[still]
|-fail|p1a: Weezing
|
|upkeep
|turn|7
|
|t:|1779951473
|move|p2a: Iron Hands|Drain Punch|p1a: Weezing
|-resisted|p1a: Weezing
|-damage|p1a: Weezing|10/100 par
|-heal|p2a: Iron Hands|78/100|[from] drain|[of] p1a: Weezing
|move|p1a: Weezing|Strange Steam|p2a: Iron Hands
|-supereffective|p2a: Iron Hands
|-end|p2a: Iron Hands|Substitute
|
|upkeep
|turn|8
|
|t:|1779951487
|move|p2a: Iron Hands|Belly Drum|p2a: Iron Hands
|-damage|p2a: Iron Hands|28/100
|-setboost|p2a: Iron Hands|atk|6|[from] move: Belly Drum
|cant|p1a: Weezing|par
|
|upkeep
|turn|9
|
|t:|1779951497
|move|p2a: Iron Hands|Wild Charge|p1a: Weezing
|-damage|p1a: Weezing|0 fnt
|faint|p1a: Weezing
|-end|p1a: Weezing|ability: Neutralizing Gas
|-damage|p2a: Iron Hands|27/100|[from] Recoil
|
|upkeep
|
|t:|1779951499
|switch|p1a: Deoxys|Deoxys-Speed, shiny|100/100
|-damage|p1a: Deoxys|88/100|[from] Spikes
|-ability|p1a: Deoxys|Pressure
|turn|10
|
|t:|1779951507
|move|p1a: Deoxys|Psycho Boost|p2a: Iron Hands
|-supereffective|p2a: Iron Hands
|-damage|p2a: Iron Hands|0 fnt
|-unboost|p1a: Deoxys|spa|2
|faint|p2a: Iron Hands
|-end|p2a: Iron Hands|Quark Drive|[silent]
|
|upkeep
|
|t:|1779951513
|switch|p2a: Dragapult|Dragapult, F|100/100
|turn|11
|
|t:|1779951517
|move|p1a: Deoxys|Thunder Wave|p2a: Dragapult
|-status|p2a: Dragapult|par
|move|p2a: Dragapult|Dragon Dance|p2a: Dragapult
|-boost|p2a: Dragapult|atk|1
|-boost|p2a: Dragapult|spe|1
|
|upkeep
|turn|12
|
|t:|1779951530
|switch|p1a: Skarmory|Skarmory, F, shiny|100/100
|cant|p2a: Dragapult|par
|
|upkeep
|turn|13
|
|t:|1779951533
|move|p2a: Dragapult|Will-O-Wisp|p1a: Skarmory
|-status|p1a: Skarmory|brn
|move|p1a: Skarmory|Iron Defense|p1a: Skarmory
|-boost|p1a: Skarmory|def|2
|
|-damage|p1a: Skarmory|95/100 brn|[from] brn
|upkeep
|turn|14
|
|t:|1779951538
|move|p2a: Dragapult|Dragon Dance|p2a: Dragapult
|-boost|p2a: Dragapult|atk|1
|-boost|p2a: Dragapult|spe|1
|move|p1a: Skarmory|Iron Defense|p1a: Skarmory
|-boost|p1a: Skarmory|def|2
|
|-heal|p1a: Skarmory|100/100 brn|[from] item: Leftovers
|-damage|p1a: Skarmory|95/100 brn|[from] brn
|upkeep
|turn|15
|
|t:|1779951540
|move|p2a: Dragapult|Dragon Dance|p2a: Dragapult
|-boost|p2a: Dragapult|atk|1
|-boost|p2a: Dragapult|spe|1
|move|p1a: Skarmory|Drill Run|p2a: Dragapult
|-damage|p2a: Dragapult|89/100 par
|
|-heal|p1a: Skarmory|100/100 brn|[from] item: Leftovers
|-damage|p1a: Skarmory|95/100 brn|[from] brn
|upkeep
|turn|16
|inactive|Voltaris33 has 120 seconds left.
|
|t:|1779951580
|move|p2a: Dragapult|Dragon Dance|p2a: Dragapult
|-boost|p2a: Dragapult|atk|1
|-boost|p2a: Dragapult|spe|1
|move|p1a: Skarmory|Iron Defense|p1a: Skarmory
|-boost|p1a: Skarmory|def|2
|
|-heal|p1a: Skarmory|100/100 brn|[from] item: Leftovers
|-damage|p1a: Skarmory|95/100 brn|[from] brn
|upkeep
|turn|17
|
|t:|1779951594
|move|p2a: Dragapult|Dragon Dance|p2a: Dragapult
|-boost|p2a: Dragapult|atk|1
|-boost|p2a: Dragapult|spe|1
|move|p1a: Skarmory|Drill Run|p2a: Dragapult
|-damage|p2a: Dragapult|79/100 par
|
|-heal|p1a: Skarmory|100/100 brn|[from] item: Leftovers
|-damage|p1a: Skarmory|95/100 brn|[from] brn
|upkeep
|turn|18
|inactive|Voltaris33 has 120 seconds left.
|
|t:|1779951611
|move|p2a: Dragapult|Dragon Dance|p2a: Dragapult
|-boost|p2a: Dragapult|atk|1
|-boost|p2a: Dragapult|spe|1
|move|p1a: Skarmory|Drill Run|p2a: Dragapult
|-damage|p2a: Dragapult|68/100 par
|
|-heal|p1a: Skarmory|100/100 brn|[from] item: Leftovers
|-damage|p1a: Skarmory|95/100 brn|[from] brn
|upkeep
|turn|19
|
|t:|1779951614
|-terastallize|p2a: Dragapult|Ghost
|move|p2a: Dragapult|Phantom Force||[still]
|-prepare|p2a: Dragapult|Phantom Force
|-enditem|p2a: Dragapult|Power Herb
|-anim|p2a: Dragapult|Phantom Force|p1a: Skarmory
|-damage|p1a: Skarmory|59/100 brn
|move|p1a: Skarmory|Drill Run|p2a: Dragapult
|-damage|p2a: Dragapult|58/100 par
|
|-heal|p1a: Skarmory|65/100 brn|[from] item: Leftovers
|-damage|p1a: Skarmory|59/100 brn|[from] brn
|upkeep
|turn|20
|
|t:|1779951623
|move|p2a: Dragapult|Phantom Force||[still]
|-prepare|p2a: Dragapult|Phantom Force
|move|p1a: Skarmory|Roost|p1a: Skarmory
|-heal|p1a: Skarmory|100/100 brn
|-singleturn|p1a: Skarmory|move: Roost
|
|-damage|p1a: Skarmory|95/100 brn|[from] brn
|upkeep
|turn|21
|
|t:|1779951627
|move|p2a: Dragapult|Phantom Force|p1a: Skarmory|[from] lockedmove
|-damage|p1a: Skarmory|60/100 brn
|move|p1a: Skarmory|Drill Run|p2a: Dragapult
|-damage|p2a: Dragapult|48/100 par
|
|-heal|p1a: Skarmory|66/100 brn|[from] item: Leftovers
|-damage|p1a: Skarmory|60/100 brn|[from] brn
|upkeep
|turn|22
|
|t:|1779951636
|move|p2a: Dragapult|Phantom Force||[still]
|-prepare|p2a: Dragapult|Phantom Force
|move|p1a: Skarmory|Drill Run|p2a: Dragapult|[miss]
|-miss|p1a: Skarmory|p2a: Dragapult
|
|-heal|p1a: Skarmory|66/100 brn|[from] item: Leftovers
|-damage|p1a: Skarmory|60/100 brn|[from] brn
|upkeep
|turn|23
|
|t:|1779951639
|cant|p2a: Dragapult|par
|move|p1a: Skarmory|Roost|p1a: Skarmory
|-heal|p1a: Skarmory|100/100 brn
|-singleturn|p1a: Skarmory|move: Roost
|
|-damage|p1a: Skarmory|95/100 brn|[from] brn
|upkeep
|turn|24
|
|t:|1779951641
|move|p2a: Dragapult|Phantom Force||[still]
|-prepare|p2a: Dragapult|Phantom Force
|move|p1a: Skarmory|Drill Run|p2a: Dragapult|[miss]
|-miss|p1a: Skarmory|p2a: Dragapult
|
|-heal|p1a: Skarmory|100/100 brn|[from] item: Leftovers
|-damage|p1a: Skarmory|95/100 brn|[from] brn
|upkeep
|turn|25
|
|t:|1779951644
|move|p2a: Dragapult|Phantom Force|p1a: Skarmory|[from] lockedmove
|-damage|p1a: Skarmory|53/100 brn
|move|p1a: Skarmory|Drill Run|p2a: Dragapult
|-damage|p2a: Dragapult|38/100 par
|
|-heal|p1a: Skarmory|59/100 brn|[from] item: Leftovers
|-damage|p1a: Skarmory|53/100 brn|[from] brn
|upkeep
|turn|26
|
|t:|1779951650
|move|p2a: Dragapult|Dragon Darts|p1a: Skarmory
|-resisted|p1a: Skarmory
|-damage|p1a: Skarmory|45/100 brn
|-anim|p2a: Dragapult|Dragon Darts|p1a: Skarmory
|-resisted|p1a: Skarmory
|-damage|p1a: Skarmory|36/100 brn
|move|p1a: Skarmory|Roost|p1a: Skarmory
|-heal|p1a: Skarmory|86/100 brn
|-singleturn|p1a: Skarmory|move: Roost
|
|-heal|p1a: Skarmory|92/100 brn|[from] item: Leftovers
|-damage|p1a: Skarmory|86/100 brn|[from] brn
|upkeep
|turn|27
|
|t:|1779951655
|move|p2a: Dragapult|Phantom Force||[still]
|-prepare|p2a: Dragapult|Phantom Force
|move|p1a: Skarmory|Drill Run|p2a: Dragapult|[miss]
|-miss|p1a: Skarmory|p2a: Dragapult
|
|-heal|p1a: Skarmory|92/100 brn|[from] item: Leftovers
|-damage|p1a: Skarmory|86/100 brn|[from] brn
|upkeep
|turn|28
|
|t:|1779951660
|move|p2a: Dragapult|Phantom Force|p1a: Skarmory|[from] lockedmove
|-damage|p1a: Skarmory|47/100 brn
|move|p1a: Skarmory|Drill Run|p2a: Dragapult
|-damage|p2a: Dragapult|27/100 par
|
|-heal|p1a: Skarmory|53/100 brn|[from] item: Leftovers
|-damage|p1a: Skarmory|47/100 brn|[from] brn
|upkeep
|turn|29
|
|t:|1779951666
|move|p2a: Dragapult|Dragon Darts|p1a: Skarmory
|-resisted|p1a: Skarmory
|-damage|p1a: Skarmory|39/100 brn
|-anim|p2a: Dragapult|Dragon Darts|p1a: Skarmory
|-resisted|p1a: Skarmory
|-damage|p1a: Skarmory|30/100 brn
|move|p1a: Skarmory|Roost|p1a: Skarmory
|-heal|p1a: Skarmory|80/100 brn
|-singleturn|p1a: Skarmory|move: Roost
|
|-heal|p1a: Skarmory|86/100 brn|[from] item: Leftovers
|-damage|p1a: Skarmory|80/100 brn|[from] brn
|upkeep
|turn|30
|
|t:|1779951671
|move|p2a: Dragapult|Phantom Force||[still]
|-prepare|p2a: Dragapult|Phantom Force
|move|p1a: Skarmory|Iron Defense|p1a: Skarmory
|-boost|p1a: Skarmory|def|0
|
|-heal|p1a: Skarmory|86/100 brn|[from] item: Leftovers
|-damage|p1a: Skarmory|80/100 brn|[from] brn
|upkeep
|turn|31
|
|t:|1779951674
|cant|p2a: Dragapult|par
|move|p1a: Skarmory|Drill Run|p2a: Dragapult
|-damage|p2a: Dragapult|16/100 par
|
|-heal|p1a: Skarmory|86/100 brn|[from] item: Leftovers
|-damage|p1a: Skarmory|80/100 brn|[from] brn
|upkeep
|turn|32
|
|t:|1779951677
|move|p2a: Dragapult|Phantom Force||[still]
|-prepare|p2a: Dragapult|Phantom Force
|move|p1a: Skarmory|Iron Defense|p1a: Skarmory
|-boost|p1a: Skarmory|def|0
|
|-heal|p1a: Skarmory|86/100 brn|[from] item: Leftovers
|-damage|p1a: Skarmory|80/100 brn|[from] brn
|upkeep
|turn|33
|
|t:|1779951680
|move|p2a: Dragapult|Phantom Force|p1a: Skarmory|[from] lockedmove
|-damage|p1a: Skarmory|42/100 brn
|move|p1a: Skarmory|Drill Run|p2a: Dragapult
|-damage|p2a: Dragapult|6/100 par
|
|-heal|p1a: Skarmory|48/100 brn|[from] item: Leftovers
|-damage|p1a: Skarmory|42/100 brn|[from] brn
|upkeep
|turn|34
|
|t:|1779951689
|move|p2a: Dragapult|Phantom Force||[still]
|-prepare|p2a: Dragapult|Phantom Force
|move|p1a: Skarmory|Roost|p1a: Skarmory
|-heal|p1a: Skarmory|92/100 brn
|-singleturn|p1a: Skarmory|move: Roost
|
|-heal|p1a: Skarmory|98/100 brn|[from] item: Leftovers
|-damage|p1a: Skarmory|92/100 brn|[from] brn
|upkeep
|turn|35
|
|t:|1779951690
|cant|p2a: Dragapult|par
|move|p1a: Skarmory|Drill Run|p2a: Dragapult
|-damage|p2a: Dragapult|0 fnt
|faint|p2a: Dragapult
|
|-heal|p1a: Skarmory|98/100 brn|[from] item: Leftovers
|-damage|p1a: Skarmory|92/100 brn|[from] brn
|upkeep
|
|t:|1779951697
|switch|p2a: Meowscarada|Meowscarada, F|82/100 tox
|turn|36
|
|t:|1779951700
|move|p2a: Meowscarada|Knock Off|p1a: Skarmory
|-damage|p1a: Skarmory|86/100 brn
|-enditem|p1a: Skarmory|Leftovers|[from] move: Knock Off|[of] p2a: Meowscarada
|move|p1a: Skarmory|Body Press|p2a: Meowscarada
|-supereffective|p2a: Meowscarada
|-damage|p2a: Meowscarada|0 fnt
|faint|p2a: Meowscarada
|
|-damage|p1a: Skarmory|80/100 brn|[from] brn
|upkeep
|
|t:|1779951704
|switch|p2a: Okidogi|Okidogi, M|100/100
|turn|37
|
|t:|1779951706
|move|p2a: Okidogi|Bulk Up|p2a: Okidogi
|-boost|p2a: Okidogi|atk|1
|-boost|p2a: Okidogi|def|1
|move|p1a: Skarmory|Body Press|p2a: Okidogi
|-resisted|p2a: Okidogi
|-damage|p2a: Okidogi|80/100
|
|-damage|p1a: Skarmory|74/100 brn|[from] brn
|upkeep
|turn|38
|
|t:|1779951709
|switch|p1a: Deoxys|Deoxys-Speed, shiny|88/100
|-damage|p1a: Deoxys|76/100|[from] Spikes
|-ability|p1a: Deoxys|Pressure
|move|p2a: Okidogi|Bulk Up|p2a: Okidogi
|-boost|p2a: Okidogi|atk|1
|-boost|p2a: Okidogi|def|1
|
|upkeep
|turn|39
|
|t:|1779951712
|move|p1a: Deoxys|Psycho Boost|p2a: Okidogi
|-supereffective|p2a: Okidogi
|-damage|p2a: Okidogi|0 fnt
|-unboost|p1a: Deoxys|spa|2
|faint|p2a: Okidogi
|
|upkeep
|-message|aaagislash forfeited.
|
|win|Voltaris33
|raw|Voltaris33's rating: 1420 &rarr; <strong>1442</strong><br />(+22 for winning)
|raw|aaagislash's rating: 1459 &rarr; <strong>1437</strong><br />(-22 for losing)
|l|‽aaagislash
|player|p2|
|l|☆Voltaris33
|player|p1|
