|j|☆danishpotato
|j|☆wrathbanana
|t:|1779887244
|gametype|singles
|player|p1|danishpotato|lucas|1085
|player|p2|wrathbanana|sailor|1100
|gen|9
|tier|[Gen 9] OU
|rated|
|rule|HP Percentage Mod: HP is shown in percentages
|rule|Endless Battle Clause: Forcing endless battles is banned
|rule|Species Clause: Limit one of each Pokémon
|rule|OHKO Clause: OHKO moves are banned
|rule|Evasion Items Clause: Evasion items are banned
|rule|Evasion Moves Clause: Evasion moves are banned
|rule|Evasion Abilities Clause: Evasion abilities are banned
|rule|Sleep Moves Clause: Sleep-inducing moves are banned
|clearpoke
|poke|p1|Zapdos|
|poke|p1|Araquanid, M|
|poke|p1|Hitmonchan, M|
|poke|p1|Ting-Lu|
|poke|p1|Polteageist|
|poke|p1|Great Tusk|
|poke|p2|Greninja-*, M|
|poke|p2|Cinderace, M|
|poke|p2|Meowscarada, M|
|poke|p2|Gliscor, M|
|poke|p2|Salazzle, F|
|poke|p2|Corviknight, F|
|teampreview
|inactive|Battle timer is ON: inactive players will automatically lose when time's up. (requested by danishpotato)
|
|t:|1779887290
|teamsize|p1|6
|teamsize|p2|6
|start
|switch|p1a: Araquanid|Araquanid, M|100/100
|switch|p2a: Cinderace|Cinderace, M|100/100
|turn|1
|
|t:|1779887298
|move|p2a: Cinderace|Gunk Shot|p1a: Araquanid|[miss]
|-start|p2a: Cinderace|typechange|Poison|[from] ability: Libero
|-miss|p2a: Cinderace|p1a: Araquanid
|move|p1a: Araquanid|Surf|p2a: Cinderace
|-damage|p2a: Cinderace|16/100
|
|upkeep
|turn|2
|
|t:|1779887308
|move|p2a: Cinderace|Gunk Shot|p1a: Araquanid
|-damage|p1a: Araquanid|6/100
|move|p1a: Araquanid|Sticky Web|p2a: Cinderace
|-sidestart|p2: wrathbanana|move: Sticky Web
|
|upkeep
|turn|3
|
|t:|1779887314
|move|p2a: Cinderace|Gunk Shot|p1a: Araquanid
|-damage|p1a: Araquanid|0 fnt
|faint|p1a: Araquanid
|
|upkeep
|
|t:|1779887320
|switch|p1a: Zapdos|Zapdos|100/100
|turn|4
|
|t:|1779887329
|-terastallize|p1a: Zapdos|Steel
|move|p2a: Cinderace|Gunk Shot|p1a: Zapdos
|-immune|p1a: Zapdos
|move|p1a: Zapdos|Thunderbolt|p2a: Cinderace
|-damage|p2a: Cinderace|0 fnt
|faint|p2a: Cinderace
|
|upkeep
|
|t:|1779887337
|switch|p2a: Salazzle|Salazzle, F|100/100
|-activate|p2a: Salazzle|move: Sticky Web
|-unboost|p2a: Salazzle|spe|1
|turn|5
|
|t:|1779887347
|move|p1a: Zapdos|Thunderbolt|p2a: Salazzle
|-damage|p2a: Salazzle|21/100
|move|p2a: Salazzle|Toxic|p1a: Zapdos
|-status|p1a: Zapdos|tox
|
|-heal|p2a: Salazzle|27/100|[from] item: Black Sludge
|-damage|p1a: Zapdos|94/100 tox|[from] psn
|upkeep
|turn|6
|
|t:|1779887355
|switch|p2a: Gliscor|Gliscor, M|100/100
|move|p1a: Zapdos|Thunderbolt|p2a: Gliscor
|-immune|p2a: Gliscor
|
|-damage|p1a: Zapdos|82/100 tox|[from] psn
|-status|p2a: Gliscor|tox|[from] item: Toxic Orb
|upkeep
|turn|7
|
|t:|1779887366
|switch|p1a: Hitmonchan|Hitmonchan, M|100/100
|move|p2a: Gliscor|Substitute|p2a: Gliscor
|-start|p2a: Gliscor|Substitute
|-damage|p2a: Gliscor|75/100 tox
|
|-heal|p2a: Gliscor|88/100 tox|[from] ability: Poison Heal
|upkeep
|turn|8
|
|t:|1779887376
|move|p2a: Gliscor|Protect|p2a: Gliscor
|-singleturn|p2a: Gliscor|Protect
|move|p1a: Hitmonchan|Bulk Up|p1a: Hitmonchan
|-boost|p1a: Hitmonchan|atk|1
|-boost|p1a: Hitmonchan|def|1
|
|-heal|p2a: Gliscor|100/100 tox|[from] ability: Poison Heal
|upkeep
|turn|9
|
|t:|1779887383
|move|p2a: Gliscor|Toxic|p1a: Hitmonchan
|-status|p1a: Hitmonchan|tox
|move|p1a: Hitmonchan|Ice Punch|p2a: Gliscor
|-supereffective|p2a: Gliscor
|-end|p2a: Gliscor|Substitute
|
|-damage|p1a: Hitmonchan|94/100 tox|[from] psn
|upkeep
|turn|10
|
|t:|1779887391
|move|p2a: Gliscor|Protect|p2a: Gliscor
|-singleturn|p2a: Gliscor|Protect
|move|p1a: Hitmonchan|Ice Punch|p2a: Gliscor
|-activate|p2a: Gliscor|move: Protect
|
|-heal|p1a: Hitmonchan|100/100 tox|[from] item: Leftovers
|-damage|p1a: Hitmonchan|88/100 tox|[from] psn
|upkeep
|turn|11
|
|t:|1779887400
|move|p2a: Gliscor|Substitute|p2a: Gliscor
|-start|p2a: Gliscor|Substitute
|-damage|p2a: Gliscor|75/100 tox
|move|p1a: Hitmonchan|Ice Punch|p2a: Gliscor
|-supereffective|p2a: Gliscor
|-end|p2a: Gliscor|Substitute
|
|-heal|p1a: Hitmonchan|94/100 tox|[from] item: Leftovers
|-heal|p2a: Gliscor|88/100 tox|[from] ability: Poison Heal
|-damage|p1a: Hitmonchan|75/100 tox|[from] psn
|upkeep
|turn|12
|
|t:|1779887410
|move|p2a: Gliscor|Protect|p2a: Gliscor
|-singleturn|p2a: Gliscor|Protect
|move|p1a: Hitmonchan|Ice Punch|p2a: Gliscor
|-activate|p2a: Gliscor|move: Protect
|
|-heal|p1a: Hitmonchan|82/100 tox|[from] item: Leftovers
|-heal|p2a: Gliscor|100/100 tox|[from] ability: Poison Heal
|-damage|p1a: Hitmonchan|57/100 tox|[from] psn
|upkeep
|turn|13
|
|t:|1779887419
|move|p2a: Gliscor|Substitute|p2a: Gliscor
|-start|p2a: Gliscor|Substitute
|-damage|p2a: Gliscor|75/100 tox
|move|p1a: Hitmonchan|Ice Punch|p2a: Gliscor
|-supereffective|p2a: Gliscor
|-end|p2a: Gliscor|Substitute
|
|-heal|p1a: Hitmonchan|63/100 tox|[from] item: Leftovers
|-heal|p2a: Gliscor|88/100 tox|[from] ability: Poison Heal
|-damage|p1a: Hitmonchan|32/100 tox|[from] psn
|upkeep
|turn|14
|
|t:|1779887429
|switch|p1a: Zapdos|Zapdos, tera:Steel|82/100 tox
|move|p2a: Gliscor|Substitute|p2a: Gliscor
|-start|p2a: Gliscor|Substitute
|-damage|p2a: Gliscor|63/100 tox
|
|-damage|p1a: Zapdos|76/100 tox|[from] psn
|-heal|p2a: Gliscor|75/100 tox|[from] ability: Poison Heal
|upkeep
|turn|15
|
|t:|1779887437
|move|p2a: Gliscor|Protect|p2a: Gliscor
|-singleturn|p2a: Gliscor|Protect
|move|p1a: Zapdos|Heat Wave|p2a: Gliscor
|-activate|p2a: Gliscor|move: Protect
|
|-damage|p1a: Zapdos|63/100 tox|[from] psn
|-heal|p2a: Gliscor|88/100 tox|[from] ability: Poison Heal
|upkeep
|turn|16
|
|t:|1779887453
|switch|p1a: Great Tusk|Great Tusk|100/100
|-enditem|p1a: Great Tusk|Booster Energy
|-activate|p1a: Great Tusk|ability: Protosynthesis|[fromitem]
|-start|p1a: Great Tusk|protosynthesisatk
|move|p2a: Gliscor|Substitute|p2a: Gliscor
|-fail|p2a: Gliscor|move: Substitute
|
|-heal|p2a: Gliscor|100/100 tox|[from] ability: Poison Heal
|upkeep
|turn|17
|
|t:|1779887465
|move|p2a: Gliscor|Toxic|p1a: Great Tusk
|-status|p1a: Great Tusk|tox
|move|p1a: Great Tusk|Iron Head|p2a: Gliscor
|-end|p2a: Gliscor|Substitute
|
|-damage|p1a: Great Tusk|94/100 tox|[from] psn
|upkeep
|turn|18
|
|t:|1779887478
|-end|p1a: Great Tusk|Protosynthesis|[silent]
|switch|p1a: Ting-Lu|Ting-Lu|100/100
|-ability|p1a: Ting-Lu|Vessel of Ruin
|move|p2a: Gliscor|Substitute|p2a: Gliscor
|-start|p2a: Gliscor|Substitute
|-damage|p2a: Gliscor|75/100 tox
|
|-heal|p2a: Gliscor|88/100 tox|[from] ability: Poison Heal
|upkeep
|turn|19
|
|t:|1779887489
|move|p2a: Gliscor|Toxic|p1a: Ting-Lu
|-status|p1a: Ting-Lu|tox
|move|p1a: Ting-Lu|Ruination|p2a: Gliscor
|-end|p2a: Gliscor|Substitute
|
|-heal|p2a: Gliscor|100/100 tox|[from] ability: Poison Heal
|-damage|p1a: Ting-Lu|94/100 tox|[from] psn
|upkeep
|turn|20
|
|t:|1779887501
|move|p2a: Gliscor|Substitute|p2a: Gliscor
|-start|p2a: Gliscor|Substitute
|-damage|p2a: Gliscor|75/100 tox
|move|p1a: Ting-Lu|Stone Edge|p2a: Gliscor
|-crit|p2a: Gliscor
|-end|p2a: Gliscor|Substitute
|
|-heal|p1a: Ting-Lu|100/100 tox|[from] item: Leftovers
|-heal|p2a: Gliscor|88/100 tox|[from] ability: Poison Heal
|-damage|p1a: Ting-Lu|88/100 tox|[from] psn
|upkeep
|turn|21
|
|t:|1779887513
|move|p2a: Gliscor|Substitute|p2a: Gliscor
|-start|p2a: Gliscor|Substitute
|-damage|p2a: Gliscor|63/100 tox
|move|p1a: Ting-Lu|Stone Edge|p2a: Gliscor
|-end|p2a: Gliscor|Substitute
|
|-heal|p1a: Ting-Lu|94/100 tox|[from] item: Leftovers
|-heal|p2a: Gliscor|75/100 tox|[from] ability: Poison Heal
|-damage|p1a: Ting-Lu|76/100 tox|[from] psn
|upkeep
|turn|22
|
|t:|1779887523
|move|p2a: Gliscor|Protect|p2a: Gliscor
|-singleturn|p2a: Gliscor|Protect
|move|p1a: Ting-Lu|Stone Edge|p2a: Gliscor
|-activate|p2a: Gliscor|move: Protect
|
|-heal|p1a: Ting-Lu|82/100 tox|[from] item: Leftovers
|-heal|p2a: Gliscor|88/100 tox|[from] ability: Poison Heal
|-damage|p1a: Ting-Lu|57/100 tox|[from] psn
|upkeep
|turn|23
|
|t:|1779887528
|move|p2a: Gliscor|Substitute|p2a: Gliscor
|-start|p2a: Gliscor|Substitute
|-damage|p2a: Gliscor|63/100 tox
|move|p1a: Ting-Lu|Stone Edge|p2a: Gliscor
|-end|p2a: Gliscor|Substitute
|
|-heal|p1a: Ting-Lu|63/100 tox|[from] item: Leftovers
|-heal|p2a: Gliscor|75/100 tox|[from] ability: Poison Heal
|-damage|p1a: Ting-Lu|32/100 tox|[from] psn
|upkeep
|turn|24
|-message|danishpotato forfeited.
|
|win|wrathbanana
|raw|danishpotato's rating: 1085 &rarr; <strong>1063</strong><br />(-22 for losing)
|raw|wrathbanana's rating: 1100 &rarr; <strong>1124</strong><br />(+24 for winning)
|l|☆wrathbanana
|player|p2|
