|j|☆infopro play392
|j|☆charizardcool2017
|t:|1779963779
|gametype|singles
|player|p1|infopro play392|gambler|1162
|player|p2|charizardcool2017|170|1181
|gen|9
|tier|[Gen 9] OU
|rated|
|rule|HP Percentage Mod: HP is shown in percentages
|rule|Endless Battle Clause: Forcing endless battles is banned
|rule|Species Clause: Limit one of each Pokémon
|rule|OHKO Clause: OHKO moves are banned
|rule|Evasion Items Clause: Evasion items are banned
|rule|Evasion Moves Clause: Evasion moves are banned
|rule|Evasion Abilities Clause: Evasion abilities are banned
|rule|Sleep Moves Clause: Sleep-inducing moves are banned
|clearpoke
|poke|p1|Garchomp, M|
|poke|p1|Zapdos|
|poke|p1|Infernape, M|
|poke|p1|Pecharunt|
|poke|p1|Great Tusk|
|poke|p1|Ogerpon-Wellspring, F|
|poke|p2|Araquanid, F|
|poke|p2|Iron Treads|
|poke|p2|Cinderace, M|
|poke|p2|Kingambit, F|
|poke|p2|Pecharunt|
|poke|p2|Dragonite, F|
|teampreview
|inactive|Battle timer is ON: inactive players will automatically lose when time's up. (requested by infopro play392)
|
|t:|1779963801
|teamsize|p1|6
|teamsize|p2|6
|start
|switch|p1a: Zapdos|Zapdos, shiny|100/100
|switch|p2a: Dragonite|Dragonite, F|100/100
|turn|1
|
|t:|1779963810
|move|p1a: Zapdos|Volt Switch|p2a: Dragonite
|-damage|p2a: Dragonite|85/100
|
|t:|1779963816
|switch|p1a: Pecharunt|Pecharunt|100/100|[from] Volt Switch
|-item|p1a: Pecharunt|Air Balloon
|move|p2a: Dragonite|Dragon Dance|p2a: Dragonite
|-boost|p2a: Dragonite|atk|1
|-boost|p2a: Dragonite|spe|1
|
|upkeep
|turn|2
|
|t:|1779963823
|move|p1a: Pecharunt|Shadow Ball|p2a: Dragonite
|-damage|p2a: Dragonite|59/100
|move|p2a: Dragonite|Dragon Tail|p1a: Pecharunt
|-damage|p1a: Pecharunt|67/100
|-enditem|p1a: Pecharunt|Air Balloon
|drag|p1a: Garchomp|Garchomp, M, shiny|100/100
|
|upkeep
|turn|3
|
|t:|1779963833
|move|p2a: Dragonite|Ice Spinner|p1a: Garchomp
|-supereffective|p1a: Garchomp
|-damage|p1a: Garchomp|0 fnt
|-damage|p2a: Dragonite|47/100|[from] ability: Rough Skin|[of] p1a: Garchomp
|-damage|p2a: Dragonite|30/100|[from] item: Rocky Helmet|[of] p1a: Garchomp
|faint|p1a: Garchomp
|
|upkeep
|
|t:|1779963842
|switch|p1a: Pecharunt|Pecharunt|67/100
|turn|4
|
|t:|1779963845
|move|p2a: Dragonite|Earthquake|p1a: Pecharunt
|-supereffective|p1a: Pecharunt
|-damage|p1a: Pecharunt|0 fnt
|faint|p1a: Pecharunt
|
|upkeep
|
|t:|1779963856
|switch|p1a: Zapdos|Zapdos, shiny|100/100
|turn|5
|
|t:|1779963859
|move|p2a: Dragonite|Ice Spinner|p1a: Zapdos
|-supereffective|p1a: Zapdos
|-crit|p1a: Zapdos
|-damage|p1a: Zapdos|0 fnt
|faint|p1a: Zapdos
|
|upkeep
|
|t:|1779963862
|switch|p1a: Infernape|Infernape, M, shiny|100/100
|turn|6
|
|t:|1779963865
|move|p1a: Infernape|Mach Punch|p2a: Dragonite
|-resisted|p2a: Dragonite
|-damage|p2a: Dragonite|12/100
|move|p2a: Dragonite|Earthquake|p1a: Infernape
|-supereffective|p1a: Infernape
|-damage|p1a: Infernape|0 fnt
|faint|p1a: Infernape
|
|upkeep
|
|t:|1779963870
|switch|p1a: Ogerpon|Ogerpon-Wellspring, F|100/100
|turn|7
|
|t:|1779963875
|-terastallize|p1a: Ogerpon|Water
|detailschange|p1a: Ogerpon|Ogerpon-Wellspring-Tera, F, tera:Water
|-ability|p1a: Ogerpon|Embody Aspect (Wellspring)|boost
|-boost|p1a: Ogerpon|spd|1
|move|p2a: Dragonite|Ice Spinner|p1a: Ogerpon
|-resisted|p1a: Ogerpon
|-damage|p1a: Ogerpon|72/100
|move|p1a: Ogerpon|Ivy Cudgel|p2a: Dragonite|[anim] Ivy Cudgel Water
|-resisted|p2a: Dragonite
|-damage|p2a: Dragonite|0 fnt
|faint|p2a: Dragonite
|
|upkeep
|
|t:|1779963889
|switch|p2a: Araquanid|Araquanid, F, shiny|100/100
|turn|8
|
|t:|1779963893
|move|p1a: Ogerpon|Horn Leech|p2a: Araquanid
|-damage|p2a: Araquanid|68/100
|-heal|p1a: Ogerpon|91/100|[from] drain|[of] p2a: Araquanid
|move|p2a: Araquanid|Lunge|p1a: Ogerpon
|-damage|p1a: Ogerpon|61/100
|-unboost|p1a: Ogerpon|atk|1
|
|upkeep
|turn|9
|
|t:|1779963900
|move|p1a: Ogerpon|U-turn|p2a: Araquanid
|-damage|p2a: Araquanid|54/100
|
|t:|1779963902
|switch|p1a: Great Tusk|Great Tusk, shiny|100/100|[from] U-turn
|move|p2a: Araquanid|Lunge|p1a: Great Tusk
|-resisted|p1a: Great Tusk
|-damage|p1a: Great Tusk|94/100
|-unboost|p1a: Great Tusk|atk|1
|
|-heal|p1a: Great Tusk|99/100|[from] item: Leftovers
|upkeep
|turn|10
|
|t:|1779963907
|move|p1a: Great Tusk|Knock Off|p2a: Araquanid
|-damage|p2a: Araquanid|40/100
|-enditem|p2a: Araquanid|Mental Herb|[from] move: Knock Off|[of] p1a: Great Tusk
|move|p2a: Araquanid|Liquidation|p1a: Great Tusk
|-supereffective|p1a: Great Tusk
|-damage|p1a: Great Tusk|49/100
|-unboost|p1a: Great Tusk|def|1
|
|-heal|p1a: Great Tusk|55/100|[from] item: Leftovers
|upkeep
|turn|11
|
|t:|1779963916
|move|p1a: Great Tusk|Headlong Rush|p2a: Araquanid
|-resisted|p2a: Araquanid
|-damage|p2a: Araquanid|27/100
|-unboost|p1a: Great Tusk|def|1
|-unboost|p1a: Great Tusk|spd|1
|move|p2a: Araquanid|Lunge|p1a: Great Tusk
|-resisted|p1a: Great Tusk
|-damage|p1a: Great Tusk|42/100
|-unboost|p1a: Great Tusk|atk|1
|
|-heal|p1a: Great Tusk|49/100|[from] item: Leftovers
|upkeep
|turn|12
|
|t:|1779963921
|-end|p1a: Great Tusk|Protosynthesis|[silent]
|switch|p1a: Ogerpon|Ogerpon-Wellspring-Tera, F, tera:Water|61/100
|-ability|p1a: Ogerpon|Embody Aspect (Wellspring)|boost
|-boost|p1a: Ogerpon|spd|1
|move|p2a: Araquanid|Liquidation|p1a: Ogerpon
|-resisted|p1a: Ogerpon
|-damage|p1a: Ogerpon|34/100
|
|upkeep
|turn|13
|
|t:|1779963927
|move|p1a: Ogerpon|Ivy Cudgel|p2a: Araquanid|[anim] Ivy Cudgel Water
|-resisted|p2a: Araquanid
|-crit|p2a: Araquanid
|-damage|p2a: Araquanid|0 fnt
|faint|p2a: Araquanid
|
|upkeep
|
|t:|1779963934
|switch|p2a: Pecharunt|Pecharunt|100/100
|-item|p2a: Pecharunt|Air Balloon
|turn|14
|
|t:|1779963937
|move|p1a: Ogerpon|Ivy Cudgel|p2a: Pecharunt|[anim] Ivy Cudgel Water
|-damage|p2a: Pecharunt|45/100
|-enditem|p2a: Pecharunt|Air Balloon
|move|p2a: Pecharunt|Malignant Chain|p1a: Ogerpon
|-damage|p1a: Ogerpon|4/100
|-status|p1a: Ogerpon|tox
|-start|p1a: Ogerpon|confusion|[from] ability: Poison Puppeteer|[of] p2a: Pecharunt
|
|-damage|p1a: Ogerpon|0 fnt|[from] psn
|faint|p1a: Ogerpon
|detailschange|p1: Ogerpon|Ogerpon-Wellspring, F|[silent]
|upkeep
|
|t:|1779963946
|switch|p1a: Great Tusk|Great Tusk, shiny|49/100
|turn|15
|
|t:|1779963950
|move|p2a: Pecharunt|Destiny Bond|p2a: Pecharunt
|-singlemove|p2a: Pecharunt|Destiny Bond
|move|p1a: Great Tusk|Knock Off|p2a: Pecharunt
|-supereffective|p2a: Pecharunt
|-damage|p2a: Pecharunt|16/100
|
|-heal|p1a: Great Tusk|55/100|[from] item: Leftovers
|upkeep
|turn|16
|
|t:|1779963959
|move|p2a: Pecharunt|Shadow Ball|p1a: Great Tusk
|-damage|p1a: Great Tusk|16/100
|move|p1a: Great Tusk|Rapid Spin|p2a: Pecharunt
|-immune|p2a: Pecharunt
|
|-heal|p1a: Great Tusk|22/100|[from] item: Leftovers
|upkeep
|turn|17
|
|t:|1779963964
|move|p2a: Pecharunt|Shadow Ball|p1a: Great Tusk
|-damage|p1a: Great Tusk|0 fnt
|faint|p1a: Great Tusk
|-end|p1a: Great Tusk|Protosynthesis|[silent]
|
|win|charizardcool2017
|raw|infopro play392's rating: 1162 &rarr; <strong>1138</strong><br />(-24 for losing)
|raw|charizardcool2017's rating: 1181 &rarr; <strong>1205</strong><br />(+24 for winning)
|l|☆charizardcool2017
|player|p2|
|l|☆infopro play392
|player|p1|
