|j|☆Dreadblaze
|j|☆brock4real
|t:|1779889960
|gametype|singles
|player|p1|Dreadblaze|burglar|1462
|player|p2|brock4real|brock|1412
|gen|9
|tier|[Gen 9] OU
|rated|
|rule|HP Percentage Mod: HP is shown in percentages
|rule|Endless Battle Clause: Forcing endless battles is banned
|rule|Species Clause: Limit one of each Pokémon
|rule|OHKO Clause: OHKO moves are banned
|rule|Evasion Items Clause: Evasion items are banned
|rule|Evasion Moves Clause: Evasion moves are banned
|rule|Evasion Abilities Clause: Evasion abilities are banned
|rule|Sleep Moves Clause: Sleep-inducing moves are banned
|clearpoke
|poke|p1|Weavile, M|
|poke|p1|Zamazenta-*|
|poke|p1|Iron Moth|
|poke|p1|Sinistcha-Masterpiece|
|poke|p1|Iron Treads|
|poke|p1|Dudunsparce-*, M|
|poke|p2|Garganacl, M|
|poke|p2|Glimmora, F|
|poke|p2|Tyranitar, F|
|poke|p2|Ogerpon-Cornerstone, F|
|poke|p2|Iron Boulder|
|poke|p2|Kleavor, F|
|teampreview
|
|t:|1779889968
|teamsize|p1|6
|teamsize|p2|6
|start
|switch|p1a: Dudunsparce|Dudunsparce-Three-Segment, M|100/100
|switch|p2a: Glimmora|Glimmora, F|100/100
|turn|1
|
|t:|1779889973
|move|p2a: Glimmora|Mortal Spin|p1a: Dudunsparce
|-damage|p1a: Dudunsparce|95/100
|-status|p1a: Dudunsparce|psn
|move|p1a: Dudunsparce|Earth Power|p2a: Glimmora
|-supereffective|p2a: Glimmora
|-damage|p2a: Glimmora|6/100
|
|-heal|p1a: Dudunsparce|100/100 psn|[from] item: Leftovers
|-damage|p1a: Dudunsparce|88/100 psn|[from] psn
|upkeep
|turn|2
|
|t:|1779889987
|move|p2a: Glimmora|Stealth Rock|p1a: Dudunsparce
|-sidestart|p1: Dreadblaze|move: Stealth Rock
|move|p1a: Dudunsparce|Earth Power|p2a: Glimmora
|-supereffective|p2a: Glimmora
|-damage|p2a: Glimmora|0 fnt
|faint|p2a: Glimmora
|
|-heal|p1a: Dudunsparce|94/100 psn|[from] item: Leftovers
|-damage|p1a: Dudunsparce|82/100 psn|[from] psn
|upkeep
|
|t:|1779889995
|switch|p2a: Kleavor|Kleavor, F|100/100
|turn|3
|
|t:|1779889999
|move|p2a: Kleavor|U-turn|p1a: Dudunsparce
|-damage|p1a: Dudunsparce|48/100 psn
|
|t:|1779890001
|switch|p2a: Tyranitar|Tyranitar, F|100/100|[from] U-turn
|-weather|Sandstorm|[from] ability: Sand Stream|[of] p2a: Tyranitar
|move|p1a: Dudunsparce|Stealth Rock|p2a: Tyranitar
|-sidestart|p2: brock4real|move: Stealth Rock
|
|-weather|Sandstorm|[upkeep]
|-damage|p1a: Dudunsparce|42/100 psn|[from] Sandstorm
|-heal|p1a: Dudunsparce|48/100 psn|[from] item: Leftovers
|-damage|p1a: Dudunsparce|36/100 psn|[from] psn
|upkeep
|turn|4
|
|t:|1779890011
|switch|p2a: Kleavor|Kleavor, F|100/100
|-damage|p2a: Kleavor|76/100|[from] Stealth Rock
|move|p1a: Dudunsparce|Roost|p1a: Dudunsparce
|-heal|p1a: Dudunsparce|86/100 psn
|-singleturn|p1a: Dudunsparce|move: Roost
|
|-weather|Sandstorm|[upkeep]
|-damage|p1a: Dudunsparce|79/100 psn|[from] Sandstorm
|-heal|p1a: Dudunsparce|86/100 psn|[from] item: Leftovers
|-damage|p1a: Dudunsparce|73/100 psn|[from] psn
|upkeep
|turn|5
|
|t:|1779890025
|move|p2a: Kleavor|Defog|p1a: Dudunsparce
|-unboost|p1a: Dudunsparce|evasion|1
|-sideend|p1: Dreadblaze|Stealth Rock|[from] move: Defog|[of] p2a: Kleavor
|-sideend|p2: brock4real|Stealth Rock|[from] move: Defog|[of] p2a: Kleavor
|move|p1a: Dudunsparce|Earth Power|p2a: Kleavor
|-damage|p2a: Kleavor|54/100
|
|-weather|Sandstorm|[upkeep]
|-damage|p1a: Dudunsparce|67/100 psn|[from] Sandstorm
|-heal|p1a: Dudunsparce|73/100 psn|[from] item: Leftovers
|-damage|p1a: Dudunsparce|61/100 psn|[from] psn
|upkeep
|turn|6
|
|t:|1779890032
|switch|p2a: Ogerpon|Ogerpon-Cornerstone, F|100/100
|move|p1a: Dudunsparce|Stealth Rock|p2a: Ogerpon
|-sidestart|p2: brock4real|move: Stealth Rock
|
|-weather|Sandstorm|[upkeep]
|-damage|p1a: Dudunsparce|55/100 psn|[from] Sandstorm
|-heal|p1a: Dudunsparce|61/100 psn|[from] item: Leftovers
|-damage|p1a: Dudunsparce|48/100 psn|[from] psn
|upkeep
|turn|7
|
|t:|1779890039
|move|p2a: Ogerpon|Swords Dance|p2a: Ogerpon
|-boost|p2a: Ogerpon|atk|2
|move|p1a: Dudunsparce|Earth Power|p2a: Ogerpon
|-damage|p2a: Ogerpon|85/100
|
|-weather|Sandstorm|[upkeep]
|-damage|p1a: Dudunsparce|42/100 psn|[from] Sandstorm
|-heal|p1a: Dudunsparce|48/100 psn|[from] item: Leftovers
|-damage|p1a: Dudunsparce|36/100 psn|[from] psn
|upkeep
|turn|8
|
|t:|1779890048
|move|p2a: Ogerpon|Trailblaze|p1a: Dudunsparce
|-damage|p1a: Dudunsparce|0 fnt
|-boost|p2a: Ogerpon|spe|1
|faint|p1a: Dudunsparce
|
|-weather|Sandstorm|[upkeep]
|upkeep
|
|t:|1779890056
|switch|p1a: Zamazenta|Zamazenta|100/100
|-ability|p1a: Zamazenta|Dauntless Shield|boost
|-boost|p1a: Zamazenta|def|1
|turn|9
|
|t:|1779890058
|move|p2a: Ogerpon|Horn Leech|p1a: Zamazenta
|-damage|p1a: Zamazenta|46/100
|-heal|p2a: Ogerpon|100/100|[from] drain|[of] p1a: Zamazenta
|move|p1a: Zamazenta|Close Combat|p2a: Ogerpon
|-supereffective|p2a: Ogerpon
|-ability|p2a: Ogerpon|Sturdy
|-damage|p2a: Ogerpon|1/100
|-unboost|p1a: Zamazenta|def|1
|-unboost|p1a: Zamazenta|spd|1
|-damage|p1a: Zamazenta|36/100|[from] item: Life Orb
|
|-weather|Sandstorm|[upkeep]
|-damage|p1a: Zamazenta|30/100|[from] Sandstorm
|upkeep
|turn|10
|
|t:|1779890063
|move|p1a: Zamazenta|Quick Attack|p2a: Ogerpon
|-resisted|p2a: Ogerpon
|-damage|p2a: Ogerpon|0 fnt
|faint|p2a: Ogerpon
|-damage|p1a: Zamazenta|20/100|[from] item: Life Orb
|
|-weather|none
|upkeep
|
|t:|1779890079
|switch|p2a: Kleavor|Kleavor, F|54/100
|-damage|p2a: Kleavor|30/100|[from] Stealth Rock
|turn|11
|
|t:|1779890092
|switch|p1a: Sinistcha|Sinistcha-Masterpiece|100/100
|move|p2a: Kleavor|Stone Axe|p1a: Sinistcha
|-damage|p1a: Sinistcha|58/100
|-sidestart|p1: Dreadblaze|move: Stealth Rock
|
|upkeep
|turn|12
|
|t:|1779890098
|switch|p2a: Tyranitar|Tyranitar, F|100/100
|-damage|p2a: Tyranitar|88/100|[from] Stealth Rock
|-weather|Sandstorm|[from] ability: Sand Stream|[of] p2a: Tyranitar
|move|p1a: Sinistcha|Strength Sap|p2a: Tyranitar
|-unboost|p2a: Tyranitar|atk|1
|-heal|p1a: Sinistcha|100/100
|
|-weather|Sandstorm|[upkeep]
|-damage|p1a: Sinistcha|94/100|[from] Sandstorm
|upkeep
|turn|13
|
|t:|1779890107
|move|p1a: Sinistcha|Matcha Gotcha|p2a: Tyranitar|[miss]
|-miss|p1a: Sinistcha|p2a: Tyranitar
|move|p2a: Tyranitar|Knock Off|p1a: Sinistcha
|-supereffective|p1a: Sinistcha
|-enditem|p1a: Sinistcha|Colbur Berry|[eat]
|-enditem|p1a: Sinistcha|Colbur Berry|[weaken]
|-damage|p1a: Sinistcha|73/100
|
|-weather|Sandstorm|[upkeep]
|-damage|p1a: Sinistcha|67/100|[from] Sandstorm
|upkeep
|turn|14
|
|t:|1779890118
|switch|p2a: Garganacl|Garganacl, M|100/100
|-damage|p2a: Garganacl|88/100|[from] Stealth Rock
|move|p1a: Sinistcha|Strength Sap|p2a: Garganacl
|-unboost|p2a: Garganacl|atk|1
|-heal|p1a: Sinistcha|100/100
|
|-weather|Sandstorm|[upkeep]
|-damage|p1a: Sinistcha|94/100|[from] Sandstorm
|-heal|p2a: Garganacl|94/100|[from] item: Leftovers
|upkeep
|turn|15
|
|t:|1779890126
|-terastallize|p2a: Garganacl|Ghost
|move|p1a: Sinistcha|Matcha Gotcha|p2a: Garganacl
|-damage|p2a: Garganacl|73/100
|-heal|p1a: Sinistcha|100/100|[from] drain|[of] p2a: Garganacl
|move|p2a: Garganacl|Salt Cure|p1a: Sinistcha
|-damage|p1a: Sinistcha|94/100
|-start|p1a: Sinistcha|Salt Cure
|
|-weather|Sandstorm|[upkeep]
|-damage|p1a: Sinistcha|88/100|[from] Sandstorm
|-damage|p2a: Garganacl|66/100|[from] Sandstorm
|-heal|p2a: Garganacl|73/100|[from] item: Leftovers
|-damage|p1a: Sinistcha|76/100|[from] Salt Cure
|upkeep
|turn|16
|
|t:|1779890140
|move|p1a: Sinistcha|Matcha Gotcha|p2a: Garganacl
|-damage|p2a: Garganacl|51/100
|-heal|p1a: Sinistcha|88/100|[from] drain|[of] p2a: Garganacl
|move|p2a: Garganacl|Iron Defense|p2a: Garganacl
|-boost|p2a: Garganacl|def|2
|
|-weather|Sandstorm|[upkeep]
|-damage|p1a: Sinistcha|82/100|[from] Sandstorm
|-damage|p2a: Garganacl|45/100|[from] Sandstorm
|-heal|p2a: Garganacl|51/100|[from] item: Leftovers
|-damage|p1a: Sinistcha|69/100|[from] Salt Cure
|upkeep
|turn|17
|
|t:|1779890151
|move|p1a: Sinistcha|Strength Sap|p2a: Garganacl
|-unboost|p2a: Garganacl|atk|1
|-heal|p1a: Sinistcha|100/100
|move|p2a: Garganacl|Recover|p2a: Garganacl
|-heal|p2a: Garganacl|100/100
|
|-weather|Sandstorm|[upkeep]
|-damage|p1a: Sinistcha|94/100|[from] Sandstorm
|-damage|p2a: Garganacl|94/100|[from] Sandstorm
|-heal|p2a: Garganacl|100/100|[from] item: Leftovers
|-damage|p1a: Sinistcha|82/100|[from] Salt Cure
|upkeep
|turn|18
|
|t:|1779890166
|switch|p2a: Tyranitar|Tyranitar, F|88/100
|-damage|p2a: Tyranitar|76/100|[from] Stealth Rock
|move|p1a: Sinistcha|Calm Mind|p1a: Sinistcha
|-boost|p1a: Sinistcha|spa|1
|-boost|p1a: Sinistcha|spd|1
|
|-weather|Sandstorm|[upkeep]
|-damage|p1a: Sinistcha|76/100|[from] Sandstorm
|-damage|p1a: Sinistcha|63/100|[from] Salt Cure
|upkeep
|turn|19
|
|t:|1779890171
|move|p1a: Sinistcha|Matcha Gotcha|p2a: Tyranitar
|-supereffective|p2a: Tyranitar
|-damage|p2a: Tyranitar|35/100
|-heal|p1a: Sinistcha|87/100|[from] drain|[of] p2a: Tyranitar
|move|p2a: Tyranitar|Dragon Tail|p1a: Sinistcha
|-damage|p1a: Sinistcha|75/100
|drag|p1a: Iron Treads|Iron Treads|100/100
|
|-weather|none
|upkeep
|turn|20
|
|t:|1779890186
|switch|p2a: Garganacl|Garganacl, M, tera:Ghost|100/100
|-damage|p2a: Garganacl|88/100|[from] Stealth Rock
|move|p1a: Iron Treads|Rapid Spin|p2a: Garganacl
|-immune|p2a: Garganacl
|
|-heal|p2a: Garganacl|94/100|[from] item: Leftovers
|upkeep
|turn|21
|
|t:|1779890190
|move|p1a: Iron Treads|Knock Off|p2a: Garganacl
|-supereffective|p2a: Garganacl
|-damage|p2a: Garganacl|59/100
|-enditem|p2a: Garganacl|Leftovers|[from] move: Knock Off|[of] p1a: Iron Treads
|move|p2a: Garganacl|Salt Cure|p1a: Iron Treads
|-resisted|p1a: Iron Treads
|-crit|p1a: Iron Treads
|-damage|p1a: Iron Treads|96/100
|-start|p1a: Iron Treads|Salt Cure
|
|-damage|p1a: Iron Treads|71/100|[from] Salt Cure
|upkeep
|turn|22
|
|t:|1779890197
|-end|p1a: Iron Treads|Quark Drive|[silent]
|switch|p1a: Sinistcha|Sinistcha-Masterpiece|75/100
|-damage|p1a: Sinistcha|63/100|[from] Stealth Rock
|move|p2a: Garganacl|Recover|p2a: Garganacl
|-heal|p2a: Garganacl|100/100
|
|upkeep
|turn|23
|
|t:|1779890200
|move|p1a: Sinistcha|Strength Sap|p2a: Garganacl
|-unboost|p2a: Garganacl|atk|1
|-heal|p1a: Sinistcha|100/100
|move|p2a: Garganacl|Salt Cure|p1a: Sinistcha
|-damage|p1a: Sinistcha|94/100
|-start|p1a: Sinistcha|Salt Cure
|
|-damage|p1a: Sinistcha|82/100|[from] Salt Cure
|upkeep
|turn|24
|
|t:|1779890206
|switch|p2a: Tyranitar|Tyranitar, F|35/100
|-damage|p2a: Tyranitar|23/100|[from] Stealth Rock
|-weather|Sandstorm|[from] ability: Sand Stream|[of] p2a: Tyranitar
|move|p1a: Sinistcha|Calm Mind|p1a: Sinistcha
|-boost|p1a: Sinistcha|spa|1
|-boost|p1a: Sinistcha|spd|1
|
|-weather|Sandstorm|[upkeep]
|-damage|p1a: Sinistcha|76/100|[from] Sandstorm
|-damage|p1a: Sinistcha|63/100|[from] Salt Cure
|upkeep
|turn|25
|
|t:|1779890210
|move|p1a: Sinistcha|Matcha Gotcha|p2a: Tyranitar
|-supereffective|p2a: Tyranitar
|-damage|p2a: Tyranitar|0 fnt
|-heal|p1a: Sinistcha|76/100|[from] drain|[of] p2a: Tyranitar
|faint|p2a: Tyranitar
|
|-weather|Sandstorm|[upkeep]
|-damage|p1a: Sinistcha|70/100|[from] Sandstorm
|-damage|p1a: Sinistcha|58/100|[from] Salt Cure
|upkeep
|
|t:|1779890212
|switch|p2a: Kleavor|Kleavor, F|30/100
|-damage|p2a: Kleavor|5/100|[from] Stealth Rock
|turn|26
|
|t:|1779890223
|move|p2a: Kleavor|Aerial Ace|p1a: Sinistcha
|-supereffective|p1a: Sinistcha
|-damage|p1a: Sinistcha|12/100
|move|p1a: Sinistcha|Strength Sap|p2a: Kleavor
|-unboost|p2a: Kleavor|atk|1
|-heal|p1a: Sinistcha|100/100
|
|-weather|Sandstorm|[upkeep]
|-damage|p1a: Sinistcha|94/100|[from] Sandstorm
|-damage|p1a: Sinistcha|82/100|[from] Salt Cure
|upkeep
|turn|27
|
|t:|1779890233
|move|p2a: Kleavor|Aerial Ace|p1a: Sinistcha
|-supereffective|p1a: Sinistcha
|-damage|p1a: Sinistcha|47/100
|move|p1a: Sinistcha|Strength Sap|p2a: Kleavor
|-unboost|p2a: Kleavor|atk|1
|-heal|p1a: Sinistcha|100/100
|
|-weather|Sandstorm|[upkeep]
|-damage|p1a: Sinistcha|94/100|[from] Sandstorm
|-damage|p1a: Sinistcha|82/100|[from] Salt Cure
|upkeep
|turn|28
|
|t:|1779890247
|move|p2a: Kleavor|Aerial Ace|p1a: Sinistcha
|-supereffective|p1a: Sinistcha
|-damage|p1a: Sinistcha|59/100
|move|p1a: Sinistcha|Strength Sap|p2a: Kleavor
|-unboost|p2a: Kleavor|atk|1
|-heal|p1a: Sinistcha|100/100
|
|-weather|Sandstorm|[upkeep]
|-damage|p1a: Sinistcha|94/100|[from] Sandstorm
|-damage|p1a: Sinistcha|82/100|[from] Salt Cure
|upkeep
|turn|29
|
|t:|1779890254
|move|p2a: Kleavor|Aerial Ace|p1a: Sinistcha
|-supereffective|p1a: Sinistcha
|-damage|p1a: Sinistcha|62/100
|move|p1a: Sinistcha|Calm Mind|p1a: Sinistcha
|-boost|p1a: Sinistcha|spa|1
|-boost|p1a: Sinistcha|spd|1
|
|-weather|Sandstorm|[upkeep]
|-damage|p1a: Sinistcha|56/100|[from] Sandstorm
|-damage|p1a: Sinistcha|44/100|[from] Salt Cure
|upkeep
|turn|30
|
|t:|1779890256
|move|p2a: Kleavor|Aerial Ace|p1a: Sinistcha
|-supereffective|p1a: Sinistcha
|-damage|p1a: Sinistcha|25/100
|move|p1a: Sinistcha|Strength Sap|p2a: Kleavor
|-unboost|p2a: Kleavor|atk|1
|-heal|p1a: Sinistcha|72/100
|
|-weather|Sandstorm|[upkeep]
|-damage|p1a: Sinistcha|65/100|[from] Sandstorm
|-damage|p1a: Sinistcha|53/100|[from] Salt Cure
|upkeep
|turn|31
|
|t:|1779890270
|move|p2a: Kleavor|Aerial Ace|p1a: Sinistcha
|-supereffective|p1a: Sinistcha
|-damage|p1a: Sinistcha|35/100
|move|p1a: Sinistcha|Strength Sap|p2a: Kleavor
|-unboost|p2a: Kleavor|atk|1
|-heal|p1a: Sinistcha|74/100
|
|-weather|none
|-damage|p1a: Sinistcha|62/100|[from] Salt Cure
|upkeep
|turn|32
|
|t:|1779890282
|move|p2a: Kleavor|Aerial Ace|p1a: Sinistcha
|-supereffective|p1a: Sinistcha
|-damage|p1a: Sinistcha|48/100
|move|p1a: Sinistcha|Shadow Ball|p2a: Kleavor
|-damage|p2a: Kleavor|0 fnt
|faint|p2a: Kleavor
|
|-damage|p1a: Sinistcha|36/100|[from] Salt Cure
|upkeep
|
|t:|1779890287
|switch|p2a: Iron Boulder|Iron Boulder|100/100
|-damage|p2a: Iron Boulder|88/100|[from] Stealth Rock
|-enditem|p2a: Iron Boulder|Booster Energy
|-activate|p2a: Iron Boulder|ability: Quark Drive|[fromitem]
|-start|p2a: Iron Boulder|quarkdrivespe
|turn|33
|
|t:|1779890297
|move|p2a: Iron Boulder|Iron Head|p1a: Sinistcha
|-damage|p1a: Sinistcha|17/100
|move|p1a: Sinistcha|Strength Sap|p2a: Iron Boulder
|-unboost|p2a: Iron Boulder|atk|1
|-heal|p1a: Sinistcha|100/100
|
|-damage|p1a: Sinistcha|88/100|[from] Salt Cure
|upkeep
|turn|34
|
|t:|1779890304
|move|p2a: Iron Boulder|Swords Dance|p2a: Iron Boulder
|-boost|p2a: Iron Boulder|atk|2
|move|p1a: Sinistcha|Matcha Gotcha|p2a: Iron Boulder
|-supereffective|p2a: Iron Boulder
|-damage|p2a: Iron Boulder|0 fnt
|-heal|p1a: Sinistcha|100/100|[from] drain|[of] p2a: Iron Boulder
|faint|p2a: Iron Boulder
|-end|p2a: Iron Boulder|Quark Drive|[silent]
|
|-damage|p1a: Sinistcha|88/100|[from] Salt Cure
|upkeep
|-message|brock4real forfeited.
|
|win|Dreadblaze
|raw|Dreadblaze's rating: 1462 &rarr; <strong>1479</strong><br />(+17 for winning)
|raw|brock4real's rating: 1412 &rarr; <strong>1395</strong><br />(-17 for losing)
|l|☆brock4real
|player|p2|
|l|☆Dreadblaze
|player|p1|
