|j|☆55tyhg4
|j|☆FrostyWingz
|t:|1779904938
|gametype|singles
|player|p1|55tyhg4|170|1321
|player|p2|FrostyWingz|265|1331
|gen|9
|tier|[Gen 9] OU
|rated|
|rule|HP Percentage Mod: HP is shown in percentages
|rule|Endless Battle Clause: Forcing endless battles is banned
|rule|Species Clause: Limit one of each Pokémon
|rule|OHKO Clause: OHKO moves are banned
|rule|Evasion Items Clause: Evasion items are banned
|rule|Evasion Moves Clause: Evasion moves are banned
|rule|Evasion Abilities Clause: Evasion abilities are banned
|rule|Sleep Moves Clause: Sleep-inducing moves are banned
|clearpoke
|poke|p1|Ditto|
|poke|p1|Clefable, M|
|poke|p1|Toxapex, F|
|poke|p1|Garganacl, F|
|poke|p1|Mew|
|poke|p1|Rotom-Wash|
|poke|p2|Ogerpon-Wellspring, F|
|poke|p2|Garganacl, M|
|poke|p2|Regice|
|poke|p2|Haxorus, M|
|poke|p2|Moltres|
|poke|p2|Zamazenta-*|
|teampreview
|inactive|Battle timer is ON: inactive players will automatically lose when time's up. (requested by 55tyhg4)
|
|t:|1779904945
|teamsize|p1|6
|teamsize|p2|6
|start
|switch|p1a: Rotom|Rotom-Wash|100/100
|switch|p2a: Garganacl|Garganacl, M|100/100
|turn|1
|
|t:|1779904949
|move|p1a: Rotom|Trick|p2a: Garganacl
|-activate|p1a: Rotom|move: Trick|[of] p2a: Garganacl
|-item|p2a: Garganacl|Choice Scarf|[from] move: Trick
|-item|p1a: Rotom|Leftovers|[from] move: Trick
|move|p2a: Garganacl|Salt Cure|p1a: Rotom
|-damage|p1a: Rotom|85/100
|-start|p1a: Rotom|Salt Cure
|
|-heal|p1a: Rotom|92/100|[from] item: Leftovers
|-damage|p1a: Rotom|67/100|[from] Salt Cure
|upkeep
|turn|2
|
|t:|1779904954
|switch|p2a: Ogerpon|Ogerpon-Wellspring, F|100/100
|move|p1a: Rotom|Volt Switch|p2a: Ogerpon
|-damage|p2a: Ogerpon|71/100
|
|t:|1779904957
|switch|p1a: Mew|Mew|100/100|[from] Volt Switch
|
|upkeep
|turn|3
|
|t:|1779904960
|move|p1a: Mew|Toxic|p2a: Ogerpon
|-status|p2a: Ogerpon|tox
|move|p2a: Ogerpon|Wood Hammer|p1a: Mew
|-damage|p1a: Mew|50/100
|-damage|p2a: Ogerpon|49/100 tox|[from] Recoil
|
|-damage|p2a: Ogerpon|43/100 tox|[from] psn
|upkeep
|turn|4
|
|t:|1779904966
|switch|p1a: Toxapex|Toxapex, F|100/100
|move|p2a: Ogerpon|Swords Dance|p2a: Ogerpon
|-boost|p2a: Ogerpon|atk|2
|
|-damage|p2a: Ogerpon|31/100 tox|[from] psn
|upkeep
|turn|5
|
|t:|1779904971
|move|p2a: Ogerpon|Wood Hammer|p1a: Toxapex
|-damage|p1a: Toxapex|22/100
|-damage|p2a: Ogerpon|4/100 tox|[from] Recoil
|move|p1a: Toxapex|Haze|p1a: Toxapex
|-clearallboost
|
|-heal|p1a: Toxapex|28/100|[from] item: Black Sludge
|-damage|p2a: Ogerpon|0 fnt|[from] psn
|faint|p2a: Ogerpon
|upkeep
|
|t:|1779904975
|switch|p2a: Garganacl|Garganacl, M|100/100
|turn|6
|
|t:|1779904979
|switch|p1a: Rotom|Rotom-Wash|67/100
|move|p2a: Garganacl|Stealth Rock|p1a: Rotom
|-sidestart|p1: 55tyhg4|move: Stealth Rock
|
|-heal|p1a: Rotom|73/100|[from] item: Leftovers
|upkeep
|turn|7
|
|t:|1779904984
|switch|p2a: Regice|Regice|100/100
|move|p1a: Rotom|Volt Switch|p2a: Regice
|-damage|p2a: Regice|93/100
|
|t:|1779904988
|switch|p1a: Mew|Mew|50/100|[from] Volt Switch
|-damage|p1a: Mew|37/100|[from] Stealth Rock
|
|upkeep
|turn|8
|
|t:|1779904992
|switch|p2a: Garganacl|Garganacl, M|100/100
|move|p1a: Mew|Trick|p2a: Garganacl
|-activate|p1a: Mew|move: Trick|[of] p2a: Garganacl
|-item|p2a: Garganacl|Choice Scarf|[from] move: Trick
|-item|p1a: Mew|Choice Scarf|[from] move: Trick
|
|upkeep
|turn|9
|
|t:|1779904996
|move|p1a: Mew|Stealth Rock|p2a: Garganacl
|-sidestart|p2: FrostyWingz|move: Stealth Rock
|move|p2a: Garganacl|Salt Cure|p1a: Mew
|-damage|p1a: Mew|28/100
|-start|p1a: Mew|Salt Cure
|
|-damage|p1a: Mew|16/100|[from] Salt Cure
|upkeep
|turn|10
|
|t:|1779905002
|switch|p1a: Garganacl|Garganacl, F|100/100
|-damage|p1a: Garganacl|88/100|[from] Stealth Rock
|move|p2a: Garganacl|Salt Cure|p1a: Garganacl
|-damage|p1a: Garganacl|79/100
|-start|p1a: Garganacl|Salt Cure
|
|-heal|p1a: Garganacl|85/100|[from] item: Leftovers
|-damage|p1a: Garganacl|73/100|[from] Salt Cure
|upkeep
|turn|11
|
|t:|1779905007
|switch|p2a: Moltres|Moltres|100/100
|-damage|p2a: Moltres|51/100|[from] Stealth Rock
|move|p1a: Garganacl|Salt Cure|p2a: Moltres
|-supereffective|p2a: Moltres
|-damage|p2a: Moltres|13/100
|-start|p2a: Moltres|Salt Cure
|
|-heal|p1a: Garganacl|79/100|[from] item: Leftovers
|-damage|p2a: Moltres|1/100|[from] Salt Cure
|-damage|p1a: Garganacl|67/100|[from] Salt Cure
|upkeep
|turn|12
|
|t:|1779905010
|switch|p1a: Rotom|Rotom-Wash|73/100
|-damage|p1a: Rotom|60/100|[from] Stealth Rock
|move|p2a: Moltres|Roost|p2a: Moltres
|-heal|p2a: Moltres|51/100
|-singleturn|p2a: Moltres|move: Roost
|
|-heal|p1a: Rotom|67/100|[from] item: Leftovers
|-damage|p2a: Moltres|39/100|[from] Salt Cure
|upkeep
|turn|13
|
|t:|1779905016
|move|p2a: Moltres|Roost|p2a: Moltres
|-heal|p2a: Moltres|89/100
|-singleturn|p2a: Moltres|move: Roost
|move|p1a: Rotom|Volt Switch|p2a: Moltres
|-damage|p2a: Moltres|64/100
|
|t:|1779905018
|switch|p1a: Toxapex|Toxapex, F|61/100|[from] Volt Switch
|-damage|p1a: Toxapex|49/100|[from] Stealth Rock
|
|-heal|p1a: Toxapex|55/100|[from] item: Black Sludge
|-damage|p2a: Moltres|52/100|[from] Salt Cure
|upkeep
|turn|14
|
|t:|1779905022
|move|p2a: Moltres|Will-O-Wisp|p1a: Toxapex
|-status|p1a: Toxapex|brn
|move|p1a: Toxapex|Toxic|p2a: Moltres
|-status|p2a: Moltres|tox
|
|-heal|p1a: Toxapex|61/100 brn|[from] item: Black Sludge
|-damage|p2a: Moltres|46/100 tox|[from] psn
|-damage|p1a: Toxapex|55/100 brn|[from] brn
|-damage|p2a: Moltres|34/100 tox|[from] Salt Cure
|upkeep
|turn|15
|
|t:|1779905024
|move|p2a: Moltres|Roost|p2a: Moltres
|-heal|p2a: Moltres|84/100 tox
|-singleturn|p2a: Moltres|move: Roost
|move|p1a: Toxapex|Recover|p1a: Toxapex
|-heal|p1a: Toxapex|100/100 brn
|
|-damage|p2a: Moltres|72/100 tox|[from] psn
|-damage|p1a: Toxapex|94/100 brn|[from] brn
|-damage|p2a: Moltres|60/100 tox|[from] Salt Cure
|upkeep
|turn|16
|
|t:|1779905027
|move|p2a: Moltres|Hurricane|p1a: Toxapex
|-damage|p1a: Toxapex|57/100 brn
|-start|p1a: Toxapex|confusion
|-activate|p1a: Toxapex|confusion
|move|p1a: Toxapex|Liquidation|p2a: Moltres
|-supereffective|p2a: Moltres
|-damage|p2a: Moltres|46/100 tox
|-unboost|p2a: Moltres|def|1
|-damage|p1a: Toxapex|40/100 brn|[from] item: Rocky Helmet|[of] p2a: Moltres
|
|-heal|p1a: Toxapex|47/100 brn|[from] item: Black Sludge
|-damage|p2a: Moltres|28/100 tox|[from] psn
|-damage|p1a: Toxapex|40/100 brn|[from] brn
|-damage|p2a: Moltres|16/100 tox|[from] Salt Cure
|upkeep
|turn|17
|
|t:|1779905030
|move|p2a: Moltres|Roost|p2a: Moltres
|-heal|p2a: Moltres|66/100 tox
|-singleturn|p2a: Moltres|move: Roost
|-activate|p1a: Toxapex|confusion
|-damage|p1a: Toxapex|36/100 brn|[from] confusion
|
|-heal|p1a: Toxapex|42/100 brn|[from] item: Black Sludge
|-damage|p2a: Moltres|42/100 tox|[from] psn
|-damage|p1a: Toxapex|36/100 brn|[from] brn
|-damage|p2a: Moltres|30/100 tox|[from] Salt Cure
|upkeep
|turn|18
|
|t:|1779905033
|move|p2a: Moltres|Roost|p2a: Moltres
|-heal|p2a: Moltres|80/100 tox
|-singleturn|p2a: Moltres|move: Roost
|-end|p1a: Toxapex|confusion
|move|p1a: Toxapex|Recover|p1a: Toxapex
|-heal|p1a: Toxapex|86/100 brn
|
|-heal|p1a: Toxapex|92/100 brn|[from] item: Black Sludge
|-damage|p2a: Moltres|50/100 tox|[from] psn
|-damage|p1a: Toxapex|86/100 brn|[from] brn
|-damage|p2a: Moltres|38/100 tox|[from] Salt Cure
|upkeep
|turn|19
|
|t:|1779905036
|move|p2a: Moltres|Roost|p2a: Moltres
|-heal|p2a: Moltres|88/100 tox
|-singleturn|p2a: Moltres|move: Roost
|move|p1a: Toxapex|Liquidation|p2a: Moltres
|-supereffective|p2a: Moltres
|-damage|p2a: Moltres|68/100 tox
|-damage|p1a: Toxapex|70/100 brn|[from] item: Rocky Helmet|[of] p2a: Moltres
|
|-heal|p1a: Toxapex|76/100 brn|[from] item: Black Sludge
|-damage|p2a: Moltres|32/100 tox|[from] psn
|-damage|p1a: Toxapex|70/100 brn|[from] brn
|-damage|p2a: Moltres|20/100 tox|[from] Salt Cure
|upkeep
|turn|20
|
|t:|1779905038
|move|p2a: Moltres|Hurricane|p1a: Toxapex
|-damage|p1a: Toxapex|34/100 brn
|-start|p1a: Toxapex|confusion
|-activate|p1a: Toxapex|confusion
|-damage|p1a: Toxapex|29/100 brn|[from] confusion
|
|-heal|p1a: Toxapex|35/100 brn|[from] item: Black Sludge
|-damage|p2a: Moltres|0 fnt|[from] psn
|faint|p2a: Moltres
|-damage|p1a: Toxapex|29/100 brn|[from] brn
|upkeep
|
|t:|1779905050
|switch|p2a: Regice|Regice|93/100
|-damage|p2a: Regice|68/100|[from] Stealth Rock
|turn|21
|
|t:|1779905053
|switch|p1a: Rotom|Rotom-Wash|67/100
|-damage|p1a: Rotom|54/100|[from] Stealth Rock
|move|p2a: Regice|Ancient Power|p1a: Rotom
|-damage|p1a: Rotom|43/100
|
|-heal|p1a: Rotom|49/100|[from] item: Leftovers
|upkeep
|turn|22
|
|t:|1779905056
|move|p1a: Rotom|Volt Switch|p2a: Regice
|-damage|p2a: Regice|62/100
|
|t:|1779905060
|switch|p1a: Garganacl|Garganacl, F|67/100|[from] Volt Switch
|-damage|p1a: Garganacl|54/100|[from] Stealth Rock
|move|p2a: Regice|Ancient Power|p1a: Garganacl
|-damage|p1a: Garganacl|44/100
|
|-heal|p1a: Garganacl|50/100|[from] item: Leftovers
|upkeep
|turn|23
|
|t:|1779905062
|move|p2a: Regice|Focus Blast|p1a: Garganacl
|-supereffective|p1a: Garganacl
|-damage|p1a: Garganacl|14/100
|move|p1a: Garganacl|Salt Cure|p2a: Regice
|-supereffective|p2a: Regice
|-damage|p2a: Regice|37/100
|-start|p2a: Regice|Salt Cure
|
|-heal|p1a: Garganacl|21/100|[from] item: Leftovers
|-damage|p2a: Regice|25/100|[from] Salt Cure
|upkeep
|turn|24
|
|t:|1779905067
|switch|p2a: Zamazenta|Zamazenta|100/100
|-damage|p2a: Zamazenta|94/100|[from] Stealth Rock
|-ability|p2a: Zamazenta|Dauntless Shield|boost
|-boost|p2a: Zamazenta|def|1
|move|p1a: Garganacl|Recover|p1a: Garganacl
|-heal|p1a: Garganacl|71/100
|
|-heal|p2a: Zamazenta|100/100|[from] item: Leftovers
|-heal|p1a: Garganacl|77/100|[from] item: Leftovers
|upkeep
|turn|25
|
|t:|1779905074
|-terastallize|p1a: Garganacl|Water
|move|p2a: Zamazenta|Body Press|p1a: Garganacl
|-damage|p1a: Garganacl|45/100
|move|p1a: Garganacl|Salt Cure|p2a: Zamazenta
|-resisted|p2a: Zamazenta
|-damage|p2a: Zamazenta|97/100
|-start|p2a: Zamazenta|Salt Cure
|
|-heal|p2a: Zamazenta|100/100|[from] item: Leftovers
|-heal|p1a: Garganacl|51/100|[from] item: Leftovers
|-damage|p2a: Zamazenta|88/100|[from] Salt Cure
|upkeep
|turn|26
|
|t:|1779905078
|switch|p2a: Regice|Regice|25/100
|-damage|p2a: Regice|0 fnt|[from] Stealth Rock
|faint|p2a: Regice
|move|p1a: Garganacl|Recover|p1a: Garganacl
|-heal|p1a: Garganacl|100/100
|
|upkeep
|
|t:|1779905081
|switch|p2a: Garganacl|Garganacl, M|100/100
|-damage|p2a: Garganacl|88/100|[from] Stealth Rock
|turn|27
|
|t:|1779905084
|move|p2a: Garganacl|Salt Cure|p1a: Garganacl
|-damage|p1a: Garganacl|91/100
|-start|p1a: Garganacl|Salt Cure
|move|p1a: Garganacl|Salt Cure|p2a: Garganacl
|-damage|p2a: Garganacl|81/100
|-start|p2a: Garganacl|Salt Cure
|
|-heal|p1a: Garganacl|98/100|[from] item: Leftovers
|-damage|p2a: Garganacl|69/100|[from] Salt Cure
|-damage|p1a: Garganacl|73/100|[from] Salt Cure
|upkeep
|turn|28
|
|t:|1779905090
|switch|p1a: Rotom|Rotom-Wash|49/100
|-damage|p1a: Rotom|37/100|[from] Stealth Rock
|move|p2a: Garganacl|Salt Cure|p1a: Rotom
|-damage|p1a: Rotom|23/100
|-start|p1a: Rotom|Salt Cure
|
|-heal|p1a: Rotom|29/100|[from] item: Leftovers
|-damage|p1a: Rotom|4/100|[from] Salt Cure
|-damage|p2a: Garganacl|56/100|[from] Salt Cure
|upkeep
|turn|29
|
|t:|1779905092
|move|p1a: Rotom|Hydro Pump|p2a: Garganacl
|-supereffective|p2a: Garganacl
|-damage|p2a: Garganacl|0 fnt
|faint|p2a: Garganacl
|
|-heal|p1a: Rotom|10/100|[from] item: Leftovers
|-damage|p1a: Rotom|0 fnt|[from] Salt Cure
|faint|p1a: Rotom
|upkeep
|
|t:|1779905096
|switch|p1a: Mew|Mew|16/100
|switch|p2a: Haxorus|Haxorus, M|100/100
|-damage|p1a: Mew|4/100|[from] Stealth Rock
|-damage|p2a: Haxorus|88/100|[from] Stealth Rock
|-ability|p2a: Haxorus|Mold Breaker
|turn|30
|
|t:|1779905106
|move|p1a: Mew|Toxic|p2a: Haxorus
|-status|p2a: Haxorus|tox
|move|p2a: Haxorus|Scale Shot|p1a: Mew
|-damage|p1a: Mew|0 fnt
|faint|p1a: Mew
|-hitcount|p1: Mew|1
|-unboost|p2a: Haxorus|def|1
|-boost|p2a: Haxorus|spe|1
|
|-damage|p2a: Haxorus|82/100 tox|[from] psn
|upkeep
|
|t:|1779905111
|switch|p1a: Ditto|Ditto|100/100
|-damage|p1a: Ditto|88/100|[from] Stealth Rock
|-transform|p1a: Ditto|p2a: Haxorus|[from] ability: Imposter
|-ability|p1a: Ditto|Mold Breaker
|turn|31
|
|t:|1779905115
|-terastallize|p2a: Haxorus|Steel
|move|p1a: Ditto|Scale Shot|p2a: Haxorus|[miss]
|-miss|p1a: Ditto|p2a: Haxorus
|move|p2a: Haxorus|Scale Shot|p1a: Ditto
|-supereffective|p1a: Ditto
|-damage|p1a: Ditto|33/100
|-supereffective|p1a: Ditto
|-damage|p1a: Ditto|0 fnt
|faint|p1a: Ditto
|-hitcount|p1: Ditto|2
|-unboost|p2a: Haxorus|def|1
|-boost|p2a: Haxorus|spe|1
|
|-damage|p2a: Haxorus|70/100 tox|[from] psn
|upkeep
|
|t:|1779905121
|switch|p1a: Toxapex|Toxapex, F|62/100 brn
|-damage|p1a: Toxapex|50/100 brn|[from] Stealth Rock
|turn|32
|
|t:|1779905126
|move|p2a: Haxorus|Swords Dance|p2a: Haxorus
|-boost|p2a: Haxorus|atk|2
|move|p1a: Toxapex|Recover|p1a: Toxapex
|-heal|p1a: Toxapex|99/100 brn
|
|-heal|p1a: Toxapex|100/100 brn|[from] item: Black Sludge
|-damage|p2a: Haxorus|51/100 tox|[from] psn
|-damage|p1a: Toxapex|94/100 brn|[from] brn
|upkeep
|turn|33
|
|t:|1779905128
|move|p2a: Haxorus|Earthquake|p1a: Toxapex
|-supereffective|p1a: Toxapex
|-damage|p1a: Toxapex|6/100 brn
|move|p1a: Toxapex|Haze|p1a: Toxapex
|-clearallboost
|
|-heal|p1a: Toxapex|12/100 brn|[from] item: Black Sludge
|-damage|p2a: Haxorus|27/100 tox|[from] psn
|-damage|p1a: Toxapex|6/100 brn|[from] brn
|upkeep
|turn|34
|
|t:|1779905134
|switch|p1a: Garganacl|Garganacl, F, tera:Water|73/100
|-damage|p1a: Garganacl|60/100|[from] Stealth Rock
|move|p2a: Haxorus|Swords Dance|p2a: Haxorus
|-boost|p2a: Haxorus|atk|2
|
|-heal|p1a: Garganacl|66/100|[from] item: Leftovers
|-damage|p2a: Haxorus|0 fnt|[from] psn
|faint|p2a: Haxorus
|upkeep
|
|t:|1779905136
|switch|p2a: Zamazenta|Zamazenta|88/100
|-damage|p2a: Zamazenta|82/100|[from] Stealth Rock
|turn|35
|
|t:|1779905140
|move|p2a: Zamazenta|Iron Defense|p2a: Zamazenta
|-boost|p2a: Zamazenta|def|2
|move|p1a: Garganacl|Salt Cure|p2a: Zamazenta
|-resisted|p2a: Zamazenta
|-damage|p2a: Zamazenta|80/100
|-start|p2a: Zamazenta|Salt Cure
|
|-heal|p2a: Zamazenta|86/100|[from] item: Leftovers
|-heal|p1a: Garganacl|73/100|[from] item: Leftovers
|-damage|p2a: Zamazenta|73/100|[from] Salt Cure
|upkeep
|turn|36
|
|t:|1779905144
|move|p2a: Zamazenta|Iron Defense|p2a: Zamazenta
|-boost|p2a: Zamazenta|def|2
|move|p1a: Garganacl|Earthquake|p2a: Zamazenta
|-damage|p2a: Zamazenta|67/100
|
|-heal|p2a: Zamazenta|73/100|[from] item: Leftovers
|-heal|p1a: Garganacl|79/100|[from] item: Leftovers
|-damage|p2a: Zamazenta|61/100|[from] Salt Cure
|upkeep
|turn|37
|
|t:|1779905151
|move|p2a: Zamazenta|Body Press|p1a: Garganacl
|-damage|p1a: Garganacl|24/100
|move|p1a: Garganacl|Earthquake|p2a: Zamazenta
|-damage|p2a: Zamazenta|54/100
|
|-heal|p2a: Zamazenta|61/100|[from] item: Leftovers
|-heal|p1a: Garganacl|30/100|[from] item: Leftovers
|-damage|p2a: Zamazenta|48/100|[from] Salt Cure
|upkeep
|turn|38
|
|t:|1779905157
|move|p2a: Zamazenta|Iron Defense|p2a: Zamazenta
|-boost|p2a: Zamazenta|def|2
|move|p1a: Garganacl|Recover|p1a: Garganacl
|-heal|p1a: Garganacl|80/100
|
|-heal|p2a: Zamazenta|54/100|[from] item: Leftovers
|-heal|p1a: Garganacl|86/100|[from] item: Leftovers
|-damage|p2a: Zamazenta|42/100|[from] Salt Cure
|upkeep
|turn|39
|
|t:|1779905159
|move|p2a: Zamazenta|Body Press|p1a: Garganacl
|-damage|p1a: Garganacl|12/100
|move|p1a: Garganacl|Earthquake|p2a: Zamazenta
|-damage|p2a: Zamazenta|38/100
|
|-heal|p2a: Zamazenta|44/100|[from] item: Leftovers
|-heal|p1a: Garganacl|18/100|[from] item: Leftovers
|-damage|p2a: Zamazenta|31/100|[from] Salt Cure
|upkeep
|turn|40
|
|t:|1779905162
|move|p2a: Zamazenta|Body Press|p1a: Garganacl
|-damage|p1a: Garganacl|0 fnt
|faint|p1a: Garganacl
|
|-heal|p2a: Zamazenta|38/100|[from] item: Leftovers
|-damage|p2a: Zamazenta|25/100|[from] Salt Cure
|upkeep
|
|t:|1779905164
|switch|p1a: Toxapex|Toxapex, F|39/100 brn
|-damage|p1a: Toxapex|27/100 brn|[from] Stealth Rock
|turn|41
|
|t:|1779905167
|move|p2a: Zamazenta|Body Press|p1a: Toxapex
|-resisted|p1a: Toxapex
|-damage|p1a: Toxapex|0 fnt
|faint|p1a: Toxapex
|
|-heal|p2a: Zamazenta|31/100|[from] item: Leftovers
|-damage|p2a: Zamazenta|19/100|[from] Salt Cure
|upkeep
|
|t:|1779905175
|switch|p1a: Clefable|Clefable, M|100/100
|turn|42
|
|t:|1779905178
|move|p2a: Zamazenta|Body Press|p1a: Clefable
|-resisted|p1a: Clefable
|-damage|p1a: Clefable|44/100
|move|p1a: Clefable|Stored Power|p2a: Zamazenta
|-supereffective|p2a: Zamazenta
|-damage|p2a: Zamazenta|12/100
|
|-heal|p2a: Zamazenta|18/100|[from] item: Leftovers
|-heal|p1a: Clefable|50/100|[from] item: Leftovers
|-damage|p2a: Zamazenta|6/100|[from] Salt Cure
|upkeep
|turn|43
|
|t:|1779905187
|move|p2a: Zamazenta|Heavy Slam|p1a: Clefable
|-supereffective|p1a: Clefable
|-damage|p1a: Clefable|0 fnt
|faint|p1a: Clefable
|
|win|FrostyWingz
|raw|55tyhg4's rating: 1321 &rarr; <strong>1302</strong><br />(-19 for losing)
|raw|FrostyWingz's rating: 1331 &rarr; <strong>1350</strong><br />(+19 for winning)
|l|☆55tyhg4
|player|p1|
|l|☆FrostyWingz
|player|p2|
