|j|☆prajjawal12
|j|☆Bayer04er
|t:|1779909197
|gametype|singles
|player|p1|prajjawal12|101|1059
|player|p2|Bayer04er|lucas|1082
|gen|9
|tier|[Gen 9] OU
|rated|
|rule|HP Percentage Mod: HP is shown in percentages
|rule|Endless Battle Clause: Forcing endless battles is banned
|rule|Species Clause: Limit one of each Pokémon
|rule|OHKO Clause: OHKO moves are banned
|rule|Evasion Items Clause: Evasion items are banned
|rule|Evasion Moves Clause: Evasion moves are banned
|rule|Evasion Abilities Clause: Evasion abilities are banned
|rule|Sleep Moves Clause: Sleep-inducing moves are banned
|clearpoke
|poke|p1|Sceptile, F|
|poke|p1|Salamence, F|
|poke|p1|Lucario, F|
|poke|p1|Gengar, F|
|poke|p1|Gyarados, F|
|poke|p1|Infernape, M|
|poke|p2|Piplup, M|
|poke|p2|Scream Tail|
|poke|p2|Pecharunt|
|poke|p2|Ogerpon-Wellspring, F|
|poke|p2|Greninja-*, M|
|poke|p2|Zapdos-Galar|
|teampreview
|
|t:|1779909212
|teamsize|p1|6
|teamsize|p2|6
|start
|switch|p1a: Infernape|Infernape, M|100/100
|switch|p2a: Piplup|Piplup, M|100/100
|turn|1
|
|t:|1779909222
|move|p1a: Infernape|Thunder Punch|p2a: Piplup
|-supereffective|p2a: Piplup
|-damage|p2a: Piplup|0 fnt
|faint|p2a: Piplup
|-damage|p1a: Infernape|91/100|[from] item: Life Orb
|
|upkeep
|
|t:|1779909232
|switch|p2a: Ogerpon|Ogerpon-Wellspring, F|100/100
|turn|2
|
|t:|1779909253
|switch|p2a: Zapdos|Zapdos-Galar, shiny|100/100
|move|p1a: Infernape|Thunder Punch|p2a: Zapdos
|-supereffective|p2a: Zapdos
|-damage|p2a: Zapdos|45/100
|-damage|p1a: Infernape|81/100|[from] item: Life Orb
|
|upkeep
|turn|3
|
|t:|1779909265
|move|p2a: Zapdos|Protect|p2a: Zapdos
|-singleturn|p2a: Zapdos|Protect
|move|p1a: Infernape|Thunder Punch|p2a: Zapdos
|-activate|p2a: Zapdos|move: Protect
|
|upkeep
|turn|4
|
|t:|1779909272
|move|p1a: Infernape|Flare Blitz|p2a: Zapdos
|-damage|p2a: Zapdos|0 fnt
|faint|p2a: Zapdos
|-damage|p1a: Infernape|63/100|[from] Recoil
|-damage|p1a: Infernape|54/100|[from] item: Life Orb
|
|upkeep
|
|t:|1779909279
|switch|p2a: Pecharunt|Pecharunt|100/100
|turn|5
|
|t:|1779909287
|move|p2a: Pecharunt|Protect|p2a: Pecharunt
|-singleturn|p2a: Pecharunt|Protect
|move|p1a: Infernape|Close Combat|p2a: Pecharunt
|-activate|p2a: Pecharunt|move: Protect
|
|upkeep
|turn|6
|
|t:|1779909296
|switch|p2a: Scream Tail|Scream Tail|100/100
|move|p1a: Infernape|Swords Dance|p1a: Infernape
|-boost|p1a: Infernape|atk|2
|
|upkeep
|turn|7
|
|t:|1779909306
|move|p1a: Infernape|Close Combat|p2a: Scream Tail
|-resisted|p2a: Scream Tail
|-damage|p2a: Scream Tail|76/100
|-unboost|p1a: Infernape|def|1
|-unboost|p1a: Infernape|spd|1
|-damage|p1a: Infernape|44/100|[from] item: Life Orb
|move|p2a: Scream Tail|Wish|p2a: Scream Tail
|
|upkeep
|turn|8
|
|t:|1779909316
|move|p1a: Infernape|Thunder Punch|p2a: Scream Tail
|-damage|p2a: Scream Tail|29/100
|-damage|p1a: Infernape|34/100|[from] item: Life Orb
|move|p2a: Scream Tail|Dazzling Gleam|p1a: Infernape
|-damage|p1a: Infernape|0 fnt
|faint|p1a: Infernape
|
|-heal|p2a: Scream Tail|79/100|[from] move: Wish|[wisher] Scream Tail
|upkeep
|
|t:|1779909327
|switch|p1a: Salamence|Salamence, F|100/100
|turn|9
|
|t:|1779909337
|move|p1a: Salamence|Dragon Claw|p2a: Scream Tail
|-immune|p2a: Scream Tail
|move|p2a: Scream Tail|Dazzling Gleam|p1a: Salamence
|-supereffective|p1a: Salamence
|-damage|p1a: Salamence|50/100
|
|upkeep
|turn|10
|
|t:|1779909346
|move|p1a: Salamence|Dragon Claw|p2a: Scream Tail
|-immune|p2a: Scream Tail
|move|p2a: Scream Tail|Wish|p2a: Scream Tail
|
|upkeep
|turn|11
|
|t:|1779909353
|move|p1a: Salamence|Earthquake|p2a: Scream Tail
|-damage|p2a: Scream Tail|43/100
|-damage|p1a: Salamence|40/100|[from] item: Life Orb
|move|p2a: Scream Tail|Dazzling Gleam|p1a: Salamence
|-supereffective|p1a: Salamence
|-damage|p1a: Salamence|0 fnt
|faint|p1a: Salamence
|
|-heal|p2a: Scream Tail|93/100|[from] move: Wish|[wisher] Scream Tail
|upkeep
|
|t:|1779909365
|switch|p1a: Gengar|Gengar, F|100/100
|turn|12
|
|t:|1779909378
|-end|p2a: Scream Tail|Protosynthesis|[silent]
|switch|p2a: Pecharunt|Pecharunt|100/100
|move|p1a: Gengar|Sludge Bomb|p2a: Pecharunt
|-resisted|p2a: Pecharunt
|-damage|p2a: Pecharunt|88/100
|
|upkeep
|turn|13
|
|t:|1779909387
|move|p1a: Gengar|Thunderbolt|p2a: Pecharunt
|-damage|p2a: Pecharunt|55/100
|move|p2a: Pecharunt|Foul Play|p1a: Gengar
|-supereffective|p1a: Gengar
|-damage|p1a: Gengar|24/100
|-damage|p2a: Pecharunt|45/100|[from] item: Life Orb
|
|upkeep
|turn|14
|
|t:|1779909395
|move|p2a: Pecharunt|Protect|p2a: Pecharunt
|-singleturn|p2a: Pecharunt|Protect
|move|p1a: Gengar|Shadow Ball|p2a: Pecharunt
|-activate|p2a: Pecharunt|move: Protect
|
|upkeep
|turn|15
|
|t:|1779909402
|move|p1a: Gengar|Shadow Ball|p2a: Pecharunt
|-supereffective|p2a: Pecharunt
|-damage|p2a: Pecharunt|0 fnt
|faint|p2a: Pecharunt
|
|upkeep
|
|t:|1779909408
|switch|p2a: Ogerpon|Ogerpon-Wellspring, F|100/100
|turn|16
|
|t:|1779909415
|move|p1a: Gengar|Sludge Bomb|p2a: Ogerpon
|-supereffective|p2a: Ogerpon
|-damage|p2a: Ogerpon|0 fnt
|faint|p2a: Ogerpon
|
|upkeep
|
|t:|1779909419
|switch|p2a: Greninja|Greninja, M|100/100
|turn|17
|
|t:|1779909426
|move|p1a: Gengar|Thunderbolt|p2a: Greninja
|-supereffective|p2a: Greninja
|-damage|p2a: Greninja|11/100
|move|p2a: Greninja|Night Slash|p1a: Gengar
|-supereffective|p1a: Gengar
|-damage|p1a: Gengar|0 fnt
|faint|p1a: Gengar
|-ability|p2a: Greninja|Battle Bond|boost
|-boost|p2a: Greninja|atk|1
|-boost|p2a: Greninja|spa|1
|-boost|p2a: Greninja|spe|1
|-activate|p2a: Greninja|ability: Battle Bond
|
|-heal|p2a: Greninja|17/100|[from] item: Leftovers
|upkeep
|
|t:|1779909441
|switch|p1a: Sceptile|Sceptile, F|100/100
|turn|18
|
|t:|1779909447
|move|p2a: Greninja|Blizzard|p1a: Sceptile
|-supereffective|p1a: Sceptile
|-damage|p1a: Sceptile|0 fnt
|faint|p1a: Sceptile
|
|-heal|p2a: Greninja|23/100|[from] item: Leftovers
|upkeep
|
|t:|1779909456
|switch|p1a: Lucario|Lucario, F|100/100
|turn|19
|
|t:|1779909466
|switch|p2a: Scream Tail|Scream Tail|93/100
|move|p1a: Lucario|Crunch|p2a: Scream Tail
|-damage|p2a: Scream Tail|65/100
|-damage|p1a: Lucario|91/100|[from] item: Life Orb
|
|upkeep
|turn|20
|
|t:|1779909476
|-terastallize|p2a: Scream Tail|Fire
|move|p2a: Scream Tail|Flamethrower|p1a: Lucario
|-supereffective|p1a: Lucario
|-damage|p1a: Lucario|15/100
|move|p1a: Lucario|Close Combat|p2a: Scream Tail
|-damage|p2a: Scream Tail|13/100
|-unboost|p1a: Lucario|def|1
|-unboost|p1a: Lucario|spd|1
|-damage|p1a: Lucario|5/100|[from] item: Life Orb
|
|upkeep
|turn|21
|
|t:|1779909489
|move|p1a: Lucario|Bullet Punch|p2a: Scream Tail
|-resisted|p2a: Scream Tail
|-damage|p2a: Scream Tail|3/100
|-damage|p1a: Lucario|0 fnt|[from] item: Life Orb
|faint|p1a: Lucario
|move|p2a: Scream Tail|Flamethrower|p1: Lucario|[notarget]
|-fail|p2a: Scream Tail
|
|upkeep
|
|t:|1779909497
|switch|p1a: Gyarados|Gyarados, F|100/100
|-ability|p1a: Gyarados|Intimidate|boost
|-unboost|p2a: Scream Tail|atk|1
|turn|22
|
|t:|1779909503
|-end|p2a: Scream Tail|Protosynthesis|[silent]
|switch|p2a: Greninja|Greninja, M|23/100
|move|p1a: Gyarados|Earthquake|p2a: Greninja
|-damage|p2a: Greninja|0 fnt
|faint|p2a: Greninja
|
|upkeep
|
|t:|1779909508
|switch|p2a: Scream Tail|Scream Tail, tera:Fire|3/100
|turn|23
|
|t:|1779909514
|move|p2a: Scream Tail|Thunderbolt|p1a: Gyarados
|-supereffective|p1a: Gyarados
|-damage|p1a: Gyarados|33/100
|move|p1a: Gyarados|Ice Fang|p2a: Scream Tail
|-resisted|p2a: Scream Tail
|-damage|p2a: Scream Tail|0 fnt
|faint|p2a: Scream Tail
|-end|p2a: Scream Tail|Protosynthesis|[silent]
|
|win|prajjawal12
|raw|prajjawal12's rating: 1059 &rarr; <strong>1092</strong><br />(+33 for winning)
|raw|Bayer04er's rating: 1082 &rarr; <strong>1058</strong><br />(-24 for losing)
|l|☆prajjawal12
|player|p1|
|l|☆Bayer04er
|player|p2|
