|j|☆claudechamp
|j|☆Eleazar98
|t:|1779851678
|gametype|singles
|player|p1|claudechamp|169|1170
|player|p2|Eleazar98|steven|1218
|gen|9
|tier|[Gen 9] OU
|rated|
|rule|HP Percentage Mod: HP is shown in percentages
|rule|Endless Battle Clause: Forcing endless battles is banned
|rule|Species Clause: Limit one of each Pokémon
|rule|OHKO Clause: OHKO moves are banned
|rule|Evasion Items Clause: Evasion items are banned
|rule|Evasion Moves Clause: Evasion moves are banned
|rule|Evasion Abilities Clause: Evasion abilities are banned
|rule|Sleep Moves Clause: Sleep-inducing moves are banned
|clearpoke
|poke|p1|Corviknight, M|
|poke|p1|Ting-Lu|
|poke|p1|Kyurem|
|poke|p1|Dondozo, M|
|poke|p1|Slowking-Galar, M|
|poke|p1|Cinderace, F|
|poke|p2|Glimmora, F|
|poke|p2|Zamazenta-*|
|poke|p2|Great Tusk|
|poke|p2|Volcanion|
|poke|p2|Kingambit, M|
|poke|p2|Samurott-Hisui, F|
|teampreview
|c|☆claudechamp|hf
|
|t:|1779851690
|teamsize|p1|6
|teamsize|p2|6
|start
|switch|p1a: Corviknight|Corviknight, M|100/100
|switch|p2a: Samurott|Samurott-Hisui, F|100/100
|-ability|p1a: Corviknight|Pressure
|turn|1
|inactive|Battle timer is ON: inactive players will automatically lose when time's up. (requested by claudechamp)
|inactive|Eleazar98 also wants the timer to be on.
|
|t:|1779851711
|switch|p1a: Kyurem|Kyurem|100/100
|-ability|p1a: Kyurem|Pressure
|move|p2a: Samurott|Ceaseless Edge|p1a: Kyurem
|-damage|p1a: Kyurem|62/100
|-sidestart|p1: claudechamp|Spikes
|
|-heal|p1a: Kyurem|68/100|[from] item: Leftovers
|upkeep
|turn|2
|c|☆Eleazar98|glhf
|
|t:|1779851725
|move|p1a: Kyurem|Freeze-Dry|p2a: Samurott
|-supereffective|p2a: Samurott
|-damage|p2a: Samurott|0 fnt
|faint|p2a: Samurott
|
|-heal|p1a: Kyurem|74/100|[from] item: Leftovers
|upkeep
|
|t:|1779851728
|switch|p2a: Grim|Glimmora, F|100/100
|turn|3
|
|t:|1779851739
|move|p1a: Kyurem|Earth Power|p2a: Grim
|-supereffective|p2a: Grim
|-enditem|p2a: Grim|Focus Sash
|-damage|p2a: Grim|1/100
|move|p2a: Grim|Sludge Wave|p1a: Kyurem
|-damage|p1a: Kyurem|25/100
|
|-heal|p1a: Kyurem|31/100|[from] item: Leftovers
|upkeep
|turn|4
|
|t:|1779851748
|move|p1a: Kyurem|Earth Power|p2a: Grim
|-supereffective|p2a: Grim
|-damage|p2a: Grim|0 fnt
|faint|p2a: Grim
|
|-heal|p1a: Kyurem|38/100|[from] item: Leftovers
|upkeep
|
|t:|1779851751
|switch|p2a: K9|Zamazenta|100/100
|-ability|p2a: K9|Dauntless Shield|boost
|-boost|p2a: K9|def|1
|turn|5
|
|t:|1779851753
|move|p2a: K9|Iron Defense|p2a: K9
|-boost|p2a: K9|def|2
|move|p1a: Kyurem|Earth Power|p2a: K9
|-damage|p2a: K9|78/100
|
|-heal|p2a: K9|84/100|[from] item: Leftovers
|-heal|p1a: Kyurem|44/100|[from] item: Leftovers
|upkeep
|turn|6
|
|t:|1779851756
|switch|p1a: Slowking|Slowking-Galar, M|100/100
|-damage|p1a: Slowking|88/100|[from] Spikes
|move|p2a: K9|Body Press|p1a: Slowking
|-resisted|p1a: Slowking
|-damage|p1a: Slowking|73/100
|
|-heal|p2a: K9|90/100|[from] item: Leftovers
|upkeep
|turn|7
|
|t:|1779851758
|move|p2a: K9|Iron Defense|p2a: K9
|-boost|p2a: K9|def|2
|move|p1a: Slowking|Future Sight|p2a: K9
|-start|p1a: Slowking|move: Future Sight
|
|-heal|p2a: K9|97/100|[from] item: Leftovers
|upkeep
|turn|8
|
|t:|1779851765
|move|p2a: K9|Substitute|p2a: K9
|-start|p2a: K9|Substitute
|-damage|p2a: K9|72/100
|move|p1a: Slowking|Future Sight||[still]
|-fail|p1a: Slowking
|
|-heal|p2a: K9|78/100|[from] item: Leftovers
|upkeep
|turn|9
|
|t:|1779851772
|move|p2a: K9|Crunch|p1a: Slowking
|-supereffective|p1a: Slowking
|-damage|p1a: Slowking|42/100
|-unboost|p1a: Slowking|def|1
|move|p1a: Slowking|Sludge Bomb|p2a: K9
|-end|p2a: K9|Substitute
|
|-end|p2a: K9|move: Future Sight
|-supereffective|p2a: K9
|-damage|p2a: K9|7/100
|-heal|p2a: K9|13/100|[from] item: Leftovers
|upkeep
|turn|10
|
|t:|1779851781
|switch|p1a: Corviknight|Corviknight, M|100/100
|-ability|p1a: Corviknight|Pressure
|move|p2a: K9|Crunch|p1a: Corviknight
|-damage|p1a: Corviknight|88/100
|-damage|p2a: K9|0 fnt|[from] item: Rocky Helmet|[of] p1a: Corviknight
|faint|p2a: K9
|
|upkeep
|
|t:|1779851785
|switch|p2a: Sol|Volcanion|100/100
|turn|11
|
|t:|1779851800
|switch|p1a: Kyurem|Kyurem|44/100
|-damage|p1a: Kyurem|31/100|[from] Spikes
|-ability|p1a: Kyurem|Pressure
|move|p2a: Sol|Flamethrower|p1a: Kyurem
|-damage|p1a: Kyurem|0 fnt
|faint|p1a: Kyurem
|
|upkeep
|
|t:|1779851806
|switch|p1a: Ting-Lu|Ting-Lu|100/100
|-damage|p1a: Ting-Lu|88/100|[from] Spikes
|-ability|p1a: Ting-Lu|Vessel of Ruin
|turn|12
|
|t:|1779851813
|move|p2a: Sol|Steam Eruption|p1a: Ting-Lu
|-supereffective|p1a: Ting-Lu
|-damage|p1a: Ting-Lu|40/100
|-status|p1a: Ting-Lu|brn
|move|p1a: Ting-Lu|Earthquake|p2a: Sol
|-supereffective|p2a: Sol
|-damage|p2a: Sol|73/100
|
|-heal|p1a: Ting-Lu|46/100 brn|[from] item: Leftovers
|-damage|p1a: Ting-Lu|40/100 brn|[from] brn
|upkeep
|turn|13
|
|t:|1779851830
|-terastallize|p1a: Ting-Lu|Water
|move|p2a: Sol|Steam Eruption|p1a: Ting-Lu
|-resisted|p1a: Ting-Lu
|-damage|p1a: Ting-Lu|26/100 brn
|move|p1a: Ting-Lu|Rest|p1a: Ting-Lu
|-status|p1a: Ting-Lu|slp|[from] move: Rest
|-heal|p1a: Ting-Lu|100/100 slp|[silent]
|
|upkeep
|turn|14
|
|t:|1779851845
|move|p2a: Sol|Sludge Wave|p1a: Ting-Lu
|-damage|p1a: Ting-Lu|84/100 slp
|cant|p1a: Ting-Lu|slp
|move|p1a: Ting-Lu|Sleep Talk|p1a: Ting-Lu
|move|p1a: Ting-Lu|Payback|p2a: Sol|[from] move: Sleep Talk
|-damage|p2a: Sol|45/100
|
|-heal|p1a: Ting-Lu|91/100 slp|[from] item: Leftovers
|upkeep
|turn|15
|
|t:|1779851857
|move|p2a: Sol|Sludge Wave|p1a: Ting-Lu
|-damage|p1a: Ting-Lu|75/100 slp
|cant|p1a: Ting-Lu|slp
|move|p1a: Ting-Lu|Sleep Talk|p1a: Ting-Lu
|move|p1a: Ting-Lu|Earthquake|p2a: Sol|[from] move: Sleep Talk
|-supereffective|p2a: Sol
|-damage|p2a: Sol|0 fnt
|faint|p2a: Sol
|
|-heal|p1a: Ting-Lu|82/100 slp|[from] item: Leftovers
|upkeep
|
|t:|1779851862
|switch|p2a: WAR|Great Tusk|100/100
|-enditem|p2a: WAR|Booster Energy
|-activate|p2a: WAR|ability: Protosynthesis|[fromitem]
|-start|p2a: WAR|protosynthesisatk
|turn|16
|
|t:|1779851869
|move|p2a: WAR|Close Combat|p1a: Ting-Lu
|-damage|p1a: Ting-Lu|35/100 slp
|-unboost|p2a: WAR|def|1
|-unboost|p2a: WAR|spd|1
|-curestatus|p1a: Ting-Lu|slp|[msg]
|move|p1a: Ting-Lu|Earthquake|p2a: WAR
|-damage|p2a: WAR|59/100
|
|-heal|p1a: Ting-Lu|42/100|[from] item: Leftovers
|upkeep
|turn|17
|
|t:|1779851882
|move|p2a: WAR|Close Combat|p1a: Ting-Lu
|-damage|p1a: Ting-Lu|0 fnt
|-unboost|p2a: WAR|def|1
|-unboost|p2a: WAR|spd|1
|faint|p1a: Ting-Lu
|
|upkeep
|
|t:|1779851895
|switch|p1a: Cinderace|Cinderace, F|100/100
|turn|18
|
|t:|1779851904
|move|p1a: Cinderace|Pyro Ball|p2a: WAR
|-damage|p2a: WAR|0 fnt
|faint|p2a: WAR
|-end|p2a: WAR|Protosynthesis|[silent]
|
|upkeep
|
|t:|1779851907
|switch|p2a: Jin Sakai|Kingambit, M|100/100
|-activate|p2a: Jin Sakai|ability: Supreme Overlord
|-start|p2a: Jin Sakai|fallen5|[silent]
|turn|19
|
|t:|1779851917
|-terastallize|p2a: Jin Sakai|Flying
|move|p2a: Jin Sakai|Sucker Punch|p1a: Cinderace
|-damage|p1a: Cinderace|12/100
|move|p1a: Cinderace|Pyro Ball|p2a: Jin Sakai
|-damage|p2a: Jin Sakai|49/100
|
|upkeep
|turn|20
|
|t:|1779851932
|switch|p1a: Corviknight|Corviknight, M|88/100
|-ability|p1a: Corviknight|Pressure
|move|p2a: Jin Sakai|Sucker Punch||[still]
|-fail|p2a: Jin Sakai
|
|upkeep
|turn|21
|
|t:|1779851945
|move|p1a: Corviknight|Brave Bird|p2a: Jin Sakai
|-damage|p2a: Jin Sakai|24/100
|-damage|p1a: Corviknight|80/100|[from] Recoil
|move|p2a: Jin Sakai|Kowtow Cleave|p1a: Corviknight
|-damage|p1a: Corviknight|29/100
|-damage|p2a: Jin Sakai|8/100|[from] item: Rocky Helmet|[of] p1a: Corviknight
|
|upkeep
|turn|22
|
|t:|1779851958
|move|p2a: Jin Sakai|Sucker Punch||[still]
|-fail|p2a: Jin Sakai
|move|p1a: Corviknight|Roost|p1a: Corviknight
|-heal|p1a: Corviknight|79/100
|-singleturn|p1a: Corviknight|move: Roost
|
|upkeep
|turn|23
|-message|Eleazar98 forfeited.
|
|win|claudechamp
|raw|claudechamp's rating: 1195 &rarr; <strong>1222</strong><br />(+27 for winning)
|raw|Eleazar98's rating: 1218 &rarr; <strong>1191</strong><br />(-27 for losing)
|l|☆Eleazar98
|player|p2|
|c|☆claudechamp|gg
