|j|☆paralekz
|j|☆sharkerthantheteal
|t:|1779937842
|gametype|singles
|player|p1|paralekz|skyla|1104
|player|p2|sharkerthantheteal|nessa-masters|1087
|gen|9
|tier|[Gen 9] OU
|rated|
|rule|HP Percentage Mod: HP is shown in percentages
|rule|Endless Battle Clause: Forcing endless battles is banned
|rule|Species Clause: Limit one of each Pokémon
|rule|OHKO Clause: OHKO moves are banned
|rule|Evasion Items Clause: Evasion items are banned
|rule|Evasion Moves Clause: Evasion moves are banned
|rule|Evasion Abilities Clause: Evasion abilities are banned
|rule|Sleep Moves Clause: Sleep-inducing moves are banned
|clearpoke
|poke|p1|Grimmsnarl, M|
|poke|p1|Zamazenta-*|
|poke|p1|Iron Crown|
|poke|p1|Raging Bolt|
|poke|p1|Ogerpon-Wellspring, F|
|poke|p1|Glimmora, M|
|poke|p2|Cetitan, M|
|poke|p2|Ninetales-Alola, M|
|poke|p2|Hariyama, F|
|poke|p2|Dragapult, F|
|poke|p2|Breloom, F|
|poke|p2|Heatran, M|
|teampreview
|inactive|Battle timer is ON: inactive players will automatically lose when time's up. (requested by paralekz)
|
|t:|1779937866
|teamsize|p1|6
|teamsize|p2|6
|start
|switch|p1a: Glimmora|Glimmora, M|100/100
|switch|p2a: Dragapult|Dragapult, F|100/100
|turn|1
|
|t:|1779937882
|move|p2a: Dragapult|Shadow Ball|p1a: Glimmora
|-damage|p1a: Glimmora|45/100
|-enditem|p1a: Glimmora|Red Card|[of] p2a: Dragapult
|drag|p2a: Ninetales|Ninetales-Alola, M|100/100
|-weather|Snowscape|[from] ability: Snow Warning|[of] p2a: Ninetales
|move|p1a: Glimmora|Stealth Rock|p2a: Ninetales
|-sidestart|p2: sharkerthantheteal|move: Stealth Rock
|
|-weather|Snowscape|[upkeep]
|upkeep
|turn|2
|
|t:|1779937895
|move|p2a: Ninetales|Encore|p1a: Glimmora
|-start|p1a: Glimmora|Encore
|move|p1a: Glimmora|Stealth Rock||[still]
|-fail|p1a: Glimmora
|
|-weather|Snowscape|[upkeep]
|upkeep
|turn|3
|
|t:|1779937906
|switch|p2a: Dragapult|Dragapult, F|100/100
|-damage|p2a: Dragapult|88/100|[from] Stealth Rock
|switch|p1a: Zamazenta|Zamazenta|100/100
|-ability|p1a: Zamazenta|Dauntless Shield|boost
|-boost|p1a: Zamazenta|def|1
|
|-weather|Snowscape|[upkeep]
|upkeep
|turn|4
|
|t:|1779937920
|-terastallize|p2a: Dragapult|Ghost
|move|p2a: Dragapult|Shadow Ball|p1a: Zamazenta
|-damage|p1a: Zamazenta|30/100
|move|p1a: Zamazenta|Crunch|p2a: Dragapult
|-supereffective|p2a: Dragapult
|-damage|p2a: Dragapult|32/100
|-unboost|p2a: Dragapult|def|1
|
|-weather|Snowscape|[upkeep]
|upkeep
|turn|5
|
|t:|1779937939
|move|p2a: Dragapult|Shadow Ball|p1a: Zamazenta
|-damage|p1a: Zamazenta|0 fnt
|faint|p1a: Zamazenta
|
|-weather|none
|upkeep
|
|t:|1779937946
|switch|p1a: Glimmora|Glimmora, M|45/100
|turn|6
|
|t:|1779937951
|move|p2a: Dragapult|Shadow Ball|p1a: Glimmora
|-damage|p1a: Glimmora|0 fnt
|faint|p1a: Glimmora
|
|upkeep
|
|t:|1779937956
|switch|p1a: Grimmsnarl|Grimmsnarl, M|100/100
|turn|7
|
|t:|1779937969
|switch|p2a: Heatran|Heatran, M|100/100
|-damage|p2a: Heatran|88/100|[from] Stealth Rock
|move|p1a: Grimmsnarl|Light Screen|p1a: Grimmsnarl
|-sidestart|p1: paralekz|move: Light Screen
|
|-heal|p2a: Heatran|94/100|[from] item: Leftovers
|upkeep
|turn|8
|
|t:|1779937977
|move|p1a: Grimmsnarl|Reflect|p1a: Grimmsnarl
|-sidestart|p1: paralekz|Reflect
|move|p2a: Heatran|Magma Storm|p1a: Grimmsnarl
|-damage|p1a: Grimmsnarl|79/100
|-activate|p1a: Grimmsnarl|move: Magma Storm|[of] p2a: Heatran
|
|-heal|p2a: Heatran|100/100|[from] item: Leftovers
|-damage|p1a: Grimmsnarl|67/100|[from] move: Magma Storm|[partiallytrapped]
|upkeep
|turn|9
|
|t:|1779937986
|move|p1a: Grimmsnarl|Parting Shot|p2a: Heatran
|-unboost|p2a: Heatran|atk|1
|-unboost|p2a: Heatran|spa|1
|
|t:|1779938012
|switch|p1a: Ogerpon|Ogerpon-Wellspring, F|100/100|[from] Parting Shot
|move|p2a: Heatran|Taunt|p1a: Ogerpon
|-start|p1a: Ogerpon|move: Taunt
|
|upkeep
|turn|10
|
|t:|1779938022
|move|p1a: Ogerpon|Ivy Cudgel|p2a: Heatran|[anim] Ivy Cudgel Water
|-supereffective|p2a: Heatran
|-damage|p2a: Heatran|7/100
|move|p2a: Heatran|Magma Storm|p1a: Ogerpon
|-damage|p1a: Ogerpon|84/100
|-activate|p1a: Ogerpon|move: Magma Storm|[of] p2a: Heatran
|
|-heal|p2a: Heatran|13/100|[from] item: Leftovers
|-damage|p1a: Ogerpon|71/100|[from] move: Magma Storm|[partiallytrapped]
|upkeep
|turn|11
|
|t:|1779938035
|move|p2a: Heatran|Protect|p2a: Heatran
|-singleturn|p2a: Heatran|Protect
|move|p1a: Ogerpon|Ivy Cudgel|p2a: Heatran|[anim] Ivy Cudgel Water
|-activate|p2a: Heatran|move: Protect
|
|-heal|p2a: Heatran|20/100|[from] item: Leftovers
|-damage|p1a: Ogerpon|59/100|[from] move: Magma Storm|[partiallytrapped]
|-end|p1a: Ogerpon|move: Taunt
|upkeep
|turn|12
|
|t:|1779938045
|move|p1a: Ogerpon|Swords Dance|p1a: Ogerpon
|-boost|p1a: Ogerpon|atk|2
|move|p2a: Heatran|Taunt|p1a: Ogerpon
|-start|p1a: Ogerpon|move: Taunt
|
|-heal|p2a: Heatran|26/100|[from] item: Leftovers
|-damage|p1a: Ogerpon|47/100|[from] move: Magma Storm|[partiallytrapped]
|upkeep
|turn|13
|
|t:|1779938059
|-terastallize|p1a: Ogerpon|Water
|detailschange|p1a: Ogerpon|Ogerpon-Wellspring-Tera, F, tera:Water
|-ability|p1a: Ogerpon|Embody Aspect (Wellspring)|boost
|-boost|p1a: Ogerpon|spd|1
|move|p2a: Heatran|Protect|p2a: Heatran
|-singleturn|p2a: Heatran|Protect
|move|p1a: Ogerpon|Trailblaze|p2a: Heatran
|-activate|p2a: Heatran|move: Protect
|
|-heal|p2a: Heatran|32/100|[from] item: Leftovers
|-damage|p1a: Ogerpon|35/100|[from] move: Magma Storm|[partiallytrapped]
|upkeep
|turn|14
|
|t:|1779938076
|move|p1a: Ogerpon|Ivy Cudgel|p2a: Heatran|[anim] Ivy Cudgel Water
|-supereffective|p2a: Heatran
|-damage|p2a: Heatran|0 fnt
|faint|p2a: Heatran
|
|-end|p1a: Ogerpon|Magma Storm|[partiallytrapped]|[silent]
|-sideend|p1: paralekz|move: Light Screen
|upkeep
|
|t:|1779938086
|switch|p2a: Dragapult|Dragapult, F, tera:Ghost|32/100
|-damage|p2a: Dragapult|20/100|[from] Stealth Rock
|turn|15
|
|t:|1779938090
|move|p2a: Dragapult|Shadow Ball|p1a: Ogerpon
|-damage|p1a: Ogerpon|0 fnt
|faint|p1a: Ogerpon
|detailschange|p1: Ogerpon|Ogerpon-Wellspring, F|[silent]
|
|-sideend|p1: paralekz|Reflect
|upkeep
|-message|paralekz forfeited.
|
|win|sharkerthantheteal
|raw|paralekz's rating: 1104 &rarr; <strong>1078</strong><br />(-26 for losing)
|raw|sharkerthantheteal's rating: 1087 &rarr; <strong>1115</strong><br />(+28 for winning)
|c|☆sharkerthantheteal|:)
|c|☆sharkerthantheteal|gg
