|j|☆nov.rain
|j|☆newgaem
|t:|1779854444
|gametype|singles
|player|p1|nov.rain|265|1376
|player|p2|newgaem|blue|1375
|gen|9
|tier|[Gen 9] OU
|rated|
|rule|HP Percentage Mod: HP is shown in percentages
|rule|Endless Battle Clause: Forcing endless battles is banned
|rule|Species Clause: Limit one of each Pokémon
|rule|OHKO Clause: OHKO moves are banned
|rule|Evasion Items Clause: Evasion items are banned
|rule|Evasion Moves Clause: Evasion moves are banned
|rule|Evasion Abilities Clause: Evasion abilities are banned
|rule|Sleep Moves Clause: Sleep-inducing moves are banned
|clearpoke
|poke|p1|Raging Bolt|
|poke|p1|Ting-Lu|
|poke|p1|Great Tusk|
|poke|p1|Ninetales, F|
|poke|p1|Walking Wake|
|poke|p1|Corviknight, M|
|poke|p2|Armarouge, M|
|poke|p2|Kingambit, F|
|poke|p2|Iron Valiant|
|poke|p2|Ceruledge, M|
|poke|p2|Mimikyu, M|
|poke|p2|Cyclizar, F|
|teampreview
|inactive|Battle timer is ON: inactive players will automatically lose when time's up. (requested by newgaem)
|
|t:|1779854469
|teamsize|p1|6
|teamsize|p2|6
|start
|switch|p1a: Ting-Lu|Ting-Lu|100/100
|switch|p2a: Fefnir|Armarouge, M, shiny|100/100
|-ability|p1a: Ting-Lu|Vessel of Ruin
|turn|1
|
|t:|1779854480
|switch|p2a: Leviathan|Mimikyu, M|100/100
|move|p1a: Ting-Lu|Stealth Rock|p2a: Leviathan
|-sidestart|p2: newgaem|move: Stealth Rock
|
|upkeep
|turn|2
|inactive|nov.rain has 120 seconds left.
|
|t:|1779854514
|move|p2a: Leviathan|Curse|p1a: Ting-Lu
|-start|p1a: Ting-Lu|Curse|[of] p2a: Leviathan
|-damage|p2a: Leviathan|50/100
|move|p1a: Ting-Lu|Ruination|p2a: Leviathan
|-activate|p2a: Leviathan|ability: Disguise
|-damage|p2a: Leviathan|50/100
|detailschange|p2a: Leviathan|Mimikyu-Busted, M
|-damage|p2a: Leviathan|38/100|[from] pokemon: Mimikyu-Busted
|
|-heal|p2a: Leviathan|44/100|[from] item: Leftovers
|-damage|p1a: Ting-Lu|75/100|[from] Curse
|upkeep
|turn|3
|
|t:|1779854526
|switch|p1a: Ninetales|Ninetales, F|100/100
|-weather|SunnyDay|[from] ability: Drought|[of] p1a: Ninetales
|move|p2a: Leviathan|Pain Split|p1a: Ninetales
|-sethp|p1a: Ninetales|70/100|[from] move: Pain Split|[silent]
|-sethp|p2a: Leviathan|78/100|[from] move: Pain Split
|
|-weather|SunnyDay|[upkeep]
|-heal|p2a: Leviathan|84/100|[from] item: Leftovers
|upkeep
|turn|4
|
|t:|1779854554
|move|p1a: Ninetales|Flamethrower|p2a: Leviathan
|-crit|p2a: Leviathan
|-damage|p2a: Leviathan|21/100
|move|p2a: Leviathan|Pain Split|p1a: Ninetales
|-sethp|p1a: Ninetales|44/100|[from] move: Pain Split|[silent]
|-sethp|p2a: Leviathan|49/100|[from] move: Pain Split
|
|-weather|SunnyDay|[upkeep]
|-heal|p2a: Leviathan|55/100|[from] item: Leftovers
|upkeep
|turn|5
|
|t:|1779854568
|switch|p2a: Harpuia|Cyclizar, F|100/100
|move|p1a: Ninetales|Encore||[still]
|-fail|p1a: Ninetales
|
|-weather|SunnyDay|[upkeep]
|upkeep
|turn|6
|
|t:|1779854577
|switch|p1a: Ting-Lu|Ting-Lu|75/100
|-ability|p1a: Ting-Lu|Vessel of Ruin
|move|p2a: Harpuia|Rapid Spin|p1a: Ting-Lu
|-damage|p1a: Ting-Lu|67/100
|-boost|p2a: Harpuia|spe|1
|-sideend|p2: newgaem|Stealth Rock|[from] move: Rapid Spin|[of] p2a: Harpuia
|
|-weather|SunnyDay|[upkeep]
|-heal|p1a: Ting-Lu|74/100|[from] item: Leftovers
|upkeep
|turn|7
|
|t:|1779854587
|move|p2a: Harpuia|Overheat|p1a: Ting-Lu|[miss]
|-miss|p2a: Harpuia|p1a: Ting-Lu
|move|p1a: Ting-Lu|Ruination|p2a: Harpuia
|-damage|p2a: Harpuia|51/100
|
|-weather|SunnyDay|[upkeep]
|-heal|p1a: Ting-Lu|80/100|[from] item: Leftovers
|upkeep
|turn|8
|
|t:|1779854595
|move|p2a: Harpuia|Overheat|p1a: Ting-Lu
|-damage|p1a: Ting-Lu|56/100
|-unboost|p2a: Harpuia|spa|2
|move|p1a: Ting-Lu|Earthquake|p2a: Harpuia
|-damage|p2a: Harpuia|0 fnt
|faint|p2a: Harpuia
|
|-weather|SunnyDay|[upkeep]
|-heal|p1a: Ting-Lu|62/100|[from] item: Leftovers
|upkeep
|
|t:|1779854618
|switch|p2a: Omega|Iron Valiant|100/100
|-enditem|p2a: Omega|Booster Energy
|-activate|p2a: Omega|ability: Quark Drive|[fromitem]
|-start|p2a: Omega|quarkdrivespe
|turn|9
|
|t:|1779854626
|switch|p1a: Poe|Corviknight, M|100/100
|-ability|p1a: Poe|Pressure
|move|p2a: Omega|Swords Dance|p2a: Omega
|-boost|p2a: Omega|atk|2
|
|-weather|SunnyDay|[upkeep]
|upkeep
|turn|10
|
|t:|1779854634
|move|p2a: Omega|Close Combat|p1a: Poe
|-damage|p1a: Poe|32/100
|-unboost|p2a: Omega|def|1
|-unboost|p2a: Omega|spd|1
|-damage|p2a: Omega|84/100|[from] item: Rocky Helmet|[of] p1a: Poe
|move|p1a: Poe|Brave Bird|p2a: Omega
|-supereffective|p2a: Omega
|-damage|p2a: Omega|0 fnt
|faint|p2a: Omega
|-end|p2a: Omega|Quark Drive|[silent]
|-damage|p1a: Poe|12/100|[from] Recoil
|
|-weather|none
|upkeep
|
|t:|1779854649
|switch|p2a: Fefnir|Armarouge, M, shiny|100/100
|turn|11
|
|t:|1779854659
|switch|p1a: Ting-Lu|Ting-Lu|62/100
|-ability|p1a: Ting-Lu|Vessel of Ruin
|move|p2a: Fefnir|Armor Cannon|p1a: Ting-Lu
|-damage|p1a: Ting-Lu|39/100
|-unboost|p2a: Fefnir|def|1
|-unboost|p2a: Fefnir|spd|1
|
|-heal|p1a: Ting-Lu|45/100|[from] item: Leftovers
|upkeep
|turn|12
|
|t:|1779854669
|move|p2a: Fefnir|Energy Ball|p1a: Ting-Lu
|-supereffective|p1a: Ting-Lu
|-damage|p1a: Ting-Lu|20/100
|move|p1a: Ting-Lu|Stealth Rock|p2a: Fefnir
|-sidestart|p2: newgaem|move: Stealth Rock
|
|-heal|p1a: Ting-Lu|26/100|[from] item: Leftovers
|upkeep
|turn|13
|
|t:|1779854685
|switch|p1a: Raging Bolt|Raging Bolt|100/100
|move|p2a: Fefnir|Energy Ball|p1a: Raging Bolt
|-resisted|p1a: Raging Bolt
|-damage|p1a: Raging Bolt|87/100
|
|-heal|p1a: Raging Bolt|93/100|[from] item: Leftovers
|upkeep
|turn|14
|
|t:|1779854696
|move|p2a: Fefnir|Armor Cannon|p1a: Raging Bolt
|-resisted|p1a: Raging Bolt
|-damage|p1a: Raging Bolt|64/100
|-unboost|p2a: Fefnir|def|1
|-unboost|p2a: Fefnir|spd|1
|move|p1a: Raging Bolt|Calm Mind|p1a: Raging Bolt
|-boost|p1a: Raging Bolt|spa|1
|-boost|p1a: Raging Bolt|spd|1
|
|-heal|p1a: Raging Bolt|70/100|[from] item: Leftovers
|upkeep
|turn|15
|
|t:|1779854709
|switch|p2a: Leviathan|Mimikyu-Busted, M|55/100
|-damage|p2a: Leviathan|43/100|[from] Stealth Rock
|move|p1a: Raging Bolt|Dragon Pulse|p2a: Leviathan
|-immune|p2a: Leviathan
|
|-heal|p2a: Leviathan|49/100|[from] item: Leftovers
|-heal|p1a: Raging Bolt|76/100|[from] item: Leftovers
|upkeep
|turn|16
|
|t:|1779854720
|-end|p1a: Raging Bolt|Protosynthesis|[silent]
|switch|p1a: Ting-Lu|Ting-Lu|26/100
|-ability|p1a: Ting-Lu|Vessel of Ruin
|move|p2a: Leviathan|Destiny Bond|p2a: Leviathan
|-singlemove|p2a: Leviathan|Destiny Bond
|
|-heal|p2a: Leviathan|55/100|[from] item: Leftovers
|-heal|p1a: Ting-Lu|33/100|[from] item: Leftovers
|upkeep
|turn|17
|
|t:|1779854731
|move|p2a: Leviathan|Curse|p1a: Ting-Lu
|-start|p1a: Ting-Lu|Curse|[of] p2a: Leviathan
|-damage|p2a: Leviathan|5/100
|move|p1a: Ting-Lu|Whirlwind|p2a: Leviathan
|drag|p2a: Fefnir|Armarouge, M, shiny|100/100
|-damage|p2a: Fefnir|76/100|[from] Stealth Rock
|
|-heal|p1a: Ting-Lu|39/100|[from] item: Leftovers
|-damage|p1a: Ting-Lu|14/100|[from] Curse
|upkeep
|turn|18
|
|t:|1779854741
|move|p2a: Fefnir|Energy Ball|p1a: Ting-Lu
|-supereffective|p1a: Ting-Lu
|-damage|p1a: Ting-Lu|0 fnt
|faint|p1a: Ting-Lu
|
|upkeep
|
|t:|1779854746
|switch|p1a: Lime|Great Tusk, shiny|100/100
|turn|19
|
|t:|1779854750
|move|p2a: Fefnir|Endure|p2a: Fefnir
|-singleturn|p2a: Fefnir|move: Endure
|move|p1a: Lime|Headlong Rush|p2a: Fefnir
|-supereffective|p2a: Fefnir
|-activate|p2a: Fefnir|move: Endure
|-damage|p2a: Fefnir|1/100
|-unboost|p1a: Lime|def|1
|-unboost|p1a: Lime|spd|1
|-ability|p2a: Fefnir|Weak Armor|boost
|-unboost|p2a: Fefnir|def|1
|-boost|p2a: Fefnir|spe|2
|
|upkeep
|turn|20
|inactive|nov.rain has 120 seconds left.
|inactive|nov.rain has 90 seconds left.
|
|t:|1779854824
|-end|p1a: Lime|Protosynthesis|[silent]
|switch|p1a: Ninetales|Ninetales, F|44/100
|-weather|SunnyDay|[from] ability: Drought|[of] p1a: Ninetales
|move|p2a: Fefnir|Armor Cannon|p1a: Ninetales
|-resisted|p1a: Ninetales
|-damage|p1a: Ninetales|0 fnt
|-unboost|p2a: Fefnir|def|1
|-unboost|p2a: Fefnir|spd|1
|faint|p1a: Ninetales
|
|-weather|SunnyDay|[upkeep]
|upkeep
|
|t:|1779854843
|switch|p1a: Raging Bolt|Raging Bolt|76/100
|-activate|p1a: Raging Bolt|ability: Protosynthesis
|-start|p1a: Raging Bolt|protosynthesisspa
|turn|21
|
|t:|1779854848
|move|p1a: Raging Bolt|Thunderclap|p2a: Fefnir
|-damage|p2a: Fefnir|0 fnt
|faint|p2a: Fefnir
|
|-weather|SunnyDay|[upkeep]
|-heal|p1a: Raging Bolt|82/100|[from] item: Leftovers
|upkeep
|
|t:|1779854859
|switch|p2a: Bishamonten|Kingambit, F|100/100
|-damage|p2a: Bishamonten|94/100|[from] Stealth Rock
|-activate|p2a: Bishamonten|ability: Supreme Overlord
|-start|p2a: Bishamonten|fallen3|[silent]
|turn|22
|inactive|nov.rain has 90 seconds left.
|
|t:|1779854873
|-end|p1a: Raging Bolt|Protosynthesis|[silent]
|switch|p1a: Lime|Great Tusk, shiny|100/100
|-activate|p1a: Lime|ability: Protosynthesis
|-start|p1a: Lime|protosynthesisatk
|move|p2a: Bishamonten|Kowtow Cleave|p1a: Lime
|-resisted|p1a: Lime
|-damage|p1a: Lime|75/100
|
|-weather|SunnyDay|[upkeep]
|-heal|p2a: Bishamonten|100/100|[from] item: Leftovers
|upkeep
|turn|23
|
|t:|1779854882
|-end|p2a: Bishamonten|fallen3|[silent]
|switch|p2a: Leviathan|Mimikyu-Busted, M|5/100
|-damage|p2a: Leviathan|0 fnt|[from] Stealth Rock
|faint|p2a: Leviathan
|move|p1a: Lime|Headlong Rush|p2: Leviathan|[notarget]
|-fail|p1a: Lime
|
|-weather|SunnyDay|[upkeep]
|upkeep
|j| hgghgbc
|
|t:|1779854892
|switch|p2a: Zero|Ceruledge, M, shiny|100/100
|-damage|p2a: Zero|76/100|[from] Stealth Rock
|turn|24
|
|t:|1779854896
|move|p1a: Lime|Headlong Rush|p2a: Zero
|-supereffective|p2a: Zero
|-damage|p2a: Zero|0 fnt
|-unboost|p1a: Lime|def|1
|-unboost|p1a: Lime|spd|1
|faint|p2a: Zero
|
|-weather|SunnyDay|[upkeep]
|upkeep
|
|t:|1779854903
|switch|p2a: Bishamonten|Kingambit, F|100/100
|-damage|p2a: Bishamonten|94/100|[from] Stealth Rock
|-activate|p2a: Bishamonten|ability: Supreme Overlord
|-start|p2a: Bishamonten|fallen5|[silent]
|turn|25
|
|t:|1779854908
|-end|p1a: Lime|Protosynthesis|[silent]
|switch|p1a: Poe|Corviknight, M|12/100
|-ability|p1a: Poe|Pressure
|-terastallize|p2a: Bishamonten|Flying
|move|p2a: Bishamonten|Iron Head|p1a: Poe
|-resisted|p1a: Poe
|-damage|p1a: Poe|0 fnt
|-damage|p2a: Bishamonten|78/100|[from] item: Rocky Helmet|[of] p1a: Poe
|faint|p1a: Poe
|
|-weather|SunnyDay|[upkeep]
|-heal|p2a: Bishamonten|84/100|[from] item: Leftovers
|upkeep
|inactive|nov.rain has 120 seconds left.
|
|t:|1779854944
|switch|p1a: Lime|Great Tusk, shiny|75/100
|-activate|p1a: Lime|ability: Protosynthesis
|-start|p1a: Lime|protosynthesisatk
|turn|26
|
|t:|1779854948
|move|p1a: Lime|Ice Spinner|p2a: Bishamonten
|-supereffective|p2a: Bishamonten
|-damage|p2a: Bishamonten|23/100
|move|p2a: Bishamonten|Iron Head|p1a: Lime
|-damage|p1a: Lime|28/100
|
|-weather|SunnyDay|[upkeep]
|-heal|p2a: Bishamonten|29/100|[from] item: Leftovers
|upkeep
|turn|27
|
|t:|1779854956
|move|p2a: Bishamonten|Sucker Punch|p1a: Lime
|-resisted|p1a: Lime
|-crit|p1a: Lime
|-damage|p1a: Lime|0 fnt
|faint|p1a: Lime
|-end|p1a: Lime|Protosynthesis|[silent]
|
|-weather|none
|-heal|p2a: Bishamonten|35/100|[from] item: Leftovers
|upkeep
|
|t:|1779854960
|switch|p1a: Raging Bolt|Raging Bolt|82/100
|turn|28
|
|t:|1779854964
|move|p1a: Raging Bolt|Thunderclap||[still]
|-fail|p1a: Raging Bolt
|move|p2a: Bishamonten|Swords Dance|p2a: Bishamonten
|-boost|p2a: Bishamonten|atk|2
|
|-heal|p1a: Raging Bolt|88/100|[from] item: Leftovers
|-heal|p2a: Bishamonten|42/100|[from] item: Leftovers
|upkeep
|turn|29
|
|t:|1779854975
|move|p2a: Bishamonten|Sucker Punch|p1a: Raging Bolt
|-damage|p1a: Raging Bolt|0 fnt
|faint|p1a: Raging Bolt
|-end|p1a: Raging Bolt|Protosynthesis|[silent]
|
|-heal|p2a: Bishamonten|48/100|[from] item: Leftovers
|upkeep
|
|t:|1779854978
|switch|p1a: Walking Wake|Walking Wake|100/100
|turn|30
|
|t:|1779854984
|move|p2a: Bishamonten|Sucker Punch|p1a: Walking Wake
|-damage|p1a: Walking Wake|0 fnt
|faint|p1a: Walking Wake
|-end|p1a: Walking Wake|Protosynthesis|[silent]
|
|win|newgaem
|raw|nov.rain's rating: 1376 &rarr; <strong>1356</strong><br />(-20 for losing)
|raw|newgaem's rating: 1375 &rarr; <strong>1395</strong><br />(+20 for winning)
|l|☆nov.rain
|player|p1|
|l|☆newgaem
|player|p2|
|l| hgghgbc
