|j|☆1st grade lad lj
|j|☆Nooderu
|t:|1779858946
|gametype|singles
|player|p1|1st grade lad lj|policeman-gen4|1252
|player|p2|Nooderu|guitarist|1222
|gen|9
|tier|[Gen 9] OU
|rated|
|rule|HP Percentage Mod: HP is shown in percentages
|rule|Endless Battle Clause: Forcing endless battles is banned
|rule|Species Clause: Limit one of each Pokémon
|rule|OHKO Clause: OHKO moves are banned
|rule|Evasion Items Clause: Evasion items are banned
|rule|Evasion Moves Clause: Evasion moves are banned
|rule|Evasion Abilities Clause: Evasion abilities are banned
|rule|Sleep Moves Clause: Sleep-inducing moves are banned
|clearpoke
|poke|p1|Kyurem|
|poke|p1|Iron Treads|
|poke|p1|Samurott-Hisui, F|
|poke|p1|Zamazenta-*|
|poke|p1|Sinistcha|
|poke|p1|Tornadus-Therian, M|
|poke|p2|Great Tusk|
|poke|p2|Walking Wake|
|poke|p2|Lilligant-Hisui, F|
|poke|p2|Grimmsnarl, M|
|poke|p2|Ninetales, M|
|poke|p2|Exeggutor, F|
|teampreview
|
|t:|1779858956
|teamsize|p1|6
|teamsize|p2|6
|start
|switch|p1a: Tornadus|Tornadus-Therian, M|100/100
|switch|p2a: Grimmsnarl|Grimmsnarl, M|100/100
|turn|1
|
|t:|1779858966
|move|p2a: Grimmsnarl|Light Screen|p2a: Grimmsnarl
|-sidestart|p2: Nooderu|move: Light Screen
|move|p1a: Tornadus|Knock Off|p2a: Grimmsnarl
|-resisted|p2a: Grimmsnarl
|-damage|p2a: Grimmsnarl|94/100
|-enditem|p2a: Grimmsnarl|Light Clay|[from] move: Knock Off|[of] p1a: Tornadus
|
|upkeep
|turn|2
|
|t:|1779858975
|switch|p1a: Iron Treads|Iron Treads|100/100
|move|p2a: Grimmsnarl|Parting Shot|p1a: Iron Treads
|-unboost|p1a: Iron Treads|atk|1
|-unboost|p1a: Iron Treads|spa|1
|
|t:|1779858983
|switch|p2a: Ninetales|Ninetales, M|100/100|[from] Parting Shot
|-weather|SunnyDay|[from] ability: Drought|[of] p2a: Ninetales
|
|-weather|SunnyDay|[upkeep]
|upkeep
|turn|3
|
|t:|1779858997
|-end|p1a: Iron Treads|Quark Drive|[silent]
|switch|p1a: Tornadus|Tornadus-Therian, M|100/100
|switch|p2a: Exeggutor|Exeggutor, F|100/100
|
|-weather|SunnyDay|[upkeep]
|upkeep
|turn|4
|
|t:|1779859011
|-terastallize|p2a: Exeggutor|Poison
|move|p2a: Exeggutor|Sludge Bomb|p1a: Tornadus
|-damage|p1a: Tornadus|58/100
|-damage|p2a: Exeggutor|91/100|[from] item: Life Orb
|move|p1a: Tornadus|Bleakwind Storm|p2a: Exeggutor
|-damage|p2a: Exeggutor|67/100
|
|-weather|SunnyDay|[upkeep]
|upkeep
|turn|5
|
|t:|1779859026
|move|p2a: Exeggutor|Sludge Bomb|p1a: Tornadus
|-damage|p1a: Tornadus|14/100
|-damage|p2a: Exeggutor|57/100|[from] item: Life Orb
|move|p1a: Tornadus|Knock Off|p2a: Exeggutor
|-damage|p2a: Exeggutor|35/100
|-enditem|p2a: Exeggutor|Life Orb|[from] move: Knock Off|[of] p1a: Tornadus
|
|-weather|SunnyDay|[upkeep]
|upkeep
|turn|6
|
|t:|1779859039
|switch|p1a: Samurott|Samurott-Hisui, F|100/100
|move|p2a: Exeggutor|Synthesis|p2a: Exeggutor
|-heal|p2a: Exeggutor|100/100
|
|-weather|SunnyDay|[upkeep]
|upkeep
|turn|7
|
|t:|1779859052
|-terastallize|p1a: Samurott|Poison
|move|p2a: Exeggutor|Solar Beam||[still]
|-prepare|p2a: Exeggutor|Solar Beam
|-anim|p2a: Exeggutor|Solar Beam|p1a: Samurott
|-resisted|p1a: Samurott
|-damage|p1a: Samurott|54/100
|move|p1a: Samurott|Ceaseless Edge|p2a: Exeggutor
|-damage|p2a: Exeggutor|45/100
|-sidestart|p2: Nooderu|Spikes
|
|-weather|SunnyDay|[upkeep]
|upkeep
|turn|8
|
|t:|1779859068
|move|p2a: Exeggutor|Psyshock|p1a: Samurott
|-supereffective|p1a: Samurott
|-damage|p1a: Samurott|0 fnt
|faint|p1a: Samurott
|
|-weather|SunnyDay|[upkeep]
|-sideend|p2: Nooderu|move: Light Screen
|upkeep
|
|t:|1779859081
|switch|p1a: Tornadus|Tornadus-Therian, M|47/100
|turn|9
|
|t:|1779859090
|move|p2a: Exeggutor|Sludge Bomb|p1a: Tornadus
|-damage|p1a: Tornadus|12/100
|-status|p1a: Tornadus|psn
|move|p1a: Tornadus|U-turn|p2a: Exeggutor
|-resisted|p2a: Exeggutor
|-damage|p2a: Exeggutor|37/100
|
|t:|1779859095
|switch|p1a: Iron Treads|Iron Treads|100/100|[from] U-turn
|
|-weather|none
|upkeep
|turn|10
|
|t:|1779859114
|switch|p2a: Grimmsnarl|Grimmsnarl, M|94/100
|-damage|p2a: Grimmsnarl|82/100|[from] Spikes
|move|p1a: Iron Treads|Earthquake|p2a: Grimmsnarl
|-damage|p2a: Grimmsnarl|36/100
|
|upkeep
|turn|11
|
|t:|1779859122
|move|p2a: Grimmsnarl|Reflect|p2a: Grimmsnarl
|-sidestart|p2: Nooderu|Reflect
|move|p1a: Iron Treads|Stealth Rock|p2a: Grimmsnarl
|-sidestart|p2: Nooderu|move: Stealth Rock
|
|upkeep
|turn|12
|
|t:|1779859133
|move|p2a: Grimmsnarl|Parting Shot|p1a: Iron Treads
|-unboost|p1a: Iron Treads|atk|1
|-unboost|p1a: Iron Treads|spa|1
|
|t:|1779859137
|switch|p2a: Ninetales|Ninetales, M|100/100|[from] Parting Shot
|-damage|p2a: Ninetales|88/100|[from] Spikes
|-damage|p2a: Ninetales|63/100|[from] Stealth Rock
|-weather|SunnyDay|[from] ability: Drought|[of] p2a: Ninetales
|move|p1a: Iron Treads|Heavy Slam|p2a: Ninetales
|-resisted|p2a: Ninetales
|-damage|p2a: Ninetales|54/100
|
|-weather|SunnyDay|[upkeep]
|upkeep
|turn|13
|
|t:|1779859153
|move|p1a: Iron Treads|Earthquake|p2a: Ninetales
|-supereffective|p2a: Ninetales
|-damage|p2a: Ninetales|22/100
|move|p2a: Ninetales|Overheat|p1a: Iron Treads
|-supereffective|p1a: Iron Treads
|-damage|p1a: Iron Treads|0 fnt
|-unboost|p2a: Ninetales|spa|2
|faint|p1a: Iron Treads
|-end|p1a: Iron Treads|Quark Drive|[silent]
|
|-weather|SunnyDay|[upkeep]
|upkeep
|
|t:|1779859175
|switch|p1a: Sinistcha|Sinistcha|100/100
|turn|14
|
|t:|1779859189
|switch|p2a: Exeggutor|Exeggutor, F, tera:Poison|37/100
|-damage|p2a: Exeggutor|24/100|[from] Spikes
|-damage|p2a: Exeggutor|12/100|[from] Stealth Rock
|move|p1a: Sinistcha|Nasty Plot|p1a: Sinistcha
|-boost|p1a: Sinistcha|spa|2
|
|-weather|SunnyDay|[upkeep]
|upkeep
|turn|15
|
|t:|1779859205
|move|p2a: Exeggutor|Sludge Bomb|p1a: Sinistcha
|-damage|p1a: Sinistcha|46/100
|move|p1a: Sinistcha|Shadow Ball|p2a: Exeggutor
|-damage|p2a: Exeggutor|0 fnt
|faint|p2a: Exeggutor
|
|-weather|SunnyDay|[upkeep]
|-sideend|p2: Nooderu|Reflect
|upkeep
|
|t:|1779859219
|switch|p2a: Grimmsnarl|Grimmsnarl, M|36/100
|-damage|p2a: Grimmsnarl|23/100|[from] Spikes
|-damage|p2a: Grimmsnarl|11/100|[from] Stealth Rock
|turn|16
|
|t:|1779859225
|move|p2a: Grimmsnarl|Sucker Punch||[still]
|-fail|p2a: Grimmsnarl
|move|p1a: Sinistcha|Strength Sap|p2a: Grimmsnarl
|-unboost|p2a: Grimmsnarl|atk|1
|-heal|p1a: Sinistcha|100/100
|
|-weather|SunnyDay|[upkeep]
|upkeep
|turn|17
|
|t:|1779859238
|move|p2a: Grimmsnarl|Light Screen|p2a: Grimmsnarl
|-sidestart|p2: Nooderu|move: Light Screen
|move|p1a: Sinistcha|Matcha Gotcha|p2a: Grimmsnarl
|-damage|p2a: Grimmsnarl|0 fnt
|faint|p2a: Grimmsnarl
|
|-weather|SunnyDay|[upkeep]
|upkeep
|
|t:|1779859254
|switch|p2a: Walking Wake|Walking Wake|100/100
|-damage|p2a: Walking Wake|88/100|[from] Spikes
|-damage|p2a: Walking Wake|76/100|[from] Stealth Rock
|-activate|p2a: Walking Wake|ability: Protosynthesis
|-start|p2a: Walking Wake|protosynthesisspe
|turn|18
|
|t:|1779859262
|move|p2a: Walking Wake|Weather Ball|p1a: Sinistcha
|-supereffective|p1a: Sinistcha
|-damage|p1a: Sinistcha|36/100
|move|p1a: Sinistcha|Matcha Gotcha|p2a: Walking Wake
|-damage|p2a: Walking Wake|40/100
|-heal|p1a: Sinistcha|54/100|[from] drain|[of] p2a: Walking Wake
|
|-weather|SunnyDay|[upkeep]
|upkeep
|turn|19
|
|t:|1779859278
|switch|p1a: Tornadus|Tornadus-Therian, M|46/100 psn
|move|p2a: Walking Wake|Weather Ball|p1a: Tornadus
|-damage|p1a: Tornadus|12/100 psn
|
|-weather|none
|-end|p2a: Walking Wake|Protosynthesis
|-damage|p1a: Tornadus|0 fnt|[from] psn
|faint|p1a: Tornadus
|upkeep
|
|t:|1779859285
|switch|p1a: Kyurem|Kyurem|100/100
|-ability|p1a: Kyurem|Pressure
|turn|20
|
|t:|1779859294
|-end|p2a: Walking Wake|Protosynthesis|[silent]
|switch|p2a: Ninetales|Ninetales, M|22/100
|-damage|p2a: Ninetales|10/100|[from] Spikes
|-damage|p2a: Ninetales|0 fnt|[from] Stealth Rock
|faint|p2a: Ninetales
|move|p1a: Kyurem|Freeze-Dry|p2: Ninetales|[notarget]
|-fail|p1a: Kyurem
|
|upkeep
|
|t:|1779859311
|switch|p2a: Great Tusk|Great Tusk|100/100
|-damage|p2a: Great Tusk|88/100|[from] Spikes
|-damage|p2a: Great Tusk|85/100|[from] Stealth Rock
|turn|21
|
|t:|1779859358
|switch|p1a: Sinistcha|Sinistcha|54/100
|-end|p2a: Great Tusk|Protosynthesis|[silent]
|switch|p2a: Lilligant|Lilligant-Hisui, F|100/100
|-damage|p2a: Lilligant|88/100|[from] Spikes
|-damage|p2a: Lilligant|82/100|[from] Stealth Rock
|
|-sideend|p2: Nooderu|move: Light Screen
|upkeep
|turn|22
|
|t:|1779859375
|move|p2a: Lilligant|Poison Jab|p1a: Sinistcha
|-damage|p1a: Sinistcha|29/100
|-damage|p2a: Lilligant|65/100|[from] item: Rocky Helmet|[of] p1a: Sinistcha
|-damage|p2a: Lilligant|55/100|[from] item: Life Orb
|move|p1a: Sinistcha|Strength Sap|p2a: Lilligant
|-unboost|p2a: Lilligant|atk|1
|-heal|p1a: Sinistcha|100/100
|
|upkeep
|turn|23
|
|t:|1779859388
|move|p2a: Lilligant|Triple Axel|p1a: Sinistcha
|-supereffective|p1a: Sinistcha
|-damage|p1a: Sinistcha|92/100
|-damage|p2a: Lilligant|39/100|[from] item: Rocky Helmet|[of] p1a: Sinistcha
|-supereffective|p1a: Sinistcha
|-damage|p1a: Sinistcha|74/100
|-damage|p2a: Lilligant|22/100|[from] item: Rocky Helmet|[of] p1a: Sinistcha
|-supereffective|p1a: Sinistcha
|-damage|p1a: Sinistcha|49/100
|-damage|p2a: Lilligant|5/100|[from] item: Rocky Helmet|[of] p1a: Sinistcha
|-hitcount|p1a: Sinistcha|3
|-damage|p2a: Lilligant|0 fnt|[from] item: Life Orb
|faint|p2a: Lilligant
|move|p1a: Sinistcha|Nasty Plot|p1a: Sinistcha
|-boost|p1a: Sinistcha|spa|2
|
|upkeep
|
|t:|1779859405
|switch|p2a: Walking Wake|Walking Wake|40/100
|-damage|p2a: Walking Wake|28/100|[from] Spikes
|-damage|p2a: Walking Wake|15/100|[from] Stealth Rock
|turn|24
|
|t:|1779859422
|move|p2a: Walking Wake|Draco Meteor|p1a: Sinistcha
|-crit|p1a: Sinistcha
|-damage|p1a: Sinistcha|0 fnt
|-unboost|p2a: Walking Wake|spa|2
|faint|p1a: Sinistcha
|
|upkeep
|
|t:|1779859427
|switch|p1a: Zamazenta|Zamazenta|100/100
|-ability|p1a: Zamazenta|Dauntless Shield|boost
|-boost|p1a: Zamazenta|def|1
|turn|25
|
|t:|1779859433
|move|p2a: Walking Wake|Draco Meteor|p1a: Zamazenta
|-damage|p1a: Zamazenta|73/100
|-unboost|p2a: Walking Wake|spa|2
|move|p1a: Zamazenta|Body Press|p2a: Walking Wake
|-damage|p2a: Walking Wake|0 fnt
|faint|p2a: Walking Wake
|-end|p2a: Walking Wake|Protosynthesis|[silent]
|
|-heal|p1a: Zamazenta|80/100|[from] item: Leftovers
|upkeep
|
|t:|1779859445
|switch|p2a: Great Tusk|Great Tusk|85/100
|-damage|p2a: Great Tusk|73/100|[from] Spikes
|-damage|p2a: Great Tusk|70/100|[from] Stealth Rock
|turn|26
|inactive|Battle timer is ON: inactive players will automatically lose when time's up. (requested by 1st grade lad lj)
|
|t:|1779859463
|move|p1a: Zamazenta|Iron Defense|p1a: Zamazenta
|-boost|p1a: Zamazenta|def|2
|move|p2a: Great Tusk|Earthquake|p1a: Zamazenta
|-damage|p1a: Zamazenta|64/100
|
|-heal|p1a: Zamazenta|70/100|[from] item: Leftovers
|upkeep
|turn|27
|
|t:|1779859473
|move|p1a: Zamazenta|Body Press|p2a: Great Tusk
|-damage|p2a: Great Tusk|15/100
|move|p2a: Great Tusk|Earthquake|p1a: Zamazenta
|-damage|p1a: Zamazenta|54/100
|
|-heal|p1a: Zamazenta|61/100|[from] item: Leftovers
|upkeep
|turn|28
|-message|Nooderu forfeited.
|
|win|1st grade lad lj
|raw|1st grade lad lj's rating: 1252 &rarr; <strong>1275</strong><br />(+23 for winning)
|raw|Nooderu's rating: 1222 &rarr; <strong>1199</strong><br />(-23 for losing)
|l|☆Nooderu
|player|p2|
|l|☆1st grade lad lj
|player|p1|
