|j|☆beastmode200
|j|☆zk710
|t:|1779859128
|gametype|singles
|player|p1|beastmode200|pokemaniac|1422
|player|p2|zk710|palmer|1337
|gen|9
|tier|[Gen 9] OU
|rated|
|rule|HP Percentage Mod: HP is shown in percentages
|rule|Endless Battle Clause: Forcing endless battles is banned
|rule|Species Clause: Limit one of each Pokémon
|rule|OHKO Clause: OHKO moves are banned
|rule|Evasion Items Clause: Evasion items are banned
|rule|Evasion Moves Clause: Evasion moves are banned
|rule|Evasion Abilities Clause: Evasion abilities are banned
|rule|Sleep Moves Clause: Sleep-inducing moves are banned
|clearpoke
|poke|p1|Rillaboom, M|
|poke|p1|Ninetales, M|
|poke|p1|Heatran, F|
|poke|p1|Walking Wake|
|poke|p1|Great Tusk|
|poke|p1|Venusaur, M|
|poke|p2|Great Tusk|
|poke|p2|Deoxys-Speed|
|poke|p2|Ogerpon-Wellspring, F|
|poke|p2|Gholdengo|
|poke|p2|Iron Valiant|
|poke|p2|Kyurem|
|teampreview
|inactive|Battle timer is ON: inactive players will automatically lose when time's up. (requested by zk710)
|
|t:|1779859161
|teamsize|p1|6
|teamsize|p2|6
|start
|switch|p1a: Ninetales|Ninetales, M|100/100
|switch|p2a: Deoxys|Deoxys-Speed|100/100
|-ability|p2a: Deoxys|Pressure
|-weather|SunnyDay|[from] ability: Drought|[of] p1a: Ninetales
|turn|1
|
|t:|1779859176
|move|p2a: Deoxys|Stealth Rock|p1a: Ninetales
|-sidestart|p1: beastmode200|move: Stealth Rock
|move|p1a: Ninetales|Overheat|p2a: Deoxys
|-damage|p2a: Deoxys|3/100
|-unboost|p1a: Ninetales|spa|2
|
|-weather|SunnyDay|[upkeep]
|upkeep
|turn|2
|
|t:|1779859197
|switch|p1a: Rillaboom|Rillaboom, M|100/100
|-damage|p1a: Rillaboom|88/100|[from] Stealth Rock
|-fieldstart|move: Grassy Terrain|[from] ability: Grassy Surge|[of] p1a: Rillaboom
|move|p2a: Deoxys|Spikes|p1a: Rillaboom
|-sidestart|p1: beastmode200|Spikes
|
|-weather|SunnyDay|[upkeep]
|-heal|p2a: Deoxys|10/100|[from] Grassy Terrain
|-heal|p1a: Rillaboom|94/100|[from] Grassy Terrain
|upkeep
|turn|3
|
|t:|1779859212
|move|p2a: Deoxys|Psycho Boost|p1a: Rillaboom
|-damage|p1a: Rillaboom|25/100
|-unboost|p2a: Deoxys|spa|2
|move|p1a: Rillaboom|U-turn|p2a: Deoxys
|-supereffective|p2a: Deoxys
|-damage|p2a: Deoxys|0 fnt
|faint|p2a: Deoxys
|
|t:|1779859221
|switch|p1a: Great Tusk|Great Tusk|100/100|[from] U-turn
|-damage|p1a: Great Tusk|98/100|[from] Stealth Rock
|-damage|p1a: Great Tusk|85/100|[from] Spikes
|-activate|p1a: Great Tusk|ability: Protosynthesis
|-start|p1a: Great Tusk|protosynthesisatk
|
|-weather|SunnyDay|[upkeep]
|-heal|p1a: Great Tusk|91/100|[from] Grassy Terrain
|upkeep
|
|t:|1779859234
|switch|p2a: Iron Valiant|Iron Valiant|100/100
|-enditem|p2a: Iron Valiant|Booster Energy
|-activate|p2a: Iron Valiant|ability: Quark Drive|[fromitem]
|-start|p2a: Iron Valiant|quarkdrivespe
|turn|4
|
|t:|1779859247
|-terastallize|p2a: Iron Valiant|Ghost
|-terastallize|p1a: Great Tusk|Fire
|move|p2a: Iron Valiant|Calm Mind|p2a: Iron Valiant
|-boost|p2a: Iron Valiant|spa|1
|-boost|p2a: Iron Valiant|spd|1
|move|p1a: Great Tusk|Rapid Spin|p2a: Iron Valiant
|-immune|p2a: Iron Valiant
|
|-weather|SunnyDay|[upkeep]
|-heal|p1a: Great Tusk|98/100|[from] Grassy Terrain
|upkeep
|turn|5
|inactive|zk710 has 120 seconds left.
|
|t:|1779859273
|move|p2a: Iron Valiant|Calm Mind|p2a: Iron Valiant
|-boost|p2a: Iron Valiant|spa|1
|-boost|p2a: Iron Valiant|spd|1
|move|p1a: Great Tusk|Headlong Rush|p2a: Iron Valiant
|-damage|p2a: Iron Valiant|3/100
|-unboost|p1a: Great Tusk|def|1
|-unboost|p1a: Great Tusk|spd|1
|
|-weather|SunnyDay|[upkeep]
|-heal|p2a: Iron Valiant|9/100|[from] Grassy Terrain
|-heal|p1a: Great Tusk|100/100|[from] Grassy Terrain
|upkeep
|turn|6
|inactive|beastmode200 has 120 seconds left.
|
|t:|1779859314
|-end|p1a: Great Tusk|Protosynthesis|[silent]
|switch|p1a: Heatran|Heatran, F|100/100
|-damage|p1a: Heatran|88/100|[from] Stealth Rock
|-damage|p1a: Heatran|76/100|[from] Spikes
|move|p2a: Iron Valiant|Shadow Ball|p1a: Heatran
|-crit|p1a: Heatran
|-damage|p1a: Heatran|0 fnt
|faint|p1a: Heatran
|
|-weather|SunnyDay|[upkeep]
|-heal|p2a: Iron Valiant|15/100|[from] Grassy Terrain
|upkeep
|
|t:|1779859322
|switch|p1a: Rillaboom|Rillaboom, M|25/100
|-damage|p1a: Rillaboom|13/100|[from] Stealth Rock
|-damage|p1a: Rillaboom|0 fnt|[from] Spikes
|faint|p1a: Rillaboom
|inactive|beastmode200 has 90 seconds left.
|
|t:|1779859351
|switch|p1a: Venusaur|Venusaur, M|100/100
|-damage|p1a: Venusaur|88/100|[from] Stealth Rock
|-damage|p1a: Venusaur|76/100|[from] Spikes
|turn|7
|
|t:|1779859356
|move|p2a: Iron Valiant|Shadow Ball|p1a: Venusaur
|-damage|p1a: Venusaur|0 fnt
|faint|p1a: Venusaur
|
|-weather|SunnyDay|[upkeep]
|-heal|p2a: Iron Valiant|21/100|[from] Grassy Terrain
|upkeep
|inactive|beastmode200 has 90 seconds left.
|-message|beastmode200 forfeited.
|
|win|zk710
|raw|beastmode200's rating: 1422 &rarr; <strong>1397</strong><br />(-25 for losing)
|raw|zk710's rating: 1337 &rarr; <strong>1362</strong><br />(+25 for winning)
|l|☆beastmode200
|player|p1|
|l|☆zk710
|player|p2|
