|j|☆PikachuRTM
|j|☆chico wilson
|t:|1779898771
|gametype|singles
|player|p1|PikachuRTM|ltsurge|1431
|player|p2|chico wilson|170|1394
|gen|9
|tier|[Gen 9] OU
|rated|
|rule|HP Percentage Mod: HP is shown in percentages
|rule|Endless Battle Clause: Forcing endless battles is banned
|rule|Species Clause: Limit one of each Pokémon
|rule|OHKO Clause: OHKO moves are banned
|rule|Evasion Items Clause: Evasion items are banned
|rule|Evasion Moves Clause: Evasion moves are banned
|rule|Evasion Abilities Clause: Evasion abilities are banned
|rule|Sleep Moves Clause: Sleep-inducing moves are banned
|clearpoke
|poke|p1|Pikachu, M|
|poke|p1|Dragapult, M|
|poke|p1|Deoxys-Speed|
|poke|p1|Iron Treads|
|poke|p1|Samurott-Hisui, M|
|poke|p1|Dragonite, M|
|poke|p2|Dragapult, F|
|poke|p2|Heatran, F|
|poke|p2|Landorus-Therian, M|
|poke|p2|Alomomola, M|
|poke|p2|Weezing-Galar, M|
|poke|p2|Garganacl, M|
|teampreview
|inactive|Battle timer is ON: inactive players will automatically lose when time's up. (requested by PikachuRTM)
|
|t:|1779898820
|teamsize|p1|6
|teamsize|p2|6
|start
|switch|p1a: IShowSpeed|Deoxys-Speed|100/100
|switch|p2a: Weezing|Weezing-Galar, M|100/100
|-ability|p2a: Weezing|Neutralizing Gas
|turn|1
|
|t:|1779898833
|-end|p2a: Weezing|ability: Neutralizing Gas
|-ability|p1a: IShowSpeed|Pressure
|switch|p2a: Heatran|Heatran, F|100/100
|move|p1a: IShowSpeed|Psycho Boost|p2a: Heatran
|-resisted|p2a: Heatran
|-damage|p2a: Heatran|84/100
|-unboost|p1a: IShowSpeed|spa|2
|-enditem|p1a: IShowSpeed|Eject Pack
|
|t:|1779898849
|switch|p1a: Sam|Samurott-Hisui, M|100/100
|
|-heal|p2a: Heatran|90/100|[from] item: Leftovers
|upkeep
|turn|2
|
|t:|1779898852
|switch|p2a: Weezing|Weezing-Galar, M|100/100
|-ability|p2a: Weezing|Neutralizing Gas
|move|p1a: Sam|Knock Off|p2a: Weezing
|-resisted|p2a: Weezing
|-damage|p2a: Weezing|88/100
|-enditem|p2a: Weezing|Heavy-Duty Boots|[from] move: Knock Off|[of] p1a: Sam
|
|upkeep
|turn|3
|
|t:|1779898857
|switch|p1a: IShowSpeed|Deoxys-Speed|100/100
|move|p2a: Weezing|Will-O-Wisp|p1a: IShowSpeed
|-status|p1a: IShowSpeed|brn
|
|-damage|p1a: IShowSpeed|94/100 brn|[from] brn
|upkeep
|turn|4
|
|t:|1779898868
|switch|p1a: Sam|Samurott-Hisui, M|100/100
|-end|p2a: Weezing|ability: Neutralizing Gas
|switch|p2a: Alomomola|Alomomola, M|100/100
|
|upkeep
|turn|5
|
|t:|1779898873
|switch|p2a: Weezing|Weezing-Galar, M|88/100
|-ability|p2a: Weezing|Neutralizing Gas
|move|p1a: Sam|Knock Off|p2a: Weezing
|-resisted|p2a: Weezing
|-damage|p2a: Weezing|78/100
|
|upkeep
|turn|6
|
|t:|1779898881
|move|p1a: Sam|Razor Shell|p2a: Weezing
|-damage|p2a: Weezing|57/100
|-unboost|p2a: Weezing|def|1
|move|p2a: Weezing|Pain Split|p1a: Sam
|-sethp|p1a: Sam|75/100|[from] move: Pain Split|[silent]
|-sethp|p2a: Weezing|86/100|[from] move: Pain Split
|
|upkeep
|turn|7
|
|t:|1779898887
|move|p1a: Sam|Ceaseless Edge|p2a: Weezing
|-resisted|p2a: Weezing
|-crit|p2a: Weezing
|-damage|p2a: Weezing|63/100
|-sidestart|p2: chico wilson|Spikes
|move|p2a: Weezing|Will-O-Wisp|p1a: Sam|[miss]
|-miss|p2a: Weezing|p1a: Sam
|
|upkeep
|turn|8
|
|t:|1779898895
|switch|p1a: IShowSpeed|Deoxys-Speed|94/100 brn
|move|p2a: Weezing|Will-O-Wisp|p1a: IShowSpeed
|-fail|p1a: IShowSpeed|brn
|
|-damage|p1a: IShowSpeed|88/100 brn|[from] brn
|upkeep
|turn|9
|
|t:|1779898900
|-end|p2a: Weezing|ability: Neutralizing Gas
|-ability|p1a: IShowSpeed|Pressure
|switch|p2a: Alomomola|Alomomola, M|100/100
|-damage|p2a: Alomomola|88/100|[from] Spikes
|move|p1a: IShowSpeed|Psycho Boost|p2a: Alomomola
|-damage|p2a: Alomomola|60/100
|-unboost|p1a: IShowSpeed|spa|2
|
|-damage|p1a: IShowSpeed|82/100 brn|[from] brn
|upkeep
|turn|10
|
|t:|1779898907
|move|p1a: IShowSpeed|Knock Off|p2a: Alomomola
|-damage|p2a: Alomomola|52/100
|-enditem|p2a: Alomomola|Assault Vest|[from] move: Knock Off|[of] p1a: IShowSpeed
|move|p2a: Alomomola|Flip Turn|p1a: IShowSpeed
|-damage|p1a: IShowSpeed|57/100 brn
|
|t:|1779898911
|switch|p2a: Landorus|Landorus-Therian, M|100/100|[from] Flip Turn
|-ability|p2a: Landorus|Intimidate|boost
|-unboost|p1a: IShowSpeed|atk|1
|
|-damage|p1a: IShowSpeed|51/100 brn|[from] brn
|upkeep
|turn|11
|
|t:|1779898915
|move|p2a: Landorus|U-turn|p1a: IShowSpeed
|-supereffective|p1a: IShowSpeed
|-damage|p1a: IShowSpeed|0 fnt
|faint|p1a: IShowSpeed
|
|t:|1779898921
|switch|p2a: Dragapult|Dragapult, F|100/100|[from] U-turn
|-damage|p2a: Dragapult|88/100|[from] Spikes
|
|upkeep
|
|t:|1779898938
|switch|p1a: Liftoff|Dragapult, M, shiny|100/100
|turn|12
|
|t:|1779898946
|move|p1a: Liftoff|Dragon Darts|p2a: Dragapult
|-supereffective|p2a: Dragapult
|-damage|p2a: Dragapult|33/100
|-anim|p1a: Liftoff|Dragon Darts|p2a: Dragapult
|-supereffective|p2a: Dragapult
|-damage|p2a: Dragapult|0 fnt
|faint|p2a: Dragapult
|
|upkeep
|
|t:|1779898949
|switch|p2a: Weezing|Weezing-Galar, M|63/100
|-ability|p2a: Weezing|Neutralizing Gas
|-damage|p2a: Weezing|51/100|[from] Spikes
|turn|13
|
|t:|1779898952
|move|p1a: Liftoff|Will-O-Wisp|p2a: Weezing
|-status|p2a: Weezing|brn
|move|p2a: Weezing|Defog|p1a: Liftoff
|-unboost|p1a: Liftoff|evasion|1
|-sideend|p2: chico wilson|Spikes|[from] move: Defog|[of] p2a: Weezing
|
|-damage|p2a: Weezing|45/100 brn|[from] brn
|upkeep
|turn|14
|
|t:|1779898957
|-end|p2a: Weezing|ability: Neutralizing Gas
|switch|p2a: Heatran|Heatran, F|90/100
|move|p1a: Liftoff|Hex|p2a: Heatran
|-damage|p2a: Heatran|72/100
|
|-heal|p2a: Heatran|78/100|[from] item: Leftovers
|upkeep
|turn|15
|
|t:|1779898961
|move|p1a: Liftoff|U-turn|p2a: Heatran
|-resisted|p2a: Heatran
|-damage|p2a: Heatran|74/100
|
|t:|1779898962
|switch|p1a: Sam|Samurott-Hisui, M|75/100|[from] U-turn
|move|p2a: Heatran|Substitute|p2a: Heatran
|-start|p2a: Heatran|Substitute
|-damage|p2a: Heatran|49/100
|
|-heal|p2a: Heatran|55/100|[from] item: Leftovers
|upkeep
|turn|16
|
|t:|1779898966
|move|p1a: Sam|Ceaseless Edge|p2a: Heatran
|-end|p2a: Heatran|Substitute
|-sidestart|p2: chico wilson|Spikes
|move|p2a: Heatran|Scorching Sands|p1a: Sam
|-damage|p1a: Sam|61/100
|
|-heal|p2a: Heatran|62/100|[from] item: Leftovers
|upkeep
|turn|17
|
|t:|1779898974
|switch|p2a: Landorus|Landorus-Therian, M|100/100
|-ability|p2a: Landorus|Intimidate|boost
|-unboost|p1a: Sam|atk|1
|move|p1a: Sam|Razor Shell|p2a: Landorus
|-supereffective|p2a: Landorus
|-damage|p2a: Landorus|22/100
|
|upkeep
|turn|18
|
|t:|1779898986
|switch|p1a: Dönphan|Iron Treads|100/100
|move|p2a: Landorus|U-turn|p1a: Dönphan
|-resisted|p1a: Dönphan
|-crit|p1a: Dönphan
|-damage|p1a: Dönphan|82/100
|
|t:|1779898994
|switch|p2a: Alomomola|Alomomola, M|85/100|[from] U-turn
|-damage|p2a: Alomomola|73/100|[from] Spikes
|
|-heal|p1a: Dönphan|88/100|[from] item: Leftovers
|upkeep
|turn|19
|
|t:|1779898999
|move|p1a: Dönphan|Stealth Rock|p2a: Alomomola
|-sidestart|p2: chico wilson|move: Stealth Rock
|move|p2a: Alomomola|Scald|p1a: Dönphan
|-supereffective|p1a: Dönphan
|-damage|p1a: Dönphan|51/100
|-status|p1a: Dönphan|brn
|
|-heal|p1a: Dönphan|57/100 brn|[from] item: Leftovers
|-damage|p1a: Dönphan|51/100 brn|[from] brn
|upkeep
|turn|20
|
|t:|1779899004
|move|p1a: Dönphan|Earthquake|p2a: Alomomola
|-damage|p2a: Alomomola|54/100
|move|p2a: Alomomola|Scald|p1a: Dönphan
|-supereffective|p1a: Dönphan
|-damage|p1a: Dönphan|15/100 brn
|
|-heal|p1a: Dönphan|21/100 brn|[from] item: Leftovers
|-damage|p1a: Dönphan|15/100 brn|[from] brn
|upkeep
|turn|21
|
|t:|1779899008
|move|p2a: Alomomola|Aqua Jet|p1a: Dönphan
|-supereffective|p1a: Dönphan
|-damage|p1a: Dönphan|0 fnt
|faint|p1a: Dönphan
|-end|p1a: Dönphan|Quark Drive|[silent]
|
|upkeep
|
|t:|1779899014
|switch|p1a: Derrick|Pikachu, M|100/100
|turn|22
|
|t:|1779899017
|move|p1a: Derrick|Thunderbolt|p2a: Alomomola
|-supereffective|p2a: Alomomola
|-damage|p2a: Alomomola|0 fnt
|faint|p2a: Alomomola
|
|upkeep
|
|t:|1779899021
|switch|p2a: Landorus|Landorus-Therian, M|22/100
|-damage|p2a: Landorus|9/100|[from] Stealth Rock
|-ability|p2a: Landorus|Intimidate|boost
|-unboost|p1a: Derrick|atk|1
|turn|23
|
|t:|1779899027
|switch|p1a: Liftoff|Dragapult, M, shiny|100/100
|move|p2a: Landorus|Earthquake|p1a: Liftoff
|-damage|p1a: Liftoff|20/100
|
|upkeep
|turn|24
|
|t:|1779899032
|move|p2a: Landorus|Earthquake|p1a: Liftoff
|-damage|p1a: Liftoff|0 fnt
|faint|p1a: Liftoff
|
|upkeep
|
|t:|1779899037
|switch|p1a: Ed|Dragonite, M|100/100
|turn|25
|
|t:|1779899043
|switch|p2a: Garganacl|Garganacl, M|100/100
|-damage|p2a: Garganacl|88/100|[from] Spikes
|-damage|p2a: Garganacl|76/100|[from] Stealth Rock
|move|p1a: Ed|Dragon Dance|p1a: Ed
|-boost|p1a: Ed|atk|1
|-boost|p1a: Ed|spe|1
|
|upkeep
|turn|26
|
|t:|1779899049
|-terastallize|p2a: Garganacl|Fairy
|move|p1a: Ed|Dragon Dance|p1a: Ed
|-boost|p1a: Ed|atk|1
|-boost|p1a: Ed|spe|1
|move|p2a: Garganacl|Iron Defense|p2a: Garganacl
|-boost|p2a: Garganacl|def|2
|
|upkeep
|turn|27
|
|t:|1779899054
|move|p1a: Ed|Encore|p2a: Garganacl
|-start|p2a: Garganacl|Encore
|move|p2a: Garganacl|Iron Defense|p2a: Garganacl
|-boost|p2a: Garganacl|def|2
|
|upkeep
|turn|28
|
|t:|1779899058
|move|p1a: Ed|Dragon Dance|p1a: Ed
|-boost|p1a: Ed|atk|1
|-boost|p1a: Ed|spe|1
|move|p2a: Garganacl|Iron Defense|p2a: Garganacl
|-boost|p2a: Garganacl|def|2
|
|upkeep
|turn|29
|
|t:|1779899062
|move|p1a: Ed|Dragon Dance|p1a: Ed
|-boost|p1a: Ed|atk|1
|-boost|p1a: Ed|spe|1
|move|p2a: Garganacl|Iron Defense|p2a: Garganacl
|-boost|p2a: Garganacl|def|0
|
|-end|p2a: Garganacl|Encore
|upkeep
|turn|30
|
|t:|1779899069
|switch|p2a: Landorus|Landorus-Therian, M|9/100
|-damage|p2a: Landorus|0 fnt|[from] Stealth Rock
|faint|p2a: Landorus
|move|p1a: Ed|Encore|p2: Landorus|[notarget]
|-fail|p1a: Ed
|
|upkeep
|
|t:|1779899072
|switch|p2a: Weezing|Weezing-Galar, M|45/100 brn
|-ability|p2a: Weezing|Neutralizing Gas
|-damage|p2a: Weezing|33/100 brn|[from] Spikes
|-damage|p2a: Weezing|21/100 brn|[from] Stealth Rock
|turn|31
|
|t:|1779899081
|move|p1a: Ed|Fire Punch|p2a: Weezing
|-damage|p2a: Weezing|0 fnt
|faint|p2a: Weezing
|-end|p2a: Weezing|ability: Neutralizing Gas
|
|upkeep
|
|t:|1779899084
|switch|p2a: Heatran|Heatran, F|62/100
|-damage|p2a: Heatran|49/100|[from] Spikes
|-damage|p2a: Heatran|37/100|[from] Stealth Rock
|turn|32
|
|t:|1779899087
|move|p1a: Ed|Scale Shot|p2a: Heatran
|-resisted|p2a: Heatran
|-damage|p2a: Heatran|19/100
|-resisted|p2a: Heatran
|-damage|p2a: Heatran|0 fnt
|faint|p2a: Heatran
|-hitcount|p2: Heatran|2
|-unboost|p1a: Ed|def|1
|-boost|p1a: Ed|spe|1
|
|upkeep
|
|t:|1779899092
|switch|p2a: Garganacl|Garganacl, M, tera:Fairy|76/100
|-damage|p2a: Garganacl|63/100|[from] Spikes
|-damage|p2a: Garganacl|51/100|[from] Stealth Rock
|turn|33
|
|t:|1779899096
|move|p1a: Ed|Fire Punch|p2a: Garganacl
|-damage|p2a: Garganacl|0 fnt
|faint|p2a: Garganacl
|
|win|PikachuRTM
|raw|PikachuRTM's rating: 1431 &rarr; <strong>1449</strong><br />(+18 for winning)
|raw|chico wilson's rating: 1394 &rarr; <strong>1376</strong><br />(-18 for losing)
|l|☆chico wilson
|player|p2|
|l|☆PikachuRTM
|player|p1|
