|j|☆OscarGamble
|j|☆CanSoup
|t:|1779811608
|gametype|singles
|player|p1|OscarGamble|101|1331
|player|p2|CanSoup|1|1286
|gen|9
|tier|[Gen 9] OU
|rated|
|rule|HP Percentage Mod: HP is shown in percentages
|rule|Endless Battle Clause: Forcing endless battles is banned
|rule|Species Clause: Limit one of each Pokémon
|rule|OHKO Clause: OHKO moves are banned
|rule|Evasion Items Clause: Evasion items are banned
|rule|Evasion Moves Clause: Evasion moves are banned
|rule|Evasion Abilities Clause: Evasion abilities are banned
|rule|Sleep Moves Clause: Sleep-inducing moves are banned
|clearpoke
|poke|p1|Dragonite, M|
|poke|p1|Gholdengo|
|poke|p1|Salazzle, F|
|poke|p1|Corviknight, F|
|poke|p1|Samurott-Hisui, M|
|poke|p1|Ting-Lu|
|poke|p2|Arcanine, M|
|poke|p2|Iron Thorns|
|poke|p2|Comfey, M|
|poke|p2|Heracross, M|
|poke|p2|Ceruledge, F|
|poke|p2|Reuniclus, F|
|teampreview
|inactive|Battle timer is ON: inactive players will automatically lose when time's up. (requested by OscarGamble)
|
|t:|1779811616
|teamsize|p1|6
|teamsize|p2|6
|start
|switch|p1a: Ting-Lu|Ting-Lu|100/100
|switch|p2a: Heracross|Heracross, M, shiny|100/100
|-ability|p1a: Ting-Lu|Vessel of Ruin
|turn|1
|
|t:|1779811621
|switch|p1a: Corviknight|Corviknight, F|100/100
|-ability|p1a: Corviknight|Pressure
|move|p2a: Heracross|Trailblaze|p1a: Corviknight
|-resisted|p1a: Corviknight
|-damage|p1a: Corviknight|97/100
|-boost|p2a: Heracross|spe|1
|-damage|p2a: Heracross|84/100|[from] item: Rocky Helmet|[of] p1a: Corviknight
|
|-status|p2a: Heracross|brn|[from] item: Flame Orb
|upkeep
|turn|2
|
|t:|1779811634
|move|p2a: Heracross|Knock Off|p1a: Corviknight
|-damage|p1a: Corviknight|61/100
|-damage|p2a: Heracross|67/100 brn|[from] item: Rocky Helmet|[of] p1a: Corviknight
|-enditem|p1a: Corviknight|Rocky Helmet|[from] move: Knock Off|[of] p2a: Heracross
|move|p1a: Corviknight|Iron Defense|p1a: Corviknight
|-boost|p1a: Corviknight|def|2
|
|-damage|p2a: Heracross|61/100 brn|[from] brn
|upkeep
|turn|3
|
|t:|1779811642
|switch|p1a: Samurott|Samurott-Hisui, M|100/100
|move|p2a: Heracross|Close Combat|p1a: Samurott
|-supereffective|p1a: Samurott
|-damage|p1a: Samurott|0 fnt
|-unboost|p2a: Heracross|def|1
|-unboost|p2a: Heracross|spd|1
|faint|p1a: Samurott
|
|-damage|p2a: Heracross|55/100 brn|[from] brn
|upkeep
|
|t:|1779811654
|switch|p1a: Gholdengo|Gholdengo|100/100
|turn|4
|
|t:|1779811658
|move|p2a: Heracross|Knock Off|p1a: Gholdengo
|-supereffective|p1a: Gholdengo
|-enditem|p1a: Gholdengo|Colbur Berry|[eat]
|-enditem|p1a: Gholdengo|Colbur Berry|[weaken]
|-damage|p1a: Gholdengo|51/100
|move|p1a: Gholdengo|Hex|p2a: Heracross
|-crit|p2a: Heracross
|-damage|p2a: Heracross|0 fnt
|faint|p2a: Heracross
|
|upkeep
|
|t:|1779811664
|switch|p2a: Ceruledge|Ceruledge, F, shiny|100/100
|turn|5
|
|t:|1779811670
|move|p2a: Ceruledge|Bitter Blade|p1a: Gholdengo
|-supereffective|p1a: Gholdengo
|-damage|p1a: Gholdengo|0 fnt
|faint|p1a: Gholdengo
|
|upkeep
|
|t:|1779811674
|switch|p1a: Ting-Lu|Ting-Lu|100/100
|-ability|p1a: Ting-Lu|Vessel of Ruin
|turn|6
|
|t:|1779811679
|switch|p2a: Reuniclus|Reuniclus, F, shiny|100/100
|move|p1a: Ting-Lu|Stealth Rock|p2a: Reuniclus
|-sidestart|p2: CanSoup|move: Stealth Rock
|
|upkeep
|turn|7
|
|t:|1779811685
|switch|p1a: Dragonite|Dragonite, M|100/100
|move|p2a: Reuniclus|Acid Armor|p2a: Reuniclus
|-boost|p2a: Reuniclus|def|2
|
|upkeep
|turn|8
|
|t:|1779811692
|move|p1a: Dragonite|Encore|p2a: Reuniclus
|-start|p2a: Reuniclus|Encore
|move|p2a: Reuniclus|Acid Armor|p2a: Reuniclus
|-boost|p2a: Reuniclus|def|2
|
|upkeep
|turn|9
|
|t:|1779811697
|switch|p1a: Ting-Lu|Ting-Lu|100/100
|-ability|p1a: Ting-Lu|Vessel of Ruin
|switch|p2a: Arcanine|Arcanine, M|100/100
|-damage|p2a: Arcanine|75/100|[from] Stealth Rock
|-ability|p2a: Arcanine|Intimidate|boost
|-unboost|p1a: Ting-Lu|atk|1
|
|-heal|p2a: Arcanine|82/100|[from] item: Leftovers
|upkeep
|turn|10
|
|t:|1779811706
|switch|p1a: Salazzle|Salazzle, F|100/100
|move|p2a: Arcanine|Will-O-Wisp|p1a: Salazzle
|-immune|p1a: Salazzle
|
|-heal|p2a: Arcanine|88/100|[from] item: Leftovers
|upkeep
|turn|11
|
|t:|1779811711
|move|p2a: Arcanine|Extreme Speed|p1a: Salazzle
|-damage|p1a: Salazzle|54/100
|move|p1a: Salazzle|Flamethrower|p2a: Arcanine
|-resisted|p2a: Arcanine
|-damage|p2a: Arcanine|65/100
|
|-heal|p2a: Arcanine|71/100|[from] item: Leftovers
|upkeep
|turn|12
|
|t:|1779811717
|switch|p1a: Corviknight|Corviknight, F|61/100
|-ability|p1a: Corviknight|Pressure
|move|p2a: Arcanine|Extreme Speed|p1a: Corviknight
|-resisted|p1a: Corviknight
|-damage|p1a: Corviknight|52/100
|
|-heal|p2a: Arcanine|78/100|[from] item: Leftovers
|upkeep
|turn|13
|
|t:|1779811724
|switch|p1a: Dragonite|Dragonite, M|100/100
|move|p2a: Arcanine|Flare Blitz|p1a: Dragonite
|-resisted|p1a: Dragonite
|-damage|p1a: Dragonite|89/100
|-damage|p2a: Arcanine|74/100|[from] Recoil
|
|-heal|p2a: Arcanine|80/100|[from] item: Leftovers
|upkeep
|turn|14
|
|t:|1779811731
|move|p2a: Arcanine|Will-O-Wisp|p1a: Dragonite
|-status|p1a: Dragonite|brn
|move|p1a: Dragonite|Thunder Wave|p2a: Arcanine|[miss]
|-miss|p1a: Dragonite|p2a: Arcanine
|
|-heal|p2a: Arcanine|86/100|[from] item: Leftovers
|-damage|p1a: Dragonite|83/100 brn|[from] brn
|upkeep
|turn|15
|
|t:|1779811739
|switch|p2a: Iron Thorns|Iron Thorns, shiny|100/100
|-damage|p2a: Iron Thorns|88/100|[from] Stealth Rock
|move|p1a: Dragonite|Thunder Wave|p2a: Iron Thorns
|-immune|p2a: Iron Thorns
|
|-damage|p1a: Dragonite|76/100 brn|[from] brn
|upkeep
|turn|16
|
|t:|1779811751
|switch|p1a: Corviknight|Corviknight, F|52/100
|-ability|p1a: Corviknight|Pressure
|move|p2a: Iron Thorns|Dragon Dance|p2a: Iron Thorns
|-boost|p2a: Iron Thorns|atk|1
|-boost|p2a: Iron Thorns|spe|1
|
|upkeep
|turn|17
|
|t:|1779811762
|move|p2a: Iron Thorns|Rock Blast|p1a: Corviknight
|-damage|p1a: Corviknight|37/100
|-damage|p1a: Corviknight|23/100
|-damage|p1a: Corviknight|7/100
|-damage|p1a: Corviknight|0 fnt
|faint|p1a: Corviknight
|-hitcount|p1: Corviknight|4
|
|upkeep
|
|t:|1779811765
|switch|p1a: Ting-Lu|Ting-Lu|100/100
|-ability|p1a: Ting-Lu|Vessel of Ruin
|turn|18
|
|t:|1779811773
|move|p2a: Iron Thorns|Pin Missile|p1a: Ting-Lu
|-supereffective|p1a: Ting-Lu
|-damage|p1a: Ting-Lu|85/100
|-supereffective|p1a: Ting-Lu
|-damage|p1a: Ting-Lu|69/100
|-supereffective|p1a: Ting-Lu
|-damage|p1a: Ting-Lu|55/100
|-supereffective|p1a: Ting-Lu
|-damage|p1a: Ting-Lu|41/100
|-hitcount|p1a: Ting-Lu|4
|move|p1a: Ting-Lu|Whirlwind|p2a: Iron Thorns
|-end|p2a: Iron Thorns|Quark Drive|[silent]
|drag|p2a: Reuniclus|Reuniclus, F, shiny|100/100
|
|-heal|p1a: Ting-Lu|47/100|[from] item: Leftovers
|upkeep
|turn|19
|
|t:|1779811781
|move|p1a: Ting-Lu|Ruination|p2a: Reuniclus
|-damage|p2a: Reuniclus|50/100
|move|p2a: Reuniclus|Drain Punch|p1a: Ting-Lu
|-supereffective|p1a: Ting-Lu
|-damage|p1a: Ting-Lu|36/100
|-heal|p2a: Reuniclus|57/100|[from] drain|[of] p1a: Ting-Lu
|
|-heal|p1a: Ting-Lu|42/100|[from] item: Leftovers
|-heal|p2a: Reuniclus|63/100|[from] item: Leftovers
|upkeep
|turn|20
|
|t:|1779811793
|switch|p1a: Dragonite|Dragonite, M|76/100 brn
|move|p2a: Reuniclus|Drain Punch|p1a: Dragonite
|-resisted|p1a: Dragonite
|-damage|p1a: Dragonite|73/100 brn
|-heal|p2a: Reuniclus|65/100|[from] drain|[of] p1a: Dragonite
|
|-heal|p2a: Reuniclus|71/100|[from] item: Leftovers
|-damage|p1a: Dragonite|66/100 brn|[from] brn
|upkeep
|turn|21
|
|t:|1779811802
|switch|p2a: Iron Thorns|Iron Thorns, shiny|88/100
|-damage|p2a: Iron Thorns|76/100|[from] Stealth Rock
|move|p1a: Dragonite|Ice Beam|p2a: Iron Thorns
|-damage|p2a: Iron Thorns|52/100
|
|-damage|p1a: Dragonite|60/100 brn|[from] brn
|upkeep
|turn|22
|
|t:|1779811825
|-terastallize|p1a: Dragonite|Steel
|move|p2a: Iron Thorns|Dragon Dance|p2a: Iron Thorns
|-boost|p2a: Iron Thorns|atk|1
|-boost|p2a: Iron Thorns|spe|1
|move|p1a: Dragonite|Encore|p2a: Iron Thorns
|-start|p2a: Iron Thorns|Encore
|
|-damage|p1a: Dragonite|54/100 brn|[from] brn
|upkeep
|turn|23
|
|t:|1779811834
|move|p2a: Iron Thorns|Dragon Dance|p2a: Iron Thorns
|-boost|p2a: Iron Thorns|atk|1
|-boost|p2a: Iron Thorns|spe|1
|move|p1a: Dragonite|Ice Beam|p2a: Iron Thorns
|-damage|p2a: Iron Thorns|26/100
|
|-damage|p1a: Dragonite|48/100 brn|[from] brn
|upkeep
|turn|24
|
|t:|1779811839
|move|p2a: Iron Thorns|Dragon Dance|p2a: Iron Thorns
|-boost|p2a: Iron Thorns|atk|1
|-boost|p2a: Iron Thorns|spe|1
|move|p1a: Dragonite|Ice Beam|p2a: Iron Thorns
|-damage|p2a: Iron Thorns|0 fnt
|faint|p2a: Iron Thorns
|-end|p2a: Iron Thorns|Quark Drive|[silent]
|
|-damage|p1a: Dragonite|41/100 brn|[from] brn
|upkeep
|
|t:|1779811847
|switch|p2a: Ceruledge|Ceruledge, F, shiny|100/100
|-damage|p2a: Ceruledge|76/100|[from] Stealth Rock
|turn|25
|
|t:|1779811866
|switch|p1a: Ting-Lu|Ting-Lu|42/100
|-ability|p1a: Ting-Lu|Vessel of Ruin
|move|p2a: Ceruledge|Bitter Blade|p1a: Ting-Lu
|-damage|p1a: Ting-Lu|15/100
|-heal|p2a: Ceruledge|99/100|[from] drain|[of] p1a: Ting-Lu
|
|-heal|p1a: Ting-Lu|22/100|[from] item: Leftovers
|upkeep
|turn|26
|
|t:|1779811879
|move|p2a: Ceruledge|Bitter Blade|p1a: Ting-Lu
|-damage|p1a: Ting-Lu|0 fnt
|-heal|p2a: Ceruledge|100/100|[from] drain|[of] p1a: Ting-Lu
|faint|p1a: Ting-Lu
|
|upkeep
|
|t:|1779811888
|switch|p1a: Dragonite|Dragonite, M, tera:Steel|41/100 brn
|turn|27
|
|t:|1779811892
|move|p2a: Ceruledge|Bitter Blade|p1a: Dragonite
|-supereffective|p1a: Dragonite
|-damage|p1a: Dragonite|0 fnt
|faint|p1a: Dragonite
|
|upkeep
|
|t:|1779811894
|switch|p1a: Salazzle|Salazzle, F|54/100
|turn|28
|
|t:|1779811900
|move|p1a: Salazzle|Toxic|p2a: Ceruledge
|-status|p2a: Ceruledge|tox
|move|p2a: Ceruledge|Shadow Claw|p1a: Salazzle
|-crit|p1a: Salazzle
|-damage|p1a: Salazzle|0 fnt
|faint|p1a: Salazzle
|
|win|CanSoup
|raw|OscarGamble's rating: 1331 &rarr; <strong>1308</strong><br />(-23 for losing)
|raw|CanSoup's rating: 1286 &rarr; <strong>1314</strong><br />(+28 for winning)
|l|☆CanSoup
|player|p2|
|l|☆OscarGamble
|player|p1|
