|j|☆bradfish1761
|j|☆rookwkmjn
|t:|1779878920
|gametype|singles
|player|p1|bradfish1761|elesa|1095
|player|p2|rookwkmjn|1|1000
|gen|9
|tier|[Gen 9] OU
|rated|
|rule|HP Percentage Mod: HP is shown in percentages
|rule|Endless Battle Clause: Forcing endless battles is banned
|rule|Species Clause: Limit one of each Pokémon
|rule|OHKO Clause: OHKO moves are banned
|rule|Evasion Items Clause: Evasion items are banned
|rule|Evasion Moves Clause: Evasion moves are banned
|rule|Evasion Abilities Clause: Evasion abilities are banned
|rule|Sleep Moves Clause: Sleep-inducing moves are banned
|clearpoke
|poke|p1|Electrode-Hisui|
|poke|p1|Pelipper, M|
|poke|p1|Gholdengo|
|poke|p1|Cinderace, F|
|poke|p1|Darkrai|
|poke|p1|Clodsire, M|
|poke|p2|Haxorus, M|
|poke|p2|Regieleki|
|poke|p2|Zamazenta-*|
|poke|p2|Ditto|
|poke|p2|Iron Valiant|
|poke|p2|Great Tusk|
|teampreview
|inactive|Battle timer is ON: inactive players will automatically lose when time's up. (requested by bradfish1761)
|
|t:|1779878933
|teamsize|p1|6
|teamsize|p2|6
|start
|switch|p1a: Pelipper|Pelipper, M|100/100
|switch|p2a: Ditto|Ditto, shiny|100/100
|-transform|p2a: Ditto|p1a: Pelipper|[from] ability: Imposter
|-weather|RainDance|[from] ability: Drizzle|[of] p2a: Ditto
|turn|1
|
|t:|1779878948
|switch|p1a: Clodsire|Clodsire, M|100/100
|move|p2a: Ditto|Hurricane|p1a: Clodsire
|-damage|p1a: Clodsire|66/100
|-start|p1a: Clodsire|confusion
|
|-weather|RainDance|[upkeep]
|upkeep
|turn|2
|
|t:|1779878956
|move|p2a: Ditto|Weather Ball|p1a: Clodsire
|-supereffective|p1a: Clodsire
|-damage|p1a: Clodsire|0 fnt
|faint|p1a: Clodsire
|
|-weather|RainDance|[upkeep]
|upkeep
|c|☆bradfish1761|No scarf
|
|t:|1779878980
|switch|p1a: Electrode|Electrode-Hisui|100/100
|turn|3
|
|t:|1779878984
|move|p1a: Electrode|Thunder|p2a: Ditto
|-supereffective|p2a: Ditto
|-enditem|p2a: Ditto|Focus Sash
|-damage|p2a: Ditto|1/100
|-status|p2a: Ditto|par
|move|p2a: Ditto|Ice Beam|p1a: Electrode
|-supereffective|p1a: Electrode
|-damage|p1a: Electrode|10/100
|
|-weather|RainDance|[upkeep]
|upkeep
|turn|4
|
|t:|1779878994
|switch|p1a: Pelipper|Pelipper, M|100/100
|move|p2a: Ditto|U-turn|p1a: Pelipper
|-resisted|p1a: Pelipper
|-damage|p1a: Pelipper|96/100
|
|t:|1779879001
|switch|p2a: Iron Valiant|Iron Valiant|100/100|[from] U-turn
|-enditem|p2a: Iron Valiant|Booster Energy
|-activate|p2a: Iron Valiant|ability: Quark Drive|[fromitem]
|-start|p2a: Iron Valiant|quarkdrivespe
|
|-weather|RainDance|[upkeep]
|upkeep
|turn|5
|
|t:|1779879010
|-terastallize|p1a: Pelipper|Ground
|move|p2a: Iron Valiant|Light Screen|p2a: Iron Valiant
|-sidestart|p2: rookwkmjn|move: Light Screen
|move|p1a: Pelipper|Hurricane|p2a: Iron Valiant
|-supereffective|p2a: Iron Valiant
|-damage|p2a: Iron Valiant|24/100
|
|-weather|none
|upkeep
|turn|6
|
|t:|1779879019
|move|p2a: Iron Valiant|Disable|p1a: Pelipper
|-start|p1a: Pelipper|Disable|Hurricane
|move|p1a: Pelipper|U-turn|p2a: Iron Valiant
|-resisted|p2a: Iron Valiant
|-damage|p2a: Iron Valiant|22/100
|
|t:|1779879025
|switch|p1a: Electrode|Electrode-Hisui|10/100|[from] U-turn
|
|upkeep
|turn|7
|
|t:|1779879030
|move|p2a: Iron Valiant|Zen Headbutt|p1a: Electrode
|-damage|p1a: Electrode|0 fnt
|-damage|p2a: Iron Valiant|0 fnt|[from] ability: Aftermath|[of] p1a: Electrode
|faint|p1a: Electrode
|faint|p2a: Iron Valiant
|-end|p2a: Iron Valiant|Quark Drive|[silent]
|
|upkeep
|
|t:|1779879037
|switch|p1a: Pelipper|Pelipper, M, tera:Ground|96/100
|switch|p2a: Ditto|Ditto, shiny|1/100 par
|-weather|RainDance|[from] ability: Drizzle|[of] p1a: Pelipper
|-transform|p2a: Ditto|p1a: Pelipper|[from] ability: Imposter
|turn|8
|
|t:|1779879044
|move|p1a: Pelipper|U-turn|p2a: Ditto
|-resisted|p2a: Ditto
|-damage|p2a: Ditto|0 fnt
|faint|p2a: Ditto
|
|t:|1779879052
|switch|p1a: Darkrai|Darkrai|100/100|[from] U-turn
|
|-weather|RainDance|[upkeep]
|upkeep
|
|t:|1779879057
|switch|p2a: Great Tusk|Great Tusk|100/100
|-enditem|p2a: Great Tusk|Booster Energy
|-activate|p2a: Great Tusk|ability: Protosynthesis|[fromitem]
|-start|p2a: Great Tusk|protosynthesisatk
|turn|9
|
|t:|1779879066
|switch|p1a: Pelipper|Pelipper, M, tera:Ground|96/100
|move|p2a: Great Tusk|Earthquake|p1a: Pelipper
|-damage|p1a: Pelipper|28/100
|
|-weather|RainDance|[upkeep]
|-sideend|p2: rookwkmjn|move: Light Screen
|upkeep
|turn|10
|
|t:|1779879074
|move|p2a: Great Tusk|Body Slam|p1a: Pelipper
|-damage|p1a: Pelipper|0 fnt
|faint|p1a: Pelipper
|
|-weather|RainDance|[upkeep]
|upkeep
|
|t:|1779879078
|switch|p1a: Darkrai|Darkrai|100/100
|turn|11
|
|t:|1779879084
|move|p1a: Darkrai|Psychic|p2a: Great Tusk
|-supereffective|p2a: Great Tusk
|-damage|p2a: Great Tusk|1/100
|move|p2a: Great Tusk|Earthquake|p1a: Darkrai
|-damage|p1a: Darkrai|15/100
|
|-weather|RainDance|[upkeep]
|upkeep
|turn|12
|
|t:|1779879091
|move|p2a: Great Tusk|Protect|p2a: Great Tusk
|-singleturn|p2a: Great Tusk|Protect
|move|p1a: Darkrai|Psychic|p2a: Great Tusk
|-activate|p2a: Great Tusk|move: Protect
|
|-weather|RainDance|[upkeep]
|upkeep
|turn|13
|
|t:|1779879097
|move|p1a: Darkrai|Psychic|p2a: Great Tusk
|-supereffective|p2a: Great Tusk
|-damage|p2a: Great Tusk|0 fnt
|faint|p2a: Great Tusk
|-end|p2a: Great Tusk|Protosynthesis|[silent]
|
|-weather|RainDance|[upkeep]
|upkeep
|
|t:|1779879102
|switch|p2a: Regieleki|Regieleki|100/100
|turn|14
|
|t:|1779879106
|switch|p1a: Cinderace|Cinderace, F|100/100
|move|p2a: Regieleki|Extreme Speed|p1a: Cinderace
|-damage|p1a: Cinderace|63/100
|
|-weather|RainDance|[upkeep]
|upkeep
|turn|15
|
|t:|1779879113
|move|p2a: Regieleki|Substitute|p2a: Regieleki
|-start|p2a: Regieleki|Substitute
|-damage|p2a: Regieleki|76/100
|move|p1a: Cinderace|Will-O-Wisp||[still]
|-fail|p1a: Cinderace
|
|-weather|none
|upkeep
|turn|16
|
|t:|1779879118
|move|p2a: Regieleki|Extreme Speed|p1a: Cinderace
|-damage|p1a: Cinderace|27/100
|move|p1a: Cinderace|Pyro Ball|p2a: Regieleki
|-end|p2a: Regieleki|Substitute
|
|upkeep
|turn|17
|
|t:|1779879125
|switch|p1a: Gholdengo|Gholdengo|100/100
|move|p2a: Regieleki|Extreme Speed|p1a: Gholdengo
|-immune|p1a: Gholdengo
|
|upkeep
|turn|18
|
|t:|1779879133
|move|p2a: Regieleki|Thunderbolt|p1a: Gholdengo
|-damage|p1a: Gholdengo|57/100
|move|p1a: Gholdengo|Dazzling Gleam|p2a: Regieleki
|-damage|p2a: Regieleki|13/100
|
|upkeep
|turn|19
|
|t:|1779879140
|move|p2a: Regieleki|Substitute|p2a: Regieleki
|-fail|p2a: Regieleki|move: Substitute|[weak]
|move|p1a: Gholdengo|Dazzling Gleam|p2a: Regieleki
|-damage|p2a: Regieleki|0 fnt
|faint|p2a: Regieleki
|
|upkeep
|
|t:|1779879147
|switch|p2a: Zamazenta|Zamazenta|100/100
|-ability|p2a: Zamazenta|Dauntless Shield|boost
|-boost|p2a: Zamazenta|def|1
|turn|20
|
|t:|1779879164
|switch|p2a: Haxorus|Haxorus, M|100/100
|-ability|p2a: Haxorus|Mold Breaker
|-item|p2a: Haxorus|Air Balloon
|move|p1a: Gholdengo|Dazzling Gleam|p2a: Haxorus
|-supereffective|p2a: Haxorus
|-damage|p2a: Haxorus|0 fnt
|-enditem|p2a: Haxorus|Air Balloon
|faint|p2a: Haxorus
|
|upkeep
|
|t:|1779879173
|switch|p2a: Zamazenta|Zamazenta|100/100
|turn|21
|
|t:|1779879176
|move|p2a: Zamazenta|Moonblast|p1a: Gholdengo
|-resisted|p1a: Gholdengo
|-damage|p1a: Gholdengo|47/100
|-unboost|p1a: Gholdengo|spa|1
|move|p1a: Gholdengo|Dazzling Gleam|p2a: Zamazenta
|-supereffective|p2a: Zamazenta
|-damage|p2a: Zamazenta|71/100
|
|upkeep
|turn|22
|
|t:|1779879184
|-terastallize|p2a: Zamazenta|Fighting
|move|p2a: Zamazenta|Moonblast|p1a: Gholdengo
|-resisted|p1a: Gholdengo
|-damage|p1a: Gholdengo|35/100
|move|p1a: Gholdengo|Dazzling Gleam|p2a: Zamazenta
|-supereffective|p2a: Zamazenta
|-damage|p2a: Zamazenta|40/100
|
|upkeep
|turn|23
|
|t:|1779879192
|move|p2a: Zamazenta|Moonblast|p1a: Gholdengo
|-resisted|p1a: Gholdengo
|-damage|p1a: Gholdengo|24/100
|move|p1a: Gholdengo|Dazzling Gleam|p2a: Zamazenta
|-supereffective|p2a: Zamazenta
|-damage|p2a: Zamazenta|6/100
|
|upkeep
|turn|24
|
|t:|1779879198
|move|p2a: Zamazenta|Moonblast|p1a: Gholdengo
|-resisted|p1a: Gholdengo
|-damage|p1a: Gholdengo|13/100
|-unboost|p1a: Gholdengo|spa|1
|move|p1a: Gholdengo|Dazzling Gleam|p2a: Zamazenta
|-supereffective|p2a: Zamazenta
|-crit|p2a: Zamazenta
|-damage|p2a: Zamazenta|0 fnt
|faint|p2a: Zamazenta
|
|win|bradfish1761
|raw|bradfish1761's rating: 1095 &rarr; <strong>1114</strong><br />(+19 for winning)
|raw|rookwkmjn's rating: 1000 &rarr; <strong>1000</strong><br />(+0 for losing)
|c|☆bradfish1761|Gg
