|j|☆claudechamp
|j|☆Dragavian NTK
|t:|1779899131
|gametype|singles
|player|p1|claudechamp|169|1334
|player|p2|Dragavian NTK|pokekid|1339
|gen|9
|tier|[Gen 9] OU
|rated|
|rule|HP Percentage Mod: HP is shown in percentages
|rule|Endless Battle Clause: Forcing endless battles is banned
|rule|Species Clause: Limit one of each Pokémon
|rule|OHKO Clause: OHKO moves are banned
|rule|Evasion Items Clause: Evasion items are banned
|rule|Evasion Moves Clause: Evasion moves are banned
|rule|Evasion Abilities Clause: Evasion abilities are banned
|rule|Sleep Moves Clause: Sleep-inducing moves are banned
|clearpoke
|poke|p1|Gliscor, F|
|poke|p1|Gholdengo|
|poke|p1|Zamazenta-*|
|poke|p1|Blissey, F|
|poke|p1|Skarmory, M|
|poke|p1|Pecharunt|
|poke|p2|Dragonite, M|
|poke|p2|Dragapult, F|
|poke|p2|Scizor, M|
|poke|p2|Cresselia, F|
|poke|p2|Heatran, M|
|poke|p2|Ogerpon-Wellspring, F|
|teampreview
|inactive|Battle timer is ON: inactive players will automatically lose when time's up. (requested by Dragavian NTK)
|c|☆claudechamp|hf
|inactive|claudechamp also wants the timer to be on.
|
|t:|1779899138
|teamsize|p1|6
|teamsize|p2|6
|start
|switch|p1a: Skarmory|Skarmory, M|100/100
|switch|p2a: Ogerpon|Ogerpon-Wellspring, F|100/100
|turn|1
|inactive|claudechamp has 120 seconds left.
|
|t:|1779899175
|move|p2a: Ogerpon|Ivy Cudgel|p1a: Skarmory|[anim] Ivy Cudgel Water
|-crit|p1a: Skarmory
|-damage|p1a: Skarmory|49/100
|move|p1a: Skarmory|Spikes|p2a: Ogerpon
|-sidestart|p2: Dragavian NTK|Spikes
|
|upkeep
|turn|2
|inactive|claudechamp has 120 seconds left.
|
|t:|1779899196
|move|p2a: Ogerpon|Ivy Cudgel|p1a: Skarmory|[anim] Ivy Cudgel Water
|-damage|p1a: Skarmory|11/100
|move|p1a: Skarmory|Roost|p1a: Skarmory
|-heal|p1a: Skarmory|61/100
|-singleturn|p1a: Skarmory|move: Roost
|
|upkeep
|turn|3
|inactive|claudechamp has 120 seconds left.
|
|t:|1779899204
|move|p2a: Ogerpon|Encore|p1a: Skarmory
|-start|p1a: Skarmory|Encore
|move|p1a: Skarmory|Roost|p1a: Skarmory
|-heal|p1a: Skarmory|100/100
|-singleturn|p1a: Skarmory|move: Roost
|
|upkeep
|turn|4
|
|t:|1779899211
|switch|p1a: Pecharunt|Pecharunt|100/100
|move|p2a: Ogerpon|Swords Dance|p2a: Ogerpon
|-boost|p2a: Ogerpon|atk|2
|
|upkeep
|turn|5
|
|t:|1779899223
|move|p2a: Ogerpon|Ivy Cudgel|p1a: Pecharunt|[anim] Ivy Cudgel Water
|-damage|p1a: Pecharunt|44/100
|move|p1a: Pecharunt|Shadow Ball|p2a: Ogerpon
|-damage|p2a: Ogerpon|72/100
|
|upkeep
|turn|6
|inactive|claudechamp has 120 seconds left.
|
|t:|1779899239
|switch|p1a: Zamazenta|Zamazenta|100/100
|-ability|p1a: Zamazenta|Dauntless Shield|boost
|-boost|p1a: Zamazenta|def|1
|move|p2a: Ogerpon|Ivy Cudgel|p1a: Zamazenta|[anim] Ivy Cudgel Water
|-damage|p1a: Zamazenta|30/100
|
|upkeep
|turn|7
|
|t:|1779899247
|move|p1a: Zamazenta|Close Combat|p2a: Ogerpon
|-damage|p2a: Ogerpon|0 fnt
|-unboost|p1a: Zamazenta|def|1
|-unboost|p1a: Zamazenta|spd|1
|faint|p2a: Ogerpon
|
|upkeep
|
|t:|1779899251
|switch|p2a: Scizor|Scizor, M|100/100
|-damage|p2a: Scizor|88/100|[from] Spikes
|turn|8
|
|t:|1779899267
|switch|p1a: Gliscor|Gliscor, F|100/100
|move|p2a: Scizor|Defog|p1a: Gliscor
|-unboost|p1a: Gliscor|evasion|1
|-sideend|p2: Dragavian NTK|Spikes|[from] move: Defog|[of] p2a: Scizor
|
|-heal|p2a: Scizor|94/100|[from] item: Leftovers
|-status|p1a: Gliscor|tox|[from] item: Toxic Orb
|upkeep
|turn|9
|
|t:|1779899279
|move|p1a: Gliscor|Swords Dance|p1a: Gliscor
|-boost|p1a: Gliscor|atk|2
|move|p2a: Scizor|Knock Off|p1a: Gliscor
|-damage|p1a: Gliscor|70/100 tox
|-enditem|p1a: Gliscor|Toxic Orb|[from] move: Knock Off|[of] p2a: Scizor
|
|-heal|p2a: Scizor|99/100|[from] item: Leftovers
|-heal|p1a: Gliscor|83/100 tox|[from] ability: Poison Heal
|upkeep
|turn|10
|
|t:|1779899297
|move|p1a: Gliscor|Knock Off|p2a: Scizor
|-damage|p2a: Scizor|61/100
|-enditem|p2a: Scizor|Leftovers|[from] move: Knock Off|[of] p1a: Gliscor
|move|p2a: Scizor|U-turn|p1a: Gliscor
|-resisted|p1a: Gliscor
|-damage|p1a: Gliscor|66/100 tox
|
|t:|1779899303
|switch|p2a: Dragapult|Dragapult, F|100/100|[from] U-turn
|
|-heal|p1a: Gliscor|78/100 tox|[from] ability: Poison Heal
|upkeep
|turn|11
|
|t:|1779899311
|move|p2a: Dragapult|Draco Meteor|p1a: Gliscor
|-damage|p1a: Gliscor|0 fnt
|-unboost|p2a: Dragapult|spa|2
|faint|p1a: Gliscor
|
|upkeep
|
|t:|1779899327
|switch|p1a: Gholdengo|Gholdengo|100/100
|turn|12
|
|t:|1779899335
|switch|p2a: Scizor|Scizor, M|61/100
|move|p1a: Gholdengo|Nasty Plot|p1a: Gholdengo
|-boost|p1a: Gholdengo|spa|2
|
|upkeep
|turn|13
|
|t:|1779899347
|move|p1a: Gholdengo|Hex|p2a: Scizor
|-damage|p2a: Scizor|0 fnt
|faint|p2a: Scizor
|
|upkeep
|
|t:|1779899351
|switch|p2a: Dragapult|Dragapult, F|100/100
|turn|14
|
|t:|1779899358
|move|p2a: Dragapult|Shadow Ball|p1a: Gholdengo
|-supereffective|p1a: Gholdengo
|-damage|p1a: Gholdengo|0 fnt
|faint|p1a: Gholdengo
|
|upkeep
|
|t:|1779899372
|switch|p1a: Blissey|Blissey, F|100/100
|turn|15
|inactive|Dragavian NTK has 120 seconds left.
|
|t:|1779899403
|switch|p2a: Dragonite|Dragonite, M|100/100
|move|p1a: Blissey|Stealth Rock|p2a: Dragonite
|-sidestart|p2: Dragavian NTK|move: Stealth Rock
|
|upkeep
|turn|16
|
|t:|1779899416
|switch|p1a: Skarmory|Skarmory, M|100/100
|move|p2a: Dragonite|Dragon Dance|p2a: Dragonite
|-boost|p2a: Dragonite|atk|1
|-boost|p2a: Dragonite|spe|1
|
|upkeep
|turn|17
|
|t:|1779899430
|switch|p2a: Heatran|Heatran, M|100/100
|-damage|p2a: Heatran|88/100|[from] Stealth Rock
|-item|p2a: Heatran|Air Balloon
|move|p1a: Skarmory|Whirlwind|p2a: Heatran
|drag|p2a: Dragonite|Dragonite, M|100/100
|
|upkeep
|turn|18
|
|t:|1779899445
|move|p2a: Dragonite|Dragon Dance|p2a: Dragonite
|-boost|p2a: Dragonite|atk|1
|-boost|p2a: Dragonite|spe|1
|move|p1a: Skarmory|Body Press|p2a: Dragonite
|-resisted|p2a: Dragonite
|-damage|p2a: Dragonite|92/100
|
|upkeep
|turn|19
|
|t:|1779899462
|move|p2a: Dragonite|Extreme Speed|p1a: Skarmory
|-resisted|p1a: Skarmory
|-damage|p1a: Skarmory|86/100
|move|p1a: Skarmory|Whirlwind|p2a: Dragonite
|drag|p2a: Cresselia|Cresselia, F|100/100
|-damage|p2a: Cresselia|88/100|[from] Stealth Rock
|
|upkeep
|turn|20
|
|t:|1779899472
|switch|p1a: Blissey|Blissey, F|100/100
|move|p2a: Cresselia|Moonblast|p1a: Blissey
|-damage|p1a: Blissey|95/100
|
|upkeep
|turn|21
|
|t:|1779899484
|switch|p1a: Pecharunt|Pecharunt|44/100
|move|p2a: Cresselia|Calm Mind|p2a: Cresselia
|-boost|p2a: Cresselia|spa|1
|-boost|p2a: Cresselia|spd|1
|
|upkeep
|turn|22
|
|t:|1779899497
|-terastallize|p1a: Pecharunt|Fairy
|-terastallize|p2a: Cresselia|Poison
|move|p1a: Pecharunt|Recover|p1a: Pecharunt
|-heal|p1a: Pecharunt|94/100
|move|p2a: Cresselia|Calm Mind|p2a: Cresselia
|-boost|p2a: Cresselia|spa|1
|-boost|p2a: Cresselia|spd|1
|
|upkeep
|turn|23
|
|t:|1779899507
|switch|p1a: Skarmory|Skarmory, M|86/100
|move|p2a: Cresselia|Calm Mind|p2a: Cresselia
|-boost|p2a: Cresselia|spa|1
|-boost|p2a: Cresselia|spd|1
|
|upkeep
|turn|24
|
|t:|1779899525
|move|p2a: Cresselia|Stored Power|p1a: Skarmory
|-resisted|p1a: Skarmory
|-damage|p1a: Skarmory|23/100
|move|p1a: Skarmory|Whirlwind|p2a: Cresselia
|drag|p2a: Dragapult|Dragapult, F|100/100
|-damage|p2a: Dragapult|88/100|[from] Stealth Rock
|
|upkeep
|turn|25
|
|t:|1779899535
|switch|p1a: Blissey|Blissey, F|95/100
|move|p2a: Dragapult|Flamethrower|p1a: Blissey
|-damage|p1a: Blissey|83/100
|
|upkeep
|turn|26
|
|t:|1779899550
|switch|p2a: Cresselia|Cresselia, F, tera:Poison|88/100
|-damage|p2a: Cresselia|76/100|[from] Stealth Rock
|move|p1a: Blissey|Calm Mind|p1a: Blissey
|-boost|p1a: Blissey|spa|1
|-boost|p1a: Blissey|spd|1
|
|upkeep
|turn|27
|
|t:|1779899563
|switch|p2a: Dragonite|Dragonite, M|92/100
|move|p1a: Blissey|Shadow Ball|p2a: Dragonite
|-damage|p2a: Dragonite|72/100
|
|upkeep
|turn|28
|
|t:|1779899570
|move|p2a: Dragonite|Earthquake|p1a: Blissey
|-damage|p1a: Blissey|41/100
|move|p1a: Blissey|Shadow Ball|p2a: Dragonite
|-damage|p2a: Dragonite|50/100
|
|upkeep
|turn|29
|
|t:|1779899584
|switch|p1a: Pecharunt|Pecharunt, tera:Fairy|94/100
|move|p2a: Dragonite|Roost|p2a: Dragonite
|-heal|p2a: Dragonite|99/100
|-singleturn|p2a: Dragonite|move: Roost
|
|upkeep
|turn|30
|
|t:|1779899601
|switch|p2a: Cresselia|Cresselia, F, tera:Poison|76/100
|-damage|p2a: Cresselia|63/100|[from] Stealth Rock
|move|p1a: Pecharunt|Parting Shot|p2a: Cresselia
|-unboost|p2a: Cresselia|atk|1
|-unboost|p2a: Cresselia|spa|1
|
|t:|1779899614
|switch|p1a: Skarmory|Skarmory, M|23/100|[from] Parting Shot
|
|upkeep
|turn|31
|
|t:|1779899629
|move|p2a: Cresselia|Moonlight|p2a: Cresselia
|-heal|p2a: Cresselia|100/100
|move|p1a: Skarmory|Roost|p1a: Skarmory
|-heal|p1a: Skarmory|73/100
|-singleturn|p1a: Skarmory|move: Roost
|
|upkeep
|turn|32
|
|t:|1779899640
|move|p2a: Cresselia|Calm Mind|p2a: Cresselia
|-boost|p2a: Cresselia|spa|1
|-boost|p2a: Cresselia|spd|1
|move|p1a: Skarmory|Whirlwind|p2a: Cresselia
|drag|p2a: Heatran|Heatran, M|88/100
|-damage|p2a: Heatran|76/100|[from] Stealth Rock
|-item|p2a: Heatran|Air Balloon
|
|upkeep
|turn|33
|
|t:|1779899649
|switch|p1a: Blissey|Blissey, F|41/100
|move|p2a: Heatran|Stealth Rock|p1a: Blissey
|-sidestart|p1: claudechamp|move: Stealth Rock
|
|upkeep
|turn|34
|
|t:|1779899654
|move|p2a: Heatran|Taunt|p1a: Blissey
|-start|p1a: Blissey|move: Taunt
|cant|p1a: Blissey|move: Taunt|Soft-Boiled
|
|upkeep
|turn|35
|
|t:|1779899666
|move|p2a: Heatran|Lava Plume|p1a: Blissey
|-damage|p1a: Blissey|28/100
|move|p1a: Blissey|Shadow Ball|p2a: Heatran
|-damage|p2a: Heatran|62/100
|-enditem|p2a: Heatran|Air Balloon
|
|upkeep
|turn|36
|
|t:|1779899677
|switch|p1a: Pecharunt|Pecharunt, tera:Fairy|94/100
|move|p2a: Heatran|Lava Plume|p1a: Pecharunt
|-damage|p1a: Pecharunt|50/100
|
|upkeep
|turn|37
|
|t:|1779899687
|move|p1a: Pecharunt|Recover|p1a: Pecharunt
|-heal|p1a: Pecharunt|99/100
|move|p2a: Heatran|Lava Plume|p1a: Pecharunt
|-damage|p1a: Pecharunt|52/100
|
|upkeep
|turn|38
|
|t:|1779899701
|move|p1a: Pecharunt|Parting Shot|p2a: Heatran
|-unboost|p2a: Heatran|atk|1
|-unboost|p2a: Heatran|spa|1
|
|t:|1779899711
|switch|p1a: Blissey|Blissey, F|28/100|[from] Parting Shot
|move|p2a: Heatran|Lava Plume|p1a: Blissey
|-damage|p1a: Blissey|18/100
|
|upkeep
|turn|39
|
|t:|1779899722
|move|p2a: Heatran|Taunt|p1a: Blissey
|-start|p1a: Blissey|move: Taunt
|cant|p1a: Blissey|move: Taunt|Soft-Boiled
|
|upkeep
|turn|40
|
|t:|1779899733
|switch|p1a: Pecharunt|Pecharunt, tera:Fairy|52/100
|move|p2a: Heatran|Lava Plume|p1a: Pecharunt
|-damage|p1a: Pecharunt|21/100
|
|upkeep
|turn|41
|
|t:|1779899745
|move|p1a: Pecharunt|Recover|p1a: Pecharunt
|-heal|p1a: Pecharunt|71/100
|move|p2a: Heatran|Taunt|p1a: Pecharunt
|-start|p1a: Pecharunt|move: Taunt
|
|upkeep
|turn|42
|
|t:|1779899755
|switch|p1a: Blissey|Blissey, F|18/100
|move|p2a: Heatran|Lava Plume|p1a: Blissey
|-damage|p1a: Blissey|8/100
|
|upkeep
|turn|43
|
|t:|1779899766
|switch|p1a: Pecharunt|Pecharunt, tera:Fairy|71/100
|move|p2a: Heatran|Taunt|p1a: Pecharunt
|-start|p1a: Pecharunt|move: Taunt
|
|upkeep
|turn|44
|
|t:|1779899781
|move|p1a: Pecharunt|Shadow Ball|p2a: Heatran
|-damage|p2a: Heatran|41/100
|move|p2a: Heatran|Lava Plume|p1a: Pecharunt
|-damage|p1a: Pecharunt|42/100
|
|upkeep
|turn|45
|
|t:|1779899793
|move|p1a: Pecharunt|Shadow Ball|p2a: Heatran
|-damage|p2a: Heatran|19/100
|move|p2a: Heatran|Lava Plume|p1a: Pecharunt
|-damage|p1a: Pecharunt|12/100
|-status|p1a: Pecharunt|brn
|
|-damage|p1a: Pecharunt|6/100 brn|[from] brn
|-end|p1a: Pecharunt|move: Taunt
|upkeep
|turn|46
|
|t:|1779899804
|switch|p2a: Dragapult|Dragapult, F|88/100
|-damage|p2a: Dragapult|76/100|[from] Stealth Rock
|move|p1a: Pecharunt|Recover|p1a: Pecharunt
|-heal|p1a: Pecharunt|56/100 brn
|
|-damage|p1a: Pecharunt|50/100 brn|[from] brn
|upkeep
|turn|47
|
|t:|1779899820
|move|p2a: Dragapult|Flamethrower|p1a: Pecharunt
|-damage|p1a: Pecharunt|4/100 brn
|move|p1a: Pecharunt|Shadow Ball|p2a: Dragapult
|-supereffective|p2a: Dragapult
|-damage|p2a: Dragapult|13/100
|
|-damage|p1a: Pecharunt|0 fnt|[from] brn
|faint|p1a: Pecharunt
|upkeep
|
|t:|1779899832
|switch|p1a: Zamazenta|Zamazenta|30/100
|turn|48
|
|t:|1779899842
|move|p1a: Zamazenta|Ice Fang|p2a: Dragapult
|-supereffective|p2a: Dragapult
|-damage|p2a: Dragapult|0 fnt
|faint|p2a: Dragapult
|
|upkeep
|
|t:|1779899856
|switch|p2a: Cresselia|Cresselia, F, tera:Poison|100/100
|-damage|p2a: Cresselia|88/100|[from] Stealth Rock
|turn|49
|
|t:|1779899870
|switch|p1a: Skarmory|Skarmory, M|73/100
|move|p2a: Cresselia|Moonblast|p1a: Skarmory
|-resisted|p1a: Skarmory
|-damage|p1a: Skarmory|62/100
|
|upkeep
|turn|50
|
|t:|1779899885
|move|p2a: Cresselia|Calm Mind|p2a: Cresselia
|-boost|p2a: Cresselia|spa|1
|-boost|p2a: Cresselia|spd|1
|move|p1a: Skarmory|Roost|p1a: Skarmory
|-heal|p1a: Skarmory|100/100
|-singleturn|p1a: Skarmory|move: Roost
|
|upkeep
|turn|51
|
|t:|1779899900
|move|p2a: Cresselia|Moonblast|p1a: Skarmory
|-resisted|p1a: Skarmory
|-damage|p1a: Skarmory|84/100
|move|p1a: Skarmory|Whirlwind|p2a: Cresselia
|drag|p2a: Heatran|Heatran, M|19/100
|-damage|p2a: Heatran|7/100|[from] Stealth Rock
|
|upkeep
|turn|52
|
|t:|1779899912
|move|p1a: Skarmory|Body Press|p2a: Heatran
|-supereffective|p2a: Heatran
|-damage|p2a: Heatran|0 fnt
|faint|p2a: Heatran
|
|upkeep
|
|t:|1779899924
|switch|p2a: Dragonite|Dragonite, M|99/100
|turn|53
|
|t:|1779899935
|move|p2a: Dragonite|Dragon Dance|p2a: Dragonite
|-boost|p2a: Dragonite|atk|1
|-boost|p2a: Dragonite|spe|1
|move|p1a: Skarmory|Whirlwind|p2a: Dragonite
|drag|p2a: Cresselia|Cresselia, F, tera:Poison|88/100
|-damage|p2a: Cresselia|76/100|[from] Stealth Rock
|
|upkeep
|turn|54
|
|t:|1779899949
|move|p2a: Cresselia|Calm Mind|p2a: Cresselia
|-boost|p2a: Cresselia|spa|1
|-boost|p2a: Cresselia|spd|1
|move|p1a: Skarmory|Roost|p1a: Skarmory
|-heal|p1a: Skarmory|100/100
|-singleturn|p1a: Skarmory|move: Roost
|
|upkeep
|turn|55
|
|t:|1779899965
|move|p2a: Cresselia|Moonblast|p1a: Skarmory
|-resisted|p1a: Skarmory
|-damage|p1a: Skarmory|81/100
|move|p1a: Skarmory|Whirlwind|p2a: Cresselia
|drag|p2a: Dragonite|Dragonite, M|99/100
|
|upkeep
|turn|56
|
|t:|1779899980
|move|p2a: Dragonite|Roost|p2a: Dragonite
|-heal|p2a: Dragonite|100/100
|-singleturn|p2a: Dragonite|move: Roost
|move|p1a: Skarmory|Roost|p1a: Skarmory
|-heal|p1a: Skarmory|100/100
|-singleturn|p1a: Skarmory|move: Roost
|
|upkeep
|turn|57
|
|t:|1779899988
|move|p2a: Dragonite|Extreme Speed|p1a: Skarmory
|-resisted|p1a: Skarmory
|-damage|p1a: Skarmory|91/100
|move|p1a: Skarmory|Whirlwind|p2a: Dragonite
|drag|p2a: Cresselia|Cresselia, F, tera:Poison|76/100
|-damage|p2a: Cresselia|63/100|[from] Stealth Rock
|
|upkeep
|turn|58
|
|t:|1779900002
|move|p2a: Cresselia|Moonblast|p1a: Skarmory
|-resisted|p1a: Skarmory
|-damage|p1a: Skarmory|79/100
|-unboost|p1a: Skarmory|spa|1
|move|p1a: Skarmory|Roost|p1a: Skarmory
|-heal|p1a: Skarmory|100/100
|-singleturn|p1a: Skarmory|move: Roost
|
|upkeep
|turn|59
|
|t:|1779900014
|move|p2a: Cresselia|Moonlight|p2a: Cresselia
|-heal|p2a: Cresselia|100/100
|move|p1a: Skarmory|Whirlwind|p2a: Cresselia
|drag|p2a: Dragonite|Dragonite, M|100/100
|
|upkeep
|turn|60
|
|t:|1779900026
|move|p2a: Dragonite|Extreme Speed|p1a: Skarmory
|-resisted|p1a: Skarmory
|-damage|p1a: Skarmory|91/100
|move|p1a: Skarmory|Body Press|p2a: Dragonite
|-resisted|p2a: Dragonite
|-damage|p2a: Dragonite|93/100
|
|upkeep
|turn|61
|
|t:|1779900037
|move|p2a: Dragonite|Extreme Speed|p1a: Skarmory
|-resisted|p1a: Skarmory
|-damage|p1a: Skarmory|81/100
|move|p1a: Skarmory|Whirlwind|p2a: Dragonite
|drag|p2a: Cresselia|Cresselia, F, tera:Poison|100/100
|-damage|p2a: Cresselia|88/100|[from] Stealth Rock
|
|upkeep
|turn|62
|
|t:|1779900053
|move|p2a: Cresselia|Moonblast|p1a: Skarmory
|-resisted|p1a: Skarmory
|-damage|p1a: Skarmory|69/100
|-unboost|p1a: Skarmory|spa|1
|move|p1a: Skarmory|Roost|p1a: Skarmory
|-heal|p1a: Skarmory|100/100
|-singleturn|p1a: Skarmory|move: Roost
|
|upkeep
|turn|63
|
|t:|1779900064
|move|p2a: Cresselia|Moonblast|p1a: Skarmory
|-resisted|p1a: Skarmory
|-damage|p1a: Skarmory|89/100
|move|p1a: Skarmory|Whirlwind|p2a: Cresselia
|drag|p2a: Dragonite|Dragonite, M|93/100
|
|upkeep
|turn|64
|
|t:|1779900075
|move|p2a: Dragonite|Extreme Speed|p1a: Skarmory
|-resisted|p1a: Skarmory
|-damage|p1a: Skarmory|78/100
|move|p1a: Skarmory|Body Press|p2a: Dragonite
|-resisted|p2a: Dragonite
|-damage|p2a: Dragonite|76/100
|
|upkeep
|turn|65
|
|t:|1779900090
|move|p2a: Dragonite|Extreme Speed|p1a: Skarmory
|-resisted|p1a: Skarmory
|-damage|p1a: Skarmory|68/100
|move|p1a: Skarmory|Whirlwind|p2a: Dragonite
|drag|p2a: Cresselia|Cresselia, F, tera:Poison|88/100
|-damage|p2a: Cresselia|76/100|[from] Stealth Rock
|
|upkeep
|turn|66
|
|t:|1779900102
|switch|p1a: Zamazenta|Zamazenta|30/100
|move|p2a: Cresselia|Moonblast|p1a: Zamazenta
|-supereffective|p1a: Zamazenta
|-damage|p1a: Zamazenta|0 fnt
|faint|p1a: Zamazenta
|
|upkeep
|
|t:|1779900112
|switch|p1a: Blissey|Blissey, F|8/100
|turn|67
|
|t:|1779900123
|move|p2a: Cresselia|Moonblast|p1a: Blissey
|-damage|p1a: Blissey|3/100
|-unboost|p1a: Blissey|spa|1
|move|p1a: Blissey|Soft-Boiled|p1a: Blissey
|-heal|p1a: Blissey|53/100
|
|upkeep
|turn|68
|inactive|claudechamp has 120 seconds left.
|
|t:|1779900139
|switch|p2a: Dragonite|Dragonite, M|76/100
|move|p1a: Blissey|Soft-Boiled|p1a: Blissey
|-heal|p1a: Blissey|100/100
|
|upkeep
|turn|69
|inactive|claudechamp has 120 seconds left.
|
|t:|1779900155
|move|p2a: Dragonite|Dragon Dance|p2a: Dragonite
|-boost|p2a: Dragonite|atk|1
|-boost|p2a: Dragonite|spe|1
|move|p1a: Blissey|Shadow Ball|p2a: Dragonite
|-damage|p2a: Dragonite|66/100
|
|upkeep
|turn|70
|inactive|claudechamp has 120 seconds left.
|
|t:|1779900167
|move|p2a: Dragonite|Earthquake|p1a: Blissey
|-damage|p1a: Blissey|40/100
|move|p1a: Blissey|Shadow Ball|p2a: Dragonite
|-damage|p2a: Dragonite|56/100
|
|upkeep
|turn|71
|inactive|claudechamp has 120 seconds left.
|
|t:|1779900182
|switch|p1a: Skarmory|Skarmory, M|68/100
|move|p2a: Dragonite|Earthquake|p1a: Skarmory
|-immune|p1a: Skarmory
|
|upkeep
|turn|72
|inactive|claudechamp has 120 seconds left.
|
|t:|1779900192
|move|p2a: Dragonite|Roost|p2a: Dragonite
|-heal|p2a: Dragonite|100/100
|-singleturn|p2a: Dragonite|move: Roost
|move|p1a: Skarmory|Whirlwind|p2a: Dragonite
|drag|p2a: Cresselia|Cresselia, F, tera:Poison|76/100
|-damage|p2a: Cresselia|63/100|[from] Stealth Rock
|
|upkeep
|turn|73
|inactive|claudechamp has 120 seconds left.
|
|t:|1779900203
|move|p2a: Cresselia|Moonblast|p1a: Skarmory
|-resisted|p1a: Skarmory
|-damage|p1a: Skarmory|57/100
|-unboost|p1a: Skarmory|spa|1
|move|p1a: Skarmory|Body Press|p2a: Cresselia
|-resisted|p2a: Cresselia
|-damage|p2a: Cresselia|55/100
|
|upkeep
|turn|74
|inactive|claudechamp has 120 seconds left.
|
|t:|1779900211
|move|p2a: Cresselia|Moonblast|p1a: Skarmory
|-resisted|p1a: Skarmory
|-damage|p1a: Skarmory|45/100
|move|p1a: Skarmory|Whirlwind|p2a: Cresselia
|drag|p2a: Dragonite|Dragonite, M|100/100
|
|upkeep
|turn|75
|
|t:|1779900219
|move|p2a: Dragonite|Extreme Speed|p1a: Skarmory
|-resisted|p1a: Skarmory
|-crit|p1a: Skarmory
|-damage|p1a: Skarmory|31/100
|move|p1a: Skarmory|Whirlwind|p2a: Dragonite
|drag|p2a: Cresselia|Cresselia, F, tera:Poison|55/100
|-damage|p2a: Cresselia|43/100|[from] Stealth Rock
|
|upkeep
|turn|76
|
|t:|1779900227
|switch|p1a: Blissey|Blissey, F|40/100
|move|p2a: Cresselia|Moonlight|p2a: Cresselia
|-heal|p2a: Cresselia|93/100
|
|upkeep
|turn|77
|
|t:|1779900234
|switch|p2a: Dragonite|Dragonite, M|100/100
|move|p1a: Blissey|Soft-Boiled|p1a: Blissey
|-heal|p1a: Blissey|90/100
|
|upkeep
|turn|78
|
|t:|1779900242
|move|p2a: Dragonite|Dragon Dance|p2a: Dragonite
|-boost|p2a: Dragonite|atk|1
|-boost|p2a: Dragonite|spe|1
|move|p1a: Blissey|Shadow Ball|p2a: Dragonite
|-damage|p2a: Dragonite|94/100
|
|upkeep
|turn|79
|
|t:|1779900249
|switch|p1a: Skarmory|Skarmory, M|31/100
|move|p2a: Dragonite|Earthquake|p1a: Skarmory
|-immune|p1a: Skarmory
|
|upkeep
|turn|80
|
|t:|1779900258
|move|p2a: Dragonite|Extreme Speed|p1a: Skarmory
|-resisted|p1a: Skarmory
|-damage|p1a: Skarmory|17/100
|move|p1a: Skarmory|Whirlwind|p2a: Dragonite
|drag|p2a: Cresselia|Cresselia, F, tera:Poison|93/100
|-damage|p2a: Cresselia|81/100|[from] Stealth Rock
|
|upkeep
|turn|81
|
|t:|1779900268
|switch|p1a: Blissey|Blissey, F|90/100
|move|p2a: Cresselia|Moonblast|p1a: Blissey
|-damage|p1a: Blissey|85/100
|
|upkeep
|turn|82
|
|t:|1779900278
|switch|p2a: Dragonite|Dragonite, M|94/100
|move|p1a: Blissey|Shadow Ball|p2a: Dragonite
|-damage|p2a: Dragonite|79/100
|-unboost|p2a: Dragonite|spd|1
|
|upkeep
|turn|83
|
|t:|1779900290
|switch|p1a: Skarmory|Skarmory, M|17/100
|move|p2a: Dragonite|Earthquake|p1a: Skarmory
|-immune|p1a: Skarmory
|
|upkeep
|turn|84
|
|t:|1779900302
|move|p2a: Dragonite|Roost|p2a: Dragonite
|-heal|p2a: Dragonite|100/100
|-singleturn|p2a: Dragonite|move: Roost
|move|p1a: Skarmory|Body Press|p2a: Dragonite
|-damage|p2a: Dragonite|86/100
|
|upkeep
|turn|85
|
|t:|1779900310
|switch|p2a: Cresselia|Cresselia, F, tera:Poison|81/100
|-damage|p2a: Cresselia|68/100|[from] Stealth Rock
|move|p1a: Skarmory|Body Press|p2a: Cresselia
|-resisted|p2a: Cresselia
|-damage|p2a: Cresselia|59/100
|
|upkeep
|turn|86
|
|t:|1779900320
|switch|p2a: Dragonite|Dragonite, M|86/100
|switch|p1a: Blissey|Blissey, F|85/100
|
|upkeep
|turn|87
|
|t:|1779900330
|move|p2a: Dragonite|Earthquake|p1a: Blissey
|-damage|p1a: Blissey|41/100
|move|p1a: Blissey|Shadow Ball|p2a: Dragonite
|-damage|p2a: Dragonite|72/100
|
|upkeep
|turn|88
|
|t:|1779900340
|move|p2a: Dragonite|Earthquake|p1a: Blissey
|-damage|p1a: Blissey|0 fnt
|faint|p1a: Blissey
|
|upkeep
|
|t:|1779900350
|switch|p1a: Skarmory|Skarmory, M|17/100
|turn|89
|
|t:|1779900359
|move|p2a: Dragonite|Roost|p2a: Dragonite
|-heal|p2a: Dragonite|100/100
|-singleturn|p2a: Dragonite|move: Roost
|move|p1a: Skarmory|Body Press|p2a: Dragonite
|-damage|p2a: Dragonite|86/100
|
|upkeep
|turn|90
|
|t:|1779900368
|switch|p2a: Cresselia|Cresselia, F, tera:Poison|59/100
|-damage|p2a: Cresselia|47/100|[from] Stealth Rock
|move|p1a: Skarmory|Body Press|p2a: Cresselia
|-resisted|p2a: Cresselia
|-damage|p2a: Cresselia|39/100
|
|upkeep
|turn|91
|
|t:|1779900377
|move|p2a: Cresselia|Moonblast|p1a: Skarmory
|-resisted|p1a: Skarmory
|-damage|p1a: Skarmory|6/100
|move|p1a: Skarmory|Whirlwind|p2a: Cresselia
|drag|p2a: Dragonite|Dragonite, M|86/100
|
|upkeep
|turn|92
|
|t:|1779900388
|move|p2a: Dragonite|Roost|p2a: Dragonite
|-heal|p2a: Dragonite|100/100
|-singleturn|p2a: Dragonite|move: Roost
|move|p1a: Skarmory|Body Press|p2a: Dragonite
|-damage|p2a: Dragonite|84/100
|
|upkeep
|turn|93
|
|t:|1779900399
|move|p2a: Dragonite|Dragon Dance|p2a: Dragonite
|-boost|p2a: Dragonite|atk|1
|-boost|p2a: Dragonite|spe|1
|move|p1a: Skarmory|Spikes|p2a: Dragonite
|-sidestart|p2: Dragavian NTK|Spikes
|
|upkeep
|turn|94
|
|t:|1779900406
|move|p2a: Dragonite|Roost|p2a: Dragonite
|-heal|p2a: Dragonite|100/100
|-singleturn|p2a: Dragonite|move: Roost
|move|p1a: Skarmory|Body Press|p2a: Dragonite
|-damage|p2a: Dragonite|85/100
|
|upkeep
|turn|95
|
|t:|1779900416
|switch|p2a: Cresselia|Cresselia, F, tera:Poison|39/100
|-damage|p2a: Cresselia|26/100|[from] Stealth Rock
|move|p1a: Skarmory|Whirlwind|p2a: Cresselia
|drag|p2a: Dragonite|Dragonite, M|85/100
|
|upkeep
|turn|96
|
|t:|1779900426
|switch|p2a: Cresselia|Cresselia, F, tera:Poison|26/100
|-damage|p2a: Cresselia|14/100|[from] Stealth Rock
|move|p1a: Skarmory|Body Press|p2a: Cresselia
|-resisted|p2a: Cresselia
|-damage|p2a: Cresselia|5/100
|
|upkeep
|turn|97
|
|t:|1779900432
|move|p2a: Cresselia|Moonlight|p2a: Cresselia
|-heal|p2a: Cresselia|55/100
|move|p1a: Skarmory|Spikes|p2a: Cresselia
|-sidestart|p2: Dragavian NTK|Spikes
|
|upkeep
|turn|98
|
|t:|1779900438
|move|p2a: Cresselia|Moonblast|p1a: Skarmory
|-resisted|p1a: Skarmory
|-damage|p1a: Skarmory|0 fnt
|faint|p1a: Skarmory
|
|win|Dragavian NTK
|raw|claudechamp's rating: 1302 &rarr; <strong>1284</strong><br />(-18 for losing)
|raw|Dragavian NTK's rating: 1339 &rarr; <strong>1357</strong><br />(+18 for winning)
|c|☆claudechamp|gg
|l|☆Dragavian NTK
|player|p2|
