|j|☆ft6yd57
|j|☆KingNothing_32
|t:|1779940988
|gametype|singles
|player|p1|ft6yd57|cheryl|1303
|player|p2|KingNothing_32|colress|1379
|gen|9
|tier|[Gen 9] OU
|rated|
|rule|HP Percentage Mod: HP is shown in percentages
|rule|Endless Battle Clause: Forcing endless battles is banned
|rule|Species Clause: Limit one of each Pokémon
|rule|OHKO Clause: OHKO moves are banned
|rule|Evasion Items Clause: Evasion items are banned
|rule|Evasion Moves Clause: Evasion moves are banned
|rule|Evasion Abilities Clause: Evasion abilities are banned
|rule|Sleep Moves Clause: Sleep-inducing moves are banned
|clearpoke
|poke|p1|Hoopa-Unbound|
|poke|p1|Araquanid, M|
|poke|p1|Landorus-Therian, M|
|poke|p1|Gholdengo|
|poke|p1|Excadrill, M|
|poke|p1|Tyranitar, M|
|poke|p2|Pelipper, F|
|poke|p2|Hatterene, F|
|poke|p2|Iron Treads|
|poke|p2|Toxicroak, M|
|poke|p2|Barraskewda, M|
|poke|p2|Zapdos|
|teampreview
|
|t:|1779941009
|teamsize|p1|6
|teamsize|p2|6
|start
|switch|p1a: Araquanid|Araquanid, M|100/100
|switch|p2a: Freak'd Out|Zapdos|100/100
|turn|1
|inactive|Battle timer is ON: inactive players will automatically lose when time's up. (requested by KingNothing_32)
|
|t:|1779941016
|move|p2a: Freak'd Out|Volt Switch|p1a: Araquanid
|-supereffective|p1a: Araquanid
|-damage|p1a: Araquanid|26/100
|
|t:|1779941022
|switch|p2a: joyboy|Toxicroak, M|100/100|[from] Volt Switch
|move|p1a: Araquanid|Infestation|p2a: joyboy
|-resisted|p2a: joyboy
|-damage|p2a: joyboy|99/100
|-activate|p2a: joyboy|move: Infestation|[of] p1a: Araquanid
|-damage|p1a: Araquanid|10/100|[from] item: Rocky Helmet|[of] p2a: joyboy
|
|-damage|p2a: joyboy|87/100|[from] move: Infestation|[partiallytrapped]
|upkeep
|turn|2
|-enditem|p1a: Araquanid|Custap Berry|[eat]
|-activate|p1a: Araquanid|item: Custap Berry|[consumed]
|
|t:|1779941039
|move|p1a: Araquanid|Sticky Web|p2a: joyboy
|-sidestart|p2: KingNothing_32|move: Sticky Web
|move|p2a: joyboy|Drain Punch|p1a: Araquanid
|-resisted|p1a: Araquanid
|-crit|p1a: Araquanid
|-damage|p1a: Araquanid|0 fnt
|-heal|p2a: joyboy|91/100|[from] drain|[of] p1a: Araquanid
|faint|p1a: Araquanid
|
|-end|p2a: joyboy|Infestation|[partiallytrapped]|[silent]
|upkeep
|
|t:|1779941050
|switch|p1a: Landorus|Landorus-Therian, M|100/100
|-ability|p1a: Landorus|Intimidate|boost
|-unboost|p2a: joyboy|atk|1
|turn|3
|
|t:|1779941068
|switch|p2a: the taste of water|Pelipper, F|100/100
|-weather|RainDance|[from] ability: Drizzle|[of] p2a: the taste of water
|move|p1a: Landorus|U-turn|p2a: the taste of water
|-resisted|p2a: the taste of water
|-damage|p2a: the taste of water|78/100
|
|t:|1779941075
|switch|p1a: Hoopa|Hoopa-Unbound|100/100|[from] U-turn
|
|-weather|RainDance|[upkeep]
|upkeep
|turn|4
|
|t:|1779941094
|switch|p2a: labomba|Iron Treads|100/100
|-activate|p2a: labomba|move: Sticky Web
|-unboost|p2a: labomba|spe|1
|move|p1a: Hoopa|Psychic|p2a: labomba
|-resisted|p2a: labomba
|-damage|p2a: labomba|77/100
|
|-weather|RainDance|[upkeep]
|-heal|p2a: labomba|83/100|[from] item: Leftovers
|upkeep
|turn|5
|
|t:|1779941108
|switch|p1a: Gholdengo|Gholdengo|100/100
|-item|p1a: Gholdengo|Air Balloon
|move|p2a: labomba|Stealth Rock|p1a: Gholdengo
|-sidestart|p1: ft6yd57|move: Stealth Rock
|
|-weather|RainDance|[upkeep]
|-heal|p2a: labomba|89/100|[from] item: Leftovers
|upkeep
|turn|6
|
|t:|1779941117
|move|p1a: Gholdengo|Focus Blast|p2a: labomba|[miss]
|-miss|p1a: Gholdengo|p2a: labomba
|move|p2a: labomba|Volt Switch|p1a: Gholdengo
|-damage|p1a: Gholdengo|87/100
|-enditem|p1a: Gholdengo|Air Balloon
|
|t:|1779941138
|-end|p2a: labomba|Quark Drive|[silent]
|switch|p2a: Freak'd Out|Zapdos|100/100|[from] Volt Switch
|
|-weather|RainDance|[upkeep]
|upkeep
|turn|7
|
|t:|1779941147
|move|p2a: Freak'd Out|Weather Ball|p1a: Gholdengo
|-damage|p1a: Gholdengo|0 fnt
|faint|p1a: Gholdengo
|
|-weather|RainDance|[upkeep]
|upkeep
|
|t:|1779941154
|switch|p1a: Tyranitar|Tyranitar, M|100/100
|-weather|Sandstorm|[from] ability: Sand Stream|[of] p1a: Tyranitar
|turn|8
|
|t:|1779941172
|switch|p2a: joyboy|Toxicroak, M|91/100
|-activate|p2a: joyboy|move: Sticky Web
|-unboost|p2a: joyboy|spe|1
|move|p1a: Tyranitar|Stealth Rock|p2a: joyboy
|-sidestart|p2: KingNothing_32|move: Stealth Rock
|
|-weather|Sandstorm|[upkeep]
|-damage|p2a: joyboy|85/100|[from] Sandstorm
|upkeep
|turn|9
|inactive|KingNothing_32 has 120 seconds left.
|inactive|ft6yd57 has 120 seconds left.
|
|t:|1779941203
|switch|p1a: Landorus|Landorus-Therian, M|100/100
|-damage|p1a: Landorus|88/100|[from] Stealth Rock
|-ability|p1a: Landorus|Intimidate|boost
|-unboost|p2a: joyboy|atk|1
|move|p2a: joyboy|Drain Punch|p1a: Landorus
|-resisted|p1a: Landorus
|-damage|p1a: Landorus|77/100
|-heal|p2a: joyboy|90/100|[from] drain|[of] p1a: Landorus
|
|-weather|Sandstorm|[upkeep]
|-damage|p2a: joyboy|83/100|[from] Sandstorm
|upkeep
|turn|10
|inactive|KingNothing_32 has 120 seconds left.
|
|t:|1779941219
|switch|p2a: Freak'd Out|Zapdos|100/100
|-damage|p2a: Freak'd Out|76/100|[from] Stealth Rock
|move|p1a: Landorus|Stone Edge|p2a: Freak'd Out|[miss]
|-miss|p1a: Landorus|p2a: Freak'd Out
|
|-weather|Sandstorm|[upkeep]
|-damage|p2a: Freak'd Out|69/100|[from] Sandstorm
|upkeep
|turn|11
|inactive|KingNothing_32 has 120 seconds left.
|
|t:|1779941235
|move|p2a: Freak'd Out|Hurricane|p1a: Landorus
|-damage|p1a: Landorus|0 fnt
|faint|p1a: Landorus
|
|-weather|Sandstorm|[upkeep]
|-damage|p2a: Freak'd Out|63/100|[from] Sandstorm
|upkeep
|
|t:|1779941247
|switch|p1a: Excadrill|Excadrill, M|100/100
|-damage|p1a: Excadrill|97/100|[from] Stealth Rock
|turn|12
|inactive|KingNothing_32 has 120 seconds left.
|
|t:|1779941282
|switch|p2a: bbygrl|Hatterene, F|100/100
|-activate|p2a: bbygrl|move: Sticky Web
|-unboost|p2a: bbygrl|spe|1
|-damage|p2a: bbygrl|88/100|[from] Stealth Rock
|move|p1a: Excadrill|Rock Tomb|p2a: bbygrl
|-damage|p2a: bbygrl|62/100
|-unboost|p2a: bbygrl|spe|1
|-enditem|p2a: bbygrl|Eject Button
|-damage|p1a: Excadrill|87/100|[from] item: Life Orb
|inactive|KingNothing_32 has 90 seconds left.
|
|t:|1779941308
|switch|p2a: In The Name of God|Barraskewda, M, shiny|100/100
|-activate|p2a: In The Name of God|move: Sticky Web
|-unboost|p2a: In The Name of God|spe|1
|-damage|p2a: In The Name of God|88/100|[from] Stealth Rock
|
|-weather|none
|upkeep
|turn|13
|inactive|KingNothing_32 has 60 seconds left.
|
|t:|1779941337
|-terastallize|p2a: In The Name of God|Water
|move|p2a: In The Name of God|Aqua Jet|p1a: Excadrill
|-supereffective|p1a: Excadrill
|-damage|p1a: Excadrill|0 fnt
|faint|p1a: Excadrill
|
|upkeep
|
|t:|1779941342
|switch|p1a: Hoopa|Hoopa-Unbound|100/100
|-damage|p1a: Hoopa|88/100|[from] Stealth Rock
|turn|14
|
|t:|1779941355
|switch|p2a: labomba|Iron Treads|89/100
|-activate|p2a: labomba|move: Sticky Web
|-unboost|p2a: labomba|spe|1
|-damage|p2a: labomba|86/100|[from] Stealth Rock
|move|p1a: Hoopa|Dark Pulse|p2a: labomba
|-crit|p2a: labomba
|-damage|p2a: labomba|21/100
|
|-heal|p2a: labomba|27/100|[from] item: Leftovers
|upkeep
|turn|15
|inactive|KingNothing_32 has 60 seconds left.
|inactive|KingNothing_32 has 30 seconds left.
|
|t:|1779941408
|-end|p2a: labomba|Quark Drive|[silent]
|switch|p2a: bbygrl|Hatterene, F|62/100
|-activate|p2a: bbygrl|move: Sticky Web
|-unboost|p2a: bbygrl|spe|1
|-damage|p2a: bbygrl|50/100|[from] Stealth Rock
|move|p1a: Hoopa|Dark Pulse|p2a: bbygrl
|-damage|p2a: bbygrl|0 fnt
|faint|p2a: bbygrl
|
|upkeep
|inactive|KingNothing_32 has 30 seconds left this turn.
|inactive|KingNothing_32 has 20 seconds left.
|
|t:|1779941421
|switch|p2a: the taste of water|Pelipper, F|78/100
|-damage|p2a: the taste of water|53/100|[from] Stealth Rock
|-weather|RainDance|[from] ability: Drizzle|[of] p2a: the taste of water
|turn|16
|inactive|KingNothing_32 has 30 seconds left this turn.
|
|t:|1779941427
|switch|p2a: joyboy|Toxicroak, M|83/100
|-activate|p2a: joyboy|move: Sticky Web
|-unboost|p2a: joyboy|spe|1
|-damage|p2a: joyboy|77/100|[from] Stealth Rock
|move|p1a: Hoopa|Dark Pulse|p2a: joyboy
|-resisted|p2a: joyboy
|-damage|p2a: joyboy|45/100
|
|-weather|RainDance|[upkeep]
|-heal|p2a: joyboy|57/100|[from] ability: Dry Skin
|upkeep
|turn|17
|inactive|KingNothing_32 has 30 seconds left.
|
|t:|1779941441
|switch|p1a: Tyranitar|Tyranitar, M|100/100
|-weather|Sandstorm|[from] ability: Sand Stream|[of] p1a: Tyranitar
|move|p2a: joyboy|Toxic|p1a: Tyranitar
|-status|p1a: Tyranitar|tox
|
|-weather|Sandstorm|[upkeep]
|-damage|p2a: joyboy|51/100|[from] Sandstorm
|-damage|p1a: Tyranitar|94/100 tox|[from] psn
|upkeep
|turn|18
|inactive|KingNothing_32 has 30 seconds left.
|
|t:|1779941451
|-terastallize|p1a: Tyranitar|Poison
|move|p1a: Tyranitar|Thunder Wave|p2a: joyboy
|-status|p2a: joyboy|par
|cant|p2a: joyboy|par
|
|-weather|Sandstorm|[upkeep]
|-damage|p1a: Tyranitar|88/100 tox|[from] Sandstorm
|-damage|p2a: joyboy|45/100 par|[from] Sandstorm
|-damage|p1a: Tyranitar|76/100 tox|[from] psn
|upkeep
|turn|19
|
|t:|1779941459
|cant|p2a: joyboy|par
|move|p1a: Tyranitar|Roar|p2a: joyboy
|drag|p2a: labomba|Iron Treads|27/100
|-activate|p2a: labomba|move: Sticky Web
|-unboost|p2a: labomba|spe|1
|-damage|p2a: labomba|24/100|[from] Stealth Rock
|
|-weather|Sandstorm|[upkeep]
|-damage|p1a: Tyranitar|70/100 tox|[from] Sandstorm
|-heal|p2a: labomba|30/100|[from] item: Leftovers
|-damage|p1a: Tyranitar|51/100 tox|[from] psn
|upkeep
|turn|20
|
|t:|1779941472
|move|p2a: labomba|Rapid Spin|p1a: Tyranitar
|-damage|p1a: Tyranitar|42/100 tox
|-boost|p2a: labomba|spe|1
|-sideend|p2: KingNothing_32|Stealth Rock|[from] move: Rapid Spin|[of] p2a: labomba
|-sideend|p2: KingNothing_32|Sticky Web|[from] move: Rapid Spin|[of] p2a: labomba
|move|p1a: Tyranitar|Knock Off|p2a: labomba
|-damage|p2a: labomba|0 fnt
|-enditem|p2a: labomba|Leftovers|[from] move: Knock Off|[of] p1a: Tyranitar
|faint|p2a: labomba
|-end|p2a: labomba|Quark Drive|[silent]
|
|-weather|Sandstorm|[upkeep]
|-damage|p1a: Tyranitar|36/100 tox|[from] Sandstorm
|-damage|p1a: Tyranitar|11/100 tox|[from] psn
|upkeep
|
|t:|1779941479
|switch|p2a: the taste of water|Pelipper, F|53/100
|-weather|RainDance|[from] ability: Drizzle|[of] p2a: the taste of water
|turn|21
|
|t:|1779941486
|move|p1a: Tyranitar|Knock Off|p2a: the taste of water
|-damage|p2a: the taste of water|7/100
|-enditem|p2a: the taste of water|Damp Rock|[from] move: Knock Off|[of] p1a: Tyranitar
|move|p2a: the taste of water|Surf|p1a: Tyranitar
|-damage|p1a: Tyranitar|0 fnt
|faint|p1a: Tyranitar
|
|-weather|RainDance|[upkeep]
|upkeep
|
|t:|1779941488
|switch|p1a: Hoopa|Hoopa-Unbound|88/100
|-damage|p1a: Hoopa|76/100|[from] Stealth Rock
|turn|22
|
|t:|1779941501
|move|p1a: Hoopa|Psychic|p2a: the taste of water
|-damage|p2a: the taste of water|0 fnt
|faint|p2a: the taste of water
|
|-weather|RainDance|[upkeep]
|upkeep
|
|t:|1779941505
|switch|p2a: In The Name of God|Barraskewda, M, shiny, tera:Water|88/100
|turn|23
|
|t:|1779941508
|move|p2a: In The Name of God|Liquidation|p1a: Hoopa
|-damage|p1a: Hoopa|0 fnt
|faint|p1a: Hoopa
|
|win|KingNothing_32
|raw|ft6yd57's rating: 1303 &rarr; <strong>1287</strong><br />(-16 for losing)
|raw|KingNothing_32's rating: 1379 &rarr; <strong>1395</strong><br />(+16 for winning)
|c|☆KingNothing_32|gg
|c|☆ft6yd57|nah
|c|☆KingNothing_32|no gg?
|l|☆ft6yd57
|player|p1|
|c|☆KingNothing_32|whats wrong, what happened
|l|☆KingNothing_32
|player|p2|
