|j|☆gabboh
|j|☆mobb deeper
|t:|1779865392
|gametype|singles
|player|p1|gabboh|102|1498
|player|p2|mobb deeper|hoopster|1501
|gen|9
|tier|[Gen 9] OU
|rated|
|rule|HP Percentage Mod: HP is shown in percentages
|rule|Endless Battle Clause: Forcing endless battles is banned
|rule|Species Clause: Limit one of each Pokémon
|rule|OHKO Clause: OHKO moves are banned
|rule|Evasion Items Clause: Evasion items are banned
|rule|Evasion Moves Clause: Evasion moves are banned
|rule|Evasion Abilities Clause: Evasion abilities are banned
|rule|Sleep Moves Clause: Sleep-inducing moves are banned
|clearpoke
|poke|p1|Samurott-Hisui, M|
|poke|p1|Zamazenta-*|
|poke|p1|Smeargle, F|
|poke|p1|Deoxys-Speed|
|poke|p1|Moltres-Galar|
|poke|p1|Gholdengo|
|poke|p2|Lokix, M|
|poke|p2|Corviknight, M|
|poke|p2|Alomomola, M|
|poke|p2|Weezing-Galar, F|
|poke|p2|Iron Valiant|
|poke|p2|Ting-Lu|
|teampreview
|
|t:|1779865414
|teamsize|p1|6
|teamsize|p2|6
|start
|switch|p1a: Samurott|Samurott-Hisui, M|100/100
|switch|p2a: Iron Valiant|Iron Valiant|100/100
|turn|1
|
|t:|1779865423
|move|p2a: Iron Valiant|Moonblast|p1a: Samurott
|-supereffective|p1a: Samurott
|-enditem|p1a: Samurott|Focus Sash
|-damage|p1a: Samurott|1/100
|move|p1a: Samurott|Razor Shell|p2a: Iron Valiant
|-damage|p2a: Iron Valiant|34/100
|
|upkeep
|turn|2
|
|t:|1779865437
|move|p1a: Samurott|Aqua Jet|p2a: Iron Valiant
|-damage|p2a: Iron Valiant|8/100
|move|p2a: Iron Valiant|Moonblast|p1a: Samurott
|-supereffective|p1a: Samurott
|-damage|p1a: Samurott|0 fnt
|faint|p1a: Samurott
|
|upkeep
|
|t:|1779865451
|switch|p1a: Deoxys|Deoxys-Speed|100/100
|-ability|p1a: Deoxys|Pressure
|turn|3
|
|t:|1779865460
|-end|p2a: Iron Valiant|Quark Drive|[silent]
|switch|p2a: Corviknight|Corviknight, M|100/100
|-ability|p2a: Corviknight|Pressure
|move|p1a: Deoxys|Psycho Boost|p2a: Corviknight
|-resisted|p2a: Corviknight
|-damage|p2a: Corviknight|80/100
|-unboost|p1a: Deoxys|spa|2
|
|-heal|p2a: Corviknight|86/100|[from] item: Leftovers
|upkeep
|turn|4
|
|t:|1779865470
|move|p1a: Deoxys|Reflect|p1a: Deoxys
|-sidestart|p1: gabboh|Reflect
|move|p2a: Corviknight|U-turn|p1a: Deoxys
|-supereffective|p1a: Deoxys
|-damage|p1a: Deoxys|83/100
|
|t:|1779865478
|switch|p2a: Alomomola|Alomomola, M|100/100|[from] U-turn
|
|upkeep
|turn|5
|
|t:|1779865483
|move|p1a: Deoxys|Light Screen|p1a: Deoxys
|-sidestart|p1: gabboh|move: Light Screen
|move|p2a: Alomomola|Wish|p2a: Alomomola
|
|upkeep
|turn|6
|
|t:|1779865488
|move|p1a: Deoxys|Taunt|p2a: Alomomola
|-start|p2a: Alomomola|move: Taunt
|move|p2a: Alomomola|Flip Turn|p1a: Deoxys
|-damage|p1a: Deoxys|74/100
|
|t:|1779865491
|switch|p2a: Iron Valiant|Iron Valiant|8/100|[from] Flip Turn
|
|-heal|p2a: Iron Valiant|100/100|[from] move: Wish|[wisher] Alomomola
|upkeep
|turn|7
|
|t:|1779865508
|switch|p1a: Gholdengo|Gholdengo|100/100
|-end|p2a: Iron Valiant|Quark Drive|[silent]
|switch|p2a: Corviknight|Corviknight, M|86/100
|-ability|p2a: Corviknight|Pressure
|
|-heal|p2a: Corviknight|92/100|[from] item: Leftovers
|upkeep
|turn|8
|
|t:|1779865522
|move|p1a: Gholdengo|Trick|p2a: Corviknight
|-activate|p1a: Gholdengo|move: Trick|[of] p2a: Corviknight
|-item|p2a: Corviknight|Choice Scarf|[from] move: Trick
|-item|p1a: Gholdengo|Leftovers|[from] move: Trick
|move|p2a: Corviknight|U-turn|p1a: Gholdengo
|-resisted|p1a: Gholdengo
|-damage|p1a: Gholdengo|98/100
|
|t:|1779865526
|switch|p2a: Lokix|Lokix, M|100/100|[from] U-turn
|
|-heal|p1a: Gholdengo|100/100|[from] item: Leftovers
|upkeep
|turn|9
|
|t:|1779865531
|move|p1a: Gholdengo|Make It Rain|p2a: Lokix
|-damage|p2a: Lokix|0 fnt
|-unboost|p1a: Gholdengo|spa|1
|faint|p2a: Lokix
|
|upkeep
|
|t:|1779865536
|switch|p2a: Ting-Lu|Ting-Lu|100/100
|-ability|p2a: Ting-Lu|Vessel of Ruin
|turn|10
|
|t:|1779865546
|switch|p1a: Zamazenta|Zamazenta|100/100
|-ability|p1a: Zamazenta|Dauntless Shield|boost
|-boost|p1a: Zamazenta|def|1
|move|p2a: Ting-Lu|Earthquake|p1a: Zamazenta
|-damage|p1a: Zamazenta|91/100
|
|-heal|p1a: Zamazenta|97/100|[from] item: Leftovers
|upkeep
|turn|11
|
|t:|1779865562
|switch|p2a: Weezing|Weezing-Galar, F|100/100
|-ability|p2a: Weezing|Neutralizing Gas
|move|p1a: Zamazenta|Iron Defense|p1a: Zamazenta
|-boost|p1a: Zamazenta|def|2
|
|-heal|p1a: Zamazenta|100/100|[from] item: Leftovers
|-sideend|p1: gabboh|Reflect
|upkeep
|turn|12
|
|t:|1779865576
|switch|p1a: Gholdengo|Gholdengo|100/100
|move|p2a: Weezing|Will-O-Wisp|p1a: Gholdengo|[miss]
|-miss|p2a: Weezing|p1a: Gholdengo
|
|-sideend|p1: gabboh|move: Light Screen
|upkeep
|turn|13
|
|t:|1779865585
|-end|p2a: Weezing|ability: Neutralizing Gas
|switch|p2a: Ting-Lu|Ting-Lu|100/100
|-ability|p2a: Ting-Lu|Vessel of Ruin
|move|p1a: Gholdengo|Shadow Ball|p2a: Ting-Lu
|-resisted|p2a: Ting-Lu
|-damage|p2a: Ting-Lu|91/100
|
|-heal|p2a: Ting-Lu|97/100|[from] item: Leftovers
|upkeep
|turn|14
|
|t:|1779865595
|switch|p1a: Zamazenta|Zamazenta|100/100
|move|p2a: Ting-Lu|Ruination|p1a: Zamazenta
|-damage|p1a: Zamazenta|51/100
|
|-heal|p1a: Zamazenta|57/100|[from] item: Leftovers
|-heal|p2a: Ting-Lu|100/100|[from] item: Leftovers
|upkeep
|turn|15
|
|t:|1779865608
|switch|p2a: Weezing|Weezing-Galar, F|100/100
|-ability|p2a: Weezing|Neutralizing Gas
|move|p1a: Zamazenta|Heavy Slam|p2a: Weezing
|-supereffective|p2a: Weezing
|-damage|p2a: Weezing|48/100
|
|-heal|p1a: Zamazenta|63/100|[from] item: Leftovers
|-heal|p2a: Weezing|54/100|[from] item: Leftovers
|upkeep
|turn|16
|
|t:|1779865617
|move|p1a: Zamazenta|Heavy Slam|p2a: Weezing
|-supereffective|p2a: Weezing
|-damage|p2a: Weezing|0 fnt
|faint|p2a: Weezing
|-end|p2a: Weezing|ability: Neutralizing Gas
|
|-heal|p1a: Zamazenta|69/100|[from] item: Leftovers
|upkeep
|
|t:|1779865624
|switch|p2a: Iron Valiant|Iron Valiant|100/100
|turn|17
|
|t:|1779865627
|move|p1a: Zamazenta|Heavy Slam|p2a: Iron Valiant
|-supereffective|p2a: Iron Valiant
|-damage|p2a: Iron Valiant|15/100
|move|p2a: Iron Valiant|Moonblast|p1a: Zamazenta
|-supereffective|p1a: Zamazenta
|-damage|p1a: Zamazenta|0 fnt
|faint|p1a: Zamazenta
|
|upkeep
|
|t:|1779865646
|switch|p1a: Deoxys|Deoxys-Speed|74/100
|-ability|p1a: Deoxys|Pressure
|turn|18
|inactive|Battle timer is ON: inactive players will automatically lose when time's up. (requested by gabboh)
|
|t:|1779865685
|-end|p2a: Iron Valiant|Quark Drive|[silent]
|switch|p2a: Corviknight|Corviknight, M|92/100
|-ability|p2a: Corviknight|Pressure
|move|p1a: Deoxys|Psycho Boost|p2a: Corviknight
|-resisted|p2a: Corviknight
|-damage|p2a: Corviknight|71/100
|-unboost|p1a: Deoxys|spa|2
|
|upkeep
|turn|19
|
|t:|1779865699
|move|p1a: Deoxys|Reflect|p1a: Deoxys
|-sidestart|p1: gabboh|Reflect
|move|p2a: Corviknight|U-turn|p1a: Deoxys
|-supereffective|p1a: Deoxys
|-damage|p1a: Deoxys|55/100
|
|t:|1779865706
|switch|p2a: Alomomola|Alomomola, M|100/100|[from] U-turn
|
|upkeep
|turn|20
|
|t:|1779865713
|move|p1a: Deoxys|Taunt|p2a: Alomomola
|-start|p2a: Alomomola|move: Taunt
|move|p2a: Alomomola|Scald|p1a: Deoxys
|-damage|p1a: Deoxys|37/100
|
|upkeep
|turn|21
|
|t:|1779865719
|move|p1a: Deoxys|Light Screen|p1a: Deoxys
|-sidestart|p1: gabboh|move: Light Screen
|move|p2a: Alomomola|Flip Turn|p1a: Deoxys
|-damage|p1a: Deoxys|29/100
|
|t:|1779865722
|switch|p2a: Corviknight|Corviknight, M|71/100|[from] Flip Turn
|-ability|p2a: Corviknight|Pressure
|
|upkeep
|turn|22
|
|t:|1779865727
|move|p1a: Deoxys|Taunt|p2a: Corviknight
|-start|p2a: Corviknight|move: Taunt
|move|p2a: Corviknight|U-turn|p1a: Deoxys
|-supereffective|p1a: Deoxys
|-damage|p1a: Deoxys|13/100
|
|t:|1779865729
|switch|p2a: Alomomola|Alomomola, M|100/100|[from] U-turn
|
|upkeep
|turn|23
|
|t:|1779865737
|switch|p2a: Corviknight|Corviknight, M|71/100
|-ability|p2a: Corviknight|Pressure
|move|p1a: Deoxys|Taunt|p2a: Corviknight
|-start|p2a: Corviknight|move: Taunt
|
|upkeep
|turn|24
|
|t:|1779865745
|switch|p2a: Alomomola|Alomomola, M|100/100
|move|p1a: Deoxys|Psycho Boost|p2a: Alomomola
|-damage|p2a: Alomomola|74/100
|-unboost|p1a: Deoxys|spa|2
|
|upkeep
|turn|25
|
|t:|1779865752
|switch|p2a: Corviknight|Corviknight, M|71/100
|-ability|p2a: Corviknight|Pressure
|move|p1a: Deoxys|Taunt|p2a: Corviknight
|-start|p2a: Corviknight|move: Taunt
|
|upkeep
|turn|26
|
|t:|1779865763
|switch|p1a: Gholdengo|Gholdengo|100/100
|move|p2a: Corviknight|U-turn|p1a: Gholdengo
|-resisted|p1a: Gholdengo
|-damage|p1a: Gholdengo|99/100
|
|t:|1779865766
|switch|p2a: Ting-Lu|Ting-Lu|100/100|[from] U-turn
|-ability|p2a: Ting-Lu|Vessel of Ruin
|
|-heal|p1a: Gholdengo|100/100|[from] item: Leftovers
|-sideend|p1: gabboh|Reflect
|upkeep
|turn|27
|
|t:|1779865776
|switch|p1a: Moltres|Moltres-Galar, shiny|100/100
|move|p2a: Ting-Lu|Earthquake|p1a: Moltres
|-immune|p1a: Moltres
|
|upkeep
|turn|28
|
|t:|1779865784
|move|p1a: Moltres|Nasty Plot|p1a: Moltres
|-boost|p1a: Moltres|spa|2
|move|p2a: Ting-Lu|Ruination|p1a: Moltres
|-damage|p1a: Moltres|50/100
|-ability|p1a: Moltres|Berserk|boost
|-boost|p1a: Moltres|spa|1
|-enditem|p1a: Moltres|Sitrus Berry|[eat]
|-heal|p1a: Moltres|75/100|[from] item: Sitrus Berry
|
|-sideend|p1: gabboh|move: Light Screen
|upkeep
|turn|29
|
|t:|1779865793
|switch|p2a: Corviknight|Corviknight, M|71/100
|-ability|p2a: Corviknight|Pressure
|move|p1a: Moltres|Agility|p1a: Moltres
|-boost|p1a: Moltres|spe|2
|
|upkeep
|turn|30
|
|t:|1779865802
|move|p1a: Moltres|Fiery Wrath|p2a: Corviknight
|-damage|p2a: Corviknight|0 fnt
|faint|p2a: Corviknight
|
|upkeep
|-message|mobb deeper forfeited.
|
|win|gabboh
|raw|gabboh's rating: 1498 &rarr; <strong>1518</strong><br />(+20 for winning)
|raw|mobb deeper's rating: 1501 &rarr; <strong>1481</strong><br />(-20 for losing)
|l|☆mobb deeper
|player|p2|
|l|☆gabboh
|player|p1|
