|j|☆daisyx3
|j|☆nugberto
|t:|1779848759
|gametype|singles
|player|p1|daisyx3|beauty-gen4dp|1107
|player|p2|nugberto|burgh|1098
|gen|9
|tier|[Gen 9] OU
|rated|
|rule|HP Percentage Mod: HP is shown in percentages
|rule|Endless Battle Clause: Forcing endless battles is banned
|rule|Species Clause: Limit one of each Pokémon
|rule|OHKO Clause: OHKO moves are banned
|rule|Evasion Items Clause: Evasion items are banned
|rule|Evasion Moves Clause: Evasion moves are banned
|rule|Evasion Abilities Clause: Evasion abilities are banned
|rule|Sleep Moves Clause: Sleep-inducing moves are banned
|clearpoke
|poke|p1|Dragapult, F|
|poke|p1|Cinderace, F|
|poke|p1|Scizor, F|
|poke|p1|Gliscor, F|
|poke|p1|Primarina, F|
|poke|p1|Alomomola, F|
|poke|p2|Ceruledge, M|
|poke|p2|Primarina, M|
|poke|p2|Pyroar, F|
|poke|p2|Alomomola, M|
|poke|p2|Gliscor, F|
|poke|p2|Tauros-Paldea-Combat, M|
|teampreview
|
|t:|1779848769
|teamsize|p1|6
|teamsize|p2|6
|start
|switch|p1a: Cindy|Cinderace, F|100/100
|switch|p2a: Scorpio|Gliscor, F|100/100
|turn|1
|
|t:|1779848783
|move|p1a: Cindy|Pyro Ball|p2a: Scorpio
|-damage|p2a: Scorpio|43/100
|move|p2a: Scorpio|Lunge|p1a: Cindy
|-resisted|p1a: Cindy
|-damage|p1a: Cindy|85/100
|-unboost|p1a: Cindy|atk|1
|
|-status|p2a: Scorpio|tox|[from] item: Toxic Orb
|upkeep
|turn|2
|
|t:|1779848794
|move|p1a: Cindy|Pyro Ball|p2a: Scorpio
|-damage|p2a: Scorpio|4/100 tox
|move|p2a: Scorpio|Crabhammer|p1a: Cindy
|-supereffective|p1a: Cindy
|-damage|p1a: Cindy|5/100
|
|-heal|p2a: Scorpio|17/100 tox|[from] ability: Poison Heal
|upkeep
|turn|3
|
|t:|1779848802
|switch|p2a: Pisces|Alomomola, M|100/100
|move|p1a: Cindy|Sucker Punch||[still]
|-fail|p1a: Cindy
|
|upkeep
|turn|4
|
|t:|1779848809
|move|p1a: Cindy|U-turn|p2a: Pisces
|-start|p1a: Cindy|typechange|Bug|[from] ability: Libero
|-damage|p2a: Pisces|87/100
|-damage|p1a: Cindy|0 fnt|[from] item: Rocky Helmet|[of] p2a: Pisces
|faint|p1a: Cindy
|move|p2a: Pisces|Wish|p2a: Pisces
|
|upkeep
|
|t:|1779848813
|switch|p1a: Dierdre|Dragapult, F|100/100
|turn|5
|
|t:|1779848821
|move|p1a: Dierdre|Thunderbolt|p2a: Pisces
|-supereffective|p2a: Pisces
|-damage|p2a: Pisces|0 fnt
|faint|p2a: Pisces
|
|upkeep
|
|t:|1779848826
|switch|p2a: Scorpio|Gliscor, F|17/100 tox
|turn|6
|
|t:|1779848847
|switch|p1a: Ally|Alomomola, F|100/100
|switch|p2a: Capricorn|Primarina, M|100/100
|
|upkeep
|turn|7
|
|t:|1779848855
|move|p2a: Capricorn|Hyper Voice|p1a: Ally
|-resisted|p1a: Ally
|-damage|p1a: Ally|69/100
|-enditem|p2a: Capricorn|Throat Spray
|-boost|p2a: Capricorn|spa|1|[from] item: Throat Spray
|move|p1a: Ally|Flip Turn|p2a: Capricorn
|-resisted|p2a: Capricorn
|-damage|p2a: Capricorn|91/100
|
|t:|1779848860
|switch|p1a: Dierdre|Dragapult, F|100/100|[from] Flip Turn
|
|upkeep
|turn|8
|inactive|Battle timer is ON: inactive players will automatically lose when time's up. (requested by nugberto)
|
|t:|1779848870
|move|p1a: Dierdre|Thunderbolt|p2a: Capricorn
|-supereffective|p2a: Capricorn
|-damage|p2a: Capricorn|20/100
|move|p2a: Capricorn|Moonblast|p1a: Dierdre
|-supereffective|p1a: Dierdre
|-damage|p1a: Dierdre|0 fnt
|faint|p1a: Dierdre
|
|upkeep
|
|t:|1779848876
|switch|p1a: Sally|Scizor, F|100/100
|turn|9
|
|t:|1779848897
|switch|p2a: Taurus|Tauros-Paldea-Combat, M|100/100
|-ability|p2a: Taurus|Intimidate|boost
|-unboost|p1a: Sally|atk|1
|move|p1a: Sally|Knock Off|p2a: Taurus
|-resisted|p2a: Taurus
|-crit|p2a: Taurus
|-damage|p2a: Taurus|51/100
|-enditem|p2a: Taurus|Assault Vest|[from] move: Knock Off|[of] p1a: Sally
|
|upkeep
|turn|10
|
|t:|1779848916
|switch|p1a: Ally|Alomomola, F|100/100
|move|p2a: Taurus|Close Combat|p1a: Ally
|-damage|p1a: Ally|70/100
|-unboost|p2a: Taurus|def|1
|-unboost|p2a: Taurus|spd|1
|-damage|p2a: Taurus|35/100|[from] item: Rocky Helmet|[of] p1a: Ally
|
|upkeep
|turn|11
|
|t:|1779848926
|switch|p2a: Cancer|Ceruledge, M, shiny|100/100
|move|p1a: Ally|Scald|p2a: Cancer
|-supereffective|p2a: Cancer
|-damage|p2a: Cancer|69/100
|-enditem|p2a: Cancer|Weakness Policy
|-boost|p2a: Cancer|atk|2|[from] item: Weakness Policy
|-boost|p2a: Cancer|spa|2|[from] item: Weakness Policy
|
|upkeep
|turn|12
|inactive|nugberto has 120 seconds left.
|
|t:|1779848953
|move|p2a: Cancer|Close Combat|p1a: Ally
|-damage|p1a: Ally|31/100
|-unboost|p2a: Cancer|def|1
|-unboost|p2a: Cancer|spd|1
|-damage|p2a: Cancer|52/100|[from] item: Rocky Helmet|[of] p1a: Ally
|move|p1a: Ally|Flip Turn|p2a: Cancer
|-supereffective|p2a: Cancer
|-damage|p2a: Cancer|0 fnt
|faint|p2a: Cancer
|
|t:|1779848963
|switch|p1a: Glinda|Gliscor, F|100/100|[from] Flip Turn
|
|-status|p1a: Glinda|tox|[from] item: Toxic Orb
|upkeep
|inactive|nugberto has 120 seconds left.
|
|t:|1779848982
|switch|p2a: Taurus|Tauros-Paldea-Combat, M|35/100
|-ability|p2a: Taurus|Intimidate|boost
|-unboost|p1a: Glinda|atk|1
|turn|13
|
|t:|1779848990
|move|p2a: Taurus|Iron Head|p1a: Glinda
|-damage|p1a: Glinda|80/100 tox
|cant|p1a: Glinda|flinch
|
|-heal|p1a: Glinda|93/100 tox|[from] ability: Poison Heal
|upkeep
|turn|14
|
|t:|1779848995
|move|p2a: Taurus|Iron Head|p1a: Glinda
|-damage|p1a: Glinda|71/100 tox
|cant|p1a: Glinda|flinch
|
|-heal|p1a: Glinda|84/100 tox|[from] ability: Poison Heal
|upkeep
|turn|15
|
|t:|1779848999
|move|p2a: Taurus|Iron Head|p1a: Glinda
|-crit|p1a: Glinda
|-damage|p1a: Glinda|55/100 tox
|move|p1a: Glinda|Toxic|p2a: Taurus
|-status|p2a: Taurus|tox
|
|-damage|p2a: Taurus|28/100 tox|[from] psn
|-heal|p1a: Glinda|67/100 tox|[from] ability: Poison Heal
|upkeep
|turn|16
|
|t:|1779849005
|move|p1a: Glinda|Protect|p1a: Glinda
|-singleturn|p1a: Glinda|Protect
|move|p2a: Taurus|Iron Head|p1a: Glinda
|-activate|p1a: Glinda|move: Protect
|
|-damage|p2a: Taurus|16/100 tox|[from] psn
|-heal|p1a: Glinda|80/100 tox|[from] ability: Poison Heal
|upkeep
|turn|17
|
|t:|1779849013
|move|p2a: Taurus|Double-Edge|p1a: Glinda
|-damage|p1a: Glinda|51/100 tox
|-damage|p2a: Taurus|5/100 tox|[from] Recoil
|move|p1a: Glinda|Earthquake|p2a: Taurus
|-damage|p2a: Taurus|0 fnt
|faint|p2a: Taurus
|
|-heal|p1a: Glinda|63/100 tox|[from] ability: Poison Heal
|upkeep
|
|t:|1779849021
|switch|p2a: Scorpio|Gliscor, F|17/100 tox
|turn|18
|
|t:|1779849026
|move|p2a: Scorpio|Crabhammer|p1a: Glinda
|-supereffective|p1a: Glinda
|-damage|p1a: Glinda|22/100 tox
|move|p1a: Glinda|U-turn|p2a: Scorpio
|-resisted|p2a: Scorpio
|-damage|p2a: Scorpio|12/100 tox
|
|t:|1779849035
|switch|p1a: Sally|Scizor, F|100/100|[from] U-turn
|
|-heal|p2a: Scorpio|24/100 tox|[from] ability: Poison Heal
|upkeep
|turn|19
|
|t:|1779849059
|switch|p2a: Capricorn|Primarina, M|20/100
|move|p1a: Sally|Dual Wingbeat|p2a: Capricorn
|-damage|p2a: Capricorn|0 fnt
|faint|p2a: Capricorn
|-hitcount|p2: Capricorn|1
|
|upkeep
|
|t:|1779849064
|switch|p2a: Leo|Pyroar, F, shiny|100/100
|turn|20
|
|t:|1779849075
|switch|p1a: Ally|Alomomola, F|64/100
|move|p2a: Leo|Wild Charge|p1a: Ally
|-supereffective|p1a: Ally
|-damage|p1a: Ally|30/100
|-damage|p2a: Leo|84/100|[from] item: Rocky Helmet|[of] p1a: Ally
|-damage|p2a: Leo|70/100|[from] Recoil
|
|upkeep
|turn|21
|
|t:|1779849090
|-terastallize|p1a: Ally|Ghost
|move|p2a: Leo|Wild Charge|p1a: Ally
|-crit|p1a: Ally
|-damage|p1a: Ally|6/100
|-damage|p2a: Leo|53/100|[from] item: Rocky Helmet|[of] p1a: Ally
|-damage|p2a: Leo|42/100|[from] Recoil
|move|p1a: Ally|Wish|p1a: Ally
|
|upkeep
|turn|22
|inactive|daisyx3 has 120 seconds left.
|
|t:|1779849125
|move|p1a: Ally|Protect|p1a: Ally
|-singleturn|p1a: Ally|Protect
|move|p2a: Leo|Wild Charge|p1a: Ally
|-activate|p1a: Ally|move: Protect
|
|-heal|p1a: Ally|56/100|[from] move: Wish|[wisher] Ally
|upkeep
|turn|23
|inactive|daisyx3 has 120 seconds left.
|
|t:|1779849138
|switch|p2a: Scorpio|Gliscor, F|24/100 tox
|move|p1a: Ally|Wish|p1a: Ally
|
|-heal|p2a: Scorpio|37/100 tox|[from] ability: Poison Heal
|upkeep
|turn|24
|inactive|daisyx3 has 120 seconds left.
|
|t:|1779849151
|switch|p2a: Leo|Pyroar, F, shiny|42/100
|move|p1a: Ally|Protect||[still]
|-fail|p1a: Ally
|
|-heal|p1a: Ally|100/100|[from] move: Wish|[wisher] Ally
|upkeep
|turn|25
|inactive|daisyx3 has 120 seconds left.
|
|t:|1779849168
|move|p2a: Leo|Crunch|p1a: Ally
|-supereffective|p1a: Ally
|-damage|p1a: Ally|72/100
|-unboost|p1a: Ally|def|1
|-damage|p2a: Leo|26/100|[from] item: Rocky Helmet|[of] p1a: Ally
|move|p1a: Ally|Scald|p2a: Leo
|-supereffective|p2a: Leo
|-damage|p2a: Leo|0 fnt
|faint|p2a: Leo
|
|upkeep
|
|t:|1779849173
|switch|p2a: Scorpio|Gliscor, F|37/100 tox
|turn|26
|inactive|daisyx3 has 120 seconds left.
|
|t:|1779849196
|move|p2a: Scorpio|Earthquake|p1a: Ally
|-damage|p1a: Ally|38/100
|move|p1a: Ally|Scald|p2a: Scorpio
|-supereffective|p2a: Scorpio
|-damage|p2a: Scorpio|0 fnt
|faint|p2a: Scorpio
|
|win|daisyx3
|raw|daisyx3's rating: 1107 &rarr; <strong>1131</strong><br />(+24 for winning)
|raw|nugberto's rating: 1098 &rarr; <strong>1074</strong><br />(-24 for losing)
|l|☆nugberto
|player|p2|
|l|☆daisyx3
|player|p1|
