|j|☆CanSoup
|j|☆Dom225
|t:|1779970938
|gametype|singles
|player|p1|CanSoup|170|1372
|player|p2|Dom225|169|1371
|gen|9
|tier|[Gen 9] OU
|rated|
|rule|HP Percentage Mod: HP is shown in percentages
|rule|Endless Battle Clause: Forcing endless battles is banned
|rule|Species Clause: Limit one of each Pokémon
|rule|OHKO Clause: OHKO moves are banned
|rule|Evasion Items Clause: Evasion items are banned
|rule|Evasion Moves Clause: Evasion moves are banned
|rule|Evasion Abilities Clause: Evasion abilities are banned
|rule|Sleep Moves Clause: Sleep-inducing moves are banned
|clearpoke
|poke|p1|Arcanine, M|
|poke|p1|Iron Thorns|
|poke|p1|Heracross, F|
|poke|p1|Ceruledge, M|
|poke|p1|Suicune|
|poke|p1|Latios, M|
|poke|p2|Suicune|
|poke|p2|Latios, M|
|poke|p2|Umbreon, M|
|poke|p2|Snorlax, F|
|poke|p2|Chesnaught, M|
|poke|p2|Sylveon, F|
|teampreview
|c|☆CanSoup|w team
|inactive|Battle timer is ON: inactive players will automatically lose when time's up. (requested by CanSoup)
|c|☆CanSoup|gl hf
|
|t:|1779970985
|teamsize|p1|6
|teamsize|p2|6
|start
|switch|p1a: Mambo No.5|Latios, M, shiny|100/100
|switch|p2a: Chien dressé XL|Suicune|100/100
|-ability|p2a: Chien dressé XL|Pressure
|turn|1
|inactive|CanSoup has 120 seconds left.
|
|t:|1779971021
|switch|p2a: Grande Lapine XL|Sylveon, F, shiny|100/100
|move|p1a: Mambo No.5|Luster Purge|p2a: Grande Lapine XL
|-damage|p2a: Grande Lapine XL|72/100
|
|upkeep
|turn|2
|inactive|CanSoup has 120 seconds left.
|
|t:|1779971033
|switch|p1a: Iron Thorns|Iron Thorns, shiny|100/100
|move|p2a: Grande Lapine XL|Hyper Voice|p1a: Iron Thorns
|-damage|p1a: Iron Thorns|34/100
|
|upkeep
|turn|3
|
|t:|1779971048
|switch|p2a: PointeXL|Chesnaught, M, shiny|100/100
|move|p1a: Iron Thorns|Rock Blast|p2a: PointeXL
|-resisted|p2a: PointeXL
|-damage|p2a: PointeXL|96/100
|-resisted|p2a: PointeXL
|-damage|p2a: PointeXL|93/100
|-resisted|p2a: PointeXL
|-damage|p2a: PointeXL|89/100
|-resisted|p2a: PointeXL
|-damage|p2a: PointeXL|85/100
|-hitcount|p2a: PointeXL|4
|
|-heal|p2a: PointeXL|91/100|[from] item: Leftovers
|upkeep
|turn|4
|
|t:|1779971059
|move|p1a: Iron Thorns|Pin Missile|p2a: PointeXL
|-damage|p2a: PointeXL|85/100
|-damage|p2a: PointeXL|80/100
|-damage|p2a: PointeXL|75/100
|-damage|p2a: PointeXL|69/100
|-hitcount|p2a: PointeXL|4
|move|p2a: PointeXL|Leech Seed|p1a: Iron Thorns
|-start|p1a: Iron Thorns|move: Leech Seed
|
|-heal|p2a: PointeXL|75/100|[from] item: Leftovers
|-damage|p1a: Iron Thorns|21/100|[from] Leech Seed|[of] p2a: PointeXL
|-heal|p2a: PointeXL|87/100|[silent]
|upkeep
|turn|5
|
|t:|1779971065
|-end|p1a: Iron Thorns|Quark Drive|[silent]
|switch|p1a: Mambo No.5|Latios, M, shiny|100/100
|move|p2a: PointeXL|Knock Off|p1a: Mambo No.5
|-supereffective|p1a: Mambo No.5
|-damage|p1a: Mambo No.5|33/100
|-enditem|p1a: Mambo No.5|Soul Dew|[from] move: Knock Off|[of] p2a: PointeXL
|
|-heal|p2a: PointeXL|93/100|[from] item: Leftovers
|upkeep
|turn|6
|
|t:|1779971076
|switch|p2a: Grande Lapine XL|Sylveon, F, shiny|72/100
|move|p1a: Mambo No.5|Luster Purge|p2a: Grande Lapine XL
|-damage|p2a: Grande Lapine XL|46/100
|-unboost|p2a: Grande Lapine XL|spd|1
|
|upkeep
|turn|7
|
|t:|1779971085
|move|p1a: Mambo No.5|Luster Purge|p2a: Grande Lapine XL
|-damage|p2a: Grande Lapine XL|10/100
|move|p2a: Grande Lapine XL|Hyper Voice|p1a: Mambo No.5
|-supereffective|p1a: Mambo No.5
|-damage|p1a: Mambo No.5|0 fnt
|faint|p1a: Mambo No.5
|
|upkeep
|
|t:|1779971093
|switch|p1a: Arcanine|Arcanine, M|100/100
|-ability|p1a: Arcanine|Intimidate|boost
|-unboost|p2a: Grande Lapine XL|atk|1
|turn|8
|
|t:|1779971104
|switch|p2a: Chien dressé XL|Suicune|100/100
|-ability|p2a: Chien dressé XL|Pressure
|move|p1a: Arcanine|Flare Blitz|p2a: Chien dressé XL
|-resisted|p2a: Chien dressé XL
|-damage|p2a: Chien dressé XL|83/100
|-damage|p1a: Arcanine|95/100|[from] Recoil
|
|-heal|p1a: Arcanine|100/100|[from] item: Leftovers
|-heal|p2a: Chien dressé XL|90/100|[from] item: Leftovers
|upkeep
|turn|9
|
|t:|1779971114
|switch|p1a: Stallcune|Suicune, shiny|100/100
|-ability|p1a: Stallcune|Pressure
|move|p2a: Chien dressé XL|Calm Mind|p2a: Chien dressé XL
|-boost|p2a: Chien dressé XL|spa|1
|-boost|p2a: Chien dressé XL|spd|1
|
|-heal|p2a: Chien dressé XL|96/100|[from] item: Leftovers
|upkeep
|turn|10
|
|t:|1779971126
|switch|p2a: Dragon Bleu XL|Latios, M|100/100
|move|p1a: Stallcune|Substitute|p1a: Stallcune
|-start|p1a: Stallcune|Substitute
|-damage|p1a: Stallcune|75/100
|
|-heal|p1a: Stallcune|82/100|[from] item: Leftovers
|upkeep
|turn|11
|
|t:|1779971135
|move|p2a: Dragon Bleu XL|Calm Mind|p2a: Dragon Bleu XL
|-boost|p2a: Dragon Bleu XL|spa|1
|-boost|p2a: Dragon Bleu XL|spd|1
|move|p1a: Stallcune|Calm Mind|p1a: Stallcune
|-boost|p1a: Stallcune|spa|1
|-boost|p1a: Stallcune|spd|1
|
|-heal|p1a: Stallcune|88/100|[from] item: Leftovers
|upkeep
|turn|12
|
|t:|1779971143
|move|p2a: Dragon Bleu XL|Thunderbolt|p1a: Stallcune
|-supereffective|p1a: Stallcune
|-end|p1a: Stallcune|Substitute
|move|p1a: Stallcune|Calm Mind|p1a: Stallcune
|-boost|p1a: Stallcune|spa|1
|-boost|p1a: Stallcune|spd|1
|
|-heal|p1a: Stallcune|94/100|[from] item: Leftovers
|upkeep
|turn|13
|
|t:|1779971151
|move|p1a: Stallcune|Protect|p1a: Stallcune
|-singleturn|p1a: Stallcune|Protect
|move|p2a: Dragon Bleu XL|Calm Mind|p2a: Dragon Bleu XL
|-boost|p2a: Dragon Bleu XL|spa|1
|-boost|p2a: Dragon Bleu XL|spd|1
|
|-heal|p1a: Stallcune|99/100|[from] item: Leftovers
|upkeep
|turn|14
|
|t:|1779971163
|-terastallize|p1a: Stallcune|Steel
|move|p2a: Dragon Bleu XL|Calm Mind|p2a: Dragon Bleu XL
|-boost|p2a: Dragon Bleu XL|spa|1
|-boost|p2a: Dragon Bleu XL|spd|1
|move|p1a: Stallcune|Scald|p2a: Dragon Bleu XL
|-resisted|p2a: Dragon Bleu XL
|-damage|p2a: Dragon Bleu XL|84/100
|
|-heal|p1a: Stallcune|100/100|[from] item: Leftovers
|upkeep
|turn|15
|
|t:|1779971174
|move|p2a: Dragon Bleu XL|Thunderbolt|p1a: Stallcune
|-damage|p1a: Stallcune|69/100
|move|p1a: Stallcune|Calm Mind|p1a: Stallcune
|-boost|p1a: Stallcune|spa|1
|-boost|p1a: Stallcune|spd|1
|
|-heal|p1a: Stallcune|75/100|[from] item: Leftovers
|upkeep
|turn|16
|
|t:|1779971190
|move|p2a: Dragon Bleu XL|Calm Mind|p2a: Dragon Bleu XL
|-boost|p2a: Dragon Bleu XL|spa|1
|-boost|p2a: Dragon Bleu XL|spd|1
|move|p1a: Stallcune|Scald|p2a: Dragon Bleu XL
|-resisted|p2a: Dragon Bleu XL
|-damage|p2a: Dragon Bleu XL|68/100
|
|-heal|p1a: Stallcune|82/100|[from] item: Leftovers
|upkeep
|turn|17
|
|t:|1779971200
|move|p2a: Dragon Bleu XL|Thunderbolt|p1a: Stallcune
|-damage|p1a: Stallcune|53/100
|move|p1a: Stallcune|Calm Mind|p1a: Stallcune
|-boost|p1a: Stallcune|spa|1
|-boost|p1a: Stallcune|spd|1
|
|-heal|p1a: Stallcune|59/100|[from] item: Leftovers
|upkeep
|turn|18
|
|t:|1779971208
|move|p2a: Dragon Bleu XL|Calm Mind|p2a: Dragon Bleu XL
|-boost|p2a: Dragon Bleu XL|spa|1
|-boost|p2a: Dragon Bleu XL|spd|1
|move|p1a: Stallcune|Scald|p2a: Dragon Bleu XL
|-resisted|p2a: Dragon Bleu XL
|-damage|p2a: Dragon Bleu XL|53/100
|
|-heal|p1a: Stallcune|66/100|[from] item: Leftovers
|upkeep
|turn|19
|
|t:|1779971216
|move|p2a: Dragon Bleu XL|Calm Mind|p2a: Dragon Bleu XL
|-boost|p2a: Dragon Bleu XL|spa|1
|-boost|p2a: Dragon Bleu XL|spd|1
|move|p1a: Stallcune|Calm Mind|p1a: Stallcune
|-boost|p1a: Stallcune|spa|1
|-boost|p1a: Stallcune|spd|1
|
|-heal|p1a: Stallcune|72/100|[from] item: Leftovers
|upkeep
|turn|20
|
|t:|1779971236
|move|p2a: Dragon Bleu XL|Thunderbolt|p1a: Stallcune
|-crit|p1a: Stallcune
|-damage|p1a: Stallcune|0 fnt
|faint|p1a: Stallcune
|
|upkeep
|
|t:|1779971248
|switch|p1a: Heracross|Heracross, F, shiny|100/100
|turn|21
|inactive|CanSoup has 120 seconds left.
|inactive|CanSoup has 90 seconds left.
|inactive|CanSoup has 60 seconds left.
|inactive|CanSoup has 30 seconds left.
|inactive|CanSoup has 20 seconds left.
|inactive|CanSoup has 15 seconds left.
|inactive|CanSoup has 10 seconds left.
|inactive|CanSoup has 5 seconds left.
|-message|CanSoup lost due to inactivity.
|
|win|Dom225
|raw|CanSoup's rating: 1372 &rarr; <strong>1352</strong><br />(-20 for losing)
|raw|Dom225's rating: 1371 &rarr; <strong>1391</strong><br />(+20 for winning)
|l|☆Dom225
|player|p2|
