|j|☆36hpdc
|j|☆Pog Dawg
|t:|1779908751
|gametype|singles
|player|p1|36hpdc|1|1192
|player|p2|Pog Dawg|2|1190
|gen|9
|tier|[Gen 9] OU
|rated|
|rule|HP Percentage Mod: HP is shown in percentages
|rule|Endless Battle Clause: Forcing endless battles is banned
|rule|Species Clause: Limit one of each Pokémon
|rule|OHKO Clause: OHKO moves are banned
|rule|Evasion Items Clause: Evasion items are banned
|rule|Evasion Moves Clause: Evasion moves are banned
|rule|Evasion Abilities Clause: Evasion abilities are banned
|rule|Sleep Moves Clause: Sleep-inducing moves are banned
|clearpoke
|poke|p1|Dusclops, M|
|poke|p1|Klefki, M|
|poke|p1|Conkeldurr, F|
|poke|p1|Ursaluna, M|
|poke|p1|Kingdra, F|
|poke|p1|Politoed, M|
|poke|p2|Gliscor, M|
|poke|p2|Magnezone|
|poke|p2|Arcanine-Hisui, F|
|poke|p2|Hatterene, F|
|poke|p2|Sceptile, F|
|poke|p2|Rotom-Wash|
|teampreview
|
|t:|1779908765
|teamsize|p1|6
|teamsize|p2|6
|start
|switch|p1a: Ursaluna|Ursaluna, M|100/100
|switch|p2a: Rotom|Rotom-Wash|100/100
|turn|1
|
|t:|1779908783
|switch|p1a: Politoed|Politoed, M|100/100
|-weather|RainDance|[from] ability: Drizzle|[of] p1a: Politoed
|move|p2a: Rotom|Hydro Pump|p1a: Politoed|[miss]
|-miss|p2a: Rotom|p1a: Politoed
|
|-weather|RainDance|[upkeep]
|upkeep
|turn|2
|
|t:|1779908801
|switch|p1a: Ursaluna|Ursaluna, M|100/100
|switch|p2a: Sceptile|Sceptile, F|100/100
|
|-weather|RainDance|[upkeep]
|-status|p1a: Ursaluna|brn|[from] item: Flame Orb
|upkeep
|turn|3
|
|t:|1779908816
|switch|p2a: Arcanine|Arcanine-Hisui, F|100/100
|-terastallize|p1a: Ursaluna|Normal
|move|p1a: Ursaluna|Facade|p2a: Arcanine
|-resisted|p2a: Arcanine
|-damage|p2a: Arcanine|1/100
|
|-weather|RainDance|[upkeep]
|-damage|p1a: Ursaluna|94/100 brn|[from] brn
|upkeep
|turn|4
|
|t:|1779908827
|switch|p1a: Dusclops|Dusclops, M|100/100
|-item|p2a: Arcanine|Expert Belt|[from] ability: Frisk|[of] p1a: Dusclops
|move|p2a: Arcanine|Close Combat|p1a: Dusclops
|-immune|p1a: Dusclops
|
|-weather|RainDance|[upkeep]
|upkeep
|turn|5
|
|t:|1779908840
|switch|p2a: Rotom|Rotom-Wash|100/100
|switch|p1a: Kingdra|Kingdra, F|100/100
|
|-weather|RainDance|[upkeep]
|upkeep
|turn|6
|
|t:|1779908850
|move|p1a: Kingdra|Draco Meteor|p2a: Rotom|[miss]
|-miss|p1a: Kingdra|p2a: Rotom
|move|p2a: Rotom|Will-O-Wisp|p1a: Kingdra
|-status|p1a: Kingdra|brn
|
|-weather|RainDance|[upkeep]
|-damage|p1a: Kingdra|94/100 brn|[from] brn
|upkeep
|turn|7
|
|t:|1779908863
|switch|p2a: Hatterene|Hatterene, F|100/100
|move|p1a: Kingdra|Draco Meteor|p2a: Hatterene
|-immune|p2a: Hatterene
|
|-weather|RainDance|[upkeep]
|-damage|p1a: Kingdra|88/100 brn|[from] brn
|upkeep
|turn|8
|
|t:|1779908879
|move|p1a: Kingdra|Weather Ball|p2a: Hatterene
|-damage|p2a: Hatterene|33/100
|-damage|p1a: Kingdra|78/100 brn|[from] item: Life Orb
|move|p2a: Hatterene|Psychic|p1a: Kingdra
|-damage|p1a: Kingdra|17/100 brn
|
|-weather|none
|-damage|p1a: Kingdra|11/100 brn|[from] brn
|upkeep
|turn|9
|
|t:|1779908892
|switch|p1a: Dusclops|Dusclops, M|100/100
|-item|p2a: Hatterene|Assault Vest|[from] ability: Frisk|[of] p1a: Dusclops
|move|p2a: Hatterene|Psychic|p1a: Dusclops
|-damage|p1a: Dusclops|72/100
|
|upkeep
|turn|10
|
|t:|1779908900
|move|p2a: Hatterene|Nuzzle|p1a: Dusclops
|-damage|p1a: Dusclops|69/100
|-status|p1a: Dusclops|par
|move|p1a: Dusclops|Trick Room|p1a: Dusclops
|-fieldstart|move: Trick Room|[of] p1a: Dusclops
|
|upkeep
|turn|11
|
|t:|1779908915
|move|p1a: Dusclops|Curse|p2a: Hatterene
|-start|p2a: Hatterene|Curse|[of] p1a: Dusclops
|-damage|p1a: Dusclops|19/100 par
|move|p2a: Hatterene|Shadow Ball|p1a: Dusclops
|-supereffective|p1a: Dusclops
|-damage|p1a: Dusclops|0 fnt
|faint|p1a: Dusclops
|
|-damage|p2a: Hatterene|8/100|[from] Curse
|upkeep
|
|t:|1779908927
|switch|p1a: Ursaluna|Ursaluna, M, tera:Normal|94/100 brn
|turn|12
|
|t:|1779908936
|move|p2a: Hatterene|Psychic|p1a: Ursaluna
|-damage|p1a: Ursaluna|51/100 brn
|move|p1a: Ursaluna|Facade|p2a: Hatterene
|-damage|p2a: Hatterene|0 fnt
|faint|p2a: Hatterene
|
|-damage|p1a: Ursaluna|45/100 brn|[from] brn
|upkeep
|
|t:|1779908965
|switch|p2a: Gliscor|Gliscor, M|100/100
|turn|13
|
|t:|1779908971
|move|p2a: Gliscor|Protect|p2a: Gliscor
|-singleturn|p2a: Gliscor|Protect
|move|p1a: Ursaluna|Ice Punch|p2a: Gliscor
|-activate|p2a: Gliscor|move: Protect
|
|-damage|p1a: Ursaluna|39/100 brn|[from] brn
|-status|p2a: Gliscor|tox|[from] item: Toxic Orb
|upkeep
|turn|14
|
|t:|1779908986
|move|p1a: Ursaluna|Facade|p2a: Gliscor
|-damage|p2a: Gliscor|0 fnt
|faint|p2a: Gliscor
|
|-damage|p1a: Ursaluna|33/100 brn|[from] brn
|-fieldend|move: Trick Room
|upkeep
|
|t:|1779908994
|switch|p2a: Arcanine|Arcanine-Hisui, F|1/100
|turn|15
|
|t:|1779909001
|switch|p1a: Politoed|Politoed, M|100/100
|-weather|RainDance|[from] ability: Drizzle|[of] p1a: Politoed
|move|p2a: Arcanine|Wild Charge|p1a: Politoed
|-supereffective|p1a: Politoed
|-damage|p1a: Politoed|24/100
|
|-weather|RainDance|[upkeep]
|upkeep
|turn|16
|
|t:|1779909010
|move|p2a: Arcanine|Wild Charge|p1a: Politoed
|-supereffective|p1a: Politoed
|-damage|p1a: Politoed|0 fnt
|faint|p1a: Politoed
|
|-weather|RainDance|[upkeep]
|upkeep
|
|t:|1779909019
|switch|p1a: Conkeldurr|Conkeldurr, F|100/100
|turn|17
|
|t:|1779909025
|switch|p2a: Rotom|Rotom-Wash|100/100
|move|p1a: Conkeldurr|Mach Punch|p2a: Rotom
|-damage|p2a: Rotom|73/100
|
|-weather|RainDance|[upkeep]
|-status|p1a: Conkeldurr|brn|[from] item: Flame Orb
|upkeep
|turn|18
|
|t:|1779909038
|move|p2a: Rotom|Hydro Pump|p1a: Conkeldurr
|-damage|p1a: Conkeldurr|10/100 brn
|move|p1a: Conkeldurr|Drain Punch|p2a: Rotom
|-damage|p2a: Rotom|0 fnt
|-heal|p1a: Conkeldurr|33/100 brn|[from] drain|[of] p2a: Rotom
|faint|p2a: Rotom
|
|-weather|RainDance|[upkeep]
|-damage|p1a: Conkeldurr|27/100 brn|[from] brn
|upkeep
|
|t:|1779909055
|switch|p2a: Sceptile|Sceptile, F|100/100
|turn|19
|
|t:|1779909062
|switch|p1a: Klefki|Klefki, M|100/100
|move|p2a: Sceptile|Acrobatics|p1a: Klefki
|-resisted|p1a: Klefki
|-crit|p1a: Klefki
|-damage|p1a: Klefki|87/100
|
|-weather|RainDance|[upkeep]
|upkeep
|turn|20
|
|t:|1779909071
|switch|p2a: Magnezone|Magnezone|100/100
|move|p1a: Klefki|Spikes|p2a: Magnezone
|-sidestart|p2: Pog Dawg|Spikes
|
|-weather|RainDance|[upkeep]
|upkeep
|turn|21
|
|t:|1779909079
|move|p1a: Klefki|Spikes|p2a: Magnezone
|-sidestart|p2: Pog Dawg|Spikes
|move|p2a: Magnezone|Iron Defense|p2a: Magnezone
|-boost|p2a: Magnezone|def|2
|
|-weather|RainDance|[upkeep]
|upkeep
|turn|22
|
|t:|1779909086
|move|p1a: Klefki|Spikes|p2a: Magnezone
|-sidestart|p2: Pog Dawg|Spikes
|move|p2a: Magnezone|Light Screen|p2a: Magnezone
|-sidestart|p2: Pog Dawg|move: Light Screen
|
|-weather|none
|upkeep
|turn|23
|
|t:|1779909092
|move|p1a: Klefki|Spikes||[still]
|-fail|p1a: Klefki
|move|p2a: Magnezone|Body Press|p1a: Klefki
|-crit|p1a: Klefki
|-damage|p1a: Klefki|0 fnt
|faint|p1a: Klefki
|
|upkeep
|
|t:|1779909111
|switch|p1a: Ursaluna|Ursaluna, M, tera:Normal|33/100 brn
|turn|24
|
|t:|1779909117
|move|p2a: Magnezone|Body Press|p1a: Ursaluna
|-supereffective|p1a: Ursaluna
|-damage|p1a: Ursaluna|0 fnt
|faint|p1a: Ursaluna
|
|upkeep
|-message|36hpdc forfeited.
|
|win|Pog Dawg
|raw|36hpdc's rating: 1192 &rarr; <strong>1167</strong><br />(-25 for losing)
|raw|Pog Dawg's rating: 1190 &rarr; <strong>1215</strong><br />(+25 for winning)
|l|☆36hpdc
|player|p1|
|l|☆Pog Dawg
|player|p2|
