|j|☆popozao
|j|☆el metrallas
|t:|1779800621
|gametype|singles
|player|p1|popozao|lenora|1284
|player|p2|el metrallas|swimmerf-gen4|1348
|gen|9
|tier|[Gen 9] OU
|rated|
|rule|HP Percentage Mod: HP is shown in percentages
|rule|Endless Battle Clause: Forcing endless battles is banned
|rule|Species Clause: Limit one of each Pokémon
|rule|OHKO Clause: OHKO moves are banned
|rule|Evasion Items Clause: Evasion items are banned
|rule|Evasion Moves Clause: Evasion moves are banned
|rule|Evasion Abilities Clause: Evasion abilities are banned
|rule|Sleep Moves Clause: Sleep-inducing moves are banned
|clearpoke
|poke|p1|Polteageist|
|poke|p1|Glimmora, F|
|poke|p1|Alomomola, M|
|poke|p1|Indeedee, M|
|poke|p1|Cinderace, F|
|poke|p1|Ursaluna, M|
|poke|p2|Hydreigon, F|
|poke|p2|Ribombee, M|
|poke|p2|Tauros-Paldea-Blaze, M|
|poke|p2|Clodsire, M|
|poke|p2|Mamoswine, M|
|poke|p2|Gholdengo|
|teampreview
|inactive|Battle timer is ON: inactive players will automatically lose when time's up. (requested by el metrallas)
|
|t:|1779800634
|teamsize|p1|6
|teamsize|p2|6
|start
|switch|p1a: Ursaluna|Ursaluna, M|100/100
|switch|p2a: Mamuten|Mamoswine, M|100/100
|turn|1
|
|t:|1779800639
|move|p2a: Mamuten|Icicle Crash|p1a: Ursaluna
|-supereffective|p1a: Ursaluna
|-damage|p1a: Ursaluna|30/100
|move|p1a: Ursaluna|Body Slam|p2a: Mamuten
|-damage|p2a: Mamuten|50/100
|
|-heal|p1a: Ursaluna|36/100|[from] item: Leftovers
|upkeep
|turn|2
|
|t:|1779800648
|switch|p1a: Alomomola|Alomomola, M|100/100
|move|p2a: Mamuten|Icicle Crash|p1a: Alomomola
|-resisted|p1a: Alomomola
|-damage|p1a: Alomomola|85/100
|
|upkeep
|turn|3
|
|t:|1779800651
|switch|p2a: Director|Clodsire, M, shiny|100/100
|move|p1a: Alomomola|Flip Turn|p2a: Director
|-immune|p2a: Director|[from] ability: Water Absorb
|
|upkeep
|turn|4
|
|t:|1779800659
|switch|p1a: Ursaluna|Ursaluna, M|36/100
|move|p2a: Director|Toxic|p1a: Ursaluna
|-status|p1a: Ursaluna|tox
|
|-heal|p1a: Ursaluna|43/100 tox|[from] item: Leftovers
|-damage|p1a: Ursaluna|36/100 tox|[from] psn
|upkeep
|turn|5
|
|t:|1779800667
|switch|p2a: Collejas|Hydreigon, F|100/100
|move|p1a: Ursaluna|Earthquake|p2a: Collejas
|-immune|p2a: Collejas|[from] ability: Levitate
|
|-heal|p1a: Ursaluna|43/100 tox|[from] item: Leftovers
|-damage|p1a: Ursaluna|30/100 tox|[from] psn
|upkeep
|turn|6
|
|t:|1779800677
|-terastallize|p1a: Ursaluna|Fairy
|move|p2a: Collejas|Dark Pulse|p1a: Ursaluna
|-resisted|p1a: Ursaluna
|-damage|p1a: Ursaluna|4/100 tox
|move|p1a: Ursaluna|Play Rough|p2a: Collejas
|-supereffective|p2a: Collejas
|-damage|p2a: Collejas|0 fnt
|faint|p2a: Collejas
|
|-heal|p1a: Ursaluna|10/100 tox|[from] item: Leftovers
|-damage|p1a: Ursaluna|0 fnt|[from] psn
|faint|p1a: Ursaluna
|upkeep
|
|t:|1779800689
|switch|p2a: Mamuten|Mamoswine, M|50/100
|switch|p1a: Alomomola|Alomomola, M|100/100
|turn|7
|
|t:|1779800712
|move|p2a: Mamuten|Earthquake|p1a: Alomomola
|-damage|p1a: Alomomola|65/100
|move|p1a: Alomomola|Flip Turn|p2a: Mamuten
|-supereffective|p2a: Mamuten
|-damage|p2a: Mamuten|11/100
|
|t:|1779800718
|switch|p1a: Glimmora|Glimmora, F|100/100|[from] Flip Turn
|
|upkeep
|turn|8
|
|t:|1779800722
|move|p2a: Mamuten|Earthquake|p1a: Glimmora
|-supereffective|p1a: Glimmora
|-enditem|p1a: Glimmora|Focus Sash
|-damage|p1a: Glimmora|1/100
|-activate|p1a: Glimmora|ability: Toxic Debris
|-sidestart|p2: el metrallas|move: Toxic Spikes
|move|p1a: Glimmora|Power Gem|p2a: Mamuten
|-damage|p2a: Mamuten|0 fnt
|faint|p2a: Mamuten
|
|upkeep
|
|t:|1779800737
|switch|p2a: Director|Clodsire, M, shiny|100/100
|-sideend|p2: el metrallas|move: Toxic Spikes|[of] p2a: Director
|turn|9
|
|t:|1779800742
|move|p1a: Glimmora|Stealth Rock|p2a: Director
|-sidestart|p2: el metrallas|move: Stealth Rock
|move|p2a: Director|Earthquake|p1a: Glimmora
|-supereffective|p1a: Glimmora
|-damage|p1a: Glimmora|0 fnt
|-activate|p1a: Glimmora|ability: Toxic Debris
|-sidestart|p2: el metrallas|move: Toxic Spikes
|faint|p1a: Glimmora
|
|upkeep
|
|t:|1779800747
|switch|p1a: Indeedee|Indeedee, M|100/100
|-fieldstart|move: Psychic Terrain|[from] ability: Psychic Surge|[of] p1a: Indeedee
|turn|10
|
|t:|1779800757
|switch|p2a: Tuerta|Ribombee, M, shiny|100/100
|-damage|p2a: Tuerta|76/100|[from] Stealth Rock
|-status|p2a: Tuerta|psn
|move|p1a: Indeedee|Expanding Force|p2a: Tuerta
|-damage|p2a: Tuerta|0 fnt
|faint|p2a: Tuerta
|
|upkeep
|
|t:|1779800764
|switch|p2a: Bombas|Gholdengo|100/100
|-damage|p2a: Bombas|94/100|[from] Stealth Rock
|-item|p2a: Bombas|Air Balloon
|turn|11
|
|t:|1779800769
|move|p1a: Indeedee|Expanding Force|p2a: Bombas
|-resisted|p2a: Bombas
|-damage|p2a: Bombas|52/100
|-enditem|p2a: Bombas|Air Balloon
|move|p2a: Bombas|Shadow Ball|p1a: Indeedee
|-immune|p1a: Indeedee
|
|upkeep
|turn|12
|
|t:|1779800777
|move|p1a: Indeedee|Expanding Force|p2a: Bombas
|-resisted|p2a: Bombas
|-damage|p2a: Bombas|11/100
|move|p2a: Bombas|Nasty Plot|p2a: Bombas
|-boost|p2a: Bombas|spa|2
|
|upkeep
|turn|13
|
|t:|1779800781
|move|p1a: Indeedee|Expanding Force|p2a: Bombas
|-resisted|p2a: Bombas
|-damage|p2a: Bombas|0 fnt
|faint|p2a: Bombas
|
|upkeep
|
|t:|1779800784
|switch|p2a: Director|Clodsire, M, shiny|100/100
|-damage|p2a: Director|94/100|[from] Stealth Rock
|-sideend|p2: el metrallas|move: Toxic Spikes|[of] p2a: Director
|turn|14
|
|t:|1779800787
|-terastallize|p2a: Director|Flying
|move|p1a: Indeedee|Expanding Force|p2a: Director
|-damage|p2a: Director|46/100
|move|p2a: Director|Toxic|p1a: Indeedee
|-status|p1a: Indeedee|tox
|
|-heal|p2a: Director|52/100|[from] item: Leftovers
|-damage|p1a: Indeedee|94/100 tox|[from] psn
|-fieldend|move: Psychic Terrain
|upkeep
|turn|15
|
|t:|1779800793
|switch|p1a: Cinderace|Cinderace, F|100/100
|move|p2a: Director|Earthquake|p1a: Cinderace
|-supereffective|p1a: Cinderace
|-damage|p1a: Cinderace|26/100
|
|-heal|p2a: Director|58/100|[from] item: Leftovers
|upkeep
|turn|16
|
|t:|1779800799
|switch|p2a: Torete|Tauros-Paldea-Blaze, M, shiny|100/100
|-damage|p2a: Torete|88/100|[from] Stealth Rock
|-ability|p2a: Torete|Intimidate|boost
|-unboost|p1a: Cinderace|atk|1
|move|p1a: Cinderace|Flare Blitz|p2a: Torete
|-resisted|p2a: Torete
|-damage|p2a: Torete|42/100
|-damage|p1a: Cinderace|11/100|[from] Recoil
|
|upkeep
|turn|17
|
|t:|1779800811
|move|p1a: Cinderace|Flare Blitz|p2a: Torete
|-resisted|p2a: Torete
|-damage|p2a: Torete|0 fnt
|faint|p2a: Torete
|-damage|p1a: Cinderace|0 fnt|[from] Recoil
|faint|p1a: Cinderace
|
|upkeep
|
|t:|1779800816
|switch|p1a: Indeedee|Indeedee, M|94/100 tox
|switch|p2a: Director|Clodsire, M, shiny, tera:Flying|58/100
|-fieldstart|move: Psychic Terrain|[from] ability: Psychic Surge|[of] p1a: Indeedee
|-damage|p2a: Director|33/100|[from] Stealth Rock
|turn|18
|
|t:|1779800820
|move|p2a: Director|Protect|p2a: Director
|-singleturn|p2a: Director|Protect
|move|p1a: Indeedee|Expanding Force|p2a: Director
|-activate|p2a: Director|move: Protect
|
|-heal|p2a: Director|40/100|[from] item: Leftovers
|-damage|p1a: Indeedee|88/100 tox|[from] psn
|upkeep
|turn|19
|
|t:|1779800827
|move|p1a: Indeedee|Expanding Force|p2a: Director
|-damage|p2a: Director|0 fnt
|faint|p2a: Director
|
|win|popozao
|raw|popozao's rating: 1284 &rarr; <strong>1314</strong><br />(+30 for winning)
|raw|el metrallas's rating: 1348 &rarr; <strong>1324</strong><br />(-24 for losing)
|l|☆el metrallas
|player|p2|
|l|☆popozao
|player|p1|
