|j|☆perfecto123
|j|☆Karmasiren
|t:|1779816929
|gametype|singles
|player|p1|perfecto123|1|1612
|player|p2|Karmasiren|skyla|1572
|gen|9
|tier|[Gen 9] OU
|rated|
|rule|HP Percentage Mod: HP is shown in percentages
|rule|Endless Battle Clause: Forcing endless battles is banned
|rule|Species Clause: Limit one of each Pokémon
|rule|OHKO Clause: OHKO moves are banned
|rule|Evasion Items Clause: Evasion items are banned
|rule|Evasion Moves Clause: Evasion moves are banned
|rule|Evasion Abilities Clause: Evasion abilities are banned
|rule|Sleep Moves Clause: Sleep-inducing moves are banned
|clearpoke
|poke|p1|Ribombee, F|
|poke|p1|Quaquaval, F|
|poke|p1|Hydreigon, M|
|poke|p1|Iron Moth|
|poke|p1|Skeledirge, F|
|poke|p1|Ogerpon-Wellspring, F|
|poke|p2|Tinkaton, F|
|poke|p2|Ogerpon, F|
|poke|p2|Great Tusk|
|poke|p2|Pecharunt|
|poke|p2|Alomomola, M|
|poke|p2|Hydreigon, M|
|teampreview
|
|t:|1779816940
|teamsize|p1|6
|teamsize|p2|6
|start
|switch|p1a: Skeledirge|Skeledirge, F|100/100
|switch|p2a: Smile.exe|Tinkaton, F, shiny|100/100
|-item|p2a: Smile.exe|Air Balloon
|turn|1
|
|t:|1779816946
|move|p2a: Smile.exe|Stealth Rock|p1a: Skeledirge
|-sidestart|p1: perfecto123|move: Stealth Rock
|move|p1a: Skeledirge|Torch Song|p2a: Smile.exe
|-supereffective|p2a: Smile.exe
|-damage|p2a: Smile.exe|13/100
|-boost|p1a: Skeledirge|spa|1
|-enditem|p2a: Smile.exe|Air Balloon
|
|upkeep
|turn|2
|
|t:|1779816954
|switch|p2a: Pisces|Alomomola, M, shiny|100/100
|move|p1a: Skeledirge|Torch Song|p2a: Pisces
|-resisted|p2a: Pisces
|-crit|p2a: Pisces
|-damage|p2a: Pisces|77/100
|-boost|p1a: Skeledirge|spa|1
|
|upkeep
|turn|3
|inactive|Battle timer is ON: inactive players will automatically lose when time's up. (requested by Karmasiren)
|
|t:|1779816963
|-terastallize|p1a: Skeledirge|Fairy
|move|p1a: Skeledirge|Alluring Voice|p2a: Pisces
|-damage|p2a: Pisces|38/100
|move|p2a: Pisces|Mirror Coat|p1a: Skeledirge
|-damage|p1a: Skeledirge|0 fnt
|faint|p1a: Skeledirge
|
|upkeep
|
|t:|1779816977
|switch|p1a: Ogerpon|Ogerpon-Wellspring, F|100/100
|-damage|p1a: Ogerpon|88/100|[from] Stealth Rock
|turn|4
|
|t:|1779816984
|switch|p2a: Overseer|Pecharunt|100/100
|move|p1a: Ogerpon|Swords Dance|p1a: Ogerpon
|-boost|p1a: Ogerpon|atk|2
|
|upkeep
|turn|5
|
|t:|1779816989
|move|p1a: Ogerpon|Ivy Cudgel|p2a: Overseer|[anim] Ivy Cudgel Water
|-damage|p2a: Overseer|44/100
|move|p2a: Overseer|Malignant Chain|p1a: Ogerpon
|-supereffective|p1a: Ogerpon
|-damage|p1a: Ogerpon|20/100
|-status|p1a: Ogerpon|tox
|-start|p1a: Ogerpon|confusion|[from] ability: Poison Puppeteer|[of] p2a: Overseer
|
|-damage|p1a: Ogerpon|14/100 tox|[from] psn
|upkeep
|turn|6
|
|t:|1779817000
|switch|p2a: Smile.exe|Tinkaton, F, shiny|13/100
|-activate|p1a: Ogerpon|confusion
|-damage|p1a: Ogerpon|0 fnt|[from] confusion
|faint|p1a: Ogerpon
|
|upkeep
|
|t:|1779817006
|switch|p1a: Ribombee|Ribombee, F|100/100
|-damage|p1a: Ribombee|76/100|[from] Stealth Rock
|turn|7
|
|t:|1779817013
|move|p1a: Ribombee|Sticky Web|p2a: Smile.exe
|-sidestart|p2: Karmasiren|move: Sticky Web
|move|p2a: Smile.exe|Encore|p1a: Ribombee
|-start|p1a: Ribombee|Encore
|
|upkeep
|turn|8
|
|t:|1779817019
|switch|p1a: Quaquaval|Quaquaval, F|100/100
|-damage|p1a: Quaquaval|94/100|[from] Stealth Rock
|switch|p2a: Behemoth|Great Tusk, shiny|100/100
|
|-heal|p1a: Quaquaval|100/100|[from] item: Leftovers
|upkeep
|turn|9
|inactive|Karmasiren has 120 seconds left.
|
|t:|1779817054
|move|p2a: Behemoth|Rapid Spin|p1a: Quaquaval
|-damage|p1a: Quaquaval|79/100
|-boost|p2a: Behemoth|spe|1
|-sideend|p2: Karmasiren|Sticky Web|[from] move: Rapid Spin|[of] p2a: Behemoth
|move|p1a: Quaquaval|Aqua Step|p2a: Behemoth
|-supereffective|p2a: Behemoth
|-damage|p2a: Behemoth|39/100
|-boost|p1a: Quaquaval|spe|1
|
|-heal|p1a: Quaquaval|85/100|[from] item: Leftovers
|upkeep
|turn|10
|inactive|Karmasiren has 120 seconds left.
|
|t:|1779817064
|-terastallize|p2a: Behemoth|Fighting
|move|p2a: Behemoth|Close Combat|p1a: Quaquaval
|-damage|p1a: Quaquaval|0 fnt
|-unboost|p2a: Behemoth|def|1
|-unboost|p2a: Behemoth|spd|1
|faint|p1a: Quaquaval
|
|upkeep
|-message|perfecto123 forfeited.
|
|win|Karmasiren
|raw|perfecto123's rating: 1612 &rarr; <strong>1590</strong><br />(-22 for losing)
|raw|Karmasiren's rating: 1572 &rarr; <strong>1594</strong><br />(+22 for winning)
|l|☆perfecto123
|player|p1|
|l|☆Karmasiren
|player|p2|
