|j|☆PepeNike
|j|☆dfih
|t:|1779948263
|gametype|singles
|player|p1|PepeNike|102|1510
|player|p2|dfih|cynthia-masters4|1613
|gen|9
|tier|[Gen 9] OU
|rated|
|rule|HP Percentage Mod: HP is shown in percentages
|rule|Endless Battle Clause: Forcing endless battles is banned
|rule|Species Clause: Limit one of each Pokémon
|rule|OHKO Clause: OHKO moves are banned
|rule|Evasion Items Clause: Evasion items are banned
|rule|Evasion Moves Clause: Evasion moves are banned
|rule|Evasion Abilities Clause: Evasion abilities are banned
|rule|Sleep Moves Clause: Sleep-inducing moves are banned
|clearpoke
|poke|p1|Alomomola, M|
|poke|p1|Slowking-Galar, F|
|poke|p1|Arcanine-Hisui, M|
|poke|p1|Moltres|
|poke|p1|Pecharunt|
|poke|p1|Cinderace, M|
|poke|p2|Slither Wing|
|poke|p2|Ninetales, F|
|poke|p2|Walking Wake|
|poke|p2|Iron Moth|
|poke|p2|Hatterene, F|
|poke|p2|Blaziken, F|
|teampreview
|inactive|Battle timer is ON: inactive players will automatically lose when time's up. (requested by PepeNike)
|inactive|PepeNike has 120 seconds left.
|
|t:|1779948308
|teamsize|p1|6
|teamsize|p2|6
|start
|switch|p1a: Arcanine|Arcanine-Hisui, M|100/100
|switch|p2a: Tamamo|Ninetales, F, shiny|100/100
|-weather|SunnyDay|[from] ability: Drought|[of] p2a: Tamamo
|turn|1
|inactive|dfih has 120 seconds left.
|inactive|dfih has 90 seconds left.
|
|t:|1779948384
|switch|p2a: Tonelico|Hatterene, F, shiny|100/100
|move|p1a: Arcanine|Head Smash|p2a: Tonelico
|-damage|p2a: Tonelico|0 fnt
|faint|p2a: Tonelico
|
|-weather|SunnyDay|[upkeep]
|upkeep
|
|t:|1779948390
|switch|p2a: Granberia|Walking Wake|100/100
|-activate|p2a: Granberia|ability: Protosynthesis
|-start|p2a: Granberia|protosynthesisspe
|turn|2
|
|t:|1779948408
|switch|p1a: Alomomola|Alomomola, M|100/100
|move|p2a: Granberia|Hydro Steam|p1a: Alomomola
|-resisted|p1a: Alomomola
|-damage|p1a: Alomomola|77/100
|
|-weather|SunnyDay|[upkeep]
|upkeep
|turn|3
|
|t:|1779948432
|-end|p2a: Granberia|Protosynthesis|[silent]
|switch|p2a: Infernape's Son|Blaziken, F, shiny|100/100
|move|p1a: Alomomola|Flip Turn|p2a: Infernape's Son
|-supereffective|p2a: Infernape's Son
|-damage|p2a: Infernape's Son|77/100
|
|t:|1779948453
|switch|p1a: Pecharunt|Pecharunt|100/100|[from] Flip Turn
|
|-weather|SunnyDay|[upkeep]
|upkeep
|turn|4
|c|☆dfih|brutal matchup lol
|
|t:|1779948458
|move|p2a: Infernape's Son|Protect|p2a: Infernape's Son
|-singleturn|p2a: Infernape's Son|Protect
|move|p1a: Pecharunt|Malignant Chain|p2a: Infernape's Son
|-activate|p2a: Infernape's Son|move: Protect
|
|-weather|SunnyDay|[upkeep]
|-ability|p2a: Infernape's Son|Speed Boost|boost
|-boost|p2a: Infernape's Son|spe|1
|upkeep
|turn|5
|
|t:|1779948467
|move|p2a: Infernape's Son|Swords Dance|p2a: Infernape's Son
|-boost|p2a: Infernape's Son|atk|2
|move|p1a: Pecharunt|Malignant Chain|p2a: Infernape's Son
|-damage|p2a: Infernape's Son|29/100
|
|-weather|SunnyDay|[upkeep]
|-ability|p2a: Infernape's Son|Speed Boost|boost
|-boost|p2a: Infernape's Son|spe|1
|upkeep
|turn|6
|
|t:|1779948488
|move|p2a: Infernape's Son|Flare Blitz|p1a: Pecharunt
|-damage|p1a: Pecharunt|0 fnt
|faint|p1a: Pecharunt
|-damage|p2a: Infernape's Son|0 fnt|[from] Recoil
|faint|p2a: Infernape's Son
|
|-weather|SunnyDay|[upkeep]
|upkeep
|inactive|dfih has 90 seconds left.
|
|t:|1779948502
|switch|p2a: Granberia|Walking Wake|100/100
|switch|p1a: Arcanine|Arcanine-Hisui, M|100/100
|-activate|p2a: Granberia|ability: Protosynthesis
|-start|p2a: Granberia|protosynthesisspe
|turn|7
|
|t:|1779948505
|switch|p1a: Alomomola|Alomomola, M|100/100
|move|p2a: Granberia|Flip Turn|p1a: Alomomola
|-resisted|p1a: Alomomola
|-damage|p1a: Alomomola|97/100
|
|t:|1779948510
|-end|p2a: Granberia|Protosynthesis|[silent]
|switch|p2a: Beru|Slither Wing, shiny|100/100|[from] Flip Turn
|-activate|p2a: Beru|ability: Protosynthesis
|-start|p2a: Beru|protosynthesisatk
|
|-weather|SunnyDay|[upkeep]
|upkeep
|turn|8
|inactive|PepeNike has 120 seconds left.
|
|t:|1779948540
|switch|p1a: Moltres|Moltres|100/100
|move|p2a: Beru|U-turn|p1a: Moltres
|-resisted|p1a: Moltres
|-damage|p1a: Moltres|84/100
|-status|p2a: Beru|brn|[from] ability: Flame Body|[of] p1a: Moltres
|
|t:|1779948546
|-end|p2a: Beru|Protosynthesis|[silent]
|switch|p2a: Granberia|Walking Wake|100/100|[from] U-turn
|-activate|p2a: Granberia|ability: Protosynthesis
|-start|p2a: Granberia|protosynthesisspe
|
|-weather|none
|-end|p2a: Granberia|Protosynthesis
|upkeep
|turn|9
|
|t:|1779948553
|switch|p1a: Alomomola|Alomomola, M|100/100
|move|p2a: Granberia|Flip Turn|p1a: Alomomola
|-resisted|p1a: Alomomola
|-damage|p1a: Alomomola|94/100
|
|t:|1779948554
|-end|p2a: Granberia|Protosynthesis|[silent]
|switch|p2a: Tamamo|Ninetales, F, shiny|100/100|[from] Flip Turn
|-weather|SunnyDay|[from] ability: Drought|[of] p2a: Tamamo
|
|-weather|SunnyDay|[upkeep]
|upkeep
|turn|10
|inactive|dfih has 120 seconds left.
|
|t:|1779948563
|move|p2a: Tamamo|Healing Wish|p2a: Tamamo
|faint|p2a: Tamamo
|move|p1a: Alomomola|Flip Turn|p2: Tamamo|[notarget]
|-fail|p1a: Alomomola
|
|-weather|SunnyDay|[upkeep]
|upkeep
|inactive|dfih has 120 seconds left.
|
|t:|1779948568
|switch|p2a: Beru|Slither Wing, shiny|100/100 brn
|-heal|p2a: Beru|100/100|[from] move: Healing Wish
|-activate|p2a: Beru|ability: Protosynthesis
|-start|p2a: Beru|protosynthesisatk
|turn|11
|
|t:|1779948576
|switch|p1a: Moltres|Moltres|84/100
|-terastallize|p2a: Beru|Bug
|move|p2a: Beru|U-turn|p1a: Moltres
|-resisted|p1a: Moltres
|-damage|p1a: Moltres|65/100
|
|t:|1779948580
|-end|p2a: Beru|Protosynthesis|[silent]
|switch|p2a: Granberia|Walking Wake|100/100|[from] U-turn
|-activate|p2a: Granberia|ability: Protosynthesis
|-start|p2a: Granberia|protosynthesisspe
|
|-weather|SunnyDay|[upkeep]
|upkeep
|turn|12
|
|t:|1779948584
|switch|p1a: Alomomola|Alomomola, M|100/100
|move|p2a: Granberia|Draco Meteor|p1a: Alomomola
|-damage|p1a: Alomomola|56/100
|-unboost|p2a: Granberia|spa|2
|
|-weather|SunnyDay|[upkeep]
|upkeep
|turn|13
|
|t:|1779948588
|move|p2a: Granberia|Draco Meteor|p1a: Alomomola|[miss]
|-miss|p2a: Granberia|p1a: Alomomola
|move|p1a: Alomomola|Flip Turn|p2a: Granberia
|-resisted|p2a: Granberia
|-damage|p2a: Granberia|98/100
|
|t:|1779948594
|switch|p1a: Slowking|Slowking-Galar, F, shiny|100/100|[from] Flip Turn
|
|-weather|SunnyDay|[upkeep]
|upkeep
|turn|14
|c|☆dfih|AV Alomomola wrecks this team lol
|c|☆dfih|gg
|-message|dfih forfeited.
|
|win|PepeNike
|raw|PepeNike's rating: 1510 &rarr; <strong>1536</strong><br />(+26 for winning)
|raw|dfih's rating: 1613 &rarr; <strong>1587</strong><br />(-26 for losing)
|l|☆dfih
|player|p2|
|l|☆PepeNike
|player|p1|
