|j|☆ToyouDuck
|j|☆thehatfiend
|t:|1779899810
|gametype|singles
|player|p1|ToyouDuck|lass-gen4dp|1079
|player|p2|thehatfiend|pokemonranger-gen4|1058
|gen|9
|tier|[Gen 9] OU
|rated|
|rule|HP Percentage Mod: HP is shown in percentages
|rule|Endless Battle Clause: Forcing endless battles is banned
|rule|Species Clause: Limit one of each Pokémon
|rule|OHKO Clause: OHKO moves are banned
|rule|Evasion Items Clause: Evasion items are banned
|rule|Evasion Moves Clause: Evasion moves are banned
|rule|Evasion Abilities Clause: Evasion abilities are banned
|rule|Sleep Moves Clause: Sleep-inducing moves are banned
|clearpoke
|poke|p1|Moltres|
|poke|p1|Staraptor, M|
|poke|p1|Bruxish, M|
|poke|p1|Probopass, M|
|poke|p1|Gengar, M|
|poke|p1|Donphan, M|
|poke|p2|Scizor, M|
|poke|p2|Greninja-*, M|
|poke|p2|Corviknight, M|
|poke|p2|Goodra-Hisui, M|
|poke|p2|Salazzle, F|
|poke|p2|Whimsicott, F|
|teampreview
|
|t:|1779899816
|teamsize|p1|6
|teamsize|p2|6
|start
|switch|p1a: Probopass|Probopass, M, shiny|100/100
|switch|p2a: Salazzle|Salazzle, F|100/100
|turn|1
|
|t:|1779899823
|-terastallize|p1a: Probopass|Flying
|move|p2a: Salazzle|Fake Out|p1a: Probopass
|-damage|p1a: Probopass|94/100
|cant|p1a: Probopass|flinch
|
|upkeep
|turn|2
|
|t:|1779899837
|switch|p2a: Tyson|Scizor, M, shiny|100/100
|move|p1a: Probopass|Earth Power|p2a: Tyson
|-damage|p2a: Tyson|73/100
|
|upkeep
|turn|3
|
|t:|1779899845
|move|p2a: Tyson|Knock Off|p1a: Probopass
|-damage|p1a: Probopass|54/100
|-enditem|p1a: Probopass|Assault Vest|[from] move: Knock Off|[of] p2a: Tyson
|-damage|p2a: Tyson|63/100|[from] item: Life Orb
|move|p1a: Probopass|Tri Attack|p2a: Tyson
|-resisted|p2a: Tyson
|-damage|p2a: Tyson|49/100
|-status|p2a: Tyson|par
|
|upkeep
|turn|4
|
|t:|1779899860
|move|p1a: Probopass|Discharge|p2a: Tyson
|-damage|p2a: Tyson|24/100 par
|move|p2a: Tyson|Swords Dance|p2a: Tyson
|-boost|p2a: Tyson|atk|2
|
|upkeep
|turn|5
|
|t:|1779899867
|move|p2a: Tyson|Bullet Punch|p1a: Probopass
|-damage|p1a: Probopass|0 fnt
|faint|p1a: Probopass
|-damage|p2a: Tyson|14/100 par|[from] item: Life Orb
|
|upkeep
|
|t:|1779899875
|switch|p1a: Staraptor|Staraptor, M, shiny|100/100
|turn|6
|
|t:|1779899887
|move|p1a: Staraptor|Quick Attack|p2a: Tyson
|-resisted|p2a: Tyson
|-damage|p2a: Tyson|4/100 par
|move|p2a: Tyson|Bullet Punch|p1a: Staraptor
|-damage|p1a: Staraptor|0 fnt
|faint|p1a: Staraptor
|-damage|p2a: Tyson|0 fnt|[from] item: Life Orb
|faint|p2a: Tyson
|
|upkeep
|
|t:|1779899901
|switch|p1a: Bruxish|Bruxish, M|100/100
|switch|p2a: Salazzle|Salazzle, F|100/100
|turn|7
|
|t:|1779899908
|move|p2a: Salazzle|Toxic|p1a: Bruxish
|-status|p1a: Bruxish|tox
|move|p1a: Bruxish|Swords Dance|p1a: Bruxish
|-boost|p1a: Bruxish|atk|2
|
|-damage|p1a: Bruxish|94/100 tox|[from] psn
|upkeep
|turn|8
|
|t:|1779899919
|move|p2a: Salazzle|Sludge Bomb|p1a: Bruxish
|-damage|p1a: Bruxish|43/100 tox
|move|p1a: Bruxish|Psychic Fangs|p2a: Salazzle
|-supereffective|p2a: Salazzle
|-enditem|p2a: Salazzle|Focus Sash
|-damage|p2a: Salazzle|1/100
|
|-damage|p1a: Bruxish|31/100 tox|[from] psn
|upkeep
|turn|9
|
|t:|1779899933
|switch|p1a: Gengar|Gengar, M, shiny|100/100
|move|p2a: Salazzle|Flamethrower|p1a: Gengar
|-damage|p1a: Gengar|41/100
|-start|p2a: Salazzle|Disable|Flamethrower|[from] ability: Cursed Body|[of] p1a: Gengar
|
|upkeep
|turn|10
|
|t:|1779899942
|move|p2a: Salazzle|Sludge Bomb|p1a: Gengar
|-resisted|p1a: Gengar
|-crit|p1a: Gengar
|-damage|p1a: Gengar|18/100
|move|p1a: Gengar|Giga Drain|p2a: Salazzle
|-resisted|p2a: Salazzle
|-damage|p2a: Salazzle|0 fnt
|-heal|p1a: Gengar|19/100|[from] drain|[of] p2a: Salazzle
|faint|p2a: Salazzle
|
|upkeep
|
|t:|1779899953
|switch|p2a: Goodra|Goodra-Hisui, M, shiny|100/100
|turn|11
|
|t:|1779899959
|move|p1a: Gengar|Giga Drain|p2a: Goodra
|-resisted|p2a: Goodra
|-damage|p2a: Goodra|96/100
|-heal|p1a: Gengar|22/100|[from] drain|[of] p2a: Goodra
|move|p2a: Goodra|Flash Cannon|p1a: Gengar
|-damage|p1a: Gengar|0 fnt
|faint|p1a: Gengar
|
|upkeep
|-message|thehatfiend forfeited.
|
|win|ToyouDuck
|raw|ToyouDuck's rating: 1079 &rarr; <strong>1105</strong><br />(+26 for winning)
|raw|thehatfiend's rating: 1058 &rarr; <strong>1040</strong><br />(-18 for losing)
|l|☆thehatfiend
|player|p2|
|l|☆ToyouDuck
|player|p1|
