|j|☆cowboyoctopus
|j|☆waha8
|t:|1779873045
|gametype|singles
|player|p1|cowboyoctopus|bellelba|1470
|player|p2|waha8|169|1403
|gen|9
|tier|[Gen 9] OU
|rated|
|rule|HP Percentage Mod: HP is shown in percentages
|rule|Endless Battle Clause: Forcing endless battles is banned
|rule|Species Clause: Limit one of each Pokémon
|rule|OHKO Clause: OHKO moves are banned
|rule|Evasion Items Clause: Evasion items are banned
|rule|Evasion Moves Clause: Evasion moves are banned
|rule|Evasion Abilities Clause: Evasion abilities are banned
|rule|Sleep Moves Clause: Sleep-inducing moves are banned
|clearpoke
|poke|p1|Moltres|
|poke|p1|Gliscor, F|
|poke|p1|Sinistcha|
|poke|p1|Samurott-Hisui, F|
|poke|p1|Iron Valiant|
|poke|p1|Dragonite, M|
|poke|p2|Tsareena, F|
|poke|p2|Vikavolt, M|
|poke|p2|Ribombee, F|
|poke|p2|Dragonite, M|
|poke|p2|Hoopa-Unbound|
|poke|p2|Indeedee, M|
|teampreview
|
|t:|1779873059
|teamsize|p1|6
|teamsize|p2|6
|start
|switch|p1a: LCD Poundsystem|Iron Valiant|100/100
|switch|p2a: Mavis|Ribombee, F|100/100
|turn|1
|
|t:|1779873064
|move|p2a: Mavis|Moonblast|p1a: LCD Poundsystem
|-supereffective|p1a: LCD Poundsystem
|-damage|p1a: LCD Poundsystem|0 fnt
|faint|p1a: LCD Poundsystem
|-end|p1a: LCD Poundsystem|Quark Drive|[silent]
|
|upkeep
|
|t:|1779873067
|switch|p1a: Bitches Brew|Sinistcha|100/100
|turn|2
|
|t:|1779873072
|switch|p2a: DeeDee|Indeedee, M|100/100
|-fieldstart|move: Psychic Terrain|[from] ability: Psychic Surge|[of] p2a: DeeDee
|move|p1a: Bitches Brew|Calm Mind|p1a: Bitches Brew
|-boost|p1a: Bitches Brew|spa|1
|-boost|p1a: Bitches Brew|spd|1
|
|upkeep
|turn|3
|
|t:|1779873078
|switch|p1a: Águas de Março|Samurott-Hisui, F|100/100
|move|p2a: DeeDee|Encore||[still]
|-fail|p2a: DeeDee
|
|upkeep
|turn|4
|
|t:|1779873084
|switch|p2a: Mavis|Ribombee, F|100/100
|move|p1a: Águas de Março|Ceaseless Edge|p2a: Mavis
|-resisted|p2a: Mavis
|-damage|p2a: Mavis|55/100
|-sidestart|p2: waha8|Spikes
|
|upkeep
|turn|5
|
|t:|1779873091
|switch|p1a: Bitches Brew|Sinistcha|100/100
|move|p2a: Mavis|Moonblast|p1a: Bitches Brew
|-damage|p1a: Bitches Brew|53/100
|
|upkeep
|turn|6
|
|t:|1779873097
|switch|p1a: 3 Ft Hi n' Rising|Moltres|100/100
|move|p2a: Mavis|Moonblast|p1a: 3 Ft Hi n' Rising
|-resisted|p1a: 3 Ft Hi n' Rising
|-damage|p1a: 3 Ft Hi n' Rising|86/100
|
|upkeep
|turn|7
|
|t:|1779873106
|switch|p2a: DKnight|Dragonite, M|100/100
|move|p1a: 3 Ft Hi n' Rising|U-turn|p2a: DKnight
|-resisted|p2a: DKnight
|-damage|p2a: DKnight|97/100
|
|t:|1779873110
|switch|p1a: Day 'n' Nite|Dragonite, M|100/100|[from] U-turn
|
|upkeep
|turn|8
|
|t:|1779873117
|move|p1a: Day 'n' Nite|Ice Spinner|p2a: DKnight
|-supereffective|p2a: DKnight
|-damage|p2a: DKnight|0 fnt
|-fieldend|move: Psychic Terrain
|faint|p2a: DKnight
|
|upkeep
|
|t:|1779873123
|switch|p2a: Mavis|Ribombee, F|55/100
|-damage|p2a: Mavis|42/100|[from] Spikes
|turn|9
|inactive|Battle timer is ON: inactive players will automatically lose when time's up. (requested by waha8)
|
|t:|1779873154
|switch|p1a: 3 Ft Hi n' Rising|Moltres|86/100
|move|p2a: Mavis|Trick|p1a: 3 Ft Hi n' Rising
|-activate|p2a: Mavis|move: Trick|[of] p1a: 3 Ft Hi n' Rising
|-item|p1a: 3 Ft Hi n' Rising|Choice Scarf|[from] move: Trick
|-item|p2a: Mavis|Heavy-Duty Boots|[from] move: Trick
|
|upkeep
|turn|10
|
|t:|1779873163
|move|p2a: Mavis|Sticky Web|p1a: 3 Ft Hi n' Rising
|-sidestart|p1: cowboyoctopus|move: Sticky Web
|move|p1a: 3 Ft Hi n' Rising|U-turn|p2a: Mavis
|-resisted|p2a: Mavis
|-damage|p2a: Mavis|29/100
|
|t:|1779873167
|switch|p1a: Flyin Saucr Attack|Gliscor, F|100/100|[from] U-turn
|
|-status|p1a: Flyin Saucr Attack|tox|[from] item: Toxic Orb
|upkeep
|turn|11
|
|t:|1779873172
|move|p2a: Mavis|Moonblast|p1a: Flyin Saucr Attack
|-damage|p1a: Flyin Saucr Attack|68/100 tox
|-unboost|p1a: Flyin Saucr Attack|spa|1
|move|p1a: Flyin Saucr Attack|Stealth Rock|p2a: Mavis
|-sidestart|p2: waha8|move: Stealth Rock
|
|-heal|p1a: Flyin Saucr Attack|80/100 tox|[from] ability: Poison Heal
|upkeep
|turn|12
|
|t:|1779873180
|move|p2a: Mavis|Moonblast|p1a: Flyin Saucr Attack
|-damage|p1a: Flyin Saucr Attack|48/100 tox
|move|p1a: Flyin Saucr Attack|Toxic|p2a: Mavis
|-status|p2a: Mavis|tox
|
|-damage|p2a: Mavis|23/100 tox|[from] psn
|-heal|p1a: Flyin Saucr Attack|60/100 tox|[from] ability: Poison Heal
|upkeep
|turn|13
|
|t:|1779873188
|switch|p2a: DeeDee|Indeedee, M|100/100
|-damage|p2a: DeeDee|88/100|[from] Spikes
|-damage|p2a: DeeDee|76/100|[from] Stealth Rock
|-fieldstart|move: Psychic Terrain|[from] ability: Psychic Surge|[of] p2a: DeeDee
|move|p1a: Flyin Saucr Attack|Protect||[still]
|-fail|p1a: Flyin Saucr Attack
|
|-heal|p1a: Flyin Saucr Attack|73/100 tox|[from] ability: Poison Heal
|upkeep
|turn|14
|
|t:|1779873198
|move|p1a: Flyin Saucr Attack|Protect|p1a: Flyin Saucr Attack
|-singleturn|p1a: Flyin Saucr Attack|Protect
|move|p2a: DeeDee|Energy Ball|p1a: Flyin Saucr Attack
|-activate|p1a: Flyin Saucr Attack|move: Protect
|
|-heal|p1a: Flyin Saucr Attack|85/100 tox|[from] ability: Poison Heal
|upkeep
|turn|15
|
|t:|1779873209
|switch|p1a: Águas de Março|Samurott-Hisui, F|100/100
|move|p2a: DeeDee|Expanding Force|p1a: Águas de Março
|-immune|p1a: Águas de Março
|
|upkeep
|turn|16
|
|t:|1779873215
|move|p2a: DeeDee|Energy Ball|p1a: Águas de Março
|-supereffective|p1a: Águas de Março
|-damage|p1a: Águas de Março|16/100
|move|p1a: Águas de Março|Knock Off|p2a: DeeDee
|-supereffective|p2a: DeeDee
|-damage|p2a: DeeDee|0 fnt
|-enditem|p2a: DeeDee|Terrain Extender|[from] move: Knock Off|[of] p1a: Águas de Março
|faint|p2a: DeeDee
|
|upkeep
|
|t:|1779873227
|switch|p2a: MotherTeresa|Tsareena, F|100/100
|turn|17
|
|t:|1779873232
|switch|p1a: Bitches Brew|Sinistcha|53/100
|move|p2a: MotherTeresa|Rapid Spin|p1a: Bitches Brew
|-immune|p1a: Bitches Brew
|
|upkeep
|turn|18
|
|t:|1779873237
|move|p2a: MotherTeresa|Triple Axel|p1a: Bitches Brew
|-supereffective|p1a: Bitches Brew
|-damage|p1a: Bitches Brew|42/100
|-supereffective|p1a: Bitches Brew
|-damage|p1a: Bitches Brew|21/100
|-supereffective|p1a: Bitches Brew
|-damage|p1a: Bitches Brew|0 fnt
|faint|p1a: Bitches Brew
|-hitcount|p1: Bitches Brew|3
|
|upkeep
|
|t:|1779873241
|switch|p1a: 3 Ft Hi n' Rising|Moltres|86/100
|turn|19
|
|t:|1779873247
|move|p1a: 3 Ft Hi n' Rising|Flamethrower|p2a: MotherTeresa
|-supereffective|p2a: MotherTeresa
|-damage|p2a: MotherTeresa|5/100
|move|p2a: MotherTeresa|Rapid Spin|p1a: 3 Ft Hi n' Rising
|-damage|p1a: 3 Ft Hi n' Rising|67/100
|-boost|p2a: MotherTeresa|spe|1
|-status|p2a: MotherTeresa|brn|[from] ability: Flame Body|[of] p1a: 3 Ft Hi n' Rising
|-sideend|p2: waha8|Spikes|[from] move: Rapid Spin|[of] p2a: MotherTeresa
|-sideend|p2: waha8|Stealth Rock|[from] move: Rapid Spin|[of] p2a: MotherTeresa
|
|-damage|p2a: MotherTeresa|0 fnt|[from] brn
|faint|p2a: MotherTeresa
|upkeep
|
|t:|1779873266
|switch|p2a: Akon|Hoopa-Unbound|100/100
|turn|20
|
|t:|1779873269
|switch|p1a: Flyin Saucr Attack|Gliscor, F|85/100 tox
|move|p2a: Akon|Expanding Force|p1a: Flyin Saucr Attack
|-damage|p1a: Flyin Saucr Attack|0 fnt
|faint|p1a: Flyin Saucr Attack
|-damage|p2a: Akon|91/100|[from] item: Life Orb
|
|-fieldend|move: Psychic Terrain
|upkeep
|
|t:|1779873275
|switch|p1a: 3 Ft Hi n' Rising|Moltres|67/100
|turn|21
|
|t:|1779873279
|switch|p2a: Mavis|Ribombee, F|23/100 tox
|move|p1a: 3 Ft Hi n' Rising|U-turn|p2a: Mavis
|-resisted|p2a: Mavis
|-damage|p2a: Mavis|8/100 tox
|
|t:|1779873283
|switch|p1a: Day 'n' Nite|Dragonite, M|100/100|[from] U-turn
|
|-damage|p2a: Mavis|2/100 tox|[from] psn
|upkeep
|turn|22
|
|t:|1779873289
|move|p1a: Day 'n' Nite|Extreme Speed|p2a: Mavis
|-damage|p2a: Mavis|0 fnt
|faint|p2a: Mavis
|
|upkeep
|
|t:|1779873293
|switch|p2a: Akon|Hoopa-Unbound|91/100
|turn|23
|
|t:|1779873296
|switch|p1a: Águas de Março|Samurott-Hisui, F|16/100
|move|p2a: Akon|Expanding Force|p1a: Águas de Março
|-immune|p1a: Águas de Março
|
|upkeep
|turn|24
|
|t:|1779873303
|move|p1a: Águas de Março|Aqua Cutter|p2a: Akon
|-damage|p2a: Akon|6/100
|move|p2a: Akon|Knock Off|p1a: Águas de Março
|-resisted|p1a: Águas de Março
|-damage|p1a: Águas de Março|0 fnt
|-enditem|p1a: Águas de Março|Heavy-Duty Boots|[from] move: Knock Off|[of] p2a: Akon
|faint|p1a: Águas de Março
|-damage|p2a: Akon|0 fnt|[from] item: Life Orb
|faint|p2a: Akon
|
|upkeep
|
|t:|1779873312
|switch|p1a: Day 'n' Nite|Dragonite, M|100/100
|switch|p2a: F1|Vikavolt, M|100/100
|turn|25
|
|t:|1779873320
|-terastallize|p2a: F1|Electric
|move|p1a: Day 'n' Nite|Outrage|p2a: F1
|-damage|p2a: F1|0 fnt
|faint|p2a: F1
|
|win|cowboyoctopus
|raw|cowboyoctopus's rating: 1470 &rarr; <strong>1486</strong><br />(+16 for winning)
|raw|waha8's rating: 1403 &rarr; <strong>1387</strong><br />(-16 for losing)
|c|☆waha8|gg
|l|☆waha8
|player|p2|
|l|☆cowboyoctopus
|player|p1|
