|j|☆ArchStanton47
|j|☆ihymyly
|t:|1779857210
|gametype|singles
|player|p1|ArchStanton47|ethan-pokeathlon|1396
|player|p2|ihymyly|101|1438
|gen|9
|tier|[Gen 9] OU
|rated|
|rule|HP Percentage Mod: HP is shown in percentages
|rule|Endless Battle Clause: Forcing endless battles is banned
|rule|Species Clause: Limit one of each Pokémon
|rule|OHKO Clause: OHKO moves are banned
|rule|Evasion Items Clause: Evasion items are banned
|rule|Evasion Moves Clause: Evasion moves are banned
|rule|Evasion Abilities Clause: Evasion abilities are banned
|rule|Sleep Moves Clause: Sleep-inducing moves are banned
|clearpoke
|poke|p1|Weezing-Galar, M|
|poke|p1|Hitmonlee, M|
|poke|p1|Hydrapple, F|
|poke|p1|Landorus-Therian, M|
|poke|p1|Primarina, F|
|poke|p1|Kyurem|
|poke|p2|Darkrai|
|poke|p2|Great Tusk|
|poke|p2|Dragapult, F|
|poke|p2|Slowking-Galar, F|
|poke|p2|Skarmory, F|
|poke|p2|Ogerpon-Wellspring, F|
|teampreview
|
|t:|1779857226
|teamsize|p1|6
|teamsize|p2|6
|start
|switch|p1a: Primarina|Primarina, F|100/100
|switch|p2a: Ogerpon|Ogerpon-Wellspring, F|100/100
|turn|1
|
|t:|1779857231
|move|p2a: Ogerpon|Swords Dance|p2a: Ogerpon
|-boost|p2a: Ogerpon|atk|2
|move|p1a: Primarina|Reflect|p1a: Primarina
|-sidestart|p1: ArchStanton47|Reflect
|
|upkeep
|turn|2
|
|t:|1779857237
|switch|p1a: Landorus|Landorus-Therian, M|100/100
|-ability|p1a: Landorus|Intimidate|boost
|-unboost|p2a: Ogerpon|atk|1
|move|p2a: Ogerpon|Knock Off|p1a: Landorus
|-damage|p1a: Landorus|69/100
|-enditem|p1a: Landorus|Choice Scarf|[from] move: Knock Off|[of] p2a: Ogerpon
|
|upkeep
|turn|3
|
|t:|1779857244
|move|p2a: Ogerpon|Ivy Cudgel|p1a: Landorus|[anim] Ivy Cudgel Water
|-supereffective|p1a: Landorus
|-damage|p1a: Landorus|0 fnt
|faint|p1a: Landorus
|
|upkeep
|
|t:|1779857255
|switch|p1a: Hydrapple|Hydrapple, F|100/100
|turn|4
|
|t:|1779857277
|move|p2a: Ogerpon|Knock Off|p1a: Hydrapple
|-damage|p1a: Hydrapple|78/100
|-enditem|p1a: Hydrapple|Eject Pack|[from] move: Knock Off|[of] p2a: Ogerpon
|move|p1a: Hydrapple|Nasty Plot|p1a: Hydrapple
|-boost|p1a: Hydrapple|spa|2
|
|upkeep
|turn|5
|
|t:|1779857286
|switch|p2a: Slowking|Slowking-Galar, F|100/100
|move|p1a: Hydrapple|Draco Meteor|p2a: Slowking
|-damage|p2a: Slowking|14/100
|-unboost|p1a: Hydrapple|spa|2
|
|upkeep
|turn|6
|
|t:|1779857294
|switch|p2a: Skarmory|Skarmory, F|100/100
|move|p1a: Hydrapple|Earth Power|p2a: Skarmory
|-immune|p2a: Skarmory
|
|upkeep
|turn|7
|
|t:|1779857299
|switch|p1a: Primarina|Primarina, F|100/100
|move|p2a: Skarmory|Spikes|p1a: Primarina
|-sidestart|p1: ArchStanton47|Spikes
|
|upkeep
|turn|8
|
|t:|1779857306
|switch|p2a: Slowking|Slowking-Galar, F|48/100
|move|p1a: Primarina|Light Screen|p1a: Primarina
|-sidestart|p1: ArchStanton47|move: Light Screen
|
|-sideend|p1: ArchStanton47|Reflect
|upkeep
|turn|9
|
|t:|1779857313
|move|p1a: Primarina|Flip Turn|p2a: Slowking
|-damage|p2a: Slowking|32/100
|
|t:|1779857318
|switch|p1a: Weezing|Weezing-Galar, M|100/100|[from] Flip Turn
|-damage|p1a: Weezing|88/100|[from] Spikes
|-fieldstart|move: Misty Terrain|[from] ability: Misty Surge|[of] p1a: Weezing
|move|p2a: Slowking|Sludge Bomb|p1a: Weezing
|-damage|p1a: Weezing|61/100
|
|upkeep
|turn|10
|
|t:|1779857329
|move|p1a: Weezing|Misty Explosion|p2a: Slowking
|-resisted|p2a: Slowking
|-damage|p2a: Slowking|16/100
|faint|p1a: Weezing
|move|p2a: Slowking|Psychic Noise|p1: Weezing|[notarget]
|-fail|p2a: Slowking
|
|upkeep
|
|t:|1779857335
|switch|p1a: Hitmonlee|Hitmonlee, M|100/100
|-damage|p1a: Hitmonlee|88/100|[from] Spikes
|-enditem|p1a: Hitmonlee|Misty Seed
|-boost|p1a: Hitmonlee|spd|1|[from] item: Misty Seed
|turn|11
|
|t:|1779857339
|move|p1a: Hitmonlee|Knock Off|p2a: Slowking
|-supereffective|p2a: Slowking
|-damage|p2a: Slowking|0 fnt
|-enditem|p2a: Slowking|Heavy-Duty Boots|[from] move: Knock Off|[of] p1a: Hitmonlee
|faint|p2a: Slowking
|
|upkeep
|
|t:|1779857350
|switch|p2a: Skarmory|Skarmory, F|100/100
|turn|12
|
|t:|1779857372
|move|p1a: Hitmonlee|High Jump Kick|p2a: Skarmory
|-damage|p2a: Skarmory|56/100
|-damage|p1a: Hitmonlee|71/100|[from] item: Rocky Helmet|[of] p2a: Skarmory
|move|p2a: Skarmory|Whirlwind|p1a: Hitmonlee
|drag|p1a: Hydrapple|Hydrapple, F|100/100
|-damage|p1a: Hydrapple|88/100|[from] Spikes
|
|upkeep
|turn|13
|
|t:|1779857389
|move|p2a: Skarmory|Brave Bird|p1a: Hydrapple
|-supereffective|p1a: Hydrapple
|-damage|p1a: Hydrapple|38/100
|-damage|p2a: Skarmory|36/100|[from] Recoil
|move|p1a: Hydrapple|Draco Meteor|p2a: Skarmory|[miss]
|-miss|p1a: Hydrapple|p2a: Skarmory
|
|upkeep
|turn|14
|
|t:|1779857402
|switch|p1a: Primarina|Primarina, F|100/100
|-damage|p1a: Primarina|88/100|[from] Spikes
|move|p2a: Skarmory|Brave Bird|p1a: Primarina
|-damage|p1a: Primarina|49/100
|-damage|p2a: Skarmory|22/100|[from] Recoil
|
|upkeep
|turn|15
|
|t:|1779857422
|move|p2a: Skarmory|Roost|p2a: Skarmory
|-heal|p2a: Skarmory|72/100
|-singleturn|p2a: Skarmory|move: Roost
|move|p1a: Primarina|Flip Turn|p2a: Skarmory
|-damage|p2a: Skarmory|63/100
|-damage|p1a: Primarina|33/100|[from] item: Rocky Helmet|[of] p2a: Skarmory
|-message|ArchStanton47 forfeited.
|
|win|ihymyly
|raw|ArchStanton47's rating: 1396 &rarr; <strong>1378</strong><br />(-18 for losing)
|raw|ihymyly's rating: 1438 &rarr; <strong>1456</strong><br />(+18 for winning)
|l|☆ArchStanton47
|player|p1|
|l|☆ihymyly
|player|p2|
