|j|☆winterfoxr9
|j|☆claudechamp
|t:|1779816737
|gametype|singles
|player|p1|winterfoxr9|101|1099
|player|p2|claudechamp|265|1109
|gen|9
|tier|[Gen 9] OU
|rated|
|rule|HP Percentage Mod: HP is shown in percentages
|rule|Endless Battle Clause: Forcing endless battles is banned
|rule|Species Clause: Limit one of each Pokémon
|rule|OHKO Clause: OHKO moves are banned
|rule|Evasion Items Clause: Evasion items are banned
|rule|Evasion Moves Clause: Evasion moves are banned
|rule|Evasion Abilities Clause: Evasion abilities are banned
|rule|Sleep Moves Clause: Sleep-inducing moves are banned
|clearpoke
|poke|p1|Deoxys-Speed|
|poke|p1|Kyurem|
|poke|p1|Iron Valiant|
|poke|p1|Gholdengo|
|poke|p1|Great Tusk|
|poke|p1|Moltres-Galar|
|poke|p2|Gliscor, F|
|poke|p2|Ogerpon, F|
|poke|p2|Walking Wake|
|poke|p2|Blissey, F|
|poke|p2|Corviknight, F|
|poke|p2|Pecharunt|
|teampreview
|c|☆claudechamp|hf
|
|t:|1779816761
|teamsize|p1|6
|teamsize|p2|6
|start
|switch|p1a: Deoxys|Deoxys-Speed, shiny|100/100
|switch|p2a: Gliscor|Gliscor, F|100/100
|-ability|p1a: Deoxys|Pressure
|turn|1
|inactive|Battle timer is ON: inactive players will automatically lose when time's up. (requested by claudechamp)
|
|t:|1779816784
|move|p1a: Deoxys|Spikes|p2a: Gliscor
|-sidestart|p2: claudechamp|Spikes
|move|p2a: Gliscor|Spikes|p1a: Deoxys
|-sidestart|p1: winterfoxr9|Spikes
|
|-status|p2a: Gliscor|tox|[from] item: Toxic Orb
|upkeep
|turn|2
|
|t:|1779816803
|move|p1a: Deoxys|Spikes|p2a: Gliscor
|-sidestart|p2: claudechamp|Spikes
|move|p2a: Gliscor|Spikes|p1a: Deoxys
|-sidestart|p1: winterfoxr9|Spikes
|
|upkeep
|turn|3
|
|t:|1779816813
|move|p1a: Deoxys|Spikes|p2a: Gliscor
|-sidestart|p2: claudechamp|Spikes
|move|p2a: Gliscor|Toxic|p1a: Deoxys
|-status|p1a: Deoxys|tox
|
|-damage|p1a: Deoxys|95/100 tox|[from] psn
|upkeep
|turn|4
|
|t:|1779816824
|move|p1a: Deoxys|Stealth Rock|p2a: Gliscor
|-sidestart|p2: claudechamp|move: Stealth Rock
|move|p2a: Gliscor|Spikes|p1a: Deoxys
|-sidestart|p1: winterfoxr9|Spikes
|
|-damage|p1a: Deoxys|83/100 tox|[from] psn
|upkeep
|turn|5
|
|t:|1779816834
|move|p1a: Deoxys|Stealth Rock||[still]
|-fail|p1a: Deoxys
|move|p2a: Gliscor|Earthquake|p1a: Deoxys
|-damage|p1a: Deoxys|43/100 tox
|
|-damage|p1a: Deoxys|25/100 tox|[from] psn
|upkeep
|turn|6
|
|t:|1779816846
|switch|p2a: Walking Wake|Walking Wake|100/100
|move|p1a: Deoxys|Taunt|p2a: Walking Wake
|-start|p2a: Walking Wake|move: Taunt
|
|-damage|p1a: Deoxys|1/100 tox|[from] psn
|upkeep
|turn|7
|
|t:|1779816856
|move|p1a: Deoxys|Knock Off|p2a: Walking Wake
|-damage|p2a: Walking Wake|79/100
|-enditem|p2a: Walking Wake|Heavy-Duty Boots|[from] move: Knock Off|[of] p1a: Deoxys
|move|p2a: Walking Wake|Surf|p1a: Deoxys
|-damage|p1a: Deoxys|0 fnt
|faint|p1a: Deoxys
|
|upkeep
|inactive|winterfoxr9 has 120 seconds left.
|
|t:|1779816887
|switch|p1a: Gholdengo|Gholdengo|100/100
|-damage|p1a: Gholdengo|76/100|[from] Spikes
|turn|8
|
|t:|1779816891
|move|p1a: Gholdengo|Dazzling Gleam|p2a: Walking Wake
|-supereffective|p2a: Walking Wake
|-damage|p2a: Walking Wake|13/100
|move|p2a: Walking Wake|Surf|p1a: Gholdengo
|-damage|p1a: Gholdengo|22/100
|
|-end|p2a: Walking Wake|move: Taunt
|upkeep
|turn|9
|
|t:|1779816896
|-end|p2a: Walking Wake|Protosynthesis|[silent]
|switch|p2a: Blissey|Blissey, F|100/100
|move|p1a: Gholdengo|Dazzling Gleam|p2a: Blissey
|-damage|p2a: Blissey|91/100
|
|upkeep
|turn|10
|
|t:|1779816903
|switch|p1a: Great Tusk|Great Tusk|100/100
|switch|p2a: Ogerpon|Ogerpon, F|100/100
|
|upkeep
|turn|11
|
|t:|1779816912
|move|p2a: Ogerpon|Ivy Cudgel|p1a: Great Tusk
|-supereffective|p1a: Great Tusk
|-damage|p1a: Great Tusk|34/100
|move|p1a: Great Tusk|Ice Spinner|p2a: Ogerpon
|-supereffective|p2a: Ogerpon
|-damage|p2a: Ogerpon|23/100
|
|upkeep
|turn|12
|
|t:|1779816934
|move|p2a: Ogerpon|Ivy Cudgel|p1a: Great Tusk
|-supereffective|p1a: Great Tusk
|-damage|p1a: Great Tusk|0 fnt
|faint|p1a: Great Tusk
|-end|p1a: Great Tusk|Protosynthesis|[silent]
|
|upkeep
|
|t:|1779816937
|switch|p1a: Moltres|Moltres-Galar|100/100
|turn|13
|
|t:|1779816945
|move|p2a: Ogerpon|Ivy Cudgel|p1a: Moltres
|-resisted|p1a: Moltres
|-damage|p1a: Moltres|74/100
|move|p1a: Moltres|Air Slash|p2a: Ogerpon
|-supereffective|p2a: Ogerpon
|-damage|p2a: Ogerpon|0 fnt
|faint|p2a: Ogerpon
|
|upkeep
|
|t:|1779816948
|switch|p2a: Blissey|Blissey, F|91/100
|turn|14
|
|t:|1779816956
|move|p1a: Moltres|Fiery Wrath|p2a: Blissey
|-damage|p2a: Blissey|79/100
|move|p2a: Blissey|Stealth Rock|p1a: Moltres
|-sidestart|p1: winterfoxr9|move: Stealth Rock
|
|upkeep
|turn|15
|
|t:|1779816968
|move|p1a: Moltres|Nasty Plot|p1a: Moltres
|-boost|p1a: Moltres|spa|2
|move|p2a: Blissey|Seismic Toss|p1a: Moltres
|-damage|p1a: Moltres|43/100
|-ability|p1a: Moltres|Berserk|boost
|-boost|p1a: Moltres|spa|1
|-enditem|p1a: Moltres|Sitrus Berry|[eat]
|-heal|p1a: Moltres|68/100|[from] item: Sitrus Berry
|
|upkeep
|turn|16
|
|t:|1779816978
|move|p1a: Moltres|Air Slash|p2a: Blissey
|-damage|p2a: Blissey|54/100
|move|p2a: Blissey|Seismic Toss|p1a: Moltres
|-damage|p1a: Moltres|37/100
|-ability|p1a: Moltres|Berserk|boost
|-boost|p1a: Moltres|spa|1
|
|upkeep
|turn|17
|
|t:|1779816998
|-terastallize|p2a: Blissey|Dark
|move|p1a: Moltres|Fiery Wrath|p2a: Blissey
|-resisted|p2a: Blissey
|-damage|p2a: Blissey|35/100
|move|p2a: Blissey|Seismic Toss|p1a: Moltres
|-damage|p1a: Moltres|5/100
|
|upkeep
|turn|18
|
|t:|1779817007
|move|p1a: Moltres|Air Slash|p2a: Blissey
|-damage|p2a: Blissey|7/100
|move|p2a: Blissey|Seismic Toss|p1a: Moltres
|-damage|p1a: Moltres|0 fnt
|faint|p1a: Moltres
|
|upkeep
|
|t:|1779817031
|switch|p1a: Gholdengo|Gholdengo|22/100
|-damage|p1a: Gholdengo|0 fnt|[from] Spikes
|faint|p1a: Gholdengo
|
|t:|1779817032
|switch|p1a: Iron Valiant|Iron Valiant|100/100
|-damage|p1a: Iron Valiant|76/100|[from] Spikes
|-damage|p1a: Iron Valiant|69/100|[from] Stealth Rock
|turn|19
|
|t:|1779817036
|switch|p2a: Pecharunt|Pecharunt|100/100
|move|p1a: Iron Valiant|Spirit Break|p2a: Pecharunt
|-resisted|p2a: Pecharunt
|-damage|p2a: Pecharunt|87/100
|-unboost|p2a: Pecharunt|spa|1
|
|upkeep
|turn|20
|
|t:|1779817042
|-end|p1a: Iron Valiant|Quark Drive|[silent]
|switch|p1a: Kyurem|Kyurem|100/100
|-damage|p1a: Kyurem|76/100|[from] Spikes
|-damage|p1a: Kyurem|51/100|[from] Stealth Rock
|-ability|p1a: Kyurem|Pressure
|move|p2a: Pecharunt|Malignant Chain|p1a: Kyurem
|-damage|p1a: Kyurem|30/100
|
|upkeep
|turn|21
|
|t:|1779817049
|move|p1a: Kyurem|Earth Power|p2a: Pecharunt
|-supereffective|p2a: Pecharunt
|-damage|p2a: Pecharunt|0 fnt
|faint|p2a: Pecharunt
|
|upkeep
|
|t:|1779817055
|switch|p2a: Gliscor|Gliscor, F|100/100 tox
|-damage|p2a: Gliscor|88/100 tox|[from] Stealth Rock
|turn|22
|
|t:|1779817060
|switch|p1a: Iron Valiant|Iron Valiant|69/100
|-damage|p1a: Iron Valiant|44/100|[from] Spikes
|-damage|p1a: Iron Valiant|38/100|[from] Stealth Rock
|move|p2a: Gliscor|Earthquake|p1a: Iron Valiant
|-damage|p1a: Iron Valiant|0 fnt
|faint|p1a: Iron Valiant
|-end|p1a: Iron Valiant|Quark Drive|[silent]
|
|-heal|p2a: Gliscor|100/100 tox|[from] ability: Poison Heal
|upkeep
|
|t:|1779817067
|switch|p1a: Kyurem|Kyurem|30/100
|-damage|p1a: Kyurem|5/100|[from] Spikes
|-damage|p1a: Kyurem|0 fnt|[from] Stealth Rock
|faint|p1a: Kyurem
|
|win|claudechamp
|raw|winterfoxr9's rating: 1099 &rarr; <strong>1071</strong><br />(-28 for losing)
|raw|claudechamp's rating: 1061 &rarr; <strong>1095</strong><br />(+34 for winning)
|c|☆claudechamp|gg
