|j|☆yizhikunkun
|j|☆o pagao
|t:|1779921441
|gametype|singles
|player|p1|yizhikunkun|hilbert|1152
|player|p2|o pagao|170|1161
|gen|9
|tier|[Gen 9] OU
|rated|
|rule|HP Percentage Mod: HP is shown in percentages
|rule|Endless Battle Clause: Forcing endless battles is banned
|rule|Species Clause: Limit one of each Pokémon
|rule|OHKO Clause: OHKO moves are banned
|rule|Evasion Items Clause: Evasion items are banned
|rule|Evasion Moves Clause: Evasion moves are banned
|rule|Evasion Abilities Clause: Evasion abilities are banned
|rule|Sleep Moves Clause: Sleep-inducing moves are banned
|clearpoke
|poke|p1|Pelipper, M|
|poke|p1|Barraskewda, F|
|poke|p1|Ogerpon-Wellspring, F|
|poke|p1|Corviknight, M|
|poke|p1|Hydreigon, M|
|poke|p1|Hydrapple, F|
|poke|p2|Venusaur, F|
|poke|p2|Muk, F|
|poke|p2|Scizor, M|
|poke|p2|Darkrai|
|poke|p2|Gliscor, F|
|poke|p2|Dragonite, F|
|teampreview
|
|t:|1779921464
|teamsize|p1|6
|teamsize|p2|6
|start
|switch|p1a: Pelipper|Pelipper, M|100/100
|switch|p2a: Muk|Muk, F, shiny|100/100
|-weather|RainDance|[from] ability: Drizzle|[of] p1a: Pelipper
|turn|1
|inactive|Battle timer is ON: inactive players will automatically lose when time's up. (requested by o pagao)
|
|t:|1779921476
|switch|p1a: Corviknight|Corviknight, M|100/100
|move|p2a: Muk|Toxic Spikes|p1a: Corviknight
|-sidestart|p1: yizhikunkun|move: Toxic Spikes
|
|-weather|RainDance|[upkeep]
|upkeep
|turn|2
|
|t:|1779921485
|move|p1a: Corviknight|Iron Defense|p1a: Corviknight
|-boost|p1a: Corviknight|def|2
|move|p2a: Muk|Knock Off|p1a: Corviknight
|-damage|p1a: Corviknight|93/100
|-enditem|p1a: Corviknight|Heavy-Duty Boots|[from] move: Knock Off|[of] p2a: Muk
|
|-weather|RainDance|[upkeep]
|upkeep
|turn|3
|inactive|o pagao has 120 seconds left.
|
|t:|1779921517
|move|p1a: Corviknight|Defog|p2a: Muk
|-unboost|p2a: Muk|evasion|1
|-sideend|p1: yizhikunkun|Toxic Spikes|[from] move: Defog|[of] p1a: Corviknight
|move|p2a: Muk|Body Slam|p1a: Corviknight
|-resisted|p1a: Corviknight
|-damage|p1a: Corviknight|90/100
|
|-weather|RainDance|[upkeep]
|upkeep
|turn|4
|inactive|o pagao has 120 seconds left.
|
|t:|1779921529
|move|p1a: Corviknight|Body Press|p2a: Muk
|-resisted|p2a: Muk
|-damage|p2a: Muk|80/100
|move|p2a: Muk|Drain Punch|p1a: Corviknight
|-damage|p1a: Corviknight|84/100
|-heal|p2a: Muk|83/100|[from] drain|[of] p1a: Corviknight
|
|-weather|RainDance|[upkeep]
|-heal|p2a: Muk|89/100|[from] item: Black Sludge
|upkeep
|turn|5
|inactive|o pagao has 120 seconds left.
|
|t:|1779921544
|move|p1a: Corviknight|Iron Defense|p1a: Corviknight
|-boost|p1a: Corviknight|def|2
|move|p2a: Muk|Body Slam|p1a: Corviknight
|-resisted|p1a: Corviknight
|-damage|p1a: Corviknight|82/100
|
|-weather|RainDance|[upkeep]
|-heal|p2a: Muk|95/100|[from] item: Black Sludge
|upkeep
|turn|6
|inactive|o pagao has 120 seconds left.
|
|t:|1779921562
|move|p1a: Corviknight|Iron Defense|p1a: Corviknight
|-boost|p1a: Corviknight|def|2
|move|p2a: Muk|Toxic Spikes|p1a: Corviknight
|-sidestart|p1: yizhikunkun|move: Toxic Spikes
|
|-weather|RainDance|[upkeep]
|-heal|p2a: Muk|100/100|[from] item: Black Sludge
|upkeep
|turn|7
|
|t:|1779921580
|move|p1a: Corviknight|Defog|p2a: Muk
|-unboost|p2a: Muk|evasion|1
|-sideend|p1: yizhikunkun|Toxic Spikes|[from] move: Defog|[of] p1a: Corviknight
|move|p2a: Muk|Body Slam|p1a: Corviknight
|-resisted|p1a: Corviknight
|-damage|p1a: Corviknight|80/100
|-status|p1a: Corviknight|par
|
|-weather|RainDance|[upkeep]
|upkeep
|turn|8
|
|t:|1779921593
|move|p2a: Muk|Toxic Spikes|p1a: Corviknight
|-sidestart|p1: yizhikunkun|move: Toxic Spikes
|move|p1a: Corviknight|Body Press|p2a: Muk
|-resisted|p2a: Muk
|-crit|p2a: Muk
|-damage|p2a: Muk|39/100
|
|-weather|none
|-heal|p2a: Muk|45/100|[from] item: Black Sludge
|upkeep
|turn|9
|inactive|o pagao has 90 seconds left.
|
|t:|1779921623
|switch|p2a: Darkrai|Darkrai|100/100
|cant|p1a: Corviknight|par
|
|upkeep
|turn|10
|inactive|o pagao has 90 seconds left.
|
|t:|1779921635
|move|p2a: Darkrai|Dark Pulse|p1a: Corviknight
|-damage|p1a: Corviknight|16/100 par
|move|p1a: Corviknight|Defog|p2a: Darkrai
|-unboost|p2a: Darkrai|evasion|1
|-sideend|p1: yizhikunkun|Toxic Spikes|[from] move: Defog|[of] p1a: Corviknight
|
|upkeep
|turn|11
|inactive|o pagao has 90 seconds left.
|
|t:|1779921645
|switch|p1a: Hydreigon|Hydreigon, M|100/100
|move|p2a: Darkrai|Dark Pulse|p1a: Hydreigon
|-resisted|p1a: Hydreigon
|-damage|p1a: Hydreigon|64/100
|
|upkeep
|turn|12
|inactive|o pagao has 90 seconds left.
|
|t:|1779921657
|switch|p2a: Scizor|Scizor, M|100/100
|move|p1a: Hydreigon|Draco Meteor|p2a: Scizor
|-resisted|p2a: Scizor
|-damage|p2a: Scizor|32/100
|-unboost|p1a: Hydreigon|spa|2
|
|upkeep
|turn|13
|inactive|o pagao has 90 seconds left.
|
|t:|1779921672
|switch|p1a: Corviknight|Corviknight, M|16/100 par
|move|p2a: Scizor|Lunge|p1a: Corviknight
|-resisted|p1a: Corviknight
|-damage|p1a: Corviknight|9/100 par
|-ability|p1a: Corviknight|Mirror Armor
|-unboost|p2a: Scizor|atk|1
|
|upkeep
|turn|14
|inactive|o pagao has 90 seconds left.
|
|t:|1779921696
|switch|p1a: Pelipper|Pelipper, M|100/100
|-weather|RainDance|[from] ability: Drizzle|[of] p1a: Pelipper
|move|p2a: Scizor|Knock Off|p1a: Pelipper
|-damage|p1a: Pelipper|74/100
|-enditem|p1a: Pelipper|Damp Rock|[from] move: Knock Off|[of] p2a: Scizor
|
|-weather|RainDance|[upkeep]
|upkeep
|turn|15
|
|t:|1779921718
|move|p2a: Scizor|U-turn|p1a: Pelipper
|-resisted|p1a: Pelipper
|-damage|p1a: Pelipper|59/100
|inactive|o pagao has 60 seconds left.
|
|t:|1779921731
|switch|p2a: Venusaur|Venusaur, F|100/100|[from] U-turn
|move|p1a: Pelipper|Weather Ball|p2a: Venusaur
|-resisted|p2a: Venusaur
|-damage|p2a: Venusaur|74/100
|
|-weather|RainDance|[upkeep]
|-heal|p2a: Venusaur|80/100|[from] item: Black Sludge
|upkeep
|turn|16
|inactive|o pagao has 60 seconds left.
|
|t:|1779921749
|move|p2a: Venusaur|Giga Drain|p1a: Pelipper
|-damage|p1a: Pelipper|22/100
|-heal|p2a: Venusaur|96/100|[from] drain|[of] p1a: Pelipper
|move|p1a: Pelipper|Hurricane|p2a: Venusaur
|-supereffective|p2a: Venusaur
|-damage|p2a: Venusaur|20/100
|-start|p2a: Venusaur|confusion
|
|-weather|RainDance|[upkeep]
|-heal|p2a: Venusaur|26/100|[from] item: Black Sludge
|upkeep
|turn|17
|inactive|o pagao has 60 seconds left.
|
|t:|1779921763
|switch|p1a: Hydrapple|Hydrapple, F|100/100
|-activate|p2a: Venusaur|confusion
|move|p2a: Venusaur|Giga Drain|p1a: Hydrapple
|-resisted|p1a: Hydrapple
|-damage|p1a: Hydrapple|94/100
|-heal|p2a: Venusaur|30/100|[from] drain|[of] p1a: Hydrapple
|
|-weather|RainDance|[upkeep]
|-heal|p2a: Venusaur|36/100|[from] item: Black Sludge
|upkeep
|turn|18
|inactive|o pagao has 60 seconds left.
|
|t:|1779921779
|-activate|p2a: Venusaur|confusion
|move|p2a: Venusaur|Sludge Bomb|p1a: Hydrapple
|-supereffective|p1a: Hydrapple
|-damage|p1a: Hydrapple|49/100
|-status|p1a: Hydrapple|psn
|move|p1a: Hydrapple|Earth Power|p2a: Venusaur
|-damage|p2a: Venusaur|9/100
|
|-weather|RainDance|[upkeep]
|-heal|p2a: Venusaur|15/100|[from] item: Black Sludge
|-damage|p1a: Hydrapple|37/100 psn|[from] psn
|upkeep
|turn|19
|inactive|o pagao has 30 seconds left.
|
|t:|1779921816
|-activate|p2a: Venusaur|confusion
|-damage|p2a: Venusaur|8/100|[from] confusion
|move|p1a: Hydrapple|Earth Power|p2a: Venusaur
|-damage|p2a: Venusaur|0 fnt
|faint|p2a: Venusaur
|
|-weather|RainDance|[upkeep]
|-damage|p1a: Hydrapple|24/100 psn|[from] psn
|upkeep
|inactive|o pagao has 30 seconds left this turn.
|inactive|o pagao has 20 seconds left.
|inactive|o pagao has 15 seconds left.
|
|t:|1779921832
|switch|p2a: Dragonite|Dragonite, F|100/100
|turn|20
|inactive|o pagao has 25 seconds left this turn.
|inactive|o pagao has 20 seconds left.
|
|t:|1779921838
|move|p2a: Dragonite|Dragon Dance|p2a: Dragonite
|-boost|p2a: Dragonite|atk|1
|-boost|p2a: Dragonite|spe|1
|move|p1a: Hydrapple|Draco Meteor|p2a: Dragonite
|-supereffective|p2a: Dragonite
|-damage|p2a: Dragonite|21/100
|-unboost|p1a: Hydrapple|spa|2
|-enditem|p2a: Dragonite|Weakness Policy
|-boost|p2a: Dragonite|atk|2|[from] item: Weakness Policy
|-boost|p2a: Dragonite|spa|2|[from] item: Weakness Policy
|
|-weather|RainDance|[upkeep]
|-damage|p1a: Hydrapple|12/100 psn|[from] psn
|upkeep
|turn|21
|inactive|o pagao has 30 seconds left this turn.
|inactive|o pagao has 20 seconds left.
|
|t:|1779921852
|move|p2a: Dragonite|Extreme Speed|p1a: Hydrapple
|-damage|p1a: Hydrapple|0 fnt
|faint|p1a: Hydrapple
|
|-weather|none
|upkeep
|
|t:|1779921864
|switch|p1a: Barraskewda|Barraskewda, F|100/100
|turn|22
|
|t:|1779921868
|move|p2a: Dragonite|Extreme Speed|p1a: Barraskewda
|-damage|p1a: Barraskewda|0 fnt
|faint|p1a: Barraskewda
|
|upkeep
|
|t:|1779921880
|switch|p1a: Ogerpon|Ogerpon-Wellspring, F|100/100
|turn|23
|
|t:|1779921890
|move|p1a: Ogerpon|Quick Attack|p2a: Dragonite
|-damage|p2a: Dragonite|2/100
|move|p2a: Dragonite|Draco Meteor|p1a: Ogerpon|[miss]
|-miss|p2a: Dragonite|p1a: Ogerpon
|
|upkeep
|turn|24
|
|t:|1779921898
|move|p2a: Dragonite|Extreme Speed|p1a: Ogerpon
|-damage|p1a: Ogerpon|0 fnt
|faint|p1a: Ogerpon
|
|upkeep
|
|t:|1779921901
|switch|p1a: Hydreigon|Hydreigon, M|64/100
|turn|25
|inactive|o pagao has 60 seconds left.
|
|t:|1779921910
|-terastallize|p1a: Hydreigon|Steel
|move|p2a: Dragonite|Draco Meteor|p1a: Hydreigon
|-resisted|p1a: Hydreigon
|-damage|p1a: Hydreigon|20/100
|-unboost|p2a: Dragonite|spa|2
|move|p1a: Hydreigon|Surf|p2a: Dragonite
|-resisted|p2a: Dragonite
|-damage|p2a: Dragonite|0 fnt
|faint|p2a: Dragonite
|
|upkeep
|inactive|o pagao has 60 seconds left.
|
|t:|1779921936
|switch|p2a: Gliscor|Gliscor, F|100/100
|turn|26
|
|t:|1779921949
|switch|p1a: Pelipper|Pelipper, M|22/100
|-weather|RainDance|[from] ability: Drizzle|[of] p1a: Pelipper
|move|p2a: Gliscor|Facade|p1a: Pelipper
|-crit|p1a: Pelipper
|-damage|p1a: Pelipper|0 fnt
|faint|p1a: Pelipper
|
|-weather|RainDance|[upkeep]
|-status|p2a: Gliscor|tox|[from] item: Toxic Orb
|upkeep
|
|t:|1779921956
|switch|p1a: Hydreigon|Hydreigon, M, tera:Steel|20/100
|turn|27
|
|t:|1779921965
|move|p1a: Hydreigon|Surf|p2a: Gliscor
|-supereffective|p2a: Gliscor
|-damage|p2a: Gliscor|0 fnt
|faint|p2a: Gliscor
|
|-weather|RainDance|[upkeep]
|upkeep
|
|t:|1779921980
|switch|p2a: Scizor|Scizor, M|32/100
|turn|28
|
|t:|1779921985
|move|p2a: Scizor|Bullet Punch|p1a: Hydreigon
|-resisted|p1a: Hydreigon
|-damage|p1a: Hydreigon|0 fnt
|faint|p1a: Hydreigon
|
|-weather|RainDance|[upkeep]
|upkeep
|
|t:|1779921988
|switch|p1a: Corviknight|Corviknight, M|9/100 par
|turn|29
|inactive|o pagao has 60 seconds left.
|
|t:|1779921999
|move|p2a: Scizor|Knock Off|p1a: Corviknight
|-damage|p1a: Corviknight|0 fnt
|faint|p1a: Corviknight
|
|win|o pagao
|raw|yizhikunkun's rating: 1152 &rarr; <strong>1128</strong><br />(-24 for losing)
|raw|o pagao's rating: 1161 &rarr; <strong>1185</strong><br />(+24 for winning)
|l|☆yizhikunkun
|player|p1|
|l|☆o pagao
|player|p2|
