|j|☆ARD3NZ
|j|☆Andher
|t:|1779858366
|gametype|singles
|player|p1|ARD3NZ|lucas-gen4pt|1313
|player|p2|Andher|shadowtriad|1379
|gen|9
|tier|[Gen 9] OU
|rated|
|rule|HP Percentage Mod: HP is shown in percentages
|rule|Endless Battle Clause: Forcing endless battles is banned
|rule|Species Clause: Limit one of each Pokémon
|rule|OHKO Clause: OHKO moves are banned
|rule|Evasion Items Clause: Evasion items are banned
|rule|Evasion Moves Clause: Evasion moves are banned
|rule|Evasion Abilities Clause: Evasion abilities are banned
|rule|Sleep Moves Clause: Sleep-inducing moves are banned
|clearpoke
|poke|p1|Dondozo, M|
|poke|p1|Cinderace, M|
|poke|p1|Gholdengo|
|poke|p1|Slowking-Galar, F|
|poke|p1|Sylveon, F|
|poke|p1|Dragonite, M|
|poke|p2|Samurott-Hisui, F|
|poke|p2|Corviknight, F|
|poke|p2|Kingambit, M|
|poke|p2|Skeledirge, F|
|poke|p2|Gengar, F|
|poke|p2|Dragapult, M|
|teampreview
|
|t:|1779858375
|teamsize|p1|6
|teamsize|p2|6
|start
|switch|p1a: Cinderace|Cinderace, M|100/100
|switch|p2a: Ronin|Samurott-Hisui, F|100/100
|turn|1
|
|t:|1779858388
|move|p2a: Ronin|Flip Turn|p1a: Cinderace
|-supereffective|p1a: Cinderace
|-damage|p1a: Cinderace|15/100
|
|t:|1779858392
|switch|p2a: Mort|Skeledirge, F|100/100|[from] Flip Turn
|move|p1a: Cinderace|High Jump Kick|p2a: Mort
|-start|p1a: Cinderace|typechange|Fighting|[from] ability: Libero
|-immune|p2a: Mort
|-damage|p1a: Cinderace|0 fnt|[from] highjumpkick
|faint|p1a: Cinderace
|
|upkeep
|
|t:|1779858413
|switch|p1a: Gholdengo|Gholdengo|100/100
|turn|2
|
|t:|1779858419
|switch|p2a: Ronin|Samurott-Hisui, F|100/100
|move|p1a: Gholdengo|Shadow Ball|p2a: Ronin
|-resisted|p2a: Ronin
|-damage|p2a: Ronin|71/100
|
|upkeep
|turn|3
|
|t:|1779858426
|move|p2a: Ronin|Ceaseless Edge|p1a: Gholdengo
|-supereffective|p1a: Gholdengo
|-damage|p1a: Gholdengo|1/100
|-sidestart|p1: ARD3NZ|Spikes
|move|p1a: Gholdengo|Shadow Ball|p2a: Ronin
|-resisted|p2a: Ronin
|-damage|p2a: Ronin|41/100
|
|upkeep
|turn|4
|
|t:|1779858448
|switch|p1a: Sylveon|Sylveon, F|100/100
|-damage|p1a: Sylveon|88/100|[from] Spikes
|move|p2a: Ronin|Ceaseless Edge|p1a: Sylveon
|-resisted|p1a: Sylveon
|-damage|p1a: Sylveon|69/100
|-sidestart|p1: ARD3NZ|Spikes
|
|-heal|p1a: Sylveon|75/100|[from] item: Leftovers
|upkeep
|turn|5
|
|t:|1779858471
|switch|p2a: Mort|Skeledirge, F|100/100
|move|p1a: Sylveon|Hyper Voice|p2a: Mort
|-resisted|p2a: Mort
|-damage|p2a: Mort|81/100
|
|-heal|p1a: Sylveon|81/100|[from] item: Leftovers
|upkeep
|turn|6
|inactive|Battle timer is ON: inactive players will automatically lose when time's up. (requested by Andher)
|
|t:|1779858497
|move|p2a: Mort|Torch Song|p1a: Sylveon
|-damage|p1a: Sylveon|58/100
|-boost|p2a: Mort|spa|1
|move|p1a: Sylveon|Calm Mind|p1a: Sylveon
|-boost|p1a: Sylveon|spa|1
|-boost|p1a: Sylveon|spd|1
|
|-heal|p1a: Sylveon|64/100|[from] item: Leftovers
|upkeep
|turn|7
|
|t:|1779858513
|move|p2a: Mort|Torch Song|p1a: Sylveon
|-damage|p1a: Sylveon|31/100
|-boost|p2a: Mort|spa|1
|move|p1a: Sylveon|Hyper Voice|p2a: Mort
|-resisted|p2a: Mort
|-damage|p2a: Mort|60/100
|
|-heal|p1a: Sylveon|37/100|[from] item: Leftovers
|upkeep
|turn|8
|
|t:|1779858525
|move|p2a: Mort|Torch Song|p1a: Sylveon
|-damage|p1a: Sylveon|0 fnt
|-boost|p2a: Mort|spa|1
|faint|p1a: Sylveon
|
|upkeep
|
|t:|1779858540
|switch|p1a: Slowking|Slowking-Galar, F|100/100
|-damage|p1a: Slowking|84/100|[from] Spikes
|turn|9
|
|t:|1779858544
|move|p2a: Mort|Shadow Ball|p1a: Slowking
|-supereffective|p1a: Slowking
|-damage|p1a: Slowking|3/100
|-prepare|p1a: Slowking|Chilly Reception|[premajor]
|move|p1a: Slowking|Chilly Reception|p1a: Slowking
|-weather|Snowscape
|
|t:|1779858553
|switch|p1a: Gholdengo|Gholdengo|1/100|[from] Chilly Reception
|-damage|p1a: Gholdengo|0 fnt|[from] Spikes
|faint|p1a: Gholdengo
|
|-weather|Snowscape|[upkeep]
|upkeep
|
|t:|1779858561
|switch|p1a: Dragonite|Dragonite, M|100/100
|turn|10
|
|t:|1779858567
|-terastallize|p2a: Mort|Fairy
|move|p1a: Dragonite|Earthquake|p2a: Mort
|-damage|p2a: Mort|30/100
|move|p2a: Mort|Alluring Voice|p1a: Dragonite
|-supereffective|p1a: Dragonite
|-damage|p1a: Dragonite|27/100
|
|-weather|Snowscape|[upkeep]
|upkeep
|turn|11
|
|t:|1779858585
|move|p1a: Dragonite|Earthquake|p2a: Mort
|-damage|p2a: Mort|0 fnt
|faint|p2a: Mort
|
|-weather|Snowscape|[upkeep]
|upkeep
|
|t:|1779858591
|switch|p2a: Malson|Gengar, F, shiny|100/100
|turn|12
|inactive|ARD3NZ has 120 seconds left.
|
|t:|1779858634
|-terastallize|p1a: Dragonite|Normal
|move|p2a: Malson|Shadow Ball|p1a: Dragonite
|-immune|p1a: Dragonite
|move|p1a: Dragonite|Earthquake|p2a: Malson
|-supereffective|p2a: Malson
|-damage|p2a: Malson|0 fnt
|-start|p1a: Dragonite|Disable|Earthquake|[from] ability: Cursed Body|[of] p2a: Malson
|faint|p2a: Malson
|
|-weather|Snowscape|[upkeep]
|upkeep
|
|t:|1779858644
|switch|p2a: Ronin|Samurott-Hisui, F|41/100
|turn|13
|inactive|ARD3NZ has 120 seconds left.
|
|t:|1779858652
|move|p1a: Dragonite|Extreme Speed|p2a: Ronin
|-damage|p2a: Ronin|0 fnt
|faint|p2a: Ronin
|
|-weather|none
|upkeep
|
|t:|1779858659
|switch|p2a: Ombra|Dragapult, M|100/100
|turn|14
|inactive|ARD3NZ has 120 seconds left.
|
|t:|1779858682
|switch|p1a: Slowking|Slowking-Galar, F|37/100
|-damage|p1a: Slowking|20/100|[from] Spikes
|move|p2a: Ombra|Draco Meteor|p1a: Slowking
|-damage|p1a: Slowking|0 fnt
|-unboost|p2a: Ombra|spa|2
|faint|p1a: Slowking
|
|upkeep
|inactive|ARD3NZ has 90 seconds left.
|
|t:|1779858733
|switch|p1a: Dondozo|Dondozo, M|100/100
|-damage|p1a: Dondozo|84/100|[from] Spikes
|turn|15
|inactive|ARD3NZ has 60 seconds left.
|
|t:|1779858762
|switch|p2a: Corax|Corviknight, F|100/100
|-ability|p2a: Corax|Pressure
|move|p1a: Dondozo|Wave Crash|p2a: Corax
|-damage|p2a: Corax|72/100
|-damage|p1a: Dondozo|67/100|[from] item: Rocky Helmet|[of] p2a: Corax
|-damage|p1a: Dondozo|60/100|[from] Recoil
|
|-heal|p1a: Dondozo|66/100|[from] item: Leftovers
|upkeep
|turn|16
|inactive|ARD3NZ has 60 seconds left.
|
|t:|1779858774
|switch|p2a: Ombra|Dragapult, M|100/100
|move|p1a: Dondozo|Wave Crash|p2a: Ombra
|-resisted|p2a: Ombra
|-damage|p2a: Ombra|74/100
|-damage|p1a: Dondozo|60/100|[from] Recoil
|
|-heal|p1a: Dondozo|67/100|[from] item: Leftovers
|upkeep
|turn|17
|inactive|ARD3NZ has 60 seconds left.
|
|t:|1779858783
|move|p2a: Ombra|Draco Meteor|p1a: Dondozo|[miss]
|-miss|p2a: Ombra|p1a: Dondozo
|move|p1a: Dondozo|Wave Crash|p2a: Ombra
|-resisted|p2a: Ombra
|-damage|p2a: Ombra|44/100
|-damage|p1a: Dondozo|60/100|[from] Recoil
|
|-heal|p1a: Dondozo|67/100|[from] item: Leftovers
|upkeep
|turn|18
|inactive|ARD3NZ has 60 seconds left.
|
|t:|1779858796
|move|p2a: Ombra|Draco Meteor|p1a: Dondozo
|-damage|p1a: Dondozo|0 fnt
|-unboost|p2a: Ombra|spa|2
|faint|p1a: Dondozo
|
|upkeep
|inactive|ARD3NZ has 60 seconds left.
|
|t:|1779858802
|switch|p1a: Dragonite|Dragonite, M, tera:Normal|27/100
|turn|19
|inactive|ARD3NZ has 60 seconds left.
|
|t:|1779858819
|move|p2a: Ombra|Draco Meteor|p1a: Dragonite
|-damage|p1a: Dragonite|0 fnt
|-unboost|p2a: Ombra|spa|2
|faint|p1a: Dragonite
|
|win|Andher
|raw|ARD3NZ's rating: 1313 &rarr; <strong>1297</strong><br />(-16 for losing)
|raw|Andher's rating: 1379 &rarr; <strong>1395</strong><br />(+16 for winning)
|l|☆ARD3NZ
|player|p1|
|l|☆Andher
|player|p2|
