|j|☆csasasdasdas
|j|☆SuperSoup21
|t:|1779855854
|gametype|singles
|player|p1|csasasdasdas|170|1438
|player|p2|SuperSoup21|hilda|1443
|gen|9
|tier|[Gen 9] OU
|rated|
|rule|HP Percentage Mod: HP is shown in percentages
|rule|Endless Battle Clause: Forcing endless battles is banned
|rule|Species Clause: Limit one of each Pokémon
|rule|OHKO Clause: OHKO moves are banned
|rule|Evasion Items Clause: Evasion items are banned
|rule|Evasion Moves Clause: Evasion moves are banned
|rule|Evasion Abilities Clause: Evasion abilities are banned
|rule|Sleep Moves Clause: Sleep-inducing moves are banned
|clearpoke
|poke|p1|Landorus-Therian, M|
|poke|p1|Raging Bolt|
|poke|p1|Iron Crown|
|poke|p1|Iron Valiant|
|poke|p1|Ogerpon-Wellspring, F|
|poke|p1|Deoxys-Speed|
|poke|p2|Gliscor, M|
|poke|p2|Gholdengo|
|poke|p2|Dragonite, M|
|poke|p2|Ting-Lu|
|poke|p2|Darkrai|
|poke|p2|Zamazenta-*|
|teampreview
|inactive|Battle timer is ON: inactive players will automatically lose when time's up. (requested by csasasdasdas)
|
|t:|1779855874
|teamsize|p1|6
|teamsize|p2|6
|start
|switch|p1a: Ogerpon|Ogerpon-Wellspring, F|100/100
|switch|p2a: CHILI OUTSIDE|Ting-Lu|100/100
|-ability|p2a: CHILI OUTSIDE|Vessel of Ruin
|turn|1
|
|t:|1779855886
|switch|p2a: Glitter Sparkle|Zamazenta|100/100
|-ability|p2a: Glitter Sparkle|Dauntless Shield|boost
|-boost|p2a: Glitter Sparkle|def|1
|move|p1a: Ogerpon|Swords Dance|p1a: Ogerpon
|-boost|p1a: Ogerpon|atk|2
|
|upkeep
|turn|2
|
|t:|1779855889
|move|p2a: Glitter Sparkle|Close Combat|p1a: Ogerpon
|-damage|p1a: Ogerpon|20/100
|-unboost|p2a: Glitter Sparkle|def|1
|-unboost|p2a: Glitter Sparkle|spd|1
|move|p1a: Ogerpon|Ivy Cudgel|p2a: Glitter Sparkle|[anim] Ivy Cudgel Water
|-damage|p2a: Glitter Sparkle|0 fnt
|faint|p2a: Glitter Sparkle
|
|upkeep
|
|t:|1779855897
|switch|p2a: Black Thought|Darkrai|100/100
|turn|3
|
|t:|1779855904
|switch|p1a: Iron Crown|Iron Crown|100/100
|-enditem|p1a: Iron Crown|Booster Energy
|-activate|p1a: Iron Crown|ability: Quark Drive|[fromitem]
|-start|p1a: Iron Crown|quarkdrivespe
|move|p2a: Black Thought|Dark Pulse|p1a: Iron Crown
|-supereffective|p1a: Iron Crown
|-damage|p1a: Iron Crown|25/100
|
|upkeep
|turn|4
|
|t:|1779855925
|switch|p2a: Ponyboy|Gholdengo|100/100
|move|p1a: Iron Crown|Tachyon Cutter|p2a: Ponyboy
|-resisted|p2a: Ponyboy
|-damage|p2a: Ponyboy|86/100
|-resisted|p2a: Ponyboy
|-damage|p2a: Ponyboy|71/100
|-hitcount|p2a: Ponyboy|2
|
|upkeep
|turn|5
|
|t:|1779855937
|move|p1a: Iron Crown|Tachyon Cutter|p2a: Ponyboy
|-resisted|p2a: Ponyboy
|-damage|p2a: Ponyboy|57/100
|-resisted|p2a: Ponyboy
|-damage|p2a: Ponyboy|42/100
|-hitcount|p2a: Ponyboy|2
|move|p2a: Ponyboy|Make It Rain|p1a: Iron Crown
|-resisted|p1a: Iron Crown
|-damage|p1a: Iron Crown|0 fnt
|-unboost|p2a: Ponyboy|spa|1
|faint|p1a: Iron Crown
|-end|p1a: Iron Crown|Quark Drive|[silent]
|
|upkeep
|
|t:|1779855943
|switch|p1a: Ogerpon|Ogerpon-Wellspring, F|20/100
|turn|6
|
|t:|1779855952
|move|p2a: Ponyboy|Make It Rain|p1a: Ogerpon
|-resisted|p1a: Ogerpon
|-damage|p1a: Ogerpon|0 fnt
|-unboost|p2a: Ponyboy|spa|1
|faint|p1a: Ogerpon
|
|upkeep
|
|t:|1779855957
|switch|p1a: Deoxys|Deoxys-Speed|100/100
|-ability|p1a: Deoxys|Pressure
|turn|7
|
|t:|1779855962
|switch|p2a: CHILI OUTSIDE|Ting-Lu|100/100
|-ability|p2a: CHILI OUTSIDE|Vessel of Ruin
|move|p1a: Deoxys|Nasty Plot|p1a: Deoxys
|-boost|p1a: Deoxys|spa|2
|
|upkeep
|turn|8
|
|t:|1779855966
|move|p1a: Deoxys|Focus Blast|p2a: CHILI OUTSIDE
|-supereffective|p2a: CHILI OUTSIDE
|-damage|p2a: CHILI OUTSIDE|24/100
|-damage|p1a: Deoxys|91/100|[from] item: Life Orb
|move|p2a: CHILI OUTSIDE|Stealth Rock|p1a: Deoxys
|-sidestart|p1: csasasdasdas|move: Stealth Rock
|
|-heal|p2a: CHILI OUTSIDE|30/100|[from] item: Leftovers
|upkeep
|turn|9
|
|t:|1779855975
|switch|p2a: Ponyboy|Gholdengo|42/100
|move|p1a: Deoxys|Focus Blast|p2a: Ponyboy
|-immune|p2a: Ponyboy
|
|upkeep
|turn|10
|
|t:|1779855977
|move|p1a: Deoxys|Shadow Ball|p2a: Ponyboy
|-supereffective|p2a: Ponyboy
|-damage|p2a: Ponyboy|0 fnt
|faint|p2a: Ponyboy
|-damage|p1a: Deoxys|81/100|[from] item: Life Orb
|
|upkeep
|
|t:|1779855983
|switch|p2a: Butcher|Dragonite, M|100/100
|turn|11
|
|t:|1779855985
|move|p2a: Butcher|Extreme Speed|p1a: Deoxys
|-damage|p1a: Deoxys|38/100
|move|p1a: Deoxys|Psycho Boost|p2a: Butcher|[miss]
|-miss|p1a: Deoxys|p2a: Butcher
|
|upkeep
|turn|12
|
|t:|1779855994
|switch|p1a: Landorus|Landorus-Therian, M|100/100
|-damage|p1a: Landorus|88/100|[from] Stealth Rock
|-ability|p1a: Landorus|Intimidate|boost
|-unboost|p2a: Butcher|atk|1
|move|p2a: Butcher|Extreme Speed|p1a: Landorus
|-damage|p1a: Landorus|70/100
|-damage|p2a: Butcher|84/100|[from] item: Rocky Helmet|[of] p1a: Landorus
|
|upkeep
|turn|13
|
|t:|1779856004
|switch|p2a: Ivan the Terrible|Gliscor, M|100/100
|move|p1a: Landorus|Stealth Rock|p2a: Ivan the Terrible
|-sidestart|p2: SuperSoup21|move: Stealth Rock
|
|-status|p2a: Ivan the Terrible|tox|[from] item: Toxic Orb
|upkeep
|turn|14
|
|t:|1779856013
|move|p1a: Landorus|Taunt|p2a: Ivan the Terrible
|-start|p2a: Ivan the Terrible|move: Taunt
|cant|p2a: Ivan the Terrible|move: Taunt|Toxic
|
|upkeep
|turn|15
|
|t:|1779856025
|switch|p2a: Butcher|Dragonite, M|84/100
|move|p1a: Landorus|U-turn|p2a: Butcher
|-resisted|p2a: Butcher
|-damage|p2a: Butcher|75/100
|
|t:|1779856030
|switch|p1a: Raging Bolt|Raging Bolt|100/100|[from] U-turn
|-damage|p1a: Raging Bolt|88/100|[from] Stealth Rock
|-enditem|p1a: Raging Bolt|Booster Energy
|-activate|p1a: Raging Bolt|ability: Protosynthesis|[fromitem]
|-start|p1a: Raging Bolt|protosynthesisspa
|
|upkeep
|turn|16
|
|t:|1779856041
|switch|p2a: CHILI OUTSIDE|Ting-Lu|30/100
|-damage|p2a: CHILI OUTSIDE|24/100|[from] Stealth Rock
|-ability|p2a: CHILI OUTSIDE|Vessel of Ruin
|move|p1a: Raging Bolt|Dragon Pulse|p2a: CHILI OUTSIDE
|-damage|p2a: CHILI OUTSIDE|0 fnt
|faint|p2a: CHILI OUTSIDE
|
|upkeep
|
|t:|1779856046
|switch|p2a: Butcher|Dragonite, M|75/100
|turn|17
|
|t:|1779856051
|-terastallize|p2a: Butcher|Normal
|move|p2a: Butcher|Roost|p2a: Butcher
|-heal|p2a: Butcher|100/100
|move|p1a: Raging Bolt|Discharge|p2a: Butcher
|-damage|p2a: Butcher|73/100
|
|upkeep
|turn|18
|
|t:|1779856059
|move|p2a: Butcher|Dragon Dance|p2a: Butcher
|-boost|p2a: Butcher|atk|1
|-boost|p2a: Butcher|spe|1
|move|p1a: Raging Bolt|Discharge|p2a: Butcher
|-damage|p2a: Butcher|19/100
|-status|p2a: Butcher|par
|
|upkeep
|turn|19
|
|t:|1779856067
|-end|p1a: Raging Bolt|Protosynthesis|[silent]
|switch|p1a: Landorus|Landorus-Therian, M|70/100
|-damage|p1a: Landorus|57/100|[from] Stealth Rock
|-ability|p1a: Landorus|Intimidate|boost
|-unboost|p2a: Butcher|atk|1
|cant|p2a: Butcher|par
|
|upkeep
|turn|20
|
|t:|1779856072
|cant|p2a: Butcher|par
|move|p1a: Landorus|Scorching Sands|p2a: Butcher
|-damage|p2a: Butcher|0 fnt
|faint|p2a: Butcher
|
|upkeep
|
|t:|1779856077
|switch|p2a: Black Thought|Darkrai|100/100
|turn|21
|
|t:|1779856080
|move|p2a: Black Thought|Ice Beam|p1a: Landorus
|-supereffective|p1a: Landorus
|-damage|p1a: Landorus|0 fnt
|faint|p1a: Landorus
|
|upkeep
|
|t:|1779856082
|switch|p1a: Deoxys|Deoxys-Speed|38/100
|-damage|p1a: Deoxys|25/100|[from] Stealth Rock
|-ability|p1a: Deoxys|Pressure
|turn|22
|
|t:|1779856094
|switch|p2a: Ivan the Terrible|Gliscor, M|100/100 tox
|-damage|p2a: Ivan the Terrible|88/100 tox|[from] Stealth Rock
|move|p1a: Deoxys|Focus Blast|p2a: Ivan the Terrible
|-resisted|p2a: Ivan the Terrible
|-crit|p2a: Ivan the Terrible
|-damage|p2a: Ivan the Terrible|42/100 tox
|-unboost|p2a: Ivan the Terrible|spd|1
|-damage|p1a: Deoxys|15/100|[from] item: Life Orb
|
|-heal|p2a: Ivan the Terrible|54/100 tox|[from] ability: Poison Heal
|upkeep
|turn|23
|
|t:|1779856100
|move|p2a: Ivan the Terrible|Protect|p2a: Ivan the Terrible
|-singleturn|p2a: Ivan the Terrible|Protect
|move|p1a: Deoxys|Psycho Boost|p2a: Ivan the Terrible
|-activate|p2a: Ivan the Terrible|move: Protect
|
|-heal|p2a: Ivan the Terrible|67/100 tox|[from] ability: Poison Heal
|upkeep
|turn|24
|
|t:|1779856107
|switch|p2a: Black Thought|Darkrai|100/100
|move|p1a: Deoxys|Shadow Ball|p2a: Black Thought
|-resisted|p2a: Black Thought
|-crit|p2a: Black Thought
|-damage|p2a: Black Thought|66/100
|-damage|p1a: Deoxys|5/100|[from] item: Life Orb
|
|upkeep
|turn|25
|inactive|csasasdasdas has 120 seconds left.
|
|t:|1779856142
|switch|p2a: Ivan the Terrible|Gliscor, M|67/100 tox
|-damage|p2a: Ivan the Terrible|54/100 tox|[from] Stealth Rock
|move|p1a: Deoxys|Psycho Boost|p2a: Ivan the Terrible
|-damage|p2a: Ivan the Terrible|0 fnt
|-unboost|p1a: Deoxys|spa|2
|faint|p2a: Ivan the Terrible
|-damage|p1a: Deoxys|0 fnt|[from] item: Life Orb
|faint|p1a: Deoxys
|
|upkeep
|
|t:|1779856148
|switch|p1a: Iron Valiant|Iron Valiant|100/100
|switch|p2a: Black Thought|Darkrai|66/100
|-damage|p1a: Iron Valiant|94/100|[from] Stealth Rock
|-enditem|p1a: Iron Valiant|Booster Energy
|-activate|p1a: Iron Valiant|ability: Quark Drive|[fromitem]
|-start|p1a: Iron Valiant|quarkdrivespe
|turn|26
|
|t:|1779856152
|move|p1a: Iron Valiant|Moonblast|p2a: Black Thought
|-supereffective|p2a: Black Thought
|-damage|p2a: Black Thought|0 fnt
|faint|p2a: Black Thought
|
|win|csasasdasdas
|raw|csasasdasdas's rating: 1438 &rarr; <strong>1458</strong><br />(+20 for winning)
|raw|SuperSoup21's rating: 1443 &rarr; <strong>1423</strong><br />(-20 for losing)
|l|☆SuperSoup21
|player|p2|
|l|☆csasasdasdas
|player|p1|
