|j|☆cachowcapow
|j|☆thiccdug
|t:|1779814673
|gametype|singles
|player|p1|cachowcapow|2|1523
|player|p2|thiccdug|169|1492
|gen|9
|tier|[Gen 9] OU
|rated|
|rule|HP Percentage Mod: HP is shown in percentages
|rule|Endless Battle Clause: Forcing endless battles is banned
|rule|Species Clause: Limit one of each Pokémon
|rule|OHKO Clause: OHKO moves are banned
|rule|Evasion Items Clause: Evasion items are banned
|rule|Evasion Moves Clause: Evasion moves are banned
|rule|Evasion Abilities Clause: Evasion abilities are banned
|rule|Sleep Moves Clause: Sleep-inducing moves are banned
|clearpoke
|poke|p1|Alomomola, F|
|poke|p1|Gardevoir, M|
|poke|p1|Scizor, F|
|poke|p1|Slither Wing|
|poke|p1|Mew|
|poke|p1|Ogerpon, F|
|poke|p2|Dragonite, M|
|poke|p2|Gholdengo|
|poke|p2|Ting-Lu|
|poke|p2|Gliscor, F|
|poke|p2|Keldeo|
|poke|p2|Sinistcha-Masterpiece|
|teampreview
|inactive|Battle timer is ON: inactive players will automatically lose when time's up. (requested by thiccdug)
|
|t:|1779814696
|teamsize|p1|6
|teamsize|p2|6
|start
|switch|p1a: Alomomola|Alomomola, F|100/100
|switch|p2a: Ting-Lu|Ting-Lu|100/100
|-ability|p2a: Ting-Lu|Vessel of Ruin
|turn|1
|
|t:|1779814704
|move|p1a: Alomomola|Liquidation|p2a: Ting-Lu
|-supereffective|p2a: Ting-Lu
|-damage|p2a: Ting-Lu|58/100
|move|p2a: Ting-Lu|Stealth Rock|p1a: Alomomola
|-sidestart|p1: cachowcapow|move: Stealth Rock
|
|-heal|p2a: Ting-Lu|64/100|[from] item: Leftovers
|upkeep
|turn|2
|
|t:|1779814712
|switch|p1a: Scizor|Scizor, F|100/100
|switch|p2a: Sinistcha|Sinistcha-Masterpiece|100/100
|
|upkeep
|turn|3
|c|☆thiccdug|Is ts banded
|
|t:|1779814720
|move|p2a: Sinistcha|Shadow Ball|p1a: Scizor
|-damage|p1a: Scizor|72/100
|move|p1a: Scizor|Swords Dance|p1a: Scizor
|-boost|p1a: Scizor|atk|2
|
|upkeep
|turn|4
|
|t:|1779814726
|move|p2a: Sinistcha|Strength Sap|p1a: Scizor
|-unboost|p1a: Scizor|atk|1
|move|p1a: Scizor|Defog|p2a: Sinistcha
|-unboost|p2a: Sinistcha|evasion|1
|-sideend|p1: cachowcapow|Stealth Rock|[from] move: Defog|[of] p1a: Scizor
|
|upkeep
|turn|5
|
|t:|1779814731
|move|p2a: Sinistcha|Strength Sap|p1a: Scizor
|-unboost|p1a: Scizor|atk|1
|move|p1a: Scizor|Swords Dance|p1a: Scizor
|-boost|p1a: Scizor|atk|2
|
|upkeep
|turn|6
|
|t:|1779814734
|move|p2a: Sinistcha|Shadow Ball|p1a: Scizor
|-damage|p1a: Scizor|46/100
|move|p1a: Scizor|Swords Dance|p1a: Scizor
|-boost|p1a: Scizor|atk|2
|
|upkeep
|turn|7
|
|t:|1779814748
|switch|p2a: Keldeo|Keldeo|100/100
|move|p1a: Scizor|Knock Off|p2a: Keldeo
|-resisted|p2a: Keldeo
|-damage|p2a: Keldeo|55/100
|-ability|p2a: Keldeo|Justified|boost
|-boost|p2a: Keldeo|atk|1
|-enditem|p2a: Keldeo|Heavy-Duty Boots|[from] move: Knock Off|[of] p1a: Scizor
|
|upkeep
|turn|8
|
|t:|1779814754
|move|p1a: Scizor|Bullet Punch|p2a: Keldeo
|-resisted|p2a: Keldeo
|-damage|p2a: Keldeo|7/100
|move|p2a: Keldeo|Surf|p1a: Scizor
|-damage|p1a: Scizor|6/100
|
|upkeep
|turn|9
|
|t:|1779814757
|move|p2a: Keldeo|Vacuum Wave|p1a: Scizor
|-damage|p1a: Scizor|0 fnt
|faint|p1a: Scizor
|
|upkeep
|
|t:|1779814766
|switch|p1a: Ogerpon|Ogerpon, F|100/100
|turn|10
|
|t:|1779814774
|move|p2a: Keldeo|Vacuum Wave|p1a: Ogerpon
|-damage|p1a: Ogerpon|77/100
|move|p1a: Ogerpon|U-turn|p2a: Keldeo
|-resisted|p2a: Keldeo
|-damage|p2a: Keldeo|0 fnt
|faint|p2a: Keldeo
|
|t:|1779814785
|switch|p1a: Alomomola|Alomomola, F|100/100|[from] U-turn
|
|upkeep
|
|t:|1779814788
|switch|p2a: Sinistcha|Sinistcha-Masterpiece|100/100
|turn|11
|
|t:|1779814797
|move|p2a: Sinistcha|Calm Mind|p2a: Sinistcha
|-boost|p2a: Sinistcha|spa|1
|-boost|p2a: Sinistcha|spd|1
|move|p1a: Alomomola|Flip Turn|p2a: Sinistcha
|-resisted|p2a: Sinistcha
|-damage|p2a: Sinistcha|88/100
|
|t:|1779814816
|switch|p1a: Gardevoir|Gardevoir, M, shiny|100/100|[from] Flip Turn
|-ability|p1a: Gardevoir|Heatproof|Trace|[from] ability: Trace|[of] p2a: Sinistcha
|
|upkeep
|turn|12
|
|t:|1779814819
|-terastallize|p1a: Gardevoir|Fairy
|move|p1a: Gardevoir|Moonblast|p2a: Sinistcha
|-damage|p2a: Sinistcha|0 fnt
|faint|p2a: Sinistcha
|
|upkeep
|
|t:|1779814822
|switch|p2a: Gholdengo|Gholdengo|100/100
|turn|13
|
|t:|1779814826
|switch|p1a: Slither Wing|Slither Wing|100/100
|move|p2a: Gholdengo|Make It Rain|p1a: Slither Wing
|-damage|p1a: Slither Wing|50/100
|-unboost|p2a: Gholdengo|spa|1
|
|upkeep
|turn|14
|
|t:|1779814835
|switch|p2a: Gliscor|Gliscor, F|100/100
|move|p1a: Slither Wing|Will-O-Wisp|p2a: Gliscor
|-status|p2a: Gliscor|brn
|
|-damage|p2a: Gliscor|94/100 brn|[from] brn
|upkeep
|turn|15
|
|t:|1779814838
|move|p2a: Gliscor|Toxic|p1a: Slither Wing
|-status|p1a: Slither Wing|tox
|move|p1a: Slither Wing|Morning Sun|p1a: Slither Wing
|-heal|p1a: Slither Wing|99/100 tox
|
|-damage|p1a: Slither Wing|94/100 tox|[from] psn
|-damage|p2a: Gliscor|88/100 brn|[from] brn
|upkeep
|turn|16
|
|t:|1779814841
|move|p2a: Gliscor|Knock Off|p1a: Slither Wing
|-resisted|p1a: Slither Wing
|-damage|p1a: Slither Wing|90/100 tox
|-damage|p2a: Gliscor|71/100 brn|[from] item: Rocky Helmet|[of] p1a: Slither Wing
|-enditem|p1a: Slither Wing|Rocky Helmet|[from] move: Knock Off|[of] p2a: Gliscor
|move|p1a: Slither Wing|U-turn|p2a: Gliscor
|-resisted|p2a: Gliscor
|-damage|p2a: Gliscor|59/100 brn
|
|t:|1779814848
|-end|p1a: Slither Wing|Protosynthesis|[silent]
|switch|p1a: Alomomola|Alomomola, F|100/100|[from] U-turn
|
|-damage|p2a: Gliscor|53/100 brn|[from] brn
|upkeep
|turn|17
|
|t:|1779814852
|switch|p1a: Slither Wing|Slither Wing|90/100 tox
|move|p2a: Gliscor|Toxic|p1a: Slither Wing
|-fail|p1a: Slither Wing|tox
|
|-damage|p1a: Slither Wing|83/100 tox|[from] psn
|-damage|p2a: Gliscor|47/100 brn|[from] brn
|upkeep
|turn|18
|
|t:|1779814858
|move|p2a: Gliscor|Protect|p2a: Gliscor
|-singleturn|p2a: Gliscor|Protect
|move|p1a: Slither Wing|U-turn|p2a: Gliscor
|-activate|p2a: Gliscor|move: Protect
|
|-damage|p1a: Slither Wing|71/100 tox|[from] psn
|-damage|p2a: Gliscor|41/100 brn|[from] brn
|upkeep
|turn|19
|
|t:|1779814871
|switch|p2a: Gholdengo|Gholdengo|100/100
|move|p1a: Slither Wing|Morning Sun|p1a: Slither Wing
|-heal|p1a: Slither Wing|100/100 tox
|
|-damage|p1a: Slither Wing|82/100 tox|[from] psn
|upkeep
|turn|20
|
|t:|1779814883
|move|p2a: Gholdengo|Make It Rain|p1a: Slither Wing
|-damage|p1a: Slither Wing|29/100 tox
|-unboost|p2a: Gholdengo|spa|1
|move|p1a: Slither Wing|U-turn|p2a: Gholdengo
|-resisted|p2a: Gholdengo
|-damage|p2a: Gholdengo|92/100
|
|t:|1779814887
|-end|p1a: Slither Wing|Protosynthesis|[silent]
|switch|p1a: Alomomola|Alomomola, F|100/100|[from] U-turn
|
|upkeep
|turn|21
|
|t:|1779814892
|switch|p2a: Gliscor|Gliscor, F|41/100 brn
|move|p1a: Alomomola|Flip Turn|p2a: Gliscor
|-supereffective|p2a: Gliscor
|-damage|p2a: Gliscor|0 fnt
|faint|p2a: Gliscor
|
|t:|1779814905
|switch|p1a: Gardevoir|Gardevoir, M, shiny, tera:Fairy|100/100|[from] Flip Turn
|
|upkeep
|
|t:|1779814908
|switch|p2a: Gholdengo|Gholdengo|92/100
|-ability|p1a: Gardevoir|Good as Gold|Trace|[from] ability: Trace|[of] p2a: Gholdengo
|turn|22
|
|t:|1779814913
|switch|p1a: Slither Wing|Slither Wing|29/100 tox
|move|p2a: Gholdengo|Make It Rain|p1a: Slither Wing
|-damage|p1a: Slither Wing|0 fnt
|-unboost|p2a: Gholdengo|spa|1
|faint|p1a: Slither Wing
|-end|p1a: Slither Wing|Protosynthesis|[silent]
|
|upkeep
|
|t:|1779814919
|switch|p1a: Alomomola|Alomomola, F|100/100
|turn|23
|
|t:|1779814922
|switch|p2a: Dragonite|Dragonite, M|100/100
|move|p1a: Alomomola|Flip Turn|p2a: Dragonite
|-resisted|p2a: Dragonite
|-damage|p2a: Dragonite|93/100
|
|t:|1779814925
|switch|p1a: Gardevoir|Gardevoir, M, shiny, tera:Fairy|100/100|[from] Flip Turn
|-ability|p1a: Gardevoir|Multiscale|Trace|[from] ability: Trace|[of] p2a: Dragonite
|
|upkeep
|turn|24
|
|t:|1779814931
|switch|p2a: Ting-Lu|Ting-Lu|64/100
|-ability|p2a: Ting-Lu|Vessel of Ruin
|move|p1a: Gardevoir|Moonblast|p2a: Ting-Lu
|-supereffective|p2a: Ting-Lu
|-damage|p2a: Ting-Lu|0 fnt
|faint|p2a: Ting-Lu
|
|upkeep
|
|t:|1779814933
|switch|p2a: Gholdengo|Gholdengo|92/100
|turn|25
|
|t:|1779814947
|switch|p1a: Mew|Mew, shiny|100/100
|move|p2a: Gholdengo|Shadow Ball|p1a: Mew
|-supereffective|p1a: Mew
|-damage|p1a: Mew|25/100
|-enditem|p1a: Mew|Weakness Policy
|-boost|p1a: Mew|atk|2|[from] item: Weakness Policy
|-boost|p1a: Mew|spa|2|[from] item: Weakness Policy
|
|upkeep
|turn|26
|
|t:|1779814953
|move|p2a: Gholdengo|Shadow Ball|p1a: Mew
|-supereffective|p1a: Mew
|-damage|p1a: Mew|0 fnt
|faint|p1a: Mew
|
|upkeep
|
|t:|1779814957
|switch|p1a: Alomomola|Alomomola, F|100/100
|turn|27
|
|t:|1779814960
|move|p2a: Gholdengo|Shadow Ball|p1a: Alomomola
|-damage|p1a: Alomomola|46/100
|move|p1a: Alomomola|Flip Turn|p2a: Gholdengo
|-damage|p2a: Gholdengo|50/100
|
|t:|1779814964
|switch|p1a: Ogerpon|Ogerpon, F|77/100|[from] Flip Turn
|
|upkeep
|turn|28
|
|t:|1779814970
|switch|p2a: Dragonite|Dragonite, M|93/100
|move|p1a: Ogerpon|U-turn|p2a: Dragonite
|-resisted|p2a: Dragonite
|-damage|p2a: Dragonite|76/100
|
|t:|1779814975
|switch|p1a: Gardevoir|Gardevoir, M, shiny, tera:Fairy|100/100|[from] U-turn
|-ability|p1a: Gardevoir|Multiscale|Trace|[from] ability: Trace|[of] p2a: Dragonite
|
|upkeep
|turn|29
|
|t:|1779814979
|move|p2a: Dragonite|Extreme Speed|p1a: Gardevoir
|-damage|p1a: Gardevoir|76/100
|move|p1a: Gardevoir|Moonblast|p2a: Dragonite
|-supereffective|p2a: Dragonite
|-damage|p2a: Dragonite|0 fnt
|faint|p2a: Dragonite
|
|upkeep
|
|t:|1779814985
|switch|p2a: Gholdengo|Gholdengo|50/100
|turn|30
|
|t:|1779814987
|-terastallize|p2a: Gholdengo|Ghost
|move|p2a: Gholdengo|Shadow Ball|p1a: Gardevoir
|-damage|p1a: Gardevoir|13/100
|move|p1a: Gardevoir|Moonblast|p2a: Gholdengo
|-damage|p2a: Gholdengo|0 fnt
|faint|p2a: Gholdengo
|
|win|cachowcapow
|raw|cachowcapow's rating: 1523 &rarr; <strong>1541</strong><br />(+18 for winning)
|raw|thiccdug's rating: 1492 &rarr; <strong>1474</strong><br />(-18 for losing)
|l|☆thiccdug
|player|p2|
|l|☆cachowcapow
|player|p1|
