|j|☆claudechamp
|j|☆Chenziy10
|t:|1779819184
|gametype|singles
|player|p1|claudechamp|265|1211
|player|p2|Chenziy10|caitlin|1192
|gen|9
|tier|[Gen 9] OU
|rated|
|rule|HP Percentage Mod: HP is shown in percentages
|rule|Endless Battle Clause: Forcing endless battles is banned
|rule|Species Clause: Limit one of each Pokémon
|rule|OHKO Clause: OHKO moves are banned
|rule|Evasion Items Clause: Evasion items are banned
|rule|Evasion Moves Clause: Evasion moves are banned
|rule|Evasion Abilities Clause: Evasion abilities are banned
|rule|Sleep Moves Clause: Sleep-inducing moves are banned
|clearpoke
|poke|p1|Gliscor, M|
|poke|p1|Ogerpon, F|
|poke|p1|Walking Wake|
|poke|p1|Blissey, F|
|poke|p1|Corviknight, F|
|poke|p1|Pecharunt|
|poke|p2|Cinderace, F|
|poke|p2|Dondozo, F|
|poke|p2|Gliscor, F|
|poke|p2|Iron Valiant|
|poke|p2|Dragonite, F|
|poke|p2|Kingambit, M|
|teampreview
|c|☆claudechamp|hf
|
|t:|1779819193
|teamsize|p1|6
|teamsize|p2|6
|start
|switch|p1a: Gliscor|Gliscor, M|100/100
|switch|p2a: Gliscor|Gliscor, F|100/100
|turn|1
|inactive|Battle timer is ON: inactive players will automatically lose when time's up. (requested by claudechamp)
|
|t:|1779819210
|move|p2a: Gliscor|Protect|p2a: Gliscor
|-singleturn|p2a: Gliscor|Protect
|move|p1a: Gliscor|Spikes|p2a: Gliscor
|-sidestart|p2: Chenziy10|Spikes
|
|-status|p2a: Gliscor|tox|[from] item: Toxic Orb
|-status|p1a: Gliscor|tox|[from] item: Toxic Orb
|upkeep
|turn|2
|
|t:|1779819216
|move|p2a: Gliscor|Facade|p1a: Gliscor
|-damage|p1a: Gliscor|71/100 tox
|move|p1a: Gliscor|Spikes|p2a: Gliscor
|-sidestart|p2: Chenziy10|Spikes
|
|-heal|p1a: Gliscor|84/100 tox|[from] ability: Poison Heal
|upkeep
|turn|3
|
|t:|1779819228
|switch|p1a: Walking Wake|Walking Wake|100/100
|move|p2a: Gliscor|Facade|p1a: Walking Wake
|-damage|p1a: Walking Wake|59/100
|
|upkeep
|turn|4
|
|t:|1779819234
|move|p1a: Walking Wake|Surf|p2a: Gliscor
|-supereffective|p2a: Gliscor
|-damage|p2a: Gliscor|0 fnt
|faint|p2a: Gliscor
|
|upkeep
|
|t:|1779819239
|switch|p2a: Iron Valiant|Iron Valiant, shiny|100/100
|-damage|p2a: Iron Valiant|84/100|[from] Spikes
|-enditem|p2a: Iron Valiant|Booster Energy
|-activate|p2a: Iron Valiant|ability: Quark Drive|[fromitem]
|-start|p2a: Iron Valiant|quarkdrivespe
|turn|5
|
|t:|1779819243
|-terastallize|p2a: Iron Valiant|Fairy
|-terastallize|p1a: Walking Wake|Water
|move|p2a: Iron Valiant|Moonblast|p1a: Walking Wake
|-damage|p1a: Walking Wake|0 fnt
|faint|p1a: Walking Wake
|-end|p1a: Walking Wake|Protosynthesis|[silent]
|
|upkeep
|
|t:|1779819249
|switch|p1a: Pecharunt|Pecharunt|100/100
|turn|6
|
|t:|1779819256
|-end|p2a: Iron Valiant|Quark Drive|[silent]
|switch|p2a: Kingambit|Kingambit, M|100/100
|-activate|p2a: Kingambit|ability: Supreme Overlord
|-start|p2a: Kingambit|fallen1|[silent]
|move|p1a: Pecharunt|Malignant Chain|p2a: Kingambit
|-immune|p2a: Kingambit
|
|upkeep
|turn|7
|
|t:|1779819264
|move|p1a: Pecharunt|Foul Play|p2a: Kingambit
|-resisted|p2a: Kingambit
|-damage|p2a: Kingambit|86/100
|move|p2a: Kingambit|Kowtow Cleave|p1a: Pecharunt
|-supereffective|p1a: Pecharunt
|-damage|p1a: Pecharunt|52/100
|
|upkeep
|turn|8
|
|t:|1779819271
|move|p1a: Pecharunt|Parting Shot|p2a: Kingambit
|-unboost|p2a: Kingambit|atk|1
|-unboost|p2a: Kingambit|spa|1
|
|t:|1779819273
|switch|p1a: Gliscor|Gliscor, M|84/100 tox|[from] Parting Shot
|move|p2a: Kingambit|Kowtow Cleave|p1a: Gliscor
|-crit|p1a: Gliscor
|-damage|p1a: Gliscor|23/100 tox
|
|-heal|p1a: Gliscor|35/100 tox|[from] ability: Poison Heal
|upkeep
|turn|9
|
|t:|1779819279
|move|p1a: Gliscor|Earthquake|p2a: Kingambit
|-supereffective|p2a: Kingambit
|-damage|p2a: Kingambit|29/100
|move|p2a: Kingambit|Kowtow Cleave|p1a: Gliscor
|-damage|p1a: Gliscor|10/100 tox
|
|-heal|p1a: Gliscor|22/100 tox|[from] ability: Poison Heal
|upkeep
|turn|10
|
|t:|1779819287
|move|p2a: Kingambit|Sucker Punch|p1a: Gliscor
|-damage|p1a: Gliscor|0 fnt
|faint|p1a: Gliscor
|
|upkeep
|
|t:|1779819295
|switch|p1a: Corviknight|Corviknight, F|100/100
|-ability|p1a: Corviknight|Pressure
|turn|11
|
|t:|1779819308
|-end|p2a: Kingambit|fallen1|[silent]
|switch|p2a: Iron Valiant|Iron Valiant, shiny, tera:Fairy|84/100
|-damage|p2a: Iron Valiant|67/100|[from] Spikes
|move|p1a: Corviknight|U-turn|p2a: Iron Valiant
|-resisted|p2a: Iron Valiant
|-damage|p2a: Iron Valiant|57/100
|
|t:|1779819317
|switch|p1a: Pecharunt|Pecharunt|52/100|[from] U-turn
|
|upkeep
|turn|12
|
|t:|1779819320
|move|p2a: Iron Valiant|Destiny Bond|p2a: Iron Valiant
|-singlemove|p2a: Iron Valiant|Destiny Bond
|move|p1a: Pecharunt|Recover|p1a: Pecharunt
|-heal|p1a: Pecharunt|100/100
|
|upkeep
|turn|13
|
|t:|1779819326
|-end|p2a: Iron Valiant|Quark Drive|[silent]
|switch|p2a: Kingambit|Kingambit, M|29/100
|-activate|p2a: Kingambit|ability: Supreme Overlord
|-start|p2a: Kingambit|fallen1|[silent]
|move|p1a: Pecharunt|Malignant Chain|p2a: Kingambit
|-immune|p2a: Kingambit
|
|upkeep
|turn|14
|
|t:|1779819334
|move|p1a: Pecharunt|Parting Shot|p2a: Kingambit
|-unboost|p2a: Kingambit|atk|1
|-unboost|p2a: Kingambit|spa|1
|
|t:|1779819344
|switch|p1a: Blissey|Blissey, F|100/100|[from] Parting Shot
|move|p2a: Kingambit|Kowtow Cleave|p1a: Blissey
|-damage|p1a: Blissey|66/100
|
|upkeep
|turn|15
|
|t:|1779819351
|move|p1a: Blissey|Seismic Toss|p2a: Kingambit
|-damage|p2a: Kingambit|0 fnt
|faint|p2a: Kingambit
|-end|p2a: Kingambit|fallen1|[silent]
|
|upkeep
|
|t:|1779819354
|switch|p2a: Cinderace|Cinderace, F|100/100
|turn|16
|
|t:|1779819361
|move|p2a: Cinderace|High Jump Kick|p1a: Blissey
|-start|p2a: Cinderace|typechange|Fighting|[from] ability: Libero
|-supereffective|p1a: Blissey
|-damage|p1a: Blissey|0 fnt
|faint|p1a: Blissey
|
|upkeep
|
|t:|1779819366
|switch|p1a: Pecharunt|Pecharunt|100/100
|turn|17
|
|t:|1779819372
|move|p2a: Cinderace|Sucker Punch|p1a: Pecharunt
|-supereffective|p1a: Pecharunt
|-damage|p1a: Pecharunt|83/100
|move|p1a: Pecharunt|Malignant Chain|p2a: Cinderace
|-damage|p2a: Cinderace|55/100
|-status|p2a: Cinderace|tox
|-start|p2a: Cinderace|confusion|[from] ability: Poison Puppeteer|[of] p1a: Pecharunt
|
|-damage|p2a: Cinderace|49/100 tox|[from] psn
|upkeep
|turn|18
|
|t:|1779819380
|-activate|p2a: Cinderace|confusion
|move|p2a: Cinderace|U-turn|p1a: Pecharunt
|-resisted|p1a: Pecharunt
|-crit|p1a: Pecharunt
|-damage|p1a: Pecharunt|80/100
|
|t:|1779819384
|switch|p2a: Dragonite|Dragonite, F|100/100|[from] U-turn
|move|p1a: Pecharunt|Malignant Chain|p2a: Dragonite
|-damage|p2a: Dragonite|86/100
|
|upkeep
|turn|19
|
|t:|1779819393
|move|p2a: Dragonite|Earthquake|p1a: Pecharunt
|-supereffective|p1a: Pecharunt
|-damage|p1a: Pecharunt|47/100
|move|p1a: Pecharunt|Malignant Chain|p2a: Dragonite
|-damage|p2a: Dragonite|56/100
|-status|p2a: Dragonite|tox
|-start|p2a: Dragonite|confusion|[from] ability: Poison Puppeteer|[of] p1a: Pecharunt
|
|-damage|p2a: Dragonite|50/100 tox|[from] psn
|upkeep
|turn|20
|
|t:|1779819401
|switch|p2a: Cinderace|Cinderace, F|49/100 tox
|move|p1a: Pecharunt|Recover|p1a: Pecharunt
|-heal|p1a: Pecharunt|97/100
|
|-damage|p2a: Cinderace|43/100 tox|[from] psn
|upkeep
|turn|21
|
|t:|1779819409
|move|p2a: Cinderace|Pyro Ball|p1a: Pecharunt
|-damage|p1a: Pecharunt|73/100
|move|p1a: Pecharunt|Malignant Chain|p2a: Cinderace
|-damage|p2a: Cinderace|0 fnt
|faint|p2a: Cinderace
|
|upkeep
|
|t:|1779819412
|switch|p2a: Dondozo|Dondozo, F|100/100
|-damage|p2a: Dondozo|84/100|[from] Spikes
|turn|22
|
|t:|1779819417
|move|p1a: Pecharunt|Malignant Chain|p2a: Dondozo
|-damage|p2a: Dondozo|65/100
|move|p2a: Dondozo|Wave Crash|p1a: Pecharunt
|-damage|p1a: Pecharunt|53/100
|-damage|p2a: Dondozo|59/100|[from] Recoil
|
|-heal|p2a: Dondozo|66/100|[from] item: Leftovers
|upkeep
|turn|23
|
|t:|1779819427
|move|p1a: Pecharunt|Recover|p1a: Pecharunt
|-heal|p1a: Pecharunt|100/100
|move|p2a: Dondozo|Wave Crash|p1a: Pecharunt
|-damage|p1a: Pecharunt|80/100
|-damage|p2a: Dondozo|61/100|[from] Recoil
|
|-heal|p2a: Dondozo|67/100|[from] item: Leftovers
|upkeep
|turn|24
|
|t:|1779819439
|move|p1a: Pecharunt|Parting Shot|p2a: Dondozo
|-unboost|p2a: Dondozo|atk|1
|-unboost|p2a: Dondozo|spa|1
|
|t:|1779819453
|switch|p1a: Ogerpon|Ogerpon, F|100/100|[from] Parting Shot
|move|p2a: Dondozo|Wave Crash|p1a: Ogerpon
|-resisted|p1a: Ogerpon
|-damage|p1a: Ogerpon|82/100
|-damage|p2a: Dondozo|63/100|[from] Recoil
|
|-heal|p2a: Dondozo|69/100|[from] item: Leftovers
|upkeep
|turn|25
|
|t:|1779819464
|switch|p2a: Dragonite|Dragonite, F|50/100 tox
|move|p1a: Ogerpon|Ivy Cudgel|p2a: Dragonite
|-resisted|p2a: Dragonite
|-damage|p2a: Dragonite|34/100 tox
|
|-damage|p2a: Dragonite|28/100 tox|[from] psn
|upkeep
|turn|26
|
|t:|1779819476
|move|p1a: Ogerpon|Ivy Cudgel|p2a: Dragonite
|-resisted|p2a: Dragonite
|-damage|p2a: Dragonite|12/100 tox
|move|p2a: Dragonite|Ice Spinner|p1a: Ogerpon
|-supereffective|p1a: Ogerpon
|-damage|p1a: Ogerpon|1/100
|
|-damage|p2a: Dragonite|0 fnt|[from] psn
|faint|p2a: Dragonite
|upkeep
|
|t:|1779819482
|switch|p2a: Iron Valiant|Iron Valiant, shiny, tera:Fairy|57/100
|-damage|p2a: Iron Valiant|40/100|[from] Spikes
|turn|27
|
|t:|1779819488
|switch|p1a: Pecharunt|Pecharunt|80/100
|move|p2a: Iron Valiant|Thunderbolt|p1a: Pecharunt
|-damage|p1a: Pecharunt|50/100
|
|upkeep
|turn|28
|
|t:|1779819501
|move|p2a: Iron Valiant|Thunderbolt|p1a: Pecharunt
|-damage|p1a: Pecharunt|22/100
|move|p1a: Pecharunt|Malignant Chain|p2a: Iron Valiant
|-supereffective|p2a: Iron Valiant
|-damage|p2a: Iron Valiant|0 fnt
|faint|p2a: Iron Valiant
|-end|p2a: Iron Valiant|Quark Drive|[silent]
|
|upkeep
|
|t:|1779819505
|switch|p2a: Dondozo|Dondozo, F|69/100
|-damage|p2a: Dondozo|53/100|[from] Spikes
|turn|29
|
|t:|1779819513
|move|p1a: Pecharunt|Parting Shot|p2a: Dondozo
|-unboost|p2a: Dondozo|atk|1
|-unboost|p2a: Dondozo|spa|1
|
|t:|1779819521
|switch|p1a: Corviknight|Corviknight, F|100/100|[from] Parting Shot
|-ability|p1a: Corviknight|Pressure
|move|p2a: Dondozo|Wave Crash|p1a: Corviknight
|-damage|p1a: Corviknight|82/100
|-damage|p2a: Dondozo|48/100|[from] Recoil
|
|-heal|p2a: Dondozo|54/100|[from] item: Leftovers
|upkeep
|turn|30
|
|t:|1779819530
|move|p1a: Corviknight|U-turn|p2a: Dondozo
|-damage|p2a: Dondozo|45/100
|
|t:|1779819540
|switch|p1a: Pecharunt|Pecharunt|22/100|[from] U-turn
|move|p2a: Dondozo|Wave Crash|p1a: Pecharunt
|-crit|p1a: Pecharunt
|-damage|p1a: Pecharunt|0 fnt
|faint|p1a: Pecharunt
|-damage|p2a: Dondozo|40/100|[from] Recoil
|
|-heal|p2a: Dondozo|46/100|[from] item: Leftovers
|upkeep
|
|t:|1779819550
|switch|p1a: Ogerpon|Ogerpon, F|1/100
|turn|31
|
|t:|1779819556
|move|p1a: Ogerpon|Ivy Cudgel|p2a: Dondozo
|-supereffective|p2a: Dondozo
|-damage|p2a: Dondozo|0 fnt
|faint|p2a: Dondozo
|
|win|claudechamp
|raw|claudechamp's rating: 1235 &rarr; <strong>1257</strong><br />(+22 for winning)
|raw|Chenziy10's rating: 1192 &rarr; <strong>1170</strong><br />(-22 for losing)
|l|☆Chenziy10
|player|p2|
|c|☆claudechamp|gg
