|j|☆Dreadblaze
|j|☆FireSide_01
|t:|1779935415
|gametype|singles
|player|p1|Dreadblaze|burglar|1408
|player|p2|FireSide_01|janine|1400
|gen|9
|tier|[Gen 9] OU
|rated|
|rule|HP Percentage Mod: HP is shown in percentages
|rule|Endless Battle Clause: Forcing endless battles is banned
|rule|Species Clause: Limit one of each Pokémon
|rule|OHKO Clause: OHKO moves are banned
|rule|Evasion Items Clause: Evasion items are banned
|rule|Evasion Moves Clause: Evasion moves are banned
|rule|Evasion Abilities Clause: Evasion abilities are banned
|rule|Sleep Moves Clause: Sleep-inducing moves are banned
|clearpoke
|poke|p1|Weavile, M|
|poke|p1|Zamazenta-*|
|poke|p1|Metagross|
|poke|p1|Iron Moth|
|poke|p1|Ursaring, M|
|poke|p1|Tsareena, F|
|poke|p2|Ninetales, F|
|poke|p2|Walking Wake|
|poke|p2|Typhlosion-Hisui, F|
|poke|p2|Great Tusk|
|poke|p2|Rillaboom, F|
|poke|p2|Raging Bolt|
|teampreview
|inactive|Battle timer is ON: inactive players will automatically lose when time's up. (requested by FireSide_01)
|
|t:|1779935445
|teamsize|p1|6
|teamsize|p2|6
|start
|switch|p1a: Weavile|Weavile, M|100/100
|switch|p2a: Ninetales|Ninetales, F|100/100
|-weather|SunnyDay|[from] ability: Drought|[of] p2a: Ninetales
|turn|1
|
|t:|1779935455
|-terastallize|p1a: Weavile|Ghost
|move|p1a: Weavile|Knock Off|p2a: Ninetales
|-damage|p2a: Ninetales|10/100
|-enditem|p2a: Ninetales|Heat Rock|[from] move: Knock Off|[of] p1a: Weavile
|move|p2a: Ninetales|Weather Ball|p1a: Weavile
|-damage|p1a: Weavile|39/100
|
|-weather|SunnyDay|[upkeep]
|upkeep
|turn|2
|
|t:|1779935465
|switch|p2a: Great Tusk|Great Tusk|100/100
|-activate|p2a: Great Tusk|ability: Protosynthesis
|-start|p2a: Great Tusk|protosynthesisspe
|move|p1a: Weavile|Knock Off|p2a: Great Tusk
|-resisted|p2a: Great Tusk
|-damage|p2a: Great Tusk|80/100
|-enditem|p2a: Great Tusk|Heavy-Duty Boots|[from] move: Knock Off|[of] p1a: Weavile
|
|-weather|SunnyDay|[upkeep]
|upkeep
|turn|3
|
|t:|1779935478
|switch|p1a: Tsareena|Tsareena, F|100/100
|move|p2a: Great Tusk|Headlong Rush|p1a: Tsareena
|-resisted|p1a: Tsareena
|-damage|p1a: Tsareena|74/100
|-unboost|p2a: Great Tusk|def|1
|-unboost|p2a: Great Tusk|spd|1
|
|-weather|SunnyDay|[upkeep]
|upkeep
|turn|4
|
|t:|1779935500
|-end|p2a: Great Tusk|Protosynthesis|[silent]
|switch|p2a: Typhlosion|Typhlosion-Hisui, F|100/100
|move|p1a: Tsareena|Trop Kick|p2a: Typhlosion
|-resisted|p2a: Typhlosion
|-damage|p2a: Typhlosion|72/100
|-unboost|p2a: Typhlosion|atk|1
|
|-weather|SunnyDay|[upkeep]
|upkeep
|turn|5
|
|t:|1779935512
|switch|p1a: Iron Moth|Iron Moth|100/100
|-item|p1a: Iron Moth|Air Balloon
|move|p2a: Typhlosion|Flamethrower|p1a: Iron Moth
|-resisted|p1a: Iron Moth
|-damage|p1a: Iron Moth|60/100
|-enditem|p1a: Iron Moth|Air Balloon
|
|-weather|SunnyDay|[upkeep]
|upkeep
|turn|6
|
|t:|1779935523
|switch|p2a: Raging Bolt|Raging Bolt|100/100
|-activate|p2a: Raging Bolt|ability: Protosynthesis
|-start|p2a: Raging Bolt|protosynthesisspa
|move|p1a: Iron Moth|Sludge Wave|p2a: Raging Bolt
|-damage|p2a: Raging Bolt|68/100
|
|-weather|SunnyDay|[upkeep]
|upkeep
|turn|7
|inactive|Dreadblaze has 120 seconds left.
|
|t:|1779935552
|move|p1a: Iron Moth|Fiery Dance|p2a: Raging Bolt
|-resisted|p2a: Raging Bolt
|-damage|p2a: Raging Bolt|46/100
|move|p2a: Raging Bolt|Dragon Pulse|p1a: Iron Moth
|-damage|p1a: Iron Moth|0 fnt
|faint|p1a: Iron Moth
|-end|p1a: Iron Moth|Quark Drive|[silent]
|
|-weather|SunnyDay|[upkeep]
|upkeep
|inactive|Dreadblaze has 120 seconds left.
|
|t:|1779935558
|switch|p1a: Ursaring|Ursaring, M|100/100
|turn|8
|
|t:|1779935571
|move|p2a: Raging Bolt|Weather Ball|p1a: Ursaring
|-damage|p1a: Ursaring|60/100
|move|p1a: Ursaring|Earthquake|p2a: Raging Bolt
|-supereffective|p2a: Raging Bolt
|-damage|p2a: Raging Bolt|0 fnt
|faint|p2a: Raging Bolt
|-end|p2a: Raging Bolt|Protosynthesis|[silent]
|
|-weather|none
|upkeep
|
|t:|1779935577
|switch|p2a: Ninetales|Ninetales, F|10/100
|-weather|SunnyDay|[from] ability: Drought|[of] p2a: Ninetales
|turn|9
|
|t:|1779935585
|move|p2a: Ninetales|Healing Wish|p2a: Ninetales
|faint|p2a: Ninetales
|move|p1a: Ursaring|Body Slam|p2: Ninetales|[notarget]
|-fail|p1a: Ursaring
|
|-weather|SunnyDay|[upkeep]
|upkeep
|inactive|FireSide_01 has 120 seconds left.
|
|t:|1779935626
|switch|p2a: Walking Wake|Walking Wake|100/100
|-activate|p2a: Walking Wake|ability: Protosynthesis
|-start|p2a: Walking Wake|protosynthesisspa
|turn|10
|
|t:|1779935635
|move|p2a: Walking Wake|Hydro Steam|p1a: Ursaring
|-damage|p1a: Ursaring|0 fnt
|faint|p1a: Ursaring
|
|-weather|SunnyDay|[upkeep]
|upkeep
|
|t:|1779935647
|switch|p1a: Weavile|Weavile, M, tera:Ghost|39/100
|turn|11
|
|t:|1779935650
|-end|p2a: Walking Wake|Protosynthesis|[silent]
|switch|p2a: Great Tusk|Great Tusk|80/100
|-heal|p2a: Great Tusk|100/100|[from] move: Healing Wish
|-activate|p2a: Great Tusk|ability: Protosynthesis
|-start|p2a: Great Tusk|protosynthesisspe
|move|p1a: Weavile|Knock Off|p2a: Great Tusk
|-resisted|p2a: Great Tusk
|-damage|p2a: Great Tusk|85/100
|
|-weather|SunnyDay|[upkeep]
|upkeep
|turn|12
|
|t:|1779935667
|switch|p1a: Metagross|Metagross|100/100
|move|p2a: Great Tusk|Ice Spinner|p1a: Metagross
|-resisted|p1a: Metagross
|-damage|p1a: Metagross|94/100
|-damage|p2a: Great Tusk|68/100|[from] item: Rocky Helmet|[of] p1a: Metagross
|
|-weather|SunnyDay|[upkeep]
|upkeep
|turn|13
|
|t:|1779935677
|move|p2a: Great Tusk|Headlong Rush|p1a: Metagross
|-supereffective|p1a: Metagross
|-damage|p1a: Metagross|38/100
|-unboost|p2a: Great Tusk|def|1
|-unboost|p2a: Great Tusk|spd|1
|-damage|p2a: Great Tusk|51/100|[from] item: Rocky Helmet|[of] p1a: Metagross
|move|p1a: Metagross|Stealth Rock|p2a: Great Tusk
|-sidestart|p2: FireSide_01|move: Stealth Rock
|
|-weather|none
|-end|p2a: Great Tusk|Protosynthesis
|upkeep
|turn|14
|
|t:|1779935688
|move|p2a: Great Tusk|Rapid Spin|p1a: Metagross
|-resisted|p1a: Metagross
|-damage|p1a: Metagross|33/100
|-boost|p2a: Great Tusk|spe|1
|-damage|p2a: Great Tusk|35/100|[from] item: Rocky Helmet|[of] p1a: Metagross
|-sideend|p2: FireSide_01|Stealth Rock|[from] move: Rapid Spin|[of] p2a: Great Tusk
|move|p1a: Metagross|Stealth Rock|p2a: Great Tusk
|-sidestart|p2: FireSide_01|move: Stealth Rock
|
|upkeep
|turn|15
|
|t:|1779935697
|move|p2a: Great Tusk|Headlong Rush|p1a: Metagross
|-supereffective|p1a: Metagross
|-damage|p1a: Metagross|0 fnt
|-unboost|p2a: Great Tusk|def|1
|-unboost|p2a: Great Tusk|spd|1
|-damage|p2a: Great Tusk|18/100|[from] item: Rocky Helmet|[of] p1a: Metagross
|faint|p1a: Metagross
|
|upkeep
|
|t:|1779935716
|switch|p1a: Weavile|Weavile, M, tera:Ghost|39/100
|turn|16
|
|t:|1779935719
|move|p1a: Weavile|Ice Shard|p2a: Great Tusk
|-supereffective|p2a: Great Tusk
|-damage|p2a: Great Tusk|0 fnt
|faint|p2a: Great Tusk
|-end|p2a: Great Tusk|Protosynthesis|[silent]
|
|upkeep
|
|t:|1779935724
|switch|p2a: Typhlosion|Typhlosion-Hisui, F|72/100
|-damage|p2a: Typhlosion|47/100|[from] Stealth Rock
|turn|17
|
|t:|1779935732
|switch|p1a: Zamazenta|Zamazenta|100/100
|-ability|p1a: Zamazenta|Dauntless Shield|boost
|-boost|p1a: Zamazenta|def|1
|move|p2a: Typhlosion|Flamethrower|p1a: Zamazenta
|-damage|p1a: Zamazenta|57/100
|
|upkeep
|turn|18
|
|t:|1779935758
|-terastallize|p2a: Typhlosion|Fire
|move|p2a: Typhlosion|Flamethrower|p1a: Zamazenta
|-damage|p1a: Zamazenta|0 fnt
|faint|p1a: Zamazenta
|
|upkeep
|
|t:|1779935782
|switch|p1a: Weavile|Weavile, M, tera:Ghost|39/100
|turn|19
|
|t:|1779935791
|move|p1a: Weavile|Ice Shard|p2a: Typhlosion
|-resisted|p2a: Typhlosion
|-damage|p2a: Typhlosion|27/100
|move|p2a: Typhlosion|Flamethrower|p1a: Weavile
|-damage|p1a: Weavile|0 fnt
|faint|p1a: Weavile
|
|upkeep
|
|t:|1779935794
|switch|p1a: Tsareena|Tsareena, F|74/100
|turn|20
|
|t:|1779935798
|move|p2a: Typhlosion|Flamethrower|p1a: Tsareena
|-supereffective|p1a: Tsareena
|-damage|p1a: Tsareena|0 fnt
|faint|p1a: Tsareena
|
|win|FireSide_01
|raw|Dreadblaze's rating: 1408 &rarr; <strong>1388</strong><br />(-20 for losing)
|raw|FireSide_01's rating: 1400 &rarr; <strong>1420</strong><br />(+20 for winning)
|c|☆FireSide_01|gg
|l|☆Dreadblaze
|player|p1|
|l|☆FireSide_01
|player|p2|
