|j|☆piunicoulours
|j|☆OujAxy
|t:|1779952126
|gametype|singles
|player|p1|piunicoulours|1|1390
|player|p2|OujAxy|hooligans|1375
|gen|9
|tier|[Gen 9] OU
|rated|
|rule|HP Percentage Mod: HP is shown in percentages
|rule|Endless Battle Clause: Forcing endless battles is banned
|rule|Species Clause: Limit one of each Pokémon
|rule|OHKO Clause: OHKO moves are banned
|rule|Evasion Items Clause: Evasion items are banned
|rule|Evasion Moves Clause: Evasion moves are banned
|rule|Evasion Abilities Clause: Evasion abilities are banned
|rule|Sleep Moves Clause: Sleep-inducing moves are banned
|clearpoke
|poke|p1|Landorus-Therian, M|
|poke|p1|Great Tusk|
|poke|p1|Ogerpon-Wellspring, F|
|poke|p1|Kingambit, M|
|poke|p1|Slowking-Galar, M|
|poke|p1|Raging Bolt|
|poke|p2|Charizard, F|
|poke|p2|Pelipper, F|
|poke|p2|Barraskewda, F|
|poke|p2|Iron Treads|
|poke|p2|Pecharunt|
|poke|p2|Inteleon, M|
|teampreview
|inactive|Battle timer is ON: inactive players will automatically lose when time's up. (requested by OujAxy)
|
|t:|1779952141
|teamsize|p1|6
|teamsize|p2|6
|start
|switch|p1a: Raging Bolt|Raging Bolt|100/100
|switch|p2a: Iron Treads|Iron Treads|100/100
|turn|1
|
|t:|1779952150
|-end|p1a: Raging Bolt|Protosynthesis|[silent]
|switch|p1a: Great Tusk|Great Tusk|100/100
|move|p2a: Iron Treads|Knock Off|p1a: Great Tusk
|-resisted|p1a: Great Tusk
|-damage|p1a: Great Tusk|91/100
|-damage|p2a: Iron Treads|84/100|[from] item: Rocky Helmet|[of] p1a: Great Tusk
|-enditem|p1a: Great Tusk|Rocky Helmet|[from] move: Knock Off|[of] p2a: Iron Treads
|
|upkeep
|turn|2
|
|t:|1779952156
|-end|p2a: Iron Treads|Quark Drive|[silent]
|switch|p2a: Pelipper|Pelipper, F|100/100
|-weather|RainDance|[from] ability: Drizzle|[of] p2a: Pelipper
|move|p1a: Great Tusk|Rapid Spin|p2a: Pelipper
|-damage|p2a: Pelipper|89/100
|-boost|p1a: Great Tusk|spe|1
|
|-weather|RainDance|[upkeep]
|upkeep
|turn|3
|
|t:|1779952167
|-end|p1a: Great Tusk|Protosynthesis|[silent]
|switch|p1a: Slowking|Slowking-Galar, M|100/100
|move|p2a: Pelipper|U-turn|p1a: Slowking
|-damage|p1a: Slowking|92/100
|inactive|OujAxy has 120 seconds left.
|inactive|OujAxy has 90 seconds left.
|
|t:|1779952229
|switch|p2a: Inteleon|Inteleon, M|100/100|[from] U-turn
|
|-weather|RainDance|[upkeep]
|upkeep
|turn|4
|l|☆piunicoulours
|inactive|piunicoulours disconnected and has a minute to reconnect!
|player|p1|
|j|☆piunicoulours
|inactive|piunicoulours reconnected and has 130 seconds left.
|player|p1|piunicoulours|1|
|inactive|piunicoulours has 120 seconds left.
|
|t:|1779952264
|-terastallize|p2a: Inteleon|Water
|move|p2a: Inteleon|Hydro Pump|p1a: Slowking|[miss]
|-miss|p2a: Inteleon|p1a: Slowking
|move|p1a: Slowking|Future Sight|p2a: Inteleon
|-start|p1a: Slowking|move: Future Sight
|
|-weather|RainDance|[upkeep]
|upkeep
|turn|5
|inactive|OujAxy has 90 seconds left.
|
|t:|1779952300
|move|p2a: Inteleon|Hydro Pump|p1a: Slowking
|-damage|p1a: Slowking|10/100
|move|p1a: Slowking|Sludge Bomb|p2a: Inteleon
|-damage|p2a: Inteleon|35/100
|-status|p2a: Inteleon|psn
|
|-weather|RainDance|[upkeep]
|-damage|p2a: Inteleon|23/100 psn|[from] psn
|upkeep
|turn|6
|
|t:|1779952317
|switch|p2a: Iron Treads|Iron Treads|84/100
|switch|p1a: Ogerpon|Ogerpon-Wellspring, F|100/100
|
|-weather|RainDance|[upkeep]
|-end|p2a: Iron Treads|move: Future Sight
|-resisted|p2a: Iron Treads
|-damage|p2a: Iron Treads|48/100
|upkeep
|turn|7
|inactive|OujAxy has 90 seconds left.
|
|t:|1779952337
|-end|p2a: Iron Treads|Quark Drive|[silent]
|switch|p2a: Pecharunt|Pecharunt|100/100
|move|p1a: Ogerpon|Ivy Cudgel|p2a: Pecharunt|[anim] Ivy Cudgel Water
|-damage|p2a: Pecharunt|47/100
|
|-weather|RainDance|[upkeep]
|upkeep
|turn|8
|
|t:|1779952355
|move|p1a: Ogerpon|Ivy Cudgel|p2a: Pecharunt|[anim] Ivy Cudgel Water
|-damage|p2a: Pecharunt|0 fnt
|faint|p2a: Pecharunt
|
|-weather|RainDance|[upkeep]
|upkeep
|
|t:|1779952371
|switch|p2a: Barraskewda|Barraskewda, F|100/100
|turn|9
|
|t:|1779952387
|move|p2a: Barraskewda|Poison Jab|p1a: Ogerpon
|-supereffective|p1a: Ogerpon
|-crit|p1a: Ogerpon
|-damage|p1a: Ogerpon|0 fnt
|faint|p1a: Ogerpon
|-damage|p2a: Barraskewda|91/100|[from] item: Life Orb
|
|-weather|none
|upkeep
|
|t:|1779952391
|switch|p1a: Great Tusk|Great Tusk|91/100
|turn|10
|
|t:|1779952394
|move|p2a: Barraskewda|Liquidation|p1a: Great Tusk
|-supereffective|p1a: Great Tusk
|-damage|p1a: Great Tusk|8/100
|-unboost|p1a: Great Tusk|def|1
|-damage|p2a: Barraskewda|81/100|[from] item: Life Orb
|move|p1a: Great Tusk|Knock Off|p2a: Barraskewda
|-crit|p2a: Barraskewda
|-damage|p2a: Barraskewda|4/100
|-enditem|p2a: Barraskewda|Life Orb|[from] move: Knock Off|[of] p1a: Great Tusk
|
|upkeep
|turn|11
|
|t:|1779952405
|move|p2a: Barraskewda|Liquidation|p1a: Great Tusk
|-supereffective|p1a: Great Tusk
|-damage|p1a: Great Tusk|0 fnt
|faint|p1a: Great Tusk
|-end|p1a: Great Tusk|Protosynthesis|[silent]
|
|upkeep
|
|t:|1779952412
|switch|p1a: Raging Bolt|Raging Bolt|100/100
|turn|12
|
|t:|1779952434
|move|p2a: Barraskewda|Aqua Jet|p1a: Raging Bolt
|-resisted|p1a: Raging Bolt
|-damage|p1a: Raging Bolt|92/100
|move|p1a: Raging Bolt|Thunderclap||[still]
|-fail|p1a: Raging Bolt
|
|upkeep
|turn|13
|
|t:|1779952447
|switch|p2a: Inteleon|Inteleon, M, tera:Water|23/100 psn
|move|p1a: Raging Bolt|Thunderclap||[still]
|-fail|p1a: Raging Bolt
|
|-damage|p2a: Inteleon|10/100 psn|[from] psn
|upkeep
|turn|14
|
|t:|1779952461
|move|p1a: Raging Bolt|Thunderclap|p2a: Inteleon
|-supereffective|p2a: Inteleon
|-damage|p2a: Inteleon|0 fnt
|faint|p2a: Inteleon
|
|upkeep
|
|t:|1779952463
|switch|p2a: Iron Treads|Iron Treads|48/100
|turn|15
|
|t:|1779952476
|-end|p1a: Raging Bolt|Protosynthesis|[silent]
|switch|p1a: Landorus|Landorus-Therian, M|100/100
|-ability|p1a: Landorus|Intimidate|boost
|-unboost|p2a: Iron Treads|atk|1
|move|p2a: Iron Treads|Knock Off|p1a: Landorus
|-damage|p1a: Landorus|80/100
|-damage|p2a: Iron Treads|31/100|[from] item: Rocky Helmet|[of] p1a: Landorus
|-enditem|p1a: Landorus|Rocky Helmet|[from] move: Knock Off|[of] p2a: Iron Treads
|
|upkeep
|turn|16
|
|t:|1779952500
|-end|p2a: Iron Treads|Quark Drive|[silent]
|switch|p2a: Pelipper|Pelipper, F|89/100
|-weather|RainDance|[from] ability: Drizzle|[of] p2a: Pelipper
|move|p1a: Landorus|Stealth Rock|p2a: Pelipper
|-sidestart|p2: OujAxy|move: Stealth Rock
|
|-weather|RainDance|[upkeep]
|upkeep
|turn|17
|
|t:|1779952509
|move|p1a: Landorus|U-turn|p2a: Pelipper
|-resisted|p2a: Pelipper
|-damage|p2a: Pelipper|82/100
|
|t:|1779952512
|switch|p1a: Raging Bolt|Raging Bolt|92/100|[from] U-turn
|move|p2a: Pelipper|U-turn|p1a: Raging Bolt
|-damage|p1a: Raging Bolt|84/100
|
|t:|1779952514
|switch|p2a: Iron Treads|Iron Treads|31/100|[from] U-turn
|
|-weather|RainDance|[upkeep]
|upkeep
|turn|18
|
|t:|1779952523
|move|p2a: Iron Treads|Rapid Spin|p1a: Raging Bolt
|-damage|p1a: Raging Bolt|69/100
|-boost|p2a: Iron Treads|spe|1
|-sideend|p2: OujAxy|Stealth Rock|[from] move: Rapid Spin|[of] p2a: Iron Treads
|move|p1a: Raging Bolt|Dragon Pulse|p2a: Iron Treads
|-resisted|p2a: Iron Treads
|-damage|p2a: Iron Treads|0 fnt
|faint|p2a: Iron Treads
|-end|p2a: Iron Treads|Quark Drive|[silent]
|
|-weather|RainDance|[upkeep]
|upkeep
|
|t:|1779952531
|switch|p2a: Charizard|Charizard, F|100/100
|turn|19
|
|t:|1779952538
|-end|p1a: Raging Bolt|Protosynthesis|[silent]
|switch|p1a: Slowking|Slowking-Galar, M|44/100
|move|p2a: Charizard|Dragon Pulse|p1a: Slowking
|-damage|p1a: Slowking|21/100
|
|-weather|RainDance|[upkeep]
|upkeep
|turn|20
|
|t:|1779952543
|move|p2a: Charizard|Dragon Pulse|p1a: Slowking
|-damage|p1a: Slowking|0 fnt
|faint|p1a: Slowking
|
|-weather|RainDance|[upkeep]
|upkeep
|
|t:|1779952546
|switch|p1a: Landorus|Landorus-Therian, M|80/100
|-ability|p1a: Landorus|Intimidate|boost
|-unboost|p2a: Charizard|atk|1
|turn|21
|
|t:|1779952561
|switch|p2a: Pelipper|Pelipper, F|82/100
|move|p1a: Landorus|Stealth Rock|p2a: Pelipper
|-sidestart|p2: OujAxy|move: Stealth Rock
|
|-weather|RainDance|[upkeep]
|upkeep
|turn|22
|
|t:|1779952573
|move|p1a: Landorus|U-turn|p2a: Pelipper
|-resisted|p2a: Pelipper
|-damage|p2a: Pelipper|74/100
|
|t:|1779952575
|switch|p1a: Raging Bolt|Raging Bolt|69/100|[from] U-turn
|move|p2a: Pelipper|Hurricane|p1a: Raging Bolt
|-resisted|p1a: Raging Bolt
|-damage|p1a: Raging Bolt|54/100
|
|-weather|RainDance|[upkeep]
|upkeep
|turn|23
|
|t:|1779952580
|switch|p2a: Barraskewda|Barraskewda, F|4/100
|-damage|p2a: Barraskewda|0 fnt|[from] Stealth Rock
|faint|p2a: Barraskewda
|move|p1a: Raging Bolt|Thunderbolt|p2: Barraskewda|[notarget]
|-fail|p1a: Raging Bolt
|
|-weather|none
|upkeep
|
|t:|1779952583
|switch|p2a: Charizard|Charizard, F|100/100
|-damage|p2a: Charizard|51/100|[from] Stealth Rock
|turn|24
|
|t:|1779952611
|move|p1a: Raging Bolt|Thunderclap|p2a: Charizard
|-supereffective|p2a: Charizard
|-damage|p2a: Charizard|0 fnt
|faint|p2a: Charizard
|
|upkeep
|-message|OujAxy forfeited.
|
|win|piunicoulours
|raw|piunicoulours's rating: 1390 &rarr; <strong>1411</strong><br />(+21 for winning)
|raw|OujAxy's rating: 1402 &rarr; <strong>1381</strong><br />(-21 for losing)
|l|☆OujAxy
|player|p2|
|l|☆piunicoulours
|player|p1|
