|j|☆Sluttina
|j|☆LazyDreamer
|t:|1779858093
|gametype|singles
|player|p1|Sluttina|170|1385
|player|p2|LazyDreamer|fisherman-gen4|1339
|gen|9
|tier|[Gen 9] OU
|rated|
|rule|HP Percentage Mod: HP is shown in percentages
|rule|Endless Battle Clause: Forcing endless battles is banned
|rule|Species Clause: Limit one of each Pokémon
|rule|OHKO Clause: OHKO moves are banned
|rule|Evasion Items Clause: Evasion items are banned
|rule|Evasion Moves Clause: Evasion moves are banned
|rule|Evasion Abilities Clause: Evasion abilities are banned
|rule|Sleep Moves Clause: Sleep-inducing moves are banned
|clearpoke
|poke|p1|Darkrai|
|poke|p1|Raging Bolt|
|poke|p1|Ogerpon-Wellspring, F|
|poke|p1|Great Tusk|
|poke|p1|Slowking-Galar, M|
|poke|p1|Corviknight, F|
|poke|p2|Mamoswine, F|
|poke|p2|Serperior, F|
|poke|p2|Skeledirge, F|
|poke|p2|Milotic, M|
|poke|p2|Corviknight, F|
|poke|p2|Latias, F|
|teampreview
|inactive|Battle timer is ON: inactive players will automatically lose when time's up. (requested by Sluttina)
|inactive|Sluttina has 120 seconds left.
|
|t:|1779858125
|teamsize|p1|6
|teamsize|p2|6
|start
|switch|p1a: Ogerpon|Ogerpon-Wellspring, F|100/100
|switch|p2a: Mamoswine|Mamoswine, F|100/100
|turn|1
|
|t:|1779858153
|move|p1a: Ogerpon|Ivy Cudgel|p2a: Mamoswine|[anim] Ivy Cudgel Water
|-supereffective|p2a: Mamoswine
|-enditem|p2a: Mamoswine|Focus Sash
|-damage|p2a: Mamoswine|1/100
|move|p2a: Mamoswine|Icicle Crash|p1a: Ogerpon
|-damage|p1a: Ogerpon|42/100
|
|upkeep
|turn|2
|inactive|LazyDreamer has 120 seconds left.
|
|t:|1779858169
|switch|p1a: Corviknight|Corviknight, F|100/100
|-ability|p1a: Corviknight|Pressure
|switch|p2a: Latias|Latias, F|100/100
|
|upkeep
|turn|3
|
|t:|1779858181
|-terastallize|p2a: Latias|Electric
|move|p2a: Latias|Thunderbolt|p1a: Corviknight
|-supereffective|p1a: Corviknight
|-damage|p1a: Corviknight|55/100
|move|p1a: Corviknight|Brave Bird|p2a: Latias
|-resisted|p2a: Latias
|-damage|p2a: Latias|82/100
|-damage|p1a: Corviknight|49/100|[from] Recoil
|
|-heal|p2a: Latias|88/100|[from] item: Leftovers
|upkeep
|turn|4
|
|t:|1779858193
|switch|p1a: Raging Bolt|Raging Bolt|100/100
|move|p2a: Latias|Calm Mind|p2a: Latias
|-boost|p2a: Latias|spa|1
|-boost|p2a: Latias|spd|1
|
|-heal|p2a: Latias|94/100|[from] item: Leftovers
|upkeep
|turn|5
|
|t:|1779858206
|move|p2a: Latias|Calm Mind|p2a: Latias
|-boost|p2a: Latias|spa|1
|-boost|p2a: Latias|spd|1
|move|p1a: Raging Bolt|Draco Meteor|p2a: Latias
|-damage|p2a: Latias|51/100
|-unboost|p1a: Raging Bolt|spa|2
|
|-heal|p2a: Latias|57/100|[from] item: Leftovers
|upkeep
|turn|6
|
|t:|1779858215
|-end|p1a: Raging Bolt|Protosynthesis|[silent]
|switch|p1a: Slowking|Slowking-Galar, M|100/100
|move|p2a: Latias|Ice Beam|p1a: Slowking
|-damage|p1a: Slowking|75/100
|
|-heal|p2a: Latias|63/100|[from] item: Leftovers
|upkeep
|turn|7
|
|t:|1779858226
|move|p2a: Latias|Thunderbolt|p1a: Slowking
|-damage|p1a: Slowking|35/100
|move|p1a: Slowking|Toxic|p2a: Latias
|-status|p2a: Latias|tox
|
|-heal|p2a: Latias|69/100 tox|[from] item: Leftovers
|-damage|p2a: Latias|63/100 tox|[from] psn
|upkeep
|turn|8
|
|t:|1779858237
|switch|p1a: Great Tusk|Great Tusk|100/100
|move|p2a: Latias|Ice Beam|p1a: Great Tusk
|-supereffective|p1a: Great Tusk
|-damage|p1a: Great Tusk|0 fnt
|faint|p1a: Great Tusk
|-end|p1a: Great Tusk|Protosynthesis|[silent]
|
|-heal|p2a: Latias|69/100 tox|[from] item: Leftovers
|-damage|p2a: Latias|57/100 tox|[from] psn
|upkeep
|
|t:|1779858242
|switch|p1a: Slowking|Slowking-Galar, M|69/100
|turn|9
|
|t:|1779858253
|move|p2a: Latias|Thunderbolt|p1a: Slowking
|-damage|p1a: Slowking|26/100
|move|p1a: Slowking|Psychic Noise|p2a: Latias
|-damage|p2a: Latias|47/100 tox
|-start|p2a: Latias|move: Heal Block
|
|-damage|p2a: Latias|29/100 tox|[from] psn
|upkeep
|turn|10
|
|t:|1779858265
|switch|p1a: Ogerpon|Ogerpon-Wellspring, F|42/100
|move|p2a: Latias|Ice Beam|p1a: Ogerpon
|-damage|p1a: Ogerpon|0 fnt
|faint|p1a: Ogerpon
|
|-damage|p2a: Latias|4/100 tox|[from] psn
|-end|p2a: Latias|move: Heal Block
|upkeep
|
|t:|1779858273
|switch|p1a: Darkrai|Darkrai|100/100
|turn|11
|
|t:|1779858278
|move|p1a: Darkrai|Dark Pulse|p2a: Latias
|-damage|p2a: Latias|0 fnt
|faint|p2a: Latias
|
|upkeep
|
|t:|1779858289
|switch|p2a: Serperior|Serperior, F|100/100
|turn|12
|
|t:|1779858300
|switch|p1a: Corviknight|Corviknight, F|49/100
|-ability|p1a: Corviknight|Pressure
|move|p2a: Serperior|Glare|p1a: Corviknight
|-status|p1a: Corviknight|par
|
|upkeep
|turn|13
|
|t:|1779858316
|switch|p2a: Corviknight|Corviknight, F|100/100
|move|p1a: Corviknight|Roost|p1a: Corviknight
|-heal|p1a: Corviknight|99/100 par
|-singleturn|p1a: Corviknight|move: Roost
|
|upkeep
|turn|14
|
|t:|1779858332
|switch|p2a: Skeledirge|Skeledirge, F|100/100
|switch|p1a: Raging Bolt|Raging Bolt|100/100
|
|upkeep
|turn|15
|
|t:|1779858340
|switch|p2a: Mamoswine|Mamoswine, F|1/100
|move|p1a: Raging Bolt|Draco Meteor|p2a: Mamoswine
|-damage|p2a: Mamoswine|0 fnt
|-unboost|p1a: Raging Bolt|spa|2
|faint|p2a: Mamoswine
|
|upkeep
|
|t:|1779858352
|switch|p2a: Skeledirge|Skeledirge, F|100/100
|turn|16
|
|t:|1779858360
|move|p1a: Raging Bolt|Draco Meteor|p2a: Skeledirge
|-damage|p2a: Skeledirge|0 fnt
|-unboost|p1a: Raging Bolt|spa|2
|faint|p2a: Skeledirge
|
|upkeep
|-message|LazyDreamer forfeited.
|
|win|Sluttina
|raw|Sluttina's rating: 1385 &rarr; <strong>1402</strong><br />(+17 for winning)
|raw|LazyDreamer's rating: 1339 &rarr; <strong>1322</strong><br />(-17 for losing)
|l|☆LazyDreamer
|player|p2|
|l|☆Sluttina
|player|p1|
