|j|‽tiredss
|j|☆Shea6045
|t:|1779961327
|gametype|singles
|player|p1|tiredss|169|1131
|player|p2|Shea6045|cynthia-gen4|1236
|gen|9
|tier|[Gen 9] OU
|rated|
|rule|HP Percentage Mod: HP is shown in percentages
|rule|Endless Battle Clause: Forcing endless battles is banned
|rule|Species Clause: Limit one of each Pokémon
|rule|OHKO Clause: OHKO moves are banned
|rule|Evasion Items Clause: Evasion items are banned
|rule|Evasion Moves Clause: Evasion moves are banned
|rule|Evasion Abilities Clause: Evasion abilities are banned
|rule|Sleep Moves Clause: Sleep-inducing moves are banned
|clearpoke
|poke|p1|Cresselia, F|
|poke|p1|Kingambit, M|
|poke|p1|Porygon2|
|poke|p1|Hatterene, F|
|poke|p1|Ursaluna, M|
|poke|p1|Glastrier|
|poke|p2|Hoopa|
|poke|p2|Cinderace, M|
|poke|p2|Mandibuzz, F|
|poke|p2|Kyurem|
|poke|p2|Ting-Lu|
|poke|p2|Manaphy|
|teampreview
|inactive|Battle timer is ON: inactive players will automatically lose when time's up. (requested by Shea6045)
|
|t:|1779961333
|teamsize|p1|6
|teamsize|p2|6
|start
|switch|p1a: Hatterene|Hatterene, F|100/100
|switch|p2a: Cinderace|Cinderace, M|100/100
|turn|1
|
|t:|1779961340
|move|p2a: Cinderace|U-turn|p1a: Hatterene
|-start|p2a: Cinderace|typechange|Bug|[from] ability: Libero
|-damage|p1a: Hatterene|62/100
|
|t:|1779961344
|switch|p2a: Ting-Lucifer|Ting-Lu|100/100|[from] U-turn
|-ability|p2a: Ting-Lucifer|Vessel of Ruin
|move|p1a: Hatterene|Trick Room|p1a: Hatterene
|-fieldstart|move: Trick Room|[of] p1a: Hatterene
|
|upkeep
|turn|2
|
|t:|1779961363
|move|p1a: Hatterene|Dazzling Gleam|p2a: Ting-Lucifer
|-supereffective|p2a: Ting-Lucifer
|-damage|p2a: Ting-Lucifer|46/100
|-enditem|p2a: Ting-Lucifer|Weakness Policy
|-boost|p2a: Ting-Lucifer|atk|2|[from] item: Weakness Policy
|-boost|p2a: Ting-Lucifer|spa|2|[from] item: Weakness Policy
|move|p2a: Ting-Lucifer|Heavy Slam|p1a: Hatterene
|-supereffective|p1a: Hatterene
|-damage|p1a: Hatterene|0 fnt
|faint|p1a: Hatterene
|
|upkeep
|inactive|tiredss has 120 seconds left.
|
|t:|1779961391
|switch|p1a: Glastrier|Glastrier|100/100
|turn|3
|
|t:|1779961396
|-terastallize|p1a: Glastrier|Ice
|move|p1a: Glastrier|Icicle Crash|p2a: Ting-Lucifer
|-supereffective|p2a: Ting-Lucifer
|-damage|p2a: Ting-Lucifer|0 fnt
|faint|p2a: Ting-Lucifer
|-ability|p1a: Glastrier|Chilling Neigh|boost
|-boost|p1a: Glastrier|atk|1
|
|upkeep
|
|t:|1779961405
|switch|p2a: Manaphy|Manaphy|100/100
|turn|4
|
|t:|1779961412
|move|p1a: Glastrier|Icicle Crash|p2a: Manaphy
|-resisted|p2a: Manaphy
|-damage|p2a: Manaphy|39/100
|move|p2a: Manaphy|Scald|p1a: Glastrier
|-damage|p1a: Glastrier|77/100
|
|-heal|p2a: Manaphy|46/100|[from] item: Leftovers
|upkeep
|turn|5
|
|t:|1779961422
|move|p1a: Glastrier|Icicle Crash|p2a: Manaphy
|-resisted|p2a: Manaphy
|-damage|p2a: Manaphy|0 fnt
|faint|p2a: Manaphy
|-ability|p1a: Glastrier|Chilling Neigh|boost
|-boost|p1a: Glastrier|atk|1
|
|-fieldend|move: Trick Room
|upkeep
|
|t:|1779961430
|switch|p2a: Cinderace|Cinderace, M|100/100
|turn|6
|
|t:|1779961441
|switch|p1a: Cresselia|Cresselia, F|100/100
|move|p2a: Cinderace|High Jump Kick|p1a: Cresselia|[miss]
|-start|p2a: Cinderace|typechange|Fighting|[from] ability: Libero
|-miss|p2a: Cinderace|p1a: Cresselia
|-damage|p2a: Cinderace|51/100|[from] highjumpkick
|
|upkeep
|turn|7
|-message|Shea6045 forfeited.
|
|win|tiredss
|raw|tiredss's rating: 1131 &rarr; <strong>1163</strong><br />(+32 for winning)
|raw|Shea6045's rating: 1236 &rarr; <strong>1204</strong><br />(-32 for losing)
|l|☆Shea6045
|player|p2|
|l|‽tiredss
|player|p1|
