|badge|p1|bronze|gen9ou|100-9
|uhtml|medal-msg|<div class="broadcast-blue">Curious what those medals under the avatar are? PS now has Ladder Seasons! For more information, check out the <a href="https://www.smogon.com/forums/threads/3740067/">thread on Smogon.</a></div>
|badge|p2|silver|gen9ou|30-9
|uhtml|medal-msg|<div class="broadcast-blue">Curious what those medals under the avatar are? PS now has Ladder Seasons! For more information, check out the <a href="https://www.smogon.com/forums/threads/3740067/">thread on Smogon.</a></div>
|j|☆Auburn Hills
|j|☆slitherwing ily ><
|t:|1779969872
|gametype|singles
|player|p1|Auburn Hills|alder|1818
|player|p2|slitherwing ily ><|iono-masters|1929
|gen|9
|tier|[Gen 9] OU
|rated|
|rule|HP Percentage Mod: HP is shown in percentages
|rule|Endless Battle Clause: Forcing endless battles is banned
|rule|Species Clause: Limit one of each Pokémon
|rule|OHKO Clause: OHKO moves are banned
|rule|Evasion Items Clause: Evasion items are banned
|rule|Evasion Moves Clause: Evasion moves are banned
|rule|Evasion Abilities Clause: Evasion abilities are banned
|rule|Sleep Moves Clause: Sleep-inducing moves are banned
|clearpoke
|poke|p1|Iron Moth|
|poke|p1|Umbreon, M|
|poke|p1|Garchomp, F|
|poke|p1|Glimmora, F|
|poke|p1|Gholdengo|
|poke|p1|Dragonite, M|
|poke|p2|Great Tusk|
|poke|p2|Kingambit, F|
|poke|p2|Raging Bolt|
|poke|p2|Walking Wake|
|poke|p2|Ninetales, M|
|poke|p2|Ceruledge, F|
|teampreview
|c|☆slitherwing ily ><|hf
|
|t:|1779969887
|teamsize|p1|6
|teamsize|p2|6
|start
|switch|p1a: Julia Jacklin|Glimmora, F|100/100
|switch|p2a: Resevoir slogs|Walking Wake|100/100
|turn|1
|
|t:|1779969892
|move|p2a: Resevoir slogs|Hydro Steam|p1a: Julia Jacklin
|-supereffective|p1a: Julia Jacklin
|-enditem|p1a: Julia Jacklin|Focus Sash
|-damage|p1a: Julia Jacklin|1/100
|move|p1a: Julia Jacklin|Stealth Rock|p2a: Resevoir slogs
|-sidestart|p2: slitherwing ily ><|move: Stealth Rock
|
|upkeep
|turn|2
|
|t:|1779969897
|switch|p1a: Alvvays|Umbreon, M|100/100
|move|p2a: Resevoir slogs|Hydro Steam|p1a: Alvvays
|-damage|p1a: Alvvays|75/100
|
|-heal|p1a: Alvvays|81/100|[from] item: Leftovers
|upkeep
|turn|3
|
|t:|1779969902
|-end|p2a: Resevoir slogs|Protosynthesis|[silent]
|switch|p2a: nah i'd spin|Great Tusk|100/100
|-damage|p2a: nah i'd spin|98/100|[from] Stealth Rock
|move|p1a: Alvvays|Thunder Wave|p2a: nah i'd spin
|-immune|p2a: nah i'd spin
|
|-heal|p1a: Alvvays|88/100|[from] item: Leftovers
|upkeep
|turn|4
|
|t:|1779969906
|switch|p1a: Smino|Gholdengo|100/100
|move|p2a: nah i'd spin|Headlong Rush|p1a: Smino
|-supereffective|p1a: Smino
|-damage|p1a: Smino|0 fnt
|-unboost|p2a: nah i'd spin|def|1
|-unboost|p2a: nah i'd spin|spd|1
|faint|p1a: Smino
|
|upkeep
|
|t:|1779969910
|switch|p1a: Carly Rae|Iron Moth|100/100
|-enditem|p1a: Carly Rae|Booster Energy
|-activate|p1a: Carly Rae|ability: Quark Drive|[fromitem]
|-start|p1a: Carly Rae|quarkdrivespe
|turn|5
|
|t:|1779969915
|move|p1a: Carly Rae|Dazzling Gleam|p2a: nah i'd spin
|-supereffective|p2a: nah i'd spin
|-damage|p2a: nah i'd spin|18/100
|move|p2a: nah i'd spin|Headlong Rush|p1a: Carly Rae
|-supereffective|p1a: Carly Rae
|-damage|p1a: Carly Rae|0 fnt
|-unboost|p2a: nah i'd spin|def|1
|-unboost|p2a: nah i'd spin|spd|1
|faint|p1a: Carly Rae
|-end|p1a: Carly Rae|Quark Drive|[silent]
|
|upkeep
|
|t:|1779969918
|switch|p1a: Rat Tally|Garchomp, F|100/100
|turn|6
|
|t:|1779969930
|move|p1a: Rat Tally|Scale Shot|p2a: nah i'd spin
|-damage|p2a: nah i'd spin|0 fnt
|faint|p2a: nah i'd spin
|-end|p2a: nah i'd spin|Protosynthesis|[silent]
|-hitcount|p2: nah i'd spin|1
|-unboost|p1a: Rat Tally|def|1
|-boost|p1a: Rat Tally|spe|1
|
|upkeep
|
|t:|1779969933
|switch|p2a: 2.f4|Kingambit, F|100/100
|-damage|p2a: 2.f4|94/100|[from] Stealth Rock
|-activate|p2a: 2.f4|ability: Supreme Overlord
|-start|p2a: 2.f4|fallen1|[silent]
|-item|p2a: 2.f4|Air Balloon
|turn|7
|
|t:|1779969937
|move|p1a: Rat Tally|Scale Shot|p2a: 2.f4|[miss]
|-miss|p1a: Rat Tally|p2a: 2.f4
|move|p2a: 2.f4|Kowtow Cleave|p1a: Rat Tally
|-damage|p1a: Rat Tally|20/100
|-damage|p2a: 2.f4|82/100|[from] ability: Rough Skin|[of] p1a: Rat Tally
|
|upkeep
|turn|8
|
|t:|1779969941
|switch|p1a: Alvvays|Umbreon, M|88/100
|move|p2a: 2.f4|Sucker Punch||[still]
|-fail|p2a: 2.f4
|
|-heal|p1a: Alvvays|94/100|[from] item: Leftovers
|upkeep
|turn|9
|
|t:|1779969944
|move|p2a: 2.f4|Swords Dance|p2a: 2.f4
|-boost|p2a: 2.f4|atk|2
|move|p1a: Alvvays|Thunder Wave|p2a: 2.f4
|-status|p2a: 2.f4|par
|
|-heal|p1a: Alvvays|99/100|[from] item: Leftovers
|upkeep
|turn|10
|
|t:|1779969947
|move|p1a: Alvvays|Foul Play|p2a: 2.f4
|-resisted|p2a: 2.f4
|-damage|p2a: 2.f4|33/100 par
|-enditem|p2a: 2.f4|Air Balloon
|move|p2a: 2.f4|Iron Head|p1a: Alvvays
|-damage|p1a: Alvvays|14/100
|
|-heal|p1a: Alvvays|20/100|[from] item: Leftovers
|upkeep
|turn|11
|
|t:|1779969951
|move|p1a: Alvvays|Protect|p1a: Alvvays
|-singleturn|p1a: Alvvays|Protect
|move|p2a: 2.f4|Iron Head|p1a: Alvvays
|-activate|p1a: Alvvays|move: Protect
|
|-heal|p1a: Alvvays|26/100|[from] item: Leftovers
|upkeep
|turn|12
|
|t:|1779969953
|switch|p1a: Julia Jacklin|Glimmora, F|1/100
|move|p2a: 2.f4|Sucker Punch||[still]
|-fail|p2a: 2.f4
|
|upkeep
|turn|13
|
|t:|1779969957
|move|p1a: Julia Jacklin|Earth Power|p2a: 2.f4
|-supereffective|p2a: 2.f4
|-damage|p2a: 2.f4|0 fnt
|faint|p2a: 2.f4
|-end|p2a: 2.f4|fallen1|[silent]
|
|upkeep
|
|t:|1779969962
|switch|p2a: Naruto|Ninetales, M|100/100
|-damage|p2a: Naruto|76/100|[from] Stealth Rock
|-weather|SunnyDay|[from] ability: Drought|[of] p2a: Naruto
|turn|14
|
|t:|1779969965
|move|p2a: Naruto|Overheat|p1a: Julia Jacklin
|-resisted|p1a: Julia Jacklin
|-damage|p1a: Julia Jacklin|0 fnt
|-unboost|p2a: Naruto|spa|2
|faint|p1a: Julia Jacklin
|
|-weather|SunnyDay|[upkeep]
|upkeep
|
|t:|1779969967
|switch|p1a: Elucid|Dragonite, M|100/100
|turn|15
|
|t:|1779969970
|move|p2a: Naruto|Will-O-Wisp|p1a: Elucid
|-status|p1a: Elucid|brn
|move|p1a: Elucid|Dragon Dance|p1a: Elucid
|-boost|p1a: Elucid|atk|1
|-boost|p1a: Elucid|spe|1
|
|-weather|SunnyDay|[upkeep]
|-damage|p1a: Elucid|94/100 brn|[from] brn
|upkeep
|turn|16
|
|t:|1779969973
|switch|p2a: Red judas|Ceruledge, F|100/100
|-damage|p2a: Red judas|76/100|[from] Stealth Rock
|-item|p2a: Red judas|Air Balloon
|move|p1a: Elucid|Dragon Dance|p1a: Elucid
|-boost|p1a: Elucid|atk|1
|-boost|p1a: Elucid|spe|1
|
|-weather|SunnyDay|[upkeep]
|-damage|p1a: Elucid|88/100 brn|[from] brn
|upkeep
|turn|17
|
|t:|1779969980
|move|p1a: Elucid|Ice Spinner|p2a: Red judas
|-resisted|p2a: Red judas
|-damage|p2a: Red judas|54/100
|-ability|p2a: Red judas|Weak Armor|boost
|-unboost|p2a: Red judas|def|1
|-boost|p2a: Red judas|spe|2
|-enditem|p2a: Red judas|Air Balloon
|move|p2a: Red judas|Poltergeist|p1a: Elucid
|-activate|p1a: Elucid|move: Poltergeist|Heavy-Duty Boots
|-damage|p1a: Elucid|17/100 brn
|
|-weather|SunnyDay|[upkeep]
|-damage|p1a: Elucid|11/100 brn|[from] brn
|upkeep
|turn|18
|
|t:|1779969983
|move|p1a: Elucid|Earthquake|p2a: Red judas
|-supereffective|p2a: Red judas
|-damage|p2a: Red judas|0 fnt
|faint|p2a: Red judas
|
|-weather|SunnyDay|[upkeep]
|-damage|p1a: Elucid|5/100 brn|[from] brn
|upkeep
|
|t:|1779969997
|switch|p2a: Angry Nut|Raging Bolt|100/100
|-damage|p2a: Angry Nut|88/100|[from] Stealth Rock
|-activate|p2a: Angry Nut|ability: Protosynthesis
|-start|p2a: Angry Nut|protosynthesisspa
|turn|19
|
|t:|1779969999
|move|p2a: Angry Nut|Thunderclap|p1a: Elucid
|-damage|p1a: Elucid|0 fnt
|faint|p1a: Elucid
|-damage|p2a: Angry Nut|78/100|[from] item: Life Orb
|
|-weather|SunnyDay|[upkeep]
|upkeep
|
|t:|1779970002
|switch|p1a: Rat Tally|Garchomp, F|20/100
|turn|20
|
|t:|1779970004
|move|p1a: Rat Tally|Scale Shot|p2a: Angry Nut
|-supereffective|p2a: Angry Nut
|-damage|p2a: Angry Nut|53/100
|-supereffective|p2a: Angry Nut
|-damage|p2a: Angry Nut|31/100
|-supereffective|p2a: Angry Nut
|-damage|p2a: Angry Nut|7/100
|-supereffective|p2a: Angry Nut
|-damage|p2a: Angry Nut|0 fnt
|faint|p2a: Angry Nut
|-end|p2a: Angry Nut|Protosynthesis|[silent]
|-hitcount|p2: Angry Nut|4
|-unboost|p1a: Rat Tally|def|1
|-boost|p1a: Rat Tally|spe|1
|
|-weather|SunnyDay|[upkeep]
|upkeep
|
|t:|1779970006
|switch|p2a: Resevoir slogs|Walking Wake|100/100
|-damage|p2a: Resevoir slogs|88/100|[from] Stealth Rock
|-activate|p2a: Resevoir slogs|ability: Protosynthesis
|-start|p2a: Resevoir slogs|protosynthesisspe
|turn|21
|
|t:|1779970009
|move|p2a: Resevoir slogs|Hydro Steam|p1a: Rat Tally
|-damage|p1a: Rat Tally|0 fnt
|faint|p1a: Rat Tally
|
|-weather|none
|-end|p2a: Resevoir slogs|Protosynthesis
|upkeep
|
|t:|1779970011
|switch|p1a: Alvvays|Umbreon, M|26/100
|turn|22
|
|t:|1779970016
|-end|p2a: Resevoir slogs|Protosynthesis|[silent]
|switch|p2a: Naruto|Ninetales, M|76/100
|-damage|p2a: Naruto|51/100|[from] Stealth Rock
|-weather|SunnyDay|[from] ability: Drought|[of] p2a: Naruto
|move|p1a: Alvvays|Protect||[still]
|-fail|p1a: Alvvays
|
|-weather|SunnyDay|[upkeep]
|-heal|p1a: Alvvays|33/100|[from] item: Leftovers
|upkeep
|turn|23
|
|t:|1779970018
|move|p1a: Alvvays|Protect|p1a: Alvvays
|-singleturn|p1a: Alvvays|Protect
|move|p2a: Naruto|Encore|p1a: Alvvays
|-activate|p1a: Alvvays|move: Protect
|
|-weather|SunnyDay|[upkeep]
|-heal|p1a: Alvvays|39/100|[from] item: Leftovers
|upkeep
|turn|24
|
|t:|1779970025
|move|p2a: Naruto|Encore|p1a: Alvvays
|-start|p1a: Alvvays|Encore
|move|p1a: Alvvays|Protect||[still]
|-fail|p1a: Alvvays
|
|-weather|SunnyDay|[upkeep]
|-heal|p1a: Alvvays|45/100|[from] item: Leftovers
|upkeep
|turn|25
|
|t:|1779970031
|move|p1a: Alvvays|Protect|p1a: Alvvays
|-singleturn|p1a: Alvvays|Protect
|move|p2a: Naruto|Overheat|p1a: Alvvays
|-activate|p1a: Alvvays|move: Protect
|
|-weather|SunnyDay|[upkeep]
|-heal|p1a: Alvvays|51/100|[from] item: Leftovers
|upkeep
|turn|26
|
|t:|1779970034
|move|p1a: Alvvays|Protect||[still]
|-fail|p1a: Alvvays
|move|p2a: Naruto|Overheat|p1a: Alvvays
|-damage|p1a: Alvvays|13/100
|-unboost|p2a: Naruto|spa|2
|
|-weather|SunnyDay|[upkeep]
|-heal|p1a: Alvvays|19/100|[from] item: Leftovers
|-end|p1a: Alvvays|Encore
|upkeep
|turn|27
|
|t:|1779970038
|move|p2a: Naruto|Encore|p1a: Alvvays
|-start|p1a: Alvvays|Encore
|move|p1a: Alvvays|Protect||[still]
|-fail|p1a: Alvvays
|
|-weather|SunnyDay|[upkeep]
|-heal|p1a: Alvvays|25/100|[from] item: Leftovers
|upkeep
|turn|28
|
|t:|1779970040
|move|p1a: Alvvays|Protect|p1a: Alvvays
|-singleturn|p1a: Alvvays|Protect
|move|p2a: Naruto|Will-O-Wisp|p1a: Alvvays
|-activate|p1a: Alvvays|move: Protect
|
|-weather|SunnyDay|[upkeep]
|-heal|p1a: Alvvays|32/100|[from] item: Leftovers
|upkeep
|turn|29
|
|t:|1779970043
|move|p1a: Alvvays|Protect||[still]
|-fail|p1a: Alvvays
|move|p2a: Naruto|Will-O-Wisp|p1a: Alvvays
|-status|p1a: Alvvays|brn
|
|-weather|none
|-heal|p1a: Alvvays|38/100 brn|[from] item: Leftovers
|-damage|p1a: Alvvays|32/100 brn|[from] brn
|-end|p1a: Alvvays|Encore
|upkeep
|turn|30
|
|t:|1779970046
|move|p2a: Naruto|Encore|p1a: Alvvays
|-start|p1a: Alvvays|Encore
|move|p1a: Alvvays|Protect||[still]
|-fail|p1a: Alvvays
|
|-heal|p1a: Alvvays|38/100 brn|[from] item: Leftovers
|-damage|p1a: Alvvays|32/100 brn|[from] brn
|upkeep
|turn|31
|-message|Auburn Hills forfeited.
|
|win|slitherwing ily ><
|raw|Auburn Hills's rating: 1818 &rarr; <strong>1804</strong><br />(-14 for losing)
|raw|slitherwing ily &gt;&lt;'s rating: 1929 &rarr; <strong>1943</strong><br />(+14 for winning)
|l|☆Auburn Hills
|player|p1|
|l|☆slitherwing ily ><
|player|p2|
