|j|☆adil
|j|☆isaac_gam3r
|t:|1779889431
|gametype|singles
|player|p1|adil|102|1789
|player|p2|isaac_gam3r|acetrainer-gen4dp|1769
|gen|9
|tier|[Gen 9] OU
|rated|
|rule|HP Percentage Mod: HP is shown in percentages
|rule|Endless Battle Clause: Forcing endless battles is banned
|rule|Species Clause: Limit one of each Pokémon
|rule|OHKO Clause: OHKO moves are banned
|rule|Evasion Items Clause: Evasion items are banned
|rule|Evasion Moves Clause: Evasion moves are banned
|rule|Evasion Abilities Clause: Evasion abilities are banned
|rule|Sleep Moves Clause: Sleep-inducing moves are banned
|clearpoke
|poke|p1|Kyurem|
|poke|p1|Corviknight, F|
|poke|p1|Ting-Lu|
|poke|p1|Dondozo, F|
|poke|p1|Slowking-Galar, F|
|poke|p1|Cinderace, F|
|poke|p2|Primarina, F|
|poke|p2|Raging Bolt|
|poke|p2|Heatran, M|
|poke|p2|Weezing-Galar, M|
|poke|p2|Garchomp, M|
|poke|p2|Weavile, M|
|teampreview
|inactive|Battle timer is ON: inactive players will automatically lose when time's up. (requested by isaac_gam3r)
|
|t:|1779889438
|teamsize|p1|6
|teamsize|p2|6
|start
|switch|p1a: Kyurem|Kyurem|100/100
|switch|p2a: Primarina|Primarina, F, shiny|100/100
|-ability|p1a: Kyurem|Pressure
|turn|1
|
|t:|1779889441
|move|p1a: Kyurem|Protect|p1a: Kyurem
|-singleturn|p1a: Kyurem|Protect
|move|p2a: Primarina|Draining Kiss|p1a: Kyurem
|-activate|p1a: Kyurem|move: Protect
|
|upkeep
|turn|2
|
|t:|1779889445
|move|p1a: Kyurem|Substitute|p1a: Kyurem
|-start|p1a: Kyurem|Substitute
|-damage|p1a: Kyurem|75/100
|move|p2a: Primarina|Calm Mind|p2a: Primarina
|-boost|p2a: Primarina|spa|1
|-boost|p2a: Primarina|spd|1
|
|-heal|p1a: Kyurem|82/100|[from] item: Leftovers
|upkeep
|turn|3
|
|t:|1779889451
|move|p1a: Kyurem|Freeze-Dry|p2a: Primarina
|-supereffective|p2a: Primarina
|-damage|p2a: Primarina|62/100
|move|p2a: Primarina|Calm Mind|p2a: Primarina
|-boost|p2a: Primarina|spa|1
|-boost|p2a: Primarina|spd|1
|
|-heal|p1a: Kyurem|88/100|[from] item: Leftovers
|-heal|p2a: Primarina|68/100|[from] item: Leftovers
|upkeep
|turn|4
|
|t:|1779889456
|move|p1a: Kyurem|Protect|p1a: Kyurem
|-singleturn|p1a: Kyurem|Protect
|move|p2a: Primarina|Sparkling Aria|p1a: Kyurem
|-activate|p1a: Kyurem|move: Protect
|
|-heal|p1a: Kyurem|94/100|[from] item: Leftovers
|-heal|p2a: Primarina|74/100|[from] item: Leftovers
|upkeep
|turn|5
|
|t:|1779889459
|move|p1a: Kyurem|Freeze-Dry|p2a: Primarina
|-supereffective|p2a: Primarina
|-damage|p2a: Primarina|44/100
|move|p2a: Primarina|Calm Mind|p2a: Primarina
|-boost|p2a: Primarina|spa|1
|-boost|p2a: Primarina|spd|1
|
|-heal|p1a: Kyurem|99/100|[from] item: Leftovers
|-heal|p2a: Primarina|50/100|[from] item: Leftovers
|upkeep
|turn|6
|
|t:|1779889465
|move|p1a: Kyurem|Freeze-Dry|p2a: Primarina
|-supereffective|p2a: Primarina
|-damage|p2a: Primarina|25/100
|move|p2a: Primarina|Draining Kiss|p1a: Kyurem
|-supereffective|p1a: Kyurem
|-end|p1a: Kyurem|Substitute
|-heal|p2a: Primarina|46/100|[from] drain|[of] p1a: Kyurem
|
|-heal|p1a: Kyurem|100/100|[from] item: Leftovers
|-heal|p2a: Primarina|52/100|[from] item: Leftovers
|upkeep
|turn|7
|
|t:|1779889475
|switch|p1a: Dondozo|Dondozo, F|100/100
|move|p2a: Primarina|Sparkling Aria|p1a: Dondozo
|-resisted|p1a: Dondozo
|-crit|p1a: Dondozo
|-damage|p1a: Dondozo|76/100
|
|-heal|p2a: Primarina|58/100|[from] item: Leftovers
|-heal|p1a: Dondozo|82/100|[from] item: Leftovers
|upkeep
|turn|8
|
|t:|1779889482
|move|p2a: Primarina|Draining Kiss|p1a: Dondozo
|-damage|p1a: Dondozo|66/100
|-heal|p2a: Primarina|75/100|[from] drain|[of] p1a: Dondozo
|move|p1a: Dondozo|Curse|p1a: Dondozo
|-unboost|p1a: Dondozo|spe|1
|-boost|p1a: Dondozo|atk|1
|-boost|p1a: Dondozo|def|1
|
|-heal|p2a: Primarina|81/100|[from] item: Leftovers
|-heal|p1a: Dondozo|72/100|[from] item: Leftovers
|upkeep
|turn|9
|
|t:|1779889485
|move|p2a: Primarina|Draining Kiss|p1a: Dondozo
|-damage|p1a: Dondozo|54/100
|-heal|p2a: Primarina|99/100|[from] drain|[of] p1a: Dondozo
|move|p1a: Dondozo|Curse|p1a: Dondozo
|-unboost|p1a: Dondozo|spe|1
|-boost|p1a: Dondozo|atk|1
|-boost|p1a: Dondozo|def|1
|
|-heal|p2a: Primarina|100/100|[from] item: Leftovers
|-heal|p1a: Dondozo|60/100|[from] item: Leftovers
|upkeep
|turn|10
|
|t:|1779889488
|move|p2a: Primarina|Draining Kiss|p1a: Dondozo
|-damage|p1a: Dondozo|41/100
|move|p1a: Dondozo|Waterfall|p2a: Primarina
|-resisted|p2a: Primarina
|-damage|p2a: Primarina|66/100
|
|-heal|p2a: Primarina|72/100|[from] item: Leftovers
|-heal|p1a: Dondozo|47/100|[from] item: Leftovers
|upkeep
|turn|11
|
|t:|1779889494
|move|p2a: Primarina|Draining Kiss|p1a: Dondozo
|-damage|p1a: Dondozo|30/100
|-heal|p2a: Primarina|89/100|[from] drain|[of] p1a: Dondozo
|move|p1a: Dondozo|Curse|p1a: Dondozo
|-unboost|p1a: Dondozo|spe|1
|-boost|p1a: Dondozo|atk|1
|-boost|p1a: Dondozo|def|1
|
|-heal|p2a: Primarina|95/100|[from] item: Leftovers
|-heal|p1a: Dondozo|36/100|[from] item: Leftovers
|upkeep
|turn|12
|
|t:|1779889497
|move|p2a: Primarina|Draining Kiss|p1a: Dondozo
|-damage|p1a: Dondozo|18/100
|-heal|p2a: Primarina|100/100|[from] drain|[of] p1a: Dondozo
|move|p1a: Dondozo|Rest|p1a: Dondozo
|-status|p1a: Dondozo|slp|[from] move: Rest
|-heal|p1a: Dondozo|100/100 slp|[silent]
|
|upkeep
|turn|13
|
|t:|1779889500
|switch|p2a: Raging Bolt|Raging Bolt|100/100
|cant|p1a: Dondozo|slp
|
|upkeep
|turn|14
|
|t:|1779889503
|switch|p1a: Ting-Lu|Ting-Lu|100/100
|-ability|p1a: Ting-Lu|Vessel of Ruin
|move|p2a: Raging Bolt|Calm Mind|p2a: Raging Bolt
|-boost|p2a: Raging Bolt|spa|1
|-boost|p2a: Raging Bolt|spd|1
|
|upkeep
|turn|15
|
|t:|1779889510
|-terastallize|p2a: Raging Bolt|Fairy
|move|p2a: Raging Bolt|Dragon Pulse|p1a: Ting-Lu
|-damage|p1a: Ting-Lu|72/100
|move|p1a: Ting-Lu|Earthquake|p2a: Raging Bolt
|-damage|p2a: Raging Bolt|68/100
|
|-heal|p2a: Raging Bolt|74/100|[from] item: Leftovers
|-heal|p1a: Ting-Lu|78/100|[from] item: Leftovers
|upkeep
|turn|16
|
|t:|1779889514
|move|p2a: Raging Bolt|Dragon Pulse|p1a: Ting-Lu
|-damage|p1a: Ting-Lu|48/100
|move|p1a: Ting-Lu|Stealth Rock|p2a: Raging Bolt
|-sidestart|p2: isaac_gam3r|move: Stealth Rock
|
|-heal|p2a: Raging Bolt|80/100|[from] item: Leftovers
|-heal|p1a: Ting-Lu|54/100|[from] item: Leftovers
|upkeep
|turn|17
|
|t:|1779889526
|move|p2a: Raging Bolt|Calm Mind|p2a: Raging Bolt
|-boost|p2a: Raging Bolt|spa|1
|-boost|p2a: Raging Bolt|spd|1
|move|p1a: Ting-Lu|Whirlwind|p2a: Raging Bolt
|-end|p2a: Raging Bolt|Protosynthesis|[silent]
|drag|p2a: Weavile|Weavile, M|100/100
|-damage|p2a: Weavile|76/100|[from] Stealth Rock
|-ability|p2a: Weavile|Pressure
|
|-heal|p1a: Ting-Lu|60/100|[from] item: Leftovers
|upkeep
|turn|18
|
|t:|1779889530
|switch|p1a: Corviknight|Corviknight, F|100/100
|-ability|p1a: Corviknight|Pressure
|move|p2a: Weavile|Triple Axel|p1a: Corviknight
|-crit|p1a: Corviknight
|-damage|p1a: Corviknight|91/100
|-hitcount|p1a: Corviknight|1
|
|-heal|p1a: Corviknight|97/100|[from] item: Leftovers
|upkeep
|turn|19
|
|t:|1779889537
|move|p2a: Weavile|Knock Off|p1a: Corviknight
|-damage|p1a: Corviknight|71/100
|-enditem|p1a: Corviknight|Leftovers|[from] move: Knock Off|[of] p2a: Weavile
|move|p1a: Corviknight|U-turn|p2a: Weavile
|-supereffective|p2a: Weavile
|-damage|p2a: Weavile|21/100
|
|t:|1779889545
|switch|p1a: Dondozo|Dondozo, F|100/100 slp|[from] U-turn
|
|upkeep
|turn|20
|
|t:|1779889547
|switch|p1a: Corviknight|Corviknight, F|71/100
|-ability|p1a: Corviknight|Pressure
|move|p2a: Weavile|Knock Off|p1a: Corviknight
|-damage|p1a: Corviknight|53/100
|
|upkeep
|turn|21
|
|t:|1779889553
|switch|p2a: Heatran|Heatran, M|100/100
|-damage|p2a: Heatran|88/100|[from] Stealth Rock
|move|p1a: Corviknight|Roost|p1a: Corviknight
|-heal|p1a: Corviknight|100/100
|-singleturn|p1a: Corviknight|move: Roost
|
|upkeep
|turn|22
|
|t:|1779889557
|switch|p1a: Ting-Lu|Ting-Lu|60/100
|-ability|p1a: Ting-Lu|Vessel of Ruin
|move|p2a: Heatran|Lava Plume|p1a: Ting-Lu
|-damage|p1a: Ting-Lu|42/100
|
|-heal|p1a: Ting-Lu|48/100|[from] item: Leftovers
|upkeep
|turn|23
|
|t:|1779889564
|move|p2a: Heatran|Lava Plume|p1a: Ting-Lu
|-damage|p1a: Ting-Lu|32/100
|move|p1a: Ting-Lu|Earthquake|p2a: Heatran
|-supereffective|p2a: Heatran
|-damage|p2a: Heatran|0 fnt
|faint|p2a: Heatran
|
|-heal|p1a: Ting-Lu|38/100|[from] item: Leftovers
|upkeep
|
|t:|1779889568
|switch|p2a: Primarina|Primarina, F, shiny|100/100
|-damage|p2a: Primarina|88/100|[from] Stealth Rock
|turn|24
|
|t:|1779889571
|switch|p1a: Slowking|Slowking-Galar, F|100/100
|move|p2a: Primarina|Calm Mind|p2a: Primarina
|-boost|p2a: Primarina|spa|1
|-boost|p2a: Primarina|spd|1
|
|-heal|p2a: Primarina|94/100|[from] item: Leftovers
|upkeep
|turn|25
|
|t:|1779889575
|move|p2a: Primarina|Calm Mind|p2a: Primarina
|-boost|p2a: Primarina|spa|1
|-boost|p2a: Primarina|spd|1
|move|p1a: Slowking|Sludge Bomb|p2a: Primarina
|-supereffective|p2a: Primarina
|-damage|p2a: Primarina|69/100
|
|-heal|p2a: Primarina|75/100|[from] item: Leftovers
|upkeep
|turn|26
|
|t:|1779889578
|move|p2a: Primarina|Sparkling Aria|p1a: Slowking
|-damage|p1a: Slowking|44/100
|move|p1a: Slowking|Toxic|p2a: Primarina
|-status|p2a: Primarina|tox
|
|-heal|p2a: Primarina|81/100 tox|[from] item: Leftovers
|-damage|p2a: Primarina|75/100 tox|[from] psn
|upkeep
|turn|27
|
|t:|1779889581
|switch|p1a: Dondozo|Dondozo, F|100/100 slp
|move|p2a: Primarina|Sparkling Aria|p1a: Dondozo
|-resisted|p1a: Dondozo
|-damage|p1a: Dondozo|84/100 slp
|
|-heal|p2a: Primarina|81/100 tox|[from] item: Leftovers
|-heal|p1a: Dondozo|90/100 slp|[from] item: Leftovers
|-damage|p2a: Primarina|69/100 tox|[from] psn
|upkeep
|turn|28
|
|t:|1779889586
|switch|p2a: Raging Bolt|Raging Bolt, tera:Fairy|80/100
|-damage|p2a: Raging Bolt|68/100|[from] Stealth Rock
|cant|p1a: Dondozo|slp
|
|-heal|p2a: Raging Bolt|74/100|[from] item: Leftovers
|-heal|p1a: Dondozo|97/100 slp|[from] item: Leftovers
|upkeep
|turn|29
|
|t:|1779889593
|switch|p1a: Slowking|Slowking-Galar, F|77/100
|move|p2a: Raging Bolt|Calm Mind|p2a: Raging Bolt
|-boost|p2a: Raging Bolt|spa|1
|-boost|p2a: Raging Bolt|spd|1
|
|-heal|p2a: Raging Bolt|80/100|[from] item: Leftovers
|upkeep
|turn|30
|
|t:|1779889600
|move|p2a: Raging Bolt|Thunderbolt|p1a: Slowking
|-damage|p1a: Slowking|33/100
|-status|p1a: Slowking|par
|move|p1a: Slowking|Toxic|p2a: Raging Bolt
|-status|p2a: Raging Bolt|tox
|
|-heal|p2a: Raging Bolt|86/100 tox|[from] item: Leftovers
|-damage|p2a: Raging Bolt|80/100 tox|[from] psn
|upkeep
|turn|31
|
|t:|1779889609
|switch|p1a: Corviknight|Corviknight, F|100/100
|-ability|p1a: Corviknight|Pressure
|move|p2a: Raging Bolt|Dragon Pulse|p1a: Corviknight
|-resisted|p1a: Corviknight
|-damage|p1a: Corviknight|67/100
|
|-heal|p2a: Raging Bolt|86/100 tox|[from] item: Leftovers
|-damage|p2a: Raging Bolt|74/100 tox|[from] psn
|upkeep
|turn|32
|
|t:|1779889616
|switch|p1a: Ting-Lu|Ting-Lu|38/100
|-ability|p1a: Ting-Lu|Vessel of Ruin
|move|p2a: Raging Bolt|Dragon Pulse|p1a: Ting-Lu
|-damage|p1a: Ting-Lu|5/100
|
|-heal|p2a: Raging Bolt|80/100 tox|[from] item: Leftovers
|-heal|p1a: Ting-Lu|11/100|[from] item: Leftovers
|-damage|p2a: Raging Bolt|62/100 tox|[from] psn
|upkeep
|turn|33
|
|t:|1779889623
|switch|p1a: Slowking|Slowking-Galar, F|66/100 par
|move|p2a: Raging Bolt|Dragon Pulse|p1a: Slowking
|-damage|p1a: Slowking|21/100 par
|
|-heal|p2a: Raging Bolt|68/100 tox|[from] item: Leftovers
|-damage|p2a: Raging Bolt|43/100 tox|[from] psn
|upkeep
|turn|34
|c|☆isaac_gam3r|Aburrrudo
|
|t:|1779889636
|switch|p1a: Ting-Lu|Ting-Lu|11/100
|-ability|p1a: Ting-Lu|Vessel of Ruin
|move|p2a: Raging Bolt|Dragon Pulse|p1a: Ting-Lu
|-damage|p1a: Ting-Lu|0 fnt
|faint|p1a: Ting-Lu
|
|-heal|p2a: Raging Bolt|49/100 tox|[from] item: Leftovers
|-damage|p2a: Raging Bolt|19/100 tox|[from] psn
|upkeep
|
|t:|1779889638
|switch|p1a: Kyurem|Kyurem|100/100
|-ability|p1a: Kyurem|Pressure
|turn|35
|
|t:|1779889644
|-end|p2a: Raging Bolt|Protosynthesis|[silent]
|switch|p2a: Weezing|Weezing-Galar, M, shiny|100/100
|-damage|p2a: Weezing|88/100|[from] Stealth Rock
|move|p1a: Kyurem|Substitute|p1a: Kyurem
|-start|p1a: Kyurem|Substitute
|-damage|p1a: Kyurem|75/100
|
|-heal|p1a: Kyurem|82/100|[from] item: Leftovers
|-heal|p2a: Weezing|94/100|[from] item: Black Sludge
|upkeep
|turn|36
|
|t:|1779889650
|move|p1a: Kyurem|Freeze-Dry|p2a: Weezing
|-damage|p2a: Weezing|50/100
|move|p2a: Weezing|Defog|p1a: Kyurem
|-sideend|p2: isaac_gam3r|Stealth Rock|[from] move: Defog|[of] p2a: Weezing
|
|-heal|p1a: Kyurem|88/100|[from] item: Leftovers
|-heal|p2a: Weezing|56/100|[from] item: Black Sludge
|upkeep
|turn|37
|
|t:|1779889654
|switch|p2a: Raging Bolt|Raging Bolt, tera:Fairy|19/100 tox
|move|p1a: Kyurem|Freeze-Dry|p2a: Raging Bolt
|-damage|p2a: Raging Bolt|0 fnt
|faint|p2a: Raging Bolt
|-end|p2a: Raging Bolt|Protosynthesis|[silent]
|
|-heal|p1a: Kyurem|94/100|[from] item: Leftovers
|upkeep
|
|t:|1779889655
|switch|p2a: Weavile|Weavile, M|21/100
|-ability|p2a: Weavile|Pressure
|turn|38
|
|t:|1779889658
|move|p2a: Weavile|Triple Axel|p1a: Kyurem|[miss]
|-miss|p2a: Weavile|p1a: Kyurem
|move|p1a: Kyurem|Earth Power|p2a: Weavile
|-damage|p2a: Weavile|0 fnt
|faint|p2a: Weavile
|
|-heal|p1a: Kyurem|99/100|[from] item: Leftovers
|upkeep
|-message|isaac_gam3r forfeited.
|
|win|adil
|raw|adil's rating: 1789 &rarr; <strong>1808</strong><br />(+19 for winning)
|raw|isaac_gam3r's rating: 1769 &rarr; <strong>1750</strong><br />(-19 for losing)
|l|☆isaac_gam3r
|player|p2|
|l|☆adil
|player|p1|
|j|☆isaac_gam3r
|player|p2|isaac_gam3r|acetrainer-gen4dp|
|l|☆isaac_gam3r
|player|p2|
