|j|☆azerbatts
|j|☆sickofme
|t:|1779881579
|gametype|singles
|player|p1|azerbatts|101|1537
|player|p2|sickofme|miku-water|1590
|gen|9
|tier|[Gen 9] OU
|rated|
|rule|HP Percentage Mod: HP is shown in percentages
|rule|Endless Battle Clause: Forcing endless battles is banned
|rule|Species Clause: Limit one of each Pokémon
|rule|OHKO Clause: OHKO moves are banned
|rule|Evasion Items Clause: Evasion items are banned
|rule|Evasion Moves Clause: Evasion moves are banned
|rule|Evasion Abilities Clause: Evasion abilities are banned
|rule|Sleep Moves Clause: Sleep-inducing moves are banned
|clearpoke
|poke|p1|Iron Valiant|
|poke|p1|Dondozo, F|
|poke|p1|Corviknight, F|
|poke|p1|Blissey, F|
|poke|p1|Great Tusk|
|poke|p1|Cinderace, F|
|poke|p2|Heatran, F|
|poke|p2|Garganacl, F|
|poke|p2|Quagsire, F|
|poke|p2|Gholdengo|
|poke|p2|Meowscarada, F|
|poke|p2|Corviknight, M|
|teampreview
|inactive|Battle timer is ON: inactive players will automatically lose when time's up. (requested by sickofme)
|j| nesnot
|
|t:|1779881592
|teamsize|p1|6
|teamsize|p2|6
|start
|switch|p1a: Cinderace|Cinderace, F|100/100
|switch|p2a: Garganacl|Garganacl, F|100/100
|turn|1
|
|t:|1779881604
|move|p1a: Cinderace|U-turn|p2a: Garganacl
|-start|p1a: Cinderace|typechange|Bug|[from] ability: Libero
|-damage|p2a: Garganacl|77/100
|
|t:|1779881613
|switch|p1a: Great Tusk|Great Tusk|100/100|[from] U-turn
|move|p2a: Garganacl|Stealth Rock|p1a: Great Tusk
|-sidestart|p1: azerbatts|move: Stealth Rock
|
|-heal|p2a: Garganacl|84/100|[from] item: Leftovers
|upkeep
|turn|2
|l| nesnot
|
|t:|1779881622
|move|p2a: Garganacl|Protect|p2a: Garganacl
|-singleturn|p2a: Garganacl|Protect
|move|p1a: Great Tusk|Knock Off|p2a: Garganacl
|-activate|p2a: Garganacl|move: Protect
|
|-heal|p2a: Garganacl|90/100|[from] item: Leftovers
|upkeep
|turn|3
|
|t:|1779881627
|switch|p2a: Corviknight|Corviknight, M|100/100
|-ability|p2a: Corviknight|Pressure
|move|p1a: Great Tusk|Knock Off|p2a: Corviknight
|-damage|p2a: Corviknight|85/100
|-damage|p1a: Great Tusk|84/100|[from] item: Rocky Helmet|[of] p2a: Corviknight
|-enditem|p2a: Corviknight|Rocky Helmet|[from] move: Knock Off|[of] p1a: Great Tusk
|
|upkeep
|turn|4
|j| yuureisuisei
|j| hattybatty304
|inactive|azerbatts has 120 seconds left.
|
|t:|1779881657
|-end|p1a: Great Tusk|Protosynthesis|[silent]
|switch|p1a: Corviknight|Corviknight, F|100/100
|-damage|p1a: Corviknight|88/100|[from] Stealth Rock
|-ability|p1a: Corviknight|Pressure
|move|p2a: Corviknight|Body Press|p1a: Corviknight
|-damage|p1a: Corviknight|72/100
|-damage|p2a: Corviknight|68/100|[from] item: Rocky Helmet|[of] p1a: Corviknight
|
|upkeep
|turn|5
|
|t:|1779881662
|switch|p2a: Heatran|Heatran, F|100/100
|move|p1a: Corviknight|Defog|p2a: Heatran
|-unboost|p2a: Heatran|evasion|1
|-sideend|p1: azerbatts|Stealth Rock|[from] move: Defog|[of] p1a: Corviknight
|
|upkeep
|turn|6
|
|t:|1779881669
|switch|p1a: Blissey|Blissey, F|100/100
|move|p2a: Heatran|Magma Storm|p1a: Blissey
|-damage|p1a: Blissey|87/100
|-activate|p1a: Blissey|move: Magma Storm|[of] p2a: Heatran
|
|-heal|p1a: Blissey|94/100|[from] item: Leftovers
|-damage|p1a: Blissey|81/100|[from] move: Magma Storm|[partiallytrapped]
|upkeep
|turn|7
|
|t:|1779881680
|switch|p2a: Gholdengo|Gholdengo|100/100
|move|p1a: Blissey|Seismic Toss|p2a: Gholdengo
|-immune|p2a: Gholdengo
|
|-heal|p1a: Blissey|87/100|[from] item: Leftovers
|-end|p1a: Blissey|Magma Storm|[partiallytrapped]|[silent]
|upkeep
|turn|8
|
|t:|1779881685
|move|p2a: Gholdengo|Thunder Wave|p1a: Blissey
|-status|p1a: Blissey|par
|move|p1a: Blissey|Calm Mind|p1a: Blissey
|-boost|p1a: Blissey|spa|1
|-boost|p1a: Blissey|spd|1
|
|-heal|p1a: Blissey|93/100 par|[from] item: Leftovers
|upkeep
|turn|9
|
|t:|1779881693
|switch|p2a: Corviknight|Corviknight, M|68/100
|-ability|p2a: Corviknight|Pressure
|move|p1a: Blissey|Flamethrower|p2a: Corviknight
|-supereffective|p2a: Corviknight
|-damage|p2a: Corviknight|22/100
|
|-heal|p1a: Blissey|99/100 par|[from] item: Leftovers
|upkeep
|turn|10
|
|t:|1779881697
|move|p2a: Corviknight|Body Press|p1a: Blissey
|-supereffective|p1a: Blissey
|-damage|p1a: Blissey|8/100 par
|move|p1a: Blissey|Seismic Toss|p2a: Corviknight
|-damage|p2a: Corviknight|0 fnt
|faint|p2a: Corviknight
|
|-heal|p1a: Blissey|15/100 par|[from] item: Leftovers
|upkeep
|
|t:|1779881702
|switch|p2a: Meowscarada|Meowscarada, F|100/100
|turn|11
|
|t:|1779881706
|-curestatus|p1a: Blissey|par|[from] ability: Natural Cure|[silent]
|switch|p1a: Corviknight|Corviknight, F|72/100
|-ability|p1a: Corviknight|Pressure
|move|p2a: Meowscarada|U-turn|p1a: Corviknight
|-start|p2a: Meowscarada|typechange|Bug|[from] ability: Protean
|-resisted|p1a: Corviknight
|-damage|p1a: Corviknight|67/100
|-damage|p2a: Meowscarada|84/100|[from] item: Rocky Helmet|[of] p1a: Corviknight
|
|t:|1779881708
|switch|p2a: Heatran|Heatran, F|100/100|[from] U-turn
|
|upkeep
|turn|12
|
|t:|1779881714
|switch|p1a: Dondozo|Dondozo, F|100/100
|move|p2a: Heatran|Magma Storm|p1a: Dondozo
|-resisted|p1a: Dondozo
|-damage|p1a: Dondozo|79/100
|-activate|p1a: Dondozo|move: Magma Storm|[of] p2a: Heatran
|
|-heal|p1a: Dondozo|85/100|[from] item: Leftovers
|-damage|p1a: Dondozo|73/100|[from] move: Magma Storm|[partiallytrapped]
|upkeep
|turn|13
|
|t:|1779881723
|move|p2a: Heatran|Will-O-Wisp|p1a: Dondozo
|-status|p1a: Dondozo|brn
|move|p1a: Dondozo|Liquidation|p2a: Heatran
|-supereffective|p2a: Heatran
|-damage|p2a: Heatran|78/100
|-unboost|p2a: Heatran|def|1
|
|-heal|p2a: Heatran|84/100|[from] item: Leftovers
|-heal|p1a: Dondozo|79/100 brn|[from] item: Leftovers
|-damage|p1a: Dondozo|73/100 brn|[from] brn
|-damage|p1a: Dondozo|60/100 brn|[from] move: Magma Storm|[partiallytrapped]
|upkeep
|turn|14
|
|t:|1779881732
|move|p2a: Heatran|Earth Power|p1a: Dondozo
|-damage|p1a: Dondozo|34/100 brn
|move|p1a: Dondozo|Liquidation|p2a: Heatran
|-supereffective|p2a: Heatran
|-damage|p2a: Heatran|59/100
|
|-heal|p2a: Heatran|65/100|[from] item: Leftovers
|-heal|p1a: Dondozo|40/100 brn|[from] item: Leftovers
|-damage|p1a: Dondozo|34/100 brn|[from] brn
|-damage|p1a: Dondozo|21/100 brn|[from] move: Magma Storm|[partiallytrapped]
|upkeep
|turn|15
|
|t:|1779881739
|move|p2a: Heatran|Earth Power|p1a: Dondozo
|-damage|p1a: Dondozo|0 fnt
|faint|p1a: Dondozo
|
|-heal|p2a: Heatran|71/100|[from] item: Leftovers
|upkeep
|
|t:|1779881747
|switch|p1a: Great Tusk|Great Tusk|84/100
|turn|16
|
|t:|1779881758
|switch|p2a: THE MONSTER|Quagsire, F|100/100
|move|p1a: Great Tusk|Headlong Rush|p2a: THE MONSTER
|-damage|p2a: THE MONSTER|66/100
|-unboost|p1a: Great Tusk|def|1
|-unboost|p1a: Great Tusk|spd|1
|
|-heal|p2a: THE MONSTER|72/100|[from] item: Leftovers
|upkeep
|turn|17
|
|t:|1779881764
|-end|p1a: Great Tusk|Protosynthesis|[silent]
|switch|p1a: Corviknight|Corviknight, F|67/100
|-ability|p1a: Corviknight|Pressure
|move|p2a: THE MONSTER|Spikes|p1a: Corviknight
|-sidestart|p1: azerbatts|Spikes
|
|-heal|p2a: THE MONSTER|78/100|[from] item: Leftovers
|upkeep
|turn|18
|
|t:|1779881775
|switch|p2a: Heatran|Heatran, F|71/100
|move|p1a: Corviknight|Roost|p1a: Corviknight
|-heal|p1a: Corviknight|100/100
|-singleturn|p1a: Corviknight|move: Roost
|
|-heal|p2a: Heatran|77/100|[from] item: Leftovers
|upkeep
|turn|19
|
|t:|1779881780
|move|p2a: Heatran|Magma Storm|p1a: Corviknight
|-supereffective|p1a: Corviknight
|-damage|p1a: Corviknight|19/100
|-activate|p1a: Corviknight|move: Magma Storm|[of] p2a: Heatran
|move|p1a: Corviknight|U-turn|p2a: Heatran
|-resisted|p2a: Heatran
|-damage|p2a: Heatran|75/100
|
|t:|1779881783
|switch|p1a: Great Tusk|Great Tusk|84/100|[from] U-turn
|
|-heal|p2a: Heatran|81/100|[from] item: Leftovers
|upkeep
|turn|20
|
|t:|1779881803
|switch|p2a: THE MONSTER|Quagsire, F|78/100
|move|p1a: Great Tusk|Knock Off|p2a: THE MONSTER
|-damage|p2a: THE MONSTER|59/100
|-enditem|p2a: THE MONSTER|Leftovers|[from] move: Knock Off|[of] p1a: Great Tusk
|
|upkeep
|turn|21
|
|t:|1779881812
|switch|p2a: Meowscarada|Meowscarada, F|84/100
|move|p1a: Great Tusk|Rapid Spin|p2a: Meowscarada
|-damage|p2a: Meowscarada|60/100
|-boost|p1a: Great Tusk|spe|1
|-sideend|p1: azerbatts|Spikes|[from] move: Rapid Spin|[of] p1a: Great Tusk
|
|upkeep
|turn|22
|
|t:|1779881819
|-end|p1a: Great Tusk|Protosynthesis|[silent]
|switch|p1a: Corviknight|Corviknight, F|19/100
|-ability|p1a: Corviknight|Pressure
|move|p2a: Meowscarada|U-turn|p1a: Corviknight
|-start|p2a: Meowscarada|typechange|Bug|[from] ability: Protean
|-resisted|p1a: Corviknight
|-damage|p1a: Corviknight|14/100
|-damage|p2a: Meowscarada|44/100|[from] item: Rocky Helmet|[of] p1a: Corviknight
|
|t:|1779881836
|switch|p2a: Heatran|Heatran, F|81/100|[from] U-turn
|
|-heal|p2a: Heatran|87/100|[from] item: Leftovers
|upkeep
|turn|23
|
|t:|1779881842
|move|p2a: Heatran|Magma Storm|p1a: Corviknight|[miss]
|-miss|p2a: Heatran|p1a: Corviknight
|move|p1a: Corviknight|Roost|p1a: Corviknight
|-heal|p1a: Corviknight|64/100
|-singleturn|p1a: Corviknight|move: Roost
|
|-heal|p2a: Heatran|93/100|[from] item: Leftovers
|upkeep
|turn|24
|
|t:|1779881853
|switch|p1a: Blissey|Blissey, F|15/100
|move|p2a: Heatran|Will-O-Wisp|p1a: Blissey
|-status|p1a: Blissey|brn
|
|-heal|p2a: Heatran|99/100|[from] item: Leftovers
|-heal|p1a: Blissey|21/100 brn|[from] item: Leftovers
|-damage|p1a: Blissey|15/100 brn|[from] brn
|upkeep
|turn|25
|
|t:|1779881858
|move|p2a: Heatran|Earth Power|p1a: Blissey
|-damage|p1a: Blissey|7/100 brn
|move|p1a: Blissey|Soft-Boiled|p1a: Blissey
|-heal|p1a: Blissey|57/100 brn
|
|-heal|p2a: Heatran|100/100|[from] item: Leftovers
|-heal|p1a: Blissey|63/100 brn|[from] item: Leftovers
|-damage|p1a: Blissey|57/100 brn|[from] brn
|upkeep
|turn|26
|-message|sickofme forfeited.
|
|win|azerbatts
|raw|azerbatts's rating: 1537 &rarr; <strong>1560</strong><br />(+23 for winning)
|raw|sickofme's rating: 1590 &rarr; <strong>1567</strong><br />(-23 for losing)
|l|☆sickofme
|player|p2|
|l| hattybatty304
|l|☆azerbatts
|player|p1|
|l| yuureisuisei
