|j|☆Dakota1683
|j|☆claudechamp
|t:|1779900624
|gametype|singles
|player|p1|Dakota1683|169|1303
|player|p2|claudechamp|169|1312
|gen|9
|tier|[Gen 9] OU
|rated|
|rule|HP Percentage Mod: HP is shown in percentages
|rule|Endless Battle Clause: Forcing endless battles is banned
|rule|Species Clause: Limit one of each Pokémon
|rule|OHKO Clause: OHKO moves are banned
|rule|Evasion Items Clause: Evasion items are banned
|rule|Evasion Moves Clause: Evasion moves are banned
|rule|Evasion Abilities Clause: Evasion abilities are banned
|rule|Sleep Moves Clause: Sleep-inducing moves are banned
|clearpoke
|poke|p1|Crawdaunt, M|
|poke|p1|Metagross|
|poke|p1|Banette, M|
|poke|p1|Latias, F|
|poke|p1|Torkoal, M|
|poke|p1|Gardevoir, F|
|poke|p2|Corviknight, F|
|poke|p2|Ting-Lu|
|poke|p2|Kyurem|
|poke|p2|Dondozo, F|
|poke|p2|Slowking-Galar, F|
|poke|p2|Cinderace, M|
|teampreview
|c|☆claudechamp|hf
|
|t:|1779900632
|teamsize|p1|6
|teamsize|p2|6
|start
|switch|p1a: Banette|Banette, M|100/100
|switch|p2a: Cinderace|Cinderace, M|100/100
|turn|1
|inactive|Battle timer is ON: inactive players will automatically lose when time's up. (requested by claudechamp)
|
|t:|1779900643
|switch|p1a: Torkoal|Torkoal, M|100/100
|move|p2a: Cinderace|Pyro Ball|p1a: Torkoal
|-resisted|p1a: Torkoal
|-damage|p1a: Torkoal|88/100
|
|upkeep
|turn|2
|c|☆Dakota1683|U2
|
|t:|1779900656
|move|p2a: Cinderace|Pyro Ball|p1a: Torkoal
|-resisted|p1a: Torkoal
|-damage|p1a: Torkoal|74/100
|move|p1a: Torkoal|Body Press|p2a: Cinderace
|-crit|p2a: Cinderace
|-damage|p2a: Cinderace|38/100
|
|upkeep
|turn|3
|
|t:|1779900666
|move|p2a: Cinderace|U-turn|p1a: Torkoal
|-resisted|p1a: Torkoal
|-damage|p1a: Torkoal|69/100
|
|t:|1779900676
|switch|p2a: Slowking|Slowking-Galar, F|100/100|[from] U-turn
|move|p1a: Torkoal|Body Press|p2a: Slowking
|-resisted|p2a: Slowking
|-damage|p2a: Slowking|95/100
|
|upkeep
|turn|4
|
|t:|1779900682
|switch|p1a: Banette|Banette, M|100/100
|move|p2a: Slowking|Sludge Bomb|p1a: Banette
|-resisted|p1a: Banette
|-damage|p1a: Banette|78/100
|
|upkeep
|turn|5
|
|t:|1779900698
|move|p1a: Banette|Trick|p2a: Slowking
|-activate|p1a: Banette|move: Trick|[of] p2a: Slowking
|-item|p2a: Slowking|Choice Scarf|[from] move: Trick
|-item|p1a: Banette|Shuca Berry|[from] move: Trick
|move|p2a: Slowking|Sludge Bomb|p1a: Banette
|-resisted|p1a: Banette
|-damage|p1a: Banette|51/100
|
|upkeep
|turn|6
|
|t:|1779900720
|switch|p1a: Metagross|Metagross|100/100
|move|p2a: Slowking|Sludge Bomb|p1a: Metagross
|-immune|p1a: Metagross
|
|upkeep
|turn|7
|
|t:|1779900743
|switch|p1a: Torkoal|Torkoal, M|69/100
|switch|p2a: Kyurem|Kyurem|100/100
|-ability|p2a: Kyurem|Pressure
|
|upkeep
|turn|8
|
|t:|1779900754
|-terastallize|p1a: Torkoal|Fighting
|move|p2a: Kyurem|Earth Power|p1a: Torkoal
|-damage|p1a: Torkoal|31/100
|move|p1a: Torkoal|Body Press|p2a: Kyurem
|-supereffective|p2a: Kyurem
|-damage|p2a: Kyurem|3/100
|
|-heal|p2a: Kyurem|10/100|[from] item: Leftovers
|upkeep
|turn|9
|inactive|Dakota1683 has 120 seconds left.
|
|t:|1779900785
|switch|p1a: Metagross|Metagross|100/100
|move|p2a: Kyurem|Freeze-Dry|p1a: Metagross
|-resisted|p1a: Metagross
|-crit|p1a: Metagross
|-damage|p1a: Metagross|84/100
|
|-heal|p2a: Kyurem|16/100|[from] item: Leftovers
|upkeep
|turn|10
|
|t:|1779900802
|move|p1a: Metagross|Bullet Punch|p2a: Kyurem
|-supereffective|p2a: Kyurem
|-damage|p2a: Kyurem|0 fnt
|faint|p2a: Kyurem
|
|upkeep
|
|t:|1779900808
|switch|p2a: Cinderace|Cinderace, M|38/100
|turn|11
|
|t:|1779900816
|switch|p1a: Torkoal|Torkoal, M, tera:Fighting|31/100
|move|p2a: Cinderace|Pyro Ball|p1a: Torkoal
|-damage|p1a: Torkoal|5/100
|
|upkeep
|turn|12
|
|t:|1779900831
|move|p2a: Cinderace|Pyro Ball|p1a: Torkoal
|-damage|p1a: Torkoal|0 fnt
|faint|p1a: Torkoal
|
|upkeep
|
|t:|1779900837
|switch|p1a: Crawdaunt|Crawdaunt, M|100/100
|turn|13
|
|t:|1779900846
|move|p1a: Crawdaunt|Aqua Jet|p2a: Cinderace
|-supereffective|p2a: Cinderace
|-damage|p2a: Cinderace|0 fnt
|faint|p2a: Cinderace
|
|upkeep
|
|t:|1779900850
|switch|p2a: Ting-Lu|Ting-Lu|100/100
|-ability|p2a: Ting-Lu|Vessel of Ruin
|turn|14
|
|t:|1779900858
|move|p1a: Crawdaunt|Liquidation|p2a: Ting-Lu
|-supereffective|p2a: Ting-Lu
|-damage|p2a: Ting-Lu|16/100
|move|p2a: Ting-Lu|Earthquake|p1a: Crawdaunt
|-damage|p1a: Crawdaunt|57/100
|
|-heal|p2a: Ting-Lu|22/100|[from] item: Leftovers
|upkeep
|turn|15
|
|t:|1779900865
|-terastallize|p2a: Ting-Lu|Water
|move|p1a: Crawdaunt|Knock Off|p2a: Ting-Lu
|-damage|p2a: Ting-Lu|0 fnt
|-enditem|p2a: Ting-Lu|Leftovers|[from] move: Knock Off|[of] p1a: Crawdaunt
|faint|p2a: Ting-Lu
|
|upkeep
|
|t:|1779900868
|switch|p2a: Corviknight|Corviknight, F|100/100
|-ability|p2a: Corviknight|Pressure
|turn|16
|
|t:|1779900882
|move|p2a: Corviknight|Brave Bird|p1a: Crawdaunt
|-damage|p1a: Crawdaunt|17/100
|-damage|p2a: Corviknight|89/100|[from] Recoil
|move|p1a: Crawdaunt|Knock Off|p2a: Corviknight
|-damage|p2a: Corviknight|49/100
|-damage|p1a: Crawdaunt|0 fnt|[from] item: Rocky Helmet|[of] p2a: Corviknight
|faint|p1a: Crawdaunt
|
|upkeep
|
|t:|1779900896
|switch|p1a: Latias|Latias, F|100/100
|turn|17
|
|t:|1779900899
|move|p1a: Latias|Ice Beam|p2a: Corviknight
|-damage|p2a: Corviknight|21/100
|move|p2a: Corviknight|Roost|p2a: Corviknight
|-heal|p2a: Corviknight|71/100
|-singleturn|p2a: Corviknight|move: Roost
|
|upkeep
|turn|18
|
|t:|1779900908
|switch|p1a: Banette|Banette, M|51/100
|move|p2a: Corviknight|Roost|p2a: Corviknight
|-heal|p2a: Corviknight|100/100
|-singleturn|p2a: Corviknight|move: Roost
|
|upkeep
|turn|19
|
|t:|1779900912
|move|p2a: Corviknight|Brave Bird|p1a: Banette
|-damage|p1a: Banette|0 fnt
|faint|p1a: Banette
|-damage|p2a: Corviknight|86/100|[from] Recoil
|
|upkeep
|
|t:|1779900917
|switch|p1a: Gardevoir|Gardevoir, F|100/100
|turn|20
|
|t:|1779900920
|move|p1a: Gardevoir|Mystical Fire|p2a: Corviknight
|-supereffective|p2a: Corviknight
|-damage|p2a: Corviknight|48/100
|-unboost|p2a: Corviknight|spa|1
|move|p2a: Corviknight|U-turn|p1a: Gardevoir
|-damage|p1a: Gardevoir|78/100
|
|t:|1779900924
|switch|p2a: Slowking|Slowking-Galar, F|100/100|[from] U-turn
|
|upkeep
|turn|21
|-message|Dakota1683 forfeited.
|
|win|claudechamp
|raw|Dakota1683's rating: 1303 &rarr; <strong>1284</strong><br />(-19 for losing)
|raw|claudechamp's rating: 1317 &rarr; <strong>1336</strong><br />(+19 for winning)
|c|☆claudechamp|gg
|l|☆Dakota1683
|player|p1|
|l|☆claudechamp
|player|p2|
