|j|☆whm=z
|j|☆flame jorbing it
|t:|1779891278
|gametype|singles
|player|p1|whm=z|psychicf|1113
|player|p2|flame jorbing it|burglar|1156
|gen|9
|tier|[Gen 9] OU
|rated|
|rule|HP Percentage Mod: HP is shown in percentages
|rule|Endless Battle Clause: Forcing endless battles is banned
|rule|Species Clause: Limit one of each Pokémon
|rule|OHKO Clause: OHKO moves are banned
|rule|Evasion Items Clause: Evasion items are banned
|rule|Evasion Moves Clause: Evasion moves are banned
|rule|Evasion Abilities Clause: Evasion abilities are banned
|rule|Sleep Moves Clause: Sleep-inducing moves are banned
|clearpoke
|poke|p1|Greninja-*, M|
|poke|p1|Ninetales-Alola, M|
|poke|p1|Landorus-Therian, M|
|poke|p1|Hatterene, F|
|poke|p1|Ogerpon-Wellspring, F|
|poke|p1|Rotom-Wash|
|poke|p2|Kyurem|
|poke|p2|Iron Valiant|
|poke|p2|Kingambit, M|
|poke|p2|Cinderace, F|
|poke|p2|Landorus-Therian, M|
|poke|p2|Slowking-Galar, M|
|teampreview
|inactive|Battle timer is ON: inactive players will automatically lose when time's up. (requested by flame jorbing it)
|
|t:|1779891292
|teamsize|p1|6
|teamsize|p2|6
|start
|switch|p1a: Landorus|Landorus-Therian, M|100/100
|switch|p2a: Landorus|Landorus-Therian, M|100/100
|-ability|p1a: Landorus|Intimidate|boost
|-unboost|p2a: Landorus|atk|1
|-ability|p2a: Landorus|Intimidate|boost
|-unboost|p1a: Landorus|atk|1
|turn|1
|
|t:|1779891297
|move|p1a: Landorus|Stealth Rock|p2a: Landorus
|-sidestart|p2: flame jorbing it|move: Stealth Rock
|move|p2a: Landorus|Taunt|p1a: Landorus
|-start|p1a: Landorus|move: Taunt
|
|upkeep
|turn|2
|
|t:|1779891309
|move|p1a: Landorus|U-turn|p2a: Landorus
|-resisted|p2a: Landorus
|-damage|p2a: Landorus|93/100
|-damage|p1a: Landorus|84/100|[from] item: Rocky Helmet|[of] p2a: Landorus
|
|t:|1779891321
|switch|p1a: Hatterene|Hatterene, F|100/100|[from] U-turn
|move|p2a: Landorus|U-turn|p1a: Hatterene
|-damage|p1a: Hatterene|88/100
|
|t:|1779891341
|switch|p2a: Kingambit|Kingambit, M|100/100|[from] U-turn
|-damage|p2a: Kingambit|94/100|[from] Stealth Rock
|
|-heal|p2a: Kingambit|100/100|[from] item: Leftovers
|-heal|p1a: Hatterene|94/100|[from] item: Leftovers
|upkeep
|turn|3
|
|t:|1779891355
|move|p2a: Kingambit|Kowtow Cleave|p1a: Hatterene
|-damage|p1a: Hatterene|56/100
|move|p1a: Hatterene|Nuzzle|p2a: Kingambit
|-damage|p2a: Kingambit|98/100
|-status|p2a: Kingambit|par
|
|-heal|p1a: Hatterene|62/100|[from] item: Leftovers
|-heal|p2a: Kingambit|100/100 par|[from] item: Leftovers
|upkeep
|turn|4
|
|t:|1779891372
|switch|p1a: Ninetales|Ninetales-Alola, M|100/100
|-weather|Snowscape|[from] ability: Snow Warning|[of] p1a: Ninetales
|move|p2a: Kingambit|Iron Head|p1a: Ninetales
|-supereffective|p1a: Ninetales
|-damage|p1a: Ninetales|0 fnt
|faint|p1a: Ninetales
|
|-weather|Snowscape|[upkeep]
|upkeep
|
|t:|1779891381
|switch|p1a: Ogerpon|Ogerpon-Wellspring, F|100/100
|turn|5
|
|t:|1779891402
|move|p1a: Ogerpon|Ivy Cudgel|p2a: Kingambit|[anim] Ivy Cudgel Water
|-damage|p2a: Kingambit|52/100 par
|cant|p2a: Kingambit|par
|
|-weather|Snowscape|[upkeep]
|-heal|p2a: Kingambit|58/100 par|[from] item: Leftovers
|upkeep
|turn|6
|
|t:|1779891416
|move|p1a: Ogerpon|Knock Off|p2a: Kingambit
|-resisted|p2a: Kingambit
|-damage|p2a: Kingambit|43/100 par
|-enditem|p2a: Kingambit|Leftovers|[from] move: Knock Off|[of] p1a: Ogerpon
|move|p2a: Kingambit|Kowtow Cleave|p1a: Ogerpon
|-damage|p1a: Ogerpon|45/100
|
|-weather|Snowscape|[upkeep]
|upkeep
|turn|7
|
|t:|1779891424
|move|p2a: Kingambit|Sucker Punch|p1a: Ogerpon
|-damage|p1a: Ogerpon|0 fnt
|faint|p1a: Ogerpon
|
|-weather|Snowscape|[upkeep]
|upkeep
|
|t:|1779891440
|switch|p1a: Greninja|Greninja, M|100/100
|turn|8
|
|t:|1779891451
|-end|p2a: Kingambit|fallenundefined|[silent]
|switch|p2a: Slowking|Slowking-Galar, M|100/100
|move|p1a: Greninja|Hydro Pump|p2a: Slowking
|-crit|p2a: Slowking
|-damage|p2a: Slowking|35/100
|
|-weather|Snowscape|[upkeep]
|upkeep
|turn|9
|
|t:|1779891462
|switch|p2a: Kingambit|Kingambit, M|43/100 par
|-damage|p2a: Kingambit|37/100 par|[from] Stealth Rock
|move|p1a: Greninja|Hydro Pump|p2a: Kingambit|[miss]
|-miss|p1a: Greninja|p2a: Kingambit
|
|-weather|Snowscape|[upkeep]
|upkeep
|turn|10
|
|t:|1779891467
|move|p2a: Kingambit|Sucker Punch|p1a: Greninja
|-resisted|p1a: Greninja
|-damage|p1a: Greninja|69/100
|move|p1a: Greninja|Hydro Pump|p2a: Kingambit|[miss]
|-miss|p1a: Greninja|p2a: Kingambit
|
|-weather|Snowscape|[upkeep]
|upkeep
|turn|11
|
|t:|1779891473
|cant|p2a: Kingambit|par
|move|p1a: Greninja|Hydro Pump|p2a: Kingambit
|-damage|p2a: Kingambit|0 fnt
|faint|p2a: Kingambit
|-end|p2a: Kingambit|fallenundefined|[silent]
|-ability|p1a: Greninja|Battle Bond|boost
|-boost|p1a: Greninja|atk|1
|-boost|p1a: Greninja|spa|1
|-boost|p1a: Greninja|spe|1
|-activate|p1a: Greninja|ability: Battle Bond
|
|-weather|none
|upkeep
|
|t:|1779891482
|switch|p2a: Slowking|Slowking-Galar, M|69/100
|turn|12
|
|t:|1779891488
|-terastallize|p2a: Slowking|Water
|move|p1a: Greninja|Hydro Pump|p2a: Slowking
|-resisted|p2a: Slowking
|-damage|p2a: Slowking|38/100
|move|p2a: Slowking|Thunder Wave|p1a: Greninja
|-status|p1a: Greninja|par
|
|upkeep
|turn|13
|
|t:|1779891496
|move|p1a: Greninja|Hydro Pump|p2a: Slowking
|-resisted|p2a: Slowking
|-damage|p2a: Slowking|8/100
|-prepare|p2a: Slowking|Chilly Reception|[premajor]
|move|p2a: Slowking|Chilly Reception|p2a: Slowking
|-weather|Snowscape
|
|t:|1779891500
|switch|p2a: Iron Valiant|Iron Valiant|100/100|[from] Chilly Reception
|-damage|p2a: Iron Valiant|94/100|[from] Stealth Rock
|-enditem|p2a: Iron Valiant|Booster Energy
|-activate|p2a: Iron Valiant|ability: Quark Drive|[fromitem]
|-start|p2a: Iron Valiant|quarkdrivespe
|
|-weather|Snowscape|[upkeep]
|upkeep
|turn|14
|
|t:|1779891503
|move|p2a: Iron Valiant|Moonblast|p1a: Greninja
|-supereffective|p1a: Greninja
|-damage|p1a: Greninja|0 fnt
|faint|p1a: Greninja
|
|-weather|Snowscape|[upkeep]
|upkeep
|inactive|whm=z has 120 seconds left.
|inactive|whm=z has 90 seconds left.
|
|t:|1779891576
|switch|p1a: Rotom|Rotom-Wash|100/100
|turn|15
|
|t:|1779891586
|move|p2a: Iron Valiant|Calm Mind|p2a: Iron Valiant
|-boost|p2a: Iron Valiant|spa|1
|-boost|p2a: Iron Valiant|spd|1
|move|p1a: Rotom|Pain Split|p2a: Iron Valiant
|-sethp|p2a: Iron Valiant|99/100|[from] move: Pain Split|[silent]
|-sethp|p1a: Rotom|95/100|[from] move: Pain Split
|
|-weather|Snowscape|[upkeep]
|-heal|p1a: Rotom|100/100|[from] item: Leftovers
|upkeep
|turn|16
|inactive|whm=z has 90 seconds left.
|
|t:|1779891610
|move|p2a: Iron Valiant|Moonblast|p1a: Rotom
|-damage|p1a: Rotom|37/100
|-unboost|p1a: Rotom|spa|1
|move|p1a: Rotom|Hydro Pump|p2a: Iron Valiant
|-damage|p2a: Iron Valiant|67/100
|
|-weather|Snowscape|[upkeep]
|-heal|p1a: Rotom|44/100|[from] item: Leftovers
|upkeep
|turn|17
|
|t:|1779891614
|move|p2a: Iron Valiant|Moonblast|p1a: Rotom
|-damage|p1a: Rotom|0 fnt
|faint|p1a: Rotom
|
|-weather|none
|upkeep
|-message|whm=z forfeited.
|
|win|flame jorbing it
|raw|whm=z's rating: 1113 &rarr; <strong>1091</strong><br />(-22 for losing)
|raw|flame jorbing it's rating: 1156 &rarr; <strong>1178</strong><br />(+22 for winning)
|l|☆whm=z
|player|p1|
