|j|☆Munch144447
|j|☆huntergaming24
|t:|1779971592
|gametype|singles
|player|p1|Munch144447|102|1111
|player|p2|huntergaming24|1|1059
|gen|9
|tier|[Gen 9] OU
|rated|
|rule|HP Percentage Mod: HP is shown in percentages
|rule|Endless Battle Clause: Forcing endless battles is banned
|rule|Species Clause: Limit one of each Pokémon
|rule|OHKO Clause: OHKO moves are banned
|rule|Evasion Items Clause: Evasion items are banned
|rule|Evasion Moves Clause: Evasion moves are banned
|rule|Evasion Abilities Clause: Evasion abilities are banned
|rule|Sleep Moves Clause: Sleep-inducing moves are banned
|clearpoke
|poke|p1|Infernape, M|
|poke|p1|Slaking, M|
|poke|p1|Swampert, F|
|poke|p1|Altaria, M|
|poke|p1|Amoonguss, M|
|poke|p1|Sudowoodo, M|
|poke|p2|Iron Moth|
|poke|p2|Kingambit, F|
|poke|p2|Dragonite, F|
|poke|p2|Ogerpon-Cornerstone, F|
|poke|p2|Iron Valiant|
|poke|p2|Raging Bolt|
|teampreview
|
|t:|1779971614
|teamsize|p1|6
|teamsize|p2|6
|start
|switch|p1a: Swampert|Swampert, F|100/100
|switch|p2a: Dragonite|Dragonite, F|100/100
|turn|1
|inactive|Battle timer is ON: inactive players will automatically lose when time's up. (requested by Munch144447)
|
|t:|1779971641
|move|p1a: Swampert|Flip Turn|p2a: Dragonite
|-resisted|p2a: Dragonite
|-damage|p2a: Dragonite|93/100
|
|t:|1779971658
|switch|p1a: Sudowoodo|Sudowoodo, M|100/100|[from] Flip Turn
|move|p2a: Dragonite|Dragon Tail|p1a: Sudowoodo
|-damage|p1a: Sudowoodo|72/100
|drag|p1a: Altaria|Altaria, M|100/100
|-ability|p1a: Altaria|Cloud Nine
|
|upkeep
|turn|2
|
|t:|1779971670
|-terastallize|p2a: Dragonite|Flying
|move|p1a: Altaria|Dragon Claw|p2a: Dragonite
|-damage|p2a: Dragonite|62/100
|move|p2a: Dragonite|Dragon Tail|p1a: Altaria
|-supereffective|p1a: Altaria
|-damage|p1a: Altaria|14/100
|drag|p1a: Sudowoodo|Sudowoodo, M|72/100
|
|upkeep
|turn|3
|
|t:|1779971680
|move|p2a: Dragonite|Earthquake|p1a: Sudowoodo
|-supereffective|p1a: Sudowoodo
|-damage|p1a: Sudowoodo|1/100
|move|p1a: Sudowoodo|Head Smash|p2a: Dragonite
|-supereffective|p2a: Dragonite
|-damage|p2a: Dragonite|0 fnt
|faint|p2a: Dragonite
|-damage|p1a: Sudowoodo|0 fnt|[from] Recoil
|faint|p1a: Sudowoodo
|
|upkeep
|
|t:|1779971692
|switch|p2a: Kingambit|Kingambit, F|100/100
|switch|p1a: Amoonguss|Amoonguss, M|100/100
|-activate|p2a: Kingambit|ability: Supreme Overlord
|-start|p2a: Kingambit|fallen1|[silent]
|turn|4
|
|t:|1779971716
|move|p2a: Kingambit|Kowtow Cleave|p1a: Amoonguss
|-damage|p1a: Amoonguss|60/100
|move|p1a: Amoonguss|Stun Spore|p2a: Kingambit
|-status|p2a: Kingambit|par
|-enditem|p2a: Kingambit|Lum Berry|[eat]
|-curestatus|p2a: Kingambit|par|[msg]
|
|-heal|p1a: Amoonguss|66/100|[from] item: Leftovers
|upkeep
|turn|5
|
|t:|1779971726
|switch|p1a: Infernape|Infernape, M|100/100
|move|p2a: Kingambit|Swords Dance|p2a: Kingambit
|-boost|p2a: Kingambit|atk|2
|
|upkeep
|turn|6
|inactive|huntergaming24 has 120 seconds left.
|
|t:|1779971765
|move|p2a: Kingambit|Sucker Punch|p1a: Infernape
|-resisted|p1a: Infernape
|-damage|p1a: Infernape|33/100
|move|p1a: Infernape|Drain Punch|p2a: Kingambit
|-supereffective|p2a: Kingambit
|-damage|p2a: Kingambit|0 fnt
|-heal|p1a: Infernape|91/100|[from] drain|[of] p2a: Kingambit
|faint|p2a: Kingambit
|-end|p2a: Kingambit|fallen1|[silent]
|-damage|p1a: Infernape|81/100|[from] item: Life Orb
|
|upkeep
|
|t:|1779971775
|switch|p2a: Raging Bolt|Raging Bolt|100/100
|-enditem|p2a: Raging Bolt|Booster Energy
|-activate|p2a: Raging Bolt|ability: Protosynthesis|[fromitem]
|-start|p2a: Raging Bolt|protosynthesisspa
|turn|7
|
|t:|1779971782
|switch|p1a: Swampert|Swampert, F|100/100
|move|p2a: Raging Bolt|Thunderbolt|p1a: Swampert
|-immune|p1a: Swampert
|
|upkeep
|turn|8
|
|t:|1779971795
|-end|p2a: Raging Bolt|Protosynthesis|[silent]
|switch|p2a: Iron Valiant|Iron Valiant|100/100
|-enditem|p2a: Iron Valiant|Booster Energy
|-activate|p2a: Iron Valiant|ability: Quark Drive|[fromitem]
|-start|p2a: Iron Valiant|quarkdrivespe
|move|p1a: Swampert|Earthquake|p2a: Iron Valiant
|-damage|p2a: Iron Valiant|32/100
|
|upkeep
|turn|9
|
|t:|1779971816
|switch|p1a: Amoonguss|Amoonguss, M|66/100
|move|p2a: Iron Valiant|Close Combat|p1a: Amoonguss
|-resisted|p1a: Amoonguss
|-crit|p1a: Amoonguss
|-damage|p1a: Amoonguss|31/100
|-unboost|p2a: Iron Valiant|def|1
|-unboost|p2a: Iron Valiant|spd|1
|-status|p2a: Iron Valiant|slp|[from] ability: Effect Spore|[of] p1a: Amoonguss
|
|-heal|p1a: Amoonguss|37/100|[from] item: Leftovers
|upkeep
|turn|10
|inactive|huntergaming24 has 90 seconds left.
|
|t:|1779971840
|-end|p2a: Iron Valiant|Quark Drive|[silent]
|switch|p2a: Raging Bolt|Raging Bolt|100/100
|move|p1a: Amoonguss|Sludge Bomb|p2a: Raging Bolt
|-damage|p2a: Raging Bolt|73/100
|
|-heal|p1a: Amoonguss|44/100|[from] item: Leftovers
|upkeep
|turn|11
|
|t:|1779971849
|move|p2a: Raging Bolt|Dragon Pulse|p1a: Amoonguss
|-damage|p1a: Amoonguss|0 fnt
|faint|p1a: Amoonguss
|
|upkeep
|
|t:|1779971853
|switch|p1a: Swampert|Swampert, F|100/100
|turn|12
|
|t:|1779971864
|move|p2a: Raging Bolt|Dragon Pulse|p1a: Swampert
|-damage|p1a: Swampert|72/100
|move|p1a: Swampert|Earthquake|p2a: Raging Bolt
|-supereffective|p2a: Raging Bolt
|-damage|p2a: Raging Bolt|0 fnt
|faint|p2a: Raging Bolt
|-end|p2a: Raging Bolt|Protosynthesis|[silent]
|
|upkeep
|
|t:|1779971872
|switch|p2a: Iron Moth|Iron Moth|100/100
|-enditem|p2a: Iron Moth|Booster Energy
|-activate|p2a: Iron Moth|ability: Quark Drive|[fromitem]
|-start|p2a: Iron Moth|quarkdrivespe
|turn|13
|
|t:|1779971878
|-terastallize|p1a: Swampert|Water
|move|p2a: Iron Moth|Energy Ball|p1a: Swampert
|-supereffective|p1a: Swampert
|-damage|p1a: Swampert|36/100
|move|p1a: Swampert|Earthquake|p2a: Iron Moth
|-supereffective|p2a: Iron Moth
|-damage|p2a: Iron Moth|0 fnt
|faint|p2a: Iron Moth
|-end|p2a: Iron Moth|Quark Drive|[silent]
|
|upkeep
|-message|huntergaming24 forfeited.
|
|win|Munch144447
|raw|Munch144447's rating: 1088 &rarr; <strong>1113</strong><br />(+25 for winning)
|raw|huntergaming24's rating: 1059 &rarr; <strong>1042</strong><br />(-17 for losing)
|l|☆huntergaming24
|player|p2|
|l|☆Munch144447
|player|p1|
