|j|☆Aaapinhen02
|j|☆femboyjoystick
|t:|1779879764
|gametype|singles
|player|p1|Aaapinhen02|marlon|1430
|player|p2|femboyjoystick|265|1406
|gen|9
|tier|[Gen 9] OU
|rated|
|rule|HP Percentage Mod: HP is shown in percentages
|rule|Endless Battle Clause: Forcing endless battles is banned
|rule|Species Clause: Limit one of each Pokémon
|rule|OHKO Clause: OHKO moves are banned
|rule|Evasion Items Clause: Evasion items are banned
|rule|Evasion Moves Clause: Evasion moves are banned
|rule|Evasion Abilities Clause: Evasion abilities are banned
|rule|Sleep Moves Clause: Sleep-inducing moves are banned
|clearpoke
|poke|p1|Pelipper, M|
|poke|p1|Tornadus-Therian, M|
|poke|p1|Iron Treads|
|poke|p1|Decidueye-Hisui, F|
|poke|p1|Barraskewda, M|
|poke|p1|Raging Bolt|
|poke|p2|Keldeo-Resolute|
|poke|p2|Great Tusk|
|poke|p2|Kingambit, M|
|poke|p2|Raging Bolt|
|poke|p2|Kyurem|
|poke|p2|Pecharunt|
|teampreview
|inactive|Battle timer is ON: inactive players will automatically lose when time's up. (requested by Aaapinhen02)
|
|t:|1779879777
|teamsize|p1|6
|teamsize|p2|6
|start
|switch|p1a: Iron Treads|Iron Treads|100/100
|switch|p2a: Keldeo|Keldeo-Resolute|100/100
|turn|1
|inactive|femboyjoystick also wants the timer to be on.
|
|t:|1779879789
|-end|p1a: Iron Treads|Quark Drive|[silent]
|switch|p1a: Raging Bolt|Raging Bolt|100/100
|move|p2a: Keldeo|Surf|p1a: Raging Bolt
|-resisted|p1a: Raging Bolt
|-damage|p1a: Raging Bolt|83/100
|
|upkeep
|turn|2
|
|t:|1779879798
|switch|p2a: Great Tusk|Great Tusk|100/100
|move|p1a: Raging Bolt|Draco Meteor|p2a: Great Tusk
|-damage|p2a: Great Tusk|20/100
|-unboost|p1a: Raging Bolt|spa|2
|
|upkeep
|turn|3
|inactive|femboyjoystick has 120 seconds left.
|
|t:|1779879828
|-end|p1a: Raging Bolt|Protosynthesis|[silent]
|switch|p1a: Pelipper|Pelipper, M|100/100
|-weather|RainDance|[from] ability: Drizzle|[of] p1a: Pelipper
|move|p2a: Great Tusk|Ice Spinner|p1a: Pelipper
|-damage|p1a: Pelipper|78/100
|
|-weather|RainDance|[upkeep]
|upkeep
|turn|4
|
|t:|1779879839
|-end|p2a: Great Tusk|Protosynthesis|[silent]
|switch|p2a: Kyurem|Kyurem|100/100
|-ability|p2a: Kyurem|Pressure
|move|p1a: Pelipper|U-turn|p2a: Kyurem
|-damage|p2a: Kyurem|92/100
|
|t:|1779879851
|switch|p1a: Barraskewda|Barraskewda, M|100/100|[from] U-turn
|
|-weather|RainDance|[upkeep]
|upkeep
|turn|5
|
|t:|1779879866
|switch|p2a: Pecharunt|Pecharunt|100/100
|move|p1a: Barraskewda|Close Combat|p2a: Pecharunt
|-immune|p2a: Pecharunt
|
|-weather|RainDance|[upkeep]
|upkeep
|turn|6
|
|t:|1779879873
|move|p1a: Barraskewda|Flip Turn|p2a: Pecharunt
|-damage|p2a: Pecharunt|66/100
|-damage|p1a: Barraskewda|91/100|[from] item: Life Orb
|
|t:|1779879877
|switch|p1a: Iron Treads|Iron Treads|100/100|[from] Flip Turn
|move|p2a: Pecharunt|Parting Shot|p1a: Iron Treads
|-unboost|p1a: Iron Treads|atk|1
|-unboost|p1a: Iron Treads|spa|1
|
|t:|1779879891
|switch|p2a: Keldeo|Keldeo-Resolute|100/100|[from] Parting Shot
|
|-weather|RainDance|[upkeep]
|upkeep
|turn|7
|
|t:|1779879899
|-end|p1a: Iron Treads|Quark Drive|[silent]
|switch|p1a: Raging Bolt|Raging Bolt|83/100
|-terastallize|p2a: Keldeo|Water
|move|p2a: Keldeo|Surf|p1a: Raging Bolt
|-resisted|p1a: Raging Bolt
|-damage|p1a: Raging Bolt|50/100
|
|-weather|RainDance|[upkeep]
|upkeep
|turn|8
|
|t:|1779879908
|switch|p2a: Great Tusk|Great Tusk|20/100
|move|p1a: Raging Bolt|Weather Ball|p2a: Great Tusk
|-supereffective|p2a: Great Tusk
|-damage|p2a: Great Tusk|0 fnt
|faint|p2a: Great Tusk
|-end|p2a: Great Tusk|Protosynthesis|[silent]
|
|-weather|RainDance|[upkeep]
|upkeep
|
|t:|1779879912
|switch|p2a: Kyurem|Kyurem|92/100
|-ability|p2a: Kyurem|Pressure
|turn|9
|
|t:|1779879921
|-end|p1a: Raging Bolt|Protosynthesis|[silent]
|switch|p1a: Iron Treads|Iron Treads|100/100
|move|p2a: Kyurem|Freeze-Dry|p1a: Iron Treads
|-damage|p1a: Iron Treads|67/100
|
|-weather|RainDance|[upkeep]
|-heal|p1a: Iron Treads|73/100|[from] item: Leftovers
|upkeep
|turn|10
|
|t:|1779879939
|switch|p2a: Keldeo|Keldeo-Resolute, tera:Water|100/100
|move|p1a: Iron Treads|Knock Off|p2a: Keldeo
|-crit|p2a: Keldeo
|-damage|p2a: Keldeo|55/100
|-ability|p2a: Keldeo|Justified|boost
|-boost|p2a: Keldeo|atk|1
|-enditem|p2a: Keldeo|Mystic Water|[from] move: Knock Off|[of] p1a: Iron Treads
|
|-weather|none
|-heal|p1a: Iron Treads|79/100|[from] item: Leftovers
|upkeep
|turn|11
|
|t:|1779879953
|-end|p1a: Iron Treads|Quark Drive|[silent]
|switch|p1a: Raging Bolt|Raging Bolt|50/100
|move|p2a: Keldeo|Secret Sword|p1a: Raging Bolt
|-damage|p1a: Raging Bolt|9/100
|
|upkeep
|turn|12
|
|t:|1779879959
|move|p2a: Keldeo|Vacuum Wave|p1a: Raging Bolt
|-damage|p1a: Raging Bolt|0 fnt
|faint|p1a: Raging Bolt
|-end|p1a: Raging Bolt|Protosynthesis|[silent]
|
|upkeep
|
|t:|1779879971
|switch|p1a: Pelipper|Pelipper, M|78/100
|-weather|RainDance|[from] ability: Drizzle|[of] p1a: Pelipper
|turn|13
|
|t:|1779879986
|move|p2a: Keldeo|Surf|p1a: Pelipper
|-resisted|p1a: Pelipper
|-damage|p1a: Pelipper|13/100
|move|p1a: Pelipper|U-turn|p2a: Keldeo
|-damage|p2a: Keldeo|44/100
|
|t:|1779879995
|switch|p1a: Tornadus|Tornadus-Therian, M|100/100|[from] U-turn
|
|-weather|RainDance|[upkeep]
|upkeep
|turn|14
|
|t:|1779880015
|switch|p2a: Kyurem|Kyurem|92/100
|-ability|p2a: Kyurem|Pressure
|-terastallize|p1a: Tornadus|Flying
|move|p1a: Tornadus|Hurricane|p2a: Kyurem
|-damage|p2a: Kyurem|0 fnt
|faint|p2a: Kyurem
|
|-weather|RainDance|[upkeep]
|upkeep
|
|t:|1779880020
|switch|p2a: Raging Bolt|Raging Bolt|100/100
|-enditem|p2a: Raging Bolt|Booster Energy
|-activate|p2a: Raging Bolt|ability: Protosynthesis|[fromitem]
|-start|p2a: Raging Bolt|protosynthesisspa
|turn|15
|
|t:|1779880030
|switch|p1a: Iron Treads|Iron Treads|79/100
|move|p2a: Raging Bolt|Dragon Pulse|p1a: Iron Treads
|-resisted|p1a: Iron Treads
|-damage|p1a: Iron Treads|54/100
|
|-weather|RainDance|[upkeep]
|-heal|p1a: Iron Treads|60/100|[from] item: Leftovers
|upkeep
|turn|16
|
|t:|1779880041
|move|p1a: Iron Treads|Stealth Rock|p2a: Raging Bolt
|-sidestart|p2: femboyjoystick|move: Stealth Rock
|move|p2a: Raging Bolt|Dragon Pulse|p1a: Iron Treads
|-resisted|p1a: Iron Treads
|-damage|p1a: Iron Treads|35/100
|
|-weather|RainDance|[upkeep]
|-heal|p1a: Iron Treads|41/100|[from] item: Leftovers
|upkeep
|turn|17
|
|t:|1779880057
|move|p1a: Iron Treads|Earthquake|p2a: Raging Bolt
|-supereffective|p2a: Raging Bolt
|-damage|p2a: Raging Bolt|41/100
|move|p2a: Raging Bolt|Calm Mind|p2a: Raging Bolt
|-boost|p2a: Raging Bolt|spa|1
|-boost|p2a: Raging Bolt|spd|1
|
|-weather|RainDance|[upkeep]
|-heal|p1a: Iron Treads|47/100|[from] item: Leftovers
|upkeep
|turn|18
|
|t:|1779880066
|move|p1a: Iron Treads|Earthquake|p2a: Raging Bolt
|-supereffective|p2a: Raging Bolt
|-damage|p2a: Raging Bolt|0 fnt
|faint|p2a: Raging Bolt
|-end|p2a: Raging Bolt|Protosynthesis|[silent]
|
|-weather|RainDance|[upkeep]
|-heal|p1a: Iron Treads|54/100|[from] item: Leftovers
|upkeep
|
|t:|1779880069
|switch|p2a: Keldeo|Keldeo-Resolute, tera:Water|44/100
|-damage|p2a: Keldeo|32/100|[from] Stealth Rock
|turn|19
|
|t:|1779880093
|-end|p1a: Iron Treads|Quark Drive|[silent]
|switch|p1a: Barraskewda|Barraskewda, M|91/100
|move|p2a: Keldeo|Surf|p1a: Barraskewda
|-resisted|p1a: Barraskewda
|-damage|p1a: Barraskewda|0 fnt
|faint|p1a: Barraskewda
|
|-weather|RainDance|[upkeep]
|upkeep
|
|t:|1779880100
|switch|p1a: Tornadus|Tornadus-Therian, M, tera:Flying|100/100
|turn|20
|
|t:|1779880104
|switch|p2a: Pecharunt|Pecharunt|66/100
|-damage|p2a: Pecharunt|54/100|[from] Stealth Rock
|move|p1a: Tornadus|Hurricane|p2a: Pecharunt
|-damage|p2a: Pecharunt|0 fnt
|faint|p2a: Pecharunt
|
|-weather|none
|upkeep
|
|t:|1779880111
|switch|p2a: Kingambit|Kingambit, M|100/100
|-damage|p2a: Kingambit|94/100|[from] Stealth Rock
|-activate|p2a: Kingambit|ability: Supreme Overlord
|-start|p2a: Kingambit|fallen4|[silent]
|turn|21
|
|t:|1779880119
|move|p1a: Tornadus|Hurricane|p2a: Kingambit
|-resisted|p2a: Kingambit
|-damage|p2a: Kingambit|46/100
|move|p2a: Kingambit|Kowtow Cleave|p1a: Tornadus
|-damage|p1a: Tornadus|0 fnt
|faint|p1a: Tornadus
|
|upkeep
|
|t:|1779880131
|switch|p1a: Pelipper|Pelipper, M|13/100
|-weather|RainDance|[from] ability: Drizzle|[of] p1a: Pelipper
|turn|22
|
|t:|1779880137
|move|p2a: Kingambit|Sucker Punch|p1a: Pelipper
|-damage|p1a: Pelipper|0 fnt
|faint|p1a: Pelipper
|
|-weather|RainDance|[upkeep]
|upkeep
|
|t:|1779880141
|switch|p1a: Decidueye|Decidueye-Hisui, F|100/100
|turn|23
|
|t:|1779880156
|move|p2a: Kingambit|Sucker Punch|p1a: Decidueye
|-resisted|p1a: Decidueye
|-damage|p1a: Decidueye|75/100
|-damage|p2a: Kingambit|29/100|[from] item: Rocky Helmet|[of] p1a: Decidueye
|move|p1a: Decidueye|Triple Arrows|p2a: Kingambit
|-supereffective|p2a: Kingambit
|-damage|p2a: Kingambit|0 fnt
|faint|p2a: Kingambit
|-end|p2a: Kingambit|fallen4|[silent]
|
|-weather|RainDance|[upkeep]
|upkeep
|
|t:|1779880160
|switch|p2a: Keldeo|Keldeo-Resolute, tera:Water|32/100
|-damage|p2a: Keldeo|20/100|[from] Stealth Rock
|turn|24
|
|t:|1779880167
|move|p2a: Keldeo|Surf|p1a: Decidueye
|-resisted|p1a: Decidueye
|-damage|p1a: Decidueye|30/100
|move|p1a: Decidueye|Triple Arrows|p2a: Keldeo
|-damage|p2a: Keldeo|0 fnt
|faint|p2a: Keldeo
|
|win|Aaapinhen02
|raw|Aaapinhen02's rating: 1430 &rarr; <strong>1449</strong><br />(+19 for winning)
|raw|femboyjoystick's rating: 1406 &rarr; <strong>1387</strong><br />(-19 for losing)
|l|☆femboyjoystick
|player|p2|
|l|☆Aaapinhen02
|player|p1|
