|j|☆metropolis2112
|j|☆Tengo105
|t:|1779922713
|gametype|singles
|player|p1|metropolis2112|giovanni|1222
|player|p2|Tengo105|hugh|1287
|gen|9
|tier|[Gen 9] OU
|rated|
|rule|HP Percentage Mod: HP is shown in percentages
|rule|Endless Battle Clause: Forcing endless battles is banned
|rule|Species Clause: Limit one of each Pokémon
|rule|OHKO Clause: OHKO moves are banned
|rule|Evasion Items Clause: Evasion items are banned
|rule|Evasion Moves Clause: Evasion moves are banned
|rule|Evasion Abilities Clause: Evasion abilities are banned
|rule|Sleep Moves Clause: Sleep-inducing moves are banned
|clearpoke
|poke|p1|Raging Bolt|
|poke|p1|Gliscor, M|
|poke|p1|Gholdengo|
|poke|p1|Kingambit, M|
|poke|p1|Zamazenta-*|
|poke|p1|Dragonite, M|
|poke|p2|Tyranitar, M|
|poke|p2|Excadrill, M|
|poke|p2|Keldeo-Resolute|
|poke|p2|Tornadus-Therian, M|
|poke|p2|Heatran, M|
|poke|p2|Hydrapple, M|
|teampreview
|inactive|Battle timer is ON: inactive players will automatically lose when time's up. (requested by metropolis2112)
|
|t:|1779922731
|teamsize|p1|6
|teamsize|p2|6
|start
|switch|p1a: EL BLINDADO|Zamazenta|100/100
|switch|p2a: Umamusume|Keldeo-Resolute|100/100
|-ability|p1a: EL BLINDADO|Dauntless Shield|boost
|-boost|p1a: EL BLINDADO|def|1
|turn|1
|
|t:|1779922739
|move|p1a: EL BLINDADO|Iron Defense|p1a: EL BLINDADO
|-boost|p1a: EL BLINDADO|def|2
|move|p2a: Umamusume|Flip Turn|p1a: EL BLINDADO
|-damage|p1a: EL BLINDADO|95/100
|
|t:|1779922764
|switch|p2a: The False Hydra|Hydrapple, M|100/100|[from] Flip Turn
|
|-heal|p1a: EL BLINDADO|100/100|[from] item: Leftovers
|upkeep
|turn|2
|
|t:|1779922780
|-terastallize|p1a: EL BLINDADO|Steel
|move|p1a: EL BLINDADO|Substitute|p1a: EL BLINDADO
|-start|p1a: EL BLINDADO|Substitute
|-damage|p1a: EL BLINDADO|75/100
|move|p2a: The False Hydra|Giga Drain|p1a: EL BLINDADO
|-resisted|p1a: EL BLINDADO
|-activate|p1a: EL BLINDADO|move: Substitute|[damage]
|
|-heal|p1a: EL BLINDADO|82/100|[from] item: Leftovers
|upkeep
|turn|3
|
|t:|1779922791
|move|p1a: EL BLINDADO|Iron Defense|p1a: EL BLINDADO
|-boost|p1a: EL BLINDADO|def|2
|move|p2a: The False Hydra|Earth Power|p1a: EL BLINDADO
|-supereffective|p1a: EL BLINDADO
|-end|p1a: EL BLINDADO|Substitute
|
|-heal|p1a: EL BLINDADO|88/100|[from] item: Leftovers
|upkeep
|turn|4
|
|t:|1779922800
|move|p1a: EL BLINDADO|Body Press|p2a: The False Hydra
|-damage|p2a: The False Hydra|38/100
|-damage|p1a: EL BLINDADO|71/100|[from] item: Rocky Helmet|[of] p2a: The False Hydra
|move|p2a: The False Hydra|Earth Power|p1a: EL BLINDADO
|-supereffective|p1a: EL BLINDADO
|-damage|p1a: EL BLINDADO|36/100
|
|-heal|p1a: EL BLINDADO|42/100|[from] item: Leftovers
|upkeep
|turn|5
|
|t:|1779922811
|-terastallize|p2a: The False Hydra|Fairy
|move|p1a: EL BLINDADO|Body Press|p2a: The False Hydra
|-resisted|p2a: The False Hydra
|-damage|p2a: The False Hydra|6/100
|-damage|p1a: EL BLINDADO|25/100|[from] item: Rocky Helmet|[of] p2a: The False Hydra
|move|p2a: The False Hydra|Earth Power|p1a: EL BLINDADO
|-supereffective|p1a: EL BLINDADO
|-damage|p1a: EL BLINDADO|0 fnt
|faint|p1a: EL BLINDADO
|
|upkeep
|
|t:|1779922829
|switch|p1a: EL PATRÓN|Dragonite, M|100/100
|turn|6
|
|t:|1779922840
|switch|p2a: Mr. Krabs|Heatran, M, shiny|100/100
|move|p1a: EL PATRÓN|Extreme Speed|p2a: Mr. Krabs
|-resisted|p2a: Mr. Krabs
|-damage|p2a: Mr. Krabs|88/100
|-status|p1a: EL PATRÓN|brn|[from] ability: Flame Body|[of] p2a: Mr. Krabs
|
|-heal|p2a: Mr. Krabs|94/100|[from] item: Leftovers
|-damage|p1a: EL PATRÓN|94/100 brn|[from] brn
|upkeep
|turn|7
|
|t:|1779922853
|switch|p1a: EL TROLAZO|Gliscor, M|100/100
|switch|p2a: Necessary Evil|Tornadus-Therian, M|100/100
|
|-status|p1a: EL TROLAZO|tox|[from] item: Toxic Orb
|upkeep
|turn|8
|
|t:|1779922862
|move|p2a: Necessary Evil|Taunt|p1a: EL TROLAZO
|-start|p1a: EL TROLAZO|move: Taunt
|cant|p1a: EL TROLAZO|move: Taunt|Toxic
|
|upkeep
|turn|9
|
|t:|1779922871
|switch|p1a: EL GAMBAS|Gholdengo|100/100
|move|p2a: Necessary Evil|U-turn|p1a: EL GAMBAS
|-resisted|p1a: EL GAMBAS
|-damage|p1a: EL GAMBAS|97/100
|
|t:|1779922878
|switch|p2a: Lisan Al-Gaib|Tyranitar, M|100/100|[from] U-turn
|-weather|Sandstorm|[from] ability: Sand Stream|[of] p2a: Lisan Al-Gaib
|
|-weather|Sandstorm|[upkeep]
|upkeep
|turn|10
|
|t:|1779922887
|move|p1a: EL GAMBAS|Make It Rain|p2a: Lisan Al-Gaib
|-supereffective|p2a: Lisan Al-Gaib
|-damage|p2a: Lisan Al-Gaib|42/100
|-unboost|p1a: EL GAMBAS|spa|1
|move|p2a: Lisan Al-Gaib|Knock Off|p1a: EL GAMBAS
|-supereffective|p1a: EL GAMBAS
|-damage|p1a: EL GAMBAS|0 fnt
|-enditem|p1a: EL GAMBAS|Choice Scarf|[from] move: Knock Off|[of] p2a: Lisan Al-Gaib
|faint|p1a: EL GAMBAS
|
|-weather|Sandstorm|[upkeep]
|upkeep
|
|t:|1779922902
|switch|p1a: EL CHISPEZA|Raging Bolt|100/100
|turn|11
|
|t:|1779922905
|switch|p2a: Drillsaw Man|Excadrill, M|100/100
|-item|p2a: Drillsaw Man|Air Balloon
|move|p1a: EL CHISPEZA|Calm Mind|p1a: EL CHISPEZA
|-boost|p1a: EL CHISPEZA|spa|1
|-boost|p1a: EL CHISPEZA|spd|1
|
|-weather|Sandstorm|[upkeep]
|-damage|p1a: EL CHISPEZA|94/100|[from] Sandstorm
|-heal|p1a: EL CHISPEZA|100/100|[from] item: Leftovers
|upkeep
|turn|12
|
|t:|1779922917
|move|p2a: Drillsaw Man|Earthquake|p1a: EL CHISPEZA
|-supereffective|p1a: EL CHISPEZA
|-damage|p1a: EL CHISPEZA|12/100
|move|p1a: EL CHISPEZA|Dragon Pulse|p2a: Drillsaw Man
|-resisted|p2a: Drillsaw Man
|-damage|p2a: Drillsaw Man|53/100
|-enditem|p2a: Drillsaw Man|Air Balloon
|
|-weather|Sandstorm|[upkeep]
|-damage|p1a: EL CHISPEZA|5/100|[from] Sandstorm
|-heal|p1a: EL CHISPEZA|12/100|[from] item: Leftovers
|upkeep
|turn|13
|
|t:|1779922930
|-end|p1a: EL CHISPEZA|Protosynthesis|[silent]
|switch|p1a: EL PATRÓN|Dragonite, M|94/100 brn
|move|p2a: Drillsaw Man|Iron Head|p1a: EL PATRÓN
|-damage|p1a: EL PATRÓN|50/100 brn
|
|-weather|none
|-damage|p1a: EL PATRÓN|44/100 brn|[from] brn
|upkeep
|turn|14
|
|t:|1779922946
|switch|p2a: Necessary Evil|Tornadus-Therian, M|100/100
|move|p1a: EL PATRÓN|Roost|p1a: EL PATRÓN
|-heal|p1a: EL PATRÓN|94/100 brn
|-singleturn|p1a: EL PATRÓN|move: Roost
|
|-damage|p1a: EL PATRÓN|88/100 brn|[from] brn
|upkeep
|turn|15
|
|t:|1779922956
|move|p2a: Necessary Evil|Taunt|p1a: EL PATRÓN
|-start|p1a: EL PATRÓN|move: Taunt
|cant|p1a: EL PATRÓN|move: Taunt|Dragon Dance
|
|-damage|p1a: EL PATRÓN|82/100 brn|[from] brn
|upkeep
|turn|16
|
|t:|1779922963
|move|p2a: Necessary Evil|Bleakwind Storm|p1a: EL PATRÓN
|-damage|p1a: EL PATRÓN|43/100 brn
|-unboost|p1a: EL PATRÓN|spe|1
|move|p1a: EL PATRÓN|Ice Punch|p2a: Necessary Evil
|-supereffective|p2a: Necessary Evil
|-damage|p2a: Necessary Evil|71/100
|
|-damage|p1a: EL PATRÓN|37/100 brn|[from] brn
|upkeep
|turn|17
|
|t:|1779922977
|move|p2a: Necessary Evil|Bleakwind Storm|p1a: EL PATRÓN
|-damage|p1a: EL PATRÓN|2/100 brn
|move|p1a: EL PATRÓN|Ice Punch|p2a: Necessary Evil
|-supereffective|p2a: Necessary Evil
|-damage|p2a: Necessary Evil|41/100
|
|-damage|p1a: EL PATRÓN|0 fnt|[from] brn
|faint|p1a: EL PATRÓN
|upkeep
|
|t:|1779922987
|switch|p1a: EL CHISPEZA|Raging Bolt|12/100
|turn|18
|
|t:|1779923002
|switch|p2a: Drillsaw Man|Excadrill, M|53/100
|move|p1a: EL CHISPEZA|Thunderclap||[still]
|-fail|p1a: EL CHISPEZA
|
|-heal|p1a: EL CHISPEZA|18/100|[from] item: Leftovers
|upkeep
|turn|19
|
|t:|1779923011
|-end|p1a: EL CHISPEZA|Protosynthesis|[silent]
|switch|p1a: EL TROLAZO|Gliscor, M|100/100 tox
|move|p2a: Drillsaw Man|Iron Head|p1a: EL TROLAZO
|-damage|p1a: EL TROLAZO|61/100 tox
|
|-heal|p1a: EL TROLAZO|74/100 tox|[from] ability: Poison Heal
|upkeep
|turn|20
|
|t:|1779923037
|switch|p2a: Necessary Evil|Tornadus-Therian, M|74/100
|move|p1a: EL TROLAZO|Spikes|p2a: Necessary Evil
|-sidestart|p2: Tengo105|Spikes
|
|-heal|p1a: EL TROLAZO|86/100 tox|[from] ability: Poison Heal
|upkeep
|turn|21
|
|t:|1779923045
|move|p2a: Necessary Evil|Taunt|p1a: EL TROLAZO
|-start|p1a: EL TROLAZO|move: Taunt
|cant|p1a: EL TROLAZO|move: Taunt|Toxic
|
|-heal|p1a: EL TROLAZO|99/100 tox|[from] ability: Poison Heal
|upkeep
|turn|22
|
|t:|1779923053
|move|p2a: Necessary Evil|U-turn|p1a: EL TROLAZO
|-resisted|p1a: EL TROLAZO
|-damage|p1a: EL TROLAZO|93/100 tox
|
|t:|1779923054
|switch|p2a: The False Hydra|Hydrapple, M, tera:Fairy|40/100|[from] U-turn
|-damage|p2a: The False Hydra|27/100|[from] Spikes
|move|p1a: EL TROLAZO|Earthquake|p2a: The False Hydra
|-damage|p2a: The False Hydra|8/100
|
|-heal|p1a: EL TROLAZO|100/100 tox|[from] ability: Poison Heal
|upkeep
|turn|23
|
|t:|1779923076
|switch|p2a: Umamusume|Keldeo-Resolute|100/100
|-damage|p2a: Umamusume|88/100|[from] Spikes
|move|p1a: EL TROLAZO|Earthquake|p2a: Umamusume
|-damage|p2a: Umamusume|53/100
|
|-end|p1a: EL TROLAZO|move: Taunt
|upkeep
|turn|24
|
|t:|1779923088
|move|p2a: Umamusume|Surf|p1a: EL TROLAZO
|-supereffective|p1a: EL TROLAZO
|-damage|p1a: EL TROLAZO|0 fnt
|faint|p1a: EL TROLAZO
|
|upkeep
|
|t:|1779923093
|switch|p1a: EL CHISPEZA|Raging Bolt|18/100
|turn|25
|
|t:|1779923113
|switch|p2a: Mr. Krabs|Heatran, M, shiny|94/100
|-damage|p2a: Mr. Krabs|81/100|[from] Spikes
|move|p1a: EL CHISPEZA|Thunderclap||[still]
|-fail|p1a: EL CHISPEZA
|
|-heal|p2a: Mr. Krabs|88/100|[from] item: Leftovers
|-heal|p1a: EL CHISPEZA|24/100|[from] item: Leftovers
|upkeep
|turn|26
|
|t:|1779923138
|move|p1a: EL CHISPEZA|Thunderclap|p2a: Mr. Krabs
|-damage|p2a: Mr. Krabs|63/100
|move|p2a: Mr. Krabs|Earth Power|p1a: EL CHISPEZA
|-supereffective|p1a: EL CHISPEZA
|-damage|p1a: EL CHISPEZA|0 fnt
|faint|p1a: EL CHISPEZA
|-end|p1a: EL CHISPEZA|Protosynthesis|[silent]
|
|-heal|p2a: Mr. Krabs|69/100|[from] item: Leftovers
|upkeep
|
|t:|1779923148
|switch|p1a: EL GARCHEADOR|Kingambit, M|100/100
|-activate|p1a: EL GARCHEADOR|ability: Supreme Overlord
|-start|p1a: EL GARCHEADOR|fallen5|[silent]
|turn|27
|
|t:|1779923154
|move|p2a: Mr. Krabs|Magma Storm|p1a: EL GARCHEADOR|[miss]
|-miss|p2a: Mr. Krabs|p1a: EL GARCHEADOR
|move|p1a: EL GARCHEADOR|Low Kick|p2a: Mr. Krabs
|-supereffective|p2a: Mr. Krabs
|-damage|p2a: Mr. Krabs|0 fnt
|faint|p2a: Mr. Krabs
|
|upkeep
|
|t:|1779923162
|switch|p2a: Umamusume|Keldeo-Resolute|53/100
|-damage|p2a: Umamusume|40/100|[from] Spikes
|turn|28
|
|t:|1779923173
|move|p2a: Umamusume|Vacuum Wave|p1a: EL GARCHEADOR
|-supereffective|p1a: EL GARCHEADOR
|-damage|p1a: EL GARCHEADOR|0 fnt
|faint|p1a: EL GARCHEADOR
|-end|p1a: EL GARCHEADOR|fallen5|[silent]
|
|win|Tengo105
|raw|metropolis2112's rating: 1222 &rarr; <strong>1202</strong><br />(-20 for losing)
|raw|Tengo105's rating: 1287 &rarr; <strong>1307</strong><br />(+20 for winning)
|c|☆Tengo105|gg wp
|l|☆metropolis2112
|player|p1|
