|j|☆K1isho
|j|☆PandaToTo
|t:|1779949121
|gametype|singles
|player|p1|K1isho|gladion-stance|1096
|player|p2|PandaToTo|2|1109
|gen|9
|tier|[Gen 9] OU
|rated|
|rule|HP Percentage Mod: HP is shown in percentages
|rule|Endless Battle Clause: Forcing endless battles is banned
|rule|Species Clause: Limit one of each Pokémon
|rule|OHKO Clause: OHKO moves are banned
|rule|Evasion Items Clause: Evasion items are banned
|rule|Evasion Moves Clause: Evasion moves are banned
|rule|Evasion Abilities Clause: Evasion abilities are banned
|rule|Sleep Moves Clause: Sleep-inducing moves are banned
|clearpoke
|poke|p1|Great Tusk|
|poke|p1|Kingambit, M|
|poke|p1|Ogerpon-Wellspring, F|
|poke|p1|Slowking-Galar, F|
|poke|p1|Umbreon, M|
|poke|p1|Dragonite, F|
|poke|p2|Vaporeon, M|
|poke|p2|Meowscarada, F|
|poke|p2|Talonflame, M|
|poke|p2|Clodsire, F|
|poke|p2|Lucario, F|
|poke|p2|Froslass, F|
|teampreview
|
|t:|1779949135
|teamsize|p1|6
|teamsize|p2|6
|start
|switch|p1a: Great Tusk|Great Tusk, shiny|100/100
|switch|p2a: Talonflame|Talonflame, M|100/100
|turn|1
|
|t:|1779949148
|move|p2a: Talonflame|Will-O-Wisp|p1a: Great Tusk
|-status|p1a: Great Tusk|brn
|move|p1a: Great Tusk|Knock Off|p2a: Talonflame
|-damage|p2a: Talonflame|80/100
|-enditem|p2a: Talonflame|Heavy-Duty Boots|[from] move: Knock Off|[of] p1a: Great Tusk
|
|-damage|p1a: Great Tusk|94/100 brn|[from] brn
|upkeep
|turn|2
|
|t:|1779949159
|-end|p1a: Great Tusk|Protosynthesis|[silent]
|switch|p1a: Ogerpon|Ogerpon-Wellspring, F|100/100
|move|p2a: Talonflame|Brave Bird|p1a: Ogerpon
|-supereffective|p1a: Ogerpon
|-crit|p1a: Ogerpon
|-damage|p1a: Ogerpon|0 fnt
|faint|p1a: Ogerpon
|-damage|p2a: Talonflame|47/100|[from] Recoil
|
|upkeep
|
|t:|1779949169
|switch|p1a: Umbreon|Umbreon, M, shiny|100/100
|turn|3
|
|t:|1779949175
|move|p2a: Talonflame|Will-O-Wisp|p1a: Umbreon
|-status|p1a: Umbreon|brn
|-activate|p1a: Umbreon|ability: Synchronize
|-immune|p2a: Talonflame
|move|p1a: Umbreon|Toxic|p2a: Talonflame
|-status|p2a: Talonflame|tox
|
|-damage|p2a: Talonflame|41/100 tox|[from] psn
|-damage|p1a: Umbreon|94/100 brn|[from] brn
|upkeep
|turn|4
|
|t:|1779949196
|switch|p2a: Lucario|Lucario, F|100/100
|move|p1a: Umbreon|Foul Play|p2a: Lucario
|-resisted|p2a: Lucario
|-damage|p2a: Lucario|90/100
|
|-heal|p1a: Umbreon|100/100 brn|[from] item: Leftovers
|-damage|p1a: Umbreon|94/100 brn|[from] brn
|upkeep
|turn|5
|
|t:|1779949223
|switch|p1a: Dragonite|Dragonite, F, shiny|100/100
|move|p2a: Lucario|Nasty Plot|p2a: Lucario
|-boost|p2a: Lucario|spa|2
|
|upkeep
|turn|6
|
|t:|1779949232
|move|p2a: Lucario|Steel Beam|p1a: Dragonite
|-damage|p1a: Dragonite|33/100
|-damage|p2a: Lucario|40/100|[from] steelbeam
|move|p1a: Dragonite|Earthquake|p2a: Lucario
|-supereffective|p2a: Lucario
|-damage|p2a: Lucario|0 fnt
|faint|p2a: Lucario
|
|upkeep
|
|t:|1779949252
|switch|p2a: Froslass|Froslass, F|100/100
|turn|7
|
|t:|1779949268
|switch|p1a: Kingambit|Kingambit, M, shiny|100/100
|-activate|p1a: Kingambit|ability: Supreme Overlord
|-start|p1a: Kingambit|fallen1|[silent]
|move|p2a: Froslass|Ice Shard|p1a: Kingambit
|-resisted|p1a: Kingambit
|-damage|p1a: Kingambit|96/100
|
|upkeep
|turn|8
|
|t:|1779949278
|switch|p2a: Talonflame|Talonflame, M|41/100 tox
|move|p1a: Kingambit|Swords Dance|p1a: Kingambit
|-boost|p1a: Kingambit|atk|2
|
|-damage|p2a: Talonflame|35/100 tox|[from] psn
|upkeep
|turn|9
|
|t:|1779949285
|move|p2a: Talonflame|Will-O-Wisp|p1a: Kingambit
|-status|p1a: Kingambit|brn
|move|p1a: Kingambit|Swords Dance|p1a: Kingambit
|-boost|p1a: Kingambit|atk|2
|
|-damage|p2a: Talonflame|23/100 tox|[from] psn
|-damage|p1a: Kingambit|89/100 brn|[from] brn
|upkeep
|turn|10
|
|t:|1779949296
|move|p2a: Talonflame|Flare Blitz|p1a: Kingambit
|-supereffective|p1a: Kingambit
|-damage|p1a: Kingambit|7/100 brn
|-damage|p2a: Talonflame|0 fnt|[from] Recoil
|faint|p2a: Talonflame
|move|p1a: Kingambit|Swords Dance|p1a: Kingambit
|-boost|p1a: Kingambit|atk|2
|
|-damage|p1a: Kingambit|0 fnt|[from] brn
|faint|p1a: Kingambit
|-end|p1a: Kingambit|fallen1|[silent]
|upkeep
|
|t:|1779949317
|switch|p2a: Vaporeon|Vaporeon, M|100/100
|switch|p1a: Umbreon|Umbreon, M, shiny|94/100 brn
|turn|11
|
|t:|1779949327
|switch|p2a: Clodsire|Clodsire, F|100/100
|move|p1a: Umbreon|Toxic|p2a: Clodsire
|-immune|p2a: Clodsire
|
|-heal|p1a: Umbreon|100/100 brn|[from] item: Leftovers
|-damage|p1a: Umbreon|94/100 brn|[from] brn
|upkeep
|turn|12
|
|t:|1779949336
|move|p1a: Umbreon|Foul Play|p2a: Clodsire
|-damage|p2a: Clodsire|84/100
|move|p2a: Clodsire|Stealth Rock|p1a: Umbreon
|-sidestart|p1: K1isho|move: Stealth Rock
|
|-heal|p1a: Umbreon|100/100 brn|[from] item: Leftovers
|-heal|p2a: Clodsire|90/100|[from] item: Black Sludge
|-damage|p1a: Umbreon|94/100 brn|[from] brn
|upkeep
|turn|13
|
|t:|1779949348
|switch|p1a: Slowking|Slowking-Galar, F, shiny|100/100
|-damage|p1a: Slowking|88/100|[from] Stealth Rock
|move|p2a: Clodsire|Earthquake|p1a: Slowking
|-supereffective|p1a: Slowking
|-damage|p1a: Slowking|10/100
|
|-heal|p2a: Clodsire|97/100|[from] item: Black Sludge
|upkeep
|turn|14
|
|t:|1779949361
|switch|p2a: Meowscarada|Meowscarada, F|100/100
|-terastallize|p1a: Slowking|Fairy
|move|p1a: Slowking|Future Sight|p2a: Meowscarada
|-start|p1a: Slowking|move: Future Sight
|
|upkeep
|turn|15
|
|t:|1779949374
|move|p2a: Meowscarada|U-turn|p1a: Slowking
|-start|p2a: Meowscarada|typechange|Bug|[from] ability: Protean
|-resisted|p1a: Slowking
|-damage|p1a: Slowking|0 fnt
|faint|p1a: Slowking
|-damage|p2a: Meowscarada|91/100|[from] item: Life Orb
|
|t:|1779949384
|switch|p2a: Vaporeon|Vaporeon, M|100/100|[from] U-turn
|
|upkeep
|
|t:|1779949394
|switch|p1a: Dragonite|Dragonite, F, shiny|33/100
|turn|16
|
|t:|1779949405
|move|p1a: Dragonite|Earthquake|p2a: Vaporeon
|-damage|p2a: Vaporeon|70/100
|move|p2a: Vaporeon|Wish|p2a: Vaporeon
|
|-end|p2a: Vaporeon|move: Future Sight
|-damage|p2a: Vaporeon|29/100
|-heal|p2a: Vaporeon|35/100|[from] item: Leftovers
|upkeep
|turn|17
|
|t:|1779949413
|move|p2a: Vaporeon|Protect|p2a: Vaporeon
|-singleturn|p2a: Vaporeon|Protect
|move|p1a: Dragonite|Extreme Speed|p2a: Vaporeon
|-activate|p2a: Vaporeon|move: Protect
|
|-heal|p2a: Vaporeon|85/100|[from] move: Wish|[wisher] Vaporeon
|-heal|p2a: Vaporeon|91/100|[from] item: Leftovers
|upkeep
|turn|18
|
|t:|1779949427
|move|p1a: Dragonite|Roost|p1a: Dragonite
|-heal|p1a: Dragonite|83/100
|-singleturn|p1a: Dragonite|move: Roost
|move|p2a: Vaporeon|Scald|p1a: Dragonite
|-resisted|p1a: Dragonite
|-damage|p1a: Dragonite|63/100
|
|-heal|p2a: Vaporeon|98/100|[from] item: Leftovers
|upkeep
|turn|19
|
|t:|1779949439
|switch|p2a: Froslass|Froslass, F|100/100
|move|p1a: Dragonite|Dragon Dance|p1a: Dragonite
|-boost|p1a: Dragonite|atk|1
|-boost|p1a: Dragonite|spe|1
|
|upkeep
|turn|20
|
|t:|1779949452
|move|p2a: Froslass|Ice Shard|p1a: Dragonite
|-supereffective|p1a: Dragonite
|-damage|p1a: Dragonite|15/100
|move|p1a: Dragonite|Earthquake|p2a: Froslass
|-damage|p2a: Froslass|26/100
|-start|p1a: Dragonite|Disable|Earthquake|[from] ability: Cursed Body|[of] p2a: Froslass
|
|-heal|p2a: Froslass|33/100|[from] item: Leftovers
|upkeep
|turn|21
|
|t:|1779949469
|move|p2a: Froslass|Ice Shard|p1a: Dragonite
|-supereffective|p1a: Dragonite
|-damage|p1a: Dragonite|0 fnt
|faint|p1a: Dragonite
|
|-heal|p2a: Froslass|39/100|[from] item: Leftovers
|upkeep
|
|t:|1779949476
|switch|p1a: Great Tusk|Great Tusk, shiny|94/100 brn
|-damage|p1a: Great Tusk|91/100 brn|[from] Stealth Rock
|turn|22
|
|t:|1779949487
|move|p2a: Froslass|Ice Beam|p1a: Great Tusk
|-supereffective|p1a: Great Tusk
|-damage|p1a: Great Tusk|0 fnt
|faint|p1a: Great Tusk
|-end|p1a: Great Tusk|Protosynthesis|[silent]
|
|-heal|p2a: Froslass|45/100|[from] item: Leftovers
|upkeep
|
|t:|1779949494
|switch|p1a: Umbreon|Umbreon, M, shiny|94/100 brn
|-damage|p1a: Umbreon|82/100 brn|[from] Stealth Rock
|turn|23
|
|t:|1779949509
|move|p2a: Froslass|Ice Beam|p1a: Umbreon
|-damage|p1a: Umbreon|62/100 brn
|move|p1a: Umbreon|Foul Play|p2a: Froslass
|-supereffective|p2a: Froslass
|-damage|p2a: Froslass|13/100
|
|-heal|p2a: Froslass|19/100|[from] item: Leftovers
|-heal|p1a: Umbreon|68/100 brn|[from] item: Leftovers
|-damage|p1a: Umbreon|62/100 brn|[from] brn
|upkeep
|turn|24
|
|t:|1779949519
|move|p2a: Froslass|Ice Beam|p1a: Umbreon
|-damage|p1a: Umbreon|43/100 brn
|move|p1a: Umbreon|Wish|p1a: Umbreon
|
|-heal|p2a: Froslass|25/100|[from] item: Leftovers
|-heal|p1a: Umbreon|49/100 brn|[from] item: Leftovers
|-damage|p1a: Umbreon|43/100 brn|[from] brn
|upkeep
|turn|25
|
|t:|1779949529
|move|p2a: Froslass|Ice Beam|p1a: Umbreon
|-damage|p1a: Umbreon|23/100 brn
|move|p1a: Umbreon|Foul Play|p2a: Froslass
|-supereffective|p2a: Froslass
|-damage|p2a: Froslass|0 fnt
|-start|p1a: Umbreon|Disable|Foul Play|[from] ability: Cursed Body|[of] p2a: Froslass
|faint|p2a: Froslass
|
|-heal|p1a: Umbreon|73/100 brn|[from] move: Wish|[wisher] Umbreon
|-heal|p1a: Umbreon|79/100 brn|[from] item: Leftovers
|-damage|p1a: Umbreon|73/100 brn|[from] brn
|upkeep
|
|t:|1779949543
|switch|p2a: Meowscarada|Meowscarada, F|91/100
|turn|26
|
|t:|1779949549
|move|p2a: Meowscarada|U-turn|p1a: Umbreon
|-start|p2a: Meowscarada|typechange|Bug|[from] ability: Protean
|-supereffective|p1a: Umbreon
|-damage|p1a: Umbreon|0 fnt
|faint|p1a: Umbreon
|-damage|p2a: Meowscarada|81/100|[from] item: Life Orb
|
|win|PandaToTo
|raw|K1isho's rating: 1096 &rarr; <strong>1073</strong><br />(-23 for losing)
|raw|PandaToTo's rating: 1109 &rarr; <strong>1133</strong><br />(+24 for winning)
|l|☆K1isho
|player|p1|
