|j|☆Cut my the
|j|☆aj15rj
|t:|1779875173
|gametype|singles
|player|p1|Cut my the|lass-gen4dp|1157
|player|p2|aj15rj|102|1201
|gen|9
|tier|[Gen 9] OU
|rated|
|rule|HP Percentage Mod: HP is shown in percentages
|rule|Endless Battle Clause: Forcing endless battles is banned
|rule|Species Clause: Limit one of each Pokémon
|rule|OHKO Clause: OHKO moves are banned
|rule|Evasion Items Clause: Evasion items are banned
|rule|Evasion Moves Clause: Evasion moves are banned
|rule|Evasion Abilities Clause: Evasion abilities are banned
|rule|Sleep Moves Clause: Sleep-inducing moves are banned
|clearpoke
|poke|p1|Araquanid, F|
|poke|p1|Honchkrow, M|
|poke|p1|Great Tusk|
|poke|p1|Dragonite, M|
|poke|p1|Glimmora, M|
|poke|p1|Gholdengo|
|poke|p2|Mimikyu, F|
|poke|p2|Heatran, M|
|poke|p2|Volcanion|
|poke|p2|Overqwil, F|
|poke|p2|Staraptor, M|
|poke|p2|Toxapex, F|
|teampreview
|inactive|Battle timer is ON: inactive players will automatically lose when time's up. (requested by Cut my the)
|inactive|aj15rj also wants the timer to be on.
|
|t:|1779875183
|teamsize|p1|6
|teamsize|p2|6
|start
|switch|p1a: Quanidriana|Araquanid, F|100/100
|switch|p2a: Toxapex|Toxapex, F, shiny|100/100
|turn|1
|
|t:|1779875190
|move|p2a: Toxapex|Baneful Bunker|p2a: Toxapex
|-singleturn|p2a: Toxapex|move: Protect
|move|p1a: Quanidriana|Sticky Web|p2a: Toxapex
|-sidestart|p2: aj15rj|move: Sticky Web
|
|upkeep
|turn|2
|
|t:|1779875199
|switch|p1a: Furio Glimunta|Glimmora, M|100/100
|move|p2a: Toxapex|Toxic Spikes|p1a: Furio Glimunta
|-sidestart|p1: Cut my the|move: Toxic Spikes
|
|upkeep
|turn|3
|
|t:|1779875204
|move|p1a: Furio Glimunta|Stealth Rock|p2a: Toxapex
|-sidestart|p2: aj15rj|move: Stealth Rock
|move|p2a: Toxapex|Toxic Spikes|p1a: Furio Glimunta
|-sidestart|p1: Cut my the|move: Toxic Spikes
|
|upkeep
|turn|4
|
|t:|1779875214
|move|p2a: Toxapex|Baneful Bunker|p2a: Toxapex
|-singleturn|p2a: Toxapex|move: Protect
|move|p1a: Furio Glimunta|Meteor Beam||[still]
|-prepare|p1a: Furio Glimunta|Meteor Beam
|-boost|p1a: Furio Glimunta|spa|1
|-enditem|p1a: Furio Glimunta|Power Herb
|-anim|p1a: Furio Glimunta|Meteor Beam|p2a: Toxapex
|-activate|p2a: Toxapex|move: Protect
|
|upkeep
|turn|5
|
|t:|1779875224
|move|p1a: Furio Glimunta|Earth Power|p2a: Toxapex
|-supereffective|p2a: Toxapex
|-damage|p2a: Toxapex|17/100
|-unboost|p2a: Toxapex|spd|1
|move|p2a: Toxapex|Hex|p1a: Furio Glimunta
|-damage|p1a: Furio Glimunta|88/100
|
|upkeep
|turn|6
|
|t:|1779875231
|switch|p1a: Uncle Junite|Dragonite, M|100/100
|move|p2a: Toxapex|Baneful Bunker||[still]
|-fail|p2a: Toxapex
|
|upkeep
|turn|7
|
|t:|1779875237
|move|p1a: Uncle Junite|Encore|p2a: Toxapex
|-start|p2a: Toxapex|Encore
|move|p2a: Toxapex|Baneful Bunker||[still]
|-fail|p2a: Toxapex
|
|upkeep
|turn|8
|
|t:|1779875242
|move|p2a: Toxapex|Baneful Bunker|p2a: Toxapex
|-singleturn|p2a: Toxapex|move: Protect
|move|p1a: Uncle Junite|Dragon Dance|p1a: Uncle Junite
|-boost|p1a: Uncle Junite|atk|1
|-boost|p1a: Uncle Junite|spe|1
|
|upkeep
|turn|9
|
|t:|1779875248
|move|p2a: Toxapex|Baneful Bunker||[still]
|-fail|p2a: Toxapex
|move|p1a: Uncle Junite|Dragon Dance|p1a: Uncle Junite
|-boost|p1a: Uncle Junite|atk|1
|-boost|p1a: Uncle Junite|spe|1
|
|-end|p2a: Toxapex|Encore
|upkeep
|turn|10
|
|t:|1779875255
|move|p1a: Uncle Junite|Encore|p2a: Toxapex
|-start|p2a: Toxapex|Encore
|move|p2a: Toxapex|Baneful Bunker||[still]
|-fail|p2a: Toxapex
|
|upkeep
|turn|11
|
|t:|1779875263
|move|p2a: Toxapex|Baneful Bunker|p2a: Toxapex
|-singleturn|p2a: Toxapex|move: Protect
|move|p1a: Uncle Junite|Dragon Dance|p1a: Uncle Junite
|-boost|p1a: Uncle Junite|atk|1
|-boost|p1a: Uncle Junite|spe|1
|
|upkeep
|turn|12
|
|t:|1779875270
|move|p2a: Toxapex|Baneful Bunker|p2a: Toxapex
|-singleturn|p2a: Toxapex|move: Protect
|move|p1a: Uncle Junite|Dragon Dance|p1a: Uncle Junite
|-boost|p1a: Uncle Junite|atk|1
|-boost|p1a: Uncle Junite|spe|1
|
|-end|p2a: Toxapex|Encore
|upkeep
|turn|13
|
|t:|1779875277
|move|p2a: Toxapex|Baneful Bunker||[still]
|-fail|p2a: Toxapex
|move|p1a: Uncle Junite|Encore|p2a: Toxapex
|-start|p2a: Toxapex|Encore
|
|upkeep
|turn|14
|
|t:|1779875281
|move|p2a: Toxapex|Baneful Bunker|p2a: Toxapex
|-singleturn|p2a: Toxapex|move: Protect
|move|p1a: Uncle Junite|Dragon Dance|p1a: Uncle Junite
|-boost|p1a: Uncle Junite|atk|1
|-boost|p1a: Uncle Junite|spe|1
|
|upkeep
|turn|15
|
|t:|1779875287
|move|p2a: Toxapex|Baneful Bunker||[still]
|-fail|p2a: Toxapex
|move|p1a: Uncle Junite|Dragon Dance|p1a: Uncle Junite
|-boost|p1a: Uncle Junite|atk|1
|-boost|p1a: Uncle Junite|spe|1
|
|upkeep
|turn|16
|
|t:|1779875292
|move|p2a: Toxapex|Baneful Bunker|p2a: Toxapex
|-singleturn|p2a: Toxapex|move: Protect
|move|p1a: Uncle Junite|Scale Shot|p2a: Toxapex
|-activate|p2a: Toxapex|move: Protect
|
|-end|p2a: Toxapex|Encore
|upkeep
|turn|17
|
|t:|1779875299
|move|p1a: Uncle Junite|Scale Shot|p2a: Toxapex
|-damage|p2a: Toxapex|0 fnt
|faint|p2a: Toxapex
|-hitcount|p2: Toxapex|1
|-unboost|p1a: Uncle Junite|def|1
|
|upkeep
|
|t:|1779875305
|switch|p2a: Mimikyu|Mimikyu, F|100/100
|-activate|p2a: Mimikyu|move: Sticky Web
|-unboost|p2a: Mimikyu|spe|1
|-damage|p2a: Mimikyu|88/100|[from] Stealth Rock
|turn|18
|
|t:|1779875310
|move|p1a: Uncle Junite|Fire Punch|p2a: Mimikyu
|-activate|p2a: Mimikyu|ability: Disguise
|-damage|p2a: Mimikyu|88/100
|-status|p2a: Mimikyu|brn
|detailschange|p2a: Mimikyu|Mimikyu-Busted, F
|-damage|p2a: Mimikyu|76/100 brn|[from] pokemon: Mimikyu-Busted
|-enditem|p2a: Mimikyu|Red Card|[of] p1a: Uncle Junite
|drag|p1a: Gabbaghold|Gholdengo|100/100
|-item|p1a: Gabbaghold|Air Balloon
|move|p2a: Mimikyu|Swords Dance|p2a: Mimikyu
|-boost|p2a: Mimikyu|atk|2
|
|-damage|p2a: Mimikyu|70/100 brn|[from] brn
|upkeep
|turn|19
|
|t:|1779875323
|switch|p1a: Furio Glimunta|Glimmora, M|88/100
|-sideend|p1: Cut my the|move: Toxic Spikes|[of] p1a: Furio Glimunta
|move|p2a: Mimikyu|Phantom Force||[still]
|-prepare|p2a: Mimikyu|Phantom Force
|
|-damage|p2a: Mimikyu|64/100 brn|[from] brn
|upkeep
|turn|20
|
|t:|1779875335
|move|p1a: Furio Glimunta|Meteor Beam||[still]
|-prepare|p1a: Furio Glimunta|Meteor Beam
|-boost|p1a: Furio Glimunta|spa|1
|move|p2a: Mimikyu|Phantom Force|p1a: Furio Glimunta|[from] lockedmove
|-damage|p1a: Furio Glimunta|44/100
|-activate|p1a: Furio Glimunta|ability: Toxic Debris
|-sidestart|p2: aj15rj|move: Toxic Spikes
|
|-damage|p2a: Mimikyu|58/100 brn|[from] brn
|upkeep
|turn|21
|
|t:|1779875345
|move|p1a: Furio Glimunta|Meteor Beam|p2a: Mimikyu|[from] lockedmove|[miss]
|-miss|p1a: Furio Glimunta|p2a: Mimikyu
|move|p2a: Mimikyu|Phantom Force||[still]
|-prepare|p2a: Mimikyu|Phantom Force
|
|-damage|p2a: Mimikyu|52/100 brn|[from] brn
|upkeep
|turn|22
|
|t:|1779875360
|move|p1a: Furio Glimunta|Meteor Beam||[still]
|-prepare|p1a: Furio Glimunta|Meteor Beam
|-boost|p1a: Furio Glimunta|spa|1
|move|p2a: Mimikyu|Phantom Force|p1a: Furio Glimunta|[from] lockedmove
|-damage|p1a: Furio Glimunta|0 fnt
|-activate|p1a: Furio Glimunta|ability: Toxic Debris
|-sidestart|p2: aj15rj|move: Toxic Spikes
|faint|p1a: Furio Glimunta
|
|-damage|p2a: Mimikyu|46/100 brn|[from] brn
|upkeep
|
|t:|1779875367
|switch|p1a: Tony Soprankrow|Honchkrow, M|100/100
|turn|23
|
|t:|1779875370
|move|p1a: Tony Soprankrow|Brave Bird|p2a: Mimikyu
|-damage|p2a: Mimikyu|0 fnt
|faint|p2a: Mimikyu
|-ability|p1a: Tony Soprankrow|Moxie|boost
|-boost|p1a: Tony Soprankrow|atk|1
|-damage|p1a: Tony Soprankrow|89/100|[from] Recoil
|-damage|p1a: Tony Soprankrow|79/100|[from] item: Life Orb
|
|upkeep
|
|t:|1779875378
|switch|p2a: Overqwil|Overqwil, F, shiny|100/100
|-activate|p2a: Overqwil|move: Sticky Web
|-unboost|p2a: Overqwil|spe|1
|-damage|p2a: Overqwil|88/100|[from] Stealth Rock
|-sideend|p2: aj15rj|move: Toxic Spikes|[of] p2a: Overqwil
|-ability|p2a: Overqwil|Intimidate|boost
|-unboost|p1a: Tony Soprankrow|atk|1
|turn|24
|
|t:|1779875388
|switch|p1a: Hesh Rocksspin|Great Tusk|100/100
|-enditem|p1a: Hesh Rocksspin|Booster Energy
|-activate|p1a: Hesh Rocksspin|ability: Protosynthesis|[fromitem]
|-start|p1a: Hesh Rocksspin|protosynthesisatk
|move|p2a: Overqwil|Barb Barrage|p1a: Hesh Rocksspin
|-resisted|p1a: Hesh Rocksspin
|-damage|p1a: Hesh Rocksspin|91/100
|-status|p1a: Hesh Rocksspin|psn
|
|-damage|p1a: Hesh Rocksspin|78/100 psn|[from] psn
|upkeep
|turn|25
|
|t:|1779875398
|move|p2a: Overqwil|Aqua Jet|p1a: Hesh Rocksspin
|-supereffective|p1a: Hesh Rocksspin
|-damage|p1a: Hesh Rocksspin|58/100 psn
|move|p1a: Hesh Rocksspin|Rapid Spin|p2a: Overqwil
|-damage|p2a: Overqwil|63/100
|-boost|p1a: Hesh Rocksspin|spe|1
|
|-damage|p1a: Hesh Rocksspin|46/100 psn|[from] psn
|upkeep
|turn|26
|
|t:|1779875406
|move|p2a: Overqwil|Aqua Jet|p1a: Hesh Rocksspin
|-supereffective|p1a: Hesh Rocksspin
|-damage|p1a: Hesh Rocksspin|27/100 psn
|move|p1a: Hesh Rocksspin|Headlong Rush|p2a: Overqwil
|-supereffective|p2a: Overqwil
|-damage|p2a: Overqwil|0 fnt
|-unboost|p1a: Hesh Rocksspin|def|1
|-unboost|p1a: Hesh Rocksspin|spd|1
|faint|p2a: Overqwil
|
|-damage|p1a: Hesh Rocksspin|15/100 psn|[from] psn
|upkeep
|
|t:|1779875416
|switch|p2a: Staraptor|Staraptor, M|100/100
|-damage|p2a: Staraptor|76/100|[from] Stealth Rock
|turn|27
|
|t:|1779875420
|move|p2a: Staraptor|Quick Attack|p1a: Hesh Rocksspin
|-damage|p1a: Hesh Rocksspin|0 fnt
|faint|p1a: Hesh Rocksspin
|-end|p1a: Hesh Rocksspin|Protosynthesis|[silent]
|-damage|p2a: Staraptor|66/100|[from] item: Life Orb
|
|upkeep
|
|t:|1779875430
|switch|p1a: Tony Soprankrow|Honchkrow, M|79/100
|turn|28
|
|t:|1779875433
|move|p1a: Tony Soprankrow|Sucker Punch|p2a: Staraptor
|-damage|p2a: Staraptor|4/100
|-damage|p1a: Tony Soprankrow|69/100|[from] item: Life Orb
|move|p2a: Staraptor|Double-Edge|p1a: Tony Soprankrow
|-damage|p1a: Tony Soprankrow|0 fnt
|faint|p1a: Tony Soprankrow
|-damage|p2a: Staraptor|0 fnt|[from] Recoil
|faint|p2a: Staraptor
|
|upkeep
|
|t:|1779875446
|switch|p2a: Heatran|Heatran, M|100/100
|switch|p1a: Gabbaghold|Gholdengo|100/100
|-item|p1a: Gabbaghold|Air Balloon
|-damage|p2a: Heatran|88/100|[from] Stealth Rock
|-item|p2a: Heatran|Air Balloon
|turn|29
|
|t:|1779875454
|switch|p1a: Quanidriana|Araquanid, F|100/100
|move|p2a: Heatran|Flamethrower|p1a: Quanidriana
|-crit|p1a: Quanidriana
|-damage|p1a: Quanidriana|70/100
|
|upkeep
|turn|30
|
|t:|1779875461
|switch|p2a: Volcanion|Volcanion|100/100
|-activate|p2a: Volcanion|move: Sticky Web
|-unboost|p2a: Volcanion|spe|1
|-damage|p2a: Volcanion|76/100|[from] Stealth Rock
|move|p1a: Quanidriana|Endeavor|p2a: Volcanion
|-damage|p2a: Volcanion|66/100
|
|upkeep
|turn|31
|
|t:|1779875471
|move|p1a: Quanidriana|Bug Buzz|p2a: Volcanion
|-resisted|p2a: Volcanion
|-damage|p2a: Volcanion|57/100
|move|p2a: Volcanion|Sludge Bomb|p1a: Quanidriana
|-damage|p1a: Quanidriana|45/100
|-status|p1a: Quanidriana|psn
|
|-damage|p1a: Quanidriana|33/100 psn|[from] psn
|upkeep
|turn|32
|
|t:|1779875479
|move|p1a: Quanidriana|Endeavor|p2a: Volcanion
|-damage|p2a: Volcanion|31/100
|move|p2a: Volcanion|Flamethrower|p1a: Quanidriana
|-damage|p1a: Quanidriana|13/100 psn
|
|-damage|p1a: Quanidriana|0 fnt|[from] psn
|faint|p1a: Quanidriana
|upkeep
|
|t:|1779875483
|switch|p1a: Uncle Junite|Dragonite, M|100/100
|turn|33
|
|t:|1779875494
|-terastallize|p1a: Uncle Junite|Fire
|move|p1a: Uncle Junite|Dragon Dance|p1a: Uncle Junite
|-boost|p1a: Uncle Junite|atk|1
|-boost|p1a: Uncle Junite|spe|1
|move|p2a: Volcanion|Sludge Bomb|p1a: Uncle Junite
|-damage|p1a: Uncle Junite|81/100
|
|upkeep
|turn|34
|
|t:|1779875504
|move|p1a: Uncle Junite|Scale Shot|p2a: Volcanion
|-damage|p2a: Volcanion|14/100
|-damage|p2a: Volcanion|0 fnt
|faint|p2a: Volcanion
|-hitcount|p2: Volcanion|2
|-unboost|p1a: Uncle Junite|def|1
|-boost|p1a: Uncle Junite|spe|1
|
|upkeep
|
|t:|1779875511
|switch|p2a: Heatran|Heatran, M|88/100
|-damage|p2a: Heatran|76/100|[from] Stealth Rock
|-item|p2a: Heatran|Air Balloon
|turn|35
|
|t:|1779875518
|move|p1a: Uncle Junite|Scale Shot|p2a: Heatran
|-resisted|p2a: Heatran
|-damage|p2a: Heatran|66/100
|-enditem|p2a: Heatran|Air Balloon
|-resisted|p2a: Heatran
|-damage|p2a: Heatran|57/100
|-resisted|p2a: Heatran
|-damage|p2a: Heatran|48/100
|-resisted|p2a: Heatran
|-damage|p2a: Heatran|39/100
|-resisted|p2a: Heatran
|-damage|p2a: Heatran|31/100
|-hitcount|p2a: Heatran|5
|-unboost|p1a: Uncle Junite|def|1
|-boost|p1a: Uncle Junite|spe|1
|move|p2a: Heatran|Earth Power|p1a: Uncle Junite
|-supereffective|p1a: Uncle Junite
|-damage|p1a: Uncle Junite|15/100
|
|upkeep
|turn|36
|
|t:|1779875534
|move|p1a: Uncle Junite|Scale Shot|p2a: Heatran
|-resisted|p2a: Heatran
|-damage|p2a: Heatran|22/100
|-resisted|p2a: Heatran
|-damage|p2a: Heatran|12/100
|-resisted|p2a: Heatran
|-damage|p2a: Heatran|3/100
|-resisted|p2a: Heatran
|-damage|p2a: Heatran|0 fnt
|faint|p2a: Heatran
|-hitcount|p2: Heatran|4
|
|win|Cut my the
|raw|Cut my the's rating: 1157 &rarr; <strong>1185</strong><br />(+28 for winning)
|raw|aj15rj's rating: 1201 &rarr; <strong>1173</strong><br />(-28 for losing)
|l|☆aj15rj
|player|p2|
|l|☆Cut my the
|player|p1|
