|j|☆xiaochoubushiwo
|j|☆Metaphor280
|t:|1779907184
|gametype|singles
|player|p1|xiaochoubushiwo|pokemaniac|1321
|player|p2|Metaphor280|acetrainerf|1303
|gen|9
|tier|[Gen 9] OU
|rated|
|rule|HP Percentage Mod: HP is shown in percentages
|rule|Endless Battle Clause: Forcing endless battles is banned
|rule|Species Clause: Limit one of each Pokémon
|rule|OHKO Clause: OHKO moves are banned
|rule|Evasion Items Clause: Evasion items are banned
|rule|Evasion Moves Clause: Evasion moves are banned
|rule|Evasion Abilities Clause: Evasion abilities are banned
|rule|Sleep Moves Clause: Sleep-inducing moves are banned
|clearpoke
|poke|p1|Toxapex, F|
|poke|p1|Hippowdon, M|
|poke|p1|Skeledirge, M|
|poke|p1|Dondozo, M|
|poke|p1|Gliscor, F|
|poke|p1|Serperior, F|
|poke|p2|Kingambit, F|
|poke|p2|Kommo-o, M|
|poke|p2|Iron Valiant|
|poke|p2|Kyurem|
|poke|p2|Iron Treads|
|poke|p2|Iron Crown|
|teampreview
|inactive|Battle timer is ON: inactive players will automatically lose when time's up. (requested by Metaphor280)
|inactive|Metaphor280 has 120 seconds left.
|
|t:|1779907239
|teamsize|p1|6
|teamsize|p2|6
|start
|switch|p1a: Hippowdon|Hippowdon, M|100/100
|switch|p2a: Kyurem|Kyurem|100/100
|-ability|p2a: Kyurem|Pressure
|-weather|Sandstorm|[from] ability: Sand Stream|[of] p1a: Hippowdon
|turn|1
|
|t:|1779907251
|switch|p1a: Toxapex|Toxapex, F|100/100
|move|p2a: Kyurem|Icicle Spear|p1a: Toxapex
|-resisted|p1a: Toxapex
|-damage|p1a: Toxapex|96/100
|-resisted|p1a: Toxapex
|-damage|p1a: Toxapex|91/100
|-resisted|p1a: Toxapex
|-damage|p1a: Toxapex|86/100
|-resisted|p1a: Toxapex
|-damage|p1a: Toxapex|81/100
|-resisted|p1a: Toxapex
|-crit|p1a: Toxapex
|-damage|p1a: Toxapex|75/100
|-hitcount|p1a: Toxapex|5
|
|-weather|Sandstorm|[upkeep]
|-damage|p2a: Kyurem|94/100|[from] Sandstorm
|-damage|p1a: Toxapex|68/100|[from] Sandstorm
|-heal|p1a: Toxapex|75/100|[from] item: Black Sludge
|upkeep
|turn|2
|
|t:|1779907274
|switch|p2a: Kingambit|Kingambit, F|100/100
|move|p1a: Toxapex|Toxic|p2a: Kingambit
|-immune|p2a: Kingambit
|
|-weather|Sandstorm|[upkeep]
|-damage|p1a: Toxapex|68/100|[from] Sandstorm
|-heal|p1a: Toxapex|75/100|[from] item: Black Sludge
|upkeep
|turn|3
|
|t:|1779907291
|switch|p1a: Hippowdon|Hippowdon, M|100/100
|move|p2a: Kingambit|Low Kick|p1a: Hippowdon
|-damage|p1a: Hippowdon|77/100
|
|-weather|Sandstorm|[upkeep]
|upkeep
|turn|4
|inactive|Metaphor280 has 120 seconds left.
|
|t:|1779907311
|-end|p2a: Kingambit|fallenundefined|[silent]
|switch|p2a: Kommo-o|Kommo-o, M|100/100
|move|p1a: Hippowdon|Earthquake|p2a: Kommo-o
|-damage|p2a: Kommo-o|71/100
|
|-weather|Sandstorm|[upkeep]
|-damage|p2a: Kommo-o|64/100|[from] Sandstorm
|-heal|p2a: Kommo-o|71/100|[from] item: Leftovers
|upkeep
|turn|5
|inactive|Metaphor280 has 120 seconds left.
|
|t:|1779907327
|move|p2a: Kommo-o|Drain Punch|p1a: Hippowdon
|-damage|p1a: Hippowdon|63/100
|-heal|p2a: Kommo-o|79/100|[from] drain|[of] p1a: Hippowdon
|move|p1a: Hippowdon|Earthquake|p2a: Kommo-o
|-damage|p2a: Kommo-o|46/100
|
|-weather|none
|-heal|p2a: Kommo-o|52/100|[from] item: Leftovers
|upkeep
|turn|6
|inactive|Metaphor280 has 120 seconds left.
|
|t:|1779907344
|switch|p2a: Kyurem|Kyurem|94/100
|-ability|p2a: Kyurem|Pressure
|move|p1a: Hippowdon|Slack Off|p1a: Hippowdon
|-heal|p1a: Hippowdon|100/100
|
|upkeep
|turn|7
|inactive|Metaphor280 has 120 seconds left.
|
|t:|1779907360
|switch|p1a: Toxapex|Toxapex, F|100/100
|move|p2a: Kyurem|Earth Power|p1a: Toxapex
|-supereffective|p1a: Toxapex
|-crit|p1a: Toxapex
|-damage|p1a: Toxapex|47/100
|
|-heal|p1a: Toxapex|53/100|[from] item: Black Sludge
|upkeep
|turn|8
|inactive|Metaphor280 has 120 seconds left.
|
|t:|1779907371
|move|p1a: Toxapex|Baneful Bunker|p1a: Toxapex
|-singleturn|p1a: Toxapex|move: Protect
|move|p2a: Kyurem|Icicle Spear|p1a: Toxapex
|-activate|p1a: Toxapex|move: Protect
|
|-heal|p1a: Toxapex|60/100|[from] item: Black Sludge
|upkeep
|turn|9
|
|t:|1779907379
|switch|p2a: Kingambit|Kingambit, F|100/100
|move|p1a: Toxapex|Recover|p1a: Toxapex
|-heal|p1a: Toxapex|100/100
|
|upkeep
|turn|10
|
|t:|1779907387
|switch|p1a: Gliscor|Gliscor, F|100/100
|move|p2a: Kingambit|Iron Head|p1a: Gliscor
|-damage|p1a: Gliscor|61/100
|
|-status|p1a: Gliscor|tox|[from] item: Toxic Orb
|upkeep
|turn|11
|inactive|Metaphor280 has 120 seconds left.
|
|t:|1779907407
|-end|p2a: Kingambit|fallenundefined|[silent]
|switch|p2a: Kommo-o|Kommo-o, M|52/100
|move|p1a: Gliscor|Earthquake|p2a: Kommo-o
|-damage|p2a: Kommo-o|26/100
|
|-heal|p2a: Kommo-o|32/100|[from] item: Leftovers
|-damage|p1a: Gliscor|55/100 tox|[from] psn
|upkeep
|turn|12
|inactive|Metaphor280 has 120 seconds left.
|
|t:|1779907421
|move|p2a: Kommo-o|Shadow Claw|p1a: Gliscor
|-damage|p1a: Gliscor|42/100 tox
|move|p1a: Gliscor|Earthquake|p2a: Kommo-o
|-damage|p2a: Kommo-o|5/100
|
|-heal|p2a: Kommo-o|12/100|[from] item: Leftovers
|-damage|p1a: Gliscor|30/100 tox|[from] psn
|upkeep
|turn|13
|c|☆Metaphor280|wait
|inactive|Metaphor280 has 120 seconds left.
|c|☆Metaphor280|are you not poison heal gliscor
|c|☆Metaphor280|LMAOOOOOO
|
|t:|1779907436
|move|p2a: Kommo-o|Shadow Claw|p1a: Gliscor
|-crit|p1a: Gliscor
|-damage|p1a: Gliscor|10/100 tox
|move|p1a: Gliscor|Facade|p2a: Kommo-o
|-crit|p2a: Kommo-o
|-damage|p2a: Kommo-o|0 fnt
|faint|p2a: Kommo-o
|
|-damage|p1a: Gliscor|0 fnt|[from] psn
|faint|p1a: Gliscor
|upkeep
|c|☆Metaphor280|smartest stall player
|
|t:|1779907457
|switch|p2a: Kyurem|Kyurem|94/100
|switch|p1a: Hippowdon|Hippowdon, M|100/100
|-ability|p2a: Kyurem|Pressure
|-weather|Sandstorm|[from] ability: Sand Stream|[of] p1a: Hippowdon
|turn|14
|
|t:|1779907466
|move|p2a: Kyurem|Earth Power|p1a: Hippowdon
|-damage|p1a: Hippowdon|70/100
|move|p1a: Hippowdon|Earthquake|p2a: Kyurem
|-damage|p2a: Kyurem|59/100
|
|-weather|Sandstorm|[upkeep]
|-damage|p2a: Kyurem|53/100|[from] Sandstorm
|upkeep
|turn|15
|
|t:|1779907471
|move|p2a: Kyurem|Icicle Spear|p1a: Hippowdon
|-supereffective|p1a: Hippowdon
|-damage|p1a: Hippowdon|55/100
|-supereffective|p1a: Hippowdon
|-damage|p1a: Hippowdon|41/100
|-enditem|p1a: Hippowdon|Sitrus Berry|[eat]
|-heal|p1a: Hippowdon|66/100|[from] item: Sitrus Berry
|-supereffective|p1a: Hippowdon
|-damage|p1a: Hippowdon|51/100
|-supereffective|p1a: Hippowdon
|-damage|p1a: Hippowdon|38/100
|-supereffective|p1a: Hippowdon
|-damage|p1a: Hippowdon|23/100
|-hitcount|p1a: Hippowdon|5
|move|p1a: Hippowdon|Earthquake|p2a: Kyurem
|-damage|p2a: Kyurem|17/100
|
|-weather|Sandstorm|[upkeep]
|-damage|p2a: Kyurem|11/100|[from] Sandstorm
|upkeep
|turn|16
|
|t:|1779907487
|switch|p1a: Dondozo|Dondozo, M|100/100
|move|p2a: Kyurem|Icicle Spear|p1a: Dondozo
|-resisted|p1a: Dondozo
|-damage|p1a: Dondozo|98/100
|-resisted|p1a: Dondozo
|-damage|p1a: Dondozo|95/100
|-resisted|p1a: Dondozo
|-damage|p1a: Dondozo|92/100
|-resisted|p1a: Dondozo
|-damage|p1a: Dondozo|89/100
|-hitcount|p1a: Dondozo|4
|
|-weather|Sandstorm|[upkeep]
|-damage|p2a: Kyurem|5/100|[from] Sandstorm
|-damage|p1a: Dondozo|83/100|[from] Sandstorm
|-heal|p1a: Dondozo|89/100|[from] item: Leftovers
|upkeep
|turn|17
|
|t:|1779907505
|switch|p2a: Kingambit|Kingambit, F|100/100
|-activate|p2a: Kingambit|ability: Supreme Overlord
|-start|p2a: Kingambit|fallen1|[silent]
|move|p1a: Dondozo|Curse|p1a: Dondozo
|-unboost|p1a: Dondozo|spe|1
|-boost|p1a: Dondozo|atk|1
|-boost|p1a: Dondozo|def|1
|
|-weather|Sandstorm|[upkeep]
|-damage|p1a: Dondozo|83/100|[from] Sandstorm
|-heal|p1a: Dondozo|89/100|[from] item: Leftovers
|upkeep
|turn|18
|
|t:|1779907514
|-end|p2a: Kingambit|fallen1|[silent]
|switch|p2a: Iron Crown|Iron Crown|100/100
|-enditem|p2a: Iron Crown|Booster Energy
|-activate|p2a: Iron Crown|ability: Quark Drive|[fromitem]
|-start|p2a: Iron Crown|quarkdrivespe
|move|p1a: Dondozo|Curse|p1a: Dondozo
|-unboost|p1a: Dondozo|spe|1
|-boost|p1a: Dondozo|atk|1
|-boost|p1a: Dondozo|def|1
|
|-weather|none
|-heal|p1a: Dondozo|96/100|[from] item: Leftovers
|upkeep
|turn|19
|
|t:|1779907522
|switch|p1a: Hippowdon|Hippowdon, M|23/100
|-weather|Sandstorm|[from] ability: Sand Stream|[of] p1a: Hippowdon
|move|p2a: Iron Crown|Psychic Noise|p1a: Hippowdon
|-damage|p1a: Hippowdon|0 fnt
|faint|p1a: Hippowdon
|
|-weather|Sandstorm|[upkeep]
|upkeep
|
|t:|1779907528
|switch|p1a: Serperior|Serperior, F|100/100
|turn|20
|inactive|Metaphor280 has 120 seconds left.
|
|t:|1779907548
|-end|p2a: Iron Crown|Quark Drive|[silent]
|switch|p2a: Iron Treads|Iron Treads|100/100
|-enditem|p2a: Iron Treads|Booster Energy
|-activate|p2a: Iron Treads|ability: Quark Drive|[fromitem]
|-start|p2a: Iron Treads|quarkdrivespe
|move|p1a: Serperior|Leech Seed|p2a: Iron Treads
|-start|p2a: Iron Treads|move: Leech Seed
|
|-weather|Sandstorm|[upkeep]
|-damage|p1a: Serperior|94/100|[from] Sandstorm
|-heal|p1a: Serperior|100/100|[from] item: Leftovers
|-damage|p2a: Iron Treads|88/100|[from] Leech Seed|[of] p1a: Serperior
|upkeep
|turn|21
|inactive|xiaochoubushiwo has 120 seconds left.
|
|t:|1779907598
|switch|p1a: Dondozo|Dondozo, M|96/100
|move|p2a: Iron Treads|Stealth Rock|p1a: Dondozo
|-sidestart|p1: xiaochoubushiwo|move: Stealth Rock
|
|-weather|Sandstorm|[upkeep]
|-damage|p1a: Dondozo|89/100|[from] Sandstorm
|-heal|p1a: Dondozo|96/100|[from] item: Leftovers
|-damage|p2a: Iron Treads|76/100|[from] Leech Seed|[of] p1a: Dondozo
|-heal|p1a: Dondozo|100/100|[silent]
|upkeep
|turn|22
|
|t:|1779907610
|move|p2a: Iron Treads|Rapid Spin|p1a: Dondozo
|-damage|p1a: Dondozo|95/100
|-boost|p2a: Iron Treads|spe|1
|-end|p2a: Iron Treads|Leech Seed|[from] move: Rapid Spin|[of] p2a: Iron Treads
|move|p1a: Dondozo|Wave Crash|p2a: Iron Treads
|-supereffective|p2a: Iron Treads
|-damage|p2a: Iron Treads|11/100
|-damage|p1a: Dondozo|79/100|[from] Recoil
|
|-weather|Sandstorm|[upkeep]
|-damage|p1a: Dondozo|73/100|[from] Sandstorm
|-heal|p1a: Dondozo|79/100|[from] item: Leftovers
|upkeep
|turn|23
|
|t:|1779907619
|move|p2a: Iron Treads|Endeavor|p1a: Dondozo
|-damage|p1a: Dondozo|8/100
|move|p1a: Dondozo|Wave Crash|p2a: Iron Treads
|-supereffective|p2a: Iron Treads
|-damage|p2a: Iron Treads|0 fnt
|faint|p2a: Iron Treads
|-end|p2a: Iron Treads|Quark Drive|[silent]
|-damage|p1a: Dondozo|6/100|[from] Recoil
|
|-weather|none
|-heal|p1a: Dondozo|12/100|[from] item: Leftovers
|upkeep
|inactive|Metaphor280 has 120 seconds left.
|inactive|Metaphor280 has 90 seconds left.
|
|t:|1779907663
|switch|p2a: Kingambit|Kingambit, F|100/100
|-activate|p2a: Kingambit|ability: Supreme Overlord
|-start|p2a: Kingambit|fallen2|[silent]
|turn|24
|inactive|Metaphor280 has 90 seconds left.
|
|t:|1779907671
|move|p2a: Kingambit|Low Kick|p1a: Dondozo
|-damage|p1a: Dondozo|0 fnt
|faint|p1a: Dondozo
|
|upkeep
|
|t:|1779907675
|switch|p1a: Skeledirge|Skeledirge, M|100/100
|-damage|p1a: Skeledirge|75/100|[from] Stealth Rock
|turn|25
|
|t:|1779907682
|-end|p2a: Kingambit|fallen2|[silent]
|switch|p2a: Kyurem|Kyurem|5/100
|-ability|p2a: Kyurem|Pressure
|move|p1a: Skeledirge|Will-O-Wisp|p2a: Kyurem
|-status|p2a: Kyurem|brn
|
|-heal|p1a: Skeledirge|82/100|[from] item: Leftovers
|-damage|p2a: Kyurem|0 fnt|[from] brn
|faint|p2a: Kyurem
|upkeep
|
|t:|1779907696
|switch|p2a: Iron Valiant|Iron Valiant|100/100
|-enditem|p2a: Iron Valiant|Booster Energy
|-activate|p2a: Iron Valiant|ability: Quark Drive|[fromitem]
|-start|p2a: Iron Valiant|quarkdrivespe
|turn|26
|
|t:|1779907706
|move|p2a: Iron Valiant|Shadow Ball|p1a: Skeledirge
|-supereffective|p1a: Skeledirge
|-damage|p1a: Skeledirge|23/100
|-unboost|p1a: Skeledirge|spd|1
|move|p1a: Skeledirge|Torch Song|p2a: Iron Valiant
|-damage|p2a: Iron Valiant|20/100
|-boost|p1a: Skeledirge|spa|1
|
|-heal|p1a: Skeledirge|29/100|[from] item: Leftovers
|upkeep
|turn|27
|
|t:|1779907716
|move|p2a: Iron Valiant|Shadow Ball|p1a: Skeledirge
|-supereffective|p1a: Skeledirge
|-damage|p1a: Skeledirge|0 fnt
|faint|p1a: Skeledirge
|
|upkeep
|
|t:|1779907720
|switch|p1a: Serperior|Serperior, F|100/100
|-damage|p1a: Serperior|88/100|[from] Stealth Rock
|turn|28
|inactive|Metaphor280 has 120 seconds left.
|
|t:|1779907728
|move|p2a: Iron Valiant|Moonblast|p1a: Serperior
|-damage|p1a: Serperior|57/100
|move|p1a: Serperior|Leech Seed|p2a: Iron Valiant
|-start|p2a: Iron Valiant|move: Leech Seed
|
|-heal|p1a: Serperior|63/100|[from] item: Leftovers
|-damage|p2a: Iron Valiant|7/100|[from] Leech Seed|[of] p1a: Serperior
|-heal|p1a: Serperior|73/100|[silent]
|upkeep
|turn|29
|
|t:|1779907733
|move|p2a: Iron Valiant|Moonblast|p1a: Serperior
|-crit|p1a: Serperior
|-damage|p1a: Serperior|23/100
|move|p1a: Serperior|Substitute|p1a: Serperior
|-fail|p1a: Serperior|move: Substitute|[weak]
|
|-heal|p1a: Serperior|29/100|[from] item: Leftovers
|-damage|p2a: Iron Valiant|0 fnt|[from] Leech Seed|[of] p1a: Serperior
|-heal|p1a: Serperior|34/100|[silent]
|faint|p2a: Iron Valiant
|-end|p2a: Iron Valiant|Quark Drive|[silent]
|upkeep
|
|t:|1779907743
|switch|p2a: Iron Crown|Iron Crown|100/100
|turn|30
|
|t:|1779907750
|move|p2a: Iron Crown|Tachyon Cutter|p1a: Serperior
|-damage|p1a: Serperior|18/100
|-damage|p1a: Serperior|0 fnt
|faint|p1a: Serperior
|-hitcount|p1: Serperior|2
|
|upkeep
|-message|xiaochoubushiwo forfeited.
|
|win|Metaphor280
|raw|xiaochoubushiwo's rating: 1321 &rarr; <strong>1300</strong><br />(-21 for losing)
|raw|Metaphor280's rating: 1303 &rarr; <strong>1324</strong><br />(+21 for winning)
|l|☆xiaochoubushiwo
|player|p1|
|c|☆Metaphor280|ur ass
