|j|☆Milkshaq
|j|☆LuckGalicia
|t:|1779892454
|gametype|singles
|player|p1|Milkshaq|hilbert-wonderlauncher|1082
|player|p2|LuckGalicia|170|1081
|gen|9
|tier|[Gen 9] OU
|rated|
|rule|HP Percentage Mod: HP is shown in percentages
|rule|Endless Battle Clause: Forcing endless battles is banned
|rule|Species Clause: Limit one of each Pokémon
|rule|OHKO Clause: OHKO moves are banned
|rule|Evasion Items Clause: Evasion items are banned
|rule|Evasion Moves Clause: Evasion moves are banned
|rule|Evasion Abilities Clause: Evasion abilities are banned
|rule|Sleep Moves Clause: Sleep-inducing moves are banned
|clearpoke
|poke|p1|Toxapex, M|
|poke|p1|Kingambit, M|
|poke|p1|Serperior, M|
|poke|p1|Ceruledge, M|
|poke|p1|Dragonite, M|
|poke|p1|Great Tusk|
|poke|p2|Alomomola, F|
|poke|p2|Heracross, M|
|poke|p2|Magmar, M|
|poke|p2|Tentacruel, M|
|poke|p2|Gengar, M|
|poke|p2|Umbreon, M|
|teampreview
|inactive|Battle timer is ON: inactive players will automatically lose when time's up. (requested by LuckGalicia)
|inactive|Milkshaq has 120 seconds left.
|c|☆Milkshaq|cool team
|
|t:|1779892502
|teamsize|p1|6
|teamsize|p2|6
|start
|switch|p1a: Lil Tecca|Dragonite, M, shiny|100/100
|switch|p2a: Gengar|Gengar, M|100/100
|turn|1
|
|t:|1779892515
|move|p2a: Gengar|Trick|p1a: Lil Tecca
|-activate|p2a: Gengar|move: Trick|[of] p1a: Lil Tecca
|-item|p1a: Lil Tecca|Choice Specs|[from] move: Trick
|-item|p2a: Gengar|Rocky Helmet|[from] move: Trick
|move|p1a: Lil Tecca|Waterfall|p2a: Gengar
|-crit|p2a: Gengar
|-damage|p2a: Gengar|16/100
|-damage|p1a: Lil Tecca|84/100|[from] item: Rocky Helmet|[of] p2a: Gengar
|
|upkeep
|turn|2
|
|t:|1779892526
|switch|p2a: Alomomola|Alomomola, F|100/100
|move|p1a: Lil Tecca|Waterfall|p2a: Alomomola
|-resisted|p2a: Alomomola
|-damage|p2a: Alomomola|92/100
|-damage|p1a: Lil Tecca|67/100|[from] item: Rocky Helmet|[of] p2a: Alomomola
|
|upkeep
|turn|3
|
|t:|1779892535
|switch|p1a: Drake|Serperior, M, shiny|100/100
|move|p2a: Alomomola|Wish|p2a: Alomomola
|
|upkeep
|turn|4
|c|☆LuckGalicia|Thanks, yours too
|
|t:|1779892541
|move|p1a: Drake|Leaf Storm|p2a: Alomomola
|-supereffective|p2a: Alomomola
|-damage|p2a: Alomomola|1/100
|-boost|p1a: Drake|spa|2
|move|p2a: Alomomola|Mirror Coat|p1a: Drake
|-enditem|p1a: Drake|Focus Sash
|-damage|p1a: Drake|1/100
|
|-heal|p2a: Alomomola|51/100|[from] move: Wish|[wisher] Alomomola
|upkeep
|turn|5
|
|t:|1779892557
|switch|p2a: Magmar|Magmar, M|100/100
|move|p1a: Drake|Giga Drain|p2a: Magmar
|-resisted|p2a: Magmar
|-damage|p2a: Magmar|82/100
|-heal|p1a: Drake|10/100|[from] drain|[of] p2a: Magmar
|
|upkeep
|turn|6
|c|☆Milkshaq|nahh my team isnt original
|c|☆Milkshaq|too over used lwk
|
|t:|1779892571
|move|p1a: Drake|Leaf Storm|p2a: Magmar
|-resisted|p2a: Magmar
|-damage|p2a: Magmar|55/100
|-boost|p1a: Drake|spa|2
|move|p2a: Magmar|Clear Smog|p1a: Drake
|-supereffective|p1a: Drake
|-damage|p1a: Drake|0 fnt
|-clearboost|p1a: Drake
|faint|p1a: Drake
|
|upkeep
|
|t:|1779892583
|switch|p1a: Kendrick|Toxapex, M, shiny|100/100
|turn|7
|c|☆LuckGalicia|At least its not hyper stall
|
|t:|1779892600
|switch|p2a: Alomomola|Alomomola, F|84/100
|move|p1a: Kendrick|Toxic|p2a: Alomomola
|-status|p2a: Alomomola|tox
|
|-damage|p2a: Alomomola|78/100 tox|[from] psn
|upkeep
|turn|8
|c|☆Milkshaq|tru
|
|t:|1779892619
|move|p2a: Alomomola|Wish|p2a: Alomomola
|move|p1a: Kendrick|Gunk Shot|p2a: Alomomola|[miss]
|-miss|p1a: Kendrick|p2a: Alomomola
|
|-damage|p2a: Alomomola|65/100 tox|[from] psn
|upkeep
|turn|9
|
|t:|1779892626
|move|p2a: Alomomola|Flip Turn|p1a: Kendrick
|-resisted|p1a: Kendrick
|-damage|p1a: Kendrick|96/100
|
|t:|1779892632
|switch|p2a: Gengar|Gengar, M|16/100|[from] Flip Turn
|move|p1a: Kendrick|Gunk Shot|p2a: Gengar
|-resisted|p2a: Gengar
|-damage|p2a: Gengar|4/100
|
|-heal|p2a: Gengar|100/100|[from] move: Wish|[wisher] Alomomola
|-heal|p1a: Kendrick|100/100|[from] item: Black Sludge
|upkeep
|turn|10
|
|t:|1779892649
|switch|p2a: Heracross|Heracross, M|100/100
|switch|p1a: Kanye|Kingambit, M, shiny|100/100
|-activate|p1a: Kanye|ability: Supreme Overlord
|-start|p1a: Kanye|fallen1|[silent]
|
|upkeep
|turn|11
|-message|Milkshaq forfeited.
|
|win|LuckGalicia
|raw|Milkshaq's rating: 1082 &rarr; <strong>1060</strong><br />(-22 for losing)
|raw|LuckGalicia's rating: 1081 &rarr; <strong>1109</strong><br />(+28 for winning)
|l|☆Milkshaq
|player|p1|
|l|☆LuckGalicia
|player|p2|
