|j|☆oculo escuros
|j|☆012587430a
|t:|1779817434
|gametype|singles
|player|p1|oculo escuros|touristf|1242
|player|p2|012587430a|clown|1317
|gen|9
|tier|[Gen 9] OU
|rated|
|rule|HP Percentage Mod: HP is shown in percentages
|rule|Endless Battle Clause: Forcing endless battles is banned
|rule|Species Clause: Limit one of each Pokémon
|rule|OHKO Clause: OHKO moves are banned
|rule|Evasion Items Clause: Evasion items are banned
|rule|Evasion Moves Clause: Evasion moves are banned
|rule|Evasion Abilities Clause: Evasion abilities are banned
|rule|Sleep Moves Clause: Sleep-inducing moves are banned
|clearpoke
|poke|p1|Umbreon, M|
|poke|p1|Mandibuzz, F|
|poke|p1|Clodsire, F|
|poke|p1|Hatterene, F|
|poke|p1|Slowking, M|
|poke|p1|Crocalor, F|
|poke|p2|Dragapult, F|
|poke|p2|Klefki, M|
|poke|p2|Ogerpon-Wellspring, F|
|poke|p2|Cinderace, M|
|poke|p2|Iron Valiant|
|poke|p2|Landorus-Therian, M|
|teampreview
|inactive|Battle timer is ON: inactive players will automatically lose when time's up. (requested by 012587430a)
|inactive|oculo escuros also wants the timer to be on.
|inactive|012587430a has 120 seconds left.
|
|t:|1779817464
|teamsize|p1|6
|teamsize|p2|6
|start
|switch|p1a: Checktung|Slowking, M|100/100
|switch|p2a: Landorus|Landorus-Therian, M|100/100
|-ability|p2a: Landorus|Intimidate|boost
|-unboost|p1a: Checktung|atk|1
|turn|1
|
|t:|1779817490
|switch|p2a: Ogerpon|Ogerpon-Wellspring, F|100/100
|move|p1a: Checktung|Scald|p2a: Ogerpon
|-immune|p2a: Ogerpon|[from] ability: Water Absorb
|
|upkeep
|turn|2
|
|t:|1779817506
|switch|p1a: Checking|Mandibuzz, F|100/100
|move|p2a: Ogerpon|Knock Off|p1a: Checking
|-resisted|p1a: Checking
|-damage|p1a: Checking|89/100
|-enditem|p1a: Checking|Heavy-Duty Boots|[from] move: Knock Off|[of] p2a: Ogerpon
|
|upkeep
|turn|3
|
|t:|1779817522
|move|p2a: Ogerpon|Play Rough|p1a: Checking
|-supereffective|p1a: Checking
|-damage|p1a: Checking|49/100
|move|p1a: Checking|Toxic|p2a: Ogerpon
|-status|p2a: Ogerpon|tox
|
|-damage|p2a: Ogerpon|95/100 tox|[from] psn
|upkeep
|turn|4
|
|t:|1779817544
|move|p2a: Ogerpon|Ivy Cudgel|p1a: Checking|[anim] Ivy Cudgel Water
|-crit|p1a: Checking
|-damage|p1a: Checking|0 fnt
|faint|p1a: Checking
|
|-damage|p2a: Ogerpon|83/100 tox|[from] psn
|upkeep
|
|t:|1779817551
|switch|p1a: Checkaloo|Crocalor, F|100/100
|turn|5
|inactive|012587430a has 120 seconds left.
|
|t:|1779817596
|switch|p2a: Mad Max|Klefki, M|100/100
|switch|p1a: Checkelung|Clodsire, F|100/100
|
|upkeep
|turn|6
|
|t:|1779817608
|switch|p1a: Checktung|Slowking, M|100/100
|move|p2a: Mad Max|Reflect|p2a: Mad Max
|-sidestart|p2: 012587430a|Reflect
|
|upkeep
|turn|7
|
|t:|1779817614
|move|p2a: Mad Max|Thunder Wave|p1a: Checktung
|-status|p1a: Checktung|par
|move|p1a: Checktung|Trick|p2a: Mad Max
|-activate|p1a: Checktung|move: Trick|[of] p2a: Mad Max
|-item|p2a: Mad Max|Choice Specs|[from] move: Trick
|-item|p1a: Checktung|Light Clay|[from] move: Trick
|
|upkeep
|turn|8
|
|t:|1779817635
|move|p2a: Mad Max|Light Screen|p2a: Mad Max
|-sidestart|p2: 012587430a|move: Light Screen
|-prepare|p1a: Checktung|Chilly Reception|[premajor]
|move|p1a: Checktung|Chilly Reception|p1a: Checktung
|-weather|Snowscape
|
|t:|1779817654
|switch|p1a: Checker|Umbreon, M|100/100|[from] Chilly Reception
|
|-weather|Snowscape|[upkeep]
|upkeep
|turn|9
|
|t:|1779817665
|switch|p2a: Ogerpon|Ogerpon-Wellspring, F|83/100 tox
|move|p1a: Checker|Foul Play|p2a: Ogerpon
|-damage|p2a: Ogerpon|51/100 tox
|
|-weather|Snowscape|[upkeep]
|-damage|p2a: Ogerpon|45/100 tox|[from] psn
|upkeep
|turn|10
|
|t:|1779817683
|move|p1a: Checker|Protect|p1a: Checker
|-singleturn|p1a: Checker|Protect
|move|p2a: Ogerpon|Play Rough|p1a: Checker
|-activate|p1a: Checker|move: Protect
|
|-weather|Snowscape|[upkeep]
|-damage|p2a: Ogerpon|33/100 tox|[from] psn
|upkeep
|turn|11
|
|t:|1779817689
|switch|p1a: Checkaloo|Crocalor, F|100/100
|move|p2a: Ogerpon|Play Rough|p1a: Checkaloo
|-resisted|p1a: Checkaloo
|-damage|p1a: Checkaloo|91/100
|
|-weather|Snowscape|[upkeep]
|-damage|p2a: Ogerpon|15/100 tox|[from] psn
|upkeep
|turn|12
|
|t:|1779817696
|switch|p2a: Landorus|Landorus-Therian, M|100/100
|-ability|p2a: Landorus|Intimidate|boost
|-unboost|p1a: Checkaloo|atk|1
|switch|p1a: Checker|Umbreon, M|100/100
|
|-weather|none
|-sideend|p2: 012587430a|move: Light Screen
|upkeep
|turn|13
|inactive|012587430a has 120 seconds left.
|
|t:|1779817710
|move|p2a: Landorus|U-turn|p1a: Checker
|-supereffective|p1a: Checker
|-crit|p1a: Checker
|-damage|p1a: Checker|37/100
|
|t:|1779817714
|switch|p2a: Mad Max|Klefki, M|100/100|[from] U-turn
|move|p1a: Checker|Toxic|p2a: Mad Max
|-immune|p2a: Mad Max
|
|-heal|p1a: Checker|43/100|[from] item: Leftovers
|-sideend|p2: 012587430a|Reflect
|upkeep
|turn|14
|
|t:|1779817720
|move|p2a: Mad Max|Draining Kiss|p1a: Checker
|-supereffective|p1a: Checker
|-damage|p1a: Checker|21/100
|move|p1a: Checker|Wish|p1a: Checker
|
|-heal|p1a: Checker|27/100|[from] item: Leftovers
|upkeep
|turn|15
|inactive|012587430a has 120 seconds left.
|
|t:|1779817737
|switch|p2a: Cinderace|Cinderace, M|100/100
|move|p1a: Checker|Protect||[still]
|-fail|p1a: Checker
|
|-heal|p1a: Checker|77/100|[from] move: Wish|[wisher] Checker
|-heal|p1a: Checker|83/100|[from] item: Leftovers
|upkeep
|turn|16
|inactive|012587430a has 120 seconds left.
|
|t:|1779817768
|move|p1a: Checker|Protect|p1a: Checker
|-singleturn|p1a: Checker|Protect
|move|p2a: Cinderace|Will-O-Wisp|p1a: Checker
|-activate|p1a: Checker|move: Protect
|
|-heal|p1a: Checker|89/100|[from] item: Leftovers
|upkeep
|turn|17
|
|t:|1779817777
|switch|p1a: Check|Hatterene, F|100/100
|move|p2a: Cinderace|Pyro Ball|p1a: Check
|-damage|p1a: Check|59/100
|
|-heal|p1a: Check|65/100|[from] item: Leftovers
|upkeep
|turn|18
|
|t:|1779817787
|switch|p2a: Landorus|Landorus-Therian, M|100/100
|-ability|p2a: Landorus|Intimidate|boost
|-unboost|p1a: Check|atk|1
|move|p1a: Check|Psychic|p2a: Landorus
|-damage|p2a: Landorus|46/100
|
|-heal|p1a: Check|71/100|[from] item: Leftovers
|upkeep
|turn|19
|
|t:|1779817804
|move|p2a: Landorus|U-turn|p1a: Check
|-damage|p1a: Check|51/100
|
|t:|1779817806
|switch|p2a: Mad Max|Klefki, M|100/100|[from] U-turn
|move|p1a: Check|Mystical Fire|p2a: Mad Max
|-supereffective|p2a: Mad Max
|-damage|p2a: Mad Max|52/100
|-unboost|p2a: Mad Max|spa|1
|
|-heal|p1a: Check|57/100|[from] item: Leftovers
|upkeep
|turn|20
|
|t:|1779817812
|move|p2a: Mad Max|Light Screen|p2a: Mad Max
|-sidestart|p2: 012587430a|move: Light Screen
|move|p1a: Check|Calm Mind|p1a: Check
|-boost|p1a: Check|spa|1
|-boost|p1a: Check|spd|1
|
|-heal|p1a: Check|63/100|[from] item: Leftovers
|upkeep
|turn|21
|
|t:|1779817833
|switch|p2a: Ogerpon|Ogerpon-Wellspring, F|15/100 tox
|move|p1a: Check|Calm Mind|p1a: Check
|-boost|p1a: Check|spa|1
|-boost|p1a: Check|spd|1
|
|-heal|p1a: Check|69/100|[from] item: Leftovers
|-damage|p2a: Ogerpon|9/100 tox|[from] psn
|upkeep
|turn|22
|
|t:|1779817841
|-terastallize|p1a: Check|Water
|move|p2a: Ogerpon|Horn Leech|p1a: Check
|-supereffective|p1a: Check
|-damage|p1a: Check|4/100
|-heal|p2a: Ogerpon|43/100 tox|[from] drain|[of] p1a: Check
|move|p1a: Check|Calm Mind|p1a: Check
|-boost|p1a: Check|spa|1
|-boost|p1a: Check|spd|1
|
|-heal|p1a: Check|10/100|[from] item: Leftovers
|-damage|p2a: Ogerpon|31/100 tox|[from] psn
|upkeep
|turn|23
|-message|oculo escuros forfeited.
|
|win|012587430a
|raw|oculo escuros's rating: 1242 &rarr; <strong>1222</strong><br />(-20 for losing)
|raw|012587430a's rating: 1317 &rarr; <strong>1333</strong><br />(+16 for winning)
|l|☆oculo escuros
|player|p1|
|l|☆012587430a
|player|p2|
