|j|☆upfreeze
|j|☆legalizelsdpls
|t:|1779845962
|gametype|singles
|player|p1|upfreeze|lady-gen4|1184
|player|p2|legalizelsdpls|2|1215
|gen|9
|tier|[Gen 9] OU
|rated|
|rule|HP Percentage Mod: HP is shown in percentages
|rule|Endless Battle Clause: Forcing endless battles is banned
|rule|Species Clause: Limit one of each Pokémon
|rule|OHKO Clause: OHKO moves are banned
|rule|Evasion Items Clause: Evasion items are banned
|rule|Evasion Moves Clause: Evasion moves are banned
|rule|Evasion Abilities Clause: Evasion abilities are banned
|rule|Sleep Moves Clause: Sleep-inducing moves are banned
|clearpoke
|poke|p1|Landorus-Therian, M|
|poke|p1|Lycanroc-Dusk, M|
|poke|p1|Slowking-Galar, F|
|poke|p1|Iron Valiant|
|poke|p1|Skeledirge, M|
|poke|p1|Corviknight, F|
|poke|p2|Slowking, F|
|poke|p2|Gliscor, M|
|poke|p2|Iron Moth|
|poke|p2|Rillaboom, F|
|poke|p2|Raging Bolt|
|poke|p2|Zamazenta-*|
|teampreview
|inactive|Battle timer is ON: inactive players will automatically lose when time's up. (requested by upfreeze)
|
|t:|1779845985
|teamsize|p1|6
|teamsize|p2|6
|start
|switch|p1a: Achilles|Iron Valiant, shiny|100/100
|switch|p2a: Slowking|Slowking, F|100/100
|-enditem|p1a: Achilles|Booster Energy
|-activate|p1a: Achilles|ability: Quark Drive|[fromitem]
|-start|p1a: Achilles|quarkdrivespe
|turn|1
|
|t:|1779845993
|move|p1a: Achilles|Calm Mind|p1a: Achilles
|-boost|p1a: Achilles|spa|1
|-boost|p1a: Achilles|spd|1
|move|p2a: Slowking|Psychic|p1a: Achilles
|-supereffective|p1a: Achilles
|-damage|p1a: Achilles|0 fnt
|faint|p1a: Achilles
|-end|p1a: Achilles|Quark Drive|[silent]
|
|upkeep
|c|☆legalizelsdpls|ez
|
|t:|1779846011
|switch|p1a: Charlemagne|Lycanroc-Dusk, M, shiny|100/100
|turn|2
|
|t:|1779846020
|move|p1a: Charlemagne|Sucker Punch|p2a: Slowking
|-supereffective|p2a: Slowking
|-damage|p2a: Slowking|0 fnt
|faint|p2a: Slowking
|
|upkeep
|c|☆upfreeze|ez
|c|☆upfreeze|stfu
|c|☆legalizelsdpls|kill thyself
|
|t:|1779846039
|switch|p2a: Gliscor|Gliscor, M|100/100
|turn|3
|c|☆upfreeze|yeah get mad
|
|t:|1779846047
|switch|p1a: Basarios|Landorus-Therian, M, shiny|100/100
|-ability|p1a: Basarios|Intimidate|boost
|-unboost|p2a: Gliscor|atk|1
|move|p2a: Gliscor|Toxic|p1a: Basarios
|-status|p1a: Basarios|tox
|
|-damage|p1a: Basarios|95/100 tox|[from] psn
|-status|p2a: Gliscor|tox|[from] item: Toxic Orb
|upkeep
|turn|4
|c|☆legalizelsdpls|im not mad im chilling
|c|☆upfreeze|legalize deez nuts
|
|t:|1779846074
|move|p2a: Gliscor|Substitute|p2a: Gliscor
|-start|p2a: Gliscor|Substitute
|-damage|p2a: Gliscor|75/100 tox
|move|p1a: Basarios|Stealth Rock|p2a: Gliscor
|-sidestart|p2: legalizelsdpls|move: Stealth Rock
|
|-heal|p2a: Gliscor|88/100 tox|[from] ability: Poison Heal
|-damage|p1a: Basarios|83/100 tox|[from] psn
|upkeep
|turn|5
|
|t:|1779846089
|move|p2a: Gliscor|Taunt|p1a: Basarios
|-start|p1a: Basarios|move: Taunt
|cant|p1a: Basarios|move: Taunt|Taunt
|
|-heal|p2a: Gliscor|99/100 tox|[from] ability: Poison Heal
|-damage|p1a: Basarios|65/100 tox|[from] psn
|upkeep
|turn|6
|
|t:|1779846101
|move|p2a: Gliscor|Toxic|p1a: Basarios
|-fail|p1a: Basarios|tox
|move|p1a: Basarios|U-turn|p2a: Gliscor
|-resisted|p2a: Gliscor
|-activate|p2a: Gliscor|move: Substitute|[damage]
|inactive|upfreeze has 120 seconds left.
|
|t:|1779846149
|switch|p1a: Malfestio|Corviknight, F, shiny|100/100|[from] U-turn
|
|-heal|p2a: Gliscor|100/100 tox|[from] ability: Poison Heal
|upkeep
|turn|7
|
|t:|1779846155
|move|p2a: Gliscor|Taunt|p1a: Malfestio
|-start|p1a: Malfestio|move: Taunt
|cant|p1a: Malfestio|move: Taunt|Bulk Up
|
|upkeep
|turn|8
|
|t:|1779846168
|move|p2a: Gliscor|Protect|p2a: Gliscor
|-singleturn|p2a: Gliscor|Protect
|move|p1a: Malfestio|Brave Bird|p2a: Gliscor
|-activate|p2a: Gliscor|move: Protect
|
|upkeep
|turn|9
|inactive|upfreeze has 120 seconds left.
|c|☆upfreeze|the stall is so cringe...
|inactive|legalizelsdpls has 120 seconds left.
|
|t:|1779846195
|move|p2a: Gliscor|Substitute|p2a: Gliscor
|-fail|p2a: Gliscor|move: Substitute
|move|p1a: Malfestio|Brave Bird|p2a: Gliscor
|-end|p2a: Gliscor|Substitute
|-damage|p1a: Malfestio|97/100|[from] Recoil|[of] p2a: Gliscor
|
|-heal|p1a: Malfestio|100/100|[from] item: Leftovers
|-end|p1a: Malfestio|move: Taunt
|upkeep
|turn|10
|inactive|upfreeze has 120 seconds left.
|
|t:|1779846204
|move|p2a: Gliscor|Taunt|p1a: Malfestio
|-start|p1a: Malfestio|move: Taunt
|move|p1a: Malfestio|Brave Bird|p2a: Gliscor
|-damage|p2a: Gliscor|72/100 tox
|-damage|p1a: Malfestio|93/100|[from] Recoil
|
|-heal|p1a: Malfestio|99/100|[from] item: Leftovers
|-heal|p2a: Gliscor|84/100 tox|[from] ability: Poison Heal
|upkeep
|turn|11
|inactive|upfreeze has 120 seconds left.
|inactive|legalizelsdpls has 120 seconds left.
|
|t:|1779846227
|move|p2a: Gliscor|Protect|p2a: Gliscor
|-singleturn|p2a: Gliscor|Protect
|move|p1a: Malfestio|Brave Bird|p2a: Gliscor
|-activate|p2a: Gliscor|move: Protect
|
|-heal|p1a: Malfestio|100/100|[from] item: Leftovers
|-heal|p2a: Gliscor|96/100 tox|[from] ability: Poison Heal
|upkeep
|turn|12
|inactive|legalizelsdpls has 120 seconds left.
|inactive|upfreeze has 120 seconds left.
|
|t:|1779846241
|switch|p2a: Raging Bolt|Raging Bolt|100/100
|-damage|p2a: Raging Bolt|88/100|[from] Stealth Rock
|-enditem|p2a: Raging Bolt|Booster Energy
|-activate|p2a: Raging Bolt|ability: Protosynthesis|[fromitem]
|-start|p2a: Raging Bolt|protosynthesisspa
|move|p1a: Malfestio|Brave Bird|p2a: Raging Bolt
|-resisted|p2a: Raging Bolt
|-damage|p2a: Raging Bolt|71/100
|-damage|p1a: Malfestio|95/100|[from] Recoil
|
|-heal|p1a: Malfestio|100/100|[from] item: Leftovers
|-end|p1a: Malfestio|move: Taunt
|upkeep
|turn|13
|inactive|upfreeze has 120 seconds left.
|inactive|legalizelsdpls has 120 seconds left.
|
|t:|1779846260
|switch|p1a: Basarios|Landorus-Therian, M, shiny|65/100 tox
|-ability|p1a: Basarios|Intimidate|boost
|-unboost|p2a: Raging Bolt|atk|1
|move|p2a: Raging Bolt|Calm Mind|p2a: Raging Bolt
|-boost|p2a: Raging Bolt|spa|1
|-boost|p2a: Raging Bolt|spd|1
|
|-damage|p1a: Basarios|59/100 tox|[from] psn
|upkeep
|turn|14
|inactive|upfreeze has 120 seconds left.
|inactive|legalizelsdpls has 120 seconds left.
|
|t:|1779846276
|-terastallize|p2a: Raging Bolt|Fairy
|move|p1a: Basarios|Earthquake|p2a: Raging Bolt
|-damage|p2a: Raging Bolt|18/100
|move|p2a: Raging Bolt|Draco Meteor|p1a: Basarios
|-damage|p1a: Basarios|0 fnt
|-unboost|p2a: Raging Bolt|spa|2
|faint|p1a: Basarios
|
|upkeep
|
|t:|1779846284
|switch|p1a: Charlemagne|Lycanroc-Dusk, M, shiny|100/100
|turn|15
|inactive|legalizelsdpls has 120 seconds left.
|
|t:|1779846292
|move|p1a: Charlemagne|Accelerock|p2a: Raging Bolt
|-damage|p2a: Raging Bolt|0 fnt
|faint|p2a: Raging Bolt
|-end|p2a: Raging Bolt|Protosynthesis|[silent]
|
|upkeep
|inactive|legalizelsdpls has 120 seconds left.
|
|t:|1779846303
|switch|p2a: Gliscor|Gliscor, M|96/100 tox
|-damage|p2a: Gliscor|84/100 tox|[from] Stealth Rock
|turn|16
|inactive|legalizelsdpls has 120 seconds left.
|
|t:|1779846311
|switch|p1a: Malfestio|Corviknight, F, shiny|100/100
|move|p2a: Gliscor|Toxic|p1a: Malfestio|[miss]
|-miss|p2a: Gliscor|p1a: Malfestio
|
|-heal|p2a: Gliscor|96/100 tox|[from] ability: Poison Heal
|upkeep
|turn|17
|
|t:|1779846319
|move|p2a: Gliscor|Taunt|p1a: Malfestio
|-start|p1a: Malfestio|move: Taunt
|cant|p1a: Malfestio|move: Taunt|Bulk Up
|
|-heal|p2a: Gliscor|100/100 tox|[from] ability: Poison Heal
|upkeep
|turn|18
|inactive|legalizelsdpls has 120 seconds left.
|
|t:|1779846342
|switch|p1a: Joyeuse|Slowking-Galar, F, shiny|100/100
|move|p2a: Gliscor|Substitute|p2a: Gliscor
|-start|p2a: Gliscor|Substitute
|-damage|p2a: Gliscor|75/100 tox
|
|-heal|p2a: Gliscor|88/100 tox|[from] ability: Poison Heal
|upkeep
|turn|19
|inactive|legalizelsdpls has 120 seconds left.
|
|t:|1779846351
|move|p2a: Gliscor|Taunt|p1a: Joyeuse
|-start|p1a: Joyeuse|move: Taunt
|move|p1a: Joyeuse|Future Sight|p2a: Gliscor
|-start|p1a: Joyeuse|move: Future Sight
|
|-heal|p2a: Gliscor|99/100 tox|[from] ability: Poison Heal
|upkeep
|turn|20
|inactive|legalizelsdpls has 120 seconds left.
|
|t:|1779846364
|move|p2a: Gliscor|Protect|p2a: Gliscor
|-singleturn|p2a: Gliscor|Protect
|move|p1a: Joyeuse|Sludge Bomb|p2a: Gliscor
|-activate|p2a: Gliscor|move: Protect
|
|-heal|p2a: Gliscor|100/100 tox|[from] ability: Poison Heal
|upkeep
|turn|21
|inactive|legalizelsdpls has 120 seconds left.
|
|t:|1779846382
|move|p2a: Gliscor|Toxic|p1a: Joyeuse
|-immune|p1a: Joyeuse
|move|p1a: Joyeuse|Future Sight||[still]
|-fail|p1a: Joyeuse
|
|-end|p2a: Gliscor|move: Future Sight
|-end|p2a: Gliscor|Substitute
|-end|p1a: Joyeuse|move: Taunt
|upkeep
|turn|22
|inactive|legalizelsdpls has 120 seconds left.
|c|☆upfreeze|bro tried to poison
|
|t:|1779846409
|switch|p2a: Rillaboom|Rillaboom, F|100/100
|-damage|p2a: Rillaboom|88/100|[from] Stealth Rock
|-fieldstart|move: Grassy Terrain|[from] ability: Grassy Surge|[of] p2a: Rillaboom
|move|p1a: Joyeuse|Future Sight|p2a: Rillaboom
|-start|p1a: Joyeuse|move: Future Sight
|
|-heal|p2a: Rillaboom|94/100|[from] Grassy Terrain
|upkeep
|turn|23
|
|t:|1779846422
|move|p2a: Rillaboom|Knock Off|p1a: Joyeuse
|-supereffective|p1a: Joyeuse
|-damage|p1a: Joyeuse|4/100
|-enditem|p1a: Joyeuse|Heavy-Duty Boots|[from] move: Knock Off|[of] p2a: Rillaboom
|move|p1a: Joyeuse|Thunder Wave|p2a: Rillaboom
|-status|p2a: Rillaboom|par
|
|-heal|p2a: Rillaboom|100/100 par|[from] Grassy Terrain
|-heal|p1a: Joyeuse|10/100|[from] Grassy Terrain
|upkeep
|turn|24
|
|t:|1779846436
|switch|p2a: Gliscor|Gliscor, M|100/100 tox
|-damage|p2a: Gliscor|88/100 tox|[from] Stealth Rock
|switch|p1a: Malfestio|Corviknight, F, shiny|100/100
|
|-end|p2a: Gliscor|move: Future Sight
|-crit|p2a: Gliscor
|-damage|p2a: Gliscor|0 fnt
|faint|p2a: Gliscor
|upkeep
|c|☆upfreeze|ez
|
|t:|1779846445
|switch|p2a: Iron Moth|Iron Moth|100/100
|-damage|p2a: Iron Moth|76/100|[from] Stealth Rock
|turn|25
|
|t:|1779846455
|switch|p1a: Sekhmet|Skeledirge, M|100/100
|move|p2a: Iron Moth|Fiery Dance|p1a: Sekhmet
|-resisted|p1a: Sekhmet
|-damage|p1a: Sekhmet|83/100
|
|-heal|p2a: Iron Moth|82/100|[from] Grassy Terrain
|-heal|p1a: Sekhmet|89/100|[from] Grassy Terrain
|upkeep
|turn|26
|inactive|upfreeze has 120 seconds left.
|
|t:|1779846491
|move|p2a: Iron Moth|Fiery Dance|p1a: Sekhmet
|-resisted|p1a: Sekhmet
|-damage|p1a: Sekhmet|72/100
|-boost|p2a: Iron Moth|spa|1
|move|p1a: Sekhmet|Hex|p2a: Iron Moth
|-damage|p2a: Iron Moth|54/100
|
|-heal|p2a: Iron Moth|60/100|[from] Grassy Terrain
|-heal|p1a: Sekhmet|78/100|[from] Grassy Terrain
|-fieldend|move: Grassy Terrain
|upkeep
|turn|27
|inactive|upfreeze has 120 seconds left.
|
|t:|1779846502
|move|p2a: Iron Moth|Fiery Dance|p1a: Sekhmet
|-resisted|p1a: Sekhmet
|-damage|p1a: Sekhmet|62/100
|-boost|p2a: Iron Moth|spa|1
|move|p1a: Sekhmet|Torch Song|p2a: Iron Moth
|-resisted|p2a: Iron Moth
|-crit|p2a: Iron Moth
|-damage|p2a: Iron Moth|36/100
|-boost|p1a: Sekhmet|spa|1
|
|upkeep
|turn|28
|inactive|upfreeze has 120 seconds left.
|
|t:|1779846512
|move|p2a: Iron Moth|Fiery Dance|p1a: Sekhmet
|-resisted|p1a: Sekhmet
|-damage|p1a: Sekhmet|45/100
|move|p1a: Sekhmet|Slack Off|p1a: Sekhmet
|-heal|p1a: Sekhmet|95/100
|
|upkeep
|turn|29
|
|t:|1779846519
|move|p2a: Iron Moth|Fiery Dance|p1a: Sekhmet
|-resisted|p1a: Sekhmet
|-damage|p1a: Sekhmet|77/100
|-boost|p2a: Iron Moth|spa|1
|move|p1a: Sekhmet|Torch Song|p2a: Iron Moth
|-resisted|p2a: Iron Moth
|-damage|p2a: Iron Moth|14/100
|-boost|p1a: Sekhmet|spa|1
|
|upkeep
|turn|30
|inactive|legalizelsdpls has 120 seconds left.
|inactive|upfreeze has 120 seconds left.
|c|☆upfreeze|skelidirge has unaware btw son
|
|t:|1779846543
|move|p2a: Iron Moth|Fiery Dance|p1a: Sekhmet
|-resisted|p1a: Sekhmet
|-damage|p1a: Sekhmet|61/100
|move|p1a: Sekhmet|Torch Song|p2a: Iron Moth
|-resisted|p2a: Iron Moth
|-damage|p2a: Iron Moth|0 fnt
|-boost|p1a: Sekhmet|spa|1
|faint|p2a: Iron Moth
|-end|p2a: Iron Moth|Quark Drive|[silent]
|
|upkeep
|inactive|legalizelsdpls has 120 seconds left.
|
|t:|1779846552
|switch|p2a: Zamazenta|Zamazenta, shiny|100/100
|-damage|p2a: Zamazenta|94/100|[from] Stealth Rock
|-ability|p2a: Zamazenta|Dauntless Shield|boost
|-boost|p2a: Zamazenta|def|1
|turn|31
|
|t:|1779846560
|move|p2a: Zamazenta|Crunch|p1a: Sekhmet
|-supereffective|p1a: Sekhmet
|-damage|p1a: Sekhmet|23/100
|move|p1a: Sekhmet|Slack Off|p1a: Sekhmet
|-heal|p1a: Sekhmet|73/100
|
|-heal|p2a: Zamazenta|100/100|[from] item: Leftovers
|upkeep
|turn|32
|-message|legalizelsdpls forfeited.
|
|win|upfreeze
|raw|upfreeze's rating: 1184 &rarr; <strong>1211</strong><br />(+27 for winning)
|raw|legalizelsdpls's rating: 1215 &rarr; <strong>1188</strong><br />(-27 for losing)
|l|☆legalizelsdpls
|player|p2|
|l|☆upfreeze
|player|p1|
