|j|☆claudechamp
|j|☆Jaum04
|t:|1779908873
|gametype|singles
|player|p1|claudechamp|169|1163
|player|p2|Jaum04|marshal|1200
|gen|9
|tier|[Gen 9] OU
|rated|
|rule|HP Percentage Mod: HP is shown in percentages
|rule|Endless Battle Clause: Forcing endless battles is banned
|rule|Species Clause: Limit one of each Pokémon
|rule|OHKO Clause: OHKO moves are banned
|rule|Evasion Items Clause: Evasion items are banned
|rule|Evasion Moves Clause: Evasion moves are banned
|rule|Evasion Abilities Clause: Evasion abilities are banned
|rule|Sleep Moves Clause: Sleep-inducing moves are banned
|clearpoke
|poke|p1|Gliscor, F|
|poke|p1|Ogerpon, F|
|poke|p1|Walking Wake|
|poke|p1|Blissey, F|
|poke|p1|Corviknight, M|
|poke|p1|Pecharunt|
|poke|p2|Pelipper, F|
|poke|p2|Raging Bolt|
|poke|p2|Cinderace, F|
|poke|p2|Basculegion, M|
|poke|p2|Weezing-Galar, M|
|poke|p2|Gliscor, M|
|teampreview
|c|☆claudechamp|hf
|inactive|Battle timer is ON: inactive players will automatically lose when time's up. (requested by Jaum04)
|inactive|claudechamp also wants the timer to be on.
|
|t:|1779908885
|teamsize|p1|6
|teamsize|p2|6
|start
|switch|p1a: Gliscor|Gliscor, F|100/100
|switch|p2a: Weezing|Weezing-Galar, M|100/100
|-ability|p2a: Weezing|Neutralizing Gas
|turn|1
|
|t:|1779908893
|move|p1a: Gliscor|Protect|p1a: Gliscor
|-singleturn|p1a: Gliscor|Protect
|move|p2a: Weezing|Will-O-Wisp|p1a: Gliscor
|-activate|p1a: Gliscor|move: Protect
|
|-status|p1a: Gliscor|tox|[from] item: Toxic Orb
|upkeep
|turn|2
|
|t:|1779908902
|move|p1a: Gliscor|Spikes|p2a: Weezing
|-sidestart|p2: Jaum04|Spikes
|move|p2a: Weezing|Strange Steam|p1a: Gliscor
|-damage|p1a: Gliscor|78/100 tox
|-start|p1a: Gliscor|confusion
|
|-damage|p1a: Gliscor|71/100 tox|[from] psn
|upkeep
|turn|3
|
|t:|1779908912
|switch|p1a: Pecharunt|Pecharunt|100/100
|move|p2a: Weezing|Strange Steam|p1a: Pecharunt
|-resisted|p1a: Pecharunt
|-damage|p1a: Pecharunt|87/100
|
|upkeep
|turn|4
|
|t:|1779908930
|move|p1a: Pecharunt|Malignant Chain|p2a: Weezing
|-damage|p2a: Weezing|57/100
|move|p2a: Weezing|Will-O-Wisp|p1a: Pecharunt
|-status|p1a: Pecharunt|brn
|
|-heal|p2a: Weezing|63/100|[from] item: Leftovers
|-damage|p1a: Pecharunt|80/100 brn|[from] brn
|upkeep
|turn|5
|
|t:|1779908940
|move|p1a: Pecharunt|Malignant Chain|p2a: Weezing
|-damage|p2a: Weezing|17/100
|move|p2a: Weezing|Pain Split|p1a: Pecharunt
|-sethp|p1a: Pecharunt|48/100 brn|[from] move: Pain Split|[silent]
|-sethp|p2a: Weezing|54/100|[from] move: Pain Split
|
|-heal|p2a: Weezing|60/100|[from] item: Leftovers
|-damage|p1a: Pecharunt|42/100 brn|[from] brn
|upkeep
|turn|6
|
|t:|1779908954
|-end|p2a: Weezing|ability: Neutralizing Gas
|switch|p2a: Gliscor|Gliscor, M|100/100
|move|p1a: Pecharunt|Malignant Chain|p2a: Gliscor
|-resisted|p2a: Gliscor
|-damage|p2a: Gliscor|83/100
|-status|p2a: Gliscor|tox
|-start|p2a: Gliscor|confusion|[from] ability: Poison Puppeteer|[of] p1a: Pecharunt
|
|-heal|p2a: Gliscor|96/100 tox|[from] ability: Poison Heal
|-damage|p1a: Pecharunt|35/100 brn|[from] brn
|upkeep
|turn|7
|
|t:|1779908969
|-activate|p2a: Gliscor|confusion
|move|p2a: Gliscor|Knock Off|p1a: Pecharunt
|-supereffective|p1a: Pecharunt
|-damage|p1a: Pecharunt|14/100 brn
|-enditem|p1a: Pecharunt|Heavy-Duty Boots|[from] move: Knock Off|[of] p2a: Gliscor
|move|p1a: Pecharunt|Recover|p1a: Pecharunt
|-heal|p1a: Pecharunt|64/100 brn
|
|-heal|p2a: Gliscor|100/100 tox|[from] ability: Poison Heal
|-damage|p1a: Pecharunt|58/100 brn|[from] brn
|upkeep
|turn|8
|inactive|Jaum04 has 120 seconds left.
|
|t:|1779909001
|-activate|p2a: Gliscor|confusion
|move|p2a: Gliscor|Earthquake|p1a: Pecharunt
|-supereffective|p1a: Pecharunt
|-damage|p1a: Pecharunt|28/100 brn
|move|p1a: Pecharunt|Malignant Chain|p2a: Gliscor
|-resisted|p2a: Gliscor
|-damage|p2a: Gliscor|81/100 tox
|
|-heal|p2a: Gliscor|93/100 tox|[from] ability: Poison Heal
|-damage|p1a: Pecharunt|22/100 brn|[from] brn
|upkeep
|turn|9
|inactive|Jaum04 has 120 seconds left.
|
|t:|1779909012
|-activate|p2a: Gliscor|confusion
|-damage|p2a: Gliscor|88/100 tox|[from] confusion
|move|p1a: Pecharunt|Recover|p1a: Pecharunt
|-heal|p1a: Pecharunt|72/100 brn
|
|-heal|p2a: Gliscor|99/100 tox|[from] ability: Poison Heal
|-damage|p1a: Pecharunt|66/100 brn|[from] brn
|upkeep
|turn|10
|inactive|Jaum04 has 120 seconds left.
|
|t:|1779909021
|-end|p2a: Gliscor|confusion
|move|p2a: Gliscor|Earthquake|p1a: Pecharunt
|-supereffective|p1a: Pecharunt
|-damage|p1a: Pecharunt|37/100 brn
|move|p1a: Pecharunt|Malignant Chain|p2a: Gliscor
|-resisted|p2a: Gliscor
|-damage|p2a: Gliscor|82/100 tox
|
|-heal|p2a: Gliscor|94/100 tox|[from] ability: Poison Heal
|-damage|p1a: Pecharunt|31/100 brn|[from] brn
|upkeep
|turn|11
|inactive|Jaum04 has 120 seconds left.
|
|t:|1779909034
|move|p2a: Gliscor|Earthquake|p1a: Pecharunt
|-supereffective|p1a: Pecharunt
|-damage|p1a: Pecharunt|2/100 brn
|move|p1a: Pecharunt|Recover|p1a: Pecharunt
|-heal|p1a: Pecharunt|52/100 brn
|
|-heal|p2a: Gliscor|100/100 tox|[from] ability: Poison Heal
|-damage|p1a: Pecharunt|46/100 brn|[from] brn
|upkeep
|turn|12
|
|t:|1779909044
|switch|p1a: Walking Wake|Walking Wake|100/100
|move|p2a: Gliscor|Earthquake|p1a: Walking Wake
|-damage|p1a: Walking Wake|67/100
|
|upkeep
|turn|13
|
|t:|1779909058
|switch|p2a: Pelipper|Pelipper, F|100/100
|-weather|RainDance|[from] ability: Drizzle|[of] p2a: Pelipper
|move|p1a: Walking Wake|Surf|p2a: Pelipper
|-resisted|p2a: Pelipper
|-damage|p2a: Pelipper|51/100
|
|-weather|RainDance|[upkeep]
|upkeep
|turn|14
|
|t:|1779909070
|-terastallize|p1a: Walking Wake|Water
|move|p1a: Walking Wake|Surf|p2a: Pelipper
|-resisted|p2a: Pelipper
|-damage|p2a: Pelipper|0 fnt
|faint|p2a: Pelipper
|
|-weather|RainDance|[upkeep]
|upkeep
|inactive|Jaum04 has 120 seconds left.
|
|t:|1779909081
|switch|p2a: Basculegion|Basculegion, M|100/100
|-damage|p2a: Basculegion|88/100|[from] Spikes
|turn|15
|
|t:|1779909087
|-terastallize|p2a: Basculegion|Water
|move|p2a: Basculegion|Wave Crash|p1a: Walking Wake
|-resisted|p1a: Walking Wake
|-damage|p1a: Walking Wake|0 fnt
|faint|p1a: Walking Wake
|-end|p1a: Walking Wake|Protosynthesis|[silent]
|-damage|p2a: Basculegion|69/100|[from] Recoil
|
|-weather|RainDance|[upkeep]
|upkeep
|
|t:|1779909090
|switch|p1a: Ogerpon|Ogerpon, F|100/100
|turn|16
|
|t:|1779909102
|move|p2a: Basculegion|Wave Crash|p1a: Ogerpon
|-resisted|p1a: Ogerpon
|-damage|p1a: Ogerpon|0 fnt
|faint|p1a: Ogerpon
|-damage|p2a: Basculegion|43/100|[from] Recoil
|
|-weather|RainDance|[upkeep]
|upkeep
|
|t:|1779909107
|switch|p1a: Pecharunt|Pecharunt|46/100 brn
|turn|17
|
|t:|1779909115
|move|p2a: Basculegion|Wave Crash|p1a: Pecharunt
|-damage|p1a: Pecharunt|0 fnt
|faint|p1a: Pecharunt
|-damage|p2a: Basculegion|28/100|[from] Recoil
|
|-weather|none
|upkeep
|
|t:|1779909123
|switch|p1a: Gliscor|Gliscor, F|71/100 tox
|turn|18
|
|t:|1779909131
|move|p1a: Gliscor|Protect|p1a: Gliscor
|-singleturn|p1a: Gliscor|Protect
|move|p2a: Basculegion|Wave Crash|p1a: Gliscor
|-activate|p1a: Gliscor|move: Protect
|
|-heal|p1a: Gliscor|84/100 tox|[from] ability: Poison Heal
|upkeep
|turn|19
|
|t:|1779909157
|switch|p2a: Gliscor|Gliscor, M|100/100 tox
|move|p1a: Gliscor|Earthquake|p2a: Gliscor
|-immune|p2a: Gliscor
|
|-heal|p1a: Gliscor|96/100 tox|[from] ability: Poison Heal
|upkeep
|turn|20
|inactive|Jaum04 has 120 seconds left.
|
|t:|1779909181
|switch|p2a: Cinderace|Cinderace, F|100/100
|move|p1a: Gliscor|Spikes|p2a: Cinderace
|-sidestart|p2: Jaum04|Spikes
|
|-heal|p1a: Gliscor|100/100 tox|[from] ability: Poison Heal
|upkeep
|turn|21
|inactive|Jaum04 has 120 seconds left.
|
|t:|1779909193
|move|p2a: Cinderace|Court Change|p2a: Cinderace
|-start|p2a: Cinderace|typechange|Normal|[from] ability: Libero
|-swapsideconditions
|-activate|p2a: Cinderace|move: Court Change
|move|p1a: Gliscor|Earthquake|p2a: Cinderace
|-damage|p2a: Cinderace|56/100
|
|upkeep
|turn|22
|inactive|Jaum04 has 120 seconds left.
|
|t:|1779909204
|move|p2a: Cinderace|Pyro Ball|p1a: Gliscor|[miss]
|-miss|p2a: Cinderace|p1a: Gliscor
|move|p1a: Gliscor|Earthquake|p2a: Cinderace
|-damage|p2a: Cinderace|4/100
|
|upkeep
|turn|23
|inactive|Jaum04 has 120 seconds left.
|
|t:|1779909211
|move|p2a: Cinderace|Pyro Ball|p1a: Gliscor
|-damage|p1a: Gliscor|70/100 tox
|move|p1a: Gliscor|Earthquake|p2a: Cinderace
|-damage|p2a: Cinderace|0 fnt
|faint|p2a: Cinderace
|
|-heal|p1a: Gliscor|82/100 tox|[from] ability: Poison Heal
|upkeep
|inactive|Jaum04 has 120 seconds left.
|
|t:|1779909221
|switch|p2a: Weezing|Weezing-Galar, M|60/100
|-ability|p2a: Weezing|Neutralizing Gas
|turn|24
|
|t:|1779909225
|move|p1a: Gliscor|Earthquake|p2a: Weezing
|-supereffective|p2a: Weezing
|-damage|p2a: Weezing|11/100
|move|p2a: Weezing|Pain Split|p1a: Gliscor
|-sethp|p1a: Gliscor|46/100 tox|[from] move: Pain Split|[silent]
|-sethp|p2a: Weezing|49/100|[from] move: Pain Split
|
|-heal|p2a: Weezing|55/100|[from] item: Leftovers
|-damage|p1a: Gliscor|3/100 tox|[from] psn
|upkeep
|turn|25
|
|t:|1779909238
|switch|p1a: Blissey|Blissey, F|100/100
|move|p2a: Weezing|Strange Steam|p1a: Blissey
|-damage|p1a: Blissey|93/100
|-start|p1a: Blissey|confusion
|
|-heal|p2a: Weezing|61/100|[from] item: Leftovers
|upkeep
|turn|26
|inactive|Jaum04 has 120 seconds left.
|
|t:|1779909259
|-end|p2a: Weezing|ability: Neutralizing Gas
|switch|p2a: Gliscor|Gliscor, M|100/100 tox
|-activate|p1a: Blissey|confusion
|move|p1a: Blissey|Stealth Rock|p2a: Gliscor
|-sidestart|p2: Jaum04|move: Stealth Rock
|
|upkeep
|turn|27
|
|t:|1779909273
|switch|p1a: Corviknight|Corviknight, M|100/100
|-ability|p1a: Corviknight|Pressure
|move|p2a: Gliscor|Knock Off|p1a: Corviknight
|-damage|p1a: Corviknight|86/100
|-enditem|p1a: Corviknight|Heavy-Duty Boots|[from] move: Knock Off|[of] p2a: Gliscor
|
|upkeep
|turn|28
|
|t:|1779909282
|switch|p2a: Raging Bolt|Raging Bolt|100/100
|-damage|p2a: Raging Bolt|88/100|[from] Stealth Rock
|-enditem|p2a: Raging Bolt|Booster Energy
|-activate|p2a: Raging Bolt|ability: Protosynthesis|[fromitem]
|-start|p2a: Raging Bolt|protosynthesisspa
|move|p1a: Corviknight|Thief|p2a: Raging Bolt
|-damage|p2a: Raging Bolt|78/100
|
|upkeep
|turn|29
|inactive|Jaum04 has 120 seconds left.
|
|t:|1779909305
|move|p1a: Corviknight|U-turn|p2a: Raging Bolt
|-damage|p2a: Raging Bolt|67/100
|
|t:|1779909310
|switch|p1a: Blissey|Blissey, F|93/100|[from] U-turn
|move|p2a: Raging Bolt|Calm Mind|p2a: Raging Bolt
|-boost|p2a: Raging Bolt|spa|1
|-boost|p2a: Raging Bolt|spd|1
|
|upkeep
|turn|30
|
|t:|1779909320
|move|p2a: Raging Bolt|Draco Meteor|p1a: Blissey
|-damage|p1a: Blissey|45/100
|-unboost|p2a: Raging Bolt|spa|2
|move|p1a: Blissey|Seismic Toss|p2a: Raging Bolt
|-damage|p2a: Raging Bolt|45/100
|
|upkeep
|turn|31
|
|t:|1779909335
|-end|p2a: Raging Bolt|Protosynthesis|[silent]
|switch|p2a: Gliscor|Gliscor, M|100/100 tox
|-damage|p2a: Gliscor|88/100 tox|[from] Stealth Rock
|move|p1a: Blissey|Seismic Toss|p2a: Gliscor
|-damage|p2a: Gliscor|60/100 tox
|
|-heal|p2a: Gliscor|72/100 tox|[from] ability: Poison Heal
|upkeep
|turn|32
|
|t:|1779909352
|move|p2a: Gliscor|Knock Off|p1a: Blissey
|-crit|p1a: Blissey
|-damage|p1a: Blissey|11/100
|-enditem|p1a: Blissey|Heavy-Duty Boots|[from] move: Knock Off|[of] p2a: Gliscor
|move|p1a: Blissey|Soft-Boiled|p1a: Blissey
|-heal|p1a: Blissey|61/100
|
|-heal|p2a: Gliscor|85/100 tox|[from] ability: Poison Heal
|upkeep
|turn|33
|
|t:|1779909364
|move|p2a: Gliscor|Knock Off|p1a: Blissey
|-damage|p1a: Blissey|45/100
|move|p1a: Blissey|Soft-Boiled|p1a: Blissey
|-heal|p1a: Blissey|95/100
|
|-heal|p2a: Gliscor|97/100 tox|[from] ability: Poison Heal
|upkeep
|turn|34
|
|t:|1779909374
|move|p2a: Gliscor|Knock Off|p1a: Blissey
|-damage|p1a: Blissey|79/100
|move|p1a: Blissey|Seismic Toss|p2a: Gliscor
|-damage|p2a: Gliscor|69/100 tox
|
|-heal|p2a: Gliscor|81/100 tox|[from] ability: Poison Heal
|upkeep
|turn|35
|
|t:|1779909383
|move|p2a: Gliscor|Knock Off|p1a: Blissey
|-damage|p1a: Blissey|64/100
|move|p1a: Blissey|Soft-Boiled|p1a: Blissey
|-heal|p1a: Blissey|100/100
|
|-heal|p2a: Gliscor|94/100 tox|[from] ability: Poison Heal
|upkeep
|turn|36
|
|t:|1779909392
|move|p2a: Gliscor|Earthquake|p1a: Blissey
|-damage|p1a: Blissey|65/100
|move|p1a: Blissey|Seismic Toss|p2a: Gliscor
|-damage|p2a: Gliscor|65/100 tox
|
|-heal|p2a: Gliscor|78/100 tox|[from] ability: Poison Heal
|upkeep
|turn|37
|
|t:|1779909401
|move|p2a: Gliscor|Knock Off|p1a: Blissey
|-damage|p1a: Blissey|50/100
|move|p1a: Blissey|Soft-Boiled|p1a: Blissey
|-heal|p1a: Blissey|99/100
|
|-heal|p2a: Gliscor|90/100 tox|[from] ability: Poison Heal
|upkeep
|turn|38
|
|t:|1779909413
|move|p2a: Gliscor|Earthquake|p1a: Blissey
|-crit|p1a: Blissey
|-damage|p1a: Blissey|47/100
|move|p1a: Blissey|Seismic Toss|p2a: Gliscor
|-damage|p2a: Gliscor|62/100 tox
|
|-heal|p2a: Gliscor|75/100 tox|[from] ability: Poison Heal
|upkeep
|turn|39
|
|t:|1779909423
|move|p2a: Gliscor|Earthquake|p1a: Blissey
|-damage|p1a: Blissey|14/100
|move|p1a: Blissey|Soft-Boiled|p1a: Blissey
|-heal|p1a: Blissey|64/100
|
|-heal|p2a: Gliscor|87/100 tox|[from] ability: Poison Heal
|upkeep
|turn|40
|
|t:|1779909437
|move|p2a: Gliscor|Earthquake|p1a: Blissey
|-crit|p1a: Blissey
|-damage|p1a: Blissey|12/100
|move|p1a: Blissey|Seismic Toss|p2a: Gliscor
|-damage|p2a: Gliscor|59/100 tox
|
|-heal|p2a: Gliscor|71/100 tox|[from] ability: Poison Heal
|upkeep
|turn|41
|
|t:|1779909446
|switch|p1a: Corviknight|Corviknight, M|86/100
|-ability|p1a: Corviknight|Pressure
|move|p2a: Gliscor|Knock Off|p1a: Corviknight
|-damage|p1a: Corviknight|77/100
|
|-heal|p2a: Gliscor|84/100 tox|[from] ability: Poison Heal
|upkeep
|turn|42
|
|t:|1779909458
|move|p2a: Gliscor|Knock Off|p1a: Corviknight
|-damage|p1a: Corviknight|67/100
|move|p1a: Corviknight|Thief|p2a: Gliscor
|-damage|p2a: Gliscor|76/100 tox
|-enditem|p2a: Gliscor|Toxic Orb|[silent]|[from] move: Thief|[of] p1a: Corviknight
|-item|p1a: Corviknight|Toxic Orb|[from] move: Thief|[of] p2a: Gliscor
|
|-heal|p2a: Gliscor|88/100 tox|[from] ability: Poison Heal
|upkeep
|turn|43
|
|t:|1779909469
|move|p2a: Gliscor|Knock Off|p1a: Corviknight
|-damage|p1a: Corviknight|53/100
|-enditem|p1a: Corviknight|Toxic Orb|[from] move: Knock Off|[of] p2a: Gliscor
|move|p1a: Corviknight|Thief|p2a: Gliscor
|-damage|p2a: Gliscor|80/100 tox
|
|-heal|p2a: Gliscor|93/100 tox|[from] ability: Poison Heal
|upkeep
|turn|44
|
|t:|1779909480
|move|p2a: Gliscor|Knock Off|p1a: Corviknight
|-damage|p1a: Corviknight|43/100
|move|p1a: Corviknight|Thief|p2a: Gliscor
|-damage|p2a: Gliscor|85/100 tox
|
|-heal|p2a: Gliscor|98/100 tox|[from] ability: Poison Heal
|upkeep
|turn|45
|
|t:|1779909493
|switch|p2a: Weezing|Weezing-Galar, M|61/100
|-ability|p2a: Weezing|Neutralizing Gas
|-damage|p2a: Weezing|49/100|[from] Stealth Rock
|move|p1a: Corviknight|Roost|p1a: Corviknight
|-heal|p1a: Corviknight|93/100
|-singleturn|p1a: Corviknight|move: Roost
|
|-heal|p2a: Weezing|55/100|[from] item: Leftovers
|upkeep
|turn|46
|
|t:|1779909512
|move|p1a: Corviknight|Thief|p2a: Weezing
|-resisted|p2a: Weezing
|-damage|p2a: Weezing|50/100
|-enditem|p2a: Weezing|Leftovers|[silent]|[from] move: Thief|[of] p1a: Corviknight
|-item|p1a: Corviknight|Leftovers|[from] move: Thief|[of] p2a: Weezing
|move|p2a: Weezing|Will-O-Wisp|p1a: Corviknight
|-status|p1a: Corviknight|brn
|
|-heal|p1a: Corviknight|99/100 brn|[from] item: Leftovers
|-damage|p1a: Corviknight|93/100 brn|[from] brn
|upkeep
|turn|47
|
|t:|1779909523
|move|p1a: Corviknight|Body Press|p2a: Weezing
|-resisted|p2a: Weezing
|-damage|p2a: Weezing|48/100
|move|p2a: Weezing|Pain Split|p1a: Corviknight
|-sethp|p1a: Corviknight|68/100 brn|[from] move: Pain Split|[silent]
|-sethp|p2a: Weezing|76/100|[from] move: Pain Split
|
|-heal|p1a: Corviknight|74/100 brn|[from] item: Leftovers
|-damage|p1a: Corviknight|68/100 brn|[from] brn
|upkeep
|turn|48
|
|t:|1779909536
|-end|p2a: Weezing|ability: Neutralizing Gas
|-ability|p1a: Corviknight|Pressure
|switch|p2a: Gliscor|Gliscor, M|98/100 tox
|-damage|p2a: Gliscor|85/100 tox|[from] Stealth Rock
|move|p1a: Corviknight|Body Press|p2a: Gliscor
|-resisted|p2a: Gliscor
|-damage|p2a: Gliscor|82/100 tox
|
|-heal|p1a: Corviknight|74/100 brn|[from] item: Leftovers
|-heal|p2a: Gliscor|94/100 tox|[from] ability: Poison Heal
|-damage|p1a: Corviknight|68/100 brn|[from] brn
|upkeep
|turn|49
|
|t:|1779909550
|move|p2a: Gliscor|Knock Off|p1a: Corviknight
|-damage|p1a: Corviknight|55/100 brn
|-enditem|p1a: Corviknight|Leftovers|[from] move: Knock Off|[of] p2a: Gliscor
|move|p1a: Corviknight|Roost|p1a: Corviknight
|-heal|p1a: Corviknight|100/100 brn
|-singleturn|p1a: Corviknight|move: Roost
|
|-heal|p2a: Gliscor|100/100 tox|[from] ability: Poison Heal
|-damage|p1a: Corviknight|94/100 brn|[from] brn
|upkeep
|turn|50
|
|t:|1779909573
|switch|p2a: Weezing|Weezing-Galar, M|76/100
|-ability|p2a: Weezing|Neutralizing Gas
|-damage|p2a: Weezing|63/100|[from] Stealth Rock
|move|p1a: Corviknight|Body Press|p2a: Weezing
|-resisted|p2a: Weezing
|-damage|p2a: Weezing|61/100
|
|-damage|p1a: Corviknight|88/100 brn|[from] brn
|upkeep
|turn|51
|
|t:|1779909589
|move|p1a: Corviknight|Roost|p1a: Corviknight
|-heal|p1a: Corviknight|100/100 brn
|-singleturn|p1a: Corviknight|move: Roost
|move|p2a: Weezing|Pain Split|p1a: Corviknight
|-sethp|p1a: Corviknight|78/100 brn|[from] move: Pain Split|[silent]
|-sethp|p2a: Weezing|86/100|[from] move: Pain Split
|
|-damage|p1a: Corviknight|72/100 brn|[from] brn
|upkeep
|turn|52
|
|t:|1779909601
|move|p1a: Corviknight|Thief|p2a: Weezing
|-resisted|p2a: Weezing
|-damage|p2a: Weezing|84/100
|move|p2a: Weezing|Strange Steam|p1a: Corviknight
|-resisted|p1a: Corviknight
|-damage|p1a: Corviknight|57/100 brn
|
|-damage|p1a: Corviknight|50/100 brn|[from] brn
|upkeep
|turn|53
|
|t:|1779909616
|move|p1a: Corviknight|Roost|p1a: Corviknight
|-heal|p1a: Corviknight|100/100 brn
|-singleturn|p1a: Corviknight|move: Roost
|move|p2a: Weezing|Strange Steam|p1a: Corviknight
|-resisted|p1a: Corviknight
|-damage|p1a: Corviknight|86/100 brn
|
|-damage|p1a: Corviknight|80/100 brn|[from] brn
|upkeep
|turn|54
|
|t:|1779909630
|move|p1a: Corviknight|Body Press|p2a: Weezing
|-resisted|p2a: Weezing
|-damage|p2a: Weezing|82/100
|move|p2a: Weezing|Strange Steam|p1a: Corviknight
|-resisted|p1a: Corviknight
|-damage|p1a: Corviknight|66/100 brn
|-start|p1a: Corviknight|confusion
|
|-damage|p1a: Corviknight|60/100 brn|[from] brn
|upkeep
|turn|55
|
|t:|1779909646
|-activate|p1a: Corviknight|confusion
|move|p1a: Corviknight|Roost|p1a: Corviknight
|-heal|p1a: Corviknight|100/100 brn
|-singleturn|p1a: Corviknight|move: Roost
|move|p2a: Weezing|Will-O-Wisp|p1a: Corviknight
|-fail|p1a: Corviknight|brn
|
|-damage|p1a: Corviknight|94/100 brn|[from] brn
|upkeep
|turn|56
|
|t:|1779909658
|-activate|p1a: Corviknight|confusion
|-damage|p1a: Corviknight|89/100 brn|[from] confusion
|move|p2a: Weezing|Will-O-Wisp|p1a: Corviknight
|-fail|p1a: Corviknight|brn
|
|-damage|p1a: Corviknight|83/100 brn|[from] brn
|upkeep
|turn|57
|
|t:|1779909666
|-activate|p1a: Corviknight|confusion
|move|p1a: Corviknight|Roost|p1a: Corviknight
|-heal|p1a: Corviknight|100/100 brn
|-singleturn|p1a: Corviknight|move: Roost
|move|p2a: Weezing|Will-O-Wisp|p1a: Corviknight
|-fail|p1a: Corviknight|brn
|
|-damage|p1a: Corviknight|94/100 brn|[from] brn
|upkeep
|turn|58
|
|t:|1779909677
|-end|p1a: Corviknight|confusion
|move|p1a: Corviknight|Body Press|p2a: Weezing
|-resisted|p2a: Weezing
|-damage|p2a: Weezing|80/100
|move|p2a: Weezing|Will-O-Wisp|p1a: Corviknight
|-fail|p1a: Corviknight|brn
|
|-damage|p1a: Corviknight|88/100 brn|[from] brn
|upkeep
|turn|59
|
|t:|1779909693
|move|p1a: Corviknight|Thief|p2a: Weezing
|-resisted|p2a: Weezing
|-damage|p2a: Weezing|77/100
|move|p2a: Weezing|Strange Steam|p1a: Corviknight
|-resisted|p1a: Corviknight
|-damage|p1a: Corviknight|73/100 brn
|-start|p1a: Corviknight|confusion
|
|-damage|p1a: Corviknight|67/100 brn|[from] brn
|upkeep
|turn|60
|
|t:|1779909709
|-activate|p1a: Corviknight|confusion
|-damage|p1a: Corviknight|61/100 brn|[from] confusion
|move|p2a: Weezing|Will-O-Wisp|p1a: Corviknight
|-fail|p1a: Corviknight|brn
|
|-damage|p1a: Corviknight|55/100 brn|[from] brn
|upkeep
|turn|61
|
|t:|1779909724
|-activate|p1a: Corviknight|confusion
|-damage|p1a: Corviknight|49/100 brn|[from] confusion
|move|p2a: Weezing|Will-O-Wisp|p1a: Corviknight
|-fail|p1a: Corviknight|brn
|
|-damage|p1a: Corviknight|43/100 brn|[from] brn
|upkeep
|turn|62
|
|t:|1779909738
|-activate|p1a: Corviknight|confusion
|-damage|p1a: Corviknight|38/100 brn|[from] confusion
|move|p2a: Weezing|Will-O-Wisp|p1a: Corviknight
|-fail|p1a: Corviknight|brn
|
|-damage|p1a: Corviknight|31/100 brn|[from] brn
|upkeep
|turn|63
|inactive|claudechamp has 120 seconds left.
|
|t:|1779909755
|-activate|p1a: Corviknight|confusion
|move|p1a: Corviknight|U-turn|p2a: Weezing
|-resisted|p2a: Weezing
|-damage|p2a: Weezing|76/100
|inactive|claudechamp has 120 seconds left.
|
|t:|1779909772
|switch|p1a: Blissey|Blissey, F|12/100|[from] U-turn
|-damage|p1a: Blissey|0 fnt|[from] Spikes
|faint|p1a: Blissey
|move|p2a: Weezing|Will-O-Wisp|p1: Blissey|[notarget]
|-fail|p2a: Weezing
|
|upkeep
|
|t:|1779909787
|switch|p1a: Corviknight|Corviknight, M|31/100 brn
|turn|64
|
|t:|1779909802
|move|p1a: Corviknight|Roost|p1a: Corviknight
|-heal|p1a: Corviknight|82/100 brn
|-singleturn|p1a: Corviknight|move: Roost
|move|p2a: Weezing|Strange Steam|p1a: Corviknight
|-resisted|p1a: Corviknight
|-crit|p1a: Corviknight
|-damage|p1a: Corviknight|61/100 brn
|
|-damage|p1a: Corviknight|54/100 brn|[from] brn
|upkeep
|turn|65
|
|t:|1779909816
|move|p1a: Corviknight|Body Press|p2a: Weezing
|-resisted|p2a: Weezing
|-damage|p2a: Weezing|74/100
|move|p2a: Weezing|Strange Steam|p1a: Corviknight
|-resisted|p1a: Corviknight
|-crit|p1a: Corviknight
|-damage|p1a: Corviknight|35/100 brn
|-start|p1a: Corviknight|confusion
|
|-damage|p1a: Corviknight|29/100 brn|[from] brn
|upkeep
|turn|66
|inactive|claudechamp has 90 seconds left.
|
|t:|1779909833
|-activate|p1a: Corviknight|confusion
|move|p1a: Corviknight|Roost|p1a: Corviknight
|-heal|p1a: Corviknight|79/100 brn
|-singleturn|p1a: Corviknight|move: Roost
|move|p2a: Weezing|Will-O-Wisp|p1a: Corviknight
|-fail|p1a: Corviknight|brn
|
|-damage|p1a: Corviknight|72/100 brn|[from] brn
|upkeep
|turn|67
|inactive|claudechamp has 90 seconds left.
|
|t:|1779909856
|-activate|p1a: Corviknight|confusion
|move|p1a: Corviknight|Body Press|p2a: Weezing
|-resisted|p2a: Weezing
|-damage|p2a: Weezing|71/100
|move|p2a: Weezing|Strange Steam|p1a: Corviknight
|-resisted|p1a: Corviknight
|-crit|p1a: Corviknight
|-damage|p1a: Corviknight|50/100 brn
|
|-damage|p1a: Corviknight|44/100 brn|[from] brn
|upkeep
|turn|68
|
|t:|1779909873
|-activate|p1a: Corviknight|confusion
|move|p1a: Corviknight|Thief|p2a: Weezing
|-resisted|p2a: Weezing
|-damage|p2a: Weezing|69/100
|move|p2a: Weezing|Strange Steam|p1a: Corviknight
|-resisted|p1a: Corviknight
|-damage|p1a: Corviknight|30/100 brn
|
|-damage|p1a: Corviknight|24/100 brn|[from] brn
|upkeep
|turn|69
|
|t:|1779909882
|-end|p1a: Corviknight|confusion
|move|p1a: Corviknight|Body Press|p2a: Weezing
|-resisted|p2a: Weezing
|-damage|p2a: Weezing|67/100
|move|p2a: Weezing|Strange Steam|p1a: Corviknight
|-resisted|p1a: Corviknight
|-damage|p1a: Corviknight|11/100 brn
|-start|p1a: Corviknight|confusion
|
|-damage|p1a: Corviknight|5/100 brn|[from] brn
|upkeep
|turn|70
|
|t:|1779909900
|-activate|p1a: Corviknight|confusion
|-damage|p1a: Corviknight|0 fnt|[from] confusion
|faint|p1a: Corviknight
|move|p2a: Weezing|Strange Steam|p1: Corviknight|[notarget]
|-fail|p2a: Weezing
|
|upkeep
|inactive|claudechamp has 60 seconds left.
|
|t:|1779909920
|switch|p1a: Gliscor|Gliscor, F|3/100 tox
|turn|71
|inactive|claudechamp has 60 seconds left.
|
|t:|1779909937
|move|p1a: Gliscor|Earthquake|p2a: Weezing
|-supereffective|p2a: Weezing
|-damage|p2a: Weezing|22/100
|move|p2a: Weezing|Strange Steam|p1a: Gliscor
|-damage|p1a: Gliscor|0 fnt
|faint|p1a: Gliscor
|
|win|Jaum04
|raw|claudechamp's rating: 1104 &rarr; <strong>1086</strong><br />(-18 for losing)
|raw|Jaum04's rating: 1200 &rarr; <strong>1218</strong><br />(+18 for winning)
|c|☆claudechamp|gg
|l|☆Jaum04
|player|p2|
