|j|☆Fear covraa
|j|☆TheLeo4780
|t:|1779916866
|gametype|singles
|player|p1|Fear covraa|waiter-gen4|1450
|player|p2|TheLeo4780|scientist-gen4|1460
|gen|9
|tier|[Gen 9] OU
|rated|
|rule|HP Percentage Mod: HP is shown in percentages
|rule|Endless Battle Clause: Forcing endless battles is banned
|rule|Species Clause: Limit one of each Pokémon
|rule|OHKO Clause: OHKO moves are banned
|rule|Evasion Items Clause: Evasion items are banned
|rule|Evasion Moves Clause: Evasion moves are banned
|rule|Evasion Abilities Clause: Evasion abilities are banned
|rule|Sleep Moves Clause: Sleep-inducing moves are banned
|clearpoke
|poke|p1|Iron Boulder|
|poke|p1|Thundurus, M|
|poke|p1|Polteageist-Antique|
|poke|p1|Glimmora, F|
|poke|p1|Darkrai|
|poke|p1|Zamazenta-*|
|poke|p2|Raging Bolt|
|poke|p2|Ogerpon-Wellspring, F|
|poke|p2|Hatterene, F|
|poke|p2|Landorus-Therian, M|
|poke|p2|Kingambit, F|
|poke|p2|Zamazenta-*|
|teampreview
|inactive|Battle timer is ON: inactive players will automatically lose when time's up. (requested by Fear covraa)
|
|t:|1779916880
|teamsize|p1|6
|teamsize|p2|6
|start
|switch|p1a: Glimmora|Glimmora, F|100/100
|switch|p2a: Raging Bolt|Raging Bolt|100/100
|turn|1
|
|t:|1779916908
|move|p1a: Glimmora|Stealth Rock|p2a: Raging Bolt
|-sidestart|p2: TheLeo4780|move: Stealth Rock
|move|p2a: Raging Bolt|Thunderbolt|p1a: Glimmora
|-damage|p1a: Glimmora|6/100
|
|upkeep
|turn|2
|
|t:|1779916914
|move|p1a: Glimmora|Memento|p2a: Raging Bolt
|-unboost|p2a: Raging Bolt|atk|2
|-unboost|p2a: Raging Bolt|spa|2
|faint|p1a: Glimmora
|move|p2a: Raging Bolt|Thunderbolt|p1: Glimmora|[notarget]
|-fail|p2a: Raging Bolt
|
|upkeep
|
|t:|1779916918
|switch|p1a: Iron Boulder|Iron Boulder|100/100
|-enditem|p1a: Iron Boulder|Booster Energy
|-activate|p1a: Iron Boulder|ability: Quark Drive|[fromitem]
|-start|p1a: Iron Boulder|quarkdrivespe
|turn|3
|
|t:|1779916925
|-end|p2a: Raging Bolt|Protosynthesis|[silent]
|switch|p2a: Landorus|Landorus-Therian, M|100/100
|-damage|p2a: Landorus|88/100|[from] Stealth Rock
|-ability|p2a: Landorus|Intimidate|boost
|-unboost|p1a: Iron Boulder|atk|1
|move|p1a: Iron Boulder|Swords Dance|p1a: Iron Boulder
|-boost|p1a: Iron Boulder|atk|2
|
|upkeep
|turn|4
|
|t:|1779916940
|move|p1a: Iron Boulder|Mighty Cleave|p2a: Landorus
|-damage|p2a: Landorus|24/100
|-damage|p1a: Iron Boulder|84/100|[from] item: Rocky Helmet|[of] p2a: Landorus
|move|p2a: Landorus|Stealth Rock|p1a: Iron Boulder
|-sidestart|p1: Fear covraa|move: Stealth Rock
|
|upkeep
|turn|5
|
|t:|1779916956
|switch|p2a: Zamazenta|Zamazenta|100/100
|-damage|p2a: Zamazenta|94/100|[from] Stealth Rock
|-ability|p2a: Zamazenta|Dauntless Shield|boost
|-boost|p2a: Zamazenta|def|1
|move|p1a: Iron Boulder|Mighty Cleave|p2a: Zamazenta
|-resisted|p2a: Zamazenta
|-damage|p2a: Zamazenta|77/100
|
|-heal|p2a: Zamazenta|83/100|[from] item: Leftovers
|upkeep
|turn|6
|
|t:|1779916959
|-terastallize|p1a: Iron Boulder|Fighting
|move|p1a: Iron Boulder|Sacred Sword|p2a: Zamazenta
|-damage|p2a: Zamazenta|38/100
|move|p2a: Zamazenta|Roar|p1a: Iron Boulder
|-end|p1a: Iron Boulder|Quark Drive|[silent]
|drag|p1a: Thundurus|Thundurus, M|100/100
|-damage|p1a: Thundurus|76/100|[from] Stealth Rock
|
|-heal|p2a: Zamazenta|45/100|[from] item: Leftovers
|upkeep
|turn|7
|
|t:|1779916974
|switch|p2a: Raging Bolt|Raging Bolt|100/100
|-damage|p2a: Raging Bolt|88/100|[from] Stealth Rock
|move|p1a: Thundurus|Agility|p1a: Thundurus
|-boost|p1a: Thundurus|spe|2
|
|upkeep
|turn|8
|
|t:|1779916985
|move|p1a: Thundurus|Swagger|p2a: Raging Bolt
|-boost|p2a: Raging Bolt|atk|2
|-start|p2a: Raging Bolt|confusion
|-enditem|p1a: Thundurus|Mirror Herb
|-boost|p1a: Thundurus|atk|2|[from] item: Mirror Herb
|-activate|p2a: Raging Bolt|confusion
|move|p2a: Raging Bolt|Draco Meteor|p1a: Thundurus
|-damage|p1a: Thundurus|0 fnt
|-unboost|p2a: Raging Bolt|spa|2
|faint|p1a: Thundurus
|
|upkeep
|
|t:|1779916994
|switch|p1a: Tea|Polteageist-Antique|100/100
|-damage|p1a: Tea|88/100|[from] Stealth Rock
|turn|9
|
|t:|1779917002
|-end|p2a: Raging Bolt|Protosynthesis|[silent]
|switch|p2a: Kingambit|Kingambit, F|100/100
|-damage|p2a: Kingambit|94/100|[from] Stealth Rock
|move|p1a: Tea|Shell Smash|p1a: Tea
|-unboost|p1a: Tea|def|1
|-unboost|p1a: Tea|spd|1
|-boost|p1a: Tea|atk|2
|-boost|p1a: Tea|spa|2
|-boost|p1a: Tea|spe|2
|
|-heal|p2a: Kingambit|100/100|[from] item: Leftovers
|upkeep
|turn|10
|
|t:|1779917010
|move|p2a: Kingambit|Sucker Punch||[still]
|-fail|p2a: Kingambit
|move|p1a: Tea|Metronome|p1a: Tea
|move|p1a: Tea|Whirlpool|p2a: Kingambit|[from] move: Metronome|[miss]
|-miss|p1a: Tea|p2a: Kingambit
|
|upkeep
|turn|11
|
|t:|1779917017
|move|p1a: Tea|Metronome|p1a: Tea
|move|p1a: Tea|Dive||[from] move: Metronome|[still]
|-prepare|p1a: Tea|Dive
|move|p2a: Kingambit|Iron Head|p1a: Tea|[miss]
|-miss|p2a: Kingambit|p1a: Tea
|
|upkeep
|turn|12
|
|t:|1779917022
|-end|p2a: Kingambit|fallenundefined|[silent]
|switch|p2a: Ogerpon|Ogerpon-Wellspring, F|100/100
|-damage|p2a: Ogerpon|88/100|[from] Stealth Rock
|move|p1a: Tea|Dive|p2a: Ogerpon|[from] lockedmove
|-heal|p2a: Ogerpon|100/100|[from] ability: Water Absorb|[of] p1a: Tea
|
|upkeep
|turn|13
|
|t:|1779917030
|move|p1a: Tea|Stored Power|p2a: Ogerpon
|-damage|p2a: Ogerpon|0 fnt
|faint|p2a: Ogerpon
|
|upkeep
|
|t:|1779917048
|switch|p2a: Landorus|Landorus-Therian, M|24/100
|-damage|p2a: Landorus|12/100|[from] Stealth Rock
|-ability|p2a: Landorus|Intimidate|boost
|-unboost|p1a: Tea|atk|1
|turn|14
|
|t:|1779917059
|move|p1a: Tea|Shadow Ball|p2a: Landorus
|-damage|p2a: Landorus|0 fnt
|faint|p2a: Landorus
|
|upkeep
|
|t:|1779917065
|switch|p2a: Raging Bolt|Raging Bolt|88/100
|-damage|p2a: Raging Bolt|76/100|[from] Stealth Rock
|turn|15
|
|t:|1779917069
|move|p1a: Tea|Stored Power|p2a: Raging Bolt
|-damage|p2a: Raging Bolt|0 fnt
|faint|p2a: Raging Bolt
|-end|p2a: Raging Bolt|Protosynthesis|[silent]
|
|upkeep
|
|t:|1779917073
|switch|p2a: Kingambit|Kingambit, F|100/100
|-damage|p2a: Kingambit|94/100|[from] Stealth Rock
|-activate|p2a: Kingambit|ability: Supreme Overlord
|-start|p2a: Kingambit|fallen3|[silent]
|turn|16
|
|t:|1779917078
|move|p1a: Tea|Metronome|p1a: Tea
|move|p1a: Tea|Spark|p2a: Kingambit|[from] move: Metronome
|-damage|p2a: Kingambit|83/100
|move|p2a: Kingambit|Iron Head|p1a: Tea
|-crit|p1a: Tea
|-damage|p1a: Tea|0 fnt
|faint|p1a: Tea
|
|-heal|p2a: Kingambit|89/100|[from] item: Leftovers
|upkeep
|
|t:|1779917085
|switch|p1a: Iron Boulder|Iron Boulder, tera:Fighting|84/100
|-damage|p1a: Iron Boulder|78/100|[from] Stealth Rock
|turn|17
|
|t:|1779917093
|-terastallize|p2a: Kingambit|Fairy
|move|p1a: Iron Boulder|Sacred Sword|p2a: Kingambit
|-resisted|p2a: Kingambit
|-damage|p2a: Kingambit|69/100
|move|p2a: Kingambit|Zen Headbutt|p1a: Iron Boulder
|-supereffective|p1a: Iron Boulder
|-crit|p1a: Iron Boulder
|-damage|p1a: Iron Boulder|0 fnt
|faint|p1a: Iron Boulder
|-end|p1a: Iron Boulder|Quark Drive|[silent]
|
|-heal|p2a: Kingambit|75/100|[from] item: Leftovers
|upkeep
|
|t:|1779917100
|switch|p1a: Darkrai|Darkrai|100/100
|-damage|p1a: Darkrai|88/100|[from] Stealth Rock
|turn|18
|
|t:|1779917108
|move|p1a: Darkrai|Sludge Bomb|p2a: Kingambit
|-supereffective|p2a: Kingambit
|-damage|p2a: Kingambit|3/100
|move|p2a: Kingambit|Iron Head|p1a: Darkrai
|-damage|p1a: Darkrai|13/100
|
|-heal|p2a: Kingambit|9/100|[from] item: Leftovers
|upkeep
|turn|19
|
|t:|1779917115
|move|p2a: Kingambit|Sucker Punch||[still]
|-fail|p2a: Kingambit
|move|p1a: Darkrai|Nasty Plot|p1a: Darkrai
|-boost|p1a: Darkrai|spa|2
|
|-heal|p2a: Kingambit|15/100|[from] item: Leftovers
|upkeep
|turn|20
|
|t:|1779917117
|move|p2a: Kingambit|Sucker Punch||[still]
|-fail|p2a: Kingambit
|move|p1a: Darkrai|Nasty Plot|p1a: Darkrai
|-boost|p1a: Darkrai|spa|2
|
|-heal|p2a: Kingambit|21/100|[from] item: Leftovers
|upkeep
|turn|21
|
|t:|1779917119
|move|p1a: Darkrai|Nasty Plot|p1a: Darkrai
|-boost|p1a: Darkrai|spa|2
|move|p2a: Kingambit|Iron Head|p1a: Darkrai
|-damage|p1a: Darkrai|0 fnt
|faint|p1a: Darkrai
|
|-heal|p2a: Kingambit|27/100|[from] item: Leftovers
|upkeep
|
|t:|1779917121
|switch|p1a: Zamazenta|Zamazenta|100/100
|-damage|p1a: Zamazenta|94/100|[from] Stealth Rock
|-ability|p1a: Zamazenta|Dauntless Shield|boost
|-boost|p1a: Zamazenta|def|1
|turn|22
|
|t:|1779917132
|move|p1a: Zamazenta|Heavy Slam|p2a: Kingambit
|-supereffective|p2a: Kingambit
|-damage|p2a: Kingambit|7/100
|move|p2a: Kingambit|Zen Headbutt|p1a: Zamazenta
|-supereffective|p1a: Zamazenta
|-damage|p1a: Zamazenta|52/100
|
|-heal|p1a: Zamazenta|58/100|[from] item: Leftovers
|-heal|p2a: Kingambit|13/100|[from] item: Leftovers
|upkeep
|turn|23
|
|t:|1779917140
|move|p1a: Zamazenta|Body Press|p2a: Kingambit
|-resisted|p2a: Kingambit
|-damage|p2a: Kingambit|0 fnt
|faint|p2a: Kingambit
|-end|p2a: Kingambit|fallen3|[silent]
|
|-heal|p1a: Zamazenta|64/100|[from] item: Leftovers
|upkeep
|
|t:|1779917147
|switch|p2a: Hatterene|Hatterene, F|100/100
|-damage|p2a: Hatterene|88/100|[from] Stealth Rock
|turn|24
|
|t:|1779917153
|move|p1a: Zamazenta|Heavy Slam|p2a: Hatterene
|-supereffective|p2a: Hatterene
|-damage|p2a: Hatterene|19/100
|move|p2a: Hatterene|Draining Kiss|p1a: Zamazenta
|-supereffective|p1a: Zamazenta
|-damage|p1a: Zamazenta|16/100
|-heal|p2a: Hatterene|56/100|[from] drain|[of] p1a: Zamazenta
|
|-heal|p1a: Zamazenta|22/100|[from] item: Leftovers
|upkeep
|turn|25
|
|t:|1779917165
|move|p1a: Zamazenta|Heavy Slam|p2a: Hatterene
|-supereffective|p2a: Hatterene
|-damage|p2a: Hatterene|0 fnt
|faint|p2a: Hatterene
|
|-heal|p1a: Zamazenta|28/100|[from] item: Leftovers
|upkeep
|
|t:|1779917166
|switch|p2a: Zamazenta|Zamazenta|45/100
|-damage|p2a: Zamazenta|38/100|[from] Stealth Rock
|turn|26
|
|t:|1779917175
|move|p1a: Zamazenta|Body Press|p2a: Zamazenta
|-damage|p2a: Zamazenta|0 fnt
|faint|p2a: Zamazenta
|
|win|Fear covraa
|raw|Fear covraa's rating: 1450 &rarr; <strong>1471</strong><br />(+21 for winning)
|raw|TheLeo4780's rating: 1460 &rarr; <strong>1439</strong><br />(-21 for losing)
|l|☆Fear covraa
|player|p1|
|l|☆TheLeo4780
|player|p2|
