|j|☆ballred
|j|☆bayonettaFan
|t:|1779918087
|gametype|singles
|player|p1|ballred|hoopster|1551
|player|p2|bayonettaFan|n|1537
|gen|9
|tier|[Gen 9] OU
|rated|
|rule|HP Percentage Mod: HP is shown in percentages
|rule|Endless Battle Clause: Forcing endless battles is banned
|rule|Species Clause: Limit one of each Pokémon
|rule|OHKO Clause: OHKO moves are banned
|rule|Evasion Items Clause: Evasion items are banned
|rule|Evasion Moves Clause: Evasion moves are banned
|rule|Evasion Abilities Clause: Evasion abilities are banned
|rule|Sleep Moves Clause: Sleep-inducing moves are banned
|clearpoke
|poke|p1|Metagross|
|poke|p1|Cinderace, M|
|poke|p1|Hydrapple, F|
|poke|p1|Landorus-Therian, M|
|poke|p1|Raging Bolt|
|poke|p1|Alomomola, M|
|poke|p2|Pelipper, F|
|poke|p2|Barraskewda, M|
|poke|p2|Kingdra, F|
|poke|p2|Toxicroak, F|
|poke|p2|Iron Treads|
|poke|p2|Goodra-Hisui, F|
|teampreview
|inactive|Battle timer is ON: inactive players will automatically lose when time's up. (requested by bayonettaFan)
|inactive|ballred has 120 seconds left.
|
|t:|1779918118
|teamsize|p1|6
|teamsize|p2|6
|start
|switch|p1a: Chernobyl|Raging Bolt|100/100
|switch|p2a: Pelipper|Pelipper, F|100/100
|-weather|RainDance|[from] ability: Drizzle|[of] p2a: Pelipper
|turn|1
|
|t:|1779918121
|switch|p2a: Goodra|Goodra-Hisui, F|100/100
|move|p1a: Chernobyl|Draco Meteor|p2a: Goodra
|-damage|p2a: Goodra|56/100
|-unboost|p1a: Chernobyl|spa|2
|
|-weather|RainDance|[upkeep]
|upkeep
|turn|2
|j| rizz of reko
|
|t:|1779918137
|-end|p1a: Chernobyl|Protosynthesis|[silent]
|switch|p1a: Feisimo|Landorus-Therian, M|100/100
|-ability|p1a: Feisimo|Intimidate|boost
|-unboost|p2a: Goodra|atk|1
|move|p2a: Goodra|Knock Off|p1a: Feisimo
|-damage|p1a: Feisimo|84/100
|-enditem|p1a: Feisimo|Leftovers|[from] move: Knock Off|[of] p2a: Goodra
|
|-weather|RainDance|[upkeep]
|upkeep
|turn|3
|c|☆bayonettaFan|feisimo
|c|☆bayonettaFan|horrible
|
|t:|1779918158
|switch|p2a: Pelipper|Pelipper, F|100/100
|move|p1a: Feisimo|U-turn|p2a: Pelipper
|-resisted|p2a: Pelipper
|-damage|p2a: Pelipper|91/100
|c|☆ballred|not a handsome guy
|c|☆ballred|but we still love him
|
|t:|1779918178
|switch|p1a: Chernobyl|Raging Bolt|100/100|[from] U-turn
|
|-weather|RainDance|[upkeep]
|upkeep
|turn|4
|
|t:|1779918198
|switch|p2a: Iron Treads|Iron Treads|100/100
|move|p1a: Chernobyl|Draco Meteor|p2a: Iron Treads|[miss]
|-miss|p1a: Chernobyl|p2a: Iron Treads
|
|-weather|RainDance|[upkeep]
|upkeep
|turn|5
|
|t:|1779918203
|-end|p1a: Chernobyl|Protosynthesis|[silent]
|switch|p1a: Bubba|Alomomola, M|100/100
|move|p2a: Iron Treads|Stealth Rock|p1a: Bubba
|-sidestart|p1: ballred|move: Stealth Rock
|
|-weather|RainDance|[upkeep]
|upkeep
|turn|6
|
|t:|1779918206
|-end|p2a: Iron Treads|Quark Drive|[silent]
|switch|p2a: Toxicroak|Toxicroak, F|100/100
|move|p1a: Bubba|Flip Turn|p2a: Toxicroak
|-immune|p2a: Toxicroak|[from] ability: Dry Skin
|
|-weather|RainDance|[upkeep]
|upkeep
|turn|7
|
|t:|1779918211
|move|p2a: Toxicroak|Toxic|p1a: Bubba
|-status|p1a: Bubba|tox
|move|p1a: Bubba|Wish|p1a: Bubba
|
|-weather|RainDance|[upkeep]
|-damage|p1a: Bubba|94/100 tox|[from] psn
|upkeep
|turn|8
|
|t:|1779918215
|switch|p1a: Professor X|Metagross, shiny|100/100
|-damage|p1a: Professor X|94/100|[from] Stealth Rock
|move|p2a: Toxicroak|Knock Off|p1a: Professor X
|-supereffective|p1a: Professor X
|-damage|p1a: Professor X|54/100
|-enditem|p1a: Professor X|Leftovers|[from] move: Knock Off|[of] p2a: Toxicroak
|
|-weather|none
|-heal|p1a: Professor X|100/100|[from] move: Wish|[wisher] Bubba
|upkeep
|turn|9
|
|t:|1779918221
|switch|p2a: Pelipper|Pelipper, F|91/100
|-weather|RainDance|[from] ability: Drizzle|[of] p2a: Pelipper
|move|p1a: Professor X|Knock Off|p2a: Pelipper
|-crit|p2a: Pelipper
|-damage|p2a: Pelipper|45/100
|-enditem|p2a: Pelipper|Damp Rock|[from] move: Knock Off|[of] p1a: Professor X
|
|-weather|RainDance|[upkeep]
|upkeep
|turn|10
|
|t:|1779918229
|move|p1a: Professor X|Psychic Fangs|p2a: Pelipper
|-damage|p2a: Pelipper|5/100
|move|p2a: Pelipper|U-turn|p1a: Professor X
|-damage|p1a: Professor X|92/100
|
|t:|1779918248
|switch|p2a: Barraskewda|Barraskewda, M|100/100|[from] U-turn
|
|-weather|RainDance|[upkeep]
|upkeep
|turn|11
|
|t:|1779918255
|switch|p1a: Bubba|Alomomola, M|100/100 tox
|-damage|p1a: Bubba|88/100 tox|[from] Stealth Rock
|-terastallize|p2a: Barraskewda|Water
|move|p2a: Barraskewda|Flip Turn|p1a: Bubba
|-resisted|p1a: Bubba
|-damage|p1a: Bubba|61/100 tox
|-damage|p2a: Barraskewda|84/100|[from] item: Rocky Helmet|[of] p1a: Bubba
|
|t:|1779918260
|switch|p2a: Kingdra|Kingdra, F|100/100|[from] Flip Turn
|
|-weather|RainDance|[upkeep]
|-damage|p1a: Bubba|55/100 tox|[from] psn
|upkeep
|turn|12
|
|t:|1779918265
|move|p2a: Kingdra|Draco Meteor|p1a: Bubba|[miss]
|-miss|p2a: Kingdra|p1a: Bubba
|move|p1a: Bubba|Flip Turn|p2a: Kingdra
|-resisted|p2a: Kingdra
|-damage|p2a: Kingdra|93/100
|c|☆bayonettaFan|...
|
|t:|1779918279
|switch|p1a: Professor X|Metagross, shiny|92/100|[from] Flip Turn
|-damage|p1a: Professor X|86/100|[from] Stealth Rock
|
|-weather|RainDance|[upkeep]
|upkeep
|turn|13
|
|t:|1779918289
|switch|p2a: Iron Treads|Iron Treads|100/100
|move|p1a: Professor X|Psychic Fangs|p2a: Iron Treads
|-resisted|p2a: Iron Treads
|-damage|p2a: Iron Treads|77/100
|
|-weather|RainDance|[upkeep]
|-heal|p2a: Iron Treads|84/100|[from] item: Leftovers
|upkeep
|turn|14
|
|t:|1779918296
|switch|p1a: Feisimo|Landorus-Therian, M|84/100
|-damage|p1a: Feisimo|71/100|[from] Stealth Rock
|-ability|p1a: Feisimo|Intimidate|boost
|-unboost|p2a: Iron Treads|atk|1
|move|p2a: Iron Treads|Earthquake|p1a: Feisimo
|-immune|p1a: Feisimo
|
|-weather|RainDance|[upkeep]
|-heal|p2a: Iron Treads|90/100|[from] item: Leftovers
|upkeep
|turn|15
|
|t:|1779918301
|move|p2a: Iron Treads|Ice Spinner|p1a: Feisimo
|-supereffective|p1a: Feisimo
|-damage|p1a: Feisimo|0 fnt
|faint|p1a: Feisimo
|
|-weather|RainDance|[upkeep]
|-heal|p2a: Iron Treads|96/100|[from] item: Leftovers
|upkeep
|
|t:|1779918305
|switch|p1a: Chucharito|Cinderace, M, shiny|100/100
|turn|16
|
|t:|1779918310
|move|p1a: Chucharito|Low Kick|p2a: Iron Treads
|-start|p1a: Chucharito|typechange|Fighting|[from] ability: Libero
|-supereffective|p2a: Iron Treads
|-damage|p2a: Iron Treads|0 fnt
|faint|p2a: Iron Treads
|-end|p2a: Iron Treads|Quark Drive|[silent]
|
|-weather|none
|upkeep
|
|t:|1779918315
|switch|p2a: Barraskewda|Barraskewda, M, tera:Water|84/100
|turn|17
|
|t:|1779918318
|switch|p1a: Bubba|Alomomola, M|88/100 tox
|-damage|p1a: Bubba|76/100 tox|[from] Stealth Rock
|move|p2a: Barraskewda|Flip Turn|p1a: Bubba
|-resisted|p1a: Bubba
|-damage|p1a: Bubba|59/100 tox
|-damage|p2a: Barraskewda|68/100|[from] item: Rocky Helmet|[of] p1a: Bubba
|
|t:|1779918320
|switch|p2a: Kingdra|Kingdra, F|93/100|[from] Flip Turn
|
|-damage|p1a: Bubba|52/100 tox|[from] psn
|upkeep
|turn|18
|
|t:|1779918327
|switch|p2a: Barraskewda|Barraskewda, M, tera:Water|68/100
|move|p1a: Bubba|Flip Turn|p2a: Barraskewda
|-resisted|p2a: Barraskewda
|-damage|p2a: Barraskewda|51/100
|
|t:|1779918330
|switch|p1a: Applecrisp|Hydrapple, F|100/100|[from] Flip Turn
|-damage|p1a: Applecrisp|88/100|[from] Stealth Rock
|
|upkeep
|turn|19
|
|t:|1779918332
|move|p2a: Barraskewda|Flip Turn|p1a: Applecrisp
|-resisted|p1a: Applecrisp
|-damage|p1a: Applecrisp|74/100
|
|t:|1779918335
|switch|p2a: Goodra|Goodra-Hisui, F|56/100|[from] Flip Turn
|move|p1a: Applecrisp|Fickle Beam|p2a: Goodra|[anim] Fickle Beam All Out
|-activate|p1a: Applecrisp|move: Fickle Beam
|-damage|p2a: Goodra|25/100
|
|upkeep
|turn|20
|
|t:|1779918340
|switch|p1a: Chucharito|Cinderace, M, shiny|100/100
|move|p2a: Goodra|Draco Meteor|p1a: Chucharito
|-damage|p1a: Chucharito|25/100
|-unboost|p2a: Goodra|spa|2
|
|upkeep
|turn|21
|
|t:|1779918347
|switch|p2a: Toxicroak|Toxicroak, F|100/100
|move|p1a: Chucharito|Court Change|p1a: Chucharito
|-start|p1a: Chucharito|typechange|Normal|[from] ability: Libero
|-swapsideconditions
|-activate|p1a: Chucharito|move: Court Change
|
|upkeep
|turn|22
|
|t:|1779918351
|move|p1a: Chucharito|Pyro Ball|p2a: Toxicroak
|-damage|p2a: Toxicroak|55/100
|move|p2a: Toxicroak|Knock Off|p1a: Chucharito
|-damage|p1a: Chucharito|0 fnt
|-enditem|p1a: Chucharito|Heavy-Duty Boots|[from] move: Knock Off|[of] p2a: Toxicroak
|faint|p1a: Chucharito
|
|upkeep
|
|t:|1779918355
|switch|p1a: Professor X|Metagross, shiny|86/100
|turn|23
|-message|bayonettaFan forfeited.
|
|win|ballred
|raw|ballred's rating: 1551 &rarr; <strong>1570</strong><br />(+19 for winning)
|raw|bayonettaFan's rating: 1537 &rarr; <strong>1518</strong><br />(-19 for losing)
|l|☆bayonettaFan
|player|p2|
|l|☆ballred
|player|p1|
|l| rizz of reko
