|j|☆Catins
|j|☆BonBon643
|t:|1779907906
|gametype|singles
|player|p1|Catins|cheryl|1192
|player|p2|BonBon643|steven|1120
|gen|9
|tier|[Gen 9] OU
|rated|
|rule|HP Percentage Mod: HP is shown in percentages
|rule|Endless Battle Clause: Forcing endless battles is banned
|rule|Species Clause: Limit one of each Pokémon
|rule|OHKO Clause: OHKO moves are banned
|rule|Evasion Items Clause: Evasion items are banned
|rule|Evasion Moves Clause: Evasion moves are banned
|rule|Evasion Abilities Clause: Evasion abilities are banned
|rule|Sleep Moves Clause: Sleep-inducing moves are banned
|clearpoke
|poke|p1|Wugtrio, M|
|poke|p1|Darkrai|
|poke|p1|Slowking-Galar, F|
|poke|p1|Ogerpon, F|
|poke|p1|Iron Valiant|
|poke|p1|Mandibuzz, F|
|poke|p2|Iron Valiant|
|poke|p2|Dragapult, F|
|poke|p2|Samurott-Hisui, M|
|poke|p2|Raichu-Alola, F|
|poke|p2|Gholdengo|
|poke|p2|Glimmora, M|
|teampreview
|inactive|Battle timer is ON: inactive players will automatically lose when time's up. (requested by BonBon643)
|
|t:|1779907915
|teamsize|p1|6
|teamsize|p2|6
|start
|switch|p1a: Ogerpon|Ogerpon, F|100/100
|switch|p2a: Glimmora|Glimmora, M|100/100
|turn|1
|
|t:|1779907921
|move|p1a: Ogerpon|Stomping Tantrum|p2a: Glimmora
|-supereffective|p2a: Glimmora
|-enditem|p2a: Glimmora|Focus Sash
|-damage|p2a: Glimmora|1/100
|-activate|p2a: Glimmora|ability: Toxic Debris
|-sidestart|p1: Catins|move: Toxic Spikes
|move|p2a: Glimmora|Stealth Rock|p1a: Ogerpon
|-sidestart|p1: Catins|move: Stealth Rock
|
|upkeep
|turn|2
|
|t:|1779907930
|move|p1a: Ogerpon|Stomping Tantrum|p2a: Glimmora
|-supereffective|p2a: Glimmora
|-damage|p2a: Glimmora|0 fnt
|-activate|p2a: Glimmora|ability: Toxic Debris
|-sidestart|p1: Catins|move: Toxic Spikes
|faint|p2a: Glimmora
|
|upkeep
|
|t:|1779907942
|switch|p2a: Dragapult|Dragapult, F|100/100
|turn|3
|
|t:|1779907950
|switch|p1a: Slowking|Slowking-Galar, F|100/100
|-sideend|p1: Catins|move: Toxic Spikes|[of] p1a: Slowking
|move|p2a: Dragapult|U-turn|p1a: Slowking
|-damage|p1a: Slowking|73/100
|
|t:|1779907960
|switch|p2a: Gholdengo|Gholdengo|100/100|[from] U-turn
|
|upkeep
|turn|4
|
|t:|1779907967
|move|p2a: Gholdengo|Shadow Ball|p1a: Slowking
|-supereffective|p1a: Slowking
|-damage|p1a: Slowking|0 fnt
|faint|p1a: Slowking
|
|upkeep
|
|t:|1779907970
|switch|p1a: Mandibuzz|Mandibuzz, F|100/100
|-damage|p1a: Mandibuzz|75/100|[from] Stealth Rock
|turn|5
|
|t:|1779907978
|move|p2a: Gholdengo|Dazzling Gleam|p1a: Mandibuzz
|-supereffective|p1a: Mandibuzz
|-damage|p1a: Mandibuzz|20/100
|move|p1a: Mandibuzz|Foul Play|p2a: Gholdengo
|-supereffective|p2a: Gholdengo
|-damage|p2a: Gholdengo|67/100
|
|-heal|p1a: Mandibuzz|26/100|[from] item: Leftovers
|upkeep
|turn|6
|
|t:|1779907995
|move|p2a: Gholdengo|Dazzling Gleam|p1a: Mandibuzz
|-supereffective|p1a: Mandibuzz
|-damage|p1a: Mandibuzz|0 fnt
|faint|p1a: Mandibuzz
|
|upkeep
|
|t:|1779907998
|switch|p1a: Wugtrio|Wugtrio, M|100/100
|-damage|p1a: Wugtrio|88/100|[from] Stealth Rock
|turn|7
|
|t:|1779908005
|move|p1a: Wugtrio|Throat Chop|p2a: Gholdengo
|-supereffective|p2a: Gholdengo
|-crit|p2a: Gholdengo
|-damage|p2a: Gholdengo|0 fnt
|faint|p2a: Gholdengo
|
|upkeep
|
|t:|1779908012
|switch|p2a: Raichu|Raichu-Alola, F, shiny|100/100
|turn|8
|
|t:|1779908018
|move|p1a: Wugtrio|Throat Chop|p2a: Raichu
|-supereffective|p2a: Raichu
|-damage|p2a: Raichu|0 fnt
|faint|p2a: Raichu
|
|upkeep
|
|t:|1779908027
|switch|p2a: Iron Valiant|Iron Valiant|100/100
|-enditem|p2a: Iron Valiant|Booster Energy
|-activate|p2a: Iron Valiant|ability: Quark Drive|[fromitem]
|-start|p2a: Iron Valiant|quarkdriveatk
|turn|9
|
|t:|1779908039
|switch|p1a: Darkrai|Darkrai|100/100
|-damage|p1a: Darkrai|88/100|[from] Stealth Rock
|move|p2a: Iron Valiant|Swords Dance|p2a: Iron Valiant
|-boost|p2a: Iron Valiant|atk|2
|
|upkeep
|turn|10
|
|t:|1779908054
|move|p1a: Darkrai|Psychic|p2a: Iron Valiant
|-supereffective|p2a: Iron Valiant
|-damage|p2a: Iron Valiant|0 fnt
|faint|p2a: Iron Valiant
|-end|p2a: Iron Valiant|Quark Drive|[silent]
|-damage|p1a: Darkrai|78/100|[from] item: Life Orb
|
|upkeep
|
|t:|1779908061
|switch|p2a: Samurott|Samurott-Hisui, M|100/100
|turn|11
|
|t:|1779908067
|move|p1a: Darkrai|Sludge Bomb|p2a: Samurott
|-damage|p2a: Samurott|61/100
|-damage|p1a: Darkrai|68/100|[from] item: Life Orb
|move|p2a: Samurott|Aqua Cutter|p1a: Darkrai
|-damage|p1a: Darkrai|25/100
|
|upkeep
|turn|12
|
|t:|1779908074
|move|p2a: Samurott|Aqua Jet|p1a: Darkrai
|-damage|p1a: Darkrai|0 fnt
|faint|p1a: Darkrai
|
|upkeep
|
|t:|1779908082
|switch|p1a: Iron Valiant|Iron Valiant|100/100
|-damage|p1a: Iron Valiant|94/100|[from] Stealth Rock
|-enditem|p1a: Iron Valiant|Booster Energy
|-activate|p1a: Iron Valiant|ability: Quark Drive|[fromitem]
|-start|p1a: Iron Valiant|quarkdrivespe
|turn|13
|
|t:|1779908089
|move|p2a: Samurott|Aqua Jet|p1a: Iron Valiant
|-damage|p1a: Iron Valiant|69/100
|move|p1a: Iron Valiant|Calm Mind|p1a: Iron Valiant
|-boost|p1a: Iron Valiant|spa|1
|-boost|p1a: Iron Valiant|spd|1
|
|upkeep
|turn|14
|
|t:|1779908101
|move|p1a: Iron Valiant|Moonblast|p2a: Samurott
|-supereffective|p2a: Samurott
|-damage|p2a: Samurott|0 fnt
|faint|p2a: Samurott
|
|upkeep
|
|t:|1779908106
|switch|p2a: Dragapult|Dragapult, F|100/100
|turn|15
|
|t:|1779908114
|-terastallize|p2a: Dragapult|Dragon
|move|p1a: Iron Valiant|Moonblast|p2a: Dragapult
|-supereffective|p2a: Dragapult
|-damage|p2a: Dragapult|0 fnt
|faint|p2a: Dragapult
|
|win|Catins
|raw|Catins's rating: 1192 &rarr; <strong>1212</strong><br />(+20 for winning)
|raw|BonBon643's rating: 1120 &rarr; <strong>1100</strong><br />(-20 for losing)
|l|☆BonBon643
|player|p2|
