|j|☆habixia
|j|☆GreninjaMyFav
|t:|1779953052
|gametype|singles
|player|p1|habixia|101|1654
|player|p2|GreninjaMyFav|skyla|1772
|gen|9
|tier|[Gen 9] OU
|rated|
|rule|HP Percentage Mod: HP is shown in percentages
|rule|Endless Battle Clause: Forcing endless battles is banned
|rule|Species Clause: Limit one of each Pokémon
|rule|OHKO Clause: OHKO moves are banned
|rule|Evasion Items Clause: Evasion items are banned
|rule|Evasion Moves Clause: Evasion moves are banned
|rule|Evasion Abilities Clause: Evasion abilities are banned
|rule|Sleep Moves Clause: Sleep-inducing moves are banned
|clearpoke
|poke|p1|Pelipper, F|
|poke|p1|Ogerpon-Wellspring, F|
|poke|p1|Barraskewda, M|
|poke|p1|Revavroom, F|
|poke|p1|Iron Treads|
|poke|p1|Zapdos|
|poke|p2|Greninja-*, M|
|poke|p2|Raging Bolt|
|poke|p2|Kingambit, M|
|poke|p2|Great Tusk|
|poke|p2|Corviknight, M|
|poke|p2|Slowking-Galar, F|
|teampreview
|
|t:|1779953056
|teamsize|p1|6
|teamsize|p2|6
|start
|switch|p1a: Pelipper|Pelipper, F|100/100
|switch|p2a: Slowking|Slowking-Galar, F|100/100
|-weather|RainDance|[from] ability: Drizzle|[of] p1a: Pelipper
|turn|1
|inactive|Battle timer is ON: inactive players will automatically lose when time's up. (requested by habixia)
|inactive|habixia has 120 seconds left.
|
|t:|1779953102
|switch|p1a: Iron Treads|Iron Treads|100/100
|-terastallize|p2a: Slowking|Water
|-prepare|p2a: Slowking|Chilly Reception|[premajor]
|move|p2a: Slowking|Chilly Reception|p2a: Slowking
|-weather|Snowscape
|
|t:|1779953111
|switch|p2a: Great Tusk|Great Tusk|100/100|[from] Chilly Reception
|
|-weather|Snowscape|[upkeep]
|upkeep
|turn|2
|
|t:|1779953115
|-end|p1a: Iron Treads|Quark Drive|[silent]
|switch|p1a: Pelipper|Pelipper, F|100/100
|-weather|RainDance|[from] ability: Drizzle|[of] p1a: Pelipper
|move|p2a: Great Tusk|Stealth Rock|p1a: Pelipper
|-sidestart|p1: habixia|move: Stealth Rock
|
|-weather|RainDance|[upkeep]
|upkeep
|turn|3
|
|t:|1779953119
|-end|p2a: Great Tusk|Protosynthesis|[silent]
|switch|p2a: Slowking|Slowking-Galar, F, tera:Water|100/100
|move|p1a: Pelipper|U-turn|p2a: Slowking
|-damage|p2a: Slowking|92/100
|
|t:|1779953121
|switch|p1a: Ogerpon|Ogerpon-Wellspring, F|100/100|[from] U-turn
|-damage|p1a: Ogerpon|88/100|[from] Stealth Rock
|
|-weather|RainDance|[upkeep]
|upkeep
|turn|4
|
|t:|1779953124
|switch|p2a: Corviknight|Corviknight, M|100/100
|-ability|p2a: Corviknight|Pressure
|move|p1a: Ogerpon|Swords Dance|p1a: Ogerpon
|-boost|p1a: Ogerpon|atk|2
|
|-weather|RainDance|[upkeep]
|upkeep
|turn|5
|
|t:|1779953127
|move|p1a: Ogerpon|Ivy Cudgel|p2a: Corviknight|[anim] Ivy Cudgel Water
|-damage|p2a: Corviknight|0 fnt
|faint|p2a: Corviknight
|
|-weather|RainDance|[upkeep]
|upkeep
|
|t:|1779953134
|switch|p2a: Greninja|Greninja, M|100/100
|turn|6
|
|t:|1779953138
|-terastallize|p1a: Ogerpon|Water
|detailschange|p1a: Ogerpon|Ogerpon-Wellspring-Tera, F, tera:Water
|-ability|p1a: Ogerpon|Embody Aspect (Wellspring)|boost
|-boost|p1a: Ogerpon|spd|1
|move|p2a: Greninja|Sludge Wave|p1a: Ogerpon
|-start|p2a: Greninja|typechange|Poison|[from] ability: Protean
|-damage|p1a: Ogerpon|38/100
|move|p1a: Ogerpon|Power Whip|p2a: Greninja
|-resisted|p2a: Greninja
|-damage|p2a: Greninja|0 fnt
|faint|p2a: Greninja
|
|-weather|RainDance|[upkeep]
|upkeep
|
|t:|1779953140
|switch|p2a: Kingambit|Kingambit, M|100/100
|-activate|p2a: Kingambit|ability: Supreme Overlord
|-start|p2a: Kingambit|fallen2|[silent]
|turn|7
|
|t:|1779953152
|move|p2a: Kingambit|Sucker Punch||[still]
|-fail|p2a: Kingambit
|move|p1a: Ogerpon|Substitute|p1a: Ogerpon
|-start|p1a: Ogerpon|Substitute
|-damage|p1a: Ogerpon|13/100
|
|-weather|RainDance|[upkeep]
|upkeep
|turn|8
|
|t:|1779953154
|move|p2a: Kingambit|Sucker Punch|p1a: Ogerpon
|-end|p1a: Ogerpon|Substitute
|move|p1a: Ogerpon|Ivy Cudgel|p2a: Kingambit|[anim] Ivy Cudgel Water
|-damage|p2a: Kingambit|0 fnt
|faint|p2a: Kingambit
|-end|p2a: Kingambit|fallen2|[silent]
|
|-weather|RainDance|[upkeep]
|upkeep
|-message|GreninjaMyFav forfeited.
|
|win|habixia
|raw|habixia's rating: 1654 &rarr; <strong>1681</strong><br />(+27 for winning)
|raw|GreninjaMyFav's rating: 1772 &rarr; <strong>1745</strong><br />(-27 for losing)
|l|☆GreninjaMyFav
|player|p2|
