|j|☆equidam
|j|☆wjsalm3
|t:|1779883547
|gametype|singles
|player|p1|equidam|benga|1098
|player|p2|wjsalm3|koga|1135
|gen|9
|tier|[Gen 9] OU
|rated|
|rule|HP Percentage Mod: HP is shown in percentages
|rule|Endless Battle Clause: Forcing endless battles is banned
|rule|Species Clause: Limit one of each Pokémon
|rule|OHKO Clause: OHKO moves are banned
|rule|Evasion Items Clause: Evasion items are banned
|rule|Evasion Moves Clause: Evasion moves are banned
|rule|Evasion Abilities Clause: Evasion abilities are banned
|rule|Sleep Moves Clause: Sleep-inducing moves are banned
|clearpoke
|poke|p1|Blastoise, M|
|poke|p1|Zoroark-Hisui, F|
|poke|p1|Arcanine, M|
|poke|p1|Qwilfish-Hisui, M|
|poke|p1|Corviknight, F|
|poke|p1|Tyranitar, F|
|poke|p2|Garganacl, M|
|poke|p2|Dondozo, M|
|poke|p2|Gholdengo|
|poke|p2|Ogerpon-Wellspring, F|
|poke|p2|Kingambit, F|
|poke|p2|Weezing-Galar, F|
|teampreview
|inactive|Battle timer is ON: inactive players will automatically lose when time's up. (requested by equidam)
|
|t:|1779883576
|teamsize|p1|6
|teamsize|p2|6
|start
|switch|p1a: Qwilfish|Qwilfish-Hisui, M|100/100
|switch|p2a: TaberNaCl|Garganacl, M, shiny|100/100
|turn|1
|
|t:|1779883591
|move|p1a: Qwilfish|Focus Blast|p2a: TaberNaCl
|-supereffective|p2a: TaberNaCl
|-damage|p2a: TaberNaCl|21/100
|move|p2a: TaberNaCl|Salt Cure|p1a: Qwilfish
|-damage|p1a: Qwilfish|64/100
|-start|p1a: Qwilfish|Salt Cure
|replace|p1a: Zoroark|Zoroark-Hisui, F
|-end|p1a: Zoroark|Illusion
|
|-heal|p2a: TaberNaCl|27/100|[from] item: Leftovers
|-damage|p1a: Zoroark|51/100|[from] Salt Cure
|upkeep
|turn|2
|
|t:|1779883603
|move|p2a: TaberNaCl|Protect|p2a: TaberNaCl
|-singleturn|p2a: TaberNaCl|Protect
|move|p1a: Zoroark|Bitter Malice|p2a: TaberNaCl
|-activate|p2a: TaberNaCl|move: Protect
|
|-heal|p2a: TaberNaCl|34/100|[from] item: Leftovers
|-damage|p1a: Zoroark|39/100|[from] Salt Cure
|upkeep
|turn|3
|
|t:|1779883618
|switch|p2a: 1850's London|Weezing-Galar, F|100/100
|move|p1a: Zoroark|Bitter Malice|p2a: 1850's London
|-damage|p2a: 1850's London|62/100
|-unboost|p2a: 1850's London|atk|1
|
|-heal|p2a: 1850's London|68/100|[from] item: Leftovers
|-damage|p1a: Zoroark|27/100|[from] Salt Cure
|upkeep
|turn|4
|
|t:|1779883629
|move|p1a: Zoroark|Hyper Voice|p2a: 1850's London
|-damage|p2a: 1850's London|18/100
|move|p2a: 1850's London|Will-O-Wisp|p1a: Zoroark
|-status|p1a: Zoroark|brn
|
|-heal|p2a: 1850's London|24/100|[from] item: Leftovers
|-damage|p1a: Zoroark|21/100 brn|[from] brn
|-damage|p1a: Zoroark|8/100 brn|[from] Salt Cure
|upkeep
|turn|5
|
|t:|1779883649
|move|p1a: Zoroark|Hyper Voice|p2a: 1850's London
|-damage|p2a: 1850's London|0 fnt
|faint|p2a: 1850's London
|
|-damage|p1a: Zoroark|2/100 brn|[from] brn
|-damage|p1a: Zoroark|0 fnt|[from] Salt Cure
|faint|p1a: Zoroark
|upkeep
|inactive|wjsalm3 has 120 seconds left.
|
|t:|1779883692
|switch|p1a: Qwilfish|Qwilfish-Hisui, M|100/100
|switch|p2a: TaberNaCl|Garganacl, M, shiny|34/100
|-ability|p1a: Qwilfish|Intimidate|boost
|-unboost|p2a: TaberNaCl|atk|1
|turn|6
|
|t:|1779883707
|move|p2a: TaberNaCl|Protect|p2a: TaberNaCl
|-singleturn|p2a: TaberNaCl|Protect
|move|p1a: Qwilfish|Aqua Tail|p2a: TaberNaCl
|-activate|p2a: TaberNaCl|move: Protect
|
|-heal|p2a: TaberNaCl|40/100|[from] item: Leftovers
|upkeep
|turn|7
|
|t:|1779883714
|-terastallize|p2a: TaberNaCl|Ghost
|move|p1a: Qwilfish|Aqua Tail|p2a: TaberNaCl
|-damage|p2a: TaberNaCl|28/100
|move|p2a: TaberNaCl|Recover|p2a: TaberNaCl
|-heal|p2a: TaberNaCl|78/100
|
|-heal|p2a: TaberNaCl|84/100|[from] item: Leftovers
|upkeep
|turn|8
|
|t:|1779883722
|move|p1a: Qwilfish|Taunt|p2a: TaberNaCl
|-start|p2a: TaberNaCl|move: Taunt
|move|p2a: TaberNaCl|Salt Cure|p1a: Qwilfish
|-damage|p1a: Qwilfish|92/100
|-start|p1a: Qwilfish|Salt Cure
|
|-heal|p2a: TaberNaCl|90/100|[from] item: Leftovers
|-damage|p1a: Qwilfish|80/100|[from] Salt Cure
|upkeep
|turn|9
|
|t:|1779883736
|move|p1a: Qwilfish|Toxic|p2a: TaberNaCl
|-immune|p2a: TaberNaCl|[from] ability: Purifying Salt
|move|p2a: TaberNaCl|Salt Cure|p1a: Qwilfish
|-damage|p1a: Qwilfish|72/100
|
|-heal|p2a: TaberNaCl|97/100|[from] item: Leftovers
|-damage|p1a: Qwilfish|59/100|[from] Salt Cure
|upkeep
|turn|10
|
|t:|1779883747
|move|p1a: Qwilfish|Aqua Tail|p2a: TaberNaCl
|-damage|p2a: TaberNaCl|85/100
|move|p2a: TaberNaCl|Salt Cure|p1a: Qwilfish
|-damage|p1a: Qwilfish|52/100
|
|-heal|p2a: TaberNaCl|91/100|[from] item: Leftovers
|-damage|p1a: Qwilfish|40/100|[from] Salt Cure
|-end|p2a: TaberNaCl|move: Taunt
|upkeep
|turn|11
|inactive|wjsalm3 has 120 seconds left.
|inactive|wjsalm3 has 90 seconds left.
|
|t:|1779883801
|move|p2a: TaberNaCl|Protect|p2a: TaberNaCl
|-singleturn|p2a: TaberNaCl|Protect
|move|p1a: Qwilfish|Taunt|p2a: TaberNaCl
|-activate|p2a: TaberNaCl|move: Protect
|
|-heal|p2a: TaberNaCl|97/100|[from] item: Leftovers
|-damage|p1a: Qwilfish|27/100|[from] Salt Cure
|upkeep
|turn|12
|
|t:|1779883811
|switch|p2a: Sensei|Kingambit, F, shiny|100/100
|-activate|p2a: Sensei|ability: Supreme Overlord
|-start|p2a: Sensei|fallen1|[silent]
|move|p1a: Qwilfish|Taunt|p2a: Sensei
|-start|p2a: Sensei|move: Taunt
|
|-damage|p1a: Qwilfish|15/100|[from] Salt Cure
|upkeep
|turn|13
|
|t:|1779883820
|move|p1a: Qwilfish|Destiny Bond|p1a: Qwilfish
|-singlemove|p1a: Qwilfish|Destiny Bond
|move|p2a: Sensei|Iron Head|p1a: Qwilfish
|-damage|p1a: Qwilfish|0 fnt
|faint|p1a: Qwilfish
|-activate|p1a: Qwilfish|move: Destiny Bond
|faint|p2a: Sensei
|-end|p2a: Sensei|fallen1|[silent]
|
|upkeep
|
|t:|1779883828
|switch|p1a: Blastoise|Blastoise, M|100/100
|switch|p2a: TaberNaCl|Garganacl, M, shiny, tera:Ghost|97/100
|turn|14
|inactive|wjsalm3 has 90 seconds left.
|
|t:|1779883834
|move|p1a: Blastoise|Shell Smash|p1a: Blastoise
|-unboost|p1a: Blastoise|def|1
|-unboost|p1a: Blastoise|spd|1
|-boost|p1a: Blastoise|atk|2
|-boost|p1a: Blastoise|spa|2
|-boost|p1a: Blastoise|spe|2
|-enditem|p1a: Blastoise|White Herb
|-clearnegativeboost|p1a: Blastoise|[silent]
|move|p2a: TaberNaCl|Salt Cure|p1a: Blastoise
|-damage|p1a: Blastoise|87/100
|-start|p1a: Blastoise|Salt Cure
|
|-heal|p2a: TaberNaCl|100/100|[from] item: Leftovers
|-damage|p1a: Blastoise|62/100|[from] Salt Cure
|upkeep
|turn|15
|
|t:|1779883840
|move|p1a: Blastoise|Dark Pulse|p2a: TaberNaCl
|-supereffective|p2a: TaberNaCl
|-damage|p2a: TaberNaCl|26/100
|move|p2a: TaberNaCl|Substitute|p2a: TaberNaCl
|-start|p2a: TaberNaCl|Substitute
|-damage|p2a: TaberNaCl|1/100
|
|-heal|p2a: TaberNaCl|7/100|[from] item: Leftovers
|-damage|p1a: Blastoise|37/100|[from] Salt Cure
|upkeep
|turn|16
|
|t:|1779883845
|move|p1a: Blastoise|Dark Pulse|p2a: TaberNaCl
|-supereffective|p2a: TaberNaCl
|-end|p2a: TaberNaCl|Substitute
|move|p2a: TaberNaCl|Recover|p2a: TaberNaCl
|-heal|p2a: TaberNaCl|57/100
|
|-heal|p2a: TaberNaCl|63/100|[from] item: Leftovers
|-damage|p1a: Blastoise|12/100|[from] Salt Cure
|upkeep
|turn|17
|
|t:|1779883853
|move|p2a: TaberNaCl|Protect|p2a: TaberNaCl
|-singleturn|p2a: TaberNaCl|Protect
|move|p1a: Blastoise|Dark Pulse|p2a: TaberNaCl
|-activate|p2a: TaberNaCl|move: Protect
|
|-heal|p2a: TaberNaCl|69/100|[from] item: Leftovers
|-damage|p1a: Blastoise|0 fnt|[from] Salt Cure
|faint|p1a: Blastoise
|upkeep
|
|t:|1779883869
|switch|p1a: Tyranitar|Tyranitar, F|100/100
|-ability|p1a: Tyranitar|Unnerve
|turn|18
|inactive|wjsalm3 has 120 seconds left.
|inactive|wjsalm3 has 90 seconds left.
|
|t:|1779883907
|move|p1a: Tyranitar|Knock Off|p2a: TaberNaCl
|-supereffective|p2a: TaberNaCl
|-damage|p2a: TaberNaCl|13/100
|-enditem|p2a: TaberNaCl|Leftovers|[from] move: Knock Off|[of] p1a: Tyranitar
|move|p2a: TaberNaCl|Salt Cure|p1a: Tyranitar
|-damage|p1a: Tyranitar|90/100
|-start|p1a: Tyranitar|Salt Cure
|
|-damage|p1a: Tyranitar|78/100|[from] Salt Cure
|upkeep
|turn|19
|inactive|wjsalm3 has 90 seconds left.
|
|t:|1779883918
|move|p2a: TaberNaCl|Protect|p2a: TaberNaCl
|-singleturn|p2a: TaberNaCl|Protect
|move|p1a: Tyranitar|Knock Off|p2a: TaberNaCl
|-activate|p2a: TaberNaCl|move: Protect
|
|-damage|p1a: Tyranitar|65/100|[from] Salt Cure
|upkeep
|turn|20
|
|t:|1779883925
|move|p2a: TaberNaCl|Protect|p2a: TaberNaCl
|-singleturn|p2a: TaberNaCl|Protect
|move|p1a: Tyranitar|Knock Off|p2a: TaberNaCl
|-activate|p2a: TaberNaCl|move: Protect
|
|-damage|p1a: Tyranitar|53/100|[from] Salt Cure
|upkeep
|turn|21
|
|t:|1779883931
|move|p2a: TaberNaCl|Protect||[still]
|-fail|p2a: TaberNaCl
|move|p1a: Tyranitar|Knock Off|p2a: TaberNaCl
|-supereffective|p2a: TaberNaCl
|-damage|p2a: TaberNaCl|0 fnt
|faint|p2a: TaberNaCl
|
|-damage|p1a: Tyranitar|41/100|[from] Salt Cure
|upkeep
|
|t:|1779883936
|switch|p2a: Who?|Ogerpon-Wellspring, F|100/100
|turn|22
|
|t:|1779883943
|move|p2a: Who?|Ivy Cudgel|p1a: Tyranitar|[anim] Ivy Cudgel Water
|-supereffective|p1a: Tyranitar
|-damage|p1a: Tyranitar|0 fnt
|faint|p1a: Tyranitar
|
|upkeep
|
|t:|1779883948
|switch|p1a: Arcanine|Arcanine, M|100/100
|-ability|p1a: Arcanine|Intimidate|boost
|-unboost|p2a: Who?|atk|1
|turn|23
|inactive|wjsalm3 has 120 seconds left.
|
|t:|1779883954
|move|p2a: Who?|Ivy Cudgel|p1a: Arcanine|[anim] Ivy Cudgel Water
|-supereffective|p1a: Arcanine
|-damage|p1a: Arcanine|15/100
|move|p1a: Arcanine|Will-O-Wisp|p2a: Who?
|-status|p2a: Who?|brn
|
|-damage|p2a: Who?|95/100 brn|[from] brn
|upkeep
|turn|24
|
|t:|1779883963
|move|p1a: Arcanine|Extreme Speed|p2a: Who?
|-damage|p2a: Who?|65/100 brn
|move|p2a: Who?|Ivy Cudgel|p1a: Arcanine|[anim] Ivy Cudgel Water
|-supereffective|p1a: Arcanine
|-damage|p1a: Arcanine|0 fnt
|faint|p1a: Arcanine
|
|-damage|p2a: Who?|59/100 brn|[from] brn
|upkeep
|
|t:|1779883969
|switch|p1a: Corviknight|Corviknight, F|100/100
|turn|25
|
|t:|1779883974
|move|p2a: Who?|Knock Off|p1a: Corviknight
|-damage|p1a: Corviknight|91/100
|-enditem|p1a: Corviknight|Assault Vest|[from] move: Knock Off|[of] p2a: Who?
|move|p1a: Corviknight|Body Press|p2a: Who?
|-damage|p2a: Who?|25/100 brn
|
|-damage|p2a: Who?|19/100 brn|[from] brn
|upkeep
|turn|26
|inactive|equidam has 120 seconds left.
|
|t:|1779884007
|move|p2a: Who?|Ivy Cudgel|p1a: Corviknight|[anim] Ivy Cudgel Water
|-damage|p1a: Corviknight|76/100
|move|p1a: Corviknight|Body Press|p2a: Who?
|-damage|p2a: Who?|0 fnt
|faint|p2a: Who?
|
|upkeep
|
|t:|1779884020
|switch|p2a: Jabu Jabu|Dondozo, M, shiny|100/100
|turn|27
|
|t:|1779884035
|move|p1a: Corviknight|Body Press|p2a: Jabu Jabu
|-damage|p2a: Jabu Jabu|90/100
|move|p2a: Jabu Jabu|Curse|p2a: Jabu Jabu
|-unboost|p2a: Jabu Jabu|spe|1
|-boost|p2a: Jabu Jabu|atk|1
|-boost|p2a: Jabu Jabu|def|1
|
|-heal|p2a: Jabu Jabu|96/100|[from] item: Leftovers
|upkeep
|turn|28
|-message|equidam forfeited.
|
|win|wjsalm3
|raw|equidam's rating: 1098 &rarr; <strong>1076</strong><br />(-22 for losing)
|raw|wjsalm3's rating: 1135 &rarr; <strong>1157</strong><br />(+22 for winning)
|l|☆equidam
|player|p1|
|l|☆wjsalm3
|player|p2|
