|j|☆Rellageforce
|j|☆Willox48
|t:|1779965064
|gametype|singles
|player|p1|Rellageforce|steven|1231
|player|p2|Willox48|2|1156
|gen|9
|tier|[Gen 9] OU
|rated|
|rule|HP Percentage Mod: HP is shown in percentages
|rule|Endless Battle Clause: Forcing endless battles is banned
|rule|Species Clause: Limit one of each Pokémon
|rule|OHKO Clause: OHKO moves are banned
|rule|Evasion Items Clause: Evasion items are banned
|rule|Evasion Moves Clause: Evasion moves are banned
|rule|Evasion Abilities Clause: Evasion abilities are banned
|rule|Sleep Moves Clause: Sleep-inducing moves are banned
|clearpoke
|poke|p1|Talonflame, M|
|poke|p1|Sandslash-Alola, M|
|poke|p1|Darkrai|
|poke|p1|Garchomp, F|
|poke|p1|Greninja-*, M|
|poke|p1|Slowking-Galar, F|
|poke|p2|Kingambit, F|
|poke|p2|Cinderace, F|
|poke|p2|Landorus-Therian, M|
|poke|p2|Iron Valiant|
|poke|p2|Kyurem|
|poke|p2|Slowking-Galar, M|
|teampreview
|inactive|Battle timer is ON: inactive players will automatically lose when time's up. (requested by Willox48)
|
|t:|1779965071
|teamsize|p1|6
|teamsize|p2|6
|start
|switch|p1a: Those who know|Slowking-Galar, F|100/100
|switch|p2a: Landorus|Landorus-Therian, M, shiny|100/100
|-ability|p2a: Landorus|Intimidate|boost
|-unboost|p1a: Those who know|atk|1
|turn|1
|
|t:|1779965100
|move|p2a: Landorus|Taunt|p1a: Those who know
|-start|p1a: Those who know|move: Taunt
|-prepare|p1a: Those who know|Chilly Reception|[premajor]
|cant|p1a: Those who know|move: Taunt|Chilly Reception
|
|upkeep
|turn|2
|
|t:|1779965114
|switch|p1a: Jonathan Talo|Talonflame, M|100/100
|move|p2a: Landorus|Earthquake|p1a: Jonathan Talo
|-immune|p1a: Jonathan Talo
|
|upkeep
|turn|3
|
|t:|1779965124
|switch|p1a: Frogbob|Greninja, M|100/100
|move|p2a: Landorus|Rock Tomb|p1a: Frogbob
|-damage|p1a: Frogbob|66/100
|-unboost|p1a: Frogbob|spe|1
|
|upkeep
|turn|4
|inactive|Rellageforce has 120 seconds left.
|
|t:|1779965157
|switch|p1a: The demon within|Darkrai|100/100
|move|p2a: Landorus|U-turn|p1a: The demon within
|-supereffective|p1a: The demon within
|-damage|p1a: The demon within|40/100
|
|t:|1779965171
|switch|p2a: Iron Valiant|Iron Valiant|100/100|[from] U-turn
|-enditem|p2a: Iron Valiant|Booster Energy
|-activate|p2a: Iron Valiant|ability: Quark Drive|[fromitem]
|-start|p2a: Iron Valiant|quarkdrivespe
|
|upkeep
|turn|5
|
|t:|1779965178
|switch|p1a: Those who know|Slowking-Galar, F|100/100
|move|p2a: Iron Valiant|Calm Mind|p2a: Iron Valiant
|-boost|p2a: Iron Valiant|spa|1
|-boost|p2a: Iron Valiant|spd|1
|
|upkeep
|turn|6
|inactive|Rellageforce has 120 seconds left.
|
|t:|1779965208
|move|p2a: Iron Valiant|Shadow Ball|p1a: Those who know
|-supereffective|p1a: Those who know
|-damage|p1a: Those who know|35/100
|-unboost|p1a: Those who know|spd|1
|move|p1a: Those who know|Psychic|p2a: Iron Valiant
|-supereffective|p2a: Iron Valiant
|-damage|p2a: Iron Valiant|0 fnt
|faint|p2a: Iron Valiant
|-end|p2a: Iron Valiant|Quark Drive|[silent]
|
|-heal|p1a: Those who know|41/100|[from] item: Leftovers
|upkeep
|
|t:|1779965228
|switch|p2a: Cinderace|Cinderace, F, shiny|100/100
|turn|7
|
|t:|1779965252
|switch|p1a: Frogbob|Greninja, M|66/100
|move|p2a: Cinderace|Will-O-Wisp|p1a: Frogbob
|-status|p1a: Frogbob|brn
|
|-damage|p1a: Frogbob|60/100 brn|[from] brn
|upkeep
|turn|8
|
|t:|1779965260
|move|p1a: Frogbob|U-turn|p2a: Cinderace
|-resisted|p2a: Cinderace
|-damage|p2a: Cinderace|96/100
|
|t:|1779965266
|switch|p1a: Those who know|Slowking-Galar, F|74/100|[from] U-turn
|move|p2a: Cinderace|U-turn|p1a: Those who know
|-damage|p1a: Those who know|58/100
|
|t:|1779965279
|switch|p2a: Landorus|Landorus-Therian, M, shiny|100/100|[from] U-turn
|-ability|p2a: Landorus|Intimidate|boost
|-unboost|p1a: Those who know|atk|1
|
|-heal|p1a: Those who know|64/100|[from] item: Leftovers
|upkeep
|turn|9
|
|t:|1779965294
|move|p2a: Landorus|Rock Tomb|p1a: Those who know
|-damage|p1a: Those who know|48/100
|-unboost|p1a: Those who know|spe|1
|-prepare|p1a: Those who know|Chilly Reception|[premajor]
|move|p1a: Those who know|Chilly Reception|p1a: Those who know
|-weather|Snowscape
|
|t:|1779965298
|switch|p1a: Knack|Sandslash-Alola, M, shiny|100/100|[from] Chilly Reception
|
|-weather|Snowscape|[upkeep]
|upkeep
|turn|10
|
|t:|1779965325
|switch|p2a: Cinderace|Cinderace, F, shiny|96/100
|move|p1a: Knack|Triple Axel|p2a: Cinderace
|-resisted|p2a: Cinderace
|-damage|p2a: Cinderace|91/100
|-resisted|p2a: Cinderace
|-damage|p2a: Cinderace|81/100
|-resisted|p2a: Cinderace
|-damage|p2a: Cinderace|64/100
|-hitcount|p2a: Cinderace|3
|
|-weather|Snowscape|[upkeep]
|upkeep
|turn|11
|
|t:|1779965338
|move|p1a: Knack|Earthquake|p2a: Cinderace
|-supereffective|p2a: Cinderace
|-damage|p2a: Cinderace|2/100
|move|p2a: Cinderace|Will-O-Wisp|p1a: Knack|[miss]
|-miss|p2a: Cinderace|p1a: Knack
|
|-weather|Snowscape|[upkeep]
|upkeep
|turn|12
|
|t:|1779965364
|switch|p2a: Kingambit|Kingambit, F|100/100
|-activate|p2a: Kingambit|ability: Supreme Overlord
|-start|p2a: Kingambit|fallen1|[silent]
|move|p1a: Knack|Rapid Spin|p2a: Kingambit
|-resisted|p2a: Kingambit
|-damage|p2a: Kingambit|95/100
|-boost|p1a: Knack|spe|1
|
|-weather|Snowscape|[upkeep]
|-heal|p2a: Kingambit|100/100|[from] item: Leftovers
|upkeep
|turn|13
|
|t:|1779965375
|move|p1a: Knack|Earthquake|p2a: Kingambit
|-supereffective|p2a: Kingambit
|-damage|p2a: Kingambit|58/100
|move|p2a: Kingambit|Swords Dance|p2a: Kingambit
|-boost|p2a: Kingambit|atk|2
|
|-weather|none
|-heal|p2a: Kingambit|64/100|[from] item: Leftovers
|upkeep
|turn|14
|
|t:|1779965393
|move|p1a: Knack|Earthquake|p2a: Kingambit
|-supereffective|p2a: Kingambit
|-damage|p2a: Kingambit|15/100
|move|p2a: Kingambit|Kowtow Cleave|p1a: Knack
|-damage|p1a: Knack|0 fnt
|faint|p1a: Knack
|
|-heal|p2a: Kingambit|21/100|[from] item: Leftovers
|upkeep
|
|t:|1779965400
|switch|p1a: The demon within|Darkrai|40/100
|turn|15
|
|t:|1779965406
|move|p2a: Kingambit|Sucker Punch||[still]
|-fail|p2a: Kingambit
|move|p1a: The demon within|Will-O-Wisp|p2a: Kingambit
|-status|p2a: Kingambit|brn
|
|-heal|p2a: Kingambit|28/100 brn|[from] item: Leftovers
|-damage|p2a: Kingambit|21/100 brn|[from] brn
|upkeep
|turn|16
|
|t:|1779965410
|move|p2a: Kingambit|Sucker Punch|p1a: The demon within
|-resisted|p1a: The demon within
|-damage|p1a: The demon within|10/100
|move|p1a: The demon within|Hex|p2a: Kingambit
|-resisted|p2a: Kingambit
|-damage|p2a: Kingambit|0 fnt
|faint|p2a: Kingambit
|-end|p2a: Kingambit|fallen1|[silent]
|-damage|p1a: The demon within|0 fnt|[from] item: Life Orb
|faint|p1a: The demon within
|
|upkeep
|inactive|Rellageforce has 120 seconds left.
|
|t:|1779965432
|switch|p1a: Those who know|Slowking-Galar, F|81/100
|switch|p2a: Landorus|Landorus-Therian, M, shiny|100/100
|-ability|p2a: Landorus|Intimidate|boost
|-unboost|p1a: Those who know|atk|1
|turn|17
|inactive|Rellageforce has 90 seconds left.
|
|t:|1779965481
|move|p2a: Landorus|Rock Tomb|p1a: Those who know
|-damage|p1a: Those who know|64/100
|-unboost|p1a: Those who know|spe|1
|move|p1a: Those who know|Psychic|p2a: Landorus
|-damage|p2a: Landorus|47/100
|
|-heal|p1a: Those who know|70/100|[from] item: Leftovers
|upkeep
|turn|18
|
|t:|1779965496
|switch|p1a: Jonathan Talo|Talonflame, M|100/100
|move|p2a: Landorus|Earthquake|p1a: Jonathan Talo
|-immune|p1a: Jonathan Talo
|
|upkeep
|turn|19
|inactive|Rellageforce has 60 seconds left.
|c|☆Willox48|Cmon bro
|
|t:|1779965529
|move|p1a: Jonathan Talo|Acrobatics|p2a: Landorus
|-damage|p2a: Landorus|11/100
|-damage|p1a: Jonathan Talo|84/100|[from] item: Rocky Helmet|[of] p2a: Landorus
|move|p2a: Landorus|Rock Tomb|p1a: Jonathan Talo
|-supereffective|p1a: Jonathan Talo
|-damage|p1a: Jonathan Talo|0 fnt
|faint|p1a: Jonathan Talo
|
|upkeep
|
|t:|1779965536
|switch|p1a: Leagye Lour|Garchomp, F|100/100
|turn|20
|
|t:|1779965559
|move|p1a: Leagye Lour|Scale Shot|p2a: Landorus|[miss]
|-miss|p1a: Leagye Lour|p2a: Landorus
|move|p2a: Landorus|U-turn|p1a: Leagye Lour
|-damage|p1a: Leagye Lour|77/100
|-damage|p2a: Landorus|0 fnt|[from] ability: Rough Skin|[of] p1a: Leagye Lour
|faint|p2a: Landorus
|
|upkeep
|
|t:|1779965569
|switch|p2a: Kyurem|Kyurem, shiny|100/100
|-ability|p2a: Kyurem|Pressure
|turn|21
|inactive|Rellageforce has 60 seconds left.
|c|☆Willox48|Youre done
|
|t:|1779965605
|-terastallize|p1a: Leagye Lour|Steel
|move|p1a: Leagye Lour|Scale Shot|p2a: Kyurem
|-supereffective|p2a: Kyurem
|-damage|p2a: Kyurem|78/100
|-supereffective|p2a: Kyurem
|-damage|p2a: Kyurem|53/100
|-supereffective|p2a: Kyurem
|-damage|p2a: Kyurem|28/100
|-supereffective|p2a: Kyurem
|-damage|p2a: Kyurem|4/100
|-hitcount|p2a: Kyurem|4
|-unboost|p1a: Leagye Lour|def|1
|-boost|p1a: Leagye Lour|spe|1
|move|p2a: Kyurem|Freeze-Dry|p1a: Leagye Lour
|-resisted|p1a: Leagye Lour
|-damage|p1a: Leagye Lour|58/100
|
|-heal|p2a: Kyurem|10/100|[from] item: Leftovers
|upkeep
|turn|22
|c|☆Rellageforce|patience bro
|inactive|Willox48 has 120 seconds left.
|
|t:|1779965632
|move|p2a: Kyurem|Protect|p2a: Kyurem
|-singleturn|p2a: Kyurem|Protect
|move|p1a: Leagye Lour|Earthquake|p2a: Kyurem
|-activate|p2a: Kyurem|move: Protect
|
|-heal|p2a: Kyurem|16/100|[from] item: Leftovers
|upkeep
|turn|23
|inactive|Willox48 has 120 seconds left.
|
|t:|1779965647
|-terastallize|p2a: Kyurem|Ground
|move|p1a: Leagye Lour|Earthquake|p2a: Kyurem
|-damage|p2a: Kyurem|0 fnt
|faint|p2a: Kyurem
|
|upkeep
|
|t:|1779965652
|switch|p2a: Cinderace|Cinderace, F, shiny|2/100
|turn|24
|
|t:|1779965659
|move|p1a: Leagye Lour|Earthquake|p2a: Cinderace
|-supereffective|p2a: Cinderace
|-damage|p2a: Cinderace|0 fnt
|faint|p2a: Cinderace
|
|upkeep
|
|t:|1779965663
|switch|p2a: Slowking|Slowking-Galar, M, shiny|100/100
|turn|25
|c|☆Rellageforce|"you're done" he said
|inactive|Willox48 has 120 seconds left.
|
|t:|1779965683
|move|p1a: Leagye Lour|Earthquake|p2a: Slowking
|-supereffective|p2a: Slowking
|-damage|p2a: Slowking|0 fnt
|faint|p2a: Slowking
|
|win|Rellageforce
|raw|Rellageforce's rating: 1231 &rarr; <strong>1251</strong><br />(+20 for winning)
|raw|Willox48's rating: 1156 &rarr; <strong>1136</strong><br />(-20 for losing)
|l|☆Willox48
|player|p2|
|c|☆Rellageforce|gg
