|j|☆Him fa
|j|☆PiersSemTeto
|t:|1779836957
|gametype|singles
|player|p1|Him fa|2|1000
|player|p2|PiersSemTeto|ethan|1000
|gen|9
|tier|[Gen 9] OU
|rated|
|rule|HP Percentage Mod: HP is shown in percentages
|rule|Endless Battle Clause: Forcing endless battles is banned
|rule|Species Clause: Limit one of each Pokémon
|rule|OHKO Clause: OHKO moves are banned
|rule|Evasion Items Clause: Evasion items are banned
|rule|Evasion Moves Clause: Evasion moves are banned
|rule|Evasion Abilities Clause: Evasion abilities are banned
|rule|Sleep Moves Clause: Sleep-inducing moves are banned
|clearpoke
|poke|p1|Ceruledge, F|
|poke|p1|Cinderace, M|
|poke|p1|Hatterene, F|
|poke|p1|Dragapult, M|
|poke|p1|Corviknight, M|
|poke|p1|Gliscor, M|
|poke|p2|Pelipper, F|
|poke|p2|Barraskewda, M|
|poke|p2|Gholdengo|
|poke|p2|Great Tusk|
|poke|p2|Rillaboom, F|
|poke|p2|Dragapult, F|
|teampreview
|
|t:|1779836966
|teamsize|p1|6
|teamsize|p2|6
|start
|switch|p1a: Ceruledge|Ceruledge, F|100/100
|switch|p2a: Pelipper|Pelipper, F|100/100
|-weather|RainDance|[from] ability: Drizzle|[of] p2a: Pelipper
|turn|1
|
|t:|1779836974
|switch|p2a: Barraskewda|Barraskewda, M|100/100
|move|p1a: Ceruledge|Destiny Bond|p1a: Ceruledge
|-singlemove|p1a: Ceruledge|Destiny Bond
|
|-weather|RainDance|[upkeep]
|upkeep
|turn|2
|
|t:|1779836982
|move|p2a: Barraskewda|Liquidation|p1a: Ceruledge
|-supereffective|p1a: Ceruledge
|-damage|p1a: Ceruledge|0 fnt
|faint|p1a: Ceruledge
|-activate|p1a: Ceruledge|move: Destiny Bond
|faint|p2a: Barraskewda
|
|-weather|RainDance|[upkeep]
|upkeep
|
|t:|1779836997
|switch|p2a: Great Tusk|Great Tusk|100/100
|switch|p1a: Gliscor|Gliscor, M|100/100
|turn|3
|
|t:|1779837009
|move|p1a: Gliscor|Crabhammer|p2a: Great Tusk
|-supereffective|p2a: Great Tusk
|-damage|p2a: Great Tusk|48/100
|move|p2a: Great Tusk|Stealth Rock|p1a: Gliscor
|-sidestart|p1: Him fa|move: Stealth Rock
|
|-weather|RainDance|[upkeep]
|-heal|p2a: Great Tusk|54/100|[from] item: Leftovers
|upkeep
|turn|4
|
|t:|1779837026
|-end|p2a: Great Tusk|Protosynthesis|[silent]
|switch|p2a: Pelipper|Pelipper, F|100/100
|move|p1a: Gliscor|Crabhammer|p2a: Pelipper
|-resisted|p2a: Pelipper
|-damage|p2a: Pelipper|88/100
|
|-weather|RainDance|[upkeep]
|upkeep
|turn|5
|
|t:|1779837049
|move|p1a: Gliscor|Crabhammer|p2a: Pelipper
|-resisted|p2a: Pelipper
|-damage|p2a: Pelipper|76/100
|move|p2a: Pelipper|Surf|p1a: Gliscor
|-supereffective|p1a: Gliscor
|-damage|p1a: Gliscor|0 fnt
|faint|p1a: Gliscor
|
|-weather|RainDance|[upkeep]
|upkeep
|
|t:|1779837060
|switch|p1a: Cinderace|Cinderace, M|100/100
|-damage|p1a: Cinderace|76/100|[from] Stealth Rock
|turn|6
|
|t:|1779837069
|move|p1a: Cinderace|Double-Edge|p2a: Pelipper
|-start|p1a: Cinderace|typechange|Normal|[from] ability: Libero
|-damage|p2a: Pelipper|35/100
|-damage|p1a: Cinderace|61/100|[from] Recoil
|move|p2a: Pelipper|U-turn|p1a: Cinderace
|-damage|p1a: Cinderace|48/100
|
|t:|1779837077
|switch|p2a: Great Tusk|Great Tusk|54/100|[from] U-turn
|
|-weather|RainDance|[upkeep]
|-heal|p2a: Great Tusk|61/100|[from] item: Leftovers
|upkeep
|turn|7
|
|t:|1779837088
|-terastallize|p1a: Cinderace|Fire
|move|p1a: Cinderace|Double-Edge|p2a: Great Tusk
|-damage|p2a: Great Tusk|17/100
|-damage|p1a: Cinderace|30/100|[from] Recoil
|move|p2a: Great Tusk|Headlong Rush|p1a: Cinderace
|-supereffective|p1a: Cinderace
|-damage|p1a: Cinderace|0 fnt
|-unboost|p2a: Great Tusk|def|1
|-unboost|p2a: Great Tusk|spd|1
|faint|p1a: Cinderace
|
|-weather|RainDance|[upkeep]
|-heal|p2a: Great Tusk|23/100|[from] item: Leftovers
|upkeep
|
|t:|1779837105
|switch|p1a: Hatterene|Hatterene, F|100/100
|-damage|p1a: Hatterene|88/100|[from] Stealth Rock
|turn|8
|
|t:|1779837113
|move|p2a: Great Tusk|Headlong Rush|p1a: Hatterene
|-damage|p1a: Hatterene|1/100
|-unboost|p2a: Great Tusk|def|1
|-unboost|p2a: Great Tusk|spd|1
|move|p1a: Hatterene|Dazzling Gleam|p2a: Great Tusk
|-supereffective|p2a: Great Tusk
|-damage|p2a: Great Tusk|0 fnt
|faint|p2a: Great Tusk
|-end|p2a: Great Tusk|Protosynthesis|[silent]
|
|-weather|none
|upkeep
|
|t:|1779837124
|switch|p2a: Gholdengo|Gholdengo|100/100
|-item|p2a: Gholdengo|Air Balloon
|turn|9
|
|t:|1779837133
|move|p2a: Gholdengo|Make It Rain|p1a: Hatterene
|-supereffective|p1a: Hatterene
|-damage|p1a: Hatterene|0 fnt
|-unboost|p2a: Gholdengo|spa|1
|faint|p1a: Hatterene
|
|upkeep
|
|t:|1779837142
|switch|p1a: Corviknight|Corviknight, M|100/100
|-damage|p1a: Corviknight|88/100|[from] Stealth Rock
|-ability|p1a: Corviknight|Pressure
|turn|10
|
|t:|1779837158
|switch|p1a: Dragapult|Dragapult, M|100/100
|-damage|p1a: Dragapult|88/100|[from] Stealth Rock
|switch|p2a: Dragapult|Dragapult, F|100/100
|
|upkeep
|turn|11
|
|t:|1779837196
|move|p2a: Dragapult|Draco Meteor|p1a: Dragapult|[miss]
|-miss|p2a: Dragapult|p1a: Dragapult
|move|p1a: Dragapult|Dragon Tail|p2a: Dragapult
|-supereffective|p2a: Dragapult
|-damage|p2a: Dragapult|36/100
|drag|p2a: Pelipper|Pelipper, F|35/100
|-weather|RainDance|[from] ability: Drizzle|[of] p2a: Pelipper
|
|-weather|RainDance|[upkeep]
|upkeep
|turn|12
|
|t:|1779837212
|move|p2a: Pelipper|U-turn|p1a: Dragapult
|-resisted|p1a: Dragapult
|-damage|p1a: Dragapult|83/100
|
|t:|1779837216
|switch|p2a: Rillaboom|Rillaboom, F|100/100|[from] U-turn
|-fieldstart|move: Grassy Terrain|[from] ability: Grassy Surge|[of] p2a: Rillaboom
|move|p1a: Dragapult|Dragon Tail|p2a: Rillaboom
|-damage|p2a: Rillaboom|72/100
|drag|p2a: Pelipper|Pelipper, F|35/100
|
|-weather|RainDance|[upkeep]
|-heal|p1a: Dragapult|89/100|[from] Grassy Terrain
|upkeep
|turn|13
|
|t:|1779837228
|move|p2a: Pelipper|Surf|p1a: Dragapult
|-resisted|p1a: Dragapult
|-damage|p1a: Dragapult|63/100
|move|p1a: Dragapult|Dragon Tail|p2a: Pelipper
|-damage|p2a: Pelipper|17/100
|drag|p2a: Dragapult|Dragapult, F|36/100
|
|-weather|RainDance|[upkeep]
|-heal|p1a: Dragapult|69/100|[from] Grassy Terrain
|-heal|p2a: Dragapult|42/100|[from] Grassy Terrain
|upkeep
|turn|14
|
|t:|1779837244
|move|p2a: Dragapult|Shadow Ball|p1a: Dragapult
|-supereffective|p1a: Dragapult
|-damage|p1a: Dragapult|0 fnt
|faint|p1a: Dragapult
|
|-weather|RainDance|[upkeep]
|-heal|p2a: Dragapult|48/100|[from] Grassy Terrain
|upkeep
|
|t:|1779837252
|switch|p1a: Corviknight|Corviknight, M|88/100
|-damage|p1a: Corviknight|75/100|[from] Stealth Rock
|-ability|p1a: Corviknight|Pressure
|turn|15
|
|t:|1779837260
|move|p2a: Dragapult|Shadow Ball|p1a: Corviknight
|-damage|p1a: Corviknight|20/100
|move|p1a: Corviknight|Flash Cannon|p2a: Dragapult
|-damage|p2a: Dragapult|24/100
|
|-weather|RainDance|[upkeep]
|-heal|p2a: Dragapult|30/100|[from] Grassy Terrain
|upkeep
|turn|16
|
|t:|1779837284
|move|p2a: Dragapult|Shadow Ball|p1a: Corviknight
|-damage|p1a: Corviknight|0 fnt
|faint|p1a: Corviknight
|
|win|PiersSemTeto
|raw|Him fa's rating: 1000 &rarr; <strong>1000</strong><br />(+0 for losing)
|raw|PiersSemTeto's rating: 1000 &rarr; <strong>1040</strong><br />(+40 for winning)
|l|☆Him fa
|player|p1|
