|badge|p1|bronze|gen9ubers|100-9
|uhtml|medal-msg|<div class="broadcast-blue">Curious what those medals under the avatar are? PS now has Ladder Seasons! For more information, check out the <a href="https://www.smogon.com/forums/threads/3740067/">thread on Smogon.</a></div>
|j|☆itztrip
|j|☆Jauk123
|t:|1779887838
|gametype|singles
|player|p1|itztrip|proton|1609
|player|p2|Jauk123|dawn|1565
|gen|9
|tier|[Gen 9] OU
|rated|
|rule|HP Percentage Mod: HP is shown in percentages
|rule|Endless Battle Clause: Forcing endless battles is banned
|rule|Species Clause: Limit one of each Pokémon
|rule|OHKO Clause: OHKO moves are banned
|rule|Evasion Items Clause: Evasion items are banned
|rule|Evasion Moves Clause: Evasion moves are banned
|rule|Evasion Abilities Clause: Evasion abilities are banned
|rule|Sleep Moves Clause: Sleep-inducing moves are banned
|clearpoke
|poke|p1|Darkrai|
|poke|p1|Garchomp, M|
|poke|p1|Alomomola, F|
|poke|p1|Corviknight, M|
|poke|p1|Weezing-Galar, M|
|poke|p1|Ogerpon, F|
|poke|p2|Clodsire, M|
|poke|p2|Iron Moth|
|poke|p2|Raging Bolt|
|poke|p2|Rillaboom, F|
|poke|p2|Corviknight, F|
|poke|p2|Primarina, M|
|teampreview
|inactive|Battle timer is ON: inactive players will automatically lose when time's up. (requested by itztrip)
|
|t:|1779887849
|teamsize|p1|6
|teamsize|p2|6
|start
|switch|p1a: Garchomp|Garchomp, M|100/100
|switch|p2a: Primarina|Primarina, M|100/100
|turn|1
|
|t:|1779887852
|switch|p1a: Alomomola|Alomomola, F|100/100
|move|p2a: Primarina|Ice Beam|p1a: Alomomola
|-resisted|p1a: Alomomola
|-damage|p1a: Alomomola|92/100
|
|upkeep
|turn|2
|
|t:|1779887866
|move|p2a: Primarina|Moonblast|p1a: Alomomola
|-damage|p1a: Alomomola|66/100
|-unboost|p1a: Alomomola|spa|1
|move|p1a: Alomomola|Flip Turn|p2a: Primarina
|-resisted|p2a: Primarina
|-damage|p2a: Primarina|91/100
|
|t:|1779887868
|switch|p1a: Ogerpon|Ogerpon, F|100/100|[from] Flip Turn
|
|upkeep
|turn|3
|
|t:|1779887873
|switch|p2a: Corviknight|Corviknight, F|100/100
|-ability|p2a: Corviknight|Pressure
|move|p1a: Ogerpon|Knock Off|p2a: Corviknight
|-damage|p2a: Corviknight|80/100
|-damage|p1a: Ogerpon|84/100|[from] item: Rocky Helmet|[of] p2a: Corviknight
|-enditem|p2a: Corviknight|Rocky Helmet|[from] move: Knock Off|[of] p1a: Ogerpon
|
|upkeep
|turn|4
|
|t:|1779887879
|switch|p1a: Garchomp|Garchomp, M|100/100
|move|p2a: Corviknight|Iron Defense|p2a: Corviknight
|-boost|p2a: Corviknight|def|2
|
|upkeep
|turn|5
|
|t:|1779887884
|move|p1a: Garchomp|Spikes|p2a: Corviknight
|-sidestart|p2: Jauk123|Spikes
|move|p2a: Corviknight|Iron Defense|p2a: Corviknight
|-boost|p2a: Corviknight|def|2
|
|upkeep
|turn|6
|
|t:|1779887888
|switch|p1a: Weezing|Weezing-Galar, M|100/100
|-ability|p1a: Weezing|Neutralizing Gas
|move|p2a: Corviknight|Defog|p1a: Weezing
|-unboost|p1a: Weezing|evasion|1
|-sideend|p2: Jauk123|Spikes|[from] move: Defog|[of] p2a: Corviknight
|
|upkeep
|turn|7
|
|t:|1779887896
|switch|p2a: Clodsire|Clodsire, M|100/100
|-end|p1a: Weezing|ability: Neutralizing Gas
|switch|p1a: Garchomp|Garchomp, M|100/100
|
|upkeep
|turn|8
|
|t:|1779887900
|switch|p1a: Darkrai|Darkrai|100/100
|move|p2a: Clodsire|Toxic|p1a: Darkrai
|-status|p1a: Darkrai|tox
|
|-damage|p1a: Darkrai|94/100 tox|[from] psn
|upkeep
|turn|9
|
|t:|1779887904
|switch|p1a: Garchomp|Garchomp, M|100/100
|move|p2a: Clodsire|Stealth Rock|p1a: Garchomp
|-sidestart|p1: itztrip|move: Stealth Rock
|
|upkeep
|turn|10
|
|t:|1779887908
|switch|p2a: Corviknight|Corviknight, F|80/100
|-ability|p2a: Corviknight|Pressure
|move|p1a: Garchomp|Spikes|p2a: Corviknight
|-sidestart|p2: Jauk123|Spikes
|
|upkeep
|turn|11
|
|t:|1779887914
|move|p1a: Garchomp|Spikes|p2a: Corviknight
|-sidestart|p2: Jauk123|Spikes
|move|p2a: Corviknight|Iron Defense|p2a: Corviknight
|-boost|p2a: Corviknight|def|2
|
|upkeep
|turn|12
|
|t:|1779887918
|move|p2a: Corviknight|Defog|p1a: Garchomp
|-unboost|p1a: Garchomp|evasion|1
|-sideend|p1: itztrip|Stealth Rock|[from] move: Defog|[of] p2a: Corviknight
|-sideend|p2: Jauk123|Spikes|[from] move: Defog|[of] p2a: Corviknight
|move|p1a: Garchomp|Dragon Tail|p2a: Corviknight
|-resisted|p2a: Corviknight
|-damage|p2a: Corviknight|75/100
|drag|p2a: Iron Moth|Iron Moth|100/100
|-enditem|p2a: Iron Moth|Booster Energy
|-activate|p2a: Iron Moth|ability: Quark Drive|[fromitem]
|-start|p2a: Iron Moth|quarkdrivespe
|
|upkeep
|turn|13
|
|t:|1779887927
|-end|p2a: Iron Moth|Quark Drive|[silent]
|switch|p2a: Corviknight|Corviknight, F|75/100
|-ability|p2a: Corviknight|Pressure
|move|p1a: Garchomp|Earthquake|p2a: Corviknight
|-immune|p2a: Corviknight
|
|upkeep
|turn|14
|
|t:|1779887934
|move|p1a: Garchomp|Spikes|p2a: Corviknight
|-sidestart|p2: Jauk123|Spikes
|move|p2a: Corviknight|Iron Defense|p2a: Corviknight
|-boost|p2a: Corviknight|def|2
|
|upkeep
|turn|15
|
|t:|1779887936
|move|p1a: Garchomp|Stealth Rock|p2a: Corviknight
|-sidestart|p2: Jauk123|move: Stealth Rock
|move|p2a: Corviknight|Body Press|p1a: Garchomp
|-damage|p1a: Garchomp|69/100
|-damage|p2a: Corviknight|63/100|[from] ability: Rough Skin|[of] p1a: Garchomp
|-damage|p2a: Corviknight|47/100|[from] item: Rocky Helmet|[of] p1a: Garchomp
|
|upkeep
|turn|16
|
|t:|1779887939
|switch|p1a: Darkrai|Darkrai|94/100 tox
|move|p2a: Corviknight|Roost|p2a: Corviknight
|-heal|p2a: Corviknight|97/100
|-singleturn|p2a: Corviknight|move: Roost
|
|-damage|p1a: Darkrai|88/100 tox|[from] psn
|upkeep
|turn|17
|
|t:|1779887941
|move|p1a: Darkrai|Trick|p2a: Corviknight
|-activate|p1a: Darkrai|move: Trick|[of] p2a: Corviknight
|-item|p2a: Corviknight|Choice Specs|[from] move: Trick
|-enditem|p1a: Darkrai|Choice Specs|[silent]|[from] move: Trick
|move|p2a: Corviknight|Defog|p1a: Darkrai
|-unboost|p1a: Darkrai|evasion|1
|-sideend|p2: Jauk123|Spikes|[from] move: Defog|[of] p2a: Corviknight
|-sideend|p2: Jauk123|Stealth Rock|[from] move: Defog|[of] p2a: Corviknight
|
|-damage|p1a: Darkrai|76/100 tox|[from] psn
|upkeep
|turn|18
|
|t:|1779887957
|switch|p1a: Garchomp|Garchomp, M|69/100
|switch|p2a: Clodsire|Clodsire, M|100/100
|
|upkeep
|turn|19
|
|t:|1779887961
|switch|p2a: Corviknight|Corviknight, F|97/100
|-ability|p2a: Corviknight|Pressure
|move|p1a: Garchomp|Earthquake|p2a: Corviknight
|-immune|p2a: Corviknight
|
|upkeep
|turn|20
|
|t:|1779887968
|move|p1a: Garchomp|Spikes|p2a: Corviknight
|-sidestart|p2: Jauk123|Spikes
|move|p2a: Corviknight|Body Press|p1a: Garchomp
|-damage|p1a: Garchomp|53/100
|-damage|p2a: Corviknight|84/100|[from] ability: Rough Skin|[of] p1a: Garchomp
|-damage|p2a: Corviknight|68/100|[from] item: Rocky Helmet|[of] p1a: Garchomp
|
|upkeep
|turn|21
|
|t:|1779887973
|switch|p2a: Clodsire|Clodsire, M|100/100
|-damage|p2a: Clodsire|88/100|[from] Spikes
|move|p1a: Garchomp|Stealth Rock|p2a: Clodsire
|-sidestart|p2: Jauk123|move: Stealth Rock
|
|-heal|p2a: Clodsire|94/100|[from] item: Leftovers
|upkeep
|turn|22
|
|t:|1779887976
|switch|p2a: Corviknight|Corviknight, F|68/100
|-damage|p2a: Corviknight|56/100|[from] Stealth Rock
|-ability|p2a: Corviknight|Pressure
|move|p1a: Garchomp|Earthquake|p2a: Corviknight
|-immune|p2a: Corviknight
|
|upkeep
|turn|23
|
|t:|1779887980
|move|p1a: Garchomp|Spikes|p2a: Corviknight
|-sidestart|p2: Jauk123|Spikes
|move|p2a: Corviknight|Defog|p1a: Garchomp
|-unboost|p1a: Garchomp|evasion|1
|-sideend|p2: Jauk123|Spikes|[from] move: Defog|[of] p2a: Corviknight
|-sideend|p2: Jauk123|Stealth Rock|[from] move: Defog|[of] p2a: Corviknight
|
|upkeep
|turn|24
|
|t:|1779887983
|switch|p2a: Rillaboom|Rillaboom, F|100/100
|-fieldstart|move: Grassy Terrain|[from] ability: Grassy Surge|[of] p2a: Rillaboom
|move|p1a: Garchomp|Earthquake|p2a: Rillaboom
|-resisted|p2a: Rillaboom
|-damage|p2a: Rillaboom|89/100
|
|-heal|p2a: Rillaboom|96/100|[from] Grassy Terrain
|-heal|p1a: Garchomp|59/100|[from] Grassy Terrain
|upkeep
|turn|25
|
|t:|1779887988
|switch|p1a: Corviknight|Corviknight, M|100/100
|-ability|p1a: Corviknight|Pressure
|move|p2a: Rillaboom|Knock Off|p1a: Corviknight
|-damage|p1a: Corviknight|53/100
|-enditem|p1a: Corviknight|Heavy-Duty Boots|[from] move: Knock Off|[of] p2a: Rillaboom
|
|-heal|p2a: Rillaboom|100/100|[from] Grassy Terrain
|upkeep
|turn|26
|
|t:|1779887992
|switch|p2a: Corviknight|Corviknight, F|56/100
|-ability|p2a: Corviknight|Pressure
|move|p1a: Corviknight|U-turn|p2a: Corviknight
|-resisted|p2a: Corviknight
|-crit|p2a: Corviknight
|-damage|p2a: Corviknight|52/100
|
|t:|1779887993
|switch|p1a: Garchomp|Garchomp, M|59/100|[from] U-turn
|
|-heal|p1a: Garchomp|66/100|[from] Grassy Terrain
|upkeep
|turn|27
|
|t:|1779887995
|move|p1a: Garchomp|Spikes|p2a: Corviknight
|-sidestart|p2: Jauk123|Spikes
|move|p2a: Corviknight|Roost|p2a: Corviknight
|-heal|p2a: Corviknight|100/100
|-singleturn|p2a: Corviknight|move: Roost
|
|-heal|p1a: Garchomp|72/100|[from] Grassy Terrain
|upkeep
|turn|28
|
|t:|1779887998
|switch|p2a: Rillaboom|Rillaboom, F|100/100
|-damage|p2a: Rillaboom|88/100|[from] Spikes
|move|p1a: Garchomp|Stealth Rock|p2a: Rillaboom
|-sidestart|p2: Jauk123|move: Stealth Rock
|
|-heal|p2a: Rillaboom|94/100|[from] Grassy Terrain
|-heal|p1a: Garchomp|78/100|[from] Grassy Terrain
|-fieldend|move: Grassy Terrain
|upkeep
|turn|29
|
|t:|1779888000
|switch|p2a: Corviknight|Corviknight, F|100/100
|-damage|p2a: Corviknight|88/100|[from] Stealth Rock
|-ability|p2a: Corviknight|Pressure
|move|p1a: Garchomp|Dragon Tail|p2a: Corviknight
|-resisted|p2a: Corviknight
|-damage|p2a: Corviknight|80/100
|drag|p2a: Rillaboom|Rillaboom, F|94/100
|-damage|p2a: Rillaboom|82/100|[from] Spikes
|-damage|p2a: Rillaboom|70/100|[from] Stealth Rock
|-fieldstart|move: Grassy Terrain|[from] ability: Grassy Surge|[of] p2a: Rillaboom
|
|-heal|p2a: Rillaboom|76/100|[from] Grassy Terrain
|-heal|p1a: Garchomp|84/100|[from] Grassy Terrain
|upkeep
|turn|30
|
|t:|1779888009
|switch|p2a: Corviknight|Corviknight, F|80/100
|-damage|p2a: Corviknight|68/100|[from] Stealth Rock
|-ability|p2a: Corviknight|Pressure
|move|p1a: Garchomp|Dragon Tail|p2a: Corviknight
|-resisted|p2a: Corviknight
|-damage|p2a: Corviknight|59/100
|drag|p2a: Raging Bolt|Raging Bolt|100/100
|-damage|p2a: Raging Bolt|88/100|[from] Spikes
|-damage|p2a: Raging Bolt|76/100|[from] Stealth Rock
|-enditem|p2a: Raging Bolt|Booster Energy
|-activate|p2a: Raging Bolt|ability: Protosynthesis|[fromitem]
|-start|p2a: Raging Bolt|protosynthesisspa
|
|-heal|p1a: Garchomp|90/100|[from] Grassy Terrain
|-heal|p2a: Raging Bolt|82/100|[from] Grassy Terrain
|upkeep
|turn|31
|
|t:|1779888017
|move|p1a: Garchomp|Earthquake|p2a: Raging Bolt
|-supereffective|p2a: Raging Bolt
|-damage|p2a: Raging Bolt|43/100
|move|p2a: Raging Bolt|Dragon Pulse|p1a: Garchomp
|-supereffective|p1a: Garchomp
|-damage|p1a: Garchomp|0 fnt
|faint|p1a: Garchomp
|
|-heal|p2a: Raging Bolt|49/100|[from] Grassy Terrain
|upkeep
|
|t:|1779888022
|switch|p1a: Ogerpon|Ogerpon, F|84/100
|turn|32
|
|t:|1779888025
|move|p1a: Ogerpon|Knock Off|p2a: Raging Bolt
|-damage|p2a: Raging Bolt|32/100
|move|p2a: Raging Bolt|Dragon Pulse|p1a: Ogerpon
|-damage|p1a: Ogerpon|0 fnt
|faint|p1a: Ogerpon
|
|-heal|p2a: Raging Bolt|38/100|[from] Grassy Terrain
|upkeep
|
|t:|1779888029
|switch|p1a: Darkrai|Darkrai|76/100 tox
|turn|33
|
|t:|1779888035
|move|p2a: Raging Bolt|Thunderclap|p1a: Darkrai
|-damage|p1a: Darkrai|0 fnt
|faint|p1a: Darkrai
|
|-heal|p2a: Raging Bolt|44/100|[from] Grassy Terrain
|-fieldend|move: Grassy Terrain
|upkeep
|
|t:|1779888038
|switch|p1a: Alomomola|Alomomola, F|99/100
|turn|34
|
|t:|1779888041
|-terastallize|p1a: Alomomola|Normal
|move|p2a: Raging Bolt|Thunderbolt|p1a: Alomomola
|-damage|p1a: Alomomola|66/100
|move|p1a: Alomomola|Mirror Coat|p2a: Raging Bolt
|-damage|p2a: Raging Bolt|0 fnt
|faint|p2a: Raging Bolt
|-end|p2a: Raging Bolt|Protosynthesis|[silent]
|
|upkeep
|
|t:|1779888048
|switch|p2a: Corviknight|Corviknight, F|59/100
|-damage|p2a: Corviknight|47/100|[from] Stealth Rock
|-ability|p2a: Corviknight|Pressure
|turn|35
|
|t:|1779888050
|switch|p1a: Corviknight|Corviknight, M|53/100
|-ability|p1a: Corviknight|Pressure
|move|p2a: Corviknight|Defog|p1a: Corviknight
|-unboost|p1a: Corviknight|evasion|1
|-sideend|p2: Jauk123|Spikes|[from] move: Defog|[of] p2a: Corviknight
|-sideend|p2: Jauk123|Stealth Rock|[from] move: Defog|[of] p2a: Corviknight
|
|upkeep
|turn|36
|
|t:|1779888060
|switch|p2a: Iron Moth|Iron Moth|100/100
|move|p1a: Corviknight|Roost|p1a: Corviknight
|-heal|p1a: Corviknight|100/100
|-singleturn|p1a: Corviknight|move: Roost
|
|upkeep
|turn|37
|
|t:|1779888063
|switch|p1a: Alomomola|Alomomola, F, tera:Normal|99/100
|move|p2a: Iron Moth|Fiery Dance|p1a: Alomomola
|-damage|p1a: Alomomola|79/100
|-boost|p2a: Iron Moth|spa|1
|
|upkeep
|turn|38
|
|t:|1779888069
|-end|p2a: Iron Moth|Quark Drive|[silent]
|switch|p2a: Corviknight|Corviknight, F|47/100
|-ability|p2a: Corviknight|Pressure
|move|p1a: Alomomola|Mirror Coat||[still]
|-fail|p1a: Alomomola
|
|upkeep
|turn|39
|
|t:|1779888074
|move|p2a: Corviknight|Roost|p2a: Corviknight
|-heal|p2a: Corviknight|97/100
|-singleturn|p2a: Corviknight|move: Roost
|move|p1a: Alomomola|Body Slam|p2a: Corviknight
|-resisted|p2a: Corviknight
|-damage|p2a: Corviknight|89/100
|
|upkeep
|turn|40
|
|t:|1779888077
|switch|p2a: Rillaboom|Rillaboom, F|76/100
|-fieldstart|move: Grassy Terrain|[from] ability: Grassy Surge|[of] p2a: Rillaboom
|move|p1a: Alomomola|Body Slam|p2a: Rillaboom
|-damage|p2a: Rillaboom|51/100
|
|-heal|p2a: Rillaboom|57/100|[from] Grassy Terrain
|-heal|p1a: Alomomola|85/100|[from] Grassy Terrain
|upkeep
|turn|41
|
|t:|1779888087
|switch|p2a: Primarina|Primarina, M|91/100
|switch|p1a: Corviknight|Corviknight, M|100/100
|-ability|p1a: Corviknight|Pressure
|
|-heal|p2a: Primarina|97/100|[from] Grassy Terrain
|upkeep
|turn|42
|
|t:|1779888090
|switch|p1a: Alomomola|Alomomola, F, tera:Normal|100/100
|move|p2a: Primarina|Surf|p1a: Alomomola
|-damage|p1a: Alomomola|75/100
|
|-heal|p2a: Primarina|100/100|[from] Grassy Terrain
|-heal|p1a: Alomomola|81/100|[from] Grassy Terrain
|upkeep
|turn|43
|
|t:|1779888092
|move|p2a: Primarina|Flip Turn|p1a: Alomomola
|-damage|p1a: Alomomola|69/100
|
|t:|1779888097
|switch|p2a: Clodsire|Clodsire, M|94/100|[from] Flip Turn
|move|p1a: Alomomola|Mirror Coat||[still]
|-fail|p1a: Alomomola
|
|-heal|p1a: Alomomola|76/100|[from] Grassy Terrain
|-heal|p2a: Clodsire|99/100|[from] Grassy Terrain
|-heal|p2a: Clodsire|100/100|[from] item: Leftovers
|upkeep
|turn|44
|
|t:|1779888101
|switch|p1a: Corviknight|Corviknight, M|100/100
|-ability|p1a: Corviknight|Pressure
|move|p2a: Clodsire|Stealth Rock|p1a: Corviknight
|-sidestart|p1: itztrip|move: Stealth Rock
|
|-fieldend|move: Grassy Terrain
|upkeep
|turn|45
|
|t:|1779888104
|switch|p2a: Corviknight|Corviknight, F|89/100
|-ability|p2a: Corviknight|Pressure
|move|p1a: Corviknight|Defog|p2a: Corviknight
|-unboost|p2a: Corviknight|evasion|1
|-sideend|p1: itztrip|Stealth Rock|[from] move: Defog|[of] p1a: Corviknight
|
|upkeep
|turn|46
|
|t:|1779888113
|switch|p2a: Iron Moth|Iron Moth|100/100
|move|p1a: Corviknight|U-turn|p2a: Iron Moth
|-resisted|p2a: Iron Moth
|-damage|p2a: Iron Moth|96/100
|
|t:|1779888115
|switch|p1a: Alomomola|Alomomola, F, tera:Normal|100/100|[from] U-turn
|
|upkeep
|turn|47
|
|t:|1779888120
|-end|p2a: Iron Moth|Quark Drive|[silent]
|switch|p2a: Rillaboom|Rillaboom, F|57/100
|-fieldstart|move: Grassy Terrain|[from] ability: Grassy Surge|[of] p2a: Rillaboom
|move|p1a: Alomomola|Flip Turn|p2a: Rillaboom
|-resisted|p2a: Rillaboom
|-damage|p2a: Rillaboom|48/100
|
|t:|1779888121
|switch|p1a: Corviknight|Corviknight, M|100/100|[from] Flip Turn
|-ability|p1a: Corviknight|Pressure
|
|-heal|p2a: Rillaboom|54/100|[from] Grassy Terrain
|upkeep
|turn|48
|
|t:|1779888127
|move|p2a: Rillaboom|U-turn|p1a: Corviknight
|-resisted|p1a: Corviknight
|-damage|p1a: Corviknight|93/100
|
|t:|1779888130
|switch|p2a: Primarina|Primarina, M|100/100|[from] U-turn
|move|p1a: Corviknight|U-turn|p2a: Primarina
|-resisted|p2a: Primarina
|-damage|p2a: Primarina|91/100
|
|t:|1779888133
|switch|p1a: Alomomola|Alomomola, F, tera:Normal|100/100|[from] U-turn
|
|-heal|p2a: Primarina|97/100|[from] Grassy Terrain
|upkeep
|turn|49
|
|t:|1779888136
|switch|p2a: Rillaboom|Rillaboom, F|54/100
|move|p1a: Alomomola|Mirror Coat||[still]
|-fail|p1a: Alomomola
|
|-heal|p2a: Rillaboom|61/100|[from] Grassy Terrain
|upkeep
|turn|50
|
|t:|1779888141
|switch|p1a: Corviknight|Corviknight, M|93/100
|-ability|p1a: Corviknight|Pressure
|move|p2a: Rillaboom|Wood Hammer|p1a: Corviknight
|-resisted|p1a: Corviknight
|-damage|p1a: Corviknight|66/100
|-damage|p2a: Rillaboom|50/100|[from] Recoil
|
|-heal|p2a: Rillaboom|56/100|[from] Grassy Terrain
|upkeep
|turn|51
|
|t:|1779888150
|switch|p2a: Iron Moth|Iron Moth|96/100
|move|p1a: Corviknight|U-turn|p2a: Iron Moth
|-resisted|p2a: Iron Moth
|-damage|p2a: Iron Moth|91/100
|
|t:|1779888151
|switch|p1a: Alomomola|Alomomola, F, tera:Normal|100/100|[from] U-turn
|
|-heal|p2a: Iron Moth|97/100|[from] Grassy Terrain
|-fieldend|move: Grassy Terrain
|upkeep
|turn|52
|
|t:|1779888156
|move|p2a: Iron Moth|Fiery Dance|p1a: Alomomola
|-damage|p1a: Alomomola|81/100
|-boost|p2a: Iron Moth|spa|1
|move|p1a: Alomomola|Flip Turn|p2a: Iron Moth
|-supereffective|p2a: Iron Moth
|-damage|p2a: Iron Moth|49/100
|
|t:|1779888159
|switch|p1a: Corviknight|Corviknight, M|66/100|[from] Flip Turn
|-ability|p1a: Corviknight|Pressure
|
|upkeep
|turn|53
|
|t:|1779888163
|switch|p1a: Alomomola|Alomomola, F, tera:Normal|100/100
|move|p2a: Iron Moth|Fiery Dance|p1a: Alomomola
|-damage|p1a: Alomomola|72/100
|
|upkeep
|turn|54
|
|t:|1779888166
|move|p1a: Alomomola|Aqua Jet|p2a: Iron Moth
|-supereffective|p2a: Iron Moth
|-damage|p2a: Iron Moth|17/100
|move|p2a: Iron Moth|Morning Sun|p2a: Iron Moth
|-heal|p2a: Iron Moth|67/100
|
|upkeep
|turn|55
|
|t:|1779888170
|move|p2a: Iron Moth|Morning Sun|p2a: Iron Moth
|-heal|p2a: Iron Moth|100/100
|move|p1a: Alomomola|Mirror Coat||[still]
|-fail|p1a: Alomomola
|
|upkeep
|turn|56
|
|t:|1779888175
|-end|p2a: Iron Moth|Quark Drive|[silent]
|switch|p2a: Rillaboom|Rillaboom, F|56/100
|-fieldstart|move: Grassy Terrain|[from] ability: Grassy Surge|[of] p2a: Rillaboom
|move|p1a: Alomomola|Flip Turn|p2a: Rillaboom
|-resisted|p2a: Rillaboom
|-damage|p2a: Rillaboom|47/100
|
|t:|1779888176
|switch|p1a: Corviknight|Corviknight, M|66/100|[from] Flip Turn
|-ability|p1a: Corviknight|Pressure
|
|-heal|p2a: Rillaboom|53/100|[from] Grassy Terrain
|upkeep
|turn|57
|
|t:|1779888184
|-terastallize|p2a: Rillaboom|Grass
|move|p2a: Rillaboom|Wood Hammer|p1a: Corviknight
|-resisted|p1a: Corviknight
|-damage|p1a: Corviknight|32/100
|-damage|p2a: Rillaboom|40/100|[from] Recoil
|move|p1a: Corviknight|Brave Bird|p2a: Rillaboom
|-supereffective|p2a: Rillaboom
|-damage|p2a: Rillaboom|0 fnt
|faint|p2a: Rillaboom
|-damage|p1a: Corviknight|21/100|[from] Recoil
|
|upkeep
|
|t:|1779888199
|switch|p2a: Iron Moth|Iron Moth|100/100
|turn|58
|
|t:|1779888200
|switch|p1a: Alomomola|Alomomola, F, tera:Normal|100/100
|move|p2a: Iron Moth|Fiery Dance|p1a: Alomomola
|-damage|p1a: Alomomola|80/100
|-boost|p2a: Iron Moth|spa|1
|
|-heal|p1a: Alomomola|86/100|[from] Grassy Terrain
|upkeep
|turn|59
|
|t:|1779888206
|move|p2a: Iron Moth|Morning Sun|p2a: Iron Moth
|-fail|p2a: Iron Moth|heal
|move|p1a: Alomomola|Mirror Coat||[still]
|-fail|p1a: Alomomola
|
|-heal|p1a: Alomomola|92/100|[from] Grassy Terrain
|upkeep
|turn|60
|
|t:|1779888212
|-end|p2a: Iron Moth|Quark Drive|[silent]
|switch|p2a: Clodsire|Clodsire, M|100/100
|move|p1a: Alomomola|Mirror Coat||[still]
|-fail|p1a: Alomomola
|
|-heal|p1a: Alomomola|99/100|[from] Grassy Terrain
|-fieldend|move: Grassy Terrain
|upkeep
|turn|61
|
|t:|1779888215
|switch|p1a: Corviknight|Corviknight, M|21/100
|-ability|p1a: Corviknight|Pressure
|switch|p2a: Iron Moth|Iron Moth|100/100
|
|upkeep
|turn|62
|
|t:|1779888217
|switch|p1a: Alomomola|Alomomola, F, tera:Normal|100/100
|move|p2a: Iron Moth|Fiery Dance|p1a: Alomomola
|-damage|p1a: Alomomola|82/100
|-boost|p2a: Iron Moth|spa|1
|
|upkeep
|turn|63
|
|t:|1779888222
|-end|p2a: Iron Moth|Quark Drive|[silent]
|switch|p2a: Clodsire|Clodsire, M|100/100
|move|p1a: Alomomola|Mirror Coat||[still]
|-fail|p1a: Alomomola
|
|upkeep
|turn|64
|
|t:|1779888227
|switch|p1a: Corviknight|Corviknight, M|21/100
|-ability|p1a: Corviknight|Pressure
|move|p2a: Clodsire|Stealth Rock|p1a: Corviknight
|-sidestart|p1: itztrip|move: Stealth Rock
|
|upkeep
|turn|65
|
|t:|1779888229
|switch|p2a: Iron Moth|Iron Moth|100/100
|move|p1a: Corviknight|Roost|p1a: Corviknight
|-heal|p1a: Corviknight|71/100
|-singleturn|p1a: Corviknight|move: Roost
|
|upkeep
|turn|66
|
|t:|1779888231
|switch|p1a: Alomomola|Alomomola, F, tera:Normal|100/100
|-damage|p1a: Alomomola|88/100|[from] Stealth Rock
|move|p2a: Iron Moth|Fiery Dance|p1a: Alomomola
|-damage|p1a: Alomomola|69/100
|
|upkeep
|turn|67
|
|t:|1779888235
|-end|p2a: Iron Moth|Quark Drive|[silent]
|switch|p2a: Clodsire|Clodsire, M|100/100
|move|p1a: Alomomola|Flip Turn|p2a: Clodsire
|-supereffective|p2a: Clodsire
|-damage|p2a: Clodsire|63/100
|
|t:|1779888236
|switch|p1a: Corviknight|Corviknight, M|71/100|[from] Flip Turn
|-damage|p1a: Corviknight|59/100|[from] Stealth Rock
|-ability|p1a: Corviknight|Pressure
|
|-heal|p2a: Clodsire|69/100|[from] item: Leftovers
|upkeep
|turn|68
|
|t:|1779888242
|switch|p2a: Primarina|Primarina, M|97/100
|move|p1a: Corviknight|Defog|p2a: Primarina
|-unboost|p2a: Primarina|evasion|1
|-sideend|p1: itztrip|Stealth Rock|[from] move: Defog|[of] p1a: Corviknight
|
|upkeep
|turn|69
|
|t:|1779888245
|switch|p1a: Alomomola|Alomomola, F, tera:Normal|100/100
|move|p2a: Primarina|Surf|p1a: Alomomola
|-damage|p1a: Alomomola|77/100
|
|upkeep
|turn|70
|
|t:|1779888254
|move|p2a: Primarina|Moonblast|p1a: Alomomola
|-damage|p1a: Alomomola|50/100
|move|p1a: Alomomola|Mirror Coat|p2a: Primarina
|-damage|p2a: Primarina|19/100
|
|upkeep
|turn|71
|
|t:|1779888258
|move|p2a: Primarina|Moonblast|p1a: Alomomola
|-damage|p1a: Alomomola|23/100
|move|p1a: Alomomola|Flip Turn|p2a: Primarina
|-resisted|p2a: Primarina
|-damage|p2a: Primarina|9/100
|
|t:|1779888261
|switch|p1a: Corviknight|Corviknight, M|59/100|[from] Flip Turn
|-ability|p1a: Corviknight|Pressure
|
|upkeep
|turn|72
|
|t:|1779888265
|move|p2a: Primarina|Surf|p1a: Corviknight
|-damage|p1a: Corviknight|7/100
|move|p1a: Corviknight|Brave Bird|p2a: Primarina
|-damage|p2a: Primarina|0 fnt
|faint|p2a: Primarina
|-damage|p1a: Corviknight|4/100|[from] Recoil
|
|upkeep
|
|t:|1779888273
|switch|p2a: Iron Moth|Iron Moth|100/100
|turn|73
|
|t:|1779888276
|move|p2a: Iron Moth|Fiery Dance|p1a: Corviknight
|-supereffective|p1a: Corviknight
|-damage|p1a: Corviknight|0 fnt
|faint|p1a: Corviknight
|
|upkeep
|
|t:|1779888277
|switch|p1a: Alomomola|Alomomola, F, tera:Normal|57/100
|turn|74
|
|t:|1779888282
|-end|p2a: Iron Moth|Quark Drive|[silent]
|switch|p2a: Clodsire|Clodsire, M|69/100
|move|p1a: Alomomola|Mirror Coat||[still]
|-fail|p1a: Alomomola
|
|-heal|p2a: Clodsire|75/100|[from] item: Leftovers
|upkeep
|turn|75
|
|t:|1779888285
|move|p1a: Alomomola|Flip Turn|p2a: Clodsire
|-supereffective|p2a: Clodsire
|-damage|p2a: Clodsire|42/100
|
|t:|1779888286
|switch|p1a: Weezing|Weezing-Galar, M|100/100|[from] Flip Turn
|-ability|p1a: Weezing|Neutralizing Gas
|move|p2a: Clodsire|High Horsepower|p1a: Weezing
|-supereffective|p1a: Weezing
|-damage|p1a: Weezing|69/100
|
|-heal|p2a: Clodsire|48/100|[from] item: Leftovers
|upkeep
|turn|76
|
|t:|1779888290
|move|p1a: Weezing|Sludge Bomb|p2a: Clodsire
|-resisted|p2a: Clodsire
|-damage|p2a: Clodsire|45/100
|move|p2a: Clodsire|Recover|p2a: Clodsire
|-heal|p2a: Clodsire|95/100
|
|-heal|p2a: Clodsire|100/100|[from] item: Leftovers
|upkeep
|turn|77
|
|t:|1779888293
|move|p1a: Weezing|Will-O-Wisp|p2a: Clodsire
|-status|p2a: Clodsire|brn
|move|p2a: Clodsire|Stealth Rock|p1a: Weezing
|-sidestart|p1: itztrip|move: Stealth Rock
|
|-damage|p2a: Clodsire|94/100 brn|[from] brn
|upkeep
|turn|78
|
|t:|1779888296
|move|p1a: Weezing|Defog|p2a: Clodsire
|-unboost|p2a: Clodsire|evasion|1
|-sideend|p1: itztrip|Stealth Rock|[from] move: Defog|[of] p1a: Weezing
|move|p2a: Clodsire|High Horsepower|p1a: Weezing
|-supereffective|p1a: Weezing
|-damage|p1a: Weezing|52/100
|
|-heal|p2a: Clodsire|100/100 brn|[from] item: Leftovers
|-damage|p2a: Clodsire|94/100 brn|[from] brn
|upkeep
|turn|79
|
|t:|1779888299
|move|p1a: Weezing|Pain Split|p2a: Clodsire
|-sethp|p2a: Clodsire|66/100 brn|[from] move: Pain Split|[silent]
|-sethp|p1a: Weezing|91/100|[from] move: Pain Split
|move|p2a: Clodsire|High Horsepower|p1a: Weezing
|-supereffective|p1a: Weezing
|-crit|p1a: Weezing
|-damage|p1a: Weezing|67/100
|
|-heal|p2a: Clodsire|72/100 brn|[from] item: Leftovers
|-damage|p2a: Clodsire|66/100 brn|[from] brn
|upkeep
|turn|80
|
|t:|1779888301
|-end|p1a: Weezing|ability: Neutralizing Gas
|switch|p1a: Alomomola|Alomomola, F, tera:Normal|90/100
|move|p2a: Clodsire|High Horsepower|p1a: Alomomola
|-damage|p1a: Alomomola|80/100
|
|-heal|p2a: Clodsire|72/100 brn|[from] item: Leftovers
|-damage|p2a: Clodsire|66/100 brn|[from] brn
|upkeep
|turn|81
|
|t:|1779888304
|move|p1a: Alomomola|Flip Turn|p2a: Clodsire
|-supereffective|p2a: Clodsire
|-damage|p2a: Clodsire|31/100 brn
|
|t:|1779888306
|switch|p1a: Weezing|Weezing-Galar, M|67/100|[from] Flip Turn
|-ability|p1a: Weezing|Neutralizing Gas
|move|p2a: Clodsire|Recover|p2a: Clodsire
|-heal|p2a: Clodsire|81/100 brn
|
|-heal|p2a: Clodsire|87/100 brn|[from] item: Leftovers
|-damage|p2a: Clodsire|81/100 brn|[from] brn
|upkeep
|turn|82
|
|t:|1779888311
|move|p1a: Weezing|Sludge Bomb|p2a: Clodsire
|-resisted|p2a: Clodsire
|-damage|p2a: Clodsire|78/100 brn
|move|p2a: Clodsire|High Horsepower|p1a: Weezing
|-supereffective|p1a: Weezing
|-damage|p1a: Weezing|51/100
|
|-heal|p2a: Clodsire|84/100 brn|[from] item: Leftovers
|-damage|p2a: Clodsire|78/100 brn|[from] brn
|upkeep
|turn|83
|
|t:|1779888313
|move|p1a: Weezing|Pain Split|p2a: Clodsire
|-sethp|p2a: Clodsire|57/100 brn|[from] move: Pain Split|[silent]
|-sethp|p1a: Weezing|79/100|[from] move: Pain Split
|move|p2a: Clodsire|High Horsepower|p1a: Weezing
|-supereffective|p1a: Weezing
|-damage|p1a: Weezing|61/100
|
|-heal|p2a: Clodsire|63/100 brn|[from] item: Leftovers
|-damage|p2a: Clodsire|57/100 brn|[from] brn
|upkeep
|turn|84
|
|t:|1779888317
|move|p1a: Weezing|Sludge Bomb|p2a: Clodsire
|-resisted|p2a: Clodsire
|-damage|p2a: Clodsire|54/100 brn
|move|p2a: Clodsire|Toxic|p1a: Weezing
|-immune|p1a: Weezing
|
|-heal|p2a: Clodsire|60/100 brn|[from] item: Leftovers
|-damage|p2a: Clodsire|54/100 brn|[from] brn
|upkeep
|turn|85
|
|t:|1779888319
|move|p1a: Weezing|Pain Split|p2a: Clodsire
|-sethp|p2a: Clodsire|49/100 brn|[from] move: Pain Split|[silent]
|-sethp|p1a: Weezing|67/100|[from] move: Pain Split
|move|p2a: Clodsire|Toxic|p1a: Weezing
|-immune|p1a: Weezing
|
|-heal|p2a: Clodsire|55/100 brn|[from] item: Leftovers
|-damage|p2a: Clodsire|49/100 brn|[from] brn
|upkeep
|turn|86
|
|t:|1779888322
|-end|p1a: Weezing|ability: Neutralizing Gas
|switch|p1a: Alomomola|Alomomola, F, tera:Normal|100/100
|move|p2a: Clodsire|High Horsepower|p1a: Alomomola
|-damage|p1a: Alomomola|91/100
|
|-heal|p2a: Clodsire|55/100 brn|[from] item: Leftovers
|-damage|p2a: Clodsire|49/100 brn|[from] brn
|upkeep
|turn|87
|
|t:|1779888325
|move|p1a: Alomomola|Flip Turn|p2a: Clodsire
|-supereffective|p2a: Clodsire
|-damage|p2a: Clodsire|16/100 brn
|
|t:|1779888327
|switch|p1a: Weezing|Weezing-Galar, M|67/100|[from] Flip Turn
|-ability|p1a: Weezing|Neutralizing Gas
|move|p2a: Clodsire|Recover|p2a: Clodsire
|-heal|p2a: Clodsire|66/100 brn
|
|-heal|p2a: Clodsire|72/100 brn|[from] item: Leftovers
|-damage|p2a: Clodsire|66/100 brn|[from] brn
|upkeep
|turn|88
|
|t:|1779888332
|switch|p2a: Iron Moth|Iron Moth|100/100
|move|p1a: Weezing|Pain Split|p2a: Iron Moth
|-sethp|p2a: Iron Moth|88/100|[from] move: Pain Split|[silent]
|-sethp|p1a: Weezing|79/100|[from] move: Pain Split
|
|upkeep
|turn|89
|
|t:|1779888335
|-end|p1a: Weezing|ability: Neutralizing Gas
|switch|p1a: Alomomola|Alomomola, F, tera:Normal|100/100
|move|p2a: Iron Moth|Fiery Dance|p1a: Alomomola
|-damage|p1a: Alomomola|80/100
|-boost|p2a: Iron Moth|spa|1
|
|upkeep
|turn|90
|
|t:|1779888340
|-end|p2a: Iron Moth|Quark Drive|[silent]
|switch|p2a: Corviknight|Corviknight, F|89/100
|-ability|p2a: Corviknight|Pressure
|move|p1a: Alomomola|Mirror Coat||[still]
|-fail|p1a: Alomomola
|
|upkeep
|turn|91
|
|t:|1779888342
|move|p2a: Corviknight|Iron Defense|p2a: Corviknight
|-boost|p2a: Corviknight|def|2
|move|p1a: Alomomola|Flip Turn|p2a: Corviknight
|-damage|p2a: Corviknight|84/100
|
|t:|1779888344
|switch|p1a: Weezing|Weezing-Galar, M|79/100|[from] Flip Turn
|-ability|p1a: Weezing|Neutralizing Gas
|
|upkeep
|turn|92
|
|t:|1779888347
|switch|p2a: Clodsire|Clodsire, M|66/100 brn
|-end|p1a: Weezing|ability: Neutralizing Gas
|switch|p1a: Alomomola|Alomomola, F, tera:Normal|100/100
|
|-heal|p2a: Clodsire|72/100 brn|[from] item: Leftovers
|-damage|p2a: Clodsire|66/100 brn|[from] brn
|upkeep
|turn|93
|
|t:|1779888350
|move|p1a: Alomomola|Flip Turn|p2a: Clodsire
|-supereffective|p2a: Clodsire
|-damage|p2a: Clodsire|30/100 brn
|
|t:|1779888352
|switch|p1a: Weezing|Weezing-Galar, M|79/100|[from] Flip Turn
|-ability|p1a: Weezing|Neutralizing Gas
|move|p2a: Clodsire|Toxic|p1a: Weezing
|-immune|p1a: Weezing
|
|-heal|p2a: Clodsire|36/100 brn|[from] item: Leftovers
|-damage|p2a: Clodsire|30/100 brn|[from] brn
|upkeep
|turn|94
|
|t:|1779888354
|-end|p1a: Weezing|ability: Neutralizing Gas
|switch|p1a: Alomomola|Alomomola, F, tera:Normal|100/100
|move|p2a: Clodsire|Recover|p2a: Clodsire
|-heal|p2a: Clodsire|80/100 brn
|
|-heal|p2a: Clodsire|86/100 brn|[from] item: Leftovers
|-damage|p2a: Clodsire|80/100 brn|[from] brn
|upkeep
|turn|95
|
|t:|1779888356
|move|p1a: Alomomola|Flip Turn|p2a: Clodsire
|-supereffective|p2a: Clodsire
|-damage|p2a: Clodsire|44/100 brn
|
|t:|1779888358
|switch|p1a: Weezing|Weezing-Galar, M|79/100|[from] Flip Turn
|-ability|p1a: Weezing|Neutralizing Gas
|move|p2a: Clodsire|Toxic|p1a: Weezing
|-immune|p1a: Weezing
|
|-heal|p2a: Clodsire|50/100 brn|[from] item: Leftovers
|-damage|p2a: Clodsire|44/100 brn|[from] brn
|upkeep
|turn|96
|
|t:|1779888361
|-end|p1a: Weezing|ability: Neutralizing Gas
|switch|p1a: Alomomola|Alomomola, F, tera:Normal|100/100
|move|p2a: Clodsire|Recover|p2a: Clodsire
|-heal|p2a: Clodsire|94/100 brn
|
|-heal|p2a: Clodsire|99/100 brn|[from] item: Leftovers
|-damage|p2a: Clodsire|94/100 brn|[from] brn
|upkeep
|turn|97
|
|t:|1779888367
|switch|p2a: Corviknight|Corviknight, F|84/100
|-ability|p2a: Corviknight|Pressure
|move|p1a: Alomomola|Flip Turn|p2a: Corviknight
|-damage|p2a: Corviknight|73/100
|
|t:|1779888369
|switch|p1a: Weezing|Weezing-Galar, M|79/100|[from] Flip Turn
|-ability|p1a: Weezing|Neutralizing Gas
|
|upkeep
|turn|98
|
|t:|1779888371
|-end|p1a: Weezing|ability: Neutralizing Gas
|-ability|p2a: Corviknight|Pressure
|switch|p1a: Alomomola|Alomomola, F, tera:Normal|100/100
|move|p2a: Corviknight|Body Press|p1a: Alomomola
|-supereffective|p1a: Alomomola
|-damage|p1a: Alomomola|63/100
|
|upkeep
|turn|99
|
|t:|1779888376
|switch|p2a: Iron Moth|Iron Moth|88/100
|move|p1a: Alomomola|Body Slam|p2a: Iron Moth
|-damage|p2a: Iron Moth|52/100
|
|upkeep
|turn|100
|
|t:|1779888380
|move|p2a: Iron Moth|Fiery Dance|p1a: Alomomola
|-damage|p1a: Alomomola|43/100
|-boost|p2a: Iron Moth|spa|1
|move|p1a: Alomomola|Body Slam|p2a: Iron Moth
|-damage|p2a: Iron Moth|18/100
|
|upkeep
|turn|101
|
|t:|1779888383
|move|p2a: Iron Moth|Morning Sun|p2a: Iron Moth
|-heal|p2a: Iron Moth|68/100
|move|p1a: Alomomola|Mirror Coat||[still]
|-fail|p1a: Alomomola
|
|upkeep
|turn|102
|
|t:|1779888394
|move|p2a: Iron Moth|Morning Sun|p2a: Iron Moth
|-heal|p2a: Iron Moth|100/100
|move|p1a: Alomomola|Mirror Coat||[still]
|-fail|p1a: Alomomola
|
|upkeep
|turn|103
|
|t:|1779888397
|move|p2a: Iron Moth|Fiery Dance|p1a: Alomomola
|-damage|p1a: Alomomola|15/100
|-boost|p2a: Iron Moth|spa|1
|move|p1a: Alomomola|Mirror Coat|p2a: Iron Moth
|-damage|p2a: Iron Moth|0 fnt
|faint|p2a: Iron Moth
|-end|p2a: Iron Moth|Quark Drive|[silent]
|
|upkeep
|
|t:|1779888403
|switch|p2a: Clodsire|Clodsire, M|94/100 brn
|turn|104
|
|t:|1779888405
|move|p1a: Alomomola|Flip Turn|p2a: Clodsire
|-supereffective|p2a: Clodsire
|-damage|p2a: Clodsire|56/100 brn
|
|t:|1779888406
|switch|p1a: Weezing|Weezing-Galar, M|79/100|[from] Flip Turn
|-ability|p1a: Weezing|Neutralizing Gas
|move|p2a: Clodsire|High Horsepower|p1a: Weezing
|-supereffective|p1a: Weezing
|-damage|p1a: Weezing|64/100
|
|-heal|p2a: Clodsire|63/100 brn|[from] item: Leftovers
|-damage|p2a: Clodsire|56/100 brn|[from] brn
|upkeep
|turn|105
|
|t:|1779888409
|-end|p1a: Weezing|ability: Neutralizing Gas
|switch|p1a: Alomomola|Alomomola, F, tera:Normal|48/100
|move|p2a: Clodsire|Stealth Rock|p1a: Alomomola
|-sidestart|p1: itztrip|move: Stealth Rock
|
|-heal|p2a: Clodsire|63/100 brn|[from] item: Leftovers
|-damage|p2a: Clodsire|56/100 brn|[from] brn
|upkeep
|turn|106
|
|t:|1779888411
|move|p1a: Alomomola|Flip Turn|p2a: Clodsire
|-supereffective|p2a: Clodsire
|-damage|p2a: Clodsire|19/100 brn
|
|t:|1779888412
|switch|p1a: Weezing|Weezing-Galar, M|64/100|[from] Flip Turn
|-ability|p1a: Weezing|Neutralizing Gas
|move|p2a: Clodsire|High Horsepower|p1a: Weezing
|-supereffective|p1a: Weezing
|-damage|p1a: Weezing|46/100
|
|-heal|p2a: Clodsire|25/100 brn|[from] item: Leftovers
|-damage|p2a: Clodsire|19/100 brn|[from] brn
|upkeep
|turn|107
|
|t:|1779888414
|move|p1a: Weezing|Defog|p2a: Clodsire
|-unboost|p2a: Clodsire|evasion|1
|-sideend|p1: itztrip|Stealth Rock|[from] move: Defog|[of] p1a: Weezing
|move|p2a: Clodsire|Recover|p2a: Clodsire
|-heal|p2a: Clodsire|69/100 brn
|
|-heal|p2a: Clodsire|75/100 brn|[from] item: Leftovers
|-damage|p2a: Clodsire|69/100 brn|[from] brn
|upkeep
|turn|108
|
|t:|1779888417
|move|p1a: Weezing|Pain Split|p2a: Clodsire
|-sethp|p2a: Clodsire|51/100 brn|[from] move: Pain Split|[silent]
|-sethp|p1a: Weezing|70/100|[from] move: Pain Split
|move|p2a: Clodsire|Stealth Rock|p1a: Weezing
|-sidestart|p1: itztrip|move: Stealth Rock
|
|-heal|p2a: Clodsire|57/100 brn|[from] item: Leftovers
|-damage|p2a: Clodsire|51/100 brn|[from] brn
|upkeep
|turn|109
|
|t:|1779888420
|move|p1a: Weezing|Defog|p2a: Clodsire
|-unboost|p2a: Clodsire|evasion|1
|-sideend|p1: itztrip|Stealth Rock|[from] move: Defog|[of] p1a: Weezing
|move|p2a: Clodsire|High Horsepower|p1a: Weezing|[miss]
|-miss|p2a: Clodsire|p1a: Weezing
|
|-heal|p2a: Clodsire|57/100 brn|[from] item: Leftovers
|-damage|p2a: Clodsire|51/100 brn|[from] brn
|upkeep
|turn|110
|
|t:|1779888423
|-end|p1a: Weezing|ability: Neutralizing Gas
|switch|p1a: Alomomola|Alomomola, F, tera:Normal|82/100
|move|p2a: Clodsire|Stealth Rock|p1a: Alomomola
|-sidestart|p1: itztrip|move: Stealth Rock
|
|-heal|p2a: Clodsire|57/100 brn|[from] item: Leftovers
|-damage|p2a: Clodsire|51/100 brn|[from] brn
|upkeep
|turn|111
|
|t:|1779888427
|switch|p2a: Corviknight|Corviknight, F|73/100
|-ability|p2a: Corviknight|Pressure
|move|p1a: Alomomola|Flip Turn|p2a: Corviknight
|-damage|p2a: Corviknight|63/100
|
|t:|1779888430
|switch|p1a: Weezing|Weezing-Galar, M|70/100|[from] Flip Turn
|-ability|p1a: Weezing|Neutralizing Gas
|
|upkeep
|turn|112
|
|t:|1779888433
|switch|p2a: Clodsire|Clodsire, M|51/100 brn
|move|p1a: Weezing|Will-O-Wisp|p2a: Clodsire
|-fail|p2a: Clodsire|brn
|
|-heal|p2a: Clodsire|57/100 brn|[from] item: Leftovers
|-damage|p2a: Clodsire|51/100 brn|[from] brn
|upkeep
|turn|113
|
|t:|1779888439
|move|p1a: Weezing|Defog|p2a: Clodsire
|-unboost|p2a: Clodsire|evasion|1
|-sideend|p1: itztrip|Stealth Rock|[from] move: Defog|[of] p1a: Weezing
|move|p2a: Clodsire|Recover|p2a: Clodsire
|-heal|p2a: Clodsire|100/100 brn
|
|-damage|p2a: Clodsire|94/100 brn|[from] brn
|upkeep
|turn|114
|
|t:|1779888444
|switch|p2a: Corviknight|Corviknight, F|63/100
|move|p1a: Weezing|Sludge Bomb|p2a: Corviknight
|-immune|p2a: Corviknight
|
|upkeep
|turn|115
|
|t:|1779888454
|switch|p2a: Clodsire|Clodsire, M|94/100 brn
|-end|p1a: Weezing|ability: Neutralizing Gas
|switch|p1a: Alomomola|Alomomola, F, tera:Normal|100/100
|
|-heal|p2a: Clodsire|100/100 brn|[from] item: Leftovers
|-damage|p2a: Clodsire|94/100 brn|[from] brn
|upkeep
|turn|116
|
|t:|1779888458
|switch|p2a: Corviknight|Corviknight, F|63/100
|-ability|p2a: Corviknight|Pressure
|move|p1a: Alomomola|Flip Turn|p2a: Corviknight
|-damage|p2a: Corviknight|52/100
|
|t:|1779888459
|switch|p1a: Weezing|Weezing-Galar, M|70/100|[from] Flip Turn
|-ability|p1a: Weezing|Neutralizing Gas
|
|upkeep
|turn|117
|
|t:|1779888462
|switch|p2a: Clodsire|Clodsire, M|94/100 brn
|-end|p1a: Weezing|ability: Neutralizing Gas
|switch|p1a: Alomomola|Alomomola, F, tera:Normal|100/100
|
|-heal|p2a: Clodsire|100/100 brn|[from] item: Leftovers
|-damage|p2a: Clodsire|94/100 brn|[from] brn
|upkeep
|turn|118
|
|t:|1779888465
|switch|p1a: Weezing|Weezing-Galar, M|70/100
|-ability|p1a: Weezing|Neutralizing Gas
|switch|p2a: Corviknight|Corviknight, F|52/100
|
|upkeep
|turn|119
|
|t:|1779888470
|switch|p2a: Clodsire|Clodsire, M|94/100 brn
|-end|p1a: Weezing|ability: Neutralizing Gas
|switch|p1a: Alomomola|Alomomola, F, tera:Normal|100/100
|
|-heal|p2a: Clodsire|100/100 brn|[from] item: Leftovers
|-damage|p2a: Clodsire|94/100 brn|[from] brn
|upkeep
|turn|120
|
|t:|1779888473
|switch|p1a: Weezing|Weezing-Galar, M|70/100
|-ability|p1a: Weezing|Neutralizing Gas
|switch|p2a: Corviknight|Corviknight, F|52/100
|
|upkeep
|turn|121
|
|t:|1779888476
|switch|p2a: Clodsire|Clodsire, M|94/100 brn
|-end|p1a: Weezing|ability: Neutralizing Gas
|switch|p1a: Alomomola|Alomomola, F, tera:Normal|100/100
|
|-heal|p2a: Clodsire|100/100 brn|[from] item: Leftovers
|-damage|p2a: Clodsire|94/100 brn|[from] brn
|upkeep
|turn|122
|
|t:|1779888479
|switch|p2a: Corviknight|Corviknight, F|52/100
|-ability|p2a: Corviknight|Pressure
|move|p1a: Alomomola|Flip Turn|p2a: Corviknight
|-crit|p2a: Corviknight
|-damage|p2a: Corviknight|35/100
|
|t:|1779888480
|switch|p1a: Weezing|Weezing-Galar, M|70/100|[from] Flip Turn
|-ability|p1a: Weezing|Neutralizing Gas
|
|upkeep
|turn|123
|
|t:|1779888483
|move|p2a: Corviknight|Roost|p2a: Corviknight
|-heal|p2a: Corviknight|85/100
|-singleturn|p2a: Corviknight|move: Roost
|move|p1a: Weezing|Will-O-Wisp|p2a: Corviknight|[miss]
|-miss|p1a: Weezing|p2a: Corviknight
|
|upkeep
|turn|124
|
|t:|1779888486
|switch|p2a: Clodsire|Clodsire, M|94/100 brn
|move|p1a: Weezing|Sludge Bomb|p2a: Clodsire
|-resisted|p2a: Clodsire
|-damage|p2a: Clodsire|91/100 brn
|
|-heal|p2a: Clodsire|97/100 brn|[from] item: Leftovers
|-damage|p2a: Clodsire|91/100 brn|[from] brn
|upkeep
|turn|125
|
|t:|1779888489
|-end|p1a: Weezing|ability: Neutralizing Gas
|switch|p1a: Alomomola|Alomomola, F, tera:Normal|100/100
|move|p2a: Clodsire|Stealth Rock|p1a: Alomomola
|-sidestart|p1: itztrip|move: Stealth Rock
|
|-heal|p2a: Clodsire|97/100 brn|[from] item: Leftovers
|-damage|p2a: Clodsire|91/100 brn|[from] brn
|upkeep
|turn|126
|
|t:|1779888494
|move|p1a: Alomomola|Body Slam|p2a: Clodsire
|-damage|p2a: Clodsire|66/100 brn
|move|p2a: Clodsire|High Horsepower|p1a: Alomomola
|-damage|p1a: Alomomola|91/100
|
|-heal|p2a: Clodsire|73/100 brn|[from] item: Leftovers
|-damage|p2a: Clodsire|66/100 brn|[from] brn
|upkeep
|turn|127
|
|t:|1779888497
|move|p1a: Alomomola|Flip Turn|p2a: Clodsire
|-supereffective|p2a: Clodsire
|-damage|p2a: Clodsire|31/100 brn
|
|t:|1779888498
|switch|p1a: Weezing|Weezing-Galar, M|70/100|[from] Flip Turn
|-ability|p1a: Weezing|Neutralizing Gas
|move|p2a: Clodsire|High Horsepower|p1a: Weezing|[miss]
|-miss|p2a: Clodsire|p1a: Weezing
|
|-heal|p2a: Clodsire|37/100 brn|[from] item: Leftovers
|-damage|p2a: Clodsire|31/100 brn|[from] brn
|upkeep
|turn|128
|
|t:|1779888500
|move|p1a: Weezing|Defog|p2a: Clodsire
|-unboost|p2a: Clodsire|evasion|1
|-sideend|p1: itztrip|Stealth Rock|[from] move: Defog|[of] p1a: Weezing
|move|p2a: Clodsire|Recover|p2a: Clodsire
|-heal|p2a: Clodsire|81/100 brn
|
|-heal|p2a: Clodsire|87/100 brn|[from] item: Leftovers
|-damage|p2a: Clodsire|81/100 brn|[from] brn
|upkeep
|turn|129
|
|t:|1779888504
|-end|p1a: Weezing|ability: Neutralizing Gas
|switch|p1a: Alomomola|Alomomola, F, tera:Normal|100/100
|move|p2a: Clodsire|Toxic|p1a: Alomomola
|-status|p1a: Alomomola|tox
|
|-heal|p2a: Clodsire|87/100 brn|[from] item: Leftovers
|-damage|p1a: Alomomola|94/100 tox|[from] psn
|-damage|p2a: Clodsire|81/100 brn|[from] brn
|upkeep
|turn|130
|
|t:|1779888506
|switch|p2a: Corviknight|Corviknight, F|85/100
|-ability|p2a: Corviknight|Pressure
|move|p1a: Alomomola|Flip Turn|p2a: Corviknight
|-damage|p2a: Corviknight|76/100
|
|t:|1779888508
|switch|p1a: Weezing|Weezing-Galar, M|70/100|[from] Flip Turn
|-ability|p1a: Weezing|Neutralizing Gas
|
|upkeep
|turn|131
|
|t:|1779888510
|switch|p2a: Clodsire|Clodsire, M|81/100 brn
|-end|p1a: Weezing|ability: Neutralizing Gas
|switch|p1a: Alomomola|Alomomola, F, tera:Normal|100/100 tox
|
|-heal|p2a: Clodsire|87/100 brn|[from] item: Leftovers
|-damage|p1a: Alomomola|94/100 tox|[from] psn
|-damage|p2a: Clodsire|81/100 brn|[from] brn
|upkeep
|turn|132
|
|t:|1779888514
|switch|p2a: Corviknight|Corviknight, F|76/100
|-ability|p2a: Corviknight|Pressure
|move|p1a: Alomomola|Body Slam|p2a: Corviknight
|-resisted|p2a: Corviknight
|-crit|p2a: Corviknight
|-damage|p2a: Corviknight|66/100
|-status|p2a: Corviknight|par
|
|-damage|p1a: Alomomola|82/100 tox|[from] psn
|upkeep
|turn|133
|
|t:|1779888518
|switch|p1a: Weezing|Weezing-Galar, M|70/100
|-ability|p1a: Weezing|Neutralizing Gas
|switch|p2a: Clodsire|Clodsire, M|81/100 brn
|
|-heal|p2a: Clodsire|87/100 brn|[from] item: Leftovers
|-damage|p2a: Clodsire|81/100 brn|[from] brn
|upkeep
|turn|134
|
|t:|1779888524
|-end|p1a: Weezing|ability: Neutralizing Gas
|switch|p1a: Alomomola|Alomomola, F, tera:Normal|100/100 tox
|switch|p2a: Corviknight|Corviknight, F|66/100 par
|-ability|p2a: Corviknight|Pressure
|
|-damage|p1a: Alomomola|94/100 tox|[from] psn
|upkeep
|turn|135
|
|t:|1779888528
|switch|p2a: Clodsire|Clodsire, M|81/100 brn
|move|p1a: Alomomola|Body Slam|p2a: Clodsire
|-damage|p2a: Clodsire|57/100 brn
|
|-heal|p2a: Clodsire|63/100 brn|[from] item: Leftovers
|-damage|p1a: Alomomola|82/100 tox|[from] psn
|-damage|p2a: Clodsire|57/100 brn|[from] brn
|upkeep
|turn|136
|
|t:|1779888531
|switch|p2a: Corviknight|Corviknight, F|66/100 par
|-ability|p2a: Corviknight|Pressure
|move|p1a: Alomomola|Flip Turn|p2a: Corviknight
|-damage|p2a: Corviknight|56/100 par
|
|t:|1779888533
|switch|p1a: Weezing|Weezing-Galar, M|70/100|[from] Flip Turn
|-ability|p1a: Weezing|Neutralizing Gas
|
|upkeep
|turn|137
|
|t:|1779888535
|-end|p1a: Weezing|ability: Neutralizing Gas
|-ability|p2a: Corviknight|Pressure
|switch|p1a: Alomomola|Alomomola, F, tera:Normal|100/100 tox
|switch|p2a: Clodsire|Clodsire, M|57/100 brn
|
|-heal|p2a: Clodsire|63/100 brn|[from] item: Leftovers
|-damage|p1a: Alomomola|94/100 tox|[from] psn
|-damage|p2a: Clodsire|57/100 brn|[from] brn
|upkeep
|turn|138
|
|t:|1779888538
|switch|p1a: Weezing|Weezing-Galar, M|70/100
|-ability|p1a: Weezing|Neutralizing Gas
|switch|p2a: Corviknight|Corviknight, F|56/100 par
|
|upkeep
|turn|139
|
|t:|1779888540
|-end|p1a: Weezing|ability: Neutralizing Gas
|-ability|p2a: Corviknight|Pressure
|switch|p1a: Alomomola|Alomomola, F, tera:Normal|100/100 tox
|switch|p2a: Clodsire|Clodsire, M|57/100 brn
|
|-heal|p2a: Clodsire|63/100 brn|[from] item: Leftovers
|-damage|p1a: Alomomola|94/100 tox|[from] psn
|-damage|p2a: Clodsire|57/100 brn|[from] brn
|upkeep
|turn|140
|
|t:|1779888542
|switch|p1a: Weezing|Weezing-Galar, M|70/100
|-ability|p1a: Weezing|Neutralizing Gas
|switch|p2a: Corviknight|Corviknight, F|56/100 par
|
|upkeep
|turn|141
|
|t:|1779888544
|-end|p1a: Weezing|ability: Neutralizing Gas
|-ability|p2a: Corviknight|Pressure
|switch|p1a: Alomomola|Alomomola, F, tera:Normal|100/100 tox
|switch|p2a: Clodsire|Clodsire, M|57/100 brn
|
|-heal|p2a: Clodsire|63/100 brn|[from] item: Leftovers
|-damage|p1a: Alomomola|94/100 tox|[from] psn
|-damage|p2a: Clodsire|57/100 brn|[from] brn
|upkeep
|turn|142
|
|t:|1779888546
|switch|p1a: Weezing|Weezing-Galar, M|70/100
|-ability|p1a: Weezing|Neutralizing Gas
|switch|p2a: Corviknight|Corviknight, F|56/100 par
|
|upkeep
|turn|143
|
|t:|1779888547
|-end|p1a: Weezing|ability: Neutralizing Gas
|-ability|p2a: Corviknight|Pressure
|switch|p1a: Alomomola|Alomomola, F, tera:Normal|100/100 tox
|switch|p2a: Clodsire|Clodsire, M|57/100 brn
|
|-heal|p2a: Clodsire|63/100 brn|[from] item: Leftovers
|-damage|p1a: Alomomola|94/100 tox|[from] psn
|-damage|p2a: Clodsire|57/100 brn|[from] brn
|upkeep
|turn|144
|
|t:|1779888550
|switch|p1a: Weezing|Weezing-Galar, M|70/100
|-ability|p1a: Weezing|Neutralizing Gas
|switch|p2a: Corviknight|Corviknight, F|56/100 par
|
|upkeep
|turn|145
|
|t:|1779888552
|-end|p1a: Weezing|ability: Neutralizing Gas
|-ability|p2a: Corviknight|Pressure
|switch|p1a: Alomomola|Alomomola, F, tera:Normal|100/100 tox
|switch|p2a: Clodsire|Clodsire, M|57/100 brn
|
|-heal|p2a: Clodsire|63/100 brn|[from] item: Leftovers
|-damage|p1a: Alomomola|94/100 tox|[from] psn
|-damage|p2a: Clodsire|57/100 brn|[from] brn
|upkeep
|turn|146
|c|☆Jauk123|bro
|
|t:|1779888559
|switch|p1a: Weezing|Weezing-Galar, M|70/100
|-ability|p1a: Weezing|Neutralizing Gas
|switch|p2a: Corviknight|Corviknight, F|56/100 par
|
|upkeep
|turn|147
|
|t:|1779888566
|-end|p1a: Weezing|ability: Neutralizing Gas
|-ability|p2a: Corviknight|Pressure
|switch|p1a: Alomomola|Alomomola, F, tera:Normal|100/100 tox
|switch|p2a: Clodsire|Clodsire, M|57/100 brn
|
|-heal|p2a: Clodsire|63/100 brn|[from] item: Leftovers
|-damage|p1a: Alomomola|94/100 tox|[from] psn
|-damage|p2a: Clodsire|57/100 brn|[from] brn
|upkeep
|turn|148
|
|t:|1779888571
|switch|p1a: Weezing|Weezing-Galar, M|70/100
|-ability|p1a: Weezing|Neutralizing Gas
|switch|p2a: Corviknight|Corviknight, F|56/100 par
|
|upkeep
|turn|149
|
|t:|1779888577
|switch|p2a: Clodsire|Clodsire, M|57/100 brn
|move|p1a: Weezing|Pain Split|p2a: Clodsire
|-sethp|p2a: Clodsire|54/100 brn|[from] move: Pain Split|[silent]
|-sethp|p1a: Weezing|74/100|[from] move: Pain Split
|
|-heal|p2a: Clodsire|60/100 brn|[from] item: Leftovers
|-damage|p2a: Clodsire|54/100 brn|[from] brn
|upkeep
|turn|150
|
|t:|1779888579
|-end|p1a: Weezing|ability: Neutralizing Gas
|switch|p1a: Alomomola|Alomomola, F, tera:Normal|100/100 tox
|switch|p2a: Corviknight|Corviknight, F|56/100 par
|-ability|p2a: Corviknight|Pressure
|
|-damage|p1a: Alomomola|94/100 tox|[from] psn
|upkeep
|turn|151
|
|t:|1779888581
|switch|p1a: Weezing|Weezing-Galar, M|74/100
|-ability|p1a: Weezing|Neutralizing Gas
|move|p2a: Corviknight|Defog|p1a: Weezing
|-unboost|p1a: Weezing|evasion|1
|
|upkeep
|turn|152
|
|t:|1779888584
|-end|p1a: Weezing|ability: Neutralizing Gas
|-ability|p2a: Corviknight|Pressure
|switch|p1a: Alomomola|Alomomola, F, tera:Normal|100/100 tox
|switch|p2a: Clodsire|Clodsire, M|54/100 brn
|
|-heal|p2a: Clodsire|60/100 brn|[from] item: Leftovers
|-damage|p1a: Alomomola|94/100 tox|[from] psn
|-damage|p2a: Clodsire|54/100 brn|[from] brn
|upkeep
|turn|153
|
|t:|1779888588
|switch|p1a: Weezing|Weezing-Galar, M|74/100
|-ability|p1a: Weezing|Neutralizing Gas
|switch|p2a: Corviknight|Corviknight, F|56/100 par
|
|upkeep
|turn|154
|
|t:|1779888590
|-end|p1a: Weezing|ability: Neutralizing Gas
|-ability|p2a: Corviknight|Pressure
|switch|p1a: Alomomola|Alomomola, F, tera:Normal|100/100 tox
|switch|p2a: Clodsire|Clodsire, M|54/100 brn
|
|-heal|p2a: Clodsire|60/100 brn|[from] item: Leftovers
|-damage|p1a: Alomomola|94/100 tox|[from] psn
|-damage|p2a: Clodsire|54/100 brn|[from] brn
|upkeep
|turn|155
|
|t:|1779888591
|switch|p1a: Weezing|Weezing-Galar, M|74/100
|-ability|p1a: Weezing|Neutralizing Gas
|switch|p2a: Corviknight|Corviknight, F|56/100 par
|
|upkeep
|turn|156
|
|t:|1779888595
|-end|p1a: Weezing|ability: Neutralizing Gas
|-ability|p2a: Corviknight|Pressure
|switch|p1a: Alomomola|Alomomola, F, tera:Normal|100/100 tox
|switch|p2a: Clodsire|Clodsire, M|54/100 brn
|
|-heal|p2a: Clodsire|60/100 brn|[from] item: Leftovers
|-damage|p1a: Alomomola|94/100 tox|[from] psn
|-damage|p2a: Clodsire|54/100 brn|[from] brn
|upkeep
|turn|157
|
|t:|1779888599
|switch|p1a: Weezing|Weezing-Galar, M|74/100
|-ability|p1a: Weezing|Neutralizing Gas
|switch|p2a: Corviknight|Corviknight, F|56/100 par
|
|upkeep
|turn|158
|
|t:|1779888604
|-end|p1a: Weezing|ability: Neutralizing Gas
|-ability|p2a: Corviknight|Pressure
|switch|p1a: Alomomola|Alomomola, F, tera:Normal|100/100 tox
|switch|p2a: Clodsire|Clodsire, M|54/100 brn
|
|-heal|p2a: Clodsire|60/100 brn|[from] item: Leftovers
|-damage|p1a: Alomomola|94/100 tox|[from] psn
|-damage|p2a: Clodsire|54/100 brn|[from] brn
|upkeep
|turn|159
|
|t:|1779888608
|switch|p1a: Weezing|Weezing-Galar, M|74/100
|-ability|p1a: Weezing|Neutralizing Gas
|switch|p2a: Corviknight|Corviknight, F|56/100 par
|
|upkeep
|turn|160
|
|t:|1779888609
|-end|p1a: Weezing|ability: Neutralizing Gas
|-ability|p2a: Corviknight|Pressure
|switch|p1a: Alomomola|Alomomola, F, tera:Normal|100/100 tox
|switch|p2a: Clodsire|Clodsire, M|54/100 brn
|
|-heal|p2a: Clodsire|60/100 brn|[from] item: Leftovers
|-damage|p1a: Alomomola|94/100 tox|[from] psn
|-damage|p2a: Clodsire|54/100 brn|[from] brn
|upkeep
|turn|161
|
|t:|1779888612
|switch|p1a: Weezing|Weezing-Galar, M|74/100
|-ability|p1a: Weezing|Neutralizing Gas
|switch|p2a: Corviknight|Corviknight, F|56/100 par
|
|upkeep
|turn|162
|
|t:|1779888614
|-end|p1a: Weezing|ability: Neutralizing Gas
|-ability|p2a: Corviknight|Pressure
|switch|p1a: Alomomola|Alomomola, F, tera:Normal|100/100 tox
|switch|p2a: Clodsire|Clodsire, M|54/100 brn
|
|-heal|p2a: Clodsire|60/100 brn|[from] item: Leftovers
|-damage|p1a: Alomomola|94/100 tox|[from] psn
|-damage|p2a: Clodsire|54/100 brn|[from] brn
|upkeep
|turn|163
|
|t:|1779888617
|switch|p2a: Corviknight|Corviknight, F|56/100 par
|-ability|p2a: Corviknight|Pressure
|move|p1a: Alomomola|Body Slam|p2a: Corviknight
|-resisted|p2a: Corviknight
|-damage|p2a: Corviknight|48/100 par
|
|-damage|p1a: Alomomola|82/100 tox|[from] psn
|upkeep
|turn|164
|
|t:|1779888620
|move|p1a: Alomomola|Aqua Jet|p2a: Corviknight
|-damage|p2a: Corviknight|41/100 par
|move|p2a: Corviknight|Body Press|p1a: Alomomola
|-supereffective|p1a: Alomomola
|-damage|p1a: Alomomola|41/100 tox
|
|-damage|p1a: Alomomola|22/100 tox|[from] psn
|upkeep
|turn|165
|
|t:|1779888625
|switch|p1a: Weezing|Weezing-Galar, M|74/100
|-ability|p1a: Weezing|Neutralizing Gas
|move|p2a: Corviknight|Body Press|p1a: Weezing
|-resisted|p1a: Weezing
|-damage|p1a: Weezing|71/100
|
|upkeep
|turn|166
|
|t:|1779888629
|-end|p1a: Weezing|ability: Neutralizing Gas
|-ability|p2a: Corviknight|Pressure
|switch|p1a: Alomomola|Alomomola, F, tera:Normal|56/100 tox
|cant|p2a: Corviknight|par
|
|-damage|p1a: Alomomola|49/100 tox|[from] psn
|upkeep
|turn|167
|
|t:|1779888634
|switch|p1a: Weezing|Weezing-Galar, M|71/100
|-ability|p1a: Weezing|Neutralizing Gas
|move|p2a: Corviknight|Body Press|p1a: Weezing
|-resisted|p1a: Weezing
|-damage|p1a: Weezing|67/100
|
|upkeep
|turn|168
|
|t:|1779888637
|-end|p1a: Weezing|ability: Neutralizing Gas
|-ability|p2a: Corviknight|Pressure
|switch|p1a: Alomomola|Alomomola, F, tera:Normal|83/100 tox
|switch|p2a: Clodsire|Clodsire, M|54/100 brn
|
|-heal|p2a: Clodsire|60/100 brn|[from] item: Leftovers
|-damage|p1a: Alomomola|76/100 tox|[from] psn
|-damage|p2a: Clodsire|54/100 brn|[from] brn
|upkeep
|turn|169
|
|t:|1779888640
|switch|p2a: Corviknight|Corviknight, F|41/100 par
|-ability|p2a: Corviknight|Pressure
|move|p1a: Alomomola|Flip Turn|p2a: Corviknight
|-damage|p2a: Corviknight|31/100 par
|
|t:|1779888641
|switch|p1a: Weezing|Weezing-Galar, M|67/100|[from] Flip Turn
|-ability|p1a: Weezing|Neutralizing Gas
|
|upkeep
|turn|170
|
|t:|1779888645
|move|p1a: Weezing|Pain Split|p2a: Corviknight
|-sethp|p2a: Corviknight|43/100 par|[from] move: Pain Split|[silent]
|-sethp|p1a: Weezing|52/100|[from] move: Pain Split
|cant|p2a: Corviknight|par
|
|upkeep
|turn|171
|-message|Jauk123 forfeited.
|
|win|itztrip
|raw|itztrip's rating: 1609 &rarr; <strong>1626</strong><br />(+17 for winning)
|raw|Jauk123's rating: 1565 &rarr; <strong>1548</strong><br />(-17 for losing)
|l|☆Jauk123
|player|p2|
|l|☆itztrip
|player|p1|
