|j|☆kuraiyagare
|j|‽hyp4roffender
|t:|1779843288
|gametype|singles
|player|p1|kuraiyagare|pokemonranger-gen4|1415
|player|p2|hyp4roffender|266|1479
|gen|9
|tier|[Gen 9] OU
|rated|
|rule|HP Percentage Mod: HP is shown in percentages
|rule|Endless Battle Clause: Forcing endless battles is banned
|rule|Species Clause: Limit one of each Pokémon
|rule|OHKO Clause: OHKO moves are banned
|rule|Evasion Items Clause: Evasion items are banned
|rule|Evasion Moves Clause: Evasion moves are banned
|rule|Evasion Abilities Clause: Evasion abilities are banned
|rule|Sleep Moves Clause: Sleep-inducing moves are banned
|clearpoke
|poke|p1|Breloom, M|
|poke|p1|Gardevoir, F|
|poke|p1|Talonflame, F|
|poke|p1|Magnezone|
|poke|p1|Drifblim, F|
|poke|p1|Zangoose, M|
|poke|p2|Walking Wake|
|poke|p2|Great Tusk|
|poke|p2|Ninetales, F|
|poke|p2|Cresselia, F|
|poke|p2|Zarude|
|poke|p2|Ceruledge, M|
|teampreview
|inactive|Battle timer is ON: inactive players will automatically lose when time's up. (requested by hyp4roffender)
|
|t:|1779843322
|teamsize|p1|6
|teamsize|p2|6
|start
|switch|p1a: hax = skill|Magnezone|100/100
|switch|p2a: Ninetales|Ninetales, F|100/100
|-weather|SunnyDay|[from] ability: Drought|[of] p2a: Ninetales
|turn|1
|
|t:|1779843327
|move|p2a: Ninetales|Overheat|p1a: hax = skill
|-supereffective|p1a: hax = skill
|-ability|p1a: hax = skill|Sturdy
|-damage|p1a: hax = skill|1/100
|-unboost|p2a: Ninetales|spa|2
|move|p1a: hax = skill|Mirror Coat|p2a: Ninetales
|-damage|p2a: Ninetales|0 fnt
|faint|p2a: Ninetales
|
|-weather|SunnyDay|[upkeep]
|upkeep
|
|t:|1779843334
|switch|p2a: Walking Wake|Walking Wake|100/100
|-activate|p2a: Walking Wake|ability: Protosynthesis
|-start|p2a: Walking Wake|protosynthesisspe
|turn|2
|-enditem|p1a: hax = skill|Custap Berry|[eat]
|-activate|p1a: hax = skill|item: Custap Berry|[consumed]
|
|t:|1779843340
|move|p1a: hax = skill|Thunderbolt|p2a: Walking Wake
|-damage|p2a: Walking Wake|39/100
|move|p2a: Walking Wake|Hydro Steam|p1a: hax = skill
|-damage|p1a: hax = skill|0 fnt
|faint|p1a: hax = skill
|
|-weather|SunnyDay|[upkeep]
|upkeep
|
|t:|1779843344
|switch|p1a: Zangoose|Zangoose, M|100/100
|turn|3
|
|t:|1779843348
|move|p2a: Walking Wake|Hydro Steam|p1a: Zangoose
|-enditem|p1a: Zangoose|Focus Sash
|-damage|p1a: Zangoose|1/100
|move|p1a: Zangoose|Knock Off|p2a: Walking Wake
|-damage|p2a: Walking Wake|5/100
|-enditem|p2a: Walking Wake|Wise Glasses|[from] move: Knock Off|[of] p1a: Zangoose
|
|-weather|SunnyDay|[upkeep]
|upkeep
|turn|4
|
|t:|1779843352
|move|p1a: Zangoose|Quick Attack|p2a: Walking Wake
|-damage|p2a: Walking Wake|0 fnt
|faint|p2a: Walking Wake
|-end|p2a: Walking Wake|Protosynthesis|[silent]
|
|-weather|SunnyDay|[upkeep]
|upkeep
|
|t:|1779843363
|switch|p2a: Great Tusk|Great Tusk|100/100
|-activate|p2a: Great Tusk|ability: Protosynthesis
|-start|p2a: Great Tusk|protosynthesisatk
|turn|5
|
|t:|1779843369
|move|p1a: Zangoose|Endeavor|p2a: Great Tusk
|-damage|p2a: Great Tusk|1/100
|move|p2a: Great Tusk|Rapid Spin|p1a: Zangoose
|-damage|p1a: Zangoose|0 fnt
|-boost|p2a: Great Tusk|spe|1
|faint|p1a: Zangoose
|
|-weather|SunnyDay|[upkeep]
|upkeep
|
|t:|1779843377
|switch|p1a: Gardenia|Gardevoir, F|100/100
|turn|6
|
|t:|1779843380
|move|p1a: Gardenia|Vacuum Wave|p2a: Great Tusk
|-damage|p2a: Great Tusk|0 fnt
|faint|p2a: Great Tusk
|-end|p2a: Great Tusk|Protosynthesis|[silent]
|
|-weather|SunnyDay|[upkeep]
|upkeep
|
|t:|1779843391
|switch|p2a: Zarude|Zarude|100/100
|-ability|p1a: Gardenia|Leaf Guard|Trace|[from] ability: Trace|[of] p2a: Zarude
|turn|7
|
|t:|1779843401
|-terastallize|p2a: Zarude|Poison
|move|p2a: Zarude|Swords Dance|p2a: Zarude
|-boost|p2a: Zarude|atk|2
|move|p1a: Gardenia|Moonblast|p2a: Zarude
|-resisted|p2a: Zarude
|-damage|p2a: Zarude|77/100
|-unboost|p2a: Zarude|spa|1
|
|-weather|SunnyDay|[upkeep]
|-heal|p2a: Zarude|83/100|[from] item: Leftovers
|upkeep
|turn|8
|
|t:|1779843407
|move|p2a: Zarude|Power Whip|p1a: Gardenia
|-enditem|p1a: Gardenia|Focus Sash
|-damage|p1a: Gardenia|1/100
|move|p1a: Gardenia|Psyshock|p2a: Zarude
|-supereffective|p2a: Zarude
|-damage|p2a: Zarude|0 fnt
|faint|p2a: Zarude
|
|-weather|none
|upkeep
|
|t:|1779843417
|switch|p2a: Ceruledge|Ceruledge, M|100/100
|turn|9
|
|t:|1779843428
|move|p2a: Ceruledge|Bitter Blade|p1a: Gardenia
|-damage|p1a: Gardenia|0 fnt
|faint|p1a: Gardenia
|
|upkeep
|
|t:|1779843433
|switch|p1a: Drastenie|Breloom, M|100/100
|turn|10
|
|t:|1779843438
|switch|p2a: Cresselia|Cresselia, F|100/100
|move|p1a: Drastenie|Bulldoze|p2a: Cresselia
|-immune|p2a: Cresselia|[from] ability: Levitate
|
|upkeep
|turn|11
|
|t:|1779843445
|move|p1a: Drastenie|Bullet Seed|p2a: Cresselia
|-damage|p2a: Cresselia|88/100
|-damage|p2a: Cresselia|76/100
|-damage|p2a: Cresselia|63/100
|-damage|p2a: Cresselia|50/100
|-hitcount|p2a: Cresselia|4
|-enditem|p2a: Cresselia|Eject Button
|
|t:|1779843447
|switch|p2a: Ceruledge|Ceruledge, M|100/100
|
|upkeep
|turn|12
|
|t:|1779843457
|move|p2a: Ceruledge|Bitter Blade|p1a: Drastenie
|-supereffective|p1a: Drastenie
|-enditem|p1a: Drastenie|Focus Sash
|-damage|p1a: Drastenie|1/100
|move|p1a: Drastenie|Bulldoze|p2a: Ceruledge
|-supereffective|p2a: Ceruledge
|-enditem|p2a: Ceruledge|Focus Sash
|-damage|p2a: Ceruledge|1/100
|-unboost|p2a: Ceruledge|spe|1
|-ability|p2a: Ceruledge|Weak Armor|boost
|-unboost|p2a: Ceruledge|def|1
|-boost|p2a: Ceruledge|spe|2
|
|upkeep
|turn|13
|
|t:|1779843464
|move|p1a: Drastenie|Mach Punch|p2a: Ceruledge
|-immune|p2a: Ceruledge
|move|p2a: Ceruledge|Bitter Blade|p1a: Drastenie
|-supereffective|p1a: Drastenie
|-damage|p1a: Drastenie|0 fnt
|-heal|p2a: Ceruledge|1/100|[from] drain|[of] p1a: Drastenie
|faint|p1a: Drastenie
|
|upkeep
|
|t:|1779843465
|switch|p1a: Vatra|Talonflame, F|100/100
|turn|14
|
|t:|1779843472
|move|p1a: Vatra|Brave Bird|p2a: Ceruledge
|-damage|p2a: Ceruledge|0 fnt
|faint|p2a: Ceruledge
|-damage|p1a: Vatra|99/100|[from] Recoil
|
|upkeep
|-message|hyp4roffender forfeited.
|
|win|kuraiyagare
|raw|kuraiyagare's rating: 1415 &rarr; <strong>1439</strong><br />(+24 for winning)
|raw|hyp4roffender's rating: 1479 &rarr; <strong>1455</strong><br />(-24 for losing)
|l|‽hyp4roffender
|player|p2|
|l|☆kuraiyagare
|player|p1|
