|j|☆backpackio
|j|☆superchompman
|t:|1779818083
|gametype|singles
|player|p1|backpackio|olivia|1264
|player|p2|superchompman|170|1317
|gen|9
|tier|[Gen 9] OU
|rated|
|rule|HP Percentage Mod: HP is shown in percentages
|rule|Endless Battle Clause: Forcing endless battles is banned
|rule|Species Clause: Limit one of each Pokémon
|rule|OHKO Clause: OHKO moves are banned
|rule|Evasion Items Clause: Evasion items are banned
|rule|Evasion Moves Clause: Evasion moves are banned
|rule|Evasion Abilities Clause: Evasion abilities are banned
|rule|Sleep Moves Clause: Sleep-inducing moves are banned
|clearpoke
|poke|p1|Corviknight, M|
|poke|p1|Slowking-Galar, M|
|poke|p1|Deoxys-Speed|
|poke|p1|Ogerpon, F|
|poke|p1|Great Tusk|
|poke|p1|Darkrai|
|poke|p2|Garchomp, F|
|poke|p2|Umbreon, F|
|poke|p2|Iron Treads|
|poke|p2|Keldeo|
|poke|p2|Ogerpon, F|
|poke|p2|Slowking-Galar, F|
|teampreview
|inactive|Battle timer is ON: inactive players will automatically lose when time's up. (requested by superchompman)
|
|t:|1779818112
|teamsize|p1|6
|teamsize|p2|6
|start
|switch|p1a: Deoxys|Deoxys-Speed|100/100
|switch|p2a: Garchomp|Garchomp, F|100/100
|-ability|p1a: Deoxys|Pressure
|turn|1
|
|t:|1779818138
|switch|p2a: Umbreon|Umbreon, F|100/100
|move|p1a: Deoxys|Stealth Rock|p2a: Umbreon
|-sidestart|p2: superchompman|move: Stealth Rock
|
|upkeep
|turn|2
|
|t:|1779818145
|move|p1a: Deoxys|Spikes|p2a: Umbreon
|-sidestart|p2: superchompman|Spikes
|move|p2a: Umbreon|Foul Play|p1a: Deoxys
|-supereffective|p1a: Deoxys
|-damage|p1a: Deoxys|11/100
|
|upkeep
|turn|3
|
|t:|1779818159
|move|p1a: Deoxys|Knock Off|p2a: Umbreon
|-resisted|p2a: Umbreon
|-damage|p2a: Umbreon|94/100
|-enditem|p2a: Umbreon|Leftovers|[from] move: Knock Off|[of] p1a: Deoxys
|move|p2a: Umbreon|Foul Play|p1a: Deoxys
|-supereffective|p1a: Deoxys
|-crit|p1a: Deoxys
|-damage|p1a: Deoxys|0 fnt
|faint|p1a: Deoxys
|
|upkeep
|
|t:|1779818164
|switch|p1a: Great Tusk|Great Tusk|100/100
|turn|4
|
|t:|1779818173
|switch|p2a: Garchomp|Garchomp, F|100/100
|-damage|p2a: Garchomp|94/100|[from] Stealth Rock
|-damage|p2a: Garchomp|82/100|[from] Spikes
|move|p1a: Great Tusk|Body Press|p2a: Garchomp
|-damage|p2a: Garchomp|53/100
|-damage|p1a: Great Tusk|88/100|[from] ability: Rough Skin|[of] p2a: Garchomp
|-damage|p1a: Great Tusk|71/100|[from] item: Rocky Helmet|[of] p2a: Garchomp
|
|-heal|p1a: Great Tusk|78/100|[from] item: Leftovers
|upkeep
|turn|5
|
|t:|1779818187
|-end|p1a: Great Tusk|Protosynthesis|[silent]
|switch|p1a: Corviknight|Corviknight, M|100/100
|-ability|p1a: Corviknight|Pressure
|move|p2a: Garchomp|Dragon Tail|p1a: Corviknight
|-resisted|p1a: Corviknight
|-damage|p1a: Corviknight|92/100
|drag|p1a: Ogerpon|Ogerpon, F|100/100
|
|upkeep
|turn|6
|
|t:|1779818200
|switch|p2a: Slowking|Slowking-Galar, F|100/100
|move|p1a: Ogerpon|U-turn|p2a: Slowking
|-damage|p2a: Slowking|74/100
|
|t:|1779818222
|switch|p1a: Darkrai|Darkrai|100/100|[from] U-turn
|
|upkeep
|turn|7
|
|t:|1779818228
|switch|p2a: Umbreon|Umbreon, F|94/100
|-damage|p2a: Umbreon|82/100|[from] Stealth Rock
|-damage|p2a: Umbreon|69/100|[from] Spikes
|move|p1a: Darkrai|Dark Pulse|p2a: Umbreon
|-resisted|p2a: Umbreon
|-damage|p2a: Umbreon|53/100
|
|upkeep
|turn|8
|
|t:|1779818237
|switch|p1a: Great Tusk|Great Tusk|78/100
|move|p2a: Umbreon|Wish|p2a: Umbreon
|
|-heal|p1a: Great Tusk|84/100|[from] item: Leftovers
|upkeep
|turn|9
|inactive|superchompman has 120 seconds left.
|
|t:|1779818268
|move|p1a: Great Tusk|Body Press|p2a: Umbreon
|-supereffective|p2a: Umbreon
|-damage|p2a: Umbreon|0 fnt
|faint|p2a: Umbreon
|
|-heal|p1a: Great Tusk|90/100|[from] item: Leftovers
|upkeep
|inactive|superchompman has 120 seconds left.
|
|t:|1779818276
|switch|p2a: Keldeo|Keldeo|100/100
|-damage|p2a: Keldeo|94/100|[from] Stealth Rock
|-damage|p2a: Keldeo|82/100|[from] Spikes
|turn|10
|inactive|superchompman has 120 seconds left.
|
|t:|1779818290
|-end|p1a: Great Tusk|Protosynthesis|[silent]
|switch|p1a: Slowking|Slowking-Galar, M|100/100
|move|p2a: Keldeo|Surf|p1a: Slowking
|-damage|p1a: Slowking|59/100
|
|-heal|p1a: Slowking|65/100|[from] item: Black Sludge
|upkeep
|turn|11
|
|t:|1779818300
|-terastallize|p2a: Keldeo|Water
|move|p2a: Keldeo|Surf|p1a: Slowking
|-damage|p1a: Slowking|12/100
|-prepare|p1a: Slowking|Chilly Reception|[premajor]
|move|p1a: Slowking|Chilly Reception|p1a: Slowking
|-weather|Snowscape
|
|t:|1779818304
|switch|p1a: Ogerpon|Ogerpon, F|100/100|[from] Chilly Reception
|
|-weather|Snowscape|[upkeep]
|upkeep
|turn|12
|
|t:|1779818314
|switch|p2a: Slowking|Slowking-Galar, F|100/100
|move|p1a: Ogerpon|Horn Leech|p2a: Slowking
|-resisted|p2a: Slowking
|-damage|p2a: Slowking|77/100
|
|-weather|Snowscape|[upkeep]
|upkeep
|turn|13
|
|t:|1779818327
|switch|p1a: Slowking|Slowking-Galar, M|45/100
|move|p2a: Slowking|Ice Beam|p1a: Slowking
|-damage|p1a: Slowking|31/100
|
|-weather|Snowscape|[upkeep]
|-heal|p1a: Slowking|38/100|[from] item: Black Sludge
|upkeep
|turn|14
|
|t:|1779818336
|move|p2a: Slowking|Future Sight|p1a: Slowking
|-start|p2a: Slowking|move: Future Sight
|move|p1a: Slowking|Slack Off|p1a: Slowking
|-heal|p1a: Slowking|88/100
|
|-weather|Snowscape|[upkeep]
|-heal|p1a: Slowking|94/100|[from] item: Black Sludge
|upkeep
|turn|15
|
|t:|1779818344
|-prepare|p2a: Slowking|Chilly Reception|[premajor]
|move|p2a: Slowking|Chilly Reception|p2a: Slowking
|
|t:|1779818348
|switch|p2a: Iron Treads|Iron Treads|100/100|[from] Chilly Reception
|-damage|p2a: Iron Treads|97/100|[from] Stealth Rock
|-item|p2a: Iron Treads|Air Balloon
|move|p1a: Slowking|Future Sight|p2a: Iron Treads
|-start|p1a: Slowking|move: Future Sight
|
|-weather|none
|-heal|p1a: Slowking|99/100|[from] item: Black Sludge
|upkeep
|turn|16
|
|t:|1779818359
|move|p2a: Iron Treads|Knock Off|p1a: Slowking
|-supereffective|p1a: Slowking
|-damage|p1a: Slowking|41/100
|-enditem|p1a: Slowking|Black Sludge|[from] move: Knock Off|[of] p2a: Iron Treads
|move|p1a: Slowking|Trick|p2a: Iron Treads
|-activate|p1a: Slowking|move: Trick|[of] p2a: Iron Treads
|-enditem|p2a: Iron Treads|Air Balloon|[silent]|[from] move: Trick
|-item|p1a: Slowking|Air Balloon
|-item|p1a: Slowking|Air Balloon|[from] move: Trick
|
|-end|p1a: Slowking|move: Future Sight
|-damage|p1a: Slowking|17/100
|-enditem|p1a: Slowking|Air Balloon
|upkeep
|turn|17
|
|t:|1779818375
|switch|p1a: Corviknight|Corviknight, M|92/100
|-ability|p1a: Corviknight|Pressure
|move|p2a: Iron Treads|Knock Off|p1a: Corviknight
|-crit|p1a: Corviknight
|-damage|p1a: Corviknight|65/100
|-enditem|p1a: Corviknight|Heavy-Duty Boots|[from] move: Knock Off|[of] p2a: Iron Treads
|
|-end|p2a: Iron Treads|move: Future Sight
|-resisted|p2a: Iron Treads
|-damage|p2a: Iron Treads|68/100
|upkeep
|turn|18
|
|t:|1779818391
|move|p2a: Iron Treads|Rapid Spin|p1a: Corviknight
|-resisted|p1a: Corviknight
|-damage|p1a: Corviknight|60/100
|-boost|p2a: Iron Treads|spe|1
|-sideend|p2: superchompman|Spikes|[from] move: Rapid Spin|[of] p2a: Iron Treads
|-sideend|p2: superchompman|Stealth Rock|[from] move: Rapid Spin|[of] p2a: Iron Treads
|move|p1a: Corviknight|Body Press|p2a: Iron Treads
|-supereffective|p2a: Iron Treads
|-damage|p2a: Iron Treads|19/100
|
|upkeep
|turn|19
|
|t:|1779818402
|-end|p2a: Iron Treads|Quark Drive|[silent]
|switch|p2a: Slowking|Slowking-Galar, F|100/100
|move|p1a: Corviknight|U-turn|p2a: Slowking
|-damage|p2a: Slowking|87/100
|
|t:|1779818414
|switch|p1a: Slowking|Slowking-Galar, M|50/100|[from] U-turn
|
|upkeep
|turn|20
|
|t:|1779818422
|move|p2a: Slowking|Future Sight|p1a: Slowking
|-start|p2a: Slowking|move: Future Sight
|move|p1a: Slowking|Trick|p2a: Slowking
|-activate|p1a: Slowking|move: Trick|[of] p2a: Slowking
|-enditem|p2a: Slowking|Heavy-Duty Boots|[silent]|[from] move: Trick
|-item|p1a: Slowking|Heavy-Duty Boots|[from] move: Trick
|
|upkeep
|turn|21
|
|t:|1779818454
|-prepare|p2a: Slowking|Chilly Reception|[premajor]
|move|p2a: Slowking|Chilly Reception|p2a: Slowking
|-weather|Snowscape
|inactive|superchompman has 120 seconds left.
|
|t:|1779818466
|switch|p2a: Keldeo|Keldeo, tera:Water|82/100|[from] Chilly Reception
|move|p1a: Slowking|Slack Off|p1a: Slowking
|-heal|p1a: Slowking|99/100
|
|-weather|Snowscape|[upkeep]
|upkeep
|turn|22
|inactive|superchompman has 120 seconds left.
|
|t:|1779818484
|move|p2a: Keldeo|Surf|p1a: Slowking
|-damage|p1a: Slowking|48/100
|move|p1a: Slowking|Future Sight|p2a: Keldeo
|-start|p1a: Slowking|move: Future Sight
|
|-weather|Snowscape|[upkeep]
|-end|p1a: Slowking|move: Future Sight
|-damage|p1a: Slowking|22/100
|upkeep
|turn|23
|inactive|superchompman has 120 seconds left.
|
|t:|1779818501
|switch|p1a: Ogerpon|Ogerpon, F|100/100
|move|p2a: Keldeo|Surf|p1a: Ogerpon
|-resisted|p1a: Ogerpon
|-damage|p1a: Ogerpon|45/100
|
|-weather|Snowscape|[upkeep]
|upkeep
|turn|24
|inactive|superchompman has 120 seconds left.
|
|t:|1779818515
|switch|p2a: Garchomp|Garchomp, F|53/100
|-terastallize|p1a: Ogerpon|Grass
|detailschange|p1a: Ogerpon|Ogerpon-Teal-Tera, F, tera:Grass
|-ability|p1a: Ogerpon|Embody Aspect (Teal)|boost
|-boost|p1a: Ogerpon|spe|1
|move|p1a: Ogerpon|Horn Leech|p2a: Garchomp
|-damage|p2a: Garchomp|8/100
|-heal|p1a: Ogerpon|76/100|[from] drain|[of] p2a: Garchomp
|-damage|p1a: Ogerpon|64/100|[from] ability: Rough Skin|[of] p2a: Garchomp
|-damage|p1a: Ogerpon|47/100|[from] item: Rocky Helmet|[of] p2a: Garchomp
|
|-weather|Snowscape|[upkeep]
|-end|p2a: Garchomp|move: Future Sight
|-damage|p2a: Garchomp|0 fnt
|faint|p2a: Garchomp
|upkeep
|inactive|superchompman has 120 seconds left.
|
|t:|1779818536
|switch|p2a: Slowking|Slowking-Galar, F|100/100
|turn|25
|
|t:|1779818542
|switch|p1a: Slowking|Slowking-Galar, M|55/100
|move|p2a: Slowking|Ice Beam|p1a: Slowking
|-damage|p1a: Slowking|42/100
|-status|p1a: Slowking|frz
|
|-weather|none
|upkeep
|turn|26
|
|t:|1779818553
|switch|p2a: Iron Treads|Iron Treads|19/100
|switch|p1a: Darkrai|Darkrai|100/100
|
|upkeep
|turn|27
|
|t:|1779818560
|move|p1a: Darkrai|Dark Pulse|p2a: Iron Treads
|-damage|p2a: Iron Treads|0 fnt
|faint|p2a: Iron Treads
|-end|p2a: Iron Treads|Quark Drive|[silent]
|
|upkeep
|
|t:|1779818565
|switch|p2a: Keldeo|Keldeo, tera:Water|82/100
|turn|28
|
|t:|1779818570
|move|p2a: Keldeo|Vacuum Wave|p1a: Darkrai
|-supereffective|p1a: Darkrai
|-crit|p1a: Darkrai
|-damage|p1a: Darkrai|0 fnt
|faint|p1a: Darkrai
|
|upkeep
|
|t:|1779818574
|switch|p1a: Slowking|Slowking-Galar, M|75/100 frz
|turn|29
|
|t:|1779818578
|switch|p2a: Ogerpon|Ogerpon, F|100/100
|cant|p1a: Slowking|frz
|
|upkeep
|turn|30
|
|t:|1779818584
|switch|p1a: Corviknight|Corviknight, M|60/100
|-ability|p1a: Corviknight|Pressure
|move|p2a: Ogerpon|Knock Off|p1a: Corviknight
|-damage|p1a: Corviknight|42/100
|
|upkeep
|turn|31
|
|t:|1779818599
|switch|p2a: Slowking|Slowking-Galar, F|100/100
|move|p1a: Corviknight|Roost|p1a: Corviknight
|-heal|p1a: Corviknight|92/100
|-singleturn|p1a: Corviknight|move: Roost
|
|upkeep
|turn|32
|
|t:|1779818607
|move|p1a: Corviknight|U-turn|p2a: Slowking
|-damage|p2a: Slowking|88/100
|
|t:|1779818610
|switch|p1a: Slowking|Slowking-Galar, M|100/100 frz|[from] U-turn
|move|p2a: Slowking|Future Sight|p1a: Slowking
|-start|p2a: Slowking|move: Future Sight
|
|upkeep
|turn|33
|
|t:|1779818617
|-prepare|p2a: Slowking|Chilly Reception|[premajor]
|move|p2a: Slowking|Chilly Reception|p2a: Slowking
|-weather|Snowscape
|
|t:|1779818620
|switch|p2a: Keldeo|Keldeo, tera:Water|82/100|[from] Chilly Reception
|cant|p1a: Slowking|frz
|
|-weather|Snowscape|[upkeep]
|upkeep
|turn|34
|
|t:|1779818628
|move|p2a: Keldeo|Surf|p1a: Slowking
|-damage|p1a: Slowking|46/100 frz
|cant|p1a: Slowking|frz
|
|-weather|Snowscape|[upkeep]
|-end|p1a: Slowking|move: Future Sight
|-damage|p1a: Slowking|18/100 frz
|upkeep
|turn|35
|
|t:|1779818641
|switch|p1a: Great Tusk|Great Tusk|90/100
|move|p2a: Keldeo|Surf|p1a: Great Tusk
|-supereffective|p1a: Great Tusk
|-damage|p1a: Great Tusk|0 fnt
|faint|p1a: Great Tusk
|-end|p1a: Great Tusk|Protosynthesis|[silent]
|
|-weather|Snowscape|[upkeep]
|upkeep
|
|t:|1779818644
|switch|p1a: Ogerpon|Ogerpon-Teal-Tera, F, tera:Grass|47/100
|-ability|p1a: Ogerpon|Embody Aspect (Teal)|boost
|-boost|p1a: Ogerpon|spe|1
|turn|36
|
|t:|1779818659
|switch|p2a: Ogerpon|Ogerpon, F|100/100
|move|p1a: Ogerpon|Stomping Tantrum|p2a: Ogerpon
|-resisted|p2a: Ogerpon
|-damage|p2a: Ogerpon|77/100
|
|-weather|Snowscape|[upkeep]
|upkeep
|turn|37
|
|t:|1779818669
|switch|p1a: Corviknight|Corviknight, M|92/100
|-ability|p1a: Corviknight|Pressure
|move|p2a: Ogerpon|U-turn|p1a: Corviknight
|-resisted|p1a: Corviknight
|-damage|p1a: Corviknight|87/100
|
|t:|1779818676
|switch|p2a: Keldeo|Keldeo, tera:Water|82/100|[from] U-turn
|
|-weather|none
|upkeep
|turn|38
|
|t:|1779818682
|move|p2a: Keldeo|Surf|p1a: Corviknight
|-damage|p1a: Corviknight|0 fnt
|faint|p1a: Corviknight
|
|upkeep
|
|t:|1779818685
|switch|p1a: Ogerpon|Ogerpon-Teal-Tera, F, tera:Grass|47/100
|-ability|p1a: Ogerpon|Embody Aspect (Teal)|boost
|-boost|p1a: Ogerpon|spe|1
|turn|39
|
|t:|1779818692
|switch|p2a: Slowking|Slowking-Galar, F|100/100
|move|p1a: Ogerpon|Horn Leech|p2a: Slowking
|-resisted|p2a: Slowking
|-damage|p2a: Slowking|70/100
|-heal|p1a: Ogerpon|67/100|[from] drain|[of] p2a: Slowking
|
|upkeep
|turn|40
|
|t:|1779818703
|move|p1a: Ogerpon|Horn Leech|p2a: Slowking
|-resisted|p2a: Slowking
|-damage|p2a: Slowking|38/100
|-heal|p1a: Ogerpon|88/100|[from] drain|[of] p2a: Slowking
|move|p2a: Slowking|Future Sight|p1a: Ogerpon
|-start|p2a: Slowking|move: Future Sight
|
|upkeep
|turn|41
|
|t:|1779818720
|switch|p1a: Slowking|Slowking-Galar, M|51/100 frz
|-prepare|p2a: Slowking|Chilly Reception|[premajor]
|move|p2a: Slowking|Chilly Reception|p2a: Slowking
|-weather|Snowscape
|
|t:|1779818726
|switch|p2a: Keldeo|Keldeo, tera:Water|82/100|[from] Chilly Reception
|
|-weather|Snowscape|[upkeep]
|upkeep
|turn|42
|
|t:|1779818736
|move|p2a: Keldeo|Surf|p1a: Slowking
|-damage|p1a: Slowking|0 fnt
|faint|p1a: Slowking
|
|-weather|Snowscape|[upkeep]
|-hint|Future Sight did not hit because the target is fainted.
|upkeep
|
|t:|1779818739
|switch|p1a: Ogerpon|Ogerpon-Teal-Tera, F, tera:Grass|88/100
|-ability|p1a: Ogerpon|Embody Aspect (Teal)|boost
|-boost|p1a: Ogerpon|spe|1
|turn|43
|
|t:|1779818748
|switch|p2a: Ogerpon|Ogerpon, F|77/100
|move|p1a: Ogerpon|Wood Hammer|p2a: Ogerpon
|-resisted|p2a: Ogerpon
|-damage|p2a: Ogerpon|0 fnt
|faint|p2a: Ogerpon
|-damage|p1a: Ogerpon|63/100|[from] Recoil
|
|-weather|Snowscape|[upkeep]
|upkeep
|
|t:|1779818758
|switch|p2a: Slowking|Slowking-Galar, F|71/100
|turn|44
|
|t:|1779818762
|move|p1a: Ogerpon|Wood Hammer|p2a: Slowking
|-resisted|p2a: Slowking
|-damage|p2a: Slowking|18/100
|-damage|p1a: Ogerpon|40/100|[from] Recoil
|move|p2a: Slowking|Sludge Wave|p1a: Ogerpon
|-supereffective|p1a: Ogerpon
|-damage|p1a: Ogerpon|0 fnt
|faint|p1a: Ogerpon
|detailschange|p1: Ogerpon|Ogerpon, F|[silent]
|
|win|superchompman
|raw|backpackio's rating: 1264 &rarr; <strong>1243</strong><br />(-21 for losing)
|raw|superchompman's rating: 1317 &rarr; <strong>1334</strong><br />(+17 for winning)
|l|☆backpackio
|player|p1|
