|j|☆Inkytalk
|j|☆Booluigi
|t:|1779814609
|gametype|singles
|player|p1|Inkytalk|101|1097
|player|p2|Booluigi|1|1151
|gen|9
|tier|[Gen 9] OU
|rated|
|rule|HP Percentage Mod: HP is shown in percentages
|rule|Endless Battle Clause: Forcing endless battles is banned
|rule|Species Clause: Limit one of each Pokémon
|rule|OHKO Clause: OHKO moves are banned
|rule|Evasion Items Clause: Evasion items are banned
|rule|Evasion Moves Clause: Evasion moves are banned
|rule|Evasion Abilities Clause: Evasion abilities are banned
|rule|Sleep Moves Clause: Sleep-inducing moves are banned
|clearpoke
|poke|p1|Pelipper, M|
|poke|p1|Inteleon, M|
|poke|p1|Garchomp, M|
|poke|p1|Gardevoir, F|
|poke|p1|Rillaboom, M|
|poke|p1|Gholdengo|
|poke|p2|Rillaboom, F|
|poke|p2|Garganacl, M|
|poke|p2|Kyurem|
|poke|p2|Dragapult, M|
|poke|p2|Great Tusk|
|poke|p2|Alomomola, F|
|teampreview
|inactive|Battle timer is ON: inactive players will automatically lose when time's up. (requested by Booluigi)
|
|t:|1779814615
|teamsize|p1|6
|teamsize|p2|6
|start
|switch|p1a: Sacolão|Pelipper, M|100/100
|switch|p2a: Garganacl|Garganacl, M|100/100
|-weather|RainDance|[from] ability: Drizzle|[of] p1a: Sacolão
|turn|1
|
|t:|1779814625
|move|p1a: Sacolão|Hydro Pump|p2a: Garganacl
|-supereffective|p2a: Garganacl
|-damage|p2a: Garganacl|11/100
|move|p2a: Garganacl|Salt Cure|p1a: Sacolão
|-supereffective|p1a: Sacolão
|-damage|p1a: Sacolão|68/100
|-start|p1a: Sacolão|Salt Cure
|
|-weather|RainDance|[upkeep]
|-heal|p2a: Garganacl|17/100|[from] item: Leftovers
|-damage|p1a: Sacolão|43/100|[from] Salt Cure
|upkeep
|turn|2
|
|t:|1779814650
|move|p2a: Garganacl|Protect|p2a: Garganacl
|-singleturn|p2a: Garganacl|Protect
|move|p1a: Sacolão|Hydro Pump|p2a: Garganacl
|-activate|p2a: Garganacl|move: Protect
|
|-weather|RainDance|[upkeep]
|-heal|p2a: Garganacl|23/100|[from] item: Leftovers
|-damage|p1a: Sacolão|19/100|[from] Salt Cure
|upkeep
|turn|3
|
|t:|1779814661
|switch|p1a: Nomnom|Garchomp, M|100/100
|switch|p2a: Alomomola|Alomomola, F|100/100
|
|-weather|RainDance|[upkeep]
|upkeep
|turn|4
|
|t:|1779814676
|move|p1a: Nomnom|Dragon Claw|p2a: Alomomola
|-crit|p2a: Alomomola
|-damage|p2a: Alomomola|64/100
|move|p2a: Alomomola|Scald|p1a: Nomnom
|-damage|p1a: Nomnom|82/100
|
|-weather|RainDance|[upkeep]
|upkeep
|turn|5
|
|t:|1779814687
|move|p1a: Nomnom|Double-Edge|p2a: Alomomola
|-crit|p2a: Alomomola
|-damage|p2a: Alomomola|28/100
|-damage|p1a: Nomnom|67/100|[from] Recoil
|move|p2a: Alomomola|Wish|p2a: Alomomola
|
|-weather|RainDance|[upkeep]
|upkeep
|turn|6
|
|t:|1779814702
|move|p2a: Alomomola|Protect|p2a: Alomomola
|-singleturn|p2a: Alomomola|Protect
|move|p1a: Nomnom|Dragon Claw|p2a: Alomomola
|-activate|p2a: Alomomola|move: Protect
|
|-weather|RainDance|[upkeep]
|-heal|p2a: Alomomola|78/100|[from] move: Wish|[wisher] Alomomola
|upkeep
|turn|7
|
|t:|1779814716
|switch|p1a: Masqueico|Rillaboom, M|100/100
|-fieldstart|move: Grassy Terrain|[from] ability: Grassy Surge|[of] p1a: Masqueico
|move|p2a: Alomomola|Scald|p1a: Masqueico
|-resisted|p1a: Masqueico
|-damage|p1a: Masqueico|93/100
|
|-weather|RainDance|[upkeep]
|-heal|p1a: Masqueico|99/100|[from] Grassy Terrain
|-heal|p2a: Alomomola|84/100|[from] Grassy Terrain
|upkeep
|turn|8
|
|t:|1779814733
|move|p2a: Alomomola|Protect|p2a: Alomomola
|-singleturn|p2a: Alomomola|Protect
|move|p1a: Masqueico|Wood Hammer|p2a: Alomomola
|-activate|p2a: Alomomola|move: Protect
|
|-weather|none
|-heal|p1a: Masqueico|100/100|[from] Grassy Terrain
|-heal|p2a: Alomomola|91/100|[from] Grassy Terrain
|upkeep
|turn|9
|l|☆Booluigi
|inactive|Booluigi disconnected and has a minute to reconnect!
|player|p2|
|inactive|Booluigi has 30 seconds to reconnect!
|j|☆Booluigi
|inactive|Booluigi reconnected and has 105 seconds left.
|player|p2|Booluigi|1|
|
|t:|1779814786
|switch|p2a: Rillaboom|Rillaboom, F|100/100
|move|p1a: Masqueico|Wood Hammer|p2a: Rillaboom
|-resisted|p2a: Rillaboom
|-crit|p2a: Rillaboom
|-damage|p2a: Rillaboom|39/100
|-damage|p1a: Masqueico|82/100|[from] Recoil
|
|-heal|p2a: Rillaboom|45/100|[from] Grassy Terrain
|-heal|p1a: Masqueico|88/100|[from] Grassy Terrain
|upkeep
|turn|10
|inactive|Booluigi has 90 seconds left.
|
|t:|1779814802
|move|p2a: Rillaboom|U-turn|p1a: Masqueico
|-supereffective|p1a: Masqueico
|-damage|p1a: Masqueico|10/100
|inactive|Booluigi has 90 seconds left.
|
|t:|1779814808
|switch|p2a: Dragapult|Dragapult, M|100/100|[from] U-turn
|move|p1a: Masqueico|U-turn|p2a: Dragapult
|-resisted|p2a: Dragapult
|-damage|p2a: Dragapult|85/100
|-start|p1a: Masqueico|Disable|U-turn|[from] ability: Cursed Body|[of] p2a: Dragapult
|inactive|Inkytalk has 120 seconds left.
|
|t:|1779814832
|switch|p1a: Gostosa|Gardevoir, F|100/100|[from] U-turn
|
|-heal|p2a: Dragapult|91/100|[from] Grassy Terrain
|-heal|p2a: Dragapult|97/100|[from] item: Leftovers
|upkeep
|turn|11
|inactive|Inkytalk has 120 seconds left.
|
|t:|1779814840
|move|p2a: Dragapult|U-turn|p1a: Gostosa
|-damage|p1a: Gostosa|77/100
|
|t:|1779814843
|switch|p2a: Alomomola|Alomomola, F|100/100|[from] U-turn
|move|p1a: Gostosa|Moonblast|p2a: Alomomola
|-damage|p2a: Alomomola|59/100
|
|-heal|p1a: Gostosa|83/100|[from] Grassy Terrain
|-heal|p1a: Gostosa|89/100|[from] item: Leftovers
|-heal|p2a: Alomomola|65/100|[from] Grassy Terrain
|-fieldend|move: Grassy Terrain
|upkeep
|turn|12
|
|t:|1779814854
|move|p1a: Gostosa|Thunderbolt|p2a: Alomomola
|-supereffective|p2a: Alomomola
|-damage|p2a: Alomomola|8/100
|move|p2a: Alomomola|Flip Turn|p1a: Gostosa
|-damage|p1a: Gostosa|67/100
|
|t:|1779814863
|switch|p2a: Rillaboom|Rillaboom, F|45/100|[from] Flip Turn
|-fieldstart|move: Grassy Terrain|[from] ability: Grassy Surge|[of] p2a: Rillaboom
|
|-heal|p2a: Rillaboom|51/100|[from] Grassy Terrain
|-heal|p1a: Gostosa|73/100|[from] Grassy Terrain
|-heal|p1a: Gostosa|79/100|[from] item: Leftovers
|upkeep
|turn|13
|inactive|Inkytalk has 120 seconds left.
|
|t:|1779814885
|move|p2a: Rillaboom|Grassy Glide|p1a: Gostosa
|-damage|p1a: Gostosa|0 fnt
|faint|p1a: Gostosa
|
|-heal|p2a: Rillaboom|57/100|[from] Grassy Terrain
|upkeep
|inactive|Inkytalk has 120 seconds left.
|
|t:|1779814906
|switch|p1a: Happy nation|Gholdengo|100/100
|turn|14
|inactive|Booluigi has 120 seconds left.
|
|t:|1779814920
|switch|p2a: Alomomola|Alomomola, F|41/100
|move|p1a: Happy nation|Make It Rain|p2a: Alomomola
|-resisted|p2a: Alomomola
|-damage|p2a: Alomomola|11/100
|-unboost|p1a: Happy nation|spa|1
|
|-heal|p2a: Alomomola|17/100|[from] Grassy Terrain
|upkeep
|turn|15
|inactive|Booluigi has 120 seconds left.
|
|t:|1779814937
|move|p1a: Happy nation|Shadow Ball|p2a: Alomomola
|-crit|p2a: Alomomola
|-damage|p2a: Alomomola|0 fnt
|faint|p2a: Alomomola
|
|upkeep
|inactive|Booluigi has 120 seconds left.
|
|t:|1779814944
|switch|p2a: Rillaboom|Rillaboom, F|57/100
|turn|16
|
|t:|1779814971
|move|p2a: Rillaboom|Knock Off|p1a: Happy nation
|-supereffective|p1a: Happy nation
|-damage|p1a: Happy nation|1/100
|-enditem|p1a: Happy nation|Leftovers|[from] move: Knock Off|[of] p2a: Rillaboom
|move|p1a: Happy nation|Make It Rain|p2a: Rillaboom
|-damage|p2a: Rillaboom|0 fnt
|-unboost|p1a: Happy nation|spa|1
|faint|p2a: Rillaboom
|
|-heal|p1a: Happy nation|7/100|[from] Grassy Terrain
|-fieldend|move: Grassy Terrain
|upkeep
|inactive|Booluigi has 120 seconds left.
|
|t:|1779814992
|switch|p2a: Great Tusk|Great Tusk|100/100
|turn|17
|inactive|Booluigi has 120 seconds left.
|
|t:|1779815003
|move|p1a: Happy nation|Psychic|p2a: Great Tusk
|-supereffective|p2a: Great Tusk
|-damage|p2a: Great Tusk|61/100
|move|p2a: Great Tusk|Knock Off|p1a: Happy nation
|-supereffective|p1a: Happy nation
|-damage|p1a: Happy nation|0 fnt
|faint|p1a: Happy nation
|
|upkeep
|
|t:|1779815015
|switch|p1a: Masqueico|Rillaboom, M|10/100
|-fieldstart|move: Grassy Terrain|[from] ability: Grassy Surge|[of] p1a: Masqueico
|turn|18
|inactive|Booluigi has 120 seconds left.
|
|t:|1779815036
|-end|p2a: Great Tusk|Protosynthesis|[silent]
|switch|p2a: Garganacl|Garganacl, M|23/100
|move|p1a: Masqueico|Wood Hammer|p2a: Garganacl
|-supereffective|p2a: Garganacl
|-damage|p2a: Garganacl|0 fnt
|faint|p2a: Garganacl
|-damage|p1a: Masqueico|2/100|[from] Recoil
|
|-heal|p1a: Masqueico|8/100|[from] Grassy Terrain
|upkeep
|
|t:|1779815048
|switch|p2a: Dragapult|Dragapult, M|97/100
|turn|19
|inactive|Inkytalk has 90 seconds left.
|
|t:|1779815100
|move|p2a: Dragapult|U-turn|p1a: Masqueico
|-supereffective|p1a: Masqueico
|-damage|p1a: Masqueico|0 fnt
|faint|p1a: Masqueico
|inactive|Booluigi has 120 seconds left.
|
|t:|1779815110
|switch|p2a: Great Tusk|Great Tusk|61/100|[from] U-turn
|
|-heal|p2a: Great Tusk|68/100|[from] Grassy Terrain
|upkeep
|
|t:|1779815119
|switch|p1a: Sacolão|Pelipper, M|19/100
|-weather|RainDance|[from] ability: Drizzle|[of] p1a: Sacolão
|turn|20
|
|t:|1779815127
|move|p2a: Great Tusk|Knock Off|p1a: Sacolão
|-damage|p1a: Sacolão|0 fnt
|-enditem|p1a: Sacolão|Damp Rock|[from] move: Knock Off|[of] p2a: Great Tusk
|faint|p1a: Sacolão
|
|-weather|RainDance|[upkeep]
|-heal|p2a: Great Tusk|74/100|[from] Grassy Terrain
|upkeep
|
|t:|1779815134
|switch|p1a: Bond|Inteleon, M|100/100
|turn|21
|
|t:|1779815139
|move|p1a: Bond|Snipe Shot|p2a: Great Tusk
|-supereffective|p2a: Great Tusk
|-damage|p2a: Great Tusk|0 fnt
|faint|p2a: Great Tusk
|-end|p2a: Great Tusk|Protosynthesis|[silent]
|
|-weather|RainDance|[upkeep]
|upkeep
|
|t:|1779815144
|switch|p2a: Kyurem|Kyurem|100/100
|-ability|p2a: Kyurem|Pressure
|turn|22
|inactive|Inkytalk has 90 seconds left.
|
|t:|1779815171
|move|p1a: Bond|Vacuum Wave|p2a: Kyurem
|-supereffective|p2a: Kyurem
|-damage|p2a: Kyurem|76/100
|move|p2a: Kyurem|Freeze-Dry|p1a: Bond
|-supereffective|p1a: Bond
|-damage|p1a: Bond|6/100
|
|-weather|RainDance|[upkeep]
|-heal|p2a: Kyurem|82/100|[from] Grassy Terrain
|-heal|p1a: Bond|12/100|[from] Grassy Terrain
|-heal|p1a: Bond|18/100|[from] item: Leftovers
|-fieldend|move: Grassy Terrain
|upkeep
|turn|23
|
|t:|1779815185
|move|p2a: Kyurem|Substitute|p2a: Kyurem
|-start|p2a: Kyurem|Substitute
|-damage|p2a: Kyurem|58/100
|move|p1a: Bond|Ice Beam|p2a: Kyurem
|-end|p2a: Kyurem|Substitute
|
|-weather|RainDance|[upkeep]
|-heal|p1a: Bond|24/100|[from] item: Leftovers
|upkeep
|turn|24
|
|t:|1779815197
|move|p2a: Kyurem|Freeze-Dry|p1a: Bond
|-supereffective|p1a: Bond
|-damage|p1a: Bond|0 fnt
|faint|p1a: Bond
|
|-weather|RainDance|[upkeep]
|upkeep
|
|t:|1779815203
|switch|p1a: Nomnom|Garchomp, M|67/100
|turn|25
|
|t:|1779815208
|move|p2a: Kyurem|Freeze-Dry|p1a: Nomnom
|-supereffective|p1a: Nomnom
|-damage|p1a: Nomnom|0 fnt
|faint|p1a: Nomnom
|
|win|Booluigi
|raw|Inkytalk's rating: 1097 &rarr; <strong>1076</strong><br />(-21 for losing)
|raw|Booluigi's rating: 1151 &rarr; <strong>1172</strong><br />(+21 for winning)
|c|☆Inkytalk|gg
|l|☆Inkytalk
|player|p1|
