|j|☆ArchStanton47
|j|☆t1max
|t:|1779901253
|gametype|singles
|player|p1|ArchStanton47|ethan-pokeathlon|1359
|player|p2|t1max|skierf|1402
|gen|9
|tier|[Gen 9] OU
|rated|
|rule|HP Percentage Mod: HP is shown in percentages
|rule|Endless Battle Clause: Forcing endless battles is banned
|rule|Species Clause: Limit one of each Pokémon
|rule|OHKO Clause: OHKO moves are banned
|rule|Evasion Items Clause: Evasion items are banned
|rule|Evasion Moves Clause: Evasion moves are banned
|rule|Evasion Abilities Clause: Evasion abilities are banned
|rule|Sleep Moves Clause: Sleep-inducing moves are banned
|clearpoke
|poke|p1|Weezing-Galar, M|
|poke|p1|Hitmonlee, M|
|poke|p1|Hydrapple, F|
|poke|p1|Landorus-Therian, M|
|poke|p1|Primarina, M|
|poke|p1|Kyurem|
|poke|p2|Regidrago|
|poke|p2|Regice|
|poke|p2|Regigigas|
|poke|p2|Regirock|
|poke|p2|Registeel|
|poke|p2|Regieleki|
|teampreview
|
|t:|1779901270
|teamsize|p1|6
|teamsize|p2|6
|start
|switch|p1a: Weezing|Weezing-Galar, M|100/100
|switch|p2a: Regice|Regice|100/100
|-fieldstart|move: Misty Terrain|[from] ability: Misty Surge|[of] p1a: Weezing
|turn|1
|
|t:|1779901281
|move|p1a: Weezing|Clear Smog|p2a: Regice
|-damage|p2a: Regice|90/100
|-clearboost|p2a: Regice
|move|p2a: Regice|Gravity|p2a: Regice
|-fieldstart|move: Gravity
|
|upkeep
|turn|2
|
|t:|1779901292
|switch|p1a: Primarina|Primarina, M|100/100
|move|p2a: Regice|Blizzard|p1a: Primarina
|-resisted|p1a: Primarina
|-crit|p1a: Primarina
|-damage|p1a: Primarina|76/100
|
|upkeep
|turn|3
|
|t:|1779901297
|move|p1a: Primarina|Light Screen|p1a: Primarina
|-sidestart|p1: ArchStanton47|move: Light Screen
|move|p2a: Regice|Thunder|p1a: Primarina
|-supereffective|p1a: Primarina
|-damage|p1a: Primarina|56/100
|
|upkeep
|turn|4
|
|t:|1779901307
|move|p1a: Primarina|Flip Turn|p2a: Regice
|-damage|p2a: Regice|76/100
|
|t:|1779901317
|switch|p1a: Hitmonlee|Hitmonlee, M|100/100|[from] Flip Turn
|-enditem|p1a: Hitmonlee|Misty Seed
|-boost|p1a: Hitmonlee|spd|1|[from] item: Misty Seed
|move|p2a: Regice|Thunder|p1a: Hitmonlee
|-crit|p1a: Hitmonlee
|-damage|p1a: Hitmonlee|33/100
|
|upkeep
|turn|5
|
|t:|1779901342
|move|p1a: Hitmonlee|Swords Dance|p1a: Hitmonlee
|-boost|p1a: Hitmonlee|atk|2
|move|p2a: Regice|Blizzard|p1a: Hitmonlee
|-damage|p1a: Hitmonlee|10/100
|
|-fieldend|move: Gravity
|upkeep
|turn|6
|
|t:|1779901354
|move|p1a: Hitmonlee|High Jump Kick|p2a: Regice
|-supereffective|p2a: Regice
|-damage|p2a: Regice|0 fnt
|faint|p2a: Regice
|
|upkeep
|
|t:|1779901363
|switch|p2a: Regieleki|Regieleki|100/100
|turn|7
|
|t:|1779901368
|move|p2a: Regieleki|Protect|p2a: Regieleki
|-singleturn|p2a: Regieleki|Protect
|move|p1a: Hitmonlee|High Jump Kick|p2a: Regieleki
|-activate|p2a: Regieleki|move: Protect
|-damage|p1a: Hitmonlee|0 fnt|[from] highjumpkick
|faint|p1a: Hitmonlee
|
|upkeep
|
|t:|1779901375
|switch|p1a: Landorus|Landorus-Therian, M|100/100
|-ability|p1a: Landorus|Intimidate|boost
|-unboost|p2a: Regieleki|atk|1
|turn|8
|
|t:|1779901383
|switch|p2a: Regigigas|Regigigas|100/100
|-start|p2a: Regigigas|ability: Slow Start
|move|p1a: Landorus|U-turn|p2a: Regigigas
|-damage|p2a: Regigigas|79/100
|
|t:|1779901389
|switch|p1a: Hydrapple|Hydrapple, F|100/100|[from] U-turn
|
|-heal|p2a: Regigigas|86/100|[from] item: Leftovers
|-fieldend|Misty Terrain
|upkeep
|turn|9
|
|t:|1779901400
|move|p1a: Hydrapple|Nasty Plot|p1a: Hydrapple
|-boost|p1a: Hydrapple|spa|2
|move|p2a: Regigigas|Knock Off|p1a: Hydrapple
|-damage|p1a: Hydrapple|88/100
|-enditem|p1a: Hydrapple|Eject Pack|[from] move: Knock Off|[of] p2a: Regigigas
|
|-heal|p2a: Regigigas|92/100|[from] item: Leftovers
|upkeep
|turn|10
|
|t:|1779901411
|move|p1a: Hydrapple|Leaf Storm|p2a: Regigigas
|-damage|p2a: Regigigas|0 fnt
|-unboost|p1a: Hydrapple|spa|2
|faint|p2a: Regigigas
|-end|p2a: Regigigas|Slow Start|[silent]
|
|-sideend|p1: ArchStanton47|move: Light Screen
|upkeep
|
|t:|1779901422
|switch|p2a: Regidrago|Regidrago|100/100
|turn|11
|
|t:|1779901438
|switch|p2a: Regieleki|Regieleki|100/100
|switch|p1a: Primarina|Primarina, M|56/100
|
|upkeep
|turn|12
|
|t:|1779901457
|switch|p2a: Regirock|Regirock|100/100
|switch|p1a: Landorus|Landorus-Therian, M|100/100
|-ability|p1a: Landorus|Intimidate|boost
|-unboost|p2a: Regirock|atk|1
|
|upkeep
|turn|13
|
|t:|1779901467
|move|p1a: Landorus|Earthquake|p2a: Regirock
|-supereffective|p2a: Regirock
|-damage|p2a: Regirock|54/100
|move|p2a: Regirock|Thunder Wave|p1a: Landorus
|-immune|p1a: Landorus
|
|-heal|p2a: Regirock|60/100|[from] item: Leftovers
|upkeep
|turn|14
|
|t:|1779901475
|move|p1a: Landorus|Earthquake|p2a: Regirock
|-supereffective|p2a: Regirock
|-damage|p2a: Regirock|17/100
|move|p2a: Regirock|Body Press|p1a: Landorus
|-resisted|p1a: Landorus
|-damage|p1a: Landorus|74/100
|
|-heal|p2a: Regirock|23/100|[from] item: Leftovers
|upkeep
|turn|15
|
|t:|1779901491
|move|p1a: Landorus|Earthquake|p2a: Regirock
|-supereffective|p2a: Regirock
|-damage|p2a: Regirock|0 fnt
|faint|p2a: Regirock
|
|upkeep
|
|t:|1779901520
|switch|p2a: Regidrago|Regidrago|100/100
|turn|16
|
|t:|1779901526
|move|p1a: Landorus|Earthquake|p2a: Regidrago
|-damage|p2a: Regidrago|37/100
|move|p2a: Regidrago|Earthquake|p1a: Landorus
|-immune|p1a: Landorus
|
|upkeep
|turn|17
|
|t:|1779901532
|switch|p2a: Registeel|Registeel|100/100
|move|p1a: Landorus|Earthquake|p2a: Registeel
|-supereffective|p2a: Registeel
|-crit|p2a: Registeel
|-damage|p2a: Registeel|0 fnt
|faint|p2a: Registeel
|
|upkeep
|-message|t1max forfeited.
|
|win|ArchStanton47
|raw|ArchStanton47's rating: 1359 &rarr; <strong>1381</strong><br />(+22 for winning)
|raw|t1max's rating: 1402 &rarr; <strong>1380</strong><br />(-22 for losing)
|l|☆t1max
|player|p2|
|l|☆ArchStanton47
|player|p1|
