|j|‽bladegalaxy
|j|☆tecerdo
|t:|1779885313
|gametype|singles
|player|p1|bladegalaxy|102|1529
|player|p2|tecerdo|gentleman-gen4dp|1468
|gen|9
|tier|[Gen 9] OU
|rated|
|rule|HP Percentage Mod: HP is shown in percentages
|rule|Endless Battle Clause: Forcing endless battles is banned
|rule|Species Clause: Limit one of each Pokémon
|rule|OHKO Clause: OHKO moves are banned
|rule|Evasion Items Clause: Evasion items are banned
|rule|Evasion Moves Clause: Evasion moves are banned
|rule|Evasion Abilities Clause: Evasion abilities are banned
|rule|Sleep Moves Clause: Sleep-inducing moves are banned
|clearpoke
|poke|p1|Kyurem|
|poke|p1|Rillaboom, M|
|poke|p1|Garganacl, M|
|poke|p1|Pecharunt|
|poke|p1|Iron Treads|
|poke|p1|Zamazenta-*|
|poke|p2|Pelipper, M|
|poke|p2|Beartic, F|
|poke|p2|Barraskewda, M|
|poke|p2|Bellibolt, M|
|poke|p2|Toxicroak, F|
|poke|p2|Iron Treads|
|teampreview
|inactive|Battle timer is ON: inactive players will automatically lose when time's up. (requested by tecerdo)
|j| tiantianjun
|l| tiantianjun
|
|t:|1779885327
|teamsize|p1|6
|teamsize|p2|6
|start
|switch|p1a: Kyurem|Kyurem|100/100
|switch|p2a: Iron Treads|Iron Treads|100/100
|-ability|p1a: Kyurem|Pressure
|turn|1
|j| tiantianjun
|
|t:|1779885333
|move|p2a: Iron Treads|Earthquake|p1a: Kyurem
|-damage|p1a: Kyurem|62/100
|move|p1a: Kyurem|Earth Power|p2a: Iron Treads
|-supereffective|p2a: Iron Treads
|-damage|p2a: Iron Treads|34/100
|
|-heal|p1a: Kyurem|69/100|[from] item: Leftovers
|upkeep
|turn|2
|
|t:|1779885342
|switch|p1a: Rillaboom|Rillaboom, M|100/100
|-fieldstart|move: Grassy Terrain|[from] ability: Grassy Surge|[of] p1a: Rillaboom
|move|p2a: Iron Treads|Earthquake|p1a: Rillaboom
|-resisted|p1a: Rillaboom
|-damage|p1a: Rillaboom|90/100
|
|-heal|p2a: Iron Treads|41/100|[from] Grassy Terrain
|-heal|p1a: Rillaboom|96/100|[from] Grassy Terrain
|upkeep
|turn|3
|
|t:|1779885351
|-end|p2a: Iron Treads|Quark Drive|[silent]
|switch|p2a: Toxicroak|Toxicroak, F|100/100
|move|p1a: Rillaboom|Grassy Glide|p2a: Toxicroak
|-resisted|p2a: Toxicroak
|-damage|p2a: Toxicroak|74/100
|-damage|p1a: Rillaboom|80/100|[from] item: Rocky Helmet|[of] p2a: Toxicroak
|
|-heal|p1a: Rillaboom|86/100|[from] Grassy Terrain
|-heal|p2a: Toxicroak|80/100|[from] Grassy Terrain
|upkeep
|turn|4
|
|t:|1779885356
|switch|p1a: Pecharunt|Pecharunt|100/100
|move|p2a: Toxicroak|Knock Off|p1a: Pecharunt
|-supereffective|p1a: Pecharunt
|-damage|p1a: Pecharunt|71/100
|-enditem|p1a: Pecharunt|Heavy-Duty Boots|[from] move: Knock Off|[of] p2a: Toxicroak
|
|-heal|p1a: Pecharunt|77/100|[from] Grassy Terrain
|-heal|p2a: Toxicroak|86/100|[from] Grassy Terrain
|upkeep
|turn|5
|
|t:|1779885363
|switch|p2a: Iron Treads|Iron Treads|41/100
|move|p1a: Pecharunt|Parting Shot|p2a: Iron Treads
|-unboost|p2a: Iron Treads|atk|1
|-unboost|p2a: Iron Treads|spa|1
|
|t:|1779885370
|switch|p1a: Iron Treads|Iron Treads|100/100|[from] Parting Shot
|
|-heal|p2a: Iron Treads|47/100|[from] Grassy Terrain
|upkeep
|turn|6
|
|t:|1779885376
|-end|p2a: Iron Treads|Quark Drive|[silent]
|switch|p2a: Pelipper|Pelipper, M|100/100
|-weather|RainDance|[from] ability: Drizzle|[of] p2a: Pelipper
|move|p1a: Iron Treads|Rapid Spin|p2a: Pelipper
|-damage|p2a: Pelipper|89/100
|-boost|p1a: Iron Treads|spe|1
|
|-weather|RainDance|[upkeep]
|-fieldend|move: Grassy Terrain
|upkeep
|turn|7
|
|t:|1779885383
|move|p1a: Iron Treads|Knock Off|p2a: Pelipper
|-damage|p2a: Pelipper|64/100
|-enditem|p2a: Pelipper|Damp Rock|[from] move: Knock Off|[of] p1a: Iron Treads
|move|p2a: Pelipper|U-turn|p1a: Iron Treads
|-resisted|p1a: Iron Treads
|-damage|p1a: Iron Treads|97/100
|
|t:|1779885386
|switch|p2a: Barraskewda|Barraskewda, M|100/100|[from] U-turn
|
|-weather|RainDance|[upkeep]
|upkeep
|turn|8
|
|t:|1779885398
|-end|p1a: Iron Treads|Quark Drive|[silent]
|switch|p1a: Rillaboom|Rillaboom, M|86/100
|-fieldstart|move: Grassy Terrain|[from] ability: Grassy Surge|[of] p1a: Rillaboom
|move|p2a: Barraskewda|Liquidation|p1a: Rillaboom
|-resisted|p1a: Rillaboom
|-damage|p1a: Rillaboom|33/100
|
|-weather|RainDance|[upkeep]
|-heal|p1a: Rillaboom|39/100|[from] Grassy Terrain
|upkeep
|turn|9
|
|t:|1779885405
|switch|p2a: Toxicroak|Toxicroak, F|86/100
|move|p1a: Rillaboom|Knock Off|p2a: Toxicroak
|-resisted|p2a: Toxicroak
|-damage|p2a: Toxicroak|61/100
|-damage|p1a: Rillaboom|23/100|[from] item: Rocky Helmet|[of] p2a: Toxicroak
|-enditem|p2a: Toxicroak|Rocky Helmet|[from] move: Knock Off|[of] p1a: Rillaboom
|
|-weather|RainDance|[upkeep]
|-heal|p2a: Toxicroak|74/100|[from] ability: Dry Skin
|-heal|p1a: Rillaboom|29/100|[from] Grassy Terrain
|-heal|p2a: Toxicroak|80/100|[from] Grassy Terrain
|upkeep
|turn|10
|
|t:|1779885415
|switch|p1a: Pecharunt|Pecharunt|77/100
|move|p2a: Toxicroak|Knock Off|p1a: Pecharunt
|-supereffective|p1a: Pecharunt
|-damage|p1a: Pecharunt|57/100
|
|-weather|RainDance|[upkeep]
|-heal|p2a: Toxicroak|92/100|[from] ability: Dry Skin
|-heal|p1a: Pecharunt|64/100|[from] Grassy Terrain
|-heal|p2a: Toxicroak|99/100|[from] Grassy Terrain
|upkeep
|turn|11
|
|t:|1779885418
|switch|p2a: Iron Treads|Iron Treads|47/100
|move|p1a: Pecharunt|Recover|p1a: Pecharunt
|-heal|p1a: Pecharunt|100/100
|
|-weather|RainDance|[upkeep]
|-heal|p2a: Iron Treads|53/100|[from] Grassy Terrain
|upkeep
|turn|12
|
|t:|1779885425
|switch|p1a: Iron Treads|Iron Treads|97/100
|move|p2a: Iron Treads|Stealth Rock|p1a: Iron Treads
|-sidestart|p1: bladegalaxy|move: Stealth Rock
|
|-weather|RainDance|[upkeep]
|-heal|p2a: Iron Treads|59/100|[from] Grassy Terrain
|-heal|p1a: Iron Treads|100/100|[from] Grassy Terrain
|-fieldend|move: Grassy Terrain
|upkeep
|turn|13
|
|t:|1779885429
|move|p2a: Iron Treads|Earthquake|p1a: Iron Treads
|-supereffective|p1a: Iron Treads
|-damage|p1a: Iron Treads|33/100
|move|p1a: Iron Treads|Rapid Spin|p2a: Iron Treads
|-resisted|p2a: Iron Treads
|-damage|p2a: Iron Treads|53/100
|-boost|p1a: Iron Treads|spe|1
|-sideend|p1: bladegalaxy|Stealth Rock|[from] move: Rapid Spin|[of] p1a: Iron Treads
|
|-weather|none
|upkeep
|turn|14
|
|t:|1779885433
|-end|p2a: Iron Treads|Quark Drive|[silent]
|switch|p2a: Pelipper|Pelipper, M|64/100
|-weather|RainDance|[from] ability: Drizzle|[of] p2a: Pelipper
|move|p1a: Iron Treads|High Horsepower|p2a: Pelipper
|-immune|p2a: Pelipper
|
|-weather|RainDance|[upkeep]
|upkeep
|turn|15
|
|t:|1779885436
|move|p1a: Iron Treads|Ice Spinner|p2a: Pelipper
|-damage|p2a: Pelipper|46/100
|move|p2a: Pelipper|Roost|p2a: Pelipper
|-heal|p2a: Pelipper|96/100
|-singleturn|p2a: Pelipper|move: Roost
|
|-weather|RainDance|[upkeep]
|upkeep
|turn|16
|
|t:|1779885441
|-end|p1a: Iron Treads|Quark Drive|[silent]
|switch|p1a: Garganacl|Garganacl, M|100/100
|move|p2a: Pelipper|Weather Ball|p1a: Garganacl
|-supereffective|p1a: Garganacl
|-damage|p1a: Garganacl|36/100
|
|-weather|RainDance|[upkeep]
|-heal|p1a: Garganacl|42/100|[from] item: Leftovers
|upkeep
|turn|17
|l| tiantianjun
|
|t:|1779885447
|move|p1a: Garganacl|Protect|p1a: Garganacl
|-singleturn|p1a: Garganacl|Protect
|move|p2a: Pelipper|Weather Ball|p1a: Garganacl
|-activate|p1a: Garganacl|move: Protect
|
|-weather|RainDance|[upkeep]
|-heal|p1a: Garganacl|49/100|[from] item: Leftovers
|upkeep
|turn|18
|
|t:|1779885458
|-terastallize|p1a: Garganacl|Water
|move|p2a: Pelipper|Weather Ball|p1a: Garganacl
|-resisted|p1a: Garganacl
|-damage|p1a: Garganacl|32/100
|move|p1a: Garganacl|Recover|p1a: Garganacl
|-heal|p1a: Garganacl|82/100
|
|-weather|none
|-heal|p1a: Garganacl|88/100|[from] item: Leftovers
|upkeep
|turn|19
|
|t:|1779885466
|switch|p2a: Iron Treads|Iron Treads|53/100
|move|p1a: Garganacl|Salt Cure|p2a: Iron Treads
|-resisted|p2a: Iron Treads
|-damage|p2a: Iron Treads|50/100
|-start|p2a: Iron Treads|Salt Cure
|
|-heal|p1a: Garganacl|94/100|[from] item: Leftovers
|-damage|p2a: Iron Treads|25/100|[from] Salt Cure
|upkeep
|turn|20
|
|t:|1779885471
|move|p2a: Iron Treads|Stealth Rock|p1a: Garganacl
|-sidestart|p1: bladegalaxy|move: Stealth Rock
|move|p1a: Garganacl|Stealth Rock|p2a: Iron Treads
|-sidestart|p2: tecerdo|move: Stealth Rock
|
|-heal|p1a: Garganacl|100/100|[from] item: Leftovers
|-damage|p2a: Iron Treads|0 fnt|[from] Salt Cure
|faint|p2a: Iron Treads
|-end|p2a: Iron Treads|Quark Drive|[silent]
|upkeep
|
|t:|1779885476
|switch|p2a: Bellibolt|Bellibolt, M|100/100
|-damage|p2a: Bellibolt|88/100|[from] Stealth Rock
|turn|21
|
|t:|1779885483
|switch|p1a: Iron Treads|Iron Treads|33/100
|-damage|p1a: Iron Treads|30/100|[from] Stealth Rock
|move|p2a: Bellibolt|Volt Switch|p1a: Iron Treads
|-immune|p1a: Iron Treads
|
|upkeep
|turn|22
|
|t:|1779885488
|switch|p2a: Pelipper|Pelipper, M|96/100
|-damage|p2a: Pelipper|71/100|[from] Stealth Rock
|-weather|RainDance|[from] ability: Drizzle|[of] p2a: Pelipper
|move|p1a: Iron Treads|Rapid Spin|p2a: Pelipper
|-damage|p2a: Pelipper|58/100
|-boost|p1a: Iron Treads|spe|1
|-sideend|p1: bladegalaxy|Stealth Rock|[from] move: Rapid Spin|[of] p1a: Iron Treads
|
|-weather|RainDance|[upkeep]
|upkeep
|turn|23
|
|t:|1779885494
|-end|p1a: Iron Treads|Quark Drive|[silent]
|switch|p1a: Pecharunt|Pecharunt|100/100
|move|p2a: Pelipper|U-turn|p1a: Pecharunt
|-resisted|p1a: Pecharunt
|-damage|p1a: Pecharunt|99/100
|
|t:|1779885499
|switch|p2a: Bellibolt|Bellibolt, M|88/100|[from] U-turn
|-damage|p2a: Bellibolt|76/100|[from] Stealth Rock
|
|-weather|RainDance|[upkeep]
|upkeep
|turn|24
|
|t:|1779885504
|move|p1a: Pecharunt|Parting Shot|p2a: Bellibolt
|-unboost|p2a: Bellibolt|atk|1
|-unboost|p2a: Bellibolt|spa|1
|
|t:|1779885509
|switch|p1a: Kyurem|Kyurem|69/100|[from] Parting Shot
|-ability|p1a: Kyurem|Pressure
|move|p2a: Bellibolt|Thunder|p1a: Kyurem
|-resisted|p1a: Kyurem
|-damage|p1a: Kyurem|53/100
|
|-weather|RainDance|[upkeep]
|-heal|p1a: Kyurem|59/100|[from] item: Leftovers
|upkeep
|turn|25
|
|t:|1779885518
|move|p1a: Kyurem|Substitute|p1a: Kyurem
|-start|p1a: Kyurem|Substitute
|-damage|p1a: Kyurem|34/100
|move|p2a: Bellibolt|Volt Switch|p1a: Kyurem
|-resisted|p1a: Kyurem
|-activate|p1a: Kyurem|move: Substitute|[damage]
|
|t:|1779885522
|switch|p2a: Beartic|Beartic, F|100/100|[from] Volt Switch
|-damage|p2a: Beartic|76/100|[from] Stealth Rock
|
|-weather|RainDance|[upkeep]
|-heal|p1a: Kyurem|40/100|[from] item: Leftovers
|upkeep
|turn|26
|
|t:|1779885525
|move|p1a: Kyurem|Protect|p1a: Kyurem
|-singleturn|p1a: Kyurem|Protect
|move|p2a: Beartic|Icicle Spear|p1a: Kyurem
|-activate|p1a: Kyurem|move: Protect
|
|-weather|none
|-heal|p1a: Kyurem|47/100|[from] item: Leftovers
|upkeep
|turn|27
|
|t:|1779885535
|move|p1a: Kyurem|Earth Power|p2a: Beartic
|-damage|p2a: Beartic|36/100
|move|p2a: Beartic|Icicle Spear|p1a: Kyurem
|-activate|p1a: Kyurem|move: Substitute|[damage]
|-end|p1a: Kyurem|Substitute
|-damage|p1a: Kyurem|36/100
|-damage|p1a: Kyurem|23/100
|-hitcount|p1a: Kyurem|4
|
|-heal|p1a: Kyurem|30/100|[from] item: Leftovers
|upkeep
|turn|28
|
|t:|1779885541
|move|p1a: Kyurem|Earth Power|p2a: Beartic
|-damage|p2a: Beartic|1/100
|move|p2a: Beartic|Close Combat|p1a: Kyurem
|-supereffective|p1a: Kyurem
|-damage|p1a: Kyurem|0 fnt
|-unboost|p2a: Beartic|def|1
|-unboost|p2a: Beartic|spd|1
|faint|p1a: Kyurem
|
|upkeep
|
|t:|1779885555
|switch|p1a: Zamazenta|Zamazenta|100/100
|-ability|p1a: Zamazenta|Dauntless Shield|boost
|-boost|p1a: Zamazenta|def|1
|turn|29
|
|t:|1779885557
|move|p1a: Zamazenta|Iron Defense|p1a: Zamazenta
|-boost|p1a: Zamazenta|def|2
|move|p2a: Beartic|Icicle Spear|p1a: Zamazenta
|-damage|p1a: Zamazenta|96/100
|-damage|p1a: Zamazenta|92/100
|-damage|p1a: Zamazenta|87/100
|-damage|p1a: Zamazenta|83/100
|-hitcount|p1a: Zamazenta|4
|
|-heal|p1a: Zamazenta|89/100|[from] item: Leftovers
|upkeep
|turn|30
|
|t:|1779885560
|switch|p2a: Toxicroak|Toxicroak, F|99/100
|-damage|p2a: Toxicroak|92/100|[from] Stealth Rock
|move|p1a: Zamazenta|Iron Defense|p1a: Zamazenta
|-boost|p1a: Zamazenta|def|2
|
|-heal|p1a: Zamazenta|95/100|[from] item: Leftovers
|upkeep
|turn|31
|
|t:|1779885565
|move|p1a: Zamazenta|Body Press|p2a: Toxicroak
|-resisted|p2a: Toxicroak
|-damage|p2a: Toxicroak|35/100
|move|p2a: Toxicroak|Toxic|p1a: Zamazenta
|-status|p1a: Zamazenta|tox
|
|-heal|p1a: Zamazenta|100/100 tox|[from] item: Leftovers
|-damage|p1a: Zamazenta|94/100 tox|[from] psn
|upkeep
|turn|32
|
|t:|1779885569
|move|p1a: Zamazenta|Body Press|p2a: Toxicroak
|-resisted|p2a: Toxicroak
|-damage|p2a: Toxicroak|0 fnt
|faint|p2a: Toxicroak
|
|-heal|p1a: Zamazenta|100/100 tox|[from] item: Leftovers
|-damage|p1a: Zamazenta|88/100 tox|[from] psn
|upkeep
|
|t:|1779885573
|switch|p2a: Pelipper|Pelipper, M|58/100
|-damage|p2a: Pelipper|33/100|[from] Stealth Rock
|-weather|RainDance|[from] ability: Drizzle|[of] p2a: Pelipper
|turn|33
|
|t:|1779885577
|move|p1a: Zamazenta|Body Press|p2a: Pelipper
|-resisted|p2a: Pelipper
|-damage|p2a: Pelipper|0 fnt
|faint|p2a: Pelipper
|
|-weather|RainDance|[upkeep]
|-heal|p1a: Zamazenta|94/100 tox|[from] item: Leftovers
|-damage|p1a: Zamazenta|76/100 tox|[from] psn
|upkeep
|
|t:|1779885583
|switch|p2a: Barraskewda|Barraskewda, M|100/100
|-damage|p2a: Barraskewda|88/100|[from] Stealth Rock
|turn|34
|
|t:|1779885585
|move|p2a: Barraskewda|Flip Turn|p1a: Zamazenta
|-damage|p1a: Zamazenta|60/100 tox
|
|t:|1779885587
|switch|p2a: Beartic|Beartic, F|1/100|[from] Flip Turn
|-damage|p2a: Beartic|0 fnt|[from] Stealth Rock
|faint|p2a: Beartic
|move|p1a: Zamazenta|Body Press|p2: Beartic|[notarget]
|-fail|p1a: Zamazenta
|
|-weather|RainDance|[upkeep]
|-heal|p1a: Zamazenta|66/100 tox|[from] item: Leftovers
|-damage|p1a: Zamazenta|41/100 tox|[from] psn
|upkeep
|
|t:|1779885597
|switch|p2a: Barraskewda|Barraskewda, M|88/100
|-damage|p2a: Barraskewda|76/100|[from] Stealth Rock
|turn|35
|
|t:|1779885600
|-terastallize|p2a: Barraskewda|Water
|move|p2a: Barraskewda|Liquidation|p1a: Zamazenta
|-damage|p1a: Zamazenta|10/100 tox
|move|p1a: Zamazenta|Body Press|p2a: Barraskewda
|-damage|p2a: Barraskewda|0 fnt
|faint|p2a: Barraskewda
|
|-weather|RainDance|[upkeep]
|-heal|p1a: Zamazenta|16/100 tox|[from] item: Leftovers
|-damage|p1a: Zamazenta|0 fnt|[from] psn
|faint|p1a: Zamazenta
|upkeep
|-message|tecerdo forfeited.
|
|win|bladegalaxy
|raw|bladegalaxy's rating: 1529 &rarr; <strong>1546</strong><br />(+17 for winning)
|raw|tecerdo's rating: 1468 &rarr; <strong>1451</strong><br />(-17 for losing)
|l|☆tecerdo
|player|p2|
|l|‽bladegalaxy
|player|p1|
