|j|☆shauryagarchamp
|j|☆Titanium Tango
|t:|1779842177
|gametype|singles
|player|p1|shauryagarchamp|elesa-masters3|1094
|player|p2|Titanium Tango|depotagent|1064
|gen|9
|tier|[Gen 9] OU
|rated|
|rule|HP Percentage Mod: HP is shown in percentages
|rule|Endless Battle Clause: Forcing endless battles is banned
|rule|Species Clause: Limit one of each Pokémon
|rule|OHKO Clause: OHKO moves are banned
|rule|Evasion Items Clause: Evasion items are banned
|rule|Evasion Moves Clause: Evasion moves are banned
|rule|Evasion Abilities Clause: Evasion abilities are banned
|rule|Sleep Moves Clause: Sleep-inducing moves are banned
|clearpoke
|poke|p1|Ceruledge, F|
|poke|p1|Iron Valiant|
|poke|p1|Raging Bolt|
|poke|p1|Hoopa-Unbound|
|poke|p1|Ogerpon-Wellspring, F|
|poke|p1|Glimmora, F|
|poke|p2|Spidops, F|
|poke|p2|Volbeat, M|
|poke|p2|Conkeldurr, M|
|poke|p2|Klawf, F|
|poke|p2|Dugtrio-Alola, M|
|poke|p2|Amoonguss, F|
|teampreview
|inactive|Battle timer is ON: inactive players will automatically lose when time's up. (requested by shauryagarchamp)
|c|☆Titanium Tango|gl hf!
|
|t:|1779842183
|teamsize|p1|6
|teamsize|p2|6
|start
|switch|p1a: Its Hyper offense|Glimmora, F|100/100
|switch|p2a: Conkeldurr|Conkeldurr, M|100/100
|-item|p1a: Its Hyper offense|Air Balloon
|turn|1
|
|t:|1779842190
|move|p2a: Conkeldurr|Protect|p2a: Conkeldurr
|-singleturn|p2a: Conkeldurr|Protect
|move|p1a: Its Hyper offense|Stealth Rock|p2a: Conkeldurr
|-sidestart|p2: Titanium Tango|move: Stealth Rock
|
|-status|p2a: Conkeldurr|brn|[from] item: Flame Orb
|upkeep
|turn|2
|
|t:|1779842195
|move|p1a: Its Hyper offense|Power Gem|p2a: Conkeldurr
|-resisted|p2a: Conkeldurr
|-damage|p2a: Conkeldurr|82/100 brn
|move|p2a: Conkeldurr|Close Combat|p1a: Its Hyper offense
|-damage|p1a: Its Hyper offense|2/100
|-unboost|p2a: Conkeldurr|def|1
|-unboost|p2a: Conkeldurr|spd|1
|-enditem|p1a: Its Hyper offense|Air Balloon
|
|-damage|p2a: Conkeldurr|76/100 brn|[from] brn
|upkeep
|turn|3
|
|t:|1779842205
|move|p1a: Its Hyper offense|Mortal Spin|p2a: Conkeldurr
|-damage|p2a: Conkeldurr|68/100 brn
|move|p2a: Conkeldurr|Drain Punch|p1a: Its Hyper offense
|-damage|p1a: Its Hyper offense|0 fnt
|-heal|p2a: Conkeldurr|69/100 brn|[from] drain|[of] p1a: Its Hyper offense
|faint|p1a: Its Hyper offense
|
|-damage|p2a: Conkeldurr|63/100 brn|[from] brn
|upkeep
|
|t:|1779842215
|switch|p1a: Gardy's son|Iron Valiant|100/100
|-enditem|p1a: Gardy's son|Booster Energy
|-activate|p1a: Gardy's son|ability: Quark Drive|[fromitem]
|-start|p1a: Gardy's son|quarkdrivespe
|turn|4
|
|t:|1779842224
|move|p2a: Conkeldurr|Protect|p2a: Conkeldurr
|-singleturn|p2a: Conkeldurr|Protect
|move|p1a: Gardy's son|Moonblast|p2a: Conkeldurr
|-activate|p2a: Conkeldurr|move: Protect
|
|-damage|p2a: Conkeldurr|57/100 brn|[from] brn
|upkeep
|turn|5
|
|t:|1779842233
|switch|p2a: Spidops|Spidops, F|100/100
|-damage|p2a: Spidops|76/100|[from] Stealth Rock
|move|p1a: Gardy's son|Moonblast|p2a: Spidops
|-damage|p2a: Spidops|16/100
|-enditem|p2a: Spidops|Sitrus Berry|[eat]
|-heal|p2a: Spidops|41/100|[from] item: Sitrus Berry
|
|upkeep
|turn|6
|
|t:|1779842251
|move|p2a: Spidops|First Impression|p1a: Gardy's son
|-resisted|p1a: Gardy's son
|-damage|p1a: Gardy's son|89/100
|move|p1a: Gardy's son|Knock Off|p2a: Spidops
|-damage|p2a: Spidops|21/100
|
|upkeep
|turn|7
|
|t:|1779842257
|move|p1a: Gardy's son|Moonblast|p2a: Spidops
|-damage|p2a: Spidops|0 fnt
|faint|p2a: Spidops
|
|upkeep
|
|t:|1779842265
|switch|p2a: Amoonguss|Amoonguss, F|100/100
|-damage|p2a: Amoonguss|88/100|[from] Stealth Rock
|turn|8
|c|☆shauryagarchamp|Same to you!
|c|☆Titanium Tango|:)
|
|t:|1779842282
|-terastallize|p1a: Gardy's son|Steel
|move|p1a: Gardy's son|Ice Punch|p2a: Amoonguss
|-supereffective|p2a: Amoonguss
|-damage|p2a: Amoonguss|41/100
|move|p2a: Amoonguss|Toxic|p1a: Gardy's son
|-immune|p1a: Gardy's son
|
|-heal|p2a: Amoonguss|47/100|[from] item: Black Sludge
|upkeep
|turn|9
|c|☆Titanium Tango|nice tech
|
|t:|1779842294
|switch|p2a: Dugtrio|Dugtrio-Alola, M|100/100
|-damage|p2a: Dugtrio|98/100|[from] Stealth Rock
|move|p1a: Gardy's son|Ice Punch|p2a: Dugtrio
|-damage|p2a: Dugtrio|47/100
|-ability|p2a: Dugtrio|Tangling Hair
|-unboost|p1a: Gardy's son|spe|1
|
|upkeep
|turn|10
|c|☆shauryagarchamp|!dt tangling hair
|c|☆shauryagarchamp|/raw <ul class="utilichart"><li class="result"><span class="col namecol"><a href="https://dex.pokemonshowdown.com/abilities/tanglinghair">Tangling Hair</a></span> <span class="col abilitydesccol">Pokemon making contact with this Pokemon have their Speed lowered by 1 stage.</span> </li><li style="clear:both"></li></ul>
|c|☆shauryagarchamp|/raw <font size="1"><font color="#686868">Gen:</font> 7</font>

|inactive|shauryagarchamp has 120 seconds left.
|
|t:|1779842319
|move|p1a: Gardy's son|Moonblast|p2a: Dugtrio
|-resisted|p2a: Dugtrio
|-damage|p2a: Dugtrio|0 fnt
|faint|p2a: Dugtrio
|
|upkeep
|
|t:|1779842325
|switch|p2a: Conkeldurr|Conkeldurr, M|57/100 brn
|-damage|p2a: Conkeldurr|51/100 brn|[from] Stealth Rock
|turn|11
|
|t:|1779842329
|move|p1a: Gardy's son|Moonblast|p2a: Conkeldurr
|-supereffective|p2a: Conkeldurr
|-damage|p2a: Conkeldurr|0 fnt
|faint|p2a: Conkeldurr
|
|upkeep
|
|t:|1779842335
|switch|p2a: Klawf|Klawf, F|100/100
|-damage|p2a: Klawf|88/100|[from] Stealth Rock
|turn|12
|
|t:|1779842339
|move|p1a: Gardy's son|Close Combat|p2a: Klawf
|-supereffective|p2a: Klawf
|-damage|p2a: Klawf|0 fnt
|-unboost|p1a: Gardy's son|def|1
|-unboost|p1a: Gardy's son|spd|1
|faint|p2a: Klawf
|
|upkeep
|c|☆shauryagarchamp|U are a new player
|c|☆shauryagarchamp|Ig!
|
|t:|1779842347
|switch|p2a: Volbeat|Volbeat, M|100/100
|turn|13
|
|t:|1779842353
|move|p2a: Volbeat|Quick Attack|p1a: Gardy's son
|-resisted|p1a: Gardy's son
|-damage|p1a: Gardy's son|83/100
|move|p1a: Gardy's son|Knock Off|p2a: Volbeat
|-damage|p2a: Volbeat|65/100
|-enditem|p2a: Volbeat|Heavy-Duty Boots|[from] move: Knock Off|[of] p1a: Gardy's son
|
|upkeep
|turn|14
|
|t:|1779842361
|move|p1a: Gardy's son|Moonblast|p2a: Volbeat
|-damage|p2a: Volbeat|25/100
|move|p2a: Volbeat|Seismic Toss|p1a: Gardy's son
|-damage|p1a: Gardy's son|48/100
|
|upkeep
|turn|15
|-message|shauryagarchamp forfeited.
|
|win|Titanium Tango
|raw|shauryagarchamp's rating: 1094 &rarr; <strong>1068</strong><br />(-26 for losing)
|raw|Titanium Tango's rating: 1064 &rarr; <strong>1097</strong><br />(+33 for winning)
|l|☆shauryagarchamp
|player|p1|
|c|☆Titanium Tango|oh, you were definitely winning
|l|☆Titanium Tango
|player|p2|
