|j|☆Mouu'D
|j|☆eucalipto69!
|t:|1779899207
|gametype|singles
|player|p1|Mouu'D|youngster-gen4dp|1412
|player|p2|eucalipto69!|steven|1466
|gen|9
|tier|[Gen 9] OU
|rated|
|rule|HP Percentage Mod: HP is shown in percentages
|rule|Endless Battle Clause: Forcing endless battles is banned
|rule|Species Clause: Limit one of each Pokémon
|rule|OHKO Clause: OHKO moves are banned
|rule|Evasion Items Clause: Evasion items are banned
|rule|Evasion Moves Clause: Evasion moves are banned
|rule|Evasion Abilities Clause: Evasion abilities are banned
|rule|Sleep Moves Clause: Sleep-inducing moves are banned
|clearpoke
|poke|p1|Deoxys-Defense|
|poke|p1|Diancie|
|poke|p1|Glastrier|
|poke|p1|Ursaluna, M|
|poke|p1|Exeggutor-Alola, M|
|poke|p1|Conkeldurr, F|
|poke|p2|Haxorus, M|
|poke|p2|Grimmsnarl, M|
|poke|p2|Great Tusk|
|poke|p2|Zapdos|
|poke|p2|Kingambit, M|
|poke|p2|Typhlosion, F|
|teampreview
|inactive|Battle timer is ON: inactive players will automatically lose when time's up. (requested by eucalipto69!)
|
|t:|1779899233
|teamsize|p1|6
|teamsize|p2|6
|start
|switch|p1a: Luffy gear 4th|Conkeldurr, F|100/100
|switch|p2a: Kingambit|Kingambit, M, shiny|100/100
|turn|1
|
|t:|1779899247
|-terastallize|p2a: Kingambit|Ghost
|move|p2a: Kingambit|Iron Head|p1a: Luffy gear 4th
|-damage|p1a: Luffy gear 4th|60/100
|move|p1a: Luffy gear 4th|Drain Punch|p2a: Kingambit
|-immune|p2a: Kingambit
|
|-status|p1a: Luffy gear 4th|brn|[from] item: Flame Orb
|upkeep
|turn|2
|
|t:|1779899260
|move|p2a: Kingambit|Iron Head|p1a: Luffy gear 4th
|-damage|p1a: Luffy gear 4th|19/100 brn
|cant|p1a: Luffy gear 4th|flinch
|
|-damage|p1a: Luffy gear 4th|13/100 brn|[from] brn
|upkeep
|turn|3
|
|t:|1779899278
|move|p2a: Kingambit|Kowtow Cleave|p1a: Luffy gear 4th
|-resisted|p1a: Luffy gear 4th
|-damage|p1a: Luffy gear 4th|0 fnt
|faint|p1a: Luffy gear 4th
|
|upkeep
|inactive|Mouu'D has 120 seconds left.
|
|t:|1779899315
|switch|p1a: Sodom|Exeggutor-Alola, M, shiny|100/100
|turn|4
|
|t:|1779899325
|switch|p2a: Grimmsnarl|Grimmsnarl, M|100/100
|move|p1a: Sodom|Trick Room|p1a: Sodom
|-fieldstart|move: Trick Room|[of] p1a: Sodom
|
|upkeep
|turn|5
|inactive|Mouu'D has 120 seconds left.
|
|t:|1779899345
|move|p1a: Sodom|Sludge Bomb|p2a: Grimmsnarl
|-supereffective|p2a: Grimmsnarl
|-damage|p2a: Grimmsnarl|42/100
|move|p2a: Grimmsnarl|Spirit Break|p1a: Sodom
|-supereffective|p1a: Sodom
|-damage|p1a: Sodom|45/100
|-unboost|p1a: Sodom|spa|1
|-enditem|p1a: Sodom|Sitrus Berry|[eat]
|-heal|p1a: Sodom|70/100|[from] item: Sitrus Berry
|
|upkeep
|turn|6
|inactive|Mouu'D has 120 seconds left.
|
|t:|1779899355
|move|p2a: Grimmsnarl|Reflect|p2a: Grimmsnarl
|-sidestart|p2: eucalipto69!|Reflect
|move|p1a: Sodom|Sludge Bomb|p2a: Grimmsnarl
|-supereffective|p2a: Grimmsnarl
|-damage|p2a: Grimmsnarl|0 fnt
|faint|p2a: Grimmsnarl
|
|upkeep
|
|t:|1779899367
|switch|p2a: Kingambit|Kingambit, M, shiny, tera:Ghost|100/100
|turn|7
|inactive|Mouu'D has 120 seconds left.
|
|t:|1779899391
|switch|p1a: Vegapunk 03|Deoxys-Defense, shiny|100/100
|-ability|p1a: Vegapunk 03|Pressure
|move|p2a: Kingambit|Kowtow Cleave|p1a: Vegapunk 03
|-supereffective|p1a: Vegapunk 03
|-enditem|p1a: Vegapunk 03|Colbur Berry|[eat]
|-enditem|p1a: Vegapunk 03|Colbur Berry|[weaken]
|-damage|p1a: Vegapunk 03|67/100
|
|upkeep
|turn|8
|inactive|Mouu'D has 120 seconds left.
|
|t:|1779899411
|switch|p1a: Sodom|Exeggutor-Alola, M, shiny|70/100
|move|p2a: Kingambit|Kowtow Cleave|p1a: Sodom
|-damage|p1a: Sodom|20/100
|
|-fieldend|move: Trick Room
|-item|p1a: Sodom|Sitrus Berry|[from] ability: Harvest
|upkeep
|-enditem|p1a: Sodom|Sitrus Berry|[eat]
|-heal|p1a: Sodom|45/100|[from] item: Sitrus Berry
|turn|9
|
|t:|1779899435
|move|p2a: Kingambit|Kowtow Cleave|p1a: Sodom
|-damage|p1a: Sodom|0 fnt
|faint|p1a: Sodom
|
|upkeep
|inactive|Mouu'D has 90 seconds left.
|
|t:|1779899451
|switch|p1a: Vegapunk 03|Deoxys-Defense, shiny|67/100
|-ability|p1a: Vegapunk 03|Pressure
|turn|10
|
|t:|1779899454
|move|p2a: Kingambit|Kowtow Cleave|p1a: Vegapunk 03
|-supereffective|p1a: Vegapunk 03
|-damage|p1a: Vegapunk 03|0 fnt
|faint|p1a: Vegapunk 03
|
|upkeep
|inactive|Mouu'D has 90 seconds left.
|
|t:|1779899489
|switch|p1a: Joz|Diancie|100/100
|turn|11
|
|t:|1779899491
|move|p2a: Kingambit|Iron Head|p1a: Joz
|-supereffective|p1a: Joz
|-enditem|p1a: Joz|Focus Sash
|-damage|p1a: Joz|1/100
|move|p1a: Joz|Trick Room|p1a: Joz
|-fieldstart|move: Trick Room|[of] p1a: Joz
|
|upkeep
|turn|12
|
|t:|1779899501
|move|p1a: Joz|Moonblast|p2a: Kingambit
|-damage|p2a: Kingambit|72/100
|move|p2a: Kingambit|Iron Head|p1a: Joz
|-supereffective|p1a: Joz
|-damage|p1a: Joz|0 fnt
|faint|p1a: Joz
|
|upkeep
|
|t:|1779899512
|switch|p1a: Stronger|Glastrier|100/100
|turn|13
|
|t:|1779899523
|-terastallize|p1a: Stronger|Ground
|move|p1a: Stronger|Crunch|p2a: Kingambit
|-supereffective|p2a: Kingambit
|-damage|p2a: Kingambit|48/100
|move|p2a: Kingambit|Iron Head|p1a: Stronger
|-damage|p1a: Stronger|70/100
|
|-sideend|p2: eucalipto69!|Reflect
|upkeep
|turn|14
|
|t:|1779899533
|switch|p2a: Zapdos|Zapdos|100/100
|move|p1a: Stronger|Crunch|p2a: Zapdos
|-damage|p2a: Zapdos|65/100
|
|upkeep
|turn|15
|
|t:|1779899541
|move|p2a: Zapdos|Hurricane|p1a: Stronger|[miss]
|-miss|p2a: Zapdos|p1a: Stronger
|move|p1a: Stronger|Avalanche|p2a: Zapdos
|-supereffective|p2a: Zapdos
|-damage|p2a: Zapdos|0 fnt
|faint|p2a: Zapdos
|-ability|p1a: Stronger|Chilling Neigh|boost
|-boost|p1a: Stronger|atk|1
|
|-fieldend|move: Trick Room
|upkeep
|
|t:|1779899550
|switch|p2a: Typhlosion|Typhlosion, F|100/100
|turn|16
|
|t:|1779899554
|move|p2a: Typhlosion|Eruption|p1a: Stronger
|-damage|p1a: Stronger|36/100
|move|p1a: Stronger|Stomping Tantrum|p2a: Typhlosion
|-supereffective|p2a: Typhlosion
|-damage|p2a: Typhlosion|0 fnt
|faint|p2a: Typhlosion
|-ability|p1a: Stronger|Chilling Neigh|boost
|-boost|p1a: Stronger|atk|1
|
|upkeep
|
|t:|1779899557
|switch|p2a: Great Tusk|Great Tusk|100/100
|turn|17
|
|t:|1779899568
|move|p2a: Great Tusk|Close Combat|p1a: Stronger
|-damage|p1a: Stronger|0 fnt
|-unboost|p2a: Great Tusk|def|1
|-unboost|p2a: Great Tusk|spd|1
|faint|p1a: Stronger
|
|upkeep
|
|t:|1779899572
|switch|p1a: Kuma|Ursaluna, M|100/100
|turn|18
|
|t:|1779899576
|move|p2a: Great Tusk|Close Combat|p1a: Kuma
|-supereffective|p1a: Kuma
|-damage|p1a: Kuma|18/100
|-unboost|p2a: Great Tusk|def|1
|-unboost|p2a: Great Tusk|spd|1
|move|p1a: Kuma|Earthquake|p2a: Great Tusk
|-damage|p2a: Great Tusk|7/100
|
|-status|p1a: Kuma|brn|[from] item: Flame Orb
|upkeep
|turn|19
|inactive|Mouu'D has 120 seconds left.
|-message|Mouu'D forfeited.
|
|win|eucalipto69!
|raw|Mouu&apos;D's rating: 1412 &rarr; <strong>1395</strong><br />(-17 for losing)
|raw|eucalipto69!'s rating: 1466 &rarr; <strong>1483</strong><br />(+17 for winning)
|l|☆Mouu'D
|player|p1|
|l|☆eucalipto69!
|player|p2|
