|j|☆Sae No Kami
|j|☆Yihgou
|t:|1779880303
|gametype|singles
|player|p1|Sae No Kami|ghetsis-gen5bw|1070
|player|p2|Yihgou|169|1076
|gen|9
|tier|[Gen 9] OU
|rated|
|rule|HP Percentage Mod: HP is shown in percentages
|rule|Endless Battle Clause: Forcing endless battles is banned
|rule|Species Clause: Limit one of each Pokémon
|rule|OHKO Clause: OHKO moves are banned
|rule|Evasion Items Clause: Evasion items are banned
|rule|Evasion Moves Clause: Evasion moves are banned
|rule|Evasion Abilities Clause: Evasion abilities are banned
|rule|Sleep Moves Clause: Sleep-inducing moves are banned
|clearpoke
|poke|p1|Ribombee, F|
|poke|p1|Mimikyu, M|
|poke|p1|Staraptor, M|
|poke|p1|Espeon, M|
|poke|p1|Wooper, M|
|poke|p1|Ambipom, M|
|poke|p2|Regieleki|
|poke|p2|Rillaboom, F|
|poke|p2|Alomomola, M|
|poke|p2|Slowking-Galar, M|
|poke|p2|Great Tusk|
|poke|p2|Moltres|
|teampreview
|inactive|Battle timer is ON: inactive players will automatically lose when time's up. (requested by Sae No Kami)
|
|t:|1779880337
|teamsize|p1|6
|teamsize|p2|6
|start
|switch|p1a: Ribombee|Ribombee, F|100/100
|switch|p2a: Regieleki|Regieleki|100/100
|turn|1
|
|t:|1779880346
|move|p2a: Regieleki|Volt Switch|p1a: Ribombee
|-enditem|p1a: Ribombee|Focus Sash
|-damage|p1a: Ribombee|1/100
|
|t:|1779880356
|switch|p2a: Alomomola|Alomomola, M|100/100|[from] Volt Switch
|move|p1a: Ribombee|Sticky Web|p2a: Alomomola
|-sidestart|p2: Yihgou|move: Sticky Web
|
|upkeep
|turn|2
|
|t:|1779880361
|move|p1a: Ribombee|Stun Spore|p2a: Alomomola
|-status|p2a: Alomomola|par
|move|p2a: Alomomola|Flip Turn|p1a: Ribombee
|-damage|p1a: Ribombee|0 fnt
|faint|p1a: Ribombee
|
|t:|1779880374
|switch|p2a: Regieleki|Regieleki|100/100|[from] Flip Turn
|-activate|p2a: Regieleki|move: Sticky Web
|-unboost|p2a: Regieleki|spe|1
|
|upkeep
|
|t:|1779880379
|switch|p1a: Ambipom|Ambipom, M|100/100
|turn|3
|
|t:|1779880389
|move|p1a: Ambipom|Fake Out|p2a: Regieleki
|-damage|p2a: Regieleki|23/100
|-damage|p1a: Ambipom|91/100|[from] item: Life Orb
|cant|p2a: Regieleki|flinch
|
|upkeep
|turn|4
|
|t:|1779880396
|switch|p1a: Mimikyu|Mimikyu, M|100/100
|move|p2a: Regieleki|Thunderbolt|p1a: Mimikyu
|-activate|p1a: Mimikyu|ability: Disguise
|-damage|p1a: Mimikyu|100/100
|detailschange|p1a: Mimikyu|Mimikyu-Busted, M
|-damage|p1a: Mimikyu|88/100|[from] pokemon: Mimikyu-Busted
|
|upkeep
|turn|5
|
|t:|1779880404
|switch|p2a: Moltres|Moltres|100/100
|move|p1a: Mimikyu|Shadow Sneak|p2a: Moltres
|-damage|p2a: Moltres|84/100
|-damage|p1a: Mimikyu|78/100|[from] item: Life Orb
|
|upkeep
|turn|6
|
|t:|1779880411
|move|p1a: Mimikyu|Swords Dance|p1a: Mimikyu
|-boost|p1a: Mimikyu|atk|2
|move|p2a: Moltres|Flamethrower|p1a: Mimikyu
|-damage|p1a: Mimikyu|31/100
|
|upkeep
|turn|7
|
|t:|1779880418
|move|p1a: Mimikyu|Shadow Claw|p2a: Moltres
|-damage|p2a: Moltres|24/100
|-status|p1a: Mimikyu|brn|[from] ability: Flame Body|[of] p2a: Moltres
|-damage|p1a: Mimikyu|21/100 brn|[from] item: Life Orb
|move|p2a: Moltres|Roost|p2a: Moltres
|-heal|p2a: Moltres|74/100
|-singleturn|p2a: Moltres|move: Roost
|
|-damage|p1a: Mimikyu|15/100 brn|[from] brn
|upkeep
|turn|8
|
|t:|1779880430
|move|p1a: Mimikyu|Shadow Claw|p2a: Moltres
|-damage|p2a: Moltres|44/100
|-damage|p1a: Mimikyu|5/100 brn|[from] item: Life Orb
|move|p2a: Moltres|Roost|p2a: Moltres
|-heal|p2a: Moltres|94/100
|-singleturn|p2a: Moltres|move: Roost
|
|-damage|p1a: Mimikyu|0 fnt|[from] brn
|faint|p1a: Mimikyu
|upkeep
|
|t:|1779880444
|switch|p1a: Espeon|Espeon, M|100/100
|turn|9
|
|t:|1779880447
|move|p1a: Espeon|Calm Mind|p1a: Espeon
|-boost|p1a: Espeon|spa|1
|-boost|p1a: Espeon|spd|1
|move|p2a: Moltres|U-turn|p1a: Espeon
|-supereffective|p1a: Espeon
|-damage|p1a: Espeon|41/100
|
|t:|1779880451
|switch|p2a: Rillaboom|Rillaboom, F|100/100|[from] U-turn
|-activate|p2a: Rillaboom|move: Sticky Web
|-unboost|p2a: Rillaboom|spe|1
|-fieldstart|move: Grassy Terrain|[from] ability: Grassy Surge|[of] p2a: Rillaboom
|
|-heal|p1a: Espeon|47/100|[from] Grassy Terrain
|upkeep
|turn|10
|
|t:|1779880460
|move|p2a: Rillaboom|Grassy Glide|p1a: Espeon
|-damage|p1a: Espeon|0 fnt
|faint|p1a: Espeon
|
|upkeep
|
|t:|1779880465
|switch|p1a: Staraptor|Staraptor, M|100/100
|turn|11
|
|t:|1779880472
|switch|p2a: Moltres|Moltres|94/100
|move|p1a: Staraptor|Brave Bird|p2a: Moltres
|-damage|p2a: Moltres|15/100
|-status|p1a: Staraptor|brn|[from] ability: Flame Body|[of] p2a: Moltres
|-damage|p1a: Staraptor|68/100 brn|[from] Recoil
|
|-damage|p1a: Staraptor|62/100 brn|[from] brn
|upkeep
|turn|12
|
|t:|1779880483
|move|p1a: Staraptor|Brave Bird|p2a: Moltres
|-damage|p2a: Moltres|0 fnt
|faint|p2a: Moltres
|-damage|p1a: Staraptor|57/100 brn|[from] Recoil
|
|-damage|p1a: Staraptor|50/100 brn|[from] brn
|upkeep
|
|t:|1779880493
|switch|p2a: Regieleki|Regieleki|23/100
|-activate|p2a: Regieleki|move: Sticky Web
|-unboost|p2a: Regieleki|spe|1
|turn|13
|
|t:|1779880500
|move|p2a: Regieleki|Rapid Spin|p1a: Staraptor
|-damage|p1a: Staraptor|35/100 brn
|-boost|p2a: Regieleki|spe|1
|-sideend|p2: Yihgou|Sticky Web|[from] move: Rapid Spin|[of] p2a: Regieleki
|move|p1a: Staraptor|Brave Bird|p2a: Regieleki
|-resisted|p2a: Regieleki
|-damage|p2a: Regieleki|0 fnt
|faint|p2a: Regieleki
|-damage|p1a: Staraptor|28/100 brn|[from] Recoil
|
|-damage|p1a: Staraptor|22/100 brn|[from] brn
|-fieldend|move: Grassy Terrain
|upkeep
|
|t:|1779880505
|switch|p2a: Great Tusk|Great Tusk|100/100
|turn|14
|
|t:|1779880512
|-terastallize|p2a: Great Tusk|Steel
|move|p2a: Great Tusk|Rapid Spin|p1a: Staraptor
|-damage|p1a: Staraptor|1/100 brn
|-boost|p2a: Great Tusk|spe|1
|move|p1a: Staraptor|Brave Bird|p2a: Great Tusk
|-resisted|p2a: Great Tusk
|-damage|p2a: Great Tusk|84/100
|-damage|p1a: Staraptor|0 fnt|[from] Recoil
|faint|p1a: Staraptor
|
|upkeep
|
|t:|1779880529
|switch|p1a: Ambipom|Ambipom, M|91/100
|turn|15
|
|t:|1779880533
|move|p1a: Ambipom|Fake Out|p2a: Great Tusk
|-resisted|p2a: Great Tusk
|-damage|p2a: Great Tusk|71/100
|-damage|p1a: Ambipom|81/100|[from] item: Life Orb
|cant|p2a: Great Tusk|flinch
|
|upkeep
|turn|16
|
|t:|1779880541
|move|p2a: Great Tusk|Headlong Rush|p1a: Ambipom
|-damage|p1a: Ambipom|0 fnt
|-unboost|p2a: Great Tusk|def|1
|-unboost|p2a: Great Tusk|spd|1
|faint|p1a: Ambipom
|
|upkeep
|
|t:|1779880546
|switch|p1a: Wooper|Wooper, M|100/100
|turn|17
|
|t:|1779880552
|move|p2a: Great Tusk|Headlong Rush|p1a: Wooper
|-enditem|p1a: Wooper|Focus Sash
|-damage|p1a: Wooper|1/100
|-unboost|p2a: Great Tusk|def|1
|-unboost|p2a: Great Tusk|spd|1
|move|p1a: Wooper|Counter|p2a: Great Tusk
|-damage|p2a: Great Tusk|0 fnt
|faint|p2a: Great Tusk
|-end|p2a: Great Tusk|Protosynthesis|[silent]
|
|upkeep
|
|t:|1779880557
|switch|p2a: Slowking|Slowking-Galar, M|100/100
|turn|18
|
|t:|1779880562
|move|p1a: Wooper|Recover|p1a: Wooper
|-heal|p1a: Wooper|51/100
|move|p2a: Slowking|Sludge Bomb|p1a: Wooper
|-resisted|p1a: Wooper
|-damage|p1a: Wooper|0 fnt
|faint|p1a: Wooper
|
|win|Yihgou
|raw|Sae No Kami's rating: 1070 &rarr; <strong>1050</strong><br />(-20 for losing)
|raw|Yihgou's rating: 1076 &rarr; <strong>1104</strong><br />(+28 for winning)
|l|☆Sae No Kami
|player|p1|
|l|☆Yihgou
|player|p2|
