|j|☆ScarfChompIRL
|j|☆MemesOnToast
|t:|1779903841
|gametype|singles
|player|p1|ScarfChompIRL|bede|1373
|player|p2|MemesOnToast|clown|1313
|gen|9
|tier|[Gen 9] OU
|rated|
|rule|HP Percentage Mod: HP is shown in percentages
|rule|Endless Battle Clause: Forcing endless battles is banned
|rule|Species Clause: Limit one of each Pokémon
|rule|OHKO Clause: OHKO moves are banned
|rule|Evasion Items Clause: Evasion items are banned
|rule|Evasion Moves Clause: Evasion moves are banned
|rule|Evasion Abilities Clause: Evasion abilities are banned
|rule|Sleep Moves Clause: Sleep-inducing moves are banned
|clearpoke
|poke|p1|Great Tusk|
|poke|p1|Walking Wake|
|poke|p1|Kingambit, M|
|poke|p1|Venusaur, F|
|poke|p1|Ninetales, M|
|poke|p1|Raging Bolt|
|poke|p2|Moltres-Galar|
|poke|p2|Comfey, M|
|poke|p2|Pecharunt|
|poke|p2|Mabosstiff, F|
|poke|p2|Raging Bolt|
|poke|p2|Iron Treads|
|teampreview
|inactive|Battle timer is ON: inactive players will automatically lose when time's up. (requested by ScarfChompIRL)
|
|t:|1779903869
|teamsize|p1|6
|teamsize|p2|6
|start
|switch|p1a: Ninetales|Ninetales, M|100/100
|switch|p2a: Mabosstiff|Mabosstiff, F|100/100
|-weather|SunnyDay|[from] ability: Drought|[of] p1a: Ninetales
|turn|1
|
|t:|1779903874
|move|p1a: Ninetales|Will-O-Wisp|p2a: Mabosstiff
|-status|p2a: Mabosstiff|brn
|move|p2a: Mabosstiff|Lash Out|p1a: Ninetales
|-damage|p1a: Ninetales|74/100
|-damage|p2a: Mabosstiff|91/100 brn|[from] item: Life Orb
|
|-weather|SunnyDay|[upkeep]
|-damage|p2a: Mabosstiff|85/100 brn|[from] brn
|upkeep
|turn|2
|
|t:|1779903879
|switch|p1a: Venusaur|Venusaur, F|100/100
|move|p2a: Mabosstiff|Destiny Bond|p2a: Mabosstiff
|-singlemove|p2a: Mabosstiff|Destiny Bond
|
|-weather|SunnyDay|[upkeep]
|-damage|p2a: Mabosstiff|79/100 brn|[from] brn
|upkeep
|turn|3
|
|t:|1779903882
|move|p1a: Venusaur|Growth|p1a: Venusaur
|-boost|p1a: Venusaur|atk|2
|-boost|p1a: Venusaur|spa|2
|move|p2a: Mabosstiff|Lash Out|p1a: Venusaur
|-damage|p1a: Venusaur|70/100
|-damage|p2a: Mabosstiff|69/100 brn|[from] item: Life Orb
|
|-weather|SunnyDay|[upkeep]
|-damage|p2a: Mabosstiff|63/100 brn|[from] brn
|upkeep
|turn|4
|
|t:|1779903886
|move|p1a: Venusaur|Giga Drain|p2a: Mabosstiff
|-damage|p2a: Mabosstiff|0 fnt
|-heal|p1a: Venusaur|100/100|[from] drain|[of] p2a: Mabosstiff
|faint|p2a: Mabosstiff
|-damage|p1a: Venusaur|91/100|[from] item: Life Orb
|
|-weather|SunnyDay|[upkeep]
|upkeep
|
|t:|1779903897
|switch|p2a: Iron Treads|Iron Treads|100/100
|-enditem|p2a: Iron Treads|Booster Energy
|-activate|p2a: Iron Treads|ability: Quark Drive|[fromitem]
|-start|p2a: Iron Treads|quarkdrivespe
|turn|5
|
|t:|1779903901
|move|p1a: Venusaur|Weather Ball|p2a: Iron Treads
|-supereffective|p2a: Iron Treads
|-damage|p2a: Iron Treads|0 fnt
|faint|p2a: Iron Treads
|-end|p2a: Iron Treads|Quark Drive|[silent]
|-damage|p1a: Venusaur|81/100|[from] item: Life Orb
|
|-weather|SunnyDay|[upkeep]
|upkeep
|
|t:|1779903904
|switch|p2a: Pecharunt|Pecharunt|100/100
|turn|6
|
|t:|1779903909
|-terastallize|p1a: Venusaur|Fire
|move|p1a: Venusaur|Weather Ball|p2a: Pecharunt
|-damage|p2a: Pecharunt|0 fnt
|faint|p2a: Pecharunt
|-damage|p1a: Venusaur|71/100|[from] item: Life Orb
|
|-weather|SunnyDay|[upkeep]
|upkeep
|
|t:|1779903912
|switch|p2a: Moltres|Moltres-Galar|100/100
|turn|7
|
|t:|1779903915
|move|p1a: Venusaur|Weather Ball|p2a: Moltres
|-damage|p2a: Moltres|0 fnt
|faint|p2a: Moltres
|-damage|p1a: Venusaur|61/100|[from] item: Life Orb
|
|-weather|SunnyDay|[upkeep]
|upkeep
|
|t:|1779903918
|switch|p2a: Raging Bolt|Raging Bolt|100/100
|-activate|p2a: Raging Bolt|ability: Protosynthesis
|-start|p2a: Raging Bolt|protosynthesisspa
|turn|8
|
|t:|1779903922
|move|p2a: Raging Bolt|Thunderclap|p1a: Venusaur
|-damage|p1a: Venusaur|0 fnt
|faint|p1a: Venusaur
|-damage|p2a: Raging Bolt|91/100|[from] item: Life Orb
|
|-weather|none
|-end|p2a: Raging Bolt|Protosynthesis
|upkeep
|
|t:|1779903926
|switch|p1a: Great Tusk|Great Tusk|100/100
|turn|9
|
|t:|1779903931
|-terastallize|p2a: Raging Bolt|Fairy
|move|p1a: Great Tusk|Headlong Rush|p2a: Raging Bolt
|-damage|p2a: Raging Bolt|36/100
|-unboost|p1a: Great Tusk|def|1
|-unboost|p1a: Great Tusk|spd|1
|move|p2a: Raging Bolt|Calm Mind|p2a: Raging Bolt
|-boost|p2a: Raging Bolt|spa|1
|-boost|p2a: Raging Bolt|spd|1
|
|upkeep
|turn|10
|
|t:|1779903934
|move|p1a: Great Tusk|Headlong Rush|p2a: Raging Bolt
|-damage|p2a: Raging Bolt|0 fnt
|-unboost|p1a: Great Tusk|def|1
|-unboost|p1a: Great Tusk|spd|1
|faint|p2a: Raging Bolt
|-end|p2a: Raging Bolt|Protosynthesis|[silent]
|
|upkeep
|
|t:|1779903936
|switch|p2a: Comfey|Comfey, M|100/100
|turn|11
|
|t:|1779903939
|-end|p1a: Great Tusk|Protosynthesis|[silent]
|switch|p1a: Ninetales|Ninetales, M|74/100
|-weather|SunnyDay|[from] ability: Drought|[of] p1a: Ninetales
|move|p2a: Comfey|Calm Mind|p2a: Comfey
|-boost|p2a: Comfey|spa|1
|-boost|p2a: Comfey|spd|1
|
|-weather|SunnyDay|[upkeep]
|upkeep
|turn|12
|
|t:|1779903942
|move|p1a: Ninetales|Encore|p2a: Comfey
|-start|p2a: Comfey|Encore
|move|p2a: Comfey|Calm Mind|p2a: Comfey
|-boost|p2a: Comfey|spa|1
|-boost|p2a: Comfey|spd|1
|
|-weather|SunnyDay|[upkeep]
|upkeep
|turn|13
|
|t:|1779903951
|move|p1a: Ninetales|Weather Ball|p2a: Comfey
|-damage|p2a: Comfey|78/100
|move|p2a: Comfey|Calm Mind|p2a: Comfey
|-boost|p2a: Comfey|spa|1
|-boost|p2a: Comfey|spd|1
|
|-weather|SunnyDay|[upkeep]
|upkeep
|turn|14
|
|t:|1779903954
|move|p1a: Ninetales|Weather Ball|p2a: Comfey
|-damage|p2a: Comfey|59/100
|move|p2a: Comfey|Calm Mind|p2a: Comfey
|-boost|p2a: Comfey|spa|1
|-boost|p2a: Comfey|spd|1
|
|-weather|SunnyDay|[upkeep]
|-end|p2a: Comfey|Encore
|upkeep
|turn|15
|
|t:|1779903958
|move|p2a: Comfey|Draining Kiss|p1a: Ninetales
|-resisted|p1a: Ninetales
|-damage|p1a: Ninetales|45/100
|-heal|p2a: Comfey|90/100|[from] drain|[of] p1a: Ninetales
|move|p1a: Ninetales|Encore|p2a: Comfey
|-start|p2a: Comfey|Encore
|
|-weather|SunnyDay|[upkeep]
|upkeep
|turn|16
|
|t:|1779903967
|switch|p1a: Kingambit|Kingambit, M|100/100
|-activate|p1a: Kingambit|ability: Supreme Overlord
|-start|p1a: Kingambit|fallen1|[silent]
|-item|p1a: Kingambit|Air Balloon
|move|p2a: Comfey|Draining Kiss|p1a: Kingambit
|-damage|p1a: Kingambit|31/100
|-heal|p2a: Comfey|100/100|[from] drain|[of] p1a: Kingambit
|-enditem|p1a: Kingambit|Air Balloon
|
|-weather|SunnyDay|[upkeep]
|upkeep
|turn|17
|
|t:|1779903971
|move|p2a: Comfey|Draining Kiss|p1a: Kingambit
|-damage|p1a: Kingambit|0 fnt
|faint|p1a: Kingambit
|-end|p1a: Kingambit|fallen1|[silent]
|
|-weather|SunnyDay|[upkeep]
|upkeep
|
|t:|1779903990
|switch|p1a: Raging Bolt|Raging Bolt|100/100
|-item|p1a: Raging Bolt|Air Balloon
|-activate|p1a: Raging Bolt|ability: Protosynthesis
|-start|p1a: Raging Bolt|protosynthesisspa
|turn|18
|
|t:|1779903994
|move|p2a: Comfey|Draining Kiss|p1a: Raging Bolt
|-supereffective|p1a: Raging Bolt
|-crit|p1a: Raging Bolt
|-damage|p1a: Raging Bolt|0 fnt
|-enditem|p1a: Raging Bolt|Air Balloon
|faint|p1a: Raging Bolt
|-end|p1a: Raging Bolt|Protosynthesis|[silent]
|
|-weather|none
|-end|p2a: Comfey|Encore
|upkeep
|c|☆ScarfChompIRL|wow
|c|☆ScarfChompIRL|I think i just lost to that
|c|☆MemesOnToast|yippee
|c|☆ScarfChompIRL|thats
|c|☆ScarfChompIRL|so cool!!!
|c|☆MemesOnToast|gowon comfey
|
|t:|1779904019
|switch|p1a: Great Tusk|Great Tusk|100/100
|turn|19
|
|t:|1779904026
|move|p2a: Comfey|Draining Kiss|p1a: Great Tusk
|-supereffective|p1a: Great Tusk
|-damage|p1a: Great Tusk|0 fnt
|faint|p1a: Great Tusk
|-end|p1a: Great Tusk|Protosynthesis|[silent]
|
|upkeep
|-message|ScarfChompIRL forfeited.
|
|win|MemesOnToast
|raw|ScarfChompIRL's rating: 1373 &rarr; <strong>1350</strong><br />(-23 for losing)
|raw|MemesOnToast's rating: 1313 &rarr; <strong>1336</strong><br />(+23 for winning)
|l|☆ScarfChompIRL
|player|p1|
|c|☆MemesOnToast|gg
|l|☆MemesOnToast
|player|p2|
