|j|☆weiee
|j|☆crust king kahn
|t:|1779869044
|gametype|singles
|player|p1|weiee|170|1471
|player|p2|crust king kahn|169|1489
|gen|9
|tier|[Gen 9] OU
|rated|
|rule|HP Percentage Mod: HP is shown in percentages
|rule|Endless Battle Clause: Forcing endless battles is banned
|rule|Species Clause: Limit one of each Pokémon
|rule|OHKO Clause: OHKO moves are banned
|rule|Evasion Items Clause: Evasion items are banned
|rule|Evasion Moves Clause: Evasion moves are banned
|rule|Evasion Abilities Clause: Evasion abilities are banned
|rule|Sleep Moves Clause: Sleep-inducing moves are banned
|clearpoke
|poke|p1|Salamence, F|
|poke|p1|Glimmora, F|
|poke|p1|Iron Valiant|
|poke|p1|Ogerpon-Wellspring, F|
|poke|p1|Scizor, F|
|poke|p1|Raging Bolt|
|poke|p2|Ninetales, F|
|poke|p2|Walking Wake|
|poke|p2|Raging Bolt|
|poke|p2|Great Tusk|
|poke|p2|Cresselia, F|
|poke|p2|Cinderace, M|
|teampreview
|
|t:|1779869069
|teamsize|p1|6
|teamsize|p2|6
|start
|switch|p1a: Ogerpon|Ogerpon-Wellspring, F|100/100
|switch|p2a: Raging Bolt|Raging Bolt|100/100
|turn|1
|
|t:|1779869077
|move|p1a: Ogerpon|Swords Dance|p1a: Ogerpon
|-boost|p1a: Ogerpon|atk|2
|move|p2a: Raging Bolt|Draco Meteor|p1a: Ogerpon
|-damage|p1a: Ogerpon|5/100
|-unboost|p2a: Raging Bolt|spa|2
|
|upkeep
|turn|2
|inactive|Battle timer is ON: inactive players will automatically lose when time's up. (requested by crust king kahn)
|
|t:|1779869084
|move|p2a: Raging Bolt|Thunderclap||[still]
|-fail|p2a: Raging Bolt
|move|p1a: Ogerpon|Swords Dance|p1a: Ogerpon
|-boost|p1a: Ogerpon|atk|2
|
|upkeep
|turn|3
|
|t:|1779869088
|move|p2a: Raging Bolt|Thunderclap||[still]
|-fail|p2a: Raging Bolt
|move|p1a: Ogerpon|Encore|p2a: Raging Bolt
|-start|p2a: Raging Bolt|Encore
|
|upkeep
|turn|4
|
|t:|1779869093
|-end|p2a: Raging Bolt|Protosynthesis|[silent]
|switch|p2a: Cinderace|Cinderace, M|100/100
|move|p1a: Ogerpon|Swords Dance|p1a: Ogerpon
|-boost|p1a: Ogerpon|atk|2
|
|upkeep
|turn|5
|
|t:|1779869098
|switch|p1a: Glimmora|Glimmora, F|100/100
|move|p2a: Cinderace|U-turn|p1a: Glimmora
|-start|p2a: Cinderace|typechange|Bug|[from] ability: Libero
|-resisted|p1a: Glimmora
|-damage|p1a: Glimmora|68/100
|-activate|p1a: Glimmora|ability: Toxic Debris
|-sidestart|p2: crust king kahn|move: Toxic Spikes
|
|t:|1779869103
|switch|p2a: Cresselia|Cresselia, F, shiny|100/100|[from] U-turn
|
|upkeep
|turn|6
|
|t:|1779869111
|move|p1a: Glimmora|Stealth Rock|p2a: Cresselia
|-sidestart|p2: crust king kahn|move: Stealth Rock
|move|p2a: Cresselia|Psychic|p1a: Glimmora
|-supereffective|p1a: Glimmora
|-damage|p1a: Glimmora|6/100
|
|upkeep
|turn|7
|
|t:|1779869116
|move|p1a: Glimmora|Meteor Beam||[still]
|-prepare|p1a: Glimmora|Meteor Beam
|-boost|p1a: Glimmora|spa|1
|-enditem|p1a: Glimmora|Power Herb
|-anim|p1a: Glimmora|Meteor Beam|p2a: Cresselia
|-damage|p2a: Cresselia|51/100
|move|p2a: Cresselia|Psychic|p1a: Glimmora
|-supereffective|p1a: Glimmora
|-damage|p1a: Glimmora|0 fnt
|faint|p1a: Glimmora
|
|upkeep
|
|t:|1779869119
|switch|p1a: Scizor|Scizor, F|100/100
|turn|8
|
|t:|1779869124
|switch|p2a: Great Tusk|Great Tusk|100/100
|move|p1a: Scizor|U-turn|p2a: Great Tusk
|-resisted|p2a: Great Tusk
|-damage|p2a: Great Tusk|87/100
|
|t:|1779869130
|switch|p1a: Ogerpon|Ogerpon-Wellspring, F|5/100|[from] U-turn
|
|upkeep
|turn|9
|
|t:|1779869135
|-terastallize|p2a: Great Tusk|Ghost
|move|p1a: Ogerpon|Ivy Cudgel|p2a: Great Tusk|[anim] Ivy Cudgel Water
|-damage|p2a: Great Tusk|60/100
|move|p2a: Great Tusk|Rapid Spin|p1a: Ogerpon
|-damage|p1a: Ogerpon|0 fnt
|-boost|p2a: Great Tusk|spe|1
|-sideend|p2: crust king kahn|Toxic Spikes|[from] move: Rapid Spin|[of] p2a: Great Tusk
|-sideend|p2: crust king kahn|Stealth Rock|[from] move: Rapid Spin|[of] p2a: Great Tusk
|faint|p1a: Ogerpon
|
|upkeep
|
|t:|1779869141
|switch|p1a: Iron Valiant|Iron Valiant|100/100
|-enditem|p1a: Iron Valiant|Booster Energy
|-activate|p1a: Iron Valiant|ability: Quark Drive|[fromitem]
|-start|p1a: Iron Valiant|quarkdrivespe
|turn|10
|
|t:|1779869149
|-end|p2a: Great Tusk|Protosynthesis|[silent]
|switch|p2a: Cresselia|Cresselia, F, shiny|51/100
|move|p1a: Iron Valiant|Moonblast|p2a: Cresselia
|-crit|p2a: Cresselia
|-damage|p2a: Cresselia|14/100
|
|upkeep
|turn|11
|
|t:|1779869153
|move|p1a: Iron Valiant|Moonblast|p2a: Cresselia
|-damage|p2a: Cresselia|0 fnt
|faint|p2a: Cresselia
|
|upkeep
|
|t:|1779869163
|switch|p2a: Ninetales|Ninetales, F|100/100
|-weather|SunnyDay|[from] ability: Drought|[of] p2a: Ninetales
|turn|12
|
|t:|1779869166
|move|p1a: Iron Valiant|Moonblast|p2a: Ninetales
|-resisted|p2a: Ninetales
|-damage|p2a: Ninetales|73/100
|move|p2a: Ninetales|Overheat|p1a: Iron Valiant
|-damage|p1a: Iron Valiant|0 fnt
|-unboost|p2a: Ninetales|spa|2
|faint|p1a: Iron Valiant
|-end|p1a: Iron Valiant|Quark Drive|[silent]
|
|-weather|SunnyDay|[upkeep]
|upkeep
|
|t:|1779869170
|switch|p1a: Salamence|Salamence, F|100/100
|turn|13
|
|t:|1779869174
|switch|p2a: Great Tusk|Great Tusk, tera:Ghost|60/100
|-activate|p2a: Great Tusk|ability: Protosynthesis
|-start|p2a: Great Tusk|protosynthesisdef
|move|p1a: Salamence|Substitute|p1a: Salamence
|-start|p1a: Salamence|Substitute
|-damage|p1a: Salamence|76/100
|
|-weather|SunnyDay|[upkeep]
|-heal|p1a: Salamence|82/100|[from] item: Leftovers
|upkeep
|turn|14
|
|t:|1779869182
|move|p1a: Salamence|Dragon Dance|p1a: Salamence
|-boost|p1a: Salamence|atk|1
|-boost|p1a: Salamence|spe|1
|move|p2a: Great Tusk|Ice Spinner|p1a: Salamence
|-supereffective|p1a: Salamence
|-end|p1a: Salamence|Substitute
|
|-weather|SunnyDay|[upkeep]
|-heal|p1a: Salamence|88/100|[from] item: Leftovers
|upkeep
|turn|15
|
|t:|1779869186
|-terastallize|p1a: Salamence|Flying
|move|p1a: Salamence|Dragon Dance|p1a: Salamence
|-boost|p1a: Salamence|atk|1
|-boost|p1a: Salamence|spe|1
|move|p2a: Great Tusk|Ice Spinner|p1a: Salamence
|-supereffective|p1a: Salamence
|-damage|p1a: Salamence|35/100
|
|-weather|SunnyDay|[upkeep]
|-heal|p1a: Salamence|41/100|[from] item: Leftovers
|upkeep
|turn|16
|
|t:|1779869195
|move|p1a: Salamence|Dual Wingbeat|p2a: Great Tusk
|-damage|p2a: Great Tusk|36/100
|-damage|p2a: Great Tusk|15/100
|-hitcount|p2a: Great Tusk|2
|move|p2a: Great Tusk|Ice Spinner|p1a: Salamence
|-supereffective|p1a: Salamence
|-damage|p1a: Salamence|0 fnt
|faint|p1a: Salamence
|
|-weather|SunnyDay|[upkeep]
|upkeep
|-message|weiee forfeited.
|
|win|crust king kahn
|raw|weiee's rating: 1471 &rarr; <strong>1452</strong><br />(-19 for losing)
|raw|crust king kahn's rating: 1489 &rarr; <strong>1508</strong><br />(+19 for winning)
|l|☆weiee
|player|p1|
|l|☆crust king kahn
|player|p2|
