|j|☆X2Muz
|j|☆KnuckleTesting
|t:|1779820284
|gametype|singles
|player|p1|X2Muz|lucas|1621
|player|p2|KnuckleTesting|170|1601
|gen|9
|tier|[Gen 9] OU
|rated|
|rule|HP Percentage Mod: HP is shown in percentages
|rule|Endless Battle Clause: Forcing endless battles is banned
|rule|Species Clause: Limit one of each Pokémon
|rule|OHKO Clause: OHKO moves are banned
|rule|Evasion Items Clause: Evasion items are banned
|rule|Evasion Moves Clause: Evasion moves are banned
|rule|Evasion Abilities Clause: Evasion abilities are banned
|rule|Sleep Moves Clause: Sleep-inducing moves are banned
|clearpoke
|poke|p1|Great Tusk|
|poke|p1|Kingambit, M|
|poke|p1|Raging Bolt|
|poke|p1|Walking Wake|
|poke|p1|Ninetales, F|
|poke|p1|Ceruledge, F|
|poke|p2|Ninetales, F|
|poke|p2|Hatterene, F|
|poke|p2|Cinderace, F|
|poke|p2|Walking Wake|
|poke|p2|Great Tusk|
|poke|p2|Blaziken, M|
|teampreview
|inactive|Battle timer is ON: inactive players will automatically lose when time's up. (requested by KnuckleTesting)
|inactive|X2Muz also wants the timer to be on.
|
|t:|1779820300
|teamsize|p1|6
|teamsize|p2|6
|start
|switch|p1a: Resevoir slogs|Walking Wake|100/100
|switch|p2a: Walking Wake|Walking Wake|100/100
|turn|1
|
|t:|1779820306
|-terastallize|p1a: Resevoir slogs|Fairy
|move|p2a: Walking Wake|Draco Meteor|p1a: Resevoir slogs
|-immune|p1a: Resevoir slogs
|move|p1a: Resevoir slogs|Draco Meteor|p2a: Walking Wake
|-supereffective|p2a: Walking Wake
|-damage|p2a: Walking Wake|0 fnt
|-unboost|p1a: Resevoir slogs|spa|2
|faint|p2a: Walking Wake
|-end|p2a: Walking Wake|Protosynthesis|[silent]
|
|upkeep
|
|t:|1779820312
|switch|p2a: Cinderace|Cinderace, F|100/100
|turn|2
|
|t:|1779820318
|-end|p1a: Resevoir slogs|Protosynthesis|[silent]
|switch|p1a: Red judas|Ceruledge, F|100/100
|-item|p1a: Red judas|Air Balloon
|move|p2a: Cinderace|U-turn|p1a: Red judas
|-resisted|p1a: Red judas
|-damage|p1a: Red judas|90/100
|-ability|p1a: Red judas|Weak Armor|boost
|-unboost|p1a: Red judas|def|1
|-boost|p1a: Red judas|spe|2
|-enditem|p1a: Red judas|Air Balloon
|
|t:|1779820323
|switch|p2a: Ninetales|Ninetales, F|100/100|[from] U-turn
|-weather|SunnyDay|[from] ability: Drought|[of] p2a: Ninetales
|
|-weather|SunnyDay|[upkeep]
|upkeep
|turn|3
|
|t:|1779820334
|move|p1a: Red judas|Swords Dance|p1a: Red judas
|-boost|p1a: Red judas|atk|2
|move|p2a: Ninetales|Memento|p1a: Red judas
|-unboost|p1a: Red judas|atk|2
|-unboost|p1a: Red judas|spa|2
|faint|p2a: Ninetales
|
|-weather|SunnyDay|[upkeep]
|upkeep
|
|t:|1779820342
|switch|p2a: Cinderace|Cinderace, F|100/100
|turn|4
|
|t:|1779820346
|-terastallize|p2a: Cinderace|Fire
|move|p1a: Red judas|Swords Dance|p1a: Red judas
|-boost|p1a: Red judas|atk|2
|move|p2a: Cinderace|Pyro Ball|p1a: Red judas
|-resisted|p1a: Red judas
|-damage|p1a: Red judas|0 fnt
|faint|p1a: Red judas
|
|-weather|SunnyDay|[upkeep]
|upkeep
|
|t:|1779820352
|switch|p1a: Resevoir slogs|Walking Wake, tera:Fairy|100/100
|-activate|p1a: Resevoir slogs|ability: Protosynthesis
|-start|p1a: Resevoir slogs|protosynthesisspe
|turn|5
|
|t:|1779820364
|switch|p2a: Hatterene|Hatterene, F|100/100
|move|p1a: Resevoir slogs|Hydro Steam|p2a: Hatterene
|-damage|p2a: Hatterene|34/100
|-enditem|p2a: Hatterene|Eject Button
|
|t:|1779820367
|switch|p2a: Great Tusk|Great Tusk|100/100
|-activate|p2a: Great Tusk|ability: Protosynthesis
|-start|p2a: Great Tusk|protosynthesisatk
|
|-weather|SunnyDay|[upkeep]
|upkeep
|turn|6
|
|t:|1779820372
|move|p1a: Resevoir slogs|Hydro Steam|p2a: Great Tusk
|-supereffective|p2a: Great Tusk
|-damage|p2a: Great Tusk|21/100
|move|p2a: Great Tusk|Headlong Rush|p1a: Resevoir slogs
|-damage|p1a: Resevoir slogs|13/100
|-unboost|p2a: Great Tusk|def|1
|-unboost|p2a: Great Tusk|spd|1
|
|-weather|SunnyDay|[upkeep]
|upkeep
|turn|7
|
|t:|1779820378
|move|p1a: Resevoir slogs|Hydro Steam|p2a: Great Tusk
|-supereffective|p2a: Great Tusk
|-damage|p2a: Great Tusk|0 fnt
|faint|p2a: Great Tusk
|-end|p2a: Great Tusk|Protosynthesis|[silent]
|
|-weather|SunnyDay|[upkeep]
|upkeep
|
|t:|1779820380
|switch|p2a: Hatterene|Hatterene, F|34/100
|turn|8
|
|t:|1779820383
|move|p1a: Resevoir slogs|Hydro Steam|p2a: Hatterene
|-damage|p2a: Hatterene|0 fnt
|faint|p2a: Hatterene
|
|-weather|SunnyDay|[upkeep]
|upkeep
|
|t:|1779820385
|switch|p2a: Cinderace|Cinderace, F, tera:Fire|100/100
|turn|9
|
|t:|1779820394
|-end|p1a: Resevoir slogs|Protosynthesis|[silent]
|switch|p1a: Angry Nut|Raging Bolt|100/100
|-activate|p1a: Angry Nut|ability: Protosynthesis
|-start|p1a: Angry Nut|protosynthesisspa
|move|p2a: Cinderace|U-turn|p1a: Angry Nut
|-damage|p1a: Angry Nut|72/100
|
|t:|1779820397
|switch|p2a: Blaziken|Blaziken, M|100/100|[from] U-turn
|
|-weather|none
|-end|p1a: Angry Nut|Protosynthesis
|upkeep
|turn|10
|
|t:|1779820402
|move|p2a: Blaziken|Focus Energy|p2a: Blaziken
|-start|p2a: Blaziken|move: Focus Energy
|move|p1a: Angry Nut|Dragon Pulse|p2a: Blaziken
|-damage|p2a: Blaziken|4/100
|-damage|p1a: Angry Nut|63/100|[from] item: Life Orb
|
|-ability|p2a: Blaziken|Speed Boost|boost
|-boost|p2a: Blaziken|spe|1
|upkeep
|turn|11
|
|t:|1779820406
|move|p1a: Angry Nut|Thunderclap|p2a: Blaziken
|-damage|p2a: Blaziken|0 fnt
|faint|p2a: Blaziken
|-damage|p1a: Angry Nut|53/100|[from] item: Life Orb
|
|upkeep
|-message|KnuckleTesting forfeited.
|
|win|X2Muz
|raw|X2Muz's rating: 1621 &rarr; <strong>1640</strong><br />(+19 for winning)
|raw|KnuckleTesting's rating: 1601 &rarr; <strong>1582</strong><br />(-19 for losing)
|l|☆KnuckleTesting
|player|p2|
