|j|☆ihavedepressionnn
|j|☆claudechamp
|t:|1779866384
|gametype|singles
|player|p1|ihavedepressionnn|rosa|1234
|player|p2|claudechamp|169|1224
|gen|9
|tier|[Gen 9] OU
|rated|
|rule|HP Percentage Mod: HP is shown in percentages
|rule|Endless Battle Clause: Forcing endless battles is banned
|rule|Species Clause: Limit one of each Pokémon
|rule|OHKO Clause: OHKO moves are banned
|rule|Evasion Items Clause: Evasion items are banned
|rule|Evasion Moves Clause: Evasion moves are banned
|rule|Evasion Abilities Clause: Evasion abilities are banned
|rule|Sleep Moves Clause: Sleep-inducing moves are banned
|clearpoke
|poke|p1|Hatterene, F|
|poke|p1|Garchomp, F|
|poke|p1|Primarina, M|
|poke|p1|Regieleki|
|poke|p1|Kingambit, F|
|poke|p1|Garganacl, M|
|poke|p2|Corviknight, M|
|poke|p2|Ting-Lu|
|poke|p2|Kyurem|
|poke|p2|Dondozo, F|
|poke|p2|Slowking-Galar, M|
|poke|p2|Cinderace, F|
|teampreview
|c|☆claudechamp|hf
|inactive|Battle timer is ON: inactive players will automatically lose when time's up. (requested by claudechamp)
|
|t:|1779866393
|teamsize|p1|6
|teamsize|p2|6
|start
|switch|p1a: Regieleki|Regieleki|100/100
|switch|p2a: Cinderace|Cinderace, F|100/100
|turn|1
|
|t:|1779866403
|switch|p2a: Kyurem|Kyurem|100/100
|-ability|p2a: Kyurem|Pressure
|move|p1a: Regieleki|Reflect|p1a: Regieleki
|-sidestart|p1: ihavedepressionnn|Reflect
|
|upkeep
|turn|2
|
|t:|1779866407
|move|p1a: Regieleki|Light Screen|p1a: Regieleki
|-sidestart|p1: ihavedepressionnn|move: Light Screen
|move|p2a: Kyurem|Freeze-Dry|p1a: Regieleki
|-damage|p1a: Regieleki|74/100
|
|upkeep
|turn|3
|
|t:|1779866411
|move|p1a: Regieleki|Explosion|p2a: Kyurem
|-damage|p2a: Kyurem|46/100
|faint|p1a: Regieleki
|move|p2a: Kyurem|Freeze-Dry|p1: Regieleki|[notarget]
|-fail|p2a: Kyurem
|
|-heal|p2a: Kyurem|52/100|[from] item: Leftovers
|upkeep
|
|t:|1779866419
|switch|p1a: Garchomp|Garchomp, F|100/100
|turn|4
|
|t:|1779866423
|-terastallize|p1a: Garchomp|Fire
|move|p1a: Garchomp|Swords Dance|p1a: Garchomp
|-boost|p1a: Garchomp|atk|2
|move|p2a: Kyurem|Earth Power|p1a: Garchomp
|-supereffective|p1a: Garchomp
|-damage|p1a: Garchomp|65/100
|
|-heal|p2a: Kyurem|59/100|[from] item: Leftovers
|upkeep
|turn|5
|
|t:|1779866434
|move|p1a: Garchomp|Scale Shot|p2a: Kyurem
|-supereffective|p2a: Kyurem
|-damage|p2a: Kyurem|8/100
|-supereffective|p2a: Kyurem
|-damage|p2a: Kyurem|0 fnt
|faint|p2a: Kyurem
|-hitcount|p2: Kyurem|2
|-unboost|p1a: Garchomp|def|1
|-boost|p1a: Garchomp|spe|1
|
|upkeep
|
|t:|1779866436
|switch|p2a: Ting-Lu|Ting-Lu|100/100
|-ability|p2a: Ting-Lu|Vessel of Ruin
|turn|6
|
|t:|1779866449
|move|p1a: Garchomp|Swords Dance|p1a: Garchomp
|-boost|p1a: Garchomp|atk|2
|move|p2a: Ting-Lu|Earthquake|p1a: Garchomp
|-supereffective|p1a: Garchomp
|-damage|p1a: Garchomp|6/100
|
|upkeep
|turn|7
|
|t:|1779866456
|move|p1a: Garchomp|Scale Shot|p2a: Ting-Lu
|-damage|p2a: Ting-Lu|80/100
|-damage|p2a: Ting-Lu|58/100
|-damage|p2a: Ting-Lu|35/100
|-damage|p2a: Ting-Lu|12/100
|-damage|p2a: Ting-Lu|0 fnt
|faint|p2a: Ting-Lu
|-hitcount|p2: Ting-Lu|5
|-unboost|p1a: Garchomp|def|1
|-boost|p1a: Garchomp|spe|1
|
|upkeep
|
|t:|1779866460
|switch|p2a: Dondozo|Dondozo, F|100/100
|turn|8
|
|t:|1779866471
|move|p1a: Garchomp|Scale Shot|p2a: Dondozo
|-damage|p2a: Dondozo|93/100
|-damage|p2a: Dondozo|85/100
|-damage|p2a: Dondozo|77/100
|-damage|p2a: Dondozo|69/100
|-damage|p2a: Dondozo|61/100
|-hitcount|p2a: Dondozo|5
|-unboost|p1a: Garchomp|def|1
|-boost|p1a: Garchomp|spe|1
|move|p2a: Dondozo|Body Press|p1a: Garchomp
|-damage|p1a: Garchomp|0 fnt
|-damage|p2a: Dondozo|49/100|[from] ability: Rough Skin|[of] p1a: Garchomp
|faint|p1a: Garchomp
|
|-heal|p2a: Dondozo|55/100|[from] item: Leftovers
|-sideend|p1: ihavedepressionnn|Reflect
|upkeep
|
|t:|1779866484
|switch|p1a: Hatterene|Hatterene, F|100/100
|turn|9
|
|t:|1779866487
|move|p1a: Hatterene|Nuzzle|p2a: Dondozo
|-supereffective|p2a: Dondozo
|-damage|p2a: Dondozo|50/100
|-status|p2a: Dondozo|par
|cant|p2a: Dondozo|par
|
|-heal|p2a: Dondozo|56/100 par|[from] item: Leftovers
|-sideend|p1: ihavedepressionnn|move: Light Screen
|upkeep
|turn|10
|
|t:|1779866512
|move|p1a: Hatterene|Psychic Noise|p2a: Dondozo
|-damage|p2a: Dondozo|36/100 par
|-start|p2a: Dondozo|move: Heal Block
|cant|p2a: Dondozo|move: Heal Block|Rest
|
|upkeep
|turn|11
|
|t:|1779866519
|switch|p2a: Slowking|Slowking-Galar, M|100/100
|move|p1a: Hatterene|Psychic Noise|p2a: Slowking
|-damage|p2a: Slowking|74/100
|-start|p2a: Slowking|move: Heal Block
|
|upkeep
|turn|12
|
|t:|1779866531
|switch|p1a: Kingambit|Kingambit, F|100/100
|-activate|p1a: Kingambit|ability: Supreme Overlord
|-start|p1a: Kingambit|fallen2|[silent]
|move|p2a: Slowking|Sludge Bomb|p1a: Kingambit
|-immune|p1a: Kingambit
|
|-end|p2a: Slowking|move: Heal Block
|upkeep
|turn|13
|
|t:|1779866553
|switch|p2a: Dondozo|Dondozo, F|36/100 par
|move|p1a: Kingambit|Swords Dance|p1a: Kingambit
|-boost|p1a: Kingambit|atk|2
|
|-heal|p2a: Dondozo|42/100 par|[from] item: Leftovers
|upkeep
|turn|14
|inactive|ihavedepressionnn has 120 seconds left.
|
|t:|1779866578
|move|p1a: Kingambit|Kowtow Cleave|p2a: Dondozo
|-damage|p2a: Dondozo|8/100 par
|move|p2a: Dondozo|Waterfall|p1a: Kingambit
|-damage|p1a: Kingambit|77/100
|
|-heal|p1a: Kingambit|83/100|[from] item: Leftovers
|-heal|p2a: Dondozo|14/100 par|[from] item: Leftovers
|upkeep
|turn|15
|
|t:|1779866586
|move|p1a: Kingambit|Swords Dance|p1a: Kingambit
|-boost|p1a: Kingambit|atk|2
|cant|p2a: Dondozo|par
|
|-heal|p1a: Kingambit|90/100|[from] item: Leftovers
|-heal|p2a: Dondozo|20/100 par|[from] item: Leftovers
|upkeep
|turn|16
|
|t:|1779866595
|-terastallize|p2a: Dondozo|Dark
|move|p1a: Kingambit|Kowtow Cleave|p2a: Dondozo
|-resisted|p2a: Dondozo
|-damage|p2a: Dondozo|2/100 par
|cant|p2a: Dondozo|par
|
|-heal|p1a: Kingambit|96/100|[from] item: Leftovers
|-heal|p2a: Dondozo|9/100 par|[from] item: Leftovers
|upkeep
|turn|17
|
|t:|1779866605
|move|p1a: Kingambit|Kowtow Cleave|p2a: Dondozo
|-resisted|p2a: Dondozo
|-crit|p2a: Dondozo
|-damage|p2a: Dondozo|0 fnt
|faint|p2a: Dondozo
|
|-heal|p1a: Kingambit|100/100|[from] item: Leftovers
|upkeep
|
|t:|1779866617
|switch|p2a: Cinderace|Cinderace, F|100/100
|turn|18
|
|t:|1779866627
|move|p1a: Kingambit|Sucker Punch|p2a: Cinderace
|-damage|p2a: Cinderace|0 fnt
|faint|p2a: Cinderace
|
|upkeep
|
|t:|1779866639
|switch|p2a: Corviknight|Corviknight, M|100/100
|-ability|p2a: Corviknight|Pressure
|turn|19
|
|t:|1779866646
|move|p1a: Kingambit|Kowtow Cleave|p2a: Corviknight
|-damage|p2a: Corviknight|0 fnt
|-damage|p1a: Kingambit|84/100|[from] item: Rocky Helmet|[of] p2a: Corviknight
|faint|p2a: Corviknight
|
|-heal|p1a: Kingambit|90/100|[from] item: Leftovers
|upkeep
|
|t:|1779866660
|switch|p2a: Slowking|Slowking-Galar, M|100/100
|turn|20
|
|t:|1779866671
|move|p1a: Kingambit|Kowtow Cleave|p2a: Slowking
|-supereffective|p2a: Slowking
|-damage|p2a: Slowking|0 fnt
|faint|p2a: Slowking
|
|win|ihavedepressionnn
|raw|ihavedepressionnn's rating: 1234 &rarr; <strong>1260</strong><br />(+26 for winning)
|raw|claudechamp's rating: 1250 &rarr; <strong>1224</strong><br />(-26 for losing)
|c|☆claudechamp|gg
|c|☆ihavedepressionnn|gg
