|j|☆shauryagarchamp
|j|☆juniorpokr123
|t:|1779843183
|gametype|singles
|player|p1|shauryagarchamp|elesa-masters3|1148
|player|p2|juniorpokr123|170|1104
|gen|9
|tier|[Gen 9] OU
|rated|
|rule|HP Percentage Mod: HP is shown in percentages
|rule|Endless Battle Clause: Forcing endless battles is banned
|rule|Species Clause: Limit one of each Pokémon
|rule|OHKO Clause: OHKO moves are banned
|rule|Evasion Items Clause: Evasion items are banned
|rule|Evasion Moves Clause: Evasion moves are banned
|rule|Evasion Abilities Clause: Evasion abilities are banned
|rule|Sleep Moves Clause: Sleep-inducing moves are banned
|clearpoke
|poke|p1|Ceruledge, F|
|poke|p1|Iron Valiant|
|poke|p1|Raging Bolt|
|poke|p1|Hoopa-Unbound|
|poke|p1|Ogerpon-Wellspring, F|
|poke|p1|Glimmora, F|
|poke|p2|Ursaluna, M|
|poke|p2|Oranguru, M|
|poke|p2|Kingambit, M|
|poke|p2|Farigiraf, F|
|poke|p2|Torkoal, F|
|poke|p2|Chesnaught, F|
|teampreview
|inactive|Battle timer is ON: inactive players will automatically lose when time's up. (requested by shauryagarchamp)
|
|t:|1779843188
|teamsize|p1|6
|teamsize|p2|6
|start
|switch|p1a: Jameswebb|Glimmora, F|100/100
|switch|p2a: Farigiraf|Farigiraf, F|100/100
|-item|p1a: Jameswebb|Air Balloon
|turn|1
|
|t:|1779843193
|move|p1a: Jameswebb|Stealth Rock|p2a: Farigiraf
|-sidestart|p2: juniorpokr123|move: Stealth Rock
|move|p2a: Farigiraf|Trick Room|p2a: Farigiraf
|-fieldstart|move: Trick Room|[of] p2a: Farigiraf
|
|upkeep
|turn|2
|
|t:|1779843199
|move|p2a: Farigiraf|Hyper Voice|p1a: Jameswebb
|-resisted|p1a: Jameswebb
|-damage|p1a: Jameswebb|86/100
|-enditem|p1a: Jameswebb|Air Balloon
|move|p1a: Jameswebb|Toxic|p2a: Farigiraf
|-status|p2a: Farigiraf|tox
|
|-damage|p2a: Farigiraf|94/100 tox|[from] psn
|upkeep
|turn|3
|
|t:|1779843208
|move|p2a: Farigiraf|Foul Play|p1a: Jameswebb
|-damage|p1a: Jameswebb|76/100
|move|p1a: Jameswebb|Power Gem|p2a: Farigiraf
|-damage|p2a: Farigiraf|62/100 tox
|-enditem|p2a: Farigiraf|Eject Button
|
|t:|1779843214
|switch|p2a: Ursaluna|Ursaluna, M, shiny|100/100
|-damage|p2a: Ursaluna|94/100|[from] Stealth Rock
|
|-status|p2a: Ursaluna|brn|[from] item: Flame Orb
|upkeep
|turn|4
|
|t:|1779843227
|move|p2a: Ursaluna|Earthquake|p1a: Jameswebb
|-supereffective|p1a: Jameswebb
|-damage|p1a: Jameswebb|0 fnt
|faint|p1a: Jameswebb
|
|-damage|p2a: Ursaluna|88/100 brn|[from] brn
|upkeep
|
|t:|1779843240
|switch|p1a: Happy inside!|Ogerpon-Wellspring, F|100/100
|turn|5
|
|t:|1779843247
|move|p2a: Ursaluna|Facade|p1a: Happy inside!
|-damage|p1a: Happy inside!|0 fnt
|faint|p1a: Happy inside!
|
|-damage|p2a: Ursaluna|82/100 brn|[from] brn
|-fieldend|move: Trick Room
|upkeep
|
|t:|1779843260
|switch|p1a: Naam hi kaafi h|Ceruledge, F, shiny|100/100
|turn|6
|
|t:|1779843265
|switch|p2a: Farigiraf|Farigiraf, F|62/100 tox
|-damage|p2a: Farigiraf|50/100 tox|[from] Stealth Rock
|-terastallize|p1a: Naam hi kaafi h|Grass
|move|p1a: Naam hi kaafi h|Swords Dance|p1a: Naam hi kaafi h
|-boost|p1a: Naam hi kaafi h|atk|2
|
|-damage|p2a: Farigiraf|44/100 tox|[from] psn
|upkeep
|turn|7
|
|t:|1779843274
|move|p1a: Naam hi kaafi h|Bitter Blade|p2a: Farigiraf
|-damage|p2a: Farigiraf|0 fnt
|faint|p2a: Farigiraf
|
|upkeep
|
|t:|1779843280
|switch|p2a: Oranguru|Oranguru, M|100/100
|-damage|p2a: Oranguru|88/100|[from] Stealth Rock
|turn|8
|
|t:|1779843289
|move|p1a: Naam hi kaafi h|Bitter Blade|p2a: Oranguru
|-damage|p2a: Oranguru|0 fnt
|faint|p2a: Oranguru
|
|upkeep
|
|t:|1779843296
|switch|p2a: Torkoal|Torkoal, F|100/100
|-damage|p2a: Torkoal|76/100|[from] Stealth Rock
|-weather|SunnyDay|[from] ability: Drought|[of] p2a: Torkoal
|turn|9
|
|t:|1779843303
|move|p1a: Naam hi kaafi h|Swords Dance|p1a: Naam hi kaafi h
|-boost|p1a: Naam hi kaafi h|atk|2
|move|p2a: Torkoal|Eruption|p1a: Naam hi kaafi h
|-start|p1a: Naam hi kaafi h|ability: Flash Fire
|
|-weather|SunnyDay|[upkeep]
|upkeep
|turn|10
|-message|juniorpokr123 forfeited.
|
|win|shauryagarchamp
|raw|shauryagarchamp's rating: 1148 &rarr; <strong>1170</strong><br />(+22 for winning)
|raw|juniorpokr123's rating: 1104 &rarr; <strong>1082</strong><br />(-22 for losing)
|l|☆juniorpokr123
|player|p2|
|l|☆shauryagarchamp
|player|p1|
