|j|☆GabrielaVitoria016
|j|☆pokemaster3592
|t:|1779843007
|gametype|singles
|player|p1|GabrielaVitoria016|1|1095
|player|p2|pokemaster3592|volkner|1053
|gen|9
|tier|[Gen 9] OU
|rated|
|rule|HP Percentage Mod: HP is shown in percentages
|rule|Endless Battle Clause: Forcing endless battles is banned
|rule|Species Clause: Limit one of each Pokémon
|rule|OHKO Clause: OHKO moves are banned
|rule|Evasion Items Clause: Evasion items are banned
|rule|Evasion Moves Clause: Evasion moves are banned
|rule|Evasion Abilities Clause: Evasion abilities are banned
|rule|Sleep Moves Clause: Sleep-inducing moves are banned
|clearpoke
|poke|p1|Great Tusk|
|poke|p1|Kingambit, M|
|poke|p1|Rotom-Wash|
|poke|p1|Hatterene, F|
|poke|p1|Iron Valiant|
|poke|p1|Toxtricity, M|
|poke|p2|Flareon, F|
|poke|p2|Azumarill, F|
|poke|p2|Bronzong|
|poke|p2|Araquanid, M|
|poke|p2|Hydreigon, F|
|poke|p2|Flygon, M|
|teampreview
|inactive|Battle timer is ON: inactive players will automatically lose when time's up. (requested by pokemaster3592)
|
|t:|1779843014
|teamsize|p1|6
|teamsize|p2|6
|start
|switch|p1a: Rotom|Rotom-Wash|100/100
|switch|p2a: Azumarill|Azumarill, F|100/100
|turn|1
|
|t:|1779843022
|move|p1a: Rotom|Volt Switch|p2a: Azumarill
|-supereffective|p2a: Azumarill
|-damage|p2a: Azumarill|51/100
|
|t:|1779843027
|switch|p1a: Bebê Chorão|Toxtricity, M, shiny|100/100|[from] Volt Switch
|move|p2a: Azumarill|Whirlpool|p1a: Bebê Chorão
|-damage|p1a: Bebê Chorão|90/100
|-activate|p1a: Bebê Chorão|move: Whirlpool|[of] p2a: Azumarill
|
|-heal|p2a: Azumarill|58/100|[from] item: Leftovers
|-damage|p1a: Bebê Chorão|78/100|[from] move: Whirlpool|[partiallytrapped]
|upkeep
|turn|2
|
|t:|1779843032
|move|p2a: Azumarill|Protect|p2a: Azumarill
|-singleturn|p2a: Azumarill|Protect
|move|p1a: Bebê Chorão|Shift Gear|p1a: Bebê Chorão
|-boost|p1a: Bebê Chorão|spe|2
|-boost|p1a: Bebê Chorão|atk|1
|
|-heal|p2a: Azumarill|64/100|[from] item: Leftovers
|-damage|p1a: Bebê Chorão|65/100|[from] move: Whirlpool|[partiallytrapped]
|upkeep
|turn|3
|
|t:|1779843039
|move|p1a: Bebê Chorão|Overdrive|p2a: Azumarill
|-supereffective|p2a: Azumarill
|-damage|p2a: Azumarill|0 fnt
|faint|p2a: Azumarill
|-enditem|p1a: Bebê Chorão|Throat Spray
|-boost|p1a: Bebê Chorão|spa|1|[from] item: Throat Spray
|
|-end|p1a: Bebê Chorão|Whirlpool|[partiallytrapped]|[silent]
|upkeep
|
|t:|1779843044
|switch|p2a: Flygon|Flygon, M|100/100
|turn|4
|
|t:|1779843050
|move|p1a: Bebê Chorão|Boomburst|p2a: Flygon
|-damage|p2a: Flygon|0 fnt
|faint|p2a: Flygon
|
|upkeep
|
|t:|1779843054
|switch|p2a: Bronzong|Bronzong|100/100
|turn|5
|
|t:|1779843057
|move|p1a: Bebê Chorão|Overdrive|p2a: Bronzong
|-damage|p2a: Bronzong|27/100
|move|p2a: Bronzong|Light Screen|p2a: Bronzong
|-sidestart|p2: pokemaster3592|move: Light Screen
|
|upkeep
|turn|6
|
|t:|1779843061
|move|p1a: Bebê Chorão|Shift Gear|p1a: Bebê Chorão
|-boost|p1a: Bebê Chorão|spe|2
|-boost|p1a: Bebê Chorão|atk|1
|move|p2a: Bronzong|Reflect|p2a: Bronzong
|-sidestart|p2: pokemaster3592|Reflect
|
|upkeep
|turn|7
|
|t:|1779843065
|move|p1a: Bebê Chorão|Shift Gear|p1a: Bebê Chorão
|-boost|p1a: Bebê Chorão|spe|2
|-boost|p1a: Bebê Chorão|atk|1
|move|p2a: Bronzong|Gyro Ball|p1a: Bebê Chorão
|-resisted|p1a: Bebê Chorão
|-damage|p1a: Bebê Chorão|34/100
|
|upkeep
|turn|8
|
|t:|1779843071
|move|p1a: Bebê Chorão|Overdrive|p2a: Bronzong
|-damage|p2a: Bronzong|0 fnt
|faint|p2a: Bronzong
|
|upkeep
|
|t:|1779843083
|switch|p2a: Flareon|Flareon, F|100/100
|turn|9
|
|t:|1779843089
|-terastallize|p2a: Flareon|Rock
|move|p1a: Bebê Chorão|Poison Jab|p2a: Flareon
|-resisted|p2a: Flareon
|-damage|p2a: Flareon|72/100
|move|p2a: Flareon|Flame Charge|p1a: Bebê Chorão
|-damage|p1a: Bebê Chorão|0 fnt
|-boost|p2a: Flareon|spe|1
|faint|p1a: Bebê Chorão
|
|upkeep
|
|t:|1779843096
|switch|p1a: Palmada|Hatterene, F|100/100
|turn|10
|
|t:|1779843099
|move|p2a: Flareon|Flare Blitz|p1a: Palmada
|-damage|p1a: Palmada|26/100
|-damage|p2a: Flareon|43/100|[from] Recoil
|move|p1a: Palmada|Nuzzle|p2a: Flareon
|-damage|p2a: Flareon|39/100
|-status|p2a: Flareon|par
|
|-heal|p1a: Palmada|32/100|[from] item: Leftovers
|upkeep
|turn|11
|
|t:|1779843108
|move|p2a: Flareon|Flare Blitz|p1a: Palmada
|-damage|p1a: Palmada|0 fnt
|faint|p1a: Palmada
|-damage|p2a: Flareon|26/100 par|[from] Recoil
|
|upkeep
|
|t:|1779843114
|switch|p1a: Rotom|Rotom-Wash|100/100
|turn|12
|
|t:|1779843117
|move|p2a: Flareon|Quick Attack|p1a: Rotom
|-damage|p1a: Rotom|85/100
|move|p1a: Rotom|Hydro Pump|p2a: Flareon
|-supereffective|p2a: Flareon
|-damage|p2a: Flareon|0 fnt
|faint|p2a: Flareon
|
|-heal|p1a: Rotom|92/100|[from] item: Leftovers
|-sideend|p2: pokemaster3592|move: Light Screen
|upkeep
|
|t:|1779843121
|switch|p2a: Araquanid|Araquanid, M, shiny|100/100
|turn|13
|
|t:|1779843127
|move|p1a: Rotom|Will-O-Wisp|p2a: Araquanid
|-status|p2a: Araquanid|brn
|move|p2a: Araquanid|Sticky Web|p1a: Rotom
|-sidestart|p1: GabrielaVitoria016|move: Sticky Web
|
|-heal|p1a: Rotom|98/100|[from] item: Leftovers
|-damage|p2a: Araquanid|94/100 brn|[from] brn
|-sideend|p2: pokemaster3592|Reflect
|upkeep
|turn|14
|
|t:|1779843137
|switch|p2a: Hydreigon|Hydreigon, F|100/100
|move|p1a: Rotom|Hydro Pump|p2a: Hydreigon|[miss]
|-miss|p1a: Rotom|p2a: Hydreigon
|
|-heal|p1a: Rotom|100/100|[from] item: Leftovers
|upkeep
|turn|15
|
|t:|1779843144
|move|p2a: Hydreigon|Dark Pulse|p1a: Rotom
|-damage|p1a: Rotom|37/100
|move|p1a: Rotom|Will-O-Wisp|p2a: Hydreigon
|-status|p2a: Hydreigon|brn
|
|-heal|p1a: Rotom|43/100|[from] item: Leftovers
|-damage|p2a: Hydreigon|94/100 brn|[from] brn
|upkeep
|turn|16
|
|t:|1779843151
|move|p2a: Hydreigon|Dark Pulse|p1a: Rotom
|-damage|p1a: Rotom|0 fnt
|faint|p1a: Rotom
|
|-damage|p2a: Hydreigon|88/100 brn|[from] brn
|upkeep
|
|t:|1779843154
|switch|p1a: Zoro|Iron Valiant|100/100
|-activate|p1a: Zoro|move: Sticky Web
|-unboost|p1a: Zoro|spe|1
|turn|17
|
|t:|1779843157
|switch|p2a: Araquanid|Araquanid, M, shiny|94/100 brn
|move|p1a: Zoro|Moonblast|p2a: Araquanid
|-damage|p2a: Araquanid|46/100 brn
|-damage|p1a: Zoro|91/100|[from] item: Life Orb
|
|-damage|p2a: Araquanid|40/100 brn|[from] brn
|upkeep
|turn|18
|
|t:|1779843167
|-end|p1a: Zoro|Quark Drive|[silent]
|switch|p1a: Great Tusk|Great Tusk|100/100
|move|p2a: Araquanid|Liquidation|p1a: Great Tusk
|-supereffective|p1a: Great Tusk
|-damage|p1a: Great Tusk|84/100
|-unboost|p1a: Great Tusk|def|1
|
|-damage|p2a: Araquanid|33/100 brn|[from] brn
|upkeep
|turn|19
|
|t:|1779843172
|move|p1a: Great Tusk|Rapid Spin|p2a: Araquanid
|-damage|p2a: Araquanid|19/100 brn
|-boost|p1a: Great Tusk|spe|1
|-damage|p1a: Great Tusk|68/100|[from] item: Rocky Helmet|[of] p2a: Araquanid
|-sideend|p1: GabrielaVitoria016|Sticky Web|[from] move: Rapid Spin|[of] p1a: Great Tusk
|move|p2a: Araquanid|Ice Beam|p1a: Great Tusk
|-supereffective|p1a: Great Tusk
|-damage|p1a: Great Tusk|36/100
|
|-damage|p2a: Araquanid|13/100 brn|[from] brn
|upkeep
|turn|20
|
|t:|1779843179
|move|p1a: Great Tusk|Rapid Spin|p2a: Araquanid
|-damage|p2a: Araquanid|0 fnt
|-boost|p1a: Great Tusk|spe|1
|-damage|p1a: Great Tusk|20/100|[from] item: Rocky Helmet|[of] p2a: Araquanid
|faint|p2a: Araquanid
|
|upkeep
|
|t:|1779843181
|switch|p2a: Hydreigon|Hydreigon, F|88/100 brn
|turn|21
|
|t:|1779843189
|move|p1a: Great Tusk|Close Combat|p2a: Hydreigon
|-supereffective|p2a: Hydreigon
|-damage|p2a: Hydreigon|0 fnt
|-unboost|p1a: Great Tusk|def|1
|-unboost|p1a: Great Tusk|spd|1
|faint|p2a: Hydreigon
|
|win|GabrielaVitoria016
|raw|GabrielaVitoria016's rating: 1095 &rarr; <strong>1118</strong><br />(+23 for winning)
|raw|pokemaster3592's rating: 1053 &rarr; <strong>1037</strong><br />(-16 for losing)
|l|☆GabrielaVitoria016
|player|p1|
|l|☆pokemaster3592
|player|p2|
