|j|☆eevee1995
|j|☆marxistpiplupist
|t:|1779905895
|gametype|singles
|player|p1|eevee1995|maxie-gen6|1127
|player|p2|marxistpiplupist|drayden|1083
|gen|9
|tier|[Gen 9] OU
|rated|
|rule|HP Percentage Mod: HP is shown in percentages
|rule|Endless Battle Clause: Forcing endless battles is banned
|rule|Species Clause: Limit one of each Pokémon
|rule|OHKO Clause: OHKO moves are banned
|rule|Evasion Items Clause: Evasion items are banned
|rule|Evasion Moves Clause: Evasion moves are banned
|rule|Evasion Abilities Clause: Evasion abilities are banned
|rule|Sleep Moves Clause: Sleep-inducing moves are banned
|clearpoke
|poke|p1|Mandibuzz, F|
|poke|p1|Porygon-Z|
|poke|p1|Staraptor, M|
|poke|p1|Zoroark-Hisui, M|
|poke|p1|Greedent, M|
|poke|p1|Ting-Lu|
|poke|p2|Dragapult, M|
|poke|p2|Serperior, M|
|poke|p2|Dragonite, M|
|poke|p2|Hatterene, F|
|poke|p2|Torkoal, M|
|poke|p2|Okidogi, M|
|teampreview
|inactive|Battle timer is ON: inactive players will automatically lose when time's up. (requested by eevee1995)
|
|t:|1779905906
|teamsize|p1|6
|teamsize|p2|6
|start
|switch|p1a: Goon With a Spoon|Ting-Lu, shiny|100/100
|switch|p2a: Assata|Hatterene, F|100/100
|turn|1
|
|t:|1779905916
|switch|p1a: Dees Big Nuts|Greedent, M, shiny|100/100
|move|p2a: Assata|Trick Room|p2a: Assata
|-fieldstart|move: Trick Room|[of] p2a: Assata
|
|upkeep
|turn|2
|
|t:|1779905941
|move|p1a: Dees Big Nuts|Swords Dance|p1a: Dees Big Nuts
|-boost|p1a: Dees Big Nuts|atk|2
|move|p2a: Assata|Psychic Noise|p1a: Dees Big Nuts
|-damage|p1a: Dees Big Nuts|58/100
|-start|p1a: Dees Big Nuts|move: Heal Block
|
|upkeep
|turn|3
|
|t:|1779905953
|switch|p2a: Lenin|Torkoal, M, shiny|100/100
|-weather|SunnyDay|[from] ability: Drought|[of] p2a: Lenin
|move|p1a: Dees Big Nuts|Body Slam|p2a: Lenin
|-damage|p2a: Lenin|38/100
|
|-weather|SunnyDay|[upkeep]
|-end|p1a: Dees Big Nuts|move: Heal Block
|upkeep
|turn|4
|
|t:|1779905968
|move|p2a: Lenin|Will-O-Wisp|p1a: Dees Big Nuts
|-status|p1a: Dees Big Nuts|brn
|move|p1a: Dees Big Nuts|Earthquake|p2a: Lenin
|-supereffective|p2a: Lenin
|-damage|p2a: Lenin|0 fnt
|faint|p2a: Lenin
|
|-weather|SunnyDay|[upkeep]
|-damage|p1a: Dees Big Nuts|52/100 brn|[from] brn
|upkeep
|
|t:|1779905980
|switch|p2a: Mao|Dragonite, M, shiny|100/100
|turn|5
|
|t:|1779905984
|move|p1a: Dees Big Nuts|Body Slam|p2a: Mao
|-damage|p2a: Mao|79/100
|move|p2a: Mao|Encore|p1a: Dees Big Nuts
|-start|p1a: Dees Big Nuts|Encore
|
|-weather|SunnyDay|[upkeep]
|-damage|p1a: Dees Big Nuts|46/100 brn|[from] brn
|-fieldend|move: Trick Room
|upkeep
|-enditem|p1a: Dees Big Nuts|Sitrus Berry|[eat]
|-heal|p1a: Dees Big Nuts|71/100 brn|[from] item: Sitrus Berry
|-heal|p1a: Dees Big Nuts|100/100 brn|[from] ability: Cheek Pouch
|turn|6
|-message|marxistpiplupist forfeited.
|
|win|eevee1995
|raw|eevee1995's rating: 1127 &rarr; <strong>1149</strong><br />(+22 for winning)
|raw|marxistpiplupist's rating: 1083 &rarr; <strong>1063</strong><br />(-20 for losing)
|l|☆marxistpiplupist
|player|p2|
