|j|☆Fear covraa
|j|☆Plaqueboyhax
|t:|1779842326
|gametype|singles
|player|p1|Fear covraa|waiter-gen4|1382
|player|p2|Plaqueboyhax|lucas|1417
|gen|9
|tier|[Gen 9] OU
|rated|
|rule|HP Percentage Mod: HP is shown in percentages
|rule|Endless Battle Clause: Forcing endless battles is banned
|rule|Species Clause: Limit one of each Pokémon
|rule|OHKO Clause: OHKO moves are banned
|rule|Evasion Items Clause: Evasion items are banned
|rule|Evasion Moves Clause: Evasion moves are banned
|rule|Evasion Abilities Clause: Evasion abilities are banned
|rule|Sleep Moves Clause: Sleep-inducing moves are banned
|clearpoke
|poke|p1|Great Tusk|
|poke|p1|Thundurus, M|
|poke|p1|Polteageist-Antique|
|poke|p1|Glimmora, F|
|poke|p1|Darkrai|
|poke|p1|Zamazenta-*|
|poke|p2|Latios, M|
|poke|p2|Rotom-Wash|
|poke|p2|Gholdengo|
|poke|p2|Ting-Lu|
|poke|p2|Iron Valiant|
|poke|p2|Hydreigon, M|
|teampreview
|inactive|Battle timer is ON: inactive players will automatically lose when time's up. (requested by Fear covraa)
|inactive|Plaqueboyhax also wants the timer to be on.
|
|t:|1779842335
|teamsize|p1|6
|teamsize|p2|6
|start
|switch|p1a: Glimmora|Glimmora, F|100/100
|switch|p2a: Over My Dead Lati|Latios, M|100/100
|turn|1
|
|t:|1779842338
|move|p2a: Over My Dead Lati|Luster Purge|p1a: Glimmora
|-supereffective|p1a: Glimmora
|-enditem|p1a: Glimmora|Focus Sash
|-damage|p1a: Glimmora|1/100
|move|p1a: Glimmora|Stealth Rock|p2a: Over My Dead Lati
|-sidestart|p2: Plaqueboyhax|move: Stealth Rock
|
|upkeep
|turn|2
|
|t:|1779842344
|move|p2a: Over My Dead Lati|Luster Purge|p1a: Glimmora
|-supereffective|p1a: Glimmora
|-damage|p1a: Glimmora|0 fnt
|faint|p1a: Glimmora
|
|upkeep
|
|t:|1779842349
|switch|p1a: Darkrai|Darkrai|100/100
|turn|3
|
|t:|1779842352
|switch|p2a: Ting-Chillin|Ting-Lu|100/100
|-damage|p2a: Ting-Chillin|94/100|[from] Stealth Rock
|-ability|p2a: Ting-Chillin|Vessel of Ruin
|move|p1a: Darkrai|Nasty Plot|p1a: Darkrai
|-boost|p1a: Darkrai|spa|2
|
|-heal|p2a: Ting-Chillin|100/100|[from] item: Leftovers
|upkeep
|turn|4
|
|t:|1779842354
|move|p1a: Darkrai|Sludge Bomb|p2a: Ting-Chillin
|-resisted|p2a: Ting-Chillin
|-damage|p2a: Ting-Chillin|88/100
|move|p2a: Ting-Chillin|Whirlwind|p1a: Darkrai
|drag|p1a: Tea|Polteageist-Antique|100/100
|
|-heal|p2a: Ting-Chillin|94/100|[from] item: Leftovers
|upkeep
|turn|5
|
|t:|1779842361
|switch|p1a: Thundurus|Thundurus, M|100/100
|move|p2a: Ting-Chillin|Ruination|p1a: Thundurus
|-damage|p1a: Thundurus|51/100
|
|-heal|p2a: Ting-Chillin|100/100|[from] item: Leftovers
|upkeep
|turn|6
|
|t:|1779842365
|switch|p2a: GDhengo Unrained|Gholdengo|100/100
|-damage|p2a: GDhengo Unrained|94/100|[from] Stealth Rock
|-item|p2a: GDhengo Unrained|Air Balloon
|move|p1a: Thundurus|Agility|p1a: Thundurus
|-boost|p1a: Thundurus|spe|2
|
|upkeep
|turn|7
|
|t:|1779842374
|move|p1a: Thundurus|Supercell Slam|p2a: GDhengo Unrained
|-damage|p2a: GDhengo Unrained|54/100
|-enditem|p2a: GDhengo Unrained|Air Balloon
|move|p2a: GDhengo Unrained|Hex|p1a: Thundurus
|-damage|p1a: Thundurus|10/100
|
|upkeep
|turn|8
|
|t:|1779842382
|move|p1a: Thundurus|Supercell Slam|p2a: GDhengo Unrained
|-damage|p2a: GDhengo Unrained|15/100
|move|p2a: GDhengo Unrained|Recover|p2a: GDhengo Unrained
|-heal|p2a: GDhengo Unrained|65/100
|
|upkeep
|turn|9
|
|t:|1779842386
|move|p1a: Thundurus|Supercell Slam|p2a: GDhengo Unrained
|-damage|p2a: GDhengo Unrained|25/100
|move|p2a: GDhengo Unrained|Recover|p2a: GDhengo Unrained
|-heal|p2a: GDhengo Unrained|75/100
|
|upkeep
|turn|10
|
|t:|1779842389
|move|p1a: Thundurus|Supercell Slam|p2a: GDhengo Unrained
|-damage|p2a: GDhengo Unrained|35/100
|move|p2a: GDhengo Unrained|Recover|p2a: GDhengo Unrained
|-heal|p2a: GDhengo Unrained|85/100
|
|upkeep
|turn|11
|
|t:|1779842391
|move|p1a: Thundurus|Supercell Slam|p2a: GDhengo Unrained
|-damage|p2a: GDhengo Unrained|48/100
|move|p2a: GDhengo Unrained|Recover|p2a: GDhengo Unrained
|-heal|p2a: GDhengo Unrained|98/100
|
|upkeep
|turn|12
|
|t:|1779842395
|move|p1a: Thundurus|Supercell Slam|p2a: GDhengo Unrained
|-damage|p2a: GDhengo Unrained|62/100
|move|p2a: GDhengo Unrained|Hex|p1a: Thundurus
|-damage|p1a: Thundurus|0 fnt
|faint|p1a: Thundurus
|
|upkeep
|
|t:|1779842403
|switch|p1a: Darkrai|Darkrai|100/100
|turn|13
|
|t:|1779842405
|move|p1a: Darkrai|Nasty Plot|p1a: Darkrai
|-boost|p1a: Darkrai|spa|2
|move|p2a: GDhengo Unrained|Thunder Wave|p1a: Darkrai
|-status|p1a: Darkrai|par
|
|upkeep
|turn|14
|
|t:|1779842408
|switch|p2a: Ting-Chillin|Ting-Lu|100/100
|-damage|p2a: Ting-Chillin|94/100|[from] Stealth Rock
|-ability|p2a: Ting-Chillin|Vessel of Ruin
|move|p1a: Darkrai|Dark Pulse|p2a: Ting-Chillin
|-resisted|p2a: Ting-Chillin
|-damage|p2a: Ting-Chillin|76/100
|
|-heal|p2a: Ting-Chillin|82/100|[from] item: Leftovers
|upkeep
|turn|15
|
|t:|1779842424
|move|p1a: Darkrai|Ice Beam|p2a: Ting-Chillin
|-supereffective|p2a: Ting-Chillin
|-damage|p2a: Ting-Chillin|27/100
|move|p2a: Ting-Chillin|Earthquake|p1a: Darkrai
|-damage|p1a: Darkrai|55/100 par
|
|-heal|p2a: Ting-Chillin|34/100|[from] item: Leftovers
|upkeep
|turn|16
|
|t:|1779842429
|move|p1a: Darkrai|Ice Beam|p2a: Ting-Chillin
|-supereffective|p2a: Ting-Chillin
|-damage|p2a: Ting-Chillin|0 fnt
|faint|p2a: Ting-Chillin
|
|upkeep
|
|t:|1779842432
|switch|p2a: Iron Von|Iron Valiant|100/100
|turn|17
|
|t:|1779842437
|move|p2a: Iron Von|Moonblast|p1a: Darkrai
|-supereffective|p1a: Darkrai
|-damage|p1a: Darkrai|0 fnt
|faint|p1a: Darkrai
|
|upkeep
|
|t:|1779842461
|switch|p1a: Tea|Polteageist-Antique|100/100
|turn|18
|
|t:|1779842464
|move|p2a: Iron Von|Knock Off|p1a: Tea
|-supereffective|p1a: Tea
|-enditem|p1a: Tea|Focus Sash
|-damage|p1a: Tea|1/100
|-ability|p1a: Tea|Weak Armor|boost
|-unboost|p1a: Tea|def|1
|-boost|p1a: Tea|spe|2
|move|p1a: Tea|Shell Smash|p1a: Tea
|-unboost|p1a: Tea|def|1
|-unboost|p1a: Tea|spd|1
|-boost|p1a: Tea|atk|2
|-boost|p1a: Tea|spa|2
|-boost|p1a: Tea|spe|2
|
|upkeep
|turn|19
|
|t:|1779842472
|-end|p2a: Iron Von|Quark Drive|[silent]
|switch|p2a: Fastlane|Hydreigon, M|100/100
|-damage|p2a: Fastlane|88/100|[from] Stealth Rock
|move|p1a: Tea|Shadow Ball|p2a: Fastlane
|-resisted|p2a: Fastlane
|-damage|p2a: Fastlane|42/100
|
|upkeep
|turn|20
|
|t:|1779842478
|move|p1a: Tea|Shadow Ball|p2a: Fastlane
|-resisted|p2a: Fastlane
|-damage|p2a: Fastlane|0 fnt
|faint|p2a: Fastlane
|
|upkeep
|
|t:|1779842492
|switch|p2a: Over My Dead Lati|Latios, M|100/100
|-damage|p2a: Over My Dead Lati|88/100|[from] Stealth Rock
|turn|21
|
|t:|1779842495
|-terastallize|p2a: Over My Dead Lati|Dragon
|move|p1a: Tea|Stored Power|p2a: Over My Dead Lati
|-damage|p2a: Over My Dead Lati|0 fnt
|faint|p2a: Over My Dead Lati
|
|upkeep
|
|t:|1779842498
|switch|p2a: Earl Sweatshirt|Rotom-Wash|100/100
|-damage|p2a: Earl Sweatshirt|88/100|[from] Stealth Rock
|turn|22
|
|t:|1779842500
|move|p1a: Tea|Stored Power|p2a: Earl Sweatshirt
|-damage|p2a: Earl Sweatshirt|0 fnt
|faint|p2a: Earl Sweatshirt
|
|upkeep
|-message|Plaqueboyhax forfeited.
|
|win|Fear covraa
|raw|Fear covraa's rating: 1382 &rarr; <strong>1404</strong><br />(+22 for winning)
|raw|Plaqueboyhax's rating: 1417 &rarr; <strong>1395</strong><br />(-22 for losing)
|l|☆Plaqueboyhax
|player|p2|
|l|☆Fear covraa
|player|p1|
