|j|☆thehatfiend
|j|☆CArcher
|t:|1779800965
|gametype|singles
|player|p1|thehatfiend|pokemonranger-gen4|1129
|player|p2|CArcher|steven|1123
|gen|9
|tier|[Gen 9] OU
|rated|
|rule|HP Percentage Mod: HP is shown in percentages
|rule|Endless Battle Clause: Forcing endless battles is banned
|rule|Species Clause: Limit one of each Pokémon
|rule|OHKO Clause: OHKO moves are banned
|rule|Evasion Items Clause: Evasion items are banned
|rule|Evasion Moves Clause: Evasion moves are banned
|rule|Evasion Abilities Clause: Evasion abilities are banned
|rule|Sleep Moves Clause: Sleep-inducing moves are banned
|clearpoke
|poke|p1|Scizor, F|
|poke|p1|Greninja-*, M|
|poke|p1|Corviknight, M|
|poke|p1|Goodra-Hisui, M|
|poke|p1|Muk-Alola, M|
|poke|p1|Cinderace, F|
|poke|p2|Weezing-Galar, F|
|poke|p2|Alomomola, M|
|poke|p2|Iron Treads|
|poke|p2|Tornadus-Therian, M|
|poke|p2|Zamazenta-*|
|poke|p2|Lokix, M|
|teampreview
|
|t:|1779800982
|teamsize|p1|6
|teamsize|p2|6
|start
|switch|p1a: Muk|Muk-Alola, M, shiny|100/100
|switch|p2a: Iron Treads|Iron Treads|100/100
|turn|1
|
|t:|1779800996
|switch|p1a: Goodra|Goodra-Hisui, M, shiny|100/100
|move|p2a: Iron Treads|Stealth Rock|p1a: Goodra
|-sidestart|p1: thehatfiend|move: Stealth Rock
|
|upkeep
|turn|2
|
|t:|1779801006
|-end|p2a: Iron Treads|Quark Drive|[silent]
|switch|p2a: Weezing|Weezing-Galar, F|100/100
|-ability|p2a: Weezing|Neutralizing Gas
|move|p1a: Goodra|Flamethrower|p2a: Weezing
|-damage|p2a: Weezing|60/100
|
|-heal|p2a: Weezing|66/100|[from] item: Leftovers
|upkeep
|turn|3
|
|t:|1779801014
|move|p2a: Weezing|Will-O-Wisp|p1a: Goodra
|-status|p1a: Goodra|brn
|move|p1a: Goodra|Flash Cannon|p2a: Weezing
|-supereffective|p2a: Weezing
|-damage|p2a: Weezing|0 fnt
|faint|p2a: Weezing
|-end|p2a: Weezing|ability: Neutralizing Gas
|
|-damage|p1a: Goodra|94/100 brn|[from] brn
|upkeep
|
|t:|1779801029
|switch|p2a: Tornadus|Tornadus-Therian, M|100/100
|turn|4
|
|t:|1779801033
|move|p2a: Tornadus|Knock Off|p1a: Goodra
|-damage|p1a: Goodra|76/100 brn
|-ability|p1a: Goodra|Gooey
|-unboost|p2a: Tornadus|spe|1
|-enditem|p1a: Goodra|Assault Vest|[from] move: Knock Off|[of] p2a: Tornadus
|move|p1a: Goodra|Thunderbolt|p2a: Tornadus
|-supereffective|p2a: Tornadus
|-damage|p2a: Tornadus|55/100
|
|-damage|p1a: Goodra|70/100 brn|[from] brn
|upkeep
|turn|5
|
|t:|1779801045
|switch|p2a: Iron Treads|Iron Treads|100/100
|move|p1a: Goodra|Thunderbolt|p2a: Iron Treads
|-immune|p2a: Iron Treads
|
|-damage|p1a: Goodra|64/100 brn|[from] brn
|upkeep
|turn|6
|
|t:|1779801056
|move|p2a: Iron Treads|Earthquake|p1a: Goodra
|-supereffective|p1a: Goodra
|-damage|p1a: Goodra|0 fnt
|faint|p1a: Goodra
|
|upkeep
|
|t:|1779801062
|switch|p1a: DatNinja|Greninja, M|100/100
|-damage|p1a: DatNinja|88/100|[from] Stealth Rock
|turn|7
|
|t:|1779801072
|switch|p1a: Muk|Muk-Alola, M, shiny|100/100
|-damage|p1a: Muk|88/100|[from] Stealth Rock
|-end|p2a: Iron Treads|Quark Drive|[silent]
|switch|p2a: Alomomola|Alomomola, M|100/100
|
|upkeep
|turn|8
|
|t:|1779801084
|move|p1a: Muk|Crunch|p2a: Alomomola
|-damage|p2a: Alomomola|76/100
|-damage|p1a: Muk|72/100|[from] item: Rocky Helmet|[of] p2a: Alomomola
|move|p2a: Alomomola|Flip Turn|p1a: Muk
|-damage|p1a: Muk|56/100
|
|t:|1779801091
|switch|p2a: Tornadus|Tornadus-Therian, M|88/100|[from] Flip Turn
|
|upkeep
|turn|9
|
|t:|1779801096
|move|p2a: Tornadus|U-turn|p1a: Muk
|-damage|p1a: Muk|39/100
|
|t:|1779801098
|switch|p2a: Alomomola|Alomomola, M|100/100|[from] U-turn
|move|p1a: Muk|Body Slam|p2a: Alomomola
|-damage|p2a: Alomomola|84/100
|-damage|p1a: Muk|22/100|[from] item: Rocky Helmet|[of] p2a: Alomomola
|-status|p2a: Alomomola|psn|[from] ability: Poison Touch|[of] p1a: Muk
|
|-damage|p2a: Alomomola|72/100 psn|[from] psn
|upkeep
|turn|10
|
|t:|1779801112
|move|p1a: Muk|Body Slam|p2a: Alomomola
|-damage|p2a: Alomomola|56/100 psn
|-damage|p1a: Muk|6/100|[from] item: Rocky Helmet|[of] p2a: Alomomola
|move|p2a: Alomomola|Flip Turn|p1a: Muk
|-damage|p1a: Muk|0 fnt
|faint|p1a: Muk
|
|t:|1779801123
|switch|p2a: Zamazenta|Zamazenta|100/100|[from] Flip Turn
|-ability|p2a: Zamazenta|Dauntless Shield|boost
|-boost|p2a: Zamazenta|def|1
|
|upkeep
|
|t:|1779801128
|switch|p1a: Corviknight|Corviknight, M, shiny|100/100
|-damage|p1a: Corviknight|88/100|[from] Stealth Rock
|turn|11
|
|t:|1779801139
|move|p2a: Zamazenta|Stone Edge|p1a: Corviknight
|-crit|p1a: Corviknight
|-damage|p1a: Corviknight|22/100
|move|p1a: Corviknight|Bulk Up|p1a: Corviknight
|-boost|p1a: Corviknight|atk|1
|-boost|p1a: Corviknight|def|1
|
|upkeep
|turn|12
|
|t:|1779801145
|move|p2a: Zamazenta|Stone Edge|p1a: Corviknight
|-damage|p1a: Corviknight|0 fnt
|faint|p1a: Corviknight
|
|upkeep
|
|t:|1779801153
|switch|p1a: Tyson|Scizor, F, shiny|100/100
|-damage|p1a: Tyson|88/100|[from] Stealth Rock
|turn|13
|
|t:|1779801160
|switch|p2a: Alomomola|Alomomola, M|89/100 psn
|move|p1a: Tyson|Bullet Punch|p2a: Alomomola
|-resisted|p2a: Alomomola
|-damage|p2a: Alomomola|76/100 psn
|-damage|p1a: Tyson|72/100|[from] item: Rocky Helmet|[of] p2a: Alomomola
|-damage|p1a: Tyson|62/100|[from] item: Life Orb
|
|-damage|p2a: Alomomola|64/100 psn|[from] psn
|upkeep
|turn|14
|
|t:|1779801170
|move|p1a: Tyson|Knock Off|p2a: Alomomola
|-damage|p2a: Alomomola|34/100 psn
|-damage|p1a: Tyson|45/100|[from] item: Rocky Helmet|[of] p2a: Alomomola
|-enditem|p2a: Alomomola|Rocky Helmet|[from] move: Knock Off|[of] p1a: Tyson
|-damage|p1a: Tyson|35/100|[from] item: Life Orb
|move|p2a: Alomomola|Flip Turn|p1a: Tyson
|-damage|p1a: Tyson|17/100
|
|t:|1779801178
|switch|p2a: Tornadus|Tornadus-Therian, M|100/100|[from] Flip Turn
|
|upkeep
|turn|15
|
|t:|1779801192
|move|p1a: Tyson|Bullet Punch|p2a: Tornadus
|-damage|p2a: Tornadus|53/100
|-damage|p1a: Tyson|7/100|[from] item: Life Orb
|move|p2a: Tornadus|Heat Wave|p1a: Tyson
|-supereffective|p1a: Tyson
|-damage|p1a: Tyson|0 fnt
|faint|p1a: Tyson
|
|upkeep
|
|t:|1779801209
|switch|p1a: Cinderace|Cinderace, F|100/100
|-damage|p1a: Cinderace|76/100|[from] Stealth Rock
|turn|16
|
|t:|1779801216
|switch|p2a: Alomomola|Alomomola, M|67/100 psn
|move|p1a: Cinderace|Court Change|p1a: Cinderace
|-start|p1a: Cinderace|typechange|Normal|[from] ability: Libero
|-swapsideconditions
|-activate|p1a: Cinderace|move: Court Change
|
|-damage|p2a: Alomomola|55/100 psn|[from] psn
|upkeep
|turn|17
|
|t:|1779801229
|move|p1a: Cinderace|Pyro Ball|p2a: Alomomola
|-resisted|p2a: Alomomola
|-crit|p2a: Alomomola
|-damage|p2a: Alomomola|37/100 psn
|move|p2a: Alomomola|Flip Turn|p1a: Cinderace
|-damage|p1a: Cinderace|53/100
|
|t:|1779801236
|switch|p2a: Tornadus|Tornadus-Therian, M|86/100|[from] Flip Turn
|-damage|p2a: Tornadus|61/100|[from] Stealth Rock
|
|upkeep
|turn|18
|
|t:|1779801246
|move|p2a: Tornadus|Knock Off|p1a: Cinderace
|-damage|p1a: Cinderace|21/100
|-enditem|p1a: Cinderace|Expert Belt|[from] move: Knock Off|[of] p2a: Tornadus
|move|p1a: Cinderace|Taunt|p2a: Tornadus
|-start|p2a: Tornadus|move: Taunt
|
|upkeep
|turn|19
|
|t:|1779801255
|move|p2a: Tornadus|U-turn|p1a: Cinderace
|-damage|p1a: Cinderace|0 fnt
|faint|p1a: Cinderace
|
|t:|1779801260
|switch|p2a: Alomomola|Alomomola, M|71/100 psn|[from] U-turn
|-damage|p2a: Alomomola|58/100 psn|[from] Stealth Rock
|
|-damage|p2a: Alomomola|46/100 psn|[from] psn
|upkeep
|
|t:|1779801268
|switch|p1a: DatNinja|Greninja, M|88/100
|turn|20
|
|t:|1779801273
|switch|p2a: Tornadus|Tornadus-Therian, M|94/100
|-damage|p2a: Tornadus|69/100|[from] Stealth Rock
|move|p1a: DatNinja|Dark Pulse|p2a: Tornadus
|-damage|p2a: Tornadus|39/100
|-damage|p1a: DatNinja|78/100|[from] item: Life Orb
|
|upkeep
|turn|21
|
|t:|1779801284
|switch|p2a: Alomomola|Alomomola, M|79/100 psn
|-damage|p2a: Alomomola|67/100 psn|[from] Stealth Rock
|-terastallize|p1a: DatNinja|Water
|move|p1a: DatNinja|Surf|p2a: Alomomola
|-resisted|p2a: Alomomola
|-damage|p2a: Alomomola|38/100 psn
|-damage|p1a: DatNinja|69/100|[from] item: Life Orb
|
|-damage|p2a: Alomomola|26/100 psn|[from] psn
|upkeep
|turn|22
|
|t:|1779801300
|switch|p2a: Tornadus|Tornadus-Therian, M|72/100
|-damage|p2a: Tornadus|47/100|[from] Stealth Rock
|move|p1a: DatNinja|Surf|p2a: Tornadus
|-damage|p2a: Tornadus|3/100
|-damage|p1a: DatNinja|59/100|[from] item: Life Orb
|
|upkeep
|turn|23
|
|t:|1779801310
|switch|p2a: Alomomola|Alomomola, M|59/100 psn
|-damage|p2a: Alomomola|46/100 psn|[from] Stealth Rock
|move|p1a: DatNinja|Surf|p2a: Alomomola
|-resisted|p2a: Alomomola
|-damage|p2a: Alomomola|14/100 psn
|-damage|p1a: DatNinja|49/100|[from] item: Life Orb
|
|-damage|p2a: Alomomola|1/100 psn|[from] psn
|upkeep
|turn|24
|
|t:|1779801325
|switch|p2a: Tornadus|Tornadus-Therian, M|36/100
|-damage|p2a: Tornadus|11/100|[from] Stealth Rock
|move|p1a: DatNinja|Surf|p2a: Tornadus
|-crit|p2a: Tornadus
|-damage|p2a: Tornadus|0 fnt
|faint|p2a: Tornadus
|-ability|p1a: DatNinja|Battle Bond|boost
|-boost|p1a: DatNinja|atk|1
|-boost|p1a: DatNinja|spa|1
|-boost|p1a: DatNinja|spe|1
|-activate|p1a: DatNinja|ability: Battle Bond
|-damage|p1a: DatNinja|39/100|[from] item: Life Orb
|
|upkeep
|
|t:|1779801336
|switch|p2a: Lokix|Lokix, M|100/100
|-damage|p2a: Lokix|76/100|[from] Stealth Rock
|turn|25
|
|t:|1779801340
|move|p2a: Lokix|First Impression|p1a: DatNinja
|-damage|p1a: DatNinja|0 fnt
|faint|p1a: DatNinja
|
|win|CArcher
|raw|thehatfiend's rating: 1129 &rarr; <strong>1104</strong><br />(-25 for losing)
|raw|CArcher's rating: 1123 &rarr; <strong>1148</strong><br />(+25 for winning)
|l|☆thehatfiend
|player|p1|
|l|☆CArcher
|player|p2|
|j|☆CArcher
|player|p2|CArcher|steven|
