|j|☆Fantasmatica_
|j|‽CHixxxxx122
|t:|1779849572
|gametype|singles
|player|p1|Fantasmatica_|akari|1178
|player|p2|CHixxxxx122|1|1173
|gen|9
|tier|[Gen 9] OU
|rated|
|rule|HP Percentage Mod: HP is shown in percentages
|rule|Endless Battle Clause: Forcing endless battles is banned
|rule|Species Clause: Limit one of each Pokémon
|rule|OHKO Clause: OHKO moves are banned
|rule|Evasion Items Clause: Evasion items are banned
|rule|Evasion Moves Clause: Evasion moves are banned
|rule|Evasion Abilities Clause: Evasion abilities are banned
|rule|Sleep Moves Clause: Sleep-inducing moves are banned
|clearpoke
|poke|p1|Samurott-Hisui, M|
|poke|p1|Decidueye-Hisui, M|
|poke|p1|Typhlosion-Hisui, F|
|poke|p1|Braviary-Hisui, M|
|poke|p1|Kleavor, M|
|poke|p1|Goodra-Hisui, F|
|poke|p2|Skuntank, F|
|poke|p2|Porygon2|
|poke|p2|Mamoswine, M|
|poke|p2|Staraptor, M|
|poke|p2|Lilligant-Hisui, F|
|poke|p2|Milotic, F|
|teampreview
|c|☆Fantasmatica_|nice team
|
|t:|1779849587
|teamsize|p1|6
|teamsize|p2|6
|start
|switch|p1a: LastRonin|Samurott-Hisui, M|100/100
|switch|p2a: Mamoswine|Mamoswine, M|100/100
|turn|1
|
|t:|1779849592
|move|p1a: LastRonin|Ceaseless Edge|p2a: Mamoswine
|-damage|p2a: Mamoswine|55/100
|-damage|p1a: LastRonin|84/100|[from] item: Rocky Helmet|[of] p2a: Mamoswine
|-sidestart|p2: CHixxxxx122|Spikes
|move|p2a: Mamoswine|Earthquake|p1a: LastRonin
|-damage|p1a: LastRonin|12/100
|
|upkeep
|turn|2
|
|t:|1779849596
|move|p2a: Mamoswine|Ice Shard|p1a: LastRonin
|-resisted|p1a: LastRonin
|-damage|p1a: LastRonin|0 fnt
|faint|p1a: LastRonin
|
|upkeep
|
|t:|1779849608
|switch|p1a: JustACigarette|Typhlosion-Hisui, F, shiny|100/100
|-item|p2a: Mamoswine|Rocky Helmet|[from] ability: Frisk|[of] p1a: JustACigarette
|turn|3
|
|t:|1779849611
|move|p1a: JustACigarette|Eruption|p2a: Mamoswine
|-supereffective|p2a: Mamoswine
|-damage|p2a: Mamoswine|0 fnt
|faint|p2a: Mamoswine
|
|upkeep
|
|t:|1779849617
|switch|p2a: Skuntank|Skuntank, F|100/100
|-damage|p2a: Skuntank|88/100|[from] Spikes
|turn|4
|
|t:|1779849622
|switch|p1a: Executioner|Kleavor, M, shiny|100/100
|move|p2a: Skuntank|Sucker Punch||[still]
|-fail|p2a: Skuntank
|
|upkeep
|turn|5
|
|t:|1779849629
|move|p1a: Executioner|Stone Axe|p2a: Skuntank
|-damage|p2a: Skuntank|16/100
|-sidestart|p2: CHixxxxx122|move: Stealth Rock
|move|p2a: Skuntank|Knock Off|p1a: Executioner
|-damage|p1a: Executioner|34/100
|-enditem|p1a: Executioner|Focus Sash|[from] move: Knock Off|[of] p2a: Skuntank
|-damage|p2a: Skuntank|7/100|[from] item: Life Orb
|
|upkeep
|turn|6
|
|t:|1779849635
|move|p2a: Skuntank|Sucker Punch||[still]
|-fail|p2a: Skuntank
|move|p1a: Executioner|Tailwind|p1a: Executioner
|-sidestart|p1: Fantasmatica_|move: Tailwind
|
|upkeep
|turn|7
|
|t:|1779849639
|move|p1a: Executioner|U-turn|p2a: Skuntank
|-damage|p2a: Skuntank|0 fnt
|-damage|p1a: Executioner|9/100|[from] ability: Aftermath|[of] p2a: Skuntank
|faint|p2a: Skuntank
|
|t:|1779849644
|switch|p1a: Haise Sasaki|Braviary-Hisui, M, shiny|100/100|[from] U-turn
|
|upkeep
|
|t:|1779849647
|switch|p2a: Porygon2|Porygon2|100/100
|-damage|p2a: Porygon2|88/100|[from] Spikes
|-damage|p2a: Porygon2|76/100|[from] Stealth Rock
|-ability|p2a: Porygon2|Tinted Lens|Trace|[from] ability: Trace|[of] p1a: Haise Sasaki
|turn|8
|
|t:|1779849650
|move|p1a: Haise Sasaki|Esper Wing|p2a: Porygon2
|-damage|p2a: Porygon2|45/100
|-boost|p1a: Haise Sasaki|spe|1
|-damage|p1a: Haise Sasaki|91/100|[from] item: Life Orb
|move|p2a: Porygon2|Charge Beam|p1a: Haise Sasaki
|-supereffective|p1a: Haise Sasaki
|-damage|p1a: Haise Sasaki|57/100
|-boost|p2a: Porygon2|spa|1
|
|upkeep
|turn|9
|
|t:|1779849658
|move|p1a: Haise Sasaki|Esper Wing|p2a: Porygon2
|-crit|p2a: Porygon2
|-damage|p2a: Porygon2|0 fnt
|-boost|p1a: Haise Sasaki|spe|1
|faint|p2a: Porygon2
|-damage|p1a: Haise Sasaki|47/100|[from] item: Life Orb
|
|-sideend|p1: Fantasmatica_|move: Tailwind
|upkeep
|
|t:|1779849664
|switch|p2a: Milotic|Milotic, F|100/100
|-damage|p2a: Milotic|88/100|[from] Spikes
|-damage|p2a: Milotic|76/100|[from] Stealth Rock
|turn|10
|
|t:|1779849668
|-terastallize|p2a: Milotic|Steel
|move|p1a: Haise Sasaki|Air Slash|p2a: Milotic
|-resisted|p2a: Milotic
|-damage|p2a: Milotic|38/100
|-damage|p1a: Haise Sasaki|38/100|[from] item: Life Orb
|move|p2a: Milotic|Ice Beam|p1a: Haise Sasaki
|-supereffective|p1a: Haise Sasaki
|-damage|p1a: Haise Sasaki|0 fnt
|faint|p1a: Haise Sasaki
|
|-heal|p2a: Milotic|45/100|[from] item: Leftovers
|upkeep
|
|t:|1779849675
|switch|p1a: Executioner|Kleavor, M, shiny|9/100
|turn|11
|
|t:|1779849677
|move|p1a: Executioner|Stone Axe|p2a: Milotic|[miss]
|-miss|p1a: Executioner|p2a: Milotic
|move|p2a: Milotic|Ice Beam|p1a: Executioner
|-damage|p1a: Executioner|0 fnt
|faint|p1a: Executioner
|
|-heal|p2a: Milotic|51/100|[from] item: Leftovers
|upkeep
|
|t:|1779849681
|switch|p1a: JustACigarette|Typhlosion-Hisui, F, shiny|100/100
|-item|p2a: Milotic|Leftovers|[from] ability: Frisk|[of] p1a: JustACigarette
|turn|12
|
|t:|1779849684
|move|p1a: JustACigarette|Eruption|p2a: Milotic
|-supereffective|p2a: Milotic
|-damage|p2a: Milotic|0 fnt
|faint|p2a: Milotic
|
|upkeep
|
|t:|1779849689
|switch|p2a: Staraptor|Staraptor, M|100/100
|-damage|p2a: Staraptor|76/100|[from] Stealth Rock
|turn|13
|
|t:|1779849691
|move|p1a: JustACigarette|Eruption|p2a: Staraptor
|-crit|p2a: Staraptor
|-damage|p2a: Staraptor|0 fnt
|faint|p2a: Staraptor
|
|upkeep
|
|t:|1779849694
|switch|p2a: Lilligant|Lilligant-Hisui, F|100/100
|-damage|p2a: Lilligant|88/100|[from] Spikes
|-damage|p2a: Lilligant|82/100|[from] Stealth Rock
|turn|14
|
|t:|1779849696
|move|p2a: Lilligant|Leaf Blade|p1a: JustACigarette
|-resisted|p1a: JustACigarette
|-damage|p1a: JustACigarette|66/100
|move|p1a: JustACigarette|Eruption|p2a: Lilligant
|-supereffective|p2a: Lilligant
|-damage|p2a: Lilligant|0 fnt
|faint|p2a: Lilligant
|
|win|Fantasmatica_
|raw|Fantasmatica_'s rating: 1178 &rarr; <strong>1203</strong><br />(+25 for winning)
|raw|CHixxxxx122's rating: 1173 &rarr; <strong>1148</strong><br />(-25 for losing)
|l|‽CHixxxxx122
|player|p2|
|l|☆Fantasmatica_
|player|p1|
