|j|☆Etjan22
|j|☆Poisonstingpete
|t:|1779944582
|gametype|singles
|player|p1|Etjan22|brock|1147
|player|p2|Poisonstingpete|bugcatcher-gen1rb|1199
|gen|9
|tier|[Gen 9] OU
|rated|
|rule|HP Percentage Mod: HP is shown in percentages
|rule|Endless Battle Clause: Forcing endless battles is banned
|rule|Species Clause: Limit one of each Pokémon
|rule|OHKO Clause: OHKO moves are banned
|rule|Evasion Items Clause: Evasion items are banned
|rule|Evasion Moves Clause: Evasion moves are banned
|rule|Evasion Abilities Clause: Evasion abilities are banned
|rule|Sleep Moves Clause: Sleep-inducing moves are banned
|clearpoke
|poke|p1|Tyranitar, F|
|poke|p1|Salamence, F|
|poke|p1|Quagsire, M|
|poke|p1|Gardevoir, F|
|poke|p1|Great Tusk|
|poke|p1|Zapdos|
|poke|p2|Garganacl, F|
|poke|p2|Gardevoir, F|
|poke|p2|Garchomp, F|
|poke|p2|Gengar, F|
|poke|p2|Galvantula, M|
|poke|p2|Gastrodon, F|
|teampreview
|
|t:|1779944601
|teamsize|p1|6
|teamsize|p2|6
|start
|switch|p1a: Tyranitar|Tyranitar, F|100/100
|switch|p2a: Gengar|Gengar, F, shiny|100/100
|-weather|Sandstorm|[from] ability: Sand Stream|[of] p1a: Tyranitar
|turn|1
|
|t:|1779944609
|move|p2a: Gengar|Dazzling Gleam|p1a: Tyranitar
|-supereffective|p1a: Tyranitar
|-damage|p1a: Tyranitar|72/100
|move|p1a: Tyranitar|Knock Off|p2a: Gengar
|-supereffective|p2a: Gengar
|-damage|p2a: Gengar|0 fnt
|-start|p1a: Tyranitar|Disable|Knock Off|[from] ability: Cursed Body|[of] p2a: Gengar
|-enditem|p2a: Gengar|Salac Berry|[from] move: Knock Off|[of] p1a: Tyranitar
|faint|p2a: Gengar
|
|-weather|Sandstorm|[upkeep]
|-heal|p1a: Tyranitar|78/100|[from] item: Leftovers
|upkeep
|
|t:|1779944620
|switch|p2a: Gastrodon|Gastrodon, F|100/100
|turn|2
|
|t:|1779944625
|move|p1a: Tyranitar|Stealth Rock|p2a: Gastrodon
|-sidestart|p2: Poisonstingpete|move: Stealth Rock
|move|p2a: Gastrodon|Stealth Rock|p1a: Tyranitar
|-sidestart|p1: Etjan22|move: Stealth Rock
|
|-weather|Sandstorm|[upkeep]
|-heal|p1a: Tyranitar|84/100|[from] item: Leftovers
|upkeep
|turn|3
|
|t:|1779944631
|switch|p1a: Gardevoir|Gardevoir, F|100/100
|-damage|p1a: Gardevoir|88/100|[from] Stealth Rock
|-ability|p1a: Gardevoir|Storm Drain|Trace|[from] ability: Trace|[of] p2a: Gastrodon
|move|p2a: Gastrodon|Surf|p1a: Gardevoir
|-ability|p1a: Gardevoir|Storm Drain|boost
|-boost|p1a: Gardevoir|spa|1
|
|-weather|Sandstorm|[upkeep]
|-damage|p1a: Gardevoir|82/100|[from] Sandstorm
|upkeep
|turn|4
|
|t:|1779944643
|move|p1a: Gardevoir|Moonblast|p2a: Gastrodon
|-damage|p2a: Gastrodon|31/100
|move|p2a: Gastrodon|Sludge Bomb|p1a: Gardevoir
|-supereffective|p1a: Gardevoir
|-damage|p1a: Gardevoir|23/100
|-status|p1a: Gardevoir|psn
|
|-weather|Sandstorm|[upkeep]
|-damage|p1a: Gardevoir|17/100 psn|[from] Sandstorm
|-heal|p2a: Gastrodon|37/100|[from] item: Leftovers
|-damage|p1a: Gardevoir|4/100 psn|[from] psn
|upkeep
|turn|5
|
|t:|1779944655
|move|p1a: Gardevoir|Moonblast|p2a: Gastrodon
|-damage|p2a: Gastrodon|0 fnt
|faint|p2a: Gastrodon
|
|-weather|none
|-damage|p1a: Gardevoir|0 fnt|[from] psn
|faint|p1a: Gardevoir
|upkeep
|
|t:|1779944663
|switch|p1a: Great Tusk|Great Tusk|100/100
|switch|p2a: Galvantula|Galvantula, M|100/100
|-damage|p1a: Great Tusk|98/100|[from] Stealth Rock
|-enditem|p1a: Great Tusk|Booster Energy
|-activate|p1a: Great Tusk|ability: Protosynthesis|[fromitem]
|-start|p1a: Great Tusk|protosynthesisatk
|turn|6
|
|t:|1779944676
|move|p2a: Galvantula|Energy Ball|p1a: Great Tusk
|-supereffective|p1a: Great Tusk
|-damage|p1a: Great Tusk|39/100
|move|p1a: Great Tusk|Rapid Spin|p2a: Galvantula
|-damage|p2a: Galvantula|62/100
|-boost|p1a: Great Tusk|spe|1
|-sideend|p1: Etjan22|Stealth Rock|[from] move: Rapid Spin|[of] p1a: Great Tusk
|
|upkeep
|turn|7
|
|t:|1779944686
|move|p2a: Galvantula|Energy Ball|p1a: Great Tusk
|-supereffective|p1a: Great Tusk
|-damage|p1a: Great Tusk|0 fnt
|faint|p1a: Great Tusk
|-end|p1a: Great Tusk|Protosynthesis|[silent]
|
|upkeep
|
|t:|1779944693
|switch|p1a: Zapdos|Zapdos|100/100
|turn|8
|
|t:|1779944706
|move|p2a: Galvantula|Thunder|p1a: Zapdos
|-damage|p1a: Zapdos|56/100
|move|p1a: Zapdos|Heat Wave|p2a: Galvantula
|-supereffective|p2a: Galvantula
|-damage|p2a: Galvantula|0 fnt
|faint|p2a: Galvantula
|
|upkeep
|
|t:|1779944720
|switch|p2a: Garchomp|Garchomp, F|100/100
|-damage|p2a: Garchomp|94/100|[from] Stealth Rock
|turn|9
|
|t:|1779944730
|move|p2a: Garchomp|Draco Meteor|p1a: Zapdos
|-damage|p1a: Zapdos|23/100
|-unboost|p2a: Garchomp|spa|2
|move|p1a: Zapdos|Hurricane|p2a: Garchomp|[miss]
|-miss|p1a: Zapdos|p2a: Garchomp
|
|upkeep
|turn|10
|
|t:|1779944738
|move|p2a: Garchomp|Draco Meteor|p1a: Zapdos
|-damage|p1a: Zapdos|4/100
|-unboost|p2a: Garchomp|spa|2
|move|p1a: Zapdos|Roost|p1a: Zapdos
|-heal|p1a: Zapdos|54/100
|-singleturn|p1a: Zapdos|move: Roost
|
|upkeep
|turn|11
|
|t:|1779944744
|move|p2a: Garchomp|Spikes|p1a: Zapdos
|-sidestart|p1: Etjan22|Spikes
|move|p1a: Zapdos|Roost|p1a: Zapdos
|-heal|p1a: Zapdos|100/100
|-singleturn|p1a: Zapdos|move: Roost
|
|upkeep
|turn|12
|
|t:|1779944754
|switch|p2a: Garganacl|Garganacl, F|100/100
|-damage|p2a: Garganacl|88/100|[from] Stealth Rock
|move|p1a: Zapdos|Hurricane|p2a: Garganacl|[miss]
|-miss|p1a: Zapdos|p2a: Garganacl
|
|-heal|p2a: Garganacl|94/100|[from] item: Leftovers
|upkeep
|turn|13
|
|t:|1779944760
|move|p1a: Zapdos|Volt Switch|p2a: Garganacl
|-damage|p2a: Garganacl|58/100
|
|t:|1779944763
|switch|p1a: Salamence|Salamence, F|100/100|[from] Volt Switch
|-ability|p1a: Salamence|Intimidate|boost
|-unboost|p2a: Garganacl|atk|1
|move|p2a: Garganacl|Substitute|p2a: Garganacl
|-start|p2a: Garganacl|Substitute
|-damage|p2a: Garganacl|33/100
|
|-heal|p2a: Garganacl|40/100|[from] item: Leftovers
|upkeep
|turn|14
|
|t:|1779944771
|move|p1a: Salamence|Hydro Pump|p2a: Garganacl
|-supereffective|p2a: Garganacl
|-end|p2a: Garganacl|Substitute
|-damage|p1a: Salamence|91/100|[from] item: Life Orb
|move|p2a: Garganacl|Recover|p2a: Garganacl
|-heal|p2a: Garganacl|90/100
|
|-heal|p2a: Garganacl|96/100|[from] item: Leftovers
|upkeep
|turn|15
|
|t:|1779944782
|switch|p2a: Gardevoir|Gardevoir, F|100/100
|-damage|p2a: Gardevoir|88/100|[from] Stealth Rock
|-ability|p2a: Gardevoir|Intimidate|Trace|[from] ability: Trace|[of] p1a: Salamence
|-ability|p2a: Gardevoir|Intimidate|boost
|-unboost|p1a: Salamence|atk|1
|move|p1a: Salamence|Hydro Pump|p2a: Gardevoir
|-damage|p2a: Gardevoir|44/100
|-damage|p1a: Salamence|81/100|[from] item: Life Orb
|
|upkeep
|turn|16
|
|t:|1779944802
|switch|p1a: Zapdos|Zapdos|100/100
|move|p2a: Gardevoir|Moonblast|p1a: Zapdos
|-damage|p1a: Zapdos|54/100
|
|upkeep
|turn|17
|
|t:|1779944813
|move|p2a: Gardevoir|Calm Mind|p2a: Gardevoir
|-boost|p2a: Gardevoir|spa|1
|-boost|p2a: Gardevoir|spd|1
|move|p1a: Zapdos|Volt Switch|p2a: Gardevoir
|-damage|p2a: Gardevoir|15/100
|-enditem|p2a: Gardevoir|Salac Berry|[eat]
|-boost|p2a: Gardevoir|spe|1|[from] item: Salac Berry
|
|t:|1779944816
|switch|p1a: Salamence|Salamence, F|81/100|[from] Volt Switch
|-ability|p1a: Salamence|Intimidate|boost
|-unboost|p2a: Gardevoir|atk|1
|
|upkeep
|turn|18
|
|t:|1779944822
|move|p2a: Gardevoir|Moonblast|p1a: Salamence
|-supereffective|p1a: Salamence
|-crit|p1a: Salamence
|-damage|p1a: Salamence|0 fnt
|faint|p1a: Salamence
|
|upkeep
|
|t:|1779944829
|switch|p1a: Quagsire|Quagsire, M|100/100
|-damage|p1a: Quagsire|88/100|[from] Spikes
|turn|19
|
|t:|1779944836
|move|p2a: Gardevoir|Moonblast|p1a: Quagsire
|-damage|p1a: Quagsire|44/100
|move|p1a: Quagsire|Earthquake|p2a: Gardevoir
|-damage|p2a: Gardevoir|0 fnt
|faint|p2a: Gardevoir
|
|upkeep
|
|t:|1779944842
|switch|p2a: Garchomp|Garchomp, F|94/100
|-damage|p2a: Garchomp|88/100|[from] Stealth Rock
|turn|20
|
|t:|1779944847
|move|p2a: Garchomp|Earthquake|p1a: Quagsire
|-damage|p1a: Quagsire|0 fnt
|faint|p1a: Quagsire
|
|upkeep
|
|t:|1779944849
|switch|p1a: Zapdos|Zapdos|54/100
|turn|21
|
|t:|1779944858
|switch|p2a: Garganacl|Garganacl, F|96/100
|-damage|p2a: Garganacl|83/100|[from] Stealth Rock
|move|p1a: Zapdos|Roost|p1a: Zapdos
|-heal|p1a: Zapdos|100/100
|-singleturn|p1a: Zapdos|move: Roost
|
|-heal|p2a: Garganacl|90/100|[from] item: Leftovers
|upkeep
|turn|22
|
|t:|1779944862
|move|p1a: Zapdos|Heat Wave|p2a: Garganacl
|-resisted|p2a: Garganacl
|-damage|p2a: Garganacl|73/100
|move|p2a: Garganacl|Salt Cure|p1a: Zapdos
|-supereffective|p1a: Zapdos
|-damage|p1a: Zapdos|72/100
|-start|p1a: Zapdos|Salt Cure
|
|-heal|p2a: Garganacl|79/100|[from] item: Leftovers
|-damage|p1a: Zapdos|60/100|[from] Salt Cure
|upkeep
|turn|23
|
|t:|1779944868
|move|p1a: Zapdos|Volt Switch|p2a: Garganacl
|-damage|p2a: Garganacl|44/100
|
|t:|1779944870
|switch|p1a: Tyranitar|Tyranitar, F|84/100|[from] Volt Switch
|-damage|p1a: Tyranitar|72/100|[from] Spikes
|-weather|Sandstorm|[from] ability: Sand Stream|[of] p1a: Tyranitar
|move|p2a: Garganacl|Curse|p2a: Garganacl
|-unboost|p2a: Garganacl|spe|1
|-boost|p2a: Garganacl|atk|1
|-boost|p2a: Garganacl|def|1
|
|-weather|Sandstorm|[upkeep]
|-heal|p1a: Tyranitar|78/100|[from] item: Leftovers
|-heal|p2a: Garganacl|50/100|[from] item: Leftovers
|upkeep
|turn|24
|
|t:|1779944876
|move|p1a: Tyranitar|Knock Off|p2a: Garganacl
|-damage|p2a: Garganacl|31/100
|-enditem|p2a: Garganacl|Leftovers|[from] move: Knock Off|[of] p1a: Tyranitar
|move|p2a: Garganacl|Recover|p2a: Garganacl
|-heal|p2a: Garganacl|81/100
|
|-weather|Sandstorm|[upkeep]
|-heal|p1a: Tyranitar|84/100|[from] item: Leftovers
|upkeep
|turn|25
|
|t:|1779944885
|move|p1a: Tyranitar|Earthquake|p2a: Garganacl
|-supereffective|p2a: Garganacl
|-damage|p2a: Garganacl|56/100
|move|p2a: Garganacl|Salt Cure|p1a: Tyranitar
|-damage|p1a: Tyranitar|68/100
|-start|p1a: Tyranitar|Salt Cure
|
|-weather|Sandstorm|[upkeep]
|-heal|p1a: Tyranitar|74/100|[from] item: Leftovers
|-damage|p1a: Tyranitar|62/100|[from] Salt Cure
|upkeep
|turn|26
|
|t:|1779944891
|move|p1a: Tyranitar|Earthquake|p2a: Garganacl
|-supereffective|p2a: Garganacl
|-damage|p2a: Garganacl|30/100
|move|p2a: Garganacl|Curse|p2a: Garganacl
|-unboost|p2a: Garganacl|spe|1
|-boost|p2a: Garganacl|atk|1
|-boost|p2a: Garganacl|def|1
|
|-weather|Sandstorm|[upkeep]
|-heal|p1a: Tyranitar|68/100|[from] item: Leftovers
|-damage|p1a: Tyranitar|55/100|[from] Salt Cure
|upkeep
|turn|27
|
|t:|1779944895
|move|p1a: Tyranitar|Earthquake|p2a: Garganacl
|-supereffective|p2a: Garganacl
|-damage|p2a: Garganacl|12/100
|move|p2a: Garganacl|Recover|p2a: Garganacl
|-heal|p2a: Garganacl|62/100
|
|-weather|none
|-heal|p1a: Tyranitar|62/100|[from] item: Leftovers
|-damage|p1a: Tyranitar|49/100|[from] Salt Cure
|upkeep
|turn|28
|
|t:|1779944900
|switch|p1a: Zapdos|Zapdos|60/100
|move|p2a: Garganacl|Recover|p2a: Garganacl
|-heal|p2a: Garganacl|100/100
|
|upkeep
|turn|29
|
|t:|1779944904
|move|p1a: Zapdos|Roost|p1a: Zapdos
|-heal|p1a: Zapdos|100/100
|-singleturn|p1a: Zapdos|move: Roost
|move|p2a: Garganacl|Salt Cure|p1a: Zapdos
|-damage|p1a: Zapdos|71/100
|-start|p1a: Zapdos|Salt Cure
|
|-damage|p1a: Zapdos|59/100|[from] Salt Cure
|upkeep
|turn|30
|
|t:|1779944911
|move|p1a: Zapdos|Volt Switch|p2a: Garganacl
|-damage|p2a: Garganacl|65/100
|
|t:|1779944913
|switch|p1a: Tyranitar|Tyranitar, F|49/100|[from] Volt Switch
|-damage|p1a: Tyranitar|37/100|[from] Spikes
|-weather|Sandstorm|[from] ability: Sand Stream|[of] p1a: Tyranitar
|move|p2a: Garganacl|Salt Cure|p1a: Tyranitar
|-damage|p1a: Tyranitar|17/100
|-start|p1a: Tyranitar|Salt Cure
|
|-weather|Sandstorm|[upkeep]
|-heal|p1a: Tyranitar|23/100|[from] item: Leftovers
|-damage|p1a: Tyranitar|10/100|[from] Salt Cure
|upkeep
|turn|31
|
|t:|1779944916
|move|p1a: Tyranitar|Earthquake|p2a: Garganacl
|-supereffective|p2a: Garganacl
|-damage|p2a: Garganacl|46/100
|move|p2a: Garganacl|Salt Cure|p1a: Tyranitar
|-damage|p1a: Tyranitar|0 fnt
|faint|p1a: Tyranitar
|
|-weather|Sandstorm|[upkeep]
|upkeep
|
|t:|1779944919
|switch|p1a: Zapdos|Zapdos|59/100
|turn|32
|
|t:|1779944922
|move|p1a: Zapdos|Hurricane|p2a: Garganacl
|-resisted|p2a: Garganacl
|-damage|p2a: Garganacl|28/100
|move|p2a: Garganacl|Salt Cure|p1a: Zapdos
|-supereffective|p1a: Zapdos
|-damage|p1a: Zapdos|5/100
|-start|p1a: Zapdos|Salt Cure
|
|-weather|Sandstorm|[upkeep]
|-damage|p1a: Zapdos|0 fnt|[from] Sandstorm
|faint|p1a: Zapdos
|
|win|Poisonstingpete
|raw|Etjan22's rating: 1147 &rarr; <strong>1126</strong><br />(-21 for losing)
|raw|Poisonstingpete's rating: 1199 &rarr; <strong>1220</strong><br />(+21 for winning)
|l|☆Etjan22
|player|p1|
|l|☆Poisonstingpete
|player|p2|
