|j|☆Etherious_Ph0enix
|j|☆pirlococo
|t:|1779877431
|gametype|singles
|player|p1|Etherious_Ph0enix|sabrina|1065
|player|p2|pirlococo|fisherman|1052
|gen|9
|tier|[Gen 9] OU
|rated|
|rule|HP Percentage Mod: HP is shown in percentages
|rule|Endless Battle Clause: Forcing endless battles is banned
|rule|Species Clause: Limit one of each Pokémon
|rule|OHKO Clause: OHKO moves are banned
|rule|Evasion Items Clause: Evasion items are banned
|rule|Evasion Moves Clause: Evasion moves are banned
|rule|Evasion Abilities Clause: Evasion abilities are banned
|rule|Sleep Moves Clause: Sleep-inducing moves are banned
|clearpoke
|poke|p1|Typhlosion-Hisui, M|
|poke|p1|Sceptile, M|
|poke|p1|Samurott, M|
|poke|p1|Ampharos, F|
|poke|p1|Umbreon, M|
|poke|p1|Espeon, F|
|poke|p2|Blissey, F|
|poke|p2|Dondozo, F|
|poke|p2|Gliscor, M|
|poke|p2|Toxapex, M|
|poke|p2|Clefable, M|
|poke|p2|Clodsire, F|
|teampreview
|inactive|Battle timer is ON: inactive players will automatically lose when time's up. (requested by pirlococo)
|
|t:|1779877445
|teamsize|p1|6
|teamsize|p2|6
|start
|switch|p1a: Phoebe|Espeon, F|100/100
|switch|p2a: Gliscor|Gliscor, M|100/100
|turn|1
|
|t:|1779877455
|move|p1a: Phoebe|Future Sight|p2a: Gliscor
|-start|p1a: Phoebe|move: Future Sight
|move|p2a: Gliscor|Knock Off|p1a: Phoebe
|-supereffective|p1a: Phoebe
|-damage|p1a: Phoebe|25/100
|-enditem|p1a: Phoebe|Heavy-Duty Boots|[from] move: Knock Off|[of] p2a: Gliscor
|
|-status|p2a: Gliscor|tox|[from] item: Toxic Orb
|upkeep
|turn|2
|
|t:|1779877468
|move|p1a: Phoebe|Psychic|p2a: Gliscor
|-damage|p2a: Gliscor|40/100 tox
|move|p2a: Gliscor|Swords Dance|p2a: Gliscor
|-boost|p2a: Gliscor|atk|2
|
|-heal|p2a: Gliscor|52/100 tox|[from] ability: Poison Heal
|upkeep
|turn|3
|
|t:|1779877478
|move|p2a: Gliscor|Protect|p2a: Gliscor
|-singleturn|p2a: Gliscor|Protect
|move|p1a: Phoebe|Psychic|p2a: Gliscor
|-activate|p2a: Gliscor|move: Protect
|
|-end|p2a: Gliscor|move: Future Sight
|-damage|p2a: Gliscor|0 fnt
|faint|p2a: Gliscor
|upkeep
|
|t:|1779877498
|switch|p2a: Blissey|Blissey, F|100/100
|turn|4
|
|t:|1779877507
|switch|p1a: Salem|Umbreon, M, shiny|100/100
|move|p2a: Blissey|Stealth Rock|p1a: Salem
|-sidestart|p1: Etherious_Ph0enix|move: Stealth Rock
|
|upkeep
|turn|5
|
|t:|1779877524
|move|p1a: Salem|Toxic|p2a: Blissey
|-status|p2a: Blissey|tox
|move|p2a: Blissey|Calm Mind|p2a: Blissey
|-boost|p2a: Blissey|spa|1
|-boost|p2a: Blissey|spd|1
|
|-damage|p2a: Blissey|94/100 tox|[from] psn
|upkeep
|turn|6
|
|t:|1779877534
|-curestatus|p2a: Blissey|tox|[from] ability: Natural Cure|[silent]
|switch|p2a: Toxapex|Toxapex, M|100/100
|move|p1a: Salem|Foul Play|p2a: Toxapex
|-damage|p2a: Toxapex|86/100
|
|upkeep
|turn|7
|
|t:|1779877542
|switch|p1a: Phoebe|Espeon, F|25/100
|-damage|p1a: Phoebe|13/100|[from] Stealth Rock
|move|p2a: Toxapex|Toxic|p1a: Phoebe
|move|p1a: Phoebe|Toxic|p2a: Toxapex|[from] ability: Magic Bounce
|-immune|p2a: Toxapex
|
|upkeep
|turn|8
|
|t:|1779877553
|switch|p2a: Blissey|Blissey, F|94/100
|move|p1a: Phoebe|Future Sight|p2a: Blissey
|-start|p1a: Phoebe|move: Future Sight
|
|upkeep
|turn|9
|
|t:|1779877563
|-terastallize|p1a: Phoebe|Fairy
|move|p1a: Phoebe|Draining Kiss|p2a: Blissey
|-damage|p2a: Blissey|84/100
|-heal|p1a: Phoebe|31/100|[from] drain|[of] p2a: Blissey
|move|p2a: Blissey|Shadow Ball|p1a: Phoebe
|-damage|p1a: Phoebe|12/100
|
|upkeep
|turn|10
|
|t:|1779877573
|move|p1a: Phoebe|Draining Kiss|p2a: Blissey
|-damage|p2a: Blissey|74/100
|-heal|p1a: Phoebe|29/100|[from] drain|[of] p2a: Blissey
|move|p2a: Blissey|Calm Mind|p2a: Blissey
|-boost|p2a: Blissey|spa|1
|-boost|p2a: Blissey|spd|1
|
|-end|p2a: Blissey|move: Future Sight
|-damage|p2a: Blissey|61/100
|upkeep
|turn|11
|
|t:|1779877581
|move|p1a: Phoebe|Future Sight|p2a: Blissey
|-start|p1a: Phoebe|move: Future Sight
|move|p2a: Blissey|Soft-Boiled|p2a: Blissey
|-heal|p2a: Blissey|100/100
|
|upkeep
|turn|12
|
|t:|1779877590
|move|p1a: Phoebe|Calm Mind|p1a: Phoebe
|-boost|p1a: Phoebe|spa|1
|-boost|p1a: Phoebe|spd|1
|move|p2a: Blissey|Calm Mind|p2a: Blissey
|-boost|p2a: Blissey|spa|1
|-boost|p2a: Blissey|spd|1
|
|upkeep
|turn|13
|
|t:|1779877596
|move|p1a: Phoebe|Calm Mind|p1a: Phoebe
|-boost|p1a: Phoebe|spa|1
|-boost|p1a: Phoebe|spd|1
|move|p2a: Blissey|Shadow Ball|p1a: Phoebe
|-damage|p1a: Phoebe|10/100
|
|-end|p2a: Blissey|move: Future Sight
|-damage|p2a: Blissey|82/100
|upkeep
|turn|14
|
|t:|1779877604
|move|p1a: Phoebe|Draining Kiss|p2a: Blissey
|-damage|p2a: Blissey|73/100
|-heal|p1a: Phoebe|27/100|[from] drain|[of] p2a: Blissey
|move|p2a: Blissey|Calm Mind|p2a: Blissey
|-boost|p2a: Blissey|spa|1
|-boost|p2a: Blissey|spd|1
|
|upkeep
|turn|15
|
|t:|1779877611
|move|p1a: Phoebe|Calm Mind|p1a: Phoebe
|-boost|p1a: Phoebe|spa|1
|-boost|p1a: Phoebe|spd|1
|move|p2a: Blissey|Shadow Ball|p1a: Phoebe
|-damage|p1a: Phoebe|9/100
|
|upkeep
|turn|16
|
|t:|1779877619
|move|p1a: Phoebe|Future Sight|p2a: Blissey
|-start|p1a: Phoebe|move: Future Sight
|move|p2a: Blissey|Shadow Ball|p1a: Phoebe
|-crit|p1a: Phoebe
|-damage|p1a: Phoebe|0 fnt
|faint|p1a: Phoebe
|
|upkeep
|
|t:|1779877627
|switch|p1a: King|Sceptile, M, shiny|100/100
|-damage|p1a: King|88/100|[from] Stealth Rock
|turn|17
|
|t:|1779877639
|move|p1a: King|Drain Punch|p2a: Blissey
|-supereffective|p2a: Blissey
|-damage|p2a: Blissey|23/100
|-heal|p1a: King|100/100|[from] drain|[of] p2a: Blissey
|-damage|p1a: King|91/100|[from] item: Life Orb
|move|p2a: Blissey|Soft-Boiled|p2a: Blissey
|-heal|p2a: Blissey|73/100
|
|upkeep
|turn|18
|
|t:|1779877648
|switch|p2a: Toxapex|Toxapex, M|100/100
|move|p1a: King|Swords Dance|p1a: King
|-boost|p1a: King|atk|2
|
|-end|p2a: Toxapex|move: Future Sight
|-supereffective|p2a: Toxapex
|-damage|p2a: Toxapex|0 fnt
|faint|p2a: Toxapex
|upkeep
|
|t:|1779877659
|switch|p2a: Clefable|Clefable, M|100/100
|turn|19
|
|t:|1779877665
|move|p1a: King|Leaf Blade|p2a: Clefable
|-damage|p2a: Clefable|33/100
|-damage|p1a: King|81/100|[from] item: Life Orb
|move|p2a: Clefable|Calm Mind|p2a: Clefable
|-boost|p2a: Clefable|spa|1
|-boost|p2a: Clefable|spd|1
|
|upkeep
|turn|20
|-message|pirlococo forfeited.
|
|win|Etherious_Ph0enix
|raw|Etherious_Ph0enix's rating: 1065 &rarr; <strong>1094</strong><br />(+29 for winning)
|raw|pirlococo's rating: 1052 &rarr; <strong>1035</strong><br />(-17 for losing)
|l|☆pirlococo
|player|p2|
