|j|☆rare77
|j|‽jackk33
|t:|1779860163
|gametype|singles
|player|p1|rare77|266|1144
|player|p2|jackk33|169|1201
|gen|9
|tier|[Gen 9] OU
|rated|
|rule|HP Percentage Mod: HP is shown in percentages
|rule|Endless Battle Clause: Forcing endless battles is banned
|rule|Species Clause: Limit one of each Pokémon
|rule|OHKO Clause: OHKO moves are banned
|rule|Evasion Items Clause: Evasion items are banned
|rule|Evasion Moves Clause: Evasion moves are banned
|rule|Evasion Abilities Clause: Evasion abilities are banned
|rule|Sleep Moves Clause: Sleep-inducing moves are banned
|clearpoke
|poke|p1|Feraligatr, M|
|poke|p1|Samurott-Hisui, M|
|poke|p1|Gholdengo|
|poke|p1|Great Tusk|
|poke|p1|Raging Bolt|
|poke|p1|Kingambit, F|
|poke|p2|Torkoal, F|
|poke|p2|Walking Wake|
|poke|p2|Iron Valiant|
|poke|p2|Lilligant-Hisui, F|
|poke|p2|Hatterene, F|
|poke|p2|Great Tusk|
|teampreview
|l|☆rare77
|player|p1|
|j|☆rare77
|player|p1|rare77|266|
|inactive|Battle timer is ON: inactive players will automatically lose when time's up. (requested by rare77)
|l|‽jackk33
|inactive|jackk33 disconnected and has a minute to reconnect!
|player|p2|
|j|‽jackk33
|inactive|jackk33 reconnected and has 120 seconds left.
|player|p2|jackk33|169|
|n|‽jackk33|jackk33
|
|t:|1779860218
|teamsize|p1|6
|teamsize|p2|6
|start
|switch|p1a: Gholdengo|Gholdengo|100/100
|switch|p2a: Torkoal|Torkoal, F|100/100
|-item|p1a: Gholdengo|Air Balloon
|-weather|SunnyDay|[from] ability: Drought|[of] p2a: Torkoal
|turn|1
|l|☆rare77
|inactive|rare77 disconnected and has a minute to reconnect!
|player|p1|
|inactive|rare77 has 30 seconds to reconnect!
|j|☆rare77
|inactive|rare77 reconnected and has 120 seconds left.
|player|p1|rare77|266|
|
|t:|1779860265
|switch|p1a: Raging Bolt|Raging Bolt|100/100
|-activate|p1a: Raging Bolt|ability: Protosynthesis
|-start|p1a: Raging Bolt|protosynthesisspa
|move|p2a: Torkoal|Weather Ball|p1a: Raging Bolt
|-resisted|p1a: Raging Bolt
|-damage|p1a: Raging Bolt|82/100
|
|-weather|SunnyDay|[upkeep]
|upkeep
|turn|2
|
|t:|1779860284
|move|p1a: Raging Bolt|Dragon Pulse|p2a: Torkoal
|-damage|p2a: Torkoal|14/100
|move|p2a: Torkoal|Earth Power|p1a: Raging Bolt
|-supereffective|p1a: Raging Bolt
|-damage|p1a: Raging Bolt|51/100
|-unboost|p1a: Raging Bolt|spd|1
|
|-weather|SunnyDay|[upkeep]
|upkeep
|turn|3
|
|t:|1779860304
|switch|p2a: Hatterene|Hatterene, F|100/100
|move|p1a: Raging Bolt|Volt Switch|p2a: Hatterene
|-crit|p2a: Hatterene
|-damage|p2a: Hatterene|22/100
|-enditem|p2a: Hatterene|Eject Button
|
|t:|1779860316
|switch|p2a: Great Tusk|Great Tusk, shiny|100/100
|-activate|p2a: Great Tusk|ability: Protosynthesis
|-start|p2a: Great Tusk|protosynthesisatk
|
|-weather|SunnyDay|[upkeep]
|upkeep
|turn|4
|inactive|jackk33 has 120 seconds left.
|
|t:|1779860342
|-end|p1a: Raging Bolt|Protosynthesis|[silent]
|switch|p1a: Gholdengo|Gholdengo|100/100
|-item|p1a: Gholdengo|Air Balloon
|move|p2a: Great Tusk|Play Rough|p1a: Gholdengo|[miss]
|-miss|p2a: Great Tusk|p1a: Gholdengo
|
|-weather|SunnyDay|[upkeep]
|upkeep
|turn|5
|inactive|jackk33 has 120 seconds left.
|
|t:|1779860354
|-end|p2a: Great Tusk|Protosynthesis|[silent]
|switch|p2a: Hatterene|Hatterene, F|22/100
|move|p1a: Gholdengo|Shadow Ball|p2a: Hatterene
|-supereffective|p2a: Hatterene
|-damage|p2a: Hatterene|0 fnt
|faint|p2a: Hatterene
|
|-weather|SunnyDay|[upkeep]
|upkeep
|inactive|jackk33 has 90 seconds left.
|
|t:|1779860388
|switch|p2a: Walking Wake|Walking Wake|100/100
|-activate|p2a: Walking Wake|ability: Protosynthesis
|-start|p2a: Walking Wake|protosynthesisspa
|turn|6
|
|t:|1779860402
|switch|p1a: Raging Bolt|Raging Bolt|51/100
|-activate|p1a: Raging Bolt|ability: Protosynthesis
|-start|p1a: Raging Bolt|protosynthesisspa
|move|p2a: Walking Wake|Flamethrower|p1a: Raging Bolt
|-resisted|p1a: Raging Bolt
|-damage|p1a: Raging Bolt|35/100
|
|-weather|SunnyDay|[upkeep]
|upkeep
|turn|7
|
|t:|1779860420
|-terastallize|p1a: Raging Bolt|Fairy
|move|p2a: Walking Wake|Hydro Steam|p1a: Raging Bolt
|-damage|p1a: Raging Bolt|0 fnt
|faint|p1a: Raging Bolt
|-end|p1a: Raging Bolt|Protosynthesis|[silent]
|
|-weather|SunnyDay|[upkeep]
|upkeep
|inactive|rare77 has 90 seconds left.
|
|t:|1779860451
|switch|p1a: Samurott|Samurott-Hisui, M|100/100
|turn|8
|
|t:|1779860460
|move|p2a: Walking Wake|Dragon Pulse|p1a: Samurott
|-damage|p1a: Samurott|12/100
|move|p1a: Samurott|Ceaseless Edge|p2a: Walking Wake
|-damage|p2a: Walking Wake|49/100
|-sidestart|p2: jackk33|Spikes
|
|-weather|none
|-end|p2a: Walking Wake|Protosynthesis
|upkeep
|turn|9
|
|t:|1779860477
|move|p2a: Walking Wake|Dragon Pulse|p1a: Samurott
|-damage|p1a: Samurott|0 fnt
|faint|p1a: Samurott
|
|upkeep
|
|t:|1779860494
|switch|p1a: Feraligatr|Feraligatr, M|100/100
|turn|10
|
|t:|1779860499
|-end|p2a: Walking Wake|Protosynthesis|[silent]
|switch|p2a: Torkoal|Torkoal, F|14/100
|-damage|p2a: Torkoal|1/100|[from] Spikes
|-weather|SunnyDay|[from] ability: Drought|[of] p2a: Torkoal
|move|p1a: Feraligatr|Dragon Dance|p1a: Feraligatr
|-boost|p1a: Feraligatr|atk|1
|-boost|p1a: Feraligatr|spe|1
|
|-weather|SunnyDay|[upkeep]
|upkeep
|turn|11
|inactive|jackk33 has 120 seconds left.
|
|t:|1779860513
|move|p1a: Feraligatr|Dragon Dance|p1a: Feraligatr
|-boost|p1a: Feraligatr|atk|1
|-boost|p1a: Feraligatr|spe|1
|move|p2a: Torkoal|Solar Beam||[still]
|-prepare|p2a: Torkoal|Solar Beam
|-anim|p2a: Torkoal|Solar Beam|p1a: Feraligatr
|-supereffective|p1a: Feraligatr
|-damage|p1a: Feraligatr|15/100
|
|-weather|SunnyDay|[upkeep]
|upkeep
|turn|12
|inactive|jackk33 has 120 seconds left.
|
|t:|1779860525
|move|p1a: Feraligatr|Crunch|p2a: Torkoal
|-damage|p2a: Torkoal|0 fnt
|faint|p2a: Torkoal
|
|-weather|SunnyDay|[upkeep]
|upkeep
|
|t:|1779860537
|switch|p2a: Iron Valiant|Iron Valiant|100/100
|-damage|p2a: Iron Valiant|88/100|[from] Spikes
|-enditem|p2a: Iron Valiant|Booster Energy
|-activate|p2a: Iron Valiant|ability: Quark Drive|[fromitem]
|-start|p2a: Iron Valiant|quarkdrivespe
|turn|13
|inactive|rare77 has 90 seconds left.
|
|t:|1779860549
|move|p2a: Iron Valiant|Shadow Sneak|p1a: Feraligatr
|-damage|p1a: Feraligatr|2/100
|move|p1a: Feraligatr|Liquidation|p2a: Iron Valiant
|-damage|p2a: Iron Valiant|0 fnt
|faint|p2a: Iron Valiant
|-end|p2a: Iron Valiant|Quark Drive|[silent]
|
|-weather|SunnyDay|[upkeep]
|upkeep
|inactive|jackk33 has 120 seconds left.
|-message|jackk33 forfeited.
|
|win|rare77
|raw|rare77's rating: 1144 &rarr; <strong>1173</strong><br />(+29 for winning)
|raw|jackk33's rating: 1201 &rarr; <strong>1172</strong><br />(-29 for losing)
|l|‽jackk33
|player|p2|
|l|☆rare77
|player|p1|
