|j|☆MacBaron
|j|☆moo236
|t:|1779942416
|gametype|singles
|player|p1|MacBaron|crasherwake|1339
|player|p2|moo236|lyra|1418
|gen|9
|tier|[Gen 9] OU
|rated|
|rule|HP Percentage Mod: HP is shown in percentages
|rule|Endless Battle Clause: Forcing endless battles is banned
|rule|Species Clause: Limit one of each Pokémon
|rule|OHKO Clause: OHKO moves are banned
|rule|Evasion Items Clause: Evasion items are banned
|rule|Evasion Moves Clause: Evasion moves are banned
|rule|Evasion Abilities Clause: Evasion abilities are banned
|rule|Sleep Moves Clause: Sleep-inducing moves are banned
|clearpoke
|poke|p1|Kleavor, F|
|poke|p1|Tatsugiri-Stretchy, M|
|poke|p1|Iron Moth|
|poke|p1|Samurott-Hisui, F|
|poke|p1|Corviknight, F|
|poke|p1|Vikavolt, F|
|poke|p2|Dragonite, F|
|poke|p2|Great Tusk|
|poke|p2|Deoxys-Speed|
|poke|p2|Gholdengo|
|poke|p2|Zamazenta-*|
|poke|p2|Iron Valiant|
|teampreview
|
|t:|1779942448
|teamsize|p1|6
|teamsize|p2|6
|start
|switch|p1a: Samurott|Samurott-Hisui, F, shiny|100/100
|switch|p2a: Deoxys|Deoxys-Speed|100/100
|-ability|p2a: Deoxys|Pressure
|turn|1
|inactive|Battle timer is ON: inactive players will automatically lose when time's up. (requested by MacBaron)
|inactive|moo236 has 120 seconds left.
|
|t:|1779942480
|switch|p2a: Zamazenta|Zamazenta|100/100
|-ability|p2a: Zamazenta|Dauntless Shield|boost
|-boost|p2a: Zamazenta|def|1
|move|p1a: Samurott|Ceaseless Edge|p2a: Zamazenta
|-resisted|p2a: Zamazenta
|-damage|p2a: Zamazenta|88/100
|-sidestart|p2: moo236|Spikes
|
|upkeep
|turn|2
|
|t:|1779942490
|switch|p1a: Corviknight|Corviknight, F, shiny|100/100
|move|p2a: Zamazenta|Close Combat|p1a: Corviknight
|-damage|p1a: Corviknight|46/100
|-unboost|p2a: Zamazenta|def|1
|-unboost|p2a: Zamazenta|spd|1
|-damage|p2a: Zamazenta|78/100|[from] item: Life Orb
|
|-heal|p1a: Corviknight|52/100|[from] item: Leftovers
|upkeep
|turn|3
|
|t:|1779942503
|switch|p1a: Vikavolt|Vikavolt, F, shiny|100/100
|move|p2a: Zamazenta|Close Combat|p1a: Vikavolt
|-resisted|p1a: Vikavolt
|-damage|p1a: Vikavolt|49/100
|-unboost|p2a: Zamazenta|def|1
|-unboost|p2a: Zamazenta|spd|1
|-damage|p2a: Zamazenta|68/100|[from] item: Life Orb
|
|-heal|p1a: Vikavolt|55/100|[from] item: Leftovers
|upkeep
|turn|4
|inactive|moo236 has 120 seconds left.
|
|t:|1779942535
|switch|p2a: Dragonite|Dragonite, F|100/100
|switch|p1a: Samurott|Samurott-Hisui, F, shiny|100/100
|
|upkeep
|turn|5
|
|t:|1779942545
|move|p1a: Samurott|Flip Turn|p2a: Dragonite
|-resisted|p2a: Dragonite
|-damage|p2a: Dragonite|93/100
|
|t:|1779942555
|switch|p1a: Kleavor|Kleavor, F|100/100|[from] Flip Turn
|move|p2a: Dragonite|Dragon Dance|p2a: Dragonite
|-boost|p2a: Dragonite|atk|1
|-boost|p2a: Dragonite|spe|1
|
|upkeep
|turn|6
|
|t:|1779942566
|switch|p2a: Great Tusk|Great Tusk|100/100
|-damage|p2a: Great Tusk|88/100|[from] Spikes
|-enditem|p2a: Great Tusk|Booster Energy
|-activate|p2a: Great Tusk|ability: Protosynthesis|[fromitem]
|-start|p2a: Great Tusk|protosynthesisspe
|move|p1a: Kleavor|Stone Axe|p2a: Great Tusk
|-resisted|p2a: Great Tusk
|-crit|p2a: Great Tusk
|-damage|p2a: Great Tusk|76/100
|-sidestart|p2: moo236|move: Stealth Rock
|
|upkeep
|turn|7
|
|t:|1779942579
|switch|p1a: Corviknight|Corviknight, F, shiny|52/100
|move|p2a: Great Tusk|Bulk Up|p2a: Great Tusk
|-boost|p2a: Great Tusk|atk|1
|-boost|p2a: Great Tusk|def|1
|
|-heal|p1a: Corviknight|58/100|[from] item: Leftovers
|upkeep
|turn|8
|
|t:|1779942588
|move|p2a: Great Tusk|Taunt|p1a: Corviknight
|-start|p1a: Corviknight|move: Taunt
|cant|p1a: Corviknight|move: Taunt|Bulk Up
|
|-heal|p1a: Corviknight|64/100|[from] item: Leftovers
|upkeep
|turn|9
|
|t:|1779942600
|switch|p1a: Iron Moth|Iron Moth|100/100
|-enditem|p1a: Iron Moth|Booster Energy
|-activate|p1a: Iron Moth|ability: Quark Drive|[fromitem]
|-start|p1a: Iron Moth|quarkdrivespe
|move|p2a: Great Tusk|Bulk Up|p2a: Great Tusk
|-boost|p2a: Great Tusk|atk|1
|-boost|p2a: Great Tusk|def|1
|
|upkeep
|turn|10
|
|t:|1779942611
|move|p1a: Iron Moth|Substitute|p1a: Iron Moth
|-start|p1a: Iron Moth|Substitute
|-damage|p1a: Iron Moth|76/100
|move|p2a: Great Tusk|Headlong Rush|p1a: Iron Moth
|-supereffective|p1a: Iron Moth
|-end|p1a: Iron Moth|Substitute
|-unboost|p2a: Great Tusk|def|1
|-unboost|p2a: Great Tusk|spd|1
|
|upkeep
|turn|11
|
|t:|1779942622
|move|p1a: Iron Moth|Substitute|p1a: Iron Moth
|-start|p1a: Iron Moth|Substitute
|-damage|p1a: Iron Moth|51/100
|move|p2a: Great Tusk|Headlong Rush|p1a: Iron Moth
|-supereffective|p1a: Iron Moth
|-end|p1a: Iron Moth|Substitute
|-unboost|p2a: Great Tusk|def|1
|-unboost|p2a: Great Tusk|spd|1
|
|upkeep
|turn|12
|
|t:|1779942631
|move|p1a: Iron Moth|Fiery Dance|p2a: Great Tusk
|-damage|p2a: Great Tusk|0 fnt
|-boost|p1a: Iron Moth|spa|1
|faint|p2a: Great Tusk
|-end|p2a: Great Tusk|Protosynthesis|[silent]
|
|upkeep
|
|t:|1779942636
|switch|p2a: Dragonite|Dragonite, F|93/100
|-damage|p2a: Dragonite|68/100|[from] Stealth Rock
|turn|13
|
|t:|1779942645
|-end|p1a: Iron Moth|Quark Drive|[silent]
|switch|p1a: Corviknight|Corviknight, F, shiny|64/100
|move|p2a: Dragonite|Extreme Speed|p1a: Corviknight
|-resisted|p1a: Corviknight
|-damage|p1a: Corviknight|51/100
|-damage|p2a: Dragonite|58/100|[from] item: Life Orb
|
|-heal|p1a: Corviknight|57/100|[from] item: Leftovers
|upkeep
|turn|14
|
|t:|1779942655
|move|p2a: Dragonite|Fire Punch|p1a: Corviknight
|-supereffective|p1a: Corviknight
|-damage|p1a: Corviknight|12/100
|-damage|p2a: Dragonite|48/100|[from] item: Life Orb
|move|p1a: Corviknight|Iron Head|p2a: Dragonite
|-damage|p2a: Dragonite|20/100
|
|-heal|p1a: Corviknight|19/100|[from] item: Leftovers
|upkeep
|turn|15
|
|t:|1779942668
|move|p2a: Dragonite|Fire Punch|p1a: Corviknight
|-supereffective|p1a: Corviknight
|-damage|p1a: Corviknight|0 fnt
|faint|p1a: Corviknight
|-damage|p2a: Dragonite|10/100|[from] item: Life Orb
|
|upkeep
|
|t:|1779942692
|switch|p1a: Samurott|Samurott-Hisui, F, shiny|100/100
|turn|16
|
|t:|1779942697
|move|p1a: Samurott|Flip Turn|p2a: Dragonite
|-resisted|p2a: Dragonite
|-damage|p2a: Dragonite|0 fnt
|faint|p2a: Dragonite
|inactive|MacBaron has 120 seconds left.
|
|t:|1779942725
|switch|p1a: Vikavolt|Vikavolt, F, shiny|55/100|[from] Flip Turn
|
|-heal|p1a: Vikavolt|61/100|[from] item: Leftovers
|upkeep
|
|t:|1779942738
|switch|p2a: Gholdengo|Gholdengo|100/100
|-damage|p2a: Gholdengo|88/100|[from] Spikes
|-damage|p2a: Gholdengo|82/100|[from] Stealth Rock
|turn|17
|
|t:|1779942745
|move|p2a: Gholdengo|Shadow Ball|p1a: Vikavolt
|-damage|p1a: Vikavolt|22/100
|move|p1a: Vikavolt|Sticky Web|p2a: Gholdengo
|-sidestart|p2: moo236|move: Sticky Web
|
|-heal|p1a: Vikavolt|28/100|[from] item: Leftovers
|upkeep
|turn|18
|
|t:|1779942753
|move|p2a: Gholdengo|Shadow Ball|p1a: Vikavolt
|-damage|p1a: Vikavolt|0 fnt
|faint|p1a: Vikavolt
|
|upkeep
|
|t:|1779942759
|switch|p1a: Iron Moth|Iron Moth|51/100
|turn|19
|
|t:|1779942769
|-terastallize|p2a: Gholdengo|Fairy
|move|p1a: Iron Moth|Fiery Dance|p2a: Gholdengo
|-damage|p2a: Gholdengo|43/100
|move|p2a: Gholdengo|Shadow Ball|p1a: Iron Moth
|-damage|p1a: Iron Moth|4/100
|
|upkeep
|turn|20
|
|t:|1779942781
|move|p1a: Iron Moth|Fiery Dance|p2a: Gholdengo
|-damage|p2a: Gholdengo|6/100
|-boost|p1a: Iron Moth|spa|1
|move|p2a: Gholdengo|Shadow Ball|p1a: Iron Moth
|-damage|p1a: Iron Moth|0 fnt
|faint|p1a: Iron Moth
|-end|p1a: Iron Moth|Quark Drive|[silent]
|
|upkeep
|
|t:|1779942797
|switch|p1a: Tatsugiri|Tatsugiri-Stretchy, M, shiny|100/100
|turn|21
|-enditem|p2a: Gholdengo|Custap Berry|[eat]
|-activate|p2a: Gholdengo|item: Custap Berry|[consumed]
|
|t:|1779942805
|-terastallize|p1a: Tatsugiri|Poison
|move|p2a: Gholdengo|Recover|p2a: Gholdengo
|-heal|p2a: Gholdengo|56/100
|move|p1a: Tatsugiri|Nasty Plot|p1a: Tatsugiri
|-boost|p1a: Tatsugiri|spa|2
|
|upkeep
|turn|22
|
|t:|1779942815
|move|p1a: Tatsugiri|Rapid Spin|p2a: Gholdengo
|-damage|p2a: Gholdengo|51/100
|-boost|p1a: Tatsugiri|spe|1
|move|p2a: Gholdengo|Nasty Plot|p2a: Gholdengo
|-boost|p2a: Gholdengo|spa|2
|
|upkeep
|turn|23
|
|t:|1779942822
|move|p1a: Tatsugiri|Surf|p2a: Gholdengo
|-damage|p2a: Gholdengo|0 fnt
|faint|p2a: Gholdengo
|
|upkeep
|
|t:|1779942831
|switch|p2a: Iron Valiant|Iron Valiant|100/100
|-damage|p2a: Iron Valiant|88/100|[from] Spikes
|-damage|p2a: Iron Valiant|82/100|[from] Stealth Rock
|-activate|p2a: Iron Valiant|move: Sticky Web
|-unboost|p2a: Iron Valiant|spe|1
|-enditem|p2a: Iron Valiant|Booster Energy
|-activate|p2a: Iron Valiant|ability: Quark Drive|[fromitem]
|-start|p2a: Iron Valiant|quarkdrivespa
|turn|24
|
|t:|1779942839
|move|p1a: Tatsugiri|Surf|p2a: Iron Valiant
|-damage|p2a: Iron Valiant|0 fnt
|faint|p2a: Iron Valiant
|-end|p2a: Iron Valiant|Quark Drive|[silent]
|
|upkeep
|-message|moo236 forfeited.
|
|win|MacBaron
|raw|MacBaron's rating: 1339 &rarr; <strong>1363</strong><br />(+24 for winning)
|raw|moo236's rating: 1418 &rarr; <strong>1394</strong><br />(-24 for losing)
|l|☆moo236
|player|p2|
|l|☆MacBaron
|player|p1|
