|j|☆swaggulisus
|j|‽JustATechnician
|t:|1779810510
|gametype|singles
|player|p1|swaggulisus|silver|1142
|player|p2|JustATechnician|fisherman|1133
|gen|9
|tier|[Gen 9] OU
|rated|
|rule|HP Percentage Mod: HP is shown in percentages
|rule|Endless Battle Clause: Forcing endless battles is banned
|rule|Species Clause: Limit one of each Pokémon
|rule|OHKO Clause: OHKO moves are banned
|rule|Evasion Items Clause: Evasion items are banned
|rule|Evasion Moves Clause: Evasion moves are banned
|rule|Evasion Abilities Clause: Evasion abilities are banned
|rule|Sleep Moves Clause: Sleep-inducing moves are banned
|clearpoke
|poke|p1|Darkrai|
|poke|p1|Gliscor, F|
|poke|p1|Zamazenta-*|
|poke|p1|Ogerpon-Wellspring, F|
|poke|p1|Gholdengo|
|poke|p1|Rillaboom, M|
|poke|p2|Dachsbun, M|
|poke|p2|Orthworm, M|
|poke|p2|Ogerpon-Wellspring, F|
|poke|p2|Thundurus-Therian, M|
|poke|p2|Goodra-Hisui, M|
|poke|p2|Chandelure, M|
|teampreview
|inactive|Battle timer is ON: inactive players will automatically lose when time's up. (requested by JustATechnician)
|
|t:|1779810526
|teamsize|p1|6
|teamsize|p2|6
|start
|switch|p1a: Darkrai|Darkrai|100/100
|switch|p2a: Ogerpon|Ogerpon-Wellspring, F|100/100
|turn|1
|
|t:|1779810545
|-terastallize|p2a: Ogerpon|Water
|detailschange|p2a: Ogerpon|Ogerpon-Wellspring-Tera, F, tera:Water
|-ability|p2a: Ogerpon|Embody Aspect (Wellspring)|boost
|-boost|p2a: Ogerpon|spd|1
|move|p1a: Darkrai|Nasty Plot|p1a: Darkrai
|-boost|p1a: Darkrai|spa|2
|move|p2a: Ogerpon|Ivy Cudgel|p1a: Darkrai|[anim] Ivy Cudgel Water
|-damage|p1a: Darkrai|3/100
|
|upkeep
|turn|2
|
|t:|1779810563
|move|p1a: Darkrai|Dark Pulse|p2a: Ogerpon
|-damage|p2a: Ogerpon|20/100
|-damage|p1a: Darkrai|0 fnt|[from] item: Life Orb
|faint|p1a: Darkrai
|move|p2a: Ogerpon|Horn Leech|p1: Darkrai|[notarget]
|-fail|p2a: Ogerpon
|
|upkeep
|
|t:|1779810574
|switch|p1a: Zamazenta|Zamazenta|100/100
|-ability|p1a: Zamazenta|Dauntless Shield|boost
|-boost|p1a: Zamazenta|def|1
|turn|3
|
|t:|1779810580
|switch|p2a: Chandelure|Chandelure, M|100/100
|move|p1a: Zamazenta|Body Press|p2a: Chandelure
|-immune|p2a: Chandelure
|
|upkeep
|turn|4
|
|t:|1779810594
|switch|p1a: Rillaboom|Rillaboom, M|100/100
|-fieldstart|move: Grassy Terrain|[from] ability: Grassy Surge|[of] p1a: Rillaboom
|move|p2a: Chandelure|Fire Blast|p1a: Rillaboom
|-supereffective|p1a: Rillaboom
|-damage|p1a: Rillaboom|0 fnt
|faint|p1a: Rillaboom
|
|upkeep
|
|t:|1779810603
|switch|p1a: Gliscor|Gliscor, F|100/100
|turn|5
|
|t:|1779810608
|switch|p2a: Orthworm|Orthworm, M|100/100
|move|p1a: Gliscor|Earthquake|p2a: Orthworm
|-immune|p2a: Orthworm|[from] ability: Earth Eater
|
|-status|p1a: Gliscor|tox|[from] item: Toxic Orb
|upkeep
|turn|6
|
|t:|1779810618
|switch|p1a: Ogerpon|Ogerpon-Wellspring, F|100/100
|move|p2a: Orthworm|Substitute|p2a: Orthworm
|-start|p2a: Orthworm|Substitute
|-damage|p2a: Orthworm|76/100
|
|-heal|p2a: Orthworm|82/100|[from] Grassy Terrain
|-heal|p2a: Orthworm|88/100|[from] item: Leftovers
|upkeep
|turn|7
|
|t:|1779810628
|-terastallize|p1a: Ogerpon|Water
|detailschange|p1a: Ogerpon|Ogerpon-Wellspring-Tera, F, tera:Water
|-ability|p1a: Ogerpon|Embody Aspect (Wellspring)|boost
|-boost|p1a: Ogerpon|spd|1
|move|p1a: Ogerpon|Swords Dance|p1a: Ogerpon
|-boost|p1a: Ogerpon|atk|2
|move|p2a: Orthworm|Coil|p2a: Orthworm
|-boost|p2a: Orthworm|atk|1
|-boost|p2a: Orthworm|def|1
|-boost|p2a: Orthworm|accuracy|1
|
|-heal|p2a: Orthworm|94/100|[from] Grassy Terrain
|-heal|p2a: Orthworm|99/100|[from] item: Leftovers
|upkeep
|turn|8
|
|t:|1779810644
|move|p1a: Ogerpon|Ivy Cudgel|p2a: Orthworm|[anim] Ivy Cudgel Water
|-end|p2a: Orthworm|Substitute
|move|p2a: Orthworm|Substitute|p2a: Orthworm
|-start|p2a: Orthworm|Substitute
|-damage|p2a: Orthworm|75/100
|
|-heal|p2a: Orthworm|81/100|[from] Grassy Terrain
|-heal|p2a: Orthworm|87/100|[from] item: Leftovers
|upkeep
|turn|9
|
|t:|1779810655
|move|p1a: Ogerpon|Ivy Cudgel|p2a: Orthworm|[anim] Ivy Cudgel Water
|-end|p2a: Orthworm|Substitute
|move|p2a: Orthworm|Coil|p2a: Orthworm
|-boost|p2a: Orthworm|atk|1
|-boost|p2a: Orthworm|def|1
|-boost|p2a: Orthworm|accuracy|1
|
|-heal|p2a: Orthworm|93/100|[from] Grassy Terrain
|-heal|p2a: Orthworm|99/100|[from] item: Leftovers
|upkeep
|turn|10
|
|t:|1779810666
|move|p1a: Ogerpon|Ivy Cudgel|p2a: Orthworm|[anim] Ivy Cudgel Water
|-damage|p2a: Orthworm|44/100
|move|p2a: Orthworm|Substitute|p2a: Orthworm
|-start|p2a: Orthworm|Substitute
|-damage|p2a: Orthworm|19/100
|
|-heal|p2a: Orthworm|25/100|[from] Grassy Terrain
|-heal|p2a: Orthworm|31/100|[from] item: Leftovers
|upkeep
|turn|11
|
|t:|1779810679
|move|p1a: Ogerpon|Ivy Cudgel|p2a: Orthworm|[anim] Ivy Cudgel Water
|-crit|p2a: Orthworm
|-end|p2a: Orthworm|Substitute
|move|p2a: Orthworm|Earthquake|p1a: Ogerpon
|-damage|p1a: Ogerpon|73/100
|
|-heal|p1a: Ogerpon|79/100|[from] Grassy Terrain
|-heal|p2a: Orthworm|38/100|[from] Grassy Terrain
|-heal|p2a: Orthworm|44/100|[from] item: Leftovers
|-fieldend|move: Grassy Terrain
|upkeep
|turn|12
|-message|JustATechnician forfeited.
|
|win|swaggulisus
|raw|swaggulisus's rating: 1142 &rarr; <strong>1166</strong><br />(+24 for winning)
|raw|JustATechnician's rating: 1133 &rarr; <strong>1109</strong><br />(-24 for losing)
|l|‽JustATechnician
|player|p2|
|c|☆swaggulisus|yay\
