|j|☆imaginedyinginapit
|j|☆yessir.9x9
|t:|1779806506
|gametype|singles
|player|p1|imaginedyinginapit|preschooler|1070
|player|p2|yessir.9x9|hoopster|1085
|gen|9
|tier|[Gen 9] OU
|rated|
|rule|HP Percentage Mod: HP is shown in percentages
|rule|Endless Battle Clause: Forcing endless battles is banned
|rule|Species Clause: Limit one of each Pokémon
|rule|OHKO Clause: OHKO moves are banned
|rule|Evasion Items Clause: Evasion items are banned
|rule|Evasion Moves Clause: Evasion moves are banned
|rule|Evasion Abilities Clause: Evasion abilities are banned
|rule|Sleep Moves Clause: Sleep-inducing moves are banned
|clearpoke
|poke|p1|Conkeldurr, F|
|poke|p1|Slowbro, F|
|poke|p1|Deoxys-Defense|
|poke|p1|Dondozo, M|
|poke|p1|Hitmonlee, M|
|poke|p1|Pikachu, M|
|poke|p2|Skarmory, F|
|poke|p2|Heracross, M|
|poke|p2|Raikou|
|poke|p2|Slowking, F|
|poke|p2|Bellossom, M|
|poke|p2|Tyranitar, F|
|teampreview
|inactive|Battle timer is ON: inactive players will automatically lose when time's up. (requested by yessir.9x9)
|
|t:|1779806521
|teamsize|p1|6
|teamsize|p2|6
|start
|switch|p1a: Slowbro|Slowbro, F|100/100
|switch|p2a: Slowking|Slowking, F|100/100
|turn|1
|c|☆imaginedyinginapit|good luck amigo
|inactive|yessir.9x9 has 120 seconds left.
|c|☆yessir.9x9|you too chico
|
|t:|1779806569
|move|p2a: Slowking|Trick Room|p2a: Slowking
|-fieldstart|move: Trick Room|[of] p2a: Slowking
|move|p1a: Slowbro|Trick Room|p1a: Slowbro
|-fieldend|move: Trick Room
|
|upkeep
|turn|2
|
|t:|1779806585
|-prepare|p2a: Slowking|Chilly Reception|[premajor]
|move|p2a: Slowking|Chilly Reception|p2a: Slowking
|-weather|Snowscape
|
|t:|1779806593
|switch|p2a: Skarmory|Skarmory, F, shiny|100/100|[from] Chilly Reception
|move|p1a: Slowbro|Trick Room|p1a: Slowbro
|-fieldstart|move: Trick Room|[of] p1a: Slowbro
|
|-weather|Snowscape|[upkeep]
|upkeep
|turn|3
|
|t:|1779806601
|move|p1a: Slowbro|Belly Drum|p1a: Slowbro
|-damage|p1a: Slowbro|51/100
|-setboost|p1a: Slowbro|atk|6|[from] move: Belly Drum
|move|p2a: Skarmory|Stealth Rock|p1a: Slowbro
|-sidestart|p1: imaginedyinginapit|move: Stealth Rock
|
|-weather|Snowscape|[upkeep]
|upkeep
|turn|4
|inactive|yessir.9x9 has 120 seconds left.
|
|t:|1779806615
|move|p1a: Slowbro|Liquidation|p2a: Skarmory
|-ability|p2a: Skarmory|Sturdy
|-damage|p2a: Skarmory|1/100
|-unboost|p2a: Skarmory|def|1
|-damage|p1a: Slowbro|41/100|[from] item: Life Orb
|move|p2a: Skarmory|Drill Peck|p1a: Slowbro
|-damage|p1a: Slowbro|12/100
|
|-weather|Snowscape|[upkeep]
|upkeep
|turn|5
|inactive|yessir.9x9 has 120 seconds left.
|c|☆yessir.9x9|bruh
|
|t:|1779806632
|move|p1a: Slowbro|Liquidation|p2a: Skarmory
|-damage|p2a: Skarmory|0 fnt
|faint|p2a: Skarmory
|-damage|p1a: Slowbro|3/100|[from] item: Life Orb
|
|-weather|Snowscape|[upkeep]
|upkeep
|c|☆imaginedyinginapit|your calm
|
|t:|1779806644
|switch|p2a: Raikou|Raikou|100/100
|-ability|p2a: Raikou|Pressure
|turn|6
|c|☆imaginedyinginapit|im life orbed and truck room lasts 1 turb
|
|t:|1779806653
|move|p2a: Raikou|Extreme Speed|p1a: Slowbro
|-damage|p1a: Slowbro|0 fnt
|faint|p1a: Slowbro
|
|-weather|none
|-fieldend|move: Trick Room
|upkeep
|
|t:|1779806663
|switch|p1a: Deoxys|Deoxys-Defense|100/100
|-damage|p1a: Deoxys|88/100|[from] Stealth Rock
|-ability|p1a: Deoxys|Pressure
|turn|7
|inactive|yessir.9x9 has 120 seconds left.
|
|t:|1779806677
|switch|p2a: Tyranitar|Tyranitar, F|100/100
|-weather|Sandstorm|[from] ability: Sand Stream|[of] p2a: Tyranitar
|move|p1a: Deoxys|Stealth Rock|p2a: Tyranitar
|-sidestart|p2: yessir.9x9|move: Stealth Rock
|
|-weather|Sandstorm|[upkeep]
|-damage|p1a: Deoxys|82/100|[from] Sandstorm
|upkeep
|turn|8
|
|t:|1779806703
|switch|p1a: Conkeldurr|Conkeldurr, F|100/100
|-damage|p1a: Conkeldurr|95/100|[from] Stealth Rock
|move|p2a: Tyranitar|Knock Off|p1a: Conkeldurr
|-resisted|p1a: Conkeldurr
|-crit|p1a: Conkeldurr
|-damage|p1a: Conkeldurr|42/100
|-enditem|p1a: Conkeldurr|Life Orb|[from] move: Knock Off|[of] p2a: Tyranitar
|
|-weather|Sandstorm|[upkeep]
|-damage|p1a: Conkeldurr|36/100|[from] Sandstorm
|upkeep
|turn|9
|
|t:|1779806715
|switch|p2a: Slowking|Slowking, F|100/100
|-damage|p2a: Slowking|88/100|[from] Stealth Rock
|move|p1a: Conkeldurr|Hammer Arm|p2a: Slowking
|-resisted|p2a: Slowking
|-damage|p2a: Slowking|55/100
|-unboost|p1a: Conkeldurr|spe|1
|
|-weather|Sandstorm|[upkeep]
|-damage|p2a: Slowking|49/100|[from] Sandstorm
|-damage|p1a: Conkeldurr|30/100|[from] Sandstorm
|-heal|p2a: Slowking|55/100|[from] item: Leftovers
|upkeep
|turn|10
|inactive|imaginedyinginapit has 120 seconds left.
|inactive|yessir.9x9 has 120 seconds left.
|
|t:|1779806736
|move|p2a: Slowking|Expanding Force|p1a: Conkeldurr
|-supereffective|p1a: Conkeldurr
|-damage|p1a: Conkeldurr|0 fnt
|faint|p1a: Conkeldurr
|
|-weather|Sandstorm|[upkeep]
|-damage|p2a: Slowking|49/100|[from] Sandstorm
|-heal|p2a: Slowking|55/100|[from] item: Leftovers
|upkeep
|
|t:|1779806744
|switch|p1a: Pikachu|Pikachu, M|100/100
|-damage|p1a: Pikachu|88/100|[from] Stealth Rock
|turn|11
|inactive|imaginedyinginapit has 120 seconds left.
|
|t:|1779806757
|switch|p2a: Raikou|Raikou|100/100
|-damage|p2a: Raikou|88/100|[from] Stealth Rock
|-ability|p2a: Raikou|Pressure
|move|p1a: Pikachu|Fake Out|p2a: Raikou
|-damage|p2a: Raikou|62/100
|
|-weather|none
|upkeep
|turn|12
|inactive|imaginedyinginapit has 120 seconds left.
|
|t:|1779806771
|move|p1a: Pikachu|Upper Hand||[still]
|-fail|p1a: Pikachu
|move|p2a: Raikou|Agility|p2a: Raikou
|-boost|p2a: Raikou|spe|2
|
|upkeep
|turn|13
|c|☆imaginedyinginapit|whoops
|inactive|imaginedyinginapit has 120 seconds left.
|inactive|yessir.9x9 has 120 seconds left.
|
|t:|1779806786
|switch|p1a: Deoxys|Deoxys-Defense|82/100
|-damage|p1a: Deoxys|70/100|[from] Stealth Rock
|-ability|p1a: Deoxys|Pressure
|move|p2a: Raikou|Extrasensory|p1a: Deoxys
|-resisted|p1a: Deoxys
|-damage|p1a: Deoxys|59/100
|
|upkeep
|turn|14
|inactive|imaginedyinginapit has 120 seconds left.
|
|t:|1779806797
|move|p2a: Raikou|Thunderbolt|p1a: Deoxys
|-damage|p1a: Deoxys|24/100
|move|p1a: Deoxys|Psycho Boost|p2a: Raikou
|-damage|p2a: Raikou|0 fnt
|-unboost|p1a: Deoxys|spa|2
|faint|p2a: Raikou
|-damage|p1a: Deoxys|14/100|[from] item: Life Orb
|
|upkeep
|inactive|yessir.9x9 has 120 seconds left.
|
|t:|1779806809
|switch|p2a: Tyranitar|Tyranitar, F|100/100
|-damage|p2a: Tyranitar|88/100|[from] Stealth Rock
|-weather|Sandstorm|[from] ability: Sand Stream|[of] p2a: Tyranitar
|turn|15
|
|t:|1779806824
|move|p2a: Tyranitar|Body Slam|p1a: Deoxys
|-damage|p1a: Deoxys|0 fnt
|faint|p1a: Deoxys
|
|-weather|Sandstorm|[upkeep]
|upkeep
|inactive|imaginedyinginapit has 120 seconds left.
|
|t:|1779806845
|switch|p1a: Hitmonlee|Hitmonlee, M|100/100
|-damage|p1a: Hitmonlee|94/100|[from] Stealth Rock
|turn|16
|
|t:|1779806862
|switch|p2a: Heracross|Heracross, M, shiny|100/100
|-damage|p2a: Heracross|88/100|[from] Stealth Rock
|move|p1a: Hitmonlee|Stone Edge|p2a: Heracross
|-damage|p2a: Heracross|40/100
|
|-weather|Sandstorm|[upkeep]
|-damage|p2a: Heracross|34/100|[from] Sandstorm
|-damage|p1a: Hitmonlee|88/100|[from] Sandstorm
|-status|p2a: Heracross|brn|[from] item: Flame Orb
|upkeep
|turn|17
|inactive|yessir.9x9 has 120 seconds left.
|
|t:|1779806880
|move|p2a: Heracross|Facade|p1a: Hitmonlee
|-damage|p1a: Hitmonlee|0 fnt
|faint|p1a: Hitmonlee
|
|-weather|Sandstorm|[upkeep]
|-damage|p2a: Heracross|28/100 brn|[from] Sandstorm
|-damage|p2a: Heracross|22/100 brn|[from] brn
|upkeep
|
|t:|1779806885
|switch|p1a: Pikachu|Pikachu, M|88/100
|-damage|p1a: Pikachu|76/100|[from] Stealth Rock
|turn|18
|
|t:|1779806890
|move|p1a: Pikachu|Fake Out|p2a: Heracross
|-damage|p2a: Heracross|0 fnt
|faint|p2a: Heracross
|
|-weather|Sandstorm|[upkeep]
|-damage|p1a: Pikachu|70/100|[from] Sandstorm
|upkeep
|
|t:|1779806901
|switch|p2a: Slowking|Slowking, F|88/100
|-damage|p2a: Slowking|76/100|[from] Stealth Rock
|turn|19
|inactive|imaginedyinginapit has 120 seconds left.
|
|t:|1779806949
|switch|p1a: Dondozo|Dondozo, M|100/100
|-damage|p1a: Dondozo|88/100|[from] Stealth Rock
|move|p2a: Slowking|Trick Room|p2a: Slowking
|-fieldstart|move: Trick Room|[of] p2a: Slowking
|
|-weather|none
|-heal|p2a: Slowking|82/100|[from] item: Leftovers
|-heal|p1a: Dondozo|94/100|[from] item: Leftovers
|upkeep
|turn|20
|
|t:|1779806958
|move|p2a: Slowking|Chilling Water|p1a: Dondozo
|-resisted|p1a: Dondozo
|-damage|p1a: Dondozo|82/100
|-unboost|p1a: Dondozo|atk|1
|move|p1a: Dondozo|Curse|p1a: Dondozo
|-unboost|p1a: Dondozo|spe|1
|-boost|p1a: Dondozo|atk|1
|-boost|p1a: Dondozo|def|1
|
|-heal|p1a: Dondozo|88/100|[from] item: Leftovers
|-heal|p2a: Slowking|88/100|[from] item: Leftovers
|upkeep
|turn|21
|inactive|imaginedyinginapit has 90 seconds left.
|
|t:|1779806978
|move|p1a: Dondozo|Curse|p1a: Dondozo
|-unboost|p1a: Dondozo|spe|1
|-boost|p1a: Dondozo|atk|1
|-boost|p1a: Dondozo|def|1
|move|p2a: Slowking|Chilling Water|p1a: Dondozo
|-resisted|p1a: Dondozo
|-damage|p1a: Dondozo|78/100
|-unboost|p1a: Dondozo|atk|1
|
|-heal|p1a: Dondozo|84/100|[from] item: Leftovers
|-heal|p2a: Slowking|94/100|[from] item: Leftovers
|upkeep
|turn|22
|
|t:|1779807003
|move|p1a: Dondozo|Curse|p1a: Dondozo
|-unboost|p1a: Dondozo|spe|1
|-boost|p1a: Dondozo|atk|1
|-boost|p1a: Dondozo|def|1
|move|p2a: Slowking|Chilling Water|p1a: Dondozo
|-resisted|p1a: Dondozo
|-damage|p1a: Dondozo|72/100
|-unboost|p1a: Dondozo|atk|1
|
|-heal|p1a: Dondozo|78/100|[from] item: Leftovers
|-heal|p2a: Slowking|99/100|[from] item: Leftovers
|upkeep
|turn|23
|
|t:|1779807014
|move|p1a: Dondozo|Curse|p1a: Dondozo
|-unboost|p1a: Dondozo|spe|1
|-boost|p1a: Dondozo|atk|1
|-boost|p1a: Dondozo|def|1
|move|p2a: Slowking|Chilling Water|p1a: Dondozo
|-resisted|p1a: Dondozo
|-damage|p1a: Dondozo|67/100
|-unboost|p1a: Dondozo|atk|1
|
|-heal|p1a: Dondozo|73/100|[from] item: Leftovers
|-heal|p2a: Slowking|100/100|[from] item: Leftovers
|-fieldend|move: Trick Room
|upkeep
|turn|24
|
|t:|1779807027
|-prepare|p2a: Slowking|Chilly Reception|[premajor]
|move|p2a: Slowking|Chilly Reception|p2a: Slowking
|-weather|Snowscape
|
|t:|1779807031
|switch|p2a: Bellossom|Bellossom, M|100/100|[from] Chilly Reception
|-damage|p2a: Bellossom|88/100|[from] Stealth Rock
|move|p1a: Dondozo|Curse|p1a: Dondozo
|-unboost|p1a: Dondozo|spe|1
|-boost|p1a: Dondozo|atk|1
|-boost|p1a: Dondozo|def|1
|
|-weather|Snowscape|[upkeep]
|-heal|p1a: Dondozo|79/100|[from] item: Leftovers
|upkeep
|turn|25
|inactive|imaginedyinginapit has 120 seconds left.
|c|☆imaginedyinginapit|is this blizzard tyranitar
|inactive|yessir.9x9 has 120 seconds left.
|c|☆yessir.9x9|no actually
|
|t:|1779807059
|-terastallize|p2a: Bellossom|Grass
|move|p2a: Bellossom|Energy Ball|p1a: Dondozo
|-supereffective|p1a: Dondozo
|-damage|p1a: Dondozo|0 fnt
|faint|p1a: Dondozo
|
|-weather|Snowscape|[upkeep]
|upkeep
|
|t:|1779807064
|switch|p1a: Pikachu|Pikachu, M|70/100
|-damage|p1a: Pikachu|57/100|[from] Stealth Rock
|turn|26
|inactive|yessir.9x9 has 120 seconds left.
|
|t:|1779807089
|move|p1a: Pikachu|Fake Out|p2a: Bellossom
|-damage|p2a: Bellossom|68/100
|cant|p2a: Bellossom|flinch
|
|-weather|Snowscape|[upkeep]
|upkeep
|turn|27
|inactive|imaginedyinginapit has 90 seconds left.
|c|☆imaginedyinginapit|alright pikachu
|c|☆imaginedyinginapit|its your time to shine
|
|t:|1779807143
|-terastallize|p1a: Pikachu|Electric
|move|p1a: Pikachu|Volt Tackle|p2a: Bellossom
|-resisted|p2a: Bellossom
|-damage|p2a: Bellossom|6/100
|-damage|p1a: Pikachu|29/100|[from] Recoil
|move|p2a: Bellossom|Quiver Dance|p2a: Bellossom
|-boost|p2a: Bellossom|spa|1
|-boost|p2a: Bellossom|spd|1
|-boost|p2a: Bellossom|spe|1
|
|-weather|Snowscape|[upkeep]
|upkeep
|turn|28
|inactive|yessir.9x9 has 120 seconds left.
|
|t:|1779807158
|move|p1a: Pikachu|Volt Tackle|p2a: Bellossom
|-resisted|p2a: Bellossom
|-damage|p2a: Bellossom|0 fnt
|faint|p2a: Bellossom
|-damage|p1a: Pikachu|27/100|[from] Recoil
|
|-weather|none
|upkeep
|c|☆imaginedyinginapit|Pikachu you fool
|c|☆imaginedyinginapit|pikachu my goat
|
|t:|1779807176
|switch|p2a: Tyranitar|Tyranitar, F|88/100
|-damage|p2a: Tyranitar|76/100|[from] Stealth Rock
|-weather|Sandstorm|[from] ability: Sand Stream|[of] p2a: Tyranitar
|turn|29
|c|☆yessir.9x9|estoy cocine
|inactive|yessir.9x9 has 90 seconds left.
|inactive|imaginedyinginapit has 60 seconds left.
|
|t:|1779807212
|move|p1a: Pikachu|Dig||[still]
|-prepare|p1a: Pikachu|Dig
|move|p2a: Tyranitar|Knock Off|p1a: Pikachu|[miss]
|-miss|p2a: Tyranitar|p1a: Pikachu
|
|-weather|Sandstorm|[upkeep]
|upkeep
|turn|30
|
|t:|1779807218
|switch|p2a: Slowking|Slowking, F|100/100
|-damage|p2a: Slowking|88/100|[from] Stealth Rock
|move|p1a: Pikachu|Dig|p2a: Slowking|[from] lockedmove
|-damage|p2a: Slowking|52/100
|
|-weather|Sandstorm|[upkeep]
|-damage|p1a: Pikachu|21/100|[from] Sandstorm
|-damage|p2a: Slowking|46/100|[from] Sandstorm
|-heal|p2a: Slowking|52/100|[from] item: Leftovers
|upkeep
|turn|31
|c|☆imaginedyinginapit|bien
|inactive|imaginedyinginapit has 60 seconds left.
|inactive|yessir.9x9 has 90 seconds left.
|
|t:|1779807249
|move|p1a: Pikachu|Volt Tackle|p2a: Slowking
|-supereffective|p2a: Slowking
|-damage|p2a: Slowking|0 fnt
|faint|p2a: Slowking
|-damage|p1a: Pikachu|0 fnt|[from] Recoil
|faint|p1a: Pikachu
|
|win|yessir.9x9
|raw|imaginedyinginapit's rating: 1070 &rarr; <strong>1050</strong><br />(-20 for losing)
|raw|yessir.9x9's rating: 1085 &rarr; <strong>1111</strong><br />(+26 for winning)
|c|☆imaginedyinginapit|gg
|c|☆yessir.9x9|gg
|l|☆yessir.9x9
|player|p2|
|l|☆imaginedyinginapit
|player|p1|
