|j|☆HugsSC
|j|☆garrito
|t:|1779914247
|gametype|singles
|player|p1|HugsSC|alder|1229
|player|p2|garrito|nate|1232
|gen|9
|tier|[Gen 9] OU
|rated|
|rule|HP Percentage Mod: HP is shown in percentages
|rule|Endless Battle Clause: Forcing endless battles is banned
|rule|Species Clause: Limit one of each Pokémon
|rule|OHKO Clause: OHKO moves are banned
|rule|Evasion Items Clause: Evasion items are banned
|rule|Evasion Moves Clause: Evasion moves are banned
|rule|Evasion Abilities Clause: Evasion abilities are banned
|rule|Sleep Moves Clause: Sleep-inducing moves are banned
|clearpoke
|poke|p1|Wo-Chien|
|poke|p1|Landorus-Therian, M|
|poke|p1|Heatran, F|
|poke|p1|Alomomola, M|
|poke|p1|Mimikyu, M|
|poke|p1|Corviknight, F|
|poke|p2|Ninetales-Alola, F|
|poke|p2|Slowking-Galar, F|
|poke|p2|Iron Valiant|
|poke|p2|Kyurem|
|poke|p2|Rotom-Frost|
|poke|p2|Great Tusk|
|teampreview
|inactive|Battle timer is ON: inactive players will automatically lose when time's up. (requested by HugsSC)
|
|t:|1779914264
|teamsize|p1|6
|teamsize|p2|6
|start
|switch|p1a: Yung Slug|Wo-Chien|100/100
|switch|p2a: Ninetales|Ninetales-Alola, F|100/100
|-weather|Snowscape|[from] ability: Snow Warning|[of] p2a: Ninetales
|-ability|p1a: Yung Slug|Tablets of Ruin
|turn|1
|
|t:|1779914280
|move|p2a: Ninetales|Aurora Veil|p2a: Ninetales
|-sidestart|p2: garrito|move: Aurora Veil
|move|p1a: Yung Slug|Mean Look|p2a: Ninetales
|-activate|p2a: Ninetales|trapped
|
|-weather|Snowscape|[upkeep]
|upkeep
|turn|2
|
|t:|1779914285
|move|p2a: Ninetales|Encore|p1a: Yung Slug
|-start|p1a: Yung Slug|Encore
|move|p1a: Yung Slug|Mean Look||[still]
|-fail|p1a: Yung Slug
|
|-weather|Snowscape|[upkeep]
|upkeep
|turn|3
|
|t:|1779914294
|-terastallize|p1a: Yung Slug|Poison
|move|p2a: Ninetales|Blizzard|p1a: Yung Slug
|-damage|p1a: Yung Slug|83/100
|move|p1a: Yung Slug|Mean Look||[still]
|-fail|p1a: Yung Slug
|
|-weather|Snowscape|[upkeep]
|-heal|p1a: Yung Slug|89/100|[from] item: Leftovers
|upkeep
|turn|4
|
|t:|1779914303
|move|p2a: Ninetales|Blizzard|p1a: Yung Slug
|-damage|p1a: Yung Slug|72/100
|move|p1a: Yung Slug|Mean Look||[still]
|-fail|p1a: Yung Slug
|
|-weather|Snowscape|[upkeep]
|-heal|p1a: Yung Slug|79/100|[from] item: Leftovers
|-end|p1a: Yung Slug|Encore
|upkeep
|turn|5
|
|t:|1779914312
|move|p2a: Ninetales|Blizzard|p1a: Yung Slug
|-damage|p1a: Yung Slug|63/100
|-status|p1a: Yung Slug|frz
|-curestatus|p1a: Yung Slug|frz|[msg]
|move|p1a: Yung Slug|Leech Seed|p2a: Ninetales
|-start|p2a: Ninetales|move: Leech Seed
|
|-weather|Snowscape|[upkeep]
|-heal|p1a: Yung Slug|69/100|[from] item: Leftovers
|-damage|p2a: Ninetales|88/100|[from] Leech Seed|[of] p1a: Yung Slug
|-heal|p1a: Yung Slug|80/100|[silent]
|-sideend|p2: garrito|move: Aurora Veil
|upkeep
|turn|6
|
|t:|1779914325
|move|p1a: Yung Slug|Protect|p1a: Yung Slug
|-singleturn|p1a: Yung Slug|Protect
|move|p2a: Ninetales|Aurora Veil|p2a: Ninetales
|-sidestart|p2: garrito|move: Aurora Veil
|
|-weather|Snowscape|[upkeep]
|-heal|p1a: Yung Slug|86/100|[from] item: Leftovers
|-damage|p2a: Ninetales|76/100|[from] Leech Seed|[of] p1a: Yung Slug
|-heal|p1a: Yung Slug|98/100|[silent]
|upkeep
|turn|7
|
|t:|1779914337
|move|p2a: Ninetales|Blizzard|p1a: Yung Slug
|-damage|p1a: Yung Slug|81/100
|move|p1a: Yung Slug|Knock Off|p2a: Ninetales
|-resisted|p2a: Ninetales
|-damage|p2a: Ninetales|70/100
|-enditem|p2a: Ninetales|Icy Rock|[from] move: Knock Off|[of] p1a: Yung Slug
|
|-weather|Snowscape|[upkeep]
|-heal|p1a: Yung Slug|87/100|[from] item: Leftovers
|-damage|p2a: Ninetales|58/100|[from] Leech Seed|[of] p1a: Yung Slug
|-heal|p1a: Yung Slug|98/100|[silent]
|upkeep
|turn|8
|
|t:|1779914349
|move|p1a: Yung Slug|Protect|p1a: Yung Slug
|-singleturn|p1a: Yung Slug|Protect
|move|p2a: Ninetales|Blizzard|p1a: Yung Slug
|-activate|p1a: Yung Slug|move: Protect
|
|-weather|none
|-heal|p1a: Yung Slug|100/100|[from] item: Leftovers
|-damage|p2a: Ninetales|46/100|[from] Leech Seed|[of] p1a: Yung Slug
|upkeep
|turn|9
|
|t:|1779914359
|move|p2a: Ninetales|Blizzard|p1a: Yung Slug|[miss]
|-miss|p2a: Ninetales|p1a: Yung Slug
|move|p1a: Yung Slug|Knock Off|p2a: Ninetales
|-resisted|p2a: Ninetales
|-damage|p2a: Ninetales|39/100
|
|-damage|p2a: Ninetales|27/100|[from] Leech Seed|[of] p1a: Yung Slug
|upkeep
|turn|10
|
|t:|1779914365
|move|p1a: Yung Slug|Protect|p1a: Yung Slug
|-singleturn|p1a: Yung Slug|Protect
|move|p2a: Ninetales|Aurora Veil||[still]
|-fail|p2a: Ninetales
|
|-damage|p2a: Ninetales|15/100|[from] Leech Seed|[of] p1a: Yung Slug
|-sideend|p2: garrito|move: Aurora Veil
|upkeep
|turn|11
|
|t:|1779914369
|move|p2a: Ninetales|Aurora Veil||[still]
|-fail|p2a: Ninetales
|move|p1a: Yung Slug|Mean Look||[still]
|-fail|p1a: Yung Slug
|
|-damage|p2a: Ninetales|2/100|[from] Leech Seed|[of] p1a: Yung Slug
|upkeep
|turn|12
|
|t:|1779914376
|move|p2a: Ninetales|Aurora Veil||[still]
|-fail|p2a: Ninetales
|move|p1a: Yung Slug|Knock Off|p2a: Ninetales
|-resisted|p2a: Ninetales
|-damage|p2a: Ninetales|0 fnt
|faint|p2a: Ninetales
|
|upkeep
|
|t:|1779914384
|switch|p2a: Great Tusk|Great Tusk|100/100
|turn|13
|
|t:|1779914394
|switch|p1a: Larry Bird|Landorus-Therian, M|100/100
|-ability|p1a: Larry Bird|Intimidate|boost
|-unboost|p2a: Great Tusk|atk|1
|move|p2a: Great Tusk|Rapid Spin|p1a: Larry Bird
|-damage|p1a: Larry Bird|87/100
|-boost|p2a: Great Tusk|spe|1
|-damage|p2a: Great Tusk|84/100|[from] item: Rocky Helmet|[of] p1a: Larry Bird
|
|upkeep
|turn|14
|
|t:|1779914409
|switch|p1a: Alowowowa|Alomomola, M|100/100
|move|p2a: Great Tusk|Ice Spinner|p1a: Alowowowa
|-resisted|p1a: Alowowowa
|-damage|p1a: Alowowowa|96/100
|
|upkeep
|turn|15
|
|t:|1779914412
|-end|p2a: Great Tusk|Protosynthesis|[silent]
|switch|p2a: Slowking|Slowking-Galar, F|100/100
|move|p1a: Alowowowa|Flip Turn|p2a: Slowking
|-damage|p2a: Slowking|88/100
|
|t:|1779914419
|switch|p1a: Larry Bird|Landorus-Therian, M|87/100|[from] Flip Turn
|-ability|p1a: Larry Bird|Intimidate|boost
|-unboost|p2a: Slowking|atk|1
|
|upkeep
|turn|16
|
|t:|1779914423
|move|p1a: Larry Bird|Earthquake|p2a: Slowking
|-supereffective|p2a: Slowking
|-damage|p2a: Slowking|4/100
|-prepare|p2a: Slowking|Chilly Reception|[premajor]
|move|p2a: Slowking|Chilly Reception|p2a: Slowking
|-weather|Snowscape
|
|t:|1779914432
|switch|p2a: Kyurem|Kyurem|100/100|[from] Chilly Reception
|-ability|p2a: Kyurem|Pressure
|
|-weather|Snowscape|[upkeep]
|upkeep
|turn|17
|
|t:|1779914445
|switch|p1a: Yung Slug|Wo-Chien, tera:Poison|100/100
|-ability|p1a: Yung Slug|Tablets of Ruin
|move|p2a: Kyurem|Substitute|p2a: Kyurem
|-start|p2a: Kyurem|Substitute
|-damage|p2a: Kyurem|75/100
|
|-weather|Snowscape|[upkeep]
|-heal|p2a: Kyurem|82/100|[from] item: Leftovers
|upkeep
|turn|18
|
|t:|1779914453
|switch|p1a: Wormtongue|Mimikyu, M|100/100
|-terastallize|p2a: Kyurem|Ground
|move|p2a: Kyurem|Earth Power|p1a: Wormtongue
|-activate|p1a: Wormtongue|ability: Disguise
|-damage|p1a: Wormtongue|100/100
|detailschange|p1a: Wormtongue|Mimikyu-Busted, M
|-damage|p1a: Wormtongue|88/100|[from] pokemon: Mimikyu-Busted
|-enditem|p1a: Wormtongue|Red Card|[of] p2a: Kyurem
|drag|p2a: Great Tusk|Great Tusk|84/100
|
|-weather|Snowscape|[upkeep]
|upkeep
|turn|19
|
|t:|1779914472
|switch|p1a: Larry Bird|Landorus-Therian, M|87/100
|-ability|p1a: Larry Bird|Intimidate|boost
|-unboost|p2a: Great Tusk|atk|1
|move|p2a: Great Tusk|Stealth Rock|p1a: Larry Bird
|-sidestart|p1: HugsSC|move: Stealth Rock
|
|-weather|Snowscape|[upkeep]
|upkeep
|turn|20
|
|t:|1779914483
|move|p1a: Larry Bird|U-turn|p2a: Great Tusk
|-resisted|p2a: Great Tusk
|-damage|p2a: Great Tusk|75/100
|
|t:|1779914489
|switch|p1a: B-2 Bomber|Corviknight, F|100/100|[from] U-turn
|-ability|p1a: B-2 Bomber|Pressure
|move|p2a: Great Tusk|Ice Spinner|p1a: B-2 Bomber
|-damage|p1a: B-2 Bomber|86/100
|
|-weather|none
|upkeep
|turn|21
|
|t:|1779914504
|-end|p2a: Great Tusk|Protosynthesis|[silent]
|switch|p2a: Rotom|Rotom-Frost, shiny|100/100
|move|p1a: B-2 Bomber|Defog|p2a: Rotom
|-unboost|p2a: Rotom|evasion|1
|-sideend|p1: HugsSC|Stealth Rock|[from] move: Defog|[of] p1a: B-2 Bomber
|
|upkeep
|turn|22
|
|t:|1779914514
|move|p2a: Rotom|Nasty Plot|p2a: Rotom
|-boost|p2a: Rotom|spa|2
|move|p1a: B-2 Bomber|Roost|p1a: B-2 Bomber
|-heal|p1a: B-2 Bomber|100/100
|-singleturn|p1a: B-2 Bomber|move: Roost
|
|upkeep
|turn|23
|
|t:|1779914531
|switch|p1a: Yung Slug|Wo-Chien, tera:Poison|100/100
|-ability|p1a: Yung Slug|Tablets of Ruin
|move|p2a: Rotom|Blizzard|p1a: Yung Slug
|-damage|p1a: Yung Slug|52/100
|
|-heal|p1a: Yung Slug|59/100|[from] item: Leftovers
|upkeep
|turn|24
|
|t:|1779914541
|move|p2a: Rotom|Thunderbolt|p1a: Yung Slug
|-damage|p1a: Yung Slug|17/100
|move|p1a: Yung Slug|Mean Look|p2a: Rotom
|-activate|p2a: Rotom|trapped
|
|-heal|p1a: Yung Slug|23/100|[from] item: Leftovers
|upkeep
|turn|25
|
|t:|1779914551
|switch|p1a: Larry Bird|Landorus-Therian, M|87/100
|-ability|p1a: Larry Bird|Intimidate|boost
|-unboost|p2a: Rotom|atk|1
|move|p2a: Rotom|Thunderbolt|p1a: Larry Bird
|-immune|p1a: Larry Bird
|
|upkeep
|turn|26
|
|t:|1779914559
|move|p1a: Larry Bird|U-turn|p2a: Rotom
|-damage|p2a: Rotom|66/100
|
|t:|1779914570
|switch|p1a: Yung Slug|Wo-Chien, tera:Poison|23/100|[from] U-turn
|-ability|p1a: Yung Slug|Tablets of Ruin
|move|p2a: Rotom|Nasty Plot|p2a: Rotom
|-boost|p2a: Rotom|spa|2
|
|-heal|p1a: Yung Slug|29/100|[from] item: Leftovers
|upkeep
|turn|27
|
|t:|1779914579
|move|p1a: Yung Slug|Protect|p1a: Yung Slug
|-singleturn|p1a: Yung Slug|Protect
|move|p2a: Rotom|Blizzard|p1a: Yung Slug
|-activate|p1a: Yung Slug|move: Protect
|
|-heal|p1a: Yung Slug|35/100|[from] item: Leftovers
|upkeep
|turn|28
|
|t:|1779914596
|move|p2a: Rotom|Blizzard|p1a: Yung Slug|[miss]
|-miss|p2a: Rotom|p1a: Yung Slug
|move|p1a: Yung Slug|Leech Seed|p2a: Rotom
|-start|p2a: Rotom|move: Leech Seed
|
|-heal|p1a: Yung Slug|41/100|[from] item: Leftovers
|-damage|p2a: Rotom|53/100|[from] Leech Seed|[of] p1a: Yung Slug
|-heal|p1a: Yung Slug|49/100|[silent]
|upkeep
|turn|29
|
|t:|1779914604
|move|p1a: Yung Slug|Protect|p1a: Yung Slug
|-singleturn|p1a: Yung Slug|Protect
|move|p2a: Rotom|Thunderbolt|p1a: Yung Slug
|-activate|p1a: Yung Slug|move: Protect
|
|-heal|p1a: Yung Slug|55/100|[from] item: Leftovers
|-damage|p2a: Rotom|41/100|[from] Leech Seed|[of] p1a: Yung Slug
|-heal|p1a: Yung Slug|63/100|[silent]
|upkeep
|turn|30
|
|t:|1779914625
|switch|p1a: Larry Bird|Landorus-Therian, M|87/100
|-ability|p1a: Larry Bird|Intimidate|boost
|-unboost|p2a: Rotom|atk|1
|move|p2a: Rotom|Blizzard|p1a: Larry Bird
|-supereffective|p1a: Larry Bird
|-damage|p1a: Larry Bird|0 fnt
|faint|p1a: Larry Bird
|
|upkeep
|
|t:|1779914632
|switch|p1a: Yung Slug|Wo-Chien, tera:Poison|63/100
|-ability|p1a: Yung Slug|Tablets of Ruin
|turn|31
|
|t:|1779914636
|move|p1a: Yung Slug|Protect|p1a: Yung Slug
|-singleturn|p1a: Yung Slug|Protect
|move|p2a: Rotom|Thunderbolt|p1a: Yung Slug
|-activate|p1a: Yung Slug|move: Protect
|
|-heal|p1a: Yung Slug|69/100|[from] item: Leftovers
|-damage|p2a: Rotom|28/100|[from] Leech Seed|[of] p1a: Yung Slug
|-heal|p1a: Yung Slug|78/100|[silent]
|upkeep
|turn|32
|
|t:|1779914646
|move|p2a: Rotom|Thunderbolt|p1a: Yung Slug
|-damage|p1a: Yung Slug|11/100
|move|p1a: Yung Slug|Knock Off|p2a: Rotom
|-damage|p2a: Rotom|0 fnt
|-enditem|p2a: Rotom|Heavy-Duty Boots|[from] move: Knock Off|[of] p1a: Yung Slug
|faint|p2a: Rotom
|
|-heal|p1a: Yung Slug|17/100|[from] item: Leftovers
|upkeep
|
|t:|1779914660
|switch|p2a: Iron Valiant|Iron Valiant|100/100
|-enditem|p2a: Iron Valiant|Booster Energy
|-activate|p2a: Iron Valiant|ability: Quark Drive|[fromitem]
|-start|p2a: Iron Valiant|quarkdrivespe
|turn|33
|
|t:|1779914673
|move|p1a: Yung Slug|Protect|p1a: Yung Slug
|-singleturn|p1a: Yung Slug|Protect
|move|p2a: Iron Valiant|Knock Off|p1a: Yung Slug
|-activate|p1a: Yung Slug|move: Protect
|
|-heal|p1a: Yung Slug|23/100|[from] item: Leftovers
|upkeep
|turn|34
|
|t:|1779914683
|move|p2a: Iron Valiant|Knock Off|p1a: Yung Slug
|-damage|p1a: Yung Slug|2/100
|-enditem|p1a: Yung Slug|Leftovers|[from] move: Knock Off|[of] p2a: Iron Valiant
|move|p1a: Yung Slug|Leech Seed|p2a: Iron Valiant
|-start|p2a: Iron Valiant|move: Leech Seed
|
|-damage|p2a: Iron Valiant|88/100|[from] Leech Seed|[of] p1a: Yung Slug
|-heal|p1a: Yung Slug|12/100|[silent]
|upkeep
|turn|35
|
|t:|1779914692
|move|p1a: Yung Slug|Protect|p1a: Yung Slug
|-singleturn|p1a: Yung Slug|Protect
|move|p2a: Iron Valiant|Encore|p1a: Yung Slug
|-activate|p1a: Yung Slug|move: Protect
|
|-damage|p2a: Iron Valiant|76/100|[from] Leech Seed|[of] p1a: Yung Slug
|-heal|p1a: Yung Slug|22/100|[silent]
|upkeep
|turn|36
|
|t:|1779914703
|move|p2a: Iron Valiant|Knock Off|p1a: Yung Slug
|-damage|p1a: Yung Slug|9/100
|move|p1a: Yung Slug|Mean Look|p2a: Iron Valiant
|-activate|p2a: Iron Valiant|trapped
|
|-damage|p2a: Iron Valiant|63/100|[from] Leech Seed|[of] p1a: Yung Slug
|-heal|p1a: Yung Slug|19/100|[silent]
|upkeep
|turn|37
|
|t:|1779914710
|move|p1a: Yung Slug|Protect|p1a: Yung Slug
|-singleturn|p1a: Yung Slug|Protect
|move|p2a: Iron Valiant|Knock Off|p1a: Yung Slug
|-activate|p1a: Yung Slug|move: Protect
|
|-damage|p2a: Iron Valiant|51/100|[from] Leech Seed|[of] p1a: Yung Slug
|-heal|p1a: Yung Slug|28/100|[silent]
|upkeep
|turn|38
|
|t:|1779914721
|move|p2a: Iron Valiant|Close Combat|p1a: Yung Slug
|-resisted|p1a: Yung Slug
|-damage|p1a: Yung Slug|11/100
|-unboost|p2a: Iron Valiant|def|1
|-unboost|p2a: Iron Valiant|spd|1
|move|p1a: Yung Slug|Knock Off|p2a: Iron Valiant
|-resisted|p2a: Iron Valiant
|-damage|p2a: Iron Valiant|41/100
|
|-damage|p2a: Iron Valiant|28/100|[from] Leech Seed|[of] p1a: Yung Slug
|-heal|p1a: Yung Slug|21/100|[silent]
|upkeep
|turn|39
|
|t:|1779914730
|move|p1a: Yung Slug|Protect|p1a: Yung Slug
|-singleturn|p1a: Yung Slug|Protect
|move|p2a: Iron Valiant|Encore|p1a: Yung Slug
|-activate|p1a: Yung Slug|move: Protect
|
|-damage|p2a: Iron Valiant|16/100|[from] Leech Seed|[of] p1a: Yung Slug
|-heal|p1a: Yung Slug|31/100|[silent]
|upkeep
|turn|40
|
|t:|1779914738
|move|p1a: Yung Slug|Protect|p1a: Yung Slug
|-singleturn|p1a: Yung Slug|Protect
|move|p2a: Iron Valiant|Close Combat|p1a: Yung Slug
|-activate|p1a: Yung Slug|move: Protect
|
|-damage|p2a: Iron Valiant|3/100|[from] Leech Seed|[of] p1a: Yung Slug
|-heal|p1a: Yung Slug|40/100|[silent]
|upkeep
|turn|41
|
|t:|1779914746
|move|p2a: Iron Valiant|Close Combat|p1a: Yung Slug
|-resisted|p1a: Yung Slug
|-damage|p1a: Yung Slug|23/100
|-unboost|p2a: Iron Valiant|def|1
|-unboost|p2a: Iron Valiant|spd|1
|move|p1a: Yung Slug|Mean Look||[still]
|-fail|p1a: Yung Slug
|
|-damage|p2a: Iron Valiant|0 fnt|[from] Leech Seed|[of] p1a: Yung Slug
|-heal|p1a: Yung Slug|25/100|[silent]
|faint|p2a: Iron Valiant
|-end|p2a: Iron Valiant|Quark Drive|[silent]
|upkeep
|
|t:|1779914756
|switch|p2a: Great Tusk|Great Tusk|75/100
|turn|42
|
|t:|1779914762
|move|p2a: Great Tusk|Stealth Rock|p1a: Yung Slug
|-sidestart|p1: HugsSC|move: Stealth Rock
|move|p1a: Yung Slug|Leech Seed|p2a: Great Tusk
|-start|p2a: Great Tusk|move: Leech Seed
|
|-damage|p2a: Great Tusk|62/100|[from] Leech Seed|[of] p1a: Yung Slug
|-heal|p1a: Yung Slug|38/100|[silent]
|upkeep
|turn|43
|
|t:|1779914768
|move|p1a: Yung Slug|Protect|p1a: Yung Slug
|-singleturn|p1a: Yung Slug|Protect
|move|p2a: Great Tusk|Headlong Rush|p1a: Yung Slug
|-activate|p1a: Yung Slug|move: Protect
|
|-damage|p2a: Great Tusk|50/100|[from] Leech Seed|[of] p1a: Yung Slug
|-heal|p1a: Yung Slug|50/100|[silent]
|upkeep
|turn|44
|
|t:|1779914774
|-end|p2a: Great Tusk|Protosynthesis|[silent]
|switch|p2a: Slowking|Slowking-Galar, F|37/100
|switch|p1a: B-2 Bomber|Corviknight, F|100/100
|-ability|p1a: B-2 Bomber|Pressure
|
|upkeep
|turn|45
|
|t:|1779914781
|move|p1a: B-2 Bomber|Brave Bird|p2a: Slowking
|-damage|p2a: Slowking|10/100
|-damage|p1a: B-2 Bomber|90/100|[from] Recoil
|-prepare|p2a: Slowking|Chilly Reception|[premajor]
|move|p2a: Slowking|Chilly Reception|p2a: Slowking
|-weather|Snowscape
|
|t:|1779914787
|switch|p2a: Kyurem|Kyurem, tera:Ground|82/100|[from] Chilly Reception
|-ability|p2a: Kyurem|Pressure
|
|-weather|Snowscape|[upkeep]
|-heal|p2a: Kyurem|88/100|[from] item: Leftovers
|upkeep
|turn|46
|
|t:|1779914792
|move|p2a: Kyurem|Substitute|p2a: Kyurem
|-start|p2a: Kyurem|Substitute
|-damage|p2a: Kyurem|63/100
|move|p1a: B-2 Bomber|Brave Bird|p2a: Kyurem
|-end|p2a: Kyurem|Substitute
|-damage|p1a: B-2 Bomber|80/100|[from] Recoil|[of] p2a: Kyurem
|
|-weather|Snowscape|[upkeep]
|-heal|p2a: Kyurem|69/100|[from] item: Leftovers
|upkeep
|turn|47
|
|t:|1779914799
|move|p2a: Kyurem|Blizzard|p1a: B-2 Bomber
|-damage|p1a: B-2 Bomber|28/100
|move|p1a: B-2 Bomber|Brave Bird|p2a: Kyurem
|-damage|p2a: Kyurem|38/100
|-damage|p1a: B-2 Bomber|16/100|[from] Recoil
|
|-weather|Snowscape|[upkeep]
|-heal|p2a: Kyurem|44/100|[from] item: Leftovers
|upkeep
|turn|48
|
|t:|1779914806
|move|p2a: Kyurem|Blizzard|p1a: B-2 Bomber
|-damage|p1a: B-2 Bomber|0 fnt
|faint|p1a: B-2 Bomber
|
|-weather|Snowscape|[upkeep]
|-heal|p2a: Kyurem|50/100|[from] item: Leftovers
|upkeep
|
|t:|1779914835
|switch|p1a: King of Miami|Heatran, F|100/100
|-damage|p1a: King of Miami|88/100|[from] Stealth Rock
|-item|p1a: King of Miami|Air Balloon
|turn|49
|
|t:|1779914843
|move|p2a: Kyurem|Protect|p2a: Kyurem
|-singleturn|p2a: Kyurem|Protect
|move|p1a: King of Miami|Overheat|p2a: Kyurem
|-activate|p2a: Kyurem|move: Protect
|
|-weather|none
|-heal|p2a: Kyurem|56/100|[from] item: Leftovers
|upkeep
|turn|50
|
|t:|1779914850
|move|p2a: Kyurem|Blizzard|p1a: King of Miami
|-resisted|p1a: King of Miami
|-damage|p1a: King of Miami|75/100
|-enditem|p1a: King of Miami|Air Balloon
|move|p1a: King of Miami|Earth Power|p2a: Kyurem
|-damage|p2a: Kyurem|28/100
|
|-heal|p2a: Kyurem|34/100|[from] item: Leftovers
|upkeep
|turn|51
|
|t:|1779914867
|switch|p1a: Alowowowa|Alomomola, M|100/100
|move|p2a: Kyurem|Earth Power|p1a: Alowowowa
|-damage|p1a: Alowowowa|44/100
|
|-heal|p2a: Kyurem|41/100|[from] item: Leftovers
|upkeep
|turn|52
|
|t:|1779914882
|move|p2a: Kyurem|Earth Power|p1a: Alowowowa
|-damage|p1a: Alowowowa|0 fnt
|faint|p1a: Alowowowa
|
|-heal|p2a: Kyurem|47/100|[from] item: Leftovers
|upkeep
|
|t:|1779914894
|switch|p1a: Wormtongue|Mimikyu-Busted, M|88/100
|-damage|p1a: Wormtongue|76/100|[from] Stealth Rock
|turn|53
|
|t:|1779914903
|move|p1a: Wormtongue|Swords Dance|p1a: Wormtongue
|-boost|p1a: Wormtongue|atk|2
|move|p2a: Kyurem|Earth Power|p1a: Wormtongue
|-damage|p1a: Wormtongue|12/100
|
|-heal|p2a: Kyurem|53/100|[from] item: Leftovers
|upkeep
|turn|54
|
|t:|1779914912
|move|p1a: Wormtongue|Play Rough|p2a: Kyurem
|-damage|p2a: Kyurem|0 fnt
|faint|p2a: Kyurem
|
|upkeep
|
|t:|1779914915
|switch|p2a: Great Tusk|Great Tusk|50/100
|turn|55
|
|t:|1779914924
|move|p1a: Wormtongue|Play Rough|p2a: Great Tusk|[miss]
|-miss|p1a: Wormtongue|p2a: Great Tusk
|move|p2a: Great Tusk|Headlong Rush|p1a: Wormtongue
|-crit|p1a: Wormtongue
|-damage|p1a: Wormtongue|0 fnt
|-unboost|p2a: Great Tusk|def|1
|-unboost|p2a: Great Tusk|spd|1
|faint|p1a: Wormtongue
|
|upkeep
|c|☆HugsSC|yeah alright
|c|☆HugsSC|well that's unfortunate
|inactive|HugsSC has 120 seconds left.
|-message|HugsSC forfeited.
|
|win|garrito
|raw|HugsSC's rating: 1229 &rarr; <strong>1204</strong><br />(-25 for losing)
|raw|garrito's rating: 1232 &rarr; <strong>1257</strong><br />(+25 for winning)
|l|☆garrito
|player|p2|
