|j|‽rocketproton24
|j|☆sdgswgbwbweb
|t:|1779963875
|gametype|singles
|player|p1|rocketproton24|proton|1102
|player|p2|sdgswgbwbweb|169|1099
|gen|9
|tier|[Gen 9] OU
|rated|
|rule|HP Percentage Mod: HP is shown in percentages
|rule|Endless Battle Clause: Forcing endless battles is banned
|rule|Species Clause: Limit one of each Pokémon
|rule|OHKO Clause: OHKO moves are banned
|rule|Evasion Items Clause: Evasion items are banned
|rule|Evasion Moves Clause: Evasion moves are banned
|rule|Evasion Abilities Clause: Evasion abilities are banned
|rule|Sleep Moves Clause: Sleep-inducing moves are banned
|clearpoke
|poke|p1|Corviknight, M|
|poke|p1|Umbreon, M|
|poke|p1|Dipplin, M|
|poke|p1|Heatran, F|
|poke|p1|Dragonite, M|
|poke|p1|Ogerpon-Wellspring, F|
|poke|p2|Gyarados, F|
|poke|p2|Galvantula, F|
|poke|p2|Great Tusk|
|poke|p2|Mew|
|poke|p2|Muk, F|
|poke|p2|Regieleki|
|teampreview
|inactive|Battle timer is ON: inactive players will automatically lose when time's up. (requested by sdgswgbwbweb)
|
|t:|1779963882
|teamsize|p1|6
|teamsize|p2|6
|start
|switch|p1a: Dipplin|Dipplin, M|100/100
|switch|p2a: Regieleki|Regieleki|100/100
|turn|1
|
|t:|1779963903
|move|p2a: Regieleki|Rapid Spin|p1a: Dipplin
|-damage|p1a: Dipplin|93/100
|-boost|p2a: Regieleki|spe|1
|move|p1a: Dipplin|Dragon Pulse|p2a: Regieleki
|-damage|p2a: Regieleki|47/100
|
|upkeep
|turn|2
|
|t:|1779963914
|move|p2a: Regieleki|Volt Switch|p1a: Dipplin
|-resisted|p1a: Dipplin
|-damage|p1a: Dipplin|86/100
|
|t:|1779963918
|switch|p2a: Muk|Muk, F, shiny|100/100|[from] Volt Switch
|move|p1a: Dipplin|Dragon Pulse|p2a: Muk
|-damage|p2a: Muk|72/100
|
|-heal|p2a: Muk|78/100|[from] item: Black Sludge
|upkeep
|turn|3
|
|t:|1779963929
|-terastallize|p1a: Dipplin|Steel
|move|p2a: Muk|Ice Punch|p1a: Dipplin
|-resisted|p1a: Dipplin
|-damage|p1a: Dipplin|81/100
|move|p1a: Dipplin|Dragon Tail|p2a: Muk
|-damage|p2a: Muk|61/100
|drag|p2a: Mew|Mew, shiny|100/100
|
|upkeep
|turn|4
|
|t:|1779963940
|move|p2a: Mew|Flamethrower|p1a: Dipplin
|-supereffective|p1a: Dipplin
|-damage|p1a: Dipplin|48/100
|move|p1a: Dipplin|Dragon Pulse|p2a: Mew
|-damage|p2a: Mew|70/100
|
|-heal|p2a: Mew|76/100|[from] item: Leftovers
|upkeep
|turn|5
|
|t:|1779963956
|move|p2a: Mew|Flamethrower|p1a: Dipplin
|-supereffective|p1a: Dipplin
|-damage|p1a: Dipplin|15/100
|-status|p1a: Dipplin|brn
|move|p1a: Dipplin|Recover|p1a: Dipplin
|-heal|p1a: Dipplin|65/100 brn
|
|-heal|p2a: Mew|82/100|[from] item: Leftovers
|-damage|p1a: Dipplin|59/100 brn|[from] brn
|upkeep
|turn|6
|
|t:|1779963970
|switch|p1a: Heatran|Heatran, F|100/100
|move|p2a: Mew|Flamethrower|p1a: Heatran
|-start|p1a: Heatran|ability: Flash Fire
|
|-heal|p2a: Mew|88/100|[from] item: Leftovers
|upkeep
|turn|7
|
|t:|1779963982
|switch|p2a: Regieleki|Regieleki|47/100
|move|p1a: Heatran|Magma Storm|p2a: Regieleki
|-damage|p2a: Regieleki|0 fnt
|faint|p2a: Regieleki
|
|upkeep
|
|t:|1779963992
|switch|p2a: Great Tusk|Great Tusk, shiny|100/100
|-enditem|p2a: Great Tusk|Booster Energy
|-activate|p2a: Great Tusk|ability: Protosynthesis|[fromitem]
|-start|p2a: Great Tusk|protosynthesisatk
|turn|8
|
|t:|1779964000
|move|p2a: Great Tusk|Headlong Rush|p1a: Heatran
|-supereffective|p1a: Heatran
|-damage|p1a: Heatran|0 fnt
|-unboost|p2a: Great Tusk|def|1
|-unboost|p2a: Great Tusk|spd|1
|faint|p1a: Heatran
|
|upkeep
|
|t:|1779964008
|switch|p1a: Ogerpon|Ogerpon-Wellspring, F|100/100
|turn|9
|
|t:|1779964013
|-end|p2a: Great Tusk|Protosynthesis|[silent]
|switch|p2a: Muk|Muk, F, shiny|61/100
|move|p1a: Ogerpon|Ivy Cudgel|p2a: Muk|[anim] Ivy Cudgel Water
|-damage|p2a: Muk|4/100
|
|-heal|p2a: Muk|10/100|[from] item: Black Sludge
|upkeep
|turn|10
|
|t:|1779964026
|move|p1a: Ogerpon|Spiky Shield|p1a: Ogerpon
|-singleturn|p1a: Ogerpon|move: Protect
|move|p2a: Muk|Toxic|p1a: Ogerpon
|-activate|p1a: Ogerpon|move: Protect
|
|-heal|p2a: Muk|16/100|[from] item: Black Sludge
|upkeep
|turn|11
|
|t:|1779964035
|move|p1a: Ogerpon|Ivy Cudgel|p2a: Muk|[anim] Ivy Cudgel Water
|-crit|p2a: Muk
|-damage|p2a: Muk|0 fnt
|faint|p2a: Muk
|
|upkeep
|
|t:|1779964040
|switch|p2a: Galvantula|Galvantula, F|100/100
|turn|12
|
|t:|1779964045
|switch|p1a: Corviknight|Corviknight, M|100/100
|move|p2a: Galvantula|Thunder Wave|p1a: Corviknight
|-status|p1a: Corviknight|par
|
|upkeep
|turn|13
|
|t:|1779964054
|move|p2a: Galvantula|Thunder|p1a: Corviknight
|-supereffective|p1a: Corviknight
|-damage|p1a: Corviknight|20/100 par
|move|p1a: Corviknight|Brave Bird|p2a: Galvantula
|-damage|p2a: Galvantula|28/100
|-damage|p1a: Corviknight|4/100 par|[from] Recoil
|
|upkeep
|turn|14
|
|t:|1779964066
|move|p2a: Galvantula|Bug Buzz|p1a: Corviknight
|-resisted|p1a: Corviknight
|-damage|p1a: Corviknight|0 fnt
|faint|p1a: Corviknight
|
|upkeep
|
|t:|1779964074
|switch|p1a: Dragonite|Dragonite, M|100/100
|turn|15
|
|t:|1779964081
|move|p1a: Dragonite|Extreme Speed|p2a: Galvantula
|-damage|p2a: Galvantula|0 fnt
|faint|p2a: Galvantula
|
|upkeep
|
|t:|1779964084
|switch|p2a: Gyarados|Gyarados, F, shiny|100/100
|turn|16
|
|t:|1779964092
|move|p2a: Gyarados|Dragon Dance|p2a: Gyarados
|-boost|p2a: Gyarados|atk|1
|-boost|p2a: Gyarados|spe|1
|move|p1a: Dragonite|Draco Meteor|p2a: Gyarados
|-damage|p2a: Gyarados|58/100
|-unboost|p1a: Dragonite|spa|2
|
|upkeep
|turn|17
|
|t:|1779964104
|move|p1a: Dragonite|Extreme Speed|p2a: Gyarados
|-damage|p2a: Gyarados|17/100
|move|p2a: Gyarados|Ice Fang|p1a: Dragonite
|-supereffective|p1a: Dragonite
|-damage|p1a: Dragonite|42/100
|
|upkeep
|turn|18
|
|t:|1779964112
|move|p1a: Dragonite|Extreme Speed|p2a: Gyarados
|-damage|p2a: Gyarados|0 fnt
|faint|p2a: Gyarados
|
|upkeep
|-message|sdgswgbwbweb forfeited.
|
|win|rocketproton24
|raw|rocketproton24's rating: 1102 &rarr; <strong>1127</strong><br />(+25 for winning)
|raw|sdgswgbwbweb's rating: 1099 &rarr; <strong>1074</strong><br />(-25 for losing)
|l|☆sdgswgbwbweb
|player|p2|
|l|‽rocketproton24
|player|p1|
