|j|☆SpiritMunch
|j|☆Minershrub
|t:|1779885663
|gametype|singles
|player|p1|SpiritMunch|youngster|1209
|player|p2|Minershrub|gladion|1257
|gen|9
|tier|[Gen 9] OU
|rated|
|rule|HP Percentage Mod: HP is shown in percentages
|rule|Endless Battle Clause: Forcing endless battles is banned
|rule|Species Clause: Limit one of each Pokémon
|rule|OHKO Clause: OHKO moves are banned
|rule|Evasion Items Clause: Evasion items are banned
|rule|Evasion Moves Clause: Evasion moves are banned
|rule|Evasion Abilities Clause: Evasion abilities are banned
|rule|Sleep Moves Clause: Sleep-inducing moves are banned
|clearpoke
|poke|p1|Cacturne, F|
|poke|p1|Mienshao, F|
|poke|p1|Blissey, F|
|poke|p1|Golurk|
|poke|p1|Iron Crown|
|poke|p1|Rhyperior, F|
|poke|p2|Rotom-Wash|
|poke|p2|Garchomp, M|
|poke|p2|Corviknight, F|
|poke|p2|Pecharunt|
|poke|p2|Tornadus-Therian, M|
|poke|p2|Cinderace, F|
|teampreview
|inactive|Battle timer is ON: inactive players will automatically lose when time's up. (requested by SpiritMunch)
|
|t:|1779885680
|teamsize|p1|6
|teamsize|p2|6
|start
|switch|p1a: Rhyperior|Rhyperior, F|100/100
|switch|p2a: Cinderace|Cinderace, F|100/100
|turn|1
|
|t:|1779885691
|-terastallize|p1a: Rhyperior|Rock
|move|p2a: Cinderace|U-turn|p1a: Rhyperior
|-start|p2a: Cinderace|typechange|Bug|[from] ability: Libero
|-damage|p1a: Rhyperior|78/100
|
|t:|1779885699
|switch|p2a: Garchomp|Garchomp, M|100/100|[from] U-turn
|move|p1a: Rhyperior|Rock Wrecker|p2a: Garchomp
|-resisted|p2a: Garchomp
|-damage|p2a: Garchomp|14/100
|-mustrecharge|p1a: Rhyperior
|
|upkeep
|turn|2
|
|t:|1779885706
|move|p2a: Garchomp|Swords Dance|p2a: Garchomp
|-boost|p2a: Garchomp|atk|2
|cant|p1a: Rhyperior|recharge
|
|upkeep
|turn|3
|
|t:|1779885712
|switch|p1a: Cacturne|Cacturne, F|100/100
|move|p2a: Garchomp|Earthquake|p1a: Cacturne
|-resisted|p1a: Cacturne
|-damage|p1a: Cacturne|21/100
|
|upkeep
|turn|4
|
|t:|1779885718
|move|p1a: Cacturne|Spiky Shield|p1a: Cacturne
|-singleturn|p1a: Cacturne|move: Protect
|move|p2a: Garchomp|Draco Meteor|p1a: Cacturne
|-activate|p1a: Cacturne|move: Protect
|
|upkeep
|turn|5
|
|t:|1779885725
|move|p2a: Garchomp|Draco Meteor|p1a: Cacturne
|-damage|p1a: Cacturne|0 fnt
|-unboost|p2a: Garchomp|spa|2
|faint|p1a: Cacturne
|
|upkeep
|
|t:|1779885729
|switch|p1a: Mienshao|Mienshao, F|100/100
|turn|6
|
|t:|1779885735
|switch|p2a: Corviknight|Corviknight, F|100/100
|-ability|p2a: Corviknight|Pressure
|move|p1a: Mienshao|Fake Out|p2a: Corviknight
|-resisted|p2a: Corviknight
|-damage|p2a: Corviknight|93/100
|-damage|p1a: Mienshao|91/100|[from] item: Life Orb
|
|-heal|p2a: Corviknight|99/100|[from] item: Leftovers
|upkeep
|turn|7
|
|t:|1779885740
|move|p1a: Mienshao|U-turn|p2a: Corviknight
|-resisted|p2a: Corviknight
|-damage|p2a: Corviknight|93/100
|-damage|p1a: Mienshao|81/100|[from] item: Life Orb
|
|t:|1779885752
|switch|p1a: Iron Crown|Iron Crown|100/100|[from] U-turn
|move|p2a: Corviknight|Iron Defense|p2a: Corviknight
|-boost|p2a: Corviknight|def|2
|
|-heal|p2a: Corviknight|99/100|[from] item: Leftovers
|upkeep
|turn|8
|
|t:|1779885757
|move|p1a: Iron Crown|Volt Switch|p2a: Corviknight
|-supereffective|p2a: Corviknight
|-damage|p2a: Corviknight|67/100
|
|t:|1779885762
|-end|p1a: Iron Crown|Quark Drive|[silent]
|switch|p1a: Golurk|Golurk|100/100|[from] Volt Switch
|move|p2a: Corviknight|Iron Defense|p2a: Corviknight
|-boost|p2a: Corviknight|def|2
|
|-heal|p2a: Corviknight|73/100|[from] item: Leftovers
|upkeep
|turn|9
|
|t:|1779885778
|move|p2a: Corviknight|Roost|p2a: Corviknight
|-heal|p2a: Corviknight|100/100
|-singleturn|p2a: Corviknight|move: Roost
|move|p1a: Golurk|Trick|p2a: Corviknight
|-activate|p1a: Golurk|move: Trick|[of] p2a: Corviknight
|-item|p2a: Corviknight|Iron Ball|[from] move: Trick
|-item|p1a: Golurk|Leftovers|[from] move: Trick
|
|upkeep
|turn|10
|
|t:|1779885786
|switch|p2a: Rotom|Rotom-Wash|100/100
|move|p1a: Golurk|Earthquake|p2a: Rotom
|-immune|p2a: Rotom|[from] ability: Levitate
|
|upkeep
|turn|11
|
|t:|1779885796
|switch|p1a: Blissey|Blissey, F|100/100
|move|p2a: Rotom|Will-O-Wisp|p1a: Blissey
|-status|p1a: Blissey|brn
|
|-damage|p1a: Blissey|94/100 brn|[from] brn
|upkeep
|turn|12
|
|t:|1779885809
|switch|p2a: Corviknight|Corviknight, F|100/100
|-ability|p2a: Corviknight|Pressure
|move|p1a: Blissey|Stealth Rock|p2a: Corviknight
|-sidestart|p2: Minershrub|move: Stealth Rock
|
|-damage|p1a: Blissey|88/100 brn|[from] brn
|upkeep
|turn|13
|
|t:|1779885822
|-curestatus|p1a: Blissey|brn|[from] ability: Natural Cure|[silent]
|switch|p1a: Golurk|Golurk|100/100
|move|p2a: Corviknight|Defog|p1a: Golurk
|-unboost|p1a: Golurk|evasion|1
|-sideend|p2: Minershrub|Stealth Rock|[from] move: Defog|[of] p2a: Corviknight
|
|upkeep
|turn|14
|
|t:|1779885831
|switch|p2a: Rotom|Rotom-Wash|100/100
|move|p1a: Golurk|Poltergeist|p2a: Rotom
|-activate|p2a: Rotom|move: Poltergeist|Choice Scarf
|-damage|p2a: Rotom|23/100
|
|upkeep
|turn|15
|inactive|SpiritMunch has 120 seconds left.
|
|t:|1779885875
|move|p2a: Rotom|Trick|p1a: Golurk
|-activate|p2a: Rotom|move: Trick|[of] p1a: Golurk
|-item|p1a: Golurk|Choice Scarf|[from] move: Trick
|-item|p2a: Rotom|Leftovers|[from] move: Trick
|move|p1a: Golurk|Poltergeist|p2a: Rotom
|-activate|p2a: Rotom|move: Poltergeist|Leftovers
|-damage|p2a: Rotom|0 fnt
|faint|p2a: Rotom
|
|upkeep
|
|t:|1779885896
|switch|p2a: Cinderace|Cinderace, F|100/100
|turn|16
|inactive|SpiritMunch has 120 seconds left.
|
|t:|1779885912
|move|p2a: Cinderace|Court Change||[still]
|-start|p2a: Cinderace|typechange|Normal|[from] ability: Libero
|-fail|p2a: Cinderace
|move|p1a: Golurk|Trick|p2a: Cinderace
|-activate|p1a: Golurk|move: Trick|[of] p2a: Cinderace
|-item|p2a: Cinderace|Choice Scarf|[from] move: Trick
|-item|p1a: Golurk|Heavy-Duty Boots|[from] move: Trick
|
|upkeep
|turn|17
|
|t:|1779885921
|move|p2a: Cinderace|U-turn|p1a: Golurk
|-resisted|p1a: Golurk
|-damage|p1a: Golurk|88/100
|
|t:|1779885932
|switch|p2a: Pecharunt|Pecharunt|100/100|[from] U-turn
|move|p1a: Golurk|Trick|p2a: Pecharunt
|-activate|p1a: Golurk|move: Trick|[of] p2a: Pecharunt
|-item|p2a: Pecharunt|Heavy-Duty Boots|[from] move: Trick
|-item|p1a: Golurk|Rocky Helmet|[from] move: Trick
|
|upkeep
|turn|18
|
|t:|1779885941
|move|p2a: Pecharunt|Parting Shot|p1a: Golurk
|-unboost|p1a: Golurk|atk|1
|-unboost|p1a: Golurk|spa|1
|
|t:|1779885949
|switch|p2a: Tornadus|Tornadus-Therian, M|100/100|[from] Parting Shot
|move|p1a: Golurk|Trick|p2a: Tornadus
|-activate|p1a: Golurk|move: Trick|[of] p2a: Tornadus
|-item|p2a: Tornadus|Rocky Helmet|[from] move: Trick
|-item|p1a: Golurk|Heavy-Duty Boots|[from] move: Trick
|
|upkeep
|turn|19
|
|t:|1779885959
|move|p2a: Tornadus|Bleakwind Storm|p1a: Golurk
|-damage|p1a: Golurk|39/100
|move|p1a: Golurk|Poltergeist|p2a: Tornadus
|-activate|p2a: Tornadus|move: Poltergeist|Rocky Helmet
|-damage|p2a: Tornadus|44/100
|
|upkeep
|turn|20
|
|t:|1779885965
|switch|p1a: Blissey|Blissey, F|88/100
|move|p2a: Tornadus|Bleakwind Storm|p1a: Blissey
|-damage|p1a: Blissey|74/100
|
|upkeep
|turn|21
|
|t:|1779885977
|move|p2a: Tornadus|U-turn|p1a: Blissey
|-damage|p1a: Blissey|48/100
|
|t:|1779885980
|switch|p2a: Pecharunt|Pecharunt|100/100|[from] U-turn
|move|p1a: Blissey|Thunder Wave|p2a: Pecharunt|[miss]
|-miss|p1a: Blissey|p2a: Pecharunt
|
|upkeep
|turn|22
|
|t:|1779885986
|switch|p1a: Rhyperior|Rhyperior, F, tera:Rock|78/100
|move|p2a: Pecharunt|Parting Shot|p1a: Rhyperior
|-unboost|p1a: Rhyperior|atk|1
|-unboost|p1a: Rhyperior|spa|1
|
|t:|1779885993
|switch|p2a: Garchomp|Garchomp, M|14/100|[from] Parting Shot
|
|upkeep
|turn|23
|
|t:|1779886014
|switch|p1a: Mienshao|Mienshao, F|100/100
|move|p2a: Garchomp|Earthquake|p1a: Mienshao
|-damage|p1a: Mienshao|5/100
|
|upkeep
|turn|24
|
|t:|1779886025
|switch|p2a: Pecharunt|Pecharunt|100/100
|move|p1a: Mienshao|Knock Off|p2a: Pecharunt
|-supereffective|p2a: Pecharunt
|-damage|p2a: Pecharunt|51/100
|-enditem|p2a: Pecharunt|Heavy-Duty Boots|[from] move: Knock Off|[of] p1a: Mienshao
|-damage|p1a: Mienshao|0 fnt|[from] item: Life Orb
|faint|p1a: Mienshao
|
|upkeep
|
|t:|1779886039
|switch|p1a: Rhyperior|Rhyperior, F, tera:Rock|78/100
|turn|25
|
|t:|1779886046
|move|p2a: Pecharunt|Parting Shot|p1a: Rhyperior
|-unboost|p1a: Rhyperior|atk|1
|-unboost|p1a: Rhyperior|spa|1
|
|t:|1779886048
|switch|p2a: Corviknight|Corviknight, F|100/100|[from] Parting Shot
|-ability|p2a: Corviknight|Pressure
|move|p1a: Rhyperior|Stone Edge|p2a: Corviknight|[miss]
|-miss|p1a: Rhyperior|p2a: Corviknight
|
|upkeep
|turn|26
|
|t:|1779886057
|switch|p1a: Golurk|Golurk|39/100
|switch|p2a: Pecharunt|Pecharunt|51/100
|
|upkeep
|turn|27
|
|t:|1779886073
|move|p2a: Pecharunt|Hex|p1a: Golurk
|-supereffective|p1a: Golurk
|-damage|p1a: Golurk|0 fnt
|faint|p1a: Golurk
|
|upkeep
|
|t:|1779886076
|switch|p1a: Iron Crown|Iron Crown|100/100
|turn|28
|
|t:|1779886082
|move|p1a: Iron Crown|Psychic|p2a: Pecharunt
|-supereffective|p2a: Pecharunt
|-damage|p2a: Pecharunt|0 fnt
|faint|p2a: Pecharunt
|
|upkeep
|
|t:|1779886086
|switch|p2a: Cinderace|Cinderace, F|100/100
|turn|29
|
|t:|1779886090
|-end|p1a: Iron Crown|Quark Drive|[silent]
|switch|p1a: Rhyperior|Rhyperior, F, tera:Rock|78/100
|move|p2a: Cinderace|Pyro Ball|p1a: Rhyperior
|-resisted|p1a: Rhyperior
|-damage|p1a: Rhyperior|59/100
|
|upkeep
|turn|30
|
|t:|1779886119
|switch|p2a: Corviknight|Corviknight, F|100/100
|-ability|p2a: Corviknight|Pressure
|move|p1a: Rhyperior|Stone Edge|p2a: Corviknight
|-damage|p2a: Corviknight|7/100
|
|upkeep
|turn|31
|
|t:|1779886129
|switch|p1a: Iron Crown|Iron Crown|100/100
|move|p2a: Corviknight|Roost|p2a: Corviknight
|-heal|p2a: Corviknight|57/100
|-singleturn|p2a: Corviknight|move: Roost
|
|upkeep
|turn|32
|
|t:|1779886136
|move|p1a: Iron Crown|Volt Switch|p2a: Corviknight
|-supereffective|p2a: Corviknight
|-damage|p2a: Corviknight|23/100
|
|t:|1779886139
|-end|p1a: Iron Crown|Quark Drive|[silent]
|switch|p1a: Blissey|Blissey, F|48/100|[from] Volt Switch
|move|p2a: Corviknight|Roost|p2a: Corviknight
|-heal|p2a: Corviknight|73/100
|-singleturn|p2a: Corviknight|move: Roost
|
|upkeep
|turn|33
|
|t:|1779886148
|move|p1a: Blissey|Thunder Wave|p2a: Corviknight
|-status|p2a: Corviknight|par
|move|p2a: Corviknight|Body Press|p1a: Blissey
|-supereffective|p1a: Blissey
|-damage|p1a: Blissey|0 fnt
|faint|p1a: Blissey
|
|upkeep
|
|t:|1779886154
|switch|p1a: Rhyperior|Rhyperior, F, tera:Rock|59/100
|turn|34
|
|t:|1779886159
|move|p1a: Rhyperior|Stone Edge|p2a: Corviknight
|-damage|p2a: Corviknight|0 fnt
|faint|p2a: Corviknight
|
|upkeep
|
|t:|1779886161
|switch|p2a: Garchomp|Garchomp, M|14/100
|turn|35
|
|t:|1779886165
|move|p2a: Garchomp|Earthquake|p1a: Rhyperior
|-supereffective|p1a: Rhyperior
|-damage|p1a: Rhyperior|8/100
|move|p1a: Rhyperior|Stone Edge|p2a: Garchomp
|-resisted|p2a: Garchomp
|-damage|p2a: Garchomp|0 fnt
|faint|p2a: Garchomp
|
|upkeep
|
|t:|1779886189
|switch|p2a: Tornadus|Tornadus-Therian, M|77/100
|turn|36
|
|t:|1779886193
|switch|p1a: Iron Crown|Iron Crown|100/100
|move|p2a: Tornadus|Sludge Bomb|p1a: Iron Crown
|-immune|p1a: Iron Crown
|
|upkeep
|turn|37
|
|t:|1779886207
|move|p2a: Tornadus|Heat Wave|p1a: Iron Crown
|-supereffective|p1a: Iron Crown
|-damage|p1a: Iron Crown|61/100
|move|p1a: Iron Crown|Tachyon Cutter|p2a: Tornadus
|-damage|p2a: Tornadus|47/100
|-damage|p2a: Tornadus|13/100
|-hitcount|p2a: Tornadus|2
|
|upkeep
|turn|38
|
|t:|1779886216
|move|p2a: Tornadus|Heat Wave|p1a: Iron Crown
|-supereffective|p1a: Iron Crown
|-damage|p1a: Iron Crown|21/100
|move|p1a: Iron Crown|Psychic|p2a: Tornadus
|-damage|p2a: Tornadus|0 fnt
|faint|p2a: Tornadus
|
|upkeep
|
|t:|1779886218
|switch|p2a: Cinderace|Cinderace, F|100/100
|turn|39
|
|t:|1779886222
|move|p2a: Cinderace|Pyro Ball|p1a: Iron Crown
|-supereffective|p1a: Iron Crown
|-crit|p1a: Iron Crown
|-damage|p1a: Iron Crown|0 fnt
|faint|p1a: Iron Crown
|-end|p1a: Iron Crown|Quark Drive|[silent]
|
|upkeep
|
|t:|1779886223
|switch|p1a: Rhyperior|Rhyperior, F, tera:Rock|8/100
|turn|40
|
|t:|1779886228
|-terastallize|p2a: Cinderace|Fire
|move|p2a: Cinderace|Pyro Ball|p1a: Rhyperior
|-resisted|p1a: Rhyperior
|-damage|p1a: Rhyperior|0 fnt
|faint|p1a: Rhyperior
|
|win|Minershrub
|raw|SpiritMunch's rating: 1209 &rarr; <strong>1187</strong><br />(-22 for losing)
|raw|Minershrub's rating: 1257 &rarr; <strong>1279</strong><br />(+22 for winning)
|l|☆Minershrub
|player|p2|
