|j|☆lkajdlfkaf
|j|☆Lukarnage
|t:|1779874246
|gametype|singles
|player|p1|lkajdlfkaf|2|1099
|player|p2|Lukarnage|burglar|1092
|gen|9
|tier|[Gen 9] OU
|rated|
|rule|HP Percentage Mod: HP is shown in percentages
|rule|Endless Battle Clause: Forcing endless battles is banned
|rule|Species Clause: Limit one of each Pokémon
|rule|OHKO Clause: OHKO moves are banned
|rule|Evasion Items Clause: Evasion items are banned
|rule|Evasion Moves Clause: Evasion moves are banned
|rule|Evasion Abilities Clause: Evasion abilities are banned
|rule|Sleep Moves Clause: Sleep-inducing moves are banned
|clearpoke
|poke|p1|Delphox, M|
|poke|p1|Mamoswine, M|
|poke|p1|Scizor, M|
|poke|p1|Clefable, M|
|poke|p1|Zapdos|
|poke|p1|Sableye, F|
|poke|p2|Copperajah, F|
|poke|p2|Ninetales-Alola, M|
|poke|p2|Glimmora, M|
|poke|p2|Dragapult, F|
|poke|p2|Ceruledge, M|
|poke|p2|Samurott-Hisui, M|
|teampreview
|inactive|Battle timer is ON: inactive players will automatically lose when time's up. (requested by lkajdlfkaf)
|
|t:|1779874260
|teamsize|p1|6
|teamsize|p2|6
|start
|switch|p1a: Delphox|Delphox, M|100/100
|switch|p2a: Glimmora|Glimmora, M|100/100
|turn|1
|
|t:|1779874274
|move|p1a: Delphox|Future Sight|p2a: Glimmora
|-start|p1a: Delphox|move: Future Sight
|move|p2a: Glimmora|Meteor Beam||[still]
|-prepare|p2a: Glimmora|Meteor Beam
|-boost|p2a: Glimmora|spa|1
|-enditem|p2a: Glimmora|Power Herb
|-anim|p2a: Glimmora|Meteor Beam|p1a: Delphox|[miss]
|-miss|p2a: Glimmora|p1a: Delphox
|
|upkeep
|turn|2
|
|t:|1779874287
|switch|p1a: Scizor|Scizor, M|100/100
|move|p2a: Glimmora|Earth Power|p1a: Scizor
|-damage|p1a: Scizor|29/100
|
|upkeep
|turn|3
|
|t:|1779874299
|switch|p1a: Zapdos|Zapdos|100/100
|move|p2a: Glimmora|Earth Power|p1a: Zapdos
|-immune|p1a: Zapdos
|
|-end|p2a: Glimmora|move: Future Sight
|-supereffective|p2a: Glimmora
|-damage|p2a: Glimmora|0 fnt
|faint|p2a: Glimmora
|upkeep
|
|t:|1779874312
|switch|p2a: Ninetales|Ninetales-Alola, M|100/100
|-weather|Snowscape|[from] ability: Snow Warning|[of] p2a: Ninetales
|turn|4
|
|t:|1779874319
|move|p2a: Ninetales|Aurora Veil|p2a: Ninetales
|-sidestart|p2: Lukarnage|move: Aurora Veil
|move|p1a: Zapdos|Thunder Wave|p2a: Ninetales
|-status|p2a: Ninetales|par
|
|-weather|Snowscape|[upkeep]
|upkeep
|turn|5
|
|t:|1779874339
|switch|p1a: Delphox|Delphox, M|100/100
|switch|p2a: Copperajah|Copperajah, F|100/100
|
|-weather|Snowscape|[upkeep]
|upkeep
|turn|6
|
|t:|1779874348
|move|p1a: Delphox|Will-O-Wisp|p2a: Copperajah
|-status|p2a: Copperajah|brn
|move|p2a: Copperajah|Knock Off|p1a: Delphox
|-supereffective|p1a: Delphox
|-damage|p1a: Delphox|25/100
|-enditem|p1a: Delphox|Choice Specs|[from] move: Knock Off|[of] p2a: Copperajah
|-damage|p2a: Copperajah|91/100 brn|[from] item: Life Orb
|
|-weather|Snowscape|[upkeep]
|-damage|p2a: Copperajah|84/100 brn|[from] brn
|upkeep
|turn|7
|inactive|lkajdlfkaf has 120 seconds left.
|
|t:|1779874375
|move|p1a: Delphox|Fire Blast|p2a: Copperajah
|-supereffective|p2a: Copperajah
|-damage|p2a: Copperajah|0 fnt
|faint|p2a: Copperajah
|
|-weather|Snowscape|[upkeep]
|upkeep
|
|t:|1779874384
|switch|p2a: Samurott|Samurott-Hisui, M|100/100
|turn|8
|
|t:|1779874388
|switch|p1a: Zapdos|Zapdos|100/100
|move|p2a: Samurott|Ceaseless Edge|p1a: Zapdos
|-damage|p1a: Zapdos|61/100
|-sidestart|p1: lkajdlfkaf|Spikes
|
|-weather|none
|upkeep
|turn|9
|
|t:|1779874397
|switch|p2a: Ninetales|Ninetales-Alola, M|100/100 par
|-weather|Snowscape|[from] ability: Snow Warning|[of] p2a: Ninetales
|move|p1a: Zapdos|Discharge|p2a: Ninetales
|-damage|p2a: Ninetales|83/100 par
|
|-weather|Snowscape|[upkeep]
|upkeep
|turn|10
|
|t:|1779874409
|move|p1a: Zapdos|Roost|p1a: Zapdos
|-heal|p1a: Zapdos|100/100
|-singleturn|p1a: Zapdos|move: Roost
|move|p2a: Ninetales|Freeze-Dry|p1a: Zapdos
|-damage|p1a: Zapdos|80/100
|
|-weather|Snowscape|[upkeep]
|upkeep
|turn|11
|
|t:|1779874429
|move|p1a: Zapdos|Discharge|p2a: Ninetales
|-damage|p2a: Ninetales|68/100 par
|cant|p2a: Ninetales|par
|
|-weather|Snowscape|[upkeep]
|-sideend|p2: Lukarnage|move: Aurora Veil
|upkeep
|turn|12
|-message|Lukarnage forfeited.
|
|win|lkajdlfkaf
|raw|lkajdlfkaf's rating: 1099 &rarr; <strong>1124</strong><br />(+25 for winning)
|raw|Lukarnage's rating: 1092 &rarr; <strong>1069</strong><br />(-23 for losing)
|l|☆Lukarnage
|player|p2|
|l|☆lkajdlfkaf
|player|p1|
