|j|☆KupiKun
|j|☆Huntail_Biden711
|t:|1779801845
|gametype|singles
|player|p1|KupiKun|170|1057
|player|p2|Huntail_Biden711|blue|1098
|gen|9
|tier|[Gen 9] OU
|rated|
|rule|HP Percentage Mod: HP is shown in percentages
|rule|Endless Battle Clause: Forcing endless battles is banned
|rule|Species Clause: Limit one of each Pokémon
|rule|OHKO Clause: OHKO moves are banned
|rule|Evasion Items Clause: Evasion items are banned
|rule|Evasion Moves Clause: Evasion moves are banned
|rule|Evasion Abilities Clause: Evasion abilities are banned
|rule|Sleep Moves Clause: Sleep-inducing moves are banned
|clearpoke
|poke|p1|Electivire, M|
|poke|p1|Sableye, M|
|poke|p1|Florges-Yellow, F|
|poke|p1|Altaria, M|
|poke|p1|Forretress, F|
|poke|p1|Mudsdale, M|
|poke|p2|Ting-Lu|
|poke|p2|Hatterene, F|
|poke|p2|Great Tusk|
|poke|p2|Ceruledge, F|
|poke|p2|Dragonite, M|
|poke|p2|Kyurem|
|teampreview
|inactive|Battle timer is ON: inactive players will automatically lose when time's up. (requested by Huntail_Biden711)
|
|t:|1779801862
|teamsize|p1|6
|teamsize|p2|6
|start
|switch|p1a: Megawatt|Electivire, M, shiny|100/100
|switch|p2a: Kyurem|Kyurem|100/100
|-ability|p2a: Kyurem|Pressure
|turn|1
|
|t:|1779801872
|move|p2a: Kyurem|Ice Beam|p1a: Megawatt
|-damage|p1a: Megawatt|12/100
|move|p1a: Megawatt|Knock Off|p2a: Kyurem
|-damage|p2a: Kyurem|73/100
|-enditem|p2a: Kyurem|Choice Specs|[from] move: Knock Off|[of] p1a: Megawatt
|
|upkeep
|turn|2
|
|t:|1779801881
|switch|p1a: Sectonia|Florges-Yellow, F, shiny|100/100
|move|p2a: Kyurem|Freeze-Dry|p1a: Sectonia
|-damage|p1a: Sectonia|76/100
|-status|p1a: Sectonia|frz
|
|upkeep
|turn|3
|
|t:|1779801890
|move|p2a: Kyurem|Ice Beam|p1a: Sectonia
|-damage|p1a: Sectonia|43/100 frz
|-enditem|p1a: Sectonia|Sitrus Berry|[eat]
|-heal|p1a: Sectonia|68/100 frz|[from] item: Sitrus Berry
|-curestatus|p1a: Sectonia|frz|[msg]
|move|p1a: Sectonia|Moonblast|p2a: Kyurem
|-supereffective|p2a: Kyurem
|-damage|p2a: Kyurem|0 fnt
|faint|p2a: Kyurem
|
|upkeep
|
|t:|1779801904
|switch|p2a: Hatterene|Hatterene, F|100/100
|turn|4
|
|t:|1779801909
|move|p1a: Sectonia|Copycat|p1a: Sectonia
|move|p1a: Sectonia|Moonblast|p2a: Hatterene|[from] move: Copycat
|-damage|p2a: Hatterene|70/100
|move|p2a: Hatterene|Psyshock|p1a: Sectonia
|-damage|p1a: Sectonia|19/100
|
|upkeep
|turn|5
|
|t:|1779801930
|switch|p2a: Ting-Lu|Ting-Lu|100/100
|-ability|p2a: Ting-Lu|Vessel of Ruin
|move|p1a: Sectonia|Copycat|p1a: Sectonia
|move|p1a: Sectonia|Psyshock|p2a: Ting-Lu|[from] move: Copycat
|-immune|p2a: Ting-Lu
|
|upkeep
|turn|6
|
|t:|1779801944
|move|p1a: Sectonia|Moonblast|p2a: Ting-Lu
|-supereffective|p2a: Ting-Lu
|-damage|p2a: Ting-Lu|56/100
|move|p2a: Ting-Lu|Earthquake|p1a: Sectonia
|-damage|p1a: Sectonia|0 fnt
|faint|p1a: Sectonia
|
|-heal|p2a: Ting-Lu|62/100|[from] item: Leftovers
|upkeep
|
|t:|1779801953
|switch|p1a: STEELBALLRUN|Mudsdale, M, shiny|100/100
|turn|7
|
|t:|1779801958
|move|p2a: Ting-Lu|Stealth Rock|p1a: STEELBALLRUN
|-sidestart|p1: KupiKun|move: Stealth Rock
|move|p1a: STEELBALLRUN|Roar|p2a: Ting-Lu
|drag|p2a: Dragonite|Dragonite, M|100/100
|
|upkeep
|turn|8
|
|t:|1779801968
|switch|p2a: Ting-Lu|Ting-Lu|62/100
|-ability|p2a: Ting-Lu|Vessel of Ruin
|move|p1a: STEELBALLRUN|Roar|p2a: Ting-Lu
|drag|p2a: Dragonite|Dragonite, M|100/100
|
|upkeep
|turn|9
|
|t:|1779801975
|switch|p2a: Ting-Lu|Ting-Lu|62/100
|-ability|p2a: Ting-Lu|Vessel of Ruin
|move|p1a: STEELBALLRUN|Roar|p2a: Ting-Lu
|drag|p2a: Ceruledge|Ceruledge, F|100/100
|
|upkeep
|turn|10
|
|t:|1779801983
|switch|p2a: Ting-Lu|Ting-Lu|62/100
|-ability|p2a: Ting-Lu|Vessel of Ruin
|move|p1a: STEELBALLRUN|Earthquake|p2a: Ting-Lu
|-damage|p2a: Ting-Lu|41/100
|
|-heal|p2a: Ting-Lu|47/100|[from] item: Leftovers
|upkeep
|turn|11
|
|t:|1779801992
|move|p2a: Ting-Lu|Ruination|p1a: STEELBALLRUN
|-damage|p1a: STEELBALLRUN|50/100
|-ability|p1a: STEELBALLRUN|Stamina|boost
|-boost|p1a: STEELBALLRUN|def|1
|move|p1a: STEELBALLRUN|Body Press|p2a: Ting-Lu
|-supereffective|p2a: Ting-Lu
|-damage|p2a: Ting-Lu|4/100
|
|-heal|p2a: Ting-Lu|10/100|[from] item: Leftovers
|upkeep
|turn|12
|
|t:|1779802002
|move|p1a: STEELBALLRUN|Body Press|p2a: Ting-Lu
|-supereffective|p2a: Ting-Lu
|-damage|p2a: Ting-Lu|0 fnt
|faint|p2a: Ting-Lu
|
|upkeep
|
|t:|1779802007
|switch|p2a: Hatterene|Hatterene, F|70/100
|turn|13
|
|t:|1779802013
|move|p1a: STEELBALLRUN|Giga Impact|p2a: Hatterene
|-damage|p2a: Hatterene|26/100
|-mustrecharge|p1a: STEELBALLRUN
|move|p2a: Hatterene|Draining Kiss|p1a: STEELBALLRUN
|-damage|p1a: STEELBALLRUN|27/100
|-heal|p2a: Hatterene|49/100|[from] drain|[of] p1a: STEELBALLRUN
|-ability|p1a: STEELBALLRUN|Stamina|boost
|-boost|p1a: STEELBALLRUN|def|1
|
|upkeep
|turn|14
|
|t:|1779802021
|cant|p1a: STEELBALLRUN|recharge
|move|p2a: Hatterene|Draining Kiss|p1a: STEELBALLRUN
|-damage|p1a: STEELBALLRUN|1/100
|-heal|p2a: Hatterene|74/100|[from] drain|[of] p1a: STEELBALLRUN
|-ability|p1a: STEELBALLRUN|Stamina|boost
|-boost|p1a: STEELBALLRUN|def|1
|
|upkeep
|turn|15
|
|t:|1779802037
|move|p2a: Hatterene|Draining Kiss|p1a: STEELBALLRUN
|-crit|p1a: STEELBALLRUN
|-damage|p1a: STEELBALLRUN|0 fnt
|-heal|p2a: Hatterene|74/100|[from] drain|[of] p1a: STEELBALLRUN
|faint|p1a: STEELBALLRUN
|
|upkeep
|
|t:|1779802045
|switch|p1a: Saturn|Forretress, F, shiny|100/100
|-damage|p1a: Saturn|88/100|[from] Stealth Rock
|turn|16
|
|t:|1779802051
|move|p1a: Saturn|Stealth Rock|p2a: Hatterene
|move|p2a: Hatterene|Stealth Rock||[from] ability: Magic Bounce|[still]
|-fail|p2a: Hatterene
|move|p2a: Hatterene|Mystical Fire|p1a: Saturn
|-supereffective|p1a: Saturn
|-damage|p1a: Saturn|0 fnt
|faint|p1a: Saturn
|
|upkeep
|
|t:|1779802060
|switch|p1a: Gold Star|Altaria, M, shiny|100/100
|-damage|p1a: Gold Star|76/100|[from] Stealth Rock
|-ability|p1a: Gold Star|Cloud Nine
|turn|17
|
|t:|1779802067
|move|p1a: Gold Star|Defog|p2a: Hatterene
|move|p2a: Hatterene|Defog|p1a: Gold Star|[from] ability: Magic Bounce
|-unboost|p1a: Gold Star|evasion|1
|-sideend|p1: KupiKun|Stealth Rock|[from] move: Defog|[of] p2a: Hatterene
|move|p2a: Hatterene|Draining Kiss|p1a: Gold Star
|-supereffective|p1a: Gold Star
|-damage|p1a: Gold Star|28/100
|-heal|p2a: Hatterene|100/100|[from] drain|[of] p1a: Gold Star
|
|-heal|p1a: Gold Star|34/100|[from] item: Leftovers
|upkeep
|turn|18
|
|t:|1779802080
|move|p1a: Gold Star|Perish Song|p1a: Gold Star
|-start|p1a: Gold Star|perish3|[silent]
|-start|p2a: Hatterene|perish3|[silent]
|-fieldactivate|move: Perish Song
|move|p2a: Hatterene|Draining Kiss|p1a: Gold Star
|-supereffective|p1a: Gold Star
|-crit|p1a: Gold Star
|-damage|p1a: Gold Star|0 fnt
|faint|p1a: Gold Star
|
|-start|p2a: Hatterene|perish3
|upkeep
|
|t:|1779802090
|switch|p1a: Megawatt|Electivire, M, shiny|12/100
|turn|19
|
|t:|1779802096
|switch|p2a: Great Tusk|Great Tusk|100/100
|move|p1a: Megawatt|Knock Off|p2a: Great Tusk
|-resisted|p2a: Great Tusk
|-damage|p2a: Great Tusk|94/100
|-enditem|p2a: Great Tusk|Leftovers|[from] move: Knock Off|[of] p1a: Megawatt
|
|upkeep
|turn|20
|
|t:|1779802104
|-terastallize|p1a: Megawatt|Flying
|move|p1a: Megawatt|Brick Break|p2a: Great Tusk
|-damage|p2a: Great Tusk|83/100
|move|p2a: Great Tusk|Rapid Spin|p1a: Megawatt
|-damage|p1a: Megawatt|0 fnt
|-boost|p2a: Great Tusk|spe|1
|faint|p1a: Megawatt
|
|upkeep
|-message|KupiKun forfeited.
|
|win|Huntail_Biden711
|raw|KupiKun's rating: 1057 &rarr; <strong>1041</strong><br />(-16 for losing)
|raw|Huntail_Biden711's rating: 1098 &rarr; <strong>1120</strong><br />(+22 for winning)
|l|☆KupiKun
|player|p1|
|l|☆Huntail_Biden711
|player|p2|
