|j|☆ygtfjhygv
|j|☆FELIPE1000MASTER
|t:|1779799752
|gametype|singles
|player|p1|ygtfjhygv|sada-ai|1166
|player|p2|FELIPE1000MASTER|red|1192
|gen|9
|tier|[Gen 9] OU
|rated|
|rule|HP Percentage Mod: HP is shown in percentages
|rule|Endless Battle Clause: Forcing endless battles is banned
|rule|Species Clause: Limit one of each Pokémon
|rule|OHKO Clause: OHKO moves are banned
|rule|Evasion Items Clause: Evasion items are banned
|rule|Evasion Moves Clause: Evasion moves are banned
|rule|Evasion Abilities Clause: Evasion abilities are banned
|rule|Sleep Moves Clause: Sleep-inducing moves are banned
|clearpoke
|poke|p1|Ninetales, F|
|poke|p1|Ceruledge, M|
|poke|p1|Walking Wake|
|poke|p1|Great Tusk|
|poke|p1|Gholdengo|
|poke|p1|Raging Bolt|
|poke|p2|Venomoth, M|
|poke|p2|Scyther, M|
|poke|p2|Scizor, M|
|poke|p2|Lokix, M|
|poke|p2|Alomomola, F|
|poke|p2|Raging Bolt|
|teampreview
|inactive|Battle timer is ON: inactive players will automatically lose when time's up. (requested by ygtfjhygv)
|
|t:|1779799765
|teamsize|p1|6
|teamsize|p2|6
|start
|switch|p1a: Ninetales|Ninetales, F|100/100
|switch|p2a: Venomoth|Venomoth, M|100/100
|-weather|SunnyDay|[from] ability: Drought|[of] p1a: Ninetales
|turn|1
|
|t:|1779799775
|move|p2a: Venomoth|Quiver Dance|p2a: Venomoth
|-boost|p2a: Venomoth|spa|1
|-boost|p2a: Venomoth|spd|1
|-boost|p2a: Venomoth|spe|1
|move|p1a: Ninetales|Overheat|p2a: Venomoth
|-supereffective|p2a: Venomoth
|-enditem|p2a: Venomoth|Focus Sash
|-damage|p2a: Venomoth|1/100
|-unboost|p1a: Ninetales|spa|2
|
|-weather|SunnyDay|[upkeep]
|upkeep
|turn|2
|
|t:|1779799794
|-terastallize|p2a: Venomoth|Bug
|move|p2a: Venomoth|Bug Buzz|p1a: Ninetales
|-resisted|p1a: Ninetales
|-damage|p1a: Ninetales|47/100
|move|p1a: Ninetales|Overheat|p2a: Venomoth
|-supereffective|p2a: Venomoth
|-damage|p2a: Venomoth|0 fnt
|-unboost|p1a: Ninetales|spa|2
|faint|p2a: Venomoth
|
|-weather|SunnyDay|[upkeep]
|upkeep
|
|t:|1779799812
|switch|p2a: Scyther|Scyther, M|100/100
|turn|3
|
|t:|1779799829
|switch|p1a: Raging Bolt|Raging Bolt|100/100
|-activate|p1a: Raging Bolt|ability: Protosynthesis
|-start|p1a: Raging Bolt|protosynthesisspa
|move|p2a: Scyther|Night Slash|p1a: Raging Bolt
|-crit|p1a: Raging Bolt
|-damage|p1a: Raging Bolt|66/100
|
|-weather|SunnyDay|[upkeep]
|upkeep
|turn|4
|
|t:|1779799842
|switch|p2a: Raging Bolt|Raging Bolt|100/100
|-activate|p2a: Raging Bolt|ability: Protosynthesis
|-start|p2a: Raging Bolt|protosynthesisspa
|move|p1a: Raging Bolt|Thunderclap||[still]
|-fail|p1a: Raging Bolt
|
|-weather|SunnyDay|[upkeep]
|upkeep
|turn|5
|
|t:|1779799855
|-end|p1a: Raging Bolt|Protosynthesis|[silent]
|switch|p1a: Gholdengo|Gholdengo|100/100
|-item|p1a: Gholdengo|Air Balloon
|move|p2a: Raging Bolt|Dragon Pulse|p1a: Gholdengo
|-resisted|p1a: Gholdengo
|-damage|p1a: Gholdengo|63/100
|-enditem|p1a: Gholdengo|Air Balloon
|
|-weather|SunnyDay|[upkeep]
|upkeep
|turn|6
|
|t:|1779799868
|move|p2a: Raging Bolt|Thunderclap|p1a: Gholdengo
|-damage|p1a: Gholdengo|0 fnt
|faint|p1a: Gholdengo
|
|-weather|SunnyDay|[upkeep]
|upkeep
|
|t:|1779799882
|switch|p1a: Great Tusk|Great Tusk|100/100
|-activate|p1a: Great Tusk|ability: Protosynthesis
|-start|p1a: Great Tusk|protosynthesisatk
|turn|7
|
|t:|1779799892
|-end|p2a: Raging Bolt|Protosynthesis|[silent]
|switch|p2a: Scyther|Scyther, M|100/100
|move|p1a: Great Tusk|Headlong Rush|p2a: Scyther
|-immune|p2a: Scyther
|
|-weather|SunnyDay|[upkeep]
|upkeep
|turn|8
|
|t:|1779799900
|-terastallize|p1a: Great Tusk|Steel
|move|p2a: Scyther|Aerial Ace|p1a: Great Tusk
|-resisted|p1a: Great Tusk
|-damage|p1a: Great Tusk|84/100
|move|p1a: Great Tusk|Ice Spinner|p2a: Scyther
|-supereffective|p2a: Scyther
|-damage|p2a: Scyther|3/100
|
|-weather|none
|-end|p1a: Great Tusk|Protosynthesis
|upkeep
|turn|9
|
|t:|1779799917
|move|p2a: Scyther|Aerial Ace|p1a: Great Tusk
|-resisted|p1a: Great Tusk
|-damage|p1a: Great Tusk|68/100
|move|p1a: Great Tusk|Rapid Spin|p2a: Scyther
|-damage|p2a: Scyther|0 fnt
|-boost|p1a: Great Tusk|spe|1
|faint|p2a: Scyther
|
|upkeep
|
|t:|1779799929
|switch|p2a: Alomomola|Alomomola, F|100/100
|turn|10
|
|t:|1779799936
|-end|p1a: Great Tusk|Protosynthesis|[silent]
|switch|p1a: Ninetales|Ninetales, F|47/100
|-weather|SunnyDay|[from] ability: Drought|[of] p1a: Ninetales
|move|p2a: Alomomola|Liquidation|p1a: Ninetales
|-supereffective|p1a: Ninetales
|-damage|p1a: Ninetales|0 fnt
|faint|p1a: Ninetales
|
|-weather|SunnyDay|[upkeep]
|upkeep
|
|t:|1779799943
|switch|p1a: Walking Wake|Walking Wake|100/100
|-activate|p1a: Walking Wake|ability: Protosynthesis
|-start|p1a: Walking Wake|protosynthesisspa
|turn|11
|
|t:|1779799964
|move|p1a: Walking Wake|Draco Meteor|p2a: Alomomola
|-damage|p2a: Alomomola|0 fnt
|-unboost|p1a: Walking Wake|spa|2
|faint|p2a: Alomomola
|
|-weather|SunnyDay|[upkeep]
|upkeep
|inactive|FELIPE1000MASTER has 120 seconds left.
|
|t:|1779799982
|switch|p2a: Raging Bolt|Raging Bolt|100/100
|-activate|p2a: Raging Bolt|ability: Protosynthesis
|-start|p2a: Raging Bolt|protosynthesisspa
|turn|12
|
|t:|1779799992
|move|p1a: Walking Wake|Draco Meteor|p2a: Raging Bolt
|-supereffective|p2a: Raging Bolt
|-damage|p2a: Raging Bolt|34/100
|-unboost|p1a: Walking Wake|spa|2
|move|p2a: Raging Bolt|Dragon Pulse|p1a: Walking Wake
|-supereffective|p1a: Walking Wake
|-damage|p1a: Walking Wake|0 fnt
|faint|p1a: Walking Wake
|-end|p1a: Walking Wake|Protosynthesis|[silent]
|
|-weather|SunnyDay|[upkeep]
|upkeep
|
|t:|1779799998
|switch|p1a: Great Tusk|Great Tusk, tera:Steel|68/100
|-activate|p1a: Great Tusk|ability: Protosynthesis
|-start|p1a: Great Tusk|protosynthesisatk
|turn|13
|
|t:|1779800014
|move|p2a: Raging Bolt|Thunderclap|p1a: Great Tusk
|-damage|p1a: Great Tusk|0 fnt
|faint|p1a: Great Tusk
|-end|p1a: Great Tusk|Protosynthesis|[silent]
|
|-weather|SunnyDay|[upkeep]
|upkeep
|
|t:|1779800018
|switch|p1a: Raging Bolt|Raging Bolt|66/100
|-activate|p1a: Raging Bolt|ability: Protosynthesis
|-start|p1a: Raging Bolt|protosynthesisspa
|turn|14
|
|t:|1779800024
|move|p1a: Raging Bolt|Draco Meteor|p2a: Raging Bolt
|-supereffective|p2a: Raging Bolt
|-damage|p2a: Raging Bolt|0 fnt
|-unboost|p1a: Raging Bolt|spa|2
|faint|p2a: Raging Bolt
|-end|p2a: Raging Bolt|Protosynthesis|[silent]
|
|-weather|SunnyDay|[upkeep]
|upkeep
|
|t:|1779800034
|switch|p2a: Scizor|Scizor, M|100/100
|turn|15
|
|t:|1779800041
|move|p1a: Raging Bolt|Draco Meteor|p2a: Scizor
|-resisted|p2a: Scizor
|-damage|p2a: Scizor|54/100
|-unboost|p1a: Raging Bolt|spa|2
|move|p2a: Scizor|Knock Off|p1a: Raging Bolt
|-damage|p1a: Raging Bolt|31/100
|-enditem|p1a: Raging Bolt|Choice Specs|[from] move: Knock Off|[of] p2a: Scizor
|
|-weather|SunnyDay|[upkeep]
|-heal|p2a: Scizor|60/100|[from] item: Leftovers
|upkeep
|turn|16
|
|t:|1779800053
|move|p1a: Raging Bolt|Thunderbolt|p2a: Scizor
|-damage|p2a: Scizor|34/100
|move|p2a: Scizor|Swords Dance|p2a: Scizor
|-boost|p2a: Scizor|atk|2
|
|-weather|SunnyDay|[upkeep]
|-heal|p2a: Scizor|40/100|[from] item: Leftovers
|upkeep
|turn|17
|
|t:|1779800062
|move|p2a: Scizor|Bullet Punch|p1a: Raging Bolt
|-resisted|p1a: Raging Bolt
|-damage|p1a: Raging Bolt|0 fnt
|faint|p1a: Raging Bolt
|-end|p1a: Raging Bolt|Protosynthesis|[silent]
|
|-weather|none
|-heal|p2a: Scizor|46/100|[from] item: Leftovers
|upkeep
|
|t:|1779800064
|switch|p1a: Ceruledge|Ceruledge, M|100/100
|turn|18
|
|t:|1779800084
|move|p1a: Ceruledge|Bitter Blade|p2a: Scizor
|-supereffective|p2a: Scizor
|-crit|p2a: Scizor
|-damage|p2a: Scizor|0 fnt
|faint|p2a: Scizor
|
|upkeep
|
|t:|1779800090
|switch|p2a: Lokix|Lokix, M|100/100
|turn|19
|
|t:|1779800097
|move|p2a: Lokix|Knock Off|p1a: Ceruledge
|-supereffective|p1a: Ceruledge
|-enditem|p1a: Ceruledge|Focus Sash
|-damage|p1a: Ceruledge|1/100
|-ability|p1a: Ceruledge|Weak Armor|boost
|-unboost|p1a: Ceruledge|def|1
|-boost|p1a: Ceruledge|spe|2
|move|p1a: Ceruledge|Bitter Blade|p2a: Lokix
|-supereffective|p2a: Lokix
|-damage|p2a: Lokix|0 fnt
|-heal|p1a: Ceruledge|50/100|[from] drain|[of] p2a: Lokix
|faint|p2a: Lokix
|
|win|ygtfjhygv
|raw|ygtfjhygv's rating: 1166 &rarr; <strong>1193</strong><br />(+27 for winning)
|raw|FELIPE1000MASTER's rating: 1192 &rarr; <strong>1165</strong><br />(-27 for losing)
|l|☆ygtfjhygv
|player|p1|
|l|☆FELIPE1000MASTER
|player|p2|
