|j|☆Spikejolteon
|j|☆TimePress
|t:|1779932886
|gametype|singles
|player|p1|Spikejolteon|argenta|1260
|player|p2|TimePress|169|1181
|gen|9
|tier|[Gen 9] OU
|rated|
|rule|HP Percentage Mod: HP is shown in percentages
|rule|Endless Battle Clause: Forcing endless battles is banned
|rule|Species Clause: Limit one of each Pokémon
|rule|OHKO Clause: OHKO moves are banned
|rule|Evasion Items Clause: Evasion items are banned
|rule|Evasion Moves Clause: Evasion moves are banned
|rule|Evasion Abilities Clause: Evasion abilities are banned
|rule|Sleep Moves Clause: Sleep-inducing moves are banned
|clearpoke
|poke|p1|Weezing-Galar, F|
|poke|p1|Dragapult, M|
|poke|p1|Blaziken, F|
|poke|p1|Primarina, F|
|poke|p1|Hatterene, F|
|poke|p1|Iron Treads|
|poke|p2|Regigigas|
|poke|p2|Registeel|
|poke|p2|Regirock|
|poke|p2|Regice|
|poke|p2|Regidrago|
|poke|p2|Regieleki|
|teampreview
|inactive|Battle timer is ON: inactive players will automatically lose when time's up. (requested by Spikejolteon)
|inactive|TimePress has 120 seconds left.
|
|t:|1779932922
|teamsize|p1|6
|teamsize|p2|6
|start
|switch|p1a: Dragapult|Dragapult, M|100/100
|switch|p2a: Regirock|Regirock|100/100
|turn|1
|
|t:|1779932932
|switch|p2a: Registeel|Registeel|100/100
|move|p1a: Dragapult|Will-O-Wisp|p2a: Registeel|[miss]
|-miss|p1a: Dragapult|p2a: Registeel
|
|upkeep
|turn|2
|
|t:|1779932937
|move|p1a: Dragapult|Will-O-Wisp|p2a: Registeel|[miss]
|-miss|p1a: Dragapult|p2a: Registeel
|move|p2a: Registeel|Thunder Wave|p1a: Dragapult
|-status|p1a: Dragapult|par
|
|upkeep
|turn|3
|
|t:|1779932941
|cant|p1a: Dragapult|par
|move|p2a: Registeel|Stealth Rock|p1a: Dragapult
|-sidestart|p1: Spikejolteon|move: Stealth Rock
|
|upkeep
|turn|4
|
|t:|1779932944
|move|p1a: Dragapult|Will-O-Wisp|p2a: Registeel
|-status|p2a: Registeel|brn
|move|p2a: Registeel|Shadow Claw|p1a: Dragapult
|-supereffective|p1a: Dragapult
|-damage|p1a: Dragapult|87/100 par
|
|-heal|p1a: Dragapult|93/100 par|[from] item: Leftovers
|-damage|p2a: Registeel|94/100 brn|[from] brn
|upkeep
|turn|5
|
|t:|1779932952
|move|p1a: Dragapult|Hex|p2a: Registeel
|-damage|p2a: Registeel|68/100 brn
|move|p2a: Registeel|Shadow Claw|p1a: Dragapult
|-supereffective|p1a: Dragapult
|-damage|p1a: Dragapult|79/100 par
|
|-heal|p1a: Dragapult|85/100 par|[from] item: Leftovers
|-heal|p2a: Registeel|74/100 brn|[from] item: Leftovers
|-damage|p2a: Registeel|68/100 brn|[from] brn
|upkeep
|turn|6
|
|t:|1779932964
|switch|p2a: Regice|Regice|100/100
|cant|p1a: Dragapult|par
|
|-heal|p1a: Dragapult|91/100 par|[from] item: Leftovers
|upkeep
|turn|7
|
|t:|1779932973
|switch|p1a: Weezing|Weezing-Galar, F|100/100
|-ability|p1a: Weezing|Neutralizing Gas
|move|p2a: Regice|Ice Beam|p1a: Weezing
|-damage|p1a: Weezing|63/100
|
|upkeep
|turn|8
|
|t:|1779932979
|move|p1a: Weezing|Defog|p2a: Regice
|-unboost|p2a: Regice|evasion|1
|-sideend|p1: Spikejolteon|Stealth Rock|[from] move: Defog|[of] p1a: Weezing
|move|p2a: Regice|Thunder Wave|p1a: Weezing
|-status|p1a: Weezing|par
|
|upkeep
|turn|9
|
|t:|1779932990
|-end|p1a: Weezing|ability: Neutralizing Gas
|switch|p1a: Hatterene|Hatterene, F|100/100
|move|p2a: Regice|Ancient Power|p1a: Hatterene
|-damage|p1a: Hatterene|87/100
|
|upkeep
|turn|10
|
|t:|1779932998
|move|p2a: Regice|Ice Beam|p1a: Hatterene
|-damage|p1a: Hatterene|56/100
|move|p1a: Hatterene|Mystical Fire|p2a: Regice
|-supereffective|p2a: Regice
|-damage|p2a: Regice|68/100
|
|-heal|p2a: Regice|74/100|[from] item: Leftovers
|upkeep
|turn|11
|
|t:|1779933006
|move|p2a: Regice|Ice Beam|p1a: Hatterene
|-damage|p1a: Hatterene|23/100
|-status|p1a: Hatterene|frz
|cant|p1a: Hatterene|frz
|
|-heal|p2a: Regice|80/100|[from] item: Leftovers
|upkeep
|turn|12
|c|☆Spikejolteon|whos dick did you suck
|c|☆Spikejolteon|i need to know
|
|t:|1779933031
|switch|p1a: Iron Treads|Iron Treads|100/100
|-enditem|p1a: Iron Treads|Booster Energy
|-activate|p1a: Iron Treads|ability: Quark Drive|[fromitem]
|-start|p1a: Iron Treads|quarkdrivespe
|move|p2a: Regice|Ice Beam|p1a: Iron Treads
|-crit|p1a: Iron Treads
|-damage|p1a: Iron Treads|1/100
|-status|p1a: Iron Treads|frz
|
|-heal|p2a: Regice|86/100|[from] item: Leftovers
|upkeep
|turn|13
|c|☆Spikejolteon|?????
|
|t:|1779933041
|cant|p1a: Iron Treads|frz
|move|p2a: Regice|Ancient Power|p1a: Iron Treads
|-resisted|p1a: Iron Treads
|-damage|p1a: Iron Treads|0 fnt
|faint|p1a: Iron Treads
|-end|p1a: Iron Treads|Quark Drive|[silent]
|
|-heal|p2a: Regice|92/100|[from] item: Leftovers
|upkeep
|
|t:|1779933051
|switch|p1a: Primarina|Primarina, F|100/100
|turn|14
|
|t:|1779933076
|move|p1a: Primarina|Encore|p2a: Regice
|-start|p2a: Regice|Encore
|move|p2a: Regice|Ancient Power|p1a: Primarina
|-damage|p1a: Primarina|86/100
|
|-heal|p1a: Primarina|92/100|[from] item: Leftovers
|-heal|p2a: Regice|98/100|[from] item: Leftovers
|upkeep
|turn|15
|
|t:|1779933090
|switch|p2a: Registeel|Registeel|68/100 brn
|move|p1a: Primarina|Psychic Noise|p2a: Registeel
|-resisted|p2a: Registeel
|-damage|p2a: Registeel|60/100 brn
|-start|p2a: Registeel|move: Heal Block
|
|-heal|p1a: Primarina|98/100|[from] item: Leftovers
|-damage|p2a: Registeel|54/100 brn|[from] brn
|upkeep
|turn|16
|
|t:|1779933105
|switch|p1a: Hatterene|Hatterene, F|23/100 frz
|move|p2a: Registeel|Explosion|p1a: Hatterene
|-damage|p1a: Hatterene|0 fnt
|faint|p2a: Registeel
|faint|p1a: Hatterene
|
|upkeep
|
|t:|1779933120
|switch|p2a: Regice|Regice|98/100
|switch|p1a: Blaziken|Blaziken, F|100/100
|turn|17
|
|t:|1779933125
|-terastallize|p1a: Blaziken|Fire
|move|p1a: Blaziken|Overheat|p2a: Regice|[miss]
|-miss|p1a: Blaziken|p2a: Regice
|move|p2a: Regice|Thunder Wave|p1a: Blaziken
|-status|p1a: Blaziken|par
|
|-heal|p2a: Regice|100/100|[from] item: Leftovers
|-ability|p1a: Blaziken|Speed Boost|boost
|-boost|p1a: Blaziken|spe|1
|upkeep
|turn|18
|c|☆Spikejolteon|WHAT IS THIS BRO
|
|t:|1779933140
|move|p1a: Blaziken|Overheat|p2a: Regice
|-supereffective|p2a: Regice
|-damage|p2a: Regice|10/100
|-unboost|p1a: Blaziken|spa|2
|move|p2a: Regice|Ancient Power|p1a: Blaziken
|-supereffective|p1a: Blaziken
|-damage|p1a: Blaziken|41/100 par
|
|-heal|p2a: Regice|16/100|[from] item: Leftovers
|-ability|p1a: Blaziken|Speed Boost|boost
|-boost|p1a: Blaziken|spe|1
|upkeep
|turn|19
|
|t:|1779933146
|move|p1a: Blaziken|Overheat|p2a: Regice
|-supereffective|p2a: Regice
|-damage|p2a: Regice|0 fnt
|-unboost|p1a: Blaziken|spa|2
|faint|p2a: Regice
|
|-ability|p1a: Blaziken|Speed Boost|boost
|-boost|p1a: Blaziken|spe|1
|upkeep
|
|t:|1779933157
|switch|p2a: Regieleki|Regieleki|100/100
|turn|20
|
|t:|1779933160
|move|p2a: Regieleki|Light Screen|p2a: Regieleki
|-sidestart|p2: TimePress|move: Light Screen
|move|p1a: Blaziken|Overheat|p2a: Regieleki
|-crit|p2a: Regieleki
|-damage|p2a: Regieleki|0 fnt
|-unboost|p1a: Blaziken|spa|2
|faint|p2a: Regieleki
|
|-ability|p1a: Blaziken|Speed Boost|boost
|-boost|p1a: Blaziken|spe|1
|upkeep
|
|t:|1779933176
|switch|p2a: Regidrago|Regidrago|100/100
|turn|21
|
|t:|1779933191
|cant|p1a: Blaziken|par
|move|p2a: Regidrago|Dragon Dance|p2a: Regidrago
|-boost|p2a: Regidrago|atk|1
|-boost|p2a: Regidrago|spe|1
|
|-ability|p1a: Blaziken|Speed Boost|boost
|-boost|p1a: Blaziken|spe|1
|upkeep
|turn|22
|
|t:|1779933201
|move|p1a: Blaziken|Close Combat|p2a: Regidrago
|-damage|p2a: Regidrago|51/100
|-unboost|p1a: Blaziken|def|1
|-unboost|p1a: Blaziken|spd|1
|move|p2a: Regidrago|Dragon Dance|p2a: Regidrago
|-boost|p2a: Regidrago|atk|1
|-boost|p2a: Regidrago|spe|1
|
|-ability|p1a: Blaziken|Speed Boost|boost
|-boost|p1a: Blaziken|spe|1
|upkeep
|turn|23
|
|t:|1779933207
|move|p1a: Blaziken|Close Combat|p2a: Regidrago
|-damage|p2a: Regidrago|0 fnt
|-unboost|p1a: Blaziken|def|1
|-unboost|p1a: Blaziken|spd|1
|faint|p2a: Regidrago
|
|upkeep
|
|t:|1779933215
|switch|p2a: Regirock|Regirock|100/100
|turn|24
|inactive|Spikejolteon has 120 seconds left.
|
|t:|1779933251
|-terastallize|p2a: Regirock|Fighting
|move|p1a: Blaziken|Close Combat|p2a: Regirock
|-damage|p2a: Regirock|77/100
|-unboost|p1a: Blaziken|def|1
|-unboost|p1a: Blaziken|spd|1
|move|p2a: Regirock|Curse|p2a: Regirock
|-unboost|p2a: Regirock|spe|1
|-boost|p2a: Regirock|atk|1
|-boost|p2a: Regirock|def|1
|
|-heal|p2a: Regirock|83/100|[from] item: Leftovers
|upkeep
|turn|25
|inactive|Spikejolteon has 120 seconds left.
|
|t:|1779933264
|move|p1a: Blaziken|Focus Energy|p1a: Blaziken
|-start|p1a: Blaziken|move: Focus Energy
|move|p2a: Regirock|Curse|p2a: Regirock
|-unboost|p2a: Regirock|spe|1
|-boost|p2a: Regirock|atk|1
|-boost|p2a: Regirock|def|1
|
|-heal|p2a: Regirock|90/100|[from] item: Leftovers
|upkeep
|turn|26
|
|t:|1779933269
|move|p1a: Blaziken|Overheat|p2a: Regirock
|-crit|p2a: Regirock
|-damage|p2a: Regirock|0 fnt
|faint|p2a: Regirock
|
|upkeep
|
|t:|1779933272
|switch|p2a: Regigigas|Regigigas|100/100
|-start|p2a: Regigigas|ability: Slow Start
|turn|27
|
|t:|1779933278
|cant|p1a: Blaziken|par
|move|p2a: Regigigas|Knock Off|p1a: Blaziken
|-damage|p1a: Blaziken|0 fnt
|-enditem|p1a: Blaziken|Scope Lens|[from] move: Knock Off|[of] p2a: Regigigas
|faint|p1a: Blaziken
|
|-sideend|p2: TimePress|move: Light Screen
|upkeep
|
|t:|1779933281
|switch|p1a: Dragapult|Dragapult, M|91/100 par
|turn|28
|
|t:|1779933290
|move|p1a: Dragapult|Will-O-Wisp|p2a: Regigigas
|-status|p2a: Regigigas|brn
|move|p2a: Regigigas|Knock Off|p1a: Dragapult
|-supereffective|p1a: Dragapult
|-damage|p1a: Dragapult|73/100 par
|-enditem|p1a: Dragapult|Leftovers|[from] move: Knock Off|[of] p2a: Regigigas
|
|-damage|p2a: Regigigas|94/100 brn|[from] brn
|upkeep
|turn|29
|
|t:|1779933299
|move|p1a: Dragapult|Draco Meteor|p2a: Regigigas|[miss]
|-miss|p1a: Dragapult|p2a: Regigigas
|move|p2a: Regigigas|Confuse Ray|p1a: Dragapult
|-start|p1a: Dragapult|confusion
|
|-heal|p2a: Regigigas|100/100 brn|[from] item: Leftovers
|-damage|p2a: Regigigas|94/100 brn|[from] brn
|upkeep
|turn|30
|
|t:|1779933304
|switch|p1a: Weezing|Weezing-Galar, F|63/100 par
|-ability|p1a: Weezing|Neutralizing Gas
|move|p2a: Regigigas|Substitute|p2a: Regigigas
|-start|p2a: Regigigas|Substitute
|-damage|p2a: Regigigas|69/100 brn
|
|-heal|p2a: Regigigas|76/100 brn|[from] item: Leftovers
|-damage|p2a: Regigigas|69/100 brn|[from] brn
|upkeep
|turn|31
|
|t:|1779933307
|move|p2a: Regigigas|Knock Off|p1a: Weezing
|-resisted|p1a: Weezing
|-damage|p1a: Weezing|56/100 par
|-enditem|p1a: Weezing|Heavy-Duty Boots|[from] move: Knock Off|[of] p2a: Regigigas
|move|p1a: Weezing|Dazzling Gleam|p2a: Regigigas
|-activate|p2a: Regigigas|move: Substitute|[damage]
|
|-heal|p2a: Regigigas|76/100 brn|[from] item: Leftovers
|-damage|p2a: Regigigas|69/100 brn|[from] brn
|upkeep
|turn|32
|
|t:|1779933314
|move|p2a: Regigigas|Confuse Ray|p1a: Weezing
|-start|p1a: Weezing|confusion
|-activate|p1a: Weezing|confusion
|-damage|p1a: Weezing|50/100 par|[from] confusion
|
|-heal|p2a: Regigigas|76/100 brn|[from] item: Leftovers
|-damage|p2a: Regigigas|69/100 brn|[from] brn
|upkeep
|turn|33
|
|t:|1779933319
|move|p2a: Regigigas|Body Slam|p1a: Weezing
|-damage|p1a: Weezing|31/100 par
|-activate|p1a: Weezing|confusion
|-damage|p1a: Weezing|26/100 par|[from] confusion
|
|-heal|p2a: Regigigas|76/100 brn|[from] item: Leftovers
|-damage|p2a: Regigigas|69/100 brn|[from] brn
|upkeep
|turn|34
|
|t:|1779933327
|move|p2a: Regigigas|Body Slam|p1a: Weezing
|-damage|p1a: Weezing|8/100 par
|-activate|p1a: Weezing|confusion
|-damage|p1a: Weezing|2/100 par|[from] confusion
|
|-heal|p2a: Regigigas|76/100 brn|[from] item: Leftovers
|-damage|p2a: Regigigas|69/100 brn|[from] brn
|upkeep
|turn|35
|
|t:|1779933332
|move|p2a: Regigigas|Body Slam|p1a: Weezing
|-damage|p1a: Weezing|0 fnt
|faint|p1a: Weezing
|-end|p1a: Weezing|ability: Neutralizing Gas
|-start|p2a: Regigigas|ability: Slow Start
|
|-heal|p2a: Regigigas|76/100 brn|[from] item: Leftovers
|-damage|p2a: Regigigas|69/100 brn|[from] brn
|upkeep
|inactive|Spikejolteon has 120 seconds left.
|
|t:|1779933373
|switch|p1a: Primarina|Primarina, F|98/100
|turn|36
|
|t:|1779933381
|move|p2a: Regigigas|Confuse Ray|p1a: Primarina
|-start|p1a: Primarina|confusion
|-activate|p1a: Primarina|confusion
|-damage|p1a: Primarina|91/100|[from] confusion
|
|-heal|p2a: Regigigas|76/100 brn|[from] item: Leftovers
|-heal|p1a: Primarina|97/100|[from] item: Leftovers
|-damage|p2a: Regigigas|69/100 brn|[from] brn
|upkeep
|turn|37
|
|t:|1779933388
|move|p2a: Regigigas|Body Slam|p1a: Primarina
|-damage|p1a: Primarina|83/100
|-end|p1a: Primarina|confusion
|move|p1a: Primarina|Psychic Noise|p2a: Regigigas
|-damage|p2a: Regigigas|46/100 brn
|-start|p2a: Regigigas|move: Heal Block
|
|-heal|p1a: Primarina|89/100|[from] item: Leftovers
|-damage|p2a: Regigigas|40/100 brn|[from] brn
|upkeep
|turn|38
|
|t:|1779933398
|move|p2a: Regigigas|Body Slam|p1a: Primarina
|-damage|p1a: Primarina|75/100
|move|p1a: Primarina|Psychic Noise|p2a: Regigigas
|-damage|p2a: Regigigas|17/100 brn
|
|-heal|p1a: Primarina|81/100|[from] item: Leftovers
|-damage|p2a: Regigigas|10/100 brn|[from] brn
|-end|p2a: Regigigas|move: Heal Block
|upkeep
|turn|39
|
|t:|1779933406
|move|p2a: Regigigas|Body Slam|p1a: Primarina
|-damage|p1a: Primarina|67/100
|move|p1a: Primarina|Psychic Noise|p2a: Regigigas
|-damage|p2a: Regigigas|0 fnt
|faint|p2a: Regigigas
|-end|p2a: Regigigas|Slow Start|[silent]
|
|win|Spikejolteon
|raw|Spikejolteon's rating: 1260 &rarr; <strong>1279</strong><br />(+19 for winning)
|raw|TimePress's rating: 1181 &rarr; <strong>1162</strong><br />(-19 for losing)
|l|☆TimePress
|player|p2|
|c|☆Spikejolteon|ur so fucking dog shit bro
