|j|☆samylc
|j|☆Autistickid64
|t:|1779821851
|gametype|singles
|player|p1|samylc|preschooler|1489
|player|p2|Autistickid64|ethan-masters|1542
|gen|9
|tier|[Gen 9] OU
|rated|
|rule|HP Percentage Mod: HP is shown in percentages
|rule|Endless Battle Clause: Forcing endless battles is banned
|rule|Species Clause: Limit one of each Pokémon
|rule|OHKO Clause: OHKO moves are banned
|rule|Evasion Items Clause: Evasion items are banned
|rule|Evasion Moves Clause: Evasion moves are banned
|rule|Evasion Abilities Clause: Evasion abilities are banned
|rule|Sleep Moves Clause: Sleep-inducing moves are banned
|clearpoke
|poke|p1|Deoxys-Speed|
|poke|p1|Gholdengo|
|poke|p1|Iron Treads|
|poke|p1|Dragonite, M|
|poke|p1|Iron Moth|
|poke|p1|Samurott-Hisui, F|
|poke|p2|Cloyster, M|
|poke|p2|Iron Valiant|
|poke|p2|Avalugg-Hisui, F|
|poke|p2|Iron Moth|
|poke|p2|Weezing-Galar, M|
|poke|p2|Tsareena, F|
|teampreview
|inactive|Battle timer is ON: inactive players will automatically lose when time's up. (requested by samylc)
|
|t:|1779821855
|teamsize|p1|6
|teamsize|p2|6
|start
|switch|p1a: Iron Treads|Iron Treads|100/100
|switch|p2a: Avalugg|Avalugg-Hisui, F|100/100
|-enditem|p1a: Iron Treads|Booster Energy
|-activate|p1a: Iron Treads|ability: Quark Drive|[fromitem]
|-start|p1a: Iron Treads|quarkdrivespe
|turn|1
|
|t:|1779821862
|move|p1a: Iron Treads|Earthquake|p2a: Avalugg
|-supereffective|p2a: Avalugg
|-damage|p2a: Avalugg|55/100
|move|p2a: Avalugg|Earthquake|p1a: Iron Treads
|-supereffective|p1a: Iron Treads
|-damage|p1a: Iron Treads|46/100
|
|upkeep
|turn|2
|
|t:|1779821866
|move|p1a: Iron Treads|Stealth Rock|p2a: Avalugg
|-sidestart|p2: Autistickid64|move: Stealth Rock
|move|p2a: Avalugg|Earthquake|p1a: Iron Treads
|-supereffective|p1a: Iron Treads
|-damage|p1a: Iron Treads|0 fnt
|faint|p1a: Iron Treads
|-end|p1a: Iron Treads|Quark Drive|[silent]
|
|upkeep
|
|t:|1779821873
|switch|p1a: Samurott|Samurott-Hisui, F, shiny|100/100
|turn|3
|
|t:|1779821877
|move|p1a: Samurott|Razor Shell|p2a: Avalugg
|-supereffective|p2a: Avalugg
|-damage|p2a: Avalugg|0 fnt
|faint|p2a: Avalugg
|
|upkeep
|
|t:|1779821881
|switch|p2a: Tsareena|Tsareena, F|100/100
|-damage|p2a: Tsareena|88/100|[from] Stealth Rock
|turn|4
|
|t:|1779821888
|move|p1a: Samurott|Ceaseless Edge|p2a: Tsareena
|-damage|p2a: Tsareena|47/100
|-sidestart|p2: Autistickid64|Spikes
|move|p2a: Tsareena|Power Whip|p1a: Samurott
|-supereffective|p1a: Samurott
|-enditem|p1a: Samurott|Focus Sash
|-damage|p1a: Samurott|1/100
|
|upkeep
|turn|5
|
|t:|1779821892
|move|p1a: Samurott|Ceaseless Edge|p2a: Tsareena
|-damage|p2a: Tsareena|7/100
|-sidestart|p2: Autistickid64|Spikes
|move|p2a: Tsareena|Rapid Spin|p1a: Samurott
|-damage|p1a: Samurott|0 fnt
|-boost|p2a: Tsareena|spe|1
|-sideend|p2: Autistickid64|Spikes|[from] move: Rapid Spin|[of] p2a: Tsareena
|-sideend|p2: Autistickid64|Stealth Rock|[from] move: Rapid Spin|[of] p2a: Tsareena
|faint|p1a: Samurott
|
|upkeep
|
|t:|1779821902
|switch|p1a: Iron Moth|Iron Moth|100/100
|-enditem|p1a: Iron Moth|Booster Energy
|-activate|p1a: Iron Moth|ability: Quark Drive|[fromitem]
|-start|p1a: Iron Moth|quarkdrivespe
|turn|6
|
|t:|1779821907
|move|p1a: Iron Moth|Fiery Dance|p2a: Tsareena
|-supereffective|p2a: Tsareena
|-damage|p2a: Tsareena|0 fnt
|faint|p2a: Tsareena
|
|upkeep
|
|t:|1779821914
|switch|p2a: Cloyster|Cloyster, M, shiny|100/100
|turn|7
|
|t:|1779821922
|move|p1a: Iron Moth|Fiery Dance|p2a: Cloyster
|-enditem|p2a: Cloyster|Focus Sash
|-damage|p2a: Cloyster|1/100
|move|p2a: Cloyster|Drill Run|p1a: Iron Moth
|-supereffective|p1a: Iron Moth
|-damage|p1a: Iron Moth|0 fnt
|faint|p1a: Iron Moth
|-end|p1a: Iron Moth|Quark Drive|[silent]
|
|upkeep
|
|t:|1779821936
|switch|p1a: Deoxys|Deoxys-Speed|100/100
|-ability|p1a: Deoxys|Pressure
|turn|8
|
|t:|1779821941
|move|p1a: Deoxys|Knock Off|p2a: Cloyster
|-damage|p2a: Cloyster|0 fnt
|faint|p2a: Cloyster
|-damage|p1a: Deoxys|91/100|[from] item: Life Orb
|
|upkeep
|
|t:|1779821945
|switch|p2a: Weezing|Weezing-Galar, M|100/100
|turn|9
|
|t:|1779821951
|move|p1a: Deoxys|Psycho Boost|p2a: Weezing
|-supereffective|p2a: Weezing
|-damage|p2a: Weezing|0 fnt
|-unboost|p1a: Deoxys|spa|2
|faint|p2a: Weezing
|-damage|p1a: Deoxys|81/100|[from] item: Life Orb
|
|upkeep
|
|t:|1779821954
|switch|p2a: Iron Moth|Iron Moth|100/100
|-enditem|p2a: Iron Moth|Booster Energy
|-activate|p2a: Iron Moth|ability: Quark Drive|[fromitem]
|-start|p2a: Iron Moth|quarkdrivespe
|turn|10
|
|t:|1779821963
|switch|p1a: Gholdengo|Gholdengo|100/100
|-item|p1a: Gholdengo|Air Balloon
|move|p2a: Iron Moth|Fiery Dance|p1a: Gholdengo
|-supereffective|p1a: Gholdengo
|-damage|p1a: Gholdengo|16/100
|-boost|p2a: Iron Moth|spa|1
|-enditem|p1a: Gholdengo|Air Balloon
|
|upkeep
|turn|11
|
|t:|1779821968
|move|p2a: Iron Moth|Fiery Dance|p1a: Gholdengo
|-supereffective|p1a: Gholdengo
|-damage|p1a: Gholdengo|0 fnt
|-boost|p2a: Iron Moth|spa|1
|faint|p1a: Gholdengo
|
|upkeep
|
|t:|1779821971
|switch|p1a: Dragonite|Dragonite, M, shiny|100/100
|turn|12
|
|t:|1779821981
|move|p2a: Iron Moth|Sludge Wave|p1a: Dragonite
|-damage|p1a: Dragonite|52/100
|move|p1a: Dragonite|Earthquake|p2a: Iron Moth
|-supereffective|p2a: Iron Moth
|-damage|p2a: Iron Moth|0 fnt
|faint|p2a: Iron Moth
|-end|p2a: Iron Moth|Quark Drive|[silent]
|
|upkeep
|
|t:|1779821983
|switch|p2a: Iron Valiant|Iron Valiant|100/100
|-enditem|p2a: Iron Valiant|Booster Energy
|-activate|p2a: Iron Valiant|ability: Quark Drive|[fromitem]
|-start|p2a: Iron Valiant|quarkdrivespe
|turn|13
|
|t:|1779821990
|-terastallize|p1a: Dragonite|Normal
|move|p1a: Dragonite|Extreme Speed|p2a: Iron Valiant
|-damage|p2a: Iron Valiant|49/100
|move|p2a: Iron Valiant|Moonblast|p1a: Dragonite
|-damage|p1a: Dragonite|0 fnt
|faint|p1a: Dragonite
|
|upkeep
|
|t:|1779821997
|switch|p1a: Deoxys|Deoxys-Speed|81/100
|-ability|p1a: Deoxys|Pressure
|turn|14
|
|t:|1779822001
|-terastallize|p2a: Iron Valiant|Electric
|move|p2a: Iron Valiant|Moonblast|p1a: Deoxys
|-damage|p1a: Deoxys|3/100
|move|p1a: Deoxys|Psycho Boost|p2a: Iron Valiant
|-damage|p2a: Iron Valiant|0 fnt
|-unboost|p1a: Deoxys|spa|2
|faint|p2a: Iron Valiant
|-end|p2a: Iron Valiant|Quark Drive|[silent]
|-damage|p1a: Deoxys|0 fnt|[from] item: Life Orb
|faint|p1a: Deoxys
|
|win|samylc
|raw|samylc's rating: 1489 &rarr; <strong>1512</strong><br />(+23 for winning)
|raw|Autistickid64's rating: 1542 &rarr; <strong>1519</strong><br />(-23 for losing)
|c|☆samylc|gg
|l|☆Autistickid64
|player|p2|
|j|☆Autistickid64
|player|p2|Autistickid64|ethan-masters|
|l|☆samylc
|player|p1|
|l|☆Autistickid64
|player|p2|
