|j|☆YB4260
|j|☆rokuim
|t:|1779848471
|gametype|singles
|player|p1|YB4260|169|1057
|player|p2|rokuim|wallace|1122
|gen|9
|tier|[Gen 9] OU
|rated|
|rule|HP Percentage Mod: HP is shown in percentages
|rule|Endless Battle Clause: Forcing endless battles is banned
|rule|Species Clause: Limit one of each Pokémon
|rule|OHKO Clause: OHKO moves are banned
|rule|Evasion Items Clause: Evasion items are banned
|rule|Evasion Moves Clause: Evasion moves are banned
|rule|Evasion Abilities Clause: Evasion abilities are banned
|rule|Sleep Moves Clause: Sleep-inducing moves are banned
|clearpoke
|poke|p1|Gholdengo|
|poke|p1|Zoroark-Hisui, M|
|poke|p1|Mimikyu, F|
|poke|p1|Oricorio-Sensu, F|
|poke|p1|Palossand, M|
|poke|p1|Ceruledge, F|
|poke|p2|Indeedee, M|
|poke|p2|Hatterene, F|
|poke|p2|Ursaluna, F|
|poke|p2|Iron Hands|
|poke|p2|Hoopa-Unbound|
|poke|p2|Mimikyu, F|
|teampreview
|inactive|Battle timer is ON: inactive players will automatically lose when time's up. (requested by rokuim)
|
|t:|1779848488
|teamsize|p1|6
|teamsize|p2|6
|start
|switch|p1a: I Will Slice You|Ceruledge, F|100/100
|switch|p2a: Mimi|Mimikyu, F, shiny|100/100
|turn|1
|
|t:|1779848498
|move|p1a: I Will Slice You|Knock Off|p2a: Mimi
|-activate|p2a: Mimi|ability: Disguise
|-damage|p2a: Mimi|100/100
|-enditem|p2a: Mimi|Red Card|[from] move: Knock Off|[of] p1a: I Will Slice You
|detailschange|p2a: Mimi|Mimikyu-Busted, F, shiny
|-damage|p2a: Mimi|88/100|[from] pokemon: Mimikyu-Busted
|move|p2a: Mimi|Trick Room|p2a: Mimi
|-fieldstart|move: Trick Room|[of] p2a: Mimi
|
|upkeep
|turn|2
|
|t:|1779848511
|move|p1a: I Will Slice You|Shadow Sneak|p2a: Mimi
|-supereffective|p2a: Mimi
|-damage|p2a: Mimi|55/100
|move|p2a: Mimi|Destiny Bond|p2a: Mimi
|-singlemove|p2a: Mimi|Destiny Bond
|
|upkeep
|turn|3
|
|t:|1779848517
|move|p2a: Mimi|Curse|p1a: I Will Slice You
|-start|p1a: I Will Slice You|Curse|[of] p2a: Mimi
|-damage|p2a: Mimi|5/100
|move|p1a: I Will Slice You|Body Slam|p2a: Mimi
|-immune|p2a: Mimi
|
|-damage|p1a: I Will Slice You|75/100|[from] Curse
|upkeep
|turn|4
|
|t:|1779848523
|move|p2a: Mimi|Destiny Bond|p2a: Mimi
|-singlemove|p2a: Mimi|Destiny Bond
|move|p1a: I Will Slice You|Body Slam|p2a: Mimi
|-immune|p2a: Mimi
|
|-damage|p1a: I Will Slice You|50/100|[from] Curse
|upkeep
|turn|5
|
|t:|1779848528
|move|p2a: Mimi|Play Rough|p1a: I Will Slice You
|-damage|p1a: I Will Slice You|0 fnt
|replace|p1a: RZrk Not Part Drk?|Zoroark-Hisui, M, shiny
|-end|p1a: RZrk Not Part Drk?|Illusion
|faint|p1a: RZrk Not Part Drk?
|
|-fieldend|move: Trick Room
|upkeep
|
|t:|1779848535
|switch|p1a: Sand is Rock|Palossand, M, shiny|100/100
|turn|6
|
|t:|1779848540
|move|p1a: Sand is Rock|Stealth Rock|p2a: Mimi
|-sidestart|p2: rokuim|move: Stealth Rock
|move|p2a: Mimi|Trick Room|p2a: Mimi
|-fieldstart|move: Trick Room|[of] p2a: Mimi
|
|upkeep
|turn|7
|
|t:|1779848545
|move|p1a: Sand is Rock|Stealth Rock||[still]
|-fail|p1a: Sand is Rock
|move|p2a: Mimi|Curse|p1a: Sand is Rock
|-start|p1a: Sand is Rock|Curse|[of] p2a: Mimi
|-damage|p2a: Mimi|0 fnt
|faint|p2a: Mimi
|
|-damage|p1a: Sand is Rock|75/100|[from] Curse
|upkeep
|
|t:|1779848558
|switch|p2a: Crashout YN|Ursaluna, F, shiny|100/100
|-damage|p2a: Crashout YN|94/100|[from] Stealth Rock
|turn|8
|
|t:|1779848563
|-terastallize|p1a: Sand is Rock|Grass
|move|p1a: Sand is Rock|Energy Ball|p2a: Crashout YN
|-supereffective|p2a: Crashout YN
|-damage|p2a: Crashout YN|19/100
|move|p2a: Crashout YN|Ice Punch|p1a: Sand is Rock
|-supereffective|p1a: Sand is Rock
|-damage|p1a: Sand is Rock|17/100
|
|-heal|p1a: Sand is Rock|23/100|[from] item: Leftovers
|-damage|p1a: Sand is Rock|0 fnt|[from] Curse
|faint|p1a: Sand is Rock
|-status|p2a: Crashout YN|brn|[from] item: Flame Orb
|upkeep
|
|t:|1779848573
|switch|p1a: Let’s Not Snuggle…|Mimikyu, F, shiny|100/100
|turn|9
|
|t:|1779848581
|switch|p2a: King Von|Hoopa-Unbound|100/100
|-damage|p2a: King Von|88/100|[from] Stealth Rock
|move|p1a: Let’s Not Snuggle…|Hone Claws|p1a: Let’s Not Snuggle…
|-boost|p1a: Let’s Not Snuggle…|atk|1
|-boost|p1a: Let’s Not Snuggle…|accuracy|1
|
|upkeep
|turn|10
|
|t:|1779848588
|move|p2a: King Von|Expanding Force|p1a: Let’s Not Snuggle…
|-activate|p1a: Let’s Not Snuggle…|ability: Disguise
|-damage|p1a: Let’s Not Snuggle…|100/100
|detailschange|p1a: Let’s Not Snuggle…|Mimikyu-Busted, F, shiny
|-damage|p1a: Let’s Not Snuggle…|88/100|[from] pokemon: Mimikyu-Busted
|-enditem|p1a: Let’s Not Snuggle…|Red Card|[of] p2a: King Von
|drag|p2a: LEBRON|Iron Hands, shiny|100/100
|-damage|p2a: LEBRON|94/100|[from] Stealth Rock
|-enditem|p2a: LEBRON|Booster Energy
|-activate|p2a: LEBRON|ability: Quark Drive|[fromitem]
|-start|p2a: LEBRON|quarkdriveatk
|move|p1a: Let’s Not Snuggle…|Hone Claws|p1a: Let’s Not Snuggle…
|-boost|p1a: Let’s Not Snuggle…|atk|1
|-boost|p1a: Let’s Not Snuggle…|accuracy|1
|
|-fieldend|move: Trick Room
|upkeep
|turn|11
|
|t:|1779848601
|move|p1a: Let’s Not Snuggle…|Play Rough|p2a: LEBRON
|-supereffective|p2a: LEBRON
|-damage|p2a: LEBRON|0 fnt
|faint|p2a: LEBRON
|-end|p2a: LEBRON|Quark Drive|[silent]
|
|upkeep
|
|t:|1779848605
|switch|p2a: King Von|Hoopa-Unbound|88/100
|-damage|p2a: King Von|76/100|[from] Stealth Rock
|turn|12
|
|t:|1779848611
|move|p1a: Let’s Not Snuggle…|Thief|p2a: King Von
|-damage|p2a: King Von|42/100
|-enditem|p2a: King Von|Psychic Seed|[silent]|[from] move: Thief|[of] p1a: Let’s Not Snuggle…
|-item|p1a: Let’s Not Snuggle…|Psychic Seed|[from] move: Thief|[of] p2a: King Von
|move|p2a: King Von|Trick Room|p2a: King Von
|-fieldstart|move: Trick Room|[of] p2a: King Von
|
|upkeep
|turn|13
|
|t:|1779848622
|move|p2a: King Von|Hyperspace Fury|p1a: Let’s Not Snuggle…
|-damage|p1a: Let’s Not Snuggle…|9/100
|-unboost|p2a: King Von|def|1
|-item|p2a: King Von|Psychic Seed|[from] ability: Magician|[of] p1a: Let’s Not Snuggle…
|move|p1a: Let’s Not Snuggle…|Play Rough|p2a: King Von
|-supereffective|p2a: King Von
|-damage|p2a: King Von|0 fnt
|faint|p2a: King Von
|
|upkeep
|
|t:|1779848624
|switch|p2a: Subaru|Indeedee, M, shiny|100/100
|-damage|p2a: Subaru|88/100|[from] Stealth Rock
|-fieldstart|move: Psychic Terrain|[from] ability: Psychic Surge|[of] p2a: Subaru
|turn|14
|
|t:|1779848637
|move|p2a: Subaru|Expanding Force|p1a: Let’s Not Snuggle…
|-damage|p1a: Let’s Not Snuggle…|0 fnt
|faint|p1a: Let’s Not Snuggle…
|
|upkeep
|
|t:|1779848651
|switch|p1a: I Will Slice You|Ceruledge, F|100/100
|turn|15
|
|t:|1779848661
|move|p2a: Subaru|Expanding Force|p1a: I Will Slice You
|-damage|p1a: I Will Slice You|38/100
|move|p1a: I Will Slice You|Bitter Blade|p2a: Subaru
|-damage|p2a: Subaru|38/100
|-heal|p1a: I Will Slice You|66/100|[from] drain|[of] p2a: Subaru
|
|upkeep
|turn|16
|
|t:|1779848672
|switch|p1a: Bad as Bronze|Gholdengo, shiny|100/100
|move|p2a: Subaru|Healing Wish|p2a: Subaru
|faint|p2a: Subaru
|
|-fieldend|move: Trick Room
|upkeep
|
|t:|1779848674
|switch|p2a: Crashout YN|Ursaluna, F, shiny|19/100 brn
|-heal|p2a: Crashout YN|100/100|[from] move: Healing Wish
|-damage|p2a: Crashout YN|94/100|[from] Stealth Rock
|turn|17
|
|t:|1779848681
|switch|p1a: Start Dancing|Oricorio-Sensu, F|100/100
|move|p2a: Crashout YN|Headlong Rush|p1a: Start Dancing
|-immune|p1a: Start Dancing
|
|-status|p2a: Crashout YN|brn|[from] item: Flame Orb
|upkeep
|turn|18
|
|t:|1779848686
|move|p1a: Start Dancing|Rain Dance|p1a: Start Dancing
|-weather|RainDance
|move|p2a: Crashout YN|Ice Punch|p1a: Start Dancing
|-supereffective|p1a: Start Dancing
|-damage|p1a: Start Dancing|0 fnt
|faint|p1a: Start Dancing
|
|-weather|RainDance|[upkeep]
|-damage|p2a: Crashout YN|88/100 brn|[from] brn
|upkeep
|
|t:|1779848692
|switch|p1a: I Will Slice You|Ceruledge, F|66/100
|turn|19
|
|t:|1779848696
|move|p1a: I Will Slice You|Close Combat|p2a: Crashout YN
|-supereffective|p2a: Crashout YN
|-damage|p2a: Crashout YN|30/100 brn
|-unboost|p1a: I Will Slice You|def|1
|-unboost|p1a: I Will Slice You|spd|1
|move|p2a: Crashout YN|Headlong Rush|p1a: I Will Slice You
|-supereffective|p1a: I Will Slice You
|-damage|p1a: I Will Slice You|0 fnt
|-unboost|p2a: Crashout YN|def|1
|-unboost|p2a: Crashout YN|spd|1
|faint|p1a: I Will Slice You
|
|-weather|RainDance|[upkeep]
|-damage|p2a: Crashout YN|24/100 brn|[from] brn
|upkeep
|
|t:|1779848703
|switch|p1a: Bad as Bronze|Gholdengo, shiny|100/100
|turn|20
|
|t:|1779848708
|switch|p2a: Satella|Hatterene, F, shiny|100/100
|-damage|p2a: Satella|88/100|[from] Stealth Rock
|move|p1a: Bad as Bronze|Make It Rain|p2a: Satella
|-supereffective|p2a: Satella
|-damage|p2a: Satella|0 fnt
|-unboost|p1a: Bad as Bronze|spa|1
|faint|p2a: Satella
|
|-weather|RainDance|[upkeep]
|upkeep
|
|t:|1779848711
|switch|p2a: Crashout YN|Ursaluna, F, shiny|24/100 brn
|-damage|p2a: Crashout YN|18/100 brn|[from] Stealth Rock
|turn|21
|
|t:|1779848715
|-terastallize|p2a: Crashout YN|Normal
|move|p1a: Bad as Bronze|Make It Rain|p2a: Crashout YN
|-damage|p2a: Crashout YN|0 fnt
|-unboost|p1a: Bad as Bronze|spa|1
|faint|p2a: Crashout YN
|
|win|YB4260
|raw|YB4260's rating: 1057 &rarr; <strong>1094</strong><br />(+37 for winning)
|raw|rokuim's rating: 1122 &rarr; <strong>1092</strong><br />(-30 for losing)
|l|☆YB4260
|player|p1|
|l|☆rokuim
|player|p2|
