|j|☆zefi1220
|j|☆Aizor81
|t:|1779806299
|gametype|singles
|player|p1|zefi1220|riley|1068
|player|p2|Aizor81|pokemonbreeder|1062
|gen|9
|tier|[Gen 9] OU
|rated|
|rule|HP Percentage Mod: HP is shown in percentages
|rule|Endless Battle Clause: Forcing endless battles is banned
|rule|Species Clause: Limit one of each Pokémon
|rule|OHKO Clause: OHKO moves are banned
|rule|Evasion Items Clause: Evasion items are banned
|rule|Evasion Moves Clause: Evasion moves are banned
|rule|Evasion Abilities Clause: Evasion abilities are banned
|rule|Sleep Moves Clause: Sleep-inducing moves are banned
|clearpoke
|poke|p1|Garchomp, F|
|poke|p1|Glimmora, M|
|poke|p1|Lucario, M|
|poke|p1|Azumarill, F|
|poke|p1|Meowscarada, F|
|poke|p1|Heatran, F|
|poke|p2|Sunflora, M|
|poke|p2|Torkoal, M|
|poke|p2|Hariyama, M|
|poke|p2|Lapras, F|
|poke|p2|Corviknight, M|
|poke|p2|Heatran, M|
|teampreview
|inactive|Battle timer is ON: inactive players will automatically lose when time's up. (requested by zefi1220)
|
|t:|1779806320
|teamsize|p1|6
|teamsize|p2|6
|start
|switch|p1a: AquaTamago|Azumarill, F|100/100
|switch|p2a: Cargol treu banya|Lapras, F|100/100
|turn|1
|
|t:|1779806330
|switch|p2a: Cegarro|Torkoal, M|100/100
|-weather|SunnyDay|[from] ability: Drought|[of] p2a: Cegarro
|move|p1a: AquaTamago|Belly Drum|p1a: AquaTamago
|-damage|p1a: AquaTamago|50/100
|-setboost|p1a: AquaTamago|atk|6|[from] move: Belly Drum
|-enditem|p1a: AquaTamago|Sitrus Berry|[eat]
|-heal|p1a: AquaTamago|75/100|[from] item: Sitrus Berry
|
|-weather|SunnyDay|[upkeep]
|upkeep
|turn|2
|
|t:|1779806340
|move|p1a: AquaTamago|Aqua Jet|p2a: Cegarro
|-supereffective|p2a: Cegarro
|-damage|p2a: Cegarro|34/100
|-damage|p1a: AquaTamago|59/100|[from] item: Rocky Helmet|[of] p2a: Cegarro
|move|p2a: Cegarro|Stealth Rock|p1a: AquaTamago
|-sidestart|p1: zefi1220|move: Stealth Rock
|
|-weather|SunnyDay|[upkeep]
|upkeep
|turn|3
|
|t:|1779806347
|move|p1a: AquaTamago|Aqua Jet|p2a: Cegarro
|-supereffective|p2a: Cegarro
|-damage|p2a: Cegarro|0 fnt
|-damage|p1a: AquaTamago|42/100|[from] item: Rocky Helmet|[of] p2a: Cegarro
|faint|p2a: Cegarro
|
|-weather|SunnyDay|[upkeep]
|upkeep
|
|t:|1779806350
|switch|p2a: GoatFlora|Sunflora, M, shiny|100/100
|turn|4
|
|t:|1779806359
|move|p1a: AquaTamago|Aqua Jet|p2a: GoatFlora
|-resisted|p2a: GoatFlora
|-damage|p2a: GoatFlora|64/100
|move|p2a: GoatFlora|Solar Beam||[still]
|-prepare|p2a: GoatFlora|Solar Beam
|-anim|p2a: GoatFlora|Solar Beam|p1a: AquaTamago
|-supereffective|p1a: AquaTamago
|-damage|p1a: AquaTamago|0 fnt
|faint|p1a: AquaTamago
|-damage|p2a: GoatFlora|54/100|[from] item: Life Orb
|
|-weather|SunnyDay|[upkeep]
|upkeep
|
|t:|1779806371
|switch|p1a: Ugly Betty|Heatran, F|100/100
|-damage|p1a: Ugly Betty|88/100|[from] Stealth Rock
|turn|5
|
|t:|1779806385
|move|p2a: GoatFlora|Solar Beam||[still]
|-prepare|p2a: GoatFlora|Solar Beam
|-anim|p2a: GoatFlora|Solar Beam|p1a: Ugly Betty
|-resisted|p1a: Ugly Betty
|-damage|p1a: Ugly Betty|77/100
|-damage|p2a: GoatFlora|44/100|[from] item: Life Orb
|move|p1a: Ugly Betty|Flamethrower|p2a: GoatFlora
|-supereffective|p2a: GoatFlora
|-damage|p2a: GoatFlora|0 fnt
|faint|p2a: GoatFlora
|
|-weather|none
|upkeep
|
|t:|1779806393
|switch|p2a: Cargol treu banya|Lapras, F|100/100
|turn|6
|
|t:|1779806407
|switch|p1a: Good Boy|Lucario, M|100/100
|-damage|p1a: Good Boy|98/100|[from] Stealth Rock
|-item|p1a: Good Boy|Air Balloon
|move|p2a: Cargol treu banya|Hydro Pump|p1a: Good Boy
|-crit|p1a: Good Boy
|-damage|p1a: Good Boy|0 fnt
|-enditem|p1a: Good Boy|Air Balloon
|faint|p1a: Good Boy
|
|upkeep
|
|t:|1779806417
|switch|p1a: Feline Lupin|Meowscarada, F|100/100
|-damage|p1a: Feline Lupin|88/100|[from] Stealth Rock
|turn|7
|
|t:|1779806439
|switch|p2a: Chocala|Hariyama, M|100/100
|move|p1a: Feline Lupin|Flower Trick|p2a: Chocala
|-start|p1a: Feline Lupin|typechange|Grass|[from] ability: Protean
|-crit|p2a: Chocala
|-damage|p2a: Chocala|48/100
|
|-status|p2a: Chocala|brn|[from] item: Flame Orb
|upkeep
|turn|8
|
|t:|1779806448
|move|p1a: Feline Lupin|Flower Trick|p2a: Chocala
|-crit|p2a: Chocala
|-damage|p2a: Chocala|0 fnt
|faint|p2a: Chocala
|
|upkeep
|
|t:|1779806453
|switch|p2a: Cargol treu banya|Lapras, F|100/100
|turn|9
|
|t:|1779806459
|move|p1a: Feline Lupin|Flower Trick|p2a: Cargol treu banya
|-supereffective|p2a: Cargol treu banya
|-crit|p2a: Cargol treu banya
|-damage|p2a: Cargol treu banya|4/100
|move|p2a: Cargol treu banya|Ice Beam|p1a: Feline Lupin
|-supereffective|p1a: Feline Lupin
|-damage|p1a: Feline Lupin|0 fnt
|faint|p1a: Feline Lupin
|
|upkeep
|
|t:|1779806467
|switch|p1a: babysharkdududu|Garchomp, F|100/100
|-damage|p1a: babysharkdududu|94/100|[from] Stealth Rock
|turn|10
|
|t:|1779806471
|move|p1a: babysharkdududu|Dragon Claw|p2a: Cargol treu banya
|-damage|p2a: Cargol treu banya|0 fnt
|faint|p2a: Cargol treu banya
|
|upkeep
|
|t:|1779806478
|switch|p2a: 45 graditos|Heatran, M|100/100
|turn|11
|inactive|zefi1220 has 120 seconds left.
|
|t:|1779806514
|-terastallize|p2a: 45 graditos|Grass
|move|p1a: babysharkdududu|Earthquake|p2a: 45 graditos
|-resisted|p2a: 45 graditos
|-damage|p2a: 45 graditos|76/100
|move|p2a: 45 graditos|Solar Beam||[still]
|-prepare|p2a: 45 graditos|Solar Beam
|
|upkeep
|turn|12
|inactive|zefi1220 has 120 seconds left.
|
|t:|1779806533
|move|p1a: babysharkdududu|Poison Jab|p2a: 45 graditos
|-supereffective|p2a: 45 graditos
|-damage|p2a: 45 graditos|22/100
|move|p2a: 45 graditos|Solar Beam|p1a: babysharkdududu|[from] lockedmove
|-damage|p1a: babysharkdududu|24/100
|
|upkeep
|turn|13
|
|t:|1779806540
|move|p1a: babysharkdududu|Poison Jab|p2a: 45 graditos
|-supereffective|p2a: 45 graditos
|-damage|p2a: 45 graditos|0 fnt
|faint|p2a: 45 graditos
|
|upkeep
|
|t:|1779806542
|switch|p2a: Calimero|Corviknight, M, shiny|100/100
|-ability|p2a: Calimero|Pressure
|turn|14
|
|t:|1779806549
|move|p1a: babysharkdududu|Dragon Claw|p2a: Calimero
|-resisted|p2a: Calimero
|-damage|p2a: Calimero|84/100
|move|p2a: Calimero|Iron Defense|p2a: Calimero
|-boost|p2a: Calimero|def|2
|
|-heal|p2a: Calimero|91/100|[from] item: Leftovers
|upkeep
|turn|15
|
|t:|1779806560
|switch|p1a: Ugly Betty|Heatran, F|77/100
|-damage|p1a: Ugly Betty|65/100|[from] Stealth Rock
|move|p2a: Calimero|Iron Defense|p2a: Calimero
|-boost|p2a: Calimero|def|2
|
|-heal|p2a: Calimero|97/100|[from] item: Leftovers
|upkeep
|turn|16
|
|t:|1779806569
|move|p2a: Calimero|Body Press|p1a: Ugly Betty
|-supereffective|p1a: Ugly Betty
|-damage|p1a: Ugly Betty|0 fnt
|-damage|p2a: Calimero|80/100|[from] item: Rocky Helmet|[of] p1a: Ugly Betty
|faint|p1a: Ugly Betty
|
|-heal|p2a: Calimero|87/100|[from] item: Leftovers
|upkeep
|
|t:|1779806577
|switch|p1a: LovesDrama|Glimmora, M|100/100
|-damage|p1a: LovesDrama|88/100|[from] Stealth Rock
|turn|17
|
|t:|1779806590
|move|p2a: Calimero|Body Press|p1a: LovesDrama
|-damage|p1a: LovesDrama|24/100
|-activate|p1a: LovesDrama|ability: Toxic Debris
|-sidestart|p2: Aizor81|move: Toxic Spikes
|move|p1a: LovesDrama|Stealth Rock|p2a: Calimero
|-sidestart|p2: Aizor81|move: Stealth Rock
|
|-heal|p2a: Calimero|93/100|[from] item: Leftovers
|-heal|p1a: LovesDrama|30/100|[from] item: Leftovers
|upkeep
|turn|18
|
|t:|1779806598
|move|p2a: Calimero|Body Press|p1a: LovesDrama
|-damage|p1a: LovesDrama|0 fnt
|-activate|p1a: LovesDrama|ability: Toxic Debris
|-sidestart|p2: Aizor81|move: Toxic Spikes
|faint|p1a: LovesDrama
|
|-heal|p2a: Calimero|99/100|[from] item: Leftovers
|upkeep
|
|t:|1779806605
|switch|p1a: babysharkdududu|Garchomp, F|24/100
|-damage|p1a: babysharkdududu|18/100|[from] Stealth Rock
|turn|19
|
|t:|1779806616
|move|p1a: babysharkdududu|Dragon Claw|p2a: Calimero
|-resisted|p2a: Calimero
|-damage|p2a: Calimero|94/100
|move|p2a: Calimero|Body Press|p1a: babysharkdududu
|-damage|p1a: babysharkdududu|0 fnt
|-damage|p2a: Calimero|81/100|[from] ability: Rough Skin|[of] p1a: babysharkdududu
|faint|p1a: babysharkdududu
|
|win|Aizor81
|raw|zefi1220's rating: 1068 &rarr; <strong>1047</strong><br />(-21 for losing)
|raw|Aizor81's rating: 1062 &rarr; <strong>1093</strong><br />(+31 for winning)
|l|☆Aizor81
|player|p2|
|c|☆zefi1220|gg
|l|☆zefi1220
|player|p1|
