|j|☆LeoXMuio
|j|☆chijk
|t:|1779953405
|gametype|singles
|player|p1|LeoXMuio|clown|1279
|player|p2|chijk|101|1237
|gen|9
|tier|[Gen 9] OU
|rated|
|rule|HP Percentage Mod: HP is shown in percentages
|rule|Endless Battle Clause: Forcing endless battles is banned
|rule|Species Clause: Limit one of each Pokémon
|rule|OHKO Clause: OHKO moves are banned
|rule|Evasion Items Clause: Evasion items are banned
|rule|Evasion Moves Clause: Evasion moves are banned
|rule|Evasion Abilities Clause: Evasion abilities are banned
|rule|Sleep Moves Clause: Sleep-inducing moves are banned
|clearpoke
|poke|p1|Charjabug, M|
|poke|p1|Cinderace, F|
|poke|p1|Alomomola, M|
|poke|p1|Serperior, M|
|poke|p1|Kingambit, F|
|poke|p1|Milotic, M|
|poke|p2|Moltres-Galar|
|poke|p2|Gholdengo|
|poke|p2|Samurott-Hisui, M|
|poke|p2|Smeargle, M|
|poke|p2|Zamazenta-*|
|poke|p2|Deoxys-Speed|
|teampreview
|
|t:|1779953424
|teamsize|p1|6
|teamsize|p2|6
|start
|switch|p1a: 走不了|Charjabug, M, shiny|100/100
|switch|p2a: Samurott|Samurott-Hisui, M|100/100
|turn|1
|
|t:|1779953432
|move|p2a: Samurott|Ceaseless Edge|p1a: 走不了
|-damage|p1a: 走不了|78/100
|-sidestart|p1: LeoXMuio|Spikes
|move|p1a: 走不了|Sticky Web|p2a: Samurott
|-sidestart|p2: chijk|move: Sticky Web
|
|upkeep
|turn|2
|
|t:|1779953442
|move|p2a: Samurott|Encore|p1a: 走不了
|-start|p1a: 走不了|Encore
|move|p1a: 走不了|Sticky Web||[still]
|-fail|p1a: 走不了
|
|upkeep
|turn|3
|
|t:|1779953455
|move|p2a: Samurott|Ceaseless Edge|p1a: 走不了
|-damage|p1a: 走不了|54/100
|-sidestart|p1: LeoXMuio|Spikes
|move|p1a: 走不了|Sticky Web||[still]
|-fail|p1a: 走不了
|
|upkeep
|turn|4
|
|t:|1779953462
|switch|p1a: 点不中|Cinderace, F|100/100
|move|p2a: Samurott|Ceaseless Edge|p1a: 点不中
|-crit|p1a: 点不中
|-damage|p1a: 点不中|23/100
|-sidestart|p1: LeoXMuio|Spikes
|
|upkeep
|turn|5
|
|t:|1779953475
|move|p1a: 点不中|Court Change|p1a: 点不中
|-start|p1a: 点不中|typechange|Normal|[from] ability: Libero
|-swapsideconditions
|-activate|p1a: 点不中|move: Court Change
|move|p2a: Samurott|Ceaseless Edge|p1a: 点不中
|-damage|p1a: 点不中|0 fnt
|-sidestart|p1: LeoXMuio|Spikes
|faint|p1a: 点不中
|
|upkeep
|
|t:|1779953483
|switch|p1a: 扛不住|Serperior, M|100/100
|-activate|p1a: 扛不住|move: Sticky Web
|-boost|p1a: 扛不住|spe|1
|-damage|p1a: 扛不住|88/100|[from] Spikes
|turn|6
|
|t:|1779953491
|move|p1a: 扛不住|Leaf Storm|p2a: Samurott
|-supereffective|p2a: Samurott
|-enditem|p2a: Samurott|Focus Sash
|-damage|p2a: Samurott|1/100
|-boost|p1a: 扛不住|spa|2
|move|p2a: Samurott|Encore|p1a: 扛不住
|-start|p1a: 扛不住|Encore
|
|-heal|p1a: 扛不住|94/100|[from] item: Leftovers
|upkeep
|turn|7
|
|t:|1779953511
|move|p1a: 扛不住|Leaf Storm|p2a: Samurott
|-supereffective|p2a: Samurott
|-damage|p2a: Samurott|0 fnt
|-boost|p1a: 扛不住|spa|2
|faint|p2a: Samurott
|
|-heal|p1a: 扛不住|100/100|[from] item: Leftovers
|upkeep
|
|t:|1779953521
|switch|p2a: Gholdengo|Gholdengo|100/100
|-damage|p2a: Gholdengo|76/100|[from] Spikes
|turn|8
|
|t:|1779953529
|-terastallize|p1a: 扛不住|Fire
|move|p1a: 扛不住|Leaf Storm|p2a: Gholdengo
|-resisted|p2a: Gholdengo
|-damage|p2a: Gholdengo|0 fnt
|-boost|p1a: 扛不住|spa|2
|faint|p2a: Gholdengo
|
|upkeep
|
|t:|1779953543
|switch|p2a: Moltres|Moltres-Galar|100/100
|turn|9
|
|t:|1779953549
|move|p1a: 扛不住|Leaf Storm|p2a: Moltres
|-resisted|p2a: Moltres
|-damage|p2a: Moltres|10/100
|-ability|p2a: Moltres|Berserk|boost
|-boost|p2a: Moltres|spa|1
|-enditem|p2a: Moltres|Sitrus Berry|[eat]
|-heal|p2a: Moltres|35/100|[from] item: Sitrus Berry
|move|p2a: Moltres|Hurricane|p1a: 扛不住|[miss]
|-miss|p2a: Moltres|p1a: 扛不住
|
|-end|p1a: 扛不住|Encore
|upkeep
|turn|10
|-message|chijk forfeited.
|
|win|LeoXMuio
|raw|LeoXMuio's rating: 1279 &rarr; <strong>1301</strong><br />(+22 for winning)
|raw|chijk's rating: 1237 &rarr; <strong>1215</strong><br />(-22 for losing)
|l|☆chijk
|player|p2|
|l|☆LeoXMuio
|player|p1|
