|j|☆MeloEnc
|j|☆Spashtm
|t:|1779952810
|gametype|singles
|player|p1|MeloEnc|lady|1123
|player|p2|Spashtm|cress|1077
|gen|9
|tier|[Gen 9] OU
|rated|
|rule|HP Percentage Mod: HP is shown in percentages
|rule|Endless Battle Clause: Forcing endless battles is banned
|rule|Species Clause: Limit one of each Pokémon
|rule|OHKO Clause: OHKO moves are banned
|rule|Evasion Items Clause: Evasion items are banned
|rule|Evasion Moves Clause: Evasion moves are banned
|rule|Evasion Abilities Clause: Evasion abilities are banned
|rule|Sleep Moves Clause: Sleep-inducing moves are banned
|clearpoke
|poke|p1|Dragapult, F|
|poke|p1|Glimmora, F|
|poke|p1|Garchomp, F|
|poke|p1|Great Tusk|
|poke|p1|Pecharunt|
|poke|p1|Heatran, M|
|poke|p2|Klefki, M|
|poke|p2|Glimmora, M|
|poke|p2|Zoroark-Hisui, F|
|poke|p2|Haxorus, M|
|poke|p2|Alomomola, M|
|poke|p2|Cryogonal|
|teampreview
|
|t:|1779952840
|teamsize|p1|6
|teamsize|p2|6
|start
|switch|p1a: Heatran|Heatran, M|100/100
|switch|p2a: Haxorus|Haxorus, M, shiny|100/100
|-ability|p2a: Haxorus|Mold Breaker
|turn|1
|
|t:|1779952846
|move|p2a: Haxorus|Earthquake|p1a: Heatran
|-supereffective|p1a: Heatran
|-damage|p1a: Heatran|0 fnt
|faint|p1a: Heatran
|
|upkeep
|
|t:|1779952851
|switch|p1a: Garchomp|Garchomp, F|100/100
|turn|2
|
|t:|1779952857
|switch|p2a: Alomomola|Alomomola, M|100/100
|move|p1a: Garchomp|Dragon Claw|p2a: Alomomola
|-damage|p2a: Alomomola|77/100
|-damage|p1a: Garchomp|84/100|[from] item: Rocky Helmet|[of] p2a: Alomomola
|
|upkeep
|turn|3
|
|t:|1779952865
|switch|p1a: Glimmora|Glimmora, F|100/100
|move|p2a: Alomomola|Flip Turn|p1a: Glimmora
|-supereffective|p1a: Glimmora
|-damage|p1a: Glimmora|66/100
|-activate|p1a: Glimmora|ability: Toxic Debris
|-sidestart|p2: Spashtm|move: Toxic Spikes
|
|t:|1779952872
|switch|p2a: Glimmora|Glimmora, M|100/100|[from] Flip Turn
|-sideend|p2: Spashtm|move: Toxic Spikes|[of] p2a: Glimmora
|
|upkeep
|turn|4
|
|t:|1779952876
|move|p1a: Glimmora|Spiky Shield|p1a: Glimmora
|-singleturn|p1a: Glimmora|move: Protect
|move|p2a: Glimmora|Earth Power|p1a: Glimmora
|-activate|p1a: Glimmora|move: Protect
|
|upkeep
|turn|5
|
|t:|1779952886
|switch|p1a: Great Tusk|Great Tusk|100/100
|move|p2a: Glimmora|Earth Power|p1a: Great Tusk
|-damage|p1a: Great Tusk|54/100
|
|upkeep
|turn|6
|
|t:|1779952895
|switch|p2a: Alomomola|Alomomola, M|100/100
|move|p1a: Great Tusk|Headlong Rush|p2a: Alomomola
|-damage|p2a: Alomomola|65/100
|-unboost|p1a: Great Tusk|def|1
|-unboost|p1a: Great Tusk|spd|1
|-damage|p1a: Great Tusk|37/100|[from] item: Rocky Helmet|[of] p2a: Alomomola
|
|upkeep
|turn|7
|
|t:|1779952909
|-end|p1a: Great Tusk|Protosynthesis|[silent]
|switch|p1a: Garchomp|Garchomp, F|84/100
|move|p2a: Alomomola|Flip Turn|p1a: Garchomp
|-damage|p1a: Garchomp|67/100
|-damage|p2a: Alomomola|53/100|[from] ability: Rough Skin|[of] p1a: Garchomp
|
|t:|1779952919
|switch|p2a: Cryogonal|Cryogonal|100/100|[from] Flip Turn
|
|upkeep
|turn|8
|
|t:|1779952924
|move|p1a: Garchomp|Stone Edge|p2a: Cryogonal
|-supereffective|p2a: Cryogonal
|-crit|p2a: Cryogonal
|-damage|p2a: Cryogonal|0 fnt
|faint|p2a: Cryogonal
|
|upkeep
|
|t:|1779952938
|switch|p2a: Alomomola|Alomomola, M|86/100
|turn|9
|
|t:|1779952944
|switch|p1a: Glimmora|Glimmora, F|66/100
|move|p2a: Alomomola|Flip Turn|p1a: Glimmora
|-supereffective|p1a: Glimmora
|-damage|p1a: Glimmora|35/100
|-activate|p1a: Glimmora|ability: Toxic Debris
|-sidestart|p2: Spashtm|move: Toxic Spikes
|
|t:|1779952954
|switch|p2a: Haxorus|Haxorus, M, shiny|100/100|[from] Flip Turn
|-status|p2a: Haxorus|psn
|-ability|p2a: Haxorus|Mold Breaker
|
|-damage|p2a: Haxorus|88/100 psn|[from] psn
|upkeep
|turn|10
|
|t:|1779952965
|move|p1a: Glimmora|Spiky Shield|p1a: Glimmora
|-singleturn|p1a: Glimmora|move: Protect
|move|p2a: Haxorus|Earthquake|p1a: Glimmora
|-activate|p1a: Glimmora|move: Protect
|
|-damage|p2a: Haxorus|76/100 psn|[from] psn
|upkeep
|turn|11
|
|t:|1779952973
|move|p1a: Glimmora|Sludge Bomb|p2a: Haxorus
|-damage|p2a: Haxorus|40/100 psn
|move|p2a: Haxorus|Earthquake|p1a: Glimmora
|-supereffective|p1a: Glimmora
|-damage|p1a: Glimmora|0 fnt
|-activate|p1a: Glimmora|ability: Toxic Debris
|-sidestart|p2: Spashtm|move: Toxic Spikes
|faint|p1a: Glimmora
|
|-damage|p2a: Haxorus|28/100 psn|[from] psn
|upkeep
|
|t:|1779952984
|switch|p1a: Dragapult|Dragapult, F|100/100
|turn|12
|
|t:|1779952988
|switch|p2a: Glimmora|Glimmora, M|100/100
|-sideend|p2: Spashtm|move: Toxic Spikes|[of] p2a: Glimmora
|move|p1a: Dragapult|Hex|p2a: Glimmora
|-damage|p2a: Glimmora|58/100
|
|upkeep
|turn|13
|
|t:|1779953003
|switch|p2a: Klefki|Klefki, M|100/100
|move|p1a: Dragapult|Draco Meteor|p2a: Klefki
|-immune|p2a: Klefki
|
|upkeep
|turn|14
|
|t:|1779953008
|move|p2a: Klefki|Thunder Wave|p1a: Dragapult
|-status|p1a: Dragapult|par
|move|p1a: Dragapult|Thunder Wave|p2a: Klefki
|-status|p2a: Klefki|par
|
|upkeep
|turn|15
|
|t:|1779953014
|cant|p2a: Klefki|par
|cant|p1a: Dragapult|par
|
|upkeep
|turn|16
|
|t:|1779953019
|move|p2a: Klefki|Spikes|p1a: Dragapult
|-sidestart|p1: MeloEnc|Spikes
|cant|p1a: Dragapult|par
|
|upkeep
|turn|17
|
|t:|1779953023
|move|p2a: Klefki|Spikes|p1a: Dragapult
|-sidestart|p1: MeloEnc|Spikes
|move|p1a: Dragapult|Hex|p2a: Klefki
|-damage|p2a: Klefki|29/100 par
|
|-heal|p2a: Klefki|35/100 par|[from] item: Leftovers
|upkeep
|turn|18
|
|t:|1779953029
|switch|p2a: Glimmora|Glimmora, M|100/100
|move|p1a: Dragapult|Hex|p2a: Glimmora
|-immune|p2a: Glimmora
|
|upkeep
|turn|19
|
|t:|1779953040
|move|p2a: Glimmora|Substitute|p2a: Glimmora
|-start|p2a: Glimmora|Substitute
|-damage|p2a: Glimmora|76/100
|cant|p1a: Dragapult|par
|
|upkeep
|turn|20
|
|t:|1779953048
|move|p2a: Glimmora|Nasty Plot|p2a: Glimmora
|-boost|p2a: Glimmora|spa|2
|cant|p1a: Dragapult|par
|
|upkeep
|turn|21
|c|☆MeloEnc|this dragapult
|
|t:|1779953064
|move|p2a: Glimmora|Nasty Plot|p2a: Glimmora
|-boost|p2a: Glimmora|spa|2
|move|p1a: Dragapult|Draco Meteor|p2a: Glimmora
|-damage|p2a: Glimmora|0 fnt
|-unboost|p1a: Dragapult|spa|2
|replace|p2a: Zoroark|Zoroark-Hisui, F, shiny
|-end|p2a: Zoroark|Illusion
|faint|p2a: Zoroark
|
|upkeep
|c|☆Spashtm|Been there
|c|☆Spashtm|Oh wait, infiltrater XD
|
|t:|1779953082
|switch|p2a: Alomomola|Alomomola, M|100/100
|turn|22
|c|☆MeloEnc|yeah
|
|t:|1779953086
|move|p1a: Dragapult|Thunder Wave|p2a: Alomomola
|-status|p2a: Alomomola|par
|move|p2a: Alomomola|Wish|p2a: Alomomola
|
|upkeep
|turn|23
|
|t:|1779953092
|switch|p2a: Haxorus|Haxorus, M, shiny|28/100 psn
|-ability|p2a: Haxorus|Mold Breaker
|move|p1a: Dragapult|U-turn|p2a: Haxorus
|-damage|p2a: Haxorus|9/100 psn
|
|t:|1779953097
|switch|p1a: Great Tusk|Great Tusk|37/100|[from] U-turn
|
|-heal|p2a: Haxorus|93/100 psn|[from] move: Wish|[wisher] Alomomola
|-damage|p2a: Haxorus|81/100 psn|[from] psn
|upkeep
|turn|24
|
|t:|1779953106
|switch|p2a: Alomomola|Alomomola, M|100/100 par
|move|p1a: Great Tusk|Rapid Spin|p2a: Alomomola
|-damage|p2a: Alomomola|92/100 par
|-boost|p1a: Great Tusk|spe|1
|-damage|p1a: Great Tusk|21/100|[from] item: Rocky Helmet|[of] p2a: Alomomola
|-sideend|p1: MeloEnc|Spikes|[from] move: Rapid Spin|[of] p1a: Great Tusk
|
|upkeep
|turn|25
|
|t:|1779953113
|-end|p1a: Great Tusk|Protosynthesis|[silent]
|switch|p1a: Garchomp|Garchomp, F|67/100
|move|p2a: Alomomola|Wish|p2a: Alomomola
|
|upkeep
|turn|26
|
|t:|1779953121
|move|p1a: Garchomp|Earthquake|p2a: Alomomola
|-damage|p2a: Alomomola|63/100 par
|move|p2a: Alomomola|Flip Turn|p1a: Garchomp
|-damage|p1a: Garchomp|52/100
|-damage|p2a: Alomomola|50/100 par|[from] ability: Rough Skin|[of] p1a: Garchomp
|
|t:|1779953135
|switch|p2a: Glimmora|Glimmora, M|58/100|[from] Flip Turn
|
|-heal|p2a: Glimmora|100/100|[from] move: Wish|[wisher] Alomomola
|upkeep
|turn|27
|
|t:|1779953150
|move|p1a: Garchomp|Earthquake|p2a: Glimmora
|-supereffective|p2a: Glimmora
|-enditem|p2a: Glimmora|Focus Sash
|-damage|p2a: Glimmora|1/100
|-activate|p2a: Glimmora|ability: Toxic Debris
|-sidestart|p1: MeloEnc|move: Toxic Spikes
|move|p2a: Glimmora|Stealth Rock|p1a: Garchomp
|-sidestart|p1: MeloEnc|move: Stealth Rock
|
|upkeep
|turn|28
|
|t:|1779953158
|switch|p2a: Alomomola|Alomomola, M|84/100 par
|move|p1a: Garchomp|Earthquake|p2a: Alomomola
|-damage|p2a: Alomomola|56/100 par
|
|upkeep
|turn|29
|
|t:|1779953164
|move|p1a: Garchomp|Earthquake|p2a: Alomomola
|-damage|p2a: Alomomola|28/100 par
|move|p2a: Alomomola|Wish|p2a: Alomomola
|
|upkeep
|turn|30
|
|t:|1779953171
|move|p2a: Alomomola|Protect|p2a: Alomomola
|-singleturn|p2a: Alomomola|Protect
|move|p1a: Garchomp|Earthquake|p2a: Alomomola
|-activate|p2a: Alomomola|move: Protect
|
|-heal|p2a: Alomomola|78/100 par|[from] move: Wish|[wisher] Alomomola
|upkeep
|turn|31
|
|t:|1779953178
|move|p1a: Garchomp|Earthquake|p2a: Alomomola
|-damage|p2a: Alomomola|49/100 par
|move|p2a: Alomomola|Wish|p2a: Alomomola
|
|upkeep
|turn|32
|
|t:|1779953185
|switch|p1a: Great Tusk|Great Tusk|21/100
|move|p2a: Alomomola|Protect||[still]
|-fail|p2a: Alomomola
|
|-heal|p2a: Alomomola|99/100 par|[from] move: Wish|[wisher] Alomomola
|upkeep
|turn|33
|
|t:|1779953194
|move|p1a: Great Tusk|Rapid Spin|p2a: Alomomola
|-damage|p2a: Alomomola|89/100 par
|-boost|p1a: Great Tusk|spe|1
|-damage|p1a: Great Tusk|5/100|[from] item: Rocky Helmet|[of] p2a: Alomomola
|-sideend|p1: MeloEnc|Toxic Spikes|[from] move: Rapid Spin|[of] p1a: Great Tusk
|-sideend|p1: MeloEnc|Stealth Rock|[from] move: Rapid Spin|[of] p1a: Great Tusk
|move|p2a: Alomomola|Wish|p2a: Alomomola
|
|upkeep
|turn|34
|
|t:|1779953202
|-end|p1a: Great Tusk|Protosynthesis|[silent]
|switch|p1a: Dragapult|Dragapult, F|100/100 par
|move|p2a: Alomomola|Flip Turn|p1a: Dragapult
|-resisted|p1a: Dragapult
|-damage|p1a: Dragapult|90/100 par
|
|t:|1779953215
|switch|p2a: Glimmora|Glimmora, M|1/100|[from] Flip Turn
|
|-heal|p2a: Glimmora|88/100|[from] move: Wish|[wisher] Alomomola
|upkeep
|turn|35
|
|t:|1779953223
|switch|p2a: Klefki|Klefki, M|35/100 par
|cant|p1a: Dragapult|par
|
|-heal|p2a: Klefki|41/100 par|[from] item: Leftovers
|upkeep
|turn|36
|
|t:|1779953235
|cant|p2a: Klefki|par
|move|p1a: Dragapult|U-turn|p2a: Klefki
|-resisted|p2a: Klefki
|-damage|p2a: Klefki|37/100 par
|
|t:|1779953240
|switch|p1a: Garchomp|Garchomp, F|52/100|[from] U-turn
|
|-heal|p2a: Klefki|43/100 par|[from] item: Leftovers
|upkeep
|turn|37
|
|t:|1779953247
|switch|p2a: Alomomola|Alomomola, M|100/100 par
|move|p1a: Garchomp|Outrage|p2a: Alomomola
|-damage|p2a: Alomomola|70/100 par
|-damage|p1a: Garchomp|35/100|[from] item: Rocky Helmet|[of] p2a: Alomomola
|
|upkeep
|turn|38
|
|t:|1779953254
|move|p1a: Garchomp|Outrage|p2a: Alomomola|[from] lockedmove
|-damage|p2a: Alomomola|34/100 par
|-damage|p1a: Garchomp|19/100|[from] item: Rocky Helmet|[of] p2a: Alomomola
|-start|p1a: Garchomp|confusion|[fatigue]
|move|p2a: Alomomola|Wish|p2a: Alomomola
|
|upkeep
|turn|39
|
|t:|1779953266
|switch|p1a: Pecharunt|Pecharunt|100/100
|-item|p1a: Pecharunt|Air Balloon
|move|p2a: Alomomola|Protect||[still]
|-fail|p2a: Alomomola
|
|-heal|p2a: Alomomola|84/100 par|[from] move: Wish|[wisher] Alomomola
|upkeep
|turn|40
|
|t:|1779953277
|switch|p2a: Klefki|Klefki, M|43/100 par
|move|p1a: Pecharunt|Hex|p2a: Klefki
|-damage|p2a: Klefki|0 fnt
|faint|p2a: Klefki
|
|upkeep
|
|t:|1779953294
|switch|p2a: Haxorus|Haxorus, M, shiny|81/100 psn
|-ability|p2a: Haxorus|Mold Breaker
|turn|41
|
|t:|1779953304
|move|p1a: Pecharunt|Hex|p2a: Haxorus
|-damage|p2a: Haxorus|38/100 psn
|move|p2a: Haxorus|Dragon Tail|p1a: Pecharunt
|-damage|p1a: Pecharunt|72/100
|-enditem|p1a: Pecharunt|Air Balloon
|drag|p1a: Garchomp|Garchomp, F|19/100
|
|-damage|p2a: Haxorus|26/100 psn|[from] psn
|upkeep
|turn|42
|
|t:|1779953315
|switch|p2a: Alomomola|Alomomola, M|100/100 par
|move|p1a: Garchomp|Dragon Claw|p2a: Alomomola
|-damage|p2a: Alomomola|77/100 par
|-damage|p1a: Garchomp|2/100|[from] item: Rocky Helmet|[of] p2a: Alomomola
|
|upkeep
|turn|43
|
|t:|1779953322
|switch|p1a: Pecharunt|Pecharunt|72/100
|cant|p2a: Alomomola|par
|
|upkeep
|turn|44
|
|t:|1779953328
|move|p1a: Pecharunt|Hex|p2a: Alomomola
|-damage|p2a: Alomomola|10/100 par
|cant|p2a: Alomomola|par
|
|upkeep
|turn|45
|c|☆Spashtm|Welpt, the para finally hit
|c|☆Spashtm|ggs
|c|☆MeloEnc|well played
|
|t:|1779953342
|switch|p2a: Glimmora|Glimmora, M|88/100
|move|p1a: Pecharunt|Hex|p2a: Glimmora
|-damage|p2a: Glimmora|46/100
|
|upkeep
|turn|46
|
|t:|1779953349
|move|p1a: Pecharunt|Hex|p2a: Glimmora
|-damage|p2a: Glimmora|4/100
|move|p2a: Glimmora|Earth Power|p1a: Pecharunt
|-supereffective|p1a: Pecharunt
|-damage|p1a: Pecharunt|0 fnt
|faint|p1a: Pecharunt
|
|upkeep
|
|t:|1779953356
|switch|p1a: Dragapult|Dragapult, F|90/100 par
|turn|47
|
|t:|1779953363
|move|p2a: Glimmora|Earth Power|p1a: Dragapult
|-damage|p1a: Dragapult|44/100 par
|-unboost|p1a: Dragapult|spd|1
|move|p1a: Dragapult|Hex|p2a: Glimmora
|-damage|p2a: Glimmora|0 fnt
|faint|p2a: Glimmora
|
|upkeep
|
|t:|1779953381
|switch|p2a: Alomomola|Alomomola, M|43/100 par
|turn|48
|
|t:|1779953384
|move|p1a: Dragapult|Hex|p2a: Alomomola
|-crit|p2a: Alomomola
|-damage|p2a: Alomomola|0 fnt
|faint|p2a: Alomomola
|
|upkeep
|
|t:|1779953389
|switch|p2a: Haxorus|Haxorus, M, shiny|26/100 psn
|-ability|p2a: Haxorus|Mold Breaker
|turn|49
|
|t:|1779953395
|-terastallize|p2a: Haxorus|Steel
|cant|p1a: Dragapult|par
|move|p2a: Haxorus|Dragon Tail|p1a: Dragapult
|-supereffective|p1a: Dragapult
|-damage|p1a: Dragapult|0 fnt
|faint|p1a: Dragapult
|
|-damage|p2a: Haxorus|13/100 psn|[from] psn
|upkeep
|
|t:|1779953401
|switch|p1a: Garchomp|Garchomp, F|2/100
|turn|50
|
|t:|1779953404
|move|p1a: Garchomp|Earthquake|p2a: Haxorus
|-supereffective|p2a: Haxorus
|-damage|p2a: Haxorus|0 fnt
|faint|p2a: Haxorus
|
|win|MeloEnc
|raw|MeloEnc's rating: 1123 &rarr; <strong>1145</strong><br />(+22 for winning)
|raw|Spashtm's rating: 1077 &rarr; <strong>1058</strong><br />(-19 for losing)
|c|☆Spashtm|ggs
|c|☆MeloEnc|gg
|l|☆Spashtm
|player|p2|
