|j|☆dalucu23
|j|☆IAmNotAmanda
|t:|1779894697
|gametype|singles
|player|p1|dalucu23|biker|1305
|player|p2|IAmNotAmanda|iris-gen5bw2|1405
|gen|9
|tier|[Gen 9] OU
|rated|
|rule|HP Percentage Mod: HP is shown in percentages
|rule|Endless Battle Clause: Forcing endless battles is banned
|rule|Species Clause: Limit one of each Pokémon
|rule|OHKO Clause: OHKO moves are banned
|rule|Evasion Items Clause: Evasion items are banned
|rule|Evasion Moves Clause: Evasion moves are banned
|rule|Evasion Abilities Clause: Evasion abilities are banned
|rule|Sleep Moves Clause: Sleep-inducing moves are banned
|clearpoke
|poke|p1|Kingdra, F|
|poke|p1|Pelipper, F|
|poke|p1|Barraskewda, F|
|poke|p1|Iron Treads|
|poke|p1|Dragapult, M|
|poke|p1|Sableye, F|
|poke|p2|Ting-Lu|
|poke|p2|Alomomola, M|
|poke|p2|Gholdengo|
|poke|p2|Iron Valiant|
|poke|p2|Ogerpon-Wellspring, F|
|poke|p2|Great Tusk|
|teampreview
|inactive|Battle timer is ON: inactive players will automatically lose when time's up. (requested by IAmNotAmanda)
|inactive|dalucu23 also wants the timer to be on.
|
|t:|1779894717
|teamsize|p1|6
|teamsize|p2|6
|start
|switch|p1a: Pelipper|Pelipper, F|100/100
|switch|p2a: Ting-Lu|Ting-Lu|100/100
|-weather|RainDance|[from] ability: Drizzle|[of] p1a: Pelipper
|-ability|p2a: Ting-Lu|Vessel of Ruin
|turn|1
|
|t:|1779894733
|move|p1a: Pelipper|Hurricane|p2a: Ting-Lu
|-damage|p2a: Ting-Lu|86/100
|-start|p2a: Ting-Lu|confusion
|-activate|p2a: Ting-Lu|confusion
|move|p2a: Ting-Lu|Stealth Rock|p1a: Pelipper
|-sidestart|p1: dalucu23|move: Stealth Rock
|
|-weather|RainDance|[upkeep]
|-heal|p2a: Ting-Lu|92/100|[from] item: Leftovers
|upkeep
|turn|2
|
|t:|1779894743
|switch|p2a: Ogerpon|Ogerpon-Wellspring, F|100/100
|move|p1a: Pelipper|Surf|p2a: Ogerpon
|-immune|p2a: Ogerpon|[from] ability: Water Absorb
|
|-weather|RainDance|[upkeep]
|upkeep
|turn|3
|
|t:|1779894750
|move|p2a: Ogerpon|Encore|p1a: Pelipper
|-start|p1a: Pelipper|Encore
|move|p1a: Pelipper|Surf|p2a: Ogerpon
|-immune|p2a: Ogerpon|[from] ability: Water Absorb
|
|-weather|RainDance|[upkeep]
|upkeep
|turn|4
|
|t:|1779894759
|switch|p2a: Ting-Lu|Ting-Lu|92/100
|-ability|p2a: Ting-Lu|Vessel of Ruin
|switch|p1a: Sableye|Sableye, F|100/100
|-damage|p1a: Sableye|88/100|[from] Stealth Rock
|
|-weather|RainDance|[upkeep]
|-heal|p1a: Sableye|94/100|[from] item: Leftovers
|-heal|p2a: Ting-Lu|98/100|[from] item: Leftovers
|upkeep
|turn|5
|
|t:|1779894770
|move|p1a: Sableye|Knock Off|p2a: Ting-Lu
|-resisted|p2a: Ting-Lu
|-damage|p2a: Ting-Lu|91/100
|-enditem|p2a: Ting-Lu|Leftovers|[from] move: Knock Off|[of] p1a: Sableye
|move|p2a: Ting-Lu|Spikes|p1a: Sableye
|-sidestart|p1: dalucu23|Spikes
|
|-weather|RainDance|[upkeep]
|-heal|p1a: Sableye|99/100|[from] item: Leftovers
|upkeep
|turn|6
|
|t:|1779894779
|switch|p1a: Iron Treads|Iron Treads|100/100
|-damage|p1a: Iron Treads|97/100|[from] Stealth Rock
|-damage|p1a: Iron Treads|85/100|[from] Spikes
|-enditem|p1a: Iron Treads|Booster Energy
|-activate|p1a: Iron Treads|ability: Quark Drive|[fromitem]
|-start|p1a: Iron Treads|quarkdrivespe
|move|p2a: Ting-Lu|Whirlwind|p1a: Iron Treads
|-end|p1a: Iron Treads|Quark Drive|[silent]
|drag|p1a: Sableye|Sableye, F|99/100
|-damage|p1a: Sableye|88/100|[from] Stealth Rock
|-damage|p1a: Sableye|75/100|[from] Spikes
|
|-weather|RainDance|[upkeep]
|-heal|p1a: Sableye|81/100|[from] item: Leftovers
|upkeep
|turn|7
|
|t:|1779894794
|move|p1a: Sableye|Recover|p1a: Sableye
|-heal|p1a: Sableye|100/100
|move|p2a: Ting-Lu|Spikes|p1a: Sableye
|-sidestart|p1: dalucu23|Spikes
|
|-weather|RainDance|[upkeep]
|upkeep
|turn|8
|
|t:|1779894815
|move|p1a: Sableye|Knock Off|p2a: Ting-Lu
|-resisted|p2a: Ting-Lu
|-crit|p2a: Ting-Lu
|-damage|p2a: Ting-Lu|84/100
|move|p2a: Ting-Lu|Spikes|p1a: Sableye
|-sidestart|p1: dalucu23|Spikes
|
|-weather|none
|upkeep
|turn|9
|
|t:|1779894821
|switch|p1a: Iron Treads|Iron Treads|85/100
|-damage|p1a: Iron Treads|82/100|[from] Stealth Rock
|-damage|p1a: Iron Treads|57/100|[from] Spikes
|move|p2a: Ting-Lu|Whirlwind|p1a: Iron Treads
|-end|p1a: Iron Treads|Quark Drive|[silent]
|drag|p1a: Barraskewda|Barraskewda, F|100/100
|-damage|p1a: Barraskewda|88/100|[from] Stealth Rock
|-damage|p1a: Barraskewda|64/100|[from] Spikes
|
|upkeep
|turn|10
|
|t:|1779894832
|switch|p2a: Ogerpon|Ogerpon-Wellspring, F|100/100
|move|p1a: Barraskewda|Close Combat|p2a: Ogerpon
|-damage|p2a: Ogerpon|20/100
|-unboost|p1a: Barraskewda|def|1
|-unboost|p1a: Barraskewda|spd|1
|
|upkeep
|turn|11
|
|t:|1779894840
|switch|p2a: Alomomola|Alomomola, M|100/100
|move|p1a: Barraskewda|Close Combat|p2a: Alomomola
|-damage|p2a: Alomomola|64/100
|-unboost|p1a: Barraskewda|def|1
|-unboost|p1a: Barraskewda|spd|1
|
|upkeep
|turn|12
|
|t:|1779894850
|switch|p1a: Iron Treads|Iron Treads|57/100
|-damage|p1a: Iron Treads|54/100|[from] Stealth Rock
|-damage|p1a: Iron Treads|29/100|[from] Spikes
|move|p2a: Alomomola|Flip Turn|p1a: Iron Treads
|-supereffective|p1a: Iron Treads
|-damage|p1a: Iron Treads|0 fnt
|faint|p1a: Iron Treads
|-end|p1a: Iron Treads|Quark Drive|[silent]
|
|t:|1779894857
|switch|p2a: Ogerpon|Ogerpon-Wellspring, F|20/100|[from] Flip Turn
|
|upkeep
|
|t:|1779894869
|switch|p1a: Dragapult|Dragapult, M|100/100
|-damage|p1a: Dragapult|88/100|[from] Stealth Rock
|-damage|p1a: Dragapult|63/100|[from] Spikes
|turn|13
|
|t:|1779894874
|switch|p2a: Ting-Lu|Ting-Lu|84/100
|-ability|p2a: Ting-Lu|Vessel of Ruin
|move|p1a: Dragapult|Shadow Ball|p2a: Ting-Lu
|-resisted|p2a: Ting-Lu
|-damage|p2a: Ting-Lu|74/100
|
|upkeep
|turn|14
|
|t:|1779894878
|switch|p1a: Pelipper|Pelipper, F|100/100
|-damage|p1a: Pelipper|75/100|[from] Stealth Rock
|-weather|RainDance|[from] ability: Drizzle|[of] p1a: Pelipper
|move|p2a: Ting-Lu|Whirlwind|p1a: Pelipper
|drag|p1a: Dragapult|Dragapult, M|63/100
|-damage|p1a: Dragapult|51/100|[from] Stealth Rock
|-damage|p1a: Dragapult|26/100|[from] Spikes
|
|-weather|RainDance|[upkeep]
|upkeep
|turn|15
|
|t:|1779894890
|move|p1a: Dragapult|Surf|p2a: Ting-Lu
|-supereffective|p2a: Ting-Lu
|-crit|p2a: Ting-Lu
|-damage|p2a: Ting-Lu|2/100
|move|p2a: Ting-Lu|Whirlwind|p1a: Dragapult
|drag|p1a: Pelipper|Pelipper, F|75/100
|-damage|p1a: Pelipper|50/100|[from] Stealth Rock
|
|-weather|RainDance|[upkeep]
|upkeep
|turn|16
|
|t:|1779894900
|move|p1a: Pelipper|Roost|p1a: Pelipper
|-heal|p1a: Pelipper|100/100
|-singleturn|p1a: Pelipper|move: Roost
|move|p2a: Ting-Lu|Whirlwind|p1a: Pelipper
|drag|p1a: Dragapult|Dragapult, M|26/100
|-damage|p1a: Dragapult|14/100|[from] Stealth Rock
|-damage|p1a: Dragapult|0 fnt|[from] Spikes
|faint|p1a: Dragapult
|
|-weather|RainDance|[upkeep]
|upkeep
|
|t:|1779894912
|switch|p1a: Kingdra|Kingdra, F|100/100
|-damage|p1a: Kingdra|88/100|[from] Stealth Rock
|-damage|p1a: Kingdra|63/100|[from] Spikes
|turn|17
|
|t:|1779894918
|move|p1a: Kingdra|Hurricane|p2a: Ting-Lu
|-damage|p2a: Ting-Lu|0 fnt
|faint|p2a: Ting-Lu
|-damage|p1a: Kingdra|53/100|[from] item: Life Orb
|
|-weather|RainDance|[upkeep]
|upkeep
|
|t:|1779894921
|switch|p2a: Gholdengo|Gholdengo|100/100
|-item|p2a: Gholdengo|Air Balloon
|turn|18
|
|t:|1779894926
|move|p1a: Kingdra|Surf|p2a: Gholdengo
|-damage|p2a: Gholdengo|6/100
|-enditem|p2a: Gholdengo|Air Balloon
|-damage|p1a: Kingdra|43/100|[from] item: Life Orb
|move|p2a: Gholdengo|Shadow Ball|p1a: Kingdra
|-damage|p1a: Kingdra|0 fnt
|faint|p1a: Kingdra
|
|-weather|RainDance|[upkeep]
|upkeep
|
|t:|1779894939
|switch|p1a: Barraskewda|Barraskewda, F|64/100
|-damage|p1a: Barraskewda|51/100|[from] Stealth Rock
|-damage|p1a: Barraskewda|27/100|[from] Spikes
|turn|19
|
|t:|1779894944
|move|p1a: Barraskewda|Psychic Fangs|p2a: Gholdengo
|-resisted|p2a: Gholdengo
|-damage|p2a: Gholdengo|0 fnt
|faint|p2a: Gholdengo
|
|-weather|RainDance|[upkeep]
|upkeep
|
|t:|1779894947
|switch|p2a: Alomomola|Alomomola, M|98/100
|turn|20
|
|t:|1779894950
|-terastallize|p1a: Barraskewda|Psychic
|move|p1a: Barraskewda|Psychic Fangs|p2a: Alomomola
|-damage|p2a: Alomomola|61/100
|move|p2a: Alomomola|Wish|p2a: Alomomola
|
|-weather|RainDance|[upkeep]
|upkeep
|turn|21
|
|t:|1779894958
|move|p1a: Barraskewda|Psychic Fangs|p2a: Alomomola
|-damage|p2a: Alomomola|21/100
|move|p2a: Alomomola|Flip Turn|p1a: Barraskewda
|-damage|p1a: Barraskewda|0 fnt
|faint|p1a: Barraskewda
|
|t:|1779894963
|switch|p2a: Ogerpon|Ogerpon-Wellspring, F|20/100|[from] Flip Turn
|
|-weather|none
|-heal|p2a: Ogerpon|100/100|[from] move: Wish|[wisher] Alomomola
|upkeep
|
|t:|1779894966
|switch|p1a: Pelipper|Pelipper, F|100/100
|-damage|p1a: Pelipper|75/100|[from] Stealth Rock
|-weather|RainDance|[from] ability: Drizzle|[of] p1a: Pelipper
|turn|22
|
|t:|1779894970
|-terastallize|p2a: Ogerpon|Water
|detailschange|p2a: Ogerpon|Ogerpon-Wellspring-Tera, F, tera:Water
|-ability|p2a: Ogerpon|Embody Aspect (Wellspring)|boost
|-boost|p2a: Ogerpon|spd|1
|move|p2a: Ogerpon|Horn Leech|p1a: Pelipper
|-damage|p1a: Pelipper|34/100
|move|p1a: Pelipper|Hurricane|p2a: Ogerpon
|-damage|p2a: Ogerpon|74/100
|
|-weather|RainDance|[upkeep]
|upkeep
|turn|23
|
|t:|1779894980
|move|p2a: Ogerpon|Horn Leech|p1a: Pelipper
|-damage|p1a: Pelipper|0 fnt
|-heal|p2a: Ogerpon|90/100|[from] drain|[of] p1a: Pelipper
|faint|p1a: Pelipper
|
|-weather|RainDance|[upkeep]
|upkeep
|
|t:|1779894983
|switch|p1a: Sableye|Sableye, F|100/100
|-damage|p1a: Sableye|88/100|[from] Stealth Rock
|-damage|p1a: Sableye|63/100|[from] Spikes
|turn|24
|
|t:|1779894988
|move|p2a: Ogerpon|Ivy Cudgel|p1a: Sableye|[anim] Ivy Cudgel Water
|-damage|p1a: Sableye|0 fnt
|faint|p1a: Sableye
|
|win|IAmNotAmanda
|raw|dalucu23's rating: 1305 &rarr; <strong>1291</strong><br />(-14 for losing)
|raw|IAmNotAmanda's rating: 1405 &rarr; <strong>1419</strong><br />(+14 for winning)
|l|☆IAmNotAmanda
|player|p2|
