|j|☆8t88
|j|☆veronyl
|t:|1779904121
|gametype|singles
|player|p1|8t88|102|1417
|player|p2|veronyl|palmer|1421
|gen|9
|tier|[Gen 9] OU
|rated|
|rule|HP Percentage Mod: HP is shown in percentages
|rule|Endless Battle Clause: Forcing endless battles is banned
|rule|Species Clause: Limit one of each Pokémon
|rule|OHKO Clause: OHKO moves are banned
|rule|Evasion Items Clause: Evasion items are banned
|rule|Evasion Moves Clause: Evasion moves are banned
|rule|Evasion Abilities Clause: Evasion abilities are banned
|rule|Sleep Moves Clause: Sleep-inducing moves are banned
|clearpoke
|poke|p1|Hatterene, F|
|poke|p1|Slowking-Galar, M|
|poke|p1|Mimikyu, F|
|poke|p1|Slither Wing|
|poke|p1|Ursaluna, F|
|poke|p1|Torkoal, F|
|poke|p2|Glaceon, F|
|poke|p2|Ninetales-Alola, F|
|poke|p2|Basculegion-F, F|
|poke|p2|Ogerpon-Wellspring, F|
|poke|p2|Iron Treads|
|poke|p2|Weavile, F|
|teampreview
|
|t:|1779904129
|teamsize|p1|6
|teamsize|p2|6
|start
|switch|p1a: Hatterene|Hatterene, F|100/100
|switch|p2a: Basculegion|Basculegion-F, F|100/100
|turn|1
|
|t:|1779904132
|move|p2a: Basculegion|Shadow Ball|p1a: Hatterene
|-supereffective|p1a: Hatterene
|-damage|p1a: Hatterene|11/100
|move|p1a: Hatterene|Trick Room|p1a: Hatterene
|-fieldstart|move: Trick Room|[of] p1a: Hatterene
|
|upkeep
|turn|2
|
|t:|1779904140
|switch|p2a: Iron Treads|Iron Treads|100/100
|-enditem|p2a: Iron Treads|Booster Energy
|-activate|p2a: Iron Treads|ability: Quark Drive|[fromitem]
|-start|p2a: Iron Treads|quarkdriveatk
|move|p1a: Hatterene|Misty Explosion|p2a: Iron Treads
|-resisted|p2a: Iron Treads
|-damage|p2a: Iron Treads|57/100
|faint|p1a: Hatterene
|
|upkeep
|
|t:|1779904143
|switch|p1a: Torkoal|Torkoal, F|100/100
|-weather|SunnyDay|[from] ability: Drought|[of] p1a: Torkoal
|turn|3
|
|t:|1779904147
|-terastallize|p1a: Torkoal|Fire
|move|p1a: Torkoal|Eruption|p2a: Iron Treads
|-supereffective|p2a: Iron Treads
|-damage|p2a: Iron Treads|0 fnt
|faint|p2a: Iron Treads
|-end|p2a: Iron Treads|Quark Drive|[silent]
|
|-weather|SunnyDay|[upkeep]
|upkeep
|
|t:|1779904154
|switch|p2a: Ninetales|Ninetales-Alola, F|100/100
|-weather|Snowscape|[from] ability: Snow Warning|[of] p2a: Ninetales
|turn|4
|
|t:|1779904158
|-terastallize|p2a: Ninetales|Ghost
|move|p1a: Torkoal|Eruption|p2a: Ninetales
|-damage|p2a: Ninetales|0 fnt
|faint|p2a: Ninetales
|
|-weather|Snowscape|[upkeep]
|upkeep
|
|t:|1779904161
|switch|p2a: Basculegion|Basculegion-F, F|100/100
|turn|5
|
|t:|1779904164
|switch|p1a: Slither Wing|Slither Wing|100/100
|move|p2a: Basculegion|Surf|p1a: Slither Wing
|-damage|p1a: Slither Wing|52/100
|
|-weather|Snowscape|[upkeep]
|-fieldend|move: Trick Room
|upkeep
|turn|6
|
|t:|1779904166
|move|p2a: Basculegion|Surf|p1a: Slither Wing
|-damage|p1a: Slither Wing|2/100
|move|p1a: Slither Wing|U-turn|p2a: Basculegion
|-resisted|p2a: Basculegion
|-damage|p2a: Basculegion|60/100
|
|t:|1779904170
|-end|p1a: Slither Wing|Protosynthesis|[silent]
|switch|p1a: Mimikyu|Mimikyu, F|100/100|[from] U-turn
|
|-weather|Snowscape|[upkeep]
|upkeep
|turn|7
|
|t:|1779904171
|move|p2a: Basculegion|Surf|p1a: Mimikyu
|-activate|p1a: Mimikyu|ability: Disguise
|-damage|p1a: Mimikyu|100/100
|detailschange|p1a: Mimikyu|Mimikyu-Busted, F
|-damage|p1a: Mimikyu|88/100|[from] pokemon: Mimikyu-Busted
|move|p1a: Mimikyu|Trick Room|p1a: Mimikyu
|-fieldstart|move: Trick Room|[of] p1a: Mimikyu
|
|-weather|Snowscape|[upkeep]
|upkeep
|turn|8
|
|t:|1779904173
|move|p1a: Mimikyu|Shadow Sneak|p2a: Basculegion
|-supereffective|p2a: Basculegion
|-damage|p2a: Basculegion|4/100
|-damage|p1a: Mimikyu|78/100|[from] item: Life Orb
|move|p2a: Basculegion|Surf|p1a: Mimikyu
|-damage|p1a: Mimikyu|19/100
|
|-weather|none
|upkeep
|turn|9
|
|t:|1779904175
|move|p1a: Mimikyu|Shadow Sneak|p2a: Basculegion
|-supereffective|p2a: Basculegion
|-damage|p2a: Basculegion|0 fnt
|faint|p2a: Basculegion
|-damage|p1a: Mimikyu|9/100|[from] item: Life Orb
|
|upkeep
|
|t:|1779904177
|switch|p2a: Weavile|Weavile, F|100/100
|-ability|p2a: Weavile|Pressure
|turn|10
|
|t:|1779904183
|move|p2a: Weavile|Ice Shard|p1a: Mimikyu
|-damage|p1a: Mimikyu|0 fnt
|faint|p1a: Mimikyu
|
|upkeep
|
|t:|1779904188
|switch|p1a: Slither Wing|Slither Wing|2/100
|turn|11
|
|t:|1779904190
|move|p1a: Slither Wing|First Impression|p2a: Weavile
|-supereffective|p2a: Weavile
|-damage|p2a: Weavile|0 fnt
|faint|p2a: Weavile
|
|-fieldend|move: Trick Room
|upkeep
|
|t:|1779904193
|switch|p2a: Ogerpon|Ogerpon-Wellspring, F|100/100
|turn|12
|
|t:|1779904196
|move|p1a: Slither Wing|First Impression||[still]
|-hint|First Impression only works on your first turn out.
|-fail|p1a: Slither Wing
|move|p2a: Ogerpon|Swords Dance|p2a: Ogerpon
|-boost|p2a: Ogerpon|atk|2
|
|upkeep
|turn|13
|
|t:|1779904199
|-end|p1a: Slither Wing|Protosynthesis|[silent]
|switch|p1a: Torkoal|Torkoal, F, tera:Fire|100/100
|-weather|SunnyDay|[from] ability: Drought|[of] p1a: Torkoal
|move|p2a: Ogerpon|Swords Dance|p2a: Ogerpon
|-boost|p2a: Ogerpon|atk|2
|
|-weather|SunnyDay|[upkeep]
|upkeep
|turn|14
|
|t:|1779904201
|move|p2a: Ogerpon|Ivy Cudgel|p1a: Torkoal|[anim] Ivy Cudgel Water
|-supereffective|p1a: Torkoal
|-damage|p1a: Torkoal|0 fnt
|faint|p1a: Torkoal
|
|-weather|SunnyDay|[upkeep]
|upkeep
|
|t:|1779904203
|switch|p1a: Slowking|Slowking-Galar, M|100/100
|turn|15
|
|t:|1779904205
|move|p2a: Ogerpon|Ivy Cudgel|p1a: Slowking|[anim] Ivy Cudgel Water
|-damage|p1a: Slowking|3/100
|move|p1a: Slowking|Trick Room|p1a: Slowking
|-fieldstart|move: Trick Room|[of] p1a: Slowking
|
|-weather|SunnyDay|[upkeep]
|upkeep
|turn|16
|
|t:|1779904208
|move|p1a: Slowking|Sludge Bomb|p2a: Ogerpon
|-supereffective|p2a: Ogerpon
|-damage|p2a: Ogerpon|0 fnt
|faint|p2a: Ogerpon
|
|-weather|SunnyDay|[upkeep]
|upkeep
|-message|veronyl forfeited.
|
|win|8t88
|raw|8t88's rating: 1417 &rarr; <strong>1437</strong><br />(+20 for winning)
|raw|veronyl's rating: 1421 &rarr; <strong>1401</strong><br />(-20 for losing)
|l|☆veronyl
|player|p2|
|l|☆8t88
|player|p1|
