|j|☆ifejwfewfew
|j|☆rainy day 00
|t:|1779872586
|gametype|singles
|player|p1|ifejwfewfew|170|1201
|player|p2|rainy day 00|clair|1163
|gen|9
|tier|[Gen 9] OU
|rated|
|rule|HP Percentage Mod: HP is shown in percentages
|rule|Endless Battle Clause: Forcing endless battles is banned
|rule|Species Clause: Limit one of each Pokémon
|rule|OHKO Clause: OHKO moves are banned
|rule|Evasion Items Clause: Evasion items are banned
|rule|Evasion Moves Clause: Evasion moves are banned
|rule|Evasion Abilities Clause: Evasion abilities are banned
|rule|Sleep Moves Clause: Sleep-inducing moves are banned
|clearpoke
|poke|p1|Cresselia, F|
|poke|p1|Hatterene, F|
|poke|p1|Volcanion|
|poke|p1|Ursaluna, F|
|poke|p1|Iron Hands|
|poke|p1|Porygon2|
|poke|p2|Scizor, M|
|poke|p2|Umbreon, F|
|poke|p2|Gengar, M|
|poke|p2|Bellibolt, M|
|poke|p2|Tsareena, F|
|poke|p2|Slowbro, M|
|teampreview
|
|t:|1779872631
|teamsize|p1|6
|teamsize|p2|6
|start
|switch|p1a: Porygon2|Porygon2|100/100
|switch|p2a: Tsareena|Tsareena, F|100/100
|-ability|p1a: Porygon2|Download|boost
|-boost|p1a: Porygon2|spa|1
|turn|1
|
|t:|1779872641
|move|p2a: Tsareena|High Jump Kick|p1a: Porygon2
|-supereffective|p1a: Porygon2
|-damage|p1a: Porygon2|42/100
|move|p1a: Porygon2|Trick Room|p1a: Porygon2
|-fieldstart|move: Trick Room|[of] p1a: Porygon2
|
|upkeep
|turn|2
|
|t:|1779872655
|switch|p1a: Volcanion|Volcanion|100/100
|switch|p2a: Slowbro|Slowbro, M|100/100
|
|upkeep
|turn|3
|
|t:|1779872666
|move|p2a: Slowbro|Future Sight|p1a: Volcanion
|-start|p2a: Slowbro|move: Future Sight
|move|p1a: Volcanion|Earth Power|p2a: Slowbro
|-damage|p2a: Slowbro|43/100
|
|upkeep
|turn|4
|
|t:|1779872674
|move|p2a: Slowbro|Slack Off|p2a: Slowbro
|-heal|p2a: Slowbro|93/100
|move|p1a: Volcanion|Earth Power|p2a: Slowbro
|-damage|p2a: Slowbro|38/100
|
|upkeep
|turn|5
|
|t:|1779872687
|move|p2a: Slowbro|Slack Off|p2a: Slowbro
|-heal|p2a: Slowbro|88/100
|move|p1a: Volcanion|Earth Power|p2a: Slowbro
|-damage|p2a: Slowbro|34/100
|
|-end|p1a: Volcanion|move: Future Sight
|-damage|p1a: Volcanion|51/100
|-fieldend|move: Trick Room
|upkeep
|turn|6
|
|t:|1779872704
|switch|p2a: Umbreon|Umbreon, F, shiny|100/100
|move|p1a: Volcanion|Earth Power|p2a: Umbreon
|-damage|p2a: Umbreon|69/100
|
|-heal|p2a: Umbreon|75/100|[from] item: Leftovers
|upkeep
|turn|7
|
|t:|1779872714
|switch|p1a: Hatterene|Hatterene, F|100/100
|move|p2a: Umbreon|Wish|p2a: Umbreon
|
|-heal|p2a: Umbreon|81/100|[from] item: Leftovers
|upkeep
|turn|8
|
|t:|1779872727
|move|p2a: Umbreon|Skill Swap|p1a: Hatterene
|-activate|p2a: Umbreon|Skill Swap|Magic Bounce|Inner Focus|[of] p1a: Hatterene
|move|p1a: Hatterene|Trick Room|p1a: Hatterene
|-fieldstart|move: Trick Room|[of] p1a: Hatterene
|
|-heal|p2a: Umbreon|100/100|[from] move: Wish|[wisher] Umbreon
|upkeep
|turn|9
|
|t:|1779872739
|switch|p1a: Volcanion|Volcanion|51/100
|move|p2a: Umbreon|Toxic|p1a: Volcanion
|-status|p1a: Volcanion|tox
|
|-damage|p1a: Volcanion|45/100 tox|[from] psn
|upkeep
|turn|10
|
|t:|1779872753
|move|p2a: Umbreon|Skill Swap|p1a: Volcanion
|-activate|p2a: Umbreon|Skill Swap|Water Absorb|Magic Bounce|[of] p1a: Volcanion
|move|p1a: Volcanion|Steam Eruption|p2a: Umbreon
|-immune|p2a: Umbreon|[from] ability: Water Absorb
|
|-damage|p1a: Volcanion|33/100 tox|[from] psn
|upkeep
|turn|11
|
|t:|1779872762
|switch|p1a: Hatterene|Hatterene, F|100/100
|move|p2a: Umbreon|Wish|p2a: Umbreon
|
|upkeep
|turn|12
|
|t:|1779872771
|move|p1a: Hatterene|Dazzling Gleam|p2a: Umbreon
|-supereffective|p2a: Umbreon
|-damage|p2a: Umbreon|48/100
|move|p2a: Umbreon|Skill Swap|p1a: Hatterene
|-activate|p2a: Umbreon|Skill Swap|Magic Bounce|Water Absorb|[of] p1a: Hatterene
|
|-heal|p2a: Umbreon|98/100|[from] move: Wish|[wisher] Umbreon
|-heal|p2a: Umbreon|100/100|[from] item: Leftovers
|-fieldend|move: Trick Room
|upkeep
|turn|13
|
|t:|1779872819
|move|p2a: Umbreon|Toxic|p1a: Hatterene
|-status|p1a: Hatterene|tox
|move|p1a: Hatterene|Trick Room|p1a: Hatterene
|-fieldstart|move: Trick Room|[of] p1a: Hatterene
|
|-damage|p1a: Hatterene|95/100 tox|[from] psn
|upkeep
|turn|14
|
|t:|1779872840
|move|p1a: Hatterene|Dazzling Gleam|p2a: Umbreon
|-supereffective|p2a: Umbreon
|-damage|p2a: Umbreon|46/100
|move|p2a: Umbreon|Foul Play|p1a: Hatterene
|-damage|p1a: Hatterene|68/100 tox
|
|-heal|p2a: Umbreon|52/100|[from] item: Leftovers
|-damage|p1a: Hatterene|56/100 tox|[from] psn
|upkeep
|turn|15
|
|t:|1779872853
|move|p1a: Hatterene|Dazzling Gleam|p2a: Umbreon
|-supereffective|p2a: Umbreon
|-damage|p2a: Umbreon|3/100
|move|p2a: Umbreon|Wish|p2a: Umbreon
|
|-heal|p2a: Umbreon|9/100|[from] item: Leftovers
|-damage|p1a: Hatterene|38/100 tox|[from] psn
|upkeep
|turn|16
|
|t:|1779872868
|switch|p2a: Scizor|Scizor, M|100/100
|move|p1a: Hatterene|Dazzling Gleam|p2a: Scizor
|-resisted|p2a: Scizor
|-damage|p2a: Scizor|72/100
|
|-heal|p2a: Scizor|100/100|[from] move: Wish|[wisher] Umbreon
|-damage|p1a: Hatterene|14/100 tox|[from] psn
|upkeep
|turn|17
|
|t:|1779872882
|switch|p1a: Ursaluna|Ursaluna, F|100/100
|move|p2a: Scizor|Swords Dance|p2a: Scizor
|-boost|p2a: Scizor|atk|2
|
|-fieldend|move: Trick Room
|-status|p1a: Ursaluna|brn|[from] item: Flame Orb
|upkeep
|turn|18
|
|t:|1779872891
|move|p2a: Scizor|Swords Dance|p2a: Scizor
|-boost|p2a: Scizor|atk|2
|move|p1a: Ursaluna|Fire Punch|p2a: Scizor
|-supereffective|p2a: Scizor
|-damage|p2a: Scizor|0 fnt
|faint|p2a: Scizor
|
|-damage|p1a: Ursaluna|94/100 brn|[from] brn
|upkeep
|
|t:|1779872923
|switch|p2a: Umbreon|Umbreon, F, shiny|9/100
|turn|19
|
|t:|1779872927
|move|p2a: Umbreon|Skill Swap|p1a: Ursaluna
|-activate|p2a: Umbreon|Skill Swap|Guts|Inner Focus|[of] p1a: Ursaluna
|move|p1a: Ursaluna|Facade|p2a: Umbreon
|-damage|p2a: Umbreon|0 fnt
|faint|p2a: Umbreon
|
|-damage|p1a: Ursaluna|88/100 brn|[from] brn
|upkeep
|
|t:|1779872942
|switch|p2a: Bellibolt|Bellibolt, M|100/100
|turn|20
|
|t:|1779872946
|switch|p1a: Hatterene|Hatterene, F|14/100 tox
|move|p2a: Bellibolt|Soak|p1a: Hatterene
|move|p1a: Hatterene|Soak|p2a: Bellibolt|[from] ability: Magic Bounce
|-start|p2a: Bellibolt|typechange|Water
|
|-damage|p1a: Hatterene|8/100 tox|[from] psn
|upkeep
|turn|21
|
|t:|1779872957
|move|p2a: Bellibolt|Thunderbolt|p1a: Hatterene
|-damage|p1a: Hatterene|0 fnt
|faint|p1a: Hatterene
|
|upkeep
|
|t:|1779872974
|switch|p1a: Ursaluna|Ursaluna, F|88/100 brn
|turn|22
|
|t:|1779872979
|move|p1a: Ursaluna|Facade|p2a: Bellibolt
|-damage|p2a: Bellibolt|0 fnt
|faint|p2a: Bellibolt
|
|-damage|p1a: Ursaluna|82/100 brn|[from] brn
|upkeep
|
|t:|1779873003
|switch|p2a: Gengar|Gengar, M|100/100
|turn|23
|
|t:|1779873013
|switch|p1a: Porygon2|Porygon2|42/100
|-ability|p1a: Porygon2|Download|boost
|-boost|p1a: Porygon2|atk|1
|move|p2a: Gengar|Focus Blast|p1a: Porygon2|[miss]
|-miss|p2a: Gengar|p1a: Porygon2
|
|upkeep
|turn|24
|
|t:|1779873027
|move|p2a: Gengar|Focus Blast|p1a: Porygon2
|-supereffective|p1a: Porygon2
|-damage|p1a: Porygon2|0 fnt
|faint|p1a: Porygon2
|
|upkeep
|
|t:|1779873044
|switch|p1a: Volcanion|Volcanion|33/100 tox
|turn|25
|
|t:|1779873050
|move|p2a: Gengar|Focus Blast|p1a: Volcanion|[miss]
|-miss|p2a: Gengar|p1a: Volcanion
|move|p1a: Volcanion|Steam Eruption|p2a: Gengar
|-damage|p2a: Gengar|0 fnt
|-start|p1a: Volcanion|Disable|Steam Eruption|[from] ability: Cursed Body|[of] p2a: Gengar
|faint|p2a: Gengar
|
|-damage|p1a: Volcanion|27/100 tox|[from] psn
|upkeep
|
|t:|1779873061
|switch|p2a: Tsareena|Tsareena, F|100/100
|turn|26
|
|t:|1779873065
|switch|p1a: Iron Hands|Iron Hands|100/100
|-enditem|p1a: Iron Hands|Booster Energy
|-activate|p1a: Iron Hands|ability: Quark Drive|[fromitem]
|-start|p1a: Iron Hands|quarkdriveatk
|move|p2a: Tsareena|Rapid Spin|p1a: Iron Hands
|-damage|p1a: Iron Hands|88/100
|-boost|p2a: Tsareena|spe|1
|
|upkeep
|turn|27
|
|t:|1779873086
|-terastallize|p2a: Tsareena|Grass
|move|p2a: Tsareena|Power Whip|p1a: Iron Hands
|-damage|p1a: Iron Hands|26/100
|move|p1a: Iron Hands|Swords Dance|p1a: Iron Hands
|-boost|p1a: Iron Hands|atk|2
|
|upkeep
|turn|28
|
|t:|1779873096
|move|p2a: Tsareena|Power Whip|p1a: Iron Hands
|-damage|p1a: Iron Hands|0 fnt
|faint|p1a: Iron Hands
|-end|p1a: Iron Hands|Quark Drive|[silent]
|
|upkeep
|
|t:|1779873100
|switch|p1a: Cresselia|Cresselia, F|100/100
|turn|29
|
|t:|1779873107
|move|p2a: Tsareena|Power Whip|p1a: Cresselia
|-damage|p1a: Cresselia|53/100
|move|p1a: Cresselia|Trick Room|p1a: Cresselia
|-fieldstart|move: Trick Room|[of] p1a: Cresselia
|
|upkeep
|turn|30
|
|t:|1779873118
|switch|p2a: Slowbro|Slowbro, M|68/100
|move|p1a: Cresselia|Lunar Dance|p1a: Cresselia
|faint|p1a: Cresselia
|
|upkeep
|
|t:|1779873136
|switch|p1a: Volcanion|Volcanion|27/100 tox
|-heal|p1a: Volcanion|100/100|[from] move: Lunar Dance
|turn|31
|
|t:|1779873175
|-terastallize|p1a: Volcanion|Water
|move|p2a: Slowbro|Future Sight|p1a: Volcanion
|-start|p2a: Slowbro|move: Future Sight
|move|p1a: Volcanion|Steam Eruption|p2a: Slowbro
|-resisted|p2a: Slowbro
|-damage|p2a: Slowbro|4/100
|
|upkeep
|turn|32
|
|t:|1779873204
|switch|p2a: Tsareena|Tsareena, F, tera:Grass|100/100
|move|p1a: Volcanion|Steam Eruption|p2a: Tsareena
|-resisted|p2a: Tsareena
|-damage|p2a: Tsareena|56/100
|-status|p2a: Tsareena|brn
|
|-damage|p2a: Tsareena|50/100 brn|[from] brn
|upkeep
|turn|33
|
|t:|1779873217
|move|p2a: Tsareena|Power Whip|p1a: Volcanion|[miss]
|-miss|p2a: Tsareena|p1a: Volcanion
|move|p1a: Volcanion|Steam Eruption|p2a: Tsareena|[miss]
|-miss|p1a: Volcanion|p2a: Tsareena
|
|-end|p1a: Volcanion|move: Future Sight
|-damage|p1a: Volcanion|46/100
|-damage|p2a: Tsareena|44/100 brn|[from] brn
|-fieldend|move: Trick Room
|upkeep
|turn|34
|
|t:|1779873227
|move|p1a: Volcanion|Steam Eruption|p2a: Tsareena
|-resisted|p2a: Tsareena
|-damage|p2a: Tsareena|0 fnt
|faint|p2a: Tsareena
|
|upkeep
|
|t:|1779873233
|switch|p2a: Slowbro|Slowbro, M|37/100
|turn|35
|
|t:|1779873238
|move|p1a: Volcanion|Steam Eruption|p2a: Slowbro
|-resisted|p2a: Slowbro
|-damage|p2a: Slowbro|0 fnt
|faint|p2a: Slowbro
|
|win|ifejwfewfew
|raw|ifejwfewfew's rating: 1201 &rarr; <strong>1223</strong><br />(+22 for winning)
|raw|rainy day 00's rating: 1163 &rarr; <strong>1141</strong><br />(-22 for losing)
|l|☆ifejwfewfew
|player|p1|
|l|☆rainy day 00
|player|p2|
