|j|☆LeChunkalo
|j|☆xp180
|t:|1779876827
|gametype|singles
|player|p1|LeChunkalo|biker-gen4|1513
|player|p2|xp180|265|1509
|gen|9
|tier|[Gen 9] OU
|rated|
|rule|HP Percentage Mod: HP is shown in percentages
|rule|Endless Battle Clause: Forcing endless battles is banned
|rule|Species Clause: Limit one of each Pokémon
|rule|OHKO Clause: OHKO moves are banned
|rule|Evasion Items Clause: Evasion items are banned
|rule|Evasion Moves Clause: Evasion moves are banned
|rule|Evasion Abilities Clause: Evasion abilities are banned
|rule|Sleep Moves Clause: Sleep-inducing moves are banned
|clearpoke
|poke|p1|Ogerpon-Cornerstone, F|
|poke|p1|Pecharunt|
|poke|p1|Zapdos-Galar|
|poke|p1|Dragonite, F|
|poke|p1|Iron Treads|
|poke|p1|Primarina, F|
|poke|p2|Araquanid, M|
|poke|p2|Gholdengo|
|poke|p2|Raging Bolt|
|poke|p2|Iron Valiant|
|poke|p2|Ceruledge, F|
|poke|p2|Deoxys-Speed|
|teampreview
|inactive|Battle timer is ON: inactive players will automatically lose when time's up. (requested by LeChunkalo)
|
|t:|1779876839
|teamsize|p1|6
|teamsize|p2|6
|start
|switch|p1a: Primarina|Primarina, F|100/100
|switch|p2a: Araquanid|Araquanid, M|100/100
|turn|1
|
|t:|1779876849
|move|p1a: Primarina|Substitute|p1a: Primarina
|-start|p1a: Primarina|Substitute
|-damage|p1a: Primarina|76/100
|move|p2a: Araquanid|Sticky Web|p1a: Primarina
|-sidestart|p1: LeChunkalo|move: Sticky Web
|
|-heal|p1a: Primarina|82/100|[from] item: Leftovers
|upkeep
|turn|2
|
|t:|1779876852
|switch|p2a: Raging Bolt|Raging Bolt|100/100
|-enditem|p2a: Raging Bolt|Booster Energy
|-activate|p2a: Raging Bolt|ability: Protosynthesis|[fromitem]
|-start|p2a: Raging Bolt|protosynthesisspa
|move|p1a: Primarina|Calm Mind|p1a: Primarina
|-boost|p1a: Primarina|spa|1
|-boost|p1a: Primarina|spd|1
|
|-heal|p1a: Primarina|88/100|[from] item: Leftovers
|upkeep
|turn|3
|
|t:|1779876855
|move|p2a: Raging Bolt|Thunderbolt|p1a: Primarina
|-supereffective|p1a: Primarina
|-end|p1a: Primarina|Substitute
|move|p1a: Primarina|Moonblast|p2a: Raging Bolt
|-supereffective|p2a: Raging Bolt
|-damage|p2a: Raging Bolt|0 fnt
|faint|p2a: Raging Bolt
|-end|p2a: Raging Bolt|Protosynthesis|[silent]
|
|-heal|p1a: Primarina|94/100|[from] item: Leftovers
|upkeep
|
|t:|1779876863
|switch|p2a: Gholdengo|Gholdengo|100/100
|-item|p2a: Gholdengo|Air Balloon
|turn|4
|
|t:|1779876871
|move|p2a: Gholdengo|Nasty Plot|p2a: Gholdengo
|-boost|p2a: Gholdengo|spa|2
|move|p1a: Primarina|Surf|p2a: Gholdengo
|-damage|p2a: Gholdengo|13/100
|-enditem|p2a: Gholdengo|Air Balloon
|
|-heal|p1a: Primarina|100/100|[from] item: Leftovers
|upkeep
|turn|5
|
|t:|1779876876
|move|p2a: Gholdengo|Shadow Ball|p1a: Primarina
|-damage|p1a: Primarina|45/100
|-unboost|p1a: Primarina|spd|1
|move|p1a: Primarina|Surf|p2a: Gholdengo
|-damage|p2a: Gholdengo|0 fnt
|faint|p2a: Gholdengo
|
|-heal|p1a: Primarina|51/100|[from] item: Leftovers
|upkeep
|
|t:|1779876882
|switch|p2a: Iron Valiant|Iron Valiant|100/100
|-enditem|p2a: Iron Valiant|Booster Energy
|-activate|p2a: Iron Valiant|ability: Quark Drive|[fromitem]
|-start|p2a: Iron Valiant|quarkdrivespa
|turn|6
|
|t:|1779876886
|move|p2a: Iron Valiant|Moonblast|p1a: Primarina
|-damage|p1a: Primarina|0 fnt
|faint|p1a: Primarina
|
|upkeep
|
|t:|1779876895
|switch|p1a: Zapdos|Zapdos-Galar|100/100
|turn|7
|
|t:|1779876900
|-end|p2a: Iron Valiant|Quark Drive|[silent]
|switch|p2a: Araquanid|Araquanid, M|100/100
|move|p1a: Zapdos|Brave Bird|p2a: Araquanid
|-supereffective|p2a: Araquanid
|-damage|p2a: Araquanid|0 fnt
|faint|p2a: Araquanid
|-damage|p1a: Zapdos|66/100|[from] Recoil
|
|upkeep
|
|t:|1779876906
|switch|p2a: Ceruledge|Ceruledge, F|100/100
|turn|8
|
|t:|1779876910
|switch|p1a: Dragonite|Dragonite, F|100/100
|move|p2a: Ceruledge|Bitter Blade|p1a: Dragonite
|-resisted|p1a: Dragonite
|-damage|p1a: Dragonite|88/100
|
|upkeep
|turn|9
|
|t:|1779876913
|move|p2a: Ceruledge|Swords Dance|p2a: Ceruledge
|-boost|p2a: Ceruledge|atk|2
|move|p1a: Dragonite|Dragon Tail|p2a: Ceruledge
|-damage|p2a: Ceruledge|54/100
|-ability|p2a: Ceruledge|Weak Armor|boost
|-unboost|p2a: Ceruledge|def|1
|-boost|p2a: Ceruledge|spe|2
|drag|p2a: Deoxys|Deoxys-Speed|100/100
|-ability|p2a: Deoxys|Pressure
|
|upkeep
|turn|10
|
|t:|1779876923
|switch|p1a: Iron Treads|Iron Treads|100/100
|-activate|p1a: Iron Treads|move: Sticky Web
|-unboost|p1a: Iron Treads|spe|1
|move|p2a: Deoxys|Ice Beam|p1a: Iron Treads
|-crit|p1a: Iron Treads
|-damage|p1a: Iron Treads|30/100
|-damage|p2a: Deoxys|91/100|[from] item: Life Orb
|
|-heal|p1a: Iron Treads|36/100|[from] item: Leftovers
|upkeep
|turn|11
|
|t:|1779876929
|move|p2a: Deoxys|Ice Beam|p1a: Iron Treads
|-damage|p1a: Iron Treads|0 fnt
|faint|p1a: Iron Treads
|-end|p1a: Iron Treads|Quark Drive|[silent]
|-damage|p2a: Deoxys|81/100|[from] item: Life Orb
|
|upkeep
|
|t:|1779876941
|switch|p1a: Pecharunt|Pecharunt|100/100
|turn|12
|
|t:|1779876955
|move|p2a: Deoxys|Nasty Plot|p2a: Deoxys
|-boost|p2a: Deoxys|spa|2
|move|p1a: Pecharunt|Malignant Chain|p2a: Deoxys
|-damage|p2a: Deoxys|25/100
|-status|p2a: Deoxys|tox
|-start|p2a: Deoxys|confusion|[from] ability: Poison Puppeteer|[of] p1a: Pecharunt
|
|-damage|p2a: Deoxys|19/100 tox|[from] psn
|upkeep
|turn|13
|
|t:|1779876960
|-activate|p2a: Deoxys|confusion
|move|p2a: Deoxys|Psycho Boost|p1a: Pecharunt
|-supereffective|p1a: Pecharunt
|-damage|p1a: Pecharunt|0 fnt
|-unboost|p2a: Deoxys|spa|2
|faint|p1a: Pecharunt
|-damage|p2a: Deoxys|9/100 tox|[from] item: Life Orb
|
|-damage|p2a: Deoxys|0 fnt|[from] psn
|faint|p2a: Deoxys
|upkeep
|
|t:|1779876976
|switch|p2a: Ceruledge|Ceruledge, F|54/100
|switch|p1a: Zapdos|Zapdos-Galar|66/100
|turn|14
|
|t:|1779876981
|move|p1a: Zapdos|Brave Bird|p2a: Ceruledge
|-damage|p2a: Ceruledge|0 fnt
|faint|p2a: Ceruledge
|-damage|p1a: Zapdos|50/100|[from] Recoil
|
|upkeep
|
|t:|1779876984
|switch|p2a: Iron Valiant|Iron Valiant|100/100
|turn|15
|
|t:|1779876988
|-terastallize|p2a: Iron Valiant|Ghost
|move|p1a: Zapdos|Brave Bird|p2a: Iron Valiant
|-damage|p2a: Iron Valiant|16/100
|-damage|p1a: Zapdos|25/100|[from] Recoil
|move|p2a: Iron Valiant|Calm Mind|p2a: Iron Valiant
|-boost|p2a: Iron Valiant|spa|1
|-boost|p2a: Iron Valiant|spd|1
|
|upkeep
|turn|16
|
|t:|1779876994
|move|p2a: Iron Valiant|Vacuum Wave|p1a: Zapdos
|-resisted|p1a: Zapdos
|-damage|p1a: Zapdos|6/100
|move|p1a: Zapdos|Brave Bird|p2a: Iron Valiant
|-damage|p2a: Iron Valiant|0 fnt
|faint|p2a: Iron Valiant
|-end|p2a: Iron Valiant|Quark Drive|[silent]
|-damage|p1a: Zapdos|1/100|[from] Recoil
|
|win|LeChunkalo
|raw|LeChunkalo's rating: 1513 &rarr; <strong>1533</strong><br />(+20 for winning)
|raw|xp180's rating: 1509 &rarr; <strong>1489</strong><br />(-20 for losing)
|l|☆xp180
|player|p2|
|l|☆LeChunkalo
|player|p1|
