|j|☆longjohntanner
|j|☆Thatamogussuss
|t:|1779926146
|gametype|singles
|player|p1|longjohntanner|102|1327
|player|p2|Thatamogussuss|maxie-gen6|1352
|gen|9
|tier|[Gen 9] OU
|rated|
|rule|HP Percentage Mod: HP is shown in percentages
|rule|Endless Battle Clause: Forcing endless battles is banned
|rule|Species Clause: Limit one of each Pokémon
|rule|OHKO Clause: OHKO moves are banned
|rule|Evasion Items Clause: Evasion items are banned
|rule|Evasion Moves Clause: Evasion moves are banned
|rule|Evasion Abilities Clause: Evasion abilities are banned
|rule|Sleep Moves Clause: Sleep-inducing moves are banned
|clearpoke
|poke|p1|Samurott-Hisui, M|
|poke|p1|Landorus-Therian, M|
|poke|p1|Slowking-Galar, M|
|poke|p1|Kyurem|
|poke|p1|Zamazenta-*|
|poke|p1|Darkrai|
|poke|p2|Walking Wake|
|poke|p2|Ninetales, F|
|poke|p2|Venusaur, F|
|poke|p2|Great Tusk|
|poke|p2|Slither Wing|
|poke|p2|Hatterene, F|
|teampreview
|
|t:|1779926152
|teamsize|p1|6
|teamsize|p2|6
|start
|switch|p1a: Slowking|Slowking-Galar, M|100/100
|switch|p2a: Ninetales|Ninetales, F|100/100
|-weather|SunnyDay|[from] ability: Drought|[of] p2a: Ninetales
|turn|1
|
|t:|1779926170
|switch|p2a: Hatterene|Hatterene, F|100/100
|-prepare|p1a: Slowking|Chilly Reception|[premajor]
|move|p1a: Slowking|Chilly Reception|p1a: Slowking
|-weather|Snowscape
|
|t:|1779926184
|switch|p1a: Samurott|Samurott-Hisui, M|100/100|[from] Chilly Reception
|
|-weather|Snowscape|[upkeep]
|upkeep
|turn|2
|
|t:|1779926190
|move|p1a: Samurott|Ceaseless Edge|p2a: Hatterene
|-damage|p2a: Hatterene|67/100
|-sidestart|p2: Thatamogussuss|Spikes
|-enditem|p2a: Hatterene|Eject Button
|
|t:|1779926193
|switch|p2a: Slither Wing|Slither Wing|100/100
|
|-weather|Snowscape|[upkeep]
|upkeep
|turn|3
|
|t:|1779926202
|switch|p1a: Landorus|Landorus-Therian, M|100/100
|-ability|p1a: Landorus|Intimidate|boost
|-unboost|p2a: Slither Wing|atk|1
|move|p2a: Slither Wing|First Impression|p1a: Landorus
|-resisted|p1a: Landorus
|-damage|p1a: Landorus|80/100
|
|-weather|Snowscape|[upkeep]
|upkeep
|turn|4
|
|t:|1779926210
|move|p1a: Landorus|U-turn|p2a: Slither Wing
|-resisted|p2a: Slither Wing
|-damage|p2a: Slither Wing|83/100
|
|t:|1779926220
|switch|p1a: Samurott|Samurott-Hisui, M|100/100|[from] U-turn
|move|p2a: Slither Wing|U-turn|p1a: Samurott
|-supereffective|p1a: Samurott
|-crit|p1a: Samurott
|-damage|p1a: Samurott|0 fnt
|faint|p1a: Samurott
|
|t:|1779926231
|-end|p2a: Slither Wing|Protosynthesis|[silent]
|switch|p2a: Great Tusk|Great Tusk|100/100|[from] U-turn
|
|-weather|Snowscape|[upkeep]
|upkeep
|
|t:|1779926236
|switch|p1a: Darkrai|Darkrai|100/100
|turn|5
|
|t:|1779926246
|-terastallize|p2a: Great Tusk|Steel
|move|p1a: Darkrai|Blizzard|p2a: Great Tusk
|-resisted|p2a: Great Tusk
|-crit|p2a: Great Tusk
|-damage|p2a: Great Tusk|57/100
|-status|p2a: Great Tusk|frz
|cant|p2a: Great Tusk|frz
|
|-weather|none
|upkeep
|turn|6
|
|t:|1779926256
|switch|p1a: Kyurem|Kyurem|100/100
|-ability|p1a: Kyurem|Pressure
|-end|p2a: Great Tusk|Protosynthesis|[silent]
|switch|p2a: Slither Wing|Slither Wing|83/100
|
|upkeep
|turn|7
|
|t:|1779926264
|-terastallize|p1a: Kyurem|Fairy
|move|p1a: Kyurem|Dragon Dance|p1a: Kyurem
|-boost|p1a: Kyurem|atk|1
|-boost|p1a: Kyurem|spe|1
|move|p2a: Slither Wing|Close Combat|p1a: Kyurem
|-resisted|p1a: Kyurem
|-damage|p1a: Kyurem|73/100
|-unboost|p2a: Slither Wing|def|1
|-unboost|p2a: Slither Wing|spd|1
|
|upkeep
|turn|8
|
|t:|1779926269
|move|p1a: Kyurem|Icicle Spear|p2a: Slither Wing
|-damage|p2a: Slither Wing|50/100
|-damage|p2a: Slither Wing|14/100
|-damage|p2a: Slither Wing|0 fnt
|faint|p2a: Slither Wing
|-end|p2a: Slither Wing|Protosynthesis|[silent]
|-hitcount|p2: Slither Wing|3
|
|upkeep
|
|t:|1779926277
|switch|p2a: Great Tusk|Great Tusk, tera:Steel|57/100 frz
|turn|9
|
|t:|1779926283
|move|p1a: Kyurem|Earth Power|p2a: Great Tusk
|-supereffective|p2a: Great Tusk
|-damage|p2a: Great Tusk|0 fnt
|faint|p2a: Great Tusk
|-end|p2a: Great Tusk|Protosynthesis|[silent]
|
|upkeep
|
|t:|1779926289
|switch|p2a: Ninetales|Ninetales, F|100/100
|-damage|p2a: Ninetales|88/100|[from] Spikes
|-weather|SunnyDay|[from] ability: Drought|[of] p2a: Ninetales
|turn|10
|
|t:|1779926301
|switch|p2a: Venusaur|Venusaur, F|100/100
|-damage|p2a: Venusaur|88/100|[from] Spikes
|move|p1a: Kyurem|Dragon Dance|p1a: Kyurem
|-boost|p1a: Kyurem|atk|1
|-boost|p1a: Kyurem|spe|1
|
|-weather|SunnyDay|[upkeep]
|upkeep
|turn|11
|
|t:|1779926309
|move|p1a: Kyurem|Icicle Spear|p2a: Venusaur
|-supereffective|p2a: Venusaur
|-damage|p2a: Venusaur|28/100
|-supereffective|p2a: Venusaur
|-crit|p2a: Venusaur
|-damage|p2a: Venusaur|0 fnt
|faint|p2a: Venusaur
|-hitcount|p2: Venusaur|2
|
|-weather|SunnyDay|[upkeep]
|upkeep
|
|t:|1779926311
|switch|p2a: Walking Wake|Walking Wake|100/100
|-damage|p2a: Walking Wake|88/100|[from] Spikes
|-activate|p2a: Walking Wake|ability: Protosynthesis
|-start|p2a: Walking Wake|protosynthesisspe
|turn|12
|
|t:|1779926329
|move|p1a: Kyurem|Scale Shot|p2a: Walking Wake
|-supereffective|p2a: Walking Wake
|-damage|p2a: Walking Wake|44/100
|-supereffective|p2a: Walking Wake
|-damage|p2a: Walking Wake|0 fnt
|faint|p2a: Walking Wake
|-end|p2a: Walking Wake|Protosynthesis|[silent]
|-hitcount|p2: Walking Wake|2
|-unboost|p1a: Kyurem|def|1
|-boost|p1a: Kyurem|spe|1
|
|-weather|SunnyDay|[upkeep]
|upkeep
|
|t:|1779926331
|switch|p2a: Ninetales|Ninetales, F|88/100
|-damage|p2a: Ninetales|76/100|[from] Spikes
|turn|13
|
|t:|1779926341
|move|p1a: Kyurem|Scale Shot|p2a: Ninetales
|-damage|p2a: Ninetales|51/100
|-damage|p2a: Ninetales|25/100
|-damage|p2a: Ninetales|0 fnt
|faint|p2a: Ninetales
|-hitcount|p2: Ninetales|3
|-unboost|p1a: Kyurem|def|1
|-boost|p1a: Kyurem|spe|1
|
|-weather|SunnyDay|[upkeep]
|upkeep
|
|t:|1779926352
|switch|p2a: Hatterene|Hatterene, F|67/100
|-damage|p2a: Hatterene|55/100|[from] Spikes
|turn|14
|
|t:|1779926357
|move|p1a: Kyurem|Icicle Spear|p2a: Hatterene
|-damage|p2a: Hatterene|37/100
|-damage|p2a: Hatterene|17/100
|-crit|p2a: Hatterene
|-damage|p2a: Hatterene|0 fnt
|faint|p2a: Hatterene
|-hitcount|p2: Hatterene|3
|
|win|longjohntanner
|raw|longjohntanner's rating: 1327 &rarr; <strong>1348</strong><br />(+21 for winning)
|raw|Thatamogussuss's rating: 1352 &rarr; <strong>1331</strong><br />(-21 for losing)
