|j|☆kkzlfpqrtz
|j|☆eserraba
|t:|1779956154
|gametype|singles
|player|p1|kkzlfpqrtz|miku-water|1249
|player|p2|eserraba|1|1201
|gen|9
|tier|[Gen 9] OU
|rated|
|rule|HP Percentage Mod: HP is shown in percentages
|rule|Endless Battle Clause: Forcing endless battles is banned
|rule|Species Clause: Limit one of each Pokémon
|rule|OHKO Clause: OHKO moves are banned
|rule|Evasion Items Clause: Evasion items are banned
|rule|Evasion Moves Clause: Evasion moves are banned
|rule|Evasion Abilities Clause: Evasion abilities are banned
|rule|Sleep Moves Clause: Sleep-inducing moves are banned
|clearpoke
|poke|p1|Kyurem|
|poke|p1|Darkrai|
|poke|p1|Tyranitar, M|
|poke|p1|Cinderace, M|
|poke|p1|Iron Moth|
|poke|p1|Weezing-Galar, M|
|poke|p2|Masquerain, M|
|poke|p2|Eelektross, F|
|poke|p2|Shiftry, M|
|poke|p2|Volbeat, M|
|poke|p2|Seviper, F|
|poke|p2|Golduck, M|
|teampreview
|inactive|Battle timer is ON: inactive players will automatically lose when time's up. (requested by eserraba)
|inactive|kkzlfpqrtz also wants the timer to be on.
|inactive|eserraba has 120 seconds left.
|
|t:|1779956189
|teamsize|p1|6
|teamsize|p2|6
|start
|switch|p1a: Kyurem|Kyurem|100/100
|switch|p2a: Eelektross|Eelektross, F|100/100
|-ability|p1a: Kyurem|Pressure
|turn|1
|
|t:|1779956196
|move|p1a: Kyurem|Draco Meteor|p2a: Eelektross
|-damage|p2a: Eelektross|54/100
|-unboost|p1a: Kyurem|spa|2
|move|p2a: Eelektross|Drain Punch|p1a: Kyurem
|-supereffective|p1a: Kyurem
|-damage|p1a: Kyurem|50/100
|-heal|p2a: Eelektross|81/100|[from] drain|[of] p1a: Kyurem
|
|upkeep
|turn|2
|
|t:|1779956207
|switch|p1a: Weezing|Weezing-Galar, M|100/100
|move|p2a: Eelektross|U-turn|p1a: Weezing
|-resisted|p1a: Weezing
|-damage|p1a: Weezing|95/100
|
|t:|1779956213
|switch|p2a: Seviper|Seviper, F|100/100|[from] U-turn
|
|upkeep
|turn|3
|
|t:|1779956217
|move|p2a: Seviper|Switcheroo|p1a: Weezing
|-activate|p2a: Seviper|move: Trick|[of] p1a: Weezing
|-item|p1a: Weezing|Choice Scarf|[from] move: Switcheroo
|-item|p2a: Seviper|Sitrus Berry|[from] move: Switcheroo
|move|p1a: Weezing|Toxic Spikes|p2a: Seviper
|-sidestart|p2: eserraba|move: Toxic Spikes
|
|upkeep
|turn|4
|
|t:|1779956224
|move|p2a: Seviper|Poison Jab|p1a: Weezing
|-damage|p1a: Weezing|64/100
|move|p1a: Weezing|Toxic Spikes|p2a: Seviper
|-sidestart|p2: eserraba|move: Toxic Spikes
|
|upkeep
|turn|5
|
|t:|1779956232
|switch|p1a: Tyranitar|Tyranitar, M|100/100
|-weather|Sandstorm|[from] ability: Sand Stream|[of] p1a: Tyranitar
|move|p2a: Seviper|Earthquake|p1a: Tyranitar
|-supereffective|p1a: Tyranitar
|-damage|p1a: Tyranitar|58/100
|
|-weather|Sandstorm|[upkeep]
|-damage|p2a: Seviper|95/100|[from] Sandstorm
|upkeep
|turn|6
|
|t:|1779956245
|switch|p2a: Eelektross|Eelektross, F|81/100
|switch|p1a: Weezing|Weezing-Galar, M|64/100
|
|-weather|Sandstorm|[upkeep]
|-damage|p1a: Weezing|58/100|[from] Sandstorm
|-damage|p2a: Eelektross|74/100|[from] Sandstorm
|upkeep
|turn|7
|
|t:|1779956253
|switch|p2a: Seviper|Seviper, F|95/100
|-sideend|p2: eserraba|move: Toxic Spikes|[of] p2a: Seviper
|move|p1a: Weezing|Will-O-Wisp|p2a: Seviper
|-status|p2a: Seviper|brn
|
|-weather|Sandstorm|[upkeep]
|-damage|p2a: Seviper|89/100 brn|[from] Sandstorm
|-damage|p1a: Weezing|52/100|[from] Sandstorm
|-damage|p2a: Seviper|83/100 brn|[from] brn
|upkeep
|turn|8
|
|t:|1779956264
|move|p2a: Seviper|Poison Jab|p1a: Weezing
|-damage|p1a: Weezing|37/100
|move|p1a: Weezing|Will-O-Wisp|p2a: Seviper
|-fail|p2a: Seviper|brn
|
|-weather|Sandstorm|[upkeep]
|-damage|p2a: Seviper|77/100 brn|[from] Sandstorm
|-damage|p1a: Weezing|31/100|[from] Sandstorm
|-activate|p2a: Seviper|ability: Shed Skin
|-curestatus|p2a: Seviper|brn|[msg]
|upkeep
|turn|9
|
|t:|1779956275
|switch|p1a: Kyurem|Kyurem|50/100
|-ability|p1a: Kyurem|Pressure
|move|p2a: Seviper|Poison Jab|p1a: Kyurem
|-damage|p1a: Kyurem|17/100
|-status|p1a: Kyurem|psn
|
|-weather|none
|-damage|p1a: Kyurem|5/100 psn|[from] psn
|upkeep
|turn|10
|
|t:|1779956289
|switch|p2a: Volbeat|Volbeat, M|100/100
|move|p1a: Kyurem|Ice Beam|p2a: Volbeat
|-damage|p2a: Volbeat|48/100
|-status|p2a: Volbeat|frz
|-enditem|p2a: Volbeat|Red Card|[of] p1a: Kyurem
|drag|p1a: Cinderace|Cinderace, M|100/100
|
|upkeep
|turn|11
|c|☆eserraba|lol
|
|t:|1779956301
|cant|p2a: Volbeat|frz
|move|p1a: Cinderace|Pyro Ball|p2a: Volbeat
|-supereffective|p2a: Volbeat
|-damage|p2a: Volbeat|0 fnt
|faint|p2a: Volbeat
|
|upkeep
|
|t:|1779956307
|switch|p2a: Golduck|Golduck, M|100/100
|-ability|p2a: Golduck|Cloud Nine
|turn|12
|
|t:|1779956311
|move|p1a: Cinderace|U-turn|p2a: Golduck
|-start|p1a: Cinderace|typechange|Bug|[from] ability: Libero
|-damage|p2a: Golduck|58/100
|
|t:|1779956314
|switch|p1a: Kyurem|Kyurem|5/100 psn|[from] U-turn
|-ability|p1a: Kyurem|Pressure
|move|p2a: Golduck|Surf|p1a: Kyurem
|-resisted|p1a: Kyurem
|-damage|p1a: Kyurem|0 fnt
|faint|p1a: Kyurem
|
|upkeep
|
|t:|1779956321
|switch|p1a: Darkrai|Darkrai|100/100
|turn|13
|
|t:|1779956328
|switch|p2a: Shiftry|Shiftry, M|100/100
|move|p1a: Darkrai|Swords Dance|p1a: Darkrai
|-boost|p1a: Darkrai|atk|2
|
|upkeep
|turn|14
|
|t:|1779956334
|-terastallize|p1a: Darkrai|Fighting
|move|p1a: Darkrai|Drain Punch|p2a: Shiftry
|-supereffective|p2a: Shiftry
|-enditem|p2a: Shiftry|Focus Sash
|-damage|p2a: Shiftry|1/100
|-damage|p1a: Darkrai|91/100|[from] item: Life Orb
|move|p2a: Shiftry|Explosion|p1a: Darkrai
|-damage|p1a: Darkrai|0 fnt
|faint|p2a: Shiftry
|faint|p1a: Darkrai
|
|upkeep
|
|t:|1779956355
|switch|p1a: Cinderace|Cinderace, M|100/100
|switch|p2a: Eelektross|Eelektross, F|74/100
|turn|15
|
|t:|1779956361
|move|p1a: Cinderace|Pyro Ball|p2a: Eelektross
|-damage|p2a: Eelektross|13/100
|move|p2a: Eelektross|Drain Punch|p1a: Cinderace
|-damage|p1a: Cinderace|65/100
|-heal|p2a: Eelektross|27/100|[from] drain|[of] p1a: Cinderace
|
|upkeep
|turn|16
|
|t:|1779956370
|switch|p2a: Golduck|Golduck, M|58/100
|-ability|p2a: Golduck|Cloud Nine
|move|p1a: Cinderace|Pyro Ball|p2a: Golduck
|-resisted|p2a: Golduck
|-damage|p2a: Golduck|16/100
|-enditem|p2a: Golduck|Sitrus Berry|[eat]
|-heal|p2a: Golduck|41/100|[from] item: Sitrus Berry
|
|upkeep
|turn|17
|
|t:|1779956379
|move|p2a: Golduck|Vacuum Wave|p1a: Cinderace
|-damage|p1a: Cinderace|49/100
|move|p1a: Cinderace|Pyro Ball|p2a: Golduck
|-resisted|p2a: Golduck
|-damage|p2a: Golduck|3/100
|-status|p2a: Golduck|brn
|
|-damage|p2a: Golduck|0 fnt|[from] brn
|faint|p2a: Golduck
|upkeep
|c|☆eserraba|so much hax lol
|
|t:|1779956395
|switch|p2a: Seviper|Seviper, F|77/100
|turn|18
|c|☆kkzlfpqrtz|huh
|
|t:|1779956401
|-terastallize|p2a: Seviper|Fire
|move|p1a: Cinderace|Pyro Ball|p2a: Seviper
|-resisted|p2a: Seviper
|-damage|p2a: Seviper|24/100
|-enditem|p2a: Seviper|Sitrus Berry|[eat]
|-heal|p2a: Seviper|49/100|[from] item: Sitrus Berry
|move|p2a: Seviper|Earthquake|p1a: Cinderace
|-supereffective|p1a: Cinderace
|-damage|p1a: Cinderace|0 fnt
|faint|p1a: Cinderace
|
|upkeep
|
|t:|1779956417
|switch|p1a: Tyranitar|Tyranitar, M|58/100
|-weather|Sandstorm|[from] ability: Sand Stream|[of] p1a: Tyranitar
|turn|19
|c|☆kkzlfpqrtz|sorry when?
|
|t:|1779956428
|switch|p2a: Eelektross|Eelektross, F|27/100
|move|p1a: Tyranitar|Power Gem|p2a: Eelektross
|-damage|p2a: Eelektross|0 fnt
|faint|p2a: Eelektross
|
|-weather|Sandstorm|[upkeep]
|upkeep
|
|t:|1779956431
|switch|p2a: Masquerain|Masquerain, M|100/100
|-ability|p2a: Masquerain|Intimidate|boost
|-unboost|p1a: Tyranitar|atk|1
|turn|20
|
|t:|1779956436
|move|p2a: Masquerain|Mud Shot|p1a: Tyranitar
|-supereffective|p1a: Tyranitar
|-damage|p1a: Tyranitar|37/100
|-unboost|p1a: Tyranitar|spe|1
|move|p1a: Tyranitar|Power Gem|p2a: Masquerain
|-supereffective|p2a: Masquerain
|-damage|p2a: Masquerain|0 fnt
|faint|p2a: Masquerain
|
|-weather|Sandstorm|[upkeep]
|upkeep
|
|t:|1779956444
|switch|p2a: Seviper|Seviper, F, tera:Fire|49/100
|turn|21
|
|t:|1779956448
|move|p2a: Seviper|Earthquake|p1a: Tyranitar
|-supereffective|p1a: Tyranitar
|-damage|p1a: Tyranitar|0 fnt
|faint|p1a: Tyranitar
|
|-weather|Sandstorm|[upkeep]
|-damage|p2a: Seviper|43/100|[from] Sandstorm
|upkeep
|
|t:|1779956458
|switch|p1a: Weezing|Weezing-Galar, M|31/100
|turn|22
|
|t:|1779956461
|move|p2a: Seviper|Poison Jab|p1a: Weezing
|-damage|p1a: Weezing|0 fnt
|faint|p1a: Weezing
|
|-weather|Sandstorm|[upkeep]
|-damage|p2a: Seviper|37/100|[from] Sandstorm
|upkeep
|
|t:|1779956463
|switch|p1a: Iron Moth|Iron Moth|100/100
|-enditem|p1a: Iron Moth|Booster Energy
|-activate|p1a: Iron Moth|ability: Quark Drive|[fromitem]
|-start|p1a: Iron Moth|quarkdrivespa
|turn|23
|
|t:|1779956470
|move|p1a: Iron Moth|Sludge Wave|p2a: Seviper
|-damage|p2a: Seviper|0 fnt
|faint|p2a: Seviper
|
|win|kkzlfpqrtz
|raw|kkzlfpqrtz's rating: 1249 &rarr; <strong>1271</strong><br />(+22 for winning)
|raw|eserraba's rating: 1201 &rarr; <strong>1179</strong><br />(-22 for losing)
|l|☆eserraba
|player|p2|
|l|☆kkzlfpqrtz
|player|p1|
