|j|‽SaltCureLover
|j|☆Haddyshowdwn
|t:|1779883933
|gametype|singles
|player|p1|SaltCureLover|clemont|1252
|player|p2|Haddyshowdwn|1|1205
|gen|9
|tier|[Gen 9] OU
|rated|
|rule|HP Percentage Mod: HP is shown in percentages
|rule|Endless Battle Clause: Forcing endless battles is banned
|rule|Species Clause: Limit one of each Pokémon
|rule|OHKO Clause: OHKO moves are banned
|rule|Evasion Items Clause: Evasion items are banned
|rule|Evasion Moves Clause: Evasion moves are banned
|rule|Evasion Abilities Clause: Evasion abilities are banned
|rule|Sleep Moves Clause: Sleep-inducing moves are banned
|clearpoke
|poke|p1|Garganacl, F|
|poke|p1|Darkrai|
|poke|p1|Gholdengo|
|poke|p1|Hatterene, F|
|poke|p1|Tornadus-Therian, M|
|poke|p1|Dragonite, M|
|poke|p2|Infernape, M|
|poke|p2|Ninetales-Alola, F|
|poke|p2|Raikou|
|poke|p2|Hitmontop, M|
|poke|p2|Staraptor, F|
|poke|p2|Basculegion, M|
|teampreview
|
|t:|1779883948
|teamsize|p1|6
|teamsize|p2|6
|start
|switch|p1a: Garganacl|Garganacl, F|100/100
|switch|p2a: Raikou|Raikou, shiny|100/100
|turn|1
|
|t:|1779883963
|move|p2a: Raikou|Rain Dance|p2a: Raikou
|-weather|RainDance
|move|p1a: Garganacl|Salt Cure|p2a: Raikou
|-damage|p2a: Raikou|86/100
|-start|p2a: Raikou|Salt Cure
|
|-weather|RainDance|[upkeep]
|-damage|p2a: Raikou|74/100|[from] Salt Cure
|upkeep
|turn|2
|
|t:|1779883972
|move|p1a: Garganacl|Protect|p1a: Garganacl
|-singleturn|p1a: Garganacl|Protect
|move|p2a: Raikou|Weather Ball|p1a: Garganacl
|-activate|p1a: Garganacl|move: Protect
|
|-weather|RainDance|[upkeep]
|-damage|p2a: Raikou|62/100|[from] Salt Cure
|upkeep
|turn|3
|
|t:|1779883984
|switch|p1a: Tornadus|Tornadus-Therian, M, shiny|100/100
|move|p2a: Raikou|Weather Ball|p1a: Tornadus
|-damage|p1a: Tornadus|55/100
|-damage|p2a: Raikou|52/100|[from] item: Life Orb
|
|-weather|RainDance|[upkeep]
|-damage|p2a: Raikou|39/100|[from] Salt Cure
|upkeep
|turn|4
|
|t:|1779883997
|move|p1a: Tornadus|U-turn|p2a: Raikou
|-damage|p2a: Raikou|23/100
|
|t:|1779884005
|switch|p1a: Dragonite|Dragonite, M|100/100|[from] U-turn
|move|p2a: Raikou|Volt Switch|p1a: Dragonite
|-damage|p1a: Dragonite|75/100
|-damage|p2a: Raikou|13/100|[from] item: Life Orb
|
|t:|1779884013
|switch|p2a: Ninetales|Ninetales-Alola, F, shiny|100/100|[from] Volt Switch
|-weather|Snowscape|[from] ability: Snow Warning|[of] p2a: Ninetales
|
|-weather|Snowscape|[upkeep]
|upkeep
|turn|5
|
|t:|1779884022
|switch|p1a: Garganacl|Garganacl, F|100/100
|move|p2a: Ninetales|Aurora Veil|p2a: Ninetales
|-sidestart|p2: Haddyshowdwn|move: Aurora Veil
|
|-weather|Snowscape|[upkeep]
|upkeep
|turn|6
|
|t:|1779884031
|switch|p2a: Hitmontop|Hitmontop, M, shiny|100/100
|-ability|p2a: Hitmontop|Intimidate|boost
|-unboost|p1a: Garganacl|atk|1
|move|p1a: Garganacl|Stealth Rock|p2a: Hitmontop
|-sidestart|p2: Haddyshowdwn|move: Stealth Rock
|
|-weather|Snowscape|[upkeep]
|upkeep
|turn|7
|
|t:|1779884043
|move|p1a: Garganacl|Protect|p1a: Garganacl
|-singleturn|p1a: Garganacl|Protect
|move|p2a: Hitmontop|Rapid Spin|p1a: Garganacl
|-activate|p1a: Garganacl|move: Protect
|
|-weather|Snowscape|[upkeep]
|upkeep
|turn|8
|
|t:|1779884049
|switch|p1a: Gholdengo|Gholdengo|100/100
|-item|p1a: Gholdengo|Air Balloon
|move|p2a: Hitmontop|Rapid Spin|p1a: Gholdengo
|-immune|p1a: Gholdengo
|
|-weather|none
|upkeep
|turn|9
|
|t:|1779884058
|move|p1a: Gholdengo|Thunder Wave|p2a: Hitmontop
|-status|p2a: Hitmontop|par
|move|p2a: Hitmontop|Rain Dance|p2a: Hitmontop
|-weather|RainDance
|
|-weather|RainDance|[upkeep]
|-sideend|p2: Haddyshowdwn|move: Aurora Veil
|upkeep
|turn|10
|
|t:|1779884067
|move|p2a: Hitmontop|Sucker Punch|p1a: Gholdengo
|-supereffective|p1a: Gholdengo
|-damage|p1a: Gholdengo|67/100
|-enditem|p1a: Gholdengo|Air Balloon
|move|p1a: Gholdengo|Hex|p2a: Hitmontop
|-damage|p2a: Hitmontop|20/100 par
|
|-weather|RainDance|[upkeep]
|upkeep
|turn|11
|
|t:|1779884077
|cant|p2a: Hitmontop|par
|move|p1a: Gholdengo|Hex|p2a: Hitmontop
|-damage|p2a: Hitmontop|0 fnt
|faint|p2a: Hitmontop
|
|-weather|RainDance|[upkeep]
|upkeep
|
|t:|1779884092
|switch|p2a: Basculegion|Basculegion, M|100/100
|-damage|p2a: Basculegion|88/100|[from] Stealth Rock
|turn|12
|
|t:|1779884104
|-terastallize|p1a: Gholdengo|Water
|move|p2a: Basculegion|Waterfall|p1a: Gholdengo
|-resisted|p1a: Gholdengo
|-damage|p1a: Gholdengo|38/100
|move|p1a: Gholdengo|Thunder Wave|p2a: Basculegion
|-status|p2a: Basculegion|par
|
|-weather|RainDance|[upkeep]
|upkeep
|turn|13
|
|t:|1779884116
|move|p1a: Gholdengo|Recover|p1a: Gholdengo
|-heal|p1a: Gholdengo|88/100
|move|p2a: Basculegion|Waterfall|p1a: Gholdengo
|-resisted|p1a: Gholdengo
|-damage|p1a: Gholdengo|58/100
|
|-weather|none
|upkeep
|turn|14
|
|t:|1779884130
|switch|p2a: Staraptor|Staraptor, F|100/100
|-damage|p2a: Staraptor|76/100|[from] Stealth Rock
|move|p1a: Gholdengo|Recover|p1a: Gholdengo
|-heal|p1a: Gholdengo|100/100
|
|upkeep
|turn|15
|
|t:|1779884139
|move|p2a: Staraptor|Brave Bird|p1a: Gholdengo
|-damage|p1a: Gholdengo|12/100
|-damage|p2a: Staraptor|43/100|[from] Recoil
|move|p1a: Gholdengo|Thunder Wave|p2a: Staraptor
|-status|p2a: Staraptor|par
|
|upkeep
|turn|16
|
|t:|1779884148
|switch|p1a: Garganacl|Garganacl, F|100/100
|cant|p2a: Staraptor|par
|
|upkeep
|turn|17
|
|t:|1779884155
|move|p2a: Staraptor|Brave Bird|p1a: Garganacl
|-resisted|p1a: Garganacl
|-damage|p1a: Garganacl|64/100
|-damage|p2a: Staraptor|28/100 par|[from] Recoil
|move|p1a: Garganacl|Salt Cure|p2a: Staraptor
|-supereffective|p2a: Staraptor
|-damage|p2a: Staraptor|0 fnt
|faint|p2a: Staraptor
|
|-heal|p1a: Garganacl|70/100|[from] item: Leftovers
|upkeep
|
|t:|1779884166
|switch|p2a: Infernape|Infernape, M|100/100
|-damage|p2a: Infernape|88/100|[from] Stealth Rock
|turn|18
|
|t:|1779884177
|move|p1a: Garganacl|Protect|p1a: Garganacl
|-singleturn|p1a: Garganacl|Protect
|move|p2a: Infernape|Grass Knot|p1a: Garganacl
|-activate|p1a: Garganacl|move: Protect
|
|-heal|p1a: Garganacl|76/100|[from] item: Leftovers
|upkeep
|turn|19
|
|t:|1779884187
|switch|p1a: Hatterene|Hatterene, F|100/100
|move|p2a: Infernape|Aura Sphere|p1a: Hatterene
|-resisted|p1a: Hatterene
|-damage|p1a: Hatterene|91/100
|
|upkeep
|turn|20
|
|t:|1779884197
|move|p2a: Infernape|Blast Burn|p1a: Hatterene|[miss]
|-miss|p2a: Infernape|p1a: Hatterene
|move|p1a: Hatterene|Psychic Noise|p2a: Infernape
|-supereffective|p2a: Infernape
|-damage|p2a: Infernape|0 fnt
|faint|p2a: Infernape
|
|upkeep
|-message|Haddyshowdwn forfeited.
|
|win|SaltCureLover
|raw|SaltCureLover's rating: 1252 &rarr; <strong>1274</strong><br />(+22 for winning)
|raw|Haddyshowdwn's rating: 1205 &rarr; <strong>1183</strong><br />(-22 for losing)
|l|☆Haddyshowdwn
|player|p2|
|l|‽SaltCureLover
|player|p1|
