|j|☆xxxduqi
|j|☆tecerdo
|t:|1779859490
|gametype|singles
|player|p1|xxxduqi|miku-flying|1457
|player|p2|tecerdo|gentleman-gen4dp|1425
|gen|9
|tier|[Gen 9] OU
|rated|
|rule|HP Percentage Mod: HP is shown in percentages
|rule|Endless Battle Clause: Forcing endless battles is banned
|rule|Species Clause: Limit one of each Pokémon
|rule|OHKO Clause: OHKO moves are banned
|rule|Evasion Items Clause: Evasion items are banned
|rule|Evasion Moves Clause: Evasion moves are banned
|rule|Evasion Abilities Clause: Evasion abilities are banned
|rule|Sleep Moves Clause: Sleep-inducing moves are banned
|clearpoke
|poke|p1|Zapdos-Galar|
|poke|p1|Blissey, F|
|poke|p1|Darkrai|
|poke|p1|Gliscor, F|
|poke|p1|Skarmory, F|
|poke|p1|Pecharunt|
|poke|p2|Pelipper, M|
|poke|p2|Beartic, M|
|poke|p2|Barraskewda, F|
|poke|p2|Bellibolt, M|
|poke|p2|Toxicroak, M|
|poke|p2|Iron Treads|
|teampreview
|inactive|Battle timer is ON: inactive players will automatically lose when time's up. (requested by xxxduqi)
|
|t:|1779859498
|teamsize|p1|6
|teamsize|p2|6
|start
|switch|p1a: Zapdos|Zapdos-Galar|100/100
|switch|p2a: Pelipper|Pelipper, M|100/100
|-weather|RainDance|[from] ability: Drizzle|[of] p2a: Pelipper
|turn|1
|
|t:|1779859503
|move|p1a: Zapdos|Knock Off|p2a: Pelipper
|-damage|p2a: Pelipper|63/100
|-enditem|p2a: Pelipper|Damp Rock|[from] move: Knock Off|[of] p1a: Zapdos
|move|p2a: Pelipper|Hurricane|p1a: Zapdos
|-supereffective|p1a: Zapdos
|-damage|p1a: Zapdos|11/100
|
|-weather|RainDance|[upkeep]
|upkeep
|turn|2
|
|t:|1779859511
|switch|p1a: Gliscor|Gliscor, F|100/100
|move|p2a: Pelipper|U-turn|p1a: Gliscor
|-resisted|p1a: Gliscor
|-damage|p1a: Gliscor|97/100
|
|t:|1779859515
|switch|p2a: Beartic|Beartic, M|100/100|[from] U-turn
|
|-weather|RainDance|[upkeep]
|-status|p1a: Gliscor|tox|[from] item: Toxic Orb
|upkeep
|turn|3
|
|t:|1779859521
|switch|p1a: Pecharunt|Pecharunt|100/100
|-item|p1a: Pecharunt|Air Balloon
|move|p2a: Beartic|Icicle Spear|p1a: Pecharunt
|-damage|p1a: Pecharunt|92/100
|-enditem|p1a: Pecharunt|Air Balloon
|-damage|p1a: Pecharunt|84/100
|-crit|p1a: Pecharunt
|-damage|p1a: Pecharunt|71/100
|-damage|p1a: Pecharunt|63/100
|-hitcount|p1a: Pecharunt|4
|
|-weather|RainDance|[upkeep]
|upkeep
|turn|4
|
|t:|1779859535
|move|p2a: Beartic|Earthquake|p1a: Pecharunt
|-supereffective|p1a: Pecharunt
|-damage|p1a: Pecharunt|24/100
|move|p1a: Pecharunt|Recover|p1a: Pecharunt
|-heal|p1a: Pecharunt|74/100
|
|-weather|RainDance|[upkeep]
|upkeep
|turn|5
|
|t:|1779859541
|switch|p2a: Bellibolt|Bellibolt, M|100/100
|switch|p1a: Skarmory|Skarmory, F|100/100
|
|-weather|RainDance|[upkeep]
|upkeep
|turn|6
|
|t:|1779859546
|switch|p1a: Gliscor|Gliscor, F|97/100 tox
|move|p2a: Bellibolt|Weather Ball|p1a: Gliscor
|-supereffective|p1a: Gliscor
|-damage|p1a: Gliscor|1/100 tox
|
|-weather|RainDance|[upkeep]
|-heal|p1a: Gliscor|14/100 tox|[from] ability: Poison Heal
|upkeep
|turn|7
|
|t:|1779859549
|move|p1a: Gliscor|Protect|p1a: Gliscor
|-singleturn|p1a: Gliscor|Protect
|move|p2a: Bellibolt|Weather Ball|p1a: Gliscor
|-activate|p1a: Gliscor|move: Protect
|
|-weather|RainDance|[upkeep]
|-heal|p1a: Gliscor|26/100 tox|[from] ability: Poison Heal
|upkeep
|turn|8
|
|t:|1779859552
|switch|p1a: Blissey|Blissey, F|100/100
|move|p2a: Bellibolt|Weather Ball|p1a: Blissey
|-damage|p1a: Blissey|85/100
|
|-weather|none
|upkeep
|turn|9
|
|t:|1779859556
|switch|p2a: Iron Treads|Iron Treads|100/100
|move|p1a: Blissey|Stealth Rock|p2a: Iron Treads
|-sidestart|p2: tecerdo|move: Stealth Rock
|
|upkeep
|turn|10
|
|t:|1779859559
|move|p2a: Iron Treads|Rapid Spin|p1a: Blissey
|-damage|p1a: Blissey|73/100
|-boost|p2a: Iron Treads|spe|1
|-sideend|p2: tecerdo|Stealth Rock|[from] move: Rapid Spin|[of] p2a: Iron Treads
|move|p1a: Blissey|Seismic Toss|p2a: Iron Treads
|-damage|p2a: Iron Treads|69/100
|
|upkeep
|turn|11
|
|t:|1779859563
|switch|p1a: Gliscor|Gliscor, F|26/100 tox
|move|p2a: Iron Treads|Knock Off|p1a: Gliscor
|-damage|p1a: Gliscor|7/100 tox
|-enditem|p1a: Gliscor|Toxic Orb|[from] move: Knock Off|[of] p2a: Iron Treads
|
|-heal|p1a: Gliscor|20/100 tox|[from] ability: Poison Heal
|upkeep
|turn|12
|
|t:|1779859566
|move|p1a: Gliscor|Protect|p1a: Gliscor
|-singleturn|p1a: Gliscor|Protect
|move|p2a: Iron Treads|Knock Off|p1a: Gliscor
|-activate|p1a: Gliscor|move: Protect
|
|-heal|p1a: Gliscor|32/100 tox|[from] ability: Poison Heal
|upkeep
|turn|13
|
|t:|1779859572
|-end|p2a: Iron Treads|Quark Drive|[silent]
|switch|p2a: Pelipper|Pelipper, M|63/100
|-weather|RainDance|[from] ability: Drizzle|[of] p2a: Pelipper
|move|p1a: Gliscor|Knock Off|p2a: Pelipper
|-damage|p2a: Pelipper|53/100
|
|-weather|RainDance|[upkeep]
|-heal|p1a: Gliscor|45/100 tox|[from] ability: Poison Heal
|upkeep
|turn|14
|
|t:|1779859575
|move|p1a: Gliscor|Protect|p1a: Gliscor
|-singleturn|p1a: Gliscor|Protect
|move|p2a: Pelipper|Roost|p2a: Pelipper
|-heal|p2a: Pelipper|100/100
|-singleturn|p2a: Pelipper|move: Roost
|
|-weather|RainDance|[upkeep]
|-heal|p1a: Gliscor|57/100 tox|[from] ability: Poison Heal
|upkeep
|turn|15
|
|t:|1779859583
|move|p1a: Gliscor|Facade|p2a: Pelipper
|-damage|p2a: Pelipper|75/100
|move|p2a: Pelipper|Weather Ball|p1a: Gliscor
|-supereffective|p1a: Gliscor
|-damage|p1a: Gliscor|0 fnt
|faint|p1a: Gliscor
|
|-weather|RainDance|[upkeep]
|upkeep
|
|t:|1779859588
|switch|p1a: Zapdos|Zapdos-Galar|11/100
|turn|16
|
|t:|1779859592
|move|p1a: Zapdos|Brave Bird|p2a: Pelipper
|-damage|p2a: Pelipper|0 fnt
|faint|p2a: Pelipper
|-damage|p1a: Zapdos|0 fnt|[from] Recoil
|faint|p1a: Zapdos
|
|-weather|RainDance|[upkeep]
|upkeep
|
|t:|1779859599
|switch|p1a: Blissey|Blissey, F|73/100
|switch|p2a: Barraskewda|Barraskewda, F|100/100
|turn|17
|
|t:|1779859604
|switch|p1a: Skarmory|Skarmory, F|100/100
|-terastallize|p2a: Barraskewda|Water
|move|p2a: Barraskewda|Liquidation|p1a: Skarmory
|-damage|p1a: Skarmory|17/100
|-damage|p2a: Barraskewda|84/100|[from] item: Rocky Helmet|[of] p1a: Skarmory
|
|-weather|none
|upkeep
|turn|18
|
|t:|1779859610
|move|p2a: Barraskewda|Liquidation|p1a: Skarmory
|-damage|p1a: Skarmory|0 fnt
|-damage|p2a: Barraskewda|68/100|[from] item: Rocky Helmet|[of] p1a: Skarmory
|faint|p1a: Skarmory
|
|upkeep
|
|t:|1779859612
|switch|p1a: Pecharunt|Pecharunt|74/100
|turn|19
|
|t:|1779859617
|switch|p2a: Iron Treads|Iron Treads|69/100
|move|p1a: Pecharunt|Recover|p1a: Pecharunt
|-heal|p1a: Pecharunt|100/100
|
|upkeep
|turn|20
|
|t:|1779859620
|move|p2a: Iron Treads|Stealth Rock|p1a: Pecharunt
|-sidestart|p1: xxxduqi|move: Stealth Rock
|move|p1a: Pecharunt|Parting Shot|p2a: Iron Treads
|-unboost|p2a: Iron Treads|atk|1
|-unboost|p2a: Iron Treads|spa|1
|
|t:|1779859622
|switch|p1a: Blissey|Blissey, F|73/100|[from] Parting Shot
|
|upkeep
|turn|21
|
|t:|1779859626
|move|p2a: Iron Treads|Earthquake|p1a: Blissey
|-damage|p1a: Blissey|45/100
|move|p1a: Blissey|Seismic Toss|p2a: Iron Treads
|-damage|p2a: Iron Treads|38/100
|
|upkeep
|turn|22
|
|t:|1779859629
|move|p2a: Iron Treads|Earthquake|p1a: Blissey
|-damage|p1a: Blissey|18/100
|move|p1a: Blissey|Soft-Boiled|p1a: Blissey
|-heal|p1a: Blissey|68/100
|
|upkeep
|turn|23
|
|t:|1779859631
|move|p2a: Iron Treads|Earthquake|p1a: Blissey
|-damage|p1a: Blissey|44/100
|move|p1a: Blissey|Soft-Boiled|p1a: Blissey
|-heal|p1a: Blissey|94/100
|
|upkeep
|turn|24
|
|t:|1779859633
|move|p2a: Iron Treads|Earthquake|p1a: Blissey
|-damage|p1a: Blissey|66/100
|move|p1a: Blissey|Seismic Toss|p2a: Iron Treads
|-damage|p2a: Iron Treads|7/100
|
|upkeep
|turn|25
|
|t:|1779859636
|move|p2a: Iron Treads|Earthquake|p1a: Blissey
|-damage|p1a: Blissey|42/100
|move|p1a: Blissey|Stealth Rock|p2a: Iron Treads
|-sidestart|p2: tecerdo|move: Stealth Rock
|
|upkeep
|turn|26
|
|t:|1779859638
|move|p2a: Iron Treads|Earthquake|p1a: Blissey
|-damage|p1a: Blissey|17/100
|move|p1a: Blissey|Soft-Boiled|p1a: Blissey
|-heal|p1a: Blissey|67/100
|
|upkeep
|turn|27
|
|t:|1779859643
|move|p2a: Iron Treads|Earthquake|p1a: Blissey
|-damage|p1a: Blissey|41/100
|move|p1a: Blissey|Soft-Boiled|p1a: Blissey
|-heal|p1a: Blissey|91/100
|
|upkeep
|turn|28
|
|t:|1779859645
|move|p2a: Iron Treads|Earthquake|p1a: Blissey
|-damage|p1a: Blissey|66/100
|move|p1a: Blissey|Seismic Toss|p2a: Iron Treads
|-damage|p2a: Iron Treads|0 fnt
|faint|p2a: Iron Treads
|-end|p2a: Iron Treads|Quark Drive|[silent]
|
|upkeep
|
|t:|1779859648
|switch|p2a: Barraskewda|Barraskewda, F, tera:Water|68/100
|-damage|p2a: Barraskewda|56/100|[from] Stealth Rock
|turn|29
|
|t:|1779859657
|-terastallize|p1a: Blissey|Water
|move|p2a: Barraskewda|Liquidation|p1a: Blissey
|-resisted|p1a: Blissey
|-damage|p1a: Blissey|20/100
|move|p1a: Blissey|Thunder Wave|p2a: Barraskewda
|-status|p2a: Barraskewda|par
|
|upkeep
|turn|30
|
|t:|1779859663
|cant|p2a: Barraskewda|par
|move|p1a: Blissey|Soft-Boiled|p1a: Blissey
|-heal|p1a: Blissey|70/100
|
|upkeep
|turn|31
|
|t:|1779859665
|cant|p2a: Barraskewda|par
|move|p1a: Blissey|Soft-Boiled|p1a: Blissey
|-heal|p1a: Blissey|100/100
|
|upkeep
|turn|32
|
|t:|1779859667
|move|p2a: Barraskewda|Liquidation|p1a: Blissey
|-resisted|p1a: Blissey
|-damage|p1a: Blissey|56/100
|-unboost|p1a: Blissey|def|1
|move|p1a: Blissey|Seismic Toss|p2a: Barraskewda
|-damage|p2a: Barraskewda|18/100 par
|
|upkeep
|turn|33
|
|t:|1779859670
|cant|p2a: Barraskewda|par
|move|p1a: Blissey|Seismic Toss|p2a: Barraskewda
|-damage|p2a: Barraskewda|0 fnt
|faint|p2a: Barraskewda
|
|upkeep
|
|t:|1779859676
|switch|p2a: Beartic|Beartic, M|100/100
|-damage|p2a: Beartic|76/100|[from] Stealth Rock
|turn|34
|
|t:|1779859679
|move|p2a: Beartic|Earthquake|p1a: Blissey
|-damage|p1a: Blissey|1/100
|move|p1a: Blissey|Thunder Wave|p2a: Beartic
|-status|p2a: Beartic|par
|
|upkeep
|turn|35
|
|t:|1779859681
|move|p1a: Blissey|Seismic Toss|p2a: Beartic
|-damage|p2a: Beartic|46/100 par
|cant|p2a: Beartic|par
|
|upkeep
|turn|36
|
|t:|1779859685
|move|p1a: Blissey|Seismic Toss|p2a: Beartic
|-damage|p2a: Beartic|15/100 par
|move|p2a: Beartic|Earthquake|p1a: Blissey
|-damage|p1a: Blissey|0 fnt
|faint|p1a: Blissey
|
|upkeep
|
|t:|1779859689
|switch|p1a: Pecharunt|Pecharunt|100/100
|-damage|p1a: Pecharunt|88/100|[from] Stealth Rock
|turn|37
|
|t:|1779859691
|move|p1a: Pecharunt|Shadow Ball|p2a: Beartic
|-damage|p2a: Beartic|0 fnt
|faint|p2a: Beartic
|
|upkeep
|
|t:|1779859694
|switch|p2a: Bellibolt|Bellibolt, M|100/100
|-damage|p2a: Bellibolt|88/100|[from] Stealth Rock
|turn|38
|
|t:|1779859698
|move|p1a: Pecharunt|Malignant Chain|p2a: Bellibolt
|-damage|p2a: Bellibolt|71/100
|-status|p2a: Bellibolt|tox
|-start|p2a: Bellibolt|confusion|[from] ability: Poison Puppeteer|[of] p1a: Pecharunt
|-start|p2a: Bellibolt|Charge|Malignant Chain|[from] ability: Electromorphosis
|-activate|p2a: Bellibolt|confusion
|move|p2a: Bellibolt|Parabolic Charge|p1a: Pecharunt
|-damage|p1a: Pecharunt|30/100
|-heal|p2a: Bellibolt|100/100 tox|[from] drain|[of] p1a: Pecharunt
|-end|p2a: Bellibolt|Charge|[silent]
|
|-damage|p2a: Bellibolt|94/100 tox|[from] psn
|upkeep
|turn|39
|
|t:|1779859703
|move|p1a: Pecharunt|Recover|p1a: Pecharunt
|-heal|p1a: Pecharunt|80/100
|-activate|p2a: Bellibolt|confusion
|-damage|p2a: Bellibolt|89/100 tox|[from] confusion
|
|-damage|p2a: Bellibolt|77/100 tox|[from] psn
|upkeep
|turn|40
|
|t:|1779859710
|switch|p2a: Toxicroak|Toxicroak, M|100/100
|-damage|p2a: Toxicroak|94/100|[from] Stealth Rock
|move|p1a: Pecharunt|Malignant Chain|p2a: Toxicroak
|-resisted|p2a: Toxicroak
|-damage|p2a: Toxicroak|76/100
|
|upkeep
|turn|41
|
|t:|1779859713
|move|p1a: Pecharunt|Parting Shot|p2a: Toxicroak
|-unboost|p2a: Toxicroak|atk|1
|-unboost|p2a: Toxicroak|spa|1
|
|t:|1779859715
|switch|p1a: Darkrai|Darkrai|100/100|[from] Parting Shot
|move|p2a: Toxicroak|Knock Off|p1a: Darkrai
|-resisted|p1a: Darkrai
|-damage|p1a: Darkrai|91/100
|-enditem|p1a: Darkrai|Heavy-Duty Boots|[from] move: Knock Off|[of] p2a: Toxicroak
|
|upkeep
|turn|42
|
|t:|1779859718
|move|p1a: Darkrai|Will-O-Wisp|p2a: Toxicroak
|-status|p2a: Toxicroak|brn
|move|p2a: Toxicroak|Drain Punch|p1a: Darkrai
|-supereffective|p1a: Darkrai
|-damage|p1a: Darkrai|68/100
|-heal|p2a: Toxicroak|84/100 brn|[from] drain|[of] p1a: Darkrai
|
|-damage|p2a: Toxicroak|78/100 brn|[from] brn
|upkeep
|turn|43
|
|t:|1779859722
|move|p1a: Darkrai|Ice Beam|p2a: Toxicroak
|-damage|p2a: Toxicroak|35/100 brn
|move|p2a: Toxicroak|Drain Punch|p1a: Darkrai
|-supereffective|p1a: Darkrai
|-damage|p1a: Darkrai|42/100
|-heal|p2a: Toxicroak|45/100 brn|[from] drain|[of] p1a: Darkrai
|
|-damage|p2a: Toxicroak|39/100 brn|[from] brn
|upkeep
|turn|44
|
|t:|1779859724
|move|p1a: Darkrai|Ice Beam|p2a: Toxicroak
|-damage|p2a: Toxicroak|0 fnt
|faint|p2a: Toxicroak
|
|upkeep
|
|t:|1779859726
|switch|p2a: Bellibolt|Bellibolt, M|77/100 tox
|-damage|p2a: Bellibolt|65/100 tox|[from] Stealth Rock
|turn|45
|
|t:|1779859730
|move|p1a: Darkrai|Dark Pulse|p2a: Bellibolt
|-damage|p2a: Bellibolt|40/100 tox
|-start|p2a: Bellibolt|Charge|Dark Pulse|[from] ability: Electromorphosis
|move|p2a: Bellibolt|Parabolic Charge|p1a: Darkrai
|-damage|p1a: Darkrai|0 fnt
|-heal|p2a: Bellibolt|56/100 tox|[from] drain|[of] p1a: Darkrai
|faint|p1a: Darkrai
|-end|p2a: Bellibolt|Charge|[silent]
|
|-damage|p2a: Bellibolt|50/100 tox|[from] psn
|upkeep
|
|t:|1779859734
|switch|p1a: Pecharunt|Pecharunt|80/100
|-damage|p1a: Pecharunt|67/100|[from] Stealth Rock
|turn|46
|
|t:|1779859737
|move|p1a: Pecharunt|Recover|p1a: Pecharunt
|-heal|p1a: Pecharunt|100/100
|move|p2a: Bellibolt|Parabolic Charge|p1a: Pecharunt
|-damage|p1a: Pecharunt|71/100
|-heal|p2a: Bellibolt|66/100 tox|[from] drain|[of] p1a: Pecharunt
|
|-damage|p2a: Bellibolt|54/100 tox|[from] psn
|upkeep
|turn|47
|
|t:|1779859739
|move|p1a: Pecharunt|Parting Shot|p2a: Bellibolt
|-unboost|p2a: Bellibolt|atk|1
|-unboost|p2a: Bellibolt|spa|1
|move|p2a: Bellibolt|Parabolic Charge|p1a: Pecharunt
|-damage|p1a: Pecharunt|50/100
|-heal|p2a: Bellibolt|65/100 tox|[from] drain|[of] p1a: Pecharunt
|
|-damage|p2a: Bellibolt|47/100 tox|[from] psn
|upkeep
|turn|48
|
|t:|1779859742
|move|p1a: Pecharunt|Parting Shot|p2a: Bellibolt
|-unboost|p2a: Bellibolt|atk|1
|-unboost|p2a: Bellibolt|spa|1
|move|p2a: Bellibolt|Thunder|p1a: Pecharunt
|-damage|p1a: Pecharunt|22/100
|
|-damage|p2a: Bellibolt|23/100 tox|[from] psn
|upkeep
|turn|49
|
|t:|1779859748
|move|p1a: Pecharunt|Malignant Chain|p2a: Bellibolt
|-damage|p2a: Bellibolt|5/100 tox
|-start|p2a: Bellibolt|Charge|Malignant Chain|[from] ability: Electromorphosis
|move|p2a: Bellibolt|Thunder|p1a: Pecharunt
|-damage|p1a: Pecharunt|0 fnt
|faint|p1a: Pecharunt
|-end|p2a: Bellibolt|Charge|[silent]
|
|win|tecerdo
|raw|xxxduqi's rating: 1457 &rarr; <strong>1435</strong><br />(-22 for losing)
|raw|tecerdo's rating: 1425 &rarr; <strong>1447</strong><br />(+22 for winning)
|l|☆xxxduqi
|player|p1|
|c|☆tecerdo|you haxi fuck
|l|☆tecerdo
|player|p2|
