|badge|p2|bronze|gen9ubers|100-9
|uhtml|medal-msg|<div class="broadcast-blue">Curious what those medals under the avatar are? PS now has Ladder Seasons! For more information, check out the <a href="https://www.smogon.com/forums/threads/3740067/">thread on Smogon.</a></div>
|j|☆difspa
|j|☆itztrip
|t:|1779901332
|gametype|singles
|player|p1|difspa|101|1667
|player|p2|itztrip|proton|1624
|gen|9
|tier|[Gen 9] OU
|rated|
|rule|HP Percentage Mod: HP is shown in percentages
|rule|Endless Battle Clause: Forcing endless battles is banned
|rule|Species Clause: Limit one of each Pokémon
|rule|OHKO Clause: OHKO moves are banned
|rule|Evasion Items Clause: Evasion items are banned
|rule|Evasion Moves Clause: Evasion moves are banned
|rule|Evasion Abilities Clause: Evasion abilities are banned
|rule|Sleep Moves Clause: Sleep-inducing moves are banned
|clearpoke
|poke|p1|Tyranitar, F|
|poke|p1|Excadrill, F|
|poke|p1|Slowking-Galar, M|
|poke|p1|Dragapult, F|
|poke|p1|Ogerpon-Wellspring, F|
|poke|p1|Corviknight, F|
|poke|p2|Darkrai|
|poke|p2|Garchomp, M|
|poke|p2|Alomomola, F|
|poke|p2|Corviknight, M|
|poke|p2|Weezing-Galar, M|
|poke|p2|Ogerpon, F|
|teampreview
|inactive|Battle timer is ON: inactive players will automatically lose when time's up. (requested by itztrip)
|
|t:|1779901346
|teamsize|p1|6
|teamsize|p2|6
|start
|switch|p1a: Dragapult|Dragapult, F|100/100
|switch|p2a: Darkrai|Darkrai|100/100
|turn|1
|
|t:|1779901349
|switch|p1a: Tyranitar|Tyranitar, F|100/100
|-weather|Sandstorm|[from] ability: Sand Stream|[of] p1a: Tyranitar
|switch|p2a: Alomomola|Alomomola, F|100/100
|
|-weather|Sandstorm|[upkeep]
|-damage|p2a: Alomomola|94/100|[from] Sandstorm
|upkeep
|turn|2
|
|t:|1779901353
|switch|p1a: Corviknight|Corviknight, F|100/100
|-ability|p1a: Corviknight|Pressure
|move|p2a: Alomomola|Flip Turn|p1a: Corviknight
|-damage|p1a: Corviknight|90/100
|-damage|p2a: Alomomola|78/100|[from] item: Rocky Helmet|[of] p1a: Corviknight
|
|t:|1779901357
|switch|p2a: Weezing|Weezing-Galar, M|100/100|[from] Flip Turn
|-ability|p2a: Weezing|Neutralizing Gas
|
|-weather|Sandstorm|[upkeep]
|-damage|p2a: Weezing|94/100|[from] Sandstorm
|upkeep
|turn|3
|
|t:|1779901359
|switch|p1a: Slowking|Slowking-Galar, M|100/100
|move|p2a: Weezing|Will-O-Wisp|p1a: Slowking
|-status|p1a: Slowking|brn
|
|-weather|Sandstorm|[upkeep]
|-damage|p2a: Weezing|88/100|[from] Sandstorm
|-damage|p1a: Slowking|94/100 brn|[from] Sandstorm
|-damage|p1a: Slowking|88/100 brn|[from] brn
|upkeep
|turn|4
|
|t:|1779901361
|-end|p2a: Weezing|ability: Neutralizing Gas
|switch|p2a: Alomomola|Alomomola, F|100/100
|move|p1a: Slowking|Future Sight|p2a: Alomomola
|-start|p1a: Slowking|move: Future Sight
|
|-weather|Sandstorm|[upkeep]
|-damage|p2a: Alomomola|94/100|[from] Sandstorm
|-damage|p1a: Slowking|82/100 brn|[from] Sandstorm
|-damage|p1a: Slowking|76/100 brn|[from] brn
|upkeep
|turn|5
|
|t:|1779901364
|move|p2a: Alomomola|Body Slam|p1a: Slowking
|-damage|p1a: Slowking|61/100 brn
|move|p1a: Slowking|Sludge Bomb|p2a: Alomomola
|-damage|p2a: Alomomola|75/100
|-status|p2a: Alomomola|psn
|
|-weather|Sandstorm|[upkeep]
|-damage|p2a: Alomomola|69/100 psn|[from] Sandstorm
|-damage|p1a: Slowking|55/100 brn|[from] Sandstorm
|-damage|p2a: Alomomola|57/100 psn|[from] psn
|-damage|p1a: Slowking|48/100 brn|[from] brn
|upkeep
|turn|6
|
|t:|1779901375
|switch|p1a: Ogerpon|Ogerpon-Wellspring, F|100/100
|move|p2a: Alomomola|Flip Turn|p1a: Ogerpon
|-immune|p1a: Ogerpon|[from] ability: Water Absorb
|
|-weather|Sandstorm|[upkeep]
|-damage|p1a: Ogerpon|95/100|[from] Sandstorm
|-damage|p2a: Alomomola|51/100 psn|[from] Sandstorm
|-end|p2a: Alomomola|move: Future Sight
|-damage|p2a: Alomomola|25/100 psn
|-damage|p2a: Alomomola|13/100 psn|[from] psn
|upkeep
|turn|7
|
|t:|1779901381
|switch|p2a: Corviknight|Corviknight, M|100/100
|-ability|p2a: Corviknight|Pressure
|move|p1a: Ogerpon|Ivy Cudgel|p2a: Corviknight|[anim] Ivy Cudgel Water
|-damage|p2a: Corviknight|51/100
|
|-weather|Sandstorm|[upkeep]
|-damage|p1a: Ogerpon|89/100|[from] Sandstorm
|upkeep
|turn|8
|
|t:|1779901384
|-terastallize|p1a: Ogerpon|Water
|detailschange|p1a: Ogerpon|Ogerpon-Wellspring-Tera, F, tera:Water
|-ability|p1a: Ogerpon|Embody Aspect (Wellspring)|boost
|-boost|p1a: Ogerpon|spd|1
|move|p1a: Ogerpon|Ivy Cudgel|p2a: Corviknight|[anim] Ivy Cudgel Water
|-crit|p2a: Corviknight
|-damage|p2a: Corviknight|0 fnt
|faint|p2a: Corviknight
|
|-weather|none
|upkeep
|
|t:|1779901389
|switch|p2a: Weezing|Weezing-Galar, M|88/100
|-ability|p2a: Weezing|Neutralizing Gas
|turn|9
|
|t:|1779901392
|switch|p1a: Slowking|Slowking-Galar, M|82/100 brn
|move|p2a: Weezing|Will-O-Wisp|p1a: Slowking
|-fail|p1a: Slowking|brn
|
|-damage|p1a: Slowking|76/100 brn|[from] brn
|upkeep
|turn|10
|
|t:|1779901395
|-end|p2a: Weezing|ability: Neutralizing Gas
|switch|p2a: Alomomola|Alomomola, F|46/100 psn
|move|p1a: Slowking|Future Sight|p2a: Alomomola
|-start|p1a: Slowking|move: Future Sight
|
|-damage|p2a: Alomomola|34/100 psn|[from] psn
|-damage|p1a: Slowking|70/100 brn|[from] brn
|upkeep
|turn|11
|
|t:|1779901398
|move|p2a: Alomomola|Body Slam|p1a: Slowking
|-damage|p1a: Slowking|54/100 brn
|move|p1a: Slowking|Sludge Bomb|p2a: Alomomola
|-damage|p2a: Alomomola|13/100 psn
|
|-damage|p2a: Alomomola|0 fnt|[from] psn
|faint|p2a: Alomomola
|-damage|p1a: Slowking|48/100 brn|[from] brn
|upkeep
|
|t:|1779901401
|switch|p2a: Darkrai|Darkrai|100/100
|turn|12
|
|t:|1779901405
|switch|p1a: Tyranitar|Tyranitar, F|100/100
|-weather|Sandstorm|[from] ability: Sand Stream|[of] p1a: Tyranitar
|move|p2a: Darkrai|Focus Blast|p1a: Tyranitar|[miss]
|-miss|p2a: Darkrai|p1a: Tyranitar
|
|-weather|Sandstorm|[upkeep]
|-damage|p2a: Darkrai|94/100|[from] Sandstorm
|-end|p2a: Darkrai|move: Future Sight
|-immune|p2a: Darkrai
|upkeep
|turn|13
|
|t:|1779901409
|move|p2a: Darkrai|Focus Blast|p1a: Tyranitar
|-supereffective|p1a: Tyranitar
|-damage|p1a: Tyranitar|3/100
|move|p1a: Tyranitar|Stealth Rock|p2a: Darkrai
|-sidestart|p2: itztrip|move: Stealth Rock
|
|-weather|Sandstorm|[upkeep]
|-damage|p2a: Darkrai|88/100|[from] Sandstorm
|upkeep
|turn|14
|
|t:|1779901413
|switch|p2a: Weezing|Weezing-Galar, M|88/100
|-ability|p2a: Weezing|Neutralizing Gas
|switch|p1a: Dragapult|Dragapult, F|100/100
|
|-weather|Sandstorm|[upkeep]
|-damage|p1a: Dragapult|95/100|[from] Sandstorm
|-damage|p2a: Weezing|82/100|[from] Sandstorm
|upkeep
|turn|15
|
|t:|1779901419
|move|p1a: Dragapult|U-turn|p2a: Weezing
|-resisted|p2a: Weezing
|-damage|p2a: Weezing|79/100
|
|t:|1779901427
|switch|p1a: Slowking|Slowking-Galar, M|81/100 brn|[from] U-turn
|move|p2a: Weezing|Defog|p1a: Slowking
|-unboost|p1a: Slowking|evasion|1
|-sideend|p2: itztrip|Stealth Rock|[from] move: Defog|[of] p2a: Weezing
|
|-weather|Sandstorm|[upkeep]
|-damage|p2a: Weezing|73/100|[from] Sandstorm
|-damage|p1a: Slowking|75/100 brn|[from] Sandstorm
|-damage|p1a: Slowking|69/100 brn|[from] brn
|upkeep
|turn|16
|
|t:|1779901434
|-end|p2a: Weezing|ability: Neutralizing Gas
|switch|p2a: Garchomp|Garchomp, M|100/100
|move|p1a: Slowking|Sludge Bomb|p2a: Garchomp
|-resisted|p2a: Garchomp
|-damage|p2a: Garchomp|80/100
|
|-weather|Sandstorm|[upkeep]
|-damage|p1a: Slowking|63/100 brn|[from] Sandstorm
|-damage|p1a: Slowking|57/100 brn|[from] brn
|upkeep
|turn|17
|
|t:|1779901438
|switch|p1a: Corviknight|Corviknight, F|90/100
|-ability|p1a: Corviknight|Pressure
|move|p2a: Garchomp|Stealth Rock|p1a: Corviknight
|-sidestart|p1: difspa|move: Stealth Rock
|
|-weather|Sandstorm|[upkeep]
|upkeep
|turn|18
|
|t:|1779901439
|move|p2a: Garchomp|Spikes|p1a: Corviknight
|-sidestart|p1: difspa|Spikes
|move|p1a: Corviknight|Defog|p2a: Garchomp
|-unboost|p2a: Garchomp|evasion|1
|-sideend|p1: difspa|Spikes|[from] move: Defog|[of] p1a: Corviknight
|-sideend|p1: difspa|Stealth Rock|[from] move: Defog|[of] p1a: Corviknight
|
|-weather|Sandstorm|[upkeep]
|upkeep
|turn|19
|
|t:|1779901444
|move|p2a: Garchomp|Spikes|p1a: Corviknight
|-sidestart|p1: difspa|Spikes
|move|p1a: Corviknight|Defog|p2a: Garchomp
|-unboost|p2a: Garchomp|evasion|1
|-sideend|p1: difspa|Spikes|[from] move: Defog|[of] p1a: Corviknight
|
|-weather|none
|upkeep
|turn|20
|
|t:|1779901455
|switch|p1a: Dragapult|Dragapult, F|95/100
|move|p2a: Garchomp|Stealth Rock|p1a: Dragapult
|-sidestart|p1: difspa|move: Stealth Rock
|
|upkeep
|turn|21
|
|t:|1779901458
|switch|p2a: Weezing|Weezing-Galar, M|73/100
|-ability|p2a: Weezing|Neutralizing Gas
|move|p1a: Dragapult|Draco Meteor|p2a: Weezing
|-immune|p2a: Weezing
|
|upkeep
|turn|22
|
|t:|1779901462
|switch|p1a: Slowking|Slowking-Galar, M|90/100 brn
|-damage|p1a: Slowking|78/100 brn|[from] Stealth Rock
|-end|p2a: Weezing|ability: Neutralizing Gas
|switch|p2a: Darkrai|Darkrai|88/100
|
|-damage|p1a: Slowking|72/100 brn|[from] brn
|upkeep
|turn|23
|
|t:|1779901464
|move|p2a: Darkrai|Dark Pulse|p1a: Slowking
|-supereffective|p1a: Slowking
|-damage|p1a: Slowking|9/100 brn
|move|p1a: Slowking|Sludge Bomb|p2a: Darkrai
|-damage|p2a: Darkrai|35/100
|
|-damage|p1a: Slowking|3/100 brn|[from] brn
|upkeep
|turn|24
|
|t:|1779901473
|move|p2a: Darkrai|Dark Pulse|p1a: Slowking
|-supereffective|p1a: Slowking
|-damage|p1a: Slowking|0 fnt
|faint|p1a: Slowking
|
|upkeep
|
|t:|1779901479
|switch|p1a: Ogerpon|Ogerpon-Wellspring-Tera, F, tera:Water|89/100
|-damage|p1a: Ogerpon|76/100|[from] Stealth Rock
|-ability|p1a: Ogerpon|Embody Aspect (Wellspring)|boost
|-boost|p1a: Ogerpon|spd|1
|turn|25
|j| Monkey D MinMin
|
|t:|1779901492
|switch|p2a: Weezing|Weezing-Galar, M|73/100
|-ability|p2a: Weezing|Neutralizing Gas
|move|p1a: Ogerpon|Swords Dance|p1a: Ogerpon
|-boost|p1a: Ogerpon|atk|2
|
|upkeep
|turn|26
|
|t:|1779901495
|move|p1a: Ogerpon|Ivy Cudgel|p2a: Weezing|[anim] Ivy Cudgel Water
|-damage|p2a: Weezing|0 fnt
|faint|p2a: Weezing
|-end|p2a: Weezing|ability: Neutralizing Gas
|
|upkeep
|
|t:|1779901497
|switch|p2a: Ogerpon|Ogerpon, F|100/100
|turn|27
|
|t:|1779901501
|switch|p2a: Darkrai|Darkrai|35/100
|switch|p1a: Corviknight|Corviknight, F|90/100
|-damage|p1a: Corviknight|78/100|[from] Stealth Rock
|-ability|p1a: Corviknight|Pressure
|
|upkeep
|turn|28
|
|t:|1779901504
|move|p2a: Darkrai|Dark Pulse|p1a: Corviknight
|-damage|p1a: Corviknight|13/100
|move|p1a: Corviknight|Defog|p2a: Darkrai
|-unboost|p2a: Darkrai|evasion|1
|-sideend|p1: difspa|Stealth Rock|[from] move: Defog|[of] p1a: Corviknight
|
|upkeep
|turn|29
|
|t:|1779901512
|switch|p1a: Tyranitar|Tyranitar, F|3/100
|-weather|Sandstorm|[from] ability: Sand Stream|[of] p1a: Tyranitar
|move|p2a: Darkrai|Dark Pulse|p1a: Tyranitar
|-resisted|p1a: Tyranitar
|-damage|p1a: Tyranitar|0 fnt
|faint|p1a: Tyranitar
|
|-weather|Sandstorm|[upkeep]
|-damage|p2a: Darkrai|29/100|[from] Sandstorm
|upkeep
|
|t:|1779901513
|switch|p1a: Excadrill|Excadrill, F|100/100
|-item|p1a: Excadrill|Air Balloon
|turn|30
|
|t:|1779901520
|move|p1a: Excadrill|Rock Slide|p2a: Darkrai
|-damage|p2a: Darkrai|0 fnt
|faint|p2a: Darkrai
|
|-weather|Sandstorm|[upkeep]
|upkeep
|
|t:|1779901522
|switch|p2a: Garchomp|Garchomp, M|80/100
|turn|31
|
|t:|1779901526
|move|p1a: Excadrill|Swords Dance|p1a: Excadrill
|-boost|p1a: Excadrill|atk|2
|move|p2a: Garchomp|Dragon Tail|p1a: Excadrill
|-resisted|p1a: Excadrill
|-damage|p1a: Excadrill|81/100
|-enditem|p1a: Excadrill|Air Balloon
|drag|p1a: Dragapult|Dragapult, F|95/100
|
|-weather|Sandstorm|[upkeep]
|-damage|p1a: Dragapult|89/100|[from] Sandstorm
|upkeep
|turn|32
|j| Lowladderubersnoob
|
|t:|1779901530
|move|p1a: Dragapult|Draco Meteor|p2a: Garchomp
|-supereffective|p2a: Garchomp
|-damage|p2a: Garchomp|0 fnt
|-unboost|p1a: Dragapult|spa|2
|faint|p2a: Garchomp
|
|-weather|Sandstorm|[upkeep]
|-damage|p1a: Dragapult|83/100|[from] Sandstorm
|upkeep
|
|t:|1779901532
|switch|p2a: Ogerpon|Ogerpon, F|100/100
|turn|33
|
|t:|1779901537
|switch|p1a: Corviknight|Corviknight, F|13/100
|-ability|p1a: Corviknight|Pressure
|-terastallize|p2a: Ogerpon|Grass
|detailschange|p2a: Ogerpon|Ogerpon-Teal-Tera, F, tera:Grass
|-ability|p2a: Ogerpon|Embody Aspect (Teal)|boost
|-boost|p2a: Ogerpon|spe|1
|move|p2a: Ogerpon|Knock Off|p1a: Corviknight
|-damage|p1a: Corviknight|0 fnt
|-damage|p2a: Ogerpon|84/100|[from] item: Rocky Helmet|[of] p1a: Corviknight
|-enditem|p1a: Corviknight|Rocky Helmet|[from] move: Knock Off|[of] p2a: Ogerpon
|faint|p1a: Corviknight
|
|-weather|Sandstorm|[upkeep]
|-damage|p2a: Ogerpon|78/100|[from] Sandstorm
|upkeep
|
|t:|1779901540
|switch|p1a: Excadrill|Excadrill, F|81/100
|turn|34
|
|t:|1779901542
|move|p1a: Excadrill|Rock Slide|p2a: Ogerpon
|-damage|p2a: Ogerpon|45/100
|move|p2a: Ogerpon|Ivy Cudgel|p1a: Excadrill
|-crit|p1a: Excadrill
|-damage|p1a: Excadrill|0 fnt
|faint|p1a: Excadrill
|
|-weather|Sandstorm|[upkeep]
|-damage|p2a: Ogerpon|39/100|[from] Sandstorm
|upkeep
|
|t:|1779901546
|switch|p1a: Dragapult|Dragapult, F|83/100
|turn|35
|
|t:|1779901548
|move|p2a: Ogerpon|Knock Off|p1a: Dragapult
|-supereffective|p1a: Dragapult
|-damage|p1a: Dragapult|0 fnt
|-enditem|p1a: Dragapult|Choice Specs|[from] move: Knock Off|[of] p2a: Ogerpon
|faint|p1a: Dragapult
|
|-weather|Sandstorm|[upkeep]
|-damage|p2a: Ogerpon|33/100|[from] Sandstorm
|upkeep
|
|t:|1779901551
|switch|p1a: Ogerpon|Ogerpon-Wellspring-Tera, F, tera:Water|76/100
|-ability|p1a: Ogerpon|Embody Aspect (Wellspring)|boost
|-boost|p1a: Ogerpon|spd|1
|turn|36
|
|t:|1779901554
|move|p2a: Ogerpon|Ivy Cudgel|p1a: Ogerpon
|-supereffective|p1a: Ogerpon
|-crit|p1a: Ogerpon
|-damage|p1a: Ogerpon|0 fnt
|faint|p1a: Ogerpon
|detailschange|p1: Ogerpon|Ogerpon-Wellspring, F|[silent]
|
|win|itztrip
|raw|difspa's rating: 1667 &rarr; <strong>1643</strong><br />(-24 for losing)
|raw|itztrip's rating: 1602 &rarr; <strong>1626</strong><br />(+24 for winning)
