|j|☆mio12eews
|j|☆gummiworm
|t:|1779866123
|gametype|singles
|player|p1|mio12eews|cynthia|1210
|player|p2|gummiworm|169|1174
|gen|9
|tier|[Gen 9] OU
|rated|
|rule|HP Percentage Mod: HP is shown in percentages
|rule|Endless Battle Clause: Forcing endless battles is banned
|rule|Species Clause: Limit one of each Pokémon
|rule|OHKO Clause: OHKO moves are banned
|rule|Evasion Items Clause: Evasion items are banned
|rule|Evasion Moves Clause: Evasion moves are banned
|rule|Evasion Abilities Clause: Evasion abilities are banned
|rule|Sleep Moves Clause: Sleep-inducing moves are banned
|clearpoke
|poke|p1|Corviknight, F|
|poke|p1|Jolteon, M|
|poke|p1|Garchomp, F|
|poke|p1|Ogerpon-Wellspring, F|
|poke|p1|Gholdengo|
|poke|p1|Gliscor, F|
|poke|p2|Regieleki|
|poke|p2|Regidrago|
|poke|p2|Regirock|
|poke|p2|Regice|
|poke|p2|Registeel|
|poke|p2|Regigigas|
|teampreview
|inactive|Battle timer is ON: inactive players will automatically lose when time's up. (requested by mio12eews)
|
|t:|1779866137
|teamsize|p1|6
|teamsize|p2|6
|start
|switch|p1a: Ogerpon|Ogerpon-Wellspring, F|100/100
|switch|p2a: Registeel|Registeel|100/100
|turn|1
|
|t:|1779866145
|move|p1a: Ogerpon|Swords Dance|p1a: Ogerpon
|-boost|p1a: Ogerpon|atk|2
|move|p2a: Registeel|Thunder Wave|p1a: Ogerpon
|-status|p1a: Ogerpon|par
|
|upkeep
|turn|2
|
|t:|1779866153
|move|p1a: Ogerpon|Swords Dance|p1a: Ogerpon
|-boost|p1a: Ogerpon|atk|2
|move|p2a: Registeel|Iron Defense|p2a: Registeel
|-boost|p2a: Registeel|def|2
|
|upkeep
|turn|3
|
|t:|1779866160
|move|p1a: Ogerpon|Ivy Cudgel|p2a: Registeel|[anim] Ivy Cudgel Water
|-damage|p2a: Registeel|47/100
|move|p2a: Registeel|Iron Defense|p2a: Registeel
|-boost|p2a: Registeel|def|2
|
|-heal|p2a: Registeel|54/100|[from] item: Leftovers
|upkeep
|turn|4
|
|t:|1779866169
|move|p1a: Ogerpon|Ivy Cudgel|p2a: Registeel|[anim] Ivy Cudgel Water
|-damage|p2a: Registeel|22/100
|move|p2a: Registeel|Body Press|p1a: Ogerpon
|-crit|p1a: Ogerpon
|-damage|p1a: Ogerpon|0 fnt
|faint|p1a: Ogerpon
|
|-heal|p2a: Registeel|28/100|[from] item: Leftovers
|upkeep
|
|t:|1779866182
|switch|p1a: Gliscor|Gliscor, F|100/100
|turn|5
|
|t:|1779866187
|move|p1a: Gliscor|Earthquake|p2a: Registeel
|-supereffective|p2a: Registeel
|-damage|p2a: Registeel|16/100
|move|p2a: Registeel|Iron Defense|p2a: Registeel
|-boost|p2a: Registeel|def|2
|
|-heal|p2a: Registeel|22/100|[from] item: Leftovers
|-status|p1a: Gliscor|tox|[from] item: Toxic Orb
|upkeep
|turn|6
|
|t:|1779866196
|move|p1a: Gliscor|Earthquake|p2a: Registeel
|-supereffective|p2a: Registeel
|-damage|p2a: Registeel|11/100
|move|p2a: Registeel|Body Press|p1a: Gliscor
|-resisted|p1a: Gliscor
|-damage|p1a: Gliscor|52/100 tox
|
|-heal|p2a: Registeel|17/100|[from] item: Leftovers
|-heal|p1a: Gliscor|65/100 tox|[from] ability: Poison Heal
|upkeep
|turn|7
|-message|mio12eews forfeited.
|
|win|gummiworm
|raw|mio12eews's rating: 1210 &rarr; <strong>1182</strong><br />(-28 for losing)
|raw|gummiworm's rating: 1174 &rarr; <strong>1202</strong><br />(+28 for winning)
|l|☆mio12eews
|player|p1|
|l|☆gummiworm
|player|p2|
