|j|☆h f ddgbbv
|j|☆Staller1067
|t:|1779864471
|gametype|singles
|player|p1|h f ddgbbv|170|1084
|player|p2|Staller1067|170|1090
|gen|9
|tier|[Gen 9] OU
|rated|
|rule|HP Percentage Mod: HP is shown in percentages
|rule|Endless Battle Clause: Forcing endless battles is banned
|rule|Species Clause: Limit one of each Pokémon
|rule|OHKO Clause: OHKO moves are banned
|rule|Evasion Items Clause: Evasion items are banned
|rule|Evasion Moves Clause: Evasion moves are banned
|rule|Evasion Abilities Clause: Evasion abilities are banned
|rule|Sleep Moves Clause: Sleep-inducing moves are banned
|clearpoke
|poke|p1|Hatterene, F|
|poke|p1|Volcanion|
|poke|p1|Zamazenta-*|
|poke|p1|Ceruledge, M|
|poke|p1|Glastrier|
|poke|p1|Ursaluna, M|
|poke|p2|Landorus-Therian, M|
|poke|p2|Samurott-Hisui, F|
|poke|p2|Iron Valiant|
|poke|p2|Zamazenta-*|
|poke|p2|Iron Moth|
|poke|p2|Polteageist|
|teampreview
|
|t:|1779864507
|teamsize|p1|6
|teamsize|p2|6
|start
|switch|p1a: Hatterene|Hatterene, F|100/100
|switch|p2a: Samurott|Samurott-Hisui, F|100/100
|turn|1
|
|t:|1779864515
|move|p2a: Samurott|Ceaseless Edge|p1a: Hatterene
|-damage|p1a: Hatterene|44/100
|-sidestart|p1: h f ddgbbv|Spikes
|move|p1a: Hatterene|Trick Room|p1a: Hatterene
|-fieldstart|move: Trick Room|[of] p1a: Hatterene
|
|upkeep
|turn|2
|
|t:|1779864521
|move|p1a: Hatterene|Draining Kiss|p2a: Samurott
|-supereffective|p2a: Samurott
|-damage|p2a: Samurott|7/100
|-heal|p1a: Hatterene|100/100|[from] drain|[of] p2a: Samurott
|move|p2a: Samurott|Ceaseless Edge|p1a: Hatterene|[miss]
|-miss|p2a: Samurott|p1a: Hatterene
|
|upkeep
|turn|3
|
|t:|1779864532
|move|p2a: Samurott|Aqua Jet|p1a: Hatterene
|-damage|p1a: Hatterene|77/100
|move|p1a: Hatterene|Draining Kiss|p2a: Samurott
|-supereffective|p2a: Samurott
|-damage|p2a: Samurott|0 fnt
|-heal|p1a: Hatterene|83/100|[from] drain|[of] p2a: Samurott
|faint|p2a: Samurott
|
|upkeep
|
|t:|1779864550
|switch|p2a: Polteageist|Polteageist|100/100
|turn|4
|
|t:|1779864558
|move|p1a: Hatterene|Mystical Fire|p2a: Polteageist
|-damage|p2a: Polteageist|66/100
|-unboost|p2a: Polteageist|spa|1
|move|p2a: Polteageist|Shadow Ball|p1a: Hatterene
|-supereffective|p1a: Hatterene
|-enditem|p1a: Hatterene|Kasib Berry|[eat]
|-enditem|p1a: Hatterene|Kasib Berry|[weaken]
|-damage|p1a: Hatterene|52/100
|
|upkeep
|turn|5
|
|t:|1779864573
|switch|p1a: Ursaluna|Ursaluna, M|100/100
|-damage|p1a: Ursaluna|88/100|[from] Spikes
|move|p2a: Polteageist|Shell Smash|p2a: Polteageist
|-unboost|p2a: Polteageist|def|1
|-unboost|p2a: Polteageist|spd|1
|-boost|p2a: Polteageist|atk|2
|-boost|p2a: Polteageist|spa|2
|-boost|p2a: Polteageist|spe|2
|
|-fieldend|move: Trick Room
|-status|p1a: Ursaluna|brn|[from] item: Flame Orb
|upkeep
|turn|6
|
|t:|1779864587
|move|p2a: Polteageist|Stored Power|p1a: Ursaluna
|-damage|p1a: Ursaluna|37/100 brn
|move|p1a: Ursaluna|Earthquake|p2a: Polteageist
|-damage|p2a: Polteageist|0 fnt
|faint|p2a: Polteageist
|
|-damage|p1a: Ursaluna|31/100 brn|[from] brn
|upkeep
|
|t:|1779864600
|switch|p2a: Iron Moth|Iron Moth|100/100
|-enditem|p2a: Iron Moth|Booster Energy
|-activate|p2a: Iron Moth|ability: Quark Drive|[fromitem]
|-start|p2a: Iron Moth|quarkdrivespe
|turn|7
|
|t:|1779864613
|switch|p1a: Volcanion|Volcanion|100/100
|-damage|p1a: Volcanion|88/100|[from] Spikes
|move|p2a: Iron Moth|Fiery Dance|p1a: Volcanion
|-resisted|p1a: Volcanion
|-damage|p1a: Volcanion|78/100
|
|upkeep
|turn|8
|
|t:|1779864623
|-terastallize|p2a: Iron Moth|Fairy
|move|p2a: Iron Moth|Sludge Wave|p1a: Volcanion
|-damage|p1a: Volcanion|33/100
|move|p1a: Volcanion|Steam Eruption|p2a: Iron Moth
|-damage|p2a: Iron Moth|29/100
|
|upkeep
|turn|9
|
|t:|1779864676
|move|p2a: Iron Moth|Sludge Wave|p1a: Volcanion
|-damage|p1a: Volcanion|0 fnt
|faint|p1a: Volcanion
|
|upkeep
|
|t:|1779864681
|switch|p1a: Zamazenta|Zamazenta|100/100
|-damage|p1a: Zamazenta|88/100|[from] Spikes
|-ability|p1a: Zamazenta|Dauntless Shield|boost
|-boost|p1a: Zamazenta|def|1
|turn|10
|
|t:|1779864687
|move|p1a: Zamazenta|Iron Head|p2a: Iron Moth
|-supereffective|p2a: Iron Moth
|-damage|p2a: Iron Moth|0 fnt
|faint|p2a: Iron Moth
|-end|p2a: Iron Moth|Quark Drive|[silent]
|
|upkeep
|
|t:|1779864704
|switch|p2a: Landorus|Landorus-Therian, M|100/100
|-ability|p2a: Landorus|Intimidate|boost
|-unboost|p1a: Zamazenta|atk|1
|turn|11
|
|t:|1779864714
|switch|p1a: Glastrier|Glastrier|100/100
|-damage|p1a: Glastrier|88/100|[from] Spikes
|move|p2a: Landorus|Earth Power|p1a: Glastrier
|-damage|p1a: Glastrier|61/100
|
|upkeep
|turn|12
|
|t:|1779864729
|move|p2a: Landorus|Stealth Rock|p1a: Glastrier
|-sidestart|p1: h f ddgbbv|move: Stealth Rock
|move|p1a: Glastrier|Zen Headbutt|p2a: Landorus
|-damage|p2a: Landorus|65/100
|-damage|p1a: Glastrier|44/100|[from] item: Rocky Helmet|[of] p2a: Landorus
|
|upkeep
|turn|13
|
|t:|1779864737
|move|p2a: Landorus|Earth Power|p1a: Glastrier
|-damage|p1a: Glastrier|17/100
|move|p1a: Glastrier|Avalanche|p2a: Landorus
|-supereffective|p2a: Landorus
|-damage|p2a: Landorus|0 fnt
|-damage|p1a: Glastrier|0 fnt|[from] item: Rocky Helmet|[of] p2a: Landorus
|faint|p2a: Landorus
|faint|p1a: Glastrier
|
|upkeep
|
|t:|1779864756
|switch|p2a: Iron Valiant|Iron Valiant|100/100
|switch|p1a: Hatterene|Hatterene, F|52/100
|-damage|p1a: Hatterene|40/100|[from] Spikes
|-damage|p1a: Hatterene|28/100|[from] Stealth Rock
|-enditem|p2a: Iron Valiant|Booster Energy
|-activate|p2a: Iron Valiant|ability: Quark Drive|[fromitem]
|-start|p2a: Iron Valiant|quarkdrivespe
|turn|14
|
|t:|1779864771
|move|p2a: Iron Valiant|Moonblast|p1a: Hatterene
|-damage|p1a: Hatterene|0 fnt
|faint|p1a: Hatterene
|
|upkeep
|
|t:|1779864791
|switch|p1a: Zamazenta|Zamazenta|88/100
|-damage|p1a: Zamazenta|76/100|[from] Spikes
|-damage|p1a: Zamazenta|70/100|[from] Stealth Rock
|turn|15
|
|t:|1779864808
|-terastallize|p1a: Zamazenta|Electric
|move|p1a: Zamazenta|Iron Head|p2a: Iron Valiant
|-supereffective|p2a: Iron Valiant
|-damage|p2a: Iron Valiant|26/100
|move|p2a: Iron Valiant|Moonblast|p1a: Zamazenta
|-damage|p1a: Zamazenta|28/100
|
|upkeep
|turn|16
|
|t:|1779864817
|move|p1a: Zamazenta|Iron Head|p2a: Iron Valiant
|-supereffective|p2a: Iron Valiant
|-damage|p2a: Iron Valiant|0 fnt
|faint|p2a: Iron Valiant
|-end|p2a: Iron Valiant|Quark Drive|[silent]
|
|upkeep
|
|t:|1779864820
|switch|p2a: Zamazenta|Zamazenta|100/100
|-ability|p2a: Zamazenta|Dauntless Shield|boost
|-boost|p2a: Zamazenta|def|1
|turn|17
|
|t:|1779864830
|move|p1a: Zamazenta|Iron Head|p2a: Zamazenta
|-damage|p2a: Zamazenta|86/100
|move|p2a: Zamazenta|Iron Defense|p2a: Zamazenta
|-boost|p2a: Zamazenta|def|2
|
|-heal|p2a: Zamazenta|92/100|[from] item: Leftovers
|upkeep
|turn|18
|
|t:|1779864843
|switch|p1a: Ceruledge|Ceruledge, M|100/100
|-damage|p1a: Ceruledge|88/100|[from] Spikes
|-damage|p1a: Ceruledge|63/100|[from] Stealth Rock
|move|p2a: Zamazenta|Iron Defense|p2a: Zamazenta
|-boost|p2a: Zamazenta|def|2
|
|-heal|p2a: Zamazenta|98/100|[from] item: Leftovers
|upkeep
|turn|19
|
|t:|1779864854
|move|p1a: Ceruledge|Destiny Bond|p1a: Ceruledge
|-singlemove|p1a: Ceruledge|Destiny Bond
|move|p2a: Zamazenta|Roar|p1a: Ceruledge
|drag|p1a: Ursaluna|Ursaluna, M|31/100 brn
|-damage|p1a: Ursaluna|18/100 brn|[from] Spikes
|-damage|p1a: Ursaluna|12/100 brn|[from] Stealth Rock
|
|-heal|p2a: Zamazenta|100/100|[from] item: Leftovers
|-damage|p1a: Ursaluna|6/100 brn|[from] brn
|upkeep
|turn|20
|-message|h f ddgbbv forfeited.
|
|win|Staller1067
|raw|h f ddgbbv's rating: 1084 &rarr; <strong>1062</strong><br />(-22 for losing)
|raw|Staller1067's rating: 1090 &rarr; <strong>1116</strong><br />(+26 for winning)
|l|☆h f ddgbbv
|player|p1|
|l|☆Staller1067
|player|p2|
