|j|☆jbrunson
|j|☆hattybatty304
|t:|1779893506
|gametype|singles
|player|p1|jbrunson|buck|1447
|player|p2|hattybatty304|swimmerf|1419
|gen|9
|tier|[Gen 9] OU
|rated|
|rule|HP Percentage Mod: HP is shown in percentages
|rule|Endless Battle Clause: Forcing endless battles is banned
|rule|Species Clause: Limit one of each Pokémon
|rule|OHKO Clause: OHKO moves are banned
|rule|Evasion Items Clause: Evasion items are banned
|rule|Evasion Moves Clause: Evasion moves are banned
|rule|Evasion Abilities Clause: Evasion abilities are banned
|rule|Sleep Moves Clause: Sleep-inducing moves are banned
|clearpoke
|poke|p1|Iron Moth|
|poke|p1|Gliscor, F|
|poke|p1|Hatterene, F|
|poke|p1|Ogerpon-Wellspring, F|
|poke|p1|Raging Bolt|
|poke|p1|Zamazenta-*|
|poke|p2|Hatterene, F|
|poke|p2|Meowscarada, F|
|poke|p2|Primarina, F|
|poke|p2|Cinderace, F|
|poke|p2|Pecharunt|
|poke|p2|Inteleon, F|
|teampreview
|inactive|Battle timer is ON: inactive players will automatically lose when time's up. (requested by hattybatty304)
|
|t:|1779893517
|teamsize|p1|6
|teamsize|p2|6
|start
|switch|p1a: Zamazenta|Zamazenta|100/100
|switch|p2a: Miss TakeYoMan|Meowscarada, F|100/100
|-ability|p1a: Zamazenta|Dauntless Shield|boost
|-boost|p1a: Zamazenta|def|1
|turn|1
|
|t:|1779893522
|switch|p2a: Mosquito|Pecharunt|100/100
|move|p1a: Zamazenta|Close Combat|p2a: Mosquito
|-immune|p2a: Mosquito
|
|upkeep
|turn|2
|
|t:|1779893529
|move|p1a: Zamazenta|Light Screen|p1a: Zamazenta
|-sidestart|p1: jbrunson|move: Light Screen
|move|p2a: Mosquito|Nasty Plot|p2a: Mosquito
|-boost|p2a: Mosquito|spa|2
|
|upkeep
|turn|3
|
|t:|1779893542
|switch|p1a: Gliscor|Gliscor, F|100/100
|move|p2a: Mosquito|Malignant Chain|p1a: Gliscor
|-resisted|p1a: Gliscor
|-damage|p1a: Gliscor|82/100
|-status|p1a: Gliscor|tox
|-start|p1a: Gliscor|confusion|[from] ability: Poison Puppeteer|[of] p2a: Mosquito
|
|-heal|p1a: Gliscor|94/100 tox|[from] ability: Poison Heal
|upkeep
|turn|4
|
|t:|1779893551
|-activate|p1a: Gliscor|confusion
|move|p1a: Gliscor|Agility|p1a: Gliscor
|-boost|p1a: Gliscor|spe|2
|move|p2a: Mosquito|Nasty Plot|p2a: Mosquito
|-boost|p2a: Mosquito|spa|2
|
|-heal|p1a: Gliscor|100/100 tox|[from] ability: Poison Heal
|upkeep
|turn|5
|
|t:|1779893558
|-activate|p1a: Gliscor|confusion
|-damage|p1a: Gliscor|90/100 tox|[from] confusion
|move|p2a: Mosquito|Shadow Ball|p1a: Gliscor
|-damage|p1a: Gliscor|41/100 tox
|
|-heal|p1a: Gliscor|53/100 tox|[from] ability: Poison Heal
|upkeep
|turn|6
|
|t:|1779893563
|-activate|p1a: Gliscor|confusion
|move|p1a: Gliscor|Earthquake|p2a: Mosquito
|-supereffective|p2a: Mosquito
|-damage|p2a: Mosquito|55/100
|move|p2a: Mosquito|Malignant Chain|p1a: Gliscor
|-resisted|p1a: Gliscor
|-damage|p1a: Gliscor|24/100 tox
|
|-heal|p1a: Gliscor|37/100 tox|[from] ability: Poison Heal
|upkeep
|turn|7
|
|t:|1779893570
|-activate|p1a: Gliscor|confusion
|move|p1a: Gliscor|Earthquake|p2a: Mosquito
|-supereffective|p2a: Mosquito
|-damage|p2a: Mosquito|14/100
|move|p2a: Mosquito|Shadow Ball|p1a: Gliscor
|-damage|p1a: Gliscor|0 fnt
|faint|p1a: Gliscor
|
|upkeep
|
|t:|1779893595
|switch|p1a: Ogerpon|Ogerpon-Wellspring, F|100/100
|turn|8
|
|t:|1779893602
|move|p1a: Ogerpon|Ivy Cudgel|p2a: Mosquito|[anim] Ivy Cudgel Water
|-damage|p2a: Mosquito|0 fnt
|faint|p2a: Mosquito
|
|upkeep
|
|t:|1779893606
|switch|p2a: Miss TakeYoMan|Meowscarada, F|100/100
|turn|9
|
|t:|1779893622
|switch|p1a: Zamazenta|Zamazenta|100/100
|move|p2a: Miss TakeYoMan|U-turn|p1a: Zamazenta
|-start|p2a: Miss TakeYoMan|typechange|Bug|[from] ability: Protean
|-resisted|p1a: Zamazenta
|-damage|p1a: Zamazenta|82/100
|
|t:|1779893629
|switch|p2a: Rapunzal|Primarina, F, shiny|100/100|[from] U-turn
|
|-sideend|p1: jbrunson|move: Light Screen
|upkeep
|turn|10
|
|t:|1779893641
|move|p1a: Zamazenta|Light Screen|p1a: Zamazenta
|-sidestart|p1: jbrunson|move: Light Screen
|move|p2a: Rapunzal|Psychic|p1a: Zamazenta
|-supereffective|p1a: Zamazenta
|-damage|p1a: Zamazenta|58/100
|
|upkeep
|turn|11
|
|t:|1779893645
|move|p1a: Zamazenta|Reflect|p1a: Zamazenta
|-sidestart|p1: jbrunson|Reflect
|move|p2a: Rapunzal|Psychic|p1a: Zamazenta
|-supereffective|p1a: Zamazenta
|-damage|p1a: Zamazenta|34/100
|
|upkeep
|turn|12
|
|t:|1779893653
|switch|p1a: Hatterene|Hatterene, F|100/100
|move|p2a: Rapunzal|Psychic|p1a: Hatterene
|-resisted|p1a: Hatterene
|-damage|p1a: Hatterene|93/100
|
|-heal|p1a: Hatterene|99/100|[from] item: Leftovers
|upkeep
|turn|13
|
|t:|1779893657
|move|p2a: Rapunzal|Psychic Noise|p1a: Hatterene
|-damage|p1a: Hatterene|80/100
|-start|p1a: Hatterene|move: Heal Block
|move|p1a: Hatterene|Calm Mind|p1a: Hatterene
|-boost|p1a: Hatterene|spa|1
|-boost|p1a: Hatterene|spd|1
|
|upkeep
|turn|14
|
|t:|1779893665
|move|p2a: Rapunzal|Shadow Ball|p1a: Hatterene
|-supereffective|p1a: Hatterene
|-damage|p1a: Hatterene|62/100
|move|p1a: Hatterene|Calm Mind|p1a: Hatterene
|-boost|p1a: Hatterene|spa|1
|-boost|p1a: Hatterene|spd|1
|
|-end|p1a: Hatterene|move: Heal Block
|upkeep
|turn|15
|
|t:|1779893672
|move|p2a: Rapunzal|Psychic Noise|p1a: Hatterene
|-crit|p1a: Hatterene
|-damage|p1a: Hatterene|1/100
|-start|p1a: Hatterene|move: Heal Block
|move|p1a: Hatterene|Stored Power|p2a: Rapunzal
|-damage|p2a: Rapunzal|57/100
|
|upkeep
|turn|16
|
|t:|1779893679
|move|p2a: Rapunzal|Shadow Ball|p1a: Hatterene
|-supereffective|p1a: Hatterene
|-crit|p1a: Hatterene
|-damage|p1a: Hatterene|0 fnt
|faint|p1a: Hatterene
|
|upkeep
|
|t:|1779893691
|switch|p1a: Raging Bolt|Raging Bolt|100/100
|-enditem|p1a: Raging Bolt|Booster Energy
|-activate|p1a: Raging Bolt|ability: Protosynthesis|[fromitem]
|-start|p1a: Raging Bolt|protosynthesisspa
|turn|17
|
|t:|1779893704
|move|p1a: Raging Bolt|Thunderbolt|p2a: Rapunzal
|-supereffective|p2a: Rapunzal
|-damage|p2a: Rapunzal|0 fnt
|faint|p2a: Rapunzal
|
|-sideend|p1: jbrunson|move: Light Screen
|upkeep
|
|t:|1779893708
|switch|p2a: BATTYGAL|Hatterene, F|100/100
|turn|18
|inactive|jbrunson has 120 seconds left.
|
|t:|1779893741
|move|p1a: Raging Bolt|Thunderbolt|p2a: BATTYGAL
|-damage|p2a: BATTYGAL|68/100
|move|p2a: BATTYGAL|Psychic Noise|p1a: Raging Bolt
|-damage|p1a: Raging Bolt|70/100
|-start|p1a: Raging Bolt|move: Heal Block
|
|-sideend|p1: jbrunson|Reflect
|upkeep
|turn|19
|inactive|jbrunson has 120 seconds left.
|
|t:|1779893756
|-end|p1a: Raging Bolt|Protosynthesis|[silent]
|switch|p1a: Iron Moth|Iron Moth|100/100
|-enditem|p1a: Iron Moth|Booster Energy
|-activate|p1a: Iron Moth|ability: Quark Drive|[fromitem]
|-start|p1a: Iron Moth|quarkdrivespe
|move|p2a: BATTYGAL|Draining Kiss|p1a: Iron Moth
|-resisted|p1a: Iron Moth
|-damage|p1a: Iron Moth|95/100
|-heal|p2a: BATTYGAL|73/100|[from] drain|[of] p1a: Iron Moth
|
|upkeep
|turn|20
|
|t:|1779893761
|-terastallize|p2a: BATTYGAL|Steel
|move|p1a: Iron Moth|Sludge Wave|p2a: BATTYGAL
|-immune|p2a: BATTYGAL
|move|p2a: BATTYGAL|Psychic Noise|p1a: Iron Moth
|-supereffective|p1a: Iron Moth
|-damage|p1a: Iron Moth|30/100
|-start|p1a: Iron Moth|move: Heal Block
|
|upkeep
|turn|21
|
|t:|1779893772
|move|p1a: Iron Moth|Fiery Dance|p2a: BATTYGAL
|-supereffective|p2a: BATTYGAL
|-damage|p2a: BATTYGAL|33/100
|move|p2a: BATTYGAL|Psychic Noise|p1a: Iron Moth
|-supereffective|p1a: Iron Moth
|-damage|p1a: Iron Moth|0 fnt
|faint|p1a: Iron Moth
|-end|p1a: Iron Moth|Quark Drive|[silent]
|
|upkeep
|
|t:|1779893782
|switch|p1a: Zamazenta|Zamazenta|34/100
|turn|22
|
|t:|1779893786
|move|p1a: Zamazenta|Close Combat|p2a: BATTYGAL
|-supereffective|p2a: BATTYGAL
|-damage|p2a: BATTYGAL|0 fnt
|-unboost|p1a: Zamazenta|def|1
|-unboost|p1a: Zamazenta|spd|1
|faint|p2a: BATTYGAL
|
|upkeep
|
|t:|1779893795
|switch|p2a: Lm10|Cinderace, F|100/100
|turn|23
|
|t:|1779893801
|move|p1a: Zamazenta|Reflect|p1a: Zamazenta
|-sidestart|p1: jbrunson|Reflect
|move|p2a: Lm10|Will-O-Wisp|p1a: Zamazenta
|-status|p1a: Zamazenta|brn
|
|-damage|p1a: Zamazenta|28/100 brn|[from] brn
|upkeep
|turn|24
|
|t:|1779893805
|move|p1a: Zamazenta|Light Screen|p1a: Zamazenta
|-sidestart|p1: jbrunson|move: Light Screen
|move|p2a: Lm10|Court Change|p2a: Lm10
|-start|p2a: Lm10|typechange|Normal|[from] ability: Libero
|-swapsideconditions
|-activate|p2a: Lm10|move: Court Change
|
|-damage|p1a: Zamazenta|22/100 brn|[from] brn
|upkeep
|turn|25
|c|☆jbrunson|im dumb af
|c|☆jbrunson|wp
|
|t:|1779893816
|switch|p2a: WidowMaker|Inteleon, F, shiny|100/100
|move|p1a: Zamazenta|Close Combat|p2a: WidowMaker
|-damage|p2a: WidowMaker|78/100
|-unboost|p1a: Zamazenta|def|1
|-unboost|p1a: Zamazenta|spd|1
|
|-damage|p1a: Zamazenta|16/100 brn|[from] brn
|upkeep
|turn|26
|
|t:|1779893820
|move|p2a: WidowMaker|Vacuum Wave|p1a: Zamazenta
|-damage|p1a: Zamazenta|0 fnt
|faint|p1a: Zamazenta
|
|upkeep
|
|t:|1779893824
|switch|p1a: Ogerpon|Ogerpon-Wellspring, F|100/100
|turn|27
|
|t:|1779893832
|move|p2a: WidowMaker|Dark Pulse|p1a: Ogerpon
|-damage|p1a: Ogerpon|67/100
|cant|p1a: Ogerpon|flinch
|
|upkeep
|turn|28
|
|t:|1779893837
|move|p2a: WidowMaker|Dark Pulse|p1a: Ogerpon
|-damage|p1a: Ogerpon|34/100
|move|p1a: Ogerpon|Trailblaze|p2a: WidowMaker
|-supereffective|p2a: WidowMaker
|-damage|p2a: WidowMaker|24/100
|-boost|p1a: Ogerpon|spe|1
|
|upkeep
|turn|29
|
|t:|1779893850
|move|p2a: WidowMaker|Vacuum Wave|p1a: Ogerpon
|-damage|p1a: Ogerpon|18/100
|move|p1a: Ogerpon|Trailblaze|p2a: WidowMaker
|-supereffective|p2a: WidowMaker
|-crit|p2a: WidowMaker
|-damage|p2a: WidowMaker|0 fnt
|-boost|p1a: Ogerpon|spe|1
|faint|p2a: WidowMaker
|
|upkeep
|
|t:|1779893855
|switch|p2a: Lm10|Cinderace, F|100/100
|turn|30
|
|t:|1779893862
|-terastallize|p1a: Ogerpon|Water
|detailschange|p1a: Ogerpon|Ogerpon-Wellspring-Tera, F, tera:Water
|-ability|p1a: Ogerpon|Embody Aspect (Wellspring)|boost
|-boost|p1a: Ogerpon|spd|1
|move|p2a: Lm10|Sucker Punch|p1a: Ogerpon
|-start|p2a: Lm10|typechange|Dark|[from] ability: Libero
|-damage|p1a: Ogerpon|0 fnt
|faint|p1a: Ogerpon
|detailschange|p1: Ogerpon|Ogerpon-Wellspring, F|[silent]
|
|-sideend|p2: hattybatty304|Reflect
|upkeep
|
|t:|1779893871
|switch|p1a: Raging Bolt|Raging Bolt|70/100
|turn|31
|
|t:|1779893875
|move|p2a: Lm10|Pyro Ball|p1a: Raging Bolt
|-resisted|p1a: Raging Bolt
|-damage|p1a: Raging Bolt|53/100
|-status|p1a: Raging Bolt|brn
|move|p1a: Raging Bolt|Calm Mind|p1a: Raging Bolt
|-boost|p1a: Raging Bolt|spa|1
|-boost|p1a: Raging Bolt|spd|1
|
|-damage|p1a: Raging Bolt|47/100 brn|[from] brn
|-sideend|p2: hattybatty304|move: Light Screen
|upkeep
|turn|32
|
|t:|1779893885
|move|p2a: Lm10|Sucker Punch||[still]
|-fail|p2a: Lm10
|move|p1a: Raging Bolt|Calm Mind|p1a: Raging Bolt
|-boost|p1a: Raging Bolt|spa|1
|-boost|p1a: Raging Bolt|spd|1
|
|-damage|p1a: Raging Bolt|41/100 brn|[from] brn
|upkeep
|turn|33
|
|t:|1779893890
|move|p2a: Lm10|Sucker Punch|p1a: Raging Bolt
|-damage|p1a: Raging Bolt|8/100 brn
|move|p1a: Raging Bolt|Thunderbolt|p2a: Lm10
|-damage|p2a: Lm10|0 fnt
|faint|p2a: Lm10
|
|-damage|p1a: Raging Bolt|2/100 brn|[from] brn
|upkeep
|
|t:|1779893893
|switch|p2a: Miss TakeYoMan|Meowscarada, F|100/100
|turn|34
|
|t:|1779893897
|move|p2a: Miss TakeYoMan|Sucker Punch|p1a: Raging Bolt
|-start|p2a: Miss TakeYoMan|typechange|Dark|[from] ability: Protean
|-damage|p1a: Raging Bolt|0 fnt
|faint|p1a: Raging Bolt
|-end|p1a: Raging Bolt|Protosynthesis|[silent]
|
|win|hattybatty304
|raw|jbrunson's rating: 1447 &rarr; <strong>1425</strong><br />(-22 for losing)
|raw|hattybatty304's rating: 1419 &rarr; <strong>1441</strong><br />(+22 for winning)
|l|☆jbrunson
|player|p1|
|c|☆hattybatty304|Gg
|l|☆hattybatty304
|player|p2|
