|j|☆TASIGUR77
|j|☆zydzidogazu
|t:|1779966597
|gametype|singles
|player|p1|TASIGUR77|n|1197
|player|p2|zydzidogazu|swimmerf-gen4|1230
|gen|9
|tier|[Gen 9] OU
|rated|
|rule|HP Percentage Mod: HP is shown in percentages
|rule|Endless Battle Clause: Forcing endless battles is banned
|rule|Species Clause: Limit one of each Pokémon
|rule|OHKO Clause: OHKO moves are banned
|rule|Evasion Items Clause: Evasion items are banned
|rule|Evasion Moves Clause: Evasion moves are banned
|rule|Evasion Abilities Clause: Evasion abilities are banned
|rule|Sleep Moves Clause: Sleep-inducing moves are banned
|clearpoke
|poke|p1|Samurott-Hisui, M|
|poke|p1|Iron Moth|
|poke|p1|Toxapex, F|
|poke|p1|Wo-Chien|
|poke|p1|Dragapult, F|
|poke|p1|Glimmora, M|
|poke|p2|Meowscarada, F|
|poke|p2|Zapdos|
|poke|p2|Munkidori, M|
|poke|p2|Great Tusk|
|poke|p2|Garganacl, M|
|poke|p2|Ninetales-Alola, M|
|teampreview
|inactive|Battle timer is ON: inactive players will automatically lose when time's up. (requested by TASIGUR77)
|
|t:|1779966608
|teamsize|p1|6
|teamsize|p2|6
|start
|switch|p1a: Samurott|Samurott-Hisui, M|100/100
|switch|p2a: Meowscarada|Meowscarada, F, shiny|100/100
|turn|1
|
|t:|1779966618
|move|p2a: Meowscarada|Flower Trick|p1a: Samurott
|-start|p2a: Meowscarada|typechange|Grass|[from] ability: Protean
|-supereffective|p1a: Samurott
|-crit|p1a: Samurott
|-damage|p1a: Samurott|0 fnt
|faint|p1a: Samurott
|
|upkeep
|
|t:|1779966624
|switch|p1a: Iron Moth|Iron Moth|100/100
|-enditem|p1a: Iron Moth|Booster Energy
|-activate|p1a: Iron Moth|ability: Quark Drive|[fromitem]
|-start|p1a: Iron Moth|quarkdrivespa
|turn|2
|
|t:|1779966632
|move|p2a: Meowscarada|Spikes|p1a: Iron Moth
|-sidestart|p1: TASIGUR77|Spikes
|move|p1a: Iron Moth|Flamethrower|p2a: Meowscarada
|-supereffective|p2a: Meowscarada
|-enditem|p2a: Meowscarada|Focus Sash
|-damage|p2a: Meowscarada|1/100
|
|upkeep
|turn|3
|
|t:|1779966653
|move|p2a: Meowscarada|Spikes|p1a: Iron Moth
|-sidestart|p1: TASIGUR77|Spikes
|move|p1a: Iron Moth|Flamethrower|p2a: Meowscarada
|-supereffective|p2a: Meowscarada
|-crit|p2a: Meowscarada
|-damage|p2a: Meowscarada|0 fnt
|faint|p2a: Meowscarada
|
|upkeep
|
|t:|1779966663
|switch|p2a: Great Tusk|Great Tusk|100/100
|turn|4
|
|t:|1779966667
|move|p1a: Iron Moth|Psychic|p2a: Great Tusk
|-supereffective|p2a: Great Tusk
|-damage|p2a: Great Tusk|0 fnt
|faint|p2a: Great Tusk
|-end|p2a: Great Tusk|Protosynthesis|[silent]
|
|upkeep
|
|t:|1779966670
|switch|p2a: Garganacl|Garganacl, M|100/100
|turn|5
|
|t:|1779966673
|move|p1a: Iron Moth|Flash Cannon|p2a: Garganacl
|-supereffective|p2a: Garganacl
|-damage|p2a: Garganacl|54/100
|-unboost|p2a: Garganacl|spd|1
|move|p2a: Garganacl|Earthquake|p1a: Iron Moth
|-supereffective|p1a: Iron Moth
|-damage|p1a: Iron Moth|0 fnt
|faint|p1a: Iron Moth
|-end|p1a: Iron Moth|Quark Drive|[silent]
|
|-heal|p2a: Garganacl|60/100|[from] item: Leftovers
|upkeep
|
|t:|1779966678
|switch|p1a: Toxapex|Toxapex, F|100/100
|-damage|p1a: Toxapex|84/100|[from] Spikes
|turn|6
|
|t:|1779966682
|move|p1a: Toxapex|Surf|p2a: Garganacl
|-supereffective|p2a: Garganacl
|-damage|p2a: Garganacl|27/100
|move|p2a: Garganacl|Earthquake|p1a: Toxapex
|-supereffective|p1a: Toxapex
|-damage|p1a: Toxapex|56/100
|
|-heal|p2a: Garganacl|33/100|[from] item: Leftovers
|-heal|p1a: Toxapex|63/100|[from] item: Black Sludge
|upkeep
|turn|7
|
|t:|1779966691
|move|p1a: Toxapex|Surf|p2a: Garganacl
|-supereffective|p2a: Garganacl
|-damage|p2a: Garganacl|0 fnt
|faint|p2a: Garganacl
|
|-heal|p1a: Toxapex|69/100|[from] item: Black Sludge
|upkeep
|
|t:|1779966694
|switch|p2a: Zapdos|Zapdos|100/100
|-ability|p2a: Zapdos|Pressure
|turn|8
|
|t:|1779966698
|switch|p1a: Glimmora|Glimmora, M|100/100
|-damage|p1a: Glimmora|84/100|[from] Spikes
|move|p2a: Zapdos|Thunderbolt|p1a: Glimmora
|-damage|p1a: Glimmora|15/100
|
|-heal|p1a: Glimmora|21/100|[from] item: Leftovers
|upkeep
|turn|9
|
|t:|1779966703
|move|p1a: Glimmora|Sludge Wave|p2a: Zapdos
|-damage|p2a: Zapdos|52/100
|move|p2a: Zapdos|Thunderbolt|p1a: Glimmora
|-damage|p1a: Glimmora|0 fnt
|faint|p1a: Glimmora
|
|upkeep
|
|t:|1779966711
|switch|p1a: Wo-Chien|Wo-Chien|100/100
|-damage|p1a: Wo-Chien|84/100|[from] Spikes
|-ability|p1a: Wo-Chien|Tablets of Ruin
|turn|10
|inactive|zydzidogazu has 120 seconds left.
|
|t:|1779966752
|move|p2a: Zapdos|Heat Wave|p1a: Wo-Chien
|-supereffective|p1a: Wo-Chien
|-damage|p1a: Wo-Chien|48/100
|move|p1a: Wo-Chien|Ruination|p2a: Zapdos
|-damage|p2a: Zapdos|27/100
|
|upkeep
|turn|11
|
|t:|1779966759
|move|p2a: Zapdos|Roost|p2a: Zapdos
|-heal|p2a: Zapdos|77/100
|-singleturn|p2a: Zapdos|move: Roost
|move|p1a: Wo-Chien|Knock Off|p2a: Zapdos
|-damage|p2a: Zapdos|45/100
|-enditem|p2a: Zapdos|Heavy-Duty Boots|[from] move: Knock Off|[of] p1a: Wo-Chien
|
|upkeep
|turn|12
|
|t:|1779966767
|move|p2a: Zapdos|Heat Wave|p1a: Wo-Chien
|-supereffective|p1a: Wo-Chien
|-damage|p1a: Wo-Chien|11/100
|move|p1a: Wo-Chien|Ruination|p2a: Zapdos
|-damage|p2a: Zapdos|23/100
|
|upkeep
|turn|13
|
|t:|1779966773
|move|p2a: Zapdos|Roost|p2a: Zapdos
|-heal|p2a: Zapdos|73/100
|-singleturn|p2a: Zapdos|move: Roost
|move|p1a: Wo-Chien|Knock Off|p2a: Zapdos
|-damage|p2a: Zapdos|52/100
|
|upkeep
|turn|14
|
|t:|1779966790
|move|p2a: Zapdos|Heat Wave|p1a: Wo-Chien
|-supereffective|p1a: Wo-Chien
|-damage|p1a: Wo-Chien|0 fnt
|faint|p1a: Wo-Chien
|
|upkeep
|
|t:|1779966795
|switch|p1a: Dragapult|Dragapult, F|100/100
|-damage|p1a: Dragapult|84/100|[from] Spikes
|turn|15
|
|t:|1779966805
|move|p1a: Dragapult|Dragon Dance|p1a: Dragapult
|-boost|p1a: Dragapult|atk|1
|-boost|p1a: Dragapult|spe|1
|move|p2a: Zapdos|Thunderbolt|p1a: Dragapult
|-resisted|p1a: Dragapult
|-damage|p1a: Dragapult|50/100
|
|upkeep
|turn|16
|
|t:|1779966813
|move|p1a: Dragapult|Dragon Darts|p2a: Zapdos
|-damage|p2a: Zapdos|0 fnt
|faint|p2a: Zapdos
|-damage|p1a: Dragapult|40/100|[from] item: Life Orb
|
|upkeep
|
|t:|1779966816
|switch|p2a: Ninetales|Ninetales-Alola, M|100/100
|-weather|Snowscape|[from] ability: Snow Warning|[of] p2a: Ninetales
|turn|17
|
|t:|1779966820
|move|p1a: Dragapult|Phantom Force||[still]
|-prepare|p1a: Dragapult|Phantom Force
|move|p2a: Ninetales|Moonblast|p1a: Dragapult|[miss]
|-miss|p2a: Ninetales|p1a: Dragapult
|
|-weather|Snowscape|[upkeep]
|upkeep
|turn|18
|
|t:|1779966824
|move|p1a: Dragapult|Phantom Force|p2a: Ninetales|[from] lockedmove
|-damage|p2a: Ninetales|21/100
|-damage|p1a: Dragapult|30/100|[from] item: Life Orb
|move|p2a: Ninetales|Calm Mind|p2a: Ninetales
|-boost|p2a: Ninetales|spa|1
|-boost|p2a: Ninetales|spd|1
|
|-weather|Snowscape|[upkeep]
|-heal|p2a: Ninetales|27/100|[from] item: Leftovers
|upkeep
|turn|19
|
|t:|1779966829
|move|p1a: Dragapult|Phantom Force||[still]
|-prepare|p1a: Dragapult|Phantom Force
|move|p2a: Ninetales|Moonblast|p1a: Dragapult|[miss]
|-miss|p2a: Ninetales|p1a: Dragapult
|
|-weather|Snowscape|[upkeep]
|-heal|p2a: Ninetales|33/100|[from] item: Leftovers
|upkeep
|turn|20
|
|t:|1779966832
|move|p1a: Dragapult|Phantom Force|p2a: Ninetales|[from] lockedmove
|-damage|p2a: Ninetales|0 fnt
|faint|p2a: Ninetales
|-damage|p1a: Dragapult|21/100|[from] item: Life Orb
|
|-weather|Snowscape|[upkeep]
|upkeep
|
|t:|1779966836
|switch|p2a: Munkidori|Munkidori, M|100/100
|turn|21
|
|t:|1779966843
|-terastallize|p2a: Munkidori|Poison
|move|p1a: Dragapult|Phantom Force||[still]
|-prepare|p1a: Dragapult|Phantom Force
|move|p2a: Munkidori|Shadow Ball|p1a: Dragapult|[miss]
|-miss|p2a: Munkidori|p1a: Dragapult
|
|-weather|none
|upkeep
|turn|22
|
|t:|1779966858
|move|p1a: Dragapult|Phantom Force|p2a: Munkidori|[from] lockedmove
|-damage|p2a: Munkidori|0 fnt
|faint|p2a: Munkidori
|-damage|p1a: Dragapult|11/100|[from] item: Life Orb
|
|win|TASIGUR77
|raw|TASIGUR77's rating: 1197 &rarr; <strong>1224</strong><br />(+27 for winning)
|raw|zydzidogazu's rating: 1230 &rarr; <strong>1203</strong><br />(-27 for losing)
|l|☆TASIGUR77
|player|p1|
|l|☆zydzidogazu
|player|p2|
