|j|☆Daybrick
|j|☆1100 smurf
|t:|1779901374
|gametype|singles
|player|p1|Daybrick|102|1486
|player|p2|1100 smurf|preschooler|1512
|gen|9
|tier|[Gen 9] OU
|rated|
|rule|HP Percentage Mod: HP is shown in percentages
|rule|Endless Battle Clause: Forcing endless battles is banned
|rule|Species Clause: Limit one of each Pokémon
|rule|OHKO Clause: OHKO moves are banned
|rule|Evasion Items Clause: Evasion items are banned
|rule|Evasion Moves Clause: Evasion moves are banned
|rule|Evasion Abilities Clause: Evasion abilities are banned
|rule|Sleep Moves Clause: Sleep-inducing moves are banned
|clearpoke
|poke|p1|Hatterene, F|
|poke|p1|Great Tusk|
|poke|p1|Tornadus-Therian, M|
|poke|p1|Kyurem|
|poke|p1|Slowking-Galar, F|
|poke|p1|Kingambit, F|
|poke|p2|Pelipper, L99, F|
|poke|p2|Barraskewda, F|
|poke|p2|Raging Bolt|
|poke|p2|Golduck, F|
|poke|p2|Pawmot, F|
|poke|p2|Tentacruel, F|
|teampreview
|inactive|Battle timer is ON: inactive players will automatically lose when time's up. (requested by Daybrick)
|
|t:|1779901394
|teamsize|p1|6
|teamsize|p2|6
|start
|switch|p1a: Kyurem|Kyurem|100/100
|switch|p2a: Really want eject|Pawmot, F|100/100
|-ability|p1a: Kyurem|Pressure
|turn|1
|
|t:|1779901401
|switch|p1a: Hatterene|Hatterene, F|100/100
|move|p2a: Really want eject|Close Combat|p1a: Hatterene
|-resisted|p1a: Hatterene
|-damage|p1a: Hatterene|90/100
|-unboost|p2a: Really want eject|def|1
|-unboost|p2a: Really want eject|spd|1
|-damage|p2a: Really want eject|84/100|[from] item: Rocky Helmet|[of] p1a: Hatterene
|
|upkeep
|turn|2
|
|t:|1779901424
|switch|p2a: Spaghetti Too|Tentacruel, F|100/100
|switch|p1a: Kyurem|Kyurem|100/100
|-ability|p1a: Kyurem|Pressure
|
|upkeep
|turn|3
|
|t:|1779901433
|switch|p1a: Slowking|Slowking-Galar, F|100/100
|move|p2a: Spaghetti Too|Mirror Coat||[still]
|-fail|p2a: Spaghetti Too
|
|upkeep
|turn|4
|
|t:|1779901436
|move|p2a: Spaghetti Too|Flip Turn|p1a: Slowking
|-damage|p1a: Slowking|90/100
|
|t:|1779901442
|switch|p2a: Great Neck|Raging Bolt|100/100|[from] Flip Turn
|-prepare|p1a: Slowking|Chilly Reception|[premajor]
|move|p1a: Slowking|Chilly Reception|p1a: Slowking
|-weather|Snowscape
|
|t:|1779901450
|switch|p1a: Kyurem|Kyurem|100/100|[from] Chilly Reception
|-ability|p1a: Kyurem|Pressure
|
|-weather|Snowscape|[upkeep]
|upkeep
|turn|5
|
|t:|1779901457
|-end|p2a: Great Neck|Protosynthesis|[silent]
|switch|p2a: Spaghetti Too|Tentacruel, F|100/100
|move|p1a: Kyurem|Freeze-Dry|p2a: Spaghetti Too
|-supereffective|p2a: Spaghetti Too
|-damage|p2a: Spaghetti Too|59/100
|-status|p2a: Spaghetti Too|frz
|
|-weather|Snowscape|[upkeep]
|upkeep
|turn|6
|
|t:|1779901469
|switch|p1a: Slowking|Slowking-Galar, F|100/100
|cant|p2a: Spaghetti Too|frz
|
|-weather|Snowscape|[upkeep]
|upkeep
|turn|7
|
|t:|1779901472
|cant|p2a: Spaghetti Too|frz
|move|p1a: Slowking|Future Sight|p2a: Spaghetti Too
|-start|p1a: Slowking|move: Future Sight
|
|-weather|Snowscape|[upkeep]
|upkeep
|turn|8
|
|t:|1779901476
|cant|p2a: Spaghetti Too|frz
|-prepare|p1a: Slowking|Chilly Reception|[premajor]
|move|p1a: Slowking|Chilly Reception|p1a: Slowking
|
|t:|1779901482
|switch|p1a: Hatterene|Hatterene, F|90/100|[from] Chilly Reception
|
|-weather|none
|upkeep
|turn|9
|
|t:|1779901485
|cant|p2a: Spaghetti Too|frz
|move|p1a: Hatterene|Psychic Noise|p2a: Spaghetti Too
|-supereffective|p2a: Spaghetti Too
|-damage|p2a: Spaghetti Too|34/100 frz
|-start|p2a: Spaghetti Too|move: Heal Block
|
|-end|p2a: Spaghetti Too|move: Future Sight
|-supereffective|p2a: Spaghetti Too
|-damage|p2a: Spaghetti Too|0 fnt
|faint|p2a: Spaghetti Too
|upkeep
|
|t:|1779901488
|switch|p2a: Ghoti carrier|Pelipper, L99, F|100/100
|-weather|RainDance|[from] ability: Drizzle|[of] p2a: Ghoti carrier
|turn|10
|
|t:|1779901492
|move|p2a: Ghoti carrier|U-turn|p1a: Hatterene
|-damage|p1a: Hatterene|82/100
|-damage|p2a: Ghoti carrier|84/100|[from] item: Rocky Helmet|[of] p1a: Hatterene
|
|t:|1779901495
|switch|p2a: Really want eject|Pawmot, F|84/100|[from] U-turn
|move|p1a: Hatterene|Nuzzle|p2a: Really want eject
|-heal|p2a: Really want eject|100/100|[from] ability: Volt Absorb|[of] p1a: Hatterene
|
|-weather|RainDance|[upkeep]
|upkeep
|turn|11
|
|t:|1779901503
|move|p2a: Really want eject|Encore|p1a: Hatterene
|move|p1a: Hatterene|Encore||[from] ability: Magic Bounce|[still]
|-fail|p1a: Hatterene
|move|p1a: Hatterene|Psychic Noise|p2a: Really want eject
|-supereffective|p2a: Really want eject
|-damage|p2a: Really want eject|0 fnt
|faint|p2a: Really want eject
|
|-weather|RainDance|[upkeep]
|upkeep
|
|t:|1779901511
|switch|p2a: ExSkewda Me|Barraskewda, F|100/100
|turn|12
|
|t:|1779901527
|move|p2a: ExSkewda Me|Liquidation|p1a: Hatterene
|-damage|p1a: Hatterene|11/100
|-unboost|p1a: Hatterene|def|1
|-damage|p2a: ExSkewda Me|84/100|[from] item: Rocky Helmet|[of] p1a: Hatterene
|move|p1a: Hatterene|Nuzzle|p2a: ExSkewda Me
|-supereffective|p2a: ExSkewda Me
|-damage|p2a: ExSkewda Me|68/100
|-status|p2a: ExSkewda Me|par
|
|-weather|RainDance|[upkeep]
|upkeep
|turn|13
|
|t:|1779901535
|move|p2a: ExSkewda Me|Liquidation|p1a: Hatterene
|-damage|p1a: Hatterene|0 fnt
|-damage|p2a: ExSkewda Me|52/100 par|[from] item: Rocky Helmet|[of] p1a: Hatterene
|faint|p1a: Hatterene
|
|-weather|RainDance|[upkeep]
|upkeep
|
|t:|1779901542
|switch|p1a: Kingambit|Kingambit, F|100/100
|-activate|p1a: Kingambit|ability: Supreme Overlord
|-start|p1a: Kingambit|fallen1|[silent]
|turn|14
|
|t:|1779901547
|move|p1a: Kingambit|Sucker Punch|p2a: ExSkewda Me
|-damage|p2a: ExSkewda Me|0 fnt
|faint|p2a: ExSkewda Me
|
|-weather|RainDance|[upkeep]
|upkeep
|
|t:|1779901556
|switch|p2a: Seaking Duck|Golduck, F|100/100
|turn|15
|
|t:|1779901572
|move|p1a: Kingambit|Sucker Punch||[still]
|-fail|p1a: Kingambit
|move|p2a: Seaking Duck|Substitute|p2a: Seaking Duck
|-start|p2a: Seaking Duck|Substitute
|-damage|p2a: Seaking Duck|76/100
|
|-weather|RainDance|[upkeep]
|upkeep
|turn|16
|
|t:|1779901578
|move|p2a: Seaking Duck|Nasty Plot|p2a: Seaking Duck
|-boost|p2a: Seaking Duck|spa|2
|move|p1a: Kingambit|Kowtow Cleave|p2a: Seaking Duck
|-end|p2a: Seaking Duck|Substitute
|
|-weather|RainDance|[upkeep]
|upkeep
|turn|17
|
|t:|1779901583
|move|p2a: Seaking Duck|Hydro Pump|p1a: Kingambit|[miss]
|-miss|p2a: Seaking Duck|p1a: Kingambit
|move|p1a: Kingambit|Kowtow Cleave|p2a: Seaking Duck
|-damage|p2a: Seaking Duck|0 fnt
|faint|p2a: Seaking Duck
|
|-weather|none
|upkeep
|-message|1100 smurf forfeited.
|
|win|Daybrick
|raw|Daybrick's rating: 1486 &rarr; <strong>1507</strong><br />(+21 for winning)
|raw|1100 smurf's rating: 1512 &rarr; <strong>1491</strong><br />(-21 for losing)
|l|☆1100 smurf
|player|p2|
|l|☆Daybrick
|player|p1|
