|j|☆claudechamp
|j|☆AzuPasMarill
|t:|1779887572
|gametype|singles
|player|p1|claudechamp|169|1255
|player|p2|AzuPasMarill|skyla|1164
|gen|9
|tier|[Gen 9] OU
|rated|
|rule|HP Percentage Mod: HP is shown in percentages
|rule|Endless Battle Clause: Forcing endless battles is banned
|rule|Species Clause: Limit one of each Pokémon
|rule|OHKO Clause: OHKO moves are banned
|rule|Evasion Items Clause: Evasion items are banned
|rule|Evasion Moves Clause: Evasion moves are banned
|rule|Evasion Abilities Clause: Evasion abilities are banned
|rule|Sleep Moves Clause: Sleep-inducing moves are banned
|clearpoke
|poke|p1|Gliscor, M|
|poke|p1|Ogerpon, F|
|poke|p1|Walking Wake|
|poke|p1|Blissey, F|
|poke|p1|Corviknight, F|
|poke|p1|Pecharunt|
|poke|p2|Azumarill, M|
|poke|p2|Lokix, F|
|poke|p2|Kingambit, F|
|poke|p2|Great Tusk|
|poke|p2|Ogerpon-Wellspring, F|
|poke|p2|Alomomola, M|
|teampreview
|c|☆claudechamp|hf
|inactive|Battle timer is ON: inactive players will automatically lose when time's up. (requested by claudechamp)
|
|t:|1779887581
|teamsize|p1|6
|teamsize|p2|6
|start
|switch|p1a: Gliscor|Gliscor, M|100/100
|switch|p2a: Goldy Roger|Azumarill, M, shiny|100/100
|turn|1
|
|t:|1779887609
|move|p1a: Gliscor|Spikes|p2a: Goldy Roger
|-sidestart|p2: AzuPasMarill|Spikes
|move|p2a: Goldy Roger|Belly Drum|p2a: Goldy Roger
|-damage|p2a: Goldy Roger|50/100
|-setboost|p2a: Goldy Roger|atk|6|[from] move: Belly Drum
|-enditem|p2a: Goldy Roger|Sitrus Berry|[eat]
|-heal|p2a: Goldy Roger|75/100|[from] item: Sitrus Berry
|
|-status|p1a: Gliscor|tox|[from] item: Toxic Orb
|upkeep
|turn|2
|
|t:|1779887622
|move|p2a: Goldy Roger|Aqua Jet|p1a: Gliscor
|-supereffective|p1a: Gliscor
|-damage|p1a: Gliscor|0 fnt
|faint|p1a: Gliscor
|
|upkeep
|
|t:|1779887631
|switch|p1a: Ogerpon|Ogerpon, F|100/100
|turn|3
|
|t:|1779887640
|move|p2a: Goldy Roger|Aqua Jet|p1a: Ogerpon
|-resisted|p1a: Ogerpon
|-damage|p1a: Ogerpon|36/100
|move|p1a: Ogerpon|Ivy Cudgel|p2a: Goldy Roger
|-supereffective|p2a: Goldy Roger
|-crit|p2a: Goldy Roger
|-damage|p2a: Goldy Roger|0 fnt
|faint|p2a: Goldy Roger
|
|upkeep
|
|t:|1779887655
|switch|p2a: Jimmy|Lokix, F|100/100
|turn|4
|
|t:|1779887660
|move|p2a: Jimmy|First Impression|p1a: Ogerpon
|-supereffective|p1a: Ogerpon
|-damage|p1a: Ogerpon|0 fnt
|faint|p1a: Ogerpon
|
|upkeep
|
|t:|1779887663
|switch|p1a: Pecharunt|Pecharunt|100/100
|turn|5
|
|t:|1779887673
|move|p2a: Jimmy|Knock Off|p1a: Pecharunt
|-supereffective|p1a: Pecharunt
|-damage|p1a: Pecharunt|58/100
|-enditem|p1a: Pecharunt|Heavy-Duty Boots|[from] move: Knock Off|[of] p2a: Jimmy
|move|p1a: Pecharunt|Malignant Chain|p2a: Jimmy
|-damage|p2a: Jimmy|35/100
|-status|p2a: Jimmy|tox
|-start|p2a: Jimmy|confusion|[from] ability: Poison Puppeteer|[of] p1a: Pecharunt
|
|-damage|p2a: Jimmy|29/100 tox|[from] psn
|upkeep
|turn|6
|
|t:|1779887686
|-activate|p2a: Jimmy|confusion
|move|p2a: Jimmy|U-turn|p1a: Pecharunt
|-resisted|p1a: Pecharunt
|-damage|p1a: Pecharunt|50/100
|
|t:|1779887695
|switch|p2a: Lord Zuko|Kingambit, F|100/100|[from] U-turn
|-damage|p2a: Lord Zuko|88/100|[from] Spikes
|-activate|p2a: Lord Zuko|ability: Supreme Overlord
|-start|p2a: Lord Zuko|fallen1|[silent]
|move|p1a: Pecharunt|Recover|p1a: Pecharunt
|-heal|p1a: Pecharunt|99/100
|
|-heal|p2a: Lord Zuko|94/100|[from] item: Leftovers
|upkeep
|turn|7
|
|t:|1779887706
|move|p1a: Pecharunt|Parting Shot|p2a: Lord Zuko
|-unboost|p2a: Lord Zuko|atk|1
|-unboost|p2a: Lord Zuko|spa|1
|
|t:|1779887708
|switch|p1a: Corviknight|Corviknight, F|100/100|[from] Parting Shot
|-ability|p1a: Corviknight|Pressure
|move|p2a: Lord Zuko|Swords Dance|p2a: Lord Zuko
|-boost|p2a: Lord Zuko|atk|2
|
|-heal|p2a: Lord Zuko|99/100|[from] item: Leftovers
|upkeep
|turn|8
|inactive|AzuPasMarill has 120 seconds left.
|
|t:|1779887739
|-end|p2a: Lord Zuko|fallen1|[silent]
|switch|p2a: And Chips|Alomomola, M|100/100
|move|p1a: Corviknight|Body Press|p2a: And Chips
|-damage|p2a: And Chips|87/100
|
|upkeep
|turn|9
|inactive|AzuPasMarill has 120 seconds left.
|
|t:|1779887751
|move|p1a: Corviknight|Body Press|p2a: And Chips
|-damage|p2a: And Chips|74/100
|move|p2a: And Chips|Wish|p2a: And Chips
|
|upkeep
|turn|10
|
|t:|1779887758
|move|p1a: Corviknight|U-turn|p2a: And Chips
|-damage|p2a: And Chips|66/100
|
|t:|1779887760
|switch|p1a: Walking Wake|Walking Wake|100/100|[from] U-turn
|move|p2a: And Chips|Flip Turn|p1a: Walking Wake
|-resisted|p1a: Walking Wake
|-damage|p1a: Walking Wake|96/100
|
|t:|1779887767
|switch|p2a: Jimmy|Lokix, F|29/100 tox|[from] Flip Turn
|
|-heal|p2a: Jimmy|100/100 tox|[from] move: Wish|[wisher] And Chips
|-damage|p2a: Jimmy|94/100 tox|[from] psn
|upkeep
|turn|11
|
|t:|1779887778
|move|p2a: Jimmy|First Impression|p1a: Walking Wake
|-damage|p1a: Walking Wake|50/100
|move|p1a: Walking Wake|Draco Meteor|p2a: Jimmy
|-damage|p2a: Jimmy|0 fnt
|-unboost|p1a: Walking Wake|spa|2
|faint|p2a: Jimmy
|
|upkeep
|inactive|AzuPasMarill has 120 seconds left.
|
|t:|1779887795
|switch|p2a: Ribery|Great Tusk, shiny|100/100
|turn|12
|
|t:|1779887798
|move|p1a: Walking Wake|Knock Off|p2a: Ribery
|-resisted|p2a: Ribery
|-damage|p2a: Ribery|94/100
|-enditem|p2a: Ribery|Heavy-Duty Boots|[from] move: Knock Off|[of] p1a: Walking Wake
|move|p2a: Ribery|Rapid Spin|p1a: Walking Wake
|-damage|p1a: Walking Wake|31/100
|-boost|p2a: Ribery|spe|1
|-sideend|p2: AzuPasMarill|Spikes|[from] move: Rapid Spin|[of] p2a: Ribery
|
|upkeep
|turn|13
|inactive|AzuPasMarill has 120 seconds left.
|
|t:|1779887820
|move|p2a: Ribery|Headlong Rush|p1a: Walking Wake
|-damage|p1a: Walking Wake|0 fnt
|-unboost|p2a: Ribery|def|1
|-unboost|p2a: Ribery|spd|1
|faint|p1a: Walking Wake
|-end|p1a: Walking Wake|Protosynthesis|[silent]
|
|upkeep
|
|t:|1779887823
|switch|p1a: Corviknight|Corviknight, F|100/100
|-ability|p1a: Corviknight|Pressure
|turn|14
|
|t:|1779887836
|-end|p2a: Ribery|Protosynthesis|[silent]
|switch|p2a: And Chips|Alomomola, M|99/100
|move|p1a: Corviknight|Body Press|p2a: And Chips
|-damage|p2a: And Chips|85/100
|
|upkeep
|turn|15
|inactive|AzuPasMarill has 120 seconds left.
|
|t:|1779887852
|move|p1a: Corviknight|Body Press|p2a: And Chips
|-damage|p2a: And Chips|70/100
|move|p2a: And Chips|Wish|p2a: And Chips
|
|upkeep
|turn|16
|
|t:|1779887860
|move|p2a: And Chips|Aqua Jet|p1a: Corviknight
|-damage|p1a: Corviknight|92/100
|move|p1a: Corviknight|Body Press|p2a: And Chips
|-damage|p2a: And Chips|56/100
|
|-heal|p2a: And Chips|100/100|[from] move: Wish|[wisher] And Chips
|upkeep
|turn|17
|
|t:|1779887874
|move|p1a: Corviknight|Roost|p1a: Corviknight
|-heal|p1a: Corviknight|100/100
|-singleturn|p1a: Corviknight|move: Roost
|move|p2a: And Chips|Flip Turn|p1a: Corviknight
|-damage|p1a: Corviknight|90/100
|inactive|AzuPasMarill has 120 seconds left.
|
|t:|1779887889
|switch|p2a: Ribery|Great Tusk, shiny|94/100|[from] Flip Turn
|
|upkeep
|turn|18
|inactive|AzuPasMarill has 120 seconds left.
|
|t:|1779887902
|-terastallize|p2a: Ribery|Steel
|move|p2a: Ribery|Close Combat|p1a: Corviknight
|-damage|p1a: Corviknight|47/100
|-unboost|p2a: Ribery|def|1
|-unboost|p2a: Ribery|spd|1
|move|p1a: Corviknight|U-turn|p2a: Ribery
|-resisted|p2a: Ribery
|-damage|p2a: Ribery|87/100
|
|t:|1779887909
|switch|p1a: Pecharunt|Pecharunt|99/100|[from] U-turn
|
|upkeep
|turn|19
|
|t:|1779887917
|move|p2a: Ribery|Headlong Rush|p1a: Pecharunt
|-supereffective|p1a: Pecharunt
|-damage|p1a: Pecharunt|38/100
|-unboost|p2a: Ribery|def|1
|-unboost|p2a: Ribery|spd|1
|move|p1a: Pecharunt|Foul Play|p2a: Ribery
|-damage|p2a: Ribery|38/100
|
|upkeep
|turn|20
|
|t:|1779887930
|-end|p2a: Ribery|Protosynthesis|[silent]
|switch|p2a: Lord Zuko|Kingambit, F|99/100
|-activate|p2a: Lord Zuko|ability: Supreme Overlord
|-start|p2a: Lord Zuko|fallen2|[silent]
|switch|p1a: Corviknight|Corviknight, F|47/100
|-ability|p1a: Corviknight|Pressure
|
|-heal|p2a: Lord Zuko|100/100|[from] item: Leftovers
|upkeep
|turn|21
|inactive|AzuPasMarill has 120 seconds left.
|
|t:|1779887947
|move|p2a: Lord Zuko|Sucker Punch||[still]
|-fail|p2a: Lord Zuko
|move|p1a: Corviknight|Roost|p1a: Corviknight
|-heal|p1a: Corviknight|97/100
|-singleturn|p1a: Corviknight|move: Roost
|
|upkeep
|turn|22
|inactive|AzuPasMarill has 120 seconds left.
|
|t:|1779887959
|-end|p2a: Lord Zuko|fallen2|[silent]
|switch|p2a: And Chips|Alomomola, M|100/100
|move|p1a: Corviknight|U-turn|p2a: And Chips
|-damage|p2a: And Chips|92/100
|
|t:|1779887969
|switch|p1a: Pecharunt|Pecharunt|38/100|[from] U-turn
|
|upkeep
|turn|23
|inactive|AzuPasMarill has 120 seconds left.
|
|t:|1779887989
|switch|p2a: Lord Zuko|Kingambit, F|100/100
|-activate|p2a: Lord Zuko|ability: Supreme Overlord
|-start|p2a: Lord Zuko|fallen2|[silent]
|move|p1a: Pecharunt|Malignant Chain|p2a: Lord Zuko
|-immune|p2a: Lord Zuko
|
|upkeep
|turn|24
|inactive|AzuPasMarill has 120 seconds left.
|
|t:|1779887999
|-terastallize|p1a: Pecharunt|Dark
|move|p1a: Pecharunt|Recover|p1a: Pecharunt
|-heal|p1a: Pecharunt|88/100
|move|p2a: Lord Zuko|Kowtow Cleave|p1a: Pecharunt
|-resisted|p1a: Pecharunt
|-damage|p1a: Pecharunt|73/100
|
|upkeep
|turn|25
|inactive|AzuPasMarill has 120 seconds left.
|
|t:|1779888009
|move|p1a: Pecharunt|Foul Play|p2a: Lord Zuko
|-resisted|p2a: Lord Zuko
|-damage|p2a: Lord Zuko|81/100
|move|p2a: Lord Zuko|Swords Dance|p2a: Lord Zuko
|-boost|p2a: Lord Zuko|atk|2
|
|-heal|p2a: Lord Zuko|87/100|[from] item: Leftovers
|upkeep
|turn|26
|inactive|AzuPasMarill has 120 seconds left.
|
|t:|1779888017
|move|p1a: Pecharunt|Foul Play|p2a: Lord Zuko
|-resisted|p2a: Lord Zuko
|-damage|p2a: Lord Zuko|43/100
|move|p2a: Lord Zuko|Iron Head|p1a: Pecharunt
|-damage|p1a: Pecharunt|20/100
|
|-heal|p2a: Lord Zuko|49/100|[from] item: Leftovers
|upkeep
|turn|27
|inactive|AzuPasMarill has 120 seconds left.
|
|t:|1779888027
|move|p2a: Lord Zuko|Sucker Punch||[still]
|-fail|p2a: Lord Zuko
|move|p1a: Pecharunt|Parting Shot|p2a: Lord Zuko
|-unboost|p2a: Lord Zuko|atk|1
|-unboost|p2a: Lord Zuko|spa|1
|
|t:|1779888033
|switch|p1a: Corviknight|Corviknight, F|97/100|[from] Parting Shot
|-ability|p1a: Corviknight|Pressure
|
|-heal|p2a: Lord Zuko|56/100|[from] item: Leftovers
|upkeep
|turn|28
|
|t:|1779888047
|-end|p2a: Lord Zuko|fallen2|[silent]
|switch|p2a: And Chips|Alomomola, M|100/100
|move|p1a: Corviknight|Body Press|p2a: And Chips
|-damage|p2a: And Chips|85/100
|
|upkeep
|turn|29
|
|t:|1779888059
|move|p1a: Corviknight|U-turn|p2a: And Chips
|-crit|p2a: And Chips
|-damage|p2a: And Chips|73/100
|
|t:|1779888064
|switch|p1a: Pecharunt|Pecharunt, tera:Dark|20/100|[from] U-turn
|move|p2a: And Chips|Wish|p2a: And Chips
|
|upkeep
|turn|30
|
|t:|1779888077
|switch|p2a: Lord Zuko|Kingambit, F|56/100
|-activate|p2a: Lord Zuko|ability: Supreme Overlord
|-start|p2a: Lord Zuko|fallen2|[silent]
|move|p1a: Pecharunt|Recover|p1a: Pecharunt
|-heal|p1a: Pecharunt|70/100
|
|-heal|p2a: Lord Zuko|100/100|[from] move: Wish|[wisher] And Chips
|upkeep
|turn|31
|
|t:|1779888094
|move|p1a: Pecharunt|Foul Play|p2a: Lord Zuko
|-resisted|p2a: Lord Zuko
|-damage|p2a: Lord Zuko|78/100
|move|p2a: Lord Zuko|Iron Head|p1a: Pecharunt
|-damage|p1a: Pecharunt|45/100
|
|-heal|p2a: Lord Zuko|85/100|[from] item: Leftovers
|upkeep
|turn|32
|
|t:|1779888111
|move|p1a: Pecharunt|Foul Play|p2a: Lord Zuko
|-resisted|p2a: Lord Zuko
|-damage|p2a: Lord Zuko|65/100
|move|p2a: Lord Zuko|Iron Head|p1a: Pecharunt
|-damage|p1a: Pecharunt|19/100
|
|-heal|p2a: Lord Zuko|71/100|[from] item: Leftovers
|upkeep
|turn|33
|
|t:|1779888125
|switch|p1a: Corviknight|Corviknight, F|97/100
|-ability|p1a: Corviknight|Pressure
|move|p2a: Lord Zuko|Iron Head|p1a: Corviknight
|-resisted|p1a: Corviknight
|-damage|p1a: Corviknight|81/100
|
|-heal|p2a: Lord Zuko|77/100|[from] item: Leftovers
|upkeep
|turn|34
|inactive|AzuPasMarill has 120 seconds left.
|
|t:|1779888144
|-end|p2a: Lord Zuko|fallen2|[silent]
|switch|p2a: And Chips|Alomomola, M|100/100
|move|p1a: Corviknight|U-turn|p2a: And Chips
|-damage|p2a: And Chips|93/100
|
|t:|1779888160
|switch|p1a: Pecharunt|Pecharunt, tera:Dark|19/100|[from] U-turn
|
|upkeep
|turn|35
|
|t:|1779888169
|move|p1a: Pecharunt|Recover|p1a: Pecharunt
|-heal|p1a: Pecharunt|69/100
|move|p2a: And Chips|Wish|p2a: And Chips
|
|upkeep
|turn|36
|inactive|AzuPasMarill has 120 seconds left.
|
|t:|1779888191
|move|p1a: Pecharunt|Recover|p1a: Pecharunt
|-heal|p1a: Pecharunt|100/100
|move|p2a: And Chips|Flip Turn|p1a: Pecharunt
|-damage|p1a: Pecharunt|93/100
|inactive|AzuPasMarill has 120 seconds left.
|
|t:|1779888196
|switch|p2a: Ribery|Great Tusk, shiny, tera:Steel|38/100|[from] Flip Turn
|
|-heal|p2a: Ribery|100/100|[from] move: Wish|[wisher] And Chips
|upkeep
|turn|37
|
|t:|1779888206
|switch|p1a: Corviknight|Corviknight, F|81/100
|-ability|p1a: Corviknight|Pressure
|move|p2a: Ribery|Close Combat|p1a: Corviknight
|-damage|p1a: Corviknight|43/100
|-unboost|p2a: Ribery|def|1
|-unboost|p2a: Ribery|spd|1
|
|upkeep
|turn|38
|
|t:|1779888218
|move|p2a: Ribery|Close Combat|p1a: Corviknight
|-damage|p1a: Corviknight|0 fnt
|-unboost|p2a: Ribery|def|1
|-unboost|p2a: Ribery|spd|1
|faint|p1a: Corviknight
|
|upkeep
|
|t:|1779888223
|switch|p1a: Pecharunt|Pecharunt, tera:Dark|93/100
|turn|39
|
|t:|1779888234
|move|p2a: Ribery|Close Combat|p1a: Pecharunt
|-supereffective|p1a: Pecharunt
|-damage|p1a: Pecharunt|37/100
|-unboost|p2a: Ribery|def|1
|-unboost|p2a: Ribery|spd|1
|move|p1a: Pecharunt|Recover|p1a: Pecharunt
|-heal|p1a: Pecharunt|87/100
|
|upkeep
|turn|40
|inactive|AzuPasMarill has 120 seconds left.
|
|t:|1779888258
|-end|p2a: Ribery|Protosynthesis|[silent]
|switch|p2a: And Chips|Alomomola, M|100/100
|move|p1a: Pecharunt|Foul Play|p2a: And Chips
|-damage|p2a: And Chips|86/100
|
|upkeep
|turn|41
|
|t:|1779888267
|switch|p2a: Ribery|Great Tusk, shiny, tera:Steel|100/100
|move|p1a: Pecharunt|Malignant Chain|p2a: Ribery
|-immune|p2a: Ribery
|
|upkeep
|turn|42
|
|t:|1779888278
|move|p2a: Ribery|Close Combat|p1a: Pecharunt
|-supereffective|p1a: Pecharunt
|-damage|p1a: Pecharunt|24/100
|-unboost|p2a: Ribery|def|1
|-unboost|p2a: Ribery|spd|1
|move|p1a: Pecharunt|Foul Play|p2a: Ribery
|-damage|p2a: Ribery|50/100
|
|upkeep
|turn|43
|inactive|AzuPasMarill has 120 seconds left.
|
|t:|1779888298
|move|p2a: Ribery|Headlong Rush|p1a: Pecharunt
|-damage|p1a: Pecharunt|0 fnt
|-unboost|p2a: Ribery|def|1
|-unboost|p2a: Ribery|spd|1
|faint|p1a: Pecharunt
|
|upkeep
|
|t:|1779888303
|switch|p1a: Blissey|Blissey, F|100/100
|turn|44
|inactive|AzuPasMarill has 120 seconds left.
|
|t:|1779888318
|move|p2a: Ribery|Headlong Rush|p1a: Blissey
|-damage|p1a: Blissey|34/100
|-unboost|p2a: Ribery|def|1
|-unboost|p2a: Ribery|spd|1
|move|p1a: Blissey|Seismic Toss|p2a: Ribery
|-damage|p2a: Ribery|23/100
|
|upkeep
|turn|45
|
|t:|1779888328
|move|p2a: Ribery|Headlong Rush|p1a: Blissey
|-damage|p1a: Blissey|0 fnt
|-unboost|p2a: Ribery|def|1
|-unboost|p2a: Ribery|spd|1
|faint|p1a: Blissey
|
|win|AzuPasMarill
|raw|claudechamp's rating: 1238 &rarr; <strong>1208</strong><br />(-30 for losing)
|raw|AzuPasMarill's rating: 1164 &rarr; <strong>1194</strong><br />(+30 for winning)
|c|☆claudechamp|gg
|c|☆AzuPasMarill|gg
