|j|☆KnuckleTesting
|j|☆ghostoftheranch
|t:|1779807892
|gametype|singles
|player|p1|KnuckleTesting|170|1555
|player|p2|ghostoftheranch|medium|1602
|gen|9
|tier|[Gen 9] OU
|rated|
|rule|HP Percentage Mod: HP is shown in percentages
|rule|Endless Battle Clause: Forcing endless battles is banned
|rule|Species Clause: Limit one of each Pokémon
|rule|OHKO Clause: OHKO moves are banned
|rule|Evasion Items Clause: Evasion items are banned
|rule|Evasion Moves Clause: Evasion moves are banned
|rule|Evasion Abilities Clause: Evasion abilities are banned
|rule|Sleep Moves Clause: Sleep-inducing moves are banned
|clearpoke
|poke|p1|Mew|
|poke|p1|Dragapult, F|
|poke|p1|Zapdos|
|poke|p1|Moltres|
|poke|p1|Iron Treads|
|poke|p1|Ogerpon-Wellspring, F|
|poke|p2|Torkoal, F|
|poke|p2|Fezandipiti, M|
|poke|p2|Great Tusk|
|poke|p2|Cinderace, F|
|poke|p2|Mandibuzz, F|
|poke|p2|Volcanion|
|teampreview
|inactive|Battle timer is ON: inactive players will automatically lose when time's up. (requested by KnuckleTesting)
|
|t:|1779807915
|teamsize|p1|6
|teamsize|p2|6
|start
|switch|p1a: Zapdos|Zapdos|100/100
|switch|p2a: Torkoal|Torkoal, F|100/100
|-weather|SunnyDay|[from] ability: Drought|[of] p2a: Torkoal
|turn|1
|
|t:|1779807937
|move|p1a: Zapdos|Thunder Wave|p2a: Torkoal
|-status|p2a: Torkoal|par
|move|p2a: Torkoal|Stealth Rock|p1a: Zapdos
|-sidestart|p1: KnuckleTesting|move: Stealth Rock
|
|-weather|SunnyDay|[upkeep]
|upkeep
|turn|2
|
|t:|1779807948
|switch|p2a: Great Tusk|Great Tusk|100/100
|-activate|p2a: Great Tusk|ability: Protosynthesis
|-start|p2a: Great Tusk|protosynthesisatk
|move|p1a: Zapdos|Hurricane|p2a: Great Tusk|[miss]
|-miss|p1a: Zapdos|p2a: Great Tusk
|
|-weather|SunnyDay|[upkeep]
|upkeep
|turn|3
|inactive|ghostoftheranch has 120 seconds left.
|
|t:|1779807968
|move|p2a: Great Tusk|Knock Off|p1a: Zapdos
|-damage|p1a: Zapdos|68/100
|-enditem|p1a: Zapdos|Heavy-Duty Boots|[from] move: Knock Off|[of] p2a: Great Tusk
|move|p1a: Zapdos|Hurricane|p2a: Great Tusk|[miss]
|-miss|p1a: Zapdos|p2a: Great Tusk
|
|-weather|SunnyDay|[upkeep]
|upkeep
|turn|4
|inactive|ghostoftheranch has 120 seconds left.
|
|t:|1779807987
|-end|p2a: Great Tusk|Protosynthesis|[silent]
|switch|p2a: Torkoal|Torkoal, F|100/100 par
|move|p1a: Zapdos|Hurricane|p2a: Torkoal|[miss]
|-miss|p1a: Zapdos|p2a: Torkoal
|
|-weather|SunnyDay|[upkeep]
|upkeep
|turn|5
|inactive|ghostoftheranch has 120 seconds left.
|c|☆KnuckleTesting|50% Miss, 70% No static, 50% miss, 50% Miss
|inactive|KnuckleTesting has 120 seconds left.
|
|t:|1779808019
|move|p1a: Zapdos|Hurricane|p2a: Torkoal
|-damage|p2a: Torkoal|33/100 par
|-start|p2a: Torkoal|confusion
|-activate|p2a: Torkoal|confusion
|cant|p2a: Torkoal|par
|
|-weather|SunnyDay|[upkeep]
|upkeep
|turn|6
|inactive|ghostoftheranch has 120 seconds left.
|
|t:|1779808030
|switch|p2a: Great Tusk|Great Tusk|100/100
|-activate|p2a: Great Tusk|ability: Protosynthesis
|-start|p2a: Great Tusk|protosynthesisatk
|move|p1a: Zapdos|Volt Switch|p2a: Great Tusk
|-immune|p2a: Great Tusk
|
|-weather|SunnyDay|[upkeep]
|upkeep
|turn|7
|
|t:|1779808035
|move|p2a: Great Tusk|Ice Spinner|p1a: Zapdos
|-supereffective|p1a: Zapdos
|-damage|p1a: Zapdos|8/100
|-status|p2a: Great Tusk|par|[from] ability: Static|[of] p1a: Zapdos
|move|p1a: Zapdos|Hurricane|p2a: Great Tusk|[miss]
|-miss|p1a: Zapdos|p2a: Great Tusk
|
|-weather|SunnyDay|[upkeep]
|upkeep
|turn|8
|c|☆KnuckleTesting|I Hit 1/5 hurricanes. That is far from 50% lol
|inactive|KnuckleTesting has 120 seconds left.
|
|t:|1779808060
|move|p1a: Zapdos|Roost|p1a: Zapdos
|-heal|p1a: Zapdos|58/100
|-singleturn|p1a: Zapdos|move: Roost
|move|p2a: Great Tusk|Ice Spinner|p1a: Zapdos
|-damage|p1a: Zapdos|27/100
|
|-weather|none
|-end|p2a: Great Tusk|Protosynthesis
|upkeep
|turn|9
|
|t:|1779808068
|-end|p2a: Great Tusk|Protosynthesis|[silent]
|switch|p2a: Torkoal|Torkoal, F|33/100 par
|-weather|SunnyDay|[from] ability: Drought|[of] p2a: Torkoal
|move|p1a: Zapdos|Hurricane|p2a: Torkoal|[miss]
|-miss|p1a: Zapdos|p2a: Torkoal
|
|-weather|SunnyDay|[upkeep]
|upkeep
|turn|10
|
|t:|1779808078
|move|p1a: Zapdos|Hurricane|p2a: Torkoal|[miss]
|-miss|p1a: Zapdos|p2a: Torkoal
|move|p2a: Torkoal|Fire Blast|p1a: Zapdos|[miss]
|-miss|p2a: Torkoal|p1a: Zapdos
|
|-weather|SunnyDay|[upkeep]
|upkeep
|turn|11
|c|☆ghostoftheranch|lol
|c|☆KnuckleTesting|This cant be real
|
|t:|1779808099
|switch|p2a: Cinderace|Cinderace, F|100/100
|move|p1a: Zapdos|Hurricane|p2a: Cinderace
|-damage|p2a: Cinderace|40/100
|
|-weather|SunnyDay|[upkeep]
|upkeep
|turn|12
|
|t:|1779808107
|switch|p1a: Moltres|Moltres|100/100
|move|p2a: Cinderace|Pyro Ball|p1a: Moltres
|-resisted|p1a: Moltres
|-crit|p1a: Moltres
|-damage|p1a: Moltres|19/100
|
|-weather|SunnyDay|[upkeep]
|upkeep
|turn|13
|c|☆ghostoftheranch|;)
|c|☆KnuckleTesting|At least one of us is lucky
|
|t:|1779808137
|move|p2a: Cinderace|Pyro Ball|p1a: Moltres
|-resisted|p1a: Moltres
|-damage|p1a: Moltres|0 fnt
|faint|p1a: Moltres
|
|-weather|SunnyDay|[upkeep]
|upkeep
|
|t:|1779808139
|switch|p1a: Dragapult|Dragapult, F|100/100
|-damage|p1a: Dragapult|88/100|[from] Stealth Rock
|turn|14
|c|☆ghostoftheranch|gonna play the lotto today
|c|☆KnuckleTesting|Im not.
|inactive|ghostoftheranch has 120 seconds left.
|c|☆KnuckleTesting|Im probably just gonna hang myself
|
|t:|1779808191
|switch|p2a: Great Tusk|Great Tusk|100/100 par
|-activate|p2a: Great Tusk|ability: Protosynthesis
|-start|p2a: Great Tusk|protosynthesisatk
|move|p1a: Dragapult|Hex|p2a: Great Tusk
|-damage|p2a: Great Tusk|16/100 par
|
|-weather|SunnyDay|[upkeep]
|upkeep
|turn|15
|
|t:|1779808199
|move|p1a: Dragapult|Hex|p2a: Great Tusk
|-damage|p2a: Great Tusk|0 fnt
|faint|p2a: Great Tusk
|-end|p2a: Great Tusk|Protosynthesis|[silent]
|
|-weather|SunnyDay|[upkeep]
|upkeep
|
|t:|1779808209
|switch|p2a: Mandibuzz|Mandibuzz, F|100/100
|turn|16
|
|t:|1779808215
|switch|p1a: Zapdos|Zapdos|27/100
|-damage|p1a: Zapdos|2/100|[from] Stealth Rock
|move|p2a: Mandibuzz|Foul Play|p1a: Zapdos
|-crit|p1a: Zapdos
|-damage|p1a: Zapdos|0 fnt
|faint|p1a: Zapdos
|
|-weather|none
|upkeep
|
|t:|1779808221
|switch|p1a: Iron Treads|Iron Treads|100/100
|-damage|p1a: Iron Treads|98/100|[from] Stealth Rock
|turn|17
|inactive|ghostoftheranch has 120 seconds left.
|
|t:|1779808232
|switch|p2a: Torkoal|Torkoal, F|33/100 par
|-weather|SunnyDay|[from] ability: Drought|[of] p2a: Torkoal
|move|p1a: Iron Treads|Rapid Spin|p2a: Torkoal
|-damage|p2a: Torkoal|24/100 par
|-boost|p1a: Iron Treads|spe|1
|-sideend|p1: KnuckleTesting|Stealth Rock|[from] move: Rapid Spin|[of] p1a: Iron Treads
|
|-weather|SunnyDay|[upkeep]
|-heal|p1a: Iron Treads|100/100|[from] item: Leftovers
|upkeep
|turn|18
|inactive|ghostoftheranch has 120 seconds left.
|
|t:|1779808246
|switch|p2a: Mandibuzz|Mandibuzz, F|100/100
|move|p1a: Iron Treads|Earthquake|p2a: Mandibuzz
|-immune|p2a: Mandibuzz
|
|-weather|SunnyDay|[upkeep]
|upkeep
|turn|19
|inactive|ghostoftheranch has 120 seconds left.
|
|t:|1779808252
|move|p1a: Iron Treads|Stealth Rock|p2a: Mandibuzz
|-sidestart|p2: ghostoftheranch|move: Stealth Rock
|move|p2a: Mandibuzz|Foul Play|p1a: Iron Treads
|-damage|p1a: Iron Treads|75/100
|
|-weather|SunnyDay|[upkeep]
|-heal|p1a: Iron Treads|81/100|[from] item: Leftovers
|upkeep
|turn|20
|
|t:|1779808259
|move|p1a: Iron Treads|Knock Off|p2a: Mandibuzz
|-resisted|p2a: Mandibuzz
|-damage|p2a: Mandibuzz|93/100
|-damage|p1a: Iron Treads|64/100|[from] item: Rocky Helmet|[of] p2a: Mandibuzz
|-enditem|p2a: Mandibuzz|Rocky Helmet|[from] move: Knock Off|[of] p1a: Iron Treads
|move|p2a: Mandibuzz|Foul Play|p1a: Iron Treads
|-damage|p1a: Iron Treads|39/100
|
|-weather|SunnyDay|[upkeep]
|-heal|p1a: Iron Treads|45/100|[from] item: Leftovers
|upkeep
|turn|21
|
|t:|1779808274
|-end|p1a: Iron Treads|Quark Drive|[silent]
|switch|p1a: Ogerpon|Ogerpon-Wellspring, F|100/100
|move|p2a: Mandibuzz|Defog|p1a: Ogerpon
|-unboost|p1a: Ogerpon|evasion|1
|-sideend|p2: ghostoftheranch|Stealth Rock|[from] move: Defog|[of] p2a: Mandibuzz
|
|-weather|SunnyDay|[upkeep]
|upkeep
|turn|22
|
|t:|1779808284
|switch|p2a: Volcanion|Volcanion|100/100
|move|p1a: Ogerpon|Play Rough|p2a: Volcanion
|-resisted|p2a: Volcanion
|-damage|p2a: Volcanion|85/100
|
|-weather|SunnyDay|[upkeep]
|upkeep
|turn|23
|
|t:|1779808295
|move|p1a: Ogerpon|Spikes|p2a: Volcanion
|-sidestart|p2: ghostoftheranch|Spikes
|move|p2a: Volcanion|Fire Blast|p1a: Ogerpon
|-damage|p1a: Ogerpon|0 fnt
|faint|p1a: Ogerpon
|
|-weather|SunnyDay|[upkeep]
|upkeep
|
|t:|1779808299
|switch|p1a: Iron Treads|Iron Treads|45/100
|turn|24
|
|t:|1779808308
|switch|p2a: Mandibuzz|Mandibuzz, F|93/100
|move|p1a: Iron Treads|Stealth Rock|p2a: Mandibuzz
|-sidestart|p2: ghostoftheranch|move: Stealth Rock
|
|-weather|none
|-heal|p1a: Iron Treads|51/100|[from] item: Leftovers
|upkeep
|turn|25
|
|t:|1779808316
|-end|p1a: Iron Treads|Quark Drive|[silent]
|switch|p1a: Mew|Mew|100/100
|move|p2a: Mandibuzz|Foul Play|p1a: Mew
|-supereffective|p1a: Mew
|-damage|p1a: Mew|51/100
|
|-heal|p1a: Mew|57/100|[from] item: Leftovers
|upkeep
|turn|26
|
|t:|1779808332
|move|p1a: Mew|Nasty Plot|p1a: Mew
|-boost|p1a: Mew|spa|2
|move|p2a: Mandibuzz|Defog|p1a: Mew
|-unboost|p1a: Mew|evasion|1
|-sideend|p2: ghostoftheranch|Spikes|[from] move: Defog|[of] p2a: Mandibuzz
|-sideend|p2: ghostoftheranch|Stealth Rock|[from] move: Defog|[of] p2a: Mandibuzz
|
|-heal|p1a: Mew|64/100|[from] item: Leftovers
|upkeep
|turn|27
|
|t:|1779808347
|switch|p2a: Torkoal|Torkoal, F|24/100 par
|-weather|SunnyDay|[from] ability: Drought|[of] p2a: Torkoal
|-terastallize|p1a: Mew|Fairy
|move|p1a: Mew|Draining Kiss|p2a: Torkoal
|-resisted|p2a: Torkoal
|-damage|p2a: Torkoal|0 fnt
|-heal|p1a: Mew|79/100|[from] drain|[of] p2a: Torkoal
|faint|p2a: Torkoal
|
|-weather|SunnyDay|[upkeep]
|-heal|p1a: Mew|85/100|[from] item: Leftovers
|upkeep
|
|t:|1779808352
|switch|p2a: Fezandipiti|Fezandipiti, M|100/100
|turn|28
|
|t:|1779808356
|move|p1a: Mew|Nasty Plot|p1a: Mew
|-boost|p1a: Mew|spa|2
|move|p2a: Fezandipiti|Sludge Bomb|p1a: Mew
|-supereffective|p1a: Mew
|-damage|p1a: Mew|26/100
|-status|p1a: Mew|psn
|-activate|p1a: Mew|ability: Synchronize
|-immune|p2a: Fezandipiti
|
|-weather|SunnyDay|[upkeep]
|-heal|p1a: Mew|32/100 psn|[from] item: Leftovers
|-damage|p1a: Mew|20/100 psn|[from] psn
|upkeep
|turn|29
|c|☆KnuckleTesting|Yeah im Just getting luckfucked Here
|c|☆KnuckleTesting|Cya
|-message|KnuckleTesting forfeited.
|
|win|ghostoftheranch
|raw|KnuckleTesting's rating: 1555 &rarr; <strong>1538</strong><br />(-17 for losing)
|raw|ghostoftheranch's rating: 1602 &rarr; <strong>1619</strong><br />(+17 for winning)
|l|☆KnuckleTesting
|player|p1|
|l|☆ghostoftheranch
|player|p2|
