|j|☆Yullei
|j|☆choispecs ironmoth
|t:|1779894461
|gametype|singles
|player|p1|Yullei|zinnia|1561
|player|p2|choispecs ironmoth|lucas|1661
|gen|9
|tier|[Gen 9] OU
|rated|
|rule|HP Percentage Mod: HP is shown in percentages
|rule|Endless Battle Clause: Forcing endless battles is banned
|rule|Species Clause: Limit one of each Pokémon
|rule|OHKO Clause: OHKO moves are banned
|rule|Evasion Items Clause: Evasion items are banned
|rule|Evasion Moves Clause: Evasion moves are banned
|rule|Evasion Abilities Clause: Evasion abilities are banned
|rule|Sleep Moves Clause: Sleep-inducing moves are banned
|clearpoke
|poke|p1|Pelipper, M|
|poke|p1|Raging Bolt|
|poke|p1|Overqwil, M|
|poke|p1|Barraskewda, M|
|poke|p1|Iron Treads|
|poke|p1|Kingambit, M|
|poke|p2|Kyurem|
|poke|p2|Cinderace, M|
|poke|p2|Kingambit, F|
|poke|p2|Landorus-Therian, M|
|poke|p2|Iron Valiant|
|poke|p2|Slowking-Galar, F|
|teampreview
|j| ClipperTime
|inactive|Battle timer is ON: inactive players will automatically lose when time's up. (requested by Yullei)
|inactive|Yullei has 120 seconds left.
|
|t:|1779894500
|teamsize|p1|6
|teamsize|p2|6
|start
|switch|p1a: man|Iron Treads|100/100
|switch|p2a: Kyurem|Kyurem|100/100
|-ability|p2a: Kyurem|Pressure
|-enditem|p1a: man|Booster Energy
|-activate|p1a: man|ability: Quark Drive|[fromitem]
|-start|p1a: man|quarkdrivespe
|turn|1
|
|t:|1779894505
|move|p1a: man|Steel Beam|p2a: Kyurem
|-supereffective|p2a: Kyurem
|-damage|p2a: Kyurem|26/100
|-damage|p1a: man|50/100|[from] steelbeam
|move|p2a: Kyurem|Earth Power|p1a: man
|-supereffective|p1a: man
|-crit|p1a: man
|-damage|p1a: man|0 fnt
|faint|p1a: man
|-end|p1a: man|Quark Drive|[silent]
|
|upkeep
|
|t:|1779894509
|switch|p1a: cat|Pelipper, M|100/100
|-weather|RainDance|[from] ability: Drizzle|[of] p1a: cat
|turn|2
|l| ClipperTime
|
|t:|1779894514
|switch|p1a: woman|Kingambit, M, shiny|100/100
|-activate|p1a: woman|ability: Supreme Overlord
|-start|p1a: woman|fallen1|[silent]
|move|p2a: Kyurem|Freeze-Dry|p1a: woman
|-resisted|p1a: woman
|-crit|p1a: woman
|-damage|p1a: woman|71/100
|
|-weather|RainDance|[upkeep]
|-heal|p1a: woman|77/100|[from] item: Leftovers
|upkeep
|turn|3
|
|t:|1779894525
|switch|p2a: Kingambit|Kingambit, F|100/100
|-end|p1a: woman|fallen1|[silent]
|switch|p1a: cat|Pelipper, M|100/100
|
|-weather|RainDance|[upkeep]
|upkeep
|turn|4
|
|t:|1779894528
|move|p2a: Kingambit|Swords Dance|p2a: Kingambit
|-boost|p2a: Kingambit|atk|2
|move|p1a: cat|U-turn|p2a: Kingambit
|-damage|p2a: Kingambit|92/100
|
|t:|1779894531
|switch|p1a: rabbit|Raging Bolt|100/100|[from] U-turn
|-enditem|p1a: rabbit|Booster Energy
|-activate|p1a: rabbit|ability: Protosynthesis|[fromitem]
|-start|p1a: rabbit|protosynthesisspa
|
|-weather|RainDance|[upkeep]
|-heal|p2a: Kingambit|98/100|[from] item: Leftovers
|upkeep
|turn|5
|
|t:|1779894535
|move|p1a: rabbit|Thunder|p2a: Kingambit
|-damage|p2a: Kingambit|0 fnt
|faint|p2a: Kingambit
|-end|p2a: Kingambit|fallenundefined|[silent]
|
|-weather|RainDance|[upkeep]
|upkeep
|
|t:|1779894540
|switch|p2a: Slowking|Slowking-Galar, F|100/100
|turn|6
|
|t:|1779894542
|move|p1a: rabbit|Thunder|p2a: Slowking
|-damage|p2a: Slowking|50/100
|-status|p2a: Slowking|par
|-prepare|p2a: Slowking|Chilly Reception|[premajor]
|move|p2a: Slowking|Chilly Reception|p2a: Slowking
|-weather|Snowscape
|
|t:|1779894548
|switch|p2a: Kyurem|Kyurem|26/100|[from] Chilly Reception
|-ability|p2a: Kyurem|Pressure
|
|-weather|Snowscape|[upkeep]
|upkeep
|turn|7
|
|t:|1779894556
|-end|p1a: rabbit|Protosynthesis|[silent]
|switch|p1a: woman|Kingambit, M, shiny|77/100
|-activate|p1a: woman|ability: Supreme Overlord
|-start|p1a: woman|fallen1|[silent]
|move|p2a: Kyurem|Blizzard|p1a: woman
|-resisted|p1a: woman
|-damage|p1a: woman|48/100
|-status|p1a: woman|frz
|
|-weather|Snowscape|[upkeep]
|-heal|p1a: woman|54/100 frz|[from] item: Leftovers
|upkeep
|turn|8
|
|t:|1779894565
|move|p2a: Kyurem|Blizzard|p1a: woman
|-resisted|p1a: woman
|-damage|p1a: woman|28/100 frz
|cant|p1a: woman|frz
|
|-weather|Snowscape|[upkeep]
|-heal|p1a: woman|34/100 frz|[from] item: Leftovers
|upkeep
|turn|9
|
|t:|1779894568
|cant|p1a: woman|frz
|move|p2a: Kyurem|Earth Power|p1a: woman
|-supereffective|p1a: woman
|-crit|p1a: woman
|-damage|p1a: woman|0 fnt
|faint|p1a: woman
|-end|p1a: woman|fallen1|[silent]
|
|-weather|Snowscape|[upkeep]
|upkeep
|
|t:|1779894572
|switch|p1a: cat|Pelipper, M|100/100
|-weather|RainDance|[from] ability: Drizzle|[of] p1a: cat
|turn|10
|
|t:|1779894576
|switch|p1a: dog|Overqwil, M|100/100
|move|p2a: Kyurem|Freeze-Dry|p1a: dog
|-damage|p1a: dog|39/100
|
|-weather|RainDance|[upkeep]
|upkeep
|turn|11
|
|t:|1779894585
|switch|p2a: Landorus|Landorus-Therian, M|100/100
|-ability|p2a: Landorus|Intimidate|boost
|-unboost|p1a: dog|atk|1
|move|p1a: dog|Crunch|p2a: Landorus
|-damage|p2a: Landorus|67/100
|-damage|p1a: dog|23/100|[from] item: Rocky Helmet|[of] p2a: Landorus
|-damage|p1a: dog|13/100|[from] item: Life Orb
|
|-weather|RainDance|[upkeep]
|upkeep
|turn|12
|
|t:|1779894602
|-terastallize|p2a: Landorus|Water
|move|p1a: dog|Liquidation|p2a: Landorus
|-resisted|p2a: Landorus
|-damage|p2a: Landorus|49/100
|-unboost|p2a: Landorus|def|1
|-damage|p1a: dog|0 fnt|[from] item: Rocky Helmet|[of] p2a: Landorus
|faint|p1a: dog
|move|p2a: Landorus|U-turn|p1: dog|[notarget]
|-fail|p2a: Landorus
|
|-weather|RainDance|[upkeep]
|upkeep
|
|t:|1779894607
|switch|p1a: e e|Barraskewda, M|100/100
|turn|13
|
|t:|1779894612
|-terastallize|p1a: e e|Water
|move|p1a: e e|Liquidation|p2a: Landorus
|-resisted|p2a: Landorus
|-damage|p2a: Landorus|0 fnt
|-damage|p1a: e e|84/100|[from] item: Rocky Helmet|[of] p2a: Landorus
|faint|p2a: Landorus
|
|-weather|RainDance|[upkeep]
|upkeep
|
|t:|1779894620
|switch|p2a: Slowking|Slowking-Galar, F|83/100 par
|turn|14
|
|t:|1779894622
|move|p1a: e e|Liquidation|p2a: Slowking
|-damage|p2a: Slowking|0 fnt
|faint|p2a: Slowking
|
|-weather|RainDance|[upkeep]
|upkeep
|-message|choispecs ironmoth forfeited.
|
|win|Yullei
|raw|Yullei's rating: 1561 &rarr; <strong>1587</strong><br />(+26 for winning)
|raw|choispecs ironmoth's rating: 1661 &rarr; <strong>1635</strong><br />(-26 for losing)
|l|☆choispecs ironmoth
|player|p2|
