|j|☆Regina dei Fiori
|j|☆Realrap55
|t:|1779817417
|gametype|singles
|player|p1|Regina dei Fiori|roxanne-masters|1294
|player|p2|Realrap55|rocketgrunt|1321
|gen|9
|tier|[Gen 9] OU
|rated|
|rule|HP Percentage Mod: HP is shown in percentages
|rule|Endless Battle Clause: Forcing endless battles is banned
|rule|Species Clause: Limit one of each Pokémon
|rule|OHKO Clause: OHKO moves are banned
|rule|Evasion Items Clause: Evasion items are banned
|rule|Evasion Moves Clause: Evasion moves are banned
|rule|Evasion Abilities Clause: Evasion abilities are banned
|rule|Sleep Moves Clause: Sleep-inducing moves are banned
|clearpoke
|poke|p1|Emboar, M|
|poke|p1|Corviknight, M|
|poke|p1|Toxapex, F|
|poke|p1|Great Tusk|
|poke|p1|Rillaboom, M|
|poke|p1|Dragonite, M|
|poke|p2|Ogerpon-Wellspring, F|
|poke|p2|Rillaboom, F|
|poke|p2|Hawlucha, F|
|poke|p2|Iron Treads|
|poke|p2|Meowscarada, F|
|poke|p2|Raging Bolt|
|teampreview
|inactive|Battle timer is ON: inactive players will automatically lose when time's up. (requested by Realrap55)
|
|t:|1779817433
|teamsize|p1|6
|teamsize|p2|6
|start
|switch|p1a: Emboar|Emboar, M|100/100
|switch|p2a: Meowscarada|Meowscarada, F|100/100
|turn|1
|
|t:|1779817451
|switch|p2a: Ogerpon|Ogerpon-Wellspring, F|100/100
|move|p1a: Emboar|Flare Blitz|p2a: Ogerpon
|-damage|p2a: Ogerpon|0 fnt
|faint|p2a: Ogerpon
|-damage|p1a: Emboar|75/100|[from] Recoil
|
|upkeep
|
|t:|1779817456
|switch|p2a: Rillaboom|Rillaboom, F|100/100
|-fieldstart|move: Grassy Terrain|[from] ability: Grassy Surge|[of] p2a: Rillaboom
|turn|2
|
|t:|1779817476
|move|p2a: Rillaboom|U-turn|p1a: Emboar
|-resisted|p1a: Emboar
|-damage|p1a: Emboar|64/100
|
|t:|1779817479
|switch|p2a: Raging Bolt|Raging Bolt|100/100|[from] U-turn
|-enditem|p2a: Raging Bolt|Booster Energy
|-activate|p2a: Raging Bolt|ability: Protosynthesis|[fromitem]
|-start|p2a: Raging Bolt|protosynthesisspa
|move|p1a: Emboar|Flare Blitz|p2a: Raging Bolt
|-resisted|p2a: Raging Bolt
|-damage|p2a: Raging Bolt|64/100
|-damage|p1a: Emboar|52/100|[from] Recoil
|
|-heal|p2a: Raging Bolt|71/100|[from] Grassy Terrain
|-heal|p1a: Emboar|58/100|[from] Grassy Terrain
|upkeep
|turn|3
|
|t:|1779817494
|move|p2a: Raging Bolt|Draco Meteor|p1a: Emboar
|-damage|p1a: Emboar|0 fnt
|-unboost|p2a: Raging Bolt|spa|2
|faint|p1a: Emboar
|
|-heal|p2a: Raging Bolt|77/100|[from] Grassy Terrain
|upkeep
|
|t:|1779817508
|switch|p1a: Dragonite|Dragonite, M|100/100
|turn|4
|
|t:|1779817512
|move|p1a: Dragonite|Dragon Dance|p1a: Dragonite
|-boost|p1a: Dragonite|atk|1
|-boost|p1a: Dragonite|spe|1
|move|p2a: Raging Bolt|Draco Meteor|p1a: Dragonite
|-supereffective|p1a: Dragonite
|-damage|p1a: Dragonite|44/100
|-unboost|p2a: Raging Bolt|spa|2
|
|-heal|p2a: Raging Bolt|83/100|[from] Grassy Terrain
|upkeep
|turn|5
|
|t:|1779817519
|-end|p2a: Raging Bolt|Protosynthesis|[silent]
|switch|p2a: Hawlucha|Hawlucha, F, shiny|100/100
|-enditem|p2a: Hawlucha|Grassy Seed
|-boost|p2a: Hawlucha|def|1|[from] item: Grassy Seed
|-terastallize|p1a: Dragonite|Normal
|move|p1a: Dragonite|Roost|p1a: Dragonite
|-heal|p1a: Dragonite|94/100
|
|-heal|p1a: Dragonite|99/100|[from] Grassy Terrain
|upkeep
|turn|6
|
|t:|1779817526
|move|p1a: Dragonite|Extreme Speed|p2a: Hawlucha
|-damage|p2a: Hawlucha|40/100
|move|p2a: Hawlucha|Encore|p1a: Dragonite
|-start|p1a: Dragonite|Encore
|
|-heal|p1a: Dragonite|100/100|[from] Grassy Terrain
|-fieldend|move: Grassy Terrain
|upkeep
|turn|7
|
|t:|1779817532
|move|p1a: Dragonite|Extreme Speed|p2a: Hawlucha
|-damage|p2a: Hawlucha|0 fnt
|faint|p2a: Hawlucha
|
|upkeep
|
|t:|1779817538
|switch|p2a: Iron Treads|Iron Treads|100/100
|-enditem|p2a: Iron Treads|Booster Energy
|-activate|p2a: Iron Treads|ability: Quark Drive|[fromitem]
|-start|p2a: Iron Treads|quarkdrivespe
|turn|8
|
|t:|1779817546
|switch|p1a: Great Tusk|Great Tusk|100/100
|move|p2a: Iron Treads|Earth Power|p1a: Great Tusk
|-damage|p1a: Great Tusk|62/100
|
|upkeep
|turn|9
|
|t:|1779817554
|-end|p2a: Iron Treads|Quark Drive|[silent]
|switch|p2a: Rillaboom|Rillaboom, F|100/100
|-fieldstart|move: Grassy Terrain|[from] ability: Grassy Surge|[of] p2a: Rillaboom
|move|p1a: Great Tusk|Rapid Spin|p2a: Rillaboom
|-crit|p2a: Rillaboom
|-damage|p2a: Rillaboom|76/100
|-boost|p1a: Great Tusk|spe|1
|
|-heal|p1a: Great Tusk|68/100|[from] Grassy Terrain
|-heal|p2a: Rillaboom|82/100|[from] Grassy Terrain
|upkeep
|turn|10
|
|t:|1779817560
|move|p1a: Great Tusk|Ice Spinner|p2a: Rillaboom
|-supereffective|p2a: Rillaboom
|-damage|p2a: Rillaboom|28/100
|-fieldend|move: Grassy Terrain
|move|p2a: Rillaboom|Wood Hammer|p1a: Great Tusk
|-supereffective|p1a: Great Tusk
|-damage|p1a: Great Tusk|0 fnt
|faint|p1a: Great Tusk
|-end|p1a: Great Tusk|Protosynthesis|[silent]
|-damage|p2a: Rillaboom|0 fnt|[from] Recoil
|faint|p2a: Rillaboom
|
|upkeep
|
|t:|1779817575
|switch|p2a: Raging Bolt|Raging Bolt|83/100
|switch|p1a: Dragonite|Dragonite, M, tera:Normal|100/100
|turn|11
|
|t:|1779817586
|move|p1a: Dragonite|Dragon Dance|p1a: Dragonite
|-boost|p1a: Dragonite|atk|1
|-boost|p1a: Dragonite|spe|1
|move|p2a: Raging Bolt|Thunderbolt|p1a: Dragonite
|-damage|p1a: Dragonite|74/100
|-status|p1a: Dragonite|par
|
|upkeep
|turn|12
|
|t:|1779817594
|move|p2a: Raging Bolt|Draco Meteor|p1a: Dragonite
|-damage|p1a: Dragonite|0 fnt
|-unboost|p2a: Raging Bolt|spa|2
|faint|p1a: Dragonite
|
|upkeep
|
|t:|1779817601
|switch|p1a: Toxapex|Toxapex, F|100/100
|turn|13
|
|t:|1779817609
|-end|p2a: Raging Bolt|Protosynthesis|[silent]
|switch|p2a: Iron Treads|Iron Treads|100/100
|move|p1a: Toxapex|Toxic|p2a: Iron Treads
|-immune|p2a: Iron Treads
|
|upkeep
|turn|14
|
|t:|1779817622
|switch|p1a: Corviknight|Corviknight, M|100/100
|-ability|p1a: Corviknight|Pressure
|move|p2a: Iron Treads|Stealth Rock|p1a: Corviknight
|-sidestart|p1: Regina dei Fiori|move: Stealth Rock
|
|upkeep
|turn|15
|
|t:|1779817636
|-end|p2a: Iron Treads|Quark Drive|[silent]
|switch|p2a: Raging Bolt|Raging Bolt|83/100
|move|p1a: Corviknight|Body Press|p2a: Raging Bolt
|-damage|p2a: Raging Bolt|58/100
|
|upkeep
|turn|16
|
|t:|1779817644
|switch|p1a: Rillaboom|Rillaboom, M|100/100
|-damage|p1a: Rillaboom|88/100|[from] Stealth Rock
|-fieldstart|move: Grassy Terrain|[from] ability: Grassy Surge|[of] p1a: Rillaboom
|move|p2a: Raging Bolt|Thunderbolt|p1a: Rillaboom
|-resisted|p1a: Rillaboom
|-crit|p1a: Rillaboom
|-damage|p1a: Rillaboom|35/100
|-status|p1a: Rillaboom|par
|
|-heal|p2a: Raging Bolt|64/100|[from] Grassy Terrain
|-heal|p1a: Rillaboom|41/100 par|[from] Grassy Terrain
|upkeep
|turn|17
|-message|Regina dei Fiori forfeited.
|
|win|Realrap55
|raw|Regina dei Fiori's rating: 1294 &rarr; <strong>1271</strong><br />(-23 for losing)
|raw|Realrap55's rating: 1321 &rarr; <strong>1339</strong><br />(+18 for winning)
|l|☆Regina dei Fiori
|player|p1|
|l|☆Realrap55
|player|p2|
