|j|☆Underquill
|j|☆FlexTheDork
|t:|1779929007
|gametype|singles
|player|p1|Underquill|1|1277
|player|p2|FlexTheDork|clown|1318
|gen|9
|tier|[Gen 9] OU
|rated|
|rule|HP Percentage Mod: HP is shown in percentages
|rule|Endless Battle Clause: Forcing endless battles is banned
|rule|Species Clause: Limit one of each Pokémon
|rule|OHKO Clause: OHKO moves are banned
|rule|Evasion Items Clause: Evasion items are banned
|rule|Evasion Moves Clause: Evasion moves are banned
|rule|Evasion Abilities Clause: Evasion abilities are banned
|rule|Sleep Moves Clause: Sleep-inducing moves are banned
|clearpoke
|poke|p1|Heatran, M|
|poke|p1|Tyranitar, M|
|poke|p1|Goodra-Hisui, F|
|poke|p1|Minior|
|poke|p1|Lycanroc, F|
|poke|p1|Corviknight, M|
|poke|p2|Hoopa|
|poke|p2|Cinderace, M|
|poke|p2|Mandibuzz, F|
|poke|p2|Kyurem|
|poke|p2|Ting-Lu|
|poke|p2|Manaphy|
|teampreview
|inactive|Battle timer is ON: inactive players will automatically lose when time's up. (requested by Underquill)
|
|t:|1779929012
|teamsize|p1|6
|teamsize|p2|6
|start
|switch|p1a: Tyranitar|Tyranitar, M|100/100
|switch|p2a: Cinderace|Cinderace, M|100/100
|-weather|Sandstorm|[from] ability: Sand Stream|[of] p1a: Tyranitar
|turn|1
|
|t:|1779929025
|switch|p1a: Corviknight|Corviknight, M|100/100
|-ability|p1a: Corviknight|Pressure
|move|p2a: Cinderace|High Jump Kick|p1a: Corviknight
|-start|p2a: Cinderace|typechange|Fighting|[from] ability: Libero
|-damage|p1a: Corviknight|66/100
|-damage|p2a: Cinderace|84/100|[from] item: Rocky Helmet|[of] p1a: Corviknight
|
|-weather|Sandstorm|[upkeep]
|-damage|p2a: Cinderace|78/100|[from] Sandstorm
|upkeep
|turn|2
|
|t:|1779929038
|move|p2a: Cinderace|Pyro Ball|p1a: Corviknight
|-supereffective|p1a: Corviknight
|-damage|p1a: Corviknight|15/100
|move|p1a: Corviknight|Brave Bird|p2a: Cinderace
|-supereffective|p2a: Cinderace
|-damage|p2a: Cinderace|0 fnt
|faint|p2a: Cinderace
|-damage|p1a: Corviknight|0 fnt|[from] Recoil
|faint|p1a: Corviknight
|
|-weather|Sandstorm|[upkeep]
|upkeep
|
|t:|1779929050
|switch|p2a: Ting-Lu|Ting-Lu|100/100
|switch|p1a: Minior|Minior|100/100
|-ability|p2a: Ting-Lu|Vessel of Ruin
|-formechange|p1a: Minior|Minior-Meteor||[from] ability: Shields Down
|turn|3
|
|t:|1779929061
|switch|p1a: Lycanroc|Lycanroc, F|100/100
|move|p2a: Ting-Lu|Stealth Rock|p1a: Lycanroc
|-sidestart|p1: Underquill|move: Stealth Rock
|
|-weather|Sandstorm|[upkeep]
|upkeep
|turn|4
|
|t:|1779929071
|move|p1a: Lycanroc|Close Combat|p2a: Ting-Lu
|-supereffective|p2a: Ting-Lu
|-damage|p2a: Ting-Lu|26/100
|-unboost|p1a: Lycanroc|def|1
|-unboost|p1a: Lycanroc|spd|1
|-enditem|p2a: Ting-Lu|Weakness Policy
|-boost|p2a: Ting-Lu|atk|2|[from] item: Weakness Policy
|-boost|p2a: Ting-Lu|spa|2|[from] item: Weakness Policy
|move|p2a: Ting-Lu|Heavy Slam|p1a: Lycanroc
|-supereffective|p1a: Lycanroc
|-damage|p1a: Lycanroc|0 fnt
|faint|p1a: Lycanroc
|
|-weather|Sandstorm|[upkeep]
|upkeep
|
|t:|1779929092
|switch|p1a: Tyranitar|Tyranitar, M|100/100
|-damage|p1a: Tyranitar|88/100|[from] Stealth Rock
|turn|5
|
|t:|1779929099
|move|p1a: Tyranitar|Body Press|p2a: Ting-Lu
|-supereffective|p2a: Ting-Lu
|-damage|p2a: Ting-Lu|0 fnt
|faint|p2a: Ting-Lu
|
|-weather|Sandstorm|[upkeep]
|upkeep
|
|t:|1779929104
|switch|p2a: Kyurem|Kyurem|100/100
|-ability|p2a: Kyurem|Pressure
|turn|6
|
|t:|1779929117
|move|p2a: Kyurem|Earth Power|p1a: Tyranitar
|-supereffective|p1a: Tyranitar
|-damage|p1a: Tyranitar|45/100
|move|p1a: Tyranitar|Power Gem|p2a: Kyurem
|-supereffective|p2a: Kyurem
|-damage|p2a: Kyurem|33/100
|
|-weather|Sandstorm|[upkeep]
|-damage|p2a: Kyurem|27/100|[from] Sandstorm
|upkeep
|turn|7
|
|t:|1779929128
|move|p2a: Kyurem|Earth Power|p1a: Tyranitar
|-supereffective|p1a: Tyranitar
|-damage|p1a: Tyranitar|4/100
|move|p1a: Tyranitar|Power Gem|p2a: Kyurem
|-supereffective|p2a: Kyurem
|-damage|p2a: Kyurem|0 fnt
|faint|p2a: Kyurem
|
|-weather|Sandstorm|[upkeep]
|upkeep
|
|t:|1779929142
|switch|p2a: Manaphy|Manaphy|100/100
|turn|8
|
|t:|1779929147
|move|p2a: Manaphy|Scald|p1a: Tyranitar
|-supereffective|p1a: Tyranitar
|-damage|p1a: Tyranitar|0 fnt
|faint|p1a: Tyranitar
|
|-weather|none
|upkeep
|
|t:|1779929155
|switch|p1a: Minior|Minior|100/100
|-damage|p1a: Minior|76/100|[from] Stealth Rock
|-formechange|p1a: Minior|Minior-Meteor||[from] ability: Shields Down
|turn|9
|
|t:|1779929191
|switch|p1a: Goodra|Goodra-Hisui, F|100/100
|-damage|p1a: Goodra|94/100|[from] Stealth Rock
|move|p2a: Manaphy|Take Heart|p2a: Manaphy
|-boost|p2a: Manaphy|spa|1
|-boost|p2a: Manaphy|spd|1
|
|upkeep
|turn|10
|inactive|Underquill has 120 seconds left.
|
|t:|1779929209
|move|p2a: Manaphy|Alluring Voice|p1a: Goodra
|-damage|p1a: Goodra|81/100
|move|p1a: Goodra|Draco Meteor|p2a: Manaphy
|-damage|p2a: Manaphy|66/100
|-unboost|p1a: Goodra|spa|2
|
|-heal|p2a: Manaphy|73/100|[from] item: Leftovers
|upkeep
|turn|11
|inactive|Underquill has 120 seconds left.
|-message|Underquill forfeited.
|
|win|FlexTheDork
|raw|Underquill's rating: 1277 &rarr; <strong>1255</strong><br />(-22 for losing)
|raw|FlexTheDork's rating: 1318 &rarr; <strong>1336</strong><br />(+18 for winning)
|l|☆Underquill
|player|p1|
|l|☆FlexTheDork
|player|p2|
