|j|☆Tonzeral
|j|☆aGellO
|t:|1779858104
|gametype|singles
|player|p1|Tonzeral|magmasuit|1110
|player|p2|aGellO|pokemonbreeder-gen4|1132
|gen|9
|tier|[Gen 9] OU
|rated|
|rule|HP Percentage Mod: HP is shown in percentages
|rule|Endless Battle Clause: Forcing endless battles is banned
|rule|Species Clause: Limit one of each Pokémon
|rule|OHKO Clause: OHKO moves are banned
|rule|Evasion Items Clause: Evasion items are banned
|rule|Evasion Moves Clause: Evasion moves are banned
|rule|Evasion Abilities Clause: Evasion abilities are banned
|rule|Sleep Moves Clause: Sleep-inducing moves are banned
|clearpoke
|poke|p1|Mismagius, F|
|poke|p1|Politoed, F|
|poke|p1|Klefki, F|
|poke|p1|Braviary, M|
|poke|p1|Masquerain, F|
|poke|p1|Crawdaunt, M|
|poke|p2|Jolteon, M|
|poke|p2|Dragapult, F|
|poke|p2|Alomomola, M|
|poke|p2|Kingambit, M|
|poke|p2|Meowscarada, M|
|poke|p2|Moltres|
|teampreview
|inactive|Battle timer is ON: inactive players will automatically lose when time's up. (requested by Tonzeral)
|
|t:|1779858117
|teamsize|p1|6
|teamsize|p2|6
|start
|switch|p1a: Masquerain|Masquerain, F|100/100
|switch|p2a: Jolteon|Jolteon, M|100/100
|-ability|p1a: Masquerain|Intimidate|boost
|-unboost|p2a: Jolteon|atk|1
|turn|1
|
|t:|1779858123
|move|p2a: Jolteon|Volt Switch|p1a: Masquerain
|-supereffective|p1a: Masquerain
|-damage|p1a: Masquerain|13/100
|-enditem|p1a: Masquerain|Red Card|[of] p2a: Jolteon
|drag|p2a: Alomomola|Alomomola, M|100/100
|move|p1a: Masquerain|Sticky Web|p2a: Alomomola
|-sidestart|p2: aGellO|move: Sticky Web
|
|upkeep
|turn|2
|
|t:|1779858130
|move|p1a: Masquerain|Hurricane|p2a: Alomomola
|-damage|p2a: Alomomola|39/100
|-start|p2a: Alomomola|confusion
|-activate|p2a: Alomomola|confusion
|move|p2a: Alomomola|Flip Turn|p1a: Masquerain
|-damage|p1a: Masquerain|0 fnt
|faint|p1a: Masquerain
|
|t:|1779858137
|switch|p2a: Jolteon|Jolteon, M|100/100|[from] Flip Turn
|
|upkeep
|
|t:|1779858162
|switch|p1a: Politoed|Politoed, F, shiny|100/100
|turn|3
|
|t:|1779858168
|-terastallize|p1a: Politoed|Ground
|move|p2a: Jolteon|Calm Mind|p2a: Jolteon
|-boost|p2a: Jolteon|spa|1
|-boost|p2a: Jolteon|spd|1
|move|p1a: Politoed|Earth Power|p2a: Jolteon
|-supereffective|p2a: Jolteon
|-damage|p2a: Jolteon|27/100
|
|upkeep
|turn|4
|
|t:|1779858177
|-terastallize|p2a: Jolteon|Fairy
|move|p2a: Jolteon|Alluring Voice|p1a: Politoed
|-damage|p1a: Politoed|49/100
|move|p1a: Politoed|Ice Beam|p2a: Jolteon
|-damage|p2a: Jolteon|1/100
|-status|p2a: Jolteon|frz
|
|-heal|p1a: Politoed|55/100|[from] item: Leftovers
|upkeep
|turn|5
|
|t:|1779858186
|cant|p2a: Jolteon|frz
|move|p1a: Politoed|Amnesia|p1a: Politoed
|-boost|p1a: Politoed|spd|2
|
|-heal|p1a: Politoed|61/100|[from] item: Leftovers
|upkeep
|turn|6
|
|t:|1779858190
|cant|p2a: Jolteon|frz
|move|p1a: Politoed|Ice Beam|p2a: Jolteon
|-damage|p2a: Jolteon|0 fnt
|faint|p2a: Jolteon
|
|-heal|p1a: Politoed|68/100|[from] item: Leftovers
|upkeep
|
|t:|1779858196
|switch|p2a: Meowscarada|Meowscarada, M|100/100
|-activate|p2a: Meowscarada|move: Sticky Web
|-unboost|p2a: Meowscarada|spe|1
|turn|7
|
|t:|1779858200
|move|p2a: Meowscarada|Flower Trick|p1a: Politoed
|-start|p2a: Meowscarada|typechange|Grass|[from] ability: Protean
|-supereffective|p1a: Politoed
|-crit|p1a: Politoed
|-damage|p1a: Politoed|0 fnt
|faint|p1a: Politoed
|
|upkeep
|
|t:|1779858207
|switch|p1a: Braviary|Braviary, M|100/100
|turn|8
|
|t:|1779858221
|switch|p2a: Dragapult|Dragapult, F|100/100
|move|p1a: Braviary|Brave Bird|p2a: Dragapult
|-damage|p2a: Dragapult|12/100
|-damage|p1a: Braviary|73/100|[from] Recoil
|
|upkeep
|turn|9
|
|t:|1779858233
|move|p1a: Braviary|Brave Bird|p2a: Dragapult
|-damage|p2a: Dragapult|0 fnt
|faint|p2a: Dragapult
|-damage|p1a: Braviary|70/100|[from] Recoil
|
|upkeep
|
|t:|1779858238
|switch|p2a: Kingambit|Kingambit, M|100/100
|-activate|p2a: Kingambit|move: Sticky Web
|-unboost|p2a: Kingambit|spe|1
|-activate|p2a: Kingambit|ability: Supreme Overlord
|-start|p2a: Kingambit|fallen2|[silent]
|turn|10
|
|t:|1779858247
|switch|p1a: Crawdaunt|Crawdaunt, M|100/100
|move|p2a: Kingambit|Swords Dance|p2a: Kingambit
|-boost|p2a: Kingambit|atk|2
|
|upkeep
|turn|11
|
|t:|1779858264
|move|p1a: Crawdaunt|Crabhammer|p2a: Kingambit
|-damage|p2a: Kingambit|8/100
|move|p2a: Kingambit|Kowtow Cleave|p1a: Crawdaunt
|-resisted|p1a: Crawdaunt
|-damage|p1a: Crawdaunt|29/100
|
|-heal|p2a: Kingambit|15/100|[from] item: Leftovers
|upkeep
|turn|12
|-message|aGellO forfeited.
|
|win|Tonzeral
|raw|Tonzeral's rating: 1110 &rarr; <strong>1137</strong><br />(+27 for winning)
|raw|aGellO's rating: 1132 &rarr; <strong>1105</strong><br />(-27 for losing)
|l|☆aGellO
|player|p2|
|l|☆Tonzeral
|player|p1|
