|badge|p2|bronze|gen9ru|100-9
|uhtml|medal-msg|<div class="broadcast-blue">Curious what those medals under the avatar are? PS now has Ladder Seasons! For more information, check out the <a href="https://www.smogon.com/forums/threads/3740067/">thread on Smogon.</a></div>
|j|☆ratsallfolks
|j|☆Parker757
|t:|1779849394
|gametype|singles
|player|p1|ratsallfolks|gardenia-masters|1526
|player|p2|Parker757|pokemonranger-gen4|1498
|gen|9
|tier|[Gen 9] OU
|rated|
|rule|HP Percentage Mod: HP is shown in percentages
|rule|Endless Battle Clause: Forcing endless battles is banned
|rule|Species Clause: Limit one of each Pokémon
|rule|OHKO Clause: OHKO moves are banned
|rule|Evasion Items Clause: Evasion items are banned
|rule|Evasion Moves Clause: Evasion moves are banned
|rule|Evasion Abilities Clause: Evasion abilities are banned
|rule|Sleep Moves Clause: Sleep-inducing moves are banned
|clearpoke
|poke|p1|Pelipper, M|
|poke|p1|Floatzel, M|
|poke|p1|Toxicroak, M|
|poke|p1|Iron Treads|
|poke|p1|Ogerpon-Wellspring, F|
|poke|p1|Kingambit, F|
|poke|p2|Tinkaton, F|
|poke|p2|Ogerpon, F|
|poke|p2|Great Tusk|
|poke|p2|Pecharunt|
|poke|p2|Alomomola, M|
|poke|p2|Hydreigon, M|
|teampreview
|inactive|Battle timer is ON: inactive players will automatically lose when time's up. (requested by Parker757)
|
|t:|1779849413
|teamsize|p1|6
|teamsize|p2|6
|start
|switch|p1a: Floatzel|Floatzel, M|100/100
|switch|p2a: Hybrid|Hydreigon, M, shiny|100/100
|turn|1
|
|t:|1779849422
|move|p1a: Floatzel|Flip Turn|p2a: Hybrid
|-resisted|p2a: Hybrid
|-damage|p2a: Hybrid|74/100
|
|t:|1779849425
|switch|p1a: Iron Treads|Iron Treads|100/100|[from] Flip Turn
|move|p2a: Hybrid|Dark Pulse|p1a: Iron Treads
|-damage|p1a: Iron Treads|22/100
|
|-heal|p1a: Iron Treads|28/100|[from] item: Leftovers
|upkeep
|turn|2
|
|t:|1779849429
|-end|p1a: Iron Treads|Quark Drive|[silent]
|switch|p1a: Kingambit|Kingambit, F|100/100
|move|p2a: Hybrid|Dark Pulse|p1a: Kingambit
|-resisted|p1a: Kingambit
|-damage|p1a: Kingambit|70/100
|
|-heal|p1a: Kingambit|76/100|[from] item: Leftovers
|upkeep
|turn|3
|
|t:|1779849436
|switch|p2a: Behemoth|Great Tusk, shiny|100/100
|-end|p1a: Kingambit|fallenundefined|[silent]
|switch|p1a: Pelipper|Pelipper, M|100/100
|-weather|RainDance|[from] ability: Drizzle|[of] p1a: Pelipper
|
|-weather|RainDance|[upkeep]
|upkeep
|turn|4
|
|t:|1779849439
|-end|p2a: Behemoth|Protosynthesis|[silent]
|switch|p2a: Pisces|Alomomola, M, shiny|100/100
|move|p1a: Pelipper|Hurricane|p2a: Pisces
|-damage|p2a: Pisces|82/100
|
|-weather|RainDance|[upkeep]
|upkeep
|turn|5
|
|t:|1779849445
|move|p1a: Pelipper|U-turn|p2a: Pisces
|-damage|p2a: Pisces|75/100
|
|t:|1779849447
|switch|p1a: Ogerpon|Ogerpon-Wellspring, F|100/100|[from] U-turn
|move|p2a: Pisces|Flip Turn|p1a: Ogerpon
|-immune|p1a: Ogerpon|[from] ability: Water Absorb
|
|-weather|RainDance|[upkeep]
|upkeep
|turn|6
|
|t:|1779849450
|switch|p2a: Overseer|Pecharunt|100/100
|move|p1a: Ogerpon|Ivy Cudgel|p2a: Overseer|[anim] Ivy Cudgel Water
|-damage|p2a: Overseer|56/100
|
|-weather|RainDance|[upkeep]
|upkeep
|turn|7
|
|t:|1779849458
|-terastallize|p1a: Ogerpon|Water
|detailschange|p1a: Ogerpon|Ogerpon-Wellspring-Tera, F, tera:Water
|-ability|p1a: Ogerpon|Embody Aspect (Wellspring)|boost
|-boost|p1a: Ogerpon|spd|1
|move|p1a: Ogerpon|Ivy Cudgel|p2a: Overseer|[anim] Ivy Cudgel Water
|-damage|p2a: Overseer|1/100
|move|p2a: Overseer|Parting Shot|p1a: Ogerpon
|-unboost|p1a: Ogerpon|atk|1
|-unboost|p1a: Ogerpon|spa|1
|
|t:|1779849462
|switch|p2a: Anonymous|Ogerpon, F|100/100|[from] Parting Shot
|
|-weather|RainDance|[upkeep]
|upkeep
|turn|8
|
|t:|1779849468
|switch|p1a: Toxicroak|Toxicroak, M|100/100
|move|p2a: Anonymous|U-turn|p1a: Toxicroak
|-resisted|p1a: Toxicroak
|-damage|p1a: Toxicroak|93/100
|
|t:|1779849472
|switch|p2a: Hybrid|Hydreigon, M, shiny|74/100|[from] U-turn
|
|-weather|RainDance|[upkeep]
|-heal|p1a: Toxicroak|100/100|[from] ability: Dry Skin
|upkeep
|turn|9
|
|t:|1779849475
|move|p1a: Toxicroak|Protect|p1a: Toxicroak
|-singleturn|p1a: Toxicroak|Protect
|move|p2a: Hybrid|Draco Meteor|p1a: Toxicroak
|-activate|p1a: Toxicroak|move: Protect
|
|-weather|RainDance|[upkeep]
|upkeep
|turn|10
|
|t:|1779849480
|switch|p1a: Iron Treads|Iron Treads|28/100
|move|p2a: Hybrid|Draco Meteor|p1a: Iron Treads
|-resisted|p1a: Iron Treads
|-damage|p1a: Iron Treads|0 fnt
|-unboost|p2a: Hybrid|spa|2
|faint|p1a: Iron Treads
|-end|p1a: Iron Treads|Quark Drive|[silent]
|
|-weather|none
|upkeep
|
|t:|1779849484
|switch|p1a: Ogerpon|Ogerpon-Wellspring-Tera, F, tera:Water|100/100
|-ability|p1a: Ogerpon|Embody Aspect (Wellspring)|boost
|-boost|p1a: Ogerpon|spd|1
|turn|11
|
|t:|1779849487
|switch|p2a: Overseer|Pecharunt|1/100
|move|p1a: Ogerpon|Swords Dance|p1a: Ogerpon
|-boost|p1a: Ogerpon|atk|2
|
|upkeep
|turn|12
|
|t:|1779849492
|move|p1a: Ogerpon|Ivy Cudgel|p2a: Overseer|[anim] Ivy Cudgel Water
|-damage|p2a: Overseer|0 fnt
|faint|p2a: Overseer
|
|upkeep
|
|t:|1779849495
|switch|p2a: Anonymous|Ogerpon, F|100/100
|turn|13
|
|t:|1779849501
|switch|p1a: Toxicroak|Toxicroak, M|100/100
|move|p2a: Anonymous|Ivy Cudgel|p1a: Toxicroak
|-resisted|p1a: Toxicroak
|-damage|p1a: Toxicroak|67/100
|
|-heal|p1a: Toxicroak|73/100|[from] item: Black Sludge
|upkeep
|turn|14
|
|t:|1779849508
|switch|p2a: Smile.exe|Tinkaton, F, shiny|100/100
|-item|p2a: Smile.exe|Air Balloon
|move|p1a: Toxicroak|Toxic|p2a: Smile.exe
|-immune|p2a: Smile.exe
|
|-heal|p1a: Toxicroak|80/100|[from] item: Black Sludge
|upkeep
|turn|15
|
|t:|1779849512
|switch|p1a: Floatzel|Floatzel, M|100/100
|move|p2a: Smile.exe|Stealth Rock|p1a: Floatzel
|-sidestart|p1: ratsallfolks|move: Stealth Rock
|
|upkeep
|turn|16
|
|t:|1779849518
|switch|p2a: Pisces|Alomomola, M, shiny|100/100
|move|p1a: Floatzel|Flip Turn|p2a: Pisces
|-resisted|p2a: Pisces
|-damage|p2a: Pisces|82/100
|
|t:|1779849524
|switch|p1a: Ogerpon|Ogerpon-Wellspring-Tera, F, tera:Water|100/100|[from] Flip Turn
|-damage|p1a: Ogerpon|88/100|[from] Stealth Rock
|-ability|p1a: Ogerpon|Embody Aspect (Wellspring)|boost
|-boost|p1a: Ogerpon|spd|1
|
|upkeep
|turn|17
|
|t:|1779849529
|move|p1a: Ogerpon|Horn Leech|p2a: Pisces
|-supereffective|p2a: Pisces
|-damage|p2a: Pisces|12/100
|-heal|p1a: Ogerpon|100/100|[from] drain|[of] p2a: Pisces
|move|p2a: Pisces|Flip Turn|p1a: Ogerpon
|-resisted|p1a: Ogerpon
|-damage|p1a: Ogerpon|90/100
|
|t:|1779849533
|switch|p2a: Anonymous|Ogerpon, F|100/100|[from] Flip Turn
|
|upkeep
|turn|18
|
|t:|1779849537
|move|p1a: Ogerpon|Ivy Cudgel|p2a: Anonymous|[anim] Ivy Cudgel Water
|-resisted|p2a: Anonymous
|-damage|p2a: Anonymous|48/100
|move|p2a: Anonymous|Ivy Cudgel|p1a: Ogerpon
|-supereffective|p1a: Ogerpon
|-damage|p1a: Ogerpon|0 fnt
|faint|p1a: Ogerpon
|detailschange|p1: Ogerpon|Ogerpon-Wellspring, F|[silent]
|
|upkeep
|
|t:|1779849543
|switch|p1a: Pelipper|Pelipper, M|100/100
|-damage|p1a: Pelipper|76/100|[from] Stealth Rock
|-weather|RainDance|[from] ability: Drizzle|[of] p1a: Pelipper
|turn|19
|
|t:|1779849545
|switch|p2a: Pisces|Alomomola, M, shiny|46/100
|move|p1a: Pelipper|U-turn|p2a: Pisces
|-damage|p2a: Pisces|38/100
|
|t:|1779849549
|switch|p1a: Floatzel|Floatzel, M|100/100|[from] U-turn
|-damage|p1a: Floatzel|88/100|[from] Stealth Rock
|
|-weather|RainDance|[upkeep]
|upkeep
|turn|20
|
|t:|1779849554
|switch|p2a: Smile.exe|Tinkaton, F, shiny|100/100
|-item|p2a: Smile.exe|Air Balloon
|move|p1a: Floatzel|Wave Crash|p2a: Smile.exe
|-damage|p2a: Smile.exe|0 fnt
|-enditem|p2a: Smile.exe|Air Balloon
|faint|p2a: Smile.exe
|-damage|p1a: Floatzel|55/100|[from] Recoil
|
|-weather|RainDance|[upkeep]
|upkeep
|
|t:|1779849557
|switch|p2a: Pisces|Alomomola, M, shiny|71/100
|turn|21
|
|t:|1779849559
|move|p1a: Floatzel|Wave Crash|p2a: Pisces
|-resisted|p2a: Pisces
|-damage|p2a: Pisces|22/100
|-damage|p1a: Floatzel|27/100|[from] Recoil
|move|p2a: Pisces|Flip Turn|p1a: Floatzel
|-resisted|p1a: Floatzel
|-damage|p1a: Floatzel|6/100
|
|t:|1779849567
|switch|p2a: Behemoth|Great Tusk, shiny|100/100|[from] Flip Turn
|
|-weather|RainDance|[upkeep]
|upkeep
|turn|22
|
|t:|1779849571
|-end|p2a: Behemoth|Protosynthesis|[silent]
|switch|p2a: Pisces|Alomomola, M, shiny|55/100
|move|p1a: Floatzel|Wave Crash|p2a: Pisces
|-resisted|p2a: Pisces
|-damage|p2a: Pisces|7/100
|-damage|p1a: Floatzel|0 fnt|[from] Recoil
|faint|p1a: Floatzel
|
|-weather|RainDance|[upkeep]
|upkeep
|
|t:|1779849575
|switch|p1a: Kingambit|Kingambit, F|76/100
|-damage|p1a: Kingambit|70/100|[from] Stealth Rock
|-activate|p1a: Kingambit|ability: Supreme Overlord
|-start|p1a: Kingambit|fallen3|[silent]
|turn|23
|
|t:|1779849579
|move|p2a: Pisces|Flip Turn|p1a: Kingambit
|-damage|p1a: Kingambit|52/100
|
|t:|1779849583
|switch|p2a: Behemoth|Great Tusk, shiny|100/100|[from] Flip Turn
|move|p1a: Kingambit|Iron Head|p2a: Behemoth
|-damage|p2a: Behemoth|59/100
|
|-weather|RainDance|[upkeep]
|-heal|p1a: Kingambit|58/100|[from] item: Leftovers
|upkeep
|turn|24
|
|t:|1779849588
|-end|p1a: Kingambit|fallen3|[silent]
|switch|p1a: Pelipper|Pelipper, M|76/100
|-damage|p1a: Pelipper|51/100|[from] Stealth Rock
|move|p2a: Behemoth|Close Combat|p1a: Pelipper
|-resisted|p1a: Pelipper
|-damage|p1a: Pelipper|27/100
|-unboost|p2a: Behemoth|def|1
|-unboost|p2a: Behemoth|spd|1
|
|-weather|RainDance|[upkeep]
|upkeep
|turn|25
|
|t:|1779849592
|-end|p2a: Behemoth|Protosynthesis|[silent]
|switch|p2a: Hybrid|Hydreigon, M, shiny|74/100
|move|p1a: Pelipper|Roost|p1a: Pelipper
|-heal|p1a: Pelipper|77/100
|-singleturn|p1a: Pelipper|move: Roost
|
|-weather|RainDance|[upkeep]
|upkeep
|turn|26
|
|t:|1779849597
|switch|p1a: Toxicroak|Toxicroak, M|80/100
|-damage|p1a: Toxicroak|73/100|[from] Stealth Rock
|move|p2a: Hybrid|Dark Pulse|p1a: Toxicroak
|-resisted|p1a: Toxicroak
|-damage|p1a: Toxicroak|31/100
|
|-weather|none
|-heal|p1a: Toxicroak|37/100|[from] item: Black Sludge
|upkeep
|turn|27
|
|t:|1779849602
|move|p1a: Toxicroak|Protect|p1a: Toxicroak
|-singleturn|p1a: Toxicroak|Protect
|move|p2a: Hybrid|Dark Pulse|p1a: Toxicroak
|-activate|p1a: Toxicroak|move: Protect
|
|-heal|p1a: Toxicroak|43/100|[from] item: Black Sludge
|upkeep
|turn|28
|
|t:|1779849607
|move|p2a: Hybrid|Dark Pulse|p1a: Toxicroak
|-resisted|p1a: Toxicroak
|-damage|p1a: Toxicroak|1/100
|move|p1a: Toxicroak|Drain Punch|p2a: Hybrid
|-supereffective|p2a: Hybrid
|-damage|p2a: Hybrid|9/100
|-heal|p1a: Toxicroak|29/100|[from] drain|[of] p2a: Hybrid
|
|-heal|p1a: Toxicroak|36/100|[from] item: Black Sludge
|upkeep
|turn|29
|
|t:|1779849613
|move|p1a: Toxicroak|Protect|p1a: Toxicroak
|-singleturn|p1a: Toxicroak|Protect
|move|p2a: Hybrid|Dark Pulse|p1a: Toxicroak
|-activate|p1a: Toxicroak|move: Protect
|
|-heal|p1a: Toxicroak|42/100|[from] item: Black Sludge
|upkeep
|turn|30
|
|t:|1779849615
|move|p2a: Hybrid|Dark Pulse|p1a: Toxicroak
|-resisted|p1a: Toxicroak
|-damage|p1a: Toxicroak|5/100
|move|p1a: Toxicroak|Drain Punch|p2a: Hybrid
|-supereffective|p2a: Hybrid
|-damage|p2a: Hybrid|0 fnt
|-heal|p1a: Toxicroak|9/100|[from] drain|[of] p2a: Hybrid
|faint|p2a: Hybrid
|
|-heal|p1a: Toxicroak|15/100|[from] item: Black Sludge
|upkeep
|
|t:|1779849621
|switch|p2a: Behemoth|Great Tusk, shiny|59/100
|turn|31
|
|t:|1779849623
|move|p2a: Behemoth|Headlong Rush|p1a: Toxicroak
|-supereffective|p1a: Toxicroak
|-damage|p1a: Toxicroak|0 fnt
|-unboost|p2a: Behemoth|def|1
|-unboost|p2a: Behemoth|spd|1
|faint|p1a: Toxicroak
|
|upkeep
|
|t:|1779849626
|switch|p1a: Pelipper|Pelipper, M|77/100
|-damage|p1a: Pelipper|52/100|[from] Stealth Rock
|-weather|RainDance|[from] ability: Drizzle|[of] p1a: Pelipper
|turn|32
|
|t:|1779849628
|-end|p2a: Behemoth|Protosynthesis|[silent]
|switch|p2a: Pisces|Alomomola, M, shiny|40/100
|move|p1a: Pelipper|U-turn|p2a: Pisces
|-damage|p2a: Pisces|34/100
|
|t:|1779849630
|switch|p1a: Kingambit|Kingambit, F|58/100|[from] U-turn
|-damage|p1a: Kingambit|52/100|[from] Stealth Rock
|-activate|p1a: Kingambit|ability: Supreme Overlord
|-start|p1a: Kingambit|fallen4|[silent]
|
|-weather|RainDance|[upkeep]
|-heal|p1a: Kingambit|58/100|[from] item: Leftovers
|upkeep
|turn|33
|
|t:|1779849641
|move|p2a: Pisces|Flip Turn|p1a: Kingambit
|-crit|p1a: Kingambit
|-damage|p1a: Kingambit|31/100
|
|t:|1779849646
|switch|p2a: Behemoth|Great Tusk, shiny|59/100|[from] Flip Turn
|move|p1a: Kingambit|Iron Head|p2a: Behemoth
|-damage|p2a: Behemoth|10/100
|
|-weather|RainDance|[upkeep]
|-heal|p1a: Kingambit|37/100|[from] item: Leftovers
|upkeep
|turn|34
|
|t:|1779849660
|-end|p2a: Behemoth|Protosynthesis|[silent]
|switch|p2a: Pisces|Alomomola, M, shiny|67/100
|move|p1a: Kingambit|Sucker Punch||[still]
|-fail|p1a: Kingambit
|
|-weather|RainDance|[upkeep]
|-heal|p1a: Kingambit|43/100|[from] item: Leftovers
|upkeep
|turn|35
|
|t:|1779849664
|move|p2a: Pisces|Flip Turn|p1a: Kingambit
|-damage|p1a: Kingambit|27/100
|
|t:|1779849667
|switch|p2a: Behemoth|Great Tusk, shiny|10/100|[from] Flip Turn
|move|p1a: Kingambit|Swords Dance|p1a: Kingambit
|-boost|p1a: Kingambit|atk|2
|
|-weather|RainDance|[upkeep]
|-heal|p1a: Kingambit|33/100|[from] item: Leftovers
|upkeep
|turn|36
|
|t:|1779849683
|move|p1a: Kingambit|Sucker Punch|p2a: Behemoth
|-resisted|p2a: Behemoth
|-damage|p2a: Behemoth|0 fnt
|faint|p2a: Behemoth
|-end|p2a: Behemoth|Protosynthesis|[silent]
|
|-weather|RainDance|[upkeep]
|-heal|p1a: Kingambit|39/100|[from] item: Leftovers
|upkeep
|
|t:|1779849685
|switch|p2a: Pisces|Alomomola, M, shiny|99/100
|turn|37
|
|t:|1779849695
|move|p2a: Pisces|Flip Turn|p1a: Kingambit
|-damage|p1a: Kingambit|21/100
|
|t:|1779849698
|switch|p2a: Anonymous|Ogerpon, F|48/100|[from] Flip Turn
|move|p1a: Kingambit|Kowtow Cleave|p2a: Anonymous
|-damage|p2a: Anonymous|0 fnt
|faint|p2a: Anonymous
|
|-weather|RainDance|[upkeep]
|-heal|p1a: Kingambit|27/100|[from] item: Leftovers
|upkeep
|
|t:|1779849699
|switch|p2a: Pisces|Alomomola, M, shiny|100/100
|turn|38
|
|t:|1779849710
|move|p1a: Kingambit|Sucker Punch|p2a: Pisces
|-damage|p2a: Pisces|12/100
|move|p2a: Pisces|Flip Turn|p1a: Kingambit
|-damage|p1a: Kingambit|10/100
|
|-weather|RainDance|[upkeep]
|-heal|p1a: Kingambit|16/100|[from] item: Leftovers
|upkeep
|turn|39
|
|t:|1779849716
|move|p2a: Pisces|Aqua Jet|p1a: Kingambit
|-damage|p1a: Kingambit|4/100
|move|p1a: Kingambit|Sucker Punch||[still]
|-fail|p1a: Kingambit
|
|-weather|none
|-heal|p1a: Kingambit|10/100|[from] item: Leftovers
|upkeep
|turn|40
|
|t:|1779849723
|-terastallize|p2a: Pisces|Fairy
|move|p2a: Pisces|Play Rough|p1a: Kingambit
|-damage|p1a: Kingambit|0 fnt
|faint|p1a: Kingambit
|-end|p1a: Kingambit|fallen4|[silent]
|
|upkeep
|
|t:|1779849726
|switch|p1a: Pelipper|Pelipper, M|52/100
|-damage|p1a: Pelipper|27/100|[from] Stealth Rock
|-weather|RainDance|[from] ability: Drizzle|[of] p1a: Pelipper
|turn|41
|
|t:|1779849731
|move|p1a: Pelipper|Hurricane|p2a: Pisces
|-damage|p2a: Pisces|0 fnt
|faint|p2a: Pisces
|
|win|ratsallfolks
|raw|ratsallfolks's rating: 1526 &rarr; <strong>1544</strong><br />(+18 for winning)
|raw|Parker757's rating: 1498 &rarr; <strong>1480</strong><br />(-18 for losing)
|l|☆Parker757
|player|p2|
