|j|☆goodnightnite
|j|☆magikarp soup
|t:|1779881355
|gametype|singles
|player|p1|goodnightnite|miku-water|1683
|player|p2|magikarp soup|medium|1646
|gen|9
|tier|[Gen 9] OU
|rated|
|rule|HP Percentage Mod: HP is shown in percentages
|rule|Endless Battle Clause: Forcing endless battles is banned
|rule|Species Clause: Limit one of each Pokémon
|rule|OHKO Clause: OHKO moves are banned
|rule|Evasion Items Clause: Evasion items are banned
|rule|Evasion Moves Clause: Evasion moves are banned
|rule|Evasion Abilities Clause: Evasion abilities are banned
|rule|Sleep Moves Clause: Sleep-inducing moves are banned
|clearpoke
|poke|p1|Primarina, M|
|poke|p1|Zamazenta-*|
|poke|p1|Gholdengo|
|poke|p1|Rillaboom, M|
|poke|p1|Glimmora, M|
|poke|p1|Hydreigon, M|
|poke|p2|Cramorant, M|
|poke|p2|Ceruledge, M|
|poke|p2|Kyurem|
|poke|p2|Moltres-Galar|
|poke|p2|Kingambit, F|
|poke|p2|Okidogi, M|
|teampreview
|inactive|Battle timer is ON: inactive players will automatically lose when time's up. (requested by goodnightnite)
|
|t:|1779881374
|teamsize|p1|6
|teamsize|p2|6
|start
|switch|p1a: Kong|Rillaboom, M, shiny|100/100
|switch|p2a: Cramorant|Cramorant, M|100/100
|-fieldstart|move: Grassy Terrain|[from] ability: Grassy Surge|[of] p1a: Kong
|turn|1
|
|t:|1779881377
|move|p1a: Kong|Grassy Glide|p2a: Cramorant
|-enditem|p2a: Cramorant|Focus Sash
|-damage|p2a: Cramorant|1/100
|-damage|p1a: Kong|91/100|[from] item: Life Orb
|move|p2a: Cramorant|Hurricane|p1a: Kong
|-supereffective|p1a: Kong
|-crit|p1a: Kong
|-damage|p1a: Kong|0 fnt
|faint|p1a: Kong
|
|upkeep
|
|t:|1779881384
|switch|p1a: Hybrid|Hydreigon, M, shiny|100/100
|turn|2
|
|t:|1779881390
|move|p1a: Hybrid|Dark Pulse|p2a: Cramorant
|-damage|p2a: Cramorant|0 fnt
|faint|p2a: Cramorant
|
|upkeep
|j| impersonxtor
|
|t:|1779881394
|switch|p2a: Moltres|Moltres-Galar|100/100
|turn|3
|j| yuureisuisei
|
|t:|1779881398
|switch|p1a: Celestine|Primarina, M, shiny|100/100
|move|p2a: Moltres|Nasty Plot|p2a: Moltres
|-boost|p2a: Moltres|spa|2
|
|upkeep
|turn|4
|
|t:|1779881407
|move|p2a: Moltres|Hurricane|p1a: Celestine|[miss]
|-miss|p2a: Moltres|p1a: Celestine
|move|p1a: Celestine|Moonblast|p2a: Moltres
|-supereffective|p2a: Moltres
|-damage|p2a: Moltres|7/100
|-enditem|p2a: Moltres|Salac Berry|[eat]
|-boost|p2a: Moltres|spe|1|[from] item: Salac Berry
|-ability|p2a: Moltres|Berserk|boost
|-boost|p2a: Moltres|spa|1
|
|upkeep
|turn|5
|
|t:|1779881414
|move|p2a: Moltres|Hurricane|p1a: Celestine|[miss]
|-miss|p2a: Moltres|p1a: Celestine
|move|p1a: Celestine|Flip Turn|p2a: Moltres
|-damage|p2a: Moltres|0 fnt
|faint|p2a: Moltres
|
|t:|1779881417
|switch|p1a: Hybrid|Hydreigon, M, shiny|100/100|[from] Flip Turn
|
|-fieldend|move: Grassy Terrain
|upkeep
|l| impersonxtor
|inactive|magikarp soup has 120 seconds left.
|
|t:|1779881451
|switch|p2a: Kingambit|Kingambit, F|100/100
|-activate|p2a: Kingambit|ability: Supreme Overlord
|-start|p2a: Kingambit|fallen2|[silent]
|turn|6
|
|t:|1779881454
|move|p1a: Hybrid|Earth Power|p2a: Kingambit
|-supereffective|p2a: Kingambit
|-damage|p2a: Kingambit|3/100
|move|p2a: Kingambit|Low Kick|p1a: Hybrid
|-supereffective|p1a: Hybrid
|-damage|p1a: Hybrid|6/100
|
|upkeep
|turn|7
|
|t:|1779881467
|move|p2a: Kingambit|Sucker Punch|p1a: Hybrid
|-resisted|p1a: Hybrid
|-crit|p1a: Hybrid
|-damage|p1a: Hybrid|0 fnt
|faint|p1a: Hybrid
|
|upkeep
|
|t:|1779881484
|switch|p1a: Bullet|Glimmora, M, shiny|100/100
|turn|8
|
|t:|1779881510
|move|p2a: Kingambit|Zen Headbutt|p1a: Bullet|[miss]
|-miss|p2a: Kingambit|p1a: Bullet
|move|p1a: Bullet|Stealth Rock|p2a: Kingambit
|-sidestart|p2: magikarp soup|move: Stealth Rock
|
|upkeep
|turn|9
|
|t:|1779881516
|move|p2a: Kingambit|Zen Headbutt|p1a: Bullet
|-supereffective|p1a: Bullet
|-damage|p1a: Bullet|45/100
|-activate|p1a: Bullet|ability: Toxic Debris
|-sidestart|p2: magikarp soup|move: Toxic Spikes
|-enditem|p1a: Bullet|Red Card|[of] p2a: Kingambit
|-end|p2a: Kingambit|fallen2|[silent]
|drag|p2a: Okidogi|Okidogi, M|100/100
|-damage|p2a: Okidogi|94/100|[from] Stealth Rock
|-sideend|p2: magikarp soup|move: Toxic Spikes|[of] p2a: Okidogi
|cant|p1a: Bullet|flinch
|
|-heal|p2a: Okidogi|100/100|[from] item: Leftovers
|upkeep
|turn|10
|
|t:|1779881530
|move|p1a: Bullet|Earth Power|p2a: Okidogi
|-supereffective|p2a: Okidogi
|-damage|p2a: Okidogi|46/100
|move|p2a: Okidogi|Bulk Up|p2a: Okidogi
|-boost|p2a: Okidogi|atk|1
|-boost|p2a: Okidogi|def|1
|
|-heal|p2a: Okidogi|52/100|[from] item: Leftovers
|upkeep
|turn|11
|
|t:|1779881547
|switch|p2a: Kingambit|Kingambit, F|3/100
|-damage|p2a: Kingambit|0 fnt|[from] Stealth Rock
|faint|p2a: Kingambit
|-end|p2a: Kingambit|fallenundefined|[silent]
|move|p1a: Bullet|Spikes|p2: Kingambit
|-sidestart|p2: magikarp soup|Spikes
|
|upkeep
|inactive|magikarp soup has 120 seconds left.
|
|t:|1779881567
|switch|p2a: Kyurem|Kyurem|100/100
|-damage|p2a: Kyurem|76/100|[from] Stealth Rock
|-damage|p2a: Kyurem|63/100|[from] Spikes
|-ability|p2a: Kyurem|Pressure
|turn|12
|
|t:|1779881571
|switch|p1a: Spirit Rush|Gholdengo, shiny|100/100
|move|p2a: Kyurem|Icicle Spear|p1a: Spirit Rush
|-resisted|p1a: Spirit Rush
|-damage|p1a: Spirit Rush|94/100
|-resisted|p1a: Spirit Rush
|-damage|p1a: Spirit Rush|88/100
|-resisted|p1a: Spirit Rush
|-damage|p1a: Spirit Rush|81/100
|-resisted|p1a: Spirit Rush
|-damage|p1a: Spirit Rush|74/100
|-hitcount|p1a: Spirit Rush|4
|
|upkeep
|turn|13
|
|t:|1779881577
|move|p2a: Kyurem|Earth Power|p1a: Spirit Rush
|-supereffective|p1a: Spirit Rush
|-damage|p1a: Spirit Rush|40/100
|move|p1a: Spirit Rush|Make It Rain|p2a: Kyurem
|-supereffective|p2a: Kyurem
|-damage|p2a: Kyurem|0 fnt
|-unboost|p1a: Spirit Rush|spa|1
|faint|p2a: Kyurem
|
|upkeep
|
|t:|1779881584
|switch|p2a: Okidogi|Okidogi, M|52/100
|-damage|p2a: Okidogi|46/100|[from] Stealth Rock
|-damage|p2a: Okidogi|34/100|[from] Spikes
|turn|14
|
|t:|1779881588
|move|p1a: Spirit Rush|Recover|p1a: Spirit Rush
|-heal|p1a: Spirit Rush|90/100
|move|p2a: Okidogi|Bulk Up|p2a: Okidogi
|-boost|p2a: Okidogi|atk|1
|-boost|p2a: Okidogi|def|1
|
|-heal|p2a: Okidogi|40/100|[from] item: Leftovers
|upkeep
|turn|15
|
|t:|1779881592
|switch|p1a: Bullet|Glimmora, M, shiny|45/100
|move|p2a: Okidogi|Knock Off|p1a: Bullet
|-damage|p1a: Bullet|18/100
|-activate|p1a: Bullet|ability: Toxic Debris
|-sidestart|p2: magikarp soup|move: Toxic Spikes
|
|-heal|p2a: Okidogi|46/100|[from] item: Leftovers
|upkeep
|turn|16
|
|t:|1779881598
|move|p1a: Bullet|Earth Power|p2a: Okidogi
|-supereffective|p2a: Okidogi
|-damage|p2a: Okidogi|0 fnt
|faint|p2a: Okidogi
|
|upkeep
|
|t:|1779881606
|switch|p2a: Ceruledge|Ceruledge, M|100/100
|-damage|p2a: Ceruledge|76/100|[from] Stealth Rock
|-damage|p2a: Ceruledge|63/100|[from] Spikes
|-status|p2a: Ceruledge|psn
|turn|17
|-message|magikarp soup forfeited.
|
|win|goodnightnite
|raw|goodnightnite's rating: 1683 &rarr; <strong>1701</strong><br />(+18 for winning)
|raw|magikarp soup's rating: 1646 &rarr; <strong>1628</strong><br />(-18 for losing)
|l|☆magikarp soup
|player|p2|
|l| yuureisuisei
|l|☆goodnightnite
|player|p1|
