|j|☆future94
|j|☆Greek Gods
|t:|1779855762
|gametype|singles
|player|p1|future94|102|1400
|player|p2|Greek Gods|iris|1380
|gen|9
|tier|[Gen 9] OU
|rated|
|rule|HP Percentage Mod: HP is shown in percentages
|rule|Endless Battle Clause: Forcing endless battles is banned
|rule|Species Clause: Limit one of each Pokémon
|rule|OHKO Clause: OHKO moves are banned
|rule|Evasion Items Clause: Evasion items are banned
|rule|Evasion Moves Clause: Evasion moves are banned
|rule|Evasion Abilities Clause: Evasion abilities are banned
|rule|Sleep Moves Clause: Sleep-inducing moves are banned
|clearpoke
|poke|p1|Ninetales, M|
|poke|p1|Walking Wake|
|poke|p1|Cinderace, F|
|poke|p1|Great Tusk|
|poke|p1|Cresselia, F|
|poke|p1|Blaziken, F|
|poke|p2|Zamazenta-*|
|poke|p2|Latias, F|
|poke|p2|Blaziken, M|
|poke|p2|Walking Wake|
|poke|p2|Iron Valiant|
|poke|p2|Enamorus, F|
|teampreview
|
|t:|1779855775
|teamsize|p1|6
|teamsize|p2|6
|start
|switch|p1a: Cinderace|Cinderace, F|100/100
|switch|p2a: Apollo|Latias, F, shiny|100/100
|turn|1
|
|t:|1779855783
|switch|p2a: Aphrodite|Enamorus, F|100/100
|move|p1a: Cinderace|U-turn|p2a: Aphrodite
|-resisted|p2a: Aphrodite
|-damage|p2a: Aphrodite|94/100
|
|t:|1779855788
|switch|p1a: Ninetales|Ninetales, M|100/100|[from] U-turn
|-weather|SunnyDay|[from] ability: Drought|[of] p1a: Ninetales
|
|-weather|SunnyDay|[upkeep]
|upkeep
|turn|2
|
|t:|1779855798
|switch|p1a: Cresselia|Cresselia, F|100/100
|move|p2a: Aphrodite|Moonblast|p1a: Cresselia
|-damage|p1a: Cresselia|60/100
|-enditem|p1a: Cresselia|Eject Button
|
|t:|1779855804
|switch|p1a: Cinderace|Cinderace, F|100/100
|
|-weather|SunnyDay|[upkeep]
|upkeep
|turn|3
|
|t:|1779855810
|switch|p2a: Poseidon|Walking Wake|100/100
|-activate|p2a: Poseidon|ability: Protosynthesis
|-start|p2a: Poseidon|protosynthesisspa
|move|p1a: Cinderace|Pyro Ball|p2a: Poseidon
|-resisted|p2a: Poseidon
|-damage|p2a: Poseidon|83/100
|
|-weather|SunnyDay|[upkeep]
|upkeep
|turn|4
|
|t:|1779855818
|switch|p1a: Cresselia|Cresselia, F|60/100
|move|p2a: Poseidon|Agility|p2a: Poseidon
|-boost|p2a: Poseidon|spe|2
|
|-weather|SunnyDay|[upkeep]
|upkeep
|turn|5
|
|t:|1779855826
|move|p2a: Poseidon|Flamethrower|p1a: Cresselia
|-damage|p1a: Cresselia|22/100
|-status|p1a: Cresselia|brn
|move|p1a: Cresselia|Moonblast|p2a: Poseidon
|-supereffective|p2a: Poseidon
|-damage|p2a: Poseidon|46/100
|
|-weather|SunnyDay|[upkeep]
|-damage|p1a: Cresselia|16/100 brn|[from] brn
|upkeep
|turn|6
|
|t:|1779855836
|move|p2a: Poseidon|Flamethrower|p1a: Cresselia
|-damage|p1a: Cresselia|0 fnt
|faint|p1a: Cresselia
|
|-weather|SunnyDay|[upkeep]
|upkeep
|
|t:|1779855856
|switch|p1a: Walking Wake|Walking Wake|100/100
|-activate|p1a: Walking Wake|ability: Protosynthesis
|-start|p1a: Walking Wake|protosynthesisspa
|turn|7
|
|t:|1779855861
|-end|p1a: Walking Wake|Protosynthesis|[silent]
|switch|p1a: Great Tusk|Great Tusk|100/100
|-activate|p1a: Great Tusk|ability: Protosynthesis
|-start|p1a: Great Tusk|protosynthesisatk
|move|p2a: Poseidon|Draco Meteor|p1a: Great Tusk
|-damage|p1a: Great Tusk|0 fnt
|-unboost|p2a: Poseidon|spa|2
|faint|p1a: Great Tusk
|-end|p1a: Great Tusk|Protosynthesis|[silent]
|
|-weather|SunnyDay|[upkeep]
|upkeep
|
|t:|1779855883
|switch|p1a: Ninetales|Ninetales, M|100/100
|turn|8
|
|t:|1779855886
|switch|p1a: Walking Wake|Walking Wake|100/100
|-activate|p1a: Walking Wake|ability: Protosynthesis
|-start|p1a: Walking Wake|protosynthesisspa
|move|p2a: Poseidon|Draco Meteor|p1a: Walking Wake
|-supereffective|p1a: Walking Wake
|-damage|p1a: Walking Wake|0 fnt
|-unboost|p2a: Poseidon|spa|2
|faint|p1a: Walking Wake
|-end|p1a: Walking Wake|Protosynthesis|[silent]
|
|-weather|none
|-end|p2a: Poseidon|Protosynthesis
|upkeep
|
|t:|1779855896
|switch|p1a: Blaziken|Blaziken, F|100/100
|turn|9
|
|t:|1779855902
|move|p2a: Poseidon|Hydro Pump|p1a: Blaziken
|-supereffective|p1a: Blaziken
|-crit|p1a: Blaziken
|-damage|p1a: Blaziken|0 fnt
|faint|p1a: Blaziken
|
|upkeep
|-message|future94 forfeited.
|
|win|Greek Gods
|raw|future94's rating: 1400 &rarr; <strong>1379</strong><br />(-21 for losing)
|raw|Greek Gods's rating: 1380 &rarr; <strong>1401</strong><br />(+21 for winning)
|l|☆future94
|player|p1|
|l|☆Greek Gods
|player|p2|
