|j|☆Trac!3.Mart3l
|j|☆tgdztg
|t:|1779949406
|gametype|singles
|player|p1|Trac!3.Mart3l|lusamine-masters|1054
|player|p2|tgdztg|ingo|1114
|gen|9
|tier|[Gen 9] OU
|rated|
|rule|HP Percentage Mod: HP is shown in percentages
|rule|Endless Battle Clause: Forcing endless battles is banned
|rule|Species Clause: Limit one of each Pokémon
|rule|OHKO Clause: OHKO moves are banned
|rule|Evasion Items Clause: Evasion items are banned
|rule|Evasion Moves Clause: Evasion moves are banned
|rule|Evasion Abilities Clause: Evasion abilities are banned
|rule|Sleep Moves Clause: Sleep-inducing moves are banned
|clearpoke
|poke|p1|Garchomp, M|
|poke|p1|Cinderace, F|
|poke|p1|Toxapex, F|
|poke|p1|Corviknight, F|
|poke|p1|Meowscarada, M|
|poke|p1|Metagross|
|poke|p2|Ogerpon-Wellspring, F|
|poke|p2|Great Tusk|
|poke|p2|Slowking-Galar, F|
|poke|p2|Iron Valiant|
|poke|p2|Corviknight, M|
|poke|p2|Iron Crown|
|teampreview
|
|t:|1779949434
|teamsize|p1|6
|teamsize|p2|6
|start
|switch|p1a: Garchomp|Garchomp, M|100/100
|switch|p2a: Iron Valiant|Iron Valiant|100/100
|turn|1
|
|t:|1779949448
|switch|p1a: Corviknight|Corviknight, F|100/100
|move|p2a: Iron Valiant|Ice Punch|p1a: Corviknight
|-damage|p1a: Corviknight|81/100
|-damage|p2a: Iron Valiant|84/100|[from] item: Rocky Helmet|[of] p1a: Corviknight
|-damage|p2a: Iron Valiant|74/100|[from] item: Life Orb
|
|upkeep
|turn|2
|
|t:|1779949469
|-end|p2a: Iron Valiant|Quark Drive|[silent]
|switch|p2a: Slowking|Slowking-Galar, F|100/100
|move|p1a: Corviknight|Drill Peck|p2a: Slowking
|-damage|p2a: Slowking|72/100
|
|upkeep
|turn|3
|
|t:|1779949482
|move|p1a: Corviknight|Screech|p2a: Slowking
|-unboost|p2a: Slowking|def|2
|move|p2a: Slowking|Flamethrower|p1a: Corviknight
|-supereffective|p1a: Corviknight
|-damage|p1a: Corviknight|28/100
|
|upkeep
|turn|4
|
|t:|1779949498
|move|p1a: Corviknight|Iron Head|p2a: Slowking
|-damage|p2a: Slowking|18/100
|move|p2a: Slowking|Flamethrower|p1a: Corviknight
|-supereffective|p1a: Corviknight
|-damage|p1a: Corviknight|0 fnt
|faint|p1a: Corviknight
|
|upkeep
|
|t:|1779949509
|switch|p1a: Metagross|Metagross|100/100
|turn|5
|
|t:|1779949513
|switch|p2a: Great Tusk|Great Tusk|100/100
|move|p1a: Metagross|Agility|p1a: Metagross
|-boost|p1a: Metagross|spe|2
|
|upkeep
|turn|6
|
|t:|1779949524
|move|p1a: Metagross|Psychic Fangs|p2a: Great Tusk
|-supereffective|p2a: Great Tusk
|-damage|p2a: Great Tusk|30/100
|move|p2a: Great Tusk|Earthquake|p1a: Metagross
|-supereffective|p1a: Metagross
|-damage|p1a: Metagross|0 fnt
|faint|p1a: Metagross
|
|-heal|p2a: Great Tusk|37/100|[from] item: Leftovers
|upkeep
|-message|Trac!3.Mart3l forfeited.
|
|win|tgdztg
|raw|Trac!3.Mart3l's rating: 1054 &rarr; <strong>1039</strong><br />(-15 for losing)
|raw|tgdztg's rating: 1114 &rarr; <strong>1135</strong><br />(+21 for winning)
|l|☆Trac!3.Mart3l
|player|p1|
