|j|☆tperz
|j|☆TWENNY7
|t:|1779803290
|gametype|singles
|player|p1|tperz|burglar|1457
|player|p2|TWENNY7|hau-stance|1488
|gen|9
|tier|[Gen 9] OU
|rated|
|rule|HP Percentage Mod: HP is shown in percentages
|rule|Endless Battle Clause: Forcing endless battles is banned
|rule|Species Clause: Limit one of each Pokémon
|rule|OHKO Clause: OHKO moves are banned
|rule|Evasion Items Clause: Evasion items are banned
|rule|Evasion Moves Clause: Evasion moves are banned
|rule|Evasion Abilities Clause: Evasion abilities are banned
|rule|Sleep Moves Clause: Sleep-inducing moves are banned
|clearpoke
|poke|p1|Goodra-Hisui, M|
|poke|p1|Ninetales-Alola, F|
|poke|p1|Glimmora, F|
|poke|p1|Rillaboom, M|
|poke|p1|Samurott-Hisui, F|
|poke|p1|Great Tusk|
|poke|p2|Iron Valiant|
|poke|p2|Tyranitar, M|
|poke|p2|Zapdos|
|poke|p2|Darkrai|
|poke|p2|Okidogi, M|
|poke|p2|Pecharunt|
|teampreview
|inactive|Battle timer is ON: inactive players will automatically lose when time's up. (requested by tperz)
|
|t:|1779803302
|teamsize|p1|6
|teamsize|p2|6
|start
|switch|p1a: Rillaboom|Rillaboom, M, shiny|100/100
|switch|p2a: SHOXY|Zapdos|100/100
|-fieldstart|move: Grassy Terrain|[from] ability: Grassy Surge|[of] p1a: Rillaboom
|turn|1
|
|t:|1779803307
|switch|p1a: Glimmora|Glimmora, F|100/100
|move|p2a: SHOXY|Hurricane|p1a: Glimmora
|-resisted|p1a: Glimmora
|-damage|p1a: Glimmora|49/100
|
|-heal|p1a: Glimmora|56/100|[from] Grassy Terrain
|-heal|p1a: Glimmora|62/100|[from] item: Black Sludge
|upkeep
|turn|2
|
|t:|1779803313
|switch|p2a: RUNTZ|Pecharunt|100/100
|move|p1a: Glimmora|Power Gem|p2a: RUNTZ
|-damage|p2a: RUNTZ|47/100
|
|-heal|p2a: RUNTZ|53/100|[from] Grassy Terrain
|-heal|p1a: Glimmora|68/100|[from] Grassy Terrain
|-heal|p1a: Glimmora|74/100|[from] item: Black Sludge
|upkeep
|turn|3
|
|t:|1779803319
|move|p2a: RUNTZ|Parting Shot|p1a: Glimmora
|-unboost|p1a: Glimmora|atk|1
|-unboost|p1a: Glimmora|spa|1
|
|t:|1779803325
|switch|p2a: CASPER|Okidogi, M|100/100|[from] Parting Shot
|move|p1a: Glimmora|Toxic|p2a: CASPER
|-status|p2a: CASPER|tox
|
|-heal|p1a: Glimmora|80/100|[from] Grassy Terrain
|-heal|p1a: Glimmora|87/100|[from] item: Black Sludge
|-damage|p2a: CASPER|94/100 tox|[from] psn
|upkeep
|turn|4
|
|t:|1779803334
|switch|p2a: CODE:red|Tyranitar, M, shiny|100/100
|-weather|Sandstorm|[from] ability: Sand Stream|[of] p2a: CODE:red
|move|p1a: Glimmora|Earth Power|p2a: CODE:red
|-supereffective|p2a: CODE:red
|-damage|p2a: CODE:red|82/100
|-enditem|p2a: CODE:red|Red Card|[of] p1a: Glimmora
|drag|p1a: Goodra|Goodra-Hisui, M|100/100
|
|-weather|Sandstorm|[upkeep]
|-heal|p2a: CODE:red|88/100|[from] Grassy Terrain
|upkeep
|turn|5
|
|t:|1779803338
|switch|p1a: Great Tusk|Great Tusk|100/100
|move|p2a: CODE:red|Stealth Rock|p1a: Great Tusk
|-sidestart|p1: tperz|move: Stealth Rock
|
|-weather|Sandstorm|[upkeep]
|-heal|p2a: CODE:red|95/100|[from] Grassy Terrain
|upkeep
|turn|6
|
|t:|1779803341
|-terastallize|p2a: CODE:red|Ghost
|move|p1a: Great Tusk|Rapid Spin|p2a: CODE:red
|-immune|p2a: CODE:red
|move|p2a: CODE:red|Ice Beam|p1a: Great Tusk
|-supereffective|p1a: Great Tusk
|-damage|p1a: Great Tusk|46/100
|
|-weather|Sandstorm|[upkeep]
|-damage|p2a: CODE:red|88/100|[from] Sandstorm
|-heal|p1a: Great Tusk|52/100|[from] Grassy Terrain
|-heal|p2a: CODE:red|95/100|[from] Grassy Terrain
|upkeep
|turn|7
|
|t:|1779803344
|move|p1a: Great Tusk|Stomping Tantrum|p2a: CODE:red
|-crit|p2a: CODE:red
|-damage|p2a: CODE:red|22/100
|move|p2a: CODE:red|Ice Beam|p1a: Great Tusk
|-supereffective|p1a: Great Tusk
|-damage|p1a: Great Tusk|0 fnt
|faint|p1a: Great Tusk
|-end|p1a: Great Tusk|Protosynthesis|[silent]
|
|-weather|Sandstorm|[upkeep]
|-damage|p2a: CODE:red|16/100|[from] Sandstorm
|-heal|p2a: CODE:red|22/100|[from] Grassy Terrain
|upkeep
|
|t:|1779803349
|switch|p1a: Samurott|Samurott-Hisui, F|100/100
|-damage|p1a: Samurott|88/100|[from] Stealth Rock
|turn|8
|
|t:|1779803363
|switch|p2a: SHOXY|Zapdos|100/100
|move|p1a: Samurott|Ceaseless Edge|p2a: SHOXY
|-damage|p2a: SHOXY|46/100
|-sidestart|p2: TWENNY7|Spikes
|
|-weather|none
|-heal|p1a: Samurott|94/100|[from] Grassy Terrain
|-fieldend|move: Grassy Terrain
|upkeep
|turn|9
|
|t:|1779803372
|move|p2a: SHOXY|Discharge|p1a: Samurott
|-supereffective|p1a: Samurott
|-damage|p1a: Samurott|0 fnt
|faint|p1a: Samurott
|
|upkeep
|
|t:|1779803381
|switch|p1a: Rillaboom|Rillaboom, M, shiny|100/100
|-damage|p1a: Rillaboom|88/100|[from] Stealth Rock
|-fieldstart|move: Grassy Terrain|[from] ability: Grassy Surge|[of] p1a: Rillaboom
|turn|10
|
|t:|1779803386
|move|p2a: SHOXY|Discharge|p1a: Rillaboom
|-resisted|p1a: Rillaboom
|-damage|p1a: Rillaboom|60/100
|move|p1a: Rillaboom|High Horsepower|p2a: SHOXY
|-immune|p2a: SHOXY
|
|-heal|p1a: Rillaboom|66/100|[from] Grassy Terrain
|upkeep
|turn|11
|
|t:|1779803395
|switch|p2a: RUNTZ|Pecharunt|53/100
|-damage|p2a: RUNTZ|40/100|[from] Spikes
|move|p1a: Rillaboom|U-turn|p2a: RUNTZ
|-resisted|p2a: RUNTZ
|-damage|p2a: RUNTZ|36/100
|
|t:|1779803397
|switch|p1a: Glimmora|Glimmora, F|87/100|[from] U-turn
|-damage|p1a: Glimmora|74/100|[from] Stealth Rock
|
|-heal|p2a: RUNTZ|42/100|[from] Grassy Terrain
|-heal|p1a: Glimmora|80/100|[from] Grassy Terrain
|-heal|p1a: Glimmora|87/100|[from] item: Black Sludge
|upkeep
|turn|12
|
|t:|1779803406
|move|p2a: RUNTZ|Parting Shot|p1a: Glimmora
|-unboost|p1a: Glimmora|atk|1
|-unboost|p1a: Glimmora|spa|1
|
|t:|1779803412
|switch|p2a: Zzz|Darkrai|100/100|[from] Parting Shot
|-damage|p2a: Zzz|88/100|[from] Spikes
|move|p1a: Glimmora|Earth Power|p2a: Zzz
|-damage|p2a: Zzz|56/100
|
|-heal|p2a: Zzz|62/100|[from] Grassy Terrain
|-heal|p1a: Glimmora|93/100|[from] Grassy Terrain
|-heal|p1a: Glimmora|99/100|[from] item: Black Sludge
|upkeep
|turn|13
|
|t:|1779803419
|move|p2a: Zzz|Trick|p1a: Glimmora
|-activate|p2a: Zzz|move: Trick|[of] p1a: Glimmora
|-item|p1a: Glimmora|Choice Scarf|[from] move: Trick
|-item|p2a: Zzz|Black Sludge|[from] move: Trick
|move|p1a: Glimmora|Toxic|p2a: Zzz
|-status|p2a: Zzz|tox
|
|-heal|p2a: Zzz|68/100 tox|[from] Grassy Terrain
|-damage|p2a: Zzz|56/100 tox|[from] item: Black Sludge
|-heal|p1a: Glimmora|100/100|[from] Grassy Terrain
|-damage|p2a: Zzz|50/100 tox|[from] psn
|upkeep
|turn|14
|
|t:|1779803430
|move|p2a: Zzz|Dark Pulse|p1a: Glimmora
|-damage|p1a: Glimmora|55/100
|move|p1a: Glimmora|Toxic|p2a: Zzz
|-fail|p2a: Zzz|tox
|
|-heal|p2a: Zzz|56/100 tox|[from] Grassy Terrain
|-damage|p2a: Zzz|44/100 tox|[from] item: Black Sludge
|-heal|p1a: Glimmora|61/100|[from] Grassy Terrain
|-damage|p2a: Zzz|31/100 tox|[from] psn
|upkeep
|turn|15
|
|t:|1779803436
|switch|p1a: Goodra|Goodra-Hisui, M|100/100
|-damage|p1a: Goodra|94/100|[from] Stealth Rock
|move|p2a: Zzz|Dark Pulse|p1a: Goodra
|-damage|p1a: Goodra|73/100
|
|-heal|p2a: Zzz|38/100 tox|[from] Grassy Terrain
|-damage|p2a: Zzz|25/100 tox|[from] item: Black Sludge
|-heal|p1a: Goodra|79/100|[from] Grassy Terrain
|-heal|p1a: Goodra|85/100|[from] item: Leftovers
|-damage|p2a: Zzz|7/100 tox|[from] psn
|upkeep
|turn|16
|
|t:|1779803441
|switch|p1a: Glimmora|Glimmora, F|61/100
|-damage|p1a: Glimmora|48/100|[from] Stealth Rock
|move|p2a: Zzz|Trick|p1a: Glimmora
|-activate|p2a: Zzz|move: Trick|[of] p1a: Glimmora
|-item|p1a: Glimmora|Black Sludge|[from] move: Trick
|-item|p2a: Zzz|Choice Scarf|[from] move: Trick
|
|-heal|p2a: Zzz|13/100 tox|[from] Grassy Terrain
|-heal|p1a: Glimmora|55/100|[from] Grassy Terrain
|-heal|p1a: Glimmora|61/100|[from] item: Black Sludge
|-damage|p2a: Zzz|0 fnt|[from] psn
|faint|p2a: Zzz
|upkeep
|
|t:|1779803457
|switch|p2a: RUNTZ|Pecharunt|42/100
|-damage|p2a: RUNTZ|30/100|[from] Spikes
|turn|17
|
|t:|1779803462
|move|p2a: RUNTZ|Poltergeist|p1a: Glimmora
|-activate|p1a: Glimmora|move: Poltergeist|Black Sludge
|-damage|p1a: Glimmora|21/100
|move|p1a: Glimmora|Toxic|p2a: RUNTZ
|-status|p2a: RUNTZ|tox
|
|-heal|p2a: RUNTZ|36/100 tox|[from] Grassy Terrain
|-heal|p1a: Glimmora|27/100|[from] Grassy Terrain
|-heal|p1a: Glimmora|34/100|[from] item: Black Sludge
|-damage|p2a: RUNTZ|30/100 tox|[from] psn
|-fieldend|move: Grassy Terrain
|upkeep
|turn|18
|
|t:|1779803470
|move|p2a: RUNTZ|Poltergeist|p1a: Glimmora|[miss]
|-miss|p2a: RUNTZ|p1a: Glimmora
|move|p1a: Glimmora|Earth Power|p2a: RUNTZ
|-supereffective|p2a: RUNTZ
|-damage|p2a: RUNTZ|0 fnt
|faint|p2a: RUNTZ
|
|-heal|p1a: Glimmora|40/100|[from] item: Black Sludge
|upkeep
|
|t:|1779803477
|switch|p2a: SHOXY|Zapdos|46/100
|turn|19
|
|t:|1779803480
|switch|p1a: Goodra|Goodra-Hisui, M|85/100
|-damage|p1a: Goodra|79/100|[from] Stealth Rock
|move|p2a: SHOXY|Heat Wave|p1a: Goodra
|-damage|p1a: Goodra|54/100
|
|-heal|p1a: Goodra|60/100|[from] item: Leftovers
|upkeep
|turn|20
|
|t:|1779803492
|switch|p2a: CASPER|Okidogi, M|94/100 tox
|-damage|p2a: CASPER|82/100 tox|[from] Spikes
|move|p1a: Goodra|Life Dew|p1a: Goodra
|-heal|p1a: Goodra|85/100
|
|-heal|p2a: CASPER|88/100 tox|[from] item: Leftovers
|-heal|p1a: Goodra|91/100|[from] item: Leftovers
|-damage|p2a: CASPER|82/100 tox|[from] psn
|upkeep
|turn|21
|
|t:|1779803501
|switch|p1a: Glimmora|Glimmora, F|40/100
|-damage|p1a: Glimmora|27/100|[from] Stealth Rock
|move|p2a: CASPER|Knock Off|p1a: Glimmora
|-damage|p1a: Glimmora|1/100
|-enditem|p1a: Glimmora|Black Sludge|[from] move: Knock Off|[of] p2a: CASPER
|
|-heal|p2a: CASPER|88/100 tox|[from] item: Leftovers
|-damage|p2a: CASPER|76/100 tox|[from] psn
|upkeep
|turn|22
|
|t:|1779803509
|move|p2a: CASPER|Knock Off|p1a: Glimmora
|-damage|p1a: Glimmora|0 fnt
|faint|p1a: Glimmora
|
|-heal|p2a: CASPER|82/100 tox|[from] item: Leftovers
|-damage|p2a: CASPER|63/100 tox|[from] psn
|upkeep
|
|t:|1779803513
|switch|p1a: Ninetales|Ninetales-Alola, F|100/100
|-damage|p1a: Ninetales|75/100|[from] Stealth Rock
|-weather|Snowscape|[from] ability: Snow Warning|[of] p1a: Ninetales
|turn|23
|
|t:|1779803515
|switch|p2a: CODE:red|Tyranitar, M, shiny, tera:Ghost|22/100
|-damage|p2a: CODE:red|10/100|[from] Spikes
|-weather|Sandstorm|[from] ability: Sand Stream|[of] p2a: CODE:red
|move|p1a: Ninetales|Aurora Veil||[still]
|-fail|p1a: Ninetales
|
|-weather|Sandstorm|[upkeep]
|-damage|p1a: Ninetales|69/100|[from] Sandstorm
|-damage|p2a: CODE:red|4/100|[from] Sandstorm
|upkeep
|turn|24
|
|t:|1779803523
|move|p1a: Ninetales|Moonblast|p2a: CODE:red
|-damage|p2a: CODE:red|0 fnt
|faint|p2a: CODE:red
|
|-weather|Sandstorm|[upkeep]
|-damage|p1a: Ninetales|63/100|[from] Sandstorm
|upkeep
|
|t:|1779803530
|switch|p2a: CASPER|Okidogi, M|63/100 tox
|-damage|p2a: CASPER|51/100 tox|[from] Spikes
|turn|25
|
|t:|1779803539
|move|p1a: Ninetales|Moonblast|p2a: CASPER
|-damage|p2a: CASPER|17/100 tox
|move|p2a: CASPER|Knock Off|p1a: Ninetales
|-resisted|p1a: Ninetales
|-damage|p1a: Ninetales|44/100
|-enditem|p1a: Ninetales|Light Clay|[from] move: Knock Off|[of] p2a: CASPER
|
|-weather|Sandstorm|[upkeep]
|-damage|p1a: Ninetales|38/100|[from] Sandstorm
|-damage|p2a: CASPER|11/100 tox|[from] Sandstorm
|-heal|p2a: CASPER|17/100 tox|[from] item: Leftovers
|-damage|p2a: CASPER|11/100 tox|[from] psn
|upkeep
|turn|26
|
|t:|1779803545
|move|p1a: Ninetales|Moonblast|p2a: CASPER
|-damage|p2a: CASPER|0 fnt
|faint|p2a: CASPER
|
|-weather|Sandstorm|[upkeep]
|-damage|p1a: Ninetales|32/100|[from] Sandstorm
|upkeep
|
|t:|1779803553
|switch|p2a: RUNE 2H|Iron Valiant|100/100
|-damage|p2a: RUNE 2H|88/100|[from] Spikes
|-enditem|p2a: RUNE 2H|Booster Energy
|-activate|p2a: RUNE 2H|ability: Quark Drive|[fromitem]
|-start|p2a: RUNE 2H|quarkdrivespe
|turn|27
|
|t:|1779803556
|move|p2a: RUNE 2H|Close Combat|p1a: Ninetales
|-crit|p1a: Ninetales
|-damage|p1a: Ninetales|0 fnt
|-unboost|p2a: RUNE 2H|def|1
|-unboost|p2a: RUNE 2H|spd|1
|faint|p1a: Ninetales
|
|-weather|none
|upkeep
|
|t:|1779803559
|switch|p1a: Rillaboom|Rillaboom, M, shiny|66/100
|-damage|p1a: Rillaboom|54/100|[from] Stealth Rock
|-fieldstart|move: Grassy Terrain|[from] ability: Grassy Surge|[of] p1a: Rillaboom
|turn|28
|
|t:|1779803562
|-end|p2a: RUNE 2H|Quark Drive|[silent]
|switch|p2a: SHOXY|Zapdos|46/100
|-terastallize|p1a: Rillaboom|Grass
|move|p1a: Rillaboom|Grassy Glide|p2a: SHOXY
|-resisted|p2a: SHOXY
|-damage|p2a: SHOXY|14/100
|
|-heal|p1a: Rillaboom|60/100|[from] Grassy Terrain
|upkeep
|turn|29
|
|t:|1779803571
|move|p1a: Rillaboom|Grassy Glide|p2a: SHOXY
|-resisted|p2a: SHOXY
|-damage|p2a: SHOXY|0 fnt
|faint|p2a: SHOXY
|
|-heal|p1a: Rillaboom|66/100|[from] Grassy Terrain
|upkeep
|
|t:|1779803576
|switch|p2a: RUNE 2H|Iron Valiant|88/100
|-damage|p2a: RUNE 2H|76/100|[from] Spikes
|turn|30
|
|t:|1779803597
|move|p1a: Rillaboom|Grassy Glide|p2a: RUNE 2H
|-damage|p2a: RUNE 2H|7/100
|move|p2a: RUNE 2H|Swords Dance|p2a: RUNE 2H
|-boost|p2a: RUNE 2H|atk|2
|
|-heal|p2a: RUNE 2H|13/100|[from] Grassy Terrain
|-heal|p1a: Rillaboom|72/100|[from] Grassy Terrain
|upkeep
|turn|31
|
|t:|1779803602
|move|p2a: RUNE 2H|Shadow Sneak|p1a: Rillaboom
|-damage|p1a: Rillaboom|44/100
|move|p1a: Rillaboom|Grassy Glide|p2a: RUNE 2H
|-damage|p2a: RUNE 2H|0 fnt
|faint|p2a: RUNE 2H
|-end|p2a: RUNE 2H|Quark Drive|[silent]
|
|win|tperz
|raw|tperz's rating: 1457 &rarr; <strong>1479</strong><br />(+22 for winning)
|raw|TWENNY7's rating: 1488 &rarr; <strong>1466</strong><br />(-22 for losing)
|l|☆TWENNY7
|player|p2|
|l|☆tperz
|player|p1|
