|j|☆averagealt99
|j|☆godletmegooverkill
|t:|1779941870
|gametype|singles
|player|p1|averagealt99|acetrainerf-gen4dp|1350
|player|p2|godletmegooverkill|169|1311
|gen|9
|tier|[Gen 9] OU
|rated|
|rule|HP Percentage Mod: HP is shown in percentages
|rule|Endless Battle Clause: Forcing endless battles is banned
|rule|Species Clause: Limit one of each Pokémon
|rule|OHKO Clause: OHKO moves are banned
|rule|Evasion Items Clause: Evasion items are banned
|rule|Evasion Moves Clause: Evasion moves are banned
|rule|Evasion Abilities Clause: Evasion abilities are banned
|rule|Sleep Moves Clause: Sleep-inducing moves are banned
|clearpoke
|poke|p1|Hydrapple, F|
|poke|p1|Cinderace, F|
|poke|p1|Iron Crown|
|poke|p1|Primarina, M|
|poke|p1|Gliscor, F|
|poke|p1|Okidogi, M|
|poke|p2|Dragapult, M|
|poke|p2|Gliscor, F|
|poke|p2|Ogerpon-Wellspring, F|
|poke|p2|Iron Crown|
|poke|p2|Blaziken, F|
|poke|p2|Ursaluna, M|
|teampreview
|inactive|Battle timer is ON: inactive players will automatically lose when time's up. (requested by averagealt99)
|
|t:|1779941910
|teamsize|p1|6
|teamsize|p2|6
|start
|switch|p1a: Primarina|Primarina, M|100/100
|switch|p2a: Ogerpon|Ogerpon-Wellspring, F|100/100
|turn|1
|
|t:|1779941918
|switch|p1a: Hydrapple|Hydrapple, F|100/100
|move|p2a: Ogerpon|Horn Leech|p1a: Hydrapple
|-resisted|p1a: Hydrapple
|-damage|p1a: Hydrapple|92/100
|
|upkeep
|turn|2
|
|t:|1779941922
|move|p2a: Ogerpon|U-turn|p1a: Hydrapple
|-supereffective|p1a: Hydrapple
|-damage|p1a: Hydrapple|50/100
|
|t:|1779941926
|switch|p2a: Iron Crown|Iron Crown|100/100|[from] U-turn
|-enditem|p2a: Iron Crown|Booster Energy
|-activate|p2a: Iron Crown|ability: Quark Drive|[fromitem]
|-start|p2a: Iron Crown|quarkdrivespe
|move|p1a: Hydrapple|Fickle Beam|p2a: Iron Crown|[anim] Fickle Beam All Out
|-activate|p1a: Hydrapple|move: Fickle Beam
|-resisted|p2a: Iron Crown
|-damage|p2a: Iron Crown|65/100
|
|upkeep
|turn|3
|inactive|godletmegooverkill has 120 seconds left.
|
|t:|1779941962
|switch|p1a: Cinderace|Cinderace, F|100/100
|move|p2a: Iron Crown|Calm Mind|p2a: Iron Crown
|-boost|p2a: Iron Crown|spa|1
|-boost|p2a: Iron Crown|spd|1
|
|upkeep
|turn|4
|inactive|godletmegooverkill has 120 seconds left.
|
|t:|1779941974
|-terastallize|p2a: Iron Crown|Fighting
|move|p2a: Iron Crown|Focus Blast|p1a: Cinderace
|-damage|p1a: Cinderace|0 fnt
|faint|p1a: Cinderace
|
|upkeep
|
|t:|1779941984
|switch|p1a: Primarina|Primarina, M|100/100
|turn|5
|
|t:|1779941989
|move|p2a: Iron Crown|Tachyon Cutter|p1a: Primarina
|-damage|p1a: Primarina|74/100
|-damage|p1a: Primarina|44/100
|-hitcount|p1a: Primarina|2
|move|p1a: Primarina|Moonblast|p2a: Iron Crown
|-supereffective|p2a: Iron Crown
|-crit|p2a: Iron Crown
|-damage|p2a: Iron Crown|0 fnt
|faint|p2a: Iron Crown
|-end|p2a: Iron Crown|Quark Drive|[silent]
|
|upkeep
|
|t:|1779941994
|switch|p2a: Ogerpon|Ogerpon-Wellspring, F|100/100
|turn|6
|
|t:|1779941999
|switch|p1a: Hydrapple|Hydrapple, F|83/100
|move|p2a: Ogerpon|Horn Leech|p1a: Hydrapple
|-resisted|p1a: Hydrapple
|-damage|p1a: Hydrapple|76/100
|
|upkeep
|turn|7
|
|t:|1779942003
|move|p2a: Ogerpon|U-turn|p1a: Hydrapple
|-supereffective|p1a: Hydrapple
|-damage|p1a: Hydrapple|37/100
|
|t:|1779942006
|switch|p2a: Blaziken|Blaziken, F|100/100|[from] U-turn
|move|p1a: Hydrapple|Fickle Beam|p2a: Blaziken
|-damage|p2a: Blaziken|36/100
|
|upkeep
|turn|8
|
|t:|1779942016
|switch|p1a: Gliscor|Gliscor, F|100/100
|move|p2a: Blaziken|Protect||[still]
|-fail|p2a: Blaziken
|
|-ability|p2a: Blaziken|Speed Boost|boost
|-boost|p2a: Blaziken|spe|1
|-status|p1a: Gliscor|tox|[from] item: Toxic Orb
|upkeep
|turn|9
|
|t:|1779942022
|switch|p2a: Ursaluna|Ursaluna, M|100/100
|move|p1a: Gliscor|Earthquake|p2a: Ursaluna
|-damage|p2a: Ursaluna|73/100
|
|-status|p2a: Ursaluna|brn|[from] item: Flame Orb
|upkeep
|turn|10
|
|t:|1779942027
|switch|p1a: Primarina|Primarina, M|44/100
|move|p2a: Ursaluna|Swords Dance|p2a: Ursaluna
|-boost|p2a: Ursaluna|atk|2
|
|-damage|p2a: Ursaluna|67/100 brn|[from] brn
|upkeep
|turn|11
|
|t:|1779942031
|move|p1a: Primarina|Psychic Noise|p2a: Ursaluna
|-supereffective|p2a: Ursaluna
|-damage|p2a: Ursaluna|0 fnt
|faint|p2a: Ursaluna
|
|upkeep
|
|t:|1779942040
|switch|p2a: Ogerpon|Ogerpon-Wellspring, F|100/100
|turn|12
|
|t:|1779942043
|switch|p1a: Gliscor|Gliscor, F|100/100 tox
|move|p2a: Ogerpon|U-turn|p1a: Gliscor
|-resisted|p1a: Gliscor
|-damage|p1a: Gliscor|89/100 tox
|
|t:|1779942047
|switch|p2a: Dragapult|Dragapult, M|100/100|[from] U-turn
|
|-heal|p1a: Gliscor|100/100 tox|[from] ability: Poison Heal
|upkeep
|turn|13
|
|t:|1779942055
|move|p2a: Dragapult|Hex|p1a: Gliscor
|-damage|p1a: Gliscor|40/100 tox
|move|p1a: Gliscor|Earthquake|p2a: Dragapult
|-damage|p2a: Dragapult|45/100
|
|-heal|p1a: Gliscor|52/100 tox|[from] ability: Poison Heal
|upkeep
|turn|14
|
|t:|1779942067
|switch|p1a: Okidogi|Okidogi, M|100/100
|move|p2a: Dragapult|Hex|p1a: Okidogi
|-damage|p1a: Okidogi|73/100
|
|-heal|p1a: Okidogi|79/100|[from] item: Leftovers
|upkeep
|turn|15
|
|t:|1779942072
|move|p2a: Dragapult|Will-O-Wisp|p1a: Okidogi
|-status|p1a: Okidogi|brn
|move|p1a: Okidogi|Bulk Up|p1a: Okidogi
|-boost|p1a: Okidogi|atk|1
|-boost|p1a: Okidogi|def|1
|
|-heal|p1a: Okidogi|85/100 brn|[from] item: Leftovers
|-damage|p1a: Okidogi|79/100 brn|[from] brn
|upkeep
|turn|16
|
|t:|1779942075
|move|p2a: Dragapult|Hex|p1a: Okidogi
|-damage|p1a: Okidogi|18/100 brn
|move|p1a: Okidogi|Knock Off|p2a: Dragapult
|-supereffective|p2a: Dragapult
|-damage|p2a: Dragapult|0 fnt
|-enditem|p2a: Dragapult|Heavy-Duty Boots|[from] move: Knock Off|[of] p1a: Okidogi
|faint|p2a: Dragapult
|
|-heal|p1a: Okidogi|24/100 brn|[from] item: Leftovers
|-damage|p1a: Okidogi|18/100 brn|[from] brn
|upkeep
|
|t:|1779942086
|switch|p2a: Gliscor|Gliscor, F|100/100
|turn|17
|
|t:|1779942091
|move|p2a: Gliscor|Earthquake|p1a: Okidogi
|-supereffective|p1a: Okidogi
|-damage|p1a: Okidogi|0 fnt
|faint|p1a: Okidogi
|
|-status|p2a: Gliscor|tox|[from] item: Toxic Orb
|upkeep
|l|☆godletmegooverkill
|inactive|godletmegooverkill disconnected and has a minute to reconnect!
|player|p2|
|
|t:|1779942100
|switch|p1a: Gliscor|Gliscor, F|52/100 tox
|turn|18
|inactive|godletmegooverkill has 30 seconds to reconnect!
|inactive|godletmegooverkill has 20 seconds to reconnect!
|inactive|godletmegooverkill has 15 seconds to reconnect!
|inactive|godletmegooverkill has 10 seconds to reconnect!
|inactive|godletmegooverkill has 5 seconds to reconnect!
|-message|godletmegooverkill lost due to inactivity.
|
|win|averagealt99
|raw|averagealt99's rating: 1350 &rarr; <strong>1368</strong><br />(+18 for winning)
|raw|godletmegooverkill's rating: 1311 &rarr; <strong>1293</strong><br />(-18 for losing)
|l|☆averagealt99
|player|p1|
