|j|☆FizzesShark
|j|☆AzutoKey
|t:|1779948585
|gametype|singles
|player|p1|FizzesShark|266|1250
|player|p2|AzutoKey|lance|1192
|gen|9
|tier|[Gen 9] OU
|rated|
|rule|HP Percentage Mod: HP is shown in percentages
|rule|Endless Battle Clause: Forcing endless battles is banned
|rule|Species Clause: Limit one of each Pokémon
|rule|OHKO Clause: OHKO moves are banned
|rule|Evasion Items Clause: Evasion items are banned
|rule|Evasion Moves Clause: Evasion moves are banned
|rule|Evasion Abilities Clause: Evasion abilities are banned
|rule|Sleep Moves Clause: Sleep-inducing moves are banned
|clearpoke
|poke|p1|Iron Moth|
|poke|p1|Gliscor, M|
|poke|p1|Hatterene, F|
|poke|p1|Ogerpon-Wellspring, F|
|poke|p1|Raging Bolt|
|poke|p1|Zamazenta-*|
|poke|p2|Dragapult, F|
|poke|p2|Dragonite, M|
|poke|p2|Garchomp, M|
|poke|p2|Haxorus, M|
|poke|p2|Duraludon, M|
|poke|p2|Goodra, M|
|teampreview
|inactive|Battle timer is ON: inactive players will automatically lose when time's up. (requested by FizzesShark)
|
|t:|1779948633
|teamsize|p1|6
|teamsize|p2|6
|start
|switch|p1a: Iron Moth|Iron Moth|100/100
|switch|p2a: Goodra|Goodra, M|100/100
|-enditem|p1a: Iron Moth|Booster Energy
|-activate|p1a: Iron Moth|ability: Quark Drive|[fromitem]
|-start|p1a: Iron Moth|quarkdrivespe
|turn|1
|
|t:|1779948655
|move|p1a: Iron Moth|Toxic Spikes|p2a: Goodra
|-sidestart|p2: AzutoKey|move: Toxic Spikes
|move|p2a: Goodra|Dragon Pulse|p1a: Iron Moth
|-damage|p1a: Iron Moth|65/100
|
|upkeep
|turn|2
|
|t:|1779948673
|move|p1a: Iron Moth|Toxic Spikes|p2a: Goodra
|-sidestart|p2: AzutoKey|move: Toxic Spikes
|move|p2a: Goodra|Dragon Pulse|p1a: Iron Moth
|-damage|p1a: Iron Moth|27/100
|
|upkeep
|turn|3
|
|t:|1779948686
|-end|p1a: Iron Moth|Quark Drive|[silent]
|switch|p1a: Hatterene|Hatterene, F|100/100
|move|p2a: Goodra|Dragon Pulse|p1a: Hatterene
|-immune|p1a: Hatterene
|
|upkeep
|turn|4
|
|t:|1779948699
|move|p2a: Goodra|Sludge Bomb|p1a: Hatterene
|-supereffective|p1a: Hatterene
|-damage|p1a: Hatterene|42/100
|move|p1a: Hatterene|Calm Mind|p1a: Hatterene
|-boost|p1a: Hatterene|spa|1
|-boost|p1a: Hatterene|spd|1
|
|-heal|p1a: Hatterene|48/100|[from] item: Leftovers
|upkeep
|turn|5
|
|t:|1779948711
|switch|p1a: Zamazenta|Zamazenta|100/100
|-ability|p1a: Zamazenta|Dauntless Shield|boost
|-boost|p1a: Zamazenta|def|1
|move|p2a: Goodra|Sludge Bomb|p1a: Zamazenta
|-damage|p1a: Zamazenta|78/100
|
|upkeep
|turn|6
|
|t:|1779948724
|move|p1a: Zamazenta|Light Screen|p1a: Zamazenta
|-sidestart|p1: FizzesShark|move: Light Screen
|move|p2a: Goodra|Sludge Bomb|p1a: Zamazenta
|-damage|p1a: Zamazenta|66/100
|-status|p1a: Zamazenta|psn
|
|-damage|p1a: Zamazenta|54/100 psn|[from] psn
|upkeep
|turn|7
|
|t:|1779948734
|move|p1a: Zamazenta|Reflect|p1a: Zamazenta
|-sidestart|p1: FizzesShark|Reflect
|move|p2a: Goodra|Dragon Pulse|p1a: Zamazenta
|-damage|p1a: Zamazenta|39/100 psn
|
|-damage|p1a: Zamazenta|26/100 psn|[from] psn
|upkeep
|turn|8
|
|t:|1779948741
|move|p1a: Zamazenta|Ice Fang|p2a: Goodra|[miss]
|-miss|p1a: Zamazenta|p2a: Goodra
|move|p2a: Goodra|Dragon Pulse|p1a: Zamazenta
|-damage|p1a: Zamazenta|11/100 psn
|
|-damage|p1a: Zamazenta|0 fnt|[from] psn
|faint|p1a: Zamazenta
|upkeep
|
|t:|1779948758
|switch|p1a: Ogerpon|Ogerpon-Wellspring, F|100/100
|turn|9
|
|t:|1779948779
|-terastallize|p1a: Ogerpon|Water
|detailschange|p1a: Ogerpon|Ogerpon-Wellspring-Tera, F, tera:Water
|-ability|p1a: Ogerpon|Embody Aspect (Wellspring)|boost
|-boost|p1a: Ogerpon|spd|1
|move|p1a: Ogerpon|Swords Dance|p1a: Ogerpon
|-boost|p1a: Ogerpon|atk|2
|move|p2a: Goodra|Sludge Bomb|p1a: Ogerpon
|-damage|p1a: Ogerpon|89/100
|
|upkeep
|turn|10
|
|t:|1779948791
|move|p1a: Ogerpon|Swords Dance|p1a: Ogerpon
|-boost|p1a: Ogerpon|atk|2
|move|p2a: Goodra|Sludge Bomb|p1a: Ogerpon
|-damage|p1a: Ogerpon|79/100
|
|upkeep
|turn|11
|
|t:|1779948798
|move|p1a: Ogerpon|Trailblaze|p2a: Goodra
|-resisted|p2a: Goodra
|-damage|p2a: Goodra|32/100
|-boost|p1a: Ogerpon|spe|1
|-ability|p2a: Goodra|Gooey
|-unboost|p1a: Ogerpon|spe|1
|move|p2a: Goodra|Sludge Bomb|p1a: Ogerpon
|-damage|p1a: Ogerpon|68/100
|
|-heal|p2a: Goodra|38/100|[from] item: Leftovers
|upkeep
|turn|12
|inactive|AzutoKey has 120 seconds left.
|
|t:|1779948834
|move|p1a: Ogerpon|Trailblaze|p2a: Goodra
|-resisted|p2a: Goodra
|-damage|p2a: Goodra|0 fnt
|-boost|p1a: Ogerpon|spe|1
|-ability|p2a: Goodra|Gooey
|-unboost|p1a: Ogerpon|spe|1
|faint|p2a: Goodra
|
|upkeep
|
|t:|1779948854
|switch|p2a: Dragonite|Dragonite, M|100/100
|turn|13
|
|t:|1779948858
|-terastallize|p2a: Dragonite|Normal
|move|p2a: Dragonite|Extreme Speed|p1a: Ogerpon
|-damage|p1a: Ogerpon|43/100
|move|p1a: Ogerpon|Trailblaze|p2a: Dragonite
|-damage|p2a: Dragonite|47/100
|-boost|p1a: Ogerpon|spe|1
|
|-heal|p2a: Dragonite|53/100|[from] item: Leftovers
|-sideend|p1: FizzesShark|move: Light Screen
|upkeep
|turn|14
|inactive|AzutoKey has 120 seconds left.
|
|t:|1779948876
|move|p2a: Dragonite|Extreme Speed|p1a: Ogerpon
|-damage|p1a: Ogerpon|16/100
|move|p1a: Ogerpon|Ivy Cudgel|p2a: Dragonite|[anim] Ivy Cudgel Water
|-damage|p2a: Dragonite|0 fnt
|faint|p2a: Dragonite
|
|-sideend|p1: FizzesShark|Reflect
|upkeep
|
|t:|1779948885
|switch|p2a: Haxorus|Haxorus, M, shiny|100/100
|-status|p2a: Haxorus|tox
|turn|15
|
|t:|1779948890
|move|p2a: Haxorus|First Impression|p1a: Ogerpon
|-damage|p1a: Ogerpon|0 fnt
|faint|p1a: Ogerpon
|detailschange|p1: Ogerpon|Ogerpon-Wellspring, F|[silent]
|
|-damage|p2a: Haxorus|94/100 tox|[from] psn
|upkeep
|
|t:|1779948901
|switch|p1a: Gliscor|Gliscor, M|100/100
|turn|16
|inactive|AzutoKey has 120 seconds left.
|
|t:|1779948921
|move|p2a: Haxorus|Dragon Claw|p1a: Gliscor
|-damage|p1a: Gliscor|56/100
|move|p1a: Gliscor|Swords Dance|p1a: Gliscor
|-boost|p1a: Gliscor|atk|2
|
|-heal|p2a: Haxorus|100/100 tox|[from] item: Leftovers
|-damage|p2a: Haxorus|88/100 tox|[from] psn
|-status|p1a: Gliscor|tox|[from] item: Toxic Orb
|upkeep
|turn|17
|inactive|AzutoKey has 120 seconds left.
|
|t:|1779948936
|move|p2a: Haxorus|Dragon Claw|p1a: Gliscor
|-damage|p1a: Gliscor|5/100 tox
|move|p1a: Gliscor|Agility|p1a: Gliscor
|-boost|p1a: Gliscor|spe|2
|
|-heal|p2a: Haxorus|94/100 tox|[from] item: Leftovers
|-heal|p1a: Gliscor|17/100 tox|[from] ability: Poison Heal
|-damage|p2a: Haxorus|76/100 tox|[from] psn
|upkeep
|turn|18
|inactive|AzutoKey has 120 seconds left.
|
|t:|1779948948
|move|p1a: Gliscor|Earthquake|p2a: Haxorus
|-damage|p2a: Haxorus|0 fnt
|faint|p2a: Haxorus
|
|-heal|p1a: Gliscor|29/100 tox|[from] ability: Poison Heal
|upkeep
|inactive|AzutoKey has 90 seconds left.
|
|t:|1779949000
|switch|p2a: Garchomp|Garchomp, M|100/100
|-status|p2a: Garchomp|tox
|turn|19
|
|t:|1779949012
|move|p1a: Gliscor|Earthquake|p2a: Garchomp
|-damage|p2a: Garchomp|12/100 tox
|move|p2a: Garchomp|Dragon Claw|p1a: Gliscor
|-damage|p1a: Gliscor|0 fnt
|faint|p1a: Gliscor
|
|-heal|p2a: Garchomp|18/100 tox|[from] item: Leftovers
|-damage|p2a: Garchomp|12/100 tox|[from] psn
|upkeep
|
|t:|1779949024
|switch|p1a: Iron Moth|Iron Moth|27/100
|turn|20
|
|t:|1779949031
|move|p1a: Iron Moth|Sludge Wave|p2a: Garchomp
|-resisted|p2a: Garchomp
|-damage|p2a: Garchomp|0 fnt
|faint|p2a: Garchomp
|
|upkeep
|
|t:|1779949040
|switch|p2a: Dragapult|Dragapult, F|100/100
|-status|p2a: Dragapult|tox
|turn|21
|
|t:|1779949050
|move|p2a: Dragapult|Surf|p1a: Iron Moth
|-supereffective|p1a: Iron Moth
|-damage|p1a: Iron Moth|0 fnt
|faint|p1a: Iron Moth
|-end|p1a: Iron Moth|Quark Drive|[silent]
|-damage|p2a: Dragapult|91/100 tox|[from] item: Life Orb
|
|-damage|p2a: Dragapult|85/100 tox|[from] psn
|upkeep
|
|t:|1779949054
|switch|p1a: Raging Bolt|Raging Bolt|100/100
|-enditem|p1a: Raging Bolt|Booster Energy
|-activate|p1a: Raging Bolt|ability: Protosynthesis|[fromitem]
|-start|p1a: Raging Bolt|protosynthesisspa
|turn|22
|inactive|AzutoKey has 90 seconds left.
|
|t:|1779949074
|move|p2a: Dragapult|Dragon Pulse|p1a: Raging Bolt
|-supereffective|p1a: Raging Bolt
|-damage|p1a: Raging Bolt|14/100
|-damage|p2a: Dragapult|75/100 tox|[from] item: Life Orb
|move|p1a: Raging Bolt|Calm Mind|p1a: Raging Bolt
|-boost|p1a: Raging Bolt|spa|1
|-boost|p1a: Raging Bolt|spd|1
|
|-damage|p2a: Dragapult|63/100 tox|[from] psn
|upkeep
|turn|23
|inactive|AzutoKey has 90 seconds left.
|
|t:|1779949089
|-end|p1a: Raging Bolt|Protosynthesis|[silent]
|switch|p1a: Hatterene|Hatterene, F|48/100
|move|p2a: Dragapult|Dragon Pulse|p1a: Hatterene
|-immune|p1a: Hatterene
|
|-heal|p1a: Hatterene|54/100|[from] item: Leftovers
|-damage|p2a: Dragapult|45/100 tox|[from] psn
|upkeep
|turn|24
|inactive|AzutoKey has 90 seconds left.
|
|t:|1779949108
|move|p2a: Dragapult|Sucker Punch||[still]
|-fail|p2a: Dragapult
|move|p1a: Hatterene|Calm Mind|p1a: Hatterene
|-boost|p1a: Hatterene|spa|1
|-boost|p1a: Hatterene|spd|1
|
|-heal|p1a: Hatterene|60/100|[from] item: Leftovers
|-damage|p2a: Dragapult|21/100 tox|[from] psn
|upkeep
|turn|25
|
|t:|1779949125
|move|p2a: Dragapult|Shadow Ball|p1a: Hatterene
|-supereffective|p1a: Hatterene
|-damage|p1a: Hatterene|3/100
|-damage|p2a: Dragapult|12/100 tox|[from] item: Life Orb
|move|p1a: Hatterene|Draining Kiss|p2a: Dragapult
|-supereffective|p2a: Dragapult
|-damage|p2a: Dragapult|0 fnt
|-heal|p1a: Hatterene|11/100|[from] drain|[of] p2a: Dragapult
|faint|p2a: Dragapult
|
|-heal|p1a: Hatterene|17/100|[from] item: Leftovers
|upkeep
|
|t:|1779949138
|switch|p2a: Duraludon|Duraludon, M|100/100
|turn|26
|
|t:|1779949154
|move|p2a: Duraludon|Flash Cannon|p1a: Hatterene
|-supereffective|p1a: Hatterene
|-damage|p1a: Hatterene|0 fnt
|faint|p1a: Hatterene
|
|upkeep
|
|t:|1779949172
|switch|p1a: Raging Bolt|Raging Bolt|14/100
|turn|27
|
|t:|1779949187
|move|p1a: Raging Bolt|Dragon Pulse|p2a: Duraludon
|-damage|p2a: Duraludon|47/100
|move|p2a: Duraludon|Dragon Pulse|p1a: Raging Bolt
|-supereffective|p1a: Raging Bolt
|-damage|p1a: Raging Bolt|0 fnt
|faint|p1a: Raging Bolt
|-end|p1a: Raging Bolt|Protosynthesis|[silent]
|
|win|AzutoKey
|raw|FizzesShark's rating: 1250 &rarr; <strong>1221</strong><br />(-29 for losing)
|raw|AzutoKey's rating: 1192 &rarr; <strong>1221</strong><br />(+29 for winning)
|l|☆FizzesShark
|player|p1|
|l|☆AzutoKey
|player|p2|
