|j|☆randomefre
|j|☆leevoiceact
|t:|1779930605
|gametype|singles
|player|p1|randomefre|dawn|1192
|player|p2|leevoiceact|giovanni|1225
|gen|9
|tier|[Gen 9] OU
|rated|
|rule|HP Percentage Mod: HP is shown in percentages
|rule|Endless Battle Clause: Forcing endless battles is banned
|rule|Species Clause: Limit one of each Pokémon
|rule|OHKO Clause: OHKO moves are banned
|rule|Evasion Items Clause: Evasion items are banned
|rule|Evasion Moves Clause: Evasion moves are banned
|rule|Evasion Abilities Clause: Evasion abilities are banned
|rule|Sleep Moves Clause: Sleep-inducing moves are banned
|clearpoke
|poke|p1|Sinistcha-Masterpiece|
|poke|p1|Skeledirge, M|
|poke|p1|Meowscarada, F|
|poke|p1|Cinderace, M|
|poke|p1|Tinkaton, F|
|poke|p1|Weavile, F|
|poke|p2|Cinderace, F|
|poke|p2|Iron Valiant|
|poke|p2|Gliscor, M|
|poke|p2|Darkrai|
|poke|p2|Garchomp, F|
|poke|p2|Keldeo-Resolute|
|teampreview
|inactive|Battle timer is ON: inactive players will automatically lose when time's up. (requested by randomefre)
|
|t:|1779930619
|teamsize|p1|6
|teamsize|p2|6
|start
|switch|p1a: Meowscarada|Meowscarada, F|100/100
|switch|p2a: Landshark|Garchomp, F|100/100
|turn|1
|
|t:|1779930630
|switch|p2a: Hotfoot|Cinderace, F|100/100
|move|p1a: Meowscarada|Triple Axel|p2a: Hotfoot
|-start|p1a: Meowscarada|typechange|Ice|[from] ability: Protean
|-resisted|p2a: Hotfoot
|-damage|p2a: Hotfoot|90/100
|-resisted|p2a: Hotfoot
|-damage|p2a: Hotfoot|69/100
|-resisted|p2a: Hotfoot
|-damage|p2a: Hotfoot|40/100
|-hitcount|p2a: Hotfoot|3
|
|upkeep
|turn|2
|
|t:|1779930646
|move|p1a: Meowscarada|Triple Axel|p2a: Hotfoot
|-resisted|p2a: Hotfoot
|-damage|p2a: Hotfoot|30/100
|-resisted|p2a: Hotfoot
|-damage|p2a: Hotfoot|12/100
|-resisted|p2a: Hotfoot
|-damage|p2a: Hotfoot|0 fnt
|faint|p2a: Hotfoot
|-hitcount|p2: Hotfoot|3
|
|upkeep
|
|t:|1779930659
|switch|p2a: Keldeo|Keldeo-Resolute|100/100
|turn|3
|
|t:|1779930665
|switch|p1a: Sinistcha|Sinistcha-Masterpiece|100/100
|move|p2a: Keldeo|Secret Sword|p1a: Sinistcha
|-immune|p1a: Sinistcha
|
|upkeep
|turn|4
|
|t:|1779930686
|move|p2a: Keldeo|Calm Mind|p2a: Keldeo
|-boost|p2a: Keldeo|spa|1
|-boost|p2a: Keldeo|spd|1
|move|p1a: Sinistcha|Matcha Gotcha|p2a: Keldeo
|-supereffective|p2a: Keldeo
|-damage|p2a: Keldeo|28/100
|-status|p2a: Keldeo|brn
|
|-heal|p2a: Keldeo|34/100 brn|[from] item: Leftovers
|-damage|p2a: Keldeo|28/100 brn|[from] brn
|upkeep
|turn|5
|
|t:|1779930698
|move|p2a: Keldeo|Icy Wind|p1a: Sinistcha
|-supereffective|p1a: Sinistcha
|-damage|p1a: Sinistcha|35/100
|-unboost|p1a: Sinistcha|spe|1
|move|p1a: Sinistcha|Matcha Gotcha|p2a: Keldeo
|-supereffective|p2a: Keldeo
|-damage|p2a: Keldeo|0 fnt
|-heal|p1a: Sinistcha|48/100|[from] drain|[of] p2a: Keldeo
|faint|p2a: Keldeo
|
|upkeep
|
|t:|1779930710
|switch|p2a: Reaper|Darkrai|100/100
|turn|6
|
|t:|1779930715
|move|p2a: Reaper|Shadow Ball|p1a: Sinistcha
|-supereffective|p1a: Sinistcha
|-damage|p1a: Sinistcha|0 fnt
|faint|p1a: Sinistcha
|
|upkeep
|
|t:|1779930729
|switch|p1a: Skeledirge|Skeledirge, M|100/100
|turn|7
|
|t:|1779930732
|move|p2a: Reaper|Shadow Ball|p1a: Skeledirge
|-supereffective|p1a: Skeledirge
|-damage|p1a: Skeledirge|42/100
|move|p1a: Skeledirge|Torch Song|p2a: Reaper
|-damage|p2a: Reaper|59/100
|-boost|p1a: Skeledirge|spa|1
|
|-heal|p1a: Skeledirge|48/100|[from] item: Leftovers
|upkeep
|turn|8
|
|t:|1779930744
|-terastallize|p1a: Skeledirge|Fairy
|move|p2a: Reaper|Shadow Ball|p1a: Skeledirge
|-damage|p1a: Skeledirge|19/100
|move|p1a: Skeledirge|Torch Song|p2a: Reaper
|-damage|p2a: Reaper|0 fnt
|-boost|p1a: Skeledirge|spa|1
|faint|p2a: Reaper
|
|-heal|p1a: Skeledirge|25/100|[from] item: Leftovers
|upkeep
|
|t:|1779930757
|switch|p2a: Stinger|Gliscor, M|100/100
|turn|9
|
|t:|1779930760
|move|p2a: Stinger|Earthquake|p1a: Skeledirge
|-crit|p1a: Skeledirge
|-damage|p1a: Skeledirge|0 fnt
|faint|p1a: Skeledirge
|
|-status|p2a: Stinger|tox|[from] item: Toxic Orb
|upkeep
|
|t:|1779930768
|switch|p1a: Meowscarada|Meowscarada, F|100/100
|turn|10
|
|t:|1779930773
|switch|p2a: Landshark|Garchomp, F|100/100
|move|p1a: Meowscarada|Triple Axel|p2a: Landshark
|-start|p1a: Meowscarada|typechange|Ice|[from] ability: Protean
|-supereffective|p2a: Landshark
|-damage|p2a: Landshark|42/100
|-damage|p1a: Meowscarada|88/100|[from] ability: Rough Skin|[of] p2a: Landshark
|-damage|p1a: Meowscarada|72/100|[from] item: Rocky Helmet|[of] p2a: Landshark
|-supereffective|p2a: Landshark
|-damage|p2a: Landshark|0 fnt
|-damage|p1a: Meowscarada|60/100|[from] ability: Rough Skin|[of] p2a: Landshark
|-damage|p1a: Meowscarada|43/100|[from] item: Rocky Helmet|[of] p2a: Landshark
|faint|p2a: Landshark
|-hitcount|p2: Landshark|2
|
|upkeep
|
|t:|1779930790
|switch|p2a: Blade|Iron Valiant|100/100
|-enditem|p2a: Blade|Booster Energy
|-activate|p2a: Blade|ability: Quark Drive|[fromitem]
|-start|p2a: Blade|quarkdrivespe
|turn|11
|
|t:|1779930800
|move|p2a: Blade|Thunderbolt|p1a: Meowscarada
|-damage|p1a: Meowscarada|0 fnt
|faint|p1a: Meowscarada
|
|upkeep
|
|t:|1779930806
|switch|p1a: Cinderace|Cinderace, M|100/100
|turn|12
|
|t:|1779930811
|move|p2a: Blade|Moonblast|p1a: Cinderace
|-resisted|p1a: Cinderace
|-damage|p1a: Cinderace|67/100
|-unboost|p1a: Cinderace|spa|1
|move|p1a: Cinderace|Gunk Shot|p2a: Blade
|-start|p1a: Cinderace|typechange|Poison|[from] ability: Libero
|-supereffective|p2a: Blade
|-crit|p2a: Blade
|-damage|p2a: Blade|0 fnt
|faint|p2a: Blade
|-end|p2a: Blade|Quark Drive|[silent]
|
|upkeep
|
|t:|1779930822
|switch|p2a: Stinger|Gliscor, M|100/100 tox
|turn|13
|
|t:|1779930826
|move|p1a: Cinderace|U-turn|p2a: Stinger
|-resisted|p2a: Stinger
|-damage|p2a: Stinger|90/100 tox
|
|t:|1779930836
|switch|p1a: Tinkaton|Tinkaton, F|100/100|[from] U-turn
|-item|p1a: Tinkaton|Air Balloon
|move|p2a: Stinger|Earthquake|p1a: Tinkaton
|-immune|p1a: Tinkaton
|
|-heal|p2a: Stinger|100/100 tox|[from] ability: Poison Heal
|upkeep
|turn|14
|
|t:|1779930850
|move|p2a: Stinger|Fling|p1a: Tinkaton
|-resisted|p1a: Tinkaton
|-damage|p1a: Tinkaton|95/100
|-enditem|p1a: Tinkaton|Air Balloon
|-enditem|p2a: Stinger|Toxic Orb|[from] move: Fling
|move|p1a: Tinkaton|Gigaton Hammer|p2a: Stinger
|-damage|p2a: Stinger|60/100 tox
|
|-heal|p2a: Stinger|73/100 tox|[from] ability: Poison Heal
|upkeep
|turn|15
|
|t:|1779930865
|move|p2a: Stinger|Earthquake|p1a: Tinkaton
|-supereffective|p1a: Tinkaton
|-damage|p1a: Tinkaton|0 fnt
|faint|p1a: Tinkaton
|
|-heal|p2a: Stinger|85/100 tox|[from] ability: Poison Heal
|upkeep
|
|t:|1779930872
|switch|p1a: Weavile|Weavile, F|100/100
|-ability|p1a: Weavile|Pressure
|turn|16
|
|t:|1779930877
|-terastallize|p2a: Stinger|Flying
|move|p1a: Weavile|Triple Axel|p2a: Stinger
|-supereffective|p2a: Stinger
|-damage|p2a: Stinger|66/100 tox
|-supereffective|p2a: Stinger
|-damage|p2a: Stinger|29/100 tox
|-supereffective|p2a: Stinger
|-damage|p2a: Stinger|0 fnt
|faint|p2a: Stinger
|-hitcount|p2: Stinger|3
|
|win|randomefre
|raw|randomefre's rating: 1192 &rarr; <strong>1219</strong><br />(+27 for winning)
|raw|leevoiceact's rating: 1225 &rarr; <strong>1198</strong><br />(-27 for losing)
|l|☆leevoiceact
|player|p2|
