|j|☆kopv18
|j|☆1100 smurf
|t:|1779906246
|gametype|singles
|player|p1|kopv18|bugcatcher-gen4dp|1525
|player|p2|1100 smurf|preschooler|1474
|gen|9
|tier|[Gen 9] OU
|rated|
|rule|HP Percentage Mod: HP is shown in percentages
|rule|Endless Battle Clause: Forcing endless battles is banned
|rule|Species Clause: Limit one of each Pokémon
|rule|OHKO Clause: OHKO moves are banned
|rule|Evasion Items Clause: Evasion items are banned
|rule|Evasion Moves Clause: Evasion moves are banned
|rule|Evasion Abilities Clause: Evasion abilities are banned
|rule|Sleep Moves Clause: Sleep-inducing moves are banned
|clearpoke
|poke|p1|Rabsca, M|
|poke|p1|Walking Wake|
|poke|p1|Torkoal, F|
|poke|p1|Great Tusk|
|poke|p1|Cresselia, F|
|poke|p1|Zarude|
|poke|p2|Perrserker, M|
|poke|p2|Rillaboom, F|
|poke|p2|Heatran, M|
|poke|p2|Zapdos|
|poke|p2|Dragapult, F|
|poke|p2|Great Tusk|
|teampreview
|
|t:|1779906253
|teamsize|p1|6
|teamsize|p2|6
|start
|switch|p1a: Torkoal|Torkoal, F|100/100
|switch|p2a: Heatran|Heatran, M|100/100
|-weather|SunnyDay|[from] ability: Drought|[of] p1a: Torkoal
|turn|1
|
|t:|1779906272
|switch|p1a: Walking Wake|Walking Wake|100/100
|-activate|p1a: Walking Wake|ability: Protosynthesis
|-start|p1a: Walking Wake|protosynthesisspe
|move|p2a: Heatran|Magma Storm|p1a: Walking Wake|[miss]
|-miss|p2a: Heatran|p1a: Walking Wake
|
|-weather|SunnyDay|[upkeep]
|upkeep
|turn|2
|
|t:|1779906305
|move|p1a: Walking Wake|Hydro Steam|p2a: Heatran
|-supereffective|p2a: Heatran
|-damage|p2a: Heatran|0 fnt
|faint|p2a: Heatran
|
|-weather|SunnyDay|[upkeep]
|upkeep
|
|t:|1779906307
|switch|p2a: Rillaboom|Rillaboom, F|100/100
|-fieldstart|move: Grassy Terrain|[from] ability: Grassy Surge|[of] p2a: Rillaboom
|turn|3
|
|t:|1779906319
|move|p1a: Walking Wake|Hydro Steam|p2a: Rillaboom
|-resisted|p2a: Rillaboom
|-damage|p2a: Rillaboom|41/100
|move|p2a: Rillaboom|U-turn|p1a: Walking Wake
|-damage|p1a: Walking Wake|57/100
|
|t:|1779906328
|switch|p2a: Perrserker|Perrserker, M|100/100|[from] U-turn
|
|-weather|SunnyDay|[upkeep]
|-heal|p1a: Walking Wake|63/100|[from] Grassy Terrain
|upkeep
|turn|4
|
|t:|1779906335
|move|p1a: Walking Wake|Hydro Steam|p2a: Perrserker
|-damage|p2a: Perrserker|17/100
|move|p2a: Perrserker|Close Combat|p1a: Walking Wake
|-damage|p1a: Walking Wake|5/100
|-unboost|p2a: Perrserker|def|1
|-unboost|p2a: Perrserker|spd|1
|
|-weather|SunnyDay|[upkeep]
|-heal|p1a: Walking Wake|11/100|[from] Grassy Terrain
|-heal|p2a: Perrserker|23/100|[from] Grassy Terrain
|upkeep
|turn|5
|
|t:|1779906341
|move|p1a: Walking Wake|Hydro Steam|p2a: Perrserker
|-damage|p2a: Perrserker|0 fnt
|faint|p2a: Perrserker
|
|-weather|SunnyDay|[upkeep]
|-heal|p1a: Walking Wake|17/100|[from] Grassy Terrain
|upkeep
|
|t:|1779906343
|switch|p2a: Rillaboom|Rillaboom, F|41/100
|turn|6
|
|t:|1779906350
|move|p2a: Rillaboom|Grassy Glide|p1a: Walking Wake
|-damage|p1a: Walking Wake|0 fnt
|faint|p1a: Walking Wake
|-end|p1a: Walking Wake|Protosynthesis|[silent]
|
|-weather|SunnyDay|[upkeep]
|-heal|p2a: Rillaboom|47/100|[from] Grassy Terrain
|upkeep
|
|t:|1779906362
|switch|p1a: Zarude|Zarude|100/100
|turn|7
|
|t:|1779906366
|switch|p2a: Zapdos|Zapdos|100/100
|move|p1a: Zarude|Knock Off|p2a: Zapdos
|-damage|p2a: Zapdos|45/100
|-enditem|p2a: Zapdos|Heavy-Duty Boots|[from] move: Knock Off|[of] p1a: Zarude
|
|-weather|SunnyDay|[upkeep]
|-fieldend|move: Grassy Terrain
|upkeep
|turn|8
|
|t:|1779906376
|switch|p1a: Cresselia|Cresselia, F|100/100
|move|p2a: Zapdos|Roost|p2a: Zapdos
|-heal|p2a: Zapdos|96/100
|-singleturn|p2a: Zapdos|move: Roost
|
|-weather|none
|upkeep
|turn|9
|
|t:|1779906384
|move|p2a: Zapdos|Volt Switch|p1a: Cresselia
|-damage|p1a: Cresselia|84/100
|
|t:|1779906386
|switch|p2a: Rillaboom|Rillaboom, F|47/100|[from] Volt Switch
|-fieldstart|move: Grassy Terrain|[from] ability: Grassy Surge|[of] p2a: Rillaboom
|move|p1a: Cresselia|Trick Room|p1a: Cresselia
|-fieldstart|move: Trick Room|[of] p1a: Cresselia
|
|-heal|p1a: Cresselia|90/100|[from] item: Leftovers
|-heal|p2a: Rillaboom|54/100|[from] Grassy Terrain
|upkeep
|turn|10
|
|t:|1779906392
|switch|p1a: Torkoal|Torkoal, F|100/100
|-weather|SunnyDay|[from] ability: Drought|[of] p1a: Torkoal
|move|p2a: Rillaboom|U-turn|p1a: Torkoal
|-resisted|p1a: Torkoal
|-damage|p1a: Torkoal|86/100
|
|t:|1779906396
|switch|p2a: Great Tusk|Great Tusk|100/100|[from] U-turn
|-activate|p2a: Great Tusk|ability: Protosynthesis
|-start|p2a: Great Tusk|protosynthesisspe
|
|-weather|SunnyDay|[upkeep]
|-heal|p1a: Torkoal|92/100|[from] Grassy Terrain
|upkeep
|turn|11
|
|t:|1779906405
|move|p1a: Torkoal|Eruption|p2a: Great Tusk
|-damage|p2a: Great Tusk|0 fnt
|faint|p2a: Great Tusk
|-end|p2a: Great Tusk|Protosynthesis|[silent]
|
|-weather|SunnyDay|[upkeep]
|-heal|p1a: Torkoal|98/100|[from] Grassy Terrain
|upkeep
|
|t:|1779906410
|switch|p2a: Zapdos|Zapdos|96/100
|turn|12
|
|t:|1779906414
|-terastallize|p2a: Zapdos|Fire
|move|p1a: Torkoal|Eruption|p2a: Zapdos
|-resisted|p2a: Zapdos
|-damage|p2a: Zapdos|44/100
|move|p2a: Zapdos|Volt Switch|p1a: Torkoal
|-damage|p1a: Torkoal|54/100
|
|t:|1779906417
|switch|p2a: Rillaboom|Rillaboom, F|54/100|[from] Volt Switch
|
|-weather|SunnyDay|[upkeep]
|-heal|p1a: Torkoal|61/100|[from] Grassy Terrain
|-heal|p2a: Rillaboom|60/100|[from] Grassy Terrain
|upkeep
|turn|13
|
|t:|1779906421
|switch|p2a: Dragapult|Dragapult, F|100/100
|move|p1a: Torkoal|Eruption|p2a: Dragapult
|-resisted|p2a: Dragapult
|-damage|p2a: Dragapult|59/100
|
|-weather|SunnyDay|[upkeep]
|-heal|p1a: Torkoal|67/100|[from] Grassy Terrain
|-heal|p2a: Dragapult|65/100|[from] Grassy Terrain
|-fieldend|move: Trick Room
|-fieldend|move: Grassy Terrain
|upkeep
|turn|14
|
|t:|1779906429
|switch|p1a: Zarude|Zarude|100/100
|move|p2a: Dragapult|Draco Meteor|p1a: Zarude|[miss]
|-miss|p2a: Dragapult|p1a: Zarude
|
|-weather|SunnyDay|[upkeep]
|upkeep
|turn|15
|
|t:|1779906437
|move|p2a: Dragapult|Fire Blast|p1a: Zarude
|-supereffective|p1a: Zarude
|-damage|p1a: Zarude|0 fnt
|faint|p1a: Zarude
|-damage|p2a: Dragapult|55/100|[from] item: Life Orb
|
|-weather|SunnyDay|[upkeep]
|upkeep
|
|t:|1779906446
|switch|p1a: Great Tusk|Great Tusk|100/100
|-activate|p1a: Great Tusk|ability: Protosynthesis
|-start|p1a: Great Tusk|protosynthesisspe
|turn|16
|
|t:|1779906450
|switch|p2a: Zapdos|Zapdos, tera:Fire|44/100
|move|p1a: Great Tusk|Headlong Rush|p2a: Zapdos
|-supereffective|p2a: Zapdos
|-damage|p2a: Zapdos|0 fnt
|-unboost|p1a: Great Tusk|def|1
|-unboost|p1a: Great Tusk|spd|1
|faint|p2a: Zapdos
|
|-weather|SunnyDay|[upkeep]
|upkeep
|
|t:|1779906456
|switch|p2a: Rillaboom|Rillaboom, F|60/100
|-fieldstart|move: Grassy Terrain|[from] ability: Grassy Surge|[of] p2a: Rillaboom
|turn|17
|
|t:|1779906467
|move|p2a: Rillaboom|Grassy Glide|p1a: Great Tusk
|-supereffective|p1a: Great Tusk
|-damage|p1a: Great Tusk|0 fnt
|faint|p1a: Great Tusk
|-end|p1a: Great Tusk|Protosynthesis|[silent]
|
|-weather|none
|-heal|p2a: Rillaboom|66/100|[from] Grassy Terrain
|upkeep
|
|t:|1779906473
|switch|p1a: Cresselia|Cresselia, F|90/100
|turn|18
|
|t:|1779906475
|move|p2a: Rillaboom|Grassy Glide|p1a: Cresselia
|-damage|p1a: Cresselia|46/100
|move|p1a: Cresselia|Trick Room|p1a: Cresselia
|-fieldstart|move: Trick Room|[of] p1a: Cresselia
|
|-heal|p1a: Cresselia|52/100|[from] item: Leftovers
|-heal|p2a: Rillaboom|72/100|[from] Grassy Terrain
|upkeep
|turn|19
|
|t:|1779906488
|switch|p1a: Torkoal|Torkoal, F|67/100
|-weather|SunnyDay|[from] ability: Drought|[of] p1a: Torkoal
|move|p2a: Rillaboom|Grassy Glide|p1a: Torkoal
|-resisted|p1a: Torkoal
|-damage|p1a: Torkoal|46/100
|
|-weather|SunnyDay|[upkeep]
|-heal|p1a: Torkoal|52/100|[from] Grassy Terrain
|-heal|p2a: Rillaboom|78/100|[from] Grassy Terrain
|upkeep
|turn|20
|
|t:|1779906493
|switch|p2a: Dragapult|Dragapult, F|55/100
|move|p1a: Torkoal|Eruption|p2a: Dragapult
|-resisted|p2a: Dragapult
|-damage|p2a: Dragapult|18/100
|
|-weather|SunnyDay|[upkeep]
|-heal|p1a: Torkoal|58/100|[from] Grassy Terrain
|-heal|p2a: Dragapult|24/100|[from] Grassy Terrain
|upkeep
|turn|21
|
|t:|1779906503
|move|p1a: Torkoal|Eruption|p2a: Dragapult
|-resisted|p2a: Dragapult
|-damage|p2a: Dragapult|0 fnt
|faint|p2a: Dragapult
|
|-weather|SunnyDay|[upkeep]
|-heal|p1a: Torkoal|64/100|[from] Grassy Terrain
|-fieldend|move: Grassy Terrain
|upkeep
|-message|1100 smurf forfeited.
|
|win|kopv18
|raw|kopv18's rating: 1525 &rarr; <strong>1542</strong><br />(+17 for winning)
|raw|1100 smurf's rating: 1474 &rarr; <strong>1457</strong><br />(-17 for losing)
|l|☆1100 smurf
|player|p2|
|l|☆kopv18
|player|p1|
