|j|☆ectozzzz
|j|☆CaptainQuack27
|t:|1779885793
|gametype|singles
|player|p1|ectozzzz|265|1299
|player|p2|CaptainQuack27|baker|1288
|gen|9
|tier|[Gen 9] OU
|rated|
|rule|HP Percentage Mod: HP is shown in percentages
|rule|Endless Battle Clause: Forcing endless battles is banned
|rule|Species Clause: Limit one of each Pokémon
|rule|OHKO Clause: OHKO moves are banned
|rule|Evasion Items Clause: Evasion items are banned
|rule|Evasion Moves Clause: Evasion moves are banned
|rule|Evasion Abilities Clause: Evasion abilities are banned
|rule|Sleep Moves Clause: Sleep-inducing moves are banned
|clearpoke
|poke|p1|Walking Wake|
|poke|p1|Torkoal, M|
|poke|p1|Venusaur, F|
|poke|p1|Hatterene, F|
|poke|p1|Dragonite, M|
|poke|p1|Kingambit, M|
|poke|p2|Hatterene, F|
|poke|p2|Great Tusk|
|poke|p2|Tornadus-Therian, M|
|poke|p2|Kyurem|
|poke|p2|Slowking-Galar, M|
|poke|p2|Kingambit, M|
|teampreview
|inactive|Battle timer is ON: inactive players will automatically lose when time's up. (requested by ectozzzz)
|
|t:|1779885802
|teamsize|p1|6
|teamsize|p2|6
|start
|switch|p1a: JESE-PAMEC|Torkoal, M|100/100
|switch|p2a: Slowking|Slowking-Galar, M|100/100
|-weather|SunnyDay|[from] ability: Drought|[of] p1a: JESE-PAMEC
|turn|1
|
|t:|1779885817
|move|p1a: JESE-PAMEC|Lava Plume|p2a: Slowking
|-damage|p2a: Slowking|71/100
|-status|p2a: Slowking|brn
|-prepare|p2a: Slowking|Chilly Reception|[premajor]
|move|p2a: Slowking|Chilly Reception|p2a: Slowking
|-weather|Snowscape
|inactive|CaptainQuack27 has 120 seconds left.
|
|t:|1779885843
|switch|p2a: Kyurem|Kyurem|100/100|[from] Chilly Reception
|-ability|p2a: Kyurem|Pressure
|
|-weather|Snowscape|[upkeep]
|upkeep
|turn|2
|inactive|CaptainQuack27 has 120 seconds left.
|
|t:|1779885851
|move|p2a: Kyurem|Earth Power|p1a: JESE-PAMEC
|-supereffective|p1a: JESE-PAMEC
|-damage|p1a: JESE-PAMEC|0 fnt
|faint|p1a: JESE-PAMEC
|
|-weather|Snowscape|[upkeep]
|upkeep
|
|t:|1779885863
|switch|p1a: Albert Cavu|Walking Wake|100/100
|turn|3
|
|t:|1779885873
|switch|p2a: Tornadus|Tornadus-Therian, M|100/100
|move|p1a: Albert Cavu|Hydro Steam|p2a: Tornadus
|-damage|p2a: Tornadus|63/100
|
|-weather|Snowscape|[upkeep]
|upkeep
|turn|4
|
|t:|1779885887
|move|p2a: Tornadus|U-turn|p1a: Albert Cavu
|-damage|p1a: Albert Cavu|85/100
|
|t:|1779885891
|switch|p2a: Slowking|Slowking-Galar, M|100/100 brn|[from] U-turn
|move|p1a: Albert Cavu|Hydro Steam|p2a: Slowking
|-damage|p2a: Slowking|52/100 brn
|
|-weather|Snowscape|[upkeep]
|-heal|p2a: Slowking|59/100 brn|[from] item: Black Sludge
|-damage|p2a: Slowking|52/100 brn|[from] brn
|upkeep
|turn|5
|
|t:|1779885902
|move|p1a: Albert Cavu|Hydro Steam|p2a: Slowking
|-damage|p2a: Slowking|0 fnt
|faint|p2a: Slowking
|
|-weather|none
|upkeep
|
|t:|1779885911
|switch|p2a: Kyurem|Kyurem|100/100
|-ability|p2a: Kyurem|Pressure
|turn|6
|
|t:|1779885917
|-end|p1a: Albert Cavu|Protosynthesis|[silent]
|switch|p1a: Antony|Venusaur, F|100/100
|move|p2a: Kyurem|Freeze-Dry|p1a: Antony
|-supereffective|p1a: Antony
|-damage|p1a: Antony|0 fnt
|faint|p1a: Antony
|
|upkeep
|
|t:|1779885922
|switch|p1a: MOIJOZEUH|Hatterene, F|100/100
|turn|7
|
|t:|1779885933
|switch|p2a: Tornadus|Tornadus-Therian, M|96/100
|move|p1a: MOIJOZEUH|Dazzling Gleam|p2a: Tornadus
|-damage|p2a: Tornadus|73/100
|
|upkeep
|turn|8
|
|t:|1779885942
|move|p2a: Tornadus|Knock Off|p1a: MOIJOZEUH
|-damage|p1a: MOIJOZEUH|82/100
|-damage|p2a: Tornadus|57/100|[from] item: Rocky Helmet|[of] p1a: MOIJOZEUH
|-enditem|p1a: MOIJOZEUH|Rocky Helmet|[from] move: Knock Off|[of] p2a: Tornadus
|move|p1a: MOIJOZEUH|Nuzzle|p2a: Tornadus
|-supereffective|p2a: Tornadus
|-damage|p2a: Tornadus|47/100
|-status|p2a: Tornadus|par
|
|upkeep
|turn|9
|
|t:|1779885952
|move|p2a: Tornadus|U-turn|p1a: MOIJOZEUH
|-damage|p1a: MOIJOZEUH|70/100
|
|t:|1779885962
|switch|p2a: Kingambit|Kingambit, M|100/100|[from] U-turn
|-activate|p2a: Kingambit|ability: Supreme Overlord
|-start|p2a: Kingambit|fallen1|[silent]
|move|p1a: MOIJOZEUH|Psychic|p2a: Kingambit
|-immune|p2a: Kingambit
|
|upkeep
|turn|10
|
|t:|1779885979
|-end|p2a: Kingambit|fallen1|[silent]
|switch|p2a: Great Tusk|Great Tusk|100/100
|-terastallize|p1a: MOIJOZEUH|Steel
|move|p1a: MOIJOZEUH|Nuzzle|p2a: Great Tusk
|-immune|p2a: Great Tusk
|
|upkeep
|turn|11
|inactive|CaptainQuack27 has 120 seconds left.
|
|t:|1779886006
|move|p2a: Great Tusk|Headlong Rush|p1a: MOIJOZEUH
|-supereffective|p1a: MOIJOZEUH
|-damage|p1a: MOIJOZEUH|0 fnt
|-unboost|p2a: Great Tusk|def|1
|-unboost|p2a: Great Tusk|spd|1
|faint|p1a: MOIJOZEUH
|
|upkeep
|
|t:|1779886010
|switch|p1a: Albert Cavu|Walking Wake|85/100
|turn|12
|inactive|CaptainQuack27 has 120 seconds left.
|
|t:|1779886038
|-end|p2a: Great Tusk|Protosynthesis|[silent]
|switch|p2a: Tornadus|Tornadus-Therian, M|81/100 par
|move|p1a: Albert Cavu|Dragon Pulse|p2a: Tornadus
|-damage|p2a: Tornadus|41/100 par
|
|upkeep
|turn|13
|
|t:|1779886049
|move|p1a: Albert Cavu|Dragon Pulse|p2a: Tornadus
|-damage|p2a: Tornadus|0 fnt
|faint|p2a: Tornadus
|
|upkeep
|
|t:|1779886055
|switch|p2a: Kyurem|Kyurem|100/100
|-ability|p2a: Kyurem|Pressure
|turn|14
|
|t:|1779886061
|-terastallize|p2a: Kyurem|Ice
|move|p1a: Albert Cavu|Dragon Pulse|p2a: Kyurem
|-damage|p2a: Kyurem|40/100
|move|p2a: Kyurem|Freeze-Dry|p1a: Albert Cavu
|-supereffective|p1a: Albert Cavu
|-damage|p1a: Albert Cavu|0 fnt
|faint|p1a: Albert Cavu
|-end|p1a: Albert Cavu|Protosynthesis|[silent]
|
|upkeep
|
|t:|1779886067
|switch|p1a: IDEKA|Dragonite, M|100/100
|turn|15
|inactive|CaptainQuack27 has 120 seconds left.
|
|t:|1779886083
|switch|p2a: Hatterene|Hatterene, F|100/100
|move|p1a: IDEKA|Extreme Speed|p2a: Hatterene
|-damage|p2a: Hatterene|75/100
|-damage|p1a: IDEKA|84/100|[from] item: Rocky Helmet|[of] p2a: Hatterene
|
|upkeep
|turn|16
|inactive|CaptainQuack27 has 120 seconds left.
|
|t:|1779886098
|move|p1a: IDEKA|Dragon Dance|p1a: IDEKA
|-boost|p1a: IDEKA|atk|1
|-boost|p1a: IDEKA|spe|1
|move|p2a: Hatterene|Nuzzle|p1a: IDEKA
|-damage|p1a: IDEKA|80/100
|-status|p1a: IDEKA|par
|
|upkeep
|turn|17
|inactive|CaptainQuack27 has 120 seconds left.
|
|t:|1779886108
|move|p1a: IDEKA|Earthquake|p2a: Hatterene
|-damage|p2a: Hatterene|29/100
|move|p2a: Hatterene|Draining Kiss|p1a: IDEKA
|-supereffective|p1a: IDEKA
|-damage|p1a: IDEKA|33/100 par
|-heal|p2a: Hatterene|65/100|[from] drain|[of] p1a: IDEKA
|
|upkeep
|turn|18
|inactive|CaptainQuack27 has 120 seconds left.
|
|t:|1779886121
|move|p1a: IDEKA|Earthquake|p2a: Hatterene
|-damage|p2a: Hatterene|14/100
|move|p2a: Hatterene|Draining Kiss|p1a: IDEKA
|-supereffective|p1a: IDEKA
|-damage|p1a: IDEKA|0 fnt
|-heal|p2a: Hatterene|39/100|[from] drain|[of] p1a: IDEKA
|faint|p1a: IDEKA
|
|upkeep
|
|t:|1779886125
|switch|p1a: Poing sucant|Kingambit, M|100/100
|-activate|p1a: Poing sucant|ability: Supreme Overlord
|-start|p1a: Poing sucant|fallen5|[silent]
|turn|19
|
|t:|1779886135
|move|p1a: Poing sucant|Iron Head|p2a: Hatterene
|-supereffective|p2a: Hatterene
|-damage|p2a: Hatterene|0 fnt
|-damage|p1a: Poing sucant|84/100|[from] item: Rocky Helmet|[of] p2a: Hatterene
|faint|p2a: Hatterene
|
|upkeep
|
|t:|1779886148
|switch|p2a: Great Tusk|Great Tusk|100/100
|turn|20
|
|t:|1779886159
|move|p2a: Great Tusk|Headlong Rush|p1a: Poing sucant
|-supereffective|p1a: Poing sucant
|-damage|p1a: Poing sucant|0 fnt
|-unboost|p2a: Great Tusk|def|1
|-unboost|p2a: Great Tusk|spd|1
|faint|p1a: Poing sucant
|-end|p1a: Poing sucant|fallen5|[silent]
|
|win|CaptainQuack27
|raw|ectozzzz's rating: 1299 &rarr; <strong>1273</strong><br />(-26 for losing)
|raw|CaptainQuack27's rating: 1288 &rarr; <strong>1314</strong><br />(+26 for winning)
