|j|☆kilimanjaaro
|j|☆mitul421
|t:|1779870071
|gametype|singles
|player|p1|kilimanjaaro|1|1190
|player|p2|mitul421|red|1112
|gen|9
|tier|[Gen 9] OU
|rated|
|rule|HP Percentage Mod: HP is shown in percentages
|rule|Endless Battle Clause: Forcing endless battles is banned
|rule|Species Clause: Limit one of each Pokémon
|rule|OHKO Clause: OHKO moves are banned
|rule|Evasion Items Clause: Evasion items are banned
|rule|Evasion Moves Clause: Evasion moves are banned
|rule|Evasion Abilities Clause: Evasion abilities are banned
|rule|Sleep Moves Clause: Sleep-inducing moves are banned
|clearpoke
|poke|p1|Garganacl, F|
|poke|p1|Meowscarada, M|
|poke|p1|Slowking-Galar, M|
|poke|p1|Grimmsnarl, M|
|poke|p1|Landorus-Therian, M|
|poke|p1|Araquanid, F|
|poke|p2|Zangoose, M|
|poke|p2|Ceruledge, M|
|poke|p2|Blastoise, M|
|poke|p2|Clodsire, F|
|poke|p2|Raging Bolt|
|poke|p2|Garganacl, F|
|teampreview
|inactive|Battle timer is ON: inactive players will automatically lose when time's up. (requested by mitul421)
|
|t:|1779870087
|teamsize|p1|6
|teamsize|p2|6
|start
|switch|p1a: Grimmsnarl|Grimmsnarl, M|100/100
|switch|p2a: Clodsire|Clodsire, F|100/100
|turn|1
|
|t:|1779870092
|move|p1a: Grimmsnarl|Light Screen|p1a: Grimmsnarl
|-sidestart|p1: kilimanjaaro|move: Light Screen
|move|p2a: Clodsire|Toxic|p1a: Grimmsnarl
|-status|p1a: Grimmsnarl|tox
|
|-damage|p1a: Grimmsnarl|94/100 tox|[from] psn
|upkeep
|turn|2
|
|t:|1779870097
|switch|p1a: Garganacl|Garganacl, F|100/100
|move|p2a: Clodsire|Spikes|p1a: Garganacl
|-sidestart|p1: kilimanjaaro|Spikes
|
|upkeep
|turn|3
|
|t:|1779870100
|move|p1a: Garganacl|Iron Defense|p1a: Garganacl
|-boost|p1a: Garganacl|def|2
|move|p2a: Clodsire|Toxic|p1a: Garganacl
|-immune|p1a: Garganacl|[from] ability: Purifying Salt
|
|upkeep
|turn|4
|
|t:|1779870102
|move|p1a: Garganacl|Salt Cure|p2a: Clodsire
|-resisted|p2a: Clodsire
|-damage|p2a: Clodsire|93/100
|-start|p2a: Clodsire|Salt Cure
|move|p2a: Clodsire|Haze|p2a: Clodsire
|-clearallboost
|
|-heal|p2a: Clodsire|99/100|[from] item: Leftovers
|-damage|p2a: Clodsire|86/100|[from] Salt Cure
|upkeep
|turn|5
|
|t:|1779870106
|move|p1a: Garganacl|Body Press|p2a: Clodsire
|-resisted|p2a: Clodsire
|-damage|p2a: Clodsire|74/100
|move|p2a: Clodsire|Spikes|p1a: Garganacl
|-sidestart|p1: kilimanjaaro|Spikes
|
|-heal|p2a: Clodsire|80/100|[from] item: Leftovers
|-damage|p2a: Clodsire|68/100|[from] Salt Cure
|upkeep
|turn|6
|
|t:|1779870111
|move|p2a: Clodsire|Protect|p2a: Clodsire
|-singleturn|p2a: Clodsire|Protect
|move|p1a: Garganacl|Iron Defense|p1a: Garganacl
|-boost|p1a: Garganacl|def|2
|
|-heal|p2a: Clodsire|74/100|[from] item: Leftovers
|-damage|p2a: Clodsire|62/100|[from] Salt Cure
|upkeep
|turn|7
|
|t:|1779870115
|move|p1a: Garganacl|Body Press|p2a: Clodsire
|-resisted|p2a: Clodsire
|-damage|p2a: Clodsire|34/100
|move|p2a: Clodsire|Haze|p2a: Clodsire
|-clearallboost
|
|-heal|p2a: Clodsire|41/100|[from] item: Leftovers
|-damage|p2a: Clodsire|28/100|[from] Salt Cure
|upkeep
|turn|8
|
|t:|1779870122
|move|p1a: Garganacl|Iron Defense|p1a: Garganacl
|-boost|p1a: Garganacl|def|2
|move|p2a: Clodsire|Spikes|p1a: Garganacl
|-sidestart|p1: kilimanjaaro|Spikes
|
|-heal|p2a: Clodsire|34/100|[from] item: Leftovers
|-damage|p2a: Clodsire|22/100|[from] Salt Cure
|-sideend|p1: kilimanjaaro|move: Light Screen
|upkeep
|turn|9
|
|t:|1779870125
|move|p2a: Clodsire|Protect|p2a: Clodsire
|-singleturn|p2a: Clodsire|Protect
|move|p1a: Garganacl|Body Press|p2a: Clodsire
|-activate|p2a: Clodsire|move: Protect
|
|-heal|p2a: Clodsire|28/100|[from] item: Leftovers
|-damage|p2a: Clodsire|16/100|[from] Salt Cure
|upkeep
|turn|10
|
|t:|1779870127
|move|p1a: Garganacl|Body Press|p2a: Clodsire
|-resisted|p2a: Clodsire
|-damage|p2a: Clodsire|0 fnt
|faint|p2a: Clodsire
|
|upkeep
|
|t:|1779870140
|switch|p2a: Ceruledge|Ceruledge, M, shiny|100/100
|turn|11
|
|t:|1779870149
|-terastallize|p1a: Garganacl|Water
|move|p2a: Ceruledge|Bulk Up|p2a: Ceruledge
|-boost|p2a: Ceruledge|atk|1
|-boost|p2a: Ceruledge|def|1
|move|p1a: Garganacl|Salt Cure|p2a: Ceruledge
|-supereffective|p2a: Ceruledge
|-damage|p2a: Ceruledge|73/100
|-start|p2a: Ceruledge|Salt Cure
|-ability|p2a: Ceruledge|Weak Armor|boost
|-unboost|p2a: Ceruledge|def|1
|-boost|p2a: Ceruledge|spe|2
|-enditem|p2a: Ceruledge|Weakness Policy
|-boost|p2a: Ceruledge|atk|2|[from] item: Weakness Policy
|-boost|p2a: Ceruledge|spa|2|[from] item: Weakness Policy
|
|-damage|p2a: Ceruledge|61/100|[from] Salt Cure
|upkeep
|turn|12
|
|t:|1779870157
|move|p2a: Ceruledge|Shadow Claw|p1a: Garganacl
|-crit|p1a: Garganacl
|-damage|p1a: Garganacl|52/100
|move|p1a: Garganacl|Iron Defense|p1a: Garganacl
|-boost|p1a: Garganacl|def|2
|
|-heal|p1a: Garganacl|58/100|[from] item: Leftovers
|-damage|p2a: Ceruledge|48/100|[from] Salt Cure
|upkeep
|turn|13
|
|t:|1779870168
|move|p2a: Ceruledge|Shadow Claw|p1a: Garganacl
|-damage|p1a: Garganacl|48/100
|move|p1a: Garganacl|Recover|p1a: Garganacl
|-heal|p1a: Garganacl|98/100
|
|-heal|p1a: Garganacl|100/100|[from] item: Leftovers
|-damage|p2a: Ceruledge|36/100|[from] Salt Cure
|upkeep
|turn|14
|
|t:|1779870177
|move|p2a: Ceruledge|Shadow Claw|p1a: Garganacl
|-damage|p1a: Garganacl|90/100
|move|p1a: Garganacl|Salt Cure|p2a: Ceruledge
|-supereffective|p2a: Ceruledge
|-damage|p2a: Ceruledge|0 fnt
|faint|p2a: Ceruledge
|
|-heal|p1a: Garganacl|96/100|[from] item: Leftovers
|upkeep
|
|t:|1779870182
|switch|p2a: Raging Bolt|Raging Bolt|100/100
|turn|15
|
|t:|1779870192
|switch|p1a: Grimmsnarl|Grimmsnarl, M|94/100 tox
|-damage|p1a: Grimmsnarl|70/100 tox|[from] Spikes
|move|p2a: Raging Bolt|Calm Mind|p2a: Raging Bolt
|-boost|p2a: Raging Bolt|spa|1
|-boost|p2a: Raging Bolt|spd|1
|
|-damage|p1a: Grimmsnarl|63/100 tox|[from] psn
|upkeep
|turn|16
|
|t:|1779870197
|move|p1a: Grimmsnarl|Light Screen|p1a: Grimmsnarl
|-sidestart|p1: kilimanjaaro|move: Light Screen
|move|p2a: Raging Bolt|Calm Mind|p2a: Raging Bolt
|-boost|p2a: Raging Bolt|spa|1
|-boost|p2a: Raging Bolt|spd|1
|
|-damage|p1a: Grimmsnarl|51/100 tox|[from] psn
|upkeep
|turn|17
|
|t:|1779870200
|move|p2a: Raging Bolt|Calm Mind|p2a: Raging Bolt
|-boost|p2a: Raging Bolt|spa|1
|-boost|p2a: Raging Bolt|spd|1
|move|p1a: Grimmsnarl|Spirit Break|p2a: Raging Bolt
|-supereffective|p2a: Raging Bolt
|-damage|p2a: Raging Bolt|49/100
|-unboost|p2a: Raging Bolt|spa|1
|-enditem|p2a: Raging Bolt|Weakness Policy
|-boost|p2a: Raging Bolt|atk|2|[from] item: Weakness Policy
|-boost|p2a: Raging Bolt|spa|2|[from] item: Weakness Policy
|
|-damage|p1a: Grimmsnarl|33/100 tox|[from] psn
|upkeep
|turn|18
|
|t:|1779870204
|move|p2a: Raging Bolt|Thunderclap|p1a: Grimmsnarl
|-damage|p1a: Grimmsnarl|0 fnt
|faint|p1a: Grimmsnarl
|
|upkeep
|
|t:|1779870216
|switch|p1a: Slowking|Slowking-Galar, M|100/100
|-damage|p1a: Slowking|76/100|[from] Spikes
|turn|19
|
|t:|1779870226
|-terastallize|p2a: Raging Bolt|Normal
|move|p2a: Raging Bolt|Hyper Voice|p1a: Slowking
|-damage|p1a: Slowking|14/100
|move|p1a: Slowking|Ice Beam|p2a: Raging Bolt
|-damage|p2a: Raging Bolt|35/100
|-status|p2a: Raging Bolt|frz
|
|upkeep
|turn|20
|
|t:|1779870238
|switch|p1a: Landorus|Landorus-Therian, M|100/100
|-ability|p1a: Landorus|Intimidate|boost
|-unboost|p2a: Raging Bolt|atk|1
|cant|p2a: Raging Bolt|frz
|
|upkeep
|turn|21
|
|t:|1779870241
|move|p1a: Landorus|Earthquake|p2a: Raging Bolt
|-damage|p2a: Raging Bolt|0 fnt
|faint|p2a: Raging Bolt
|-end|p2a: Raging Bolt|Protosynthesis|[silent]
|
|upkeep
|
|t:|1779870246
|switch|p2a: Blastoise|Blastoise, M|100/100
|turn|22
|
|t:|1779870248
|move|p1a: Landorus|U-turn|p2a: Blastoise
|-damage|p2a: Blastoise|71/100
|
|t:|1779870254
|switch|p1a: Slowking|Slowking-Galar, M|47/100|[from] U-turn
|-damage|p1a: Slowking|22/100|[from] Spikes
|move|p2a: Blastoise|Shell Smash|p2a: Blastoise
|-unboost|p2a: Blastoise|def|1
|-unboost|p2a: Blastoise|spd|1
|-boost|p2a: Blastoise|atk|2
|-boost|p2a: Blastoise|spa|2
|-boost|p2a: Blastoise|spe|2
|-enditem|p2a: Blastoise|White Herb
|-clearnegativeboost|p2a: Blastoise|[silent]
|
|upkeep
|turn|23
|
|t:|1779870257
|move|p2a: Blastoise|Surf|p1a: Slowking
|-damage|p1a: Slowking|0 fnt
|faint|p1a: Slowking
|
|-sideend|p1: kilimanjaaro|move: Light Screen
|upkeep
|
|t:|1779870260
|switch|p1a: Araquanid|Araquanid, F|100/100
|-damage|p1a: Araquanid|76/100|[from] Spikes
|turn|24
|
|t:|1779870266
|move|p2a: Blastoise|Surf|p1a: Araquanid
|-resisted|p1a: Araquanid
|-damage|p1a: Araquanid|59/100
|move|p1a: Araquanid|Skitter Smack|p2a: Blastoise
|-damage|p2a: Blastoise|51/100
|-unboost|p2a: Blastoise|spa|1
|
|upkeep
|turn|25
|
|t:|1779870270
|move|p2a: Blastoise|Surf|p1a: Araquanid
|-resisted|p1a: Araquanid
|-damage|p1a: Araquanid|48/100
|move|p1a: Araquanid|Skitter Smack|p2a: Blastoise|[miss]
|-miss|p1a: Araquanid|p2a: Blastoise
|
|upkeep
|turn|26
|
|t:|1779870282
|move|p2a: Blastoise|Rapid Spin|p1a: Araquanid
|-damage|p1a: Araquanid|28/100
|-boost|p2a: Blastoise|spe|1
|move|p1a: Araquanid|Skitter Smack|p2a: Blastoise
|-damage|p2a: Blastoise|31/100
|-unboost|p2a: Blastoise|spa|1
|
|upkeep
|turn|27
|
|t:|1779870288
|move|p2a: Blastoise|Rapid Spin|p1a: Araquanid
|-damage|p1a: Araquanid|10/100
|-boost|p2a: Blastoise|spe|1
|move|p1a: Araquanid|Skitter Smack|p2a: Blastoise
|-damage|p2a: Blastoise|11/100
|-unboost|p2a: Blastoise|spa|1
|
|upkeep
|turn|28
|
|t:|1779870294
|switch|p1a: Landorus|Landorus-Therian, M|100/100
|-ability|p1a: Landorus|Intimidate|boost
|-unboost|p2a: Blastoise|atk|1
|move|p2a: Blastoise|Rapid Spin|p1a: Landorus
|-crit|p1a: Landorus
|-damage|p1a: Landorus|79/100
|-boost|p2a: Blastoise|spe|1
|
|upkeep
|turn|29
|
|t:|1779870300
|switch|p1a: Araquanid|Araquanid, F|10/100
|-damage|p1a: Araquanid|0 fnt|[from] Spikes
|faint|p1a: Araquanid
|move|p2a: Blastoise|Ice Beam|p1: Araquanid|[notarget]
|-fail|p2a: Blastoise
|
|upkeep
|
|t:|1779870302
|switch|p1a: Meowscarada|Meowscarada, M|100/100
|-damage|p1a: Meowscarada|76/100|[from] Spikes
|turn|30
|
|t:|1779870308
|move|p2a: Blastoise|Ice Beam|p1a: Meowscarada
|-supereffective|p1a: Meowscarada
|-damage|p1a: Meowscarada|18/100
|move|p1a: Meowscarada|Flower Trick|p2a: Blastoise
|-start|p1a: Meowscarada|typechange|Grass|[from] ability: Protean
|-supereffective|p2a: Blastoise
|-crit|p2a: Blastoise
|-damage|p2a: Blastoise|0 fnt
|faint|p2a: Blastoise
|
|upkeep
|
|t:|1779870314
|switch|p2a: Zangoose|Zangoose, M|100/100
|turn|31
|
|t:|1779870321
|move|p1a: Meowscarada|Flower Trick|p2a: Zangoose
|-crit|p2a: Zangoose
|-damage|p2a: Zangoose|0 fnt
|faint|p2a: Zangoose
|
|upkeep
|
|t:|1779870326
|switch|p2a: Garganacl|Garganacl, F|100/100
|turn|32
|
|t:|1779870328
|move|p1a: Meowscarada|Flower Trick|p2a: Garganacl
|-supereffective|p2a: Garganacl
|-crit|p2a: Garganacl
|-damage|p2a: Garganacl|24/100
|move|p2a: Garganacl|Salt Cure|p1a: Meowscarada
|-damage|p1a: Meowscarada|0 fnt
|faint|p1a: Meowscarada
|
|-heal|p2a: Garganacl|30/100|[from] item: Leftovers
|upkeep
|
|t:|1779870332
|switch|p1a: Landorus|Landorus-Therian, M|79/100
|-ability|p1a: Landorus|Intimidate|boost
|-unboost|p2a: Garganacl|atk|1
|turn|33
|
|t:|1779870334
|move|p1a: Landorus|Earthquake|p2a: Garganacl
|-supereffective|p2a: Garganacl
|-crit|p2a: Garganacl
|-damage|p2a: Garganacl|0 fnt
|faint|p2a: Garganacl
|
|win|kilimanjaaro
|raw|kilimanjaaro's rating: 1190 &rarr; <strong>1209</strong><br />(+19 for winning)
|raw|mitul421's rating: 1112 &rarr; <strong>1093</strong><br />(-19 for losing)
|l|☆mitul421
|player|p2|
|l|☆kilimanjaaro
|player|p1|
