|j|☆capitolg
|j|☆Konk1612
|t:|1779855600
|gametype|singles
|player|p1|capitolg|bellelba|1258
|player|p2|Konk1612|brycenman|1234
|gen|9
|tier|[Gen 9] OU
|rated|
|rule|HP Percentage Mod: HP is shown in percentages
|rule|Endless Battle Clause: Forcing endless battles is banned
|rule|Species Clause: Limit one of each Pokémon
|rule|OHKO Clause: OHKO moves are banned
|rule|Evasion Items Clause: Evasion items are banned
|rule|Evasion Moves Clause: Evasion moves are banned
|rule|Evasion Abilities Clause: Evasion abilities are banned
|rule|Sleep Moves Clause: Sleep-inducing moves are banned
|clearpoke
|poke|p1|Ribombee, M|
|poke|p1|Serperior, M|
|poke|p1|Kingambit, M|
|poke|p1|Skeledirge, F|
|poke|p1|Milotic, M|
|poke|p1|Cinderace, F|
|poke|p2|Kingambit, M|
|poke|p2|Garganacl, M|
|poke|p2|Cinderace, F|
|poke|p2|Zamazenta-*|
|poke|p2|Pelipper, M|
|poke|p2|Zapdos|
|teampreview
|inactive|Battle timer is ON: inactive players will automatically lose when time's up. (requested by capitolg)
|
|t:|1779855628
|teamsize|p1|6
|teamsize|p2|6
|start
|switch|p1a: Ribombee|Ribombee, M|100/100
|switch|p2a: Garganacl|Garganacl, M|100/100
|turn|1
|
|t:|1779855633
|move|p1a: Ribombee|Sticky Web|p2a: Garganacl
|-sidestart|p2: Konk1612|move: Sticky Web
|move|p2a: Garganacl|Salt Cure|p1a: Ribombee
|-supereffective|p1a: Ribombee
|-damage|p1a: Ribombee|43/100
|
|upkeep
|turn|2
|
|t:|1779855641
|move|p1a: Ribombee|Skill Swap|p2a: Garganacl
|-activate|p1a: Ribombee|Skill Swap|Purifying Salt|Shield Dust|[of] p2a: Garganacl
|move|p2a: Garganacl|Salt Cure|p1a: Ribombee
|-supereffective|p1a: Ribombee
|-damage|p1a: Ribombee|0 fnt
|faint|p1a: Ribombee
|
|upkeep
|
|t:|1779855649
|switch|p1a: Serperior|Serperior, M|100/100
|turn|3
|
|t:|1779855654
|move|p1a: Serperior|Glare|p2a: Garganacl
|-status|p2a: Garganacl|par
|cant|p2a: Garganacl|par
|
|upkeep
|turn|4
|
|t:|1779855657
|move|p1a: Serperior|Substitute|p1a: Serperior
|-start|p1a: Serperior|Substitute
|-damage|p1a: Serperior|76/100
|cant|p2a: Garganacl|par
|
|-heal|p1a: Serperior|82/100|[from] item: Leftovers
|upkeep
|turn|5
|
|t:|1779855659
|move|p1a: Serperior|Leaf Storm|p2a: Garganacl
|-supereffective|p2a: Garganacl
|-damage|p2a: Garganacl|36/100 par
|-boost|p1a: Serperior|spa|2
|move|p2a: Garganacl|Salt Cure|p1a: Serperior
|-activate|p1a: Serperior|move: Substitute|[damage]
|
|-heal|p1a: Serperior|88/100|[from] item: Leftovers
|-heal|p2a: Garganacl|42/100 par|[from] item: Leftovers
|upkeep
|turn|6
|
|t:|1779855666
|-terastallize|p2a: Garganacl|Fairy
|move|p1a: Serperior|Leaf Storm|p2a: Garganacl
|-damage|p2a: Garganacl|0 fnt
|-boost|p1a: Serperior|spa|2
|faint|p2a: Garganacl
|
|-heal|p1a: Serperior|94/100|[from] item: Leftovers
|upkeep
|
|t:|1779855672
|switch|p2a: Pelipper|Pelipper, M|100/100
|-weather|RainDance|[from] ability: Drizzle|[of] p2a: Pelipper
|turn|7
|
|t:|1779855674
|move|p1a: Serperior|Leaf Storm|p2a: Pelipper
|-damage|p2a: Pelipper|0 fnt
|-boost|p1a: Serperior|spa|2
|faint|p2a: Pelipper
|
|-weather|RainDance|[upkeep]
|-heal|p1a: Serperior|100/100|[from] item: Leftovers
|upkeep
|
|t:|1779855682
|switch|p2a: Zapdos|Zapdos|100/100
|turn|8
|
|t:|1779855687
|move|p1a: Serperior|Leaf Storm|p2a: Zapdos
|-resisted|p2a: Zapdos
|-damage|p2a: Zapdos|0 fnt
|faint|p2a: Zapdos
|
|-weather|RainDance|[upkeep]
|upkeep
|
|t:|1779855690
|switch|p2a: Zamazenta|Zamazenta|100/100
|-ability|p2a: Zamazenta|Dauntless Shield|boost
|-boost|p2a: Zamazenta|def|1
|turn|9
|
|t:|1779855695
|move|p2a: Zamazenta|Crunch|p1a: Serperior
|-end|p1a: Serperior|Substitute
|move|p1a: Serperior|Glare|p2a: Zamazenta
|-status|p2a: Zamazenta|par
|
|-weather|RainDance|[upkeep]
|upkeep
|turn|10
|
|t:|1779855700
|move|p1a: Serperior|Substitute|p1a: Serperior
|-start|p1a: Serperior|Substitute
|-damage|p1a: Serperior|76/100
|move|p2a: Zamazenta|Body Press|p1a: Serperior
|-end|p1a: Serperior|Substitute
|
|-weather|RainDance|[upkeep]
|-heal|p1a: Serperior|82/100|[from] item: Leftovers
|upkeep
|turn|11
|
|t:|1779855708
|move|p1a: Serperior|Leaf Storm|p2a: Zamazenta
|-damage|p2a: Zamazenta|0 fnt
|faint|p2a: Zamazenta
|
|-weather|RainDance|[upkeep]
|-heal|p1a: Serperior|88/100|[from] item: Leftovers
|upkeep
|
|t:|1779855710
|switch|p2a: Cinderace|Cinderace, F|100/100
|turn|12
|
|t:|1779855713
|move|p2a: Cinderace|Pyro Ball|p1a: Serperior
|-supereffective|p1a: Serperior
|-damage|p1a: Serperior|12/100
|move|p1a: Serperior|Substitute|p1a: Serperior
|-fail|p1a: Serperior|move: Substitute|[weak]
|
|-weather|RainDance|[upkeep]
|-heal|p1a: Serperior|18/100|[from] item: Leftovers
|upkeep
|turn|13
|
|t:|1779855719
|move|p2a: Cinderace|Court Change|p2a: Cinderace
|-start|p2a: Cinderace|typechange|Normal|[from] ability: Libero
|-swapsideconditions
|-activate|p2a: Cinderace|move: Court Change
|move|p1a: Serperior|Leaf Storm|p2a: Cinderace
|-damage|p2a: Cinderace|0 fnt
|faint|p2a: Cinderace
|
|-weather|RainDance|[upkeep]
|-heal|p1a: Serperior|24/100|[from] item: Leftovers
|upkeep
|
|t:|1779855722
|switch|p2a: Kingambit|Kingambit, M|100/100
|-activate|p2a: Kingambit|ability: Supreme Overlord
|-start|p2a: Kingambit|fallen5|[silent]
|turn|14
|
|t:|1779855726
|move|p2a: Kingambit|Sucker Punch||[still]
|-fail|p2a: Kingambit
|move|p1a: Serperior|Glare|p2a: Kingambit
|-status|p2a: Kingambit|par
|
|-weather|none
|-heal|p1a: Serperior|30/100|[from] item: Leftovers
|upkeep
|turn|15
|
|t:|1779855729
|move|p1a: Serperior|Leaf Storm|p2a: Kingambit
|-resisted|p2a: Kingambit
|-damage|p2a: Kingambit|0 fnt
|faint|p2a: Kingambit
|-end|p2a: Kingambit|fallen5|[silent]
|
|win|capitolg
|raw|capitolg's rating: 1258 &rarr; <strong>1281</strong><br />(+23 for winning)
|raw|Konk1612's rating: 1234 &rarr; <strong>1211</strong><br />(-23 for losing)
|l|☆capitolg
|player|p1|
|l|☆Konk1612
|player|p2|
