|j|☆DPPlato
|j|☆zabbaman
|t:|1779864879
|gametype|singles
|player|p1|DPPlato|265|1371
|player|p2|zabbaman|265|1307
|gen|9
|tier|[Gen 9] OU
|rated|
|rule|HP Percentage Mod: HP is shown in percentages
|rule|Endless Battle Clause: Forcing endless battles is banned
|rule|Species Clause: Limit one of each Pokémon
|rule|OHKO Clause: OHKO moves are banned
|rule|Evasion Items Clause: Evasion items are banned
|rule|Evasion Moves Clause: Evasion moves are banned
|rule|Evasion Abilities Clause: Evasion abilities are banned
|rule|Sleep Moves Clause: Sleep-inducing moves are banned
|clearpoke
|poke|p1|Landorus-Therian, M|
|poke|p1|Rillaboom, M|
|poke|p1|Hatterene, F|
|poke|p1|Serperior, F|
|poke|p1|Zamazenta-*|
|poke|p1|Talonflame, M|
|poke|p2|Regice|
|poke|p2|Ninetales-Alola, F|
|poke|p2|Scizor, M|
|poke|p2|Tyranitar, M|
|poke|p2|Thundurus-Therian, M|
|poke|p2|Cinderace, F|
|teampreview
|
|t:|1779864892
|teamsize|p1|6
|teamsize|p2|6
|start
|switch|p1a: Landorus|Landorus-Therian, M|100/100
|switch|p2a: Ninetales|Ninetales-Alola, F|100/100
|-weather|Snowscape|[from] ability: Snow Warning|[of] p2a: Ninetales
|-ability|p1a: Landorus|Intimidate|boost
|-unboost|p2a: Ninetales|atk|1
|turn|1
|
|t:|1779864897
|move|p2a: Ninetales|Freeze-Dry|p1a: Landorus
|-supereffective|p1a: Landorus
|-damage|p1a: Landorus|0 fnt
|faint|p1a: Landorus
|
|-weather|Snowscape|[upkeep]
|upkeep
|
|t:|1779864902
|switch|p1a: Zamazenta|Zamazenta|100/100
|-ability|p1a: Zamazenta|Dauntless Shield|boost
|-boost|p1a: Zamazenta|def|1
|turn|2
|
|t:|1779864912
|switch|p2a: Thundurus|Thundurus-Therian, M|100/100
|move|p1a: Zamazenta|Crunch|p2a: Thundurus
|-damage|p2a: Thundurus|48/100
|-unboost|p2a: Thundurus|def|1
|-damage|p1a: Zamazenta|91/100|[from] item: Life Orb
|
|-weather|Snowscape|[upkeep]
|upkeep
|turn|3
|
|t:|1779864921
|switch|p2a: Cinderace|Cinderace, F|100/100
|move|p1a: Zamazenta|Crunch|p2a: Cinderace
|-damage|p2a: Cinderace|58/100
|-damage|p1a: Zamazenta|81/100|[from] item: Life Orb
|
|-weather|Snowscape|[upkeep]
|upkeep
|turn|4
|
|t:|1779864934
|move|p1a: Zamazenta|Close Combat|p2a: Cinderace
|-damage|p2a: Cinderace|0 fnt
|-unboost|p1a: Zamazenta|def|1
|-unboost|p1a: Zamazenta|spd|1
|faint|p2a: Cinderace
|-damage|p1a: Zamazenta|71/100|[from] item: Life Orb
|
|-weather|Snowscape|[upkeep]
|upkeep
|
|t:|1779864940
|switch|p2a: Regice|Regice, shiny|100/100
|turn|5
|
|t:|1779864942
|-terastallize|p2a: Regice|Electric
|move|p1a: Zamazenta|Close Combat|p2a: Regice
|-damage|p2a: Regice|27/100
|-unboost|p1a: Zamazenta|def|1
|-unboost|p1a: Zamazenta|spd|1
|-damage|p1a: Zamazenta|61/100|[from] item: Life Orb
|move|p2a: Regice|Thunderbolt|p1a: Zamazenta
|-damage|p1a: Zamazenta|0 fnt
|faint|p1a: Zamazenta
|
|-weather|Snowscape|[upkeep]
|-heal|p2a: Regice|33/100|[from] ability: Ice Body
|-heal|p2a: Regice|39/100|[from] item: Leftovers
|upkeep
|
|t:|1779864951
|switch|p1a: Rillaboom|Rillaboom, M|100/100
|-fieldstart|move: Grassy Terrain|[from] ability: Grassy Surge|[of] p1a: Rillaboom
|turn|6
|
|t:|1779864958
|switch|p2a: Scizor|Scizor, M|100/100
|move|p1a: Rillaboom|U-turn|p2a: Scizor
|-resisted|p2a: Scizor
|-damage|p2a: Scizor|85/100
|
|t:|1779864961
|switch|p1a: Talonflame|Talonflame, M|100/100|[from] U-turn
|
|-weather|Snowscape|[upkeep]
|-heal|p2a: Scizor|91/100|[from] Grassy Terrain
|upkeep
|turn|7
|
|t:|1779864964
|switch|p2a: Tyranitar|Tyranitar, M|100/100
|-ability|p2a: Tyranitar|Unnerve
|move|p1a: Talonflame|Overheat|p2a: Tyranitar
|-resisted|p2a: Tyranitar
|-damage|p2a: Tyranitar|77/100
|-unboost|p1a: Talonflame|spa|2
|
|-weather|Snowscape|[upkeep]
|-heal|p2a: Tyranitar|83/100|[from] Grassy Terrain
|upkeep
|turn|8
|
|t:|1779864968
|move|p1a: Talonflame|U-turn|p2a: Tyranitar
|-supereffective|p2a: Tyranitar
|-damage|p2a: Tyranitar|58/100
|
|t:|1779864970
|switch|p1a: Hatterene|Hatterene, F|100/100|[from] U-turn
|move|p2a: Tyranitar|Dragon Dance|p2a: Tyranitar
|-boost|p2a: Tyranitar|atk|1
|-boost|p2a: Tyranitar|spe|1
|
|-weather|none
|-heal|p2a: Tyranitar|65/100|[from] Grassy Terrain
|upkeep
|turn|9
|
|t:|1779864992
|-terastallize|p1a: Hatterene|Water
|move|p2a: Tyranitar|Knock Off|p1a: Hatterene
|-damage|p1a: Hatterene|37/100
|-enditem|p1a: Hatterene|Leftovers|[from] move: Knock Off|[of] p2a: Tyranitar
|move|p1a: Hatterene|Calm Mind|p1a: Hatterene
|-boost|p1a: Hatterene|spa|1
|-boost|p1a: Hatterene|spd|1
|
|-heal|p2a: Tyranitar|71/100|[from] Grassy Terrain
|-heal|p1a: Hatterene|43/100|[from] Grassy Terrain
|upkeep
|turn|10
|
|t:|1779865006
|move|p2a: Tyranitar|Stone Edge|p1a: Hatterene|[miss]
|-miss|p2a: Tyranitar|p1a: Hatterene
|move|p1a: Hatterene|Draining Kiss|p2a: Tyranitar
|-supereffective|p2a: Tyranitar
|-damage|p2a: Tyranitar|4/100
|-heal|p1a: Hatterene|97/100|[from] drain|[of] p2a: Tyranitar
|
|-heal|p2a: Tyranitar|10/100|[from] Grassy Terrain
|-heal|p1a: Hatterene|100/100|[from] Grassy Terrain
|upkeep
|turn|11
|
|t:|1779865010
|move|p2a: Tyranitar|Stone Edge|p1a: Hatterene
|-damage|p1a: Hatterene|32/100
|move|p1a: Hatterene|Calm Mind|p1a: Hatterene
|-boost|p1a: Hatterene|spa|1
|-boost|p1a: Hatterene|spd|1
|
|-heal|p2a: Tyranitar|16/100|[from] Grassy Terrain
|-heal|p1a: Hatterene|38/100|[from] Grassy Terrain
|upkeep
|turn|12
|
|t:|1779865014
|move|p2a: Tyranitar|Stone Edge|p1a: Hatterene
|-damage|p1a: Hatterene|0 fnt
|faint|p1a: Hatterene
|
|-heal|p2a: Tyranitar|22/100|[from] Grassy Terrain
|upkeep
|
|t:|1779865020
|switch|p1a: Serperior|Serperior, F|100/100
|turn|13
|
|t:|1779865026
|move|p1a: Serperior|Leaf Storm|p2a: Tyranitar
|-supereffective|p2a: Tyranitar
|-damage|p2a: Tyranitar|0 fnt
|-boost|p1a: Serperior|spa|2
|faint|p2a: Tyranitar
|
|-fieldend|move: Grassy Terrain
|upkeep
|
|t:|1779865030
|switch|p2a: Scizor|Scizor, M|91/100
|turn|14
|
|t:|1779865036
|switch|p1a: Talonflame|Talonflame, M|100/100
|move|p2a: Scizor|U-turn|p1a: Talonflame
|-resisted|p1a: Talonflame
|-damage|p1a: Talonflame|77/100
|
|t:|1779865062
|switch|p2a: Ninetales|Ninetales-Alola, F|100/100|[from] U-turn
|-weather|Snowscape|[from] ability: Snow Warning|[of] p2a: Ninetales
|
|-weather|Snowscape|[upkeep]
|upkeep
|turn|15
|
|t:|1779865070
|move|p1a: Talonflame|Overheat|p2a: Ninetales
|-supereffective|p2a: Ninetales
|-damage|p2a: Ninetales|8/100
|-unboost|p1a: Talonflame|spa|2
|move|p2a: Ninetales|Aurora Veil|p2a: Ninetales
|-sidestart|p2: zabbaman|move: Aurora Veil
|
|-weather|Snowscape|[upkeep]
|upkeep
|turn|16
|
|t:|1779865076
|move|p1a: Talonflame|Defog|p2a: Ninetales
|-unboost|p2a: Ninetales|evasion|1
|-sideend|p2: zabbaman|move: Aurora Veil
|move|p2a: Ninetales|Freeze-Dry|p1a: Talonflame
|-damage|p1a: Talonflame|39/100
|
|-weather|Snowscape|[upkeep]
|upkeep
|turn|17
|
|t:|1779865085
|move|p1a: Talonflame|U-turn|p2a: Ninetales
|-resisted|p2a: Ninetales
|-damage|p2a: Ninetales|3/100
|
|t:|1779865088
|switch|p1a: Rillaboom|Rillaboom, M|100/100|[from] U-turn
|-fieldstart|move: Grassy Terrain|[from] ability: Grassy Surge|[of] p1a: Rillaboom
|move|p2a: Ninetales|Freeze-Dry|p1a: Rillaboom
|-supereffective|p1a: Rillaboom
|-damage|p1a: Rillaboom|45/100
|
|-weather|Snowscape|[upkeep]
|-heal|p2a: Ninetales|9/100|[from] Grassy Terrain
|-heal|p1a: Rillaboom|51/100|[from] Grassy Terrain
|upkeep
|turn|18
|
|t:|1779865098
|move|p1a: Rillaboom|Grassy Glide|p2a: Ninetales
|-damage|p2a: Ninetales|0 fnt
|faint|p2a: Ninetales
|
|-weather|Snowscape|[upkeep]
|-heal|p1a: Rillaboom|57/100|[from] Grassy Terrain
|upkeep
|
|t:|1779865103
|switch|p2a: Scizor|Scizor, M|91/100
|turn|19
|
|t:|1779865108
|move|p1a: Rillaboom|Knock Off|p2a: Scizor
|-damage|p2a: Scizor|45/100
|-enditem|p2a: Scizor|Choice Band|[from] move: Knock Off|[of] p1a: Rillaboom
|move|p2a: Scizor|Dual Wingbeat|p1a: Rillaboom
|-supereffective|p1a: Rillaboom
|-damage|p1a: Rillaboom|17/100
|-supereffective|p1a: Rillaboom
|-damage|p1a: Rillaboom|0 fnt
|faint|p1a: Rillaboom
|-hitcount|p1: Rillaboom|2
|
|-weather|Snowscape|[upkeep]
|-heal|p2a: Scizor|51/100|[from] Grassy Terrain
|upkeep
|
|t:|1779865112
|switch|p1a: Talonflame|Talonflame, M|39/100
|turn|20
|
|t:|1779865138
|switch|p2a: Thundurus|Thundurus-Therian, M|48/100
|move|p1a: Talonflame|Overheat|p2a: Thundurus
|-damage|p2a: Thundurus|0 fnt
|-unboost|p1a: Talonflame|spa|2
|faint|p2a: Thundurus
|
|-weather|Snowscape|[upkeep]
|upkeep
|
|t:|1779865141
|switch|p2a: Regice|Regice, shiny, tera:Electric|39/100
|turn|21
|
|t:|1779865156
|move|p1a: Talonflame|Brave Bird|p2a: Regice
|-resisted|p2a: Regice
|-damage|p2a: Regice|20/100
|-damage|p1a: Talonflame|32/100|[from] Recoil
|move|p2a: Regice|Ice Beam|p1a: Talonflame
|-damage|p1a: Talonflame|0 fnt
|faint|p1a: Talonflame
|
|-weather|none
|-heal|p2a: Regice|26/100|[from] Grassy Terrain
|-heal|p2a: Regice|32/100|[from] item: Leftovers
|upkeep
|
|t:|1779865159
|switch|p1a: Serperior|Serperior, F|100/100
|turn|22
|
|t:|1779865168
|move|p1a: Serperior|Leaf Storm|p2a: Regice
|-damage|p2a: Regice|0 fnt
|-boost|p1a: Serperior|spa|2
|faint|p2a: Regice
|
|upkeep
|
|t:|1779865171
|switch|p2a: Scizor|Scizor, M|51/100
|turn|23
|
|t:|1779865172
|move|p1a: Serperior|Leaf Storm|p2a: Scizor
|-resisted|p2a: Scizor
|-damage|p2a: Scizor|14/100
|-boost|p1a: Serperior|spa|2
|move|p2a: Scizor|U-turn|p1a: Serperior
|-supereffective|p1a: Serperior
|-damage|p1a: Serperior|0 fnt
|faint|p1a: Serperior
|
|win|zabbaman
|raw|DPPlato's rating: 1371 &rarr; <strong>1347</strong><br />(-24 for losing)
|raw|zabbaman's rating: 1307 &rarr; <strong>1331</strong><br />(+24 for winning)
|c|☆zabbaman|gg
|l|☆zabbaman
|player|p2|
|l|☆DPPlato
|player|p1|
