|j|☆tecerdo
|j|☆Supa Dupa Hoopa
|t:|1779912367
|gametype|singles
|player|p1|tecerdo|gentleman-gen4dp|1501
|player|p2|Supa Dupa Hoopa|101|1550
|gen|9
|tier|[Gen 9] OU
|rated|
|rule|HP Percentage Mod: HP is shown in percentages
|rule|Endless Battle Clause: Forcing endless battles is banned
|rule|Species Clause: Limit one of each Pokémon
|rule|OHKO Clause: OHKO moves are banned
|rule|Evasion Items Clause: Evasion items are banned
|rule|Evasion Moves Clause: Evasion moves are banned
|rule|Evasion Abilities Clause: Evasion abilities are banned
|rule|Sleep Moves Clause: Sleep-inducing moves are banned
|clearpoke
|poke|p1|Pelipper, F|
|poke|p1|Beartic, M|
|poke|p1|Barraskewda, M|
|poke|p1|Bellibolt, F|
|poke|p1|Toxicroak, F|
|poke|p1|Iron Treads|
|poke|p2|Serperior, F|
|poke|p2|Cinderace, M|
|poke|p2|Corviknight, F|
|poke|p2|Alomomola, F|
|poke|p2|Klefki, F|
|poke|p2|Toxtricity-Low-Key, F|
|teampreview
|
|t:|1779912379
|teamsize|p1|6
|teamsize|p2|6
|start
|switch|p1a: Pelipper|Pelipper, F|100/100
|switch|p2a: ANOTHER ONE|Toxtricity-Low-Key, F|100/100
|-weather|RainDance|[from] ability: Drizzle|[of] p1a: Pelipper
|turn|1
|
|t:|1779912385
|switch|p1a: Iron Treads|Iron Treads|100/100
|move|p2a: ANOTHER ONE|Boomburst|p1a: Iron Treads
|-resisted|p1a: Iron Treads
|-damage|p1a: Iron Treads|59/100
|
|-weather|RainDance|[upkeep]
|upkeep
|turn|2
|
|t:|1779912393
|switch|p2a: Spongebob|Alomomola, F|100/100
|move|p1a: Iron Treads|Knock Off|p2a: Spongebob
|-damage|p2a: Spongebob|81/100
|-enditem|p2a: Spongebob|Assault Vest|[from] move: Knock Off|[of] p1a: Iron Treads
|
|-weather|RainDance|[upkeep]
|upkeep
|turn|3
|
|t:|1779912402
|-end|p1a: Iron Treads|Quark Drive|[silent]
|switch|p1a: Toxicroak|Toxicroak, F|100/100
|move|p2a: Spongebob|Flip Turn|p1a: Toxicroak
|-immune|p1a: Toxicroak|[from] ability: Dry Skin
|
|-weather|RainDance|[upkeep]
|upkeep
|turn|4
|
|t:|1779912409
|switch|p2a: Skarmory-M|Corviknight, F|100/100
|-ability|p2a: Skarmory-M|Pressure
|move|p1a: Toxicroak|Knock Off|p2a: Skarmory-M
|-crit|p2a: Skarmory-M
|-damage|p2a: Skarmory-M|80/100
|-enditem|p2a: Skarmory-M|Leftovers|[from] move: Knock Off|[of] p1a: Toxicroak
|
|-weather|RainDance|[upkeep]
|upkeep
|turn|5
|
|t:|1779912419
|switch|p1a: Bellibolt|Bellibolt, F|100/100
|move|p2a: Skarmory-M|Body Press|p1a: Bellibolt
|-damage|p1a: Bellibolt|73/100
|-start|p1a: Bellibolt|Charge|Body Press|[from] ability: Electromorphosis
|
|-weather|RainDance|[upkeep]
|upkeep
|turn|6
|
|t:|1779912428
|switch|p2a: ANOTHER ONE|Toxtricity-Low-Key, F|100/100
|move|p1a: Bellibolt|Volt Switch|p2a: ANOTHER ONE
|-resisted|p2a: ANOTHER ONE
|-damage|p2a: ANOTHER ONE|49/100
|-end|p1a: Bellibolt|Charge|[silent]
|
|t:|1779912437
|switch|p1a: Barraskewda|Barraskewda, M|100/100|[from] Volt Switch
|
|-weather|RainDance|[upkeep]
|upkeep
|turn|7
|
|t:|1779912448
|switch|p2a: Spongebob|Alomomola, F|100/100
|move|p1a: Barraskewda|Flip Turn|p2a: Spongebob
|-resisted|p2a: Spongebob
|-damage|p2a: Spongebob|71/100
|
|t:|1779912453
|switch|p1a: Bellibolt|Bellibolt, F|73/100|[from] Flip Turn
|
|-weather|RainDance|[upkeep]
|upkeep
|turn|8
|
|t:|1779912458
|move|p1a: Bellibolt|Thunder|p2a: Spongebob
|-supereffective|p2a: Spongebob
|-damage|p2a: Spongebob|0 fnt
|faint|p2a: Spongebob
|
|-weather|none
|upkeep
|
|t:|1779912464
|switch|p2a: What RU|Serperior, F|100/100
|turn|9
|
|t:|1779912469
|move|p2a: What RU|Substitute|p2a: What RU
|-start|p2a: What RU|Substitute
|-damage|p2a: What RU|76/100
|move|p1a: Bellibolt|Volt Switch|p2a: What RU
|-resisted|p2a: What RU
|-activate|p2a: What RU|move: Substitute|[damage]
|
|t:|1779912471
|switch|p1a: Pelipper|Pelipper, F|100/100|[from] Volt Switch
|-weather|RainDance|[from] ability: Drizzle|[of] p1a: Pelipper
|
|-weather|RainDance|[upkeep]
|-heal|p2a: What RU|82/100|[from] item: Leftovers
|upkeep
|turn|10
|
|t:|1779912485
|move|p2a: What RU|Glare|p1a: Pelipper
|-status|p1a: Pelipper|par
|move|p1a: Pelipper|U-turn|p2a: What RU
|-supereffective|p2a: What RU
|-end|p2a: What RU|Substitute
|
|t:|1779912487
|switch|p1a: Beartic|Beartic, M|100/100|[from] U-turn
|
|-weather|RainDance|[upkeep]
|-heal|p2a: What RU|88/100|[from] item: Leftovers
|upkeep
|turn|11
|
|t:|1779912495
|switch|p2a: Skarmory-M|Corviknight, F|80/100
|-ability|p2a: Skarmory-M|Pressure
|move|p1a: Beartic|Icicle Spear|p2a: Skarmory-M
|-damage|p2a: Skarmory-M|72/100
|-damage|p2a: Skarmory-M|65/100
|-damage|p2a: Skarmory-M|56/100
|-damage|p2a: Skarmory-M|48/100
|-damage|p2a: Skarmory-M|40/100
|-hitcount|p2a: Skarmory-M|5
|
|-weather|RainDance|[upkeep]
|upkeep
|turn|12
|inactive|Battle timer is ON: inactive players will automatically lose when time's up. (requested by tecerdo)
|
|t:|1779912507
|move|p1a: Beartic|Icicle Spear|p2a: Skarmory-M
|-damage|p2a: Skarmory-M|32/100
|-damage|p2a: Skarmory-M|24/100
|-crit|p2a: Skarmory-M
|-damage|p2a: Skarmory-M|11/100
|-damage|p2a: Skarmory-M|3/100
|-hitcount|p2a: Skarmory-M|4
|move|p2a: Skarmory-M|Roost|p2a: Skarmory-M
|-heal|p2a: Skarmory-M|53/100
|-singleturn|p2a: Skarmory-M|move: Roost
|
|-weather|RainDance|[upkeep]
|upkeep
|turn|13
|
|t:|1779912524
|switch|p1a: Bellibolt|Bellibolt, F|73/100
|move|p2a: Skarmory-M|Roost|p2a: Skarmory-M
|-heal|p2a: Skarmory-M|100/100
|-singleturn|p2a: Skarmory-M|move: Roost
|
|-weather|RainDance|[upkeep]
|upkeep
|turn|14
|
|t:|1779912541
|switch|p2a: What RU|Serperior, F|88/100
|move|p1a: Bellibolt|Volt Switch|p2a: What RU
|-resisted|p2a: What RU
|-damage|p2a: What RU|72/100
|
|t:|1779912546
|switch|p1a: Beartic|Beartic, M|100/100|[from] Volt Switch
|
|-weather|RainDance|[upkeep]
|-heal|p2a: What RU|78/100|[from] item: Leftovers
|upkeep
|turn|15
|
|t:|1779912552
|switch|p2a: CinderMiss|Cinderace, M|100/100
|move|p1a: Beartic|Icicle Spear|p2a: CinderMiss
|-resisted|p2a: CinderMiss
|-damage|p2a: CinderMiss|92/100
|-resisted|p2a: CinderMiss
|-damage|p2a: CinderMiss|83/100
|-resisted|p2a: CinderMiss
|-damage|p2a: CinderMiss|74/100
|-resisted|p2a: CinderMiss
|-damage|p2a: CinderMiss|65/100
|-resisted|p2a: CinderMiss
|-damage|p2a: CinderMiss|56/100
|-hitcount|p2a: CinderMiss|5
|
|-weather|RainDance|[upkeep]
|upkeep
|turn|16
|
|t:|1779912566
|move|p1a: Beartic|Earthquake|p2a: CinderMiss
|-supereffective|p2a: CinderMiss
|-damage|p2a: CinderMiss|0 fnt
|faint|p2a: CinderMiss
|
|-weather|none
|upkeep
|-message|Supa Dupa Hoopa forfeited.
|
|win|tecerdo
|raw|tecerdo's rating: 1501 &rarr; <strong>1524</strong><br />(+23 for winning)
|raw|Supa Dupa Hoopa's rating: 1550 &rarr; <strong>1527</strong><br />(-23 for losing)
|l|☆tecerdo
|player|p1|
