|j|☆llkonaiok
|j|☆Ragged_Rag_King
|t:|1779895451
|gametype|singles
|player|p1|llkonaiok|101|1129
|player|p2|Ragged_Rag_King|fisherman-gen4|1106
|gen|9
|tier|[Gen 9] OU
|rated|
|rule|HP Percentage Mod: HP is shown in percentages
|rule|Endless Battle Clause: Forcing endless battles is banned
|rule|Species Clause: Limit one of each Pokémon
|rule|OHKO Clause: OHKO moves are banned
|rule|Evasion Items Clause: Evasion items are banned
|rule|Evasion Moves Clause: Evasion moves are banned
|rule|Evasion Abilities Clause: Evasion abilities are banned
|rule|Sleep Moves Clause: Sleep-inducing moves are banned
|clearpoke
|poke|p1|Yanmega, M|
|poke|p1|Heracross, M|
|poke|p1|Galvantula, F|
|poke|p1|Scizor, M|
|poke|p1|Illumise, F|
|poke|p1|Scyther, M|
|poke|p2|Orthworm, M|
|poke|p2|Chandelure, M|
|poke|p2|Zebstrika, M|
|poke|p2|Gastrodon-East, M|
|poke|p2|Pawmot, M|
|poke|p2|Clodsire, M|
|teampreview
|
|t:|1779895461
|teamsize|p1|6
|teamsize|p2|6
|start
|switch|p1a: Yanmega|Yanmega, M|100/100
|switch|p2a: Gastrodon|Gastrodon-East, M|100/100
|turn|1
|
|t:|1779895467
|move|p1a: Yanmega|Bug Buzz|p2a: Gastrodon
|-damage|p2a: Gastrodon|69/100
|-enditem|p1a: Yanmega|Throat Spray
|-boost|p1a: Yanmega|spa|1|[from] item: Throat Spray
|move|p2a: Gastrodon|Stealth Rock|p1a: Yanmega
|-sidestart|p1: llkonaiok|move: Stealth Rock
|
|-ability|p1a: Yanmega|Speed Boost|boost
|-boost|p1a: Yanmega|spe|1
|upkeep
|turn|2
|
|t:|1779895476
|move|p1a: Yanmega|Bug Buzz|p2a: Gastrodon
|-damage|p2a: Gastrodon|22/100
|move|p2a: Gastrodon|Ice Beam|p1a: Yanmega
|-supereffective|p1a: Yanmega
|-damage|p1a: Yanmega|46/100
|
|-ability|p1a: Yanmega|Speed Boost|boost
|-boost|p1a: Yanmega|spe|1
|upkeep
|turn|3
|
|t:|1779895490
|switch|p2a: Orthworm|Orthworm, M|100/100
|move|p1a: Yanmega|Bug Buzz|p2a: Orthworm
|-resisted|p2a: Orthworm
|-damage|p2a: Orthworm|61/100
|
|-heal|p2a: Orthworm|67/100|[from] item: Leftovers
|-ability|p1a: Yanmega|Speed Boost|boost
|-boost|p1a: Yanmega|spe|1
|upkeep
|turn|4
|
|t:|1779895502
|move|p1a: Yanmega|Bug Buzz|p2a: Orthworm
|-resisted|p2a: Orthworm
|-damage|p2a: Orthworm|33/100
|move|p2a: Orthworm|Heavy Slam|p1a: Yanmega
|-damage|p1a: Yanmega|8/100
|
|-heal|p2a: Orthworm|39/100|[from] item: Leftovers
|-ability|p1a: Yanmega|Speed Boost|boost
|-boost|p1a: Yanmega|spe|1
|upkeep
|turn|5
|
|t:|1779895512
|move|p1a: Yanmega|Bug Buzz|p2a: Orthworm
|-resisted|p2a: Orthworm
|-damage|p2a: Orthworm|0 fnt
|faint|p2a: Orthworm
|
|-ability|p1a: Yanmega|Speed Boost|boost
|-boost|p1a: Yanmega|spe|1
|upkeep
|
|t:|1779895523
|switch|p2a: Chandelure|Chandelure, M|100/100
|turn|6
|
|t:|1779895532
|move|p1a: Yanmega|Protect|p1a: Yanmega
|-singleturn|p1a: Yanmega|Protect
|move|p2a: Chandelure|Flamethrower|p1a: Yanmega
|-activate|p1a: Yanmega|move: Protect
|
|-ability|p1a: Yanmega|Speed Boost|boost
|-boost|p1a: Yanmega|spe|1
|upkeep
|turn|7
|
|t:|1779895543
|move|p1a: Yanmega|Tailwind|p1a: Yanmega
|-sidestart|p1: llkonaiok|move: Tailwind
|move|p2a: Chandelure|Flamethrower|p1a: Yanmega
|-supereffective|p1a: Yanmega
|-damage|p1a: Yanmega|0 fnt
|faint|p1a: Yanmega
|
|upkeep
|
|t:|1779895547
|switch|p1a: Heracross|Heracross, M|100/100
|-damage|p1a: Heracross|88/100|[from] Stealth Rock
|turn|8
|
|t:|1779895553
|-terastallize|p1a: Heracross|Ghost
|move|p1a: Heracross|Swords Dance|p1a: Heracross
|-boost|p1a: Heracross|atk|2
|move|p2a: Chandelure|Flamethrower|p1a: Heracross
|-damage|p1a: Heracross|30/100
|-enditem|p1a: Heracross|Sitrus Berry|[eat]
|-heal|p1a: Heracross|55/100|[from] item: Sitrus Berry
|
|upkeep
|turn|9
|
|t:|1779895562
|move|p1a: Heracross|Rock Blast|p2a: Chandelure
|-supereffective|p2a: Chandelure
|-damage|p2a: Chandelure|51/100
|-supereffective|p2a: Chandelure
|-damage|p2a: Chandelure|0 fnt
|faint|p2a: Chandelure
|-ability|p1a: Heracross|Moxie|boost
|-boost|p1a: Heracross|atk|1
|-hitcount|p2: Chandelure|2
|
|upkeep
|
|t:|1779895575
|switch|p2a: Pawmot|Pawmot, M|100/100
|turn|10
|
|t:|1779895578
|move|p1a: Heracross|Earthquake|p2a: Pawmot
|-supereffective|p2a: Pawmot
|-damage|p2a: Pawmot|0 fnt
|faint|p2a: Pawmot
|-ability|p1a: Heracross|Moxie|boost
|-boost|p1a: Heracross|atk|1
|
|-sideend|p1: llkonaiok|move: Tailwind
|upkeep
|
|t:|1779895584
|switch|p2a: Clodsire|Clodsire, M|100/100
|turn|11
|
|t:|1779895592
|move|p1a: Heracross|Earthquake|p2a: Clodsire
|-supereffective|p2a: Clodsire
|-damage|p2a: Clodsire|0 fnt
|faint|p2a: Clodsire
|-ability|p1a: Heracross|Moxie|boost
|-boost|p1a: Heracross|atk|1
|
|upkeep
|
|t:|1779895597
|switch|p2a: Zebstrika|Zebstrika, M|100/100
|turn|12
|
|t:|1779895604
|move|p2a: Zebstrika|Supercell Slam|p1a: Heracross
|-damage|p1a: Heracross|0 fnt
|faint|p1a: Heracross
|
|upkeep
|
|t:|1779895610
|switch|p1a: Scizor|Scizor, M|100/100
|-damage|p1a: Scizor|88/100|[from] Stealth Rock
|turn|13
|
|t:|1779895617
|move|p2a: Zebstrika|Flame Charge|p1a: Scizor
|-supereffective|p1a: Scizor
|-damage|p1a: Scizor|23/100
|-boost|p2a: Zebstrika|spe|1
|move|p1a: Scizor|Defog|p2a: Zebstrika
|-unboost|p2a: Zebstrika|evasion|1
|-sideend|p1: llkonaiok|Stealth Rock|[from] move: Defog|[of] p1a: Scizor
|
|upkeep
|turn|14
|
|t:|1779895630
|move|p1a: Scizor|Bullet Punch|p2a: Zebstrika
|-resisted|p2a: Zebstrika
|-damage|p2a: Zebstrika|68/100
|-damage|p1a: Scizor|13/100|[from] item: Life Orb
|move|p2a: Zebstrika|Flame Charge|p1a: Scizor
|-supereffective|p1a: Scizor
|-damage|p1a: Scizor|0 fnt
|-boost|p2a: Zebstrika|spe|1
|faint|p1a: Scizor
|
|upkeep
|
|t:|1779895637
|switch|p1a: Illumise|Illumise, F|100/100
|turn|15
|
|t:|1779895645
|move|p1a: Illumise|Charm|p2a: Zebstrika
|-unboost|p2a: Zebstrika|atk|2
|move|p2a: Zebstrika|Flame Charge|p1a: Illumise
|-supereffective|p1a: Illumise
|-damage|p1a: Illumise|84/100
|-boost|p2a: Zebstrika|spe|1
|
|upkeep
|turn|16
|
|t:|1779895655
|switch|p2a: Gastrodon|Gastrodon-East, M|22/100
|move|p1a: Illumise|Charm|p2a: Gastrodon
|-unboost|p2a: Gastrodon|atk|2
|
|upkeep
|turn|17
|
|t:|1779895660
|move|p1a: Illumise|U-turn|p2a: Gastrodon
|-damage|p2a: Gastrodon|13/100
|-damage|p1a: Illumise|67/100|[from] item: Rocky Helmet|[of] p2a: Gastrodon
|
|t:|1779895666
|switch|p1a: Scyther|Scyther, M|100/100|[from] U-turn
|move|p2a: Gastrodon|Recover|p2a: Gastrodon
|-heal|p2a: Gastrodon|63/100
|
|upkeep
|turn|18
|
|t:|1779895673
|move|p1a: Scyther|Swords Dance|p1a: Scyther
|-boost|p1a: Scyther|atk|2
|move|p2a: Gastrodon|Recover|p2a: Gastrodon
|-heal|p2a: Gastrodon|100/100
|
|upkeep
|turn|19
|
|t:|1779895680
|move|p1a: Scyther|Trailblaze|p2a: Gastrodon
|-supereffective|p2a: Gastrodon
|-damage|p2a: Gastrodon|0 fnt
|-boost|p1a: Scyther|spe|1
|-damage|p1a: Scyther|84/100|[from] item: Rocky Helmet|[of] p2a: Gastrodon
|faint|p2a: Gastrodon
|
|upkeep
|
|t:|1779895688
|switch|p2a: Zebstrika|Zebstrika, M|68/100
|turn|20
|inactive|Battle timer is ON: inactive players will automatically lose when time's up. (requested by Ragged_Rag_King)
|
|t:|1779895702
|move|p1a: Scyther|Dual Wingbeat|p2a: Zebstrika
|-resisted|p2a: Zebstrika
|-damage|p2a: Zebstrika|13/100
|-resisted|p2a: Zebstrika
|-damage|p2a: Zebstrika|0 fnt
|faint|p2a: Zebstrika
|-hitcount|p2: Zebstrika|2
|
|win|llkonaiok
|raw|llkonaiok's rating: 1129 &rarr; <strong>1152</strong><br />(+23 for winning)
|raw|Ragged_Rag_King's rating: 1106 &rarr; <strong>1083</strong><br />(-23 for losing)
|l|☆Ragged_Rag_King
|player|p2|
|l|☆llkonaiok
|player|p1|
