|j|☆fregene97
|j|☆0c3an m4n
|t:|1779912480
|gametype|singles
|player|p1|fregene97|169|1591
|player|p2|0c3an m4n|marlon|1633
|gen|9
|tier|[Gen 9] OU
|rated|
|rule|HP Percentage Mod: HP is shown in percentages
|rule|Endless Battle Clause: Forcing endless battles is banned
|rule|Species Clause: Limit one of each Pokémon
|rule|OHKO Clause: OHKO moves are banned
|rule|Evasion Items Clause: Evasion items are banned
|rule|Evasion Moves Clause: Evasion moves are banned
|rule|Evasion Abilities Clause: Evasion abilities are banned
|rule|Sleep Moves Clause: Sleep-inducing moves are banned
|clearpoke
|poke|p1|Serperior, F|
|poke|p1|Conkeldurr, F|
|poke|p1|Gholdengo|
|poke|p1|Dragonite, M|
|poke|p1|Iron Moth|
|poke|p1|Greninja-*, M|
|poke|p2|Quaquaval, M|
|poke|p2|Barraskewda, M|
|poke|p2|Pelipper, F|
|poke|p2|Slither Wing|
|poke|p2|Hatterene, F|
|poke|p2|Crawdaunt, M|
|teampreview
|
|t:|1779912489
|teamsize|p1|6
|teamsize|p2|6
|start
|switch|p1a: Iron Moth|Iron Moth|100/100
|switch|p2a: El papu|Slither Wing, shiny|100/100
|-enditem|p1a: Iron Moth|Booster Energy
|-activate|p1a: Iron Moth|ability: Quark Drive|[fromitem]
|-start|p1a: Iron Moth|quarkdrivespe
|turn|1
|
|t:|1779912491
|move|p1a: Iron Moth|Fiery Dance|p2a: El papu
|-supereffective|p2a: El papu
|-damage|p2a: El papu|19/100
|move|p2a: El papu|Earthquake|p1a: Iron Moth
|-supereffective|p1a: Iron Moth
|-damage|p1a: Iron Moth|0 fnt
|faint|p1a: Iron Moth
|-end|p1a: Iron Moth|Quark Drive|[silent]
|
|upkeep
|
|t:|1779912497
|switch|p1a: Serperior|Serperior, F|100/100
|turn|2
|
|t:|1779912502
|-end|p2a: El papu|Protosynthesis|[silent]
|switch|p2a: Si|Hatterene, F, shiny|100/100
|move|p1a: Serperior|Leaf Storm|p2a: Si
|-damage|p2a: Si|67/100
|-boost|p1a: Serperior|spa|2
|
|upkeep
|turn|3
|inactive|Battle timer is ON: inactive players will automatically lose when time's up. (requested by fregene97)
|
|t:|1779912507
|move|p1a: Serperior|Leaf Storm|p2a: Si
|-damage|p2a: Si|2/100
|-boost|p1a: Serperior|spa|2
|move|p2a: Si|Nuzzle|p1a: Serperior
|-resisted|p1a: Serperior
|-damage|p1a: Serperior|98/100
|-status|p1a: Serperior|par
|
|-heal|p1a: Serperior|100/100 par|[from] item: Leftovers
|upkeep
|turn|4
|
|t:|1779912512
|move|p1a: Serperior|Leaf Storm|p2a: Si
|-damage|p2a: Si|0 fnt
|-boost|p1a: Serperior|spa|2
|faint|p2a: Si
|
|upkeep
|
|t:|1779912516
|switch|p2a: Sphyraena (Fih) 🐟|Barraskewda, M, shiny|100/100
|turn|5
|j| Lowladderubersnoob
|
|t:|1779912521
|move|p2a: Sphyraena (Fih) 🐟|Flip Turn|p1a: Serperior
|-resisted|p1a: Serperior
|-damage|p1a: Serperior|69/100 par
|
|t:|1779912525
|switch|p2a: El papu|Slither Wing, shiny|19/100|[from] Flip Turn
|move|p1a: Serperior|Dragon Pulse|p2a: El papu
|-damage|p2a: El papu|0 fnt
|faint|p2a: El papu
|-end|p2a: El papu|Protosynthesis|[silent]
|
|-heal|p1a: Serperior|75/100 par|[from] item: Leftovers
|upkeep
|
|t:|1779912527
|switch|p2a: Sphyraena (Fih) 🐟|Barraskewda, M, shiny|100/100
|turn|6
|
|t:|1779912530
|move|p2a: Sphyraena (Fih) 🐟|Poison Jab|p1a: Serperior
|-supereffective|p1a: Serperior
|-damage|p1a: Serperior|0 fnt
|faint|p1a: Serperior
|
|upkeep
|
|t:|1779912539
|switch|p1a: Conkeldurr|Conkeldurr, F|100/100
|turn|7
|
|t:|1779912544
|switch|p2a: Risk of what?|Pelipper, F, shiny|100/100
|-weather|RainDance|[from] ability: Drizzle|[of] p2a: Risk of what?
|move|p1a: Conkeldurr|Bulk Up|p1a: Conkeldurr
|-boost|p1a: Conkeldurr|atk|1
|-boost|p1a: Conkeldurr|def|1
|
|-weather|RainDance|[upkeep]
|upkeep
|turn|8
|
|t:|1779912552
|-terastallize|p1a: Conkeldurr|Fairy
|move|p1a: Conkeldurr|Knock Off|p2a: Risk of what?
|-damage|p2a: Risk of what?|57/100
|-enditem|p2a: Risk of what?|Damp Rock|[from] move: Knock Off|[of] p1a: Conkeldurr
|move|p2a: Risk of what?|U-turn|p1a: Conkeldurr
|-resisted|p1a: Conkeldurr
|-damage|p1a: Conkeldurr|98/100
|
|t:|1779912557
|switch|p2a: Apernao 🔥|Crawdaunt, M, shiny|100/100|[from] U-turn
|
|-weather|RainDance|[upkeep]
|-heal|p1a: Conkeldurr|100/100|[from] item: Leftovers
|upkeep
|turn|9
|
|t:|1779912563
|move|p2a: Apernao 🔥|Crabhammer|p1a: Conkeldurr
|-damage|p1a: Conkeldurr|39/100
|move|p1a: Conkeldurr|Drain Punch|p2a: Apernao 🔥
|-supereffective|p2a: Apernao 🔥
|-enditem|p2a: Apernao 🔥|Focus Sash
|-damage|p2a: Apernao 🔥|1/100
|-heal|p1a: Conkeldurr|73/100|[from] drain|[of] p2a: Apernao 🔥
|
|-weather|RainDance|[upkeep]
|-heal|p1a: Conkeldurr|79/100|[from] item: Leftovers
|upkeep
|turn|10
|
|t:|1779912571
|move|p1a: Conkeldurr|Mach Punch|p2a: Apernao 🔥
|-supereffective|p2a: Apernao 🔥
|-damage|p2a: Apernao 🔥|0 fnt
|faint|p2a: Apernao 🔥
|
|-weather|RainDance|[upkeep]
|-heal|p1a: Conkeldurr|85/100|[from] item: Leftovers
|upkeep
|
|t:|1779912574
|switch|p2a: Sphyraena (Fih) 🐟|Barraskewda, M, shiny|100/100
|turn|11
|
|t:|1779912579
|move|p1a: Conkeldurr|Mach Punch|p2a: Sphyraena (Fih) 🐟
|-damage|p2a: Sphyraena (Fih) 🐟|40/100
|move|p2a: Sphyraena (Fih) 🐟|Liquidation|p1a: Conkeldurr
|-damage|p1a: Conkeldurr|26/100
|
|-weather|RainDance|[upkeep]
|-heal|p1a: Conkeldurr|32/100|[from] item: Leftovers
|upkeep
|turn|12
|
|t:|1779912584
|move|p1a: Conkeldurr|Mach Punch|p2a: Sphyraena (Fih) 🐟
|-damage|p2a: Sphyraena (Fih) 🐟|0 fnt
|faint|p2a: Sphyraena (Fih) 🐟
|
|-weather|RainDance|[upkeep]
|-heal|p1a: Conkeldurr|39/100|[from] item: Leftovers
|upkeep
|
|t:|1779912585
|switch|p2a: Berdly|Quaquaval, M, shiny|100/100
|turn|13
|
|t:|1779912587
|-terastallize|p2a: Berdly|Water
|move|p1a: Conkeldurr|Mach Punch|p2a: Berdly
|-damage|p2a: Berdly|63/100
|move|p2a: Berdly|Aqua Step|p1a: Conkeldurr
|-damage|p1a: Conkeldurr|0 fnt
|-boost|p2a: Berdly|spe|1
|faint|p1a: Conkeldurr
|-ability|p2a: Berdly|Moxie|boost
|-boost|p2a: Berdly|atk|1
|
|-weather|RainDance|[upkeep]
|upkeep
|
|t:|1779912590
|switch|p1a: Dragonite|Dragonite, M|100/100
|turn|14
|
|t:|1779912592
|move|p1a: Dragonite|Extreme Speed|p2a: Berdly
|-damage|p2a: Berdly|25/100
|move|p2a: Berdly|Aqua Step|p1a: Dragonite
|-resisted|p1a: Dragonite
|-damage|p1a: Dragonite|68/100
|-boost|p2a: Berdly|spe|1
|
|-weather|none
|upkeep
|turn|15
|
|t:|1779912599
|move|p2a: Berdly|Upper Hand|p1a: Dragonite
|-resisted|p1a: Dragonite
|-damage|p1a: Dragonite|42/100
|cant|p1a: Dragonite|flinch
|
|upkeep
|turn|16
|
|t:|1779912611
|move|p2a: Berdly|Upper Hand|p1a: Dragonite
|-resisted|p1a: Dragonite
|-damage|p1a: Dragonite|16/100
|cant|p1a: Dragonite|flinch
|
|upkeep
|turn|17
|
|t:|1779912625
|move|p2a: Berdly|Aqua Step|p1a: Dragonite
|-resisted|p1a: Dragonite
|-damage|p1a: Dragonite|0 fnt
|-boost|p2a: Berdly|spe|1
|faint|p1a: Dragonite
|-ability|p2a: Berdly|Moxie|boost
|-boost|p2a: Berdly|atk|1
|
|upkeep
|
|t:|1779912630
|switch|p1a: Greninja|Greninja, M|100/100
|turn|18
|
|t:|1779912637
|move|p2a: Berdly|Upper Hand|p1a: Greninja
|-supereffective|p1a: Greninja
|-damage|p1a: Greninja|0 fnt
|faint|p1a: Greninja
|-ability|p2a: Berdly|Moxie|boost
|-boost|p2a: Berdly|atk|1
|
|upkeep
|
|t:|1779912639
|switch|p1a: Gholdengo|Gholdengo|100/100
|-item|p1a: Gholdengo|Air Balloon
|turn|19
|c| Lowladderubersnoob|Wtf
|
|t:|1779912641
|move|p2a: Berdly|Aqua Step|p1a: Gholdengo
|-crit|p1a: Gholdengo
|-damage|p1a: Gholdengo|0 fnt
|-boost|p2a: Berdly|spe|1
|-enditem|p1a: Gholdengo|Air Balloon
|faint|p1a: Gholdengo
|
|win|0c3an m4n
|raw|fregene97's rating: 1591 &rarr; <strong>1573</strong><br />(-18 for losing)
|raw|0c3an m4n's rating: 1633 &rarr; <strong>1651</strong><br />(+18 for winning)
|l|☆fregene97
|player|p1|
|l| Lowladderubersnoob
|l|☆0c3an m4n
|player|p2|
