|j|‽Pharyl
|j|☆MamiMamiMami
|t:|1779891682
|gametype|singles
|player|p1|Pharyl|ethan-gen2|1368
|player|p2|MamiMamiMami|169|1414
|gen|9
|tier|[Gen 9] OU
|rated|
|rule|HP Percentage Mod: HP is shown in percentages
|rule|Endless Battle Clause: Forcing endless battles is banned
|rule|Species Clause: Limit one of each Pokémon
|rule|OHKO Clause: OHKO moves are banned
|rule|Evasion Items Clause: Evasion items are banned
|rule|Evasion Moves Clause: Evasion moves are banned
|rule|Evasion Abilities Clause: Evasion abilities are banned
|rule|Sleep Moves Clause: Sleep-inducing moves are banned
|clearpoke
|poke|p1|Tyranitar, F|
|poke|p1|Iron Valiant|
|poke|p1|Ceruledge, M|
|poke|p1|Moltres|
|poke|p1|Excadrill, M|
|poke|p1|Walking Wake|
|poke|p2|Rillaboom, M|
|poke|p2|Kingambit, M|
|poke|p2|Great Tusk|
|poke|p2|Corviknight, M|
|poke|p2|Primarina, F|
|poke|p2|Iron Moth|
|teampreview
|inactive|Battle timer is ON: inactive players will automatically lose when time's up. (requested by Pharyl)
|inactive|MamiMamiMami has 120 seconds left.
|inactive|MamiMamiMami has 90 seconds left.
|
|t:|1779891748
|teamsize|p1|6
|teamsize|p2|6
|start
|switch|p1a: Tyranitar|Tyranitar, F|100/100
|switch|p2a: Rillaboom|Rillaboom, M|100/100
|-fieldstart|move: Grassy Terrain|[from] ability: Grassy Surge|[of] p2a: Rillaboom
|-weather|Sandstorm|[from] ability: Sand Stream|[of] p1a: Tyranitar
|turn|1
|
|t:|1779891758
|switch|p1a: Moltres|Moltres|100/100
|move|p2a: Rillaboom|Knock Off|p1a: Moltres
|-damage|p1a: Moltres|69/100
|-status|p2a: Rillaboom|brn|[from] ability: Flame Body|[of] p1a: Moltres
|-enditem|p1a: Moltres|Heavy-Duty Boots|[from] move: Knock Off|[of] p2a: Rillaboom
|
|-weather|Sandstorm|[upkeep]
|-damage|p2a: Rillaboom|94/100 brn|[from] Sandstorm
|-damage|p1a: Moltres|63/100|[from] Sandstorm
|-heal|p2a: Rillaboom|100/100 brn|[from] Grassy Terrain
|-damage|p2a: Rillaboom|94/100 brn|[from] brn
|upkeep
|turn|2
|
|t:|1779891770
|move|p2a: Rillaboom|Knock Off|p1a: Moltres
|-damage|p1a: Moltres|51/100
|move|p1a: Moltres|Roar|p2a: Rillaboom
|drag|p2a: Kingambit|Kingambit, M|100/100
|
|-weather|Sandstorm|[upkeep]
|-damage|p1a: Moltres|45/100|[from] Sandstorm
|upkeep
|turn|3
|
|t:|1779891778
|-end|p2a: Kingambit|fallenundefined|[silent]
|switch|p2a: Primarina|Primarina, F|100/100
|move|p1a: Moltres|Roost|p1a: Moltres
|-heal|p1a: Moltres|96/100
|-singleturn|p1a: Moltres|move: Roost
|
|-weather|Sandstorm|[upkeep]
|-damage|p1a: Moltres|90/100|[from] Sandstorm
|-damage|p2a: Primarina|94/100|[from] Sandstorm
|-heal|p1a: Moltres|96/100|[from] Grassy Terrain
|-heal|p2a: Primarina|100/100|[from] Grassy Terrain
|upkeep
|turn|4
|
|t:|1779891794
|-terastallize|p1a: Moltres|Grass
|move|p1a: Moltres|Hurricane|p2a: Primarina|[miss]
|-miss|p1a: Moltres|p2a: Primarina
|move|p2a: Primarina|Moonblast|p1a: Moltres
|-damage|p1a: Moltres|42/100
|-unboost|p1a: Moltres|spa|1
|
|-weather|Sandstorm|[upkeep]
|-damage|p1a: Moltres|36/100|[from] Sandstorm
|-damage|p2a: Primarina|94/100|[from] Sandstorm
|-heal|p1a: Moltres|42/100|[from] Grassy Terrain
|-heal|p2a: Primarina|100/100|[from] Grassy Terrain
|upkeep
|turn|5
|
|t:|1779891806
|move|p1a: Moltres|Roost|p1a: Moltres
|-heal|p1a: Moltres|92/100
|move|p2a: Primarina|Moonblast|p1a: Moltres
|-damage|p1a: Moltres|35/100
|
|-weather|none
|-heal|p1a: Moltres|41/100|[from] Grassy Terrain
|-fieldend|move: Grassy Terrain
|upkeep
|turn|6
|
|t:|1779891814
|switch|p1a: Tyranitar|Tyranitar, F|100/100
|-weather|Sandstorm|[from] ability: Sand Stream|[of] p1a: Tyranitar
|move|p2a: Primarina|Moonblast|p1a: Tyranitar
|-supereffective|p1a: Tyranitar
|-damage|p1a: Tyranitar|39/100
|
|-weather|Sandstorm|[upkeep]
|-damage|p2a: Primarina|94/100|[from] Sandstorm
|upkeep
|turn|7
|
|t:|1779891822
|move|p2a: Primarina|Moonblast|p1a: Tyranitar
|-supereffective|p1a: Tyranitar
|-damage|p1a: Tyranitar|0 fnt
|faint|p1a: Tyranitar
|
|-weather|Sandstorm|[upkeep]
|-damage|p2a: Primarina|88/100|[from] Sandstorm
|upkeep
|
|t:|1779891826
|switch|p1a: Excadrill|Excadrill, M|100/100
|-item|p1a: Excadrill|Air Balloon
|turn|8
|
|t:|1779891837
|move|p1a: Excadrill|Iron Head|p2a: Primarina
|-damage|p2a: Primarina|32/100
|move|p2a: Primarina|Flip Turn|p1a: Excadrill
|-supereffective|p1a: Excadrill
|-damage|p1a: Excadrill|41/100
|-enditem|p1a: Excadrill|Air Balloon
|
|t:|1779891844
|switch|p2a: Rillaboom|Rillaboom, M|94/100 brn|[from] Flip Turn
|-fieldstart|move: Grassy Terrain|[from] ability: Grassy Surge|[of] p2a: Rillaboom
|
|-weather|Sandstorm|[upkeep]
|-damage|p2a: Rillaboom|88/100 brn|[from] Sandstorm
|-heal|p1a: Excadrill|47/100|[from] Grassy Terrain
|-heal|p2a: Rillaboom|94/100 brn|[from] Grassy Terrain
|-damage|p2a: Rillaboom|88/100 brn|[from] brn
|upkeep
|turn|9
|
|t:|1779891852
|move|p1a: Excadrill|Swords Dance|p1a: Excadrill
|-boost|p1a: Excadrill|atk|2
|move|p2a: Rillaboom|Wood Hammer|p1a: Excadrill
|-damage|p1a: Excadrill|0 fnt
|faint|p1a: Excadrill
|-damage|p2a: Rillaboom|72/100 brn|[from] Recoil
|
|-weather|Sandstorm|[upkeep]
|-damage|p2a: Rillaboom|66/100 brn|[from] Sandstorm
|-heal|p2a: Rillaboom|72/100 brn|[from] Grassy Terrain
|-damage|p2a: Rillaboom|66/100 brn|[from] brn
|upkeep
|
|t:|1779891858
|switch|p1a: Ceruledge|Ceruledge, M|100/100
|turn|10
|
|t:|1779891875
|switch|p2a: Great Tusk|Great Tusk|100/100
|move|p1a: Ceruledge|Swords Dance|p1a: Ceruledge
|-boost|p1a: Ceruledge|atk|2
|
|-weather|none
|upkeep
|turn|11
|
|t:|1779891884
|move|p2a: Great Tusk|Headlong Rush|p1a: Ceruledge
|-supereffective|p1a: Ceruledge
|-enditem|p1a: Ceruledge|Focus Sash
|-damage|p1a: Ceruledge|1/100
|-unboost|p2a: Great Tusk|def|1
|-unboost|p2a: Great Tusk|spd|1
|-ability|p1a: Ceruledge|Weak Armor|boost
|-unboost|p1a: Ceruledge|def|1
|-boost|p1a: Ceruledge|spe|2
|move|p1a: Ceruledge|Swords Dance|p1a: Ceruledge
|-boost|p1a: Ceruledge|atk|2
|
|-heal|p1a: Ceruledge|7/100|[from] Grassy Terrain
|upkeep
|turn|12
|
|t:|1779891897
|-end|p2a: Great Tusk|Protosynthesis|[silent]
|switch|p2a: Rillaboom|Rillaboom, M|66/100 brn
|move|p1a: Ceruledge|Bitter Blade|p2a: Rillaboom
|-supereffective|p2a: Rillaboom
|-damage|p2a: Rillaboom|0 fnt
|-heal|p1a: Ceruledge|46/100|[from] drain|[of] p2a: Rillaboom
|faint|p2a: Rillaboom
|
|-heal|p1a: Ceruledge|52/100|[from] Grassy Terrain
|-fieldend|move: Grassy Terrain
|upkeep
|
|t:|1779891917
|switch|p2a: Kingambit|Kingambit, M|100/100
|-activate|p2a: Kingambit|ability: Supreme Overlord
|-start|p2a: Kingambit|fallen1|[silent]
|turn|13
|
|t:|1779891924
|move|p1a: Ceruledge|Shadow Sneak|p2a: Kingambit
|-resisted|p2a: Kingambit
|-damage|p2a: Kingambit|77/100
|move|p2a: Kingambit|Sucker Punch||[still]
|-fail|p2a: Kingambit
|
|-heal|p2a: Kingambit|83/100|[from] item: Leftovers
|upkeep
|turn|14
|
|t:|1779891930
|move|p1a: Ceruledge|Bitter Blade|p2a: Kingambit
|-supereffective|p2a: Kingambit
|-damage|p2a: Kingambit|0 fnt
|-heal|p1a: Ceruledge|100/100|[from] drain|[of] p2a: Kingambit
|faint|p2a: Kingambit
|-end|p2a: Kingambit|fallen1|[silent]
|
|upkeep
|
|t:|1779891937
|switch|p2a: Great Tusk|Great Tusk|100/100
|turn|15
|
|t:|1779891943
|move|p1a: Ceruledge|Bitter Blade|p2a: Great Tusk
|-damage|p2a: Great Tusk|5/100
|move|p2a: Great Tusk|Headlong Rush|p1a: Ceruledge
|-supereffective|p1a: Ceruledge
|-damage|p1a: Ceruledge|0 fnt
|-unboost|p2a: Great Tusk|def|1
|-unboost|p2a: Great Tusk|spd|1
|faint|p1a: Ceruledge
|
|upkeep
|
|t:|1779891947
|switch|p1a: Walking Wake|Walking Wake|100/100
|turn|16
|
|t:|1779891971
|move|p1a: Walking Wake|Flip Turn|p2a: Great Tusk
|-supereffective|p2a: Great Tusk
|-crit|p2a: Great Tusk
|-damage|p2a: Great Tusk|0 fnt
|faint|p2a: Great Tusk
|-end|p2a: Great Tusk|Protosynthesis|[silent]
|
|t:|1779891980
|-end|p1a: Walking Wake|Protosynthesis|[silent]
|switch|p1a: Moltres|Moltres, tera:Grass|41/100|[from] Flip Turn
|
|upkeep
|
|t:|1779891986
|switch|p2a: Iron Moth|Iron Moth|100/100
|-enditem|p2a: Iron Moth|Booster Energy
|-activate|p2a: Iron Moth|ability: Quark Drive|[fromitem]
|-start|p2a: Iron Moth|quarkdrivespe
|turn|17
|
|t:|1779891994
|move|p2a: Iron Moth|Fiery Dance|p1a: Moltres
|-supereffective|p1a: Moltres
|-damage|p1a: Moltres|0 fnt
|faint|p1a: Moltres
|
|upkeep
|
|t:|1779891997
|switch|p1a: Walking Wake|Walking Wake|100/100
|turn|18
|
|t:|1779892007
|-terastallize|p2a: Iron Moth|Grass
|move|p2a: Iron Moth|Dazzling Gleam|p1a: Walking Wake
|-supereffective|p1a: Walking Wake
|-damage|p1a: Walking Wake|34/100
|move|p1a: Walking Wake|Draco Meteor|p2a: Iron Moth
|-damage|p2a: Iron Moth|0 fnt
|-unboost|p1a: Walking Wake|spa|2
|faint|p2a: Iron Moth
|-end|p2a: Iron Moth|Quark Drive|[silent]
|
|upkeep
|
|t:|1779892018
|switch|p2a: Primarina|Primarina, F|32/100
|turn|19
|
|t:|1779892022
|move|p1a: Walking Wake|Draco Meteor|p2a: Primarina
|-immune|p2a: Primarina
|move|p2a: Primarina|Moonblast|p1a: Walking Wake
|-supereffective|p1a: Walking Wake
|-damage|p1a: Walking Wake|0 fnt
|faint|p1a: Walking Wake
|-end|p1a: Walking Wake|Protosynthesis|[silent]
|
|upkeep
|
|t:|1779892026
|switch|p1a: Iron Valiant|Iron Valiant|100/100
|-enditem|p1a: Iron Valiant|Booster Energy
|-activate|p1a: Iron Valiant|ability: Quark Drive|[fromitem]
|-start|p1a: Iron Valiant|quarkdrivespe
|turn|20
|
|t:|1779892034
|move|p1a: Iron Valiant|Thunderbolt|p2a: Primarina
|-supereffective|p2a: Primarina
|-damage|p2a: Primarina|0 fnt
|faint|p2a: Primarina
|
|upkeep
|
|t:|1779892038
|switch|p2a: Corviknight|Corviknight, M|100/100
|-ability|p2a: Corviknight|Pressure
|turn|21
|
|t:|1779892042
|move|p1a: Iron Valiant|Thunderbolt|p2a: Corviknight
|-supereffective|p2a: Corviknight
|-damage|p2a: Corviknight|39/100
|move|p2a: Corviknight|Brave Bird|p1a: Iron Valiant
|-supereffective|p1a: Iron Valiant
|-damage|p1a: Iron Valiant|2/100
|-damage|p2a: Corviknight|16/100|[from] Recoil
|
|upkeep
|turn|22
|
|t:|1779892051
|move|p1a: Iron Valiant|Thunderbolt|p2a: Corviknight
|-supereffective|p2a: Corviknight
|-damage|p2a: Corviknight|0 fnt
|faint|p2a: Corviknight
|
|win|Pharyl
|raw|Pharyl's rating: 1368 &rarr; <strong>1391</strong><br />(+23 for winning)
|raw|MamiMamiMami's rating: 1414 &rarr; <strong>1391</strong><br />(-23 for losing)
|l|☆MamiMamiMami
|player|p2|
