|j|☆Amphinobi 94
|j|☆erikkolloss
|t:|1779899166
|gametype|singles
|player|p1|Amphinobi 94|morty-masters|1275
|player|p2|erikkolloss|101|1235
|gen|9
|tier|[Gen 9] OU
|rated|
|rule|HP Percentage Mod: HP is shown in percentages
|rule|Endless Battle Clause: Forcing endless battles is banned
|rule|Species Clause: Limit one of each Pokémon
|rule|OHKO Clause: OHKO moves are banned
|rule|Evasion Items Clause: Evasion items are banned
|rule|Evasion Moves Clause: Evasion moves are banned
|rule|Evasion Abilities Clause: Evasion abilities are banned
|rule|Sleep Moves Clause: Sleep-inducing moves are banned
|clearpoke
|poke|p1|Ting-Lu|
|poke|p1|Zamazenta-*|
|poke|p1|Ogerpon-Wellspring, F|
|poke|p1|Dragonite, F|
|poke|p1|Gholdengo|
|poke|p1|Iron Treads|
|poke|p2|Greedent, M|
|poke|p2|Primarina, F|
|poke|p2|Cinderace, F|
|poke|p2|Pelipper, F|
|poke|p2|Landorus-Therian, M|
|poke|p2|Lokix, F|
|teampreview
|c|☆Amphinobi 94|glhf
|
|t:|1779899187
|teamsize|p1|6
|teamsize|p2|6
|start
|switch|p1a: Ting-Lu|Ting-Lu|100/100
|switch|p2a: Pelipper|Pelipper, F|100/100
|-weather|RainDance|[from] ability: Drizzle|[of] p2a: Pelipper
|-ability|p1a: Ting-Lu|Vessel of Ruin
|turn|1
|c|☆Amphinobi 94|raine team ?
|
|t:|1779899199
|move|p2a: Pelipper|Weather Ball|p1a: Ting-Lu
|-supereffective|p1a: Ting-Lu
|-damage|p1a: Ting-Lu|0 fnt
|faint|p1a: Ting-Lu
|
|-weather|RainDance|[upkeep]
|upkeep
|c|☆Amphinobi 94|os
|c|☆Amphinobi 94|glu?
|
|t:|1779899208
|switch|p1a: Ogerpon|Ogerpon-Wellspring, F|100/100
|turn|2
|c|☆erikkolloss|Well damn
|c|☆Amphinobi 94|damn?
|
|t:|1779899220
|switch|p2a: Primarina|Primarina, F|100/100
|move|p1a: Ogerpon|Ivy Cudgel|p2a: Primarina|[anim] Ivy Cudgel Water
|-resisted|p2a: Primarina
|-damage|p2a: Primarina|44/100
|
|-weather|RainDance|[upkeep]
|-heal|p2a: Primarina|50/100|[from] item: Leftovers
|upkeep
|turn|3
|
|t:|1779899227
|move|p1a: Ogerpon|Ivy Cudgel|p2a: Primarina|[anim] Ivy Cudgel Water
|-resisted|p2a: Primarina
|-damage|p2a: Primarina|0 fnt
|faint|p2a: Primarina
|
|-weather|RainDance|[upkeep]
|upkeep
|
|t:|1779899231
|switch|p2a: Pelipper|Pelipper, F|100/100
|turn|4
|c|☆erikkolloss|Never seen ting lu get onehit
|
|t:|1779899280
|switch|p1a: Dragonite|Dragonite, F|100/100
|move|p2a: Pelipper|U-turn|p1a: Dragonite
|-resisted|p1a: Dragonite
|-damage|p1a: Dragonite|98/100
|
|t:|1779899289
|switch|p2a: Greedent|Greedent, M|100/100|[from] U-turn
|
|-weather|RainDance|[upkeep]
|upkeep
|turn|5
|
|t:|1779899297
|move|p1a: Dragonite|Dragon Dance|p1a: Dragonite
|-boost|p1a: Dragonite|atk|1
|-boost|p1a: Dragonite|spe|1
|move|p2a: Greedent|Super Fang|p1a: Dragonite
|-damage|p1a: Dragonite|49/100
|
|-weather|none
|upkeep
|turn|6
|
|t:|1779899305
|move|p1a: Dragonite|Earthquake|p2a: Greedent
|-damage|p2a: Greedent|68/100
|move|p2a: Greedent|Counter|p1a: Dragonite
|-damage|p1a: Dragonite|0 fnt
|faint|p1a: Dragonite
|
|upkeep
|
|t:|1779899311
|switch|p1a: Gholdengo|Gholdengo|100/100
|turn|7
|
|t:|1779899316
|switch|p2a: Cinderace|Cinderace, F|100/100
|move|p1a: Gholdengo|Shadow Ball|p2a: Cinderace
|-damage|p2a: Cinderace|53/100
|
|upkeep
|turn|8
|
|t:|1779899323
|switch|p1a: Ogerpon|Ogerpon-Wellspring, F|100/100
|move|p2a: Cinderace|Pyro Ball|p1a: Ogerpon
|-damage|p1a: Ogerpon|43/100
|
|upkeep
|turn|9
|
|t:|1779899329
|move|p2a: Cinderace|Pyro Ball|p1a: Ogerpon
|-damage|p1a: Ogerpon|0 fnt
|faint|p1a: Ogerpon
|
|upkeep
|
|t:|1779899334
|switch|p1a: Zamazenta|Zamazenta|100/100
|-ability|p1a: Zamazenta|Dauntless Shield|boost
|-boost|p1a: Zamazenta|def|1
|turn|10
|
|t:|1779899337
|move|p1a: Zamazenta|Iron Defense|p1a: Zamazenta
|-boost|p1a: Zamazenta|def|2
|move|p2a: Cinderace|Will-O-Wisp|p1a: Zamazenta
|-status|p1a: Zamazenta|brn
|
|-damage|p1a: Zamazenta|94/100 brn|[from] brn
|upkeep
|turn|11
|c|☆Amphinobi 94|what
|c|☆Amphinobi 94|no misssss
|
|t:|1779899360
|switch|p2a: Greedent|Greedent, M|68/100
|move|p1a: Zamazenta|Iron Defense|p1a: Zamazenta
|-boost|p1a: Zamazenta|def|2
|
|-heal|p1a: Zamazenta|100/100 brn|[from] item: Leftovers
|-damage|p1a: Zamazenta|94/100 brn|[from] brn
|upkeep
|turn|12
|
|t:|1779899367
|-terastallize|p2a: Greedent|Fighting
|move|p1a: Zamazenta|Body Press|p2a: Greedent
|-damage|p2a: Greedent|28/100
|-enditem|p2a: Greedent|Sitrus Berry|[eat]
|-heal|p2a: Greedent|53/100|[from] item: Sitrus Berry
|-heal|p2a: Greedent|87/100|[from] ability: Cheek Pouch
|move|p2a: Greedent|Counter|p1a: Zamazenta
|-damage|p1a: Zamazenta|0 fnt
|faint|p1a: Zamazenta
|
|upkeep
|c|☆Amphinobi 94|Oo
|c|☆Amphinobi 94|+6 def
|
|t:|1779899387
|switch|p1a: Gholdengo|Gholdengo|100/100
|turn|13
|c|☆erikkolloss|Yeah greedent is insane
|c|☆erikkolloss|Max hp max defense
|c|☆Amphinobi 94|BR
|
|t:|1779899397
|move|p1a: Gholdengo|Trick|p2a: Greedent
|-activate|p1a: Gholdengo|move: Trick|[of] p2a: Greedent
|-item|p2a: Greedent|Choice Scarf|[from] move: Trick
|-enditem|p1a: Gholdengo|Choice Scarf|[silent]|[from] move: Trick
|move|p2a: Greedent|Knock Off|p1a: Gholdengo
|-supereffective|p1a: Gholdengo
|-damage|p1a: Gholdengo|70/100
|
|upkeep
|turn|14
|c|☆Amphinobi 94|im sorry
|
|t:|1779899412
|move|p1a: Gholdengo|Make It Rain|p2a: Greedent
|-damage|p2a: Greedent|29/100
|-unboost|p1a: Gholdengo|spa|1
|move|p2a: Greedent|Knock Off|p1a: Gholdengo
|-supereffective|p1a: Gholdengo
|-damage|p1a: Gholdengo|35/100
|
|upkeep
|turn|15
|
|t:|1779899418
|move|p1a: Gholdengo|Recover|p1a: Gholdengo
|-heal|p1a: Gholdengo|85/100
|move|p2a: Greedent|Knock Off|p1a: Gholdengo
|-supereffective|p1a: Gholdengo
|-damage|p1a: Gholdengo|54/100
|
|upkeep
|turn|16
|
|t:|1779899423
|move|p1a: Gholdengo|Make It Rain|p2a: Greedent
|-damage|p2a: Greedent|0 fnt
|-unboost|p1a: Gholdengo|spa|1
|faint|p2a: Greedent
|
|upkeep
|
|t:|1779899427
|switch|p2a: Landorus|Landorus-Therian, M|100/100
|-ability|p2a: Landorus|Intimidate|boost
|-unboost|p1a: Gholdengo|atk|1
|turn|17
|
|t:|1779899430
|move|p2a: Landorus|Earthquake|p1a: Gholdengo
|-supereffective|p1a: Gholdengo
|-damage|p1a: Gholdengo|0 fnt
|faint|p1a: Gholdengo
|
|upkeep
|
|t:|1779899435
|switch|p1a: Iron Treads|Iron Treads|100/100
|-item|p1a: Iron Treads|Air Balloon
|turn|18
|c|☆erikkolloss|Gg
|c|☆Amphinobi 94|4/0
|c|☆Amphinobi 94|hm
|
|t:|1779899450
|-terastallize|p1a: Iron Treads|Ground
|move|p1a: Iron Treads|Ice Spinner|p2a: Landorus
|-supereffective|p2a: Landorus
|-damage|p2a: Landorus|0 fnt
|faint|p2a: Landorus
|
|upkeep
|
|t:|1779899458
|switch|p2a: Pelipper|Pelipper, F|100/100
|-weather|RainDance|[from] ability: Drizzle|[of] p2a: Pelipper
|turn|19
|
|t:|1779899463
|move|p1a: Iron Treads|Knock Off|p2a: Pelipper
|-damage|p2a: Pelipper|73/100
|-enditem|p2a: Pelipper|Choice Specs|[from] move: Knock Off|[of] p1a: Iron Treads
|move|p2a: Pelipper|Weather Ball|p1a: Iron Treads
|-supereffective|p1a: Iron Treads
|-damage|p1a: Iron Treads|0 fnt
|-enditem|p1a: Iron Treads|Air Balloon
|faint|p1a: Iron Treads
|-end|p1a: Iron Treads|Quark Drive|[silent]
|
|win|erikkolloss
|raw|Amphinobi 94's rating: 1275 &rarr; <strong>1247</strong><br />(-28 for losing)
|raw|erikkolloss's rating: 1235 &rarr; <strong>1263</strong><br />(+28 for winning)
|c|☆Amphinobi 94|iamo
|c|☆Amphinobi 94|good life
|c|☆Amphinobi 94|wp
|c|☆erikkolloss|You too friend
|c|☆erikkolloss|:)
|l|☆erikkolloss
|player|p2|
|l|☆Amphinobi 94
|player|p1|
