|j|☆fa_e_ij_oe_a
|j|☆rfouqjFOEJ
|t:|1779863034
|gametype|singles
|player|p1|fa_e_ij_oe_a|ethan|1074
|player|p2|rfouqjFOEJ|266|1194
|gen|9
|tier|[Gen 9] OU
|rated|
|rule|HP Percentage Mod: HP is shown in percentages
|rule|Endless Battle Clause: Forcing endless battles is banned
|rule|Species Clause: Limit one of each Pokémon
|rule|OHKO Clause: OHKO moves are banned
|rule|Evasion Items Clause: Evasion items are banned
|rule|Evasion Moves Clause: Evasion moves are banned
|rule|Evasion Abilities Clause: Evasion abilities are banned
|rule|Sleep Moves Clause: Sleep-inducing moves are banned
|clearpoke
|poke|p1|Meowscarada, F|
|poke|p1|Pecharunt|
|poke|p1|Enamorus, F|
|poke|p1|Iron Treads|
|poke|p1|Skarmory, M|
|poke|p1|Slowking, F|
|poke|p2|Moltres|
|poke|p2|Ogerpon-Cornerstone, F|
|poke|p2|Tinkaton, F|
|poke|p2|Zamazenta-*|
|poke|p2|Mandibuzz, F|
|poke|p2|Porygon-Z|
|teampreview
|
|t:|1779863039
|teamsize|p1|6
|teamsize|p2|6
|start
|switch|p1a: Meowscarada|Meowscarada, F|100/100
|switch|p2a: Tinkaton|Tinkaton, F|100/100
|-item|p2a: Tinkaton|Air Balloon
|turn|1
|
|t:|1779863050
|move|p1a: Meowscarada|U-turn|p2a: Tinkaton
|-start|p1a: Meowscarada|typechange|Bug|[from] ability: Protean
|-resisted|p2a: Tinkaton
|-damage|p2a: Tinkaton|88/100
|-enditem|p2a: Tinkaton|Air Balloon
|-enditem|p1a: Meowscarada|Choice Band|[silent]|[from] ability: Pickpocket|[of] p1a: Meowscarada
|-item|p2a: Tinkaton|Choice Band|[from] ability: Pickpocket|[of] p1a: Meowscarada
|
|t:|1779863058
|switch|p1a: Iron Treads|Iron Treads|100/100|[from] U-turn
|move|p2a: Tinkaton|Thunder Wave|p1a: Iron Treads
|-immune|p1a: Iron Treads
|
|upkeep
|turn|2
|
|t:|1779863067
|switch|p2a: Moltres|Moltres|100/100
|move|p1a: Iron Treads|Knock Off|p2a: Moltres
|-damage|p2a: Moltres|75/100
|-status|p1a: Iron Treads|brn|[from] ability: Flame Body|[of] p2a: Moltres
|-enditem|p2a: Moltres|Heavy-Duty Boots|[from] move: Knock Off|[of] p1a: Iron Treads
|
|-damage|p1a: Iron Treads|94/100 brn|[from] brn
|upkeep
|turn|3
|
|t:|1779863090
|-end|p1a: Iron Treads|Quark Drive|[silent]
|switch|p1a: Slowking|Slowking, F|100/100
|move|p2a: Moltres|Flamethrower|p1a: Slowking
|-resisted|p1a: Slowking
|-damage|p1a: Slowking|92/100
|
|upkeep
|turn|4
|
|t:|1779863100
|move|p2a: Moltres|U-turn|p1a: Slowking
|-supereffective|p1a: Slowking
|-crit|p1a: Slowking
|-damage|p1a: Slowking|53/100
|
|t:|1779863104
|switch|p2a: Mandibuzz|Mandibuzz, F|100/100|[from] U-turn
|move|p1a: Slowking|Future Sight|p2a: Mandibuzz
|-start|p1a: Slowking|move: Future Sight
|
|upkeep
|turn|5
|
|t:|1779863110
|switch|p1a: Enamorus|Enamorus, F|100/100
|move|p2a: Mandibuzz|Foul Play|p1a: Enamorus
|-resisted|p1a: Enamorus
|-damage|p1a: Enamorus|79/100
|
|upkeep
|turn|6
|
|t:|1779863124
|switch|p2a: Moltres|Moltres|75/100
|move|p1a: Enamorus|Moonblast|p2a: Moltres
|-resisted|p2a: Moltres
|-damage|p2a: Moltres|55/100
|
|-end|p2a: Moltres|move: Future Sight
|-damage|p2a: Moltres|23/100
|upkeep
|turn|7
|
|t:|1779863163
|move|p1a: Enamorus|Moonblast|p2a: Moltres
|-resisted|p2a: Moltres
|-damage|p2a: Moltres|2/100
|-unboost|p2a: Moltres|spa|1
|move|p2a: Moltres|Roost|p2a: Moltres
|-heal|p2a: Moltres|52/100
|-singleturn|p2a: Moltres|move: Roost
|
|upkeep
|turn|8
|
|t:|1779863173
|move|p1a: Enamorus|Moonblast|p2a: Moltres
|-resisted|p2a: Moltres
|-damage|p2a: Moltres|34/100
|move|p2a: Moltres|Roost|p2a: Moltres
|-heal|p2a: Moltres|84/100
|-singleturn|p2a: Moltres|move: Roost
|
|upkeep
|turn|9
|
|t:|1779863180
|move|p1a: Enamorus|Moonblast|p2a: Moltres
|-resisted|p2a: Moltres
|-damage|p2a: Moltres|65/100
|move|p2a: Moltres|Flamethrower|p1a: Enamorus
|-damage|p1a: Enamorus|41/100
|
|upkeep
|turn|10
|
|t:|1779863192
|switch|p1a: Slowking|Slowking, F|87/100
|move|p2a: Moltres|Roost|p2a: Moltres
|-heal|p2a: Moltres|100/100
|-singleturn|p2a: Moltres|move: Roost
|
|upkeep
|turn|11
|
|t:|1779863199
|move|p2a: Moltres|U-turn|p1a: Slowking
|-supereffective|p1a: Slowking
|-damage|p1a: Slowking|58/100
|
|t:|1779863203
|switch|p2a: Mandibuzz|Mandibuzz, F|100/100|[from] U-turn
|move|p1a: Slowking|Future Sight|p2a: Mandibuzz
|-start|p1a: Slowking|move: Future Sight
|
|upkeep
|turn|12
|
|t:|1779863209
|switch|p1a: Enamorus|Enamorus, F|41/100
|move|p2a: Mandibuzz|Foul Play|p1a: Enamorus
|-resisted|p1a: Enamorus
|-damage|p1a: Enamorus|19/100
|
|upkeep
|turn|13
|
|t:|1779863225
|move|p1a: Enamorus|Moonblast|p2a: Mandibuzz
|-supereffective|p2a: Mandibuzz
|-damage|p2a: Mandibuzz|1/100
|-unboost|p2a: Mandibuzz|spa|1
|move|p2a: Mandibuzz|Foul Play|p1a: Enamorus
|-resisted|p1a: Enamorus
|-damage|p1a: Enamorus|0 fnt
|faint|p1a: Enamorus
|
|-end|p2a: Mandibuzz|move: Future Sight
|-immune|p2a: Mandibuzz
|upkeep
|
|t:|1779863239
|switch|p1a: Meowscarada|Meowscarada, F|100/100
|turn|14
|
|t:|1779863243
|switch|p2a: Moltres|Moltres|100/100
|move|p1a: Meowscarada|U-turn|p2a: Moltres
|-start|p1a: Meowscarada|typechange|Bug|[from] ability: Protean
|-resisted|p2a: Moltres
|-damage|p2a: Moltres|93/100
|-status|p1a: Meowscarada|brn|[from] ability: Flame Body|[of] p2a: Moltres
|
|t:|1779863258
|switch|p1a: Slowking|Slowking, F|92/100|[from] U-turn
|
|upkeep
|turn|15
|
|t:|1779863275
|-terastallize|p1a: Slowking|Steel
|move|p2a: Moltres|U-turn|p1a: Slowking
|-resisted|p1a: Slowking
|-damage|p1a: Slowking|85/100
|
|t:|1779863294
|switch|p2a: Zamazenta|Zamazenta|100/100|[from] U-turn
|-ability|p2a: Zamazenta|Dauntless Shield|boost
|-boost|p2a: Zamazenta|def|1
|move|p1a: Slowking|Scald|p2a: Zamazenta
|-damage|p2a: Zamazenta|71/100
|
|-heal|p2a: Zamazenta|77/100|[from] item: Leftovers
|upkeep
|turn|16
|
|t:|1779863321
|switch|p1a: Pecharunt|Pecharunt|100/100
|move|p2a: Zamazenta|Body Press|p1a: Pecharunt
|-immune|p1a: Pecharunt
|
|-heal|p2a: Zamazenta|83/100|[from] item: Leftovers
|upkeep
|turn|17
|
|t:|1779863339
|switch|p2a: Tinkaton|Tinkaton, F|88/100
|move|p1a: Pecharunt|Malignant Chain|p2a: Tinkaton
|-immune|p2a: Tinkaton
|
|upkeep
|turn|18
|
|t:|1779863349
|move|p2a: Tinkaton|Knock Off|p1a: Pecharunt
|-supereffective|p1a: Pecharunt
|-damage|p1a: Pecharunt|77/100
|-damage|p2a: Tinkaton|71/100|[from] item: Rocky Helmet|[of] p1a: Pecharunt
|-enditem|p1a: Pecharunt|Rocky Helmet|[from] move: Knock Off|[of] p2a: Tinkaton
|move|p1a: Pecharunt|Parting Shot|p2a: Tinkaton
|-unboost|p2a: Tinkaton|atk|1
|-unboost|p2a: Tinkaton|spa|1
|
|t:|1779863370
|switch|p1a: Skarmory|Skarmory, M|100/100|[from] Parting Shot
|
|upkeep
|turn|19
|
|t:|1779863383
|switch|p2a: Moltres|Moltres|93/100
|move|p1a: Skarmory|Spikes|p2a: Moltres
|-sidestart|p2: rfouqjFOEJ|Spikes
|
|upkeep
|turn|20
|
|t:|1779863393
|switch|p1a: Slowking|Slowking, F, tera:Steel|100/100
|move|p2a: Moltres|Flamethrower|p1a: Slowking
|-supereffective|p1a: Slowking
|-damage|p1a: Slowking|68/100
|
|upkeep
|turn|21
|
|t:|1779863405
|move|p2a: Moltres|Flamethrower|p1a: Slowking
|-supereffective|p1a: Slowking
|-damage|p1a: Slowking|34/100
|move|p1a: Slowking|Future Sight|p2a: Moltres
|-start|p1a: Slowking|move: Future Sight
|
|upkeep
|turn|22
|
|t:|1779863428
|move|p2a: Moltres|Flamethrower|p1a: Slowking
|-supereffective|p1a: Slowking
|-damage|p1a: Slowking|0 fnt
|faint|p1a: Slowking
|
|upkeep
|
|t:|1779863439
|switch|p1a: Meowscarada|Meowscarada, F|100/100 brn
|turn|23
|
|t:|1779863462
|move|p1a: Meowscarada|U-turn|p2a: Moltres
|-start|p1a: Meowscarada|typechange|Bug|[from] ability: Protean
|-resisted|p2a: Moltres
|-damage|p2a: Moltres|89/100
|
|t:|1779863473
|switch|p1a: Pecharunt|Pecharunt|77/100|[from] U-turn
|move|p2a: Moltres|Flamethrower|p1a: Pecharunt
|-damage|p1a: Pecharunt|43/100
|
|-end|p2a: Moltres|move: Future Sight
|-damage|p2a: Moltres|57/100
|upkeep
|turn|24
|
|t:|1779863481
|switch|p2a: Tinkaton|Tinkaton, F|71/100
|-damage|p2a: Tinkaton|59/100|[from] Spikes
|move|p1a: Pecharunt|Recover|p1a: Pecharunt
|-heal|p1a: Pecharunt|93/100
|
|upkeep
|turn|25
|
|t:|1779863490
|move|p2a: Tinkaton|Knock Off|p1a: Pecharunt
|-supereffective|p1a: Pecharunt
|-damage|p1a: Pecharunt|78/100
|move|p1a: Pecharunt|Parting Shot|p2a: Tinkaton
|-unboost|p2a: Tinkaton|atk|1
|-unboost|p2a: Tinkaton|spa|1
|
|t:|1779863505
|switch|p1a: Iron Treads|Iron Treads|94/100 brn|[from] Parting Shot
|
|-heal|p1a: Iron Treads|100/100 brn|[from] item: Leftovers
|-damage|p1a: Iron Treads|94/100 brn|[from] brn
|upkeep
|turn|26
|
|t:|1779863520
|switch|p2a: Moltres|Moltres|57/100
|move|p1a: Iron Treads|Stealth Rock|p2a: Moltres
|-sidestart|p2: rfouqjFOEJ|move: Stealth Rock
|
|-heal|p1a: Iron Treads|100/100 brn|[from] item: Leftovers
|-damage|p1a: Iron Treads|94/100 brn|[from] brn
|upkeep
|turn|27
|
|t:|1779863533
|move|p1a: Iron Treads|Knock Off|p2a: Moltres
|-damage|p2a: Moltres|50/100
|move|p2a: Moltres|Roost|p2a: Moltres
|-heal|p2a: Moltres|99/100
|-singleturn|p2a: Moltres|move: Roost
|
|-heal|p1a: Iron Treads|100/100 brn|[from] item: Leftovers
|-damage|p1a: Iron Treads|94/100 brn|[from] brn
|upkeep
|turn|28
|
|t:|1779863560
|-end|p1a: Iron Treads|Quark Drive|[silent]
|switch|p1a: Pecharunt|Pecharunt|78/100
|move|p2a: Moltres|Flamethrower|p1a: Pecharunt
|-damage|p1a: Pecharunt|40/100
|
|upkeep
|turn|29
|
|t:|1779863569
|switch|p2a: Tinkaton|Tinkaton, F|59/100
|-damage|p2a: Tinkaton|46/100|[from] Spikes
|-damage|p2a: Tinkaton|40/100|[from] Stealth Rock
|move|p1a: Pecharunt|Recover|p1a: Pecharunt
|-heal|p1a: Pecharunt|90/100
|
|upkeep
|turn|30
|
|t:|1779863579
|move|p2a: Tinkaton|Knock Off|p1a: Pecharunt
|-supereffective|p1a: Pecharunt
|-damage|p1a: Pecharunt|73/100
|move|p1a: Pecharunt|Parting Shot|p2a: Tinkaton
|-unboost|p2a: Tinkaton|atk|1
|-unboost|p2a: Tinkaton|spa|1
|
|t:|1779863587
|switch|p1a: Iron Treads|Iron Treads|94/100 brn|[from] Parting Shot
|
|-heal|p1a: Iron Treads|100/100 brn|[from] item: Leftovers
|-damage|p1a: Iron Treads|94/100 brn|[from] brn
|upkeep
|turn|31
|
|t:|1779863597
|switch|p2a: Moltres|Moltres|99/100
|-damage|p2a: Moltres|50/100|[from] Stealth Rock
|move|p1a: Iron Treads|Knock Off|p2a: Moltres
|-damage|p2a: Moltres|42/100
|
|-heal|p1a: Iron Treads|100/100 brn|[from] item: Leftovers
|-damage|p1a: Iron Treads|94/100 brn|[from] brn
|upkeep
|turn|32
|
|t:|1779863606
|move|p1a: Iron Treads|Earthquake|p2a: Moltres
|-immune|p2a: Moltres
|move|p2a: Moltres|Roost|p2a: Moltres
|-heal|p2a: Moltres|92/100
|-singleturn|p2a: Moltres|move: Roost
|
|-heal|p1a: Iron Treads|100/100 brn|[from] item: Leftovers
|-damage|p1a: Iron Treads|94/100 brn|[from] brn
|upkeep
|turn|33
|
|t:|1779863622
|-end|p1a: Iron Treads|Quark Drive|[silent]
|switch|p1a: Pecharunt|Pecharunt|73/100
|move|p2a: Moltres|U-turn|p1a: Pecharunt
|-resisted|p1a: Pecharunt
|-damage|p1a: Pecharunt|71/100
|
|t:|1779863653
|switch|p2a: Porygon-Z|Porygon-Z|100/100|[from] U-turn
|-damage|p2a: Porygon-Z|88/100|[from] Spikes
|-damage|p2a: Porygon-Z|76/100|[from] Stealth Rock
|-ability|p2a: Porygon-Z|Download|boost
|-boost|p2a: Porygon-Z|spa|1
|
|upkeep
|turn|34
|
|t:|1779863684
|move|p2a: Porygon-Z|Shadow Ball|p1a: Pecharunt
|-supereffective|p1a: Pecharunt
|-damage|p1a: Pecharunt|0 fnt
|faint|p1a: Pecharunt
|
|upkeep
|
|t:|1779863693
|switch|p1a: Skarmory|Skarmory, M|100/100
|turn|35
|
|t:|1779863706
|switch|p2a: Moltres|Moltres|92/100
|-damage|p2a: Moltres|42/100|[from] Stealth Rock
|move|p1a: Skarmory|Iron Defense|p1a: Skarmory
|-boost|p1a: Skarmory|def|2
|
|upkeep
|turn|36
|
|t:|1779863722
|move|p2a: Moltres|Roost|p2a: Moltres
|-heal|p2a: Moltres|92/100
|-singleturn|p2a: Moltres|move: Roost
|move|p1a: Skarmory|Body Press|p2a: Moltres
|-damage|p2a: Moltres|32/100
|
|upkeep
|turn|37
|
|t:|1779863733
|-terastallize|p2a: Moltres|Fairy
|move|p2a: Moltres|Roost|p2a: Moltres
|-heal|p2a: Moltres|82/100
|move|p1a: Skarmory|Body Press|p2a: Moltres
|-resisted|p2a: Moltres
|-damage|p2a: Moltres|55/100
|
|upkeep
|turn|38
|
|t:|1779863744
|move|p2a: Moltres|Flamethrower|p1a: Skarmory
|-supereffective|p1a: Skarmory
|-ability|p1a: Skarmory|Sturdy
|-damage|p1a: Skarmory|1/100
|move|p1a: Skarmory|Iron Defense|p1a: Skarmory
|-boost|p1a: Skarmory|def|2
|
|upkeep
|turn|39
|
|t:|1779863755
|move|p2a: Moltres|Flamethrower|p1a: Skarmory
|-supereffective|p1a: Skarmory
|-damage|p1a: Skarmory|0 fnt
|faint|p1a: Skarmory
|
|upkeep
|
|t:|1779863760
|switch|p1a: Meowscarada|Meowscarada, F|100/100 brn
|turn|40
|
|t:|1779863773
|move|p1a: Meowscarada|Triple Axel|p2a: Moltres
|-start|p1a: Meowscarada|typechange|Ice|[from] ability: Protean
|-damage|p2a: Moltres|50/100
|-damage|p2a: Moltres|41/100
|-damage|p2a: Moltres|29/100
|-hitcount|p2a: Moltres|3
|move|p2a: Moltres|Roost|p2a: Moltres
|-heal|p2a: Moltres|79/100
|
|-damage|p1a: Meowscarada|94/100 brn|[from] brn
|upkeep
|turn|41
|
|t:|1779863787
|move|p1a: Meowscarada|Triple Axel|p2a: Moltres
|-damage|p2a: Moltres|75/100
|-damage|p2a: Moltres|66/100
|-damage|p2a: Moltres|52/100
|-hitcount|p2a: Moltres|3
|move|p2a: Moltres|Flamethrower|p1a: Meowscarada
|-supereffective|p1a: Meowscarada
|-damage|p1a: Meowscarada|0 fnt
|faint|p1a: Meowscarada
|
|upkeep
|
|t:|1779863797
|switch|p1a: Iron Treads|Iron Treads|94/100 brn
|turn|42
|
|t:|1779863801
|move|p1a: Iron Treads|Earthquake|p2a: Moltres
|-damage|p2a: Moltres|34/100
|move|p2a: Moltres|Flamethrower|p1a: Iron Treads
|-supereffective|p1a: Iron Treads
|-damage|p1a: Iron Treads|33/100 brn
|
|-heal|p1a: Iron Treads|39/100 brn|[from] item: Leftovers
|-damage|p1a: Iron Treads|33/100 brn|[from] brn
|upkeep
|turn|43
|
|t:|1779863816
|move|p1a: Iron Treads|Earthquake|p2a: Moltres
|-damage|p2a: Moltres|17/100
|move|p2a: Moltres|Flamethrower|p1a: Iron Treads
|-supereffective|p1a: Iron Treads
|-damage|p1a: Iron Treads|0 fnt
|faint|p1a: Iron Treads
|-end|p1a: Iron Treads|Quark Drive|[silent]
|
|win|rfouqjFOEJ
|raw|fa_e_ij_oe_a's rating: 1074 &rarr; <strong>1060</strong><br />(-14 for losing)
|raw|rfouqjFOEJ's rating: 1194 &rarr; <strong>1211</strong><br />(+17 for winning)
|l|☆fa_e_ij_oe_a
|player|p1|
