|j|☆kilimanjaaro
|j|☆TianBing
|t:|1779867732
|gametype|singles
|player|p1|kilimanjaaro|1|1283
|player|p2|TianBing|cynthia|1291
|gen|9
|tier|[Gen 9] OU
|rated|
|rule|HP Percentage Mod: HP is shown in percentages
|rule|Endless Battle Clause: Forcing endless battles is banned
|rule|Species Clause: Limit one of each Pokémon
|rule|OHKO Clause: OHKO moves are banned
|rule|Evasion Items Clause: Evasion items are banned
|rule|Evasion Moves Clause: Evasion moves are banned
|rule|Evasion Abilities Clause: Evasion abilities are banned
|rule|Sleep Moves Clause: Sleep-inducing moves are banned
|clearpoke
|poke|p1|Garganacl, M|
|poke|p1|Kingambit, M|
|poke|p1|Primarina, F|
|poke|p1|Grimmsnarl, M|
|poke|p1|Cinderace, F|
|poke|p1|Toxapex, F|
|poke|p2|Pelipper, M|
|poke|p2|Tornadus-Therian, M|
|poke|p2|Iron Treads|
|poke|p2|Dragapult, F|
|poke|p2|Keldeo-Resolute|
|poke|p2|Raging Bolt|
|teampreview
|
|t:|1779867744
|teamsize|p1|6
|teamsize|p2|6
|start
|switch|p1a: Grimmsnarl|Grimmsnarl, M|100/100
|switch|p2a: Pelipper|Pelipper, M|100/100
|-weather|RainDance|[from] ability: Drizzle|[of] p2a: Pelipper
|turn|1
|
|t:|1779867751
|move|p1a: Grimmsnarl|Light Screen|p1a: Grimmsnarl
|-sidestart|p1: kilimanjaaro|move: Light Screen
|move|p2a: Pelipper|Surf|p1a: Grimmsnarl
|-damage|p1a: Grimmsnarl|82/100
|
|-weather|RainDance|[upkeep]
|upkeep
|turn|2
|
|t:|1779867755
|move|p1a: Grimmsnarl|Spirit Break|p2a: Pelipper
|-damage|p2a: Pelipper|79/100
|-unboost|p2a: Pelipper|spa|1
|move|p2a: Pelipper|U-turn|p1a: Grimmsnarl
|-damage|p1a: Grimmsnarl|70/100
|inactive|Battle timer is ON: inactive players will automatically lose when time's up. (requested by kilimanjaaro)
|
|t:|1779867770
|switch|p2a: Iron Treads|Iron Treads|100/100|[from] U-turn
|
|-weather|RainDance|[upkeep]
|upkeep
|turn|3
|
|t:|1779867774
|move|p1a: Grimmsnarl|Reflect|p1a: Grimmsnarl
|-sidestart|p1: kilimanjaaro|Reflect
|move|p2a: Iron Treads|Stealth Rock|p1a: Grimmsnarl
|-sidestart|p1: kilimanjaaro|move: Stealth Rock
|
|-weather|RainDance|[upkeep]
|upkeep
|turn|4
|
|t:|1779867782
|switch|p1a: Primarina|Primarina, F|100/100
|-damage|p1a: Primarina|88/100|[from] Stealth Rock
|move|p2a: Iron Treads|Knock Off|p1a: Primarina
|-resisted|p1a: Primarina
|-damage|p1a: Primarina|81/100
|-enditem|p1a: Primarina|Sitrus Berry|[from] move: Knock Off|[of] p2a: Iron Treads
|
|-weather|RainDance|[upkeep]
|upkeep
|turn|5
|
|t:|1779867796
|-terastallize|p2a: Iron Treads|Ghost
|move|p2a: Iron Treads|Earthquake|p1a: Primarina
|-damage|p1a: Primarina|60/100
|move|p1a: Primarina|Calm Mind|p1a: Primarina
|-boost|p1a: Primarina|spa|1
|-boost|p1a: Primarina|spd|1
|
|-weather|RainDance|[upkeep]
|upkeep
|turn|6
|
|t:|1779867809
|move|p2a: Iron Treads|Rapid Spin|p1a: Primarina
|-damage|p1a: Primarina|53/100
|-boost|p2a: Iron Treads|spe|1
|move|p1a: Primarina|Alluring Voice|p2a: Iron Treads
|-damage|p2a: Iron Treads|48/100
|-start|p2a: Iron Treads|confusion
|
|-weather|RainDance|[upkeep]
|-heal|p2a: Iron Treads|54/100|[from] item: Leftovers
|upkeep
|turn|7
|
|t:|1779867819
|-activate|p2a: Iron Treads|confusion
|move|p2a: Iron Treads|Earthquake|p1a: Primarina
|-damage|p1a: Primarina|30/100
|move|p1a: Primarina|Alluring Voice|p2a: Iron Treads
|-damage|p2a: Iron Treads|0 fnt
|faint|p2a: Iron Treads
|-end|p2a: Iron Treads|Quark Drive|[silent]
|
|-weather|RainDance|[upkeep]
|upkeep
|
|t:|1779867822
|switch|p2a: Raging Bolt|Raging Bolt|100/100
|-enditem|p2a: Raging Bolt|Booster Energy
|-activate|p2a: Raging Bolt|ability: Protosynthesis|[fromitem]
|-start|p2a: Raging Bolt|protosynthesisspa
|turn|8
|
|t:|1779867826
|move|p2a: Raging Bolt|Thunderclap|p1a: Primarina
|-supereffective|p1a: Primarina
|-damage|p1a: Primarina|0 fnt
|faint|p1a: Primarina
|
|-weather|none
|-sideend|p1: kilimanjaaro|move: Light Screen
|upkeep
|
|t:|1779867829
|switch|p1a: Toxapex|Toxapex, F|100/100
|-damage|p1a: Toxapex|88/100|[from] Stealth Rock
|turn|9
|
|t:|1779867834
|-end|p2a: Raging Bolt|Protosynthesis|[silent]
|switch|p2a: Pelipper|Pelipper, M|79/100
|-weather|RainDance|[from] ability: Drizzle|[of] p2a: Pelipper
|move|p1a: Toxapex|Toxic|p2a: Pelipper
|-status|p2a: Pelipper|tox
|
|-weather|RainDance|[upkeep]
|-damage|p2a: Pelipper|73/100 tox|[from] psn
|upkeep
|turn|10
|
|t:|1779867842
|move|p2a: Pelipper|U-turn|p1a: Toxapex
|-resisted|p1a: Toxapex
|-damage|p1a: Toxapex|86/100
|-damage|p2a: Pelipper|57/100 tox|[from] item: Rocky Helmet|[of] p1a: Toxapex
|
|t:|1779867846
|switch|p2a: Raging Bolt|Raging Bolt|100/100|[from] U-turn
|move|p1a: Toxapex|Toxic|p2a: Raging Bolt
|-status|p2a: Raging Bolt|tox
|
|-weather|RainDance|[upkeep]
|-damage|p2a: Raging Bolt|94/100 tox|[from] psn
|-sideend|p1: kilimanjaaro|Reflect
|upkeep
|turn|11
|
|t:|1779867855
|move|p2a: Raging Bolt|Thunder|p1a: Toxapex
|-supereffective|p1a: Toxapex
|-damage|p1a: Toxapex|0 fnt
|faint|p1a: Toxapex
|
|-weather|RainDance|[upkeep]
|-damage|p2a: Raging Bolt|82/100 tox|[from] psn
|upkeep
|
|t:|1779867860
|switch|p1a: Grimmsnarl|Grimmsnarl, M|70/100
|-damage|p1a: Grimmsnarl|57/100|[from] Stealth Rock
|turn|12
|
|t:|1779867865
|move|p1a: Grimmsnarl|Light Screen|p1a: Grimmsnarl
|-sidestart|p1: kilimanjaaro|move: Light Screen
|move|p2a: Raging Bolt|Thunder|p1a: Grimmsnarl
|-damage|p1a: Grimmsnarl|32/100
|
|-weather|RainDance|[upkeep]
|-damage|p2a: Raging Bolt|64/100 tox|[from] psn
|upkeep
|turn|13
|
|t:|1779867877
|move|p2a: Raging Bolt|Thunder|p1a: Grimmsnarl
|-damage|p1a: Grimmsnarl|9/100
|move|p1a: Grimmsnarl|Spirit Break|p2a: Raging Bolt
|-supereffective|p2a: Raging Bolt
|-damage|p2a: Raging Bolt|10/100 tox
|-unboost|p2a: Raging Bolt|spa|1
|
|-weather|RainDance|[upkeep]
|-damage|p2a: Raging Bolt|0 fnt|[from] psn
|faint|p2a: Raging Bolt
|-end|p2a: Raging Bolt|Protosynthesis|[silent]
|upkeep
|
|t:|1779867883
|switch|p2a: Tornadus|Tornadus-Therian, M|100/100
|turn|14
|
|t:|1779867891
|move|p1a: Grimmsnarl|Reflect|p1a: Grimmsnarl
|-sidestart|p1: kilimanjaaro|Reflect
|move|p2a: Tornadus|Weather Ball|p1a: Grimmsnarl
|-damage|p1a: Grimmsnarl|0 fnt
|faint|p1a: Grimmsnarl
|
|-weather|RainDance|[upkeep]
|upkeep
|
|t:|1779867895
|switch|p1a: Garganacl|Garganacl, M|100/100
|-damage|p1a: Garganacl|88/100|[from] Stealth Rock
|turn|15
|
|t:|1779867899
|-terastallize|p1a: Garganacl|Water
|move|p2a: Tornadus|Weather Ball|p1a: Garganacl
|-resisted|p1a: Garganacl
|-damage|p1a: Garganacl|76/100
|move|p1a: Garganacl|Iron Defense|p1a: Garganacl
|-boost|p1a: Garganacl|def|2
|
|-weather|RainDance|[upkeep]
|-heal|p1a: Garganacl|83/100|[from] item: Leftovers
|upkeep
|turn|16
|
|t:|1779867905
|switch|p2a: Pelipper|Pelipper, M|57/100 tox
|move|p1a: Garganacl|Salt Cure|p2a: Pelipper
|-supereffective|p2a: Pelipper
|-damage|p2a: Pelipper|35/100 tox
|-start|p2a: Pelipper|Salt Cure
|
|-weather|none
|-heal|p1a: Garganacl|89/100|[from] item: Leftovers
|-damage|p2a: Pelipper|29/100 tox|[from] psn
|-damage|p2a: Pelipper|5/100 tox|[from] Salt Cure
|upkeep
|turn|17
|
|t:|1779867916
|switch|p2a: Dragapult|Dragapult, F|100/100
|move|p1a: Garganacl|Recover|p1a: Garganacl
|-heal|p1a: Garganacl|100/100
|
|upkeep
|turn|18
|
|t:|1779867921
|move|p2a: Dragapult|U-turn|p1a: Garganacl
|-damage|p1a: Garganacl|89/100
|
|t:|1779867923
|switch|p2a: Pelipper|Pelipper, M|5/100 tox|[from] U-turn
|-weather|RainDance|[from] ability: Drizzle|[of] p2a: Pelipper
|move|p1a: Garganacl|Salt Cure|p2a: Pelipper
|-supereffective|p2a: Pelipper
|-damage|p2a: Pelipper|0 fnt
|faint|p2a: Pelipper
|
|-weather|RainDance|[upkeep]
|-heal|p1a: Garganacl|96/100|[from] item: Leftovers
|upkeep
|
|t:|1779867928
|switch|p2a: Tornadus|Tornadus-Therian, M|100/100
|turn|19
|
|t:|1779867932
|move|p2a: Tornadus|Hurricane|p1a: Garganacl
|-damage|p1a: Garganacl|73/100
|move|p1a: Garganacl|Salt Cure|p2a: Tornadus
|-supereffective|p2a: Tornadus
|-damage|p2a: Tornadus|62/100
|-start|p2a: Tornadus|Salt Cure
|
|-weather|RainDance|[upkeep]
|-heal|p1a: Garganacl|79/100|[from] item: Leftovers
|-damage|p2a: Tornadus|49/100|[from] Salt Cure
|-sideend|p1: kilimanjaaro|move: Light Screen
|upkeep
|turn|20
|
|t:|1779867938
|move|p2a: Tornadus|Hurricane|p1a: Garganacl
|-damage|p1a: Garganacl|25/100
|-start|p1a: Garganacl|confusion
|-activate|p1a: Garganacl|confusion
|move|p1a: Garganacl|Body Press|p2a: Tornadus
|-resisted|p2a: Tornadus
|-damage|p2a: Tornadus|17/100
|
|-weather|RainDance|[upkeep]
|-heal|p1a: Garganacl|31/100|[from] item: Leftovers
|-damage|p2a: Tornadus|4/100|[from] Salt Cure
|upkeep
|turn|21
|
|t:|1779867944
|move|p2a: Tornadus|Hurricane|p1a: Garganacl
|-damage|p1a: Garganacl|0 fnt
|faint|p1a: Garganacl
|
|-weather|RainDance|[upkeep]
|-damage|p2a: Tornadus|0 fnt|[from] Salt Cure
|faint|p2a: Tornadus
|-sideend|p1: kilimanjaaro|Reflect
|upkeep
|
|t:|1779867952
|switch|p2a: Keldeo|Keldeo-Resolute|100/100
|switch|p1a: Cinderace|Cinderace, F|100/100
|turn|22
|
|t:|1779867962
|move|p1a: Cinderace|Sucker Punch|p2a: Keldeo
|-start|p1a: Cinderace|typechange|Dark|[from] ability: Libero
|-resisted|p2a: Keldeo
|-damage|p2a: Keldeo|80/100
|-ability|p2a: Keldeo|Justified|boost
|-boost|p2a: Keldeo|atk|1
|move|p2a: Keldeo|Surf|p1a: Cinderace
|-damage|p1a: Cinderace|0 fnt
|faint|p1a: Cinderace
|
|-weather|RainDance|[upkeep]
|upkeep
|
|t:|1779867965
|switch|p1a: Kingambit|Kingambit, M|100/100
|-damage|p1a: Kingambit|94/100|[from] Stealth Rock
|-activate|p1a: Kingambit|ability: Supreme Overlord
|-start|p1a: Kingambit|fallen5|[silent]
|turn|23
|
|t:|1779867970
|move|p2a: Keldeo|Surf|p1a: Kingambit
|-crit|p1a: Kingambit
|-damage|p1a: Kingambit|0 fnt
|faint|p1a: Kingambit
|-end|p1a: Kingambit|fallen5|[silent]
|
|win|TianBing
|raw|kilimanjaaro's rating: 1283 &rarr; <strong>1259</strong><br />(-24 for losing)
|raw|TianBing's rating: 1291 &rarr; <strong>1315</strong><br />(+24 for winning)
|l|☆kilimanjaaro
|player|p1|
