|j|☆chrovalis
|j|☆yessir.9x9
|t:|1779805004
|gametype|singles
|player|p1|chrovalis|ethan|1128
|player|p2|yessir.9x9|hoopster|1133
|gen|9
|tier|[Gen 9] OU
|rated|
|rule|HP Percentage Mod: HP is shown in percentages
|rule|Endless Battle Clause: Forcing endless battles is banned
|rule|Species Clause: Limit one of each Pokémon
|rule|OHKO Clause: OHKO moves are banned
|rule|Evasion Items Clause: Evasion items are banned
|rule|Evasion Moves Clause: Evasion moves are banned
|rule|Evasion Abilities Clause: Evasion abilities are banned
|rule|Sleep Moves Clause: Sleep-inducing moves are banned
|clearpoke
|poke|p1|Arcanine, M|
|poke|p1|Decidueye, M|
|poke|p1|Rotom-Wash|
|poke|p1|Umbreon, F|
|poke|p1|Corviknight, M|
|poke|p1|Garchomp, M|
|poke|p2|Tyranitar, F|
|poke|p2|Alomomola, M|
|poke|p2|Zapdos|
|poke|p2|Cinderace, M|
|poke|p2|Meloetta|
|poke|p2|Glimmora, M|
|teampreview
|inactive|Battle timer is ON: inactive players will automatically lose when time's up. (requested by chrovalis)
|
|t:|1779805024
|teamsize|p1|6
|teamsize|p2|6
|start
|switch|p1a: Garchomp|Garchomp, M|100/100
|switch|p2a: Glimmora|Glimmora, M|100/100
|turn|1
|inactive|yessir.9x9 has 120 seconds left.
|
|t:|1779805059
|move|p2a: Glimmora|Spiky Shield|p2a: Glimmora
|-singleturn|p2a: Glimmora|move: Protect
|move|p1a: Garchomp|Swords Dance|p1a: Garchomp
|-boost|p1a: Garchomp|atk|2
|
|upkeep
|turn|2
|inactive|yessir.9x9 has 120 seconds left.
|
|t:|1779805074
|switch|p2a: Zapdos|Zapdos|100/100
|move|p1a: Garchomp|Scale Shot|p2a: Zapdos
|-damage|p2a: Zapdos|80/100
|-damage|p2a: Zapdos|62/100
|-damage|p2a: Zapdos|42/100
|-damage|p2a: Zapdos|25/100
|-damage|p2a: Zapdos|7/100
|-hitcount|p2a: Zapdos|5
|-unboost|p1a: Garchomp|def|1
|-boost|p1a: Garchomp|spe|1
|
|upkeep
|turn|3
|inactive|yessir.9x9 has 120 seconds left.
|
|t:|1779805092
|move|p1a: Garchomp|Fire Fang|p2a: Zapdos
|-damage|p2a: Zapdos|0 fnt
|faint|p2a: Zapdos
|
|upkeep
|
|t:|1779805112
|switch|p2a: Alomomola|Alomomola, M|100/100
|turn|4
|
|t:|1779805116
|move|p1a: Garchomp|Scale Shot|p2a: Alomomola
|-damage|p2a: Alomomola|87/100
|-damage|p2a: Alomomola|72/100
|-damage|p2a: Alomomola|58/100
|-damage|p2a: Alomomola|45/100
|-hitcount|p2a: Alomomola|4
|-unboost|p1a: Garchomp|def|1
|-boost|p1a: Garchomp|spe|1
|move|p2a: Alomomola|Tickle|p1a: Garchomp
|-unboost|p1a: Garchomp|atk|1
|-unboost|p1a: Garchomp|def|1
|
|upkeep
|turn|5
|
|t:|1779805134
|move|p1a: Garchomp|Scale Shot|p2a: Alomomola
|-damage|p2a: Alomomola|33/100
|-damage|p2a: Alomomola|23/100
|-damage|p2a: Alomomola|12/100
|-damage|p2a: Alomomola|2/100
|-damage|p2a: Alomomola|0 fnt
|faint|p2a: Alomomola
|-hitcount|p2: Alomomola|5
|-unboost|p1a: Garchomp|def|1
|-boost|p1a: Garchomp|spe|1
|
|upkeep
|inactive|yessir.9x9 has 90 seconds left.
|
|t:|1779805172
|switch|p2a: Glimmora|Glimmora, M|100/100
|turn|6
|
|t:|1779805179
|move|p2a: Glimmora|Spiky Shield|p2a: Glimmora
|-singleturn|p2a: Glimmora|move: Protect
|move|p1a: Garchomp|Earthquake|p2a: Glimmora
|-activate|p2a: Glimmora|move: Protect
|
|upkeep
|turn|7
|
|t:|1779805194
|switch|p2a: Meloetta|Meloetta|100/100
|move|p1a: Garchomp|Earthquake|p2a: Meloetta
|-damage|p2a: Meloetta|0 fnt
|faint|p2a: Meloetta
|
|upkeep
|
|t:|1779805206
|switch|p2a: Tyranitar|Tyranitar, F|100/100
|-weather|Sandstorm|[from] ability: Sand Stream|[of] p2a: Tyranitar
|turn|8
|
|t:|1779805213
|-terastallize|p2a: Tyranitar|Dark
|move|p1a: Garchomp|Earthquake|p2a: Tyranitar
|-damage|p2a: Tyranitar|34/100
|move|p2a: Tyranitar|Knock Off|p1a: Garchomp
|-damage|p1a: Garchomp|0 fnt
|-damage|p2a: Tyranitar|22/100|[from] ability: Rough Skin|[of] p1a: Garchomp
|-enditem|p1a: Garchomp|Loaded Dice|[from] move: Knock Off|[of] p2a: Tyranitar
|faint|p1a: Garchomp
|
|-weather|Sandstorm|[upkeep]
|-damage|p2a: Tyranitar|16/100|[from] Sandstorm
|upkeep
|
|t:|1779805231
|switch|p1a: Rotom|Rotom-Wash, shiny|100/100
|turn|9
|inactive|yessir.9x9 has 90 seconds left.
|inactive|yessir.9x9 has 60 seconds left.
|
|t:|1779805272
|move|p1a: Rotom|Hydro Pump|p2a: Tyranitar
|-damage|p2a: Tyranitar|0 fnt
|faint|p2a: Tyranitar
|
|-weather|Sandstorm|[upkeep]
|-damage|p1a: Rotom|94/100|[from] Sandstorm
|-heal|p1a: Rotom|100/100|[from] item: Leftovers
|upkeep
|
|t:|1779805281
|switch|p2a: Glimmora|Glimmora, M|100/100
|turn|10
|
|t:|1779805286
|move|p2a: Glimmora|Meteor Beam||[still]
|-prepare|p2a: Glimmora|Meteor Beam
|-boost|p2a: Glimmora|spa|1
|-enditem|p2a: Glimmora|Power Herb
|-anim|p2a: Glimmora|Meteor Beam|p1a: Rotom
|-damage|p1a: Rotom|19/100
|move|p1a: Rotom|Will-O-Wisp|p2a: Glimmora|[miss]
|-miss|p1a: Rotom|p2a: Glimmora
|
|-weather|Sandstorm|[upkeep]
|-damage|p1a: Rotom|12/100|[from] Sandstorm
|-heal|p1a: Rotom|19/100|[from] item: Leftovers
|upkeep
|turn|11
|inactive|yessir.9x9 has 60 seconds left.
|
|t:|1779805303
|move|p2a: Glimmora|Mortal Spin|p1a: Rotom
|-damage|p1a: Rotom|13/100
|-status|p1a: Rotom|psn
|move|p1a: Rotom|Hydro Pump|p2a: Glimmora
|-supereffective|p2a: Glimmora
|-damage|p2a: Glimmora|39/100
|
|-weather|Sandstorm|[upkeep]
|-damage|p1a: Rotom|7/100 psn|[from] Sandstorm
|-heal|p1a: Rotom|13/100 psn|[from] item: Leftovers
|-damage|p1a: Rotom|1/100 psn|[from] psn
|upkeep
|turn|12
|inactive|yessir.9x9 has 60 seconds left.
|
|t:|1779805314
|move|p2a: Glimmora|Spiky Shield|p2a: Glimmora
|-singleturn|p2a: Glimmora|move: Protect
|move|p1a: Rotom|Hydro Pump|p2a: Glimmora
|-activate|p2a: Glimmora|move: Protect
|
|-weather|none
|-heal|p1a: Rotom|7/100 psn|[from] item: Leftovers
|-damage|p1a: Rotom|0 fnt|[from] psn
|faint|p1a: Rotom
|upkeep
|
|t:|1779805326
|switch|p1a: Decidueye|Decidueye, M, shiny|100/100
|turn|13
|
|t:|1779805338
|-terastallize|p1a: Decidueye|Ghost
|move|p1a: Decidueye|Shadow Sneak|p2a: Glimmora
|-damage|p2a: Glimmora|5/100
|-activate|p2a: Glimmora|ability: Toxic Debris
|-sidestart|p1: chrovalis|move: Toxic Spikes
|move|p2a: Glimmora|Meteor Beam||[still]
|-prepare|p2a: Glimmora|Meteor Beam
|-boost|p2a: Glimmora|spa|1
|
|upkeep
|turn|14
|
|t:|1779805347
|move|p1a: Decidueye|Shadow Sneak|p2a: Glimmora
|-damage|p2a: Glimmora|0 fnt
|-activate|p2a: Glimmora|ability: Toxic Debris
|-sidestart|p1: chrovalis|move: Toxic Spikes
|faint|p2a: Glimmora
|
|upkeep
|
|t:|1779805352
|switch|p2a: Cinderace|Cinderace, M|100/100
|turn|15
|
|t:|1779805361
|move|p2a: Cinderace|Iron Head|p1a: Decidueye
|-start|p2a: Cinderace|typechange|Steel|[from] ability: Libero
|-damage|p1a: Decidueye|42/100
|cant|p1a: Decidueye|flinch
|
|upkeep
|turn|16
|
|t:|1779805368
|move|p2a: Cinderace|Iron Head|p1a: Decidueye
|-damage|p1a: Decidueye|0 fnt
|faint|p1a: Decidueye
|
|upkeep
|
|t:|1779805370
|switch|p1a: Arcanine|Arcanine, M|100/100
|-ability|p1a: Arcanine|Intimidate|boost
|-unboost|p2a: Cinderace|atk|1
|turn|17
|inactive|yessir.9x9 has 90 seconds left.
|
|t:|1779805379
|move|p2a: Cinderace|Pyro Ball|p1a: Arcanine
|-resisted|p1a: Arcanine
|-damage|p1a: Arcanine|86/100
|move|p1a: Arcanine|Flare Blitz|p2a: Cinderace
|-supereffective|p2a: Cinderace
|-damage|p2a: Cinderace|0 fnt
|faint|p2a: Cinderace
|-damage|p1a: Arcanine|60/100|[from] Recoil
|
|win|chrovalis
|raw|chrovalis's rating: 1128 &rarr; <strong>1153</strong><br />(+25 for winning)
|raw|yessir.9x9's rating: 1133 &rarr; <strong>1108</strong><br />(-25 for losing)
|l|☆yessir.9x9
|player|p2|
|l|☆chrovalis
|player|p1|
