|j|☆milkmaster3001
|j|☆Mantine4Ubers
|t:|1779889338
|gametype|singles
|player|p1|milkmaster3001|chuck|1411
|player|p2|Mantine4Ubers|giovanni|1444
|gen|9
|tier|[Gen 9] OU
|rated|
|rule|HP Percentage Mod: HP is shown in percentages
|rule|Endless Battle Clause: Forcing endless battles is banned
|rule|Species Clause: Limit one of each Pokémon
|rule|OHKO Clause: OHKO moves are banned
|rule|Evasion Items Clause: Evasion items are banned
|rule|Evasion Moves Clause: Evasion moves are banned
|rule|Evasion Abilities Clause: Evasion abilities are banned
|rule|Sleep Moves Clause: Sleep-inducing moves are banned
|clearpoke
|poke|p1|Alomomola, M|
|poke|p1|Zapdos|
|poke|p1|Garganacl, M|
|poke|p1|Clodsire, M|
|poke|p1|Ogerpon-Wellspring, F|
|poke|p1|Iron Treads|
|poke|p2|Blissey, F|
|poke|p2|Amoonguss, F|
|poke|p2|Bronzong|
|poke|p2|Gliscor, M|
|poke|p2|Dondozo, M|
|poke|p2|Alomomola, F|
|teampreview
|
|t:|1779889354
|teamsize|p1|6
|teamsize|p2|6
|start
|switch|p1a: Ogerpon|Ogerpon-Wellspring, F|100/100
|switch|p2a: Bronzong|Bronzong|100/100
|turn|1
|
|t:|1779889360
|move|p1a: Ogerpon|Knock Off|p2a: Bronzong
|-supereffective|p2a: Bronzong
|-damage|p2a: Bronzong|32/100
|-enditem|p2a: Bronzong|Leftovers|[from] move: Knock Off|[of] p1a: Ogerpon
|move|p2a: Bronzong|Stealth Rock|p1a: Ogerpon
|-sidestart|p1: milkmaster3001|move: Stealth Rock
|
|upkeep
|turn|2
|
|t:|1779889369
|switch|p2a: Alomomola|Alomomola, F|100/100
|move|p1a: Ogerpon|Knock Off|p2a: Alomomola
|-damage|p2a: Alomomola|79/100
|-enditem|p2a: Alomomola|Heavy-Duty Boots|[from] move: Knock Off|[of] p1a: Ogerpon
|
|upkeep
|turn|3
|
|t:|1779889374
|move|p1a: Ogerpon|Taunt|p2a: Alomomola
|-start|p2a: Alomomola|move: Taunt
|cant|p2a: Alomomola|move: Taunt|Wish
|
|upkeep
|turn|4
|
|t:|1779889383
|switch|p2a: Dondozo|Dondozo, M|100/100
|move|p1a: Ogerpon|Spikes|p2a: Dondozo
|-sidestart|p2: Mantine4Ubers|Spikes
|
|upkeep
|turn|5
|
|t:|1779889388
|move|p1a: Ogerpon|Taunt|p2a: Dondozo
|-start|p2a: Dondozo|move: Taunt
|move|p2a: Dondozo|Avalanche|p1a: Ogerpon
|-damage|p1a: Ogerpon|82/100
|
|upkeep
|turn|6
|
|t:|1779889394
|move|p1a: Ogerpon|Spikes|p2a: Dondozo
|-sidestart|p2: Mantine4Ubers|Spikes
|move|p2a: Dondozo|Avalanche|p1a: Ogerpon
|-damage|p1a: Ogerpon|62/100
|
|upkeep
|turn|7
|
|t:|1779889398
|move|p1a: Ogerpon|Spikes|p2a: Dondozo
|-sidestart|p2: Mantine4Ubers|Spikes
|move|p2a: Dondozo|Avalanche|p1a: Ogerpon
|-damage|p1a: Ogerpon|43/100
|
|-end|p2a: Dondozo|move: Taunt
|upkeep
|turn|8
|
|t:|1779889403
|switch|p1a: Alomomola|Alomomola, M|100/100
|-damage|p1a: Alomomola|88/100|[from] Stealth Rock
|move|p2a: Dondozo|Avalanche|p1a: Alomomola
|-resisted|p1a: Alomomola
|-damage|p1a: Alomomola|84/100
|-damage|p2a: Dondozo|84/100|[from] item: Rocky Helmet|[of] p1a: Alomomola
|
|upkeep
|turn|9
|
|t:|1779889409
|move|p1a: Alomomola|Wish|p1a: Alomomola
|move|p2a: Dondozo|Curse|p2a: Dondozo
|-unboost|p2a: Dondozo|spe|1
|-boost|p2a: Dondozo|atk|1
|-boost|p2a: Dondozo|def|1
|
|upkeep
|turn|10
|
|t:|1779889413
|move|p1a: Alomomola|Flip Turn|p2a: Dondozo
|-resisted|p2a: Dondozo
|-crit|p2a: Dondozo
|-damage|p2a: Dondozo|79/100
|
|t:|1779889416
|switch|p1a: Ogerpon|Ogerpon-Wellspring, F|43/100|[from] Flip Turn
|-damage|p1a: Ogerpon|31/100|[from] Stealth Rock
|move|p2a: Dondozo|Avalanche|p1a: Ogerpon
|-damage|p1a: Ogerpon|2/100
|
|-heal|p1a: Ogerpon|91/100|[from] move: Wish|[wisher] Alomomola
|upkeep
|turn|11
|
|t:|1779889443
|switch|p1a: Garganacl|Garganacl, M|100/100
|-damage|p1a: Garganacl|88/100|[from] Stealth Rock
|move|p2a: Dondozo|Avalanche|p1a: Garganacl
|-damage|p1a: Garganacl|73/100
|
|-heal|p1a: Garganacl|79/100|[from] item: Leftovers
|upkeep
|turn|12
|
|t:|1779889451
|switch|p2a: Alomomola|Alomomola, F|100/100
|-damage|p2a: Alomomola|76/100|[from] Spikes
|move|p1a: Garganacl|Salt Cure|p2a: Alomomola
|-damage|p2a: Alomomola|67/100
|-start|p2a: Alomomola|Salt Cure
|
|-heal|p1a: Garganacl|86/100|[from] item: Leftovers
|-damage|p2a: Alomomola|42/100|[from] Salt Cure
|upkeep
|turn|13
|
|t:|1779889466
|switch|p1a: Iron Treads|Iron Treads|100/100
|-damage|p1a: Iron Treads|97/100|[from] Stealth Rock
|move|p2a: Alomomola|Wish|p2a: Alomomola
|
|-heal|p1a: Iron Treads|100/100|[from] item: Leftovers
|-damage|p2a: Alomomola|17/100|[from] Salt Cure
|upkeep
|turn|14
|
|t:|1779889474
|switch|p2a: Bronzong|Bronzong|32/100
|move|p1a: Iron Treads|Rapid Spin|p2a: Bronzong
|-resisted|p2a: Bronzong
|-damage|p2a: Bronzong|25/100
|-boost|p1a: Iron Treads|spe|1
|-sideend|p1: milkmaster3001|Stealth Rock|[from] move: Rapid Spin|[of] p1a: Iron Treads
|
|-heal|p2a: Bronzong|95/100|[from] move: Wish|[wisher] Alomomola
|upkeep
|turn|15
|
|t:|1779889497
|-end|p1a: Iron Treads|Quark Drive|[silent]
|switch|p1a: Zapdos|Zapdos|100/100
|move|p2a: Bronzong|Stealth Rock|p1a: Zapdos
|-sidestart|p1: milkmaster3001|move: Stealth Rock
|
|upkeep
|turn|16
|
|t:|1779889502
|move|p2a: Bronzong|Protect|p2a: Bronzong
|-singleturn|p2a: Bronzong|Protect
|move|p1a: Zapdos|Discharge|p2a: Bronzong
|-activate|p2a: Bronzong|move: Protect
|
|upkeep
|turn|17
|
|t:|1779889511
|switch|p2a: Blissey|Blissey, F|100/100
|move|p1a: Zapdos|Hurricane|p2a: Blissey
|-damage|p2a: Blissey|88/100
|
|upkeep
|turn|18
|
|t:|1779889515
|move|p1a: Zapdos|Volt Switch|p2a: Blissey
|-damage|p2a: Blissey|79/100
|
|t:|1779889519
|switch|p1a: Iron Treads|Iron Treads|100/100|[from] Volt Switch
|-damage|p1a: Iron Treads|97/100|[from] Stealth Rock
|move|p2a: Blissey|Seismic Toss|p1a: Iron Treads
|-damage|p1a: Iron Treads|66/100
|
|-heal|p1a: Iron Treads|72/100|[from] item: Leftovers
|upkeep
|turn|19
|
|t:|1779889525
|move|p1a: Iron Treads|Rapid Spin|p2a: Blissey
|-damage|p2a: Blissey|64/100
|-boost|p1a: Iron Treads|spe|1
|-sideend|p1: milkmaster3001|Stealth Rock|[from] move: Rapid Spin|[of] p1a: Iron Treads
|move|p2a: Blissey|Flamethrower|p1a: Iron Treads
|-supereffective|p1a: Iron Treads
|-damage|p1a: Iron Treads|29/100
|
|-heal|p1a: Iron Treads|35/100|[from] item: Leftovers
|upkeep
|turn|20
|
|t:|1779889536
|switch|p2a: Bronzong|Bronzong|95/100
|move|p1a: Iron Treads|Iron Head|p2a: Bronzong
|-resisted|p2a: Bronzong
|-damage|p2a: Bronzong|79/100
|
|-heal|p1a: Iron Treads|41/100|[from] item: Leftovers
|upkeep
|turn|21
|
|t:|1779889555
|-end|p1a: Iron Treads|Quark Drive|[silent]
|switch|p1a: Garganacl|Garganacl, M|86/100
|move|p2a: Bronzong|Stealth Rock|p1a: Garganacl
|-sidestart|p1: milkmaster3001|move: Stealth Rock
|
|-heal|p1a: Garganacl|92/100|[from] item: Leftovers
|upkeep
|turn|22
|
|t:|1779889561
|move|p2a: Bronzong|Protect|p2a: Bronzong
|-singleturn|p2a: Bronzong|Protect
|move|p1a: Garganacl|Salt Cure|p2a: Bronzong
|-activate|p2a: Bronzong|move: Protect
|
|-heal|p1a: Garganacl|98/100|[from] item: Leftovers
|upkeep
|turn|23
|
|t:|1779889564
|switch|p2a: Amoonguss|Amoonguss, F|100/100
|move|p1a: Garganacl|Salt Cure|p2a: Amoonguss
|-damage|p2a: Amoonguss|91/100
|-start|p2a: Amoonguss|Salt Cure
|
|-heal|p1a: Garganacl|100/100|[from] item: Leftovers
|-damage|p2a: Amoonguss|78/100|[from] Salt Cure
|upkeep
|turn|24
|
|t:|1779889595
|switch|p2a: Gliscor|Gliscor, M|100/100
|-terastallize|p1a: Garganacl|Ghost
|move|p1a: Garganacl|Iron Defense|p1a: Garganacl
|-boost|p1a: Garganacl|def|2
|
|-status|p2a: Gliscor|tox|[from] item: Toxic Orb
|upkeep
|turn|25
|
|t:|1779889608
|switch|p2a: Amoonguss|Amoonguss, F|100/100
|move|p1a: Garganacl|Salt Cure|p2a: Amoonguss
|-damage|p2a: Amoonguss|91/100
|-start|p2a: Amoonguss|Salt Cure
|
|-damage|p2a: Amoonguss|78/100|[from] Salt Cure
|upkeep
|turn|26
|
|t:|1779889614
|move|p1a: Garganacl|Iron Defense|p1a: Garganacl
|-boost|p1a: Garganacl|def|2
|move|p2a: Amoonguss|Clear Smog|p1a: Garganacl
|-resisted|p1a: Garganacl
|-damage|p1a: Garganacl|95/100
|-clearboost|p1a: Garganacl
|
|-heal|p1a: Garganacl|100/100|[from] item: Leftovers
|-damage|p2a: Amoonguss|66/100|[from] Salt Cure
|upkeep
|turn|27
|
|t:|1779889619
|switch|p2a: Gliscor|Gliscor, M|100/100 tox
|move|p1a: Garganacl|Iron Defense|p1a: Garganacl
|-boost|p1a: Garganacl|def|2
|
|upkeep
|turn|28
|
|t:|1779889623
|switch|p2a: Amoonguss|Amoonguss, F|99/100
|move|p1a: Garganacl|Salt Cure|p2a: Amoonguss
|-crit|p2a: Amoonguss
|-damage|p2a: Amoonguss|85/100
|-start|p2a: Amoonguss|Salt Cure
|
|-damage|p2a: Amoonguss|73/100|[from] Salt Cure
|upkeep
|turn|29
|
|t:|1779889650
|switch|p1a: Clodsire|Clodsire, M|100/100
|move|p2a: Amoonguss|Clear Smog|p1a: Clodsire
|-resisted|p1a: Clodsire
|-damage|p1a: Clodsire|99/100
|-clearboost|p1a: Clodsire
|
|-damage|p2a: Amoonguss|61/100|[from] Salt Cure
|upkeep
|turn|30
|
|t:|1779889657
|switch|p2a: Bronzong|Bronzong|79/100
|move|p1a: Clodsire|Stealth Rock|p2a: Bronzong
|-sidestart|p2: Mantine4Ubers|move: Stealth Rock
|
|upkeep
|turn|31
|
|t:|1779889676
|switch|p1a: Iron Treads|Iron Treads|41/100
|-damage|p1a: Iron Treads|38/100|[from] Stealth Rock
|move|p2a: Bronzong|Psychic Noise|p1a: Iron Treads
|-resisted|p1a: Iron Treads
|-damage|p1a: Iron Treads|24/100
|-start|p1a: Iron Treads|move: Heal Block
|
|upkeep
|turn|32
|
|t:|1779889684
|move|p1a: Iron Treads|Rapid Spin|p2a: Bronzong
|-resisted|p2a: Bronzong
|-damage|p2a: Bronzong|72/100
|-boost|p1a: Iron Treads|spe|1
|-sideend|p1: milkmaster3001|Stealth Rock|[from] move: Rapid Spin|[of] p1a: Iron Treads
|move|p2a: Bronzong|Body Press|p1a: Iron Treads
|-supereffective|p1a: Iron Treads
|-damage|p1a: Iron Treads|0 fnt
|faint|p1a: Iron Treads
|-end|p1a: Iron Treads|Quark Drive|[silent]
|
|upkeep
|
|t:|1779889703
|switch|p1a: Ogerpon|Ogerpon-Wellspring, F|91/100
|turn|33
|
|t:|1779889707
|move|p1a: Ogerpon|Taunt|p2a: Bronzong
|-start|p2a: Bronzong|move: Taunt
|cant|p2a: Bronzong|move: Taunt|Stealth Rock
|
|upkeep
|turn|34
|
|t:|1779889712
|switch|p2a: Dondozo|Dondozo, M|79/100
|move|p1a: Ogerpon|Knock Off|p2a: Dondozo
|-damage|p2a: Dondozo|62/100
|-enditem|p2a: Dondozo|Heavy-Duty Boots|[from] move: Knock Off|[of] p1a: Ogerpon
|
|upkeep
|turn|35
|
|t:|1779889718
|move|p1a: Ogerpon|Taunt|p2a: Dondozo
|-start|p2a: Dondozo|move: Taunt
|move|p2a: Dondozo|Avalanche|p1a: Ogerpon
|-damage|p1a: Ogerpon|73/100
|
|upkeep
|turn|36
|
|t:|1779889729
|switch|p1a: Garganacl|Garganacl, M, tera:Ghost|100/100
|move|p2a: Dondozo|Avalanche|p1a: Garganacl
|-damage|p1a: Garganacl|91/100
|
|-heal|p1a: Garganacl|98/100|[from] item: Leftovers
|upkeep
|turn|37
|
|t:|1779889736
|switch|p2a: Gliscor|Gliscor, M|100/100 tox
|-damage|p2a: Gliscor|88/100 tox|[from] Stealth Rock
|switch|p1a: Ogerpon|Ogerpon-Wellspring, F|73/100
|
|-heal|p2a: Gliscor|100/100 tox|[from] ability: Poison Heal
|upkeep
|turn|38
|
|t:|1779889740
|move|p1a: Ogerpon|Ivy Cudgel|p2a: Gliscor|[anim] Ivy Cudgel Water
|-supereffective|p2a: Gliscor
|-damage|p2a: Gliscor|11/100 tox
|move|p2a: Gliscor|Knock Off|p1a: Ogerpon
|-damage|p1a: Ogerpon|53/100
|
|-heal|p2a: Gliscor|24/100 tox|[from] ability: Poison Heal
|upkeep
|turn|39
|
|t:|1779889748
|move|p2a: Gliscor|Protect|p2a: Gliscor
|-singleturn|p2a: Gliscor|Protect
|move|p1a: Ogerpon|Ivy Cudgel|p2a: Gliscor|[anim] Ivy Cudgel Water
|-activate|p2a: Gliscor|move: Protect
|
|-heal|p2a: Gliscor|36/100 tox|[from] ability: Poison Heal
|upkeep
|turn|40
|
|t:|1779889757
|switch|p2a: Alomomola|Alomomola, F|51/100
|-damage|p2a: Alomomola|26/100|[from] Spikes
|-damage|p2a: Alomomola|13/100|[from] Stealth Rock
|move|p1a: Ogerpon|Knock Off|p2a: Alomomola
|-damage|p2a: Alomomola|0 fnt
|faint|p2a: Alomomola
|
|upkeep
|
|t:|1779889764
|switch|p2a: Amoonguss|Amoonguss, F|94/100
|turn|41
|
|t:|1779889772
|switch|p1a: Zapdos|Zapdos|100/100
|move|p2a: Amoonguss|Toxic|p1a: Zapdos
|-status|p1a: Zapdos|tox
|
|-damage|p1a: Zapdos|94/100 tox|[from] psn
|upkeep
|turn|42
|
|t:|1779889780
|switch|p2a: Gliscor|Gliscor, M|36/100 tox
|-damage|p2a: Gliscor|24/100 tox|[from] Stealth Rock
|move|p1a: Zapdos|Hurricane|p2a: Gliscor
|-damage|p2a: Gliscor|0 fnt
|faint|p2a: Gliscor
|
|-damage|p1a: Zapdos|82/100 tox|[from] psn
|upkeep
|
|t:|1779889784
|switch|p2a: Blissey|Blissey, F|64/100
|turn|43
|
|t:|1779889791
|move|p1a: Zapdos|Volt Switch|p2a: Blissey
|-damage|p2a: Blissey|55/100
|
|t:|1779889794
|switch|p1a: Alomomola|Alomomola, M|100/100|[from] Volt Switch
|move|p2a: Blissey|Soft-Boiled|p2a: Blissey
|-heal|p2a: Blissey|100/100
|
|upkeep
|turn|44
|
|t:|1779889800
|move|p1a: Alomomola|Wish|p1a: Alomomola
|move|p2a: Blissey|Calm Mind|p2a: Blissey
|-boost|p2a: Blissey|spa|1
|-boost|p2a: Blissey|spd|1
|
|upkeep
|turn|45
|
|t:|1779889807
|move|p1a: Alomomola|Flip Turn|p2a: Blissey
|-damage|p2a: Blissey|86/100
|
|t:|1779889816
|switch|p1a: Garganacl|Garganacl, M, tera:Ghost|98/100|[from] Flip Turn
|move|p2a: Blissey|Flamethrower|p1a: Garganacl
|-damage|p1a: Garganacl|81/100
|
|-heal|p1a: Garganacl|100/100|[from] move: Wish|[wisher] Alomomola
|upkeep
|turn|46
|
|t:|1779889827
|switch|p2a: Amoonguss|Amoonguss, F|100/100
|move|p1a: Garganacl|Salt Cure|p2a: Amoonguss
|-damage|p2a: Amoonguss|91/100
|-start|p2a: Amoonguss|Salt Cure
|
|-damage|p2a: Amoonguss|79/100|[from] Salt Cure
|upkeep
|turn|47
|
|t:|1779889840
|switch|p2a: Bronzong|Bronzong|72/100
|-damage|p2a: Bronzong|66/100|[from] Stealth Rock
|move|p1a: Garganacl|Body Press|p2a: Bronzong
|-damage|p2a: Bronzong|46/100
|
|upkeep
|turn|48
|
|t:|1779889844
|move|p1a: Garganacl|Salt Cure|p2a: Bronzong
|-resisted|p2a: Bronzong
|-damage|p2a: Bronzong|39/100
|-start|p2a: Bronzong|Salt Cure
|move|p2a: Bronzong|Stealth Rock|p1a: Garganacl
|-sidestart|p1: milkmaster3001|move: Stealth Rock
|
|-damage|p2a: Bronzong|14/100|[from] Salt Cure
|upkeep
|turn|49
|
|t:|1779889852
|switch|p2a: Amoonguss|Amoonguss, F|100/100
|move|p1a: Garganacl|Body Press|p2a: Amoonguss
|-resisted|p2a: Amoonguss
|-damage|p2a: Amoonguss|92/100
|
|upkeep
|turn|50
|
|t:|1779889856
|move|p1a: Garganacl|Salt Cure|p2a: Amoonguss
|-damage|p2a: Amoonguss|82/100
|-start|p2a: Amoonguss|Salt Cure
|move|p2a: Amoonguss|Foul Play|p1a: Garganacl
|-supereffective|p1a: Garganacl
|-damage|p1a: Garganacl|73/100
|
|-heal|p1a: Garganacl|79/100|[from] item: Leftovers
|-damage|p2a: Amoonguss|70/100|[from] Salt Cure
|upkeep
|turn|51
|
|t:|1779889862
|move|p1a: Garganacl|Body Press|p2a: Amoonguss
|-resisted|p2a: Amoonguss
|-damage|p2a: Amoonguss|62/100
|move|p2a: Amoonguss|Foul Play|p1a: Garganacl
|-supereffective|p1a: Garganacl
|-damage|p1a: Garganacl|48/100
|
|-heal|p1a: Garganacl|54/100|[from] item: Leftovers
|-damage|p2a: Amoonguss|49/100|[from] Salt Cure
|upkeep
|turn|52
|
|t:|1779889865
|move|p1a: Garganacl|Recover|p1a: Garganacl
|-heal|p1a: Garganacl|100/100
|move|p2a: Amoonguss|Synthesis|p2a: Amoonguss
|-heal|p2a: Amoonguss|99/100
|
|-damage|p2a: Amoonguss|87/100|[from] Salt Cure
|upkeep
|turn|53
|
|t:|1779889876
|switch|p1a: Zapdos|Zapdos|82/100 tox
|move|p2a: Amoonguss|Foul Play|p1a: Zapdos
|-damage|p1a: Zapdos|72/100 tox
|
|-damage|p1a: Zapdos|66/100 tox|[from] psn
|-damage|p2a: Amoonguss|75/100|[from] Salt Cure
|upkeep
|turn|54
|
|t:|1779889879
|switch|p2a: Blissey|Blissey, F|86/100
|move|p1a: Zapdos|Volt Switch|p2a: Blissey
|-damage|p2a: Blissey|77/100
|
|t:|1779889901
|switch|p1a: Ogerpon|Ogerpon-Wellspring, F|53/100|[from] Volt Switch
|-damage|p1a: Ogerpon|41/100|[from] Stealth Rock
|
|upkeep
|turn|55
|
|t:|1779889915
|switch|p1a: Alomomola|Alomomola, M|100/100
|-damage|p1a: Alomomola|88/100|[from] Stealth Rock
|switch|p2a: Amoonguss|Amoonguss, F|100/100
|
|upkeep
|turn|56
|
|t:|1779889918
|move|p1a: Alomomola|Wish|p1a: Alomomola
|move|p2a: Amoonguss|Toxic|p1a: Alomomola
|-status|p1a: Alomomola|tox
|
|-damage|p1a: Alomomola|82/100 tox|[from] psn
|upkeep
|turn|57
|
|t:|1779889926
|switch|p1a: Zapdos|Zapdos|66/100 tox
|move|p2a: Amoonguss|Toxic|p1a: Zapdos
|-fail|p1a: Zapdos|tox
|
|-heal|p1a: Zapdos|100/100 tox|[from] move: Wish|[wisher] Alomomola
|-damage|p1a: Zapdos|94/100 tox|[from] psn
|upkeep
|turn|58
|
|t:|1779889932
|switch|p2a: Blissey|Blissey, F|77/100
|move|p1a: Zapdos|Hurricane|p2a: Blissey
|-damage|p2a: Blissey|64/100
|-start|p2a: Blissey|confusion
|
|-damage|p1a: Zapdos|82/100 tox|[from] psn
|upkeep
|turn|59
|
|t:|1779889937
|move|p1a: Zapdos|Volt Switch|p2a: Blissey
|-damage|p2a: Blissey|54/100
|
|t:|1779889940
|switch|p1a: Alomomola|Alomomola, M|100/100 tox|[from] Volt Switch
|-damage|p1a: Alomomola|88/100 tox|[from] Stealth Rock
|-activate|p2a: Blissey|confusion
|move|p2a: Blissey|Soft-Boiled|p2a: Blissey
|-heal|p2a: Blissey|100/100
|
|-damage|p1a: Alomomola|82/100 tox|[from] psn
|upkeep
|turn|60
|
|t:|1779889949
|switch|p2a: Amoonguss|Amoonguss, F|100/100
|move|p1a: Alomomola|Wish|p1a: Alomomola
|
|-damage|p1a: Alomomola|70/100 tox|[from] psn
|upkeep
|turn|61
|
|t:|1779889976
|switch|p1a: Ogerpon|Ogerpon-Wellspring, F|41/100
|-damage|p1a: Ogerpon|28/100|[from] Stealth Rock
|move|p2a: Amoonguss|Toxic|p1a: Ogerpon
|-status|p1a: Ogerpon|tox
|
|-heal|p1a: Ogerpon|100/100 tox|[from] move: Wish|[wisher] Alomomola
|-damage|p1a: Ogerpon|95/100 tox|[from] psn
|upkeep
|turn|62
|
|t:|1779889998
|switch|p2a: Bronzong|Bronzong|14/100
|-damage|p2a: Bronzong|8/100|[from] Stealth Rock
|move|p1a: Ogerpon|Knock Off|p2a: Bronzong
|-supereffective|p2a: Bronzong
|-damage|p2a: Bronzong|0 fnt
|faint|p2a: Bronzong
|
|-damage|p1a: Ogerpon|83/100 tox|[from] psn
|upkeep
|
|t:|1779890004
|switch|p2a: Dondozo|Dondozo, M|62/100
|-damage|p2a: Dondozo|37/100|[from] Spikes
|-damage|p2a: Dondozo|25/100|[from] Stealth Rock
|turn|63
|
|t:|1779890010
|move|p1a: Ogerpon|Taunt|p2a: Dondozo
|-start|p2a: Dondozo|move: Taunt
|cant|p2a: Dondozo|move: Taunt|Rest
|
|-damage|p1a: Ogerpon|65/100 tox|[from] psn
|upkeep
|turn|64
|
|t:|1779890020
|switch|p1a: Garganacl|Garganacl, M, tera:Ghost|100/100
|-damage|p1a: Garganacl|88/100|[from] Stealth Rock
|move|p2a: Dondozo|Avalanche|p1a: Garganacl
|-damage|p1a: Garganacl|79/100
|
|-heal|p1a: Garganacl|85/100|[from] item: Leftovers
|upkeep
|turn|65
|
|t:|1779890027
|-terastallize|p2a: Dondozo|Fighting
|move|p1a: Garganacl|Salt Cure|p2a: Dondozo
|-resisted|p2a: Dondozo
|-damage|p2a: Dondozo|22/100
|-start|p2a: Dondozo|Salt Cure
|move|p2a: Dondozo|Avalanche|p1a: Garganacl
|-damage|p1a: Garganacl|66/100
|
|-heal|p1a: Garganacl|72/100|[from] item: Leftovers
|-damage|p2a: Dondozo|9/100|[from] Salt Cure
|-end|p2a: Dondozo|move: Taunt
|upkeep
|turn|66
|
|t:|1779890037
|move|p2a: Dondozo|Rest|p2a: Dondozo
|-status|p2a: Dondozo|slp|[from] move: Rest
|-heal|p2a: Dondozo|100/100 slp|[silent]
|move|p1a: Garganacl|Body Press|p2a: Dondozo
|-damage|p2a: Dondozo|89/100 slp
|
|-heal|p1a: Garganacl|78/100|[from] item: Leftovers
|-damage|p2a: Dondozo|77/100 slp|[from] Salt Cure
|upkeep
|turn|67
|
|t:|1779890047
|switch|p1a: Alomomola|Alomomola, M|100/100 tox
|-damage|p1a: Alomomola|88/100 tox|[from] Stealth Rock
|cant|p2a: Dondozo|slp
|move|p2a: Dondozo|Sleep Talk|p2a: Dondozo
|move|p2a: Dondozo|Curse|p2a: Dondozo|[from] move: Sleep Talk
|-unboost|p2a: Dondozo|spe|1
|-boost|p2a: Dondozo|atk|1
|-boost|p2a: Dondozo|def|1
|
|-damage|p1a: Alomomola|82/100 tox|[from] psn
|-damage|p2a: Dondozo|64/100 slp|[from] Salt Cure
|upkeep
|turn|68
|
|t:|1779890055
|move|p1a: Alomomola|Wish|p1a: Alomomola
|cant|p2a: Dondozo|slp
|move|p2a: Dondozo|Sleep Talk|p2a: Dondozo
|move|p2a: Dondozo|Curse|p2a: Dondozo|[from] move: Sleep Talk
|-unboost|p2a: Dondozo|spe|1
|-boost|p2a: Dondozo|atk|1
|-boost|p2a: Dondozo|def|1
|
|-damage|p1a: Alomomola|70/100 tox|[from] psn
|-damage|p2a: Dondozo|52/100 slp|[from] Salt Cure
|upkeep
|turn|69
|
|t:|1779890058
|move|p1a: Alomomola|Flip Turn|p2a: Dondozo
|-damage|p2a: Dondozo|48/100 slp
|
|t:|1779890074
|switch|p1a: Zapdos|Zapdos|82/100 tox|[from] Flip Turn
|-curestatus|p2a: Dondozo|slp|[msg]
|move|p2a: Dondozo|Avalanche|p1a: Zapdos
|-supereffective|p1a: Zapdos
|-damage|p1a: Zapdos|42/100 tox
|-status|p2a: Dondozo|par|[from] ability: Static|[of] p1a: Zapdos
|
|-heal|p1a: Zapdos|100/100 tox|[from] move: Wish|[wisher] Alomomola
|-damage|p1a: Zapdos|94/100 tox|[from] psn
|-damage|p2a: Dondozo|36/100 par|[from] Salt Cure
|upkeep
|turn|70
|
|t:|1779890083
|move|p1a: Zapdos|Discharge|p2a: Dondozo
|-damage|p2a: Dondozo|6/100 par
|move|p2a: Dondozo|Rest|p2a: Dondozo
|-status|p2a: Dondozo|slp|[from] move: Rest
|-heal|p2a: Dondozo|100/100 slp|[silent]
|
|-damage|p1a: Zapdos|82/100 tox|[from] psn
|-damage|p2a: Dondozo|88/100 slp|[from] Salt Cure
|upkeep
|turn|71
|
|t:|1779890090
|switch|p2a: Blissey|Blissey, F|100/100
|move|p1a: Zapdos|Hurricane|p2a: Blissey
|-damage|p2a: Blissey|87/100
|
|-damage|p1a: Zapdos|64/100 tox|[from] psn
|upkeep
|turn|72
|
|t:|1779890096
|move|p1a: Zapdos|Volt Switch|p2a: Blissey
|-damage|p2a: Blissey|78/100
|
|t:|1779890101
|switch|p1a: Alomomola|Alomomola, M|100/100 tox|[from] Volt Switch
|-damage|p1a: Alomomola|88/100 tox|[from] Stealth Rock
|move|p2a: Blissey|Seismic Toss|p1a: Alomomola
|-damage|p1a: Alomomola|69/100 tox
|-damage|p2a: Blissey|62/100|[from] item: Rocky Helmet|[of] p1a: Alomomola
|
|-damage|p1a: Alomomola|63/100 tox|[from] psn
|upkeep
|turn|73
|
|t:|1779890105
|switch|p2a: Amoonguss|Amoonguss, F|100/100
|move|p1a: Alomomola|Wish|p1a: Alomomola
|
|-damage|p1a: Alomomola|51/100 tox|[from] psn
|upkeep
|turn|74
|
|t:|1779890111
|move|p1a: Alomomola|Flip Turn|p2a: Amoonguss
|-resisted|p2a: Amoonguss
|-damage|p2a: Amoonguss|95/100
|
|t:|1779890115
|switch|p1a: Ogerpon|Ogerpon-Wellspring, F|65/100 tox|[from] Flip Turn
|-damage|p1a: Ogerpon|52/100 tox|[from] Stealth Rock
|move|p2a: Amoonguss|Clear Smog|p1a: Ogerpon
|-supereffective|p1a: Ogerpon
|-damage|p1a: Ogerpon|20/100 tox
|-clearboost|p1a: Ogerpon
|
|-heal|p1a: Ogerpon|100/100 tox|[from] move: Wish|[wisher] Alomomola
|-damage|p1a: Ogerpon|95/100 tox|[from] psn
|upkeep
|turn|75
|
|t:|1779890131
|switch|p2a: Dondozo|Dondozo, M, tera:Fighting|88/100 slp
|-damage|p2a: Dondozo|63/100 slp|[from] Spikes
|-damage|p2a: Dondozo|57/100 slp|[from] Stealth Rock
|move|p1a: Ogerpon|Taunt|p2a: Dondozo
|-start|p2a: Dondozo|move: Taunt
|
|-damage|p1a: Ogerpon|83/100 tox|[from] psn
|upkeep
|turn|76
|
|t:|1779890139
|move|p1a: Ogerpon|Ivy Cudgel|p2a: Dondozo|[anim] Ivy Cudgel Water
|-damage|p2a: Dondozo|30/100 slp
|cant|p2a: Dondozo|slp
|
|-damage|p1a: Ogerpon|65/100 tox|[from] psn
|upkeep
|turn|77
|
|t:|1779890153
|move|p1a: Ogerpon|Ivy Cudgel|p2a: Dondozo|[anim] Ivy Cudgel Water
|-damage|p2a: Dondozo|3/100 slp
|cant|p2a: Dondozo|slp
|
|-damage|p1a: Ogerpon|41/100 tox|[from] psn
|-end|p2a: Dondozo|move: Taunt
|upkeep
|turn|78
|
|t:|1779890168
|switch|p1a: Garganacl|Garganacl, M, tera:Ghost|78/100
|-damage|p1a: Garganacl|66/100|[from] Stealth Rock
|-curestatus|p2a: Dondozo|slp|[msg]
|move|p2a: Dondozo|Rest|p2a: Dondozo
|-status|p2a: Dondozo|slp|[from] move: Rest
|-heal|p2a: Dondozo|100/100 slp|[silent]
|
|-heal|p1a: Garganacl|72/100|[from] item: Leftovers
|upkeep
|turn|79
|
|t:|1779890177
|switch|p2a: Amoonguss|Amoonguss, F|100/100
|move|p1a: Garganacl|Salt Cure|p2a: Amoonguss
|-damage|p2a: Amoonguss|91/100
|-start|p2a: Amoonguss|Salt Cure
|
|-heal|p1a: Garganacl|78/100|[from] item: Leftovers
|-damage|p2a: Amoonguss|78/100|[from] Salt Cure
|upkeep
|turn|80
|
|t:|1779890188
|switch|p1a: Alomomola|Alomomola, M|84/100 tox
|-damage|p1a: Alomomola|72/100 tox|[from] Stealth Rock
|switch|p2a: Dondozo|Dondozo, M, tera:Fighting|100/100 slp
|-damage|p2a: Dondozo|75/100 slp|[from] Spikes
|-damage|p2a: Dondozo|69/100 slp|[from] Stealth Rock
|
|-damage|p1a: Alomomola|66/100 tox|[from] psn
|upkeep
|turn|81
|
|t:|1779890191
|move|p1a: Alomomola|Wish|p1a: Alomomola
|cant|p2a: Dondozo|slp
|move|p2a: Dondozo|Sleep Talk|p2a: Dondozo
|move|p2a: Dondozo|Curse|p2a: Dondozo|[from] move: Sleep Talk
|-unboost|p2a: Dondozo|spe|1
|-boost|p2a: Dondozo|atk|1
|-boost|p2a: Dondozo|def|1
|
|-damage|p1a: Alomomola|53/100 tox|[from] psn
|upkeep
|turn|82
|
|t:|1779890196
|move|p1a: Alomomola|Flip Turn|p2a: Dondozo
|-damage|p2a: Dondozo|65/100 slp
|
|t:|1779890201
|switch|p1a: Zapdos|Zapdos|64/100 tox|[from] Flip Turn
|cant|p2a: Dondozo|slp
|move|p2a: Dondozo|Sleep Talk|p2a: Dondozo
|move|p2a: Dondozo|Avalanche|p1a: Zapdos|[from] move: Sleep Talk
|-supereffective|p1a: Zapdos
|-damage|p1a: Zapdos|32/100 tox
|
|-heal|p1a: Zapdos|100/100 tox|[from] move: Wish|[wisher] Alomomola
|-damage|p1a: Zapdos|94/100 tox|[from] psn
|upkeep
|turn|83
|
|t:|1779890211
|move|p1a: Zapdos|Hurricane|p2a: Dondozo
|-supereffective|p2a: Dondozo
|-damage|p2a: Dondozo|0 fnt
|faint|p2a: Dondozo
|
|-damage|p1a: Zapdos|82/100 tox|[from] psn
|upkeep
|-message|Mantine4Ubers forfeited.
|
|win|milkmaster3001
|raw|milkmaster3001's rating: 1411 &rarr; <strong>1433</strong><br />(+22 for winning)
|raw|Mantine4Ubers's rating: 1444 &rarr; <strong>1422</strong><br />(-22 for losing)
|l|☆Mantine4Ubers
|player|p2|
|c|☆milkmaster3001|gg
