|j|☆MiracleTrash
|j|☆rehbegrgfvs
|t:|1779865307
|gametype|singles
|player|p1|MiracleTrash|hilda-wonderlauncher|1094
|player|p2|rehbegrgfvs|2|1079
|gen|9
|tier|[Gen 9] OU
|rated|
|rule|HP Percentage Mod: HP is shown in percentages
|rule|Endless Battle Clause: Forcing endless battles is banned
|rule|Species Clause: Limit one of each Pokémon
|rule|OHKO Clause: OHKO moves are banned
|rule|Evasion Items Clause: Evasion items are banned
|rule|Evasion Moves Clause: Evasion moves are banned
|rule|Evasion Abilities Clause: Evasion abilities are banned
|rule|Sleep Moves Clause: Sleep-inducing moves are banned
|clearpoke
|poke|p1|Glimmora, M|
|poke|p1|Alomomola, M|
|poke|p1|Cinderace, M|
|poke|p1|Garchomp, F|
|poke|p1|Torterra, F|
|poke|p1|Magnezone|
|poke|p2|Ninetales-Alola, M|
|poke|p2|Zamazenta-*|
|poke|p2|Ursaluna, M|
|poke|p2|Glastrier|
|poke|p2|Pecharunt|
|poke|p2|Raging Bolt|
|teampreview
|inactive|Battle timer is ON: inactive players will automatically lose when time's up. (requested by rehbegrgfvs)
|
|t:|1779865310
|teamsize|p1|6
|teamsize|p2|6
|start
|switch|p1a: Glimmora|Glimmora, M|100/100
|switch|p2a: Raging Bolt|Raging Bolt|100/100
|turn|1
|
|t:|1779865316
|move|p1a: Glimmora|Stealth Rock|p2a: Raging Bolt
|-sidestart|p2: rehbegrgfvs|move: Stealth Rock
|move|p2a: Raging Bolt|Thunderbolt|p1a: Glimmora
|-damage|p1a: Glimmora|27/100
|
|upkeep
|turn|2
|
|t:|1779865330
|move|p1a: Glimmora|Earth Power|p2a: Raging Bolt
|-supereffective|p2a: Raging Bolt
|-damage|p2a: Raging Bolt|36/100
|move|p2a: Raging Bolt|Thunderbolt|p1a: Glimmora
|-damage|p1a: Glimmora|0 fnt
|faint|p1a: Glimmora
|
|upkeep
|
|t:|1779865339
|switch|p1a: Torterra|Torterra, F|100/100
|turn|3
|
|t:|1779865344
|move|p2a: Raging Bolt|Draco Meteor|p1a: Torterra
|-damage|p1a: Torterra|8/100
|-unboost|p2a: Raging Bolt|spa|2
|move|p1a: Torterra|Headlong Rush|p2a: Raging Bolt
|-supereffective|p2a: Raging Bolt
|-damage|p2a: Raging Bolt|0 fnt
|-unboost|p1a: Torterra|def|1
|-unboost|p1a: Torterra|spd|1
|faint|p2a: Raging Bolt
|-end|p2a: Raging Bolt|Protosynthesis|[silent]
|
|upkeep
|
|t:|1779865356
|switch|p2a: Ninetales|Ninetales-Alola, M|100/100
|-damage|p2a: Ninetales|76/100|[from] Stealth Rock
|-weather|Snowscape|[from] ability: Snow Warning|[of] p2a: Ninetales
|turn|4
|
|t:|1779865367
|switch|p1a: Alomomola|Alomomola, M|100/100
|move|p2a: Ninetales|Blizzard|p1a: Alomomola
|-resisted|p1a: Alomomola
|-damage|p1a: Alomomola|82/100
|
|-weather|Snowscape|[upkeep]
|upkeep
|turn|5
|
|t:|1779865377
|move|p2a: Ninetales|Aurora Veil|p2a: Ninetales
|-sidestart|p2: rehbegrgfvs|move: Aurora Veil
|move|p1a: Alomomola|Wish|p1a: Alomomola
|
|-weather|Snowscape|[upkeep]
|upkeep
|turn|6
|
|t:|1779865391
|switch|p2a: Glastrier|Glastrier|100/100
|move|p1a: Alomomola|Flip Turn|p2a: Glastrier
|-damage|p2a: Glastrier|97/100
|
|t:|1779865396
|switch|p1a: Torterra|Torterra, F|8/100|[from] Flip Turn
|
|-weather|Snowscape|[upkeep]
|-heal|p1a: Torterra|89/100|[from] move: Wish|[wisher] Alomomola
|upkeep
|turn|7
|
|t:|1779865408
|-terastallize|p1a: Torterra|Fire
|move|p1a: Torterra|Rock Blast|p2a: Glastrier|[miss]
|-miss|p1a: Torterra|p2a: Glastrier
|move|p2a: Glastrier|Avalanche|p1a: Torterra
|-resisted|p1a: Torterra
|-damage|p1a: Torterra|73/100
|
|-weather|Snowscape|[upkeep]
|upkeep
|turn|8
|
|t:|1779865418
|move|p1a: Torterra|Rock Blast|p2a: Glastrier
|-supereffective|p2a: Glastrier
|-damage|p2a: Glastrier|93/100
|-supereffective|p2a: Glastrier
|-damage|p2a: Glastrier|90/100
|-supereffective|p2a: Glastrier
|-damage|p2a: Glastrier|86/100
|-supereffective|p2a: Glastrier
|-damage|p2a: Glastrier|82/100
|-hitcount|p2a: Glastrier|4
|move|p2a: Glastrier|Substitute|p2a: Glastrier
|-start|p2a: Glastrier|Substitute
|-damage|p2a: Glastrier|57/100
|
|-weather|none
|upkeep
|turn|9
|
|t:|1779865429
|move|p1a: Torterra|Rock Blast|p2a: Glastrier
|-supereffective|p2a: Glastrier
|-activate|p2a: Glastrier|move: Substitute|[damage]
|-supereffective|p2a: Glastrier
|-activate|p2a: Glastrier|move: Substitute|[damage]
|-supereffective|p2a: Glastrier
|-activate|p2a: Glastrier|move: Substitute|[damage]
|-supereffective|p2a: Glastrier
|-activate|p2a: Glastrier|move: Substitute|[damage]
|-supereffective|p2a: Glastrier
|-end|p2a: Glastrier|Substitute
|-hitcount|p2a: Glastrier|5
|move|p2a: Glastrier|High Horsepower|p1a: Torterra
|-supereffective|p1a: Torterra
|-damage|p1a: Torterra|6/100
|
|upkeep
|turn|10
|
|t:|1779865443
|switch|p1a: Alomomola|Alomomola, M|100/100
|move|p2a: Glastrier|Avalanche|p1a: Alomomola
|-resisted|p1a: Alomomola
|-damage|p1a: Alomomola|91/100
|
|upkeep
|turn|11
|
|t:|1779865450
|move|p1a: Alomomola|Wish|p1a: Alomomola
|move|p2a: Glastrier|Substitute|p2a: Glastrier
|-start|p2a: Glastrier|Substitute
|-damage|p2a: Glastrier|32/100
|
|upkeep
|turn|12
|
|t:|1779865455
|move|p1a: Alomomola|Flip Turn|p2a: Glastrier
|-activate|p2a: Glastrier|move: Substitute|[damage]
|
|t:|1779865458
|switch|p1a: Torterra|Torterra, F, tera:Fire|6/100|[from] Flip Turn
|move|p2a: Glastrier|Swords Dance|p2a: Glastrier
|-boost|p2a: Glastrier|atk|2
|
|-heal|p1a: Torterra|86/100|[from] move: Wish|[wisher] Alomomola
|-sideend|p2: rehbegrgfvs|move: Aurora Veil
|upkeep
|turn|13
|
|t:|1779865469
|move|p1a: Torterra|Shell Smash|p1a: Torterra
|-unboost|p1a: Torterra|def|1
|-unboost|p1a: Torterra|spd|1
|-boost|p1a: Torterra|atk|2
|-boost|p1a: Torterra|spa|2
|-boost|p1a: Torterra|spe|2
|move|p2a: Glastrier|High Horsepower|p1a: Torterra
|-supereffective|p1a: Torterra
|-damage|p1a: Torterra|0 fnt
|faint|p1a: Torterra
|-ability|p2a: Glastrier|Chilling Neigh|boost
|-boost|p2a: Glastrier|atk|1
|
|upkeep
|
|t:|1779865483
|switch|p1a: Cinderace|Cinderace, M|100/100
|turn|14
|
|t:|1779865493
|move|p1a: Cinderace|Pyro Ball|p2a: Glastrier
|-supereffective|p2a: Glastrier
|-end|p2a: Glastrier|Substitute
|move|p2a: Glastrier|High Horsepower|p1a: Cinderace
|-supereffective|p1a: Cinderace
|-damage|p1a: Cinderace|0 fnt
|faint|p1a: Cinderace
|-ability|p2a: Glastrier|Chilling Neigh|boost
|-boost|p2a: Glastrier|atk|1
|
|upkeep
|
|t:|1779865517
|switch|p1a: Alomomola|Alomomola, M|100/100
|turn|15
|inactive|MiracleTrash has 120 seconds left.
|
|t:|1779865536
|move|p1a: Alomomola|Scald|p2a: Glastrier
|-damage|p2a: Glastrier|23/100
|move|p2a: Glastrier|Substitute|p2a: Glastrier
|-fail|p2a: Glastrier|move: Substitute|[weak]
|
|upkeep
|turn|16
|
|t:|1779865543
|move|p1a: Alomomola|Protect|p1a: Alomomola
|-singleturn|p1a: Alomomola|Protect
|move|p2a: Glastrier|High Horsepower|p1a: Alomomola
|-activate|p1a: Alomomola|move: Protect
|
|upkeep
|turn|17
|
|t:|1779865548
|move|p1a: Alomomola|Flip Turn|p2a: Glastrier
|-damage|p2a: Glastrier|13/100
|
|t:|1779865562
|switch|p1a: Garchomp|Garchomp, F|100/100|[from] Flip Turn
|move|p2a: Glastrier|High Horsepower|p1a: Garchomp
|-damage|p1a: Garchomp|31/100
|-damage|p2a: Glastrier|0 fnt|[from] ability: Rough Skin|[of] p1a: Garchomp
|faint|p2a: Glastrier
|
|upkeep
|
|t:|1779865571
|switch|p2a: Zamazenta|Zamazenta|100/100
|-damage|p2a: Zamazenta|94/100|[from] Stealth Rock
|-ability|p2a: Zamazenta|Dauntless Shield|boost
|-boost|p2a: Zamazenta|def|1
|turn|18
|
|t:|1779865581
|switch|p1a: Alomomola|Alomomola, M|100/100
|move|p2a: Zamazenta|Body Press|p1a: Alomomola
|-damage|p1a: Alomomola|67/100
|-damage|p2a: Zamazenta|84/100|[from] item: Life Orb
|
|upkeep
|turn|19
|
|t:|1779865588
|move|p2a: Zamazenta|Iron Defense|p2a: Zamazenta
|-boost|p2a: Zamazenta|def|2
|move|p1a: Alomomola|Wish|p1a: Alomomola
|
|upkeep
|turn|20
|
|t:|1779865592
|move|p2a: Zamazenta|Body Press|p1a: Alomomola
|-damage|p1a: Alomomola|8/100
|-damage|p2a: Zamazenta|75/100|[from] item: Life Orb
|move|p1a: Alomomola|Flip Turn|p2a: Zamazenta
|-damage|p2a: Zamazenta|69/100
|
|t:|1779865599
|switch|p1a: Garchomp|Garchomp, F|31/100|[from] Flip Turn
|
|-heal|p1a: Garchomp|95/100|[from] move: Wish|[wisher] Alomomola
|upkeep
|turn|21
|
|t:|1779865608
|move|p2a: Zamazenta|Body Press|p1a: Garchomp
|-damage|p1a: Garchomp|23/100
|-damage|p2a: Zamazenta|57/100|[from] ability: Rough Skin|[of] p1a: Garchomp
|-damage|p2a: Zamazenta|40/100|[from] item: Rocky Helmet|[of] p1a: Garchomp
|-damage|p2a: Zamazenta|30/100|[from] item: Life Orb
|move|p1a: Garchomp|Earthquake|p2a: Zamazenta
|-damage|p2a: Zamazenta|15/100
|
|upkeep
|turn|22
|
|t:|1779865625
|switch|p1a: Alomomola|Alomomola, M|42/100
|move|p2a: Zamazenta|Body Press|p1a: Alomomola
|-damage|p1a: Alomomola|0 fnt
|faint|p1a: Alomomola
|-damage|p2a: Zamazenta|5/100|[from] item: Life Orb
|
|upkeep
|-message|MiracleTrash forfeited.
|
|win|rehbegrgfvs
|raw|MiracleTrash's rating: 1094 &rarr; <strong>1069</strong><br />(-25 for losing)
|raw|rehbegrgfvs's rating: 1079 &rarr; <strong>1108</strong><br />(+29 for winning)
|l|☆MiracleTrash
|player|p1|
|l|☆rehbegrgfvs
|player|p2|
