|j|☆eserraba
|j|☆Zenkoku
|t:|1779899680
|gametype|singles
|player|p1|eserraba|101|1193
|player|p2|Zenkoku|lucas|1247
|gen|9
|tier|[Gen 9] OU
|rated|
|rule|HP Percentage Mod: HP is shown in percentages
|rule|Endless Battle Clause: Forcing endless battles is banned
|rule|Species Clause: Limit one of each Pokémon
|rule|OHKO Clause: OHKO moves are banned
|rule|Evasion Items Clause: Evasion items are banned
|rule|Evasion Moves Clause: Evasion moves are banned
|rule|Evasion Abilities Clause: Evasion abilities are banned
|rule|Sleep Moves Clause: Sleep-inducing moves are banned
|clearpoke
|poke|p1|Masquerain, F|
|poke|p1|Eelektross, M|
|poke|p1|Shiftry, F|
|poke|p1|Volbeat, M|
|poke|p1|Seviper, M|
|poke|p1|Golduck, F|
|poke|p2|Greninja-*, M|
|poke|p2|Garchomp, M|
|poke|p2|Dragonite, F|
|poke|p2|Ceruledge, F|
|poke|p2|Tornadus-Therian, M|
|poke|p2|Kingambit, F|
|teampreview
|inactive|Battle timer is ON: inactive players will automatically lose when time's up. (requested by eserraba)
|c|☆Zenkoku|th
|
|t:|1779899695
|teamsize|p1|6
|teamsize|p2|6
|start
|switch|p1a: Eelektross|Eelektross, M|100/100
|switch|p2a: Garchomp|Garchomp, M|100/100
|turn|1
|c|☆Zenkoku|you are scaring me
|
|t:|1779899702
|move|p2a: Garchomp|Stealth Rock|p1a: Eelektross
|-sidestart|p1: eserraba|move: Stealth Rock
|move|p1a: Eelektross|U-turn|p2a: Garchomp
|-damage|p2a: Garchomp|86/100
|-damage|p1a: Eelektross|88/100|[from] ability: Rough Skin|[of] p2a: Garchomp
|-damage|p1a: Eelektross|72/100|[from] item: Rocky Helmet|[of] p2a: Garchomp
|
|t:|1779899709
|switch|p1a: Masquerain|Masquerain, F|100/100|[from] U-turn
|-ability|p1a: Masquerain|Intimidate|boost
|-unboost|p2a: Garchomp|atk|1
|
|upkeep
|turn|2
|
|t:|1779899714
|move|p1a: Masquerain|Quiver Dance|p1a: Masquerain
|-boost|p1a: Masquerain|spa|1
|-boost|p1a: Masquerain|spd|1
|-boost|p1a: Masquerain|spe|1
|move|p2a: Garchomp|Dragon Tail|p1a: Masquerain
|-damage|p1a: Masquerain|70/100
|drag|p1a: Shiftry|Shiftry, F|100/100
|-damage|p1a: Shiftry|88/100|[from] Stealth Rock
|
|upkeep
|turn|3
|
|t:|1779899726
|move|p1a: Shiftry|Swords Dance|p1a: Shiftry
|-boost|p1a: Shiftry|atk|2
|move|p2a: Garchomp|Spikes|p1a: Shiftry
|-sidestart|p1: eserraba|Spikes
|
|upkeep
|turn|4
|
|t:|1779899738
|move|p1a: Shiftry|Explosion|p2a: Garchomp
|-damage|p2a: Garchomp|0 fnt
|faint|p1a: Shiftry
|faint|p2a: Garchomp
|
|upkeep
|c|☆Zenkoku|th
|
|t:|1779899752
|switch|p1a: Seviper|Seviper, M|100/100
|switch|p2a: Dragonite|Dragonite, F|100/100
|-damage|p1a: Seviper|88/100|[from] Stealth Rock
|-damage|p1a: Seviper|76/100|[from] Spikes
|turn|5
|
|t:|1779899758
|move|p1a: Seviper|Switcheroo|p2a: Dragonite
|-activate|p1a: Seviper|move: Trick|[of] p2a: Dragonite
|-item|p2a: Dragonite|Choice Scarf|[from] move: Switcheroo
|-item|p1a: Seviper|Heavy-Duty Boots|[from] move: Switcheroo
|move|p2a: Dragonite|Dragon Dance|p2a: Dragonite
|-boost|p2a: Dragonite|atk|1
|-boost|p2a: Dragonite|spe|1
|
|upkeep
|turn|6
|
|t:|1779899770
|switch|p2a: Kingambit|Kingambit, F|100/100
|-activate|p2a: Kingambit|ability: Supreme Overlord
|-start|p2a: Kingambit|fallen1|[silent]
|move|p1a: Seviper|Earthquake|p2a: Kingambit
|-supereffective|p2a: Kingambit
|-damage|p2a: Kingambit|54/100
|
|-heal|p2a: Kingambit|60/100|[from] item: Leftovers
|upkeep
|turn|7
|
|t:|1779899793
|move|p1a: Seviper|Flamethrower|p2a: Kingambit
|-supereffective|p2a: Kingambit
|-damage|p2a: Kingambit|11/100
|move|p2a: Kingambit|Iron Head|p1a: Seviper
|-damage|p1a: Seviper|0 fnt
|faint|p1a: Seviper
|
|-heal|p2a: Kingambit|17/100|[from] item: Leftovers
|upkeep
|
|t:|1779899802
|switch|p1a: Volbeat|Volbeat, M|100/100
|-damage|p1a: Volbeat|76/100|[from] Stealth Rock
|-damage|p1a: Volbeat|63/100|[from] Spikes
|turn|8
|
|t:|1779899807
|move|p2a: Kingambit|Sucker Punch|p1a: Volbeat
|-damage|p1a: Volbeat|22/100
|-enditem|p1a: Volbeat|Red Card|[of] p2a: Kingambit
|-end|p2a: Kingambit|fallen1|[silent]
|drag|p2a: Greninja|Greninja, M|100/100
|move|p1a: Volbeat|Counter|p2a: Greninja
|-damage|p2a: Greninja|3/100
|
|upkeep
|turn|9
|inactive|eserraba has 120 seconds left.
|
|t:|1779899839
|move|p2a: Greninja|Water Shuriken|p1a: Volbeat
|-damage|p1a: Volbeat|10/100
|-damage|p1a: Volbeat|0 fnt
|faint|p1a: Volbeat
|-ability|p2a: Greninja|Battle Bond|boost
|-boost|p2a: Greninja|atk|1
|-boost|p2a: Greninja|spa|1
|-boost|p2a: Greninja|spe|1
|-activate|p2a: Greninja|ability: Battle Bond
|-hitcount|p1: Volbeat|2
|-damage|p2a: Greninja|0 fnt|[from] item: Life Orb
|faint|p2a: Greninja
|
|upkeep
|inactive|eserraba has 120 seconds left.
|
|t:|1779899857
|switch|p2a: Dragonite|Dragonite, F|100/100
|switch|p1a: Masquerain|Masquerain, F|70/100
|-ability|p1a: Masquerain|Intimidate|boost
|-unboost|p2a: Dragonite|atk|1
|turn|10
|
|t:|1779899868
|switch|p1a: Eelektross|Eelektross, M|72/100
|-damage|p1a: Eelektross|59/100|[from] Stealth Rock
|move|p2a: Dragonite|Dragon Dance|p2a: Dragonite
|-boost|p2a: Dragonite|atk|1
|-boost|p2a: Dragonite|spe|1
|
|upkeep
|turn|11
|inactive|eserraba has 120 seconds left.
|c|☆Zenkoku|gg
|
|t:|1779899886
|-terastallize|p2a: Dragonite|Normal
|move|p2a: Dragonite|Dragon Dance|p2a: Dragonite
|-boost|p2a: Dragonite|atk|1
|-boost|p2a: Dragonite|spe|1
|move|p1a: Eelektross|Supercell Slam|p2a: Dragonite
|-damage|p2a: Dragonite|72/100
|
|upkeep
|turn|12
|c|☆Zenkoku|OH SHI
|c|☆Zenkoku|forgot
|
|t:|1779899909
|switch|p2a: Tornadus|Tornadus-Therian, M|100/100
|move|p1a: Eelektross|Drain Punch|p2a: Tornadus
|-resisted|p2a: Tornadus
|-damage|p2a: Tornadus|87/100
|-heal|p1a: Eelektross|66/100|[from] drain|[of] p2a: Tornadus
|
|upkeep
|turn|13
|inactive|eserraba has 120 seconds left.
|
|t:|1779899917
|move|p2a: Tornadus|Bleakwind Storm|p1a: Eelektross
|-resisted|p1a: Eelektross
|-damage|p1a: Eelektross|52/100
|-unboost|p1a: Eelektross|spe|1
|move|p1a: Eelektross|Supercell Slam|p2a: Tornadus
|-supereffective|p2a: Tornadus
|-damage|p2a: Tornadus|0 fnt
|faint|p2a: Tornadus
|
|upkeep
|
|t:|1779899922
|switch|p2a: Ceruledge|Ceruledge, F|100/100
|turn|14
|inactive|eserraba has 120 seconds left.
|
|t:|1779899946
|switch|p1a: Golduck|Golduck, F|100/100
|-damage|p1a: Golduck|88/100|[from] Stealth Rock
|-damage|p1a: Golduck|76/100|[from] Spikes
|-ability|p1a: Golduck|Cloud Nine
|move|p2a: Ceruledge|Bitter Blade|p1a: Golduck
|-resisted|p1a: Golduck
|-damage|p1a: Golduck|44/100
|-enditem|p1a: Golduck|Sitrus Berry|[eat]
|-heal|p1a: Golduck|69/100|[from] item: Sitrus Berry
|
|upkeep
|turn|15
|inactive|eserraba has 120 seconds left.
|
|t:|1779899961
|move|p1a: Golduck|Surf|p2a: Ceruledge
|-supereffective|p2a: Ceruledge
|-damage|p2a: Ceruledge|12/100
|move|p2a: Ceruledge|Poltergeist||[still]
|-fail|p2a: Ceruledge
|
|upkeep
|turn|16
|inactive|eserraba has 120 seconds left.
|
|t:|1779899967
|move|p2a: Ceruledge|Shadow Sneak|p1a: Golduck
|-damage|p1a: Golduck|42/100
|move|p1a: Golduck|Surf|p2a: Ceruledge
|-supereffective|p2a: Ceruledge
|-damage|p2a: Ceruledge|0 fnt
|faint|p2a: Ceruledge
|
|upkeep
|
|t:|1779899971
|switch|p2a: Dragonite|Dragonite, F, tera:Normal|72/100
|turn|17
|inactive|eserraba has 120 seconds left.
|
|t:|1779899987
|switch|p1a: Masquerain|Masquerain, F|70/100
|-ability|p1a: Masquerain|Intimidate|boost
|-unboost|p2a: Dragonite|atk|1
|move|p2a: Dragonite|Extreme Speed|p1a: Masquerain
|-damage|p1a: Masquerain|18/100
|
|upkeep
|turn|18
|
|t:|1779899996
|move|p2a: Dragonite|Extreme Speed|p1a: Masquerain
|-damage|p1a: Masquerain|0 fnt
|faint|p1a: Masquerain
|
|upkeep
|
|t:|1779900001
|switch|p1a: Eelektross|Eelektross, M|52/100
|-damage|p1a: Eelektross|40/100|[from] Stealth Rock
|turn|19
|
|t:|1779900006
|move|p2a: Dragonite|Extreme Speed|p1a: Eelektross
|-damage|p1a: Eelektross|6/100
|move|p1a: Eelektross|Drain Punch|p2a: Dragonite
|-supereffective|p2a: Dragonite
|-damage|p2a: Dragonite|12/100
|-heal|p1a: Eelektross|32/100|[from] drain|[of] p2a: Dragonite
|
|upkeep
|turn|20
|
|t:|1779900014
|move|p2a: Dragonite|Extreme Speed|p1a: Eelektross
|-damage|p1a: Eelektross|0 fnt
|faint|p1a: Eelektross
|
|upkeep
|
|t:|1779900018
|switch|p1a: Golduck|Golduck, F|42/100
|-damage|p1a: Golduck|29/100|[from] Stealth Rock
|-damage|p1a: Golduck|17/100|[from] Spikes
|-ability|p1a: Golduck|Cloud Nine
|turn|21
|
|t:|1779900024
|move|p2a: Dragonite|Extreme Speed|p1a: Golduck
|-damage|p1a: Golduck|0 fnt
|faint|p1a: Golduck
|
|win|Zenkoku
|raw|eserraba's rating: 1193 &rarr; <strong>1172</strong><br />(-21 for losing)
|raw|Zenkoku's rating: 1247 &rarr; <strong>1268</strong><br />(+21 for winning)
|l|☆Zenkoku
|player|p2|
|l|☆eserraba
|player|p1|
