|j|☆ionhy
|j|☆technogiri
|t:|1779943897
|gametype|singles
|player|p1|ionhy|102|1386
|player|p2|technogiri|101|1310
|gen|9
|tier|[Gen 9] OU
|rated|
|rule|HP Percentage Mod: HP is shown in percentages
|rule|Endless Battle Clause: Forcing endless battles is banned
|rule|Species Clause: Limit one of each Pokémon
|rule|OHKO Clause: OHKO moves are banned
|rule|Evasion Items Clause: Evasion items are banned
|rule|Evasion Moves Clause: Evasion moves are banned
|rule|Evasion Abilities Clause: Evasion abilities are banned
|rule|Sleep Moves Clause: Sleep-inducing moves are banned
|clearpoke
|poke|p1|Swampert, F|
|poke|p1|Pelipper, F|
|poke|p1|Plusle, M|
|poke|p1|Metagross|
|poke|p1|Barraskewda, M|
|poke|p1|Salamence, F|
|poke|p2|Maushold|
|poke|p2|Grimmsnarl, M|
|poke|p2|Clefable, F|
|poke|p2|Darkrai|
|poke|p2|Gyarados, M|
|poke|p2|Skeledirge, F|
|teampreview
|inactive|Battle timer is ON: inactive players will automatically lose when time's up. (requested by technogiri)
|
|t:|1779943912
|teamsize|p1|6
|teamsize|p2|6
|start
|switch|p1a: MEGADRIVE|Metagross|100/100
|switch|p2a: Grimmsnarl|Grimmsnarl, M|100/100
|turn|1
|
|t:|1779943917
|move|p2a: Grimmsnarl|Reflect|p2a: Grimmsnarl
|-sidestart|p2: technogiri|Reflect
|move|p1a: MEGADRIVE|Meteor Mash|p2a: Grimmsnarl
|-supereffective|p2a: Grimmsnarl
|-damage|p2a: Grimmsnarl|33/100
|
|upkeep
|turn|2
|
|t:|1779943924
|switch|p2a: Skeledirge|Skeledirge, F|100/100
|move|p1a: MEGADRIVE|Meteor Mash|p2a: Skeledirge
|-resisted|p2a: Skeledirge
|-damage|p2a: Skeledirge|90/100
|
|upkeep
|turn|3
|
|t:|1779943939
|switch|p1a: STORM|Pelipper, F|100/100
|-weather|RainDance|[from] ability: Drizzle|[of] p1a: STORM
|move|p2a: Skeledirge|Torch Song|p1a: STORM
|-resisted|p1a: STORM
|-damage|p1a: STORM|91/100
|-boost|p2a: Skeledirge|spa|1
|
|-weather|RainDance|[upkeep]
|upkeep
|turn|4
|
|t:|1779943955
|switch|p2a: Gyarados|Gyarados, M|100/100
|switch|p1a: Mego|Swampert, F|100/100
|
|-weather|RainDance|[upkeep]
|upkeep
|turn|5
|
|t:|1779943970
|move|p2a: Gyarados|Substitute|p2a: Gyarados
|-start|p2a: Gyarados|Substitute
|-damage|p2a: Gyarados|76/100
|move|p1a: Mego|Stealth Rock|p2a: Gyarados
|-sidestart|p2: technogiri|move: Stealth Rock
|
|-weather|RainDance|[upkeep]
|upkeep
|turn|6
|
|t:|1779943980
|move|p2a: Gyarados|Dragon Dance|p2a: Gyarados
|-boost|p2a: Gyarados|atk|1
|-boost|p2a: Gyarados|spe|1
|move|p1a: Mego|Flip Turn|p2a: Gyarados
|-resisted|p2a: Gyarados
|-activate|p2a: Gyarados|move: Substitute|[damage]
|
|t:|1779943991
|switch|p1a: Juanchon|Barraskewda, M|100/100|[from] Flip Turn
|
|-weather|RainDance|[upkeep]
|upkeep
|turn|7
|
|t:|1779943996
|move|p1a: Juanchon|Flip Turn|p2a: Gyarados
|-resisted|p2a: Gyarados
|-end|p2a: Gyarados|Substitute
|
|t:|1779943999
|switch|p1a: Salamence|Salamence, F|100/100|[from] Flip Turn
|-ability|p1a: Salamence|Intimidate|boost
|-unboost|p2a: Gyarados|atk|1
|move|p2a: Gyarados|Waterfall|p1a: Salamence
|-resisted|p1a: Salamence
|-damage|p1a: Salamence|62/100
|
|-weather|RainDance|[upkeep]
|upkeep
|turn|8
|
|t:|1779944011
|move|p2a: Gyarados|Dragon Dance|p2a: Gyarados
|-boost|p2a: Gyarados|atk|1
|-boost|p2a: Gyarados|spe|1
|move|p1a: Salamence|Hurricane|p2a: Gyarados
|-damage|p2a: Gyarados|21/100
|
|-weather|RainDance|[upkeep]
|-sideend|p2: technogiri|Reflect
|upkeep
|turn|9
|
|t:|1779944018
|move|p2a: Gyarados|Scale Shot|p1a: Salamence
|-supereffective|p1a: Salamence
|-damage|p1a: Salamence|31/100
|-supereffective|p1a: Salamence
|-damage|p1a: Salamence|2/100
|-supereffective|p1a: Salamence
|-damage|p1a: Salamence|0 fnt
|faint|p1a: Salamence
|-ability|p2a: Gyarados|Moxie|boost
|-boost|p2a: Gyarados|atk|1
|-hitcount|p1: Salamence|3
|-unboost|p2a: Gyarados|def|1
|-boost|p2a: Gyarados|spe|1
|
|-weather|RainDance|[upkeep]
|upkeep
|
|t:|1779944033
|switch|p1a: Juanchon|Barraskewda, M|100/100
|turn|10
|
|t:|1779944038
|move|p1a: Juanchon|Aqua Jet|p2a: Gyarados
|-resisted|p2a: Gyarados
|-damage|p2a: Gyarados|0 fnt
|faint|p2a: Gyarados
|
|-weather|none
|upkeep
|
|t:|1779944041
|switch|p2a: Maushold|Maushold|100/100
|-damage|p2a: Maushold|88/100|[from] Stealth Rock
|turn|11
|
|t:|1779944046
|switch|p1a: STORM|Pelipper, F|91/100
|-weather|RainDance|[from] ability: Drizzle|[of] p1a: STORM
|move|p2a: Maushold|Tidy Up|p2a: Maushold
|-sideend|p2: technogiri|Stealth Rock
|-activate|p2a: Maushold|move: Tidy Up
|-boost|p2a: Maushold|atk|1
|-boost|p2a: Maushold|spe|1
|
|-weather|RainDance|[upkeep]
|upkeep
|turn|12
|
|t:|1779944055
|move|p2a: Maushold|Tidy Up|p2a: Maushold
|-boost|p2a: Maushold|atk|1
|-boost|p2a: Maushold|spe|1
|move|p1a: STORM|Surf|p2a: Maushold
|-damage|p2a: Maushold|23/100
|
|-weather|RainDance|[upkeep]
|upkeep
|turn|13
|
|t:|1779944068
|move|p2a: Maushold|Population Bomb|p1a: STORM
|-damage|p1a: STORM|74/100
|-damage|p1a: STORM|57/100
|-damage|p1a: STORM|38/100
|-damage|p1a: STORM|20/100
|-damage|p1a: STORM|5/100
|-damage|p1a: STORM|0 fnt
|faint|p1a: STORM
|-hitcount|p1: STORM|6
|
|-weather|RainDance|[upkeep]
|upkeep
|
|t:|1779944080
|switch|p1a: Juanchon|Barraskewda, M|100/100
|turn|14
|
|t:|1779944084
|move|p1a: Juanchon|Aqua Jet|p2a: Maushold
|-damage|p2a: Maushold|0 fnt
|faint|p2a: Maushold
|
|-weather|RainDance|[upkeep]
|upkeep
|
|t:|1779944087
|switch|p2a: Grimmsnarl|Grimmsnarl, M|33/100
|turn|15
|
|t:|1779944094
|switch|p1a: MEGADRIVE|Metagross|100/100
|move|p2a: Grimmsnarl|Reflect|p2a: Grimmsnarl
|-sidestart|p2: technogiri|Reflect
|
|-weather|RainDance|[upkeep]
|upkeep
|turn|16
|
|t:|1779944101
|move|p2a: Grimmsnarl|Light Screen|p2a: Grimmsnarl
|-sidestart|p2: technogiri|move: Light Screen
|move|p1a: MEGADRIVE|Agility|p1a: MEGADRIVE
|-boost|p1a: MEGADRIVE|spe|2
|
|-weather|RainDance|[upkeep]
|upkeep
|turn|17
|
|t:|1779944106
|move|p1a: MEGADRIVE|Meteor Mash|p2a: Grimmsnarl
|-supereffective|p2a: Grimmsnarl
|-damage|p2a: Grimmsnarl|0 fnt
|faint|p2a: Grimmsnarl
|
|-weather|RainDance|[upkeep]
|upkeep
|
|t:|1779944110
|switch|p2a: Darkrai|Darkrai|100/100
|turn|18
|
|t:|1779944114
|move|p1a: MEGADRIVE|Meteor Mash|p2a: Darkrai
|-damage|p2a: Darkrai|66/100
|move|p2a: Darkrai|Nasty Plot|p2a: Darkrai
|-boost|p2a: Darkrai|spa|2
|
|-weather|none
|upkeep
|turn|19
|
|t:|1779944122
|move|p1a: MEGADRIVE|Agility|p1a: MEGADRIVE
|-boost|p1a: MEGADRIVE|spe|2
|move|p2a: Darkrai|Dark Pulse|p1a: MEGADRIVE
|-supereffective|p1a: MEGADRIVE
|-damage|p1a: MEGADRIVE|0 fnt
|faint|p1a: MEGADRIVE
|-damage|p2a: Darkrai|56/100|[from] item: Life Orb
|
|upkeep
|
|t:|1779944132
|switch|p1a: PIKA+|Plusle, M|100/100
|turn|20
|
|t:|1779944139
|move|p2a: Darkrai|Sludge Bomb|p1a: PIKA+
|-damage|p1a: PIKA+|18/100
|-damage|p2a: Darkrai|46/100|[from] item: Life Orb
|move|p1a: PIKA+|Thunder|p2a: Darkrai
|-damage|p2a: Darkrai|20/100
|
|upkeep
|turn|21
|
|t:|1779944147
|move|p2a: Darkrai|Sludge Bomb|p1a: PIKA+
|-damage|p1a: PIKA+|0 fnt
|faint|p1a: PIKA+
|-damage|p2a: Darkrai|10/100|[from] item: Life Orb
|
|upkeep
|
|t:|1779944152
|switch|p1a: Juanchon|Barraskewda, M|100/100
|turn|22
|
|t:|1779944157
|move|p1a: Juanchon|Aqua Jet|p2a: Darkrai
|-damage|p2a: Darkrai|0 fnt
|faint|p2a: Darkrai
|
|-sideend|p2: technogiri|Reflect
|upkeep
|
|t:|1779944160
|switch|p2a: Skeledirge|Skeledirge, F|90/100
|turn|23
|
|t:|1779944164
|switch|p1a: Mego|Swampert, F|100/100
|-terastallize|p2a: Skeledirge|Fairy
|move|p2a: Skeledirge|Will-O-Wisp|p1a: Mego
|-status|p1a: Mego|brn
|
|-damage|p1a: Mego|94/100 brn|[from] brn
|-sideend|p2: technogiri|move: Light Screen
|upkeep
|turn|24
|
|t:|1779944173
|move|p2a: Skeledirge|Torch Song|p1a: Mego
|-resisted|p1a: Mego
|-crit|p1a: Mego
|-damage|p1a: Mego|78/100 brn
|-boost|p2a: Skeledirge|spa|1
|move|p1a: Mego|Knock Off|p2a: Skeledirge
|-resisted|p2a: Skeledirge
|-damage|p2a: Skeledirge|85/100
|-enditem|p2a: Skeledirge|Heavy-Duty Boots|[from] move: Knock Off|[of] p1a: Mego
|
|-damage|p1a: Mego|71/100 brn|[from] brn
|upkeep
|turn|25
|
|t:|1779944185
|move|p2a: Skeledirge|Torch Song|p1a: Mego
|-resisted|p1a: Mego
|-damage|p1a: Mego|55/100 brn
|-boost|p2a: Skeledirge|spa|1
|move|p1a: Mego|Flip Turn|p2a: Skeledirge
|-damage|p2a: Skeledirge|75/100
|
|t:|1779944191
|switch|p1a: Juanchon|Barraskewda, M|100/100|[from] Flip Turn
|
|upkeep
|turn|26
|
|t:|1779944196
|-terastallize|p1a: Juanchon|Water
|move|p1a: Juanchon|Liquidation|p2a: Skeledirge
|-crit|p2a: Skeledirge
|-damage|p2a: Skeledirge|0 fnt
|faint|p2a: Skeledirge
|
|upkeep
|
|t:|1779944200
|switch|p2a: Clefable|Clefable, F|100/100
|turn|27
|
|t:|1779944204
|move|p1a: Juanchon|Liquidation|p2a: Clefable
|-damage|p2a: Clefable|0 fnt
|faint|p2a: Clefable
|
|win|ionhy
|raw|ionhy's rating: 1386 &rarr; <strong>1402</strong><br />(+16 for winning)
|raw|technogiri's rating: 1310 &rarr; <strong>1294</strong><br />(-16 for losing)
|l|☆technogiri
|player|p2|
