|j|☆KING丶3266926956今余
|j|‽bearboeloe
|t:|1779799508
|gametype|singles
|player|p1|KING丶3266926956今余|dawn|1314
|player|p2|bearboeloe|1|1244
|gen|9
|tier|[Gen 9] OU
|rated|
|rule|HP Percentage Mod: HP is shown in percentages
|rule|Endless Battle Clause: Forcing endless battles is banned
|rule|Species Clause: Limit one of each Pokémon
|rule|OHKO Clause: OHKO moves are banned
|rule|Evasion Items Clause: Evasion items are banned
|rule|Evasion Moves Clause: Evasion moves are banned
|rule|Evasion Abilities Clause: Evasion abilities are banned
|rule|Sleep Moves Clause: Sleep-inducing moves are banned
|clearpoke
|poke|p1|Luxray, F|
|poke|p1|Noctowl, F|
|poke|p1|Alomomola, F|
|poke|p1|Meowstic, M|
|poke|p1|Incineroar, F|
|poke|p1|Meowscarada, F|
|poke|p2|Clodsire, F|
|poke|p2|Dondozo, F|
|poke|p2|Gliscor, F|
|poke|p2|Alomomola, L99, F|
|poke|p2|Corviknight, F|
|poke|p2|Blissey, F|
|teampreview
|inactive|Battle timer is ON: inactive players will automatically lose when time's up. (requested by KING丶3266926956今余)
|
|t:|1779799519
|teamsize|p1|6
|teamsize|p2|6
|start
|switch|p1a: Meowscarada|Meowscarada, F|100/100
|switch|p2a: Gliscor|Gliscor, F|100/100
|turn|1
|
|t:|1779799525
|move|p2a: Gliscor|Protect|p2a: Gliscor
|-singleturn|p2a: Gliscor|Protect
|move|p1a: Meowscarada|Triple Axel|p2a: Gliscor
|-start|p1a: Meowscarada|typechange|Ice|[from] ability: Protean
|-activate|p2a: Gliscor|move: Protect
|
|-status|p2a: Gliscor|tox|[from] item: Toxic Orb
|upkeep
|turn|2
|
|t:|1779799534
|switch|p2a: Alomomola|Alomomola, L99, F, shiny|100/100
|move|p1a: Meowscarada|Triple Axel|p2a: Alomomola
|-resisted|p2a: Alomomola
|-damage|p2a: Alomomola|97/100
|-resisted|p2a: Alomomola
|-damage|p2a: Alomomola|89/100
|-resisted|p2a: Alomomola
|-damage|p2a: Alomomola|77/100
|-hitcount|p2a: Alomomola|3
|
|upkeep
|turn|3
|
|t:|1779799546
|switch|p1a: Alomomola|Alomomola, F|100/100
|move|p2a: Alomomola|Scald|p1a: Alomomola
|-resisted|p1a: Alomomola
|-damage|p1a: Alomomola|96/100
|
|upkeep
|turn|4
|
|t:|1779799557
|switch|p2a: Gliscor|Gliscor, F|100/100 tox
|move|p1a: Alomomola|Flip Turn|p2a: Gliscor
|-supereffective|p2a: Gliscor
|-damage|p2a: Gliscor|82/100 tox
|
|t:|1779799568
|switch|p1a: Meowscarada|Meowscarada, F|100/100|[from] Flip Turn
|
|-heal|p2a: Gliscor|94/100 tox|[from] ability: Poison Heal
|upkeep
|turn|5
|
|t:|1779799579
|move|p2a: Gliscor|Protect|p2a: Gliscor
|-singleturn|p2a: Gliscor|Protect
|move|p1a: Meowscarada|Flower Trick|p2a: Gliscor
|-start|p1a: Meowscarada|typechange|Grass|[from] ability: Protean
|-activate|p2a: Gliscor|move: Protect
|
|-heal|p2a: Gliscor|100/100 tox|[from] ability: Poison Heal
|upkeep
|turn|6
|
|t:|1779799588
|move|p1a: Meowscarada|Flower Trick|p2a: Gliscor
|-crit|p2a: Gliscor
|-damage|p2a: Gliscor|56/100 tox
|move|p2a: Gliscor|Toxic|p1a: Meowscarada
|-status|p1a: Meowscarada|tox
|
|-damage|p1a: Meowscarada|94/100 tox|[from] psn
|-heal|p2a: Gliscor|68/100 tox|[from] ability: Poison Heal
|upkeep
|turn|7
|
|t:|1779799597
|switch|p1a: Alomomola|Alomomola, F|100/100
|move|p2a: Gliscor|Protect||[still]
|-fail|p2a: Gliscor
|
|-heal|p2a: Gliscor|81/100 tox|[from] ability: Poison Heal
|upkeep
|turn|8
|
|t:|1779799612
|move|p2a: Gliscor|Toxic|p1a: Alomomola
|-status|p1a: Alomomola|tox
|move|p1a: Alomomola|Flip Turn|p2a: Gliscor
|-supereffective|p2a: Gliscor
|-damage|p2a: Gliscor|60/100 tox
|
|t:|1779799619
|switch|p1a: Luxray|Luxray, F|100/100|[from] Flip Turn
|
|-heal|p2a: Gliscor|72/100 tox|[from] ability: Poison Heal
|-status|p1a: Luxray|brn|[from] item: Flame Orb
|upkeep
|turn|9
|
|t:|1779799628
|switch|p1a: Alomomola|Alomomola, F|100/100 tox
|move|p2a: Gliscor|Protect||[still]
|-fail|p2a: Gliscor
|
|-heal|p2a: Gliscor|85/100 tox|[from] ability: Poison Heal
|-damage|p1a: Alomomola|94/100 tox|[from] psn
|upkeep
|turn|10
|
|t:|1779799634
|move|p2a: Gliscor|Stealth Rock|p1a: Alomomola
|-sidestart|p1: KING丶3266926956今余|move: Stealth Rock
|move|p1a: Alomomola|Flip Turn|p2a: Gliscor
|-supereffective|p2a: Gliscor
|-damage|p2a: Gliscor|64/100 tox
|
|t:|1779799639
|switch|p1a: Noctowl|Noctowl, F|100/100|[from] Flip Turn
|
|-heal|p2a: Gliscor|77/100 tox|[from] ability: Poison Heal
|upkeep
|turn|11
|
|t:|1779799646
|switch|p2a: Clodsire|Clodsire, F|100/100
|move|p1a: Noctowl|Defog|p2a: Clodsire
|-unboost|p2a: Clodsire|evasion|1
|-sideend|p1: KING丶3266926956今余|Stealth Rock|[from] move: Defog|[of] p1a: Noctowl
|
|upkeep
|turn|12
|
|t:|1779799653
|move|p1a: Noctowl|Hurricane|p2a: Clodsire
|-damage|p2a: Clodsire|75/100
|move|p2a: Clodsire|Toxic|p1a: Noctowl
|-status|p1a: Noctowl|tox
|
|-damage|p1a: Noctowl|94/100 tox|[from] psn
|upkeep
|turn|13
|
|t:|1779799659
|switch|p1a: Meowscarada|Meowscarada, F|94/100 tox
|move|p2a: Clodsire|Amnesia|p2a: Clodsire
|-boost|p2a: Clodsire|spd|2
|
|-damage|p1a: Meowscarada|88/100 tox|[from] psn
|upkeep
|turn|14
|
|t:|1779799666
|switch|p2a: Alomomola|Alomomola, L99, F, shiny|100/100
|move|p1a: Meowscarada|Triple Axel|p2a: Alomomola
|-start|p1a: Meowscarada|typechange|Ice|[from] ability: Protean
|-resisted|p2a: Alomomola
|-damage|p2a: Alomomola|97/100
|-resisted|p2a: Alomomola
|-damage|p2a: Alomomola|89/100
|-resisted|p2a: Alomomola
|-damage|p2a: Alomomola|77/100
|-hitcount|p2a: Alomomola|3
|
|-damage|p1a: Meowscarada|76/100 tox|[from] psn
|upkeep
|turn|15
|
|t:|1779799675
|switch|p1a: Alomomola|Alomomola, F|100/100 tox
|move|p2a: Alomomola|Flip Turn|p1a: Alomomola
|-resisted|p1a: Alomomola
|-damage|p1a: Alomomola|94/100 tox
|
|t:|1779799681
|switch|p2a: Gliscor|Gliscor, F|77/100 tox|[from] Flip Turn
|
|-heal|p2a: Gliscor|89/100 tox|[from] ability: Poison Heal
|-damage|p1a: Alomomola|88/100 tox|[from] psn
|upkeep
|turn|16
|
|t:|1779799688
|move|p2a: Gliscor|Stealth Rock|p1a: Alomomola
|-sidestart|p1: KING丶3266926956今余|move: Stealth Rock
|move|p1a: Alomomola|Flip Turn|p2a: Gliscor
|-supereffective|p2a: Gliscor
|-damage|p2a: Gliscor|69/100 tox
|
|t:|1779799690
|switch|p1a: Noctowl|Noctowl, F|94/100 tox|[from] Flip Turn
|
|-damage|p1a: Noctowl|88/100 tox|[from] psn
|-heal|p2a: Gliscor|81/100 tox|[from] ability: Poison Heal
|upkeep
|turn|17
|
|t:|1779799698
|move|p1a: Noctowl|Defog|p2a: Gliscor
|-unboost|p2a: Gliscor|evasion|1
|-sideend|p1: KING丶3266926956今余|Stealth Rock|[from] move: Defog|[of] p1a: Noctowl
|move|p2a: Gliscor|Knock Off|p1a: Noctowl
|-damage|p1a: Noctowl|48/100 tox
|-enditem|p1a: Noctowl|Heavy-Duty Boots|[from] move: Knock Off|[of] p2a: Gliscor
|
|-damage|p1a: Noctowl|36/100 tox|[from] psn
|-heal|p2a: Gliscor|94/100 tox|[from] ability: Poison Heal
|upkeep
|turn|18
|
|t:|1779799712
|switch|p1a: Alomomola|Alomomola, F|100/100 tox
|switch|p2a: Blissey|Blissey, F|100/100
|
|-damage|p1a: Alomomola|94/100 tox|[from] psn
|upkeep
|turn|19
|
|t:|1779799718
|switch|p2a: Gliscor|Gliscor, F|94/100 tox
|move|p1a: Alomomola|Flip Turn|p2a: Gliscor
|-supereffective|p2a: Gliscor
|-damage|p2a: Gliscor|73/100 tox
|
|t:|1779799721
|switch|p1a: Meowscarada|Meowscarada, F|76/100 tox|[from] Flip Turn
|
|-damage|p1a: Meowscarada|70/100 tox|[from] psn
|-heal|p2a: Gliscor|85/100 tox|[from] ability: Poison Heal
|upkeep
|turn|20
|
|t:|1779799729
|move|p2a: Gliscor|Protect|p2a: Gliscor
|-singleturn|p2a: Gliscor|Protect
|move|p1a: Meowscarada|Triple Axel|p2a: Gliscor
|-start|p1a: Meowscarada|typechange|Ice|[from] ability: Protean
|-activate|p2a: Gliscor|move: Protect
|
|-damage|p1a: Meowscarada|58/100 tox|[from] psn
|-heal|p2a: Gliscor|98/100 tox|[from] ability: Poison Heal
|upkeep
|turn|21
|
|t:|1779799736
|switch|p1a: Alomomola|Alomomola, F|100/100 tox
|switch|p2a: Alomomola|Alomomola, L99, F, shiny|100/100
|
|-damage|p1a: Alomomola|94/100 tox|[from] psn
|upkeep
|turn|22
|
|t:|1779799742
|move|p2a: Alomomola|Flip Turn|p1a: Alomomola
|-resisted|p1a: Alomomola
|-damage|p1a: Alomomola|88/100 tox
|
|t:|1779799746
|switch|p2a: Gliscor|Gliscor, F|98/100 tox|[from] Flip Turn
|move|p1a: Alomomola|Flip Turn|p2a: Gliscor
|-supereffective|p2a: Gliscor
|-damage|p2a: Gliscor|79/100 tox
|
|t:|1779799763
|switch|p1a: Luxray|Luxray, F|100/100 brn|[from] Flip Turn
|
|-heal|p2a: Gliscor|92/100 tox|[from] ability: Poison Heal
|-damage|p1a: Luxray|95/100 brn|[from] brn
|upkeep
|turn|23
|
|t:|1779799770
|move|p2a: Gliscor|Protect|p2a: Gliscor
|-singleturn|p2a: Gliscor|Protect
|move|p1a: Luxray|Facade|p2a: Gliscor
|-activate|p2a: Gliscor|move: Protect
|
|-heal|p2a: Gliscor|100/100 tox|[from] ability: Poison Heal
|-damage|p1a: Luxray|89/100 brn|[from] brn
|upkeep
|turn|24
|
|t:|1779799778
|move|p1a: Luxray|Facade|p2a: Gliscor
|-damage|p2a: Gliscor|59/100 tox
|move|p2a: Gliscor|Stealth Rock|p1a: Luxray
|-sidestart|p1: KING丶3266926956今余|move: Stealth Rock
|
|-heal|p2a: Gliscor|72/100 tox|[from] ability: Poison Heal
|-damage|p1a: Luxray|83/100 brn|[from] brn
|upkeep
|turn|25
|
|t:|1779799786
|move|p2a: Gliscor|Protect|p2a: Gliscor
|-singleturn|p2a: Gliscor|Protect
|move|p1a: Luxray|Facade|p2a: Gliscor
|-activate|p2a: Gliscor|move: Protect
|
|-heal|p2a: Gliscor|84/100 tox|[from] ability: Poison Heal
|-damage|p1a: Luxray|77/100 brn|[from] brn
|upkeep
|turn|26
|
|t:|1779799796
|move|p1a: Luxray|Facade|p2a: Gliscor
|-damage|p2a: Gliscor|42/100 tox
|move|p2a: Gliscor|Knock Off|p1a: Luxray
|-damage|p1a: Luxray|46/100 brn
|-enditem|p1a: Luxray|Flame Orb|[from] move: Knock Off|[of] p2a: Gliscor
|
|-heal|p2a: Gliscor|54/100 tox|[from] ability: Poison Heal
|-damage|p1a: Luxray|40/100 brn|[from] brn
|upkeep
|turn|27
|
|t:|1779799805
|move|p2a: Gliscor|Protect|p2a: Gliscor
|-singleturn|p2a: Gliscor|Protect
|move|p1a: Luxray|Facade|p2a: Gliscor
|-activate|p2a: Gliscor|move: Protect
|
|-heal|p2a: Gliscor|67/100 tox|[from] ability: Poison Heal
|-damage|p1a: Luxray|34/100 brn|[from] brn
|upkeep
|turn|28
|
|t:|1779799815
|switch|p2a: Alomomola|Alomomola, L99, F, shiny|100/100
|move|p1a: Luxray|Facade|p2a: Alomomola
|-damage|p2a: Alomomola|66/100
|
|-damage|p1a: Luxray|28/100 brn|[from] brn
|upkeep
|turn|29
|
|t:|1779799822
|switch|p1a: Alomomola|Alomomola, F|100/100 tox
|-damage|p1a: Alomomola|88/100 tox|[from] Stealth Rock
|move|p2a: Alomomola|Protect||[still]
|-fail|p2a: Alomomola
|
|-damage|p1a: Alomomola|82/100 tox|[from] psn
|upkeep
|turn|30
|
|t:|1779799830
|switch|p2a: Gliscor|Gliscor, F|67/100 tox
|move|p1a: Alomomola|Wish|p1a: Alomomola
|
|-heal|p2a: Gliscor|79/100 tox|[from] ability: Poison Heal
|-damage|p1a: Alomomola|70/100 tox|[from] psn
|upkeep
|turn|31
|
|t:|1779799838
|move|p2a: Gliscor|Knock Off|p1a: Alomomola
|-damage|p1a: Alomomola|53/100 tox
|-enditem|p1a: Alomomola|Lagging Tail|[from] move: Knock Off|[of] p2a: Gliscor
|move|p1a: Alomomola|Flip Turn|p2a: Gliscor
|-supereffective|p2a: Gliscor
|-damage|p2a: Gliscor|59/100 tox
|inactive|KING丶3266926956今余 has 120 seconds left.
|
|t:|1779799872
|switch|p1a: Luxray|Luxray, F|28/100 brn|[from] Flip Turn
|-damage|p1a: Luxray|15/100 brn|[from] Stealth Rock
|
|-heal|p1a: Luxray|100/100 brn|[from] move: Wish|[wisher] Alomomola
|-heal|p2a: Gliscor|72/100 tox|[from] ability: Poison Heal
|-damage|p1a: Luxray|95/100 brn|[from] brn
|upkeep
|turn|32
|
|t:|1779799894
|switch|p1a: Alomomola|Alomomola, F|86/100 tox
|-damage|p1a: Alomomola|74/100 tox|[from] Stealth Rock
|move|p2a: Gliscor|Protect||[still]
|-fail|p2a: Gliscor
|
|-heal|p2a: Gliscor|84/100 tox|[from] ability: Poison Heal
|-damage|p1a: Alomomola|68/100 tox|[from] psn
|upkeep
|turn|33
|
|t:|1779799907
|switch|p2a: Alomomola|Alomomola, L99, F, shiny|99/100
|move|p1a: Alomomola|Wish|p1a: Alomomola
|
|-damage|p1a: Alomomola|55/100 tox|[from] psn
|upkeep
|turn|34
|
|t:|1779799913
|switch|p2a: Gliscor|Gliscor, F|84/100 tox
|move|p1a: Alomomola|Flip Turn|p2a: Gliscor
|-supereffective|p2a: Gliscor
|-damage|p2a: Gliscor|65/100 tox
|
|t:|1779799924
|switch|p1a: Noctowl|Noctowl, F|36/100 tox|[from] Flip Turn
|-damage|p1a: Noctowl|11/100 tox|[from] Stealth Rock
|
|-heal|p1a: Noctowl|89/100 tox|[from] move: Wish|[wisher] Alomomola
|-damage|p1a: Noctowl|83/100 tox|[from] psn
|-heal|p2a: Gliscor|78/100 tox|[from] ability: Poison Heal
|upkeep
|turn|35
|
|t:|1779799935
|switch|p1a: Alomomola|Alomomola, F|89/100 tox
|-damage|p1a: Alomomola|76/100 tox|[from] Stealth Rock
|switch|p2a: Blissey|Blissey, F|100/100
|
|-damage|p1a: Alomomola|70/100 tox|[from] psn
|upkeep
|turn|36
|
|t:|1779799944
|switch|p2a: Gliscor|Gliscor, F|78/100 tox
|move|p1a: Alomomola|Wish|p1a: Alomomola
|
|-heal|p2a: Gliscor|90/100 tox|[from] ability: Poison Heal
|-damage|p1a: Alomomola|58/100 tox|[from] psn
|upkeep
|turn|37
|
|t:|1779799955
|switch|p2a: Alomomola|Alomomola, L99, F, shiny|100/100
|move|p1a: Alomomola|Flip Turn|p2a: Alomomola
|-resisted|p2a: Alomomola
|-damage|p2a: Alomomola|96/100
|
|t:|1779799957
|switch|p1a: Meowscarada|Meowscarada, F|58/100 tox|[from] Flip Turn
|-damage|p1a: Meowscarada|45/100 tox|[from] Stealth Rock
|
|-heal|p1a: Meowscarada|100/100 tox|[from] move: Wish|[wisher] Alomomola
|-damage|p1a: Meowscarada|94/100 tox|[from] psn
|upkeep
|turn|38
|
|t:|1779799968
|move|p2a: Alomomola|Protect|p2a: Alomomola
|-singleturn|p2a: Alomomola|Protect
|move|p1a: Meowscarada|Triple Axel|p2a: Alomomola
|-start|p1a: Meowscarada|typechange|Ice|[from] ability: Protean
|-activate|p2a: Alomomola|move: Protect
|
|-damage|p1a: Meowscarada|82/100 tox|[from] psn
|upkeep
|turn|39
|
|t:|1779799976
|switch|p1a: Alomomola|Alomomola, F|91/100 tox
|-damage|p1a: Alomomola|79/100 tox|[from] Stealth Rock
|move|p2a: Alomomola|Flip Turn|p1a: Alomomola
|-resisted|p1a: Alomomola
|-damage|p1a: Alomomola|73/100 tox
|
|t:|1779799983
|switch|p2a: Gliscor|Gliscor, F|90/100 tox|[from] Flip Turn
|
|-heal|p2a: Gliscor|100/100 tox|[from] ability: Poison Heal
|-damage|p1a: Alomomola|67/100 tox|[from] psn
|upkeep
|turn|40
|
|t:|1779799990
|switch|p2a: Corviknight|Corviknight, F, shiny|100/100
|-ability|p2a: Corviknight|Pressure
|move|p1a: Alomomola|Flip Turn|p2a: Corviknight
|-damage|p2a: Corviknight|88/100
|
|t:|1779799997
|switch|p1a: Meowstic|Meowstic, M|100/100|[from] Flip Turn
|-damage|p1a: Meowstic|88/100|[from] Stealth Rock
|
|-heal|p2a: Corviknight|94/100|[from] item: Leftovers
|upkeep
|turn|41
|
|t:|1779800003
|move|p1a: Meowstic|Trick|p2a: Corviknight
|-activate|p1a: Meowstic|move: Trick|[of] p2a: Corviknight
|-item|p2a: Corviknight|Choice Specs|[from] move: Trick
|-item|p1a: Meowstic|Leftovers|[from] move: Trick
|move|p2a: Corviknight|U-turn|p1a: Meowstic
|-supereffective|p1a: Meowstic
|-damage|p1a: Meowstic|56/100
|
|t:|1779800012
|switch|p2a: Blissey|Blissey, F|100/100|[from] U-turn
|
|-heal|p1a: Meowstic|62/100|[from] item: Leftovers
|upkeep
|turn|42
|
|t:|1779800018
|switch|p1a: Alomomola|Alomomola, F|99/100 tox
|-damage|p1a: Alomomola|88/100 tox|[from] Stealth Rock
|move|p2a: Blissey|Seismic Toss|p1a: Alomomola
|-damage|p1a: Alomomola|69/100 tox
|
|-damage|p1a: Alomomola|63/100 tox|[from] psn
|upkeep
|turn|43
|
|t:|1779800026
|switch|p2a: Corviknight|Corviknight, F, shiny|94/100
|-ability|p2a: Corviknight|Pressure
|move|p1a: Alomomola|Wish|p1a: Alomomola
|
|-damage|p1a: Alomomola|50/100 tox|[from] psn
|upkeep
|turn|44
|
|t:|1779800035
|move|p2a: Corviknight|U-turn|p1a: Alomomola
|-damage|p1a: Alomomola|40/100 tox
|
|t:|1779800040
|switch|p2a: Gliscor|Gliscor, F|100/100 tox|[from] U-turn
|move|p1a: Alomomola|Flip Turn|p2a: Gliscor
|-supereffective|p2a: Gliscor
|-crit|p2a: Gliscor
|-damage|p2a: Gliscor|69/100 tox
|
|t:|1779800046
|switch|p1a: Meowscarada|Meowscarada, F|82/100 tox|[from] Flip Turn
|-damage|p1a: Meowscarada|70/100 tox|[from] Stealth Rock
|
|-heal|p1a: Meowscarada|100/100 tox|[from] move: Wish|[wisher] Alomomola
|-damage|p1a: Meowscarada|94/100 tox|[from] psn
|-heal|p2a: Gliscor|82/100 tox|[from] ability: Poison Heal
|upkeep
|turn|45
|
|t:|1779800057
|switch|p1a: Alomomola|Alomomola, F|73/100 tox
|-damage|p1a: Alomomola|61/100 tox|[from] Stealth Rock
|move|p2a: Gliscor|Protect||[still]
|-fail|p2a: Gliscor
|
|-heal|p2a: Gliscor|94/100 tox|[from] ability: Poison Heal
|-damage|p1a: Alomomola|55/100 tox|[from] psn
|upkeep
|turn|46
|
|t:|1779800067
|switch|p2a: Corviknight|Corviknight, F, shiny|94/100
|-ability|p2a: Corviknight|Pressure
|move|p1a: Alomomola|Flip Turn|p2a: Corviknight
|-damage|p2a: Corviknight|79/100
|
|t:|1779800071
|switch|p1a: Incineroar|Incineroar, F|100/100|[from] Flip Turn
|-ability|p1a: Incineroar|Intimidate|boost
|-unboost|p2a: Corviknight|atk|1
|
|upkeep
|turn|47
|
|t:|1779800081
|switch|p2a: Gliscor|Gliscor, F|94/100 tox
|move|p1a: Incineroar|Parting Shot|p2a: Gliscor
|-unboost|p2a: Gliscor|atk|1
|-unboost|p2a: Gliscor|spa|1
|
|t:|1779800084
|switch|p1a: Alomomola|Alomomola, F|88/100 tox|[from] Parting Shot
|-damage|p1a: Alomomola|76/100 tox|[from] Stealth Rock
|
|-heal|p2a: Gliscor|100/100 tox|[from] ability: Poison Heal
|-damage|p1a: Alomomola|69/100 tox|[from] psn
|upkeep
|turn|48
|
|t:|1779800093
|switch|p2a: Corviknight|Corviknight, F, shiny|79/100
|-ability|p2a: Corviknight|Pressure
|move|p1a: Alomomola|Flip Turn|p2a: Corviknight
|-damage|p2a: Corviknight|65/100
|
|t:|1779800096
|switch|p1a: Incineroar|Incineroar, F|100/100|[from] Flip Turn
|-ability|p1a: Incineroar|Intimidate|boost
|-unboost|p2a: Corviknight|atk|1
|
|upkeep
|turn|49
|j| senseless rain
|
|t:|1779800104
|switch|p2a: Gliscor|Gliscor, F|100/100 tox
|move|p1a: Incineroar|Parting Shot|p2a: Gliscor
|-unboost|p2a: Gliscor|atk|1
|-unboost|p2a: Gliscor|spa|1
|c| senseless rain|666
|
|t:|1779800110
|switch|p1a: Meowscarada|Meowscarada, F|94/100 tox|[from] Parting Shot
|-damage|p1a: Meowscarada|82/100 tox|[from] Stealth Rock
|
|-damage|p1a: Meowscarada|76/100 tox|[from] psn
|upkeep
|turn|50
|c| senseless rain|我说你去哪了
|
|t:|1779800116
|move|p2a: Gliscor|Protect|p2a: Gliscor
|-singleturn|p2a: Gliscor|Protect
|move|p1a: Meowscarada|U-turn|p2a: Gliscor
|-start|p1a: Meowscarada|typechange|Bug|[from] ability: Protean
|-activate|p2a: Gliscor|move: Protect
|
|-damage|p1a: Meowscarada|64/100 tox|[from] psn
|upkeep
|turn|51
|c| senseless rain|原来在干这么艰苦的事
|
|t:|1779800124
|switch|p2a: Alomomola|Alomomola, L99, F, shiny|100/100
|move|p1a: Meowscarada|U-turn|p2a: Alomomola
|-damage|p2a: Alomomola|73/100
|
|t:|1779800132
|switch|p1a: Alomomola|Alomomola, F|100/100 tox|[from] U-turn
|-damage|p1a: Alomomola|88/100 tox|[from] Stealth Rock
|
|-damage|p1a: Alomomola|82/100 tox|[from] psn
|upkeep
|turn|52
|inactive|bearboeloe has 120 seconds left.
|
|t:|1779800166
|switch|p2a: Gliscor|Gliscor, F|100/100 tox
|move|p1a: Alomomola|Flip Turn|p2a: Gliscor
|-supereffective|p2a: Gliscor
|-damage|p2a: Gliscor|80/100 tox
|c|☆KING丶3266926956今余|我不行了，
|
|t:|1779800180
|switch|p1a: Meowscarada|Meowscarada, F|64/100 tox|[from] Flip Turn
|-damage|p1a: Meowscarada|52/100 tox|[from] Stealth Rock
|
|-damage|p1a: Meowscarada|45/100 tox|[from] psn
|-heal|p2a: Gliscor|93/100 tox|[from] ability: Poison Heal
|upkeep
|turn|53
|
|t:|1779800187
|switch|p1a: Alomomola|Alomomola, F|100/100 tox
|-damage|p1a: Alomomola|88/100 tox|[from] Stealth Rock
|move|p2a: Gliscor|Protect||[still]
|-fail|p2a: Gliscor
|
|-heal|p2a: Gliscor|100/100 tox|[from] ability: Poison Heal
|-damage|p1a: Alomomola|82/100 tox|[from] psn
|upkeep
|turn|54
|
|t:|1779800201
|switch|p2a: Corviknight|Corviknight, F, shiny|65/100
|-ability|p2a: Corviknight|Pressure
|move|p1a: Alomomola|Wish|p1a: Alomomola
|
|-damage|p1a: Alomomola|70/100 tox|[from] psn
|upkeep
|turn|55
|
|t:|1779800211
|move|p2a: Corviknight|Brave Bird|p1a: Alomomola
|-damage|p1a: Alomomola|42/100 tox
|-damage|p2a: Corviknight|52/100|[from] Recoil
|move|p1a: Alomomola|Flip Turn|p2a: Corviknight
|-damage|p2a: Corviknight|38/100
|
|t:|1779800218
|switch|p1a: Meowscarada|Meowscarada, F|45/100 tox|[from] Flip Turn
|-damage|p1a: Meowscarada|33/100 tox|[from] Stealth Rock
|
|-heal|p1a: Meowscarada|100/100 tox|[from] move: Wish|[wisher] Alomomola
|-damage|p1a: Meowscarada|94/100 tox|[from] psn
|upkeep
|turn|56
|
|t:|1779800229
|switch|p2a: Alomomola|Alomomola, L99, F, shiny|100/100
|move|p1a: Meowscarada|U-turn|p2a: Alomomola
|-start|p1a: Meowscarada|typechange|Bug|[from] ability: Protean
|-damage|p2a: Alomomola|75/100
|
|t:|1779800243
|switch|p1a: Noctowl|Noctowl, F|83/100 tox|[from] U-turn
|-damage|p1a: Noctowl|58/100 tox|[from] Stealth Rock
|
|-damage|p1a: Noctowl|52/100 tox|[from] psn
|upkeep
|turn|57
|
|t:|1779800251
|move|p1a: Noctowl|Defog|p2a: Alomomola
|-unboost|p2a: Alomomola|evasion|1
|-sideend|p1: KING丶3266926956今余|Stealth Rock|[from] move: Defog|[of] p1a: Noctowl
|move|p2a: Alomomola|Scald|p1a: Noctowl
|-damage|p1a: Noctowl|38/100 tox
|
|-damage|p1a: Noctowl|26/100 tox|[from] psn
|upkeep
|turn|58
|
|t:|1779800258
|switch|p1a: Alomomola|Alomomola, F|75/100 tox
|move|p2a: Alomomola|Scald|p1a: Alomomola
|-resisted|p1a: Alomomola
|-damage|p1a: Alomomola|70/100 tox
|
|-damage|p1a: Alomomola|64/100 tox|[from] psn
|upkeep
|turn|59
|c| senseless rain|这个邪恶的曼波怎么也是99级
|
|t:|1779800263
|switch|p2a: Gliscor|Gliscor, F|100/100 tox
|move|p1a: Alomomola|Flip Turn|p2a: Gliscor
|-supereffective|p2a: Gliscor
|-damage|p2a: Gliscor|81/100 tox
|c| senseless rain|抄袭我大嘴鸥
|
|t:|1779800271
|switch|p1a: Meowscarada|Meowscarada, F|94/100 tox|[from] Flip Turn
|
|-damage|p1a: Meowscarada|88/100 tox|[from] psn
|-heal|p2a: Gliscor|94/100 tox|[from] ability: Poison Heal
|upkeep
|turn|60
|
|t:|1779800277
|move|p2a: Gliscor|Protect|p2a: Gliscor
|-singleturn|p2a: Gliscor|Protect
|move|p1a: Meowscarada|Triple Axel|p2a: Gliscor
|-start|p1a: Meowscarada|typechange|Ice|[from] ability: Protean
|-activate|p2a: Gliscor|move: Protect
|
|-damage|p1a: Meowscarada|76/100 tox|[from] psn
|-heal|p2a: Gliscor|100/100 tox|[from] ability: Poison Heal
|upkeep
|turn|61
|
|t:|1779800282
|switch|p2a: Alomomola|Alomomola, L99, F, shiny|100/100
|move|p1a: Meowscarada|Triple Axel|p2a: Alomomola
|-resisted|p2a: Alomomola
|-damage|p2a: Alomomola|97/100
|-resisted|p2a: Alomomola
|-damage|p2a: Alomomola|90/100
|-resisted|p2a: Alomomola
|-damage|p2a: Alomomola|78/100
|-hitcount|p2a: Alomomola|3
|
|-damage|p1a: Meowscarada|58/100 tox|[from] psn
|upkeep
|turn|62
|
|t:|1779800292
|switch|p1a: Alomomola|Alomomola, F|97/100 tox
|move|p2a: Alomomola|Flip Turn|p1a: Alomomola
|-resisted|p1a: Alomomola
|-damage|p1a: Alomomola|92/100 tox
|
|t:|1779800298
|switch|p2a: Gliscor|Gliscor, F|100/100 tox|[from] Flip Turn
|
|-damage|p1a: Alomomola|86/100 tox|[from] psn
|upkeep
|turn|63
|
|t:|1779800303
|move|p2a: Gliscor|Stealth Rock|p1a: Alomomola
|-sidestart|p1: KING丶3266926956今余|move: Stealth Rock
|move|p1a: Alomomola|Flip Turn|p2a: Gliscor
|-supereffective|p2a: Gliscor
|-damage|p2a: Gliscor|82/100 tox
|c|☆KING丶3266926956今余|太晶爆发被禁了啊啊啊啊
|c| senseless rain|尽快祈愿
|
|t:|1779800328
|switch|p1a: Meowscarada|Meowscarada, F|58/100 tox|[from] Flip Turn
|-damage|p1a: Meowscarada|45/100 tox|[from] Stealth Rock
|
|-damage|p1a: Meowscarada|39/100 tox|[from] psn
|-heal|p2a: Gliscor|94/100 tox|[from] ability: Poison Heal
|upkeep
|turn|64
|
|t:|1779800339
|switch|p1a: Alomomola|Alomomola, F|100/100 tox
|-damage|p1a: Alomomola|88/100 tox|[from] Stealth Rock
|switch|p2a: Alomomola|Alomomola, L99, F, shiny|100/100
|
|-damage|p1a: Alomomola|82/100 tox|[from] psn
|upkeep
|turn|65
|
|t:|1779800352
|switch|p2a: Gliscor|Gliscor, F|94/100 tox
|move|p1a: Alomomola|Wish|p1a: Alomomola
|
|-heal|p2a: Gliscor|100/100 tox|[from] ability: Poison Heal
|-damage|p1a: Alomomola|70/100 tox|[from] psn
|upkeep
|turn|66
|
|t:|1779800361
|move|p2a: Gliscor|Knock Off|p1a: Alomomola
|-damage|p1a: Alomomola|59/100 tox
|move|p1a: Alomomola|Flip Turn|p2a: Gliscor
|-supereffective|p2a: Gliscor
|-damage|p2a: Gliscor|82/100 tox
|
|t:|1779800368
|switch|p1a: Meowscarada|Meowscarada, F|39/100 tox|[from] Flip Turn
|-damage|p1a: Meowscarada|27/100 tox|[from] Stealth Rock
|
|-heal|p1a: Meowscarada|100/100 tox|[from] move: Wish|[wisher] Alomomola
|-damage|p1a: Meowscarada|94/100 tox|[from] psn
|-heal|p2a: Gliscor|94/100 tox|[from] ability: Poison Heal
|upkeep
|turn|67
|
|t:|1779800378
|switch|p2a: Alomomola|Alomomola, L99, F, shiny|100/100
|move|p1a: Meowscarada|Flower Trick|p2a: Alomomola
|-start|p1a: Meowscarada|typechange|Grass|[from] ability: Protean
|-supereffective|p2a: Alomomola
|-crit|p2a: Alomomola
|-damage|p2a: Alomomola|16/100
|
|-damage|p1a: Meowscarada|82/100 tox|[from] psn
|upkeep
|turn|68
|
|t:|1779800390
|switch|p2a: Gliscor|Gliscor, F|94/100 tox
|move|p1a: Meowscarada|Flower Trick|p2a: Gliscor
|-crit|p2a: Gliscor
|-damage|p2a: Gliscor|52/100 tox
|
|-damage|p1a: Meowscarada|64/100 tox|[from] psn
|-heal|p2a: Gliscor|64/100 tox|[from] ability: Poison Heal
|upkeep
|turn|69
|c| senseless rain|读刚开呀
|c| senseless rain|居然不上吗
|
|t:|1779800400
|switch|p1a: Alomomola|Alomomola, F|93/100 tox
|-damage|p1a: Alomomola|80/100 tox|[from] Stealth Rock
|move|p2a: Gliscor|Knock Off|p1a: Alomomola
|-damage|p1a: Alomomola|69/100 tox
|
|-heal|p2a: Gliscor|77/100 tox|[from] ability: Poison Heal
|-damage|p1a: Alomomola|63/100 tox|[from] psn
|upkeep
|turn|70
|c| senseless rain|哦被戏法了
|
|t:|1779800414
|switch|p2a: Alomomola|Alomomola, L99, F, shiny|49/100
|move|p1a: Alomomola|Flip Turn|p2a: Alomomola
|-resisted|p2a: Alomomola
|-damage|p2a: Alomomola|44/100
|
|t:|1779800417
|switch|p1a: Meowscarada|Meowscarada, F|64/100 tox|[from] Flip Turn
|-damage|p1a: Meowscarada|52/100 tox|[from] Stealth Rock
|
|-damage|p1a: Meowscarada|45/100 tox|[from] psn
|upkeep
|turn|71
|
|t:|1779800425
|move|p2a: Alomomola|Protect|p2a: Alomomola
|-singleturn|p2a: Alomomola|Protect
|move|p1a: Meowscarada|Flower Trick|p2a: Alomomola
|-start|p1a: Meowscarada|typechange|Grass|[from] ability: Protean
|-activate|p2a: Alomomola|move: Protect
|
|-damage|p1a: Meowscarada|33/100 tox|[from] psn
|upkeep
|turn|72
|
|t:|1779800452
|switch|p2a: Gliscor|Gliscor, F|77/100 tox
|move|p1a: Meowscarada|Flower Trick|p2a: Gliscor
|-crit|p2a: Gliscor
|-damage|p2a: Gliscor|31/100 tox
|
|-damage|p1a: Meowscarada|15/100 tox|[from] psn
|-heal|p2a: Gliscor|43/100 tox|[from] ability: Poison Heal
|upkeep
|turn|73
|c|☆KING丶3266926956今余|对面的曼波好像没戏法
|c|☆KING丶3266926956今余|没祈愿，打错了
|c| senseless rain|在不走上不来了
|
|t:|1779800476
|switch|p1a: Alomomola|Alomomola, F|96/100 tox
|-damage|p1a: Alomomola|84/100 tox|[from] Stealth Rock
|move|p2a: Gliscor|Protect||[still]
|-fail|p2a: Gliscor
|
|-heal|p2a: Gliscor|56/100 tox|[from] ability: Poison Heal
|-damage|p1a: Alomomola|77/100 tox|[from] psn
|upkeep
|turn|74
|
|t:|1779800485
|switch|p2a: Alomomola|Alomomola, L99, F, shiny|78/100
|move|p1a: Alomomola|Wish|p1a: Alomomola
|
|-damage|p1a: Alomomola|65/100 tox|[from] psn
|upkeep
|turn|75
|
|t:|1779800492
|move|p1a: Alomomola|Flip Turn|p2a: Alomomola
|-resisted|p2a: Alomomola
|-damage|p2a: Alomomola|73/100
|c|☆KING丶3266926956今余|后攻之尾被拍掉了
|inactive|KING丶3266926956今余 has 120 seconds left.
|
|t:|1779800524
|switch|p1a: Meowstic|Meowstic, M|62/100|[from] Flip Turn
|-damage|p1a: Meowstic|50/100|[from] Stealth Rock
|move|p2a: Alomomola|Wish|p2a: Alomomola
|
|-heal|p1a: Meowstic|100/100|[from] move: Wish|[wisher] Alomomola
|upkeep
|turn|76
|inactive|KING丶3266926956今余 has 120 seconds left.
|c|☆KING丶3266926956今余|完
|
|t:|1779800553
|switch|p1a: Alomomola|Alomomola, F|98/100 tox
|-damage|p1a: Alomomola|86/100 tox|[from] Stealth Rock
|move|p2a: Alomomola|Flip Turn|p1a: Alomomola
|-resisted|p1a: Alomomola
|-damage|p1a: Alomomola|80/100 tox
|
|t:|1779800571
|switch|p2a: Corviknight|Corviknight, F, shiny|38/100|[from] Flip Turn
|-ability|p2a: Corviknight|Pressure
|
|-heal|p2a: Corviknight|100/100|[from] move: Wish|[wisher] Alomomola
|-damage|p1a: Alomomola|74/100 tox|[from] psn
|upkeep
|turn|77
|
|t:|1779800581
|move|p2a: Corviknight|U-turn|p1a: Alomomola
|-damage|p1a: Alomomola|62/100 tox
|
|t:|1779800585
|switch|p2a: Gliscor|Gliscor, F|56/100 tox|[from] U-turn
|move|p1a: Alomomola|Wish|p1a: Alomomola
|
|-heal|p2a: Gliscor|68/100 tox|[from] ability: Poison Heal
|-damage|p1a: Alomomola|50/100 tox|[from] psn
|upkeep
|turn|78
|c|☆KING丶3266926956今余|不奶天蝎吗
|
|t:|1779800594
|move|p2a: Gliscor|Knock Off|p1a: Alomomola
|-damage|p1a: Alomomola|39/100 tox
|move|p1a: Alomomola|Flip Turn|p2a: Gliscor
|-supereffective|p2a: Gliscor
|-damage|p2a: Gliscor|49/100 tox
|
|t:|1779800600
|switch|p1a: Meowscarada|Meowscarada, F|15/100 tox|[from] Flip Turn
|-damage|p1a: Meowscarada|3/100 tox|[from] Stealth Rock
|
|-heal|p1a: Meowscarada|93/100 tox|[from] move: Wish|[wisher] Alomomola
|-damage|p1a: Meowscarada|87/100 tox|[from] psn
|-heal|p2a: Gliscor|61/100 tox|[from] ability: Poison Heal
|upkeep
|turn|79
|
|t:|1779800612
|switch|p1a: Alomomola|Alomomola, F|73/100 tox
|-damage|p1a: Alomomola|60/100 tox|[from] Stealth Rock
|switch|p2a: Corviknight|Corviknight, F, shiny|100/100
|-ability|p2a: Corviknight|Pressure
|
|-damage|p1a: Alomomola|54/100 tox|[from] psn
|upkeep
|turn|80
|
|t:|1779800621
|switch|p2a: Gliscor|Gliscor, F|61/100 tox
|move|p1a: Alomomola|Flip Turn|p2a: Gliscor
|-supereffective|p2a: Gliscor
|-damage|p2a: Gliscor|42/100 tox
|
|t:|1779800627
|switch|p1a: Meowscarada|Meowscarada, F|87/100 tox|[from] Flip Turn
|-damage|p1a: Meowscarada|75/100 tox|[from] Stealth Rock
|
|-damage|p1a: Meowscarada|69/100 tox|[from] psn
|-heal|p2a: Gliscor|54/100 tox|[from] ability: Poison Heal
|upkeep
|turn|81
|
|t:|1779800635
|switch|p2a: Corviknight|Corviknight, F, shiny|100/100
|-ability|p2a: Corviknight|Pressure
|move|p1a: Meowscarada|Flower Trick|p2a: Corviknight
|-start|p1a: Meowscarada|typechange|Grass|[from] ability: Protean
|-resisted|p2a: Corviknight
|-crit|p2a: Corviknight
|-damage|p2a: Corviknight|84/100
|
|-damage|p1a: Meowscarada|57/100 tox|[from] psn
|upkeep
|turn|82
|
|t:|1779800648
|switch|p1a: Incineroar|Incineroar, F|100/100
|-ability|p1a: Incineroar|Intimidate|boost
|-unboost|p2a: Corviknight|atk|1
|move|p2a: Corviknight|Brave Bird|p1a: Incineroar
|-damage|p1a: Incineroar|84/100
|-damage|p2a: Corviknight|79/100|[from] Recoil
|
|upkeep
|turn|83
|
|t:|1779800656
|switch|p2a: Gliscor|Gliscor, F|54/100 tox
|move|p1a: Incineroar|Parting Shot|p2a: Gliscor
|-unboost|p2a: Gliscor|atk|1
|-unboost|p2a: Gliscor|spa|1
|
|t:|1779800665
|switch|p1a: Alomomola|Alomomola, F|88/100 tox|[from] Parting Shot
|-damage|p1a: Alomomola|75/100 tox|[from] Stealth Rock
|
|-heal|p2a: Gliscor|67/100 tox|[from] ability: Poison Heal
|-damage|p1a: Alomomola|69/100 tox|[from] psn
|upkeep
|turn|84
|
|t:|1779800677
|switch|p2a: Alomomola|Alomomola, L99, F, shiny|100/100
|move|p1a: Alomomola|Flip Turn|p2a: Alomomola
|-resisted|p2a: Alomomola
|-damage|p2a: Alomomola|96/100
|
|t:|1779800681
|switch|p1a: Meowscarada|Meowscarada, F|57/100 tox|[from] Flip Turn
|-damage|p1a: Meowscarada|44/100 tox|[from] Stealth Rock
|
|-damage|p1a: Meowscarada|38/100 tox|[from] psn
|upkeep
|turn|85
|inactive|bearboeloe has 120 seconds left.
|
|t:|1779800720
|switch|p1a: Alomomola|Alomomola, F|100/100 tox
|-damage|p1a: Alomomola|88/100 tox|[from] Stealth Rock
|move|p2a: Alomomola|Protect||[still]
|-fail|p2a: Alomomola
|
|-damage|p1a: Alomomola|82/100 tox|[from] psn
|upkeep
|turn|86
|inactive|bearboeloe has 120 seconds left.
|
|t:|1779800740
|switch|p2a: Gliscor|Gliscor, F|67/100 tox
|move|p1a: Alomomola|Wish|p1a: Alomomola
|
|-heal|p2a: Gliscor|79/100 tox|[from] ability: Poison Heal
|-damage|p1a: Alomomola|70/100 tox|[from] psn
|upkeep
|turn|87
|inactive|bearboeloe has 120 seconds left.
|
|t:|1779800758
|switch|p2a: Alomomola|Alomomola, L99, F, shiny|100/100
|move|p1a: Alomomola|Flip Turn|p2a: Alomomola
|-resisted|p2a: Alomomola
|-damage|p2a: Alomomola|96/100
|c| senseless rain|感觉论pp耗不过......
|
|t:|1779800765
|switch|p1a: Meowscarada|Meowscarada, F|38/100 tox|[from] Flip Turn
|-damage|p1a: Meowscarada|26/100 tox|[from] Stealth Rock
|
|-heal|p1a: Meowscarada|100/100 tox|[from] move: Wish|[wisher] Alomomola
|-damage|p1a: Meowscarada|94/100 tox|[from] psn
|upkeep
|turn|88
|
|t:|1779800775
|switch|p2a: Corviknight|Corviknight, F, shiny|79/100
|-ability|p2a: Corviknight|Pressure
|move|p1a: Meowscarada|Flower Trick|p2a: Corviknight
|-start|p1a: Meowscarada|typechange|Grass|[from] ability: Protean
|-resisted|p2a: Corviknight
|-crit|p2a: Corviknight
|-damage|p2a: Corviknight|63/100
|
|-damage|p1a: Meowscarada|82/100 tox|[from] psn
|upkeep
|turn|89
|
|t:|1779800786
|switch|p1a: Incineroar|Incineroar, F|84/100
|-ability|p1a: Incineroar|Intimidate|boost
|-unboost|p2a: Corviknight|atk|1
|move|p2a: Corviknight|Roost|p2a: Corviknight
|-heal|p2a: Corviknight|100/100
|-singleturn|p2a: Corviknight|move: Roost
|
|upkeep
|turn|90
|c|☆KING丶3266926956今余|是的，要燃尽了
|
|t:|1779800806
|switch|p2a: Gliscor|Gliscor, F|79/100 tox
|move|p1a: Incineroar|Parting Shot|p2a: Gliscor
|-unboost|p2a: Gliscor|atk|1
|-unboost|p2a: Gliscor|spa|1
|inactive|KING丶3266926956今余 has 120 seconds left.
|
|t:|1779800831
|switch|p1a: Meowscarada|Meowscarada, F|82/100 tox|[from] Parting Shot
|-damage|p1a: Meowscarada|70/100 tox|[from] Stealth Rock
|
|-damage|p1a: Meowscarada|64/100 tox|[from] psn
|-heal|p2a: Gliscor|92/100 tox|[from] ability: Poison Heal
|upkeep
|turn|91
|
|t:|1779800839
|switch|p2a: Corviknight|Corviknight, F, shiny|100/100
|-ability|p2a: Corviknight|Pressure
|move|p1a: Meowscarada|U-turn|p2a: Corviknight
|-start|p1a: Meowscarada|typechange|Bug|[from] ability: Protean
|-resisted|p2a: Corviknight
|-crit|p2a: Corviknight
|-damage|p2a: Corviknight|85/100
|
|t:|1779800843
|switch|p1a: Alomomola|Alomomola, F|100/100 tox|[from] U-turn
|-damage|p1a: Alomomola|88/100 tox|[from] Stealth Rock
|
|-damage|p1a: Alomomola|82/100 tox|[from] psn
|upkeep
|turn|92
|
|t:|1779800854
|switch|p2a: Alomomola|Alomomola, L99, F, shiny|100/100
|move|p1a: Alomomola|Wish|p1a: Alomomola
|
|-damage|p1a: Alomomola|70/100 tox|[from] psn
|upkeep
|turn|93
|
|t:|1779800863
|switch|p1a: Meowscarada|Meowscarada, F|64/100 tox
|-damage|p1a: Meowscarada|52/100 tox|[from] Stealth Rock
|switch|p2a: Gliscor|Gliscor, F|92/100 tox
|
|-heal|p1a: Meowscarada|100/100 tox|[from] move: Wish|[wisher] Alomomola
|-damage|p1a: Meowscarada|94/100 tox|[from] psn
|-heal|p2a: Gliscor|100/100 tox|[from] ability: Poison Heal
|upkeep
|turn|94
|
|t:|1779800878
|switch|p2a: Corviknight|Corviknight, F, shiny|85/100
|-ability|p2a: Corviknight|Pressure
|move|p1a: Meowscarada|Triple Axel|p2a: Corviknight
|-start|p1a: Meowscarada|typechange|Ice|[from] ability: Protean
|-damage|p2a: Corviknight|73/100
|-damage|p2a: Corviknight|52/100
|-damage|p2a: Corviknight|16/100
|-hitcount|p2a: Corviknight|3
|
|-damage|p1a: Meowscarada|82/100 tox|[from] psn
|upkeep
|turn|95
|
|t:|1779800887
|switch|p2a: Alomomola|Alomomola, L99, F, shiny|100/100
|move|p1a: Meowscarada|Triple Axel|p2a: Alomomola
|-resisted|p2a: Alomomola
|-damage|p2a: Alomomola|97/100
|-resisted|p2a: Alomomola
|-damage|p2a: Alomomola|90/100
|-resisted|p2a: Alomomola
|-damage|p2a: Alomomola|79/100
|-hitcount|p2a: Alomomola|3
|
|-damage|p1a: Meowscarada|64/100 tox|[from] psn
|upkeep
|turn|96
|c| senseless rain|钢铠鸦无法逾越
|
|t:|1779800895
|switch|p1a: Alomomola|Alomomola, F|100/100 tox
|-damage|p1a: Alomomola|88/100 tox|[from] Stealth Rock
|move|p2a: Alomomola|Wish|p2a: Alomomola
|
|-damage|p1a: Alomomola|82/100 tox|[from] psn
|upkeep
|turn|97
|c| senseless rain|悲
|c|☆KING丶3266926956今余|我想着把眼镜再换回来
|
|t:|1779800920
|move|p1a: Alomomola|Flip Turn|p2a: Alomomola
|-resisted|p2a: Alomomola
|-damage|p2a: Alomomola|74/100
|
|t:|1779800926
|switch|p1a: Meowscarada|Meowscarada, F|64/100 tox|[from] Flip Turn
|-damage|p1a: Meowscarada|52/100 tox|[from] Stealth Rock
|move|p2a: Alomomola|Flip Turn|p1a: Meowscarada
|-resisted|p1a: Meowscarada
|-damage|p1a: Meowscarada|39/100 tox
|
|t:|1779800946
|switch|p2a: Blissey|Blissey, F|100/100|[from] Flip Turn
|
|-damage|p1a: Meowscarada|33/100 tox|[from] psn
|upkeep
|turn|98
|
|t:|1779800953
|move|p2a: Blissey|Protect|p2a: Blissey
|-singleturn|p2a: Blissey|Protect
|move|p1a: Meowscarada|Triple Axel|p2a: Blissey
|-start|p1a: Meowscarada|typechange|Ice|[from] ability: Protean
|-activate|p2a: Blissey|move: Protect
|
|-damage|p1a: Meowscarada|21/100 tox|[from] psn
|upkeep
|turn|99
|
|t:|1779800958
|switch|p1a: Alomomola|Alomomola, F|100/100 tox
|-damage|p1a: Alomomola|88/100 tox|[from] Stealth Rock
|switch|p2a: Alomomola|Alomomola, L99, F, shiny|100/100
|
|-damage|p1a: Alomomola|82/100 tox|[from] psn
|upkeep
|turn|100
|
|t:|1779800970
|switch|p2a: Corviknight|Corviknight, F, shiny|16/100
|-ability|p2a: Corviknight|Pressure
|move|p1a: Alomomola|Wish|p1a: Alomomola
|
|-damage|p1a: Alomomola|70/100 tox|[from] psn
|upkeep
|turn|101
|
|t:|1779800975
|move|p2a: Corviknight|Roost|p2a: Corviknight
|-heal|p2a: Corviknight|66/100
|-singleturn|p2a: Corviknight|move: Roost
|move|p1a: Alomomola|Flip Turn|p2a: Corviknight
|-damage|p2a: Corviknight|51/100
|
|t:|1779800981
|switch|p1a: Meowscarada|Meowscarada, F|21/100 tox|[from] Flip Turn
|-damage|p1a: Meowscarada|8/100 tox|[from] Stealth Rock
|
|-heal|p1a: Meowscarada|99/100 tox|[from] move: Wish|[wisher] Alomomola
|-damage|p1a: Meowscarada|93/100 tox|[from] psn
|upkeep
|turn|102
|
|t:|1779800991
|switch|p2a: Alomomola|Alomomola, L99, F, shiny|100/100
|move|p1a: Meowscarada|Flower Trick|p2a: Alomomola
|-start|p1a: Meowscarada|typechange|Grass|[from] ability: Protean
|-supereffective|p2a: Alomomola
|-crit|p2a: Alomomola
|-damage|p2a: Alomomola|16/100
|
|-damage|p1a: Meowscarada|81/100 tox|[from] psn
|upkeep
|turn|103
|
|t:|1779801001
|switch|p2a: Corviknight|Corviknight, F, shiny|51/100
|-ability|p2a: Corviknight|Pressure
|move|p1a: Meowscarada|Flower Trick|p2a: Corviknight
|-resisted|p2a: Corviknight
|-crit|p2a: Corviknight
|-damage|p2a: Corviknight|35/100
|
|-damage|p1a: Meowscarada|62/100 tox|[from] psn
|upkeep
|turn|104
|
|t:|1779801013
|switch|p1a: Incineroar|Incineroar, F|84/100
|-ability|p1a: Incineroar|Intimidate|boost
|-unboost|p2a: Corviknight|atk|1
|move|p2a: Corviknight|Roost|p2a: Corviknight
|-heal|p2a: Corviknight|85/100
|-singleturn|p2a: Corviknight|move: Roost
|
|upkeep
|turn|105
|
|t:|1779801022
|switch|p2a: Gliscor|Gliscor, F|100/100 tox
|move|p1a: Incineroar|Will-O-Wisp||[still]
|-fail|p1a: Incineroar
|
|upkeep
|turn|106
|
|t:|1779801033
|switch|p1a: Alomomola|Alomomola, F|100/100 tox
|-damage|p1a: Alomomola|88/100 tox|[from] Stealth Rock
|move|p2a: Gliscor|Knock Off|p1a: Alomomola
|-damage|p1a: Alomomola|78/100 tox
|
|-damage|p1a: Alomomola|71/100 tox|[from] psn
|upkeep
|turn|107
|c|☆KING丶3266926956今余|（狠狠拍桌）
|c| senseless rain|哎呀！！！
|
|t:|1779801055
|switch|p2a: Alomomola|Alomomola, L99, F, shiny|49/100
|move|p1a: Alomomola|Wish|p1a: Alomomola
|
|-damage|p1a: Alomomola|59/100 tox|[from] psn
|upkeep
|turn|108
|inactive|bearboeloe has 120 seconds left.
|
|t:|1779801076
|switch|p1a: Meowscarada|Meowscarada, F|62/100 tox
|-damage|p1a: Meowscarada|50/100 tox|[from] Stealth Rock
|move|p2a: Alomomola|Wish|p2a: Alomomola
|
|-heal|p1a: Meowscarada|100/100 tox|[from] move: Wish|[wisher] Alomomola
|-damage|p1a: Meowscarada|94/100 tox|[from] psn
|upkeep
|turn|109
|inactive|bearboeloe has 120 seconds left.
|
|t:|1779801084
|move|p2a: Alomomola|Protect|p2a: Alomomola
|-singleturn|p2a: Alomomola|Protect
|move|p1a: Meowscarada|Flower Trick|p2a: Alomomola
|-start|p1a: Meowscarada|typechange|Grass|[from] ability: Protean
|-activate|p2a: Alomomola|move: Protect
|
|-heal|p2a: Alomomola|99/100|[from] move: Wish|[wisher] Alomomola
|-damage|p1a: Meowscarada|82/100 tox|[from] psn
|upkeep
|turn|110
|inactive|bearboeloe has 120 seconds left.
|
|t:|1779801097
|switch|p1a: Incineroar|Incineroar, F|84/100
|-ability|p1a: Incineroar|Intimidate|boost
|-unboost|p2a: Alomomola|atk|1
|switch|p2a: Corviknight|Corviknight, F, shiny|85/100
|-ability|p2a: Corviknight|Pressure
|
|upkeep
|turn|111
|
|t:|1779801106
|switch|p2a: Gliscor|Gliscor, F|100/100 tox
|move|p1a: Incineroar|Parting Shot|p2a: Gliscor
|-unboost|p2a: Gliscor|atk|1
|-unboost|p2a: Gliscor|spa|1
|
|t:|1779801109
|switch|p1a: Meowscarada|Meowscarada, F|82/100 tox|[from] Parting Shot
|-damage|p1a: Meowscarada|70/100 tox|[from] Stealth Rock
|
|-damage|p1a: Meowscarada|64/100 tox|[from] psn
|upkeep
|turn|112
|inactive|bearboeloe has 120 seconds left.
|
|t:|1779801118
|switch|p2a: Alomomola|Alomomola, L99, F, shiny|100/100
|move|p1a: Meowscarada|Triple Axel|p2a: Alomomola
|-start|p1a: Meowscarada|typechange|Ice|[from] ability: Protean
|-resisted|p2a: Alomomola
|-damage|p2a: Alomomola|97/100
|-resisted|p2a: Alomomola
|-damage|p2a: Alomomola|89/100
|-resisted|p2a: Alomomola
|-damage|p2a: Alomomola|78/100
|-hitcount|p2a: Alomomola|3
|
|-damage|p1a: Meowscarada|52/100 tox|[from] psn
|upkeep
|turn|113
|inactive|bearboeloe has 120 seconds left.
|
|t:|1779801130
|switch|p1a: Alomomola|Alomomola, F|92/100 tox
|-damage|p1a: Alomomola|80/100 tox|[from] Stealth Rock
|move|p2a: Alomomola|Flip Turn|p1a: Alomomola
|-resisted|p1a: Alomomola
|-damage|p1a: Alomomola|75/100 tox
|
|t:|1779801139
|switch|p2a: Gliscor|Gliscor, F|100/100 tox|[from] Flip Turn
|
|-damage|p1a: Alomomola|68/100 tox|[from] psn
|upkeep
|turn|114
|inactive|KING丶3266926956今余 has 120 seconds left.
|
|t:|1779801179
|switch|p2a: Alomomola|Alomomola, L99, F, shiny|100/100
|move|p1a: Alomomola|Wish|p1a: Alomomola
|
|-damage|p1a: Alomomola|56/100 tox|[from] psn
|upkeep
|turn|115
|
|t:|1779801187
|switch|p1a: Meowscarada|Meowscarada, F|52/100 tox
|-damage|p1a: Meowscarada|39/100 tox|[from] Stealth Rock
|switch|p2a: Gliscor|Gliscor, F|100/100 tox
|
|-heal|p1a: Meowscarada|100/100 tox|[from] move: Wish|[wisher] Alomomola
|-damage|p1a: Meowscarada|94/100 tox|[from] psn
|upkeep
|turn|116
|
|t:|1779801197
|switch|p2a: Alomomola|Alomomola, L99, F, shiny|100/100
|move|p1a: Meowscarada|U-turn|p2a: Alomomola
|-start|p1a: Meowscarada|typechange|Bug|[from] ability: Protean
|-damage|p2a: Alomomola|72/100
|
|t:|1779801205
|switch|p1a: Luxray|Luxray, F|95/100 brn|[from] U-turn
|-damage|p1a: Luxray|82/100 brn|[from] Stealth Rock
|
|-damage|p1a: Luxray|76/100 brn|[from] brn
|upkeep
|turn|117
|
|t:|1779801211
|switch|p2a: Gliscor|Gliscor, F|100/100 tox
|move|p1a: Luxray|Crunch|p2a: Gliscor
|-damage|p2a: Gliscor|78/100 tox
|
|-heal|p2a: Gliscor|90/100 tox|[from] ability: Poison Heal
|-damage|p1a: Luxray|70/100 brn|[from] brn
|upkeep
|turn|118
|inactive|KING丶3266926956今余 has 120 seconds left.
|
|t:|1779801220
|switch|p2a: Alomomola|Alomomola, L99, F, shiny|100/100
|move|p1a: Luxray|Crunch|p2a: Alomomola
|-damage|p2a: Alomomola|79/100
|
|-damage|p1a: Luxray|64/100 brn|[from] brn
|upkeep
|turn|119
|c|☆KING丶3266926956今余|降防啊啊啊啊
|inactive|KING丶3266926956今余 has 120 seconds left.
|
|t:|1779801230
|switch|p2a: Gliscor|Gliscor, F|90/100 tox
|move|p1a: Luxray|Crunch|p2a: Gliscor
|-damage|p2a: Gliscor|65/100 tox
|
|-heal|p2a: Gliscor|78/100 tox|[from] ability: Poison Heal
|-damage|p1a: Luxray|58/100 brn|[from] brn
|upkeep
|turn|120
|inactive|KING丶3266926956今余 has 120 seconds left.
|
|t:|1779801242
|switch|p2a: Alomomola|Alomomola, L99, F, shiny|100/100
|move|p1a: Luxray|Crunch|p2a: Alomomola
|-damage|p2a: Alomomola|79/100
|
|-damage|p1a: Luxray|52/100 brn|[from] brn
|upkeep
|turn|121
|inactive|KING丶3266926956今余 has 120 seconds left.
|
|t:|1779801254
|switch|p2a: Gliscor|Gliscor, F|78/100 tox
|move|p1a: Luxray|Crunch|p2a: Gliscor
|-damage|p2a: Gliscor|54/100 tox
|
|-heal|p2a: Gliscor|66/100 tox|[from] ability: Poison Heal
|-damage|p1a: Luxray|46/100 brn|[from] brn
|upkeep
|turn|122
|inactive|KING丶3266926956今余 has 120 seconds left.
|
|t:|1779801263
|switch|p2a: Alomomola|Alomomola, L99, F, shiny|100/100
|move|p1a: Luxray|Facade|p2a: Alomomola
|-damage|p2a: Alomomola|60/100
|
|-damage|p1a: Luxray|40/100 brn|[from] brn
|upkeep
|turn|123
|inactive|KING丶3266926956今余 has 120 seconds left.
|
|t:|1779801273
|switch|p2a: Dondozo|Dondozo, F|100/100
|move|p1a: Luxray|Facade|p2a: Dondozo
|-damage|p2a: Dondozo|72/100
|
|-damage|p1a: Luxray|34/100 brn|[from] brn
|upkeep
|turn|124
|inactive|KING丶3266926956今余 has 120 seconds left.
|
|t:|1779801281
|switch|p1a: Alomomola|Alomomola, F|89/100 tox
|-damage|p1a: Alomomola|77/100 tox|[from] Stealth Rock
|move|p2a: Dondozo|Body Press|p1a: Alomomola
|-crit|p1a: Alomomola
|-damage|p1a: Alomomola|45/100 tox
|
|-damage|p1a: Alomomola|39/100 tox|[from] psn
|upkeep
|turn|125
|inactive|KING丶3266926956今余 has 120 seconds left.
|
|t:|1779801289
|move|p1a: Alomomola|Wish|p1a: Alomomola
|move|p2a: Dondozo|Body Press|p1a: Alomomola
|-damage|p1a: Alomomola|16/100 tox
|
|-damage|p1a: Alomomola|3/100 tox|[from] psn
|upkeep
|turn|126
|inactive|KING丶3266926956今余 has 120 seconds left.
|
|t:|1779801302
|switch|p1a: Meowstic|Meowstic, M|100/100
|-damage|p1a: Meowstic|88/100|[from] Stealth Rock
|move|p2a: Dondozo|Body Press|p1a: Meowstic
|-resisted|p1a: Meowstic
|-damage|p1a: Meowstic|71/100
|
|-heal|p1a: Meowstic|100/100|[from] move: Wish|[wisher] Alomomola
|upkeep
|turn|127
|
|t:|1779801321
|switch|p1a: Alomomola|Alomomola, F|37/100 tox
|-damage|p1a: Alomomola|24/100 tox|[from] Stealth Rock
|switch|p2a: Blissey|Blissey, F|100/100
|
|-damage|p1a: Alomomola|18/100 tox|[from] psn
|upkeep
|turn|128
|
|t:|1779801336
|switch|p1a: Incineroar|Incineroar, F|84/100
|-ability|p1a: Incineroar|Intimidate|boost
|-unboost|p2a: Blissey|atk|1
|move|p2a: Blissey|Seismic Toss|p1a: Incineroar
|-damage|p1a: Incineroar|58/100
|
|upkeep
|turn|129
|inactive|KING丶3266926956今余 has 90 seconds left.
|
|t:|1779801347
|switch|p2a: Gliscor|Gliscor, F|66/100 tox
|switch|p1a: Alomomola|Alomomola, F|51/100 tox
|-damage|p1a: Alomomola|39/100 tox|[from] Stealth Rock
|
|-heal|p2a: Gliscor|79/100 tox|[from] ability: Poison Heal
|-damage|p1a: Alomomola|33/100 tox|[from] psn
|upkeep
|turn|130
|inactive|KING丶3266926956今余 has 90 seconds left.
|inactive|bearboeloe has 90 seconds left.
|
|t:|1779801358
|move|p2a: Gliscor|Knock Off|p1a: Alomomola
|-damage|p1a: Alomomola|22/100 tox
|move|p1a: Alomomola|Flip Turn|p2a: Gliscor
|-supereffective|p2a: Gliscor
|-damage|p2a: Gliscor|60/100 tox
|
|t:|1779801365
|switch|p1a: Meowscarada|Meowscarada, F|94/100 tox|[from] Flip Turn
|-damage|p1a: Meowscarada|82/100 tox|[from] Stealth Rock
|
|-damage|p1a: Meowscarada|76/100 tox|[from] psn
|-heal|p2a: Gliscor|72/100 tox|[from] ability: Poison Heal
|upkeep
|turn|131
|inactive|bearboeloe has 90 seconds left.
|
|t:|1779801379
|move|p2a: Gliscor|Protect|p2a: Gliscor
|-singleturn|p2a: Gliscor|Protect
|move|p1a: Meowscarada|Flower Trick|p2a: Gliscor
|-start|p1a: Meowscarada|typechange|Grass|[from] ability: Protean
|-activate|p2a: Gliscor|move: Protect
|
|-damage|p1a: Meowscarada|64/100 tox|[from] psn
|-heal|p2a: Gliscor|85/100 tox|[from] ability: Poison Heal
|upkeep
|turn|132
|
|t:|1779801384
|switch|p1a: Alomomola|Alomomola, F|55/100 tox
|-damage|p1a: Alomomola|43/100 tox|[from] Stealth Rock
|switch|p2a: Corviknight|Corviknight, F, shiny|85/100
|-ability|p2a: Corviknight|Pressure
|
|-damage|p1a: Alomomola|36/100 tox|[from] psn
|upkeep
|turn|133
|
|t:|1779801393
|move|p2a: Corviknight|Brave Bird|p1a: Alomomola
|-damage|p1a: Alomomola|7/100 tox
|-damage|p2a: Corviknight|72/100|[from] Recoil
|move|p1a: Alomomola|Wish|p1a: Alomomola
|
|-damage|p1a: Alomomola|0 fnt|[from] psn
|faint|p1a: Alomomola
|upkeep
|c|☆KING丶3266926956今余|（大声咆哮）
|inactive|KING丶3266926956今余 has 90 seconds left.
|c| senseless rain|你没有电输出吗
|c| senseless rain|坏了......
|inactive|KING丶3266926956今余 has 60 seconds left.
|c|☆KING丶3266926956今余|伦琴猫没带电本
|c| senseless rain|曼波TvT
|
|t:|1779801451
|switch|p1a: Meowstic|Meowstic, M|100/100
|-damage|p1a: Meowstic|88/100|[from] Stealth Rock
|turn|134
|
|t:|1779801457
|switch|p2a: Blissey|Blissey, F|100/100
|move|p1a: Meowstic|Thunderbolt|p2a: Blissey
|-damage|p2a: Blissey|93/100
|
|-heal|p1a: Meowstic|100/100|[from] move: Wish|[wisher] Alomomola
|-heal|p2a: Blissey|99/100|[from] item: Leftovers
|upkeep
|turn|135
|inactive|KING丶3266926956今余 has 30 seconds left.
|inactive|KING丶3266926956今余 has 20 seconds left.
|inactive|KING丶3266926956今余 has 15 seconds left.
|c|☆KING丶3266926956今余|之前还靠妙喵打太冰爆发读天蝎
|inactive|KING丶3266926956今余 has 10 seconds left.
|inactive|KING丶3266926956今余 has 5 seconds left.
|c|☆KING丶3266926956今余|啊啊啊啊
|-message|KING丶3266926956今余 lost due to inactivity.
|
|win|bearboeloe
|raw|KING丶3266926956今余's rating: 1314 &rarr; <strong>1290</strong><br />(-24 for losing)
|raw|bearboeloe's rating: 1244 &rarr; <strong>1274</strong><br />(+30 for winning)
|c|☆KING丶3266926956今余|为毛要禁太晶爆发啊
|c|☆KING丶3266926956今余|啊啊啊，啊啊
|l|‽bearboeloe
|player|p2|
|c| senseless rain|悲
