|j|☆karakel
|j|☆anisstad
|t:|1779848736
|gametype|singles
|player|p1|karakel|cowgirl|1474
|player|p2|anisstad|266|1499
|gen|9
|tier|[Gen 9] OU
|rated|
|rule|HP Percentage Mod: HP is shown in percentages
|rule|Endless Battle Clause: Forcing endless battles is banned
|rule|Species Clause: Limit one of each Pokémon
|rule|OHKO Clause: OHKO moves are banned
|rule|Evasion Items Clause: Evasion items are banned
|rule|Evasion Moves Clause: Evasion moves are banned
|rule|Evasion Abilities Clause: Evasion abilities are banned
|rule|Sleep Moves Clause: Sleep-inducing moves are banned
|clearpoke
|poke|p1|Lilligant-Hisui, F|
|poke|p1|Ninetales, F|
|poke|p1|Great Tusk|
|poke|p1|Walking Wake|
|poke|p1|Cresselia, F|
|poke|p1|Cinderace, M|
|poke|p2|Pelipper, F|
|poke|p2|Barraskewda, M|
|poke|p2|Zapdos|
|poke|p2|Goodra-Hisui, F|
|poke|p2|Poliwrath, F|
|poke|p2|Golduck, F|
|teampreview
|inactive|Battle timer is ON: inactive players will automatically lose when time's up. (requested by karakel)
|inactive|anisstad has 120 seconds left.
|inactive|anisstad has 90 seconds left.
|inactive|anisstad has 60 seconds left.
|inactive|anisstad has 30 seconds left.
|inactive|anisstad has 20 seconds left.
|inactive|anisstad has 15 seconds left.
|
|t:|1779848897
|teamsize|p1|6
|teamsize|p2|6
|start
|switch|p1a: Walking Wake|Walking Wake|100/100
|switch|p2a: Pelipper|Pelipper, F|100/100
|-weather|RainDance|[from] ability: Drizzle|[of] p2a: Pelipper
|turn|1
|
|t:|1779848911
|-end|p1a: Walking Wake|Protosynthesis|[silent]
|switch|p1a: Great Tusk|Great Tusk|100/100
|switch|p2a: Goodra|Goodra-Hisui, F|100/100
|
|-weather|RainDance|[upkeep]
|upkeep
|turn|2
|
|t:|1779848922
|switch|p2a: Zapdos|Zapdos|100/100
|move|p1a: Great Tusk|Close Combat|p2a: Zapdos
|-resisted|p2a: Zapdos
|-damage|p2a: Zapdos|83/100
|-unboost|p1a: Great Tusk|def|1
|-unboost|p1a: Great Tusk|spd|1
|-enditem|p1a: Great Tusk|Eject Pack
|
|t:|1779848925
|-end|p1a: Great Tusk|Protosynthesis|[silent]
|switch|p1a: Walking Wake|Walking Wake|100/100
|
|-weather|RainDance|[upkeep]
|upkeep
|turn|3
|inactive|anisstad has 90 seconds left.
|
|t:|1779848932
|switch|p2a: Goodra|Goodra-Hisui, F|100/100
|move|p1a: Walking Wake|Draco Meteor|p2a: Goodra
|-damage|p2a: Goodra|49/100
|-unboost|p1a: Walking Wake|spa|2
|
|-weather|RainDance|[upkeep]
|upkeep
|turn|4
|
|t:|1779848941
|-end|p1a: Walking Wake|Protosynthesis|[silent]
|switch|p1a: Cresselia|Cresselia, F|100/100
|switch|p2a: Golduck|Golduck, F|100/100
|
|-weather|RainDance|[upkeep]
|upkeep
|turn|5
|
|t:|1779848947
|move|p2a: Golduck|Nasty Plot|p2a: Golduck
|-boost|p2a: Golduck|spa|2
|move|p1a: Cresselia|Thunder Wave|p2a: Golduck
|-status|p2a: Golduck|par
|
|-weather|RainDance|[upkeep]
|upkeep
|turn|6
|j| samurajen
|
|t:|1779848954
|move|p2a: Golduck|Surf|p1a: Cresselia
|-damage|p1a: Cresselia|0 fnt
|faint|p1a: Cresselia
|-damage|p2a: Golduck|91/100 par|[from] item: Life Orb
|
|-weather|RainDance|[upkeep]
|upkeep
|
|t:|1779848963
|switch|p1a: Ninetales|Ninetales, F|100/100
|-weather|SunnyDay|[from] ability: Drought|[of] p1a: Ninetales
|turn|7
|
|t:|1779848968
|switch|p1a: Walking Wake|Walking Wake|100/100
|-activate|p1a: Walking Wake|ability: Protosynthesis
|-start|p1a: Walking Wake|protosynthesisspa
|cant|p2a: Golduck|par
|
|-weather|SunnyDay|[upkeep]
|upkeep
|turn|8
|inactive|anisstad has 120 seconds left.
|
|t:|1779848978
|move|p1a: Walking Wake|Draco Meteor|p2a: Golduck
|-damage|p2a: Golduck|0 fnt
|-unboost|p1a: Walking Wake|spa|2
|faint|p2a: Golduck
|
|-weather|SunnyDay|[upkeep]
|upkeep
|inactive|anisstad has 120 seconds left.
|
|t:|1779848984
|switch|p2a: Pelipper|Pelipper, F|100/100
|-weather|RainDance|[from] ability: Drizzle|[of] p2a: Pelipper
|-end|p1a: Walking Wake|Protosynthesis
|turn|9
|
|t:|1779848988
|-end|p1a: Walking Wake|Protosynthesis|[silent]
|switch|p1a: Ninetales|Ninetales, F|100/100
|-weather|SunnyDay|[from] ability: Drought|[of] p1a: Ninetales
|move|p2a: Pelipper|U-turn|p1a: Ninetales
|-resisted|p1a: Ninetales
|-crit|p1a: Ninetales
|-damage|p1a: Ninetales|93/100
|
|t:|1779848999
|switch|p2a: Goodra|Goodra-Hisui, F|49/100|[from] U-turn
|
|-weather|SunnyDay|[upkeep]
|upkeep
|turn|10
|
|t:|1779849005
|switch|p1a: Great Tusk|Great Tusk|100/100
|-activate|p1a: Great Tusk|ability: Protosynthesis
|-start|p1a: Great Tusk|protosynthesisspe
|move|p2a: Goodra|Draco Meteor|p1a: Great Tusk
|-damage|p1a: Great Tusk|17/100
|-unboost|p2a: Goodra|spa|2
|
|-weather|SunnyDay|[upkeep]
|upkeep
|turn|11
|
|t:|1779849013
|-end|p1a: Great Tusk|Protosynthesis|[silent]
|switch|p1a: Walking Wake|Walking Wake|100/100
|-activate|p1a: Walking Wake|ability: Protosynthesis
|-start|p1a: Walking Wake|protosynthesisspa
|switch|p2a: Zapdos|Zapdos|83/100
|
|-weather|SunnyDay|[upkeep]
|upkeep
|turn|12
|
|t:|1779849022
|-terastallize|p2a: Zapdos|Fairy
|move|p1a: Walking Wake|Weather Ball|p2a: Zapdos
|-damage|p2a: Zapdos|0 fnt
|faint|p2a: Zapdos
|
|-weather|SunnyDay|[upkeep]
|upkeep
|
|t:|1779849029
|switch|p2a: Pelipper|Pelipper, F|100/100
|-weather|RainDance|[from] ability: Drizzle|[of] p2a: Pelipper
|-end|p1a: Walking Wake|Protosynthesis
|turn|13
|
|t:|1779849033
|move|p1a: Walking Wake|Weather Ball|p2a: Pelipper
|-resisted|p2a: Pelipper
|-damage|p2a: Pelipper|19/100
|move|p2a: Pelipper|Hurricane|p1a: Walking Wake
|-damage|p1a: Walking Wake|37/100
|
|-weather|RainDance|[upkeep]
|upkeep
|turn|14
|
|t:|1779849040
|move|p1a: Walking Wake|Weather Ball|p2a: Pelipper
|-resisted|p2a: Pelipper
|-damage|p2a: Pelipper|0 fnt
|faint|p2a: Pelipper
|
|-weather|RainDance|[upkeep]
|upkeep
|
|t:|1779849045
|switch|p2a: Poliwrath|Poliwrath, F|100/100
|turn|15
|
|t:|1779849054
|-end|p1a: Walking Wake|Protosynthesis|[silent]
|switch|p1a: Great Tusk|Great Tusk|17/100
|move|p2a: Poliwrath|Belly Drum|p2a: Poliwrath
|-damage|p2a: Poliwrath|51/100
|-setboost|p2a: Poliwrath|atk|6|[from] move: Belly Drum
|
|-weather|RainDance|[upkeep]
|upkeep
|turn|16
|
|t:|1779849061
|move|p2a: Poliwrath|Drain Punch|p1a: Great Tusk
|-damage|p1a: Great Tusk|0 fnt
|-heal|p2a: Poliwrath|62/100|[from] drain|[of] p1a: Great Tusk
|faint|p1a: Great Tusk
|-end|p1a: Great Tusk|Protosynthesis|[silent]
|
|-weather|RainDance|[upkeep]
|upkeep
|
|t:|1779849063
|switch|p1a: Ninetales|Ninetales, F|93/100
|-weather|SunnyDay|[from] ability: Drought|[of] p1a: Ninetales
|turn|17
|
|t:|1779849069
|-terastallize|p1a: Ninetales|Ghost
|move|p1a: Ninetales|Encore|p2a: Poliwrath
|-start|p2a: Poliwrath|Encore
|move|p2a: Poliwrath|Drain Punch|p1a: Ninetales
|-immune|p1a: Ninetales
|
|-weather|SunnyDay|[upkeep]
|upkeep
|turn|18
|
|t:|1779849077
|move|p2a: Poliwrath|Drain Punch|p1a: Ninetales
|-immune|p1a: Ninetales
|move|p1a: Ninetales|Roar|p2a: Poliwrath
|drag|p2a: Barraskewda|Barraskewda, M|100/100
|
|-weather|SunnyDay|[upkeep]
|upkeep
|turn|19
|
|t:|1779849085
|switch|p1a: Cinderace|Cinderace, M|100/100
|move|p2a: Barraskewda|Liquidation|p1a: Cinderace
|-supereffective|p1a: Cinderace
|-crit|p1a: Cinderace
|-damage|p1a: Cinderace|0 fnt
|faint|p1a: Cinderace
|-damage|p2a: Barraskewda|91/100|[from] item: Life Orb
|
|-weather|SunnyDay|[upkeep]
|upkeep
|
|t:|1779849088
|switch|p1a: Lilligant|Lilligant-Hisui, F|100/100
|turn|20
|
|t:|1779849095
|switch|p2a: Goodra|Goodra-Hisui, F|49/100
|move|p1a: Lilligant|Victory Dance|p1a: Lilligant
|-boost|p1a: Lilligant|atk|1
|-boost|p1a: Lilligant|def|1
|-boost|p1a: Lilligant|spe|1
|
|-weather|SunnyDay|[upkeep]
|upkeep
|turn|21
|
|t:|1779849102
|move|p1a: Lilligant|Close Combat|p2a: Goodra
|-supereffective|p2a: Goodra
|-damage|p2a: Goodra|0 fnt
|-unboost|p1a: Lilligant|def|1
|-unboost|p1a: Lilligant|spd|1
|-ability|p2a: Goodra|Gooey
|-unboost|p1a: Lilligant|spe|1
|faint|p2a: Goodra
|
|-weather|SunnyDay|[upkeep]
|upkeep
|c|☆karakel|gg
|
|t:|1779849111
|switch|p2a: Barraskewda|Barraskewda, M|91/100
|turn|22
|
|t:|1779849118
|move|p1a: Lilligant|Leaf Blade|p2a: Barraskewda
|-supereffective|p2a: Barraskewda
|-damage|p2a: Barraskewda|0 fnt
|faint|p2a: Barraskewda
|
|-weather|SunnyDay|[upkeep]
|upkeep
|l|☆anisstad
|inactive|anisstad disconnected and has a minute to reconnect!
|player|p2|
|inactive|anisstad has 30 seconds to reconnect!
|inactive|anisstad has 20 seconds to reconnect!
|inactive|anisstad has 15 seconds to reconnect!
|inactive|anisstad has 10 seconds to reconnect!
|inactive|anisstad has 5 seconds to reconnect!
|-message|anisstad lost due to inactivity.
|
|win|karakel
|raw|karakel's rating: 1474 &rarr; <strong>1495</strong><br />(+21 for winning)
|raw|anisstad's rating: 1499 &rarr; <strong>1478</strong><br />(-21 for losing)
