|j|☆blueisnoob
|j|☆p$ychopath
|t:|1779822476
|gametype|singles
|player|p1|blueisnoob|169|1784
|player|p2|p$ychopath|psychic-lgpe|1689
|gen|9
|tier|[Gen 9] OU
|rated|
|rule|HP Percentage Mod: HP is shown in percentages
|rule|Endless Battle Clause: Forcing endless battles is banned
|rule|Species Clause: Limit one of each Pokémon
|rule|OHKO Clause: OHKO moves are banned
|rule|Evasion Items Clause: Evasion items are banned
|rule|Evasion Moves Clause: Evasion moves are banned
|rule|Evasion Abilities Clause: Evasion abilities are banned
|rule|Sleep Moves Clause: Sleep-inducing moves are banned
|clearpoke
|poke|p1|Zamazenta-*|
|poke|p1|Ogerpon-Wellspring, F|
|poke|p1|Slowking-Galar, F|
|poke|p1|Great Tusk|
|poke|p1|Kingambit, M|
|poke|p1|Zapdos|
|poke|p2|Iron Jugulis|
|poke|p2|Iron Valiant|
|poke|p2|Iron Moth|
|poke|p2|Great Tusk|
|poke|p2|Scizor, F|
|poke|p2|Samurott-Hisui, F|
|teampreview
|inactive|Battle timer is ON: inactive players will automatically lose when time's up. (requested by p$ychopath)
|
|t:|1779822506
|teamsize|p1|6
|teamsize|p2|6
|start
|switch|p1a: Zapdos|Zapdos|100/100
|switch|p2a: Iron Jugulis|Iron Jugulis|100/100
|-enditem|p2a: Iron Jugulis|Booster Energy
|-activate|p2a: Iron Jugulis|ability: Quark Drive|[fromitem]
|-start|p2a: Iron Jugulis|quarkdrivespe
|turn|1
|
|t:|1779822515
|move|p2a: Iron Jugulis|Dark Pulse|p1a: Zapdos
|-damage|p1a: Zapdos|61/100
|move|p1a: Zapdos|Thunder Wave|p2a: Iron Jugulis
|-status|p2a: Iron Jugulis|par
|
|upkeep
|turn|2
|
|t:|1779822521
|move|p2a: Iron Jugulis|Dark Pulse|p1a: Zapdos
|-damage|p1a: Zapdos|24/100
|cant|p1a: Zapdos|flinch
|
|upkeep
|turn|3
|
|t:|1779822525
|switch|p1a: Kingambit|Kingambit, M|100/100
|cant|p2a: Iron Jugulis|par
|
|upkeep
|turn|4
|
|t:|1779822531
|move|p2a: Iron Jugulis|Taunt|p1a: Kingambit
|-start|p1a: Kingambit|move: Taunt
|move|p1a: Kingambit|Low Kick|p2a: Iron Jugulis
|-damage|p2a: Iron Jugulis|55/100 par
|
|upkeep
|turn|5
|
|t:|1779822537
|move|p2a: Iron Jugulis|Hydro Pump|p1a: Kingambit
|-damage|p1a: Kingambit|63/100
|move|p1a: Kingambit|Low Kick|p2a: Iron Jugulis
|-crit|p2a: Iron Jugulis
|-damage|p2a: Iron Jugulis|0 fnt
|faint|p2a: Iron Jugulis
|-end|p2a: Iron Jugulis|Quark Drive|[silent]
|
|-heal|p1a: Kingambit|70/100|[from] item: Leftovers
|upkeep
|
|t:|1779822544
|switch|p2a: Iron Moth|Iron Moth|100/100
|-enditem|p2a: Iron Moth|Booster Energy
|-activate|p2a: Iron Moth|ability: Quark Drive|[fromitem]
|-start|p2a: Iron Moth|quarkdrivespe
|turn|6
|
|t:|1779822546
|-end|p1a: Kingambit|fallenundefined|[silent]
|switch|p1a: Slowking|Slowking-Galar, F|100/100
|move|p2a: Iron Moth|Fiery Dance|p1a: Slowking
|-damage|p1a: Slowking|81/100
|-boost|p2a: Iron Moth|spa|1
|
|upkeep
|turn|7
|
|t:|1779822551
|move|p2a: Iron Moth|Substitute|p2a: Iron Moth
|-start|p2a: Iron Moth|Substitute
|-damage|p2a: Iron Moth|76/100
|move|p1a: Slowking|Psyshock|p2a: Iron Moth
|-supereffective|p2a: Iron Moth
|-end|p2a: Iron Moth|Substitute
|
|upkeep
|turn|8
|
|t:|1779822557
|-end|p2a: Iron Moth|Quark Drive|[silent]
|switch|p2a: Samurott|Samurott-Hisui, F|100/100
|move|p1a: Slowking|Psyshock|p2a: Samurott
|-immune|p2a: Samurott
|
|upkeep
|turn|9
|
|t:|1779822564
|switch|p1a: Kingambit|Kingambit, M|70/100
|move|p2a: Samurott|Ceaseless Edge|p1a: Kingambit
|-resisted|p1a: Kingambit
|-damage|p1a: Kingambit|46/100
|-sidestart|p1: blueisnoob|Spikes
|
|-heal|p1a: Kingambit|52/100|[from] item: Leftovers
|upkeep
|turn|10
|
|t:|1779822572
|switch|p2a: Iron Moth|Iron Moth|76/100
|move|p1a: Kingambit|Low Kick|p2a: Iron Moth
|-resisted|p2a: Iron Moth
|-damage|p2a: Iron Moth|59/100
|
|-heal|p1a: Kingambit|58/100|[from] item: Leftovers
|upkeep
|turn|11
|
|t:|1779822580
|-end|p2a: Iron Moth|Quark Drive|[silent]
|switch|p2a: Samurott|Samurott-Hisui, F|100/100
|-end|p1a: Kingambit|fallenundefined|[silent]
|switch|p1a: Slowking|Slowking-Galar, F|100/100
|-damage|p1a: Slowking|88/100|[from] Spikes
|
|upkeep
|turn|12
|
|t:|1779822585
|switch|p1a: Zapdos|Zapdos|24/100
|move|p2a: Samurott|Ceaseless Edge|p1a: Zapdos
|-crit|p1a: Zapdos
|-damage|p1a: Zapdos|0 fnt
|-status|p2a: Samurott|par|[from] ability: Static|[of] p1a: Zapdos
|-sidestart|p1: blueisnoob|Spikes
|faint|p1a: Zapdos
|
|upkeep
|
|t:|1779822588
|switch|p1a: Great Tusk|Great Tusk, shiny|100/100
|turn|13
|
|t:|1779822592
|move|p1a: Great Tusk|Rapid Spin|p2a: Samurott
|-damage|p2a: Samurott|77/100 par
|-boost|p1a: Great Tusk|spe|1
|-sideend|p1: blueisnoob|Spikes|[from] move: Rapid Spin|[of] p1a: Great Tusk
|move|p2a: Samurott|Razor Shell|p1a: Great Tusk
|-supereffective|p1a: Great Tusk
|-damage|p1a: Great Tusk|13/100
|
|upkeep
|turn|14
|
|t:|1779822599
|cant|p2a: Samurott|par
|move|p1a: Great Tusk|Stealth Rock|p2a: Samurott
|-sidestart|p2: p$ychopath|move: Stealth Rock
|
|upkeep
|turn|15
|
|t:|1779822603
|-end|p1a: Great Tusk|Protosynthesis|[silent]
|switch|p1a: Kingambit|Kingambit, M|58/100
|-activate|p1a: Kingambit|ability: Supreme Overlord
|-start|p1a: Kingambit|fallen1|[silent]
|move|p2a: Samurott|Sucker Punch||[still]
|-fail|p2a: Samurott
|
|-heal|p1a: Kingambit|64/100|[from] item: Leftovers
|upkeep
|turn|16
|
|t:|1779822607
|switch|p2a: Great Tusk|Great Tusk|100/100
|-damage|p2a: Great Tusk|98/100|[from] Stealth Rock
|-enditem|p2a: Great Tusk|Booster Energy
|-activate|p2a: Great Tusk|ability: Protosynthesis|[fromitem]
|-start|p2a: Great Tusk|protosynthesisspe
|move|p1a: Kingambit|Low Kick|p2a: Great Tusk
|-damage|p2a: Great Tusk|64/100
|
|-heal|p1a: Kingambit|70/100|[from] item: Leftovers
|upkeep
|turn|17
|
|t:|1779822611
|move|p2a: Great Tusk|Bulk Up|p2a: Great Tusk
|-boost|p2a: Great Tusk|atk|1
|-boost|p2a: Great Tusk|def|1
|move|p1a: Kingambit|Low Kick|p2a: Great Tusk
|-damage|p2a: Great Tusk|42/100
|
|-heal|p1a: Kingambit|76/100|[from] item: Leftovers
|upkeep
|turn|18
|j| SkenZo
|
|t:|1779822621
|move|p1a: Kingambit|Sucker Punch||[still]
|-fail|p1a: Kingambit
|move|p2a: Great Tusk|Bulk Up|p2a: Great Tusk
|-boost|p2a: Great Tusk|atk|1
|-boost|p2a: Great Tusk|def|1
|
|-heal|p1a: Kingambit|83/100|[from] item: Leftovers
|upkeep
|turn|19
|
|t:|1779822623
|move|p2a: Great Tusk|Headlong Rush|p1a: Kingambit
|-supereffective|p1a: Kingambit
|-damage|p1a: Kingambit|0 fnt
|-unboost|p2a: Great Tusk|def|1
|-unboost|p2a: Great Tusk|spd|1
|faint|p1a: Kingambit
|-end|p1a: Kingambit|fallen1|[silent]
|
|upkeep
|j| rexa2
|
|t:|1779822627
|switch|p1a: Zamazenta|Zamazenta|100/100
|-ability|p1a: Zamazenta|Dauntless Shield|boost
|-boost|p1a: Zamazenta|def|1
|turn|20
|
|t:|1779822633
|move|p2a: Great Tusk|Rapid Spin|p1a: Zamazenta
|-crit|p1a: Zamazenta
|-damage|p1a: Zamazenta|63/100
|-boost|p2a: Great Tusk|spe|1
|-sideend|p2: p$ychopath|Stealth Rock|[from] move: Rapid Spin|[of] p2a: Great Tusk
|move|p1a: Zamazenta|Ice Fang|p2a: Great Tusk
|-supereffective|p2a: Great Tusk
|-damage|p2a: Great Tusk|21/100
|
|upkeep
|turn|21
|
|t:|1779822640
|move|p2a: Great Tusk|Headlong Rush|p1a: Zamazenta
|-damage|p1a: Zamazenta|0 fnt
|-unboost|p2a: Great Tusk|def|1
|-unboost|p2a: Great Tusk|spd|1
|faint|p1a: Zamazenta
|
|upkeep
|
|t:|1779822644
|switch|p1a: Ogerpon|Ogerpon-Wellspring, F|100/100
|turn|22
|
|t:|1779822648
|move|p2a: Great Tusk|Headlong Rush|p1a: Ogerpon
|-resisted|p1a: Ogerpon
|-crit|p1a: Ogerpon
|-damage|p1a: Ogerpon|2/100
|-unboost|p2a: Great Tusk|def|1
|-unboost|p2a: Great Tusk|spd|1
|move|p1a: Ogerpon|Ivy Cudgel|p2a: Great Tusk|[anim] Ivy Cudgel Water
|-supereffective|p2a: Great Tusk
|-damage|p2a: Great Tusk|0 fnt
|faint|p2a: Great Tusk
|-end|p2a: Great Tusk|Protosynthesis|[silent]
|
|upkeep
|
|t:|1779822665
|switch|p2a: Scizor|Scizor, F|100/100
|turn|23
|
|t:|1779822667
|switch|p1a: Slowking|Slowking-Galar, F|100/100
|move|p2a: Scizor|Bullet Punch|p1a: Slowking
|-damage|p1a: Slowking|52/100
|-damage|p2a: Scizor|91/100|[from] item: Life Orb
|
|upkeep
|turn|24
|
|t:|1779822673
|switch|p1a: Ogerpon|Ogerpon-Wellspring, F|2/100
|move|p2a: Scizor|Knock Off|p1a: Ogerpon
|-damage|p1a: Ogerpon|0 fnt
|faint|p1a: Ogerpon
|-damage|p2a: Scizor|81/100|[from] item: Life Orb
|
|upkeep
|
|t:|1779822680
|switch|p1a: Great Tusk|Great Tusk, shiny|13/100
|turn|25
|
|t:|1779822690
|-terastallize|p1a: Great Tusk|Fire
|move|p2a: Scizor|Bullet Punch|p1a: Great Tusk
|-resisted|p1a: Great Tusk
|-damage|p1a: Great Tusk|0 fnt
|faint|p1a: Great Tusk
|-end|p1a: Great Tusk|Protosynthesis|[silent]
|-damage|p2a: Scizor|71/100|[from] item: Life Orb
|
|upkeep
|-message|blueisnoob forfeited.
|
|win|p$ychopath
|raw|blueisnoob's rating: 1784 &rarr; <strong>1759</strong><br />(-25 for losing)
|raw|p$ychopath's rating: 1689 &rarr; <strong>1714</strong><br />(+25 for winning)
|l| SkenZo
