|j|☆TumitirangEngineer
|j|☆hieunvt91233
|t:|1779959149
|gametype|singles
|player|p1|TumitirangEngineer|pokemaniac|1129
|player|p2|hieunvt91233|266|1121
|gen|9
|tier|[Gen 9] OU
|rated|
|rule|HP Percentage Mod: HP is shown in percentages
|rule|Endless Battle Clause: Forcing endless battles is banned
|rule|Species Clause: Limit one of each Pokémon
|rule|OHKO Clause: OHKO moves are banned
|rule|Evasion Items Clause: Evasion items are banned
|rule|Evasion Moves Clause: Evasion moves are banned
|rule|Evasion Abilities Clause: Evasion abilities are banned
|rule|Sleep Moves Clause: Sleep-inducing moves are banned
|clearpoke
|poke|p1|Pawmot, M|
|poke|p1|Ogerpon-Wellspring, F|
|poke|p1|Dragonite, F|
|poke|p1|Pecharunt|
|poke|p1|Ambipom, F|
|poke|p1|Blaziken, F|
|poke|p2|Scizor, F|
|poke|p2|Meowscarada, M|
|poke|p2|Ambipom, F|
|poke|p2|Heatran, F|
|poke|p2|Alomomola, M|
|poke|p2|Pecharunt|
|teampreview
|
|t:|1779959159
|teamsize|p1|6
|teamsize|p2|6
|start
|switch|p1a: 24 Chicken|Blaziken, F|100/100
|switch|p2a: Ambipom|Ambipom, F|100/100
|turn|1
|
|t:|1779959164
|move|p1a: 24 Chicken|Protect|p1a: 24 Chicken
|-singleturn|p1a: 24 Chicken|Protect
|move|p2a: Ambipom|Fake Out|p1a: 24 Chicken
|-activate|p1a: 24 Chicken|move: Protect
|
|-ability|p1a: 24 Chicken|Speed Boost|boost
|-boost|p1a: 24 Chicken|spe|1
|upkeep
|turn|2
|
|t:|1779959173
|switch|p2a: Pecharunt|Pecharunt|100/100
|move|p1a: 24 Chicken|Focus Energy|p1a: 24 Chicken
|-start|p1a: 24 Chicken|move: Focus Energy
|
|-ability|p1a: 24 Chicken|Speed Boost|boost
|-boost|p1a: 24 Chicken|spe|1
|upkeep
|turn|3
|
|t:|1779959179
|move|p1a: 24 Chicken|Overheat|p2a: Pecharunt
|-crit|p2a: Pecharunt
|-damage|p2a: Pecharunt|18/100
|-unboost|p1a: 24 Chicken|spa|2
|move|p2a: Pecharunt|Toxic|p1a: 24 Chicken
|-status|p1a: 24 Chicken|tox
|-start|p1a: 24 Chicken|confusion|[from] ability: Poison Puppeteer|[of] p2a: Pecharunt
|
|-heal|p2a: Pecharunt|24/100|[from] item: Leftovers
|-damage|p1a: 24 Chicken|95/100 tox|[from] psn
|-ability|p1a: 24 Chicken|Speed Boost|boost
|-boost|p1a: 24 Chicken|spe|1
|upkeep
|turn|4
|
|t:|1779959186
|move|p2a: Pecharunt|Protect|p2a: Pecharunt
|-singleturn|p2a: Pecharunt|Protect
|-activate|p1a: 24 Chicken|confusion
|move|p1a: 24 Chicken|Overheat|p2a: Pecharunt
|-activate|p2a: Pecharunt|move: Protect
|
|-heal|p2a: Pecharunt|30/100|[from] item: Leftovers
|-damage|p1a: 24 Chicken|83/100 tox|[from] psn
|-ability|p1a: 24 Chicken|Speed Boost|boost
|-boost|p1a: 24 Chicken|spe|1
|upkeep
|turn|5
|
|t:|1779959193
|switch|p2a: Alomomola|Alomomola, M|100/100
|-activate|p1a: 24 Chicken|confusion
|move|p1a: 24 Chicken|Overheat|p2a: Alomomola|[miss]
|-miss|p1a: 24 Chicken|p2a: Alomomola
|
|-damage|p1a: 24 Chicken|65/100 tox|[from] psn
|-ability|p1a: 24 Chicken|Speed Boost|boost
|-boost|p1a: 24 Chicken|spe|1
|upkeep
|turn|6
|
|t:|1779959201
|switch|p1a: NlGGA|Ogerpon-Wellspring, F|100/100
|move|p2a: Alomomola|Wish|p2a: Alomomola
|
|upkeep
|turn|7
|
|t:|1779959209
|move|p1a: NlGGA|Ivy Cudgel|p2a: Alomomola|[anim] Ivy Cudgel Water
|-resisted|p2a: Alomomola
|-damage|p2a: Alomomola|80/100
|move|p2a: Alomomola|Flip Turn|p1a: NlGGA
|-immune|p1a: NlGGA|[from] ability: Water Absorb
|
|-heal|p2a: Alomomola|100/100|[from] move: Wish|[wisher] Alomomola
|upkeep
|turn|8
|
|t:|1779959216
|move|p1a: NlGGA|Power Whip|p2a: Alomomola
|-supereffective|p2a: Alomomola
|-damage|p2a: Alomomola|0 fnt
|faint|p2a: Alomomola
|
|upkeep
|-message|hieunvt91233 forfeited.
|
|win|TumitirangEngineer
|raw|TumitirangEngineer's rating: 1129 &rarr; <strong>1153</strong><br />(+24 for winning)
|raw|hieunvt91233's rating: 1121 &rarr; <strong>1097</strong><br />(-24 for losing)
|l|☆hieunvt91233
|player|p2|
|l|☆TumitirangEngineer
|player|p1|
