|j|☆Lamperi0n
|j|☆braumuller
|t:|1779971547
|gametype|singles
|player|p1|Lamperi0n|will|1499
|player|p2|braumuller|battlegirl-gen4|1465
|gen|9
|tier|[Gen 9] OU
|rated|
|rule|HP Percentage Mod: HP is shown in percentages
|rule|Endless Battle Clause: Forcing endless battles is banned
|rule|Species Clause: Limit one of each Pokémon
|rule|OHKO Clause: OHKO moves are banned
|rule|Evasion Items Clause: Evasion items are banned
|rule|Evasion Moves Clause: Evasion moves are banned
|rule|Evasion Abilities Clause: Evasion abilities are banned
|rule|Sleep Moves Clause: Sleep-inducing moves are banned
|clearpoke
|poke|p1|Weezing-Galar, F|
|poke|p1|Alomomola, M|
|poke|p1|Iron Treads|
|poke|p1|Tornadus-Therian, M|
|poke|p1|Zamazenta-*|
|poke|p1|Lokix, M|
|poke|p2|Regieleki|
|poke|p2|Gholdengo|
|poke|p2|Arcanine-Hisui, F|
|poke|p2|Dragonite, F|
|poke|p2|Zamazenta-*|
|poke|p2|Whimsicott, M|
|teampreview
|inactive|Battle timer is ON: inactive players will automatically lose when time's up. (requested by braumuller)
|
|t:|1779971561
|teamsize|p1|6
|teamsize|p2|6
|start
|switch|p1a: Zamazenta|Zamazenta|100/100
|switch|p2a: Arcanine|Arcanine-Hisui, F, shiny|100/100
|-ability|p1a: Zamazenta|Dauntless Shield|boost
|-boost|p1a: Zamazenta|def|1
|turn|1
|
|t:|1779971569
|switch|p2a: Whimsicott|Whimsicott, M, shiny|100/100
|move|p1a: Zamazenta|Stone Edge|p2a: Whimsicott|[miss]
|-miss|p1a: Zamazenta|p2a: Whimsicott
|
|upkeep
|turn|2
|
|t:|1779971588
|switch|p1a: Tornadus|Tornadus-Therian, M|100/100
|move|p2a: Whimsicott|U-turn|p1a: Tornadus
|-resisted|p1a: Tornadus
|-damage|p1a: Tornadus|95/100
|
|t:|1779971591
|switch|p2a: Arcanine|Arcanine-Hisui, F, shiny|100/100|[from] U-turn
|
|upkeep
|turn|3
|
|t:|1779971598
|switch|p1a: Alomomola|Alomomola, M|100/100
|move|p2a: Arcanine|Head Smash|p1a: Alomomola|[miss]
|-miss|p2a: Arcanine|p1a: Alomomola
|
|upkeep
|turn|4
|
|t:|1779971607
|switch|p2a: Whimsicott|Whimsicott, M, shiny|100/100
|move|p1a: Alomomola|Flip Turn|p2a: Whimsicott
|-resisted|p2a: Whimsicott
|-damage|p2a: Whimsicott|92/100
|-damage|p1a: Alomomola|84/100|[from] item: Rocky Helmet|[of] p2a: Whimsicott
|
|t:|1779971612
|switch|p1a: Tornadus|Tornadus-Therian, M|100/100|[from] Flip Turn
|
|upkeep
|turn|5
|
|t:|1779971622
|switch|p2a: Arcanine|Arcanine-Hisui, F, shiny|100/100
|move|p1a: Tornadus|Bleakwind Storm|p2a: Arcanine
|-resisted|p2a: Arcanine
|-damage|p2a: Arcanine|79/100
|
|upkeep
|turn|6
|
|t:|1779971641
|switch|p1a: Alomomola|Alomomola, M|100/100
|move|p2a: Arcanine|Stealth Rock|p1a: Alomomola
|-sidestart|p1: Lamperi0n|move: Stealth Rock
|
|upkeep
|turn|7
|
|t:|1779971651
|switch|p2a: Whimsicott|Whimsicott, M, shiny|92/100
|move|p1a: Alomomola|Flip Turn|p2a: Whimsicott
|-resisted|p2a: Whimsicott
|-damage|p2a: Whimsicott|85/100
|-damage|p1a: Alomomola|84/100|[from] item: Rocky Helmet|[of] p2a: Whimsicott
|
|t:|1779971657
|switch|p1a: Tornadus|Tornadus-Therian, M|100/100|[from] Flip Turn
|-damage|p1a: Tornadus|76/100|[from] Stealth Rock
|
|upkeep
|turn|8
|
|t:|1779971673
|switch|p2a: Arcanine|Arcanine-Hisui, F, shiny|79/100
|move|p1a: Tornadus|Heat Wave|p2a: Arcanine
|-resisted|p2a: Arcanine
|-damage|p2a: Arcanine|72/100
|
|upkeep
|turn|9
|
|t:|1779971696
|-terastallize|p2a: Arcanine|Rock
|move|p1a: Tornadus|U-turn|p2a: Arcanine
|-damage|p2a: Arcanine|55/100
|
|t:|1779971706
|switch|p1a: Iron Treads|Iron Treads|100/100|[from] U-turn
|-damage|p1a: Iron Treads|97/100|[from] Stealth Rock
|move|p2a: Arcanine|Head Smash|p1a: Iron Treads
|-resisted|p1a: Iron Treads
|-damage|p1a: Iron Treads|78/100
|
|-heal|p1a: Iron Treads|84/100|[from] item: Leftovers
|upkeep
|turn|10
|
|t:|1779971721
|switch|p2a: Gholdengo|Gholdengo, shiny|100/100
|move|p1a: Iron Treads|Earthquake|p2a: Gholdengo
|-supereffective|p2a: Gholdengo
|-damage|p2a: Gholdengo|7/100
|
|-heal|p1a: Iron Treads|90/100|[from] item: Leftovers
|upkeep
|turn|11
|
|t:|1779971733
|-end|p1a: Iron Treads|Quark Drive|[silent]
|switch|p1a: Alomomola|Alomomola, M|100/100
|-damage|p1a: Alomomola|88/100|[from] Stealth Rock
|move|p2a: Gholdengo|Shadow Ball|p1a: Alomomola
|-damage|p1a: Alomomola|47/100
|
|upkeep
|turn|12
|
|t:|1779971738
|move|p2a: Gholdengo|Shadow Ball|p1a: Alomomola
|-damage|p1a: Alomomola|10/100
|move|p1a: Alomomola|Flip Turn|p2a: Gholdengo
|-damage|p2a: Gholdengo|0 fnt
|faint|p2a: Gholdengo
|
|t:|1779971746
|switch|p1a: Weezing|Weezing-Galar, F|100/100|[from] Flip Turn
|-ability|p1a: Weezing|Neutralizing Gas
|-damage|p1a: Weezing|88/100|[from] Stealth Rock
|
|-heal|p1a: Weezing|94/100|[from] item: Leftovers
|upkeep
|
|t:|1779971768
|switch|p2a: Regieleki|Regieleki, shiny|100/100
|-item|p2a: Regieleki|Air Balloon
|turn|13
|
|t:|1779971773
|-end|p1a: Weezing|ability: Neutralizing Gas
|switch|p1a: Iron Treads|Iron Treads|90/100
|-damage|p1a: Iron Treads|87/100|[from] Stealth Rock
|move|p2a: Regieleki|Explosion|p1a: Iron Treads
|-resisted|p1a: Iron Treads
|-damage|p1a: Iron Treads|59/100
|faint|p2a: Regieleki
|
|-heal|p1a: Iron Treads|65/100|[from] item: Leftovers
|upkeep
|
|t:|1779971784
|switch|p2a: Zamazenta|Zamazenta, shiny|100/100
|-ability|p2a: Zamazenta|Dauntless Shield|boost
|-boost|p2a: Zamazenta|def|1
|turn|14
|
|t:|1779971793
|-end|p1a: Iron Treads|Quark Drive|[silent]
|switch|p1a: Weezing|Weezing-Galar, F|94/100
|-ability|p1a: Weezing|Neutralizing Gas
|-damage|p1a: Weezing|82/100|[from] Stealth Rock
|move|p2a: Zamazenta|Heavy Slam|p1a: Weezing
|-supereffective|p1a: Weezing
|-damage|p1a: Weezing|22/100
|
|-heal|p1a: Weezing|28/100|[from] item: Leftovers
|upkeep
|turn|15
|
|t:|1779971800
|-end|p1a: Weezing|ability: Neutralizing Gas
|switch|p1a: Alomomola|Alomomola, M|43/100
|-damage|p1a: Alomomola|31/100|[from] Stealth Rock
|move|p2a: Zamazenta|Heavy Slam|p1a: Alomomola
|-resisted|p1a: Alomomola
|-damage|p1a: Alomomola|18/100
|-damage|p2a: Zamazenta|84/100|[from] item: Rocky Helmet|[of] p1a: Alomomola
|
|upkeep
|turn|16
|
|t:|1779971812
|move|p1a: Alomomola|Protect|p1a: Alomomola
|-singleturn|p1a: Alomomola|Protect
|move|p2a: Zamazenta|Close Combat|p1a: Alomomola
|-activate|p1a: Alomomola|move: Protect
|
|upkeep
|turn|17
|
|t:|1779971818
|-terastallize|p1a: Alomomola|Ghost
|move|p2a: Zamazenta|Close Combat|p1a: Alomomola
|-immune|p1a: Alomomola
|move|p1a: Alomomola|Wish|p1a: Alomomola
|
|upkeep
|turn|18
|
|t:|1779971832
|switch|p2a: Arcanine|Arcanine-Hisui, F, shiny, tera:Rock|55/100
|move|p1a: Alomomola|Protect||[still]
|-fail|p1a: Alomomola
|
|-heal|p1a: Alomomola|68/100|[from] move: Wish|[wisher] Alomomola
|upkeep
|turn|19
|
|t:|1779971848
|move|p1a: Alomomola|Protect|p1a: Alomomola
|-singleturn|p1a: Alomomola|Protect
|move|p2a: Arcanine|Head Smash|p1a: Alomomola
|-activate|p1a: Alomomola|move: Protect
|
|upkeep
|turn|20
|
|t:|1779971854
|move|p2a: Arcanine|Head Smash|p1a: Alomomola
|-damage|p1a: Alomomola|5/100
|-damage|p2a: Arcanine|38/100|[from] item: Rocky Helmet|[of] p1a: Alomomola
|move|p1a: Alomomola|Wish|p1a: Alomomola
|
|upkeep
|turn|21
|
|t:|1779971866
|move|p1a: Alomomola|Protect|p1a: Alomomola
|-singleturn|p1a: Alomomola|Protect
|move|p2a: Arcanine|Flare Blitz|p1a: Alomomola
|-activate|p1a: Alomomola|move: Protect
|
|-heal|p1a: Alomomola|55/100|[from] move: Wish|[wisher] Alomomola
|upkeep
|turn|22
|
|t:|1779971875
|switch|p1a: Weezing|Weezing-Galar, F|28/100
|-ability|p1a: Weezing|Neutralizing Gas
|-damage|p1a: Weezing|16/100|[from] Stealth Rock
|move|p2a: Arcanine|Head Smash|p1a: Weezing|[miss]
|-miss|p2a: Arcanine|p1a: Weezing
|
|-heal|p1a: Weezing|22/100|[from] item: Leftovers
|upkeep
|turn|23
|
|t:|1779971881
|move|p1a: Weezing|Protect|p1a: Weezing
|-singleturn|p1a: Weezing|Protect
|move|p2a: Arcanine|Flare Blitz|p1a: Weezing
|-activate|p1a: Weezing|move: Protect
|
|-heal|p1a: Weezing|28/100|[from] item: Leftovers
|upkeep
|turn|24
|
|t:|1779971894
|-end|p1a: Weezing|ability: Neutralizing Gas
|switch|p1a: Alomomola|Alomomola, M, tera:Ghost|89/100
|-damage|p1a: Alomomola|76/100|[from] Stealth Rock
|move|p2a: Arcanine|Flare Blitz|p1a: Alomomola
|-damage|p1a: Alomomola|42/100
|-damage|p2a: Arcanine|22/100|[from] item: Rocky Helmet|[of] p1a: Alomomola
|
|upkeep
|turn|25
|
|t:|1779971907
|switch|p1a: Iron Treads|Iron Treads|65/100
|-damage|p1a: Iron Treads|62/100|[from] Stealth Rock
|move|p2a: Arcanine|Flare Blitz|p1a: Iron Treads
|-supereffective|p1a: Iron Treads
|-damage|p1a: Iron Treads|0 fnt
|faint|p1a: Iron Treads
|-end|p1a: Iron Treads|Quark Drive|[silent]
|
|upkeep
|
|t:|1779971916
|switch|p1a: Zamazenta|Zamazenta|100/100
|-damage|p1a: Zamazenta|94/100|[from] Stealth Rock
|turn|26
|
|t:|1779971921
|switch|p2a: Whimsicott|Whimsicott, M, shiny|85/100
|move|p1a: Zamazenta|Heavy Slam|p2a: Whimsicott
|-supereffective|p2a: Whimsicott
|-damage|p2a: Whimsicott|0 fnt
|-damage|p1a: Zamazenta|78/100|[from] item: Rocky Helmet|[of] p2a: Whimsicott
|faint|p2a: Whimsicott
|
|upkeep
|
|t:|1779971939
|switch|p2a: Dragonite|Dragonite, F|100/100
|turn|27
|
|t:|1779971943
|switch|p1a: Alomomola|Alomomola, M, tera:Ghost|76/100
|-damage|p1a: Alomomola|63/100|[from] Stealth Rock
|move|p2a: Dragonite|Dragon Dance|p2a: Dragonite
|-boost|p2a: Dragonite|atk|1
|-boost|p2a: Dragonite|spe|1
|
|upkeep
|turn|28
|
|t:|1779971950
|move|p2a: Dragonite|Dragon Dance|p2a: Dragonite
|-boost|p2a: Dragonite|atk|1
|-boost|p2a: Dragonite|spe|1
|move|p1a: Alomomola|Tickle|p2a: Dragonite
|-unboost|p2a: Dragonite|atk|1
|-unboost|p2a: Dragonite|def|1
|
|upkeep
|turn|29
|
|t:|1779971956
|move|p2a: Dragonite|Earthquake|p1a: Alomomola
|-damage|p1a: Alomomola|26/100
|move|p1a: Alomomola|Tickle|p2a: Dragonite
|-unboost|p2a: Dragonite|atk|1
|-unboost|p2a: Dragonite|def|1
|
|upkeep
|turn|30
|
|t:|1779971966
|move|p2a: Dragonite|Dragon Dance|p2a: Dragonite
|-boost|p2a: Dragonite|atk|1
|-boost|p2a: Dragonite|spe|1
|move|p1a: Alomomola|Wish|p1a: Alomomola
|
|upkeep
|turn|31
|
|t:|1779971973
|move|p1a: Alomomola|Protect|p1a: Alomomola
|-singleturn|p1a: Alomomola|Protect
|move|p2a: Dragonite|Dragon Dance|p2a: Dragonite
|-boost|p2a: Dragonite|atk|1
|-boost|p2a: Dragonite|spe|1
|
|-heal|p1a: Alomomola|76/100|[from] move: Wish|[wisher] Alomomola
|upkeep
|turn|32
|
|t:|1779971976
|move|p2a: Dragonite|Earthquake|p1a: Alomomola
|-damage|p1a: Alomomola|30/100
|move|p1a: Alomomola|Tickle|p2a: Dragonite
|-unboost|p2a: Dragonite|atk|1
|-unboost|p2a: Dragonite|def|1
|
|upkeep
|turn|33
|
|t:|1779971997
|move|p2a: Dragonite|Earthquake|p1a: Alomomola
|-crit|p1a: Alomomola
|-damage|p1a: Alomomola|0 fnt
|faint|p1a: Alomomola
|
|upkeep
|
|t:|1779971999
|switch|p1a: Lokix|Lokix, M|100/100
|-damage|p1a: Lokix|76/100|[from] Stealth Rock
|turn|34
|inactive|braumuller has 120 seconds left.
|inactive|Lamperi0n has 120 seconds left.
|
|t:|1779972039
|switch|p2a: Zamazenta|Zamazenta, shiny|84/100
|move|p1a: Lokix|First Impression|p2a: Zamazenta
|-resisted|p2a: Zamazenta
|-damage|p2a: Zamazenta|19/100
|
|upkeep
|turn|35
|inactive|braumuller has 120 seconds left.
|
|t:|1779972052
|switch|p1a: Weezing|Weezing-Galar, F|28/100
|-ability|p1a: Weezing|Neutralizing Gas
|-damage|p1a: Weezing|16/100|[from] Stealth Rock
|move|p2a: Zamazenta|Close Combat|p1a: Weezing
|-resisted|p1a: Weezing
|-damage|p1a: Weezing|5/100
|-unboost|p2a: Zamazenta|def|1
|-unboost|p2a: Zamazenta|spd|1
|
|-heal|p1a: Weezing|11/100|[from] item: Leftovers
|upkeep
|turn|36
|
|t:|1779972065
|move|p2a: Zamazenta|Heavy Slam|p1a: Weezing
|-supereffective|p1a: Weezing
|-damage|p1a: Weezing|0 fnt
|faint|p1a: Weezing
|-end|p1a: Weezing|ability: Neutralizing Gas
|
|upkeep
|
|t:|1779972069
|switch|p1a: Lokix|Lokix, M|76/100
|-damage|p1a: Lokix|51/100|[from] Stealth Rock
|turn|37
|
|t:|1779972076
|switch|p1a: Tornadus|Tornadus-Therian, M|100/100
|-damage|p1a: Tornadus|76/100|[from] Stealth Rock
|move|p2a: Zamazenta|Close Combat|p1a: Tornadus
|-resisted|p1a: Tornadus
|-damage|p1a: Tornadus|43/100
|-unboost|p2a: Zamazenta|def|1
|-unboost|p2a: Zamazenta|spd|1
|
|upkeep
|turn|38
|
|t:|1779972083
|move|p2a: Zamazenta|Ice Fang|p1a: Tornadus
|-supereffective|p1a: Tornadus
|-damage|p1a: Tornadus|0 fnt
|faint|p1a: Tornadus
|
|upkeep
|
|t:|1779972088
|switch|p1a: Zamazenta|Zamazenta|78/100
|-damage|p1a: Zamazenta|72/100|[from] Stealth Rock
|turn|39
|
|t:|1779972091
|move|p2a: Zamazenta|Close Combat|p1a: Zamazenta
|-damage|p1a: Zamazenta|19/100
|-unboost|p2a: Zamazenta|def|1
|-unboost|p2a: Zamazenta|spd|1
|move|p1a: Zamazenta|Stone Edge|p2a: Zamazenta
|-resisted|p2a: Zamazenta
|-damage|p2a: Zamazenta|0 fnt
|faint|p2a: Zamazenta
|
|upkeep
|
|t:|1779972101
|switch|p2a: Arcanine|Arcanine-Hisui, F, shiny, tera:Rock|22/100
|turn|40
|
|t:|1779972104
|move|p2a: Arcanine|Extreme Speed|p1a: Zamazenta
|-damage|p1a: Zamazenta|0 fnt
|faint|p1a: Zamazenta
|
|upkeep
|
|t:|1779972106
|switch|p1a: Lokix|Lokix, M|51/100
|-damage|p1a: Lokix|26/100|[from] Stealth Rock
|turn|41
|
|t:|1779972109
|move|p2a: Arcanine|Extreme Speed|p1a: Lokix
|-damage|p1a: Lokix|0 fnt
|faint|p1a: Lokix
|
|win|braumuller
|raw|Lamperi0n's rating: 1499 &rarr; <strong>1477</strong><br />(-22 for losing)
|raw|braumuller's rating: 1465 &rarr; <strong>1487</strong><br />(+22 for winning)
|l|☆Lamperi0n
|player|p1|
|l|☆braumuller
|player|p2|
