|j|☆MrsDelacerna
|j|☆claudechamp
|t:|1779878835
|gametype|singles
|player|p1|MrsDelacerna|lucas|1171
|player|p2|claudechamp|169|1241
|gen|9
|tier|[Gen 9] OU
|rated|
|rule|HP Percentage Mod: HP is shown in percentages
|rule|Endless Battle Clause: Forcing endless battles is banned
|rule|Species Clause: Limit one of each Pokémon
|rule|OHKO Clause: OHKO moves are banned
|rule|Evasion Items Clause: Evasion items are banned
|rule|Evasion Moves Clause: Evasion moves are banned
|rule|Evasion Abilities Clause: Evasion abilities are banned
|rule|Sleep Moves Clause: Sleep-inducing moves are banned
|clearpoke
|poke|p1|Kommo-o, F|
|poke|p1|Grimmsnarl, M|
|poke|p1|Gholdengo|
|poke|p1|Scizor, M|
|poke|p1|Dragapult, F|
|poke|p1|Kingambit, M|
|poke|p2|Corviknight, F|
|poke|p2|Ting-Lu|
|poke|p2|Kyurem|
|poke|p2|Dondozo, M|
|poke|p2|Slowking-Galar, M|
|poke|p2|Cinderace, F|
|teampreview
|c|☆claudechamp|hf
|inactive|Battle timer is ON: inactive players will automatically lose when time's up. (requested by MrsDelacerna)
|inactive|claudechamp also wants the timer to be on.
|
|t:|1779878843
|teamsize|p1|6
|teamsize|p2|6
|start
|switch|p1a: Scizor|Scizor, M|100/100
|switch|p2a: Cinderace|Cinderace, F|100/100
|turn|1
|
|t:|1779878852
|switch|p1a: Grimmsnarl|Grimmsnarl, M|100/100
|move|p2a: Cinderace|Pyro Ball|p1a: Grimmsnarl
|-damage|p1a: Grimmsnarl|58/100
|
|upkeep
|turn|2
|
|t:|1779878858
|move|p1a: Grimmsnarl|Reflect|p1a: Grimmsnarl
|-sidestart|p1: MrsDelacerna|Reflect
|move|p2a: Cinderace|Pyro Ball|p1a: Grimmsnarl
|-damage|p1a: Grimmsnarl|36/100
|
|upkeep
|turn|3
|
|t:|1779878864
|move|p1a: Grimmsnarl|Taunt|p2a: Cinderace
|-start|p2a: Cinderace|move: Taunt
|move|p2a: Cinderace|Pyro Ball|p1a: Grimmsnarl
|-damage|p1a: Grimmsnarl|13/100
|
|upkeep
|turn|4
|
|t:|1779878871
|move|p1a: Grimmsnarl|Parting Shot|p2a: Cinderace
|-unboost|p2a: Cinderace|atk|1
|-unboost|p2a: Cinderace|spa|1
|
|t:|1779878879
|switch|p1a: Dragapult|Dragapult, F|100/100|[from] Parting Shot
|move|p2a: Cinderace|Pyro Ball|p1a: Dragapult
|-resisted|p1a: Dragapult
|-damage|p1a: Dragapult|90/100
|
|upkeep
|turn|5
|
|t:|1779878890
|switch|p2a: Kyurem|Kyurem|100/100
|-ability|p2a: Kyurem|Pressure
|move|p1a: Dragapult|Shadow Ball|p2a: Kyurem
|-damage|p2a: Kyurem|63/100
|
|-heal|p2a: Kyurem|69/100|[from] item: Leftovers
|upkeep
|turn|6
|
|t:|1779878900
|move|p1a: Dragapult|Draco Meteor|p2a: Kyurem
|-supereffective|p2a: Kyurem
|-damage|p2a: Kyurem|0 fnt
|-unboost|p1a: Dragapult|spa|2
|faint|p2a: Kyurem
|
|upkeep
|
|t:|1779878904
|switch|p2a: Ting-Lu|Ting-Lu|100/100
|-ability|p2a: Ting-Lu|Vessel of Ruin
|turn|7
|
|t:|1779878910
|switch|p1a: Scizor|Scizor, M|100/100
|move|p2a: Ting-Lu|Earthquake|p1a: Scizor
|-damage|p1a: Scizor|78/100
|
|upkeep
|turn|8
|
|t:|1779878917
|move|p1a: Scizor|Close Combat|p2a: Ting-Lu
|-supereffective|p2a: Ting-Lu
|-damage|p2a: Ting-Lu|31/100
|-unboost|p1a: Scizor|def|1
|-unboost|p1a: Scizor|spd|1
|-damage|p1a: Scizor|68/100|[from] item: Life Orb
|move|p2a: Ting-Lu|Earthquake|p1a: Scizor
|-damage|p1a: Scizor|35/100
|
|-heal|p2a: Ting-Lu|37/100|[from] item: Leftovers
|upkeep
|turn|9
|
|t:|1779878929
|switch|p2a: Corviknight|Corviknight, F|100/100
|-ability|p2a: Corviknight|Pressure
|move|p1a: Scizor|U-turn|p2a: Corviknight
|-resisted|p2a: Corviknight
|-damage|p2a: Corviknight|92/100
|-damage|p1a: Scizor|19/100|[from] item: Rocky Helmet|[of] p2a: Corviknight
|-damage|p1a: Scizor|9/100|[from] item: Life Orb
|
|t:|1779878940
|switch|p1a: Gholdengo|Gholdengo|100/100|[from] U-turn
|-item|p1a: Gholdengo|Air Balloon
|
|-sideend|p1: MrsDelacerna|Reflect
|upkeep
|turn|10
|
|t:|1779878948
|move|p1a: Gholdengo|Nasty Plot|p1a: Gholdengo
|-boost|p1a: Gholdengo|spa|2
|move|p2a: Corviknight|U-turn|p1a: Gholdengo
|-resisted|p1a: Gholdengo
|-damage|p1a: Gholdengo|97/100
|-enditem|p1a: Gholdengo|Air Balloon
|
|t:|1779878952
|switch|p2a: Cinderace|Cinderace, F|100/100|[from] U-turn
|
|upkeep
|turn|11
|
|t:|1779878961
|-terastallize|p1a: Gholdengo|Flying
|move|p2a: Cinderace|Pyro Ball|p1a: Gholdengo
|-damage|p1a: Gholdengo|45/100
|move|p1a: Gholdengo|Shadow Ball|p2a: Cinderace
|-damage|p2a: Cinderace|0 fnt
|faint|p2a: Cinderace
|
|upkeep
|
|t:|1779878965
|switch|p2a: Slowking|Slowking-Galar, M|100/100
|turn|12
|
|t:|1779878973
|-terastallize|p2a: Slowking|Water
|move|p1a: Gholdengo|Shadow Ball|p2a: Slowking
|-damage|p2a: Slowking|33/100
|move|p2a: Slowking|Ice Beam|p1a: Gholdengo
|-supereffective|p1a: Gholdengo
|-damage|p1a: Gholdengo|0 fnt
|faint|p1a: Gholdengo
|
|upkeep
|
|t:|1779878993
|switch|p1a: Grimmsnarl|Grimmsnarl, M|13/100
|turn|13
|
|t:|1779879001
|move|p1a: Grimmsnarl|Light Screen|p1a: Grimmsnarl
|-sidestart|p1: MrsDelacerna|move: Light Screen
|move|p2a: Slowking|Ice Beam|p1a: Grimmsnarl
|-damage|p1a: Grimmsnarl|3/100
|
|upkeep
|turn|14
|
|t:|1779879007
|switch|p2a: Ting-Lu|Ting-Lu|37/100
|-ability|p2a: Ting-Lu|Vessel of Ruin
|move|p1a: Grimmsnarl|Reflect|p1a: Grimmsnarl
|-sidestart|p1: MrsDelacerna|Reflect
|
|-heal|p2a: Ting-Lu|44/100|[from] item: Leftovers
|upkeep
|turn|15
|
|t:|1779879021
|move|p1a: Grimmsnarl|Parting Shot|p2a: Ting-Lu
|-hint|Since gen 7, Dark is immune to Prankster moves.
|-immune|p2a: Ting-Lu
|move|p2a: Ting-Lu|Earthquake|p1a: Grimmsnarl
|-damage|p1a: Grimmsnarl|0 fnt
|faint|p1a: Grimmsnarl
|
|-heal|p2a: Ting-Lu|50/100|[from] item: Leftovers
|upkeep
|
|t:|1779879032
|switch|p1a: Scizor|Scizor, M|9/100
|turn|16
|
|t:|1779879036
|switch|p1a: Dragapult|Dragapult, F|90/100
|switch|p2a: Slowking|Slowking-Galar, M, tera:Water|67/100
|
|upkeep
|turn|17
|
|t:|1779879047
|switch|p2a: Ting-Lu|Ting-Lu|50/100
|-ability|p2a: Ting-Lu|Vessel of Ruin
|move|p1a: Dragapult|Shadow Ball|p2a: Ting-Lu
|-resisted|p2a: Ting-Lu
|-damage|p2a: Ting-Lu|41/100
|
|-heal|p2a: Ting-Lu|47/100|[from] item: Leftovers
|upkeep
|turn|18
|
|t:|1779879059
|move|p1a: Dragapult|U-turn|p2a: Ting-Lu
|-supereffective|p2a: Ting-Lu
|-damage|p2a: Ting-Lu|29/100
|
|t:|1779879066
|switch|p1a: Kommo-o|Kommo-o, F|100/100|[from] U-turn
|move|p2a: Ting-Lu|Payback|p1a: Kommo-o
|-resisted|p1a: Kommo-o
|-damage|p1a: Kommo-o|96/100
|
|-heal|p2a: Ting-Lu|36/100|[from] item: Leftovers
|upkeep
|turn|19
|
|t:|1779879075
|move|p1a: Kommo-o|Clangorous Soul|p1a: Kommo-o
|-boost|p1a: Kommo-o|atk|1
|-boost|p1a: Kommo-o|def|1
|-boost|p1a: Kommo-o|spa|1
|-boost|p1a: Kommo-o|spd|1
|-boost|p1a: Kommo-o|spe|1
|-damage|p1a: Kommo-o|63/100
|-enditem|p1a: Kommo-o|Throat Spray
|-boost|p1a: Kommo-o|spa|1|[from] item: Throat Spray
|move|p2a: Ting-Lu|Earthquake|p1a: Kommo-o
|-damage|p1a: Kommo-o|51/100
|
|-heal|p2a: Ting-Lu|42/100|[from] item: Leftovers
|upkeep
|turn|20
|
|t:|1779879090
|move|p1a: Kommo-o|Clangorous Soul|p1a: Kommo-o
|-boost|p1a: Kommo-o|atk|1
|-boost|p1a: Kommo-o|def|1
|-boost|p1a: Kommo-o|spa|1
|-boost|p1a: Kommo-o|spd|1
|-boost|p1a: Kommo-o|spe|1
|-damage|p1a: Kommo-o|18/100
|move|p2a: Ting-Lu|Earthquake|p1a: Kommo-o
|-damage|p1a: Kommo-o|10/100
|
|-heal|p2a: Ting-Lu|48/100|[from] item: Leftovers
|-sideend|p1: MrsDelacerna|move: Light Screen
|upkeep
|turn|21
|
|t:|1779879103
|switch|p2a: Slowking|Slowking-Galar, M, tera:Water|99/100
|move|p1a: Kommo-o|Clanging Scales|p2a: Slowking
|-damage|p2a: Slowking|7/100
|-unboost|p1a: Kommo-o|def|1
|
|-sideend|p1: MrsDelacerna|Reflect
|upkeep
|turn|22
|
|t:|1779879112
|switch|p2a: Dondozo|Dondozo, M|100/100
|move|p1a: Kommo-o|Clanging Scales|p2a: Dondozo
|-damage|p2a: Dondozo|68/100
|-unboost|p1a: Kommo-o|def|1
|
|-heal|p2a: Dondozo|74/100|[from] item: Leftovers
|upkeep
|turn|23
|
|t:|1779879123
|move|p1a: Kommo-o|Clanging Scales|p2a: Dondozo
|-damage|p2a: Dondozo|44/100
|-unboost|p1a: Kommo-o|def|1
|move|p2a: Dondozo|Waterfall|p1a: Kommo-o
|-resisted|p1a: Kommo-o
|-damage|p1a: Kommo-o|0 fnt
|faint|p1a: Kommo-o
|
|-heal|p2a: Dondozo|50/100|[from] item: Leftovers
|upkeep
|
|t:|1779879139
|switch|p1a: Dragapult|Dragapult, F|90/100
|turn|24
|
|t:|1779879145
|move|p1a: Dragapult|Draco Meteor|p2a: Dondozo
|-damage|p2a: Dondozo|15/100
|-unboost|p1a: Dragapult|spa|2
|move|p2a: Dondozo|Rest|p2a: Dondozo
|-status|p2a: Dondozo|slp|[from] move: Rest
|-heal|p2a: Dondozo|100/100 slp|[silent]
|
|upkeep
|turn|25
|
|t:|1779879155
|switch|p1a: Scizor|Scizor, M|9/100
|switch|p2a: Slowking|Slowking-Galar, M, tera:Water|40/100
|
|upkeep
|turn|26
|
|t:|1779879165
|switch|p2a: Corviknight|Corviknight, F|92/100
|-ability|p2a: Corviknight|Pressure
|move|p1a: Scizor|Knock Off|p2a: Corviknight
|-damage|p2a: Corviknight|64/100
|-damage|p1a: Scizor|0 fnt|[from] item: Rocky Helmet|[of] p2a: Corviknight
|faint|p1a: Scizor
|
|upkeep
|
|t:|1779879178
|switch|p1a: Dragapult|Dragapult, F|90/100
|turn|27
|
|t:|1779879186
|switch|p2a: Ting-Lu|Ting-Lu|48/100
|-ability|p2a: Ting-Lu|Vessel of Ruin
|move|p1a: Dragapult|U-turn|p2a: Ting-Lu
|-supereffective|p2a: Ting-Lu
|-damage|p2a: Ting-Lu|29/100
|
|t:|1779879193
|switch|p1a: Kingambit|Kingambit, M|100/100|[from] U-turn
|-activate|p1a: Kingambit|ability: Supreme Overlord
|-start|p1a: Kingambit|fallen4|[silent]
|
|-heal|p2a: Ting-Lu|35/100|[from] item: Leftovers
|upkeep
|turn|28
|
|t:|1779879205
|move|p1a: Kingambit|Low Kick|p2a: Ting-Lu
|-supereffective|p2a: Ting-Lu
|-damage|p2a: Ting-Lu|0 fnt
|faint|p2a: Ting-Lu
|
|upkeep
|
|t:|1779879217
|switch|p2a: Corviknight|Corviknight, F|64/100
|-ability|p2a: Corviknight|Pressure
|turn|29
|
|t:|1779879231
|move|p2a: Corviknight|Brave Bird|p1a: Kingambit
|-resisted|p1a: Kingambit
|-damage|p1a: Kingambit|87/100
|-damage|p2a: Corviknight|60/100|[from] Recoil
|move|p1a: Kingambit|Swords Dance|p1a: Kingambit
|-boost|p1a: Kingambit|atk|2
|
|upkeep
|turn|30
|
|t:|1779879241
|move|p2a: Corviknight|Brave Bird|p1a: Kingambit
|-resisted|p1a: Kingambit
|-damage|p1a: Kingambit|72/100
|-damage|p2a: Corviknight|55/100|[from] Recoil
|move|p1a: Kingambit|Swords Dance|p1a: Kingambit
|-boost|p1a: Kingambit|atk|2
|
|upkeep
|turn|31
|
|t:|1779879250
|switch|p2a: Dondozo|Dondozo, M|100/100 slp
|move|p1a: Kingambit|Kowtow Cleave|p2a: Dondozo
|-damage|p2a: Dondozo|60/100 slp
|
|-heal|p2a: Dondozo|66/100 slp|[from] item: Leftovers
|upkeep
|turn|32
|
|t:|1779879260
|move|p1a: Kingambit|Kowtow Cleave|p2a: Dondozo
|-damage|p2a: Dondozo|24/100 slp
|cant|p2a: Dondozo|slp
|
|-heal|p2a: Dondozo|30/100 slp|[from] item: Leftovers
|upkeep
|turn|33
|
|t:|1779879270
|switch|p2a: Corviknight|Corviknight, F|55/100
|-ability|p2a: Corviknight|Pressure
|move|p1a: Kingambit|Kowtow Cleave|p2a: Corviknight
|-damage|p2a: Corviknight|0 fnt
|-damage|p1a: Kingambit|56/100|[from] item: Rocky Helmet|[of] p2a: Corviknight
|faint|p2a: Corviknight
|
|upkeep
|
|t:|1779879279
|switch|p2a: Slowking|Slowking-Galar, M, tera:Water|73/100
|turn|34
|
|t:|1779879288
|move|p1a: Kingambit|Sucker Punch|p2a: Slowking
|-damage|p2a: Slowking|0 fnt
|faint|p2a: Slowking
|
|upkeep
|
|t:|1779879297
|switch|p2a: Dondozo|Dondozo, M|30/100 slp
|turn|35
|
|t:|1779879303
|move|p1a: Kingambit|Kowtow Cleave|p2a: Dondozo
|-damage|p2a: Dondozo|0 fnt
|faint|p2a: Dondozo
|
|win|MrsDelacerna
|raw|MrsDelacerna's rating: 1171 &rarr; <strong>1207</strong><br />(+36 for winning)
|raw|claudechamp's rating: 1336 &rarr; <strong>1307</strong><br />(-29 for losing)
|c|☆claudechamp|gg
|c|☆MrsDelacerna|Gg
