|j|☆play party
|j|☆Kogasscarf
|t:|1779805715
|gametype|singles
|player|p1|play party|170|1354
|player|p2|Kogasscarf|koga|1358
|gen|9
|tier|[Gen 9] OU
|rated|
|rule|HP Percentage Mod: HP is shown in percentages
|rule|Endless Battle Clause: Forcing endless battles is banned
|rule|Species Clause: Limit one of each Pokémon
|rule|OHKO Clause: OHKO moves are banned
|rule|Evasion Items Clause: Evasion items are banned
|rule|Evasion Moves Clause: Evasion moves are banned
|rule|Evasion Abilities Clause: Evasion abilities are banned
|rule|Sleep Moves Clause: Sleep-inducing moves are banned
|clearpoke
|poke|p1|Mew|
|poke|p1|Iron Valiant|
|poke|p1|Iron Treads|
|poke|p1|Raging Bolt|
|poke|p1|Golem-Alola, M|
|poke|p1|Iron Jugulis|
|poke|p2|Deoxys-Speed|
|poke|p2|Iron Treads|
|poke|p2|Zamazenta-*|
|poke|p2|Iron Moth|
|poke|p2|Dragonite, M|
|poke|p2|Gholdengo|
|teampreview
|inactive|Battle timer is ON: inactive players will automatically lose when time's up. (requested by Kogasscarf)
|
|t:|1779805738
|teamsize|p1|6
|teamsize|p2|6
|start
|switch|p1a: Mew|Mew|100/100
|switch|p2a: Deoxys|Deoxys-Speed, shiny|100/100
|-ability|p2a: Deoxys|Pressure
|turn|1
|
|t:|1779805744
|move|p2a: Deoxys|Light Screen|p2a: Deoxys
|-sidestart|p2: Kogasscarf|move: Light Screen
|move|p1a: Mew|Stealth Rock|p2a: Deoxys
|-sidestart|p2: Kogasscarf|move: Stealth Rock
|
|upkeep
|turn|2
|
|t:|1779805748
|move|p2a: Deoxys|Reflect|p2a: Deoxys
|-sidestart|p2: Kogasscarf|Reflect
|move|p1a: Mew|Future Sight|p2a: Deoxys
|-start|p1a: Mew|move: Future Sight
|
|upkeep
|turn|3
|
|t:|1779805754
|switch|p2a: Gholdengo|Gholdengo|100/100
|-damage|p2a: Gholdengo|94/100|[from] Stealth Rock
|move|p1a: Mew|Electric Terrain|p1a: Mew
|-fieldstart|move: Electric Terrain
|
|-heal|p2a: Gholdengo|100/100|[from] item: Leftovers
|upkeep
|turn|4
|
|t:|1779805764
|move|p1a: Mew|Volt Switch|p2a: Gholdengo
|-damage|p2a: Gholdengo|86/100
|
|t:|1779805771
|switch|p1a: Iron Jugulis|Iron Jugulis|100/100|[from] Volt Switch
|-activate|p1a: Iron Jugulis|ability: Quark Drive
|-start|p1a: Iron Jugulis|quarkdrivespd
|move|p2a: Gholdengo|Nasty Plot|p2a: Gholdengo
|-boost|p2a: Gholdengo|spa|2
|
|-end|p2a: Gholdengo|move: Future Sight
|-resisted|p2a: Gholdengo
|-damage|p2a: Gholdengo|72/100
|-heal|p2a: Gholdengo|78/100|[from] item: Leftovers
|upkeep
|turn|5
|
|t:|1779805783
|-terastallize|p2a: Gholdengo|Flying
|move|p1a: Iron Jugulis|Dark Pulse|p2a: Gholdengo
|-damage|p2a: Gholdengo|63/100
|move|p2a: Gholdengo|Make It Rain|p1a: Iron Jugulis
|-damage|p1a: Iron Jugulis|53/100
|-unboost|p2a: Gholdengo|spa|1
|
|-heal|p2a: Gholdengo|69/100|[from] item: Leftovers
|upkeep
|turn|6
|
|t:|1779805797
|move|p1a: Iron Jugulis|Dark Pulse|p2a: Gholdengo
|-damage|p2a: Gholdengo|51/100
|move|p2a: Gholdengo|Shadow Ball|p1a: Iron Jugulis
|-resisted|p1a: Iron Jugulis
|-damage|p1a: Iron Jugulis|41/100
|
|-heal|p2a: Gholdengo|57/100|[from] item: Leftovers
|upkeep
|turn|7
|
|t:|1779805810
|move|p1a: Iron Jugulis|Dark Pulse|p2a: Gholdengo
|-damage|p2a: Gholdengo|39/100
|move|p2a: Gholdengo|Make It Rain|p1a: Iron Jugulis
|-damage|p1a: Iron Jugulis|5/100
|-unboost|p2a: Gholdengo|spa|1
|
|-heal|p2a: Gholdengo|45/100|[from] item: Leftovers
|upkeep
|turn|8
|
|t:|1779805821
|move|p1a: Iron Jugulis|Air Slash|p2a: Gholdengo
|-damage|p2a: Gholdengo|30/100
|move|p2a: Gholdengo|Shadow Ball|p1a: Iron Jugulis
|-resisted|p1a: Iron Jugulis
|-damage|p1a: Iron Jugulis|0 fnt
|faint|p1a: Iron Jugulis
|-end|p1a: Iron Jugulis|Quark Drive|[silent]
|
|-heal|p2a: Gholdengo|36/100|[from] item: Leftovers
|-sideend|p2: Kogasscarf|move: Light Screen
|upkeep
|
|t:|1779805829
|switch|p1a: Iron Treads|Iron Treads|100/100
|-activate|p1a: Iron Treads|ability: Quark Drive
|-start|p1a: Iron Treads|quarkdrivespe
|turn|9
|
|t:|1779805833
|move|p1a: Iron Treads|Knock Off|p2a: Gholdengo
|-damage|p2a: Gholdengo|23/100
|-enditem|p2a: Gholdengo|Leftovers|[from] move: Knock Off|[of] p1a: Iron Treads
|move|p2a: Gholdengo|Shadow Ball|p1a: Iron Treads
|-damage|p1a: Iron Treads|33/100
|-unboost|p1a: Iron Treads|spd|1
|
|-sideend|p2: Kogasscarf|Reflect
|upkeep
|turn|10
|
|t:|1779805841
|move|p1a: Iron Treads|Volt Switch|p2a: Gholdengo
|-supereffective|p2a: Gholdengo
|-damage|p2a: Gholdengo|0 fnt
|faint|p2a: Gholdengo
|
|t:|1779805844
|-end|p1a: Iron Treads|Quark Drive|[silent]
|switch|p1a: Mew|Mew|100/100|[from] Volt Switch
|
|-fieldend|move: Electric Terrain
|upkeep
|
|t:|1779805852
|switch|p2a: Iron Treads|Iron Treads|100/100
|-damage|p2a: Iron Treads|98/100|[from] Stealth Rock
|turn|11
|
|t:|1779805859
|move|p2a: Iron Treads|Rapid Spin|p1a: Mew
|-damage|p1a: Mew|93/100
|-boost|p2a: Iron Treads|spe|1
|-sideend|p2: Kogasscarf|Stealth Rock|[from] move: Rapid Spin|[of] p2a: Iron Treads
|move|p1a: Mew|Electric Terrain|p1a: Mew
|-fieldstart|move: Electric Terrain
|-activate|p2a: Iron Treads|ability: Quark Drive
|-start|p2a: Iron Treads|quarkdrivespe
|
|upkeep
|turn|12
|
|t:|1779805867
|move|p2a: Iron Treads|Stealth Rock|p1a: Mew
|-sidestart|p1: play party|move: Stealth Rock
|move|p1a: Mew|Stealth Rock|p2a: Iron Treads
|-sidestart|p2: Kogasscarf|move: Stealth Rock
|
|upkeep
|turn|13
|
|t:|1779805887
|switch|p1a: Iron Valiant|Iron Valiant|100/100
|-damage|p1a: Iron Valiant|94/100|[from] Stealth Rock
|-activate|p1a: Iron Valiant|ability: Quark Drive
|-start|p1a: Iron Valiant|quarkdrivespe
|move|p2a: Iron Treads|Rapid Spin|p1a: Iron Valiant
|-damage|p1a: Iron Valiant|79/100
|-boost|p2a: Iron Treads|spe|1
|-sideend|p2: Kogasscarf|Stealth Rock|[from] move: Rapid Spin|[of] p2a: Iron Treads
|
|upkeep
|turn|14
|
|t:|1779805901
|move|p2a: Iron Treads|Steel Beam|p1a: Iron Valiant
|-supereffective|p1a: Iron Valiant
|-damage|p1a: Iron Valiant|0 fnt
|-damage|p2a: Iron Treads|48/100|[from] steelbeam
|faint|p1a: Iron Valiant
|-end|p1a: Iron Valiant|Quark Drive|[silent]
|
|upkeep
|
|t:|1779805908
|switch|p1a: Iron Treads|Iron Treads|33/100
|-activate|p1a: Iron Treads|ability: Quark Drive
|-start|p1a: Iron Treads|quarkdrivespe
|turn|15
|
|t:|1779805918
|move|p2a: Iron Treads|Steel Beam|p1a: Iron Treads
|-resisted|p1a: Iron Treads
|-damage|p1a: Iron Treads|0 fnt
|-damage|p2a: Iron Treads|0 fnt|[from] steelbeam
|faint|p2a: Iron Treads
|-end|p2a: Iron Treads|Quark Drive|[silent]
|faint|p1a: Iron Treads
|-end|p1a: Iron Treads|Quark Drive|[silent]
|
|upkeep
|
|t:|1779805928
|switch|p1a: Raging Bolt|Raging Bolt|100/100
|switch|p2a: Iron Moth|Iron Moth|100/100
|-damage|p1a: Raging Bolt|88/100|[from] Stealth Rock
|-activate|p2a: Iron Moth|ability: Quark Drive
|-start|p2a: Iron Moth|quarkdrivespa
|-enditem|p1a: Raging Bolt|Booster Energy
|-activate|p1a: Raging Bolt|ability: Protosynthesis|[fromitem]
|-start|p1a: Raging Bolt|protosynthesisspa
|turn|16
|
|t:|1779805939
|move|p2a: Iron Moth|Dazzling Gleam|p1a: Raging Bolt
|-supereffective|p1a: Raging Bolt
|-crit|p1a: Raging Bolt
|-damage|p1a: Raging Bolt|0 fnt
|faint|p1a: Raging Bolt
|-end|p1a: Raging Bolt|Protosynthesis|[silent]
|
|upkeep
|
|t:|1779805946
|switch|p1a: Golem|Golem-Alola, M|100/100
|-damage|p1a: Golem|88/100|[from] Stealth Rock
|turn|17
|
|t:|1779805951
|-terastallize|p1a: Golem|Grass
|move|p2a: Iron Moth|Dazzling Gleam|p1a: Golem
|-damage|p1a: Golem|14/100
|move|p1a: Golem|Facade|p2a: Iron Moth
|-damage|p2a: Iron Moth|14/100
|
|-heal|p1a: Golem|20/100|[from] item: Leftovers
|upkeep
|turn|18
|
|t:|1779805958
|move|p2a: Iron Moth|Dazzling Gleam|p1a: Golem
|-damage|p1a: Golem|0 fnt
|faint|p1a: Golem
|
|-fieldend|move: Electric Terrain
|-end|p2a: Iron Moth|Quark Drive
|upkeep
|
|t:|1779805960
|switch|p1a: Mew|Mew|93/100
|-damage|p1a: Mew|80/100|[from] Stealth Rock
|turn|19
|
|t:|1779805963
|move|p2a: Iron Moth|Dazzling Gleam|p1a: Mew
|-damage|p1a: Mew|44/100
|move|p1a: Mew|Volt Switch|p2a: Iron Moth
|-crit|p2a: Iron Moth
|-damage|p2a: Iron Moth|0 fnt
|faint|p2a: Iron Moth
|-end|p2a: Iron Moth|Quark Drive|[silent]
|
|upkeep
|
|t:|1779805967
|switch|p2a: Dragonite|Dragonite, M, shiny|100/100
|turn|20
|-message|play party forfeited.
|
|win|Kogasscarf
|raw|play party's rating: 1354 &rarr; <strong>1334</strong><br />(-20 for losing)
|raw|Kogasscarf's rating: 1358 &rarr; <strong>1378</strong><br />(+20 for winning)
|l|☆play party
|player|p1|
|l|☆Kogasscarf
|player|p2|
