|j|☆fractal_face
|j|☆kugoarar
|t:|1779954693
|gametype|singles
|player|p1|fractal_face|ghetsis-gen5bw|1121
|player|p2|kugoarar|lance|1161
|gen|9
|tier|[Gen 9] OU
|rated|
|rule|HP Percentage Mod: HP is shown in percentages
|rule|Endless Battle Clause: Forcing endless battles is banned
|rule|Species Clause: Limit one of each Pokémon
|rule|OHKO Clause: OHKO moves are banned
|rule|Evasion Items Clause: Evasion items are banned
|rule|Evasion Moves Clause: Evasion moves are banned
|rule|Evasion Abilities Clause: Evasion abilities are banned
|rule|Sleep Moves Clause: Sleep-inducing moves are banned
|clearpoke
|poke|p1|Enamorus, F|
|poke|p1|Regieleki|
|poke|p1|Toxapex, F|
|poke|p1|Smeargle, M|
|poke|p1|Grimmsnarl, M|
|poke|p1|Corviknight, M|
|poke|p2|Garganacl, M|
|poke|p2|Corviknight, M|
|poke|p2|Dondozo, F|
|poke|p2|Ting-Lu|
|poke|p2|Arboliva, M|
|poke|p2|Alomomola, M|
|teampreview
|inactive|Battle timer is ON: inactive players will automatically lose when time's up. (requested by fractal_face)
|inactive|kugoarar has 120 seconds left.
|
|t:|1779954733
|teamsize|p1|6
|teamsize|p2|6
|start
|switch|p1a: Smeargle|Smeargle, M, shiny|100/100
|switch|p2a: Ting-Lu|Ting-Lu|100/100
|-ability|p2a: Ting-Lu|Vessel of Ruin
|turn|1
|
|t:|1779954759
|move|p1a: Smeargle|Shell Smash|p1a: Smeargle
|-unboost|p1a: Smeargle|def|1
|-unboost|p1a: Smeargle|spd|1
|-boost|p1a: Smeargle|atk|2
|-boost|p1a: Smeargle|spa|2
|-boost|p1a: Smeargle|spe|2
|-enditem|p1a: Smeargle|White Herb
|-clearnegativeboost|p1a: Smeargle|[silent]
|move|p2a: Ting-Lu|Stealth Rock|p1a: Smeargle
|-sidestart|p1: fractal_face|move: Stealth Rock
|
|upkeep
|turn|2
|
|t:|1779954768
|-terastallize|p1a: Smeargle|Water
|move|p1a: Smeargle|Surging Strikes|p2a: Ting-Lu
|-supereffective|p2a: Ting-Lu
|-crit|p2a: Ting-Lu
|-damage|p2a: Ting-Lu|71/100
|-supereffective|p2a: Ting-Lu
|-crit|p2a: Ting-Lu
|-damage|p2a: Ting-Lu|43/100
|-supereffective|p2a: Ting-Lu
|-crit|p2a: Ting-Lu
|-damage|p2a: Ting-Lu|15/100
|-hitcount|p2a: Ting-Lu|3
|move|p2a: Ting-Lu|Earthquake|p1a: Smeargle
|-damage|p1a: Smeargle|0 fnt
|faint|p1a: Smeargle
|
|-heal|p2a: Ting-Lu|21/100|[from] item: Leftovers
|upkeep
|
|t:|1779954782
|switch|p1a: Enamorus|Enamorus, F, shiny|100/100
|-damage|p1a: Enamorus|76/100|[from] Stealth Rock
|turn|3
|
|t:|1779954788
|switch|p2a: Alomomola|Alomomola, M|100/100
|move|p1a: Enamorus|Superpower|p2a: Alomomola
|-damage|p2a: Alomomola|69/100
|-boost|p1a: Enamorus|atk|1
|-boost|p1a: Enamorus|def|1
|
|upkeep
|turn|4
|
|t:|1779954804
|move|p1a: Enamorus|Play Rough|p2a: Alomomola
|-damage|p2a: Alomomola|17/100
|move|p2a: Alomomola|Wish|p2a: Alomomola
|
|upkeep
|turn|5
|
|t:|1779954815
|switch|p2a: Corviknight|Corviknight, M, shiny|100/100
|-ability|p2a: Corviknight|Pressure
|move|p1a: Enamorus|Superpower|p2a: Corviknight
|-damage|p2a: Corviknight|62/100
|-boost|p1a: Enamorus|atk|1
|-boost|p1a: Enamorus|def|1
|
|-heal|p2a: Corviknight|100/100|[from] move: Wish|[wisher] Alomomola
|upkeep
|turn|6
|
|t:|1779954833
|move|p1a: Enamorus|Superpower|p2a: Corviknight
|-damage|p2a: Corviknight|50/100
|-boost|p1a: Enamorus|atk|1
|-boost|p1a: Enamorus|def|1
|move|p2a: Corviknight|Body Press|p1a: Enamorus
|-resisted|p1a: Enamorus
|-damage|p1a: Enamorus|72/100
|
|-heal|p2a: Corviknight|56/100|[from] item: Leftovers
|upkeep
|turn|7
|
|t:|1779954841
|move|p1a: Enamorus|Superpower|p2a: Corviknight
|-damage|p2a: Corviknight|0 fnt
|-boost|p1a: Enamorus|atk|1
|-boost|p1a: Enamorus|def|1
|faint|p2a: Corviknight
|
|upkeep
|
|t:|1779954853
|switch|p2a: Garganacl|Garganacl, M, shiny|100/100
|turn|8
|
|t:|1779954856
|move|p1a: Enamorus|Superpower|p2a: Garganacl
|-supereffective|p2a: Garganacl
|-damage|p2a: Garganacl|0 fnt
|-boost|p1a: Enamorus|atk|1
|-boost|p1a: Enamorus|def|1
|faint|p2a: Garganacl
|
|upkeep
|
|t:|1779954861
|switch|p2a: Arboliva|Arboliva, M, shiny|100/100
|turn|9
|
|t:|1779954864
|move|p1a: Enamorus|Play Rough|p2a: Arboliva
|-damage|p2a: Arboliva|0 fnt
|faint|p2a: Arboliva
|
|upkeep
|-message|kugoarar forfeited.
|
|win|fractal_face
|raw|fractal_face's rating: 1121 &rarr; <strong>1149</strong><br />(+28 for winning)
|raw|kugoarar's rating: 1161 &rarr; <strong>1133</strong><br />(-28 for losing)
|l|☆kugoarar
|player|p2|
