|j|☆NagaraFan
|j|☆JacquesDeAlderberg
|t:|1779877522
|gametype|singles
|player|p1|NagaraFan|acetrainerf|1659
|player|p2|JacquesDeAlderberg|102|1729
|gen|9
|tier|[Gen 9] OU
|rated|
|rule|HP Percentage Mod: HP is shown in percentages
|rule|Endless Battle Clause: Forcing endless battles is banned
|rule|Species Clause: Limit one of each Pokémon
|rule|OHKO Clause: OHKO moves are banned
|rule|Evasion Items Clause: Evasion items are banned
|rule|Evasion Moves Clause: Evasion moves are banned
|rule|Evasion Abilities Clause: Evasion abilities are banned
|rule|Sleep Moves Clause: Sleep-inducing moves are banned
|clearpoke
|poke|p1|Ninetales, M|
|poke|p1|Walking Wake|
|poke|p1|Raging Bolt|
|poke|p1|Great Tusk|
|poke|p1|Cresselia, F|
|poke|p1|Heatran, F|
|poke|p2|Iron Crown|
|poke|p2|Enamorus, F|
|poke|p2|Great Tusk|
|poke|p2|Probopass, F|
|poke|p2|Deoxys-Speed|
|poke|p2|Dragapult, M|
|teampreview
|inactive|Battle timer is ON: inactive players will automatically lose when time's up. (requested by JacquesDeAlderberg)
|j| bhybhdd
|
|t:|1779877559
|teamsize|p1|6
|teamsize|p2|6
|start
|switch|p1a: Heatran|Heatran, F|100/100
|switch|p2a: Deoxys|Deoxys-Speed|100/100
|-ability|p2a: Deoxys|Pressure
|-item|p1a: Heatran|Air Balloon
|turn|1
|j| Ctannn
|l| bhybhdd
|
|t:|1779877569
|move|p2a: Deoxys|Superpower|p1a: Heatran
|-supereffective|p1a: Heatran
|-damage|p1a: Heatran|41/100
|-unboost|p2a: Deoxys|atk|1
|-unboost|p2a: Deoxys|def|1
|-enditem|p1a: Heatran|Air Balloon
|-enditem|p2a: Deoxys|Eject Pack
|
|t:|1779877574
|switch|p2a: Enamorus|Enamorus, F|100/100
|move|p1a: Heatran|Magma Storm|p2a: Enamorus
|-damage|p2a: Enamorus|35/100
|-activate|p2a: Enamorus|move: Magma Storm|[of] p1a: Heatran
|
|-damage|p2a: Enamorus|22/100|[from] move: Magma Storm|[partiallytrapped]
|upkeep
|turn|2
|
|t:|1779877586
|switch|p1a: Cresselia|Cresselia, F|100/100
|move|p2a: Enamorus|Calm Mind|p2a: Enamorus
|-boost|p2a: Enamorus|spa|1
|-boost|p2a: Enamorus|spd|1
|
|-end|p2a: Enamorus|Magma Storm|[partiallytrapped]|[silent]
|upkeep
|turn|3
|
|t:|1779877592
|move|p2a: Enamorus|Agility|p2a: Enamorus
|-boost|p2a: Enamorus|spe|2
|move|p1a: Cresselia|Ice Beam|p2a: Enamorus
|-supereffective|p2a: Enamorus
|-damage|p2a: Enamorus|0 fnt
|faint|p2a: Enamorus
|
|upkeep
|
|t:|1779877597
|switch|p2a: Deoxys|Deoxys-Speed|100/100
|-ability|p2a: Deoxys|Pressure
|turn|4
|
|t:|1779877603
|move|p2a: Deoxys|Knock Off|p1a: Cresselia
|-supereffective|p1a: Cresselia
|-damage|p1a: Cresselia|69/100
|-enditem|p1a: Cresselia|Eject Button|[from] move: Knock Off|[of] p2a: Deoxys
|move|p1a: Cresselia|Thunder Wave|p2a: Deoxys
|-status|p2a: Deoxys|par
|
|upkeep
|turn|5
|
|t:|1779877611
|switch|p1a: Heatran|Heatran, F|41/100
|move|p2a: Deoxys|Ice Beam|p1a: Heatran
|-resisted|p1a: Heatran
|-damage|p1a: Heatran|36/100
|
|upkeep
|turn|6
|
|t:|1779877622
|move|p1a: Heatran|Stealth Rock|p2a: Deoxys
|-sidestart|p2: JacquesDeAlderberg|move: Stealth Rock
|move|p2a: Deoxys|Superpower|p1a: Heatran
|-supereffective|p1a: Heatran
|-damage|p1a: Heatran|0 fnt
|-unboost|p2a: Deoxys|atk|1
|-unboost|p2a: Deoxys|def|1
|faint|p1a: Heatran
|
|upkeep
|
|t:|1779877632
|switch|p1a: Walking Wake|Walking Wake|100/100
|turn|7
|
|t:|1779877636
|move|p1a: Walking Wake|Hydro Steam|p2a: Deoxys
|-damage|p2a: Deoxys|0 fnt
|faint|p2a: Deoxys
|
|upkeep
|
|t:|1779877645
|switch|p2a: Dragapult|Dragapult, M|100/100
|-damage|p2a: Dragapult|88/100|[from] Stealth Rock
|turn|8
|
|t:|1779877654
|-end|p1a: Walking Wake|Protosynthesis|[silent]
|switch|p1a: Ninetales|Ninetales, M|100/100
|-weather|SunnyDay|[from] ability: Drought|[of] p1a: Ninetales
|move|p2a: Dragapult|Dragon Darts|p1a: Ninetales
|-damage|p1a: Ninetales|63/100
|-anim|p2a: Dragapult|Dragon Darts|p1a: Ninetales
|-damage|p1a: Ninetales|23/100
|
|-weather|SunnyDay|[upkeep]
|-heal|p2a: Dragapult|94/100|[from] item: Leftovers
|upkeep
|turn|9
|
|t:|1779877663
|move|p2a: Dragapult|Substitute|p2a: Dragapult
|-start|p2a: Dragapult|Substitute
|-damage|p2a: Dragapult|69/100
|move|p1a: Ninetales|Healing Wish|p1a: Ninetales
|faint|p1a: Ninetales
|
|-weather|SunnyDay|[upkeep]
|-heal|p2a: Dragapult|75/100|[from] item: Leftovers
|upkeep
|
|t:|1779877689
|switch|p1a: Raging Bolt|Raging Bolt|100/100
|-activate|p1a: Raging Bolt|ability: Protosynthesis
|-start|p1a: Raging Bolt|protosynthesisspa
|turn|10
|inactive|NagaraFan has 120 seconds left.
|inactive|JacquesDeAlderberg has 120 seconds left.
|
|t:|1779877723
|-terastallize|p1a: Raging Bolt|Fairy
|move|p2a: Dragapult|Phantom Force||[still]
|-prepare|p2a: Dragapult|Phantom Force
|move|p1a: Raging Bolt|Dragon Pulse|p2a: Dragapult|[miss]
|-miss|p1a: Raging Bolt|p2a: Dragapult
|
|-weather|SunnyDay|[upkeep]
|-heal|p2a: Dragapult|81/100|[from] item: Leftovers
|upkeep
|turn|11
|
|t:|1779877731
|move|p2a: Dragapult|Phantom Force|p1a: Raging Bolt|[from] lockedmove
|-damage|p1a: Raging Bolt|59/100
|move|p1a: Raging Bolt|Dragon Pulse|p2a: Dragapult
|-supereffective|p2a: Dragapult
|-end|p2a: Dragapult|Substitute
|-damage|p1a: Raging Bolt|49/100|[from] item: Life Orb
|
|-weather|SunnyDay|[upkeep]
|-heal|p2a: Dragapult|87/100|[from] item: Leftovers
|upkeep
|turn|12
|
|t:|1779877747
|switch|p2a: Probopass|Probopass, F|100/100
|-damage|p2a: Probopass|94/100|[from] Stealth Rock
|-end|p1a: Raging Bolt|Protosynthesis|[silent]
|switch|p1a: Walking Wake|Walking Wake|100/100
|-activate|p1a: Walking Wake|ability: Protosynthesis
|-start|p1a: Walking Wake|protosynthesisspe
|
|-weather|SunnyDay|[upkeep]
|upkeep
|turn|13
|
|t:|1779877751
|move|p1a: Walking Wake|Hydro Steam|p2a: Probopass
|-supereffective|p2a: Probopass
|-damage|p2a: Probopass|0 fnt
|faint|p2a: Probopass
|
|-weather|SunnyDay|[upkeep]
|upkeep
|
|t:|1779877759
|switch|p2a: Dragapult|Dragapult, M|87/100
|-damage|p2a: Dragapult|75/100|[from] Stealth Rock
|turn|14
|
|t:|1779877768
|move|p1a: Walking Wake|Hydro Steam|p2a: Dragapult
|-resisted|p2a: Dragapult
|-damage|p2a: Dragapult|11/100
|move|p2a: Dragapult|Dragon Dance|p2a: Dragapult
|-boost|p2a: Dragapult|atk|1
|-boost|p2a: Dragapult|spe|1
|
|-weather|SunnyDay|[upkeep]
|-heal|p2a: Dragapult|17/100|[from] item: Leftovers
|upkeep
|turn|15
|
|t:|1779877782
|move|p2a: Dragapult|Dragon Darts|p1a: Walking Wake
|-supereffective|p1a: Walking Wake
|-damage|p1a: Walking Wake|13/100
|-anim|p2a: Dragapult|Dragon Darts|p1a: Walking Wake
|-supereffective|p1a: Walking Wake
|-damage|p1a: Walking Wake|0 fnt
|faint|p1a: Walking Wake
|-end|p1a: Walking Wake|Protosynthesis|[silent]
|
|-weather|none
|-heal|p2a: Dragapult|23/100|[from] item: Leftovers
|upkeep
|inactive|NagaraFan has 120 seconds left.
|
|t:|1779877793
|switch|p1a: Great Tusk|Great Tusk|100/100
|turn|16
|
|t:|1779877804
|move|p2a: Dragapult|Dragon Darts|p1a: Great Tusk
|-damage|p1a: Great Tusk|72/100
|-anim|p2a: Dragapult|Dragon Darts|p1a: Great Tusk
|-damage|p1a: Great Tusk|43/100
|move|p1a: Great Tusk|Headlong Rush|p2a: Dragapult
|-damage|p2a: Dragapult|0 fnt
|-unboost|p1a: Great Tusk|def|1
|-unboost|p1a: Great Tusk|spd|1
|faint|p2a: Dragapult
|
|upkeep
|
|t:|1779877809
|switch|p2a: Great Tusk|Great Tusk|100/100
|-damage|p2a: Great Tusk|98/100|[from] Stealth Rock
|-enditem|p2a: Great Tusk|Booster Energy
|-activate|p2a: Great Tusk|ability: Protosynthesis|[fromitem]
|-start|p2a: Great Tusk|protosynthesisspe
|turn|17
|
|t:|1779877817
|-end|p1a: Great Tusk|Protosynthesis|[silent]
|switch|p1a: Cresselia|Cresselia, F|69/100
|-heal|p1a: Cresselia|100/100|[from] move: Healing Wish
|move|p2a: Great Tusk|Bulk Up|p2a: Great Tusk
|-boost|p2a: Great Tusk|atk|1
|-boost|p2a: Great Tusk|def|1
|
|upkeep
|turn|18
|
|t:|1779877826
|move|p2a: Great Tusk|Rock Slide|p1a: Cresselia
|-damage|p1a: Cresselia|80/100
|move|p1a: Cresselia|Ice Beam|p2a: Great Tusk
|-supereffective|p2a: Great Tusk
|-damage|p2a: Great Tusk|56/100
|
|upkeep
|turn|19
|
|t:|1779877837
|move|p2a: Great Tusk|Rock Slide|p1a: Cresselia
|-damage|p1a: Cresselia|61/100
|move|p1a: Cresselia|Ice Beam|p2a: Great Tusk
|-supereffective|p2a: Great Tusk
|-damage|p2a: Great Tusk|15/100
|
|upkeep
|turn|20
|
|t:|1779877844
|move|p2a: Great Tusk|Rapid Spin|p1a: Cresselia
|-damage|p1a: Cresselia|47/100
|-boost|p2a: Great Tusk|spe|1
|-sideend|p2: JacquesDeAlderberg|Stealth Rock|[from] move: Rapid Spin|[of] p2a: Great Tusk
|move|p1a: Cresselia|Moonlight|p1a: Cresselia
|-heal|p1a: Cresselia|97/100
|
|upkeep
|turn|21
|
|t:|1779877858
|move|p2a: Great Tusk|Rock Slide|p1a: Cresselia|[miss]
|-miss|p2a: Great Tusk|p1a: Cresselia
|move|p1a: Cresselia|Ice Beam|p2a: Great Tusk
|-supereffective|p2a: Great Tusk
|-damage|p2a: Great Tusk|0 fnt
|faint|p2a: Great Tusk
|-end|p2a: Great Tusk|Protosynthesis|[silent]
|
|upkeep
|
|t:|1779877860
|switch|p2a: Iron Crown|Iron Crown|100/100
|-enditem|p2a: Iron Crown|Booster Energy
|-activate|p2a: Iron Crown|ability: Quark Drive|[fromitem]
|-start|p2a: Iron Crown|quarkdrivespe
|turn|22
|
|t:|1779877865
|move|p2a: Iron Crown|Calm Mind|p2a: Iron Crown
|-boost|p2a: Iron Crown|spa|1
|-boost|p2a: Iron Crown|spd|1
|move|p1a: Cresselia|Thunder Wave|p2a: Iron Crown
|-status|p2a: Iron Crown|par
|
|upkeep
|turn|23
|inactive|NagaraFan has 120 seconds left.
|
|t:|1779877905
|move|p2a: Iron Crown|Calm Mind|p2a: Iron Crown
|-boost|p2a: Iron Crown|spa|1
|-boost|p2a: Iron Crown|spd|1
|move|p1a: Cresselia|Lunar Dance|p1a: Cresselia
|faint|p1a: Cresselia
|
|upkeep
|
|t:|1779877911
|switch|p1a: Great Tusk|Great Tusk|43/100
|-heal|p1a: Great Tusk|100/100|[from] move: Lunar Dance
|turn|24
|inactive|NagaraFan has 120 seconds left.
|
|t:|1779877919
|-terastallize|p2a: Iron Crown|Fighting
|move|p1a: Great Tusk|Headlong Rush|p2a: Iron Crown
|-damage|p2a: Iron Crown|47/100 par
|-unboost|p1a: Great Tusk|def|1
|-unboost|p1a: Great Tusk|spd|1
|move|p2a: Iron Crown|Tachyon Cutter|p1a: Great Tusk
|-damage|p1a: Great Tusk|50/100
|-damage|p1a: Great Tusk|0 fnt
|faint|p1a: Great Tusk
|-end|p1a: Great Tusk|Protosynthesis|[silent]
|-hitcount|p1: Great Tusk|2
|
|upkeep
|inactive|NagaraFan has 120 seconds left.
|
|t:|1779877930
|switch|p1a: Raging Bolt|Raging Bolt, tera:Fairy|49/100
|turn|25
|inactive|NagaraFan has 120 seconds left.
|
|t:|1779877935
|move|p1a: Raging Bolt|Thunderclap|p2a: Iron Crown
|-damage|p2a: Iron Crown|20/100 par
|-damage|p1a: Raging Bolt|39/100|[from] item: Life Orb
|move|p2a: Iron Crown|Tachyon Cutter|p1a: Raging Bolt
|-supereffective|p1a: Raging Bolt
|-damage|p1a: Raging Bolt|0 fnt
|faint|p1a: Raging Bolt
|-end|p1a: Raging Bolt|Protosynthesis|[silent]
|-hitcount|p1: Raging Bolt|1
|
|win|JacquesDeAlderberg
|raw|NagaraFan's rating: 1659 &rarr; <strong>1643</strong><br />(-16 for losing)
|raw|JacquesDeAlderberg's rating: 1729 &rarr; <strong>1745</strong><br />(+16 for winning)
|l|☆NagaraFan
|player|p1|
