|j|☆lousiv
|j|☆paralekz
|t:|1779943964
|gametype|singles
|player|p1|lousiv|ltsurge|1330
|player|p2|paralekz|skyla|1300
|gen|9
|tier|[Gen 9] OU
|rated|
|rule|HP Percentage Mod: HP is shown in percentages
|rule|Endless Battle Clause: Forcing endless battles is banned
|rule|Species Clause: Limit one of each Pokémon
|rule|OHKO Clause: OHKO moves are banned
|rule|Evasion Items Clause: Evasion items are banned
|rule|Evasion Moves Clause: Evasion moves are banned
|rule|Evasion Abilities Clause: Evasion abilities are banned
|rule|Sleep Moves Clause: Sleep-inducing moves are banned
|clearpoke
|poke|p1|Enamorus-Therian, F|
|poke|p1|Ogerpon-Wellspring, F|
|poke|p1|Heatran, F|
|poke|p1|Gholdengo|
|poke|p1|Deoxys-Speed|
|poke|p1|Great Tusk|
|poke|p2|Grimmsnarl, M|
|poke|p2|Zamazenta-*|
|poke|p2|Iron Crown|
|poke|p2|Raging Bolt|
|poke|p2|Ogerpon-Wellspring, F|
|poke|p2|Glimmora, M|
|teampreview
|inactive|Battle timer is ON: inactive players will automatically lose when time's up. (requested by paralekz)
|
|t:|1779943974
|teamsize|p1|6
|teamsize|p2|6
|start
|switch|p1a: Enamorus|Enamorus-Therian, F|100/100
|switch|p2a: Glimmora|Glimmora, M|100/100
|turn|1
|
|t:|1779943985
|switch|p1a: Great Tusk|Great Tusk|100/100
|move|p2a: Glimmora|Stealth Rock|p1a: Great Tusk
|-sidestart|p1: lousiv|move: Stealth Rock
|
|upkeep
|turn|2
|
|t:|1779943995
|-terastallize|p2a: Glimmora|Ghost
|move|p1a: Great Tusk|Headlong Rush|p2a: Glimmora
|-damage|p2a: Glimmora|56/100
|-unboost|p1a: Great Tusk|def|1
|-unboost|p1a: Great Tusk|spd|1
|-activate|p2a: Glimmora|ability: Toxic Debris
|-sidestart|p1: lousiv|move: Toxic Spikes
|-enditem|p2a: Glimmora|Red Card|[of] p1a: Great Tusk
|-end|p1a: Great Tusk|Protosynthesis|[silent]
|drag|p1a: Ogerpon|Ogerpon-Wellspring, F|100/100
|-damage|p1a: Ogerpon|88/100|[from] Stealth Rock
|-status|p1a: Ogerpon|psn
|move|p2a: Glimmora|Spikes|p1a: Ogerpon
|-sidestart|p1: lousiv|Spikes
|
|-damage|p1a: Ogerpon|76/100 psn|[from] psn
|upkeep
|turn|3
|
|t:|1779944014
|move|p1a: Ogerpon|Knock Off|p2a: Glimmora
|-supereffective|p2a: Glimmora
|-damage|p2a: Glimmora|17/100
|-activate|p2a: Glimmora|ability: Toxic Debris
|-sidestart|p1: lousiv|move: Toxic Spikes
|move|p2a: Glimmora|Spikes|p1a: Ogerpon
|-sidestart|p1: lousiv|Spikes
|
|-damage|p1a: Ogerpon|64/100 psn|[from] psn
|upkeep
|turn|4
|
|t:|1779944027
|switch|p2a: Raging Bolt|Raging Bolt|100/100
|-enditem|p2a: Raging Bolt|Booster Energy
|-activate|p2a: Raging Bolt|ability: Protosynthesis|[fromitem]
|-start|p2a: Raging Bolt|protosynthesisspa
|move|p1a: Ogerpon|Ivy Cudgel|p2a: Raging Bolt|[anim] Ivy Cudgel Water
|-resisted|p2a: Raging Bolt
|-damage|p2a: Raging Bolt|75/100
|
|-damage|p1a: Ogerpon|51/100 psn|[from] psn
|upkeep
|turn|5
|
|t:|1779944044
|move|p1a: Ogerpon|Spikes|p2a: Raging Bolt
|-sidestart|p2: paralekz|Spikes
|move|p2a: Raging Bolt|Calm Mind|p2a: Raging Bolt
|-boost|p2a: Raging Bolt|spa|1
|-boost|p2a: Raging Bolt|spd|1
|
|-damage|p1a: Ogerpon|39/100 psn|[from] psn
|upkeep
|turn|6
|
|t:|1779944053
|move|p1a: Ogerpon|Spikes|p2a: Raging Bolt
|-sidestart|p2: paralekz|Spikes
|move|p2a: Raging Bolt|Thunderbolt|p1a: Ogerpon
|-damage|p1a: Ogerpon|0 fnt
|faint|p1a: Ogerpon
|
|upkeep
|
|t:|1779944056
|switch|p1a: Great Tusk|Great Tusk|100/100
|turn|7
|
|t:|1779944061
|-end|p2a: Raging Bolt|Protosynthesis|[silent]
|switch|p2a: Glimmora|Glimmora, M, tera:Ghost|17/100
|-damage|p2a: Glimmora|0 fnt|[from] Spikes
|faint|p2a: Glimmora
|move|p1a: Great Tusk|Headlong Rush|p2: Glimmora|[notarget]
|-fail|p1a: Great Tusk
|
|upkeep
|
|t:|1779944069
|switch|p2a: Grimmsnarl|Grimmsnarl, M|100/100
|-damage|p2a: Grimmsnarl|84/100|[from] Spikes
|turn|8
|
|t:|1779944076
|move|p2a: Grimmsnarl|Reflect|p2a: Grimmsnarl
|-sidestart|p2: paralekz|Reflect
|move|p1a: Great Tusk|Rapid Spin|p2a: Grimmsnarl
|-damage|p2a: Grimmsnarl|76/100
|-boost|p1a: Great Tusk|spe|1
|-sideend|p1: lousiv|Spikes|[from] move: Rapid Spin|[of] p1a: Great Tusk
|-sideend|p1: lousiv|Toxic Spikes|[from] move: Rapid Spin|[of] p1a: Great Tusk
|-sideend|p1: lousiv|Stealth Rock|[from] move: Rapid Spin|[of] p1a: Great Tusk
|
|upkeep
|turn|9
|
|t:|1779944084
|-end|p1a: Great Tusk|Protosynthesis|[silent]
|switch|p1a: Heatran|Heatran, F|100/100
|move|p2a: Grimmsnarl|Light Screen|p2a: Grimmsnarl
|-sidestart|p2: paralekz|move: Light Screen
|
|upkeep
|turn|10
|
|t:|1779944090
|move|p2a: Grimmsnarl|Taunt|p1a: Heatran
|-start|p1a: Heatran|move: Taunt
|move|p1a: Heatran|Magma Storm|p2a: Grimmsnarl
|-damage|p2a: Grimmsnarl|56/100
|-activate|p2a: Grimmsnarl|move: Magma Storm|[of] p1a: Heatran
|
|-damage|p2a: Grimmsnarl|43/100|[from] move: Magma Storm|[partiallytrapped]
|upkeep
|turn|11
|
|t:|1779944095
|move|p2a: Grimmsnarl|Parting Shot|p1a: Heatran
|-unboost|p1a: Heatran|atk|1
|-unboost|p1a: Heatran|spa|1
|
|t:|1779944103
|switch|p2a: Ogerpon|Ogerpon-Wellspring, F|100/100|[from] Parting Shot
|-damage|p2a: Ogerpon|84/100|[from] Spikes
|move|p1a: Heatran|Earth Power|p2a: Ogerpon
|-resisted|p2a: Ogerpon
|-damage|p2a: Ogerpon|79/100
|
|upkeep
|turn|12
|
|t:|1779944110
|move|p2a: Ogerpon|Swords Dance|p2a: Ogerpon
|-boost|p2a: Ogerpon|atk|2
|move|p1a: Heatran|Magma Storm|p2a: Ogerpon
|-damage|p2a: Ogerpon|61/100
|-activate|p2a: Ogerpon|move: Magma Storm|[of] p1a: Heatran
|
|-damage|p2a: Ogerpon|49/100|[from] move: Magma Storm|[partiallytrapped]
|-end|p1a: Heatran|move: Taunt
|upkeep
|turn|13
|
|t:|1779944116
|move|p1a: Heatran|Protect|p1a: Heatran
|-singleturn|p1a: Heatran|Protect
|move|p2a: Ogerpon|Ivy Cudgel|p1a: Heatran|[anim] Ivy Cudgel Water
|-activate|p1a: Heatran|move: Protect
|
|-damage|p2a: Ogerpon|37/100|[from] move: Magma Storm|[partiallytrapped]
|upkeep
|turn|14
|
|t:|1779944125
|switch|p1a: Gholdengo|Gholdengo|100/100
|-item|p1a: Gholdengo|Air Balloon
|move|p2a: Ogerpon|Ivy Cudgel|p1a: Gholdengo|[anim] Ivy Cudgel Water
|-crit|p1a: Gholdengo
|-damage|p1a: Gholdengo|0 fnt
|-enditem|p1a: Gholdengo|Air Balloon
|faint|p1a: Gholdengo
|
|-end|p2a: Ogerpon|Magma Storm|[partiallytrapped]|[silent]
|upkeep
|
|t:|1779944127
|switch|p1a: Deoxys|Deoxys-Speed|100/100
|-ability|p1a: Deoxys|Pressure
|turn|15
|
|t:|1779944130
|move|p1a: Deoxys|Psycho Boost|p2a: Ogerpon|[miss]
|-miss|p1a: Deoxys|p2a: Ogerpon
|move|p2a: Ogerpon|Trailblaze|p1a: Deoxys
|-damage|p1a: Deoxys|13/100
|-boost|p2a: Ogerpon|spe|1
|
|-sideend|p2: paralekz|Reflect
|upkeep
|turn|16
|
|t:|1779944136
|move|p2a: Ogerpon|Trailblaze|p1a: Deoxys
|-damage|p1a: Deoxys|0 fnt
|-boost|p2a: Ogerpon|spe|1
|faint|p1a: Deoxys
|
|-sideend|p2: paralekz|move: Light Screen
|upkeep
|
|t:|1779944141
|switch|p1a: Heatran|Heatran, F|100/100
|turn|17
|
|t:|1779944148
|-terastallize|p1a: Heatran|Grass
|move|p2a: Ogerpon|Ivy Cudgel|p1a: Heatran|[anim] Ivy Cudgel Water
|-resisted|p1a: Heatran
|-damage|p1a: Heatran|55/100
|move|p1a: Heatran|Magma Storm|p2a: Ogerpon
|-damage|p2a: Ogerpon|0 fnt
|faint|p2a: Ogerpon
|
|-heal|p1a: Heatran|61/100|[from] item: Leftovers
|upkeep
|
|t:|1779944153
|switch|p2a: Grimmsnarl|Grimmsnarl, M|43/100
|-damage|p2a: Grimmsnarl|27/100|[from] Spikes
|turn|18
|
|t:|1779944163
|move|p2a: Grimmsnarl|Light Screen|p2a: Grimmsnarl
|-sidestart|p2: paralekz|move: Light Screen
|move|p1a: Heatran|Magma Storm|p2a: Grimmsnarl|[miss]
|-miss|p1a: Heatran|p2a: Grimmsnarl
|
|-heal|p1a: Heatran|67/100|[from] item: Leftovers
|upkeep
|turn|19
|
|t:|1779944166
|move|p2a: Grimmsnarl|Reflect|p2a: Grimmsnarl
|-sidestart|p2: paralekz|Reflect
|move|p1a: Heatran|Magma Storm|p2a: Grimmsnarl
|-damage|p2a: Grimmsnarl|7/100
|-activate|p2a: Grimmsnarl|move: Magma Storm|[of] p1a: Heatran
|
|-heal|p1a: Heatran|73/100|[from] item: Leftovers
|-damage|p2a: Grimmsnarl|0 fnt|[from] move: Magma Storm|[partiallytrapped]
|faint|p2a: Grimmsnarl
|upkeep
|
|t:|1779944180
|switch|p2a: Zamazenta|Zamazenta|100/100
|-damage|p2a: Zamazenta|84/100|[from] Spikes
|-ability|p2a: Zamazenta|Dauntless Shield|boost
|-boost|p2a: Zamazenta|def|1
|turn|20
|l|☆lousiv
|inactive|lousiv disconnected and has a minute to reconnect!
|player|p1|
|j|☆lousiv
|inactive|lousiv reconnected and has 130 seconds left.
|player|p1|lousiv|ltsurge|
|
|t:|1779944203
|move|p2a: Zamazenta|Iron Defense|p2a: Zamazenta
|-boost|p2a: Zamazenta|def|2
|move|p1a: Heatran|Magma Storm|p2a: Zamazenta
|-damage|p2a: Zamazenta|65/100
|-activate|p2a: Zamazenta|move: Magma Storm|[of] p1a: Heatran
|
|-heal|p1a: Heatran|80/100|[from] item: Leftovers
|-damage|p2a: Zamazenta|53/100|[from] move: Magma Storm|[partiallytrapped]
|upkeep
|turn|21
|l|☆lousiv
|inactive|lousiv disconnected and has a minute to reconnect!
|player|p1|
|
|t:|1779944223
|move|p1a: Heatran|Protect|p1a: Heatran
|-singleturn|p1a: Heatran|Protect
|move|p2a: Zamazenta|Iron Defense|p2a: Zamazenta
|-boost|p2a: Zamazenta|def|2
|
|-heal|p1a: Heatran|86/100|[from] item: Leftovers
|-damage|p2a: Zamazenta|40/100|[from] move: Magma Storm|[partiallytrapped]
|upkeep
|turn|22
|j|☆lousiv
|inactive|lousiv reconnected and has 145 seconds left.
|player|p1|lousiv|ltsurge|
|
|t:|1779944244
|switch|p1a: Enamorus|Enamorus-Therian, F|100/100
|move|p2a: Zamazenta|Body Press|p1a: Enamorus
|-resisted|p1a: Enamorus
|-damage|p1a: Enamorus|73/100
|
|-heal|p1a: Enamorus|79/100|[from] item: Leftovers
|-end|p2a: Zamazenta|Magma Storm|[partiallytrapped]|[silent]
|upkeep
|turn|23
|l|☆lousiv
|inactive|lousiv disconnected and has a minute to reconnect!
|player|p1|
|
|t:|1779944271
|switch|p2a: Iron Crown|Iron Crown|100/100
|-damage|p2a: Iron Crown|84/100|[from] Spikes
|-enditem|p2a: Iron Crown|Booster Energy
|-activate|p2a: Iron Crown|ability: Quark Drive|[fromitem]
|-start|p2a: Iron Crown|quarkdrivespe
|move|p1a: Enamorus|Draining Kiss|p2a: Iron Crown
|-resisted|p2a: Iron Crown
|-damage|p2a: Iron Crown|79/100
|-heal|p1a: Enamorus|83/100|[from] drain|[of] p2a: Iron Crown
|
|-heal|p1a: Enamorus|89/100|[from] item: Leftovers
|upkeep
|turn|24
|j|☆lousiv
|inactive|lousiv reconnected and has 150 seconds left.
|player|p1|lousiv|ltsurge|
|
|t:|1779944282
|switch|p1a: Heatran|Heatran, F, tera:Grass|86/100
|move|p2a: Iron Crown|Calm Mind|p2a: Iron Crown
|-boost|p2a: Iron Crown|spa|1
|-boost|p2a: Iron Crown|spd|1
|
|-heal|p1a: Heatran|92/100|[from] item: Leftovers
|upkeep
|turn|25
|
|t:|1779944288
|move|p2a: Iron Crown|Calm Mind|p2a: Iron Crown
|-boost|p2a: Iron Crown|spa|1
|-boost|p2a: Iron Crown|spd|1
|move|p1a: Heatran|Magma Storm|p2a: Iron Crown
|-supereffective|p2a: Iron Crown
|-damage|p2a: Iron Crown|64/100
|-activate|p2a: Iron Crown|move: Magma Storm|[of] p1a: Heatran
|
|-heal|p1a: Heatran|98/100|[from] item: Leftovers
|-damage|p2a: Iron Crown|51/100|[from] move: Magma Storm|[partiallytrapped]
|-sideend|p2: paralekz|move: Light Screen
|upkeep
|turn|26
|
|t:|1779944295
|move|p2a: Iron Crown|Calm Mind|p2a: Iron Crown
|-boost|p2a: Iron Crown|spa|1
|-boost|p2a: Iron Crown|spd|1
|move|p1a: Heatran|Earth Power|p2a: Iron Crown
|-supereffective|p2a: Iron Crown
|-damage|p2a: Iron Crown|36/100
|
|-heal|p1a: Heatran|100/100|[from] item: Leftovers
|-damage|p2a: Iron Crown|24/100|[from] move: Magma Storm|[partiallytrapped]
|-sideend|p2: paralekz|Reflect
|upkeep
|turn|27
|
|t:|1779944299
|move|p2a: Iron Crown|Stored Power|p1a: Heatran
|-damage|p1a: Heatran|26/100
|move|p1a: Heatran|Earth Power|p2a: Iron Crown
|-supereffective|p2a: Iron Crown
|-damage|p2a: Iron Crown|8/100
|
|-heal|p1a: Heatran|32/100|[from] item: Leftovers
|-damage|p2a: Iron Crown|0 fnt|[from] move: Magma Storm|[partiallytrapped]
|faint|p2a: Iron Crown
|-end|p2a: Iron Crown|Quark Drive|[silent]
|upkeep
|
|t:|1779944304
|switch|p2a: Raging Bolt|Raging Bolt|75/100
|-damage|p2a: Raging Bolt|58/100|[from] Spikes
|turn|28
|
|t:|1779944311
|move|p1a: Heatran|Protect|p1a: Heatran
|-singleturn|p1a: Heatran|Protect
|move|p2a: Raging Bolt|Dragon Pulse|p1a: Heatran
|-activate|p1a: Heatran|move: Protect
|
|-heal|p1a: Heatran|38/100|[from] item: Leftovers
|upkeep
|turn|29
|
|t:|1779944314
|move|p1a: Heatran|Earth Power|p2a: Raging Bolt
|-supereffective|p2a: Raging Bolt
|-damage|p2a: Raging Bolt|14/100
|move|p2a: Raging Bolt|Dragon Pulse|p1a: Heatran
|-damage|p1a: Heatran|6/100
|
|-heal|p1a: Heatran|12/100|[from] item: Leftovers
|upkeep
|turn|30
|
|t:|1779944317
|move|p1a: Heatran|Earth Power|p2a: Raging Bolt
|-supereffective|p2a: Raging Bolt
|-damage|p2a: Raging Bolt|0 fnt
|faint|p2a: Raging Bolt
|-end|p2a: Raging Bolt|Protosynthesis|[silent]
|
|-heal|p1a: Heatran|18/100|[from] item: Leftovers
|upkeep
|
|t:|1779944318
|switch|p2a: Zamazenta|Zamazenta|40/100
|-damage|p2a: Zamazenta|24/100|[from] Spikes
|turn|31
|
|t:|1779944321
|move|p2a: Zamazenta|Crunch|p1a: Heatran
|-damage|p1a: Heatran|0 fnt
|faint|p1a: Heatran
|
|upkeep
|
|t:|1779944322
|switch|p1a: Enamorus|Enamorus-Therian, F|89/100
|turn|32
|
|t:|1779944326
|move|p2a: Zamazenta|Crunch|p1a: Enamorus
|-resisted|p1a: Enamorus
|-damage|p1a: Enamorus|79/100
|move|p1a: Enamorus|Draining Kiss|p2a: Zamazenta
|-supereffective|p2a: Zamazenta
|-damage|p2a: Zamazenta|0 fnt
|-heal|p1a: Enamorus|95/100|[from] drain|[of] p2a: Zamazenta
|faint|p2a: Zamazenta
|
|win|lousiv
|raw|lousiv's rating: 1330 &rarr; <strong>1348</strong><br />(+18 for winning)
|raw|paralekz's rating: 1300 &rarr; <strong>1277</strong><br />(-23 for losing)
|l|☆lousiv
|player|p1|
