|j|☆eduardo cheeze
|j|☆Spit144
|t:|1779960533
|gametype|singles
|player|p1|eduardo cheeze|170|1324
|player|p2|Spit144|102|1326
|gen|9
|tier|[Gen 9] OU
|rated|
|rule|HP Percentage Mod: HP is shown in percentages
|rule|Endless Battle Clause: Forcing endless battles is banned
|rule|Species Clause: Limit one of each Pokémon
|rule|OHKO Clause: OHKO moves are banned
|rule|Evasion Items Clause: Evasion items are banned
|rule|Evasion Moves Clause: Evasion moves are banned
|rule|Evasion Abilities Clause: Evasion abilities are banned
|rule|Sleep Moves Clause: Sleep-inducing moves are banned
|clearpoke
|poke|p1|Ting-Lu|
|poke|p1|Pecharunt|
|poke|p1|Skarmory, F|
|poke|p1|Latios, M|
|poke|p1|Reuniclus, F|
|poke|p1|Zamazenta-*|
|poke|p2|Raging Bolt|
|poke|p2|Pelipper, M|
|poke|p2|Iron Treads|
|poke|p2|Kingdra, M|
|poke|p2|Poliwrath, F|
|poke|p2|Toxicroak, M|
|teampreview
|inactive|Battle timer is ON: inactive players will automatically lose when time's up. (requested by Spit144)
|
|t:|1779960553
|teamsize|p1|6
|teamsize|p2|6
|start
|switch|p1a: Latios|Latios, M|100/100
|switch|p2a: Pelipper|Pelipper, M|100/100
|-weather|RainDance|[from] ability: Drizzle|[of] p2a: Pelipper
|turn|1
|
|t:|1779960571
|switch|p2a: Iron Treads|Iron Treads|100/100
|-enditem|p2a: Iron Treads|Booster Energy
|-activate|p2a: Iron Treads|ability: Quark Drive|[fromitem]
|-start|p2a: Iron Treads|quarkdrivespe
|move|p1a: Latios|Draco Meteor|p2a: Iron Treads
|-resisted|p2a: Iron Treads
|-damage|p2a: Iron Treads|55/100
|-unboost|p1a: Latios|spa|2
|
|-weather|RainDance|[upkeep]
|upkeep
|turn|2
|
|t:|1779960578
|switch|p1a: Skarmory|Skarmory, F|100/100
|move|p2a: Iron Treads|Stealth Rock|p1a: Skarmory
|-sidestart|p1: eduardo cheeze|move: Stealth Rock
|
|-weather|RainDance|[upkeep]
|upkeep
|turn|3
|
|t:|1779960596
|-end|p2a: Iron Treads|Quark Drive|[silent]
|switch|p2a: Raging Bolt|Raging Bolt|100/100
|-enditem|p2a: Raging Bolt|Booster Energy
|-activate|p2a: Raging Bolt|ability: Protosynthesis|[fromitem]
|-start|p2a: Raging Bolt|protosynthesisspa
|move|p1a: Skarmory|Spikes|p2a: Raging Bolt
|-sidestart|p2: Spit144|Spikes
|
|-weather|RainDance|[upkeep]
|upkeep
|turn|4
|
|t:|1779960603
|switch|p1a: Ting-Lu|Ting-Lu|100/100
|-damage|p1a: Ting-Lu|94/100|[from] Stealth Rock
|-ability|p1a: Ting-Lu|Vessel of Ruin
|move|p2a: Raging Bolt|Weather Ball|p1a: Ting-Lu
|-supereffective|p1a: Ting-Lu
|-damage|p1a: Ting-Lu|34/100
|
|-weather|RainDance|[upkeep]
|-heal|p1a: Ting-Lu|41/100|[from] item: Leftovers
|upkeep
|turn|5
|
|t:|1779960614
|switch|p1a: Latios|Latios, M|100/100
|-damage|p1a: Latios|88/100|[from] Stealth Rock
|move|p2a: Raging Bolt|Weather Ball|p1a: Latios
|-resisted|p1a: Latios
|-damage|p1a: Latios|50/100
|
|-weather|RainDance|[upkeep]
|upkeep
|turn|6
|
|t:|1779960638
|-terastallize|p2a: Raging Bolt|Fairy
|move|p1a: Latios|Draco Meteor|p2a: Raging Bolt
|-immune|p2a: Raging Bolt
|move|p2a: Raging Bolt|Dragon Pulse|p1a: Latios
|-supereffective|p1a: Latios
|-damage|p1a: Latios|0 fnt
|faint|p1a: Latios
|
|-weather|RainDance|[upkeep]
|upkeep
|
|t:|1779960646
|switch|p1a: Pecharunt|Pecharunt|100/100
|turn|7
|
|t:|1779960653
|move|p1a: Pecharunt|Malignant Chain|p2a: Raging Bolt
|-supereffective|p2a: Raging Bolt
|-damage|p2a: Raging Bolt|41/100
|-status|p2a: Raging Bolt|tox
|-start|p2a: Raging Bolt|confusion|[from] ability: Poison Puppeteer|[of] p1a: Pecharunt
|-activate|p2a: Raging Bolt|confusion
|move|p2a: Raging Bolt|Thunder|p1a: Pecharunt
|-damage|p1a: Pecharunt|21/100
|
|-weather|RainDance|[upkeep]
|-damage|p2a: Raging Bolt|35/100 tox|[from] psn
|upkeep
|turn|8
|
|t:|1779960665
|-activate|p2a: Raging Bolt|confusion
|-damage|p2a: Raging Bolt|30/100 tox|[from] confusion
|move|p1a: Pecharunt|Recover|p1a: Pecharunt
|-heal|p1a: Pecharunt|71/100
|
|-weather|none
|-damage|p2a: Raging Bolt|18/100 tox|[from] psn
|upkeep
|turn|9
|
|t:|1779960673
|-end|p2a: Raging Bolt|Protosynthesis|[silent]
|switch|p2a: Toxicroak|Toxicroak, M|100/100
|-damage|p2a: Toxicroak|88/100|[from] Spikes
|move|p1a: Pecharunt|Recover|p1a: Pecharunt
|-heal|p1a: Pecharunt|100/100
|
|upkeep
|turn|10
|
|t:|1779960676
|move|p1a: Pecharunt|Nasty Plot|p1a: Pecharunt
|-boost|p1a: Pecharunt|spa|2
|move|p2a: Toxicroak|Knock Off|p1a: Pecharunt
|-supereffective|p1a: Pecharunt
|-damage|p1a: Pecharunt|71/100
|-enditem|p1a: Pecharunt|Heavy-Duty Boots|[from] move: Knock Off|[of] p2a: Toxicroak
|
|upkeep
|turn|11
|
|t:|1779960681
|move|p1a: Pecharunt|Shadow Ball|p2a: Toxicroak
|-damage|p2a: Toxicroak|20/100
|move|p2a: Toxicroak|Encore|p1a: Pecharunt
|-start|p1a: Pecharunt|Encore
|
|upkeep
|turn|12
|
|t:|1779960686
|move|p1a: Pecharunt|Shadow Ball|p2a: Toxicroak
|-damage|p2a: Toxicroak|0 fnt
|faint|p2a: Toxicroak
|
|upkeep
|
|t:|1779960696
|switch|p2a: Pelipper|Pelipper, M|100/100
|-weather|RainDance|[from] ability: Drizzle|[of] p2a: Pelipper
|turn|13
|
|t:|1779960701
|move|p1a: Pecharunt|Shadow Ball|p2a: Pelipper
|-damage|p2a: Pelipper|37/100
|move|p2a: Pelipper|U-turn|p1a: Pecharunt
|-resisted|p1a: Pecharunt
|-damage|p1a: Pecharunt|70/100
|
|t:|1779960722
|switch|p2a: Kingdra|Kingdra, M|100/100|[from] U-turn
|-damage|p2a: Kingdra|88/100|[from] Spikes
|
|-weather|RainDance|[upkeep]
|upkeep
|turn|14
|
|t:|1779960728
|move|p2a: Kingdra|Weather Ball|p1a: Pecharunt
|-damage|p1a: Pecharunt|0 fnt
|faint|p1a: Pecharunt
|
|-weather|RainDance|[upkeep]
|upkeep
|
|t:|1779960731
|switch|p1a: Ting-Lu|Ting-Lu|41/100
|-damage|p1a: Ting-Lu|34/100|[from] Stealth Rock
|-ability|p1a: Ting-Lu|Vessel of Ruin
|turn|15
|
|t:|1779960737
|-terastallize|p1a: Ting-Lu|Water
|move|p2a: Kingdra|Weather Ball|p1a: Ting-Lu
|-resisted|p1a: Ting-Lu
|-damage|p1a: Ting-Lu|14/100
|move|p1a: Ting-Lu|Earthquake|p2a: Kingdra
|-damage|p2a: Kingdra|41/100
|
|-weather|RainDance|[upkeep]
|-heal|p1a: Ting-Lu|20/100|[from] item: Leftovers
|upkeep
|turn|16
|
|t:|1779960745
|move|p2a: Kingdra|Weather Ball|p1a: Ting-Lu
|-resisted|p1a: Ting-Lu
|-damage|p1a: Ting-Lu|0 fnt
|faint|p1a: Ting-Lu
|
|-weather|RainDance|[upkeep]
|upkeep
|
|t:|1779960749
|switch|p1a: Reuniclus|Reuniclus, F|100/100
|turn|17
|
|t:|1779960753
|move|p2a: Kingdra|Weather Ball|p1a: Reuniclus
|-damage|p1a: Reuniclus|18/100
|move|p1a: Reuniclus|Psychic Noise|p2a: Kingdra
|-damage|p2a: Kingdra|0 fnt
|faint|p2a: Kingdra
|
|-weather|RainDance|[upkeep]
|upkeep
|inactive|Spit144 has 120 seconds left.
|
|t:|1779960794
|switch|p2a: Pelipper|Pelipper, M|37/100
|turn|18
|
|t:|1779960798
|move|p2a: Pelipper|Roost|p2a: Pelipper
|-heal|p2a: Pelipper|87/100
|-singleturn|p2a: Pelipper|move: Roost
|move|p1a: Reuniclus|Recover|p1a: Reuniclus
|-heal|p1a: Reuniclus|68/100
|
|-weather|RainDance|[upkeep]
|upkeep
|turn|19
|
|t:|1779960809
|move|p2a: Pelipper|U-turn|p1a: Reuniclus
|-supereffective|p1a: Reuniclus
|-damage|p1a: Reuniclus|51/100
|inactive|Spit144 has 120 seconds left.
|
|t:|1779960822
|switch|p2a: Iron Treads|Iron Treads|55/100|[from] U-turn
|-damage|p2a: Iron Treads|42/100|[from] Spikes
|move|p1a: Reuniclus|Recover|p1a: Reuniclus
|-heal|p1a: Reuniclus|100/100
|
|-weather|RainDance|[upkeep]
|upkeep
|turn|20
|
|t:|1779960836
|switch|p1a: Skarmory|Skarmory, F|100/100
|-damage|p1a: Skarmory|88/100|[from] Stealth Rock
|move|p2a: Iron Treads|Rapid Spin|p1a: Skarmory
|-resisted|p1a: Skarmory
|-damage|p1a: Skarmory|84/100
|-boost|p2a: Iron Treads|spe|1
|-damage|p2a: Iron Treads|26/100|[from] item: Rocky Helmet|[of] p1a: Skarmory
|-sideend|p2: Spit144|Spikes|[from] move: Rapid Spin|[of] p2a: Iron Treads
|
|-weather|none
|upkeep
|turn|21
|
|t:|1779960846
|move|p2a: Iron Treads|Steel Beam|p1a: Skarmory
|-resisted|p1a: Skarmory
|-crit|p1a: Skarmory
|-damage|p1a: Skarmory|43/100
|-damage|p2a: Iron Treads|0 fnt|[from] steelbeam
|faint|p2a: Iron Treads
|-end|p2a: Iron Treads|Quark Drive|[silent]
|move|p1a: Skarmory|Spikes|p2: Iron Treads
|-sidestart|p2: Spit144|Spikes
|
|upkeep
|
|t:|1779960859
|switch|p2a: Pelipper|Pelipper, M|87/100
|-weather|RainDance|[from] ability: Drizzle|[of] p2a: Pelipper
|turn|22
|
|t:|1779960864
|move|p1a: Skarmory|Spikes|p2a: Pelipper
|-sidestart|p2: Spit144|Spikes
|move|p2a: Pelipper|Surf|p1a: Skarmory
|-crit|p1a: Skarmory
|-damage|p1a: Skarmory|0 fnt
|faint|p1a: Skarmory
|
|-weather|RainDance|[upkeep]
|upkeep
|
|t:|1779960866
|switch|p1a: Reuniclus|Reuniclus, F|100/100
|turn|23
|
|t:|1779960875
|move|p2a: Pelipper|Surf|p1a: Reuniclus
|-damage|p1a: Reuniclus|56/100
|move|p1a: Reuniclus|Recover|p1a: Reuniclus
|-heal|p1a: Reuniclus|100/100
|
|-weather|RainDance|[upkeep]
|upkeep
|turn|24
|
|t:|1779960894
|move|p2a: Pelipper|Surf|p1a: Reuniclus
|-damage|p1a: Reuniclus|58/100
|move|p1a: Reuniclus|Recover|p1a: Reuniclus
|-heal|p1a: Reuniclus|100/100
|
|-weather|RainDance|[upkeep]
|upkeep
|turn|25
|
|t:|1779960900
|move|p2a: Pelipper|Surf|p1a: Reuniclus
|-damage|p1a: Reuniclus|58/100
|move|p1a: Reuniclus|Recover|p1a: Reuniclus
|-heal|p1a: Reuniclus|100/100
|
|-weather|RainDance|[upkeep]
|upkeep
|turn|26
|
|t:|1779960903
|switch|p2a: Raging Bolt|Raging Bolt, tera:Fairy|18/100 tox
|-damage|p2a: Raging Bolt|1/100 tox|[from] Spikes
|move|p1a: Reuniclus|Recover||[still]
|-fail|p1a: Reuniclus|heal
|
|-weather|RainDance|[upkeep]
|-damage|p2a: Raging Bolt|0 fnt|[from] psn
|faint|p2a: Raging Bolt
|-end|p2a: Raging Bolt|Protosynthesis|[silent]
|upkeep
|
|t:|1779960909
|switch|p2a: Poliwrath|Poliwrath, F|100/100
|-damage|p2a: Poliwrath|84/100|[from] Spikes
|turn|27
|
|t:|1779960921
|move|p2a: Poliwrath|Knock Off|p1a: Reuniclus
|-supereffective|p1a: Reuniclus
|-damage|p1a: Reuniclus|3/100
|-enditem|p1a: Reuniclus|Life Orb|[from] move: Knock Off|[of] p2a: Poliwrath
|move|p1a: Reuniclus|Psychic Noise|p2a: Poliwrath
|-supereffective|p2a: Poliwrath
|-damage|p2a: Poliwrath|0 fnt
|faint|p2a: Poliwrath
|
|-weather|RainDance|[upkeep]
|upkeep
|
|t:|1779960925
|switch|p2a: Pelipper|Pelipper, M|87/100
|turn|28
|
|t:|1779960930
|move|p2a: Pelipper|Surf|p1a: Reuniclus
|-damage|p1a: Reuniclus|0 fnt
|faint|p1a: Reuniclus
|
|-weather|RainDance|[upkeep]
|upkeep
|
|t:|1779960937
|switch|p1a: Zamazenta|Zamazenta|100/100
|-ability|p1a: Zamazenta|Dauntless Shield|boost
|-boost|p1a: Zamazenta|def|1
|turn|29
|
|t:|1779960942
|move|p1a: Zamazenta|Stone Edge|p2a: Pelipper
|-supereffective|p2a: Pelipper
|-damage|p2a: Pelipper|39/100
|move|p2a: Pelipper|Hurricane|p1a: Zamazenta
|-supereffective|p1a: Zamazenta
|-damage|p1a: Zamazenta|34/100
|-start|p1a: Zamazenta|confusion
|
|-weather|none
|upkeep
|turn|30
|
|t:|1779960951
|-activate|p1a: Zamazenta|confusion
|-damage|p1a: Zamazenta|26/100|[from] confusion
|move|p2a: Pelipper|Hurricane|p1a: Zamazenta
|-supereffective|p1a: Zamazenta
|-damage|p1a: Zamazenta|0 fnt
|faint|p1a: Zamazenta
|
|win|Spit144
|raw|eduardo cheeze's rating: 1324 &rarr; <strong>1304</strong><br />(-20 for losing)
|raw|Spit144's rating: 1326 &rarr; <strong>1346</strong><br />(+20 for winning)
|l|☆eduardo cheeze
|player|p1|
