|j|☆baansodboi
|j|☆shang954
|t:|1779871310
|gametype|singles
|player|p1|baansodboi|265|1222
|player|p2|shang954|unknown|1150
|gen|9
|tier|[Gen 9] OU
|rated|
|rule|HP Percentage Mod: HP is shown in percentages
|rule|Endless Battle Clause: Forcing endless battles is banned
|rule|Species Clause: Limit one of each Pokémon
|rule|OHKO Clause: OHKO moves are banned
|rule|Evasion Items Clause: Evasion items are banned
|rule|Evasion Moves Clause: Evasion moves are banned
|rule|Evasion Abilities Clause: Evasion abilities are banned
|rule|Sleep Moves Clause: Sleep-inducing moves are banned
|clearpoke
|poke|p1|Drifblim, M|
|poke|p1|Pincurchin, M|
|poke|p1|Grimmsnarl, M|
|poke|p1|Raichu-Alola, M|
|poke|p1|Haxorus, M|
|poke|p1|Corviknight, M|
|poke|p2|Tyranitar, F|
|poke|p2|Excadrill, M|
|poke|p2|Amoonguss, F|
|poke|p2|Garchomp, M|
|poke|p2|Gardevoir, F|
|poke|p2|Scizor, M|
|teampreview
|
|t:|1779871319
|teamsize|p1|6
|teamsize|p2|6
|start
|switch|p1a: Grimmsnarl|Grimmsnarl, M, shiny|100/100
|switch|p2a: Garchomp|Garchomp, M|100/100
|turn|1
|
|t:|1779871330
|move|p2a: Garchomp|Stealth Rock|p1a: Grimmsnarl
|-sidestart|p1: baansodboi|move: Stealth Rock
|move|p1a: Grimmsnarl|Spirit Break|p2a: Garchomp
|-supereffective|p2a: Garchomp
|-damage|p2a: Garchomp|20/100
|-unboost|p2a: Garchomp|spa|1
|-damage|p1a: Grimmsnarl|88/100|[from] ability: Rough Skin|[of] p2a: Garchomp
|
|upkeep
|turn|2
|
|t:|1779871342
|switch|p2a: Scizor|Scizor, M|100/100
|move|p1a: Grimmsnarl|Bulk Up|p1a: Grimmsnarl
|-boost|p1a: Grimmsnarl|atk|1
|-boost|p1a: Grimmsnarl|def|1
|
|upkeep
|turn|3
|
|t:|1779871351
|-terastallize|p1a: Grimmsnarl|Steel
|move|p2a: Scizor|Bullet Punch|p1a: Grimmsnarl
|-resisted|p1a: Grimmsnarl
|-damage|p1a: Grimmsnarl|61/100
|move|p1a: Grimmsnarl|Sucker Punch||[still]
|-fail|p1a: Grimmsnarl
|
|upkeep
|turn|4
|
|t:|1779871363
|switch|p2a: Tyranitar|Tyranitar, F, shiny|100/100
|-weather|Sandstorm|[from] ability: Sand Stream|[of] p2a: Tyranitar
|switch|p1a: Corviknight|Corviknight, M, shiny|100/100
|-damage|p1a: Corviknight|88/100|[from] Stealth Rock
|
|-weather|Sandstorm|[upkeep]
|upkeep
|turn|5
|
|t:|1779871374
|move|p2a: Tyranitar|Flamethrower|p1a: Corviknight
|-supereffective|p1a: Corviknight
|-damage|p1a: Corviknight|32/100
|move|p1a: Corviknight|Defog|p2a: Tyranitar
|-unboost|p2a: Tyranitar|evasion|1
|-sideend|p1: baansodboi|Stealth Rock|[from] move: Defog|[of] p1a: Corviknight
|
|-weather|Sandstorm|[upkeep]
|upkeep
|turn|6
|
|t:|1779871386
|switch|p1a: Pincurchin|Pincurchin, M, shiny|100/100
|-fieldstart|move: Electric Terrain|[from] ability: Electric Surge|[of] p1a: Pincurchin
|move|p2a: Tyranitar|Flamethrower|p1a: Pincurchin
|-damage|p1a: Pincurchin|58/100
|
|-weather|Sandstorm|[upkeep]
|-damage|p1a: Pincurchin|52/100|[from] Sandstorm
|upkeep
|turn|7
|
|t:|1779871404
|switch|p1a: Raichu|Raichu-Alola, M, shiny|100/100
|move|p2a: Tyranitar|Dark Pulse|p1a: Raichu
|-supereffective|p1a: Raichu
|-damage|p1a: Raichu|2/100
|
|-weather|Sandstorm|[upkeep]
|-damage|p1a: Raichu|0 fnt|[from] Sandstorm
|faint|p1a: Raichu
|upkeep
|-message|baansodboi forfeited.
|
|win|shang954
|raw|baansodboi's rating: 1222 &rarr; <strong>1192</strong><br />(-30 for losing)
|raw|shang954's rating: 1150 &rarr; <strong>1180</strong><br />(+30 for winning)
|l|☆baansodboi
|player|p1|
|l|☆shang954
|player|p2|
