|j|☆katholikon
|j|☆iamverykarpy
|t:|1779884267
|gametype|singles
|player|p1|katholikon|102|1607
|player|p2|iamverykarpy|colress|1717
|gen|9
|tier|[Gen 9] OU
|rated|
|rule|HP Percentage Mod: HP is shown in percentages
|rule|Endless Battle Clause: Forcing endless battles is banned
|rule|Species Clause: Limit one of each Pokémon
|rule|OHKO Clause: OHKO moves are banned
|rule|Evasion Items Clause: Evasion items are banned
|rule|Evasion Moves Clause: Evasion moves are banned
|rule|Evasion Abilities Clause: Evasion abilities are banned
|rule|Sleep Moves Clause: Sleep-inducing moves are banned
|clearpoke
|poke|p1|Iron Boulder|
|poke|p1|Dragapult, M|
|poke|p1|Raging Bolt|
|poke|p1|Great Tusk|
|poke|p1|Ting-Lu|
|poke|p1|Corviknight, M|
|poke|p2|Cetitan, F|
|poke|p2|Slowking-Galar, M|
|poke|p2|Kyurem|
|poke|p2|Rillaboom, F|
|poke|p2|Alomomola, F|
|poke|p2|Great Tusk|
|teampreview
|inactive|Battle timer is ON: inactive players will automatically lose when time's up. (requested by iamverykarpy)
|
|t:|1779884273
|teamsize|p1|6
|teamsize|p2|6
|start
|switch|p1a: Ting-Lu|Ting-Lu|100/100
|switch|p2a: Great Tusk|Great Tusk|100/100
|-ability|p1a: Ting-Lu|Vessel of Ruin
|turn|1
|
|t:|1779884276
|switch|p1a: Corviknight|Corviknight, M|100/100
|-ability|p1a: Corviknight|Pressure
|move|p2a: Great Tusk|Knock Off|p1a: Corviknight
|-damage|p1a: Corviknight|78/100
|-damage|p2a: Great Tusk|84/100|[from] item: Rocky Helmet|[of] p1a: Corviknight
|-enditem|p1a: Corviknight|Rocky Helmet|[from] move: Knock Off|[of] p2a: Great Tusk
|
|-heal|p2a: Great Tusk|90/100|[from] item: Leftovers
|upkeep
|turn|2
|
|t:|1779884281
|move|p2a: Great Tusk|Stealth Rock|p1a: Corviknight
|-sidestart|p1: katholikon|move: Stealth Rock
|move|p1a: Corviknight|U-turn|p2a: Great Tusk
|-resisted|p2a: Great Tusk
|-damage|p2a: Great Tusk|85/100
|
|t:|1779884284
|switch|p1a: Dragapult|Dragapult, M|100/100|[from] U-turn
|-damage|p1a: Dragapult|88/100|[from] Stealth Rock
|
|-heal|p2a: Great Tusk|91/100|[from] item: Leftovers
|upkeep
|turn|3
|
|t:|1779884286
|move|p1a: Dragapult|U-turn|p2a: Great Tusk
|-resisted|p2a: Great Tusk
|-damage|p2a: Great Tusk|85/100
|
|t:|1779884288
|switch|p1a: Corviknight|Corviknight, M|78/100|[from] U-turn
|-damage|p1a: Corviknight|65/100|[from] Stealth Rock
|-ability|p1a: Corviknight|Pressure
|move|p2a: Great Tusk|Knock Off|p1a: Corviknight
|-damage|p1a: Corviknight|52/100
|
|-heal|p2a: Great Tusk|91/100|[from] item: Leftovers
|upkeep
|turn|4
|
|t:|1779884294
|-end|p2a: Great Tusk|Protosynthesis|[silent]
|switch|p2a: Kyurem|Kyurem, shiny|100/100
|-ability|p2a: Kyurem|Pressure
|move|p1a: Corviknight|Defog|p2a: Kyurem
|-unboost|p2a: Kyurem|evasion|1
|-sideend|p1: katholikon|Stealth Rock|[from] move: Defog|[of] p1a: Corviknight
|
|upkeep
|turn|5
|
|t:|1779884297
|move|p2a: Kyurem|Ice Beam|p1a: Corviknight
|-damage|p1a: Corviknight|0 fnt
|faint|p1a: Corviknight
|
|upkeep
|
|t:|1779884302
|switch|p1a: Great Tusk|Great Tusk|100/100
|turn|6
|
|t:|1779884308
|switch|p2a: Alomomola|Alomomola, F|100/100
|move|p1a: Great Tusk|Close Combat|p2a: Alomomola
|-damage|p2a: Alomomola|54/100
|-unboost|p1a: Great Tusk|def|1
|-unboost|p1a: Great Tusk|spd|1
|-damage|p1a: Great Tusk|84/100|[from] item: Rocky Helmet|[of] p2a: Alomomola
|
|upkeep
|turn|7
|
|t:|1779884312
|-end|p1a: Great Tusk|Protosynthesis|[silent]
|switch|p1a: Raging Bolt|Raging Bolt|100/100
|move|p2a: Alomomola|Flip Turn|p1a: Raging Bolt
|-resisted|p1a: Raging Bolt
|-damage|p1a: Raging Bolt|93/100
|
|t:|1779884319
|switch|p2a: Great Tusk|Great Tusk|91/100|[from] Flip Turn
|
|-heal|p2a: Great Tusk|97/100|[from] item: Leftovers
|upkeep
|turn|8
|
|t:|1779884322
|-end|p1a: Raging Bolt|Protosynthesis|[silent]
|switch|p1a: Great Tusk|Great Tusk|84/100
|move|p2a: Great Tusk|Headlong Rush|p1a: Great Tusk
|-damage|p1a: Great Tusk|39/100
|-unboost|p2a: Great Tusk|def|1
|-unboost|p2a: Great Tusk|spd|1
|
|-heal|p2a: Great Tusk|100/100|[from] item: Leftovers
|upkeep
|turn|9
|
|t:|1779884331
|-end|p2a: Great Tusk|Protosynthesis|[silent]
|switch|p2a: Alomomola|Alomomola, F|87/100
|move|p1a: Great Tusk|Ice Spinner|p2a: Alomomola
|-resisted|p2a: Alomomola
|-damage|p2a: Alomomola|76/100
|-damage|p1a: Great Tusk|22/100|[from] item: Rocky Helmet|[of] p2a: Alomomola
|
|upkeep
|turn|10
|
|t:|1779884334
|-end|p1a: Great Tusk|Protosynthesis|[silent]
|switch|p1a: Dragapult|Dragapult, M|88/100
|move|p2a: Alomomola|Flip Turn|p1a: Dragapult
|-resisted|p1a: Dragapult
|-damage|p1a: Dragapult|77/100
|-message|katholikon forfeited.
|
|win|iamverykarpy
|raw|katholikon's rating: 1607 &rarr; <strong>1593</strong><br />(-14 for losing)
|raw|iamverykarpy's rating: 1717 &rarr; <strong>1731</strong><br />(+14 for winning)
|l|☆katholikon
|player|p1|
|l|☆iamverykarpy
|player|p2|
