|j|‽O888
|j|☆Hokari
|t:|1779799414
|gametype|singles
|player|p1|O888|266|1109
|player|p2|Hokari|dancer|1060
|gen|9
|tier|[Gen 9] OU
|rated|
|rule|HP Percentage Mod: HP is shown in percentages
|rule|Endless Battle Clause: Forcing endless battles is banned
|rule|Species Clause: Limit one of each Pokémon
|rule|OHKO Clause: OHKO moves are banned
|rule|Evasion Items Clause: Evasion items are banned
|rule|Evasion Moves Clause: Evasion moves are banned
|rule|Evasion Abilities Clause: Evasion abilities are banned
|rule|Sleep Moves Clause: Sleep-inducing moves are banned
|clearpoke
|poke|p1|Dragapult, M|
|poke|p1|Garganacl, M|
|poke|p1|Rotom-Wash|
|poke|p1|Kyurem|
|poke|p1|Great Tusk|
|poke|p1|Kingambit, F|
|poke|p2|Dragonite, F|
|poke|p2|Garganacl, F|
|poke|p2|Weavile, F|
|poke|p2|Minior-Blue|
|poke|p2|Iron Valiant|
|poke|p2|Oricorio, M|
|teampreview
|inactive|Battle timer is ON: inactive players will automatically lose when time's up. (requested by O888)
|
|t:|1779799420
|teamsize|p1|6
|teamsize|p2|6
|start
|switch|p1a: Rotom|Rotom-Wash|100/100
|switch|p2a: Larper|Garganacl, F, shiny|100/100
|turn|1
|
|t:|1779799427
|move|p1a: Rotom|Trick|p2a: Larper
|-activate|p1a: Rotom|move: Trick|[of] p2a: Larper
|-item|p2a: Larper|Choice Scarf|[from] move: Trick
|-item|p1a: Rotom|Chesto Berry|[from] move: Trick
|move|p2a: Larper|Salt Cure|p1a: Rotom
|-damage|p1a: Rotom|86/100
|-start|p1a: Rotom|Salt Cure
|
|-damage|p1a: Rotom|61/100|[from] Salt Cure
|upkeep
|turn|2
|
|t:|1779799437
|switch|p1a: Great Tusk|Great Tusk|100/100
|move|p2a: Larper|Salt Cure|p1a: Great Tusk
|-resisted|p1a: Great Tusk
|-damage|p1a: Great Tusk|99/100
|-start|p1a: Great Tusk|Salt Cure
|
|-damage|p1a: Great Tusk|86/100|[from] Salt Cure
|upkeep
|turn|3
|
|t:|1779799451
|move|p1a: Great Tusk|Stealth Rock|p2a: Larper
|-sidestart|p2: Hokari|move: Stealth Rock
|move|p2a: Larper|Salt Cure|p1a: Great Tusk
|-resisted|p1a: Great Tusk
|-damage|p1a: Great Tusk|85/100
|
|-damage|p1a: Great Tusk|72/100|[from] Salt Cure
|upkeep
|turn|4
|
|t:|1779799461
|-end|p1a: Great Tusk|Protosynthesis|[silent]
|switch|p1a: Garganacl|Garganacl, M, shiny|100/100
|move|p2a: Larper|Salt Cure|p1a: Garganacl
|-crit|p1a: Garganacl
|-damage|p1a: Garganacl|87/100
|-start|p1a: Garganacl|Salt Cure
|
|-heal|p1a: Garganacl|93/100|[from] item: Leftovers
|-damage|p1a: Garganacl|81/100|[from] Salt Cure
|upkeep
|turn|5
|
|t:|1779799472
|move|p2a: Larper|Salt Cure|p1a: Garganacl
|-damage|p1a: Garganacl|72/100
|move|p1a: Garganacl|Iron Defense|p1a: Garganacl
|-boost|p1a: Garganacl|def|2
|
|-heal|p1a: Garganacl|78/100|[from] item: Leftovers
|-damage|p1a: Garganacl|66/100|[from] Salt Cure
|upkeep
|turn|6
|c|☆Hokari|Lets larp
|
|t:|1779799482
|move|p2a: Larper|Salt Cure|p1a: Garganacl
|-damage|p1a: Garganacl|61/100
|move|p1a: Garganacl|Recover|p1a: Garganacl
|-heal|p1a: Garganacl|100/100
|
|-damage|p1a: Garganacl|88/100|[from] Salt Cure
|upkeep
|turn|7
|
|t:|1779799490
|move|p2a: Larper|Salt Cure|p1a: Garganacl
|-damage|p1a: Garganacl|83/100
|move|p1a: Garganacl|Iron Defense|p1a: Garganacl
|-boost|p1a: Garganacl|def|2
|
|-heal|p1a: Garganacl|90/100|[from] item: Leftovers
|-damage|p1a: Garganacl|77/100|[from] Salt Cure
|upkeep
|turn|8
|
|t:|1779799505
|move|p2a: Larper|Salt Cure|p1a: Garganacl
|-damage|p1a: Garganacl|74/100
|move|p1a: Garganacl|Iron Defense|p1a: Garganacl
|-boost|p1a: Garganacl|def|2
|
|-heal|p1a: Garganacl|80/100|[from] item: Leftovers
|-damage|p1a: Garganacl|68/100|[from] Salt Cure
|upkeep
|turn|9
|
|t:|1779799514
|move|p2a: Larper|Salt Cure|p1a: Garganacl
|-damage|p1a: Garganacl|65/100
|move|p1a: Garganacl|Recover|p1a: Garganacl
|-heal|p1a: Garganacl|100/100
|
|-damage|p1a: Garganacl|88/100|[from] Salt Cure
|upkeep
|turn|10
|
|t:|1779799533
|move|p2a: Larper|Salt Cure|p1a: Garganacl
|-damage|p1a: Garganacl|86/100
|move|p1a: Garganacl|Body Press|p2a: Larper
|-supereffective|p2a: Larper
|-damage|p2a: Larper|13/100
|
|-heal|p1a: Garganacl|92/100|[from] item: Leftovers
|-damage|p1a: Garganacl|79/100|[from] Salt Cure
|upkeep
|turn|11
|
|t:|1779799545
|move|p2a: Larper|Salt Cure|p1a: Garganacl
|-damage|p1a: Garganacl|77/100
|move|p1a: Garganacl|Body Press|p2a: Larper
|-supereffective|p2a: Larper
|-damage|p2a: Larper|0 fnt
|faint|p2a: Larper
|
|-heal|p1a: Garganacl|83/100|[from] item: Leftovers
|-damage|p1a: Garganacl|71/100|[from] Salt Cure
|upkeep
|
|t:|1779799548
|switch|p2a: SHAQ|Dragonite, F, shiny|100/100
|-damage|p2a: SHAQ|76/100|[from] Stealth Rock
|turn|12
|
|t:|1779799561
|move|p2a: SHAQ|Dragon Dance|p2a: SHAQ
|-boost|p2a: SHAQ|atk|1
|-boost|p2a: SHAQ|spe|1
|move|p1a: Garganacl|Salt Cure|p2a: SHAQ
|-supereffective|p2a: SHAQ
|-damage|p2a: SHAQ|42/100
|-start|p2a: SHAQ|Salt Cure
|
|-heal|p1a: Garganacl|77/100|[from] item: Leftovers
|-damage|p2a: SHAQ|30/100|[from] Salt Cure
|-damage|p1a: Garganacl|65/100|[from] Salt Cure
|upkeep
|turn|13
|
|t:|1779799572
|move|p2a: SHAQ|Earthquake|p1a: Garganacl
|-supereffective|p1a: Garganacl
|-damage|p1a: Garganacl|46/100
|move|p1a: Garganacl|Recover|p1a: Garganacl
|-heal|p1a: Garganacl|96/100
|
|-heal|p1a: Garganacl|100/100|[from] item: Leftovers
|-damage|p2a: SHAQ|18/100|[from] Salt Cure
|-damage|p1a: Garganacl|88/100|[from] Salt Cure
|upkeep
|turn|14
|
|t:|1779799586
|move|p2a: SHAQ|Draco Meteor|p1a: Garganacl
|-damage|p1a: Garganacl|61/100
|-unboost|p2a: SHAQ|spa|2
|move|p1a: Garganacl|Recover|p1a: Garganacl
|-heal|p1a: Garganacl|100/100
|
|-damage|p2a: SHAQ|5/100|[from] Salt Cure
|-damage|p1a: Garganacl|88/100|[from] Salt Cure
|upkeep
|turn|15
|
|t:|1779799596
|move|p2a: SHAQ|Earthquake|p1a: Garganacl
|-supereffective|p1a: Garganacl
|-damage|p1a: Garganacl|70/100
|move|p1a: Garganacl|Salt Cure|p2a: SHAQ
|-supereffective|p2a: SHAQ
|-damage|p2a: SHAQ|0 fnt
|faint|p2a: SHAQ
|
|-heal|p1a: Garganacl|76/100|[from] item: Leftovers
|-damage|p1a: Garganacl|64/100|[from] Salt Cure
|upkeep
|
|t:|1779799602
|switch|p2a: 🪨 Rocky 🪨 🎸|Minior-Blue|100/100
|-damage|p2a: 🪨 Rocky 🪨 🎸|76/100|[from] Stealth Rock
|-formechange|p2a: 🪨 Rocky 🪨 🎸|Minior-Meteor||[from] ability: Shields Down
|turn|16
|
|t:|1779799614
|move|p2a: 🪨 Rocky 🪨 🎸|Shell Smash|p2a: 🪨 Rocky 🪨 🎸
|-unboost|p2a: 🪨 Rocky 🪨 🎸|def|1
|-unboost|p2a: 🪨 Rocky 🪨 🎸|spd|1
|-boost|p2a: 🪨 Rocky 🪨 🎸|atk|2
|-boost|p2a: 🪨 Rocky 🪨 🎸|spa|2
|-boost|p2a: 🪨 Rocky 🪨 🎸|spe|2
|-enditem|p2a: 🪨 Rocky 🪨 🎸|White Herb
|-clearnegativeboost|p2a: 🪨 Rocky 🪨 🎸|[silent]
|move|p1a: Garganacl|Salt Cure|p2a: 🪨 Rocky 🪨 🎸
|-supereffective|p2a: 🪨 Rocky 🪨 🎸
|-damage|p2a: 🪨 Rocky 🪨 🎸|37/100
|-start|p2a: 🪨 Rocky 🪨 🎸|Salt Cure
|
|-heal|p1a: Garganacl|70/100|[from] item: Leftovers
|-damage|p2a: 🪨 Rocky 🪨 🎸|24/100|[from] Salt Cure
|-damage|p1a: Garganacl|57/100|[from] Salt Cure
|-formechange|p2a: 🪨 Rocky 🪨 🎸|Minior-Blue||[from] ability: Shields Down
|upkeep
|turn|17
|
|t:|1779799632
|move|p2a: 🪨 Rocky 🪨 🎸|Earthquake|p1a: Garganacl
|-supereffective|p1a: Garganacl
|-damage|p1a: Garganacl|41/100
|move|p1a: Garganacl|Recover|p1a: Garganacl
|-heal|p1a: Garganacl|91/100
|
|-heal|p1a: Garganacl|97/100|[from] item: Leftovers
|-damage|p2a: 🪨 Rocky 🪨 🎸|12/100|[from] Salt Cure
|-damage|p1a: Garganacl|85/100|[from] Salt Cure
|upkeep
|turn|18
|
|t:|1779799644
|move|p2a: 🪨 Rocky 🪨 🎸|Power Gem|p1a: Garganacl
|-damage|p1a: Garganacl|31/100
|move|p1a: Garganacl|Salt Cure|p2a: 🪨 Rocky 🪨 🎸
|-supereffective|p2a: 🪨 Rocky 🪨 🎸
|-damage|p2a: 🪨 Rocky 🪨 🎸|0 fnt
|faint|p2a: 🪨 Rocky 🪨 🎸
|
|-heal|p1a: Garganacl|38/100|[from] item: Leftovers
|-damage|p1a: Garganacl|25/100|[from] Salt Cure
|upkeep
|
|t:|1779799650
|switch|p2a: Drug Addict|Weavile, F|100/100
|-damage|p2a: Drug Addict|76/100|[from] Stealth Rock
|-ability|p2a: Drug Addict|Pressure
|turn|19
|
|t:|1779799660
|move|p2a: Drug Addict|Fake Out|p1a: Garganacl
|-resisted|p1a: Garganacl
|-damage|p1a: Garganacl|24/100
|cant|p1a: Garganacl|flinch
|
|-heal|p1a: Garganacl|30/100|[from] item: Leftovers
|-damage|p1a: Garganacl|18/100|[from] Salt Cure
|upkeep
|turn|20
|
|t:|1779799669
|move|p2a: Drug Addict|Knock Off|p1a: Garganacl
|-damage|p1a: Garganacl|9/100
|-enditem|p1a: Garganacl|Leftovers|[from] move: Knock Off|[of] p2a: Drug Addict
|move|p1a: Garganacl|Recover|p1a: Garganacl
|-heal|p1a: Garganacl|59/100
|
|-damage|p1a: Garganacl|47/100|[from] Salt Cure
|upkeep
|turn|21
|
|t:|1779799677
|move|p2a: Drug Addict|Swords Dance|p2a: Drug Addict
|-boost|p2a: Drug Addict|atk|2
|move|p1a: Garganacl|Recover|p1a: Garganacl
|-heal|p1a: Garganacl|97/100
|
|-damage|p1a: Garganacl|84/100|[from] Salt Cure
|upkeep
|turn|22
|
|t:|1779799687
|move|p2a: Drug Addict|Swords Dance|p2a: Drug Addict
|-boost|p2a: Drug Addict|atk|2
|move|p1a: Garganacl|Body Press|p2a: Drug Addict
|-supereffective|p2a: Drug Addict
|-damage|p2a: Drug Addict|0 fnt
|faint|p2a: Drug Addict
|
|-damage|p1a: Garganacl|72/100|[from] Salt Cure
|upkeep
|
|t:|1779799693
|switch|p2a: Dancy person|Oricorio, M, shiny|100/100
|-damage|p2a: Dancy person|51/100|[from] Stealth Rock
|turn|23
|
|t:|1779799704
|move|p2a: Dancy person|Quiver Dance|p2a: Dancy person
|-boost|p2a: Dancy person|spa|1
|-boost|p2a: Dancy person|spd|1
|-boost|p2a: Dancy person|spe|1
|move|p1a: Garganacl|Salt Cure|p2a: Dancy person
|-supereffective|p2a: Dancy person
|-damage|p2a: Dancy person|0 fnt
|faint|p2a: Dancy person
|
|-damage|p1a: Garganacl|59/100|[from] Salt Cure
|upkeep
|
|t:|1779799707
|switch|p2a: Chris Paul|Iron Valiant, shiny|100/100
|-damage|p2a: Chris Paul|94/100|[from] Stealth Rock
|-enditem|p2a: Chris Paul|Booster Energy
|-activate|p2a: Chris Paul|ability: Quark Drive|[fromitem]
|-start|p2a: Chris Paul|quarkdrivespe
|turn|24
|
|t:|1779799722
|-terastallize|p2a: Chris Paul|Ice
|move|p2a: Chris Paul|Swords Dance|p2a: Chris Paul
|-boost|p2a: Chris Paul|atk|2
|move|p1a: Garganacl|Body Press|p2a: Chris Paul
|-supereffective|p2a: Chris Paul
|-damage|p2a: Chris Paul|0 fnt
|faint|p2a: Chris Paul
|-end|p2a: Chris Paul|Quark Drive|[silent]
|
|win|O888
|raw|O888's rating: 1109 &rarr; <strong>1130</strong><br />(+21 for winning)
|raw|Hokari's rating: 1060 &rarr; <strong>1044</strong><br />(-16 for losing)
|l|☆Hokari
|player|p2|
|l|‽O888
|player|p1|
