|j|☆canardviivant
|j|☆YoSoyDelBronx
|t:|1779967392
|gametype|singles
|player|p1|canardviivant|ethan|1325
|player|p2|YoSoyDelBronx|noland|1320
|gen|9
|tier|[Gen 9] OU
|rated|
|rule|HP Percentage Mod: HP is shown in percentages
|rule|Endless Battle Clause: Forcing endless battles is banned
|rule|Species Clause: Limit one of each Pokémon
|rule|OHKO Clause: OHKO moves are banned
|rule|Evasion Items Clause: Evasion items are banned
|rule|Evasion Moves Clause: Evasion moves are banned
|rule|Evasion Abilities Clause: Evasion abilities are banned
|rule|Sleep Moves Clause: Sleep-inducing moves are banned
|clearpoke
|poke|p1|Luxray, M|
|poke|p1|Landorus-Therian, M|
|poke|p1|Weezing-Galar, F|
|poke|p1|Darkrai|
|poke|p1|Zamazenta-*|
|poke|p1|Gholdengo|
|poke|p2|Blaziken, M|
|poke|p2|Diancie|
|poke|p2|Raging Bolt|
|poke|p2|Great Tusk|
|poke|p2|Ninetales, M|
|poke|p2|Cresselia, F|
|teampreview
|inactive|Battle timer is ON: inactive players will automatically lose when time's up. (requested by canardviivant)
|
|t:|1779967408
|teamsize|p1|6
|teamsize|p2|6
|start
|switch|p1a: Darkrai|Darkrai|100/100
|switch|p2a: OrochiZerito|Blaziken, M, shiny|100/100
|turn|1
|
|t:|1779967417
|switch|p1a: Landorus|Landorus-Therian, M|100/100
|-ability|p1a: Landorus|Intimidate|boost
|-unboost|p2a: OrochiZerito|atk|1
|move|p2a: OrochiZerito|Focus Energy|p2a: OrochiZerito
|-start|p2a: OrochiZerito|move: Focus Energy
|
|-ability|p2a: OrochiZerito|Speed Boost|boost
|-boost|p2a: OrochiZerito|spe|1
|upkeep
|turn|2
|
|t:|1779967427
|move|p2a: OrochiZerito|Overheat|p1a: Landorus
|-crit|p1a: Landorus
|-damage|p1a: Landorus|0 fnt
|-unboost|p2a: OrochiZerito|spa|2
|faint|p1a: Landorus
|
|-ability|p2a: OrochiZerito|Speed Boost|boost
|-boost|p2a: OrochiZerito|spe|1
|upkeep
|
|t:|1779967437
|switch|p1a: Darkrai|Darkrai|100/100
|turn|3
|
|t:|1779967443
|move|p1a: Darkrai|Focus Blast|p2a: OrochiZerito
|-damage|p2a: OrochiZerito|33/100
|move|p2a: OrochiZerito|Close Combat|p1a: Darkrai
|-supereffective|p1a: Darkrai
|-crit|p1a: Darkrai
|-damage|p1a: Darkrai|0 fnt
|-unboost|p2a: OrochiZerito|def|1
|-unboost|p2a: OrochiZerito|spd|1
|faint|p1a: Darkrai
|
|-ability|p2a: OrochiZerito|Speed Boost|boost
|-boost|p2a: OrochiZerito|spe|1
|upkeep
|
|t:|1779967455
|switch|p1a: Gholdengo|Gholdengo|100/100
|turn|4
|
|t:|1779967462
|-terastallize|p2a: OrochiZerito|Fire
|move|p2a: OrochiZerito|Overheat|p1a: Gholdengo|[miss]
|-miss|p2a: OrochiZerito|p1a: Gholdengo
|move|p1a: Gholdengo|Shadow Ball|p2a: OrochiZerito
|-damage|p2a: OrochiZerito|0 fnt
|faint|p2a: OrochiZerito
|-damage|p1a: Gholdengo|91/100|[from] item: Life Orb
|
|upkeep
|
|t:|1779967475
|switch|p2a: Kurama|Ninetales, M|100/100
|-weather|SunnyDay|[from] ability: Drought|[of] p2a: Kurama
|turn|5
|
|t:|1779967488
|-terastallize|p1a: Gholdengo|Fighting
|move|p2a: Kurama|Weather Ball|p1a: Gholdengo
|-damage|p1a: Gholdengo|36/100
|move|p1a: Gholdengo|Focus Blast|p2a: Kurama
|-crit|p2a: Kurama
|-damage|p2a: Kurama|0 fnt
|faint|p2a: Kurama
|-damage|p1a: Gholdengo|26/100|[from] item: Life Orb
|
|-weather|SunnyDay|[upkeep]
|upkeep
|
|t:|1779967501
|switch|p2a: Halulu|Cresselia, F, shiny|100/100
|turn|6
|
|t:|1779967507
|move|p1a: Gholdengo|Shadow Ball|p2a: Halulu
|-supereffective|p2a: Halulu
|-damage|p2a: Halulu|34/100
|-damage|p1a: Gholdengo|17/100|[from] item: Life Orb
|move|p2a: Halulu|Trick Room|p2a: Halulu
|-fieldstart|move: Trick Room|[of] p2a: Halulu
|
|-weather|SunnyDay|[upkeep]
|upkeep
|turn|7
|
|t:|1779967514
|move|p2a: Halulu|Lunar Dance|p2a: Halulu
|faint|p2a: Halulu
|move|p1a: Gholdengo|Shadow Ball|p2: Halulu|[notarget]
|-fail|p1a: Gholdengo
|
|-weather|SunnyDay|[upkeep]
|upkeep
|
|t:|1779967516
|switch|p2a: SimaSoyYo|Diancie, shiny|100/100
|turn|8
|
|t:|1779967524
|move|p2a: SimaSoyYo|Moonblast|p1a: Gholdengo
|-supereffective|p1a: Gholdengo
|-damage|p1a: Gholdengo|0 fnt
|faint|p1a: Gholdengo
|
|-weather|SunnyDay|[upkeep]
|upkeep
|
|t:|1779967529
|switch|p1a: Weezing|Weezing-Galar, F|100/100
|turn|9
|
|t:|1779967534
|move|p2a: SimaSoyYo|Meteor Beam||[still]
|-prepare|p2a: SimaSoyYo|Meteor Beam
|-boost|p2a: SimaSoyYo|spa|1
|-enditem|p2a: SimaSoyYo|Power Herb
|-anim|p2a: SimaSoyYo|Meteor Beam|p1a: Weezing
|-crit|p1a: Weezing
|-damage|p1a: Weezing|0 fnt
|faint|p1a: Weezing
|
|-weather|SunnyDay|[upkeep]
|upkeep
|
|t:|1779967542
|switch|p1a: Luxray|Luxray, M|100/100
|turn|10
|
|t:|1779967547
|move|p2a: SimaSoyYo|Earth Power|p1a: Luxray
|-supereffective|p1a: Luxray
|-damage|p1a: Luxray|0 fnt
|faint|p1a: Luxray
|
|-weather|SunnyDay|[upkeep]
|-fieldend|move: Trick Room
|upkeep
|
|t:|1779967552
|switch|p1a: Zamazenta|Zamazenta|100/100
|-ability|p1a: Zamazenta|Dauntless Shield|boost
|-boost|p1a: Zamazenta|def|1
|turn|11
|
|t:|1779967561
|move|p1a: Zamazenta|Body Press|p2a: SimaSoyYo
|-damage|p2a: SimaSoyYo|63/100
|move|p2a: SimaSoyYo|Moonblast|p1a: Zamazenta
|-supereffective|p1a: Zamazenta
|-damage|p1a: Zamazenta|0 fnt
|faint|p1a: Zamazenta
|
|win|YoSoyDelBronx
|raw|canardviivant's rating: 1325 &rarr; <strong>1305</strong><br />(-20 for losing)
|raw|YoSoyDelBronx's rating: 1320 &rarr; <strong>1340</strong><br />(+20 for winning)
|l|☆canardviivant
|player|p1|
|c|☆YoSoyDelBronx|gg
