|j|☆UltraBallzz
|j|☆chip wittley
|t:|1779932548
|gametype|singles
|player|p1|UltraBallzz|#splxbigs|1681
|player|p2|chip wittley|lance|1733
|gen|9
|tier|[Gen 9] OU
|rated|
|rule|HP Percentage Mod: HP is shown in percentages
|rule|Endless Battle Clause: Forcing endless battles is banned
|rule|Species Clause: Limit one of each Pokémon
|rule|OHKO Clause: OHKO moves are banned
|rule|Evasion Items Clause: Evasion items are banned
|rule|Evasion Moves Clause: Evasion moves are banned
|rule|Evasion Abilities Clause: Evasion abilities are banned
|rule|Sleep Moves Clause: Sleep-inducing moves are banned
|clearpoke
|poke|p1|Iron Treads|
|poke|p1|Moltres|
|poke|p1|Dragapult, F|
|poke|p1|Samurott-Hisui, M|
|poke|p1|Ogerpon, F|
|poke|p1|Iron Valiant|
|poke|p2|Rhydon, M|
|poke|p2|Tyranitar, M|
|poke|p2|Salamence, M|
|poke|p2|Clefable, M|
|poke|p2|Excadrill, M|
|poke|p2|Volcanion|
|teampreview
|
|t:|1779932562
|teamsize|p1|6
|teamsize|p2|6
|start
|switch|p1a: Ogerpon|Ogerpon, F|100/100
|switch|p2a: Clefable|Clefable, M|100/100
|turn|1
|inactive|Battle timer is ON: inactive players will automatically lose when time's up. (requested by UltraBallzz)
|j| BiscoitoXDBr
|
|t:|1779932565
|move|p1a: Ogerpon|Ivy Cudgel|p2a: Clefable
|-damage|p2a: Clefable|48/100
|move|p2a: Clefable|Moonblast|p1a: Ogerpon
|-damage|p1a: Ogerpon|62/100
|
|-heal|p2a: Clefable|55/100|[from] item: Leftovers
|upkeep
|turn|2
|
|t:|1779932571
|move|p2a: Clefable|Protect|p2a: Clefable
|-singleturn|p2a: Clefable|Protect
|move|p1a: Ogerpon|Ivy Cudgel|p2a: Clefable
|-activate|p2a: Clefable|move: Protect
|
|-heal|p2a: Clefable|61/100|[from] item: Leftovers
|upkeep
|turn|3
|
|t:|1779932575
|switch|p1a: Iron Treads|Iron Treads|100/100
|switch|p2a: Salamence|Salamence, M|100/100
|
|upkeep
|turn|4
|
|t:|1779932580
|switch|p2a: Clefable|Clefable, M|61/100
|move|p1a: Iron Treads|Stealth Rock|p2a: Clefable
|-sidestart|p2: chip wittley|move: Stealth Rock
|
|-heal|p2a: Clefable|67/100|[from] item: Leftovers
|upkeep
|turn|5
|
|t:|1779932582
|move|p1a: Iron Treads|Knock Off|p2a: Clefable
|-resisted|p2a: Clefable
|-damage|p2a: Clefable|58/100
|-enditem|p2a: Clefable|Leftovers|[from] move: Knock Off|[of] p1a: Iron Treads
|move|p2a: Clefable|Wish|p2a: Clefable
|
|upkeep
|turn|6
|
|t:|1779932588
|move|p1a: Iron Treads|Earthquake|p2a: Clefable
|-damage|p2a: Clefable|31/100
|move|p2a: Clefable|Moonblast|p1a: Iron Treads
|-resisted|p1a: Iron Treads
|-damage|p1a: Iron Treads|85/100
|
|-heal|p2a: Clefable|81/100|[from] move: Wish|[wisher] Clefable
|-heal|p1a: Iron Treads|91/100|[from] item: Leftovers
|upkeep
|turn|7
|
|t:|1779932599
|move|p1a: Iron Treads|Earthquake|p2a: Clefable
|-damage|p2a: Clefable|53/100
|move|p2a: Clefable|Wish|p2a: Clefable
|
|-heal|p1a: Iron Treads|97/100|[from] item: Leftovers
|upkeep
|turn|8
|
|t:|1779932606
|move|p2a: Clefable|Protect|p2a: Clefable
|-singleturn|p2a: Clefable|Protect
|move|p1a: Iron Treads|Knock Off|p2a: Clefable
|-activate|p2a: Clefable|move: Protect
|
|-heal|p2a: Clefable|100/100|[from] move: Wish|[wisher] Clefable
|-heal|p1a: Iron Treads|100/100|[from] item: Leftovers
|upkeep
|turn|9
|
|t:|1779932609
|move|p1a: Iron Treads|Earthquake|p2a: Clefable
|-damage|p2a: Clefable|72/100
|move|p2a: Clefable|Wish|p2a: Clefable
|
|upkeep
|turn|10
|
|t:|1779932613
|switch|p2a: Rhydon|Rhydon, M|100/100
|-damage|p2a: Rhydon|94/100|[from] Stealth Rock
|move|p1a: Iron Treads|Knock Off|p2a: Rhydon
|-damage|p2a: Rhydon|81/100
|-enditem|p2a: Rhydon|Eviolite|[from] move: Knock Off|[of] p1a: Iron Treads
|
|-heal|p2a: Rhydon|100/100|[from] move: Wish|[wisher] Clefable
|upkeep
|turn|11
|
|t:|1779932622
|-end|p1a: Iron Treads|Quark Drive|[silent]
|switch|p1a: Samurott|Samurott-Hisui, M|100/100
|move|p2a: Rhydon|Earthquake|p1a: Samurott
|-damage|p1a: Samurott|49/100
|
|upkeep
|turn|12
|
|t:|1779932629
|move|p1a: Samurott|Razor Shell|p2a: Rhydon
|-supereffective|p2a: Rhydon
|-damage|p2a: Rhydon|0 fnt
|faint|p2a: Rhydon
|
|upkeep
|
|t:|1779932634
|switch|p2a: Volcanion|Volcanion|100/100
|turn|13
|
|t:|1779932640
|move|p1a: Samurott|Knock Off|p2a: Volcanion
|-damage|p2a: Volcanion|66/100
|-enditem|p2a: Volcanion|Heavy-Duty Boots|[from] move: Knock Off|[of] p1a: Samurott
|move|p2a: Volcanion|Sludge Bomb|p1a: Samurott
|-damage|p1a: Samurott|23/100
|
|upkeep
|turn|14
|
|t:|1779932646
|move|p1a: Samurott|Ceaseless Edge|p2a: Volcanion|[miss]
|-miss|p1a: Samurott|p2a: Volcanion
|move|p2a: Volcanion|Sludge Bomb|p1a: Samurott
|-damage|p1a: Samurott|0 fnt
|faint|p1a: Samurott
|
|upkeep
|
|t:|1779932650
|switch|p1a: Ogerpon|Ogerpon, F|62/100
|turn|15
|
|t:|1779932653
|move|p1a: Ogerpon|Ivy Cudgel|p2a: Volcanion
|-damage|p2a: Volcanion|0 fnt
|faint|p2a: Volcanion
|
|upkeep
|
|t:|1779932661
|switch|p2a: Tyranitar|Tyranitar, M|100/100
|-damage|p2a: Tyranitar|88/100|[from] Stealth Rock
|-weather|Sandstorm|[from] ability: Sand Stream|[of] p2a: Tyranitar
|turn|16
|
|t:|1779932666
|-terastallize|p2a: Tyranitar|Grass
|move|p1a: Ogerpon|Ivy Cudgel|p2a: Tyranitar
|-resisted|p2a: Tyranitar
|-damage|p2a: Tyranitar|57/100
|move|p2a: Tyranitar|Knock Off|p1a: Ogerpon
|-damage|p1a: Ogerpon|3/100
|-enditem|p1a: Ogerpon|Choice Band|[from] move: Knock Off|[of] p2a: Tyranitar
|
|-weather|Sandstorm|[upkeep]
|-damage|p1a: Ogerpon|0 fnt|[from] Sandstorm
|-damage|p2a: Tyranitar|51/100|[from] Sandstorm
|faint|p1a: Ogerpon
|upkeep
|
|t:|1779932682
|switch|p1a: Dragapult|Dragapult, F|100/100
|turn|17
|
|t:|1779932685
|move|p1a: Dragapult|U-turn|p2a: Tyranitar
|-supereffective|p2a: Tyranitar
|-damage|p2a: Tyranitar|19/100
|
|t:|1779932693
|switch|p1a: Iron Valiant|Iron Valiant|100/100|[from] U-turn
|-enditem|p1a: Iron Valiant|Booster Energy
|-activate|p1a: Iron Valiant|ability: Quark Drive|[fromitem]
|-start|p1a: Iron Valiant|quarkdrivespe
|move|p2a: Tyranitar|Knock Off|p1a: Iron Valiant
|-resisted|p1a: Iron Valiant
|-damage|p1a: Iron Valiant|90/100
|
|-weather|Sandstorm|[upkeep]
|-damage|p1a: Iron Valiant|84/100|[from] Sandstorm
|-damage|p2a: Tyranitar|13/100|[from] Sandstorm
|upkeep
|turn|18
|
|t:|1779932699
|switch|p2a: Excadrill|Excadrill, M|100/100
|-damage|p2a: Excadrill|97/100|[from] Stealth Rock
|-item|p2a: Excadrill|Air Balloon
|move|p1a: Iron Valiant|Encore||[still]
|-fail|p1a: Iron Valiant
|
|-weather|Sandstorm|[upkeep]
|-damage|p1a: Iron Valiant|78/100|[from] Sandstorm
|upkeep
|turn|19
|
|t:|1779932712
|move|p2a: Excadrill|Swords Dance|p2a: Excadrill
|-boost|p2a: Excadrill|atk|2
|move|p1a: Iron Valiant|Shadow Ball|p2a: Excadrill
|-damage|p2a: Excadrill|63/100
|-unboost|p2a: Excadrill|spd|1
|-enditem|p2a: Excadrill|Air Balloon
|
|-weather|Sandstorm|[upkeep]
|-damage|p1a: Iron Valiant|72/100|[from] Sandstorm
|upkeep
|turn|20
|
|t:|1779932730
|move|p2a: Excadrill|Rapid Spin|p1a: Iron Valiant
|-damage|p1a: Iron Valiant|25/100
|-boost|p2a: Excadrill|spe|1
|-sideend|p2: chip wittley|Stealth Rock|[from] move: Rapid Spin|[of] p2a: Excadrill
|move|p1a: Iron Valiant|Shadow Ball|p2a: Excadrill
|-damage|p2a: Excadrill|9/100
|
|-weather|Sandstorm|[upkeep]
|-damage|p1a: Iron Valiant|19/100|[from] Sandstorm
|upkeep
|turn|21
|j| maximilk
|
|t:|1779932744
|-end|p1a: Iron Valiant|Quark Drive|[silent]
|switch|p1a: Moltres|Moltres|100/100
|move|p2a: Excadrill|Earthquake|p1a: Moltres
|-immune|p1a: Moltres
|
|-weather|Sandstorm|[upkeep]
|-damage|p1a: Moltres|94/100|[from] Sandstorm
|upkeep
|turn|22
|
|t:|1779932746
|move|p2a: Excadrill|Rock Slide|p1a: Moltres|[miss]
|-miss|p2a: Excadrill|p1a: Moltres
|move|p1a: Moltres|Flamethrower|p2a: Excadrill
|-supereffective|p2a: Excadrill
|-damage|p2a: Excadrill|0 fnt
|faint|p2a: Excadrill
|
|-weather|Sandstorm|[upkeep]
|-damage|p1a: Moltres|88/100|[from] Sandstorm
|upkeep
|
|t:|1779932753
|switch|p2a: Salamence|Salamence, M|100/100
|turn|23
|
|t:|1779932756
|move|p2a: Salamence|Outrage|p1a: Moltres
|-damage|p1a: Moltres|44/100
|move|p1a: Moltres|Will-O-Wisp|p2a: Salamence
|-status|p2a: Salamence|brn
|
|-weather|none
|-damage|p2a: Salamence|94/100 brn|[from] brn
|upkeep
|turn|24
|
|t:|1779932759
|move|p2a: Salamence|Outrage|p1a: Moltres|[from] lockedmove
|-damage|p1a: Moltres|22/100
|-start|p2a: Salamence|confusion|[fatigue]
|move|p1a: Moltres|Roost|p1a: Moltres
|-heal|p1a: Moltres|73/100
|-singleturn|p1a: Moltres|move: Roost
|
|-damage|p2a: Salamence|88/100 brn|[from] brn
|upkeep
|turn|25
|
|t:|1779932762
|switch|p2a: Tyranitar|Tyranitar, M, tera:Grass|13/100
|-weather|Sandstorm|[from] ability: Sand Stream|[of] p2a: Tyranitar
|move|p1a: Moltres|Roost|p1a: Moltres
|-heal|p1a: Moltres|100/100
|-singleturn|p1a: Moltres|move: Roost
|
|-weather|Sandstorm|[upkeep]
|-damage|p1a: Moltres|94/100|[from] Sandstorm
|-damage|p2a: Tyranitar|6/100|[from] Sandstorm
|upkeep
|turn|26
|
|t:|1779932765
|move|p1a: Moltres|U-turn|p2a: Tyranitar
|-supereffective|p2a: Tyranitar
|-crit|p2a: Tyranitar
|-damage|p2a: Tyranitar|0 fnt
|faint|p2a: Tyranitar
|
|t:|1779932767
|switch|p1a: Iron Treads|Iron Treads|100/100|[from] U-turn
|
|-weather|Sandstorm|[upkeep]
|upkeep
|c|☆chip wittley|gg
|-message|chip wittley forfeited.
|
|win|UltraBallzz
|raw|UltraBallzz's rating: 1681 &rarr; <strong>1704</strong><br />(+23 for winning)
|raw|chip wittley's rating: 1733 &rarr; <strong>1710</strong><br />(-23 for losing)
|c|☆UltraBallzz|Gg
|l|☆UltraBallzz
|player|p1|
|l| maximilk
