|j|☆ilostthisgame
|j|☆cablaz
|t:|1779952296
|gametype|singles
|player|p1|ilostthisgame|265|1205
|player|p2|cablaz|265|1182
|gen|9
|tier|[Gen 9] OU
|rated|
|rule|HP Percentage Mod: HP is shown in percentages
|rule|Endless Battle Clause: Forcing endless battles is banned
|rule|Species Clause: Limit one of each Pokémon
|rule|OHKO Clause: OHKO moves are banned
|rule|Evasion Items Clause: Evasion items are banned
|rule|Evasion Moves Clause: Evasion moves are banned
|rule|Evasion Abilities Clause: Evasion abilities are banned
|rule|Sleep Moves Clause: Sleep-inducing moves are banned
|clearpoke
|poke|p1|Rillaboom, F|
|poke|p1|Weavile, F|
|poke|p1|Ceruledge, M|
|poke|p1|Regidrago|
|poke|p1|Corviknight, M|
|poke|p1|Ursaluna, M|
|poke|p2|Pincurchin, F|
|poke|p2|Iron Moth|
|poke|p2|Raging Bolt|
|poke|p2|Ogerpon-Wellspring, F|
|poke|p2|Iron Leaves|
|poke|p2|Landorus-Therian, M|
|teampreview
|inactive|Battle timer is ON: inactive players will automatically lose when time's up. (requested by ilostthisgame)
|
|t:|1779952309
|teamsize|p1|6
|teamsize|p2|6
|start
|switch|p1a: Ursaluna|Ursaluna, M|100/100
|switch|p2a: Iron Moth|Iron Moth|100/100
|turn|1
|
|t:|1779952320
|-terastallize|p2a: Iron Moth|Grass
|move|p2a: Iron Moth|Energy Ball|p1a: Ursaluna
|-supereffective|p1a: Ursaluna
|-damage|p1a: Ursaluna|7/100
|move|p1a: Ursaluna|Earthquake|p2a: Iron Moth
|-resisted|p2a: Iron Moth
|-damage|p2a: Iron Moth|47/100
|
|-status|p1a: Ursaluna|brn|[from] item: Flame Orb
|upkeep
|turn|2
|
|t:|1779952335
|-end|p2a: Iron Moth|Quark Drive|[silent]
|switch|p2a: Pincurchin|Pincurchin, F, shiny|100/100
|-fieldstart|move: Electric Terrain|[from] ability: Electric Surge|[of] p2a: Pincurchin
|move|p1a: Ursaluna|Facade|p2a: Pincurchin
|-damage|p2a: Pincurchin|0 fnt
|faint|p2a: Pincurchin
|
|-damage|p1a: Ursaluna|1/100 brn|[from] brn
|upkeep
|
|t:|1779952345
|switch|p2a: Ogerpon|Ogerpon-Wellspring, F|100/100
|turn|3
|
|t:|1779952350
|move|p2a: Ogerpon|Ivy Cudgel|p1a: Ursaluna|[anim] Ivy Cudgel Water
|-supereffective|p1a: Ursaluna
|-damage|p1a: Ursaluna|0 fnt
|faint|p1a: Ursaluna
|
|upkeep
|
|t:|1779952356
|switch|p1a: Regidrago|Regidrago|100/100
|turn|4
|
|t:|1779952361
|move|p1a: Regidrago|Dragon Energy|p2a: Ogerpon
|-damage|p2a: Ogerpon|0 fnt
|faint|p2a: Ogerpon
|
|upkeep
|
|t:|1779952372
|switch|p2a: Iron Moth|Iron Moth, tera:Grass|47/100
|-activate|p2a: Iron Moth|ability: Quark Drive
|-start|p2a: Iron Moth|quarkdrivespa
|turn|5
|
|t:|1779952379
|move|p2a: Iron Moth|Dazzling Gleam|p1a: Regidrago
|-supereffective|p1a: Regidrago
|-crit|p1a: Regidrago
|-damage|p1a: Regidrago|0 fnt
|faint|p1a: Regidrago
|
|upkeep
|
|t:|1779952390
|switch|p1a: Corviknight|Corviknight, M|100/100
|-ability|p1a: Corviknight|Pressure
|turn|6
|
|t:|1779952397
|-end|p2a: Iron Moth|Quark Drive|[silent]
|switch|p2a: Raging Bolt|Raging Bolt|100/100
|move|p1a: Corviknight|U-turn|p2a: Raging Bolt
|-damage|p2a: Raging Bolt|88/100
|
|t:|1779952407
|switch|p1a: Weavile|Weavile, F|100/100|[from] U-turn
|-ability|p1a: Weavile|Pressure
|
|upkeep
|turn|7
|
|t:|1779952414
|move|p1a: Weavile|Fake Out|p2a: Raging Bolt
|-damage|p2a: Raging Bolt|76/100
|cant|p2a: Raging Bolt|flinch
|
|upkeep
|turn|8
|
|t:|1779952419
|move|p2a: Raging Bolt|Thunderclap|p1a: Weavile
|-enditem|p1a: Weavile|Focus Sash
|-damage|p1a: Weavile|1/100
|move|p1a: Weavile|Triple Axel|p2a: Raging Bolt
|-supereffective|p2a: Raging Bolt
|-damage|p2a: Raging Bolt|59/100
|-supereffective|p2a: Raging Bolt
|-damage|p2a: Raging Bolt|24/100
|-supereffective|p2a: Raging Bolt
|-damage|p2a: Raging Bolt|0 fnt
|faint|p2a: Raging Bolt
|-end|p2a: Raging Bolt|Protosynthesis|[silent]
|-hitcount|p2: Raging Bolt|3
|
|upkeep
|
|t:|1779952428
|switch|p2a: Iron Moth|Iron Moth, tera:Grass|47/100
|-activate|p2a: Iron Moth|ability: Quark Drive
|-start|p2a: Iron Moth|quarkdrivespa
|turn|9
|
|t:|1779952437
|move|p2a: Iron Moth|Fiery Dance|p1a: Weavile
|-supereffective|p1a: Weavile
|-crit|p1a: Weavile
|-damage|p1a: Weavile|0 fnt
|faint|p1a: Weavile
|
|-fieldend|move: Electric Terrain
|-end|p2a: Iron Moth|Quark Drive
|upkeep
|
|t:|1779952443
|switch|p1a: Ceruledge|Ceruledge, M|100/100
|turn|10
|
|t:|1779952447
|-end|p2a: Iron Moth|Quark Drive|[silent]
|switch|p2a: Landorus|Landorus-Therian, M|100/100
|-ability|p2a: Landorus|Intimidate|boost
|-unboost|p1a: Ceruledge|atk|1
|move|p1a: Ceruledge|Swords Dance|p1a: Ceruledge
|-boost|p1a: Ceruledge|atk|2
|
|upkeep
|turn|11
|
|t:|1779952455
|switch|p1a: Corviknight|Corviknight, M|100/100
|-ability|p1a: Corviknight|Pressure
|move|p2a: Landorus|Earthquake|p1a: Corviknight
|-immune|p1a: Corviknight
|
|upkeep
|turn|12
|
|t:|1779952462
|move|p2a: Landorus|Stealth Rock|p1a: Corviknight
|-sidestart|p1: ilostthisgame|move: Stealth Rock
|move|p1a: Corviknight|Brave Bird|p2a: Landorus
|-damage|p2a: Landorus|58/100
|-damage|p1a: Corviknight|89/100|[from] Recoil
|-enditem|p2a: Landorus|Eject Button
|
|t:|1779952466
|switch|p2a: Iron Moth|Iron Moth, tera:Grass|47/100
|
|upkeep
|turn|13
|
|t:|1779952473
|-terastallize|p1a: Corviknight|Flying
|move|p2a: Iron Moth|Fiery Dance|p1a: Corviknight
|-damage|p1a: Corviknight|38/100
|move|p1a: Corviknight|Brave Bird|p2a: Iron Moth
|-supereffective|p2a: Iron Moth
|-damage|p2a: Iron Moth|0 fnt
|faint|p2a: Iron Moth
|-end|p2a: Iron Moth|Quark Drive|[silent]
|-damage|p1a: Corviknight|26/100|[from] Recoil
|
|upkeep
|
|t:|1779952483
|switch|p2a: Iron Leaves|Iron Leaves|100/100
|turn|14
|
|t:|1779952493
|move|p2a: Iron Leaves|Psyblade|p1a: Corviknight
|-damage|p1a: Corviknight|0 fnt
|-damage|p2a: Iron Leaves|84/100|[from] item: Rocky Helmet|[of] p1a: Corviknight
|faint|p1a: Corviknight
|
|upkeep
|
|t:|1779952499
|switch|p1a: Ceruledge|Ceruledge, M|100/100
|-damage|p1a: Ceruledge|76/100|[from] Stealth Rock
|turn|15
|
|t:|1779952505
|-end|p2a: Iron Leaves|Quark Drive|[silent]
|switch|p2a: Landorus|Landorus-Therian, M|58/100
|-ability|p2a: Landorus|Intimidate|boost
|-unboost|p1a: Ceruledge|atk|1
|move|p1a: Ceruledge|Poltergeist||[still]
|-fail|p1a: Ceruledge
|
|upkeep
|turn|16
|
|t:|1779952514
|switch|p1a: Rillaboom|Rillaboom, F|100/100
|-damage|p1a: Rillaboom|88/100|[from] Stealth Rock
|-fieldstart|move: Grassy Terrain|[from] ability: Grassy Surge|[of] p1a: Rillaboom
|move|p2a: Landorus|Earthquake|p1a: Rillaboom
|-resisted|p1a: Rillaboom
|-damage|p1a: Rillaboom|72/100
|
|-heal|p1a: Rillaboom|79/100|[from] Grassy Terrain
|-heal|p1a: Rillaboom|85/100|[from] item: Leftovers
|upkeep
|turn|17
|
|t:|1779952527
|move|p1a: Rillaboom|Fake Out|p2a: Landorus
|-damage|p2a: Landorus|43/100
|cant|p2a: Landorus|flinch
|
|-heal|p1a: Rillaboom|91/100|[from] Grassy Terrain
|-heal|p1a: Rillaboom|97/100|[from] item: Leftovers
|upkeep
|turn|18
|
|t:|1779952536
|move|p1a: Rillaboom|Grassy Glide|p2a: Landorus
|-damage|p2a: Landorus|2/100
|move|p2a: Landorus|U-turn|p1a: Rillaboom
|-supereffective|p1a: Rillaboom
|-damage|p1a: Rillaboom|40/100
|
|t:|1779952542
|switch|p2a: Iron Leaves|Iron Leaves|84/100|[from] U-turn
|
|-heal|p2a: Iron Leaves|90/100|[from] Grassy Terrain
|-heal|p1a: Rillaboom|46/100|[from] Grassy Terrain
|-heal|p1a: Rillaboom|52/100|[from] item: Leftovers
|upkeep
|turn|19
|
|t:|1779952549
|switch|p1a: Ceruledge|Ceruledge, M|76/100
|-damage|p1a: Ceruledge|51/100|[from] Stealth Rock
|move|p2a: Iron Leaves|Psyblade|p1a: Ceruledge
|-damage|p1a: Ceruledge|0 fnt
|faint|p1a: Ceruledge
|
|-heal|p2a: Iron Leaves|96/100|[from] Grassy Terrain
|upkeep
|
|t:|1779952558
|switch|p1a: Rillaboom|Rillaboom, F|52/100
|-damage|p1a: Rillaboom|40/100|[from] Stealth Rock
|turn|20
|
|t:|1779952565
|-end|p2a: Iron Leaves|Quark Drive|[silent]
|switch|p2a: Landorus|Landorus-Therian, M|2/100
|-ability|p2a: Landorus|Intimidate|boost
|-unboost|p1a: Rillaboom|atk|1
|move|p1a: Rillaboom|Fake Out|p2a: Landorus
|-damage|p2a: Landorus|0 fnt
|faint|p2a: Landorus
|
|-heal|p1a: Rillaboom|46/100|[from] Grassy Terrain
|-heal|p1a: Rillaboom|52/100|[from] item: Leftovers
|-fieldend|move: Grassy Terrain
|upkeep
|
|t:|1779952567
|switch|p2a: Iron Leaves|Iron Leaves|96/100
|turn|21
|
|t:|1779952578
|move|p2a: Iron Leaves|Psyblade|p1a: Rillaboom
|-damage|p1a: Rillaboom|0 fnt
|faint|p1a: Rillaboom
|
|win|cablaz
|raw|ilostthisgame's rating: 1205 &rarr; <strong>1178</strong><br />(-27 for losing)
|raw|cablaz's rating: 1182 &rarr; <strong>1209</strong><br />(+27 for winning)
|l|☆cablaz
|player|p2|
|l|☆ilostthisgame
|player|p1|
