|j|☆itstheboyjay
|j|☆Test g17
|t:|1779813639
|gametype|singles
|player|p1|itstheboyjay|palmer|1217
|player|p2|Test g17|hilbert|1212
|gen|9
|tier|[Gen 9] OU
|rated|
|rule|HP Percentage Mod: HP is shown in percentages
|rule|Endless Battle Clause: Forcing endless battles is banned
|rule|Species Clause: Limit one of each Pokémon
|rule|OHKO Clause: OHKO moves are banned
|rule|Evasion Items Clause: Evasion items are banned
|rule|Evasion Moves Clause: Evasion moves are banned
|rule|Evasion Abilities Clause: Evasion abilities are banned
|rule|Sleep Moves Clause: Sleep-inducing moves are banned
|clearpoke
|poke|p1|Jolteon, F|
|poke|p1|Rhydon, M|
|poke|p1|Blastoise, F|
|poke|p1|Gengar, M|
|poke|p1|Arcanine, F|
|poke|p1|Exeggutor, F|
|poke|p2|Feraligatr, M|
|poke|p2|Deoxys-Speed|
|poke|p2|Iron Treads|
|poke|p2|Iron Moth|
|poke|p2|Keldeo-Resolute|
|poke|p2|Kyurem|
|teampreview
|
|t:|1779813656
|teamsize|p1|6
|teamsize|p2|6
|start
|switch|p1a: Exeggutor|Exeggutor, F, shiny|100/100
|switch|p2a: Keldeo|Keldeo-Resolute|100/100
|turn|1
|inactive|Battle timer is ON: inactive players will automatically lose when time's up. (requested by itstheboyjay)
|
|t:|1779813676
|move|p2a: Keldeo|Icy Wind|p1a: Exeggutor
|-supereffective|p1a: Exeggutor
|-damage|p1a: Exeggutor|49/100
|-unboost|p1a: Exeggutor|spe|1
|-enditem|p1a: Exeggutor|Sitrus Berry|[eat]
|-heal|p1a: Exeggutor|73/100|[from] item: Sitrus Berry
|move|p1a: Exeggutor|Stun Spore|p2a: Keldeo
|-status|p2a: Keldeo|par
|
|-item|p1a: Exeggutor|Sitrus Berry|[from] ability: Harvest
|upkeep
|turn|2
|
|t:|1779813690
|move|p2a: Keldeo|Icy Wind|p1a: Exeggutor
|-supereffective|p1a: Exeggutor
|-damage|p1a: Exeggutor|12/100
|-unboost|p1a: Exeggutor|spe|1
|-enditem|p1a: Exeggutor|Sitrus Berry|[eat]
|-heal|p1a: Exeggutor|37/100|[from] item: Sitrus Berry
|move|p1a: Exeggutor|Substitute|p1a: Exeggutor
|-start|p1a: Exeggutor|Substitute
|-damage|p1a: Exeggutor|12/100
|
|upkeep
|turn|3
|
|t:|1779813701
|switch|p2a: Kyurem|Kyurem|100/100
|-ability|p2a: Kyurem|Pressure
|move|p1a: Exeggutor|Giga Drain|p2a: Kyurem
|-resisted|p2a: Kyurem
|-damage|p2a: Kyurem|85/100
|-heal|p1a: Exeggutor|21/100|[from] drain|[of] p2a: Kyurem
|
|-item|p1a: Exeggutor|Sitrus Berry|[from] ability: Harvest
|upkeep
|-enditem|p1a: Exeggutor|Sitrus Berry|[eat]
|-heal|p1a: Exeggutor|46/100|[from] item: Sitrus Berry
|turn|4
|
|t:|1779813719
|switch|p1a: Blastoise|Blastoise, F, shiny|100/100
|move|p2a: Kyurem|Icicle Spear|p1a: Blastoise
|-resisted|p1a: Blastoise
|-damage|p1a: Blastoise|96/100
|-resisted|p1a: Blastoise
|-damage|p1a: Blastoise|90/100
|-resisted|p1a: Blastoise
|-damage|p1a: Blastoise|85/100
|-resisted|p1a: Blastoise
|-damage|p1a: Blastoise|80/100
|-hitcount|p1a: Blastoise|4
|
|upkeep
|turn|5
|
|t:|1779813731
|move|p2a: Kyurem|Dragon Claw|p1a: Blastoise
|-damage|p1a: Blastoise|46/100
|move|p1a: Blastoise|Iron Defense|p1a: Blastoise
|-boost|p1a: Blastoise|def|2
|
|upkeep
|turn|6
|
|t:|1779813740
|switch|p2a: Keldeo|Keldeo-Resolute|100/100 par
|switch|p1a: Arcanine|Arcanine, F, shiny|100/100
|-ability|p1a: Arcanine|Intimidate|boost
|-unboost|p2a: Keldeo|atk|1
|
|upkeep
|turn|7
|
|t:|1779813753
|switch|p1a: Exeggutor|Exeggutor, F, shiny|46/100
|switch|p2a: Kyurem|Kyurem|85/100
|-ability|p2a: Kyurem|Pressure
|
|-item|p1a: Exeggutor|Sitrus Berry|[from] ability: Harvest
|upkeep
|-enditem|p1a: Exeggutor|Sitrus Berry|[eat]
|-heal|p1a: Exeggutor|71/100|[from] item: Sitrus Berry
|turn|8
|
|t:|1779813765
|switch|p1a: Arcanine|Arcanine, F, shiny|100/100
|-ability|p1a: Arcanine|Intimidate|boost
|-unboost|p2a: Kyurem|atk|1
|move|p2a: Kyurem|Dragon Dance|p2a: Kyurem
|-boost|p2a: Kyurem|atk|1
|-boost|p2a: Kyurem|spe|1
|
|upkeep
|turn|9
|
|t:|1779813775
|switch|p2a: Keldeo|Keldeo-Resolute|100/100 par
|move|p1a: Arcanine|Will-O-Wisp||[still]
|-fail|p1a: Arcanine
|
|upkeep
|turn|10
|
|t:|1779813785
|-terastallize|p1a: Arcanine|Water
|move|p1a: Arcanine|Fire Spin|p2a: Keldeo|[miss]
|-miss|p1a: Arcanine|p2a: Keldeo
|move|p2a: Keldeo|Icy Wind|p1a: Arcanine
|-resisted|p1a: Arcanine
|-damage|p1a: Arcanine|84/100
|-unboost|p1a: Arcanine|spe|1
|
|upkeep
|turn|11
|
|t:|1779813813
|move|p2a: Keldeo|Icy Wind|p1a: Arcanine
|-resisted|p1a: Arcanine
|-damage|p1a: Arcanine|69/100
|-unboost|p1a: Arcanine|spe|1
|move|p1a: Arcanine|Fire Spin|p2a: Keldeo
|-resisted|p2a: Keldeo
|-damage|p2a: Keldeo|94/100 par
|-activate|p2a: Keldeo|move: Fire Spin|[of] p1a: Arcanine
|
|-damage|p2a: Keldeo|82/100 par|[from] move: Fire Spin|[partiallytrapped]
|upkeep
|turn|12
|
|t:|1779813825
|move|p1a: Arcanine|Extreme Speed|p2a: Keldeo
|-damage|p2a: Keldeo|59/100 par
|move|p2a: Keldeo|Icy Wind|p1a: Arcanine
|-resisted|p1a: Arcanine
|-damage|p1a: Arcanine|53/100
|-unboost|p1a: Arcanine|spe|1
|
|-damage|p2a: Keldeo|47/100 par|[from] move: Fire Spin|[partiallytrapped]
|upkeep
|turn|13
|
|t:|1779813836
|move|p2a: Keldeo|Icy Wind|p1a: Arcanine
|-resisted|p1a: Arcanine
|-damage|p1a: Arcanine|38/100
|-unboost|p1a: Arcanine|spe|1
|move|p1a: Arcanine|Morning Sun|p1a: Arcanine
|-heal|p1a: Arcanine|88/100
|
|-damage|p2a: Keldeo|34/100 par|[from] move: Fire Spin|[partiallytrapped]
|upkeep
|turn|14
|
|t:|1779813847
|move|p1a: Arcanine|Extreme Speed|p2a: Keldeo
|-damage|p2a: Keldeo|13/100 par
|move|p2a: Keldeo|Icy Wind|p1a: Arcanine
|-resisted|p1a: Arcanine
|-damage|p1a: Arcanine|73/100
|-unboost|p1a: Arcanine|spe|1
|
|-damage|p2a: Keldeo|0 fnt|[from] move: Fire Spin|[partiallytrapped]
|faint|p2a: Keldeo
|upkeep
|
|t:|1779813862
|switch|p2a: Iron Moth|Iron Moth|100/100
|-enditem|p2a: Iron Moth|Booster Energy
|-activate|p2a: Iron Moth|ability: Quark Drive|[fromitem]
|-start|p2a: Iron Moth|quarkdrivespe
|turn|15
|inactive|itstheboyjay has 120 seconds left.
|
|t:|1779813894
|switch|p1a: Gengar|Gengar, M, shiny|100/100
|move|p2a: Iron Moth|Energy Ball|p1a: Gengar
|-resisted|p1a: Gengar
|-damage|p1a: Gengar|74/100
|-unboost|p1a: Gengar|spd|1
|-start|p2a: Iron Moth|Disable|Energy Ball|[from] ability: Cursed Body|[of] p1a: Gengar
|
|upkeep
|turn|16
|inactive|itstheboyjay has 120 seconds left.
|
|t:|1779813905
|move|p2a: Iron Moth|Fiery Dance|p1a: Gengar
|-damage|p1a: Gengar|0 fnt
|faint|p1a: Gengar
|
|upkeep
|inactive|itstheboyjay has 120 seconds left.
|
|t:|1779813911
|switch|p1a: Rhydon|Rhydon, M, shiny|100/100
|turn|17
|
|t:|1779813929
|-end|p2a: Iron Moth|Quark Drive|[silent]
|switch|p2a: Feraligatr|Feraligatr, M|100/100
|move|p1a: Rhydon|Rock Polish|p1a: Rhydon
|-boost|p1a: Rhydon|spe|2
|
|upkeep
|turn|18
|
|t:|1779813942
|move|p1a: Rhydon|Supercell Slam|p2a: Feraligatr
|-supereffective|p2a: Feraligatr
|-damage|p2a: Feraligatr|0 fnt
|faint|p2a: Feraligatr
|-damage|p1a: Rhydon|91/100|[from] item: Life Orb
|
|upkeep
|
|t:|1779813957
|switch|p2a: Iron Moth|Iron Moth|100/100
|turn|19
|
|t:|1779813961
|-terastallize|p2a: Iron Moth|Grass
|move|p1a: Rhydon|Earthquake|p2a: Iron Moth
|-resisted|p2a: Iron Moth
|-damage|p2a: Iron Moth|43/100
|-damage|p1a: Rhydon|81/100|[from] item: Life Orb
|move|p2a: Iron Moth|Energy Ball|p1a: Rhydon
|-supereffective|p1a: Rhydon
|-damage|p1a: Rhydon|0 fnt
|faint|p1a: Rhydon
|
|upkeep
|
|t:|1779813973
|switch|p1a: Jolteon|Jolteon, F|100/100
|turn|20
|
|t:|1779813977
|-end|p2a: Iron Moth|Quark Drive|[silent]
|switch|p2a: Iron Treads|Iron Treads|100/100
|move|p1a: Jolteon|Rain Dance|p1a: Jolteon
|-weather|RainDance
|
|-weather|RainDance|[upkeep]
|upkeep
|turn|21
|
|t:|1779813985
|switch|p1a: Arcanine|Arcanine, F, shiny, tera:Water|73/100
|-ability|p1a: Arcanine|Intimidate|boost
|-unboost|p2a: Iron Treads|atk|1
|-end|p2a: Iron Treads|Quark Drive|[silent]
|switch|p2a: Kyurem|Kyurem|85/100
|-ability|p2a: Kyurem|Pressure
|
|-weather|RainDance|[upkeep]
|upkeep
|turn|22
|
|t:|1779813997
|move|p2a: Kyurem|Dragon Claw|p1a: Arcanine
|-damage|p1a: Arcanine|36/100
|-damage|p2a: Kyurem|69/100|[from] item: Rocky Helmet|[of] p1a: Arcanine
|move|p1a: Arcanine|Will-O-Wisp|p2a: Kyurem
|-status|p2a: Kyurem|brn
|
|-weather|RainDance|[upkeep]
|-damage|p2a: Kyurem|62/100 brn|[from] brn
|upkeep
|turn|23
|
|t:|1779814008
|move|p2a: Kyurem|Dragon Dance|p2a: Kyurem
|-boost|p2a: Kyurem|atk|1
|-boost|p2a: Kyurem|spe|1
|move|p1a: Arcanine|Fire Spin|p2a: Kyurem
|-crit|p2a: Kyurem
|-damage|p2a: Kyurem|55/100 brn
|-activate|p2a: Kyurem|move: Fire Spin|[of] p1a: Arcanine
|
|-weather|RainDance|[upkeep]
|-damage|p2a: Kyurem|49/100 brn|[from] brn
|-damage|p2a: Kyurem|36/100 brn|[from] move: Fire Spin|[partiallytrapped]
|upkeep
|turn|24
|
|t:|1779814019
|move|p1a: Arcanine|Extreme Speed|p2a: Kyurem
|-damage|p2a: Kyurem|17/100 brn
|move|p2a: Kyurem|Dragon Claw|p1a: Arcanine
|-damage|p1a: Arcanine|12/100
|-damage|p2a: Kyurem|0 fnt|[from] item: Rocky Helmet|[of] p1a: Arcanine
|faint|p2a: Kyurem
|
|-weather|RainDance|[upkeep]
|upkeep
|
|t:|1779814029
|switch|p2a: Iron Treads|Iron Treads|100/100
|turn|25
|
|t:|1779814033
|move|p1a: Arcanine|Extreme Speed|p2a: Iron Treads
|-resisted|p2a: Iron Treads
|-damage|p2a: Iron Treads|91/100
|move|p2a: Iron Treads|Earth Power|p1a: Arcanine
|-damage|p1a: Arcanine|0 fnt
|faint|p1a: Arcanine
|
|-weather|RainDance|[upkeep]
|upkeep
|
|t:|1779814047
|switch|p1a: Jolteon|Jolteon, F|100/100
|turn|26
|
|t:|1779814053
|move|p1a: Jolteon|Calm Mind|p1a: Jolteon
|-boost|p1a: Jolteon|spa|1
|-boost|p1a: Jolteon|spd|1
|move|p2a: Iron Treads|Earth Power|p1a: Jolteon
|-supereffective|p1a: Jolteon
|-damage|p1a: Jolteon|41/100
|
|-weather|RainDance|[upkeep]
|upkeep
|turn|27
|
|t:|1779814062
|move|p1a: Jolteon|Weather Ball|p2a: Iron Treads
|-supereffective|p2a: Iron Treads
|-damage|p2a: Iron Treads|0 fnt
|faint|p2a: Iron Treads
|-end|p2a: Iron Treads|Quark Drive|[silent]
|
|-weather|none
|upkeep
|
|t:|1779814066
|switch|p2a: Deoxys|Deoxys-Speed|100/100
|-ability|p2a: Deoxys|Pressure
|turn|28
|
|t:|1779814073
|switch|p1a: Blastoise|Blastoise, F, shiny|46/100
|move|p2a: Deoxys|Superpower|p1a: Blastoise
|-damage|p1a: Blastoise|25/100
|-unboost|p2a: Deoxys|atk|1
|-unboost|p2a: Deoxys|def|1
|
|upkeep
|turn|29
|
|t:|1779814088
|move|p2a: Deoxys|Psycho Boost|p1a: Blastoise
|-damage|p1a: Blastoise|0 fnt
|-unboost|p2a: Deoxys|spa|2
|faint|p1a: Blastoise
|
|upkeep
|
|t:|1779814095
|switch|p1a: Exeggutor|Exeggutor, F, shiny|71/100
|turn|30
|
|t:|1779814100
|switch|p1a: Jolteon|Jolteon, F|41/100
|move|p2a: Deoxys|Knock Off|p1a: Jolteon
|-crit|p1a: Jolteon
|-damage|p1a: Jolteon|0 fnt
|-enditem|p1a: Jolteon|Damp Rock|[from] move: Knock Off|[of] p2a: Deoxys
|faint|p1a: Jolteon
|
|upkeep
|-message|itstheboyjay forfeited.
|
|win|Test g17
|raw|itstheboyjay's rating: 1217 &rarr; <strong>1192</strong><br />(-25 for losing)
|raw|Test g17's rating: 1212 &rarr; <strong>1237</strong><br />(+25 for winning)
|l|☆itstheboyjay
|player|p1|
|l|☆Test g17
|player|p2|
