|j|☆Ivan_2oo8
|j|☆wikio
|t:|1779815435
|gametype|singles
|player|p1|Ivan_2oo8|ethan|1118
|player|p2|wikio|170|1153
|gen|9
|tier|[Gen 9] OU
|rated|
|rule|HP Percentage Mod: HP is shown in percentages
|rule|Endless Battle Clause: Forcing endless battles is banned
|rule|Species Clause: Limit one of each Pokémon
|rule|OHKO Clause: OHKO moves are banned
|rule|Evasion Items Clause: Evasion items are banned
|rule|Evasion Moves Clause: Evasion moves are banned
|rule|Evasion Abilities Clause: Evasion abilities are banned
|rule|Sleep Moves Clause: Sleep-inducing moves are banned
|clearpoke
|poke|p1|Gyarados, M|
|poke|p1|Ceruledge, M|
|poke|p1|Ampharos, F|
|poke|p1|Lucario, M|
|poke|p1|Garchomp, M|
|poke|p1|Corviknight, M|
|poke|p2|Torkoal, M|
|poke|p2|Ninetales, M|
|poke|p2|Venusaur, F|
|poke|p2|Lilligant-Hisui, F|
|poke|p2|Landorus-Therian, M|
|poke|p2|Bastiodon, M|
|teampreview
|
|t:|1779815448
|teamsize|p1|6
|teamsize|p2|6
|start
|switch|p1a: Garchomp|Garchomp, M|100/100
|switch|p2a: Ninetales|Ninetales, M|100/100
|-weather|SunnyDay|[from] ability: Drought|[of] p2a: Ninetales
|turn|1
|inactive|Battle timer is ON: inactive players will automatically lose when time's up. (requested by Ivan_2oo8)
|
|t:|1779815456
|move|p1a: Garchomp|Stealth Rock|p2a: Ninetales
|-sidestart|p2: wikio|move: Stealth Rock
|move|p2a: Ninetales|Will-O-Wisp|p1a: Garchomp
|-status|p1a: Garchomp|brn
|
|-weather|SunnyDay|[upkeep]
|-damage|p1a: Garchomp|94/100 brn|[from] brn
|upkeep
|turn|2
|
|t:|1779815467
|switch|p2a: Lilligant|Lilligant-Hisui, F|100/100
|-damage|p2a: Lilligant|94/100|[from] Stealth Rock
|move|p1a: Garchomp|Earthquake|p2a: Lilligant
|-resisted|p2a: Lilligant
|-damage|p2a: Lilligant|77/100
|
|-weather|SunnyDay|[upkeep]
|-damage|p1a: Garchomp|88/100 brn|[from] brn
|upkeep
|turn|3
|
|t:|1779815481
|move|p2a: Lilligant|Victory Dance|p2a: Lilligant
|-boost|p2a: Lilligant|atk|1
|-boost|p2a: Lilligant|def|1
|-boost|p2a: Lilligant|spe|1
|move|p1a: Garchomp|Fire Fang|p2a: Lilligant
|-supereffective|p2a: Lilligant
|-damage|p2a: Lilligant|47/100
|
|-weather|SunnyDay|[upkeep]
|-damage|p1a: Garchomp|82/100 brn|[from] brn
|upkeep
|turn|4
|
|t:|1779815490
|move|p2a: Lilligant|Triple Axel|p1a: Garchomp
|-supereffective|p1a: Garchomp
|-damage|p1a: Garchomp|55/100 brn
|-damage|p2a: Lilligant|34/100|[from] ability: Rough Skin|[of] p1a: Garchomp
|-damage|p2a: Lilligant|18/100|[from] item: Rocky Helmet|[of] p1a: Garchomp
|-supereffective|p1a: Garchomp
|-damage|p1a: Garchomp|0 fnt
|-damage|p2a: Lilligant|5/100|[from] ability: Rough Skin|[of] p1a: Garchomp
|-damage|p2a: Lilligant|0 fnt|[from] item: Rocky Helmet|[of] p1a: Garchomp
|faint|p1a: Garchomp
|faint|p2a: Lilligant
|-hitcount|p1: Garchomp|2
|
|-weather|SunnyDay|[upkeep]
|upkeep
|
|t:|1779815513
|switch|p2a: Torkoal|Torkoal, M|100/100
|switch|p1a: Gyarados|Gyarados, M, shiny|100/100
|-ability|p1a: Gyarados|Intimidate|boost
|-unboost|p2a: Torkoal|atk|1
|-damage|p2a: Torkoal|76/100|[from] Stealth Rock
|turn|5
|
|t:|1779815522
|move|p1a: Gyarados|Dragon Dance|p1a: Gyarados
|-boost|p1a: Gyarados|atk|1
|-boost|p1a: Gyarados|spe|1
|move|p2a: Torkoal|Rapid Spin|p1a: Gyarados
|-damage|p1a: Gyarados|93/100
|-boost|p2a: Torkoal|spe|1
|-sideend|p2: wikio|Stealth Rock|[from] move: Rapid Spin|[of] p2a: Torkoal
|
|-weather|none
|upkeep
|turn|6
|
|t:|1779815547
|-terastallize|p2a: Torkoal|Fairy
|move|p1a: Gyarados|Waterfall|p2a: Torkoal
|-damage|p2a: Torkoal|40/100
|move|p2a: Torkoal|Stealth Rock|p1a: Gyarados
|-sidestart|p1: Ivan_2oo8|move: Stealth Rock
|
|upkeep
|turn|7
|
|t:|1779815561
|move|p1a: Gyarados|Waterfall|p2a: Torkoal
|-damage|p2a: Torkoal|4/100
|move|p2a: Torkoal|Lava Plume|p1a: Gyarados
|-resisted|p1a: Gyarados
|-damage|p1a: Gyarados|81/100
|
|upkeep
|turn|8
|
|t:|1779815573
|move|p2a: Torkoal|Protect|p2a: Torkoal
|-singleturn|p2a: Torkoal|Protect
|move|p1a: Gyarados|Waterfall|p2a: Torkoal
|-activate|p2a: Torkoal|move: Protect
|
|upkeep
|turn|9
|
|t:|1779815581
|move|p1a: Gyarados|Waterfall|p2a: Torkoal
|-damage|p2a: Torkoal|0 fnt
|faint|p2a: Torkoal
|
|upkeep
|
|t:|1779815596
|switch|p2a: Bastiodon|Bastiodon, M|100/100
|turn|10
|
|t:|1779815602
|move|p1a: Gyarados|Earthquake|p2a: Bastiodon
|-supereffective|p2a: Bastiodon
|-ability|p2a: Bastiodon|Sturdy
|-damage|p2a: Bastiodon|1/100
|move|p2a: Bastiodon|Metal Burst|p1a: Gyarados
|-damage|p1a: Gyarados|0 fnt
|faint|p1a: Gyarados
|
|upkeep
|
|t:|1779815618
|switch|p1a: Lucario|Lucario, M|100/100
|-damage|p1a: Lucario|98/100|[from] Stealth Rock
|turn|11
|-enditem|p2a: Bastiodon|Custap Berry|[eat]
|-activate|p2a: Bastiodon|item: Custap Berry|[consumed]
|
|t:|1779815627
|move|p1a: Lucario|Bullet Punch|p2a: Bastiodon
|-crit|p2a: Bastiodon
|-damage|p2a: Bastiodon|0 fnt
|faint|p2a: Bastiodon
|
|upkeep
|
|t:|1779815642
|switch|p2a: Landorus|Landorus-Therian, M|100/100
|-ability|p2a: Landorus|Intimidate|boost
|-fail|p1a: Lucario|unboost|Attack|[from] ability: Inner Focus|[of] p1a: Lucario
|turn|12
|
|t:|1779815651
|move|p2a: Landorus|Earthquake|p1a: Lucario
|-supereffective|p1a: Lucario
|-damage|p1a: Lucario|0 fnt
|faint|p1a: Lucario
|
|upkeep
|
|t:|1779815663
|switch|p1a: Corviknight|Corviknight, M|100/100
|-damage|p1a: Corviknight|88/100|[from] Stealth Rock
|-ability|p1a: Corviknight|Pressure
|turn|13
|
|t:|1779815672
|move|p2a: Landorus|U-turn|p1a: Corviknight
|-resisted|p1a: Corviknight
|-damage|p1a: Corviknight|84/100
|
|t:|1779815675
|switch|p2a: Ninetales|Ninetales, M|100/100|[from] U-turn
|-weather|SunnyDay|[from] ability: Drought|[of] p2a: Ninetales
|move|p1a: Corviknight|Defog|p2a: Ninetales
|-unboost|p2a: Ninetales|evasion|1
|-sideend|p1: Ivan_2oo8|Stealth Rock|[from] move: Defog|[of] p1a: Corviknight
|
|-weather|SunnyDay|[upkeep]
|-heal|p1a: Corviknight|90/100|[from] item: Leftovers
|upkeep
|turn|14
|
|t:|1779815686
|move|p2a: Ninetales|Flamethrower|p1a: Corviknight
|-supereffective|p1a: Corviknight
|-crit|p1a: Corviknight
|-damage|p1a: Corviknight|0 fnt
|faint|p1a: Corviknight
|
|-weather|SunnyDay|[upkeep]
|upkeep
|
|t:|1779815694
|switch|p1a: Ampharos|Ampharos, F|100/100
|turn|15
|
|t:|1779815706
|switch|p2a: Landorus|Landorus-Therian, M|100/100
|-ability|p2a: Landorus|Intimidate|boost
|-unboost|p1a: Ampharos|atk|1
|move|p1a: Ampharos|Thunderbolt|p2a: Landorus
|-immune|p2a: Landorus
|
|-weather|SunnyDay|[upkeep]
|upkeep
|turn|16
|
|t:|1779815715
|move|p2a: Landorus|Earthquake|p1a: Ampharos
|-supereffective|p1a: Ampharos
|-damage|p1a: Ampharos|0 fnt
|faint|p1a: Ampharos
|
|-weather|SunnyDay|[upkeep]
|upkeep
|
|t:|1779815720
|switch|p1a: Ceruledge|Ceruledge, M|100/100
|turn|17
|
|t:|1779815732
|move|p2a: Landorus|Earthquake|p1a: Ceruledge
|-supereffective|p1a: Ceruledge
|-crit|p1a: Ceruledge
|-damage|p1a: Ceruledge|0 fnt
|faint|p1a: Ceruledge
|
|win|wikio
|raw|Ivan_2oo8's rating: 1118 &rarr; <strong>1096</strong><br />(-22 for losing)
|raw|wikio's rating: 1153 &rarr; <strong>1175</strong><br />(+22 for winning)
|l|☆wikio
|player|p2|
|l|☆Ivan_2oo8
|player|p1|
