|j|☆chrisfeb1992
|j|☆TheManOfSausage
|t:|1779878170
|gametype|singles
|player|p1|chrisfeb1992|101|1380
|player|p2|TheManOfSausage|miku-water|1455
|gen|9
|tier|[Gen 9] OU
|rated|
|rule|HP Percentage Mod: HP is shown in percentages
|rule|Endless Battle Clause: Forcing endless battles is banned
|rule|Species Clause: Limit one of each Pokémon
|rule|OHKO Clause: OHKO moves are banned
|rule|Evasion Items Clause: Evasion items are banned
|rule|Evasion Moves Clause: Evasion moves are banned
|rule|Evasion Abilities Clause: Evasion abilities are banned
|rule|Sleep Moves Clause: Sleep-inducing moves are banned
|clearpoke
|poke|p1|Ceruledge, M|
|poke|p1|Ribombee, M|
|poke|p1|Ursaluna, F|
|poke|p1|Darkrai|
|poke|p1|Iron Treads|
|poke|p1|Regieleki|
|poke|p2|Greninja-*, M|
|poke|p2|Pelipper, M|
|poke|p2|Iron Treads|
|poke|p2|Zapdos|
|poke|p2|Barraskewda, M|
|poke|p2|Kyurem|
|teampreview
|
|t:|1779878180
|teamsize|p1|6
|teamsize|p2|6
|start
|switch|p1a: Iron Treads|Iron Treads|100/100
|switch|p2a: Pelipper|Pelipper, M|100/100
|-weather|RainDance|[from] ability: Drizzle|[of] p2a: Pelipper
|-enditem|p1a: Iron Treads|Booster Energy
|-activate|p1a: Iron Treads|ability: Quark Drive|[fromitem]
|-start|p1a: Iron Treads|quarkdrivespe
|turn|1
|
|t:|1779878190
|move|p1a: Iron Treads|Stealth Rock|p2a: Pelipper
|-sidestart|p2: TheManOfSausage|move: Stealth Rock
|move|p2a: Pelipper|Weather Ball|p1a: Iron Treads
|-supereffective|p1a: Iron Treads
|-damage|p1a: Iron Treads|0 fnt
|faint|p1a: Iron Treads
|-end|p1a: Iron Treads|Quark Drive|[silent]
|
|-weather|RainDance|[upkeep]
|upkeep
|
|t:|1779878199
|switch|p1a: Ribombee|Ribombee, M|100/100
|turn|2
|
|t:|1779878204
|move|p1a: Ribombee|Sticky Web|p2a: Pelipper
|-sidestart|p2: TheManOfSausage|move: Sticky Web
|move|p2a: Pelipper|U-turn|p1a: Ribombee
|-resisted|p1a: Ribombee
|-damage|p1a: Ribombee|92/100
|
|t:|1779878213
|switch|p2a: Barraskewda|Barraskewda, M|100/100|[from] U-turn
|-damage|p2a: Barraskewda|88/100|[from] Stealth Rock
|-activate|p2a: Barraskewda|move: Sticky Web
|-unboost|p2a: Barraskewda|spe|1
|
|-weather|RainDance|[upkeep]
|upkeep
|turn|3
|
|t:|1779878225
|move|p2a: Barraskewda|Flip Turn|p1a: Ribombee
|-crit|p1a: Ribombee
|-damage|p1a: Ribombee|0 fnt
|faint|p1a: Ribombee
|
|t:|1779878227
|switch|p2a: Iron Treads|Iron Treads|100/100|[from] Flip Turn
|-damage|p2a: Iron Treads|97/100|[from] Stealth Rock
|-activate|p2a: Iron Treads|move: Sticky Web
|-unboost|p2a: Iron Treads|spe|1
|-enditem|p2a: Iron Treads|Booster Energy
|-activate|p2a: Iron Treads|ability: Quark Drive|[fromitem]
|-start|p2a: Iron Treads|quarkdrivedef
|
|-weather|RainDance|[upkeep]
|upkeep
|
|t:|1779878241
|switch|p1a: Ceruledge|Ceruledge, M|100/100
|turn|4
|
|t:|1779878247
|-terastallize|p1a: Ceruledge|Ghost
|move|p1a: Ceruledge|Swords Dance|p1a: Ceruledge
|-boost|p1a: Ceruledge|atk|2
|move|p2a: Iron Treads|Earth Power|p1a: Ceruledge
|-damage|p1a: Ceruledge|65/100
|
|-weather|RainDance|[upkeep]
|upkeep
|turn|5
|
|t:|1779878257
|move|p1a: Ceruledge|Bitter Blade|p2a: Iron Treads
|-supereffective|p2a: Iron Treads
|-damage|p2a: Iron Treads|35/100
|-heal|p1a: Ceruledge|99/100|[from] drain|[of] p2a: Iron Treads
|move|p2a: Iron Treads|Stealth Rock|p1a: Ceruledge
|-sidestart|p1: chrisfeb1992|move: Stealth Rock
|
|-weather|RainDance|[upkeep]
|upkeep
|turn|6
|
|t:|1779878265
|move|p1a: Ceruledge|Bitter Blade|p2a: Iron Treads
|-supereffective|p2a: Iron Treads
|-damage|p2a: Iron Treads|0 fnt
|-heal|p1a: Ceruledge|100/100|[from] drain|[of] p2a: Iron Treads
|faint|p2a: Iron Treads
|-end|p2a: Iron Treads|Quark Drive|[silent]
|
|-weather|RainDance|[upkeep]
|upkeep
|
|t:|1779878270
|switch|p2a: Greninja|Greninja, M|100/100
|-damage|p2a: Greninja|88/100|[from] Stealth Rock
|-activate|p2a: Greninja|move: Sticky Web
|-unboost|p2a: Greninja|spe|1
|turn|7
|
|t:|1779878278
|move|p1a: Ceruledge|Poltergeist|p2a: Greninja
|-activate|p2a: Greninja|move: Poltergeist|Mystic Water
|-resisted|p2a: Greninja
|-damage|p2a: Greninja|0 fnt
|faint|p2a: Greninja
|
|-weather|RainDance|[upkeep]
|upkeep
|
|t:|1779878286
|switch|p2a: Zapdos|Zapdos|100/100
|-damage|p2a: Zapdos|76/100|[from] Stealth Rock
|turn|8
|
|t:|1779878292
|move|p1a: Ceruledge|Poltergeist|p2a: Zapdos
|-activate|p2a: Zapdos|move: Poltergeist|Rocky Helmet
|-damage|p2a: Zapdos|0 fnt
|faint|p2a: Zapdos
|
|-weather|none
|upkeep
|-message|TheManOfSausage forfeited.
|
|win|chrisfeb1992
|raw|chrisfeb1992's rating: 1380 &rarr; <strong>1404</strong><br />(+24 for winning)
|raw|TheManOfSausage's rating: 1455 &rarr; <strong>1431</strong><br />(-24 for losing)
|l|☆TheManOfSausage
|player|p2|
