|j|☆FEDSMOK3R
|j|☆dl joltyzz
|t:|1779936525
|gametype|singles
|player|p1|FEDSMOK3R|flannery|1517
|player|p2|dl joltyzz|dahlia|1573
|gen|9
|tier|[Gen 9] OU
|rated|
|rule|HP Percentage Mod: HP is shown in percentages
|rule|Endless Battle Clause: Forcing endless battles is banned
|rule|Species Clause: Limit one of each Pokémon
|rule|OHKO Clause: OHKO moves are banned
|rule|Evasion Items Clause: Evasion items are banned
|rule|Evasion Moves Clause: Evasion moves are banned
|rule|Evasion Abilities Clause: Evasion abilities are banned
|rule|Sleep Moves Clause: Sleep-inducing moves are banned
|clearpoke
|poke|p1|Kommo-o, M|
|poke|p1|Weezing-Galar, M|
|poke|p1|Iron Valiant|
|poke|p1|Kingambit, M|
|poke|p1|Zapdos|
|poke|p1|Hoopa-Unbound|
|poke|p2|Deoxys-Speed|
|poke|p2|Iron Crown|
|poke|p2|Ogerpon-Wellspring, F|
|poke|p2|Raging Bolt|
|poke|p2|Ceruledge, M|
|poke|p2|Iron Jugulis|
|teampreview
|inactive|Battle timer is ON: inactive players will automatically lose when time's up. (requested by FEDSMOK3R)
|
|t:|1779936530
|teamsize|p1|6
|teamsize|p2|6
|start
|switch|p1a: King Crimson|Hoopa-Unbound|100/100
|switch|p2a: Deoxys|Deoxys-Speed|100/100
|-ability|p2a: Deoxys|Pressure
|turn|1
|
|t:|1779936535
|move|p2a: Deoxys|Reflect|p2a: Deoxys
|-sidestart|p2: dl joltyzz|Reflect
|move|p1a: King Crimson|Knock Off|p2a: Deoxys
|-supereffective|p2a: Deoxys
|-damage|p2a: Deoxys|21/100
|-enditem|p2a: Deoxys|Light Clay|[from] move: Knock Off|[of] p1a: King Crimson
|
|upkeep
|turn|2
|
|t:|1779936540
|move|p2a: Deoxys|Light Screen|p2a: Deoxys
|-sidestart|p2: dl joltyzz|move: Light Screen
|move|p1a: King Crimson|Knock Off|p2a: Deoxys
|-supereffective|p2a: Deoxys
|-damage|p2a: Deoxys|0 fnt
|faint|p2a: Deoxys
|
|upkeep
|
|t:|1779936550
|switch|p2a: Ogerpon|Ogerpon-Wellspring, F|100/100
|turn|3
|
|t:|1779936553
|switch|p1a: Belzebong|Weezing-Galar, M|100/100
|-ability|p1a: Belzebong|Neutralizing Gas
|move|p2a: Ogerpon|Swords Dance|p2a: Ogerpon
|-boost|p2a: Ogerpon|atk|2
|
|upkeep
|turn|4
|
|t:|1779936559
|-terastallize|p1a: Belzebong|Grass
|move|p2a: Ogerpon|Swords Dance|p2a: Ogerpon
|-boost|p2a: Ogerpon|atk|2
|move|p1a: Belzebong|Will-O-Wisp|p2a: Ogerpon
|-status|p2a: Ogerpon|brn
|
|-damage|p2a: Ogerpon|95/100 brn|[from] brn
|upkeep
|turn|5
|
|t:|1779936564
|move|p2a: Ogerpon|Ivy Cudgel|p1a: Belzebong|[anim] Ivy Cudgel Water
|-resisted|p1a: Belzebong
|-damage|p1a: Belzebong|67/100
|move|p1a: Belzebong|Defog|p2a: Ogerpon
|-unboost|p2a: Ogerpon|evasion|1
|-sideend|p2: dl joltyzz|Reflect
|-sideend|p2: dl joltyzz|move: Light Screen
|
|-damage|p2a: Ogerpon|89/100 brn|[from] brn
|upkeep
|turn|6
|
|t:|1779936570
|move|p2a: Ogerpon|Swords Dance|p2a: Ogerpon
|-boost|p2a: Ogerpon|atk|2
|move|p1a: Belzebong|Strange Steam|p2a: Ogerpon
|-damage|p2a: Ogerpon|63/100 brn
|
|-damage|p2a: Ogerpon|57/100 brn|[from] brn
|upkeep
|turn|7
|
|t:|1779936575
|move|p2a: Ogerpon|Ivy Cudgel|p1a: Belzebong|[anim] Ivy Cudgel Water
|-resisted|p1a: Belzebong
|-damage|p1a: Belzebong|26/100
|move|p1a: Belzebong|Pain Split|p2a: Ogerpon
|-sethp|p2a: Ogerpon|38/100 brn|[from] move: Pain Split|[silent]
|-sethp|p1a: Belzebong|50/100|[from] move: Pain Split
|
|-damage|p2a: Ogerpon|32/100 brn|[from] brn
|upkeep
|turn|8
|
|t:|1779936586
|move|p2a: Ogerpon|Ivy Cudgel|p1a: Belzebong|[anim] Ivy Cudgel Water
|-resisted|p1a: Belzebong
|-damage|p1a: Belzebong|8/100
|move|p1a: Belzebong|Strange Steam|p2a: Ogerpon
|-damage|p2a: Ogerpon|6/100 brn
|
|-damage|p2a: Ogerpon|0 fnt|[from] brn
|faint|p2a: Ogerpon
|upkeep
|
|t:|1779936601
|switch|p2a: Iron Crown|Iron Crown|100/100
|turn|9
|
|t:|1779936605
|move|p2a: Iron Crown|Calm Mind|p2a: Iron Crown
|-boost|p2a: Iron Crown|spa|1
|-boost|p2a: Iron Crown|spd|1
|move|p1a: Belzebong|Pain Split|p2a: Iron Crown
|-sethp|p2a: Iron Crown|53/100|[from] move: Pain Split|[silent]
|-sethp|p1a: Belzebong|67/100|[from] move: Pain Split
|
|upkeep
|turn|10
|
|t:|1779936612
|-end|p1a: Belzebong|ability: Neutralizing Gas
|switch|p1a: Nailbomb|Kingambit, M, shiny|100/100
|-enditem|p2a: Iron Crown|Booster Energy
|-activate|p2a: Iron Crown|ability: Quark Drive|[fromitem]
|-start|p2a: Iron Crown|quarkdrivespa
|move|p2a: Iron Crown|Tachyon Cutter|p1a: Nailbomb
|-resisted|p1a: Nailbomb
|-damage|p1a: Nailbomb|78/100
|-resisted|p1a: Nailbomb
|-damage|p1a: Nailbomb|56/100
|-hitcount|p1a: Nailbomb|2
|
|-heal|p1a: Nailbomb|62/100|[from] item: Leftovers
|upkeep
|turn|11
|
|t:|1779936626
|move|p1a: Nailbomb|Sucker Punch|p2a: Iron Crown
|-supereffective|p2a: Iron Crown
|-damage|p2a: Iron Crown|0 fnt
|faint|p2a: Iron Crown
|-end|p2a: Iron Crown|Quark Drive|[silent]
|
|-heal|p1a: Nailbomb|68/100|[from] item: Leftovers
|upkeep
|
|t:|1779936640
|switch|p2a: Iron Jugulis|Iron Jugulis|100/100
|-enditem|p2a: Iron Jugulis|Booster Energy
|-activate|p2a: Iron Jugulis|ability: Quark Drive|[fromitem]
|-start|p2a: Iron Jugulis|quarkdrivespe
|turn|12
|
|t:|1779936654
|switch|p1a: King Crimson|Hoopa-Unbound|100/100
|move|p2a: Iron Jugulis|Work Up|p2a: Iron Jugulis
|-boost|p2a: Iron Jugulis|atk|1
|-boost|p2a: Iron Jugulis|spa|1
|
|upkeep
|turn|13
|
|t:|1779936658
|move|p2a: Iron Jugulis|Hurricane|p1a: King Crimson|[miss]
|-miss|p2a: Iron Jugulis|p1a: King Crimson
|move|p1a: King Crimson|Gunk Shot|p2a: Iron Jugulis
|-damage|p2a: Iron Jugulis|35/100
|
|upkeep
|turn|14
|
|t:|1779936660
|move|p2a: Iron Jugulis|Hurricane|p1a: King Crimson
|-damage|p1a: King Crimson|59/100
|move|p1a: King Crimson|Gunk Shot|p2a: Iron Jugulis
|-damage|p2a: Iron Jugulis|0 fnt
|faint|p2a: Iron Jugulis
|-end|p2a: Iron Jugulis|Quark Drive|[silent]
|
|upkeep
|
|t:|1779936664
|switch|p2a: Ceruledge|Ceruledge, M|100/100
|turn|15
|
|t:|1779936667
|move|p2a: Ceruledge|Bitter Blade|p1a: King Crimson
|-damage|p1a: King Crimson|0 fnt
|faint|p1a: King Crimson
|-damage|p2a: Ceruledge|91/100|[from] item: Life Orb
|
|upkeep
|
|t:|1779936680
|switch|p1a: Gojira|Kommo-o, M|100/100
|turn|16
|
|t:|1779936685
|move|p2a: Ceruledge|Swords Dance|p2a: Ceruledge
|-boost|p2a: Ceruledge|atk|2
|move|p1a: Gojira|Bulk Up|p1a: Gojira
|-boost|p1a: Gojira|atk|1
|-boost|p1a: Gojira|def|1
|
|upkeep
|turn|17
|
|t:|1779936692
|move|p2a: Ceruledge|Poltergeist|p1a: Gojira
|-activate|p1a: Gojira|move: Poltergeist|Leftovers
|-damage|p1a: Gojira|17/100
|-damage|p2a: Ceruledge|81/100|[from] item: Life Orb
|move|p1a: Gojira|Shadow Claw|p2a: Ceruledge
|-supereffective|p2a: Ceruledge
|-damage|p2a: Ceruledge|2/100
|-ability|p2a: Ceruledge|Weak Armor|boost
|-unboost|p2a: Ceruledge|def|1
|-boost|p2a: Ceruledge|spe|2
|
|-heal|p1a: Gojira|23/100|[from] item: Leftovers
|upkeep
|turn|18
|
|t:|1779936707
|move|p2a: Ceruledge|Bitter Blade|p1a: Gojira
|-resisted|p1a: Gojira
|-damage|p1a: Gojira|0 fnt
|-heal|p2a: Ceruledge|12/100|[from] drain|[of] p1a: Gojira
|faint|p1a: Gojira
|-damage|p2a: Ceruledge|2/100|[from] item: Life Orb
|
|upkeep
|
|t:|1779936714
|switch|p1a: Nailbomb|Kingambit, M, shiny|68/100
|turn|19
|
|t:|1779936716
|move|p1a: Nailbomb|Sucker Punch|p2a: Ceruledge
|-supereffective|p2a: Ceruledge
|-damage|p2a: Ceruledge|0 fnt
|faint|p2a: Ceruledge
|
|-heal|p1a: Nailbomb|74/100|[from] item: Leftovers
|upkeep
|
|t:|1779936718
|switch|p2a: Raging Bolt|Raging Bolt|100/100
|turn|20
|
|t:|1779936727
|move|p2a: Raging Bolt|Calm Mind|p2a: Raging Bolt
|-boost|p2a: Raging Bolt|spa|1
|-boost|p2a: Raging Bolt|spd|1
|move|p1a: Nailbomb|Kowtow Cleave|p2a: Raging Bolt
|-damage|p2a: Raging Bolt|59/100
|
|-heal|p2a: Raging Bolt|65/100|[from] item: Leftovers
|-heal|p1a: Nailbomb|81/100|[from] item: Leftovers
|upkeep
|turn|21
|c|☆FEDSMOK3R|5 setup sweepers is ridiculous
|
|t:|1779936756
|move|p2a: Raging Bolt|Thunderclap|p1a: Nailbomb
|-damage|p1a: Nailbomb|15/100
|move|p1a: Nailbomb|Kowtow Cleave|p2a: Raging Bolt
|-damage|p2a: Raging Bolt|18/100
|
|-heal|p2a: Raging Bolt|24/100|[from] item: Leftovers
|-heal|p1a: Nailbomb|21/100|[from] item: Leftovers
|upkeep
|turn|22
|
|t:|1779936759
|move|p2a: Raging Bolt|Thunderclap|p1a: Nailbomb
|-damage|p1a: Nailbomb|0 fnt
|faint|p1a: Nailbomb
|
|-heal|p2a: Raging Bolt|30/100|[from] item: Leftovers
|upkeep
|
|t:|1779936761
|switch|p1a: René Lévesque|Iron Valiant, shiny|100/100
|-enditem|p1a: René Lévesque|Booster Energy
|-activate|p1a: René Lévesque|ability: Quark Drive|[fromitem]
|-start|p1a: René Lévesque|quarkdrivespe
|turn|23
|
|t:|1779936766
|-terastallize|p2a: Raging Bolt|Bug
|move|p1a: René Lévesque|Destiny Bond|p1a: René Lévesque
|-singlemove|p1a: René Lévesque|Destiny Bond
|move|p2a: Raging Bolt|Thunderbolt|p1a: René Lévesque
|-damage|p1a: René Lévesque|0 fnt
|faint|p1a: René Lévesque
|-activate|p1a: René Lévesque|move: Destiny Bond
|-end|p1a: René Lévesque|Quark Drive|[silent]
|faint|p2a: Raging Bolt
|-end|p2a: Raging Bolt|Protosynthesis|[silent]
|
|win|FEDSMOK3R
|raw|FEDSMOK3R's rating: 1517 &rarr; <strong>1540</strong><br />(+23 for winning)
|raw|dl joltyzz's rating: 1573 &rarr; <strong>1550</strong><br />(-23 for losing)
|l|☆dl joltyzz
|player|p2|
|l|☆FEDSMOK3R
|player|p1|
