|j|☆Andher
|j|☆bring09
|t:|1779943187
|gametype|singles
|player|p1|Andher|shadowtriad|1391
|player|p2|bring09|102|1381
|gen|9
|tier|[Gen 9] OU
|rated|
|rule|HP Percentage Mod: HP is shown in percentages
|rule|Endless Battle Clause: Forcing endless battles is banned
|rule|Species Clause: Limit one of each Pokémon
|rule|OHKO Clause: OHKO moves are banned
|rule|Evasion Items Clause: Evasion items are banned
|rule|Evasion Moves Clause: Evasion moves are banned
|rule|Evasion Abilities Clause: Evasion abilities are banned
|rule|Sleep Moves Clause: Sleep-inducing moves are banned
|clearpoke
|poke|p1|Corviknight, M|
|poke|p1|Samurott-Hisui, F|
|poke|p1|Kingambit, M|
|poke|p1|Skeledirge, F|
|poke|p1|Gengar, F|
|poke|p1|Dragapult, F|
|poke|p2|Ceruledge, M|
|poke|p2|Dragapult, M|
|poke|p2|Garchomp, F|
|poke|p2|Meowscarada, F|
|poke|p2|Keldeo-Resolute|
|poke|p2|Iron Valiant|
|teampreview
|inactive|Battle timer is ON: inactive players will automatically lose when time's up. (requested by bring09)
|
|t:|1779943222
|teamsize|p1|6
|teamsize|p2|6
|start
|switch|p1a: Ronin|Samurott-Hisui, F|100/100
|switch|p2a: GATA|Meowscarada, F|100/100
|turn|1
|
|t:|1779943230
|switch|p1a: Corax|Corviknight, M|100/100
|-ability|p1a: Corax|Pressure
|move|p2a: GATA|Flower Trick|p1a: Corax
|-start|p2a: GATA|typechange|Grass|[from] ability: Protean
|-resisted|p1a: Corax
|-crit|p1a: Corax
|-damage|p1a: Corax|91/100
|
|upkeep
|turn|2
|
|t:|1779943246
|switch|p2a: LATINO|Keldeo-Resolute|100/100
|move|p1a: Corax|Defog|p2a: LATINO
|-unboost|p2a: LATINO|evasion|1
|
|upkeep
|turn|3
|
|t:|1779943258
|-terastallize|p2a: LATINO|Water
|move|p2a: LATINO|Surf|p1a: Corax
|-damage|p1a: Corax|17/100
|move|p1a: Corax|Brave Bird|p2a: LATINO
|-damage|p2a: LATINO|60/100
|-damage|p1a: Corax|6/100|[from] Recoil
|
|upkeep
|turn|4
|
|t:|1779943272
|switch|p1a: Ombra|Dragapult, F|100/100
|move|p2a: LATINO|Surf|p1a: Ombra
|-resisted|p1a: Ombra
|-damage|p1a: Ombra|27/100
|
|upkeep
|turn|5
|
|t:|1779943287
|switch|p2a: GATA|Meowscarada, F|100/100
|move|p1a: Ombra|Draco Meteor|p2a: GATA
|-crit|p2a: GATA
|-damage|p2a: GATA|0 fnt
|-unboost|p1a: Ombra|spa|2
|faint|p2a: GATA
|
|upkeep
|inactive|bring09 has 120 seconds left.
|
|t:|1779943314
|switch|p2a: Soldier|Iron Valiant, shiny|100/100
|-enditem|p2a: Soldier|Booster Energy
|-activate|p2a: Soldier|ability: Quark Drive|[fromitem]
|-start|p2a: Soldier|quarkdrivespe
|turn|6
|inactive|bring09 has 120 seconds left.
|
|t:|1779943325
|switch|p1a: Corax|Corviknight, M|6/100
|-ability|p1a: Corax|Pressure
|move|p2a: Soldier|Moonblast|p1a: Corax
|-resisted|p1a: Corax
|-crit|p1a: Corax
|-damage|p1a: Corax|0 fnt
|faint|p1a: Corax
|
|upkeep
|
|t:|1779943336
|switch|p1a: Mort|Skeledirge, F|100/100
|turn|7
|inactive|bring09 has 120 seconds left.
|
|t:|1779943357
|-end|p2a: Soldier|Quark Drive|[silent]
|switch|p2a: CHULO|Garchomp, F|100/100
|-terastallize|p1a: Mort|Fairy
|move|p1a: Mort|Torch Song|p2a: CHULO
|-resisted|p2a: CHULO
|-damage|p2a: CHULO|85/100
|-boost|p1a: Mort|spa|1
|
|upkeep
|turn|8
|inactive|bring09 has 120 seconds left.
|inactive|Andher has 120 seconds left.
|
|t:|1779943389
|move|p2a: CHULO|Earthquake|p1a: Mort
|-damage|p1a: Mort|57/100
|move|p1a: Mort|Alluring Voice|p2a: CHULO
|-supereffective|p2a: CHULO
|-damage|p2a: CHULO|0 fnt
|faint|p2a: CHULO
|
|upkeep
|
|t:|1779943401
|switch|p2a: LATINO|Keldeo-Resolute, tera:Water|60/100
|turn|9
|
|t:|1779943414
|switch|p1a: Malson|Gengar, F, shiny|100/100
|move|p2a: LATINO|Surf|p1a: Malson
|-damage|p1a: Malson|0 fnt
|faint|p1a: Malson
|
|upkeep
|
|t:|1779943423
|switch|p1a: Ombra|Dragapult, F|27/100
|turn|10
|
|t:|1779943430
|switch|p2a: Soldier|Iron Valiant, shiny|100/100
|move|p1a: Ombra|Shadow Ball|p2a: Soldier
|-damage|p2a: Soldier|12/100
|
|upkeep
|turn|11
|
|t:|1779943441
|move|p1a: Ombra|Shadow Ball|p2a: Soldier
|-damage|p2a: Soldier|0 fnt
|faint|p2a: Soldier
|-end|p2a: Soldier|Quark Drive|[silent]
|
|upkeep
|
|t:|1779943449
|switch|p2a: AS|Ceruledge, M, shiny|100/100
|turn|12
|
|t:|1779943462
|switch|p1a: Ronin|Samurott-Hisui, F|100/100
|move|p2a: AS|Shadow Sneak|p1a: Ronin
|-resisted|p1a: Ronin
|-damage|p1a: Ronin|85/100
|
|upkeep
|turn|13
|
|t:|1779943471
|switch|p2a: RUIN|Dragapult, M|100/100
|move|p1a: Ronin|Flip Turn|p2a: RUIN
|-resisted|p2a: RUIN
|-damage|p2a: RUIN|81/100
|
|t:|1779943478
|switch|p1a: Shogun|Kingambit, M|100/100|[from] Flip Turn
|-activate|p1a: Shogun|ability: Supreme Overlord
|-start|p1a: Shogun|fallen2|[silent]
|
|upkeep
|turn|14
|
|t:|1779943487
|move|p2a: RUIN|Will-O-Wisp|p1a: Shogun
|-status|p1a: Shogun|brn
|move|p1a: Shogun|Iron Head|p2a: RUIN
|-damage|p2a: RUIN|49/100
|
|-damage|p1a: Shogun|94/100 brn|[from] brn
|upkeep
|turn|15
|
|t:|1779943499
|switch|p2a: AS|Ceruledge, M, shiny|100/100
|move|p1a: Shogun|Sucker Punch||[still]
|-fail|p1a: Shogun
|
|-heal|p1a: Shogun|100/100 brn|[from] item: Leftovers
|-damage|p1a: Shogun|94/100 brn|[from] brn
|upkeep
|turn|16
|
|t:|1779943511
|-end|p1a: Shogun|fallen2|[silent]
|switch|p1a: Ronin|Samurott-Hisui, F|85/100
|move|p2a: AS|Swords Dance|p2a: AS
|-boost|p2a: AS|atk|2
|
|upkeep
|turn|17
|
|t:|1779943518
|move|p1a: Ronin|Ceaseless Edge|p2a: AS
|-supereffective|p2a: AS
|-damage|p2a: AS|2/100
|-ability|p2a: AS|Weak Armor|boost
|-unboost|p2a: AS|def|1
|-boost|p2a: AS|spe|2
|-sidestart|p2: bring09|Spikes
|move|p2a: AS|Swords Dance|p2a: AS
|-boost|p2a: AS|atk|2
|
|upkeep
|turn|18
|
|t:|1779943533
|switch|p1a: Mort|Skeledirge, F, tera:Fairy|57/100
|move|p2a: AS|Shadow Sneak|p1a: Mort
|-damage|p1a: Mort|40/100
|
|upkeep
|turn|19
|
|t:|1779943541
|move|p2a: AS|Bitter Blade|p1a: Mort
|-crit|p1a: Mort
|-damage|p1a: Mort|0 fnt
|-heal|p2a: AS|22/100|[from] drain|[of] p1a: Mort
|faint|p1a: Mort
|
|upkeep
|
|t:|1779943548
|switch|p1a: Ronin|Samurott-Hisui, F|85/100
|turn|20
|
|t:|1779943556
|move|p2a: AS|Shadow Sneak|p1a: Ronin
|-resisted|p1a: Ronin
|-damage|p1a: Ronin|44/100
|move|p1a: Ronin|Aqua Jet|p2a: AS
|-supereffective|p2a: AS
|-damage|p2a: AS|0 fnt
|faint|p2a: AS
|
|upkeep
|
|t:|1779943569
|switch|p2a: RUIN|Dragapult, M|49/100
|-damage|p2a: RUIN|36/100|[from] Spikes
|turn|21
|
|t:|1779943574
|switch|p1a: Shogun|Kingambit, M|94/100 brn
|-activate|p1a: Shogun|ability: Supreme Overlord
|-start|p1a: Shogun|fallen3|[silent]
|move|p2a: RUIN|Dragon Darts|p1a: Shogun
|-resisted|p1a: Shogun
|-damage|p1a: Shogun|81/100 brn
|-anim|p2a: RUIN|Dragon Darts|p1a: Shogun
|-resisted|p1a: Shogun
|-damage|p1a: Shogun|68/100 brn
|-damage|p2a: RUIN|27/100|[from] item: Life Orb
|
|-heal|p1a: Shogun|75/100 brn|[from] item: Leftovers
|-damage|p1a: Shogun|68/100 brn|[from] brn
|upkeep
|turn|22
|
|t:|1779943598
|switch|p2a: LATINO|Keldeo-Resolute, tera:Water|60/100
|-damage|p2a: LATINO|48/100|[from] Spikes
|move|p1a: Shogun|Iron Head|p2a: LATINO
|-resisted|p2a: LATINO
|-damage|p2a: LATINO|31/100
|
|-heal|p1a: Shogun|75/100 brn|[from] item: Leftovers
|-damage|p1a: Shogun|68/100 brn|[from] brn
|upkeep
|turn|23
|
|t:|1779943611
|move|p2a: LATINO|Surf|p1a: Shogun
|-damage|p1a: Shogun|0 fnt
|faint|p1a: Shogun
|-end|p1a: Shogun|fallen3|[silent]
|
|upkeep
|
|t:|1779943617
|switch|p1a: Ombra|Dragapult, F|27/100
|turn|24
|
|t:|1779943621
|move|p1a: Ombra|Shadow Ball|p2a: LATINO
|-damage|p2a: LATINO|0 fnt
|faint|p2a: LATINO
|
|upkeep
|
|t:|1779943626
|switch|p2a: RUIN|Dragapult, M|27/100
|-damage|p2a: RUIN|14/100|[from] Spikes
|turn|25
|
|t:|1779943631
|move|p1a: Ombra|Shadow Ball|p2a: RUIN
|-supereffective|p2a: RUIN
|-damage|p2a: RUIN|0 fnt
|faint|p2a: RUIN
|
|win|Andher
|raw|Andher's rating: 1391 &rarr; <strong>1410</strong><br />(+19 for winning)
|raw|bring09's rating: 1381 &rarr; <strong>1362</strong><br />(-19 for losing)
|l|☆bring09
|player|p2|
|l|☆Andher
|player|p1|
