|j|☆FIreFist_98
|j|☆joeschma5036
|t:|1779864687
|gametype|singles
|player|p1|FIreFist_98|steven|1105
|player|p2|joeschma5036|volkner|1194
|gen|9
|tier|[Gen 9] OU
|rated|
|rule|HP Percentage Mod: HP is shown in percentages
|rule|Endless Battle Clause: Forcing endless battles is banned
|rule|Species Clause: Limit one of each Pokémon
|rule|OHKO Clause: OHKO moves are banned
|rule|Evasion Items Clause: Evasion items are banned
|rule|Evasion Moves Clause: Evasion moves are banned
|rule|Evasion Abilities Clause: Evasion abilities are banned
|rule|Sleep Moves Clause: Sleep-inducing moves are banned
|clearpoke
|poke|p1|Torkoal, F|
|poke|p1|Blaziken, F|
|poke|p1|Walking Wake|
|poke|p1|Great Tusk|
|poke|p1|Raging Bolt|
|poke|p1|Kingambit, F|
|poke|p2|Cloyster, F|
|poke|p2|Exeggutor, M|
|poke|p2|Gyarados, F|
|poke|p2|Heracross, F|
|poke|p2|Moltres|
|poke|p2|Tyranitar, M|
|teampreview
|
|t:|1779864715
|teamsize|p1|6
|teamsize|p2|6
|start
|switch|p1a: Torkoal|Torkoal, F|100/100
|switch|p2a: Cloyster|Cloyster, F|100/100
|-weather|SunnyDay|[from] ability: Drought|[of] p1a: Torkoal
|turn|1
|
|t:|1779864736
|move|p2a: Cloyster|Shell Smash|p2a: Cloyster
|-unboost|p2a: Cloyster|def|1
|-unboost|p2a: Cloyster|spd|1
|-boost|p2a: Cloyster|atk|2
|-boost|p2a: Cloyster|spa|2
|-boost|p2a: Cloyster|spe|2
|move|p1a: Torkoal|Body Press|p2a: Cloyster
|-supereffective|p2a: Cloyster
|-damage|p2a: Cloyster|12/100
|
|-weather|SunnyDay|[upkeep]
|upkeep
|turn|2
|
|t:|1779864744
|move|p2a: Cloyster|Rock Blast|p1a: Torkoal
|-supereffective|p1a: Torkoal
|-damage|p1a: Torkoal|82/100
|-supereffective|p1a: Torkoal
|-damage|p1a: Torkoal|64/100
|-supereffective|p1a: Torkoal
|-damage|p1a: Torkoal|47/100
|-supereffective|p1a: Torkoal
|-damage|p1a: Torkoal|30/100
|-supereffective|p1a: Torkoal
|-damage|p1a: Torkoal|13/100
|-hitcount|p1a: Torkoal|5
|move|p1a: Torkoal|Body Press|p2a: Cloyster
|-supereffective|p2a: Cloyster
|-damage|p2a: Cloyster|0 fnt
|faint|p2a: Cloyster
|
|-weather|SunnyDay|[upkeep]
|upkeep
|
|t:|1779864773
|switch|p2a: Heracross|Heracross, F|100/100
|turn|3
|
|t:|1779864777
|move|p2a: Heracross|Knock Off|p1a: Torkoal
|-damage|p1a: Torkoal|0 fnt
|-enditem|p1a: Torkoal|Heat Rock|[from] move: Knock Off|[of] p2a: Heracross
|faint|p1a: Torkoal
|-ability|p2a: Heracross|Moxie|boost
|-boost|p2a: Heracross|atk|1
|
|-weather|SunnyDay|[upkeep]
|upkeep
|
|t:|1779864787
|switch|p1a: Blaziken|Blaziken, F|100/100
|turn|4
|
|t:|1779864794
|switch|p2a: Moltres|Moltres|100/100
|move|p1a: Blaziken|Swords Dance|p1a: Blaziken
|-boost|p1a: Blaziken|atk|2
|
|-weather|SunnyDay|[upkeep]
|-ability|p1a: Blaziken|Speed Boost|boost
|-boost|p1a: Blaziken|spe|1
|upkeep
|turn|5
|
|t:|1779864812
|move|p1a: Blaziken|Close Combat|p2a: Moltres
|-resisted|p2a: Moltres
|-damage|p2a: Moltres|32/100
|-unboost|p1a: Blaziken|def|1
|-unboost|p1a: Blaziken|spd|1
|move|p2a: Moltres|Air Slash|p1a: Blaziken
|-supereffective|p1a: Blaziken
|-damage|p1a: Blaziken|0 fnt
|faint|p1a: Blaziken
|
|-weather|SunnyDay|[upkeep]
|upkeep
|
|t:|1779864822
|switch|p1a: Raging Bolt|Raging Bolt|100/100
|-activate|p1a: Raging Bolt|ability: Protosynthesis
|-start|p1a: Raging Bolt|protosynthesisspa
|turn|6
|
|t:|1779864838
|switch|p2a: Tyranitar|Tyranitar, M|100/100
|-weather|Sandstorm|[from] ability: Sand Stream|[of] p2a: Tyranitar
|-end|p1a: Raging Bolt|Protosynthesis
|move|p1a: Raging Bolt|Thunderclap||[still]
|-fail|p1a: Raging Bolt
|
|-weather|Sandstorm|[upkeep]
|-damage|p1a: Raging Bolt|94/100|[from] Sandstorm
|upkeep
|turn|7
|
|t:|1779864851
|-terastallize|p1a: Raging Bolt|Fairy
|move|p1a: Raging Bolt|Weather Ball|p2a: Tyranitar
|-damage|p2a: Tyranitar|87/100
|move|p2a: Tyranitar|Knock Off|p1a: Raging Bolt
|-resisted|p1a: Raging Bolt
|-damage|p1a: Raging Bolt|72/100
|-enditem|p1a: Raging Bolt|Assault Vest|[from] move: Knock Off|[of] p2a: Tyranitar
|
|-weather|Sandstorm|[upkeep]
|-damage|p1a: Raging Bolt|65/100|[from] Sandstorm
|upkeep
|turn|8
|
|t:|1779864863
|move|p1a: Raging Bolt|Thunderclap|p2a: Tyranitar
|-damage|p2a: Tyranitar|72/100
|move|p2a: Tyranitar|Rock Slide|p1a: Raging Bolt
|-damage|p1a: Raging Bolt|26/100
|
|-weather|Sandstorm|[upkeep]
|-damage|p1a: Raging Bolt|20/100|[from] Sandstorm
|upkeep
|turn|9
|-message|FIreFist_98 forfeited.
|
|win|joeschma5036
|raw|FIreFist_98's rating: 1105 &rarr; <strong>1086</strong><br />(-19 for losing)
|raw|joeschma5036's rating: 1194 &rarr; <strong>1213</strong><br />(+19 for winning)
|l|☆FIreFist_98
|player|p1|
