|j|‽aaagislash
|j|☆goodgoodcush
|t:|1779871187
|gametype|singles
|player|p1|aaagislash|266|1634
|player|p2|goodgoodcush|265|1519
|gen|9
|tier|[Gen 9] OU
|rated|
|rule|HP Percentage Mod: HP is shown in percentages
|rule|Endless Battle Clause: Forcing endless battles is banned
|rule|Species Clause: Limit one of each Pokémon
|rule|OHKO Clause: OHKO moves are banned
|rule|Evasion Items Clause: Evasion items are banned
|rule|Evasion Moves Clause: Evasion moves are banned
|rule|Evasion Abilities Clause: Evasion abilities are banned
|rule|Sleep Moves Clause: Sleep-inducing moves are banned
|clearpoke
|poke|p1|Yanmega, F|
|poke|p1|Moltres|
|poke|p1|Great Tusk|
|poke|p1|Primarina, F|
|poke|p1|Landorus-Therian, M|
|poke|p1|Meowscarada, M|
|poke|p2|Dragonite, M|
|poke|p2|Zamazenta-*|
|poke|p2|Glimmora, M|
|poke|p2|Gholdengo|
|poke|p2|Iron Valiant|
|poke|p2|Ogerpon-Wellspring, F|
|teampreview
|
|t:|1779871222
|teamsize|p1|6
|teamsize|p2|6
|start
|switch|p1a: Great Tusk|Great Tusk|100/100
|switch|p2a: Ogerpon|Ogerpon-Wellspring, F|100/100
|-enditem|p1a: Great Tusk|Booster Energy
|-activate|p1a: Great Tusk|ability: Protosynthesis|[fromitem]
|-start|p1a: Great Tusk|protosynthesisatk
|turn|1
|
|t:|1779871230
|move|p2a: Ogerpon|Power Whip|p1a: Great Tusk
|-supereffective|p1a: Great Tusk
|-damage|p1a: Great Tusk|0 fnt
|faint|p1a: Great Tusk
|-end|p1a: Great Tusk|Protosynthesis|[silent]
|
|upkeep
|
|t:|1779871235
|switch|p1a: Landorus|Landorus-Therian, M|100/100
|-ability|p1a: Landorus|Intimidate|boost
|-unboost|p2a: Ogerpon|atk|1
|turn|2
|
|t:|1779871245
|move|p2a: Ogerpon|Ivy Cudgel|p1a: Landorus|[anim] Ivy Cudgel Water
|-supereffective|p1a: Landorus
|-damage|p1a: Landorus|10/100
|move|p1a: Landorus|Stealth Rock|p2a: Ogerpon
|-sidestart|p2: goodgoodcush|move: Stealth Rock
|
|upkeep
|turn|3
|
|t:|1779871251
|switch|p1a: Meowscarada|Meowscarada, M|100/100
|move|p2a: Ogerpon|Ivy Cudgel|p1a: Meowscarada|[anim] Ivy Cudgel Water
|-resisted|p1a: Meowscarada
|-damage|p1a: Meowscarada|73/100
|
|upkeep
|turn|4
|
|t:|1779871262
|move|p1a: Meowscarada|Shadow Ball|p2a: Ogerpon
|-start|p1a: Meowscarada|typechange|Ghost|[from] ability: Protean
|-damage|p2a: Ogerpon|66/100
|move|p2a: Ogerpon|Ivy Cudgel|p1a: Meowscarada|[anim] Ivy Cudgel Water
|-crit|p1a: Meowscarada
|-damage|p1a: Meowscarada|0 fnt
|faint|p1a: Meowscarada
|
|upkeep
|
|t:|1779871270
|switch|p1a: Yanmega|Yanmega, F|100/100
|turn|5
|
|t:|1779871283
|move|p2a: Ogerpon|Knock Off|p1a: Yanmega
|-damage|p1a: Yanmega|71/100
|-enditem|p1a: Yanmega|Throat Spray|[from] move: Knock Off|[of] p2a: Ogerpon
|move|p1a: Yanmega|Bug Buzz|p2a: Ogerpon
|-supereffective|p2a: Ogerpon
|-damage|p2a: Ogerpon|0 fnt
|faint|p2a: Ogerpon
|
|-ability|p1a: Yanmega|Speed Boost|boost
|-boost|p1a: Yanmega|spe|1
|upkeep
|
|t:|1779871296
|switch|p2a: Iron Valiant|Iron Valiant|100/100
|-damage|p2a: Iron Valiant|94/100|[from] Stealth Rock
|-enditem|p2a: Iron Valiant|Booster Energy
|-activate|p2a: Iron Valiant|ability: Quark Drive|[fromitem]
|-start|p2a: Iron Valiant|quarkdrivespe
|turn|6
|
|t:|1779871299
|move|p1a: Yanmega|Protect|p1a: Yanmega
|-singleturn|p1a: Yanmega|Protect
|move|p2a: Iron Valiant|Encore|p1a: Yanmega
|-activate|p1a: Yanmega|move: Protect
|
|-ability|p1a: Yanmega|Speed Boost|boost
|-boost|p1a: Yanmega|spe|1
|upkeep
|turn|7
|
|t:|1779871302
|move|p1a: Yanmega|Psychic Noise|p2a: Iron Valiant
|-supereffective|p2a: Iron Valiant
|-damage|p2a: Iron Valiant|0 fnt
|faint|p2a: Iron Valiant
|-end|p2a: Iron Valiant|Quark Drive|[silent]
|
|-ability|p1a: Yanmega|Speed Boost|boost
|-boost|p1a: Yanmega|spe|1
|upkeep
|
|t:|1779871309
|switch|p2a: Glimmora|Glimmora, M|100/100
|-damage|p2a: Glimmora|88/100|[from] Stealth Rock
|turn|8
|
|t:|1779871312
|move|p1a: Yanmega|Psychic Noise|p2a: Glimmora
|-supereffective|p2a: Glimmora
|-damage|p2a: Glimmora|25/100
|-start|p2a: Glimmora|move: Heal Block
|-enditem|p2a: Glimmora|Red Card|[of] p1a: Yanmega
|drag|p1a: Landorus|Landorus-Therian, M|10/100
|-ability|p1a: Landorus|Intimidate|boost
|-unboost|p2a: Glimmora|atk|1
|move|p2a: Glimmora|Stealth Rock|p1a: Landorus
|-sidestart|p1: aaagislash|move: Stealth Rock
|
|upkeep
|turn|9
|
|t:|1779871322
|move|p1a: Landorus|Earthquake|p2a: Glimmora
|-supereffective|p2a: Glimmora
|-damage|p2a: Glimmora|0 fnt
|-activate|p2a: Glimmora|ability: Toxic Debris
|-sidestart|p1: aaagislash|move: Toxic Spikes
|faint|p2a: Glimmora
|
|upkeep
|
|t:|1779871334
|switch|p2a: Gholdengo|Gholdengo|100/100
|-damage|p2a: Gholdengo|94/100|[from] Stealth Rock
|-item|p2a: Gholdengo|Air Balloon
|turn|10
|
|t:|1779871337
|move|p1a: Landorus|Fling|p2a: Gholdengo
|-supereffective|p2a: Gholdengo
|-damage|p2a: Gholdengo|79/100
|-status|p2a: Gholdengo|par
|-enditem|p2a: Gholdengo|Air Balloon
|-enditem|p1a: Landorus|Light Ball|[from] move: Fling
|move|p2a: Gholdengo|Hex|p1a: Landorus
|-damage|p1a: Landorus|0 fnt
|faint|p1a: Landorus
|
|upkeep
|
|t:|1779871364
|switch|p1a: Moltres|Moltres|100/100
|-damage|p1a: Moltres|51/100|[from] Stealth Rock
|turn|11
|
|t:|1779871368
|move|p1a: Moltres|Flamethrower|p2a: Gholdengo
|-supereffective|p2a: Gholdengo
|-crit|p2a: Gholdengo
|-damage|p2a: Gholdengo|0 fnt
|faint|p2a: Gholdengo
|-damage|p1a: Moltres|41/100|[from] item: Life Orb
|
|upkeep
|
|t:|1779871380
|switch|p2a: Dragonite|Dragonite, M|100/100
|turn|12
|
|t:|1779871398
|move|p2a: Dragonite|Extreme Speed|p1a: Moltres
|-damage|p1a: Moltres|1/100
|move|p1a: Moltres|Hurricane|p2a: Dragonite
|-damage|p2a: Dragonite|63/100
|-damage|p1a: Moltres|0 fnt|[from] item: Life Orb
|faint|p1a: Moltres
|
|upkeep
|
|t:|1779871409
|switch|p1a: Yanmega|Yanmega, F|71/100
|-damage|p1a: Yanmega|21/100|[from] Stealth Rock
|turn|13
|
|t:|1779871416
|-terastallize|p1a: Yanmega|Ghost
|move|p2a: Dragonite|Extreme Speed|p1a: Yanmega
|-immune|p1a: Yanmega
|move|p1a: Yanmega|Shadow Ball|p2a: Dragonite
|-damage|p2a: Dragonite|18/100
|-unboost|p2a: Dragonite|spd|1
|
|-ability|p1a: Yanmega|Speed Boost|boost
|-boost|p1a: Yanmega|spe|1
|upkeep
|turn|14
|
|t:|1779871433
|switch|p2a: Zamazenta|Zamazenta|100/100
|-damage|p2a: Zamazenta|94/100|[from] Stealth Rock
|-ability|p2a: Zamazenta|Dauntless Shield|boost
|-boost|p2a: Zamazenta|def|1
|move|p1a: Yanmega|Psychic Noise|p2a: Zamazenta
|-supereffective|p2a: Zamazenta
|-damage|p2a: Zamazenta|56/100
|-start|p2a: Zamazenta|move: Heal Block
|
|-ability|p1a: Yanmega|Speed Boost|boost
|-boost|p1a: Yanmega|spe|1
|upkeep
|turn|15
|
|t:|1779871447
|move|p1a: Yanmega|Protect|p1a: Yanmega
|-singleturn|p1a: Yanmega|Protect
|move|p2a: Zamazenta|Crunch|p1a: Yanmega
|-activate|p1a: Yanmega|move: Protect
|
|-end|p2a: Zamazenta|move: Heal Block
|-ability|p1a: Yanmega|Speed Boost|boost
|-boost|p1a: Yanmega|spe|1
|upkeep
|turn|16
|
|t:|1779871452
|switch|p1a: Primarina|Primarina, F|100/100
|-damage|p1a: Primarina|88/100|[from] Stealth Rock
|-status|p1a: Primarina|psn
|move|p2a: Zamazenta|Crunch|p1a: Primarina
|-resisted|p1a: Primarina
|-damage|p1a: Primarina|76/100 psn
|
|-heal|p2a: Zamazenta|62/100|[from] item: Leftovers
|-damage|p1a: Primarina|64/100 psn|[from] psn
|upkeep
|turn|17
|
|t:|1779871475
|-terastallize|p2a: Zamazenta|Fire
|move|p2a: Zamazenta|Body Press|p1a: Primarina
|-resisted|p1a: Primarina
|-damage|p1a: Primarina|33/100 psn
|move|p1a: Primarina|Hydro Pump|p2a: Zamazenta
|-supereffective|p2a: Zamazenta
|-damage|p2a: Zamazenta|0 fnt
|faint|p2a: Zamazenta
|
|-damage|p1a: Primarina|20/100 psn|[from] psn
|upkeep
|
|t:|1779871485
|switch|p2a: Dragonite|Dragonite, M|18/100
|turn|18
|
|t:|1779871488
|move|p2a: Dragonite|Earthquake|p1a: Primarina
|-damage|p1a: Primarina|0 fnt
|faint|p1a: Primarina
|
|upkeep
|
|t:|1779871490
|switch|p1a: Yanmega|Yanmega, F, tera:Ghost|21/100
|-damage|p1a: Yanmega|9/100|[from] Stealth Rock
|-status|p1a: Yanmega|psn
|turn|19
|
|t:|1779871496
|move|p1a: Yanmega|Shadow Ball|p2a: Dragonite
|-damage|p2a: Dragonite|0 fnt
|faint|p2a: Dragonite
|
|win|aaagislash
|raw|aaagislash's rating: 1652 &rarr; <strong>1665</strong><br />(+13 for winning)
|raw|goodgoodcush's rating: 1519 &rarr; <strong>1506</strong><br />(-13 for losing)
|l|☆goodgoodcush
|player|p2|
|l|‽aaagislash
|player|p1|
