|j|☆beastmode200
|j|☆claudechamp
|t:|1779870983
|gametype|singles
|player|p1|beastmode200|maid|1365
|player|p2|claudechamp|169|1336
|gen|9
|tier|[Gen 9] OU
|rated|
|rule|HP Percentage Mod: HP is shown in percentages
|rule|Endless Battle Clause: Forcing endless battles is banned
|rule|Species Clause: Limit one of each Pokémon
|rule|OHKO Clause: OHKO moves are banned
|rule|Evasion Items Clause: Evasion items are banned
|rule|Evasion Moves Clause: Evasion moves are banned
|rule|Evasion Abilities Clause: Evasion abilities are banned
|rule|Sleep Moves Clause: Sleep-inducing moves are banned
|clearpoke
|poke|p1|Slither Wing|
|poke|p1|Ninetales, F|
|poke|p1|Hydrapple, F|
|poke|p1|Great Tusk|
|poke|p1|Rotom-Wash|
|poke|p1|Walking Wake|
|poke|p2|Corviknight, F|
|poke|p2|Ting-Lu|
|poke|p2|Kyurem|
|poke|p2|Dondozo, F|
|poke|p2|Slowking-Galar, F|
|poke|p2|Cinderace, M|
|teampreview
|c|☆claudechamp|hf
|inactive|Battle timer is ON: inactive players will automatically lose when time's up. (requested by beastmode200)
|inactive|claudechamp also wants the timer to be on.
|c|☆beastmode200|u 2
|
|t:|1779871003
|teamsize|p1|6
|teamsize|p2|6
|start
|switch|p1a: Great Tusk|Great Tusk|100/100
|switch|p2a: Corviknight|Corviknight, F|100/100
|-ability|p2a: Corviknight|Pressure
|turn|1
|
|t:|1779871017
|-end|p1a: Great Tusk|Protosynthesis|[silent]
|switch|p1a: Rotom|Rotom-Wash|100/100
|switch|p2a: Kyurem|Kyurem|100/100
|-ability|p2a: Kyurem|Pressure
|
|upkeep
|turn|2
|
|t:|1779871027
|move|p2a: Kyurem|Freeze-Dry|p1a: Rotom
|-supereffective|p1a: Rotom
|-damage|p1a: Rotom|47/100
|move|p1a: Rotom|Volt Switch|p2a: Kyurem
|-resisted|p2a: Kyurem
|-damage|p2a: Kyurem|89/100
|
|t:|1779871051
|switch|p1a: Ninetales|Ninetales, F|100/100|[from] Volt Switch
|-weather|SunnyDay|[from] ability: Drought|[of] p1a: Ninetales
|
|-weather|SunnyDay|[upkeep]
|-heal|p2a: Kyurem|95/100|[from] item: Leftovers
|upkeep
|turn|3
|
|t:|1779871066
|switch|p1a: Hydrapple|Hydrapple, F|100/100
|move|p2a: Kyurem|Earth Power|p1a: Hydrapple
|-resisted|p1a: Hydrapple
|-damage|p1a: Hydrapple|86/100
|
|-weather|SunnyDay|[upkeep]
|-heal|p2a: Kyurem|100/100|[from] item: Leftovers
|upkeep
|turn|4
|inactive|beastmode200 has 120 seconds left.
|
|t:|1779871107
|switch|p1a: Slither Wing|Slither Wing|100/100
|-activate|p1a: Slither Wing|ability: Protosynthesis
|-start|p1a: Slither Wing|protosynthesisatk
|move|p2a: Kyurem|Freeze-Dry|p1a: Slither Wing
|-damage|p1a: Slither Wing|69/100
|
|-weather|SunnyDay|[upkeep]
|upkeep
|turn|5
|
|t:|1779871118
|move|p1a: Slither Wing|First Impression|p2a: Kyurem
|-damage|p2a: Kyurem|37/100
|move|p2a: Kyurem|Earth Power|p1a: Slither Wing
|-resisted|p1a: Slither Wing
|-damage|p1a: Slither Wing|57/100
|-unboost|p1a: Slither Wing|spd|1
|
|-weather|SunnyDay|[upkeep]
|-heal|p2a: Kyurem|43/100|[from] item: Leftovers
|upkeep
|turn|6
|inactive|beastmode200 has 90 seconds left.
|
|t:|1779871144
|-end|p1a: Slither Wing|Protosynthesis|[silent]
|switch|p1a: Rotom|Rotom-Wash|47/100
|move|p2a: Kyurem|Freeze-Dry|p1a: Rotom
|-supereffective|p1a: Rotom
|-damage|p1a: Rotom|0 fnt
|faint|p1a: Rotom
|
|-weather|SunnyDay|[upkeep]
|-heal|p2a: Kyurem|50/100|[from] item: Leftovers
|upkeep
|
|t:|1779871150
|switch|p1a: Slither Wing|Slither Wing|57/100
|-activate|p1a: Slither Wing|ability: Protosynthesis
|-start|p1a: Slither Wing|protosynthesisatk
|turn|7
|
|t:|1779871156
|move|p2a: Kyurem|Protect|p2a: Kyurem
|-singleturn|p2a: Kyurem|Protect
|move|p1a: Slither Wing|First Impression|p2a: Kyurem
|-activate|p2a: Kyurem|move: Protect
|
|-weather|SunnyDay|[upkeep]
|-heal|p2a: Kyurem|56/100|[from] item: Leftovers
|upkeep
|turn|8
|
|t:|1779871163
|move|p2a: Kyurem|Freeze-Dry|p1a: Slither Wing
|-damage|p1a: Slither Wing|28/100
|move|p1a: Slither Wing|Close Combat|p2a: Kyurem
|-supereffective|p2a: Kyurem
|-damage|p2a: Kyurem|0 fnt
|-unboost|p1a: Slither Wing|def|1
|-unboost|p1a: Slither Wing|spd|1
|faint|p2a: Kyurem
|
|-weather|SunnyDay|[upkeep]
|upkeep
|
|t:|1779871167
|switch|p2a: Slowking|Slowking-Galar, F|100/100
|turn|9
|
|t:|1779871180
|move|p1a: Slither Wing|Flare Blitz|p2a: Slowking
|-damage|p2a: Slowking|29/100
|-damage|p1a: Slither Wing|3/100|[from] Recoil
|move|p2a: Slowking|Sludge Bomb|p1a: Slither Wing
|-damage|p1a: Slither Wing|0 fnt
|faint|p1a: Slither Wing
|-end|p1a: Slither Wing|Protosynthesis|[silent]
|
|-weather|none
|upkeep
|
|t:|1779871191
|switch|p1a: Great Tusk|Great Tusk|100/100
|turn|10
|
|t:|1779871199
|switch|p2a: Corviknight|Corviknight, F|100/100
|-ability|p2a: Corviknight|Pressure
|move|p1a: Great Tusk|Stealth Rock|p2a: Corviknight
|-sidestart|p2: claudechamp|move: Stealth Rock
|
|upkeep
|turn|11
|
|t:|1779871206
|-end|p1a: Great Tusk|Protosynthesis|[silent]
|switch|p1a: Ninetales|Ninetales, F|100/100
|-weather|SunnyDay|[from] ability: Drought|[of] p1a: Ninetales
|move|p2a: Corviknight|Brave Bird|p1a: Ninetales
|-damage|p1a: Ninetales|53/100
|-damage|p2a: Corviknight|87/100|[from] Recoil
|
|-weather|SunnyDay|[upkeep]
|upkeep
|turn|12
|
|t:|1779871216
|switch|p2a: Cinderace|Cinderace, M|100/100
|move|p1a: Ninetales|Will-O-Wisp|p2a: Cinderace|[miss]
|-miss|p1a: Ninetales|p2a: Cinderace
|
|-weather|SunnyDay|[upkeep]
|upkeep
|turn|13
|
|t:|1779871226
|switch|p1a: Hydrapple|Hydrapple, F|100/100
|move|p2a: Cinderace|Court Change|p2a: Cinderace
|-swapsideconditions
|-activate|p2a: Cinderace|move: Court Change
|
|-weather|SunnyDay|[upkeep]
|upkeep
|turn|14
|
|t:|1779871239
|move|p2a: Cinderace|U-turn|p1a: Hydrapple
|-supereffective|p1a: Hydrapple
|-damage|p1a: Hydrapple|77/100
|
|t:|1779871249
|switch|p2a: Slowking|Slowking-Galar, F|62/100|[from] U-turn
|move|p1a: Hydrapple|Earth Power|p2a: Slowking
|-supereffective|p2a: Slowking
|-enditem|p2a: Slowking|Shuca Berry|[eat]
|-enditem|p2a: Slowking|Shuca Berry|[weaken]
|-damage|p2a: Slowking|40/100
|
|-weather|SunnyDay|[upkeep]
|upkeep
|turn|15
|inactive|beastmode200 has 120 seconds left.
|
|t:|1779871262
|switch|p2a: Ting-Lu|Ting-Lu|100/100
|-ability|p2a: Ting-Lu|Vessel of Ruin
|move|p1a: Hydrapple|Fickle Beam|p2a: Ting-Lu|[anim] Fickle Beam All Out
|-activate|p1a: Hydrapple|move: Fickle Beam
|-damage|p2a: Ting-Lu|70/100
|
|-weather|SunnyDay|[upkeep]
|-heal|p2a: Ting-Lu|76/100|[from] item: Leftovers
|upkeep
|turn|16
|inactive|beastmode200 has 120 seconds left.
|
|t:|1779871272
|move|p2a: Ting-Lu|Earthquake|p1a: Hydrapple
|-resisted|p1a: Hydrapple
|-damage|p1a: Hydrapple|65/100
|move|p1a: Hydrapple|Solar Beam||[still]
|-prepare|p1a: Hydrapple|Solar Beam
|-anim|p1a: Hydrapple|Solar Beam|p2a: Ting-Lu
|-supereffective|p2a: Ting-Lu
|-damage|p2a: Ting-Lu|33/100
|
|-weather|SunnyDay|[upkeep]
|-heal|p2a: Ting-Lu|39/100|[from] item: Leftovers
|upkeep
|turn|17
|
|t:|1779871281
|move|p2a: Ting-Lu|Rest|p2a: Ting-Lu
|-status|p2a: Ting-Lu|slp|[from] move: Rest
|-heal|p2a: Ting-Lu|100/100 slp|[silent]
|move|p1a: Hydrapple|Solar Beam||[still]
|-prepare|p1a: Hydrapple|Solar Beam
|-anim|p1a: Hydrapple|Solar Beam|p2a: Ting-Lu
|-supereffective|p2a: Ting-Lu
|-damage|p2a: Ting-Lu|60/100 slp
|
|-weather|SunnyDay|[upkeep]
|-heal|p2a: Ting-Lu|66/100 slp|[from] item: Leftovers
|upkeep
|turn|18
|
|t:|1779871292
|switch|p2a: Slowking|Slowking-Galar, F|74/100
|move|p1a: Hydrapple|Solar Beam||[still]
|-prepare|p1a: Hydrapple|Solar Beam
|-anim|p1a: Hydrapple|Solar Beam|p2a: Slowking
|-resisted|p2a: Slowking
|-damage|p2a: Slowking|52/100
|
|-weather|none
|upkeep
|turn|19
|
|t:|1779871305
|switch|p1a: Great Tusk|Great Tusk|100/100
|-damage|p1a: Great Tusk|98/100|[from] Stealth Rock
|move|p2a: Slowking|Ice Beam|p1a: Great Tusk
|-supereffective|p1a: Great Tusk
|-damage|p1a: Great Tusk|36/100
|
|upkeep
|turn|20
|
|t:|1779871315
|move|p1a: Great Tusk|Rapid Spin|p2a: Slowking
|-damage|p2a: Slowking|38/100
|-boost|p1a: Great Tusk|spe|1
|-sideend|p1: beastmode200|Stealth Rock|[from] move: Rapid Spin|[of] p1a: Great Tusk
|move|p2a: Slowking|Future Sight|p1a: Great Tusk
|-start|p2a: Slowking|move: Future Sight
|
|upkeep
|turn|21
|
|t:|1779871324
|move|p1a: Great Tusk|Stealth Rock|p2a: Slowking
|-sidestart|p2: claudechamp|move: Stealth Rock
|move|p2a: Slowking|Ice Beam|p1a: Great Tusk
|-supereffective|p1a: Great Tusk
|-damage|p1a: Great Tusk|0 fnt
|faint|p1a: Great Tusk
|-end|p1a: Great Tusk|Protosynthesis|[silent]
|
|upkeep
|
|t:|1779871331
|switch|p1a: Hydrapple|Hydrapple, F|99/100
|turn|22
|
|t:|1779871335
|-terastallize|p2a: Slowking|Water
|move|p1a: Hydrapple|Earth Power|p2a: Slowking
|-damage|p2a: Slowking|19/100
|move|p2a: Slowking|Sludge Bomb|p1a: Hydrapple
|-supereffective|p1a: Hydrapple
|-damage|p1a: Hydrapple|29/100
|
|-end|p1a: Hydrapple|move: Future Sight
|-damage|p1a: Hydrapple|0 fnt
|faint|p1a: Hydrapple
|upkeep
|
|t:|1779871346
|switch|p1a: Walking Wake|Walking Wake|100/100
|turn|23
|
|t:|1779871350
|move|p1a: Walking Wake|Draco Meteor|p2a: Slowking
|-damage|p2a: Slowking|0 fnt
|-unboost|p1a: Walking Wake|spa|2
|faint|p2a: Slowking
|
|upkeep
|-message|beastmode200 forfeited.
|
|win|claudechamp
|raw|beastmode200's rating: 1365 &rarr; <strong>1340</strong><br />(-25 for losing)
|raw|claudechamp's rating: 1278 &rarr; <strong>1309</strong><br />(+31 for winning)
|l|☆beastmode200
|player|p1|
|c|☆claudechamp|gg
