|j|☆jack flabre gun
|j|☆teachmestuffimnew
|t:|1779834818
|gametype|singles
|player|p1|jack flabre gun|roxie|1403
|player|p2|teachmestuffimnew|rocketgruntf|1367
|gen|9
|tier|[Gen 9] OU
|rated|
|rule|HP Percentage Mod: HP is shown in percentages
|rule|Endless Battle Clause: Forcing endless battles is banned
|rule|Species Clause: Limit one of each Pokémon
|rule|OHKO Clause: OHKO moves are banned
|rule|Evasion Items Clause: Evasion items are banned
|rule|Evasion Moves Clause: Evasion moves are banned
|rule|Evasion Abilities Clause: Evasion abilities are banned
|rule|Sleep Moves Clause: Sleep-inducing moves are banned
|clearpoke
|poke|p1|Forretress, F|
|poke|p1|Rillaboom, M|
|poke|p1|Latios, M|
|poke|p1|Regieleki|
|poke|p1|Weezing-Galar, M|
|poke|p1|Iron Valiant|
|poke|p2|Espeon, F|
|poke|p2|Torkoal, M|
|poke|p2|Lilligant-Hisui, F|
|poke|p2|Landorus-Therian, M|
|poke|p2|Jolteon, M|
|poke|p2|Hitmonlee, M|
|teampreview
|inactive|Battle timer is ON: inactive players will automatically lose when time's up. (requested by jack flabre gun)
|inactive|teachmestuffimnew also wants the timer to be on.
|
|t:|1779834835
|teamsize|p1|6
|teamsize|p2|6
|start
|switch|p1a: Latios|Latios, M|100/100
|switch|p2a: Espeon|Espeon, F, shiny|100/100
|turn|1
|
|t:|1779834842
|move|p2a: Espeon|Light Screen|p2a: Espeon
|-sidestart|p2: teachmestuffimnew|move: Light Screen
|move|p1a: Latios|Calm Mind|p1a: Latios
|-boost|p1a: Latios|spa|1
|-boost|p1a: Latios|spd|1
|
|upkeep
|turn|2
|
|t:|1779834850
|move|p1a: Latios|Calm Mind|p1a: Latios
|-boost|p1a: Latios|spa|1
|-boost|p1a: Latios|spd|1
|move|p2a: Espeon|Roar|p1a: Latios
|drag|p1a: Rillaboom|Rillaboom, M|100/100
|-fieldstart|move: Grassy Terrain|[from] ability: Grassy Surge|[of] p1a: Rillaboom
|
|upkeep
|turn|3
|
|t:|1779834858
|move|p2a: Espeon|Reflect|p2a: Espeon
|-sidestart|p2: teachmestuffimnew|Reflect
|move|p1a: Rillaboom|Knock Off|p2a: Espeon
|-supereffective|p2a: Espeon
|-damage|p2a: Espeon|48/100
|-enditem|p2a: Espeon|Light Clay|[from] move: Knock Off|[of] p1a: Rillaboom
|
|-heal|p2a: Espeon|54/100|[from] Grassy Terrain
|upkeep
|turn|4
|
|t:|1779834866
|switch|p2a: Torkoal|Torkoal, M|100/100
|-weather|SunnyDay|[from] ability: Drought|[of] p2a: Torkoal
|move|p1a: Rillaboom|U-turn|p2a: Torkoal
|-resisted|p2a: Torkoal
|-damage|p2a: Torkoal|97/100
|
|t:|1779834881
|switch|p1a: Regieleki|Regieleki|100/100|[from] U-turn
|
|-weather|SunnyDay|[upkeep]
|-heal|p2a: Torkoal|100/100|[from] Grassy Terrain
|upkeep
|turn|5
|
|t:|1779834891
|move|p1a: Regieleki|Volt Switch|p2a: Torkoal
|-damage|p2a: Torkoal|58/100
|
|t:|1779834897
|switch|p1a: Weezing|Weezing-Galar, M|100/100|[from] Volt Switch
|-ability|p1a: Weezing|Neutralizing Gas
|move|p2a: Torkoal|Earth Power|p1a: Weezing
|-supereffective|p1a: Weezing
|-damage|p1a: Weezing|52/100
|
|-weather|SunnyDay|[upkeep]
|-heal|p1a: Weezing|58/100|[from] Grassy Terrain
|-heal|p2a: Torkoal|64/100|[from] Grassy Terrain
|upkeep
|turn|6
|
|t:|1779834910
|move|p1a: Weezing|Flamethrower|p2a: Torkoal
|-resisted|p2a: Torkoal
|-damage|p2a: Torkoal|56/100
|move|p2a: Torkoal|Weather Ball|p1a: Weezing
|-damage|p1a: Weezing|1/100
|
|-weather|SunnyDay|[upkeep]
|-heal|p1a: Weezing|7/100|[from] Grassy Terrain
|-heal|p2a: Torkoal|62/100|[from] Grassy Terrain
|-fieldend|move: Grassy Terrain
|upkeep
|turn|7
|
|t:|1779834922
|move|p1a: Weezing|Pain Split|p2a: Torkoal
|-sethp|p2a: Torkoal|34/100|[from] move: Pain Split|[silent]
|-sethp|p1a: Weezing|35/100|[from] move: Pain Split
|move|p2a: Torkoal|Earth Power|p1a: Weezing
|-supereffective|p1a: Weezing
|-damage|p1a: Weezing|0 fnt
|faint|p1a: Weezing
|-end|p1a: Weezing|ability: Neutralizing Gas
|
|-weather|SunnyDay|[upkeep]
|upkeep
|
|t:|1779834931
|switch|p1a: Latios|Latios, M|100/100
|turn|8
|
|t:|1779834937
|switch|p2a: Lilligant|Lilligant-Hisui, F|100/100
|move|p1a: Latios|Calm Mind|p1a: Latios
|-boost|p1a: Latios|spa|1
|-boost|p1a: Latios|spd|1
|
|-weather|SunnyDay|[upkeep]
|-sideend|p2: teachmestuffimnew|move: Light Screen
|upkeep
|turn|9
|
|t:|1779834947
|switch|p1a: Forretress|Forretress, F|100/100
|-terastallize|p2a: Lilligant|Grass
|move|p2a: Lilligant|Solar Blade||[still]
|-prepare|p2a: Lilligant|Solar Blade
|-anim|p2a: Lilligant|Solar Blade|p1a: Forretress
|-resisted|p1a: Forretress
|-damage|p1a: Forretress|83/100
|-damage|p2a: Lilligant|84/100|[from] item: Rocky Helmet|[of] p1a: Forretress
|
|-weather|SunnyDay|[upkeep]
|upkeep
|turn|10
|
|t:|1779834959
|switch|p2a: Espeon|Espeon, F, shiny|54/100
|move|p1a: Forretress|Stealth Rock|p2a: Espeon
|move|p2a: Espeon|Stealth Rock|p1a: Forretress|[from] ability: Magic Bounce
|-sidestart|p1: jack flabre gun|move: Stealth Rock
|
|-weather|SunnyDay|[upkeep]
|-sideend|p2: teachmestuffimnew|Reflect
|upkeep
|turn|11
|
|t:|1779834971
|move|p2a: Espeon|Light Screen|p2a: Espeon
|-sidestart|p2: teachmestuffimnew|move: Light Screen
|move|p1a: Forretress|Volt Switch|p2a: Espeon
|-damage|p2a: Espeon|47/100
|
|t:|1779834984
|switch|p1a: Rillaboom|Rillaboom, M|100/100|[from] Volt Switch
|-damage|p1a: Rillaboom|88/100|[from] Stealth Rock
|-fieldstart|move: Grassy Terrain|[from] ability: Grassy Surge|[of] p1a: Rillaboom
|
|-weather|none
|-heal|p2a: Espeon|53/100|[from] Grassy Terrain
|-heal|p1a: Rillaboom|94/100|[from] Grassy Terrain
|upkeep
|turn|12
|
|t:|1779834998
|switch|p2a: Landorus|Landorus-Therian, M|100/100
|-ability|p2a: Landorus|Intimidate|boost
|-unboost|p1a: Rillaboom|atk|1
|move|p1a: Rillaboom|Wood Hammer|p2a: Landorus
|-damage|p2a: Landorus|50/100
|-damage|p1a: Rillaboom|78/100|[from] item: Rocky Helmet|[of] p2a: Landorus
|-damage|p1a: Rillaboom|64/100|[from] Recoil
|
|-heal|p1a: Rillaboom|70/100|[from] Grassy Terrain
|upkeep
|turn|13
|
|t:|1779835010
|switch|p1a: Forretress|Forretress, F|83/100
|-damage|p1a: Forretress|70/100|[from] Stealth Rock
|move|p2a: Landorus|U-turn|p1a: Forretress
|-resisted|p1a: Forretress
|-damage|p1a: Forretress|62/100
|-damage|p2a: Landorus|34/100|[from] item: Rocky Helmet|[of] p1a: Forretress
|
|t:|1779835018
|switch|p2a: Torkoal|Torkoal, M|34/100|[from] U-turn
|-weather|SunnyDay|[from] ability: Drought|[of] p2a: Torkoal
|
|-weather|SunnyDay|[upkeep]
|-heal|p1a: Forretress|68/100|[from] Grassy Terrain
|-heal|p2a: Torkoal|40/100|[from] Grassy Terrain
|upkeep
|turn|14
|
|t:|1779835031
|move|p1a: Forretress|Volt Switch|p2a: Torkoal
|-damage|p2a: Torkoal|33/100
|
|t:|1779835033
|switch|p1a: Latios|Latios, M|100/100|[from] Volt Switch
|-damage|p1a: Latios|88/100|[from] Stealth Rock
|move|p2a: Torkoal|Weather Ball|p1a: Latios
|-resisted|p1a: Latios
|-damage|p1a: Latios|56/100
|
|-weather|SunnyDay|[upkeep]
|-heal|p2a: Torkoal|40/100|[from] Grassy Terrain
|upkeep
|turn|15
|
|t:|1779835046
|switch|p2a: Lilligant|Lilligant-Hisui, F, tera:Grass|84/100
|move|p1a: Latios|Draco Meteor|p2a: Lilligant
|-damage|p2a: Lilligant|16/100
|-unboost|p1a: Latios|spa|2
|-damage|p1a: Latios|46/100|[from] item: Life Orb
|
|-weather|SunnyDay|[upkeep]
|-heal|p2a: Lilligant|22/100|[from] Grassy Terrain
|-sideend|p2: teachmestuffimnew|move: Light Screen
|-fieldend|move: Grassy Terrain
|upkeep
|turn|16
|
|t:|1779835066
|move|p2a: Lilligant|Close Combat|p1a: Latios
|-resisted|p1a: Latios
|-damage|p1a: Latios|0 fnt
|-unboost|p2a: Lilligant|def|1
|-unboost|p2a: Lilligant|spd|1
|faint|p1a: Latios
|
|-weather|SunnyDay|[upkeep]
|upkeep
|
|t:|1779835070
|switch|p1a: Rillaboom|Rillaboom, M|70/100
|-damage|p1a: Rillaboom|58/100|[from] Stealth Rock
|-fieldstart|move: Grassy Terrain|[from] ability: Grassy Surge|[of] p1a: Rillaboom
|turn|17
|
|t:|1779835079
|switch|p2a: Landorus|Landorus-Therian, M|34/100
|-ability|p2a: Landorus|Intimidate|boost
|-unboost|p1a: Rillaboom|atk|1
|move|p1a: Rillaboom|U-turn|p2a: Landorus
|-resisted|p2a: Landorus
|-damage|p2a: Landorus|26/100
|-damage|p1a: Rillaboom|41/100|[from] item: Rocky Helmet|[of] p2a: Landorus
|
|t:|1779835084
|switch|p1a: Iron Valiant|Iron Valiant|100/100|[from] U-turn
|-damage|p1a: Iron Valiant|94/100|[from] Stealth Rock
|-enditem|p1a: Iron Valiant|Booster Energy
|-activate|p1a: Iron Valiant|ability: Quark Drive|[fromitem]
|-start|p1a: Iron Valiant|quarkdrivespe
|
|-weather|SunnyDay|[upkeep]
|-heal|p1a: Iron Valiant|100/100|[from] Grassy Terrain
|upkeep
|turn|18
|
|t:|1779835097
|move|p1a: Iron Valiant|Moonblast|p2a: Landorus
|-damage|p2a: Landorus|0 fnt
|faint|p2a: Landorus
|
|-weather|SunnyDay|[upkeep]
|upkeep
|
|t:|1779835103
|switch|p2a: Lilligant|Lilligant-Hisui, F, tera:Grass|22/100
|turn|19
|
|t:|1779835115
|move|p2a: Lilligant|Solar Blade||[still]
|-prepare|p2a: Lilligant|Solar Blade
|-anim|p2a: Lilligant|Solar Blade|p1a: Iron Valiant
|-damage|p1a: Iron Valiant|0 fnt
|faint|p1a: Iron Valiant
|-end|p1a: Iron Valiant|Quark Drive|[silent]
|
|-weather|SunnyDay|[upkeep]
|-heal|p2a: Lilligant|28/100|[from] Grassy Terrain
|upkeep
|
|t:|1779835121
|switch|p1a: Regieleki|Regieleki|100/100
|-damage|p1a: Regieleki|88/100|[from] Stealth Rock
|turn|20
|
|t:|1779835128
|move|p2a: Lilligant|Solar Blade||[still]
|-prepare|p2a: Lilligant|Solar Blade
|-anim|p2a: Lilligant|Solar Blade|p1a: Regieleki
|-damage|p1a: Regieleki|0 fnt
|faint|p1a: Regieleki
|
|-weather|none
|-heal|p2a: Lilligant|34/100|[from] Grassy Terrain
|upkeep
|
|t:|1779835130
|switch|p1a: Rillaboom|Rillaboom, M|41/100
|-damage|p1a: Rillaboom|29/100|[from] Stealth Rock
|turn|21
|-message|jack flabre gun forfeited.
|
|win|teachmestuffimnew
|raw|jack flabre gun's rating: 1403 &rarr; <strong>1381</strong><br />(-22 for losing)
|raw|teachmestuffimnew's rating: 1367 &rarr; <strong>1389</strong><br />(+22 for winning)
|l|☆jack flabre gun
|player|p1|
