|j|☆jhondo
|j|☆OscarGamble
|t:|1779806540
|gametype|singles
|player|p1|jhondo|youngster-gen4dp|1382
|player|p2|OscarGamble|101|1328
|gen|9
|tier|[Gen 9] OU
|rated|
|rule|HP Percentage Mod: HP is shown in percentages
|rule|Endless Battle Clause: Forcing endless battles is banned
|rule|Species Clause: Limit one of each Pokémon
|rule|OHKO Clause: OHKO moves are banned
|rule|Evasion Items Clause: Evasion items are banned
|rule|Evasion Moves Clause: Evasion moves are banned
|rule|Evasion Abilities Clause: Evasion abilities are banned
|rule|Sleep Moves Clause: Sleep-inducing moves are banned
|clearpoke
|poke|p1|Latias, F|
|poke|p1|Glimmora, M|
|poke|p1|Zamazenta-*|
|poke|p1|Dragonite, F|
|poke|p1|Weavile, F|
|poke|p1|Gholdengo|
|poke|p2|Dragonite, F|
|poke|p2|Gholdengo|
|poke|p2|Salazzle, F|
|poke|p2|Corviknight, F|
|poke|p2|Samurott-Hisui, F|
|poke|p2|Ting-Lu|
|teampreview
|inactive|Battle timer is ON: inactive players will automatically lose when time's up. (requested by jhondo)
|
|t:|1779806553
|teamsize|p1|6
|teamsize|p2|6
|start
|switch|p1a: Weavile|Weavile, F|100/100
|switch|p2a: Ting-Lu|Ting-Lu|100/100
|-ability|p1a: Weavile|Pressure
|-ability|p2a: Ting-Lu|Vessel of Ruin
|turn|1
|
|t:|1779806556
|switch|p2a: Corviknight|Corviknight, F|100/100
|-ability|p2a: Corviknight|Pressure
|move|p1a: Weavile|Knock Off|p2a: Corviknight
|-damage|p2a: Corviknight|67/100
|-damage|p1a: Weavile|84/100|[from] item: Rocky Helmet|[of] p2a: Corviknight
|-enditem|p2a: Corviknight|Rocky Helmet|[from] move: Knock Off|[of] p1a: Weavile
|
|upkeep
|turn|2
|
|t:|1779806563
|switch|p1a: Glimmora|Glimmora, M|100/100
|switch|p2a: Salazzle|Salazzle, F|100/100
|
|upkeep
|turn|3
|
|t:|1779806570
|switch|p2a: Ting-Lu|Ting-Lu|100/100
|-ability|p2a: Ting-Lu|Vessel of Ruin
|move|p1a: Glimmora|Stealth Rock|p2a: Ting-Lu
|-sidestart|p2: OscarGamble|move: Stealth Rock
|
|upkeep
|turn|4
|
|t:|1779806580
|move|p1a: Glimmora|Spikes|p2a: Ting-Lu
|-sidestart|p2: OscarGamble|Spikes
|move|p2a: Ting-Lu|Earthquake|p1a: Glimmora
|-supereffective|p1a: Glimmora
|-enditem|p1a: Glimmora|Focus Sash
|-damage|p1a: Glimmora|1/100
|-activate|p1a: Glimmora|ability: Toxic Debris
|-sidestart|p2: OscarGamble|move: Toxic Spikes
|
|upkeep
|turn|5
|
|t:|1779806589
|move|p1a: Glimmora|Mortal Spin|p2a: Ting-Lu
|-resisted|p2a: Ting-Lu
|-damage|p2a: Ting-Lu|99/100
|-status|p2a: Ting-Lu|psn
|move|p2a: Ting-Lu|Earthquake|p1a: Glimmora
|-supereffective|p1a: Glimmora
|-damage|p1a: Glimmora|0 fnt
|-activate|p1a: Glimmora|ability: Toxic Debris
|-sidestart|p2: OscarGamble|move: Toxic Spikes
|faint|p1a: Glimmora
|
|-heal|p2a: Ting-Lu|100/100 psn|[from] item: Leftovers
|-damage|p2a: Ting-Lu|88/100 psn|[from] psn
|upkeep
|
|t:|1779806602
|switch|p1a: Weavile|Weavile, F|84/100
|-ability|p1a: Weavile|Pressure
|turn|6
|
|t:|1779806616
|switch|p2a: Corviknight|Corviknight, F|67/100
|-damage|p2a: Corviknight|55/100|[from] Stealth Rock
|-ability|p2a: Corviknight|Pressure
|move|p1a: Weavile|Knock Off|p2a: Corviknight
|-damage|p2a: Corviknight|30/100
|
|upkeep
|turn|7
|
|t:|1779806623
|switch|p1a: Gholdengo|Gholdengo|100/100
|move|p2a: Corviknight|Roost|p2a: Corviknight
|-heal|p2a: Corviknight|80/100
|-singleturn|p2a: Corviknight|move: Roost
|
|upkeep
|turn|8
|
|t:|1779806633
|switch|p2a: Salazzle|Salazzle, F|100/100
|-sideend|p2: OscarGamble|move: Toxic Spikes|[of] p2a: Salazzle
|move|p1a: Gholdengo|Trick|p2a: Salazzle
|-activate|p1a: Gholdengo|move: Trick|[of] p2a: Salazzle
|-item|p2a: Salazzle|Choice Scarf|[from] move: Trick
|-item|p1a: Gholdengo|Heavy-Duty Boots|[from] move: Trick
|
|upkeep
|turn|9
|
|t:|1779806647
|move|p2a: Salazzle|Toxic|p1a: Gholdengo
|-immune|p1a: Gholdengo|[from] ability: Good as Gold
|move|p1a: Gholdengo|Psyshock|p2a: Salazzle
|-supereffective|p2a: Salazzle
|-crit|p2a: Salazzle
|-damage|p2a: Salazzle|0 fnt
|faint|p2a: Salazzle
|
|upkeep
|
|t:|1779806652
|switch|p2a: Samurott|Samurott-Hisui, F|100/100
|-damage|p2a: Samurott|88/100|[from] Stealth Rock
|-damage|p2a: Samurott|76/100|[from] Spikes
|turn|10
|
|t:|1779806661
|switch|p1a: Zamazenta|Zamazenta|100/100
|-ability|p1a: Zamazenta|Dauntless Shield|boost
|-boost|p1a: Zamazenta|def|1
|move|p2a: Samurott|Knock Off|p1a: Zamazenta
|-resisted|p1a: Zamazenta
|-damage|p1a: Zamazenta|89/100
|-enditem|p1a: Zamazenta|Leftovers|[from] move: Knock Off|[of] p2a: Samurott
|
|upkeep
|turn|11
|
|t:|1779806672
|switch|p1a: Weavile|Weavile, F|84/100
|-ability|p1a: Weavile|Pressure
|switch|p2a: Corviknight|Corviknight, F|80/100
|-damage|p2a: Corviknight|67/100|[from] Stealth Rock
|-ability|p2a: Corviknight|Pressure
|
|upkeep
|turn|12
|
|t:|1779806678
|switch|p1a: Gholdengo|Gholdengo|100/100
|move|p2a: Corviknight|Defog|p1a: Gholdengo
|-immune|p1a: Gholdengo|[from] ability: Good as Gold
|
|upkeep
|turn|13
|
|t:|1779806690
|switch|p2a: Ting-Lu|Ting-Lu|88/100 psn
|-damage|p2a: Ting-Lu|82/100 psn|[from] Stealth Rock
|-damage|p2a: Ting-Lu|69/100 psn|[from] Spikes
|-ability|p2a: Ting-Lu|Vessel of Ruin
|move|p1a: Gholdengo|Shadow Ball|p2a: Ting-Lu
|-resisted|p2a: Ting-Lu
|-damage|p2a: Ting-Lu|61/100 psn
|
|-heal|p2a: Ting-Lu|67/100 psn|[from] item: Leftovers
|-damage|p2a: Ting-Lu|55/100 psn|[from] psn
|upkeep
|turn|14
|
|t:|1779806710
|switch|p1a: Weavile|Weavile, F|84/100
|-ability|p1a: Weavile|Pressure
|move|p2a: Ting-Lu|Ruination|p1a: Weavile
|-damage|p1a: Weavile|42/100
|
|-heal|p2a: Ting-Lu|61/100 psn|[from] item: Leftovers
|-damage|p2a: Ting-Lu|49/100 psn|[from] psn
|upkeep
|turn|15
|
|t:|1779806715
|switch|p2a: Corviknight|Corviknight, F|67/100
|-damage|p2a: Corviknight|55/100|[from] Stealth Rock
|-ability|p2a: Corviknight|Pressure
|move|p1a: Weavile|Knock Off|p2a: Corviknight
|-damage|p2a: Corviknight|30/100
|
|upkeep
|turn|16
|
|t:|1779806724
|switch|p1a: Gholdengo|Gholdengo|100/100
|move|p2a: Corviknight|Roost|p2a: Corviknight
|-heal|p2a: Corviknight|80/100
|-singleturn|p2a: Corviknight|move: Roost
|
|upkeep
|turn|17
|
|t:|1779806731
|switch|p2a: Samurott|Samurott-Hisui, F|76/100
|-damage|p2a: Samurott|64/100|[from] Stealth Rock
|-damage|p2a: Samurott|51/100|[from] Spikes
|move|p1a: Gholdengo|Trick|p2a: Samurott
|-activate|p1a: Gholdengo|move: Trick|[of] p2a: Samurott
|-item|p2a: Samurott|Heavy-Duty Boots|[from] move: Trick
|-item|p1a: Gholdengo|Assault Vest|[from] move: Trick
|
|upkeep
|turn|18
|
|t:|1779806750
|switch|p1a: Zamazenta|Zamazenta|89/100
|switch|p2a: Gholdengo|Gholdengo|100/100
|-damage|p2a: Gholdengo|94/100|[from] Stealth Rock
|-damage|p2a: Gholdengo|82/100|[from] Spikes
|
|upkeep
|turn|19
|
|t:|1779806753
|move|p1a: Zamazenta|Crunch|p2a: Gholdengo
|-supereffective|p2a: Gholdengo
|-enditem|p2a: Gholdengo|Colbur Berry|[eat]
|-enditem|p2a: Gholdengo|Colbur Berry|[weaken]
|-damage|p2a: Gholdengo|59/100
|move|p2a: Gholdengo|Thunder Wave|p1a: Zamazenta|[miss]
|-miss|p2a: Gholdengo|p1a: Zamazenta
|
|upkeep
|turn|20
|
|t:|1779806764
|move|p1a: Zamazenta|Crunch|p2a: Gholdengo
|-supereffective|p2a: Gholdengo
|-damage|p2a: Gholdengo|9/100
|move|p2a: Gholdengo|Thunder Wave|p1a: Zamazenta
|-status|p1a: Zamazenta|par
|
|upkeep
|turn|21
|
|t:|1779806772
|move|p2a: Gholdengo|Recover|p2a: Gholdengo
|-heal|p2a: Gholdengo|59/100
|move|p1a: Zamazenta|Crunch|p2a: Gholdengo
|-supereffective|p2a: Gholdengo
|-crit|p2a: Gholdengo
|-damage|p2a: Gholdengo|0 fnt
|faint|p2a: Gholdengo
|
|upkeep
|
|t:|1779806791
|switch|p2a: Corviknight|Corviknight, F|80/100
|-damage|p2a: Corviknight|67/100|[from] Stealth Rock
|-ability|p2a: Corviknight|Pressure
|turn|22
|
|t:|1779806799
|switch|p1a: Gholdengo|Gholdengo|100/100
|move|p2a: Corviknight|Iron Defense|p2a: Corviknight
|-boost|p2a: Corviknight|def|2
|
|upkeep
|turn|23
|
|t:|1779806805
|switch|p2a: Samurott|Samurott-Hisui, F|51/100
|move|p1a: Gholdengo|Shadow Ball|p2a: Samurott
|-resisted|p2a: Samurott
|-damage|p2a: Samurott|30/100
|
|upkeep
|turn|24
|
|t:|1779806812
|switch|p1a: Weavile|Weavile, F|42/100
|-ability|p1a: Weavile|Pressure
|move|p2a: Samurott|Razor Shell|p1a: Weavile
|-damage|p1a: Weavile|0 fnt
|faint|p1a: Weavile
|
|upkeep
|
|t:|1779806814
|switch|p1a: Zamazenta|Zamazenta|89/100 par
|turn|25
|
|t:|1779806821
|switch|p2a: Corviknight|Corviknight, F|67/100
|-damage|p2a: Corviknight|55/100|[from] Stealth Rock
|-ability|p2a: Corviknight|Pressure
|move|p1a: Zamazenta|Body Press|p2a: Corviknight
|-damage|p2a: Corviknight|34/100
|
|upkeep
|turn|26
|
|t:|1779806830
|switch|p1a: Gholdengo|Gholdengo|100/100
|move|p2a: Corviknight|Roost|p2a: Corviknight
|-heal|p2a: Corviknight|84/100
|-singleturn|p2a: Corviknight|move: Roost
|
|upkeep
|turn|27
|
|t:|1779806839
|switch|p2a: Dragonite|Dragonite, F|100/100
|move|p1a: Gholdengo|Make It Rain|p2a: Dragonite
|-damage|p2a: Dragonite|75/100
|-unboost|p1a: Gholdengo|spa|1
|
|upkeep
|turn|28
|
|t:|1779806846
|switch|p1a: Zamazenta|Zamazenta|89/100 par
|move|p2a: Dragonite|Dragon Tail|p1a: Zamazenta
|-damage|p1a: Zamazenta|69/100 par
|drag|p1a: Latias|Latias, F|100/100
|
|upkeep
|turn|29
|
|t:|1779806856
|switch|p1a: Zamazenta|Zamazenta|69/100 par
|-terastallize|p2a: Dragonite|Steel
|move|p2a: Dragonite|Dragon Tail|p1a: Zamazenta|[miss]
|-miss|p2a: Dragonite|p1a: Zamazenta
|
|upkeep
|turn|30
|
|t:|1779806863
|switch|p2a: Corviknight|Corviknight, F|84/100
|-damage|p2a: Corviknight|72/100|[from] Stealth Rock
|-ability|p2a: Corviknight|Pressure
|move|p1a: Zamazenta|Body Press|p2a: Corviknight
|-damage|p2a: Corviknight|48/100
|
|upkeep
|turn|31
|
|t:|1779806874
|switch|p1a: Gholdengo|Gholdengo|100/100
|move|p2a: Corviknight|Roost|p2a: Corviknight
|-heal|p2a: Corviknight|98/100
|-singleturn|p2a: Corviknight|move: Roost
|
|upkeep
|turn|32
|
|t:|1779806878
|switch|p2a: Dragonite|Dragonite, F, tera:Steel|75/100
|move|p1a: Gholdengo|Shadow Ball|p2a: Dragonite
|-damage|p2a: Dragonite|42/100
|
|upkeep
|turn|33
|
|t:|1779806884
|switch|p1a: Zamazenta|Zamazenta|69/100 par
|move|p2a: Dragonite|Roost|p2a: Dragonite
|-heal|p2a: Dragonite|92/100
|
|upkeep
|turn|34
|
|t:|1779806894
|move|p2a: Dragonite|Earthquake|p1a: Zamazenta
|-damage|p1a: Zamazenta|46/100 par
|move|p1a: Zamazenta|Body Press|p2a: Dragonite
|-supereffective|p2a: Dragonite
|-damage|p2a: Dragonite|45/100
|
|upkeep
|turn|35
|
|t:|1779806903
|switch|p2a: Corviknight|Corviknight, F|98/100
|-damage|p2a: Corviknight|86/100|[from] Stealth Rock
|-ability|p2a: Corviknight|Pressure
|move|p1a: Zamazenta|Iron Defense|p1a: Zamazenta
|-boost|p1a: Zamazenta|def|2
|
|upkeep
|turn|36
|
|t:|1779806909
|switch|p2a: Dragonite|Dragonite, F, tera:Steel|45/100
|switch|p1a: Gholdengo|Gholdengo|100/100
|
|upkeep
|turn|37
|
|t:|1779806919
|switch|p1a: Zamazenta|Zamazenta|46/100 par
|move|p2a: Dragonite|Earthquake|p1a: Zamazenta
|-damage|p1a: Zamazenta|22/100 par
|
|upkeep
|turn|38
|
|t:|1779806924
|move|p2a: Dragonite|Earthquake|p1a: Zamazenta
|-crit|p1a: Zamazenta
|-damage|p1a: Zamazenta|0 fnt
|faint|p1a: Zamazenta
|
|upkeep
|
|t:|1779806928
|switch|p1a: Dragonite|Dragonite, F|100/100
|turn|39
|
|t:|1779806934
|move|p1a: Dragonite|Earthquake|p2a: Dragonite
|-supereffective|p2a: Dragonite
|-damage|p2a: Dragonite|0 fnt
|faint|p2a: Dragonite
|
|upkeep
|
|t:|1779806942
|switch|p2a: Corviknight|Corviknight, F|86/100
|-damage|p2a: Corviknight|73/100|[from] Stealth Rock
|-ability|p2a: Corviknight|Pressure
|turn|40
|
|t:|1779806950
|switch|p1a: Gholdengo|Gholdengo|100/100
|move|p2a: Corviknight|Iron Defense|p2a: Corviknight
|-boost|p2a: Corviknight|def|2
|
|upkeep
|turn|41
|
|t:|1779806962
|switch|p2a: Ting-Lu|Ting-Lu|49/100 psn
|-damage|p2a: Ting-Lu|43/100 psn|[from] Stealth Rock
|-damage|p2a: Ting-Lu|30/100 psn|[from] Spikes
|-ability|p2a: Ting-Lu|Vessel of Ruin
|move|p1a: Gholdengo|Shadow Ball|p2a: Ting-Lu
|-resisted|p2a: Ting-Lu
|-damage|p2a: Ting-Lu|22/100 psn
|
|-heal|p2a: Ting-Lu|28/100 psn|[from] item: Leftovers
|-damage|p2a: Ting-Lu|16/100 psn|[from] psn
|upkeep
|turn|42
|-message|OscarGamble forfeited.
|
|win|jhondo
|raw|jhondo's rating: 1382 &rarr; <strong>1399</strong><br />(+17 for winning)
|raw|OscarGamble's rating: 1328 &rarr; <strong>1311</strong><br />(-17 for losing)
|l|☆OscarGamble
|player|p2|
|l|☆jhondo
|player|p1|
