|j|☆uyiree
|j|☆Param710
|t:|1779961689
|gametype|singles
|player|p1|uyiree|170|1179
|player|p2|Param710|red|1140
|gen|9
|tier|[Gen 9] OU
|rated|
|rule|HP Percentage Mod: HP is shown in percentages
|rule|Endless Battle Clause: Forcing endless battles is banned
|rule|Species Clause: Limit one of each Pokémon
|rule|OHKO Clause: OHKO moves are banned
|rule|Evasion Items Clause: Evasion items are banned
|rule|Evasion Moves Clause: Evasion moves are banned
|rule|Evasion Abilities Clause: Evasion abilities are banned
|rule|Sleep Moves Clause: Sleep-inducing moves are banned
|clearpoke
|poke|p1|Deoxys-Speed|
|poke|p1|Skeledirge, M|
|poke|p1|Alomomola, M|
|poke|p1|Great Tusk|
|poke|p1|Corviknight, M|
|poke|p1|Ogerpon, F|
|poke|p2|Ceruledge, M|
|poke|p2|Walking Wake|
|poke|p2|Iron Valiant|
|poke|p2|Hawlucha, M|
|poke|p2|Grafaiai, F|
|poke|p2|Rillaboom, M|
|teampreview
|inactive|Battle timer is ON: inactive players will automatically lose when time's up. (requested by uyiree)
|
|t:|1779961705
|teamsize|p1|6
|teamsize|p2|6
|start
|switch|p1a: Ogerpon|Ogerpon, F|100/100
|switch|p2a: Grafaiai|Grafaiai, F|100/100
|turn|1
|
|t:|1779961724
|switch|p1a: Corviknight|Corviknight, M, shiny|100/100
|move|p2a: Grafaiai|Gunk Shot|p1a: Corviknight
|-immune|p1a: Corviknight
|
|upkeep
|turn|2
|
|t:|1779961737
|move|p2a: Grafaiai|Knock Off|p1a: Corviknight
|-damage|p1a: Corviknight|85/100
|-damage|p2a: Grafaiai|84/100|[from] item: Rocky Helmet|[of] p1a: Corviknight
|-enditem|p1a: Corviknight|Rocky Helmet|[from] move: Knock Off|[of] p2a: Grafaiai
|move|p1a: Corviknight|Brave Bird|p2a: Grafaiai
|-damage|p2a: Grafaiai|13/100
|-damage|p1a: Corviknight|69/100|[from] Recoil
|
|upkeep
|turn|3
|
|t:|1779961750
|move|p2a: Grafaiai|Parting Shot|p1a: Corviknight
|-ability|p1a: Corviknight|Mirror Armor
|-unboost|p2a: Grafaiai|atk|1
|-ability|p1a: Corviknight|Mirror Armor
|-unboost|p2a: Grafaiai|spa|1
|
|t:|1779961767
|switch|p2a: Walking Wake|Walking Wake|100/100|[from] Parting Shot
|move|p1a: Corviknight|Roost|p1a: Corviknight
|-heal|p1a: Corviknight|100/100
|-singleturn|p1a: Corviknight|move: Roost
|
|upkeep
|turn|4
|
|t:|1779961780
|switch|p1a: fih|Alomomola, M, shiny|100/100
|move|p2a: Walking Wake|Sunny Day|p2a: Walking Wake
|-weather|SunnyDay
|-activate|p2a: Walking Wake|ability: Protosynthesis
|-start|p2a: Walking Wake|protosynthesisspa
|
|-weather|SunnyDay|[upkeep]
|upkeep
|turn|5
|
|t:|1779961794
|move|p2a: Walking Wake|Dragon Pulse|p1a: fih
|-damage|p1a: fih|75/100
|move|p1a: fih|Mirror Coat|p2a: Walking Wake
|-damage|p2a: Walking Wake|20/100
|
|-weather|SunnyDay|[upkeep]
|-heal|p2a: Walking Wake|27/100|[from] item: Leftovers
|upkeep
|turn|6
|
|t:|1779961804
|-end|p2a: Walking Wake|Protosynthesis|[silent]
|switch|p2a: Rillaboom|Rillaboom, M|100/100
|-fieldstart|move: Grassy Terrain|[from] ability: Grassy Surge|[of] p2a: Rillaboom
|move|p1a: fih|Flip Turn|p2a: Rillaboom
|-resisted|p2a: Rillaboom
|-damage|p2a: Rillaboom|97/100
|
|t:|1779961813
|switch|p1a: Ogerpon|Ogerpon, F|100/100|[from] Flip Turn
|
|-weather|SunnyDay|[upkeep]
|-heal|p2a: Rillaboom|100/100|[from] Grassy Terrain
|upkeep
|turn|7
|
|t:|1779961820
|move|p1a: Ogerpon|U-turn|p2a: Rillaboom
|-supereffective|p2a: Rillaboom
|-damage|p2a: Rillaboom|36/100
|
|t:|1779961832
|switch|p1a: Corviknight|Corviknight, M, shiny|100/100|[from] U-turn
|move|p2a: Rillaboom|Giga Impact|p1a: Corviknight
|-resisted|p1a: Corviknight
|-damage|p1a: Corviknight|75/100
|-mustrecharge|p2a: Rillaboom
|
|-weather|SunnyDay|[upkeep]
|-heal|p2a: Rillaboom|42/100|[from] Grassy Terrain
|upkeep
|turn|8
|
|t:|1779961844
|cant|p2a: Rillaboom|recharge
|move|p1a: Corviknight|U-turn|p2a: Rillaboom
|-supereffective|p2a: Rillaboom
|-damage|p2a: Rillaboom|14/100
|
|t:|1779961862
|switch|p1a: Ogerpon|Ogerpon, F|100/100|[from] U-turn
|
|-weather|none
|-heal|p2a: Rillaboom|20/100|[from] Grassy Terrain
|upkeep
|turn|9
|
|t:|1779961870
|switch|p2a: Grafaiai|Grafaiai, F|13/100
|move|p1a: Ogerpon|U-turn|p2a: Grafaiai
|-resisted|p2a: Grafaiai
|-damage|p2a: Grafaiai|0 fnt
|faint|p2a: Grafaiai
|
|t:|1779961879
|switch|p1a: Corviknight|Corviknight, M, shiny|75/100|[from] U-turn
|
|upkeep
|
|t:|1779961884
|switch|p2a: Ceruledge|Ceruledge, M|100/100
|turn|10
|
|t:|1779961899
|switch|p1a: Croc|Skeledirge, M, shiny|100/100
|move|p2a: Ceruledge|Swords Dance|p2a: Ceruledge
|-boost|p2a: Ceruledge|atk|2
|
|-fieldend|move: Grassy Terrain
|upkeep
|turn|11
|
|t:|1779961912
|-terastallize|p2a: Ceruledge|Fighting
|move|p2a: Ceruledge|Poltergeist|p1a: Croc
|-activate|p1a: Croc|move: Poltergeist|Heavy-Duty Boots
|-supereffective|p1a: Croc
|-damage|p1a: Croc|7/100
|-damage|p2a: Ceruledge|91/100|[from] item: Life Orb
|move|p1a: Croc|Hex|p2a: Ceruledge
|-damage|p2a: Ceruledge|60/100
|
|upkeep
|turn|12
|
|t:|1779961926
|move|p2a: Ceruledge|Bitter Blade|p1a: Croc
|-resisted|p1a: Croc
|-damage|p1a: Croc|0 fnt
|-heal|p2a: Ceruledge|64/100|[from] drain|[of] p1a: Croc
|faint|p1a: Croc
|-damage|p2a: Ceruledge|54/100|[from] item: Life Orb
|
|upkeep
|
|t:|1779961936
|switch|p1a: Great Tusk|Great Tusk, shiny|100/100
|turn|13
|
|t:|1779961941
|move|p1a: Great Tusk|Headlong Rush|p2a: Ceruledge
|-damage|p2a: Ceruledge|0 fnt
|-unboost|p1a: Great Tusk|def|1
|-unboost|p1a: Great Tusk|spd|1
|faint|p2a: Ceruledge
|
|upkeep
|
|t:|1779961954
|switch|p2a: Walking Wake|Walking Wake|27/100
|turn|14
|
|t:|1779961958
|-end|p1a: Great Tusk|Protosynthesis|[silent]
|switch|p1a: fih|Alomomola, M, shiny|100/100
|move|p2a: Walking Wake|Flamethrower|p1a: fih
|-resisted|p1a: fih
|-damage|p1a: fih|93/100
|
|-heal|p2a: Walking Wake|33/100|[from] item: Leftovers
|upkeep
|turn|15
|
|t:|1779961967
|move|p2a: Walking Wake|Sunny Day|p2a: Walking Wake
|-weather|SunnyDay
|-activate|p2a: Walking Wake|ability: Protosynthesis
|-start|p2a: Walking Wake|protosynthesisspa
|move|p1a: fih|Flip Turn|p2a: Walking Wake
|-resisted|p2a: Walking Wake
|-damage|p2a: Walking Wake|31/100
|
|t:|1779961975
|switch|p1a: Ogerpon|Ogerpon, F|100/100|[from] Flip Turn
|
|-weather|SunnyDay|[upkeep]
|-heal|p2a: Walking Wake|37/100|[from] item: Leftovers
|upkeep
|turn|16
|
|t:|1779961983
|move|p2a: Walking Wake|Flamethrower|p1a: Ogerpon
|-supereffective|p1a: Ogerpon
|-damage|p1a: Ogerpon|0 fnt
|faint|p1a: Ogerpon
|
|-weather|SunnyDay|[upkeep]
|-heal|p2a: Walking Wake|43/100|[from] item: Leftovers
|upkeep
|-message|uyiree forfeited.
|
|win|Param710
|raw|uyiree's rating: 1179 &rarr; <strong>1151</strong><br />(-28 for losing)
|raw|Param710's rating: 1140 &rarr; <strong>1168</strong><br />(+28 for winning)
|l|☆uyiree
|player|p1|
|l|☆Param710
|player|p2|
