|j|☆spicychickenman
|j|☆morriganqrow
|t:|1779855900
|gametype|singles
|player|p1|spicychickenman|veteran|1315
|player|p2|morriganqrow|miku-fairy|1325
|gen|9
|tier|[Gen 9] OU
|rated|
|rule|HP Percentage Mod: HP is shown in percentages
|rule|Endless Battle Clause: Forcing endless battles is banned
|rule|Species Clause: Limit one of each Pokémon
|rule|OHKO Clause: OHKO moves are banned
|rule|Evasion Items Clause: Evasion items are banned
|rule|Evasion Moves Clause: Evasion moves are banned
|rule|Evasion Abilities Clause: Evasion abilities are banned
|rule|Sleep Moves Clause: Sleep-inducing moves are banned
|clearpoke
|poke|p1|Deoxys-Speed|
|poke|p1|Iron Valiant|
|poke|p1|Kingambit, F|
|poke|p1|Ceruledge, M|
|poke|p1|Dragonite, M|
|poke|p1|Raging Bolt|
|poke|p2|Tornadus, M|
|poke|p2|Toxtricity, M|
|poke|p2|Iron Valiant|
|poke|p2|Arcanine-Hisui, M|
|poke|p2|Brambleghast, M|
|poke|p2|Hydreigon, M|
|teampreview
|inactive|Battle timer is ON: inactive players will automatically lose when time's up. (requested by spicychickenman)
|
|t:|1779855914
|teamsize|p1|6
|teamsize|p2|6
|start
|switch|p1a: METROOO|Deoxys-Speed|100/100
|switch|p2a: Xaldin|Tornadus, M, shiny|100/100
|-ability|p1a: METROOO|Pressure
|turn|1
|
|t:|1779855921
|move|p2a: Xaldin|Taunt|p1a: METROOO
|-start|p1a: METROOO|move: Taunt
|move|p1a: METROOO|Psycho Boost|p2a: Xaldin
|-damage|p2a: Xaldin|40/100
|-unboost|p1a: METROOO|spa|2
|-enditem|p2a: Xaldin|Eject Button
|
|t:|1779855931
|switch|p2a: Xemnas|Hydreigon, M, shiny|100/100
|-enditem|p1a: METROOO|Eject Pack
|
|t:|1779855948
|switch|p1a: CRASH OUT|Iron Valiant|100/100
|-enditem|p1a: CRASH OUT|Booster Energy
|-activate|p1a: CRASH OUT|ability: Quark Drive|[fromitem]
|-start|p1a: CRASH OUT|quarkdrivespe
|
|upkeep
|turn|2
|
|t:|1779855978
|-terastallize|p2a: Xemnas|Steel
|move|p1a: CRASH OUT|Knock Off|p2a: Xemnas
|-damage|p2a: Xemnas|63/100
|-enditem|p2a: Xemnas|Eject Pack|[from] move: Knock Off|[of] p1a: CRASH OUT
|move|p2a: Xemnas|Tailwind|p2a: Xemnas
|-sidestart|p2: morriganqrow|move: Tailwind
|
|upkeep
|turn|3
|
|t:|1779855988
|move|p2a: Xemnas|Stealth Rock|p1a: CRASH OUT
|-sidestart|p1: spicychickenman|move: Stealth Rock
|move|p1a: CRASH OUT|Encore|p2a: Xemnas
|-start|p2a: Xemnas|Encore
|
|upkeep
|turn|4
|inactive|morriganqrow has 120 seconds left.
|
|t:|1779856011
|switch|p2a: Xaldin|Tornadus, M, shiny|40/100
|move|p1a: CRASH OUT|Knock Off|p2a: Xaldin
|-damage|p2a: Xaldin|7/100
|
|upkeep
|turn|5
|
|t:|1779856031
|-end|p1a: CRASH OUT|Quark Drive|[silent]
|switch|p1a: BIG STEPPA|Dragonite, M|100/100
|move|p2a: Xaldin|Hurricane|p1a: BIG STEPPA|[miss]
|-miss|p2a: Xaldin|p1a: BIG STEPPA
|
|-sideend|p2: morriganqrow|move: Tailwind
|upkeep
|turn|6
|
|t:|1779856038
|move|p1a: BIG STEPPA|Extreme Speed|p2a: Xaldin
|-damage|p2a: Xaldin|0 fnt
|faint|p2a: Xaldin
|
|upkeep
|inactive|morriganqrow has 120 seconds left.
|
|t:|1779856069
|switch|p2a: Xemnas|Hydreigon, M, shiny, tera:Steel|63/100
|turn|7
|inactive|morriganqrow has 120 seconds left.
|inactive|spicychickenman has 120 seconds left.
|
|t:|1779856121
|move|p2a: Xemnas|Tailwind|p2a: Xemnas
|-sidestart|p2: morriganqrow|move: Tailwind
|move|p1a: BIG STEPPA|Encore|p2a: Xemnas
|-start|p2a: Xemnas|Encore
|
|upkeep
|turn|8
|inactive|morriganqrow has 120 seconds left.
|inactive|spicychickenman has 90 seconds left.
|
|t:|1779856140
|switch|p2a: Zexion|Brambleghast, M, shiny|100/100
|-ability|p2a: Zexion|Wind Rider|boost
|-boost|p2a: Zexion|atk|1
|move|p1a: BIG STEPPA|Earthquake|p2a: Zexion
|-resisted|p2a: Zexion
|-damage|p2a: Zexion|64/100
|
|upkeep
|turn|9
|inactive|spicychickenman has 90 seconds left.
|inactive|spicychickenman has 60 seconds left.
|
|t:|1779856189
|switch|p2a: Axel|Arcanine-Hisui, M|100/100
|move|p1a: BIG STEPPA|Earthquake|p2a: Axel
|-supereffective|p2a: Axel
|-damage|p2a: Axel|0 fnt
|faint|p2a: Axel
|
|upkeep
|-message|morriganqrow forfeited.
|
|win|spicychickenman
|raw|spicychickenman's rating: 1315 &rarr; <strong>1336</strong><br />(+21 for winning)
|raw|morriganqrow's rating: 1325 &rarr; <strong>1304</strong><br />(-21 for losing)
|l|☆morriganqrow
|player|p2|
|l|☆spicychickenman
|player|p1|
