|j|☆LetThatSinkInn
|j|☆gvgvjvfcgv
|t:|1779822068
|gametype|singles
|player|p1|LetThatSinkInn|hilbert-wonderlauncher|1224
|player|p2|gvgvjvfcgv|101|1144
|gen|9
|tier|[Gen 9] OU
|rated|
|rule|HP Percentage Mod: HP is shown in percentages
|rule|Endless Battle Clause: Forcing endless battles is banned
|rule|Species Clause: Limit one of each Pokémon
|rule|OHKO Clause: OHKO moves are banned
|rule|Evasion Items Clause: Evasion items are banned
|rule|Evasion Moves Clause: Evasion moves are banned
|rule|Evasion Abilities Clause: Evasion abilities are banned
|rule|Sleep Moves Clause: Sleep-inducing moves are banned
|clearpoke
|poke|p1|Primarina, M|
|poke|p1|Grimmsnarl, M|
|poke|p1|Lokix, F|
|poke|p1|Walking Wake|
|poke|p1|Kingambit, F|
|poke|p1|Iron Moth|
|poke|p2|Dragonite, F|
|poke|p2|Clefable, F|
|poke|p2|Moltres|
|poke|p2|Haunter, F|
|poke|p2|Gengar, F|
|poke|p2|Golem, M|
|teampreview
|inactive|Battle timer is ON: inactive players will automatically lose when time's up. (requested by LetThatSinkInn)
|
|t:|1779822096
|teamsize|p1|6
|teamsize|p2|6
|start
|switch|p1a: Walking Wake|Walking Wake|100/100
|switch|p2a: Golem|Golem, M|100/100
|-enditem|p1a: Walking Wake|Booster Energy
|-activate|p1a: Walking Wake|ability: Protosynthesis|[fromitem]
|-start|p1a: Walking Wake|protosynthesisatk
|turn|1
|
|t:|1779822110
|-terastallize|p2a: Golem|Normal
|move|p1a: Walking Wake|Dragon Dance|p1a: Walking Wake
|-boost|p1a: Walking Wake|atk|1
|-boost|p1a: Walking Wake|spe|1
|move|p2a: Golem|Explosion|p1a: Walking Wake
|-damage|p1a: Walking Wake|0 fnt
|faint|p2a: Golem
|faint|p1a: Walking Wake
|-end|p1a: Walking Wake|Protosynthesis|[silent]
|
|upkeep
|
|t:|1779822129
|switch|p1a: Iron Moth|Iron Moth|100/100
|switch|p2a: Lil bro|Haunter, F|100/100
|-enditem|p1a: Iron Moth|Booster Energy
|-activate|p1a: Iron Moth|ability: Quark Drive|[fromitem]
|-start|p1a: Iron Moth|quarkdrivespa
|turn|2
|
|t:|1779822138
|move|p1a: Iron Moth|Fiery Dance|p2a: Lil bro
|-enditem|p2a: Lil bro|Focus Sash
|-damage|p2a: Lil bro|1/100
|move|p2a: Lil bro|Taunt|p1a: Iron Moth
|-start|p1a: Iron Moth|move: Taunt
|
|upkeep
|turn|3
|
|t:|1779822147
|switch|p2a: Clefable|Clefable, F|100/100
|move|p1a: Iron Moth|Fiery Dance|p2a: Clefable
|-damage|p2a: Clefable|65/100
|
|-heal|p2a: Clefable|71/100|[from] item: Leftovers
|upkeep
|turn|4
|
|t:|1779822154
|move|p1a: Iron Moth|Sludge Wave|p2a: Clefable
|-supereffective|p2a: Clefable
|-damage|p2a: Clefable|0 fnt
|faint|p2a: Clefable
|
|upkeep
|
|t:|1779822159
|switch|p2a: Dragonite|Dragonite, F|100/100
|turn|5
|
|t:|1779822163
|move|p1a: Iron Moth|Fiery Dance|p2a: Dragonite
|-resisted|p2a: Dragonite
|-damage|p2a: Dragonite|87/100
|move|p2a: Dragonite|Earthquake|p1a: Iron Moth
|-supereffective|p1a: Iron Moth
|-damage|p1a: Iron Moth|0 fnt
|faint|p1a: Iron Moth
|-end|p1a: Iron Moth|Quark Drive|[silent]
|
|upkeep
|
|t:|1779822171
|switch|p1a: Primarina|Primarina, M|100/100
|turn|6
|
|t:|1779822177
|switch|p2a: Lil bro|Haunter, F|1/100
|move|p1a: Primarina|Moonblast|p2a: Lil bro
|-resisted|p2a: Lil bro
|-damage|p2a: Lil bro|0 fnt
|faint|p2a: Lil bro
|
|upkeep
|
|t:|1779822183
|switch|p2a: Big bro|Gengar, F|100/100
|turn|7
|
|t:|1779822187
|move|p2a: Big bro|Shadow Ball|p1a: Primarina
|-damage|p1a: Primarina|66/100
|move|p1a: Primarina|Sparkling Aria|p2a: Big bro
|-damage|p2a: Big bro|4/100
|
|upkeep
|turn|8
|
|t:|1779822194
|switch|p2a: Moltres|Moltres|100/100
|move|p1a: Primarina|Aqua Jet|p2a: Moltres
|-supereffective|p2a: Moltres
|-damage|p2a: Moltres|83/100
|-status|p1a: Primarina|brn|[from] ability: Flame Body|[of] p2a: Moltres
|
|-damage|p1a: Primarina|60/100 brn|[from] brn
|upkeep
|turn|9
|
|t:|1779822209
|move|p2a: Moltres|Roost|p2a: Moltres
|-heal|p2a: Moltres|100/100
|-singleturn|p2a: Moltres|move: Roost
|move|p1a: Primarina|Sparkling Aria|p2a: Moltres
|-supereffective|p2a: Moltres
|-damage|p2a: Moltres|0 fnt
|faint|p2a: Moltres
|
|-damage|p1a: Primarina|54/100 brn|[from] brn
|upkeep
|
|t:|1779822218
|switch|p2a: Big bro|Gengar, F|4/100
|turn|10
|
|t:|1779822223
|move|p1a: Primarina|Aqua Jet|p2a: Big bro
|-damage|p2a: Big bro|0 fnt
|-start|p1a: Primarina|Disable|Aqua Jet|[from] ability: Cursed Body|[of] p2a: Big bro
|faint|p2a: Big bro
|
|-damage|p1a: Primarina|47/100 brn|[from] brn
|upkeep
|
|t:|1779822230
|switch|p2a: Dragonite|Dragonite, F|87/100
|turn|11
|
|t:|1779822234
|move|p2a: Dragonite|Roost|p2a: Dragonite
|-heal|p2a: Dragonite|100/100
|-singleturn|p2a: Dragonite|move: Roost
|move|p1a: Primarina|Moonblast|p2a: Dragonite
|-supereffective|p2a: Dragonite
|-damage|p2a: Dragonite|44/100
|
|-damage|p1a: Primarina|41/100 brn|[from] brn
|upkeep
|turn|12
|
|t:|1779822245
|move|p2a: Dragonite|Earthquake|p1a: Primarina
|-damage|p1a: Primarina|0 fnt
|faint|p1a: Primarina
|
|upkeep
|
|t:|1779822253
|switch|p1a: Lokix|Lokix, F|100/100
|turn|13
|
|t:|1779822258
|move|p2a: Dragonite|Roost|p2a: Dragonite
|-heal|p2a: Dragonite|94/100
|-singleturn|p2a: Dragonite|move: Roost
|move|p1a: Lokix|Swords Dance|p1a: Lokix
|-boost|p1a: Lokix|atk|2
|
|upkeep
|turn|14
|
|t:|1779822273
|move|p2a: Dragonite|Roost|p2a: Dragonite
|-heal|p2a: Dragonite|100/100
|-singleturn|p2a: Dragonite|move: Roost
|move|p1a: Lokix|Knock Off|p2a: Dragonite
|-damage|p2a: Dragonite|48/100
|-enditem|p2a: Dragonite|Heavy-Duty Boots|[from] move: Knock Off|[of] p1a: Lokix
|
|upkeep
|turn|15
|
|t:|1779822281
|move|p2a: Dragonite|Extreme Speed|p1a: Lokix
|-damage|p1a: Lokix|66/100
|move|p1a: Lokix|Leech Life|p2a: Dragonite
|-resisted|p2a: Dragonite
|-damage|p2a: Dragonite|0 fnt
|-heal|p1a: Lokix|93/100|[from] drain|[of] p2a: Dragonite
|faint|p2a: Dragonite
|
|win|LetThatSinkInn
|raw|LetThatSinkInn's rating: 1224 &rarr; <strong>1243</strong><br />(+19 for winning)
|raw|gvgvjvfcgv's rating: 1144 &rarr; <strong>1125</strong><br />(-19 for losing)
|l|☆gvgvjvfcgv
|player|p2|
|l|☆LetThatSinkInn
|player|p1|
