|j|☆majorasmog
|j|☆fly casanova
|t:|1779845961
|gametype|singles
|player|p1|majorasmog|galacticgruntf|1529
|player|p2|fly casanova|gamer-gen3|1499
|gen|9
|tier|[Gen 9] OU
|rated|
|rule|HP Percentage Mod: HP is shown in percentages
|rule|Endless Battle Clause: Forcing endless battles is banned
|rule|Species Clause: Limit one of each Pokémon
|rule|OHKO Clause: OHKO moves are banned
|rule|Evasion Items Clause: Evasion items are banned
|rule|Evasion Moves Clause: Evasion moves are banned
|rule|Evasion Abilities Clause: Evasion abilities are banned
|rule|Sleep Moves Clause: Sleep-inducing moves are banned
|clearpoke
|poke|p1|Walking Wake|
|poke|p1|Ninetales, M|
|poke|p1|Raging Bolt|
|poke|p1|Ceruledge, F|
|poke|p1|Great Tusk|
|poke|p1|Cresselia, F|
|poke|p2|Iron Valiant|
|poke|p2|Electrode-Hisui|
|poke|p2|Iron Hands|
|poke|p2|Dragonite, M|
|poke|p2|Hatterene, F|
|poke|p2|Iron Treads|
|teampreview
|inactive|Battle timer is ON: inactive players will automatically lose when time's up. (requested by majorasmog)
|
|t:|1779845975
|teamsize|p1|6
|teamsize|p2|6
|start
|switch|p1a: Ceruledge|Ceruledge, F|100/100
|switch|p2a: Electrode|Electrode-Hisui, shiny|100/100
|turn|1
|
|t:|1779845986
|move|p2a: Electrode|Electric Terrain|p2a: Electrode
|-fieldstart|move: Electric Terrain
|move|p1a: Ceruledge|Bitter Blade|p2a: Electrode
|-supereffective|p2a: Electrode
|-damage|p2a: Electrode|0 fnt
|-status|p1a: Ceruledge|par|[from] ability: Static|[of] p2a: Electrode
|faint|p2a: Electrode
|-damage|p1a: Ceruledge|91/100 par|[from] item: Life Orb
|
|upkeep
|
|t:|1779846004
|switch|p2a: Iron Valiant|Iron Valiant, shiny|100/100
|-activate|p2a: Iron Valiant|ability: Quark Drive
|-start|p2a: Iron Valiant|quarkdrivespe
|turn|2
|
|t:|1779846008
|move|p2a: Iron Valiant|Shadow Ball|p1a: Ceruledge
|-supereffective|p1a: Ceruledge
|-damage|p1a: Ceruledge|11/100 par
|-damage|p2a: Iron Valiant|91/100|[from] item: Life Orb
|move|p1a: Ceruledge|Bitter Blade|p2a: Iron Valiant
|-damage|p2a: Iron Valiant|1/100
|-heal|p1a: Ceruledge|56/100 par|[from] drain|[of] p2a: Iron Valiant
|-damage|p1a: Ceruledge|46/100 par|[from] item: Life Orb
|
|upkeep
|turn|3
|
|t:|1779846012
|move|p1a: Ceruledge|Shadow Sneak|p2a: Iron Valiant
|-damage|p2a: Iron Valiant|0 fnt
|faint|p2a: Iron Valiant
|-end|p2a: Iron Valiant|Quark Drive|[silent]
|-damage|p1a: Ceruledge|36/100 par|[from] item: Life Orb
|
|upkeep
|
|t:|1779846024
|switch|p2a: Iron Hands|Iron Hands|100/100
|-activate|p2a: Iron Hands|ability: Quark Drive
|-start|p2a: Iron Hands|quarkdriveatk
|turn|4
|
|t:|1779846030
|switch|p1a: Cresselia|Cresselia, F|100/100
|move|p2a: Iron Hands|Thunder Punch|p1a: Cresselia
|-damage|p1a: Cresselia|52/100
|-enditem|p1a: Cresselia|Eject Button
|
|t:|1779846032
|switch|p1a: Ninetales|Ninetales, M|100/100
|-weather|SunnyDay|[from] ability: Drought|[of] p1a: Ninetales
|
|-weather|SunnyDay|[upkeep]
|upkeep
|turn|5
|
|t:|1779846038
|switch|p1a: Cresselia|Cresselia, F|52/100
|move|p2a: Iron Hands|Thunder Punch|p1a: Cresselia
|-damage|p1a: Cresselia|6/100
|-status|p1a: Cresselia|par
|
|-weather|SunnyDay|[upkeep]
|upkeep
|turn|6
|
|t:|1779846043
|move|p2a: Iron Hands|Ice Punch|p1a: Cresselia
|-damage|p1a: Cresselia|0 fnt
|faint|p1a: Cresselia
|
|-weather|SunnyDay|[upkeep]
|upkeep
|
|t:|1779846046
|switch|p1a: Great Tusk|Great Tusk|100/100
|-activate|p1a: Great Tusk|ability: Protosynthesis
|-start|p1a: Great Tusk|protosynthesisspe
|turn|7
|
|t:|1779846062
|move|p1a: Great Tusk|Headlong Rush|p2a: Iron Hands
|-supereffective|p2a: Iron Hands
|-damage|p2a: Iron Hands|27/100
|-unboost|p1a: Great Tusk|def|1
|-unboost|p1a: Great Tusk|spd|1
|move|p2a: Iron Hands|Ice Punch|p1a: Great Tusk
|-supereffective|p1a: Great Tusk
|-damage|p1a: Great Tusk|32/100
|-damage|p2a: Iron Hands|10/100|[from] item: Rocky Helmet|[of] p1a: Great Tusk
|
|-weather|SunnyDay|[upkeep]
|upkeep
|turn|8
|
|t:|1779846069
|-end|p2a: Iron Hands|Quark Drive|[silent]
|switch|p2a: Hatterene|Hatterene, F|100/100
|move|p1a: Great Tusk|Ice Spinner|p2a: Hatterene
|-damage|p2a: Hatterene|81/100
|-fieldend|move: Electric Terrain
|-enditem|p2a: Hatterene|Eject Button
|
|t:|1779846093
|switch|p2a: Dragonite|Dragonite, M|100/100
|
|-weather|SunnyDay|[upkeep]
|upkeep
|turn|9
|
|t:|1779846097
|-terastallize|p2a: Dragonite|Normal
|move|p1a: Great Tusk|Ice Spinner|p2a: Dragonite
|-damage|p2a: Dragonite|88/100
|move|p2a: Dragonite|Dragon Dance|p2a: Dragonite
|-boost|p2a: Dragonite|atk|1
|-boost|p2a: Dragonite|spe|1
|
|-weather|SunnyDay|[upkeep]
|upkeep
|turn|10
|
|t:|1779846106
|-end|p1a: Great Tusk|Protosynthesis|[silent]
|switch|p1a: Ceruledge|Ceruledge, F|36/100 par
|move|p2a: Dragonite|Extreme Speed|p1a: Ceruledge
|-immune|p1a: Ceruledge
|
|-weather|SunnyDay|[upkeep]
|upkeep
|turn|11
|
|t:|1779846112
|move|p2a: Dragonite|Scale Shot|p1a: Ceruledge
|-damage|p1a: Ceruledge|5/100 par
|-ability|p1a: Ceruledge|Weak Armor|boost
|-unboost|p1a: Ceruledge|def|1
|-boost|p1a: Ceruledge|spe|2
|-damage|p1a: Ceruledge|0 fnt
|faint|p1a: Ceruledge
|-hitcount|p1: Ceruledge|2
|-unboost|p2a: Dragonite|def|1
|-boost|p2a: Dragonite|spe|1
|
|-weather|none
|upkeep
|
|t:|1779846117
|switch|p1a: Ninetales|Ninetales, M|100/100
|-weather|SunnyDay|[from] ability: Drought|[of] p1a: Ninetales
|turn|12
|
|t:|1779846124
|-terastallize|p1a: Ninetales|Ghost
|move|p2a: Dragonite|Scale Shot|p1a: Ninetales
|-damage|p1a: Ninetales|74/100
|-damage|p1a: Ninetales|48/100
|-damage|p1a: Ninetales|21/100
|-damage|p1a: Ninetales|0 fnt
|faint|p1a: Ninetales
|-hitcount|p1: Ninetales|4
|-unboost|p2a: Dragonite|def|1
|-boost|p2a: Dragonite|spe|1
|
|-weather|SunnyDay|[upkeep]
|upkeep
|
|t:|1779846130
|switch|p1a: Raging Bolt|Raging Bolt|100/100
|-activate|p1a: Raging Bolt|ability: Protosynthesis
|-start|p1a: Raging Bolt|protosynthesisspa
|turn|13
|
|t:|1779846144
|move|p2a: Dragonite|Earthquake|p1a: Raging Bolt
|-supereffective|p1a: Raging Bolt
|-damage|p1a: Raging Bolt|0 fnt
|faint|p1a: Raging Bolt
|-end|p1a: Raging Bolt|Protosynthesis|[silent]
|
|-weather|SunnyDay|[upkeep]
|upkeep
|-message|majorasmog forfeited.
|
|win|fly casanova
|raw|majorasmog's rating: 1529 &rarr; <strong>1507</strong><br />(-22 for losing)
|raw|fly casanova's rating: 1499 &rarr; <strong>1521</strong><br />(+22 for winning)
