|j|☆guzmaslonglostson
|j|☆InDaHouseSun
|t:|1779932856
|gametype|singles
|player|p1|guzmaslonglostson|cyclist|1345
|player|p2|InDaHouseSun|biker-gen4|1359
|gen|9
|tier|[Gen 9] OU
|rated|
|rule|HP Percentage Mod: HP is shown in percentages
|rule|Endless Battle Clause: Forcing endless battles is banned
|rule|Species Clause: Limit one of each Pokémon
|rule|OHKO Clause: OHKO moves are banned
|rule|Evasion Items Clause: Evasion items are banned
|rule|Evasion Moves Clause: Evasion moves are banned
|rule|Evasion Abilities Clause: Evasion abilities are banned
|rule|Sleep Moves Clause: Sleep-inducing moves are banned
|clearpoke
|poke|p1|Hoopa|
|poke|p1|Cinderace, M|
|poke|p1|Mandibuzz, F|
|poke|p1|Kyurem|
|poke|p1|Ting-Lu|
|poke|p1|Manaphy|
|poke|p2|Great Tusk|
|poke|p2|Ogerpon-Wellspring, F|
|poke|p2|Gholdengo|
|poke|p2|Kingambit, F|
|poke|p2|Moltres|
|poke|p2|Raging Bolt|
|teampreview
|inactive|Battle timer is ON: inactive players will automatically lose when time's up. (requested by guzmaslonglostson)
|
|t:|1779932879
|teamsize|p1|6
|teamsize|p2|6
|start
|switch|p1a: Seishiro|Cinderace, M|100/100
|switch|p2a: Great Tusk|Great Tusk, shiny|100/100
|turn|1
|
|t:|1779932893
|-end|p2a: Great Tusk|Protosynthesis|[silent]
|switch|p2a: Moltres|Moltres|100/100
|move|p1a: Seishiro|U-turn|p2a: Moltres
|-start|p1a: Seishiro|typechange|Bug|[from] ability: Libero
|-resisted|p2a: Moltres
|-damage|p2a: Moltres|95/100
|-status|p1a: Seishiro|brn|[from] ability: Flame Body|[of] p2a: Moltres
|
|t:|1779932903
|switch|p1a: Manatoes|Manaphy|100/100|[from] U-turn
|
|upkeep
|turn|2
|
|t:|1779932932
|switch|p2a: Ogerpon|Ogerpon-Wellspring, F|100/100
|move|p1a: Manatoes|Tail Glow|p1a: Manatoes
|-boost|p1a: Manatoes|spa|3
|
|upkeep
|turn|3
|
|t:|1779932952
|-terastallize|p1a: Manatoes|Poison
|move|p2a: Ogerpon|Power Whip|p1a: Manatoes
|-resisted|p1a: Manatoes
|-damage|p1a: Manatoes|71/100
|move|p1a: Manatoes|Alluring Voice|p2a: Ogerpon
|-damage|p2a: Ogerpon|40/100
|
|-heal|p1a: Manatoes|77/100|[from] item: Leftovers
|upkeep
|turn|4
|inactive|InDaHouseSun has 120 seconds left.
|
|t:|1779932990
|-terastallize|p2a: Ogerpon|Water
|detailschange|p2a: Ogerpon|Ogerpon-Wellspring-Tera, F, tera:Water
|-ability|p2a: Ogerpon|Embody Aspect (Wellspring)|boost
|-boost|p2a: Ogerpon|spd|1
|move|p2a: Ogerpon|Ivy Cudgel|p1a: Manatoes|[anim] Ivy Cudgel Water
|-damage|p1a: Manatoes|15/100
|move|p1a: Manatoes|Alluring Voice|p2a: Ogerpon
|-damage|p2a: Ogerpon|4/100
|-start|p2a: Ogerpon|confusion
|
|-heal|p1a: Manatoes|21/100|[from] item: Leftovers
|upkeep
|turn|5
|
|t:|1779933006
|switch|p1a: Seishiro|Cinderace, M|100/100 brn
|-activate|p2a: Ogerpon|confusion
|move|p2a: Ogerpon|Ivy Cudgel|p1a: Seishiro|[anim] Ivy Cudgel Water
|-supereffective|p1a: Seishiro
|-damage|p1a: Seishiro|0 fnt
|faint|p1a: Seishiro
|
|upkeep
|
|t:|1779933015
|switch|p1a: Drago Bloodvish|Kyurem, shiny|100/100
|-ability|p1a: Drago Bloodvish|Pressure
|turn|6
|inactive|InDaHouseSun has 90 seconds left.
|
|t:|1779933043
|move|p1a: Drago Bloodvish|Draco Meteor|p2a: Ogerpon
|-damage|p2a: Ogerpon|0 fnt
|-unboost|p1a: Drago Bloodvish|spa|2
|faint|p2a: Ogerpon
|detailschange|p2: Ogerpon|Ogerpon-Wellspring, F|[silent]
|
|upkeep
|inactive|InDaHouseSun has 90 seconds left.
|
|t:|1779933056
|switch|p2a: Gholdengo|Gholdengo|100/100
|turn|7
|
|t:|1779933060
|switch|p1a: Manatoes|Manaphy, tera:Poison|21/100
|move|p2a: Gholdengo|Dazzling Gleam|p1a: Manatoes
|-resisted|p1a: Manatoes
|-damage|p1a: Manatoes|9/100
|
|-heal|p1a: Manatoes|15/100|[from] item: Leftovers
|upkeep
|turn|8
|
|t:|1779933081
|switch|p2a: Raging Bolt|Raging Bolt|100/100
|move|p1a: Manatoes|Scald|p2a: Raging Bolt
|-resisted|p2a: Raging Bolt
|-damage|p2a: Raging Bolt|88/100
|
|-heal|p1a: Manatoes|21/100|[from] item: Leftovers
|-heal|p2a: Raging Bolt|94/100|[from] item: Leftovers
|upkeep
|turn|9
|
|t:|1779933090
|move|p1a: Manatoes|Take Heart|p1a: Manatoes
|-boost|p1a: Manatoes|spa|1
|-boost|p1a: Manatoes|spd|1
|move|p2a: Raging Bolt|Dragon Pulse|p1a: Manatoes
|-damage|p1a: Manatoes|0 fnt
|faint|p1a: Manatoes
|
|-heal|p2a: Raging Bolt|99/100|[from] item: Leftovers
|upkeep
|
|t:|1779933108
|switch|p1a: Drago Bloodvish|Kyurem, shiny|100/100
|-ability|p1a: Drago Bloodvish|Pressure
|turn|10
|
|t:|1779933117
|-end|p2a: Raging Bolt|Protosynthesis|[silent]
|switch|p2a: Moltres|Moltres|95/100
|move|p1a: Drago Bloodvish|Earth Power|p2a: Moltres
|-immune|p2a: Moltres
|
|upkeep
|turn|11
|
|t:|1779933127
|switch|p1a: Ting-Lucifer|Ting-Lu|100/100
|-ability|p1a: Ting-Lucifer|Vessel of Ruin
|move|p2a: Moltres|U-turn|p1a: Ting-Lucifer
|-supereffective|p1a: Ting-Lucifer
|-damage|p1a: Ting-Lucifer|83/100
|-enditem|p1a: Ting-Lucifer|Weakness Policy
|-boost|p1a: Ting-Lucifer|atk|2|[from] item: Weakness Policy
|-boost|p1a: Ting-Lucifer|spa|2|[from] item: Weakness Policy
|c|☆InDaHouseSun|Great name for ting lu ngl
|c|☆guzmaslonglostson|ty ty
|inactive|InDaHouseSun has 90 seconds left.
|
|t:|1779933156
|switch|p2a: Great Tusk|Great Tusk, shiny|100/100|[from] U-turn
|
|upkeep
|turn|12
|inactive|InDaHouseSun has 90 seconds left.
|
|t:|1779933174
|move|p2a: Great Tusk|Stealth Rock|p1a: Ting-Lucifer
|-sidestart|p1: guzmaslonglostson|move: Stealth Rock
|move|p1a: Ting-Lucifer|Earthquake|p2a: Great Tusk
|-damage|p2a: Great Tusk|27/100
|
|upkeep
|turn|13
|
|t:|1779933181
|-end|p2a: Great Tusk|Protosynthesis|[silent]
|switch|p2a: Moltres|Moltres|95/100
|move|p1a: Ting-Lucifer|Stealth Rock|p2a: Moltres
|-sidestart|p2: InDaHouseSun|move: Stealth Rock
|
|upkeep
|turn|14
|
|t:|1779933189
|switch|p2a: Kingambit|Kingambit, F|100/100
|-damage|p2a: Kingambit|94/100|[from] Stealth Rock
|-activate|p2a: Kingambit|ability: Supreme Overlord
|-start|p2a: Kingambit|fallen1|[silent]
|move|p1a: Ting-Lucifer|Stone Edge|p2a: Kingambit|[miss]
|-miss|p1a: Ting-Lucifer|p2a: Kingambit
|
|upkeep
|turn|15
|inactive|InDaHouseSun has 90 seconds left.
|c|☆InDaHouseSun|Partially because of how evil tinglu is
|c|☆InDaHouseSun|Lorewise and competetively
|inactive|InDaHouseSun has 60 seconds left.
|c|☆guzmaslonglostson|hes just an evil evil thingamabob
|
|t:|1779933249
|-end|p2a: Kingambit|fallen1|[silent]
|switch|p2a: Moltres|Moltres|95/100
|move|p1a: Ting-Lucifer|Earthquake|p2a: Moltres
|-immune|p2a: Moltres
|
|upkeep
|turn|16
|
|t:|1779933257
|switch|p2a: Gholdengo|Gholdengo|100/100
|-damage|p2a: Gholdengo|94/100|[from] Stealth Rock
|move|p1a: Ting-Lucifer|Earthquake|p2a: Gholdengo
|-supereffective|p2a: Gholdengo
|-damage|p2a: Gholdengo|0 fnt
|faint|p2a: Gholdengo
|
|upkeep
|c|☆guzmaslonglostson|IM A SAVAGEEEEEEE
|c|☆InDaHouseSun|For real
|c|☆InDaHouseSun|Cya boi
|c|☆guzmaslonglostson|toodles
|c|☆InDaHouseSun|This is def gg
|-message|InDaHouseSun forfeited.
|
|win|guzmaslonglostson
|raw|guzmaslonglostson's rating: 1345 &rarr; <strong>1366</strong><br />(+21 for winning)
|raw|InDaHouseSun's rating: 1359 &rarr; <strong>1338</strong><br />(-21 for losing)
|l|☆InDaHouseSun
|player|p2|
