|j|☆sunshinepromise
|j|☆les_mues
|t:|1779897817
|gametype|singles
|player|p1|sunshinepromise|2|1427
|player|p2|les_mues|swimmerf-gen4|1398
|gen|9
|tier|[Gen 9] OU
|rated|
|rule|HP Percentage Mod: HP is shown in percentages
|rule|Endless Battle Clause: Forcing endless battles is banned
|rule|Species Clause: Limit one of each Pokémon
|rule|OHKO Clause: OHKO moves are banned
|rule|Evasion Items Clause: Evasion items are banned
|rule|Evasion Moves Clause: Evasion moves are banned
|rule|Evasion Abilities Clause: Evasion abilities are banned
|rule|Sleep Moves Clause: Sleep-inducing moves are banned
|clearpoke
|poke|p1|Pincurchin, F|
|poke|p1|Iron Hands|
|poke|p1|Rotom-Wash|
|poke|p1|Gholdengo|
|poke|p1|Raichu-Alola, M|
|poke|p1|Hatterene, F|
|poke|p2|Iron Crown|
|poke|p2|Landorus-Therian, M|
|poke|p2|Ogerpon, F|
|poke|p2|Cinderace, F|
|poke|p2|Iron Valiant|
|poke|p2|Zamazenta-*|
|teampreview
|inactive|Battle timer is ON: inactive players will automatically lose when time's up. (requested by sunshinepromise)
|
|t:|1779897840
|teamsize|p1|6
|teamsize|p2|6
|start
|switch|p1a: Pincurchin|Pincurchin, F|100/100
|switch|p2a: Landorus|Landorus-Therian, M|100/100
|-ability|p2a: Landorus|Intimidate|boost
|-unboost|p1a: Pincurchin|atk|1
|-fieldstart|move: Electric Terrain|[from] ability: Electric Surge|[of] p1a: Pincurchin
|turn|1
|
|t:|1779897850
|switch|p1a: Rotom|Rotom-Wash|100/100
|move|p2a: Landorus|U-turn|p1a: Rotom
|-damage|p1a: Rotom|78/100
|
|t:|1779897868
|switch|p2a: Iron Crown|Iron Crown|100/100|[from] U-turn
|-activate|p2a: Iron Crown|ability: Quark Drive
|-start|p2a: Iron Crown|quarkdrivespa
|
|-heal|p1a: Rotom|85/100|[from] item: Leftovers
|upkeep
|turn|2
|
|t:|1779897884
|move|p2a: Iron Crown|Volt Switch|p1a: Rotom
|-damage|p1a: Rotom|40/100
|
|t:|1779897895
|-end|p2a: Iron Crown|Quark Drive|[silent]
|switch|p2a: Landorus|Landorus-Therian, M|100/100|[from] Volt Switch
|-ability|p2a: Landorus|Intimidate|boost
|-unboost|p1a: Rotom|atk|1
|move|p1a: Rotom|Volt Switch|p2a: Landorus
|-immune|p2a: Landorus
|
|-heal|p1a: Rotom|46/100|[from] item: Leftovers
|upkeep
|turn|3
|
|t:|1779897904
|move|p2a: Landorus|Stealth Rock|p1a: Rotom
|-sidestart|p1: sunshinepromise|move: Stealth Rock
|move|p1a: Rotom|Volt Switch|p2a: Landorus
|-immune|p2a: Landorus
|
|-heal|p1a: Rotom|52/100|[from] item: Leftovers
|upkeep
|turn|4
|
|t:|1779897909
|move|p2a: Landorus|U-turn|p1a: Rotom
|-damage|p1a: Rotom|31/100
|
|t:|1779897913
|switch|p2a: Iron Crown|Iron Crown|100/100|[from] U-turn
|-activate|p2a: Iron Crown|ability: Quark Drive
|-start|p2a: Iron Crown|quarkdrivespa
|move|p1a: Rotom|Volt Switch|p2a: Iron Crown
|-damage|p2a: Iron Crown|84/100
|
|t:|1779897924
|switch|p1a: Gholdengo|Gholdengo|100/100|[from] Volt Switch
|-damage|p1a: Gholdengo|94/100|[from] Stealth Rock
|-enditem|p1a: Gholdengo|Electric Seed
|-boost|p1a: Gholdengo|def|1|[from] item: Electric Seed
|
|upkeep
|turn|5
|
|t:|1779897940
|move|p2a: Iron Crown|Tachyon Cutter|p1a: Gholdengo
|-resisted|p1a: Gholdengo
|-damage|p1a: Gholdengo|76/100
|-resisted|p1a: Gholdengo
|-damage|p1a: Gholdengo|59/100
|-hitcount|p1a: Gholdengo|2
|move|p1a: Gholdengo|Shadow Ball|p2a: Iron Crown
|-supereffective|p2a: Iron Crown
|-damage|p2a: Iron Crown|20/100
|
|upkeep
|turn|6
|inactive|les_mues has 120 seconds left.
|
|t:|1779897972
|move|p2a: Iron Crown|Tachyon Cutter|p1a: Gholdengo
|-resisted|p1a: Gholdengo
|-damage|p1a: Gholdengo|38/100
|-resisted|p1a: Gholdengo
|-damage|p1a: Gholdengo|20/100
|-hitcount|p1a: Gholdengo|2
|move|p1a: Gholdengo|Shadow Ball|p2a: Iron Crown
|-supereffective|p2a: Iron Crown
|-damage|p2a: Iron Crown|0 fnt
|faint|p2a: Iron Crown
|-end|p2a: Iron Crown|Quark Drive|[silent]
|
|upkeep
|
|t:|1779897997
|switch|p2a: Cinderace|Cinderace, F|100/100
|turn|7
|
|t:|1779898000
|move|p2a: Cinderace|Pyro Ball|p1a: Gholdengo
|-supereffective|p1a: Gholdengo
|-damage|p1a: Gholdengo|0 fnt
|faint|p1a: Gholdengo
|
|upkeep
|
|t:|1779898019
|switch|p1a: Hatterene|Hatterene, F|100/100
|-damage|p1a: Hatterene|88/100|[from] Stealth Rock
|-enditem|p1a: Hatterene|Electric Seed
|-boost|p1a: Hatterene|def|1|[from] item: Electric Seed
|turn|8
|inactive|les_mues has 120 seconds left.
|
|t:|1779898029
|move|p2a: Cinderace|Pyro Ball|p1a: Hatterene
|-damage|p1a: Hatterene|55/100
|move|p1a: Hatterene|Calm Mind|p1a: Hatterene
|-boost|p1a: Hatterene|spa|1
|-boost|p1a: Hatterene|spd|1
|
|-fieldend|move: Electric Terrain
|upkeep
|turn|9
|inactive|les_mues has 120 seconds left.
|
|t:|1779898040
|move|p2a: Cinderace|Pyro Ball|p1a: Hatterene
|-damage|p1a: Hatterene|17/100
|move|p1a: Hatterene|Stored Power|p2a: Cinderace
|-damage|p2a: Cinderace|21/100
|
|upkeep
|turn|10
|inactive|les_mues has 120 seconds left.
|
|t:|1779898046
|move|p2a: Cinderace|Pyro Ball|p1a: Hatterene
|-damage|p1a: Hatterene|0 fnt
|faint|p1a: Hatterene
|
|upkeep
|
|t:|1779898049
|switch|p1a: Pincurchin|Pincurchin, F|100/100
|-damage|p1a: Pincurchin|88/100|[from] Stealth Rock
|-fieldstart|move: Electric Terrain|[from] ability: Electric Surge|[of] p1a: Pincurchin
|turn|11
|
|t:|1779898057
|move|p2a: Cinderace|Pyro Ball|p1a: Pincurchin
|-damage|p1a: Pincurchin|0 fnt
|faint|p1a: Pincurchin
|
|upkeep
|
|t:|1779898062
|switch|p1a: Raichu|Raichu-Alola, M|100/100
|-damage|p1a: Raichu|88/100|[from] Stealth Rock
|turn|12
|
|t:|1779898067
|move|p1a: Raichu|Psyshock|p2a: Cinderace
|-damage|p2a: Cinderace|0 fnt
|faint|p2a: Cinderace
|-damage|p1a: Raichu|78/100|[from] item: Life Orb
|
|upkeep
|
|t:|1779898081
|switch|p2a: Iron Valiant|Iron Valiant|100/100
|-activate|p2a: Iron Valiant|ability: Quark Drive
|-start|p2a: Iron Valiant|quarkdrivespe
|turn|13
|
|t:|1779898086
|move|p1a: Raichu|Thunderbolt|p2a: Iron Valiant
|-damage|p2a: Iron Valiant|0 fnt
|faint|p2a: Iron Valiant
|-end|p2a: Iron Valiant|Quark Drive|[silent]
|-damage|p1a: Raichu|68/100|[from] item: Life Orb
|
|upkeep
|
|t:|1779898098
|switch|p2a: Landorus|Landorus-Therian, M|100/100
|-ability|p2a: Landorus|Intimidate|boost
|-unboost|p1a: Raichu|atk|1
|turn|14
|
|t:|1779898105
|switch|p1a: Rotom|Rotom-Wash|31/100
|-damage|p1a: Rotom|19/100|[from] Stealth Rock
|move|p2a: Landorus|Earthquake|p1a: Rotom
|-immune|p1a: Rotom|[from] ability: Levitate
|
|-heal|p1a: Rotom|25/100|[from] item: Leftovers
|upkeep
|turn|15
|
|t:|1779898109
|move|p2a: Landorus|U-turn|p1a: Rotom
|-damage|p1a: Rotom|4/100
|
|t:|1779898112
|switch|p2a: Ogerpon|Ogerpon, F|100/100|[from] U-turn
|move|p1a: Rotom|Reflect|p1a: Rotom
|-sidestart|p1: sunshinepromise|Reflect
|
|-heal|p1a: Rotom|11/100|[from] item: Leftovers
|upkeep
|turn|16
|
|t:|1779898121
|move|p2a: Ogerpon|U-turn|p1a: Rotom
|-damage|p1a: Rotom|1/100
|
|t:|1779898124
|switch|p2a: Landorus|Landorus-Therian, M|100/100|[from] U-turn
|-ability|p2a: Landorus|Intimidate|boost
|-unboost|p1a: Rotom|atk|1
|move|p1a: Rotom|Volt Switch|p2a: Landorus
|-immune|p2a: Landorus
|
|-heal|p1a: Rotom|7/100|[from] item: Leftovers
|upkeep
|turn|17
|
|t:|1779898128
|move|p2a: Landorus|U-turn|p1a: Rotom
|-damage|p1a: Rotom|0 fnt
|faint|p1a: Rotom
|
|t:|1779898139
|switch|p2a: Ogerpon|Ogerpon, F|100/100|[from] U-turn
|
|upkeep
|
|t:|1779898150
|switch|p1a: Iron Hands|Iron Hands|100/100
|-damage|p1a: Iron Hands|94/100|[from] Stealth Rock
|-activate|p1a: Iron Hands|ability: Quark Drive
|-start|p1a: Iron Hands|quarkdriveatk
|turn|18
|
|t:|1779898164
|-terastallize|p1a: Iron Hands|Poison
|move|p2a: Ogerpon|Knock Off|p1a: Iron Hands
|-damage|p1a: Iron Hands|84/100
|-enditem|p1a: Iron Hands|Lum Berry|[from] move: Knock Off|[of] p2a: Ogerpon
|move|p1a: Iron Hands|Swords Dance|p1a: Iron Hands
|-boost|p1a: Iron Hands|atk|2
|
|-fieldend|move: Electric Terrain
|-end|p1a: Iron Hands|Quark Drive
|upkeep
|turn|19
|
|t:|1779898171
|move|p2a: Ogerpon|Encore|p1a: Iron Hands
|-start|p1a: Iron Hands|Encore
|move|p1a: Iron Hands|Swords Dance|p1a: Iron Hands
|-boost|p1a: Iron Hands|atk|2
|
|-sideend|p1: sunshinepromise|Reflect
|upkeep
|turn|20
|
|t:|1779898175
|move|p2a: Ogerpon|Ivy Cudgel|p1a: Iron Hands
|-resisted|p1a: Iron Hands
|-damage|p1a: Iron Hands|67/100
|move|p1a: Iron Hands|Swords Dance|p1a: Iron Hands
|-boost|p1a: Iron Hands|atk|2
|
|upkeep
|turn|21
|inactive|sunshinepromise has 120 seconds left.
|l|☆sunshinepromise
|inactive|sunshinepromise disconnected and has a minute to reconnect!
|player|p1|
|inactive|sunshinepromise has 30 seconds to reconnect!
|inactive|sunshinepromise has 20 seconds to reconnect!
|inactive|sunshinepromise has 15 seconds to reconnect!
|inactive|sunshinepromise has 10 seconds to reconnect!
|inactive|sunshinepromise has 5 seconds to reconnect!
|-message|sunshinepromise lost due to inactivity.
|
|win|les_mues
|raw|sunshinepromise's rating: 1427 &rarr; <strong>1405</strong><br />(-22 for losing)
|raw|les_mues's rating: 1398 &rarr; <strong>1420</strong><br />(+22 for winning)
|l|☆les_mues
|player|p2|
