|j|☆karothis
|j|‽ekekdkdmdmwksl
|t:|1779874138
|gametype|singles
|player|p1|karothis|101|1342
|player|p2|ekekdkdmdmwksl|266|1362
|gen|9
|tier|[Gen 9] OU
|rated|
|rule|HP Percentage Mod: HP is shown in percentages
|rule|Endless Battle Clause: Forcing endless battles is banned
|rule|Species Clause: Limit one of each Pokémon
|rule|OHKO Clause: OHKO moves are banned
|rule|Evasion Items Clause: Evasion items are banned
|rule|Evasion Moves Clause: Evasion moves are banned
|rule|Evasion Abilities Clause: Evasion abilities are banned
|rule|Sleep Moves Clause: Sleep-inducing moves are banned
|clearpoke
|poke|p1|Quagsire, F|
|poke|p1|Toxapex, F|
|poke|p1|Blissey, F|
|poke|p1|Corviknight, F|
|poke|p1|Clefable, M|
|poke|p1|Hydrapple, M|
|poke|p2|Infernape, F|
|poke|p2|Ceruledge, F|
|poke|p2|Hatterene, F|
|poke|p2|Tyranitar, F|
|poke|p2|Excadrill, M|
|poke|p2|Darkrai|
|teampreview
|inactive|Battle timer is ON: inactive players will automatically lose when time's up. (requested by ekekdkdmdmwksl)
|
|t:|1779874145
|teamsize|p1|6
|teamsize|p2|6
|start
|switch|p1a: Hydrapple|Hydrapple, M|100/100
|switch|p2a: Infernape|Infernape, F|100/100
|turn|1
|
|t:|1779874154
|move|p2a: Infernape|Nasty Plot|p2a: Infernape
|-boost|p2a: Infernape|spa|2
|move|p1a: Hydrapple|Earth Power|p2a: Infernape
|-supereffective|p2a: Infernape
|-enditem|p2a: Infernape|Focus Sash
|-damage|p2a: Infernape|1/100
|
|upkeep
|turn|2
|
|t:|1779874160
|switch|p1a: Toxapex|Toxapex, F|100/100
|move|p2a: Infernape|Fire Blast|p1a: Toxapex
|-resisted|p1a: Toxapex
|-damage|p1a: Toxapex|43/100
|
|-heal|p1a: Toxapex|50/100|[from] item: Black Sludge
|upkeep
|turn|3
|
|t:|1779874173
|move|p2a: Infernape|Fire Blast|p1a: Toxapex
|-resisted|p1a: Toxapex
|-damage|p1a: Toxapex|0 fnt
|faint|p1a: Toxapex
|
|upkeep
|
|t:|1779874175
|switch|p1a: Quagsire|Quagsire, F|100/100
|turn|4
|
|t:|1779874184
|move|p2a: Infernape|Aura Sphere|p1a: Quagsire
|-damage|p1a: Quagsire|63/100
|move|p1a: Quagsire|Earthquake|p2a: Infernape
|-supereffective|p2a: Infernape
|-damage|p2a: Infernape|0 fnt
|faint|p2a: Infernape
|
|upkeep
|inactive|ekekdkdmdmwksl has 120 seconds left.
|
|t:|1779874226
|switch|p2a: Darkrai|Darkrai|100/100
|turn|5
|
|t:|1779874233
|move|p2a: Darkrai|Dark Pulse|p1a: Quagsire
|-damage|p1a: Quagsire|0 fnt
|faint|p1a: Quagsire
|
|upkeep
|
|t:|1779874240
|switch|p1a: Clefable|Clefable, M|100/100
|turn|6
|
|t:|1779874245
|switch|p2a: Excadrill|Excadrill, M|100/100
|move|p1a: Clefable|Moonblast|p2a: Excadrill
|-resisted|p2a: Excadrill
|-damage|p2a: Excadrill|76/100
|
|upkeep
|turn|7
|
|t:|1779874249
|switch|p1a: Corviknight|Corviknight, F|100/100
|move|p2a: Excadrill|Iron Head|p1a: Corviknight
|-resisted|p1a: Corviknight
|-damage|p1a: Corviknight|77/100
|
|upkeep
|turn|8
|
|t:|1779874257
|move|p2a: Excadrill|Iron Head|p1a: Corviknight
|-resisted|p1a: Corviknight
|-damage|p1a: Corviknight|54/100
|cant|p1a: Corviknight|flinch
|
|upkeep
|turn|9
|
|t:|1779874262
|switch|p2a: Darkrai|Darkrai|100/100
|move|p1a: Corviknight|Roost|p1a: Corviknight
|-heal|p1a: Corviknight|100/100
|-singleturn|p1a: Corviknight|move: Roost
|
|upkeep
|turn|10
|
|t:|1779874274
|switch|p1a: Blissey|Blissey, F|100/100
|move|p2a: Darkrai|Dark Pulse|p1a: Blissey
|-damage|p1a: Blissey|79/100
|-enditem|p1a: Blissey|Red Card|[of] p2a: Darkrai
|drag|p2a: Excadrill|Excadrill, M|76/100
|
|upkeep
|turn|11
|
|t:|1779874284
|switch|p1a: Corviknight|Corviknight, F|100/100
|move|p2a: Excadrill|Iron Head|p1a: Corviknight
|-resisted|p1a: Corviknight
|-damage|p1a: Corviknight|76/100
|
|upkeep
|turn|12
|
|t:|1779874288
|move|p2a: Excadrill|Iron Head|p1a: Corviknight
|-resisted|p1a: Corviknight
|-damage|p1a: Corviknight|53/100
|move|p1a: Corviknight|Roost|p1a: Corviknight
|-heal|p1a: Corviknight|100/100
|-singleturn|p1a: Corviknight|move: Roost
|
|upkeep
|turn|13
|
|t:|1779874291
|switch|p2a: Ceruledge|Ceruledge, F|100/100
|move|p1a: Corviknight|Body Press|p2a: Ceruledge
|-immune|p2a: Ceruledge
|
|upkeep
|turn|14
|
|t:|1779874304
|-terastallize|p1a: Corviknight|Flying
|move|p2a: Ceruledge|Swords Dance|p2a: Ceruledge
|-boost|p2a: Ceruledge|atk|2
|move|p1a: Corviknight|Brave Bird|p2a: Ceruledge
|-damage|p2a: Ceruledge|47/100
|-ability|p2a: Ceruledge|Weak Armor|boost
|-unboost|p2a: Ceruledge|def|1
|-boost|p2a: Ceruledge|spe|2
|-damage|p1a: Corviknight|88/100|[from] Recoil
|
|upkeep
|turn|15
|
|t:|1779874310
|move|p2a: Ceruledge|Bitter Blade|p1a: Corviknight
|-damage|p1a: Corviknight|25/100
|-heal|p2a: Ceruledge|90/100|[from] drain|[of] p1a: Corviknight
|move|p1a: Corviknight|Brave Bird|p2a: Ceruledge
|-damage|p2a: Ceruledge|13/100
|-ability|p2a: Ceruledge|Weak Armor|boost
|-unboost|p2a: Ceruledge|def|1
|-boost|p2a: Ceruledge|spe|2
|-damage|p1a: Corviknight|7/100|[from] Recoil
|
|upkeep
|turn|16
|
|t:|1779874314
|move|p2a: Ceruledge|Bitter Blade|p1a: Corviknight
|-damage|p1a: Corviknight|0 fnt
|-heal|p2a: Ceruledge|17/100|[from] drain|[of] p1a: Corviknight
|faint|p1a: Corviknight
|
|upkeep
|
|t:|1779874316
|switch|p1a: Clefable|Clefable, M|100/100
|turn|17
|
|t:|1779874320
|move|p2a: Ceruledge|Bitter Blade|p1a: Clefable
|-damage|p1a: Clefable|59/100
|-heal|p2a: Ceruledge|45/100|[from] drain|[of] p1a: Clefable
|move|p1a: Clefable|Moonblast|p2a: Ceruledge
|-resisted|p2a: Ceruledge
|-damage|p2a: Ceruledge|26/100
|
|-heal|p1a: Clefable|65/100|[from] item: Leftovers
|upkeep
|turn|18
|
|t:|1779874323
|move|p2a: Ceruledge|Bitter Blade|p1a: Clefable
|-damage|p1a: Clefable|20/100
|-heal|p2a: Ceruledge|56/100|[from] drain|[of] p1a: Clefable
|move|p1a: Clefable|Moonlight|p1a: Clefable
|-heal|p1a: Clefable|70/100
|
|-heal|p1a: Clefable|76/100|[from] item: Leftovers
|upkeep
|turn|19
|
|t:|1779874327
|move|p2a: Ceruledge|Bitter Blade|p1a: Clefable
|-damage|p1a: Clefable|33/100
|-heal|p2a: Ceruledge|85/100|[from] drain|[of] p1a: Clefable
|move|p1a: Clefable|Calm Mind|p1a: Clefable
|-boost|p1a: Clefable|spa|1
|-boost|p1a: Clefable|spd|1
|
|-heal|p1a: Clefable|40/100|[from] item: Leftovers
|upkeep
|turn|20
|
|t:|1779874330
|move|p2a: Ceruledge|Bitter Blade|p1a: Clefable
|-damage|p1a: Clefable|0 fnt
|-heal|p2a: Ceruledge|100/100|[from] drain|[of] p1a: Clefable
|faint|p1a: Clefable
|
|upkeep
|-message|karothis forfeited.
|
|win|ekekdkdmdmwksl
|raw|karothis's rating: 1342 &rarr; <strong>1323</strong><br />(-19 for losing)
|raw|ekekdkdmdmwksl's rating: 1362 &rarr; <strong>1381</strong><br />(+19 for winning)
|l|☆karothis
|player|p1|
|l|‽ekekdkdmdmwksl
|player|p2|
