|j|☆glimpseman
|j|‽aaagislash
|t:|1779943390
|gametype|singles
|player|p1|glimpseman|#wcor2025canada|1561
|player|p2|aaagislash|266|1504
|gen|9
|tier|[Gen 9] OU
|rated|
|rule|HP Percentage Mod: HP is shown in percentages
|rule|Endless Battle Clause: Forcing endless battles is banned
|rule|Species Clause: Limit one of each Pokémon
|rule|OHKO Clause: OHKO moves are banned
|rule|Evasion Items Clause: Evasion items are banned
|rule|Evasion Moves Clause: Evasion moves are banned
|rule|Evasion Abilities Clause: Evasion abilities are banned
|rule|Sleep Moves Clause: Sleep-inducing moves are banned
|clearpoke
|poke|p1|Toxtricity, F|
|poke|p1|Gholdengo|
|poke|p1|Ting-Lu|
|poke|p1|Glimmora, F|
|poke|p1|Iron Valiant|
|poke|p1|Rillaboom, F|
|poke|p2|Jolteon, F|
|poke|p2|Vaporeon, M|
|poke|p2|Leafeon, M|
|poke|p2|Umbreon, F|
|poke|p2|Espeon, F|
|poke|p2|Sylveon, F|
|teampreview
|inactive|Battle timer is ON: inactive players will automatically lose when time's up. (requested by glimpseman)
|
|t:|1779943414
|teamsize|p1|6
|teamsize|p2|6
|start
|switch|p1a: Rillaboom|Rillaboom, F|100/100
|switch|p2a: Vaporeon|Vaporeon, M|100/100
|-fieldstart|move: Grassy Terrain|[from] ability: Grassy Surge|[of] p1a: Rillaboom
|turn|1
|
|t:|1779943419
|move|p2a: Vaporeon|Protect|p2a: Vaporeon
|-singleturn|p2a: Vaporeon|Protect
|move|p1a: Rillaboom|Knock Off|p2a: Vaporeon
|-activate|p2a: Vaporeon|move: Protect
|
|upkeep
|turn|2
|
|t:|1779943427
|switch|p2a: Sylveon|Sylveon, F|100/100
|move|p1a: Rillaboom|Knock Off|p2a: Sylveon
|-resisted|p2a: Sylveon
|-damage|p2a: Sylveon|81/100
|-enditem|p2a: Sylveon|Choice Scarf|[from] move: Knock Off|[of] p1a: Rillaboom
|
|-heal|p2a: Sylveon|87/100|[from] Grassy Terrain
|upkeep
|turn|3
|
|t:|1779943430
|move|p2a: Sylveon|Copycat|p2a: Sylveon
|move|p2a: Sylveon|Knock Off|p1a: Rillaboom|[from] move: Copycat
|-damage|p1a: Rillaboom|87/100
|-enditem|p1a: Rillaboom|Assault Vest|[from] move: Knock Off|[of] p2a: Sylveon
|move|p1a: Rillaboom|U-turn|p2a: Sylveon
|-resisted|p2a: Sylveon
|-damage|p2a: Sylveon|71/100
|
|t:|1779943439
|switch|p1a: Moshpit been toxic|Toxtricity, F, shiny|100/100|[from] U-turn
|
|-heal|p2a: Sylveon|77/100|[from] Grassy Terrain
|upkeep
|turn|4
|
|t:|1779943445
|move|p1a: Moshpit been toxic|Boomburst|p2a: Sylveon
|-damage|p2a: Sylveon|29/100
|move|p2a: Sylveon|Psyshock|p1a: Moshpit been toxic
|-supereffective|p1a: Moshpit been toxic
|-damage|p1a: Moshpit been toxic|19/100
|
|-heal|p1a: Moshpit been toxic|25/100|[from] Grassy Terrain
|-heal|p2a: Sylveon|35/100|[from] Grassy Terrain
|upkeep
|turn|5
|
|t:|1779943454
|switch|p2a: Espeon|Espeon, F|100/100
|move|p1a: Moshpit been toxic|Boomburst|p2a: Espeon
|-damage|p2a: Espeon|63/100
|
|-heal|p2a: Espeon|69/100|[from] Grassy Terrain
|-heal|p1a: Moshpit been toxic|31/100|[from] Grassy Terrain
|-fieldend|move: Grassy Terrain
|upkeep
|turn|6
|
|t:|1779943460
|switch|p1a: Ting-Lu|Ting-Lu|100/100
|-ability|p1a: Ting-Lu|Vessel of Ruin
|move|p2a: Espeon|Grass Knot|p1a: Ting-Lu
|-supereffective|p1a: Ting-Lu
|-damage|p1a: Ting-Lu|59/100
|
|-heal|p1a: Ting-Lu|65/100|[from] item: Leftovers
|upkeep
|turn|7
|
|t:|1779943467
|move|p2a: Espeon|Grass Knot|p1a: Ting-Lu
|-supereffective|p1a: Ting-Lu
|-damage|p1a: Ting-Lu|24/100
|move|p1a: Ting-Lu|Payback|p2a: Espeon
|-supereffective|p2a: Espeon
|-damage|p2a: Espeon|0 fnt
|faint|p2a: Espeon
|
|-heal|p1a: Ting-Lu|30/100|[from] item: Leftovers
|upkeep
|
|t:|1779943475
|switch|p2a: Vaporeon|Vaporeon, M|100/100
|turn|8
|
|t:|1779943485
|switch|p1a: Rillaboom|Rillaboom, F|87/100
|-fieldstart|move: Grassy Terrain|[from] ability: Grassy Surge|[of] p1a: Rillaboom
|move|p2a: Vaporeon|Calm Mind|p2a: Vaporeon
|-boost|p2a: Vaporeon|spa|1
|-boost|p2a: Vaporeon|spd|1
|
|-heal|p1a: Rillaboom|93/100|[from] Grassy Terrain
|upkeep
|turn|9
|
|t:|1779943491
|switch|p2a: Umbreon|Umbreon, F|100/100
|move|p1a: Rillaboom|Grassy Glide|p2a: Umbreon
|-damage|p2a: Umbreon|81/100
|
|-heal|p1a: Rillaboom|99/100|[from] Grassy Terrain
|-heal|p2a: Umbreon|88/100|[from] Grassy Terrain
|upkeep
|turn|10
|
|t:|1779943495
|move|p1a: Rillaboom|U-turn|p2a: Umbreon
|-supereffective|p2a: Umbreon
|-damage|p2a: Umbreon|65/100
|
|t:|1779943497
|switch|p1a: Glimmora|Glimmora, F|100/100|[from] U-turn
|move|p2a: Umbreon|Thunder Wave|p1a: Glimmora
|-status|p1a: Glimmora|par
|
|-heal|p2a: Umbreon|71/100|[from] Grassy Terrain
|upkeep
|turn|11
|
|t:|1779943503
|switch|p2a: Sylveon|Sylveon, F|35/100
|move|p1a: Glimmora|Toxic|p2a: Sylveon
|-status|p2a: Sylveon|tox
|
|-heal|p2a: Sylveon|41/100 tox|[from] Grassy Terrain
|-damage|p2a: Sylveon|35/100 tox|[from] psn
|upkeep
|turn|12
|
|t:|1779943511
|move|p2a: Sylveon|Hyper Voice|p1a: Glimmora
|-resisted|p1a: Glimmora
|-damage|p1a: Glimmora|75/100 par
|move|p1a: Glimmora|Power Gem|p2a: Sylveon
|-damage|p2a: Sylveon|7/100 tox
|
|-heal|p2a: Sylveon|13/100 tox|[from] Grassy Terrain
|-heal|p1a: Glimmora|81/100 par|[from] Grassy Terrain
|-damage|p2a: Sylveon|1/100 tox|[from] psn
|-fieldend|move: Grassy Terrain
|upkeep
|turn|13
|
|t:|1779943515
|move|p2a: Sylveon|Psyshock|p1a: Glimmora
|-supereffective|p1a: Glimmora
|-damage|p1a: Glimmora|46/100 par
|move|p1a: Glimmora|Stealth Rock|p2a: Sylveon
|-sidestart|p2: aaagislash|move: Stealth Rock
|
|-damage|p2a: Sylveon|0 fnt|[from] psn
|faint|p2a: Sylveon
|upkeep
|
|t:|1779943520
|switch|p2a: Vaporeon|Vaporeon, M|100/100
|-damage|p2a: Vaporeon|88/100|[from] Stealth Rock
|turn|14
|
|t:|1779943525
|switch|p1a: Rillaboom|Rillaboom, F|99/100
|-fieldstart|move: Grassy Terrain|[from] ability: Grassy Surge|[of] p1a: Rillaboom
|move|p2a: Vaporeon|Scald|p1a: Rillaboom
|-resisted|p1a: Rillaboom
|-damage|p1a: Rillaboom|87/100
|-status|p1a: Rillaboom|brn
|
|-heal|p1a: Rillaboom|93/100 brn|[from] Grassy Terrain
|-heal|p2a: Vaporeon|94/100|[from] Grassy Terrain
|-heal|p2a: Vaporeon|100/100|[from] item: Leftovers
|-damage|p1a: Rillaboom|87/100 brn|[from] brn
|upkeep
|turn|15
|
|t:|1779943531
|switch|p2a: Umbreon|Umbreon, F|71/100
|move|p1a: Rillaboom|Knock Off|p2a: Umbreon
|-resisted|p2a: Umbreon
|-damage|p2a: Umbreon|68/100
|-enditem|p2a: Umbreon|Heavy-Duty Boots|[from] move: Knock Off|[of] p1a: Rillaboom
|
|-heal|p1a: Rillaboom|93/100 brn|[from] Grassy Terrain
|-heal|p2a: Umbreon|74/100|[from] Grassy Terrain
|-damage|p1a: Rillaboom|87/100 brn|[from] brn
|upkeep
|turn|16
|
|t:|1779943540
|move|p1a: Rillaboom|U-turn|p2a: Umbreon
|-supereffective|p2a: Umbreon
|-damage|p2a: Umbreon|62/100
|
|t:|1779943542
|switch|p1a: Glimmora|Glimmora, F|46/100 par|[from] U-turn
|move|p2a: Umbreon|Wish|p2a: Umbreon
|
|-heal|p2a: Umbreon|69/100|[from] Grassy Terrain
|-heal|p1a: Glimmora|53/100 par|[from] Grassy Terrain
|upkeep
|turn|17
|
|t:|1779943545
|switch|p2a: Jolteon|Jolteon, F|100/100
|-damage|p2a: Jolteon|88/100|[from] Stealth Rock
|move|p1a: Glimmora|Toxic|p2a: Jolteon
|-status|p2a: Jolteon|tox
|
|-heal|p2a: Jolteon|100/100 tox|[from] move: Wish|[wisher] Umbreon
|-heal|p1a: Glimmora|59/100 par|[from] Grassy Terrain
|-damage|p2a: Jolteon|95/100 tox|[from] psn
|upkeep
|turn|18
|
|t:|1779943549
|switch|p1a: Ting-Lu|Ting-Lu|30/100
|-ability|p1a: Ting-Lu|Vessel of Ruin
|move|p2a: Jolteon|Volt Switch|p1a: Ting-Lu
|-immune|p1a: Ting-Lu
|
|-heal|p2a: Jolteon|100/100 tox|[from] Grassy Terrain
|-heal|p1a: Ting-Lu|36/100|[from] Grassy Terrain
|-heal|p1a: Ting-Lu|43/100|[from] item: Leftovers
|-damage|p2a: Jolteon|89/100 tox|[from] psn
|-fieldend|move: Grassy Terrain
|upkeep
|turn|19
|
|t:|1779943557
|switch|p2a: Vaporeon|Vaporeon, M|100/100
|-damage|p2a: Vaporeon|88/100|[from] Stealth Rock
|move|p1a: Ting-Lu|Spikes|p2a: Vaporeon
|-sidestart|p2: aaagislash|Spikes
|
|-heal|p2a: Vaporeon|94/100|[from] item: Leftovers
|-heal|p1a: Ting-Lu|49/100|[from] item: Leftovers
|upkeep
|turn|20
|
|t:|1779943566
|move|p2a: Vaporeon|Calm Mind|p2a: Vaporeon
|-boost|p2a: Vaporeon|spa|1
|-boost|p2a: Vaporeon|spd|1
|move|p1a: Ting-Lu|Payback|p2a: Vaporeon
|-damage|p2a: Vaporeon|59/100
|
|-heal|p2a: Vaporeon|65/100|[from] item: Leftovers
|-heal|p1a: Ting-Lu|55/100|[from] item: Leftovers
|upkeep
|turn|21
|
|t:|1779943570
|switch|p1a: Rillaboom|Rillaboom, F|87/100 brn
|-fieldstart|move: Grassy Terrain|[from] ability: Grassy Surge|[of] p1a: Rillaboom
|move|p2a: Vaporeon|Scald|p1a: Rillaboom
|-resisted|p1a: Rillaboom
|-crit|p1a: Rillaboom
|-damage|p1a: Rillaboom|59/100 brn
|
|-heal|p1a: Rillaboom|65/100 brn|[from] Grassy Terrain
|-heal|p2a: Vaporeon|72/100|[from] Grassy Terrain
|-heal|p2a: Vaporeon|78/100|[from] item: Leftovers
|-damage|p1a: Rillaboom|59/100 brn|[from] brn
|upkeep
|turn|22
|
|t:|1779943579
|move|p1a: Rillaboom|Grassy Glide|p2a: Vaporeon
|-supereffective|p2a: Vaporeon
|-damage|p2a: Vaporeon|55/100
|move|p2a: Vaporeon|Calm Mind|p2a: Vaporeon
|-boost|p2a: Vaporeon|spa|1
|-boost|p2a: Vaporeon|spd|1
|
|-heal|p1a: Rillaboom|65/100 brn|[from] Grassy Terrain
|-heal|p2a: Vaporeon|61/100|[from] Grassy Terrain
|-heal|p2a: Vaporeon|68/100|[from] item: Leftovers
|-damage|p1a: Rillaboom|59/100 brn|[from] brn
|upkeep
|turn|23
|
|t:|1779943585
|move|p2a: Vaporeon|Protect|p2a: Vaporeon
|-singleturn|p2a: Vaporeon|Protect
|move|p1a: Rillaboom|Knock Off|p2a: Vaporeon
|-activate|p2a: Vaporeon|move: Protect
|
|-heal|p1a: Rillaboom|65/100 brn|[from] Grassy Terrain
|-heal|p2a: Vaporeon|74/100|[from] Grassy Terrain
|-heal|p2a: Vaporeon|80/100|[from] item: Leftovers
|-damage|p1a: Rillaboom|59/100 brn|[from] brn
|upkeep
|turn|24
|
|t:|1779943589
|move|p1a: Rillaboom|Knock Off|p2a: Vaporeon
|-damage|p2a: Vaporeon|71/100
|-enditem|p2a: Vaporeon|Leftovers|[from] move: Knock Off|[of] p1a: Rillaboom
|move|p2a: Vaporeon|Alluring Voice|p1a: Rillaboom
|-damage|p1a: Rillaboom|27/100 brn
|
|-heal|p1a: Rillaboom|33/100 brn|[from] Grassy Terrain
|-heal|p2a: Vaporeon|77/100|[from] Grassy Terrain
|-damage|p1a: Rillaboom|27/100 brn|[from] brn
|upkeep
|turn|25
|
|t:|1779943597
|move|p1a: Rillaboom|U-turn|p2a: Vaporeon
|-damage|p2a: Vaporeon|69/100
|
|t:|1779943602
|switch|p1a: Ting-Lu|Ting-Lu|55/100|[from] U-turn
|-ability|p1a: Ting-Lu|Vessel of Ruin
|move|p2a: Vaporeon|Scald|p1a: Ting-Lu
|-supereffective|p1a: Ting-Lu
|-damage|p1a: Ting-Lu|0 fnt
|faint|p1a: Ting-Lu
|
|-heal|p2a: Vaporeon|76/100|[from] Grassy Terrain
|-fieldend|move: Grassy Terrain
|upkeep
|
|t:|1779943609
|switch|p1a: Moshpit been toxic|Toxtricity, F, shiny|31/100
|turn|26
|
|t:|1779943612
|move|p2a: Vaporeon|Protect|p2a: Vaporeon
|-singleturn|p2a: Vaporeon|Protect
|move|p1a: Moshpit been toxic|Endeavor|p2a: Vaporeon
|-activate|p2a: Vaporeon|move: Protect
|
|upkeep
|turn|27
|
|t:|1779943618
|move|p1a: Moshpit been toxic|Boomburst|p2a: Vaporeon
|-damage|p2a: Vaporeon|54/100
|move|p2a: Vaporeon|Scald|p1a: Moshpit been toxic
|-damage|p1a: Moshpit been toxic|0 fnt
|faint|p1a: Moshpit been toxic
|
|upkeep
|
|t:|1779943623
|switch|p1a: Iron Valiant|Iron Valiant|100/100
|-enditem|p1a: Iron Valiant|Booster Energy
|-activate|p1a: Iron Valiant|ability: Quark Drive|[fromitem]
|-start|p1a: Iron Valiant|quarkdrivespe
|turn|28
|
|t:|1779943638
|-terastallize|p2a: Vaporeon|Poison
|move|p1a: Iron Valiant|Swords Dance|p1a: Iron Valiant
|-boost|p1a: Iron Valiant|atk|2
|move|p2a: Vaporeon|Alluring Voice|p1a: Iron Valiant
|-supereffective|p1a: Iron Valiant
|-damage|p1a: Iron Valiant|0 fnt
|faint|p1a: Iron Valiant
|-end|p1a: Iron Valiant|Quark Drive|[silent]
|
|upkeep
|
|t:|1779943642
|switch|p1a: Gholdengo|Gholdengo|100/100
|turn|29
|
|t:|1779943646
|switch|p1a: Rillaboom|Rillaboom, F|27/100 brn
|-fieldstart|move: Grassy Terrain|[from] ability: Grassy Surge|[of] p1a: Rillaboom
|move|p2a: Vaporeon|Scald|p1a: Rillaboom
|-resisted|p1a: Rillaboom
|-damage|p1a: Rillaboom|3/100 brn
|
|-heal|p1a: Rillaboom|9/100 brn|[from] Grassy Terrain
|-heal|p2a: Vaporeon|60/100|[from] Grassy Terrain
|-damage|p1a: Rillaboom|3/100 brn|[from] brn
|upkeep
|turn|30
|
|t:|1779943651
|move|p2a: Vaporeon|Protect|p2a: Vaporeon
|-singleturn|p2a: Vaporeon|Protect
|move|p1a: Rillaboom|High Horsepower|p2a: Vaporeon
|-activate|p2a: Vaporeon|move: Protect
|
|-heal|p1a: Rillaboom|9/100 brn|[from] Grassy Terrain
|-heal|p2a: Vaporeon|66/100|[from] Grassy Terrain
|-damage|p1a: Rillaboom|3/100 brn|[from] brn
|upkeep
|turn|31
|
|t:|1779943654
|move|p1a: Rillaboom|High Horsepower|p2a: Vaporeon
|-supereffective|p2a: Vaporeon
|-damage|p2a: Vaporeon|46/100
|move|p2a: Vaporeon|Scald|p1a: Rillaboom
|-resisted|p1a: Rillaboom
|-damage|p1a: Rillaboom|0 fnt
|faint|p1a: Rillaboom
|
|-heal|p2a: Vaporeon|52/100|[from] Grassy Terrain
|upkeep
|
|t:|1779943657
|switch|p1a: Gholdengo|Gholdengo|100/100
|-enditem|p1a: Gholdengo|Grassy Seed
|-boost|p1a: Gholdengo|def|1|[from] item: Grassy Seed
|turn|32
|
|t:|1779943662
|move|p1a: Gholdengo|Nasty Plot|p1a: Gholdengo
|-boost|p1a: Gholdengo|spa|2
|move|p2a: Vaporeon|Scald|p1a: Gholdengo
|-damage|p1a: Gholdengo|61/100
|
|-heal|p1a: Gholdengo|67/100|[from] Grassy Terrain
|-heal|p2a: Vaporeon|59/100|[from] Grassy Terrain
|upkeep
|turn|33
|
|t:|1779943665
|move|p1a: Gholdengo|Shadow Ball|p2a: Vaporeon
|-damage|p2a: Vaporeon|33/100
|move|p2a: Vaporeon|Scald|p1a: Gholdengo
|-damage|p1a: Gholdengo|25/100
|
|-heal|p1a: Gholdengo|31/100|[from] Grassy Terrain
|-heal|p2a: Vaporeon|39/100|[from] Grassy Terrain
|-fieldend|move: Grassy Terrain
|upkeep
|turn|34
|
|t:|1779943668
|move|p1a: Gholdengo|Recover|p1a: Gholdengo
|-heal|p1a: Gholdengo|81/100
|move|p2a: Vaporeon|Scald|p1a: Gholdengo
|-damage|p1a: Gholdengo|42/100
|
|upkeep
|turn|35
|
|t:|1779943670
|move|p1a: Gholdengo|Shadow Ball|p2a: Vaporeon
|-damage|p2a: Vaporeon|11/100
|move|p2a: Vaporeon|Scald|p1a: Gholdengo
|-damage|p1a: Gholdengo|0 fnt
|faint|p1a: Gholdengo
|
|upkeep
|
|t:|1779943672
|switch|p1a: Glimmora|Glimmora, F|59/100 par
|turn|36
|
|t:|1779943676
|move|p2a: Vaporeon|Protect|p2a: Vaporeon
|-singleturn|p2a: Vaporeon|Protect
|move|p1a: Glimmora|Mortal Spin|p2a: Vaporeon
|-activate|p2a: Vaporeon|move: Protect
|
|upkeep
|turn|37
|-message|glimpseman forfeited.
|
|win|aaagislash
|raw|glimpseman's rating: 1561 &rarr; <strong>1538</strong><br />(-23 for losing)
|raw|aaagislash's rating: 1504 &rarr; <strong>1527</strong><br />(+23 for winning)
|l|☆glimpseman
|player|p1|
|l|‽aaagislash
|player|p2|
