|j|☆serial 01216
|j|☆miataylor612
|t:|1779892875
|gametype|singles
|player|p1|serial 01216|1|1548
|player|p2|miataylor612|lady-gen4|1595
|gen|9
|tier|[Gen 9] OU
|rated|
|rule|HP Percentage Mod: HP is shown in percentages
|rule|Endless Battle Clause: Forcing endless battles is banned
|rule|Species Clause: Limit one of each Pokémon
|rule|OHKO Clause: OHKO moves are banned
|rule|Evasion Items Clause: Evasion items are banned
|rule|Evasion Moves Clause: Evasion moves are banned
|rule|Evasion Abilities Clause: Evasion abilities are banned
|rule|Sleep Moves Clause: Sleep-inducing moves are banned
|clearpoke
|poke|p1|Raging Bolt|
|poke|p1|Iron Treads|
|poke|p1|Manaphy|
|poke|p1|Ninetales-Alola, F|
|poke|p1|Dragonite, M|
|poke|p1|Scizor, M|
|poke|p2|Hoopa-Unbound|
|poke|p2|Clefable, F|
|poke|p2|Great Tusk|
|poke|p2|Cinderace, F|
|poke|p2|Dragonite, M|
|poke|p2|Slowking-Galar, F|
|teampreview
|inactive|Battle timer is ON: inactive players will automatically lose when time's up. (requested by miataylor612)
|
|t:|1779892880
|teamsize|p1|6
|teamsize|p2|6
|start
|switch|p1a: Iron Treads|Iron Treads|100/100
|switch|p2a: Hoopa|Hoopa-Unbound|100/100
|-enditem|p1a: Iron Treads|Booster Energy
|-activate|p1a: Iron Treads|ability: Quark Drive|[fromitem]
|-start|p1a: Iron Treads|quarkdrivespe
|turn|1
|
|t:|1779892889
|move|p1a: Iron Treads|Earthquake|p2a: Hoopa
|-damage|p2a: Hoopa|30/100
|move|p2a: Hoopa|Drain Punch|p1a: Iron Treads
|-supereffective|p1a: Iron Treads
|-damage|p1a: Iron Treads|55/100
|-heal|p2a: Hoopa|51/100|[from] drain|[of] p1a: Iron Treads
|
|upkeep
|turn|2
|
|t:|1779892898
|switch|p2a: Great Tusk|Great Tusk|100/100
|move|p1a: Iron Treads|Earthquake|p2a: Great Tusk
|-damage|p2a: Great Tusk|64/100
|
|upkeep
|turn|3
|
|t:|1779892905
|-end|p1a: Iron Treads|Quark Drive|[silent]
|switch|p1a: Ninetales|Ninetales-Alola, F|100/100
|-weather|Snowscape|[from] ability: Snow Warning|[of] p1a: Ninetales
|move|p2a: Great Tusk|Rapid Spin|p1a: Ninetales
|-damage|p1a: Ninetales|86/100
|-boost|p2a: Great Tusk|spe|1
|
|-weather|Snowscape|[upkeep]
|upkeep
|turn|4
|
|t:|1779892919
|-end|p2a: Great Tusk|Protosynthesis|[silent]
|switch|p2a: Cinderace|Cinderace, F|100/100
|move|p1a: Ninetales|Freeze-Dry|p2a: Cinderace
|-resisted|p2a: Cinderace
|-damage|p2a: Cinderace|88/100
|
|-weather|Snowscape|[upkeep]
|upkeep
|turn|5
|
|t:|1779892925
|switch|p1a: Raging Bolt|Raging Bolt|100/100
|-enditem|p1a: Raging Bolt|Booster Energy
|-activate|p1a: Raging Bolt|ability: Protosynthesis|[fromitem]
|-start|p1a: Raging Bolt|protosynthesisspa
|move|p2a: Cinderace|Pyro Ball|p1a: Raging Bolt|[miss]
|-miss|p2a: Cinderace|p1a: Raging Bolt
|
|-weather|Snowscape|[upkeep]
|upkeep
|turn|6
|
|t:|1779892931
|move|p2a: Cinderace|U-turn|p1a: Raging Bolt
|-damage|p1a: Raging Bolt|84/100
|
|t:|1779892933
|switch|p2a: Slowking|Slowking-Galar, F|100/100|[from] U-turn
|move|p1a: Raging Bolt|Dragon Pulse|p2a: Slowking
|-damage|p2a: Slowking|60/100
|
|-weather|Snowscape|[upkeep]
|upkeep
|turn|7
|
|t:|1779892938
|move|p1a: Raging Bolt|Calm Mind|p1a: Raging Bolt
|-boost|p1a: Raging Bolt|spa|1
|-boost|p1a: Raging Bolt|spd|1
|move|p2a: Slowking|Sludge Bomb|p1a: Raging Bolt
|-damage|p1a: Raging Bolt|63/100
|
|-weather|none
|upkeep
|turn|8
|
|t:|1779892943
|move|p1a: Raging Bolt|Thunderbolt|p2a: Slowking
|-damage|p2a: Slowking|0 fnt
|faint|p2a: Slowking
|
|upkeep
|
|t:|1779892945
|switch|p2a: Great Tusk|Great Tusk|64/100
|turn|9
|
|t:|1779892951
|-end|p1a: Raging Bolt|Protosynthesis|[silent]
|switch|p1a: Dragonite|Dragonite, M|100/100
|move|p2a: Great Tusk|Headlong Rush|p1a: Dragonite
|-immune|p1a: Dragonite
|
|upkeep
|turn|10
|
|t:|1779892954
|switch|p1a: Ninetales|Ninetales-Alola, F|86/100
|-weather|Snowscape|[from] ability: Snow Warning|[of] p1a: Ninetales
|move|p2a: Great Tusk|Ice Spinner|p1a: Ninetales
|-resisted|p1a: Ninetales
|-damage|p1a: Ninetales|73/100
|
|-weather|Snowscape|[upkeep]
|upkeep
|turn|11
|
|t:|1779892957
|move|p1a: Ninetales|Aurora Veil|p1a: Ninetales
|-sidestart|p1: serial 01216|move: Aurora Veil
|move|p2a: Great Tusk|Close Combat|p1a: Ninetales
|-crit|p1a: Ninetales
|-damage|p1a: Ninetales|0 fnt
|-unboost|p2a: Great Tusk|def|1
|-unboost|p2a: Great Tusk|spd|1
|faint|p1a: Ninetales
|
|-weather|Snowscape|[upkeep]
|upkeep
|
|t:|1779892961
|switch|p1a: Manaphy|Manaphy|100/100
|turn|12
|
|t:|1779892964
|-end|p2a: Great Tusk|Protosynthesis|[silent]
|switch|p2a: Cinderace|Cinderace, F|88/100
|move|p1a: Manaphy|Acid Armor|p1a: Manaphy
|-boost|p1a: Manaphy|def|2
|
|-weather|Snowscape|[upkeep]
|upkeep
|turn|13
|
|t:|1779892967
|move|p2a: Cinderace|Court Change|p2a: Cinderace
|-swapsideconditions
|-activate|p2a: Cinderace|move: Court Change
|move|p1a: Manaphy|Take Heart|p1a: Manaphy
|-boost|p1a: Manaphy|spa|1
|-boost|p1a: Manaphy|spd|1
|
|-weather|Snowscape|[upkeep]
|upkeep
|turn|14
|
|t:|1779892969
|switch|p2a: Hoopa|Hoopa-Unbound|51/100
|move|p1a: Manaphy|Acid Armor|p1a: Manaphy
|-boost|p1a: Manaphy|def|2
|
|-weather|none
|upkeep
|turn|15
|
|t:|1779892972
|move|p1a: Manaphy|Take Heart|p1a: Manaphy
|-boost|p1a: Manaphy|spa|1
|-boost|p1a: Manaphy|spd|1
|move|p2a: Hoopa|Knock Off|p1a: Manaphy
|-damage|p1a: Manaphy|84/100
|-enditem|p1a: Manaphy|Leftovers|[from] move: Knock Off|[of] p2a: Hoopa
|
|upkeep
|turn|16
|
|t:|1779892977
|move|p1a: Manaphy|Scald|p2a: Hoopa
|-damage|p2a: Hoopa|35/100
|-status|p2a: Hoopa|brn
|move|p2a: Hoopa|Thunderbolt|p1a: Manaphy
|-supereffective|p1a: Manaphy
|-damage|p1a: Manaphy|45/100
|
|-damage|p2a: Hoopa|29/100 brn|[from] brn
|upkeep
|turn|17
|
|t:|1779892983
|move|p1a: Manaphy|Scald|p2a: Hoopa
|-damage|p2a: Hoopa|11/100 brn
|move|p2a: Hoopa|Thunderbolt|p1a: Manaphy
|-supereffective|p1a: Manaphy
|-damage|p1a: Manaphy|9/100
|
|-damage|p2a: Hoopa|5/100 brn|[from] brn
|upkeep
|turn|18
|
|t:|1779892988
|move|p1a: Manaphy|Scald|p2a: Hoopa
|-damage|p2a: Hoopa|0 fnt
|faint|p2a: Hoopa
|
|-sideend|p2: miataylor612|move: Aurora Veil
|upkeep
|
|t:|1779892991
|switch|p2a: Dragonite|Dragonite, M|100/100
|turn|19
|
|t:|1779892995
|-terastallize|p2a: Dragonite|Normal
|move|p2a: Dragonite|Extreme Speed|p1a: Manaphy
|-damage|p1a: Manaphy|0 fnt
|faint|p1a: Manaphy
|
|upkeep
|
|t:|1779893002
|switch|p1a: Iron Treads|Iron Treads|55/100
|turn|20
|
|t:|1779893008
|switch|p2a: Great Tusk|Great Tusk|64/100
|move|p1a: Iron Treads|Earthquake|p2a: Great Tusk
|-damage|p2a: Great Tusk|32/100
|
|upkeep
|turn|21
|
|t:|1779893012
|move|p1a: Iron Treads|Earthquake|p2a: Great Tusk
|-damage|p2a: Great Tusk|0 fnt
|faint|p2a: Great Tusk
|-end|p2a: Great Tusk|Protosynthesis|[silent]
|
|upkeep
|
|t:|1779893015
|switch|p2a: Dragonite|Dragonite, M, tera:Normal|100/100
|turn|22
|
|t:|1779893017
|move|p1a: Iron Treads|Earthquake|p2a: Dragonite
|-damage|p2a: Dragonite|79/100
|move|p2a: Dragonite|Dragon Dance|p2a: Dragonite
|-boost|p2a: Dragonite|atk|1
|-boost|p2a: Dragonite|spe|1
|
|upkeep
|turn|23
|
|t:|1779893025
|move|p1a: Iron Treads|Rapid Spin|p2a: Dragonite
|-damage|p2a: Dragonite|64/100
|-boost|p1a: Iron Treads|spe|1
|move|p2a: Dragonite|Dragon Dance|p2a: Dragonite
|-boost|p2a: Dragonite|atk|1
|-boost|p2a: Dragonite|spe|1
|
|upkeep
|turn|24
|
|t:|1779893027
|move|p1a: Iron Treads|Earthquake|p2a: Dragonite
|-crit|p2a: Dragonite
|-damage|p2a: Dragonite|0 fnt
|faint|p2a: Dragonite
|
|upkeep
|-message|miataylor612 forfeited.
|
|win|serial 01216
|raw|serial 01216's rating: 1548 &rarr; <strong>1571</strong><br />(+23 for winning)
|raw|miataylor612's rating: 1595 &rarr; <strong>1572</strong><br />(-23 for losing)
|l|☆serial 01216
|player|p1|
|l|☆miataylor612
|player|p2|
