|j|☆adamecek
|j|☆just.mr.himself
|t:|1779862460
|gametype|singles
|player|p1|adamecek|102|1152
|player|p2|just.mr.himself|steven|1160
|gen|9
|tier|[Gen 9] OU
|rated|
|rule|HP Percentage Mod: HP is shown in percentages
|rule|Endless Battle Clause: Forcing endless battles is banned
|rule|Species Clause: Limit one of each Pokémon
|rule|OHKO Clause: OHKO moves are banned
|rule|Evasion Items Clause: Evasion items are banned
|rule|Evasion Moves Clause: Evasion moves are banned
|rule|Evasion Abilities Clause: Evasion abilities are banned
|rule|Sleep Moves Clause: Sleep-inducing moves are banned
|clearpoke
|poke|p1|Greninja-*, M|
|poke|p1|Clefable, F|
|poke|p1|Armarouge, F|
|poke|p1|Raging Bolt|
|poke|p1|Yanmega, F|
|poke|p1|Iron Treads|
|poke|p2|Excadrill, M|
|poke|p2|Tyranitar, M|
|poke|p2|Hydrapple, F|
|poke|p2|Garganacl, M|
|poke|p2|Iron Valiant|
|poke|p2|Cinderace, M|
|teampreview
|
|t:|1779862470
|teamsize|p1|6
|teamsize|p2|6
|start
|switch|p1a: Clefable|Clefable, F|100/100
|switch|p2a: Iron Valiant|Iron Valiant, shiny|100/100
|-enditem|p2a: Iron Valiant|Booster Energy
|-activate|p2a: Iron Valiant|ability: Quark Drive|[fromitem]
|-start|p2a: Iron Valiant|quarkdrivespe
|turn|1
|inactive|Battle timer is ON: inactive players will automatically lose when time's up. (requested by just.mr.himself)
|
|t:|1779862479
|-end|p2a: Iron Valiant|Quark Drive|[silent]
|switch|p2a: Cinderace|Cinderace, M, shiny|100/100
|move|p1a: Clefable|Thunder Wave|p2a: Cinderace
|-status|p2a: Cinderace|par
|
|upkeep
|turn|2
|
|t:|1779862486
|move|p2a: Cinderace|Pyro Ball|p1a: Clefable
|-damage|p1a: Clefable|34/100
|move|p1a: Clefable|Stealth Rock|p2a: Cinderace
|-sidestart|p2: just.mr.himself|move: Stealth Rock
|
|upkeep
|turn|3
|
|t:|1779862495
|switch|p1a: Greninja|Greninja, M|100/100
|move|p2a: Cinderace|Court Change|p2a: Cinderace
|-start|p2a: Cinderace|typechange|Normal|[from] ability: Libero
|-swapsideconditions
|-activate|p2a: Cinderace|move: Court Change
|
|upkeep
|turn|4
|
|t:|1779862502
|move|p1a: Greninja|Water Shuriken|p2a: Cinderace
|-damage|p2a: Cinderace|91/100 par
|-damage|p2a: Cinderace|81/100 par
|-hitcount|p2a: Cinderace|2
|cant|p2a: Cinderace|par
|
|upkeep
|turn|5
|
|t:|1779862508
|move|p1a: Greninja|Ice Beam|p2a: Cinderace
|-damage|p2a: Cinderace|45/100 par
|move|p2a: Cinderace|Low Kick|p1a: Greninja
|-supereffective|p1a: Greninja
|-damage|p1a: Greninja|31/100
|
|upkeep
|turn|6
|
|t:|1779862516
|switch|p2a: Tyranitar|Tyranitar, M|100/100
|-weather|Sandstorm|[from] ability: Sand Stream|[of] p2a: Tyranitar
|move|p1a: Greninja|U-turn|p2a: Tyranitar
|-supereffective|p2a: Tyranitar
|-damage|p2a: Tyranitar|75/100
|
|t:|1779862522
|switch|p1a: Iron Treads|Iron Treads|100/100|[from] U-turn
|-damage|p1a: Iron Treads|97/100|[from] Stealth Rock
|-enditem|p1a: Iron Treads|Booster Energy
|-activate|p1a: Iron Treads|ability: Quark Drive|[fromitem]
|-start|p1a: Iron Treads|quarkdrivespe
|
|-weather|Sandstorm|[upkeep]
|upkeep
|turn|7
|
|t:|1779862540
|switch|p2a: Hydrapple|Hydrapple, F|100/100
|move|p1a: Iron Treads|Rapid Spin|p2a: Hydrapple
|-damage|p2a: Hydrapple|92/100
|-boost|p1a: Iron Treads|spe|1
|-sideend|p1: adamecek|Stealth Rock|[from] move: Rapid Spin|[of] p1a: Iron Treads
|
|-weather|Sandstorm|[upkeep]
|-damage|p2a: Hydrapple|86/100|[from] Sandstorm
|upkeep
|turn|8
|
|t:|1779862549
|move|p1a: Iron Treads|Ice Spinner|p2a: Hydrapple
|-supereffective|p2a: Hydrapple
|-damage|p2a: Hydrapple|27/100
|move|p2a: Hydrapple|Nasty Plot|p2a: Hydrapple
|-boost|p2a: Hydrapple|spa|2
|
|-weather|Sandstorm|[upkeep]
|-damage|p2a: Hydrapple|21/100|[from] Sandstorm
|upkeep
|turn|9
|
|t:|1779862557
|switch|p2a: Cinderace|Cinderace, M, shiny|45/100 par
|move|p1a: Iron Treads|Ice Spinner|p2a: Cinderace
|-resisted|p2a: Cinderace
|-damage|p2a: Cinderace|26/100 par
|
|-weather|Sandstorm|[upkeep]
|-damage|p2a: Cinderace|20/100 par|[from] Sandstorm
|upkeep
|turn|10
|
|t:|1779862568
|switch|p2a: Hydrapple|Hydrapple, F|54/100
|move|p1a: Iron Treads|Rapid Spin|p2a: Hydrapple
|-damage|p2a: Hydrapple|45/100
|-boost|p1a: Iron Treads|spe|1
|
|-weather|none
|upkeep
|turn|11
|
|t:|1779862575
|switch|p2a: Cinderace|Cinderace, M, shiny|20/100 par
|move|p1a: Iron Treads|Stealth Rock|p2a: Cinderace
|-sidestart|p2: just.mr.himself|move: Stealth Rock
|
|upkeep
|turn|12
|
|t:|1779862580
|move|p1a: Iron Treads|Iron Head|p2a: Cinderace
|-resisted|p2a: Cinderace
|-damage|p2a: Cinderace|0 fnt
|faint|p2a: Cinderace
|
|upkeep
|
|t:|1779862603
|switch|p2a: Hydrapple|Hydrapple, F|79/100
|turn|13
|
|t:|1779862606
|move|p1a: Iron Treads|Ice Spinner|p2a: Hydrapple
|-supereffective|p2a: Hydrapple
|-damage|p2a: Hydrapple|21/100
|move|p2a: Hydrapple|Earth Power|p1a: Iron Treads
|-supereffective|p1a: Iron Treads
|-damage|p1a: Iron Treads|29/100
|
|upkeep
|turn|14
|
|t:|1779862630
|move|p1a: Iron Treads|Ice Spinner|p2a: Hydrapple
|-supereffective|p2a: Hydrapple
|-damage|p2a: Hydrapple|0 fnt
|faint|p2a: Hydrapple
|
|upkeep
|inactive|just.mr.himself has 120 seconds left.
|
|t:|1779862651
|switch|p2a: Garganacl|Garganacl, M|100/100
|-damage|p2a: Garganacl|88/100|[from] Stealth Rock
|turn|15
|
|t:|1779862655
|move|p1a: Iron Treads|Iron Head|p2a: Garganacl
|-supereffective|p2a: Garganacl
|-damage|p2a: Garganacl|40/100
|move|p2a: Garganacl|Body Press|p1a: Iron Treads
|-supereffective|p1a: Iron Treads
|-damage|p1a: Iron Treads|0 fnt
|faint|p1a: Iron Treads
|-end|p1a: Iron Treads|Quark Drive|[silent]
|
|-heal|p2a: Garganacl|46/100|[from] item: Leftovers
|upkeep
|
|t:|1779862668
|switch|p1a: Greninja|Greninja, M|31/100
|turn|16
|
|t:|1779862671
|move|p2a: Garganacl|Protect|p2a: Garganacl
|-singleturn|p2a: Garganacl|Protect
|move|p1a: Greninja|Water Shuriken|p2a: Garganacl
|-activate|p2a: Garganacl|move: Protect
|
|-heal|p2a: Garganacl|52/100|[from] item: Leftovers
|upkeep
|turn|17
|
|t:|1779862684
|-terastallize|p2a: Garganacl|Ghost
|move|p1a: Greninja|Switcheroo|p2a: Garganacl
|-activate|p1a: Greninja|move: Trick|[of] p2a: Garganacl
|-item|p2a: Garganacl|Focus Sash|[from] move: Switcheroo
|-item|p1a: Greninja|Leftovers|[from] move: Switcheroo
|move|p2a: Garganacl|Body Press|p1a: Greninja
|-supereffective|p1a: Greninja
|-damage|p1a: Greninja|0 fnt
|faint|p1a: Greninja
|
|upkeep
|
|t:|1779862695
|switch|p1a: Yanmega|Yanmega, F|100/100
|turn|18
|
|t:|1779862701
|move|p2a: Garganacl|Salt Cure|p1a: Yanmega
|-supereffective|p1a: Yanmega
|-damage|p1a: Yanmega|42/100
|-start|p1a: Yanmega|Salt Cure
|move|p1a: Yanmega|Whirlwind|p2a: Garganacl
|drag|p2a: Tyranitar|Tyranitar, M|75/100
|-damage|p2a: Tyranitar|62/100|[from] Stealth Rock
|-weather|Sandstorm|[from] ability: Sand Stream|[of] p2a: Tyranitar
|
|-weather|Sandstorm|[upkeep]
|-damage|p1a: Yanmega|36/100|[from] Sandstorm
|-damage|p1a: Yanmega|23/100|[from] Salt Cure
|-ability|p1a: Yanmega|Speed Boost|boost
|-boost|p1a: Yanmega|spe|1
|upkeep
|turn|19
|
|t:|1779862714
|move|p1a: Yanmega|Tailwind|p1a: Yanmega
|-sidestart|p1: adamecek|move: Tailwind
|move|p2a: Tyranitar|Stone Edge|p1a: Yanmega
|-supereffective|p1a: Yanmega
|-damage|p1a: Yanmega|0 fnt
|faint|p1a: Yanmega
|
|-weather|Sandstorm|[upkeep]
|upkeep
|
|t:|1779862721
|switch|p1a: Armarouge|Armarouge, F|100/100
|turn|20
|
|t:|1779862724
|move|p1a: Armarouge|Aura Sphere|p2a: Tyranitar
|-supereffective|p2a: Tyranitar
|-damage|p2a: Tyranitar|0 fnt
|faint|p2a: Tyranitar
|
|-weather|Sandstorm|[upkeep]
|-damage|p1a: Armarouge|94/100|[from] Sandstorm
|upkeep
|
|t:|1779862727
|switch|p2a: Excadrill|Excadrill, M|100/100
|-damage|p2a: Excadrill|97/100|[from] Stealth Rock
|-item|p2a: Excadrill|Air Balloon
|turn|21
|
|t:|1779862736
|move|p2a: Excadrill|Earthquake|p1a: Armarouge
|-supereffective|p1a: Armarouge
|-damage|p1a: Armarouge|0 fnt
|faint|p1a: Armarouge
|
|-weather|Sandstorm|[upkeep]
|upkeep
|
|t:|1779862759
|switch|p1a: Raging Bolt|Raging Bolt|100/100
|turn|22
|
|t:|1779862764
|move|p2a: Excadrill|Earthquake|p1a: Raging Bolt
|-supereffective|p1a: Raging Bolt
|-damage|p1a: Raging Bolt|4/100
|move|p1a: Raging Bolt|Dragon Tail|p2a: Excadrill
|-resisted|p2a: Excadrill
|-damage|p2a: Excadrill|85/100
|-enditem|p2a: Excadrill|Air Balloon
|drag|p2a: Garganacl|Garganacl, M, tera:Ghost|52/100
|-damage|p2a: Garganacl|40/100|[from] Stealth Rock
|
|-weather|none
|-sideend|p1: adamecek|move: Tailwind
|upkeep
|turn|23
|
|t:|1779862774
|move|p1a: Raging Bolt|Thunderclap|p2a: Garganacl
|-damage|p2a: Garganacl|13/100
|move|p2a: Garganacl|Salt Cure|p1a: Raging Bolt
|-damage|p1a: Raging Bolt|0 fnt
|faint|p1a: Raging Bolt
|-end|p1a: Raging Bolt|Protosynthesis|[silent]
|
|upkeep
|
|t:|1779862779
|switch|p1a: Clefable|Clefable, F|34/100
|turn|24
|
|t:|1779862788
|switch|p2a: Iron Valiant|Iron Valiant, shiny|100/100
|-damage|p2a: Iron Valiant|94/100|[from] Stealth Rock
|move|p1a: Clefable|Draining Kiss|p2a: Iron Valiant
|-supereffective|p2a: Iron Valiant
|-damage|p2a: Iron Valiant|33/100
|-heal|p1a: Clefable|68/100|[from] drain|[of] p2a: Iron Valiant
|
|upkeep
|turn|25
|
|t:|1779862797
|move|p2a: Iron Valiant|Encore|p1a: Clefable
|-start|p1a: Clefable|Encore
|move|p1a: Clefable|Draining Kiss|p2a: Iron Valiant
|-supereffective|p2a: Iron Valiant
|-damage|p2a: Iron Valiant|0 fnt
|-heal|p1a: Clefable|86/100|[from] drain|[of] p2a: Iron Valiant
|faint|p2a: Iron Valiant
|-end|p2a: Iron Valiant|Quark Drive|[silent]
|
|upkeep
|
|t:|1779862799
|switch|p2a: Excadrill|Excadrill, M|85/100
|-damage|p2a: Excadrill|82/100|[from] Stealth Rock
|turn|26
|
|t:|1779862807
|move|p2a: Excadrill|Iron Head|p1a: Clefable
|-supereffective|p1a: Clefable
|-damage|p1a: Clefable|0 fnt
|-damage|p2a: Excadrill|65/100|[from] item: Rocky Helmet|[of] p1a: Clefable
|faint|p1a: Clefable
|
|win|just.mr.himself
|raw|adamecek's rating: 1152 &rarr; <strong>1128</strong><br />(-24 for losing)
|raw|just.mr.himself's rating: 1160 &rarr; <strong>1184</strong><br />(+24 for winning)
|l|☆adamecek
|player|p1|
|l|☆just.mr.himself
|player|p2|
