|j|☆Cakdink
|j|☆ddhioo
|t:|1779841807
|gametype|singles
|player|p1|Cakdink|acetrainer-gen4|1266
|player|p2|ddhioo|cynthia-gen4|1285
|gen|9
|tier|[Gen 9] OU
|rated|
|rule|HP Percentage Mod: HP is shown in percentages
|rule|Endless Battle Clause: Forcing endless battles is banned
|rule|Species Clause: Limit one of each Pokémon
|rule|OHKO Clause: OHKO moves are banned
|rule|Evasion Items Clause: Evasion items are banned
|rule|Evasion Moves Clause: Evasion moves are banned
|rule|Evasion Abilities Clause: Evasion abilities are banned
|rule|Sleep Moves Clause: Sleep-inducing moves are banned
|clearpoke
|poke|p1|Orthworm, F|
|poke|p1|Gastrodon-East, F|
|poke|p1|Goodra, F|
|poke|p1|Arcanine, M|
|poke|p1|Thundurus-Therian, M|
|poke|p1|Brambleghast, F|
|poke|p2|Walking Wake|
|poke|p2|Great Tusk|
|poke|p2|Ninetales, M|
|poke|p2|Cresselia, F|
|poke|p2|Zarude|
|poke|p2|Venusaur, M|
|teampreview
|inactive|Battle timer is ON: inactive players will automatically lose when time's up. (requested by Cakdink)
|
|t:|1779841823
|teamsize|p1|6
|teamsize|p2|6
|start
|switch|p1a: Gastrodon|Gastrodon-East, F|100/100
|switch|p2a: Walking Wake|Walking Wake|100/100
|turn|1
|
|t:|1779841830
|-end|p2a: Walking Wake|Protosynthesis|[silent]
|switch|p2a: Venusaur|Venusaur, M|100/100
|move|p1a: Gastrodon|Stealth Rock|p2a: Venusaur
|-sidestart|p2: ddhioo|move: Stealth Rock
|
|upkeep
|turn|2
|
|t:|1779841841
|switch|p2a: Great Tusk|Great Tusk|100/100
|-damage|p2a: Great Tusk|98/100|[from] Stealth Rock
|switch|p1a: Goodra|Goodra, F|100/100
|
|upkeep
|turn|3
|
|t:|1779841849
|switch|p1a: Brambleghast|Brambleghast, F|100/100
|move|p2a: Great Tusk|Ice Spinner|p1a: Brambleghast
|-supereffective|p1a: Brambleghast
|-damage|p1a: Brambleghast|10/100
|
|upkeep
|turn|4
|
|t:|1779841859
|move|p1a: Brambleghast|Strength Sap|p2a: Great Tusk
|-unboost|p2a: Great Tusk|atk|1
|-heal|p1a: Brambleghast|100/100
|-enditem|p2a: Great Tusk|Eject Pack
|
|t:|1779841865
|-end|p2a: Great Tusk|Protosynthesis|[silent]
|switch|p2a: Ninetales|Ninetales, M, shiny|100/100
|-damage|p2a: Ninetales|76/100|[from] Stealth Rock
|-weather|SunnyDay|[from] ability: Drought|[of] p2a: Ninetales
|
|-weather|SunnyDay|[upkeep]
|upkeep
|turn|5
|
|t:|1779841875
|switch|p2a: Walking Wake|Walking Wake|100/100
|-damage|p2a: Walking Wake|88/100|[from] Stealth Rock
|-activate|p2a: Walking Wake|ability: Protosynthesis
|-start|p2a: Walking Wake|protosynthesisspa
|switch|p1a: Arcanine|Arcanine, M|100/100
|
|-weather|SunnyDay|[upkeep]
|upkeep
|turn|6
|
|t:|1779841886
|-end|p2a: Walking Wake|Protosynthesis|[silent]
|switch|p2a: Venusaur|Venusaur, M|100/100
|-damage|p2a: Venusaur|88/100|[from] Stealth Rock
|switch|p1a: Gastrodon|Gastrodon-East, F|100/100
|
|-weather|SunnyDay|[upkeep]
|upkeep
|turn|7
|
|t:|1779841896
|switch|p1a: Goodra|Goodra, F|100/100
|move|p2a: Venusaur|Growth|p2a: Venusaur
|-boost|p2a: Venusaur|atk|2
|-boost|p2a: Venusaur|spa|2
|
|-weather|SunnyDay|[upkeep]
|upkeep
|turn|8
|
|t:|1779841911
|-terastallize|p2a: Venusaur|Fire
|move|p2a: Venusaur|Growth|p2a: Venusaur
|-boost|p2a: Venusaur|atk|2
|-boost|p2a: Venusaur|spa|2
|move|p1a: Goodra|Fire Blast|p2a: Venusaur
|-resisted|p2a: Venusaur
|-damage|p2a: Venusaur|59/100
|
|-weather|SunnyDay|[upkeep]
|upkeep
|turn|9
|
|t:|1779841920
|move|p2a: Venusaur|Sludge Bomb|p1a: Goodra
|-damage|p1a: Goodra|0 fnt
|faint|p1a: Goodra
|-damage|p2a: Venusaur|49/100|[from] item: Life Orb
|
|-weather|SunnyDay|[upkeep]
|upkeep
|
|t:|1779841930
|switch|p1a: Arcanine|Arcanine, M|100/100
|turn|10
|
|t:|1779841937
|-terastallize|p1a: Arcanine|Normal
|move|p1a: Arcanine|Extreme Speed|p2a: Venusaur
|-damage|p2a: Venusaur|0 fnt
|faint|p2a: Venusaur
|
|-weather|SunnyDay|[upkeep]
|upkeep
|
|t:|1779841941
|switch|p2a: Great Tusk|Great Tusk|98/100
|-damage|p2a: Great Tusk|95/100|[from] Stealth Rock
|-activate|p2a: Great Tusk|ability: Protosynthesis
|-start|p2a: Great Tusk|protosynthesisspe
|turn|11
|
|t:|1779841949
|switch|p1a: Brambleghast|Brambleghast, F|100/100
|move|p2a: Great Tusk|Close Combat|p1a: Brambleghast
|-immune|p1a: Brambleghast
|
|-weather|none
|-end|p2a: Great Tusk|Protosynthesis
|upkeep
|turn|12
|
|t:|1779841958
|-end|p2a: Great Tusk|Protosynthesis|[silent]
|switch|p2a: Ninetales|Ninetales, M, shiny|76/100
|-damage|p2a: Ninetales|51/100|[from] Stealth Rock
|-weather|SunnyDay|[from] ability: Drought|[of] p2a: Ninetales
|move|p1a: Brambleghast|Power Whip|p2a: Ninetales
|-resisted|p2a: Ninetales
|-damage|p2a: Ninetales|8/100
|
|-weather|SunnyDay|[upkeep]
|upkeep
|turn|13
|
|t:|1779841969
|switch|p2a: Zarude|Zarude|100/100
|-damage|p2a: Zarude|88/100|[from] Stealth Rock
|switch|p1a: Arcanine|Arcanine, M, tera:Normal|100/100
|
|-weather|SunnyDay|[upkeep]
|upkeep
|turn|14
|-message|ddhioo forfeited.
|
|win|Cakdink
|raw|Cakdink's rating: 1266 &rarr; <strong>1292</strong><br />(+26 for winning)
|raw|ddhioo's rating: 1285 &rarr; <strong>1259</strong><br />(-26 for losing)
|l|☆ddhioo
|player|p2|
|l|☆Cakdink
|player|p1|
