|j|☆choispecs ironmoth
|j|‽roasted_kitchen
|t:|1779964530
|gametype|singles
|player|p1|choispecs ironmoth|lucas|1454
|player|p2|roasted_kitchen|n|1461
|gen|9
|tier|[Gen 9] OU
|rated|
|rule|HP Percentage Mod: HP is shown in percentages
|rule|Endless Battle Clause: Forcing endless battles is banned
|rule|Species Clause: Limit one of each Pokémon
|rule|OHKO Clause: OHKO moves are banned
|rule|Evasion Items Clause: Evasion items are banned
|rule|Evasion Moves Clause: Evasion moves are banned
|rule|Evasion Abilities Clause: Evasion abilities are banned
|rule|Sleep Moves Clause: Sleep-inducing moves are banned
|clearpoke
|poke|p1|Kyurem|
|poke|p1|Cinderace, M|
|poke|p1|Kingambit, F|
|poke|p1|Landorus-Therian, M|
|poke|p1|Iron Valiant|
|poke|p1|Slowking-Galar, M|
|poke|p2|Garchomp, F|
|poke|p2|Corviknight, M|
|poke|p2|Primarina, F|
|poke|p2|Eelektross, F|
|poke|p2|Chandelure, M|
|poke|p2|Rillaboom, F|
|teampreview
|inactive|Battle timer is ON: inactive players will automatically lose when time's up. (requested by choispecs ironmoth)
|
|t:|1779964539
|teamsize|p1|6
|teamsize|p2|6
|start
|switch|p1a: Landorus|Landorus-Therian, M|100/100
|switch|p2a: Garchomp|Garchomp, F|100/100
|-ability|p1a: Landorus|Intimidate|boost
|-unboost|p2a: Garchomp|atk|1
|turn|1
|
|t:|1779964544
|move|p2a: Garchomp|Swords Dance|p2a: Garchomp
|-boost|p2a: Garchomp|atk|2
|move|p1a: Landorus|Taunt|p2a: Garchomp
|-start|p2a: Garchomp|move: Taunt
|
|upkeep
|turn|2
|
|t:|1779964549
|move|p2a: Garchomp|Scale Shot|p1a: Landorus
|-damage|p1a: Landorus|84/100
|-damage|p1a: Landorus|65/100
|-damage|p1a: Landorus|48/100
|-damage|p1a: Landorus|29/100
|-hitcount|p1a: Landorus|4
|-unboost|p2a: Garchomp|def|1
|-boost|p2a: Garchomp|spe|1
|move|p1a: Landorus|Earthquake|p2a: Garchomp
|-damage|p2a: Garchomp|32/100
|
|upkeep
|turn|3
|
|t:|1779964564
|switch|p1a: Iron Valiant|Iron Valiant|100/100
|-enditem|p1a: Iron Valiant|Booster Energy
|-activate|p1a: Iron Valiant|ability: Quark Drive|[fromitem]
|-start|p1a: Iron Valiant|quarkdrivespe
|move|p2a: Garchomp|Scale Shot|p1a: Iron Valiant
|-immune|p1a: Iron Valiant
|
|upkeep
|turn|4
|
|t:|1779964573
|switch|p2a: Corviknight|Corviknight, M, shiny|100/100
|-ability|p2a: Corviknight|Pressure
|move|p1a: Iron Valiant|Moonblast|p2a: Corviknight
|-resisted|p2a: Corviknight
|-damage|p2a: Corviknight|76/100
|-unboost|p2a: Corviknight|spa|1
|
|upkeep
|turn|5
|j| lord shiddenfards
|
|t:|1779964578
|-end|p1a: Iron Valiant|Quark Drive|[silent]
|switch|p1a: Slowking|Slowking-Galar, M|100/100
|move|p2a: Corviknight|Brave Bird|p1a: Slowking
|-damage|p1a: Slowking|64/100
|-damage|p2a: Corviknight|64/100|[from] Recoil
|
|upkeep
|turn|6
|
|t:|1779964584
|move|p2a: Corviknight|Brave Bird|p1a: Slowking
|-damage|p1a: Slowking|26/100
|-damage|p2a: Corviknight|52/100|[from] Recoil
|-prepare|p1a: Slowking|Chilly Reception|[premajor]
|move|p1a: Slowking|Chilly Reception|p1a: Slowking
|-weather|Snowscape
|
|t:|1779964588
|switch|p1a: Kyurem|Kyurem|100/100|[from] Chilly Reception
|-ability|p1a: Kyurem|Pressure
|
|-weather|Snowscape|[upkeep]
|upkeep
|turn|7
|
|t:|1779964594
|switch|p2a: Primarina|Primarina, F|100/100
|move|p1a: Kyurem|Blizzard|p2a: Primarina
|-resisted|p2a: Primarina
|-damage|p2a: Primarina|75/100
|
|-weather|Snowscape|[upkeep]
|-heal|p2a: Primarina|82/100|[from] item: Leftovers
|upkeep
|turn|8
|
|t:|1779964598
|switch|p1a: Slowking|Slowking-Galar, M|60/100
|move|p2a: Primarina|Draining Kiss|p1a: Slowking
|-resisted|p1a: Slowking
|-damage|p1a: Slowking|52/100
|-heal|p2a: Primarina|88/100|[from] drain|[of] p1a: Slowking
|
|-weather|Snowscape|[upkeep]
|-heal|p2a: Primarina|94/100|[from] item: Leftovers
|upkeep
|turn|9
|
|t:|1779964605
|switch|p2a: Chandelure|Chandelure, M|100/100
|move|p1a: Slowking|Sludge Bomb|p2a: Chandelure
|-resisted|p2a: Chandelure
|-damage|p2a: Chandelure|76/100
|
|-weather|Snowscape|[upkeep]
|upkeep
|turn|10
|
|t:|1779964614
|move|p2a: Chandelure|Flamethrower|p1a: Slowking
|-damage|p1a: Slowking|20/100
|-prepare|p1a: Slowking|Chilly Reception|[premajor]
|move|p1a: Slowking|Chilly Reception|p1a: Slowking
|
|t:|1779964622
|switch|p1a: Kyurem|Kyurem|100/100|[from] Chilly Reception
|-ability|p1a: Kyurem|Pressure
|
|-weather|none
|upkeep
|turn|11
|inactive|roasted_kitchen has 120 seconds left.
|
|t:|1779964658
|switch|p2a: Eelektross|Eelektross, F|100/100
|move|p1a: Kyurem|Earth Power|p2a: Eelektross
|-immune|p2a: Eelektross|[from] ability: Levitate
|
|upkeep
|turn|12
|
|t:|1779964662
|move|p1a: Kyurem|Blizzard|p2a: Eelektross
|-damage|p2a: Eelektross|43/100
|move|p2a: Eelektross|Coil|p2a: Eelektross
|-boost|p2a: Eelektross|atk|1
|-boost|p2a: Eelektross|def|1
|-boost|p2a: Eelektross|accuracy|1
|
|-heal|p2a: Eelektross|49/100|[from] item: Leftovers
|upkeep
|turn|13
|
|t:|1779964667
|move|p1a: Kyurem|Blizzard|p2a: Eelektross|[miss]
|-miss|p1a: Kyurem|p2a: Eelektross
|move|p2a: Eelektross|Drain Punch|p1a: Kyurem
|-supereffective|p1a: Kyurem
|-damage|p1a: Kyurem|45/100
|-heal|p2a: Eelektross|81/100|[from] drain|[of] p1a: Kyurem
|
|-heal|p2a: Eelektross|88/100|[from] item: Leftovers
|upkeep
|turn|14
|
|t:|1779964677
|switch|p1a: Slowking|Slowking-Galar, M|53/100
|move|p2a: Eelektross|Drain Punch|p1a: Slowking
|-resisted|p1a: Slowking
|-damage|p1a: Slowking|42/100
|-heal|p2a: Eelektross|94/100|[from] drain|[of] p1a: Slowking
|
|-heal|p2a: Eelektross|99/100|[from] item: Leftovers
|upkeep
|turn|15
|
|t:|1779964681
|move|p2a: Eelektross|Knock Off|p1a: Slowking
|-supereffective|p1a: Slowking
|-damage|p1a: Slowking|0 fnt
|-enditem|p1a: Slowking|Heavy-Duty Boots|[from] move: Knock Off|[of] p2a: Eelektross
|faint|p1a: Slowking
|
|-heal|p2a: Eelektross|100/100|[from] item: Leftovers
|upkeep
|
|t:|1779964684
|switch|p1a: Iron Valiant|Iron Valiant|100/100
|turn|16
|
|t:|1779964688
|move|p1a: Iron Valiant|Encore|p2a: Eelektross
|-start|p2a: Eelektross|Encore
|move|p2a: Eelektross|Knock Off|p1a: Iron Valiant
|-resisted|p1a: Iron Valiant
|-damage|p1a: Iron Valiant|89/100
|
|upkeep
|turn|17
|
|t:|1779964694
|switch|p2a: Corviknight|Corviknight, M, shiny|52/100
|-ability|p2a: Corviknight|Pressure
|move|p1a: Iron Valiant|Moonblast|p2a: Corviknight
|-resisted|p2a: Corviknight
|-damage|p2a: Corviknight|27/100
|-unboost|p2a: Corviknight|spa|1
|
|upkeep
|turn|18
|
|t:|1779964703
|move|p1a: Iron Valiant|Shadow Ball|p2a: Corviknight
|-damage|p2a: Corviknight|1/100
|-unboost|p2a: Corviknight|spd|1
|move|p2a: Corviknight|Roost|p2a: Corviknight
|-heal|p2a: Corviknight|51/100
|-singleturn|p2a: Corviknight|move: Roost
|
|upkeep
|turn|19
|
|t:|1779964714
|move|p1a: Iron Valiant|Encore|p2a: Corviknight
|-start|p2a: Corviknight|Encore
|move|p2a: Corviknight|Roost|p2a: Corviknight
|-heal|p2a: Corviknight|100/100
|-singleturn|p2a: Corviknight|move: Roost
|
|upkeep
|turn|20
|
|t:|1779964721
|switch|p2a: Primarina|Primarina, F|94/100
|move|p1a: Iron Valiant|Moonblast|p2a: Primarina
|-damage|p2a: Primarina|53/100
|
|-heal|p2a: Primarina|59/100|[from] item: Leftovers
|upkeep
|turn|21
|
|t:|1779964728
|-end|p1a: Iron Valiant|Quark Drive|[silent]
|switch|p1a: Kingambit|Kingambit, F|100/100
|-activate|p1a: Kingambit|ability: Supreme Overlord
|-start|p1a: Kingambit|fallen1|[silent]
|move|p2a: Primarina|Draining Kiss|p1a: Kingambit
|-damage|p1a: Kingambit|69/100
|-heal|p2a: Primarina|82/100|[from] drain|[of] p1a: Kingambit
|
|-heal|p1a: Kingambit|75/100|[from] item: Leftovers
|-heal|p2a: Primarina|88/100|[from] item: Leftovers
|upkeep
|turn|22
|
|t:|1779964736
|switch|p2a: Eelektross|Eelektross, F|100/100
|move|p1a: Kingambit|Swords Dance|p1a: Kingambit
|-boost|p1a: Kingambit|atk|2
|
|-heal|p1a: Kingambit|81/100|[from] item: Leftovers
|upkeep
|turn|23
|
|t:|1779964742
|-terastallize|p1a: Kingambit|Flying
|move|p1a: Kingambit|Kowtow Cleave|p2a: Eelektross
|-damage|p2a: Eelektross|0 fnt
|faint|p2a: Eelektross
|
|-heal|p1a: Kingambit|87/100|[from] item: Leftovers
|upkeep
|
|t:|1779964749
|switch|p2a: Corviknight|Corviknight, M, shiny|100/100
|-ability|p2a: Corviknight|Pressure
|turn|24
|
|t:|1779964753
|move|p1a: Kingambit|Kowtow Cleave|p2a: Corviknight
|-damage|p2a: Corviknight|39/100
|-damage|p1a: Kingambit|70/100|[from] item: Rocky Helmet|[of] p2a: Corviknight
|move|p2a: Corviknight|Brave Bird|p1a: Kingambit
|-damage|p1a: Kingambit|40/100
|-damage|p2a: Corviknight|30/100|[from] Recoil
|
|-heal|p1a: Kingambit|46/100|[from] item: Leftovers
|upkeep
|turn|25
|
|t:|1779964758
|move|p1a: Kingambit|Kowtow Cleave|p2a: Corviknight
|-damage|p2a: Corviknight|0 fnt
|-damage|p1a: Kingambit|29/100|[from] item: Rocky Helmet|[of] p2a: Corviknight
|faint|p2a: Corviknight
|
|-heal|p1a: Kingambit|35/100|[from] item: Leftovers
|upkeep
|
|t:|1779964761
|switch|p2a: Rillaboom|Rillaboom, F|100/100
|-fieldstart|move: Grassy Terrain|[from] ability: Grassy Surge|[of] p2a: Rillaboom
|turn|26
|
|t:|1779964765
|-terastallize|p2a: Rillaboom|Grass
|move|p2a: Rillaboom|Grassy Glide|p1a: Kingambit
|-resisted|p1a: Kingambit
|-damage|p1a: Kingambit|0 fnt
|faint|p1a: Kingambit
|-end|p1a: Kingambit|fallen1|[silent]
|
|upkeep
|
|t:|1779964771
|switch|p1a: Cinderace|Cinderace, M|100/100
|turn|27
|
|t:|1779964776
|switch|p2a: Chandelure|Chandelure, M|76/100
|move|p1a: Cinderace|Pyro Ball|p2a: Chandelure
|-start|p2a: Chandelure|ability: Flash Fire
|
|-heal|p2a: Chandelure|82/100|[from] Grassy Terrain
|upkeep
|turn|28
|
|t:|1779964783
|move|p2a: Chandelure|Shadow Ball|p1a: Cinderace
|-damage|p1a: Cinderace|33/100
|move|p1a: Cinderace|U-turn|p2a: Chandelure
|-start|p1a: Cinderace|typechange|Bug|[from] ability: Libero
|-resisted|p2a: Chandelure
|-damage|p2a: Chandelure|69/100
|
|t:|1779964787
|switch|p1a: Kyurem|Kyurem|45/100|[from] U-turn
|-ability|p1a: Kyurem|Pressure
|
|-heal|p2a: Chandelure|76/100|[from] Grassy Terrain
|-heal|p1a: Kyurem|51/100|[from] Grassy Terrain
|upkeep
|turn|29
|
|t:|1779964790
|move|p2a: Chandelure|Shadow Ball|p1a: Kyurem
|-damage|p1a: Kyurem|17/100
|move|p1a: Kyurem|Earth Power|p2a: Chandelure
|-supereffective|p2a: Chandelure
|-damage|p2a: Chandelure|0 fnt
|faint|p2a: Chandelure
|
|-heal|p1a: Kyurem|23/100|[from] Grassy Terrain
|upkeep
|
|t:|1779964799
|switch|p2a: Rillaboom|Rillaboom, F, tera:Grass|100/100
|turn|30
|
|t:|1779964802
|switch|p1a: Landorus|Landorus-Therian, M|29/100
|-ability|p1a: Landorus|Intimidate|boost
|-unboost|p2a: Rillaboom|atk|1
|move|p2a: Rillaboom|Grassy Glide|p1a: Landorus
|-damage|p1a: Landorus|0 fnt
|-damage|p2a: Rillaboom|84/100|[from] item: Rocky Helmet|[of] p1a: Landorus
|faint|p1a: Landorus
|
|-heal|p2a: Rillaboom|90/100|[from] Grassy Terrain
|-fieldend|move: Grassy Terrain
|upkeep
|
|t:|1779964809
|switch|p1a: Cinderace|Cinderace, M|33/100
|turn|31
|
|t:|1779964813
|switch|p2a: Garchomp|Garchomp, F|32/100
|move|p1a: Cinderace|Pyro Ball|p2a: Garchomp
|-resisted|p2a: Garchomp
|-damage|p2a: Garchomp|3/100
|
|upkeep
|turn|32
|
|t:|1779964818
|move|p1a: Cinderace|U-turn|p2a: Garchomp
|-start|p1a: Cinderace|typechange|Bug|[from] ability: Libero
|-damage|p2a: Garchomp|0 fnt
|-damage|p1a: Cinderace|20/100|[from] ability: Rough Skin|[of] p2a: Garchomp
|faint|p2a: Garchomp
|
|t:|1779964822
|switch|p1a: Kyurem|Kyurem|23/100|[from] U-turn
|-ability|p1a: Kyurem|Pressure
|
|upkeep
|
|t:|1779964826
|switch|p2a: Rillaboom|Rillaboom, F, tera:Grass|90/100
|-fieldstart|move: Grassy Terrain|[from] ability: Grassy Surge|[of] p2a: Rillaboom
|turn|33
|
|t:|1779964830
|move|p2a: Rillaboom|Grassy Glide|p1a: Kyurem
|-resisted|p1a: Kyurem
|-damage|p1a: Kyurem|0 fnt
|faint|p1a: Kyurem
|
|-heal|p2a: Rillaboom|96/100|[from] Grassy Terrain
|upkeep
|
|t:|1779964834
|switch|p1a: Iron Valiant|Iron Valiant|89/100
|turn|34
|
|t:|1779964837
|move|p2a: Rillaboom|Grassy Glide|p1a: Iron Valiant
|-damage|p1a: Iron Valiant|0 fnt
|faint|p1a: Iron Valiant
|-end|p1a: Iron Valiant|Quark Drive|[silent]
|
|-heal|p2a: Rillaboom|100/100|[from] Grassy Terrain
|upkeep
|-message|choispecs ironmoth forfeited.
|
|win|roasted_kitchen
|raw|choispecs ironmoth's rating: 1454 &rarr; <strong>1434</strong><br />(-20 for losing)
|raw|roasted_kitchen's rating: 1461 &rarr; <strong>1481</strong><br />(+20 for winning)
|l|☆choispecs ironmoth
|player|p1|
|l|‽roasted_kitchen
|player|p2|
|l| lord shiddenfards
