|j|☆dublinbosd
|j|☆Valiant07
|t:|1779804948
|gametype|singles
|player|p1|dublinbosd|101|1372
|player|p2|Valiant07|ingo|1341
|gen|9
|tier|[Gen 9] OU
|rated|
|rule|HP Percentage Mod: HP is shown in percentages
|rule|Endless Battle Clause: Forcing endless battles is banned
|rule|Species Clause: Limit one of each Pokémon
|rule|OHKO Clause: OHKO moves are banned
|rule|Evasion Items Clause: Evasion items are banned
|rule|Evasion Moves Clause: Evasion moves are banned
|rule|Evasion Abilities Clause: Evasion abilities are banned
|rule|Sleep Moves Clause: Sleep-inducing moves are banned
|clearpoke
|poke|p1|Gholdengo|
|poke|p1|Iron Valiant|
|poke|p1|Ogerpon-Wellspring, F|
|poke|p1|Iron Treads|
|poke|p1|Politoed, F|
|poke|p1|Zapdos|
|poke|p2|Dragonite, M|
|poke|p2|Darkrai|
|poke|p2|Zamazenta-*|
|poke|p2|Iron Treads|
|poke|p2|Hatterene, F|
|poke|p2|Alomomola, M|
|teampreview
|
|t:|1779804970
|teamsize|p1|6
|teamsize|p2|6
|start
|switch|p1a: Politoed|Politoed, F|100/100
|switch|p2a: Alomomola|Alomomola, M|100/100
|-weather|RainDance|[from] ability: Drizzle|[of] p1a: Politoed
|turn|1
|
|t:|1779804975
|switch|p1a: Zapdos|Zapdos|100/100
|move|p2a: Alomomola|Flip Turn|p1a: Zapdos
|-damage|p1a: Zapdos|70/100
|
|t:|1779804999
|switch|p2a: Darkrai|Darkrai|100/100|[from] Flip Turn
|
|-weather|RainDance|[upkeep]
|upkeep
|turn|2
|
|t:|1779805008
|switch|p1a: Iron Valiant|Iron Valiant|100/100
|-enditem|p1a: Iron Valiant|Booster Energy
|-activate|p1a: Iron Valiant|ability: Quark Drive|[fromitem]
|-start|p1a: Iron Valiant|quarkdrivespe
|move|p2a: Darkrai|Nasty Plot|p2a: Darkrai
|-boost|p2a: Darkrai|spa|2
|
|-weather|RainDance|[upkeep]
|upkeep
|turn|3
|
|t:|1779805018
|switch|p2a: Hatterene|Hatterene, F|100/100
|move|p1a: Iron Valiant|Moonblast|p2a: Hatterene
|-damage|p2a: Hatterene|60/100
|-enditem|p2a: Hatterene|Eject Button
|
|t:|1779805027
|switch|p2a: Alomomola|Alomomola, M|100/100
|
|-weather|RainDance|[upkeep]
|upkeep
|turn|4
|inactive|Battle timer is ON: inactive players will automatically lose when time's up. (requested by Valiant07)
|
|t:|1779805035
|-end|p1a: Iron Valiant|Quark Drive|[silent]
|switch|p1a: Ogerpon|Ogerpon-Wellspring, F|100/100
|move|p2a: Alomomola|Play Rough|p1a: Ogerpon
|-damage|p1a: Ogerpon|80/100
|
|-weather|RainDance|[upkeep]
|upkeep
|turn|5
|
|t:|1779805051
|switch|p2a: Hatterene|Hatterene, F|60/100
|move|p1a: Ogerpon|U-turn|p2a: Hatterene
|-damage|p2a: Hatterene|36/100
|
|t:|1779805061
|switch|p1a: Iron Treads|Iron Treads|100/100|[from] U-turn
|
|-weather|RainDance|[upkeep]
|upkeep
|turn|6
|
|t:|1779805076
|switch|p2a: Iron Treads|Iron Treads|100/100
|-enditem|p2a: Iron Treads|Booster Energy
|-activate|p2a: Iron Treads|ability: Quark Drive|[fromitem]
|-start|p2a: Iron Treads|quarkdrivedef
|move|p1a: Iron Treads|Rapid Spin|p2a: Iron Treads
|-resisted|p2a: Iron Treads
|-damage|p2a: Iron Treads|96/100
|-boost|p1a: Iron Treads|spe|1
|
|-weather|RainDance|[upkeep]
|upkeep
|turn|7
|
|t:|1779805089
|-end|p1a: Iron Treads|Quark Drive|[silent]
|switch|p1a: Zapdos|Zapdos|70/100
|move|p2a: Iron Treads|Stealth Rock|p1a: Zapdos
|-sidestart|p1: dublinbosd|move: Stealth Rock
|
|-weather|RainDance|[upkeep]
|upkeep
|turn|8
|
|t:|1779805102
|move|p1a: Zapdos|Weather Ball|p2a: Iron Treads
|-supereffective|p2a: Iron Treads
|-damage|p2a: Iron Treads|0 fnt
|faint|p2a: Iron Treads
|-end|p2a: Iron Treads|Quark Drive|[silent]
|
|-weather|none
|upkeep
|
|t:|1779805109
|switch|p2a: Darkrai|Darkrai|100/100
|turn|9
|
|t:|1779805116
|switch|p1a: Iron Treads|Iron Treads|100/100
|-damage|p1a: Iron Treads|97/100|[from] Stealth Rock
|move|p2a: Darkrai|Will-O-Wisp|p1a: Iron Treads
|-status|p1a: Iron Treads|brn
|
|-damage|p1a: Iron Treads|91/100 brn|[from] brn
|upkeep
|turn|10
|
|t:|1779805125
|-terastallize|p2a: Darkrai|Ghost
|move|p2a: Darkrai|Nasty Plot|p2a: Darkrai
|-boost|p2a: Darkrai|spa|2
|move|p1a: Iron Treads|Rapid Spin|p2a: Darkrai
|-immune|p2a: Darkrai
|
|-damage|p1a: Iron Treads|85/100 brn|[from] brn
|upkeep
|turn|11
|
|t:|1779805130
|move|p2a: Darkrai|Dark Pulse|p1a: Iron Treads
|-damage|p1a: Iron Treads|10/100 brn
|move|p1a: Iron Treads|Knock Off|p2a: Darkrai
|-supereffective|p2a: Darkrai
|-damage|p2a: Darkrai|59/100
|-enditem|p2a: Darkrai|Leftovers|[from] move: Knock Off|[of] p1a: Iron Treads
|
|-damage|p1a: Iron Treads|4/100 brn|[from] brn
|upkeep
|turn|12
|
|t:|1779805137
|move|p2a: Darkrai|Dark Pulse|p1a: Iron Treads
|-damage|p1a: Iron Treads|0 fnt
|faint|p1a: Iron Treads
|-end|p1a: Iron Treads|Quark Drive|[silent]
|
|upkeep
|
|t:|1779805148
|switch|p1a: Ogerpon|Ogerpon-Wellspring, F|80/100
|-damage|p1a: Ogerpon|68/100|[from] Stealth Rock
|turn|13
|
|t:|1779805152
|-terastallize|p1a: Ogerpon|Water
|detailschange|p1a: Ogerpon|Ogerpon-Wellspring-Tera, F, tera:Water
|-ability|p1a: Ogerpon|Embody Aspect (Wellspring)|boost
|-boost|p1a: Ogerpon|spd|1
|move|p2a: Darkrai|Dark Pulse|p1a: Ogerpon
|-damage|p1a: Ogerpon|0 fnt
|faint|p1a: Ogerpon
|detailschange|p1: Ogerpon|Ogerpon-Wellspring, F|[silent]
|
|upkeep
|
|t:|1779805165
|switch|p1a: Iron Valiant|Iron Valiant|100/100
|-damage|p1a: Iron Valiant|94/100|[from] Stealth Rock
|turn|14
|
|t:|1779805169
|move|p2a: Darkrai|Will-O-Wisp|p1a: Iron Valiant
|-status|p1a: Iron Valiant|brn
|move|p1a: Iron Valiant|Knock Off|p2a: Darkrai
|-supereffective|p2a: Darkrai
|-damage|p2a: Darkrai|30/100
|
|-damage|p1a: Iron Valiant|88/100 brn|[from] brn
|upkeep
|turn|15
|
|t:|1779805177
|move|p2a: Darkrai|Dark Pulse|p1a: Iron Valiant
|-resisted|p1a: Iron Valiant
|-damage|p1a: Iron Valiant|46/100 brn
|move|p1a: Iron Valiant|Moonblast|p2a: Darkrai
|-damage|p2a: Darkrai|0 fnt
|faint|p2a: Darkrai
|
|-damage|p1a: Iron Valiant|40/100 brn|[from] brn
|upkeep
|
|t:|1779805184
|switch|p2a: Hatterene|Hatterene, F|36/100
|turn|16
|
|t:|1779805192
|move|p1a: Iron Valiant|Moonblast|p2a: Hatterene
|-damage|p2a: Hatterene|0 fnt
|faint|p2a: Hatterene
|
|-damage|p1a: Iron Valiant|34/100 brn|[from] brn
|upkeep
|
|t:|1779805196
|switch|p2a: Alomomola|Alomomola, M|100/100
|turn|17
|
|t:|1779805204
|move|p1a: Iron Valiant|Knock Off|p2a: Alomomola
|-damage|p2a: Alomomola|89/100
|-enditem|p2a: Alomomola|Assault Vest|[from] move: Knock Off|[of] p1a: Iron Valiant
|move|p2a: Alomomola|Flip Turn|p1a: Iron Valiant
|-damage|p1a: Iron Valiant|13/100 brn
|
|t:|1779805212
|switch|p2a: Dragonite|Dragonite, M|100/100|[from] Flip Turn
|
|-damage|p1a: Iron Valiant|7/100 brn|[from] brn
|upkeep
|turn|18
|
|t:|1779805222
|move|p1a: Iron Valiant|Moonblast|p2a: Dragonite
|-supereffective|p2a: Dragonite
|-damage|p2a: Dragonite|64/100
|move|p2a: Dragonite|Encore|p1a: Iron Valiant
|-start|p1a: Iron Valiant|Encore
|
|-damage|p1a: Iron Valiant|0 fnt|[from] brn
|faint|p1a: Iron Valiant
|-end|p1a: Iron Valiant|Quark Drive|[silent]
|upkeep
|
|t:|1779805232
|switch|p1a: Politoed|Politoed, F|100/100
|-damage|p1a: Politoed|88/100|[from] Stealth Rock
|-weather|RainDance|[from] ability: Drizzle|[of] p1a: Politoed
|turn|19
|
|t:|1779805243
|move|p2a: Dragonite|Dragon Dance|p2a: Dragonite
|-boost|p2a: Dragonite|atk|1
|-boost|p2a: Dragonite|spe|1
|move|p1a: Politoed|Ice Beam|p2a: Dragonite
|-supereffective|p2a: Dragonite
|-damage|p2a: Dragonite|0 fnt
|faint|p2a: Dragonite
|
|-weather|RainDance|[upkeep]
|upkeep
|
|t:|1779805249
|switch|p2a: Alomomola|Alomomola, M|89/100
|turn|20
|
|t:|1779805254
|switch|p1a: Zapdos|Zapdos|70/100
|-damage|p1a: Zapdos|45/100|[from] Stealth Rock
|move|p2a: Alomomola|Flip Turn|p1a: Zapdos
|-damage|p1a: Zapdos|16/100
|-status|p2a: Alomomola|par|[from] ability: Static|[of] p1a: Zapdos
|
|t:|1779805266
|switch|p2a: Zamazenta|Zamazenta|100/100|[from] Flip Turn
|-ability|p2a: Zamazenta|Dauntless Shield|boost
|-boost|p2a: Zamazenta|def|1
|
|-weather|RainDance|[upkeep]
|upkeep
|turn|21
|
|t:|1779805277
|move|p2a: Zamazenta|Crunch|p1a: Zapdos
|-damage|p1a: Zapdos|0 fnt
|faint|p1a: Zapdos
|
|-weather|RainDance|[upkeep]
|upkeep
|
|t:|1779805281
|switch|p1a: Gholdengo|Gholdengo|100/100
|-damage|p1a: Gholdengo|94/100|[from] Stealth Rock
|turn|22
|
|t:|1779805298
|move|p1a: Gholdengo|Make It Rain|p2a: Zamazenta
|-damage|p2a: Zamazenta|45/100
|-unboost|p1a: Gholdengo|spa|1
|move|p2a: Zamazenta|Crunch|p1a: Gholdengo
|-supereffective|p1a: Gholdengo
|-damage|p1a: Gholdengo|45/100
|
|-weather|RainDance|[upkeep]
|upkeep
|turn|23
|
|t:|1779805302
|move|p1a: Gholdengo|Make It Rain|p2a: Zamazenta
|-damage|p2a: Zamazenta|8/100
|-unboost|p1a: Gholdengo|spa|1
|move|p2a: Zamazenta|Crunch|p1a: Gholdengo
|-supereffective|p1a: Gholdengo
|-damage|p1a: Gholdengo|0 fnt
|faint|p1a: Gholdengo
|
|-weather|RainDance|[upkeep]
|upkeep
|
|t:|1779805306
|switch|p1a: Politoed|Politoed, F|88/100
|-damage|p1a: Politoed|76/100|[from] Stealth Rock
|turn|24
|
|t:|1779805312
|move|p2a: Zamazenta|Body Press|p1a: Politoed
|-damage|p1a: Politoed|8/100
|move|p1a: Politoed|Rest|p1a: Politoed
|-status|p1a: Politoed|slp|[from] move: Rest
|-heal|p1a: Politoed|100/100 slp|[silent]
|
|-weather|RainDance|[upkeep]
|upkeep
|turn|25
|
|t:|1779805317
|move|p2a: Zamazenta|Iron Defense|p2a: Zamazenta
|-boost|p2a: Zamazenta|def|2
|cant|p1a: Politoed|slp
|move|p1a: Politoed|Sleep Talk|p1a: Politoed
|move|p1a: Politoed|Weather Ball|p2a: Zamazenta|[from] move: Sleep Talk
|-crit|p2a: Zamazenta
|-damage|p2a: Zamazenta|0 fnt
|faint|p2a: Zamazenta
|
|-weather|RainDance|[upkeep]
|upkeep
|
|t:|1779805323
|switch|p2a: Alomomola|Alomomola, M|89/100 par
|turn|26
|
|t:|1779805327
|cant|p1a: Politoed|slp
|move|p1a: Politoed|Sleep Talk|p1a: Politoed
|move|p1a: Politoed|Rest||[from] move: Sleep Talk|[still]
|-fail|p1a: Politoed
|move|p2a: Alomomola|Play Rough|p1a: Politoed
|-damage|p1a: Politoed|82/100 slp
|
|-weather|none
|upkeep
|turn|27
|
|t:|1779805341
|-curestatus|p1a: Politoed|slp|[msg]
|move|p1a: Politoed|Ice Beam|p2a: Alomomola
|-resisted|p2a: Alomomola
|-damage|p2a: Alomomola|78/100 par
|move|p2a: Alomomola|Play Rough|p1a: Politoed|[miss]
|-miss|p2a: Alomomola|p1a: Politoed
|
|upkeep
|turn|28
|
|t:|1779805362
|move|p1a: Politoed|Weather Ball|p2a: Alomomola
|-damage|p2a: Alomomola|66/100 par
|move|p2a: Alomomola|Play Rough|p1a: Politoed
|-damage|p1a: Politoed|64/100
|-unboost|p1a: Politoed|atk|1
|
|upkeep
|turn|29
|
|t:|1779805373
|move|p1a: Politoed|Weather Ball|p2a: Alomomola
|-damage|p2a: Alomomola|54/100 par
|move|p2a: Alomomola|Play Rough|p1a: Politoed|[miss]
|-miss|p2a: Alomomola|p1a: Politoed
|
|upkeep
|turn|30
|inactive|Valiant07 has 120 seconds left.
|
|t:|1779805398
|move|p1a: Politoed|Ice Beam|p2a: Alomomola
|-resisted|p2a: Alomomola
|-damage|p2a: Alomomola|43/100 par
|move|p2a: Alomomola|Play Rough|p1a: Politoed
|-damage|p1a: Politoed|47/100
|
|upkeep
|turn|31
|
|t:|1779805405
|move|p1a: Politoed|Ice Beam|p2a: Alomomola
|-resisted|p2a: Alomomola
|-damage|p2a: Alomomola|32/100 par
|move|p2a: Alomomola|Play Rough|p1a: Politoed
|-damage|p1a: Politoed|28/100
|
|upkeep
|turn|32
|
|t:|1779805415
|move|p1a: Politoed|Rest|p1a: Politoed
|-status|p1a: Politoed|slp|[from] move: Rest
|-heal|p1a: Politoed|100/100 slp|[silent]
|move|p2a: Alomomola|Play Rough|p1a: Politoed
|-damage|p1a: Politoed|81/100 slp
|
|upkeep
|turn|33
|
|t:|1779805427
|cant|p1a: Politoed|slp
|move|p1a: Politoed|Sleep Talk|p1a: Politoed
|move|p1a: Politoed|Rest||[from] move: Sleep Talk|[still]
|-fail|p1a: Politoed
|move|p2a: Alomomola|Play Rough|p1a: Politoed
|-damage|p1a: Politoed|61/100 slp
|
|upkeep
|turn|34
|-message|Valiant07 forfeited.
|
|win|dublinbosd
|raw|dublinbosd's rating: 1372 &rarr; <strong>1389</strong><br />(+17 for winning)
|raw|Valiant07's rating: 1321 &rarr; <strong>1304</strong><br />(-17 for losing)
|l|☆Valiant07
|player|p2|
|l|☆dublinbosd
|player|p1|
