|j|☆ricky135
|j|☆tauros3
|t:|1779893938
|gametype|singles
|player|p1|ricky135|ghetsis-gen5bw|1560
|player|p2|tauros3|swimmer-gen4dp|1629
|gen|9
|tier|[Gen 9] OU
|rated|
|rule|HP Percentage Mod: HP is shown in percentages
|rule|Endless Battle Clause: Forcing endless battles is banned
|rule|Species Clause: Limit one of each Pokémon
|rule|OHKO Clause: OHKO moves are banned
|rule|Evasion Items Clause: Evasion items are banned
|rule|Evasion Moves Clause: Evasion moves are banned
|rule|Evasion Abilities Clause: Evasion abilities are banned
|rule|Sleep Moves Clause: Sleep-inducing moves are banned
|clearpoke
|poke|p1|Enamorus-Therian, F|
|poke|p1|Iron Treads|
|poke|p1|Kyurem|
|poke|p1|Greninja-*, M|
|poke|p1|Cinderace, F|
|poke|p1|Electrode-Hisui|
|poke|p2|Hatterene, F|
|poke|p2|Cresselia, F|
|poke|p2|Diancie|
|poke|p2|Ursaluna, F|
|poke|p2|Crawdaunt, M|
|poke|p2|Pelipper, F|
|teampreview
|inactive|Battle timer is ON: inactive players will automatically lose when time's up. (requested by ricky135)
|inactive|tauros3 also wants the timer to be on.
|
|t:|1779893960
|teamsize|p1|6
|teamsize|p2|6
|start
|switch|p1a: Kyurem|Kyurem|100/100
|switch|p2a: El Scorcho|Ursaluna, F|100/100
|-ability|p1a: Kyurem|Pressure
|turn|1
|
|t:|1779893967
|switch|p2a: Butterfly|Cresselia, F|100/100
|move|p1a: Kyurem|Icicle Spear|p2a: Butterfly
|-damage|p2a: Butterfly|92/100
|-damage|p2a: Butterfly|84/100
|-damage|p2a: Butterfly|77/100
|-damage|p2a: Butterfly|68/100
|-hitcount|p2a: Butterfly|4
|
|upkeep
|turn|2
|
|t:|1779893979
|move|p1a: Kyurem|Icicle Spear|p2a: Butterfly
|-damage|p2a: Butterfly|60/100
|-damage|p2a: Butterfly|53/100
|-damage|p2a: Butterfly|45/100
|-damage|p2a: Butterfly|37/100
|-hitcount|p2a: Butterfly|4
|move|p2a: Butterfly|Trick Room|p2a: Butterfly
|-fieldstart|move: Trick Room|[of] p2a: Butterfly
|
|upkeep
|turn|3
|inactive|tauros3 has 120 seconds left.
|
|t:|1779894024
|switch|p1a: Iron Treads|Iron Treads|100/100
|move|p2a: Butterfly|Lunar Dance|p2a: Butterfly
|faint|p2a: Butterfly
|
|upkeep
|
|t:|1779894027
|switch|p2a: Across The Sea|Pelipper, F|100/100
|-weather|RainDance|[from] ability: Drizzle|[of] p2a: Across The Sea
|turn|4
|
|t:|1779894045
|move|p2a: Across The Sea|Surf|p1a: Iron Treads
|-supereffective|p1a: Iron Treads
|-enditem|p1a: Iron Treads|Focus Sash
|-damage|p1a: Iron Treads|1/100
|move|p1a: Iron Treads|Endeavor|p2a: Across The Sea
|-damage|p2a: Across The Sea|1/100
|
|-weather|RainDance|[upkeep]
|upkeep
|turn|5
|inactive|tauros3 has 120 seconds left.
|
|t:|1779894070
|-end|p1a: Iron Treads|Quark Drive|[silent]
|switch|p1a: Kyurem|Kyurem|100/100
|-ability|p1a: Kyurem|Pressure
|move|p2a: Across The Sea|Surf|p1a: Kyurem
|-resisted|p1a: Kyurem
|-damage|p1a: Kyurem|56/100
|
|-weather|RainDance|[upkeep]
|upkeep
|turn|6
|
|t:|1779894079
|move|p1a: Kyurem|Protect|p1a: Kyurem
|-singleturn|p1a: Kyurem|Protect
|move|p2a: Across The Sea|Surf|p1a: Kyurem
|-activate|p1a: Kyurem|move: Protect
|
|-weather|RainDance|[upkeep]
|-fieldend|move: Trick Room
|upkeep
|turn|7
|
|t:|1779894091
|switch|p2a: Pink Triangle|Hatterene, F|100/100
|move|p1a: Kyurem|Icicle Spear|p2a: Pink Triangle
|-damage|p2a: Pink Triangle|84/100
|-damage|p2a: Pink Triangle|66/100
|-damage|p2a: Pink Triangle|50/100
|-damage|p2a: Pink Triangle|34/100
|-damage|p2a: Pink Triangle|16/100
|-hitcount|p2a: Pink Triangle|5
|
|-weather|RainDance|[upkeep]
|upkeep
|turn|8
|
|t:|1779894103
|move|p1a: Kyurem|Icicle Spear|p2a: Pink Triangle
|-damage|p2a: Pink Triangle|0 fnt
|faint|p2a: Pink Triangle
|-hitcount|p2: Pink Triangle|1
|
|-weather|none
|upkeep
|
|t:|1779894109
|switch|p2a: No Other One|Diancie|100/100
|turn|9
|
|t:|1779894117
|move|p1a: Kyurem|Icicle Spear|p2a: No Other One
|-damage|p2a: No Other One|89/100
|-damage|p2a: No Other One|77/100
|-damage|p2a: No Other One|67/100
|-damage|p2a: No Other One|55/100
|-hitcount|p2a: No Other One|4
|move|p2a: No Other One|Trick Room|p2a: No Other One
|-fieldstart|move: Trick Room|[of] p2a: No Other One
|
|upkeep
|turn|10
|inactive|tauros3 has 120 seconds left.
|inactive|tauros3 has 90 seconds left.
|
|t:|1779894202
|move|p1a: Kyurem|Protect|p1a: Kyurem
|-singleturn|p1a: Kyurem|Protect
|move|p2a: No Other One|Meteor Beam||[still]
|-prepare|p2a: No Other One|Meteor Beam
|-boost|p2a: No Other One|spa|1
|-enditem|p2a: No Other One|Power Herb
|-anim|p2a: No Other One|Meteor Beam|p1a: Kyurem
|-activate|p1a: Kyurem|move: Protect
|
|upkeep
|turn|11
|inactive|tauros3 has 60 seconds left.
|
|t:|1779894229
|switch|p1a: Cinderace|Cinderace, F, shiny|100/100
|move|p2a: No Other One|Moonblast|p1a: Cinderace
|-resisted|p1a: Cinderace
|-damage|p1a: Cinderace|54/100
|
|upkeep
|turn|12
|inactive|tauros3 has 60 seconds left.
|
|t:|1779894239
|move|p1a: Cinderace|Sucker Punch|p2a: No Other One
|-start|p1a: Cinderace|typechange|Dark|[from] ability: Libero
|-resisted|p2a: No Other One
|-damage|p2a: No Other One|43/100
|move|p2a: No Other One|Earth Power|p1a: Cinderace
|-damage|p1a: Cinderace|0 fnt
|faint|p1a: Cinderace
|
|upkeep
|
|t:|1779894258
|switch|p1a: Electrode|Electrode-Hisui, shiny|100/100
|turn|13
|
|t:|1779894262
|move|p2a: No Other One|Moonblast|p1a: Electrode
|-damage|p1a: Electrode|0 fnt
|faint|p1a: Electrode
|
|-fieldend|move: Trick Room
|upkeep
|
|t:|1779894281
|switch|p1a: Iron Treads|Iron Treads|1/100
|turn|14
|
|t:|1779894288
|move|p1a: Iron Treads|Earthquake|p2a: No Other One
|-supereffective|p2a: No Other One
|-damage|p2a: No Other One|0 fnt
|faint|p2a: No Other One
|
|upkeep
|
|t:|1779894293
|switch|p2a: Getchoo|Crawdaunt, M|100/100
|turn|15
|
|t:|1779894297
|move|p2a: Getchoo|Aqua Jet|p1a: Iron Treads
|-supereffective|p1a: Iron Treads
|-damage|p1a: Iron Treads|0 fnt
|faint|p1a: Iron Treads
|-end|p1a: Iron Treads|Quark Drive|[silent]
|-damage|p2a: Getchoo|90/100|[from] item: Life Orb
|
|upkeep
|
|t:|1779894303
|switch|p1a: Enamorus|Enamorus-Therian, F|100/100
|turn|16
|
|t:|1779894309
|switch|p2a: Across The Sea|Pelipper, F|1/100
|-heal|p2a: Across The Sea|100/100|[from] move: Lunar Dance
|-weather|RainDance|[from] ability: Drizzle|[of] p2a: Across The Sea
|move|p1a: Enamorus|Moonblast|p2a: Across The Sea
|-damage|p2a: Across The Sea|17/100
|
|-weather|RainDance|[upkeep]
|upkeep
|turn|17
|
|t:|1779894317
|move|p1a: Enamorus|Moonblast|p2a: Across The Sea
|-damage|p2a: Across The Sea|0 fnt
|faint|p2a: Across The Sea
|
|-weather|RainDance|[upkeep]
|upkeep
|
|t:|1779894321
|switch|p2a: El Scorcho|Ursaluna, F|100/100
|turn|18
|
|t:|1779894327
|move|p2a: El Scorcho|Swords Dance|p2a: El Scorcho
|-boost|p2a: El Scorcho|atk|2
|move|p1a: Enamorus|Moonblast|p2a: El Scorcho
|-damage|p2a: El Scorcho|52/100
|
|-weather|RainDance|[upkeep]
|-status|p2a: El Scorcho|brn|[from] item: Flame Orb
|upkeep
|turn|19
|inactive|tauros3 has 120 seconds left.
|
|t:|1779894336
|move|p2a: El Scorcho|Facade|p1a: Enamorus
|-damage|p1a: Enamorus|0 fnt
|faint|p1a: Enamorus
|
|-weather|RainDance|[upkeep]
|-damage|p2a: El Scorcho|46/100 brn|[from] brn
|upkeep
|
|t:|1779894341
|switch|p1a: Greninja|Greninja, M|100/100
|turn|20
|
|t:|1779894345
|move|p1a: Greninja|Surf|p2a: El Scorcho
|-supereffective|p2a: El Scorcho
|-damage|p2a: El Scorcho|0 fnt
|faint|p2a: El Scorcho
|-ability|p1a: Greninja|Battle Bond|boost
|-boost|p1a: Greninja|atk|1
|-boost|p1a: Greninja|spa|1
|-boost|p1a: Greninja|spe|1
|-activate|p1a: Greninja|ability: Battle Bond
|-damage|p1a: Greninja|91/100|[from] item: Life Orb
|
|-weather|none
|upkeep
|
|t:|1779894346
|switch|p2a: Getchoo|Crawdaunt, M|90/100
|turn|21
|
|t:|1779894350
|move|p1a: Greninja|Sludge Wave|p2a: Getchoo
|-damage|p2a: Getchoo|0 fnt
|faint|p2a: Getchoo
|-damage|p1a: Greninja|81/100|[from] item: Life Orb
|
|win|ricky135
|raw|ricky135's rating: 1560 &rarr; <strong>1584</strong><br />(+24 for winning)
|raw|tauros3's rating: 1629 &rarr; <strong>1605</strong><br />(-24 for losing)
|l|☆ricky135
|player|p1|
|l|☆tauros3
|player|p2|
