|j|☆iamverykarpy
|j|☆Migstaper
|t:|1779817292
|gametype|singles
|player|p1|iamverykarpy|colress|1648
|player|p2|Migstaper|ltsurge|1697
|gen|9
|tier|[Gen 9] OU
|rated|
|rule|HP Percentage Mod: HP is shown in percentages
|rule|Endless Battle Clause: Forcing endless battles is banned
|rule|Species Clause: Limit one of each Pokémon
|rule|OHKO Clause: OHKO moves are banned
|rule|Evasion Items Clause: Evasion items are banned
|rule|Evasion Moves Clause: Evasion moves are banned
|rule|Evasion Abilities Clause: Evasion abilities are banned
|rule|Sleep Moves Clause: Sleep-inducing moves are banned
|clearpoke
|poke|p1|Cetitan, F|
|poke|p1|Slowking-Galar, M|
|poke|p1|Kyurem|
|poke|p1|Rillaboom, F|
|poke|p1|Alomomola, F|
|poke|p1|Great Tusk|
|poke|p2|Darkrai|
|poke|p2|Enamorus, F|
|poke|p2|Dragapult, M|
|poke|p2|Dragonite, M|
|poke|p2|Great Tusk|
|poke|p2|Kingambit, M|
|teampreview
|inactive|Battle timer is ON: inactive players will automatically lose when time's up. (requested by iamverykarpy)
|
|t:|1779817303
|teamsize|p1|6
|teamsize|p2|6
|start
|switch|p1a: Great Tusk|Great Tusk|100/100
|switch|p2a: Read Psalm 30|Dragapult, M, shiny|100/100
|turn|1
|
|t:|1779817310
|move|p2a: Read Psalm 30|Dragon Dance|p2a: Read Psalm 30
|-boost|p2a: Read Psalm 30|atk|1
|-boost|p2a: Read Psalm 30|spe|1
|move|p1a: Great Tusk|Knock Off|p2a: Read Psalm 30
|-supereffective|p2a: Read Psalm 30
|-damage|p2a: Read Psalm 30|17/100
|-enditem|p2a: Read Psalm 30|Life Orb|[from] move: Knock Off|[of] p1a: Great Tusk
|
|upkeep
|turn|2
|
|t:|1779817320
|move|p2a: Read Psalm 30|Dragon Darts|p1a: Great Tusk
|-damage|p1a: Great Tusk|73/100
|-anim|p2a: Read Psalm 30|Dragon Darts|p1a: Great Tusk
|-damage|p1a: Great Tusk|46/100
|move|p1a: Great Tusk|Knock Off|p2a: Read Psalm 30
|-supereffective|p2a: Read Psalm 30
|-damage|p2a: Read Psalm 30|0 fnt
|faint|p2a: Read Psalm 30
|
|-heal|p1a: Great Tusk|52/100|[from] item: Leftovers
|upkeep
|c|☆iamverykarpy|surprisngly rare set
|
|t:|1779817333
|switch|p2a: Read the Bible|Enamorus, F, shiny|100/100
|turn|3
|
|t:|1779817338
|-end|p1a: Great Tusk|Protosynthesis|[silent]
|switch|p1a: Slowking|Slowking-Galar, M, shiny|100/100
|move|p2a: Read the Bible|Earth Power|p1a: Slowking
|-supereffective|p1a: Slowking
|-damage|p1a: Slowking|52/100
|-damage|p2a: Read the Bible|91/100|[from] item: Life Orb
|
|upkeep
|turn|4
|
|t:|1779817348
|switch|p2a: No condemnation|Kingambit, M, shiny|100/100
|-activate|p2a: No condemnation|ability: Supreme Overlord
|-start|p2a: No condemnation|fallen1|[silent]
|-prepare|p1a: Slowking|Chilly Reception|[premajor]
|move|p1a: Slowking|Chilly Reception|p1a: Slowking
|-weather|Snowscape
|
|t:|1779817360
|switch|p1a: Rillaboom|Rillaboom, F|100/100|[from] Chilly Reception
|-fieldstart|move: Grassy Terrain|[from] ability: Grassy Surge|[of] p1a: Rillaboom
|
|-weather|Snowscape|[upkeep]
|upkeep
|turn|5
|
|t:|1779817369
|-end|p2a: No condemnation|fallen1|[silent]
|switch|p2a: Read the Bible|Enamorus, F, shiny|91/100
|move|p1a: Rillaboom|U-turn|p2a: Read the Bible
|-resisted|p2a: Read the Bible
|-damage|p2a: Read the Bible|76/100
|
|t:|1779817371
|switch|p1a: Slowking|Slowking-Galar, M, shiny|86/100|[from] U-turn
|
|-weather|Snowscape|[upkeep]
|-heal|p1a: Slowking|92/100|[from] Grassy Terrain
|upkeep
|turn|6
|
|t:|1779817380
|switch|p2a: No condemnation|Kingambit, M, shiny|100/100
|-activate|p2a: No condemnation|ability: Supreme Overlord
|-start|p2a: No condemnation|fallen1|[silent]
|move|p1a: Slowking|Sludge Bomb|p2a: No condemnation
|-immune|p2a: No condemnation
|
|-weather|Snowscape|[upkeep]
|-heal|p1a: Slowking|98/100|[from] Grassy Terrain
|upkeep
|turn|7
|
|t:|1779817390
|switch|p1a: Alomomola|Alomomola, F|100/100
|move|p2a: No condemnation|Iron Head|p1a: Alomomola
|-resisted|p1a: Alomomola
|-damage|p1a: Alomomola|87/100
|-damage|p2a: No condemnation|84/100|[from] item: Rocky Helmet|[of] p1a: Alomomola
|
|-weather|Snowscape|[upkeep]
|-heal|p2a: No condemnation|90/100|[from] Grassy Terrain
|-heal|p1a: Alomomola|93/100|[from] Grassy Terrain
|upkeep
|turn|8
|
|t:|1779817401
|move|p2a: No condemnation|Iron Head|p1a: Alomomola
|-resisted|p1a: Alomomola
|-damage|p1a: Alomomola|79/100
|-damage|p2a: No condemnation|74/100|[from] item: Rocky Helmet|[of] p1a: Alomomola
|move|p1a: Alomomola|Scald|p2a: No condemnation
|-damage|p2a: No condemnation|64/100
|-status|p2a: No condemnation|brn
|
|-weather|none
|-heal|p2a: No condemnation|71/100 brn|[from] Grassy Terrain
|-heal|p1a: Alomomola|85/100|[from] Grassy Terrain
|-damage|p2a: No condemnation|64/100 brn|[from] brn
|-fieldend|move: Grassy Terrain
|upkeep
|turn|9
|inactive|Migstaper has 120 seconds left.
|
|t:|1779817435
|move|p2a: No condemnation|Iron Head|p1a: Alomomola
|-resisted|p1a: Alomomola
|-damage|p1a: Alomomola|79/100
|-damage|p2a: No condemnation|48/100 brn|[from] item: Rocky Helmet|[of] p1a: Alomomola
|move|p1a: Alomomola|Flip Turn|p2a: No condemnation
|-damage|p2a: No condemnation|35/100 brn
|
|t:|1779817440
|switch|p1a: Great Tusk|Great Tusk|52/100|[from] Flip Turn
|
|-heal|p1a: Great Tusk|58/100|[from] item: Leftovers
|-damage|p2a: No condemnation|29/100 brn|[from] brn
|upkeep
|turn|10
|inactive|Migstaper has 120 seconds left.
|
|t:|1779817458
|-end|p2a: No condemnation|fallen1|[silent]
|switch|p2a: Read the Bible|Enamorus, F, shiny|76/100
|move|p1a: Great Tusk|Rapid Spin|p2a: Read the Bible
|-damage|p2a: Read the Bible|50/100
|-boost|p1a: Great Tusk|spe|1
|
|-heal|p1a: Great Tusk|64/100|[from] item: Leftovers
|upkeep
|turn|11
|inactive|Migstaper has 120 seconds left.
|
|t:|1779817470
|-end|p1a: Great Tusk|Protosynthesis|[silent]
|switch|p1a: Slowking|Slowking-Galar, M, shiny|100/100
|move|p2a: Read the Bible|Moonblast|p1a: Slowking
|-resisted|p1a: Slowking
|-crit|p1a: Slowking
|-damage|p1a: Slowking|71/100
|-damage|p2a: Read the Bible|40/100|[from] item: Life Orb
|
|upkeep
|turn|12
|
|t:|1779817479
|move|p2a: Read the Bible|Earth Power|p1a: Slowking
|-supereffective|p1a: Slowking
|-damage|p1a: Slowking|22/100
|-damage|p2a: Read the Bible|30/100|[from] item: Life Orb
|move|p1a: Slowking|Sludge Bomb|p2a: Read the Bible
|-supereffective|p2a: Read the Bible
|-damage|p2a: Read the Bible|0 fnt
|faint|p2a: Read the Bible
|
|upkeep
|inactive|Migstaper has 120 seconds left.
|
|t:|1779817489
|switch|p2a: Paul|Dragonite, M, shiny|100/100
|turn|13
|
|t:|1779817494
|move|p2a: Paul|Dragon Dance|p2a: Paul
|-boost|p2a: Paul|atk|1
|-boost|p2a: Paul|spe|1
|-prepare|p1a: Slowking|Chilly Reception|[premajor]
|move|p1a: Slowking|Chilly Reception|p1a: Slowking
|-weather|Snowscape
|
|t:|1779817499
|switch|p1a: Kyurem|Kyurem, shiny|100/100|[from] Chilly Reception
|-ability|p1a: Kyurem|Pressure
|
|-weather|Snowscape|[upkeep]
|upkeep
|turn|14
|
|t:|1779817506
|move|p2a: Paul|Outrage|p1a: Kyurem
|-supereffective|p1a: Kyurem
|-damage|p1a: Kyurem|0 fnt
|faint|p1a: Kyurem
|
|-weather|Snowscape|[upkeep]
|upkeep
|
|t:|1779817514
|switch|p1a: Cetitan|Cetitan, F, shiny|100/100
|turn|15
|
|t:|1779817519
|move|p1a: Cetitan|Ice Spinner|p2a: Paul
|-supereffective|p2a: Paul
|-crit|p2a: Paul
|-damage|p2a: Paul|0 fnt
|faint|p2a: Paul
|
|-weather|Snowscape|[upkeep]
|upkeep
|
|t:|1779817527
|switch|p2a: No condemnation|Kingambit, M, shiny|29/100 brn
|-activate|p2a: No condemnation|ability: Supreme Overlord
|-start|p2a: No condemnation|fallen3|[silent]
|turn|16
|
|t:|1779817535
|move|p1a: Cetitan|Belly Drum|p1a: Cetitan
|-damage|p1a: Cetitan|50/100
|-setboost|p1a: Cetitan|atk|6|[from] move: Belly Drum
|-enditem|p1a: Cetitan|Sitrus Berry|[eat]
|-heal|p1a: Cetitan|75/100|[from] item: Sitrus Berry
|move|p2a: No condemnation|Iron Head|p1a: Cetitan
|-supereffective|p1a: Cetitan
|-damage|p1a: Cetitan|39/100
|
|-weather|Snowscape|[upkeep]
|-damage|p2a: No condemnation|23/100 brn|[from] brn
|upkeep
|turn|17
|
|t:|1779817547
|move|p1a: Cetitan|Ice Shard|p2a: No condemnation
|-resisted|p2a: No condemnation
|-damage|p2a: No condemnation|0 fnt
|faint|p2a: No condemnation
|-end|p2a: No condemnation|fallen3|[silent]
|
|-weather|none
|upkeep
|
|t:|1779817553
|switch|p2a: Old Testament|Darkrai, shiny|100/100
|turn|18
|
|t:|1779817564
|move|p1a: Cetitan|Ice Shard|p2a: Old Testament
|-damage|p2a: Old Testament|0 fnt
|faint|p2a: Old Testament
|
|upkeep
|
|t:|1779817568
|switch|p2a: ROMANS 10:9|Great Tusk, shiny|100/100
|-enditem|p2a: ROMANS 10:9|Booster Energy
|-activate|p2a: ROMANS 10:9|ability: Protosynthesis|[fromitem]
|-start|p2a: ROMANS 10:9|protosynthesisatk
|turn|19
|
|t:|1779817575
|move|p1a: Cetitan|Ice Shard|p2a: ROMANS 10:9
|-supereffective|p2a: ROMANS 10:9
|-damage|p2a: ROMANS 10:9|0 fnt
|faint|p2a: ROMANS 10:9
|-end|p2a: ROMANS 10:9|Protosynthesis|[silent]
|
|win|iamverykarpy
|raw|iamverykarpy's rating: 1648 &rarr; <strong>1671</strong><br />(+23 for winning)
|raw|Migstaper's rating: 1697 &rarr; <strong>1674</strong><br />(-23 for losing)
|l|☆iamverykarpy
|player|p1|
|l|☆Migstaper
|player|p2|
