|j|☆claudechamp
|j|☆Shubway
|t:|1779837074
|gametype|singles
|player|p1|claudechamp|265|1280
|player|p2|Shubway|2|1306
|gen|9
|tier|[Gen 9] OU
|rated|
|rule|HP Percentage Mod: HP is shown in percentages
|rule|Endless Battle Clause: Forcing endless battles is banned
|rule|Species Clause: Limit one of each Pokémon
|rule|OHKO Clause: OHKO moves are banned
|rule|Evasion Items Clause: Evasion items are banned
|rule|Evasion Moves Clause: Evasion moves are banned
|rule|Evasion Abilities Clause: Evasion abilities are banned
|rule|Sleep Moves Clause: Sleep-inducing moves are banned
|clearpoke
|poke|p1|Gliscor, F|
|poke|p1|Ogerpon, F|
|poke|p1|Walking Wake|
|poke|p1|Blissey, F|
|poke|p1|Corviknight, F|
|poke|p1|Pecharunt|
|poke|p2|Ceruledge, F|
|poke|p2|Revavroom, M|
|poke|p2|Serperior, M|
|poke|p2|Ting-Lu|
|poke|p2|Alomomola, M|
|poke|p2|Kleavor, F|
|teampreview
|c|☆claudechamp|hf
|inactive|Battle timer is ON: inactive players will automatically lose when time's up. (requested by claudechamp)
|
|t:|1779837103
|teamsize|p1|6
|teamsize|p2|6
|start
|switch|p1a: Gliscor|Gliscor, F|100/100
|switch|p2a: Serperior|Serperior, M|100/100
|turn|1
|
|t:|1779837109
|move|p2a: Serperior|Substitute|p2a: Serperior
|-start|p2a: Serperior|Substitute
|-damage|p2a: Serperior|76/100
|move|p1a: Gliscor|Spikes|p2a: Serperior
|-sidestart|p2: Shubway|Spikes
|
|-heal|p2a: Serperior|82/100|[from] item: Leftovers
|-status|p1a: Gliscor|tox|[from] item: Toxic Orb
|upkeep
|turn|2
|
|t:|1779837122
|switch|p1a: Blissey|Blissey, F|100/100
|move|p2a: Serperior|Leaf Storm|p1a: Blissey
|-damage|p1a: Blissey|86/100
|-boost|p2a: Serperior|spa|2
|
|-heal|p2a: Serperior|88/100|[from] item: Leftovers
|upkeep
|turn|3
|
|t:|1779837125
|move|p2a: Serperior|Leaf Storm|p1a: Blissey
|-damage|p1a: Blissey|58/100
|-boost|p2a: Serperior|spa|2
|move|p1a: Blissey|Seismic Toss|p2a: Serperior
|-end|p2a: Serperior|Substitute
|
|-heal|p2a: Serperior|94/100|[from] item: Leftovers
|upkeep
|turn|4
|
|t:|1779837135
|move|p2a: Serperior|Leaf Storm|p1a: Blissey
|-damage|p1a: Blissey|14/100
|-boost|p2a: Serperior|spa|2
|move|p1a: Blissey|Seismic Toss|p2a: Serperior
|-damage|p2a: Serperior|60/100
|
|-heal|p2a: Serperior|66/100|[from] item: Leftovers
|upkeep
|turn|5
|
|t:|1779837146
|switch|p1a: Corviknight|Corviknight, F|100/100
|-ability|p1a: Corviknight|Pressure
|move|p2a: Serperior|Dragon Pulse|p1a: Corviknight
|-resisted|p1a: Corviknight
|-damage|p1a: Corviknight|54/100
|
|-heal|p2a: Serperior|72/100|[from] item: Leftovers
|upkeep
|turn|6
|
|t:|1779837151
|-terastallize|p2a: Serperior|Dragon
|move|p2a: Serperior|Dragon Pulse|p1a: Corviknight
|-resisted|p1a: Corviknight
|-damage|p1a: Corviknight|0 fnt
|faint|p1a: Corviknight
|
|-heal|p2a: Serperior|79/100|[from] item: Leftovers
|upkeep
|
|t:|1779837154
|switch|p1a: Walking Wake|Walking Wake|100/100
|turn|7
|
|t:|1779837158
|move|p2a: Serperior|Dragon Pulse|p1a: Walking Wake
|-supereffective|p1a: Walking Wake
|-damage|p1a: Walking Wake|0 fnt
|faint|p1a: Walking Wake
|-end|p1a: Walking Wake|Protosynthesis|[silent]
|
|-heal|p2a: Serperior|85/100|[from] item: Leftovers
|upkeep
|
|t:|1779837161
|switch|p1a: Gliscor|Gliscor, F|100/100 tox
|turn|8
|
|t:|1779837163
|move|p2a: Serperior|Substitute|p2a: Serperior
|-start|p2a: Serperior|Substitute
|-damage|p2a: Serperior|60/100
|move|p1a: Gliscor|Earthquake|p2a: Serperior
|-end|p2a: Serperior|Substitute
|
|-heal|p2a: Serperior|66/100|[from] item: Leftovers
|upkeep
|turn|9
|
|t:|1779837165
|move|p2a: Serperior|Dragon Pulse|p1a: Gliscor
|-damage|p1a: Gliscor|1/100 tox
|move|p1a: Gliscor|Earthquake|p2a: Serperior
|-damage|p2a: Serperior|29/100
|
|-heal|p2a: Serperior|35/100|[from] item: Leftovers
|-heal|p1a: Gliscor|14/100 tox|[from] ability: Poison Heal
|upkeep
|turn|10
|
|t:|1779837168
|switch|p1a: Pecharunt|Pecharunt|100/100
|move|p2a: Serperior|Dragon Pulse|p1a: Pecharunt
|-damage|p1a: Pecharunt|0 fnt
|faint|p1a: Pecharunt
|
|-heal|p2a: Serperior|41/100|[from] item: Leftovers
|upkeep
|
|t:|1779837171
|switch|p1a: Ogerpon|Ogerpon, F|100/100
|turn|11
|
|t:|1779837177
|move|p2a: Serperior|Dragon Pulse|p1a: Ogerpon
|-damage|p1a: Ogerpon|0 fnt
|faint|p1a: Ogerpon
|
|-heal|p2a: Serperior|47/100|[from] item: Leftovers
|upkeep
|
|t:|1779837179
|switch|p1a: Gliscor|Gliscor, F|14/100 tox
|turn|12
|
|t:|1779837182
|move|p2a: Serperior|Dragon Pulse|p1a: Gliscor
|-damage|p1a: Gliscor|0 fnt
|faint|p1a: Gliscor
|
|-heal|p2a: Serperior|53/100|[from] item: Leftovers
|upkeep
|
|t:|1779837188
|switch|p1a: Blissey|Blissey, F|14/100
|turn|13
|
|t:|1779837194
|move|p2a: Serperior|Dragon Pulse|p1a: Blissey
|-damage|p1a: Blissey|0 fnt
|faint|p1a: Blissey
|
|win|Shubway
|raw|claudechamp's rating: 1280 &rarr; <strong>1257</strong><br />(-23 for losing)
|raw|Shubway's rating: 1306 &rarr; <strong>1325</strong><br />(+19 for winning)
|c|☆claudechamp|gg
|l|☆Shubway
|player|p2|
