|j|☆pigperfect9831
|j|☆esta man oe
|t:|1779895077
|gametype|singles
|player|p1|pigperfect9831|workerice|1444
|player|p2|esta man oe|preschooler|1480
|gen|9
|tier|[Gen 9] OU
|rated|
|rule|HP Percentage Mod: HP is shown in percentages
|rule|Endless Battle Clause: Forcing endless battles is banned
|rule|Species Clause: Limit one of each Pokémon
|rule|OHKO Clause: OHKO moves are banned
|rule|Evasion Items Clause: Evasion items are banned
|rule|Evasion Moves Clause: Evasion moves are banned
|rule|Evasion Abilities Clause: Evasion abilities are banned
|rule|Sleep Moves Clause: Sleep-inducing moves are banned
|clearpoke
|poke|p1|Great Tusk|
|poke|p1|Hatterene, F|
|poke|p1|Lurantis, F|
|poke|p1|Ninetales, F|
|poke|p1|Slither Wing|
|poke|p1|Walking Wake|
|poke|p2|Torkoal, M|
|poke|p2|Pelipper, M|
|poke|p2|Walking Wake|
|poke|p2|Hatterene, F|
|poke|p2|Raging Bolt|
|poke|p2|Alomomola, F|
|teampreview
|inactive|Battle timer is ON: inactive players will automatically lose when time's up. (requested by esta man oe)
|
|t:|1779895093
|teamsize|p1|6
|teamsize|p2|6
|start
|switch|p1a: Ninetales|Ninetales, F|100/100
|switch|p2a: Raging Bolt|Raging Bolt|100/100
|-weather|SunnyDay|[from] ability: Drought|[of] p1a: Ninetales
|-activate|p2a: Raging Bolt|ability: Protosynthesis
|-start|p2a: Raging Bolt|protosynthesisspa
|turn|1
|
|t:|1779895097
|switch|p1a: Hatterene|Hatterene, F|100/100
|move|p2a: Raging Bolt|Draco Meteor|p1a: Hatterene
|-immune|p1a: Hatterene
|
|-weather|SunnyDay|[upkeep]
|upkeep
|turn|2
|
|t:|1779895103
|-end|p2a: Raging Bolt|Protosynthesis|[silent]
|switch|p2a: Hatterene|Hatterene, F, shiny|100/100
|move|p1a: Hatterene|Psychic Noise|p2a: Hatterene
|-resisted|p2a: Hatterene
|-damage|p2a: Hatterene|84/100
|-start|p2a: Hatterene|move: Heal Block
|-enditem|p2a: Hatterene|Eject Button
|
|t:|1779895107
|switch|p2a: Walking Wake|Walking Wake|100/100
|-activate|p2a: Walking Wake|ability: Protosynthesis
|-start|p2a: Walking Wake|protosynthesisspa
|
|-weather|SunnyDay|[upkeep]
|upkeep
|turn|3
|
|t:|1779895117
|switch|p1a: Lurantis|Lurantis, F|100/100
|-terastallize|p2a: Walking Wake|Water
|move|p2a: Walking Wake|Hydro Steam|p1a: Lurantis
|-resisted|p1a: Lurantis
|-damage|p1a: Lurantis|60/100
|
|-weather|SunnyDay|[upkeep]
|upkeep
|turn|4
|
|t:|1779895125
|-end|p2a: Walking Wake|Protosynthesis|[silent]
|switch|p2a: Torkoal|Torkoal, M|100/100
|move|p1a: Lurantis|Giga Drain|p2a: Torkoal
|-resisted|p2a: Torkoal
|-damage|p2a: Torkoal|85/100
|-heal|p1a: Lurantis|67/100|[from] drain|[of] p2a: Torkoal
|
|-weather|SunnyDay|[upkeep]
|upkeep
|turn|5
|
|t:|1779895132
|switch|p1a: Hatterene|Hatterene, F|100/100
|move|p2a: Torkoal|Will-O-Wisp|p1a: Hatterene
|move|p1a: Hatterene|Will-O-Wisp|p2a: Torkoal|[from] ability: Magic Bounce
|-immune|p2a: Torkoal
|
|-weather|SunnyDay|[upkeep]
|upkeep
|turn|6
|
|t:|1779895135
|switch|p2a: Pelipper|Pelipper, M|100/100
|-weather|RainDance|[from] ability: Drizzle|[of] p2a: Pelipper
|move|p1a: Hatterene|Calm Mind|p1a: Hatterene
|-boost|p1a: Hatterene|spa|1
|-boost|p1a: Hatterene|spd|1
|
|-weather|RainDance|[upkeep]
|upkeep
|turn|7
|
|t:|1779895138
|switch|p2a: Walking Wake|Walking Wake, tera:Water|100/100
|move|p1a: Hatterene|Psychic Noise|p2a: Walking Wake
|-damage|p2a: Walking Wake|39/100
|-start|p2a: Walking Wake|move: Heal Block
|
|-weather|RainDance|[upkeep]
|upkeep
|turn|8
|
|t:|1779895143
|move|p2a: Walking Wake|Hydro Steam|p1a: Hatterene
|-damage|p1a: Hatterene|21/100
|-enditem|p1a: Hatterene|Eject Button
|
|t:|1779895146
|switch|p1a: Ninetales|Ninetales, F|100/100
|-weather|SunnyDay|[from] ability: Drought|[of] p1a: Ninetales
|-activate|p2a: Walking Wake|ability: Protosynthesis
|-start|p2a: Walking Wake|protosynthesisspa
|
|-weather|SunnyDay|[upkeep]
|-end|p2a: Walking Wake|move: Heal Block
|upkeep
|turn|9
|
|t:|1779895150
|switch|p1a: Walking Wake|Walking Wake|100/100
|-activate|p1a: Walking Wake|ability: Protosynthesis
|-start|p1a: Walking Wake|protosynthesisspe
|move|p2a: Walking Wake|Hydro Steam|p1a: Walking Wake
|-resisted|p1a: Walking Wake
|-damage|p1a: Walking Wake|54/100
|
|-weather|SunnyDay|[upkeep]
|upkeep
|turn|10
|
|t:|1779895156
|-end|p2a: Walking Wake|Protosynthesis|[silent]
|switch|p2a: Alomomola|Alomomola, F|100/100
|move|p1a: Walking Wake|Hydro Steam|p2a: Alomomola
|-resisted|p2a: Alomomola
|-damage|p2a: Alomomola|69/100
|
|-weather|SunnyDay|[upkeep]
|upkeep
|turn|11
|
|t:|1779895161
|-end|p1a: Walking Wake|Protosynthesis|[silent]
|switch|p1a: Slither Wing|Slither Wing|100/100
|-activate|p1a: Slither Wing|ability: Protosynthesis
|-start|p1a: Slither Wing|protosynthesisatk
|move|p2a: Alomomola|Flip Turn|p1a: Slither Wing
|-damage|p1a: Slither Wing|93/100
|-damage|p2a: Alomomola|52/100|[from] item: Rocky Helmet|[of] p1a: Slither Wing
|
|t:|1779895164
|switch|p2a: Pelipper|Pelipper, M|100/100|[from] Flip Turn
|-weather|RainDance|[from] ability: Drizzle|[of] p2a: Pelipper
|-end|p1a: Slither Wing|Protosynthesis
|
|-weather|RainDance|[upkeep]
|upkeep
|turn|12
|
|t:|1779895166
|move|p1a: Slither Wing|U-turn|p2a: Pelipper
|-resisted|p2a: Pelipper
|-damage|p2a: Pelipper|86/100
|
|t:|1779895168
|-end|p1a: Slither Wing|Protosynthesis|[silent]
|switch|p1a: Ninetales|Ninetales, F|100/100|[from] U-turn
|-weather|SunnyDay|[from] ability: Drought|[of] p1a: Ninetales
|move|p2a: Pelipper|U-turn|p1a: Ninetales
|-resisted|p1a: Ninetales
|-damage|p1a: Ninetales|95/100
|
|t:|1779895172
|switch|p2a: Walking Wake|Walking Wake, tera:Water|39/100|[from] U-turn
|-activate|p2a: Walking Wake|ability: Protosynthesis
|-start|p2a: Walking Wake|protosynthesisspa
|
|-weather|SunnyDay|[upkeep]
|upkeep
|turn|13
|
|t:|1779895196
|switch|p1a: Hatterene|Hatterene, F|21/100
|move|p2a: Walking Wake|Hydro Steam|p1a: Hatterene
|-damage|p1a: Hatterene|0 fnt
|faint|p1a: Hatterene
|
|-weather|SunnyDay|[upkeep]
|upkeep
|
|t:|1779895201
|switch|p1a: Lurantis|Lurantis, F|67/100
|turn|14
|
|t:|1779895206
|-end|p2a: Walking Wake|Protosynthesis|[silent]
|switch|p2a: Torkoal|Torkoal, M|85/100
|move|p1a: Lurantis|Leaf Storm|p2a: Torkoal
|-resisted|p2a: Torkoal
|-damage|p2a: Torkoal|62/100
|-boost|p1a: Lurantis|spa|2
|
|-weather|SunnyDay|[upkeep]
|upkeep
|turn|15
|
|t:|1779895219
|move|p1a: Lurantis|Giga Drain|p2a: Torkoal
|-resisted|p2a: Torkoal
|-damage|p2a: Torkoal|32/100
|-heal|p1a: Lurantis|82/100|[from] drain|[of] p2a: Torkoal
|move|p2a: Torkoal|Stealth Rock|p1a: Lurantis
|-sidestart|p1: pigperfect9831|move: Stealth Rock
|
|-weather|SunnyDay|[upkeep]
|upkeep
|turn|16
|
|t:|1779895226
|move|p1a: Lurantis|Leaf Storm|p2a: Torkoal
|-resisted|p2a: Torkoal
|-damage|p2a: Torkoal|0 fnt
|-boost|p1a: Lurantis|spa|2
|faint|p2a: Torkoal
|
|-weather|SunnyDay|[upkeep]
|upkeep
|
|t:|1779895231
|switch|p2a: Pelipper|Pelipper, M|86/100
|-weather|RainDance|[from] ability: Drizzle|[of] p2a: Pelipper
|turn|17
|
|t:|1779895236
|switch|p2a: Hatterene|Hatterene, F, shiny|84/100
|move|p1a: Lurantis|Giga Drain|p2a: Hatterene
|-damage|p2a: Hatterene|21/100
|-heal|p1a: Lurantis|100/100|[from] drain|[of] p2a: Hatterene
|
|-weather|RainDance|[upkeep]
|upkeep
|turn|18
|
|t:|1779895238
|move|p1a: Lurantis|Giga Drain|p2a: Hatterene
|-damage|p2a: Hatterene|0 fnt
|faint|p2a: Hatterene
|
|-weather|RainDance|[upkeep]
|upkeep
|
|t:|1779895240
|switch|p2a: Walking Wake|Walking Wake, tera:Water|39/100
|turn|19
|
|t:|1779895243
|move|p2a: Walking Wake|Draco Meteor|p1a: Lurantis
|-damage|p1a: Lurantis|42/100
|-unboost|p2a: Walking Wake|spa|2
|move|p1a: Lurantis|Giga Drain|p2a: Walking Wake
|-supereffective|p2a: Walking Wake
|-damage|p2a: Walking Wake|0 fnt
|-heal|p1a: Lurantis|61/100|[from] drain|[of] p2a: Walking Wake
|faint|p2a: Walking Wake
|-end|p2a: Walking Wake|Protosynthesis|[silent]
|
|-weather|RainDance|[upkeep]
|upkeep
|
|t:|1779895245
|switch|p2a: Raging Bolt|Raging Bolt|100/100
|turn|20
|
|t:|1779895250
|move|p2a: Raging Bolt|Draco Meteor|p1a: Lurantis
|-damage|p1a: Lurantis|21/100
|-unboost|p2a: Raging Bolt|spa|2
|move|p1a: Lurantis|Giga Drain|p2a: Raging Bolt
|-resisted|p2a: Raging Bolt
|-damage|p2a: Raging Bolt|73/100
|-heal|p1a: Lurantis|38/100|[from] drain|[of] p2a: Raging Bolt
|
|-weather|RainDance|[upkeep]
|upkeep
|turn|21
|-message|esta man oe forfeited.
|
|win|pigperfect9831
|raw|pigperfect9831's rating: 1444 &rarr; <strong>1466</strong><br />(+22 for winning)
|raw|esta man oe's rating: 1480 &rarr; <strong>1458</strong><br />(-22 for losing)
|l|☆esta man oe
|player|p2|
|c|☆pigperfect9831|gg
|l|☆pigperfect9831
|player|p1|
