|j|☆tdm32
|j|☆xavier_4ster
|t:|1779914600
|gametype|singles
|player|p1|tdm32|265|1303
|player|p2|xavier_4ster|lusamine-nihilego|1292
|gen|9
|tier|[Gen 9] OU
|rated|
|rule|HP Percentage Mod: HP is shown in percentages
|rule|Endless Battle Clause: Forcing endless battles is banned
|rule|Species Clause: Limit one of each Pokémon
|rule|OHKO Clause: OHKO moves are banned
|rule|Evasion Items Clause: Evasion items are banned
|rule|Evasion Moves Clause: Evasion moves are banned
|rule|Evasion Abilities Clause: Evasion abilities are banned
|rule|Sleep Moves Clause: Sleep-inducing moves are banned
|clearpoke
|poke|p1|Dragonite, M|
|poke|p1|Great Tusk|
|poke|p1|Gholdengo|
|poke|p1|Iron Valiant|
|poke|p1|Kingambit, F|
|poke|p1|Samurott-Hisui, M|
|poke|p2|Serperior, M|
|poke|p2|Weavile, F|
|poke|p2|Iron Crown|
|poke|p2|Great Tusk|
|poke|p2|Skeledirge, M|
|poke|p2|Spidops, M|
|teampreview
|inactive|Battle timer is ON: inactive players will automatically lose when time's up. (requested by xavier_4ster)
|
|t:|1779914626
|teamsize|p1|6
|teamsize|p2|6
|start
|switch|p1a: Samurott|Samurott-Hisui, M|100/100
|switch|p2a: Spidops|Spidops, M|100/100
|turn|1
|
|t:|1779914635
|move|p1a: Samurott|Ceaseless Edge|p2a: Spidops
|-damage|p2a: Spidops|58/100
|-sidestart|p2: xavier_4ster|Spikes
|move|p2a: Spidops|Sticky Web|p1a: Samurott
|-sidestart|p1: tdm32|move: Sticky Web
|
|upkeep
|turn|2
|
|t:|1779914644
|move|p1a: Samurott|Ceaseless Edge|p2a: Spidops
|-damage|p2a: Spidops|9/100
|-sidestart|p2: xavier_4ster|Spikes
|move|p2a: Spidops|Toxic Spikes|p1a: Samurott
|-sidestart|p1: tdm32|move: Toxic Spikes
|
|upkeep
|turn|3
|
|t:|1779914649
|move|p1a: Samurott|Ceaseless Edge|p2a: Spidops
|-damage|p2a: Spidops|0 fnt
|-sidestart|p2: xavier_4ster|Spikes
|faint|p2a: Spidops
|
|upkeep
|
|t:|1779914653
|switch|p2a: I no no wanna :(|Great Tusk|100/100
|-damage|p2a: I no no wanna :(|76/100|[from] Spikes
|-enditem|p2a: I no no wanna :(|Booster Energy
|-activate|p2a: I no no wanna :(|ability: Protosynthesis|[fromitem]
|-start|p2a: I no no wanna :(|protosynthesisatk
|turn|4
|
|t:|1779914657
|move|p2a: I no no wanna :(|Headlong Rush|p1a: Samurott
|-damage|p1a: Samurott|5/100
|-unboost|p2a: I no no wanna :(|def|1
|-unboost|p2a: I no no wanna :(|spd|1
|move|p1a: Samurott|Flip Turn|p2a: I no no wanna :(
|-supereffective|p2a: I no no wanna :(
|-damage|p2a: I no no wanna :(|22/100
|
|t:|1779914664
|switch|p1a: Great Tusk|Great Tusk|100/100|[from] Flip Turn
|-activate|p1a: Great Tusk|move: Sticky Web
|-unboost|p1a: Great Tusk|spe|1
|-status|p1a: Great Tusk|psn
|
|-damage|p1a: Great Tusk|88/100 psn|[from] psn
|upkeep
|turn|5
|
|t:|1779914671
|move|p2a: I no no wanna :(|Rapid Spin|p1a: Great Tusk
|-damage|p1a: Great Tusk|72/100 psn
|-boost|p2a: I no no wanna :(|spe|1
|-damage|p2a: I no no wanna :(|6/100|[from] item: Rocky Helmet|[of] p1a: Great Tusk
|-sideend|p2: xavier_4ster|Spikes|[from] move: Rapid Spin|[of] p2a: I no no wanna :(
|move|p1a: Great Tusk|Rapid Spin|p2a: I no no wanna :(
|-damage|p2a: I no no wanna :(|0 fnt
|-boost|p1a: Great Tusk|spe|1
|-sideend|p1: tdm32|Toxic Spikes|[from] move: Rapid Spin|[of] p1a: Great Tusk
|-sideend|p1: tdm32|Sticky Web|[from] move: Rapid Spin|[of] p1a: Great Tusk
|faint|p2a: I no no wanna :(
|-end|p2a: I no no wanna :(|Protosynthesis|[silent]
|
|-damage|p1a: Great Tusk|59/100 psn|[from] psn
|upkeep
|
|t:|1779914676
|switch|p2a: Let me cook|Serperior, M|100/100
|turn|6
|
|t:|1779914694
|move|p2a: Let me cook|Substitute|p2a: Let me cook
|-start|p2a: Let me cook|Substitute
|-damage|p2a: Let me cook|75/100
|move|p1a: Great Tusk|Ice Spinner|p2a: Let me cook
|-supereffective|p2a: Let me cook
|-end|p2a: Let me cook|Substitute
|
|-heal|p2a: Let me cook|82/100|[from] item: Leftovers
|-damage|p1a: Great Tusk|47/100 psn|[from] psn
|upkeep
|turn|7
|
|t:|1779914701
|-end|p1a: Great Tusk|Protosynthesis|[silent]
|switch|p1a: Dragonite|Dragonite, M|100/100
|move|p2a: Let me cook|Leaf Storm|p1a: Dragonite
|-resisted|p1a: Dragonite
|-damage|p1a: Dragonite|95/100
|-boost|p2a: Let me cook|spa|2
|
|-heal|p2a: Let me cook|88/100|[from] item: Leftovers
|upkeep
|turn|8
|
|t:|1779914712
|move|p2a: Let me cook|Glare|p1a: Dragonite
|-status|p1a: Dragonite|par
|move|p1a: Dragonite|Fire Punch|p2a: Let me cook
|-supereffective|p2a: Let me cook
|-damage|p2a: Let me cook|15/100
|
|-heal|p2a: Let me cook|21/100|[from] item: Leftovers
|upkeep
|turn|9
|
|t:|1779914723
|move|p1a: Dragonite|Extreme Speed|p2a: Let me cook
|-damage|p2a: Let me cook|0 fnt
|faint|p2a: Let me cook
|
|upkeep
|
|t:|1779914725
|switch|p2a: Please dont sweep|Weavile, F|100/100
|-ability|p2a: Please dont sweep|Pressure
|turn|10
|
|t:|1779914732
|switch|p1a: Kingambit|Kingambit, F|100/100
|-terastallize|p2a: Please dont sweep|Ice
|move|p2a: Please dont sweep|Triple Axel|p1a: Kingambit
|-resisted|p1a: Kingambit
|-damage|p1a: Kingambit|95/100
|-resisted|p1a: Kingambit
|-damage|p1a: Kingambit|82/100
|-hitcount|p1a: Kingambit|2
|
|-heal|p1a: Kingambit|88/100|[from] item: Leftovers
|upkeep
|turn|11
|
|t:|1779914752
|switch|p2a: Skeledirge|Skeledirge, M|100/100
|move|p1a: Kingambit|Kowtow Cleave|p2a: Skeledirge
|-supereffective|p2a: Skeledirge
|-damage|p2a: Skeledirge|0 fnt
|faint|p2a: Skeledirge
|
|-heal|p1a: Kingambit|95/100|[from] item: Leftovers
|upkeep
|-message|xavier_4ster forfeited.
|
|win|tdm32
|raw|tdm32's rating: 1303 &rarr; <strong>1322</strong><br />(+19 for winning)
|raw|xavier_4ster's rating: 1292 &rarr; <strong>1268</strong><br />(-24 for losing)
|l|☆tdm32
|player|p1|
|l|☆xavier_4ster
|player|p2|
