|j|☆Psyduck is stupid
|j|☆gooseyj
|t:|1779897802
|gametype|singles
|player|p1|Psyduck is stupid|101|1223
|player|p2|gooseyj|iris-gen5bw2|1258
|gen|9
|tier|[Gen 9] OU
|rated|
|rule|HP Percentage Mod: HP is shown in percentages
|rule|Endless Battle Clause: Forcing endless battles is banned
|rule|Species Clause: Limit one of each Pokémon
|rule|OHKO Clause: OHKO moves are banned
|rule|Evasion Items Clause: Evasion items are banned
|rule|Evasion Moves Clause: Evasion moves are banned
|rule|Evasion Abilities Clause: Evasion abilities are banned
|rule|Sleep Moves Clause: Sleep-inducing moves are banned
|clearpoke
|poke|p1|Garganacl, M|
|poke|p1|Slowking-Galar, M|
|poke|p1|Porygon2|
|poke|p1|Clefable, F|
|poke|p1|Torkoal, F|
|poke|p1|Trevenant, M|
|poke|p2|Ribombee, M|
|poke|p2|Gholdengo|
|poke|p2|Cinderace, M|
|poke|p2|Great Tusk|
|poke|p2|Kyurem|
|poke|p2|Darkrai|
|teampreview
|inactive|Battle timer is ON: inactive players will automatically lose when time's up. (requested by gooseyj)
|
|t:|1779897828
|teamsize|p1|6
|teamsize|p2|6
|start
|switch|p1a: Rock|Garganacl, M|100/100
|switch|p2a: Ribombee|Ribombee, M|100/100
|turn|1
|
|t:|1779897836
|move|p2a: Ribombee|Sticky Web|p1a: Rock
|-sidestart|p1: Psyduck is stupid|move: Sticky Web
|move|p1a: Rock|Heavy Slam|p2a: Ribombee
|-supereffective|p2a: Ribombee
|-enditem|p2a: Ribombee|Focus Sash
|-damage|p2a: Ribombee|1/100
|
|upkeep
|turn|2
|
|t:|1779897857
|move|p2a: Ribombee|Moonblast|p1a: Rock
|-damage|p1a: Rock|50/100
|move|p1a: Rock|Earthquake|p2a: Ribombee
|-resisted|p2a: Ribombee
|-crit|p2a: Ribombee
|-damage|p2a: Ribombee|0 fnt
|faint|p2a: Ribombee
|
|upkeep
|
|t:|1779897864
|switch|p2a: Kyurem|Kyurem|100/100
|-ability|p2a: Kyurem|Pressure
|turn|3
|
|t:|1779897875
|switch|p1a: Psyduck Gigamax|Porygon2|100/100
|-activate|p1a: Psyduck Gigamax|move: Sticky Web
|-unboost|p1a: Psyduck Gigamax|spe|1
|-ability|p1a: Psyduck Gigamax|Download|boost
|-boost|p1a: Psyduck Gigamax|spa|1
|move|p2a: Kyurem|Ice Beam|p1a: Psyduck Gigamax
|-crit|p1a: Psyduck Gigamax
|-damage|p1a: Psyduck Gigamax|27/100
|
|upkeep
|turn|4
|
|t:|1779897884
|move|p2a: Kyurem|Ice Beam|p1a: Psyduck Gigamax
|-damage|p1a: Psyduck Gigamax|0 fnt
|faint|p1a: Psyduck Gigamax
|
|upkeep
|
|t:|1779897888
|switch|p1a: Fat pink Pikachu|Clefable, F|100/100
|-activate|p1a: Fat pink Pikachu|move: Sticky Web
|-unboost|p1a: Fat pink Pikachu|spe|1
|turn|5
|
|t:|1779897907
|-terastallize|p2a: Kyurem|Ice
|move|p2a: Kyurem|Ice Beam|p1a: Fat pink Pikachu
|-damage|p1a: Fat pink Pikachu|0 fnt
|faint|p1a: Fat pink Pikachu
|
|upkeep
|
|t:|1779897927
|switch|p1a: Clefable with hat|Slowking-Galar, M|100/100
|-activate|p1a: Clefable with hat|move: Sticky Web
|-unboost|p1a: Clefable with hat|spe|1
|turn|6
|c|☆gooseyj|these names are peak btw
|
|t:|1779897943
|move|p2a: Kyurem|Ice Beam|p1a: Clefable with hat
|-damage|p1a: Clefable with hat|31/100
|move|p1a: Clefable with hat|Trick Room|p1a: Clefable with hat
|-fieldstart|move: Trick Room|[of] p1a: Clefable with hat
|
|upkeep
|turn|7
|c|☆Psyduck is stupid|clefable with hat
|
|t:|1779897956
|switch|p2a: Darkrai|Darkrai|100/100
|move|p1a: Clefable with hat|Flamethrower|p2a: Darkrai
|-damage|p2a: Darkrai|45/100
|-status|p2a: Darkrai|brn
|-damage|p1a: Clefable with hat|22/100|[from] item: Life Orb
|
|-heal|p2a: Darkrai|51/100 brn|[from] item: Leftovers
|-damage|p2a: Darkrai|45/100 brn|[from] brn
|upkeep
|turn|8
|
|t:|1779897963
|move|p1a: Clefable with hat|Flamethrower|p2a: Darkrai
|-damage|p2a: Darkrai|0 fnt
|faint|p2a: Darkrai
|-damage|p1a: Clefable with hat|12/100|[from] item: Life Orb
|
|upkeep
|
|t:|1779897970
|switch|p2a: Cinderace|Cinderace, M|100/100
|turn|9
|
|t:|1779897977
|switch|p1a: Rock|Garganacl, M|50/100
|-activate|p1a: Rock|move: Sticky Web
|-unboost|p1a: Rock|spe|1
|move|p2a: Cinderace|Sucker Punch||[still]
|-fail|p2a: Cinderace
|
|upkeep
|turn|10
|
|t:|1779897989
|-terastallize|p1a: Rock|Fire
|move|p1a: Rock|Stone Edge|p2a: Cinderace|[miss]
|-miss|p1a: Rock|p2a: Cinderace
|move|p2a: Cinderace|High Jump Kick|p1a: Rock
|-start|p2a: Cinderace|typechange|Fighting|[from] ability: Libero
|-damage|p1a: Rock|8/100
|
|-fieldend|move: Trick Room
|upkeep
|turn|11
|-enditem|p1a: Rock|Custap Berry|[eat]
|-activate|p1a: Rock|item: Custap Berry|[consumed]
|
|t:|1779897998
|move|p1a: Rock|Explosion|p2a: Cinderace
|-damage|p2a: Cinderace|0 fnt
|faint|p1a: Rock
|faint|p2a: Cinderace
|
|upkeep
|c|☆gooseyj|what is this team gang 😭
|c|☆gooseyj|i’m crine
|
|t:|1779898022
|switch|p2a: Kyurem|Kyurem, tera:Ice|100/100
|switch|p1a: Tree with feet|Trevenant, M|100/100
|-ability|p2a: Kyurem|Pressure
|-activate|p1a: Tree with feet|move: Sticky Web
|-unboost|p1a: Tree with feet|spe|1
|turn|12
|c|☆Psyduck is stupid|i lost
|
|t:|1779898040
|move|p1a: Tree with feet|Sucker Punch|p2a: Kyurem
|-damage|p2a: Kyurem|73/100
|-damage|p1a: Tree with feet|91/100|[from] item: Life Orb
|move|p2a: Kyurem|Ice Beam|p1a: Tree with feet
|-supereffective|p1a: Tree with feet
|-damage|p1a: Tree with feet|0 fnt
|faint|p1a: Tree with feet
|
|upkeep
|c|☆gooseyj|perchance
|
|t:|1779898045
|switch|p1a: Useless turtle|Torkoal, F|100/100
|-activate|p1a: Useless turtle|move: Sticky Web
|-unboost|p1a: Useless turtle|spe|1
|-weather|SunnyDay|[from] ability: Drought|[of] p1a: Useless turtle
|turn|13
|
|t:|1779898052
|move|p2a: Kyurem|Ice Beam|p1a: Useless turtle
|-resisted|p1a: Useless turtle
|-damage|p1a: Useless turtle|38/100
|move|p1a: Useless turtle|Flamethrower|p2a: Kyurem
|-supereffective|p2a: Kyurem
|-damage|p2a: Kyurem|0 fnt
|faint|p2a: Kyurem
|-damage|p1a: Useless turtle|28/100|[from] item: Life Orb
|
|-weather|SunnyDay|[upkeep]
|upkeep
|
|t:|1779898058
|switch|p2a: Great Tusk|Great Tusk|100/100
|-activate|p2a: Great Tusk|ability: Protosynthesis
|-start|p2a: Great Tusk|protosynthesisspe
|turn|14
|
|t:|1779898062
|move|p2a: Great Tusk|Headlong Rush|p1a: Useless turtle
|-supereffective|p1a: Useless turtle
|-damage|p1a: Useless turtle|0 fnt
|-unboost|p2a: Great Tusk|def|1
|-unboost|p2a: Great Tusk|spd|1
|faint|p1a: Useless turtle
|
|-weather|SunnyDay|[upkeep]
|upkeep
|
|t:|1779898064
|switch|p1a: Clefable with hat|Slowking-Galar, M|45/100
|-activate|p1a: Clefable with hat|move: Sticky Web
|-unboost|p1a: Clefable with hat|spe|1
|turn|15
|
|t:|1779898067
|move|p2a: Great Tusk|Headlong Rush|p1a: Clefable with hat
|-supereffective|p1a: Clefable with hat
|-damage|p1a: Clefable with hat|0 fnt
|-unboost|p2a: Great Tusk|def|1
|-unboost|p2a: Great Tusk|spd|1
|faint|p1a: Clefable with hat
|
|win|gooseyj
|raw|Psyduck is stupid's rating: 1223 &rarr; <strong>1201</strong><br />(-22 for losing)
|raw|gooseyj's rating: 1258 &rarr; <strong>1280</strong><br />(+22 for winning)
|c|☆Psyduck is stupid|gg
|l|☆Psyduck is stupid
|player|p1|
|c|☆gooseyj|ggs
