|j|☆El fundador
|j|☆Ark az45
|t:|1779822212
|gametype|singles
|player|p1|El fundador|rood|1062
|player|p2|Ark az45|265|1063
|gen|9
|tier|[Gen 9] OU
|rated|
|rule|HP Percentage Mod: HP is shown in percentages
|rule|Endless Battle Clause: Forcing endless battles is banned
|rule|Species Clause: Limit one of each Pokémon
|rule|OHKO Clause: OHKO moves are banned
|rule|Evasion Items Clause: Evasion items are banned
|rule|Evasion Moves Clause: Evasion moves are banned
|rule|Evasion Abilities Clause: Evasion abilities are banned
|rule|Sleep Moves Clause: Sleep-inducing moves are banned
|clearpoke
|poke|p1|Weezing-Galar, M|
|poke|p1|Gliscor, M|
|poke|p1|Blissey, F|
|poke|p1|Corviknight, F|
|poke|p1|Dondozo, M|
|poke|p1|Toxapex, M|
|poke|p2|Qwilfish-Hisui, M|
|poke|p2|Iron Treads|
|poke|p2|Dragapult, M|
|poke|p2|Enamorus, F|
|poke|p2|Ogerpon-Wellspring, F|
|poke|p2|Gholdengo|
|teampreview
|inactive|Battle timer is ON: inactive players will automatically lose when time's up. (requested by El fundador)
|
|t:|1779822228
|teamsize|p1|6
|teamsize|p2|6
|start
|switch|p1a: Gliscor|Gliscor, M, shiny|100/100
|switch|p2a: Qwilfish|Qwilfish-Hisui, M, shiny|100/100
|-ability|p2a: Qwilfish|Intimidate|boost
|-unboost|p1a: Gliscor|atk|1
|turn|1
|
|t:|1779822244
|switch|p2a: Enamorus|Enamorus, F|100/100
|move|p1a: Gliscor|Earthquake|p2a: Enamorus
|-immune|p2a: Enamorus
|
|-status|p1a: Gliscor|tox|[from] item: Toxic Orb
|upkeep
|turn|2
|
|t:|1779822261
|switch|p2a: Gholdengo|Gholdengo|100/100
|switch|p1a: Toxapex|Toxapex, M, shiny|100/100
|
|upkeep
|turn|3
|
|t:|1779822277
|switch|p1a: Blissey|Blissey, F|100/100
|move|p2a: Gholdengo|Trick|p1a: Blissey
|-activate|p2a: Gholdengo|move: Trick|[of] p1a: Blissey
|-item|p1a: Blissey|Choice Scarf|[from] move: Trick
|-item|p2a: Gholdengo|Leftovers|[from] move: Trick
|
|upkeep
|turn|4
|
|t:|1779822290
|switch|p2a: Ogerpon|Ogerpon-Wellspring, F|100/100
|move|p1a: Blissey|Stealth Rock|p2a: Ogerpon
|-sidestart|p2: Ark az45|move: Stealth Rock
|
|upkeep
|turn|5
|
|t:|1779822297
|switch|p1a: Corviknight|Corviknight, F, shiny|100/100
|-ability|p1a: Corviknight|Pressure
|move|p2a: Ogerpon|Knock Off|p1a: Corviknight
|-damage|p1a: Corviknight|74/100
|-enditem|p1a: Corviknight|Leftovers|[from] move: Knock Off|[of] p2a: Ogerpon
|
|upkeep
|turn|6
|
|t:|1779822311
|move|p2a: Ogerpon|Ivy Cudgel|p1a: Corviknight|[anim] Ivy Cudgel Water
|-damage|p1a: Corviknight|39/100
|move|p1a: Corviknight|Iron Defense|p1a: Corviknight
|-boost|p1a: Corviknight|def|2
|
|upkeep
|turn|7
|
|t:|1779822319
|move|p2a: Ogerpon|U-turn|p1a: Corviknight
|-resisted|p1a: Corviknight
|-damage|p1a: Corviknight|36/100
|
|t:|1779822323
|switch|p2a: Gholdengo|Gholdengo|100/100|[from] U-turn
|-damage|p2a: Gholdengo|94/100|[from] Stealth Rock
|move|p1a: Corviknight|Roost|p1a: Corviknight
|-heal|p1a: Corviknight|86/100
|-singleturn|p1a: Corviknight|move: Roost
|
|-heal|p2a: Gholdengo|100/100|[from] item: Leftovers
|upkeep
|turn|8
|
|t:|1779822332
|switch|p1a: Blissey|Blissey, F|100/100
|move|p2a: Gholdengo|Shadow Ball|p1a: Blissey
|-immune|p1a: Blissey
|
|upkeep
|turn|9
|
|t:|1779822341
|switch|p2a: Iron Treads|Iron Treads|100/100
|move|p1a: Blissey|Shadow Ball|p2a: Iron Treads
|-damage|p2a: Iron Treads|82/100
|-unboost|p2a: Iron Treads|spd|1
|
|upkeep
|turn|10
|
|t:|1779822366
|switch|p1a: Corviknight|Corviknight, F, shiny|86/100
|-ability|p1a: Corviknight|Pressure
|move|p2a: Iron Treads|Stealth Rock|p1a: Corviknight
|-sidestart|p1: El fundador|move: Stealth Rock
|
|upkeep
|turn|11
|
|t:|1779822374
|move|p2a: Iron Treads|Volt Switch|p1a: Corviknight
|-supereffective|p1a: Corviknight
|-damage|p1a: Corviknight|64/100
|
|t:|1779822388
|-end|p2a: Iron Treads|Quark Drive|[silent]
|switch|p2a: Gholdengo|Gholdengo|100/100|[from] Volt Switch
|-damage|p2a: Gholdengo|94/100|[from] Stealth Rock
|move|p1a: Corviknight|Body Press|p2a: Gholdengo
|-immune|p2a: Gholdengo
|
|-heal|p2a: Gholdengo|100/100|[from] item: Leftovers
|upkeep
|turn|12
|
|t:|1779822393
|move|p2a: Gholdengo|Focus Blast|p1a: Corviknight
|-damage|p1a: Corviknight|22/100
|move|p1a: Corviknight|Roost|p1a: Corviknight
|-heal|p1a: Corviknight|72/100
|-singleturn|p1a: Corviknight|move: Roost
|
|upkeep
|turn|13
|
|t:|1779822403
|switch|p1a: Weezing|Weezing-Galar, M|100/100
|-ability|p1a: Weezing|Neutralizing Gas
|move|p2a: Gholdengo|Shadow Ball|p1a: Weezing
|-damage|p1a: Weezing|42/100
|
|upkeep
|turn|14
|
|t:|1779822415
|-end|p1a: Weezing|ability: Neutralizing Gas
|switch|p1a: Blissey|Blissey, F|100/100
|-damage|p1a: Blissey|88/100|[from] Stealth Rock
|move|p2a: Gholdengo|Focus Blast|p1a: Blissey|[miss]
|-miss|p2a: Gholdengo|p1a: Blissey
|
|upkeep
|turn|15
|
|t:|1779822426
|switch|p2a: Dragapult|Dragapult, M|100/100
|-damage|p2a: Dragapult|88/100|[from] Stealth Rock
|move|p1a: Blissey|Shadow Ball|p2a: Dragapult
|-supereffective|p2a: Dragapult
|-damage|p2a: Dragapult|51/100
|
|upkeep
|turn|16
|
|t:|1779822437
|move|p2a: Dragapult|Dragon Darts|p1a: Blissey
|-damage|p1a: Blissey|50/100
|-anim|p2a: Dragapult|Dragon Darts|p1a: Blissey
|-damage|p1a: Blissey|13/100
|move|p1a: Blissey|Shadow Ball|p2a: Dragapult
|-supereffective|p2a: Dragapult
|-damage|p2a: Dragapult|14/100
|-unboost|p2a: Dragapult|spd|1
|
|upkeep
|turn|17
|
|t:|1779822450
|switch|p1a: Corviknight|Corviknight, F, shiny|72/100
|-damage|p1a: Corviknight|60/100|[from] Stealth Rock
|-ability|p1a: Corviknight|Pressure
|move|p2a: Dragapult|Dragon Darts|p1a: Corviknight
|-resisted|p1a: Corviknight
|-damage|p1a: Corviknight|48/100
|-anim|p2a: Dragapult|Dragon Darts|p1a: Corviknight
|-resisted|p1a: Corviknight
|-damage|p1a: Corviknight|36/100
|
|upkeep
|turn|18
|
|t:|1779822460
|switch|p2a: Iron Treads|Iron Treads|82/100
|move|p1a: Corviknight|Roost|p1a: Corviknight
|-heal|p1a: Corviknight|86/100
|-singleturn|p1a: Corviknight|move: Roost
|
|upkeep
|turn|19
|
|t:|1779822475
|move|p2a: Iron Treads|Rapid Spin|p1a: Corviknight
|-resisted|p1a: Corviknight
|-damage|p1a: Corviknight|81/100
|-boost|p2a: Iron Treads|spe|1
|-sideend|p2: Ark az45|Stealth Rock|[from] move: Rapid Spin|[of] p2a: Iron Treads
|move|p1a: Corviknight|Body Press|p2a: Iron Treads
|-supereffective|p2a: Iron Treads
|-damage|p2a: Iron Treads|39/100
|
|upkeep
|turn|20
|
|t:|1779822485
|move|p2a: Iron Treads|Volt Switch|p1a: Corviknight
|-supereffective|p1a: Corviknight
|-damage|p1a: Corviknight|57/100
|
|t:|1779822495
|-end|p2a: Iron Treads|Quark Drive|[silent]
|switch|p2a: Enamorus|Enamorus, F|100/100|[from] Volt Switch
|move|p1a: Corviknight|Defog|p2a: Enamorus
|-unboost|p2a: Enamorus|evasion|1
|-sideend|p1: El fundador|Stealth Rock|[from] move: Defog|[of] p1a: Corviknight
|
|upkeep
|turn|21
|
|t:|1779822521
|switch|p1a: Weezing|Weezing-Galar, M|42/100
|-ability|p1a: Weezing|Neutralizing Gas
|move|p2a: Enamorus|Calm Mind|p2a: Enamorus
|-boost|p2a: Enamorus|spa|1
|-boost|p2a: Enamorus|spd|1
|
|upkeep
|turn|22
|
|t:|1779822532
|move|p2a: Enamorus|Earth Power|p1a: Weezing
|-supereffective|p1a: Weezing
|-damage|p1a: Weezing|0 fnt
|faint|p1a: Weezing
|-end|p1a: Weezing|ability: Neutralizing Gas
|
|upkeep
|
|t:|1779822539
|switch|p1a: Toxapex|Toxapex, M, shiny|100/100
|turn|23
|
|t:|1779822543
|move|p2a: Enamorus|Substitute|p2a: Enamorus
|-start|p2a: Enamorus|Substitute
|-damage|p2a: Enamorus|76/100
|move|p1a: Toxapex|Poison Jab|p2a: Enamorus
|-supereffective|p2a: Enamorus
|-end|p2a: Enamorus|Substitute
|
|upkeep
|turn|24
|
|t:|1779822554
|-terastallize|p2a: Enamorus|Ground
|move|p2a: Enamorus|Earth Power|p1a: Toxapex
|-supereffective|p1a: Toxapex
|-damage|p1a: Toxapex|0 fnt
|faint|p1a: Toxapex
|
|upkeep
|
|t:|1779822558
|switch|p1a: Dondozo|Dondozo, M, shiny|100/100
|turn|25
|
|t:|1779822566
|switch|p2a: Qwilfish|Qwilfish-Hisui, M, shiny|100/100
|-ability|p2a: Qwilfish|Intimidate|boost
|-unboost|p1a: Dondozo|atk|1
|move|p1a: Dondozo|Waterfall|p2a: Qwilfish
|-damage|p2a: Qwilfish|86/100
|
|upkeep
|turn|26
|
|t:|1779822577
|move|p2a: Qwilfish|Spikes|p1a: Dondozo
|-sidestart|p1: El fundador|Spikes
|move|p1a: Dondozo|Waterfall|p2a: Qwilfish
|-damage|p2a: Qwilfish|73/100
|
|upkeep
|turn|27
|
|t:|1779822585
|switch|p1a: Corviknight|Corviknight, F, shiny|57/100
|-ability|p1a: Corviknight|Pressure
|move|p2a: Qwilfish|Barb Barrage|p1a: Corviknight
|-immune|p1a: Corviknight
|
|upkeep
|turn|28
|
|t:|1779822593
|move|p2a: Qwilfish|Crunch|p1a: Corviknight
|-damage|p1a: Corviknight|39/100
|move|p1a: Corviknight|Iron Defense|p1a: Corviknight
|-boost|p1a: Corviknight|def|2
|
|upkeep
|turn|29
|
|t:|1779822612
|switch|p2a: Gholdengo|Gholdengo|100/100
|move|p1a: Corviknight|Roost|p1a: Corviknight
|-heal|p1a: Corviknight|89/100
|-singleturn|p1a: Corviknight|move: Roost
|
|upkeep
|turn|30
|
|t:|1779822627
|move|p2a: Gholdengo|Shadow Ball|p1a: Corviknight
|-damage|p1a: Corviknight|45/100
|move|p1a: Corviknight|Defog|p2a: Gholdengo
|-immune|p2a: Gholdengo|[from] ability: Good as Gold
|
|upkeep
|turn|31
|
|t:|1779822633
|switch|p1a: Blissey|Blissey, F|13/100
|-damage|p1a: Blissey|0 fnt|[from] Spikes
|faint|p1a: Blissey
|move|p2a: Gholdengo|Shadow Ball|p1: Blissey|[notarget]
|-fail|p2a: Gholdengo
|
|upkeep
|-message|El fundador forfeited.
|
|win|Ark az45
|raw|El fundador's rating: 1062 &rarr; <strong>1043</strong><br />(-19 for losing)
|raw|Ark az45's rating: 1063 &rarr; <strong>1093</strong><br />(+30 for winning)
|l|☆El fundador
|player|p1|
