|badge|p2|silver|gen9ou|30-9
|badge|p2|bronze|gen9pu|100-9
|uhtml|medal-msg|<div class="broadcast-blue">Curious what those medals under the avatar are? PS now has Ladder Seasons! For more information, check out the <a href="https://www.smogon.com/forums/threads/3740067/">thread on Smogon.</a></div>
|j|☆AnonymousJon
|j|☆Ceo O Wo Chien
|t:|1779920947
|gametype|singles
|player|p1|AnonymousJon|workerice|1750
|player|p2|Ceo O Wo Chien|fisherman-gen4|1867
|gen|9
|tier|[Gen 9] OU
|rated|
|rule|HP Percentage Mod: HP is shown in percentages
|rule|Endless Battle Clause: Forcing endless battles is banned
|rule|Species Clause: Limit one of each Pokémon
|rule|OHKO Clause: OHKO moves are banned
|rule|Evasion Items Clause: Evasion items are banned
|rule|Evasion Moves Clause: Evasion moves are banned
|rule|Evasion Abilities Clause: Evasion abilities are banned
|rule|Sleep Moves Clause: Sleep-inducing moves are banned
|clearpoke
|poke|p1|Great Tusk|
|poke|p1|Ogerpon-Cornerstone, F|
|poke|p1|Rillaboom, F|
|poke|p1|Tyranitar, M|
|poke|p1|Corviknight, F|
|poke|p1|Dragapult, M|
|poke|p2|Wo-Chien|
|poke|p2|Cresselia, F|
|poke|p2|Kingambit, M|
|poke|p2|Raging Bolt|
|poke|p2|Iron Treads|
|poke|p2|Ogerpon-Wellspring, F|
|teampreview
|inactive|Battle timer is ON: inactive players will automatically lose when time's up. (requested by Ceo O Wo Chien)
|inactive|AnonymousJon also wants the timer to be on.
|c|☆Ceo O Wo Chien|hf
|c|☆AnonymousJon|gl hf
|j| MasnaVelcro
|
|t:|1779920968
|teamsize|p1|6
|teamsize|p2|6
|start
|switch|p1a: Great Tusk|Great Tusk|100/100
|switch|p2a: Cresselia|Cresselia, F|100/100
|turn|1
|
|t:|1779920973
|-end|p1a: Great Tusk|Protosynthesis|[silent]
|switch|p1a: Tyranitar|Tyranitar, M|100/100
|-weather|Sandstorm|[from] ability: Sand Stream|[of] p1a: Tyranitar
|move|p2a: Cresselia|Ice Beam|p1a: Tyranitar
|-damage|p1a: Tyranitar|94/100
|
|-weather|Sandstorm|[upkeep]
|-damage|p2a: Cresselia|94/100|[from] Sandstorm
|-heal|p1a: Tyranitar|99/100|[from] item: Leftovers
|upkeep
|turn|2
|
|t:|1779920976
|move|p2a: Cresselia|Thunder Wave|p1a: Tyranitar
|-status|p1a: Tyranitar|par
|move|p1a: Tyranitar|Stealth Rock|p2a: Cresselia
|-sidestart|p2: Ceo O Wo Chien|move: Stealth Rock
|
|-weather|Sandstorm|[upkeep]
|-damage|p2a: Cresselia|88/100|[from] Sandstorm
|-heal|p1a: Tyranitar|100/100 par|[from] item: Leftovers
|upkeep
|turn|3
|
|t:|1779920980
|switch|p2a: Iron Treads|Iron Treads|100/100
|-damage|p2a: Iron Treads|97/100|[from] Stealth Rock
|move|p1a: Tyranitar|Knock Off|p2a: Iron Treads
|-damage|p2a: Iron Treads|65/100
|-enditem|p2a: Iron Treads|Leftovers|[from] move: Knock Off|[of] p1a: Tyranitar
|
|-weather|Sandstorm|[upkeep]
|upkeep
|turn|4
|
|t:|1779920983
|switch|p1a: Great Tusk|Great Tusk|100/100
|move|p2a: Iron Treads|Stealth Rock|p1a: Great Tusk
|-sidestart|p1: AnonymousJon|move: Stealth Rock
|
|-weather|Sandstorm|[upkeep]
|upkeep
|turn|5
|
|t:|1779920985
|-end|p2a: Iron Treads|Quark Drive|[silent]
|switch|p2a: Cresselia|Cresselia, F|88/100
|-damage|p2a: Cresselia|76/100|[from] Stealth Rock
|move|p1a: Great Tusk|Rapid Spin|p2a: Cresselia
|-damage|p2a: Cresselia|67/100
|-boost|p1a: Great Tusk|spe|1
|-damage|p1a: Great Tusk|84/100|[from] item: Rocky Helmet|[of] p2a: Cresselia
|-sideend|p1: AnonymousJon|Stealth Rock|[from] move: Rapid Spin|[of] p1a: Great Tusk
|
|-weather|none
|upkeep
|turn|6
|
|t:|1779920994
|-end|p1a: Great Tusk|Protosynthesis|[silent]
|switch|p1a: Rillaboom|Rillaboom, F|100/100
|-fieldstart|move: Grassy Terrain|[from] ability: Grassy Surge|[of] p1a: Rillaboom
|move|p2a: Cresselia|Ice Beam|p1a: Rillaboom
|-supereffective|p1a: Rillaboom
|-damage|p1a: Rillaboom|58/100
|
|-heal|p1a: Rillaboom|64/100|[from] Grassy Terrain
|upkeep
|turn|7
|
|t:|1779920996
|move|p1a: Rillaboom|U-turn|p2a: Cresselia
|-supereffective|p2a: Cresselia
|-damage|p2a: Cresselia|22/100
|-damage|p1a: Rillaboom|47/100|[from] item: Rocky Helmet|[of] p2a: Cresselia
|
|t:|1779921000
|switch|p1a: Tyranitar|Tyranitar, M|100/100 par|[from] U-turn
|-weather|Sandstorm|[from] ability: Sand Stream|[of] p1a: Tyranitar
|move|p2a: Cresselia|Thunder Wave|p1a: Tyranitar
|-fail|p1a: Tyranitar|par
|
|-weather|Sandstorm|[upkeep]
|-damage|p2a: Cresselia|16/100|[from] Sandstorm
|upkeep
|turn|8
|
|t:|1779921003
|switch|p2a: Iron Treads|Iron Treads|65/100
|-damage|p2a: Iron Treads|62/100|[from] Stealth Rock
|move|p1a: Tyranitar|Knock Off|p2a: Iron Treads
|-damage|p2a: Iron Treads|39/100
|
|-weather|Sandstorm|[upkeep]
|-heal|p2a: Iron Treads|46/100|[from] Grassy Terrain
|upkeep
|turn|9
|
|t:|1779921006
|switch|p1a: Great Tusk|Great Tusk|84/100
|move|p2a: Iron Treads|Knock Off|p1a: Great Tusk
|-resisted|p1a: Great Tusk
|-damage|p1a: Great Tusk|76/100
|-enditem|p1a: Great Tusk|Assault Vest|[from] move: Knock Off|[of] p2a: Iron Treads
|
|-weather|Sandstorm|[upkeep]
|-heal|p2a: Iron Treads|52/100|[from] Grassy Terrain
|-heal|p1a: Great Tusk|83/100|[from] Grassy Terrain
|upkeep
|turn|10
|
|t:|1779921009
|move|p2a: Iron Treads|Rapid Spin|p1a: Great Tusk
|-damage|p1a: Great Tusk|74/100
|-boost|p2a: Iron Treads|spe|1
|-sideend|p2: Ceo O Wo Chien|Stealth Rock|[from] move: Rapid Spin|[of] p2a: Iron Treads
|move|p1a: Great Tusk|Rapid Spin|p2a: Iron Treads
|-resisted|p2a: Iron Treads
|-damage|p2a: Iron Treads|46/100
|-boost|p1a: Great Tusk|spe|1
|
|-weather|Sandstorm|[upkeep]
|-heal|p2a: Iron Treads|52/100|[from] Grassy Terrain
|-heal|p1a: Great Tusk|80/100|[from] Grassy Terrain
|-fieldend|move: Grassy Terrain
|upkeep
|turn|11
|
|t:|1779921021
|-end|p2a: Iron Treads|Quark Drive|[silent]
|switch|p2a: Ogerpon|Ogerpon-Wellspring, F|100/100
|move|p1a: Great Tusk|Headlong Rush|p2a: Ogerpon
|-resisted|p2a: Ogerpon
|-damage|p2a: Ogerpon|72/100
|-unboost|p1a: Great Tusk|def|1
|-unboost|p1a: Great Tusk|spd|1
|
|-weather|none
|upkeep
|turn|12
|
|t:|1779921026
|-end|p1a: Great Tusk|Protosynthesis|[silent]
|switch|p1a: Dragapult|Dragapult, M|100/100
|move|p2a: Ogerpon|Ivy Cudgel|p1a: Dragapult|[anim] Ivy Cudgel Water
|-resisted|p1a: Dragapult
|-damage|p1a: Dragapult|62/100
|
|-heal|p1a: Dragapult|68/100|[from] item: Leftovers
|upkeep
|turn|13
|
|t:|1779921029
|switch|p2a: Escargoat|Wo-Chien|100/100
|-ability|p2a: Escargoat|Tablets of Ruin
|move|p1a: Dragapult|Will-O-Wisp|p2a: Escargoat
|-status|p2a: Escargoat|brn
|
|-heal|p1a: Dragapult|74/100|[from] item: Leftovers
|-damage|p2a: Escargoat|94/100 brn|[from] brn
|upkeep
|turn|14
|j| moodrandom
|
|t:|1779921035
|switch|p1a: Corviknight|Corviknight, F|100/100
|-ability|p1a: Corviknight|Pressure
|move|p2a: Escargoat|Foul Play|p1a: Corviknight
|-damage|p1a: Corviknight|91/100
|-damage|p2a: Escargoat|78/100 brn|[from] item: Rocky Helmet|[of] p1a: Corviknight
|
|-heal|p2a: Escargoat|84/100 brn|[from] item: Leftovers
|-damage|p2a: Escargoat|78/100 brn|[from] brn
|upkeep
|turn|15
|
|t:|1779921037
|move|p2a: Escargoat|Stun Spore|p1a: Corviknight
|-status|p1a: Corviknight|par
|move|p1a: Corviknight|U-turn|p2a: Escargoat
|-supereffective|p2a: Escargoat
|-damage|p2a: Escargoat|48/100 brn
|
|t:|1779921040
|switch|p1a: Tyranitar|Tyranitar, M|100/100 par|[from] U-turn
|-weather|Sandstorm|[from] ability: Sand Stream|[of] p1a: Tyranitar
|
|-weather|Sandstorm|[upkeep]
|-damage|p2a: Escargoat|42/100 brn|[from] Sandstorm
|-heal|p2a: Escargoat|48/100 brn|[from] item: Leftovers
|-damage|p2a: Escargoat|42/100 brn|[from] brn
|upkeep
|turn|16
|
|t:|1779921042
|move|p2a: Escargoat|Leech Seed|p1a: Tyranitar
|-start|p1a: Tyranitar|move: Leech Seed
|move|p1a: Tyranitar|Stealth Rock|p2a: Escargoat
|-sidestart|p2: Ceo O Wo Chien|move: Stealth Rock
|
|-weather|Sandstorm|[upkeep]
|-damage|p2a: Escargoat|36/100 brn|[from] Sandstorm
|-heal|p2a: Escargoat|42/100 brn|[from] item: Leftovers
|-damage|p1a: Tyranitar|88/100 par|[from] Leech Seed|[of] p2a: Escargoat
|-heal|p2a: Escargoat|55/100 brn|[silent]
|-damage|p2a: Escargoat|49/100 brn|[from] brn
|upkeep
|turn|17
|
|t:|1779921046
|switch|p1a: Corviknight|Corviknight, F|91/100 par
|-ability|p1a: Corviknight|Pressure
|move|p2a: Escargoat|Stun Spore|p1a: Corviknight
|-fail|p1a: Corviknight|par
|
|-weather|Sandstorm|[upkeep]
|-damage|p2a: Escargoat|43/100 brn|[from] Sandstorm
|-heal|p2a: Escargoat|49/100 brn|[from] item: Leftovers
|-damage|p2a: Escargoat|43/100 brn|[from] brn
|upkeep
|turn|18
|
|t:|1779921049
|move|p2a: Escargoat|Protect|p2a: Escargoat
|-singleturn|p2a: Escargoat|Protect
|move|p1a: Corviknight|U-turn|p2a: Escargoat
|-activate|p2a: Escargoat|move: Protect
|
|-weather|Sandstorm|[upkeep]
|-damage|p2a: Escargoat|37/100 brn|[from] Sandstorm
|-heal|p2a: Escargoat|43/100 brn|[from] item: Leftovers
|-damage|p2a: Escargoat|37/100 brn|[from] brn
|upkeep
|turn|19
|
|t:|1779921051
|switch|p2a: Iron Treads|Iron Treads|52/100
|-damage|p2a: Iron Treads|49/100|[from] Stealth Rock
|cant|p1a: Corviknight|par
|
|-weather|none
|upkeep
|turn|20
|
|t:|1779921060
|move|p2a: Iron Treads|Stealth Rock|p1a: Corviknight
|-sidestart|p1: AnonymousJon|move: Stealth Rock
|cant|p1a: Corviknight|par
|
|upkeep
|turn|21
|
|t:|1779921063
|move|p2a: Iron Treads|Rapid Spin|p1a: Corviknight
|-resisted|p1a: Corviknight
|-damage|p1a: Corviknight|88/100 par
|-boost|p2a: Iron Treads|spe|1
|-damage|p2a: Iron Treads|32/100|[from] item: Rocky Helmet|[of] p1a: Corviknight
|-sideend|p2: Ceo O Wo Chien|Stealth Rock|[from] move: Rapid Spin|[of] p2a: Iron Treads
|move|p1a: Corviknight|Body Press|p2a: Iron Treads
|-supereffective|p2a: Iron Treads
|-damage|p2a: Iron Treads|0 fnt
|faint|p2a: Iron Treads
|-end|p2a: Iron Treads|Quark Drive|[silent]
|
|upkeep
|
|t:|1779921065
|switch|p2a: Ogerpon|Ogerpon-Wellspring, F|72/100
|turn|22
|
|t:|1779921069
|move|p2a: Ogerpon|Swords Dance|p2a: Ogerpon
|-boost|p2a: Ogerpon|atk|2
|move|p1a: Corviknight|Brave Bird|p2a: Ogerpon
|-supereffective|p2a: Ogerpon
|-damage|p2a: Ogerpon|8/100
|-damage|p1a: Corviknight|68/100 par|[from] Recoil
|
|upkeep
|turn|23
|
|t:|1779921083
|-terastallize|p2a: Ogerpon|Water
|detailschange|p2a: Ogerpon|Ogerpon-Wellspring-Tera, F, tera:Water
|-ability|p2a: Ogerpon|Embody Aspect (Wellspring)|boost
|-boost|p2a: Ogerpon|spd|1
|move|p2a: Ogerpon|Synthesis|p2a: Ogerpon
|-heal|p2a: Ogerpon|58/100
|move|p1a: Corviknight|U-turn|p2a: Ogerpon
|-damage|p2a: Ogerpon|45/100
|
|t:|1779921088
|switch|p1a: Rillaboom|Rillaboom, F|47/100|[from] U-turn
|-damage|p1a: Rillaboom|35/100|[from] Stealth Rock
|-fieldstart|move: Grassy Terrain|[from] ability: Grassy Surge|[of] p1a: Rillaboom
|
|-heal|p2a: Ogerpon|51/100|[from] Grassy Terrain
|-heal|p1a: Rillaboom|41/100|[from] Grassy Terrain
|upkeep
|turn|24
|
|t:|1779921092
|switch|p2a: Escargoat|Wo-Chien|37/100 brn
|-ability|p2a: Escargoat|Tablets of Ruin
|move|p1a: Rillaboom|Grassy Glide|p2a: Escargoat
|-resisted|p2a: Escargoat
|-damage|p2a: Escargoat|21/100 brn
|
|-heal|p1a: Rillaboom|47/100|[from] Grassy Terrain
|-heal|p2a: Escargoat|28/100 brn|[from] Grassy Terrain
|-heal|p2a: Escargoat|34/100 brn|[from] item: Leftovers
|-damage|p2a: Escargoat|28/100 brn|[from] brn
|upkeep
|turn|25
|
|t:|1779921101
|switch|p1a: Great Tusk|Great Tusk|80/100
|-damage|p1a: Great Tusk|77/100|[from] Stealth Rock
|move|p2a: Escargoat|Foul Play|p1a: Great Tusk
|-resisted|p1a: Great Tusk
|-damage|p1a: Great Tusk|70/100
|
|-heal|p1a: Great Tusk|76/100|[from] Grassy Terrain
|-heal|p2a: Escargoat|34/100 brn|[from] Grassy Terrain
|-heal|p2a: Escargoat|40/100 brn|[from] item: Leftovers
|-damage|p2a: Escargoat|34/100 brn|[from] brn
|upkeep
|turn|26
|
|t:|1779921103
|switch|p2a: Ogerpon|Ogerpon-Wellspring-Tera, F, tera:Water|51/100
|-ability|p2a: Ogerpon|Embody Aspect (Wellspring)|boost
|-boost|p2a: Ogerpon|spd|1
|move|p1a: Great Tusk|Rapid Spin|p2a: Ogerpon
|-damage|p2a: Ogerpon|36/100
|-boost|p1a: Great Tusk|spe|1
|-sideend|p1: AnonymousJon|Stealth Rock|[from] move: Rapid Spin|[of] p1a: Great Tusk
|
|-heal|p1a: Great Tusk|82/100|[from] Grassy Terrain
|-heal|p2a: Ogerpon|43/100|[from] Grassy Terrain
|upkeep
|turn|27
|
|t:|1779921106
|switch|p2a: Cresselia|Cresselia, F|16/100
|move|p1a: Great Tusk|Headlong Rush|p2a: Cresselia
|-immune|p2a: Cresselia|[from] ability: Levitate
|
|-heal|p1a: Great Tusk|88/100|[from] Grassy Terrain
|-fieldend|move: Grassy Terrain
|upkeep
|turn|28
|
|t:|1779921108
|move|p1a: Great Tusk|Temper Flare|p2a: Cresselia
|-damage|p2a: Cresselia|0 fnt
|-damage|p1a: Great Tusk|72/100|[from] item: Rocky Helmet|[of] p2a: Cresselia
|faint|p2a: Cresselia
|
|upkeep
|
|t:|1779921113
|switch|p2a: Escargoat|Wo-Chien|34/100 brn
|-ability|p2a: Escargoat|Tablets of Ruin
|turn|29
|c| MasnaVelcro|GO CEO O WO CHIEN IM YOUR BIGGEST FAN
|
|t:|1779921120
|-end|p1a: Great Tusk|Protosynthesis|[silent]
|switch|p1a: Tyranitar|Tyranitar, M|88/100 par
|-weather|Sandstorm|[from] ability: Sand Stream|[of] p1a: Tyranitar
|move|p2a: Escargoat|Stun Spore|p1a: Tyranitar
|-fail|p1a: Tyranitar|par
|
|-weather|Sandstorm|[upkeep]
|-damage|p2a: Escargoat|28/100 brn|[from] Sandstorm
|-heal|p2a: Escargoat|34/100 brn|[from] item: Leftovers
|-heal|p1a: Tyranitar|94/100 par|[from] item: Leftovers
|-damage|p2a: Escargoat|28/100 brn|[from] brn
|upkeep
|turn|30
|c|☆Ceo O Wo Chien|thank you lol
|
|t:|1779921127
|move|p2a: Escargoat|Leech Seed|p1a: Tyranitar
|-start|p1a: Tyranitar|move: Leech Seed
|cant|p1a: Tyranitar|par
|
|-weather|Sandstorm|[upkeep]
|-damage|p2a: Escargoat|21/100 brn|[from] Sandstorm
|-heal|p2a: Escargoat|28/100 brn|[from] item: Leftovers
|-heal|p1a: Tyranitar|100/100 par|[from] item: Leftovers
|-damage|p1a: Tyranitar|88/100 par|[from] Leech Seed|[of] p2a: Escargoat
|-heal|p2a: Escargoat|41/100 brn|[silent]
|-damage|p2a: Escargoat|35/100 brn|[from] brn
|upkeep
|turn|31
|
|t:|1779921130
|switch|p2a: Ogerpon|Ogerpon-Wellspring-Tera, F, tera:Water|43/100
|-ability|p2a: Ogerpon|Embody Aspect (Wellspring)|boost
|-boost|p2a: Ogerpon|spd|1
|move|p1a: Tyranitar|Stealth Rock|p2a: Ogerpon
|-sidestart|p2: Ceo O Wo Chien|move: Stealth Rock
|
|-weather|Sandstorm|[upkeep]
|-damage|p2a: Ogerpon|36/100|[from] Sandstorm
|-heal|p1a: Tyranitar|94/100 par|[from] item: Leftovers
|-damage|p1a: Tyranitar|82/100 par|[from] Leech Seed|[of] p2a: Ogerpon
|-heal|p2a: Ogerpon|50/100|[silent]
|upkeep
|turn|32
|
|t:|1779921135
|switch|p1a: Dragapult|Dragapult, M|74/100
|move|p2a: Ogerpon|Ivy Cudgel|p1a: Dragapult|[anim] Ivy Cudgel Water
|-resisted|p1a: Dragapult
|-damage|p1a: Dragapult|26/100
|
|-weather|Sandstorm|[upkeep]
|-damage|p1a: Dragapult|20/100|[from] Sandstorm
|-damage|p2a: Ogerpon|44/100|[from] Sandstorm
|-heal|p1a: Dragapult|26/100|[from] item: Leftovers
|upkeep
|turn|33
|
|t:|1779921138
|switch|p2a: Escargoat|Wo-Chien|35/100 brn
|-damage|p2a: Escargoat|22/100 brn|[from] Stealth Rock
|-ability|p2a: Escargoat|Tablets of Ruin
|move|p1a: Dragapult|Dragon Darts|p2a: Escargoat
|-crit|p2a: Escargoat
|-damage|p2a: Escargoat|7/100 brn
|-anim|p1a: Dragapult|Dragon Darts|p2a: Escargoat
|-damage|p2a: Escargoat|0 fnt
|faint|p2a: Escargoat
|
|-weather|none
|-heal|p1a: Dragapult|33/100|[from] item: Leftovers
|upkeep
|
|t:|1779921140
|switch|p2a: Kingambit|Kingambit, M|100/100
|-damage|p2a: Kingambit|94/100|[from] Stealth Rock
|-activate|p2a: Kingambit|ability: Supreme Overlord
|-start|p2a: Kingambit|fallen3|[silent]
|turn|34
|
|t:|1779921142
|move|p1a: Dragapult|Will-O-Wisp|p2a: Kingambit
|-status|p2a: Kingambit|brn
|move|p2a: Kingambit|Kowtow Cleave|p1a: Dragapult
|-supereffective|p1a: Dragapult
|-damage|p1a: Dragapult|0 fnt
|faint|p1a: Dragapult
|
|-damage|p2a: Kingambit|88/100 brn|[from] brn
|upkeep
|
|t:|1779921149
|switch|p1a: Great Tusk|Great Tusk|72/100
|turn|35
|
|t:|1779921152
|move|p1a: Great Tusk|Rapid Spin|p2a: Kingambit
|-resisted|p2a: Kingambit
|-damage|p2a: Kingambit|81/100 brn
|-boost|p1a: Great Tusk|spe|1
|move|p2a: Kingambit|Iron Head|p1a: Great Tusk
|-damage|p1a: Great Tusk|49/100
|
|-damage|p2a: Kingambit|75/100 brn|[from] brn
|upkeep
|turn|36
|
|t:|1779921155
|move|p1a: Great Tusk|Headlong Rush|p2a: Kingambit
|-supereffective|p2a: Kingambit
|-damage|p2a: Kingambit|0 fnt
|-unboost|p1a: Great Tusk|def|1
|-unboost|p1a: Great Tusk|spd|1
|faint|p2a: Kingambit
|-end|p2a: Kingambit|fallen3|[silent]
|
|upkeep
|
|t:|1779921157
|switch|p2a: Raging Bolt|Raging Bolt|100/100
|-damage|p2a: Raging Bolt|88/100|[from] Stealth Rock
|-enditem|p2a: Raging Bolt|Booster Energy
|-activate|p2a: Raging Bolt|ability: Protosynthesis|[fromitem]
|-start|p2a: Raging Bolt|protosynthesisspa
|turn|37
|
|t:|1779921159
|move|p1a: Great Tusk|Headlong Rush|p2a: Raging Bolt
|-supereffective|p2a: Raging Bolt
|-damage|p2a: Raging Bolt|0 fnt
|-unboost|p1a: Great Tusk|def|1
|-unboost|p1a: Great Tusk|spd|1
|faint|p2a: Raging Bolt
|-end|p2a: Raging Bolt|Protosynthesis|[silent]
|
|upkeep
|c|☆Ceo O Wo Chien|gg
|c|☆AnonymousJon|gg
|-message|Ceo O Wo Chien forfeited.
|
|win|AnonymousJon
|raw|AnonymousJon's rating: 1750 &rarr; <strong>1776</strong><br />(+26 for winning)
|raw|Ceo O Wo Chien's rating: 1867 &rarr; <strong>1841</strong><br />(-26 for losing)
|l|☆Ceo O Wo Chien
|player|p2|
|l|☆AnonymousJon
|player|p1|
|l| moodrandom
|l| MasnaVelcro
