|j|☆Gloryboykeef
|j|☆spindle pit
|t:|1779920684
|gametype|singles
|player|p1|Gloryboykeef|policeman-gen4|1192
|player|p2|spindle pit|ethan|1217
|gen|9
|tier|[Gen 9] OU
|rated|
|rule|HP Percentage Mod: HP is shown in percentages
|rule|Endless Battle Clause: Forcing endless battles is banned
|rule|Species Clause: Limit one of each Pokémon
|rule|OHKO Clause: OHKO moves are banned
|rule|Evasion Items Clause: Evasion items are banned
|rule|Evasion Moves Clause: Evasion moves are banned
|rule|Evasion Abilities Clause: Evasion abilities are banned
|rule|Sleep Moves Clause: Sleep-inducing moves are banned
|clearpoke
|poke|p1|Pelipper, M|
|poke|p1|Barraskewda, F|
|poke|p1|Thundurus-Therian, M|
|poke|p1|Kingdra, M|
|poke|p1|Slaking, M|
|poke|p1|Cinderace, M|
|poke|p2|Minior-Green|
|poke|p2|Scizor, M|
|poke|p2|Pecharunt|
|poke|p2|Ogerpon, F|
|poke|p2|Darkrai|
|poke|p2|Gholdengo|
|teampreview
|inactive|Battle timer is ON: inactive players will automatically lose when time's up. (requested by Gloryboykeef)
|inactive|spindle pit also wants the timer to be on.
|
|t:|1779920699
|teamsize|p1|6
|teamsize|p2|6
|start
|switch|p1a: Cinderace|Cinderace, M, shiny|100/100
|switch|p2a: Peachy|Pecharunt|100/100
|turn|1
|
|t:|1779920706
|move|p1a: Cinderace|Pyro Ball|p2a: Peachy
|-damage|p2a: Peachy|58/100
|move|p2a: Peachy|Toxic|p1a: Cinderace
|-status|p1a: Cinderace|tox
|-start|p1a: Cinderace|confusion|[from] ability: Poison Puppeteer|[of] p2a: Peachy
|
|-damage|p1a: Cinderace|95/100 tox|[from] psn
|upkeep
|turn|2
|
|t:|1779920714
|-activate|p1a: Cinderace|confusion
|-damage|p1a: Cinderace|75/100 tox|[from] confusion
|move|p2a: Peachy|Parting Shot|p1a: Cinderace
|-unboost|p1a: Cinderace|atk|1
|-unboost|p1a: Cinderace|spa|1
|
|t:|1779920719
|switch|p2a: Silo|Minior-Green|100/100|[from] Parting Shot
|-formechange|p2a: Silo|Minior-Meteor||[from] ability: Shields Down
|
|-damage|p1a: Cinderace|63/100 tox|[from] psn
|upkeep
|turn|3
|
|t:|1779920728
|switch|p1a: Pelipper|Pelipper, M|100/100
|-weather|RainDance|[from] ability: Drizzle|[of] p1a: Pelipper
|move|p2a: Silo|Shell Smash|p2a: Silo
|-unboost|p2a: Silo|def|1
|-unboost|p2a: Silo|spd|1
|-boost|p2a: Silo|atk|2
|-boost|p2a: Silo|spa|2
|-boost|p2a: Silo|spe|2
|
|-weather|RainDance|[upkeep]
|upkeep
|turn|4
|
|t:|1779920731
|move|p2a: Silo|Shell Smash|p2a: Silo
|-unboost|p2a: Silo|def|1
|-unboost|p2a: Silo|spd|1
|-boost|p2a: Silo|atk|2
|-boost|p2a: Silo|spa|2
|-boost|p2a: Silo|spe|2
|move|p1a: Pelipper|Hydro Pump|p2a: Silo
|-supereffective|p2a: Silo
|-enditem|p2a: Silo|Focus Sash
|-damage|p2a: Silo|1/100
|
|-weather|RainDance|[upkeep]
|-formechange|p2a: Silo|Minior-Green||[from] ability: Shields Down
|upkeep
|turn|5
|
|t:|1779920735
|move|p2a: Silo|Stone Edge|p1a: Pelipper|[miss]
|-miss|p2a: Silo|p1a: Pelipper
|move|p1a: Pelipper|U-turn|p2a: Silo
|-resisted|p2a: Silo
|-damage|p2a: Silo|0 fnt
|faint|p2a: Silo
|
|t:|1779920740
|switch|p1a: Barraskewda|Barraskewda, F, shiny|100/100|[from] U-turn
|
|-weather|RainDance|[upkeep]
|upkeep
|
|t:|1779920751
|switch|p2a: Jorponn|Ogerpon, F|100/100
|turn|6
|
|t:|1779920758
|move|p1a: Barraskewda|Poison Jab|p2a: Jorponn
|-supereffective|p2a: Jorponn
|-damage|p2a: Jorponn|1/100
|-damage|p1a: Barraskewda|91/100|[from] item: Life Orb
|move|p2a: Jorponn|Ivy Cudgel|p1a: Barraskewda
|-supereffective|p1a: Barraskewda
|-damage|p1a: Barraskewda|0 fnt
|faint|p1a: Barraskewda
|-damage|p2a: Jorponn|0 fnt|[from] item: Life Orb
|faint|p2a: Jorponn
|
|-weather|RainDance|[upkeep]
|upkeep
|
|t:|1779920767
|switch|p1a: Kingdra|Kingdra, M|100/100
|switch|p2a: Darkie|Darkrai|100/100
|turn|7
|
|t:|1779920775
|move|p1a: Kingdra|Hydro Pump|p2a: Darkie|[miss]
|-miss|p1a: Kingdra|p2a: Darkie
|move|p2a: Darkie|Dark Pulse|p1a: Kingdra
|-damage|p1a: Kingdra|28/100
|
|-weather|RainDance|[upkeep]
|upkeep
|turn|8
|
|t:|1779920785
|switch|p2a: Mizer|Scizor, M|100/100
|move|p1a: Kingdra|Hydro Pump|p2a: Mizer
|-damage|p2a: Mizer|0 fnt
|faint|p2a: Mizer
|
|-weather|RainDance|[upkeep]
|upkeep
|
|t:|1779920791
|switch|p2a: Peachy|Pecharunt|58/100
|turn|9
|
|t:|1779920795
|move|p1a: Kingdra|Hydro Pump|p2a: Peachy|[miss]
|-miss|p1a: Kingdra|p2a: Peachy
|move|p2a: Peachy|Malignant Chain|p1a: Kingdra
|-damage|p1a: Kingdra|0 fnt
|faint|p1a: Kingdra
|
|-weather|RainDance|[upkeep]
|upkeep
|
|t:|1779920799
|switch|p1a: Slaking|Slaking, M, shiny|100/100
|turn|10
|
|t:|1779920802
|move|p1a: Slaking|Knock Off|p2a: Peachy
|-supereffective|p2a: Peachy
|-damage|p2a: Peachy|0 fnt
|-damage|p1a: Slaking|84/100|[from] item: Rocky Helmet|[of] p2a: Peachy
|-enditem|p2a: Peachy|Rocky Helmet|[from] move: Knock Off|[of] p1a: Slaking
|faint|p2a: Peachy
|
|-weather|none
|upkeep
|
|t:|1779920811
|switch|p2a: Darkie|Darkrai|100/100
|turn|11
|
|t:|1779920817
|switch|p1a: Cinderace|Cinderace, M, shiny|63/100 tox
|move|p2a: Darkie|Dark Pulse|p1a: Cinderace
|-crit|p1a: Cinderace
|-damage|p1a: Cinderace|0 fnt
|faint|p1a: Cinderace
|
|upkeep
|
|t:|1779920822
|switch|p1a: Pelipper|Pelipper, M|100/100
|-weather|RainDance|[from] ability: Drizzle|[of] p1a: Pelipper
|turn|12
|
|t:|1779920828
|move|p2a: Darkie|Dark Pulse|p1a: Pelipper
|-damage|p1a: Pelipper|8/100
|cant|p1a: Pelipper|flinch
|
|-weather|RainDance|[upkeep]
|upkeep
|turn|13
|
|t:|1779920831
|move|p2a: Darkie|Dark Pulse|p1a: Pelipper
|-damage|p1a: Pelipper|0 fnt
|faint|p1a: Pelipper
|
|-weather|RainDance|[upkeep]
|upkeep
|
|t:|1779920834
|switch|p1a: Thundurus|Thundurus-Therian, M|100/100
|turn|14
|
|t:|1779920837
|-terastallize|p1a: Thundurus|Electric
|move|p1a: Thundurus|Thunder|p2a: Darkie
|-damage|p2a: Darkie|0 fnt
|faint|p2a: Darkie
|
|-weather|RainDance|[upkeep]
|upkeep
|
|t:|1779920840
|switch|p2a: Golego|Gholdengo|100/100
|-item|p2a: Golego|Air Balloon
|turn|15
|
|t:|1779920853
|move|p1a: Thundurus|Thunder|p2a: Golego
|-damage|p2a: Golego|6/100
|-enditem|p2a: Golego|Air Balloon
|move|p2a: Golego|Hex|p1a: Thundurus
|-damage|p1a: Thundurus|51/100
|
|-weather|RainDance|[upkeep]
|upkeep
|turn|16
|
|t:|1779920856
|move|p1a: Thundurus|Thunder|p2a: Golego
|-damage|p2a: Golego|0 fnt
|faint|p2a: Golego
|
|win|Gloryboykeef
|raw|Gloryboykeef's rating: 1192 &rarr; <strong>1219</strong><br />(+27 for winning)
|raw|spindle pit's rating: 1217 &rarr; <strong>1190</strong><br />(-27 for losing)
|l|☆Gloryboykeef
|player|p1|
|l|☆spindle pit
|player|p2|
