|j|☆claudechamp
|j|☆Vichox250816
|t:|1779805338
|gametype|singles
|player|p1|claudechamp|265|1365
|player|p2|Vichox250816|2|1339
|gen|9
|tier|[Gen 9] OU
|rated|
|rule|HP Percentage Mod: HP is shown in percentages
|rule|Endless Battle Clause: Forcing endless battles is banned
|rule|Species Clause: Limit one of each Pokémon
|rule|OHKO Clause: OHKO moves are banned
|rule|Evasion Items Clause: Evasion items are banned
|rule|Evasion Moves Clause: Evasion moves are banned
|rule|Evasion Abilities Clause: Evasion abilities are banned
|rule|Sleep Moves Clause: Sleep-inducing moves are banned
|clearpoke
|poke|p1|Gliscor, F|
|poke|p1|Gholdengo|
|poke|p1|Zamazenta-*|
|poke|p1|Blissey, F|
|poke|p1|Skarmory, F|
|poke|p1|Pecharunt|
|poke|p2|Gholdengo|
|poke|p2|Zamazenta-*|
|poke|p2|Weavile, F|
|poke|p2|Latias, F|
|poke|p2|Dragonite, F|
|poke|p2|Glimmora, M|
|teampreview
|c|☆claudechamp|hf
|inactive|Battle timer is ON: inactive players will automatically lose when time's up. (requested by claudechamp)
|
|t:|1779805352
|teamsize|p1|6
|teamsize|p2|6
|start
|switch|p1a: Skarmory|Skarmory, F|100/100
|switch|p2a: Weavile|Weavile, F|100/100
|turn|1
|c|☆Vichox250816|yt
|
|t:|1779805364
|move|p2a: Weavile|Knock Off|p1a: Skarmory
|-damage|p1a: Skarmory|61/100
|-enditem|p1a: Skarmory|Heavy-Duty Boots|[from] move: Knock Off|[of] p2a: Weavile
|-damage|p2a: Weavile|91/100|[from] item: Life Orb
|move|p1a: Skarmory|Spikes|p2a: Weavile
|-sidestart|p2: Vichox250816|Spikes
|
|upkeep
|turn|2
|
|t:|1779805375
|move|p2a: Weavile|Triple Axel|p1a: Skarmory
|-damage|p1a: Skarmory|52/100
|-hitcount|p1a: Skarmory|1
|-damage|p2a: Weavile|81/100|[from] item: Life Orb
|move|p1a: Skarmory|Spikes|p2a: Weavile
|-sidestart|p2: Vichox250816|Spikes
|
|upkeep
|turn|3
|
|t:|1779805381
|move|p2a: Weavile|Triple Axel|p1a: Skarmory
|-damage|p1a: Skarmory|44/100
|-crit|p1a: Skarmory
|-damage|p1a: Skarmory|18/100
|-damage|p1a: Skarmory|0 fnt
|faint|p1a: Skarmory
|-hitcount|p1: Skarmory|3
|-damage|p2a: Weavile|71/100|[from] item: Life Orb
|
|upkeep
|
|t:|1779805384
|switch|p1a: Zamazenta|Zamazenta|100/100
|-ability|p1a: Zamazenta|Dauntless Shield|boost
|-boost|p1a: Zamazenta|def|1
|turn|4
|
|t:|1779805394
|switch|p2a: Zamazenta|Zamazenta|100/100
|-damage|p2a: Zamazenta|84/100|[from] Spikes
|-ability|p2a: Zamazenta|Dauntless Shield|boost
|-boost|p2a: Zamazenta|def|1
|move|p1a: Zamazenta|Close Combat|p2a: Zamazenta
|-crit|p2a: Zamazenta
|-damage|p2a: Zamazenta|20/100
|-unboost|p1a: Zamazenta|def|1
|-unboost|p1a: Zamazenta|spd|1
|
|-heal|p2a: Zamazenta|26/100|[from] item: Leftovers
|upkeep
|turn|5
|
|t:|1779805417
|move|p2a: Zamazenta|Body Press|p1a: Zamazenta
|-damage|p1a: Zamazenta|46/100
|move|p1a: Zamazenta|Close Combat|p2a: Zamazenta
|-damage|p2a: Zamazenta|0 fnt
|-unboost|p1a: Zamazenta|def|1
|-unboost|p1a: Zamazenta|spd|1
|faint|p2a: Zamazenta
|
|upkeep
|
|t:|1779805427
|switch|p2a: Dragonite|Dragonite, F|100/100
|turn|6
|
|t:|1779805430
|move|p2a: Dragonite|Extreme Speed|p1a: Zamazenta
|-damage|p1a: Zamazenta|0 fnt
|faint|p1a: Zamazenta
|
|upkeep
|
|t:|1779805435
|switch|p1a: Gliscor|Gliscor, F|100/100
|turn|7
|
|t:|1779805439
|move|p1a: Gliscor|Swords Dance|p1a: Gliscor
|-boost|p1a: Gliscor|atk|2
|move|p2a: Dragonite|Ice Spinner|p1a: Gliscor
|-supereffective|p1a: Gliscor
|-damage|p1a: Gliscor|6/100
|
|-status|p1a: Gliscor|tox|[from] item: Toxic Orb
|upkeep
|turn|8
|
|t:|1779805447
|switch|p1a: Gholdengo|Gholdengo|100/100
|move|p2a: Dragonite|Ice Spinner|p1a: Gholdengo
|-resisted|p1a: Gholdengo
|-damage|p1a: Gholdengo|88/100
|
|upkeep
|turn|9
|
|t:|1779805454
|move|p1a: Gholdengo|Nasty Plot|p1a: Gholdengo
|-boost|p1a: Gholdengo|spa|2
|move|p2a: Dragonite|Earthquake|p1a: Gholdengo
|-supereffective|p1a: Gholdengo
|-damage|p1a: Gholdengo|33/100
|
|upkeep
|turn|10
|
|t:|1779805460
|move|p1a: Gholdengo|Recover|p1a: Gholdengo
|-heal|p1a: Gholdengo|83/100
|move|p2a: Dragonite|Earthquake|p1a: Gholdengo
|-supereffective|p1a: Gholdengo
|-damage|p1a: Gholdengo|28/100
|
|upkeep
|turn|11
|
|t:|1779805466
|-terastallize|p1a: Gholdengo|Fairy
|move|p1a: Gholdengo|Recover|p1a: Gholdengo
|-heal|p1a: Gholdengo|78/100
|move|p2a: Dragonite|Earthquake|p1a: Gholdengo
|-damage|p1a: Gholdengo|49/100
|
|upkeep
|turn|12
|
|t:|1779805473
|move|p1a: Gholdengo|Recover|p1a: Gholdengo
|-heal|p1a: Gholdengo|99/100
|move|p2a: Dragonite|Dragon Dance|p2a: Dragonite
|-boost|p2a: Dragonite|atk|1
|-boost|p2a: Dragonite|spe|1
|
|upkeep
|turn|13
|
|t:|1779805483
|-terastallize|p2a: Dragonite|Normal
|move|p2a: Dragonite|Extreme Speed|p1a: Gholdengo
|-damage|p1a: Gholdengo|50/100
|move|p1a: Gholdengo|Hex|p2a: Dragonite
|-immune|p2a: Dragonite
|
|upkeep
|turn|14
|
|t:|1779805490
|switch|p1a: Pecharunt|Pecharunt|100/100
|move|p2a: Dragonite|Extreme Speed|p1a: Pecharunt
|-immune|p1a: Pecharunt
|
|upkeep
|turn|15
|
|t:|1779805496
|move|p2a: Dragonite|Earthquake|p1a: Pecharunt
|-supereffective|p1a: Pecharunt
|-damage|p1a: Pecharunt|44/100
|move|p1a: Pecharunt|Toxic|p2a: Dragonite
|-status|p2a: Dragonite|tox
|-start|p2a: Dragonite|confusion|[from] ability: Poison Puppeteer|[of] p1a: Pecharunt
|
|-damage|p2a: Dragonite|94/100 tox|[from] psn
|upkeep
|turn|16
|
|t:|1779805504
|switch|p1a: Gliscor|Gliscor, F|6/100 tox
|-activate|p2a: Dragonite|confusion
|move|p2a: Dragonite|Earthquake|p1a: Gliscor
|-immune|p1a: Gliscor
|
|-damage|p2a: Dragonite|82/100 tox|[from] psn
|-heal|p1a: Gliscor|19/100 tox|[from] ability: Poison Heal
|upkeep
|turn|17
|
|t:|1779805512
|-end|p2a: Dragonite|confusion
|move|p2a: Dragonite|Ice Spinner|p1a: Gliscor
|-supereffective|p1a: Gliscor
|-damage|p1a: Gliscor|0 fnt
|faint|p1a: Gliscor
|
|-damage|p2a: Dragonite|63/100 tox|[from] psn
|upkeep
|
|t:|1779805518
|switch|p1a: Gholdengo|Gholdengo, tera:Fairy|50/100
|turn|18
|
|t:|1779805528
|switch|p1a: Pecharunt|Pecharunt|44/100
|move|p2a: Dragonite|Earthquake|p1a: Pecharunt
|-supereffective|p1a: Pecharunt
|-damage|p1a: Pecharunt|0 fnt
|faint|p1a: Pecharunt
|
|-damage|p2a: Dragonite|39/100 tox|[from] psn
|upkeep
|
|t:|1779805537
|switch|p1a: Blissey|Blissey, F|100/100
|turn|19
|
|t:|1779805547
|switch|p1a: Gholdengo|Gholdengo, tera:Fairy|50/100
|move|p2a: Dragonite|Extreme Speed|p1a: Gholdengo
|-damage|p1a: Gholdengo|0 fnt
|faint|p1a: Gholdengo
|
|-damage|p2a: Dragonite|8/100 tox|[from] psn
|upkeep
|
|t:|1779805552
|switch|p1a: Blissey|Blissey, F|100/100
|turn|20
|inactive|Vichox250816 has 120 seconds left.
|
|t:|1779805589
|move|p2a: Dragonite|Extreme Speed|p1a: Blissey
|-damage|p1a: Blissey|31/100
|move|p1a: Blissey|Stealth Rock|p2a: Dragonite
|-sidestart|p2: Vichox250816|move: Stealth Rock
|
|-damage|p2a: Dragonite|0 fnt|[from] psn
|faint|p2a: Dragonite
|upkeep
|
|t:|1779805600
|switch|p2a: Glimmora|Glimmora, M|100/100
|-damage|p2a: Glimmora|84/100|[from] Spikes
|-damage|p2a: Glimmora|72/100|[from] Stealth Rock
|turn|21
|
|t:|1779805606
|move|p2a: Glimmora|Mortal Spin|p1a: Blissey
|-crit|p1a: Blissey
|-damage|p1a: Blissey|23/100
|-status|p1a: Blissey|psn
|-sideend|p2: Vichox250816|Spikes|[from] move: Mortal Spin|[of] p2a: Glimmora
|-sideend|p2: Vichox250816|Stealth Rock|[from] move: Mortal Spin|[of] p2a: Glimmora
|move|p1a: Blissey|Soft-Boiled|p1a: Blissey
|-heal|p1a: Blissey|73/100 psn
|
|-damage|p1a: Blissey|60/100 psn|[from] psn
|upkeep
|turn|22
|inactive|Vichox250816 has 120 seconds left.
|
|t:|1779805616
|move|p2a: Glimmora|Power Gem|p1a: Blissey
|-damage|p1a: Blissey|51/100 psn
|move|p1a: Blissey|Stealth Rock|p2a: Glimmora
|-sidestart|p2: Vichox250816|move: Stealth Rock
|
|-damage|p1a: Blissey|38/100 psn|[from] psn
|upkeep
|turn|23
|inactive|Vichox250816 has 120 seconds left.
|
|t:|1779805626
|move|p2a: Glimmora|Power Gem|p1a: Blissey
|-damage|p1a: Blissey|27/100 psn
|move|p1a: Blissey|Shadow Ball|p2a: Glimmora
|-damage|p2a: Glimmora|58/100
|-unboost|p2a: Glimmora|spd|1
|
|-damage|p1a: Blissey|15/100 psn|[from] psn
|upkeep
|turn|24
|
|t:|1779805638
|move|p2a: Glimmora|Power Gem|p1a: Blissey
|-damage|p1a: Blissey|3/100 psn
|move|p1a: Blissey|Shadow Ball|p2a: Glimmora
|-damage|p2a: Glimmora|38/100
|
|-damage|p1a: Blissey|0 fnt|[from] psn
|faint|p1a: Blissey
|
|win|Vichox250816
|raw|claudechamp's rating: 1365 &rarr; <strong>1344</strong><br />(-21 for losing)
|raw|Vichox250816's rating: 1339 &rarr; <strong>1360</strong><br />(+21 for winning)
|c|☆claudechamp|gg
|c|☆Vichox250816|gg
|l|☆Vichox250816
|player|p2|
