|j|☆billmhar
|j|☆bignys900
|t:|1779880840
|gametype|singles
|player|p1|billmhar|170|1154
|player|p2|bignys900|psychicf-gen4|1108
|gen|9
|tier|[Gen 9] OU
|rated|
|rule|HP Percentage Mod: HP is shown in percentages
|rule|Endless Battle Clause: Forcing endless battles is banned
|rule|Species Clause: Limit one of each Pokémon
|rule|OHKO Clause: OHKO moves are banned
|rule|Evasion Items Clause: Evasion items are banned
|rule|Evasion Moves Clause: Evasion moves are banned
|rule|Evasion Abilities Clause: Evasion abilities are banned
|rule|Sleep Moves Clause: Sleep-inducing moves are banned
|clearpoke
|poke|p1|Ambipom, M|
|poke|p1|Lokix, F|
|poke|p1|Great Tusk|
|poke|p1|Arboliva, F|
|poke|p1|Gholdengo|
|poke|p1|Garchomp, M|
|poke|p2|Jolteon, F|
|poke|p2|Gastrodon-East, F|
|poke|p2|Arcanine-Hisui, F|
|poke|p2|Orthworm, M|
|poke|p2|Dragonite, F|
|poke|p2|Gogoat, F|
|teampreview
|inactive|Battle timer is ON: inactive players will automatically lose when time's up. (requested by bignys900)
|
|t:|1779880852
|teamsize|p1|6
|teamsize|p2|6
|start
|switch|p1a: Garchomp|Garchomp, M|100/100
|switch|p2a: Gastrodon|Gastrodon-East, F, shiny|100/100
|turn|1
|
|t:|1779880857
|move|p1a: Garchomp|Stealth Rock|p2a: Gastrodon
|-sidestart|p2: bignys900|move: Stealth Rock
|move|p2a: Gastrodon|Ice Beam|p1a: Garchomp
|-supereffective|p1a: Garchomp
|-damage|p1a: Garchomp|3/100
|
|upkeep
|turn|2
|
|t:|1779880867
|move|p1a: Garchomp|Spikes|p2a: Gastrodon
|-sidestart|p2: bignys900|Spikes
|move|p2a: Gastrodon|Ice Beam|p1a: Garchomp
|-supereffective|p1a: Garchomp
|-damage|p1a: Garchomp|0 fnt
|faint|p1a: Garchomp
|
|upkeep
|
|t:|1779880875
|switch|p1a: Arboliva|Arboliva, F|100/100
|turn|3
|
|t:|1779880879
|move|p2a: Gastrodon|Sludge Bomb|p1a: Arboliva
|-supereffective|p1a: Arboliva
|-crit|p1a: Arboliva
|-damage|p1a: Arboliva|47/100
|-enditem|p1a: Arboliva|Sitrus Berry|[eat]
|-heal|p1a: Arboliva|72/100|[from] item: Sitrus Berry
|move|p1a: Arboliva|Leech Seed|p2a: Gastrodon
|-start|p2a: Gastrodon|move: Leech Seed
|
|-damage|p2a: Gastrodon|88/100|[from] Leech Seed|[of] p1a: Arboliva
|-heal|p1a: Arboliva|87/100|[silent]
|-item|p1a: Arboliva|Sitrus Berry|[from] ability: Harvest
|upkeep
|turn|4
|
|t:|1779880892
|switch|p2a: Gogoat|Gogoat, F|100/100
|-damage|p2a: Gogoat|88/100|[from] Stealth Rock
|-damage|p2a: Gogoat|76/100|[from] Spikes
|move|p1a: Arboliva|Energy Ball|p2a: Gogoat
|-ability|p2a: Gogoat|Sap Sipper|boost
|-boost|p2a: Gogoat|atk|1
|
|-heal|p2a: Gogoat|82/100|[from] item: Leftovers
|upkeep
|turn|5
|
|t:|1779880911
|move|p1a: Arboliva|Protect|p1a: Arboliva
|-singleturn|p1a: Arboliva|Protect
|move|p2a: Gogoat|Trailblaze|p1a: Arboliva
|-activate|p1a: Arboliva|move: Protect
|
|-heal|p2a: Gogoat|88/100|[from] item: Leftovers
|upkeep
|turn|6
|
|t:|1779880920
|switch|p1a: Lokix|Lokix, F|100/100
|move|p2a: Gogoat|Trailblaze|p1a: Lokix
|-resisted|p1a: Lokix
|-damage|p1a: Lokix|76/100
|-boost|p2a: Gogoat|spe|1
|
|-heal|p2a: Gogoat|94/100|[from] item: Leftovers
|upkeep
|turn|7
|
|t:|1779880936
|-terastallize|p2a: Gogoat|Water
|move|p1a: Lokix|First Impression|p2a: Gogoat
|-damage|p2a: Gogoat|16/100
|-damage|p1a: Lokix|66/100|[from] item: Life Orb
|move|p2a: Gogoat|Bulk Up|p2a: Gogoat
|-boost|p2a: Gogoat|atk|1
|-boost|p2a: Gogoat|def|1
|
|-heal|p2a: Gogoat|22/100|[from] item: Leftovers
|upkeep
|turn|8
|
|t:|1779880949
|move|p1a: Lokix|Sucker Punch|p2a: Gogoat
|-damage|p2a: Gogoat|0 fnt
|faint|p2a: Gogoat
|-damage|p1a: Lokix|56/100|[from] item: Life Orb
|
|upkeep
|
|t:|1779880953
|switch|p2a: Arcanine|Arcanine-Hisui, F, shiny|100/100
|-damage|p2a: Arcanine|76/100|[from] Stealth Rock
|-damage|p2a: Arcanine|63/100|[from] Spikes
|turn|9
|
|t:|1779880962
|move|p2a: Arcanine|Extreme Speed|p1a: Lokix
|-damage|p1a: Lokix|6/100
|-damage|p2a: Arcanine|53/100|[from] item: Life Orb
|move|p1a: Lokix|Sucker Punch||[still]
|-fail|p1a: Lokix
|
|upkeep
|turn|10
|
|t:|1779880970
|move|p2a: Arcanine|Extreme Speed|p1a: Lokix
|-damage|p1a: Lokix|0 fnt
|faint|p1a: Lokix
|-damage|p2a: Arcanine|43/100|[from] item: Life Orb
|
|upkeep
|
|t:|1779880983
|switch|p1a: Ambipom|Ambipom, M|100/100
|turn|11
|
|t:|1779880987
|-terastallize|p1a: Ambipom|Normal
|move|p1a: Ambipom|Fake Out|p2a: Arcanine
|-resisted|p2a: Arcanine
|-damage|p2a: Arcanine|19/100
|cant|p2a: Arcanine|flinch
|
|upkeep
|turn|12
|
|t:|1779880996
|switch|p1a: Gholdengo|Gholdengo|100/100
|move|p2a: Arcanine|Extreme Speed|p1a: Gholdengo
|-immune|p1a: Gholdengo
|
|upkeep
|turn|13
|
|t:|1779881011
|switch|p1a: Ambipom|Ambipom, M, tera:Normal|100/100
|move|p2a: Arcanine|Crunch|p1a: Ambipom
|-damage|p1a: Ambipom|46/100
|-damage|p2a: Arcanine|9/100|[from] item: Life Orb
|
|upkeep
|turn|14
|
|t:|1779881025
|move|p1a: Ambipom|Fake Out|p2a: Arcanine
|-resisted|p2a: Arcanine
|-damage|p2a: Arcanine|0 fnt
|faint|p2a: Arcanine
|
|upkeep
|
|t:|1779881031
|switch|p2a: Dragonite|Dragonite, F|100/100
|turn|15
|
|t:|1779881054
|switch|p1a: Arboliva|Arboliva, F|87/100
|move|p2a: Dragonite|Dragon Dance|p2a: Dragonite
|-boost|p2a: Dragonite|atk|1
|-boost|p2a: Dragonite|spe|1
|
|upkeep
|turn|16
|
|t:|1779881059
|move|p2a: Dragonite|Fire Punch|p1a: Arboliva
|-supereffective|p1a: Arboliva
|-damage|p1a: Arboliva|0 fnt
|faint|p1a: Arboliva
|
|upkeep
|
|t:|1779881072
|switch|p1a: Gholdengo|Gholdengo|100/100
|turn|17
|
|t:|1779881081
|move|p2a: Dragonite|Dragon Dance|p2a: Dragonite
|-boost|p2a: Dragonite|atk|1
|-boost|p2a: Dragonite|spe|1
|move|p1a: Gholdengo|Make It Rain|p2a: Dragonite
|-damage|p2a: Dragonite|61/100
|-unboost|p1a: Gholdengo|spa|1
|-enditem|p1a: Gholdengo|White Herb
|-clearnegativeboost|p1a: Gholdengo|[silent]
|
|upkeep
|turn|18
|
|t:|1779881092
|move|p2a: Dragonite|Earthquake|p1a: Gholdengo
|-supereffective|p1a: Gholdengo
|-damage|p1a: Gholdengo|0 fnt
|faint|p1a: Gholdengo
|
|upkeep
|
|t:|1779881097
|switch|p1a: Ambipom|Ambipom, M, tera:Normal|46/100
|turn|19
|
|t:|1779881100
|move|p1a: Ambipom|Fake Out|p2a: Dragonite
|-damage|p2a: Dragonite|18/100
|cant|p2a: Dragonite|flinch
|
|upkeep
|turn|20
|
|t:|1779881106
|move|p2a: Dragonite|Extreme Speed|p1a: Ambipom
|-damage|p1a: Ambipom|0 fnt
|faint|p1a: Ambipom
|
|upkeep
|
|t:|1779881110
|switch|p1a: Great Tusk|Great Tusk|100/100
|turn|21
|
|t:|1779881116
|move|p2a: Dragonite|Extreme Speed|p1a: Great Tusk
|-damage|p1a: Great Tusk|57/100
|move|p1a: Great Tusk|Rapid Spin|p2a: Dragonite
|-damage|p2a: Dragonite|0 fnt
|-boost|p1a: Great Tusk|spe|1
|faint|p2a: Dragonite
|
|upkeep
|
|t:|1779881125
|switch|p2a: Gastrodon|Gastrodon-East, F, shiny|88/100
|-damage|p2a: Gastrodon|82/100|[from] Stealth Rock
|-damage|p2a: Gastrodon|70/100|[from] Spikes
|turn|22
|
|t:|1779881139
|move|p1a: Great Tusk|Body Press|p2a: Gastrodon
|-damage|p2a: Gastrodon|32/100
|move|p2a: Gastrodon|Chilling Water|p1a: Great Tusk
|-supereffective|p1a: Great Tusk
|-damage|p1a: Great Tusk|0 fnt
|faint|p1a: Great Tusk
|-end|p1a: Great Tusk|Protosynthesis|[silent]
|
|win|bignys900
|raw|billmhar's rating: 1154 &rarr; <strong>1126</strong><br />(-28 for losing)
|raw|bignys900's rating: 1108 &rarr; <strong>1136</strong><br />(+28 for winning)
|l|☆bignys900
|player|p2|
|l|☆billmhar
|player|p1|
