|j|☆Psypedro
|j|☆Halloworlditsme
|t:|1779958273
|gametype|singles
|player|p1|Psypedro|dragontamer|1264
|player|p2|Halloworlditsme|buck|1287
|gen|9
|tier|[Gen 9] OU
|rated|
|rule|HP Percentage Mod: HP is shown in percentages
|rule|Endless Battle Clause: Forcing endless battles is banned
|rule|Species Clause: Limit one of each Pokémon
|rule|OHKO Clause: OHKO moves are banned
|rule|Evasion Items Clause: Evasion items are banned
|rule|Evasion Moves Clause: Evasion moves are banned
|rule|Evasion Abilities Clause: Evasion abilities are banned
|rule|Sleep Moves Clause: Sleep-inducing moves are banned
|clearpoke
|poke|p1|Grimmsnarl, M|
|poke|p1|Glimmora, M|
|poke|p1|Dragonite, M|
|poke|p1|Iron Moth|
|poke|p1|Iron Valiant|
|poke|p1|Kingambit, F|
|poke|p2|Decidueye-Hisui, F|
|poke|p2|Zapdos|
|poke|p2|Iron Boulder|
|poke|p2|Deoxys-Speed|
|poke|p2|Ogerpon-Wellspring, F|
|poke|p2|Slowking-Galar, F|
|teampreview
|inactive|Battle timer is ON: inactive players will automatically lose when time's up. (requested by Halloworlditsme)
|
|t:|1779958284
|teamsize|p1|6
|teamsize|p2|6
|start
|switch|p1a: Grimmsnarl|Grimmsnarl, M|100/100
|switch|p2a: Deoxys|Deoxys-Speed|100/100
|-ability|p2a: Deoxys|Pressure
|turn|1
|
|t:|1779958292
|move|p1a: Grimmsnarl|Taunt|p2a: Deoxys
|-start|p2a: Deoxys|move: Taunt
|cant|p2a: Deoxys|move: Taunt|Taunt
|
|upkeep
|turn|2
|
|t:|1779958309
|switch|p2a: Slowking|Slowking-Galar, F, shiny|100/100
|move|p1a: Grimmsnarl|Light Screen|p1a: Grimmsnarl
|-sidestart|p1: Psypedro|move: Light Screen
|
|upkeep
|turn|3
|
|t:|1779958319
|move|p1a: Grimmsnarl|Taunt|p2a: Slowking
|-start|p2a: Slowking|move: Taunt
|move|p2a: Slowking|Sludge Wave|p1a: Grimmsnarl
|-supereffective|p1a: Grimmsnarl
|-damage|p1a: Grimmsnarl|72/100
|
|upkeep
|turn|4
|
|t:|1779958331
|move|p1a: Grimmsnarl|Reflect|p1a: Grimmsnarl
|-sidestart|p1: Psypedro|Reflect
|move|p2a: Slowking|Sludge Wave|p1a: Grimmsnarl
|-supereffective|p1a: Grimmsnarl
|-damage|p1a: Grimmsnarl|47/100
|
|upkeep
|turn|5
|
|t:|1779958339
|move|p1a: Grimmsnarl|Parting Shot|p2a: Slowking
|-unboost|p2a: Slowking|atk|1
|-unboost|p2a: Slowking|spa|1
|
|t:|1779958343
|switch|p1a: Glimmora|Glimmora, M|100/100|[from] Parting Shot
|move|p2a: Slowking|Sludge Wave|p1a: Glimmora
|-resisted|p1a: Glimmora
|-damage|p1a: Glimmora|97/100
|
|-end|p2a: Slowking|move: Taunt
|upkeep
|turn|6
|
|t:|1779958354
|move|p1a: Glimmora|Earth Power|p2a: Slowking
|-supereffective|p2a: Slowking
|-crit|p2a: Slowking
|-damage|p2a: Slowking|27/100
|-prepare|p2a: Slowking|Chilly Reception|[premajor]
|move|p2a: Slowking|Chilly Reception|p2a: Slowking
|-weather|Snowscape
|
|t:|1779958356
|switch|p2a: Ogerpon|Ogerpon-Wellspring, F|100/100|[from] Chilly Reception
|
|-weather|Snowscape|[upkeep]
|upkeep
|turn|7
|
|t:|1779958366
|move|p2a: Ogerpon|Spiky Shield|p2a: Ogerpon
|-singleturn|p2a: Ogerpon|move: Protect
|move|p1a: Glimmora|Mortal Spin|p2a: Ogerpon
|-activate|p2a: Ogerpon|move: Protect
|-damage|p1a: Glimmora|85/100|[from] Spiky Shield|[of] p2a: Ogerpon
|
|-weather|Snowscape|[upkeep]
|upkeep
|turn|8
|
|t:|1779958376
|switch|p2a: Slowking|Slowking-Galar, F, shiny|61/100
|move|p1a: Glimmora|Mortal Spin|p2a: Slowking
|-resisted|p2a: Slowking
|-damage|p2a: Slowking|58/100
|
|-weather|Snowscape|[upkeep]
|upkeep
|turn|9
|
|t:|1779958384
|switch|p2a: Zapdos|Zapdos|100/100
|move|p1a: Glimmora|Mortal Spin|p2a: Zapdos
|-damage|p2a: Zapdos|96/100
|-status|p2a: Zapdos|psn
|-status|p1a: Glimmora|par|[from] ability: Static|[of] p2a: Zapdos
|
|-weather|Snowscape|[upkeep]
|-damage|p2a: Zapdos|83/100 psn|[from] psn
|-sideend|p1: Psypedro|move: Light Screen
|upkeep
|turn|10
|
|t:|1779958399
|switch|p2a: Ogerpon|Ogerpon-Wellspring, F|100/100
|cant|p1a: Glimmora|par
|
|-weather|none
|upkeep
|turn|11
|
|t:|1779958406
|move|p2a: Ogerpon|Spiky Shield|p2a: Ogerpon
|-singleturn|p2a: Ogerpon|move: Protect
|move|p1a: Glimmora|Stealth Rock|p2a: Ogerpon
|-sidestart|p2: Halloworlditsme|move: Stealth Rock
|
|-sideend|p1: Psypedro|Reflect
|upkeep
|turn|12
|
|t:|1779958416
|switch|p1a: Grimmsnarl|Grimmsnarl, M|47/100
|move|p2a: Ogerpon|Ivy Cudgel|p1a: Grimmsnarl|[anim] Ivy Cudgel Water
|-damage|p1a: Grimmsnarl|0 fnt
|faint|p1a: Grimmsnarl
|
|upkeep
|
|t:|1779958424
|switch|p1a: Iron Moth|Iron Moth|100/100
|-enditem|p1a: Iron Moth|Booster Energy
|-activate|p1a: Iron Moth|ability: Quark Drive|[fromitem]
|-start|p1a: Iron Moth|quarkdrivespe
|turn|13
|
|t:|1779958433
|-terastallize|p1a: Iron Moth|Grass
|move|p2a: Ogerpon|Spiky Shield|p2a: Ogerpon
|-singleturn|p2a: Ogerpon|move: Protect
|move|p1a: Iron Moth|Energy Ball|p2a: Ogerpon
|-activate|p2a: Ogerpon|move: Protect
|
|upkeep
|turn|14
|
|t:|1779958444
|switch|p2a: Slowking|Slowking-Galar, F, shiny|92/100
|move|p1a: Iron Moth|Sludge Wave|p2a: Slowking
|-resisted|p2a: Slowking
|-damage|p2a: Slowking|74/100
|
|upkeep
|turn|15
|
|t:|1779958451
|move|p1a: Iron Moth|Fiery Dance|p2a: Slowking
|-damage|p2a: Slowking|46/100
|move|p2a: Slowking|Sludge Wave|p1a: Iron Moth
|-supereffective|p1a: Iron Moth
|-damage|p1a: Iron Moth|20/100
|
|upkeep
|turn|16
|
|t:|1779958461
|move|p1a: Iron Moth|Fiery Dance|p2a: Slowking
|-damage|p2a: Slowking|20/100
|move|p2a: Slowking|Sludge Wave|p1a: Iron Moth
|-supereffective|p1a: Iron Moth
|-damage|p1a: Iron Moth|0 fnt
|faint|p1a: Iron Moth
|-end|p1a: Iron Moth|Quark Drive|[silent]
|
|upkeep
|
|t:|1779958472
|switch|p1a: Iron Valiant|Iron Valiant|100/100
|-enditem|p1a: Iron Valiant|Booster Energy
|-activate|p1a: Iron Valiant|ability: Quark Drive|[fromitem]
|-start|p1a: Iron Valiant|quarkdrivespe
|turn|17
|
|t:|1779958480
|switch|p2a: Deoxys|Deoxys-Speed|100/100
|-damage|p2a: Deoxys|88/100|[from] Stealth Rock
|-ability|p2a: Deoxys|Pressure
|move|p1a: Iron Valiant|Shadow Ball|p2a: Deoxys
|-supereffective|p2a: Deoxys
|-damage|p2a: Deoxys|12/100
|
|upkeep
|turn|18
|
|t:|1779958491
|move|p1a: Iron Valiant|Moonblast|p2a: Deoxys
|-damage|p2a: Deoxys|0 fnt
|faint|p2a: Deoxys
|
|upkeep
|
|t:|1779958513
|switch|p2a: Slowking|Slowking-Galar, F, shiny|53/100
|turn|19
|
|t:|1779958521
|move|p1a: Iron Valiant|Shadow Ball|p2a: Slowking
|-supereffective|p2a: Slowking
|-damage|p2a: Slowking|17/100
|move|p2a: Slowking|Psychic Noise|p1a: Iron Valiant
|-supereffective|p1a: Iron Valiant
|-damage|p1a: Iron Valiant|0 fnt
|faint|p1a: Iron Valiant
|-end|p1a: Iron Valiant|Quark Drive|[silent]
|
|upkeep
|
|t:|1779958532
|switch|p1a: Dragonite|Dragonite, M|100/100
|turn|20
|
|t:|1779958538
|move|p1a: Dragonite|Dragon Dance|p1a: Dragonite
|-boost|p1a: Dragonite|atk|1
|-boost|p1a: Dragonite|spe|1
|-prepare|p2a: Slowking|Chilly Reception|[premajor]
|move|p2a: Slowking|Chilly Reception|p2a: Slowking
|-weather|Snowscape
|
|t:|1779958547
|switch|p2a: Iron Boulder|Iron Boulder|100/100|[from] Chilly Reception
|-damage|p2a: Iron Boulder|88/100|[from] Stealth Rock
|-enditem|p2a: Iron Boulder|Booster Energy
|-activate|p2a: Iron Boulder|ability: Quark Drive|[fromitem]
|-start|p2a: Iron Boulder|quarkdrivespe
|
|-weather|Snowscape|[upkeep]
|upkeep
|turn|21
|
|t:|1779958558
|move|p2a: Iron Boulder|Mighty Cleave|p1a: Dragonite
|-supereffective|p1a: Dragonite
|-damage|p1a: Dragonite|45/100
|move|p1a: Dragonite|Earthquake|p2a: Iron Boulder
|-supereffective|p2a: Iron Boulder
|-damage|p2a: Iron Boulder|0 fnt
|faint|p2a: Iron Boulder
|-end|p2a: Iron Boulder|Quark Drive|[silent]
|
|-weather|Snowscape|[upkeep]
|upkeep
|
|t:|1779958566
|switch|p2a: Zapdos|Zapdos|83/100 psn
|turn|22
|
|t:|1779958575
|switch|p1a: Glimmora|Glimmora, M|85/100 par
|move|p2a: Zapdos|Thunderbolt|p1a: Glimmora
|-damage|p1a: Glimmora|35/100 par
|
|-weather|Snowscape|[upkeep]
|-damage|p2a: Zapdos|71/100 psn|[from] psn
|upkeep
|turn|23
|
|t:|1779958588
|move|p2a: Zapdos|Thunderbolt|p1a: Glimmora
|-damage|p1a: Glimmora|0 fnt
|faint|p1a: Glimmora
|
|-weather|Snowscape|[upkeep]
|-damage|p2a: Zapdos|58/100 psn|[from] psn
|upkeep
|
|t:|1779958595
|switch|p1a: Kingambit|Kingambit, F|100/100
|-activate|p1a: Kingambit|ability: Supreme Overlord
|-start|p1a: Kingambit|fallen4|[silent]
|turn|24
|
|t:|1779958608
|move|p1a: Kingambit|Sucker Punch|p2a: Zapdos
|-damage|p2a: Zapdos|1/100 psn
|-status|p1a: Kingambit|par|[from] ability: Static|[of] p2a: Zapdos
|move|p2a: Zapdos|Heat Wave|p1a: Kingambit
|-supereffective|p1a: Kingambit
|-damage|p1a: Kingambit|47/100 par
|
|-weather|none
|-damage|p2a: Zapdos|0 fnt|[from] psn
|faint|p2a: Zapdos
|upkeep
|
|t:|1779958615
|switch|p2a: Ogerpon|Ogerpon-Wellspring, F|100/100
|-damage|p2a: Ogerpon|88/100|[from] Stealth Rock
|turn|25
|
|t:|1779958624
|move|p1a: Kingambit|Sucker Punch||[still]
|-fail|p1a: Kingambit
|move|p2a: Ogerpon|Encore|p1a: Kingambit
|-start|p1a: Kingambit|Encore
|
|upkeep
|turn|26
|
|t:|1779958631
|switch|p2a: Slowking|Slowking-Galar, F, shiny|50/100
|move|p1a: Kingambit|Sucker Punch||[still]
|-fail|p1a: Kingambit
|
|upkeep
|turn|27
|
|t:|1779958637
|-end|p1a: Kingambit|fallen4|[silent]
|switch|p1a: Dragonite|Dragonite, M|45/100
|-prepare|p2a: Slowking|Chilly Reception|[premajor]
|move|p2a: Slowking|Chilly Reception|p2a: Slowking
|-weather|Snowscape
|
|t:|1779958641
|switch|p2a: Ogerpon|Ogerpon-Wellspring, F|88/100|[from] Chilly Reception
|-damage|p2a: Ogerpon|76/100|[from] Stealth Rock
|
|-weather|Snowscape|[upkeep]
|upkeep
|turn|28
|
|t:|1779958651
|move|p1a: Dragonite|Extreme Speed|p2a: Ogerpon
|-damage|p2a: Ogerpon|35/100
|move|p2a: Ogerpon|Ivy Cudgel|p1a: Dragonite|[anim] Ivy Cudgel Water
|-resisted|p1a: Dragonite
|-damage|p1a: Dragonite|13/100
|
|-weather|Snowscape|[upkeep]
|upkeep
|turn|29
|
|t:|1779958660
|move|p2a: Ogerpon|Spiky Shield|p2a: Ogerpon
|-singleturn|p2a: Ogerpon|move: Protect
|move|p1a: Dragonite|Extreme Speed|p2a: Ogerpon
|-activate|p2a: Ogerpon|move: Protect
|-damage|p1a: Dragonite|1/100|[from] Spiky Shield|[of] p2a: Ogerpon
|
|-weather|Snowscape|[upkeep]
|upkeep
|turn|30
|
|t:|1779958669
|move|p2a: Ogerpon|Spiky Shield||[still]
|-fail|p2a: Ogerpon
|move|p1a: Dragonite|Extreme Speed|p2a: Ogerpon
|-damage|p2a: Ogerpon|0 fnt
|faint|p2a: Ogerpon
|
|-weather|Snowscape|[upkeep]
|upkeep
|
|t:|1779958671
|switch|p2a: Decidueye|Decidueye-Hisui, F|100/100
|-damage|p2a: Decidueye|95/100|[from] Stealth Rock
|turn|31
|
|t:|1779958684
|move|p2a: Decidueye|Shadow Sneak|p1a: Dragonite
|-damage|p1a: Dragonite|0 fnt
|faint|p1a: Dragonite
|
|-weather|none
|upkeep
|
|t:|1779958690
|switch|p1a: Kingambit|Kingambit, F|47/100 par
|-activate|p1a: Kingambit|ability: Supreme Overlord
|-start|p1a: Kingambit|fallen5|[silent]
|turn|32
|
|t:|1779958699
|move|p2a: Decidueye|Swords Dance|p2a: Decidueye
|-boost|p2a: Decidueye|atk|2
|move|p1a: Kingambit|Iron Head|p2a: Decidueye
|-damage|p2a: Decidueye|3/100
|
|upkeep
|turn|33
|
|t:|1779958706
|move|p2a: Decidueye|Shadow Sneak|p1a: Kingambit
|-resisted|p1a: Kingambit
|-damage|p1a: Kingambit|35/100 par
|move|p1a: Kingambit|Sucker Punch||[still]
|-fail|p1a: Kingambit
|
|upkeep
|turn|34
|
|t:|1779958712
|move|p2a: Decidueye|Triple Arrows|p1a: Kingambit
|-supereffective|p1a: Kingambit
|-damage|p1a: Kingambit|0 fnt
|faint|p1a: Kingambit
|-end|p1a: Kingambit|fallen5|[silent]
|
|win|Halloworlditsme
|raw|Psypedro's rating: 1264 &rarr; <strong>1241</strong><br />(-23 for losing)
|raw|Halloworlditsme's rating: 1287 &rarr; <strong>1310</strong><br />(+23 for winning)
|l|☆Halloworlditsme
|player|p2|
|l|☆Psypedro
|player|p1|
|j|☆Psypedro
|player|p1|Psypedro|dragontamer|
|l|☆Psypedro
|player|p1|
