|badge|p1|bronze|gen9ubers|100-9
|uhtml|medal-msg|<div class="broadcast-blue">Curious what those medals under the avatar are? PS now has Ladder Seasons! For more information, check out the <a href="https://www.smogon.com/forums/threads/3740067/">thread on Smogon.</a></div>
|j|☆alexander90281
|j|☆Curbs
|t:|1779808331
|gametype|singles
|player|p1|alexander90281|tateandliza-gen3|1633
|player|p2|Curbs|n|1555
|gen|9
|tier|[Gen 9] OU
|rated|
|rule|HP Percentage Mod: HP is shown in percentages
|rule|Endless Battle Clause: Forcing endless battles is banned
|rule|Species Clause: Limit one of each Pokémon
|rule|OHKO Clause: OHKO moves are banned
|rule|Evasion Items Clause: Evasion items are banned
|rule|Evasion Moves Clause: Evasion moves are banned
|rule|Evasion Abilities Clause: Evasion abilities are banned
|rule|Sleep Moves Clause: Sleep-inducing moves are banned
|clearpoke
|poke|p1|Mimikyu, M|
|poke|p1|Hatterene, F|
|poke|p1|Ursaluna, M|
|poke|p1|Raging Bolt|
|poke|p1|Kingambit, M|
|poke|p1|Ogerpon, F|
|poke|p2|Iron Moth|
|poke|p2|Gliscor, F|
|poke|p2|Hatterene, F|
|poke|p2|Ogerpon-Wellspring, F|
|poke|p2|Raging Bolt|
|poke|p2|Zamazenta-*|
|teampreview
|inactive|Battle timer is ON: inactive players will automatically lose when time's up. (requested by Curbs)
|
|t:|1779808344
|teamsize|p1|6
|teamsize|p2|6
|start
|switch|p1a: Hatterene|Hatterene, F|100/100
|switch|p2a: Zamazenta|Zamazenta|100/100
|-ability|p2a: Zamazenta|Dauntless Shield|boost
|-boost|p2a: Zamazenta|def|1
|turn|1
|
|t:|1779808357
|move|p2a: Zamazenta|Light Screen|p2a: Zamazenta
|-sidestart|p2: Curbs|move: Light Screen
|move|p1a: Hatterene|Trick Room|p1a: Hatterene
|-fieldstart|move: Trick Room|[of] p1a: Hatterene
|
|upkeep
|turn|2
|
|t:|1779808360
|move|p1a: Hatterene|Psychic Noise|p2a: Zamazenta
|-supereffective|p2a: Zamazenta
|-damage|p2a: Zamazenta|63/100
|-start|p2a: Zamazenta|move: Heal Block
|move|p2a: Zamazenta|Reflect|p2a: Zamazenta
|-sidestart|p2: Curbs|Reflect
|
|upkeep
|turn|3
|
|t:|1779808370
|switch|p2a: Ogerpon|Ogerpon-Wellspring, F|100/100
|move|p1a: Hatterene|Psychic Noise|p2a: Ogerpon
|-damage|p2a: Ogerpon|74/100
|-start|p2a: Ogerpon|move: Heal Block
|
|upkeep
|turn|4
|
|t:|1779808381
|switch|p1a: Ursaluna|Ursaluna, M|100/100
|move|p2a: Ogerpon|Ivy Cudgel|p1a: Ursaluna|[anim] Ivy Cudgel Water
|-supereffective|p1a: Ursaluna
|-damage|p1a: Ursaluna|1/100
|
|-end|p2a: Ogerpon|move: Heal Block
|-status|p1a: Ursaluna|brn|[from] item: Flame Orb
|upkeep
|turn|5
|c|☆Curbs|cool team
|
|t:|1779808397
|move|p1a: Ursaluna|Facade|p2a: Ogerpon
|-damage|p2a: Ogerpon|0 fnt
|faint|p2a: Ogerpon
|
|-damage|p1a: Ursaluna|0 fnt|[from] brn
|faint|p1a: Ursaluna
|-fieldend|move: Trick Room
|upkeep
|
|t:|1779808407
|switch|p2a: Gliscor|Gliscor, F|100/100
|switch|p1a: Hatterene|Hatterene, F|100/100
|turn|6
|
|t:|1779808414
|move|p2a: Gliscor|Swords Dance|p2a: Gliscor
|-boost|p2a: Gliscor|atk|2
|move|p1a: Hatterene|Psychic Noise|p2a: Gliscor
|-damage|p2a: Gliscor|70/100
|-start|p2a: Gliscor|move: Heal Block
|
|-status|p2a: Gliscor|tox|[from] item: Toxic Orb
|upkeep
|turn|7
|
|t:|1779808418
|move|p2a: Gliscor|Earthquake|p1a: Hatterene
|-enditem|p1a: Hatterene|Focus Sash
|-damage|p1a: Hatterene|1/100
|move|p1a: Hatterene|Trick Room|p1a: Hatterene
|-fieldstart|move: Trick Room|[of] p1a: Hatterene
|
|-end|p2a: Gliscor|move: Heal Block
|upkeep
|turn|8
|
|t:|1779808426
|move|p1a: Hatterene|Psychic Noise|p2a: Gliscor
|-damage|p2a: Gliscor|39/100 tox
|-start|p2a: Gliscor|move: Heal Block
|move|p2a: Gliscor|Swords Dance|p2a: Gliscor
|-boost|p2a: Gliscor|atk|2
|
|-sideend|p2: Curbs|move: Light Screen
|upkeep
|turn|9
|
|t:|1779808436
|switch|p2a: Hatterene|Hatterene, F|100/100
|move|p1a: Hatterene|Psychic Noise|p2a: Hatterene
|-resisted|p2a: Hatterene
|-damage|p2a: Hatterene|79/100
|-start|p2a: Hatterene|move: Heal Block
|
|-sideend|p2: Curbs|Reflect
|upkeep
|turn|10
|
|t:|1779808445
|move|p1a: Hatterene|Healing Wish|p1a: Hatterene
|faint|p1a: Hatterene
|move|p2a: Hatterene|Mystical Fire|p1: Hatterene|[notarget]
|-fail|p2a: Hatterene
|
|-end|p2a: Hatterene|move: Heal Block
|upkeep
|
|t:|1779808452
|switch|p1a: Ogerpon|Ogerpon, F|100/100
|turn|11
|
|t:|1779808458
|switch|p2a: Iron Moth|Iron Moth|100/100
|-enditem|p2a: Iron Moth|Booster Energy
|-activate|p2a: Iron Moth|ability: Quark Drive|[fromitem]
|-start|p2a: Iron Moth|quarkdrivespe
|move|p1a: Ogerpon|Swords Dance|p1a: Ogerpon
|-boost|p1a: Ogerpon|atk|2
|
|-fieldend|move: Trick Room
|upkeep
|turn|12
|
|t:|1779808464
|-terastallize|p1a: Ogerpon|Grass
|detailschange|p1a: Ogerpon|Ogerpon-Teal-Tera, F, tera:Grass
|-ability|p1a: Ogerpon|Embody Aspect (Teal)|boost
|-boost|p1a: Ogerpon|spe|1
|move|p2a: Iron Moth|Sludge Wave|p1a: Ogerpon
|-supereffective|p1a: Ogerpon
|-damage|p1a: Ogerpon|0 fnt
|faint|p1a: Ogerpon
|detailschange|p1: Ogerpon|Ogerpon, F|[silent]
|
|upkeep
|c|☆Curbs|thank god
|
|t:|1779808473
|switch|p1a: Mimikyu|Mimikyu, M|100/100
|turn|13
|
|t:|1779808484
|move|p2a: Iron Moth|Fiery Dance|p1a: Mimikyu
|-activate|p1a: Mimikyu|ability: Disguise
|-damage|p1a: Mimikyu|100/100
|detailschange|p1a: Mimikyu|Mimikyu-Busted, M
|-damage|p1a: Mimikyu|88/100|[from] pokemon: Mimikyu-Busted
|move|p1a: Mimikyu|Trick Room|p1a: Mimikyu
|-fieldstart|move: Trick Room|[of] p1a: Mimikyu
|
|upkeep
|turn|14
|
|t:|1779808496
|move|p1a: Mimikyu|Curse|p2a: Iron Moth
|-start|p2a: Iron Moth|Curse|[of] p1a: Mimikyu
|-damage|p1a: Mimikyu|38/100
|move|p2a: Iron Moth|Sludge Wave|p1a: Mimikyu
|-damage|p1a: Mimikyu|0 fnt
|faint|p1a: Mimikyu
|
|-damage|p2a: Iron Moth|76/100|[from] Curse
|upkeep
|
|t:|1779808499
|switch|p1a: Kingambit|Kingambit, M|100/100
|-activate|p1a: Kingambit|ability: Supreme Overlord
|-start|p1a: Kingambit|fallen4|[silent]
|turn|15
|
|t:|1779808501
|move|p1a: Kingambit|Sucker Punch||[still]
|-fail|p1a: Kingambit
|move|p2a: Iron Moth|Whirlwind|p1a: Kingambit
|-end|p1a: Kingambit|fallen4|[silent]
|drag|p1a: Raging Bolt|Raging Bolt|100/100
|-enditem|p1a: Raging Bolt|Booster Energy
|-activate|p1a: Raging Bolt|ability: Protosynthesis|[fromitem]
|-start|p1a: Raging Bolt|protosynthesisspa
|
|-damage|p2a: Iron Moth|51/100|[from] Curse
|upkeep
|turn|16
|
|t:|1779808512
|move|p1a: Raging Bolt|Dragon Pulse|p2a: Iron Moth
|-damage|p2a: Iron Moth|0 fnt
|faint|p2a: Iron Moth
|-end|p2a: Iron Moth|Quark Drive|[silent]
|
|upkeep
|inactive|Curbs has 120 seconds left.
|
|t:|1779808540
|switch|p2a: Hatterene|Hatterene, F|79/100
|turn|17
|
|t:|1779808561
|move|p2a: Hatterene|Mystical Fire|p1a: Raging Bolt
|-resisted|p1a: Raging Bolt
|-damage|p1a: Raging Bolt|91/100
|-unboost|p1a: Raging Bolt|spa|1
|move|p1a: Raging Bolt|Calm Mind|p1a: Raging Bolt
|-boost|p1a: Raging Bolt|spa|1
|-boost|p1a: Raging Bolt|spd|1
|
|-heal|p2a: Hatterene|85/100|[from] item: Leftovers
|-fieldend|move: Trick Room
|upkeep
|turn|18
|
|t:|1779808572
|switch|p2a: Zamazenta|Zamazenta|63/100
|move|p1a: Raging Bolt|Dragon Pulse|p2a: Zamazenta
|-damage|p2a: Zamazenta|11/100
|
|upkeep
|turn|19
|
|t:|1779808575
|move|p2a: Zamazenta|Light Screen|p2a: Zamazenta
|-sidestart|p2: Curbs|move: Light Screen
|move|p1a: Raging Bolt|Thunderbolt|p2a: Zamazenta
|-damage|p2a: Zamazenta|0 fnt
|faint|p2a: Zamazenta
|
|upkeep
|
|t:|1779808580
|switch|p2a: Gliscor|Gliscor, F|39/100 tox
|turn|20
|
|t:|1779808583
|move|p2a: Gliscor|Earthquake|p1a: Raging Bolt
|-supereffective|p1a: Raging Bolt
|-damage|p1a: Raging Bolt|23/100
|move|p1a: Raging Bolt|Dragon Pulse|p2a: Gliscor
|-damage|p2a: Gliscor|0 fnt
|faint|p2a: Gliscor
|
|upkeep
|inactive|Curbs has 120 seconds left.
|inactive|Curbs has 90 seconds left.
|inactive|Curbs has 60 seconds left.
|
|t:|1779808676
|switch|p2a: Hatterene|Hatterene, F|85/100
|turn|21
|
|t:|1779808678
|move|p1a: Raging Bolt|Thunderbolt|p2a: Hatterene
|-damage|p2a: Hatterene|50/100
|move|p2a: Hatterene|Draining Kiss|p1a: Raging Bolt
|-supereffective|p1a: Raging Bolt
|-damage|p1a: Raging Bolt|0 fnt
|-heal|p2a: Hatterene|75/100|[from] drain|[of] p1a: Raging Bolt
|faint|p1a: Raging Bolt
|-end|p1a: Raging Bolt|Protosynthesis|[silent]
|
|-heal|p2a: Hatterene|81/100|[from] item: Leftovers
|upkeep
|
|t:|1779808702
|switch|p1a: Kingambit|Kingambit, M|100/100
|-activate|p1a: Kingambit|ability: Supreme Overlord
|-start|p1a: Kingambit|fallen5|[silent]
|turn|22
|
|t:|1779808708
|-terastallize|p2a: Hatterene|Water
|move|p1a: Kingambit|Swords Dance|p1a: Kingambit
|-boost|p1a: Kingambit|atk|2
|move|p2a: Hatterene|Mystical Fire|p1a: Kingambit
|-supereffective|p1a: Kingambit
|-damage|p1a: Kingambit|58/100
|-unboost|p1a: Kingambit|spa|1
|
|-heal|p2a: Hatterene|87/100|[from] item: Leftovers
|upkeep
|turn|23
|
|t:|1779808714
|move|p1a: Kingambit|Kowtow Cleave|p2a: Hatterene
|-damage|p2a: Hatterene|0 fnt
|faint|p2a: Hatterene
|
|upkeep
|
|t:|1779808716
|switch|p2a: Raging Bolt|Raging Bolt|100/100
|-enditem|p2a: Raging Bolt|Booster Energy
|-activate|p2a: Raging Bolt|ability: Protosynthesis|[fromitem]
|-start|p2a: Raging Bolt|protosynthesisspa
|turn|24
|
|t:|1779808720
|move|p2a: Raging Bolt|Thunderbolt|p1a: Kingambit
|-damage|p1a: Kingambit|0 fnt
|faint|p1a: Kingambit
|-end|p1a: Kingambit|fallen5|[silent]
|
|win|Curbs
|raw|alexander90281's rating: 1633 &rarr; <strong>1609</strong><br />(-24 for losing)
|raw|Curbs's rating: 1555 &rarr; <strong>1579</strong><br />(+24 for winning)
|l|☆alexander90281
|player|p1|
|c|☆Curbs|ggwp
|l|☆Curbs
|player|p2|
