|j|☆kkzlfpqrtz
|j|☆GladiusDragon
|t:|1779956849
|gametype|singles
|player|p1|kkzlfpqrtz|miku-water|1298
|player|p2|GladiusDragon|li|1288
|gen|9
|tier|[Gen 9] OU
|rated|
|rule|HP Percentage Mod: HP is shown in percentages
|rule|Endless Battle Clause: Forcing endless battles is banned
|rule|Species Clause: Limit one of each Pokémon
|rule|OHKO Clause: OHKO moves are banned
|rule|Evasion Items Clause: Evasion items are banned
|rule|Evasion Moves Clause: Evasion moves are banned
|rule|Evasion Abilities Clause: Evasion abilities are banned
|rule|Sleep Moves Clause: Sleep-inducing moves are banned
|clearpoke
|poke|p1|Kyurem|
|poke|p1|Darkrai|
|poke|p1|Tyranitar, F|
|poke|p1|Cinderace, M|
|poke|p1|Iron Moth|
|poke|p1|Weezing-Galar, M|
|poke|p2|Zapdos|
|poke|p2|Raging Bolt|
|poke|p2|Blastoise, F|
|poke|p2|Iron Valiant|
|poke|p2|Meowscarada, M|
|poke|p2|Hoopa-Unbound|
|teampreview
|inactive|Battle timer is ON: inactive players will automatically lose when time's up. (requested by GladiusDragon)
|inactive|kkzlfpqrtz also wants the timer to be on.
|
|t:|1779956870
|teamsize|p1|6
|teamsize|p2|6
|start
|switch|p1a: Tyranitar|Tyranitar, F|100/100
|switch|p2a: TorMoiLesCouilles|Blastoise, F|100/100
|-weather|Sandstorm|[from] ability: Sand Stream|[of] p1a: Tyranitar
|turn|1
|
|t:|1779956879
|move|p2a: TorMoiLesCouilles|Shell Smash|p2a: TorMoiLesCouilles
|-unboost|p2a: TorMoiLesCouilles|def|1
|-unboost|p2a: TorMoiLesCouilles|spd|1
|-boost|p2a: TorMoiLesCouilles|atk|2
|-boost|p2a: TorMoiLesCouilles|spa|2
|-boost|p2a: TorMoiLesCouilles|spe|2
|-enditem|p2a: TorMoiLesCouilles|White Herb
|-clearnegativeboost|p2a: TorMoiLesCouilles|[silent]
|move|p1a: Tyranitar|Power Gem|p2a: TorMoiLesCouilles
|-damage|p2a: TorMoiLesCouilles|38/100
|
|-weather|Sandstorm|[upkeep]
|-damage|p2a: TorMoiLesCouilles|32/100|[from] Sandstorm
|upkeep
|turn|2
|
|t:|1779956906
|switch|p1a: Weezing|Weezing-Galar, M|100/100
|move|p2a: TorMoiLesCouilles|Surf|p1a: Weezing
|-damage|p1a: Weezing|0 fnt
|faint|p1a: Weezing
|
|-weather|Sandstorm|[upkeep]
|-damage|p2a: TorMoiLesCouilles|26/100|[from] Sandstorm
|upkeep
|
|t:|1779956912
|switch|p1a: Darkrai|Darkrai|100/100
|turn|3
|
|t:|1779956914
|move|p1a: Darkrai|Sucker Punch|p2a: TorMoiLesCouilles
|-damage|p2a: TorMoiLesCouilles|0 fnt
|faint|p2a: TorMoiLesCouilles
|-damage|p1a: Darkrai|91/100|[from] item: Life Orb
|
|-weather|Sandstorm|[upkeep]
|-damage|p1a: Darkrai|84/100|[from] Sandstorm
|upkeep
|
|t:|1779956925
|switch|p2a: Smash|Iron Valiant|100/100
|turn|4
|
|t:|1779956934
|switch|p1a: Iron Moth|Iron Moth|100/100
|-enditem|p1a: Iron Moth|Booster Energy
|-activate|p1a: Iron Moth|ability: Quark Drive|[fromitem]
|-start|p1a: Iron Moth|quarkdrivespe
|move|p2a: Smash|Close Combat|p1a: Iron Moth
|-resisted|p1a: Iron Moth
|-damage|p1a: Iron Moth|41/100
|-unboost|p2a: Smash|def|1
|-unboost|p2a: Smash|spd|1
|-damage|p2a: Smash|91/100|[from] item: Life Orb
|
|-weather|Sandstorm|[upkeep]
|-damage|p1a: Iron Moth|35/100|[from] Sandstorm
|-damage|p2a: Smash|85/100|[from] Sandstorm
|upkeep
|turn|5
|
|t:|1779956947
|move|p1a: Iron Moth|Fiery Dance|p2a: Smash
|-damage|p2a: Smash|0 fnt
|-boost|p1a: Iron Moth|spa|1
|faint|p2a: Smash
|-end|p2a: Smash|Quark Drive|[silent]
|
|-weather|none
|upkeep
|
|t:|1779956958
|switch|p2a: FoudroieMoilLeCul|Zapdos|100/100
|turn|6
|
|t:|1779956966
|move|p1a: Iron Moth|Sludge Wave|p2a: FoudroieMoilLeCul
|-damage|p2a: FoudroieMoilLeCul|27/100
|move|p2a: FoudroieMoilLeCul|Hurricane|p1a: Iron Moth
|-damage|p1a: Iron Moth|0 fnt
|faint|p1a: Iron Moth
|-end|p1a: Iron Moth|Quark Drive|[silent]
|
|upkeep
|
|t:|1779956975
|switch|p1a: Tyranitar|Tyranitar, F|100/100
|-weather|Sandstorm|[from] ability: Sand Stream|[of] p1a: Tyranitar
|turn|7
|
|t:|1779956981
|move|p2a: FoudroieMoilLeCul|Volt Switch|p1a: Tyranitar
|-damage|p1a: Tyranitar|83/100
|
|t:|1779956985
|switch|p2a: Eric Antoine|Meowscarada, M|100/100|[from] Volt Switch
|move|p1a: Tyranitar|Power Gem|p2a: Eric Antoine
|-damage|p2a: Eric Antoine|10/100
|
|-weather|Sandstorm|[upkeep]
|-damage|p2a: Eric Antoine|4/100|[from] Sandstorm
|upkeep
|turn|8
|
|t:|1779956998
|switch|p1a: Kyurem|Kyurem|100/100
|-ability|p1a: Kyurem|Pressure
|move|p2a: Eric Antoine|Flower Trick|p1a: Kyurem
|-start|p2a: Eric Antoine|typechange|Grass|[from] ability: Protean
|-resisted|p1a: Kyurem
|-crit|p1a: Kyurem
|-damage|p1a: Kyurem|77/100
|
|-weather|Sandstorm|[upkeep]
|-damage|p2a: Eric Antoine|0 fnt|[from] Sandstorm
|-damage|p1a: Kyurem|71/100|[from] Sandstorm
|faint|p2a: Eric Antoine
|upkeep
|
|t:|1779957015
|switch|p2a: DonutSucré|Hoopa-Unbound|100/100
|turn|9
|
|t:|1779957028
|move|p1a: Kyurem|Ice Beam|p2a: DonutSucré
|-damage|p2a: DonutSucré|77/100
|move|p2a: DonutSucré|Drain Punch|p1a: Kyurem
|-supereffective|p1a: Kyurem
|-damage|p1a: Kyurem|10/100
|-heal|p2a: DonutSucré|100/100|[from] drain|[of] p1a: Kyurem
|
|-weather|Sandstorm|[upkeep]
|-damage|p1a: Kyurem|4/100|[from] Sandstorm
|-damage|p2a: DonutSucré|94/100|[from] Sandstorm
|upkeep
|turn|10
|
|t:|1779957037
|move|p1a: Kyurem|Ice Beam|p2a: DonutSucré
|-damage|p2a: DonutSucré|70/100
|-status|p2a: DonutSucré|frz
|cant|p2a: DonutSucré|frz
|
|-weather|Sandstorm|[upkeep]
|-damage|p1a: Kyurem|0 fnt|[from] Sandstorm
|-damage|p2a: DonutSucré|64/100 frz|[from] Sandstorm
|faint|p1a: Kyurem
|upkeep
|
|t:|1779957044
|switch|p1a: Cinderace|Cinderace, M|100/100
|turn|11
|
|t:|1779957054
|move|p1a: Cinderace|U-turn|p2a: DonutSucré
|-start|p1a: Cinderace|typechange|Bug|[from] ability: Libero
|-supereffective|p2a: DonutSucré
|-damage|p2a: DonutSucré|0 fnt
|faint|p2a: DonutSucré
|
|t:|1779957058
|switch|p1a: Tyranitar|Tyranitar, F|83/100|[from] U-turn
|
|-weather|none
|upkeep
|
|t:|1779957067
|switch|p2a: LaGiraf'|Raging Bolt|100/100
|-enditem|p2a: LaGiraf'|Booster Energy
|-activate|p2a: LaGiraf'|ability: Protosynthesis|[fromitem]
|-start|p2a: LaGiraf'|protosynthesisspa
|turn|12
|
|t:|1779957077
|-terastallize|p2a: LaGiraf'|Fairy
|move|p2a: LaGiraf'|Calm Mind|p2a: LaGiraf'
|-boost|p2a: LaGiraf'|spa|1
|-boost|p2a: LaGiraf'|spd|1
|move|p1a: Tyranitar|Earth Power|p2a: LaGiraf'
|-damage|p2a: LaGiraf'|74/100
|
|upkeep
|turn|13
|
|t:|1779957098
|switch|p1a: Darkrai|Darkrai|84/100
|move|p2a: LaGiraf'|Thunderbolt|p1a: Darkrai
|-damage|p1a: Darkrai|0 fnt
|faint|p1a: Darkrai
|
|upkeep
|
|t:|1779957100
|switch|p1a: Tyranitar|Tyranitar, F|83/100
|-weather|Sandstorm|[from] ability: Sand Stream|[of] p1a: Tyranitar
|turn|14
|
|t:|1779957107
|-terastallize|p1a: Tyranitar|Rock
|move|p2a: LaGiraf'|Thunderclap|p1a: Tyranitar
|-damage|p1a: Tyranitar|38/100
|move|p1a: Tyranitar|Power Gem|p2a: LaGiraf'
|-damage|p2a: LaGiraf'|25/100
|
|-weather|Sandstorm|[upkeep]
|-damage|p2a: LaGiraf'|19/100|[from] Sandstorm
|upkeep
|turn|15
|
|t:|1779957113
|move|p2a: LaGiraf'|Thunderclap|p1a: Tyranitar
|-damage|p1a: Tyranitar|0 fnt
|faint|p1a: Tyranitar
|
|-weather|Sandstorm|[upkeep]
|-damage|p2a: LaGiraf'|13/100|[from] Sandstorm
|upkeep
|
|t:|1779957115
|switch|p1a: Cinderace|Cinderace, M|100/100
|turn|16
|
|t:|1779957119
|move|p2a: LaGiraf'|Thunderclap||[still]
|-fail|p2a: LaGiraf'
|move|p1a: Cinderace|Court Change||[still]
|-start|p1a: Cinderace|typechange|Normal|[from] ability: Libero
|-fail|p1a: Cinderace
|
|-weather|Sandstorm|[upkeep]
|-damage|p1a: Cinderace|95/100|[from] Sandstorm
|-damage|p2a: LaGiraf'|7/100|[from] Sandstorm
|upkeep
|turn|17
|
|t:|1779957125
|move|p2a: LaGiraf'|Thunderclap||[still]
|-fail|p2a: LaGiraf'
|move|p1a: Cinderace|Court Change||[still]
|-fail|p1a: Cinderace
|
|-weather|Sandstorm|[upkeep]
|-damage|p1a: Cinderace|89/100|[from] Sandstorm
|-damage|p2a: LaGiraf'|0 fnt|[from] Sandstorm
|faint|p2a: LaGiraf'
|-end|p2a: LaGiraf'|Protosynthesis|[silent]
|upkeep
|
|t:|1779957128
|switch|p2a: FoudroieMoilLeCul|Zapdos|27/100
|turn|18
|
|t:|1779957132
|move|p1a: Cinderace|Pyro Ball|p2a: FoudroieMoilLeCul
|-damage|p2a: FoudroieMoilLeCul|0 fnt
|faint|p2a: FoudroieMoilLeCul
|
|win|kkzlfpqrtz
|raw|kkzlfpqrtz's rating: 1298 &rarr; <strong>1322</strong><br />(+24 for winning)
|raw|GladiusDragon's rating: 1288 &rarr; <strong>1264</strong><br />(-24 for losing)
|l|☆GladiusDragon
|player|p2|
|l|☆kkzlfpqrtz
|player|p1|
