|j|☆Megataque1
|j|☆SemperMamba
|t:|1779799631
|gametype|singles
|player|p1|Megataque1|hiker-gen4|1322
|player|p2|SemperMamba|blackbelt-gen4dp|1303
|gen|9
|tier|[Gen 9] OU
|rated|
|rule|HP Percentage Mod: HP is shown in percentages
|rule|Endless Battle Clause: Forcing endless battles is banned
|rule|Species Clause: Limit one of each Pokémon
|rule|OHKO Clause: OHKO moves are banned
|rule|Evasion Items Clause: Evasion items are banned
|rule|Evasion Moves Clause: Evasion moves are banned
|rule|Evasion Abilities Clause: Evasion abilities are banned
|rule|Sleep Moves Clause: Sleep-inducing moves are banned
|clearpoke
|poke|p1|Araquanid, M|
|poke|p1|Scizor, F|
|poke|p1|Enamorus, F|
|poke|p1|Iron Treads|
|poke|p1|Tornadus-Therian, M|
|poke|p1|Porygon2|
|poke|p2|Vileplume, M|
|poke|p2|Moltres|
|poke|p2|Ninetales, M|
|poke|p2|Great Tusk|
|poke|p2|Latios, M|
|poke|p2|Lokix, F|
|teampreview
|inactive|Battle timer is ON: inactive players will automatically lose when time's up. (requested by Megataque1)
|
|t:|1779799645
|teamsize|p1|6
|teamsize|p2|6
|start
|switch|p1a: Francetoner|Porygon2, shiny|100/100
|switch|p2a: Lokix|Lokix, F, shiny|100/100
|turn|1
|
|t:|1779799649
|move|p2a: Lokix|Knock Off|p1a: Francetoner
|-damage|p1a: Francetoner|55/100
|-enditem|p1a: Francetoner|Eviolite|[from] move: Knock Off|[of] p2a: Lokix
|move|p1a: Francetoner|Tri Attack|p2a: Lokix
|-damage|p2a: Lokix|4/100
|
|upkeep
|turn|2
|
|t:|1779799661
|switch|p2a: Ninetales|Ninetales, M|100/100
|-weather|SunnyDay|[from] ability: Drought|[of] p2a: Ninetales
|move|p1a: Francetoner|Tri Attack|p2a: Ninetales
|-damage|p2a: Ninetales|52/100
|
|-weather|SunnyDay|[upkeep]
|upkeep
|turn|3
|
|t:|1779799682
|switch|p2a: Vileplume|Vileplume, M, shiny|100/100
|move|p1a: Francetoner|Discharge|p2a: Vileplume
|-resisted|p2a: Vileplume
|-damage|p2a: Vileplume|89/100
|
|-weather|SunnyDay|[upkeep]
|upkeep
|turn|4
|
|t:|1779799688
|move|p2a: Vileplume|Giga Drain|p1a: Francetoner
|-damage|p1a: Francetoner|17/100
|-heal|p2a: Vileplume|100/100|[from] drain|[of] p1a: Francetoner
|move|p1a: Francetoner|Ice Beam|p2a: Vileplume
|-supereffective|p2a: Vileplume
|-damage|p2a: Vileplume|48/100
|
|-weather|SunnyDay|[upkeep]
|upkeep
|turn|5
|
|t:|1779799695
|switch|p1a: Tornadus|Tornadus-Therian, M|100/100
|move|p2a: Vileplume|Giga Drain|p1a: Tornadus
|-resisted|p1a: Tornadus
|-damage|p1a: Tornadus|78/100
|-heal|p2a: Vileplume|57/100|[from] drain|[of] p1a: Tornadus
|
|-weather|SunnyDay|[upkeep]
|upkeep
|turn|6
|
|t:|1779799717
|switch|p2a: Moltres|Moltres|100/100
|move|p1a: Tornadus|Heat Wave|p2a: Moltres
|-resisted|p2a: Moltres
|-damage|p2a: Moltres|78/100
|
|-weather|SunnyDay|[upkeep]
|upkeep
|turn|7
|
|t:|1779799727
|move|p1a: Tornadus|U-turn|p2a: Moltres
|-resisted|p2a: Moltres
|-damage|p2a: Moltres|75/100
|
|t:|1779799729
|switch|p1a: Francetoner|Porygon2, shiny|17/100|[from] U-turn
|move|p2a: Moltres|U-turn|p1a: Francetoner
|-damage|p1a: Francetoner|3/100
|
|t:|1779799739
|switch|p2a: Vileplume|Vileplume, M, shiny|57/100|[from] U-turn
|
|-weather|SunnyDay|[upkeep]
|upkeep
|turn|8
|
|t:|1779799752
|move|p2a: Vileplume|Giga Drain|p1a: Francetoner
|-damage|p1a: Francetoner|0 fnt
|-heal|p2a: Vileplume|58/100|[from] drain|[of] p1a: Francetoner
|faint|p1a: Francetoner
|
|-weather|SunnyDay|[upkeep]
|upkeep
|
|t:|1779799759
|switch|p1a: Araquanid|Araquanid, M|100/100
|turn|9
|
|t:|1779799768
|switch|p2a: Great Tusk|Great Tusk|100/100
|-activate|p2a: Great Tusk|ability: Protosynthesis
|-start|p2a: Great Tusk|protosynthesisspe
|move|p1a: Araquanid|Sticky Web|p2a: Great Tusk
|-sidestart|p2: SemperMamba|move: Sticky Web
|
|-weather|none
|-end|p2a: Great Tusk|Protosynthesis
|upkeep
|turn|10
|
|t:|1779799788
|move|p2a: Great Tusk|Rapid Spin|p1a: Araquanid
|-damage|p1a: Araquanid|84/100
|-boost|p2a: Great Tusk|spe|1
|-sideend|p2: SemperMamba|Sticky Web|[from] move: Rapid Spin|[of] p2a: Great Tusk
|move|p1a: Araquanid|Liquidation|p2a: Great Tusk
|-supereffective|p2a: Great Tusk
|-damage|p2a: Great Tusk|4/100
|
|upkeep
|turn|11
|
|t:|1779799802
|-end|p2a: Great Tusk|Protosynthesis|[silent]
|switch|p2a: Latios|Latios, M|100/100
|move|p1a: Araquanid|Pounce|p2a: Latios
|-supereffective|p2a: Latios
|-damage|p2a: Latios|52/100
|-unboost|p2a: Latios|spe|1
|
|upkeep
|turn|12
|
|t:|1779799812
|move|p2a: Latios|Trick|p1a: Araquanid
|-activate|p2a: Latios|move: Trick|[of] p1a: Araquanid
|-item|p1a: Araquanid|Choice Scarf|[from] move: Trick
|-item|p2a: Latios|Mystic Water|[from] move: Trick
|move|p1a: Araquanid|Leech Life|p2a: Latios
|-supereffective|p2a: Latios
|-damage|p2a: Latios|0 fnt
|-heal|p1a: Araquanid|100/100|[from] drain|[of] p2a: Latios
|faint|p2a: Latios
|
|upkeep
|
|t:|1779799819
|switch|p2a: Moltres|Moltres|75/100
|turn|13
|
|t:|1779799827
|switch|p1a: Tornadus|Tornadus-Therian, M|100/100
|move|p2a: Moltres|U-turn|p1a: Tornadus
|-resisted|p1a: Tornadus
|-damage|p1a: Tornadus|90/100
|
|t:|1779799832
|switch|p2a: Ninetales|Ninetales, M|52/100|[from] U-turn
|-weather|SunnyDay|[from] ability: Drought|[of] p2a: Ninetales
|
|-weather|SunnyDay|[upkeep]
|upkeep
|turn|14
|
|t:|1779799837
|move|p1a: Tornadus|Knock Off|p2a: Ninetales
|-damage|p2a: Ninetales|23/100
|-enditem|p2a: Ninetales|Heat Rock|[from] move: Knock Off|[of] p1a: Tornadus
|move|p2a: Ninetales|Healing Wish|p2a: Ninetales
|faint|p2a: Ninetales
|
|-weather|SunnyDay|[upkeep]
|upkeep
|
|t:|1779799849
|switch|p2a: Lokix|Lokix, F, shiny|4/100
|-heal|p2a: Lokix|100/100|[from] move: Healing Wish
|turn|15
|
|t:|1779799858
|-terastallize|p2a: Lokix|Bug
|move|p2a: Lokix|First Impression|p1a: Tornadus
|-resisted|p1a: Tornadus
|-damage|p1a: Tornadus|0 fnt
|faint|p1a: Tornadus
|
|-weather|SunnyDay|[upkeep]
|upkeep
|
|t:|1779799871
|switch|p1a: Scizor|Scizor, F|100/100
|turn|16
|
|t:|1779799895
|switch|p2a: Vileplume|Vileplume, M, shiny|58/100
|move|p1a: Scizor|Dual Wingbeat|p2a: Vileplume|[miss]
|-miss|p1a: Scizor|p2a: Vileplume
|
|-weather|SunnyDay|[upkeep]
|upkeep
|turn|17
|
|t:|1779799902
|move|p2a: Vileplume|Weather Ball|p1a: Scizor
|-supereffective|p1a: Scizor
|-damage|p1a: Scizor|0 fnt
|faint|p1a: Scizor
|
|-weather|SunnyDay|[upkeep]
|upkeep
|
|t:|1779799907
|switch|p1a: Araquanid|Araquanid, M|100/100
|turn|18
|
|t:|1779799926
|move|p2a: Vileplume|Giga Drain|p1a: Araquanid
|-damage|p1a: Araquanid|70/100
|-heal|p2a: Vileplume|73/100|[from] drain|[of] p1a: Araquanid
|move|p1a: Araquanid|Leech Life|p2a: Vileplume
|-damage|p2a: Vileplume|39/100
|-heal|p1a: Araquanid|88/100|[from] drain|[of] p2a: Vileplume
|
|-weather|SunnyDay|[upkeep]
|upkeep
|turn|19
|
|t:|1779799941
|switch|p2a: Moltres|Moltres|75/100
|move|p1a: Araquanid|Leech Life|p2a: Moltres
|-resisted|p2a: Moltres
|-damage|p2a: Moltres|69/100
|-heal|p1a: Araquanid|91/100|[from] drain|[of] p2a: Moltres
|
|-weather|SunnyDay|[upkeep]
|upkeep
|turn|20
|
|t:|1779799948
|switch|p1a: Enamorus|Enamorus, F|100/100
|move|p2a: Moltres|U-turn|p1a: Enamorus
|-resisted|p1a: Enamorus
|-damage|p1a: Enamorus|95/100
|
|t:|1779799952
|switch|p2a: Vileplume|Vileplume, M, shiny|39/100|[from] U-turn
|
|-weather|none
|upkeep
|turn|21
|
|t:|1779799966
|move|p1a: Enamorus|Earth Power|p2a: Vileplume
|-damage|p2a: Vileplume|18/100
|move|p2a: Vileplume|Giga Drain|p1a: Enamorus
|-resisted|p1a: Enamorus
|-damage|p1a: Enamorus|69/100
|-heal|p2a: Vileplume|29/100|[from] drain|[of] p1a: Enamorus
|
|upkeep
|turn|22
|
|t:|1779799978
|move|p1a: Enamorus|Earth Power|p2a: Vileplume
|-damage|p2a: Vileplume|4/100
|-unboost|p2a: Vileplume|spd|1
|move|p2a: Vileplume|Sludge Bomb|p1a: Enamorus
|-supereffective|p1a: Enamorus
|-damage|p1a: Enamorus|0 fnt
|faint|p1a: Enamorus
|
|upkeep
|
|t:|1779799991
|switch|p1a: Araquanid|Araquanid, M|91/100
|turn|23
|
|t:|1779800000
|move|p1a: Araquanid|Liquidation|p2a: Vileplume
|-resisted|p2a: Vileplume
|-damage|p2a: Vileplume|0 fnt
|faint|p2a: Vileplume
|
|upkeep
|
|t:|1779800007
|switch|p2a: Lokix|Lokix, F, shiny, tera:Bug|100/100
|turn|24
|
|t:|1779800018
|move|p2a: Lokix|First Impression|p1a: Araquanid
|-damage|p1a: Araquanid|4/100
|move|p1a: Araquanid|Liquidation|p2a: Lokix
|-damage|p2a: Lokix|0 fnt
|faint|p2a: Lokix
|
|upkeep
|
|t:|1779800024
|switch|p2a: Great Tusk|Great Tusk|4/100
|turn|25
|
|t:|1779800029
|move|p2a: Great Tusk|Rapid Spin|p1a: Araquanid
|-damage|p1a: Araquanid|0 fnt
|-boost|p2a: Great Tusk|spe|1
|faint|p1a: Araquanid
|
|upkeep
|
|t:|1779800031
|switch|p1a: Iron Treads|Iron Treads|100/100
|-enditem|p1a: Iron Treads|Booster Energy
|-activate|p1a: Iron Treads|ability: Quark Drive|[fromitem]
|-start|p1a: Iron Treads|quarkdrivedef
|turn|26
|
|t:|1779800039
|move|p2a: Great Tusk|Headlong Rush|p1a: Iron Treads
|-supereffective|p1a: Iron Treads
|-damage|p1a: Iron Treads|49/100
|-unboost|p2a: Great Tusk|def|1
|-unboost|p2a: Great Tusk|spd|1
|move|p1a: Iron Treads|Rapid Spin|p2a: Great Tusk
|-damage|p2a: Great Tusk|0 fnt
|-boost|p1a: Iron Treads|spe|1
|faint|p2a: Great Tusk
|-end|p2a: Great Tusk|Protosynthesis|[silent]
|
|upkeep
|
|t:|1779800043
|switch|p2a: Moltres|Moltres|69/100
|turn|27
|
|t:|1779800047
|-terastallize|p1a: Iron Treads|Fighting
|move|p1a: Iron Treads|Body Press|p2a: Moltres
|-resisted|p2a: Moltres
|-damage|p2a: Moltres|52/100
|move|p2a: Moltres|Will-O-Wisp|p1a: Iron Treads
|-status|p1a: Iron Treads|brn
|
|-damage|p1a: Iron Treads|43/100 brn|[from] brn
|upkeep
|turn|28
|
|t:|1779800061
|move|p1a: Iron Treads|Body Press|p2a: Moltres
|-resisted|p2a: Moltres
|-damage|p2a: Moltres|43/100
|move|p2a: Moltres|Weather Ball|p1a: Iron Treads
|-damage|p1a: Iron Treads|24/100 brn
|
|-damage|p1a: Iron Treads|18/100 brn|[from] brn
|upkeep
|turn|29
|
|t:|1779800073
|move|p1a: Iron Treads|Iron Head|p2a: Moltres
|-resisted|p2a: Moltres
|-damage|p2a: Moltres|38/100
|move|p2a: Moltres|Roost|p2a: Moltres
|-heal|p2a: Moltres|88/100
|-singleturn|p2a: Moltres|move: Roost
|
|-damage|p1a: Iron Treads|11/100 brn|[from] brn
|upkeep
|turn|30
|-message|Megataque1 forfeited.
|
|win|SemperMamba
|raw|Megataque1's rating: 1322 &rarr; <strong>1301</strong><br />(-21 for losing)
|raw|SemperMamba's rating: 1303 &rarr; <strong>1324</strong><br />(+21 for winning)
|l|☆Megataque1
|player|p1|
|l|☆SemperMamba
|player|p2|
