|j|☆Maxxxxilla
|j|☆YumeKasumi76
|t:|1779899428
|gametype|singles
|player|p1|Maxxxxilla|alder|1395
|player|p2|YumeKasumi76|1|1365
|gen|9
|tier|[Gen 9] OU
|rated|
|rule|HP Percentage Mod: HP is shown in percentages
|rule|Endless Battle Clause: Forcing endless battles is banned
|rule|Species Clause: Limit one of each Pokémon
|rule|OHKO Clause: OHKO moves are banned
|rule|Evasion Items Clause: Evasion items are banned
|rule|Evasion Moves Clause: Evasion moves are banned
|rule|Evasion Abilities Clause: Evasion abilities are banned
|rule|Sleep Moves Clause: Sleep-inducing moves are banned
|clearpoke
|poke|p1|Ninetales, M|
|poke|p1|Walking Wake|
|poke|p1|Great Tusk|
|poke|p1|Ceruledge, F|
|poke|p1|Zarude|
|poke|p1|Iron Valiant|
|poke|p2|Dragapult, M|
|poke|p2|Bisharp, F|
|poke|p2|Glimmora, F|
|poke|p2|Entei|
|poke|p2|Braviary-Hisui, M|
|poke|p2|Cloyster, F|
|teampreview
|inactive|Battle timer is ON: inactive players will automatically lose when time's up. (requested by YumeKasumi76)
|
|t:|1779899438
|teamsize|p1|6
|teamsize|p2|6
|start
|switch|p1a: Ninetales|Ninetales, M|100/100
|switch|p2a: Hikari|Glimmora, F|100/100
|-weather|SunnyDay|[from] ability: Drought|[of] p1a: Ninetales
|turn|1
|
|t:|1779899455
|switch|p1a: Ceruledge|Ceruledge, F|100/100
|move|p2a: Hikari|Meteor Beam||[still]
|-prepare|p2a: Hikari|Meteor Beam
|-boost|p2a: Hikari|spa|1
|-enditem|p2a: Hikari|Power Herb
|-anim|p2a: Hikari|Meteor Beam|p1a: Ceruledge
|-supereffective|p1a: Ceruledge
|-enditem|p1a: Ceruledge|Focus Sash
|-damage|p1a: Ceruledge|1/100
|
|-weather|SunnyDay|[upkeep]
|upkeep
|turn|2
|
|t:|1779899469
|move|p2a: Hikari|Mortal Spin|p1a: Ceruledge
|-resisted|p1a: Ceruledge
|-damage|p1a: Ceruledge|0 fnt
|faint|p1a: Ceruledge
|
|-weather|SunnyDay|[upkeep]
|upkeep
|
|t:|1779899473
|switch|p1a: Great Tusk|Great Tusk|100/100
|-activate|p1a: Great Tusk|ability: Protosynthesis
|-start|p1a: Great Tusk|protosynthesisatk
|turn|3
|
|t:|1779899477
|move|p2a: Hikari|Dazzling Gleam|p1a: Great Tusk
|-supereffective|p1a: Great Tusk
|-damage|p1a: Great Tusk|22/100
|move|p1a: Great Tusk|Headlong Rush|p2a: Hikari
|-supereffective|p2a: Hikari
|-damage|p2a: Hikari|0 fnt
|-unboost|p1a: Great Tusk|def|1
|-unboost|p1a: Great Tusk|spd|1
|-activate|p2a: Hikari|ability: Toxic Debris
|-sidestart|p1: Maxxxxilla|move: Toxic Spikes
|faint|p2a: Hikari
|
|-weather|SunnyDay|[upkeep]
|upkeep
|
|t:|1779899487
|switch|p2a: Railgun|Dragapult, M|100/100
|turn|4
|
|t:|1779899493
|-end|p1a: Great Tusk|Protosynthesis|[silent]
|switch|p1a: Zarude|Zarude|100/100
|move|p2a: Railgun|Light Screen|p2a: Railgun
|-sidestart|p2: YumeKasumi76|move: Light Screen
|
|-weather|SunnyDay|[upkeep]
|upkeep
|turn|5
|
|t:|1779899502
|switch|p2a: Sovereign|Entei|100/100
|move|p1a: Zarude|Knock Off|p2a: Sovereign
|-damage|p2a: Sovereign|58/100
|-enditem|p2a: Sovereign|Mirror Herb|[from] move: Knock Off|[of] p1a: Zarude
|
|-weather|SunnyDay|[upkeep]
|upkeep
|turn|6
|
|t:|1779899510
|move|p1a: Zarude|Knock Off|p2a: Sovereign
|-damage|p2a: Sovereign|27/100
|move|p2a: Sovereign|Sacred Fire|p1a: Zarude
|-supereffective|p1a: Zarude
|-damage|p1a: Zarude|0 fnt
|faint|p1a: Zarude
|
|-weather|SunnyDay|[upkeep]
|upkeep
|
|t:|1779899527
|switch|p1a: Iron Valiant|Iron Valiant|100/100
|-status|p1a: Iron Valiant|psn
|-enditem|p1a: Iron Valiant|Booster Energy
|-activate|p1a: Iron Valiant|ability: Quark Drive|[fromitem]
|-start|p1a: Iron Valiant|quarkdrivespe
|turn|7
|
|t:|1779899544
|move|p2a: Sovereign|Extreme Speed|p1a: Iron Valiant
|-damage|p1a: Iron Valiant|62/100 psn
|move|p1a: Iron Valiant|Calm Mind|p1a: Iron Valiant
|-boost|p1a: Iron Valiant|spa|1
|-boost|p1a: Iron Valiant|spd|1
|
|-weather|SunnyDay|[upkeep]
|-damage|p1a: Iron Valiant|50/100 psn|[from] psn
|upkeep
|turn|8
|
|t:|1779899551
|-terastallize|p2a: Sovereign|Normal
|move|p2a: Sovereign|Extreme Speed|p1a: Iron Valiant
|-damage|p1a: Iron Valiant|0 fnt
|faint|p1a: Iron Valiant
|-end|p1a: Iron Valiant|Quark Drive|[silent]
|
|-weather|none
|upkeep
|
|t:|1779899556
|switch|p1a: Ninetales|Ninetales, M|100/100
|-status|p1a: Ninetales|psn
|-weather|SunnyDay|[from] ability: Drought|[of] p1a: Ninetales
|turn|9
|
|t:|1779899561
|move|p1a: Ninetales|Weather Ball|p2a: Sovereign
|-damage|p2a: Sovereign|0 fnt
|faint|p2a: Sovereign
|
|-weather|SunnyDay|[upkeep]
|-damage|p1a: Ninetales|88/100 psn|[from] psn
|upkeep
|
|t:|1779899564
|switch|p2a: Railgun|Dragapult, M|100/100
|turn|10
|
|t:|1779899573
|move|p2a: Railgun|Light Screen||[still]
|-fail|p2a: Railgun
|move|p1a: Ninetales|Healing Wish|p1a: Ninetales
|faint|p1a: Ninetales
|
|-weather|SunnyDay|[upkeep]
|upkeep
|
|t:|1779899578
|switch|p1a: Great Tusk|Great Tusk|22/100
|-heal|p1a: Great Tusk|100/100|[from] move: Healing Wish
|-status|p1a: Great Tusk|psn
|-activate|p1a: Great Tusk|ability: Protosynthesis
|-start|p1a: Great Tusk|protosynthesisatk
|turn|11
|
|t:|1779899584
|move|p2a: Railgun|Reflect|p2a: Railgun
|-sidestart|p2: YumeKasumi76|Reflect
|move|p1a: Great Tusk|Ice Spinner|p2a: Railgun
|-supereffective|p2a: Railgun
|-damage|p2a: Railgun|54/100
|
|-weather|SunnyDay|[upkeep]
|-damage|p1a: Great Tusk|88/100 psn|[from] psn
|-sideend|p2: YumeKasumi76|move: Light Screen
|upkeep
|turn|12
|
|t:|1779899590
|move|p2a: Railgun|Curse|p1a: Great Tusk
|-start|p1a: Great Tusk|Curse|[of] p2a: Railgun
|-damage|p2a: Railgun|4/100
|move|p1a: Great Tusk|Ice Spinner|p2a: Railgun
|-supereffective|p2a: Railgun
|-damage|p2a: Railgun|0 fnt
|faint|p2a: Railgun
|
|-weather|SunnyDay|[upkeep]
|-damage|p1a: Great Tusk|76/100 psn|[from] psn
|-damage|p1a: Great Tusk|51/100 psn|[from] Curse
|upkeep
|
|t:|1779899593
|switch|p2a: Shellussy|Cloyster, F|100/100
|turn|13
|
|t:|1779899598
|move|p1a: Great Tusk|Rapid Spin|p2a: Shellussy
|-damage|p2a: Shellussy|90/100
|-boost|p1a: Great Tusk|spe|1
|-sideend|p1: Maxxxxilla|Toxic Spikes|[from] move: Rapid Spin|[of] p1a: Great Tusk
|move|p2a: Shellussy|Shell Smash|p2a: Shellussy
|-unboost|p2a: Shellussy|def|1
|-unboost|p2a: Shellussy|spd|1
|-boost|p2a: Shellussy|atk|2
|-boost|p2a: Shellussy|spa|2
|-boost|p2a: Shellussy|spe|2
|-enditem|p2a: Shellussy|White Herb
|-clearnegativeboost|p2a: Shellussy|[silent]
|
|-weather|SunnyDay|[upkeep]
|-damage|p1a: Great Tusk|39/100 psn|[from] psn
|-damage|p1a: Great Tusk|14/100 psn|[from] Curse
|upkeep
|turn|14
|
|t:|1779899607
|move|p2a: Shellussy|Shell Smash|p2a: Shellussy
|-unboost|p2a: Shellussy|def|1
|-unboost|p2a: Shellussy|spd|1
|-boost|p2a: Shellussy|atk|2
|-boost|p2a: Shellussy|spa|2
|-boost|p2a: Shellussy|spe|2
|move|p1a: Great Tusk|Close Combat|p2a: Shellussy
|-supereffective|p2a: Shellussy
|-damage|p2a: Shellussy|0 fnt
|-unboost|p1a: Great Tusk|def|1
|-unboost|p1a: Great Tusk|spd|1
|faint|p2a: Shellussy
|
|-weather|SunnyDay|[upkeep]
|-damage|p1a: Great Tusk|1/100 psn|[from] psn
|-damage|p1a: Great Tusk|0 fnt|[from] Curse
|faint|p1a: Great Tusk
|-end|p1a: Great Tusk|Protosynthesis|[silent]
|upkeep
|
|t:|1779899611
|switch|p1a: Walking Wake|Walking Wake|100/100
|switch|p2a: Mentalist|Braviary-Hisui, M|100/100
|-activate|p1a: Walking Wake|ability: Protosynthesis
|-start|p1a: Walking Wake|protosynthesisspe
|turn|15
|
|t:|1779899625
|-terastallize|p1a: Walking Wake|Fire
|move|p1a: Walking Wake|Weather Ball|p2a: Mentalist
|-damage|p2a: Mentalist|0 fnt
|faint|p2a: Mentalist
|
|-weather|SunnyDay|[upkeep]
|upkeep
|
|t:|1779899629
|switch|p2a: Bellator|Bisharp, F, shiny|100/100
|turn|16
|
|t:|1779899631
|move|p2a: Bellator|Sucker Punch|p1a: Walking Wake
|-damage|p1a: Walking Wake|62/100
|move|p1a: Walking Wake|Weather Ball|p2a: Bellator
|-supereffective|p2a: Bellator
|-crit|p2a: Bellator
|-damage|p2a: Bellator|0 fnt
|faint|p2a: Bellator
|
|win|Maxxxxilla
|raw|Maxxxxilla's rating: 1395 &rarr; <strong>1413</strong><br />(+18 for winning)
|raw|YumeKasumi76's rating: 1365 &rarr; <strong>1347</strong><br />(-18 for losing)
|l|☆YumeKasumi76
|player|p2|
|l|☆Maxxxxilla
|player|p1|
