|j|☆nwalesu
|j|☆billythekid95
|t:|1779872860
|gametype|singles
|player|p1|nwalesu|pokemaniac|1465
|player|p2|billythekid95|170|1437
|gen|9
|tier|[Gen 9] OU
|rated|
|rule|HP Percentage Mod: HP is shown in percentages
|rule|Endless Battle Clause: Forcing endless battles is banned
|rule|Species Clause: Limit one of each Pokémon
|rule|OHKO Clause: OHKO moves are banned
|rule|Evasion Items Clause: Evasion items are banned
|rule|Evasion Moves Clause: Evasion moves are banned
|rule|Evasion Abilities Clause: Evasion abilities are banned
|rule|Sleep Moves Clause: Sleep-inducing moves are banned
|clearpoke
|poke|p1|Dragapult, M|
|poke|p1|Rotom-Heat|
|poke|p1|Clodsire, M|
|poke|p1|Mandibuzz, F|
|poke|p1|Dragonite, M|
|poke|p1|Iron Valiant|
|poke|p2|Quaquaval, F|
|poke|p2|Ninetales-Alola, M|
|poke|p2|Iron Treads|
|poke|p2|Latias, F|
|poke|p2|Ogerpon, F|
|poke|p2|Gholdengo|
|teampreview
|inactive|Battle timer is ON: inactive players will automatically lose when time's up. (requested by nwalesu)
|inactive|billythekid95 has 120 seconds left.
|
|t:|1779872902
|teamsize|p1|6
|teamsize|p2|6
|start
|switch|p1a: Cookie maker|Rotom-Heat|100/100
|switch|p2a: Ninetales|Ninetales-Alola, M|100/100
|-weather|Snowscape|[from] ability: Snow Warning|[of] p2a: Ninetales
|turn|1
|
|t:|1779872910
|move|p2a: Ninetales|Aurora Veil|p2a: Ninetales
|-sidestart|p2: billythekid95|move: Aurora Veil
|move|p1a: Cookie maker|Nasty Plot|p1a: Cookie maker
|-boost|p1a: Cookie maker|spa|2
|
|-weather|Snowscape|[upkeep]
|upkeep
|turn|2
|
|t:|1779872916
|move|p2a: Ninetales|Encore|p1a: Cookie maker
|-start|p1a: Cookie maker|Encore
|move|p1a: Cookie maker|Nasty Plot|p1a: Cookie maker
|-boost|p1a: Cookie maker|spa|2
|
|-weather|Snowscape|[upkeep]
|upkeep
|turn|3
|
|t:|1779872925
|switch|p2a: Iron Treads|Iron Treads|100/100
|-enditem|p2a: Iron Treads|Booster Energy
|-activate|p2a: Iron Treads|ability: Quark Drive|[fromitem]
|-start|p2a: Iron Treads|quarkdrivespe
|switch|p1a: Mandibuzz|Mandibuzz, F|100/100
|
|-weather|Snowscape|[upkeep]
|upkeep
|turn|4
|
|t:|1779872933
|move|p2a: Iron Treads|Stealth Rock|p1a: Mandibuzz
|-sidestart|p1: nwalesu|move: Stealth Rock
|move|p1a: Mandibuzz|Defog|p2a: Iron Treads
|-unboost|p2a: Iron Treads|evasion|1
|-sideend|p2: billythekid95|move: Aurora Veil
|-sideend|p1: nwalesu|Stealth Rock|[from] move: Defog|[of] p1a: Mandibuzz
|
|-weather|Snowscape|[upkeep]
|upkeep
|turn|5
|
|t:|1779872950
|move|p2a: Iron Treads|Stealth Rock|p1a: Mandibuzz
|-sidestart|p1: nwalesu|move: Stealth Rock
|move|p1a: Mandibuzz|U-turn|p2a: Iron Treads
|-resisted|p2a: Iron Treads
|-damage|p2a: Iron Treads|95/100
|
|t:|1779872953
|switch|p1a: Cookie maker|Rotom-Heat|100/100|[from] U-turn
|
|-weather|none
|upkeep
|turn|6
|
|t:|1779872967
|-end|p2a: Iron Treads|Quark Drive|[silent]
|switch|p2a: Quaquaval|Quaquaval, F|100/100
|move|p1a: Cookie maker|Overheat|p2a: Quaquaval
|-resisted|p2a: Quaquaval
|-damage|p2a: Quaquaval|65/100
|-unboost|p1a: Cookie maker|spa|2
|
|upkeep
|turn|7
|
|t:|1779872993
|switch|p1a: Clodsire|Clodsire, M|100/100
|-damage|p1a: Clodsire|94/100|[from] Stealth Rock
|move|p2a: Quaquaval|Swords Dance|p2a: Quaquaval
|-boost|p2a: Quaquaval|atk|2
|
|-heal|p1a: Clodsire|100/100|[from] item: Leftovers
|upkeep
|turn|8
|
|t:|1779873001
|move|p2a: Quaquaval|Aqua Step|p1a: Clodsire
|-immune|p1a: Clodsire|[from] ability: Water Absorb
|move|p1a: Clodsire|Toxic|p2a: Quaquaval
|-status|p2a: Quaquaval|tox
|-enditem|p2a: Quaquaval|Lum Berry|[eat]
|-curestatus|p2a: Quaquaval|tox|[msg]
|
|upkeep
|turn|9
|inactive|nwalesu has 120 seconds left.
|
|t:|1779873027
|switch|p1a: Cookie maker|Rotom-Heat|100/100
|move|p2a: Quaquaval|Triple Axel|p1a: Cookie maker|[miss]
|-miss|p2a: Quaquaval|p1a: Cookie maker
|
|upkeep
|turn|10
|
|t:|1779873034
|-terastallize|p1a: Cookie maker|Grass
|move|p2a: Quaquaval|Aqua Step|p1a: Cookie maker
|-resisted|p1a: Cookie maker
|-damage|p1a: Cookie maker|54/100
|-boost|p2a: Quaquaval|spe|1
|move|p1a: Cookie maker|Discharge|p2a: Quaquaval
|-supereffective|p2a: Quaquaval
|-damage|p2a: Quaquaval|0 fnt
|faint|p2a: Quaquaval
|
|upkeep
|
|t:|1779873043
|switch|p2a: Ninetales|Ninetales-Alola, M|100/100
|-weather|Snowscape|[from] ability: Snow Warning|[of] p2a: Ninetales
|turn|11
|inactive|nwalesu has 120 seconds left.
|
|t:|1779873066
|move|p2a: Ninetales|Aurora Veil|p2a: Ninetales
|-sidestart|p2: billythekid95|move: Aurora Veil
|move|p1a: Cookie maker|Overheat|p2a: Ninetales|[miss]
|-miss|p1a: Cookie maker|p2a: Ninetales
|
|-weather|Snowscape|[upkeep]
|upkeep
|turn|12
|inactive|nwalesu has 120 seconds left.
|
|t:|1779873076
|switch|p1a: Clodsire|Clodsire, M|100/100
|-damage|p1a: Clodsire|94/100|[from] Stealth Rock
|move|p2a: Ninetales|Freeze-Dry|p1a: Clodsire
|-supereffective|p1a: Clodsire
|-damage|p1a: Clodsire|74/100
|
|-weather|Snowscape|[upkeep]
|-heal|p1a: Clodsire|80/100|[from] item: Leftovers
|upkeep
|turn|13
|
|t:|1779873086
|switch|p2a: Iron Treads|Iron Treads|95/100
|move|p1a: Clodsire|Stealth Rock|p2a: Iron Treads
|-sidestart|p2: billythekid95|move: Stealth Rock
|
|-weather|Snowscape|[upkeep]
|-heal|p1a: Clodsire|86/100|[from] item: Leftovers
|upkeep
|turn|14
|inactive|nwalesu has 120 seconds left.
|
|t:|1779873131
|switch|p1a: Mandibuzz|Mandibuzz, F|100/100
|move|p2a: Iron Treads|Rapid Spin|p1a: Mandibuzz
|-damage|p1a: Mandibuzz|91/100
|-boost|p2a: Iron Treads|spe|1
|-sideend|p2: billythekid95|Stealth Rock|[from] move: Rapid Spin|[of] p2a: Iron Treads
|
|-weather|Snowscape|[upkeep]
|upkeep
|turn|15
|
|t:|1779873138
|-end|p2a: Iron Treads|Quark Drive|[silent]
|switch|p2a: Gholdengo|Gholdengo|100/100
|move|p1a: Mandibuzz|Defog|p2a: Gholdengo
|-immune|p2a: Gholdengo|[from] ability: Good as Gold
|
|-weather|none
|upkeep
|turn|16
|
|t:|1779873145
|move|p2a: Gholdengo|Trick|p1a: Mandibuzz
|-activate|p2a: Gholdengo|move: Trick|[of] p1a: Mandibuzz
|-item|p1a: Mandibuzz|Choice Scarf|[from] move: Trick
|-item|p2a: Gholdengo|Heavy-Duty Boots|[from] move: Trick
|move|p1a: Mandibuzz|Foul Play|p2a: Gholdengo
|-supereffective|p2a: Gholdengo
|-damage|p2a: Gholdengo|82/100
|
|upkeep
|turn|17
|inactive|nwalesu has 120 seconds left.
|
|t:|1779873156
|move|p1a: Mandibuzz|Foul Play|p2a: Gholdengo
|-supereffective|p2a: Gholdengo
|-damage|p2a: Gholdengo|64/100
|move|p2a: Gholdengo|Shadow Ball|p1a: Mandibuzz
|-resisted|p1a: Mandibuzz
|-damage|p1a: Mandibuzz|75/100
|
|upkeep
|turn|18
|
|t:|1779873162
|switch|p1a: Clodsire|Clodsire, M|86/100
|-damage|p1a: Clodsire|80/100|[from] Stealth Rock
|move|p2a: Gholdengo|Shadow Ball|p1a: Clodsire
|-damage|p1a: Clodsire|59/100
|-unboost|p1a: Clodsire|spd|1
|
|-heal|p1a: Clodsire|65/100|[from] item: Leftovers
|-sideend|p2: billythekid95|move: Aurora Veil
|upkeep
|turn|19
|inactive|nwalesu has 120 seconds left.
|
|t:|1779873187
|move|p2a: Gholdengo|Shadow Ball|p1a: Clodsire
|-damage|p1a: Clodsire|32/100
|-unboost|p1a: Clodsire|spd|1
|move|p1a: Clodsire|Earthquake|p2a: Gholdengo
|-supereffective|p2a: Gholdengo
|-damage|p2a: Gholdengo|1/100
|
|-heal|p1a: Clodsire|38/100|[from] item: Leftovers
|upkeep
|turn|20
|
|t:|1779873197
|switch|p1a: Mandibuzz|Mandibuzz, F|75/100
|-damage|p1a: Mandibuzz|50/100|[from] Stealth Rock
|move|p2a: Gholdengo|Shadow Ball|p1a: Mandibuzz
|-resisted|p1a: Mandibuzz
|-damage|p1a: Mandibuzz|31/100
|
|upkeep
|turn|21
|inactive|nwalesu has 120 seconds left.
|
|t:|1779873214
|move|p1a: Mandibuzz|Roost|p1a: Mandibuzz
|-heal|p1a: Mandibuzz|81/100
|-singleturn|p1a: Mandibuzz|move: Roost
|move|p2a: Gholdengo|Recover|p2a: Gholdengo
|-heal|p2a: Gholdengo|52/100
|
|upkeep
|turn|22
|
|t:|1779873220
|switch|p1a: Cookie maker|Rotom-Heat, tera:Grass|54/100
|move|p2a: Gholdengo|Shadow Ball|p1a: Cookie maker
|-damage|p1a: Cookie maker|12/100
|-unboost|p1a: Cookie maker|spd|1
|
|upkeep
|turn|23
|
|t:|1779873229
|switch|p2a: Iron Treads|Iron Treads|95/100
|move|p1a: Cookie maker|Overheat|p2a: Iron Treads
|-supereffective|p2a: Iron Treads
|-damage|p2a: Iron Treads|0 fnt
|-unboost|p1a: Cookie maker|spa|2
|faint|p2a: Iron Treads
|-end|p2a: Iron Treads|Quark Drive|[silent]
|
|upkeep
|
|t:|1779873237
|switch|p2a: Ninetales|Ninetales-Alola, M|100/100
|-weather|Snowscape|[from] ability: Snow Warning|[of] p2a: Ninetales
|turn|24
|
|t:|1779873247
|switch|p1a: Mandibuzz|Mandibuzz, F|81/100
|-damage|p1a: Mandibuzz|56/100|[from] Stealth Rock
|move|p2a: Ninetales|Aurora Veil|p2a: Ninetales
|-sidestart|p2: billythekid95|move: Aurora Veil
|
|-weather|Snowscape|[upkeep]
|upkeep
|turn|25
|
|t:|1779873253
|switch|p2a: Gholdengo|Gholdengo|52/100
|move|p1a: Mandibuzz|Foul Play|p2a: Gholdengo
|-supereffective|p2a: Gholdengo
|-damage|p2a: Gholdengo|33/100
|
|-weather|Snowscape|[upkeep]
|upkeep
|turn|26
|
|t:|1779873260
|switch|p1a: Cookie maker|Rotom-Heat, tera:Grass|12/100
|move|p2a: Gholdengo|Recover|p2a: Gholdengo
|-heal|p2a: Gholdengo|83/100
|
|-weather|Snowscape|[upkeep]
|upkeep
|turn|27
|
|t:|1779873269
|move|p2a: Gholdengo|Shadow Ball|p1a: Cookie maker
|-damage|p1a: Cookie maker|0 fnt
|faint|p1a: Cookie maker
|
|-weather|Snowscape|[upkeep]
|upkeep
|
|t:|1779873278
|switch|p1a: Clodsire|Clodsire, M|38/100
|-damage|p1a: Clodsire|32/100|[from] Stealth Rock
|turn|28
|
|t:|1779873289
|move|p2a: Gholdengo|Make It Rain|p1a: Clodsire
|-damage|p1a: Clodsire|0 fnt
|-unboost|p2a: Gholdengo|spa|1
|faint|p1a: Clodsire
|
|-weather|none
|upkeep
|
|t:|1779873309
|switch|p1a: Mandibuzz|Mandibuzz, F|56/100
|-damage|p1a: Mandibuzz|31/100|[from] Stealth Rock
|turn|29
|
|t:|1779873338
|move|p1a: Mandibuzz|Foul Play|p2a: Gholdengo
|-supereffective|p2a: Gholdengo
|-damage|p2a: Gholdengo|64/100
|move|p2a: Gholdengo|Recover|p2a: Gholdengo
|-heal|p2a: Gholdengo|100/100
|
|upkeep
|turn|30
|
|t:|1779873345
|switch|p1a: Dragonite|Dragonite, M|100/100
|move|p2a: Gholdengo|Shadow Ball|p1a: Dragonite
|-damage|p1a: Dragonite|85/100
|
|upkeep
|turn|31
|
|t:|1779873353
|switch|p2a: Ninetales|Ninetales-Alola, M|100/100
|-weather|Snowscape|[from] ability: Snow Warning|[of] p2a: Ninetales
|move|p1a: Dragonite|Dragon Dance|p1a: Dragonite
|-boost|p1a: Dragonite|atk|1
|-boost|p1a: Dragonite|spe|1
|
|-weather|Snowscape|[upkeep]
|-sideend|p2: billythekid95|move: Aurora Veil
|upkeep
|turn|32
|
|t:|1779873360
|move|p1a: Dragonite|Fire Punch|p2a: Ninetales
|-supereffective|p2a: Ninetales
|-damage|p2a: Ninetales|31/100
|move|p2a: Ninetales|Freeze-Dry|p1a: Dragonite
|-supereffective|p1a: Dragonite
|-damage|p1a: Dragonite|0 fnt
|faint|p1a: Dragonite
|
|-weather|Snowscape|[upkeep]
|upkeep
|
|t:|1779873366
|switch|p1a: Iron Valiant|Iron Valiant|100/100
|-damage|p1a: Iron Valiant|94/100|[from] Stealth Rock
|-enditem|p1a: Iron Valiant|Booster Energy
|-activate|p1a: Iron Valiant|ability: Quark Drive|[fromitem]
|-start|p1a: Iron Valiant|quarkdrivespe
|turn|33
|
|t:|1779873373
|move|p1a: Iron Valiant|Moonblast|p2a: Ninetales
|-damage|p2a: Ninetales|0 fnt
|faint|p2a: Ninetales
|
|-weather|Snowscape|[upkeep]
|upkeep
|
|t:|1779873386
|switch|p2a: Ogerpon|Ogerpon, F|100/100
|turn|34
|
|t:|1779873396
|move|p1a: Iron Valiant|Moonblast|p2a: Ogerpon
|-damage|p2a: Ogerpon|45/100
|move|p2a: Ogerpon|Ivy Cudgel|p1a: Iron Valiant
|-damage|p1a: Iron Valiant|25/100
|
|-weather|Snowscape|[upkeep]
|upkeep
|turn|35
|
|t:|1779873402
|move|p1a: Iron Valiant|Moonblast|p2a: Ogerpon
|-damage|p2a: Ogerpon|0 fnt
|faint|p2a: Ogerpon
|
|-weather|none
|upkeep
|
|t:|1779873408
|switch|p2a: Gholdengo|Gholdengo|100/100
|turn|36
|
|t:|1779873425
|move|p1a: Iron Valiant|Shadow Ball|p2a: Gholdengo
|-supereffective|p2a: Gholdengo
|-damage|p2a: Gholdengo|38/100
|-unboost|p2a: Gholdengo|spd|1
|move|p2a: Gholdengo|Shadow Ball|p1a: Iron Valiant
|-damage|p1a: Iron Valiant|0 fnt
|faint|p1a: Iron Valiant
|-end|p1a: Iron Valiant|Quark Drive|[silent]
|
|upkeep
|
|t:|1779873428
|switch|p1a: Drippy|Dragapult, M|100/100
|turn|37
|
|t:|1779873435
|move|p1a: Drippy|Hex|p2a: Gholdengo
|-supereffective|p2a: Gholdengo
|-damage|p2a: Gholdengo|0 fnt
|faint|p2a: Gholdengo
|
|upkeep
|
|t:|1779873439
|switch|p2a: Latias|Latias, F|100/100
|turn|38
|
|t:|1779873451
|-terastallize|p2a: Latias|Fairy
|move|p1a: Drippy|Will-O-Wisp|p2a: Latias
|-status|p2a: Latias|brn
|move|p2a: Latias|Agility|p2a: Latias
|-boost|p2a: Latias|spe|2
|
|-damage|p2a: Latias|94/100 brn|[from] brn
|upkeep
|turn|39
|
|t:|1779873460
|move|p2a: Latias|Calm Mind|p2a: Latias
|-boost|p2a: Latias|spa|1
|-boost|p2a: Latias|spd|1
|move|p1a: Drippy|Hex|p2a: Latias
|-damage|p2a: Latias|68/100 brn
|
|-heal|p2a: Latias|74/100 brn|[from] item: Leftovers
|-damage|p2a: Latias|68/100 brn|[from] brn
|upkeep
|turn|40
|
|t:|1779873468
|move|p2a: Latias|Draining Kiss|p1a: Drippy
|-supereffective|p1a: Drippy
|-damage|p1a: Drippy|8/100
|-heal|p2a: Latias|100/100 brn|[from] drain|[of] p1a: Drippy
|move|p1a: Drippy|Hex|p2a: Latias
|-damage|p2a: Latias|75/100 brn
|
|-heal|p2a: Latias|81/100 brn|[from] item: Leftovers
|-damage|p2a: Latias|75/100 brn|[from] brn
|upkeep
|turn|41
|-message|nwalesu forfeited.
|
|win|billythekid95
|raw|nwalesu's rating: 1482 &rarr; <strong>1459</strong><br />(-23 for losing)
|raw|billythekid95's rating: 1437 &rarr; <strong>1460</strong><br />(+23 for winning)
|l|☆nwalesu
|player|p1|
|l|☆billythekid95
|player|p2|
