|j|☆gen5larp
|j|☆SpecialCakes
|t:|1779824293
|gametype|singles
|player|p1|gen5larp|pokemaniac-gen6|1124
|player|p2|SpecialCakes|265|1117
|gen|9
|tier|[Gen 9] OU
|rated|
|rule|HP Percentage Mod: HP is shown in percentages
|rule|Endless Battle Clause: Forcing endless battles is banned
|rule|Species Clause: Limit one of each Pokémon
|rule|OHKO Clause: OHKO moves are banned
|rule|Evasion Items Clause: Evasion items are banned
|rule|Evasion Moves Clause: Evasion moves are banned
|rule|Evasion Abilities Clause: Evasion abilities are banned
|rule|Sleep Moves Clause: Sleep-inducing moves are banned
|clearpoke
|poke|p1|Hydreigon, F|
|poke|p1|Alomomola, F|
|poke|p1|Landorus-Therian, M|
|poke|p1|Serperior, F|
|poke|p1|Iron Moth|
|poke|p1|Iron Crown|
|poke|p2|Grimmsnarl, M|
|poke|p2|Iron Treads|
|poke|p2|Glimmora, M|
|poke|p2|Clodsire, M|
|poke|p2|Iron Valiant|
|poke|p2|Dragapult, M|
|teampreview
|
|t:|1779824304
|teamsize|p1|6
|teamsize|p2|6
|start
|switch|p1a: Iron Crown|Iron Crown|100/100
|switch|p2a: Dragapult|Dragapult, M|100/100
|turn|1
|c|☆SpecialCakes|Wrong thing
|
|t:|1779824317
|move|p2a: Dragapult|Flamethrower|p1a: Iron Crown
|-supereffective|p1a: Iron Crown
|-damage|p1a: Iron Crown|51/100
|move|p1a: Iron Crown|Tachyon Cutter|p2a: Dragapult
|-crit|p2a: Dragapult
|-damage|p2a: Dragapult|49/100
|-damage|p2a: Dragapult|16/100
|-hitcount|p2a: Dragapult|2
|
|upkeep
|turn|2
|
|t:|1779824327
|-end|p1a: Iron Crown|Quark Drive|[silent]
|switch|p1a: Alomomola|Alomomola, F|100/100
|move|p2a: Dragapult|Flamethrower|p1a: Alomomola
|-resisted|p1a: Alomomola
|-damage|p1a: Alomomola|78/100
|
|upkeep
|turn|3
|c|☆SpecialCakes|BURN DAMNIT
|
|t:|1779824343
|move|p2a: Dragapult|Flamethrower|p1a: Alomomola
|-resisted|p1a: Alomomola
|-damage|p1a: Alomomola|56/100
|move|p1a: Alomomola|Wish|p1a: Alomomola
|
|upkeep
|turn|4
|
|t:|1779824355
|switch|p2a: Glimmora|Glimmora, M|100/100
|move|p1a: Alomomola|Flip Turn|p2a: Glimmora
|-supereffective|p2a: Glimmora
|-damage|p2a: Glimmora|62/100
|-activate|p2a: Glimmora|ability: Toxic Debris
|-sidestart|p1: gen5larp|move: Toxic Spikes
|
|t:|1779824357
|switch|p1a: Iron Crown|Iron Crown|51/100|[from] Flip Turn
|
|-heal|p1a: Iron Crown|100/100|[from] move: Wish|[wisher] Alomomola
|upkeep
|turn|5
|
|t:|1779824369
|move|p1a: Iron Crown|Tachyon Cutter|p2a: Glimmora
|-supereffective|p2a: Glimmora
|-damage|p2a: Glimmora|0 fnt
|faint|p2a: Glimmora
|-hitcount|p2: Glimmora|1
|
|upkeep
|c|☆SpecialCakes|Nice
|
|t:|1779824387
|switch|p2a: Clodsire|Clodsire, M|100/100
|turn|6
|
|t:|1779824393
|move|p1a: Iron Crown|Future Sight|p2a: Clodsire
|-start|p1a: Iron Crown|move: Future Sight
|move|p2a: Clodsire|Earthquake|p1a: Iron Crown
|-supereffective|p1a: Iron Crown
|-damage|p1a: Iron Crown|40/100
|
|upkeep
|turn|7
|
|t:|1779824399
|-end|p1a: Iron Crown|Quark Drive|[silent]
|switch|p1a: Landorus|Landorus-Therian, M|100/100
|-ability|p1a: Landorus|Intimidate|boost
|-unboost|p2a: Clodsire|atk|1
|move|p2a: Clodsire|Spikes|p1a: Landorus
|-sidestart|p1: gen5larp|Spikes
|
|upkeep
|turn|8
|
|t:|1779824413
|switch|p2a: Dragapult|Dragapult, M|16/100
|move|p1a: Landorus|Stealth Rock|p2a: Dragapult
|-sidestart|p2: SpecialCakes|move: Stealth Rock
|
|-end|p2a: Dragapult|move: Future Sight
|-damage|p2a: Dragapult|0 fnt
|faint|p2a: Dragapult
|upkeep
|
|t:|1779824425
|switch|p2a: Grimmsnarl|Grimmsnarl, M|100/100
|-damage|p2a: Grimmsnarl|88/100|[from] Stealth Rock
|turn|9
|
|t:|1779824429
|move|p2a: Grimmsnarl|Reflect|p2a: Grimmsnarl
|-sidestart|p2: SpecialCakes|Reflect
|move|p1a: Landorus|Earthquake|p2a: Grimmsnarl
|-damage|p2a: Grimmsnarl|65/100
|
|upkeep
|turn|10
|
|t:|1779824434
|move|p2a: Grimmsnarl|Light Screen|p2a: Grimmsnarl
|-sidestart|p2: SpecialCakes|move: Light Screen
|move|p1a: Landorus|U-turn|p2a: Grimmsnarl
|-damage|p2a: Grimmsnarl|54/100
|
|t:|1779824442
|switch|p1a: Iron Moth|Iron Moth|100/100|[from] U-turn
|-sideend|p1: gen5larp|move: Toxic Spikes|[of] p1a: Iron Moth
|-damage|p1a: Iron Moth|88/100|[from] Spikes
|-enditem|p1a: Iron Moth|Booster Energy
|-activate|p1a: Iron Moth|ability: Quark Drive|[fromitem]
|-start|p1a: Iron Moth|quarkdrivespe
|
|upkeep
|turn|11
|
|t:|1779824449
|move|p2a: Grimmsnarl|Sucker Punch|p1a: Iron Moth
|-damage|p1a: Iron Moth|46/100
|move|p1a: Iron Moth|Sludge Wave|p2a: Grimmsnarl
|-supereffective|p2a: Grimmsnarl
|-damage|p2a: Grimmsnarl|5/100
|
|upkeep
|turn|12
|
|t:|1779824455
|move|p2a: Grimmsnarl|Sucker Punch|p1a: Iron Moth
|-damage|p1a: Iron Moth|8/100
|move|p1a: Iron Moth|Fiery Dance|p2a: Grimmsnarl
|-crit|p2a: Grimmsnarl
|-damage|p2a: Grimmsnarl|0 fnt
|-boost|p1a: Iron Moth|spa|1
|faint|p2a: Grimmsnarl
|
|upkeep
|
|t:|1779824466
|switch|p2a: Iron Valiant|Iron Valiant|100/100
|-damage|p2a: Iron Valiant|94/100|[from] Stealth Rock
|-enditem|p2a: Iron Valiant|Booster Energy
|-activate|p2a: Iron Valiant|ability: Quark Drive|[fromitem]
|-start|p2a: Iron Valiant|quarkdrivespe
|turn|13
|
|t:|1779824472
|move|p2a: Iron Valiant|Swords Dance|p2a: Iron Valiant
|-boost|p2a: Iron Valiant|atk|2
|move|p1a: Iron Moth|Sludge Wave|p2a: Iron Valiant
|-supereffective|p2a: Iron Valiant
|-damage|p2a: Iron Valiant|0 fnt
|faint|p2a: Iron Valiant
|-end|p2a: Iron Valiant|Quark Drive|[silent]
|
|upkeep
|c|☆SpecialCakes|You read me hard lol
|
|t:|1779824489
|switch|p2a: Iron Treads|Iron Treads|100/100
|-damage|p2a: Iron Treads|97/100|[from] Stealth Rock
|turn|14
|
|t:|1779824494
|move|p1a: Iron Moth|Fiery Dance|p2a: Iron Treads
|-supereffective|p2a: Iron Treads
|-damage|p2a: Iron Treads|24/100
|-boost|p1a: Iron Moth|spa|1
|move|p2a: Iron Treads|Rapid Spin|p1a: Iron Moth
|-damage|p1a: Iron Moth|0 fnt
|-boost|p2a: Iron Treads|spe|1
|-sideend|p2: SpecialCakes|Stealth Rock|[from] move: Rapid Spin|[of] p2a: Iron Treads
|faint|p1a: Iron Moth
|-end|p1a: Iron Moth|Quark Drive|[silent]
|
|-heal|p2a: Iron Treads|30/100|[from] item: Leftovers
|upkeep
|
|t:|1779824501
|switch|p1a: Alomomola|Alomomola, F|89/100
|turn|15
|
|t:|1779824513
|move|p2a: Iron Treads|Knock Off|p1a: Alomomola
|-damage|p1a: Alomomola|76/100
|-enditem|p1a: Alomomola|Heavy-Duty Boots|[from] move: Knock Off|[of] p2a: Iron Treads
|move|p1a: Alomomola|Wish|p1a: Alomomola
|
|-heal|p2a: Iron Treads|36/100|[from] item: Leftovers
|upkeep
|turn|16
|
|t:|1779824522
|move|p2a: Iron Treads|Iron Head|p1a: Alomomola
|-resisted|p1a: Alomomola
|-damage|p1a: Alomomola|68/100
|move|p1a: Alomomola|Flip Turn|p2a: Iron Treads
|-supereffective|p2a: Iron Treads
|-damage|p2a: Iron Treads|26/100
|
|t:|1779824524
|switch|p1a: Iron Crown|Iron Crown|40/100|[from] Flip Turn
|-damage|p1a: Iron Crown|28/100|[from] Spikes
|
|-heal|p1a: Iron Crown|100/100|[from] move: Wish|[wisher] Alomomola
|-heal|p2a: Iron Treads|32/100|[from] item: Leftovers
|-sideend|p2: SpecialCakes|Reflect
|upkeep
|turn|17
|
|t:|1779824537
|-end|p1a: Iron Crown|Quark Drive|[silent]
|switch|p1a: Alomomola|Alomomola, F|100/100
|-damage|p1a: Alomomola|88/100|[from] Spikes
|move|p2a: Iron Treads|Knock Off|p1a: Alomomola
|-damage|p1a: Alomomola|80/100
|
|-heal|p2a: Iron Treads|39/100|[from] item: Leftovers
|-sideend|p2: SpecialCakes|move: Light Screen
|upkeep
|turn|18
|
|t:|1779824553
|move|p2a: Iron Treads|Iron Head|p1a: Alomomola
|-resisted|p1a: Alomomola
|-damage|p1a: Alomomola|72/100
|move|p1a: Alomomola|Scald|p2a: Iron Treads
|-supereffective|p2a: Iron Treads
|-damage|p2a: Iron Treads|5/100
|-status|p2a: Iron Treads|brn
|
|-heal|p2a: Iron Treads|11/100 brn|[from] item: Leftovers
|-damage|p2a: Iron Treads|5/100 brn|[from] brn
|upkeep
|turn|19
|c|☆SpecialCakes|Bro I never flinch
|
|t:|1779824564
|move|p2a: Iron Treads|Iron Head|p1a: Alomomola
|-resisted|p1a: Alomomola
|-damage|p1a: Alomomola|68/100
|move|p1a: Alomomola|Wish|p1a: Alomomola
|
|-heal|p2a: Iron Treads|11/100 brn|[from] item: Leftovers
|-damage|p2a: Iron Treads|5/100 brn|[from] brn
|upkeep
|turn|20
|c|☆gen5larp|Sorry
|
|t:|1779824591
|move|p2a: Iron Treads|Knock Off|p1a: Alomomola
|-damage|p1a: Alomomola|64/100
|move|p1a: Alomomola|Scald|p2a: Iron Treads
|-supereffective|p2a: Iron Treads
|-damage|p2a: Iron Treads|0 fnt
|faint|p2a: Iron Treads
|-end|p2a: Iron Treads|Quark Drive|[silent]
|
|-heal|p1a: Alomomola|100/100|[from] move: Wish|[wisher] Alomomola
|upkeep
|
|t:|1779824600
|switch|p2a: Clodsire|Clodsire, M|100/100
|turn|21
|
|t:|1779824614
|move|p1a: Alomomola|Flip Turn|p2a: Clodsire
|-supereffective|p2a: Clodsire
|-damage|p2a: Clodsire|61/100
|
|t:|1779824617
|switch|p1a: Landorus|Landorus-Therian, M|100/100|[from] Flip Turn
|-ability|p1a: Landorus|Intimidate|boost
|-unboost|p2a: Clodsire|atk|1
|move|p2a: Clodsire|Toxic|p1a: Landorus
|-status|p1a: Landorus|tox
|
|-heal|p2a: Clodsire|68/100|[from] item: Leftovers
|-damage|p1a: Landorus|95/100 tox|[from] psn
|upkeep
|turn|22
|
|t:|1779824627
|move|p1a: Landorus|Earthquake|p2a: Clodsire
|-supereffective|p2a: Clodsire
|-damage|p2a: Clodsire|0 fnt
|faint|p2a: Clodsire
|
|win|gen5larp
