|j|☆karmasiren
|j|☆Darnellred
|t:|1779863175
|gametype|singles
|player|p1|karmasiren|skyla|1454
|player|p2|Darnellred|red|1502
|gen|9
|tier|[Gen 9] OU
|rated|
|rule|HP Percentage Mod: HP is shown in percentages
|rule|Endless Battle Clause: Forcing endless battles is banned
|rule|Species Clause: Limit one of each Pokémon
|rule|OHKO Clause: OHKO moves are banned
|rule|Evasion Items Clause: Evasion items are banned
|rule|Evasion Moves Clause: Evasion moves are banned
|rule|Evasion Abilities Clause: Evasion abilities are banned
|rule|Sleep Moves Clause: Sleep-inducing moves are banned
|clearpoke
|poke|p1|Volcanion|
|poke|p1|Corviknight, F|
|poke|p1|Sandy Shocks|
|poke|p1|Serperior, F|
|poke|p1|Deoxys-Speed|
|poke|p1|Kingambit, F|
|poke|p2|Weezing-Galar, M|
|poke|p2|Ogerpon, F|
|poke|p2|Skarmory, M|
|poke|p2|Alomomola, M|
|poke|p2|Clodsire, M|
|poke|p2|Hydreigon, M|
|teampreview
|inactive|Battle timer is ON: inactive players will automatically lose when time's up. (requested by karmasiren)
|j| navigatorxdd
|
|t:|1779863199
|teamsize|p1|6
|teamsize|p2|6
|start
|switch|p1a: Calypso|Deoxys-Speed|100/100
|switch|p2a: Hybrid|Hydreigon, M, shiny|100/100
|-ability|p1a: Calypso|Pressure
|turn|1
|
|t:|1779863208
|switch|p2a: Pisces|Alomomola, M, shiny|100/100
|move|p1a: Calypso|Superpower|p2a: Pisces
|-damage|p2a: Pisces|75/100
|-unboost|p1a: Calypso|atk|1
|-unboost|p1a: Calypso|def|1
|-damage|p1a: Calypso|91/100|[from] item: Life Orb
|
|upkeep
|turn|2
|
|t:|1779863214
|move|p1a: Calypso|Psycho Boost|p2a: Pisces
|-damage|p2a: Pisces|37/100
|-unboost|p1a: Calypso|spa|2
|-damage|p1a: Calypso|81/100|[from] item: Life Orb
|move|p2a: Pisces|Flip Turn|p1a: Calypso
|-damage|p1a: Calypso|42/100
|
|t:|1779863220
|switch|p2a: Anonymous|Ogerpon, F|100/100|[from] Flip Turn
|
|upkeep
|turn|3
|inactive|karmasiren has 120 seconds left.
|inactive|karmasiren has 90 seconds left.
|
|t:|1779863288
|switch|p1a: Edgar|Corviknight, F, shiny|100/100
|-ability|p1a: Edgar|Pressure
|-terastallize|p2a: Anonymous|Grass
|detailschange|p2a: Anonymous|Ogerpon-Teal-Tera, F, tera:Grass
|-ability|p2a: Anonymous|Embody Aspect (Teal)|boost
|-boost|p2a: Anonymous|spe|1
|move|p2a: Anonymous|U-turn|p1a: Edgar
|-resisted|p1a: Edgar
|-damage|p1a: Edgar|95/100
|-damage|p2a: Anonymous|84/100|[from] item: Rocky Helmet|[of] p1a: Edgar
|
|t:|1779863292
|switch|p2a: Hybrid|Hydreigon, M, shiny|100/100|[from] U-turn
|
|upkeep
|turn|4
|
|t:|1779863297
|switch|p1a: King of OU|Kingambit, F|100/100
|move|p2a: Hybrid|Dark Pulse|p1a: King of OU
|-resisted|p1a: King of OU
|-damage|p1a: King of OU|70/100
|
|upkeep
|turn|5
|
|t:|1779863307
|switch|p2a: Raptor|Skarmory, M, shiny|100/100
|-end|p1a: King of OU|fallenundefined|[silent]
|switch|p1a: Mega Magneton|Sandy Shocks, shiny|100/100
|
|upkeep
|turn|6
|
|t:|1779863315
|switch|p2a: Endless Nameless|Clodsire, M, shiny|100/100
|move|p1a: Mega Magneton|Volt Switch|p2a: Endless Nameless
|-immune|p2a: Endless Nameless
|
|upkeep
|turn|7
|
|t:|1779863319
|move|p1a: Mega Magneton|Earth Power|p2a: Endless Nameless
|-supereffective|p2a: Endless Nameless
|-damage|p2a: Endless Nameless|50/100
|move|p2a: Endless Nameless|Stealth Rock|p1a: Mega Magneton
|-sidestart|p1: karmasiren|move: Stealth Rock
|
|upkeep
|turn|8
|
|t:|1779863324
|switch|p2a: Hybrid|Hydreigon, M, shiny|100/100
|move|p1a: Mega Magneton|Thunderbolt|p2a: Hybrid
|-resisted|p2a: Hybrid
|-damage|p2a: Hybrid|73/100
|
|upkeep
|turn|9
|
|t:|1779863331
|move|p2a: Hybrid|Draco Meteor|p1a: Mega Magneton
|-damage|p1a: Mega Magneton|32/100
|-unboost|p2a: Hybrid|spa|2
|move|p1a: Mega Magneton|Volt Switch|p2a: Hybrid
|-resisted|p2a: Hybrid
|-damage|p2a: Hybrid|54/100
|
|t:|1779863342
|-end|p1a: Mega Magneton|Protosynthesis|[silent]
|switch|p1a: Calypso|Deoxys-Speed|42/100|[from] Volt Switch
|-damage|p1a: Calypso|30/100|[from] Stealth Rock
|-ability|p1a: Calypso|Pressure
|
|upkeep
|turn|10
|
|t:|1779863347
|switch|p2a: Pisces|Alomomola, M, shiny|70/100
|move|p1a: Calypso|Superpower|p2a: Pisces
|-damage|p2a: Pisces|42/100
|-unboost|p1a: Calypso|atk|1
|-unboost|p1a: Calypso|def|1
|-damage|p1a: Calypso|20/100|[from] item: Life Orb
|
|upkeep
|turn|11
|
|t:|1779863353
|switch|p2a: Hybrid|Hydreigon, M, shiny|54/100
|move|p1a: Calypso|Stealth Rock|p2a: Hybrid
|-sidestart|p2: Darnellred|move: Stealth Rock
|
|upkeep
|turn|12
|
|t:|1779863364
|switch|p2a: Sentinel|Weezing-Galar, M, shiny|100/100
|-ability|p2a: Sentinel|Neutralizing Gas
|move|p1a: Calypso|Psycho Boost|p2a: Sentinel
|-supereffective|p2a: Sentinel
|-damage|p2a: Sentinel|0 fnt
|-unboost|p1a: Calypso|spa|2
|faint|p2a: Sentinel
|-end|p2a: Sentinel|ability: Neutralizing Gas
|-ability|p1a: Calypso|Pressure
|-damage|p1a: Calypso|10/100|[from] item: Life Orb
|
|upkeep
|
|t:|1779863371
|switch|p2a: Anonymous|Ogerpon-Teal-Tera, F, tera:Grass|84/100
|-damage|p2a: Anonymous|72/100|[from] Stealth Rock
|-ability|p2a: Anonymous|Embody Aspect (Teal)|boost
|-boost|p2a: Anonymous|spe|1
|turn|13
|
|t:|1779863374
|switch|p1a: Edgar|Corviknight, F, shiny|95/100
|-damage|p1a: Edgar|83/100|[from] Stealth Rock
|-ability|p1a: Edgar|Pressure
|move|p2a: Anonymous|Knock Off|p1a: Edgar
|-damage|p1a: Edgar|52/100
|-damage|p2a: Anonymous|55/100|[from] item: Rocky Helmet|[of] p1a: Edgar
|-enditem|p1a: Edgar|Rocky Helmet|[from] move: Knock Off|[of] p2a: Anonymous
|
|upkeep
|turn|14
|l| navigatorxdd
|
|t:|1779863387
|switch|p2a: Pisces|Alomomola, M, shiny|75/100
|-damage|p2a: Pisces|63/100|[from] Stealth Rock
|move|p1a: Edgar|Roost|p1a: Edgar
|-heal|p1a: Edgar|100/100
|-singleturn|p1a: Edgar|move: Roost
|
|upkeep
|turn|15
|
|t:|1779863393
|move|p1a: Edgar|Iron Defense|p1a: Edgar
|-boost|p1a: Edgar|def|2
|move|p2a: Pisces|Flip Turn|p1a: Edgar
|-damage|p1a: Edgar|96/100
|
|t:|1779863401
|switch|p2a: Hybrid|Hydreigon, M, shiny|54/100|[from] Flip Turn
|-damage|p2a: Hybrid|41/100|[from] Stealth Rock
|
|upkeep
|turn|16
|
|t:|1779863413
|switch|p1a: Calypso|Deoxys-Speed|10/100
|-damage|p1a: Calypso|0 fnt|[from] Stealth Rock
|faint|p1a: Calypso
|move|p2a: Hybrid|Dark Pulse|p1: Calypso|[notarget]
|-fail|p2a: Hybrid
|
|upkeep
|
|t:|1779863421
|switch|p1a: King of OU|Kingambit, F|70/100
|-damage|p1a: King of OU|64/100|[from] Stealth Rock
|-activate|p1a: King of OU|ability: Supreme Overlord
|-start|p1a: King of OU|fallen1|[silent]
|turn|17
|
|t:|1779863424
|move|p2a: Hybrid|Dark Pulse|p1a: King of OU
|-resisted|p1a: King of OU
|-damage|p1a: King of OU|33/100
|cant|p1a: King of OU|flinch
|
|upkeep
|turn|18
|
|t:|1779863429
|switch|p2a: Raptor|Skarmory, M, shiny|100/100
|-damage|p2a: Raptor|88/100|[from] Stealth Rock
|move|p1a: King of OU|Iron Head|p2a: Raptor
|-resisted|p2a: Raptor
|-damage|p2a: Raptor|72/100
|-damage|p1a: King of OU|16/100|[from] item: Rocky Helmet|[of] p2a: Raptor
|
|upkeep
|turn|19
|
|t:|1779863439
|move|p2a: Raptor|Spikes|p1a: King of OU
|-sidestart|p1: karmasiren|Spikes
|move|p1a: King of OU|Kowtow Cleave|p2a: Raptor
|-damage|p2a: Raptor|37/100
|-damage|p1a: King of OU|0 fnt|[from] item: Rocky Helmet|[of] p2a: Raptor
|faint|p1a: King of OU
|-end|p1a: King of OU|fallen1|[silent]
|
|upkeep
|
|t:|1779863443
|switch|p1a: Edgar|Corviknight, F, shiny|96/100
|-damage|p1a: Edgar|83/100|[from] Stealth Rock
|-ability|p1a: Edgar|Pressure
|turn|20
|
|t:|1779863452
|move|p2a: Raptor|Taunt|p1a: Edgar
|-start|p1a: Edgar|move: Taunt
|cant|p1a: Edgar|move: Taunt|Iron Defense
|
|upkeep
|turn|21
|
|t:|1779863456
|move|p2a: Raptor|Roost|p2a: Raptor
|-heal|p2a: Raptor|87/100
|-singleturn|p2a: Raptor|move: Roost
|move|p1a: Edgar|Body Press|p2a: Raptor
|-supereffective|p2a: Raptor
|-damage|p2a: Raptor|56/100
|-damage|p1a: Edgar|67/100|[from] item: Rocky Helmet|[of] p2a: Raptor
|
|upkeep
|turn|22
|
|t:|1779863466
|switch|p1a: Mega Magneton|Sandy Shocks, shiny|32/100
|-damage|p1a: Mega Magneton|26/100|[from] Stealth Rock
|-damage|p1a: Mega Magneton|13/100|[from] Spikes
|move|p2a: Raptor|Roost|p2a: Raptor
|-heal|p2a: Raptor|100/100
|-singleturn|p2a: Raptor|move: Roost
|
|upkeep
|turn|23
|
|t:|1779863471
|switch|p2a: Endless Nameless|Clodsire, M, shiny|50/100
|-damage|p2a: Endless Nameless|43/100|[from] Stealth Rock
|move|p1a: Mega Magneton|Earth Power|p2a: Endless Nameless
|-supereffective|p2a: Endless Nameless
|-damage|p2a: Endless Nameless|0 fnt
|faint|p2a: Endless Nameless
|
|upkeep
|
|t:|1779863485
|switch|p2a: Hybrid|Hydreigon, M, shiny|41/100
|-damage|p2a: Hybrid|29/100|[from] Stealth Rock
|turn|24
|
|t:|1779863491
|move|p2a: Hybrid|Dark Pulse|p1a: Mega Magneton
|-damage|p1a: Mega Magneton|0 fnt
|faint|p1a: Mega Magneton
|-end|p1a: Mega Magneton|Protosynthesis|[silent]
|
|upkeep
|
|t:|1779863496
|switch|p1a: Lucifer|Serperior, F, shiny|100/100
|turn|25
|
|t:|1779863502
|move|p1a: Lucifer|Dragon Pulse|p2a: Hybrid
|-supereffective|p2a: Hybrid
|-damage|p2a: Hybrid|0 fnt
|faint|p2a: Hybrid
|
|upkeep
|
|t:|1779863505
|switch|p2a: Anonymous|Ogerpon-Teal-Tera, F, tera:Grass|55/100
|-damage|p2a: Anonymous|43/100|[from] Stealth Rock
|-ability|p2a: Anonymous|Embody Aspect (Teal)|boost
|-boost|p2a: Anonymous|spe|1
|turn|26
|
|t:|1779863512
|-terastallize|p1a: Lucifer|Fire
|move|p2a: Anonymous|U-turn|p1a: Lucifer
|-resisted|p1a: Lucifer
|-damage|p1a: Lucifer|81/100
|
|t:|1779863521
|switch|p2a: Raptor|Skarmory, M, shiny|100/100|[from] U-turn
|-damage|p2a: Raptor|88/100|[from] Stealth Rock
|move|p1a: Lucifer|Glare|p2a: Raptor
|-status|p2a: Raptor|par
|
|upkeep
|turn|27
|
|t:|1779863526
|move|p1a: Lucifer|Taunt|p2a: Raptor
|-start|p2a: Raptor|move: Taunt
|cant|p2a: Raptor|par
|
|upkeep
|turn|28
|
|t:|1779863531
|move|p1a: Lucifer|Leaf Storm|p2a: Raptor
|-resisted|p2a: Raptor
|-damage|p2a: Raptor|70/100 par
|-boost|p1a: Lucifer|spa|2
|cant|p2a: Raptor|par
|
|upkeep
|turn|29
|
|t:|1779863537
|move|p1a: Lucifer|Leaf Storm|p2a: Raptor
|-resisted|p2a: Raptor
|-damage|p2a: Raptor|37/100 par
|-boost|p1a: Lucifer|spa|2
|move|p2a: Raptor|Body Press|p1a: Lucifer
|-damage|p1a: Lucifer|45/100
|
|-end|p2a: Raptor|move: Taunt
|upkeep
|turn|30
|
|t:|1779863563
|move|p1a: Lucifer|Leaf Storm|p2a: Raptor
|-resisted|p2a: Raptor
|-damage|p2a: Raptor|0 fnt
|-boost|p1a: Lucifer|spa|2
|faint|p2a: Raptor
|
|upkeep
|
|t:|1779863565
|switch|p2a: Anonymous|Ogerpon-Teal-Tera, F, tera:Grass|43/100
|-damage|p2a: Anonymous|30/100|[from] Stealth Rock
|-ability|p2a: Anonymous|Embody Aspect (Teal)|boost
|-boost|p2a: Anonymous|spe|1
|turn|31
|
|t:|1779863568
|move|p2a: Anonymous|Rock Tomb|p1a: Lucifer|[miss]
|-miss|p2a: Anonymous|p1a: Lucifer
|move|p1a: Lucifer|Dragon Pulse|p2a: Anonymous
|-damage|p2a: Anonymous|0 fnt
|faint|p2a: Anonymous
|detailschange|p2: Anonymous|Ogerpon, F|[silent]
|
|upkeep
|-message|Darnellred forfeited.
|
|win|karmasiren
|raw|karmasiren's rating: 1454 &rarr; <strong>1477</strong><br />(+23 for winning)
|raw|Darnellred's rating: 1502 &rarr; <strong>1479</strong><br />(-23 for losing)
|l|☆Darnellred
|player|p2|
|l|☆karmasiren
|player|p1|
