|j|☆CosmicMD
|j|☆usedcardownloader
|t:|1779800937
|gametype|singles
|player|p1|CosmicMD|colress|1453
|player|p2|usedcardownloader|169|1420
|gen|9
|tier|[Gen 9] OU
|rated|
|rule|HP Percentage Mod: HP is shown in percentages
|rule|Endless Battle Clause: Forcing endless battles is banned
|rule|Species Clause: Limit one of each Pokémon
|rule|OHKO Clause: OHKO moves are banned
|rule|Evasion Items Clause: Evasion items are banned
|rule|Evasion Moves Clause: Evasion moves are banned
|rule|Evasion Abilities Clause: Evasion abilities are banned
|rule|Sleep Moves Clause: Sleep-inducing moves are banned
|clearpoke
|poke|p1|Hydrapple, F|
|poke|p1|Kommo-o, F|
|poke|p1|Tornadus-Therian, M|
|poke|p1|Iron Crown|
|poke|p1|Scream Tail|
|poke|p1|Iron Treads|
|poke|p2|Samurott-Hisui, M|
|poke|p2|Gholdengo|
|poke|p2|Great Tusk|
|poke|p2|Kingambit, M|
|poke|p2|Iron Valiant|
|poke|p2|Raging Bolt|
|teampreview
|inactive|Battle timer is ON: inactive players will automatically lose when time's up. (requested by CosmicMD)
|
|t:|1779800954
|teamsize|p1|6
|teamsize|p2|6
|start
|switch|p1a: Tornadus|Tornadus-Therian, M|100/100
|switch|p2a: Samurott|Samurott-Hisui, M|100/100
|turn|1
|
|t:|1779800957
|move|p2a: Samurott|Ceaseless Edge|p1a: Tornadus
|-damage|p1a: Tornadus|55/100
|-sidestart|p1: CosmicMD|Spikes
|move|p1a: Tornadus|U-turn|p2a: Samurott
|-supereffective|p2a: Samurott
|-crit|p2a: Samurott
|-damage|p2a: Samurott|49/100
|
|t:|1779800961
|switch|p1a: Kommo-o|Kommo-o, F|100/100|[from] U-turn
|-damage|p1a: Kommo-o|88/100|[from] Spikes
|
|upkeep
|turn|2
|
|t:|1779800970
|move|p2a: Samurott|Sacred Sword|p1a: Kommo-o
|-damage|p1a: Kommo-o|51/100
|move|p1a: Kommo-o|Scale Shot|p2a: Samurott
|-damage|p2a: Samurott|34/100
|-damage|p2a: Samurott|17/100
|-damage|p2a: Samurott|1/100
|-damage|p2a: Samurott|0 fnt
|faint|p2a: Samurott
|-hitcount|p2: Samurott|4
|-unboost|p1a: Kommo-o|def|1
|-boost|p1a: Kommo-o|spe|1
|
|upkeep
|
|t:|1779800981
|switch|p2a: Iron Valiant|Iron Valiant|100/100
|-enditem|p2a: Iron Valiant|Booster Energy
|-activate|p2a: Iron Valiant|ability: Quark Drive|[fromitem]
|-start|p2a: Iron Valiant|quarkdrivespe
|turn|3
|
|t:|1779800991
|switch|p1a: Iron Crown|Iron Crown|100/100
|-damage|p1a: Iron Crown|88/100|[from] Spikes
|move|p2a: Iron Valiant|Moonblast|p1a: Iron Crown
|-resisted|p1a: Iron Crown
|-damage|p1a: Iron Crown|74/100
|-unboost|p1a: Iron Crown|spa|1
|
|upkeep
|turn|4
|
|t:|1779801010
|-end|p2a: Iron Valiant|Quark Drive|[silent]
|switch|p2a: Kingambit|Kingambit, M|100/100
|-activate|p2a: Kingambit|ability: Supreme Overlord
|-start|p2a: Kingambit|fallen1|[silent]
|move|p1a: Iron Crown|Tachyon Cutter|p2a: Kingambit
|-resisted|p2a: Kingambit
|-damage|p2a: Kingambit|91/100
|-resisted|p2a: Kingambit
|-damage|p2a: Kingambit|82/100
|-hitcount|p2a: Kingambit|2
|
|upkeep
|turn|5
|
|t:|1779801014
|move|p1a: Iron Crown|Focus Blast|p2a: Kingambit|[miss]
|-miss|p1a: Iron Crown|p2a: Kingambit
|move|p2a: Kingambit|Kowtow Cleave|p1a: Iron Crown
|-supereffective|p1a: Iron Crown
|-crit|p1a: Iron Crown
|-damage|p1a: Iron Crown|0 fnt
|faint|p1a: Iron Crown
|-end|p1a: Iron Crown|Quark Drive|[silent]
|
|upkeep
|
|t:|1779801018
|switch|p1a: Iron Treads|Iron Treads|100/100
|-damage|p1a: Iron Treads|88/100|[from] Spikes
|turn|6
|
|t:|1779801022
|-end|p2a: Kingambit|fallen1|[silent]
|switch|p2a: Gholdengo|Gholdengo|100/100
|-item|p2a: Gholdengo|Air Balloon
|move|p1a: Iron Treads|Earthquake|p2a: Gholdengo
|-immune|p2a: Gholdengo
|
|upkeep
|turn|7
|
|t:|1779801030
|move|p1a: Iron Treads|Iron Head|p2a: Gholdengo
|-resisted|p2a: Gholdengo
|-damage|p2a: Gholdengo|80/100
|-enditem|p2a: Gholdengo|Air Balloon
|cant|p2a: Gholdengo|flinch
|
|upkeep
|turn|8
|
|t:|1779801036
|switch|p2a: Great Tusk|Great Tusk|100/100
|move|p1a: Iron Treads|Earthquake|p2a: Great Tusk
|-damage|p2a: Great Tusk|67/100
|
|upkeep
|turn|9
|
|t:|1779801041
|-end|p1a: Iron Treads|Quark Drive|[silent]
|switch|p1a: HydrapGOAT|Hydrapple, F|100/100
|move|p2a: Great Tusk|Headlong Rush|p1a: HydrapGOAT
|-resisted|p1a: HydrapGOAT
|-damage|p1a: HydrapGOAT|84/100
|-unboost|p2a: Great Tusk|def|1
|-unboost|p2a: Great Tusk|spd|1
|
|upkeep
|turn|10
|
|t:|1779801046
|-terastallize|p2a: Great Tusk|Ice
|move|p2a: Great Tusk|Ice Spinner|p1a: HydrapGOAT
|-supereffective|p1a: HydrapGOAT
|-damage|p1a: HydrapGOAT|0 fnt
|faint|p1a: HydrapGOAT
|
|upkeep
|
|t:|1779801055
|switch|p1a: Scream Tail|Scream Tail|100/100
|turn|11
|
|t:|1779801061
|-end|p2a: Great Tusk|Protosynthesis|[silent]
|switch|p2a: Kingambit|Kingambit, M|82/100
|-activate|p2a: Kingambit|ability: Supreme Overlord
|-start|p2a: Kingambit|fallen1|[silent]
|move|p1a: Scream Tail|Encore||[still]
|-fail|p1a: Scream Tail
|
|upkeep
|turn|12
|
|t:|1779801066
|move|p1a: Scream Tail|Thunder Wave|p2a: Kingambit
|-status|p2a: Kingambit|par
|move|p2a: Kingambit|Iron Head|p1a: Scream Tail
|-supereffective|p1a: Scream Tail
|-damage|p1a: Scream Tail|17/100
|
|upkeep
|turn|13
|
|t:|1779801069
|move|p2a: Kingambit|Sucker Punch||[still]
|-fail|p2a: Kingambit
|move|p1a: Scream Tail|Wish|p1a: Scream Tail
|
|upkeep
|turn|14
|
|t:|1779801076
|-end|p1a: Scream Tail|Protosynthesis|[silent]
|switch|p1a: Kommo-o|Kommo-o, F|51/100
|-damage|p1a: Kommo-o|38/100|[from] Spikes
|-end|p2a: Kingambit|fallen1|[silent]
|switch|p2a: Iron Valiant|Iron Valiant|100/100
|
|-heal|p1a: Kommo-o|100/100|[from] move: Wish|[wisher] Scream Tail
|upkeep
|turn|15
|
|t:|1779801081
|-terastallize|p1a: Kommo-o|Steel
|move|p2a: Iron Valiant|Moonblast|p1a: Kommo-o
|-resisted|p1a: Kommo-o
|-damage|p1a: Kommo-o|73/100
|move|p1a: Kommo-o|Iron Head|p2a: Iron Valiant
|-supereffective|p2a: Iron Valiant
|-damage|p2a: Iron Valiant|13/100
|
|upkeep
|turn|16
|
|t:|1779801089
|switch|p1a: Scream Tail|Scream Tail|17/100
|move|p2a: Iron Valiant|Close Combat|p1a: Scream Tail
|-resisted|p1a: Scream Tail
|-damage|p1a: Scream Tail|7/100
|-unboost|p2a: Iron Valiant|def|1
|-unboost|p2a: Iron Valiant|spd|1
|
|upkeep
|turn|17
|
|t:|1779801094
|-end|p1a: Scream Tail|Protosynthesis|[silent]
|switch|p1a: Tornadus|Tornadus-Therian, M|88/100
|move|p2a: Iron Valiant|Moonblast|p1a: Tornadus
|-damage|p1a: Tornadus|53/100
|
|upkeep
|turn|18
|
|t:|1779801106
|-end|p2a: Iron Valiant|Quark Drive|[silent]
|switch|p2a: Raging Bolt|Raging Bolt|100/100
|-enditem|p2a: Raging Bolt|Booster Energy
|-activate|p2a: Raging Bolt|ability: Protosynthesis|[fromitem]
|-start|p2a: Raging Bolt|protosynthesisspa
|move|p1a: Tornadus|Bleakwind Storm|p2a: Raging Bolt
|-resisted|p2a: Raging Bolt
|-crit|p2a: Raging Bolt
|-damage|p2a: Raging Bolt|64/100
|
|upkeep
|turn|19
|
|t:|1779801109
|switch|p1a: Iron Treads|Iron Treads|88/100
|-damage|p1a: Iron Treads|76/100|[from] Spikes
|move|p2a: Raging Bolt|Thunderbolt|p1a: Iron Treads
|-immune|p1a: Iron Treads
|
|upkeep
|turn|20
|
|t:|1779801119
|move|p1a: Iron Treads|Rapid Spin|p2a: Raging Bolt
|-damage|p2a: Raging Bolt|50/100
|-boost|p1a: Iron Treads|spe|1
|-sideend|p1: CosmicMD|Spikes|[from] move: Rapid Spin|[of] p1a: Iron Treads
|move|p2a: Raging Bolt|Dragon Pulse|p1a: Iron Treads
|-resisted|p1a: Iron Treads
|-damage|p1a: Iron Treads|46/100
|
|upkeep
|turn|21
|
|t:|1779801123
|move|p1a: Iron Treads|Earthquake|p2a: Raging Bolt
|-supereffective|p2a: Raging Bolt
|-damage|p2a: Raging Bolt|0 fnt
|faint|p2a: Raging Bolt
|-end|p2a: Raging Bolt|Protosynthesis|[silent]
|
|upkeep
|
|t:|1779801137
|switch|p2a: Kingambit|Kingambit, M|82/100 par
|-activate|p2a: Kingambit|ability: Supreme Overlord
|-start|p2a: Kingambit|fallen2|[silent]
|turn|22
|
|t:|1779801139
|move|p2a: Kingambit|Sucker Punch|p1a: Iron Treads
|-damage|p1a: Iron Treads|0 fnt
|faint|p1a: Iron Treads
|-end|p1a: Iron Treads|Quark Drive|[silent]
|
|upkeep
|
|t:|1779801146
|switch|p1a: Kommo-o|Kommo-o, F, tera:Steel|73/100
|turn|23
|
|t:|1779801150
|-end|p2a: Kingambit|fallen2|[silent]
|switch|p2a: Gholdengo|Gholdengo|80/100
|move|p1a: Kommo-o|Drain Punch|p2a: Gholdengo
|-immune|p2a: Gholdengo
|
|upkeep
|turn|24
|
|t:|1779801157
|switch|p1a: Tornadus|Tornadus-Therian, M|86/100
|move|p2a: Gholdengo|Shadow Ball|p1a: Tornadus
|-damage|p1a: Tornadus|58/100
|-unboost|p1a: Tornadus|spd|1
|
|upkeep
|turn|25
|
|t:|1779801171
|move|p2a: Gholdengo|Make It Rain|p1a: Tornadus
|-damage|p1a: Tornadus|0 fnt
|-unboost|p2a: Gholdengo|spa|1
|faint|p1a: Tornadus
|
|upkeep
|
|t:|1779801177
|switch|p1a: Kommo-o|Kommo-o, F, tera:Steel|73/100
|turn|26
|
|t:|1779801181
|switch|p2a: Great Tusk|Great Tusk, tera:Ice|67/100
|move|p1a: Kommo-o|Scale Shot|p2a: Great Tusk
|-damage|p2a: Great Tusk|58/100
|-damage|p2a: Great Tusk|50/100
|-damage|p2a: Great Tusk|42/100
|-damage|p2a: Great Tusk|34/100
|-damage|p2a: Great Tusk|25/100
|-hitcount|p2a: Great Tusk|5
|-unboost|p1a: Kommo-o|def|1
|-boost|p1a: Kommo-o|spe|1
|
|upkeep
|turn|27
|
|t:|1779801184
|move|p1a: Kommo-o|Drain Punch|p2a: Great Tusk
|-supereffective|p2a: Great Tusk
|-damage|p2a: Great Tusk|0 fnt
|-heal|p1a: Kommo-o|89/100|[from] drain|[of] p2a: Great Tusk
|faint|p2a: Great Tusk
|-end|p2a: Great Tusk|Protosynthesis|[silent]
|
|upkeep
|
|t:|1779801188
|switch|p2a: Gholdengo|Gholdengo|80/100
|turn|28
|-message|CosmicMD forfeited.
|
|win|usedcardownloader
|raw|CosmicMD's rating: 1453 &rarr; <strong>1431</strong><br />(-22 for losing)
|raw|usedcardownloader's rating: 1420 &rarr; <strong>1442</strong><br />(+22 for winning)
|l|☆CosmicMD
|player|p1|
|l|☆usedcardownloader
|player|p2|
