|j|☆SpiritMunch
|j|☆portugala
|t:|1779888204
|gametype|singles
|player|p1|SpiritMunch|youngster|1117
|player|p2|portugala|2|1199
|gen|9
|tier|[Gen 9] OU
|rated|
|rule|HP Percentage Mod: HP is shown in percentages
|rule|Endless Battle Clause: Forcing endless battles is banned
|rule|Species Clause: Limit one of each Pokémon
|rule|OHKO Clause: OHKO moves are banned
|rule|Evasion Items Clause: Evasion items are banned
|rule|Evasion Moves Clause: Evasion moves are banned
|rule|Evasion Abilities Clause: Evasion abilities are banned
|rule|Sleep Moves Clause: Sleep-inducing moves are banned
|clearpoke
|poke|p1|Blissey, F|
|poke|p1|Iron Crown|
|poke|p1|Rhyperior, M|
|poke|p1|Shiftry, F|
|poke|p1|Heracross, F|
|poke|p1|Polteageist|
|poke|p2|Incineroar, F|
|poke|p2|Iron Hands|
|poke|p2|Ogerpon-Wellspring, F|
|poke|p2|Weavile, M|
|poke|p2|Glimmora, M|
|poke|p2|Dragonite, M|
|teampreview
|inactive|Battle timer is ON: inactive players will automatically lose when time's up. (requested by portugala)
|inactive|SpiritMunch also wants the timer to be on.
|inactive|SpiritMunch has 120 seconds left.
|
|t:|1779888255
|teamsize|p1|6
|teamsize|p2|6
|start
|switch|p1a: Heracross|Heracross, F|100/100
|switch|p2a: Glimmora|Glimmora, M|100/100
|turn|1
|
|t:|1779888262
|move|p2a: Glimmora|Stealth Rock|p1a: Heracross
|-sidestart|p1: SpiritMunch|move: Stealth Rock
|move|p1a: Heracross|Trailblaze|p2a: Glimmora
|-damage|p2a: Glimmora|77/100
|-boost|p1a: Heracross|spe|1
|-activate|p2a: Glimmora|ability: Toxic Debris
|-sidestart|p1: SpiritMunch|move: Toxic Spikes
|
|-status|p1a: Heracross|brn|[from] item: Flame Orb
|upkeep
|turn|2
|inactive|portugala has 120 seconds left.
|
|t:|1779888308
|-terastallize|p2a: Glimmora|Ghost
|move|p1a: Heracross|Close Combat|p2a: Glimmora
|-immune|p2a: Glimmora
|move|p2a: Glimmora|Power Gem|p1a: Heracross
|-damage|p1a: Heracross|50/100 brn
|
|-damage|p1a: Heracross|44/100 brn|[from] brn
|upkeep
|turn|3
|inactive|SpiritMunch has 120 seconds left.
|
|t:|1779888358
|switch|p2a: Iron Hands|Iron Hands|100/100
|-enditem|p2a: Iron Hands|Booster Energy
|-activate|p2a: Iron Hands|ability: Quark Drive|[fromitem]
|-start|p2a: Iron Hands|quarkdriveatk
|move|p1a: Heracross|Megahorn|p2a: Iron Hands
|-resisted|p2a: Iron Hands
|-damage|p2a: Iron Hands|69/100
|
|-damage|p1a: Heracross|38/100 brn|[from] brn
|upkeep
|turn|4
|
|t:|1779888369
|move|p1a: Heracross|Close Combat|p2a: Iron Hands
|-crit|p2a: Iron Hands
|-damage|p2a: Iron Hands|0 fnt
|-unboost|p1a: Heracross|def|1
|-unboost|p1a: Heracross|spd|1
|faint|p2a: Iron Hands
|-end|p2a: Iron Hands|Quark Drive|[silent]
|
|-damage|p1a: Heracross|32/100 brn|[from] brn
|upkeep
|
|t:|1779888377
|switch|p2a: Dragonite|Dragonite, M|100/100
|turn|5
|
|t:|1779888382
|move|p1a: Heracross|Upper Hand|p2a: Dragonite
|-resisted|p2a: Dragonite
|-damage|p2a: Dragonite|86/100
|cant|p2a: Dragonite|flinch
|
|-damage|p1a: Heracross|26/100 brn|[from] brn
|upkeep
|turn|6
|
|t:|1779888390
|move|p1a: Heracross|Upper Hand|p2a: Dragonite
|-resisted|p2a: Dragonite
|-damage|p2a: Dragonite|56/100
|cant|p2a: Dragonite|flinch
|
|-damage|p1a: Heracross|20/100 brn|[from] brn
|upkeep
|turn|7
|
|t:|1779888396
|move|p1a: Heracross|Upper Hand|p2a: Dragonite
|-resisted|p2a: Dragonite
|-damage|p2a: Dragonite|25/100
|cant|p2a: Dragonite|flinch
|
|-damage|p1a: Heracross|14/100 brn|[from] brn
|upkeep
|turn|8
|inactive|portugala has 120 seconds left.
|
|t:|1779888404
|move|p1a: Heracross|Upper Hand|p2a: Dragonite
|-resisted|p2a: Dragonite
|-damage|p2a: Dragonite|0 fnt
|faint|p2a: Dragonite
|
|-damage|p1a: Heracross|8/100 brn|[from] brn
|upkeep
|inactive|portugala has 120 seconds left.
|
|t:|1779888414
|switch|p2a: Glimmora|Glimmora, M, tera:Ghost|77/100
|turn|9
|
|t:|1779888417
|move|p1a: Heracross|Megahorn|p2a: Glimmora|[miss]
|-miss|p1a: Heracross|p2a: Glimmora
|move|p2a: Glimmora|Power Gem|p1a: Heracross
|-damage|p1a: Heracross|0 fnt
|faint|p1a: Heracross
|
|upkeep
|
|t:|1779888431
|switch|p1a: Iron Crown|Iron Crown|100/100
|-damage|p1a: Iron Crown|94/100|[from] Stealth Rock
|turn|10
|
|t:|1779888446
|move|p1a: Iron Crown|Tachyon Cutter|p2a: Glimmora
|-damage|p2a: Glimmora|43/100
|-damage|p2a: Glimmora|13/100
|-hitcount|p2a: Glimmora|2
|move|p2a: Glimmora|Spikes|p1a: Iron Crown
|-sidestart|p1: SpiritMunch|Spikes
|
|upkeep
|turn|11
|
|t:|1779888456
|move|p1a: Iron Crown|Tachyon Cutter|p2a: Glimmora
|-damage|p2a: Glimmora|0 fnt
|faint|p2a: Glimmora
|-hitcount|p2: Glimmora|1
|
|upkeep
|
|t:|1779888461
|switch|p2a: Weavile|Weavile, M|100/100
|-ability|p2a: Weavile|Pressure
|turn|12
|
|t:|1779888467
|-terastallize|p1a: Iron Crown|Steel
|move|p2a: Weavile|Knock Off|p1a: Iron Crown
|-damage|p1a: Iron Crown|17/100
|-enditem|p1a: Iron Crown|Assault Vest|[from] move: Knock Off|[of] p2a: Weavile
|move|p1a: Iron Crown|Tachyon Cutter|p2a: Weavile
|-supereffective|p2a: Weavile
|-damage|p2a: Weavile|11/100
|-supereffective|p2a: Weavile
|-damage|p2a: Weavile|0 fnt
|faint|p2a: Weavile
|-hitcount|p2: Weavile|2
|
|upkeep
|-message|portugala forfeited.
|
|win|SpiritMunch
|raw|SpiritMunch's rating: 1117 &rarr; <strong>1148</strong><br />(+31 for winning)
|raw|portugala's rating: 1199 &rarr; <strong>1168</strong><br />(-31 for losing)
|l|☆portugala
|player|p2|
