|j|☆tigereyehs
|j|☆rebaar
|t:|1779943375
|gametype|singles
|player|p1|tigereyehs|gambler|1536
|player|p2|rebaar|psychic-gen4|1541
|gen|9
|tier|[Gen 9] OU
|rated|
|rule|HP Percentage Mod: HP is shown in percentages
|rule|Endless Battle Clause: Forcing endless battles is banned
|rule|Species Clause: Limit one of each Pokémon
|rule|OHKO Clause: OHKO moves are banned
|rule|Evasion Items Clause: Evasion items are banned
|rule|Evasion Moves Clause: Evasion moves are banned
|rule|Evasion Abilities Clause: Evasion abilities are banned
|rule|Sleep Moves Clause: Sleep-inducing moves are banned
|clearpoke
|poke|p1|Iron Moth|
|poke|p1|Gliscor, M|
|poke|p1|Hatterene, F|
|poke|p1|Ogerpon-Wellspring, F|
|poke|p1|Raging Bolt|
|poke|p1|Zamazenta-*|
|poke|p2|Ogerpon-Wellspring, F|
|poke|p2|Kingambit, M|
|poke|p2|Landorus-Therian, M|
|poke|p2|Glimmora, M|
|poke|p2|Dragapult, M|
|poke|p2|Iron Valiant|
|teampreview
|inactive|Battle timer is ON: inactive players will automatically lose when time's up. (requested by tigereyehs)
|
|t:|1779943395
|teamsize|p1|6
|teamsize|p2|6
|start
|switch|p1a: Zamazenta|Zamazenta, shiny|100/100
|switch|p2a: Landorus|Landorus-Therian, M|100/100
|-ability|p1a: Zamazenta|Dauntless Shield|boost
|-boost|p1a: Zamazenta|def|1
|-ability|p2a: Landorus|Intimidate|boost
|-unboost|p1a: Zamazenta|atk|1
|turn|1
|
|t:|1779943415
|move|p1a: Zamazenta|Reflect|p1a: Zamazenta
|-sidestart|p1: tigereyehs|Reflect
|move|p2a: Landorus|Stealth Rock|p1a: Zamazenta
|-sidestart|p1: tigereyehs|move: Stealth Rock
|
|upkeep
|turn|2
|
|t:|1779943420
|move|p1a: Zamazenta|Light Screen|p1a: Zamazenta
|-sidestart|p1: tigereyehs|move: Light Screen
|move|p2a: Landorus|U-turn|p1a: Zamazenta
|-resisted|p1a: Zamazenta
|-damage|p1a: Zamazenta|98/100
|
|t:|1779943422
|switch|p2a: Glimmora|Glimmora, M|100/100|[from] U-turn
|
|upkeep
|turn|3
|
|t:|1779943431
|move|p1a: Zamazenta|Close Combat|p2a: Glimmora
|-damage|p2a: Glimmora|64/100
|-unboost|p1a: Zamazenta|def|1
|-unboost|p1a: Zamazenta|spd|1
|-activate|p2a: Glimmora|ability: Toxic Debris
|-sidestart|p1: tigereyehs|move: Toxic Spikes
|move|p2a: Glimmora|Spikes|p1a: Zamazenta
|-sidestart|p1: tigereyehs|Spikes
|
|upkeep
|turn|4
|
|t:|1779943448
|move|p1a: Zamazenta|Close Combat|p2a: Glimmora
|-damage|p2a: Glimmora|23/100
|-unboost|p1a: Zamazenta|def|1
|-unboost|p1a: Zamazenta|spd|1
|-activate|p2a: Glimmora|ability: Toxic Debris
|-sidestart|p1: tigereyehs|move: Toxic Spikes
|move|p2a: Glimmora|Meteor Beam||[still]
|-prepare|p2a: Glimmora|Meteor Beam
|-boost|p2a: Glimmora|spa|1
|-enditem|p2a: Glimmora|Power Herb
|-anim|p2a: Glimmora|Meteor Beam|p1a: Zamazenta
|-resisted|p1a: Zamazenta
|-damage|p1a: Zamazenta|60/100
|
|upkeep
|turn|5
|
|t:|1779943459
|switch|p2a: Dragapult|Dragapult, M|100/100
|move|p1a: Zamazenta|Close Combat|p2a: Dragapult
|-immune|p2a: Dragapult
|
|upkeep
|turn|6
|
|t:|1779943484
|switch|p1a: Gliscor|Gliscor, M|100/100
|-damage|p1a: Gliscor|88/100|[from] Stealth Rock
|move|p2a: Dragapult|Draco Meteor|p1a: Gliscor|[miss]
|-miss|p2a: Dragapult|p1a: Gliscor
|
|-status|p1a: Gliscor|tox|[from] item: Toxic Orb
|upkeep
|turn|7
|
|t:|1779943494
|switch|p2a: Ogerpon|Ogerpon-Wellspring, F|100/100
|move|p1a: Gliscor|Swords Dance|p1a: Gliscor
|-boost|p1a: Gliscor|atk|2
|
|-heal|p1a: Gliscor|100/100 tox|[from] ability: Poison Heal
|upkeep
|turn|8
|
|t:|1779943501
|-terastallize|p1a: Gliscor|Normal
|move|p2a: Ogerpon|Taunt|p1a: Gliscor
|-start|p1a: Gliscor|move: Taunt
|cant|p1a: Gliscor|move: Taunt|Agility
|
|-sideend|p1: tigereyehs|Reflect
|upkeep
|turn|9
|
|t:|1779943518
|switch|p2a: Dragapult|Dragapult, M|100/100
|move|p1a: Gliscor|Facade|p2a: Dragapult
|-immune|p2a: Dragapult
|
|-sideend|p1: tigereyehs|move: Light Screen
|upkeep
|turn|10
|
|t:|1779943527
|move|p2a: Dragapult|Draco Meteor|p1a: Gliscor
|-damage|p1a: Gliscor|0 fnt
|-unboost|p2a: Dragapult|spa|2
|faint|p1a: Gliscor
|
|upkeep
|c|☆rebaar|have we no shame
|
|t:|1779943541
|switch|p1a: Zamazenta|Zamazenta, shiny|60/100
|-damage|p1a: Zamazenta|54/100|[from] Stealth Rock
|-status|p1a: Zamazenta|tox
|-damage|p1a: Zamazenta|41/100 tox|[from] Spikes
|turn|11
|
|t:|1779943555
|move|p2a: Dragapult|Draco Meteor|p1a: Zamazenta
|-damage|p1a: Zamazenta|10/100 tox
|-unboost|p2a: Dragapult|spa|2
|move|p1a: Zamazenta|Light Screen|p1a: Zamazenta
|-sidestart|p1: tigereyehs|move: Light Screen
|
|-damage|p1a: Zamazenta|4/100 tox|[from] psn
|upkeep
|turn|12
|
|t:|1779943562
|switch|p2a: Glimmora|Glimmora, M|23/100
|move|p1a: Zamazenta|Reflect|p1a: Zamazenta
|-sidestart|p1: tigereyehs|Reflect
|
|-damage|p1a: Zamazenta|0 fnt|[from] psn
|faint|p1a: Zamazenta
|upkeep
|
|t:|1779943570
|switch|p1a: Raging Bolt|Raging Bolt|100/100
|-damage|p1a: Raging Bolt|88/100|[from] Stealth Rock
|-status|p1a: Raging Bolt|tox
|-damage|p1a: Raging Bolt|76/100 tox|[from] Spikes
|-enditem|p1a: Raging Bolt|Booster Energy
|-activate|p1a: Raging Bolt|ability: Protosynthesis|[fromitem]
|-start|p1a: Raging Bolt|protosynthesisspa
|turn|13
|
|t:|1779943579
|move|p2a: Glimmora|Earth Power|p1a: Raging Bolt
|-supereffective|p1a: Raging Bolt
|-damage|p1a: Raging Bolt|44/100 tox
|move|p1a: Raging Bolt|Dragon Pulse|p2a: Glimmora
|-damage|p2a: Glimmora|0 fnt
|faint|p2a: Glimmora
|
|-damage|p1a: Raging Bolt|38/100 tox|[from] psn
|upkeep
|
|t:|1779943588
|switch|p2a: Landorus|Landorus-Therian, M|100/100
|-ability|p2a: Landorus|Intimidate|boost
|-unboost|p1a: Raging Bolt|atk|1
|turn|14
|
|t:|1779943592
|move|p2a: Landorus|Earthquake|p1a: Raging Bolt
|-supereffective|p1a: Raging Bolt
|-damage|p1a: Raging Bolt|0 fnt
|faint|p1a: Raging Bolt
|-end|p1a: Raging Bolt|Protosynthesis|[silent]
|
|upkeep
|
|t:|1779943596
|switch|p1a: Ogerpon|Ogerpon-Wellspring, F|100/100
|-damage|p1a: Ogerpon|88/100|[from] Stealth Rock
|-status|p1a: Ogerpon|tox
|-damage|p1a: Ogerpon|76/100 tox|[from] Spikes
|turn|15
|
|t:|1779943605
|move|p1a: Ogerpon|Swords Dance|p1a: Ogerpon
|-boost|p1a: Ogerpon|atk|2
|move|p2a: Landorus|U-turn|p1a: Ogerpon
|-supereffective|p1a: Ogerpon
|-damage|p1a: Ogerpon|48/100 tox
|
|t:|1779943609
|switch|p2a: Dragapult|Dragapult, M|100/100|[from] U-turn
|
|-damage|p1a: Ogerpon|42/100 tox|[from] psn
|upkeep
|turn|16
|
|t:|1779943616
|move|p2a: Dragapult|Draco Meteor|p1a: Ogerpon
|-damage|p1a: Ogerpon|0 fnt
|-unboost|p2a: Dragapult|spa|2
|faint|p1a: Ogerpon
|
|upkeep
|-message|tigereyehs forfeited.
|
|win|rebaar
|raw|tigereyehs's rating: 1536 &rarr; <strong>1516</strong><br />(-20 for losing)
|raw|rebaar's rating: 1541 &rarr; <strong>1561</strong><br />(+20 for winning)
|l|☆tigereyehs
|player|p1|
|l|☆rebaar
|player|p2|
