|j|☆owlwaystired
|j|‽CP28028
|t:|1779944901
|gametype|singles
|player|p1|owlwaystired|2|1459
|player|p2|CP28028|swimmerf-gen4dp|1433
|gen|9
|tier|[Gen 9] OU
|rated|
|rule|HP Percentage Mod: HP is shown in percentages
|rule|Endless Battle Clause: Forcing endless battles is banned
|rule|Species Clause: Limit one of each Pokémon
|rule|OHKO Clause: OHKO moves are banned
|rule|Evasion Items Clause: Evasion items are banned
|rule|Evasion Moves Clause: Evasion moves are banned
|rule|Evasion Abilities Clause: Evasion abilities are banned
|rule|Sleep Moves Clause: Sleep-inducing moves are banned
|clearpoke
|poke|p1|Primarina, M|
|poke|p1|Grimmsnarl, M|
|poke|p1|Lokix, F|
|poke|p1|Walking Wake|
|poke|p1|Kingambit, M|
|poke|p1|Iron Moth|
|poke|p2|Iron Valiant|
|poke|p2|Great Tusk|
|poke|p2|Dragonite, M|
|poke|p2|Kingambit, M|
|poke|p2|Dragapult, F|
|poke|p2|Ogerpon-Wellspring, F|
|teampreview
|inactive|Battle timer is ON: inactive players will automatically lose when time's up. (requested by CP28028)
|inactive|owlwaystired has 120 seconds left.
|
|t:|1779944934
|teamsize|p1|6
|teamsize|p2|6
|start
|switch|p1a: Walking Wake|Walking Wake|100/100
|switch|p2a: Dragonite|Dragonite, M|100/100
|-enditem|p1a: Walking Wake|Booster Energy
|-activate|p1a: Walking Wake|ability: Protosynthesis|[fromitem]
|-start|p1a: Walking Wake|protosynthesisatk
|turn|1
|
|t:|1779944945
|-end|p1a: Walking Wake|Protosynthesis|[silent]
|switch|p1a: Grimmsnarl|Grimmsnarl, M|100/100
|-terastallize|p2a: Dragonite|Flying
|move|p2a: Dragonite|Dragon Dance|p2a: Dragonite
|-boost|p2a: Dragonite|atk|1
|-boost|p2a: Dragonite|spe|1
|
|upkeep
|turn|2
|
|t:|1779944957
|move|p1a: Grimmsnarl|Thunder Wave|p2a: Dragonite
|-status|p2a: Dragonite|par
|move|p2a: Dragonite|Aerial Ace|p1a: Grimmsnarl
|-damage|p1a: Grimmsnarl|26/100
|
|-heal|p1a: Grimmsnarl|32/100|[from] item: Leftovers
|upkeep
|turn|3
|
|t:|1779944972
|move|p2a: Dragonite|Extreme Speed|p1a: Grimmsnarl
|-damage|p1a: Grimmsnarl|0 fnt
|faint|p1a: Grimmsnarl
|
|upkeep
|
|t:|1779944988
|switch|p1a: Iron Moth|Iron Moth|100/100
|-enditem|p1a: Iron Moth|Booster Energy
|-activate|p1a: Iron Moth|ability: Quark Drive|[fromitem]
|-start|p1a: Iron Moth|quarkdrivespa
|turn|4
|
|t:|1779944991
|move|p1a: Iron Moth|Discharge|p2a: Dragonite
|-supereffective|p2a: Dragonite
|-damage|p2a: Dragonite|58/100 par
|move|p2a: Dragonite|Earthquake|p1a: Iron Moth
|-supereffective|p1a: Iron Moth
|-damage|p1a: Iron Moth|0 fnt
|faint|p1a: Iron Moth
|-end|p1a: Iron Moth|Quark Drive|[silent]
|
|-heal|p2a: Dragonite|65/100 par|[from] item: Leftovers
|upkeep
|
|t:|1779944997
|switch|p1a: Primarina|Primarina, M|100/100
|turn|5
|
|t:|1779945004
|move|p2a: Dragonite|Aerial Ace|p1a: Primarina
|-damage|p1a: Primarina|25/100
|move|p1a: Primarina|Moonblast|p2a: Dragonite
|-damage|p2a: Dragonite|8/100 par
|
|-heal|p2a: Dragonite|14/100 par|[from] item: Leftovers
|upkeep
|turn|6
|
|t:|1779945010
|move|p2a: Dragonite|Extreme Speed|p1a: Primarina
|-damage|p1a: Primarina|0 fnt
|faint|p1a: Primarina
|
|-heal|p2a: Dragonite|20/100 par|[from] item: Leftovers
|upkeep
|
|t:|1779945017
|switch|p1a: Walking Wake|Walking Wake|100/100
|turn|7
|
|t:|1779945020
|move|p1a: Walking Wake|Dragon Claw|p2a: Dragonite
|-damage|p2a: Dragonite|0 fnt
|faint|p2a: Dragonite
|
|upkeep
|
|t:|1779945029
|switch|p2a: Dragapult|Dragapult, F|100/100
|turn|8
|
|t:|1779945040
|-terastallize|p1a: Walking Wake|Water
|move|p2a: Dragapult|Draco Meteor|p1a: Walking Wake
|-damage|p1a: Walking Wake|20/100
|-unboost|p2a: Dragapult|spa|2
|move|p1a: Walking Wake|Dragon Dance|p1a: Walking Wake
|-boost|p1a: Walking Wake|atk|1
|-boost|p1a: Walking Wake|spe|1
|
|upkeep
|turn|9
|
|t:|1779945055
|move|p2a: Dragapult|Draco Meteor|p1a: Walking Wake
|-damage|p1a: Walking Wake|0 fnt
|-unboost|p2a: Dragapult|spa|2
|faint|p1a: Walking Wake
|-end|p1a: Walking Wake|Protosynthesis|[silent]
|
|upkeep
|
|t:|1779945058
|switch|p1a: Lokix|Lokix, F|100/100
|turn|10
|
|t:|1779945061
|switch|p2a: Great Tusk|Great Tusk|100/100
|-enditem|p2a: Great Tusk|Booster Energy
|-activate|p2a: Great Tusk|ability: Protosynthesis|[fromitem]
|-start|p2a: Great Tusk|protosynthesisspe
|move|p1a: Lokix|Swords Dance|p1a: Lokix
|-boost|p1a: Lokix|atk|2
|
|upkeep
|turn|11
|
|t:|1779945068
|move|p2a: Great Tusk|Taunt|p1a: Lokix
|-start|p1a: Lokix|move: Taunt
|move|p1a: Lokix|Knock Off|p2a: Great Tusk
|-resisted|p2a: Great Tusk
|-damage|p2a: Great Tusk|62/100
|
|upkeep
|turn|12
|
|t:|1779945074
|move|p2a: Great Tusk|Smack Down|p1a: Lokix
|-supereffective|p1a: Lokix
|-damage|p1a: Lokix|70/100
|move|p1a: Lokix|Leech Life|p2a: Great Tusk
|-resisted|p2a: Great Tusk
|-damage|p2a: Great Tusk|4/100
|-heal|p1a: Lokix|100/100|[from] drain|[of] p2a: Great Tusk
|
|upkeep
|turn|13
|
|t:|1779945082
|move|p2a: Great Tusk|Smack Down|p1a: Lokix
|-supereffective|p1a: Lokix
|-damage|p1a: Lokix|67/100
|move|p1a: Lokix|Leech Life|p2a: Great Tusk
|-resisted|p2a: Great Tusk
|-damage|p2a: Great Tusk|0 fnt
|-heal|p1a: Lokix|71/100|[from] drain|[of] p2a: Great Tusk
|faint|p2a: Great Tusk
|-end|p2a: Great Tusk|Protosynthesis|[silent]
|
|-end|p1a: Lokix|move: Taunt
|upkeep
|
|t:|1779945086
|switch|p2a: Dragapult|Dragapult, F|100/100
|turn|14
|
|t:|1779945089
|move|p1a: Lokix|Sucker Punch|p2a: Dragapult
|-supereffective|p2a: Dragapult
|-damage|p2a: Dragapult|0 fnt
|faint|p2a: Dragapult
|
|upkeep
|
|t:|1779945100
|switch|p2a: Ogerpon|Ogerpon-Wellspring, F|100/100
|turn|15
|
|t:|1779945105
|move|p2a: Ogerpon|Ivy Cudgel|p1a: Lokix|[anim] Ivy Cudgel Water
|-damage|p1a: Lokix|0 fnt
|faint|p1a: Lokix
|
|upkeep
|
|t:|1779945109
|switch|p1a: Kingambit|Kingambit, M|100/100
|-activate|p1a: Kingambit|ability: Supreme Overlord
|-start|p1a: Kingambit|fallen5|[silent]
|turn|16
|
|t:|1779945115
|move|p2a: Ogerpon|Ivy Cudgel|p1a: Kingambit|[anim] Ivy Cudgel Water
|-damage|p1a: Kingambit|57/100
|move|p1a: Kingambit|Swords Dance|p1a: Kingambit
|-boost|p1a: Kingambit|atk|2
|
|upkeep
|turn|17
|
|t:|1779945122
|move|p1a: Kingambit|Sucker Punch|p2a: Ogerpon
|-damage|p2a: Ogerpon|0 fnt
|faint|p2a: Ogerpon
|
|upkeep
|
|t:|1779945125
|switch|p2a: Kingambit|Kingambit, M|100/100
|-activate|p2a: Kingambit|ability: Supreme Overlord
|-start|p2a: Kingambit|fallen4|[silent]
|turn|18
|
|t:|1779945138
|move|p2a: Kingambit|Low Kick|p1a: Kingambit
|-supereffective|p1a: Kingambit
|-damage|p1a: Kingambit|0 fnt
|faint|p1a: Kingambit
|-end|p1a: Kingambit|fallen5|[silent]
|
|win|CP28028
|raw|owlwaystired's rating: 1459 &rarr; <strong>1438</strong><br />(-21 for losing)
|raw|CP28028's rating: 1433 &rarr; <strong>1454</strong><br />(+21 for winning)
|l|☆owlwaystired
|player|p1|
|l|‽CP28028
|player|p2|
