|j|☆Mickey July
|j|☆wikio
|t:|1779815747
|gametype|singles
|player|p1|Mickey July|lass-gen4dp|1154
|player|p2|wikio|170|1175
|gen|9
|tier|[Gen 9] OU
|rated|
|rule|HP Percentage Mod: HP is shown in percentages
|rule|Endless Battle Clause: Forcing endless battles is banned
|rule|Species Clause: Limit one of each Pokémon
|rule|OHKO Clause: OHKO moves are banned
|rule|Evasion Items Clause: Evasion items are banned
|rule|Evasion Moves Clause: Evasion moves are banned
|rule|Evasion Abilities Clause: Evasion abilities are banned
|rule|Sleep Moves Clause: Sleep-inducing moves are banned
|clearpoke
|poke|p1|Hydrapple, F|
|poke|p1|Alomomola, M|
|poke|p1|Slowking-Galar, F|
|poke|p1|Tornadus-Therian, M|
|poke|p1|Great Tusk|
|poke|p1|Samurott-Hisui, M|
|poke|p2|Torkoal, M|
|poke|p2|Ninetales, F|
|poke|p2|Venusaur, F|
|poke|p2|Lilligant-Hisui, F|
|poke|p2|Landorus-Therian, M|
|poke|p2|Bastiodon, M|
|teampreview
|inactive|Battle timer is ON: inactive players will automatically lose when time's up. (requested by Mickey July)
|
|t:|1779815754
|teamsize|p1|6
|teamsize|p2|6
|start
|switch|p1a: Slowking|Slowking-Galar, F|100/100
|switch|p2a: Ninetales|Ninetales, F|100/100
|-weather|SunnyDay|[from] ability: Drought|[of] p2a: Ninetales
|turn|1
|
|t:|1779815774
|switch|p2a: Bastiodon|Bastiodon, M|100/100
|move|p1a: Slowking|Future Sight|p2a: Bastiodon
|-start|p1a: Slowking|move: Future Sight
|
|-weather|SunnyDay|[upkeep]
|upkeep
|turn|2
|
|t:|1779815786
|switch|p1a: Hydrapple|Hydrapple, F|100/100
|move|p2a: Bastiodon|Body Press|p1a: Hydrapple
|-damage|p1a: Hydrapple|81/100
|
|-weather|SunnyDay|[upkeep]
|upkeep
|turn|3
|
|t:|1779815797
|switch|p2a: Venusaur|Venusaur, F|100/100
|move|p1a: Hydrapple|Dragon Tail|p2a: Venusaur
|-damage|p2a: Venusaur|82/100
|drag|p2a: Landorus|Landorus-Therian, M|100/100
|-ability|p2a: Landorus|Intimidate|boost
|-unboost|p1a: Hydrapple|atk|1
|
|-weather|SunnyDay|[upkeep]
|-end|p2a: Landorus|move: Future Sight
|-damage|p2a: Landorus|31/100
|upkeep
|turn|4
|
|t:|1779815811
|move|p2a: Landorus|U-turn|p1a: Hydrapple
|-supereffective|p1a: Hydrapple
|-damage|p1a: Hydrapple|53/100
|
|t:|1779815819
|switch|p2a: Venusaur|Venusaur, F|82/100|[from] U-turn
|move|p1a: Hydrapple|Giga Drain|p2a: Venusaur
|-resisted|p2a: Venusaur
|-damage|p2a: Venusaur|74/100
|-heal|p1a: Hydrapple|56/100|[from] drain|[of] p2a: Venusaur
|
|-weather|SunnyDay|[upkeep]
|upkeep
|turn|5
|
|t:|1779815828
|switch|p1a: Slowking|Slowking-Galar, F|100/100
|move|p2a: Venusaur|Sludge Bomb|p1a: Slowking
|-resisted|p1a: Slowking
|-damage|p1a: Slowking|86/100
|-damage|p2a: Venusaur|64/100|[from] item: Life Orb
|
|-weather|none
|upkeep
|turn|6
|
|t:|1779815838
|move|p2a: Venusaur|Knock Off|p1a: Slowking
|-supereffective|p1a: Slowking
|-damage|p1a: Slowking|38/100
|-enditem|p1a: Slowking|Assault Vest|[from] move: Knock Off|[of] p2a: Venusaur
|-damage|p2a: Venusaur|54/100|[from] item: Life Orb
|move|p1a: Slowking|Future Sight|p2a: Venusaur
|-start|p1a: Slowking|move: Future Sight
|
|upkeep
|turn|7
|
|t:|1779815847
|move|p2a: Venusaur|Knock Off|p1a: Slowking
|-supereffective|p1a: Slowking
|-crit|p1a: Slowking
|-damage|p1a: Slowking|0 fnt
|faint|p1a: Slowking
|-damage|p2a: Venusaur|44/100|[from] item: Life Orb
|
|upkeep
|
|t:|1779815855
|switch|p1a: Samurott|Samurott-Hisui, M|100/100
|turn|8
|
|t:|1779815860
|switch|p1a: Tornadus|Tornadus-Therian, M|100/100
|move|p2a: Venusaur|Giga Drain|p1a: Tornadus
|-resisted|p1a: Tornadus
|-crit|p1a: Tornadus
|-damage|p1a: Tornadus|64/100
|-heal|p2a: Venusaur|66/100|[from] drain|[of] p1a: Tornadus
|-damage|p2a: Venusaur|56/100|[from] item: Life Orb
|
|-end|p2a: Venusaur|move: Future Sight
|-supereffective|p2a: Venusaur
|-damage|p2a: Venusaur|0 fnt
|faint|p2a: Venusaur
|upkeep
|
|t:|1779815886
|switch|p2a: Ninetales|Ninetales, F|100/100
|-weather|SunnyDay|[from] ability: Drought|[of] p2a: Ninetales
|turn|9
|
|t:|1779815897
|move|p1a: Tornadus|Knock Off|p2a: Ninetales
|-damage|p2a: Ninetales|74/100
|-enditem|p2a: Ninetales|Heavy-Duty Boots|[from] move: Knock Off|[of] p1a: Tornadus
|move|p2a: Ninetales|Flamethrower|p1a: Tornadus
|-damage|p1a: Tornadus|28/100
|
|-weather|SunnyDay|[upkeep]
|upkeep
|turn|10
|
|t:|1779815905
|move|p1a: Tornadus|U-turn|p2a: Ninetales
|-resisted|p2a: Ninetales
|-damage|p2a: Ninetales|65/100
|
|t:|1779815907
|switch|p1a: Samurott|Samurott-Hisui, M|100/100|[from] U-turn
|move|p2a: Ninetales|Will-O-Wisp|p1a: Samurott
|-status|p1a: Samurott|brn
|
|-weather|SunnyDay|[upkeep]
|-damage|p1a: Samurott|94/100 brn|[from] brn
|upkeep
|turn|11
|
|t:|1779815920
|switch|p2a: Lilligant|Lilligant-Hisui, F|100/100
|move|p1a: Samurott|Ceaseless Edge|p2a: Lilligant|[miss]
|-miss|p1a: Samurott|p2a: Lilligant
|
|-weather|SunnyDay|[upkeep]
|-damage|p1a: Samurott|88/100 brn|[from] brn
|upkeep
|turn|12
|
|t:|1779815931
|switch|p1a: Hydrapple|Hydrapple, F|89/100
|move|p2a: Lilligant|Victory Dance|p2a: Lilligant
|-boost|p2a: Lilligant|atk|1
|-boost|p2a: Lilligant|def|1
|-boost|p2a: Lilligant|spe|1
|
|-weather|SunnyDay|[upkeep]
|upkeep
|turn|13
|
|t:|1779815939
|move|p2a: Lilligant|Triple Axel|p1a: Hydrapple
|-supereffective|p1a: Hydrapple
|-damage|p1a: Hydrapple|68/100
|-supereffective|p1a: Hydrapple
|-damage|p1a: Hydrapple|22/100
|-supereffective|p1a: Hydrapple
|-damage|p1a: Hydrapple|0 fnt
|faint|p1a: Hydrapple
|-hitcount|p1: Hydrapple|3
|
|-weather|none
|upkeep
|
|t:|1779815942
|switch|p1a: Great Tusk|Great Tusk|100/100
|turn|14
|
|t:|1779815955
|-terastallize|p1a: Great Tusk|Steel
|move|p2a: Lilligant|Triple Axel|p1a: Great Tusk
|-resisted|p1a: Great Tusk
|-damage|p1a: Great Tusk|97/100
|-damage|p2a: Lilligant|84/100|[from] item: Rocky Helmet|[of] p1a: Great Tusk
|-resisted|p1a: Great Tusk
|-damage|p1a: Great Tusk|89/100
|-damage|p2a: Lilligant|68/100|[from] item: Rocky Helmet|[of] p1a: Great Tusk
|-resisted|p1a: Great Tusk
|-damage|p1a: Great Tusk|79/100
|-damage|p2a: Lilligant|51/100|[from] item: Rocky Helmet|[of] p1a: Great Tusk
|-hitcount|p1a: Great Tusk|3
|move|p1a: Great Tusk|Ice Spinner|p2a: Lilligant
|-supereffective|p2a: Lilligant
|-damage|p2a: Lilligant|0 fnt
|faint|p2a: Lilligant
|
|upkeep
|
|t:|1779815977
|switch|p2a: Bastiodon|Bastiodon, M|100/100
|turn|15
|
|t:|1779815982
|move|p1a: Great Tusk|Headlong Rush|p2a: Bastiodon
|-supereffective|p2a: Bastiodon
|-ability|p2a: Bastiodon|Sturdy
|-damage|p2a: Bastiodon|1/100
|-unboost|p1a: Great Tusk|def|1
|-unboost|p1a: Great Tusk|spd|1
|move|p2a: Bastiodon|Metal Burst|p1a: Great Tusk
|-damage|p1a: Great Tusk|0 fnt
|faint|p1a: Great Tusk
|-end|p1a: Great Tusk|Protosynthesis|[silent]
|
|upkeep
|
|t:|1779815987
|switch|p1a: Alomomola|Alomomola, M|100/100
|turn|16
|-enditem|p2a: Bastiodon|Custap Berry|[eat]
|-activate|p2a: Bastiodon|item: Custap Berry|[consumed]
|
|t:|1779815996
|move|p2a: Bastiodon|Body Press|p1a: Alomomola
|-damage|p1a: Alomomola|83/100
|move|p1a: Alomomola|Flip Turn|p2a: Bastiodon
|-supereffective|p2a: Bastiodon
|-damage|p2a: Bastiodon|0 fnt
|faint|p2a: Bastiodon
|
|t:|1779816003
|switch|p1a: Tornadus|Tornadus-Therian, M|61/100|[from] Flip Turn
|
|upkeep
|
|t:|1779816017
|switch|p2a: Ninetales|Ninetales, F|65/100
|-weather|SunnyDay|[from] ability: Drought|[of] p2a: Ninetales
|turn|17
|
|t:|1779816029
|move|p1a: Tornadus|U-turn|p2a: Ninetales
|-resisted|p2a: Ninetales
|-damage|p2a: Ninetales|57/100
|
|t:|1779816032
|switch|p1a: Samurott|Samurott-Hisui, M|88/100 brn|[from] U-turn
|move|p2a: Ninetales|Healing Wish|p2a: Ninetales
|faint|p2a: Ninetales
|
|-weather|SunnyDay|[upkeep]
|-damage|p1a: Samurott|82/100 brn|[from] brn
|upkeep
|
|t:|1779816047
|switch|p2a: Landorus|Landorus-Therian, M|31/100
|-heal|p2a: Landorus|100/100|[from] move: Healing Wish
|-ability|p2a: Landorus|Intimidate|boost
|-unboost|p1a: Samurott|atk|1
|turn|18
|
|t:|1779816067
|switch|p1a: Alomomola|Alomomola, M|100/100
|-terastallize|p2a: Landorus|Steel
|move|p2a: Landorus|Stone Edge|p1a: Alomomola
|-damage|p1a: Alomomola|82/100
|
|-weather|SunnyDay|[upkeep]
|upkeep
|turn|19
|
|t:|1779816078
|move|p2a: Landorus|Earthquake|p1a: Alomomola
|-damage|p1a: Alomomola|52/100
|move|p1a: Alomomola|Scald|p2a: Landorus
|-damage|p2a: Landorus|92/100
|
|-weather|SunnyDay|[upkeep]
|upkeep
|turn|20
|
|t:|1779816085
|move|p2a: Landorus|Taunt|p1a: Alomomola
|-start|p1a: Alomomola|move: Taunt
|cant|p1a: Alomomola|move: Taunt|Wish
|
|-weather|SunnyDay|[upkeep]
|upkeep
|turn|21
|
|t:|1779816093
|move|p2a: Landorus|Stone Edge|p1a: Alomomola|[miss]
|-miss|p2a: Landorus|p1a: Alomomola
|move|p1a: Alomomola|Flip Turn|p2a: Landorus
|-damage|p2a: Landorus|82/100
|-damage|p1a: Alomomola|35/100|[from] item: Rocky Helmet|[of] p2a: Landorus
|
|t:|1779816096
|switch|p1a: Samurott|Samurott-Hisui, M|82/100 brn|[from] Flip Turn
|
|-weather|none
|-damage|p1a: Samurott|76/100 brn|[from] brn
|upkeep
|turn|22
|
|t:|1779816102
|switch|p1a: Alomomola|Alomomola, M|68/100
|move|p2a: Landorus|U-turn|p1a: Alomomola
|-damage|p1a: Alomomola|55/100
|
|t:|1779816104
|switch|p2a: Torkoal|Torkoal, M|100/100|[from] U-turn
|-weather|SunnyDay|[from] ability: Drought|[of] p2a: Torkoal
|
|-weather|SunnyDay|[upkeep]
|upkeep
|turn|23
|
|t:|1779816110
|move|p1a: Alomomola|Protect|p1a: Alomomola
|-singleturn|p1a: Alomomola|Protect
|move|p2a: Torkoal|Stealth Rock|p1a: Alomomola
|-sidestart|p1: Mickey July|move: Stealth Rock
|
|-weather|SunnyDay|[upkeep]
|upkeep
|turn|24
|
|t:|1779816115
|switch|p2a: Landorus|Landorus-Therian, M, tera:Steel|82/100
|-ability|p2a: Landorus|Intimidate|boost
|-unboost|p1a: Alomomola|atk|1
|move|p1a: Alomomola|Wish|p1a: Alomomola
|
|-weather|SunnyDay|[upkeep]
|upkeep
|turn|25
|
|t:|1779816123
|move|p2a: Landorus|Taunt|p1a: Alomomola
|-start|p1a: Alomomola|move: Taunt
|move|p1a: Alomomola|Scald|p2a: Landorus
|-damage|p2a: Landorus|74/100
|-status|p2a: Landorus|brn
|
|-weather|SunnyDay|[upkeep]
|-heal|p1a: Alomomola|100/100|[from] move: Wish|[wisher] Alomomola
|-damage|p2a: Landorus|68/100 brn|[from] brn
|upkeep
|turn|26
|
|t:|1779816133
|move|p2a: Landorus|Stone Edge|p1a: Alomomola
|-damage|p1a: Alomomola|90/100
|move|p1a: Alomomola|Flip Turn|p2a: Landorus
|-damage|p2a: Landorus|62/100 brn
|-damage|p1a: Alomomola|73/100|[from] item: Rocky Helmet|[of] p2a: Landorus
|
|t:|1779816135
|switch|p1a: Tornadus|Tornadus-Therian, M|94/100|[from] Flip Turn
|
|-weather|SunnyDay|[upkeep]
|-damage|p2a: Landorus|56/100 brn|[from] brn
|upkeep
|turn|27
|
|t:|1779816138
|move|p1a: Tornadus|Heat Wave|p2a: Landorus
|-supereffective|p2a: Landorus
|-damage|p2a: Landorus|0 fnt
|faint|p2a: Landorus
|
|-weather|SunnyDay|[upkeep]
|upkeep
|-message|wikio forfeited.
|
|win|Mickey July
|raw|Mickey July's rating: 1154 &rarr; <strong>1181</strong><br />(+27 for winning)
|raw|wikio's rating: 1175 &rarr; <strong>1148</strong><br />(-27 for losing)
|l|☆wikio
|player|p2|
|l|☆Mickey July
|player|p1|
