|j|☆ivoryP
|j|☆cuckalicious
|t:|1779845560
|gametype|singles
|player|p1|ivoryP|bugcatcher-gen4dp|1312
|player|p2|cuckalicious|psychic-gen4|1336
|gen|9
|tier|[Gen 9] OU
|rated|
|rule|HP Percentage Mod: HP is shown in percentages
|rule|Endless Battle Clause: Forcing endless battles is banned
|rule|Species Clause: Limit one of each Pokémon
|rule|OHKO Clause: OHKO moves are banned
|rule|Evasion Items Clause: Evasion items are banned
|rule|Evasion Moves Clause: Evasion moves are banned
|rule|Evasion Abilities Clause: Evasion abilities are banned
|rule|Sleep Moves Clause: Sleep-inducing moves are banned
|clearpoke
|poke|p1|Leavanny, M|
|poke|p1|Ninetales, F|
|poke|p1|Moltres|
|poke|p1|Shiftry, F|
|poke|p1|Forretress, M|
|poke|p1|Walking Wake|
|poke|p2|Ninetales, F|
|poke|p2|Volcanion|
|poke|p2|Great Tusk|
|poke|p2|Hatterene, F|
|poke|p2|Walking Wake|
|poke|p2|Raging Bolt|
|teampreview
|
|t:|1779845568
|teamsize|p1|6
|teamsize|p2|6
|start
|switch|p1a: Ninetales|Ninetales, F|100/100
|switch|p2a: Volcanion|Volcanion|100/100
|-weather|SunnyDay|[from] ability: Drought|[of] p1a: Ninetales
|turn|1
|inactive|Battle timer is ON: inactive players will automatically lose when time's up. (requested by cuckalicious)
|
|t:|1779845595
|move|p1a: Ninetales|Solar Beam||[still]
|-prepare|p1a: Ninetales|Solar Beam
|-anim|p1a: Ninetales|Solar Beam|p2a: Volcanion
|-damage|p2a: Volcanion|61/100
|move|p2a: Volcanion|Earth Power|p1a: Ninetales
|-supereffective|p1a: Ninetales
|-damage|p1a: Ninetales|0 fnt
|faint|p1a: Ninetales
|
|-weather|SunnyDay|[upkeep]
|upkeep
|
|t:|1779845608
|switch|p1a: Walking Wake|Walking Wake|100/100
|-activate|p1a: Walking Wake|ability: Protosynthesis
|-start|p1a: Walking Wake|protosynthesisspa
|turn|2
|
|t:|1779845614
|switch|p2a: Hatterene|Hatterene, F|100/100
|move|p1a: Walking Wake|Draco Meteor|p2a: Hatterene
|-immune|p2a: Hatterene
|
|-weather|SunnyDay|[upkeep]
|upkeep
|turn|3
|
|t:|1779845617
|move|p1a: Walking Wake|Hydro Steam|p2a: Hatterene
|-damage|p2a: Hatterene|15/100
|-enditem|p2a: Hatterene|Eject Button
|
|t:|1779845624
|switch|p2a: Walking Wake|Walking Wake|100/100
|-activate|p2a: Walking Wake|ability: Protosynthesis
|-start|p2a: Walking Wake|protosynthesisspa
|
|-weather|SunnyDay|[upkeep]
|upkeep
|turn|4
|
|t:|1779845628
|move|p2a: Walking Wake|Dragon Pulse|p1a: Walking Wake
|-supereffective|p1a: Walking Wake
|-damage|p1a: Walking Wake|0 fnt
|faint|p1a: Walking Wake
|-end|p1a: Walking Wake|Protosynthesis|[silent]
|
|-weather|SunnyDay|[upkeep]
|upkeep
|
|t:|1779845632
|switch|p1a: Leavanny|Leavanny, M|100/100
|turn|5
|
|t:|1779845636
|move|p1a: Leavanny|Sticky Web|p2a: Walking Wake
|-sidestart|p2: cuckalicious|move: Sticky Web
|move|p2a: Walking Wake|Dragon Pulse|p1a: Leavanny
|-damage|p1a: Leavanny|5/100
|
|-weather|SunnyDay|[upkeep]
|upkeep
|turn|6
|
|t:|1779845639
|move|p1a: Leavanny|Triple Axel|p2a: Walking Wake
|-damage|p2a: Walking Wake|94/100
|-damage|p2a: Walking Wake|82/100
|-damage|p2a: Walking Wake|63/100
|-hitcount|p2a: Walking Wake|3
|move|p2a: Walking Wake|Dragon Pulse|p1a: Leavanny
|-damage|p1a: Leavanny|0 fnt
|faint|p1a: Leavanny
|
|-weather|SunnyDay|[upkeep]
|upkeep
|
|t:|1779845646
|switch|p1a: Shiftry|Shiftry, F|100/100
|turn|7
|
|t:|1779845652
|-terastallize|p1a: Shiftry|Water
|move|p2a: Walking Wake|Dragon Pulse|p1a: Shiftry
|-damage|p1a: Shiftry|18/100
|move|p1a: Shiftry|Tailwind|p1a: Shiftry
|-sidestart|p1: ivoryP|move: Tailwind
|-ability|p1a: Shiftry|Wind Rider|boost
|-boost|p1a: Shiftry|atk|1
|
|-weather|SunnyDay|[upkeep]
|upkeep
|turn|8
|
|t:|1779845665
|-end|p2a: Walking Wake|Protosynthesis|[silent]
|switch|p2a: Hatterene|Hatterene, F|15/100
|-activate|p2a: Hatterene|move: Sticky Web
|-unboost|p2a: Hatterene|spe|1
|move|p1a: Shiftry|Leaf Blade|p2a: Hatterene
|-damage|p2a: Hatterene|0 fnt
|faint|p2a: Hatterene
|-damage|p1a: Shiftry|8/100|[from] item: Life Orb
|
|-weather|none
|upkeep
|
|t:|1779845670
|switch|p2a: Ninetales|Ninetales, F|100/100
|-activate|p2a: Ninetales|move: Sticky Web
|-unboost|p2a: Ninetales|spe|1
|-weather|SunnyDay|[from] ability: Drought|[of] p2a: Ninetales
|turn|9
|
|t:|1779845683
|switch|p2a: Volcanion|Volcanion|61/100
|-activate|p2a: Volcanion|move: Sticky Web
|-unboost|p2a: Volcanion|spe|1
|move|p1a: Shiftry|Knock Off|p2a: Volcanion
|-damage|p2a: Volcanion|0 fnt
|-enditem|p2a: Volcanion|Choice Specs|[from] move: Knock Off|[of] p1a: Shiftry
|faint|p2a: Volcanion
|-damage|p1a: Shiftry|0 fnt|[from] item: Life Orb
|faint|p1a: Shiftry
|
|-weather|SunnyDay|[upkeep]
|upkeep
|
|t:|1779845686
|switch|p1a: Moltres|Moltres|100/100
|switch|p2a: Great Tusk|Great Tusk|100/100
|-activate|p2a: Great Tusk|move: Sticky Web
|-unboost|p2a: Great Tusk|spe|1
|-activate|p2a: Great Tusk|ability: Protosynthesis
|-start|p2a: Great Tusk|protosynthesisatk
|turn|10
|
|t:|1779845692
|-end|p2a: Great Tusk|Protosynthesis|[silent]
|switch|p2a: Walking Wake|Walking Wake|63/100
|-activate|p2a: Walking Wake|move: Sticky Web
|-unboost|p2a: Walking Wake|spe|1
|-activate|p2a: Walking Wake|ability: Protosynthesis
|-start|p2a: Walking Wake|protosynthesisspa
|move|p1a: Moltres|Hurricane|p2a: Walking Wake
|-damage|p2a: Walking Wake|0 fnt
|faint|p2a: Walking Wake
|-end|p2a: Walking Wake|Protosynthesis|[silent]
|
|-weather|SunnyDay|[upkeep]
|-sideend|p1: ivoryP|move: Tailwind
|upkeep
|
|t:|1779845696
|switch|p2a: Raging Bolt|Raging Bolt|100/100
|-activate|p2a: Raging Bolt|move: Sticky Web
|-unboost|p2a: Raging Bolt|spe|1
|-activate|p2a: Raging Bolt|ability: Protosynthesis
|-start|p2a: Raging Bolt|protosynthesisspa
|turn|11
|
|t:|1779845707
|switch|p1a: Forretress|Forretress, M|100/100
|move|p2a: Raging Bolt|Thunderbolt|p1a: Forretress
|-damage|p1a: Forretress|10/100
|-damage|p2a: Raging Bolt|91/100|[from] item: Life Orb
|
|-weather|SunnyDay|[upkeep]
|upkeep
|turn|12
|
|t:|1779845711
|move|p2a: Raging Bolt|Thunderbolt|p1a: Forretress
|-damage|p1a: Forretress|0 fnt
|faint|p1a: Forretress
|-damage|p2a: Raging Bolt|81/100|[from] item: Life Orb
|
|-weather|SunnyDay|[upkeep]
|upkeep
|
|t:|1779845714
|switch|p1a: Moltres|Moltres|100/100
|turn|13
|c|☆cuckalicious|gg
|
|t:|1779845722
|move|p1a: Moltres|Roost||[still]
|-fail|p1a: Moltres|heal
|move|p2a: Raging Bolt|Thunderbolt|p1a: Moltres
|-supereffective|p1a: Moltres
|-damage|p1a: Moltres|0 fnt
|faint|p1a: Moltres
|-damage|p2a: Raging Bolt|71/100|[from] item: Life Orb
|
|win|cuckalicious
|raw|ivoryP's rating: 1312 &rarr; <strong>1293</strong><br />(-19 for losing)
|raw|cuckalicious's rating: 1336 &rarr; <strong>1355</strong><br />(+19 for winning)
|l|☆ivoryP
|player|p1|
|l|☆cuckalicious
|player|p2|
