|j|☆Mr_Stonks0406
|j|☆ZeeVeeAy
|t:|1779943604
|gametype|singles
|player|p1|Mr_Stonks0406|102|1432
|player|p2|ZeeVeeAy|daisy|1506
|gen|9
|tier|[Gen 9] OU
|rated|
|rule|HP Percentage Mod: HP is shown in percentages
|rule|Endless Battle Clause: Forcing endless battles is banned
|rule|Species Clause: Limit one of each Pokémon
|rule|OHKO Clause: OHKO moves are banned
|rule|Evasion Items Clause: Evasion items are banned
|rule|Evasion Moves Clause: Evasion moves are banned
|rule|Evasion Abilities Clause: Evasion abilities are banned
|rule|Sleep Moves Clause: Sleep-inducing moves are banned
|clearpoke
|poke|p1|Meowscarada, M|
|poke|p1|Pecharunt|
|poke|p1|Enamorus, F|
|poke|p1|Iron Treads|
|poke|p1|Corviknight, M|
|poke|p1|Slowking, F|
|poke|p2|Dragapult, M|
|poke|p2|Gliscor, M|
|poke|p2|Ogerpon-Wellspring, F|
|poke|p2|Kyurem|
|poke|p2|Hatterene, F|
|poke|p2|Kingambit, M|
|teampreview
|inactive|Battle timer is ON: inactive players will automatically lose when time's up. (requested by ZeeVeeAy)
|inactive|ZeeVeeAy has 120 seconds left.
|
|t:|1779943645
|teamsize|p1|6
|teamsize|p2|6
|start
|switch|p1a: Meowscarada|Meowscarada, M|100/100
|switch|p2a: Gliscor|Gliscor, M|100/100
|turn|1
|
|t:|1779943660
|move|p2a: Gliscor|Protect|p2a: Gliscor
|-singleturn|p2a: Gliscor|Protect
|move|p1a: Meowscarada|U-turn|p2a: Gliscor
|-start|p1a: Meowscarada|typechange|Bug|[from] ability: Protean
|-activate|p2a: Gliscor|move: Protect
|
|-status|p2a: Gliscor|tox|[from] item: Toxic Orb
|upkeep
|turn|2
|
|t:|1779943666
|move|p1a: Meowscarada|U-turn|p2a: Gliscor
|-resisted|p2a: Gliscor
|-damage|p2a: Gliscor|82/100 tox
|
|t:|1779943685
|switch|p1a: Corviknight|Corviknight, M|100/100|[from] U-turn
|-ability|p1a: Corviknight|Pressure
|move|p2a: Gliscor|Knock Off|p1a: Corviknight
|-damage|p1a: Corviknight|88/100
|-damage|p2a: Gliscor|65/100 tox|[from] item: Rocky Helmet|[of] p1a: Corviknight
|-enditem|p1a: Corviknight|Rocky Helmet|[from] move: Knock Off|[of] p2a: Gliscor
|
|-heal|p2a: Gliscor|78/100 tox|[from] ability: Poison Heal
|upkeep
|turn|3
|
|t:|1779943698
|switch|p1a: Meowscarada|Meowscarada, M|100/100
|move|p2a: Gliscor|Stealth Rock|p1a: Meowscarada
|-sidestart|p1: Mr_Stonks0406|move: Stealth Rock
|
|-heal|p2a: Gliscor|90/100 tox|[from] ability: Poison Heal
|upkeep
|turn|4
|
|t:|1779943707
|move|p2a: Gliscor|Protect|p2a: Gliscor
|-singleturn|p2a: Gliscor|Protect
|move|p1a: Meowscarada|Triple Axel|p2a: Gliscor
|-start|p1a: Meowscarada|typechange|Ice|[from] ability: Protean
|-activate|p2a: Gliscor|move: Protect
|
|-heal|p2a: Gliscor|100/100 tox|[from] ability: Poison Heal
|upkeep
|turn|5
|
|t:|1779943712
|switch|p2a: Kingambit|Kingambit, M|100/100
|move|p1a: Meowscarada|Triple Axel|p2a: Kingambit
|-resisted|p2a: Kingambit
|-damage|p2a: Kingambit|95/100
|-resisted|p2a: Kingambit
|-damage|p2a: Kingambit|84/100
|-resisted|p2a: Kingambit
|-damage|p2a: Kingambit|70/100
|-hitcount|p2a: Kingambit|3
|
|-heal|p2a: Kingambit|76/100|[from] item: Leftovers
|upkeep
|turn|6
|
|t:|1779943717
|switch|p1a: Iron Treads|Iron Treads|100/100
|-damage|p1a: Iron Treads|98/100|[from] Stealth Rock
|move|p2a: Kingambit|Kowtow Cleave|p1a: Iron Treads
|-damage|p1a: Iron Treads|58/100
|
|-heal|p1a: Iron Treads|64/100|[from] item: Leftovers
|-heal|p2a: Kingambit|82/100|[from] item: Leftovers
|upkeep
|turn|7
|
|t:|1779943745
|-end|p2a: Kingambit|fallenundefined|[silent]
|switch|p2a: Gliscor|Gliscor, M|100/100 tox
|move|p1a: Iron Treads|Stealth Rock|p2a: Gliscor
|-sidestart|p2: ZeeVeeAy|move: Stealth Rock
|
|-heal|p1a: Iron Treads|70/100|[from] item: Leftovers
|upkeep
|turn|8
|
|t:|1779943754
|-end|p1a: Iron Treads|Quark Drive|[silent]
|switch|p1a: Corviknight|Corviknight, M|88/100
|-damage|p1a: Corviknight|76/100|[from] Stealth Rock
|-ability|p1a: Corviknight|Pressure
|move|p2a: Gliscor|Knock Off|p1a: Corviknight
|-damage|p1a: Corviknight|67/100
|
|upkeep
|turn|9
|
|t:|1779943768
|move|p2a: Gliscor|Stealth Rock||[still]
|-fail|p2a: Gliscor
|move|p1a: Corviknight|U-turn|p2a: Gliscor
|-resisted|p2a: Gliscor
|-damage|p2a: Gliscor|95/100 tox
|
|t:|1779943773
|switch|p1a: Meowscarada|Meowscarada, M|100/100|[from] U-turn
|-damage|p1a: Meowscarada|88/100|[from] Stealth Rock
|
|-heal|p2a: Gliscor|100/100 tox|[from] ability: Poison Heal
|upkeep
|turn|10
|
|t:|1779943798
|move|p2a: Gliscor|Protect|p2a: Gliscor
|-singleturn|p2a: Gliscor|Protect
|move|p1a: Meowscarada|Triple Axel|p2a: Gliscor
|-start|p1a: Meowscarada|typechange|Ice|[from] ability: Protean
|-activate|p2a: Gliscor|move: Protect
|
|upkeep
|turn|11
|
|t:|1779943804
|switch|p2a: Kingambit|Kingambit, M|82/100
|-damage|p2a: Kingambit|76/100|[from] Stealth Rock
|move|p1a: Meowscarada|Triple Axel|p2a: Kingambit
|-resisted|p2a: Kingambit
|-damage|p2a: Kingambit|71/100
|-resisted|p2a: Kingambit
|-damage|p2a: Kingambit|62/100
|-resisted|p2a: Kingambit
|-damage|p2a: Kingambit|45/100
|-hitcount|p2a: Kingambit|3
|
|-heal|p2a: Kingambit|52/100|[from] item: Leftovers
|upkeep
|turn|12
|
|t:|1779943824
|switch|p1a: Corviknight|Corviknight, M|67/100
|-damage|p1a: Corviknight|55/100|[from] Stealth Rock
|-ability|p1a: Corviknight|Pressure
|move|p2a: Kingambit|Swords Dance|p2a: Kingambit
|-boost|p2a: Kingambit|atk|2
|
|-heal|p2a: Kingambit|58/100|[from] item: Leftovers
|upkeep
|turn|13
|
|t:|1779943828
|move|p1a: Corviknight|Body Press|p2a: Kingambit
|-supereffective|p2a: Kingambit
|-damage|p2a: Kingambit|0 fnt
|faint|p2a: Kingambit
|-end|p2a: Kingambit|fallenundefined|[silent]
|
|upkeep
|
|t:|1779943835
|switch|p2a: Dragapult|Dragapult, M|100/100
|turn|14
|
|t:|1779943839
|move|p2a: Dragapult|Will-O-Wisp|p1a: Corviknight
|-status|p1a: Corviknight|brn
|move|p1a: Corviknight|Roost|p1a: Corviknight
|-heal|p1a: Corviknight|100/100 brn
|-singleturn|p1a: Corviknight|move: Roost
|
|-damage|p1a: Corviknight|94/100 brn|[from] brn
|upkeep
|turn|15
|
|t:|1779943852
|move|p2a: Dragapult|Hex|p1a: Corviknight
|-damage|p1a: Corviknight|40/100 brn
|move|p1a: Corviknight|U-turn|p2a: Dragapult
|-resisted|p2a: Dragapult
|-damage|p2a: Dragapult|95/100
|
|t:|1779943870
|switch|p1a: Iron Treads|Iron Treads|70/100|[from] U-turn
|-damage|p1a: Iron Treads|67/100|[from] Stealth Rock
|
|-heal|p1a: Iron Treads|73/100|[from] item: Leftovers
|upkeep
|turn|16
|
|t:|1779943878
|move|p2a: Dragapult|Will-O-Wisp|p1a: Iron Treads|[miss]
|-miss|p2a: Dragapult|p1a: Iron Treads
|move|p1a: Iron Treads|Knock Off|p2a: Dragapult
|-supereffective|p2a: Dragapult
|-damage|p2a: Dragapult|25/100
|-enditem|p2a: Dragapult|Heavy-Duty Boots|[from] move: Knock Off|[of] p1a: Iron Treads
|
|-heal|p1a: Iron Treads|79/100|[from] item: Leftovers
|upkeep
|turn|17
|
|t:|1779943893
|-end|p1a: Iron Treads|Quark Drive|[silent]
|switch|p1a: Corviknight|Corviknight, M|40/100 brn
|-damage|p1a: Corviknight|28/100 brn|[from] Stealth Rock
|-ability|p1a: Corviknight|Pressure
|move|p2a: Dragapult|Will-O-Wisp|p1a: Corviknight
|-fail|p1a: Corviknight|brn
|
|-damage|p1a: Corviknight|22/100 brn|[from] brn
|upkeep
|turn|18
|
|t:|1779943903
|move|p2a: Dragapult|Hex|p1a: Corviknight
|-damage|p1a: Corviknight|0 fnt
|faint|p1a: Corviknight
|
|upkeep
|
|t:|1779943915
|switch|p1a: Enamorus|Enamorus, F|100/100
|-damage|p1a: Enamorus|76/100|[from] Stealth Rock
|turn|19
|
|t:|1779943920
|move|p1a: Enamorus|Moonblast|p2a: Dragapult
|-supereffective|p2a: Dragapult
|-damage|p2a: Dragapult|0 fnt
|faint|p2a: Dragapult
|
|upkeep
|
|t:|1779943923
|switch|p2a: Hatterene|Hatterene, F|100/100
|-damage|p2a: Hatterene|88/100|[from] Stealth Rock
|turn|20
|
|t:|1779943935
|switch|p1a: Iron Treads|Iron Treads|79/100
|-damage|p1a: Iron Treads|76/100|[from] Stealth Rock
|move|p2a: Hatterene|Nuzzle|p1a: Iron Treads
|-immune|p1a: Iron Treads
|
|-heal|p1a: Iron Treads|82/100|[from] item: Leftovers
|upkeep
|turn|21
|
|t:|1779943937
|move|p1a: Iron Treads|Rapid Spin|p2a: Hatterene
|-damage|p2a: Hatterene|74/100
|-boost|p1a: Iron Treads|spe|1
|-sideend|p1: Mr_Stonks0406|Stealth Rock|[from] move: Rapid Spin|[of] p1a: Iron Treads
|move|p2a: Hatterene|Mystical Fire|p1a: Iron Treads
|-supereffective|p1a: Iron Treads
|-damage|p1a: Iron Treads|34/100
|-unboost|p1a: Iron Treads|spa|1
|
|-heal|p1a: Iron Treads|40/100|[from] item: Leftovers
|upkeep
|turn|22
|
|t:|1779943955
|move|p1a: Iron Treads|Knock Off|p2a: Hatterene
|-damage|p2a: Hatterene|49/100
|-enditem|p2a: Hatterene|Assault Vest|[from] move: Knock Off|[of] p1a: Iron Treads
|move|p2a: Hatterene|Mystical Fire|p1a: Iron Treads
|-supereffective|p1a: Iron Treads
|-damage|p1a: Iron Treads|0 fnt
|faint|p1a: Iron Treads
|-end|p1a: Iron Treads|Quark Drive|[silent]
|
|upkeep
|
|t:|1779943969
|switch|p1a: Meowscarada|Meowscarada, M|88/100
|turn|23
|
|t:|1779943979
|move|p1a: Meowscarada|Triple Axel|p2a: Hatterene|[miss]
|-start|p1a: Meowscarada|typechange|Ice|[from] ability: Protean
|-miss|p1a: Meowscarada|p2a: Hatterene
|move|p2a: Hatterene|Nuzzle|p1a: Meowscarada
|-damage|p1a: Meowscarada|83/100
|-status|p1a: Meowscarada|par
|
|upkeep
|turn|24
|
|t:|1779943983
|move|p1a: Meowscarada|Triple Axel|p2a: Hatterene
|-damage|p2a: Hatterene|34/100
|-crit|p2a: Hatterene
|-damage|p2a: Hatterene|0 fnt
|faint|p2a: Hatterene
|-hitcount|p2: Hatterene|2
|
|upkeep
|
|t:|1779943990
|switch|p2a: Ogerpon|Ogerpon-Wellspring, F|100/100
|-damage|p2a: Ogerpon|88/100|[from] Stealth Rock
|turn|25
|
|t:|1779943996
|switch|p1a: Pecharunt|Pecharunt|100/100
|move|p2a: Ogerpon|Knock Off|p1a: Pecharunt
|-supereffective|p1a: Pecharunt
|-damage|p1a: Pecharunt|63/100
|-damage|p2a: Ogerpon|72/100|[from] item: Rocky Helmet|[of] p1a: Pecharunt
|-enditem|p1a: Pecharunt|Rocky Helmet|[from] move: Knock Off|[of] p2a: Ogerpon
|
|upkeep
|turn|26
|
|t:|1779944001
|move|p2a: Ogerpon|U-turn|p1a: Pecharunt
|-resisted|p1a: Pecharunt
|-damage|p1a: Pecharunt|59/100
|
|t:|1779944004
|switch|p2a: Gliscor|Gliscor, M|100/100 tox|[from] U-turn
|-damage|p2a: Gliscor|88/100 tox|[from] Stealth Rock
|move|p1a: Pecharunt|Recover|p1a: Pecharunt
|-heal|p1a: Pecharunt|100/100
|
|-heal|p2a: Gliscor|100/100 tox|[from] ability: Poison Heal
|upkeep
|turn|27
|
|t:|1779944010
|move|p2a: Gliscor|Knock Off|p1a: Pecharunt
|-supereffective|p1a: Pecharunt
|-damage|p1a: Pecharunt|87/100
|move|p1a: Pecharunt|Parting Shot|p2a: Gliscor
|-unboost|p2a: Gliscor|atk|1
|-unboost|p2a: Gliscor|spa|1
|
|t:|1779944020
|switch|p1a: Meowscarada|Meowscarada, M|83/100 par|[from] Parting Shot
|
|upkeep
|turn|28
|
|t:|1779944024
|move|p2a: Gliscor|Protect|p2a: Gliscor
|-singleturn|p2a: Gliscor|Protect
|cant|p1a: Meowscarada|par
|
|upkeep
|turn|29
|
|t:|1779944028
|move|p2a: Gliscor|Knock Off|p1a: Meowscarada
|-resisted|p1a: Meowscarada
|-damage|p1a: Meowscarada|71/100 par
|-enditem|p1a: Meowscarada|Choice Band|[from] move: Knock Off|[of] p2a: Gliscor
|move|p1a: Meowscarada|Triple Axel|p2a: Gliscor
|-start|p1a: Meowscarada|typechange|Ice|[from] ability: Protean
|-supereffective|p2a: Gliscor
|-damage|p2a: Gliscor|70/100 tox
|-supereffective|p2a: Gliscor
|-damage|p2a: Gliscor|14/100 tox
|-supereffective|p2a: Gliscor
|-damage|p2a: Gliscor|0 fnt
|faint|p2a: Gliscor
|-hitcount|p2: Gliscor|3
|
|upkeep
|
|t:|1779944034
|switch|p2a: Ogerpon|Ogerpon-Wellspring, F|72/100
|-damage|p2a: Ogerpon|59/100|[from] Stealth Rock
|turn|30
|
|t:|1779944058
|move|p2a: Ogerpon|Ivy Cudgel|p1a: Meowscarada|[anim] Ivy Cudgel Water
|-damage|p1a: Meowscarada|0 fnt
|faint|p1a: Meowscarada
|
|upkeep
|
|t:|1779944064
|switch|p1a: Enamorus|Enamorus, F|76/100
|turn|31
|
|t:|1779944067
|move|p1a: Enamorus|Moonblast|p2a: Ogerpon
|-damage|p2a: Ogerpon|0 fnt
|faint|p2a: Ogerpon
|
|upkeep
|
|t:|1779944070
|switch|p2a: Kyurem|Kyurem|100/100
|-ability|p2a: Kyurem|Pressure
|turn|32
|
|t:|1779944077
|switch|p1a: Slowking|Slowking, F|100/100
|-terastallize|p2a: Kyurem|Poison
|move|p2a: Kyurem|Freeze-Dry|p1a: Slowking
|-supereffective|p1a: Slowking
|-damage|p1a: Slowking|66/100
|
|upkeep
|turn|33
|
|t:|1779944086
|move|p2a: Kyurem|Freeze-Dry|p1a: Slowking
|-supereffective|p1a: Slowking
|-damage|p1a: Slowking|30/100
|move|p1a: Slowking|Psyshock|p2a: Kyurem
|-supereffective|p2a: Kyurem
|-damage|p2a: Kyurem|51/100
|
|upkeep
|turn|34
|
|t:|1779944092
|switch|p1a: Pecharunt|Pecharunt|87/100
|move|p2a: Kyurem|Freeze-Dry|p1a: Pecharunt
|-damage|p1a: Pecharunt|49/100
|
|upkeep
|turn|35
|
|t:|1779944100
|move|p2a: Kyurem|Earth Power|p1a: Pecharunt
|-supereffective|p1a: Pecharunt
|-damage|p1a: Pecharunt|0 fnt
|faint|p1a: Pecharunt
|
|upkeep
|
|t:|1779944112
|switch|p1a: Slowking|Slowking, F|63/100
|turn|36
|
|t:|1779944117
|-terastallize|p1a: Slowking|Steel
|move|p2a: Kyurem|Freeze-Dry|p1a: Slowking
|-resisted|p1a: Slowking
|-damage|p1a: Slowking|54/100
|move|p1a: Slowking|Psyshock|p2a: Kyurem
|-supereffective|p2a: Kyurem
|-damage|p2a: Kyurem|0 fnt
|faint|p2a: Kyurem
|
|win|Mr_Stonks0406
|raw|Mr_Stonks0406's rating: 1432 &rarr; <strong>1456</strong><br />(+24 for winning)
|raw|ZeeVeeAy's rating: 1506 &rarr; <strong>1482</strong><br />(-24 for losing)
|l|☆ZeeVeeAy
|player|p2|
|l|☆Mr_Stonks0406
|player|p1|
