|j|☆Wealisify
|j|☆tommytt22
|t:|1779943423
|gametype|singles
|player|p1|Wealisify|silver-masters|1439
|player|p2|tommytt22|drayden|1374
|gen|9
|tier|[Gen 9] OU
|rated|
|rule|HP Percentage Mod: HP is shown in percentages
|rule|Endless Battle Clause: Forcing endless battles is banned
|rule|Species Clause: Limit one of each Pokémon
|rule|OHKO Clause: OHKO moves are banned
|rule|Evasion Items Clause: Evasion items are banned
|rule|Evasion Moves Clause: Evasion moves are banned
|rule|Evasion Abilities Clause: Evasion abilities are banned
|rule|Sleep Moves Clause: Sleep-inducing moves are banned
|clearpoke
|poke|p1|Scizor, F|
|poke|p1|Raging Bolt|
|poke|p1|Deoxys-Speed|
|poke|p1|Great Tusk|
|poke|p1|Pecharunt|
|poke|p1|Torterra, F|
|poke|p2|Iron Treads|
|poke|p2|Iron Leaves|
|poke|p2|Iron Hands|
|poke|p2|Iron Valiant|
|poke|p2|Kingambit, M|
|poke|p2|Cinderace, F|
|teampreview
|inactive|Battle timer is ON: inactive players will automatically lose when time's up. (requested by tommytt22)
|
|t:|1779943442
|teamsize|p1|6
|teamsize|p2|6
|start
|switch|p1a: Ziggy|Great Tusk|100/100
|switch|p2a: Iron Treads|Iron Treads|100/100
|turn|1
|
|t:|1779943457
|move|p2a: Iron Treads|Electric Terrain|p2a: Iron Treads
|-fieldstart|move: Electric Terrain
|-activate|p2a: Iron Treads|ability: Quark Drive
|-start|p2a: Iron Treads|quarkdrivespe
|move|p1a: Ziggy|Stealth Rock|p2a: Iron Treads
|-sidestart|p2: tommytt22|move: Stealth Rock
|
|upkeep
|turn|2
|
|t:|1779943462
|-end|p2a: Iron Treads|Quark Drive|[silent]
|switch|p2a: Iron Valiant|Iron Valiant|100/100
|-damage|p2a: Iron Valiant|94/100|[from] Stealth Rock
|-activate|p2a: Iron Valiant|ability: Quark Drive
|-start|p2a: Iron Valiant|quarkdrivespe
|move|p1a: Ziggy|Ice Spinner|p2a: Iron Valiant
|-damage|p2a: Iron Valiant|65/100
|-fieldend|move: Electric Terrain
|-end|p2a: Iron Valiant|Quark Drive
|
|upkeep
|turn|3
|
|t:|1779943486
|-end|p1a: Ziggy|Protosynthesis|[silent]
|switch|p1a: Absolutely Nothing|Pecharunt|100/100
|move|p2a: Iron Valiant|Calm Mind|p2a: Iron Valiant
|-boost|p2a: Iron Valiant|spa|1
|-boost|p2a: Iron Valiant|spd|1
|
|upkeep
|turn|4
|
|t:|1779943491
|move|p2a: Iron Valiant|Shadow Ball|p1a: Absolutely Nothing
|-supereffective|p1a: Absolutely Nothing
|-damage|p1a: Absolutely Nothing|2/100
|-damage|p2a: Iron Valiant|55/100|[from] item: Life Orb
|move|p1a: Absolutely Nothing|Malignant Chain|p2a: Iron Valiant
|-supereffective|p2a: Iron Valiant
|-damage|p2a: Iron Valiant|0 fnt
|faint|p2a: Iron Valiant
|-end|p2a: Iron Valiant|Quark Drive|[silent]
|
|upkeep
|
|t:|1779943499
|switch|p2a: Iron Treads|Iron Treads|100/100
|-damage|p2a: Iron Treads|97/100|[from] Stealth Rock
|turn|5
|
|t:|1779943509
|move|p2a: Iron Treads|Earthquake|p1a: Absolutely Nothing
|-supereffective|p1a: Absolutely Nothing
|-damage|p1a: Absolutely Nothing|0 fnt
|faint|p1a: Absolutely Nothing
|
|upkeep
|
|t:|1779943515
|switch|p1a: Ziggy|Great Tusk|100/100
|turn|6
|
|t:|1779943538
|-end|p2a: Iron Treads|Quark Drive|[silent]
|switch|p2a: Iron Leaves|Iron Leaves|100/100
|-damage|p2a: Iron Leaves|88/100|[from] Stealth Rock
|move|p1a: Ziggy|Headlong Rush|p2a: Iron Leaves
|-resisted|p2a: Iron Leaves
|-damage|p2a: Iron Leaves|57/100
|-unboost|p1a: Ziggy|def|1
|-unboost|p1a: Ziggy|spd|1
|
|upkeep
|turn|7
|
|t:|1779943552
|-end|p1a: Ziggy|Protosynthesis|[silent]
|switch|p1a: Picklez|Deoxys-Speed|100/100
|-ability|p1a: Picklez|Pressure
|move|p2a: Iron Leaves|Psyblade|p1a: Picklez
|-resisted|p1a: Picklez
|-damage|p1a: Picklez|78/100
|
|upkeep
|turn|8
|
|t:|1779943557
|-end|p2a: Iron Leaves|Quark Drive|[silent]
|switch|p2a: Kingambit|Kingambit, M|100/100
|-damage|p2a: Kingambit|94/100|[from] Stealth Rock
|-activate|p2a: Kingambit|ability: Supreme Overlord
|-start|p2a: Kingambit|fallen1|[silent]
|move|p1a: Picklez|Light Screen|p1a: Picklez
|-sidestart|p1: Wealisify|move: Light Screen
|
|upkeep
|turn|9
|inactive|tommytt22 has 120 seconds left.
|
|t:|1779943600
|move|p1a: Picklez|Reflect|p1a: Picklez
|-sidestart|p1: Wealisify|Reflect
|move|p2a: Kingambit|Swords Dance|p2a: Kingambit
|-boost|p2a: Kingambit|atk|2
|
|upkeep
|turn|10
|
|t:|1779943604
|switch|p1a: Ziggy|Great Tusk|100/100
|move|p2a: Kingambit|Iron Head|p1a: Ziggy
|-damage|p1a: Ziggy|69/100
|-damage|p2a: Kingambit|78/100|[from] item: Rocky Helmet|[of] p1a: Ziggy
|
|upkeep
|turn|11
|inactive|tommytt22 has 120 seconds left.
|
|t:|1779943615
|move|p1a: Ziggy|Headlong Rush|p2a: Kingambit
|-supereffective|p2a: Kingambit
|-damage|p2a: Kingambit|0 fnt
|-unboost|p1a: Ziggy|def|1
|-unboost|p1a: Ziggy|spd|1
|faint|p2a: Kingambit
|-end|p2a: Kingambit|fallen1|[silent]
|
|upkeep
|
|t:|1779943622
|switch|p2a: Cinderace|Cinderace, F|100/100
|turn|12
|
|t:|1779943628
|move|p2a: Cinderace|Court Change|p2a: Cinderace
|-swapsideconditions
|-activate|p2a: Cinderace|move: Court Change
|move|p1a: Ziggy|Headlong Rush|p2a: Cinderace
|-supereffective|p2a: Cinderace
|-damage|p2a: Cinderace|41/100
|-unboost|p1a: Ziggy|def|1
|-unboost|p1a: Ziggy|spd|1
|
|upkeep
|turn|13
|
|t:|1779943637
|-end|p1a: Ziggy|Protosynthesis|[silent]
|switch|p1a: Picklez|Deoxys-Speed|78/100
|-damage|p1a: Picklez|66/100|[from] Stealth Rock
|-ability|p1a: Picklez|Pressure
|move|p2a: Cinderace|Pyro Ball|p1a: Picklez
|-damage|p1a: Picklez|11/100
|
|upkeep
|turn|14
|
|t:|1779943649
|move|p1a: Picklez|Reflect|p1a: Picklez
|-sidestart|p1: Wealisify|Reflect
|move|p2a: Cinderace|U-turn|p1a: Picklez
|-supereffective|p1a: Picklez
|-damage|p1a: Picklez|0 fnt
|faint|p1a: Picklez
|
|t:|1779943659
|switch|p2a: Iron Leaves|Iron Leaves|57/100|[from] U-turn
|
|upkeep
|
|t:|1779943667
|switch|p1a: Zeno|Torterra, F|100/100
|-damage|p1a: Zeno|94/100|[from] Stealth Rock
|turn|15
|inactive|tommytt22 has 120 seconds left.
|
|t:|1779943709
|move|p2a: Iron Leaves|Leaf Blade|p1a: Zeno
|-damage|p1a: Zeno|71/100
|move|p1a: Zeno|Shell Smash|p1a: Zeno
|-unboost|p1a: Zeno|def|1
|-unboost|p1a: Zeno|spd|1
|-boost|p1a: Zeno|atk|2
|-boost|p1a: Zeno|spa|2
|-boost|p1a: Zeno|spe|2
|
|-sideend|p2: tommytt22|move: Light Screen
|upkeep
|turn|16
|inactive|Wealisify has 120 seconds left.
|inactive|Wealisify has 90 seconds left.
|
|t:|1779943775
|switch|p1a: Yusha|Scizor, F|100/100
|-damage|p1a: Yusha|88/100|[from] Stealth Rock
|move|p2a: Iron Leaves|Leaf Blade|p1a: Yusha
|-resisted|p1a: Yusha
|-damage|p1a: Yusha|83/100
|
|-sideend|p2: tommytt22|Reflect
|upkeep
|turn|17
|inactive|Wealisify has 90 seconds left.
|
|t:|1779943787
|-end|p2a: Iron Leaves|Quark Drive|[silent]
|switch|p2a: Iron Hands|Iron Hands|100/100
|move|p1a: Yusha|Swords Dance|p1a: Yusha
|-boost|p1a: Yusha|atk|2
|
|upkeep
|turn|18
|
|t:|1779943792
|move|p1a: Yusha|Close Combat|p2a: Iron Hands
|-damage|p2a: Iron Hands|16/100
|-unboost|p1a: Yusha|def|1
|-unboost|p1a: Yusha|spd|1
|-damage|p1a: Yusha|73/100|[from] item: Life Orb
|move|p2a: Iron Hands|Swords Dance|p2a: Iron Hands
|-boost|p2a: Iron Hands|atk|2
|
|-heal|p2a: Iron Hands|22/100|[from] item: Leftovers
|upkeep
|turn|19
|
|t:|1779943800
|move|p1a: Yusha|Close Combat|p2a: Iron Hands
|-damage|p2a: Iron Hands|0 fnt
|-unboost|p1a: Yusha|def|1
|-unboost|p1a: Yusha|spd|1
|faint|p2a: Iron Hands
|-end|p2a: Iron Hands|Quark Drive|[silent]
|-damage|p1a: Yusha|63/100|[from] item: Life Orb
|
|upkeep
|
|t:|1779943804
|switch|p2a: Iron Treads|Iron Treads|97/100
|turn|20
|
|t:|1779943811
|switch|p1a: Ziggy|Great Tusk|69/100
|-damage|p1a: Ziggy|66/100|[from] Stealth Rock
|move|p2a: Iron Treads|Earthquake|p1a: Ziggy
|-damage|p1a: Ziggy|54/100
|
|upkeep
|turn|21
|
|t:|1779943825
|-terastallize|p2a: Iron Treads|Ground
|move|p2a: Iron Treads|Earthquake|p1a: Ziggy
|-damage|p1a: Ziggy|38/100
|move|p1a: Ziggy|Rapid Spin|p2a: Iron Treads
|-crit|p2a: Iron Treads
|-damage|p2a: Iron Treads|79/100
|-boost|p1a: Ziggy|spe|1
|-sideend|p1: Wealisify|Stealth Rock|[from] move: Rapid Spin|[of] p1a: Ziggy
|
|-sideend|p1: Wealisify|Reflect
|upkeep
|turn|22
|
|t:|1779943834
|move|p1a: Ziggy|Ice Spinner|p2a: Iron Treads
|-supereffective|p2a: Iron Treads
|-damage|p2a: Iron Treads|42/100
|move|p2a: Iron Treads|Earthquake|p1a: Ziggy
|-damage|p1a: Ziggy|6/100
|
|upkeep
|turn|23
|
|t:|1779943845
|move|p1a: Ziggy|Headlong Rush|p2a: Iron Treads
|-damage|p2a: Iron Treads|1/100
|-unboost|p1a: Ziggy|def|1
|-unboost|p1a: Ziggy|spd|1
|move|p2a: Iron Treads|Earthquake|p1a: Ziggy
|-damage|p1a: Ziggy|0 fnt
|faint|p1a: Ziggy
|-end|p1a: Ziggy|Protosynthesis|[silent]
|
|upkeep
|
|t:|1779943852
|switch|p1a: Yusha|Scizor, F|63/100
|turn|24
|
|t:|1779943856
|-end|p2a: Iron Treads|Quark Drive|[silent]
|switch|p2a: Cinderace|Cinderace, F|41/100
|move|p1a: Yusha|Bullet Punch|p2a: Cinderace
|-resisted|p2a: Cinderace
|-damage|p2a: Cinderace|13/100
|-damage|p1a: Yusha|53/100|[from] item: Life Orb
|
|upkeep
|turn|25
|
|t:|1779943859
|move|p1a: Yusha|Bullet Punch|p2a: Cinderace
|-resisted|p2a: Cinderace
|-damage|p2a: Cinderace|0 fnt
|faint|p2a: Cinderace
|-damage|p1a: Yusha|43/100|[from] item: Life Orb
|
|upkeep
|-message|tommytt22 forfeited.
|
|win|Wealisify
|raw|Wealisify's rating: 1439 &rarr; <strong>1455</strong><br />(+16 for winning)
|raw|tommytt22's rating: 1374 &rarr; <strong>1358</strong><br />(-16 for losing)
|l|☆tommytt22
|player|p2|
|l|☆Wealisify
|player|p1|
