|j|☆deanithinkk-?????
|j|☆miemg
|t:|1779868756
|gametype|singles
|player|p1|deanithinkk-?????|n|1102
|player|p2|miemg|hiker|1137
|gen|9
|tier|[Gen 9] OU
|rated|
|rule|HP Percentage Mod: HP is shown in percentages
|rule|Endless Battle Clause: Forcing endless battles is banned
|rule|Species Clause: Limit one of each Pokémon
|rule|OHKO Clause: OHKO moves are banned
|rule|Evasion Items Clause: Evasion items are banned
|rule|Evasion Moves Clause: Evasion moves are banned
|rule|Evasion Abilities Clause: Evasion abilities are banned
|rule|Sleep Moves Clause: Sleep-inducing moves are banned
|clearpoke
|poke|p1|Great Tusk|
|poke|p1|Indeedee-F, F|
|poke|p1|Ribombee, M|
|poke|p1|Hatterene, F|
|poke|p1|Dragapult, F|
|poke|p1|Ogerpon-Wellspring, F|
|poke|p2|Glimmora, M|
|poke|p2|Gholdengo|
|poke|p2|Garganacl, M|
|poke|p2|Gliscor, M|
|poke|p2|Moltres|
|poke|p2|Ting-Lu|
|teampreview
|inactive|Battle timer is ON: inactive players will automatically lose when time's up. (requested by deanithinkk-?????)
|
|t:|1779868768
|teamsize|p1|6
|teamsize|p2|6
|start
|switch|p1a: Indeedee|Indeedee-F, F|100/100
|switch|p2a: Glimmora|Glimmora, M|100/100
|-fieldstart|move: Psychic Terrain|[from] ability: Psychic Surge|[of] p1a: Indeedee
|turn|1
|
|t:|1779868780
|switch|p2a: Ting-Lu|Ting-Lu|100/100
|-ability|p2a: Ting-Lu|Vessel of Ruin
|move|p1a: Indeedee|Light Screen|p1a: Indeedee
|-sidestart|p1: deanithinkk-?????|move: Light Screen
|
|upkeep
|turn|2
|
|t:|1779868791
|move|p1a: Indeedee|Shadow Ball|p2a: Ting-Lu
|-resisted|p2a: Ting-Lu
|-damage|p2a: Ting-Lu|97/100
|move|p2a: Ting-Lu|Spikes|p1a: Indeedee
|-sidestart|p1: deanithinkk-?????|Spikes
|
|-heal|p2a: Ting-Lu|100/100|[from] item: Leftovers
|upkeep
|turn|3
|
|t:|1779868816
|switch|p1a: Hatterene|Hatterene, F|100/100
|-damage|p1a: Hatterene|88/100|[from] Spikes
|move|p2a: Ting-Lu|Spikes|p1a: Hatterene
|move|p1a: Hatterene|Spikes|p2a: Ting-Lu|[from] ability: Magic Bounce
|-sidestart|p2: miemg|Spikes
|
|-heal|p1a: Hatterene|94/100|[from] item: Leftovers
|upkeep
|turn|4
|
|t:|1779868828
|move|p2a: Ting-Lu|Ruination|p1a: Hatterene
|-damage|p1a: Hatterene|47/100
|move|p1a: Hatterene|Draining Kiss|p2a: Ting-Lu
|-supereffective|p2a: Ting-Lu
|-damage|p2a: Ting-Lu|77/100
|-heal|p1a: Hatterene|76/100|[from] drain|[of] p2a: Ting-Lu
|
|-heal|p2a: Ting-Lu|83/100|[from] item: Leftovers
|-heal|p1a: Hatterene|82/100|[from] item: Leftovers
|upkeep
|turn|5
|
|t:|1779868840
|move|p2a: Ting-Lu|Ruination|p1a: Hatterene
|-damage|p1a: Hatterene|41/100
|move|p1a: Hatterene|Draining Kiss|p2a: Ting-Lu
|-supereffective|p2a: Ting-Lu
|-damage|p2a: Ting-Lu|61/100
|-heal|p1a: Hatterene|68/100|[from] drain|[of] p2a: Ting-Lu
|
|-heal|p2a: Ting-Lu|67/100|[from] item: Leftovers
|-heal|p1a: Hatterene|74/100|[from] item: Leftovers
|-sideend|p1: deanithinkk-?????|move: Light Screen
|-fieldend|move: Psychic Terrain
|upkeep
|turn|6
|
|t:|1779868858
|switch|p2a: Gholdengo|Gholdengo|100/100
|-item|p2a: Gholdengo|Air Balloon
|move|p1a: Hatterene|Future Sight|p2a: Gholdengo
|-start|p1a: Hatterene|move: Future Sight
|
|-heal|p1a: Hatterene|80/100|[from] item: Leftovers
|upkeep
|turn|7
|
|t:|1779868870
|switch|p1a: Indeedee|Indeedee-F, F|100/100
|-damage|p1a: Indeedee|88/100|[from] Spikes
|-fieldstart|move: Psychic Terrain|[from] ability: Psychic Surge|[of] p1a: Indeedee
|move|p2a: Gholdengo|Make It Rain|p1a: Indeedee
|-damage|p1a: Indeedee|25/100
|-unboost|p2a: Gholdengo|spa|1
|-enditem|p1a: Indeedee|Eject Button
|inactive|deanithinkk-????? has 120 seconds left.
|
|t:|1779868887
|switch|p1a: Great Tusk|Great Tusk|100/100
|-damage|p1a: Great Tusk|88/100|[from] Spikes
|-enditem|p1a: Great Tusk|Booster Energy
|-activate|p1a: Great Tusk|ability: Protosynthesis|[fromitem]
|-start|p1a: Great Tusk|protosynthesisspe
|
|upkeep
|turn|8
|inactive|deanithinkk-????? has 120 seconds left.
|
|t:|1779868905
|switch|p2a: Glimmora|Glimmora, M|100/100
|-damage|p2a: Glimmora|88/100|[from] Spikes
|move|p1a: Great Tusk|Heavy Slam|p2a: Glimmora
|-supereffective|p2a: Glimmora
|-damage|p2a: Glimmora|2/100
|-activate|p2a: Glimmora|ability: Toxic Debris
|-sidestart|p1: deanithinkk-?????|move: Toxic Spikes
|
|-end|p2a: Glimmora|move: Future Sight
|-supereffective|p2a: Glimmora
|-damage|p2a: Glimmora|0 fnt
|faint|p2a: Glimmora
|upkeep
|
|t:|1779868924
|switch|p2a: Gliscor|Gliscor, M|100/100
|turn|9
|inactive|deanithinkk-????? has 120 seconds left.
|
|t:|1779868932
|switch|p2a: Gholdengo|Gholdengo|100/100
|-item|p2a: Gholdengo|Air Balloon
|move|p1a: Great Tusk|Ice Spinner|p2a: Gholdengo
|-resisted|p2a: Gholdengo
|-damage|p2a: Gholdengo|88/100
|-enditem|p2a: Gholdengo|Air Balloon
|-fieldend|move: Psychic Terrain
|
|upkeep
|turn|10
|inactive|deanithinkk-????? has 120 seconds left.
|
|t:|1779868951
|switch|p2a: Garganacl|Garganacl, M|100/100
|-damage|p2a: Garganacl|88/100|[from] Spikes
|move|p1a: Great Tusk|Ice Spinner|p2a: Garganacl
|-damage|p2a: Garganacl|72/100
|
|-heal|p2a: Garganacl|78/100|[from] item: Leftovers
|upkeep
|turn|11
|inactive|deanithinkk-????? has 120 seconds left.
|
|t:|1779868958
|move|p1a: Great Tusk|Close Combat|p2a: Garganacl
|-supereffective|p2a: Garganacl
|-crit|p2a: Garganacl
|-damage|p2a: Garganacl|0 fnt
|-unboost|p1a: Great Tusk|def|1
|-unboost|p1a: Great Tusk|spd|1
|faint|p2a: Garganacl
|
|upkeep
|
|t:|1779868963
|switch|p2a: Moltres|Moltres|100/100
|turn|12
|
|t:|1779868976
|move|p1a: Great Tusk|Ice Spinner|p2a: Moltres
|-damage|p2a: Moltres|85/100
|move|p2a: Moltres|Will-O-Wisp|p1a: Great Tusk
|-status|p1a: Great Tusk|brn
|
|-damage|p1a: Great Tusk|82/100 brn|[from] brn
|upkeep
|turn|13
|inactive|deanithinkk-????? has 120 seconds left.
|
|t:|1779868995
|-end|p1a: Great Tusk|Protosynthesis|[silent]
|switch|p1a: Indeedee|Indeedee-F, F|25/100
|-damage|p1a: Indeedee|13/100|[from] Spikes
|-status|p1a: Indeedee|psn
|-fieldstart|move: Psychic Terrain|[from] ability: Psychic Surge|[of] p1a: Indeedee
|move|p2a: Moltres|Flamethrower|p1a: Indeedee
|-damage|p1a: Indeedee|0 fnt
|faint|p1a: Indeedee
|
|upkeep
|inactive|deanithinkk-????? has 120 seconds left.
|
|t:|1779869015
|switch|p1a: Ribombee|Ribombee, M|100/100
|-damage|p1a: Ribombee|88/100|[from] Spikes
|-status|p1a: Ribombee|psn
|turn|14
|
|t:|1779869022
|move|p1a: Ribombee|Sticky Web|p2a: Moltres
|-sidestart|p2: miemg|move: Sticky Web
|move|p2a: Moltres|Flamethrower|p1a: Ribombee
|-supereffective|p1a: Ribombee
|-damage|p1a: Ribombee|0 fnt
|faint|p1a: Ribombee
|
|upkeep
|
|t:|1779869038
|switch|p1a: Ogerpon|Ogerpon-Wellspring, F|100/100
|-damage|p1a: Ogerpon|88/100|[from] Spikes
|-status|p1a: Ogerpon|psn
|turn|15
|inactive|deanithinkk-????? has 90 seconds left.
|inactive|miemg has 120 seconds left.
|
|t:|1779869072
|-terastallize|p1a: Ogerpon|Water
|detailschange|p1a: Ogerpon|Ogerpon-Wellspring-Tera, F, tera:Water
|-ability|p1a: Ogerpon|Embody Aspect (Wellspring)|boost
|-boost|p1a: Ogerpon|spd|1
|move|p1a: Ogerpon|Swords Dance|p1a: Ogerpon
|-boost|p1a: Ogerpon|atk|2
|move|p2a: Moltres|U-turn|p1a: Ogerpon
|-crit|p1a: Ogerpon
|-damage|p1a: Ogerpon|64/100 psn
|inactive|miemg has 120 seconds left.
|
|t:|1779869081
|switch|p2a: Gliscor|Gliscor, M|100/100|[from] U-turn
|
|-damage|p1a: Ogerpon|52/100 psn|[from] psn
|-status|p2a: Gliscor|tox|[from] item: Toxic Orb
|upkeep
|turn|16
|inactive|deanithinkk-????? has 90 seconds left.
|
|t:|1779869092
|move|p2a: Gliscor|Protect|p2a: Gliscor
|-singleturn|p2a: Gliscor|Protect
|move|p1a: Ogerpon|Horn Leech|p2a: Gliscor
|-activate|p2a: Gliscor|move: Protect
|
|-damage|p1a: Ogerpon|40/100 psn|[from] psn
|upkeep
|turn|17
|
|t:|1779869107
|switch|p2a: Gholdengo|Gholdengo|88/100
|-damage|p2a: Gholdengo|75/100|[from] Spikes
|-activate|p2a: Gholdengo|move: Sticky Web
|-unboost|p2a: Gholdengo|spe|1
|move|p1a: Ogerpon|Horn Leech|p2a: Gholdengo
|-resisted|p2a: Gholdengo
|-damage|p2a: Gholdengo|33/100
|-heal|p1a: Ogerpon|59/100 psn|[from] drain|[of] p2a: Gholdengo
|
|-damage|p1a: Ogerpon|46/100 psn|[from] psn
|-fieldend|move: Psychic Terrain
|upkeep
|turn|18
|inactive|miemg has 120 seconds left.
|
|t:|1779869126
|switch|p2a: Moltres|Moltres|85/100
|move|p1a: Ogerpon|Horn Leech|p2a: Moltres
|-resisted|p2a: Moltres
|-damage|p2a: Moltres|72/100
|-heal|p1a: Ogerpon|53/100 psn|[from] drain|[of] p2a: Moltres
|
|-damage|p1a: Ogerpon|41/100 psn|[from] psn
|upkeep
|turn|19
|inactive|miemg has 120 seconds left.
|
|t:|1779869145
|move|p1a: Ogerpon|Ivy Cudgel|p2a: Moltres|[anim] Ivy Cudgel Water
|-supereffective|p2a: Moltres
|-damage|p2a: Moltres|0 fnt
|faint|p2a: Moltres
|
|-damage|p1a: Ogerpon|28/100 psn|[from] psn
|upkeep
|
|t:|1779869149
|switch|p2a: Gliscor|Gliscor, M|100/100 tox
|turn|20
|
|t:|1779869156
|move|p2a: Gliscor|Protect|p2a: Gliscor
|-singleturn|p2a: Gliscor|Protect
|move|p1a: Ogerpon|Swords Dance|p1a: Ogerpon
|-boost|p1a: Ogerpon|atk|2
|
|-damage|p1a: Ogerpon|16/100 psn|[from] psn
|upkeep
|turn|21
|
|t:|1779869167
|switch|p2a: Ting-Lu|Ting-Lu|67/100
|-damage|p2a: Ting-Lu|55/100|[from] Spikes
|-activate|p2a: Ting-Lu|move: Sticky Web
|-unboost|p2a: Ting-Lu|spe|1
|-ability|p2a: Ting-Lu|Vessel of Ruin
|move|p1a: Ogerpon|Horn Leech|p2a: Ting-Lu
|-supereffective|p2a: Ting-Lu
|-damage|p2a: Ting-Lu|0 fnt
|-heal|p1a: Ogerpon|54/100 psn|[from] drain|[of] p2a: Ting-Lu
|faint|p2a: Ting-Lu
|
|-damage|p1a: Ogerpon|42/100 psn|[from] psn
|upkeep
|
|t:|1779869180
|switch|p2a: Gliscor|Gliscor, M|100/100 tox
|turn|22
|inactive|deanithinkk-????? has 120 seconds left.
|
|t:|1779869188
|move|p2a: Gliscor|Protect|p2a: Gliscor
|-singleturn|p2a: Gliscor|Protect
|move|p1a: Ogerpon|Swords Dance|p1a: Ogerpon
|-boost|p1a: Ogerpon|atk|2
|
|-damage|p1a: Ogerpon|30/100 psn|[from] psn
|upkeep
|turn|23
|-message|miemg forfeited.
|
|win|deanithinkk-?????
|raw|deanithinkk-?????'s rating: 1102 &rarr; <strong>1130</strong><br />(+28 for winning)
|raw|miemg's rating: 1137 &rarr; <strong>1109</strong><br />(-28 for losing)
|l|☆miemg
|player|p2|
