|j|☆icewizardlair☃
|j|☆moisix
|t:|1779921104
|gametype|singles
|player|p1|icewizardlair☃|lorelei-lgpe|1185
|player|p2|moisix|1|1154
|gen|9
|tier|[Gen 9] OU
|rated|
|rule|HP Percentage Mod: HP is shown in percentages
|rule|Endless Battle Clause: Forcing endless battles is banned
|rule|Species Clause: Limit one of each Pokémon
|rule|OHKO Clause: OHKO moves are banned
|rule|Evasion Items Clause: Evasion items are banned
|rule|Evasion Moves Clause: Evasion moves are banned
|rule|Evasion Abilities Clause: Evasion abilities are banned
|rule|Sleep Moves Clause: Sleep-inducing moves are banned
|clearpoke
|poke|p1|Chesnaught, M|
|poke|p1|Ninetales-Alola, F|
|poke|p1|Kilowattrel, M|
|poke|p1|Flygon, F|
|poke|p1|Lurantis, F|
|poke|p1|Grafaiai, M|
|poke|p2|Klawf, F|
|poke|p2|Scizor, M|
|poke|p2|Tsareena, F|
|poke|p2|Ceruledge, F|
|poke|p2|Samurott-Hisui, F|
|poke|p2|Weavile, M|
|teampreview
|inactive|Battle timer is ON: inactive players will automatically lose when time's up. (requested by icewizardlair☃)
|
|t:|1779921129
|teamsize|p1|6
|teamsize|p2|6
|start
|switch|p1a: Flygon|Flygon, F|100/100
|switch|p2a: Scizor|Scizor, M|100/100
|turn|1
|
|t:|1779921139
|move|p1a: Flygon|Earthquake|p2a: Scizor
|-damage|p2a: Scizor|41/100
|-damage|p1a: Flygon|91/100|[from] item: Life Orb
|move|p2a: Scizor|Swords Dance|p2a: Scizor
|-boost|p2a: Scizor|atk|2
|
|-heal|p2a: Scizor|47/100|[from] item: Leftovers
|upkeep
|turn|2
|
|t:|1779921159
|move|p2a: Scizor|Bullet Punch|p1a: Flygon
|-damage|p1a: Flygon|0 fnt
|faint|p1a: Flygon
|
|-heal|p2a: Scizor|53/100|[from] item: Leftovers
|upkeep
|
|t:|1779921164
|switch|p1a: Thunder Child|Kilowattrel, M|100/100
|turn|3
|
|t:|1779921177
|switch|p2a: Tsareena|Tsareena, F|100/100
|move|p1a: Thunder Child|Thunderbolt|p2a: Tsareena
|-resisted|p2a: Tsareena
|-damage|p2a: Tsareena|82/100
|
|upkeep
|turn|4
|
|t:|1779921188
|move|p1a: Thunder Child|Air Slash|p2a: Tsareena
|-supereffective|p2a: Tsareena
|-damage|p2a: Tsareena|18/100
|move|p2a: Tsareena|U-turn|p1a: Thunder Child
|-resisted|p1a: Thunder Child
|-damage|p1a: Thunder Child|64/100
|
|t:|1779921194
|switch|p2a: Samurott|Samurott-Hisui, F|100/100|[from] U-turn
|
|upkeep
|turn|5
|
|t:|1779921204
|move|p2a: Samurott|Ceaseless Edge|p1a: Thunder Child
|-damage|p1a: Thunder Child|0 fnt
|-sidestart|p1: icewizardlair☃|Spikes
|faint|p1a: Thunder Child
|
|upkeep
|
|t:|1779921218
|switch|p1a: Grafaiai|Grafaiai, M|100/100
|-damage|p1a: Grafaiai|88/100|[from] Spikes
|turn|6
|
|t:|1779921223
|move|p1a: Grafaiai|Toxic|p2a: Samurott
|-hint|Since gen 7, Dark is immune to Prankster moves.
|-immune|p2a: Samurott
|move|p2a: Samurott|Ceaseless Edge|p1a: Grafaiai
|-damage|p1a: Grafaiai|18/100
|-sidestart|p1: icewizardlair☃|Spikes
|
|-heal|p1a: Grafaiai|24/100|[from] item: Black Sludge
|upkeep
|turn|7
|-message|icewizardlair☃ forfeited.
|
|win|moisix
|raw|icewizardlair☃'s rating: 1185 &rarr; <strong>1158</strong><br />(-27 for losing)
|raw|moisix's rating: 1154 &rarr; <strong>1181</strong><br />(+27 for winning)
|l|☆icewizardlair☃
|player|p1|
|l|☆moisix
|player|p2|
