|j|☆Underquill
|j|☆dogegod 89
|t:|1779893114
|gametype|singles
|player|p1|Underquill|170|1240
|player|p2|dogegod 89|ethan|1144
|gen|9
|tier|[Gen 9] OU
|rated|
|rule|HP Percentage Mod: HP is shown in percentages
|rule|Endless Battle Clause: Forcing endless battles is banned
|rule|Species Clause: Limit one of each Pokémon
|rule|OHKO Clause: OHKO moves are banned
|rule|Evasion Items Clause: Evasion items are banned
|rule|Evasion Moves Clause: Evasion moves are banned
|rule|Evasion Abilities Clause: Evasion abilities are banned
|rule|Sleep Moves Clause: Sleep-inducing moves are banned
|clearpoke
|poke|p1|Drednaw, M|
|poke|p1|Tyranitar, F|
|poke|p1|Torterra, F|
|poke|p1|Excadrill, F|
|poke|p1|Alomomola, M|
|poke|p1|Corviknight, F|
|poke|p2|Darkrai|
|poke|p2|Samurott-Hisui, F|
|poke|p2|Dragapult, M|
|poke|p2|Cloyster, M|
|poke|p2|Iron Valiant|
|poke|p2|Landorus-Therian, M|
|teampreview
|inactive|Battle timer is ON: inactive players will automatically lose when time's up. (requested by Underquill)
|c|☆dogegod 89|glhf
|
|t:|1779893119
|teamsize|p1|6
|teamsize|p2|6
|start
|switch|p1a: Tyranitar|Tyranitar, F|100/100
|switch|p2a: Baller|Cloyster, M, shiny|100/100
|-weather|Sandstorm|[from] ability: Sand Stream|[of] p1a: Tyranitar
|turn|1
|
|t:|1779893127
|switch|p2a: Luka Dončić|Landorus-Therian, M|100/100
|-ability|p2a: Luka Dončić|Intimidate|boost
|-unboost|p1a: Tyranitar|atk|1
|move|p1a: Tyranitar|Power Gem|p2a: Luka Dončić
|-damage|p2a: Luka Dončić|49/100
|
|-weather|Sandstorm|[upkeep]
|upkeep
|turn|2
|
|t:|1779893132
|switch|p1a: Corviknight|Corviknight, F|100/100
|-ability|p1a: Corviknight|Pressure
|move|p2a: Luka Dončić|Earthquake|p1a: Corviknight
|-immune|p1a: Corviknight
|
|-weather|Sandstorm|[upkeep]
|upkeep
|turn|3
|
|t:|1779893140
|switch|p2a: Ball Locker|Dragapult, M|100/100
|move|p1a: Corviknight|Brave Bird|p2a: Ball Locker
|-damage|p2a: Ball Locker|46/100
|-damage|p1a: Corviknight|86/100|[from] Recoil
|
|-weather|Sandstorm|[upkeep]
|-damage|p2a: Ball Locker|40/100|[from] Sandstorm
|upkeep
|turn|4
|
|t:|1779893150
|switch|p1a: Alomomola|Alomomola, M|100/100
|move|p2a: Ball Locker|Flamethrower|p1a: Alomomola
|-resisted|p1a: Alomomola
|-damage|p1a: Alomomola|75/100
|
|-weather|Sandstorm|[upkeep]
|-damage|p2a: Ball Locker|34/100|[from] Sandstorm
|-damage|p1a: Alomomola|69/100|[from] Sandstorm
|upkeep
|turn|5
|
|t:|1779893156
|move|p2a: Ball Locker|Flamethrower|p1a: Alomomola
|-resisted|p1a: Alomomola
|-damage|p1a: Alomomola|45/100
|move|p1a: Alomomola|Flip Turn|p2a: Ball Locker
|-resisted|p2a: Ball Locker
|-damage|p2a: Ball Locker|22/100
|-start|p1a: Alomomola|Disable|Flip Turn|[from] ability: Cursed Body|[of] p2a: Ball Locker
|
|t:|1779893158
|switch|p1a: Excadrill|Excadrill, F|100/100|[from] Flip Turn
|-item|p1a: Excadrill|Air Balloon
|
|-weather|Sandstorm|[upkeep]
|-damage|p2a: Ball Locker|16/100|[from] Sandstorm
|upkeep
|turn|6
|
|t:|1779893164
|move|p1a: Excadrill|Iron Head|p2a: Ball Locker
|-damage|p2a: Ball Locker|0 fnt
|faint|p2a: Ball Locker
|
|-weather|Sandstorm|[upkeep]
|upkeep
|
|t:|1779893168
|switch|p2a: Balls|Iron Valiant, shiny|100/100
|-enditem|p2a: Balls|Booster Energy
|-activate|p2a: Balls|ability: Quark Drive|[fromitem]
|-start|p2a: Balls|quarkdrivespe
|turn|7
|
|t:|1779893174
|switch|p1a: Corviknight|Corviknight, F|86/100
|-ability|p1a: Corviknight|Pressure
|move|p2a: Balls|Swords Dance|p2a: Balls
|-boost|p2a: Balls|atk|2
|
|-weather|Sandstorm|[upkeep]
|-damage|p2a: Balls|94/100|[from] Sandstorm
|upkeep
|turn|8
|
|t:|1779893184
|move|p2a: Balls|Brick Break|p1a: Corviknight
|-crit|p1a: Corviknight
|-damage|p1a: Corviknight|21/100
|-damage|p2a: Balls|78/100|[from] item: Rocky Helmet|[of] p1a: Corviknight
|move|p1a: Corviknight|Brave Bird|p2a: Balls
|-supereffective|p2a: Balls
|-damage|p2a: Balls|0 fnt
|faint|p2a: Balls
|-end|p2a: Balls|Quark Drive|[silent]
|-damage|p1a: Corviknight|2/100|[from] Recoil
|
|-weather|none
|upkeep
|
|t:|1779893187
|switch|p2a: Baller|Cloyster, M, shiny|100/100
|turn|9
|
|t:|1779893195
|switch|p1a: Tyranitar|Tyranitar, F|100/100
|-weather|Sandstorm|[from] ability: Sand Stream|[of] p1a: Tyranitar
|move|p2a: Baller|Shell Smash|p2a: Baller
|-unboost|p2a: Baller|def|1
|-unboost|p2a: Baller|spd|1
|-boost|p2a: Baller|atk|2
|-boost|p2a: Baller|spa|2
|-boost|p2a: Baller|spe|2
|
|-weather|Sandstorm|[upkeep]
|-damage|p2a: Baller|94/100|[from] Sandstorm
|upkeep
|turn|10
|
|t:|1779893202
|move|p2a: Baller|Razor Shell|p1a: Tyranitar
|-supereffective|p1a: Tyranitar
|-damage|p1a: Tyranitar|0 fnt
|faint|p1a: Tyranitar
|
|-weather|Sandstorm|[upkeep]
|-damage|p2a: Baller|88/100|[from] Sandstorm
|upkeep
|
|t:|1779893211
|switch|p1a: Drednaw|Drednaw, M|100/100
|turn|11
|
|t:|1779893216
|-terastallize|p1a: Drednaw|Grass
|move|p2a: Baller|Razor Shell|p1a: Drednaw
|-resisted|p1a: Drednaw
|-damage|p1a: Drednaw|59/100
|move|p1a: Drednaw|Shell Smash|p1a: Drednaw
|-unboost|p1a: Drednaw|def|1
|-unboost|p1a: Drednaw|spd|1
|-boost|p1a: Drednaw|atk|2
|-boost|p1a: Drednaw|spa|2
|-boost|p1a: Drednaw|spe|2
|-enditem|p1a: Drednaw|White Herb
|-clearnegativeboost|p1a: Drednaw|[silent]
|
|-weather|Sandstorm|[upkeep]
|-damage|p1a: Drednaw|53/100|[from] Sandstorm
|-damage|p2a: Baller|82/100|[from] Sandstorm
|upkeep
|turn|12
|
|t:|1779893232
|move|p1a: Drednaw|Crunch|p2a: Baller
|-damage|p2a: Baller|0 fnt
|faint|p2a: Baller
|
|-weather|Sandstorm|[upkeep]
|-damage|p1a: Drednaw|47/100|[from] Sandstorm
|upkeep
|
|t:|1779893242
|switch|p2a: Wet Dream|Darkrai, shiny|100/100
|turn|13
|
|t:|1779893248
|move|p1a: Drednaw|Earthquake|p2a: Wet Dream
|-damage|p2a: Wet Dream|1/100
|move|p2a: Wet Dream|Nasty Plot|p2a: Wet Dream
|-boost|p2a: Wet Dream|spa|2
|
|-weather|Sandstorm|[upkeep]
|-damage|p1a: Drednaw|40/100|[from] Sandstorm
|-damage|p2a: Wet Dream|0 fnt|[from] Sandstorm
|faint|p2a: Wet Dream
|upkeep
|
|t:|1779893252
|switch|p2a: Dih slicer|Samurott-Hisui, F, shiny|100/100
|turn|14
|
|t:|1779893257
|move|p2a: Dih slicer|Sucker Punch|p1a: Drednaw
|-damage|p1a: Drednaw|5/100
|move|p1a: Drednaw|Earthquake|p2a: Dih slicer
|-damage|p2a: Dih slicer|4/100
|
|-weather|Sandstorm|[upkeep]
|-damage|p1a: Drednaw|0 fnt|[from] Sandstorm
|-damage|p2a: Dih slicer|0 fnt|[from] Sandstorm
|faint|p1a: Drednaw
|faint|p2a: Dih slicer
|upkeep
|c|☆dogegod 89|gg
|c|☆Underquill|gg
|
|t:|1779893274
|switch|p2a: Luka Dončić|Landorus-Therian, M|49/100
|switch|p1a: Excadrill|Excadrill, F|100/100
|-item|p1a: Excadrill|Air Balloon
|-ability|p2a: Luka Dončić|Intimidate|boost
|-unboost|p1a: Excadrill|atk|1
|turn|15
|
|t:|1779893283
|-terastallize|p2a: Luka Dončić|Steel
|move|p1a: Excadrill|Iron Head|p2a: Luka Dončić
|-resisted|p2a: Luka Dončić
|-damage|p2a: Luka Dončić|32/100
|move|p2a: Luka Dončić|Crunch|p1a: Excadrill
|-damage|p1a: Excadrill|61/100
|-enditem|p1a: Excadrill|Air Balloon
|
|-weather|Sandstorm|[upkeep]
|upkeep
|turn|16
|
|t:|1779893288
|move|p1a: Excadrill|Earthquake|p2a: Luka Dončić
|-supereffective|p2a: Luka Dončić
|-damage|p2a: Luka Dončić|0 fnt
|faint|p2a: Luka Dončić
|
|win|Underquill
|raw|Underquill's rating: 1240 &rarr; <strong>1258</strong><br />(+18 for winning)
|raw|dogegod 89's rating: 1144 &rarr; <strong>1126</strong><br />(-18 for losing)
|l|☆dogegod 89
|player|p2|
|l|☆Underquill
|player|p1|
