|j|☆llachiee
|j|‽zamrod0303
|t:|1779859722
|gametype|singles
|player|p1|llachiee|101|1551
|player|p2|zamrod0303|swimmerf|1530
|gen|9
|tier|[Gen 9] OU
|rated|
|rule|HP Percentage Mod: HP is shown in percentages
|rule|Endless Battle Clause: Forcing endless battles is banned
|rule|Species Clause: Limit one of each Pokémon
|rule|OHKO Clause: OHKO moves are banned
|rule|Evasion Items Clause: Evasion items are banned
|rule|Evasion Moves Clause: Evasion moves are banned
|rule|Evasion Abilities Clause: Evasion abilities are banned
|rule|Sleep Moves Clause: Sleep-inducing moves are banned
|clearpoke
|poke|p1|Gliscor, F|
|poke|p1|Blissey, F|
|poke|p1|Clefable, F|
|poke|p1|Toxapex, F|
|poke|p1|Dondozo, F|
|poke|p1|Corviknight, F|
|poke|p2|Slowking-Galar, M|
|poke|p2|Rillaboom, F|
|poke|p2|Great Tusk|
|poke|p2|Clefable, M|
|poke|p2|Hydreigon, F|
|poke|p2|Gholdengo|
|teampreview
|inactive|Battle timer is ON: inactive players will automatically lose when time's up. (requested by zamrod0303)
|
|t:|1779859738
|teamsize|p1|6
|teamsize|p2|6
|start
|switch|p1a: Adder|Gliscor, F|100/100
|switch|p2a: Gholdengo|Gholdengo|100/100
|turn|1
|
|t:|1779859742
|move|p1a: Adder|Protect|p1a: Adder
|-singleturn|p1a: Adder|Protect
|move|p2a: Gholdengo|Trick|p1a: Adder
|-activate|p1a: Adder|move: Protect
|
|-status|p1a: Adder|tox|[from] item: Toxic Orb
|upkeep
|turn|2
|
|t:|1779859746
|switch|p1a: Nell|Clefable, F|100/100
|move|p2a: Gholdengo|Trick|p1a: Nell
|-activate|p2a: Gholdengo|move: Trick|[of] p1a: Nell
|-item|p1a: Nell|Choice Scarf|[from] move: Trick
|-item|p2a: Gholdengo|Sticky Barb|[from] move: Trick
|
|-damage|p2a: Gholdengo|88/100|[from] item: Sticky Barb
|upkeep
|turn|3
|
|t:|1779859761
|switch|p2a: Slowking|Slowking-Galar, M|100/100
|move|p1a: Nell|Stealth Rock|p2a: Slowking
|-sidestart|p2: zamrod0303|move: Stealth Rock
|
|upkeep
|turn|4
|
|t:|1779859769
|switch|p1a: Flesh Tutu|Blissey, F|100/100
|move|p2a: Slowking|Future Sight|p1a: Flesh Tutu
|-start|p2a: Slowking|move: Future Sight
|
|upkeep
|turn|5
|
|t:|1779859773
|switch|p2a: Great Tusk|Great Tusk|100/100
|-damage|p2a: Great Tusk|98/100|[from] Stealth Rock
|move|p1a: Flesh Tutu|Seismic Toss|p2a: Great Tusk
|-damage|p2a: Great Tusk|71/100
|-damage|p1a: Flesh Tutu|84/100|[from] item: Rocky Helmet|[of] p2a: Great Tusk
|
|upkeep
|turn|6
|
|t:|1779859780
|switch|p1a: Sturm|Corviknight, F, shiny|100/100
|-ability|p1a: Sturm|Pressure
|move|p2a: Great Tusk|Rapid Spin|p1a: Sturm
|-resisted|p1a: Sturm
|-crit|p1a: Sturm
|-damage|p1a: Sturm|90/100
|-boost|p2a: Great Tusk|spe|1
|-sideend|p2: zamrod0303|Stealth Rock|[from] move: Rapid Spin|[of] p2a: Great Tusk
|
|-end|p1a: Sturm|move: Future Sight
|-resisted|p1a: Sturm
|-damage|p1a: Sturm|63/100
|-heal|p1a: Sturm|69/100|[from] item: Leftovers
|upkeep
|turn|7
|
|t:|1779859787
|-end|p2a: Great Tusk|Protosynthesis|[silent]
|switch|p2a: Slowking|Slowking-Galar, M|100/100
|switch|p1a: Adder|Gliscor, F|100/100 tox
|
|upkeep
|turn|8
|
|t:|1779859799
|switch|p1a: Sturm|Corviknight, F, shiny|69/100
|-ability|p1a: Sturm|Pressure
|switch|p2a: Clefable|Clefable, M|100/100
|
|-heal|p1a: Sturm|75/100|[from] item: Leftovers
|upkeep
|turn|9
|
|t:|1779859804
|move|p1a: Sturm|Substitute|p1a: Sturm
|-start|p1a: Sturm|Substitute
|-damage|p1a: Sturm|51/100
|move|p2a: Clefable|Stealth Rock|p1a: Sturm
|-sidestart|p1: llachiee|move: Stealth Rock
|
|-heal|p1a: Sturm|57/100|[from] item: Leftovers
|upkeep
|turn|10
|
|t:|1779859810
|move|p1a: Sturm|Roost|p1a: Sturm
|-heal|p1a: Sturm|100/100
|-singleturn|p1a: Sturm|move: Roost
|move|p2a: Clefable|Moonblast|p1a: Sturm
|-resisted|p1a: Sturm
|-activate|p1a: Sturm|move: Substitute|[damage]
|
|upkeep
|turn|11
|
|t:|1779859823
|switch|p1a: Nell|Clefable, F|100/100
|move|p2a: Clefable|Moonblast|p1a: Nell
|-damage|p1a: Nell|70/100
|
|upkeep
|turn|12
|
|t:|1779859837
|switch|p2a: Rillaboom|Rillaboom, F|100/100
|-fieldstart|move: Grassy Terrain|[from] ability: Grassy Surge|[of] p2a: Rillaboom
|move|p1a: Nell|Trick|p2a: Rillaboom
|-activate|p1a: Nell|move: Trick|[of] p2a: Rillaboom
|-item|p2a: Rillaboom|Choice Scarf|[from] move: Trick
|-item|p1a: Nell|Choice Band|[from] move: Trick
|
|-heal|p1a: Nell|76/100|[from] Grassy Terrain
|upkeep
|turn|13
|
|t:|1779859851
|switch|p1a: Sturm|Corviknight, F, shiny|100/100
|-damage|p1a: Sturm|88/100|[from] Stealth Rock
|-ability|p1a: Sturm|Pressure
|move|p2a: Rillaboom|U-turn|p1a: Sturm
|-resisted|p1a: Sturm
|-damage|p1a: Sturm|83/100
|
|t:|1779859863
|switch|p2a: Slowking|Slowking-Galar, M|100/100|[from] U-turn
|
|-heal|p1a: Sturm|89/100|[from] item: Leftovers
|upkeep
|turn|14
|
|t:|1779859867
|move|p1a: Sturm|Substitute|p1a: Sturm
|-start|p1a: Sturm|Substitute
|-damage|p1a: Sturm|64/100
|move|p2a: Slowking|Psychic Noise|p1a: Sturm
|-resisted|p1a: Sturm
|-crit|p1a: Sturm
|-damage|p1a: Sturm|41/100
|-start|p1a: Sturm|move: Heal Block
|
|upkeep
|turn|15
|
|t:|1779859872
|move|p1a: Sturm|Spite|p2a: Slowking
|-activate|p2a: Slowking|move: Spite|Psychic Noise|4
|move|p2a: Slowking|Future Sight|p1a: Sturm
|-start|p2a: Slowking|move: Future Sight
|
|-end|p1a: Sturm|move: Heal Block
|upkeep
|turn|16
|
|t:|1779859882
|move|p1a: Sturm|Spite|p2a: Slowking
|-activate|p2a: Slowking|move: Spite|Future Sight|4
|move|p2a: Slowking|Psychic Noise|p1a: Sturm
|-resisted|p1a: Sturm
|-damage|p1a: Sturm|26/100
|-start|p1a: Sturm|move: Heal Block
|
|-fieldend|move: Grassy Terrain
|upkeep
|turn|17
|
|t:|1779859896
|move|p1a: Sturm|Spite|p2a: Slowking
|-activate|p2a: Slowking|move: Spite|Psychic Noise|4
|move|p2a: Slowking|Psychic Noise|p1a: Sturm
|-resisted|p1a: Sturm
|-damage|p1a: Sturm|10/100
|
|-end|p1a: Sturm|move: Future Sight
|-resisted|p1a: Sturm
|-end|p1a: Sturm|Substitute
|-end|p1a: Sturm|move: Heal Block
|upkeep
|turn|18
|
|t:|1779859905
|move|p1a: Sturm|Roost|p1a: Sturm
|-heal|p1a: Sturm|60/100
|-singleturn|p1a: Sturm|move: Roost
|move|p2a: Slowking|Flamethrower|p1a: Sturm
|-supereffective|p1a: Sturm
|-damage|p1a: Sturm|5/100
|
|-heal|p1a: Sturm|11/100|[from] item: Leftovers
|upkeep
|turn|19
|
|t:|1779859913
|-terastallize|p1a: Sturm|Dark
|move|p1a: Sturm|Roost|p1a: Sturm
|-heal|p1a: Sturm|61/100
|move|p2a: Slowking|Flamethrower|p1a: Sturm
|-damage|p1a: Sturm|35/100
|
|-heal|p1a: Sturm|41/100|[from] item: Leftovers
|upkeep
|turn|20
|j| isaac_gam3r
|l| isaac_gam3r
|
|t:|1779859922
|move|p1a: Sturm|Substitute|p1a: Sturm
|-start|p1a: Sturm|Substitute
|-damage|p1a: Sturm|16/100
|move|p2a: Slowking|Sludge Bomb|p1a: Sturm
|-end|p1a: Sturm|Substitute
|
|-heal|p1a: Sturm|22/100|[from] item: Leftovers
|upkeep
|turn|21
|
|t:|1779859926
|move|p1a: Sturm|Roost|p1a: Sturm
|-heal|p1a: Sturm|72/100
|move|p2a: Slowking|Sludge Bomb|p1a: Sturm
|-damage|p1a: Sturm|36/100
|
|-heal|p1a: Sturm|42/100|[from] item: Leftovers
|upkeep
|turn|22
|
|t:|1779859931
|move|p1a: Sturm|Protect|p1a: Sturm
|-singleturn|p1a: Sturm|Protect
|move|p2a: Slowking|Sludge Bomb|p1a: Sturm
|-activate|p1a: Sturm|move: Protect
|
|-heal|p1a: Sturm|48/100|[from] item: Leftovers
|upkeep
|turn|23
|
|t:|1779859934
|move|p1a: Sturm|Roost|p1a: Sturm
|-heal|p1a: Sturm|98/100
|move|p2a: Slowking|Sludge Bomb|p1a: Sturm
|-damage|p1a: Sturm|63/100
|
|-heal|p1a: Sturm|69/100|[from] item: Leftovers
|upkeep
|turn|24
|
|t:|1779859940
|switch|p1a: Flesh Tutu|Blissey, F|84/100
|switch|p2a: Clefable|Clefable, M|100/100
|
|upkeep
|turn|25
|
|t:|1779859954
|switch|p2a: Gholdengo|Gholdengo|88/100
|switch|p1a: Nell|Clefable, F|76/100
|
|-damage|p2a: Gholdengo|76/100|[from] item: Sticky Barb
|upkeep
|turn|26
|
|t:|1779859971
|move|p2a: Gholdengo|Trick|p1a: Nell
|-activate|p2a: Gholdengo|move: Trick|[of] p1a: Nell
|-item|p1a: Nell|Sticky Barb|[from] move: Trick
|-item|p2a: Gholdengo|Choice Band|[from] move: Trick
|move|p1a: Nell|Stealth Rock|p2a: Gholdengo
|-sidestart|p2: zamrod0303|move: Stealth Rock
|
|upkeep
|turn|27
|
|t:|1779859981
|move|p2a: Gholdengo|Trick|p1a: Nell
|-activate|p2a: Gholdengo|move: Trick|[of] p1a: Nell
|-item|p1a: Nell|Choice Band|[from] move: Trick
|-item|p2a: Gholdengo|Sticky Barb|[from] move: Trick
|move|p1a: Nell|Moonblast|p2a: Gholdengo
|-resisted|p2a: Gholdengo
|-damage|p2a: Gholdengo|58/100
|
|-damage|p2a: Gholdengo|46/100|[from] item: Sticky Barb
|upkeep
|turn|28
|
|t:|1779859996
|switch|p2a: Great Tusk|Great Tusk|71/100
|-damage|p2a: Great Tusk|68/100|[from] Stealth Rock
|move|p1a: Nell|Moonblast|p2a: Great Tusk
|-supereffective|p2a: Great Tusk
|-damage|p2a: Great Tusk|0 fnt
|faint|p2a: Great Tusk
|-end|p2a: Great Tusk|Protosynthesis|[silent]
|
|upkeep
|
|t:|1779860004
|switch|p2a: Rillaboom|Rillaboom, F|100/100
|-damage|p2a: Rillaboom|88/100|[from] Stealth Rock
|-fieldstart|move: Grassy Terrain|[from] ability: Grassy Surge|[of] p2a: Rillaboom
|turn|29
|
|t:|1779860013
|switch|p1a: Lash|Toxapex, F, shiny|100/100
|-terastallize|p2a: Rillaboom|Grass
|move|p2a: Rillaboom|Wood Hammer|p1a: Lash
|-crit|p1a: Lash
|-damage|p1a: Lash|0 fnt
|faint|p1a: Lash
|-damage|p2a: Rillaboom|59/100|[from] Recoil
|
|-heal|p2a: Rillaboom|65/100|[from] Grassy Terrain
|upkeep
|
|t:|1779860024
|switch|p1a: Adder|Gliscor, F|100/100 tox
|-damage|p1a: Adder|88/100 tox|[from] Stealth Rock
|turn|30
|
|t:|1779860030
|switch|p2a: Gholdengo|Gholdengo|46/100
|-damage|p2a: Gholdengo|40/100|[from] Stealth Rock
|move|p1a: Adder|Toxic|p2a: Gholdengo
|-immune|p2a: Gholdengo|[from] ability: Good as Gold
|
|-heal|p2a: Gholdengo|46/100|[from] Grassy Terrain
|-heal|p1a: Adder|100/100 tox|[from] ability: Poison Heal
|-damage|p2a: Gholdengo|33/100|[from] item: Sticky Barb
|upkeep
|turn|31
|
|t:|1779860042
|move|p1a: Adder|Protect|p1a: Adder
|-singleturn|p1a: Adder|Protect
|move|p2a: Gholdengo|Trick|p1a: Adder
|-activate|p1a: Adder|move: Protect
|
|-heal|p2a: Gholdengo|39/100|[from] Grassy Terrain
|-damage|p2a: Gholdengo|27/100|[from] item: Sticky Barb
|upkeep
|turn|32
|
|t:|1779860045
|switch|p1a: Nell|Clefable, F|76/100
|move|p2a: Gholdengo|Trick|p1a: Nell
|-activate|p2a: Gholdengo|move: Trick|[of] p1a: Nell
|-item|p1a: Nell|Sticky Barb|[from] move: Trick
|-item|p2a: Gholdengo|Choice Band|[from] move: Trick
|
|-heal|p2a: Gholdengo|33/100|[from] Grassy Terrain
|-heal|p1a: Nell|82/100|[from] Grassy Terrain
|upkeep
|turn|33
|
|t:|1779860051
|move|p2a: Gholdengo|Make It Rain|p1a: Nell
|-supereffective|p1a: Nell
|-damage|p1a: Nell|0 fnt
|-unboost|p2a: Gholdengo|spa|1
|faint|p1a: Nell
|
|-heal|p2a: Gholdengo|39/100|[from] Grassy Terrain
|-fieldend|move: Grassy Terrain
|upkeep
|
|t:|1779860066
|switch|p1a: Adder|Gliscor, F|100/100 tox
|-damage|p1a: Adder|88/100 tox|[from] Stealth Rock
|turn|34
|
|t:|1779860078
|move|p2a: Gholdengo|Make It Rain|p1a: Adder
|-damage|p1a: Adder|36/100 tox
|-unboost|p2a: Gholdengo|spa|1
|move|p1a: Adder|Spikes|p2a: Gholdengo
|-sidestart|p2: zamrod0303|Spikes
|
|-heal|p1a: Adder|48/100 tox|[from] ability: Poison Heal
|upkeep
|turn|35
|
|t:|1779860087
|switch|p2a: Rillaboom|Rillaboom, F, tera:Grass|65/100
|-damage|p2a: Rillaboom|53/100|[from] Stealth Rock
|-damage|p2a: Rillaboom|40/100|[from] Spikes
|-fieldstart|move: Grassy Terrain|[from] ability: Grassy Surge|[of] p2a: Rillaboom
|move|p1a: Adder|Protect||[still]
|-fail|p1a: Adder
|
|-heal|p2a: Rillaboom|47/100|[from] Grassy Terrain
|-heal|p1a: Adder|61/100 tox|[from] ability: Poison Heal
|upkeep
|turn|36
|
|t:|1779860089
|move|p1a: Adder|Protect|p1a: Adder
|-singleturn|p1a: Adder|Protect
|move|p2a: Rillaboom|Wood Hammer|p1a: Adder
|-activate|p1a: Adder|move: Protect
|
|-heal|p2a: Rillaboom|53/100|[from] Grassy Terrain
|-heal|p1a: Adder|73/100 tox|[from] ability: Poison Heal
|upkeep
|turn|37
|
|t:|1779860094
|move|p2a: Rillaboom|Wood Hammer|p1a: Adder
|-damage|p1a: Adder|0 fnt
|faint|p1a: Adder
|-damage|p2a: Rillaboom|28/100|[from] Recoil
|
|-heal|p2a: Rillaboom|34/100|[from] Grassy Terrain
|upkeep
|
|t:|1779860098
|switch|p1a: Jugger|Dondozo, F, shiny|100/100
|turn|38
|-message|llachiee forfeited.
|
|win|zamrod0303
|raw|llachiee's rating: 1551 &rarr; <strong>1530</strong><br />(-21 for losing)
|raw|zamrod0303's rating: 1530 &rarr; <strong>1551</strong><br />(+21 for winning)
|l|☆llachiee
|player|p1|
|l|‽zamrod0303
|player|p2|
