|j|☆jojojony
|j|☆Nyrkry
|inactive|Battle timer is ON: inactive players will automatically lose when time's up.
|t:|1779914240
|gametype|singles
|player|p1|jojojony|169|
|player|p2|Nyrkry|allister|
|gen|9
|tier|[Gen 9] OU
|rated|Tournament battle
|rule|HP Percentage Mod: HP is shown in percentages
|rule|Endless Battle Clause: Forcing endless battles is banned
|rule|Species Clause: Limit one of each Pokémon
|rule|OHKO Clause: OHKO moves are banned
|rule|Evasion Items Clause: Evasion items are banned
|rule|Evasion Moves Clause: Evasion moves are banned
|rule|Evasion Abilities Clause: Evasion abilities are banned
|rule|Sleep Moves Clause: Sleep-inducing moves are banned
|clearpoke
|poke|p1|Iron Moth|
|poke|p1|Gliscor, F|
|poke|p1|Hatterene, F|
|poke|p1|Ogerpon-Wellspring, F|
|poke|p1|Raging Bolt|
|poke|p1|Zamazenta-*|
|poke|p2|Dragapult, F|
|poke|p2|Zamazenta-*|
|poke|p2|Great Tusk|
|poke|p2|Ogerpon-Wellspring, F|
|poke|p2|Glimmora, M|
|poke|p2|Slowking-Galar, F|
|teampreview
|j|*Lady Monita 
|inactive|Nyrkry also wants the timer to be on.
|c|☆Nyrkry|glhf
|
|t:|1779914265
|teamsize|p1|6
|teamsize|p2|6
|start
|switch|p1a: Gliscor|Gliscor, F|100/100
|switch|p2a: Dragapult|Dragapult, F|100/100
|turn|1
|inactive|jojojony has 120 seconds left.
|inactive|jojojony has 90 seconds left.
|
|t:|1779914329
|switch|p2a: Great Tusk|Great Tusk|100/100
|switch|p1a: Iron Moth|Iron Moth|100/100
|-enditem|p1a: Iron Moth|Booster Energy
|-activate|p1a: Iron Moth|ability: Quark Drive|[fromitem]
|-start|p1a: Iron Moth|quarkdrivespe
|
|upkeep
|turn|2
|inactive|jojojony has 90 seconds left.
|
|t:|1779914347
|-end|p1a: Iron Moth|Quark Drive|[silent]
|switch|p1a: Ogerpon|Ogerpon-Wellspring, F|100/100
|-end|p2a: Great Tusk|Protosynthesis|[silent]
|switch|p2a: Slowking|Slowking-Galar, F|100/100
|
|upkeep
|turn|3
|inactive|jojojony has 90 seconds left.
|
|t:|1779914381
|move|p1a: Ogerpon|Ivy Cudgel|p2a: Slowking|[anim] Ivy Cudgel Water
|-damage|p2a: Slowking|30/100
|-prepare|p2a: Slowking|Chilly Reception|[premajor]
|move|p2a: Slowking|Chilly Reception|p2a: Slowking
|-weather|Snowscape
|
|t:|1779914388
|switch|p2a: Ogerpon|Ogerpon-Wellspring, F|100/100|[from] Chilly Reception
|
|-weather|Snowscape|[upkeep]
|upkeep
|turn|4
|
|t:|1779914400
|move|p2a: Ogerpon|U-turn|p1a: Ogerpon
|-supereffective|p1a: Ogerpon
|-damage|p1a: Ogerpon|28/100
|
|t:|1779914402
|switch|p2a: Dragapult|Dragapult, F|100/100|[from] U-turn
|move|p1a: Ogerpon|Trailblaze|p2a: Dragapult
|-resisted|p2a: Dragapult
|-damage|p2a: Dragapult|78/100
|-boost|p1a: Ogerpon|spe|1
|
|-weather|Snowscape|[upkeep]
|upkeep
|turn|5
|
|t:|1779914410
|move|p1a: Ogerpon|Swords Dance|p1a: Ogerpon
|-boost|p1a: Ogerpon|atk|2
|move|p2a: Dragapult|Dragon Darts|p1a: Ogerpon
|-damage|p1a: Ogerpon|0 fnt
|faint|p1a: Ogerpon
|-damage|p2a: Dragapult|68/100|[from] item: Life Orb
|
|-weather|Snowscape|[upkeep]
|upkeep
|
|t:|1779914417
|switch|p1a: Hatterene|Hatterene, F|100/100
|turn|6
|
|t:|1779914421
|switch|p2a: Slowking|Slowking-Galar, F|64/100
|move|p1a: Hatterene|Draining Kiss|p2a: Slowking
|-resisted|p2a: Slowking
|-damage|p2a: Slowking|58/100
|
|-weather|Snowscape|[upkeep]
|upkeep
|turn|7
|
|t:|1779914425
|switch|p1a: Gliscor|Gliscor, F|100/100
|-prepare|p2a: Slowking|Chilly Reception|[premajor]
|move|p2a: Slowking|Chilly Reception|p2a: Slowking
|
|t:|1779914427
|switch|p2a: Ogerpon|Ogerpon-Wellspring, F|100/100|[from] Chilly Reception
|
|-weather|none
|-status|p1a: Gliscor|tox|[from] item: Toxic Orb
|upkeep
|turn|8
|
|t:|1779914433
|switch|p1a: Raging Bolt|Raging Bolt|100/100
|-enditem|p1a: Raging Bolt|Booster Energy
|-activate|p1a: Raging Bolt|ability: Protosynthesis|[fromitem]
|-start|p1a: Raging Bolt|protosynthesisspa
|move|p2a: Ogerpon|Ivy Cudgel|p1a: Raging Bolt|[anim] Ivy Cudgel Water
|-resisted|p1a: Raging Bolt
|-damage|p1a: Raging Bolt|72/100
|
|upkeep
|turn|9
|
|t:|1779914435
|move|p2a: Ogerpon|U-turn|p1a: Raging Bolt
|-damage|p1a: Raging Bolt|46/100
|
|t:|1779914440
|switch|p2a: Slowking|Slowking-Galar, F|91/100|[from] U-turn
|move|p1a: Raging Bolt|Thunderbolt|p2a: Slowking
|-damage|p2a: Slowking|53/100
|
|upkeep
|turn|10
|
|t:|1779914445
|move|p1a: Raging Bolt|Thunderbolt|p2a: Slowking
|-damage|p2a: Slowking|13/100
|-prepare|p2a: Slowking|Chilly Reception|[premajor]
|move|p2a: Slowking|Chilly Reception|p2a: Slowking
|-weather|Snowscape
|
|t:|1779914451
|switch|p2a: Great Tusk|Great Tusk|100/100|[from] Chilly Reception
|
|-weather|Snowscape|[upkeep]
|upkeep
|turn|11
|
|t:|1779914459
|-end|p1a: Raging Bolt|Protosynthesis|[silent]
|switch|p1a: Gliscor|Gliscor, F|100/100 tox
|move|p2a: Great Tusk|Headlong Rush|p1a: Gliscor
|-immune|p1a: Gliscor
|
|-weather|Snowscape|[upkeep]
|upkeep
|turn|12
|
|t:|1779914468
|switch|p1a: Hatterene|Hatterene, F|100/100
|move|p2a: Great Tusk|Stealth Rock|p1a: Hatterene
|move|p1a: Hatterene|Stealth Rock|p2a: Great Tusk|[from] ability: Magic Bounce
|-sidestart|p2: Nyrkry|move: Stealth Rock
|
|-weather|Snowscape|[upkeep]
|upkeep
|turn|13
|
|t:|1779914475
|move|p2a: Great Tusk|Rapid Spin|p1a: Hatterene
|-damage|p1a: Hatterene|88/100
|-boost|p2a: Great Tusk|spe|1
|-sideend|p2: Nyrkry|Stealth Rock|[from] move: Rapid Spin|[of] p2a: Great Tusk
|move|p1a: Hatterene|Draining Kiss|p2a: Great Tusk
|-supereffective|p2a: Great Tusk
|-damage|p2a: Great Tusk|41/100
|-heal|p1a: Hatterene|100/100|[from] drain|[of] p2a: Great Tusk
|-damage|p1a: Hatterene|84/100|[from] item: Rocky Helmet|[of] p2a: Great Tusk
|
|-weather|Snowscape|[upkeep]
|-heal|p1a: Hatterene|90/100|[from] item: Leftovers
|upkeep
|turn|14
|
|t:|1779914481
|-end|p2a: Great Tusk|Protosynthesis|[silent]
|switch|p2a: Slowking|Slowking-Galar, F|47/100
|move|p1a: Hatterene|Draining Kiss|p2a: Slowking
|-resisted|p2a: Slowking
|-damage|p2a: Slowking|40/100
|-heal|p1a: Hatterene|96/100|[from] drain|[of] p2a: Slowking
|
|-weather|none
|-heal|p1a: Hatterene|100/100|[from] item: Leftovers
|upkeep
|turn|15
|
|t:|1779914488
|move|p1a: Hatterene|Calm Mind|p1a: Hatterene
|-boost|p1a: Hatterene|spa|1
|-boost|p1a: Hatterene|spd|1
|-prepare|p2a: Slowking|Chilly Reception|[premajor]
|move|p2a: Slowking|Chilly Reception|p2a: Slowking
|-weather|Snowscape
|
|t:|1779914490
|switch|p2a: Ogerpon|Ogerpon-Wellspring, F|100/100|[from] Chilly Reception
|
|-weather|Snowscape|[upkeep]
|upkeep
|turn|16
|
|t:|1779914497
|move|p2a: Ogerpon|Ivy Cudgel|p1a: Hatterene|[anim] Ivy Cudgel Water
|-damage|p1a: Hatterene|55/100
|move|p1a: Hatterene|Draining Kiss|p2a: Ogerpon
|-damage|p2a: Ogerpon|59/100
|-heal|p1a: Hatterene|85/100|[from] drain|[of] p2a: Ogerpon
|
|-weather|Snowscape|[upkeep]
|-heal|p1a: Hatterene|91/100|[from] item: Leftovers
|upkeep
|turn|17
|
|t:|1779914503
|move|p2a: Ogerpon|Ivy Cudgel|p1a: Hatterene|[anim] Ivy Cudgel Water
|-damage|p1a: Hatterene|41/100
|move|p1a: Hatterene|Draining Kiss|p2a: Ogerpon
|-damage|p2a: Ogerpon|22/100
|-heal|p1a: Hatterene|66/100|[from] drain|[of] p2a: Ogerpon
|
|-weather|Snowscape|[upkeep]
|-heal|p1a: Hatterene|72/100|[from] item: Leftovers
|upkeep
|turn|18
|
|t:|1779914511
|move|p2a: Ogerpon|U-turn|p1a: Hatterene
|-damage|p1a: Hatterene|48/100
|
|t:|1779914513
|switch|p2a: Slowking|Slowking-Galar, F|73/100|[from] U-turn
|move|p1a: Hatterene|Draining Kiss|p2a: Slowking
|-resisted|p2a: Slowking
|-damage|p2a: Slowking|62/100
|-heal|p1a: Hatterene|58/100|[from] drain|[of] p2a: Slowking
|
|-weather|Snowscape|[upkeep]
|-heal|p1a: Hatterene|64/100|[from] item: Leftovers
|upkeep
|turn|19
|
|t:|1779914519
|move|p1a: Hatterene|Stored Power|p2a: Slowking
|-damage|p2a: Slowking|38/100
|move|p2a: Slowking|Sludge Bomb|p1a: Hatterene
|-supereffective|p1a: Hatterene
|-damage|p1a: Hatterene|20/100
|-status|p1a: Hatterene|psn
|
|-weather|none
|-heal|p1a: Hatterene|26/100 psn|[from] item: Leftovers
|-damage|p1a: Hatterene|14/100 psn|[from] psn
|upkeep
|turn|20
|
|t:|1779914526
|move|p1a: Hatterene|Draining Kiss|p2a: Slowking
|-resisted|p2a: Slowking
|-damage|p2a: Slowking|29/100
|-heal|p1a: Hatterene|22/100 psn|[from] drain|[of] p2a: Slowking
|-prepare|p2a: Slowking|Chilly Reception|[premajor]
|move|p2a: Slowking|Chilly Reception|p2a: Slowking
|-weather|Snowscape
|
|t:|1779914529
|switch|p2a: Ogerpon|Ogerpon-Wellspring, F|22/100|[from] Chilly Reception
|
|-weather|Snowscape|[upkeep]
|-heal|p1a: Hatterene|28/100 psn|[from] item: Leftovers
|-damage|p1a: Hatterene|16/100 psn|[from] psn
|upkeep
|turn|21
|
|t:|1779914533
|move|p2a: Ogerpon|U-turn|p1a: Hatterene
|-damage|p1a: Hatterene|0 fnt
|faint|p1a: Hatterene
|
|t:|1779914541
|switch|p2a: Dragapult|Dragapult, F|68/100|[from] U-turn
|
|-weather|Snowscape|[upkeep]
|upkeep
|
|t:|1779914552
|switch|p1a: Gliscor|Gliscor, F|100/100 tox
|turn|22
|
|t:|1779914561
|switch|p2a: Great Tusk|Great Tusk|41/100
|move|p1a: Gliscor|Agility|p1a: Gliscor
|-boost|p1a: Gliscor|spe|2
|
|-weather|Snowscape|[upkeep]
|upkeep
|turn|23
|
|t:|1779914567
|move|p1a: Gliscor|Facade|p2a: Great Tusk
|-damage|p2a: Great Tusk|14/100
|-damage|p1a: Gliscor|84/100 tox|[from] item: Rocky Helmet|[of] p2a: Great Tusk
|move|p2a: Great Tusk|Ice Spinner|p1a: Gliscor
|-supereffective|p1a: Gliscor
|-damage|p1a: Gliscor|11/100 tox
|
|-weather|Snowscape|[upkeep]
|-heal|p1a: Gliscor|23/100 tox|[from] ability: Poison Heal
|upkeep
|turn|24
|
|t:|1779914570
|move|p1a: Gliscor|Earthquake|p2a: Great Tusk
|-damage|p2a: Great Tusk|0 fnt
|faint|p2a: Great Tusk
|-end|p2a: Great Tusk|Protosynthesis|[silent]
|
|-weather|none
|-heal|p1a: Gliscor|36/100 tox|[from] ability: Poison Heal
|upkeep
|
|t:|1779914571
|switch|p2a: Zamazenta|Zamazenta|100/100
|-ability|p2a: Zamazenta|Dauntless Shield|boost
|-boost|p2a: Zamazenta|def|1
|turn|25
|
|t:|1779914577
|move|p1a: Gliscor|Earthquake|p2a: Zamazenta
|-damage|p2a: Zamazenta|79/100
|move|p2a: Zamazenta|Iron Defense|p2a: Zamazenta
|-boost|p2a: Zamazenta|def|2
|
|-heal|p2a: Zamazenta|85/100|[from] item: Leftovers
|-heal|p1a: Gliscor|48/100 tox|[from] ability: Poison Heal
|upkeep
|turn|26
|
|t:|1779914581
|move|p1a: Gliscor|Earthquake|p2a: Zamazenta
|-damage|p2a: Zamazenta|71/100
|move|p2a: Zamazenta|Roar|p1a: Gliscor
|drag|p1a: Zamazenta|Zamazenta|100/100
|-ability|p1a: Zamazenta|Dauntless Shield|boost
|-boost|p1a: Zamazenta|def|1
|
|-heal|p2a: Zamazenta|77/100|[from] item: Leftovers
|upkeep
|turn|27
|
|t:|1779914591
|move|p1a: Zamazenta|Reflect|p1a: Zamazenta
|-sidestart|p1: jojojony|Reflect
|move|p2a: Zamazenta|Roar|p1a: Zamazenta
|drag|p1a: Iron Moth|Iron Moth|100/100
|
|-heal|p2a: Zamazenta|83/100|[from] item: Leftovers
|upkeep
|turn|28
|
|t:|1779914598
|switch|p2a: Slowking|Slowking-Galar, F|62/100
|move|p1a: Iron Moth|Sludge Wave|p2a: Slowking
|-resisted|p2a: Slowking
|-damage|p2a: Slowking|47/100
|
|upkeep
|turn|29
|
|t:|1779914604
|move|p1a: Iron Moth|Fiery Dance|p2a: Slowking
|-damage|p2a: Slowking|22/100
|move|p2a: Slowking|Thunder Wave|p1a: Iron Moth
|-status|p1a: Iron Moth|par
|
|upkeep
|turn|30
|
|t:|1779914609
|switch|p2a: Dragapult|Dragapult, F|68/100
|move|p1a: Iron Moth|Fiery Dance|p2a: Dragapult
|-resisted|p2a: Dragapult
|-damage|p2a: Dragapult|39/100
|-boost|p1a: Iron Moth|spa|1
|
|upkeep
|turn|31
|
|t:|1779914618
|-terastallize|p2a: Dragapult|Dragon
|move|p2a: Dragapult|Draco Meteor|p1a: Iron Moth|[miss]
|-miss|p2a: Dragapult|p1a: Iron Moth
|move|p1a: Iron Moth|Sludge Wave|p2a: Dragapult
|-damage|p2a: Dragapult|0 fnt
|faint|p2a: Dragapult
|
|upkeep
|
|t:|1779914623
|switch|p2a: Ogerpon|Ogerpon-Wellspring, F|22/100
|turn|32
|
|t:|1779914625
|move|p2a: Ogerpon|Ivy Cudgel|p1a: Iron Moth|[anim] Ivy Cudgel Water
|-supereffective|p1a: Iron Moth
|-damage|p1a: Iron Moth|0 fnt
|faint|p1a: Iron Moth
|-end|p1a: Iron Moth|Quark Drive|[silent]
|
|upkeep
|
|t:|1779914628
|switch|p1a: Raging Bolt|Raging Bolt|46/100
|turn|33
|
|t:|1779914630
|move|p2a: Ogerpon|U-turn|p1a: Raging Bolt
|-damage|p1a: Raging Bolt|34/100
|
|t:|1779914632
|switch|p2a: Slowking|Slowking-Galar, F|55/100|[from] U-turn
|move|p1a: Raging Bolt|Dragon Pulse|p2a: Slowking
|-damage|p2a: Slowking|24/100
|
|upkeep
|turn|34
|
|t:|1779914639
|switch|p2a: Glimmora|Glimmora, M|100/100
|move|p1a: Raging Bolt|Dragon Pulse|p2a: Glimmora
|-damage|p2a: Glimmora|61/100
|
|-heal|p2a: Glimmora|67/100|[from] item: Leftovers
|-sideend|p1: jojojony|Reflect
|upkeep
|turn|35
|
|t:|1779914643
|move|p1a: Raging Bolt|Thunderbolt|p2a: Glimmora
|-damage|p2a: Glimmora|26/100
|move|p2a: Glimmora|Toxic|p1a: Raging Bolt
|-status|p1a: Raging Bolt|tox
|
|-heal|p2a: Glimmora|32/100|[from] item: Leftovers
|-damage|p1a: Raging Bolt|28/100 tox|[from] psn
|upkeep
|turn|36
|
|t:|1779914647
|move|p2a: Glimmora|Spiky Shield|p2a: Glimmora
|-singleturn|p2a: Glimmora|move: Protect
|move|p1a: Raging Bolt|Thunderbolt|p2a: Glimmora
|-activate|p2a: Glimmora|move: Protect
|
|-heal|p2a: Glimmora|39/100|[from] item: Leftovers
|-damage|p1a: Raging Bolt|16/100 tox|[from] psn
|upkeep
|turn|37
|
|t:|1779914651
|move|p1a: Raging Bolt|Thunderbolt|p2a: Glimmora
|-damage|p2a: Glimmora|0 fnt
|faint|p2a: Glimmora
|
|-damage|p1a: Raging Bolt|0 fnt|[from] psn
|faint|p1a: Raging Bolt
|-end|p1a: Raging Bolt|Protosynthesis|[silent]
|upkeep
|
|t:|1779914664
|switch|p1a: Zamazenta|Zamazenta|100/100
|switch|p2a: Slowking|Slowking-Galar, F|58/100
|turn|38
|
|t:|1779914668
|move|p1a: Zamazenta|Ice Fang|p2a: Slowking
|-damage|p2a: Slowking|38/100
|move|p2a: Slowking|Future Sight|p1a: Zamazenta
|-start|p2a: Slowking|move: Future Sight
|
|upkeep
|turn|39
|
|t:|1779914674
|move|p1a: Zamazenta|Light Screen|p1a: Zamazenta
|-sidestart|p1: jojojony|move: Light Screen
|-prepare|p2a: Slowking|Chilly Reception|[premajor]
|move|p2a: Slowking|Chilly Reception|p2a: Slowking
|-weather|Snowscape
|
|t:|1779914679
|switch|p2a: Zamazenta|Zamazenta|83/100|[from] Chilly Reception
|
|-weather|Snowscape|[upkeep]
|-heal|p2a: Zamazenta|90/100|[from] item: Leftovers
|upkeep
|turn|40
|
|t:|1779914681
|move|p1a: Zamazenta|Reflect|p1a: Zamazenta
|-sidestart|p1: jojojony|Reflect
|move|p2a: Zamazenta|Iron Defense|p2a: Zamazenta
|-boost|p2a: Zamazenta|def|2
|
|-weather|Snowscape|[upkeep]
|-end|p1a: Zamazenta|move: Future Sight
|-supereffective|p1a: Zamazenta
|-damage|p1a: Zamazenta|63/100
|-heal|p2a: Zamazenta|96/100|[from] item: Leftovers
|upkeep
|turn|41
|
|t:|1779914685
|move|p1a: Zamazenta|Ice Fang|p2a: Zamazenta|[miss]
|-miss|p1a: Zamazenta|p2a: Zamazenta
|move|p2a: Zamazenta|Iron Defense|p2a: Zamazenta
|-boost|p2a: Zamazenta|def|2
|
|-weather|Snowscape|[upkeep]
|-heal|p2a: Zamazenta|100/100|[from] item: Leftovers
|upkeep
|turn|42
|
|t:|1779914688
|move|p1a: Zamazenta|Ice Fang|p2a: Zamazenta
|-damage|p2a: Zamazenta|96/100
|move|p2a: Zamazenta|Iron Defense|p2a: Zamazenta
|-boost|p2a: Zamazenta|def|2
|
|-weather|Snowscape|[upkeep]
|-heal|p2a: Zamazenta|100/100|[from] item: Leftovers
|upkeep
|turn|43
|
|t:|1779914691
|move|p1a: Zamazenta|Ice Fang|p2a: Zamazenta
|-damage|p2a: Zamazenta|97/100
|move|p2a: Zamazenta|Body Press|p1a: Zamazenta
|-damage|p1a: Zamazenta|8/100
|
|-weather|none
|-heal|p2a: Zamazenta|100/100|[from] item: Leftovers
|upkeep
|turn|44
|
|t:|1779914696
|move|p1a: Zamazenta|Close Combat|p2a: Zamazenta
|-damage|p2a: Zamazenta|90/100
|-unboost|p1a: Zamazenta|def|1
|-unboost|p1a: Zamazenta|spd|1
|move|p2a: Zamazenta|Body Press|p1a: Zamazenta
|-damage|p1a: Zamazenta|0 fnt
|faint|p1a: Zamazenta
|
|-heal|p2a: Zamazenta|97/100|[from] item: Leftovers
|upkeep
|
|t:|1779914699
|switch|p1a: Gliscor|Gliscor, F|48/100 tox
|turn|45
|
|t:|1779914702
|-terastallize|p1a: Gliscor|Normal
|move|p2a: Zamazenta|Body Press|p1a: Gliscor
|-supereffective|p1a: Gliscor
|-damage|p1a: Gliscor|0 fnt
|faint|p1a: Gliscor
|
|win|Nyrkry
|n|☆jojojony|jojojony
|n|☆Nyrkry|nyrkry
|n|*Lady Monita |ladymonita
|l|*Lady Monita 
|l|☆jojojony
|player|p1|
|c|☆Nyrkry|GG
