|j|☆gooseemon3
|j|☆Racceth
|t:|1779971606
|gametype|singles
|player|p1|gooseemon3|clown|1167
|player|p2|Racceth|harlequin|1175
|gen|9
|tier|[Gen 9] OU
|rated|
|rule|HP Percentage Mod: HP is shown in percentages
|rule|Endless Battle Clause: Forcing endless battles is banned
|rule|Species Clause: Limit one of each Pokémon
|rule|OHKO Clause: OHKO moves are banned
|rule|Evasion Items Clause: Evasion items are banned
|rule|Evasion Moves Clause: Evasion moves are banned
|rule|Evasion Abilities Clause: Evasion abilities are banned
|rule|Sleep Moves Clause: Sleep-inducing moves are banned
|clearpoke
|poke|p1|Indeedee-F, F|
|poke|p1|Deoxys-Speed|
|poke|p1|Corviknight, F|
|poke|p1|Landorus-Therian, M|
|poke|p1|Great Tusk|
|poke|p1|Kyurem|
|poke|p2|Iron Valiant|
|poke|p2|Latios, M|
|poke|p2|Gligar, M|
|poke|p2|Haunter, F|
|poke|p2|Cloyster, M|
|poke|p2|Charizard, M|
|teampreview
|inactive|Battle timer is ON: inactive players will automatically lose when time's up. (requested by gooseemon3)
|
|t:|1779971629
|teamsize|p1|6
|teamsize|p2|6
|start
|switch|p1a: Indeedee|Indeedee-F, F|100/100
|switch|p2a: Cloyster|Cloyster, M|100/100
|-fieldstart|move: Psychic Terrain|[from] ability: Psychic Surge|[of] p1a: Indeedee
|turn|1
|c|☆gooseemon3|Clowns:3
|inactive|Racceth has 120 seconds left.
|
|t:|1779971661
|move|p1a: Indeedee|Energy Ball|p2a: Cloyster
|-supereffective|p2a: Cloyster
|-damage|p2a: Cloyster|0 fnt
|faint|p2a: Cloyster
|
|upkeep
|inactive|Racceth has 120 seconds left.
|
|t:|1779971672
|switch|p2a: Latios|Latios, M|100/100
|turn|2
|
|t:|1779971678
|move|p2a: Latios|Draco Meteor|p1a: Indeedee
|-damage|p1a: Indeedee|0 fnt
|-unboost|p2a: Latios|spa|2
|faint|p1a: Indeedee
|
|upkeep
|
|t:|1779971681
|switch|p1a: Deoxys|Deoxys-Speed|100/100
|-ability|p1a: Deoxys|Pressure
|turn|3
|
|t:|1779971699
|-terastallize|p2a: Latios|Dragon
|move|p1a: Deoxys|Psyshock|p2a: Latios
|-damage|p2a: Latios|22/100
|-damage|p1a: Deoxys|91/100|[from] item: Life Orb
|move|p2a: Latios|Draco Meteor|p1a: Deoxys
|-damage|p1a: Deoxys|0 fnt
|-unboost|p2a: Latios|spa|2
|faint|p1a: Deoxys
|
|upkeep
|
|t:|1779971720
|switch|p1a: Kyurem|Kyurem, shiny|100/100
|-ability|p1a: Kyurem|Pressure
|turn|4
|
|t:|1779971733
|-terastallize|p1a: Kyurem|Ghost
|move|p2a: Latios|Draco Meteor|p1a: Kyurem
|-damage|p1a: Kyurem|64/100
|-unboost|p2a: Latios|spa|2
|move|p1a: Kyurem|Dragon Dance|p1a: Kyurem
|-boost|p1a: Kyurem|atk|1
|-boost|p1a: Kyurem|spe|1
|
|upkeep
|turn|5
|
|t:|1779971746
|move|p1a: Kyurem|Dragon Dance|p1a: Kyurem
|-boost|p1a: Kyurem|atk|1
|-boost|p1a: Kyurem|spe|1
|move|p2a: Latios|Draco Meteor|p1a: Kyurem
|-damage|p1a: Kyurem|33/100
|
|-fieldend|move: Psychic Terrain
|upkeep
|turn|6
|inactive|Racceth has 120 seconds left.
|
|t:|1779971777
|move|p1a: Kyurem|Scale Shot|p2a: Latios
|-supereffective|p2a: Latios
|-damage|p2a: Latios|0 fnt
|faint|p2a: Latios
|-hitcount|p2: Latios|1
|-unboost|p1a: Kyurem|def|1
|-boost|p1a: Kyurem|spe|1
|
|upkeep
|
|t:|1779971790
|switch|p2a: Haunter|Haunter, F|100/100
|turn|7
|
|t:|1779971796
|move|p1a: Kyurem|Shadow Claw|p2a: Haunter
|-supereffective|p2a: Haunter
|-crit|p2a: Haunter
|-enditem|p2a: Haunter|Focus Sash
|-damage|p2a: Haunter|1/100
|move|p2a: Haunter|Shadow Ball|p1a: Kyurem
|-supereffective|p1a: Kyurem
|-damage|p1a: Kyurem|0 fnt
|faint|p1a: Kyurem
|
|upkeep
|
|t:|1779971806
|switch|p1a: Landorus|Landorus-Therian, M|100/100
|-ability|p1a: Landorus|Intimidate|boost
|-unboost|p2a: Haunter|atk|1
|turn|8
|inactive|Racceth has 120 seconds left.
|
|t:|1779971812
|move|p1a: Landorus|Stealth Rock|p2a: Haunter
|-sidestart|p2: Racceth|move: Stealth Rock
|move|p2a: Haunter|Destiny Bond|p2a: Haunter
|-singlemove|p2a: Haunter|Destiny Bond
|
|upkeep
|turn|9
|
|t:|1779971822
|switch|p1a: Corviknight|Corviknight, F|100/100
|move|p2a: Haunter|Shadow Ball|p1a: Corviknight
|-damage|p1a: Corviknight|55/100
|-ability|p1a: Corviknight|Mirror Armor
|-unboost|p2a: Haunter|spd|1
|
|upkeep
|turn|10
|inactive|Racceth has 120 seconds left.
|
|t:|1779971837
|move|p2a: Haunter|Destiny Bond|p2a: Haunter
|-singlemove|p2a: Haunter|Destiny Bond
|move|p1a: Corviknight|Roost|p1a: Corviknight
|-heal|p1a: Corviknight|100/100
|-singleturn|p1a: Corviknight|move: Roost
|
|upkeep
|turn|11
|
|t:|1779971847
|switch|p1a: Landorus|Landorus-Therian, M|100/100
|-ability|p1a: Landorus|Intimidate|boost
|-unboost|p2a: Haunter|atk|1
|move|p2a: Haunter|Destiny Bond||[still]
|-fail|p2a: Haunter
|
|upkeep
|turn|12
|
|t:|1779971856
|move|p1a: Landorus|Earthquake|p2a: Haunter
|-immune|p2a: Haunter|[from] ability: Levitate
|move|p2a: Haunter|Destiny Bond|p2a: Haunter
|-singlemove|p2a: Haunter|Destiny Bond
|
|upkeep
|turn|13
|c|☆gooseemon3|...
|
|t:|1779971867
|switch|p1a: Corviknight|Corviknight, F|100/100
|move|p2a: Haunter|Taunt|p1a: Corviknight
|-start|p1a: Corviknight|move: Taunt
|
|upkeep
|turn|14
|
|t:|1779971873
|move|p2a: Haunter|Destiny Bond|p2a: Haunter
|-singlemove|p2a: Haunter|Destiny Bond
|move|p1a: Corviknight|Iron Head|p2a: Haunter
|-damage|p2a: Haunter|0 fnt
|faint|p2a: Haunter
|-activate|p2a: Haunter|move: Destiny Bond
|faint|p1a: Corviknight
|
|upkeep
|
|t:|1779971896
|switch|p2a: Iron Valiant|Iron Valiant|100/100
|switch|p1a: Great Tusk|Great Tusk|100/100
|-damage|p2a: Iron Valiant|94/100|[from] Stealth Rock
|-enditem|p2a: Iron Valiant|Booster Energy
|-activate|p2a: Iron Valiant|ability: Quark Drive|[fromitem]
|-start|p2a: Iron Valiant|quarkdrivespe
|-enditem|p1a: Great Tusk|Booster Energy
|-activate|p1a: Great Tusk|ability: Protosynthesis|[fromitem]
|-start|p1a: Great Tusk|protosynthesisatk
|turn|15
|
|t:|1779971908
|move|p2a: Iron Valiant|Moonblast|p1a: Great Tusk
|-supereffective|p1a: Great Tusk
|-damage|p1a: Great Tusk|0 fnt
|faint|p1a: Great Tusk
|-end|p1a: Great Tusk|Protosynthesis|[silent]
|
|upkeep
|
|t:|1779971911
|switch|p1a: Landorus|Landorus-Therian, M|100/100
|-ability|p1a: Landorus|Intimidate|boost
|-unboost|p2a: Iron Valiant|atk|1
|turn|16
|c|☆gooseemon3|ggs
|inactive|Racceth has 120 seconds left.
|
|t:|1779971935
|move|p2a: Iron Valiant|Calm Mind|p2a: Iron Valiant
|-boost|p2a: Iron Valiant|spa|1
|-boost|p2a: Iron Valiant|spd|1
|move|p1a: Landorus|Earthquake|p2a: Iron Valiant
|-damage|p2a: Iron Valiant|16/100
|
|upkeep
|turn|17
|
|t:|1779971941
|move|p2a: Iron Valiant|Moonblast|p1a: Landorus
|-damage|p1a: Landorus|5/100
|-unboost|p1a: Landorus|spa|1
|move|p1a: Landorus|Earthquake|p2a: Iron Valiant
|-damage|p2a: Iron Valiant|0 fnt
|faint|p2a: Iron Valiant
|-end|p2a: Iron Valiant|Quark Drive|[silent]
|
|-heal|p1a: Landorus|12/100|[from] item: Leftovers
|upkeep
|inactive|Racceth has 120 seconds left.
|
|t:|1779971952
|switch|p2a: Gligar|Gligar, M|100/100
|-damage|p2a: Gligar|88/100|[from] Stealth Rock
|turn|18
|c|☆gooseemon3|There's no way I live char
|
|t:|1779971958
|move|p1a: Landorus|Rock Slide|p2a: Gligar
|-damage|p2a: Gligar|74/100
|move|p2a: Gligar|Toxic|p1a: Landorus|[miss]
|-miss|p2a: Gligar|p1a: Landorus
|
|-heal|p1a: Landorus|18/100|[from] item: Leftovers
|upkeep
|turn|19
|
|t:|1779971965
|move|p1a: Landorus|Rock Slide|p2a: Gligar
|-damage|p2a: Gligar|60/100
|move|p2a: Gligar|Toxic|p1a: Landorus
|-status|p1a: Landorus|tox
|
|-heal|p1a: Landorus|24/100 tox|[from] item: Leftovers
|-damage|p1a: Landorus|18/100 tox|[from] psn
|upkeep
|turn|20
|c|☆gooseemon3|EVOLITE
|c|☆gooseemon3|OMG WAI
|
|t:|1779971976
|move|p1a: Landorus|Rock Slide|p2a: Gligar|[miss]
|-miss|p1a: Landorus|p2a: Gligar
|move|p2a: Gligar|Stealth Rock|p1a: Landorus
|-sidestart|p1: gooseemon3|move: Stealth Rock
|
|-heal|p1a: Landorus|24/100 tox|[from] item: Leftovers
|-damage|p1a: Landorus|12/100 tox|[from] psn
|upkeep
|turn|21
|
|t:|1779971984
|move|p1a: Landorus|Rock Slide|p2a: Gligar
|-damage|p2a: Gligar|46/100
|cant|p2a: Gligar|flinch
|
|-heal|p1a: Landorus|18/100 tox|[from] item: Leftovers
|-damage|p1a: Landorus|0 fnt|[from] psn
|faint|p1a: Landorus
|
|win|Racceth
|raw|gooseemon3's rating: 1167 &rarr; <strong>1143</strong><br />(-24 for losing)
|raw|Racceth's rating: 1175 &rarr; <strong>1199</strong><br />(+24 for winning)
|c|☆gooseemon3|YOUR LOWKEY SMART
|c|☆gooseemon3|GG
|c|☆Racceth|gg
|l|☆gooseemon3
|player|p1|
