|j|☆spreadcrosser
|j|‽Ponponstar5
|t:|1779895285
|gametype|singles
|player|p1|spreadcrosser|170|1392
|player|p2|Ponponstar5|harlequin|1413
|gen|9
|tier|[Gen 9] OU
|rated|
|rule|HP Percentage Mod: HP is shown in percentages
|rule|Endless Battle Clause: Forcing endless battles is banned
|rule|Species Clause: Limit one of each Pokémon
|rule|OHKO Clause: OHKO moves are banned
|rule|Evasion Items Clause: Evasion items are banned
|rule|Evasion Moves Clause: Evasion moves are banned
|rule|Evasion Abilities Clause: Evasion abilities are banned
|rule|Sleep Moves Clause: Sleep-inducing moves are banned
|clearpoke
|poke|p1|Iron Hands|
|poke|p1|Greninja-*, M|
|poke|p1|Cinderace, F|
|poke|p1|Zapdos|
|poke|p1|Iron Moth|
|poke|p1|Great Tusk|
|poke|p2|Torkoal, M|
|poke|p2|Lilligant-Hisui, F|
|poke|p2|Walking Wake|
|poke|p2|Ninetales, F|
|poke|p2|Raging Bolt|
|poke|p2|Great Tusk|
|teampreview
|inactive|Battle timer is ON: inactive players will automatically lose when time's up. (requested by Ponponstar5)
|inactive|spreadcrosser has 120 seconds left.
|
|t:|1779895344
|teamsize|p1|6
|teamsize|p2|6
|start
|switch|p1a: Iron Moth|Iron Moth|100/100
|switch|p2a: Great Tusk|Great Tusk, shiny|100/100
|-enditem|p1a: Iron Moth|Booster Energy
|-activate|p1a: Iron Moth|ability: Quark Drive|[fromitem]
|-start|p1a: Iron Moth|quarkdrivespe
|turn|1
|
|t:|1779895354
|-terastallize|p1a: Iron Moth|Grass
|move|p1a: Iron Moth|Fiery Dance|p2a: Great Tusk
|-damage|p2a: Great Tusk|54/100
|-boost|p1a: Iron Moth|spa|1
|move|p2a: Great Tusk|Headlong Rush|p1a: Iron Moth
|-resisted|p1a: Iron Moth
|-damage|p1a: Iron Moth|64/100
|-unboost|p2a: Great Tusk|def|1
|-unboost|p2a: Great Tusk|spd|1
|
|-heal|p2a: Great Tusk|60/100|[from] item: Leftovers
|upkeep
|turn|2
|
|t:|1779895367
|move|p1a: Iron Moth|Fiery Dance|p2a: Great Tusk
|-damage|p2a: Great Tusk|0 fnt
|-boost|p1a: Iron Moth|spa|1
|faint|p2a: Great Tusk
|-end|p2a: Great Tusk|Protosynthesis|[silent]
|
|upkeep
|
|t:|1779895373
|switch|p2a: Torkoal|Torkoal, M, shiny|100/100
|-weather|SunnyDay|[from] ability: Drought|[of] p2a: Torkoal
|turn|3
|
|t:|1779895388
|move|p1a: Iron Moth|Psychic|p2a: Torkoal
|-damage|p2a: Torkoal|54/100
|move|p2a: Torkoal|Sludge Bomb|p1a: Iron Moth
|-supereffective|p1a: Iron Moth
|-damage|p1a: Iron Moth|26/100
|
|-weather|SunnyDay|[upkeep]
|upkeep
|turn|4
|inactive|spreadcrosser has 120 seconds left.
|
|t:|1779895429
|move|p1a: Iron Moth|Fiery Dance|p2a: Torkoal
|-resisted|p2a: Torkoal
|-damage|p2a: Torkoal|3/100
|-boost|p1a: Iron Moth|spa|1
|move|p2a: Torkoal|Lava Plume|p1a: Iron Moth
|-supereffective|p1a: Iron Moth
|-damage|p1a: Iron Moth|0 fnt
|faint|p1a: Iron Moth
|-end|p1a: Iron Moth|Quark Drive|[silent]
|
|-weather|SunnyDay|[upkeep]
|upkeep
|
|t:|1779895434
|switch|p1a: Greninja|Greninja, M|100/100
|turn|5
|
|t:|1779895442
|move|p1a: Greninja|Dark Pulse|p2a: Torkoal
|-damage|p2a: Torkoal|0 fnt
|faint|p2a: Torkoal
|-ability|p1a: Greninja|Battle Bond|boost
|-boost|p1a: Greninja|atk|1
|-boost|p1a: Greninja|spa|1
|-boost|p1a: Greninja|spe|1
|-activate|p1a: Greninja|ability: Battle Bond
|-damage|p1a: Greninja|91/100|[from] item: Life Orb
|
|-weather|SunnyDay|[upkeep]
|upkeep
|
|t:|1779895452
|switch|p2a: Lilligant|Lilligant-Hisui, F, shiny|100/100
|turn|6
|
|t:|1779895457
|move|p2a: Lilligant|Solar Blade||[still]
|-prepare|p2a: Lilligant|Solar Blade
|-anim|p2a: Lilligant|Solar Blade|p1a: Greninja
|-supereffective|p1a: Greninja
|-damage|p1a: Greninja|0 fnt
|faint|p1a: Greninja
|-damage|p2a: Lilligant|91/100|[from] item: Life Orb
|
|-weather|SunnyDay|[upkeep]
|upkeep
|
|t:|1779895464
|switch|p1a: Zapdos|Zapdos|100/100
|turn|7
|
|t:|1779895469
|move|p2a: Lilligant|Triple Axel|p1a: Zapdos
|-supereffective|p1a: Zapdos
|-damage|p1a: Zapdos|80/100
|-supereffective|p1a: Zapdos
|-damage|p1a: Zapdos|39/100
|-status|p2a: Lilligant|par|[from] ability: Static|[of] p1a: Zapdos
|-supereffective|p1a: Zapdos
|-damage|p1a: Zapdos|0 fnt
|faint|p1a: Zapdos
|-hitcount|p1: Zapdos|3
|-damage|p2a: Lilligant|81/100 par|[from] item: Life Orb
|
|-weather|SunnyDay|[upkeep]
|upkeep
|
|t:|1779895472
|switch|p1a: Cinderace|Cinderace, F|100/100
|turn|8
|
|t:|1779895490
|switch|p2a: Walking Wake|Walking Wake|100/100
|-activate|p2a: Walking Wake|ability: Protosynthesis
|-start|p2a: Walking Wake|protosynthesisspe
|move|p1a: Cinderace|High Jump Kick|p2a: Walking Wake
|-start|p1a: Cinderace|typechange|Fighting|[from] ability: Libero
|-damage|p2a: Walking Wake|0 fnt
|faint|p2a: Walking Wake
|-end|p2a: Walking Wake|Protosynthesis|[silent]
|
|-weather|SunnyDay|[upkeep]
|upkeep
|
|t:|1779895505
|switch|p2a: Raging Bolt|Raging Bolt|100/100
|-activate|p2a: Raging Bolt|ability: Protosynthesis
|-start|p2a: Raging Bolt|protosynthesisspa
|turn|9
|
|t:|1779895518
|-terastallize|p2a: Raging Bolt|Fairy
|move|p1a: Cinderace|High Jump Kick|p2a: Raging Bolt
|-resisted|p2a: Raging Bolt
|-damage|p2a: Raging Bolt|61/100
|move|p2a: Raging Bolt|Calm Mind|p2a: Raging Bolt
|-boost|p2a: Raging Bolt|spa|1
|-boost|p2a: Raging Bolt|spd|1
|
|-weather|SunnyDay|[upkeep]
|-heal|p2a: Raging Bolt|67/100|[from] item: Leftovers
|upkeep
|turn|10
|
|t:|1779895542
|switch|p1a: Great Tusk|Great Tusk|100/100
|-activate|p1a: Great Tusk|ability: Protosynthesis
|-start|p1a: Great Tusk|protosynthesisatk
|move|p2a: Raging Bolt|Thunderclap||[still]
|-fail|p2a: Raging Bolt
|
|-weather|none
|-end|p1a: Great Tusk|Protosynthesis
|-end|p2a: Raging Bolt|Protosynthesis
|-heal|p2a: Raging Bolt|73/100|[from] item: Leftovers
|upkeep
|turn|11
|
|t:|1779895552
|move|p1a: Great Tusk|Earthquake|p2a: Raging Bolt
|-damage|p2a: Raging Bolt|34/100
|move|p2a: Raging Bolt|Dragon Pulse|p1a: Great Tusk
|-damage|p1a: Great Tusk|31/100
|
|-heal|p2a: Raging Bolt|40/100|[from] item: Leftovers
|upkeep
|turn|12
|inactive|Ponponstar5 has 120 seconds left.
|
|t:|1779895574
|-end|p2a: Raging Bolt|Protosynthesis|[silent]
|switch|p2a: Ninetales|Ninetales, F|100/100
|-weather|SunnyDay|[from] ability: Drought|[of] p2a: Ninetales
|-activate|p1a: Great Tusk|ability: Protosynthesis
|-start|p1a: Great Tusk|protosynthesisatk
|move|p1a: Great Tusk|Earthquake|p2a: Ninetales
|-supereffective|p2a: Ninetales
|-damage|p2a: Ninetales|0 fnt
|faint|p2a: Ninetales
|
|-weather|SunnyDay|[upkeep]
|upkeep
|inactive|Ponponstar5 has 120 seconds left.
|
|t:|1779895586
|switch|p2a: Lilligant|Lilligant-Hisui, F, shiny|81/100 par
|turn|13
|
|t:|1779895614
|cant|p2a: Lilligant|par
|move|p1a: Great Tusk|Close Combat|p2a: Lilligant
|-crit|p2a: Lilligant
|-damage|p2a: Lilligant|0 fnt
|-unboost|p1a: Great Tusk|def|1
|-unboost|p1a: Great Tusk|spd|1
|faint|p2a: Lilligant
|
|-weather|SunnyDay|[upkeep]
|upkeep
|-message|Ponponstar5 forfeited.
|
|win|spreadcrosser
|raw|spreadcrosser's rating: 1392 &rarr; <strong>1413</strong><br />(+21 for winning)
|raw|Ponponstar5's rating: 1413 &rarr; <strong>1392</strong><br />(-21 for losing)
|l|‽Ponponstar5
|player|p2|
