|j|☆Davy12345
|j|☆Mky27
|t:|1779950998
|gametype|singles
|player|p1|Davy12345|drayden|1536
|player|p2|Mky27|ltsurge|1545
|gen|9
|tier|[Gen 9] OU
|rated|
|rule|HP Percentage Mod: HP is shown in percentages
|rule|Endless Battle Clause: Forcing endless battles is banned
|rule|Species Clause: Limit one of each Pokémon
|rule|OHKO Clause: OHKO moves are banned
|rule|Evasion Items Clause: Evasion items are banned
|rule|Evasion Moves Clause: Evasion moves are banned
|rule|Evasion Abilities Clause: Evasion abilities are banned
|rule|Sleep Moves Clause: Sleep-inducing moves are banned
|clearpoke
|poke|p1|Great Tusk|
|poke|p1|Raging Bolt|
|poke|p1|Walking Wake|
|poke|p1|Kingambit, F|
|poke|p1|Ninetales, M|
|poke|p1|Venusaur, F|
|poke|p2|Walking Wake|
|poke|p2|Great Tusk|
|poke|p2|Torkoal, F|
|poke|p2|Indeedee, M|
|poke|p2|Iron Valiant|
|poke|p2|Exeggutor-Alola, M|
|teampreview
|inactive|Battle timer is ON: inactive players will automatically lose when time's up. (requested by Mky27)
|inactive|Davy12345 also wants the timer to be on.
|
|t:|1779951013
|teamsize|p1|6
|teamsize|p2|6
|start
|switch|p1a: Walking Wake|Walking Wake|100/100
|switch|p2a: Indimale-te|Indeedee, M|100/100
|-fieldstart|move: Psychic Terrain|[from] ability: Psychic Surge|[of] p2a: Indimale-te
|turn|1
|
|t:|1779951021
|move|p2a: Indimale-te|Expanding Force|p1a: Walking Wake
|-damage|p1a: Walking Wake|6/100
|move|p1a: Walking Wake|Flip Turn|p2a: Indimale-te
|-damage|p2a: Indimale-te|66/100
|
|t:|1779951025
|-end|p1a: Walking Wake|Protosynthesis|[silent]
|switch|p1a: Kingambit|Kingambit, F|100/100|[from] Flip Turn
|-item|p1a: Kingambit|Air Balloon
|
|upkeep
|turn|2
|
|t:|1779951032
|switch|p2a: Paleomut|Great Tusk, shiny|100/100
|move|p1a: Kingambit|Iron Head|p2a: Paleomut
|-damage|p2a: Paleomut|73/100
|
|-heal|p2a: Paleomut|79/100|[from] item: Leftovers
|upkeep
|turn|3
|
|t:|1779951042
|-end|p1a: Kingambit|fallenundefined|[silent]
|switch|p1a: Great Tusk|Great Tusk|100/100
|move|p2a: Paleomut|Bulk Up|p2a: Paleomut
|-boost|p2a: Paleomut|atk|1
|-boost|p2a: Paleomut|def|1
|
|-heal|p2a: Paleomut|86/100|[from] item: Leftovers
|upkeep
|turn|4
|
|t:|1779951053
|-end|p1a: Great Tusk|Protosynthesis|[silent]
|switch|p1a: Ninetales|Ninetales, M|100/100
|-weather|SunnyDay|[from] ability: Drought|[of] p1a: Ninetales
|-activate|p2a: Paleomut|ability: Protosynthesis
|-start|p2a: Paleomut|protosynthesisdef
|move|p2a: Paleomut|Bulk Up|p2a: Paleomut
|-boost|p2a: Paleomut|atk|1
|-boost|p2a: Paleomut|def|1
|
|-weather|SunnyDay|[upkeep]
|-heal|p2a: Paleomut|92/100|[from] item: Leftovers
|upkeep
|turn|5
|
|t:|1779951072
|-end|p2a: Paleomut|Protosynthesis|[silent]
|switch|p2a: PaleoRaptor|Walking Wake|100/100
|-activate|p2a: PaleoRaptor|ability: Protosynthesis
|-start|p2a: PaleoRaptor|protosynthesisspe
|move|p1a: Ninetales|Encore||[still]
|-fail|p1a: Ninetales
|
|-weather|SunnyDay|[upkeep]
|-fieldend|move: Psychic Terrain
|upkeep
|turn|6
|
|t:|1779951081
|move|p2a: PaleoRaptor|Hydro Steam|p1a: Ninetales
|-supereffective|p1a: Ninetales
|-damage|p1a: Ninetales|0 fnt
|faint|p1a: Ninetales
|
|-weather|SunnyDay|[upkeep]
|upkeep
|
|t:|1779951090
|switch|p1a: Raging Bolt|Raging Bolt|100/100
|-item|p1a: Raging Bolt|Air Balloon
|-activate|p1a: Raging Bolt|ability: Protosynthesis
|-start|p1a: Raging Bolt|protosynthesisspa
|turn|7
|
|t:|1779951097
|-terastallize|p1a: Raging Bolt|Fairy
|move|p2a: PaleoRaptor|Draco Meteor|p1a: Raging Bolt
|-immune|p1a: Raging Bolt
|move|p1a: Raging Bolt|Dragon Pulse|p2a: PaleoRaptor
|-supereffective|p2a: PaleoRaptor
|-damage|p2a: PaleoRaptor|0 fnt
|faint|p2a: PaleoRaptor
|-end|p2a: PaleoRaptor|Protosynthesis|[silent]
|
|-weather|SunnyDay|[upkeep]
|upkeep
|inactive|Mky27 has 120 seconds left.
|
|t:|1779951141
|switch|p2a: Indimale-te|Indeedee, M|66/100
|-fieldstart|move: Psychic Terrain|[from] ability: Psychic Surge|[of] p2a: Indimale-te
|turn|8
|
|t:|1779951150
|move|p2a: Indimale-te|Expanding Force|p1a: Raging Bolt
|-damage|p1a: Raging Bolt|31/100
|-enditem|p1a: Raging Bolt|Air Balloon
|move|p1a: Raging Bolt|Thunderbolt|p2a: Indimale-te
|-damage|p2a: Indimale-te|0 fnt
|faint|p2a: Indimale-te
|
|-weather|SunnyDay|[upkeep]
|upkeep
|inactive|Mky27 has 120 seconds left.
|
|t:|1779951170
|switch|p2a: Iron Valiant|Iron Valiant|100/100
|-enditem|p2a: Iron Valiant|Booster Energy
|-activate|p2a: Iron Valiant|ability: Quark Drive|[fromitem]
|-start|p2a: Iron Valiant|quarkdrivespe
|turn|9
|
|t:|1779951181
|move|p2a: Iron Valiant|Expanding Force|p1a: Raging Bolt
|-damage|p1a: Raging Bolt|0 fnt
|faint|p1a: Raging Bolt
|-end|p1a: Raging Bolt|Protosynthesis|[silent]
|
|-weather|SunnyDay|[upkeep]
|upkeep
|
|t:|1779951189
|switch|p1a: Venusaur|Venusaur, F|100/100
|turn|10
|
|t:|1779951194
|-terastallize|p2a: Iron Valiant|Steel
|move|p1a: Venusaur|Sludge Bomb|p2a: Iron Valiant
|-immune|p2a: Iron Valiant
|move|p2a: Iron Valiant|Expanding Force|p1a: Venusaur
|-supereffective|p1a: Venusaur
|-damage|p1a: Venusaur|0 fnt
|faint|p1a: Venusaur
|
|-weather|SunnyDay|[upkeep]
|upkeep
|
|t:|1779951200
|switch|p1a: Great Tusk|Great Tusk|100/100
|-activate|p1a: Great Tusk|ability: Protosynthesis
|-start|p1a: Great Tusk|protosynthesisatk
|turn|11
|
|t:|1779951209
|move|p2a: Iron Valiant|Expanding Force|p1a: Great Tusk
|-supereffective|p1a: Great Tusk
|-damage|p1a: Great Tusk|13/100
|move|p1a: Great Tusk|Headlong Rush|p2a: Iron Valiant
|-supereffective|p2a: Iron Valiant
|-damage|p2a: Iron Valiant|0 fnt
|-unboost|p1a: Great Tusk|def|1
|-unboost|p1a: Great Tusk|spd|1
|faint|p2a: Iron Valiant
|-end|p2a: Iron Valiant|Quark Drive|[silent]
|
|-weather|none
|-end|p1a: Great Tusk|Protosynthesis
|upkeep
|inactive|Mky27 has 120 seconds left.
|
|t:|1779951234
|switch|p2a: Exeggutor|Exeggutor-Alola, M|100/100
|turn|12
|
|t:|1779951247
|move|p2a: Exeggutor|Endure|p2a: Exeggutor
|-singleturn|p2a: Exeggutor|move: Endure
|move|p1a: Great Tusk|Ice Spinner|p2a: Exeggutor
|-supereffective|p2a: Exeggutor
|-activate|p2a: Exeggutor|move: Endure
|-damage|p2a: Exeggutor|1/100
|-fieldend|move: Psychic Terrain
|
|upkeep
|turn|13
|-enditem|p2a: Exeggutor|Custap Berry|[eat]
|-activate|p2a: Exeggutor|item: Custap Berry|[consumed]
|
|t:|1779951255
|move|p2a: Exeggutor|Energy Ball|p1a: Great Tusk
|-supereffective|p1a: Great Tusk
|-damage|p1a: Great Tusk|0 fnt
|faint|p1a: Great Tusk
|-end|p1a: Great Tusk|Protosynthesis|[silent]
|
|upkeep
|
|t:|1779951262
|switch|p1a: Walking Wake|Walking Wake|6/100
|turn|14
|
|t:|1779951267
|move|p2a: Exeggutor|Endure|p2a: Exeggutor
|-singleturn|p2a: Exeggutor|move: Endure
|move|p1a: Walking Wake|Hydro Steam|p2a: Exeggutor
|-resisted|p2a: Exeggutor
|-activate|p2a: Exeggutor|move: Endure
|-damage|p2a: Exeggutor|1/100
|
|-item|p2a: Exeggutor|Custap Berry|[from] ability: Harvest
|upkeep
|turn|15
|-enditem|p2a: Exeggutor|Custap Berry|[eat]
|-activate|p2a: Exeggutor|item: Custap Berry|[consumed]
|
|t:|1779951277
|-end|p1a: Walking Wake|Protosynthesis|[silent]
|switch|p1a: Kingambit|Kingambit, F|100/100
|-activate|p1a: Kingambit|ability: Supreme Overlord
|-start|p1a: Kingambit|fallen4|[silent]
|-item|p1a: Kingambit|Air Balloon
|move|p2a: Exeggutor|Energy Ball|p1a: Kingambit
|-resisted|p1a: Kingambit
|-damage|p1a: Kingambit|73/100
|-unboost|p1a: Kingambit|spd|1
|-enditem|p1a: Kingambit|Air Balloon
|
|upkeep
|turn|16
|
|t:|1779951294
|switch|p2a: Paleomut|Great Tusk, shiny|92/100
|move|p1a: Kingambit|Iron Head|p2a: Paleomut
|-crit|p2a: Paleomut
|-damage|p2a: Paleomut|33/100
|
|-heal|p2a: Paleomut|39/100|[from] item: Leftovers
|upkeep
|turn|17
|
|t:|1779951304
|move|p2a: Paleomut|Headlong Rush|p1a: Kingambit
|-supereffective|p1a: Kingambit
|-crit|p1a: Kingambit
|-damage|p1a: Kingambit|0 fnt
|-unboost|p2a: Paleomut|def|1
|-unboost|p2a: Paleomut|spd|1
|faint|p1a: Kingambit
|-end|p1a: Kingambit|fallen4|[silent]
|
|-heal|p2a: Paleomut|45/100|[from] item: Leftovers
|upkeep
|
|t:|1779951308
|switch|p1a: Walking Wake|Walking Wake|6/100
|turn|18
|
|t:|1779951318
|-end|p2a: Paleomut|Protosynthesis|[silent]
|switch|p2a: Trollkoal|Torkoal, F, shiny|100/100
|-weather|SunnyDay|[from] ability: Drought|[of] p2a: Trollkoal
|-activate|p1a: Walking Wake|ability: Protosynthesis
|-start|p1a: Walking Wake|protosynthesisspe
|move|p1a: Walking Wake|Hydro Steam|p2a: Trollkoal
|-supereffective|p2a: Trollkoal
|-damage|p2a: Trollkoal|0 fnt
|faint|p2a: Trollkoal
|
|-weather|SunnyDay|[upkeep]
|upkeep
|
|t:|1779951330
|switch|p2a: Exeggutor|Exeggutor-Alola, M|1/100
|turn|19
|
|t:|1779951335
|move|p2a: Exeggutor|Endure|p2a: Exeggutor
|-singleturn|p2a: Exeggutor|move: Endure
|move|p1a: Walking Wake|Flamethrower|p2a: Exeggutor
|-crit|p2a: Exeggutor
|-activate|p2a: Exeggutor|move: Endure
|-damage|p2a: Exeggutor|1/100
|
|-weather|SunnyDay|[upkeep]
|-item|p2a: Exeggutor|Custap Berry|[from] ability: Harvest
|upkeep
|turn|20
|-enditem|p2a: Exeggutor|Custap Berry|[eat]
|-activate|p2a: Exeggutor|item: Custap Berry|[consumed]
|
|t:|1779951346
|move|p2a: Exeggutor|Energy Ball|p1a: Walking Wake
|-damage|p1a: Walking Wake|0 fnt
|faint|p1a: Walking Wake
|-end|p1a: Walking Wake|Protosynthesis|[silent]
|
|win|Mky27
|raw|Davy12345's rating: 1536 &rarr; <strong>1517</strong><br />(-19 for losing)
|raw|Mky27's rating: 1545 &rarr; <strong>1564</strong><br />(+19 for winning)
|l|☆Davy12345
|player|p1|
