|j|☆Moddleman
|j|☆herring surprise
|t:|1779816271
|gametype|singles
|player|p1|Moddleman|ghetsis-gen5bw|1119
|player|p2|herring surprise|n|1085
|gen|9
|tier|[Gen 9] OU
|rated|
|rule|HP Percentage Mod: HP is shown in percentages
|rule|Endless Battle Clause: Forcing endless battles is banned
|rule|Species Clause: Limit one of each Pokémon
|rule|OHKO Clause: OHKO moves are banned
|rule|Evasion Items Clause: Evasion items are banned
|rule|Evasion Moves Clause: Evasion moves are banned
|rule|Evasion Abilities Clause: Evasion abilities are banned
|rule|Sleep Moves Clause: Sleep-inducing moves are banned
|clearpoke
|poke|p1|Gliscor, M|
|poke|p1|Gallade, M|
|poke|p1|Maushold-Four|
|poke|p1|Dragonite, F|
|poke|p1|Rotom-Wash|
|poke|p1|Serperior, F|
|poke|p2|Serperior, M|
|poke|p2|Rotom-Heat|
|poke|p2|Pecharunt|
|poke|p2|Noivern, M|
|poke|p2|Kingambit, M|
|poke|p2|Primarina, F|
|teampreview
|inactive|Battle timer is ON: inactive players will automatically lose when time's up. (requested by herring surprise)
|
|t:|1779816283
|teamsize|p1|6
|teamsize|p2|6
|start
|switch|p1a: Rotom|Rotom-Wash, shiny|100/100
|switch|p2a: Pecharunt|Pecharunt|100/100
|turn|1
|
|t:|1779816290
|move|p1a: Rotom|Nasty Plot|p1a: Rotom
|-boost|p1a: Rotom|spa|2
|move|p2a: Pecharunt|Malignant Chain|p1a: Rotom
|-damage|p1a: Rotom|52/100
|
|-heal|p1a: Rotom|58/100|[from] item: Leftovers
|upkeep
|turn|2
|
|t:|1779816297
|move|p1a: Rotom|Pain Split|p2a: Pecharunt
|-sethp|p2a: Pecharunt|69/100|[from] move: Pain Split|[silent]
|-sethp|p1a: Rotom|100/100|[from] move: Pain Split
|move|p2a: Pecharunt|Malignant Chain|p1a: Rotom
|-damage|p1a: Rotom|44/100
|
|-heal|p1a: Rotom|51/100|[from] item: Leftovers
|-heal|p2a: Pecharunt|75/100|[from] item: Leftovers
|upkeep
|turn|3
|
|t:|1779816307
|move|p1a: Rotom|Hydro Pump|p2a: Pecharunt|[miss]
|-miss|p1a: Rotom|p2a: Pecharunt
|move|p2a: Pecharunt|Malignant Chain|p1a: Rotom
|-damage|p1a: Rotom|0 fnt
|faint|p1a: Rotom
|
|-heal|p2a: Pecharunt|81/100|[from] item: Leftovers
|upkeep
|
|t:|1779816310
|switch|p1a: Gallade|Gallade, M, shiny|100/100
|turn|4
|
|t:|1779816317
|move|p1a: Gallade|Psycho Cut|p2a: Pecharunt
|-supereffective|p2a: Pecharunt
|-damage|p2a: Pecharunt|25/100
|move|p2a: Pecharunt|Poltergeist|p1a: Gallade|[miss]
|-miss|p2a: Pecharunt|p1a: Gallade
|
|-heal|p2a: Pecharunt|32/100|[from] item: Leftovers
|upkeep
|turn|5
|
|t:|1779816334
|switch|p2a: transition goals|Primarina, F|100/100
|move|p1a: Gallade|Psycho Cut|p2a: transition goals
|-damage|p2a: transition goals|38/100
|
|upkeep
|turn|6
|
|t:|1779816343
|move|p2a: transition goals|Aqua Jet|p1a: Gallade
|-damage|p1a: Gallade|85/100
|move|p1a: Gallade|Psycho Cut|p2a: transition goals
|-damage|p2a: transition goals|0 fnt
|faint|p2a: transition goals
|
|-heal|p1a: Gallade|91/100|[from] item: Leftovers
|upkeep
|
|t:|1779816354
|switch|p2a: Rotom|Rotom-Heat|100/100
|turn|7
|
|t:|1779816382
|move|p2a: Rotom|Discharge|p1a: Gallade
|-damage|p1a: Gallade|52/100
|move|p1a: Gallade|Drain Punch|p2a: Rotom
|-damage|p2a: Rotom|56/100
|-heal|p1a: Gallade|70/100|[from] drain|[of] p2a: Rotom
|
|-heal|p1a: Gallade|76/100|[from] item: Leftovers
|upkeep
|turn|8
|
|t:|1779816393
|move|p2a: Rotom|Overheat|p1a: Gallade
|-damage|p1a: Gallade|20/100
|-unboost|p2a: Rotom|spa|2
|-enditem|p2a: Rotom|White Herb
|-clearnegativeboost|p2a: Rotom|[silent]
|move|p1a: Gallade|Swords Dance|p1a: Gallade
|-boost|p1a: Gallade|atk|2
|
|-heal|p1a: Gallade|26/100|[from] item: Leftovers
|upkeep
|turn|9
|
|t:|1779816408
|switch|p1a: Dragonite|Dragonite, F|100/100
|move|p2a: Rotom|Discharge|p1a: Dragonite
|-damage|p1a: Dragonite|81/100
|
|-heal|p1a: Dragonite|87/100|[from] item: Leftovers
|upkeep
|turn|10
|
|t:|1779816416
|move|p2a: Rotom|Light Screen|p2a: Rotom
|-sidestart|p2: herring surprise|move: Light Screen
|move|p1a: Dragonite|Dragon Dance|p1a: Dragonite
|-boost|p1a: Dragonite|atk|1
|-boost|p1a: Dragonite|spe|1
|
|-heal|p1a: Dragonite|93/100|[from] item: Leftovers
|upkeep
|turn|11
|
|t:|1779816424
|-terastallize|p2a: Rotom|Electric
|move|p1a: Dragonite|Extreme Speed|p2a: Rotom
|-damage|p2a: Rotom|4/100
|move|p2a: Rotom|Thunderbolt|p1a: Dragonite
|-damage|p1a: Dragonite|33/100
|-status|p1a: Dragonite|par
|
|-heal|p1a: Dragonite|39/100 par|[from] item: Leftovers
|upkeep
|turn|12
|
|t:|1779816434
|move|p1a: Dragonite|Extreme Speed|p2a: Rotom
|-damage|p2a: Rotom|0 fnt
|faint|p2a: Rotom
|
|-heal|p1a: Dragonite|45/100 par|[from] item: Leftovers
|upkeep
|
|t:|1779816445
|switch|p2a: Noivern|Noivern, M|100/100
|turn|13
|
|t:|1779816451
|move|p1a: Dragonite|Extreme Speed|p2a: Noivern
|-damage|p2a: Noivern|38/100
|move|p2a: Noivern|Dragon Claw|p1a: Dragonite
|-supereffective|p1a: Dragonite
|-damage|p1a: Dragonite|1/100 par
|
|-heal|p1a: Dragonite|7/100 par|[from] item: Leftovers
|upkeep
|turn|14
|
|t:|1779816460
|move|p1a: Dragonite|Extreme Speed|p2a: Noivern
|-damage|p2a: Noivern|0 fnt
|faint|p2a: Noivern
|
|-heal|p1a: Dragonite|13/100 par|[from] item: Leftovers
|-sideend|p2: herring surprise|move: Light Screen
|upkeep
|c|☆herring surprise|i have the worst luck in history
|
|t:|1779816469
|switch|p2a: Serperior|Serperior, M|100/100
|turn|15
|
|t:|1779816475
|move|p2a: Serperior|Breaking Swipe|p1a: Dragonite
|-supereffective|p1a: Dragonite
|-crit|p1a: Dragonite
|-damage|p1a: Dragonite|0 fnt
|faint|p1a: Dragonite
|
|upkeep
|
|t:|1779816485
|switch|p1a: Maushold|Maushold-Four, shiny|100/100
|turn|16
|
|t:|1779816489
|move|p2a: Serperior|Taunt|p1a: Maushold
|-start|p1a: Maushold|move: Taunt
|move|p1a: Maushold|Population Bomb|p2a: Serperior
|-damage|p2a: Serperior|87/100
|-damage|p2a: Serperior|72/100
|-damage|p2a: Serperior|57/100
|-damage|p2a: Serperior|42/100
|-crit|p2a: Serperior
|-damage|p2a: Serperior|19/100
|-hitcount|p2a: Serperior|5
|
|upkeep
|turn|17
|
|t:|1779816504
|move|p2a: Serperior|Leaf Storm|p1a: Maushold
|-damage|p1a: Maushold|38/100
|-boost|p2a: Serperior|spa|2
|move|p1a: Maushold|Crunch|p2a: Serperior
|-damage|p2a: Serperior|0 fnt
|faint|p2a: Serperior
|
|upkeep
|
|t:|1779816511
|switch|p2a: Kingambit|Kingambit, M|100/100
|-activate|p2a: Kingambit|ability: Supreme Overlord
|-start|p2a: Kingambit|fallen4|[silent]
|turn|18
|
|t:|1779816519
|switch|p1a: Gliscor|Gliscor, M, shiny|100/100
|move|p2a: Kingambit|Stone Edge|p1a: Gliscor
|-damage|p1a: Gliscor|48/100
|
|-status|p1a: Gliscor|tox|[from] item: Toxic Orb
|upkeep
|turn|19
|
|t:|1779816530
|move|p1a: Gliscor|High Horsepower|p2a: Kingambit
|-supereffective|p2a: Kingambit
|-damage|p2a: Kingambit|39/100
|move|p2a: Kingambit|Stone Edge|p1a: Gliscor|[miss]
|-miss|p2a: Kingambit|p1a: Gliscor
|
|-heal|p1a: Gliscor|60/100 tox|[from] ability: Poison Heal
|upkeep
|turn|20
|c|☆herring surprise|oh my fucking godf
|-message|herring surprise forfeited.
|
|win|Moddleman
|raw|Moddleman's rating: 1119 &rarr; <strong>1142</strong><br />(+23 for winning)
|raw|herring surprise's rating: 1085 &rarr; <strong>1064</strong><br />(-21 for losing)
|l|☆herring surprise
|player|p2|
