|j|☆somsleep
|j|☆VraiKhey
|t:|1779820074
|gametype|singles
|player|p1|somsleep|102|1514
|player|p2|VraiKhey|red|1528
|gen|9
|tier|[Gen 9] OU
|rated|
|rule|HP Percentage Mod: HP is shown in percentages
|rule|Endless Battle Clause: Forcing endless battles is banned
|rule|Species Clause: Limit one of each Pokémon
|rule|OHKO Clause: OHKO moves are banned
|rule|Evasion Items Clause: Evasion items are banned
|rule|Evasion Moves Clause: Evasion moves are banned
|rule|Evasion Abilities Clause: Evasion abilities are banned
|rule|Sleep Moves Clause: Sleep-inducing moves are banned
|clearpoke
|poke|p1|Abomasnow, M|
|poke|p1|Cetitan, F|
|poke|p1|Rotom|
|poke|p1|Illumise, F|
|poke|p1|Keldeo-Resolute|
|poke|p1|Iron Treads|
|poke|p2|Glimmora, M|
|poke|p2|Great Tusk|
|poke|p2|Scizor, M|
|poke|p2|Raging Bolt|
|poke|p2|Corviknight, M|
|poke|p2|Primarina, M|
|teampreview
|inactive|Battle timer is ON: inactive players will automatically lose when time's up. (requested by VraiKhey)
|
|t:|1779820079
|teamsize|p1|6
|teamsize|p2|6
|start
|switch|p1a: Rotom|Rotom|100/100
|switch|p2a: Glimmora|Glimmora, M|100/100
|turn|1
|
|t:|1779820082
|move|p1a: Rotom|Trick|p2a: Glimmora
|-activate|p1a: Rotom|move: Trick|[of] p2a: Glimmora
|-item|p2a: Glimmora|Choice Scarf|[from] move: Trick
|-item|p1a: Rotom|Focus Sash|[from] move: Trick
|move|p2a: Glimmora|Stealth Rock|p1a: Rotom
|-sidestart|p1: somsleep|move: Stealth Rock
|
|upkeep
|turn|2
|inactive|VraiKhey has 120 seconds left.
|
|t:|1779820114
|switch|p2a: Raging Bolt|Raging Bolt|100/100
|-enditem|p2a: Raging Bolt|Booster Energy
|-activate|p2a: Raging Bolt|ability: Protosynthesis|[fromitem]
|-start|p2a: Raging Bolt|protosynthesisspa
|move|p1a: Rotom|Thunder Wave|p2a: Raging Bolt
|-immune|p2a: Raging Bolt
|
|upkeep
|turn|3
|
|t:|1779820122
|switch|p1a: Iron Treads|Iron Treads|100/100
|-damage|p1a: Iron Treads|97/100|[from] Stealth Rock
|-enditem|p1a: Iron Treads|Booster Energy
|-activate|p1a: Iron Treads|ability: Quark Drive|[fromitem]
|-start|p1a: Iron Treads|quarkdrivespe
|move|p2a: Raging Bolt|Draco Meteor|p1a: Iron Treads
|-resisted|p1a: Iron Treads
|-damage|p1a: Iron Treads|30/100
|-unboost|p2a: Raging Bolt|spa|2
|
|upkeep
|turn|4
|
|t:|1779820131
|-end|p2a: Raging Bolt|Protosynthesis|[silent]
|switch|p2a: Corviknight|Corviknight, M|100/100
|move|p1a: Iron Treads|Stealth Rock|p2a: Corviknight
|-sidestart|p2: VraiKhey|move: Stealth Rock
|
|upkeep
|turn|5
|
|t:|1779820137
|-end|p1a: Iron Treads|Quark Drive|[silent]
|switch|p1a: Rotom|Rotom|100/100
|-damage|p1a: Rotom|88/100|[from] Stealth Rock
|move|p2a: Corviknight|Body Press|p1a: Rotom
|-immune|p1a: Rotom
|
|upkeep
|turn|6
|
|t:|1779820140
|switch|p2a: Glimmora|Glimmora, M|100/100
|-damage|p2a: Glimmora|88/100|[from] Stealth Rock
|move|p1a: Rotom|Will-O-Wisp|p2a: Glimmora
|-status|p2a: Glimmora|brn
|
|-damage|p2a: Glimmora|82/100 brn|[from] brn
|upkeep
|turn|7
|
|t:|1779820146
|switch|p1a: Iron Treads|Iron Treads|30/100
|-damage|p1a: Iron Treads|27/100|[from] Stealth Rock
|move|p2a: Glimmora|Power Gem|p1a: Iron Treads
|-resisted|p1a: Iron Treads
|-damage|p1a: Iron Treads|13/100
|
|-damage|p2a: Glimmora|76/100 brn|[from] brn
|upkeep
|turn|8
|
|t:|1779820154
|move|p2a: Glimmora|Power Gem|p1a: Iron Treads
|-resisted|p1a: Iron Treads
|-damage|p1a: Iron Treads|0 fnt
|faint|p1a: Iron Treads
|-end|p1a: Iron Treads|Quark Drive|[silent]
|
|-damage|p2a: Glimmora|70/100 brn|[from] brn
|upkeep
|
|t:|1779820159
|switch|p1a: Keldeo|Keldeo-Resolute|100/100
|-damage|p1a: Keldeo|94/100|[from] Stealth Rock
|turn|9
|
|t:|1779820181
|switch|p2a: Primarina|Primarina, M|100/100
|-damage|p2a: Primarina|88/100|[from] Stealth Rock
|move|p1a: Keldeo|Calm Mind|p1a: Keldeo
|-boost|p1a: Keldeo|spa|1
|-boost|p1a: Keldeo|spd|1
|
|-heal|p1a: Keldeo|100/100|[from] item: Leftovers
|upkeep
|turn|10
|
|t:|1779820185
|-terastallize|p1a: Keldeo|Steel
|move|p1a: Keldeo|Calm Mind|p1a: Keldeo
|-boost|p1a: Keldeo|spa|1
|-boost|p1a: Keldeo|spd|1
|move|p2a: Primarina|Moonblast|p1a: Keldeo
|-resisted|p1a: Keldeo
|-damage|p1a: Keldeo|86/100
|-unboost|p1a: Keldeo|spa|1
|
|-heal|p1a: Keldeo|92/100|[from] item: Leftovers
|upkeep
|turn|11
|
|t:|1779820188
|move|p1a: Keldeo|Calm Mind|p1a: Keldeo
|-boost|p1a: Keldeo|spa|1
|-boost|p1a: Keldeo|spd|1
|move|p2a: Primarina|Flip Turn|p1a: Keldeo
|-damage|p1a: Keldeo|76/100
|
|t:|1779820195
|switch|p2a: Raging Bolt|Raging Bolt|100/100|[from] Flip Turn
|-damage|p2a: Raging Bolt|88/100|[from] Stealth Rock
|
|-heal|p1a: Keldeo|82/100|[from] item: Leftovers
|upkeep
|turn|12
|
|t:|1779820199
|move|p1a: Keldeo|Calm Mind|p1a: Keldeo
|-boost|p1a: Keldeo|spa|1
|-boost|p1a: Keldeo|spd|1
|move|p2a: Raging Bolt|Volt Switch|p1a: Keldeo
|-damage|p1a: Keldeo|65/100
|
|t:|1779820201
|-end|p2a: Raging Bolt|Protosynthesis|[silent]
|switch|p2a: Great Tusk|Great Tusk|100/100|[from] Volt Switch
|
|-heal|p1a: Keldeo|71/100|[from] item: Leftovers
|upkeep
|turn|13
|
|t:|1779820208
|-terastallize|p2a: Great Tusk|Dark
|move|p1a: Keldeo|Secret Sword|p2a: Great Tusk
|-supereffective|p2a: Great Tusk
|-damage|p2a: Great Tusk|0 fnt
|faint|p2a: Great Tusk
|-end|p2a: Great Tusk|Protosynthesis|[silent]
|
|-heal|p1a: Keldeo|78/100|[from] item: Leftovers
|upkeep
|
|t:|1779820219
|switch|p2a: Glimmora|Glimmora, M|70/100 brn
|-damage|p2a: Glimmora|57/100 brn|[from] Stealth Rock
|turn|14
|
|t:|1779820222
|move|p2a: Glimmora|Earth Power|p1a: Keldeo
|-supereffective|p1a: Keldeo
|-damage|p1a: Keldeo|55/100
|move|p1a: Keldeo|Surf|p2a: Glimmora
|-supereffective|p2a: Glimmora
|-damage|p2a: Glimmora|0 fnt
|faint|p2a: Glimmora
|
|-heal|p1a: Keldeo|61/100|[from] item: Leftovers
|upkeep
|
|t:|1779820235
|switch|p2a: Scizor|Scizor, M|100/100
|-damage|p2a: Scizor|88/100|[from] Stealth Rock
|turn|15
|
|t:|1779820238
|move|p2a: Scizor|Bullet Punch|p1a: Keldeo
|-resisted|p1a: Keldeo
|-damage|p1a: Keldeo|37/100
|-damage|p2a: Scizor|78/100|[from] item: Life Orb
|move|p1a: Keldeo|Surf|p2a: Scizor
|-damage|p2a: Scizor|0 fnt
|faint|p2a: Scizor
|
|-heal|p1a: Keldeo|43/100|[from] item: Leftovers
|upkeep
|
|t:|1779820240
|switch|p2a: Primarina|Primarina, M|88/100
|-damage|p2a: Primarina|76/100|[from] Stealth Rock
|turn|16
|
|t:|1779820247
|move|p1a: Keldeo|Calm Mind|p1a: Keldeo
|-boost|p1a: Keldeo|spa|1
|-boost|p1a: Keldeo|spd|1
|move|p2a: Primarina|Psychic Noise|p1a: Keldeo
|-damage|p1a: Keldeo|30/100
|-start|p1a: Keldeo|move: Heal Block
|
|upkeep
|turn|17
|
|t:|1779820254
|move|p1a: Keldeo|Secret Sword|p2a: Primarina
|-resisted|p2a: Primarina
|-damage|p2a: Primarina|0 fnt
|faint|p2a: Primarina
|
|-end|p1a: Keldeo|move: Heal Block
|upkeep
|
|t:|1779820258
|switch|p2a: Raging Bolt|Raging Bolt|88/100
|-damage|p2a: Raging Bolt|76/100|[from] Stealth Rock
|turn|18
|
|t:|1779820269
|move|p2a: Raging Bolt|Thunderclap||[still]
|-fail|p2a: Raging Bolt
|move|p1a: Keldeo|Calm Mind|p1a: Keldeo
|-boost|p1a: Keldeo|spa|1
|-boost|p1a: Keldeo|spd|1
|
|-heal|p1a: Keldeo|36/100|[from] item: Leftovers
|upkeep
|turn|19
|
|t:|1779820272
|move|p1a: Keldeo|Substitute|p1a: Keldeo
|-start|p1a: Keldeo|Substitute
|-damage|p1a: Keldeo|11/100
|move|p2a: Raging Bolt|Thunderbolt|p1a: Keldeo
|-activate|p1a: Keldeo|move: Substitute|[damage]
|
|-heal|p1a: Keldeo|18/100|[from] item: Leftovers
|upkeep
|turn|20
|
|t:|1779820276
|move|p2a: Raging Bolt|Thunderclap|p1a: Keldeo
|-end|p1a: Keldeo|Substitute
|move|p1a: Keldeo|Secret Sword|p2a: Raging Bolt
|-damage|p2a: Raging Bolt|0 fnt
|faint|p2a: Raging Bolt
|-end|p2a: Raging Bolt|Protosynthesis|[silent]
|
|-heal|p1a: Keldeo|24/100|[from] item: Leftovers
|upkeep
|-message|VraiKhey forfeited.
|
|win|somsleep
|raw|somsleep's rating: 1514 &rarr; <strong>1535</strong><br />(+21 for winning)
|raw|VraiKhey's rating: 1528 &rarr; <strong>1507</strong><br />(-21 for losing)
|l|☆VraiKhey
|player|p2|
|l|☆somsleep
|player|p1|
