|j|☆erjtsers
|j|☆tb poke
|t:|1779886195
|gametype|singles
|player|p1|erjtsers|pokemonbreeder|1638
|player|p2|tb poke|101|1547
|gen|9
|tier|[Gen 9] OU
|rated|
|rule|HP Percentage Mod: HP is shown in percentages
|rule|Endless Battle Clause: Forcing endless battles is banned
|rule|Species Clause: Limit one of each Pokémon
|rule|OHKO Clause: OHKO moves are banned
|rule|Evasion Items Clause: Evasion items are banned
|rule|Evasion Moves Clause: Evasion moves are banned
|rule|Evasion Abilities Clause: Evasion abilities are banned
|rule|Sleep Moves Clause: Sleep-inducing moves are banned
|clearpoke
|poke|p1|Cinderace, F|
|poke|p1|Alomomola, M|
|poke|p1|Great Tusk|
|poke|p1|Iron Valiant|
|poke|p1|Pecharunt|
|poke|p1|Ogerpon-Cornerstone, F|
|poke|p2|Dragonite, F|
|poke|p2|Hatterene, F|
|poke|p2|Samurott-Hisui, F|
|poke|p2|Great Tusk|
|poke|p2|Gholdengo|
|poke|p2|Iron Moth|
|teampreview
|inactive|Battle timer is ON: inactive players will automatically lose when time's up. (requested by tb poke)
|
|t:|1779886203
|teamsize|p1|6
|teamsize|p2|6
|start
|switch|p1a: Cinderace|Cinderace, F|100/100
|switch|p2a: Gholdengo|Gholdengo|100/100
|turn|1
|
|t:|1779886211
|switch|p1a: Alomomola|Alomomola, M, shiny|100/100
|move|p2a: Gholdengo|Shadow Ball|p1a: Alomomola
|-damage|p1a: Alomomola|78/100
|
|upkeep
|turn|2
|
|t:|1779886215
|move|p2a: Gholdengo|Shadow Ball|p1a: Alomomola
|-damage|p1a: Alomomola|56/100
|-unboost|p1a: Alomomola|spd|1
|move|p1a: Alomomola|Flip Turn|p2a: Gholdengo
|-damage|p2a: Gholdengo|83/100
|
|t:|1779886219
|switch|p1a: Cinderace|Cinderace, F|100/100|[from] Flip Turn
|
|upkeep
|turn|3
|
|t:|1779886222
|move|p1a: Cinderace|Sucker Punch|p2a: Gholdengo
|-start|p1a: Cinderace|typechange|Dark|[from] ability: Libero
|-supereffective|p2a: Gholdengo
|-damage|p2a: Gholdengo|0 fnt
|faint|p2a: Gholdengo
|
|upkeep
|
|t:|1779886229
|switch|p2a: Hatterene|Hatterene, F|100/100
|turn|4
|
|t:|1779886233
|switch|p1a: Alomomola|Alomomola, M, shiny|90/100
|move|p2a: Hatterene|Calm Mind|p2a: Hatterene
|-boost|p2a: Hatterene|spa|1
|-boost|p2a: Hatterene|spd|1
|
|upkeep
|turn|5
|
|t:|1779886235
|move|p1a: Alomomola|Flip Turn|p2a: Hatterene
|-damage|p2a: Hatterene|86/100
|
|t:|1779886247
|switch|p1a: Cinderace|Cinderace, F|100/100|[from] Flip Turn
|move|p2a: Hatterene|Calm Mind|p2a: Hatterene
|-boost|p2a: Hatterene|spa|1
|-boost|p2a: Hatterene|spd|1
|
|-heal|p2a: Hatterene|92/100|[from] item: Leftovers
|upkeep
|turn|6
|
|t:|1779886251
|move|p1a: Cinderace|Gunk Shot|p2a: Hatterene
|-start|p1a: Cinderace|typechange|Poison|[from] ability: Libero
|-supereffective|p2a: Hatterene
|-damage|p2a: Hatterene|0 fnt
|faint|p2a: Hatterene
|
|upkeep
|inactive|tb poke has 120 seconds left.
|l|☆tb poke
|inactive|tb poke disconnected and has a minute to reconnect!
|player|p2|
|j|☆tb poke
|inactive|tb poke reconnected and has 95 seconds left.
|player|p2|tb poke|101|
|inactive|tb poke has 90 seconds left.
|
|t:|1779886319
|switch|p2a: Iron Moth|Iron Moth|100/100
|-enditem|p2a: Iron Moth|Booster Energy
|-activate|p2a: Iron Moth|ability: Quark Drive|[fromitem]
|-start|p2a: Iron Moth|quarkdrivespe
|turn|7
|
|t:|1779886336
|switch|p1a: Alomomola|Alomomola, M, shiny|100/100
|move|p2a: Iron Moth|Fiery Dance|p1a: Alomomola
|-resisted|p1a: Alomomola
|-damage|p1a: Alomomola|91/100
|
|upkeep
|turn|8
|
|t:|1779886340
|move|p2a: Iron Moth|Fiery Dance|p1a: Alomomola
|-resisted|p1a: Alomomola
|-damage|p1a: Alomomola|81/100
|move|p1a: Alomomola|Flip Turn|p2a: Iron Moth
|-supereffective|p2a: Iron Moth
|-damage|p2a: Iron Moth|53/100
|
|t:|1779886346
|switch|p1a: Cinderace|Cinderace, F|100/100|[from] Flip Turn
|
|upkeep
|turn|9
|
|t:|1779886349
|switch|p1a: Alomomola|Alomomola, M, shiny|100/100
|move|p2a: Iron Moth|Dazzling Gleam|p1a: Alomomola
|-damage|p1a: Alomomola|86/100
|
|upkeep
|turn|10
|
|t:|1779886361
|move|p1a: Alomomola|Aqua Jet|p2a: Iron Moth
|-supereffective|p2a: Iron Moth
|-damage|p2a: Iron Moth|24/100
|move|p2a: Iron Moth|Sludge Wave|p1a: Alomomola
|-damage|p1a: Alomomola|62/100
|-status|p1a: Alomomola|psn
|
|-damage|p1a: Alomomola|50/100 psn|[from] psn
|upkeep
|turn|11
|
|t:|1779886375
|move|p2a: Iron Moth|Sludge Wave|p1a: Alomomola
|-damage|p1a: Alomomola|27/100 psn
|move|p1a: Alomomola|Flip Turn|p2a: Iron Moth
|-supereffective|p2a: Iron Moth
|-damage|p2a: Iron Moth|0 fnt
|faint|p2a: Iron Moth
|-end|p2a: Iron Moth|Quark Drive|[silent]
|
|t:|1779886381
|switch|p1a: Iron Valiant|Iron Valiant|100/100|[from] Flip Turn
|
|upkeep
|
|t:|1779886387
|switch|p2a: Dragonite|Dragonite, F|100/100
|turn|12
|
|t:|1779886407
|-terastallize|p2a: Dragonite|Fire
|move|p1a: Iron Valiant|Moonblast|p2a: Dragonite
|-resisted|p2a: Dragonite
|-damage|p2a: Dragonite|82/100
|move|p2a: Dragonite|Dragon Dance|p2a: Dragonite
|-boost|p2a: Dragonite|atk|1
|-boost|p2a: Dragonite|spe|1
|
|upkeep
|turn|13
|
|t:|1779886414
|-end|p1a: Iron Valiant|Quark Drive|[silent]
|switch|p1a: Pecharunt|Pecharunt|100/100
|move|p2a: Dragonite|Dragon Dance|p2a: Dragonite
|-boost|p2a: Dragonite|atk|1
|-boost|p2a: Dragonite|spe|1
|
|upkeep
|turn|14
|
|t:|1779886420
|move|p2a: Dragonite|Dragon Dance|p2a: Dragonite
|-boost|p2a: Dragonite|atk|1
|-boost|p2a: Dragonite|spe|1
|move|p1a: Pecharunt|Foul Play|p2a: Dragonite
|-crit|p2a: Dragonite
|-damage|p2a: Dragonite|0 fnt
|faint|p2a: Dragonite
|
|upkeep
|-message|tb poke forfeited.
|
|win|erjtsers
|raw|erjtsers's rating: 1638 &rarr; <strong>1653</strong><br />(+15 for winning)
|raw|tb poke's rating: 1547 &rarr; <strong>1532</strong><br />(-15 for losing)
|l|☆tb poke
|player|p2|
|l|☆erjtsers
|player|p1|
