|j|☆theimmortalflower
|j|‽doc1203
|t:|1779922158
|gametype|singles
|player|p1|theimmortalflower|caitlin|1428
|player|p2|doc1203|morty|1500
|gen|9
|tier|[Gen 9] OU
|rated|
|rule|HP Percentage Mod: HP is shown in percentages
|rule|Endless Battle Clause: Forcing endless battles is banned
|rule|Species Clause: Limit one of each Pokémon
|rule|OHKO Clause: OHKO moves are banned
|rule|Evasion Items Clause: Evasion items are banned
|rule|Evasion Moves Clause: Evasion moves are banned
|rule|Evasion Abilities Clause: Evasion abilities are banned
|rule|Sleep Moves Clause: Sleep-inducing moves are banned
|clearpoke
|poke|p1|Gliscor, M|
|poke|p1|Gholdengo|
|poke|p1|Dragonite, F|
|poke|p1|Ting-Lu|
|poke|p1|Darkrai|
|poke|p1|Zamazenta-*|
|poke|p2|Oricorio-Pom-Pom, M|
|poke|p2|Ninetales-Alola, M|
|poke|p2|Kyurem|
|poke|p2|Iron Moth|
|poke|p2|Great Tusk|
|poke|p2|Dragonite, M|
|teampreview
|c|☆theimmortalflower|pom pom is crazy
|inactive|Battle timer is ON: inactive players will automatically lose when time's up. (requested by theimmortalflower)
|
|t:|1779922196
|teamsize|p1|6
|teamsize|p2|6
|start
|switch|p1a: haha|Gholdengo|100/100
|switch|p2a: Great Tusk|Great Tusk|100/100
|-enditem|p2a: Great Tusk|Booster Energy
|-activate|p2a: Great Tusk|ability: Protosynthesis|[fromitem]
|-start|p2a: Great Tusk|protosynthesisspe
|turn|1
|inactive|doc1203 has 120 seconds left.
|
|t:|1779922226
|switch|p1a: wooo|Ting-Lu|100/100
|-ability|p1a: wooo|Vessel of Ruin
|move|p2a: Great Tusk|Ice Spinner|p1a: wooo
|-supereffective|p1a: wooo
|-crit|p1a: wooo
|-damage|p1a: wooo|61/100
|
|-heal|p1a: wooo|67/100|[from] item: Leftovers
|upkeep
|turn|2
|
|t:|1779922239
|move|p2a: Great Tusk|Ice Spinner|p1a: wooo
|-supereffective|p1a: wooo
|-damage|p1a: wooo|39/100
|move|p1a: wooo|Stealth Rock|p2a: Great Tusk
|-sidestart|p2: doc1203|move: Stealth Rock
|
|-heal|p1a: wooo|45/100|[from] item: Leftovers
|upkeep
|turn|3
|
|t:|1779922247
|move|p2a: Great Tusk|Headlong Rush|p1a: wooo
|-damage|p1a: wooo|18/100
|-unboost|p2a: Great Tusk|def|1
|-unboost|p2a: Great Tusk|spd|1
|move|p1a: wooo|Whirlwind|p2a: Great Tusk
|-end|p2a: Great Tusk|Protosynthesis|[silent]
|drag|p2a: Iron Moth|Iron Moth|100/100
|-damage|p2a: Iron Moth|76/100|[from] Stealth Rock
|-enditem|p2a: Iron Moth|Booster Energy
|-activate|p2a: Iron Moth|ability: Quark Drive|[fromitem]
|-start|p2a: Iron Moth|quarkdrivespe
|
|-heal|p1a: wooo|24/100|[from] item: Leftovers
|upkeep
|turn|4
|
|t:|1779922253
|move|p2a: Iron Moth|Energy Ball|p1a: wooo
|-supereffective|p1a: wooo
|-damage|p1a: wooo|0 fnt
|faint|p1a: wooo
|
|upkeep
|
|t:|1779922260
|switch|p1a: kek|Dragonite, F|100/100
|turn|5
|
|t:|1779922266
|move|p2a: Iron Moth|Sludge Wave|p1a: kek
|-damage|p1a: kek|77/100
|move|p1a: kek|Earthquake|p2a: Iron Moth
|-supereffective|p2a: Iron Moth
|-damage|p2a: Iron Moth|0 fnt
|faint|p2a: Iron Moth
|-end|p2a: Iron Moth|Quark Drive|[silent]
|
|upkeep
|
|t:|1779922274
|switch|p2a: Kyurem|Kyurem|100/100
|-damage|p2a: Kyurem|76/100|[from] Stealth Rock
|-ability|p2a: Kyurem|Pressure
|turn|6
|
|t:|1779922293
|move|p1a: kek|Extreme Speed|p2a: Kyurem
|-damage|p2a: Kyurem|48/100
|move|p2a: Kyurem|Draco Meteor|p1a: kek
|-supereffective|p1a: kek
|-damage|p1a: kek|0 fnt
|-unboost|p2a: Kyurem|spa|2
|faint|p1a: kek
|
|upkeep
|
|t:|1779922302
|switch|p1a: unspikeable|Gliscor, M|100/100
|turn|7
|inactive|doc1203 has 120 seconds left.
|
|t:|1779922348
|switch|p2a: Great Tusk|Great Tusk|100/100
|-damage|p2a: Great Tusk|98/100|[from] Stealth Rock
|move|p1a: unspikeable|Toxic|p2a: Great Tusk
|-status|p2a: Great Tusk|tox
|
|-damage|p2a: Great Tusk|91/100 tox|[from] psn
|-status|p1a: unspikeable|tox|[from] item: Toxic Orb
|upkeep
|turn|8
|
|t:|1779922365
|-end|p2a: Great Tusk|Protosynthesis|[silent]
|switch|p2a: Ninetales|Ninetales-Alola, M|100/100
|-damage|p2a: Ninetales|76/100|[from] Stealth Rock
|-weather|Snowscape|[from] ability: Snow Warning|[of] p2a: Ninetales
|move|p1a: unspikeable|Protect||[still]
|-fail|p1a: unspikeable
|
|-weather|Snowscape|[upkeep]
|upkeep
|turn|9
|
|t:|1779922373
|switch|p1a: rairai|Darkrai|100/100
|move|p2a: Ninetales|Aurora Veil|p2a: Ninetales
|-sidestart|p2: doc1203|move: Aurora Veil
|
|-weather|Snowscape|[upkeep]
|upkeep
|turn|10
|
|t:|1779922381
|switch|p2a: Kyurem|Kyurem|48/100
|-damage|p2a: Kyurem|23/100|[from] Stealth Rock
|-ability|p2a: Kyurem|Pressure
|move|p1a: rairai|Ice Beam|p2a: Kyurem
|-damage|p2a: Kyurem|8/100
|
|-weather|Snowscape|[upkeep]
|upkeep
|turn|11
|inactive|doc1203 has 120 seconds left.
|
|t:|1779922388
|move|p1a: rairai|Knock Off|p2a: Kyurem
|-damage|p2a: Kyurem|0 fnt
|-enditem|p2a: Kyurem|Choice Specs|[from] move: Knock Off|[of] p1a: rairai
|faint|p2a: Kyurem
|
|-weather|Snowscape|[upkeep]
|upkeep
|
|t:|1779922390
|switch|p2a: Oricorio|Oricorio-Pom-Pom, M, shiny|100/100
|-damage|p2a: Oricorio|75/100|[from] Stealth Rock
|turn|12
|
|t:|1779922398
|move|p1a: rairai|Ice Beam|p2a: Oricorio
|-supereffective|p2a: Oricorio
|-damage|p2a: Oricorio|32/100
|move|p2a: Oricorio|Quiver Dance|p2a: Oricorio
|-boost|p2a: Oricorio|spa|1
|-boost|p2a: Oricorio|spd|1
|-boost|p2a: Oricorio|spe|1
|
|-weather|none
|upkeep
|turn|13
|
|t:|1779922405
|move|p2a: Oricorio|Roost|p2a: Oricorio
|-heal|p2a: Oricorio|82/100
|-singleturn|p2a: Oricorio|move: Roost
|move|p1a: rairai|Ice Beam|p2a: Oricorio
|-crit|p2a: Oricorio
|-damage|p2a: Oricorio|20/100
|
|upkeep
|turn|14
|
|t:|1779922417
|move|p2a: Oricorio|Roost|p2a: Oricorio
|-heal|p2a: Oricorio|70/100
|-singleturn|p2a: Oricorio|move: Roost
|move|p1a: rairai|Ice Beam|p2a: Oricorio
|-damage|p2a: Oricorio|57/100
|
|upkeep
|turn|15
|
|t:|1779922429
|move|p2a: Oricorio|Hurricane|p1a: rairai
|-damage|p1a: rairai|22/100
|move|p1a: rairai|Ice Beam|p2a: Oricorio
|-supereffective|p2a: Oricorio
|-damage|p2a: Oricorio|24/100
|
|upkeep
|turn|16
|
|t:|1779922432
|move|p2a: Oricorio|Roost|p2a: Oricorio
|-heal|p2a: Oricorio|74/100
|-singleturn|p2a: Oricorio|move: Roost
|move|p1a: rairai|Ice Beam|p2a: Oricorio
|-damage|p2a: Oricorio|60/100
|
|-sideend|p2: doc1203|move: Aurora Veil
|upkeep
|turn|17
|
|t:|1779922435
|move|p2a: Oricorio|Revelation Dance|p1a: rairai
|-damage|p1a: rairai|0 fnt
|faint|p1a: rairai
|
|upkeep
|
|t:|1779922447
|switch|p1a: haha|Gholdengo|100/100
|turn|18
|
|t:|1779922451
|move|p2a: Oricorio|Quiver Dance|p2a: Oricorio
|-boost|p2a: Oricorio|spa|1
|-boost|p2a: Oricorio|spd|1
|-boost|p2a: Oricorio|spe|1
|move|p1a: haha|Shadow Ball|p2a: Oricorio
|-damage|p2a: Oricorio|33/100
|
|upkeep
|turn|19
|
|t:|1779922462
|move|p2a: Oricorio|Roost|p2a: Oricorio
|-heal|p2a: Oricorio|83/100
|-singleturn|p2a: Oricorio|move: Roost
|move|p1a: haha|Shadow Ball|p2a: Oricorio
|-damage|p2a: Oricorio|53/100
|
|upkeep
|turn|20
|
|t:|1779922465
|switch|p1a: zammy|Zamazenta|100/100
|-ability|p1a: zammy|Dauntless Shield|boost
|-boost|p1a: zammy|def|1
|move|p2a: Oricorio|Revelation Dance|p1a: zammy
|-damage|p1a: zammy|48/100
|
|upkeep
|turn|21
|
|t:|1779922477
|move|p2a: Oricorio|Hurricane|p1a: zammy
|-supereffective|p1a: zammy
|-damage|p1a: zammy|0 fnt
|faint|p1a: zammy
|
|upkeep
|
|t:|1779922480
|switch|p1a: unspikeable|Gliscor, M|100/100 tox
|turn|22
|
|t:|1779922486
|move|p2a: Oricorio|Hurricane|p1a: unspikeable
|-damage|p1a: unspikeable|12/100 tox
|move|p1a: unspikeable|Toxic|p2a: Oricorio
|-status|p2a: Oricorio|tox
|
|-damage|p2a: Oricorio|47/100 tox|[from] psn
|-heal|p1a: unspikeable|24/100 tox|[from] ability: Poison Heal
|upkeep
|turn|23
|
|t:|1779922491
|move|p1a: unspikeable|Protect|p1a: unspikeable
|-singleturn|p1a: unspikeable|Protect
|move|p2a: Oricorio|Roost|p2a: Oricorio
|-heal|p2a: Oricorio|97/100 tox
|-singleturn|p2a: Oricorio|move: Roost
|
|-damage|p2a: Oricorio|85/100 tox|[from] psn
|-heal|p1a: unspikeable|37/100 tox|[from] ability: Poison Heal
|upkeep
|turn|24
|
|t:|1779922497
|move|p2a: Oricorio|Hurricane|p1a: unspikeable
|-damage|p1a: unspikeable|0 fnt
|faint|p1a: unspikeable
|
|-damage|p2a: Oricorio|67/100 tox|[from] psn
|upkeep
|
|t:|1779922499
|switch|p1a: haha|Gholdengo|100/100
|turn|25
|
|t:|1779922502
|move|p2a: Oricorio|Revelation Dance|p1a: haha
|-damage|p1a: haha|34/100
|move|p1a: haha|Trick|p2a: Oricorio
|-activate|p1a: haha|move: Trick|[of] p2a: Oricorio
|-item|p2a: Oricorio|Choice Scarf|[from] move: Trick
|-item|p1a: haha|Covert Cloak|[from] move: Trick
|
|-damage|p2a: Oricorio|43/100 tox|[from] psn
|upkeep
|turn|26
|
|t:|1779922505
|-terastallize|p1a: haha|Steel
|move|p2a: Oricorio|Revelation Dance|p1a: haha
|-damage|p1a: haha|0 fnt
|faint|p1a: haha
|
|win|doc1203
|raw|theimmortalflower's rating: 1428 &rarr; <strong>1412</strong><br />(-16 for losing)
|raw|doc1203's rating: 1500 &rarr; <strong>1516</strong><br />(+16 for winning)
|l|☆theimmortalflower
|player|p1|
