|j|☆SwordIsBored
|j|☆tauros3
|t:|1779919623
|gametype|singles
|player|p1|SwordIsBored|#1v1plixheatrans|1424
|player|p2|tauros3|swimmer-gen4dp|1433
|gen|9
|tier|[Gen 9] OU
|rated|
|rule|HP Percentage Mod: HP is shown in percentages
|rule|Endless Battle Clause: Forcing endless battles is banned
|rule|Species Clause: Limit one of each Pokémon
|rule|OHKO Clause: OHKO moves are banned
|rule|Evasion Items Clause: Evasion items are banned
|rule|Evasion Moves Clause: Evasion moves are banned
|rule|Evasion Abilities Clause: Evasion abilities are banned
|rule|Sleep Moves Clause: Sleep-inducing moves are banned
|clearpoke
|poke|p1|Sableye, M|
|poke|p1|Heatran, M|
|poke|p1|Chesnaught, M|
|poke|p1|Dragonite, M|
|poke|p1|Slowking-Galar, F|
|poke|p1|Gliscor, F|
|poke|p2|Rillaboom, F|
|poke|p2|Ogerpon-Wellspring, F|
|poke|p2|Tauros-Paldea-Blaze, M|
|poke|p2|Muk-Alola, F|
|poke|p2|Raging Bolt|
|poke|p2|Iron Treads|
|teampreview
|inactive|Battle timer is ON: inactive players will automatically lose when time's up. (requested by tauros3)
|inactive|SwordIsBored has 120 seconds left.
|
|t:|1779919655
|teamsize|p1|6
|teamsize|p2|6
|start
|switch|p1a: Sableye|Sableye, M|100/100
|switch|p2a: Summer Shandy|Rillaboom, F|100/100
|-fieldstart|move: Grassy Terrain|[from] ability: Grassy Surge|[of] p2a: Summer Shandy
|turn|1
|
|t:|1779919673
|switch|p2a: Plastic Flowers|Iron Treads|100/100
|-enditem|p2a: Plastic Flowers|Booster Energy
|-activate|p2a: Plastic Flowers|ability: Quark Drive|[fromitem]
|-start|p2a: Plastic Flowers|quarkdrivespe
|move|p1a: Sableye|Will-O-Wisp|p2a: Plastic Flowers
|-status|p2a: Plastic Flowers|brn
|
|-damage|p2a: Plastic Flowers|94/100 brn|[from] brn
|upkeep
|turn|2
|
|t:|1779919683
|switch|p1a: Gliscor|Gliscor, F|100/100
|move|p2a: Plastic Flowers|Stealth Rock|p1a: Gliscor
|-sidestart|p1: SwordIsBored|move: Stealth Rock
|
|-heal|p2a: Plastic Flowers|100/100 brn|[from] Grassy Terrain
|-damage|p2a: Plastic Flowers|94/100 brn|[from] brn
|-status|p1a: Gliscor|tox|[from] item: Toxic Orb
|upkeep
|turn|3
|
|t:|1779919688
|-end|p2a: Plastic Flowers|Quark Drive|[silent]
|switch|p2a: HELP|Ogerpon-Wellspring, F|100/100
|move|p1a: Gliscor|Swords Dance|p1a: Gliscor
|-boost|p1a: Gliscor|atk|2
|
|upkeep
|turn|4
|
|t:|1779919701
|switch|p2a: The Plan|Tauros-Paldea-Blaze, M|100/100
|-ability|p2a: The Plan|Intimidate|boost
|-unboost|p1a: Gliscor|atk|1
|switch|p1a: Chesnaught|Chesnaught, M|100/100
|-damage|p1a: Chesnaught|94/100|[from] Stealth Rock
|
|-heal|p1a: Chesnaught|100/100|[from] Grassy Terrain
|upkeep
|turn|5
|
|t:|1779919707
|switch|p1a: Dragonite|Dragonite, M|100/100
|move|p2a: The Plan|Will-O-Wisp|p1a: Dragonite
|-status|p1a: Dragonite|brn
|
|-damage|p1a: Dragonite|94/100 brn|[from] brn
|upkeep
|turn|6
|
|t:|1779919722
|switch|p2a: HELP|Ogerpon-Wellspring, F|100/100
|move|p1a: Dragonite|Dragon Dance|p1a: Dragonite
|-boost|p1a: Dragonite|atk|1
|-boost|p1a: Dragonite|spe|1
|
|-damage|p1a: Dragonite|88/100 brn|[from] brn
|upkeep
|turn|7
|
|t:|1779919727
|move|p1a: Dragonite|Extreme Speed|p2a: HELP
|-damage|p2a: HELP|71/100
|move|p2a: HELP|Swords Dance|p2a: HELP
|-boost|p2a: HELP|atk|2
|
|-heal|p2a: HELP|77/100|[from] Grassy Terrain
|-damage|p1a: Dragonite|82/100 brn|[from] brn
|upkeep
|turn|8
|
|t:|1779919731
|move|p1a: Dragonite|Dragon Dance|p1a: Dragonite
|-boost|p1a: Dragonite|atk|1
|-boost|p1a: Dragonite|spe|1
|move|p2a: HELP|Play Rough|p1a: Dragonite
|-supereffective|p1a: Dragonite
|-damage|p1a: Dragonite|0 fnt
|faint|p1a: Dragonite
|
|-heal|p2a: HELP|83/100|[from] Grassy Terrain
|-fieldend|move: Grassy Terrain
|upkeep
|
|t:|1779919740
|switch|p1a: Chesnaught|Chesnaught, M|100/100
|-damage|p1a: Chesnaught|94/100|[from] Stealth Rock
|turn|9
|
|t:|1779919744
|move|p2a: HELP|Swords Dance|p2a: HELP
|-boost|p2a: HELP|atk|2
|move|p1a: Chesnaught|Body Press|p2a: HELP
|-damage|p2a: HELP|25/100
|
|upkeep
|turn|10
|
|t:|1779919746
|move|p2a: HELP|Play Rough|p1a: Chesnaught
|-supereffective|p1a: Chesnaught
|-damage|p1a: Chesnaught|0 fnt
|-damage|p2a: HELP|8/100|[from] item: Rocky Helmet|[of] p1a: Chesnaught
|faint|p1a: Chesnaught
|
|upkeep
|
|t:|1779919755
|switch|p1a: Sableye|Sableye, M|100/100
|turn|11
|
|t:|1779919759
|switch|p2a: Plastic Flowers|Iron Treads|94/100 brn
|move|p1a: Sableye|Will-O-Wisp|p2a: Plastic Flowers
|-fail|p2a: Plastic Flowers|brn
|
|-damage|p2a: Plastic Flowers|88/100 brn|[from] brn
|upkeep
|turn|12
|
|t:|1779919764
|switch|p1a: Gliscor|Gliscor, F|100/100 tox
|-damage|p1a: Gliscor|88/100 tox|[from] Stealth Rock
|move|p2a: Plastic Flowers|Earth Power|p1a: Gliscor
|-immune|p1a: Gliscor
|
|-heal|p1a: Gliscor|100/100 tox|[from] ability: Poison Heal
|-damage|p2a: Plastic Flowers|82/100 brn|[from] brn
|upkeep
|turn|13
|
|t:|1779919769
|-end|p2a: Plastic Flowers|Quark Drive|[silent]
|switch|p2a: HELP|Ogerpon-Wellspring, F|8/100
|move|p1a: Gliscor|Earthquake|p2a: HELP
|-resisted|p2a: HELP
|-damage|p2a: HELP|0 fnt
|faint|p2a: HELP
|
|upkeep
|
|t:|1779919776
|switch|p2a: Summer Shandy|Rillaboom, F|100/100
|-fieldstart|move: Grassy Terrain|[from] ability: Grassy Surge|[of] p2a: Summer Shandy
|turn|14
|
|t:|1779919797
|move|p1a: Gliscor|Swords Dance|p1a: Gliscor
|-boost|p1a: Gliscor|atk|2
|move|p2a: Summer Shandy|U-turn|p1a: Gliscor
|-resisted|p1a: Gliscor
|-damage|p1a: Gliscor|91/100 tox
|
|t:|1779919801
|switch|p2a: West Virginia|Raging Bolt|100/100|[from] U-turn
|-enditem|p2a: West Virginia|Booster Energy
|-activate|p2a: West Virginia|ability: Protosynthesis|[fromitem]
|-start|p2a: West Virginia|protosynthesisspa
|
|-heal|p1a: Gliscor|100/100 tox|[from] ability: Poison Heal
|upkeep
|turn|15
|inactive|SwordIsBored has 120 seconds left.
|
|t:|1779919830
|-terastallize|p1a: Gliscor|Fairy
|-terastallize|p2a: West Virginia|Ghost
|move|p1a: Gliscor|Earthquake|p2a: West Virginia
|-damage|p2a: West Virginia|69/100
|move|p2a: West Virginia|Calm Mind|p2a: West Virginia
|-boost|p2a: West Virginia|spa|1
|-boost|p2a: West Virginia|spd|1
|
|-heal|p2a: West Virginia|75/100|[from] Grassy Terrain
|upkeep
|turn|16
|inactive|SwordIsBored has 120 seconds left.
|
|t:|1779919845
|move|p1a: Gliscor|Swords Dance|p1a: Gliscor
|-boost|p1a: Gliscor|atk|2
|move|p2a: West Virginia|Thunderbolt|p1a: Gliscor
|-damage|p1a: Gliscor|8/100 tox
|
|-heal|p1a: Gliscor|14/100 tox|[from] Grassy Terrain
|-heal|p2a: West Virginia|82/100|[from] Grassy Terrain
|-heal|p1a: Gliscor|26/100 tox|[from] ability: Poison Heal
|upkeep
|turn|17
|
|t:|1779919852
|move|p1a: Gliscor|Protect|p1a: Gliscor
|-singleturn|p1a: Gliscor|Protect
|move|p2a: West Virginia|Thunderbolt|p1a: Gliscor
|-activate|p1a: Gliscor|move: Protect
|
|-heal|p1a: Gliscor|33/100 tox|[from] Grassy Terrain
|-heal|p2a: West Virginia|88/100|[from] Grassy Terrain
|-heal|p1a: Gliscor|45/100 tox|[from] ability: Poison Heal
|upkeep
|turn|18
|
|t:|1779919856
|move|p1a: Gliscor|Knock Off|p2a: West Virginia
|-supereffective|p2a: West Virginia
|-damage|p2a: West Virginia|8/100
|move|p2a: West Virginia|Thunderbolt|p1a: Gliscor
|-damage|p1a: Gliscor|0 fnt
|faint|p1a: Gliscor
|
|-heal|p2a: West Virginia|14/100|[from] Grassy Terrain
|upkeep
|
|t:|1779919863
|switch|p1a: Slowking|Slowking-Galar, F|100/100
|turn|19
|
|t:|1779919865
|move|p2a: West Virginia|Thunderbolt|p1a: Slowking
|-damage|p1a: Slowking|43/100
|move|p1a: Slowking|Ice Beam|p2a: West Virginia
|-damage|p2a: West Virginia|1/100
|-status|p2a: West Virginia|frz
|
|-heal|p2a: West Virginia|7/100 frz|[from] Grassy Terrain
|-heal|p1a: Slowking|49/100|[from] Grassy Terrain
|upkeep
|turn|20
|
|t:|1779919868
|-curestatus|p2a: West Virginia|frz|[msg]
|move|p2a: West Virginia|Thunderbolt|p1a: Slowking
|-damage|p1a: Slowking|0 fnt
|faint|p1a: Slowking
|
|-heal|p2a: West Virginia|13/100|[from] Grassy Terrain
|upkeep
|-message|SwordIsBored forfeited.
|
|win|tauros3
|raw|SwordIsBored's rating: 1424 &rarr; <strong>1405</strong><br />(-19 for losing)
|raw|tauros3's rating: 1433 &rarr; <strong>1452</strong><br />(+19 for winning)
|l|☆SwordIsBored
|player|p1|
|l|☆tauros3
|player|p2|
