|j|☆roninXronin
|j|☆Burritobrown99
|t:|1779971155
|gametype|singles
|player|p1|roninXronin|koga|1504
|player|p2|Burritobrown99|169|1528
|gen|9
|tier|[Gen 9] OU
|rated|
|rule|HP Percentage Mod: HP is shown in percentages
|rule|Endless Battle Clause: Forcing endless battles is banned
|rule|Species Clause: Limit one of each Pokémon
|rule|OHKO Clause: OHKO moves are banned
|rule|Evasion Items Clause: Evasion items are banned
|rule|Evasion Moves Clause: Evasion moves are banned
|rule|Evasion Abilities Clause: Evasion abilities are banned
|rule|Sleep Moves Clause: Sleep-inducing moves are banned
|clearpoke
|poke|p1|Greninja-*, M|
|poke|p1|Kingambit, M|
|poke|p1|Dragapult, M|
|poke|p1|Iron Valiant|
|poke|p1|Rillaboom, M|
|poke|p1|Glimmora, F|
|poke|p2|Keldeo|
|poke|p2|Gliscor, F|
|poke|p2|Ting-Lu|
|poke|p2|Tinkaton, F|
|poke|p2|Dragonite, F|
|poke|p2|Sinistcha|
|teampreview
|inactive|Battle timer is ON: inactive players will automatically lose when time's up. (requested by Burritobrown99)
|inactive|roninXronin also wants the timer to be on.
|c|☆roninXronin|glhf
|
|t:|1779971163
|teamsize|p1|6
|teamsize|p2|6
|start
|switch|p1a: ICBM|Glimmora, F, shiny|100/100
|switch|p2a: Gliscor|Gliscor, F|100/100
|turn|1
|
|t:|1779971167
|move|p2a: Gliscor|Swords Dance|p2a: Gliscor
|-boost|p2a: Gliscor|atk|2
|move|p1a: ICBM|Stealth Rock|p2a: Gliscor
|-sidestart|p2: Burritobrown99|move: Stealth Rock
|
|-status|p2a: Gliscor|tox|[from] item: Toxic Orb
|upkeep
|turn|2
|
|t:|1779971172
|move|p2a: Gliscor|Knock Off|p1a: ICBM
|-damage|p1a: ICBM|29/100
|-activate|p1a: ICBM|ability: Toxic Debris
|-sidestart|p2: Burritobrown99|move: Toxic Spikes
|-enditem|p1a: ICBM|Focus Sash|[from] move: Knock Off|[of] p2a: Gliscor
|move|p1a: ICBM|Power Gem|p2a: Gliscor
|-damage|p2a: Gliscor|42/100 tox
|
|-heal|p2a: Gliscor|55/100 tox|[from] ability: Poison Heal
|upkeep
|turn|3
|
|t:|1779971177
|move|p2a: Gliscor|Protect|p2a: Gliscor
|-singleturn|p2a: Gliscor|Protect
|move|p1a: ICBM|Power Gem|p2a: Gliscor
|-activate|p2a: Gliscor|move: Protect
|
|-heal|p2a: Gliscor|67/100 tox|[from] ability: Poison Heal
|upkeep
|turn|4
|
|t:|1779971182
|move|p2a: Gliscor|Knock Off|p1a: ICBM
|-damage|p1a: ICBM|0 fnt
|-activate|p1a: ICBM|ability: Toxic Debris
|-sidestart|p2: Burritobrown99|move: Toxic Spikes
|faint|p1a: ICBM
|
|-heal|p2a: Gliscor|80/100 tox|[from] ability: Poison Heal
|upkeep
|
|t:|1779971191
|switch|p1a: Miyamoto Musashi|Greninja, M|100/100
|turn|5
|
|t:|1779971197
|move|p2a: Gliscor|Protect|p2a: Gliscor
|-singleturn|p2a: Gliscor|Protect
|move|p1a: Miyamoto Musashi|Dark Pulse|p2a: Gliscor
|-activate|p2a: Gliscor|move: Protect
|
|-heal|p2a: Gliscor|92/100 tox|[from] ability: Poison Heal
|upkeep
|turn|6
|
|t:|1779971222
|-terastallize|p2a: Gliscor|Normal
|move|p1a: Miyamoto Musashi|Ice Beam|p2a: Gliscor
|-damage|p2a: Gliscor|39/100 tox
|-damage|p1a: Miyamoto Musashi|91/100|[from] item: Life Orb
|move|p2a: Gliscor|Facade|p1a: Miyamoto Musashi
|-damage|p1a: Miyamoto Musashi|0 fnt
|faint|p1a: Miyamoto Musashi
|
|-heal|p2a: Gliscor|52/100 tox|[from] ability: Poison Heal
|upkeep
|
|t:|1779971229
|switch|p1a: Shinobi|Iron Valiant, shiny|100/100
|-enditem|p1a: Shinobi|Booster Energy
|-activate|p1a: Shinobi|ability: Quark Drive|[fromitem]
|-start|p1a: Shinobi|quarkdrivespe
|turn|7
|
|t:|1779971233
|move|p2a: Gliscor|Protect|p2a: Gliscor
|-singleturn|p2a: Gliscor|Protect
|move|p1a: Shinobi|Close Combat|p2a: Gliscor
|-activate|p2a: Gliscor|move: Protect
|
|-heal|p2a: Gliscor|64/100 tox|[from] ability: Poison Heal
|upkeep
|turn|8
|
|t:|1779971250
|switch|p2a: Sinistcha|Sinistcha|100/100
|-damage|p2a: Sinistcha|88/100|[from] Stealth Rock
|-status|p2a: Sinistcha|tox
|move|p1a: Shinobi|Close Combat|p2a: Sinistcha
|-immune|p2a: Sinistcha
|
|-heal|p2a: Sinistcha|94/100 tox|[from] item: Leftovers
|-damage|p2a: Sinistcha|88/100 tox|[from] psn
|upkeep
|turn|9
|
|t:|1779971257
|move|p1a: Shinobi|Knock Off|p2a: Sinistcha
|-supereffective|p2a: Sinistcha
|-damage|p2a: Sinistcha|42/100 tox
|-enditem|p2a: Sinistcha|Leftovers|[from] move: Knock Off|[of] p1a: Shinobi
|move|p2a: Sinistcha|Matcha Gotcha|p1a: Shinobi
|-crit|p1a: Shinobi
|-damage|p1a: Shinobi|17/100
|-heal|p2a: Sinistcha|77/100 tox|[from] drain|[of] p1a: Shinobi
|
|-damage|p2a: Sinistcha|65/100 tox|[from] psn
|upkeep
|turn|10
|
|t:|1779971266
|move|p1a: Shinobi|Knock Off|p2a: Sinistcha
|-supereffective|p2a: Sinistcha
|-damage|p2a: Sinistcha|33/100 tox
|move|p2a: Sinistcha|Matcha Gotcha|p1a: Shinobi
|-damage|p1a: Shinobi|0 fnt
|-heal|p2a: Sinistcha|41/100 tox|[from] drain|[of] p1a: Shinobi
|faint|p1a: Shinobi
|-end|p1a: Shinobi|Quark Drive|[silent]
|
|-damage|p2a: Sinistcha|22/100 tox|[from] psn
|upkeep
|
|t:|1779971271
|switch|p1a: B-52|Dragapult, M, shiny|100/100
|turn|11
|
|t:|1779971276
|move|p1a: B-52|U-turn|p2a: Sinistcha
|-damage|p2a: Sinistcha|10/100 tox
|
|t:|1779971279
|switch|p1a: Bobby Fischer|Kingambit, M|100/100|[from] U-turn
|-activate|p1a: Bobby Fischer|ability: Supreme Overlord
|-start|p1a: Bobby Fischer|fallen3|[silent]
|move|p2a: Sinistcha|Strength Sap|p1a: Bobby Fischer
|-unboost|p1a: Bobby Fischer|atk|1
|-heal|p2a: Sinistcha|100/100 tox
|
|-damage|p2a: Sinistcha|76/100 tox|[from] psn
|upkeep
|turn|12
|
|t:|1779971286
|switch|p2a: Tinkaton|Tinkaton, F|100/100
|-damage|p2a: Tinkaton|94/100|[from] Stealth Rock
|-ability|p2a: Tinkaton|Mold Breaker
|-item|p2a: Tinkaton|Air Balloon
|move|p1a: Bobby Fischer|Swords Dance|p1a: Bobby Fischer
|-boost|p1a: Bobby Fischer|atk|2
|
|upkeep
|turn|13
|
|t:|1779971291
|move|p2a: Tinkaton|Encore|p1a: Bobby Fischer
|-start|p1a: Bobby Fischer|Encore
|move|p1a: Bobby Fischer|Swords Dance|p1a: Bobby Fischer
|-boost|p1a: Bobby Fischer|atk|2
|
|upkeep
|turn|14
|
|t:|1779971296
|-end|p1a: Bobby Fischer|fallen3|[silent]
|switch|p1a: Punch|Rillaboom, M|100/100
|-fieldstart|move: Grassy Terrain|[from] ability: Grassy Surge|[of] p1a: Punch
|move|p2a: Tinkaton|Thunder Wave|p1a: Punch
|-status|p1a: Punch|par
|
|upkeep
|turn|15
|
|t:|1779971301
|move|p2a: Tinkaton|Stealth Rock|p1a: Punch
|-sidestart|p1: roninXronin|move: Stealth Rock
|move|p1a: Punch|Wood Hammer|p2a: Tinkaton
|-resisted|p2a: Tinkaton
|-damage|p2a: Tinkaton|32/100
|-enditem|p2a: Tinkaton|Air Balloon
|-damage|p1a: Punch|78/100 par|[from] Recoil
|-damage|p1a: Punch|68/100 par|[from] item: Life Orb
|
|-heal|p2a: Tinkaton|38/100|[from] Grassy Terrain
|-heal|p1a: Punch|74/100 par|[from] Grassy Terrain
|upkeep
|turn|16
|
|t:|1779971313
|switch|p2a: Sinistcha|Sinistcha|76/100 tox
|-damage|p2a: Sinistcha|64/100 tox|[from] Stealth Rock
|move|p1a: Punch|Wood Hammer|p2a: Sinistcha
|-resisted|p2a: Sinistcha
|-damage|p2a: Sinistcha|24/100 tox
|-damage|p1a: Punch|61/100 par|[from] Recoil
|-damage|p1a: Punch|51/100 par|[from] item: Life Orb
|
|-heal|p2a: Sinistcha|30/100 tox|[from] Grassy Terrain
|-heal|p1a: Punch|57/100 par|[from] Grassy Terrain
|-damage|p2a: Sinistcha|24/100 tox|[from] psn
|upkeep
|turn|17
|
|t:|1779971317
|move|p2a: Sinistcha|Shadow Ball|p1a: Punch
|-damage|p1a: Punch|11/100 par
|cant|p1a: Punch|par
|
|-heal|p2a: Sinistcha|30/100 tox|[from] Grassy Terrain
|-heal|p1a: Punch|17/100 par|[from] Grassy Terrain
|-damage|p2a: Sinistcha|18/100 tox|[from] psn
|upkeep
|turn|18
|
|t:|1779971323
|move|p1a: Punch|Grassy Glide|p2a: Sinistcha
|-resisted|p2a: Sinistcha
|-damage|p2a: Sinistcha|0 fnt
|faint|p2a: Sinistcha
|-damage|p1a: Punch|7/100 par|[from] item: Life Orb
|
|-heal|p1a: Punch|13/100 par|[from] Grassy Terrain
|-fieldend|move: Grassy Terrain
|upkeep
|
|t:|1779971330
|switch|p2a: Keldeo|Keldeo|100/100
|turn|19
|
|t:|1779971335
|move|p2a: Keldeo|Vacuum Wave|p1a: Punch
|-damage|p1a: Punch|0 fnt
|faint|p1a: Punch
|
|upkeep
|
|t:|1779971338
|switch|p1a: B-52|Dragapult, M, shiny|100/100
|-damage|p1a: B-52|88/100|[from] Stealth Rock
|turn|20
|
|t:|1779971344
|switch|p2a: Tinkaton|Tinkaton, F|38/100
|-damage|p2a: Tinkaton|32/100|[from] Stealth Rock
|-ability|p2a: Tinkaton|Mold Breaker
|move|p1a: B-52|Shadow Ball|p2a: Tinkaton
|-damage|p2a: Tinkaton|0 fnt
|faint|p2a: Tinkaton
|
|upkeep
|
|t:|1779971348
|switch|p2a: Ting-Lu|Ting-Lu|100/100
|-damage|p2a: Ting-Lu|94/100|[from] Stealth Rock
|-status|p2a: Ting-Lu|tox
|-ability|p2a: Ting-Lu|Vessel of Ruin
|turn|21
|
|t:|1779971351
|move|p1a: B-52|Shadow Ball|p2a: Ting-Lu
|-resisted|p2a: Ting-Lu
|-damage|p2a: Ting-Lu|84/100 tox
|move|p2a: Ting-Lu|Earthquake|p1a: B-52
|-damage|p1a: B-52|35/100
|
|-heal|p2a: Ting-Lu|90/100 tox|[from] item: Leftovers
|-damage|p2a: Ting-Lu|84/100 tox|[from] psn
|upkeep
|turn|22
|
|t:|1779971355
|move|p1a: B-52|Shadow Ball|p2a: Ting-Lu
|-resisted|p2a: Ting-Lu
|-damage|p2a: Ting-Lu|74/100 tox
|move|p2a: Ting-Lu|Earthquake|p1a: B-52
|-damage|p1a: B-52|0 fnt
|faint|p1a: B-52
|
|-heal|p2a: Ting-Lu|80/100 tox|[from] item: Leftovers
|-damage|p2a: Ting-Lu|68/100 tox|[from] psn
|upkeep
|
|t:|1779971361
|switch|p1a: Bobby Fischer|Kingambit, M|100/100
|-damage|p1a: Bobby Fischer|94/100|[from] Stealth Rock
|-activate|p1a: Bobby Fischer|ability: Supreme Overlord
|-start|p1a: Bobby Fischer|fallen5|[silent]
|turn|23
|
|t:|1779971367
|-terastallize|p1a: Bobby Fischer|Flying
|move|p1a: Bobby Fischer|Swords Dance|p1a: Bobby Fischer
|-boost|p1a: Bobby Fischer|atk|2
|move|p2a: Ting-Lu|Earthquake|p1a: Bobby Fischer
|-immune|p1a: Bobby Fischer
|
|-heal|p2a: Ting-Lu|74/100 tox|[from] item: Leftovers
|-damage|p2a: Ting-Lu|55/100 tox|[from] psn
|upkeep
|turn|24
|
|t:|1779971372
|move|p1a: Bobby Fischer|Low Kick|p2a: Ting-Lu
|-supereffective|p2a: Ting-Lu
|-damage|p2a: Ting-Lu|0 fnt
|faint|p2a: Ting-Lu
|
|upkeep
|
|t:|1779971384
|switch|p2a: Keldeo|Keldeo|100/100
|turn|25
|
|t:|1779971389
|move|p2a: Keldeo|Surf|p1a: Bobby Fischer
|-damage|p1a: Bobby Fischer|44/100
|move|p1a: Bobby Fischer|Low Kick|p2a: Keldeo
|-damage|p2a: Keldeo|26/100
|
|upkeep
|turn|26
|
|t:|1779971396
|move|p2a: Keldeo|Vacuum Wave|p1a: Bobby Fischer
|-resisted|p1a: Bobby Fischer
|-damage|p1a: Bobby Fischer|34/100
|move|p1a: Bobby Fischer|Sucker Punch||[still]
|-fail|p1a: Bobby Fischer
|
|upkeep
|turn|27
|
|t:|1779971404
|move|p2a: Keldeo|Vacuum Wave|p1a: Bobby Fischer
|-resisted|p1a: Bobby Fischer
|-damage|p1a: Bobby Fischer|22/100
|move|p1a: Bobby Fischer|Sucker Punch||[still]
|-fail|p1a: Bobby Fischer
|
|upkeep
|turn|28
|
|t:|1779971410
|move|p2a: Keldeo|Vacuum Wave|p1a: Bobby Fischer
|-resisted|p1a: Bobby Fischer
|-damage|p1a: Bobby Fischer|11/100
|move|p1a: Bobby Fischer|Low Kick|p2a: Keldeo
|-damage|p2a: Keldeo|0 fnt
|faint|p2a: Keldeo
|
|upkeep
|
|t:|1779971417
|switch|p2a: Dragonite|Dragonite, F|100/100
|turn|29
|
|t:|1779971420
|move|p2a: Dragonite|Extreme Speed|p1a: Bobby Fischer
|-damage|p1a: Bobby Fischer|0 fnt
|faint|p1a: Bobby Fischer
|-end|p1a: Bobby Fischer|fallen5|[silent]
|
|win|Burritobrown99
|raw|roninXronin's rating: 1504 &rarr; <strong>1485</strong><br />(-19 for losing)
|raw|Burritobrown99's rating: 1528 &rarr; <strong>1547</strong><br />(+19 for winning)
|l|☆roninXronin
|player|p1|
|l|☆Burritobrown99
|player|p2|
