|j|☆argadini
|j|☆slowlyfadingaway
|t:|1779891626
|gametype|singles
|player|p1|argadini|scott|1399
|player|p2|slowlyfadingaway|veteran|1352
|gen|9
|tier|[Gen 9] OU
|rated|
|rule|HP Percentage Mod: HP is shown in percentages
|rule|Endless Battle Clause: Forcing endless battles is banned
|rule|Species Clause: Limit one of each Pokémon
|rule|OHKO Clause: OHKO moves are banned
|rule|Evasion Items Clause: Evasion items are banned
|rule|Evasion Moves Clause: Evasion moves are banned
|rule|Evasion Abilities Clause: Evasion abilities are banned
|rule|Sleep Moves Clause: Sleep-inducing moves are banned
|clearpoke
|poke|p1|Darkrai|
|poke|p1|Great Tusk|
|poke|p1|Gholdengo|
|poke|p1|Kingambit, M|
|poke|p1|Glimmora, M|
|poke|p1|Dragonite, M|
|poke|p2|Greninja-*, M|
|poke|p2|Forretress, F|
|poke|p2|Samurott-Hisui, F|
|poke|p2|Garchomp, F|
|poke|p2|Scizor, F|
|poke|p2|Diancie|
|teampreview
|inactive|Battle timer is ON: inactive players will automatically lose when time's up. (requested by slowlyfadingaway)
|
|t:|1779891640
|teamsize|p1|6
|teamsize|p2|6
|start
|switch|p1a: Glimmora|Glimmora, M, shiny|100/100
|switch|p2a: Scizor|Scizor, F|100/100
|turn|1
|
|t:|1779891653
|switch|p1a: Gholdengo|Gholdengo, shiny|100/100
|-item|p1a: Gholdengo|Air Balloon
|move|p2a: Scizor|Bullet Punch|p1a: Gholdengo
|-resisted|p1a: Gholdengo
|-damage|p1a: Gholdengo|80/100
|-enditem|p1a: Gholdengo|Air Balloon
|
|upkeep
|turn|2
|
|t:|1779891659
|switch|p2a: Samurott|Samurott-Hisui, F|100/100
|move|p1a: Gholdengo|Shadow Ball|p2a: Samurott
|-resisted|p2a: Samurott
|-damage|p2a: Samurott|69/100
|
|upkeep
|turn|3
|
|t:|1779891672
|switch|p1a: Glimmora|Glimmora, M, shiny|100/100
|move|p2a: Samurott|Aqua Cutter|p1a: Glimmora
|-supereffective|p1a: Glimmora
|-damage|p1a: Glimmora|0 fnt
|-activate|p1a: Glimmora|ability: Toxic Debris
|-sidestart|p2: slowlyfadingaway|move: Toxic Spikes
|faint|p1a: Glimmora
|
|upkeep
|
|t:|1779891680
|switch|p1a: Great Tusk|Great Tusk, shiny|100/100
|-enditem|p1a: Great Tusk|Booster Energy
|-activate|p1a: Great Tusk|ability: Protosynthesis|[fromitem]
|-start|p1a: Great Tusk|protosynthesisspe
|turn|4
|
|t:|1779891694
|move|p1a: Great Tusk|Bulk Up|p1a: Great Tusk
|-boost|p1a: Great Tusk|atk|1
|-boost|p1a: Great Tusk|def|1
|move|p2a: Samurott|Aqua Cutter|p1a: Great Tusk
|-supereffective|p1a: Great Tusk
|-damage|p1a: Great Tusk|60/100
|
|upkeep
|turn|5
|
|t:|1779891707
|move|p2a: Samurott|Aqua Jet|p1a: Great Tusk
|-supereffective|p1a: Great Tusk
|-damage|p1a: Great Tusk|44/100
|move|p1a: Great Tusk|Headlong Rush|p2a: Samurott
|-damage|p2a: Samurott|0 fnt
|-unboost|p1a: Great Tusk|def|1
|-unboost|p1a: Great Tusk|spd|1
|faint|p2a: Samurott
|
|upkeep
|
|t:|1779891710
|switch|p2a: Scizor|Scizor, F|100/100
|turn|6
|
|t:|1779891716
|move|p1a: Great Tusk|Bulk Up|p1a: Great Tusk
|-boost|p1a: Great Tusk|atk|1
|-boost|p1a: Great Tusk|def|1
|move|p2a: Scizor|Counter||[still]
|-fail|p2a: Scizor
|
|upkeep
|turn|7
|
|t:|1779891721
|move|p1a: Great Tusk|Headlong Rush|p2a: Scizor
|-enditem|p2a: Scizor|Focus Sash
|-damage|p2a: Scizor|1/100
|-unboost|p1a: Great Tusk|def|1
|-unboost|p1a: Great Tusk|spd|1
|move|p2a: Scizor|Counter|p1a: Great Tusk
|-damage|p1a: Great Tusk|0 fnt
|faint|p1a: Great Tusk
|-end|p1a: Great Tusk|Protosynthesis|[silent]
|
|upkeep
|
|t:|1779891725
|switch|p1a: Dragonite|Dragonite, M, shiny|100/100
|turn|8
|
|t:|1779891731
|switch|p2a: Garchomp|Garchomp, F|100/100
|-status|p2a: Garchomp|psn
|move|p1a: Dragonite|Extreme Speed|p2a: Garchomp
|-damage|p2a: Garchomp|71/100 psn
|-damage|p1a: Dragonite|88/100|[from] ability: Rough Skin|[of] p2a: Garchomp
|
|-damage|p2a: Garchomp|58/100 psn|[from] psn
|upkeep
|turn|9
|
|t:|1779891734
|move|p2a: Garchomp|Scale Shot|p1a: Dragonite
|-supereffective|p1a: Dragonite
|-damage|p1a: Dragonite|63/100
|-supereffective|p1a: Dragonite
|-damage|p1a: Dragonite|40/100
|-supereffective|p1a: Dragonite
|-damage|p1a: Dragonite|15/100
|-supereffective|p1a: Dragonite
|-damage|p1a: Dragonite|0 fnt
|faint|p1a: Dragonite
|-hitcount|p1: Dragonite|4
|-unboost|p2a: Garchomp|def|1
|-boost|p2a: Garchomp|spe|1
|
|-damage|p2a: Garchomp|46/100 psn|[from] psn
|upkeep
|
|t:|1779891738
|switch|p1a: Darkrai|Darkrai, shiny|100/100
|turn|10
|
|t:|1779891741
|move|p2a: Garchomp|Scale Shot|p1a: Darkrai
|-damage|p1a: Darkrai|84/100
|-damage|p1a: Darkrai|68/100
|-damage|p1a: Darkrai|51/100
|-damage|p1a: Darkrai|34/100
|-damage|p1a: Darkrai|16/100
|-hitcount|p1a: Darkrai|5
|-unboost|p2a: Garchomp|def|1
|-boost|p2a: Garchomp|spe|1
|move|p1a: Darkrai|Ice Beam|p2a: Garchomp
|-supereffective|p2a: Garchomp
|-damage|p2a: Garchomp|0 fnt
|faint|p2a: Garchomp
|
|upkeep
|
|t:|1779891746
|switch|p2a: Forretress|Forretress, F|100/100
|turn|11
|
|t:|1779891748
|move|p1a: Darkrai|Dark Pulse|p2a: Forretress
|-crit|p2a: Forretress
|-ability|p2a: Forretress|Sturdy
|-damage|p2a: Forretress|1/100
|move|p2a: Forretress|Rapid Spin|p1a: Darkrai
|-damage|p1a: Darkrai|3/100
|-boost|p2a: Forretress|spe|1
|-sideend|p2: slowlyfadingaway|Toxic Spikes|[from] move: Rapid Spin|[of] p2a: Forretress
|
|upkeep
|turn|12
|-enditem|p2a: Forretress|Custap Berry|[eat]
|-activate|p2a: Forretress|item: Custap Berry|[consumed]
|
|t:|1779891754
|move|p2a: Forretress|Rapid Spin|p1a: Darkrai
|-damage|p1a: Darkrai|0 fnt
|-boost|p2a: Forretress|spe|1
|faint|p1a: Darkrai
|
|upkeep
|
|t:|1779891756
|switch|p1a: Kingambit|Kingambit, M|100/100
|-activate|p1a: Kingambit|ability: Supreme Overlord
|-start|p1a: Kingambit|fallen4|[silent]
|turn|13
|
|t:|1779891758
|move|p2a: Forretress|Body Press|p1a: Kingambit
|-supereffective|p1a: Kingambit
|-damage|p1a: Kingambit|1/100
|move|p1a: Kingambit|Swords Dance|p1a: Kingambit
|-boost|p1a: Kingambit|atk|2
|
|-heal|p1a: Kingambit|7/100|[from] item: Leftovers
|upkeep
|turn|14
|
|t:|1779891762
|move|p1a: Kingambit|Sucker Punch|p2a: Forretress
|-damage|p2a: Forretress|0 fnt
|faint|p2a: Forretress
|
|-heal|p1a: Kingambit|13/100|[from] item: Leftovers
|upkeep
|
|t:|1779891764
|switch|p2a: Greninja|Greninja, M|100/100
|turn|15
|
|t:|1779891767
|move|p2a: Greninja|Water Shuriken|p1a: Kingambit
|-damage|p1a: Kingambit|7/100
|-damage|p1a: Kingambit|0 fnt
|faint|p1a: Kingambit
|-end|p1a: Kingambit|fallen4|[silent]
|-ability|p2a: Greninja|Battle Bond|boost
|-boost|p2a: Greninja|atk|1
|-boost|p2a: Greninja|spa|1
|-boost|p2a: Greninja|spe|1
|-activate|p2a: Greninja|ability: Battle Bond
|-hitcount|p1: Kingambit|2
|
|upkeep
|
|t:|1779891769
|switch|p1a: Gholdengo|Gholdengo, shiny|80/100
|turn|16
|
|t:|1779891774
|move|p2a: Greninja|Dark Pulse|p1a: Gholdengo
|-supereffective|p1a: Gholdengo
|-damage|p1a: Gholdengo|0 fnt
|faint|p1a: Gholdengo
|
|win|slowlyfadingaway
|raw|argadini's rating: 1399 &rarr; <strong>1376</strong><br />(-23 for losing)
|raw|slowlyfadingaway's rating: 1352 &rarr; <strong>1375</strong><br />(+23 for winning)
|l|☆argadini
|player|p1|
|l|☆slowlyfadingaway
|player|p2|
