|j|☆xdrax7w7
|j|☆baakrisht
|t:|1779877534
|gametype|singles
|player|p1|xdrax7w7|steven|1179
|player|p2|baakrisht|102|1208
|gen|9
|tier|[Gen 9] OU
|rated|
|rule|HP Percentage Mod: HP is shown in percentages
|rule|Endless Battle Clause: Forcing endless battles is banned
|rule|Species Clause: Limit one of each Pokémon
|rule|OHKO Clause: OHKO moves are banned
|rule|Evasion Items Clause: Evasion items are banned
|rule|Evasion Moves Clause: Evasion moves are banned
|rule|Evasion Abilities Clause: Evasion abilities are banned
|rule|Sleep Moves Clause: Sleep-inducing moves are banned
|clearpoke
|poke|p1|Weezing-Galar, M|
|poke|p1|Umbreon, M|
|poke|p1|Blaziken, M|
|poke|p1|Glimmora, F|
|poke|p1|Deoxys-Speed|
|poke|p1|Serperior, F|
|poke|p2|Espeon, F|
|poke|p2|Goodra, F|
|poke|p2|Weezing-Galar, M|
|poke|p2|Orthworm, F|
|poke|p2|Suicune|
|poke|p2|Muk-Alola, M|
|teampreview
|
|t:|1779877576
|teamsize|p1|6
|teamsize|p2|6
|start
|switch|p1a: mama de carlos|Glimmora, F|100/100
|switch|p2a: बिलाई मौसी|Espeon, F|100/100
|turn|1
|
|t:|1779877582
|move|p2a: बिलाई मौसी|Psychic|p1a: mama de carlos
|-supereffective|p1a: mama de carlos
|-damage|p1a: mama de carlos|3/100
|move|p1a: mama de carlos|Meteor Beam||[still]
|-prepare|p1a: mama de carlos|Meteor Beam
|-boost|p1a: mama de carlos|spa|1
|-enditem|p1a: mama de carlos|Power Herb
|-anim|p1a: mama de carlos|Meteor Beam|p2a: बिलाई मौसी
|-damage|p2a: बिलाई मौसी|33/100
|
|upkeep
|turn|2
|
|t:|1779877593
|move|p2a: बिलाई मौसी|Psychic|p1a: mama de carlos
|-supereffective|p1a: mama de carlos
|-damage|p1a: mama de carlos|0 fnt
|faint|p1a: mama de carlos
|
|upkeep
|
|t:|1779877600
|switch|p1a: qlevra|Serperior, F|100/100
|turn|3
|
|t:|1779877605
|switch|p2a: कादो राज|Muk-Alola, M|100/100
|move|p1a: qlevra|Leaf Storm|p2a: कादो राज|[miss]
|-miss|p1a: qlevra|p2a: कादो राज
|
|upkeep
|turn|4
|
|t:|1779877614
|move|p1a: qlevra|Leech Seed|p2a: कादो राज
|-start|p2a: कादो राज|move: Leech Seed
|move|p2a: कादो राज|Substitute|p2a: कादो राज
|-start|p2a: कादो राज|Substitute
|-damage|p2a: कादो राज|76/100
|
|-heal|p2a: कादो राज|82/100|[from] item: Black Sludge
|-damage|p2a: कादो राज|69/100|[from] Leech Seed|[of] p1a: qlevra
|upkeep
|turn|5
|
|t:|1779877624
|move|p1a: qlevra|Leaf Storm|p2a: कादो राज
|-resisted|p2a: कादो राज
|-activate|p2a: कादो राज|move: Substitute|[damage]
|-boost|p1a: qlevra|spa|2
|move|p2a: कादो राज|Knock Off|p1a: qlevra
|-damage|p1a: qlevra|62/100
|-enditem|p1a: qlevra|Leftovers|[from] move: Knock Off|[of] p2a: कादो राज
|
|-heal|p2a: कादो राज|75/100|[from] item: Black Sludge
|-damage|p2a: कादो राज|63/100|[from] Leech Seed|[of] p1a: qlevra
|-heal|p1a: qlevra|80/100|[silent]
|upkeep
|turn|6
|
|t:|1779877637
|move|p1a: qlevra|Leaf Storm|p2a: कादो राज
|-resisted|p2a: कादो राज
|-end|p2a: कादो राज|Substitute
|-boost|p1a: qlevra|spa|2
|move|p2a: कादो राज|Disable|p1a: qlevra
|-start|p1a: qlevra|Disable|Leaf Storm
|
|-heal|p2a: कादो राज|69/100|[from] item: Black Sludge
|-damage|p2a: कादो राज|57/100|[from] Leech Seed|[of] p1a: qlevra
|-heal|p1a: qlevra|97/100|[silent]
|upkeep
|turn|7
|
|t:|1779877649
|move|p1a: qlevra|Dragon Pulse|p2a: कादो राज
|-damage|p2a: कादो राज|22/100
|move|p2a: कादो राज|Haze|p2a: कादो राज
|-clearallboost
|
|-heal|p2a: कादो राज|28/100|[from] item: Black Sludge
|-damage|p2a: कादो राज|15/100|[from] Leech Seed|[of] p1a: qlevra
|-heal|p1a: qlevra|100/100|[silent]
|upkeep
|turn|8
|
|t:|1779877660
|switch|p2a: लाठ साहब|Weezing-Galar, M, shiny|100/100
|move|p1a: qlevra|Dragon Pulse|p2a: लाठ साहब
|-immune|p2a: लाठ साहब
|
|upkeep
|turn|9
|
|t:|1779877666
|move|p1a: qlevra|Leech Seed|p2a: लाठ साहब
|-start|p2a: लाठ साहब|move: Leech Seed
|move|p2a: लाठ साहब|Toxic Spikes|p1a: qlevra
|-sidestart|p1: xdrax7w7|move: Toxic Spikes
|
|-damage|p2a: लाठ साहब|88/100|[from] Leech Seed|[of] p1a: qlevra
|upkeep
|turn|10
|
|t:|1779877677
|switch|p1a: lepra|Deoxys-Speed|100/100
|-status|p1a: lepra|psn
|-ability|p1a: lepra|Pressure
|switch|p2a: बिलाई मौसी|Espeon, F|33/100
|
|-damage|p1a: lepra|88/100 psn|[from] psn
|upkeep
|turn|11
|
|t:|1779877688
|switch|p2a: Suicune|Suicune|100/100
|-ability|p2a: Suicune|Pressure
|move|p1a: lepra|Shadow Ball|p2a: Suicune
|-damage|p2a: Suicune|77/100
|
|-heal|p2a: Suicune|83/100|[from] item: Leftovers
|-damage|p1a: lepra|76/100 psn|[from] psn
|upkeep
|turn|12
|
|t:|1779877700
|switch|p1a: chimenea|Weezing-Galar, M|100/100
|-ability|p1a: chimenea|Neutralizing Gas
|-sideend|p1: xdrax7w7|move: Toxic Spikes|[of] p1a: chimenea
|move|p2a: Suicune|Scald|p1a: chimenea
|-damage|p1a: chimenea|73/100
|-status|p1a: chimenea|brn
|
|-heal|p2a: Suicune|89/100|[from] item: Leftovers
|-heal|p1a: chimenea|79/100 brn|[from] item: Black Sludge
|-damage|p1a: chimenea|73/100 brn|[from] brn
|upkeep
|turn|13
|
|t:|1779877714
|move|p2a: Suicune|Ice Beam|p1a: chimenea
|-damage|p1a: chimenea|50/100 brn
|move|p1a: chimenea|Toxic Spikes|p2a: Suicune
|-sidestart|p2: baakrisht|move: Toxic Spikes
|
|-heal|p2a: Suicune|95/100|[from] item: Leftovers
|-heal|p1a: chimenea|57/100 brn|[from] item: Black Sludge
|-damage|p1a: chimenea|50/100 brn|[from] brn
|upkeep
|turn|14
|
|t:|1779877724
|move|p2a: Suicune|Substitute|p2a: Suicune
|-start|p2a: Suicune|Substitute
|-damage|p2a: Suicune|70/100
|move|p1a: chimenea|Toxic||[still]
|-fail|p1a: chimenea
|
|-heal|p2a: Suicune|76/100|[from] item: Leftovers
|-heal|p1a: chimenea|57/100 brn|[from] item: Black Sludge
|-damage|p1a: chimenea|50/100 brn|[from] brn
|upkeep
|turn|15
|
|t:|1779877734
|move|p2a: Suicune|Scald|p1a: chimenea
|-damage|p1a: chimenea|23/100 brn
|move|p1a: chimenea|Gunk Shot|p2a: Suicune|[miss]
|-miss|p1a: chimenea|p2a: Suicune
|
|-heal|p2a: Suicune|83/100|[from] item: Leftovers
|-heal|p1a: chimenea|29/100 brn|[from] item: Black Sludge
|-damage|p1a: chimenea|23/100 brn|[from] brn
|upkeep
|turn|16
|
|t:|1779877745
|move|p2a: Suicune|Scald|p1a: chimenea
|-damage|p1a: chimenea|0 fnt
|faint|p1a: chimenea
|-end|p1a: chimenea|ability: Neutralizing Gas
|-ability|p2a: Suicune|Pressure
|
|-heal|p2a: Suicune|89/100|[from] item: Leftovers
|upkeep
|
|t:|1779877755
|switch|p1a: qlevra|Serperior, F|100/100
|turn|17
|
|t:|1779877761
|move|p1a: qlevra|Leaf Storm|p2a: Suicune
|-supereffective|p2a: Suicune
|-end|p2a: Suicune|Substitute
|-boost|p1a: qlevra|spa|2
|move|p2a: Suicune|Roar|p1a: qlevra
|drag|p1a: piesdeplomo|Blaziken, M, shiny|100/100
|
|-heal|p2a: Suicune|95/100|[from] item: Leftovers
|upkeep
|turn|18
|
|t:|1779877773
|switch|p1a: qlevra|Serperior, F|100/100
|move|p2a: Suicune|Substitute|p2a: Suicune
|-start|p2a: Suicune|Substitute
|-damage|p2a: Suicune|70/100
|
|-heal|p2a: Suicune|76/100|[from] item: Leftovers
|upkeep
|turn|19
|
|t:|1779877781
|move|p1a: qlevra|Leaf Storm|p2a: Suicune
|-supereffective|p2a: Suicune
|-end|p2a: Suicune|Substitute
|-boost|p1a: qlevra|spa|2
|move|p2a: Suicune|Roar|p1a: qlevra
|drag|p1a: piesdeplomo|Blaziken, M, shiny|100/100
|
|-heal|p2a: Suicune|82/100|[from] item: Leftovers
|upkeep
|turn|20
|
|t:|1779877793
|-terastallize|p1a: piesdeplomo|Fighting
|move|p1a: piesdeplomo|Swords Dance|p1a: piesdeplomo
|-boost|p1a: piesdeplomo|atk|2
|move|p2a: Suicune|Scald|p1a: piesdeplomo
|-damage|p1a: piesdeplomo|63/100
|-status|p1a: piesdeplomo|brn
|
|-heal|p1a: piesdeplomo|69/100 brn|[from] item: Leftovers
|-heal|p2a: Suicune|89/100|[from] item: Leftovers
|-damage|p1a: piesdeplomo|63/100 brn|[from] brn
|-ability|p1a: piesdeplomo|Speed Boost|boost
|-boost|p1a: piesdeplomo|spe|1
|upkeep
|turn|21
|
|t:|1779877807
|switch|p2a: लाठ साहब|Weezing-Galar, M, shiny|88/100
|move|p1a: piesdeplomo|Double Kick|p2a: लाठ साहब
|-resisted|p2a: लाठ साहब
|-damage|p2a: लाठ साहब|85/100
|-damage|p1a: piesdeplomo|47/100 brn|[from] item: Rocky Helmet|[of] p2a: लाठ साहब
|-resisted|p2a: लाठ साहब
|-damage|p2a: लाठ साहब|81/100
|-damage|p1a: piesdeplomo|30/100 brn|[from] item: Rocky Helmet|[of] p2a: लाठ साहब
|-hitcount|p2a: लाठ साहब|2
|
|-heal|p1a: piesdeplomo|36/100 brn|[from] item: Leftovers
|-damage|p1a: piesdeplomo|30/100 brn|[from] brn
|-ability|p1a: piesdeplomo|Speed Boost|boost
|-boost|p1a: piesdeplomo|spe|1
|upkeep
|turn|22
|
|t:|1779877822
|move|p1a: piesdeplomo|Blaze Kick|p2a: लाठ साहब
|-damage|p2a: लाठ साहब|51/100
|-damage|p1a: piesdeplomo|14/100 brn|[from] item: Rocky Helmet|[of] p2a: लाठ साहब
|move|p2a: लाठ साहब|Toxic Spikes|p1a: piesdeplomo
|-sidestart|p1: xdrax7w7|move: Toxic Spikes
|
|-heal|p1a: piesdeplomo|20/100 brn|[from] item: Leftovers
|-damage|p1a: piesdeplomo|14/100 brn|[from] brn
|-ability|p1a: piesdeplomo|Speed Boost|boost
|-boost|p1a: piesdeplomo|spe|1
|upkeep
|turn|23
|-message|xdrax7w7 forfeited.
|
|win|baakrisht
|raw|xdrax7w7's rating: 1179 &rarr; <strong>1156</strong><br />(-23 for losing)
|raw|baakrisht's rating: 1208 &rarr; <strong>1231</strong><br />(+23 for winning)
|l|☆baakrisht
|player|p2|
|l|☆xdrax7w7
|player|p1|
