|j|☆pap3ra
|j|☆amaterasu258
|t:|1779815407
|gametype|singles
|player|p1|pap3ra|170|1376
|player|p2|amaterasu258|n|1386
|gen|9
|tier|[Gen 9] OU
|rated|
|rule|HP Percentage Mod: HP is shown in percentages
|rule|Endless Battle Clause: Forcing endless battles is banned
|rule|Species Clause: Limit one of each Pokémon
|rule|OHKO Clause: OHKO moves are banned
|rule|Evasion Items Clause: Evasion items are banned
|rule|Evasion Moves Clause: Evasion moves are banned
|rule|Evasion Abilities Clause: Evasion abilities are banned
|rule|Sleep Moves Clause: Sleep-inducing moves are banned
|clearpoke
|poke|p1|Muk-Alola, F|
|poke|p1|Ogerpon-Wellspring, F|
|poke|p1|Chandelure, F|
|poke|p1|Fezandipiti, M|
|poke|p1|Great Tusk|
|poke|p1|Skarmory, F|
|poke|p2|Ting-Lu|
|poke|p2|Gholdengo|
|poke|p2|Dragonite, F|
|poke|p2|Zamazenta-*|
|poke|p2|Ogerpon-Wellspring, F|
|poke|p2|Iron Valiant|
|teampreview
|inactive|Battle timer is ON: inactive players will automatically lose when time's up. (requested by pap3ra)
|
|t:|1779815445
|teamsize|p1|6
|teamsize|p2|6
|start
|switch|p1a: Chandelure|Chandelure, F, shiny|100/100
|switch|p2a: Gholdengo|Gholdengo|100/100
|turn|1
|
|t:|1779815456
|switch|p2a: Ting-Lu|Ting-Lu|100/100
|-ability|p2a: Ting-Lu|Vessel of Ruin
|move|p1a: Chandelure|Trick|p2a: Ting-Lu
|-activate|p1a: Chandelure|move: Trick|[of] p2a: Ting-Lu
|-item|p2a: Ting-Lu|Choice Scarf|[from] move: Trick
|-item|p1a: Chandelure|Leftovers|[from] move: Trick
|
|upkeep
|turn|2
|
|t:|1779815482
|switch|p1a: Skarmory|Skarmory, F|100/100
|move|p2a: Ting-Lu|Stealth Rock|p1a: Skarmory
|-sidestart|p1: pap3ra|move: Stealth Rock
|
|upkeep
|turn|3
|
|t:|1779815506
|switch|p2a: Gholdengo|Gholdengo|100/100
|move|p1a: Skarmory|Stealth Rock|p2a: Gholdengo
|-sidestart|p2: amaterasu258|move: Stealth Rock
|
|upkeep
|turn|4
|
|t:|1779815517
|switch|p1a: Muk|Muk-Alola, F|100/100
|-damage|p1a: Muk|88/100|[from] Stealth Rock
|move|p2a: Gholdengo|Shadow Ball|p1a: Muk
|-resisted|p1a: Muk
|-damage|p1a: Muk|70/100
|
|-heal|p1a: Muk|76/100|[from] item: Leftovers
|upkeep
|turn|5
|inactive|amaterasu258 has 120 seconds left.
|
|t:|1779815554
|switch|p2a: Zamazenta|Zamazenta|100/100
|-damage|p2a: Zamazenta|94/100|[from] Stealth Rock
|-ability|p2a: Zamazenta|Dauntless Shield|boost
|-boost|p2a: Zamazenta|def|1
|move|p1a: Muk|Curse|p1a: Muk
|-unboost|p1a: Muk|spe|1
|-boost|p1a: Muk|atk|1
|-boost|p1a: Muk|def|1
|
|-heal|p1a: Muk|82/100|[from] item: Leftovers
|upkeep
|turn|6
|inactive|pap3ra has 120 seconds left.
|
|t:|1779815577
|-terastallize|p1a: Muk|Flying
|move|p2a: Zamazenta|Close Combat|p1a: Muk
|-resisted|p1a: Muk
|-damage|p1a: Muk|56/100
|-unboost|p2a: Zamazenta|def|1
|-unboost|p2a: Zamazenta|spd|1
|-damage|p2a: Zamazenta|84/100|[from] item: Life Orb
|move|p1a: Muk|Curse|p1a: Muk
|-unboost|p1a: Muk|spe|1
|-boost|p1a: Muk|atk|1
|-boost|p1a: Muk|def|1
|
|-heal|p1a: Muk|62/100|[from] item: Leftovers
|upkeep
|turn|7
|inactive|pap3ra has 120 seconds left.
|
|t:|1779815592
|move|p2a: Zamazenta|Stone Edge|p1a: Muk
|-supereffective|p1a: Muk
|-damage|p1a: Muk|17/100
|-damage|p2a: Zamazenta|75/100|[from] item: Life Orb
|move|p1a: Muk|Drain Punch|p2a: Zamazenta
|-damage|p2a: Zamazenta|29/100
|-heal|p1a: Muk|35/100|[from] drain|[of] p2a: Zamazenta
|-status|p2a: Zamazenta|psn|[from] ability: Poison Touch|[of] p1a: Muk
|
|-heal|p1a: Muk|41/100|[from] item: Leftovers
|-damage|p2a: Zamazenta|17/100 psn|[from] psn
|upkeep
|turn|8
|inactive|pap3ra has 120 seconds left.
|
|t:|1779815612
|move|p1a: Muk|Shadow Sneak|p2a: Zamazenta
|-damage|p2a: Zamazenta|0 fnt
|faint|p2a: Zamazenta
|
|-heal|p1a: Muk|47/100|[from] item: Leftovers
|upkeep
|inactive|amaterasu258 has 90 seconds left.
|
|t:|1779815645
|switch|p2a: Dragonite|Dragonite, F|100/100
|turn|9
|
|t:|1779815652
|move|p1a: Muk|Knock Off|p2a: Dragonite
|-damage|p2a: Dragonite|53/100
|-enditem|p2a: Dragonite|Heavy-Duty Boots|[from] move: Knock Off|[of] p1a: Muk
|move|p2a: Dragonite|Dragon Tail|p1a: Muk
|-damage|p1a: Muk|29/100
|drag|p1a: Great Tusk|Great Tusk|100/100
|-damage|p1a: Great Tusk|98/100|[from] Stealth Rock
|
|upkeep
|turn|10
|inactive|amaterasu258 has 90 seconds left.
|
|t:|1779815668
|switch|p2a: Gholdengo|Gholdengo|100/100
|-damage|p2a: Gholdengo|94/100|[from] Stealth Rock
|move|p1a: Great Tusk|Earthquake|p2a: Gholdengo
|-supereffective|p2a: Gholdengo
|-damage|p2a: Gholdengo|0 fnt
|faint|p2a: Gholdengo
|
|upkeep
|
|t:|1779815681
|switch|p2a: Ogerpon|Ogerpon-Wellspring, F|100/100
|-damage|p2a: Ogerpon|88/100|[from] Stealth Rock
|turn|11
|
|t:|1779815699
|-end|p1a: Great Tusk|Protosynthesis|[silent]
|switch|p1a: Muk|Muk-Alola, F, tera:Flying|29/100
|-damage|p1a: Muk|5/100|[from] Stealth Rock
|-terastallize|p2a: Ogerpon|Water
|detailschange|p2a: Ogerpon|Ogerpon-Wellspring-Tera, F, tera:Water
|-ability|p2a: Ogerpon|Embody Aspect (Wellspring)|boost
|-boost|p2a: Ogerpon|spd|1
|move|p2a: Ogerpon|Ivy Cudgel|p1a: Muk|[anim] Ivy Cudgel Water
|-damage|p1a: Muk|0 fnt
|faint|p1a: Muk
|
|upkeep
|inactive|pap3ra has 120 seconds left.
|
|t:|1779815717
|switch|p1a: Fezandipiti|Fezandipiti, M|100/100
|-damage|p1a: Fezandipiti|88/100|[from] Stealth Rock
|turn|12
|inactive|pap3ra has 120 seconds left.
|
|t:|1779815726
|move|p2a: Ogerpon|U-turn|p1a: Fezandipiti
|-resisted|p1a: Fezandipiti
|-damage|p1a: Fezandipiti|81/100
|
|t:|1779815728
|switch|p2a: Ting-Lu|Ting-Lu|100/100|[from] U-turn
|-damage|p2a: Ting-Lu|94/100|[from] Stealth Rock
|-ability|p2a: Ting-Lu|Vessel of Ruin
|move|p1a: Fezandipiti|Beat Up|p2a: Ting-Lu
|-resisted|p2a: Ting-Lu
|-damage|p2a: Ting-Lu|93/100
|-resisted|p2a: Ting-Lu
|-damage|p2a: Ting-Lu|92/100
|-resisted|p2a: Ting-Lu
|-damage|p2a: Ting-Lu|91/100
|-resisted|p2a: Ting-Lu
|-damage|p2a: Ting-Lu|90/100
|-status|p2a: Ting-Lu|tox|[from] ability: Toxic Chain|[of] p1a: Fezandipiti
|-resisted|p2a: Ting-Lu
|-damage|p2a: Ting-Lu|90/100 tox
|-hitcount|p2a: Ting-Lu|5
|
|-damage|p2a: Ting-Lu|84/100 tox|[from] psn
|upkeep
|turn|13
|inactive|amaterasu258 has 90 seconds left.
|inactive|pap3ra has 120 seconds left.
|
|t:|1779815756
|switch|p1a: Great Tusk|Great Tusk|98/100
|-damage|p1a: Great Tusk|95/100|[from] Stealth Rock
|move|p2a: Ting-Lu|Whirlwind|p1a: Great Tusk
|-end|p1a: Great Tusk|Protosynthesis|[silent]
|drag|p1a: Chandelure|Chandelure, F, shiny|100/100
|-damage|p1a: Chandelure|76/100|[from] Stealth Rock
|
|-heal|p1a: Chandelure|82/100|[from] item: Leftovers
|-damage|p2a: Ting-Lu|71/100 tox|[from] psn
|upkeep
|turn|14
|inactive|pap3ra has 120 seconds left.
|
|t:|1779815771
|move|p1a: Chandelure|Energy Ball|p2a: Ting-Lu
|-supereffective|p2a: Ting-Lu
|-damage|p2a: Ting-Lu|39/100 tox
|move|p2a: Ting-Lu|Whirlwind|p1a: Chandelure
|drag|p1a: Skarmory|Skarmory, F|100/100
|-damage|p1a: Skarmory|88/100|[from] Stealth Rock
|
|-damage|p2a: Ting-Lu|21/100 tox|[from] psn
|upkeep
|turn|15
|inactive|pap3ra has 120 seconds left.
|
|t:|1779815791
|switch|p2a: Dragonite|Dragonite, F|53/100
|-damage|p2a: Dragonite|28/100|[from] Stealth Rock
|move|p1a: Skarmory|Brave Bird|p2a: Dragonite
|-damage|p2a: Dragonite|0 fnt
|faint|p2a: Dragonite
|-damage|p1a: Skarmory|78/100|[from] Recoil
|
|upkeep
|inactive|amaterasu258 has 60 seconds left.
|
|t:|1779815824
|switch|p2a: Ogerpon|Ogerpon-Wellspring-Tera, F, tera:Water|88/100
|-damage|p2a: Ogerpon|76/100|[from] Stealth Rock
|-ability|p2a: Ogerpon|Embody Aspect (Wellspring)|boost
|-boost|p2a: Ogerpon|spd|1
|turn|16
|inactive|pap3ra has 120 seconds left.
|
|t:|1779815842
|move|p2a: Ogerpon|Ivy Cudgel|p1a: Skarmory|[anim] Ivy Cudgel Water
|-damage|p1a: Skarmory|30/100
|move|p1a: Skarmory|Roost|p1a: Skarmory
|-heal|p1a: Skarmory|80/100
|-singleturn|p1a: Skarmory|move: Roost
|
|upkeep
|turn|17
|inactive|amaterasu258 has 30 seconds left.
|
|t:|1779815880
|move|p2a: Ogerpon|Encore|p1a: Skarmory
|-start|p1a: Skarmory|Encore
|move|p1a: Skarmory|Roost|p1a: Skarmory
|-heal|p1a: Skarmory|100/100
|-singleturn|p1a: Skarmory|move: Roost
|
|upkeep
|turn|18
|inactive|amaterasu258 has 30 seconds left.
|
|t:|1779815891
|switch|p1a: Chandelure|Chandelure, F, shiny|82/100
|-damage|p1a: Chandelure|57/100|[from] Stealth Rock
|move|p2a: Ogerpon|Ivy Cudgel|p1a: Chandelure|[anim] Ivy Cudgel Water
|-supereffective|p1a: Chandelure
|-damage|p1a: Chandelure|0 fnt
|faint|p1a: Chandelure
|
|upkeep
|
|t:|1779815902
|switch|p1a: Ogerpon|Ogerpon-Wellspring, F|100/100
|-damage|p1a: Ogerpon|88/100|[from] Stealth Rock
|turn|19
|
|t:|1779815915
|switch|p2a: Ting-Lu|Ting-Lu|21/100 tox
|-damage|p2a: Ting-Lu|14/100 tox|[from] Stealth Rock
|-ability|p2a: Ting-Lu|Vessel of Ruin
|move|p1a: Ogerpon|Horn Leech|p2a: Ting-Lu
|-supereffective|p2a: Ting-Lu
|-damage|p2a: Ting-Lu|0 fnt
|-heal|p1a: Ogerpon|99/100|[from] drain|[of] p2a: Ting-Lu
|faint|p2a: Ting-Lu
|
|upkeep
|inactive|amaterasu258 has 30 seconds left.
|
|t:|1779815927
|switch|p2a: Iron Valiant|Iron Valiant|100/100
|-damage|p2a: Iron Valiant|94/100|[from] Stealth Rock
|-enditem|p2a: Iron Valiant|Booster Energy
|-activate|p2a: Iron Valiant|ability: Quark Drive|[fromitem]
|-start|p2a: Iron Valiant|quarkdrivespe
|turn|20
|
|t:|1779815950
|move|p2a: Iron Valiant|Moonblast|p1a: Ogerpon
|-damage|p1a: Ogerpon|49/100
|move|p1a: Ogerpon|Ivy Cudgel|p2a: Iron Valiant|[anim] Ivy Cudgel Water
|-damage|p2a: Iron Valiant|22/100
|
|upkeep
|turn|21
|inactive|amaterasu258 has 30 seconds left.
|inactive|amaterasu258 has 20 seconds left.
|
|t:|1779815976
|switch|p1a: Fezandipiti|Fezandipiti, M|81/100
|-damage|p1a: Fezandipiti|69/100|[from] Stealth Rock
|move|p2a: Iron Valiant|Close Combat|p1a: Fezandipiti
|-resisted|p1a: Fezandipiti
|-damage|p1a: Fezandipiti|55/100
|-unboost|p2a: Iron Valiant|def|1
|-unboost|p2a: Iron Valiant|spd|1
|
|upkeep
|turn|22
|inactive|amaterasu258 has 30 seconds left this turn.
|inactive|amaterasu258 has 20 seconds left.
|inactive|amaterasu258 has 15 seconds left.
|inactive|amaterasu258 has 10 seconds left.
|
|t:|1779815997
|move|p2a: Iron Valiant|Moonblast|p1a: Fezandipiti
|-resisted|p1a: Fezandipiti
|-damage|p1a: Fezandipiti|43/100
|move|p1a: Fezandipiti|Beat Up|p2a: Iron Valiant
|-resisted|p2a: Iron Valiant
|-damage|p2a: Iron Valiant|20/100
|-resisted|p2a: Iron Valiant
|-damage|p2a: Iron Valiant|19/100
|-resisted|p2a: Iron Valiant
|-damage|p2a: Iron Valiant|17/100
|-resisted|p2a: Iron Valiant
|-damage|p2a: Iron Valiant|15/100
|-status|p2a: Iron Valiant|tox|[from] ability: Toxic Chain|[of] p1a: Fezandipiti
|-hitcount|p2a: Iron Valiant|4
|
|-damage|p2a: Iron Valiant|9/100 tox|[from] psn
|upkeep
|turn|23
|inactive|amaterasu258 has 20 seconds left this turn.
|inactive|amaterasu258 has 15 seconds left.
|
|t:|1779816016
|move|p2a: Iron Valiant|Close Combat|p1a: Fezandipiti
|-resisted|p1a: Fezandipiti
|-damage|p1a: Fezandipiti|28/100
|-unboost|p2a: Iron Valiant|def|1
|-unboost|p2a: Iron Valiant|spd|1
|move|p1a: Fezandipiti|Play Rough|p2a: Iron Valiant
|-supereffective|p2a: Iron Valiant
|-damage|p2a: Iron Valiant|0 fnt
|faint|p2a: Iron Valiant
|-end|p2a: Iron Valiant|Quark Drive|[silent]
|
|upkeep
|inactive|amaterasu258 has 20 seconds left this turn.
|inactive|amaterasu258 has 15 seconds left.
|
|t:|1779816024
|switch|p2a: Ogerpon|Ogerpon-Wellspring-Tera, F, tera:Water|76/100
|-damage|p2a: Ogerpon|64/100|[from] Stealth Rock
|-ability|p2a: Ogerpon|Embody Aspect (Wellspring)|boost
|-boost|p2a: Ogerpon|spd|1
|turn|24
|inactive|amaterasu258 has 25 seconds left this turn.
|
|t:|1779816034
|move|p2a: Ogerpon|Ivy Cudgel|p1a: Fezandipiti|[anim] Ivy Cudgel Water
|-damage|p1a: Fezandipiti|0 fnt
|faint|p1a: Fezandipiti
|
|upkeep
|
|t:|1779816041
|switch|p1a: Ogerpon|Ogerpon-Wellspring, F|49/100
|-damage|p1a: Ogerpon|37/100|[from] Stealth Rock
|turn|25
|
|t:|1779816047
|move|p1a: Ogerpon|Horn Leech|p2a: Ogerpon
|-supereffective|p2a: Ogerpon
|-damage|p2a: Ogerpon|0 fnt
|-heal|p1a: Ogerpon|69/100|[from] drain|[of] p2a: Ogerpon
|faint|p2a: Ogerpon
|detailschange|p2: Ogerpon|Ogerpon-Wellspring, F|[silent]
|
|win|pap3ra
|raw|pap3ra's rating: 1376 &rarr; <strong>1397</strong><br />(+21 for winning)
|raw|amaterasu258's rating: 1386 &rarr; <strong>1365</strong><br />(-21 for losing)
|l|☆pap3ra
|player|p1|
|l|☆amaterasu258
|player|p2|
