|j|☆leoisreallysmart
|j|☆pintopancho
|t:|1779923956
|gametype|singles
|player|p1|leoisreallysmart|2|1135
|player|p2|pintopancho|kimonogirl|1149
|gen|9
|tier|[Gen 9] OU
|rated|
|rule|HP Percentage Mod: HP is shown in percentages
|rule|Endless Battle Clause: Forcing endless battles is banned
|rule|Species Clause: Limit one of each Pokémon
|rule|OHKO Clause: OHKO moves are banned
|rule|Evasion Items Clause: Evasion items are banned
|rule|Evasion Moves Clause: Evasion moves are banned
|rule|Evasion Abilities Clause: Evasion abilities are banned
|rule|Sleep Moves Clause: Sleep-inducing moves are banned
|clearpoke
|poke|p1|Whimsicott, M|
|poke|p1|Hoopa|
|poke|p1|Sneasel-Hisui, M|
|poke|p1|Mandibuzz, F|
|poke|p1|Oricorio, M|
|poke|p1|Golem, M|
|poke|p2|Salazzle, F|
|poke|p2|Great Tusk|
|poke|p2|Zoroark-Hisui, M|
|poke|p2|Alomomola, M|
|poke|p2|Goodra-Hisui, M|
|poke|p2|Samurott-Hisui, F|
|teampreview
|inactive|Battle timer is ON: inactive players will automatically lose when time's up. (requested by pintopancho)
|c|☆pintopancho|Im scared
|c|☆leoisreallysmart|why
|c|☆leoisreallysmart|off meta?
|c|☆pintopancho|U have baby pokemons
|inactive|pintopancho has 120 seconds left.
|c|☆pintopancho|I dont want to be in tiktok
|c|☆pintopancho|HAHAHAHHAAH
|
|t:|1779924005
|teamsize|p1|6
|teamsize|p2|6
|start
|switch|p1a: Golem|Golem, M|100/100
|switch|p2a: Samurott|Samurott-Hisui, F, shiny|100/100
|turn|1
|c|☆leoisreallysmart|im not that good lol i just throw stuff together
|
|t:|1779924016
|move|p2a: Samurott|Sacred Sword|p1a: Golem
|-supereffective|p1a: Golem
|-damage|p1a: Golem|61/100
|move|p1a: Golem|Stealth Rock|p2a: Samurott
|-sidestart|p2: pintopancho|move: Stealth Rock
|
|upkeep
|turn|2
|
|t:|1779924031
|move|p2a: Samurott|Ceaseless Edge|p1a: Golem
|-damage|p1a: Golem|41/100
|-sidestart|p1: leoisreallysmart|Spikes
|move|p1a: Golem|Explosion|p2a: Samurott
|-damage|p2a: Samurott|0 fnt
|faint|p1a: Golem
|faint|p2a: Samurott
|
|upkeep
|
|t:|1779924052
|switch|p2a: Great Tusk|Great Tusk|100/100
|switch|p1a: Whimsicott|Whimsicott, M|100/100
|-damage|p2a: Great Tusk|98/100|[from] Stealth Rock
|-enditem|p2a: Great Tusk|Booster Energy
|-activate|p2a: Great Tusk|ability: Protosynthesis|[fromitem]
|-start|p2a: Great Tusk|protosynthesisatk
|turn|3
|inactive|leoisreallysmart has 120 seconds left.
|
|t:|1779924068
|-terastallize|p2a: Great Tusk|Ice
|move|p1a: Whimsicott|Giga Drain|p2a: Great Tusk
|-damage|p2a: Great Tusk|51/100
|move|p2a: Great Tusk|Rapid Spin|p1a: Whimsicott
|-damage|p1a: Whimsicott|66/100
|-boost|p2a: Great Tusk|spe|1
|-sideend|p2: pintopancho|Stealth Rock|[from] move: Rapid Spin|[of] p2a: Great Tusk
|
|upkeep
|turn|4
|
|t:|1779924074
|move|p1a: Whimsicott|Encore|p2a: Great Tusk
|-start|p2a: Great Tusk|Encore
|move|p2a: Great Tusk|Rapid Spin|p1a: Whimsicott
|-damage|p1a: Whimsicott|33/100
|-boost|p2a: Great Tusk|spe|1
|
|upkeep
|turn|5
|
|t:|1779924080
|-end|p2a: Great Tusk|Protosynthesis|[silent]
|switch|p2a: Goodra|Goodra-Hisui, M|100/100
|move|p1a: Whimsicott|U-turn|p2a: Goodra
|-resisted|p2a: Goodra
|-damage|p2a: Goodra|95/100
|
|t:|1779924086
|switch|p1a: Mandibuzz|Mandibuzz, F|100/100|[from] U-turn
|
|upkeep
|turn|6
|
|t:|1779924091
|move|p1a: Mandibuzz|Defog|p2a: Goodra
|-unboost|p2a: Goodra|evasion|1
|-sideend|p1: leoisreallysmart|Spikes|[from] move: Defog|[of] p1a: Mandibuzz
|move|p2a: Goodra|Knock Off|p1a: Mandibuzz
|-resisted|p1a: Mandibuzz
|-damage|p1a: Mandibuzz|94/100
|-enditem|p1a: Mandibuzz|Heavy-Duty Boots|[from] move: Knock Off|[of] p2a: Goodra
|
|upkeep
|turn|7
|
|t:|1779924099
|move|p1a: Mandibuzz|Foul Play|p2a: Goodra
|-damage|p2a: Goodra|63/100
|move|p2a: Goodra|Draco Meteor|p1a: Mandibuzz
|-damage|p1a: Mandibuzz|35/100
|-unboost|p2a: Goodra|spa|2
|
|upkeep
|turn|8
|
|t:|1779924117
|switch|p2a: Alomomola|Alomomola, M|100/100
|move|p1a: Mandibuzz|Roost|p1a: Mandibuzz
|-heal|p1a: Mandibuzz|86/100
|-singleturn|p1a: Mandibuzz|move: Roost
|
|upkeep
|turn|9
|
|t:|1779924125
|move|p1a: Mandibuzz|U-turn|p2a: Alomomola
|-damage|p2a: Alomomola|95/100
|-damage|p1a: Mandibuzz|69/100|[from] item: Rocky Helmet|[of] p2a: Alomomola
|
|t:|1779924129
|switch|p1a: Whimsicott|Whimsicott, M|33/100|[from] U-turn
|move|p2a: Alomomola|Scald|p1a: Whimsicott
|-resisted|p1a: Whimsicott
|-damage|p1a: Whimsicott|22/100
|
|upkeep
|turn|10
|
|t:|1779924133
|switch|p2a: Goodra|Goodra-Hisui, M|63/100
|move|p1a: Whimsicott|Giga Drain|p2a: Goodra
|-ability|p2a: Goodra|Sap Sipper|boost
|-boost|p2a: Goodra|atk|1
|
|upkeep
|turn|11
|
|t:|1779924140
|switch|p1a: Mandibuzz|Mandibuzz, F|69/100
|move|p2a: Goodra|Flamethrower|p1a: Mandibuzz
|-damage|p1a: Mandibuzz|45/100
|
|upkeep
|turn|12
|
|t:|1779924144
|move|p1a: Mandibuzz|Roost|p1a: Mandibuzz
|-heal|p1a: Mandibuzz|95/100
|-singleturn|p1a: Mandibuzz|move: Roost
|move|p2a: Goodra|Draco Meteor|p1a: Mandibuzz
|-damage|p1a: Mandibuzz|42/100
|-unboost|p2a: Goodra|spa|2
|
|upkeep
|turn|13
|
|t:|1779924147
|move|p1a: Mandibuzz|Roost|p1a: Mandibuzz
|-heal|p1a: Mandibuzz|92/100
|-singleturn|p1a: Mandibuzz|move: Roost
|move|p2a: Goodra|Acid Spray|p1a: Mandibuzz
|-damage|p1a: Mandibuzz|86/100
|-unboost|p1a: Mandibuzz|spd|2
|
|upkeep
|turn|14
|
|t:|1779924153
|move|p1a: Mandibuzz|U-turn|p2a: Goodra
|-resisted|p2a: Goodra
|-damage|p2a: Goodra|58/100
|
|t:|1779924162
|switch|p1a: Sneasel|Sneasel-Hisui, M|100/100|[from] U-turn
|move|p2a: Goodra|Acid Spray|p1a: Sneasel
|-resisted|p1a: Sneasel
|-damage|p1a: Sneasel|97/100
|-unboost|p1a: Sneasel|spd|2
|
|upkeep
|turn|15
|
|t:|1779924169
|move|p1a: Sneasel|Close Combat|p2a: Goodra
|-supereffective|p2a: Goodra
|-damage|p2a: Goodra|0 fnt
|-unboost|p1a: Sneasel|def|1
|-unboost|p1a: Sneasel|spd|1
|faint|p2a: Goodra
|
|upkeep
|
|t:|1779924181
|switch|p2a: Salazzle|Salazzle, F, shiny|100/100
|turn|16
|
|t:|1779924190
|switch|p1a: Mandibuzz|Mandibuzz, F|86/100
|move|p2a: Salazzle|Substitute|p2a: Salazzle
|-start|p2a: Salazzle|Substitute
|-damage|p2a: Salazzle|75/100
|
|-heal|p2a: Salazzle|82/100|[from] item: Leftovers
|upkeep
|turn|17
|
|t:|1779924199
|move|p2a: Salazzle|Toxic|p1a: Mandibuzz
|-status|p1a: Mandibuzz|tox
|move|p1a: Mandibuzz|Foul Play|p2a: Salazzle
|-end|p2a: Salazzle|Substitute
|
|-heal|p2a: Salazzle|88/100|[from] item: Leftovers
|-damage|p1a: Mandibuzz|79/100 tox|[from] psn
|upkeep
|turn|18
|
|t:|1779924205
|move|p2a: Salazzle|Disable|p1a: Mandibuzz
|-start|p1a: Mandibuzz|Disable|Foul Play
|cant|p1a: Mandibuzz|Disable|Foul Play
|
|-heal|p2a: Salazzle|94/100|[from] item: Leftovers
|-damage|p1a: Mandibuzz|67/100 tox|[from] psn
|upkeep
|turn|19
|
|t:|1779924211
|move|p2a: Salazzle|Encore|p1a: Mandibuzz
|-start|p1a: Mandibuzz|Encore
|cant|p1a: Mandibuzz|Disable|Foul Play
|
|-heal|p2a: Salazzle|99/100|[from] item: Leftovers
|-damage|p1a: Mandibuzz|49/100 tox|[from] psn
|upkeep
|turn|20
|
|t:|1779924218
|switch|p1a: Whimsicott|Whimsicott, M|22/100
|move|p2a: Salazzle|Disable||[still]
|-fail|p2a: Salazzle
|
|-heal|p2a: Salazzle|100/100|[from] item: Leftovers
|upkeep
|turn|21
|
|t:|1779924246
|move|p1a: Whimsicott|Encore|p2a: Salazzle
|-start|p2a: Salazzle|Encore
|move|p2a: Salazzle|Disable|p1a: Whimsicott
|-start|p1a: Whimsicott|Disable|Encore
|
|upkeep
|turn|22
|c|☆leoisreallysmart|:)
|
|t:|1779924256
|switch|p2a: Great Tusk|Great Tusk|100/100
|move|p1a: Whimsicott|Giga Drain|p2a: Great Tusk
|-damage|p2a: Great Tusk|39/100
|-heal|p1a: Whimsicott|52/100|[from] drain|[of] p2a: Great Tusk
|replace|p2a: Zoroark|Zoroark-Hisui, M
|-end|p2a: Zoroark|Illusion
|
|upkeep
|turn|23
|
|t:|1779924272
|move|p1a: Whimsicott|Giga Drain|p2a: Zoroark
|-damage|p2a: Zoroark|0 fnt
|-heal|p1a: Whimsicott|71/100|[from] drain|[of] p2a: Zoroark
|faint|p2a: Zoroark
|
|upkeep
|
|t:|1779924276
|switch|p2a: Salazzle|Salazzle, F, shiny|100/100
|turn|24
|
|t:|1779924286
|move|p2a: Salazzle|Substitute|p2a: Salazzle
|-start|p2a: Salazzle|Substitute
|-damage|p2a: Salazzle|75/100
|move|p1a: Whimsicott|U-turn|p2a: Salazzle
|-resisted|p2a: Salazzle
|-activate|p2a: Salazzle|move: Substitute|[damage]
|
|t:|1779924297
|switch|p1a: Hoopa|Hoopa|100/100|[from] U-turn
|-item|p1a: Hoopa|Air Balloon
|
|-heal|p2a: Salazzle|82/100|[from] item: Leftovers
|upkeep
|turn|25
|
|t:|1779924301
|move|p2a: Salazzle|Toxic|p1a: Hoopa
|-status|p1a: Hoopa|tox
|move|p1a: Hoopa|Psychic Noise|p2a: Salazzle
|-supereffective|p2a: Salazzle
|-crit|p2a: Salazzle
|-damage|p2a: Salazzle|0 fnt
|faint|p2a: Salazzle
|
|-damage|p1a: Hoopa|94/100 tox|[from] psn
|upkeep
|
|t:|1779924316
|switch|p2a: Great Tusk|Great Tusk, tera:Ice|51/100
|turn|26
|c|☆pintopancho|I liie ur team
|inactive|leoisreallysmart has 120 seconds left.
|c|☆pintopancho|Im going to copy it :)
|c|☆leoisreallysmart|thanks
|c|☆leoisreallysmart|you havent seen it all
|c|☆pintopancho|HAHAHAHAHH thats why I was scared
|inactive|leoisreallysmart has 90 seconds left.
|c|☆leoisreallysmart|the oricorio is tera ice sash
|c|☆leoisreallysmart|quiver dance t1 and sweep with stab 90 BP ice type boosted
|c|☆pintopancho|:0
|
|t:|1779924401
|move|p2a: Great Tusk|Knock Off|p1a: Hoopa
|-supereffective|p1a: Hoopa
|-damage|p1a: Hoopa|0 fnt
|-enditem|p1a: Hoopa|Air Balloon
|faint|p1a: Hoopa
|
|upkeep
|
|t:|1779924403
|switch|p1a: Oricorio|Oricorio, M|100/100
|turn|27
|
|t:|1779924410
|-end|p2a: Great Tusk|Protosynthesis|[silent]
|switch|p2a: Alomomola|Alomomola, M|100/100
|move|p1a: Oricorio|Revelation Dance|p2a: Alomomola
|-resisted|p2a: Alomomola
|-damage|p2a: Alomomola|73/100
|
|upkeep
|turn|28
|
|t:|1779924419
|move|p1a: Oricorio|Quiver Dance|p1a: Oricorio
|-boost|p1a: Oricorio|spa|1
|-boost|p1a: Oricorio|spd|1
|-boost|p1a: Oricorio|spe|1
|move|p2a: Alomomola|Wish|p2a: Alomomola
|
|upkeep
|turn|29
|inactive|leoisreallysmart has 90 seconds left.
|
|t:|1779924434
|move|p1a: Oricorio|Air Slash|p2a: Alomomola
|-damage|p2a: Alomomola|6/100
|move|p2a: Alomomola|Flip Turn|p1a: Oricorio
|-supereffective|p1a: Oricorio
|-damage|p1a: Oricorio|53/100
|
|t:|1779924436
|switch|p2a: Great Tusk|Great Tusk, tera:Ice|51/100|[from] Flip Turn
|
|-heal|p2a: Great Tusk|100/100|[from] move: Wish|[wisher] Alomomola
|upkeep
|turn|30
|
|t:|1779924443
|move|p1a: Oricorio|Revelation Dance|p2a: Great Tusk
|-supereffective|p2a: Great Tusk
|-damage|p2a: Great Tusk|0 fnt
|faint|p2a: Great Tusk
|-end|p2a: Great Tusk|Protosynthesis|[silent]
|
|upkeep
|
|t:|1779924446
|switch|p2a: Alomomola|Alomomola, M|39/100
|turn|31
|
|t:|1779924449
|move|p1a: Oricorio|Air Slash|p2a: Alomomola
|-damage|p2a: Alomomola|0 fnt
|faint|p2a: Alomomola
|
|win|leoisreallysmart
|raw|leoisreallysmart's rating: 1135 &rarr; <strong>1161</strong><br />(+26 for winning)
|raw|pintopancho's rating: 1149 &rarr; <strong>1123</strong><br />(-26 for losing)
|c|☆leoisreallysmart|gg
|c|☆pintopancho|Gg :)
|l|☆pintopancho
|player|p2|
|l|☆leoisreallysmart
|player|p1|
