|j|☆Pokemon147
|j|☆brobrubro
|inactive|Battle timer is ON: inactive players will automatically lose when time's up.
|t:|1779918931
|gametype|singles
|player|p1|Pokemon147|ryuki|
|player|p2|brobrubro|swimmerf-gen4dp|
|gen|9
|tier|[Gen 9] OU
|rated|Tournament battle
|rule|HP Percentage Mod: HP is shown in percentages
|rule|Endless Battle Clause: Forcing endless battles is banned
|rule|Species Clause: Limit one of each Pokémon
|rule|OHKO Clause: OHKO moves are banned
|rule|Evasion Items Clause: Evasion items are banned
|rule|Evasion Moves Clause: Evasion moves are banned
|rule|Evasion Abilities Clause: Evasion abilities are banned
|rule|Sleep Moves Clause: Sleep-inducing moves are banned
|clearpoke
|poke|p1|Garganacl, F|
|poke|p1|Darkrai|
|poke|p1|Great Tusk|
|poke|p1|Hatterene, F|
|poke|p1|Tornadus-Therian, M|
|poke|p1|Dragonite, M|
|poke|p2|Samurott-Hisui, M|
|poke|p2|Comfey, M|
|poke|p2|Slowking-Galar, F|
|poke|p2|Iron Treads|
|poke|p2|Moltres|
|poke|p2|Hydrapple, M|
|teampreview
|inactive|Pokemon147 has 120 seconds left.
|inactive|Pokemon147 has 90 seconds left.
|
|t:|1779919003
|teamsize|p1|6
|teamsize|p2|6
|start
|switch|p1a: Garganacl|Garganacl, F|100/100
|switch|p2a: Slowking|Slowking-Galar, F|100/100
|turn|1
|
|t:|1779919013
|move|p1a: Garganacl|Stealth Rock|p2a: Slowking
|-sidestart|p2: brobrubro|move: Stealth Rock
|move|p2a: Slowking|Future Sight|p1a: Garganacl
|-start|p2a: Slowking|move: Future Sight
|
|upkeep
|turn|2
|
|t:|1779919023
|move|p1a: Garganacl|Salt Cure|p2a: Slowking
|-damage|p2a: Slowking|85/100
|-start|p2a: Slowking|Salt Cure
|-prepare|p2a: Slowking|Chilly Reception|[premajor]
|move|p2a: Slowking|Chilly Reception|p2a: Slowking
|-weather|Snowscape
|
|t:|1779919030
|switch|p2a: Comfey|Comfey, M|100/100|[from] Chilly Reception
|-damage|p2a: Comfey|88/100|[from] Stealth Rock
|
|-weather|Snowscape|[upkeep]
|upkeep
|turn|3
|inactive|Pokemon147 has 120 seconds left.
|inactive|Pokemon147 has 90 seconds left.
|
|t:|1779919103
|move|p2a: Comfey|Draining Kiss|p1a: Garganacl
|-damage|p1a: Garganacl|72/100
|-heal|p2a: Comfey|100/100|[from] drain|[of] p1a: Garganacl
|move|p1a: Garganacl|Salt Cure|p2a: Comfey
|-damage|p2a: Comfey|79/100
|-start|p2a: Comfey|Salt Cure
|
|-weather|Snowscape|[upkeep]
|-end|p1a: Garganacl|move: Future Sight
|-damage|p1a: Garganacl|28/100
|-heal|p1a: Garganacl|34/100|[from] item: Leftovers
|-damage|p2a: Comfey|67/100|[from] Salt Cure
|upkeep
|turn|4
|
|t:|1779919115
|switch|p2a: Slowking|Slowking-Galar, F|100/100
|move|p1a: Garganacl|Protect||[still]
|-fail|p1a: Garganacl
|
|-weather|Snowscape|[upkeep]
|-heal|p1a: Garganacl|40/100|[from] item: Leftovers
|upkeep
|turn|5
|inactive|Pokemon147 has 90 seconds left.
|
|t:|1779919134
|move|p1a: Garganacl|Salt Cure|p2a: Slowking
|-damage|p2a: Slowking|85/100
|-start|p2a: Slowking|Salt Cure
|move|p2a: Slowking|Future Sight|p1a: Garganacl
|-start|p2a: Slowking|move: Future Sight
|
|-weather|Snowscape|[upkeep]
|-heal|p1a: Garganacl|47/100|[from] item: Leftovers
|-damage|p2a: Slowking|73/100|[from] Salt Cure
|upkeep
|turn|6
|
|t:|1779919144
|switch|p1a: Darkrai|Darkrai|100/100
|-prepare|p2a: Slowking|Chilly Reception|[premajor]
|move|p2a: Slowking|Chilly Reception|p2a: Slowking
|
|t:|1779919147
|switch|p2a: Comfey|Comfey, M|67/100|[from] Chilly Reception
|-damage|p2a: Comfey|54/100|[from] Stealth Rock
|
|-weather|none
|upkeep
|turn|7
|inactive|Pokemon147 has 90 seconds left.
|
|t:|1779919159
|switch|p1a: Hatterene|Hatterene, F|100/100
|-terastallize|p2a: Comfey|Fairy
|move|p2a: Comfey|Draining Kiss|p1a: Hatterene
|-damage|p1a: Hatterene|48/100
|-heal|p2a: Comfey|100/100|[from] drain|[of] p1a: Hatterene
|-damage|p2a: Comfey|84/100|[from] item: Rocky Helmet|[of] p1a: Hatterene
|
|-end|p1a: Hatterene|move: Future Sight
|-resisted|p1a: Hatterene
|-damage|p1a: Hatterene|25/100
|upkeep
|turn|8
|
|t:|1779919172
|move|p2a: Comfey|Draining Kiss|p1a: Hatterene
|-damage|p1a: Hatterene|0 fnt
|-heal|p2a: Comfey|100/100|[from] drain|[of] p1a: Hatterene
|-damage|p2a: Comfey|84/100|[from] item: Rocky Helmet|[of] p1a: Hatterene
|faint|p1a: Hatterene
|
|upkeep
|inactive|Pokemon147 has 90 seconds left.
|
|t:|1779919188
|switch|p1a: Garganacl|Garganacl, F|47/100
|turn|9
|
|t:|1779919193
|move|p2a: Comfey|Draining Kiss|p1a: Garganacl
|-damage|p1a: Garganacl|0 fnt
|-heal|p2a: Comfey|100/100|[from] drain|[of] p1a: Garganacl
|faint|p1a: Garganacl
|
|upkeep
|
|t:|1779919199
|switch|p1a: Tornadus|Tornadus-Therian, M, shiny|100/100
|turn|10
|
|t:|1779919210
|switch|p2a: Slowking|Slowking-Galar, F|100/100
|move|p1a: Tornadus|Bleakwind Storm|p2a: Slowking
|-damage|p2a: Slowking|69/100
|
|upkeep
|turn|11
|j| pacdan111
|
|t:|1779919230
|move|p1a: Tornadus|U-turn|p2a: Slowking
|-damage|p2a: Slowking|51/100
|
|t:|1779919232
|switch|p1a: Great Tusk|Great Tusk|100/100|[from] U-turn
|-enditem|p1a: Great Tusk|Booster Energy
|-activate|p1a: Great Tusk|ability: Protosynthesis|[fromitem]
|-start|p1a: Great Tusk|protosynthesisatk
|-prepare|p2a: Slowking|Chilly Reception|[premajor]
|move|p2a: Slowking|Chilly Reception|p2a: Slowking
|-weather|Snowscape
|l| pacdan111
|inactive|brobrubro has 120 seconds left.
|
|t:|1779919267
|switch|p2a: Hydrapple|Hydrapple, M, shiny|100/100|[from] Chilly Reception
|-damage|p2a: Hydrapple|88/100|[from] Stealth Rock
|
|-weather|Snowscape|[upkeep]
|upkeep
|turn|12
|inactive|brobrubro has 120 seconds left.
|
|t:|1779919297
|-terastallize|p1a: Great Tusk|Ice
|move|p1a: Great Tusk|Ice Spinner|p2a: Hydrapple
|-supereffective|p2a: Hydrapple
|-damage|p2a: Hydrapple|0 fnt
|-damage|p1a: Great Tusk|84/100|[from] item: Rocky Helmet|[of] p2a: Hydrapple
|faint|p2a: Hydrapple
|
|-weather|Snowscape|[upkeep]
|upkeep
|
|t:|1779919311
|switch|p2a: Moltres|Moltres|100/100
|turn|13
|
|t:|1779919330
|-end|p1a: Great Tusk|Protosynthesis|[silent]
|switch|p1a: Dragonite|Dragonite, M|100/100
|move|p2a: Moltres|Flamethrower|p1a: Dragonite
|-resisted|p1a: Dragonite
|-damage|p1a: Dragonite|90/100
|
|-weather|Snowscape|[upkeep]
|upkeep
|turn|14
|
|t:|1779919341
|move|p1a: Dragonite|Dragon Dance|p1a: Dragonite
|-boost|p1a: Dragonite|atk|1
|-boost|p1a: Dragonite|spe|1
|move|p2a: Moltres|U-turn|p1a: Dragonite
|-resisted|p1a: Dragonite
|-damage|p1a: Dragonite|83/100
|
|t:|1779919348
|switch|p2a: Samurott|Samurott-Hisui, M|100/100|[from] U-turn
|-damage|p2a: Samurott|88/100|[from] Stealth Rock
|
|-weather|Snowscape|[upkeep]
|upkeep
|turn|15
|
|t:|1779919366
|move|p2a: Samurott|Ceaseless Edge|p1a: Dragonite
|-damage|p1a: Dragonite|31/100
|-sidestart|p1: Pokemon147|Spikes
|move|p1a: Dragonite|Earthquake|p2a: Samurott
|-damage|p2a: Samurott|11/100
|
|-weather|none
|upkeep
|turn|16
|j| pacdan111
|l| pacdan111
|inactive|Pokemon147 has 120 seconds left.
|
|t:|1779919374
|move|p1a: Dragonite|Extreme Speed|p2a: Samurott
|-damage|p2a: Samurott|0 fnt
|faint|p2a: Samurott
|
|upkeep
|
|t:|1779919380
|switch|p2a: Comfey|Comfey, M, tera:Fairy|100/100
|-damage|p2a: Comfey|88/100|[from] Stealth Rock
|turn|17
|
|t:|1779919389
|move|p2a: Comfey|Draining Kiss|p1a: Dragonite
|-supereffective|p1a: Dragonite
|-damage|p1a: Dragonite|0 fnt
|-heal|p2a: Comfey|100/100|[from] drain|[of] p1a: Dragonite
|faint|p1a: Dragonite
|
|upkeep
|
|t:|1779919392
|switch|p1a: Tornadus|Tornadus-Therian, M, shiny|100/100
|turn|18
|j| Voltx5
|
|t:|1779919404
|switch|p2a: Slowking|Slowking-Galar, F|84/100
|move|p1a: Tornadus|Bleakwind Storm|p2a: Slowking
|-damage|p2a: Slowking|52/100
|-unboost|p2a: Slowking|spe|1
|
|upkeep
|turn|19
|
|t:|1779919419
|move|p1a: Tornadus|Knock Off|p2a: Slowking
|-supereffective|p2a: Slowking
|-damage|p2a: Slowking|2/100
|-enditem|p2a: Slowking|Heavy-Duty Boots|[from] move: Knock Off|[of] p1a: Tornadus
|-prepare|p2a: Slowking|Chilly Reception|[premajor]
|move|p2a: Slowking|Chilly Reception|p2a: Slowking
|-weather|Snowscape
|
|t:|1779919425
|switch|p2a: Iron Treads|Iron Treads|100/100|[from] Chilly Reception
|-damage|p2a: Iron Treads|98/100|[from] Stealth Rock
|
|-weather|Snowscape|[upkeep]
|-heal|p2a: Iron Treads|100/100|[from] item: Leftovers
|upkeep
|turn|20
|
|t:|1779919440
|move|p2a: Iron Treads|Rapid Spin|p1a: Tornadus
|-damage|p1a: Tornadus|84/100
|-boost|p2a: Iron Treads|spe|1
|-sideend|p2: brobrubro|Stealth Rock|[from] move: Rapid Spin|[of] p2a: Iron Treads
|move|p1a: Tornadus|Heat Wave|p2a: Iron Treads
|-supereffective|p2a: Iron Treads
|-damage|p2a: Iron Treads|37/100
|
|-weather|Snowscape|[upkeep]
|-heal|p2a: Iron Treads|43/100|[from] item: Leftovers
|upkeep
|turn|21
|
|t:|1779919464
|move|p2a: Iron Treads|Stealth Rock|p1a: Tornadus
|-sidestart|p1: Pokemon147|move: Stealth Rock
|move|p1a: Tornadus|Heat Wave|p2a: Iron Treads
|-supereffective|p2a: Iron Treads
|-damage|p2a: Iron Treads|0 fnt
|faint|p2a: Iron Treads
|-end|p2a: Iron Treads|Quark Drive|[silent]
|
|-weather|Snowscape|[upkeep]
|upkeep
|
|t:|1779919473
|switch|p2a: Moltres|Moltres|100/100
|turn|22
|inactive|brobrubro has 120 seconds left.
|
|t:|1779919489
|move|p1a: Tornadus|Bleakwind Storm|p2a: Moltres|[miss]
|-miss|p1a: Tornadus|p2a: Moltres
|move|p2a: Moltres|Flamethrower|p1a: Tornadus
|-damage|p1a: Tornadus|60/100
|
|-weather|Snowscape|[upkeep]
|upkeep
|turn|23
|inactive|Pokemon147 has 120 seconds left.
|
|t:|1779919537
|move|p1a: Tornadus|Bleakwind Storm|p2a: Moltres|[miss]
|-miss|p1a: Tornadus|p2a: Moltres
|move|p2a: Moltres|Flamethrower|p1a: Tornadus
|-damage|p1a: Tornadus|34/100
|
|-weather|none
|upkeep
|turn|24
|
|t:|1779919548
|move|p1a: Tornadus|Bleakwind Storm|p2a: Moltres
|-damage|p2a: Moltres|45/100
|move|p2a: Moltres|U-turn|p1a: Tornadus
|-resisted|p1a: Tornadus
|-damage|p1a: Tornadus|25/100
|
|t:|1779919554
|switch|p2a: Slowking|Slowking-Galar, F|36/100|[from] U-turn
|
|upkeep
|turn|25
|inactive|Pokemon147 has 120 seconds left.
|
|t:|1779919568
|move|p1a: Tornadus|Knock Off|p2a: Slowking
|-supereffective|p2a: Slowking
|-damage|p2a: Slowking|5/100
|move|p2a: Slowking|Sludge Bomb|p1a: Tornadus
|-damage|p1a: Tornadus|3/100
|
|upkeep
|turn|26
|
|t:|1779919578
|switch|p2a: Moltres|Moltres|45/100
|move|p1a: Tornadus|Bleakwind Storm|p2a: Moltres
|-damage|p2a: Moltres|0 fnt
|faint|p2a: Moltres
|
|upkeep
|inactive|brobrubro has 120 seconds left.
|
|t:|1779919589
|switch|p2a: Slowking|Slowking-Galar, F|38/100
|turn|27
|inactive|brobrubro has 120 seconds left.
|
|t:|1779919605
|move|p1a: Tornadus|Bleakwind Storm|p2a: Slowking|[miss]
|-miss|p1a: Tornadus|p2a: Slowking
|move|p2a: Slowking|Future Sight|p1a: Tornadus
|-start|p2a: Slowking|move: Future Sight
|
|upkeep
|turn|28
|inactive|brobrubro has 120 seconds left.
|
|t:|1779919630
|move|p1a: Tornadus|Knock Off|p2a: Slowking
|-supereffective|p2a: Slowking
|-damage|p2a: Slowking|8/100
|move|p2a: Slowking|Sludge Bomb|p1a: Tornadus
|-damage|p1a: Tornadus|0 fnt
|faint|p1a: Tornadus
|
|upkeep
|
|t:|1779919633
|switch|p1a: Great Tusk|Great Tusk, tera:Ice|84/100
|-damage|p1a: Great Tusk|72/100|[from] Spikes
|-damage|p1a: Great Tusk|47/100|[from] Stealth Rock
|turn|29
|inactive|brobrubro has 120 seconds left.
|
|t:|1779919651
|move|p1a: Great Tusk|Rapid Spin|p2a: Slowking
|-damage|p2a: Slowking|0 fnt
|-boost|p1a: Great Tusk|spe|1
|-sideend|p1: Pokemon147|Spikes|[from] move: Rapid Spin|[of] p1a: Great Tusk
|-sideend|p1: Pokemon147|Stealth Rock|[from] move: Rapid Spin|[of] p1a: Great Tusk
|faint|p2a: Slowking
|
|-end|p1a: Great Tusk|move: Future Sight
|-damage|p1a: Great Tusk|0 fnt
|faint|p1a: Great Tusk
|-end|p1a: Great Tusk|Protosynthesis|[silent]
|upkeep
|inactive|brobrubro has 120 seconds left.
|
|t:|1779919660
|switch|p1a: Darkrai|Darkrai|100/100
|switch|p2a: Comfey|Comfey, M, tera:Fairy|100/100
|turn|30
|
|t:|1779919667
|move|p2a: Comfey|Draining Kiss|p1a: Darkrai
|-supereffective|p1a: Darkrai
|-damage|p1a: Darkrai|0 fnt
|faint|p1a: Darkrai
|
|win|brobrubro
|n|☆Pokemon147|pokemon147
|n|☆brobrubro|brobrubro
|n| Voltx5|voltx5
|c|☆brobrubro|gg
