|j|☆Womanofthepeople
|j|☆kooopooolooo
|t:|1779967149
|gametype|singles
|player|p1|Womanofthepeople|beauty-gen4dp|1491
|player|p2|kooopooolooo|102|1597
|gen|9
|tier|[Gen 9] OU
|rated|
|rule|HP Percentage Mod: HP is shown in percentages
|rule|Endless Battle Clause: Forcing endless battles is banned
|rule|Species Clause: Limit one of each Pokémon
|rule|OHKO Clause: OHKO moves are banned
|rule|Evasion Items Clause: Evasion items are banned
|rule|Evasion Moves Clause: Evasion moves are banned
|rule|Evasion Abilities Clause: Evasion abilities are banned
|rule|Sleep Moves Clause: Sleep-inducing moves are banned
|clearpoke
|poke|p1|Okidogi, M|
|poke|p1|Dragapult, M|
|poke|p1|Kingambit, F|
|poke|p1|Samurott-Hisui, M|
|poke|p1|Great Tusk|
|poke|p1|Alomomola, F|
|poke|p2|Tyranitar, F|
|poke|p2|Alomomola, M|
|poke|p2|Pecharunt|
|poke|p2|Tornadus-Therian, M|
|poke|p2|Rillaboom, M|
|poke|p2|Iron Treads|
|teampreview
|
|t:|1779967173
|teamsize|p1|6
|teamsize|p2|6
|start
|switch|p1a: Dragapult|Dragapult, M|100/100
|switch|p2a: Rillaboom|Rillaboom, M|100/100
|-fieldstart|move: Grassy Terrain|[from] ability: Grassy Surge|[of] p2a: Rillaboom
|turn|1
|
|t:|1779967199
|switch|p2a: Hank|Alomomola, M|100/100
|move|p1a: Dragapult|Will-O-Wisp|p2a: Hank
|-status|p2a: Hank|brn
|
|-damage|p2a: Hank|94/100 brn|[from] brn
|upkeep
|turn|2
|
|t:|1779967229
|move|p1a: Dragapult|Hex|p2a: Hank
|-damage|p2a: Hank|32/100 brn
|move|p2a: Hank|Flip Turn|p1a: Dragapult
|-resisted|p1a: Dragapult
|-damage|p1a: Dragapult|95/100
|
|t:|1779967233
|switch|p2a: OU Forever|Tyranitar, F|100/100|[from] Flip Turn
|-weather|Sandstorm|[from] ability: Sand Stream|[of] p2a: OU Forever
|
|-weather|Sandstorm|[upkeep]
|-damage|p1a: Dragapult|89/100|[from] Sandstorm
|-heal|p1a: Dragapult|95/100|[from] Grassy Terrain
|upkeep
|turn|3
|
|t:|1779967285
|move|p1a: Dragapult|U-turn|p2a: OU Forever
|-supereffective|p2a: OU Forever
|-damage|p2a: OU Forever|70/100
|
|t:|1779967288
|switch|p1a: Great Tusk|Great Tusk|100/100|[from] U-turn
|move|p2a: OU Forever|Knock Off|p1a: Great Tusk
|-resisted|p1a: Great Tusk
|-damage|p1a: Great Tusk|85/100
|-damage|p2a: OU Forever|54/100|[from] item: Rocky Helmet|[of] p1a: Great Tusk
|-enditem|p1a: Great Tusk|Rocky Helmet|[from] move: Knock Off|[of] p2a: OU Forever
|
|-weather|Sandstorm|[upkeep]
|-heal|p1a: Great Tusk|91/100|[from] Grassy Terrain
|-heal|p2a: OU Forever|60/100|[from] Grassy Terrain
|upkeep
|turn|4
|
|t:|1779967314
|switch|p2a: Hank|Alomomola, M|65/100 brn
|move|p1a: Great Tusk|Stealth Rock|p2a: Hank
|-sidestart|p2: kooopooolooo|move: Stealth Rock
|
|-weather|Sandstorm|[upkeep]
|-damage|p2a: Hank|59/100 brn|[from] Sandstorm
|-heal|p1a: Great Tusk|97/100|[from] Grassy Terrain
|-heal|p2a: Hank|65/100 brn|[from] Grassy Terrain
|-damage|p2a: Hank|59/100 brn|[from] brn
|upkeep
|turn|5
|
|t:|1779967340
|move|p1a: Great Tusk|Headlong Rush|p2a: Hank
|-damage|p2a: Hank|31/100 brn
|-unboost|p1a: Great Tusk|def|1
|-unboost|p1a: Great Tusk|spd|1
|-damage|p1a: Great Tusk|81/100|[from] item: Rocky Helmet|[of] p2a: Hank
|move|p2a: Hank|Flip Turn|p1a: Great Tusk
|-supereffective|p1a: Great Tusk
|-damage|p1a: Great Tusk|65/100
|inactive|Battle timer is ON: inactive players will automatically lose when time's up. (requested by Womanofthepeople)
|
|t:|1779967385
|switch|p2a: Iron Treads|Iron Treads|100/100|[from] Flip Turn
|
|-weather|Sandstorm|[upkeep]
|-heal|p1a: Great Tusk|71/100|[from] Grassy Terrain
|-fieldend|move: Grassy Terrain
|upkeep
|turn|6
|
|t:|1779967393
|-end|p1a: Great Tusk|Protosynthesis|[silent]
|switch|p1a: Dragapult|Dragapult, M|95/100
|move|p2a: Iron Treads|Earth Power|p1a: Dragapult
|-damage|p1a: Dragapult|55/100
|
|-weather|none
|upkeep
|turn|7
|
|t:|1779967400
|move|p1a: Dragapult|U-turn|p2a: Iron Treads
|-resisted|p2a: Iron Treads
|-damage|p2a: Iron Treads|92/100
|
|t:|1779967403
|switch|p1a: Alomomola|Alomomola, F|100/100|[from] U-turn
|move|p2a: Iron Treads|Earth Power|p1a: Alomomola
|-damage|p1a: Alomomola|70/100
|
|upkeep
|turn|8
|
|t:|1779967410
|move|p2a: Iron Treads|Stealth Rock|p1a: Alomomola
|-sidestart|p1: Womanofthepeople|move: Stealth Rock
|move|p1a: Alomomola|Flip Turn|p2a: Iron Treads
|-supereffective|p2a: Iron Treads
|-damage|p2a: Iron Treads|64/100
|
|t:|1779967415
|switch|p1a: Great Tusk|Great Tusk|71/100|[from] Flip Turn
|-damage|p1a: Great Tusk|68/100|[from] Stealth Rock
|
|upkeep
|turn|9
|
|t:|1779967419
|-end|p2a: Iron Treads|Quark Drive|[silent]
|switch|p2a: Hank|Alomomola, M|64/100 brn
|-damage|p2a: Hank|52/100 brn|[from] Stealth Rock
|move|p1a: Great Tusk|Headlong Rush|p2a: Hank
|-damage|p2a: Hank|23/100 brn
|-unboost|p1a: Great Tusk|def|1
|-unboost|p1a: Great Tusk|spd|1
|-damage|p1a: Great Tusk|51/100|[from] item: Rocky Helmet|[of] p2a: Hank
|
|-damage|p2a: Hank|16/100 brn|[from] brn
|upkeep
|turn|10
|
|t:|1779967426
|switch|p2a: Pecharunt|Pecharunt|100/100
|move|p1a: Great Tusk|Headlong Rush|p2a: Pecharunt
|-supereffective|p2a: Pecharunt
|-damage|p2a: Pecharunt|56/100
|-unboost|p1a: Great Tusk|def|1
|-unboost|p1a: Great Tusk|spd|1
|
|upkeep
|turn|11
|
|t:|1779967438
|-end|p1a: Great Tusk|Protosynthesis|[silent]
|switch|p1a: Samurott|Samurott-Hisui, M|100/100
|-damage|p1a: Samurott|88/100|[from] Stealth Rock
|move|p2a: Pecharunt|Toxic|p1a: Samurott
|-status|p1a: Samurott|tox
|-start|p1a: Samurott|confusion|[from] ability: Poison Puppeteer|[of] p2a: Pecharunt
|
|-damage|p1a: Samurott|82/100 tox|[from] psn
|upkeep
|turn|12
|
|t:|1779967449
|-activate|p1a: Samurott|confusion
|move|p1a: Samurott|Ceaseless Edge|p2a: Pecharunt|[miss]
|-miss|p1a: Samurott|p2a: Pecharunt
|move|p2a: Pecharunt|Recover|p2a: Pecharunt
|-heal|p2a: Pecharunt|100/100
|
|-damage|p1a: Samurott|70/100 tox|[from] psn
|upkeep
|turn|13
|
|t:|1779967457
|switch|p1a: Kingambit|Kingambit, F|100/100
|-damage|p1a: Kingambit|94/100|[from] Stealth Rock
|move|p2a: Pecharunt|Parting Shot|p1a: Kingambit
|-unboost|p1a: Kingambit|atk|1
|-unboost|p1a: Kingambit|spa|1
|
|t:|1779967462
|switch|p2a: Iron Treads|Iron Treads|64/100|[from] Parting Shot
|
|-heal|p1a: Kingambit|100/100|[from] item: Leftovers
|upkeep
|turn|14
|
|t:|1779967467
|-end|p1a: Kingambit|fallenundefined|[silent]
|switch|p1a: Alomomola|Alomomola, F|100/100
|move|p2a: Iron Treads|Earth Power|p1a: Alomomola
|-damage|p1a: Alomomola|68/100
|
|upkeep
|turn|15
|
|t:|1779967473
|move|p2a: Iron Treads|Rapid Spin|p1a: Alomomola
|-damage|p1a: Alomomola|61/100
|-boost|p2a: Iron Treads|spe|1
|-sideend|p2: kooopooolooo|Stealth Rock|[from] move: Rapid Spin|[of] p2a: Iron Treads
|move|p1a: Alomomola|Flip Turn|p2a: Iron Treads
|-supereffective|p2a: Iron Treads
|-damage|p2a: Iron Treads|36/100
|
|t:|1779967493
|switch|p1a: Great Tusk|Great Tusk|51/100|[from] Flip Turn
|-damage|p1a: Great Tusk|48/100|[from] Stealth Rock
|
|upkeep
|turn|16
|
|t:|1779967498
|-end|p2a: Iron Treads|Quark Drive|[silent]
|switch|p2a: Pecharunt|Pecharunt|100/100
|move|p1a: Great Tusk|Stealth Rock|p2a: Pecharunt
|-sidestart|p2: kooopooolooo|move: Stealth Rock
|
|upkeep
|turn|17
|
|t:|1779967507
|-end|p1a: Great Tusk|Protosynthesis|[silent]
|switch|p1a: Kingambit|Kingambit, F|100/100
|-damage|p1a: Kingambit|94/100|[from] Stealth Rock
|move|p2a: Pecharunt|Parting Shot|p1a: Kingambit
|-unboost|p1a: Kingambit|atk|1
|-unboost|p1a: Kingambit|spa|1
|
|t:|1779967514
|switch|p2a: Iron Treads|Iron Treads|36/100|[from] Parting Shot
|
|-heal|p1a: Kingambit|100/100|[from] item: Leftovers
|upkeep
|turn|18
|
|t:|1779967520
|-end|p2a: Iron Treads|Quark Drive|[silent]
|switch|p2a: Pecharunt|Pecharunt|100/100
|move|p1a: Kingambit|Sucker Punch||[still]
|-fail|p1a: Kingambit
|
|upkeep
|turn|19
|
|t:|1779967523
|move|p2a: Pecharunt|Parting Shot|p1a: Kingambit
|-unboost|p1a: Kingambit|atk|1
|-unboost|p1a: Kingambit|spa|1
|
|t:|1779967525
|switch|p2a: Hank|Alomomola, M|50/100 brn|[from] Parting Shot
|-damage|p2a: Hank|37/100 brn|[from] Stealth Rock
|move|p1a: Kingambit|Swords Dance|p1a: Kingambit
|-boost|p1a: Kingambit|atk|2
|
|-damage|p2a: Hank|31/100 brn|[from] brn
|upkeep
|turn|20
|
|t:|1779967531
|move|p1a: Kingambit|Swords Dance|p1a: Kingambit
|-boost|p1a: Kingambit|atk|2
|move|p2a: Hank|Wish|p2a: Hank
|
|-damage|p2a: Hank|25/100 brn|[from] brn
|upkeep
|turn|21
|
|t:|1779967537
|move|p1a: Kingambit|Kowtow Cleave|p2a: Hank
|-damage|p2a: Hank|0 fnt
|-damage|p1a: Kingambit|84/100|[from] item: Rocky Helmet|[of] p2a: Hank
|faint|p2a: Hank
|
|-heal|p1a: Kingambit|90/100|[from] item: Leftovers
|upkeep
|
|t:|1779967541
|switch|p2a: Iron Treads|Iron Treads|36/100
|turn|22
|
|t:|1779967547
|move|p1a: Kingambit|Sucker Punch|p2a: Iron Treads
|-damage|p2a: Iron Treads|0 fnt
|faint|p2a: Iron Treads
|-end|p2a: Iron Treads|Quark Drive|[silent]
|
|-heal|p1a: Kingambit|96/100|[from] item: Leftovers
|upkeep
|
|t:|1779967551
|switch|p2a: OU Forever|Tyranitar, F|60/100
|-damage|p2a: OU Forever|48/100|[from] Stealth Rock
|-weather|Sandstorm|[from] ability: Sand Stream|[of] p2a: OU Forever
|turn|23
|
|t:|1779967559
|move|p2a: OU Forever|Low Kick|p1a: Kingambit
|-supereffective|p1a: Kingambit
|-damage|p1a: Kingambit|0 fnt
|faint|p1a: Kingambit
|-end|p1a: Kingambit|fallenundefined|[silent]
|
|-weather|Sandstorm|[upkeep]
|upkeep
|
|t:|1779967571
|switch|p1a: Great Tusk|Great Tusk|48/100
|-damage|p1a: Great Tusk|45/100|[from] Stealth Rock
|turn|24
|
|t:|1779967575
|switch|p2a: Tornadus|Tornadus-Therian, M|100/100
|-damage|p2a: Tornadus|76/100|[from] Stealth Rock
|move|p1a: Great Tusk|Rapid Spin|p2a: Tornadus
|-damage|p2a: Tornadus|58/100
|-boost|p1a: Great Tusk|spe|1
|-sideend|p1: Womanofthepeople|Stealth Rock|[from] move: Rapid Spin|[of] p1a: Great Tusk
|
|-weather|Sandstorm|[upkeep]
|-damage|p2a: Tornadus|52/100|[from] Sandstorm
|upkeep
|turn|25
|inactive|Womanofthepeople has 120 seconds left.
|
|t:|1779967627
|switch|p2a: Pecharunt|Pecharunt|100/100
|move|p1a: Great Tusk|Ice Spinner|p2a: Pecharunt
|-damage|p2a: Pecharunt|89/100
|
|-weather|Sandstorm|[upkeep]
|-damage|p2a: Pecharunt|83/100|[from] Sandstorm
|upkeep
|turn|26
|
|t:|1779967638
|-end|p1a: Great Tusk|Protosynthesis|[silent]
|switch|p1a: Samurott|Samurott-Hisui, M|70/100 tox
|move|p2a: Pecharunt|Parting Shot|p1a: Samurott
|-unboost|p1a: Samurott|atk|1
|-unboost|p1a: Samurott|spa|1
|
|t:|1779967641
|switch|p2a: Rillaboom|Rillaboom, M|100/100|[from] Parting Shot
|-damage|p2a: Rillaboom|88/100|[from] Stealth Rock
|-fieldstart|move: Grassy Terrain|[from] ability: Grassy Surge|[of] p2a: Rillaboom
|
|-weather|Sandstorm|[upkeep]
|-damage|p2a: Rillaboom|82/100|[from] Sandstorm
|-damage|p1a: Samurott|64/100 tox|[from] Sandstorm
|-heal|p2a: Rillaboom|88/100|[from] Grassy Terrain
|-heal|p1a: Samurott|70/100 tox|[from] Grassy Terrain
|-damage|p1a: Samurott|64/100 tox|[from] psn
|upkeep
|turn|27
|
|t:|1779967649
|switch|p1a: Okidogi|Okidogi, M|100/100
|move|p2a: Rillaboom|U-turn|p1a: Okidogi
|-resisted|p1a: Okidogi
|-damage|p1a: Okidogi|93/100
|
|t:|1779967652
|switch|p2a: Tornadus|Tornadus-Therian, M|85/100|[from] U-turn
|-damage|p2a: Tornadus|60/100|[from] Stealth Rock
|
|-weather|none
|-heal|p1a: Okidogi|99/100|[from] Grassy Terrain
|upkeep
|turn|28
|inactive|Womanofthepeople has 120 seconds left.
|
|t:|1779967661
|move|p2a: Tornadus|Bleakwind Storm|p1a: Okidogi
|-supereffective|p1a: Okidogi
|-damage|p1a: Okidogi|46/100
|move|p1a: Okidogi|Knock Off|p2a: Tornadus
|-damage|p2a: Tornadus|20/100
|-enditem|p2a: Tornadus|Assault Vest|[from] move: Knock Off|[of] p1a: Okidogi
|
|-heal|p1a: Okidogi|52/100|[from] Grassy Terrain
|upkeep
|turn|29
|inactive|Womanofthepeople has 120 seconds left.
|
|t:|1779967671
|switch|p1a: Alomomola|Alomomola, F|95/100
|move|p2a: Tornadus|Bleakwind Storm|p1a: Alomomola|[miss]
|-miss|p2a: Tornadus|p1a: Alomomola
|
|-heal|p1a: Alomomola|100/100|[from] Grassy Terrain
|upkeep
|turn|30
|
|t:|1779967679
|switch|p2a: Rillaboom|Rillaboom, M|88/100
|-damage|p2a: Rillaboom|76/100|[from] Stealth Rock
|move|p1a: Alomomola|Flip Turn|p2a: Rillaboom
|-resisted|p2a: Rillaboom
|-damage|p2a: Rillaboom|66/100
|
|t:|1779967687
|switch|p1a: Dragapult|Dragapult, M|55/100|[from] Flip Turn
|
|-heal|p1a: Dragapult|61/100|[from] Grassy Terrain
|-heal|p2a: Rillaboom|72/100|[from] Grassy Terrain
|-fieldend|move: Grassy Terrain
|upkeep
|turn|31
|
|t:|1779967694
|switch|p2a: OU Forever|Tyranitar, F|48/100
|-damage|p2a: OU Forever|35/100|[from] Stealth Rock
|-weather|Sandstorm|[from] ability: Sand Stream|[of] p2a: OU Forever
|move|p1a: Dragapult|U-turn|p2a: OU Forever
|-supereffective|p2a: OU Forever
|-damage|p2a: OU Forever|7/100
|
|t:|1779967704
|switch|p1a: Great Tusk|Great Tusk|45/100|[from] U-turn
|
|-weather|Sandstorm|[upkeep]
|upkeep
|turn|32
|
|t:|1779967714
|move|p1a: Great Tusk|Ice Spinner|p2a: OU Forever
|-damage|p2a: OU Forever|0 fnt
|faint|p2a: OU Forever
|
|-weather|Sandstorm|[upkeep]
|upkeep
|
|t:|1779967717
|switch|p2a: Tornadus|Tornadus-Therian, M|54/100
|-damage|p2a: Tornadus|29/100|[from] Stealth Rock
|turn|33
|
|t:|1779967722
|-end|p1a: Great Tusk|Protosynthesis|[silent]
|switch|p1a: Alomomola|Alomomola, F|100/100
|move|p2a: Tornadus|U-turn|p1a: Alomomola
|-damage|p1a: Alomomola|93/100
|
|t:|1779967724
|switch|p2a: Rillaboom|Rillaboom, M|72/100|[from] U-turn
|-damage|p2a: Rillaboom|60/100|[from] Stealth Rock
|-fieldstart|move: Grassy Terrain|[from] ability: Grassy Surge|[of] p2a: Rillaboom
|
|-weather|Sandstorm|[upkeep]
|-damage|p2a: Rillaboom|54/100|[from] Sandstorm
|-damage|p1a: Alomomola|87/100|[from] Sandstorm
|-heal|p2a: Rillaboom|60/100|[from] Grassy Terrain
|-heal|p1a: Alomomola|93/100|[from] Grassy Terrain
|upkeep
|turn|34
|
|t:|1779967741
|move|p1a: Alomomola|Protect|p1a: Alomomola
|-singleturn|p1a: Alomomola|Protect
|move|p2a: Rillaboom|Wood Hammer|p1a: Alomomola
|-activate|p1a: Alomomola|move: Protect
|
|-weather|Sandstorm|[upkeep]
|-damage|p2a: Rillaboom|54/100|[from] Sandstorm
|-damage|p1a: Alomomola|87/100|[from] Sandstorm
|-heal|p2a: Rillaboom|60/100|[from] Grassy Terrain
|-heal|p1a: Alomomola|93/100|[from] Grassy Terrain
|upkeep
|turn|35
|
|t:|1779967754
|switch|p1a: Great Tusk|Great Tusk|45/100
|move|p2a: Rillaboom|Wood Hammer|p1a: Great Tusk
|-supereffective|p1a: Great Tusk
|-damage|p1a: Great Tusk|0 fnt
|faint|p1a: Great Tusk
|-end|p1a: Great Tusk|Protosynthesis|[silent]
|-damage|p2a: Rillaboom|41/100|[from] Recoil
|
|-weather|none
|-heal|p2a: Rillaboom|47/100|[from] Grassy Terrain
|upkeep
|
|t:|1779967767
|switch|p1a: Dragapult|Dragapult, M|61/100
|turn|36
|
|t:|1779967773
|move|p1a: Dragapult|Will-O-Wisp|p2a: Rillaboom
|-status|p2a: Rillaboom|brn
|move|p2a: Rillaboom|Wood Hammer|p1a: Dragapult
|-resisted|p1a: Dragapult
|-damage|p1a: Dragapult|19/100
|-damage|p2a: Rillaboom|35/100 brn|[from] Recoil
|
|-heal|p1a: Dragapult|25/100|[from] Grassy Terrain
|-heal|p2a: Rillaboom|41/100 brn|[from] Grassy Terrain
|-damage|p2a: Rillaboom|35/100 brn|[from] brn
|upkeep
|turn|37
|-message|kooopooolooo forfeited.
|
|win|Womanofthepeople
|raw|Womanofthepeople's rating: 1491 &rarr; <strong>1517</strong><br />(+26 for winning)
|raw|kooopooolooo's rating: 1597 &rarr; <strong>1571</strong><br />(-26 for losing)
|l|☆kooopooolooo
|player|p2|
|l|☆Womanofthepeople
|player|p1|
