|j|☆Penguinxdd
|j|☆moo236
|t:|1779940718
|gametype|singles
|player|p1|Penguinxdd|veteran|1333
|player|p2|moo236|lyra|1386
|gen|9
|tier|[Gen 9] OU
|rated|
|rule|HP Percentage Mod: HP is shown in percentages
|rule|Endless Battle Clause: Forcing endless battles is banned
|rule|Species Clause: Limit one of each Pokémon
|rule|OHKO Clause: OHKO moves are banned
|rule|Evasion Items Clause: Evasion items are banned
|rule|Evasion Moves Clause: Evasion moves are banned
|rule|Evasion Abilities Clause: Evasion abilities are banned
|rule|Sleep Moves Clause: Sleep-inducing moves are banned
|clearpoke
|poke|p1|Hatterene, F|
|poke|p1|Iron Treads|
|poke|p1|Volcanion|
|poke|p1|Gholdengo|
|poke|p1|Darkrai|
|poke|p1|Garchomp, F|
|poke|p2|Dragonite, M|
|poke|p2|Great Tusk|
|poke|p2|Deoxys-Speed|
|poke|p2|Gholdengo|
|poke|p2|Zamazenta-*|
|poke|p2|Iron Valiant|
|teampreview
|
|t:|1779940735
|teamsize|p1|6
|teamsize|p2|6
|start
|switch|p1a: Darkrai|Darkrai|100/100
|switch|p2a: Deoxys|Deoxys-Speed|100/100
|-ability|p2a: Deoxys|Pressure
|turn|1
|
|t:|1779940774
|switch|p2a: Zamazenta|Zamazenta|100/100
|-ability|p2a: Zamazenta|Dauntless Shield|boost
|-boost|p2a: Zamazenta|def|1
|move|p1a: Darkrai|Dark Pulse|p2a: Zamazenta
|-resisted|p2a: Zamazenta
|-damage|p2a: Zamazenta|79/100
|
|upkeep
|turn|2
|
|t:|1779940790
|switch|p1a: Magic Bounson|Hatterene, F|100/100
|move|p2a: Zamazenta|Close Combat|p1a: Magic Bounson
|-resisted|p1a: Magic Bounson
|-damage|p1a: Magic Bounson|84/100
|-unboost|p2a: Zamazenta|def|1
|-unboost|p2a: Zamazenta|spd|1
|-damage|p2a: Zamazenta|63/100|[from] item: Rocky Helmet|[of] p1a: Magic Bounson
|-damage|p2a: Zamazenta|53/100|[from] item: Life Orb
|
|upkeep
|turn|3
|
|t:|1779940817
|switch|p2a: Gholdengo|Gholdengo|100/100
|switch|p1a: Lebron Rains|Gholdengo|100/100
|
|upkeep
|turn|4
|
|t:|1779940827
|move|p1a: Lebron Rains|Shadow Ball|p2a: Gholdengo
|-supereffective|p2a: Gholdengo
|-damage|p2a: Gholdengo|23/100
|move|p2a: Gholdengo|Shadow Ball|p1a: Lebron Rains
|-supereffective|p1a: Lebron Rains
|-damage|p1a: Lebron Rains|3/100
|
|upkeep
|turn|5
|-enditem|p2a: Gholdengo|Custap Berry|[eat]
|-activate|p2a: Gholdengo|item: Custap Berry|[consumed]
|
|t:|1779940839
|move|p2a: Gholdengo|Shadow Ball|p1a: Lebron Rains
|-supereffective|p1a: Lebron Rains
|-damage|p1a: Lebron Rains|0 fnt
|faint|p1a: Lebron Rains
|
|upkeep
|
|t:|1779940848
|switch|p1a: Garchomp|Garchomp, F|100/100
|turn|6
|
|t:|1779940853
|move|p1a: Garchomp|Scale Shot|p2a: Gholdengo
|-resisted|p2a: Gholdengo
|-damage|p2a: Gholdengo|18/100
|-resisted|p2a: Gholdengo
|-damage|p2a: Gholdengo|13/100
|-resisted|p2a: Gholdengo
|-damage|p2a: Gholdengo|8/100
|-resisted|p2a: Gholdengo
|-damage|p2a: Gholdengo|2/100
|-hitcount|p2a: Gholdengo|4
|-unboost|p1a: Garchomp|def|1
|-boost|p1a: Garchomp|spe|1
|move|p2a: Gholdengo|Recover|p2a: Gholdengo
|-heal|p2a: Gholdengo|52/100
|
|upkeep
|turn|7
|
|t:|1779940869
|-terastallize|p2a: Gholdengo|Fairy
|move|p1a: Garchomp|Earthquake|p2a: Gholdengo
|-damage|p2a: Gholdengo|9/100
|move|p2a: Gholdengo|Recover|p2a: Gholdengo
|-heal|p2a: Gholdengo|59/100
|
|upkeep
|turn|8
|
|t:|1779940877
|move|p1a: Garchomp|Swords Dance|p1a: Garchomp
|-boost|p1a: Garchomp|atk|2
|move|p2a: Gholdengo|Make It Rain|p1a: Garchomp
|-damage|p1a: Garchomp|35/100
|-unboost|p2a: Gholdengo|spa|1
|
|upkeep
|turn|9
|
|t:|1779940912
|switch|p2a: Dragonite|Dragonite, M|100/100
|move|p1a: Garchomp|Earthquake|p2a: Dragonite
|-immune|p2a: Dragonite
|
|upkeep
|turn|10
|
|t:|1779940928
|switch|p1a: Magic Bounson|Hatterene, F|84/100
|move|p2a: Dragonite|Extreme Speed|p1a: Magic Bounson
|-damage|p1a: Magic Bounson|51/100
|-damage|p2a: Dragonite|84/100|[from] item: Rocky Helmet|[of] p1a: Magic Bounson
|-damage|p2a: Dragonite|74/100|[from] item: Life Orb
|
|upkeep
|turn|11
|
|t:|1779940938
|switch|p2a: Gholdengo|Gholdengo, tera:Fairy|59/100
|move|p1a: Magic Bounson|Draining Kiss|p2a: Gholdengo
|-damage|p2a: Gholdengo|36/100
|-heal|p1a: Magic Bounson|72/100|[from] drain|[of] p2a: Gholdengo
|
|upkeep
|turn|12
|
|t:|1779940945
|switch|p1a: Volcanion|Volcanion|100/100
|move|p2a: Gholdengo|Recover|p2a: Gholdengo
|-heal|p2a: Gholdengo|86/100
|
|upkeep
|turn|13
|
|t:|1779940960
|switch|p2a: Deoxys|Deoxys-Speed|100/100
|-ability|p2a: Deoxys|Pressure
|move|p1a: Volcanion|Steam Eruption|p2a: Deoxys
|-enditem|p2a: Deoxys|Focus Sash
|-damage|p2a: Deoxys|1/100
|
|upkeep
|turn|14
|
|t:|1779940972
|switch|p1a: Magic Bounson|Hatterene, F|72/100
|move|p2a: Deoxys|Skill Swap|p1a: Magic Bounson
|-activate|p2a: Deoxys|Skill Swap|Magic Bounce|Pressure|[of] p1a: Magic Bounson
|-ability|p1a: Magic Bounson|Pressure
|
|upkeep
|turn|15
|
|t:|1779940989
|switch|p1a: Garchomp|Garchomp, F|35/100
|move|p2a: Deoxys|Stealth Rock|p1a: Garchomp
|-sidestart|p1: Penguinxdd|move: Stealth Rock
|
|upkeep
|turn|16
|
|t:|1779940995
|move|p2a: Deoxys|Taunt|p1a: Garchomp
|-start|p1a: Garchomp|move: Taunt
|move|p1a: Garchomp|Scale Shot|p2a: Deoxys
|-damage|p2a: Deoxys|0 fnt
|faint|p2a: Deoxys
|-hitcount|p2: Deoxys|1
|-unboost|p1a: Garchomp|def|1
|-boost|p1a: Garchomp|spe|1
|
|upkeep
|
|t:|1779941012
|switch|p2a: Dragonite|Dragonite, M|74/100
|turn|17
|
|t:|1779941016
|switch|p2a: Gholdengo|Gholdengo, tera:Fairy|86/100
|move|p1a: Garchomp|Scale Shot|p2a: Gholdengo
|-immune|p2a: Gholdengo
|
|upkeep
|turn|18
|
|t:|1779941024
|move|p1a: Garchomp|Earthquake|p2a: Gholdengo
|-damage|p2a: Gholdengo|47/100
|move|p2a: Gholdengo|Make It Rain|p1a: Garchomp
|-damage|p1a: Garchomp|0 fnt
|-unboost|p2a: Gholdengo|spa|1
|faint|p1a: Garchomp
|
|upkeep
|
|t:|1779941029
|switch|p1a: Darkrai|Darkrai|100/100
|-damage|p1a: Darkrai|88/100|[from] Stealth Rock
|turn|19
|
|t:|1779941040
|move|p1a: Darkrai|Sludge Bomb|p2a: Gholdengo
|-supereffective|p2a: Gholdengo
|-damage|p2a: Gholdengo|0 fnt
|faint|p2a: Gholdengo
|
|upkeep
|
|t:|1779941046
|switch|p2a: Zamazenta|Zamazenta|53/100
|turn|20
|
|t:|1779941049
|-terastallize|p1a: Darkrai|Poison
|move|p1a: Darkrai|Sludge Bomb|p2a: Zamazenta
|-damage|p2a: Zamazenta|10/100
|move|p2a: Zamazenta|Heavy Slam|p1a: Darkrai
|-damage|p1a: Darkrai|29/100
|-damage|p2a: Zamazenta|0 fnt|[from] item: Life Orb
|faint|p2a: Zamazenta
|
|upkeep
|
|t:|1779941057
|switch|p2a: Dragonite|Dragonite, M|74/100
|turn|21
|
|t:|1779941060
|switch|p1a: Magic Bounson|Hatterene, F|72/100
|-damage|p1a: Magic Bounson|60/100|[from] Stealth Rock
|move|p2a: Dragonite|Extreme Speed|p1a: Magic Bounson
|-damage|p1a: Magic Bounson|28/100
|-damage|p2a: Dragonite|58/100|[from] item: Rocky Helmet|[of] p1a: Magic Bounson
|-damage|p2a: Dragonite|48/100|[from] item: Life Orb
|
|upkeep
|turn|22
|
|t:|1779941069
|move|p2a: Dragonite|Extreme Speed|p1a: Magic Bounson
|-damage|p1a: Magic Bounson|0 fnt
|-damage|p2a: Dragonite|31/100|[from] item: Rocky Helmet|[of] p1a: Magic Bounson
|faint|p1a: Magic Bounson
|-damage|p2a: Dragonite|22/100|[from] item: Life Orb
|
|upkeep
|
|t:|1779941070
|switch|p1a: Iron Treads|Iron Treads|100/100
|-damage|p1a: Iron Treads|97/100|[from] Stealth Rock
|-item|p1a: Iron Treads|Air Balloon
|turn|23
|
|t:|1779941084
|move|p2a: Dragonite|Extreme Speed|p1a: Iron Treads
|-resisted|p1a: Iron Treads
|-damage|p1a: Iron Treads|80/100
|-enditem|p1a: Iron Treads|Air Balloon
|-damage|p2a: Dragonite|12/100|[from] item: Life Orb
|move|p1a: Iron Treads|Rapid Spin|p2a: Dragonite
|-damage|p2a: Dragonite|0 fnt
|-boost|p1a: Iron Treads|spe|1
|-sideend|p1: Penguinxdd|Stealth Rock|[from] move: Rapid Spin|[of] p1a: Iron Treads
|faint|p2a: Dragonite
|
|upkeep
|
|t:|1779941094
|switch|p2a: Great Tusk|Great Tusk|100/100
|-enditem|p2a: Great Tusk|Booster Energy
|-activate|p2a: Great Tusk|ability: Protosynthesis|[fromitem]
|-start|p2a: Great Tusk|protosynthesisspe
|turn|24
|
|t:|1779941104
|move|p1a: Iron Treads|Ice Spinner|p2a: Great Tusk
|-supereffective|p2a: Great Tusk
|-damage|p2a: Great Tusk|73/100
|move|p2a: Great Tusk|Headlong Rush|p1a: Iron Treads
|-supereffective|p1a: Iron Treads
|-damage|p1a: Iron Treads|0 fnt
|-unboost|p2a: Great Tusk|def|1
|-unboost|p2a: Great Tusk|spd|1
|faint|p1a: Iron Treads
|-end|p1a: Iron Treads|Quark Drive|[silent]
|
|upkeep
|
|t:|1779941105
|switch|p1a: Darkrai|Darkrai, tera:Poison|29/100
|turn|25
|
|t:|1779941116
|-end|p2a: Great Tusk|Protosynthesis|[silent]
|switch|p2a: Iron Valiant|Iron Valiant|100/100
|-enditem|p2a: Iron Valiant|Booster Energy
|-activate|p2a: Iron Valiant|ability: Quark Drive|[fromitem]
|-start|p2a: Iron Valiant|quarkdrivespe
|move|p1a: Darkrai|Ice Beam|p2a: Iron Valiant
|-damage|p2a: Iron Valiant|33/100
|
|upkeep
|turn|26
|
|t:|1779941127
|move|p1a: Darkrai|Ice Beam|p2a: Iron Valiant
|-damage|p2a: Iron Valiant|0 fnt
|faint|p2a: Iron Valiant
|-end|p2a: Iron Valiant|Quark Drive|[silent]
|
|upkeep
|
|t:|1779941130
|switch|p2a: Great Tusk|Great Tusk|73/100
|turn|27
|
|t:|1779941134
|switch|p1a: Volcanion|Volcanion|100/100
|move|p2a: Great Tusk|Headlong Rush|p1a: Volcanion
|-supereffective|p1a: Volcanion
|-crit|p1a: Volcanion
|-damage|p1a: Volcanion|0 fnt
|-unboost|p2a: Great Tusk|def|1
|-unboost|p2a: Great Tusk|spd|1
|faint|p1a: Volcanion
|
|upkeep
|
|t:|1779941135
|switch|p1a: Darkrai|Darkrai, tera:Poison|29/100
|turn|28
|
|t:|1779941143
|move|p1a: Darkrai|Ice Beam|p2a: Great Tusk
|-supereffective|p2a: Great Tusk
|-damage|p2a: Great Tusk|0 fnt
|faint|p2a: Great Tusk
|-end|p2a: Great Tusk|Protosynthesis|[silent]
|
|win|Penguinxdd
|raw|Penguinxdd's rating: 1299 &rarr; <strong>1330</strong><br />(+31 for winning)
|raw|moo236's rating: 1386 &rarr; <strong>1361</strong><br />(-25 for losing)
|l|☆Penguinxdd
|player|p1|
|l|☆moo236
|player|p2|
