|j|☆titi971
|j|☆gekketed
|t:|1779972138
|gametype|singles
|player|p1|titi971|265|1185
|player|p2|gekketed|dragontamer|1123
|gen|9
|tier|[Gen 9] OU
|rated|
|rule|HP Percentage Mod: HP is shown in percentages
|rule|Endless Battle Clause: Forcing endless battles is banned
|rule|Species Clause: Limit one of each Pokémon
|rule|OHKO Clause: OHKO moves are banned
|rule|Evasion Items Clause: Evasion items are banned
|rule|Evasion Moves Clause: Evasion moves are banned
|rule|Evasion Abilities Clause: Evasion abilities are banned
|rule|Sleep Moves Clause: Sleep-inducing moves are banned
|clearpoke
|poke|p1|Weavile, M|
|poke|p1|Dragapult, F|
|poke|p1|Iron Valiant|
|poke|p1|Ogerpon-Wellspring, F|
|poke|p1|Iron Treads|
|poke|p1|Iron Moth|
|poke|p2|Indeedee, M|
|poke|p2|Hawlucha, M|
|poke|p2|Cottonee, L1, F|
|poke|p2|Whimsicott, F|
|poke|p2|Glimmora, F|
|poke|p2|Carbink|
|teampreview
|inactive|Battle timer is ON: inactive players will automatically lose when time's up. (requested by gekketed)
|
|t:|1779972142
|teamsize|p1|6
|teamsize|p2|6
|start
|switch|p1a: Weavile|Weavile, M, shiny|100/100
|switch|p2a: Eden Hazard|Glimmora, F|100/100
|-ability|p1a: Weavile|Pressure
|turn|1
|c|☆gekketed|Lets go G
|
|t:|1779972149
|move|p1a: Weavile|Fake Out|p2a: Eden Hazard
|-resisted|p2a: Eden Hazard
|-damage|p2a: Eden Hazard|90/100
|-activate|p2a: Eden Hazard|ability: Toxic Debris
|-sidestart|p1: titi971|move: Toxic Spikes
|cant|p2a: Eden Hazard|flinch
|
|upkeep
|turn|2
|c|☆titi971|lol
|
|t:|1779972156
|switch|p1a: Iron Treads|Iron Treads|100/100
|move|p2a: Eden Hazard|Stealth Rock|p1a: Iron Treads
|-sidestart|p1: titi971|move: Stealth Rock
|
|upkeep
|turn|3
|
|t:|1779972161
|switch|p2a: Genderless Wall|Carbink|100/100
|move|p1a: Iron Treads|Earthquake|p2a: Genderless Wall
|-supereffective|p2a: Genderless Wall
|-damage|p2a: Genderless Wall|52/100
|
|upkeep
|turn|4
|
|t:|1779972170
|move|p1a: Iron Treads|Rapid Spin|p2a: Genderless Wall
|-resisted|p2a: Genderless Wall
|-damage|p2a: Genderless Wall|49/100
|-boost|p1a: Iron Treads|spe|1
|-sideend|p1: titi971|Toxic Spikes|[from] move: Rapid Spin|[of] p1a: Iron Treads
|-sideend|p1: titi971|Stealth Rock|[from] move: Rapid Spin|[of] p1a: Iron Treads
|move|p2a: Genderless Wall|Body Press|p1a: Iron Treads
|-supereffective|p1a: Iron Treads
|-damage|p1a: Iron Treads|48/100
|
|upkeep
|turn|5
|
|t:|1779972178
|move|p1a: Iron Treads|Iron Head|p2a: Genderless Wall
|-supereffective|p2a: Genderless Wall
|-damage|p2a: Genderless Wall|0 fnt
|faint|p2a: Genderless Wall
|
|upkeep
|
|t:|1779972187
|switch|p2a: Miss Fodder|Cottonee, L1, F|100/100
|turn|6
|
|t:|1779972192
|-end|p1a: Iron Treads|Quark Drive|[silent]
|switch|p1a: Dragapult|Dragapult, F|100/100
|move|p2a: Miss Fodder|Endeavor|p1a: Dragapult
|-immune|p1a: Dragapult
|
|upkeep
|turn|7
|
|t:|1779972200
|move|p2a: Miss Fodder|Leech Seed|p1a: Dragapult
|-start|p1a: Dragapult|move: Leech Seed
|move|p1a: Dragapult|U-turn|p2a: Miss Fodder
|-enditem|p2a: Miss Fodder|Focus Sash
|-damage|p2a: Miss Fodder|9/100
|-damage|p1a: Dragapult|91/100|[from] item: Life Orb
|
|t:|1779972205
|switch|p1a: Iron Treads|Iron Treads|48/100|[from] U-turn
|
|upkeep
|turn|8
|
|t:|1779972213
|move|p2a: Miss Fodder|Protect|p2a: Miss Fodder
|-singleturn|p2a: Miss Fodder|Protect
|move|p1a: Iron Treads|Volt Switch|p2a: Miss Fodder
|-activate|p2a: Miss Fodder|move: Protect
|
|upkeep
|turn|9
|
|t:|1779972222
|switch|p2a: Eden Hazard|Glimmora, F|90/100
|move|p1a: Iron Treads|Rapid Spin|p2a: Eden Hazard
|-resisted|p2a: Eden Hazard
|-damage|p2a: Eden Hazard|84/100
|-boost|p1a: Iron Treads|spe|1
|-activate|p2a: Eden Hazard|ability: Toxic Debris
|-sidestart|p1: titi971|move: Toxic Spikes
|-sideend|p1: titi971|Toxic Spikes|[from] move: Rapid Spin|[of] p1a: Iron Treads
|
|upkeep
|turn|10
|
|t:|1779972232
|switch|p2a: Miss Fodder|Cottonee, L1, F|9/100
|move|p1a: Iron Treads|Earthquake|p2a: Miss Fodder
|-resisted|p2a: Miss Fodder
|-damage|p2a: Miss Fodder|0 fnt
|faint|p2a: Miss Fodder
|
|upkeep
|
|t:|1779972244
|switch|p2a: Mr Bye|Indeedee, M|100/100
|-fieldstart|move: Psychic Terrain|[from] ability: Psychic Surge|[of] p2a: Mr Bye
|turn|11
|
|t:|1779972260
|-end|p1a: Iron Treads|Quark Drive|[silent]
|switch|p1a: Iron Moth|Iron Moth|100/100
|move|p2a: Mr Bye|Healing Wish|p2a: Mr Bye
|faint|p2a: Mr Bye
|
|upkeep
|
|t:|1779972266
|switch|p2a: Mr GOAT|Hawlucha, M|100/100
|-enditem|p2a: Mr GOAT|Psychic Seed
|-boost|p2a: Mr GOAT|spd|1|[from] item: Psychic Seed
|turn|12
|
|t:|1779972271
|-terastallize|p2a: Mr GOAT|Ground
|move|p2a: Mr GOAT|Swords Dance|p2a: Mr GOAT
|-boost|p2a: Mr GOAT|atk|2
|move|p1a: Iron Moth|Fiery Dance|p2a: Mr GOAT
|-damage|p2a: Mr GOAT|27/100
|-boost|p1a: Iron Moth|spa|1
|
|upkeep
|turn|13
|
|t:|1779972281
|move|p2a: Mr GOAT|Acrobatics|p1a: Iron Moth
|-damage|p1a: Iron Moth|0 fnt
|faint|p1a: Iron Moth
|-end|p1a: Iron Moth|Quark Drive|[silent]
|
|upkeep
|c|☆gekketed|lol
|c|☆gekketed|this bird is goated
|c|☆gekketed|xD
|c|☆titi971|gg
|c|☆titi971|i lose
|c|☆gekketed|probably
|inactive|titi971 has 120 seconds left.
|
|t:|1779972318
|switch|p1a: Dragapult|Dragapult, F|91/100
|turn|14
|
|t:|1779972323
|move|p2a: Mr GOAT|Throat Chop|p1a: Dragapult
|-supereffective|p1a: Dragapult
|-damage|p1a: Dragapult|0 fnt
|faint|p1a: Dragapult
|
|upkeep
|inactive|titi971 has 120 seconds left.
|
|t:|1779972333
|switch|p1a: Iron Treads|Iron Treads|48/100
|turn|15
|inactive|titi971 has 120 seconds left.
|
|t:|1779972350
|move|p2a: Mr GOAT|Drain Punch|p1a: Iron Treads
|-supereffective|p1a: Iron Treads
|-damage|p1a: Iron Treads|0 fnt
|-heal|p2a: Mr GOAT|58/100|[from] drain|[of] p1a: Iron Treads
|faint|p1a: Iron Treads
|-end|p1a: Iron Treads|Quark Drive|[silent]
|
|upkeep
|
|t:|1779972362
|switch|p1a: Ogerpon|Ogerpon-Wellspring, F|100/100
|turn|16
|c|☆gekketed|Mr GOAT wins it again?
|
|t:|1779972389
|move|p2a: Mr GOAT|Acrobatics|p1a: Ogerpon
|-supereffective|p1a: Ogerpon
|-damage|p1a: Ogerpon|0 fnt
|faint|p1a: Ogerpon
|
|upkeep
|
|t:|1779972394
|switch|p1a: Weavile|Weavile, M, shiny|100/100
|-ability|p1a: Weavile|Pressure
|turn|17
|
|t:|1779972400
|move|p2a: Mr GOAT|Drain Punch|p1a: Weavile
|-supereffective|p1a: Weavile
|-damage|p1a: Weavile|0 fnt
|-heal|p2a: Mr GOAT|100/100|[from] drain|[of] p1a: Weavile
|faint|p1a: Weavile
|
|upkeep
|c|☆titi971|gg
|inactive|titi971 has 90 seconds left.
|-message|titi971 forfeited.
|
|win|gekketed
|raw|titi971's rating: 1185 &rarr; <strong>1156</strong><br />(-29 for losing)
|raw|gekketed's rating: 1123 &rarr; <strong>1152</strong><br />(+29 for winning)
|l|☆titi971
|player|p1|
|l|☆gekketed
|player|p2|
