|j|☆Ice Prison Emperor
|j|☆CN_fogpt
|t:|1779943974
|gametype|singles
|player|p1|Ice Prison Emperor|clair|1057
|player|p2|CN_fogpt|169|1115
|gen|9
|tier|[Gen 9] OU
|rated|
|rule|HP Percentage Mod: HP is shown in percentages
|rule|Endless Battle Clause: Forcing endless battles is banned
|rule|Species Clause: Limit one of each Pokémon
|rule|OHKO Clause: OHKO moves are banned
|rule|Evasion Items Clause: Evasion items are banned
|rule|Evasion Moves Clause: Evasion moves are banned
|rule|Evasion Abilities Clause: Evasion abilities are banned
|rule|Sleep Moves Clause: Sleep-inducing moves are banned
|clearpoke
|poke|p1|Kyurem|
|poke|p1|Great Tusk|
|poke|p1|Cinderace, M|
|poke|p1|Weavile, M|
|poke|p1|Gholdengo|
|poke|p1|Enamorus, F|
|poke|p2|Garganacl, M|
|poke|p2|Garchomp, M|
|poke|p2|Meowscarada, M|
|poke|p2|Gholdengo|
|poke|p2|Torkoal, M|
|poke|p2|Arcanine, M|
|teampreview
|inactive|Battle timer is ON: inactive players will automatically lose when time's up. (requested by Ice Prison Emperor)
|
|t:|1779943984
|teamsize|p1|6
|teamsize|p2|6
|start
|switch|p1a: Kyurem|Kyurem, shiny|100/100
|switch|p2a: Garchomp|Garchomp, M|100/100
|-ability|p1a: Kyurem|Pressure
|turn|1
|
|t:|1779943999
|-terastallize|p2a: Garchomp|Fire
|move|p1a: Kyurem|Ice Beam|p2a: Garchomp
|-resisted|p2a: Garchomp
|-damage|p2a: Garchomp|69/100
|move|p2a: Garchomp|Dragon Tail|p1a: Kyurem
|-supereffective|p1a: Kyurem
|-damage|p1a: Kyurem|46/100
|drag|p1a: Weavile|Weavile, M, shiny|100/100
|-ability|p1a: Weavile|Pressure
|
|upkeep
|turn|2
|
|t:|1779944016
|switch|p1a: Enamorus|Enamorus, F|100/100
|move|p2a: Garchomp|Rock Slide|p1a: Enamorus
|-supereffective|p1a: Enamorus
|-damage|p1a: Enamorus|26/100
|
|upkeep
|turn|3
|
|t:|1779944035
|move|p1a: Enamorus|Earth Power|p2a: Garchomp
|-supereffective|p2a: Garchomp
|-damage|p2a: Garchomp|10/100
|move|p2a: Garchomp|Rock Slide|p1a: Enamorus|[miss]
|-miss|p2a: Garchomp|p1a: Enamorus
|
|upkeep
|turn|4
|
|t:|1779944045
|move|p1a: Enamorus|Earth Power|p2a: Garchomp
|-supereffective|p2a: Garchomp
|-damage|p2a: Garchomp|0 fnt
|faint|p2a: Garchomp
|
|upkeep
|inactive|CN_fogpt has 120 seconds left.
|
|t:|1779944069
|switch|p2a: Meowscarada|Meowscarada, M|100/100
|turn|5
|inactive|CN_fogpt has 120 seconds left.
|
|t:|1779944077
|switch|p1a: Cinderace|Cinderace, M, shiny|100/100
|move|p2a: Meowscarada|Triple Axel|p1a: Cinderace
|-resisted|p1a: Cinderace
|-damage|p1a: Cinderace|96/100
|-hitcount|p1a: Cinderace|1
|
|upkeep
|turn|6
|inactive|CN_fogpt has 120 seconds left.
|
|t:|1779944095
|switch|p2a: Garganacl|Garganacl, M|100/100
|move|p1a: Cinderace|U-turn|p2a: Garganacl
|-damage|p2a: Garganacl|87/100
|
|t:|1779944111
|switch|p1a: Great Tusk|Great Tusk|100/100|[from] U-turn
|
|upkeep
|turn|7
|inactive|CN_fogpt has 120 seconds left.
|
|t:|1779944121
|switch|p2a: Gholdengo|Gholdengo|100/100
|move|p1a: Great Tusk|Stealth Rock|p2a: Gholdengo
|-sidestart|p2: CN_fogpt|move: Stealth Rock
|
|upkeep
|turn|8
|inactive|CN_fogpt has 120 seconds left.
|
|t:|1779944137
|switch|p2a: Meowscarada|Meowscarada, M|100/100
|-damage|p2a: Meowscarada|88/100|[from] Stealth Rock
|move|p1a: Great Tusk|Headlong Rush|p2a: Meowscarada
|-resisted|p2a: Meowscarada
|-damage|p2a: Meowscarada|41/100
|-unboost|p1a: Great Tusk|def|1
|-unboost|p1a: Great Tusk|spd|1
|
|upkeep
|turn|9
|inactive|CN_fogpt has 120 seconds left.
|
|t:|1779944148
|-end|p1a: Great Tusk|Protosynthesis|[silent]
|switch|p1a: Cinderace|Cinderace, M, shiny|96/100
|move|p2a: Meowscarada|Knock Off|p1a: Cinderace
|-damage|p1a: Cinderace|32/100
|-enditem|p1a: Cinderace|Heavy-Duty Boots|[from] move: Knock Off|[of] p2a: Meowscarada
|
|upkeep
|turn|10
|inactive|CN_fogpt has 120 seconds left.
|
|t:|1779944162
|switch|p2a: Arcanine|Arcanine, M|100/100
|-damage|p2a: Arcanine|76/100|[from] Stealth Rock
|-ability|p2a: Arcanine|Intimidate|boost
|-unboost|p1a: Cinderace|atk|1
|move|p1a: Cinderace|U-turn|p2a: Arcanine
|-resisted|p2a: Arcanine
|-damage|p2a: Arcanine|68/100
|-damage|p1a: Cinderace|16/100|[from] item: Rocky Helmet|[of] p2a: Arcanine
|
|t:|1779944173
|switch|p1a: Weavile|Weavile, M, shiny|100/100|[from] U-turn
|-ability|p1a: Weavile|Pressure
|
|upkeep
|turn|11
|
|t:|1779944182
|move|p2a: Arcanine|Extreme Speed|p1a: Weavile
|-damage|p1a: Weavile|61/100
|move|p1a: Weavile|Knock Off|p2a: Arcanine
|-damage|p2a: Arcanine|0 fnt
|-damage|p1a: Weavile|45/100|[from] item: Rocky Helmet|[of] p2a: Arcanine
|-enditem|p2a: Arcanine|Rocky Helmet|[from] move: Knock Off|[of] p1a: Weavile
|faint|p2a: Arcanine
|
|upkeep
|
|t:|1779944192
|switch|p2a: Torkoal|Torkoal, M|100/100
|-damage|p2a: Torkoal|76/100|[from] Stealth Rock
|-weather|SunnyDay|[from] ability: Drought|[of] p2a: Torkoal
|turn|12
|
|t:|1779944200
|switch|p1a: Great Tusk|Great Tusk|100/100
|-activate|p1a: Great Tusk|ability: Protosynthesis
|-start|p1a: Great Tusk|protosynthesisatk
|move|p2a: Torkoal|Body Press|p1a: Great Tusk
|-damage|p1a: Great Tusk|78/100
|
|-weather|SunnyDay|[upkeep]
|upkeep
|turn|13
|
|t:|1779944209
|move|p1a: Great Tusk|Headlong Rush|p2a: Torkoal
|-supereffective|p2a: Torkoal
|-damage|p2a: Torkoal|0 fnt
|-unboost|p1a: Great Tusk|def|1
|-unboost|p1a: Great Tusk|spd|1
|faint|p2a: Torkoal
|
|-weather|SunnyDay|[upkeep]
|upkeep
|-message|CN_fogpt forfeited.
|
|win|Ice Prison Emperor
|raw|Ice Prison Emperor's rating: 1057 &rarr; <strong>1094</strong><br />(+37 for winning)
|raw|CN_fogpt's rating: 1115 &rarr; <strong>1086</strong><br />(-29 for losing)
|l|☆CN_fogpt
|player|p2|
