|j|☆bo552
|j|☆YeatLover267
|t:|1779910988
|gametype|singles
|player|p1|bo552|brycenman|1351
|player|p2|YeatLover267|backersf|1411
|gen|9
|tier|[Gen 9] OU
|rated|
|rule|HP Percentage Mod: HP is shown in percentages
|rule|Endless Battle Clause: Forcing endless battles is banned
|rule|Species Clause: Limit one of each Pokémon
|rule|OHKO Clause: OHKO moves are banned
|rule|Evasion Items Clause: Evasion items are banned
|rule|Evasion Moves Clause: Evasion moves are banned
|rule|Evasion Abilities Clause: Evasion abilities are banned
|rule|Sleep Moves Clause: Sleep-inducing moves are banned
|clearpoke
|poke|p1|Slowking-Galar, M|
|poke|p1|Landorus-Therian, M|
|poke|p1|Zoroark-Hisui, F|
|poke|p1|Primarina, F|
|poke|p1|Cinderace, F|
|poke|p1|Regieleki|
|poke|p2|Toucannon, F|
|poke|p2|Great Tusk|
|poke|p2|Iron Crown|
|poke|p2|Pecharunt|
|poke|p2|Walking Wake|
|poke|p2|Raging Bolt|
|teampreview
|inactive|Battle timer is ON: inactive players will automatically lose when time's up. (requested by YeatLover267)
|
|t:|1779911004
|teamsize|p1|6
|teamsize|p2|6
|start
|switch|p1a: Do it again.|Landorus-Therian, M|100/100
|switch|p2a: Walking Wake|Walking Wake|100/100
|-ability|p1a: Do it again.|Intimidate|boost
|-unboost|p2a: Walking Wake|atk|1
|turn|1
|
|t:|1779911013
|switch|p1a: Back. Jack.|Slowking-Galar, M|100/100
|move|p2a: Walking Wake|Hydro Steam|p1a: Back. Jack.
|-damage|p1a: Back. Jack.|78/100
|
|upkeep
|turn|2
|
|t:|1779911020
|-end|p2a: Walking Wake|Protosynthesis|[silent]
|switch|p2a: Iron Crown|Iron Crown|100/100
|move|p1a: Back. Jack.|Thunder Wave|p2a: Iron Crown
|-status|p2a: Iron Crown|par
|
|upkeep
|turn|3
|
|t:|1779911023
|move|p2a: Iron Crown|Tachyon Cutter|p1a: Back. Jack.
|-damage|p1a: Back. Jack.|54/100
|-damage|p1a: Back. Jack.|31/100
|-hitcount|p1a: Back. Jack.|2
|-prepare|p1a: Back. Jack.|Chilly Reception|[premajor]
|move|p1a: Back. Jack.|Chilly Reception|p1a: Back. Jack.
|-weather|Snowscape
|
|t:|1779911031
|switch|p1a: Do it again.|Landorus-Therian, M|100/100|[from] Chilly Reception
|-ability|p1a: Do it again.|Intimidate|boost
|-unboost|p2a: Iron Crown|atk|1
|
|-weather|Snowscape|[upkeep]
|upkeep
|turn|4
|
|t:|1779911036
|-end|p2a: Iron Crown|Quark Drive|[silent]
|switch|p2a: Toucannon|Toucannon, F, shiny|100/100
|move|p1a: Do it again.|U-turn|p2a: Toucannon
|-resisted|p2a: Toucannon
|-crit|p2a: Toucannon
|-damage|p2a: Toucannon|86/100
|
|t:|1779911042
|switch|p1a: Round and Round|Regieleki, shiny|100/100|[from] U-turn
|
|-weather|Snowscape|[upkeep]
|upkeep
|turn|5
|
|t:|1779911044
|switch|p2a: Raging Bolt|Raging Bolt|100/100
|-enditem|p2a: Raging Bolt|Booster Energy
|-activate|p2a: Raging Bolt|ability: Protosynthesis|[fromitem]
|-start|p2a: Raging Bolt|protosynthesisspa
|move|p1a: Round and Round|Trick|p2a: Raging Bolt
|-activate|p1a: Round and Round|move: Trick|[of] p2a: Raging Bolt
|-item|p2a: Raging Bolt|Ring Target|[from] move: Trick
|-enditem|p1a: Round and Round|Ring Target|[silent]|[from] move: Trick
|
|-weather|Snowscape|[upkeep]
|upkeep
|turn|6
|c|☆bo552|"today I will not prevent the free momentum my opponent would get"
|c|☆YeatLover267|Yup
|inactive|bo552 has 120 seconds left.
|
|t:|1779911078
|move|p1a: Round and Round|Hyper Voice|p2a: Raging Bolt
|-damage|p2a: Raging Bolt|63/100
|move|p2a: Raging Bolt|Substitute|p2a: Raging Bolt
|-start|p2a: Raging Bolt|Substitute
|-damage|p2a: Raging Bolt|38/100
|
|-weather|Snowscape|[upkeep]
|upkeep
|turn|7
|
|t:|1779911082
|move|p1a: Round and Round|Hyper Voice|p2a: Raging Bolt
|-damage|p2a: Raging Bolt|0 fnt
|faint|p2a: Raging Bolt
|-end|p2a: Raging Bolt|Protosynthesis|[silent]
|
|-weather|none
|upkeep
|
|t:|1779911087
|switch|p2a: Great Tusk|Great Tusk|100/100
|turn|8
|c|☆bo552|and you still lost your best pokemon for it
|c|☆bo552|good job
|
|t:|1779911098
|move|p1a: Round and Round|Hyper Voice|p2a: Great Tusk
|-damage|p2a: Great Tusk|25/100
|move|p2a: Great Tusk|Close Combat|p1a: Round and Round
|-immune|p1a: Round and Round
|
|-heal|p2a: Great Tusk|31/100|[from] item: Leftovers
|upkeep
|turn|9
|
|t:|1779911111
|-end|p2a: Great Tusk|Protosynthesis|[silent]
|switch|p2a: Iron Crown|Iron Crown|100/100 par
|move|p1a: Round and Round|Shadow Ball|p2a: Iron Crown
|-supereffective|p2a: Iron Crown
|-damage|p2a: Iron Crown|16/100 par
|
|upkeep
|turn|10
|-message|YeatLover267 forfeited.
|
|win|bo552
|raw|bo552's rating: 1351 &rarr; <strong>1374</strong><br />(+23 for winning)
|raw|YeatLover267's rating: 1411 &rarr; <strong>1388</strong><br />(-23 for losing)
|l|☆YeatLover267
|player|p2|
