|j|☆claudechamp
|j|☆SilverZeitlos
|t:|1779822430
|gametype|singles
|player|p1|claudechamp|265|1215
|player|p2|SilverZeitlos|veteran|1175
|gen|9
|tier|[Gen 9] OU
|rated|
|rule|HP Percentage Mod: HP is shown in percentages
|rule|Endless Battle Clause: Forcing endless battles is banned
|rule|Species Clause: Limit one of each Pokémon
|rule|OHKO Clause: OHKO moves are banned
|rule|Evasion Items Clause: Evasion items are banned
|rule|Evasion Moves Clause: Evasion moves are banned
|rule|Evasion Abilities Clause: Evasion abilities are banned
|rule|Sleep Moves Clause: Sleep-inducing moves are banned
|clearpoke
|poke|p1|Corviknight, M|
|poke|p1|Ting-Lu|
|poke|p1|Kyurem|
|poke|p1|Dondozo, M|
|poke|p1|Slowking-Galar, M|
|poke|p1|Cinderace, M|
|poke|p2|Deoxys-Speed|
|poke|p2|Kingambit, F|
|poke|p2|Ceruledge, M|
|poke|p2|Zamazenta-*|
|poke|p2|Alomomola, F|
|poke|p2|Scizor, M|
|teampreview
|inactive|Battle timer is ON: inactive players will automatically lose when time's up. (requested by SilverZeitlos)
|c|☆claudechamp|hf
|inactive|claudechamp also wants the timer to be on.
|c|☆SilverZeitlos|glhf
|
|t:|1779822459
|teamsize|p1|6
|teamsize|p2|6
|start
|switch|p1a: Cinderace|Cinderace, M|100/100
|switch|p2a: Reaper|Ceruledge, M|100/100
|turn|1
|
|t:|1779822468
|switch|p2a: Bich|Alomomola, F|100/100
|move|p1a: Cinderace|Pyro Ball|p2a: Bich|[miss]
|-miss|p1a: Cinderace|p2a: Bich
|
|upkeep
|turn|2
|
|t:|1779822476
|switch|p1a: Kyurem|Kyurem|100/100
|-ability|p1a: Kyurem|Pressure
|move|p2a: Bich|Wish|p2a: Bich
|
|upkeep
|turn|3
|
|t:|1779822482
|move|p1a: Kyurem|Substitute|p1a: Kyurem
|-start|p1a: Kyurem|Substitute
|-damage|p1a: Kyurem|75/100
|move|p2a: Bich|Mirror Coat||[still]
|-fail|p2a: Bich
|
|-heal|p1a: Kyurem|82/100|[from] item: Leftovers
|upkeep
|turn|4
|
|t:|1779822484
|move|p1a: Kyurem|Protect|p1a: Kyurem
|-singleturn|p1a: Kyurem|Protect
|move|p2a: Bich|Flip Turn|p1a: Kyurem
|-activate|p1a: Kyurem|move: Protect
|
|-heal|p1a: Kyurem|88/100|[from] item: Leftovers
|upkeep
|turn|5
|
|t:|1779822491
|move|p1a: Kyurem|Substitute|p1a: Kyurem
|-fail|p1a: Kyurem|move: Substitute
|move|p2a: Bich|Flip Turn|p1a: Kyurem
|-resisted|p1a: Kyurem
|-activate|p1a: Kyurem|move: Substitute|[damage]
|
|t:|1779822505
|switch|p2a: Deoxys|Deoxys-Speed|100/100|[from] Flip Turn
|-ability|p2a: Deoxys|Pressure
|
|-heal|p1a: Kyurem|94/100|[from] item: Leftovers
|upkeep
|turn|6
|
|t:|1779822509
|move|p2a: Deoxys|Cosmic Power|p2a: Deoxys
|-boost|p2a: Deoxys|def|1
|-boost|p2a: Deoxys|spd|1
|move|p1a: Kyurem|Freeze-Dry|p2a: Deoxys
|-damage|p2a: Deoxys|73/100
|
|-heal|p1a: Kyurem|99/100|[from] item: Leftovers
|upkeep
|turn|7
|
|t:|1779822517
|move|p2a: Deoxys|Cosmic Power|p2a: Deoxys
|-boost|p2a: Deoxys|def|1
|-boost|p2a: Deoxys|spd|1
|move|p1a: Kyurem|Freeze-Dry|p2a: Deoxys
|-damage|p2a: Deoxys|53/100
|
|-heal|p1a: Kyurem|100/100|[from] item: Leftovers
|upkeep
|turn|8
|
|t:|1779822524
|move|p2a: Deoxys|Cosmic Power|p2a: Deoxys
|-boost|p2a: Deoxys|def|1
|-boost|p2a: Deoxys|spd|1
|move|p1a: Kyurem|Freeze-Dry|p2a: Deoxys
|-damage|p2a: Deoxys|38/100
|
|upkeep
|turn|9
|
|t:|1779822536
|move|p2a: Deoxys|Recover|p2a: Deoxys
|-heal|p2a: Deoxys|89/100
|move|p1a: Kyurem|Earth Power|p2a: Deoxys
|-damage|p2a: Deoxys|74/100
|
|upkeep
|turn|10
|
|t:|1779822539
|switch|p1a: Ting-Lu|Ting-Lu|100/100
|-ability|p1a: Ting-Lu|Vessel of Ruin
|move|p2a: Deoxys|Cosmic Power|p2a: Deoxys
|-boost|p2a: Deoxys|def|1
|-boost|p2a: Deoxys|spd|1
|
|upkeep
|turn|11
|
|t:|1779822546
|move|p2a: Deoxys|Meteor Beam||[still]
|-prepare|p2a: Deoxys|Meteor Beam
|-boost|p2a: Deoxys|spa|1
|-enditem|p2a: Deoxys|Power Herb
|-anim|p2a: Deoxys|Meteor Beam|p1a: Ting-Lu
|-resisted|p1a: Ting-Lu
|-damage|p1a: Ting-Lu|92/100
|move|p1a: Ting-Lu|Payback|p2a: Deoxys
|-supereffective|p2a: Deoxys
|-damage|p2a: Deoxys|47/100
|
|-heal|p1a: Ting-Lu|98/100|[from] item: Leftovers
|upkeep
|turn|12
|
|t:|1779822565
|move|p2a: Deoxys|Cosmic Power|p2a: Deoxys
|-boost|p2a: Deoxys|def|1
|-boost|p2a: Deoxys|spd|1
|move|p1a: Ting-Lu|Payback|p2a: Deoxys
|-supereffective|p2a: Deoxys
|-damage|p2a: Deoxys|22/100
|
|-heal|p1a: Ting-Lu|100/100|[from] item: Leftovers
|upkeep
|turn|13
|
|t:|1779822581
|switch|p1a: Dondozo|Dondozo, M|100/100
|move|p2a: Deoxys|Recover|p2a: Deoxys
|-heal|p2a: Deoxys|72/100
|
|upkeep
|turn|14
|
|t:|1779822588
|move|p2a: Deoxys|Psychic Noise|p1a: Dondozo
|-damage|p1a: Dondozo|84/100
|-start|p1a: Dondozo|move: Heal Block
|move|p1a: Dondozo|Waterfall|p2a: Deoxys
|-damage|p2a: Deoxys|45/100
|
|upkeep
|turn|15
|inactive|SilverZeitlos has 120 seconds left.
|
|t:|1779822620
|move|p2a: Deoxys|Psychic Noise|p1a: Dondozo
|-damage|p1a: Dondozo|68/100
|move|p1a: Dondozo|Waterfall|p2a: Deoxys
|-damage|p2a: Deoxys|14/100
|
|-end|p1a: Dondozo|move: Heal Block
|upkeep
|turn|16
|
|t:|1779822623
|move|p2a: Deoxys|Recover|p2a: Deoxys
|-heal|p2a: Deoxys|64/100
|move|p1a: Dondozo|Waterfall|p2a: Deoxys
|-damage|p2a: Deoxys|32/100
|
|-heal|p1a: Dondozo|74/100|[from] item: Leftovers
|upkeep
|turn|17
|
|t:|1779822630
|move|p2a: Deoxys|Recover|p2a: Deoxys
|-heal|p2a: Deoxys|82/100
|move|p1a: Dondozo|Waterfall|p2a: Deoxys
|-damage|p2a: Deoxys|50/100
|
|-heal|p1a: Dondozo|80/100|[from] item: Leftovers
|upkeep
|turn|18
|
|t:|1779822641
|switch|p2a: Bich|Alomomola, F|100/100
|move|p1a: Dondozo|Curse|p1a: Dondozo
|-unboost|p1a: Dondozo|spe|1
|-boost|p1a: Dondozo|atk|1
|-boost|p1a: Dondozo|def|1
|
|-heal|p1a: Dondozo|86/100|[from] item: Leftovers
|upkeep
|turn|19
|
|t:|1779822644
|move|p2a: Bich|Flip Turn|p1a: Dondozo
|-resisted|p1a: Dondozo
|-damage|p1a: Dondozo|83/100
|
|t:|1779822653
|switch|p2a: Scizor|Scizor, M|100/100|[from] Flip Turn
|move|p1a: Dondozo|Curse|p1a: Dondozo
|-unboost|p1a: Dondozo|spe|1
|-boost|p1a: Dondozo|atk|1
|-boost|p1a: Dondozo|def|1
|
|-heal|p1a: Dondozo|90/100|[from] item: Leftovers
|upkeep
|turn|20
|
|t:|1779822659
|move|p2a: Scizor|Bullet Punch|p1a: Dondozo
|-resisted|p1a: Dondozo
|-damage|p1a: Dondozo|84/100
|move|p1a: Dondozo|Body Press|p2a: Scizor
|-damage|p2a: Scizor|58/100
|
|-heal|p1a: Dondozo|90/100|[from] item: Leftovers
|upkeep
|turn|21
|
|t:|1779822665
|switch|p2a: Reaper|Ceruledge, M|100/100
|move|p1a: Dondozo|Curse|p1a: Dondozo
|-unboost|p1a: Dondozo|spe|1
|-boost|p1a: Dondozo|atk|1
|-boost|p1a: Dondozo|def|1
|
|-heal|p1a: Dondozo|97/100|[from] item: Leftovers
|upkeep
|turn|22
|
|t:|1779822668
|-terastallize|p2a: Reaper|Grass
|move|p2a: Reaper|Swords Dance|p2a: Reaper
|-boost|p2a: Reaper|atk|2
|move|p1a: Dondozo|Waterfall|p2a: Reaper
|-resisted|p2a: Reaper
|-damage|p2a: Reaper|50/100
|-ability|p2a: Reaper|Weak Armor|boost
|-unboost|p2a: Reaper|def|1
|-boost|p2a: Reaper|spe|2
|
|-heal|p1a: Dondozo|100/100|[from] item: Leftovers
|upkeep
|turn|23
|
|t:|1779822673
|move|p2a: Reaper|Bitter Blade|p1a: Dondozo
|-resisted|p1a: Dondozo
|-damage|p1a: Dondozo|93/100
|-heal|p2a: Reaper|57/100|[from] drain|[of] p1a: Dondozo
|-damage|p2a: Reaper|47/100|[from] item: Life Orb
|move|p1a: Dondozo|Body Press|p2a: Reaper
|-damage|p2a: Reaper|0 fnt
|faint|p2a: Reaper
|
|-heal|p1a: Dondozo|99/100|[from] item: Leftovers
|upkeep
|-message|SilverZeitlos forfeited.
|
|win|claudechamp
|raw|claudechamp's rating: 1244 &rarr; <strong>1264</strong><br />(+20 for winning)
|raw|SilverZeitlos's rating: 1175 &rarr; <strong>1155</strong><br />(-20 for losing)
|c|☆claudechamp|gg
|l|☆SilverZeitlos
|player|p2|
