|j|☆Dumptrunk
|j|☆PlatinumDan
|t:|1779856499
|gametype|singles
|player|p1|Dumptrunk|clown|1081
|player|p2|PlatinumDan|hugh|1133
|gen|9
|tier|[Gen 9] OU
|rated|
|rule|HP Percentage Mod: HP is shown in percentages
|rule|Endless Battle Clause: Forcing endless battles is banned
|rule|Species Clause: Limit one of each Pokémon
|rule|OHKO Clause: OHKO moves are banned
|rule|Evasion Items Clause: Evasion items are banned
|rule|Evasion Moves Clause: Evasion moves are banned
|rule|Evasion Abilities Clause: Evasion abilities are banned
|rule|Sleep Moves Clause: Sleep-inducing moves are banned
|clearpoke
|poke|p1|Alomomola, M|
|poke|p1|Slowking-Galar, F|
|poke|p1|Porygon-Z|
|poke|p1|Dondozo, M|
|poke|p1|Ogerpon, F|
|poke|p1|Mew|
|poke|p2|Zoroark-Hisui, M|
|poke|p2|Kingambit, F|
|poke|p2|Great Tusk|
|poke|p2|Slowking, M|
|poke|p2|Iron Valiant|
|poke|p2|Dragonite, F|
|teampreview
|inactive|Battle timer is ON: inactive players will automatically lose when time's up. (requested by Dumptrunk)
|
|t:|1779856524
|teamsize|p1|6
|teamsize|p2|6
|start
|switch|p1a: Mew|Mew|100/100
|switch|p2a: Shenlong|Dragonite, F, shiny|100/100
|turn|1
|
|t:|1779856537
|move|p2a: Shenlong|Shadow Ball|p1a: Mew
|-supereffective|p1a: Mew
|-damage|p1a: Mew|0 fnt
|faint|p1a: Mew
|
|upkeep
|
|t:|1779856549
|switch|p1a: Alomomola|Alomomola, M|100/100
|turn|2
|
|t:|1779856577
|switch|p2a: Hail Joint|Slowking, M|100/100
|move|p1a: Alomomola|Play Rough|p2a: Hail Joint
|-damage|p2a: Hail Joint|66/100
|
|upkeep
|turn|3
|
|t:|1779856585
|switch|p1a: Porygon-Z|Porygon-Z|100/100
|move|p2a: Hail Joint|Future Sight|p1a: Porygon-Z
|-start|p2a: Hail Joint|move: Future Sight
|
|upkeep
|turn|4
|
|t:|1779856605
|switch|p2a: Shenlong|Dragonite, F, shiny|100/100
|move|p1a: Porygon-Z|Dark Pulse|p2a: Shenlong
|-supereffective|p2a: Shenlong
|-damage|p2a: Shenlong|0 fnt
|replace|p2a: Zoroark|Zoroark-Hisui, M
|-end|p2a: Zoroark|Illusion
|faint|p2a: Zoroark
|-damage|p1a: Porygon-Z|91/100|[from] item: Life Orb
|
|upkeep
|inactive|PlatinumDan has 120 seconds left.
|
|t:|1779856618
|switch|p2a: Mav's Joint|Iron Valiant|100/100
|turn|5
|
|t:|1779856621
|switch|p1a: Alomomola|Alomomola, M|100/100
|move|p2a: Mav's Joint|Close Combat|p1a: Alomomola
|-damage|p1a: Alomomola|52/100
|-unboost|p2a: Mav's Joint|def|1
|-unboost|p2a: Mav's Joint|spd|1
|
|-end|p1a: Alomomola|move: Future Sight
|-damage|p1a: Alomomola|14/100
|upkeep
|turn|6
|
|t:|1779856631
|switch|p1a: Slowking|Slowking-Galar, F|100/100
|move|p2a: Mav's Joint|Close Combat|p1a: Slowking
|-resisted|p1a: Slowking
|-damage|p1a: Slowking|88/100
|-unboost|p2a: Mav's Joint|def|1
|-unboost|p2a: Mav's Joint|spd|1
|
|upkeep
|turn|7
|
|t:|1779856644
|-end|p2a: Mav's Joint|Quark Drive|[silent]
|switch|p2a: Hail Joint|Slowking, M|99/100
|move|p1a: Slowking|Shadow Ball|p2a: Hail Joint
|-supereffective|p2a: Hail Joint
|-damage|p2a: Hail Joint|47/100
|-unboost|p2a: Hail Joint|spd|1
|
|upkeep
|turn|8
|
|t:|1779856651
|move|p1a: Slowking|Shadow Ball|p2a: Hail Joint
|-supereffective|p2a: Hail Joint
|-damage|p2a: Hail Joint|0 fnt
|faint|p2a: Hail Joint
|
|upkeep
|inactive|PlatinumDan has 120 seconds left.
|
|t:|1779856682
|switch|p2a: Tuskuthy|Great Tusk|100/100
|turn|9
|
|t:|1779856688
|switch|p1a: Alomomola|Alomomola, M|47/100
|move|p2a: Tuskuthy|Knock Off|p1a: Alomomola
|-damage|p1a: Alomomola|24/100
|-enditem|p1a: Alomomola|Choice Band|[from] move: Knock Off|[of] p2a: Tuskuthy
|
|upkeep
|turn|10
|
|t:|1779856695
|move|p2a: Tuskuthy|Knock Off|p1a: Alomomola
|-damage|p1a: Alomomola|6/100
|move|p1a: Alomomola|Liquidation|p2a: Tuskuthy
|-supereffective|p2a: Tuskuthy
|-crit|p2a: Tuskuthy
|-damage|p2a: Tuskuthy|49/100
|
|-heal|p2a: Tuskuthy|55/100|[from] item: Leftovers
|upkeep
|turn|11
|
|t:|1779856703
|move|p2a: Tuskuthy|Knock Off|p1a: Alomomola
|-damage|p1a: Alomomola|0 fnt
|faint|p1a: Alomomola
|
|-heal|p2a: Tuskuthy|62/100|[from] item: Leftovers
|upkeep
|
|t:|1779856707
|switch|p1a: Ogerpon|Ogerpon, F|100/100
|turn|12
|inactive|PlatinumDan has 120 seconds left.
|
|t:|1779856741
|move|p1a: Ogerpon|Ivy Cudgel|p2a: Tuskuthy
|-supereffective|p2a: Tuskuthy
|-damage|p2a: Tuskuthy|0 fnt
|faint|p2a: Tuskuthy
|-end|p2a: Tuskuthy|Protosynthesis|[silent]
|
|upkeep
|inactive|PlatinumDan has 120 seconds left.
|
|t:|1779856765
|switch|p2a: Shenlong|Dragonite, F, shiny|100/100
|turn|13
|
|t:|1779856781
|switch|p1a: Slowking|Slowking-Galar, F|100/100
|move|p2a: Shenlong|Dragon Dance|p2a: Shenlong
|-boost|p2a: Shenlong|atk|1
|-boost|p2a: Shenlong|spe|1
|
|upkeep
|turn|14
|inactive|PlatinumDan has 120 seconds left.
|
|t:|1779856788
|-terastallize|p1a: Slowking|Fairy
|move|p2a: Shenlong|Earthquake|p1a: Slowking
|-damage|p1a: Slowking|49/100
|move|p1a: Slowking|Ice Beam|p2a: Shenlong
|-supereffective|p2a: Shenlong
|-damage|p2a: Shenlong|8/100
|
|upkeep
|turn|15
|inactive|PlatinumDan has 120 seconds left.
|
|t:|1779856802
|switch|p1a: Porygon-Z|Porygon-Z|91/100
|move|p2a: Shenlong|Extreme Speed|p1a: Porygon-Z
|-damage|p1a: Porygon-Z|28/100
|
|upkeep
|turn|16
|inactive|PlatinumDan has 120 seconds left.
|
|t:|1779856820
|move|p2a: Shenlong|Extreme Speed|p1a: Porygon-Z
|-damage|p1a: Porygon-Z|0 fnt
|faint|p1a: Porygon-Z
|
|upkeep
|
|t:|1779856826
|switch|p1a: Dondozo|Dondozo, M|100/100
|turn|17
|inactive|PlatinumDan has 120 seconds left.
|
|t:|1779856843
|move|p2a: Shenlong|Extreme Speed|p1a: Dondozo
|-damage|p1a: Dondozo|79/100
|move|p1a: Dondozo|Wave Crash|p2a: Shenlong
|-resisted|p2a: Shenlong
|-damage|p2a: Shenlong|0 fnt
|faint|p2a: Shenlong
|-damage|p1a: Dondozo|77/100|[from] Recoil
|
|upkeep
|
|t:|1779856860
|switch|p2a: Mav's Joint|Iron Valiant|100/100
|turn|18
|
|t:|1779856869
|move|p2a: Mav's Joint|Moonblast|p1a: Dondozo
|-damage|p1a: Dondozo|46/100
|move|p1a: Dondozo|Wave Crash|p2a: Mav's Joint
|-damage|p2a: Mav's Joint|0 fnt
|faint|p2a: Mav's Joint
|-end|p2a: Mav's Joint|Quark Drive|[silent]
|-damage|p1a: Dondozo|24/100|[from] Recoil
|
|upkeep
|
|t:|1779856876
|switch|p2a: Erebus|Kingambit, F|100/100
|-activate|p2a: Erebus|ability: Supreme Overlord
|-start|p2a: Erebus|fallen5|[silent]
|turn|19
|
|t:|1779856884
|switch|p1a: Slowking|Slowking-Galar, F, tera:Fairy|82/100
|move|p2a: Erebus|Kowtow Cleave|p1a: Slowking
|-resisted|p1a: Slowking
|-damage|p1a: Slowking|44/100
|
|upkeep
|turn|20
|inactive|PlatinumDan has 120 seconds left.
|
|t:|1779856891
|switch|p1a: Dondozo|Dondozo, M|24/100
|move|p2a: Erebus|Iron Head|p1a: Dondozo
|-resisted|p1a: Dondozo
|-damage|p1a: Dondozo|0 fnt
|faint|p1a: Dondozo
|
|upkeep
|
|t:|1779856896
|switch|p1a: Slowking|Slowking-Galar, F, tera:Fairy|77/100
|turn|21
|
|t:|1779856900
|move|p2a: Erebus|Iron Head|p1a: Slowking
|-supereffective|p1a: Slowking
|-damage|p1a: Slowking|0 fnt
|faint|p1a: Slowking
|
|upkeep
|
|t:|1779856902
|switch|p1a: Ogerpon|Ogerpon, F|100/100
|turn|22
|
|t:|1779856908
|move|p1a: Ogerpon|Play Rough|p2a: Erebus
|-damage|p2a: Erebus|62/100
|-unboost|p2a: Erebus|atk|1
|move|p2a: Erebus|Kowtow Cleave|p1a: Ogerpon
|-damage|p1a: Ogerpon|36/100
|
|-heal|p2a: Erebus|68/100|[from] item: Leftovers
|upkeep
|turn|23
|
|t:|1779856918
|move|p2a: Erebus|Sucker Punch|p1a: Ogerpon
|-damage|p1a: Ogerpon|0 fnt
|faint|p1a: Ogerpon
|
|win|PlatinumDan
|raw|Dumptrunk's rating: 1081 &rarr; <strong>1062</strong><br />(-19 for losing)
|raw|PlatinumDan's rating: 1133 &rarr; <strong>1154</strong><br />(+21 for winning)
|l|☆Dumptrunk
|player|p1|
|l|☆PlatinumDan
|player|p2|
