|j|☆npctypebeat
|j|☆ceco7
|t:|1779940312
|gametype|singles
|player|p1|npctypebeat|102|1113
|player|p2|ceco7|byron|1196
|gen|9
|tier|[Gen 9] OU
|rated|
|rule|HP Percentage Mod: HP is shown in percentages
|rule|Endless Battle Clause: Forcing endless battles is banned
|rule|Species Clause: Limit one of each Pokémon
|rule|OHKO Clause: OHKO moves are banned
|rule|Evasion Items Clause: Evasion items are banned
|rule|Evasion Moves Clause: Evasion moves are banned
|rule|Evasion Abilities Clause: Evasion abilities are banned
|rule|Sleep Moves Clause: Sleep-inducing moves are banned
|clearpoke
|poke|p1|Gliscor, M|
|poke|p1|Gholdengo|
|poke|p1|Zamazenta-*|
|poke|p1|Blissey, F|
|poke|p1|Skarmory, F|
|poke|p1|Pecharunt|
|poke|p2|Dragapult, F|
|poke|p2|Iron Crown|
|poke|p2|Great Tusk|
|poke|p2|Garganacl, F|
|poke|p2|Dragonite, M|
|poke|p2|Hoopa-Unbound|
|teampreview
|c|☆npctypebeat|hf
|inactive|Battle timer is ON: inactive players will automatically lose when time's up. (requested by npctypebeat)
|
|t:|1779940327
|teamsize|p1|6
|teamsize|p2|6
|start
|switch|p1a: Skarmory|Skarmory, F|100/100
|switch|p2a: Great Crusk|Great Tusk|100/100
|turn|1
|
|t:|1779940337
|move|p2a: Great Crusk|Rapid Spin|p1a: Skarmory
|-resisted|p1a: Skarmory
|-damage|p1a: Skarmory|96/100
|-boost|p2a: Great Crusk|spe|1
|move|p1a: Skarmory|Spikes|p2a: Great Crusk
|-sidestart|p2: ceco7|Spikes
|
|upkeep
|turn|2
|
|t:|1779940340
|move|p2a: Great Crusk|Stealth Rock|p1a: Skarmory
|-sidestart|p1: npctypebeat|move: Stealth Rock
|move|p1a: Skarmory|Body Press|p2a: Great Crusk
|-damage|p2a: Great Crusk|80/100
|-damage|p1a: Skarmory|80/100|[from] item: Rocky Helmet|[of] p2a: Great Crusk
|
|upkeep
|turn|3
|
|t:|1779940342
|move|p2a: Great Crusk|Rapid Spin|p1a: Skarmory
|-resisted|p1a: Skarmory
|-damage|p1a: Skarmory|75/100
|-boost|p2a: Great Crusk|spe|1
|-sideend|p2: ceco7|Spikes|[from] move: Rapid Spin|[of] p2a: Great Crusk
|move|p1a: Skarmory|Whirlwind|p2a: Great Crusk
|-end|p2a: Great Crusk|Protosynthesis|[silent]
|drag|p2a: Iron Cescrown|Iron Crown|100/100
|
|upkeep
|turn|4
|
|t:|1779940351
|move|p2a: Iron Cescrown|Volt Switch|p1a: Skarmory
|-supereffective|p1a: Skarmory
|-damage|p1a: Skarmory|0 fnt
|faint|p1a: Skarmory
|
|t:|1779940354
|-end|p2a: Iron Cescrown|Quark Drive|[silent]
|switch|p2a: Great Crusk|Great Tusk|80/100|[from] Volt Switch
|
|upkeep
|
|t:|1779940357
|switch|p1a: Pecharunt|Pecharunt|100/100
|turn|5
|
|t:|1779940365
|move|p2a: Great Crusk|Earthquake|p1a: Pecharunt
|-supereffective|p1a: Pecharunt
|-damage|p1a: Pecharunt|56/100
|move|p1a: Pecharunt|Recover|p1a: Pecharunt
|-heal|p1a: Pecharunt|100/100
|
|upkeep
|turn|6
|
|t:|1779940372
|switch|p1a: Gliscor|Gliscor, M|100/100
|-damage|p1a: Gliscor|88/100|[from] Stealth Rock
|move|p2a: Great Crusk|Earthquake|p1a: Gliscor
|-immune|p1a: Gliscor
|
|-status|p1a: Gliscor|tox|[from] item: Toxic Orb
|upkeep
|turn|7
|
|t:|1779940376
|move|p2a: Great Crusk|Ice Spinner|p1a: Gliscor
|-supereffective|p1a: Gliscor
|-damage|p1a: Gliscor|6/100 tox
|move|p1a: Gliscor|Swords Dance|p1a: Gliscor
|-boost|p1a: Gliscor|atk|2
|
|-heal|p1a: Gliscor|19/100 tox|[from] ability: Poison Heal
|upkeep
|turn|8
|
|t:|1779940384
|move|p1a: Gliscor|Protect|p1a: Gliscor
|-singleturn|p1a: Gliscor|Protect
|move|p2a: Great Crusk|Ice Spinner|p1a: Gliscor
|-activate|p1a: Gliscor|move: Protect
|
|-heal|p1a: Gliscor|31/100 tox|[from] ability: Poison Heal
|upkeep
|turn|9
|
|t:|1779940389
|switch|p1a: Pecharunt|Pecharunt|100/100
|move|p2a: Great Crusk|Ice Spinner|p1a: Pecharunt
|-damage|p1a: Pecharunt|89/100
|
|upkeep
|turn|10
|
|t:|1779940396
|move|p2a: Great Crusk|Earthquake|p1a: Pecharunt
|-supereffective|p1a: Pecharunt
|-damage|p1a: Pecharunt|46/100
|move|p1a: Pecharunt|Toxic|p2a: Great Crusk
|-status|p2a: Great Crusk|tox
|-start|p2a: Great Crusk|confusion|[from] ability: Poison Puppeteer|[of] p1a: Pecharunt
|
|-damage|p2a: Great Crusk|74/100 tox|[from] psn
|upkeep
|turn|11
|
|t:|1779940402
|-activate|p2a: Great Crusk|confusion
|-damage|p2a: Great Crusk|66/100 tox|[from] confusion
|move|p1a: Pecharunt|Recover|p1a: Pecharunt
|-heal|p1a: Pecharunt|96/100
|
|-damage|p2a: Great Crusk|54/100 tox|[from] psn
|upkeep
|turn|12
|
|t:|1779940404
|-activate|p2a: Great Crusk|confusion
|move|p2a: Great Crusk|Earthquake|p1a: Pecharunt
|-supereffective|p1a: Pecharunt
|-damage|p1a: Pecharunt|51/100
|move|p1a: Pecharunt|Shadow Ball|p2a: Great Crusk
|-damage|p2a: Great Crusk|24/100 tox
|
|-damage|p2a: Great Crusk|5/100 tox|[from] psn
|upkeep
|turn|13
|
|t:|1779940408
|-activate|p2a: Great Crusk|confusion
|move|p2a: Great Crusk|Earthquake|p1a: Pecharunt
|-supereffective|p1a: Pecharunt
|-damage|p1a: Pecharunt|11/100
|move|p1a: Pecharunt|Recover|p1a: Pecharunt
|-heal|p1a: Pecharunt|61/100
|
|-damage|p2a: Great Crusk|0 fnt|[from] psn
|faint|p2a: Great Crusk
|-end|p2a: Great Crusk|Protosynthesis|[silent]
|upkeep
|
|t:|1779940413
|switch|p2a: Cescoite|Dragonite, M|100/100
|turn|14
|
|t:|1779940429
|move|p2a: Cescoite|Earthquake|p1a: Pecharunt
|-supereffective|p1a: Pecharunt
|-damage|p1a: Pecharunt|9/100
|move|p1a: Pecharunt|Recover|p1a: Pecharunt
|-heal|p1a: Pecharunt|59/100
|
|upkeep
|turn|15
|
|t:|1779940439
|switch|p2a: Iron Cescrown|Iron Crown|100/100
|switch|p1a: Gliscor|Gliscor, M|31/100 tox
|-damage|p1a: Gliscor|19/100 tox|[from] Stealth Rock
|
|-heal|p1a: Gliscor|31/100 tox|[from] ability: Poison Heal
|upkeep
|turn|16
|
|t:|1779940445
|move|p2a: Iron Cescrown|Tachyon Cutter|p1a: Gliscor
|-damage|p1a: Gliscor|0 fnt
|faint|p1a: Gliscor
|-hitcount|p1: Gliscor|1
|
|upkeep
|
|t:|1779940452
|switch|p1a: Blissey|Blissey, F|100/100
|turn|17
|
|t:|1779940465
|-end|p2a: Iron Cescrown|Quark Drive|[silent]
|switch|p2a: Garganaclow|Garganacl, F|100/100
|move|p1a: Blissey|Stealth Rock|p2a: Garganaclow
|-sidestart|p2: ceco7|move: Stealth Rock
|
|upkeep
|turn|18
|
|t:|1779940470
|move|p1a: Blissey|Calm Mind|p1a: Blissey
|-boost|p1a: Blissey|spa|1
|-boost|p1a: Blissey|spd|1
|move|p2a: Garganaclow|Curse|p2a: Garganaclow
|-unboost|p2a: Garganaclow|spe|1
|-boost|p2a: Garganaclow|atk|1
|-boost|p2a: Garganaclow|def|1
|
|upkeep
|turn|19
|
|t:|1779940474
|switch|p1a: Zamazenta|Zamazenta|100/100
|-ability|p1a: Zamazenta|Dauntless Shield|boost
|-boost|p1a: Zamazenta|def|1
|move|p2a: Garganaclow|Curse|p2a: Garganaclow
|-unboost|p2a: Garganaclow|spe|1
|-boost|p2a: Garganaclow|atk|1
|-boost|p2a: Garganaclow|def|1
|
|upkeep
|turn|20
|
|t:|1779940483
|move|p1a: Zamazenta|Close Combat|p2a: Garganaclow
|-supereffective|p2a: Garganaclow
|-damage|p2a: Garganaclow|64/100
|-unboost|p1a: Zamazenta|def|1
|-unboost|p1a: Zamazenta|spd|1
|move|p2a: Garganaclow|Curse|p2a: Garganaclow
|-unboost|p2a: Garganaclow|spe|1
|-boost|p2a: Garganaclow|atk|1
|-boost|p2a: Garganaclow|def|1
|
|-heal|p2a: Garganaclow|71/100|[from] item: Leftovers
|upkeep
|turn|21
|
|t:|1779940497
|move|p1a: Zamazenta|Close Combat|p2a: Garganaclow
|-supereffective|p2a: Garganaclow
|-damage|p2a: Garganaclow|42/100
|-unboost|p1a: Zamazenta|def|1
|-unboost|p1a: Zamazenta|spd|1
|move|p2a: Garganaclow|Salt Cure|p1a: Zamazenta
|-resisted|p1a: Zamazenta
|-damage|p1a: Zamazenta|75/100
|-start|p1a: Zamazenta|Salt Cure
|
|-heal|p2a: Garganaclow|48/100|[from] item: Leftovers
|-damage|p1a: Zamazenta|63/100|[from] Salt Cure
|upkeep
|turn|22
|
|t:|1779940514
|move|p1a: Zamazenta|Crunch|p2a: Garganaclow
|-damage|p2a: Garganaclow|41/100
|move|p2a: Garganaclow|Recover|p2a: Garganaclow
|-heal|p2a: Garganaclow|91/100
|
|-heal|p2a: Garganaclow|97/100|[from] item: Leftovers
|-damage|p1a: Zamazenta|50/100|[from] Salt Cure
|upkeep
|turn|23
|
|t:|1779940528
|switch|p1a: Pecharunt|Pecharunt|59/100
|move|p2a: Garganaclow|Curse|p2a: Garganaclow
|-unboost|p2a: Garganaclow|spe|1
|-boost|p2a: Garganaclow|atk|1
|-boost|p2a: Garganaclow|def|1
|
|-heal|p2a: Garganaclow|100/100|[from] item: Leftovers
|upkeep
|turn|24
|
|t:|1779940533
|move|p1a: Pecharunt|Shadow Ball|p2a: Garganaclow
|-damage|p2a: Garganaclow|92/100
|move|p2a: Garganaclow|Earthquake|p1a: Pecharunt
|-supereffective|p1a: Pecharunt
|-damage|p1a: Pecharunt|0 fnt
|faint|p1a: Pecharunt
|
|-heal|p2a: Garganaclow|98/100|[from] item: Leftovers
|upkeep
|
|t:|1779940540
|switch|p1a: Zamazenta|Zamazenta|50/100
|turn|25
|
|t:|1779940545
|move|p1a: Zamazenta|Close Combat|p2a: Garganaclow
|-supereffective|p2a: Garganaclow
|-damage|p2a: Garganaclow|73/100
|-unboost|p1a: Zamazenta|def|1
|-unboost|p1a: Zamazenta|spd|1
|move|p2a: Garganaclow|Earthquake|p1a: Zamazenta
|-damage|p1a: Zamazenta|0 fnt
|faint|p1a: Zamazenta
|
|-heal|p2a: Garganaclow|79/100|[from] item: Leftovers
|upkeep
|
|t:|1779940552
|switch|p1a: Gholdengo|Gholdengo|100/100
|-damage|p1a: Gholdengo|94/100|[from] Stealth Rock
|turn|26
|
|t:|1779940560
|switch|p1a: Blissey|Blissey, F|100/100
|move|p2a: Garganaclow|Earthquake|p1a: Blissey
|-damage|p1a: Blissey|35/100
|
|-heal|p2a: Garganaclow|85/100|[from] item: Leftovers
|upkeep
|turn|27
|
|t:|1779940567
|move|p1a: Blissey|Shadow Ball|p2a: Garganaclow
|-damage|p2a: Garganaclow|80/100
|-unboost|p2a: Garganaclow|spd|1
|move|p2a: Garganaclow|Salt Cure|p1a: Blissey
|-crit|p1a: Blissey
|-damage|p1a: Blissey|0 fnt
|faint|p1a: Blissey
|
|-heal|p2a: Garganaclow|86/100|[from] item: Leftovers
|upkeep
|
|t:|1779940575
|switch|p1a: Gholdengo|Gholdengo|94/100
|-damage|p1a: Gholdengo|88/100|[from] Stealth Rock
|turn|28
|
|t:|1779940580
|move|p1a: Gholdengo|Hex|p2a: Garganaclow
|-damage|p2a: Garganaclow|73/100
|move|p2a: Garganaclow|Earthquake|p1a: Gholdengo
|-supereffective|p1a: Gholdengo
|-damage|p1a: Gholdengo|0 fnt
|faint|p1a: Gholdengo
|
|win|ceco7
|raw|npctypebeat's rating: 1103 &rarr; <strong>1085</strong><br />(-18 for losing)
|raw|ceco7's rating: 1196 &rarr; <strong>1214</strong><br />(+18 for winning)
|c|☆npctypebeat|gg
|c|☆ceco7|wpgg
