|j|‽ElectivireGoat
|j|☆xxxduqi
|t:|1779966526
|gametype|singles
|player|p1|ElectivireGoat|volkner|1390
|player|p2|xxxduqi|miku-flying|1397
|gen|9
|tier|[Gen 9] OU
|rated|
|rule|HP Percentage Mod: HP is shown in percentages
|rule|Endless Battle Clause: Forcing endless battles is banned
|rule|Species Clause: Limit one of each Pokémon
|rule|OHKO Clause: OHKO moves are banned
|rule|Evasion Items Clause: Evasion items are banned
|rule|Evasion Moves Clause: Evasion moves are banned
|rule|Evasion Abilities Clause: Evasion abilities are banned
|rule|Sleep Moves Clause: Sleep-inducing moves are banned
|clearpoke
|poke|p1|Araquanid, M|
|poke|p1|Electivire, F|
|poke|p1|Volcanion|
|poke|p1|Gholdengo|
|poke|p1|Latias, F|
|poke|p1|Great Tusk|
|poke|p2|Latias, F|
|poke|p2|Darkrai|
|poke|p2|Slowking-Galar, F|
|poke|p2|Corviknight, F|
|poke|p2|Kingambit, M|
|poke|p2|Zamazenta-*|
|teampreview
|inactive|Battle timer is ON: inactive players will automatically lose when time's up. (requested by xxxduqi)
|
|t:|1779966541
|teamsize|p1|6
|teamsize|p2|6
|start
|switch|p1a: Araquanid|Araquanid, M, shiny|100/100
|switch|p2a: Kingambit|Kingambit, M|100/100
|turn|1
|
|t:|1779966550
|move|p2a: Kingambit|Swords Dance|p2a: Kingambit
|-boost|p2a: Kingambit|atk|2
|move|p1a: Araquanid|Liquidation|p2a: Kingambit
|-damage|p2a: Kingambit|51/100
|
|-heal|p2a: Kingambit|57/100|[from] item: Leftovers
|upkeep
|turn|2
|
|t:|1779966554
|move|p2a: Kingambit|Kowtow Cleave|p1a: Araquanid
|-damage|p1a: Araquanid|7/100
|move|p1a: Araquanid|Liquidation|p2a: Kingambit
|-damage|p2a: Kingambit|6/100
|
|-heal|p2a: Kingambit|12/100|[from] item: Leftovers
|upkeep
|turn|3
|
|t:|1779966558
|move|p2a: Kingambit|Kowtow Cleave|p1a: Araquanid
|-damage|p1a: Araquanid|0 fnt
|faint|p1a: Araquanid
|
|-heal|p2a: Kingambit|19/100|[from] item: Leftovers
|upkeep
|
|t:|1779966568
|switch|p1a: Volcanion|Volcanion|100/100
|turn|4
|
|t:|1779966586
|move|p2a: Kingambit|Sucker Punch|p1a: Volcanion
|-damage|p1a: Volcanion|51/100
|move|p1a: Volcanion|Flamethrower|p2a: Kingambit
|-supereffective|p2a: Kingambit
|-damage|p2a: Kingambit|0 fnt
|faint|p2a: Kingambit
|-end|p2a: Kingambit|fallenundefined|[silent]
|
|-heal|p1a: Volcanion|57/100|[from] item: Leftovers
|upkeep
|
|t:|1779966602
|switch|p2a: Latias|Latias, F|100/100
|turn|5
|
|t:|1779966616
|move|p2a: Latias|Calm Mind|p2a: Latias
|-boost|p2a: Latias|spa|1
|-boost|p2a: Latias|spd|1
|move|p1a: Volcanion|Will-O-Wisp|p2a: Latias
|-status|p2a: Latias|brn
|
|-heal|p1a: Volcanion|63/100|[from] item: Leftovers
|-damage|p2a: Latias|94/100 brn|[from] brn
|upkeep
|turn|6
|
|t:|1779966621
|move|p2a: Latias|Calm Mind|p2a: Latias
|-boost|p2a: Latias|spa|1
|-boost|p2a: Latias|spd|1
|move|p1a: Volcanion|Steam Eruption|p2a: Latias
|-resisted|p2a: Latias
|-damage|p2a: Latias|84/100 brn
|
|-heal|p2a: Latias|90/100 brn|[from] item: Leftovers
|-heal|p1a: Volcanion|69/100|[from] item: Leftovers
|-damage|p2a: Latias|84/100 brn|[from] brn
|upkeep
|turn|7
|
|t:|1779966632
|switch|p1a: Great Tusk|Great Tusk|100/100
|move|p2a: Latias|Calm Mind|p2a: Latias
|-boost|p2a: Latias|spa|1
|-boost|p2a: Latias|spd|1
|
|-heal|p2a: Latias|90/100 brn|[from] item: Leftovers
|-damage|p2a: Latias|84/100 brn|[from] brn
|upkeep
|turn|8
|
|t:|1779966637
|-terastallize|p1a: Great Tusk|Ice
|-terastallize|p2a: Latias|Poison
|move|p1a: Great Tusk|Ice Spinner|p2a: Latias
|-damage|p2a: Latias|51/100 brn
|move|p2a: Latias|Psyshock|p1a: Great Tusk
|-damage|p1a: Great Tusk|49/100
|
|-heal|p2a: Latias|57/100 brn|[from] item: Leftovers
|-damage|p2a: Latias|51/100 brn|[from] brn
|upkeep
|turn|9
|
|t:|1779966649
|move|p1a: Great Tusk|Ice Spinner|p2a: Latias
|-damage|p2a: Latias|21/100 brn
|move|p2a: Latias|Recover|p2a: Latias
|-heal|p2a: Latias|71/100 brn
|
|-heal|p2a: Latias|77/100 brn|[from] item: Leftovers
|-damage|p2a: Latias|71/100 brn|[from] brn
|upkeep
|turn|10
|
|t:|1779966655
|move|p1a: Great Tusk|Ice Spinner|p2a: Latias
|-damage|p2a: Latias|40/100 brn
|move|p2a: Latias|Psyshock|p1a: Great Tusk
|-damage|p1a: Great Tusk|0 fnt
|faint|p1a: Great Tusk
|-end|p1a: Great Tusk|Protosynthesis|[silent]
|
|-heal|p2a: Latias|46/100 brn|[from] item: Leftovers
|-damage|p2a: Latias|40/100 brn|[from] brn
|upkeep
|
|t:|1779966658
|switch|p1a: Electivire|Electivire, F|100/100
|turn|11
|
|t:|1779966663
|move|p1a: Electivire|Supercell Slam|p2a: Latias
|-damage|p2a: Latias|0 fnt
|faint|p2a: Latias
|-damage|p1a: Electivire|91/100|[from] item: Life Orb
|
|upkeep
|
|t:|1779966667
|switch|p2a: Darkrai|Darkrai|100/100
|turn|12
|
|t:|1779966671
|move|p2a: Darkrai|Will-O-Wisp|p1a: Electivire
|-status|p1a: Electivire|brn
|move|p1a: Electivire|Supercell Slam|p2a: Darkrai|[miss]
|-miss|p1a: Electivire|p2a: Darkrai
|-damage|p1a: Electivire|41/100 brn|[from] supercellslam
|
|-damage|p1a: Electivire|35/100 brn|[from] brn
|upkeep
|turn|13
|
|t:|1779966678
|move|p2a: Darkrai|Dark Pulse|p1a: Electivire
|-damage|p1a: Electivire|0 fnt
|faint|p1a: Electivire
|
|upkeep
|
|t:|1779966683
|switch|p1a: Latias|Latias, F|100/100
|turn|14
|
|t:|1779966686
|move|p2a: Darkrai|Dark Pulse|p1a: Latias
|-supereffective|p1a: Latias
|-damage|p1a: Latias|34/100
|-enditem|p1a: Latias|Weakness Policy
|-boost|p1a: Latias|atk|2|[from] item: Weakness Policy
|-boost|p1a: Latias|spa|2|[from] item: Weakness Policy
|move|p1a: Latias|Agility|p1a: Latias
|-boost|p1a: Latias|spe|2
|
|upkeep
|turn|15
|
|t:|1779966692
|move|p1a: Latias|Aura Sphere|p2a: Darkrai
|-supereffective|p2a: Darkrai
|-damage|p2a: Darkrai|0 fnt
|faint|p2a: Darkrai
|
|upkeep
|
|t:|1779966695
|switch|p2a: Slowking|Slowking-Galar, F|100/100
|turn|16
|
|t:|1779966700
|move|p1a: Latias|Stored Power|p2a: Slowking
|-damage|p2a: Slowking|34/100
|move|p2a: Slowking|Thunder Wave|p1a: Latias
|-status|p1a: Latias|par
|
|upkeep
|turn|17
|
|t:|1779966704
|switch|p2a: Corviknight|Corviknight, F|100/100
|-ability|p2a: Corviknight|Pressure
|move|p1a: Latias|Stored Power|p2a: Corviknight
|-resisted|p2a: Corviknight
|-damage|p2a: Corviknight|49/100
|
|upkeep
|turn|18
|
|t:|1779966708
|move|p1a: Latias|Stored Power|p2a: Corviknight
|-resisted|p2a: Corviknight
|-damage|p2a: Corviknight|0 fnt
|faint|p2a: Corviknight
|
|upkeep
|
|t:|1779966713
|switch|p2a: Slowking|Slowking-Galar, F|68/100
|turn|19
|
|t:|1779966715
|move|p1a: Latias|Stored Power|p2a: Slowking
|-crit|p2a: Slowking
|-damage|p2a: Slowking|0 fnt
|faint|p2a: Slowking
|
|upkeep
|
|t:|1779966719
|switch|p2a: Zamazenta|Zamazenta|100/100
|-ability|p2a: Zamazenta|Dauntless Shield|boost
|-boost|p2a: Zamazenta|def|1
|turn|20
|
|t:|1779966721
|move|p2a: Zamazenta|Heavy Slam|p1a: Latias
|-damage|p1a: Latias|4/100 par
|move|p1a: Latias|Stored Power|p2a: Zamazenta
|-supereffective|p2a: Zamazenta
|-damage|p2a: Zamazenta|0 fnt
|faint|p2a: Zamazenta
|
|win|ElectivireGoat
|raw|ElectivireGoat's rating: 1390 &rarr; <strong>1410</strong><br />(+20 for winning)
|raw|xxxduqi's rating: 1397 &rarr; <strong>1377</strong><br />(-20 for losing)
|l|☆xxxduqi
|player|p2|
|l|‽ElectivireGoat
|player|p1|
