|j|☆Mcalmic
|j|☆Plaqueboyhax
|t:|1779947138
|gametype|singles
|player|p1|Mcalmic|2|1416
|player|p2|Plaqueboyhax|lucas|1513
|gen|9
|tier|[Gen 9] OU
|rated|
|rule|HP Percentage Mod: HP is shown in percentages
|rule|Endless Battle Clause: Forcing endless battles is banned
|rule|Species Clause: Limit one of each Pokémon
|rule|OHKO Clause: OHKO moves are banned
|rule|Evasion Items Clause: Evasion items are banned
|rule|Evasion Moves Clause: Evasion moves are banned
|rule|Evasion Abilities Clause: Evasion abilities are banned
|rule|Sleep Moves Clause: Sleep-inducing moves are banned
|clearpoke
|poke|p1|Gliscor, M|
|poke|p1|Gholdengo|
|poke|p1|Dragonite, M|
|poke|p1|Ting-Lu|
|poke|p1|Darkrai|
|poke|p1|Zamazenta-*|
|poke|p2|Latios, M|
|poke|p2|Rotom-Wash|
|poke|p2|Gholdengo|
|poke|p2|Ting-Lu|
|poke|p2|Iron Valiant|
|poke|p2|Hydreigon, M|
|teampreview
|inactive|Battle timer is ON: inactive players will automatically lose when time's up. (requested by Plaqueboyhax)
|
|t:|1779947155
|teamsize|p1|6
|teamsize|p2|6
|start
|switch|p1a: Gliscor|Gliscor, M|100/100
|switch|p2a: Fastlane|Hydreigon, M|100/100
|turn|1
|
|t:|1779947161
|move|p2a: Fastlane|Draco Meteor|p1a: Gliscor
|-damage|p1a: Gliscor|0 fnt
|-unboost|p2a: Fastlane|spa|2
|faint|p1a: Gliscor
|
|upkeep
|
|t:|1779947172
|switch|p1a: Ting-Lu|Ting-Lu|100/100
|-ability|p1a: Ting-Lu|Vessel of Ruin
|turn|2
|
|t:|1779947177
|switch|p2a: Earl Sweatshirt|Rotom-Wash|100/100
|move|p1a: Ting-Lu|Stealth Rock|p2a: Earl Sweatshirt
|-sidestart|p2: Plaqueboyhax|move: Stealth Rock
|
|upkeep
|turn|3
|
|t:|1779947183
|move|p2a: Earl Sweatshirt|Will-O-Wisp|p1a: Ting-Lu
|-status|p1a: Ting-Lu|brn
|move|p1a: Ting-Lu|Whirlwind|p2a: Earl Sweatshirt
|drag|p2a: Iron Von|Iron Valiant|100/100
|
|-damage|p1a: Ting-Lu|94/100 brn|[from] brn
|upkeep
|turn|4
|
|t:|1779947192
|move|p2a: Iron Von|Knock Off|p1a: Ting-Lu
|-resisted|p1a: Ting-Lu
|-damage|p1a: Ting-Lu|87/100 brn
|-enditem|p1a: Ting-Lu|Leftovers|[from] move: Knock Off|[of] p2a: Iron Von
|move|p1a: Ting-Lu|Ruination|p2a: Iron Von
|-damage|p2a: Iron Von|51/100
|
|-damage|p1a: Ting-Lu|80/100 brn|[from] brn
|upkeep
|turn|5
|
|t:|1779947200
|move|p2a: Iron Von|Moonblast|p1a: Ting-Lu
|-supereffective|p1a: Ting-Lu
|-damage|p1a: Ting-Lu|38/100 brn
|-unboost|p1a: Ting-Lu|spa|1
|move|p1a: Ting-Lu|Whirlwind|p2a: Iron Von
|-end|p2a: Iron Von|Quark Drive|[silent]
|drag|p2a: Earl Sweatshirt|Rotom-Wash|100/100
|-damage|p2a: Earl Sweatshirt|88/100|[from] Stealth Rock
|
|-heal|p2a: Earl Sweatshirt|94/100|[from] item: Leftovers
|-damage|p1a: Ting-Lu|32/100 brn|[from] brn
|upkeep
|turn|6
|
|t:|1779947211
|move|p2a: Earl Sweatshirt|Hydro Pump|p1a: Ting-Lu
|-supereffective|p1a: Ting-Lu
|-damage|p1a: Ting-Lu|1/100 brn
|move|p1a: Ting-Lu|Ruination|p2a: Earl Sweatshirt
|-damage|p2a: Earl Sweatshirt|48/100
|
|-heal|p2a: Earl Sweatshirt|54/100|[from] item: Leftovers
|-damage|p1a: Ting-Lu|0 fnt|[from] brn
|faint|p1a: Ting-Lu
|upkeep
|
|t:|1779947224
|switch|p1a: Darkrai|Darkrai|100/100
|turn|7
|
|t:|1779947233
|switch|p2a: Ting-Chillin|Ting-Lu|100/100
|-damage|p2a: Ting-Chillin|94/100|[from] Stealth Rock
|-ability|p2a: Ting-Chillin|Vessel of Ruin
|move|p1a: Darkrai|Dark Pulse|p2a: Ting-Chillin
|-resisted|p2a: Ting-Chillin
|-damage|p2a: Ting-Chillin|86/100
|
|-heal|p2a: Ting-Chillin|92/100|[from] item: Leftovers
|upkeep
|turn|8
|
|t:|1779947244
|move|p1a: Darkrai|Ice Beam|p2a: Ting-Chillin
|-supereffective|p2a: Ting-Chillin
|-damage|p2a: Ting-Chillin|67/100
|move|p2a: Ting-Chillin|Stealth Rock|p1a: Darkrai
|-sidestart|p1: Mcalmic|move: Stealth Rock
|
|-heal|p2a: Ting-Chillin|73/100|[from] item: Leftovers
|upkeep
|turn|9
|
|t:|1779947251
|move|p1a: Darkrai|Ice Beam|p2a: Ting-Chillin
|-supereffective|p2a: Ting-Chillin
|-damage|p2a: Ting-Chillin|47/100
|move|p2a: Ting-Chillin|Ruination|p1a: Darkrai
|-damage|p1a: Darkrai|51/100
|
|-heal|p2a: Ting-Chillin|54/100|[from] item: Leftovers
|upkeep
|turn|10
|
|t:|1779947262
|move|p1a: Darkrai|Ice Beam|p2a: Ting-Chillin
|-supereffective|p2a: Ting-Chillin
|-damage|p2a: Ting-Chillin|24/100
|move|p2a: Ting-Chillin|Earthquake|p1a: Darkrai
|-damage|p1a: Darkrai|4/100
|
|-heal|p2a: Ting-Chillin|31/100|[from] item: Leftovers
|upkeep
|turn|11
|
|t:|1779947272
|move|p1a: Darkrai|Ice Beam|p2a: Ting-Chillin
|-supereffective|p2a: Ting-Chillin
|-damage|p2a: Ting-Chillin|3/100
|move|p2a: Ting-Chillin|Earthquake|p1a: Darkrai
|-damage|p1a: Darkrai|0 fnt
|faint|p1a: Darkrai
|
|-heal|p2a: Ting-Chillin|9/100|[from] item: Leftovers
|upkeep
|
|t:|1779947281
|switch|p1a: Dragonite|Dragonite, M|100/100
|turn|12
|
|t:|1779947285
|move|p1a: Dragonite|Dragon Dance|p1a: Dragonite
|-boost|p1a: Dragonite|atk|1
|-boost|p1a: Dragonite|spe|1
|move|p2a: Ting-Chillin|Whirlwind|p1a: Dragonite
|drag|p1a: Zamazenta|Zamazenta|100/100
|-ability|p1a: Zamazenta|Dauntless Shield|boost
|-boost|p1a: Zamazenta|def|1
|
|-heal|p2a: Ting-Chillin|15/100|[from] item: Leftovers
|upkeep
|turn|13
|
|t:|1779947296
|move|p1a: Zamazenta|Ice Fang|p2a: Ting-Chillin
|-supereffective|p2a: Ting-Chillin
|-damage|p2a: Ting-Chillin|0 fnt
|faint|p2a: Ting-Chillin
|
|upkeep
|
|t:|1779947300
|switch|p2a: Over My Dead Lati|Latios, M|100/100
|-damage|p2a: Over My Dead Lati|88/100|[from] Stealth Rock
|turn|14
|
|t:|1779947308
|-terastallize|p1a: Zamazenta|Ice
|move|p2a: Over My Dead Lati|Luster Purge|p1a: Zamazenta
|-damage|p1a: Zamazenta|50/100
|-unboost|p1a: Zamazenta|spd|1
|move|p1a: Zamazenta|Ice Fang|p2a: Over My Dead Lati
|-supereffective|p2a: Over My Dead Lati
|-damage|p2a: Over My Dead Lati|0 fnt
|faint|p2a: Over My Dead Lati
|
|upkeep
|
|t:|1779947316
|switch|p2a: Earl Sweatshirt|Rotom-Wash|54/100
|-damage|p2a: Earl Sweatshirt|41/100|[from] Stealth Rock
|turn|15
|
|t:|1779947324
|switch|p1a: Gholdengo|Gholdengo|100/100
|-damage|p1a: Gholdengo|94/100|[from] Stealth Rock
|move|p2a: Earl Sweatshirt|Volt Switch|p1a: Gholdengo
|-damage|p1a: Gholdengo|66/100
|
|t:|1779947330
|switch|p2a: GDhengo Unrained|Gholdengo|100/100|[from] Volt Switch
|-damage|p2a: GDhengo Unrained|94/100|[from] Stealth Rock
|-item|p2a: GDhengo Unrained|Air Balloon
|
|upkeep
|turn|16
|
|t:|1779947337
|switch|p2a: Fastlane|Hydreigon, M|100/100
|-damage|p2a: Fastlane|88/100|[from] Stealth Rock
|move|p1a: Gholdengo|Shadow Ball|p2a: Fastlane
|-resisted|p2a: Fastlane
|-damage|p2a: Fastlane|62/100
|
|upkeep
|turn|17
|
|t:|1779947349
|move|p1a: Gholdengo|Shadow Ball|p2a: Fastlane
|-resisted|p2a: Fastlane
|-damage|p2a: Fastlane|39/100
|move|p2a: Fastlane|Dark Pulse|p1a: Gholdengo
|-supereffective|p1a: Gholdengo
|-damage|p1a: Gholdengo|0 fnt
|faint|p1a: Gholdengo
|
|upkeep
|
|t:|1779947357
|switch|p1a: Zamazenta|Zamazenta, tera:Ice|50/100
|turn|18
|
|t:|1779947363
|move|p1a: Zamazenta|Ice Fang|p2a: Fastlane
|-supereffective|p2a: Fastlane
|-damage|p2a: Fastlane|0 fnt
|faint|p2a: Fastlane
|
|upkeep
|
|t:|1779947366
|switch|p2a: Earl Sweatshirt|Rotom-Wash|41/100
|-damage|p2a: Earl Sweatshirt|29/100|[from] Stealth Rock
|turn|19
|
|t:|1779947371
|move|p1a: Zamazenta|Close Combat|p2a: Earl Sweatshirt
|-damage|p2a: Earl Sweatshirt|0 fnt
|-unboost|p1a: Zamazenta|def|1
|-unboost|p1a: Zamazenta|spd|1
|faint|p2a: Earl Sweatshirt
|
|upkeep
|
|t:|1779947375
|switch|p2a: GDhengo Unrained|Gholdengo|94/100
|-damage|p2a: GDhengo Unrained|88/100|[from] Stealth Rock
|-item|p2a: GDhengo Unrained|Air Balloon
|turn|20
|
|t:|1779947386
|move|p1a: Zamazenta|Heavy Slam|p2a: GDhengo Unrained
|-resisted|p2a: GDhengo Unrained
|-damage|p2a: GDhengo Unrained|75/100
|-enditem|p2a: GDhengo Unrained|Air Balloon
|move|p2a: GDhengo Unrained|Hex|p1a: Zamazenta
|-damage|p1a: Zamazenta|8/100
|
|upkeep
|turn|21
|
|t:|1779947393
|move|p1a: Zamazenta|Ice Fang|p2a: GDhengo Unrained
|-resisted|p2a: GDhengo Unrained
|-damage|p2a: GDhengo Unrained|64/100
|cant|p2a: GDhengo Unrained|flinch
|
|upkeep
|turn|22
|
|t:|1779947401
|move|p1a: Zamazenta|Ice Fang|p2a: GDhengo Unrained
|-resisted|p2a: GDhengo Unrained
|-damage|p2a: GDhengo Unrained|52/100
|move|p2a: GDhengo Unrained|Recover|p2a: GDhengo Unrained
|-heal|p2a: GDhengo Unrained|100/100
|
|upkeep
|turn|23
|
|t:|1779947407
|move|p1a: Zamazenta|Ice Fang|p2a: GDhengo Unrained
|-resisted|p2a: GDhengo Unrained
|-damage|p2a: GDhengo Unrained|89/100
|move|p2a: GDhengo Unrained|Hex|p1a: Zamazenta
|-damage|p1a: Zamazenta|0 fnt
|faint|p1a: Zamazenta
|
|upkeep
|
|t:|1779947414
|switch|p1a: Dragonite|Dragonite, M|100/100
|turn|24
|
|t:|1779947420
|move|p1a: Dragonite|Dragon Dance|p1a: Dragonite
|-boost|p1a: Dragonite|atk|1
|-boost|p1a: Dragonite|spe|1
|move|p2a: GDhengo Unrained|Thunder Wave|p1a: Dragonite
|-status|p1a: Dragonite|par
|
|upkeep
|turn|25
|
|t:|1779947426
|-terastallize|p2a: GDhengo Unrained|Fairy
|move|p2a: GDhengo Unrained|Hex|p1a: Dragonite
|-damage|p1a: Dragonite|73/100 par
|move|p1a: Dragonite|Earthquake|p2a: GDhengo Unrained
|-damage|p2a: GDhengo Unrained|46/100
|
|upkeep
|turn|26
|
|t:|1779947439
|move|p2a: GDhengo Unrained|Recover|p2a: GDhengo Unrained
|-heal|p2a: GDhengo Unrained|96/100
|cant|p1a: Dragonite|par
|
|upkeep
|turn|27
|
|t:|1779947445
|move|p2a: GDhengo Unrained|Hex|p1a: Dragonite
|-damage|p1a: Dragonite|22/100 par
|cant|p1a: Dragonite|par
|
|upkeep
|turn|28
|-message|Mcalmic forfeited.
|
|win|Plaqueboyhax
|raw|Mcalmic's rating: 1416 &rarr; <strong>1401</strong><br />(-15 for losing)
|raw|Plaqueboyhax's rating: 1513 &rarr; <strong>1528</strong><br />(+15 for winning)
|l|☆Mcalmic
|player|p1|
|l|☆Plaqueboyhax
|player|p2|
