|j|☆audryml
|j|☆claudechamp
|t:|1779829488
|gametype|singles
|player|p1|audryml|lucas-gen4pt|1174
|player|p2|claudechamp|265|1230
|gen|9
|tier|[Gen 9] OU
|rated|
|rule|HP Percentage Mod: HP is shown in percentages
|rule|Endless Battle Clause: Forcing endless battles is banned
|rule|Species Clause: Limit one of each Pokémon
|rule|OHKO Clause: OHKO moves are banned
|rule|Evasion Items Clause: Evasion items are banned
|rule|Evasion Moves Clause: Evasion moves are banned
|rule|Evasion Abilities Clause: Evasion abilities are banned
|rule|Sleep Moves Clause: Sleep-inducing moves are banned
|clearpoke
|poke|p1|Ribombee, F|
|poke|p1|Cinderace, F|
|poke|p1|Porygon2|
|poke|p1|Gholdengo|
|poke|p1|Corviknight, F|
|poke|p1|Dragonite, F|
|poke|p2|Gliscor, F|
|poke|p2|Ogerpon, F|
|poke|p2|Walking Wake|
|poke|p2|Blissey, F|
|poke|p2|Corviknight, F|
|poke|p2|Pecharunt|
|teampreview
|c|☆claudechamp|hf
|
|t:|1779829498
|teamsize|p1|6
|teamsize|p2|6
|start
|switch|p1a: Cinderace|Cinderace, F|100/100
|switch|p2a: Gliscor|Gliscor, F|100/100
|turn|1
|inactive|Battle timer is ON: inactive players will automatically lose when time's up. (requested by claudechamp)
|
|t:|1779829512
|move|p1a: Cinderace|Will-O-Wisp|p2a: Gliscor|[miss]
|-miss|p1a: Cinderace|p2a: Gliscor
|move|p2a: Gliscor|Spikes|p1a: Cinderace
|-sidestart|p1: audryml|Spikes
|
|-status|p2a: Gliscor|tox|[from] item: Toxic Orb
|upkeep
|turn|2
|
|t:|1779829521
|move|p1a: Cinderace|U-turn|p2a: Gliscor
|-resisted|p2a: Gliscor
|-damage|p2a: Gliscor|93/100 tox
|
|t:|1779829527
|switch|p1a: Corviknight|Corviknight, F|100/100|[from] U-turn
|-ability|p1a: Corviknight|Pressure
|move|p2a: Gliscor|Spikes|p1a: Corviknight
|-sidestart|p1: audryml|Spikes
|
|-heal|p2a: Gliscor|100/100 tox|[from] ability: Poison Heal
|upkeep
|turn|3
|
|t:|1779829539
|move|p2a: Gliscor|Spikes|p1a: Corviknight
|-sidestart|p1: audryml|Spikes
|move|p1a: Corviknight|Iron Defense|p1a: Corviknight
|-boost|p1a: Corviknight|def|2
|
|upkeep
|turn|4
|
|t:|1779829551
|switch|p2a: Pecharunt|Pecharunt|100/100
|move|p1a: Corviknight|Iron Defense|p1a: Corviknight
|-boost|p1a: Corviknight|def|2
|
|upkeep
|turn|5
|
|t:|1779829562
|move|p2a: Pecharunt|Foul Play|p1a: Corviknight
|-damage|p1a: Corviknight|96/100
|-damage|p2a: Pecharunt|84/100|[from] item: Rocky Helmet|[of] p1a: Corviknight
|move|p1a: Corviknight|Defog|p2a: Pecharunt
|-unboost|p2a: Pecharunt|evasion|1
|-sideend|p1: audryml|Spikes|[from] move: Defog|[of] p1a: Corviknight
|
|upkeep
|turn|6
|
|t:|1779829573
|move|p2a: Pecharunt|Foul Play|p1a: Corviknight
|-crit|p1a: Corviknight
|-damage|p1a: Corviknight|78/100
|-damage|p2a: Pecharunt|67/100|[from] item: Rocky Helmet|[of] p1a: Corviknight
|move|p1a: Corviknight|Body Press|p2a: Pecharunt
|-immune|p2a: Pecharunt
|
|upkeep
|turn|7
|
|t:|1779829584
|move|p2a: Pecharunt|Recover|p2a: Pecharunt
|-heal|p2a: Pecharunt|100/100
|move|p1a: Corviknight|Iron Defense|p1a: Corviknight
|-boost|p1a: Corviknight|def|2
|
|upkeep
|turn|8
|
|t:|1779829590
|move|p2a: Pecharunt|Parting Shot|p1a: Corviknight
|-unboost|p1a: Corviknight|atk|1
|-unboost|p1a: Corviknight|spa|1
|
|t:|1779829593
|switch|p2a: Gliscor|Gliscor, F|100/100 tox|[from] Parting Shot
|move|p1a: Corviknight|Body Press|p2a: Gliscor
|-resisted|p2a: Gliscor
|-damage|p2a: Gliscor|69/100 tox
|
|-heal|p2a: Gliscor|82/100 tox|[from] ability: Poison Heal
|upkeep
|turn|9
|
|t:|1779829611
|switch|p1a: Dragonite|Dragonite, F|100/100
|-terastallize|p2a: Gliscor|Ghost
|move|p2a: Gliscor|Spikes|p1a: Dragonite
|-sidestart|p1: audryml|Spikes
|
|-heal|p2a: Gliscor|94/100 tox|[from] ability: Poison Heal
|upkeep
|turn|10
|
|t:|1779829629
|switch|p1a: Gholdengo|Gholdengo|100/100
|-damage|p1a: Gholdengo|88/100|[from] Spikes
|switch|p2a: Walking Wake|Walking Wake|100/100
|
|upkeep
|turn|11
|
|t:|1779829641
|-terastallize|p1a: Gholdengo|Fairy
|move|p2a: Walking Wake|Surf|p1a: Gholdengo
|-damage|p1a: Gholdengo|39/100
|move|p1a: Gholdengo|Dazzling Gleam|p2a: Walking Wake
|-supereffective|p2a: Walking Wake
|-damage|p2a: Walking Wake|0 fnt
|faint|p2a: Walking Wake
|-end|p2a: Walking Wake|Protosynthesis|[silent]
|
|upkeep
|
|t:|1779829651
|switch|p2a: Pecharunt|Pecharunt|100/100
|turn|12
|
|t:|1779829664
|switch|p1a: Ribombee|Ribombee, F|100/100
|-damage|p1a: Ribombee|88/100|[from] Spikes
|move|p2a: Pecharunt|Malignant Chain|p1a: Ribombee
|-supereffective|p1a: Ribombee
|-damage|p1a: Ribombee|0 fnt
|faint|p1a: Ribombee
|
|upkeep
|
|t:|1779829673
|switch|p1a: Corviknight|Corviknight, F|78/100
|-ability|p1a: Corviknight|Pressure
|turn|13
|
|t:|1779829679
|move|p2a: Pecharunt|Foul Play|p1a: Corviknight
|-damage|p1a: Corviknight|65/100
|-damage|p2a: Pecharunt|84/100|[from] item: Rocky Helmet|[of] p1a: Corviknight
|move|p1a: Corviknight|Defog|p2a: Pecharunt
|-unboost|p2a: Pecharunt|evasion|1
|-sideend|p1: audryml|Spikes|[from] move: Defog|[of] p1a: Corviknight
|
|upkeep
|turn|14
|
|t:|1779829688
|move|p2a: Pecharunt|Parting Shot|p1a: Corviknight
|-unboost|p1a: Corviknight|atk|1
|-unboost|p1a: Corviknight|spa|1
|
|t:|1779829700
|switch|p2a: Gliscor|Gliscor, F, tera:Ghost|94/100 tox|[from] Parting Shot
|move|p1a: Corviknight|Roost|p1a: Corviknight
|-heal|p1a: Corviknight|100/100
|-singleturn|p1a: Corviknight|move: Roost
|
|-heal|p2a: Gliscor|100/100 tox|[from] ability: Poison Heal
|upkeep
|turn|15
|
|t:|1779829713
|switch|p1a: Porygon2|Porygon2|100/100
|-ability|p1a: Porygon2|Download|boost
|-boost|p1a: Porygon2|spa|1
|move|p2a: Gliscor|Spikes|p1a: Porygon2
|-sidestart|p1: audryml|Spikes
|
|upkeep
|turn|16
|
|t:|1779829721
|move|p2a: Gliscor|Earthquake|p1a: Porygon2
|-damage|p1a: Porygon2|77/100
|move|p1a: Porygon2|Shadow Ball|p2a: Gliscor
|-supereffective|p2a: Gliscor
|-damage|p2a: Gliscor|30/100 tox
|
|-heal|p2a: Gliscor|43/100 tox|[from] ability: Poison Heal
|upkeep
|turn|17
|
|t:|1779829730
|switch|p2a: Blissey|Blissey, F|100/100
|move|p1a: Porygon2|Shadow Ball|p2a: Blissey
|-immune|p2a: Blissey
|
|upkeep
|turn|18
|
|t:|1779829738
|move|p1a: Porygon2|Tri Attack|p2a: Blissey
|-damage|p2a: Blissey|81/100
|-status|p2a: Blissey|par
|cant|p2a: Blissey|par
|
|upkeep
|turn|19
|
|t:|1779829745
|move|p1a: Porygon2|Tri Attack|p2a: Blissey
|-damage|p2a: Blissey|62/100 par
|move|p2a: Blissey|Seismic Toss|p1a: Porygon2
|-damage|p1a: Porygon2|50/100
|
|upkeep
|turn|20
|
|t:|1779829757
|-curestatus|p2a: Blissey|par|[from] ability: Natural Cure|[silent]
|switch|p2a: Pecharunt|Pecharunt|84/100
|move|p1a: Porygon2|Tri Attack|p2a: Pecharunt
|-immune|p2a: Pecharunt
|
|upkeep
|turn|21
|
|t:|1779829768
|move|p2a: Pecharunt|Malignant Chain|p1a: Porygon2
|-damage|p1a: Porygon2|30/100
|move|p1a: Porygon2|Ice Beam|p2a: Pecharunt
|-damage|p2a: Pecharunt|41/100
|
|upkeep
|turn|22
|
|t:|1779829776
|move|p2a: Pecharunt|Foul Play|p1a: Porygon2
|-damage|p1a: Porygon2|21/100
|move|p1a: Porygon2|Recover|p1a: Porygon2
|-heal|p1a: Porygon2|71/100
|
|upkeep
|turn|23
|
|t:|1779829782
|switch|p2a: Blissey|Blissey, F|62/100
|move|p1a: Porygon2|Shadow Ball|p2a: Blissey
|-immune|p2a: Blissey
|
|upkeep
|turn|24
|
|t:|1779829794
|move|p1a: Porygon2|Tri Attack|p2a: Blissey
|-damage|p2a: Blissey|43/100
|move|p2a: Blissey|Seismic Toss|p1a: Porygon2
|-damage|p1a: Porygon2|44/100
|
|upkeep
|turn|25
|
|t:|1779829806
|move|p1a: Porygon2|Tri Attack|p2a: Blissey
|-damage|p2a: Blissey|24/100
|move|p2a: Blissey|Seismic Toss|p1a: Porygon2
|-damage|p1a: Porygon2|18/100
|
|upkeep
|turn|26
|
|t:|1779829816
|move|p1a: Porygon2|Recover|p1a: Porygon2
|-heal|p1a: Porygon2|68/100
|move|p2a: Blissey|Soft-Boiled|p2a: Blissey
|-heal|p2a: Blissey|74/100
|
|upkeep
|turn|27
|
|t:|1779829830
|switch|p1a: Cinderace|Cinderace, F|100/100
|move|p2a: Blissey|Seismic Toss|p1a: Cinderace
|-damage|p1a: Cinderace|67/100
|
|upkeep
|turn|28
|
|t:|1779829842
|move|p1a: Cinderace|Pyro Ball|p2a: Blissey
|-damage|p2a: Blissey|10/100
|move|p2a: Blissey|Soft-Boiled|p2a: Blissey
|-heal|p2a: Blissey|60/100
|
|upkeep
|turn|29
|
|t:|1779829855
|move|p1a: Cinderace|Pyro Ball|p2a: Blissey
|-damage|p2a: Blissey|0 fnt
|faint|p2a: Blissey
|
|upkeep
|
|t:|1779829863
|switch|p2a: Pecharunt|Pecharunt|41/100
|turn|30
|
|t:|1779829874
|move|p1a: Cinderace|U-turn|p2a: Pecharunt
|-resisted|p2a: Pecharunt
|-damage|p2a: Pecharunt|38/100
|
|t:|1779829877
|switch|p1a: Gholdengo|Gholdengo, tera:Fairy|39/100|[from] U-turn
|-damage|p1a: Gholdengo|27/100|[from] Spikes
|move|p2a: Pecharunt|Recover|p2a: Pecharunt
|-heal|p2a: Pecharunt|88/100
|
|upkeep
|turn|31
|
|t:|1779829887
|move|p1a: Gholdengo|Shadow Ball|p2a: Pecharunt
|-supereffective|p2a: Pecharunt
|-damage|p2a: Pecharunt|0 fnt
|faint|p2a: Pecharunt
|
|upkeep
|
|t:|1779829896
|switch|p2a: Ogerpon|Ogerpon, F|100/100
|turn|32
|
|t:|1779829902
|move|p2a: Ogerpon|Ivy Cudgel|p1a: Gholdengo
|-damage|p1a: Gholdengo|0 fnt
|faint|p1a: Gholdengo
|
|upkeep
|
|t:|1779829912
|switch|p1a: Porygon2|Porygon2|68/100
|-damage|p1a: Porygon2|55/100|[from] Spikes
|-ability|p1a: Porygon2|Download|boost
|-boost|p1a: Porygon2|atk|1
|turn|33
|
|t:|1779829919
|move|p2a: Ogerpon|Ivy Cudgel|p1a: Porygon2
|-damage|p1a: Porygon2|22/100
|move|p1a: Porygon2|Ice Beam|p2a: Ogerpon
|-supereffective|p2a: Ogerpon
|-damage|p2a: Ogerpon|26/100
|
|upkeep
|turn|34
|
|t:|1779829930
|move|p2a: Ogerpon|Ivy Cudgel|p1a: Porygon2
|-damage|p1a: Porygon2|0 fnt
|faint|p1a: Porygon2
|
|upkeep
|
|t:|1779829935
|switch|p1a: Dragonite|Dragonite, F|100/100
|turn|35
|
|t:|1779829943
|switch|p2a: Gliscor|Gliscor, F, tera:Ghost|43/100 tox
|move|p1a: Dragonite|Dragon Dance|p1a: Dragonite
|-boost|p1a: Dragonite|atk|1
|-boost|p1a: Dragonite|spe|1
|
|-heal|p2a: Gliscor|55/100 tox|[from] ability: Poison Heal
|upkeep
|turn|36
|
|t:|1779829957
|move|p1a: Dragonite|Dragon Dance|p1a: Dragonite
|-boost|p1a: Dragonite|atk|1
|-boost|p1a: Dragonite|spe|1
|move|p2a: Gliscor|Toxic|p1a: Dragonite
|-status|p1a: Dragonite|tox
|
|-damage|p1a: Dragonite|94/100 tox|[from] psn
|-heal|p2a: Gliscor|68/100 tox|[from] ability: Poison Heal
|upkeep
|turn|37
|
|t:|1779829969
|switch|p2a: Corviknight|Corviknight, F|100/100
|-ability|p2a: Corviknight|Pressure
|move|p1a: Dragonite|Dragon Dance|p1a: Dragonite
|-boost|p1a: Dragonite|atk|1
|-boost|p1a: Dragonite|spe|1
|
|-damage|p1a: Dragonite|82/100 tox|[from] psn
|upkeep
|turn|38
|
|t:|1779829982
|move|p1a: Dragonite|Ice Spinner|p2a: Corviknight
|-damage|p2a: Corviknight|59/100
|move|p2a: Corviknight|Body Press|p1a: Dragonite
|-resisted|p1a: Dragonite
|-damage|p1a: Dragonite|68/100 tox
|
|-damage|p1a: Dragonite|50/100 tox|[from] psn
|upkeep
|turn|39
|
|t:|1779829997
|move|p1a: Dragonite|Ice Spinner|p2a: Corviknight
|-damage|p2a: Corviknight|10/100
|move|p2a: Corviknight|Body Press|p1a: Dragonite
|-resisted|p1a: Dragonite
|-damage|p1a: Dragonite|36/100 tox
|
|-damage|p1a: Dragonite|11/100 tox|[from] psn
|upkeep
|turn|40
|
|t:|1779830014
|move|p1a: Dragonite|Extreme Speed|p2a: Corviknight
|-resisted|p2a: Corviknight
|-damage|p2a: Corviknight|0 fnt
|faint|p2a: Corviknight
|
|-damage|p1a: Dragonite|0 fnt|[from] psn
|faint|p1a: Dragonite
|upkeep
|
|t:|1779830025
|switch|p1a: Cinderace|Cinderace, F|67/100
|switch|p2a: Gliscor|Gliscor, F, tera:Ghost|68/100 tox
|turn|41
|
|t:|1779830036
|move|p1a: Cinderace|U-turn|p2a: Gliscor
|-resisted|p2a: Gliscor
|-damage|p2a: Gliscor|60/100 tox
|
|t:|1779830040
|switch|p1a: Corviknight|Corviknight, F|100/100|[from] U-turn
|-ability|p1a: Corviknight|Pressure
|move|p2a: Gliscor|Earthquake|p1a: Corviknight
|-immune|p1a: Corviknight
|
|-heal|p2a: Gliscor|72/100 tox|[from] ability: Poison Heal
|upkeep
|turn|42
|
|t:|1779830055
|switch|p2a: Ogerpon|Ogerpon, F|26/100
|move|p1a: Corviknight|Iron Defense|p1a: Corviknight
|-boost|p1a: Corviknight|def|2
|
|upkeep
|turn|43
|
|t:|1779830066
|move|p2a: Ogerpon|Ivy Cudgel|p1a: Corviknight
|-resisted|p1a: Corviknight
|-damage|p1a: Corviknight|95/100
|move|p1a: Corviknight|Body Press|p2a: Ogerpon
|-damage|p2a: Ogerpon|0 fnt
|faint|p2a: Ogerpon
|
|upkeep
|
|t:|1779830082
|switch|p2a: Gliscor|Gliscor, F, tera:Ghost|72/100 tox
|turn|44
|
|t:|1779830096
|move|p2a: Gliscor|Protect|p2a: Gliscor
|-singleturn|p2a: Gliscor|Protect
|move|p1a: Corviknight|Iron Defense|p1a: Corviknight
|-boost|p1a: Corviknight|def|2
|
|-heal|p2a: Gliscor|84/100 tox|[from] ability: Poison Heal
|upkeep
|turn|45
|
|t:|1779830122
|move|p2a: Gliscor|Spikes|p1a: Corviknight
|-sidestart|p1: audryml|Spikes
|move|p1a: Corviknight|Defog|p2a: Gliscor
|-unboost|p2a: Gliscor|evasion|1
|-sideend|p1: audryml|Spikes|[from] move: Defog|[of] p1a: Corviknight
|
|-heal|p2a: Gliscor|97/100 tox|[from] ability: Poison Heal
|upkeep
|turn|46
|
|t:|1779830130
|move|p2a: Gliscor|Protect|p2a: Gliscor
|-singleturn|p2a: Gliscor|Protect
|move|p1a: Corviknight|Body Press|p2a: Gliscor
|-activate|p2a: Gliscor|move: Protect
|
|-heal|p2a: Gliscor|100/100 tox|[from] ability: Poison Heal
|upkeep
|turn|47
|
|t:|1779830140
|move|p2a: Gliscor|Spikes|p1a: Corviknight
|-sidestart|p1: audryml|Spikes
|move|p1a: Corviknight|Iron Defense|p1a: Corviknight
|-boost|p1a: Corviknight|def|2
|
|upkeep
|turn|48
|
|t:|1779830152
|move|p2a: Gliscor|Protect|p2a: Gliscor
|-singleturn|p2a: Gliscor|Protect
|move|p1a: Corviknight|Body Press|p2a: Gliscor
|-activate|p2a: Gliscor|move: Protect
|
|upkeep
|turn|49
|
|t:|1779830163
|move|p2a: Gliscor|Spikes|p1a: Corviknight
|-sidestart|p1: audryml|Spikes
|move|p1a: Corviknight|Iron Defense|p1a: Corviknight
|-boost|p1a: Corviknight|def|0
|
|upkeep
|turn|50
|
|t:|1779830172
|move|p2a: Gliscor|Protect|p2a: Gliscor
|-singleturn|p2a: Gliscor|Protect
|move|p1a: Corviknight|Defog|p2a: Gliscor
|-activate|p2a: Gliscor|move: Protect
|
|upkeep
|turn|51
|
|t:|1779830196
|move|p2a: Gliscor|Spikes|p1a: Corviknight
|-sidestart|p1: audryml|Spikes
|move|p1a: Corviknight|Defog|p2a: Gliscor
|-unboost|p2a: Gliscor|evasion|1
|-sideend|p1: audryml|Spikes|[from] move: Defog|[of] p1a: Corviknight
|
|upkeep
|turn|52
|
|t:|1779830210
|move|p2a: Gliscor|Protect|p2a: Gliscor
|-singleturn|p2a: Gliscor|Protect
|move|p1a: Corviknight|Defog|p2a: Gliscor
|-activate|p2a: Gliscor|move: Protect
|
|upkeep
|turn|53
|inactive|audryml has 120 seconds left.
|inactive|audryml has 90 seconds left.
|inactive|audryml has 60 seconds left.
|
|t:|1779830299
|move|p2a: Gliscor|Spikes|p1a: Corviknight
|-sidestart|p1: audryml|Spikes
|move|p1a: Corviknight|Iron Defense|p1a: Corviknight
|-boost|p1a: Corviknight|def|0
|
|upkeep
|turn|54
|
|t:|1779830315
|move|p2a: Gliscor|Protect|p2a: Gliscor
|-singleturn|p2a: Gliscor|Protect
|move|p1a: Corviknight|Defog|p2a: Gliscor
|-activate|p2a: Gliscor|move: Protect
|
|upkeep
|turn|55
|
|t:|1779830329
|move|p2a: Gliscor|Spikes|p1a: Corviknight
|-sidestart|p1: audryml|Spikes
|move|p1a: Corviknight|Iron Defense|p1a: Corviknight
|-boost|p1a: Corviknight|def|0
|
|upkeep
|turn|56
|
|t:|1779830345
|move|p2a: Gliscor|Protect|p2a: Gliscor
|-singleturn|p2a: Gliscor|Protect
|move|p1a: Corviknight|Body Press|p2a: Gliscor
|-activate|p2a: Gliscor|move: Protect
|
|upkeep
|turn|57
|
|t:|1779830356
|move|p2a: Gliscor|Spikes|p1a: Corviknight
|-sidestart|p1: audryml|Spikes
|move|p1a: Corviknight|Body Press|p2a: Gliscor
|-immune|p2a: Gliscor
|
|upkeep
|turn|58
|
|t:|1779830369
|move|p2a: Gliscor|Protect|p2a: Gliscor
|-singleturn|p2a: Gliscor|Protect
|move|p1a: Corviknight|Defog|p2a: Gliscor
|-activate|p2a: Gliscor|move: Protect
|
|upkeep
|turn|59
|
|t:|1779830385
|move|p2a: Gliscor|Spikes||[still]
|-fail|p2a: Gliscor
|move|p1a: Corviknight|Defog|p2a: Gliscor
|-unboost|p2a: Gliscor|evasion|1
|-sideend|p1: audryml|Spikes|[from] move: Defog|[of] p1a: Corviknight
|
|upkeep
|turn|60
|inactive|audryml has 60 seconds left.
|
|t:|1779830432
|move|p2a: Gliscor|Protect|p2a: Gliscor
|-singleturn|p2a: Gliscor|Protect
|move|p1a: Corviknight|Iron Defense|p1a: Corviknight
|-boost|p1a: Corviknight|def|0
|
|upkeep
|turn|61
|inactive|audryml has 30 seconds left.
|
|t:|1779830456
|move|p2a: Gliscor|Spikes|p1a: Corviknight
|-sidestart|p1: audryml|Spikes
|move|p1a: Corviknight|Defog|p2a: Gliscor
|-unboost|p2a: Gliscor|evasion|1
|-sideend|p1: audryml|Spikes|[from] move: Defog|[of] p1a: Corviknight
|
|upkeep
|turn|62
|inactive|audryml has 30 seconds left.
|inactive|audryml has 20 seconds left.
|inactive|audryml has 15 seconds left.
|inactive|audryml has 10 seconds left.
|inactive|audryml has 5 seconds left.
|
|t:|1779830488
|move|p2a: Gliscor|Protect|p2a: Gliscor
|-singleturn|p2a: Gliscor|Protect
|move|p1a: Corviknight|Defog|p2a: Gliscor
|-activate|p2a: Gliscor|move: Protect
|
|upkeep
|turn|63
|inactive|audryml has 15 seconds left this turn.
|inactive|audryml has 10 seconds left.
|
|t:|1779830498
|move|p2a: Gliscor|Spikes|p1a: Corviknight
|-sidestart|p1: audryml|Spikes
|move|p1a: Corviknight|Iron Defense|p1a: Corviknight
|-boost|p1a: Corviknight|def|0
|
|upkeep
|turn|64
|inactive|audryml has 20 seconds left this turn.
|inactive|audryml has 15 seconds left.
|
|t:|1779830511
|move|p2a: Gliscor|Protect|p2a: Gliscor
|-singleturn|p2a: Gliscor|Protect
|move|p1a: Corviknight|Iron Defense|p1a: Corviknight
|-boost|p1a: Corviknight|def|0
|
|upkeep
|turn|65
|inactive|audryml has 25 seconds left this turn.
|inactive|audryml has 20 seconds left.
|
|t:|1779830522
|move|p2a: Gliscor|Spikes|p1a: Corviknight
|-sidestart|p1: audryml|Spikes
|move|p1a: Corviknight|Defog|p2a: Gliscor
|-unboost|p2a: Gliscor|evasion|1
|-sideend|p1: audryml|Spikes|[from] move: Defog|[of] p1a: Corviknight
|
|upkeep
|turn|66
|inactive|audryml has 30 seconds left this turn.
|
|t:|1779830533
|move|p2a: Gliscor|Protect|p2a: Gliscor
|-singleturn|p2a: Gliscor|Protect
|move|p1a: Corviknight|Body Press|p2a: Gliscor
|-activate|p2a: Gliscor|move: Protect
|
|upkeep
|turn|67
|inactive|audryml has 30 seconds left.
|
|t:|1779830543
|move|p2a: Gliscor|Spikes|p1a: Corviknight
|-sidestart|p1: audryml|Spikes
|move|p1a: Corviknight|Iron Defense|p1a: Corviknight
|-boost|p1a: Corviknight|def|0
|
|upkeep
|turn|68
|inactive|audryml has 30 seconds left.
|
|t:|1779830555
|move|p2a: Gliscor|Protect|p2a: Gliscor
|-singleturn|p2a: Gliscor|Protect
|move|p1a: Corviknight|Body Press|p2a: Gliscor
|-activate|p2a: Gliscor|move: Protect
|
|upkeep
|turn|69
|inactive|audryml has 30 seconds left.
|
|t:|1779830566
|move|p2a: Gliscor|Spikes|p1a: Corviknight
|-sidestart|p1: audryml|Spikes
|move|p1a: Corviknight|Iron Defense|p1a: Corviknight
|-boost|p1a: Corviknight|def|0
|
|upkeep
|turn|70
|
|t:|1779830575
|move|p2a: Gliscor|Protect|p2a: Gliscor
|-singleturn|p2a: Gliscor|Protect
|move|p1a: Corviknight|Defog|p2a: Gliscor
|-activate|p2a: Gliscor|move: Protect
|
|upkeep
|turn|71
|
|t:|1779830585
|move|p2a: Gliscor|Protect||[still]
|-fail|p2a: Gliscor
|move|p1a: Corviknight|Body Press|p2a: Gliscor
|-immune|p2a: Gliscor
|
|upkeep
|turn|72
|c|☆audryml|Abondonne
|inactive|audryml has 30 seconds left.
|
|t:|1779830607
|move|p2a: Gliscor|Protect|p2a: Gliscor
|-singleturn|p2a: Gliscor|Protect
|move|p1a: Corviknight|Iron Defense|p1a: Corviknight
|-boost|p1a: Corviknight|def|0
|
|upkeep
|turn|73
|
|t:|1779830618
|move|p2a: Gliscor|Toxic|p1a: Corviknight
|-immune|p1a: Corviknight
|move|p1a: Corviknight|Defog|p2a: Gliscor
|-unboost|p2a: Gliscor|evasion|1
|-sideend|p1: audryml|Spikes|[from] move: Defog|[of] p1a: Corviknight
|
|upkeep
|turn|74
|
|t:|1779830631
|move|p2a: Gliscor|Toxic|p1a: Corviknight
|-immune|p1a: Corviknight
|move|p1a: Corviknight|Iron Defense|p1a: Corviknight
|-boost|p1a: Corviknight|def|0
|
|upkeep
|turn|75
|inactive|audryml has 30 seconds left.
|
|t:|1779830652
|move|p2a: Gliscor|Toxic|p1a: Corviknight
|-immune|p1a: Corviknight
|move|p1a: Corviknight|Body Press|p2a: Gliscor
|-immune|p2a: Gliscor
|
|upkeep
|turn|76
|inactive|audryml has 30 seconds left.
|
|t:|1779830665
|move|p2a: Gliscor|Toxic|p1a: Corviknight|[miss]
|-miss|p2a: Gliscor|p1a: Corviknight
|move|p1a: Corviknight|Iron Defense|p1a: Corviknight
|-boost|p1a: Corviknight|def|0
|
|upkeep
|turn|77
|inactive|audryml has 30 seconds left.
|
|t:|1779830677
|move|p2a: Gliscor|Toxic|p1a: Corviknight
|-immune|p1a: Corviknight
|move|p1a: Corviknight|Defog||[still]
|-unboost|p2a: Gliscor|evasion|0
|-fail|p1a: Corviknight
|
|upkeep
|turn|78
|inactive|audryml has 30 seconds left.
|
|t:|1779830688
|move|p2a: Gliscor|Toxic|p1a: Corviknight
|-immune|p1a: Corviknight
|move|p1a: Corviknight|Iron Defense|p1a: Corviknight
|-boost|p1a: Corviknight|def|0
|
|upkeep
|turn|79
|inactive|audryml has 30 seconds left.
|
|t:|1779830700
|move|p2a: Gliscor|Toxic|p1a: Corviknight
|-immune|p1a: Corviknight
|move|p1a: Corviknight|Defog||[still]
|-unboost|p2a: Gliscor|evasion|0
|-fail|p1a: Corviknight
|
|upkeep
|turn|80
|inactive|audryml has 30 seconds left.
|
|t:|1779830714
|move|p2a: Gliscor|Toxic|p1a: Corviknight
|-immune|p1a: Corviknight
|move|p1a: Corviknight|Defog||[still]
|-unboost|p2a: Gliscor|evasion|0
|-fail|p1a: Corviknight
|
|upkeep
|turn|81
|
|t:|1779830725
|move|p2a: Gliscor|Earthquake|p1a: Corviknight
|-immune|p1a: Corviknight
|move|p1a: Corviknight|Body Press|p2a: Gliscor
|-immune|p2a: Gliscor
|
|upkeep
|turn|82
|
|t:|1779830739
|move|p2a: Gliscor|Earthquake|p1a: Corviknight
|-immune|p1a: Corviknight
|move|p1a: Corviknight|Defog||[still]
|-unboost|p2a: Gliscor|evasion|0
|-fail|p1a: Corviknight
|
|upkeep
|turn|83
|
|t:|1779830758
|move|p2a: Gliscor|Earthquake|p1a: Corviknight
|-immune|p1a: Corviknight
|move|p1a: Corviknight|Body Press|p2a: Gliscor
|-immune|p2a: Gliscor
|
|upkeep
|turn|84
|inactive|audryml has 30 seconds left.
|
|t:|1779830777
|move|p2a: Gliscor|Earthquake|p1a: Corviknight
|-immune|p1a: Corviknight
|move|p1a: Corviknight|Iron Defense|p1a: Corviknight
|-boost|p1a: Corviknight|def|0
|
|upkeep
|turn|85
|inactive|audryml has 30 seconds left.
|
|t:|1779830791
|move|p2a: Gliscor|Earthquake|p1a: Corviknight
|-immune|p1a: Corviknight
|move|p1a: Corviknight|Defog||[still]
|-unboost|p2a: Gliscor|evasion|0
|-fail|p1a: Corviknight
|
|upkeep
|turn|86
|inactive|audryml has 30 seconds left.
|inactive|audryml has 20 seconds left.
|
|t:|1779830816
|move|p2a: Gliscor|Earthquake|p1a: Corviknight
|-immune|p1a: Corviknight
|move|p1a: Corviknight|Iron Defense|p1a: Corviknight
|-boost|p1a: Corviknight|def|0
|
|upkeep
|turn|87
|inactive|audryml has 30 seconds left this turn.
|
|t:|1779830824
|move|p2a: Gliscor|Earthquake|p1a: Corviknight
|-immune|p1a: Corviknight
|move|p1a: Corviknight|Defog||[still]
|-unboost|p2a: Gliscor|evasion|0
|-fail|p1a: Corviknight
|
|upkeep
|turn|88
|inactive|audryml has 30 seconds left.
|
|t:|1779830837
|-activate|p2a: Gliscor|move: Struggle
|move|p2a: Gliscor|Struggle|p1a: Corviknight
|-damage|p1a: Corviknight|93/100
|-damage|p2a: Gliscor|84/100 tox|[from] item: Rocky Helmet|[of] p1a: Corviknight
|-damage|p2a: Gliscor|59/100 tox|[from] recoil
|move|p1a: Corviknight|Body Press|p2a: Gliscor
|-immune|p2a: Gliscor
|
|-heal|p2a: Gliscor|71/100 tox|[from] ability: Poison Heal
|upkeep
|turn|89
|inactive|audryml has 30 seconds left.
|inactive|audryml has 20 seconds left.
|
|t:|1779830852
|-activate|p2a: Gliscor|move: Struggle
|move|p2a: Gliscor|Struggle|p1a: Corviknight
|-damage|p1a: Corviknight|90/100
|-damage|p2a: Gliscor|54/100 tox|[from] item: Rocky Helmet|[of] p1a: Corviknight
|-damage|p2a: Gliscor|29/100 tox|[from] recoil
|move|p1a: Corviknight|Defog||[still]
|-unboost|p2a: Gliscor|evasion|0
|-fail|p1a: Corviknight
|
|-heal|p2a: Gliscor|42/100 tox|[from] ability: Poison Heal
|upkeep
|turn|90
|inactive|audryml has 30 seconds left this turn.
|inactive|audryml has 20 seconds left.
|
|t:|1779830866
|-activate|p2a: Gliscor|move: Struggle
|move|p2a: Gliscor|Struggle|p1a: Corviknight
|-damage|p1a: Corviknight|88/100
|-damage|p2a: Gliscor|25/100 tox|[from] item: Rocky Helmet|[of] p1a: Corviknight
|-damage|p2a: Gliscor|0 fnt|[from] recoil
|faint|p2a: Gliscor
|
|win|audryml
|raw|audryml's rating: 1174 &rarr; <strong>1197</strong><br />(+23 for winning)
|raw|claudechamp's rating: 1147 &rarr; <strong>1124</strong><br />(-23 for losing)
|c|☆claudechamp|gg
