|j|☆l5king
|j|☆kingkavon
|t:|1779856814
|gametype|singles
|player|p1|l5king|palmer|1270
|player|p2|kingkavon|kimonogirl|1308
|gen|9
|tier|[Gen 9] OU
|rated|
|rule|HP Percentage Mod: HP is shown in percentages
|rule|Endless Battle Clause: Forcing endless battles is banned
|rule|Species Clause: Limit one of each Pokémon
|rule|OHKO Clause: OHKO moves are banned
|rule|Evasion Items Clause: Evasion items are banned
|rule|Evasion Moves Clause: Evasion moves are banned
|rule|Evasion Abilities Clause: Evasion abilities are banned
|rule|Sleep Moves Clause: Sleep-inducing moves are banned
|clearpoke
|poke|p1|Kingambit, F|
|poke|p1|Ogerpon-Wellspring, F|
|poke|p1|Chandelure, M|
|poke|p1|Gyarados, F|
|poke|p1|Salamence, F|
|poke|p1|Great Tusk|
|poke|p2|Enamorus, F|
|poke|p2|Great Tusk|
|poke|p2|Iron Crown|
|poke|p2|Lokix, M|
|poke|p2|Alomomola, M|
|poke|p2|Pecharunt|
|teampreview
|inactive|Battle timer is ON: inactive players will automatically lose when time's up. (requested by l5king)
|inactive|kingkavon has 120 seconds left.
|
|t:|1779856855
|teamsize|p1|6
|teamsize|p2|6
|start
|switch|p1a: Great Tusk|Great Tusk|100/100
|switch|p2a: Edgar|Lokix, M, shiny|100/100
|-enditem|p1a: Great Tusk|Booster Energy
|-activate|p1a: Great Tusk|ability: Protosynthesis|[fromitem]
|-start|p1a: Great Tusk|protosynthesisatk
|turn|1
|
|t:|1779856870
|move|p2a: Edgar|First Impression|p1a: Great Tusk
|-resisted|p1a: Great Tusk
|-damage|p1a: Great Tusk|58/100
|move|p1a: Great Tusk|Stealth Rock|p2a: Edgar
|-sidestart|p2: kingkavon|move: Stealth Rock
|
|upkeep
|turn|2
|
|t:|1779856876
|switch|p2a: Behemoth|Great Tusk, shiny|100/100
|-damage|p2a: Behemoth|98/100|[from] Stealth Rock
|move|p1a: Great Tusk|Body Press|p2a: Behemoth
|-damage|p2a: Behemoth|62/100
|-damage|p1a: Great Tusk|41/100|[from] item: Rocky Helmet|[of] p2a: Behemoth
|
|upkeep
|turn|3
|
|t:|1779856887
|move|p2a: Behemoth|Stealth Rock|p1a: Great Tusk
|-sidestart|p1: l5king|move: Stealth Rock
|move|p1a: Great Tusk|Body Press|p2a: Behemoth
|-damage|p2a: Behemoth|28/100
|-damage|p1a: Great Tusk|25/100|[from] item: Rocky Helmet|[of] p2a: Behemoth
|
|upkeep
|turn|4
|
|t:|1779856893
|move|p2a: Behemoth|Rapid Spin|p1a: Great Tusk
|-damage|p1a: Great Tusk|13/100
|-boost|p2a: Behemoth|spe|1
|-sideend|p2: kingkavon|Stealth Rock|[from] move: Rapid Spin|[of] p2a: Behemoth
|move|p1a: Great Tusk|Body Press|p2a: Behemoth
|-damage|p2a: Behemoth|0 fnt
|-damage|p1a: Great Tusk|0 fnt|[from] item: Rocky Helmet|[of] p2a: Behemoth
|faint|p2a: Behemoth
|-end|p2a: Behemoth|Protosynthesis|[silent]
|faint|p1a: Great Tusk
|-end|p1a: Great Tusk|Protosynthesis|[silent]
|
|upkeep
|
|t:|1779856906
|switch|p2a: Braveheart|Iron Crown|100/100
|switch|p1a: Salamence|Salamence, F|100/100
|-damage|p1a: Salamence|76/100|[from] Stealth Rock
|turn|5
|
|t:|1779856915
|move|p2a: Braveheart|Tachyon Cutter|p1a: Salamence
|-damage|p1a: Salamence|28/100
|-damage|p1a: Salamence|0 fnt
|faint|p1a: Salamence
|-hitcount|p1: Salamence|2
|
|upkeep
|
|t:|1779856923
|switch|p1a: Chandelure|Chandelure, M|100/100
|-damage|p1a: Chandelure|76/100|[from] Stealth Rock
|turn|6
|
|t:|1779856927
|-end|p2a: Braveheart|Quark Drive|[silent]
|switch|p2a: Pisces|Alomomola, M, shiny|100/100
|move|p1a: Chandelure|Flamethrower|p2a: Pisces
|-resisted|p2a: Pisces
|-damage|p2a: Pisces|86/100
|
|upkeep
|turn|7
|
|t:|1779856936
|switch|p1a: Ogerpon|Ogerpon-Wellspring, F|100/100
|-damage|p1a: Ogerpon|88/100|[from] Stealth Rock
|move|p2a: Pisces|Flip Turn|p1a: Ogerpon
|-heal|p1a: Ogerpon|100/100|[from] ability: Water Absorb|[of] p2a: Pisces
|
|upkeep
|turn|8
|
|t:|1779856942
|switch|p2a: Overseer|Pecharunt|100/100
|-item|p2a: Overseer|Air Balloon
|move|p1a: Ogerpon|Ivy Cudgel|p2a: Overseer|[anim] Ivy Cudgel Water
|-damage|p2a: Overseer|74/100
|-enditem|p2a: Overseer|Air Balloon
|
|upkeep
|turn|9
|
|t:|1779856950
|-terastallize|p1a: Ogerpon|Water
|detailschange|p1a: Ogerpon|Ogerpon-Wellspring-Tera, F, tera:Water
|-ability|p1a: Ogerpon|Embody Aspect (Wellspring)|boost
|-boost|p1a: Ogerpon|spd|1
|move|p1a: Ogerpon|Ivy Cudgel|p2a: Overseer|[anim] Ivy Cudgel Water
|-damage|p2a: Overseer|38/100
|move|p2a: Overseer|Malignant Chain|p1a: Ogerpon
|-damage|p1a: Ogerpon|78/100
|
|upkeep
|turn|10
|
|t:|1779856965
|move|p1a: Ogerpon|U-turn|p2a: Overseer
|-resisted|p2a: Overseer
|-damage|p2a: Overseer|35/100
|
|t:|1779856968
|switch|p1a: Kingambit|Kingambit, F|100/100|[from] U-turn
|-damage|p1a: Kingambit|94/100|[from] Stealth Rock
|-activate|p1a: Kingambit|ability: Supreme Overlord
|-start|p1a: Kingambit|fallen2|[silent]
|-item|p1a: Kingambit|Air Balloon
|move|p2a: Overseer|Recover|p2a: Overseer
|-heal|p2a: Overseer|85/100
|
|upkeep
|turn|11
|
|t:|1779856978
|switch|p2a: Pisces|Alomomola, M, shiny|100/100
|move|p1a: Kingambit|Kowtow Cleave|p2a: Pisces
|-damage|p2a: Pisces|58/100
|
|upkeep
|turn|12
|
|t:|1779856985
|move|p1a: Kingambit|Kowtow Cleave|p2a: Pisces
|-damage|p2a: Pisces|21/100
|move|p2a: Pisces|Scald|p1a: Kingambit
|-damage|p1a: Kingambit|80/100
|-enditem|p1a: Kingambit|Air Balloon
|
|upkeep
|turn|13
|
|t:|1779856997
|move|p1a: Kingambit|Kowtow Cleave|p2a: Pisces
|-damage|p2a: Pisces|0 fnt
|faint|p2a: Pisces
|
|upkeep
|
|t:|1779856999
|switch|p2a: Edgar|Lokix, M, shiny|100/100
|turn|14
|
|t:|1779857006
|-end|p1a: Kingambit|fallen2|[silent]
|switch|p1a: Chandelure|Chandelure, M|76/100
|-damage|p1a: Chandelure|51/100|[from] Stealth Rock
|-terastallize|p2a: Edgar|Bug
|move|p2a: Edgar|U-turn|p1a: Chandelure
|-resisted|p1a: Chandelure
|-damage|p1a: Chandelure|0 fnt
|faint|p1a: Chandelure
|
|t:|1779857019
|switch|p2a: Gin|Enamorus, F|100/100|[from] U-turn
|
|upkeep
|
|t:|1779857025
|switch|p1a: Ogerpon|Ogerpon-Wellspring-Tera, F, tera:Water|78/100
|-damage|p1a: Ogerpon|65/100|[from] Stealth Rock
|-ability|p1a: Ogerpon|Embody Aspect (Wellspring)|boost
|-boost|p1a: Ogerpon|spd|1
|turn|15
|
|t:|1779857033
|move|p2a: Gin|Moonblast|p1a: Ogerpon
|-damage|p1a: Ogerpon|27/100
|move|p1a: Ogerpon|Ivy Cudgel|p2a: Gin|[anim] Ivy Cudgel Water
|-damage|p2a: Gin|0 fnt
|faint|p2a: Gin
|
|upkeep
|
|t:|1779857038
|switch|p2a: Edgar|Lokix, M, shiny, tera:Bug|100/100
|turn|16
|
|t:|1779857042
|move|p1a: Ogerpon|Spiky Shield|p1a: Ogerpon
|-singleturn|p1a: Ogerpon|move: Protect
|move|p2a: Edgar|First Impression|p1a: Ogerpon
|-activate|p1a: Ogerpon|move: Protect
|-damage|p2a: Edgar|88/100|[from] Spiky Shield|[of] p1a: Ogerpon
|
|upkeep
|turn|17
|
|t:|1779857050
|switch|p2a: Overseer|Pecharunt|85/100
|move|p1a: Ogerpon|Ivy Cudgel|p2a: Overseer|[anim] Ivy Cudgel Water
|-damage|p2a: Overseer|51/100
|
|upkeep
|turn|18
|
|t:|1779857060
|move|p1a: Ogerpon|Ivy Cudgel|p2a: Overseer|[anim] Ivy Cudgel Water
|-damage|p2a: Overseer|13/100
|move|p2a: Overseer|Hex|p1a: Ogerpon
|-damage|p1a: Ogerpon|11/100
|
|upkeep
|turn|19
|
|t:|1779857067
|move|p1a: Ogerpon|Ivy Cudgel|p2a: Overseer|[anim] Ivy Cudgel Water
|-damage|p2a: Overseer|0 fnt
|faint|p2a: Overseer
|
|upkeep
|
|t:|1779857069
|switch|p2a: Braveheart|Iron Crown|100/100
|turn|20
|
|t:|1779857076
|move|p1a: Ogerpon|Ivy Cudgel|p2a: Braveheart|[anim] Ivy Cudgel Water
|-crit|p2a: Braveheart
|-damage|p2a: Braveheart|0 fnt
|faint|p2a: Braveheart
|-end|p2a: Braveheart|Quark Drive|[silent]
|
|upkeep
|
|t:|1779857079
|switch|p2a: Edgar|Lokix, M, shiny, tera:Bug|88/100
|turn|21
|
|t:|1779857082
|move|p1a: Ogerpon|Spiky Shield|p1a: Ogerpon
|-singleturn|p1a: Ogerpon|move: Protect
|move|p2a: Edgar|Leech Life|p1a: Ogerpon
|-activate|p1a: Ogerpon|move: Protect
|-damage|p2a: Edgar|76/100|[from] Spiky Shield|[of] p1a: Ogerpon
|
|upkeep
|turn|22
|
|t:|1779857090
|move|p1a: Ogerpon|Ivy Cudgel|p2a: Edgar|[anim] Ivy Cudgel Water
|-damage|p2a: Edgar|0 fnt
|faint|p2a: Edgar
|
|win|l5king
|raw|l5king's rating: 1270 &rarr; <strong>1298</strong><br />(+28 for winning)
|raw|kingkavon's rating: 1308 &rarr; <strong>1286</strong><br />(-22 for losing)
|l|☆kingkavon
|player|p2|
|c|☆l5king|gg
|l|☆l5king
|player|p1|
