|j|☆cyndaquilhat
|j|☆basharkad
|t:|1779892943
|gametype|singles
|player|p1|cyndaquilhat|backpackerf|1384
|player|p2|basharkad|266|1324
|gen|9
|tier|[Gen 9] OU
|rated|
|rule|HP Percentage Mod: HP is shown in percentages
|rule|Endless Battle Clause: Forcing endless battles is banned
|rule|Species Clause: Limit one of each Pokémon
|rule|OHKO Clause: OHKO moves are banned
|rule|Evasion Items Clause: Evasion items are banned
|rule|Evasion Moves Clause: Evasion moves are banned
|rule|Evasion Abilities Clause: Evasion abilities are banned
|rule|Sleep Moves Clause: Sleep-inducing moves are banned
|clearpoke
|poke|p1|Diancie|
|poke|p1|Blaziken, M|
|poke|p1|Oricorio-Pom-Pom, F|
|poke|p1|Cinderace, F|
|poke|p1|Regidrago|
|poke|p1|Ursaluna, F|
|poke|p2|Slowking-Galar, M|
|poke|p2|Landorus-Therian, M|
|poke|p2|Cinderace, M|
|poke|p2|Corviknight, F|
|poke|p2|Meowscarada, M|
|poke|p2|Raging Bolt|
|teampreview
|inactive|Battle timer is ON: inactive players will automatically lose when time's up. (requested by cyndaquilhat)
|inactive|basharkad also wants the timer to be on.
|
|t:|1779892958
|teamsize|p1|6
|teamsize|p2|6
|start
|switch|p1a: Oricorio|Oricorio-Pom-Pom, F|100/100
|switch|p2a: Landorus|Landorus-Therian, M|100/100
|-ability|p2a: Landorus|Intimidate|boost
|-unboost|p1a: Oricorio|atk|1
|turn|1
|
|t:|1779892963
|move|p2a: Landorus|Taunt|p1a: Oricorio
|-start|p1a: Oricorio|move: Taunt
|cant|p1a: Oricorio|move: Taunt|Quiver Dance
|
|upkeep
|turn|2
|j| BiscoitoXDBr
|
|t:|1779892980
|switch|p1a: Ursaluna|Ursaluna, F|100/100
|move|p2a: Landorus|Stealth Rock|p1a: Ursaluna
|-sidestart|p1: cyndaquilhat|move: Stealth Rock
|
|-status|p1a: Ursaluna|brn|[from] item: Flame Orb
|upkeep
|turn|3
|
|t:|1779892988
|move|p2a: Landorus|U-turn|p1a: Ursaluna
|-crit|p1a: Ursaluna
|-damage|p1a: Ursaluna|72/100 brn
|
|t:|1779892991
|switch|p2a: Corviknight|Corviknight, F|100/100|[from] U-turn
|move|p1a: Ursaluna|Trailblaze|p2a: Corviknight
|-resisted|p2a: Corviknight
|-damage|p2a: Corviknight|96/100
|-boost|p1a: Ursaluna|spe|1
|-damage|p1a: Ursaluna|55/100 brn|[from] item: Rocky Helmet|[of] p2a: Corviknight
|
|-damage|p1a: Ursaluna|49/100 brn|[from] brn
|upkeep
|turn|4
|
|t:|1779893002
|move|p1a: Ursaluna|Swords Dance|p1a: Ursaluna
|-boost|p1a: Ursaluna|atk|2
|move|p2a: Corviknight|Body Press|p1a: Ursaluna
|-supereffective|p1a: Ursaluna
|-crit|p1a: Ursaluna
|-damage|p1a: Ursaluna|0 fnt
|faint|p1a: Ursaluna
|
|upkeep
|
|t:|1779893011
|switch|p1a: Oricorio|Oricorio-Pom-Pom, F|100/100
|turn|5
|
|t:|1779893016
|switch|p2a: Meowscarada|Meowscarada, M|100/100
|move|p1a: Oricorio|Quiver Dance|p1a: Oricorio
|-boost|p1a: Oricorio|spa|1
|-boost|p1a: Oricorio|spd|1
|-boost|p1a: Oricorio|spe|1
|
|upkeep
|turn|6
|
|t:|1779893028
|-terastallize|p1a: Oricorio|Fighting
|move|p2a: Meowscarada|Triple Axel|p1a: Oricorio
|-start|p2a: Meowscarada|typechange|Ice|[from] ability: Protean
|-damage|p1a: Oricorio|91/100
|-damage|p1a: Oricorio|73/100
|-damage|p1a: Oricorio|45/100
|-hitcount|p1a: Oricorio|3
|move|p1a: Oricorio|Quiver Dance|p1a: Oricorio
|-boost|p1a: Oricorio|spa|1
|-boost|p1a: Oricorio|spd|1
|-boost|p1a: Oricorio|spe|1
|
|upkeep
|turn|7
|
|t:|1779893038
|move|p2a: Meowscarada|Triple Axel|p1a: Oricorio|[miss]
|-miss|p2a: Meowscarada|p1a: Oricorio
|move|p1a: Oricorio|Roost|p1a: Oricorio
|-heal|p1a: Oricorio|95/100
|
|upkeep
|turn|8
|
|t:|1779893043
|move|p2a: Meowscarada|Triple Axel|p1a: Oricorio
|-damage|p1a: Oricorio|86/100
|-damage|p1a: Oricorio|66/100
|-damage|p1a: Oricorio|36/100
|-hitcount|p1a: Oricorio|3
|move|p1a: Oricorio|Revelation Dance|p2a: Meowscarada
|-supereffective|p2a: Meowscarada
|-damage|p2a: Meowscarada|0 fnt
|faint|p2a: Meowscarada
|
|upkeep
|
|t:|1779893051
|switch|p2a: Slowking|Slowking-Galar, M|100/100
|turn|9
|
|t:|1779893055
|move|p1a: Oricorio|Hurricane|p2a: Slowking
|-damage|p2a: Slowking|50/100
|-start|p2a: Slowking|confusion
|-activate|p2a: Slowking|confusion
|move|p2a: Slowking|Psychic|p1a: Oricorio
|-supereffective|p1a: Oricorio
|-damage|p1a: Oricorio|0 fnt
|faint|p1a: Oricorio
|
|upkeep
|
|t:|1779893066
|switch|p1a: Regidrago|Regidrago|100/100
|-damage|p1a: Regidrago|88/100|[from] Stealth Rock
|turn|10
|
|t:|1779893070
|switch|p2a: Corviknight|Corviknight, F|96/100
|move|p1a: Regidrago|Scale Shot|p2a: Corviknight
|-resisted|p2a: Corviknight
|-damage|p2a: Corviknight|90/100
|-resisted|p2a: Corviknight
|-damage|p2a: Corviknight|85/100
|-resisted|p2a: Corviknight
|-damage|p2a: Corviknight|79/100
|-resisted|p2a: Corviknight
|-damage|p2a: Corviknight|73/100
|-resisted|p2a: Corviknight
|-damage|p2a: Corviknight|68/100
|-hitcount|p2a: Corviknight|5
|-unboost|p1a: Regidrago|def|1
|-boost|p1a: Regidrago|spe|1
|
|upkeep
|turn|11
|
|t:|1779893080
|move|p1a: Regidrago|Dragon Energy|p2a: Corviknight
|-resisted|p2a: Corviknight
|-damage|p2a: Corviknight|24/100
|move|p2a: Corviknight|Body Press|p1a: Regidrago
|-damage|p1a: Regidrago|41/100
|
|upkeep
|turn|12
|
|t:|1779893099
|move|p1a: Regidrago|Dragon Pulse|p2a: Corviknight
|-resisted|p2a: Corviknight
|-damage|p2a: Corviknight|0 fnt
|faint|p2a: Corviknight
|
|upkeep
|
|t:|1779893102
|switch|p2a: Slowking|Slowking-Galar, M|83/100
|turn|13
|
|t:|1779893105
|move|p1a: Regidrago|Draco Meteor|p2a: Slowking
|-damage|p2a: Slowking|15/100
|-unboost|p1a: Regidrago|spa|2
|move|p2a: Slowking|Sludge Bomb|p1a: Regidrago
|-damage|p1a: Regidrago|2/100
|
|upkeep
|turn|14
|
|t:|1779893113
|move|p1a: Regidrago|Scale Shot|p2a: Slowking
|-damage|p2a: Slowking|0 fnt
|faint|p2a: Slowking
|-hitcount|p2: Slowking|1
|-unboost|p1a: Regidrago|def|1
|-boost|p1a: Regidrago|spe|1
|
|upkeep
|
|t:|1779893119
|switch|p2a: Raging Bolt|Raging Bolt|100/100
|turn|15
|
|t:|1779893125
|move|p1a: Regidrago|Scale Shot|p2a: Raging Bolt|[miss]
|-miss|p1a: Regidrago|p2a: Raging Bolt
|move|p2a: Raging Bolt|Calm Mind|p2a: Raging Bolt
|-boost|p2a: Raging Bolt|spa|1
|-boost|p2a: Raging Bolt|spd|1
|
|upkeep
|turn|16
|
|t:|1779893131
|move|p2a: Raging Bolt|Thunderclap|p1a: Regidrago
|-resisted|p1a: Regidrago
|-damage|p1a: Regidrago|0 fnt
|faint|p1a: Regidrago
|
|upkeep
|
|t:|1779893134
|switch|p1a: Diancie|Diancie|100/100
|-damage|p1a: Diancie|88/100|[from] Stealth Rock
|turn|17
|
|t:|1779893140
|move|p2a: Raging Bolt|Thunderbolt|p1a: Diancie
|-damage|p1a: Diancie|28/100
|move|p1a: Diancie|Trick Room|p1a: Diancie
|-fieldstart|move: Trick Room|[of] p1a: Diancie
|
|upkeep
|turn|18
|
|t:|1779893157
|move|p1a: Diancie|Moonblast|p2a: Raging Bolt
|-supereffective|p2a: Raging Bolt
|-damage|p2a: Raging Bolt|37/100
|-unboost|p2a: Raging Bolt|spa|1
|move|p2a: Raging Bolt|Thunderbolt|p1a: Diancie
|-damage|p1a: Diancie|0 fnt
|faint|p1a: Diancie
|
|-heal|p2a: Raging Bolt|43/100|[from] item: Leftovers
|upkeep
|
|t:|1779893162
|switch|p1a: Blaziken|Blaziken, M|100/100
|-damage|p1a: Blaziken|88/100|[from] Stealth Rock
|turn|19
|
|t:|1779893168
|move|p2a: Raging Bolt|Thunderbolt|p1a: Blaziken
|-damage|p1a: Blaziken|12/100
|move|p1a: Blaziken|Knock Off|p2a: Raging Bolt
|-damage|p2a: Raging Bolt|16/100
|-enditem|p2a: Raging Bolt|Leftovers|[from] move: Knock Off|[of] p1a: Blaziken
|
|-heal|p1a: Blaziken|18/100|[from] item: Leftovers
|-ability|p1a: Blaziken|Speed Boost|boost
|-boost|p1a: Blaziken|spe|1
|upkeep
|turn|20
|
|t:|1779893178
|move|p2a: Raging Bolt|Thunderbolt|p1a: Blaziken
|-damage|p1a: Blaziken|0 fnt
|faint|p1a: Blaziken
|
|upkeep
|
|t:|1779893179
|switch|p1a: Cinderace|Cinderace, F|100/100
|turn|21
|c|☆basharkad|GG
|
|t:|1779893183
|move|p2a: Raging Bolt|Thunderbolt|p1a: Cinderace
|-damage|p1a: Cinderace|19/100
|move|p1a: Cinderace|Court Change|p1a: Cinderace
|-start|p1a: Cinderace|typechange|Normal|[from] ability: Libero
|-swapsideconditions
|-activate|p1a: Cinderace|move: Court Change
|
|-fieldend|move: Trick Room
|upkeep
|turn|22
|-message|cyndaquilhat forfeited.
|
|win|basharkad
|raw|cyndaquilhat's rating: 1384 &rarr; <strong>1361</strong><br />(-23 for losing)
|raw|basharkad's rating: 1324 &rarr; <strong>1347</strong><br />(+23 for winning)
|l|☆cyndaquilhat
|player|p1|
|l|☆basharkad
|player|p2|
|l| BiscoitoXDBr
