|j|☆SuperMetalCharz
|j|‽JP-espinosa
|t:|1779820271
|gametype|singles
|player|p1|SuperMetalCharz|266|1187
|player|p2|JP-espinosa|hoopster|1176
|gen|9
|tier|[Gen 9] OU
|rated|
|rule|HP Percentage Mod: HP is shown in percentages
|rule|Endless Battle Clause: Forcing endless battles is banned
|rule|Species Clause: Limit one of each Pokémon
|rule|OHKO Clause: OHKO moves are banned
|rule|Evasion Items Clause: Evasion items are banned
|rule|Evasion Moves Clause: Evasion moves are banned
|rule|Evasion Abilities Clause: Evasion abilities are banned
|rule|Sleep Moves Clause: Sleep-inducing moves are banned
|clearpoke
|poke|p1|Dragonite, F|
|poke|p1|Garganacl, F|
|poke|p1|Rotom-Wash|
|poke|p1|Scizor, F|
|poke|p1|Gardevoir, F|
|poke|p1|Mamoswine, F|
|poke|p2|Barraskewda, F|
|poke|p2|Carbink, L1|
|poke|p2|Pelipper, M|
|poke|p2|Meowscarada, F|
|poke|p2|Hatterene, F|
|poke|p2|Skeledirge, F|
|teampreview
|inactive|Battle timer is ON: inactive players will automatically lose when time's up. (requested by SuperMetalCharz)
|
|t:|1779820274
|teamsize|p1|6
|teamsize|p2|6
|start
|switch|p1a: Rotom|Rotom-Wash|100/100
|switch|p2a: Carbink|Carbink, L1|100/100
|turn|1
|
|t:|1779820276
|move|p1a: Rotom|Hydro Pump|p2a: Carbink
|-supereffective|p2a: Carbink
|-ability|p2a: Carbink|Sturdy
|-damage|p2a: Carbink|9/100
|move|p2a: Carbink|Endeavor|p1a: Rotom
|-damage|p1a: Rotom|1/100
|-heal|p2a: Carbink|100/100|[from] item: Shell Bell|[of] p1a: Rotom
|
|upkeep
|turn|2
|
|t:|1779820291
|switch|p1a: Scizor|Scizor, F|100/100
|switch|p2a: Meowscarada|Meowscarada, F|100/100
|
|upkeep
|turn|3
|
|t:|1779820298
|move|p2a: Meowscarada|U-turn|p1a: Scizor
|-start|p2a: Meowscarada|typechange|Bug|[from] ability: Protean
|-resisted|p1a: Scizor
|-damage|p1a: Scizor|85/100
|
|t:|1779820302
|switch|p2a: Pelipper|Pelipper, M|100/100|[from] U-turn
|-weather|RainDance|[from] ability: Drizzle|[of] p2a: Pelipper
|move|p1a: Scizor|U-turn|p2a: Pelipper
|-resisted|p2a: Pelipper
|-damage|p2a: Pelipper|81/100
|
|t:|1779820306
|switch|p1a: Rotom|Rotom-Wash|1/100|[from] U-turn
|
|-weather|RainDance|[upkeep]
|upkeep
|turn|4
|
|t:|1779820310
|move|p1a: Rotom|Volt Switch|p2a: Pelipper
|-supereffective|p2a: Pelipper
|-crit|p2a: Pelipper
|-damage|p2a: Pelipper|0 fnt
|faint|p2a: Pelipper
|
|t:|1779820315
|switch|p1a: Scizor|Scizor, F|85/100|[from] Volt Switch
|
|-weather|RainDance|[upkeep]
|-heal|p1a: Scizor|91/100|[from] item: Leftovers
|upkeep
|
|t:|1779820322
|switch|p2a: Carbink|Carbink, L1|100/100
|turn|5
|
|t:|1779820325
|move|p1a: Scizor|Knock Off|p2a: Carbink
|-resisted|p2a: Carbink
|-ability|p2a: Carbink|Sturdy
|-damage|p2a: Carbink|9/100
|-enditem|p2a: Carbink|Shell Bell|[from] move: Knock Off|[of] p1a: Scizor
|move|p2a: Carbink|Endeavor|p1a: Scizor
|-damage|p1a: Scizor|1/100
|
|-weather|RainDance|[upkeep]
|-heal|p1a: Scizor|7/100|[from] item: Leftovers
|upkeep
|turn|6
|
|t:|1779820335
|move|p1a: Scizor|U-turn|p2a: Carbink
|-resisted|p2a: Carbink
|-damage|p2a: Carbink|0 fnt
|faint|p2a: Carbink
|
|t:|1779820338
|switch|p1a: Rotom|Rotom-Wash|1/100|[from] U-turn
|
|-weather|RainDance|[upkeep]
|upkeep
|
|t:|1779820341
|switch|p2a: Barraskewda|Barraskewda, F|100/100
|turn|7
|
|t:|1779820351
|move|p2a: Barraskewda|Psychic Fangs|p1a: Rotom
|-damage|p1a: Rotom|0 fnt
|faint|p1a: Rotom
|-damage|p2a: Barraskewda|91/100|[from] item: Life Orb
|
|-weather|none
|upkeep
|
|t:|1779820357
|switch|p1a: Scizor|Scizor, F|7/100
|turn|8
|
|t:|1779820360
|move|p1a: Scizor|Bullet Punch|p2a: Barraskewda
|-resisted|p2a: Barraskewda
|-damage|p2a: Barraskewda|58/100
|move|p2a: Barraskewda|Liquidation|p1a: Scizor
|-damage|p1a: Scizor|0 fnt
|faint|p1a: Scizor
|-damage|p2a: Barraskewda|48/100|[from] item: Life Orb
|
|upkeep
|
|t:|1779820367
|switch|p1a: Dragonite|Dragonite, F|100/100
|turn|9
|
|t:|1779820373
|move|p1a: Dragonite|Extreme Speed|p2a: Barraskewda
|-crit|p2a: Barraskewda
|-damage|p2a: Barraskewda|0 fnt
|faint|p2a: Barraskewda
|
|upkeep
|
|t:|1779820383
|switch|p2a: Skeledirge|Skeledirge, F|100/100
|turn|10
|
|t:|1779820386
|move|p1a: Dragonite|Earthquake|p2a: Skeledirge
|-supereffective|p2a: Skeledirge
|-crit|p2a: Skeledirge
|-damage|p2a: Skeledirge|14/100
|move|p2a: Skeledirge|Torch Song|p1a: Dragonite
|-resisted|p1a: Dragonite
|-damage|p1a: Dragonite|93/100
|-boost|p2a: Skeledirge|spa|1
|
|-heal|p2a: Skeledirge|20/100|[from] item: Leftovers
|upkeep
|turn|11
|
|t:|1779820392
|move|p1a: Dragonite|Earthquake|p2a: Skeledirge
|-supereffective|p2a: Skeledirge
|-damage|p2a: Skeledirge|0 fnt
|faint|p2a: Skeledirge
|
|upkeep
|
|t:|1779820395
|switch|p2a: Meowscarada|Meowscarada, F|100/100
|turn|12
|
|t:|1779820401
|move|p1a: Dragonite|Extreme Speed|p2a: Meowscarada
|-damage|p2a: Meowscarada|55/100
|move|p2a: Meowscarada|Knock Off|p1a: Dragonite
|-start|p2a: Meowscarada|typechange|Dark|[from] ability: Protean
|-damage|p1a: Dragonite|40/100
|-enditem|p1a: Dragonite|Heavy-Duty Boots|[from] move: Knock Off|[of] p2a: Meowscarada
|
|upkeep
|turn|13
|
|t:|1779820405
|move|p1a: Dragonite|Extreme Speed|p2a: Meowscarada
|-damage|p2a: Meowscarada|7/100
|move|p2a: Meowscarada|Play Rough|p1a: Dragonite|[miss]
|-miss|p2a: Meowscarada|p1a: Dragonite
|
|upkeep
|turn|14
|
|t:|1779820411
|move|p1a: Dragonite|Extreme Speed|p2a: Meowscarada
|-damage|p2a: Meowscarada|0 fnt
|faint|p2a: Meowscarada
|
|upkeep
|
|t:|1779820413
|switch|p2a: Hatterene|Hatterene, F|100/100
|turn|15
|
|t:|1779820418
|move|p1a: Dragonite|Earthquake|p2a: Hatterene
|-damage|p2a: Hatterene|67/100
|move|p2a: Hatterene|Draining Kiss|p1a: Dragonite
|-supereffective|p1a: Dragonite
|-damage|p1a: Dragonite|0 fnt
|-heal|p2a: Hatterene|97/100|[from] drain|[of] p1a: Dragonite
|faint|p1a: Dragonite
|
|-heal|p2a: Hatterene|100/100|[from] item: Leftovers
|upkeep
|
|t:|1779820420
|switch|p1a: Garganacl|Garganacl, F|100/100
|turn|16
|
|t:|1779820424
|move|p1a: Garganacl|Salt Cure|p2a: Hatterene
|-damage|p2a: Hatterene|89/100
|-start|p2a: Hatterene|Salt Cure
|move|p2a: Hatterene|Calm Mind|p2a: Hatterene
|-boost|p2a: Hatterene|spa|1
|-boost|p2a: Hatterene|spd|1
|
|-heal|p2a: Hatterene|95/100|[from] item: Leftovers
|-damage|p2a: Hatterene|83/100|[from] Salt Cure
|upkeep
|turn|17
|
|t:|1779820429
|move|p1a: Garganacl|Iron Defense|p1a: Garganacl
|-boost|p1a: Garganacl|def|2
|move|p2a: Hatterene|Calm Mind|p2a: Hatterene
|-boost|p2a: Hatterene|spa|1
|-boost|p2a: Hatterene|spd|1
|
|-heal|p2a: Hatterene|89/100|[from] item: Leftovers
|-damage|p2a: Hatterene|76/100|[from] Salt Cure
|upkeep
|turn|18
|
|t:|1779820439
|move|p1a: Garganacl|Iron Defense|p1a: Garganacl
|-boost|p1a: Garganacl|def|2
|move|p2a: Hatterene|Calm Mind|p2a: Hatterene
|-boost|p2a: Hatterene|spa|1
|-boost|p2a: Hatterene|spd|1
|
|-heal|p2a: Hatterene|82/100|[from] item: Leftovers
|-damage|p2a: Hatterene|70/100|[from] Salt Cure
|upkeep
|turn|19
|
|t:|1779820442
|move|p1a: Garganacl|Body Press|p2a: Hatterene
|-resisted|p2a: Hatterene
|-damage|p2a: Hatterene|56/100
|move|p2a: Hatterene|Draining Kiss|p1a: Garganacl
|-damage|p1a: Garganacl|66/100
|-heal|p2a: Hatterene|89/100|[from] drain|[of] p1a: Garganacl
|-damage|p2a: Hatterene|73/100|[from] item: Rocky Helmet|[of] p1a: Garganacl
|
|-heal|p2a: Hatterene|78/100|[from] item: Leftovers
|-damage|p2a: Hatterene|66/100|[from] Salt Cure
|upkeep
|turn|20
|
|t:|1779820449
|move|p1a: Garganacl|Iron Defense|p1a: Garganacl
|-boost|p1a: Garganacl|def|2
|move|p2a: Hatterene|Draining Kiss|p1a: Garganacl
|-damage|p1a: Garganacl|29/100
|-heal|p2a: Hatterene|100/100|[from] drain|[of] p1a: Garganacl
|-damage|p2a: Hatterene|84/100|[from] item: Rocky Helmet|[of] p1a: Garganacl
|
|-heal|p2a: Hatterene|90/100|[from] item: Leftovers
|-damage|p2a: Hatterene|78/100|[from] Salt Cure
|upkeep
|turn|21
|
|t:|1779820451
|move|p1a: Garganacl|Body Press|p2a: Hatterene
|-resisted|p2a: Hatterene
|-damage|p2a: Hatterene|60/100
|move|p2a: Hatterene|Draining Kiss|p1a: Garganacl
|-damage|p1a: Garganacl|0 fnt
|-heal|p2a: Hatterene|87/100|[from] drain|[of] p1a: Garganacl
|-damage|p2a: Hatterene|70/100|[from] item: Rocky Helmet|[of] p1a: Garganacl
|faint|p1a: Garganacl
|
|-heal|p2a: Hatterene|76/100|[from] item: Leftovers
|-damage|p2a: Hatterene|64/100|[from] Salt Cure
|upkeep
|
|t:|1779820453
|switch|p1a: Mamoswine|Mamoswine, F|100/100
|turn|22
|
|t:|1779820464
|-terastallize|p1a: Mamoswine|Ice
|-terastallize|p2a: Hatterene|Fire
|move|p1a: Mamoswine|Icicle Spear|p2a: Hatterene
|-resisted|p2a: Hatterene
|-damage|p2a: Hatterene|56/100
|-resisted|p2a: Hatterene
|-damage|p2a: Hatterene|50/100
|-resisted|p2a: Hatterene
|-damage|p2a: Hatterene|42/100
|-resisted|p2a: Hatterene
|-damage|p2a: Hatterene|36/100
|-hitcount|p2a: Hatterene|4
|move|p2a: Hatterene|Psychic Noise|p1a: Mamoswine
|-damage|p1a: Mamoswine|0 fnt
|faint|p1a: Mamoswine
|
|-heal|p2a: Hatterene|42/100|[from] item: Leftovers
|-damage|p2a: Hatterene|29/100|[from] Salt Cure
|upkeep
|
|t:|1779820469
|switch|p1a: Gardevoir|Gardevoir, F|100/100
|-ability|p1a: Gardevoir|Magic Bounce|Trace|[from] ability: Trace|[of] p2a: Hatterene
|turn|23
|
|t:|1779820473
|move|p1a: Gardevoir|Destiny Bond|p1a: Gardevoir
|-singlemove|p1a: Gardevoir|Destiny Bond
|move|p2a: Hatterene|Shadow Ball|p1a: Gardevoir
|-supereffective|p1a: Gardevoir
|-damage|p1a: Gardevoir|0 fnt
|faint|p1a: Gardevoir
|-activate|p1a: Gardevoir|move: Destiny Bond
|faint|p2a: Hatterene
|
|win|JP-espinosa
|raw|SuperMetalCharz's rating: 1187 &rarr; <strong>1161</strong><br />(-26 for losing)
|raw|JP-espinosa's rating: 1176 &rarr; <strong>1202</strong><br />(+26 for winning)
|l|☆SuperMetalCharz
|player|p1|
|l|‽JP-espinosa
|player|p2|
