|j|☆wtfisproxy
|j|☆Vichox250816
|t:|1779806591
|gametype|singles
|player|p1|wtfisproxy|bellelba|1387
|player|p2|Vichox250816|2|1341
|gen|9
|tier|[Gen 9] OU
|rated|
|rule|HP Percentage Mod: HP is shown in percentages
|rule|Endless Battle Clause: Forcing endless battles is banned
|rule|Species Clause: Limit one of each Pokémon
|rule|OHKO Clause: OHKO moves are banned
|rule|Evasion Items Clause: Evasion items are banned
|rule|Evasion Moves Clause: Evasion moves are banned
|rule|Evasion Abilities Clause: Evasion abilities are banned
|rule|Sleep Moves Clause: Sleep-inducing moves are banned
|clearpoke
|poke|p1|Moltres-Galar|
|poke|p1|Kleavor, M|
|poke|p1|Great Tusk|
|poke|p1|Dondozo, M|
|poke|p1|Comfey, M|
|poke|p1|Heatran, M|
|poke|p2|Gholdengo|
|poke|p2|Zamazenta-*|
|poke|p2|Weavile, F|
|poke|p2|Latias, F|
|poke|p2|Dragonite, M|
|poke|p2|Glimmora, M|
|teampreview
|inactive|Battle timer is ON: inactive players will automatically lose when time's up. (requested by wtfisproxy)
|
|t:|1779806599
|teamsize|p1|6
|teamsize|p2|6
|start
|switch|p1a: Kleavor|Kleavor, M|100/100
|switch|p2a: Gholdengo|Gholdengo|100/100
|turn|1
|
|t:|1779806604
|move|p1a: Kleavor|Night Slash|p2a: Gholdengo
|-supereffective|p2a: Gholdengo
|-damage|p2a: Gholdengo|25/100
|move|p2a: Gholdengo|Make It Rain|p1a: Kleavor
|-supereffective|p1a: Kleavor
|-enditem|p1a: Kleavor|Focus Sash
|-damage|p1a: Kleavor|1/100
|-unboost|p2a: Gholdengo|spa|1
|
|upkeep
|turn|2
|-enditem|p2a: Gholdengo|Custap Berry|[eat]
|-activate|p2a: Gholdengo|item: Custap Berry|[consumed]
|
|t:|1779806614
|move|p2a: Gholdengo|Shadow Ball|p1a: Kleavor
|-damage|p1a: Kleavor|0 fnt
|faint|p1a: Kleavor
|
|upkeep
|
|t:|1779806629
|switch|p1a: Moltres|Moltres-Galar|100/100
|turn|3
|inactive|Vichox250816 has 120 seconds left.
|
|t:|1779806671
|move|p1a: Moltres|Agility|p1a: Moltres
|-boost|p1a: Moltres|spe|2
|move|p2a: Gholdengo|Thunderbolt|p1a: Moltres
|-supereffective|p1a: Moltres
|-damage|p1a: Moltres|58/100
|
|upkeep
|turn|4
|
|t:|1779806697
|move|p1a: Moltres|Nasty Plot|p1a: Moltres
|-boost|p1a: Moltres|spa|2
|move|p2a: Gholdengo|Thunderbolt|p1a: Moltres
|-supereffective|p1a: Moltres
|-damage|p1a: Moltres|13/100
|-ability|p1a: Moltres|Berserk|boost
|-boost|p1a: Moltres|spa|1
|-enditem|p1a: Moltres|Sitrus Berry|[eat]
|-heal|p1a: Moltres|38/100|[from] item: Sitrus Berry
|
|upkeep
|turn|5
|inactive|Vichox250816 has 120 seconds left.
|
|t:|1779806706
|move|p1a: Moltres|Fiery Wrath|p2a: Gholdengo
|-supereffective|p2a: Gholdengo
|-damage|p2a: Gholdengo|0 fnt
|faint|p2a: Gholdengo
|
|upkeep
|inactive|Vichox250816 has 120 seconds left.
|
|t:|1779806718
|switch|p2a: Glimmora|Glimmora, M|100/100
|turn|6
|
|t:|1779806722
|move|p1a: Moltres|Fiery Wrath|p2a: Glimmora
|-damage|p2a: Glimmora|1/100
|-enditem|p2a: Glimmora|Red Card|[of] p1a: Moltres
|drag|p1a: Comfey|Comfey, M|100/100
|move|p2a: Glimmora|Power Gem|p1a: Comfey
|-damage|p1a: Comfey|67/100
|
|upkeep
|turn|7
|
|t:|1779806730
|move|p1a: Comfey|Draining Kiss|p2a: Glimmora
|-resisted|p2a: Glimmora
|-damage|p2a: Glimmora|0 fnt
|-heal|p1a: Comfey|67/100|[from] drain|[of] p2a: Glimmora
|faint|p2a: Glimmora
|-damage|p1a: Comfey|58/100|[from] item: Life Orb
|
|upkeep
|
|t:|1779806739
|switch|p2a: Weavile|Weavile, F|100/100
|turn|8
|
|t:|1779806745
|move|p1a: Comfey|Draining Kiss|p2a: Weavile
|-supereffective|p2a: Weavile
|-damage|p2a: Weavile|25/100
|-heal|p1a: Comfey|100/100|[from] drain|[of] p2a: Weavile
|-damage|p1a: Comfey|91/100|[from] item: Life Orb
|move|p2a: Weavile|Triple Axel|p1a: Comfey
|-crit|p1a: Comfey
|-damage|p1a: Comfey|65/100
|-damage|p1a: Comfey|34/100
|-damage|p1a: Comfey|0 fnt
|faint|p1a: Comfey
|-hitcount|p1: Comfey|3
|-damage|p2a: Weavile|15/100|[from] item: Life Orb
|
|upkeep
|
|t:|1779806754
|switch|p1a: Great Tusk|Great Tusk|100/100
|turn|9
|
|t:|1779806760
|move|p2a: Weavile|Triple Axel|p1a: Great Tusk
|-supereffective|p1a: Great Tusk
|-damage|p1a: Great Tusk|83/100
|-damage|p2a: Weavile|0 fnt|[from] item: Rocky Helmet|[of] p1a: Great Tusk
|faint|p2a: Weavile
|-hitcount|p1a: Great Tusk|1
|move|p1a: Great Tusk|Rapid Spin|p2: Weavile|[notarget]
|-fail|p1a: Great Tusk
|
|upkeep
|
|t:|1779806769
|switch|p2a: Dragonite|Dragonite, M|100/100
|turn|10
|
|t:|1779806772
|move|p1a: Great Tusk|Knock Off|p2a: Dragonite
|-damage|p2a: Dragonite|87/100
|-enditem|p2a: Dragonite|Heavy-Duty Boots|[from] move: Knock Off|[of] p1a: Great Tusk
|move|p2a: Dragonite|Ice Spinner|p1a: Great Tusk
|-supereffective|p1a: Great Tusk
|-damage|p1a: Great Tusk|46/100
|-damage|p2a: Dragonite|70/100|[from] item: Rocky Helmet|[of] p1a: Great Tusk
|
|upkeep
|turn|11
|
|t:|1779806781
|move|p1a: Great Tusk|Ice Spinner|p2a: Dragonite
|-supereffective|p2a: Dragonite
|-damage|p2a: Dragonite|0 fnt
|faint|p2a: Dragonite
|
|upkeep
|
|t:|1779806784
|switch|p2a: Latias|Latias, F|100/100
|turn|12
|
|t:|1779806790
|-terastallize|p2a: Latias|Fairy
|move|p2a: Latias|Draining Kiss|p1a: Great Tusk
|-supereffective|p1a: Great Tusk
|-damage|p1a: Great Tusk|0 fnt
|-damage|p2a: Latias|84/100|[from] item: Rocky Helmet|[of] p1a: Great Tusk
|faint|p1a: Great Tusk
|-end|p1a: Great Tusk|Protosynthesis|[silent]
|
|-heal|p2a: Latias|90/100|[from] item: Leftovers
|upkeep
|
|t:|1779806795
|switch|p1a: Heatran|Heatran, M|100/100
|turn|13
|
|t:|1779806803
|move|p1a: Heatran|Flash Cannon|p2a: Latias
|-supereffective|p2a: Latias
|-damage|p2a: Latias|7/100
|move|p2a: Latias|Calm Mind|p2a: Latias
|-boost|p2a: Latias|spa|1
|-boost|p2a: Latias|spd|1
|
|-heal|p2a: Latias|13/100|[from] item: Leftovers
|upkeep
|turn|14
|
|t:|1779806812
|switch|p2a: Zamazenta|Zamazenta|100/100
|-ability|p2a: Zamazenta|Dauntless Shield|boost
|-boost|p2a: Zamazenta|def|1
|move|p1a: Heatran|Flash Cannon|p2a: Zamazenta
|-damage|p2a: Zamazenta|55/100
|
|-heal|p2a: Zamazenta|61/100|[from] item: Leftovers
|upkeep
|turn|15
|
|t:|1779806824
|switch|p1a: Dondozo|Dondozo, M|100/100
|move|p2a: Zamazenta|Body Press|p1a: Dondozo
|-damage|p1a: Dondozo|84/100
|
|-heal|p2a: Zamazenta|67/100|[from] item: Leftovers
|-heal|p1a: Dondozo|90/100|[from] item: Leftovers
|upkeep
|turn|16
|
|t:|1779806831
|move|p2a: Zamazenta|Iron Defense|p2a: Zamazenta
|-boost|p2a: Zamazenta|def|2
|move|p1a: Dondozo|Curse|p1a: Dondozo
|-unboost|p1a: Dondozo|spe|1
|-boost|p1a: Dondozo|atk|1
|-boost|p1a: Dondozo|def|1
|
|-heal|p2a: Zamazenta|73/100|[from] item: Leftovers
|-heal|p1a: Dondozo|96/100|[from] item: Leftovers
|upkeep
|turn|17
|
|t:|1779806843
|move|p2a: Zamazenta|Iron Defense|p2a: Zamazenta
|-boost|p2a: Zamazenta|def|2
|move|p1a: Dondozo|Curse|p1a: Dondozo
|-unboost|p1a: Dondozo|spe|1
|-boost|p1a: Dondozo|atk|1
|-boost|p1a: Dondozo|def|1
|
|-heal|p2a: Zamazenta|80/100|[from] item: Leftovers
|-heal|p1a: Dondozo|100/100|[from] item: Leftovers
|upkeep
|turn|18
|
|t:|1779806849
|move|p2a: Zamazenta|Body Press|p1a: Dondozo
|-damage|p1a: Dondozo|93/100
|move|p1a: Dondozo|Waterfall|p2a: Zamazenta
|-damage|p2a: Zamazenta|38/100
|
|-heal|p2a: Zamazenta|44/100|[from] item: Leftovers
|-heal|p1a: Dondozo|99/100|[from] item: Leftovers
|upkeep
|turn|19
|
|t:|1779806864
|move|p2a: Zamazenta|Iron Defense|p2a: Zamazenta
|-boost|p2a: Zamazenta|def|1
|move|p1a: Dondozo|Waterfall|p2a: Zamazenta
|-damage|p2a: Zamazenta|4/100
|
|-heal|p2a: Zamazenta|10/100|[from] item: Leftovers
|-heal|p1a: Dondozo|100/100|[from] item: Leftovers
|upkeep
|turn|20
|
|t:|1779806872
|move|p2a: Zamazenta|Body Press|p1a: Dondozo
|-damage|p1a: Dondozo|91/100
|move|p1a: Dondozo|Waterfall|p2a: Zamazenta
|-damage|p2a: Zamazenta|0 fnt
|faint|p2a: Zamazenta
|
|-heal|p1a: Dondozo|98/100|[from] item: Leftovers
|upkeep
|
|t:|1779806876
|switch|p2a: Latias|Latias, F, tera:Fairy|13/100
|turn|21
|
|t:|1779806879
|move|p2a: Latias|Draining Kiss|p1a: Dondozo
|-damage|p1a: Dondozo|70/100
|-heal|p2a: Latias|48/100|[from] drain|[of] p1a: Dondozo
|move|p1a: Dondozo|Waterfall|p2a: Latias
|-damage|p2a: Latias|0 fnt
|faint|p2a: Latias
|
|win|wtfisproxy
|raw|wtfisproxy's rating: 1387 &rarr; <strong>1404</strong><br />(+17 for winning)
|raw|Vichox250816's rating: 1341 &rarr; <strong>1324</strong><br />(-17 for losing)
|l|☆wtfisproxy
|player|p1|
|l|☆Vichox250816
|player|p2|
