|j|☆ionhy
|j|‽Yujiro-Jamon
|t:|1779944608
|gametype|singles
|player|p1|ionhy|102|1379
|player|p2|Yujiro-Jamon|101|1379
|gen|9
|tier|[Gen 9] OU
|rated|
|rule|HP Percentage Mod: HP is shown in percentages
|rule|Endless Battle Clause: Forcing endless battles is banned
|rule|Species Clause: Limit one of each Pokémon
|rule|OHKO Clause: OHKO moves are banned
|rule|Evasion Items Clause: Evasion items are banned
|rule|Evasion Moves Clause: Evasion moves are banned
|rule|Evasion Abilities Clause: Evasion abilities are banned
|rule|Sleep Moves Clause: Sleep-inducing moves are banned
|clearpoke
|poke|p1|Swampert, M|
|poke|p1|Pelipper, F|
|poke|p1|Plusle, M|
|poke|p1|Metagross|
|poke|p1|Barraskewda, F|
|poke|p1|Salamence, F|
|poke|p2|Blaziken, M|
|poke|p2|Conkeldurr, M|
|poke|p2|Corviknight, M|
|poke|p2|Zapdos|
|poke|p2|Landorus-Therian, M|
|poke|p2|Clefable, M|
|teampreview
|
|t:|1779944616
|teamsize|p1|6
|teamsize|p2|6
|start
|switch|p1a: STORM|Pelipper, F|100/100
|switch|p2a: Zapdos|Zapdos|100/100
|-ability|p2a: Zapdos|Pressure
|-weather|RainDance|[from] ability: Drizzle|[of] p1a: STORM
|turn|1
|inactive|Battle timer is ON: inactive players will automatically lose when time's up. (requested by Yujiro-Jamon)
|
|t:|1779944625
|switch|p1a: PIKA+|Plusle, M|100/100
|move|p2a: Zapdos|Hurricane|p1a: PIKA+
|-resisted|p1a: PIKA+
|-damage|p1a: PIKA+|59/100
|-damage|p2a: Zapdos|91/100|[from] item: Life Orb
|
|-weather|RainDance|[upkeep]
|upkeep
|turn|2
|
|t:|1779944642
|move|p1a: PIKA+|Thunder|p2a: Zapdos
|-damage|p2a: Zapdos|43/100
|move|p2a: Zapdos|Hurricane|p1a: PIKA+
|-resisted|p1a: PIKA+
|-damage|p1a: PIKA+|23/100
|-start|p1a: PIKA+|confusion
|-damage|p2a: Zapdos|33/100|[from] item: Life Orb
|
|-weather|RainDance|[upkeep]
|upkeep
|turn|3
|
|t:|1779944652
|switch|p2a: Clefable|Clefable, M|100/100
|-activate|p1a: PIKA+|confusion
|-damage|p1a: PIKA+|13/100|[from] confusion
|
|-weather|RainDance|[upkeep]
|upkeep
|turn|4
|
|t:|1779944658
|-end|p1a: PIKA+|confusion
|move|p1a: PIKA+|Volt Switch|p2a: Clefable
|-damage|p2a: Clefable|83/100
|
|t:|1779944663
|switch|p1a: MEGADRIVE|Metagross|100/100|[from] Volt Switch
|move|p2a: Clefable|Wish|p2a: Clefable
|
|-weather|RainDance|[upkeep]
|-heal|p2a: Clefable|89/100|[from] item: Leftovers
|upkeep
|turn|5
|
|t:|1779944674
|switch|p2a: Landorus|Landorus-Therian, M|100/100
|-ability|p2a: Landorus|Intimidate|boost
|-fail|p1a: MEGADRIVE|unboost|[from] ability: Clear Body|[of] p1a: MEGADRIVE
|move|p1a: MEGADRIVE|Agility|p1a: MEGADRIVE
|-boost|p1a: MEGADRIVE|spe|2
|
|-weather|RainDance|[upkeep]
|upkeep
|turn|6
|
|t:|1779944698
|-terastallize|p1a: MEGADRIVE|Flying
|move|p1a: MEGADRIVE|Zen Headbutt|p2a: Landorus|[miss]
|-miss|p1a: MEGADRIVE|p2a: Landorus
|move|p2a: Landorus|Earthquake|p1a: MEGADRIVE
|-immune|p1a: MEGADRIVE
|
|-weather|RainDance|[upkeep]
|upkeep
|turn|7
|
|t:|1779944706
|switch|p2a: Corviknight|Corviknight, M|100/100
|-ability|p2a: Corviknight|Pressure
|move|p1a: MEGADRIVE|Meteor Mash|p2a: Corviknight
|-resisted|p2a: Corviknight
|-damage|p2a: Corviknight|85/100
|-damage|p1a: MEGADRIVE|84/100|[from] item: Rocky Helmet|[of] p2a: Corviknight
|
|-weather|RainDance|[upkeep]
|upkeep
|turn|8
|
|t:|1779944725
|switch|p1a: Mego|Swampert, M|100/100
|move|p2a: Corviknight|Iron Head|p1a: Mego
|-resisted|p1a: Mego
|-damage|p1a: Mego|89/100
|
|-weather|none
|upkeep
|turn|9
|
|t:|1779944733
|move|p2a: Corviknight|Taunt|p1a: Mego
|-start|p1a: Mego|move: Taunt
|cant|p1a: Mego|move: Taunt|Stealth Rock
|
|upkeep
|turn|10
|
|t:|1779944741
|move|p2a: Corviknight|Iron Head|p1a: Mego
|-resisted|p1a: Mego
|-damage|p1a: Mego|78/100
|move|p1a: Mego|Flip Turn|p2a: Corviknight
|-damage|p2a: Corviknight|71/100
|-damage|p1a: Mego|61/100|[from] item: Rocky Helmet|[of] p2a: Corviknight
|
|t:|1779944748
|switch|p1a: PIKA+|Plusle, M|13/100|[from] Flip Turn
|
|upkeep
|turn|11
|
|t:|1779944756
|switch|p2a: Landorus|Landorus-Therian, M|100/100
|-ability|p2a: Landorus|Intimidate|boost
|-unboost|p1a: PIKA+|atk|1
|move|p1a: PIKA+|Super Fang|p2a: Landorus
|-damage|p2a: Landorus|51/100
|
|-heal|p2a: Landorus|57/100|[from] item: Leftovers
|upkeep
|turn|12
|
|t:|1779944768
|switch|p1a: STORM|Pelipper, F|100/100
|-weather|RainDance|[from] ability: Drizzle|[of] p1a: STORM
|move|p2a: Landorus|Stealth Rock|p1a: STORM
|-sidestart|p1: ionhy|move: Stealth Rock
|
|-weather|RainDance|[upkeep]
|-heal|p2a: Landorus|63/100|[from] item: Leftovers
|upkeep
|turn|13
|
|t:|1779944775
|move|p2a: Landorus|U-turn|p1a: STORM
|-resisted|p1a: STORM
|-damage|p1a: STORM|91/100
|
|t:|1779944778
|switch|p2a: Clefable|Clefable, M|89/100|[from] U-turn
|move|p1a: STORM|Surf|p2a: Clefable
|-damage|p2a: Clefable|60/100
|
|-weather|RainDance|[upkeep]
|-heal|p2a: Clefable|66/100|[from] item: Leftovers
|upkeep
|turn|14
|
|t:|1779944786
|move|p2a: Clefable|Wish|p2a: Clefable
|move|p1a: STORM|U-turn|p2a: Clefable
|-resisted|p2a: Clefable
|-damage|p2a: Clefable|61/100
|
|t:|1779944790
|switch|p1a: Juanchon|Barraskewda, F|100/100|[from] U-turn
|-damage|p1a: Juanchon|88/100|[from] Stealth Rock
|
|-weather|RainDance|[upkeep]
|-heal|p2a: Clefable|68/100|[from] item: Leftovers
|upkeep
|turn|15
|
|t:|1779944796
|move|p2a: Clefable|Protect|p2a: Clefable
|-singleturn|p2a: Clefable|Protect
|move|p1a: Juanchon|Liquidation|p2a: Clefable
|-activate|p2a: Clefable|move: Protect
|
|-weather|RainDance|[upkeep]
|-heal|p2a: Clefable|100/100|[from] move: Wish|[wisher] Clefable
|upkeep
|turn|16
|
|t:|1779944827
|switch|p1a: MEGADRIVE|Metagross, tera:Flying|84/100
|-damage|p1a: MEGADRIVE|59/100|[from] Stealth Rock
|switch|p2a: Corviknight|Corviknight, M|71/100
|-ability|p2a: Corviknight|Pressure
|
|-weather|RainDance|[upkeep]
|upkeep
|turn|17
|inactive|ionhy has 120 seconds left.
|
|t:|1779944846
|switch|p1a: Salamence|Salamence, F|100/100
|-ability|p1a: Salamence|Intimidate|boost
|-unboost|p2a: Corviknight|atk|1
|move|p2a: Corviknight|Roost|p2a: Corviknight
|-heal|p2a: Corviknight|100/100
|-singleturn|p2a: Corviknight|move: Roost
|
|-weather|RainDance|[upkeep]
|upkeep
|turn|18
|
|t:|1779944856
|switch|p2a: Clefable|Clefable, M|100/100
|move|p1a: Salamence|Hydro Pump|p2a: Clefable
|-damage|p2a: Clefable|61/100
|
|-weather|RainDance|[upkeep]
|-heal|p2a: Clefable|67/100|[from] item: Leftovers
|upkeep
|turn|19
|
|t:|1779944866
|move|p1a: Salamence|Hurricane|p2a: Clefable
|-damage|p2a: Clefable|33/100
|move|p2a: Clefable|Cosmic Power|p2a: Clefable
|-boost|p2a: Clefable|def|1
|-boost|p2a: Clefable|spd|1
|
|-weather|none
|-heal|p2a: Clefable|39/100|[from] item: Leftovers
|upkeep
|turn|20
|inactive|ionhy has 120 seconds left.
|
|t:|1779944888
|switch|p1a: MEGADRIVE|Metagross, tera:Flying|59/100
|-damage|p1a: MEGADRIVE|34/100|[from] Stealth Rock
|move|p2a: Clefable|Wish|p2a: Clefable
|
|-heal|p2a: Clefable|45/100|[from] item: Leftovers
|upkeep
|turn|21
|inactive|ionhy has 120 seconds left.
|
|t:|1779944896
|move|p2a: Clefable|Protect|p2a: Clefable
|-singleturn|p2a: Clefable|Protect
|move|p1a: MEGADRIVE|Agility|p1a: MEGADRIVE
|-boost|p1a: MEGADRIVE|spe|2
|
|-heal|p2a: Clefable|95/100|[from] move: Wish|[wisher] Clefable
|-heal|p2a: Clefable|100/100|[from] item: Leftovers
|upkeep
|turn|22
|
|t:|1779944905
|-terastallize|p2a: Clefable|Steel
|move|p1a: MEGADRIVE|Meteor Mash|p2a: Clefable
|-resisted|p2a: Clefable
|-damage|p2a: Clefable|81/100
|move|p2a: Clefable|Cosmic Power|p2a: Clefable
|-boost|p2a: Clefable|def|1
|-boost|p2a: Clefable|spd|1
|
|-heal|p2a: Clefable|88/100|[from] item: Leftovers
|upkeep
|turn|23
|
|t:|1779944914
|move|p1a: MEGADRIVE|Earthquake|p2a: Clefable
|-supereffective|p2a: Clefable
|-damage|p2a: Clefable|41/100
|move|p2a: Clefable|Moonblast|p1a: MEGADRIVE
|-damage|p1a: MEGADRIVE|0 fnt
|faint|p1a: MEGADRIVE
|
|-heal|p2a: Clefable|47/100|[from] item: Leftovers
|upkeep
|
|t:|1779944928
|switch|p1a: Mego|Swampert, M|61/100
|-damage|p1a: Mego|55/100|[from] Stealth Rock
|turn|24
|
|t:|1779944934
|switch|p2a: Zapdos|Zapdos|33/100
|-ability|p2a: Zapdos|Pressure
|move|p1a: Mego|Earthquake|p2a: Zapdos
|-immune|p2a: Zapdos
|
|upkeep
|turn|25
|
|t:|1779944941
|move|p2a: Zapdos|Roost|p2a: Zapdos
|-heal|p2a: Zapdos|83/100
|-singleturn|p2a: Zapdos|move: Roost
|move|p1a: Mego|Flip Turn|p2a: Zapdos
|-damage|p2a: Zapdos|55/100
|
|t:|1779944957
|switch|p1a: STORM|Pelipper, F|91/100|[from] Flip Turn
|-damage|p1a: STORM|66/100|[from] Stealth Rock
|-weather|RainDance|[from] ability: Drizzle|[of] p1a: STORM
|
|-weather|RainDance|[upkeep]
|upkeep
|turn|26
|
|t:|1779944963
|switch|p1a: PIKA+|Plusle, M|13/100
|-damage|p1a: PIKA+|1/100|[from] Stealth Rock
|move|p2a: Zapdos|Roost|p2a: Zapdos
|-heal|p2a: Zapdos|100/100
|-singleturn|p2a: Zapdos|move: Roost
|
|-weather|RainDance|[upkeep]
|upkeep
|turn|27
|
|t:|1779944972
|move|p1a: PIKA+|Super Fang|p2a: Zapdos
|-damage|p2a: Zapdos|51/100
|move|p2a: Zapdos|Hurricane|p1a: PIKA+
|-resisted|p1a: PIKA+
|-damage|p1a: PIKA+|0 fnt
|faint|p1a: PIKA+
|-damage|p2a: Zapdos|41/100|[from] item: Life Orb
|
|-weather|RainDance|[upkeep]
|upkeep
|
|t:|1779944981
|switch|p1a: Juanchon|Barraskewda, F|88/100
|-damage|p1a: Juanchon|76/100|[from] Stealth Rock
|turn|28
|
|t:|1779944986
|switch|p2a: Corviknight|Corviknight, M|100/100
|-ability|p2a: Corviknight|Pressure
|move|p1a: Juanchon|Flip Turn|p2a: Corviknight
|-damage|p2a: Corviknight|54/100
|-damage|p1a: Juanchon|60/100|[from] item: Rocky Helmet|[of] p2a: Corviknight
|
|t:|1779944993
|switch|p1a: Salamence|Salamence, F|100/100|[from] Flip Turn
|-ability|p1a: Salamence|Intimidate|boost
|-unboost|p2a: Corviknight|atk|1
|
|-weather|RainDance|[upkeep]
|upkeep
|turn|29
|
|t:|1779945000
|move|p1a: Salamence|Hydro Pump|p2a: Corviknight
|-damage|p2a: Corviknight|0 fnt
|faint|p2a: Corviknight
|
|-weather|RainDance|[upkeep]
|upkeep
|
|t:|1779945011
|switch|p2a: Clefable|Clefable, M, tera:Steel|47/100
|turn|30
|
|t:|1779945016
|move|p2a: Clefable|Protect|p2a: Clefable
|-singleturn|p2a: Clefable|Protect
|move|p1a: Salamence|Hydro Pump|p2a: Clefable
|-activate|p2a: Clefable|move: Protect
|
|-weather|RainDance|[upkeep]
|-heal|p2a: Clefable|54/100|[from] item: Leftovers
|upkeep
|turn|31
|
|t:|1779945025
|switch|p1a: Mego|Swampert, M|55/100
|-damage|p1a: Mego|49/100|[from] Stealth Rock
|move|p2a: Clefable|Wish|p2a: Clefable
|
|-weather|RainDance|[upkeep]
|-heal|p2a: Clefable|60/100|[from] item: Leftovers
|upkeep
|turn|32
|
|t:|1779945032
|move|p2a: Clefable|Protect|p2a: Clefable
|-singleturn|p2a: Clefable|Protect
|move|p1a: Mego|Knock Off|p2a: Clefable
|-activate|p2a: Clefable|move: Protect
|
|-weather|none
|-heal|p2a: Clefable|100/100|[from] move: Wish|[wisher] Clefable
|upkeep
|turn|33
|
|t:|1779945042
|switch|p2a: Zapdos|Zapdos|41/100
|-ability|p2a: Zapdos|Pressure
|move|p1a: Mego|Earthquake|p2a: Zapdos
|-immune|p2a: Zapdos
|
|upkeep
|turn|34
|
|t:|1779945051
|switch|p1a: STORM|Pelipper, F|66/100
|-damage|p1a: STORM|41/100|[from] Stealth Rock
|-weather|RainDance|[from] ability: Drizzle|[of] p1a: STORM
|move|p2a: Zapdos|Hurricane|p1a: STORM
|-damage|p1a: STORM|0 fnt
|faint|p1a: STORM
|-damage|p2a: Zapdos|31/100|[from] item: Life Orb
|
|-weather|RainDance|[upkeep]
|upkeep
|
|t:|1779945061
|switch|p1a: Juanchon|Barraskewda, F|60/100
|-damage|p1a: Juanchon|48/100|[from] Stealth Rock
|turn|35
|
|t:|1779945068
|move|p1a: Juanchon|Liquidation|p2a: Zapdos
|-damage|p2a: Zapdos|0 fnt
|faint|p2a: Zapdos
|
|-weather|RainDance|[upkeep]
|upkeep
|
|t:|1779945072
|switch|p2a: Conkeldurr|Conkeldurr, M|100/100
|turn|36
|
|t:|1779945075
|switch|p1a: Salamence|Salamence, F|100/100
|-ability|p1a: Salamence|Intimidate|boost
|-unboost|p2a: Conkeldurr|atk|1
|move|p2a: Conkeldurr|Mach Punch|p1a: Salamence
|-resisted|p1a: Salamence
|-damage|p1a: Salamence|91/100
|
|-weather|RainDance|[upkeep]
|upkeep
|turn|37
|
|t:|1779945084
|switch|p2a: Clefable|Clefable, M, tera:Steel|100/100
|move|p1a: Salamence|Hurricane|p2a: Clefable
|-resisted|p2a: Clefable
|-damage|p2a: Clefable|83/100
|-start|p2a: Clefable|confusion
|
|-weather|RainDance|[upkeep]
|-heal|p2a: Clefable|90/100|[from] item: Leftovers
|upkeep
|turn|38
|
|t:|1779945094
|switch|p1a: Mego|Swampert, M|49/100
|-damage|p1a: Mego|42/100|[from] Stealth Rock
|-activate|p2a: Clefable|confusion
|move|p2a: Clefable|Cosmic Power|p2a: Clefable
|-boost|p2a: Clefable|def|1
|-boost|p2a: Clefable|spd|1
|
|-weather|RainDance|[upkeep]
|-heal|p2a: Clefable|96/100|[from] item: Leftovers
|upkeep
|turn|39
|
|t:|1779945103
|switch|p2a: Landorus|Landorus-Therian, M|63/100
|-ability|p2a: Landorus|Intimidate|boost
|-unboost|p1a: Mego|atk|1
|move|p1a: Mego|Knock Off|p2a: Landorus
|-damage|p2a: Landorus|41/100
|-enditem|p2a: Landorus|Leftovers|[from] move: Knock Off|[of] p1a: Mego
|
|-weather|RainDance|[upkeep]
|upkeep
|turn|40
|
|t:|1779945112
|switch|p1a: Salamence|Salamence, F|91/100
|-ability|p1a: Salamence|Intimidate|boost
|-unboost|p2a: Landorus|atk|1
|move|p2a: Landorus|U-turn|p1a: Salamence
|-resisted|p1a: Salamence
|-damage|p1a: Salamence|81/100
|
|t:|1779945118
|switch|p2a: Clefable|Clefable, M, tera:Steel|96/100|[from] U-turn
|
|-weather|RainDance|[upkeep]
|-heal|p2a: Clefable|100/100|[from] item: Leftovers
|upkeep
|turn|41
|
|t:|1779945127
|move|p1a: Salamence|Hydro Pump|p2a: Clefable
|-damage|p2a: Clefable|65/100
|move|p2a: Clefable|Moonblast|p1a: Salamence
|-supereffective|p1a: Salamence
|-crit|p1a: Salamence
|-damage|p1a: Salamence|0 fnt
|faint|p1a: Salamence
|
|-weather|none
|-heal|p2a: Clefable|71/100|[from] item: Leftovers
|upkeep
|
|t:|1779945136
|switch|p1a: Juanchon|Barraskewda, F|48/100
|-damage|p1a: Juanchon|35/100|[from] Stealth Rock
|turn|42
|
|t:|1779945141
|move|p1a: Juanchon|Liquidation|p2a: Clefable
|-damage|p2a: Clefable|0 fnt
|faint|p2a: Clefable
|
|upkeep
|
|t:|1779945144
|switch|p2a: Conkeldurr|Conkeldurr, M|100/100
|turn|43
|
|t:|1779945150
|move|p2a: Conkeldurr|Mach Punch|p1a: Juanchon
|-damage|p1a: Juanchon|0 fnt
|faint|p1a: Juanchon
|
|upkeep
|
|t:|1779945153
|switch|p1a: Mego|Swampert, M|42/100
|-damage|p1a: Mego|36/100|[from] Stealth Rock
|turn|44
|
|t:|1779945169
|move|p1a: Mego|Earthquake|p2a: Conkeldurr
|-damage|p2a: Conkeldurr|69/100
|move|p2a: Conkeldurr|Drain Punch|p1a: Mego
|-damage|p1a: Mego|0 fnt
|-heal|p2a: Conkeldurr|86/100|[from] drain|[of] p1a: Mego
|faint|p1a: Mego
|
|win|Yujiro-Jamon
|raw|ionhy's rating: 1379 &rarr; <strong>1359</strong><br />(-20 for losing)
|raw|Yujiro-Jamon's rating: 1379 &rarr; <strong>1399</strong><br />(+20 for winning)
|l|☆ionhy
|player|p1|
