|j|☆bignys900
|j|☆blm monotype
|t:|1779805302
|gametype|singles
|player|p1|bignys900|psychicf-gen4|1134
|player|p2|blm monotype|170|1199
|gen|9
|tier|[Gen 9] OU
|rated|
|rule|HP Percentage Mod: HP is shown in percentages
|rule|Endless Battle Clause: Forcing endless battles is banned
|rule|Species Clause: Limit one of each Pokémon
|rule|OHKO Clause: OHKO moves are banned
|rule|Evasion Items Clause: Evasion items are banned
|rule|Evasion Moves Clause: Evasion moves are banned
|rule|Evasion Abilities Clause: Evasion abilities are banned
|rule|Sleep Moves Clause: Sleep-inducing moves are banned
|clearpoke
|poke|p1|Jolteon, M|
|poke|p1|Gastrodon-East, M|
|poke|p1|Arcanine-Hisui, F|
|poke|p1|Orthworm, F|
|poke|p1|Dragonite, F|
|poke|p1|Gogoat, F|
|poke|p2|Landorus-Therian, M|
|poke|p2|Gholdengo|
|poke|p2|Ting-Lu|
|poke|p2|Corviknight, F|
|poke|p2|Ogerpon-Wellspring, F|
|poke|p2|Zamazenta-*|
|teampreview
|inactive|Battle timer is ON: inactive players will automatically lose when time's up. (requested by bignys900)
|
|t:|1779805315
|teamsize|p1|6
|teamsize|p2|6
|start
|switch|p1a: Dragonite|Dragonite, F|100/100
|switch|p2a: Landorus|Landorus-Therian, M|100/100
|-ability|p2a: Landorus|Intimidate|boost
|-unboost|p1a: Dragonite|atk|1
|turn|1
|
|t:|1779805320
|move|p2a: Landorus|U-turn|p1a: Dragonite
|-resisted|p1a: Dragonite
|-damage|p1a: Dragonite|94/100
|
|t:|1779805330
|switch|p2a: Gholdengo|Gholdengo|100/100|[from] U-turn
|move|p1a: Dragonite|Dragon Dance|p1a: Dragonite
|-boost|p1a: Dragonite|atk|1
|-boost|p1a: Dragonite|spe|1
|
|upkeep
|turn|2
|
|t:|1779805340
|move|p1a: Dragonite|Earthquake|p2a: Gholdengo
|-supereffective|p2a: Gholdengo
|-damage|p2a: Gholdengo|14/100
|move|p2a: Gholdengo|Make It Rain|p1a: Dragonite
|-damage|p1a: Dragonite|0 fnt
|-unboost|p2a: Gholdengo|spa|1
|faint|p1a: Dragonite
|
|upkeep
|
|t:|1779805353
|switch|p1a: Arcanine|Arcanine-Hisui, F, shiny|100/100
|turn|3
|
|t:|1779805358
|switch|p2a: Landorus|Landorus-Therian, M|100/100
|-ability|p2a: Landorus|Intimidate|boost
|-unboost|p1a: Arcanine|atk|1
|move|p1a: Arcanine|Crunch|p2a: Landorus
|-damage|p2a: Landorus|76/100
|-damage|p1a: Arcanine|91/100|[from] item: Life Orb
|
|upkeep
|turn|4
|
|t:|1779805366
|switch|p1a: Orthworm|Orthworm, F|100/100
|move|p2a: Landorus|Stealth Rock|p1a: Orthworm
|-sidestart|p1: bignys900|move: Stealth Rock
|
|upkeep
|turn|5
|
|t:|1779805372
|switch|p2a: Ting-Lu|Ting-Lu|100/100
|-ability|p2a: Ting-Lu|Vessel of Ruin
|move|p1a: Orthworm|Coil|p1a: Orthworm
|-boost|p1a: Orthworm|atk|1
|-boost|p1a: Orthworm|def|1
|-boost|p1a: Orthworm|accuracy|1
|
|upkeep
|turn|6
|
|t:|1779805378
|move|p1a: Orthworm|Body Press|p2a: Ting-Lu
|-supereffective|p2a: Ting-Lu
|-damage|p2a: Ting-Lu|61/100
|move|p2a: Ting-Lu|Spikes|p1a: Orthworm
|-sidestart|p1: bignys900|Spikes
|
|-heal|p2a: Ting-Lu|68/100|[from] item: Leftovers
|upkeep
|turn|7
|
|t:|1779805389
|-terastallize|p2a: Ting-Lu|Poison
|move|p1a: Orthworm|Coil|p1a: Orthworm
|-boost|p1a: Orthworm|atk|1
|-boost|p1a: Orthworm|def|1
|-boost|p1a: Orthworm|accuracy|1
|move|p2a: Ting-Lu|Whirlwind|p1a: Orthworm
|drag|p1a: Jolteon|Jolteon, M|100/100
|-damage|p1a: Jolteon|88/100|[from] Stealth Rock
|-damage|p1a: Jolteon|76/100|[from] Spikes
|
|-heal|p1a: Jolteon|82/100|[from] item: Leftovers
|-heal|p2a: Ting-Lu|74/100|[from] item: Leftovers
|upkeep
|turn|8
|
|t:|1779805398
|move|p1a: Jolteon|Stored Power|p2a: Ting-Lu
|-supereffective|p2a: Ting-Lu
|-damage|p2a: Ting-Lu|69/100
|move|p2a: Ting-Lu|Spikes|p1a: Jolteon
|-sidestart|p1: bignys900|Spikes
|
|-heal|p1a: Jolteon|88/100|[from] item: Leftovers
|-heal|p2a: Ting-Lu|75/100|[from] item: Leftovers
|upkeep
|turn|9
|
|t:|1779805405
|move|p1a: Jolteon|Calm Mind|p1a: Jolteon
|-boost|p1a: Jolteon|spa|1
|-boost|p1a: Jolteon|spd|1
|move|p2a: Ting-Lu|Spikes|p1a: Jolteon
|-sidestart|p1: bignys900|Spikes
|
|-heal|p1a: Jolteon|94/100|[from] item: Leftovers
|-heal|p2a: Ting-Lu|82/100|[from] item: Leftovers
|upkeep
|turn|10
|
|t:|1779805411
|move|p1a: Jolteon|Stored Power|p2a: Ting-Lu
|-supereffective|p2a: Ting-Lu
|-damage|p2a: Ting-Lu|61/100
|move|p2a: Ting-Lu|Whirlwind|p1a: Jolteon
|drag|p1a: Gastrodon|Gastrodon-East, M, shiny|100/100
|-damage|p1a: Gastrodon|94/100|[from] Stealth Rock
|-damage|p1a: Gastrodon|70/100|[from] Spikes
|
|-heal|p2a: Ting-Lu|68/100|[from] item: Leftovers
|-heal|p1a: Gastrodon|76/100|[from] item: Leftovers
|upkeep
|turn|11
|
|t:|1779805416
|switch|p2a: Ogerpon|Ogerpon-Wellspring, F|100/100
|move|p1a: Gastrodon|Earth Power|p2a: Ogerpon
|-resisted|p2a: Ogerpon
|-damage|p2a: Ogerpon|79/100
|
|-heal|p1a: Gastrodon|82/100|[from] item: Leftovers
|upkeep
|turn|12
|
|t:|1779805423
|switch|p1a: Gogoat|Gogoat, F|100/100
|-damage|p1a: Gogoat|88/100|[from] Stealth Rock
|-damage|p1a: Gogoat|63/100|[from] Spikes
|move|p2a: Ogerpon|Knock Off|p1a: Gogoat
|-damage|p1a: Gogoat|26/100
|-enditem|p1a: Gogoat|Leftovers|[from] move: Knock Off|[of] p2a: Ogerpon
|
|upkeep
|turn|13
|
|t:|1779805434
|move|p2a: Ogerpon|Knock Off|p1a: Gogoat
|-damage|p1a: Gogoat|2/100
|move|p1a: Gogoat|Trailblaze|p2a: Ogerpon
|-damage|p2a: Ogerpon|52/100
|-boost|p1a: Gogoat|spe|1
|
|upkeep
|turn|14
|
|t:|1779805446
|move|p2a: Ogerpon|Knock Off|p1a: Gogoat
|-damage|p1a: Gogoat|0 fnt
|faint|p1a: Gogoat
|
|upkeep
|
|t:|1779805453
|switch|p1a: Arcanine|Arcanine-Hisui, F, shiny|91/100
|-damage|p1a: Arcanine|66/100|[from] Stealth Rock
|-damage|p1a: Arcanine|41/100|[from] Spikes
|turn|15
|
|t:|1779805466
|move|p1a: Arcanine|Extreme Speed|p2a: Ogerpon
|-damage|p2a: Ogerpon|18/100
|-damage|p1a: Arcanine|31/100|[from] item: Life Orb
|move|p2a: Ogerpon|Ivy Cudgel|p1a: Arcanine|[anim] Ivy Cudgel Water
|-supereffective|p1a: Arcanine
|-damage|p1a: Arcanine|0 fnt
|faint|p1a: Arcanine
|
|upkeep
|
|t:|1779805475
|switch|p1a: Gastrodon|Gastrodon-East, M, shiny|82/100
|-damage|p1a: Gastrodon|76/100|[from] Stealth Rock
|-damage|p1a: Gastrodon|51/100|[from] Spikes
|turn|16
|
|t:|1779805480
|-terastallize|p1a: Gastrodon|Fire
|move|p2a: Ogerpon|Horn Leech|p1a: Gastrodon
|-resisted|p1a: Gastrodon
|-damage|p1a: Gastrodon|31/100
|-heal|p2a: Ogerpon|29/100|[from] drain|[of] p1a: Gastrodon
|move|p1a: Gastrodon|Sludge Bomb|p2a: Ogerpon
|-supereffective|p2a: Ogerpon
|-damage|p2a: Ogerpon|0 fnt
|faint|p2a: Ogerpon
|
|-heal|p1a: Gastrodon|38/100|[from] item: Leftovers
|upkeep
|
|t:|1779805488
|switch|p2a: Gholdengo|Gholdengo|14/100
|turn|17
|
|t:|1779805490
|move|p2a: Gholdengo|Shadow Ball|p1a: Gastrodon
|-damage|p1a: Gastrodon|0 fnt
|faint|p1a: Gastrodon
|
|upkeep
|
|t:|1779805497
|switch|p1a: Jolteon|Jolteon, M|94/100
|-damage|p1a: Jolteon|82/100|[from] Stealth Rock
|-damage|p1a: Jolteon|57/100|[from] Spikes
|turn|18
|
|t:|1779805501
|switch|p2a: Landorus|Landorus-Therian, M|76/100
|-ability|p2a: Landorus|Intimidate|boost
|-unboost|p1a: Jolteon|atk|1
|move|p1a: Jolteon|Shadow Ball|p2a: Landorus
|-crit|p2a: Landorus
|-damage|p2a: Landorus|37/100
|
|-heal|p1a: Jolteon|63/100|[from] item: Leftovers
|upkeep
|turn|19
|
|t:|1779805509
|move|p2a: Landorus|U-turn|p1a: Jolteon
|-damage|p1a: Jolteon|20/100
|
|t:|1779805514
|switch|p2a: Ting-Lu|Ting-Lu, tera:Poison|68/100|[from] U-turn
|-ability|p2a: Ting-Lu|Vessel of Ruin
|move|p1a: Jolteon|Wish|p1a: Jolteon
|
|-heal|p1a: Jolteon|26/100|[from] item: Leftovers
|-heal|p2a: Ting-Lu|74/100|[from] item: Leftovers
|upkeep
|turn|20
|
|t:|1779805522
|move|p1a: Jolteon|Shadow Ball|p2a: Ting-Lu
|-damage|p2a: Ting-Lu|65/100
|move|p2a: Ting-Lu|Whirlwind|p1a: Jolteon
|drag|p1a: Orthworm|Orthworm, F|100/100
|-damage|p1a: Orthworm|94/100|[from] Stealth Rock
|-damage|p1a: Orthworm|69/100|[from] Spikes
|
|-heal|p1a: Orthworm|100/100|[from] move: Wish|[wisher] Jolteon
|-heal|p2a: Ting-Lu|71/100|[from] item: Leftovers
|upkeep
|turn|21
|
|t:|1779805530
|move|p1a: Orthworm|Stealth Rock|p2a: Ting-Lu
|-sidestart|p2: blm monotype|move: Stealth Rock
|move|p2a: Ting-Lu|Ruination|p1a: Orthworm
|-damage|p1a: Orthworm|50/100
|
|-heal|p1a: Orthworm|57/100|[from] item: Leftovers
|-heal|p2a: Ting-Lu|77/100|[from] item: Leftovers
|upkeep
|turn|22
|
|t:|1779805540
|move|p1a: Orthworm|Protect|p1a: Orthworm
|-singleturn|p1a: Orthworm|Protect
|move|p2a: Ting-Lu|Whirlwind|p1a: Orthworm
|drag|p1a: Jolteon|Jolteon, M|26/100
|-damage|p1a: Jolteon|14/100|[from] Stealth Rock
|-damage|p1a: Jolteon|0 fnt|[from] Spikes
|faint|p1a: Jolteon
|
|-heal|p2a: Ting-Lu|84/100|[from] item: Leftovers
|upkeep
|
|t:|1779805545
|switch|p1a: Orthworm|Orthworm, F|57/100
|-damage|p1a: Orthworm|50/100|[from] Stealth Rock
|-damage|p1a: Orthworm|25/100|[from] Spikes
|turn|23
|
|t:|1779805549
|switch|p2a: Zamazenta|Zamazenta, shiny|100/100
|-damage|p2a: Zamazenta|94/100|[from] Stealth Rock
|-ability|p2a: Zamazenta|Dauntless Shield|boost
|-boost|p2a: Zamazenta|def|1
|move|p1a: Orthworm|Body Press|p2a: Zamazenta
|-damage|p2a: Zamazenta|82/100
|
|-heal|p2a: Zamazenta|88/100|[from] item: Leftovers
|-heal|p1a: Orthworm|32/100|[from] item: Leftovers
|upkeep
|turn|24
|
|t:|1779805553
|move|p2a: Zamazenta|Body Press|p1a: Orthworm
|-supereffective|p1a: Orthworm
|-damage|p1a: Orthworm|0 fnt
|faint|p1a: Orthworm
|
|win|blm monotype
|raw|bignys900's rating: 1134 &rarr; <strong>1114</strong><br />(-20 for losing)
|raw|blm monotype's rating: 1199 &rarr; <strong>1219</strong><br />(+20 for winning)
|c|☆blm monotype|gg
|l|☆bignys900
|player|p1|
|l|☆blm monotype
|player|p2|
