|j|☆Etherious_Ph0enix
|j|☆368ckxdh
|t:|1779876458
|gametype|singles
|player|p1|Etherious_Ph0enix|sabrina|1088
|player|p2|368ckxdh|102|1104
|gen|9
|tier|[Gen 9] OU
|rated|
|rule|HP Percentage Mod: HP is shown in percentages
|rule|Endless Battle Clause: Forcing endless battles is banned
|rule|Species Clause: Limit one of each Pokémon
|rule|OHKO Clause: OHKO moves are banned
|rule|Evasion Items Clause: Evasion items are banned
|rule|Evasion Moves Clause: Evasion moves are banned
|rule|Evasion Abilities Clause: Evasion abilities are banned
|rule|Sleep Moves Clause: Sleep-inducing moves are banned
|clearpoke
|poke|p1|Typhlosion-Hisui, M|
|poke|p1|Sceptile, M|
|poke|p1|Samurott, M|
|poke|p1|Ampharos, F|
|poke|p1|Umbreon, M|
|poke|p1|Espeon, F|
|poke|p2|Kingambit, F|
|poke|p2|Kommo-o, M|
|poke|p2|Iron Valiant|
|poke|p2|Kyurem|
|poke|p2|Iron Treads|
|poke|p2|Iron Crown|
|teampreview
|
|t:|1779876468
|teamsize|p1|6
|teamsize|p2|6
|start
|switch|p1a: Samurai|Samurott, M, shiny|100/100
|switch|p2a: Iron Treads|Iron Treads|100/100
|-enditem|p2a: Iron Treads|Booster Energy
|-activate|p2a: Iron Treads|ability: Quark Drive|[fromitem]
|-start|p2a: Iron Treads|quarkdrivespe
|turn|1
|
|t:|1779876479
|move|p2a: Iron Treads|Stealth Rock|p1a: Samurai
|-sidestart|p1: Etherious_Ph0enix|move: Stealth Rock
|move|p1a: Samurai|Flip Turn|p2a: Iron Treads
|-supereffective|p2a: Iron Treads
|-damage|p2a: Iron Treads|56/100
|
|t:|1779876485
|switch|p1a: King|Sceptile, M, shiny|100/100|[from] Flip Turn
|-damage|p1a: King|88/100|[from] Stealth Rock
|
|upkeep
|turn|2
|
|t:|1779876501
|-end|p2a: Iron Treads|Quark Drive|[silent]
|switch|p2a: Kyurem|Kyurem|100/100
|-ability|p2a: Kyurem|Pressure
|move|p1a: King|Swords Dance|p1a: King
|-boost|p1a: King|atk|2
|
|upkeep
|turn|3
|
|t:|1779876514
|move|p1a: King|Drain Punch|p2a: Kyurem
|-supereffective|p2a: Kyurem
|-damage|p2a: Kyurem|3/100
|-heal|p1a: King|100/100|[from] drain|[of] p2a: Kyurem
|-damage|p1a: King|91/100|[from] item: Life Orb
|move|p2a: Kyurem|Icicle Spear|p1a: King
|-supereffective|p1a: King
|-damage|p1a: King|48/100
|-supereffective|p1a: King
|-damage|p1a: King|5/100
|-supereffective|p1a: King
|-damage|p1a: King|0 fnt
|faint|p1a: King
|-hitcount|p1: King|3
|
|upkeep
|
|t:|1779876527
|switch|p1a: Samurai|Samurott, M, shiny|100/100
|-damage|p1a: Samurai|88/100|[from] Stealth Rock
|turn|4
|
|t:|1779876536
|move|p1a: Samurai|Aqua Jet|p2a: Kyurem
|-resisted|p2a: Kyurem
|-damage|p2a: Kyurem|0 fnt
|faint|p2a: Kyurem
|
|upkeep
|
|t:|1779876558
|switch|p2a: Kommo-o|Kommo-o, M|100/100
|turn|5
|
|t:|1779876564
|move|p2a: Kommo-o|Substitute|p2a: Kommo-o
|-start|p2a: Kommo-o|Substitute
|-damage|p2a: Kommo-o|75/100
|move|p1a: Samurai|Ice Beam|p2a: Kommo-o
|-supereffective|p2a: Kommo-o
|-end|p2a: Kommo-o|Substitute
|
|-heal|p2a: Kommo-o|82/100|[from] item: Leftovers
|upkeep
|turn|6
|
|t:|1779876575
|-terastallize|p2a: Kommo-o|Ghost
|move|p2a: Kommo-o|Substitute|p2a: Kommo-o
|-start|p2a: Kommo-o|Substitute
|-damage|p2a: Kommo-o|57/100
|move|p1a: Samurai|Ice Beam|p2a: Kommo-o
|-activate|p2a: Kommo-o|move: Substitute|[damage]
|
|-heal|p2a: Kommo-o|63/100|[from] item: Leftovers
|upkeep
|turn|7
|
|t:|1779876586
|move|p2a: Kommo-o|Drain Punch|p1a: Samurai
|-damage|p1a: Samurai|58/100
|-heal|p2a: Kommo-o|80/100|[from] drain|[of] p1a: Samurai
|move|p1a: Samurai|Knock Off|p2a: Kommo-o
|-supereffective|p2a: Kommo-o
|-end|p2a: Kommo-o|Substitute
|
|-heal|p2a: Kommo-o|86/100|[from] item: Leftovers
|upkeep
|turn|8
|
|t:|1779876597
|move|p2a: Kommo-o|Substitute|p2a: Kommo-o
|-start|p2a: Kommo-o|Substitute
|-damage|p2a: Kommo-o|61/100
|move|p1a: Samurai|Knock Off|p2a: Kommo-o
|-supereffective|p2a: Kommo-o
|-end|p2a: Kommo-o|Substitute
|
|-heal|p2a: Kommo-o|68/100|[from] item: Leftovers
|upkeep
|turn|9
|
|t:|1779876609
|move|p2a: Kommo-o|Shadow Claw|p1a: Samurai
|-damage|p1a: Samurai|33/100
|move|p1a: Samurai|Knock Off|p2a: Kommo-o
|-supereffective|p2a: Kommo-o
|-damage|p2a: Kommo-o|14/100
|-enditem|p2a: Kommo-o|Leftovers|[from] move: Knock Off|[of] p1a: Samurai
|
|upkeep
|turn|10
|
|t:|1779876617
|move|p1a: Samurai|Aqua Jet|p2a: Kommo-o
|-damage|p2a: Kommo-o|0 fnt
|faint|p2a: Kommo-o
|
|upkeep
|
|t:|1779876626
|switch|p2a: Iron Treads|Iron Treads|56/100
|turn|11
|
|t:|1779876635
|move|p1a: Samurai|Aqua Jet|p2a: Iron Treads
|-supereffective|p2a: Iron Treads
|-damage|p2a: Iron Treads|11/100
|move|p2a: Iron Treads|Earthquake|p1a: Samurai
|-damage|p1a: Samurai|0 fnt
|faint|p1a: Samurai
|
|upkeep
|
|t:|1779876652
|switch|p1a: Phoebe|Espeon, F|100/100
|turn|12
|
|t:|1779876657
|move|p1a: Phoebe|Psychic|p2a: Iron Treads
|-resisted|p2a: Iron Treads
|-damage|p2a: Iron Treads|0 fnt
|faint|p2a: Iron Treads
|-end|p2a: Iron Treads|Quark Drive|[silent]
|
|upkeep
|
|t:|1779876672
|switch|p2a: Iron Valiant|Iron Valiant|100/100
|-enditem|p2a: Iron Valiant|Booster Energy
|-activate|p2a: Iron Valiant|ability: Quark Drive|[fromitem]
|-start|p2a: Iron Valiant|quarkdrivespe
|turn|13
|
|t:|1779876683
|move|p2a: Iron Valiant|Moonblast|p1a: Phoebe
|-damage|p1a: Phoebe|36/100
|move|p1a: Phoebe|Future Sight|p2a: Iron Valiant
|-start|p1a: Phoebe|move: Future Sight
|
|upkeep
|turn|14
|
|t:|1779876692
|move|p2a: Iron Valiant|Moonblast|p1a: Phoebe
|-damage|p1a: Phoebe|0 fnt
|faint|p1a: Phoebe
|
|upkeep
|
|t:|1779876701
|switch|p1a: Salem|Umbreon, M, shiny|100/100
|-damage|p1a: Salem|88/100|[from] Stealth Rock
|turn|15
|
|t:|1779876709
|-terastallize|p1a: Salem|Poison
|move|p2a: Iron Valiant|Calm Mind|p2a: Iron Valiant
|-boost|p2a: Iron Valiant|spa|1
|-boost|p2a: Iron Valiant|spd|1
|move|p1a: Salem|Toxic|p2a: Iron Valiant
|-status|p2a: Iron Valiant|tox
|
|-end|p2a: Iron Valiant|move: Future Sight
|-supereffective|p2a: Iron Valiant
|-damage|p2a: Iron Valiant|0 fnt
|faint|p2a: Iron Valiant
|-end|p2a: Iron Valiant|Quark Drive|[silent]
|-heal|p1a: Salem|94/100|[from] item: Leftovers
|upkeep
|
|t:|1779876727
|switch|p2a: Kingambit|Kingambit, F|100/100
|-activate|p2a: Kingambit|ability: Supreme Overlord
|-start|p2a: Kingambit|fallen4|[silent]
|turn|16
|
|t:|1779876747
|move|p2a: Kingambit|Iron Head|p1a: Salem
|-damage|p1a: Salem|42/100
|move|p1a: Salem|Foul Play|p2a: Kingambit
|-resisted|p2a: Kingambit
|-damage|p2a: Kingambit|77/100
|
|-heal|p2a: Kingambit|83/100|[from] item: Leftovers
|-heal|p1a: Salem|48/100|[from] item: Leftovers
|upkeep
|turn|17
|
|t:|1779876757
|move|p1a: Salem|Protect|p1a: Salem
|-singleturn|p1a: Salem|Protect
|move|p2a: Kingambit|Iron Head|p1a: Salem
|-activate|p1a: Salem|move: Protect
|
|-heal|p2a: Kingambit|89/100|[from] item: Leftovers
|-heal|p1a: Salem|54/100|[from] item: Leftovers
|upkeep
|turn|18
|
|t:|1779876768
|move|p2a: Kingambit|Iron Head|p1a: Salem
|-damage|p1a: Salem|4/100
|move|p1a: Salem|Foul Play|p2a: Kingambit
|-resisted|p2a: Kingambit
|-damage|p2a: Kingambit|63/100
|
|-heal|p2a: Kingambit|69/100|[from] item: Leftovers
|-heal|p1a: Salem|10/100|[from] item: Leftovers
|upkeep
|turn|19
|
|t:|1779876777
|move|p2a: Kingambit|Iron Head|p1a: Salem
|-damage|p1a: Salem|0 fnt
|faint|p1a: Salem
|
|-heal|p2a: Kingambit|75/100|[from] item: Leftovers
|upkeep
|
|t:|1779876782
|switch|p1a: Booberry|Ampharos, F|100/100
|-damage|p1a: Booberry|88/100|[from] Stealth Rock
|turn|20
|
|t:|1779876789
|move|p2a: Kingambit|Sucker Punch||[still]
|-fail|p2a: Kingambit
|move|p1a: Booberry|Cotton Guard|p1a: Booberry
|-boost|p1a: Booberry|def|3
|
|-heal|p2a: Kingambit|81/100|[from] item: Leftovers
|-heal|p1a: Booberry|94/100|[from] item: Leftovers
|upkeep
|turn|21
|
|t:|1779876797
|move|p2a: Kingambit|Swords Dance|p2a: Kingambit
|-boost|p2a: Kingambit|atk|2
|move|p1a: Booberry|Cotton Guard|p1a: Booberry
|-boost|p1a: Booberry|def|3
|
|-heal|p2a: Kingambit|87/100|[from] item: Leftovers
|-heal|p1a: Booberry|100/100|[from] item: Leftovers
|upkeep
|turn|22
|
|t:|1779876805
|move|p2a: Kingambit|Swords Dance|p2a: Kingambit
|-boost|p2a: Kingambit|atk|2
|move|p1a: Booberry|Thunderbolt|p2a: Kingambit
|-damage|p2a: Kingambit|33/100
|
|-heal|p2a: Kingambit|39/100|[from] item: Leftovers
|upkeep
|turn|23
|
|t:|1779876815
|move|p2a: Kingambit|Sucker Punch|p1a: Booberry
|-damage|p1a: Booberry|61/100
|move|p1a: Booberry|Thunderbolt|p2a: Kingambit
|-damage|p2a: Kingambit|0 fnt
|faint|p2a: Kingambit
|-end|p2a: Kingambit|fallen4|[silent]
|
|-heal|p1a: Booberry|68/100|[from] item: Leftovers
|upkeep
|
|t:|1779876823
|switch|p2a: Iron Crown|Iron Crown|100/100
|-enditem|p2a: Iron Crown|Booster Energy
|-activate|p2a: Iron Crown|ability: Quark Drive|[fromitem]
|-start|p2a: Iron Crown|quarkdrivespe
|turn|24
|
|t:|1779876830
|move|p2a: Iron Crown|Calm Mind|p2a: Iron Crown
|-boost|p2a: Iron Crown|spa|1
|-boost|p2a: Iron Crown|spd|1
|move|p1a: Booberry|Thunderbolt|p2a: Iron Crown
|-damage|p2a: Iron Crown|68/100
|
|-heal|p1a: Booberry|74/100|[from] item: Leftovers
|upkeep
|turn|25
|
|t:|1779876843
|move|p2a: Iron Crown|Psychic Noise|p1a: Booberry
|-damage|p1a: Booberry|19/100
|-start|p1a: Booberry|move: Heal Block
|move|p1a: Booberry|Thunderbolt|p2a: Iron Crown
|-damage|p2a: Iron Crown|40/100
|
|upkeep
|turn|26
|
|t:|1779876851
|move|p2a: Iron Crown|Psychic Noise|p1a: Booberry
|-damage|p1a: Booberry|0 fnt
|faint|p1a: Booberry
|
|upkeep
|
|t:|1779876856
|switch|p1a: Boobears|Typhlosion-Hisui, M|100/100
|turn|27
|
|t:|1779876864
|move|p2a: Iron Crown|Psychic Noise|p1a: Boobears
|-damage|p1a: Boobears|29/100
|-start|p1a: Boobears|move: Heal Block
|move|p1a: Boobears|Infernal Parade|p2a: Iron Crown
|-supereffective|p2a: Iron Crown
|-damage|p2a: Iron Crown|1/100
|-status|p2a: Iron Crown|brn
|
|-damage|p2a: Iron Crown|0 fnt|[from] brn
|faint|p2a: Iron Crown
|-end|p2a: Iron Crown|Quark Drive|[silent]
|
|win|Etherious_Ph0enix
|raw|Etherious_Ph0enix's rating: 1088 &rarr; <strong>1116</strong><br />(+28 for winning)
|raw|368ckxdh's rating: 1104 &rarr; <strong>1078</strong><br />(-26 for losing)
|l|☆368ckxdh
|player|p2|
|l|☆Etherious_Ph0enix
|player|p1|
