|j|☆teamskullenoxa
|j|☆EleaRosea
|t:|1779886414
|gametype|singles
|player|p1|teamskullenoxa|101|1611
|player|p2|EleaRosea|harmony|1666
|gen|9
|tier|[Gen 9] OU
|rated|
|rule|HP Percentage Mod: HP is shown in percentages
|rule|Endless Battle Clause: Forcing endless battles is banned
|rule|Species Clause: Limit one of each Pokémon
|rule|OHKO Clause: OHKO moves are banned
|rule|Evasion Items Clause: Evasion items are banned
|rule|Evasion Moves Clause: Evasion moves are banned
|rule|Evasion Abilities Clause: Evasion abilities are banned
|rule|Sleep Moves Clause: Sleep-inducing moves are banned
|clearpoke
|poke|p1|Hatterene, F|
|poke|p1|Iron Treads|
|poke|p1|Toxicroak, F|
|poke|p1|Barraskewda, F|
|poke|p1|Zapdos|
|poke|p1|Pelipper, M|
|poke|p2|Great Tusk|
|poke|p2|Heatran, F|
|poke|p2|Weavile, F|
|poke|p2|Primarina, F|
|poke|p2|Ogerpon, F|
|poke|p2|Pecharunt|
|teampreview
|inactive|Battle timer is ON: inactive players will automatically lose when time's up. (requested by EleaRosea)
|
|t:|1779886422
|teamsize|p1|6
|teamsize|p2|6
|start
|switch|p1a: Pelipper|Pelipper, M|100/100
|switch|p2a: Celestine|Primarina, F, shiny|100/100
|-weather|RainDance|[from] ability: Drizzle|[of] p1a: Pelipper
|turn|1
|
|t:|1779886434
|switch|p1a: Hatterene|Hatterene, F|100/100
|move|p2a: Celestine|Moonblast|p1a: Hatterene
|-damage|p1a: Hatterene|45/100
|-enditem|p1a: Hatterene|Eject Button
|
|t:|1779886439
|switch|p1a: Zapdos|Zapdos|100/100
|
|-weather|RainDance|[upkeep]
|upkeep
|turn|2
|
|t:|1779886448
|-terastallize|p1a: Zapdos|Flying
|move|p1a: Zapdos|Hurricane|p2a: Celestine
|-damage|p2a: Celestine|42/100
|move|p2a: Celestine|Psychic Noise|p1a: Zapdos
|-damage|p1a: Zapdos|28/100
|-start|p1a: Zapdos|move: Heal Block
|
|-weather|RainDance|[upkeep]
|upkeep
|turn|3
|
|t:|1779886458
|move|p1a: Zapdos|Hurricane|p2a: Celestine
|-damage|p2a: Celestine|0 fnt
|faint|p2a: Celestine
|
|-weather|RainDance|[upkeep]
|-end|p1a: Zapdos|move: Heal Block
|upkeep
|
|t:|1779886472
|switch|p2a: Bandit|Weavile, F, shiny|100/100
|-ability|p2a: Bandit|Pressure
|turn|4
|
|t:|1779886476
|switch|p1a: Toxicroak|Toxicroak, F|100/100
|move|p2a: Bandit|Knock Off|p1a: Toxicroak
|-resisted|p1a: Toxicroak
|-crit|p1a: Toxicroak
|-damage|p1a: Toxicroak|54/100
|-damage|p2a: Bandit|84/100|[from] item: Rocky Helmet|[of] p1a: Toxicroak
|-enditem|p1a: Toxicroak|Rocky Helmet|[from] move: Knock Off|[of] p2a: Bandit
|
|-weather|RainDance|[upkeep]
|-heal|p1a: Toxicroak|67/100|[from] ability: Dry Skin
|upkeep
|turn|5
|
|t:|1779886483
|switch|p2a: Overseer|Pecharunt|100/100
|move|p1a: Toxicroak|Knock Off|p2a: Overseer
|-supereffective|p2a: Overseer
|-damage|p2a: Overseer|78/100
|-damage|p1a: Toxicroak|50/100|[from] item: Rocky Helmet|[of] p2a: Overseer
|-enditem|p2a: Overseer|Rocky Helmet|[from] move: Knock Off|[of] p1a: Toxicroak
|
|-weather|RainDance|[upkeep]
|-heal|p1a: Toxicroak|63/100|[from] ability: Dry Skin
|upkeep
|turn|6
|
|t:|1779886492
|switch|p1a: Iron Treads|Iron Treads|100/100
|move|p2a: Overseer|Parting Shot|p1a: Iron Treads
|-unboost|p1a: Iron Treads|atk|1
|-unboost|p1a: Iron Treads|spa|1
|
|t:|1779886509
|switch|p2a: Bandit|Weavile, F, shiny|84/100|[from] Parting Shot
|-ability|p2a: Bandit|Pressure
|
|-weather|RainDance|[upkeep]
|upkeep
|turn|7
|
|t:|1779886518
|-end|p1a: Iron Treads|Quark Drive|[silent]
|switch|p1a: Toxicroak|Toxicroak, F|63/100
|move|p2a: Bandit|Triple Axel|p1a: Toxicroak
|-damage|p1a: Toxicroak|50/100
|-damage|p1a: Toxicroak|25/100
|-damage|p1a: Toxicroak|0 fnt
|faint|p1a: Toxicroak
|-hitcount|p1: Toxicroak|3
|
|-weather|RainDance|[upkeep]
|upkeep
|
|t:|1779886521
|switch|p1a: Barraskewda|Barraskewda, F|100/100
|turn|8
|
|t:|1779886537
|switch|p2a: Chaos|Heatran, F, shiny|100/100
|-item|p2a: Chaos|Air Balloon
|move|p1a: Barraskewda|Liquidation|p2a: Chaos
|-supereffective|p2a: Chaos
|-damage|p2a: Chaos|0 fnt
|-enditem|p2a: Chaos|Air Balloon
|faint|p2a: Chaos
|
|-weather|none
|upkeep
|
|t:|1779886541
|switch|p2a: Anonymous|Ogerpon, F|100/100
|turn|9
|inactive|teamskullenoxa has 120 seconds left.
|
|t:|1779886574
|switch|p1a: Pelipper|Pelipper, M|100/100
|-weather|RainDance|[from] ability: Drizzle|[of] p1a: Pelipper
|move|p2a: Anonymous|Ivy Cudgel|p1a: Pelipper
|-damage|p1a: Pelipper|29/100
|
|-weather|RainDance|[upkeep]
|upkeep
|turn|10
|
|t:|1779886583
|switch|p1a: Hatterene|Hatterene, F|45/100
|move|p2a: Anonymous|Ivy Cudgel|p1a: Hatterene
|-damage|p1a: Hatterene|0 fnt
|faint|p1a: Hatterene
|
|-weather|RainDance|[upkeep]
|upkeep
|
|t:|1779886588
|switch|p1a: Barraskewda|Barraskewda, F|100/100
|turn|11
|inactive|teamskullenoxa has 120 seconds left.
|inactive|EleaRosea has 120 seconds left.
|
|t:|1779886626
|move|p1a: Barraskewda|Flip Turn|p2a: Anonymous
|-resisted|p2a: Anonymous
|-damage|p2a: Anonymous|48/100
|
|t:|1779886629
|switch|p1a: Pelipper|Pelipper, M|29/100|[from] Flip Turn
|move|p2a: Anonymous|Ivy Cudgel|p1a: Pelipper
|-damage|p1a: Pelipper|0 fnt
|faint|p1a: Pelipper
|
|-weather|RainDance|[upkeep]
|upkeep
|
|t:|1779886632
|switch|p1a: Barraskewda|Barraskewda, F|100/100
|turn|12
|
|t:|1779886642
|switch|p2a: Behemoth|Great Tusk, shiny|100/100
|move|p1a: Barraskewda|Liquidation|p2a: Behemoth
|-supereffective|p2a: Behemoth
|-damage|p2a: Behemoth|0 fnt
|faint|p2a: Behemoth
|-end|p2a: Behemoth|Protosynthesis|[silent]
|
|-weather|RainDance|[upkeep]
|upkeep
|
|t:|1779886644
|switch|p2a: Overseer|Pecharunt|78/100
|turn|13
|
|t:|1779886649
|move|p1a: Barraskewda|Liquidation|p2a: Overseer
|-damage|p2a: Overseer|27/100
|move|p2a: Overseer|Recover|p2a: Overseer
|-heal|p2a: Overseer|77/100
|
|-weather|RainDance|[upkeep]
|upkeep
|turn|14
|
|t:|1779886653
|move|p1a: Barraskewda|Liquidation|p2a: Overseer
|-damage|p2a: Overseer|27/100
|move|p2a: Overseer|Recover|p2a: Overseer
|-heal|p2a: Overseer|77/100
|
|-weather|RainDance|[upkeep]
|upkeep
|turn|15
|
|t:|1779886656
|move|p1a: Barraskewda|Liquidation|p2a: Overseer
|-damage|p2a: Overseer|31/100
|move|p2a: Overseer|Recover|p2a: Overseer
|-heal|p2a: Overseer|81/100
|
|-weather|RainDance|[upkeep]
|upkeep
|turn|16
|
|t:|1779886664
|switch|p1a: Zapdos|Zapdos, tera:Flying|28/100
|move|p2a: Overseer|Recover|p2a: Overseer
|-heal|p2a: Overseer|100/100
|
|-weather|none
|upkeep
|turn|17
|
|t:|1779886667
|move|p1a: Zapdos|Hurricane|p2a: Overseer
|-damage|p2a: Overseer|0 fnt
|faint|p2a: Overseer
|
|upkeep
|
|t:|1779886684
|switch|p2a: Anonymous|Ogerpon, F|48/100
|turn|18
|
|t:|1779886707
|-terastallize|p2a: Anonymous|Grass
|detailschange|p2a: Anonymous|Ogerpon-Teal-Tera, F, tera:Grass
|-ability|p2a: Anonymous|Embody Aspect (Teal)|boost
|-boost|p2a: Anonymous|spe|1
|move|p2a: Anonymous|Ivy Cudgel|p1a: Zapdos
|-resisted|p1a: Zapdos
|-damage|p1a: Zapdos|0 fnt
|faint|p1a: Zapdos
|
|upkeep
|
|t:|1779886714
|switch|p1a: Iron Treads|Iron Treads|100/100
|turn|19
|
|t:|1779886724
|switch|p2a: Bandit|Weavile, F, shiny|84/100
|-ability|p2a: Bandit|Pressure
|move|p1a: Iron Treads|Rapid Spin|p2a: Bandit
|-damage|p2a: Bandit|64/100
|-boost|p1a: Iron Treads|spe|1
|
|upkeep
|turn|20
|inactive|teamskullenoxa has 120 seconds left.
|
|t:|1779886748
|move|p2a: Bandit|Ice Shard|p1a: Iron Treads
|-damage|p1a: Iron Treads|79/100
|move|p1a: Iron Treads|Earthquake|p2a: Bandit
|-damage|p2a: Bandit|2/100
|
|-heal|p1a: Iron Treads|85/100|[from] item: Leftovers
|upkeep
|turn|21
|
|t:|1779886754
|move|p2a: Bandit|Ice Shard|p1a: Iron Treads
|-damage|p1a: Iron Treads|63/100
|move|p1a: Iron Treads|Rapid Spin|p2a: Bandit
|-damage|p2a: Bandit|0 fnt
|-boost|p1a: Iron Treads|spe|1
|faint|p2a: Bandit
|
|-heal|p1a: Iron Treads|69/100|[from] item: Leftovers
|upkeep
|
|t:|1779886757
|switch|p2a: Anonymous|Ogerpon-Teal-Tera, F, tera:Grass|48/100
|-ability|p2a: Anonymous|Embody Aspect (Teal)|boost
|-boost|p2a: Anonymous|spe|1
|turn|22
|
|t:|1779886774
|move|p2a: Anonymous|Ivy Cudgel|p1a: Iron Treads
|-damage|p1a: Iron Treads|0 fnt
|faint|p1a: Iron Treads
|-end|p1a: Iron Treads|Quark Drive|[silent]
|
|upkeep
|
|t:|1779886779
|switch|p1a: Barraskewda|Barraskewda, F|100/100
|turn|23
|
|t:|1779886782
|move|p1a: Barraskewda|Aqua Jet|p2a: Anonymous
|-resisted|p2a: Anonymous
|-damage|p2a: Anonymous|26/100
|move|p2a: Anonymous|Ivy Cudgel|p1a: Barraskewda
|-supereffective|p1a: Barraskewda
|-damage|p1a: Barraskewda|0 fnt
|faint|p1a: Barraskewda
|
|win|EleaRosea
|raw|teamskullenoxa's rating: 1611 &rarr; <strong>1594</strong><br />(-17 for losing)
|raw|EleaRosea's rating: 1666 &rarr; <strong>1683</strong><br />(+17 for winning)
|c|☆EleaRosea|its joever
|l|☆teamskullenoxa
|player|p1|
|l|☆EleaRosea
|player|p2|
