|j|☆nimmims
|j|☆A16552
|t:|1779870208
|gametype|singles
|player|p1|nimmims|preschoolerf|1074
|player|p2|A16552|266|1060
|gen|9
|tier|[Gen 9] OU
|rated|
|rule|HP Percentage Mod: HP is shown in percentages
|rule|Endless Battle Clause: Forcing endless battles is banned
|rule|Species Clause: Limit one of each Pokémon
|rule|OHKO Clause: OHKO moves are banned
|rule|Evasion Items Clause: Evasion items are banned
|rule|Evasion Moves Clause: Evasion moves are banned
|rule|Evasion Abilities Clause: Evasion abilities are banned
|rule|Sleep Moves Clause: Sleep-inducing moves are banned
|clearpoke
|poke|p1|Blaziken, M|
|poke|p1|Garchomp, F|
|poke|p1|Regieleki|
|poke|p1|Darkrai|
|poke|p1|Cinderace, M|
|poke|p1|Garganacl, F|
|poke|p2|Tauros-Paldea-Combat, M|
|poke|p2|Delphox, F|
|poke|p2|Meowscarada, F|
|poke|p2|Gengar, M|
|poke|p2|Quaquaval, M|
|poke|p2|Dragapult, M|
|teampreview
|inactive|Battle timer is ON: inactive players will automatically lose when time's up. (requested by A16552)
|
|t:|1779870219
|teamsize|p1|6
|teamsize|p2|6
|start
|switch|p1a: Nih|Blaziken, M, shiny|100/100
|switch|p2a: Quaquaval|Quaquaval, M|100/100
|turn|1
|-activate|p2a: Quaquaval|item: Quick Claw
|
|t:|1779870229
|-terastallize|p1a: Nih|Ghost
|move|p2a: Quaquaval|Aqua Step|p1a: Nih
|-damage|p1a: Nih|45/100
|-boost|p2a: Quaquaval|spe|1
|move|p1a: Nih|Bulk Up|p1a: Nih
|-boost|p1a: Nih|atk|1
|-boost|p1a: Nih|def|1
|
|-ability|p1a: Nih|Speed Boost|boost
|-boost|p1a: Nih|spe|1
|-status|p1a: Nih|brn|[from] item: Flame Orb
|upkeep
|turn|2
|
|t:|1779870243
|move|p2a: Quaquaval|Aqua Step|p1a: Nih
|-damage|p1a: Nih|1/100 brn
|-boost|p2a: Quaquaval|spe|1
|move|p1a: Nih|Facade|p2a: Quaquaval
|-damage|p2a: Quaquaval|0 fnt
|faint|p2a: Quaquaval
|
|-damage|p1a: Nih|0 fnt|[from] brn
|faint|p1a: Nih
|upkeep
|
|t:|1779870254
|switch|p2a: Dragapult|Dragapult, M|100/100
|switch|p1a: Garganacl|Garganacl, F|100/100
|turn|3
|
|t:|1779870271
|move|p2a: Dragapult|Will-O-Wisp|p1a: Garganacl
|-immune|p1a: Garganacl|[from] ability: Purifying Salt
|move|p1a: Garganacl|Salt Cure|p2a: Dragapult
|-damage|p2a: Dragapult|78/100
|-start|p2a: Dragapult|Salt Cure
|-enditem|p2a: Dragapult|Eject Button
|
|t:|1779870280
|switch|p2a: Tauros|Tauros-Paldea-Combat, M|100/100
|-ability|p2a: Tauros|Intimidate|boost
|-unboost|p1a: Garganacl|atk|1
|
|upkeep
|turn|4
|
|t:|1779870288
|move|p2a: Tauros|Close Combat|p1a: Garganacl
|-supereffective|p1a: Garganacl
|-damage|p1a: Garganacl|7/100
|-unboost|p2a: Tauros|def|1
|-unboost|p2a: Tauros|spd|1
|-damage|p2a: Tauros|91/100|[from] item: Life Orb
|move|p1a: Garganacl|Salt Cure|p2a: Tauros
|-resisted|p2a: Tauros
|-damage|p2a: Tauros|83/100
|-start|p2a: Tauros|Salt Cure
|
|-heal|p1a: Garganacl|13/100|[from] item: Leftovers
|-damage|p2a: Tauros|71/100|[from] Salt Cure
|upkeep
|turn|5
|
|t:|1779870294
|move|p1a: Garganacl|Protect|p1a: Garganacl
|-singleturn|p1a: Garganacl|Protect
|move|p2a: Tauros|Earthquake|p1a: Garganacl
|-activate|p1a: Garganacl|move: Protect
|
|-heal|p1a: Garganacl|20/100|[from] item: Leftovers
|-damage|p2a: Tauros|58/100|[from] Salt Cure
|upkeep
|turn|6
|
|t:|1779870297
|move|p2a: Tauros|Earthquake|p1a: Garganacl
|-supereffective|p1a: Garganacl
|-damage|p1a: Garganacl|0 fnt
|faint|p1a: Garganacl
|-damage|p2a: Tauros|48/100|[from] item: Life Orb
|
|-damage|p2a: Tauros|36/100|[from] Salt Cure
|upkeep
|
|t:|1779870309
|switch|p1a: Darkrai|Darkrai|100/100
|turn|7
|
|t:|1779870314
|move|p2a: Tauros|Close Combat|p1a: Darkrai
|-supereffective|p1a: Darkrai
|-damage|p1a: Darkrai|0 fnt
|-unboost|p2a: Tauros|def|1
|-unboost|p2a: Tauros|spd|1
|-damage|p2a: Tauros|19/100|[from] item: Rocky Helmet|[of] p1a: Darkrai
|faint|p1a: Darkrai
|-damage|p2a: Tauros|9/100|[from] item: Life Orb
|
|-damage|p2a: Tauros|0 fnt|[from] Salt Cure
|faint|p2a: Tauros
|upkeep
|
|t:|1779870324
|switch|p2a: Dragapult|Dragapult, M|78/100
|switch|p1a: Cinderace|Cinderace, M|100/100
|turn|8
|
|t:|1779870331
|move|p2a: Dragapult|Dragon Darts|p1a: Cinderace
|-damage|p1a: Cinderace|70/100
|-anim|p2a: Dragapult|Dragon Darts|p1a: Cinderace
|-damage|p1a: Cinderace|37/100
|move|p1a: Cinderace|Bulk Up|p1a: Cinderace
|-start|p1a: Cinderace|typechange|Fighting|[from] ability: Libero
|-boost|p1a: Cinderace|atk|1
|-boost|p1a: Cinderace|def|1
|
|-heal|p1a: Cinderace|43/100|[from] item: Leftovers
|upkeep
|turn|9
|
|t:|1779870337
|move|p1a: Cinderace|Sucker Punch|p2a: Dragapult
|-supereffective|p2a: Dragapult
|-damage|p2a: Dragapult|0 fnt
|faint|p2a: Dragapult
|
|-heal|p1a: Cinderace|49/100|[from] item: Leftovers
|upkeep
|
|t:|1779870350
|switch|p2a: Gengar|Gengar, M|100/100
|turn|10
|
|t:|1779870356
|move|p1a: Cinderace|Sucker Punch|p2a: Gengar
|-supereffective|p2a: Gengar
|-damage|p2a: Gengar|0 fnt
|faint|p2a: Gengar
|
|-heal|p1a: Cinderace|55/100|[from] item: Leftovers
|upkeep
|
|t:|1779870364
|switch|p2a: Delphox|Delphox, F|100/100
|turn|11
|
|t:|1779870367
|move|p1a: Cinderace|Sucker Punch|p2a: Delphox
|-supereffective|p2a: Delphox
|-damage|p2a: Delphox|5/100
|move|p2a: Delphox|Psychic|p1a: Cinderace
|-supereffective|p1a: Cinderace
|-damage|p1a: Cinderace|0 fnt
|faint|p1a: Cinderace
|
|upkeep
|
|t:|1779870392
|switch|p1a: Regieleki|Regieleki|100/100
|turn|12
|
|t:|1779870402
|move|p1a: Regieleki|Rapid Spin|p2a: Delphox
|-damage|p2a: Delphox|0 fnt
|-boost|p1a: Regieleki|spe|1
|faint|p2a: Delphox
|
|upkeep
|
|t:|1779870404
|switch|p2a: Meowscarada|Meowscarada, F|100/100
|turn|13
|
|t:|1779870416
|move|p1a: Regieleki|Explosion|p2a: Meowscarada
|-damage|p2a: Meowscarada|11/100
|faint|p1a: Regieleki
|move|p2a: Meowscarada|Triple Axel|p1: Regieleki|[notarget]
|-fail|p2a: Meowscarada
|
|upkeep
|
|t:|1779870418
|switch|p1a: Dih|Garchomp, F|100/100
|turn|14
|
|t:|1779870425
|move|p2a: Meowscarada|Triple Axel|p1a: Dih|[miss]
|-miss|p2a: Meowscarada|p1a: Dih
|move|p1a: Dih|Dragon Claw|p2a: Meowscarada
|-damage|p2a: Meowscarada|0 fnt
|faint|p2a: Meowscarada
|
|win|nimmims
|raw|nimmims's rating: 1074 &rarr; <strong>1102</strong><br />(+28 for winning)
|raw|A16552's rating: 1060 &rarr; <strong>1042</strong><br />(-18 for losing)
|l|☆A16552
|player|p2|
