|j|☆chknparmy
|j|☆24iomxx
|t:|1779864835
|gametype|singles
|player|p1|chknparmy|swimmerf-gen4|1086
|player|p2|24iomxx|hilbert-masters|1079
|gen|9
|tier|[Gen 9] OU
|rated|
|rule|HP Percentage Mod: HP is shown in percentages
|rule|Endless Battle Clause: Forcing endless battles is banned
|rule|Species Clause: Limit one of each Pokémon
|rule|OHKO Clause: OHKO moves are banned
|rule|Evasion Items Clause: Evasion items are banned
|rule|Evasion Moves Clause: Evasion moves are banned
|rule|Evasion Abilities Clause: Evasion abilities are banned
|rule|Sleep Moves Clause: Sleep-inducing moves are banned
|clearpoke
|poke|p1|Reuniclus, F|
|poke|p1|Pelipper, F|
|poke|p1|Zapdos|
|poke|p1|Barraskewda, M|
|poke|p1|Tsareena, F|
|poke|p1|Gholdengo|
|poke|p2|Hydreigon, M|
|poke|p2|Excadrill, F|
|poke|p2|Galvantula, F|
|poke|p2|Chandelure, F|
|poke|p2|Amoonguss, M|
|poke|p2|Braviary, M|
|teampreview
|inactive|Battle timer is ON: inactive players will automatically lose when time's up. (requested by 24iomxx)
|
|t:|1779864839
|teamsize|p1|6
|teamsize|p2|6
|start
|switch|p1a: Pelipper|Pelipper, F|100/100
|switch|p2a: Galvantula|Galvantula, F|100/100
|-weather|RainDance|[from] ability: Drizzle|[of] p1a: Pelipper
|turn|1
|
|t:|1779864853
|move|p2a: Galvantula|Thunder|p1a: Pelipper
|-supereffective|p1a: Pelipper
|-damage|p1a: Pelipper|0 fnt
|faint|p1a: Pelipper
|
|-weather|RainDance|[upkeep]
|upkeep
|
|t:|1779864864
|switch|p1a: Barraskewda|Barraskewda, M|100/100
|turn|2
|
|t:|1779864878
|switch|p1a: Zapdos|Zapdos|100/100
|move|p2a: Galvantula|Thunder|p1a: Zapdos
|-damage|p1a: Zapdos|55/100
|
|-weather|RainDance|[upkeep]
|upkeep
|turn|3
|
|t:|1779864888
|move|p2a: Galvantula|Thunder|p1a: Zapdos
|-damage|p1a: Zapdos|10/100
|move|p1a: Zapdos|Hurricane|p2a: Galvantula
|-damage|p2a: Galvantula|24/100
|
|-weather|RainDance|[upkeep]
|upkeep
|turn|4
|
|t:|1779864902
|move|p2a: Galvantula|Thunder|p1a: Zapdos
|-damage|p1a: Zapdos|0 fnt
|faint|p1a: Zapdos
|
|-weather|RainDance|[upkeep]
|upkeep
|
|t:|1779864917
|switch|p1a: Gholdengo|Gholdengo|100/100
|turn|5
|
|t:|1779864925
|move|p1a: Gholdengo|Trick|p2a: Galvantula
|-activate|p1a: Gholdengo|move: Trick|[of] p2a: Galvantula
|-item|p2a: Galvantula|Choice Scarf|[from] move: Trick
|-item|p1a: Gholdengo|Focus Sash|[from] move: Trick
|move|p2a: Galvantula|Thunder Wave|p1a: Gholdengo
|-immune|p1a: Gholdengo|[from] ability: Good as Gold
|
|-weather|RainDance|[upkeep]
|upkeep
|turn|6
|
|t:|1779864942
|switch|p2a: Excadrill|Excadrill, F|100/100
|-ability|p2a: Excadrill|Mold Breaker
|-item|p2a: Excadrill|Air Balloon
|move|p1a: Gholdengo|Shadow Ball|p2a: Excadrill
|-damage|p2a: Excadrill|43/100
|-enditem|p2a: Excadrill|Air Balloon
|
|-weather|RainDance|[upkeep]
|upkeep
|turn|7
|inactive|chknparmy has 120 seconds left.
|
|t:|1779864958
|move|p2a: Excadrill|Earthquake|p1a: Gholdengo
|-supereffective|p1a: Gholdengo
|-enditem|p1a: Gholdengo|Focus Sash
|-damage|p1a: Gholdengo|1/100
|move|p1a: Gholdengo|Focus Blast|p2a: Excadrill
|-supereffective|p2a: Excadrill
|-damage|p2a: Excadrill|0 fnt
|faint|p2a: Excadrill
|
|-weather|RainDance|[upkeep]
|upkeep
|
|t:|1779864962
|switch|p2a: Chandelure|Chandelure, F|100/100
|turn|8
|
|t:|1779864972
|move|p2a: Chandelure|Shadow Ball|p1a: Gholdengo
|-supereffective|p1a: Gholdengo
|-damage|p1a: Gholdengo|0 fnt
|faint|p1a: Gholdengo
|
|-weather|none
|upkeep
|
|t:|1779864982
|switch|p1a: Reuniclus|Reuniclus, F|100/100
|turn|9
|
|t:|1779864989
|move|p2a: Chandelure|Shadow Ball|p1a: Reuniclus
|-supereffective|p1a: Reuniclus
|-damage|p1a: Reuniclus|12/100
|move|p1a: Reuniclus|Calm Mind|p1a: Reuniclus
|-boost|p1a: Reuniclus|spa|1
|-boost|p1a: Reuniclus|spd|1
|
|-heal|p1a: Reuniclus|18/100|[from] item: Leftovers
|upkeep
|turn|10
|
|t:|1779865000
|move|p2a: Chandelure|Shadow Ball|p1a: Reuniclus
|-supereffective|p1a: Reuniclus
|-damage|p1a: Reuniclus|0 fnt
|faint|p1a: Reuniclus
|
|upkeep
|
|t:|1779865007
|switch|p1a: Barraskewda|Barraskewda, M|100/100
|turn|11
|
|t:|1779865016
|switch|p2a: Amoonguss|Amoonguss, M|100/100
|move|p1a: Barraskewda|Liquidation|p2a: Amoonguss
|-resisted|p2a: Amoonguss
|-damage|p2a: Amoonguss|79/100
|
|-heal|p2a: Amoonguss|85/100|[from] item: Leftovers
|upkeep
|turn|12
|
|t:|1779865026
|move|p1a: Barraskewda|Liquidation|p2a: Amoonguss
|-resisted|p2a: Amoonguss
|-damage|p2a: Amoonguss|61/100
|move|p2a: Amoonguss|Giga Drain|p1a: Barraskewda
|-supereffective|p1a: Barraskewda
|-damage|p1a: Barraskewda|7/100
|-heal|p2a: Amoonguss|90/100|[from] drain|[of] p1a: Barraskewda
|
|-heal|p2a: Amoonguss|96/100|[from] item: Leftovers
|upkeep
|turn|13
|
|t:|1779865036
|move|p1a: Barraskewda|Liquidation|p2a: Amoonguss
|-resisted|p2a: Amoonguss
|-damage|p2a: Amoonguss|74/100
|move|p2a: Amoonguss|Giga Drain|p1a: Barraskewda
|-supereffective|p1a: Barraskewda
|-crit|p1a: Barraskewda
|-damage|p1a: Barraskewda|0 fnt
|-heal|p2a: Amoonguss|76/100|[from] drain|[of] p1a: Barraskewda
|faint|p1a: Barraskewda
|
|-heal|p2a: Amoonguss|82/100|[from] item: Leftovers
|upkeep
|inactive|chknparmy has 120 seconds left.
|
|t:|1779865065
|switch|p1a: Tsareena|Tsareena, F|100/100
|turn|14
|inactive|chknparmy has 120 seconds left.
|
|t:|1779865078
|move|p1a: Tsareena|Knock Off|p2a: Amoonguss
|-damage|p2a: Amoonguss|55/100
|-enditem|p2a: Amoonguss|Leftovers|[from] move: Knock Off|[of] p1a: Tsareena
|move|p2a: Amoonguss|Sludge Bomb|p1a: Tsareena
|-supereffective|p1a: Tsareena
|-damage|p1a: Tsareena|45/100
|
|upkeep
|turn|15
|l|☆chknparmy
|inactive|chknparmy disconnected and has a minute to reconnect!
|player|p1|
|inactive|chknparmy has 30 seconds to reconnect!
|inactive|chknparmy has 20 seconds to reconnect!
|inactive|chknparmy has 15 seconds to reconnect!
|inactive|chknparmy has 10 seconds to reconnect!
|inactive|chknparmy has 5 seconds to reconnect!
|-message|chknparmy lost due to inactivity.
|
|win|24iomxx
|raw|chknparmy's rating: 1086 &rarr; <strong>1063</strong><br />(-23 for losing)
|raw|24iomxx's rating: 1079 &rarr; <strong>1108</strong><br />(+29 for winning)
|l|☆24iomxx
|player|p2|
