|j|☆Motussman
|j|☆RealProblemSleuth
|t:|1779961446
|gametype|singles
|player|p1|Motussman|266|1218
|player|p2|RealProblemSleuth|boarder|1209
|gen|9
|tier|[Gen 9] OU
|rated|
|rule|HP Percentage Mod: HP is shown in percentages
|rule|Endless Battle Clause: Forcing endless battles is banned
|rule|Species Clause: Limit one of each Pokémon
|rule|OHKO Clause: OHKO moves are banned
|rule|Evasion Items Clause: Evasion items are banned
|rule|Evasion Moves Clause: Evasion moves are banned
|rule|Evasion Abilities Clause: Evasion abilities are banned
|rule|Sleep Moves Clause: Sleep-inducing moves are banned
|clearpoke
|poke|p1|Dragapult, M|
|poke|p1|Primarina, M|
|poke|p1|Ogerpon-Wellspring, F|
|poke|p1|Slowking-Galar, F|
|poke|p1|Terrakion|
|poke|p1|Kingambit, M|
|poke|p2|Darkrai|
|poke|p2|Heatran, M|
|poke|p2|Clefable, M|
|poke|p2|Samurott-Hisui, M|
|poke|p2|Rillaboom, M|
|poke|p2|Weezing-Galar, M|
|teampreview
|inactive|Battle timer is ON: inactive players will automatically lose when time's up. (requested by Motussman)
|
|t:|1779961451
|teamsize|p1|6
|teamsize|p2|6
|start
|switch|p1a: Terrakion|Terrakion|100/100
|switch|p2a: John Support|Clefable, M, shiny|100/100
|turn|1
|
|t:|1779961459
|move|p1a: Terrakion|Taunt|p2a: John Support
|-start|p2a: John Support|move: Taunt
|cant|p2a: John Support|move: Taunt|Encore
|
|upkeep
|turn|2
|
|t:|1779961463
|move|p1a: Terrakion|Stealth Rock|p2a: John Support
|-sidestart|p2: RealProblemSleuth|move: Stealth Rock
|move|p2a: John Support|Knock Off|p1a: Terrakion
|-resisted|p1a: Terrakion
|-damage|p1a: Terrakion|91/100
|-ability|p1a: Terrakion|Justified|boost
|-boost|p1a: Terrakion|atk|1
|-enditem|p1a: Terrakion|Focus Sash|[from] move: Knock Off|[of] p2a: John Support
|
|upkeep
|turn|3
|
|t:|1779961479
|switch|p2a: John Manslaughter|Rillaboom, M, shiny|100/100
|-damage|p2a: John Manslaughter|88/100|[from] Stealth Rock
|-fieldstart|move: Grassy Terrain|[from] ability: Grassy Surge|[of] p2a: John Manslaughter
|move|p1a: Terrakion|Rock Blast|p2a: John Manslaughter
|-damage|p2a: John Manslaughter|66/100
|-damage|p2a: John Manslaughter|44/100
|-damage|p2a: John Manslaughter|23/100
|-damage|p2a: John Manslaughter|2/100
|-hitcount|p2a: John Manslaughter|4
|
|-heal|p1a: Terrakion|97/100|[from] Grassy Terrain
|-heal|p2a: John Manslaughter|8/100|[from] Grassy Terrain
|upkeep
|turn|4
|
|t:|1779961491
|switch|p1a: Slowking|Slowking-Galar, F|100/100
|move|p2a: John Manslaughter|Grassy Glide|p1a: Slowking
|-resisted|p1a: Slowking
|-crit|p1a: Slowking
|-damage|p1a: Slowking|65/100
|
|-heal|p2a: John Manslaughter|14/100|[from] Grassy Terrain
|-heal|p1a: Slowking|71/100|[from] Grassy Terrain
|-heal|p1a: Slowking|77/100|[from] item: Black Sludge
|upkeep
|turn|5
|
|t:|1779961496
|move|p2a: John Manslaughter|U-turn|p1a: Slowking
|-damage|p1a: Slowking|52/100
|
|t:|1779961499
|switch|p2a: John Removal|Weezing-Galar, M|100/100|[from] U-turn
|-ability|p2a: John Removal|Neutralizing Gas
|-damage|p2a: John Removal|88/100|[from] Stealth Rock
|-item|p2a: John Removal|Air Balloon
|move|p1a: Slowking|Sludge Bomb|p2a: John Removal
|-damage|p2a: John Removal|44/100
|-enditem|p2a: John Removal|Air Balloon
|
|-heal|p2a: John Removal|50/100|[from] Grassy Terrain
|-heal|p1a: Slowking|58/100|[from] Grassy Terrain
|-heal|p1a: Slowking|64/100|[from] item: Black Sludge
|upkeep
|turn|6
|
|t:|1779961506
|move|p2a: John Removal|Destiny Bond|p2a: John Removal
|-singlemove|p2a: John Removal|Destiny Bond
|move|p1a: Slowking|Sludge Bomb|p2a: John Removal
|-damage|p2a: John Removal|1/100
|
|-heal|p2a: John Removal|7/100|[from] Grassy Terrain
|-heal|p1a: Slowking|70/100|[from] Grassy Terrain
|-heal|p1a: Slowking|77/100|[from] item: Black Sludge
|upkeep
|turn|7
|
|t:|1779961517
|move|p2a: John Removal|Destiny Bond||[still]
|-fail|p2a: John Removal
|move|p1a: Slowking|Sludge Bomb|p2a: John Removal
|-damage|p2a: John Removal|0 fnt
|faint|p2a: John Removal
|-end|p2a: John Removal|ability: Neutralizing Gas
|
|-heal|p1a: Slowking|83/100|[from] Grassy Terrain
|-heal|p1a: Slowking|89/100|[from] item: Black Sludge
|-fieldend|move: Grassy Terrain
|upkeep
|c|☆RealProblemSleuth|wist i should have waited
|c|☆RealProblemSleuth|fuck
|
|t:|1779961530
|switch|p2a: John Coverage|Darkrai|100/100
|-damage|p2a: John Coverage|88/100|[from] Stealth Rock
|turn|8
|
|t:|1779961541
|switch|p1a: Primarina|Primarina, M|100/100
|-terastallize|p2a: John Coverage|Stellar
|move|p2a: John Coverage|Dark Pulse|p1a: Primarina
|-resisted|p1a: Primarina
|-damage|p1a: Primarina|72/100
|
|-heal|p1a: Primarina|79/100|[from] item: Leftovers
|upkeep
|turn|9
|
|t:|1779961547
|move|p2a: John Coverage|Sludge Bomb|p1a: Primarina
|-supereffective|p1a: Primarina
|-damage|p1a: Primarina|0 fnt
|faint|p1a: Primarina
|
|upkeep
|
|t:|1779961558
|switch|p1a: Terrakion|Terrakion|97/100
|turn|10
|
|t:|1779961564
|move|p2a: John Coverage|Focus Blast|p1a: Terrakion
|-supereffective|p1a: Terrakion
|-damage|p1a: Terrakion|0 fnt
|faint|p1a: Terrakion
|
|upkeep
|
|t:|1779961575
|switch|p1a: Ogerpon|Ogerpon-Wellspring, F|100/100
|turn|11
|
|t:|1779961581
|-terastallize|p1a: Ogerpon|Water
|detailschange|p1a: Ogerpon|Ogerpon-Wellspring-Tera, F, tera:Water
|-ability|p1a: Ogerpon|Embody Aspect (Wellspring)|boost
|-boost|p1a: Ogerpon|spd|1
|move|p2a: John Coverage|Sludge Bomb|p1a: Ogerpon
|-damage|p1a: Ogerpon|73/100
|move|p1a: Ogerpon|Ivy Cudgel|p2a: John Coverage|[anim] Ivy Cudgel Water
|-damage|p2a: John Coverage|0 fnt
|faint|p2a: John Coverage
|
|upkeep
|
|t:|1779961590
|switch|p2a: John Manslaughter|Rillaboom, M, shiny|14/100
|-damage|p2a: John Manslaughter|2/100|[from] Stealth Rock
|-fieldstart|move: Grassy Terrain|[from] ability: Grassy Surge|[of] p2a: John Manslaughter
|turn|12
|
|t:|1779961596
|switch|p1a: Slowking|Slowking-Galar, F|100/100
|move|p2a: John Manslaughter|Grassy Glide|p1a: Slowking
|-resisted|p1a: Slowking
|-damage|p1a: Slowking|76/100
|
|-heal|p2a: John Manslaughter|8/100|[from] Grassy Terrain
|-heal|p1a: Slowking|82/100|[from] Grassy Terrain
|-heal|p1a: Slowking|88/100|[from] item: Black Sludge
|upkeep
|turn|13
|
|t:|1779961602
|move|p2a: John Manslaughter|U-turn|p1a: Slowking
|-damage|p1a: Slowking|61/100
|
|t:|1779961613
|switch|p2a: John Wallbreaker|Heatran, M|100/100|[from] U-turn
|-damage|p2a: John Wallbreaker|88/100|[from] Stealth Rock
|move|p1a: Slowking|Trick|p2a: John Wallbreaker
|-activate|p1a: Slowking|move: Trick|[of] p2a: John Wallbreaker
|-item|p2a: John Wallbreaker|Black Sludge|[from] move: Trick
|-item|p1a: Slowking|Assault Vest|[from] move: Trick
|
|-heal|p2a: John Wallbreaker|94/100|[from] Grassy Terrain
|-damage|p2a: John Wallbreaker|82/100|[from] item: Black Sludge
|-heal|p1a: Slowking|67/100|[from] Grassy Terrain
|upkeep
|turn|14
|
|t:|1779961620
|move|p2a: John Wallbreaker|Magma Storm|p1a: Slowking
|-damage|p1a: Slowking|43/100
|-activate|p1a: Slowking|move: Magma Storm|[of] p2a: John Wallbreaker
|move|p1a: Slowking|Future Sight|p2a: John Wallbreaker
|-start|p1a: Slowking|move: Future Sight
|
|-heal|p2a: John Wallbreaker|88/100|[from] Grassy Terrain
|-damage|p2a: John Wallbreaker|76/100|[from] item: Black Sludge
|-heal|p1a: Slowking|49/100|[from] Grassy Terrain
|-damage|p1a: Slowking|37/100|[from] move: Magma Storm|[partiallytrapped]
|upkeep
|turn|15
|
|t:|1779961637
|move|p2a: John Wallbreaker|Magma Storm|p1a: Slowking|[miss]
|-miss|p2a: John Wallbreaker|p1a: Slowking
|move|p1a: Slowking|Future Sight||[still]
|-fail|p1a: Slowking
|
|-heal|p2a: John Wallbreaker|82/100|[from] Grassy Terrain
|-damage|p2a: John Wallbreaker|69/100|[from] item: Black Sludge
|-heal|p1a: Slowking|43/100|[from] Grassy Terrain
|-damage|p1a: Slowking|30/100|[from] move: Magma Storm|[partiallytrapped]
|upkeep
|turn|16
|
|t:|1779961658
|move|p2a: John Wallbreaker|Magma Storm|p1a: Slowking
|-damage|p1a: Slowking|7/100
|move|p1a: Slowking|Sludge Bomb|p2a: John Wallbreaker
|-immune|p2a: John Wallbreaker
|
|-end|p2a: John Wallbreaker|move: Future Sight
|-resisted|p2a: John Wallbreaker
|-damage|p2a: John Wallbreaker|51/100
|-heal|p2a: John Wallbreaker|57/100|[from] Grassy Terrain
|-damage|p2a: John Wallbreaker|45/100|[from] item: Black Sludge
|-heal|p1a: Slowking|13/100|[from] Grassy Terrain
|-damage|p1a: Slowking|1/100|[from] move: Magma Storm|[partiallytrapped]
|-fieldend|move: Grassy Terrain
|upkeep
|turn|17
|
|t:|1779961674
|move|p2a: John Wallbreaker|Flash Cannon|p1a: Slowking
|-damage|p1a: Slowking|0 fnt
|faint|p1a: Slowking
|
|-damage|p2a: John Wallbreaker|32/100|[from] item: Black Sludge
|upkeep
|
|t:|1779961677
|switch|p1a: Ogerpon|Ogerpon-Wellspring-Tera, F, tera:Water|73/100
|-ability|p1a: Ogerpon|Embody Aspect (Wellspring)|boost
|-boost|p1a: Ogerpon|spd|1
|turn|18
|
|t:|1779961680
|switch|p2a: John Manslaughter|Rillaboom, M, shiny|8/100
|-damage|p2a: John Manslaughter|0 fnt|[from] Stealth Rock
|faint|p2a: John Manslaughter
|move|p1a: Ogerpon|Swords Dance|p1a: Ogerpon
|-boost|p1a: Ogerpon|atk|2
|
|upkeep
|
|t:|1779961693
|switch|p2a: John Spikes|Samurott-Hisui, M, shiny|100/100
|-damage|p2a: John Spikes|88/100|[from] Stealth Rock
|turn|19
|
|t:|1779961697
|move|p1a: Ogerpon|Ivy Cudgel|p2a: John Spikes|[anim] Ivy Cudgel Water
|-resisted|p2a: John Spikes
|-damage|p2a: John Spikes|0 fnt
|faint|p2a: John Spikes
|
|upkeep
|c|☆RealProblemSleuth|fuck
|
|t:|1779961707
|switch|p2a: John Support|Clefable, M, shiny|100/100
|turn|20
|
|t:|1779961712
|move|p1a: Ogerpon|Ivy Cudgel|p2a: John Support|[anim] Ivy Cudgel Water
|-crit|p2a: John Support
|-damage|p2a: John Support|0 fnt
|faint|p2a: John Support
|
|upkeep
|-message|RealProblemSleuth forfeited.
|
|win|Motussman
|raw|Motussman's rating: 1218 &rarr; <strong>1242</strong><br />(+24 for winning)
|raw|RealProblemSleuth's rating: 1209 &rarr; <strong>1185</strong><br />(-24 for losing)
|l|☆RealProblemSleuth
|player|p2|
|l|☆Motussman
|player|p1|
