|j|☆nwalesu
|j|‽Seelengrab
|t:|1779876593
|gametype|singles
|player|p1|nwalesu|pokemaniac|1454
|player|p2|Seelengrab|riley|1344
|gen|9
|tier|[Gen 9] OU
|rated|
|rule|HP Percentage Mod: HP is shown in percentages
|rule|Endless Battle Clause: Forcing endless battles is banned
|rule|Species Clause: Limit one of each Pokémon
|rule|OHKO Clause: OHKO moves are banned
|rule|Evasion Items Clause: Evasion items are banned
|rule|Evasion Moves Clause: Evasion moves are banned
|rule|Evasion Abilities Clause: Evasion abilities are banned
|rule|Sleep Moves Clause: Sleep-inducing moves are banned
|clearpoke
|poke|p1|Dragapult, M|
|poke|p1|Rotom-Heat|
|poke|p1|Clodsire, F|
|poke|p1|Mandibuzz, F|
|poke|p1|Dragonite, M|
|poke|p1|Iron Valiant|
|poke|p2|Cramorant, M|
|poke|p2|Gallade, M|
|poke|p2|Kingambit, M|
|poke|p2|Iron Moth|
|poke|p2|Enamorus, F|
|poke|p2|Ogerpon-Cornerstone, F|
|teampreview
|inactive|Battle timer is ON: inactive players will automatically lose when time's up. (requested by Seelengrab)
|inactive|nwalesu also wants the timer to be on.
|
|t:|1779876598
|teamsize|p1|6
|teamsize|p2|6
|start
|switch|p1a: Cookie maker|Rotom-Heat|100/100
|switch|p2a: Cramorant|Cramorant, M, shiny|100/100
|turn|1
|
|t:|1779876605
|-terastallize|p2a: Cramorant|Ground
|move|p2a: Cramorant|Surf|p1a: Cookie maker
|-formechange|p2a: Cramorant|Cramorant-Gulping|
|-supereffective|p1a: Cookie maker
|-damage|p1a: Cookie maker|17/100
|move|p1a: Cookie maker|Discharge|p2a: Cramorant
|-immune|p2a: Cramorant
|
|upkeep
|turn|2
|
|t:|1779876613
|switch|p1a: Clodsire|Clodsire, F|100/100
|move|p2a: Cramorant|Tailwind|p2a: Cramorant
|-sidestart|p2: Seelengrab|move: Tailwind
|
|upkeep
|turn|3
|j| Jeffery Bob III
|l| Jeffery Bob III
|inactive|nwalesu has 120 seconds left.
|inactive|nwalesu has 90 seconds left.
|
|t:|1779876684
|switch|p2a: Gallade|Gallade, M, shiny|100/100
|move|p1a: Clodsire|Toxic|p2a: Gallade
|-status|p2a: Gallade|tox
|
|-damage|p2a: Gallade|94/100 tox|[from] psn
|upkeep
|turn|4
|
|t:|1779876695
|switch|p1a: Mandibuzz|Mandibuzz, F|100/100
|move|p2a: Gallade|Psycho Cut|p1a: Mandibuzz
|-immune|p1a: Mandibuzz
|
|-damage|p2a: Gallade|82/100 tox|[from] psn
|upkeep
|turn|5
|inactive|nwalesu has 90 seconds left.
|
|t:|1779876720
|move|p2a: Gallade|Sacred Sword|p1a: Mandibuzz
|-damage|p1a: Mandibuzz|58/100
|move|p1a: Mandibuzz|Foul Play|p2a: Gallade
|-crit|p2a: Gallade
|-damage|p2a: Gallade|0 fnt
|faint|p2a: Gallade
|
|-sideend|p2: Seelengrab|move: Tailwind
|upkeep
|
|t:|1779876727
|switch|p2a: Cramorant|Cramorant, M, shiny, tera:Ground|100/100
|turn|6
|
|t:|1779876732
|switch|p1a: Clodsire|Clodsire, F|100/100
|move|p2a: Cramorant|Tailwind|p2a: Cramorant
|-sidestart|p2: Seelengrab|move: Tailwind
|
|upkeep
|turn|7
|
|t:|1779876738
|move|p2a: Cramorant|Hurricane|p1a: Clodsire
|-damage|p1a: Clodsire|73/100
|move|p1a: Clodsire|Toxic|p2a: Cramorant
|-status|p2a: Cramorant|tox
|
|-heal|p1a: Clodsire|80/100|[from] item: Leftovers
|-damage|p2a: Cramorant|94/100 tox|[from] psn
|upkeep
|turn|8
|
|t:|1779876755
|switch|p2a: Enamorus|Enamorus, F, shiny|100/100
|move|p1a: Clodsire|Stealth Rock|p2a: Enamorus
|-sidestart|p2: Seelengrab|move: Stealth Rock
|
|-heal|p1a: Clodsire|86/100|[from] item: Leftovers
|upkeep
|turn|9
|
|t:|1779876770
|switch|p1a: Cookie maker|Rotom-Heat|17/100
|move|p2a: Enamorus|Earth Power|p1a: Cookie maker
|-immune|p1a: Cookie maker|[from] ability: Levitate
|
|-sideend|p2: Seelengrab|move: Tailwind
|upkeep
|turn|10
|
|t:|1779876774
|move|p2a: Enamorus|Superpower|p1a: Cookie maker
|-damage|p1a: Cookie maker|0 fnt
|-boost|p2a: Enamorus|atk|1
|-boost|p2a: Enamorus|def|1
|faint|p1a: Cookie maker
|
|upkeep
|
|t:|1779876779
|switch|p1a: Iron Valiant|Iron Valiant|100/100
|-enditem|p1a: Iron Valiant|Booster Energy
|-activate|p1a: Iron Valiant|ability: Quark Drive|[fromitem]
|-start|p1a: Iron Valiant|quarkdrivespe
|turn|11
|
|t:|1779876786
|-terastallize|p1a: Iron Valiant|Ghost
|move|p1a: Iron Valiant|Encore|p2a: Enamorus
|-start|p2a: Enamorus|Encore
|move|p2a: Enamorus|Superpower|p1a: Iron Valiant
|-immune|p1a: Iron Valiant
|
|upkeep
|turn|12
|
|t:|1779876793
|switch|p2a: Cramorant|Cramorant, M, shiny, tera:Ground|94/100 tox
|-damage|p2a: Cramorant|88/100 tox|[from] Stealth Rock
|move|p1a: Iron Valiant|Close Combat|p2a: Cramorant
|-damage|p2a: Cramorant|0 fnt
|-unboost|p1a: Iron Valiant|def|1
|-unboost|p1a: Iron Valiant|spd|1
|faint|p2a: Cramorant
|
|upkeep
|
|t:|1779876805
|switch|p2a: Ogerpon|Ogerpon-Cornerstone, F|100/100
|-damage|p2a: Ogerpon|88/100|[from] Stealth Rock
|turn|13
|
|t:|1779876812
|move|p1a: Iron Valiant|Close Combat|p2a: Ogerpon
|-supereffective|p2a: Ogerpon
|-damage|p2a: Ogerpon|0 fnt
|-unboost|p1a: Iron Valiant|def|1
|-unboost|p1a: Iron Valiant|spd|1
|faint|p2a: Ogerpon
|
|upkeep
|l|‽Seelengrab
|inactive|Seelengrab disconnected and has a minute to reconnect!
|player|p2|
|inactive|Seelengrab has 30 seconds to reconnect!
|inactive|Seelengrab has 20 seconds to reconnect!
|inactive|Seelengrab has 15 seconds to reconnect!
|inactive|Seelengrab has 10 seconds to reconnect!
|inactive|Seelengrab has 5 seconds to reconnect!
|-message|Seelengrab lost due to inactivity.
|
|win|nwalesu
|raw|nwalesu's rating: 1475 &rarr; <strong>1488</strong><br />(+13 for winning)
|raw|Seelengrab's rating: 1344 &rarr; <strong>1331</strong><br />(-13 for losing)
|l|☆nwalesu
|player|p1|
