|j|☆VITAMINDGOODFORYOU
|j|☆kefflonie
|t:|1779972125
|gametype|singles
|player|p1|VITAMINDGOODFORYOU|aromalady|1149
|player|p2|kefflonie|policeman|1143
|gen|9
|tier|[Gen 9] OU
|rated|
|rule|HP Percentage Mod: HP is shown in percentages
|rule|Endless Battle Clause: Forcing endless battles is banned
|rule|Species Clause: Limit one of each Pokémon
|rule|OHKO Clause: OHKO moves are banned
|rule|Evasion Items Clause: Evasion items are banned
|rule|Evasion Moves Clause: Evasion moves are banned
|rule|Evasion Abilities Clause: Evasion abilities are banned
|rule|Sleep Moves Clause: Sleep-inducing moves are banned
|clearpoke
|poke|p1|Ribombee, F|
|poke|p1|Ursaluna, F|
|poke|p1|Kyurem|
|poke|p1|Zapdos|
|poke|p1|Slowking, F|
|poke|p1|Cinderace, M|
|poke|p2|Toucannon, F|
|poke|p2|Gliscor, M|
|poke|p2|Yanmega, M|
|poke|p2|Dewgong, F|
|poke|p2|Cloyster, M|
|poke|p2|Cryogonal|
|teampreview
|
|t:|1779972134
|teamsize|p1|6
|teamsize|p2|6
|start
|switch|p1a: Ribombee|Ribombee, F|100/100
|switch|p2a: Dewgong|Dewgong, F|100/100
|turn|1
|
|t:|1779972142
|move|p2a: Dewgong|Fake Out|p1a: Ribombee
|-crit|p1a: Ribombee
|-damage|p1a: Ribombee|73/100
|move|p1a: Ribombee|Sticky Web|p2a: Dewgong
|-sidestart|p2: kefflonie|move: Sticky Web
|
|upkeep
|turn|2
|
|t:|1779972148
|move|p2a: Dewgong|Ice Shard|p1a: Ribombee
|-damage|p1a: Ribombee|45/100
|move|p1a: Ribombee|Sticky Web||[still]
|-fail|p1a: Ribombee
|
|upkeep
|turn|3
|
|t:|1779972166
|move|p2a: Dewgong|Ice Shard|p1a: Ribombee
|-damage|p1a: Ribombee|17/100
|move|p1a: Ribombee|U-turn|p2a: Dewgong
|-damage|p2a: Dewgong|85/100
|-damage|p1a: Ribombee|0 fnt|[from] item: Rocky Helmet|[of] p2a: Dewgong
|faint|p1a: Ribombee
|
|upkeep
|
|t:|1779972183
|switch|p1a: Cinderace|Cinderace, M|100/100
|turn|4
|
|t:|1779972188
|move|p1a: Cinderace|High Jump Kick|p2a: Dewgong
|-start|p1a: Cinderace|typechange|Fighting|[from] ability: Libero
|-supereffective|p2a: Dewgong
|-damage|p2a: Dewgong|0 fnt
|-damage|p1a: Cinderace|84/100|[from] item: Rocky Helmet|[of] p2a: Dewgong
|faint|p2a: Dewgong
|
|upkeep
|
|t:|1779972203
|switch|p2a: Gliscor|Gliscor, M|100/100
|turn|5
|
|t:|1779972207
|switch|p1a: Kyurem|Kyurem|100/100
|-ability|p1a: Kyurem|Pressure
|move|p2a: Gliscor|Swords Dance|p2a: Gliscor
|-boost|p2a: Gliscor|atk|2
|
|-status|p2a: Gliscor|tox|[from] item: Toxic Orb
|upkeep
|turn|6
|
|t:|1779972220
|-terastallize|p2a: Gliscor|Normal
|move|p1a: Kyurem|Freeze-Dry|p2a: Gliscor
|-damage|p2a: Gliscor|14/100 tox
|move|p2a: Gliscor|Facade|p1a: Kyurem
|-damage|p1a: Kyurem|0 fnt
|faint|p1a: Kyurem
|
|-heal|p2a: Gliscor|26/100 tox|[from] ability: Poison Heal
|upkeep
|
|t:|1779972230
|switch|p1a: Cinderace|Cinderace, M|84/100
|turn|7
|
|t:|1779972236
|switch|p2a: Toucannon|Toucannon, F|100/100
|move|p1a: Cinderace|U-turn|p2a: Toucannon
|-start|p1a: Cinderace|typechange|Bug|[from] ability: Libero
|-resisted|p2a: Toucannon
|-damage|p2a: Toucannon|73/100
|
|t:|1779972244
|switch|p1a: Zapdos|Zapdos|100/100|[from] U-turn
|
|upkeep
|turn|8
|
|t:|1779972249
|move|p1a: Zapdos|Thunderbolt|p2a: Toucannon
|-supereffective|p2a: Toucannon
|-damage|p2a: Toucannon|0 fnt
|faint|p2a: Toucannon
|
|upkeep
|
|t:|1779972255
|switch|p2a: Cryogonal|Cryogonal|100/100
|turn|9
|
|t:|1779972263
|move|p2a: Cryogonal|Rapid Spin|p1a: Zapdos
|-damage|p1a: Zapdos|94/100
|-boost|p2a: Cryogonal|spe|1
|-status|p2a: Cryogonal|par|[from] ability: Static|[of] p1a: Zapdos
|-sideend|p2: kefflonie|Sticky Web|[from] move: Rapid Spin|[of] p2a: Cryogonal
|move|p1a: Zapdos|Thunder Wave|p2a: Cryogonal
|-fail|p2a: Cryogonal|par
|
|upkeep
|turn|10
|
|t:|1779972272
|move|p2a: Cryogonal|Freeze-Dry|p1a: Zapdos
|-supereffective|p1a: Zapdos
|-damage|p1a: Zapdos|49/100
|move|p1a: Zapdos|Tailwind|p1a: Zapdos
|-sidestart|p1: VITAMINDGOODFORYOU|move: Tailwind
|
|upkeep
|turn|11
|
|t:|1779972280
|move|p1a: Zapdos|Roost|p1a: Zapdos
|-heal|p1a: Zapdos|99/100
|-singleturn|p1a: Zapdos|move: Roost
|cant|p2a: Cryogonal|par
|
|upkeep
|turn|12
|
|t:|1779972287
|switch|p1a: Cinderace|Cinderace, M|84/100
|move|p2a: Cryogonal|Ancient Power|p1a: Cinderace
|-supereffective|p1a: Cinderace
|-damage|p1a: Cinderace|39/100
|
|upkeep
|turn|13
|
|t:|1779972297
|move|p1a: Cinderace|Pyro Ball|p2a: Cryogonal
|-supereffective|p2a: Cryogonal
|-damage|p2a: Cryogonal|0 fnt
|faint|p2a: Cryogonal
|
|-sideend|p1: VITAMINDGOODFORYOU|move: Tailwind
|upkeep
|
|t:|1779972303
|switch|p2a: Cloyster|Cloyster, M|100/100
|turn|14
|
|t:|1779972312
|switch|p1a: Slowking|Slowking, F|100/100
|move|p2a: Cloyster|Shell Smash|p2a: Cloyster
|-unboost|p2a: Cloyster|def|1
|-unboost|p2a: Cloyster|spd|1
|-boost|p2a: Cloyster|atk|2
|-boost|p2a: Cloyster|spa|2
|-boost|p2a: Cloyster|spe|2
|-enditem|p2a: Cloyster|White Herb
|-clearnegativeboost|p2a: Cloyster|[silent]
|
|upkeep
|turn|15
|
|t:|1779972322
|move|p2a: Cloyster|Shell Smash|p2a: Cloyster
|-unboost|p2a: Cloyster|def|1
|-unboost|p2a: Cloyster|spd|1
|-boost|p2a: Cloyster|atk|2
|-boost|p2a: Cloyster|spa|2
|-boost|p2a: Cloyster|spe|2
|move|p1a: Slowking|Calm Mind|p1a: Slowking
|-boost|p1a: Slowking|spa|1
|-boost|p1a: Slowking|spd|1
|
|upkeep
|turn|16
|
|t:|1779972333
|move|p2a: Cloyster|Icicle Spear|p1a: Slowking
|-resisted|p1a: Slowking
|-damage|p1a: Slowking|88/100
|-resisted|p1a: Slowking
|-damage|p1a: Slowking|76/100
|-resisted|p1a: Slowking
|-damage|p1a: Slowking|63/100
|-resisted|p1a: Slowking
|-damage|p1a: Slowking|50/100
|-resisted|p1a: Slowking
|-damage|p1a: Slowking|37/100
|-hitcount|p1a: Slowking|5
|move|p1a: Slowking|Psychic Noise|p2a: Cloyster
|-damage|p2a: Cloyster|0 fnt
|faint|p2a: Cloyster
|
|upkeep
|
|t:|1779972348
|switch|p2a: Yanmega|Yanmega, M|100/100
|turn|17
|
|t:|1779972358
|switch|p1a: Zapdos|Zapdos|99/100
|move|p2a: Yanmega|Bug Buzz|p1a: Zapdos
|-resisted|p1a: Zapdos
|-damage|p1a: Zapdos|82/100
|-enditem|p2a: Yanmega|Throat Spray
|-boost|p2a: Yanmega|spa|1|[from] item: Throat Spray
|
|-ability|p2a: Yanmega|Speed Boost|boost
|-boost|p2a: Yanmega|spe|1
|upkeep
|turn|18
|
|t:|1779972370
|move|p2a: Yanmega|Air Slash|p1a: Zapdos
|-resisted|p1a: Zapdos
|-damage|p1a: Zapdos|62/100
|move|p1a: Zapdos|Thunder Wave|p2a: Yanmega
|-status|p2a: Yanmega|par
|
|-ability|p2a: Yanmega|Speed Boost|boost
|-boost|p2a: Yanmega|spe|1
|upkeep
|turn|19
|
|t:|1779972379
|switch|p2a: Gliscor|Gliscor, M, tera:Normal|26/100 tox
|move|p1a: Zapdos|Thunderbolt|p2a: Gliscor
|-damage|p2a: Gliscor|0 fnt
|faint|p2a: Gliscor
|
|upkeep
|
|t:|1779972388
|switch|p2a: Yanmega|Yanmega, M|100/100 par
|turn|20
|
|t:|1779972392
|move|p1a: Zapdos|Thunderbolt|p2a: Yanmega
|-supereffective|p2a: Yanmega
|-damage|p2a: Yanmega|0 fnt
|faint|p2a: Yanmega
|
|win|VITAMINDGOODFORYOU
|raw|VITAMINDGOODFORYOU's rating: 1149 &rarr; <strong>1174</strong><br />(+25 for winning)
|raw|kefflonie's rating: 1143 &rarr; <strong>1118</strong><br />(-25 for losing)
|l|☆VITAMINDGOODFORYOU
|player|p1|
|l|☆kefflonie
|player|p2|
