|j|☆Dat boii fam
|j|☆klopkik
|t:|1779887884
|gametype|singles
|player|p1|Dat boii fam|li|1489
|player|p2|klopkik|101|1546
|gen|9
|tier|[Gen 9] OU
|rated|
|rule|HP Percentage Mod: HP is shown in percentages
|rule|Endless Battle Clause: Forcing endless battles is banned
|rule|Species Clause: Limit one of each Pokémon
|rule|OHKO Clause: OHKO moves are banned
|rule|Evasion Items Clause: Evasion items are banned
|rule|Evasion Moves Clause: Evasion moves are banned
|rule|Evasion Abilities Clause: Evasion abilities are banned
|rule|Sleep Moves Clause: Sleep-inducing moves are banned
|clearpoke
|poke|p1|Alomomola, F|
|poke|p1|Landorus-Therian, M|
|poke|p1|Zapdos|
|poke|p1|Tornadus-Therian, M|
|poke|p1|Scizor, M|
|poke|p1|Amoonguss, M|
|poke|p2|Ursaluna, M|
|poke|p2|Dragonite, F|
|poke|p2|Toxapex, M|
|poke|p2|Heatran, M|
|poke|p2|Hydreigon, M|
|poke|p2|Hatterene, F|
|teampreview
|
|t:|1779887903
|teamsize|p1|6
|teamsize|p2|6
|start
|switch|p1a: Scizor|Scizor, M|100/100
|switch|p2a: Dragonite|Dragonite, F|100/100
|turn|1
|inactive|Battle timer is ON: inactive players will automatically lose when time's up. (requested by klopkik)
|
|t:|1779887923
|switch|p2a: Toxapex|Toxapex, M|100/100
|move|p1a: Scizor|Knock Off|p2a: Toxapex
|-damage|p2a: Toxapex|77/100
|-enditem|p2a: Toxapex|Eject Button|[from] move: Knock Off|[of] p1a: Scizor
|
|upkeep
|turn|2
|
|t:|1779887952
|switch|p1a: Amoonguss|Amoonguss, M|100/100
|move|p2a: Toxapex|Toxic Spikes|p1a: Amoonguss
|-sidestart|p1: Dat boii fam|move: Toxic Spikes
|
|upkeep
|turn|3
|
|t:|1779887960
|switch|p2a: Hatterene|Hatterene, F|100/100
|move|p1a: Amoonguss|Stun Spore|p2a: Hatterene
|move|p2a: Hatterene|Stun Spore|p1a: Amoonguss|[from] ability: Magic Bounce
|-immune|p1a: Amoonguss
|
|upkeep
|turn|4
|
|t:|1779887969
|switch|p2a: Ursaluna|Ursaluna, M|100/100
|move|p1a: Amoonguss|Sludge Bomb|p2a: Ursaluna
|-resisted|p2a: Ursaluna
|-damage|p2a: Ursaluna|86/100
|
|-status|p2a: Ursaluna|brn|[from] item: Flame Orb
|upkeep
|turn|5
|
|t:|1779887979
|-terastallize|p2a: Ursaluna|Normal
|move|p2a: Ursaluna|Facade|p1a: Amoonguss
|-damage|p1a: Amoonguss|0 fnt
|-damage|p2a: Ursaluna|70/100 brn|[from] item: Rocky Helmet|[of] p1a: Amoonguss
|faint|p1a: Amoonguss
|
|-damage|p2a: Ursaluna|63/100 brn|[from] brn
|upkeep
|
|t:|1779887987
|switch|p1a: Tornadus|Tornadus-Therian, M|100/100
|turn|6
|
|t:|1779887994
|switch|p2a: Toxapex|Toxapex, M|100/100
|move|p1a: Tornadus|Focus Blast|p2a: Toxapex
|-resisted|p2a: Toxapex
|-damage|p2a: Toxapex|88/100
|
|upkeep
|turn|7
|
|t:|1779888006
|switch|p2a: Heatran|Heatran, M|100/100
|-item|p2a: Heatran|Air Balloon
|move|p1a: Tornadus|Nasty Plot|p1a: Tornadus
|-boost|p1a: Tornadus|spa|2
|
|upkeep
|turn|8
|
|t:|1779888024
|switch|p2a: Toxapex|Toxapex, M|100/100
|move|p1a: Tornadus|Focus Blast|p2a: Toxapex|[miss]
|-miss|p1a: Tornadus|p2a: Toxapex
|
|upkeep
|turn|9
|
|t:|1779888030
|move|p1a: Tornadus|Bleakwind Storm|p2a: Toxapex
|-damage|p2a: Toxapex|42/100
|move|p2a: Toxapex|Toxic|p1a: Tornadus
|-status|p1a: Tornadus|tox
|
|-damage|p1a: Tornadus|94/100 tox|[from] psn
|upkeep
|turn|10
|
|t:|1779888042
|switch|p2a: Heatran|Heatran, M|100/100
|-item|p2a: Heatran|Air Balloon
|move|p1a: Tornadus|Focus Blast|p2a: Heatran
|-supereffective|p2a: Heatran
|-damage|p2a: Heatran|14/100
|-unboost|p2a: Heatran|spd|1
|-enditem|p2a: Heatran|Air Balloon
|
|-damage|p1a: Tornadus|82/100 tox|[from] psn
|upkeep
|turn|11
|
|t:|1779888059
|switch|p2a: Dragonite|Dragonite, F|100/100
|move|p1a: Tornadus|Dark Pulse|p2a: Dragonite
|-damage|p2a: Dragonite|76/100
|
|-damage|p1a: Tornadus|64/100 tox|[from] psn
|upkeep
|turn|12
|
|t:|1779888069
|switch|p2a: Toxapex|Toxapex, M|75/100
|move|p1a: Tornadus|Bleakwind Storm|p2a: Toxapex
|-damage|p2a: Toxapex|21/100
|
|-damage|p1a: Tornadus|40/100 tox|[from] psn
|upkeep
|turn|13
|
|t:|1779888078
|switch|p2a: Heatran|Heatran, M|14/100
|move|p1a: Tornadus|Bleakwind Storm|p2a: Heatran
|-resisted|p2a: Heatran
|-crit|p2a: Heatran
|-damage|p2a: Heatran|0 fnt
|faint|p2a: Heatran
|
|-damage|p1a: Tornadus|9/100 tox|[from] psn
|upkeep
|inactive|klopkik has 120 seconds left.
|
|t:|1779888110
|switch|p2a: Dragonite|Dragonite, F|76/100
|turn|14
|inactive|klopkik has 120 seconds left.
|
|t:|1779888118
|switch|p1a: Alomomola|Alomomola, F|100/100
|switch|p2a: Ursaluna|Ursaluna, M, tera:Normal|63/100 brn
|
|-damage|p2a: Ursaluna|57/100 brn|[from] brn
|upkeep
|turn|15
|
|t:|1779888124
|move|p1a: Alomomola|Protect|p1a: Alomomola
|-singleturn|p1a: Alomomola|Protect
|move|p2a: Ursaluna|Facade|p1a: Alomomola
|-activate|p1a: Alomomola|move: Protect
|
|-damage|p2a: Ursaluna|51/100 brn|[from] brn
|upkeep
|turn|16
|
|t:|1779888131
|move|p2a: Ursaluna|Facade|p1a: Alomomola
|-damage|p1a: Alomomola|0 fnt
|faint|p1a: Alomomola
|
|-damage|p2a: Ursaluna|45/100 brn|[from] brn
|upkeep
|
|t:|1779888142
|switch|p1a: Zapdos|Zapdos|100/100
|turn|17
|
|t:|1779888151
|move|p1a: Zapdos|Discharge|p2a: Ursaluna
|-crit|p2a: Ursaluna
|-damage|p2a: Ursaluna|0 fnt
|faint|p2a: Ursaluna
|
|upkeep
|
|t:|1779888162
|switch|p2a: Hydreigon|Hydreigon, M|100/100
|turn|18
|
|t:|1779888165
|switch|p1a: Scizor|Scizor, M|100/100
|move|p2a: Hydreigon|Draco Meteor|p1a: Scizor
|-resisted|p1a: Scizor
|-damage|p1a: Scizor|61/100
|-unboost|p2a: Hydreigon|spa|2
|
|upkeep
|turn|19
|
|t:|1779888172
|switch|p2a: Toxapex|Toxapex, M|54/100
|move|p1a: Scizor|U-turn|p2a: Toxapex
|-resisted|p2a: Toxapex
|-damage|p2a: Toxapex|42/100
|
|t:|1779888178
|switch|p1a: Zapdos|Zapdos|100/100|[from] U-turn
|
|upkeep
|turn|20
|
|t:|1779888191
|switch|p2a: Hatterene|Hatterene, F|100/100
|move|p1a: Zapdos|Discharge|p2a: Hatterene
|-damage|p2a: Hatterene|58/100
|
|-heal|p2a: Hatterene|64/100|[from] item: Leftovers
|upkeep
|turn|21
|
|t:|1779888201
|move|p1a: Zapdos|Hurricane|p2a: Hatterene
|-damage|p2a: Hatterene|0 fnt
|faint|p2a: Hatterene
|
|upkeep
|
|t:|1779888206
|switch|p2a: Hydreigon|Hydreigon, M|100/100
|turn|22
|
|t:|1779888209
|switch|p1a: Scizor|Scizor, M|61/100
|move|p2a: Hydreigon|Dark Pulse|p1a: Scizor
|-damage|p1a: Scizor|9/100
|
|upkeep
|turn|23
|
|t:|1779888214
|move|p1a: Scizor|Bullet Punch|p2a: Hydreigon
|-damage|p2a: Hydreigon|66/100
|move|p2a: Hydreigon|Dark Pulse|p1a: Scizor
|-damage|p1a: Scizor|0 fnt
|faint|p1a: Scizor
|
|upkeep
|
|t:|1779888223
|switch|p1a: Tornadus|Tornadus-Therian, M|42/100 tox
|turn|24
|
|t:|1779888228
|switch|p2a: Toxapex|Toxapex, M|75/100
|move|p1a: Tornadus|Bleakwind Storm|p2a: Toxapex
|-damage|p2a: Toxapex|46/100
|
|-damage|p1a: Tornadus|36/100 tox|[from] psn
|upkeep
|turn|25
|
|t:|1779888237
|move|p1a: Tornadus|Nasty Plot|p1a: Tornadus
|-boost|p1a: Tornadus|spa|2
|move|p2a: Toxapex|Toxic|p1a: Tornadus
|-fail|p1a: Tornadus|tox
|
|-damage|p1a: Tornadus|24/100 tox|[from] psn
|upkeep
|turn|26
|
|t:|1779888243
|move|p1a: Tornadus|Bleakwind Storm|p2a: Toxapex
|-damage|p2a: Toxapex|0 fnt
|faint|p2a: Toxapex
|
|-damage|p1a: Tornadus|6/100 tox|[from] psn
|upkeep
|
|t:|1779888246
|switch|p2a: Dragonite|Dragonite, F|76/100
|turn|27
|
|t:|1779888251
|move|p1a: Tornadus|Bleakwind Storm|p2a: Dragonite
|-damage|p2a: Dragonite|0 fnt
|faint|p2a: Dragonite
|
|-damage|p1a: Tornadus|0 fnt|[from] psn
|faint|p1a: Tornadus
|upkeep
|
|t:|1779888257
|switch|p1a: Landorus|Landorus-Therian, M|100/100
|switch|p2a: Hydreigon|Hydreigon, M|66/100
|-ability|p1a: Landorus|Intimidate|boost
|-unboost|p2a: Hydreigon|atk|1
|turn|28
|
|t:|1779888263
|move|p1a: Landorus|U-turn|p2a: Hydreigon
|-supereffective|p2a: Hydreigon
|-damage|p2a: Hydreigon|0 fnt
|faint|p2a: Hydreigon
|
|win|Dat boii fam
|raw|Dat boii fam's rating: 1489 &rarr; <strong>1512</strong><br />(+23 for winning)
|raw|klopkik's rating: 1546 &rarr; <strong>1523</strong><br />(-23 for losing)
|l|☆klopkik
|player|p2|
|l|☆Dat boii fam
|player|p1|
