|j|☆claudechamp
|j|☆Dragavian NTK
|t:|1779805340
|gametype|singles
|player|p1|claudechamp|265|1365
|player|p2|Dragavian NTK|gentleman-gen4|1337
|gen|9
|tier|[Gen 9] OU
|rated|
|rule|HP Percentage Mod: HP is shown in percentages
|rule|Endless Battle Clause: Forcing endless battles is banned
|rule|Species Clause: Limit one of each Pokémon
|rule|OHKO Clause: OHKO moves are banned
|rule|Evasion Items Clause: Evasion items are banned
|rule|Evasion Moves Clause: Evasion moves are banned
|rule|Evasion Abilities Clause: Evasion abilities are banned
|rule|Sleep Moves Clause: Sleep-inducing moves are banned
|clearpoke
|poke|p1|Gliscor, M|
|poke|p1|Ogerpon, F|
|poke|p1|Walking Wake|
|poke|p1|Blissey, F|
|poke|p1|Corviknight, M|
|poke|p1|Pecharunt|
|poke|p2|Dragonite, M|
|poke|p2|Dragapult, F|
|poke|p2|Scizor, M|
|poke|p2|Cresselia, F|
|poke|p2|Rillaboom, M|
|poke|p2|Heatran, F|
|teampreview
|inactive|Battle timer is ON: inactive players will automatically lose when time's up. (requested by Dragavian NTK)
|inactive|claudechamp also wants the timer to be on.
|
|t:|1779805350
|teamsize|p1|6
|teamsize|p2|6
|start
|switch|p1a: Gliscor|Gliscor, M|100/100
|switch|p2a: Scizor|Scizor, M|100/100
|turn|1
|
|t:|1779805358
|move|p1a: Gliscor|Spikes|p2a: Scizor
|-sidestart|p2: Dragavian NTK|Spikes
|move|p2a: Scizor|Knock Off|p1a: Gliscor
|-damage|p1a: Gliscor|73/100
|-enditem|p1a: Gliscor|Toxic Orb|[from] move: Knock Off|[of] p2a: Scizor
|
|upkeep
|turn|2
|
|t:|1779805366
|move|p1a: Gliscor|Earthquake|p2a: Scizor
|-damage|p2a: Scizor|66/100
|move|p2a: Scizor|Defog|p1a: Gliscor
|-unboost|p1a: Gliscor|evasion|1
|-sideend|p2: Dragavian NTK|Spikes|[from] move: Defog|[of] p2a: Scizor
|
|upkeep
|turn|3
|
|t:|1779805380
|switch|p2a: Heatran|Heatran, F|100/100
|-item|p2a: Heatran|Air Balloon
|move|p1a: Gliscor|Earthquake|p2a: Heatran
|-immune|p2a: Heatran
|
|upkeep
|turn|4
|
|t:|1779805390
|switch|p1a: Blissey|Blissey, F|100/100
|move|p2a: Heatran|Stealth Rock|p1a: Blissey
|-sidestart|p1: claudechamp|move: Stealth Rock
|
|upkeep
|turn|5
|
|t:|1779805394
|move|p2a: Heatran|Taunt|p1a: Blissey
|-start|p1a: Blissey|move: Taunt
|cant|p1a: Blissey|move: Taunt|Stealth Rock
|
|upkeep
|turn|6
|
|t:|1779805400
|move|p2a: Heatran|Lava Plume|p1a: Blissey
|-damage|p1a: Blissey|87/100
|-status|p1a: Blissey|brn
|move|p1a: Blissey|Seismic Toss|p2a: Heatran
|-damage|p2a: Heatran|75/100
|-enditem|p2a: Heatran|Air Balloon
|
|-damage|p1a: Blissey|81/100 brn|[from] brn
|upkeep
|turn|7
|
|t:|1779805417
|switch|p2a: Dragapult|Dragapult, F|100/100
|move|p1a: Blissey|Seismic Toss|p2a: Dragapult
|-immune|p2a: Dragapult
|
|-damage|p1a: Blissey|75/100 brn|[from] brn
|-end|p1a: Blissey|move: Taunt
|upkeep
|turn|8
|
|t:|1779805426
|move|p2a: Dragapult|U-turn|p1a: Blissey
|-damage|p1a: Blissey|57/100 brn
|
|t:|1779805430
|switch|p2a: Scizor|Scizor, M|66/100|[from] U-turn
|move|p1a: Blissey|Stealth Rock|p2a: Scizor
|-sidestart|p2: Dragavian NTK|move: Stealth Rock
|
|-damage|p1a: Blissey|51/100 brn|[from] brn
|upkeep
|turn|9
|
|t:|1779805436
|move|p2a: Scizor|Knock Off|p1a: Blissey
|-damage|p1a: Blissey|14/100 brn
|-enditem|p1a: Blissey|Heavy-Duty Boots|[from] move: Knock Off|[of] p2a: Scizor
|move|p1a: Blissey|Seismic Toss|p2a: Scizor
|-damage|p2a: Scizor|37/100
|-damage|p1a: Blissey|0 fnt|[from] item: Rocky Helmet|[of] p2a: Scizor
|faint|p1a: Blissey
|
|upkeep
|
|t:|1779805442
|switch|p1a: Walking Wake|Walking Wake|100/100
|turn|10
|
|t:|1779805447
|switch|p2a: Rillaboom|Rillaboom, M|100/100
|-damage|p2a: Rillaboom|88/100|[from] Stealth Rock
|-fieldstart|move: Grassy Terrain|[from] ability: Grassy Surge|[of] p2a: Rillaboom
|move|p1a: Walking Wake|Surf|p2a: Rillaboom
|-resisted|p2a: Rillaboom
|-damage|p2a: Rillaboom|61/100
|-enditem|p2a: Rillaboom|Red Card|[of] p1a: Walking Wake
|-end|p1a: Walking Wake|Protosynthesis|[silent]
|drag|p1a: Ogerpon|Ogerpon, F|100/100
|
|-heal|p2a: Rillaboom|68/100|[from] Grassy Terrain
|upkeep
|turn|11
|
|t:|1779805465
|switch|p1a: Walking Wake|Walking Wake|100/100
|move|p2a: Rillaboom|Swords Dance|p2a: Rillaboom
|-boost|p2a: Rillaboom|atk|2
|
|-heal|p2a: Rillaboom|74/100|[from] Grassy Terrain
|upkeep
|turn|12
|
|t:|1779805482
|move|p2a: Rillaboom|Grassy Glide|p1a: Walking Wake
|-damage|p1a: Walking Wake|17/100
|move|p1a: Walking Wake|Draco Meteor|p2a: Rillaboom
|-damage|p2a: Rillaboom|0 fnt
|-unboost|p1a: Walking Wake|spa|2
|faint|p2a: Rillaboom
|
|-heal|p1a: Walking Wake|23/100|[from] Grassy Terrain
|upkeep
|
|t:|1779805489
|switch|p2a: Scizor|Scizor, M|37/100
|-damage|p2a: Scizor|24/100|[from] Stealth Rock
|turn|13
|
|t:|1779805495
|move|p1a: Walking Wake|Surf|p2a: Scizor
|-damage|p2a: Scizor|0 fnt
|faint|p2a: Scizor
|
|-heal|p1a: Walking Wake|29/100|[from] Grassy Terrain
|upkeep
|
|t:|1779805499
|switch|p2a: Dragapult|Dragapult, F|100/100
|-damage|p2a: Dragapult|88/100|[from] Stealth Rock
|turn|14
|
|t:|1779805505
|-end|p1a: Walking Wake|Protosynthesis|[silent]
|switch|p1a: Pecharunt|Pecharunt|100/100
|move|p2a: Dragapult|Hex|p1a: Pecharunt
|-supereffective|p1a: Pecharunt
|-damage|p1a: Pecharunt|12/100
|
|-heal|p2a: Dragapult|94/100|[from] Grassy Terrain
|-heal|p1a: Pecharunt|18/100|[from] Grassy Terrain
|-fieldend|move: Grassy Terrain
|upkeep
|turn|15
|
|t:|1779805513
|move|p2a: Dragapult|Hex|p1a: Pecharunt
|-supereffective|p1a: Pecharunt
|-damage|p1a: Pecharunt|0 fnt
|faint|p1a: Pecharunt
|
|upkeep
|
|t:|1779805519
|switch|p1a: Ogerpon|Ogerpon, F|100/100
|turn|16
|
|t:|1779805527
|switch|p2a: Heatran|Heatran, F|75/100
|-damage|p2a: Heatran|62/100|[from] Stealth Rock
|move|p1a: Ogerpon|Knock Off|p2a: Heatran
|-damage|p2a: Heatran|42/100
|
|upkeep
|turn|17
|
|t:|1779805536
|move|p1a: Ogerpon|U-turn|p2a: Heatran
|-resisted|p2a: Heatran
|-damage|p2a: Heatran|38/100
|
|t:|1779805545
|switch|p1a: Walking Wake|Walking Wake|29/100|[from] U-turn
|move|p2a: Heatran|Lava Plume|p1a: Walking Wake
|-resisted|p1a: Walking Wake
|-crit|p1a: Walking Wake
|-damage|p1a: Walking Wake|11/100
|-status|p1a: Walking Wake|brn
|
|-damage|p1a: Walking Wake|4/100 brn|[from] brn
|upkeep
|turn|18
|
|t:|1779805556
|switch|p2a: Dragapult|Dragapult, F|94/100
|-damage|p2a: Dragapult|82/100|[from] Stealth Rock
|move|p1a: Walking Wake|Surf|p2a: Dragapult
|-resisted|p2a: Dragapult
|-damage|p2a: Dragapult|53/100
|
|-damage|p1a: Walking Wake|0 fnt|[from] brn
|faint|p1a: Walking Wake
|-end|p1a: Walking Wake|Protosynthesis|[silent]
|upkeep
|
|t:|1779805560
|switch|p1a: Ogerpon|Ogerpon, F|100/100
|turn|19
|
|t:|1779805571
|move|p2a: Dragapult|Flamethrower|p1a: Ogerpon
|-supereffective|p1a: Ogerpon
|-crit|p1a: Ogerpon
|-damage|p1a: Ogerpon|0 fnt
|faint|p1a: Ogerpon
|
|upkeep
|
|t:|1779805576
|switch|p1a: Gliscor|Gliscor, M|73/100
|-damage|p1a: Gliscor|60/100|[from] Stealth Rock
|turn|20
|
|t:|1779805584
|switch|p2a: Dragonite|Dragonite, M|100/100
|move|p1a: Gliscor|Earthquake|p2a: Dragonite
|-immune|p2a: Dragonite
|
|upkeep
|turn|21
|
|t:|1779805593
|move|p1a: Gliscor|Protect|p1a: Gliscor
|-singleturn|p1a: Gliscor|Protect
|move|p2a: Dragonite|Dragon Dance|p2a: Dragonite
|-boost|p2a: Dragonite|atk|1
|-boost|p2a: Dragonite|spe|1
|
|upkeep
|turn|22
|
|t:|1779805597
|switch|p1a: Corviknight|Corviknight, M|100/100
|-ability|p1a: Corviknight|Pressure
|move|p2a: Dragonite|Ice Spinner|p1a: Corviknight
|-damage|p1a: Corviknight|68/100
|
|upkeep
|turn|23
|
|t:|1779805606
|move|p2a: Dragonite|Dragon Dance|p2a: Dragonite
|-boost|p2a: Dragonite|atk|1
|-boost|p2a: Dragonite|spe|1
|move|p1a: Corviknight|Body Press|p2a: Dragonite
|-resisted|p2a: Dragonite
|-damage|p2a: Dragonite|93/100
|
|upkeep
|turn|24
|
|t:|1779805614
|move|p2a: Dragonite|Dragon Dance|p2a: Dragonite
|-boost|p2a: Dragonite|atk|1
|-boost|p2a: Dragonite|spe|1
|move|p1a: Corviknight|Body Press|p2a: Dragonite
|-resisted|p2a: Dragonite
|-damage|p2a: Dragonite|81/100
|
|upkeep
|turn|25
|
|t:|1779805625
|switch|p1a: Gliscor|Gliscor, M|60/100
|-damage|p1a: Gliscor|48/100|[from] Stealth Rock
|move|p2a: Dragonite|Fire Punch|p1a: Gliscor
|-damage|p1a: Gliscor|0 fnt
|faint|p1a: Gliscor
|
|upkeep
|
|t:|1779805632
|switch|p1a: Corviknight|Corviknight, M|68/100
|-ability|p1a: Corviknight|Pressure
|turn|26
|
|t:|1779805645
|-terastallize|p1a: Corviknight|Ghost
|move|p2a: Dragonite|Fire Punch|p1a: Corviknight
|-damage|p1a: Corviknight|19/100
|move|p1a: Corviknight|Roost|p1a: Corviknight
|-heal|p1a: Corviknight|69/100
|
|upkeep
|turn|27
|
|t:|1779805654
|move|p2a: Dragonite|Fire Punch|p1a: Corviknight
|-damage|p1a: Corviknight|26/100
|move|p1a: Corviknight|U-turn|p2a: Dragonite
|-resisted|p2a: Dragonite
|-damage|p2a: Dragonite|74/100
|
|upkeep
|turn|28
|
|t:|1779805661
|move|p2a: Dragonite|Fire Punch|p1a: Corviknight
|-damage|p1a: Corviknight|0 fnt
|faint|p1a: Corviknight
|
|win|Dragavian NTK
|raw|claudechamp's rating: 1344 &rarr; <strong>1324</strong><br />(-20 for losing)
|raw|Dragavian NTK's rating: 1337 &rarr; <strong>1357</strong><br />(+20 for winning)
|c|☆claudechamp|gg
|l|☆Dragavian NTK
|player|p2|
