|j|☆Team10thPlanett
|j|☆DJ Shindig
|t:|1779946545
|gametype|singles
|player|p1|Team10thPlanett|veteran|1651
|player|p2|DJ Shindig|2|1658
|gen|9
|tier|[Gen 9] OU
|rated|
|rule|HP Percentage Mod: HP is shown in percentages
|rule|Endless Battle Clause: Forcing endless battles is banned
|rule|Species Clause: Limit one of each Pokémon
|rule|OHKO Clause: OHKO moves are banned
|rule|Evasion Items Clause: Evasion items are banned
|rule|Evasion Moves Clause: Evasion moves are banned
|rule|Evasion Abilities Clause: Evasion abilities are banned
|rule|Sleep Moves Clause: Sleep-inducing moves are banned
|clearpoke
|poke|p1|Zamazenta-*|
|poke|p1|Dragonite, M|
|poke|p1|Araquanid, M|
|poke|p1|Iron Treads|
|poke|p1|Raikou|
|poke|p1|Politoed, F|
|poke|p2|Gholdengo|
|poke|p2|Cinderace, F|
|poke|p2|Samurott-Hisui, F|
|poke|p2|Slowking-Galar, F|
|poke|p2|Great Tusk|
|poke|p2|Tornadus-Therian, M|
|teampreview
|
|t:|1779946567
|teamsize|p1|6
|teamsize|p2|6
|start
|switch|p1a: Diego ⚡️|Raikou|100/100
|switch|p2a: Samurott|Samurott-Hisui, F|100/100
|-ability|p1a: Diego ⚡️|Pressure
|turn|1
|
|t:|1779946586
|move|p1a: Diego ⚡️|Volt Switch|p2a: Samurott
|-supereffective|p2a: Samurott
|-damage|p2a: Samurott|29/100
|
|t:|1779946590
|switch|p1a: Iron Treads|Iron Treads|100/100|[from] Volt Switch
|-enditem|p1a: Iron Treads|Booster Energy
|-activate|p1a: Iron Treads|ability: Quark Drive|[fromitem]
|-start|p1a: Iron Treads|quarkdrivespe
|move|p2a: Samurott|Ceaseless Edge|p1a: Iron Treads|[miss]
|-miss|p2a: Samurott|p1a: Iron Treads
|
|upkeep
|turn|2
|
|t:|1779946605
|switch|p2a: Tornadus|Tornadus-Therian, M|100/100
|move|p1a: Iron Treads|Earthquake|p2a: Tornadus
|-immune|p2a: Tornadus
|
|upkeep
|turn|3
|
|t:|1779946612
|move|p1a: Iron Treads|Knock Off|p2a: Tornadus
|-crit|p2a: Tornadus
|-damage|p2a: Tornadus|40/100
|-enditem|p2a: Tornadus|Life Orb|[from] move: Knock Off|[of] p1a: Iron Treads
|move|p2a: Tornadus|Heat Wave|p1a: Iron Treads
|-supereffective|p1a: Iron Treads
|-damage|p1a: Iron Treads|18/100
|
|upkeep
|turn|4
|
|t:|1779946638
|-end|p1a: Iron Treads|Quark Drive|[silent]
|switch|p1a: Politoed|Politoed, F|100/100
|-weather|RainDance|[from] ability: Drizzle|[of] p1a: Politoed
|switch|p2a: Great Tusk|Great Tusk|100/100
|
|-weather|RainDance|[upkeep]
|upkeep
|turn|5
|
|t:|1779946648
|-end|p2a: Great Tusk|Protosynthesis|[silent]
|switch|p2a: Slowking|Slowking-Galar, F|100/100
|move|p1a: Politoed|Surf|p2a: Slowking
|-damage|p2a: Slowking|59/100
|
|-weather|RainDance|[upkeep]
|-heal|p2a: Slowking|65/100|[from] item: Black Sludge
|upkeep
|turn|6
|
|t:|1779946663
|switch|p1a: Diego ⚡️|Raikou|100/100
|-ability|p1a: Diego ⚡️|Pressure
|-prepare|p2a: Slowking|Chilly Reception|[premajor]
|move|p2a: Slowking|Chilly Reception|p2a: Slowking
|-weather|Snowscape
|
|t:|1779946671
|switch|p2a: Cinderace|Cinderace, F|100/100|[from] Chilly Reception
|
|-weather|Snowscape|[upkeep]
|upkeep
|turn|7
|
|t:|1779946683
|switch|p1a: Politoed|Politoed, F|100/100
|-weather|RainDance|[from] ability: Drizzle|[of] p1a: Politoed
|move|p2a: Cinderace|High Jump Kick|p1a: Politoed
|-damage|p1a: Politoed|44/100
|
|-weather|RainDance|[upkeep]
|upkeep
|turn|8
|
|t:|1779946702
|switch|p2a: Slowking|Slowking-Galar, F|98/100
|move|p1a: Politoed|Surf|p2a: Slowking
|-damage|p2a: Slowking|51/100
|
|-weather|RainDance|[upkeep]
|-heal|p2a: Slowking|57/100|[from] item: Black Sludge
|upkeep
|turn|9
|
|t:|1779946711
|move|p1a: Politoed|Surf|p2a: Slowking
|-damage|p2a: Slowking|12/100
|-prepare|p2a: Slowking|Chilly Reception|[premajor]
|move|p2a: Slowking|Chilly Reception|p2a: Slowking
|-weather|Snowscape
|
|t:|1779946725
|switch|p2a: Samurott|Samurott-Hisui, F|29/100|[from] Chilly Reception
|
|-weather|Snowscape|[upkeep]
|upkeep
|turn|10
|
|t:|1779946748
|switch|p1a: Zamazenta|Zamazenta|100/100
|-ability|p1a: Zamazenta|Dauntless Shield|boost
|-boost|p1a: Zamazenta|def|1
|move|p2a: Samurott|Ceaseless Edge|p1a: Zamazenta
|-resisted|p1a: Zamazenta
|-damage|p1a: Zamazenta|87/100
|-sidestart|p1: Team10thPlanett|Spikes
|
|-weather|Snowscape|[upkeep]
|upkeep
|turn|11
|
|t:|1779946762
|switch|p2a: Slowking|Slowking-Galar, F|46/100
|move|p1a: Zamazenta|Close Combat|p2a: Slowking
|-resisted|p2a: Slowking
|-damage|p2a: Slowking|31/100
|-unboost|p1a: Zamazenta|def|1
|-unboost|p1a: Zamazenta|spd|1
|
|-weather|Snowscape|[upkeep]
|-heal|p2a: Slowking|37/100|[from] item: Black Sludge
|upkeep
|turn|12
|
|t:|1779946788
|switch|p1a: Politoed|Politoed, F|44/100
|-damage|p1a: Politoed|32/100|[from] Spikes
|-weather|RainDance|[from] ability: Drizzle|[of] p1a: Politoed
|-prepare|p2a: Slowking|Chilly Reception|[premajor]
|move|p2a: Slowking|Chilly Reception|p2a: Slowking
|-weather|Snowscape
|
|t:|1779946790
|switch|p2a: Samurott|Samurott-Hisui, F|29/100|[from] Chilly Reception
|
|-weather|Snowscape|[upkeep]
|upkeep
|turn|13
|
|t:|1779946809
|-terastallize|p1a: Politoed|Ground
|move|p1a: Politoed|Earth Power|p2a: Samurott
|-damage|p2a: Samurott|5/100
|move|p2a: Samurott|Ceaseless Edge|p1a: Politoed
|-damage|p1a: Politoed|0 fnt
|-sidestart|p1: Team10thPlanett|Spikes
|faint|p1a: Politoed
|
|-weather|Snowscape|[upkeep]
|upkeep
|j| All About Lily 22
|
|t:|1779946823
|switch|p1a: Iron Treads|Iron Treads|18/100
|-damage|p1a: Iron Treads|2/100|[from] Spikes
|turn|14
|
|t:|1779946828
|switch|p2a: Great Tusk|Great Tusk|100/100
|move|p1a: Iron Treads|Rapid Spin|p2a: Great Tusk
|-damage|p2a: Great Tusk|90/100
|-boost|p1a: Iron Treads|spe|1
|-damage|p1a: Iron Treads|0 fnt|[from] item: Rocky Helmet|[of] p2a: Great Tusk
|faint|p1a: Iron Treads
|-end|p1a: Iron Treads|Quark Drive|[silent]
|
|-weather|Snowscape|[upkeep]
|upkeep
|
|t:|1779946842
|switch|p1a: Johnny Tsunami 🌊|Araquanid, M|100/100
|-damage|p1a: Johnny Tsunami 🌊|84/100|[from] Spikes
|turn|15
|l| All About Lily 22
|
|t:|1779946900
|-end|p2a: Great Tusk|Protosynthesis|[silent]
|switch|p2a: Samurott|Samurott-Hisui, F|5/100
|move|p1a: Johnny Tsunami 🌊|Surf|p2a: Samurott
|-resisted|p2a: Samurott
|-damage|p2a: Samurott|0 fnt
|faint|p2a: Samurott
|
|-weather|Snowscape|[upkeep]
|upkeep
|
|t:|1779946906
|switch|p2a: Tornadus|Tornadus-Therian, M|73/100
|turn|16
|
|t:|1779946926
|move|p1a: Johnny Tsunami 🌊|Endure|p1a: Johnny Tsunami 🌊
|-singleturn|p1a: Johnny Tsunami 🌊|move: Endure
|move|p2a: Tornadus|Bleakwind Storm|p1a: Johnny Tsunami 🌊
|-supereffective|p1a: Johnny Tsunami 🌊
|-damage|p1a: Johnny Tsunami 🌊|12/100
|
|-weather|none
|upkeep
|turn|17
|-enditem|p1a: Johnny Tsunami 🌊|Custap Berry|[eat]
|-activate|p1a: Johnny Tsunami 🌊|item: Custap Berry|[consumed]
|
|t:|1779946946
|move|p1a: Johnny Tsunami 🌊|Endeavor|p2a: Tornadus
|-damage|p2a: Tornadus|13/100
|move|p2a: Tornadus|Grass Knot|p1a: Johnny Tsunami 🌊
|-damage|p1a: Johnny Tsunami 🌊|0 fnt
|faint|p1a: Johnny Tsunami 🌊
|
|upkeep
|
|t:|1779946974
|switch|p1a: Zamazenta|Zamazenta|87/100
|-damage|p1a: Zamazenta|70/100|[from] Spikes
|turn|18
|
|t:|1779946980
|move|p1a: Zamazenta|Crunch|p2a: Tornadus
|-damage|p2a: Tornadus|0 fnt
|faint|p2a: Tornadus
|
|upkeep
|
|t:|1779946984
|switch|p2a: Great Tusk|Great Tusk|90/100
|turn|19
|
|t:|1779946990
|switch|p1a: Fat Boy|Dragonite, M, shiny|100/100
|move|p2a: Great Tusk|Rapid Spin|p1a: Fat Boy
|-damage|p1a: Fat Boy|93/100
|-boost|p2a: Great Tusk|spe|1
|
|upkeep
|turn|20
|
|t:|1779947003
|move|p2a: Great Tusk|Ice Spinner|p1a: Fat Boy
|-supereffective|p1a: Fat Boy
|-damage|p1a: Fat Boy|0 fnt
|faint|p1a: Fat Boy
|
|upkeep
|
|t:|1779947010
|switch|p1a: Zamazenta|Zamazenta|70/100
|-damage|p1a: Zamazenta|54/100|[from] Spikes
|turn|21
|
|t:|1779947017
|-terastallize|p2a: Great Tusk|Fairy
|move|p2a: Great Tusk|Rapid Spin|p1a: Zamazenta
|-damage|p1a: Zamazenta|37/100
|-boost|p2a: Great Tusk|spe|1
|move|p1a: Zamazenta|Ice Fang|p2a: Great Tusk
|-damage|p2a: Great Tusk|68/100
|-damage|p1a: Zamazenta|20/100|[from] item: Rocky Helmet|[of] p2a: Great Tusk
|
|upkeep
|turn|22
|inactive|Battle timer is ON: inactive players will automatically lose when time's up. (requested by DJ Shindig)
|j| samurajen
|
|t:|1779947083
|move|p2a: Great Tusk|Headlong Rush|p1a: Zamazenta
|-damage|p1a: Zamazenta|0 fnt
|-unboost|p2a: Great Tusk|def|1
|-unboost|p2a: Great Tusk|spd|1
|faint|p1a: Zamazenta
|
|upkeep
|
|t:|1779947103
|switch|p1a: Diego ⚡️|Raikou|100/100
|-damage|p1a: Diego ⚡️|84/100|[from] Spikes
|-ability|p1a: Diego ⚡️|Pressure
|turn|23
|
|t:|1779947113
|move|p2a: Great Tusk|Headlong Rush|p1a: Diego ⚡️
|-supereffective|p1a: Diego ⚡️
|-damage|p1a: Diego ⚡️|0 fnt
|-unboost|p2a: Great Tusk|def|1
|-unboost|p2a: Great Tusk|spd|1
|faint|p1a: Diego ⚡️
|
|win|DJ Shindig
|raw|Team10thPlanett's rating: 1651 &rarr; <strong>1630</strong><br />(-21 for losing)
|raw|DJ Shindig's rating: 1642 &rarr; <strong>1663</strong><br />(+21 for winning)
|l|☆DJ Shindig
|player|p2|
|l|☆Team10thPlanett
|player|p1|
|l| samurajen
