|j|☆4W3N0
|j|☆qwb_dwxx
|t:|1779861104
|gametype|singles
|player|p1|4W3N0|265|1449
|player|p2|qwb_dwxx|2|1431
|gen|9
|tier|[Gen 9] OU
|rated|
|rule|HP Percentage Mod: HP is shown in percentages
|rule|Endless Battle Clause: Forcing endless battles is banned
|rule|Species Clause: Limit one of each Pokémon
|rule|OHKO Clause: OHKO moves are banned
|rule|Evasion Items Clause: Evasion items are banned
|rule|Evasion Moves Clause: Evasion moves are banned
|rule|Evasion Abilities Clause: Evasion abilities are banned
|rule|Sleep Moves Clause: Sleep-inducing moves are banned
|clearpoke
|poke|p1|Ninetales, M|
|poke|p1|Raging Bolt|
|poke|p1|Walking Wake|
|poke|p1|Great Tusk|
|poke|p1|Cresselia, F|
|poke|p1|Cinderace, F|
|poke|p2|Chesnaught, M|
|poke|p2|Gliscor, F|
|poke|p2|Weezing-Galar, M|
|poke|p2|Goodra-Hisui, M|
|poke|p2|Gholdengo|
|poke|p2|Darkrai|
|teampreview
|
|t:|1779861118
|teamsize|p1|6
|teamsize|p2|6
|start
|switch|p1a: Ninetales|Ninetales, M|100/100
|switch|p2a: Gliscor|Gliscor, F|100/100
|-weather|SunnyDay|[from] ability: Drought|[of] p1a: Ninetales
|turn|1
|
|t:|1779861125
|move|p2a: Gliscor|Protect|p2a: Gliscor
|-singleturn|p2a: Gliscor|Protect
|move|p1a: Ninetales|Overheat|p2a: Gliscor
|-activate|p2a: Gliscor|move: Protect
|
|-weather|SunnyDay|[upkeep]
|-status|p2a: Gliscor|tox|[from] item: Toxic Orb
|upkeep
|turn|2
|
|t:|1779861128
|move|p1a: Ninetales|Encore|p2a: Gliscor
|-start|p2a: Gliscor|Encore
|move|p2a: Gliscor|Protect||[still]
|-fail|p2a: Gliscor
|
|-weather|SunnyDay|[upkeep]
|upkeep
|turn|3
|
|t:|1779861132
|switch|p1a: Walking Wake|Walking Wake|100/100
|-activate|p1a: Walking Wake|ability: Protosynthesis
|-start|p1a: Walking Wake|protosynthesisspe
|move|p2a: Gliscor|Protect||[still]
|-fail|p2a: Gliscor
|
|-weather|SunnyDay|[upkeep]
|upkeep
|turn|4
|
|t:|1779861136
|move|p2a: Gliscor|Protect|p2a: Gliscor
|-singleturn|p2a: Gliscor|Protect
|move|p1a: Walking Wake|Hydro Steam|p2a: Gliscor
|-activate|p2a: Gliscor|move: Protect
|
|-weather|SunnyDay|[upkeep]
|-end|p2a: Gliscor|Encore
|upkeep
|turn|5
|
|t:|1779861146
|switch|p2a: Goodra|Goodra-Hisui, M|100/100
|move|p1a: Walking Wake|Hydro Steam|p2a: Goodra
|-resisted|p2a: Goodra
|-damage|p2a: Goodra|80/100
|
|-weather|SunnyDay|[upkeep]
|upkeep
|turn|6
|
|t:|1779861219
|-end|p1a: Walking Wake|Protosynthesis|[silent]
|switch|p1a: Cresselia|Cresselia, F|100/100
|move|p2a: Goodra|Knock Off|p1a: Cresselia
|-supereffective|p1a: Cresselia
|-damage|p1a: Cresselia|68/100
|-enditem|p1a: Cresselia|Eject Button|[from] move: Knock Off|[of] p2a: Goodra
|
|-weather|SunnyDay|[upkeep]
|upkeep
|turn|7
|
|t:|1779861264
|move|p1a: Cresselia|Calm Mind|p1a: Cresselia
|-boost|p1a: Cresselia|spa|1
|-boost|p1a: Cresselia|spd|1
|move|p2a: Goodra|Dragon Tail|p1a: Cresselia
|-damage|p1a: Cresselia|51/100
|drag|p1a: Cinderace|Cinderace, F|100/100
|
|-weather|SunnyDay|[upkeep]
|upkeep
|turn|8
|
|t:|1779861282
|switch|p2a: Chesnaught|Chesnaught, M|100/100
|move|p1a: Cinderace|Will-O-Wisp|p2a: Chesnaught
|-status|p2a: Chesnaught|brn
|
|-weather|none
|-damage|p2a: Chesnaught|94/100 brn|[from] brn
|upkeep
|turn|9
|
|t:|1779861314
|move|p1a: Cinderace|Pyro Ball|p2a: Chesnaught
|-immune|p2a: Chesnaught|[from] ability: Bulletproof
|move|p2a: Chesnaught|Body Press|p1a: Cinderace
|-damage|p1a: Cinderace|69/100
|
|-damage|p2a: Chesnaught|88/100 brn|[from] brn
|upkeep
|turn|10
|
|t:|1779861322
|move|p1a: Cinderace|U-turn|p2a: Chesnaught
|-start|p1a: Cinderace|typechange|Bug|[from] ability: Libero
|-damage|p2a: Chesnaught|70/100 brn
|-damage|p1a: Cinderace|52/100|[from] item: Rocky Helmet|[of] p2a: Chesnaught
|
|t:|1779861329
|switch|p1a: Raging Bolt|Raging Bolt|100/100|[from] U-turn
|move|p2a: Chesnaught|Spikes|p1a: Raging Bolt
|-sidestart|p1: 4W3N0|Spikes
|
|-damage|p2a: Chesnaught|64/100 brn|[from] brn
|upkeep
|turn|11
|
|t:|1779861336
|switch|p2a: Goodra|Goodra-Hisui, M|80/100
|move|p1a: Raging Bolt|Calm Mind|p1a: Raging Bolt
|-boost|p1a: Raging Bolt|spa|1
|-boost|p1a: Raging Bolt|spd|1
|
|upkeep
|turn|12
|
|t:|1779861340
|move|p1a: Raging Bolt|Dragon Pulse|p2a: Goodra
|-damage|p2a: Goodra|48/100
|move|p2a: Goodra|Dragon Tail|p1a: Raging Bolt
|-supereffective|p1a: Raging Bolt
|-damage|p1a: Raging Bolt|51/100
|-end|p1a: Raging Bolt|Protosynthesis|[silent]
|drag|p1a: Ninetales|Ninetales, M|100/100
|-damage|p1a: Ninetales|88/100|[from] Spikes
|-weather|SunnyDay|[from] ability: Drought|[of] p1a: Ninetales
|
|-weather|SunnyDay|[upkeep]
|upkeep
|turn|13
|
|t:|1779861351
|switch|p2a: Gliscor|Gliscor, F|100/100 tox
|move|p1a: Ninetales|Overheat|p2a: Gliscor
|-damage|p2a: Gliscor|41/100 tox
|-unboost|p1a: Ninetales|spa|2
|
|-weather|SunnyDay|[upkeep]
|-heal|p2a: Gliscor|53/100 tox|[from] ability: Poison Heal
|upkeep
|turn|14
|
|t:|1779861356
|switch|p1a: Cresselia|Cresselia, F|51/100
|move|p2a: Gliscor|Knock Off|p1a: Cresselia
|-supereffective|p1a: Cresselia
|-damage|p1a: Cresselia|36/100
|
|-weather|SunnyDay|[upkeep]
|-heal|p2a: Gliscor|66/100 tox|[from] ability: Poison Heal
|upkeep
|turn|15
|
|t:|1779861361
|move|p2a: Gliscor|Protect|p2a: Gliscor
|-singleturn|p2a: Gliscor|Protect
|move|p1a: Cresselia|Moonlight|p1a: Cresselia
|-heal|p1a: Cresselia|100/100
|
|-weather|SunnyDay|[upkeep]
|-heal|p2a: Gliscor|78/100 tox|[from] ability: Poison Heal
|upkeep
|turn|16
|
|t:|1779861369
|switch|p2a: Gholdengo|Gholdengo|100/100
|move|p1a: Cresselia|Ice Beam|p2a: Gholdengo
|-resisted|p2a: Gholdengo
|-damage|p2a: Gholdengo|90/100
|
|-weather|SunnyDay|[upkeep]
|upkeep
|turn|17
|
|t:|1779861383
|move|p2a: Gholdengo|Shadow Ball|p1a: Cresselia
|-supereffective|p1a: Cresselia
|-damage|p1a: Cresselia|48/100
|move|p1a: Cresselia|Lunar Dance|p1a: Cresselia
|faint|p1a: Cresselia
|
|-weather|SunnyDay|[upkeep]
|upkeep
|
|t:|1779861386
|switch|p1a: Walking Wake|Walking Wake|100/100
|-heal|p1a: Walking Wake|100/100|[from] move: Lunar Dance
|-damage|p1a: Walking Wake|88/100|[from] Spikes
|-activate|p1a: Walking Wake|ability: Protosynthesis
|-start|p1a: Walking Wake|protosynthesisspe
|turn|18
|
|t:|1779861393
|switch|p2a: Goodra|Goodra-Hisui, M|48/100
|move|p1a: Walking Wake|Flamethrower|p2a: Goodra
|-damage|p2a: Goodra|19/100
|
|-weather|SunnyDay|[upkeep]
|upkeep
|turn|19
|
|t:|1779861404
|switch|p2a: Gliscor|Gliscor, F|78/100 tox
|move|p1a: Walking Wake|Flamethrower|p2a: Gliscor
|-damage|p2a: Gliscor|17/100 tox
|
|-weather|none
|-end|p1a: Walking Wake|Protosynthesis
|-heal|p2a: Gliscor|30/100 tox|[from] ability: Poison Heal
|upkeep
|turn|20
|
|t:|1779861418
|-end|p1a: Walking Wake|Protosynthesis|[silent]
|switch|p1a: Cinderace|Cinderace, F|52/100
|move|p2a: Gliscor|Protect||[still]
|-fail|p2a: Gliscor
|
|-heal|p2a: Gliscor|42/100 tox|[from] ability: Poison Heal
|upkeep
|turn|21
|
|t:|1779861425
|move|p1a: Cinderace|Court Change|p1a: Cinderace
|-start|p1a: Cinderace|typechange|Normal|[from] ability: Libero
|-swapsideconditions
|-activate|p1a: Cinderace|move: Court Change
|move|p2a: Gliscor|Knock Off|p1a: Cinderace
|-damage|p1a: Cinderace|23/100
|-enditem|p1a: Cinderace|Heavy-Duty Boots|[from] move: Knock Off|[of] p2a: Gliscor
|
|-heal|p2a: Gliscor|54/100 tox|[from] ability: Poison Heal
|upkeep
|turn|22
|
|t:|1779861431
|move|p2a: Gliscor|Protect|p2a: Gliscor
|-singleturn|p2a: Gliscor|Protect
|move|p1a: Cinderace|Pyro Ball|p2a: Gliscor
|-activate|p2a: Gliscor|move: Protect
|
|-heal|p2a: Gliscor|67/100 tox|[from] ability: Poison Heal
|upkeep
|turn|23
|
|t:|1779861436
|switch|p2a: Chesnaught|Chesnaught, M|64/100 brn
|-damage|p2a: Chesnaught|52/100 brn|[from] Spikes
|move|p1a: Cinderace|Pyro Ball|p2a: Chesnaught
|-immune|p2a: Chesnaught|[from] ability: Bulletproof
|
|-damage|p2a: Chesnaught|46/100 brn|[from] brn
|upkeep
|turn|24
|
|t:|1779861439
|move|p1a: Cinderace|U-turn|p2a: Chesnaught
|-damage|p2a: Chesnaught|33/100 brn
|-damage|p1a: Cinderace|7/100|[from] item: Rocky Helmet|[of] p2a: Chesnaught
|
|t:|1779861445
|switch|p1a: Ninetales|Ninetales, M|88/100|[from] U-turn
|-weather|SunnyDay|[from] ability: Drought|[of] p1a: Ninetales
|move|p2a: Chesnaught|Spikes|p1a: Ninetales
|-sidestart|p1: 4W3N0|Spikes
|
|-weather|SunnyDay|[upkeep]
|-damage|p2a: Chesnaught|27/100 brn|[from] brn
|upkeep
|turn|25
|
|t:|1779861451
|move|p1a: Ninetales|Overheat|p2a: Chesnaught
|-supereffective|p2a: Chesnaught
|-damage|p2a: Chesnaught|0 fnt
|-unboost|p1a: Ninetales|spa|2
|faint|p2a: Chesnaught
|
|-weather|SunnyDay|[upkeep]
|upkeep
|
|t:|1779861453
|switch|p2a: Gliscor|Gliscor, F|67/100 tox
|turn|26
|
|t:|1779861460
|switch|p1a: Cinderace|Cinderace, F|7/100
|-damage|p1a: Cinderace|0 fnt|[from] Spikes
|faint|p1a: Cinderace
|move|p2a: Gliscor|Stealth Rock|p1: Cinderace
|-sidestart|p1: 4W3N0|move: Stealth Rock
|
|-weather|SunnyDay|[upkeep]
|-heal|p2a: Gliscor|79/100 tox|[from] ability: Poison Heal
|upkeep
|
|t:|1779861464
|switch|p1a: Walking Wake|Walking Wake|88/100
|-damage|p1a: Walking Wake|76/100|[from] Spikes
|-damage|p1a: Walking Wake|64/100|[from] Stealth Rock
|-activate|p1a: Walking Wake|ability: Protosynthesis
|-start|p1a: Walking Wake|protosynthesisspe
|turn|27
|
|t:|1779861470
|move|p2a: Gliscor|Protect|p2a: Gliscor
|-singleturn|p2a: Gliscor|Protect
|move|p1a: Walking Wake|Draco Meteor|p2a: Gliscor
|-activate|p2a: Gliscor|move: Protect
|
|-weather|SunnyDay|[upkeep]
|-heal|p2a: Gliscor|92/100 tox|[from] ability: Poison Heal
|upkeep
|turn|28
|
|t:|1779861476
|-end|p1a: Walking Wake|Protosynthesis|[silent]
|switch|p1a: Great Tusk|Great Tusk|100/100
|-damage|p1a: Great Tusk|88/100|[from] Spikes
|-damage|p1a: Great Tusk|85/100|[from] Stealth Rock
|-activate|p1a: Great Tusk|ability: Protosynthesis
|-start|p1a: Great Tusk|protosynthesisatk
|switch|p2a: Weezing|Weezing-Galar, M|100/100
|-ability|p2a: Weezing|Neutralizing Gas
|-damage|p2a: Weezing|88/100|[from] Spikes
|
|-weather|SunnyDay|[upkeep]
|-heal|p2a: Weezing|94/100|[from] item: Leftovers
|upkeep
|turn|29
|
|t:|1779861487
|move|p1a: Great Tusk|Headlong Rush|p2a: Weezing
|-supereffective|p2a: Weezing
|-damage|p2a: Weezing|16/100
|-unboost|p1a: Great Tusk|def|1
|-unboost|p1a: Great Tusk|spd|1
|move|p2a: Weezing|Will-O-Wisp|p1a: Great Tusk
|-status|p1a: Great Tusk|brn
|
|-weather|SunnyDay|[upkeep]
|-heal|p2a: Weezing|22/100|[from] item: Leftovers
|-damage|p1a: Great Tusk|79/100 brn|[from] brn
|upkeep
|turn|30
|
|t:|1779861492
|move|p1a: Great Tusk|Rapid Spin|p2a: Weezing
|-damage|p2a: Weezing|17/100
|-boost|p1a: Great Tusk|spe|1
|-sideend|p1: 4W3N0|Spikes|[from] move: Rapid Spin|[of] p1a: Great Tusk
|-sideend|p1: 4W3N0|Stealth Rock|[from] move: Rapid Spin|[of] p1a: Great Tusk
|move|p2a: Weezing|Pain Split|p1a: Great Tusk
|-sethp|p1a: Great Tusk|47/100 brn|[from] move: Pain Split|[silent]
|-sethp|p2a: Weezing|52/100|[from] move: Pain Split
|
|-weather|SunnyDay|[upkeep]
|-heal|p2a: Weezing|58/100|[from] item: Leftovers
|-damage|p1a: Great Tusk|41/100 brn|[from] brn
|upkeep
|turn|31
|
|t:|1779861499
|move|p1a: Great Tusk|Headlong Rush|p2a: Weezing
|-supereffective|p2a: Weezing
|-damage|p2a: Weezing|16/100
|-unboost|p1a: Great Tusk|def|1
|-unboost|p1a: Great Tusk|spd|1
|move|p2a: Weezing|Defog|p1a: Great Tusk
|-unboost|p1a: Great Tusk|evasion|1
|-sideend|p2: qwb_dwxx|Spikes|[from] move: Defog|[of] p2a: Weezing
|
|-weather|none
|-heal|p2a: Weezing|22/100|[from] item: Leftovers
|-damage|p1a: Great Tusk|35/100 brn|[from] brn
|upkeep
|turn|32
|
|t:|1779861508
|-end|p1a: Great Tusk|Protosynthesis|[silent]
|switch|p1a: Ninetales|Ninetales, M|88/100
|-end|p2a: Weezing|ability: Neutralizing Gas
|-weather|SunnyDay|[from] ability: Drought|[of] p1a: Ninetales
|switch|p2a: Gliscor|Gliscor, F|92/100 tox
|
|-weather|SunnyDay|[upkeep]
|-heal|p2a: Gliscor|100/100 tox|[from] ability: Poison Heal
|upkeep
|turn|33
|
|t:|1779861525
|move|p1a: Ninetales|Overheat|p2a: Gliscor
|-crit|p2a: Gliscor
|-damage|p2a: Gliscor|4/100 tox
|-unboost|p1a: Ninetales|spa|2
|move|p2a: Gliscor|Stealth Rock|p1a: Ninetales
|-sidestart|p1: 4W3N0|move: Stealth Rock
|
|-weather|SunnyDay|[upkeep]
|-heal|p2a: Gliscor|16/100 tox|[from] ability: Poison Heal
|upkeep
|turn|34
|
|t:|1779861535
|switch|p2a: Darkrai|Darkrai|100/100
|move|p1a: Ninetales|Overheat|p2a: Darkrai
|-damage|p2a: Darkrai|52/100
|-unboost|p1a: Ninetales|spa|2
|
|-weather|SunnyDay|[upkeep]
|upkeep
|turn|35
|
|t:|1779861548
|switch|p1a: Raging Bolt|Raging Bolt|51/100
|-damage|p1a: Raging Bolt|38/100|[from] Stealth Rock
|-activate|p1a: Raging Bolt|ability: Protosynthesis
|-start|p1a: Raging Bolt|protosynthesisspa
|move|p2a: Darkrai|Dark Pulse|p1a: Raging Bolt
|-damage|p1a: Raging Bolt|0 fnt
|faint|p1a: Raging Bolt
|-end|p1a: Raging Bolt|Protosynthesis|[silent]
|
|-weather|SunnyDay|[upkeep]
|upkeep
|
|t:|1779861550
|switch|p1a: Walking Wake|Walking Wake|64/100
|-damage|p1a: Walking Wake|51/100|[from] Stealth Rock
|-activate|p1a: Walking Wake|ability: Protosynthesis
|-start|p1a: Walking Wake|protosynthesisspe
|turn|36
|
|t:|1779861557
|switch|p2a: Goodra|Goodra-Hisui, M|19/100
|move|p1a: Walking Wake|Hydro Steam|p2a: Goodra
|-resisted|p2a: Goodra
|-damage|p2a: Goodra|0 fnt
|faint|p2a: Goodra
|
|-weather|SunnyDay|[upkeep]
|upkeep
|
|t:|1779861563
|switch|p2a: Gliscor|Gliscor, F|16/100 tox
|turn|37
|
|t:|1779861565
|move|p2a: Gliscor|Protect|p2a: Gliscor
|-singleturn|p2a: Gliscor|Protect
|move|p1a: Walking Wake|Hydro Steam|p2a: Gliscor
|-activate|p2a: Gliscor|move: Protect
|
|-weather|SunnyDay|[upkeep]
|-heal|p2a: Gliscor|29/100 tox|[from] ability: Poison Heal
|upkeep
|turn|38
|
|t:|1779861570
|switch|p2a: Weezing|Weezing-Galar, M|22/100
|-ability|p2a: Weezing|Neutralizing Gas
|move|p1a: Walking Wake|Hydro Steam|p2a: Weezing
|-damage|p2a: Weezing|0 fnt
|faint|p2a: Weezing
|-end|p2a: Weezing|ability: Neutralizing Gas
|
|-weather|SunnyDay|[upkeep]
|upkeep
|
|t:|1779861573
|switch|p2a: Gliscor|Gliscor, F|29/100 tox
|turn|39
|
|t:|1779861580
|move|p2a: Gliscor|Protect|p2a: Gliscor
|-singleturn|p2a: Gliscor|Protect
|move|p1a: Walking Wake|Hydro Steam|p2a: Gliscor
|-activate|p2a: Gliscor|move: Protect
|
|-weather|none
|-end|p1a: Walking Wake|Protosynthesis
|-heal|p2a: Gliscor|41/100 tox|[from] ability: Poison Heal
|upkeep
|turn|40
|
|t:|1779861586
|-end|p1a: Walking Wake|Protosynthesis|[silent]
|switch|p1a: Great Tusk|Great Tusk|35/100 brn
|-damage|p1a: Great Tusk|32/100 brn|[from] Stealth Rock
|-terastallize|p2a: Gliscor|Water
|move|p2a: Gliscor|Earthquake|p1a: Great Tusk
|-damage|p1a: Great Tusk|8/100 brn
|
|-heal|p2a: Gliscor|54/100 tox|[from] ability: Poison Heal
|-damage|p1a: Great Tusk|2/100 brn|[from] brn
|upkeep
|turn|41
|
|t:|1779861593
|-end|p1a: Great Tusk|Protosynthesis|[silent]
|switch|p1a: Ninetales|Ninetales, M|88/100
|-damage|p1a: Ninetales|64/100|[from] Stealth Rock
|-weather|SunnyDay|[from] ability: Drought|[of] p1a: Ninetales
|move|p2a: Gliscor|Protect||[still]
|-fail|p2a: Gliscor
|
|-weather|SunnyDay|[upkeep]
|-heal|p2a: Gliscor|66/100 tox|[from] ability: Poison Heal
|upkeep
|turn|42
|
|t:|1779861598
|move|p1a: Ninetales|Encore|p2a: Gliscor
|-start|p2a: Gliscor|Encore
|move|p2a: Gliscor|Protect||[still]
|-fail|p2a: Gliscor
|
|-weather|SunnyDay|[upkeep]
|-heal|p2a: Gliscor|78/100 tox|[from] ability: Poison Heal
|upkeep
|turn|43
|
|t:|1779861603
|switch|p2a: Darkrai|Darkrai|52/100
|move|p1a: Ninetales|Healing Wish|p1a: Ninetales
|faint|p1a: Ninetales
|
|-weather|SunnyDay|[upkeep]
|upkeep
|
|t:|1779861613
|switch|p1a: Great Tusk|Great Tusk|2/100 brn
|-heal|p1a: Great Tusk|100/100|[from] move: Healing Wish
|-damage|p1a: Great Tusk|98/100|[from] Stealth Rock
|-activate|p1a: Great Tusk|ability: Protosynthesis
|-start|p1a: Great Tusk|protosynthesisatk
|turn|44
|
|t:|1779861618
|move|p2a: Darkrai|Ice Beam|p1a: Great Tusk
|-supereffective|p1a: Great Tusk
|-damage|p1a: Great Tusk|0 fnt
|faint|p1a: Great Tusk
|-end|p1a: Great Tusk|Protosynthesis|[silent]
|
|-weather|SunnyDay|[upkeep]
|upkeep
|
|t:|1779861620
|switch|p1a: Walking Wake|Walking Wake|51/100
|-damage|p1a: Walking Wake|39/100|[from] Stealth Rock
|-activate|p1a: Walking Wake|ability: Protosynthesis
|-start|p1a: Walking Wake|protosynthesisspe
|turn|45
|
|t:|1779861624
|move|p1a: Walking Wake|Dragon Pulse|p2a: Darkrai
|-crit|p2a: Darkrai
|-damage|p2a: Darkrai|0 fnt
|faint|p2a: Darkrai
|
|-weather|SunnyDay|[upkeep]
|upkeep
|
|t:|1779861628
|switch|p2a: Gliscor|Gliscor, F, tera:Water|78/100 tox
|turn|46
|
|t:|1779861630
|move|p2a: Gliscor|Protect|p2a: Gliscor
|-singleturn|p2a: Gliscor|Protect
|move|p1a: Walking Wake|Dragon Pulse|p2a: Gliscor
|-activate|p2a: Gliscor|move: Protect
|
|-weather|SunnyDay|[upkeep]
|-heal|p2a: Gliscor|91/100 tox|[from] ability: Poison Heal
|upkeep
|turn|47
|
|t:|1779861634
|move|p1a: Walking Wake|Dragon Pulse|p2a: Gliscor
|-damage|p2a: Gliscor|38/100 tox
|move|p2a: Gliscor|Earthquake|p1a: Walking Wake
|-damage|p1a: Walking Wake|5/100
|
|-weather|SunnyDay|[upkeep]
|-heal|p2a: Gliscor|50/100 tox|[from] ability: Poison Heal
|upkeep
|turn|48
|
|t:|1779861640
|move|p2a: Gliscor|Protect|p2a: Gliscor
|-singleturn|p2a: Gliscor|Protect
|move|p1a: Walking Wake|Dragon Pulse|p2a: Gliscor
|-activate|p2a: Gliscor|move: Protect
|
|-weather|none
|-end|p1a: Walking Wake|Protosynthesis
|-heal|p2a: Gliscor|63/100 tox|[from] ability: Poison Heal
|upkeep
|turn|49
|
|t:|1779861644
|move|p1a: Walking Wake|Dragon Pulse|p2a: Gliscor
|-damage|p2a: Gliscor|13/100 tox
|move|p2a: Gliscor|Earthquake|p1a: Walking Wake
|-damage|p1a: Walking Wake|0 fnt
|faint|p1a: Walking Wake
|-end|p1a: Walking Wake|Protosynthesis|[silent]
|
|win|qwb_dwxx
|raw|4W3N0's rating: 1449 &rarr; <strong>1428</strong><br />(-21 for losing)
|raw|qwb_dwxx's rating: 1431 &rarr; <strong>1452</strong><br />(+21 for winning)
|l|☆4W3N0
|player|p1|
|l|☆qwb_dwxx
|player|p2|
