|j|☆Aliaksiam
|j|☆easydingo
|t:|1779955495
|gametype|singles
|player|p1|Aliaksiam|265|1207
|player|p2|easydingo|101|1134
|gen|9
|tier|[Gen 9] OU
|rated|
|rule|HP Percentage Mod: HP is shown in percentages
|rule|Endless Battle Clause: Forcing endless battles is banned
|rule|Species Clause: Limit one of each Pokémon
|rule|OHKO Clause: OHKO moves are banned
|rule|Evasion Items Clause: Evasion items are banned
|rule|Evasion Moves Clause: Evasion moves are banned
|rule|Evasion Abilities Clause: Evasion abilities are banned
|rule|Sleep Moves Clause: Sleep-inducing moves are banned
|clearpoke
|poke|p1|Tyranitar, F|
|poke|p1|Excadrill, F|
|poke|p1|Garganacl, M|
|poke|p1|Clodsire, M|
|poke|p1|Corviknight, M|
|poke|p1|Gliscor, F|
|poke|p2|Pelipper, L99, F|
|poke|p2|Barraskewda, F|
|poke|p2|Raging Bolt|
|poke|p2|Golduck, F|
|poke|p2|Pawmot, F|
|poke|p2|Tentacruel, F|
|teampreview
|
|t:|1779955545
|teamsize|p1|6
|teamsize|p2|6
|start
|switch|p1a: Tyranitar|Tyranitar, F|100/100
|switch|p2a: Ghoti carrier|Pelipper, L99, F|100/100
|-weather|Sandstorm|[from] ability: Sand Stream|[of] p1a: Tyranitar
|-weather|RainDance|[from] ability: Drizzle|[of] p2a: Ghoti carrier
|turn|1
|
|t:|1779955554
|switch|p1a: Clodsire|Clodsire, M|100/100
|move|p2a: Ghoti carrier|U-turn|p1a: Clodsire
|-resisted|p1a: Clodsire
|-damage|p1a: Clodsire|96/100
|
|t:|1779955563
|switch|p2a: Seaking Duck|Golduck, F|100/100|[from] U-turn
|
|-weather|RainDance|[upkeep]
|upkeep
|turn|2
|
|t:|1779955584
|move|p2a: Seaking Duck|Nasty Plot|p2a: Seaking Duck
|-boost|p2a: Seaking Duck|spa|2
|move|p1a: Clodsire|Toxic|p2a: Seaking Duck
|-status|p2a: Seaking Duck|tox
|
|-weather|RainDance|[upkeep]
|-damage|p2a: Seaking Duck|95/100 tox|[from] psn
|upkeep
|turn|3
|
|t:|1779955593
|move|p2a: Seaking Duck|Ice Beam|p1a: Clodsire
|-supereffective|p1a: Clodsire
|-damage|p1a: Clodsire|24/100
|-damage|p2a: Seaking Duck|85/100 tox|[from] item: Life Orb
|move|p1a: Clodsire|Spikes|p2a: Seaking Duck
|-sidestart|p2: easydingo|Spikes
|
|-weather|RainDance|[upkeep]
|-damage|p2a: Seaking Duck|73/100 tox|[from] psn
|upkeep
|turn|4
|
|t:|1779955602
|switch|p1a: Corviknight|Corviknight, M|100/100
|-ability|p1a: Corviknight|Pressure
|move|p2a: Seaking Duck|Ice Beam|p1a: Corviknight
|-damage|p1a: Corviknight|26/100
|-damage|p2a: Seaking Duck|63/100 tox|[from] item: Life Orb
|
|-weather|RainDance|[upkeep]
|-heal|p1a: Corviknight|32/100|[from] item: Leftovers
|-damage|p2a: Seaking Duck|45/100 tox|[from] psn
|upkeep
|turn|5
|
|t:|1779955617
|move|p2a: Seaking Duck|Ice Beam|p1a: Corviknight
|-damage|p1a: Corviknight|0 fnt
|faint|p1a: Corviknight
|-damage|p2a: Seaking Duck|35/100 tox|[from] item: Life Orb
|
|-weather|RainDance|[upkeep]
|-damage|p2a: Seaking Duck|11/100 tox|[from] psn
|upkeep
|
|t:|1779955624
|switch|p1a: Gliscor|Gliscor, F|100/100
|turn|6
|
|t:|1779955637
|move|p1a: Gliscor|Protect|p1a: Gliscor
|-singleturn|p1a: Gliscor|Protect
|move|p2a: Seaking Duck|Ice Beam|p1a: Gliscor
|-activate|p1a: Gliscor|move: Protect
|
|-weather|RainDance|[upkeep]
|-damage|p2a: Seaking Duck|0 fnt|[from] psn
|faint|p2a: Seaking Duck
|-status|p1a: Gliscor|tox|[from] item: Toxic Orb
|upkeep
|
|t:|1779955639
|switch|p2a: ExSkewda Me|Barraskewda, F|100/100
|-damage|p2a: ExSkewda Me|88/100|[from] Spikes
|turn|7
|
|t:|1779955676
|switch|p1a: Clodsire|Clodsire, M|24/100
|move|p2a: ExSkewda Me|Close Combat|p1a: Clodsire
|-resisted|p1a: Clodsire
|-damage|p1a: Clodsire|0 fnt
|-unboost|p2a: ExSkewda Me|def|1
|-unboost|p2a: ExSkewda Me|spd|1
|faint|p1a: Clodsire
|
|-weather|RainDance|[upkeep]
|upkeep
|
|t:|1779955685
|switch|p1a: Garganacl|Garganacl, M|100/100
|turn|8
|
|t:|1779955688
|-terastallize|p1a: Garganacl|Fairy
|move|p2a: ExSkewda Me|Flip Turn|p1a: Garganacl
|-damage|p1a: Garganacl|61/100
|
|t:|1779955692
|switch|p2a: Spaghetti Too|Tentacruel, F|100/100|[from] Flip Turn
|-damage|p2a: Spaghetti Too|88/100|[from] Spikes
|move|p1a: Garganacl|Salt Cure|p2a: Spaghetti Too
|-damage|p2a: Spaghetti Too|69/100
|-start|p2a: Spaghetti Too|Salt Cure
|
|-weather|none
|-heal|p1a: Garganacl|67/100|[from] item: Leftovers
|-damage|p2a: Spaghetti Too|44/100|[from] Salt Cure
|upkeep
|turn|9
|
|t:|1779955703
|switch|p2a: Really want eject|Pawmot, F|100/100
|-damage|p2a: Really want eject|88/100|[from] Spikes
|switch|p1a: Tyranitar|Tyranitar, F|100/100
|-weather|Sandstorm|[from] ability: Sand Stream|[of] p1a: Tyranitar
|
|-weather|Sandstorm|[upkeep]
|-damage|p2a: Really want eject|82/100|[from] Sandstorm
|upkeep
|turn|10
|
|t:|1779955716
|switch|p1a: Excadrill|Excadrill, F|100/100
|-item|p1a: Excadrill|Air Balloon
|move|p2a: Really want eject|Revival Blessing|p2a: Really want eject
|-enditem|p2a: Really want eject|Leppa Berry|[eat]
|-activate|p2a: Really want eject|item: Leppa Berry|Revival Blessing|[consumed]
|
|t:|1779955719
|-heal|p2: Seaking Duck|50/100|[from] move: Revival Blessing
|
|-weather|Sandstorm|[upkeep]
|-damage|p2a: Really want eject|76/100|[from] Sandstorm
|upkeep
|turn|11
|
|t:|1779955744
|switch|p2a: Ghoti carrier|Pelipper, L99, F|100/100
|-weather|RainDance|[from] ability: Drizzle|[of] p2a: Ghoti carrier
|move|p1a: Excadrill|Swords Dance|p1a: Excadrill
|-boost|p1a: Excadrill|atk|2
|
|-weather|RainDance|[upkeep]
|upkeep
|turn|12
|
|t:|1779955755
|move|p1a: Excadrill|Iron Head|p2a: Ghoti carrier
|-resisted|p2a: Ghoti carrier
|-damage|p2a: Ghoti carrier|68/100
|cant|p2a: Ghoti carrier|flinch
|
|-weather|RainDance|[upkeep]
|upkeep
|turn|13
|
|t:|1779955767
|move|p1a: Excadrill|Iron Head|p2a: Ghoti carrier
|-resisted|p2a: Ghoti carrier
|-damage|p2a: Ghoti carrier|35/100
|cant|p2a: Ghoti carrier|flinch
|
|-weather|RainDance|[upkeep]
|upkeep
|turn|14
|
|t:|1779955773
|move|p1a: Excadrill|Iron Head|p2a: Ghoti carrier
|-resisted|p2a: Ghoti carrier
|-damage|p2a: Ghoti carrier|1/100
|cant|p2a: Ghoti carrier|flinch
|
|-weather|RainDance|[upkeep]
|upkeep
|turn|15
|c|☆easydingo|yeah you know what fair play
|-message|easydingo forfeited.
|
|win|Aliaksiam
|raw|Aliaksiam's rating: 1207 &rarr; <strong>1227</strong><br />(+20 for winning)
|raw|easydingo's rating: 1134 &rarr; <strong>1114</strong><br />(-20 for losing)
|c|☆Aliaksiam|that was bs lol
