|j|☆akabrithan
|j|☆oreki350
|t:|1779840867
|gametype|singles
|player|p1|akabrithan|miku-ghost|1106
|player|p2|oreki350|169|1124
|gen|9
|tier|[Gen 9] OU
|rated|
|rule|HP Percentage Mod: HP is shown in percentages
|rule|Endless Battle Clause: Forcing endless battles is banned
|rule|Species Clause: Limit one of each Pokémon
|rule|OHKO Clause: OHKO moves are banned
|rule|Evasion Items Clause: Evasion items are banned
|rule|Evasion Moves Clause: Evasion moves are banned
|rule|Evasion Abilities Clause: Evasion abilities are banned
|rule|Sleep Moves Clause: Sleep-inducing moves are banned
|clearpoke
|poke|p1|Ninetales, F|
|poke|p1|Venusaur, F|
|poke|p1|Hatterene, F|
|poke|p1|Great Tusk|
|poke|p1|Walking Wake|
|poke|p1|Blaziken, M|
|poke|p2|Scyther, M|
|poke|p2|Minior|
|poke|p2|Qwilfish-Hisui, F|
|poke|p2|Ambipom, F|
|poke|p2|Bisharp, M|
|poke|p2|Greninja-*, M|
|teampreview
|inactive|Battle timer is ON: inactive players will automatically lose when time's up. (requested by akabrithan)
|
|t:|1779840886
|teamsize|p1|6
|teamsize|p2|6
|start
|switch|p1a: Great Tusk|Great Tusk|100/100
|switch|p2a: Ambipom|Ambipom, F|100/100
|turn|1
|
|t:|1779840898
|-end|p1a: Great Tusk|Protosynthesis|[silent]
|switch|p1a: Ninetales|Ninetales, F|100/100
|-weather|SunnyDay|[from] ability: Drought|[of] p1a: Ninetales
|move|p2a: Ambipom|Fake Out|p1a: Ninetales
|-enditem|p2a: Ambipom|Normal Gem|[from] gem
|-damage|p1a: Ninetales|60/100
|
|-weather|SunnyDay|[upkeep]
|upkeep
|turn|2
|
|t:|1779840905
|switch|p1a: Hatterene|Hatterene, F|100/100
|move|p2a: Ambipom|Covet|p1a: Hatterene
|-damage|p1a: Hatterene|67/100
|-item|p2a: Ambipom|Eject Button|[from] move: Covet|[of] p1a: Hatterene
|
|-weather|SunnyDay|[upkeep]
|upkeep
|turn|3
|
|t:|1779840930
|-terastallize|p2a: Ambipom|Ice
|move|p2a: Ambipom|Triple Axel|p1a: Hatterene
|-damage|p1a: Hatterene|56/100
|-damage|p1a: Hatterene|34/100
|-damage|p1a: Hatterene|0 fnt
|faint|p1a: Hatterene
|-hitcount|p1: Hatterene|3
|
|-weather|SunnyDay|[upkeep]
|upkeep
|
|t:|1779840937
|switch|p1a: Blaziken|Blaziken, M|100/100
|turn|4
|
|t:|1779840943
|move|p2a: Ambipom|U-turn|p1a: Blaziken
|-resisted|p1a: Blaziken
|-damage|p1a: Blaziken|92/100
|
|t:|1779840954
|switch|p2a: Greninja|Greninja, M|100/100|[from] U-turn
|move|p1a: Blaziken|Focus Energy|p1a: Blaziken
|-start|p1a: Blaziken|move: Focus Energy
|
|-weather|SunnyDay|[upkeep]
|-ability|p1a: Blaziken|Speed Boost|boost
|-boost|p1a: Blaziken|spe|1
|upkeep
|turn|5
|
|t:|1779840962
|move|p1a: Blaziken|Close Combat|p2a: Greninja
|-supereffective|p2a: Greninja
|-crit|p2a: Greninja
|-damage|p2a: Greninja|0 fnt
|-unboost|p1a: Blaziken|def|1
|-unboost|p1a: Blaziken|spd|1
|faint|p2a: Greninja
|
|-weather|SunnyDay|[upkeep]
|-ability|p1a: Blaziken|Speed Boost|boost
|-boost|p1a: Blaziken|spe|1
|upkeep
|
|t:|1779840970
|switch|p2a: Ambipom|Ambipom, F, tera:Ice|100/100
|turn|6
|
|t:|1779840974
|move|p1a: Blaziken|Upper Hand|p2a: Ambipom
|-supereffective|p2a: Ambipom
|-crit|p2a: Ambipom
|-damage|p2a: Ambipom|0 fnt
|faint|p2a: Ambipom
|
|-weather|SunnyDay|[upkeep]
|-ability|p1a: Blaziken|Speed Boost|boost
|-boost|p1a: Blaziken|spe|1
|upkeep
|c|☆oreki350|oh u gagged a bit
|c|☆akabrithan|LMAO
|
|t:|1779840989
|switch|p2a: Qwilfish|Qwilfish-Hisui, F|100/100
|-ability|p2a: Qwilfish|Intimidate|boost
|-unboost|p1a: Blaziken|atk|1
|turn|7
|
|t:|1779840997
|move|p1a: Blaziken|Overheat|p2a: Qwilfish
|-crit|p2a: Qwilfish
|-damage|p2a: Qwilfish|0 fnt
|-unboost|p1a: Blaziken|spa|2
|faint|p2a: Qwilfish
|
|-weather|SunnyDay|[upkeep]
|-ability|p1a: Blaziken|Speed Boost|boost
|-boost|p1a: Blaziken|spe|1
|upkeep
|c|☆oreki350|uhhh
|
|t:|1779841004
|switch|p2a: Scyther|Scyther, M|100/100
|turn|8
|
|t:|1779841007
|move|p2a: Scyther|Quick Attack|p1a: Blaziken
|-damage|p1a: Blaziken|48/100
|move|p1a: Blaziken|Overheat|p2a: Scyther
|-supereffective|p2a: Scyther
|-crit|p2a: Scyther
|-damage|p2a: Scyther|0 fnt
|-unboost|p1a: Blaziken|spa|2
|faint|p2a: Scyther
|
|-weather|none
|-ability|p1a: Blaziken|Speed Boost|boost
|-boost|p1a: Blaziken|spe|1
|upkeep
|
|t:|1779841014
|switch|p2a: Bisharp|Bisharp, M|100/100
|turn|9
|c|☆oreki350|uhhh
|
|t:|1779841018
|move|p1a: Blaziken|Upper Hand|p2a: Bisharp
|-supereffective|p2a: Bisharp
|-crit|p2a: Bisharp
|-damage|p2a: Bisharp|0 fnt
|faint|p2a: Bisharp
|
|-ability|p1a: Blaziken|Speed Boost|boost
|-boost|p1a: Blaziken|spe|1
|upkeep
|
|t:|1779841020
|switch|p2a: Minior|Minior, shiny|100/100
|-formechange|p2a: Minior|Minior-Meteor||[from] ability: Shields Down
|turn|10
|c|☆oreki350|eek!
|c|☆akabrithan|im so sorry
|
|t:|1779841028
|move|p1a: Blaziken|Close Combat|p2a: Minior
|-crit|p2a: Minior
|-damage|p2a: Minior|0 fnt
|-unboost|p1a: Blaziken|def|1
|-unboost|p1a: Blaziken|spd|1
|faint|p2a: Minior
|
|win|akabrithan
|raw|akabrithan's rating: 1106 &rarr; <strong>1132</strong><br />(+26 for winning)
|raw|oreki350's rating: 1124 &rarr; <strong>1098</strong><br />(-26 for losing)
|c|☆oreki350|its ok
|l|☆oreki350
|player|p2|
|c|☆akabrithan|new pokeaim video
