|j|☆the_lost_dedicated
|j|☆titantvman
|t:|1779895181
|gametype|singles
|player|p1|the_lost_dedicated|1|1108
|player|p2|titantvman|2|1160
|gen|9
|tier|[Gen 9] OU
|rated|
|rule|HP Percentage Mod: HP is shown in percentages
|rule|Endless Battle Clause: Forcing endless battles is banned
|rule|Species Clause: Limit one of each Pokémon
|rule|OHKO Clause: OHKO moves are banned
|rule|Evasion Items Clause: Evasion items are banned
|rule|Evasion Moves Clause: Evasion moves are banned
|rule|Evasion Abilities Clause: Evasion abilities are banned
|rule|Sleep Moves Clause: Sleep-inducing moves are banned
|clearpoke
|poke|p1|Iron Treads|
|poke|p1|Pelipper, F|
|poke|p1|Mimikyu, F|
|poke|p1|Raging Bolt|
|poke|p1|Clodsire, F|
|poke|p1|Basculegion, M|
|poke|p2|Pelipper, M|
|poke|p2|Barraskewda, F|
|poke|p2|Keldeo-Resolute|
|poke|p2|Raging Bolt|
|poke|p2|Great Tusk|
|poke|p2|Kingambit, M|
|teampreview
|inactive|Battle timer is ON: inactive players will automatically lose when time's up. (requested by the_lost_dedicated)
|
|t:|1779895190
|teamsize|p1|6
|teamsize|p2|6
|start
|switch|p1a: 再睡觉一次|Clodsire, F|100/100
|switch|p2a: Pelipper|Pelipper, M|100/100
|-weather|RainDance|[from] ability: Drizzle|[of] p2a: Pelipper
|turn|1
|
|t:|1779895204
|move|p2a: Pelipper|Surf|p1a: 再睡觉一次
|-immune|p1a: 再睡觉一次|[from] ability: Water Absorb
|move|p1a: 再睡觉一次|Stealth Rock|p2a: Pelipper
|-sidestart|p2: titantvman|move: Stealth Rock
|
|-weather|RainDance|[upkeep]
|upkeep
|turn|2
|
|t:|1779895213
|move|p2a: Pelipper|U-turn|p1a: 再睡觉一次
|-resisted|p1a: 再睡觉一次
|-damage|p1a: 再睡觉一次|97/100
|
|t:|1779895215
|switch|p2a: Great Tusk|Great Tusk|100/100|[from] U-turn
|-damage|p2a: Great Tusk|98/100|[from] Stealth Rock
|move|p1a: 再睡觉一次|Toxic|p2a: Great Tusk
|-status|p2a: Great Tusk|tox
|
|-weather|RainDance|[upkeep]
|-heal|p2a: Great Tusk|100/100 tox|[from] item: Leftovers
|-damage|p2a: Great Tusk|94/100 tox|[from] psn
|upkeep
|turn|3
|
|t:|1779895227
|switch|p1a: 再雨天一次|Pelipper, F|100/100
|move|p2a: Great Tusk|Rapid Spin|p1a: 再雨天一次
|-damage|p1a: 再雨天一次|89/100
|-boost|p2a: Great Tusk|spe|1
|-sideend|p2: titantvman|Stealth Rock|[from] move: Rapid Spin|[of] p2a: Great Tusk
|
|-weather|RainDance|[upkeep]
|-heal|p2a: Great Tusk|100/100 tox|[from] item: Leftovers
|-damage|p2a: Great Tusk|88/100 tox|[from] psn
|upkeep
|turn|4
|
|t:|1779895240
|-end|p2a: Great Tusk|Protosynthesis|[silent]
|switch|p2a: Raging Bolt|Raging Bolt|100/100
|move|p1a: 再雨天一次|Hurricane|p2a: Raging Bolt
|-resisted|p2a: Raging Bolt
|-damage|p2a: Raging Bolt|84/100
|
|-weather|RainDance|[upkeep]
|-heal|p2a: Raging Bolt|90/100|[from] item: Leftovers
|upkeep
|turn|5
|
|t:|1779895250
|switch|p1a: 再睡觉一次|Clodsire, F|97/100
|move|p2a: Raging Bolt|Calm Mind|p2a: Raging Bolt
|-boost|p2a: Raging Bolt|spa|1
|-boost|p2a: Raging Bolt|spd|1
|
|-weather|RainDance|[upkeep]
|-heal|p2a: Raging Bolt|97/100|[from] item: Leftovers
|upkeep
|turn|6
|
|t:|1779895268
|-terastallize|p2a: Raging Bolt|Water
|move|p2a: Raging Bolt|Dragon Pulse|p1a: 再睡觉一次
|-damage|p1a: 再睡觉一次|51/100
|move|p1a: 再睡觉一次|Toxic|p2a: Raging Bolt
|-status|p2a: Raging Bolt|tox
|
|-weather|RainDance|[upkeep]
|-heal|p2a: Raging Bolt|100/100 tox|[from] item: Leftovers
|-damage|p2a: Raging Bolt|94/100 tox|[from] psn
|upkeep
|turn|7
|
|t:|1779895278
|move|p2a: Raging Bolt|Dragon Pulse|p1a: 再睡觉一次
|-damage|p1a: 再睡觉一次|2/100
|move|p1a: 再睡觉一次|Recover|p1a: 再睡觉一次
|-heal|p1a: 再睡觉一次|52/100
|
|-weather|RainDance|[upkeep]
|-heal|p2a: Raging Bolt|100/100 tox|[from] item: Leftovers
|-damage|p2a: Raging Bolt|88/100 tox|[from] psn
|upkeep
|turn|8
|
|t:|1779895287
|move|p2a: Raging Bolt|Dragon Pulse|p1a: 再睡觉一次
|-damage|p1a: 再睡觉一次|0 fnt
|faint|p1a: 再睡觉一次
|
|-weather|none
|-heal|p2a: Raging Bolt|94/100 tox|[from] item: Leftovers
|-damage|p2a: Raging Bolt|76/100 tox|[from] psn
|upkeep
|
|t:|1779895308
|switch|p1a: 再迅雷一次|Raging Bolt|100/100
|turn|9
|
|t:|1779895316
|-terastallize|p1a: 再迅雷一次|Fairy
|move|p2a: Raging Bolt|Dragon Pulse|p1a: 再迅雷一次
|-immune|p1a: 再迅雷一次
|move|p1a: 再迅雷一次|Thunder|p2a: Raging Bolt
|-supereffective|p2a: Raging Bolt
|-damage|p2a: Raging Bolt|4/100 tox
|
|-heal|p2a: Raging Bolt|10/100 tox|[from] item: Leftovers
|-damage|p2a: Raging Bolt|0 fnt|[from] psn
|faint|p2a: Raging Bolt
|-end|p2a: Raging Bolt|Protosynthesis|[silent]
|upkeep
|
|t:|1779895329
|switch|p2a: Kingambit|Kingambit, M|100/100
|-activate|p2a: Kingambit|ability: Supreme Overlord
|-start|p2a: Kingambit|fallen1|[silent]
|turn|10
|
|t:|1779895338
|-end|p1a: 再迅雷一次|Protosynthesis|[silent]
|switch|p1a: 再雨天一次|Pelipper, F|89/100
|-weather|RainDance|[from] ability: Drizzle|[of] p1a: 再雨天一次
|move|p2a: Kingambit|Iron Head|p1a: 再雨天一次
|-resisted|p1a: 再雨天一次
|-damage|p1a: 再雨天一次|70/100
|
|-weather|RainDance|[upkeep]
|upkeep
|turn|11
|
|t:|1779895348
|move|p2a: Kingambit|Swords Dance|p2a: Kingambit
|-boost|p2a: Kingambit|atk|2
|move|p1a: 再雨天一次|Roost|p1a: 再雨天一次
|-heal|p1a: 再雨天一次|100/100
|-singleturn|p1a: 再雨天一次|move: Roost
|
|-weather|RainDance|[upkeep]
|upkeep
|turn|12
|
|t:|1779895356
|move|p2a: Kingambit|Kowtow Cleave|p1a: 再雨天一次
|-damage|p1a: 再雨天一次|0 fnt
|faint|p1a: 再雨天一次
|
|-weather|RainDance|[upkeep]
|upkeep
|
|t:|1779895362
|switch|p1a: 再剑舞一次|Mimikyu, F|100/100
|turn|13
|
|t:|1779895366
|move|p2a: Kingambit|Sucker Punch||[still]
|-fail|p2a: Kingambit
|move|p1a: 再剑舞一次|Swords Dance|p1a: 再剑舞一次
|-boost|p1a: 再剑舞一次|atk|2
|
|-weather|RainDance|[upkeep]
|upkeep
|turn|14
|
|t:|1779895372
|move|p1a: 再剑舞一次|Swords Dance|p1a: 再剑舞一次
|-boost|p1a: 再剑舞一次|atk|2
|move|p2a: Kingambit|Kowtow Cleave|p1a: 再剑舞一次
|-activate|p1a: 再剑舞一次|ability: Disguise
|-damage|p1a: 再剑舞一次|100/100
|detailschange|p1a: 再剑舞一次|Mimikyu-Busted, F
|-damage|p1a: 再剑舞一次|88/100|[from] pokemon: Mimikyu-Busted
|-enditem|p1a: 再剑舞一次|Red Card|[of] p2a: Kingambit
|-end|p2a: Kingambit|fallen1|[silent]
|drag|p2a: Great Tusk|Great Tusk|88/100 tox
|
|-weather|RainDance|[upkeep]
|-heal|p2a: Great Tusk|94/100 tox|[from] item: Leftovers
|-damage|p2a: Great Tusk|88/100 tox|[from] psn
|upkeep
|turn|15
|
|t:|1779895389
|move|p1a: 再剑舞一次|Play Rough|p2a: Great Tusk
|-supereffective|p2a: Great Tusk
|-damage|p2a: Great Tusk|0 fnt
|faint|p2a: Great Tusk
|-end|p2a: Great Tusk|Protosynthesis|[silent]
|
|-weather|RainDance|[upkeep]
|upkeep
|
|t:|1779895393
|switch|p2a: Kingambit|Kingambit, M|100/100
|-activate|p2a: Kingambit|ability: Supreme Overlord
|-start|p2a: Kingambit|fallen2|[silent]
|turn|16
|
|t:|1779895398
|move|p2a: Kingambit|Sucker Punch||[still]
|-fail|p2a: Kingambit
|move|p1a: 再剑舞一次|Destiny Bond|p1a: 再剑舞一次
|-singlemove|p1a: 再剑舞一次|Destiny Bond
|
|-weather|RainDance|[upkeep]
|upkeep
|turn|17
|
|t:|1779895407
|move|p2a: Kingambit|Sucker Punch|p1a: 再剑舞一次
|-damage|p1a: 再剑舞一次|0 fnt
|faint|p1a: 再剑舞一次
|-activate|p1a: 再剑舞一次|move: Destiny Bond
|faint|p2a: Kingambit
|-end|p2a: Kingambit|fallen2|[silent]
|
|-weather|none
|upkeep
|
|t:|1779895419
|switch|p1a: 再迅雷一次|Raging Bolt, tera:Fairy|100/100
|switch|p2a: Pelipper|Pelipper, M|100/100
|-weather|RainDance|[from] ability: Drizzle|[of] p2a: Pelipper
|turn|18
|
|t:|1779895428
|move|p1a: 再迅雷一次|Thunder|p2a: Pelipper
|-supereffective|p2a: Pelipper
|-damage|p2a: Pelipper|0 fnt
|faint|p2a: Pelipper
|
|-weather|RainDance|[upkeep]
|upkeep
|
|t:|1779895431
|switch|p2a: Barraskewda|Barraskewda, F|100/100
|turn|19
|
|t:|1779895436
|move|p1a: 再迅雷一次|Thunderclap|p2a: Barraskewda
|-supereffective|p2a: Barraskewda
|-damage|p2a: Barraskewda|0 fnt
|faint|p2a: Barraskewda
|
|-weather|RainDance|[upkeep]
|upkeep
|
|t:|1779895439
|switch|p2a: Keldeo|Keldeo-Resolute|100/100
|turn|20
|
|t:|1779895443
|move|p2a: Keldeo|Hydro Pump|p1a: 再迅雷一次
|-damage|p1a: 再迅雷一次|0 fnt
|faint|p1a: 再迅雷一次
|-end|p1a: 再迅雷一次|Protosynthesis|[silent]
|
|-weather|RainDance|[upkeep]
|upkeep
|
|t:|1779895448
|switch|p1a: 再扫墓一次|Basculegion, M|100/100
|turn|21
|
|t:|1779895454
|move|p1a: 再扫墓一次|Wave Crash|p2a: Keldeo
|-resisted|p2a: Keldeo
|-damage|p2a: Keldeo|18/100
|-damage|p1a: 再扫墓一次|77/100|[from] Recoil
|move|p2a: Keldeo|Hydro Pump|p1a: 再扫墓一次
|-resisted|p1a: 再扫墓一次
|-damage|p1a: 再扫墓一次|8/100
|
|-weather|RainDance|[upkeep]
|upkeep
|turn|22
|-message|titantvman forfeited.
|
|win|the_lost_dedicated
|raw|the_lost_dedicated's rating: 1108 &rarr; <strong>1137</strong><br />(+29 for winning)
|raw|titantvman's rating: 1160 &rarr; <strong>1131</strong><br />(-29 for losing)
|l|☆titantvman
|player|p2|
