|j|☆psygoat12
|j|☆vontade88
|t:|1779854570
|gametype|singles
|player|p1|psygoat12|chuck|1363
|player|p2|vontade88|169|1299
|gen|9
|tier|[Gen 9] OU
|rated|
|rule|HP Percentage Mod: HP is shown in percentages
|rule|Endless Battle Clause: Forcing endless battles is banned
|rule|Species Clause: Limit one of each Pokémon
|rule|OHKO Clause: OHKO moves are banned
|rule|Evasion Items Clause: Evasion items are banned
|rule|Evasion Moves Clause: Evasion moves are banned
|rule|Evasion Abilities Clause: Evasion abilities are banned
|rule|Sleep Moves Clause: Sleep-inducing moves are banned
|clearpoke
|poke|p1|Carbink, L1|
|poke|p1|Donphan, L1, M|
|poke|p1|Staraptor, M|
|poke|p1|Gholdengo|
|poke|p1|Kingambit, M|
|poke|p1|Regieleki|
|poke|p2|Grimmsnarl, M|
|poke|p2|Enamorus, F|
|poke|p2|Iron Valiant|
|poke|p2|Iron Treads|
|poke|p2|Heatran, F|
|poke|p2|Cloyster, F|
|teampreview
|inactive|Battle timer is ON: inactive players will automatically lose when time's up. (requested by vontade88)
|
|t:|1779854591
|teamsize|p1|6
|teamsize|p2|6
|start
|switch|p1a: Staraptor|Staraptor, M|100/100
|switch|p2a: Iron Treads|Iron Treads|100/100
|-ability|p1a: Staraptor|Intimidate|boost
|-unboost|p2a: Iron Treads|atk|1
|turn|1
|
|t:|1779854602
|-end|p2a: Iron Treads|Quark Drive|[silent]
|switch|p2a: Grimmsnarl|Grimmsnarl, M|100/100
|move|p1a: Staraptor|Final Gambit|p2a: Grimmsnarl
|-damage|p2a: Grimmsnarl|0 fnt
|faint|p1a: Staraptor
|faint|p2a: Grimmsnarl
|
|upkeep
|
|t:|1779854610
|switch|p1a: Carbink|Carbink, L1|100/100
|switch|p2a: Iron Treads|Iron Treads|100/100
|turn|2
|
|t:|1779854620
|move|p2a: Iron Treads|Iron Head|p1a: Carbink
|-supereffective|p1a: Carbink
|-ability|p1a: Carbink|Sturdy
|-damage|p1a: Carbink|9/100
|move|p1a: Carbink|Stealth Rock|p2a: Iron Treads
|-sidestart|p2: vontade88|move: Stealth Rock
|
|upkeep
|turn|3
|
|t:|1779854633
|move|p2a: Iron Treads|Iron Head|p1a: Carbink
|-supereffective|p1a: Carbink
|-damage|p1a: Carbink|0 fnt
|faint|p1a: Carbink
|
|upkeep
|
|t:|1779854637
|switch|p1a: Donphan|Donphan, L1, M|100/100
|turn|4
|
|t:|1779854653
|-end|p2a: Iron Treads|Quark Drive|[silent]
|switch|p2a: Enamorus|Enamorus, F|100/100
|move|p1a: Donphan|Endeavor|p2a: Enamorus
|-damage|p2a: Enamorus|5/100
|
|upkeep
|turn|5
|
|t:|1779854659
|move|p2a: Enamorus|Grass Knot|p1a: Donphan
|-supereffective|p1a: Donphan
|-ability|p1a: Donphan|Sturdy
|-damage|p1a: Donphan|8/100
|move|p1a: Donphan|Endeavor|p2a: Enamorus
|-damage|p2a: Enamorus|1/100
|-heal|p1a: Donphan|16/100|[from] item: Shell Bell|[of] p2a: Enamorus
|
|upkeep
|turn|6
|
|t:|1779854665
|move|p1a: Donphan|Ice Shard|p2a: Enamorus
|-supereffective|p2a: Enamorus
|-damage|p2a: Enamorus|0 fnt
|faint|p2a: Enamorus
|-heal|p1a: Donphan|24/100|[from] item: Shell Bell|[of] p2: Enamorus
|
|upkeep
|
|t:|1779854677
|switch|p2a: Iron Treads|Iron Treads|100/100
|-damage|p2a: Iron Treads|97/100|[from] Stealth Rock
|turn|7
|
|t:|1779854684
|-terastallize|p1a: Donphan|Ghost
|move|p2a: Iron Treads|Rapid Spin|p1a: Donphan
|-immune|p1a: Donphan
|move|p1a: Donphan|Endeavor|p2a: Iron Treads
|-damage|p2a: Iron Treads|1/100
|-heal|p1a: Donphan|100/100|[from] item: Shell Bell|[of] p2a: Iron Treads
|
|upkeep
|turn|8
|
|t:|1779854696
|move|p1a: Donphan|Ice Shard|p2a: Iron Treads
|-damage|p2a: Iron Treads|1/100
|move|p2a: Iron Treads|Earthquake|p1a: Donphan
|-ability|p1a: Donphan|Sturdy
|-damage|p1a: Donphan|8/100
|
|upkeep
|turn|9
|
|t:|1779854707
|move|p1a: Donphan|Ice Shard|p2a: Iron Treads
|-damage|p2a: Iron Treads|1/100
|-heal|p1a: Donphan|16/100|[from] item: Shell Bell|[of] p2a: Iron Treads
|move|p2a: Iron Treads|Earthquake|p1a: Donphan
|-damage|p1a: Donphan|0 fnt
|faint|p1a: Donphan
|
|upkeep
|
|t:|1779854720
|switch|p1a: Regieleki|Regieleki|100/100
|-item|p1a: Regieleki|Air Balloon
|turn|10
|c|☆vontade88|Wtf is ur dmg?????
|
|t:|1779854738
|move|p1a: Regieleki|Rapid Spin|p2a: Iron Treads
|-resisted|p2a: Iron Treads
|-damage|p2a: Iron Treads|0 fnt
|-boost|p1a: Regieleki|spe|1
|faint|p2a: Iron Treads
|-end|p2a: Iron Treads|Quark Drive|[silent]
|
|upkeep
|
|t:|1779854743
|switch|p2a: Heatran|Heatran, F|100/100
|-damage|p2a: Heatran|88/100|[from] Stealth Rock
|turn|11
|
|t:|1779854748
|move|p1a: Regieleki|Thunder Cage|p2a: Heatran|[miss]
|-miss|p1a: Regieleki|p2a: Heatran
|move|p2a: Heatran|Magma Storm|p1a: Regieleki
|-damage|p1a: Regieleki|0 fnt
|-enditem|p1a: Regieleki|Air Balloon
|faint|p1a: Regieleki
|
|-heal|p2a: Heatran|94/100|[from] item: Leftovers
|upkeep
|
|t:|1779854754
|switch|p1a: Gholdengo|Gholdengo|100/100
|turn|12
|
|t:|1779854761
|move|p1a: Gholdengo|Shadow Ball|p2a: Heatran
|-crit|p2a: Heatran
|-damage|p2a: Heatran|44/100
|move|p2a: Heatran|Magma Storm|p1a: Gholdengo
|-supereffective|p1a: Gholdengo
|-damage|p1a: Gholdengo|0 fnt
|faint|p1a: Gholdengo
|
|-heal|p2a: Heatran|50/100|[from] item: Leftovers
|upkeep
|
|t:|1779854764
|switch|p1a: Kingambit|Kingambit, M|100/100
|-activate|p1a: Kingambit|ability: Supreme Overlord
|-start|p1a: Kingambit|fallen5|[silent]
|turn|13
|
|t:|1779854774
|move|p1a: Kingambit|Sucker Punch|p2a: Heatran
|-damage|p2a: Heatran|0 fnt
|faint|p2a: Heatran
|
|upkeep
|
|t:|1779854778
|switch|p2a: Iron Valiant|Iron Valiant|100/100
|-damage|p2a: Iron Valiant|94/100|[from] Stealth Rock
|-enditem|p2a: Iron Valiant|Booster Energy
|-activate|p2a: Iron Valiant|ability: Quark Drive|[fromitem]
|-start|p2a: Iron Valiant|quarkdrivespe
|turn|14
|
|t:|1779854783
|move|p2a: Iron Valiant|Encore|p1a: Kingambit
|-start|p1a: Kingambit|Encore
|move|p1a: Kingambit|Sucker Punch||[still]
|-fail|p1a: Kingambit
|
|upkeep
|turn|15
|-message|psygoat12 forfeited.
|
|win|vontade88
|raw|psygoat12's rating: 1363 &rarr; <strong>1339</strong><br />(-24 for losing)
|raw|vontade88's rating: 1299 &rarr; <strong>1329</strong><br />(+30 for winning)
|l|☆psygoat12
|player|p1|
|l|☆vontade88
|player|p2|
