|j|‽kaiky0
|j|☆my 100lb pug
|t:|1779926606
|gametype|singles
|player|p1|kaiky0|iris-gen5bw2|1465
|player|p2|my 100lb pug|101|1594
|gen|9
|tier|[Gen 9] OU
|rated|
|rule|HP Percentage Mod: HP is shown in percentages
|rule|Endless Battle Clause: Forcing endless battles is banned
|rule|Species Clause: Limit one of each Pokémon
|rule|OHKO Clause: OHKO moves are banned
|rule|Evasion Items Clause: Evasion items are banned
|rule|Evasion Moves Clause: Evasion moves are banned
|rule|Evasion Abilities Clause: Evasion abilities are banned
|rule|Sleep Moves Clause: Sleep-inducing moves are banned
|clearpoke
|poke|p1|Iron Valiant|
|poke|p1|Reuniclus, F|
|poke|p1|Samurott-Hisui, F|
|poke|p1|Kingambit, F|
|poke|p1|Darkrai|
|poke|p1|Landorus-Therian, M|
|poke|p2|Delphox, F|
|poke|p2|Raging Bolt|
|poke|p2|Samurott-Hisui, M|
|poke|p2|Hatterene, F|
|poke|p2|Great Tusk|
|poke|p2|Kyurem|
|teampreview
|inactive|Battle timer is ON: inactive players will automatically lose when time's up. (requested by kaiky0)
|
|t:|1779926624
|teamsize|p1|6
|teamsize|p2|6
|start
|switch|p1a: Landorus|Landorus-Therian, M|100/100
|switch|p2a: Samurott|Samurott-Hisui, M|100/100
|-ability|p1a: Landorus|Intimidate|boost
|-unboost|p2a: Samurott|atk|1
|turn|1
|
|t:|1779926628
|move|p2a: Samurott|Flip Turn|p1a: Landorus
|-supereffective|p1a: Landorus
|-crit|p1a: Landorus
|-damage|p1a: Landorus|25/100
|-damage|p2a: Samurott|84/100|[from] item: Rocky Helmet|[of] p1a: Landorus
|
|t:|1779926631
|switch|p2a: Great Tusk|Great Tusk|100/100|[from] Flip Turn
|move|p1a: Landorus|U-turn|p2a: Great Tusk
|-resisted|p2a: Great Tusk
|-damage|p2a: Great Tusk|95/100
|
|t:|1779926638
|switch|p1a: Reuniclus|Reuniclus, F|100/100|[from] U-turn
|
|upkeep
|turn|2
|
|t:|1779926656
|move|p2a: Great Tusk|Knock Off|p1a: Reuniclus
|-supereffective|p1a: Reuniclus
|-damage|p1a: Reuniclus|53/100
|-enditem|p1a: Reuniclus|Life Orb|[from] move: Knock Off|[of] p2a: Great Tusk
|move|p1a: Reuniclus|Trick Room|p1a: Reuniclus
|-fieldstart|move: Trick Room|[of] p1a: Reuniclus
|
|upkeep
|turn|3
|
|t:|1779926664
|-end|p2a: Great Tusk|Protosynthesis|[silent]
|switch|p2a: Hatterene|Hatterene, F|100/100
|move|p1a: Reuniclus|Focus Blast|p2a: Hatterene|[miss]
|-miss|p1a: Reuniclus|p2a: Hatterene
|
|upkeep
|turn|4
|
|t:|1779926668
|move|p1a: Reuniclus|Shadow Ball|p2a: Hatterene
|-supereffective|p2a: Hatterene
|-damage|p2a: Hatterene|60/100
|move|p2a: Hatterene|Psychic Noise|p1a: Reuniclus
|-resisted|p1a: Reuniclus
|-damage|p1a: Reuniclus|31/100
|-start|p1a: Reuniclus|move: Heal Block
|
|upkeep
|turn|5
|
|t:|1779926675
|move|p1a: Reuniclus|Shadow Ball|p2a: Hatterene
|-supereffective|p2a: Hatterene
|-damage|p2a: Hatterene|22/100
|move|p2a: Hatterene|Dazzling Gleam|p1a: Reuniclus
|-damage|p1a: Reuniclus|0 fnt
|faint|p1a: Reuniclus
|
|upkeep
|
|t:|1779926686
|switch|p1a: Landorus|Landorus-Therian, M|25/100
|-ability|p1a: Landorus|Intimidate|boost
|-unboost|p2a: Hatterene|atk|1
|turn|6
|
|t:|1779926689
|move|p2a: Hatterene|Draining Kiss|p1a: Landorus
|-damage|p1a: Landorus|0 fnt
|-heal|p2a: Hatterene|43/100|[from] drain|[of] p1a: Landorus
|-damage|p2a: Hatterene|27/100|[from] item: Rocky Helmet|[of] p1a: Landorus
|faint|p1a: Landorus
|
|-fieldend|move: Trick Room
|upkeep
|
|t:|1779926693
|switch|p1a: Kingambit|Kingambit, F|100/100
|-activate|p1a: Kingambit|ability: Supreme Overlord
|-start|p1a: Kingambit|fallen2|[silent]
|turn|7
|
|t:|1779926703
|move|p1a: Kingambit|Kowtow Cleave|p2a: Hatterene
|-damage|p2a: Hatterene|0 fnt
|faint|p2a: Hatterene
|
|upkeep
|
|t:|1779926711
|switch|p2a: Great Tusk|Great Tusk|95/100
|turn|8
|
|t:|1779926717
|-end|p1a: Kingambit|fallen2|[silent]
|switch|p1a: Samurott|Samurott-Hisui, F|100/100
|move|p2a: Great Tusk|Stealth Rock|p1a: Samurott
|-sidestart|p1: kaiky0|move: Stealth Rock
|
|upkeep
|turn|9
|
|t:|1779926724
|move|p1a: Samurott|Razor Shell|p2a: Great Tusk
|-supereffective|p2a: Great Tusk
|-damage|p2a: Great Tusk|32/100
|-unboost|p2a: Great Tusk|def|1
|move|p2a: Great Tusk|Rapid Spin|p1a: Samurott
|-damage|p1a: Samurott|83/100
|-boost|p2a: Great Tusk|spe|1
|
|upkeep
|turn|10
|
|t:|1779926737
|-end|p2a: Great Tusk|Protosynthesis|[silent]
|switch|p2a: Samurott|Samurott-Hisui, M|84/100
|move|p1a: Samurott|Sucker Punch||[still]
|-fail|p1a: Samurott
|
|upkeep
|turn|11
|
|t:|1779926741
|move|p2a: Samurott|Sacred Sword|p1a: Samurott
|-supereffective|p1a: Samurott
|-crit|p1a: Samurott
|-damage|p1a: Samurott|0 fnt
|faint|p1a: Samurott
|
|upkeep
|
|t:|1779926746
|switch|p1a: Iron Valiant|Iron Valiant|100/100
|-damage|p1a: Iron Valiant|94/100|[from] Stealth Rock
|turn|12
|
|t:|1779926751
|switch|p2a: Delphox|Delphox, F|100/100
|move|p1a: Iron Valiant|Calm Mind|p1a: Iron Valiant
|-boost|p1a: Iron Valiant|spa|1
|-boost|p1a: Iron Valiant|spd|1
|
|upkeep
|turn|13
|
|t:|1779926765
|-terastallize|p1a: Iron Valiant|Ghost
|-terastallize|p2a: Delphox|Fairy
|move|p1a: Iron Valiant|Shadow Ball|p2a: Delphox
|-damage|p2a: Delphox|17/100
|-damage|p1a: Iron Valiant|85/100|[from] item: Life Orb
|move|p2a: Delphox|Dazzling Gleam|p1a: Iron Valiant
|-damage|p1a: Iron Valiant|16/100
|
|upkeep
|turn|14
|
|t:|1779926779
|move|p1a: Iron Valiant|Shadow Ball|p2a: Delphox
|-damage|p2a: Delphox|0 fnt
|faint|p2a: Delphox
|-damage|p1a: Iron Valiant|6/100|[from] item: Life Orb
|
|upkeep
|
|t:|1779926783
|switch|p2a: Samurott|Samurott-Hisui, M|84/100
|turn|15
|
|t:|1779926789
|move|p2a: Samurott|Flip Turn|p1a: Iron Valiant
|-damage|p1a: Iron Valiant|0 fnt
|faint|p1a: Iron Valiant
|-end|p1a: Iron Valiant|Quark Drive|[silent]
|
|t:|1779926800
|switch|p2a: Kyurem|Kyurem|100/100|[from] Flip Turn
|-ability|p2a: Kyurem|Pressure
|
|upkeep
|
|t:|1779926804
|switch|p1a: Kingambit|Kingambit, F|100/100
|-damage|p1a: Kingambit|94/100|[from] Stealth Rock
|-activate|p1a: Kingambit|ability: Supreme Overlord
|-start|p1a: Kingambit|fallen4|[silent]
|turn|16
|
|t:|1779926807
|move|p2a: Kyurem|Focus Blast|p1a: Kingambit
|-supereffective|p1a: Kingambit
|-damage|p1a: Kingambit|0 fnt
|faint|p1a: Kingambit
|-end|p1a: Kingambit|fallen4|[silent]
|
|upkeep
|-message|kaiky0 forfeited.
|
|win|my 100lb pug
|raw|kaiky0's rating: 1465 &rarr; <strong>1452</strong><br />(-13 for losing)
|raw|my 100lb pug's rating: 1594 &rarr; <strong>1607</strong><br />(+13 for winning)
|l|‽kaiky0
|player|p1|
|l|☆my 100lb pug
|player|p2|
