|j|☆Hyper tommy
|j|☆blabab
|t:|1779844485
|gametype|singles
|player|p1|Hyper tommy|steven|1533
|player|p2|blabab|miku-ground|1464
|gen|9
|tier|[Gen 9] OU
|rated|
|rule|HP Percentage Mod: HP is shown in percentages
|rule|Endless Battle Clause: Forcing endless battles is banned
|rule|Species Clause: Limit one of each Pokémon
|rule|OHKO Clause: OHKO moves are banned
|rule|Evasion Items Clause: Evasion items are banned
|rule|Evasion Moves Clause: Evasion moves are banned
|rule|Evasion Abilities Clause: Evasion abilities are banned
|rule|Sleep Moves Clause: Sleep-inducing moves are banned
|clearpoke
|poke|p1|Cinderace, M|
|poke|p1|Rillaboom, F|
|poke|p1|Garganacl, M|
|poke|p1|Ogerpon-Wellspring, F|
|poke|p1|Iron Treads|
|poke|p1|Zapdos|
|poke|p2|Kingambit, M|
|poke|p2|Primarina, F|
|poke|p2|Araquanid, F|
|poke|p2|Blaziken, M|
|poke|p2|Thundurus-Therian, M|
|poke|p2|Iron Thorns|
|teampreview
|inactive|Battle timer is ON: inactive players will automatically lose when time's up. (requested by blabab)
|inactive|Hyper tommy also wants the timer to be on.
|
|t:|1779844496
|teamsize|p1|6
|teamsize|p2|6
|start
|switch|p1a: Garganacl|Garganacl, M|100/100
|switch|p2a: Blaziken|Blaziken, M|100/100
|turn|1
|
|t:|1779844499
|move|p2a: Blaziken|Close Combat|p1a: Garganacl
|-supereffective|p1a: Garganacl
|-damage|p1a: Garganacl|14/100
|-unboost|p2a: Blaziken|def|1
|-unboost|p2a: Blaziken|spd|1
|move|p1a: Garganacl|Salt Cure|p2a: Blaziken
|-damage|p2a: Blaziken|67/100
|-start|p2a: Blaziken|Salt Cure
|
|-heal|p1a: Garganacl|21/100|[from] item: Leftovers
|-damage|p2a: Blaziken|55/100|[from] Salt Cure
|-ability|p2a: Blaziken|Speed Boost|boost
|-boost|p2a: Blaziken|spe|1
|upkeep
|turn|2
|j| samurajen
|
|t:|1779844503
|switch|p2a: Iron Thorns|Iron Thorns|100/100
|move|p1a: Garganacl|Protect||[still]
|-fail|p1a: Garganacl
|
|-heal|p1a: Garganacl|27/100|[from] item: Leftovers
|upkeep
|turn|3
|
|t:|1779844510
|switch|p1a: Rillaboom|Rillaboom, F, shiny|100/100
|-fieldstart|move: Grassy Terrain|[from] ability: Grassy Surge|[of] p1a: Rillaboom
|move|p2a: Iron Thorns|Earthquake|p1a: Rillaboom
|-resisted|p1a: Rillaboom
|-damage|p1a: Rillaboom|91/100
|
|-heal|p1a: Rillaboom|97/100|[from] Grassy Terrain
|upkeep
|turn|4
|
|t:|1779844518
|-terastallize|p2a: Iron Thorns|Bug
|move|p1a: Rillaboom|Grassy Glide|p2a: Iron Thorns
|-resisted|p2a: Iron Thorns
|-damage|p2a: Iron Thorns|74/100
|move|p2a: Iron Thorns|Dragon Dance|p2a: Iron Thorns
|-boost|p2a: Iron Thorns|atk|1
|-boost|p2a: Iron Thorns|spe|1
|
|-heal|p2a: Iron Thorns|80/100|[from] Grassy Terrain
|-heal|p1a: Rillaboom|100/100|[from] Grassy Terrain
|upkeep
|turn|5
|
|t:|1779844524
|switch|p1a: Zapdos|Zapdos, shiny|100/100
|move|p2a: Iron Thorns|Dragon Dance|p2a: Iron Thorns
|-boost|p2a: Iron Thorns|atk|1
|-boost|p2a: Iron Thorns|spe|1
|
|-heal|p2a: Iron Thorns|86/100|[from] Grassy Terrain
|upkeep
|turn|6
|
|t:|1779844527
|move|p2a: Iron Thorns|Rock Blast|p1a: Zapdos|[miss]
|-miss|p2a: Iron Thorns|p1a: Zapdos
|move|p1a: Zapdos|Hurricane|p2a: Iron Thorns
|-supereffective|p2a: Iron Thorns
|-damage|p2a: Iron Thorns|0 fnt
|faint|p2a: Iron Thorns
|-end|p2a: Iron Thorns|Quark Drive|[silent]
|
|upkeep
|-message|blabab forfeited.
|
|win|Hyper tommy
|raw|Hyper tommy's rating: 1533 &rarr; <strong>1549</strong><br />(+16 for winning)
|raw|blabab's rating: 1464 &rarr; <strong>1448</strong><br />(-16 for losing)
|l|☆blabab
|player|p2|
|l|☆Hyper tommy
|player|p1|
