|j|☆nov.rain
|j|☆xXweedwizerd420Xx
|t:|1779854989
|gametype|singles
|player|p1|nov.rain|265|1356
|player|p2|xXweedwizerd420Xx|wallace-gen6|1335
|gen|9
|tier|[Gen 9] OU
|rated|
|rule|HP Percentage Mod: HP is shown in percentages
|rule|Endless Battle Clause: Forcing endless battles is banned
|rule|Species Clause: Limit one of each Pokémon
|rule|OHKO Clause: OHKO moves are banned
|rule|Evasion Items Clause: Evasion items are banned
|rule|Evasion Moves Clause: Evasion moves are banned
|rule|Evasion Abilities Clause: Evasion abilities are banned
|rule|Sleep Moves Clause: Sleep-inducing moves are banned
|clearpoke
|poke|p1|Raging Bolt|
|poke|p1|Ting-Lu|
|poke|p1|Great Tusk|
|poke|p1|Ninetales, F|
|poke|p1|Walking Wake|
|poke|p1|Corviknight, M|
|poke|p2|Samurott-Hisui, M|
|poke|p2|Gholdengo|
|poke|p2|Iron Valiant|
|poke|p2|Rillaboom, F|
|poke|p2|Heatran, M|
|poke|p2|Zapdos|
|teampreview
|inactive|Battle timer is ON: inactive players will automatically lose when time's up. (requested by xXweedwizerd420Xx)
|
|t:|1779855010
|teamsize|p1|6
|teamsize|p2|6
|start
|switch|p1a: Lime|Great Tusk, shiny|100/100
|switch|p2a: Heatran|Heatran, M|100/100
|turn|1
|
|t:|1779855025
|switch|p2a: Zapdos|Zapdos|100/100
|move|p1a: Lime|Headlong Rush|p2a: Zapdos
|-immune|p2a: Zapdos
|
|upkeep
|turn|2
|
|t:|1779855030
|-end|p1a: Lime|Protosynthesis|[silent]
|switch|p1a: Ninetales|Ninetales, F|100/100
|-weather|SunnyDay|[from] ability: Drought|[of] p1a: Ninetales
|move|p2a: Zapdos|Hurricane|p1a: Ninetales
|-damage|p1a: Ninetales|55/100
|-start|p1a: Ninetales|confusion
|
|-weather|SunnyDay|[upkeep]
|upkeep
|turn|3
|
|t:|1779855041
|switch|p1a: Raging Bolt|Raging Bolt|100/100
|-activate|p1a: Raging Bolt|ability: Protosynthesis
|-start|p1a: Raging Bolt|protosynthesisspa
|move|p2a: Zapdos|Volt Switch|p1a: Raging Bolt
|-resisted|p1a: Raging Bolt
|-damage|p1a: Raging Bolt|95/100
|inactive|xXweedwizerd420Xx has 120 seconds left.
|
|t:|1779855074
|switch|p2a: Heatran|Heatran, M|100/100|[from] Volt Switch
|
|-weather|SunnyDay|[upkeep]
|-heal|p1a: Raging Bolt|100/100|[from] item: Leftovers
|upkeep
|turn|4
|
|t:|1779855085
|-end|p1a: Raging Bolt|Protosynthesis|[silent]
|switch|p1a: Walking Wake|Walking Wake|100/100
|-activate|p1a: Walking Wake|ability: Protosynthesis
|-start|p1a: Walking Wake|protosynthesisspe
|-terastallize|p2a: Heatran|Grass
|move|p2a: Heatran|Earth Power|p1a: Walking Wake
|-damage|p1a: Walking Wake|64/100
|
|-weather|SunnyDay|[upkeep]
|upkeep
|turn|5
|
|t:|1779855104
|switch|p2a: Gholdengo|Gholdengo|100/100
|-item|p2a: Gholdengo|Air Balloon
|move|p1a: Walking Wake|Draco Meteor|p2a: Gholdengo
|-resisted|p2a: Gholdengo
|-damage|p2a: Gholdengo|48/100
|-unboost|p1a: Walking Wake|spa|2
|-enditem|p2a: Gholdengo|Air Balloon
|-damage|p1a: Walking Wake|54/100|[from] item: Life Orb
|
|-weather|SunnyDay|[upkeep]
|upkeep
|turn|6
|
|t:|1779855111
|-end|p1a: Walking Wake|Protosynthesis|[silent]
|switch|p1a: Ting-Lu|Ting-Lu|100/100
|-ability|p1a: Ting-Lu|Vessel of Ruin
|move|p2a: Gholdengo|Dazzling Gleam|p1a: Ting-Lu
|-supereffective|p1a: Ting-Lu
|-damage|p1a: Ting-Lu|75/100
|
|-weather|SunnyDay|[upkeep]
|-heal|p1a: Ting-Lu|81/100|[from] item: Leftovers
|upkeep
|turn|7
|
|t:|1779855118
|move|p2a: Gholdengo|Nasty Plot|p2a: Gholdengo
|-boost|p2a: Gholdengo|spa|2
|move|p1a: Ting-Lu|Stealth Rock|p2a: Gholdengo
|-sidestart|p2: xXweedwizerd420Xx|move: Stealth Rock
|
|-weather|SunnyDay|[upkeep]
|-heal|p1a: Ting-Lu|87/100|[from] item: Leftovers
|upkeep
|turn|8
|
|t:|1779855121
|move|p2a: Gholdengo|Make It Rain|p1a: Ting-Lu
|-damage|p1a: Ting-Lu|31/100
|-unboost|p2a: Gholdengo|spa|1
|move|p1a: Ting-Lu|Earthquake|p2a: Gholdengo
|-supereffective|p2a: Gholdengo
|-damage|p2a: Gholdengo|0 fnt
|faint|p2a: Gholdengo
|
|-weather|SunnyDay|[upkeep]
|-heal|p1a: Ting-Lu|37/100|[from] item: Leftovers
|upkeep
|
|t:|1779855125
|switch|p2a: Samurott|Samurott-Hisui, M|100/100
|-damage|p2a: Samurott|88/100|[from] Stealth Rock
|turn|9
|
|t:|1779855136
|move|p2a: Samurott|Ceaseless Edge|p1a: Ting-Lu
|-resisted|p1a: Ting-Lu
|-damage|p1a: Ting-Lu|26/100
|-sidestart|p1: nov.rain|Spikes
|move|p1a: Ting-Lu|Whirlwind|p2a: Samurott
|drag|p2a: Zapdos|Zapdos|100/100
|
|-weather|none
|-heal|p1a: Ting-Lu|32/100|[from] item: Leftovers
|upkeep
|turn|10
|
|t:|1779855143
|move|p2a: Zapdos|Hurricane|p1a: Ting-Lu|[miss]
|-miss|p2a: Zapdos|p1a: Ting-Lu
|move|p1a: Ting-Lu|Ruination|p2a: Zapdos
|-damage|p2a: Zapdos|50/100
|
|-heal|p1a: Ting-Lu|38/100|[from] item: Leftovers
|upkeep
|turn|11
|
|t:|1779855151
|move|p2a: Zapdos|Hurricane|p1a: Ting-Lu
|-damage|p1a: Ting-Lu|17/100
|-start|p1a: Ting-Lu|confusion
|-activate|p1a: Ting-Lu|confusion
|move|p1a: Ting-Lu|Whirlwind|p2a: Zapdos
|drag|p2a: Iron Valiant|Iron Valiant|100/100
|-damage|p2a: Iron Valiant|94/100|[from] Stealth Rock
|-enditem|p2a: Iron Valiant|Booster Energy
|-activate|p2a: Iron Valiant|ability: Quark Drive|[fromitem]
|-start|p2a: Iron Valiant|quarkdrivespe
|
|-heal|p1a: Ting-Lu|23/100|[from] item: Leftovers
|upkeep
|turn|12
|
|t:|1779855163
|switch|p1a: Poe|Corviknight, M|100/100
|-ability|p1a: Poe|Pressure
|move|p2a: Iron Valiant|Calm Mind|p2a: Iron Valiant
|-boost|p2a: Iron Valiant|spa|1
|-boost|p2a: Iron Valiant|spd|1
|
|upkeep
|turn|13
|
|t:|1779855173
|move|p2a: Iron Valiant|Shadow Ball|p1a: Poe
|-damage|p1a: Poe|64/100
|move|p1a: Poe|Brave Bird|p2a: Iron Valiant
|-supereffective|p2a: Iron Valiant
|-damage|p2a: Iron Valiant|0 fnt
|faint|p2a: Iron Valiant
|-end|p2a: Iron Valiant|Quark Drive|[silent]
|-damage|p1a: Poe|42/100|[from] Recoil
|
|upkeep
|
|t:|1779855182
|switch|p2a: Samurott|Samurott-Hisui, M|88/100
|-damage|p2a: Samurott|76/100|[from] Stealth Rock
|turn|14
|
|t:|1779855184
|move|p2a: Samurott|Ceaseless Edge|p1a: Poe
|-damage|p1a: Poe|18/100
|-damage|p2a: Samurott|60/100|[from] item: Rocky Helmet|[of] p1a: Poe
|-sidestart|p1: nov.rain|Spikes
|move|p1a: Poe|Roost|p1a: Poe
|-heal|p1a: Poe|68/100
|-singleturn|p1a: Poe|move: Roost
|
|upkeep
|turn|15
|
|t:|1779855190
|move|p2a: Samurott|Knock Off|p1a: Poe
|-damage|p1a: Poe|43/100
|-damage|p2a: Samurott|43/100|[from] item: Rocky Helmet|[of] p1a: Poe
|-enditem|p1a: Poe|Rocky Helmet|[from] move: Knock Off|[of] p2a: Samurott
|move|p1a: Poe|Defog|p2a: Samurott
|-unboost|p2a: Samurott|evasion|1
|-sideend|p2: xXweedwizerd420Xx|Stealth Rock|[from] move: Defog|[of] p1a: Poe
|-sideend|p1: nov.rain|Spikes|[from] move: Defog|[of] p1a: Poe
|
|upkeep
|turn|16
|
|t:|1779855196
|move|p2a: Samurott|Ceaseless Edge|p1a: Poe
|-damage|p1a: Poe|17/100
|-sidestart|p1: nov.rain|Spikes
|move|p1a: Poe|Body Press|p2a: Samurott
|-supereffective|p2a: Samurott
|-damage|p2a: Samurott|0 fnt
|faint|p2a: Samurott
|
|upkeep
|
|t:|1779855201
|switch|p2a: Heatran|Heatran, M, tera:Grass|100/100
|turn|17
|
|t:|1779855213
|switch|p1a: Ting-Lu|Ting-Lu|23/100
|-damage|p1a: Ting-Lu|11/100|[from] Spikes
|-ability|p1a: Ting-Lu|Vessel of Ruin
|move|p2a: Heatran|Stealth Rock|p1a: Ting-Lu
|-sidestart|p1: nov.rain|move: Stealth Rock
|
|-heal|p1a: Ting-Lu|17/100|[from] item: Leftovers
|upkeep
|turn|18
|
|t:|1779855222
|move|p2a: Heatran|Magma Storm|p1a: Ting-Lu
|-damage|p1a: Ting-Lu|0 fnt
|faint|p1a: Ting-Lu
|
|upkeep
|
|t:|1779855233
|switch|p1a: Ninetales|Ninetales, F|55/100
|-damage|p1a: Ninetales|43/100|[from] Spikes
|-damage|p1a: Ninetales|18/100|[from] Stealth Rock
|-weather|SunnyDay|[from] ability: Drought|[of] p1a: Ninetales
|turn|19
|
|t:|1779855248
|switch|p2a: Rillaboom|Rillaboom, F|100/100
|-fieldstart|move: Grassy Terrain|[from] ability: Grassy Surge|[of] p2a: Rillaboom
|move|p1a: Ninetales|Healing Wish|p1a: Ninetales
|faint|p1a: Ninetales
|
|-weather|SunnyDay|[upkeep]
|upkeep
|
|t:|1779855259
|switch|p1a: Poe|Corviknight, M|17/100
|-heal|p1a: Poe|100/100|[from] move: Healing Wish
|-damage|p1a: Poe|88/100|[from] Stealth Rock
|-ability|p1a: Poe|Pressure
|turn|20
|
|t:|1779855271
|move|p2a: Rillaboom|U-turn|p1a: Poe
|-resisted|p1a: Poe
|-damage|p1a: Poe|85/100
|
|t:|1779855272
|switch|p2a: Zapdos|Zapdos|50/100|[from] U-turn
|move|p1a: Poe|Defog|p2a: Zapdos
|-unboost|p2a: Zapdos|evasion|1
|-sideend|p1: nov.rain|Spikes|[from] move: Defog|[of] p1a: Poe
|-sideend|p1: nov.rain|Stealth Rock|[from] move: Defog|[of] p1a: Poe
|-fieldend|move: Grassy Terrain
|
|-weather|SunnyDay|[upkeep]
|upkeep
|turn|21
|
|t:|1779855279
|switch|p1a: Raging Bolt|Raging Bolt|100/100
|-activate|p1a: Raging Bolt|ability: Protosynthesis
|-start|p1a: Raging Bolt|protosynthesisspa
|move|p2a: Zapdos|Roost|p2a: Zapdos
|-heal|p2a: Zapdos|100/100
|-singleturn|p2a: Zapdos|move: Roost
|
|-weather|SunnyDay|[upkeep]
|upkeep
|turn|22
|
|t:|1779855288
|move|p2a: Zapdos|Hurricane|p1a: Raging Bolt
|-resisted|p1a: Raging Bolt
|-damage|p1a: Raging Bolt|81/100
|-start|p1a: Raging Bolt|confusion
|-activate|p1a: Raging Bolt|confusion
|move|p1a: Raging Bolt|Calm Mind|p1a: Raging Bolt
|-boost|p1a: Raging Bolt|spa|1
|-boost|p1a: Raging Bolt|spd|1
|
|-weather|SunnyDay|[upkeep]
|-heal|p1a: Raging Bolt|88/100|[from] item: Leftovers
|upkeep
|turn|23
|
|t:|1779855291
|move|p2a: Zapdos|Volt Switch|p1a: Raging Bolt
|-resisted|p1a: Raging Bolt
|-damage|p1a: Raging Bolt|83/100
|
|t:|1779855293
|switch|p2a: Heatran|Heatran, M, tera:Grass|100/100|[from] Volt Switch
|-activate|p1a: Raging Bolt|confusion
|move|p1a: Raging Bolt|Calm Mind|p1a: Raging Bolt
|-boost|p1a: Raging Bolt|spa|1
|-boost|p1a: Raging Bolt|spd|1
|
|-weather|SunnyDay|[upkeep]
|-heal|p1a: Raging Bolt|89/100|[from] item: Leftovers
|upkeep
|turn|24
|
|t:|1779855300
|-terastallize|p1a: Raging Bolt|Flying
|move|p2a: Heatran|Magma Storm|p1a: Raging Bolt|[miss]
|-miss|p2a: Heatran|p1a: Raging Bolt
|-activate|p1a: Raging Bolt|confusion
|move|p1a: Raging Bolt|Dragon Pulse|p2a: Heatran
|-damage|p2a: Heatran|0 fnt
|faint|p2a: Heatran
|
|-weather|SunnyDay|[upkeep]
|-heal|p1a: Raging Bolt|96/100|[from] item: Leftovers
|upkeep
|-message|xXweedwizerd420Xx forfeited.
|
|win|nov.rain
|raw|nov.rain's rating: 1356 &rarr; <strong>1375</strong><br />(+19 for winning)
|raw|xXweedwizerd420Xx's rating: 1335 &rarr; <strong>1316</strong><br />(-19 for losing)
|l|☆xXweedwizerd420Xx
|player|p2|
|l|☆nov.rain
|player|p1|
