|j|☆clanger1231
|j|☆stevstacks
|t:|1779840265
|gametype|singles
|player|p1|clanger1231|baker|1660
|player|p2|stevstacks|1|1718
|gen|9
|tier|[Gen 9] OU
|rated|
|rule|HP Percentage Mod: HP is shown in percentages
|rule|Endless Battle Clause: Forcing endless battles is banned
|rule|Species Clause: Limit one of each Pokémon
|rule|OHKO Clause: OHKO moves are banned
|rule|Evasion Items Clause: Evasion items are banned
|rule|Evasion Moves Clause: Evasion moves are banned
|rule|Evasion Abilities Clause: Evasion abilities are banned
|rule|Sleep Moves Clause: Sleep-inducing moves are banned
|clearpoke
|poke|p1|Kingambit, M|
|poke|p1|Kommo-o, F|
|poke|p1|Iron Valiant|
|poke|p1|Kyurem|
|poke|p1|Iron Treads|
|poke|p1|Iron Crown|
|poke|p2|Torkoal, F|
|poke|p2|Corviknight, F|
|poke|p2|Walking Wake|
|poke|p2|Dragonite, M|
|poke|p2|Great Tusk|
|poke|p2|Zamazenta-*|
|teampreview
|
|t:|1779840277
|teamsize|p1|6
|teamsize|p2|6
|start
|switch|p1a: Iron Treads|Iron Treads|100/100
|switch|p2a: Torkoal|Torkoal, F, shiny|100/100
|-weather|SunnyDay|[from] ability: Drought|[of] p2a: Torkoal
|-enditem|p1a: Iron Treads|Booster Energy
|-activate|p1a: Iron Treads|ability: Quark Drive|[fromitem]
|-start|p1a: Iron Treads|quarkdrivespe
|turn|1
|
|t:|1779840281
|move|p1a: Iron Treads|Earthquake|p2a: Torkoal
|-supereffective|p2a: Torkoal
|-damage|p2a: Torkoal|47/100
|move|p2a: Torkoal|Overheat|p1a: Iron Treads
|-supereffective|p1a: Iron Treads
|-damage|p1a: Iron Treads|0 fnt
|-unboost|p2a: Torkoal|spa|2
|faint|p1a: Iron Treads
|-end|p1a: Iron Treads|Quark Drive|[silent]
|
|-weather|SunnyDay|[upkeep]
|upkeep
|
|t:|1779840284
|switch|p1a: Kommo-o|Kommo-o, F|100/100
|turn|2
|
|t:|1779840289
|switch|p2a: Great Tusk|Great Tusk, shiny|100/100
|-activate|p2a: Great Tusk|ability: Protosynthesis
|-start|p2a: Great Tusk|protosynthesisatk
|move|p1a: Kommo-o|Clangorous Soul|p1a: Kommo-o
|-boost|p1a: Kommo-o|atk|1
|-boost|p1a: Kommo-o|def|1
|-boost|p1a: Kommo-o|spa|1
|-boost|p1a: Kommo-o|spd|1
|-boost|p1a: Kommo-o|spe|1
|-damage|p1a: Kommo-o|68/100
|
|-weather|SunnyDay|[upkeep]
|-heal|p1a: Kommo-o|74/100|[from] item: Leftovers
|upkeep
|turn|3
|
|t:|1779840294
|-terastallize|p2a: Great Tusk|Ground
|move|p1a: Kommo-o|Drain Punch|p2a: Great Tusk
|-damage|p2a: Great Tusk|71/100
|-heal|p1a: Kommo-o|89/100|[from] drain|[of] p2a: Great Tusk
|move|p2a: Great Tusk|Headlong Rush|p1a: Kommo-o
|-crit|p1a: Kommo-o
|-damage|p1a: Kommo-o|0 fnt
|-unboost|p2a: Great Tusk|def|1
|-unboost|p2a: Great Tusk|spd|1
|faint|p1a: Kommo-o
|-damage|p2a: Great Tusk|61/100|[from] item: Life Orb
|
|-weather|SunnyDay|[upkeep]
|upkeep
|
|t:|1779840298
|switch|p1a: Iron Crown|Iron Crown|100/100
|-enditem|p1a: Iron Crown|Booster Energy
|-activate|p1a: Iron Crown|ability: Quark Drive|[fromitem]
|-start|p1a: Iron Crown|quarkdrivespe
|turn|4
|
|t:|1779840301
|-end|p2a: Great Tusk|Protosynthesis|[silent]
|switch|p2a: Corviknight|Corviknight, F, shiny|100/100
|-ability|p2a: Corviknight|Pressure
|move|p1a: Iron Crown|Calm Mind|p1a: Iron Crown
|-boost|p1a: Iron Crown|spa|1
|-boost|p1a: Iron Crown|spd|1
|
|-weather|SunnyDay|[upkeep]
|upkeep
|turn|5
|
|t:|1779840303
|move|p1a: Iron Crown|Calm Mind|p1a: Iron Crown
|-boost|p1a: Iron Crown|spa|1
|-boost|p1a: Iron Crown|spd|1
|move|p2a: Corviknight|U-turn|p1a: Iron Crown
|-damage|p1a: Iron Crown|87/100
|
|t:|1779840307
|switch|p2a: Dragonite|Dragonite, M, shiny|100/100|[from] U-turn
|
|-weather|SunnyDay|[upkeep]
|upkeep
|turn|6
|
|t:|1779840314
|move|p1a: Iron Crown|Tachyon Cutter|p2a: Dragonite
|-damage|p2a: Dragonite|79/100
|-damage|p2a: Dragonite|35/100
|-hitcount|p2a: Dragonite|2
|move|p2a: Dragonite|Earthquake|p1a: Iron Crown
|-supereffective|p1a: Iron Crown
|-damage|p1a: Iron Crown|15/100
|
|-weather|SunnyDay|[upkeep]
|-heal|p2a: Dragonite|41/100|[from] item: Leftovers
|upkeep
|turn|7
|
|t:|1779840320
|switch|p2a: Corviknight|Corviknight, F, shiny|100/100
|-ability|p2a: Corviknight|Pressure
|move|p1a: Iron Crown|Tachyon Cutter|p2a: Corviknight
|-resisted|p2a: Corviknight
|-damage|p2a: Corviknight|85/100
|-resisted|p2a: Corviknight
|-damage|p2a: Corviknight|69/100
|-hitcount|p2a: Corviknight|2
|
|-weather|SunnyDay|[upkeep]
|-heal|p2a: Corviknight|75/100|[from] item: Leftovers
|upkeep
|turn|8
|
|t:|1779840329
|move|p1a: Iron Crown|Focus Blast|p2a: Corviknight
|-damage|p2a: Corviknight|26/100
|move|p2a: Corviknight|Brave Bird|p1a: Iron Crown
|-resisted|p1a: Iron Crown
|-damage|p1a: Iron Crown|0 fnt
|faint|p1a: Iron Crown
|-end|p1a: Iron Crown|Quark Drive|[silent]
|-damage|p2a: Corviknight|22/100|[from] Recoil
|
|-weather|none
|-heal|p2a: Corviknight|28/100|[from] item: Leftovers
|upkeep
|
|t:|1779840333
|switch|p1a: Kyurem|Kyurem|100/100
|-ability|p1a: Kyurem|Pressure
|turn|9
|
|t:|1779840337
|switch|p2a: Torkoal|Torkoal, F, shiny|47/100
|-weather|SunnyDay|[from] ability: Drought|[of] p2a: Torkoal
|move|p1a: Kyurem|Dragon Dance|p1a: Kyurem
|-boost|p1a: Kyurem|atk|1
|-boost|p1a: Kyurem|spe|1
|
|-weather|SunnyDay|[upkeep]
|upkeep
|turn|10
|
|t:|1779840339
|move|p1a: Kyurem|Scale Shot|p2a: Torkoal|[miss]
|-miss|p1a: Kyurem|p2a: Torkoal
|move|p2a: Torkoal|Overheat|p1a: Kyurem
|-damage|p1a: Kyurem|37/100
|-unboost|p2a: Torkoal|spa|2
|
|-weather|SunnyDay|[upkeep]
|upkeep
|turn|11
|j| happy snake year
|
|t:|1779840344
|move|p1a: Kyurem|Scale Shot|p2a: Torkoal
|-damage|p2a: Torkoal|32/100
|-damage|p2a: Torkoal|18/100
|-damage|p2a: Torkoal|4/100
|-damage|p2a: Torkoal|0 fnt
|faint|p2a: Torkoal
|-hitcount|p2: Torkoal|4
|-unboost|p1a: Kyurem|def|1
|-boost|p1a: Kyurem|spe|1
|
|-weather|SunnyDay|[upkeep]
|upkeep
|
|t:|1779840345
|switch|p2a: Zamazenta|Zamazenta, shiny|100/100
|-ability|p2a: Zamazenta|Dauntless Shield|boost
|-boost|p2a: Zamazenta|def|1
|turn|12
|
|t:|1779840347
|move|p1a: Kyurem|Icicle Spear|p2a: Zamazenta
|-damage|p2a: Zamazenta|91/100
|-damage|p2a: Zamazenta|82/100
|-damage|p2a: Zamazenta|72/100
|-damage|p2a: Zamazenta|62/100
|-hitcount|p2a: Zamazenta|4
|move|p2a: Zamazenta|Body Press|p1a: Kyurem
|-supereffective|p1a: Kyurem
|-damage|p1a: Kyurem|0 fnt
|faint|p1a: Kyurem
|
|-weather|SunnyDay|[upkeep]
|-heal|p2a: Zamazenta|68/100|[from] item: Leftovers
|upkeep
|
|t:|1779840350
|switch|p1a: Iron Valiant|Iron Valiant|100/100
|-enditem|p1a: Iron Valiant|Booster Energy
|-activate|p1a: Iron Valiant|ability: Quark Drive|[fromitem]
|-start|p1a: Iron Valiant|quarkdrivespe
|turn|13
|
|t:|1779840355
|move|p1a: Iron Valiant|Moonblast|p2a: Zamazenta
|-supereffective|p2a: Zamazenta
|-damage|p2a: Zamazenta|0 fnt
|faint|p2a: Zamazenta
|
|-weather|SunnyDay|[upkeep]
|upkeep
|
|t:|1779840358
|switch|p2a: Corviknight|Corviknight, F, shiny|28/100
|-ability|p2a: Corviknight|Pressure
|turn|14
|
|t:|1779840360
|move|p1a: Iron Valiant|Focus Blast|p2a: Corviknight|[miss]
|-miss|p1a: Iron Valiant|p2a: Corviknight
|move|p2a: Corviknight|Brave Bird|p1a: Iron Valiant
|-supereffective|p1a: Iron Valiant
|-damage|p1a: Iron Valiant|13/100
|-damage|p2a: Corviknight|7/100|[from] Recoil
|
|-weather|SunnyDay|[upkeep]
|-heal|p2a: Corviknight|13/100|[from] item: Leftovers
|upkeep
|turn|15
|
|t:|1779840364
|move|p1a: Iron Valiant|Moonblast|p2a: Corviknight
|-resisted|p2a: Corviknight
|-damage|p2a: Corviknight|0 fnt
|faint|p2a: Corviknight
|
|-weather|SunnyDay|[upkeep]
|upkeep
|
|t:|1779840365
|switch|p2a: Dragonite|Dragonite, M, shiny|41/100
|turn|16
|
|t:|1779840368
|-terastallize|p1a: Iron Valiant|Ghost
|move|p1a: Iron Valiant|Moonblast|p2a: Dragonite
|-supereffective|p2a: Dragonite
|-damage|p2a: Dragonite|0 fnt
|faint|p2a: Dragonite
|
|-weather|none
|upkeep
|l| happy snake year
|
|t:|1779840373
|switch|p2a: Walking Wake|Walking Wake|100/100
|turn|17
|
|t:|1779840376
|move|p1a: Iron Valiant|Moonblast|p2a: Walking Wake
|-supereffective|p2a: Walking Wake
|-damage|p2a: Walking Wake|0 fnt
|faint|p2a: Walking Wake
|-end|p2a: Walking Wake|Protosynthesis|[silent]
|
|upkeep
|
|t:|1779840379
|switch|p2a: Great Tusk|Great Tusk, shiny, tera:Ground|61/100
|turn|18
|
|t:|1779840381
|move|p1a: Iron Valiant|Moonblast|p2a: Great Tusk
|-damage|p2a: Great Tusk|0 fnt
|faint|p2a: Great Tusk
|-end|p2a: Great Tusk|Protosynthesis|[silent]
|
|win|clanger1231
|raw|clanger1231's rating: 1660 &rarr; <strong>1683</strong><br />(+23 for winning)
|raw|stevstacks's rating: 1718 &rarr; <strong>1695</strong><br />(-23 for losing)
|c|☆stevstacks|wp
|l|☆clanger1231
|player|p1|
|c|☆stevstacks|good rematch
|l|☆stevstacks
|player|p2|
|j|☆stevstacks
|player|p2|stevstacks|1|
|l|☆stevstacks
|player|p2|
