|j|☆fifodrummer
|j|☆nwalesu
|t:|1779874192
|gametype|singles
|player|p1|fifodrummer|pokemaniac|1479
|player|p2|nwalesu|pokemaniac|1462
|gen|9
|tier|[Gen 9] OU
|rated|
|rule|HP Percentage Mod: HP is shown in percentages
|rule|Endless Battle Clause: Forcing endless battles is banned
|rule|Species Clause: Limit one of each Pokémon
|rule|OHKO Clause: OHKO moves are banned
|rule|Evasion Items Clause: Evasion items are banned
|rule|Evasion Moves Clause: Evasion moves are banned
|rule|Evasion Abilities Clause: Evasion abilities are banned
|rule|Sleep Moves Clause: Sleep-inducing moves are banned
|clearpoke
|poke|p1|Pelipper, M|
|poke|p1|Raging Bolt|
|poke|p1|Overqwil, M|
|poke|p1|Ogerpon-Wellspring, F|
|poke|p1|Scizor, M|
|poke|p1|Kingdra, F|
|poke|p2|Dragapult, F|
|poke|p2|Rotom-Heat|
|poke|p2|Clodsire, M|
|poke|p2|Mandibuzz, F|
|poke|p2|Dragonite, F|
|poke|p2|Iron Valiant|
|teampreview
|inactive|Battle timer is ON: inactive players will automatically lose when time's up. (requested by nwalesu)
|
|t:|1779874201
|teamsize|p1|6
|teamsize|p2|6
|start
|switch|p1a: Nigel|Pelipper, M|100/100
|switch|p2a: Cookie maker|Rotom-Heat|100/100
|-weather|RainDance|[from] ability: Drizzle|[of] p1a: Nigel
|turn|1
|
|t:|1779874209
|-terastallize|p1a: Nigel|Ground
|move|p2a: Cookie maker|Discharge|p1a: Nigel
|-immune|p1a: Nigel
|move|p1a: Nigel|Surf|p2a: Cookie maker
|-supereffective|p2a: Cookie maker
|-damage|p2a: Cookie maker|0 fnt
|faint|p2a: Cookie maker
|
|-weather|RainDance|[upkeep]
|upkeep
|
|t:|1779874229
|switch|p2a: Clodsire|Clodsire, M|100/100
|turn|2
|
|t:|1779874233
|switch|p1a: Iron Claw|Scizor, M, shiny|100/100
|move|p2a: Clodsire|Stealth Rock|p1a: Iron Claw
|-sidestart|p1: fifodrummer|move: Stealth Rock
|
|-weather|RainDance|[upkeep]
|upkeep
|turn|3
|
|t:|1779874240
|switch|p2a: Mandibuzz|Mandibuzz, F|100/100
|move|p1a: Iron Claw|Swords Dance|p1a: Iron Claw
|-boost|p1a: Iron Claw|atk|2
|
|-weather|RainDance|[upkeep]
|upkeep
|turn|4
|
|t:|1779874254
|move|p2a: Mandibuzz|Foul Play|p1a: Iron Claw
|-damage|p1a: Iron Claw|4/100
|move|p1a: Iron Claw|Defog|p2a: Mandibuzz
|-unboost|p2a: Mandibuzz|evasion|1
|-sideend|p1: fifodrummer|Stealth Rock|[from] move: Defog|[of] p1a: Iron Claw
|
|-weather|RainDance|[upkeep]
|upkeep
|turn|5
|
|t:|1779874263
|move|p1a: Iron Claw|Bullet Punch|p2a: Mandibuzz
|-damage|p2a: Mandibuzz|64/100
|move|p2a: Mandibuzz|U-turn|p1a: Iron Claw
|-resisted|p1a: Iron Claw
|-damage|p1a: Iron Claw|0 fnt
|faint|p1a: Iron Claw
|
|t:|1779874278
|switch|p2a: Dragonite|Dragonite, F|100/100|[from] U-turn
|
|-weather|RainDance|[upkeep]
|upkeep
|
|t:|1779874284
|switch|p1a: Spike|Overqwil, M, shiny|100/100
|turn|6
|
|t:|1779874296
|move|p1a: Spike|Poison Jab|p2a: Dragonite
|-damage|p2a: Dragonite|70/100
|-damage|p1a: Spike|91/100|[from] item: Life Orb
|move|p2a: Dragonite|Earthquake|p1a: Spike
|-supereffective|p1a: Spike
|-damage|p1a: Spike|2/100
|
|-weather|RainDance|[upkeep]
|upkeep
|turn|7
|
|t:|1779874305
|move|p2a: Dragonite|Extreme Speed|p1a: Spike
|-damage|p1a: Spike|0 fnt
|faint|p1a: Spike
|
|-weather|RainDance|[upkeep]
|upkeep
|
|t:|1779874312
|switch|p1a: I'm a Dragon!?|Kingdra, F|100/100
|turn|8
|
|t:|1779874325
|switch|p2a: Clodsire|Clodsire, M|100/100
|move|p1a: I'm a Dragon!?|Surf|p2a: Clodsire
|-immune|p2a: Clodsire|[from] ability: Water Absorb
|
|-weather|none
|upkeep
|turn|9
|
|t:|1779874334
|switch|p1a: The Mask|Ogerpon-Wellspring, F|100/100
|move|p2a: Clodsire|Toxic|p1a: The Mask
|-status|p1a: The Mask|tox
|
|-damage|p1a: The Mask|95/100 tox|[from] psn
|upkeep
|turn|10
|
|t:|1779874349
|switch|p2a: Mandibuzz|Mandibuzz, F|64/100
|move|p1a: The Mask|Swords Dance|p1a: The Mask
|-boost|p1a: The Mask|atk|2
|
|-damage|p1a: The Mask|83/100 tox|[from] psn
|upkeep
|turn|11
|j| samurajen
|
|t:|1779874358
|switch|p2a: Drippy|Dragapult, F|100/100
|move|p1a: The Mask|Ivy Cudgel|p2a: Drippy|[anim] Ivy Cudgel Water
|-resisted|p2a: Drippy
|-damage|p2a: Drippy|8/100
|
|-damage|p1a: The Mask|65/100 tox|[from] psn
|upkeep
|turn|12
|
|t:|1779874373
|move|p2a: Drippy|Dragon Darts|p1a: The Mask
|-damage|p1a: The Mask|32/100 tox
|-anim|p2a: Drippy|Dragon Darts|p1a: The Mask
|-damage|p1a: The Mask|0 fnt
|faint|p1a: The Mask
|
|upkeep
|
|t:|1779874381
|switch|p1a: Nigel|Pelipper, M, tera:Ground|100/100
|-weather|RainDance|[from] ability: Drizzle|[of] p1a: Nigel
|turn|13
|
|t:|1779874389
|move|p2a: Drippy|U-turn|p1a: Nigel
|-damage|p1a: Nigel|77/100
|
|t:|1779874392
|switch|p2a: Clodsire|Clodsire, M|100/100|[from] U-turn
|move|p1a: Nigel|Ice Beam|p2a: Clodsire
|-supereffective|p2a: Clodsire
|-damage|p2a: Clodsire|79/100
|
|-weather|RainDance|[upkeep]
|-heal|p2a: Clodsire|86/100|[from] item: Leftovers
|upkeep
|turn|14
|
|t:|1779874402
|switch|p1a: I'm a Dragon!?|Kingdra, F|100/100
|move|p2a: Clodsire|Toxic|p1a: I'm a Dragon!?
|-status|p1a: I'm a Dragon!?|tox
|
|-weather|RainDance|[upkeep]
|-heal|p2a: Clodsire|92/100|[from] item: Leftovers
|-damage|p1a: I'm a Dragon!?|94/100 tox|[from] psn
|upkeep
|turn|15
|
|t:|1779874416
|move|p1a: I'm a Dragon!?|Hurricane|p2a: Clodsire
|-crit|p2a: Clodsire
|-damage|p2a: Clodsire|58/100
|-start|p2a: Clodsire|confusion
|-activate|p2a: Clodsire|confusion
|move|p2a: Clodsire|Recover|p2a: Clodsire
|-heal|p2a: Clodsire|100/100
|
|-weather|RainDance|[upkeep]
|-damage|p1a: I'm a Dragon!?|82/100 tox|[from] psn
|upkeep
|turn|16
|-message|fifodrummer forfeited.
|
|win|nwalesu
|raw|fifodrummer's rating: 1479 &rarr; <strong>1458</strong><br />(-21 for losing)
|raw|nwalesu's rating: 1462 &rarr; <strong>1483</strong><br />(+21 for winning)
|l|☆fifodrummer
|player|p1|
|l|☆nwalesu
|player|p2|
