|j|☆newgensbetter
|j|‽doc1203
|t:|1779921255
|gametype|singles
|player|p1|newgensbetter|unknownf|1481
|player|p2|doc1203|morty|1479
|gen|9
|tier|[Gen 9] OU
|rated|
|rule|HP Percentage Mod: HP is shown in percentages
|rule|Endless Battle Clause: Forcing endless battles is banned
|rule|Species Clause: Limit one of each Pokémon
|rule|OHKO Clause: OHKO moves are banned
|rule|Evasion Items Clause: Evasion items are banned
|rule|Evasion Moves Clause: Evasion moves are banned
|rule|Evasion Abilities Clause: Evasion abilities are banned
|rule|Sleep Moves Clause: Sleep-inducing moves are banned
|clearpoke
|poke|p1|Deoxys-Speed|
|poke|p1|Ceruledge, F|
|poke|p1|Great Tusk|
|poke|p1|Darkrai|
|poke|p1|Gholdengo|
|poke|p1|Ogerpon-Wellspring, F|
|poke|p2|Oricorio-Pom-Pom, M|
|poke|p2|Ninetales-Alola, F|
|poke|p2|Kyurem|
|poke|p2|Iron Moth|
|poke|p2|Great Tusk|
|poke|p2|Dragonite, M|
|teampreview
|
|t:|1779921283
|teamsize|p1|6
|teamsize|p2|6
|start
|switch|p1a: Deoxys|Deoxys-Speed|100/100
|switch|p2a: Ninetales|Ninetales-Alola, F|100/100
|-ability|p1a: Deoxys|Pressure
|-weather|Snowscape|[from] ability: Snow Warning|[of] p2a: Ninetales
|turn|1
|
|t:|1779921355
|switch|p2a: Kyurem|Kyurem|100/100
|-ability|p2a: Kyurem|Pressure
|move|p1a: Deoxys|Taunt|p2a: Kyurem
|-start|p2a: Kyurem|move: Taunt
|
|-weather|Snowscape|[upkeep]
|upkeep
|turn|2
|
|t:|1779921365
|move|p1a: Deoxys|Stealth Rock|p2a: Kyurem
|-sidestart|p2: doc1203|move: Stealth Rock
|move|p2a: Kyurem|Blizzard|p1a: Deoxys
|-enditem|p1a: Deoxys|Focus Sash
|-damage|p1a: Deoxys|1/100
|-status|p1a: Deoxys|frz
|
|-weather|Snowscape|[upkeep]
|upkeep
|turn|3
|
|t:|1779921380
|cant|p1a: Deoxys|frz
|move|p2a: Kyurem|Blizzard|p1a: Deoxys
|-damage|p1a: Deoxys|0 fnt
|faint|p1a: Deoxys
|
|-weather|Snowscape|[upkeep]
|-end|p2a: Kyurem|move: Taunt
|upkeep
|
|t:|1779921402
|switch|p1a: Darkrai|Darkrai|100/100
|turn|4
|
|t:|1779921410
|move|p1a: Darkrai|Focus Blast|p2a: Kyurem
|-supereffective|p2a: Kyurem
|-damage|p2a: Kyurem|0 fnt
|faint|p2a: Kyurem
|-damage|p1a: Darkrai|91/100|[from] item: Life Orb
|
|-weather|Snowscape|[upkeep]
|upkeep
|inactive|Battle timer is ON: inactive players will automatically lose when time's up. (requested by newgensbetter)
|
|t:|1779921439
|switch|p2a: Iron Moth|Iron Moth|100/100
|-damage|p2a: Iron Moth|76/100|[from] Stealth Rock
|-enditem|p2a: Iron Moth|Booster Energy
|-activate|p2a: Iron Moth|ability: Quark Drive|[fromitem]
|-start|p2a: Iron Moth|quarkdrivespe
|turn|5
|
|t:|1779921445
|move|p2a: Iron Moth|Fiery Dance|p1a: Darkrai
|-damage|p1a: Darkrai|35/100
|move|p1a: Darkrai|Dark Pulse|p2a: Iron Moth
|-damage|p2a: Iron Moth|15/100
|-damage|p1a: Darkrai|25/100|[from] item: Life Orb
|
|-weather|none
|upkeep
|turn|6
|
|t:|1779921453
|switch|p1a: Ceruledge|Ceruledge, F|100/100
|move|p2a: Iron Moth|Fiery Dance|p1a: Ceruledge
|-resisted|p1a: Ceruledge
|-damage|p1a: Ceruledge|79/100
|
|upkeep
|turn|7
|
|t:|1779921465
|-end|p2a: Iron Moth|Quark Drive|[silent]
|switch|p2a: Dragonite|Dragonite, M|100/100
|move|p1a: Ceruledge|Swords Dance|p1a: Ceruledge
|-boost|p1a: Ceruledge|atk|2
|
|upkeep
|turn|8
|
|t:|1779921473
|-terastallize|p1a: Ceruledge|Ghost
|move|p1a: Ceruledge|Bitter Blade|p2a: Dragonite
|-resisted|p2a: Dragonite
|-damage|p2a: Dragonite|75/100
|-heal|p1a: Ceruledge|93/100|[from] drain|[of] p2a: Dragonite
|move|p2a: Dragonite|Earthquake|p1a: Ceruledge
|-damage|p1a: Ceruledge|35/100
|-ability|p1a: Ceruledge|Weak Armor|boost
|-unboost|p1a: Ceruledge|def|1
|-boost|p1a: Ceruledge|spe|2
|
|upkeep
|turn|9
|
|t:|1779921482
|-terastallize|p2a: Dragonite|Normal
|move|p1a: Ceruledge|Poltergeist|p2a: Dragonite
|-immune|p2a: Dragonite
|move|p2a: Dragonite|Earthquake|p1a: Ceruledge
|-damage|p1a: Ceruledge|0 fnt
|faint|p1a: Ceruledge
|
|upkeep
|
|t:|1779921495
|switch|p1a: Great Tusk|Great Tusk|100/100
|-enditem|p1a: Great Tusk|Booster Energy
|-activate|p1a: Great Tusk|ability: Protosynthesis|[fromitem]
|-start|p1a: Great Tusk|protosynthesisspe
|turn|10
|
|t:|1779921500
|switch|p2a: Ninetales|Ninetales-Alola, F|100/100
|-damage|p2a: Ninetales|76/100|[from] Stealth Rock
|-weather|Snowscape|[from] ability: Snow Warning|[of] p2a: Ninetales
|move|p1a: Great Tusk|Rapid Spin|p2a: Ninetales
|-damage|p2a: Ninetales|64/100
|-boost|p1a: Great Tusk|spe|1
|
|-weather|Snowscape|[upkeep]
|upkeep
|turn|11
|
|t:|1779921508
|-end|p1a: Great Tusk|Protosynthesis|[silent]
|switch|p1a: Gholdengo|Gholdengo|100/100
|-item|p1a: Gholdengo|Air Balloon
|move|p2a: Ninetales|Aurora Veil|p2a: Ninetales
|-sidestart|p2: doc1203|move: Aurora Veil
|
|-weather|Snowscape|[upkeep]
|upkeep
|turn|12
|
|t:|1779921517
|switch|p2a: Oricorio|Oricorio-Pom-Pom, M, shiny|100/100
|-damage|p2a: Oricorio|75/100|[from] Stealth Rock
|move|p1a: Gholdengo|Make It Rain|p2a: Oricorio
|-resisted|p2a: Oricorio
|-damage|p2a: Oricorio|55/100
|-unboost|p1a: Gholdengo|spa|1
|
|-weather|Snowscape|[upkeep]
|upkeep
|turn|13
|
|t:|1779921527
|switch|p1a: Ogerpon|Ogerpon-Wellspring, F|100/100
|move|p2a: Oricorio|Quiver Dance|p2a: Oricorio
|-boost|p2a: Oricorio|spa|1
|-boost|p2a: Oricorio|spd|1
|-boost|p2a: Oricorio|spe|1
|
|-weather|Snowscape|[upkeep]
|upkeep
|turn|14
|
|t:|1779921547
|move|p2a: Oricorio|Hurricane|p1a: Ogerpon
|-supereffective|p1a: Ogerpon
|-damage|p1a: Ogerpon|0 fnt
|faint|p1a: Ogerpon
|
|-weather|none
|upkeep
|
|t:|1779921551
|switch|p1a: Gholdengo|Gholdengo|100/100
|-item|p1a: Gholdengo|Air Balloon
|turn|15
|
|t:|1779921553
|move|p2a: Oricorio|Roost|p2a: Oricorio
|-heal|p2a: Oricorio|100/100
|-singleturn|p2a: Oricorio|move: Roost
|move|p1a: Gholdengo|Nasty Plot|p1a: Gholdengo
|-boost|p1a: Gholdengo|spa|2
|
|upkeep
|turn|16
|
|t:|1779921558
|move|p2a: Oricorio|Revelation Dance|p1a: Gholdengo
|-damage|p1a: Gholdengo|49/100
|-enditem|p1a: Gholdengo|Air Balloon
|move|p1a: Gholdengo|Nasty Plot|p1a: Gholdengo
|-boost|p1a: Gholdengo|spa|2
|
|upkeep
|turn|17
|
|t:|1779921569
|move|p2a: Oricorio|Revelation Dance|p1a: Gholdengo
|-damage|p1a: Gholdengo|0 fnt
|faint|p1a: Gholdengo
|
|upkeep
|inactive|newgensbetter has 120 seconds left.
|inactive|newgensbetter has 90 seconds left.
|inactive|newgensbetter has 60 seconds left.
|
|t:|1779921662
|switch|p1a: Darkrai|Darkrai|25/100
|turn|18
|-message|newgensbetter forfeited.
|
|win|doc1203
|raw|newgensbetter's rating: 1488 &rarr; <strong>1467</strong><br />(-21 for losing)
|raw|doc1203's rating: 1479 &rarr; <strong>1500</strong><br />(+21 for winning)
|l|☆newgensbetter
|player|p1|
|l|‽doc1203
|player|p2|
