|j|☆TianBing
|j|☆The Arkifane
|t:|1779865937
|gametype|singles
|player|p1|TianBing|cynthia|1280
|player|p2|The Arkifane|266|1336
|gen|9
|tier|[Gen 9] OU
|rated|
|rule|HP Percentage Mod: HP is shown in percentages
|rule|Endless Battle Clause: Forcing endless battles is banned
|rule|Species Clause: Limit one of each Pokémon
|rule|OHKO Clause: OHKO moves are banned
|rule|Evasion Items Clause: Evasion items are banned
|rule|Evasion Moves Clause: Evasion moves are banned
|rule|Evasion Abilities Clause: Evasion abilities are banned
|rule|Sleep Moves Clause: Sleep-inducing moves are banned
|clearpoke
|poke|p1|Pelipper, F|
|poke|p1|Tornadus-Therian, M|
|poke|p1|Iron Treads|
|poke|p1|Dragapult, M|
|poke|p1|Keldeo-Resolute|
|poke|p1|Raging Bolt|
|poke|p2|Corviknight, F|
|poke|p2|Kyurem|
|poke|p2|Slowking-Galar, M|
|poke|p2|Iron Moth|
|poke|p2|Kingambit, M|
|poke|p2|Iron Valiant|
|teampreview
|
|t:|1779865948
|teamsize|p1|6
|teamsize|p2|6
|start
|switch|p1a: Dragapult|Dragapult, M|100/100
|switch|p2a: Kyurem|Kyurem|100/100
|-ability|p2a: Kyurem|Pressure
|turn|1
|
|t:|1779865953
|switch|p2a: Iron Valiant|Iron Valiant|100/100
|-enditem|p2a: Iron Valiant|Booster Energy
|-activate|p2a: Iron Valiant|ability: Quark Drive|[fromitem]
|-start|p2a: Iron Valiant|quarkdrivespe
|move|p1a: Dragapult|U-turn|p2a: Iron Valiant
|-resisted|p2a: Iron Valiant
|-damage|p2a: Iron Valiant|90/100
|
|t:|1779865961
|switch|p1a: Iron Treads|Iron Treads|100/100|[from] U-turn
|
|upkeep
|turn|2
|
|t:|1779865971
|-terastallize|p1a: Iron Treads|Ghost
|move|p2a: Iron Valiant|Close Combat|p1a: Iron Treads
|-immune|p1a: Iron Treads
|move|p1a: Iron Treads|Knock Off|p2a: Iron Valiant
|-resisted|p2a: Iron Valiant
|-damage|p2a: Iron Valiant|85/100
|
|upkeep
|turn|3
|
|t:|1779865975
|move|p2a: Iron Valiant|Shadow Ball|p1a: Iron Treads
|-supereffective|p1a: Iron Treads
|-damage|p1a: Iron Treads|56/100
|-unboost|p1a: Iron Treads|spd|1
|move|p1a: Iron Treads|Stealth Rock|p2a: Iron Valiant
|-sidestart|p2: The Arkifane|move: Stealth Rock
|
|-heal|p1a: Iron Treads|62/100|[from] item: Leftovers
|upkeep
|turn|4
|
|t:|1779865983
|-end|p1a: Iron Treads|Quark Drive|[silent]
|switch|p1a: Pelipper|Pelipper, F|100/100
|-weather|RainDance|[from] ability: Drizzle|[of] p1a: Pelipper
|move|p2a: Iron Valiant|Shadow Ball|p1a: Pelipper
|-damage|p1a: Pelipper|67/100
|
|-weather|RainDance|[upkeep]
|upkeep
|turn|5
|
|t:|1779865994
|switch|p1a: Raging Bolt|Raging Bolt|100/100
|-enditem|p1a: Raging Bolt|Booster Energy
|-activate|p1a: Raging Bolt|ability: Protosynthesis|[fromitem]
|-start|p1a: Raging Bolt|protosynthesisspa
|move|p2a: Iron Valiant|Moonblast|p1a: Raging Bolt
|-supereffective|p1a: Raging Bolt
|-damage|p1a: Raging Bolt|9/100
|-unboost|p1a: Raging Bolt|spa|1
|
|-weather|RainDance|[upkeep]
|upkeep
|turn|6
|
|t:|1779866006
|move|p1a: Raging Bolt|Thunderclap|p2a: Iron Valiant
|-damage|p2a: Iron Valiant|13/100
|move|p2a: Iron Valiant|Moonblast|p1a: Raging Bolt
|-supereffective|p1a: Raging Bolt
|-damage|p1a: Raging Bolt|0 fnt
|faint|p1a: Raging Bolt
|-end|p1a: Raging Bolt|Protosynthesis|[silent]
|
|-weather|RainDance|[upkeep]
|upkeep
|
|t:|1779866015
|switch|p1a: Tornadus|Tornadus-Therian, M|100/100
|turn|7
|
|t:|1779866020
|move|p2a: Iron Valiant|Moonblast|p1a: Tornadus
|-damage|p1a: Tornadus|43/100
|move|p1a: Tornadus|Hurricane|p2a: Iron Valiant
|-supereffective|p2a: Iron Valiant
|-damage|p2a: Iron Valiant|0 fnt
|faint|p2a: Iron Valiant
|-end|p2a: Iron Valiant|Quark Drive|[silent]
|
|-weather|RainDance|[upkeep]
|upkeep
|
|t:|1779866034
|switch|p2a: Iron Moth|Iron Moth|100/100
|-damage|p2a: Iron Moth|76/100|[from] Stealth Rock
|-enditem|p2a: Iron Moth|Booster Energy
|-activate|p2a: Iron Moth|ability: Quark Drive|[fromitem]
|-start|p2a: Iron Moth|quarkdrivespe
|turn|8
|
|t:|1779866041
|move|p2a: Iron Moth|Fiery Dance|p1a: Tornadus
|-damage|p1a: Tornadus|18/100
|-boost|p2a: Iron Moth|spa|1
|move|p1a: Tornadus|Hurricane|p2a: Iron Moth
|-crit|p2a: Iron Moth
|-damage|p2a: Iron Moth|0 fnt
|faint|p2a: Iron Moth
|-end|p2a: Iron Moth|Quark Drive|[silent]
|
|-weather|RainDance|[upkeep]
|upkeep
|
|t:|1779866049
|switch|p2a: Slowking|Slowking-Galar, M|100/100
|-damage|p2a: Slowking|88/100|[from] Stealth Rock
|turn|9
|
|t:|1779866053
|move|p1a: Tornadus|Hurricane|p2a: Slowking
|-damage|p2a: Slowking|41/100
|-start|p2a: Slowking|confusion
|-activate|p2a: Slowking|confusion
|-damage|p2a: Slowking|36/100|[from] confusion
|
|-weather|RainDance|[upkeep]
|-heal|p2a: Slowking|42/100|[from] item: Leftovers
|upkeep
|turn|10
|
|t:|1779866062
|-activate|p2a: Slowking|confusion
|-damage|p2a: Slowking|37/100|[from] confusion
|move|p1a: Tornadus|Hurricane|p2a: Slowking
|-damage|p2a: Slowking|0 fnt
|faint|p2a: Slowking
|
|-weather|RainDance|[upkeep]
|upkeep
|c|☆TianBing|？
|
|t:|1779866069
|switch|p2a: Corviknight|Corviknight, F, shiny|100/100
|-damage|p2a: Corviknight|88/100|[from] Stealth Rock
|-ability|p2a: Corviknight|Pressure
|turn|11
|
|t:|1779866077
|switch|p1a: Iron Treads|Iron Treads, tera:Ghost|62/100
|move|p2a: Corviknight|Brave Bird|p1a: Iron Treads
|-damage|p1a: Iron Treads|34/100
|-damage|p2a: Corviknight|79/100|[from] Recoil
|
|-weather|none
|-heal|p1a: Iron Treads|40/100|[from] item: Leftovers
|upkeep
|turn|12
|
|t:|1779866083
|move|p1a: Iron Treads|Knock Off|p2a: Corviknight
|-damage|p2a: Corviknight|65/100
|-damage|p1a: Iron Treads|23/100|[from] item: Rocky Helmet|[of] p2a: Corviknight
|-enditem|p2a: Corviknight|Rocky Helmet|[from] move: Knock Off|[of] p1a: Iron Treads
|move|p2a: Corviknight|Defog|p1a: Iron Treads
|-unboost|p1a: Iron Treads|evasion|1
|-sideend|p2: The Arkifane|Stealth Rock|[from] move: Defog|[of] p2a: Corviknight
|
|-heal|p1a: Iron Treads|29/100|[from] item: Leftovers
|upkeep
|turn|13
|
|t:|1779866094
|-end|p1a: Iron Treads|Quark Drive|[silent]
|switch|p1a: Pelipper|Pelipper, F|67/100
|-weather|RainDance|[from] ability: Drizzle|[of] p1a: Pelipper
|move|p2a: Corviknight|Roost|p2a: Corviknight
|-heal|p2a: Corviknight|100/100
|-singleturn|p2a: Corviknight|move: Roost
|
|-weather|RainDance|[upkeep]
|upkeep
|turn|14
|
|t:|1779866104
|move|p2a: Corviknight|Brave Bird|p1a: Pelipper
|-damage|p1a: Pelipper|40/100
|-damage|p2a: Corviknight|93/100|[from] Recoil
|move|p1a: Pelipper|Surf|p2a: Corviknight
|-damage|p2a: Corviknight|53/100
|
|-weather|RainDance|[upkeep]
|upkeep
|turn|15
|
|t:|1779866110
|move|p2a: Corviknight|Roost|p2a: Corviknight
|-heal|p2a: Corviknight|100/100
|-singleturn|p2a: Corviknight|move: Roost
|move|p1a: Pelipper|Roost|p1a: Pelipper
|-heal|p1a: Pelipper|90/100
|-singleturn|p1a: Pelipper|move: Roost
|
|-weather|RainDance|[upkeep]
|upkeep
|turn|16
|
|t:|1779866117
|move|p2a: Corviknight|U-turn|p1a: Pelipper
|-resisted|p1a: Pelipper
|-damage|p1a: Pelipper|85/100
|
|t:|1779866120
|switch|p2a: Kyurem|Kyurem|100/100|[from] U-turn
|-ability|p2a: Kyurem|Pressure
|move|p1a: Pelipper|Surf|p2a: Kyurem
|-resisted|p2a: Kyurem
|-damage|p2a: Kyurem|78/100
|
|-weather|RainDance|[upkeep]
|upkeep
|turn|17
|
|t:|1779866125
|move|p2a: Kyurem|Freeze-Dry|p1a: Pelipper
|-supereffective|p1a: Pelipper
|-damage|p1a: Pelipper|0 fnt
|faint|p1a: Pelipper
|
|-weather|RainDance|[upkeep]
|upkeep
|
|t:|1779866128
|switch|p1a: Dragapult|Dragapult, M|100/100
|turn|18
|
|t:|1779866134
|-terastallize|p2a: Kyurem|Ice
|move|p1a: Dragapult|Dragon Darts|p2a: Kyurem
|-damage|p2a: Kyurem|44/100
|-anim|p1a: Dragapult|Dragon Darts|p2a: Kyurem
|-damage|p2a: Kyurem|8/100
|move|p2a: Kyurem|Freeze-Dry|p1a: Dragapult
|-supereffective|p1a: Dragapult
|-damage|p1a: Dragapult|0 fnt
|faint|p1a: Dragapult
|
|-weather|RainDance|[upkeep]
|upkeep
|
|t:|1779866148
|switch|p1a: Keldeo|Keldeo-Resolute|100/100
|turn|19
|
|t:|1779866151
|move|p1a: Keldeo|Secret Sword|p2a: Kyurem
|-supereffective|p2a: Kyurem
|-damage|p2a: Kyurem|0 fnt
|faint|p2a: Kyurem
|
|-weather|RainDance|[upkeep]
|upkeep
|
|t:|1779866157
|switch|p2a: Corviknight|Corviknight, F, shiny|100/100
|-ability|p2a: Corviknight|Pressure
|turn|20
|
|t:|1779866160
|move|p1a: Keldeo|Secret Sword|p2a: Corviknight
|-damage|p2a: Corviknight|62/100
|move|p2a: Corviknight|Brave Bird|p1a: Keldeo
|-supereffective|p1a: Keldeo
|-damage|p1a: Keldeo|8/100
|-damage|p2a: Corviknight|37/100|[from] Recoil
|
|-weather|none
|upkeep
|turn|21
|
|t:|1779866171
|move|p1a: Keldeo|Secret Sword|p2a: Corviknight
|-damage|p2a: Corviknight|0 fnt
|faint|p2a: Corviknight
|
|upkeep
|
|t:|1779866175
|switch|p2a: Kingambit|Kingambit, M|100/100
|-activate|p2a: Kingambit|ability: Supreme Overlord
|-start|p2a: Kingambit|fallen5|[silent]
|turn|22
|
|t:|1779866178
|switch|p1a: Iron Treads|Iron Treads, tera:Ghost|29/100
|move|p2a: Kingambit|Sucker Punch||[still]
|-fail|p2a: Kingambit
|
|-heal|p1a: Iron Treads|35/100|[from] item: Leftovers
|upkeep
|turn|23
|
|t:|1779866182
|move|p1a: Iron Treads|Earthquake|p2a: Kingambit
|-supereffective|p2a: Kingambit
|-damage|p2a: Kingambit|48/100
|move|p2a: Kingambit|Kowtow Cleave|p1a: Iron Treads
|-supereffective|p1a: Iron Treads
|-damage|p1a: Iron Treads|0 fnt
|faint|p1a: Iron Treads
|-end|p1a: Iron Treads|Quark Drive|[silent]
|
|upkeep
|
|t:|1779866186
|switch|p1a: Keldeo|Keldeo-Resolute|8/100
|turn|24
|
|t:|1779866188
|move|p1a: Keldeo|Vacuum Wave|p2a: Kingambit
|-supereffective|p2a: Kingambit
|-damage|p2a: Kingambit|0 fnt
|faint|p2a: Kingambit
|-end|p2a: Kingambit|fallen5|[silent]
|
|win|TianBing
|raw|TianBing's rating: 1280 &rarr; <strong>1309</strong><br />(+29 for winning)
|raw|The Arkifane's rating: 1336 &rarr; <strong>1313</strong><br />(-23 for losing)
|l|☆The Arkifane
|player|p2|
|c|☆TianBing|gg
|c|☆TianBing|gg
