|j|☆firered27
|j|☆claudechamp
|t:|1779801398
|gametype|singles
|player|p1|firered27|170|1289
|player|p2|claudechamp|265|1314
|gen|9
|tier|[Gen 9] OU
|rated|
|rule|HP Percentage Mod: HP is shown in percentages
|rule|Endless Battle Clause: Forcing endless battles is banned
|rule|Species Clause: Limit one of each Pokémon
|rule|OHKO Clause: OHKO moves are banned
|rule|Evasion Items Clause: Evasion items are banned
|rule|Evasion Moves Clause: Evasion moves are banned
|rule|Evasion Abilities Clause: Evasion abilities are banned
|rule|Sleep Moves Clause: Sleep-inducing moves are banned
|clearpoke
|poke|p1|Vivillon-Pokeball, F|
|poke|p1|Ogerpon-Wellspring, F|
|poke|p1|Ninetales-Alola, M|
|poke|p1|Dragonite, M|
|poke|p1|Great Tusk|
|poke|p1|Hatterene, F|
|poke|p2|Corviknight, M|
|poke|p2|Ting-Lu|
|poke|p2|Kyurem|
|poke|p2|Dondozo, M|
|poke|p2|Slowking-Galar, F|
|poke|p2|Cinderace, F|
|teampreview
|c|☆claudechamp|hf
|inactive|Battle timer is ON: inactive players will automatically lose when time's up. (requested by claudechamp)
|
|t:|1779801406
|teamsize|p1|6
|teamsize|p2|6
|start
|switch|p1a: Ninetales|Ninetales-Alola, M|100/100
|switch|p2a: Corviknight|Corviknight, M|100/100
|-weather|Snowscape|[from] ability: Snow Warning|[of] p1a: Ninetales
|-ability|p2a: Corviknight|Pressure
|turn|1
|
|t:|1779801415
|move|p1a: Ninetales|Aurora Veil|p1a: Ninetales
|-sidestart|p1: firered27|move: Aurora Veil
|move|p2a: Corviknight|Brave Bird|p1a: Ninetales
|-damage|p1a: Ninetales|86/100
|-damage|p2a: Corviknight|96/100|[from] Recoil
|
|-weather|Snowscape|[upkeep]
|upkeep
|turn|2
|
|t:|1779801427
|switch|p1a: Dragonite|Dragonite, M|100/100
|move|p2a: Corviknight|Brave Bird|p1a: Dragonite
|-damage|p1a: Dragonite|91/100
|-damage|p2a: Corviknight|94/100|[from] Recoil
|
|-weather|Snowscape|[upkeep]
|upkeep
|turn|3
|
|t:|1779801432
|move|p1a: Dragonite|Dragon Dance|p1a: Dragonite
|-boost|p1a: Dragonite|atk|1
|-boost|p1a: Dragonite|spe|1
|move|p2a: Corviknight|Brave Bird|p1a: Dragonite
|-damage|p1a: Dragonite|72/100
|-damage|p2a: Corviknight|89/100|[from] Recoil
|
|-weather|Snowscape|[upkeep]
|upkeep
|turn|4
|
|t:|1779801440
|move|p1a: Dragonite|Dragon Dance|p1a: Dragonite
|-boost|p1a: Dragonite|atk|1
|-boost|p1a: Dragonite|spe|1
|move|p2a: Corviknight|Brave Bird|p1a: Dragonite
|-damage|p1a: Dragonite|51/100
|-damage|p2a: Corviknight|83/100|[from] Recoil
|
|-weather|Snowscape|[upkeep]
|upkeep
|turn|5
|
|t:|1779801448
|switch|p2a: Cinderace|Cinderace, F|100/100
|move|p1a: Dragonite|Ice Spinner|p2a: Cinderace
|-resisted|p2a: Cinderace
|-damage|p2a: Cinderace|61/100
|
|-weather|none
|upkeep
|turn|6
|
|t:|1779801457
|move|p1a: Dragonite|Earthquake|p2a: Cinderace
|-supereffective|p2a: Cinderace
|-damage|p2a: Cinderace|0 fnt
|faint|p2a: Cinderace
|
|upkeep
|
|t:|1779801462
|switch|p2a: Kyurem|Kyurem|100/100
|-ability|p2a: Kyurem|Pressure
|turn|7
|
|t:|1779801473
|move|p1a: Dragonite|Ice Spinner|p2a: Kyurem
|-damage|p2a: Kyurem|42/100
|move|p2a: Kyurem|Freeze-Dry|p1a: Dragonite
|-supereffective|p1a: Dragonite
|-damage|p1a: Dragonite|0 fnt
|faint|p1a: Dragonite
|
|-heal|p2a: Kyurem|48/100|[from] item: Leftovers
|upkeep
|
|t:|1779801481
|switch|p1a: Hatterene|Hatterene, F|100/100
|turn|8
|
|t:|1779801489
|move|p2a: Kyurem|Earth Power|p1a: Hatterene
|-damage|p1a: Hatterene|83/100
|-enditem|p1a: Hatterene|Eject Button
|
|t:|1779801499
|switch|p1a: Ninetales|Ninetales-Alola, M|86/100
|-weather|Snowscape|[from] ability: Snow Warning|[of] p1a: Ninetales
|
|-weather|Snowscape|[upkeep]
|-heal|p2a: Kyurem|54/100|[from] item: Leftovers
|-sideend|p1: firered27|move: Aurora Veil
|upkeep
|turn|9
|
|t:|1779801502
|move|p1a: Ninetales|Encore|p2a: Kyurem
|-start|p2a: Kyurem|Encore
|move|p2a: Kyurem|Earth Power|p1a: Ninetales
|-damage|p1a: Ninetales|54/100
|
|-weather|Snowscape|[upkeep]
|-heal|p2a: Kyurem|61/100|[from] item: Leftovers
|upkeep
|turn|10
|
|t:|1779801510
|move|p1a: Ninetales|Aurora Veil|p1a: Ninetales
|-sidestart|p1: firered27|move: Aurora Veil
|move|p2a: Kyurem|Earth Power|p1a: Ninetales
|-damage|p1a: Ninetales|40/100
|
|-weather|Snowscape|[upkeep]
|-heal|p2a: Kyurem|67/100|[from] item: Leftovers
|upkeep
|turn|11
|
|t:|1779801517
|switch|p2a: Corviknight|Corviknight, M|83/100
|-ability|p2a: Corviknight|Pressure
|move|p1a: Ninetales|Freeze-Dry|p2a: Corviknight
|-damage|p2a: Corviknight|64/100
|
|-weather|Snowscape|[upkeep]
|upkeep
|turn|12
|
|t:|1779801528
|move|p1a: Ninetales|Freeze-Dry|p2a: Corviknight
|-damage|p2a: Corviknight|43/100
|move|p2a: Corviknight|Roost|p2a: Corviknight
|-heal|p2a: Corviknight|93/100
|-singleturn|p2a: Corviknight|move: Roost
|
|-weather|none
|upkeep
|turn|13
|
|t:|1779801534
|switch|p2a: Slowking|Slowking-Galar, F|100/100
|move|p1a: Ninetales|Encore||[still]
|-fail|p1a: Ninetales
|
|upkeep
|turn|14
|
|t:|1779801540
|switch|p1a: Great Tusk|Great Tusk|100/100
|-enditem|p1a: Great Tusk|Booster Energy
|-activate|p1a: Great Tusk|ability: Protosynthesis|[fromitem]
|-start|p1a: Great Tusk|protosynthesisspe
|move|p2a: Slowking|Sludge Bomb|p1a: Great Tusk
|-resisted|p1a: Great Tusk
|-damage|p1a: Great Tusk|90/100
|-status|p1a: Great Tusk|psn
|
|-damage|p1a: Great Tusk|78/100 psn|[from] psn
|upkeep
|turn|15
|
|t:|1779801549
|move|p1a: Great Tusk|Headlong Rush|p2a: Slowking
|-supereffective|p2a: Slowking
|-enditem|p2a: Slowking|Shuca Berry|[eat]
|-enditem|p2a: Slowking|Shuca Berry|[weaken]
|-damage|p2a: Slowking|62/100
|-unboost|p1a: Great Tusk|def|1
|-unboost|p1a: Great Tusk|spd|1
|move|p2a: Slowking|Future Sight|p1a: Great Tusk
|-start|p2a: Slowking|move: Future Sight
|
|-damage|p1a: Great Tusk|65/100 psn|[from] psn
|upkeep
|turn|16
|
|t:|1779801559
|switch|p2a: Corviknight|Corviknight, M|93/100
|-ability|p2a: Corviknight|Pressure
|move|p1a: Great Tusk|Headlong Rush|p2a: Corviknight
|-immune|p2a: Corviknight
|
|-damage|p1a: Great Tusk|53/100 psn|[from] psn
|upkeep
|turn|17
|
|t:|1779801565
|-end|p1a: Great Tusk|Protosynthesis|[silent]
|switch|p1a: Hatterene|Hatterene, F|83/100
|move|p2a: Corviknight|U-turn|p1a: Hatterene
|-damage|p1a: Hatterene|77/100
|
|t:|1779801572
|switch|p2a: Slowking|Slowking-Galar, F|95/100|[from] U-turn
|
|-end|p1a: Hatterene|move: Future Sight
|-resisted|p1a: Hatterene
|-damage|p1a: Hatterene|65/100
|-sideend|p1: firered27|move: Aurora Veil
|upkeep
|turn|18
|
|t:|1779801583
|switch|p1a: Great Tusk|Great Tusk|53/100 psn
|move|p2a: Slowking|Sludge Bomb|p1a: Great Tusk
|-resisted|p1a: Great Tusk
|-damage|p1a: Great Tusk|30/100 psn
|
|-damage|p1a: Great Tusk|18/100 psn|[from] psn
|upkeep
|turn|19
|
|t:|1779801593
|switch|p2a: Corviknight|Corviknight, M|93/100
|-ability|p2a: Corviknight|Pressure
|move|p1a: Great Tusk|Stealth Rock|p2a: Corviknight
|-sidestart|p2: claudechamp|move: Stealth Rock
|
|-damage|p1a: Great Tusk|5/100 psn|[from] psn
|upkeep
|turn|20
|
|t:|1779801602
|move|p1a: Great Tusk|Ice Spinner|p2a: Corviknight
|-damage|p2a: Corviknight|79/100
|-damage|p1a: Great Tusk|0 fnt|[from] item: Rocky Helmet|[of] p2a: Corviknight
|faint|p1a: Great Tusk
|-end|p1a: Great Tusk|Protosynthesis|[silent]
|move|p2a: Corviknight|Defog|p1: Great Tusk|[notarget]
|-fail|p2a: Corviknight
|
|upkeep
|
|t:|1779801612
|switch|p1a: Hatterene|Hatterene, F|65/100
|turn|21
|
|t:|1779801616
|move|p2a: Corviknight|Brave Bird|p1a: Hatterene
|-damage|p1a: Hatterene|34/100
|-damage|p2a: Corviknight|71/100|[from] Recoil
|move|p1a: Hatterene|Nuzzle|p2a: Corviknight
|-supereffective|p2a: Corviknight
|-damage|p2a: Corviknight|66/100
|-status|p2a: Corviknight|par
|-damage|p1a: Hatterene|18/100|[from] item: Rocky Helmet|[of] p2a: Corviknight
|
|upkeep
|turn|22
|
|t:|1779801634
|switch|p1a: Ninetales|Ninetales-Alola, M|40/100
|-weather|Snowscape|[from] ability: Snow Warning|[of] p1a: Ninetales
|move|p2a: Corviknight|Brave Bird|p1a: Ninetales
|-damage|p1a: Ninetales|9/100
|-damage|p2a: Corviknight|57/100 par|[from] Recoil
|
|-weather|Snowscape|[upkeep]
|upkeep
|turn|23
|
|t:|1779801642
|move|p1a: Ninetales|Aurora Veil|p1a: Ninetales
|-sidestart|p1: firered27|move: Aurora Veil
|cant|p2a: Corviknight|par
|
|-weather|Snowscape|[upkeep]
|upkeep
|turn|24
|
|t:|1779801648
|move|p1a: Ninetales|Encore|p2a: Corviknight
|-start|p2a: Corviknight|Encore
|move|p2a: Corviknight|Brave Bird|p1a: Ninetales
|-damage|p1a: Ninetales|0 fnt
|faint|p1a: Ninetales
|-damage|p2a: Corviknight|55/100 par|[from] Recoil
|
|-weather|Snowscape|[upkeep]
|upkeep
|
|t:|1779801663
|switch|p1a: Ogerpon|Ogerpon-Wellspring, F|100/100
|turn|25
|
|t:|1779801670
|-terastallize|p1a: Ogerpon|Water
|detailschange|p1a: Ogerpon|Ogerpon-Wellspring-Tera, F, tera:Water
|-ability|p1a: Ogerpon|Embody Aspect (Wellspring)|boost
|-boost|p1a: Ogerpon|spd|1
|move|p1a: Ogerpon|Swords Dance|p1a: Ogerpon
|-boost|p1a: Ogerpon|atk|2
|move|p2a: Corviknight|Brave Bird|p1a: Ogerpon
|-damage|p1a: Ogerpon|75/100
|-damage|p2a: Corviknight|49/100 par|[from] Recoil
|
|-weather|Snowscape|[upkeep]
|upkeep
|turn|26
|
|t:|1779801686
|switch|p2a: Dondozo|Dondozo, M|100/100
|-damage|p2a: Dondozo|88/100|[from] Stealth Rock
|move|p1a: Ogerpon|Substitute|p1a: Ogerpon
|-start|p1a: Ogerpon|Substitute
|-damage|p1a: Ogerpon|50/100
|
|-weather|none
|-heal|p2a: Dondozo|94/100|[from] item: Leftovers
|upkeep
|turn|27
|
|t:|1779801695
|-terastallize|p2a: Dondozo|Dark
|move|p1a: Ogerpon|Horn Leech|p2a: Dondozo
|-damage|p2a: Dondozo|68/100
|-heal|p1a: Ogerpon|72/100|[from] drain|[of] p2a: Dondozo
|move|p2a: Dondozo|Curse|p2a: Dondozo
|-unboost|p2a: Dondozo|spe|1
|-boost|p2a: Dondozo|atk|1
|-boost|p2a: Dondozo|def|1
|
|-heal|p2a: Dondozo|74/100|[from] item: Leftovers
|upkeep
|turn|28
|
|t:|1779801707
|move|p1a: Ogerpon|Ivy Cudgel|p2a: Dondozo|[anim] Ivy Cudgel Water
|-damage|p2a: Dondozo|41/100
|move|p2a: Dondozo|Body Press|p1a: Ogerpon
|-activate|p1a: Ogerpon|move: Substitute|[damage]
|
|-heal|p2a: Dondozo|47/100|[from] item: Leftovers
|upkeep
|turn|29
|
|t:|1779801718
|move|p1a: Ogerpon|Ivy Cudgel|p2a: Dondozo|[anim] Ivy Cudgel Water
|-damage|p2a: Dondozo|15/100
|move|p2a: Dondozo|Body Press|p1a: Ogerpon
|-end|p1a: Ogerpon|Substitute
|
|-heal|p2a: Dondozo|21/100|[from] item: Leftovers
|upkeep
|turn|30
|
|t:|1779801728
|move|p1a: Ogerpon|Ivy Cudgel|p2a: Dondozo|[anim] Ivy Cudgel Water
|-damage|p2a: Dondozo|0 fnt
|faint|p2a: Dondozo
|
|-sideend|p1: firered27|move: Aurora Veil
|upkeep
|
|t:|1779801743
|switch|p2a: Kyurem|Kyurem|67/100
|-damage|p2a: Kyurem|42/100|[from] Stealth Rock
|-ability|p2a: Kyurem|Pressure
|turn|31
|
|t:|1779801755
|move|p1a: Ogerpon|Ivy Cudgel|p2a: Kyurem|[anim] Ivy Cudgel Water
|-resisted|p2a: Kyurem
|-damage|p2a: Kyurem|0 fnt
|faint|p2a: Kyurem
|
|upkeep
|
|t:|1779801761
|switch|p2a: Slowking|Slowking-Galar, F|100/100
|-damage|p2a: Slowking|88/100|[from] Stealth Rock
|turn|32
|
|t:|1779801770
|move|p1a: Ogerpon|Substitute|p1a: Ogerpon
|-start|p1a: Ogerpon|Substitute
|-damage|p1a: Ogerpon|47/100
|move|p2a: Slowking|Future Sight|p1a: Ogerpon
|-start|p2a: Slowking|move: Future Sight
|
|upkeep
|turn|33
|
|t:|1779801781
|switch|p2a: Corviknight|Corviknight, M|49/100 par
|-damage|p2a: Corviknight|36/100 par|[from] Stealth Rock
|-ability|p2a: Corviknight|Pressure
|move|p1a: Ogerpon|Ivy Cudgel|p2a: Corviknight|[anim] Ivy Cudgel Water
|-damage|p2a: Corviknight|0 fnt
|faint|p2a: Corviknight
|
|upkeep
|
|t:|1779801789
|switch|p2a: Slowking|Slowking-Galar, F|100/100
|-damage|p2a: Slowking|88/100|[from] Stealth Rock
|turn|34
|
|t:|1779801801
|move|p1a: Ogerpon|Ivy Cudgel|p2a: Slowking|[anim] Ivy Cudgel Water
|-crit|p2a: Slowking
|-damage|p2a: Slowking|0 fnt
|faint|p2a: Slowking
|
|-end|p1a: Ogerpon|move: Future Sight
|-end|p1a: Ogerpon|Substitute
|upkeep
|
|t:|1779801814
|switch|p2a: Ting-Lu|Ting-Lu|100/100
|-damage|p2a: Ting-Lu|94/100|[from] Stealth Rock
|-ability|p2a: Ting-Lu|Vessel of Ruin
|turn|35
|
|t:|1779801822
|move|p1a: Ogerpon|Horn Leech|p2a: Ting-Lu
|-supereffective|p2a: Ting-Lu
|-damage|p2a: Ting-Lu|0 fnt
|-heal|p1a: Ogerpon|100/100|[from] drain|[of] p2a: Ting-Lu
|faint|p2a: Ting-Lu
|
|win|firered27
|raw|firered27's rating: 1289 &rarr; <strong>1315</strong><br />(+26 for winning)
|raw|claudechamp's rating: 1297 &rarr; <strong>1271</strong><br />(-26 for losing)
|c|☆claudechamp|gg
|c|☆firered27|gg
|l|☆firered27
|player|p1|
