|j|☆Kakimori
|j|☆BiggieChed66
|t:|1779941509
|gametype|singles
|player|p1|Kakimori|2|1349
|player|p2|BiggieChed66|ghetsis-gen5bw|1337
|gen|9
|tier|[Gen 9] OU
|rated|
|rule|HP Percentage Mod: HP is shown in percentages
|rule|Endless Battle Clause: Forcing endless battles is banned
|rule|Species Clause: Limit one of each Pokémon
|rule|OHKO Clause: OHKO moves are banned
|rule|Evasion Items Clause: Evasion items are banned
|rule|Evasion Moves Clause: Evasion moves are banned
|rule|Evasion Abilities Clause: Evasion abilities are banned
|rule|Sleep Moves Clause: Sleep-inducing moves are banned
|clearpoke
|poke|p1|Skeledirge, F|
|poke|p1|Mandibuzz, F|
|poke|p1|Gliscor, M|
|poke|p1|Milotic, F|
|poke|p1|Conkeldurr, M|
|poke|p1|Sylveon, F|
|poke|p2|Gholdengo|
|poke|p2|Iron Treads|
|poke|p2|Zamazenta-*|
|poke|p2|Samurott-Hisui, M|
|poke|p2|Garganacl, F|
|poke|p2|Gliscor, M|
|teampreview
|inactive|Battle timer is ON: inactive players will automatically lose when time's up. (requested by BiggieChed66)
|
|t:|1779941529
|teamsize|p1|6
|teamsize|p2|6
|start
|switch|p1a: Conkeldurr|Conkeldurr, M|100/100
|switch|p2a: Samurott|Samurott-Hisui, M|100/100
|turn|1
|
|t:|1779941549
|move|p2a: Samurott|Razor Shell|p1a: Conkeldurr|[miss]
|-miss|p2a: Samurott|p1a: Conkeldurr
|move|p1a: Conkeldurr|Bulk Up|p1a: Conkeldurr
|-boost|p1a: Conkeldurr|atk|1
|-boost|p1a: Conkeldurr|def|1
|
|upkeep
|turn|2
|
|t:|1779941571
|switch|p2a: Gliscor|Gliscor, M|100/100
|move|p1a: Conkeldurr|Bulk Up|p1a: Conkeldurr
|-boost|p1a: Conkeldurr|atk|1
|-boost|p1a: Conkeldurr|def|1
|
|-status|p2a: Gliscor|tox|[from] item: Toxic Orb
|upkeep
|turn|3
|
|t:|1779941580
|move|p2a: Gliscor|Swords Dance|p2a: Gliscor
|-boost|p2a: Gliscor|atk|2
|move|p1a: Conkeldurr|Ice Punch|p2a: Gliscor
|-supereffective|p2a: Gliscor
|-damage|p2a: Gliscor|0 fnt
|faint|p2a: Gliscor
|
|upkeep
|
|t:|1779941587
|switch|p2a: Garganacl|Garganacl, F|100/100
|turn|4
|
|t:|1779941593
|-terastallize|p2a: Garganacl|Water
|move|p1a: Conkeldurr|Drain Punch|p2a: Garganacl
|-damage|p2a: Garganacl|45/100
|move|p2a: Garganacl|Curse|p2a: Garganacl
|-unboost|p2a: Garganacl|spe|1
|-boost|p2a: Garganacl|atk|1
|-boost|p2a: Garganacl|def|1
|
|-heal|p2a: Garganacl|51/100|[from] item: Leftovers
|upkeep
|turn|5
|
|t:|1779941605
|move|p1a: Conkeldurr|Drain Punch|p2a: Garganacl
|-damage|p2a: Garganacl|8/100
|move|p2a: Garganacl|Salt Cure|p1a: Conkeldurr
|-resisted|p1a: Conkeldurr
|-damage|p1a: Conkeldurr|96/100
|-start|p1a: Conkeldurr|Salt Cure
|
|-heal|p1a: Conkeldurr|100/100|[from] item: Leftovers
|-heal|p2a: Garganacl|15/100|[from] item: Leftovers
|-damage|p1a: Conkeldurr|88/100|[from] Salt Cure
|upkeep
|turn|6
|
|t:|1779941615
|move|p2a: Garganacl|Protect|p2a: Garganacl
|-singleturn|p2a: Garganacl|Protect
|move|p1a: Conkeldurr|Mach Punch|p2a: Garganacl
|-activate|p2a: Garganacl|move: Protect
|
|-heal|p1a: Conkeldurr|94/100|[from] item: Leftovers
|-heal|p2a: Garganacl|21/100|[from] item: Leftovers
|-damage|p1a: Conkeldurr|82/100|[from] Salt Cure
|upkeep
|turn|7
|
|t:|1779941624
|switch|p2a: Gholdengo|Gholdengo|100/100
|move|p1a: Conkeldurr|Drain Punch|p2a: Gholdengo
|-immune|p2a: Gholdengo
|
|-heal|p1a: Conkeldurr|88/100|[from] item: Leftovers
|-damage|p1a: Conkeldurr|76/100|[from] Salt Cure
|upkeep
|turn|8
|
|t:|1779941634
|move|p2a: Gholdengo|Make It Rain|p1a: Conkeldurr
|-damage|p1a: Conkeldurr|3/100
|-unboost|p2a: Gholdengo|spa|1
|move|p1a: Conkeldurr|Ice Punch|p2a: Gholdengo
|-resisted|p2a: Gholdengo
|-damage|p2a: Gholdengo|67/100
|
|-heal|p1a: Conkeldurr|9/100|[from] item: Leftovers
|-damage|p1a: Conkeldurr|0 fnt|[from] Salt Cure
|faint|p1a: Conkeldurr
|upkeep
|
|t:|1779941661
|switch|p1a: Gliscor|Gliscor, M|100/100
|turn|9
|
|t:|1779941668
|switch|p2a: Samurott|Samurott-Hisui, M|100/100
|move|p1a: Gliscor|Knock Off|p2a: Samurott
|-resisted|p2a: Samurott
|-damage|p2a: Samurott|86/100
|-enditem|p2a: Samurott|Focus Sash|[from] move: Knock Off|[of] p1a: Gliscor
|
|-status|p1a: Gliscor|tox|[from] item: Toxic Orb
|upkeep
|turn|10
|
|t:|1779941683
|move|p2a: Samurott|Razor Shell|p1a: Gliscor
|-supereffective|p1a: Gliscor
|-damage|p1a: Gliscor|15/100 tox
|-unboost|p1a: Gliscor|def|1
|move|p1a: Gliscor|Earthquake|p2a: Samurott
|-damage|p2a: Samurott|47/100
|
|-heal|p1a: Gliscor|27/100 tox|[from] ability: Poison Heal
|upkeep
|turn|11
|
|t:|1779941692
|move|p1a: Gliscor|Protect|p1a: Gliscor
|-singleturn|p1a: Gliscor|Protect
|move|p2a: Samurott|Ceaseless Edge|p1a: Gliscor
|-activate|p1a: Gliscor|move: Protect
|
|-heal|p1a: Gliscor|40/100 tox|[from] ability: Poison Heal
|upkeep
|turn|12
|
|t:|1779941700
|switch|p1a: Mandibuzz|Mandibuzz, F|100/100
|move|p2a: Samurott|Razor Shell|p1a: Mandibuzz
|-crit|p1a: Mandibuzz
|-damage|p1a: Mandibuzz|57/100
|-unboost|p1a: Mandibuzz|def|1
|-damage|p2a: Samurott|31/100|[from] item: Rocky Helmet|[of] p1a: Mandibuzz
|
|upkeep
|turn|13
|
|t:|1779941711
|move|p2a: Samurott|Razor Shell|p1a: Mandibuzz
|-damage|p1a: Mandibuzz|10/100
|-damage|p2a: Samurott|14/100|[from] item: Rocky Helmet|[of] p1a: Mandibuzz
|move|p1a: Mandibuzz|Roost|p1a: Mandibuzz
|-heal|p1a: Mandibuzz|60/100
|-singleturn|p1a: Mandibuzz|move: Roost
|
|upkeep
|turn|14
|
|t:|1779941719
|move|p2a: Samurott|Ceaseless Edge|p1a: Mandibuzz
|-resisted|p1a: Mandibuzz
|-damage|p1a: Mandibuzz|41/100
|-damage|p2a: Samurott|0 fnt|[from] item: Rocky Helmet|[of] p1a: Mandibuzz
|faint|p2a: Samurott
|move|p1a: Mandibuzz|Roost|p1a: Mandibuzz
|-heal|p1a: Mandibuzz|91/100
|-singleturn|p1a: Mandibuzz|move: Roost
|
|upkeep
|
|t:|1779941722
|switch|p2a: Gholdengo|Gholdengo|67/100
|turn|15
|
|t:|1779941743
|move|p2a: Gholdengo|Thunderbolt|p1a: Mandibuzz
|-supereffective|p1a: Mandibuzz
|-damage|p1a: Mandibuzz|33/100
|move|p1a: Mandibuzz|Foul Play|p2a: Gholdengo
|-supereffective|p2a: Gholdengo
|-damage|p2a: Gholdengo|30/100
|
|upkeep
|turn|16
|
|t:|1779941755
|switch|p2a: Iron Treads|Iron Treads|100/100
|-enditem|p2a: Iron Treads|Booster Energy
|-activate|p2a: Iron Treads|ability: Quark Drive|[fromitem]
|-start|p2a: Iron Treads|quarkdrivespe
|move|p1a: Mandibuzz|Foul Play|p2a: Iron Treads
|-damage|p2a: Iron Treads|57/100
|
|upkeep
|turn|17
|
|t:|1779941768
|move|p2a: Iron Treads|Stealth Rock|p1a: Mandibuzz
|-sidestart|p1: Kakimori|move: Stealth Rock
|move|p1a: Mandibuzz|Foul Play|p2a: Iron Treads
|-damage|p2a: Iron Treads|14/100
|
|upkeep
|turn|18
|
|t:|1779941783
|move|p2a: Iron Treads|Knock Off|p1a: Mandibuzz
|-resisted|p1a: Mandibuzz
|-crit|p1a: Mandibuzz
|-damage|p1a: Mandibuzz|15/100
|-damage|p2a: Iron Treads|0 fnt|[from] item: Rocky Helmet|[of] p1a: Mandibuzz
|faint|p2a: Iron Treads
|-end|p2a: Iron Treads|Quark Drive|[silent]
|move|p1a: Mandibuzz|Foul Play|p2: Iron Treads|[notarget]
|-fail|p1a: Mandibuzz
|
|upkeep
|
|t:|1779941791
|switch|p2a: Zamazenta|Zamazenta|100/100
|-ability|p2a: Zamazenta|Dauntless Shield|boost
|-boost|p2a: Zamazenta|def|1
|turn|19
|
|t:|1779941797
|move|p2a: Zamazenta|Heavy Slam|p1a: Mandibuzz
|-damage|p1a: Mandibuzz|0 fnt
|-damage|p2a: Zamazenta|84/100|[from] item: Rocky Helmet|[of] p1a: Mandibuzz
|faint|p1a: Mandibuzz
|
|upkeep
|inactive|Kakimori has 120 seconds left.
|
|t:|1779941834
|switch|p1a: Skeledirge|Skeledirge, F|100/100
|-damage|p1a: Skeledirge|76/100|[from] Stealth Rock
|turn|20
|
|t:|1779941842
|-terastallize|p1a: Skeledirge|Fairy
|move|p2a: Zamazenta|Crunch|p1a: Skeledirge
|-resisted|p1a: Skeledirge
|-damage|p1a: Skeledirge|66/100
|move|p1a: Skeledirge|Will-O-Wisp|p2a: Zamazenta
|-status|p2a: Zamazenta|brn
|
|-heal|p1a: Skeledirge|72/100|[from] item: Leftovers
|-damage|p2a: Zamazenta|78/100 brn|[from] brn
|upkeep
|turn|21
|-message|BiggieChed66 forfeited.
|
|win|Kakimori
|raw|Kakimori's rating: 1349 &rarr; <strong>1368</strong><br />(+19 for winning)
|raw|BiggieChed66's rating: 1337 &rarr; <strong>1318</strong><br />(-19 for losing)
|l|☆BiggieChed66
|player|p2|
|l|☆Kakimori
|player|p1|
