|j|☆franklundy
|j|☆Sappy6754
|t:|1779873610
|gametype|singles
|player|p1|franklundy|170|1297
|player|p2|Sappy6754|lucas|1282
|gen|9
|tier|[Gen 9] OU
|rated|
|rule|HP Percentage Mod: HP is shown in percentages
|rule|Endless Battle Clause: Forcing endless battles is banned
|rule|Species Clause: Limit one of each Pokémon
|rule|OHKO Clause: OHKO moves are banned
|rule|Evasion Items Clause: Evasion items are banned
|rule|Evasion Moves Clause: Evasion moves are banned
|rule|Evasion Abilities Clause: Evasion abilities are banned
|rule|Sleep Moves Clause: Sleep-inducing moves are banned
|clearpoke
|poke|p1|Garchomp, M|
|poke|p1|Gholdengo|
|poke|p1|Moltres|
|poke|p1|Dragapult, M|
|poke|p1|Enamorus, F|
|poke|p1|Tyranitar, M|
|poke|p2|Pincurchin, F|
|poke|p2|Iron Thorns|
|poke|p2|Regieleki|
|poke|p2|Hawlucha, F|
|poke|p2|Iron Valiant|
|poke|p2|Kingambit, F|
|teampreview
|
|t:|1779873615
|teamsize|p1|6
|teamsize|p2|6
|start
|switch|p1a: Garchomp|Garchomp, M|100/100
|switch|p2a: Pincurchin|Pincurchin, F|100/100
|-fieldstart|move: Electric Terrain|[from] ability: Electric Surge|[of] p2a: Pincurchin
|turn|1
|
|t:|1779873620
|move|p1a: Garchomp|Earthquake|p2a: Pincurchin
|-supereffective|p2a: Pincurchin
|-damage|p2a: Pincurchin|28/100
|move|p2a: Pincurchin|Memento|p1a: Garchomp
|-unboost|p1a: Garchomp|atk|2
|-unboost|p1a: Garchomp|spa|2
|faint|p2a: Pincurchin
|
|upkeep
|
|t:|1779873632
|switch|p2a: Iron Thorns|Iron Thorns|100/100
|-activate|p2a: Iron Thorns|ability: Quark Drive
|-start|p2a: Iron Thorns|quarkdriveatk
|turn|2
|
|t:|1779873637
|switch|p1a: Tyranitar|Tyranitar, M|100/100
|-weather|Sandstorm|[from] ability: Sand Stream|[of] p1a: Tyranitar
|-terastallize|p2a: Iron Thorns|Flying
|move|p2a: Iron Thorns|Dragon Dance|p2a: Iron Thorns
|-boost|p2a: Iron Thorns|atk|1
|-boost|p2a: Iron Thorns|spe|1
|
|-weather|Sandstorm|[upkeep]
|-damage|p2a: Iron Thorns|94/100|[from] Sandstorm
|upkeep
|turn|3
|inactive|Battle timer is ON: inactive players will automatically lose when time's up. (requested by franklundy)
|
|t:|1779873646
|move|p2a: Iron Thorns|Earthquake|p1a: Tyranitar
|-supereffective|p1a: Tyranitar
|-damage|p1a: Tyranitar|0 fnt
|faint|p1a: Tyranitar
|
|-weather|Sandstorm|[upkeep]
|-damage|p2a: Iron Thorns|88/100|[from] Sandstorm
|upkeep
|
|t:|1779873654
|switch|p1a: Dragapult|Dragapult, M|100/100
|turn|4
|
|t:|1779873657
|move|p1a: Dragapult|Will-O-Wisp|p2a: Iron Thorns
|-status|p2a: Iron Thorns|brn
|move|p2a: Iron Thorns|Ice Punch|p1a: Dragapult
|-supereffective|p1a: Dragapult
|-damage|p1a: Dragapult|18/100
|
|-weather|Sandstorm|[upkeep]
|-damage|p1a: Dragapult|12/100|[from] Sandstorm
|-damage|p2a: Iron Thorns|82/100 brn|[from] Sandstorm
|-damage|p2a: Iron Thorns|76/100 brn|[from] brn
|upkeep
|turn|5
|
|t:|1779873665
|move|p1a: Dragapult|U-turn|p2a: Iron Thorns
|-resisted|p2a: Iron Thorns
|-damage|p2a: Iron Thorns|67/100 brn
|
|t:|1779873668
|switch|p1a: Garchomp|Garchomp, M|100/100|[from] U-turn
|move|p2a: Iron Thorns|Ice Punch|p1a: Garchomp
|-supereffective|p1a: Garchomp
|-damage|p1a: Garchomp|24/100
|-damage|p2a: Iron Thorns|54/100 brn|[from] ability: Rough Skin|[of] p1a: Garchomp
|-damage|p2a: Iron Thorns|38/100 brn|[from] item: Rocky Helmet|[of] p1a: Garchomp
|
|-weather|Sandstorm|[upkeep]
|-damage|p2a: Iron Thorns|32/100 brn|[from] Sandstorm
|-damage|p2a: Iron Thorns|26/100 brn|[from] brn
|upkeep
|turn|6
|
|t:|1779873678
|move|p2a: Iron Thorns|Ice Punch|p1a: Garchomp
|-supereffective|p1a: Garchomp
|-damage|p1a: Garchomp|0 fnt
|-damage|p2a: Iron Thorns|13/100 brn|[from] ability: Rough Skin|[of] p1a: Garchomp
|-damage|p2a: Iron Thorns|0 fnt|[from] item: Rocky Helmet|[of] p1a: Garchomp
|faint|p1a: Garchomp
|faint|p2a: Iron Thorns
|-end|p2a: Iron Thorns|Quark Drive|[silent]
|
|-weather|none
|upkeep
|
|t:|1779873702
|switch|p2a: Regieleki|Regieleki|100/100
|switch|p1a: Enamorus|Enamorus, F|100/100
|turn|7
|
|t:|1779873706
|-terastallize|p1a: Enamorus|Ground
|move|p2a: Regieleki|Supercell Slam|p1a: Enamorus
|-immune|p1a: Enamorus
|-damage|p2a: Regieleki|51/100|[from] supercellslam
|move|p1a: Enamorus|Earth Power|p2a: Regieleki
|-supereffective|p2a: Regieleki
|-damage|p2a: Regieleki|0 fnt
|faint|p2a: Regieleki
|
|upkeep
|
|t:|1779873710
|switch|p2a: Hawlucha|Hawlucha, F|100/100
|-enditem|p2a: Hawlucha|Electric Seed
|-boost|p2a: Hawlucha|def|1|[from] item: Electric Seed
|turn|8
|
|t:|1779873716
|switch|p1a: Dragapult|Dragapult, M|12/100
|move|p2a: Hawlucha|Acrobatics|p1a: Dragapult
|-damage|p1a: Dragapult|0 fnt
|faint|p1a: Dragapult
|
|-fieldend|move: Electric Terrain
|upkeep
|
|t:|1779873719
|switch|p1a: Gholdengo|Gholdengo|100/100
|-item|p1a: Gholdengo|Air Balloon
|turn|9
|
|t:|1779873751
|move|p2a: Hawlucha|Swords Dance|p2a: Hawlucha
|-boost|p2a: Hawlucha|atk|2
|move|p1a: Gholdengo|Make It Rain|p2a: Hawlucha
|-damage|p2a: Hawlucha|21/100
|-unboost|p1a: Gholdengo|spa|1
|
|upkeep
|turn|10
|
|t:|1779873760
|move|p2a: Hawlucha|Acrobatics|p1a: Gholdengo
|-resisted|p1a: Gholdengo
|-damage|p1a: Gholdengo|66/100
|-enditem|p1a: Gholdengo|Air Balloon
|move|p1a: Gholdengo|Shadow Ball|p2a: Hawlucha
|-damage|p2a: Hawlucha|0 fnt
|faint|p2a: Hawlucha
|
|upkeep
|
|t:|1779873767
|switch|p2a: Kingambit|Kingambit, F|100/100
|-activate|p2a: Kingambit|ability: Supreme Overlord
|-start|p2a: Kingambit|fallen4|[silent]
|-item|p2a: Kingambit|Air Balloon
|turn|11
|
|t:|1779873775
|switch|p1a: Moltres|Moltres|100/100
|move|p2a: Kingambit|Swords Dance|p2a: Kingambit
|-boost|p2a: Kingambit|atk|2
|
|upkeep
|turn|12
|
|t:|1779873781
|move|p2a: Kingambit|Kowtow Cleave|p1a: Moltres
|-damage|p1a: Moltres|10/100
|move|p1a: Moltres|Roar|p2a: Kingambit
|-end|p2a: Kingambit|fallen4|[silent]
|drag|p2a: Iron Valiant|Iron Valiant|100/100
|
|upkeep
|turn|13
|inactive|franklundy has 120 seconds left.
|
|t:|1779873813
|move|p2a: Iron Valiant|Shadow Ball|p1a: Moltres
|-damage|p1a: Moltres|0 fnt
|faint|p1a: Moltres
|
|upkeep
|
|t:|1779873815
|switch|p1a: Gholdengo|Gholdengo|66/100
|turn|14
|inactive|franklundy has 120 seconds left.
|inactive|franklundy has 90 seconds left.
|
|t:|1779873874
|move|p2a: Iron Valiant|Shadow Ball|p1a: Gholdengo
|-supereffective|p1a: Gholdengo
|-damage|p1a: Gholdengo|0 fnt
|faint|p1a: Gholdengo
|
|upkeep
|
|t:|1779873878
|switch|p1a: Enamorus|Enamorus, F, tera:Ground|100/100
|turn|15
|
|t:|1779873887
|move|p1a: Enamorus|Earth Power|p2a: Iron Valiant
|-damage|p2a: Iron Valiant|20/100
|move|p2a: Iron Valiant|Shadow Ball|p1a: Enamorus
|-damage|p1a: Enamorus|44/100
|
|upkeep
|turn|16
|
|t:|1779873892
|move|p1a: Enamorus|Earth Power|p2a: Iron Valiant
|-damage|p2a: Iron Valiant|0 fnt
|faint|p2a: Iron Valiant
|-end|p2a: Iron Valiant|Quark Drive|[silent]
|
|upkeep
|
|t:|1779873895
|switch|p2a: Kingambit|Kingambit, F|100/100
|-activate|p2a: Kingambit|ability: Supreme Overlord
|-start|p2a: Kingambit|fallen5|[silent]
|-item|p2a: Kingambit|Air Balloon
|turn|17
|
|t:|1779873899
|move|p1a: Enamorus|Earth Power|p2a: Kingambit
|-immune|p2a: Kingambit
|move|p2a: Kingambit|Swords Dance|p2a: Kingambit
|-boost|p2a: Kingambit|atk|2
|
|upkeep
|turn|18
|c|☆franklundy|ok you can wait now
|inactive|franklundy has 120 seconds left.
|inactiveoff|Battle timer is now OFF.
|c|☆Sappy6754|ok ez
|inactive|Battle timer is ON: inactive players will automatically lose when time's up. (requested by Sappy6754)
|inactive|franklundy has 120 seconds left.
|c|☆franklundy|"ez" and you have a counter matchup
|c|☆Sappy6754|ur jst bad ngl
|c|☆Sappy6754|"counter matchup"
|inactive|franklundy has 90 seconds left.
|c|☆Sappy6754|when moltres and gholdengo both counter hawlucha
|
|t:|1779873969
|move|p1a: Enamorus|Earth Power|p2a: Kingambit
|-immune|p2a: Kingambit
|move|p2a: Kingambit|Kowtow Cleave|p1a: Enamorus
|-damage|p1a: Enamorus|0 fnt
|faint|p1a: Enamorus
|
|win|Sappy6754
|raw|franklundy's rating: 1297 &rarr; <strong>1271</strong><br />(-26 for losing)
|raw|Sappy6754's rating: 1282 &rarr; <strong>1308</strong><br />(+26 for winning)
|c|☆franklundy|are you serious
|c|☆Sappy6754|ty
|c|☆Sappy6754|gg
|c|☆franklundy|whatever you say bro
|l|☆Sappy6754
|player|p2|
|l|☆franklundy
|player|p1|
