|j|☆tymo907
|j|☆flapjacque
|t:|1779801581
|gametype|singles
|player|p1|tymo907|1|1294
|player|p2|flapjacque|wallace|1336
|gen|9
|tier|[Gen 9] OU
|rated|
|rule|HP Percentage Mod: HP is shown in percentages
|rule|Endless Battle Clause: Forcing endless battles is banned
|rule|Species Clause: Limit one of each Pokémon
|rule|OHKO Clause: OHKO moves are banned
|rule|Evasion Items Clause: Evasion items are banned
|rule|Evasion Moves Clause: Evasion moves are banned
|rule|Evasion Abilities Clause: Evasion abilities are banned
|rule|Sleep Moves Clause: Sleep-inducing moves are banned
|clearpoke
|poke|p1|Umbreon, F|
|poke|p1|Gholdengo|
|poke|p1|Garchomp, M|
|poke|p1|Iron Treads|
|poke|p1|Dragonite, F|
|poke|p1|Iron Valiant|
|poke|p2|Milotic, F|
|poke|p2|Skarmory, F|
|poke|p2|Quagsire, F|
|poke|p2|Latias, F|
|poke|p2|Enamorus, F|
|poke|p2|Grafaiai, F|
|teampreview
|inactive|Battle timer is ON: inactive players will automatically lose when time's up. (requested by tymo907)
|
|t:|1779801601
|teamsize|p1|6
|teamsize|p2|6
|start
|switch|p1a: Gholdengo|Gholdengo|100/100
|switch|p2a: Milotic|Milotic, F|100/100
|turn|1
|
|t:|1779801609
|move|p1a: Gholdengo|Trick|p2a: Milotic
|-activate|p1a: Gholdengo|move: Trick|[of] p2a: Milotic
|-item|p2a: Milotic|Choice Scarf|[from] move: Trick
|-item|p1a: Gholdengo|Leftovers|[from] move: Trick
|move|p2a: Milotic|Hydro Pump|p1a: Gholdengo
|-damage|p1a: Gholdengo|37/100
|
|-heal|p1a: Gholdengo|43/100|[from] item: Leftovers
|upkeep
|turn|2
|
|t:|1779801620
|switch|p1a: Umbreon|Umbreon, F|100/100
|move|p2a: Milotic|Hydro Pump|p1a: Umbreon|[miss]
|-miss|p2a: Milotic|p1a: Umbreon
|
|upkeep
|turn|3
|
|t:|1779801627
|switch|p2a: Grafaiai|Grafaiai, F|100/100
|move|p1a: Umbreon|Wish|p1a: Umbreon
|
|upkeep
|turn|4
|
|t:|1779801634
|move|p2a: Grafaiai|Copycat|p2a: Grafaiai
|move|p2a: Grafaiai|Wish|p2a: Grafaiai|[from] move: Copycat
|move|p1a: Umbreon|Foul Play|p2a: Grafaiai
|-damage|p2a: Grafaiai|50/100
|
|-heal|p2a: Grafaiai|57/100|[from] item: Leftovers
|upkeep
|turn|5
|
|t:|1779801648
|move|p2a: Grafaiai|Knock Off|p1a: Umbreon
|-resisted|p1a: Umbreon
|-damage|p1a: Umbreon|94/100
|-enditem|p1a: Umbreon|Leftovers|[from] move: Knock Off|[of] p2a: Grafaiai
|move|p1a: Umbreon|Foul Play|p2a: Grafaiai
|-damage|p2a: Grafaiai|6/100
|
|-heal|p2a: Grafaiai|56/100|[from] move: Wish|[wisher] Grafaiai
|-heal|p2a: Grafaiai|62/100|[from] item: Leftovers
|upkeep
|turn|6
|
|t:|1779801662
|switch|p2a: Skarmory|Skarmory, F|100/100
|move|p1a: Umbreon|Foul Play|p2a: Skarmory
|-damage|p2a: Skarmory|85/100
|-damage|p1a: Umbreon|77/100|[from] item: Rocky Helmet|[of] p2a: Skarmory
|
|upkeep
|turn|7
|
|t:|1779801687
|switch|p1a: Iron Valiant|Iron Valiant|100/100
|move|p2a: Skarmory|Spikes|p1a: Iron Valiant
|-sidestart|p1: tymo907|Spikes
|
|upkeep
|turn|8
|
|t:|1779801692
|move|p1a: Iron Valiant|Knock Off|p2a: Skarmory
|-damage|p2a: Skarmory|69/100
|-damage|p1a: Iron Valiant|84/100|[from] item: Rocky Helmet|[of] p2a: Skarmory
|-enditem|p2a: Skarmory|Rocky Helmet|[from] move: Knock Off|[of] p1a: Iron Valiant
|move|p2a: Skarmory|Brave Bird|p1a: Iron Valiant
|-supereffective|p1a: Iron Valiant
|-damage|p1a: Iron Valiant|2/100
|-damage|p2a: Skarmory|46/100|[from] Recoil
|
|upkeep
|turn|9
|
|t:|1779801706
|move|p1a: Iron Valiant|Thunderbolt|p2a: Skarmory
|-supereffective|p2a: Skarmory
|-damage|p2a: Skarmory|0 fnt
|faint|p2a: Skarmory
|
|upkeep
|
|t:|1779801713
|switch|p2a: Grafaiai|Grafaiai, F|62/100
|turn|10
|
|t:|1779801728
|move|p1a: Iron Valiant|Vacuum Wave|p2a: Grafaiai
|-damage|p2a: Grafaiai|31/100
|move|p2a: Grafaiai|Copycat|p2a: Grafaiai
|move|p2a: Grafaiai|Vacuum Wave|p1a: Iron Valiant|[from] move: Copycat
|-resisted|p1a: Iron Valiant
|-damage|p1a: Iron Valiant|0 fnt
|faint|p1a: Iron Valiant
|-end|p1a: Iron Valiant|Quark Drive|[silent]
|
|-heal|p2a: Grafaiai|38/100|[from] item: Leftovers
|upkeep
|
|t:|1779801736
|switch|p1a: Garchomp|Garchomp, M|100/100
|-damage|p1a: Garchomp|88/100|[from] Spikes
|turn|11
|
|t:|1779801750
|move|p2a: Grafaiai|Parting Shot|p1a: Garchomp
|-unboost|p1a: Garchomp|atk|1
|-unboost|p1a: Garchomp|spa|1
|
|t:|1779801753
|switch|p2a: Enamorus|Enamorus, F|100/100|[from] Parting Shot
|move|p1a: Garchomp|Stealth Rock|p2a: Enamorus
|-sidestart|p2: flapjacque|move: Stealth Rock
|
|upkeep
|turn|12
|inactive|tymo907 has 120 seconds left.
|
|t:|1779801788
|switch|p1a: Umbreon|Umbreon, F|77/100
|-damage|p1a: Umbreon|65/100|[from] Spikes
|move|p2a: Enamorus|Substitute|p2a: Enamorus
|-start|p2a: Enamorus|Substitute
|-damage|p2a: Enamorus|76/100
|
|-heal|p2a: Enamorus|82/100|[from] item: Leftovers
|upkeep
|turn|13
|
|t:|1779801796
|move|p2a: Enamorus|Taunt|p1a: Umbreon
|-start|p1a: Umbreon|move: Taunt
|move|p1a: Umbreon|Foul Play|p2a: Enamorus
|-resisted|p2a: Enamorus
|-end|p2a: Enamorus|Substitute
|
|-heal|p2a: Enamorus|88/100|[from] item: Leftovers
|upkeep
|turn|14
|
|t:|1779801804
|move|p2a: Enamorus|Superpower|p1a: Umbreon
|-supereffective|p1a: Umbreon
|-damage|p1a: Umbreon|18/100
|-boost|p2a: Enamorus|atk|1
|-boost|p2a: Enamorus|def|1
|move|p1a: Umbreon|Foul Play|p2a: Enamorus
|-resisted|p2a: Enamorus
|-damage|p2a: Enamorus|55/100
|
|-heal|p2a: Enamorus|61/100|[from] item: Leftovers
|upkeep
|turn|15
|inactive|tymo907 has 120 seconds left.
|
|t:|1779801830
|move|p2a: Enamorus|Play Rough|p1a: Umbreon
|-supereffective|p1a: Umbreon
|-crit|p1a: Umbreon
|-damage|p1a: Umbreon|0 fnt
|faint|p1a: Umbreon
|
|-heal|p2a: Enamorus|67/100|[from] item: Leftovers
|upkeep
|inactive|tymo907 has 120 seconds left.
|
|t:|1779801836
|switch|p1a: Iron Treads|Iron Treads|100/100
|-item|p1a: Iron Treads|Air Balloon
|turn|16
|
|t:|1779801846
|-terastallize|p2a: Enamorus|Ground
|move|p2a: Enamorus|Superpower|p1a: Iron Treads
|-supereffective|p1a: Iron Treads
|-damage|p1a: Iron Treads|17/100
|-boost|p2a: Enamorus|atk|1
|-boost|p2a: Enamorus|def|1
|-enditem|p1a: Iron Treads|Air Balloon
|move|p1a: Iron Treads|Ice Spinner|p2a: Enamorus
|-supereffective|p2a: Enamorus
|-damage|p2a: Enamorus|33/100
|
|-heal|p2a: Enamorus|40/100|[from] item: Leftovers
|upkeep
|turn|17
|inactive|tymo907 has 120 seconds left.
|
|t:|1779801865
|-terastallize|p1a: Iron Treads|Ghost
|move|p2a: Enamorus|Superpower|p1a: Iron Treads
|-immune|p1a: Iron Treads
|move|p1a: Iron Treads|Rapid Spin|p2a: Enamorus
|-damage|p2a: Enamorus|30/100
|-boost|p1a: Iron Treads|spe|1
|-sideend|p1: tymo907|Spikes|[from] move: Rapid Spin|[of] p1a: Iron Treads
|
|-heal|p2a: Enamorus|36/100|[from] item: Leftovers
|upkeep
|turn|18
|inactive|tymo907 has 120 seconds left.
|
|t:|1779801879
|move|p1a: Iron Treads|Knock Off|p2a: Enamorus
|-damage|p2a: Enamorus|18/100
|-enditem|p2a: Enamorus|Leftovers|[from] move: Knock Off|[of] p1a: Iron Treads
|move|p2a: Enamorus|Play Rough|p1a: Iron Treads
|-damage|p1a: Iron Treads|0 fnt
|faint|p1a: Iron Treads
|-end|p1a: Iron Treads|Quark Drive|[silent]
|
|upkeep
|inactive|tymo907 has 120 seconds left.
|
|t:|1779801885
|switch|p1a: Dragonite|Dragonite, F|100/100
|turn|19
|inactive|tymo907 has 120 seconds left.
|
|t:|1779801896
|move|p1a: Dragonite|Extreme Speed|p2a: Enamorus
|-damage|p2a: Enamorus|0 fnt
|faint|p2a: Enamorus
|
|upkeep
|
|t:|1779801904
|switch|p2a: Quagsire|Quagsire, F, shiny|100/100
|-damage|p2a: Quagsire|94/100|[from] Stealth Rock
|turn|20
|
|t:|1779801913
|switch|p1a: Garchomp|Garchomp, M|88/100
|move|p2a: Quagsire|Toxic|p1a: Garchomp
|-status|p1a: Garchomp|tox
|
|-heal|p2a: Quagsire|100/100|[from] item: Leftovers
|-damage|p1a: Garchomp|82/100 tox|[from] psn
|upkeep
|turn|21
|
|t:|1779801921
|move|p1a: Garchomp|Spikes|p2a: Quagsire
|-sidestart|p2: flapjacque|Spikes
|move|p2a: Quagsire|Stealth Rock|p1a: Garchomp
|-sidestart|p1: tymo907|move: Stealth Rock
|
|-damage|p1a: Garchomp|69/100 tox|[from] psn
|upkeep
|turn|22
|
|t:|1779801927
|move|p1a: Garchomp|Spikes|p2a: Quagsire
|-sidestart|p2: flapjacque|Spikes
|move|p2a: Quagsire|Earthquake|p1a: Garchomp
|-damage|p1a: Garchomp|51/100 tox
|
|-damage|p1a: Garchomp|32/100 tox|[from] psn
|upkeep
|turn|23
|
|t:|1779801937
|move|p1a: Garchomp|Spikes|p2a: Quagsire
|-sidestart|p2: flapjacque|Spikes
|move|p2a: Quagsire|Earthquake|p1a: Garchomp
|-crit|p1a: Garchomp
|-damage|p1a: Garchomp|3/100 tox
|
|-damage|p1a: Garchomp|0 fnt|[from] psn
|faint|p1a: Garchomp
|upkeep
|
|t:|1779801945
|switch|p1a: Gholdengo|Gholdengo|43/100
|-damage|p1a: Gholdengo|37/100|[from] Stealth Rock
|turn|24
|
|t:|1779801950
|move|p1a: Gholdengo|Shadow Ball|p2a: Quagsire
|-damage|p2a: Quagsire|47/100
|move|p2a: Quagsire|Earthquake|p1a: Gholdengo
|-supereffective|p1a: Gholdengo
|-damage|p1a: Gholdengo|0 fnt
|faint|p1a: Gholdengo
|
|-heal|p2a: Quagsire|53/100|[from] item: Leftovers
|upkeep
|
|t:|1779801955
|switch|p1a: Dragonite|Dragonite, F|100/100
|turn|25
|
|t:|1779801960
|move|p1a: Dragonite|Earthquake|p2a: Quagsire
|-damage|p2a: Quagsire|27/100
|move|p2a: Quagsire|Toxic|p1a: Dragonite
|-status|p1a: Dragonite|tox
|
|-heal|p2a: Quagsire|33/100|[from] item: Leftovers
|-damage|p1a: Dragonite|94/100 tox|[from] psn
|upkeep
|turn|26
|
|t:|1779801968
|move|p1a: Dragonite|Earthquake|p2a: Quagsire
|-damage|p2a: Quagsire|6/100
|move|p2a: Quagsire|Recover|p2a: Quagsire
|-heal|p2a: Quagsire|56/100
|
|-heal|p2a: Quagsire|62/100|[from] item: Leftovers
|-damage|p1a: Dragonite|82/100 tox|[from] psn
|upkeep
|turn|27
|
|t:|1779801976
|move|p1a: Dragonite|Earthquake|p2a: Quagsire
|-damage|p2a: Quagsire|34/100
|move|p2a: Quagsire|Recover|p2a: Quagsire
|-heal|p2a: Quagsire|84/100
|
|-heal|p2a: Quagsire|90/100|[from] item: Leftovers
|-damage|p1a: Dragonite|63/100 tox|[from] psn
|upkeep
|turn|28
|-message|tymo907 forfeited.
|
|win|flapjacque
|raw|tymo907's rating: 1294 &rarr; <strong>1272</strong><br />(-22 for losing)
|raw|flapjacque's rating: 1336 &rarr; <strong>1354</strong><br />(+18 for winning)
|l|☆tymo907
|player|p1|
|l|☆flapjacque
|player|p2|
