|j|☆silver jay#2240
|j|☆ShadowTree87
|inactive|Battle timer is ON: inactive players will automatically lose when time's up.
|t:|1779908814
|gametype|singles
|player|p1|silver jay#2240|grusha|
|player|p2|ShadowTree87|falkner|
|gen|9
|tier|[Gen 9] OU
|rated|Tournament battle
|rule|HP Percentage Mod: HP is shown in percentages
|rule|Endless Battle Clause: Forcing endless battles is banned
|rule|Species Clause: Limit one of each Pokémon
|rule|OHKO Clause: OHKO moves are banned
|rule|Evasion Items Clause: Evasion items are banned
|rule|Evasion Moves Clause: Evasion moves are banned
|rule|Evasion Abilities Clause: Evasion abilities are banned
|rule|Sleep Moves Clause: Sleep-inducing moves are banned
|raw|<div class="infobox"><details class="readmore"><summary><strong>16 custom rules:</strong></summary> -burmy, -caterpie, -combee, -kricketot, -magikarp, -scatterbug, -sunkern, -tynamo, -typenull, -weedle, -wurmple, -cosmog, -blipbug, -snom, -wynaut, + Tera Blast</details></div>
|clearpoke
|poke|p1|Araquanid, M|
|poke|p1|Braviary-Hisui, M|
|poke|p1|Dodrio, F|
|poke|p1|Bronzong|
|poke|p1|Azumarill, F|
|poke|p2|Arcanine-Hisui, F|
|poke|p2|Florges, F|
|poke|p2|Basculegion, M|
|poke|p2|Farigiraf, F|
|poke|p2|Garchomp, M|
|teampreview
|j|*Lady Monita 
|c|☆silver jay#2240|i picked azu over gren
|j| Pokelover33199
|c|☆silver jay#2240|hf
|c|☆ShadowTree87|gl
|j| KoolCreatorX
|l| KoolCreatorX
|inactive|ShadowTree87 has 120 seconds left.
|c|☆silver jay#2240|powerhouse team
|
|t:|1779908846
|teamsize|p1|5
|teamsize|p2|5
|start
|switch|p1a: slow down|Araquanid, M|100/100
|switch|p2a: Florges|Florges, F|100/100
|turn|1
|
|t:|1779908852
|move|p2a: Florges|Calm Mind|p2a: Florges
|-boost|p2a: Florges|spa|1
|-boost|p2a: Florges|spd|1
|move|p1a: slow down|Sticky Web|p2a: Florges
|-sidestart|p2: ShadowTree87|move: Sticky Web
|
|upkeep
|turn|2
|
|t:|1779908856
|move|p2a: Florges|Calm Mind|p2a: Florges
|-boost|p2a: Florges|spa|1
|-boost|p2a: Florges|spd|1
|move|p1a: slow down|Liquidation|p2a: Florges
|-damage|p2a: Florges|43/100
|
|-heal|p2a: Florges|49/100|[from] item: Leftovers
|upkeep
|turn|3
|c|☆silver jay#2240|hm
|
|t:|1779908866
|move|p2a: Florges|Moonblast|p1a: slow down
|-damage|p1a: slow down|39/100
|move|p1a: slow down|Liquidation|p2a: Florges
|-damage|p2a: Florges|0 fnt
|faint|p2a: Florges
|
|upkeep
|c|☆silver jay#2240|lmao
|
|t:|1779908879
|switch|p2a: Arcanine|Arcanine-Hisui, F|100/100
|-activate|p2a: Arcanine|move: Sticky Web
|-unboost|p2a: Arcanine|spe|1
|turn|4
|c|☆silver jay#2240|hella powerful
|c| Pokelover33199|Arcanine
|c|☆ShadowTree87|sticky web is annoying
|c| Pokelover33199|Make up for what you have done
|
|t:|1779908898
|switch|p1a: vgc sleeper|Bronzong|100/100
|move|p2a: Arcanine|Head Smash|p1a: vgc sleeper
|-resisted|p1a: vgc sleeper
|-crit|p1a: vgc sleeper
|-damage|p1a: vgc sleeper|51/100
|
|upkeep
|turn|5
|c| Pokelover33199|don’t miss
|c| Pokelover33199|He locked in
|c|☆silver jay#2240|ah band
|c| Pokelover33199|for once
|
|t:|1779908917
|switch|p2a: Basculegion|Basculegion, M|100/100
|-activate|p2a: Basculegion|move: Sticky Web
|-unboost|p2a: Basculegion|spe|1
|move|p1a: vgc sleeper|Trick Room|p1a: vgc sleeper
|-fieldstart|move: Trick Room|[of] p1a: vgc sleeper
|
|upkeep
|turn|6
|c|☆ShadowTree87|webs and tr?
|
|t:|1779908927
|move|p1a: vgc sleeper|Psychic|p2a: Basculegion
|-damage|p2a: Basculegion|71/100
|-unboost|p2a: Basculegion|spd|1
|move|p2a: Basculegion|Wave Crash|p1a: vgc sleeper
|-damage|p1a: vgc sleeper|0 fnt
|faint|p1a: vgc sleeper
|-damage|p2a: Basculegion|57/100|[from] Recoil
|
|upkeep
|c|☆silver jay#2240|yessir
|c|☆silver jay#2240|i play speed how i like it
|c|☆silver jay#2240|double band huh
|inactive|silver jay#2240 has 120 seconds left.
|c|☆silver jay#2240|respect it
|c|☆ShadowTree87|...
|c|☆silver jay#2240|this is why love to azu
|j| BeansBibarel
|
|t:|1779908965
|switch|p1a: saitama|Azumarill, F, shiny|100/100
|turn|7
|
|t:|1779908972
|move|p1a: saitama|Belly Drum|p1a: saitama
|-damage|p1a: saitama|50/100
|-setboost|p1a: saitama|atk|6|[from] move: Belly Drum
|-enditem|p1a: saitama|Sitrus Berry|[eat]
|-heal|p1a: saitama|75/100|[from] item: Sitrus Berry
|move|p2a: Basculegion|Wave Crash|p1a: saitama
|-resisted|p1a: saitama
|-damage|p1a: saitama|30/100
|-damage|p2a: Basculegion|41/100|[from] Recoil
|
|upkeep
|turn|8
|inactive|silver jay#2240 has 120 seconds left.
|
|t:|1779908977
|move|p1a: saitama|Aqua Jet|p2a: Basculegion
|-resisted|p2a: Basculegion
|-damage|p2a: Basculegion|0 fnt
|faint|p2a: Basculegion
|
|upkeep
|c| Pokelover33199|One punch azumarill
|c|☆silver jay#2240|espeed would kill me..
|c|☆silver jay#2240|ahh
|c|☆silver jay#2240|its ok
|c|☆ShadowTree87|i dont have it
|c|☆silver jay#2240|tf
|
|t:|1779908999
|switch|p2a: Arcanine|Arcanine-Hisui, F|100/100
|-activate|p2a: Arcanine|move: Sticky Web
|-unboost|p2a: Arcanine|spe|1
|turn|9
|c|☆ShadowTree87|JK
|c|☆silver jay#2240|nonsens elmao
|c|☆ShadowTree87|JK
|
|t:|1779909007
|move|p2a: Arcanine|Extreme Speed|p1a: saitama
|-damage|p1a: saitama|0 fnt
|faint|p1a: saitama
|
|-fieldend|move: Trick Room
|upkeep
|c|☆silver jay#2240|lock you into espeed at least
|j| Marley Shini
|c|☆ShadowTree87|btw, basc is scarf
|j| 5penny
|inactive|silver jay#2240 has 120 seconds left.
|c|☆ShadowTree87|adapt
|
|t:|1779909025
|switch|p1a: bird2|Braviary-Hisui, M|100/100
|turn|10
|c|☆silver jay#2240|oh oops
|inactive|silver jay#2240 has 120 seconds left.
|
|t:|1779909039
|move|p2a: Arcanine|Extreme Speed|p1a: bird2
|-damage|p1a: bird2|55/100
|move|p1a: bird2|Psychic|p2a: Arcanine
|-damage|p2a: Arcanine|11/100
|
|upkeep
|turn|11
|l| Marley Shini
|inactive|silver jay#2240 has 120 seconds left.
|j|@Aud890
|
|t:|1779909051
|move|p2a: Arcanine|Extreme Speed|p1a: bird2
|-damage|p1a: bird2|5/100
|move|p1a: bird2|Psychic|p2a: Arcanine
|-damage|p2a: Arcanine|0 fnt
|faint|p2a: Arcanine
|
|upkeep
|c|☆silver jay#2240|why not tera
|c|☆silver jay#2240|mightve ended me right there
|l| BeansBibarel
|c|☆ShadowTree87|tera grass
|c|☆silver jay#2240|lmao...
|c|☆silver jay#2240|vgc ahh
|c|☆ShadowTree87|im not your usual player
|inactive|ShadowTree87 has 120 seconds left.
|l| Pokelover33199
|
|t:|1779909084
|switch|p2a: Farigiraf|Farigiraf, F|100/100
|-activate|p2a: Farigiraf|move: Sticky Web
|-unboost|p2a: Farigiraf|spe|1
|turn|12
|inactive|silver jay#2240 has 120 seconds left.
|c|☆silver jay#2240|this barely outspeeds chomp
|
|t:|1779909111
|switch|p1a: gen wun|Dodrio, F, shiny|100/100
|move|p2a: Farigiraf|Dazzling Gleam|p1a: gen wun
|-damage|p1a: gen wun|44/100
|
|upkeep
|turn|13
|
|t:|1779909117
|move|p1a: gen wun|Brave Bird|p2a: Farigiraf
|-damage|p2a: Farigiraf|47/100
|-damage|p1a: gen wun|14/100|[from] Recoil
|move|p2a: Farigiraf|Dazzling Gleam|p1a: gen wun
|-damage|p1a: gen wun|0 fnt
|faint|p1a: gen wun
|
|upkeep
|
|t:|1779909125
|switch|p1a: slow down|Araquanid, M|39/100
|turn|14
|inactive|silver jay#2240 has 120 seconds left.
|c|☆silver jay#2240|oh dang idt u can kill huh
|c|☆ShadowTree87|nah
|
|t:|1779909157
|-terastallize|p2a: Farigiraf|Water
|move|p1a: slow down|Endure|p1a: slow down
|-singleturn|p1a: slow down|move: Endure
|move|p2a: Farigiraf|Agility|p2a: Farigiraf
|-boost|p2a: Farigiraf|spe|2
|
|upkeep
|turn|15
|c|☆silver jay#2240|oh
|c|☆ShadowTree87|oh
|c|☆silver jay#2240|dawg whatt
|c|☆ShadowTree87|to outspeed braviary
|inactive|silver jay#2240 has 90 seconds left.
|
|t:|1779909186
|-terastallize|p1a: slow down|Water
|move|p2a: Farigiraf|Calm Mind|p2a: Farigiraf
|-boost|p2a: Farigiraf|spa|1
|-boost|p2a: Farigiraf|spd|1
|move|p1a: slow down|Liquidation|p2a: Farigiraf
|-resisted|p2a: Farigiraf
|-damage|p2a: Farigiraf|0 fnt
|faint|p2a: Farigiraf
|
|upkeep
|
|t:|1779909189
|switch|p2a: Garchomp|Garchomp, M|100/100
|-activate|p2a: Garchomp|move: Sticky Web
|-unboost|p2a: Garchomp|spe|1
|turn|16
|c|☆silver jay#2240|yayy
|inactive|silver jay#2240 has 90 seconds left.
|c|☆ShadowTree87|gg
|c|☆ShadowTree87|wp
|
|t:|1779909199
|move|p1a: slow down|Endure|p1a: slow down
|-singleturn|p1a: slow down|move: Endure
|move|p2a: Garchomp|Scale Shot|p1a: slow down
|-damage|p1a: slow down|24/100
|-damage|p1a: slow down|9/100
|-activate|p1a: slow down|move: Endure
|-damage|p1a: slow down|1/100
|-activate|p1a: slow down|move: Endure
|-damage|p1a: slow down|1/100
|-hitcount|p1a: slow down|4
|-unboost|p2a: Garchomp|def|1
|-boost|p2a: Garchomp|spe|1
|
|upkeep
|turn|17
|c|☆silver jay#2240|why
|c|☆silver jay#2240|5050
|inactive|silver jay#2240 has 90 seconds left.
|c|☆ShadowTree87|yeah
|c|☆silver jay#2240|watch bro be sash and click rocks
|c|☆ShadowTree87|nah
|c|☆silver jay#2240|and double kill me
|-enditem|p1a: slow down|Custap Berry|[eat]
|-activate|p1a: slow down|item: Custap Berry|[consumed]
|
|t:|1779909226
|move|p1a: slow down|Liquidation|p2a: Garchomp
|-crit|p2a: Garchomp
|-damage|p2a: Garchomp|0 fnt
|-damage|p1a: slow down|0 fnt|[from] ability: Rough Skin|[of] p2a: Garchomp
|faint|p2a: Garchomp
|faint|p1a: slow down
|
|win|silver jay#2240
|n|☆silver jay#2240|silverjay2240
|n|☆ShadowTree87|shadowtree87
|n|*Lady Monita |ladymonita
|n| 5penny|5penny
|n| Aud890|aud890
