|badge|p1|bronze|gen9ou|100-9
|uhtml|medal-msg|<div class="broadcast-blue">Curious what those medals under the avatar are? PS now has Ladder Seasons! For more information, check out the <a href="https://www.smogon.com/forums/threads/3740067/">thread on Smogon.</a></div>
|j|☆RedemptiveSketch
|j|☆Pikamon333
|t:|1779955563
|gametype|singles
|player|p1|RedemptiveSketch|boarder-gen2|1786
|player|p2|Pikamon333|169|1709
|gen|9
|tier|[Gen 9] OU
|rated|
|rule|HP Percentage Mod: HP is shown in percentages
|rule|Endless Battle Clause: Forcing endless battles is banned
|rule|Species Clause: Limit one of each Pokémon
|rule|OHKO Clause: OHKO moves are banned
|rule|Evasion Items Clause: Evasion items are banned
|rule|Evasion Moves Clause: Evasion moves are banned
|rule|Evasion Abilities Clause: Evasion abilities are banned
|rule|Sleep Moves Clause: Sleep-inducing moves are banned
|clearpoke
|poke|p1|Torkoal, M|
|poke|p1|Walking Wake|
|poke|p1|Raging Bolt|
|poke|p1|Great Tusk|
|poke|p1|Cresselia, F|
|poke|p1|Ceruledge, F|
|poke|p2|Zapdos|
|poke|p2|Zamazenta-*|
|poke|p2|Iron Moth|
|poke|p2|Kyurem|
|poke|p2|Dragonite, F|
|poke|p2|Great Tusk|
|teampreview
|inactive|Battle timer is ON: inactive players will automatically lose when time's up. (requested by RedemptiveSketch)
|
|t:|1779955591
|teamsize|p1|6
|teamsize|p2|6
|start
|switch|p1a: Torkoal|Torkoal, M|100/100
|switch|p2a: Kyurem|Kyurem|100/100
|-ability|p2a: Kyurem|Pressure
|-weather|SunnyDay|[from] ability: Drought|[of] p1a: Torkoal
|turn|1
|
|t:|1779955601
|switch|p1a: Cresselia|Cresselia, F|100/100
|move|p2a: Kyurem|Earth Power|p1a: Cresselia
|-immune|p1a: Cresselia|[from] ability: Levitate
|
|-weather|SunnyDay|[upkeep]
|upkeep
|turn|2
|
|t:|1779955608
|move|p2a: Kyurem|Ice Beam|p1a: Cresselia
|-damage|p1a: Cresselia|69/100
|-enditem|p1a: Cresselia|Eject Button
|
|t:|1779955630
|switch|p1a: Ceruledge|Ceruledge, F|100/100
|-item|p1a: Ceruledge|Air Balloon
|
|-weather|SunnyDay|[upkeep]
|upkeep
|turn|3
|
|t:|1779955640
|switch|p2a: Zapdos|Zapdos|100/100
|move|p1a: Ceruledge|Swords Dance|p1a: Ceruledge
|-boost|p1a: Ceruledge|atk|2
|
|-weather|SunnyDay|[upkeep]
|upkeep
|turn|4
|
|t:|1779955647
|move|p2a: Zapdos|Thunderbolt|p1a: Ceruledge
|-damage|p1a: Ceruledge|38/100
|-enditem|p1a: Ceruledge|Air Balloon
|move|p1a: Ceruledge|Bitter Blade|p2a: Zapdos
|-damage|p2a: Zapdos|0 fnt
|-heal|p1a: Ceruledge|96/100|[from] drain|[of] p2a: Zapdos
|faint|p2a: Zapdos
|
|-weather|SunnyDay|[upkeep]
|upkeep
|
|t:|1779955651
|switch|p2a: Great Tusk|Great Tusk|100/100
|-activate|p2a: Great Tusk|ability: Protosynthesis
|-start|p2a: Great Tusk|protosynthesisatk
|turn|5
|
|t:|1779955658
|switch|p1a: Cresselia|Cresselia, F|69/100
|move|p2a: Great Tusk|Headlong Rush|p1a: Cresselia
|-immune|p1a: Cresselia|[from] ability: Levitate
|
|-weather|SunnyDay|[upkeep]
|upkeep
|turn|6
|
|t:|1779955663
|move|p2a: Great Tusk|Stealth Rock|p1a: Cresselia
|-sidestart|p1: RedemptiveSketch|move: Stealth Rock
|move|p1a: Cresselia|Ice Beam|p2a: Great Tusk
|-supereffective|p2a: Great Tusk
|-damage|p2a: Great Tusk|49/100
|
|-weather|SunnyDay|[upkeep]
|upkeep
|turn|7
|
|t:|1779955667
|-end|p2a: Great Tusk|Protosynthesis|[silent]
|switch|p2a: Kyurem|Kyurem|100/100
|-ability|p2a: Kyurem|Pressure
|move|p1a: Cresselia|Ice Beam|p2a: Kyurem
|-damage|p2a: Kyurem|89/100
|
|-weather|SunnyDay|[upkeep]
|upkeep
|turn|8
|
|t:|1779955671
|move|p2a: Kyurem|Ice Beam|p1a: Cresselia
|-damage|p1a: Cresselia|38/100
|move|p1a: Cresselia|Thunder Wave|p2a: Kyurem
|-status|p2a: Kyurem|par
|
|-weather|none
|upkeep
|turn|9
|
|t:|1779955673
|move|p1a: Cresselia|Moonlight|p1a: Cresselia
|-heal|p1a: Cresselia|88/100
|cant|p2a: Kyurem|par
|
|upkeep
|turn|10
|
|t:|1779955683
|move|p1a: Cresselia|Ice Beam|p2a: Kyurem
|-damage|p2a: Kyurem|80/100 par
|move|p2a: Kyurem|Ice Beam|p1a: Cresselia
|-damage|p1a: Cresselia|58/100
|
|upkeep
|turn|11
|
|t:|1779955688
|move|p1a: Cresselia|Ice Beam|p2a: Kyurem
|-damage|p2a: Kyurem|68/100 par
|move|p2a: Kyurem|Ice Beam|p1a: Cresselia
|-damage|p1a: Cresselia|28/100
|-status|p1a: Cresselia|frz
|
|upkeep
|turn|12
|
|t:|1779955693
|-curestatus|p1a: Cresselia|frz|[msg]
|move|p1a: Cresselia|Moonlight|p1a: Cresselia
|-heal|p1a: Cresselia|78/100
|move|p2a: Kyurem|Ice Beam|p1a: Cresselia
|-damage|p1a: Cresselia|48/100
|
|upkeep
|turn|13
|
|t:|1779955697
|switch|p2a: Iron Moth|Iron Moth|100/100
|-enditem|p2a: Iron Moth|Booster Energy
|-activate|p2a: Iron Moth|ability: Quark Drive|[fromitem]
|-start|p2a: Iron Moth|quarkdrivespe
|move|p1a: Cresselia|Moonlight|p1a: Cresselia
|-heal|p1a: Cresselia|98/100
|
|upkeep
|turn|14
|
|t:|1779955704
|switch|p1a: Ceruledge|Ceruledge, F|96/100
|-damage|p1a: Ceruledge|72/100|[from] Stealth Rock
|move|p2a: Iron Moth|Fiery Dance|p1a: Ceruledge
|-resisted|p1a: Ceruledge
|-damage|p1a: Ceruledge|50/100
|
|upkeep
|turn|15
|
|t:|1779955710
|-end|p2a: Iron Moth|Quark Drive|[silent]
|switch|p2a: Great Tusk|Great Tusk|49/100
|-enditem|p2a: Great Tusk|Booster Energy
|-activate|p2a: Great Tusk|ability: Protosynthesis|[fromitem]
|-start|p2a: Great Tusk|protosynthesisatk
|move|p1a: Ceruledge|Bitter Blade|p2a: Great Tusk
|-damage|p2a: Great Tusk|18/100
|-heal|p1a: Ceruledge|70/100|[from] drain|[of] p2a: Great Tusk
|
|upkeep
|turn|16
|
|t:|1779955715
|switch|p1a: Great Tusk|Great Tusk|100/100
|-damage|p1a: Great Tusk|98/100|[from] Stealth Rock
|move|p2a: Great Tusk|Headlong Rush|p1a: Great Tusk
|-crit|p1a: Great Tusk
|-damage|p1a: Great Tusk|22/100
|-unboost|p2a: Great Tusk|def|1
|-unboost|p2a: Great Tusk|spd|1
|
|upkeep
|turn|17
|
|t:|1779955719
|move|p2a: Great Tusk|Ice Spinner|p1a: Great Tusk
|-supereffective|p1a: Great Tusk
|-damage|p1a: Great Tusk|0 fnt
|faint|p1a: Great Tusk
|-end|p1a: Great Tusk|Protosynthesis|[silent]
|
|upkeep
|c|☆RedemptiveSketch|bruh
|
|t:|1779955730
|switch|p1a: Torkoal|Torkoal, M|100/100
|-damage|p1a: Torkoal|76/100|[from] Stealth Rock
|-weather|SunnyDay|[from] ability: Drought|[of] p1a: Torkoal
|turn|18
|
|t:|1779955735
|-terastallize|p1a: Torkoal|Grass
|move|p2a: Great Tusk|Headlong Rush|p1a: Torkoal
|-resisted|p1a: Torkoal
|-damage|p1a: Torkoal|53/100
|-unboost|p2a: Great Tusk|def|1
|-unboost|p2a: Great Tusk|spd|1
|move|p1a: Torkoal|Rapid Spin|p2a: Great Tusk
|-damage|p2a: Great Tusk|2/100
|-boost|p1a: Torkoal|spe|1
|-sideend|p1: RedemptiveSketch|Stealth Rock|[from] move: Rapid Spin|[of] p1a: Torkoal
|
|-weather|SunnyDay|[upkeep]
|upkeep
|turn|19
|
|t:|1779955745
|move|p2a: Great Tusk|Ice Spinner|p1a: Torkoal
|-supereffective|p1a: Torkoal
|-damage|p1a: Torkoal|8/100
|move|p1a: Torkoal|Rapid Spin|p2a: Great Tusk
|-damage|p2a: Great Tusk|0 fnt
|-boost|p1a: Torkoal|spe|1
|faint|p2a: Great Tusk
|-end|p2a: Great Tusk|Protosynthesis|[silent]
|
|-weather|SunnyDay|[upkeep]
|upkeep
|
|t:|1779955748
|switch|p2a: Iron Moth|Iron Moth|100/100
|turn|20
|
|t:|1779955753
|switch|p1a: Walking Wake|Walking Wake|100/100
|-activate|p1a: Walking Wake|ability: Protosynthesis
|-start|p1a: Walking Wake|protosynthesisspe
|move|p2a: Iron Moth|Fiery Dance|p1a: Walking Wake
|-resisted|p1a: Walking Wake
|-damage|p1a: Walking Wake|84/100
|
|-weather|SunnyDay|[upkeep]
|upkeep
|turn|21
|
|t:|1779955768
|-terastallize|p2a: Iron Moth|Fairy
|move|p1a: Walking Wake|Hydro Steam|p2a: Iron Moth
|-damage|p2a: Iron Moth|9/100
|move|p2a: Iron Moth|Dazzling Gleam|p1a: Walking Wake
|-supereffective|p1a: Walking Wake
|-damage|p1a: Walking Wake|0 fnt
|faint|p1a: Walking Wake
|-end|p1a: Walking Wake|Protosynthesis|[silent]
|
|-weather|SunnyDay|[upkeep]
|upkeep
|
|t:|1779955787
|switch|p1a: Ceruledge|Ceruledge, F|70/100
|turn|22
|
|t:|1779955792
|move|p2a: Iron Moth|Toxic|p1a: Ceruledge
|-status|p1a: Ceruledge|tox
|move|p1a: Ceruledge|Bitter Blade|p2a: Iron Moth
|-crit|p2a: Iron Moth
|-damage|p2a: Iron Moth|0 fnt
|-heal|p1a: Ceruledge|74/100 tox|[from] drain|[of] p2a: Iron Moth
|faint|p2a: Iron Moth
|-end|p2a: Iron Moth|Quark Drive|[silent]
|
|-weather|SunnyDay|[upkeep]
|-damage|p1a: Ceruledge|68/100 tox|[from] psn
|upkeep
|
|t:|1779955798
|switch|p2a: Kyurem|Kyurem|68/100 par
|-ability|p2a: Kyurem|Pressure
|turn|23
|
|t:|1779955801
|move|p1a: Ceruledge|Close Combat|p2a: Kyurem
|-supereffective|p2a: Kyurem
|-damage|p2a: Kyurem|0 fnt
|-unboost|p1a: Ceruledge|def|1
|-unboost|p1a: Ceruledge|spd|1
|faint|p2a: Kyurem
|
|-weather|SunnyDay|[upkeep]
|-damage|p1a: Ceruledge|55/100 tox|[from] psn
|upkeep
|
|t:|1779955815
|switch|p2a: Zamazenta|Zamazenta|100/100
|-ability|p2a: Zamazenta|Dauntless Shield|boost
|-boost|p2a: Zamazenta|def|1
|turn|24
|
|t:|1779955818
|switch|p1a: Cresselia|Cresselia, F|98/100
|move|p2a: Zamazenta|Iron Defense|p2a: Zamazenta
|-boost|p2a: Zamazenta|def|2
|
|-weather|SunnyDay|[upkeep]
|upkeep
|turn|25
|
|t:|1779955824
|move|p2a: Zamazenta|Body Press|p1a: Cresselia
|-resisted|p1a: Cresselia
|-damage|p1a: Cresselia|74/100
|move|p1a: Cresselia|Thunder Wave|p2a: Zamazenta
|-status|p2a: Zamazenta|par
|
|-weather|none
|upkeep
|turn|26
|
|t:|1779955829
|move|p1a: Cresselia|Ice Beam|p2a: Zamazenta
|-damage|p2a: Zamazenta|85/100 par
|move|p2a: Zamazenta|Crunch|p1a: Cresselia
|-supereffective|p1a: Cresselia
|-damage|p1a: Cresselia|52/100
|
|-heal|p2a: Zamazenta|91/100 par|[from] item: Leftovers
|upkeep
|turn|27
|
|t:|1779955832
|move|p2a: Zamazenta|Crunch|p1a: Cresselia
|-supereffective|p1a: Cresselia
|-damage|p1a: Cresselia|30/100
|move|p1a: Cresselia|Moonlight|p1a: Cresselia
|-heal|p1a: Cresselia|80/100
|
|-heal|p2a: Zamazenta|97/100 par|[from] item: Leftovers
|upkeep
|turn|28
|
|t:|1779955835
|switch|p1a: Torkoal|Torkoal, M, tera:Grass|8/100
|-weather|SunnyDay|[from] ability: Drought|[of] p1a: Torkoal
|move|p2a: Zamazenta|Crunch|p1a: Torkoal
|-crit|p1a: Torkoal
|-damage|p1a: Torkoal|0 fnt
|faint|p1a: Torkoal
|
|-weather|SunnyDay|[upkeep]
|-heal|p2a: Zamazenta|100/100 par|[from] item: Leftovers
|upkeep
|
|t:|1779955837
|switch|p1a: Raging Bolt|Raging Bolt|100/100
|-activate|p1a: Raging Bolt|ability: Protosynthesis
|-start|p1a: Raging Bolt|protosynthesisspa
|turn|29
|
|t:|1779955841
|move|p1a: Raging Bolt|Draco Meteor|p2a: Zamazenta
|-damage|p2a: Zamazenta|0 fnt
|-unboost|p1a: Raging Bolt|spa|2
|faint|p2a: Zamazenta
|-damage|p1a: Raging Bolt|91/100|[from] item: Life Orb
|
|-weather|SunnyDay|[upkeep]
|upkeep
|
|t:|1779955843
|switch|p2a: Dragonite|Dragonite, F|100/100
|turn|30
|
|t:|1779955854
|move|p2a: Dragonite|Dragon Dance|p2a: Dragonite
|-boost|p2a: Dragonite|atk|1
|-boost|p2a: Dragonite|spe|1
|move|p1a: Raging Bolt|Draco Meteor|p2a: Dragonite
|-supereffective|p2a: Dragonite
|-damage|p2a: Dragonite|36/100
|-unboost|p1a: Raging Bolt|spa|2
|-damage|p1a: Raging Bolt|81/100|[from] item: Life Orb
|
|-weather|SunnyDay|[upkeep]
|upkeep
|turn|31
|
|t:|1779955861
|-end|p1a: Raging Bolt|Protosynthesis|[silent]
|switch|p1a: Ceruledge|Ceruledge, F|55/100 tox
|move|p2a: Dragonite|Outrage|p1a: Ceruledge
|-damage|p1a: Ceruledge|0 fnt
|faint|p1a: Ceruledge
|
|-weather|SunnyDay|[upkeep]
|upkeep
|
|t:|1779955865
|switch|p1a: Raging Bolt|Raging Bolt|81/100
|-activate|p1a: Raging Bolt|ability: Protosynthesis
|-start|p1a: Raging Bolt|protosynthesisspa
|turn|32
|
|t:|1779955867
|move|p1a: Raging Bolt|Thunderclap|p2a: Dragonite
|-damage|p2a: Dragonite|0 fnt
|faint|p2a: Dragonite
|-damage|p1a: Raging Bolt|71/100|[from] item: Life Orb
|
|win|RedemptiveSketch
|raw|RedemptiveSketch's rating: 1786 &rarr; <strong>1802</strong><br />(+16 for winning)
|raw|Pikamon333's rating: 1709 &rarr; <strong>1693</strong><br />(-16 for losing)
|c|☆RedemptiveSketch|ggs
|l|☆RedemptiveSketch
|player|p1|
|c|☆Pikamon333|Gg
|l|☆Pikamon333
|player|p2|
