|j|☆Whole Lotta Doom
|j|☆Rubicouss
|t:|1779851379
|gametype|singles
|player|p1|Whole Lotta Doom|266|1454
|player|p2|Rubicouss|gambler|1389
|gen|9
|tier|[Gen 9] OU
|rated|
|rule|HP Percentage Mod: HP is shown in percentages
|rule|Endless Battle Clause: Forcing endless battles is banned
|rule|Species Clause: Limit one of each Pokémon
|rule|OHKO Clause: OHKO moves are banned
|rule|Evasion Items Clause: Evasion items are banned
|rule|Evasion Moves Clause: Evasion moves are banned
|rule|Evasion Abilities Clause: Evasion abilities are banned
|rule|Sleep Moves Clause: Sleep-inducing moves are banned
|clearpoke
|poke|p1|Tyranitar, F|
|poke|p1|Pelipper, M|
|poke|p1|Torkoal, F|
|poke|p1|Raging Bolt|
|poke|p1|Barraskewda, F|
|poke|p1|Excadrill, F|
|poke|p2|Staraptor, F|
|poke|p2|Golem, F|
|poke|p2|Weezing-Galar, F|
|poke|p2|Regieleki|
|poke|p2|Talonflame, M|
|poke|p2|Kingambit, M|
|teampreview
|inactive|Battle timer is ON: inactive players will automatically lose when time's up. (requested by Rubicouss)
|
|t:|1779851421
|teamsize|p1|6
|teamsize|p2|6
|start
|switch|p1a: Osama bin Laden|Tyranitar, F, shiny|100/100
|switch|p2a: Golem|Golem, F|100/100
|-weather|Sandstorm|[from] ability: Sand Stream|[of] p1a: Osama bin Laden
|turn|1
|inactive|Whole Lotta Doom has 120 seconds left.
|
|t:|1779851464
|switch|p1a: Shaq in the 3rd|Pelipper, M|100/100
|-weather|RainDance|[from] ability: Drizzle|[of] p1a: Shaq in the 3rd
|move|p2a: Golem|Stealth Rock|p1a: Shaq in the 3rd
|-sidestart|p1: Whole Lotta Doom|move: Stealth Rock
|
|-weather|RainDance|[upkeep]
|upkeep
|turn|2
|
|t:|1779851470
|move|p2a: Golem|Stone Edge|p1a: Shaq in the 3rd
|-supereffective|p1a: Shaq in the 3rd
|-damage|p1a: Shaq in the 3rd|0 fnt
|faint|p1a: Shaq in the 3rd
|
|-weather|RainDance|[upkeep]
|upkeep
|inactive|Whole Lotta Doom has 120 seconds left.
|
|t:|1779851475
|switch|p1a: Kobe in the 4th|Barraskewda, F, shiny|100/100
|-damage|p1a: Kobe in the 4th|88/100|[from] Stealth Rock
|turn|3
|
|t:|1779851482
|move|p1a: Kobe in the 4th|Liquidation|p2a: Golem
|-supereffective|p2a: Golem
|-ability|p2a: Golem|Sturdy
|-damage|p2a: Golem|1/100
|move|p2a: Golem|Earthquake|p1a: Kobe in the 4th
|-damage|p1a: Kobe in the 4th|0 fnt
|faint|p1a: Kobe in the 4th
|
|-weather|RainDance|[upkeep]
|upkeep
|inactive|Whole Lotta Doom has 120 seconds left.
|
|t:|1779851497
|switch|p1a: Son of Odin|Raging Bolt|100/100
|-damage|p1a: Son of Odin|88/100|[from] Stealth Rock
|turn|4
|-enditem|p2a: Golem|Custap Berry|[eat]
|-activate|p2a: Golem|item: Custap Berry|[consumed]
|
|t:|1779851503
|move|p2a: Golem|Earthquake|p1a: Son of Odin
|-supereffective|p1a: Son of Odin
|-damage|p1a: Son of Odin|0 fnt
|faint|p1a: Son of Odin
|-end|p1a: Son of Odin|Protosynthesis|[silent]
|
|-weather|RainDance|[upkeep]
|upkeep
|
|t:|1779851512
|switch|p1a: No No No|Torkoal, F, shiny|100/100
|-damage|p1a: No No No|75/100|[from] Stealth Rock
|-weather|SunnyDay|[from] ability: Drought|[of] p1a: No No No
|turn|5
|
|t:|1779851516
|move|p2a: Golem|Earthquake|p1a: No No No
|-supereffective|p1a: No No No
|-damage|p1a: No No No|16/100
|move|p1a: No No No|Rapid Spin|p2a: Golem
|-resisted|p2a: Golem
|-damage|p2a: Golem|0 fnt
|-boost|p1a: No No No|spe|1
|-sideend|p1: Whole Lotta Doom|Stealth Rock|[from] move: Rapid Spin|[of] p1a: No No No
|faint|p2a: Golem
|
|-weather|SunnyDay|[upkeep]
|-heal|p1a: No No No|22/100|[from] item: Leftovers
|upkeep
|
|t:|1779851534
|switch|p2a: Regieleki|Regieleki|100/100
|turn|6
|
|t:|1779851540
|switch|p1a: Curry for Three|Excadrill, F, shiny|100/100
|move|p2a: Regieleki|Extreme Speed|p1a: Curry for Three
|-resisted|p1a: Curry for Three
|-damage|p1a: Curry for Three|85/100
|
|-weather|SunnyDay|[upkeep]
|upkeep
|turn|7
|
|t:|1779851554
|switch|p2a: Staraptor|Staraptor, F|100/100
|-ability|p2a: Staraptor|Intimidate|boost
|-unboost|p1a: Curry for Three|atk|1
|move|p1a: Curry for Three|Iron Head|p2a: Staraptor
|-damage|p2a: Staraptor|47/100
|
|-weather|SunnyDay|[upkeep]
|upkeep
|turn|8
|
|t:|1779851567
|switch|p1a: No No No|Torkoal, F, shiny|22/100
|move|p2a: Staraptor|Final Gambit|p1a: No No No
|-damage|p1a: No No No|0 fnt
|faint|p2a: Staraptor
|faint|p1a: No No No
|
|-weather|SunnyDay|[upkeep]
|upkeep
|
|t:|1779851580
|switch|p2a: Regieleki|Regieleki|100/100
|switch|p1a: Osama bin Laden|Tyranitar, F, shiny|100/100
|-weather|Sandstorm|[from] ability: Sand Stream|[of] p1a: Osama bin Laden
|turn|9
|
|t:|1779851592
|move|p2a: Regieleki|Reflect|p2a: Regieleki
|-sidestart|p2: Rubicouss|Reflect
|move|p1a: Osama bin Laden|Dragon Dance|p1a: Osama bin Laden
|-boost|p1a: Osama bin Laden|atk|1
|-boost|p1a: Osama bin Laden|spe|1
|
|-weather|Sandstorm|[upkeep]
|-damage|p2a: Regieleki|95/100|[from] Sandstorm
|upkeep
|turn|10
|
|t:|1779851613
|move|p2a: Regieleki|Explosion|p1a: Osama bin Laden
|-resisted|p1a: Osama bin Laden
|-damage|p1a: Osama bin Laden|72/100
|faint|p2a: Regieleki
|move|p1a: Osama bin Laden|Dragon Dance|p1a: Osama bin Laden
|-boost|p1a: Osama bin Laden|atk|1
|-boost|p1a: Osama bin Laden|spe|1
|
|-weather|Sandstorm|[upkeep]
|-heal|p1a: Osama bin Laden|78/100|[from] item: Leftovers
|upkeep
|j| samurajen
|
|t:|1779851619
|switch|p2a: Weezing|Weezing-Galar, F|100/100
|-fieldstart|move: Misty Terrain|[from] ability: Misty Surge|[of] p2a: Weezing
|turn|11
|
|t:|1779851633
|-terastallize|p2a: Weezing|Fairy
|move|p1a: Osama bin Laden|Dragon Dance|p1a: Osama bin Laden
|-boost|p1a: Osama bin Laden|atk|1
|-boost|p1a: Osama bin Laden|spe|1
|move|p2a: Weezing|Misty Explosion|p1a: Osama bin Laden
|-supereffective|p1a: Osama bin Laden
|-damage|p1a: Osama bin Laden|0 fnt
|faint|p2a: Weezing
|faint|p1a: Osama bin Laden
|
|-weather|Sandstorm|[upkeep]
|upkeep
|
|t:|1779851643
|switch|p1a: Curry for Three|Excadrill, F, shiny|85/100
|switch|p2a: Talonflame|Talonflame, M|100/100
|turn|12
|
|t:|1779851659
|-terastallize|p1a: Curry for Three|Flying
|move|p1a: Curry for Three|Brick Break|p2a: Talonflame
|-sideend|p2: Rubicouss|Reflect
|-resisted|p2a: Talonflame
|-damage|p2a: Talonflame|70/100
|move|p2a: Talonflame|Flare Blitz|p1a: Curry for Three
|-damage|p1a: Curry for Three|24/100
|-damage|p2a: Talonflame|45/100|[from] Recoil
|
|-weather|Sandstorm|[upkeep]
|-damage|p2a: Talonflame|39/100|[from] Sandstorm
|upkeep
|turn|13
|
|t:|1779851672
|move|p1a: Curry for Three|Brick Break|p2a: Talonflame
|-resisted|p2a: Talonflame
|-damage|p2a: Talonflame|3/100
|move|p2a: Talonflame|Brave Bird|p1a: Curry for Three
|-damage|p1a: Curry for Three|0 fnt
|faint|p1a: Curry for Three
|-damage|p2a: Talonflame|0 fnt|[from] Recoil
|faint|p2a: Talonflame
|
|win|Rubicouss
|raw|Whole Lotta Doom's rating: 1454 &rarr; <strong>1430</strong><br />(-24 for losing)
|raw|Rubicouss's rating: 1389 &rarr; <strong>1413</strong><br />(+24 for winning)
|l|☆Rubicouss
|player|p2|
|l|☆Whole Lotta Doom
|player|p1|
