|inactive|Battle timer is ON: inactive players will automatically lose when time's up.
|badge|p1|bronze|gen9ou|100-9
|uhtml|medal-msg|<div class="broadcast-blue">Curious what those medals under the avatar are? PS now has Ladder Seasons! For more information, check out the <a href="https://www.smogon.com/forums/threads/3740067/">thread on Smogon.</a></div>
|t:|1779929981
|gametype|singles
|player|p1|a jellyfish|bianca|
|player|p2|gh0st.shell|#wcop2026uswest2|
|gen|9
|tier|[Gen 9] OU
|rule|HP Percentage Mod: HP is shown in percentages
|rule|Endless Battle Clause: Forcing endless battles is banned
|rule|Species Clause: Limit one of each Pokémon
|rule|OHKO Clause: OHKO moves are banned
|rule|Evasion Items Clause: Evasion items are banned
|rule|Evasion Moves Clause: Evasion moves are banned
|rule|Evasion Abilities Clause: Evasion abilities are banned
|rule|Sleep Moves Clause: Sleep-inducing moves are banned
|clearpoke
|poke|p1|Great Tusk|
|poke|p1|Zamazenta-*|
|poke|p1|Ogerpon-Wellspring, F|
|poke|p1|Ting-Lu|
|poke|p1|Gholdengo|
|poke|p1|Heatran, F|
|poke|p2|Rillaboom, M|
|poke|p2|Zamazenta-*|
|poke|p2|Hawlucha, F|
|poke|p2|Gholdengo|
|poke|p2|Landorus-Therian, M|
|poke|p2|Darkrai|
|teampreview
|inactive|a jellyfish also wants the timer to be on.
|c|☆gh0st.shell|hf
|c|☆a jellyfish|have fun
|inactive|a jellyfish has 270 seconds left.
|inactive|gh0st.shell has 270 seconds left.
|inactive|gh0st.shell has 240 seconds left.
|c|+CrispyFries2|whats this 4
|c|☆a jellyfish|stour
|inactive|gh0st.shell has 210 seconds left.
|
|t:|1779930093
|teamsize|p1|6
|teamsize|p2|6
|start
|switch|p1a: Heatran|Heatran, F|100/100
|switch|p2a: Darkrai|Darkrai|100/100
|turn|1
|inactive|a jellyfish has 270 seconds left.
|inactive|gh0st.shell has 240 seconds left.
|inactive|a jellyfish has 240 seconds left.
|
|t:|1779930159
|switch|p2a: Landorus|Landorus-Therian, M|100/100
|-ability|p2a: Landorus|Intimidate|boost
|-unboost|p1a: Heatran|atk|1
|move|p1a: Heatran|Magma Storm|p2a: Landorus
|-damage|p2a: Landorus|38/100
|-activate|p2a: Landorus|move: Magma Storm|[of] p1a: Heatran
|
|-damage|p2a: Landorus|26/100|[from] move: Magma Storm|[partiallytrapped]
|upkeep
|turn|2
|inactive|a jellyfish has 240 seconds left.
|
|t:|1779930181
|switch|p1a: Great Tusk|Great Tusk|100/100
|move|p2a: Landorus|Stealth Rock|p1a: Great Tusk
|-sidestart|p1: a jellyfish|move: Stealth Rock
|
|-end|p2a: Landorus|Magma Storm|[partiallytrapped]|[silent]
|upkeep
|turn|3
|inactive|a jellyfish has 210 seconds left.
|
|t:|1779930240
|move|p2a: Landorus|Earth Power|p1a: Great Tusk
|-damage|p1a: Great Tusk|53/100
|move|p1a: Great Tusk|Rapid Spin|p2a: Landorus
|-damage|p2a: Landorus|11/100
|-boost|p1a: Great Tusk|spe|1
|-damage|p1a: Great Tusk|37/100|[from] item: Rocky Helmet|[of] p2a: Landorus
|-sideend|p1: a jellyfish|Stealth Rock|[from] move: Rapid Spin|[of] p1a: Great Tusk
|
|upkeep
|turn|4
|
|t:|1779930255
|move|p1a: Great Tusk|Stealth Rock|p2a: Landorus
|-sidestart|p2: gh0st.shell|move: Stealth Rock
|move|p2a: Landorus|Earth Power|p1a: Great Tusk
|-damage|p1a: Great Tusk|0 fnt
|faint|p1a: Great Tusk
|-end|p1a: Great Tusk|Protosynthesis|[silent]
|
|upkeep
|
|t:|1779930257
|switch|p1a: Ogerpon|Ogerpon-Wellspring, F|100/100
|turn|5
|inactive|gh0st.shell has 210 seconds left.
|
|t:|1779930294
|move|p1a: Ogerpon|Ivy Cudgel|p2a: Landorus|[anim] Ivy Cudgel Water
|-supereffective|p2a: Landorus
|-damage|p2a: Landorus|0 fnt
|faint|p2a: Landorus
|
|upkeep
|
|t:|1779930320
|switch|p2a: Rillaboom|Rillaboom, M|100/100
|-damage|p2a: Rillaboom|88/100|[from] Stealth Rock
|-fieldstart|move: Grassy Terrain|[from] ability: Grassy Surge|[of] p2a: Rillaboom
|turn|6
|
|t:|1779930323
|move|p1a: Ogerpon|U-turn|p2a: Rillaboom
|-supereffective|p2a: Rillaboom
|-damage|p2a: Rillaboom|32/100
|inactive|a jellyfish has 210 seconds left.
|inactive|a jellyfish has 180 seconds left.
|
|t:|1779930376
|switch|p1a: Heatran|Heatran, F|100/100|[from] U-turn
|move|p2a: Rillaboom|U-turn|p1a: Heatran
|-resisted|p1a: Heatran
|-damage|p1a: Heatran|95/100
|
|t:|1779930389
|switch|p2a: Zamazenta|Zamazenta|100/100|[from] U-turn
|-damage|p2a: Zamazenta|94/100|[from] Stealth Rock
|-ability|p2a: Zamazenta|Dauntless Shield|boost
|-boost|p2a: Zamazenta|def|1
|
|-heal|p2a: Zamazenta|100/100|[from] Grassy Terrain
|-heal|p1a: Heatran|100/100|[from] Grassy Terrain
|upkeep
|turn|7
|inactive|a jellyfish has 180 seconds left.
|
|t:|1779930412
|move|p2a: Zamazenta|Close Combat|p1a: Heatran
|-supereffective|p1a: Heatran
|-damage|p1a: Heatran|0 fnt
|-unboost|p2a: Zamazenta|def|1
|-unboost|p2a: Zamazenta|spd|1
|faint|p1a: Heatran
|-damage|p2a: Zamazenta|91/100|[from] item: Life Orb
|
|-heal|p2a: Zamazenta|97/100|[from] Grassy Terrain
|upkeep
|
|t:|1779930417
|switch|p1a: Gholdengo|Gholdengo|100/100
|-item|p1a: Gholdengo|Air Balloon
|turn|8
|
|t:|1779930426
|move|p2a: Zamazenta|Crunch|p1a: Gholdengo
|-supereffective|p1a: Gholdengo
|-damage|p1a: Gholdengo|48/100
|-enditem|p1a: Gholdengo|Air Balloon
|-damage|p2a: Zamazenta|87/100|[from] item: Life Orb
|move|p1a: Gholdengo|Thunder Wave|p2a: Zamazenta
|-status|p2a: Zamazenta|par
|
|-heal|p1a: Gholdengo|54/100|[from] Grassy Terrain
|-heal|p2a: Zamazenta|93/100 par|[from] Grassy Terrain
|upkeep
|turn|9
|inactive|a jellyfish has 180 seconds left.
|
|t:|1779930434
|switch|p2a: Darkrai|Darkrai|100/100
|-damage|p2a: Darkrai|88/100|[from] Stealth Rock
|move|p1a: Gholdengo|Recover|p1a: Gholdengo
|-heal|p1a: Gholdengo|100/100
|
|-heal|p2a: Darkrai|94/100|[from] Grassy Terrain
|-heal|p2a: Darkrai|99/100|[from] item: Leftovers
|upkeep
|turn|10
|
|t:|1779930442
|switch|p1a: Ting-Lu|Ting-Lu|100/100
|-ability|p1a: Ting-Lu|Vessel of Ruin
|move|p2a: Darkrai|Dark Pulse|p1a: Ting-Lu
|-resisted|p1a: Ting-Lu
|-damage|p1a: Ting-Lu|93/100
|
|-heal|p2a: Darkrai|100/100|[from] Grassy Terrain
|-heal|p1a: Ting-Lu|99/100|[from] Grassy Terrain
|-heal|p1a: Ting-Lu|100/100|[from] item: Leftovers
|-fieldend|move: Grassy Terrain
|upkeep
|turn|11
|inactive|a jellyfish has 180 seconds left.
|inactive|gh0st.shell has 210 seconds left.
|inactive|a jellyfish has 150 seconds left.
|
|t:|1779930494
|switch|p2a: Rillaboom|Rillaboom, M|32/100
|-damage|p2a: Rillaboom|19/100|[from] Stealth Rock
|-fieldstart|move: Grassy Terrain|[from] ability: Grassy Surge|[of] p2a: Rillaboom
|switch|p1a: Ogerpon|Ogerpon-Wellspring, F|100/100
|
|-heal|p2a: Rillaboom|25/100|[from] Grassy Terrain
|upkeep
|turn|12
|inactive|gh0st.shell has 210 seconds left.
|inactive|gh0st.shell has 180 seconds left.
|inactive|a jellyfish has 150 seconds left.
|inactive|gh0st.shell has 150 seconds left.
|
|t:|1779930590
|move|p2a: Rillaboom|Grassy Glide|p1a: Ogerpon
|-damage|p1a: Ogerpon|50/100
|move|p1a: Ogerpon|Ivy Cudgel|p2a: Rillaboom|[anim] Ivy Cudgel Water
|-resisted|p2a: Rillaboom
|-damage|p2a: Rillaboom|0 fnt
|faint|p2a: Rillaboom
|
|-heal|p1a: Ogerpon|56/100|[from] Grassy Terrain
|upkeep
|
|t:|1779930593
|switch|p2a: Hawlucha|Hawlucha, F|100/100
|-damage|p2a: Hawlucha|88/100|[from] Stealth Rock
|-enditem|p2a: Hawlucha|Grassy Seed
|-boost|p2a: Hawlucha|def|1|[from] item: Grassy Seed
|turn|13
|
|t:|1779930602
|switch|p1a: Gholdengo|Gholdengo|100/100
|move|p2a: Hawlucha|Swords Dance|p2a: Hawlucha
|-boost|p2a: Hawlucha|atk|2
|
|upkeep
|turn|14
|
|t:|1779930607
|move|p2a: Hawlucha|Acrobatics|p1a: Gholdengo
|-resisted|p1a: Gholdengo
|-damage|p1a: Gholdengo|67/100
|move|p1a: Gholdengo|Thunder Wave|p2a: Hawlucha
|-status|p2a: Hawlucha|par
|
|-heal|p1a: Gholdengo|73/100|[from] Grassy Terrain
|upkeep
|turn|15
|inactive|gh0st.shell has 150 seconds left.
|
|t:|1779930618
|move|p2a: Hawlucha|Swords Dance|p2a: Hawlucha
|-boost|p2a: Hawlucha|atk|2
|move|p1a: Gholdengo|Hex|p2a: Hawlucha
|-damage|p2a: Hawlucha|8/100 par
|
|-heal|p1a: Gholdengo|79/100|[from] Grassy Terrain
|-fieldend|move: Grassy Terrain
|upkeep
|turn|16
|
|t:|1779930622
|move|p2a: Hawlucha|Acrobatics|p1a: Gholdengo
|-resisted|p1a: Gholdengo
|-damage|p1a: Gholdengo|26/100
|move|p1a: Gholdengo|Recover|p1a: Gholdengo
|-heal|p1a: Gholdengo|76/100
|
|upkeep
|turn|17
|inactive|a jellyfish has 180 seconds left.
|
|t:|1779930631
|cant|p2a: Hawlucha|par
|move|p1a: Gholdengo|Hex|p2a: Hawlucha
|-damage|p2a: Hawlucha|0 fnt
|faint|p2a: Hawlucha
|
|upkeep
|
|t:|1779930635
|switch|p2a: Darkrai|Darkrai|100/100
|-damage|p2a: Darkrai|88/100|[from] Stealth Rock
|turn|18
|inactive|gh0st.shell has 180 seconds left.
|
|t:|1779930648
|switch|p1a: Zamazenta|Zamazenta|100/100
|-ability|p1a: Zamazenta|Dauntless Shield|boost
|-boost|p1a: Zamazenta|def|1
|move|p2a: Darkrai|Dark Pulse|p1a: Zamazenta
|-resisted|p1a: Zamazenta
|-damage|p1a: Zamazenta|86/100
|
|-heal|p1a: Zamazenta|92/100|[from] item: Leftovers
|-heal|p2a: Darkrai|94/100|[from] item: Leftovers
|upkeep
|turn|19
|
|t:|1779930655
|-terastallize|p2a: Darkrai|Ghost
|move|p1a: Zamazenta|Crunch|p2a: Darkrai
|-supereffective|p2a: Darkrai
|-damage|p2a: Darkrai|41/100
|move|p2a: Darkrai|Will-O-Wisp|p1a: Zamazenta
|-status|p1a: Zamazenta|brn
|
|-heal|p1a: Zamazenta|98/100 brn|[from] item: Leftovers
|-heal|p2a: Darkrai|47/100|[from] item: Leftovers
|-damage|p1a: Zamazenta|92/100 brn|[from] brn
|upkeep
|turn|20
|inactive|gh0st.shell has 180 seconds left.
|
|t:|1779930685
|switch|p2a: Zamazenta|Zamazenta|93/100 par
|-damage|p2a: Zamazenta|87/100 par|[from] Stealth Rock
|move|p1a: Zamazenta|Crunch|p2a: Zamazenta
|-resisted|p2a: Zamazenta
|-damage|p2a: Zamazenta|82/100 par
|
|-heal|p1a: Zamazenta|98/100 brn|[from] item: Leftovers
|-damage|p1a: Zamazenta|92/100 brn|[from] brn
|upkeep
|turn|21
|
|t:|1779930688
|move|p1a: Zamazenta|Iron Defense|p1a: Zamazenta
|-boost|p1a: Zamazenta|def|2
|move|p2a: Zamazenta|Crunch|p1a: Zamazenta
|-resisted|p1a: Zamazenta
|-damage|p1a: Zamazenta|86/100 brn
|-damage|p2a: Zamazenta|72/100 par|[from] item: Life Orb
|
|-heal|p1a: Zamazenta|93/100 brn|[from] item: Leftovers
|-damage|p1a: Zamazenta|86/100 brn|[from] brn
|upkeep
|turn|22
|inactive|gh0st.shell has 180 seconds left.
|
|t:|1779930701
|move|p1a: Zamazenta|Crunch|p2a: Zamazenta
|-resisted|p2a: Zamazenta
|-damage|p2a: Zamazenta|67/100 par
|move|p2a: Zamazenta|Howl|p2a: Zamazenta
|-boost|p2a: Zamazenta|atk|1
|
|-heal|p1a: Zamazenta|93/100 brn|[from] item: Leftovers
|-damage|p1a: Zamazenta|86/100 brn|[from] brn
|upkeep
|turn|23
|
|t:|1779930705
|move|p1a: Zamazenta|Body Press|p2a: Zamazenta
|-damage|p2a: Zamazenta|31/100 par
|move|p2a: Zamazenta|Close Combat|p1a: Zamazenta
|-damage|p1a: Zamazenta|49/100 brn
|-unboost|p2a: Zamazenta|def|1
|-unboost|p2a: Zamazenta|spd|1
|-damage|p2a: Zamazenta|21/100 par|[from] item: Life Orb
|
|-heal|p1a: Zamazenta|55/100 brn|[from] item: Leftovers
|-damage|p1a: Zamazenta|49/100 brn|[from] brn
|upkeep
|turn|24
|
|t:|1779930710
|switch|p2a: Gholdengo|Gholdengo|100/100
|-damage|p2a: Gholdengo|94/100|[from] Stealth Rock
|move|p1a: Zamazenta|Body Press|p2a: Gholdengo
|-immune|p2a: Gholdengo
|
|-heal|p1a: Zamazenta|55/100 brn|[from] item: Leftovers
|-damage|p1a: Zamazenta|49/100 brn|[from] brn
|upkeep
|turn|25
|
|t:|1779930716
|switch|p1a: Ting-Lu|Ting-Lu|100/100
|-ability|p1a: Ting-Lu|Vessel of Ruin
|move|p2a: Gholdengo|Make It Rain|p1a: Ting-Lu
|-damage|p1a: Ting-Lu|75/100
|-unboost|p2a: Gholdengo|spa|1
|
|-heal|p1a: Ting-Lu|82/100|[from] item: Leftovers
|upkeep
|turn|26
|
|t:|1779930718
|switch|p2a: Zamazenta|Zamazenta|21/100 par
|-damage|p2a: Zamazenta|15/100 par|[from] Stealth Rock
|move|p1a: Ting-Lu|Earthquake|p2a: Zamazenta
|-damage|p2a: Zamazenta|0 fnt
|faint|p2a: Zamazenta
|
|-heal|p1a: Ting-Lu|88/100|[from] item: Leftovers
|upkeep
|
|t:|1779930720
|switch|p2a: Darkrai|Darkrai, tera:Ghost|47/100
|-damage|p2a: Darkrai|35/100|[from] Stealth Rock
|turn|27
|
|t:|1779930733
|switch|p1a: Zamazenta|Zamazenta|49/100 brn
|move|p2a: Darkrai|Will-O-Wisp|p1a: Zamazenta
|-fail|p1a: Zamazenta|brn
|
|-heal|p1a: Zamazenta|55/100 brn|[from] item: Leftovers
|-heal|p2a: Darkrai|41/100|[from] item: Leftovers
|-damage|p1a: Zamazenta|49/100 brn|[from] brn
|upkeep
|turn|28
|
|t:|1779930737
|move|p1a: Zamazenta|Crunch|p2a: Darkrai
|-supereffective|p2a: Darkrai
|-damage|p2a: Darkrai|14/100
|move|p2a: Darkrai|Ice Beam|p1a: Zamazenta
|-damage|p1a: Zamazenta|27/100 brn
|
|-heal|p1a: Zamazenta|33/100 brn|[from] item: Leftovers
|-heal|p2a: Darkrai|20/100|[from] item: Leftovers
|-damage|p1a: Zamazenta|27/100 brn|[from] brn
|upkeep
|turn|29
|inactive|gh0st.shell has 240 seconds left.
|
|t:|1779930745
|switch|p2a: Gholdengo|Gholdengo|94/100
|-damage|p2a: Gholdengo|88/100|[from] Stealth Rock
|move|p1a: Zamazenta|Crunch|p2a: Gholdengo
|-supereffective|p2a: Gholdengo
|-damage|p2a: Gholdengo|63/100
|
|-heal|p1a: Zamazenta|33/100 brn|[from] item: Leftovers
|-damage|p1a: Zamazenta|27/100 brn|[from] brn
|upkeep
|turn|30
|
|t:|1779930749
|move|p2a: Gholdengo|Trick|p1a: Zamazenta
|-activate|p2a: Gholdengo|move: Trick|[of] p1a: Zamazenta
|-item|p1a: Zamazenta|Choice Scarf|[from] move: Trick
|-item|p2a: Gholdengo|Leftovers|[from] move: Trick
|move|p1a: Zamazenta|Crunch|p2a: Gholdengo
|-supereffective|p2a: Gholdengo
|-damage|p2a: Gholdengo|38/100
|
|-heal|p2a: Gholdengo|44/100|[from] item: Leftovers
|-damage|p1a: Zamazenta|20/100 brn|[from] brn
|upkeep
|turn|31
|
|t:|1779930752
|switch|p1a: Ting-Lu|Ting-Lu|88/100
|-ability|p1a: Ting-Lu|Vessel of Ruin
|move|p2a: Gholdengo|Recover|p2a: Gholdengo
|-heal|p2a: Gholdengo|94/100
|
|-heal|p2a: Gholdengo|99/100|[from] item: Leftovers
|-heal|p1a: Ting-Lu|94/100|[from] item: Leftovers
|upkeep
|turn|32
|-message|gh0st.shell forfeited.
|
|win|a jellyfish
