|j|☆claudechamp
|j|☆Bipface
|t:|1779834167
|gametype|singles
|player|p1|claudechamp|265|1266
|player|p2|Bipface|marshal|1291
|gen|9
|tier|[Gen 9] OU
|rated|
|rule|HP Percentage Mod: HP is shown in percentages
|rule|Endless Battle Clause: Forcing endless battles is banned
|rule|Species Clause: Limit one of each Pokémon
|rule|OHKO Clause: OHKO moves are banned
|rule|Evasion Items Clause: Evasion items are banned
|rule|Evasion Moves Clause: Evasion moves are banned
|rule|Evasion Abilities Clause: Evasion abilities are banned
|rule|Sleep Moves Clause: Sleep-inducing moves are banned
|clearpoke
|poke|p1|Gliscor, M|
|poke|p1|Ogerpon, F|
|poke|p1|Walking Wake|
|poke|p1|Blissey, F|
|poke|p1|Corviknight, F|
|poke|p1|Pecharunt|
|poke|p2|Blaziken, M|
|poke|p2|Venusaur, F|
|poke|p2|Cinderace, M|
|poke|p2|Walking Wake|
|poke|p2|Ninetales, M|
|poke|p2|Raging Bolt|
|teampreview
|inactive|Battle timer is ON: inactive players will automatically lose when time's up. (requested by Bipface)
|c|☆claudechamp|hf
|inactive|claudechamp also wants the timer to be on.
|
|t:|1779834189
|teamsize|p1|6
|teamsize|p2|6
|start
|switch|p1a: Gliscor|Gliscor, M|100/100
|switch|p2a: Walking Wake|Walking Wake|100/100
|turn|1
|
|t:|1779834203
|move|p2a: Walking Wake|Hydro Steam|p1a: Gliscor
|-supereffective|p1a: Gliscor
|-damage|p1a: Gliscor|8/100
|-damage|p2a: Walking Wake|91/100|[from] item: Life Orb
|move|p1a: Gliscor|Earthquake|p2a: Walking Wake
|-damage|p2a: Walking Wake|58/100
|
|-status|p1a: Gliscor|tox|[from] item: Toxic Orb
|upkeep
|turn|2
|
|t:|1779834214
|switch|p1a: Blissey|Blissey, F|100/100
|move|p2a: Walking Wake|Hydro Steam|p1a: Blissey
|-damage|p1a: Blissey|84/100
|-damage|p2a: Walking Wake|48/100|[from] item: Life Orb
|
|upkeep
|turn|3
|
|t:|1779834240
|-end|p2a: Walking Wake|Protosynthesis|[silent]
|switch|p2a: Ninetales|Ninetales, M|100/100
|-weather|SunnyDay|[from] ability: Drought|[of] p2a: Ninetales
|move|p1a: Blissey|Stealth Rock|p2a: Ninetales
|-sidestart|p2: Bipface|move: Stealth Rock
|
|-weather|SunnyDay|[upkeep]
|upkeep
|turn|4
|
|t:|1779834252
|move|p2a: Ninetales|Encore|p1a: Blissey
|-start|p1a: Blissey|Encore
|move|p1a: Blissey|Stealth Rock||[still]
|-fail|p1a: Blissey
|
|-weather|SunnyDay|[upkeep]
|upkeep
|turn|5
|
|t:|1779834263
|switch|p2a: Blaziken|Blaziken, M, shiny|100/100
|-damage|p2a: Blaziken|88/100|[from] Stealth Rock
|switch|p1a: Walking Wake|Walking Wake|100/100
|-activate|p1a: Walking Wake|ability: Protosynthesis
|-start|p1a: Walking Wake|protosynthesisspe
|
|-weather|SunnyDay|[upkeep]
|upkeep
|turn|6
|inactive|Bipface has 120 seconds left.
|
|t:|1779834293
|move|p1a: Walking Wake|Surf|p2a: Blaziken
|-supereffective|p2a: Blaziken
|-damage|p2a: Blaziken|14/100
|move|p2a: Blaziken|Close Combat|p1a: Walking Wake
|-damage|p1a: Walking Wake|31/100
|-unboost|p2a: Blaziken|def|1
|-unboost|p2a: Blaziken|spd|1
|
|-weather|SunnyDay|[upkeep]
|-ability|p2a: Blaziken|Speed Boost|boost
|-boost|p2a: Blaziken|spe|1
|upkeep
|turn|7
|
|t:|1779834299
|move|p2a: Blaziken|Upper Hand||[still]
|-fail|p2a: Blaziken
|move|p1a: Walking Wake|Draco Meteor|p2a: Blaziken
|-damage|p2a: Blaziken|0 fnt
|-unboost|p1a: Walking Wake|spa|2
|faint|p2a: Blaziken
|
|-weather|SunnyDay|[upkeep]
|upkeep
|
|t:|1779834302
|switch|p2a: Raging Bolt|Raging Bolt|100/100
|-activate|p2a: Raging Bolt|ability: Protosynthesis
|-start|p2a: Raging Bolt|protosynthesisspa
|turn|8
|
|t:|1779834316
|move|p2a: Raging Bolt|Thunderclap|p1a: Walking Wake
|-damage|p1a: Walking Wake|0 fnt
|faint|p1a: Walking Wake
|-end|p1a: Walking Wake|Protosynthesis|[silent]
|
|-weather|SunnyDay|[upkeep]
|upkeep
|
|t:|1779834325
|switch|p1a: Gliscor|Gliscor, M|8/100 tox
|turn|9
|
|t:|1779834339
|move|p1a: Gliscor|Earthquake|p2a: Raging Bolt
|-supereffective|p2a: Raging Bolt
|-damage|p2a: Raging Bolt|47/100
|move|p2a: Raging Bolt|Dragon Pulse|p1a: Gliscor
|-damage|p1a: Gliscor|0 fnt
|faint|p1a: Gliscor
|
|-weather|SunnyDay|[upkeep]
|upkeep
|
|t:|1779834350
|switch|p1a: Blissey|Blissey, F|84/100
|turn|10
|inactive|Bipface has 120 seconds left.
|inactive|Bipface has 90 seconds left.
|
|t:|1779834412
|move|p2a: Raging Bolt|Weather Ball|p1a: Blissey
|-damage|p1a: Blissey|59/100
|move|p1a: Blissey|Seismic Toss|p2a: Raging Bolt
|-damage|p2a: Raging Bolt|24/100
|
|-weather|none
|-end|p2a: Raging Bolt|Protosynthesis
|upkeep
|turn|11
|inactive|Bipface has 90 seconds left.
|
|t:|1779834431
|-end|p2a: Raging Bolt|Protosynthesis|[silent]
|switch|p2a: Ninetales|Ninetales, M|100/100
|-damage|p2a: Ninetales|76/100|[from] Stealth Rock
|-weather|SunnyDay|[from] ability: Drought|[of] p2a: Ninetales
|move|p1a: Blissey|Seismic Toss|p2a: Ninetales
|-damage|p2a: Ninetales|41/100
|
|-weather|SunnyDay|[upkeep]
|upkeep
|turn|12
|inactive|Bipface has 90 seconds left.
|
|t:|1779834441
|move|p2a: Ninetales|Healing Wish|p2a: Ninetales
|faint|p2a: Ninetales
|move|p1a: Blissey|Soft-Boiled|p1a: Blissey
|-heal|p1a: Blissey|100/100
|
|-weather|SunnyDay|[upkeep]
|upkeep
|inactive|Bipface has 90 seconds left.
|
|t:|1779834452
|switch|p2a: Walking Wake|Walking Wake|48/100
|-heal|p2a: Walking Wake|100/100|[from] move: Healing Wish
|-damage|p2a: Walking Wake|88/100|[from] Stealth Rock
|-activate|p2a: Walking Wake|ability: Protosynthesis
|-start|p2a: Walking Wake|protosynthesisspe
|turn|13
|inactive|Bipface has 90 seconds left.
|
|t:|1779834460
|-end|p2a: Walking Wake|Protosynthesis|[silent]
|switch|p2a: Cinderace|Cinderace, M|100/100
|move|p1a: Blissey|Calm Mind|p1a: Blissey
|-boost|p1a: Blissey|spa|1
|-boost|p1a: Blissey|spd|1
|
|-weather|SunnyDay|[upkeep]
|upkeep
|turn|14
|
|t:|1779834479
|move|p2a: Cinderace|Pyro Ball|p1a: Blissey
|-damage|p1a: Blissey|8/100
|move|p1a: Blissey|Seismic Toss|p2a: Cinderace
|-damage|p2a: Cinderace|67/100
|
|-weather|SunnyDay|[upkeep]
|upkeep
|turn|15
|
|t:|1779834489
|switch|p1a: Pecharunt|Pecharunt|100/100
|move|p2a: Cinderace|U-turn|p1a: Pecharunt
|-start|p2a: Cinderace|typechange|Bug|[from] ability: Libero
|-resisted|p1a: Pecharunt
|-damage|p1a: Pecharunt|96/100
|
|t:|1779834500
|switch|p2a: Walking Wake|Walking Wake|88/100|[from] U-turn
|-damage|p2a: Walking Wake|76/100|[from] Stealth Rock
|-activate|p2a: Walking Wake|ability: Protosynthesis
|-start|p2a: Walking Wake|protosynthesisspe
|
|-weather|SunnyDay|[upkeep]
|upkeep
|turn|16
|
|t:|1779834505
|-terastallize|p2a: Walking Wake|Water
|move|p2a: Walking Wake|Hydro Steam|p1a: Pecharunt
|-damage|p1a: Pecharunt|0 fnt
|faint|p1a: Pecharunt
|-damage|p2a: Walking Wake|66/100|[from] item: Life Orb
|
|-weather|SunnyDay|[upkeep]
|upkeep
|
|t:|1779834513
|switch|p1a: Corviknight|Corviknight, F|100/100
|-ability|p1a: Corviknight|Pressure
|turn|17
|
|t:|1779834525
|-terastallize|p1a: Corviknight|Ghost
|move|p2a: Walking Wake|Flamethrower|p1a: Corviknight
|-damage|p1a: Corviknight|33/100
|-damage|p2a: Walking Wake|56/100|[from] item: Life Orb
|move|p1a: Corviknight|Roost|p1a: Corviknight
|-heal|p1a: Corviknight|83/100
|
|-weather|SunnyDay|[upkeep]
|upkeep
|turn|18
|inactive|Bipface has 120 seconds left.
|
|t:|1779834539
|switch|p1a: Blissey|Blissey, F|8/100
|move|p2a: Walking Wake|Hydro Steam|p1a: Blissey
|-damage|p1a: Blissey|0 fnt
|faint|p1a: Blissey
|-damage|p2a: Walking Wake|46/100|[from] item: Life Orb
|
|-weather|none
|-end|p2a: Walking Wake|Protosynthesis
|upkeep
|
|t:|1779834550
|switch|p1a: Ogerpon|Ogerpon, F|100/100
|turn|19
|
|t:|1779834557
|move|p1a: Ogerpon|Ivy Cudgel|p2a: Walking Wake
|-supereffective|p2a: Walking Wake
|-damage|p2a: Walking Wake|0 fnt
|faint|p2a: Walking Wake
|-end|p2a: Walking Wake|Protosynthesis|[silent]
|
|upkeep
|
|t:|1779834568
|switch|p2a: Cinderace|Cinderace, M|67/100
|turn|20
|
|t:|1779834590
|switch|p1a: Corviknight|Corviknight, F, tera:Ghost|83/100
|-ability|p1a: Corviknight|Pressure
|move|p2a: Cinderace|Pyro Ball|p1a: Corviknight
|-damage|p1a: Corviknight|43/100
|
|upkeep
|turn|21
|
|t:|1779834604
|move|p2a: Cinderace|Sucker Punch||[still]
|-fail|p2a: Cinderace
|move|p1a: Corviknight|Roost|p1a: Corviknight
|-heal|p1a: Corviknight|93/100
|
|upkeep
|turn|22
|
|t:|1779834615
|move|p2a: Cinderace|Pyro Ball|p1a: Corviknight
|-damage|p1a: Corviknight|57/100
|move|p1a: Corviknight|Body Press|p2a: Cinderace
|-damage|p2a: Cinderace|30/100
|
|upkeep
|turn|23
|
|t:|1779834628
|move|p2a: Cinderace|Pyro Ball|p1a: Corviknight
|-damage|p1a: Corviknight|20/100
|move|p1a: Corviknight|Body Press|p2a: Cinderace
|-damage|p2a: Cinderace|0 fnt
|faint|p2a: Cinderace
|
|upkeep
|
|t:|1779834639
|switch|p2a: Venusaur|Venusaur, F|100/100
|-damage|p2a: Venusaur|88/100|[from] Stealth Rock
|turn|24
|
|t:|1779834653
|move|p2a: Venusaur|Sludge Bomb|p1a: Corviknight
|-resisted|p1a: Corviknight
|-crit|p1a: Corviknight
|-damage|p1a: Corviknight|0 fnt
|faint|p1a: Corviknight
|
|-heal|p2a: Venusaur|94/100|[from] item: Leftovers
|upkeep
|
|t:|1779834663
|switch|p1a: Ogerpon|Ogerpon, F|100/100
|turn|25
|
|t:|1779834685
|move|p1a: Ogerpon|Ivy Cudgel|p2a: Venusaur
|-resisted|p2a: Venusaur
|-damage|p2a: Venusaur|77/100
|move|p2a: Venusaur|Sludge Bomb|p1a: Ogerpon
|-supereffective|p1a: Ogerpon
|-damage|p1a: Ogerpon|5/100
|
|-heal|p2a: Venusaur|83/100|[from] item: Leftovers
|upkeep
|turn|26
|
|t:|1779834698
|move|p1a: Ogerpon|Ivy Cudgel|p2a: Venusaur
|-resisted|p2a: Venusaur
|-damage|p2a: Venusaur|67/100
|move|p2a: Venusaur|Sludge Bomb|p1a: Ogerpon
|-supereffective|p1a: Ogerpon
|-damage|p1a: Ogerpon|0 fnt
|faint|p1a: Ogerpon
|
|win|Bipface
|raw|claudechamp's rating: 1301 &rarr; <strong>1280</strong><br />(-21 for losing)
|raw|Bipface's rating: 1291 &rarr; <strong>1317</strong><br />(+26 for winning)
|l|☆Bipface
|player|p2|
|c|☆claudechamp|gg
