|j|☆MymySchoppenboer
|j|☆e foi assim
|t:|1779822202
|gametype|singles
|player|p1|MymySchoppenboer|klara|1315
|player|p2|e foi assim|n|1304
|gen|9
|tier|[Gen 9] OU
|rated|
|rule|HP Percentage Mod: HP is shown in percentages
|rule|Endless Battle Clause: Forcing endless battles is banned
|rule|Species Clause: Limit one of each Pokémon
|rule|OHKO Clause: OHKO moves are banned
|rule|Evasion Items Clause: Evasion items are banned
|rule|Evasion Moves Clause: Evasion moves are banned
|rule|Evasion Abilities Clause: Evasion abilities are banned
|rule|Sleep Moves Clause: Sleep-inducing moves are banned
|clearpoke
|poke|p1|Tyranitar, F|
|poke|p1|Iron Valiant|
|poke|p1|Scizor, M|
|poke|p1|Landorus-Therian, M|
|poke|p1|Vileplume, F|
|poke|p1|Raging Bolt|
|poke|p2|Skarmory, M|
|poke|p2|Alomomola, M|
|poke|p2|Lokix, F|
|poke|p2|Great Tusk|
|poke|p2|Dragapult, F|
|poke|p2|Weezing-Galar, F|
|teampreview
|inactive|Battle timer is ON: inactive players will automatically lose when time's up. (requested by MymySchoppenboer)
|
|t:|1779822214
|teamsize|p1|6
|teamsize|p2|6
|start
|switch|p1a: Scizor|Scizor, M|100/100
|switch|p2a: Alomomola|Alomomola, M|100/100
|turn|1
|
|t:|1779822225
|move|p1a: Scizor|Knock Off|p2a: Alomomola
|-damage|p2a: Alomomola|74/100
|-enditem|p2a: Alomomola|Assault Vest|[from] move: Knock Off|[of] p1a: Scizor
|move|p2a: Alomomola|Scald|p1a: Scizor
|-damage|p1a: Scizor|84/100
|
|upkeep
|turn|2
|
|t:|1779822232
|move|p1a: Scizor|U-turn|p2a: Alomomola
|-damage|p2a: Alomomola|45/100
|
|t:|1779822234
|switch|p1a: Raging Bolt|Raging Bolt|100/100|[from] U-turn
|move|p2a: Alomomola|Scald|p1a: Raging Bolt
|-resisted|p1a: Raging Bolt
|-damage|p1a: Raging Bolt|95/100
|-status|p1a: Raging Bolt|brn
|
|-damage|p1a: Raging Bolt|88/100 brn|[from] brn
|upkeep
|turn|3
|
|t:|1779822244
|switch|p2a: Great Tusk|Great Tusk|100/100
|move|p1a: Raging Bolt|Draco Meteor|p2a: Great Tusk
|-damage|p2a: Great Tusk|3/100
|-unboost|p1a: Raging Bolt|spa|2
|
|-damage|p1a: Raging Bolt|82/100 brn|[from] brn
|upkeep
|turn|4
|
|t:|1779822250
|-end|p1a: Raging Bolt|Protosynthesis|[silent]
|switch|p1a: Landorus|Landorus-Therian, M|100/100
|-ability|p1a: Landorus|Intimidate|boost
|-unboost|p2a: Great Tusk|atk|1
|move|p2a: Great Tusk|Stealth Rock|p1a: Landorus
|-sidestart|p1: MymySchoppenboer|move: Stealth Rock
|
|upkeep
|turn|5
|
|t:|1779822255
|-end|p2a: Great Tusk|Protosynthesis|[silent]
|switch|p2a: Alomomola|Alomomola, M|78/100
|move|p1a: Landorus|U-turn|p2a: Alomomola
|-damage|p2a: Alomomola|62/100
|
|t:|1779822257
|switch|p1a: Scizor|Scizor, M|84/100|[from] U-turn
|-damage|p1a: Scizor|71/100|[from] Stealth Rock
|
|upkeep
|turn|6
|
|t:|1779822261
|move|p1a: Scizor|Defog|p2a: Alomomola
|-unboost|p2a: Alomomola|evasion|1
|-sideend|p1: MymySchoppenboer|Stealth Rock|[from] move: Defog|[of] p1a: Scizor
|move|p2a: Alomomola|Flip Turn|p1a: Scizor
|-damage|p1a: Scizor|54/100
|
|t:|1779822266
|switch|p2a: Dragapult|Dragapult, F|100/100|[from] Flip Turn
|
|upkeep
|turn|7
|
|t:|1779822271
|switch|p1a: Tyranitar|Tyranitar, F|100/100
|-weather|Sandstorm|[from] ability: Sand Stream|[of] p1a: Tyranitar
|move|p2a: Dragapult|Draco Meteor|p1a: Tyranitar
|-damage|p1a: Tyranitar|69/100
|-unboost|p2a: Dragapult|spa|2
|
|-weather|Sandstorm|[upkeep]
|-damage|p2a: Dragapult|95/100|[from] Sandstorm
|upkeep
|turn|8
|
|t:|1779822282
|switch|p2a: Skarmory|Skarmory, M|100/100
|move|p1a: Tyranitar|Knock Off|p2a: Skarmory
|-damage|p2a: Skarmory|68/100
|-damage|p1a: Tyranitar|52/100|[from] item: Rocky Helmet|[of] p2a: Skarmory
|-enditem|p2a: Skarmory|Rocky Helmet|[from] move: Knock Off|[of] p1a: Tyranitar
|
|-weather|Sandstorm|[upkeep]
|upkeep
|turn|9
|
|t:|1779822292
|switch|p1a: Raging Bolt|Raging Bolt|82/100 brn
|move|p2a: Skarmory|Spikes|p1a: Raging Bolt
|-sidestart|p1: MymySchoppenboer|Spikes
|
|-weather|Sandstorm|[upkeep]
|-damage|p1a: Raging Bolt|76/100 brn|[from] Sandstorm
|-damage|p1a: Raging Bolt|70/100 brn|[from] brn
|upkeep
|turn|10
|
|t:|1779822306
|switch|p2a: Weezing|Weezing-Galar, F|100/100
|move|p1a: Raging Bolt|Volt Switch|p2a: Weezing
|-damage|p2a: Weezing|44/100
|
|t:|1779822309
|-end|p1a: Raging Bolt|Protosynthesis|[silent]
|switch|p1a: Scizor|Scizor, M|54/100|[from] Volt Switch
|-damage|p1a: Scizor|42/100|[from] Spikes
|-enditem|p1a: Scizor|Sitrus Berry|[eat]
|-heal|p1a: Scizor|67/100|[from] item: Sitrus Berry
|
|-weather|Sandstorm|[upkeep]
|-damage|p2a: Weezing|38/100|[from] Sandstorm
|-heal|p2a: Weezing|44/100|[from] item: Black Sludge
|upkeep
|turn|11
|
|t:|1779822313
|move|p1a: Scizor|Bullet Punch|p2a: Weezing
|-supereffective|p2a: Weezing
|-damage|p2a: Weezing|2/100
|move|p2a: Weezing|Will-O-Wisp|p1a: Scizor
|-status|p1a: Scizor|brn
|
|-weather|none
|-heal|p2a: Weezing|8/100|[from] item: Black Sludge
|-damage|p1a: Scizor|61/100 brn|[from] brn
|upkeep
|turn|12
|
|t:|1779822322
|switch|p2a: Alomomola|Alomomola, M|95/100
|move|p1a: Scizor|Defog|p2a: Alomomola
|-unboost|p2a: Alomomola|evasion|1
|-sideend|p1: MymySchoppenboer|Spikes|[from] move: Defog|[of] p1a: Scizor
|
|-damage|p1a: Scizor|55/100 brn|[from] brn
|upkeep
|turn|13
|
|t:|1779822329
|move|p1a: Scizor|U-turn|p2a: Alomomola
|-damage|p2a: Alomomola|81/100
|
|t:|1779822332
|switch|p1a: Raging Bolt|Raging Bolt|70/100 brn|[from] U-turn
|move|p2a: Alomomola|Flip Turn|p1a: Raging Bolt
|-resisted|p1a: Raging Bolt
|-damage|p1a: Raging Bolt|64/100 brn
|
|t:|1779822339
|switch|p2a: Lokix|Lokix, F|100/100|[from] Flip Turn
|
|-damage|p1a: Raging Bolt|58/100 brn|[from] brn
|upkeep
|turn|14
|
|t:|1779822342
|-terastallize|p2a: Lokix|Bug
|move|p2a: Lokix|First Impression|p1a: Raging Bolt
|-damage|p1a: Raging Bolt|0 fnt
|faint|p1a: Raging Bolt
|-end|p1a: Raging Bolt|Protosynthesis|[silent]
|
|upkeep
|
|t:|1779822347
|switch|p1a: Vileplume|Vileplume, F|100/100
|turn|15
|
|t:|1779822359
|switch|p2a: Skarmory|Skarmory, M|68/100
|move|p1a: Vileplume|Leech Seed|p2a: Skarmory
|-start|p2a: Skarmory|move: Leech Seed
|
|-damage|p2a: Skarmory|56/100|[from] Leech Seed|[of] p1a: Vileplume
|upkeep
|turn|16
|
|t:|1779822364
|move|p2a: Skarmory|Roost|p2a: Skarmory
|-heal|p2a: Skarmory|100/100
|-singleturn|p2a: Skarmory|move: Roost
|move|p1a: Vileplume|Strength Sap|p2a: Skarmory
|-unboost|p2a: Skarmory|atk|1
|
|-damage|p2a: Skarmory|88/100|[from] Leech Seed|[of] p1a: Vileplume
|upkeep
|turn|17
|
|t:|1779822379
|switch|p1a: Tyranitar|Tyranitar, F|52/100
|-weather|Sandstorm|[from] ability: Sand Stream|[of] p1a: Tyranitar
|move|p2a: Skarmory|Spikes|p1a: Tyranitar
|-sidestart|p1: MymySchoppenboer|Spikes
|
|-weather|Sandstorm|[upkeep]
|-damage|p2a: Skarmory|76/100|[from] Leech Seed|[of] p1a: Tyranitar
|-heal|p1a: Tyranitar|63/100|[silent]
|upkeep
|turn|18
|
|t:|1779822382
|move|p2a: Skarmory|Body Press|p1a: Tyranitar
|-supereffective|p1a: Tyranitar
|-damage|p1a: Tyranitar|0 fnt
|faint|p1a: Tyranitar
|
|-weather|Sandstorm|[upkeep]
|upkeep
|
|t:|1779822387
|switch|p1a: Landorus|Landorus-Therian, M|100/100
|-ability|p1a: Landorus|Intimidate|boost
|-unboost|p2a: Skarmory|atk|1
|turn|19
|
|t:|1779822392
|move|p1a: Landorus|Weather Ball|p2a: Skarmory
|-damage|p2a: Skarmory|35/100
|move|p2a: Skarmory|Iron Defense|p2a: Skarmory
|-boost|p2a: Skarmory|def|2
|
|-weather|Sandstorm|[upkeep]
|-damage|p2a: Skarmory|23/100|[from] Leech Seed|[of] p1a: Landorus
|upkeep
|turn|20
|
|t:|1779822397
|move|p1a: Landorus|Weather Ball|p2a: Skarmory
|-damage|p2a: Skarmory|0 fnt
|faint|p2a: Skarmory
|
|-weather|Sandstorm|[upkeep]
|upkeep
|
|t:|1779822406
|switch|p2a: Great Tusk|Great Tusk|3/100
|turn|21
|
|t:|1779822408
|move|p1a: Landorus|Weather Ball|p2a: Great Tusk
|-resisted|p2a: Great Tusk
|-damage|p2a: Great Tusk|0 fnt
|faint|p2a: Great Tusk
|-end|p2a: Great Tusk|Protosynthesis|[silent]
|
|-weather|none
|upkeep
|
|t:|1779822411
|switch|p2a: Alomomola|Alomomola, M|100/100
|turn|22
|
|t:|1779822415
|switch|p1a: Vileplume|Vileplume, F|100/100
|-damage|p1a: Vileplume|88/100|[from] Spikes
|move|p2a: Alomomola|Flip Turn|p1a: Vileplume
|-resisted|p1a: Vileplume
|-damage|p1a: Vileplume|82/100
|-damage|p2a: Alomomola|84/100|[from] item: Rocky Helmet|[of] p1a: Vileplume
|
|t:|1779822422
|switch|p2a: Lokix|Lokix, F, tera:Bug|100/100|[from] Flip Turn
|
|upkeep
|turn|23
|
|t:|1779822425
|move|p2a: Lokix|First Impression|p1a: Vileplume
|-damage|p1a: Vileplume|15/100
|-damage|p2a: Lokix|84/100|[from] item: Rocky Helmet|[of] p1a: Vileplume
|move|p1a: Vileplume|Strength Sap|p2a: Lokix
|-unboost|p2a: Lokix|atk|1
|-heal|p1a: Vileplume|100/100
|
|upkeep
|turn|24
|
|t:|1779822433
|switch|p2a: Weezing|Weezing-Galar, F|8/100
|move|p1a: Vileplume|Sludge Bomb|p2a: Weezing
|-damage|p2a: Weezing|0 fnt
|faint|p2a: Weezing
|
|upkeep
|
|t:|1779822444
|switch|p2a: Lokix|Lokix, F, tera:Bug|84/100
|turn|25
|
|t:|1779822446
|move|p2a: Lokix|U-turn|p1a: Vileplume
|-damage|p1a: Vileplume|51/100
|-damage|p2a: Lokix|67/100|[from] item: Rocky Helmet|[of] p1a: Vileplume
|
|t:|1779822450
|switch|p2a: Alomomola|Alomomola, M|100/100|[from] U-turn
|move|p1a: Vileplume|Strength Sap|p2a: Alomomola
|-unboost|p2a: Alomomola|atk|1
|-heal|p1a: Vileplume|100/100
|
|upkeep
|turn|26
|
|t:|1779822453
|move|p1a: Vileplume|Giga Drain|p2a: Alomomola
|-supereffective|p2a: Alomomola
|-crit|p2a: Alomomola
|-damage|p2a: Alomomola|33/100
|move|p2a: Alomomola|Flip Turn|p1a: Vileplume
|-resisted|p1a: Vileplume
|-damage|p1a: Vileplume|96/100
|-damage|p2a: Alomomola|16/100|[from] item: Rocky Helmet|[of] p1a: Vileplume
|
|t:|1779822458
|switch|p2a: Dragapult|Dragapult, F|95/100|[from] Flip Turn
|
|upkeep
|turn|27
|
|t:|1779822464
|switch|p1a: Scizor|Scizor, M|55/100 brn
|-damage|p1a: Scizor|42/100 brn|[from] Spikes
|move|p2a: Dragapult|Flamethrower|p1a: Scizor
|-supereffective|p1a: Scizor
|-damage|p1a: Scizor|0 fnt
|faint|p1a: Scizor
|
|upkeep
|
|t:|1779822467
|switch|p1a: Iron Valiant|Iron Valiant|100/100
|-damage|p1a: Iron Valiant|88/100|[from] Spikes
|-enditem|p1a: Iron Valiant|Booster Energy
|-activate|p1a: Iron Valiant|ability: Quark Drive|[fromitem]
|-start|p1a: Iron Valiant|quarkdrivespe
|turn|28
|
|t:|1779822471
|switch|p2a: Alomomola|Alomomola, M|50/100
|move|p1a: Iron Valiant|Moonblast|p2a: Alomomola
|-damage|p2a: Alomomola|18/100
|
|upkeep
|turn|29
|
|t:|1779822474
|move|p1a: Iron Valiant|Moonblast|p2a: Alomomola
|-damage|p2a: Alomomola|0 fnt
|faint|p2a: Alomomola
|
|upkeep
|
|t:|1779822476
|switch|p2a: Lokix|Lokix, F, tera:Bug|67/100
|turn|30
|
|t:|1779822482
|move|p2a: Lokix|First Impression|p1a: Iron Valiant
|-resisted|p1a: Iron Valiant
|-damage|p1a: Iron Valiant|35/100
|move|p1a: Iron Valiant|Moonblast|p2a: Lokix
|-damage|p2a: Lokix|0 fnt
|faint|p2a: Lokix
|
|upkeep
|
|t:|1779822485
|switch|p2a: Dragapult|Dragapult, F|95/100
|turn|31
|c|☆MymySchoppenboer|gg
|
|t:|1779822501
|move|p1a: Iron Valiant|Close Combat|p2a: Dragapult
|-immune|p2a: Dragapult
|move|p2a: Dragapult|Flamethrower|p1a: Iron Valiant
|-crit|p1a: Iron Valiant
|-damage|p1a: Iron Valiant|0 fnt
|faint|p1a: Iron Valiant
|-end|p1a: Iron Valiant|Quark Drive|[silent]
|
|upkeep
|c|☆MymySchoppenboer|misclick
|c|☆MymySchoppenboer|:(
|
|t:|1779822514
|switch|p1a: Landorus|Landorus-Therian, M|100/100
|-ability|p1a: Landorus|Intimidate|boost
|-unboost|p2a: Dragapult|atk|1
|turn|32
|
|t:|1779822517
|-terastallize|p1a: Landorus|Ground
|move|p1a: Landorus|Earth Power|p2a: Dragapult
|-damage|p2a: Dragapult|21/100
|-unboost|p2a: Dragapult|spd|1
|move|p2a: Dragapult|Flamethrower|p1a: Landorus
|-crit|p1a: Landorus
|-damage|p1a: Landorus|23/100
|
|upkeep
|turn|33
|
|t:|1779822525
|move|p1a: Landorus|Earth Power|p2a: Dragapult
|-damage|p2a: Dragapult|0 fnt
|faint|p2a: Dragapult
|
|win|MymySchoppenboer
|raw|MymySchoppenboer's rating: 1315 &rarr; <strong>1334</strong><br />(+19 for winning)
|raw|e foi assim's rating: 1304 &rarr; <strong>1285</strong><br />(-19 for losing)
|l|☆e foi assim
|player|p2|
|l|☆MymySchoppenboer
|player|p1|
