|j|☆Team10thPlanett
|j|☆Oweiner95
|t:|1779899364
|gametype|singles
|player|p1|Team10thPlanett|veteran|1636
|player|p2|Oweiner95|169|1625
|gen|9
|tier|[Gen 9] OU
|rated|
|rule|HP Percentage Mod: HP is shown in percentages
|rule|Endless Battle Clause: Forcing endless battles is banned
|rule|Species Clause: Limit one of each Pokémon
|rule|OHKO Clause: OHKO moves are banned
|rule|Evasion Items Clause: Evasion items are banned
|rule|Evasion Moves Clause: Evasion moves are banned
|rule|Evasion Abilities Clause: Evasion abilities are banned
|rule|Sleep Moves Clause: Sleep-inducing moves are banned
|clearpoke
|poke|p1|Zamazenta-*|
|poke|p1|Dragonite, M|
|poke|p1|Araquanid, M|
|poke|p1|Iron Treads|
|poke|p1|Raikou|
|poke|p1|Politoed, M|
|poke|p2|Slowking-Galar, M|
|poke|p2|Great Tusk|
|poke|p2|Kyurem|
|poke|p2|Kingambit, F|
|poke|p2|Cinderace, F|
|poke|p2|Zapdos|
|teampreview
|inactive|Battle timer is ON: inactive players will automatically lose when time's up. (requested by Oweiner95)
|
|t:|1779899386
|teamsize|p1|6
|teamsize|p2|6
|start
|switch|p1a: Diego ⚡️|Raikou|100/100
|switch|p2a: Kyurem|Kyurem|100/100
|-ability|p1a: Diego ⚡️|Pressure
|-ability|p2a: Kyurem|Pressure
|turn|1
|
|t:|1779899403
|move|p1a: Diego ⚡️|Aura Sphere|p2a: Kyurem
|-supereffective|p2a: Kyurem
|-damage|p2a: Kyurem|31/100
|move|p2a: Kyurem|Freeze-Dry|p1a: Diego ⚡️
|-damage|p1a: Diego ⚡️|43/100
|
|upkeep
|turn|2
|j| karlheinzIX
|
|t:|1779899411
|switch|p2a: Slowking|Slowking-Galar, M|100/100
|move|p1a: Diego ⚡️|Aura Sphere|p2a: Slowking
|-resisted|p2a: Slowking
|-damage|p2a: Slowking|95/100
|
|upkeep
|turn|3
|
|t:|1779899421
|switch|p1a: Iron Treads|Iron Treads|100/100
|-enditem|p1a: Iron Treads|Booster Energy
|-activate|p1a: Iron Treads|ability: Quark Drive|[fromitem]
|-start|p1a: Iron Treads|quarkdrivespe
|move|p2a: Slowking|Future Sight|p1a: Iron Treads
|-start|p2a: Slowking|move: Future Sight
|
|upkeep
|turn|4
|l| karlheinzIX
|
|t:|1779899438
|move|p1a: Iron Treads|Earthquake|p2a: Slowking
|-supereffective|p2a: Slowking
|-damage|p2a: Slowking|8/100
|-prepare|p2a: Slowking|Chilly Reception|[premajor]
|move|p2a: Slowking|Chilly Reception|p2a: Slowking
|-weather|Snowscape
|
|t:|1779899447
|switch|p2a: Great Tusk|Great Tusk|100/100|[from] Chilly Reception
|
|-weather|Snowscape|[upkeep]
|upkeep
|turn|5
|inactive|Team10thPlanett has 120 seconds left.
|
|t:|1779899478
|-terastallize|p1a: Iron Treads|Ghost
|move|p1a: Iron Treads|Knock Off|p2a: Great Tusk
|-resisted|p2a: Great Tusk
|-crit|p2a: Great Tusk
|-damage|p2a: Great Tusk|84/100
|-enditem|p2a: Great Tusk|Leftovers|[from] move: Knock Off|[of] p1a: Iron Treads
|move|p2a: Great Tusk|Headlong Rush|p1a: Iron Treads
|-damage|p1a: Iron Treads|42/100
|-unboost|p2a: Great Tusk|def|1
|-unboost|p2a: Great Tusk|spd|1
|
|-weather|Snowscape|[upkeep]
|-end|p1a: Iron Treads|move: Future Sight
|-damage|p1a: Iron Treads|0 fnt
|faint|p1a: Iron Treads
|-end|p1a: Iron Treads|Quark Drive|[silent]
|upkeep
|inactive|Team10thPlanett has 120 seconds left.
|
|t:|1779899494
|switch|p1a: Politoed|Politoed, M|100/100
|-weather|RainDance|[from] ability: Drizzle|[of] p1a: Politoed
|turn|6
|
|t:|1779899502
|-end|p2a: Great Tusk|Protosynthesis|[silent]
|switch|p2a: Slowking|Slowking-Galar, M|42/100
|move|p1a: Politoed|Surf|p2a: Slowking
|-damage|p2a: Slowking|5/100
|
|-weather|RainDance|[upkeep]
|upkeep
|turn|7
|inactive|Team10thPlanett has 120 seconds left.
|
|t:|1779899511
|move|p1a: Politoed|Surf|p2a: Slowking
|-damage|p2a: Slowking|0 fnt
|faint|p2a: Slowking
|
|-weather|RainDance|[upkeep]
|upkeep
|
|t:|1779899513
|switch|p2a: Kyurem|Kyurem|31/100
|-ability|p2a: Kyurem|Pressure
|turn|8
|
|t:|1779899522
|move|p1a: Politoed|Surf|p2a: Kyurem
|-resisted|p2a: Kyurem
|-damage|p2a: Kyurem|3/100
|move|p2a: Kyurem|Freeze-Dry|p1a: Politoed
|-supereffective|p1a: Politoed
|-damage|p1a: Politoed|0 fnt
|faint|p1a: Politoed
|
|-weather|RainDance|[upkeep]
|upkeep
|
|t:|1779899532
|switch|p1a: Diego ⚡️|Raikou|43/100
|-ability|p1a: Diego ⚡️|Pressure
|turn|9
|
|t:|1779899539
|move|p1a: Diego ⚡️|Scald|p2a: Kyurem
|-resisted|p2a: Kyurem
|-damage|p2a: Kyurem|0 fnt
|faint|p2a: Kyurem
|
|-weather|RainDance|[upkeep]
|upkeep
|
|t:|1779899550
|switch|p2a: Zapdos|Zapdos|100/100
|turn|10
|
|t:|1779899556
|move|p1a: Diego ⚡️|Scald|p2a: Zapdos
|-damage|p2a: Zapdos|41/100
|move|p2a: Zapdos|Roost|p2a: Zapdos
|-heal|p2a: Zapdos|91/100
|-singleturn|p2a: Zapdos|move: Roost
|
|-weather|none
|upkeep
|turn|11
|
|t:|1779899575
|move|p1a: Diego ⚡️|Scald|p2a: Zapdos
|-damage|p2a: Zapdos|55/100
|move|p2a: Zapdos|Volt Switch|p1a: Diego ⚡️
|-resisted|p1a: Diego ⚡️
|-damage|p1a: Diego ⚡️|27/100
|
|t:|1779899578
|switch|p2a: Cinderace|Cinderace, F|100/100|[from] Volt Switch
|
|upkeep
|turn|12
|
|t:|1779899587
|switch|p1a: Johnny Tsunami 🌊|Araquanid, M|100/100
|move|p2a: Cinderace|U-turn|p1a: Johnny Tsunami 🌊
|-damage|p1a: Johnny Tsunami 🌊|79/100
|
|t:|1779899590
|switch|p2a: Zapdos|Zapdos|55/100|[from] U-turn
|
|upkeep
|turn|13
|
|t:|1779899596
|move|p2a: Zapdos|Volt Switch|p1a: Johnny Tsunami 🌊
|-supereffective|p1a: Johnny Tsunami 🌊
|-damage|p1a: Johnny Tsunami 🌊|35/100
|
|t:|1779899600
|switch|p2a: Kingambit|Kingambit, F|100/100|[from] Volt Switch
|-activate|p2a: Kingambit|ability: Supreme Overlord
|-start|p2a: Kingambit|fallen2|[silent]
|move|p1a: Johnny Tsunami 🌊|Surf|p2a: Kingambit
|-damage|p2a: Kingambit|47/100
|
|-heal|p2a: Kingambit|53/100|[from] item: Leftovers
|upkeep
|turn|14
|
|t:|1779899618
|move|p2a: Kingambit|Iron Head|p1a: Johnny Tsunami 🌊
|-resisted|p1a: Johnny Tsunami 🌊
|-damage|p1a: Johnny Tsunami 🌊|3/100
|move|p1a: Johnny Tsunami 🌊|Surf|p2a: Kingambit
|-damage|p2a: Kingambit|0 fnt
|faint|p2a: Kingambit
|-end|p2a: Kingambit|fallen2|[silent]
|
|upkeep
|
|t:|1779899627
|switch|p2a: Great Tusk|Great Tusk|84/100
|turn|15
|-enditem|p1a: Johnny Tsunami 🌊|Custap Berry|[eat]
|-activate|p1a: Johnny Tsunami 🌊|item: Custap Berry|[consumed]
|
|t:|1779899632
|move|p1a: Johnny Tsunami 🌊|Surf|p2a: Great Tusk
|-supereffective|p2a: Great Tusk
|-damage|p2a: Great Tusk|0 fnt
|faint|p2a: Great Tusk
|-end|p2a: Great Tusk|Protosynthesis|[silent]
|
|upkeep
|
|t:|1779899637
|switch|p2a: Cinderace|Cinderace, F|100/100
|turn|16
|
|t:|1779899643
|move|p2a: Cinderace|Pyro Ball|p1a: Johnny Tsunami 🌊
|-damage|p1a: Johnny Tsunami 🌊|0 fnt
|faint|p1a: Johnny Tsunami 🌊
|
|upkeep
|c|☆Team10thPlanett|what if that missed lol
|c|☆Team10thPlanett|jk
|
|t:|1779899669
|switch|p1a: Fat Boy|Dragonite, M, shiny|100/100
|turn|17
|
|t:|1779899675
|switch|p1a: Diego ⚡️|Raikou|27/100
|-ability|p1a: Diego ⚡️|Pressure
|move|p2a: Cinderace|Will-O-Wisp|p1a: Diego ⚡️
|-status|p1a: Diego ⚡️|brn
|
|-damage|p1a: Diego ⚡️|20/100 brn|[from] brn
|upkeep
|turn|18
|j| foxi4
|l| foxi4
|
|t:|1779899689
|move|p2a: Cinderace|Pyro Ball|p1a: Diego ⚡️
|-damage|p1a: Diego ⚡️|0 fnt
|faint|p1a: Diego ⚡️
|
|upkeep
|
|t:|1779899694
|switch|p1a: Zamazenta|Zamazenta|100/100
|-ability|p1a: Zamazenta|Dauntless Shield|boost
|-boost|p1a: Zamazenta|def|1
|turn|19
|
|t:|1779899704
|move|p1a: Zamazenta|Close Combat|p2a: Cinderace
|-damage|p2a: Cinderace|0 fnt
|-unboost|p1a: Zamazenta|def|1
|-unboost|p1a: Zamazenta|spd|1
|faint|p2a: Cinderace
|
|upkeep
|
|t:|1779899708
|switch|p2a: Zapdos|Zapdos|55/100
|turn|20
|inactive|Team10thPlanett has 120 seconds left.
|
|t:|1779899748
|switch|p1a: Fat Boy|Dragonite, M, shiny|100/100
|move|p2a: Zapdos|Roost|p2a: Zapdos
|-heal|p2a: Zapdos|100/100
|-singleturn|p2a: Zapdos|move: Roost
|
|upkeep
|turn|21
|inactive|Team10thPlanett has 120 seconds left.
|
|t:|1779899760
|move|p2a: Zapdos|Thunder Wave|p1a: Fat Boy|[miss]
|-miss|p2a: Zapdos|p1a: Fat Boy
|move|p1a: Fat Boy|Outrage|p2a: Zapdos
|-damage|p2a: Zapdos|20/100
|
|upkeep
|turn|22
|inactive|Team10thPlanett has 120 seconds left.
|
|t:|1779899776
|-terastallize|p2a: Zapdos|Steel
|move|p2a: Zapdos|Roost|p2a: Zapdos
|-heal|p2a: Zapdos|70/100
|move|p1a: Fat Boy|Outrage|p2a: Zapdos|[from] lockedmove
|-resisted|p2a: Zapdos
|-damage|p2a: Zapdos|33/100
|-start|p1a: Fat Boy|confusion|[fatigue]
|
|upkeep
|turn|23
|inactive|Team10thPlanett has 120 seconds left.
|
|t:|1779899798
|switch|p1a: Zamazenta|Zamazenta|100/100
|move|p2a: Zapdos|Hurricane|p1a: Zamazenta
|-supereffective|p1a: Zamazenta
|-damage|p1a: Zamazenta|19/100
|
|upkeep
|turn|24
|inactive|Team10thPlanett has 120 seconds left.
|
|t:|1779899808
|move|p1a: Zamazenta|Close Combat|p2a: Zapdos
|-supereffective|p2a: Zapdos
|-crit|p2a: Zapdos
|-damage|p2a: Zapdos|0 fnt
|-unboost|p1a: Zamazenta|def|1
|-unboost|p1a: Zamazenta|spd|1
|faint|p2a: Zapdos
|
|win|Team10thPlanett
|raw|Team10thPlanett's rating: 1636 &rarr; <strong>1655</strong><br />(+19 for winning)
|raw|Oweiner95's rating: 1625 &rarr; <strong>1606</strong><br />(-19 for losing)
|l|☆Oweiner95
|player|p2|
|l|☆Team10thPlanett
|player|p1|
