|j|‽sawquarete
|j|☆sterster
|t:|1779855162
|gametype|singles
|player|p1|sawquarete|li|1416
|player|p2|sterster|101|1368
|gen|9
|tier|[Gen 9] OU
|rated|
|rule|HP Percentage Mod: HP is shown in percentages
|rule|Endless Battle Clause: Forcing endless battles is banned
|rule|Species Clause: Limit one of each Pokémon
|rule|OHKO Clause: OHKO moves are banned
|rule|Evasion Items Clause: Evasion items are banned
|rule|Evasion Moves Clause: Evasion moves are banned
|rule|Evasion Abilities Clause: Evasion abilities are banned
|rule|Sleep Moves Clause: Sleep-inducing moves are banned
|clearpoke
|poke|p1|Gholdengo|
|poke|p1|Kingambit, M|
|poke|p1|Hatterene, F|
|poke|p1|Samurott-Hisui, F|
|poke|p1|Pecharunt|
|poke|p1|Great Tusk|
|poke|p2|Iron Valiant|
|poke|p2|Weavile, F|
|poke|p2|Dragapult, F|
|poke|p2|Moltres|
|poke|p2|Ogerpon-Wellspring, F|
|poke|p2|Great Tusk|
|teampreview
|
|t:|1779855186
|teamsize|p1|6
|teamsize|p2|6
|start
|switch|p1a: Samurott|Samurott-Hisui, F|100/100
|switch|p2a: Ogerpon|Ogerpon-Wellspring, F|100/100
|turn|1
|
|t:|1779855194
|move|p1a: Samurott|Ceaseless Edge|p2a: Ogerpon
|-damage|p2a: Ogerpon|37/100
|-sidestart|p2: sterster|Spikes
|move|p2a: Ogerpon|U-turn|p1a: Samurott
|-supereffective|p1a: Samurott
|-damage|p1a: Samurott|29/100
|
|t:|1779855199
|switch|p2a: Great Tusk|Great Tusk|100/100|[from] U-turn
|
|upkeep
|turn|2
|
|t:|1779855205
|switch|p1a: Pecharunt|Pecharunt|100/100
|move|p2a: Great Tusk|Rapid Spin|p1a: Pecharunt
|-immune|p1a: Pecharunt
|
|upkeep
|turn|3
|
|t:|1779855210
|move|p2a: Great Tusk|Stealth Rock|p1a: Pecharunt
|-sidestart|p1: sawquarete|move: Stealth Rock
|move|p1a: Pecharunt|Toxic|p2a: Great Tusk
|-status|p2a: Great Tusk|tox
|-start|p2a: Great Tusk|confusion|[from] ability: Poison Puppeteer|[of] p1a: Pecharunt
|
|-damage|p2a: Great Tusk|94/100 tox|[from] psn
|upkeep
|turn|4
|
|t:|1779855215
|-activate|p2a: Great Tusk|confusion
|move|p2a: Great Tusk|Headlong Rush|p1a: Pecharunt
|-supereffective|p1a: Pecharunt
|-damage|p1a: Pecharunt|44/100
|-unboost|p2a: Great Tusk|def|1
|-unboost|p2a: Great Tusk|spd|1
|move|p1a: Pecharunt|Parting Shot|p2a: Great Tusk
|-unboost|p2a: Great Tusk|atk|1
|-unboost|p2a: Great Tusk|spa|1
|
|t:|1779855228
|switch|p1a: Gholdengo|Gholdengo|100/100|[from] Parting Shot
|-damage|p1a: Gholdengo|94/100|[from] Stealth Rock
|-item|p1a: Gholdengo|Air Balloon
|
|-damage|p2a: Great Tusk|82/100 tox|[from] psn
|upkeep
|turn|5
|
|t:|1779855235
|-end|p2a: Great Tusk|Protosynthesis|[silent]
|switch|p2a: Moltres|Moltres|100/100
|move|p1a: Gholdengo|Shadow Ball|p2a: Moltres
|-damage|p2a: Moltres|62/100
|
|upkeep
|turn|6
|
|t:|1779855245
|switch|p1a: Samurott|Samurott-Hisui, F|29/100
|-damage|p1a: Samurott|17/100|[from] Stealth Rock
|move|p2a: Moltres|Flamethrower|p1a: Samurott
|-resisted|p1a: Samurott
|-damage|p1a: Samurott|0 fnt
|faint|p1a: Samurott
|
|upkeep
|
|t:|1779855252
|switch|p1a: Great Tusk|Great Tusk|100/100
|-damage|p1a: Great Tusk|98/100|[from] Stealth Rock
|turn|7
|
|t:|1779855259
|switch|p2a: Dragapult|Dragapult, F|100/100
|move|p1a: Great Tusk|Stealth Rock|p2a: Dragapult
|-sidestart|p2: sterster|move: Stealth Rock
|
|upkeep
|turn|8
|
|t:|1779855263
|move|p2a: Dragapult|Will-O-Wisp|p1a: Great Tusk
|-status|p1a: Great Tusk|brn
|move|p1a: Great Tusk|Ice Spinner|p2a: Dragapult
|-supereffective|p2a: Dragapult
|-damage|p2a: Dragapult|70/100
|
|-damage|p1a: Great Tusk|91/100 brn|[from] brn
|upkeep
|turn|9
|
|t:|1779855269
|move|p2a: Dragapult|Hex|p1a: Great Tusk
|-damage|p1a: Great Tusk|20/100 brn
|move|p1a: Great Tusk|Ice Spinner|p2a: Dragapult
|-supereffective|p2a: Dragapult
|-damage|p2a: Dragapult|40/100
|
|-damage|p1a: Great Tusk|14/100 brn|[from] brn
|upkeep
|turn|10
|
|t:|1779855274
|move|p2a: Dragapult|Hex|p1a: Great Tusk
|-damage|p1a: Great Tusk|0 fnt
|faint|p1a: Great Tusk
|-end|p1a: Great Tusk|Protosynthesis|[silent]
|
|upkeep
|
|t:|1779855282
|switch|p1a: Pecharunt|Pecharunt|44/100
|turn|11
|
|t:|1779855286
|-terastallize|p1a: Pecharunt|Dark
|move|p2a: Dragapult|Hex|p1a: Pecharunt
|-resisted|p1a: Pecharunt
|-damage|p1a: Pecharunt|30/100
|move|p1a: Pecharunt|Recover|p1a: Pecharunt
|-heal|p1a: Pecharunt|80/100
|
|upkeep
|turn|12
|
|t:|1779855290
|move|p2a: Dragapult|Will-O-Wisp|p1a: Pecharunt|[miss]
|-miss|p2a: Dragapult|p1a: Pecharunt
|move|p1a: Pecharunt|Foul Play|p2a: Dragapult
|-supereffective|p2a: Dragapult
|-damage|p2a: Dragapult|0 fnt
|faint|p2a: Dragapult
|
|upkeep
|
|t:|1779855300
|switch|p2a: Iron Valiant|Iron Valiant|100/100
|-damage|p2a: Iron Valiant|88/100|[from] Spikes
|-damage|p2a: Iron Valiant|82/100|[from] Stealth Rock
|-enditem|p2a: Iron Valiant|Booster Energy
|-activate|p2a: Iron Valiant|ability: Quark Drive|[fromitem]
|-start|p2a: Iron Valiant|quarkdrivespe
|turn|13
|
|t:|1779855305
|move|p2a: Iron Valiant|Calm Mind|p2a: Iron Valiant
|-boost|p2a: Iron Valiant|spa|1
|-boost|p2a: Iron Valiant|spd|1
|move|p1a: Pecharunt|Toxic|p2a: Iron Valiant
|-status|p2a: Iron Valiant|tox
|-start|p2a: Iron Valiant|confusion|[from] ability: Poison Puppeteer|[of] p1a: Pecharunt
|
|-damage|p2a: Iron Valiant|76/100 tox|[from] psn
|upkeep
|turn|14
|
|t:|1779855308
|-activate|p2a: Iron Valiant|confusion
|move|p2a: Iron Valiant|Moonblast|p1a: Pecharunt
|-supereffective|p1a: Pecharunt
|-damage|p1a: Pecharunt|0 fnt
|faint|p1a: Pecharunt
|
|-damage|p2a: Iron Valiant|63/100 tox|[from] psn
|upkeep
|
|t:|1779855310
|switch|p1a: Hatterene|Hatterene, F|100/100
|-damage|p1a: Hatterene|88/100|[from] Stealth Rock
|turn|15
|
|t:|1779855316
|-terastallize|p2a: Iron Valiant|Ghost
|-activate|p2a: Iron Valiant|confusion
|move|p2a: Iron Valiant|Shadow Ball|p1a: Hatterene
|-supereffective|p1a: Hatterene
|-damage|p1a: Hatterene|10/100
|move|p1a: Hatterene|Draining Kiss|p2a: Iron Valiant
|-damage|p2a: Iron Valiant|30/100 tox
|-heal|p1a: Hatterene|33/100|[from] drain|[of] p2a: Iron Valiant
|
|-damage|p2a: Iron Valiant|11/100 tox|[from] psn
|upkeep
|turn|16
|
|t:|1779855324
|-end|p2a: Iron Valiant|confusion
|move|p2a: Iron Valiant|Shadow Ball|p1a: Hatterene
|-supereffective|p1a: Hatterene
|-crit|p1a: Hatterene
|-damage|p1a: Hatterene|0 fnt
|faint|p1a: Hatterene
|
|-damage|p2a: Iron Valiant|0 fnt|[from] psn
|faint|p2a: Iron Valiant
|-end|p2a: Iron Valiant|Quark Drive|[silent]
|upkeep
|
|t:|1779855338
|switch|p2a: Ogerpon|Ogerpon-Wellspring, F|37/100
|switch|p1a: Gholdengo|Gholdengo|94/100
|-damage|p2a: Ogerpon|25/100|[from] Spikes
|-damage|p2a: Ogerpon|13/100|[from] Stealth Rock
|-damage|p1a: Gholdengo|88/100|[from] Stealth Rock
|-item|p1a: Gholdengo|Air Balloon
|turn|17
|
|t:|1779855342
|move|p2a: Ogerpon|Knock Off|p1a: Gholdengo
|-supereffective|p1a: Gholdengo
|-damage|p1a: Gholdengo|30/100
|-enditem|p1a: Gholdengo|Air Balloon
|move|p1a: Gholdengo|Shadow Ball|p2a: Ogerpon
|-damage|p2a: Ogerpon|0 fnt
|faint|p2a: Ogerpon
|
|upkeep
|
|t:|1779855357
|switch|p2a: Weavile|Weavile, F|100/100
|-ability|p2a: Weavile|Pressure
|turn|18
|
|t:|1779855364
|move|p2a: Weavile|Knock Off|p1a: Gholdengo
|-supereffective|p1a: Gholdengo
|-damage|p1a: Gholdengo|0 fnt
|faint|p1a: Gholdengo
|
|upkeep
|
|t:|1779855367
|switch|p1a: Kingambit|Kingambit, M|100/100
|-damage|p1a: Kingambit|94/100|[from] Stealth Rock
|-activate|p1a: Kingambit|ability: Supreme Overlord
|-start|p1a: Kingambit|fallen5|[silent]
|turn|19
|
|t:|1779855372
|switch|p2a: Great Tusk|Great Tusk|82/100 tox
|move|p1a: Kingambit|Swords Dance|p1a: Kingambit
|-boost|p1a: Kingambit|atk|2
|
|-damage|p2a: Great Tusk|76/100 tox|[from] psn
|upkeep
|turn|20
|
|t:|1779855378
|move|p2a: Great Tusk|Headlong Rush|p1a: Kingambit
|-supereffective|p1a: Kingambit
|-damage|p1a: Kingambit|0 fnt
|-unboost|p2a: Great Tusk|def|1
|-unboost|p2a: Great Tusk|spd|1
|faint|p1a: Kingambit
|-end|p1a: Kingambit|fallen5|[silent]
|
|win|sterster
|raw|sawquarete's rating: 1416 &rarr; <strong>1393</strong><br />(-23 for losing)
|raw|sterster's rating: 1368 &rarr; <strong>1391</strong><br />(+23 for winning)
|c|☆sterster|gg
|l|‽sawquarete
|player|p1|
|l|☆sterster
|player|p2|
