|j|☆claudechamp
|j|☆Kolo22
|t:|1779833353
|gametype|singles
|player|p1|claudechamp|265|1320
|player|p2|Kolo22|265|1405
|gen|9
|tier|[Gen 9] OU
|rated|
|rule|HP Percentage Mod: HP is shown in percentages
|rule|Endless Battle Clause: Forcing endless battles is banned
|rule|Species Clause: Limit one of each Pokémon
|rule|OHKO Clause: OHKO moves are banned
|rule|Evasion Items Clause: Evasion items are banned
|rule|Evasion Moves Clause: Evasion moves are banned
|rule|Evasion Abilities Clause: Evasion abilities are banned
|rule|Sleep Moves Clause: Sleep-inducing moves are banned
|clearpoke
|poke|p1|Gliscor, M|
|poke|p1|Gholdengo|
|poke|p1|Zamazenta-*|
|poke|p1|Blissey, F|
|poke|p1|Skarmory, M|
|poke|p1|Pecharunt|
|poke|p2|Heatran, F|
|poke|p2|Clodsire, F|
|poke|p2|Pecharunt|
|poke|p2|Chesnaught, M|
|poke|p2|Greninja-*, M|
|poke|p2|Slowking, M|
|teampreview
|c|☆claudechamp|hf
|inactive|Battle timer is ON: inactive players will automatically lose when time's up. (requested by claudechamp)
|
|t:|1779833364
|teamsize|p1|6
|teamsize|p2|6
|start
|switch|p1a: Skarmory|Skarmory, M|100/100
|switch|p2a: Chesnaught|Chesnaught, M|100/100
|turn|1
|
|t:|1779833370
|move|p1a: Skarmory|Spikes|p2a: Chesnaught
|-sidestart|p2: Kolo22|Spikes
|move|p2a: Chesnaught|Knock Off|p1a: Skarmory
|-damage|p1a: Skarmory|85/100
|-enditem|p1a: Skarmory|Heavy-Duty Boots|[from] move: Knock Off|[of] p2a: Chesnaught
|
|upkeep
|turn|2
|
|t:|1779833377
|switch|p2a: Heatran|Heatran, F|100/100
|-item|p2a: Heatran|Air Balloon
|move|p1a: Skarmory|Spikes|p2a: Heatran
|-sidestart|p2: Kolo22|Spikes
|
|upkeep
|turn|3
|
|t:|1779833387
|switch|p1a: Blissey|Blissey, F|100/100
|move|p2a: Heatran|Magma Storm|p1a: Blissey|[miss]
|-miss|p2a: Heatran|p1a: Blissey
|
|upkeep
|turn|4
|
|t:|1779833396
|switch|p2a: Clodsire|Clodsire, F|100/100
|move|p1a: Blissey|Stealth Rock|p2a: Clodsire
|-sidestart|p2: Kolo22|move: Stealth Rock
|
|upkeep
|turn|5
|
|t:|1779833402
|switch|p1a: Gliscor|Gliscor, M|100/100
|move|p2a: Clodsire|Spikes|p1a: Gliscor
|-sidestart|p1: claudechamp|Spikes
|
|-status|p1a: Gliscor|tox|[from] item: Toxic Orb
|upkeep
|turn|6
|
|t:|1779833413
|switch|p2a: Chesnaught|Chesnaught, M|100/100
|-damage|p2a: Chesnaught|84/100|[from] Spikes
|-damage|p2a: Chesnaught|78/100|[from] Stealth Rock
|move|p1a: Gliscor|Knock Off|p2a: Chesnaught
|-resisted|p2a: Chesnaught
|-damage|p2a: Chesnaught|72/100
|-damage|p1a: Gliscor|84/100 tox|[from] item: Rocky Helmet|[of] p2a: Chesnaught
|-enditem|p2a: Chesnaught|Rocky Helmet|[from] move: Knock Off|[of] p1a: Gliscor
|
|-heal|p1a: Gliscor|97/100 tox|[from] ability: Poison Heal
|upkeep
|turn|7
|
|t:|1779833423
|move|p1a: Gliscor|Swords Dance|p1a: Gliscor
|-boost|p1a: Gliscor|atk|2
|move|p2a: Chesnaught|Synthesis|p2a: Chesnaught
|-heal|p2a: Chesnaught|100/100
|
|-heal|p1a: Gliscor|100/100 tox|[from] ability: Poison Heal
|upkeep
|turn|8
|
|t:|1779833430
|move|p1a: Gliscor|Swords Dance|p1a: Gliscor
|-boost|p1a: Gliscor|atk|2
|move|p2a: Chesnaught|Iron Defense|p2a: Chesnaught
|-boost|p2a: Chesnaught|def|2
|
|upkeep
|turn|9
|
|t:|1779833435
|move|p1a: Gliscor|Earthquake|p2a: Chesnaught
|-resisted|p2a: Chesnaught
|-damage|p2a: Chesnaught|85/100
|move|p2a: Chesnaught|Iron Defense|p2a: Chesnaught
|-boost|p2a: Chesnaught|def|2
|
|upkeep
|turn|10
|
|t:|1779833446
|move|p1a: Gliscor|Earthquake|p2a: Chesnaught
|-resisted|p2a: Chesnaught
|-damage|p2a: Chesnaught|76/100
|move|p2a: Chesnaught|Knock Off|p1a: Gliscor
|-crit|p1a: Gliscor
|-damage|p1a: Gliscor|71/100 tox
|-enditem|p1a: Gliscor|Toxic Orb|[from] move: Knock Off|[of] p2a: Chesnaught
|
|-heal|p1a: Gliscor|84/100 tox|[from] ability: Poison Heal
|upkeep
|turn|11
|
|t:|1779833455
|move|p1a: Gliscor|Knock Off|p2a: Chesnaught
|-resisted|p2a: Chesnaught
|-damage|p2a: Chesnaught|72/100
|move|p2a: Chesnaught|Synthesis|p2a: Chesnaught
|-heal|p2a: Chesnaught|100/100
|
|-heal|p1a: Gliscor|96/100 tox|[from] ability: Poison Heal
|upkeep
|turn|12
|
|t:|1779833462
|move|p1a: Gliscor|Earthquake|p2a: Chesnaught
|-resisted|p2a: Chesnaught
|-damage|p2a: Chesnaught|92/100
|move|p2a: Chesnaught|Iron Defense|p2a: Chesnaught
|-boost|p2a: Chesnaught|def|2
|
|-heal|p1a: Gliscor|100/100 tox|[from] ability: Poison Heal
|upkeep
|turn|13
|
|t:|1779833469
|move|p1a: Gliscor|Knock Off|p2a: Chesnaught
|-resisted|p2a: Chesnaught
|-damage|p2a: Chesnaught|89/100
|move|p2a: Chesnaught|Body Press|p1a: Gliscor
|-resisted|p1a: Gliscor
|-damage|p1a: Gliscor|29/100 tox
|
|-heal|p1a: Gliscor|41/100 tox|[from] ability: Poison Heal
|upkeep
|turn|14
|
|t:|1779833477
|switch|p1a: Gholdengo|Gholdengo|100/100
|-damage|p1a: Gholdengo|88/100|[from] Spikes
|move|p2a: Chesnaught|Body Press|p1a: Gholdengo
|-immune|p1a: Gholdengo
|
|upkeep
|turn|15
|
|t:|1779833484
|move|p1a: Gholdengo|Hex|p2a: Chesnaught
|-damage|p2a: Chesnaught|55/100
|move|p2a: Chesnaught|Synthesis|p2a: Chesnaught
|-heal|p2a: Chesnaught|100/100
|
|upkeep
|turn|16
|
|t:|1779833492
|move|p1a: Gholdengo|Hex|p2a: Chesnaught
|-damage|p2a: Chesnaught|65/100
|move|p2a: Chesnaught|Knock Off|p1a: Gholdengo
|-supereffective|p1a: Gholdengo
|-damage|p1a: Gholdengo|53/100
|-enditem|p1a: Gholdengo|Ability Shield|[from] move: Knock Off|[of] p2a: Chesnaught
|
|upkeep
|turn|17
|
|t:|1779833501
|move|p1a: Gholdengo|Recover|p1a: Gholdengo
|-heal|p1a: Gholdengo|100/100
|move|p2a: Chesnaught|Synthesis|p2a: Chesnaught
|-heal|p2a: Chesnaught|100/100
|
|upkeep
|turn|18
|
|t:|1779833511
|move|p1a: Gholdengo|Hex|p2a: Chesnaught
|-damage|p2a: Chesnaught|67/100
|move|p2a: Chesnaught|Knock Off|p1a: Gholdengo
|-supereffective|p1a: Gholdengo
|-damage|p1a: Gholdengo|75/100
|
|upkeep
|turn|19
|
|t:|1779833520
|switch|p2a: Greninja|Greninja, M|100/100
|-damage|p2a: Greninja|84/100|[from] Spikes
|-damage|p2a: Greninja|72/100|[from] Stealth Rock
|move|p1a: Gholdengo|Recover|p1a: Gholdengo
|-heal|p1a: Gholdengo|100/100
|
|upkeep
|turn|20
|
|t:|1779833529
|switch|p1a: Gliscor|Gliscor, M|41/100 tox
|move|p2a: Greninja|U-turn|p1a: Gliscor
|-start|p2a: Greninja|typechange|Bug|[from] ability: Protean
|-resisted|p1a: Gliscor
|-damage|p1a: Gliscor|33/100 tox
|
|t:|1779833547
|switch|p2a: Slowking|Slowking, M|100/100|[from] U-turn
|
|-heal|p1a: Gliscor|46/100 tox|[from] ability: Poison Heal
|upkeep
|turn|21
|
|t:|1779833559
|move|p1a: Gliscor|Swords Dance|p1a: Gliscor
|-boost|p1a: Gliscor|atk|2
|move|p2a: Slowking|Surf|p1a: Gliscor
|-supereffective|p1a: Gliscor
|-damage|p1a: Gliscor|0 fnt
|faint|p1a: Gliscor
|
|upkeep
|
|t:|1779833568
|switch|p1a: Zamazenta|Zamazenta|100/100
|-ability|p1a: Zamazenta|Dauntless Shield|boost
|-boost|p1a: Zamazenta|def|1
|turn|22
|
|t:|1779833581
|move|p1a: Zamazenta|Crunch|p2a: Slowking
|-supereffective|p2a: Slowking
|-damage|p2a: Slowking|46/100
|move|p2a: Slowking|Thunder Wave|p1a: Zamazenta
|-status|p1a: Zamazenta|par
|
|upkeep
|turn|23
|
|t:|1779833595
|switch|p2a: Chesnaught|Chesnaught, M|67/100
|-damage|p2a: Chesnaught|51/100|[from] Spikes
|-damage|p2a: Chesnaught|45/100|[from] Stealth Rock
|move|p1a: Zamazenta|Crunch|p2a: Chesnaught
|-resisted|p2a: Chesnaught
|-damage|p2a: Chesnaught|38/100
|-unboost|p2a: Chesnaught|def|1
|
|upkeep
|turn|24
|
|t:|1779833604
|move|p1a: Zamazenta|Close Combat|p2a: Chesnaught
|-damage|p2a: Chesnaught|0 fnt
|-unboost|p1a: Zamazenta|def|1
|-unboost|p1a: Zamazenta|spd|1
|faint|p2a: Chesnaught
|
|upkeep
|
|t:|1779833614
|switch|p2a: Pecharunt|Pecharunt|100/100
|turn|25
|
|t:|1779833625
|switch|p1a: Gholdengo|Gholdengo|100/100
|-damage|p1a: Gholdengo|88/100|[from] Spikes
|move|p2a: Pecharunt|Parting Shot|p1a: Gholdengo
|-immune|p1a: Gholdengo|[from] ability: Good as Gold
|
|upkeep
|turn|26
|
|t:|1779833639
|switch|p2a: Clodsire|Clodsire, F|100/100
|move|p1a: Gholdengo|Nasty Plot|p1a: Gholdengo
|-boost|p1a: Gholdengo|spa|2
|
|upkeep
|turn|27
|
|t:|1779833654
|move|p1a: Gholdengo|Hex|p2a: Clodsire
|-damage|p2a: Clodsire|84/100
|move|p2a: Clodsire|Spikes|p1a: Gholdengo
|-sidestart|p1: claudechamp|Spikes
|
|upkeep
|turn|28
|
|t:|1779833666
|move|p1a: Gholdengo|Hex|p2a: Clodsire
|-damage|p2a: Clodsire|70/100
|move|p2a: Clodsire|Spikes|p1a: Gholdengo
|-sidestart|p1: claudechamp|Spikes
|
|upkeep
|turn|29
|
|t:|1779833677
|move|p1a: Gholdengo|Hex|p2a: Clodsire
|-damage|p2a: Clodsire|55/100
|move|p2a: Clodsire|Recover|p2a: Clodsire
|-heal|p2a: Clodsire|100/100
|
|upkeep
|turn|30
|
|t:|1779833697
|move|p1a: Gholdengo|Hex|p2a: Clodsire
|-damage|p2a: Clodsire|85/100
|move|p2a: Clodsire|Earthquake|p1a: Gholdengo
|-supereffective|p1a: Gholdengo
|-damage|p1a: Gholdengo|49/100
|
|upkeep
|turn|31
|inactive|claudechamp has 120 seconds left.
|
|t:|1779833712
|move|p1a: Gholdengo|Recover|p1a: Gholdengo
|-heal|p1a: Gholdengo|99/100
|move|p2a: Clodsire|Earthquake|p1a: Gholdengo
|-supereffective|p1a: Gholdengo
|-damage|p1a: Gholdengo|59/100
|
|upkeep
|turn|32
|inactive|claudechamp has 120 seconds left.
|
|t:|1779833727
|move|p1a: Gholdengo|Recover|p1a: Gholdengo
|-heal|p1a: Gholdengo|100/100
|move|p2a: Clodsire|Earthquake|p1a: Gholdengo
|-supereffective|p1a: Gholdengo
|-damage|p1a: Gholdengo|59/100
|
|upkeep
|turn|33
|inactive|claudechamp has 120 seconds left.
|
|t:|1779833744
|-terastallize|p1a: Gholdengo|Fairy
|move|p1a: Gholdengo|Recover|p1a: Gholdengo
|-heal|p1a: Gholdengo|100/100
|move|p2a: Clodsire|Earthquake|p1a: Gholdengo
|-damage|p1a: Gholdengo|80/100
|
|upkeep
|turn|34
|
|t:|1779833762
|move|p1a: Gholdengo|Hex|p2a: Clodsire
|-damage|p2a: Clodsire|70/100
|move|p2a: Clodsire|Earthquake|p1a: Gholdengo
|-damage|p1a: Gholdengo|60/100
|
|upkeep
|turn|35
|
|t:|1779833778
|move|p1a: Gholdengo|Recover|p1a: Gholdengo
|-heal|p1a: Gholdengo|100/100
|move|p2a: Clodsire|Earthquake|p1a: Gholdengo
|-damage|p1a: Gholdengo|80/100
|
|upkeep
|turn|36
|
|t:|1779833793
|move|p1a: Gholdengo|Hex|p2a: Clodsire
|-damage|p2a: Clodsire|56/100
|move|p2a: Clodsire|Earthquake|p1a: Gholdengo
|-damage|p1a: Gholdengo|59/100
|
|upkeep
|turn|37
|
|t:|1779833804
|move|p1a: Gholdengo|Recover|p1a: Gholdengo
|-heal|p1a: Gholdengo|100/100
|move|p2a: Clodsire|Recover|p2a: Clodsire
|-heal|p2a: Clodsire|100/100
|
|upkeep
|turn|38
|inactive|claudechamp has 90 seconds left.
|
|t:|1779833821
|move|p1a: Gholdengo|Hex|p2a: Clodsire
|-damage|p2a: Clodsire|86/100
|move|p2a: Clodsire|Earthquake|p1a: Gholdengo
|-crit|p1a: Gholdengo
|-damage|p1a: Gholdengo|69/100
|
|upkeep
|turn|39
|
|t:|1779833830
|move|p1a: Gholdengo|Recover|p1a: Gholdengo
|-heal|p1a: Gholdengo|100/100
|move|p2a: Clodsire|Earthquake|p1a: Gholdengo
|-damage|p1a: Gholdengo|81/100
|
|upkeep
|turn|40
|
|t:|1779833841
|move|p1a: Gholdengo|Hex|p2a: Clodsire
|-damage|p2a: Clodsire|70/100
|move|p2a: Clodsire|Earthquake|p1a: Gholdengo
|-damage|p1a: Gholdengo|60/100
|
|upkeep
|turn|41
|
|t:|1779833853
|switch|p1a: Blissey|Blissey, F|100/100
|move|p2a: Clodsire|Earthquake|p1a: Blissey
|-damage|p1a: Blissey|73/100
|
|upkeep
|turn|42
|
|t:|1779833861
|move|p1a: Blissey|Soft-Boiled|p1a: Blissey
|-heal|p1a: Blissey|100/100
|move|p2a: Clodsire|Toxic|p1a: Blissey
|-status|p1a: Blissey|tox
|
|-damage|p1a: Blissey|94/100 tox|[from] psn
|upkeep
|turn|43
|
|t:|1779833870
|-curestatus|p1a: Blissey|tox|[from] ability: Natural Cure|[silent]
|switch|p1a: Zamazenta|Zamazenta|100/100 par
|move|p2a: Clodsire|Recover|p2a: Clodsire
|-heal|p2a: Clodsire|100/100
|
|upkeep
|turn|44
|
|t:|1779833891
|switch|p2a: Pecharunt|Pecharunt|100/100
|cant|p1a: Zamazenta|par
|
|upkeep
|turn|45
|
|t:|1779833899
|move|p2a: Pecharunt|Malignant Chain|p1a: Zamazenta
|-damage|p1a: Zamazenta|71/100 par
|move|p1a: Zamazenta|Crunch|p2a: Pecharunt
|-supereffective|p2a: Pecharunt
|-damage|p2a: Pecharunt|77/100
|
|upkeep
|turn|46
|inactive|claudechamp has 120 seconds left.
|
|t:|1779833908
|switch|p1a: Pecharunt|Pecharunt|100/100
|move|p2a: Pecharunt|Malignant Chain|p1a: Pecharunt
|-resisted|p1a: Pecharunt
|-damage|p1a: Pecharunt|93/100
|
|upkeep
|turn|47
|inactive|claudechamp has 120 seconds left.
|
|t:|1779833922
|move|p2a: Pecharunt|Recover|p2a: Pecharunt
|-heal|p2a: Pecharunt|100/100
|move|p1a: Pecharunt|Shadow Ball|p2a: Pecharunt
|-supereffective|p2a: Pecharunt
|-damage|p2a: Pecharunt|53/100
|-unboost|p2a: Pecharunt|spd|1
|
|upkeep
|turn|48
|inactive|claudechamp has 120 seconds left.
|
|t:|1779833933
|switch|p2a: Clodsire|Clodsire, F|100/100
|move|p1a: Pecharunt|Shadow Ball|p2a: Clodsire
|-damage|p2a: Clodsire|87/100
|
|upkeep
|turn|49
|inactive|claudechamp has 120 seconds left.
|
|t:|1779833946
|switch|p2a: Pecharunt|Pecharunt|53/100
|move|p1a: Pecharunt|Recover|p1a: Pecharunt
|-heal|p1a: Pecharunt|100/100
|
|upkeep
|turn|50
|inactive|claudechamp has 120 seconds left.
|
|t:|1779833966
|switch|p2a: Heatran|Heatran, F|100/100
|-damage|p2a: Heatran|88/100|[from] Stealth Rock
|-item|p2a: Heatran|Air Balloon
|move|p1a: Pecharunt|Shadow Ball|p2a: Heatran
|-damage|p2a: Heatran|68/100
|-unboost|p2a: Heatran|spd|1
|-enditem|p2a: Heatran|Air Balloon
|
|upkeep
|turn|51
|inactive|claudechamp has 120 seconds left.
|
|t:|1779833982
|move|p1a: Pecharunt|Parting Shot|p2a: Heatran
|-unboost|p2a: Heatran|atk|1
|-unboost|p2a: Heatran|spa|1
|
|t:|1779833989
|switch|p1a: Blissey|Blissey, F|94/100|[from] Parting Shot
|move|p2a: Heatran|Magma Storm|p1a: Blissey
|-damage|p1a: Blissey|83/100
|-activate|p1a: Blissey|move: Magma Storm|[of] p2a: Heatran
|
|-damage|p1a: Blissey|71/100|[from] move: Magma Storm|[partiallytrapped]
|upkeep
|turn|52
|inactive|claudechamp has 120 seconds left.
|
|t:|1779834003
|move|p2a: Heatran|Taunt|p1a: Blissey
|-start|p1a: Blissey|move: Taunt
|cant|p1a: Blissey|move: Taunt|Calm Mind
|
|-damage|p1a: Blissey|58/100|[from] move: Magma Storm|[partiallytrapped]
|upkeep
|turn|53
|inactive|claudechamp has 120 seconds left.
|
|t:|1779834013
|move|p2a: Heatran|Stealth Rock|p1a: Blissey
|-sidestart|p1: claudechamp|move: Stealth Rock
|move|p1a: Blissey|Shadow Ball|p2a: Heatran
|-damage|p2a: Heatran|51/100
|
|-damage|p1a: Blissey|46/100|[from] move: Magma Storm|[partiallytrapped]
|upkeep
|turn|54
|inactive|claudechamp has 120 seconds left.
|
|t:|1779834028
|move|p2a: Heatran|Magma Storm|p1a: Blissey
|-damage|p1a: Blissey|34/100
|move|p1a: Blissey|Shadow Ball|p2a: Heatran
|-damage|p2a: Heatran|34/100
|
|-damage|p1a: Blissey|21/100|[from] move: Magma Storm|[partiallytrapped]
|-end|p1a: Blissey|move: Taunt
|upkeep
|turn|55
|
|t:|1779834037
|move|p2a: Heatran|Taunt|p1a: Blissey
|-start|p1a: Blissey|move: Taunt
|cant|p1a: Blissey|move: Taunt|Soft-Boiled
|
|-end|p1a: Blissey|Magma Storm|[partiallytrapped]
|upkeep
|turn|56
|inactive|claudechamp has 120 seconds left.
|
|t:|1779834051
|switch|p1a: Pecharunt|Pecharunt|100/100
|move|p2a: Heatran|Magma Storm|p1a: Pecharunt
|-damage|p1a: Pecharunt|65/100
|-activate|p1a: Pecharunt|move: Magma Storm|[of] p2a: Heatran
|
|-damage|p1a: Pecharunt|53/100|[from] move: Magma Storm|[partiallytrapped]
|upkeep
|turn|57
|inactive|claudechamp has 120 seconds left.
|
|t:|1779834064
|move|p1a: Pecharunt|Recover|p1a: Pecharunt
|-heal|p1a: Pecharunt|100/100
|move|p2a: Heatran|Steel Beam|p1a: Pecharunt
|-damage|p1a: Pecharunt|50/100
|-damage|p2a: Heatran|0 fnt|[from] steelbeam
|faint|p2a: Heatran
|
|-end|p1a: Pecharunt|Magma Storm|[partiallytrapped]|[silent]
|upkeep
|
|t:|1779834077
|switch|p2a: Greninja|Greninja, M|72/100
|-damage|p2a: Greninja|55/100|[from] Spikes
|-damage|p2a: Greninja|43/100|[from] Stealth Rock
|turn|58
|
|t:|1779834084
|move|p2a: Greninja|Dark Pulse|p1a: Pecharunt
|-start|p2a: Greninja|typechange|Dark|[from] ability: Protean
|-supereffective|p1a: Pecharunt
|-damage|p1a: Pecharunt|0 fnt
|faint|p1a: Pecharunt
|
|upkeep
|
|t:|1779834094
|switch|p1a: Blissey|Blissey, F|21/100
|turn|59
|
|t:|1779834100
|move|p2a: Greninja|Dark Pulse|p1a: Blissey
|-damage|p1a: Blissey|5/100
|move|p1a: Blissey|Soft-Boiled|p1a: Blissey
|-heal|p1a: Blissey|55/100
|
|upkeep
|turn|60
|
|t:|1779834113
|switch|p2a: Slowking|Slowking, M|79/100
|move|p1a: Blissey|Calm Mind|p1a: Blissey
|-boost|p1a: Blissey|spa|1
|-boost|p1a: Blissey|spd|1
|
|upkeep
|turn|61
|
|t:|1779834124
|move|p1a: Blissey|Soft-Boiled|p1a: Blissey
|-heal|p1a: Blissey|100/100
|move|p2a: Slowking|Thunder Wave|p1a: Blissey
|-status|p1a: Blissey|par
|
|upkeep
|turn|62
|
|t:|1779834141
|move|p2a: Slowking|Future Sight|p1a: Blissey
|-start|p2a: Slowking|move: Future Sight
|move|p1a: Blissey|Shadow Ball|p2a: Slowking
|-supereffective|p2a: Slowking
|-damage|p2a: Slowking|55/100
|
|upkeep
|turn|63
|
|t:|1779834148
|move|p2a: Slowking|Psyshock|p1a: Blissey
|-damage|p1a: Blissey|70/100 par
|move|p1a: Blissey|Shadow Ball|p2a: Slowking
|-supereffective|p2a: Slowking
|-damage|p2a: Slowking|30/100
|
|upkeep
|turn|64
|
|t:|1779834156
|switch|p2a: Clodsire|Clodsire, F|87/100
|move|p1a: Blissey|Soft-Boiled|p1a: Blissey
|-heal|p1a: Blissey|100/100 par
|
|-end|p1a: Blissey|move: Future Sight
|-damage|p1a: Blissey|92/100 par
|upkeep
|turn|65
|
|t:|1779834165
|move|p2a: Clodsire|Earthquake|p1a: Blissey
|-damage|p1a: Blissey|65/100 par
|move|p1a: Blissey|Shadow Ball|p2a: Clodsire
|-damage|p2a: Clodsire|79/100
|
|upkeep
|turn|66
|
|t:|1779834174
|move|p2a: Clodsire|Earthquake|p1a: Blissey
|-crit|p1a: Blissey
|-damage|p1a: Blissey|21/100 par
|move|p1a: Blissey|Soft-Boiled|p1a: Blissey
|-heal|p1a: Blissey|71/100 par
|
|upkeep
|turn|67
|
|t:|1779834183
|move|p2a: Clodsire|Earthquake|p1a: Blissey
|-damage|p1a: Blissey|43/100 par
|cant|p1a: Blissey|par
|
|upkeep
|turn|68
|
|t:|1779834192
|move|p2a: Clodsire|Earthquake|p1a: Blissey
|-damage|p1a: Blissey|13/100 par
|move|p1a: Blissey|Soft-Boiled|p1a: Blissey
|-heal|p1a: Blissey|63/100 par
|
|upkeep
|turn|69
|
|t:|1779834204
|move|p2a: Clodsire|Earthquake|p1a: Blissey
|-damage|p1a: Blissey|33/100 par
|cant|p1a: Blissey|par
|
|upkeep
|turn|70
|
|t:|1779834218
|switch|p2a: Slowking|Slowking, M|63/100
|move|p1a: Blissey|Soft-Boiled|p1a: Blissey
|-heal|p1a: Blissey|83/100 par
|
|upkeep
|turn|71
|
|t:|1779834228
|move|p2a: Slowking|Psyshock|p1a: Blissey
|-damage|p1a: Blissey|56/100 par
|move|p1a: Blissey|Shadow Ball|p2a: Slowking
|-supereffective|p2a: Slowking
|-damage|p2a: Slowking|39/100
|
|upkeep
|turn|72
|
|t:|1779834235
|move|p2a: Slowking|Psyshock|p1a: Blissey
|-damage|p1a: Blissey|29/100 par
|move|p1a: Blissey|Soft-Boiled|p1a: Blissey
|-heal|p1a: Blissey|79/100 par
|
|upkeep
|turn|73
|
|t:|1779834247
|move|p2a: Slowking|Psyshock|p1a: Blissey
|-damage|p1a: Blissey|50/100 par
|move|p1a: Blissey|Shadow Ball|p2a: Slowking
|-supereffective|p2a: Slowking
|-damage|p2a: Slowking|13/100
|
|upkeep
|turn|74
|
|t:|1779834259
|move|p2a: Slowking|Psyshock|p1a: Blissey
|-damage|p1a: Blissey|22/100 par
|move|p1a: Blissey|Shadow Ball|p2a: Slowking
|-supereffective|p2a: Slowking
|-damage|p2a: Slowking|0 fnt
|faint|p2a: Slowking
|
|upkeep
|
|t:|1779834269
|switch|p2a: Greninja|Greninja, M|43/100
|-damage|p2a: Greninja|26/100|[from] Spikes
|-damage|p2a: Greninja|14/100|[from] Stealth Rock
|turn|75
|
|t:|1779834275
|-curestatus|p1a: Blissey|par|[from] ability: Natural Cure|[silent]
|switch|p1a: Skarmory|Skarmory, M|85/100
|-damage|p1a: Skarmory|73/100|[from] Stealth Rock
|move|p2a: Greninja|Dark Pulse|p1a: Skarmory
|-start|p2a: Greninja|typechange|Dark|[from] ability: Protean
|-damage|p1a: Skarmory|0 fnt
|faint|p1a: Skarmory
|
|upkeep
|
|t:|1779834285
|switch|p1a: Zamazenta|Zamazenta|71/100 par
|turn|76
|
|t:|1779834290
|move|p2a: Greninja|Dark Pulse|p1a: Zamazenta
|-resisted|p1a: Zamazenta
|-damage|p1a: Zamazenta|47/100 par
|move|p1a: Zamazenta|Crunch|p2a: Greninja
|-resisted|p2a: Greninja
|-damage|p2a: Greninja|0 fnt
|faint|p2a: Greninja
|
|upkeep
|
|t:|1779834301
|switch|p2a: Pecharunt|Pecharunt|53/100
|turn|77
|
|t:|1779834311
|move|p2a: Pecharunt|Recover|p2a: Pecharunt
|-heal|p2a: Pecharunt|100/100
|move|p1a: Zamazenta|Crunch|p2a: Pecharunt
|-supereffective|p2a: Pecharunt
|-damage|p2a: Pecharunt|76/100
|
|upkeep
|turn|78
|
|t:|1779834321
|move|p2a: Pecharunt|Parting Shot|p1a: Zamazenta
|-unboost|p1a: Zamazenta|atk|1
|-unboost|p1a: Zamazenta|spa|1
|
|t:|1779834325
|switch|p2a: Clodsire|Clodsire, F|79/100|[from] Parting Shot
|move|p1a: Zamazenta|Ice Fang|p2a: Clodsire
|-supereffective|p2a: Clodsire
|-damage|p2a: Clodsire|34/100
|
|upkeep
|turn|79
|
|t:|1779834336
|cant|p1a: Zamazenta|par
|move|p2a: Clodsire|Recover|p2a: Clodsire
|-heal|p2a: Clodsire|84/100
|
|upkeep
|turn|80
|
|t:|1779834348
|switch|p1a: Gholdengo|Gholdengo, tera:Fairy|60/100
|-damage|p1a: Gholdengo|35/100|[from] Spikes
|-damage|p1a: Gholdengo|22/100|[from] Stealth Rock
|move|p2a: Clodsire|Recover|p2a: Clodsire
|-heal|p2a: Clodsire|100/100
|
|upkeep
|turn|81
|
|t:|1779834360
|switch|p2a: Pecharunt|Pecharunt|76/100
|move|p1a: Gholdengo|Hex|p2a: Pecharunt
|-supereffective|p2a: Pecharunt
|-damage|p2a: Pecharunt|17/100
|
|upkeep
|turn|82
|
|t:|1779834371
|move|p1a: Gholdengo|Thunder Wave|p2a: Pecharunt
|-status|p2a: Pecharunt|par
|move|p2a: Pecharunt|Malignant Chain|p1a: Gholdengo
|-supereffective|p1a: Gholdengo
|-damage|p1a: Gholdengo|0 fnt
|faint|p1a: Gholdengo
|
|upkeep
|
|t:|1779834377
|switch|p1a: Zamazenta|Zamazenta|47/100 par
|turn|83
|
|t:|1779834385
|cant|p1a: Zamazenta|par
|cant|p2a: Pecharunt|par
|
|upkeep
|turn|84
|
|t:|1779834389
|cant|p1a: Zamazenta|par
|move|p2a: Pecharunt|Recover|p2a: Pecharunt
|-heal|p2a: Pecharunt|67/100 par
|
|upkeep
|turn|85
|
|t:|1779834401
|move|p1a: Zamazenta|Crunch|p2a: Pecharunt
|-supereffective|p2a: Pecharunt
|-damage|p2a: Pecharunt|40/100 par
|cant|p2a: Pecharunt|par
|
|upkeep
|turn|86
|
|t:|1779834411
|switch|p1a: Blissey|Blissey, F|22/100
|move|p2a: Pecharunt|Recover|p2a: Pecharunt
|-heal|p2a: Pecharunt|90/100 par
|
|upkeep
|turn|87
|
|t:|1779834424
|move|p1a: Blissey|Shadow Ball|p2a: Pecharunt
|-supereffective|p2a: Pecharunt
|-crit|p2a: Pecharunt
|-damage|p2a: Pecharunt|49/100 par
|cant|p2a: Pecharunt|par
|
|upkeep
|turn|88
|
|t:|1779834437
|move|p1a: Blissey|Calm Mind|p1a: Blissey
|-boost|p1a: Blissey|spa|1
|-boost|p1a: Blissey|spd|1
|cant|p2a: Pecharunt|par
|
|upkeep
|turn|89
|
|t:|1779834447
|move|p1a: Blissey|Shadow Ball|p2a: Pecharunt
|-supereffective|p2a: Pecharunt
|-crit|p2a: Pecharunt
|-damage|p2a: Pecharunt|0 fnt
|faint|p2a: Pecharunt
|
|upkeep
|
|t:|1779834452
|switch|p2a: Clodsire|Clodsire, F|100/100
|turn|90
|
|t:|1779834460
|switch|p1a: Zamazenta|Zamazenta|47/100 par
|move|p2a: Clodsire|Toxic||[still]
|-fail|p2a: Clodsire
|
|upkeep
|turn|91
|-message|Kolo22 forfeited.
|
|win|claudechamp
|raw|claudechamp's rating: 1266 &rarr; <strong>1301</strong><br />(+35 for winning)
|raw|Kolo22's rating: 1405 &rarr; <strong>1377</strong><br />(-28 for losing)
|l|☆Kolo22
|player|p2|
|c|☆claudechamp|gg
