|j|☆randomcan42
|j|☆genesis lotus iv
|t:|1779891219
|gametype|singles
|player|p1|randomcan42|1|1366
|player|p2|genesis lotus iv|eusine|1440
|gen|9
|tier|[Gen 9] OU
|rated|
|rule|HP Percentage Mod: HP is shown in percentages
|rule|Endless Battle Clause: Forcing endless battles is banned
|rule|Species Clause: Limit one of each Pokémon
|rule|OHKO Clause: OHKO moves are banned
|rule|Evasion Items Clause: Evasion items are banned
|rule|Evasion Moves Clause: Evasion moves are banned
|rule|Evasion Abilities Clause: Evasion abilities are banned
|rule|Sleep Moves Clause: Sleep-inducing moves are banned
|clearpoke
|poke|p1|Hatterene, F|
|poke|p1|Dragonite, M|
|poke|p1|Alomomola, M|
|poke|p1|Raichu, F|
|poke|p1|Dragapult, F|
|poke|p1|Great Tusk|
|poke|p2|Slowking-Galar, M|
|poke|p2|Great Tusk|
|poke|p2|Kyurem|
|poke|p2|Kingambit, M|
|poke|p2|Cinderace, F|
|poke|p2|Zapdos|
|teampreview
|inactive|Battle timer is ON: inactive players will automatically lose when time's up. (requested by genesis lotus iv)
|
|t:|1779891246
|teamsize|p1|6
|teamsize|p2|6
|start
|switch|p1a: Raichu|Raichu, F|100/100
|switch|p2a: Zapdos|Zapdos|100/100
|turn|1
|
|t:|1779891255
|move|p1a: Raichu|Volt Switch|p2a: Zapdos
|-damage|p2a: Zapdos|58/100
|
|t:|1779891264
|switch|p1a: Hatterene|Hatterene, F, shiny|100/100|[from] Volt Switch
|move|p2a: Zapdos|Volt Switch|p1a: Hatterene
|-damage|p1a: Hatterene|69/100
|
|t:|1779891271
|switch|p2a: Slowking|Slowking-Galar, M|100/100|[from] Volt Switch
|
|-heal|p1a: Hatterene|75/100|[from] item: Leftovers
|upkeep
|turn|2
|
|t:|1779891276
|move|p1a: Hatterene|Nuzzle|p2a: Slowking
|-damage|p2a: Slowking|96/100
|-status|p2a: Slowking|par
|cant|p2a: Slowking|par
|
|-heal|p1a: Hatterene|81/100|[from] item: Leftovers
|upkeep
|turn|3
|
|t:|1779891287
|move|p1a: Hatterene|Mystical Fire|p2a: Slowking
|-damage|p2a: Slowking|82/100 par
|-unboost|p2a: Slowking|spa|1
|move|p2a: Slowking|Future Sight|p1a: Hatterene
|-start|p2a: Slowking|move: Future Sight
|
|-heal|p1a: Hatterene|87/100|[from] item: Leftovers
|upkeep
|turn|4
|
|t:|1779891290
|move|p1a: Hatterene|Mystical Fire|p2a: Slowking
|-damage|p2a: Slowking|68/100 par
|-unboost|p2a: Slowking|spa|1
|-prepare|p2a: Slowking|Chilly Reception|[premajor]
|move|p2a: Slowking|Chilly Reception|p2a: Slowking
|-weather|Snowscape
|
|t:|1779891293
|switch|p2a: Kyurem|Kyurem|100/100|[from] Chilly Reception
|-ability|p2a: Kyurem|Pressure
|
|-weather|Snowscape|[upkeep]
|-heal|p1a: Hatterene|93/100|[from] item: Leftovers
|upkeep
|turn|5
|
|t:|1779891301
|move|p2a: Kyurem|Freeze-Dry|p1a: Hatterene
|-damage|p1a: Hatterene|35/100
|move|p1a: Hatterene|Draining Kiss|p2a: Kyurem
|-supereffective|p2a: Kyurem
|-damage|p2a: Kyurem|62/100
|-heal|p1a: Hatterene|71/100|[from] drain|[of] p2a: Kyurem
|
|-weather|Snowscape|[upkeep]
|-end|p1a: Hatterene|move: Future Sight
|-resisted|p1a: Hatterene
|-damage|p1a: Hatterene|48/100
|-heal|p1a: Hatterene|54/100|[from] item: Leftovers
|upkeep
|turn|6
|
|t:|1779891305
|move|p2a: Kyurem|Freeze-Dry|p1a: Hatterene
|-crit|p1a: Hatterene
|-damage|p1a: Hatterene|0 fnt
|faint|p1a: Hatterene
|
|-weather|Snowscape|[upkeep]
|upkeep
|
|t:|1779891317
|switch|p1a: Dragapult|Dragapult, F|100/100
|turn|7
|
|t:|1779891321
|switch|p2a: Zapdos|Zapdos|58/100
|move|p1a: Dragapult|Dragon Darts|p2a: Zapdos
|-damage|p2a: Zapdos|31/100
|-anim|p1a: Dragapult|Dragon Darts|p2a: Zapdos
|-damage|p2a: Zapdos|3/100
|
|-weather|Snowscape|[upkeep]
|upkeep
|turn|8
|
|t:|1779891324
|move|p1a: Dragapult|Dragon Darts|p2a: Zapdos
|-damage|p2a: Zapdos|0 fnt
|faint|p2a: Zapdos
|
|-weather|none
|upkeep
|
|t:|1779891327
|switch|p2a: Kingambit|Kingambit, M|100/100
|-activate|p2a: Kingambit|ability: Supreme Overlord
|-start|p2a: Kingambit|fallen1|[silent]
|turn|9
|
|t:|1779891336
|switch|p1a: Alomomola|Alomomola, M|100/100
|move|p2a: Kingambit|Swords Dance|p2a: Kingambit
|-boost|p2a: Kingambit|atk|2
|
|upkeep
|turn|10
|
|t:|1779891339
|move|p1a: Alomomola|Scald|p2a: Kingambit
|-damage|p2a: Kingambit|85/100
|move|p2a: Kingambit|Iron Head|p1a: Alomomola
|-resisted|p1a: Alomomola
|-damage|p1a: Alomomola|74/100
|-damage|p2a: Kingambit|69/100|[from] item: Rocky Helmet|[of] p1a: Alomomola
|
|-heal|p2a: Kingambit|75/100|[from] item: Leftovers
|upkeep
|turn|11
|
|t:|1779891346
|-end|p2a: Kingambit|fallen1|[silent]
|switch|p2a: Slowking|Slowking-Galar, M|100/100 par
|move|p1a: Alomomola|Flip Turn|p2a: Slowking
|-damage|p2a: Slowking|86/100 par
|
|t:|1779891348
|switch|p1a: Dragapult|Dragapult, F|100/100|[from] Flip Turn
|
|upkeep
|turn|12
|
|t:|1779891353
|move|p1a: Dragapult|Dragon Darts|p2a: Slowking
|-damage|p2a: Slowking|47/100 par
|-anim|p1a: Dragapult|Dragon Darts|p2a: Slowking
|-damage|p2a: Slowking|11/100 par
|move|p2a: Slowking|Thunder Wave|p1a: Dragapult
|-status|p1a: Dragapult|par
|
|upkeep
|turn|13
|
|t:|1779891359
|cant|p1a: Dragapult|par
|move|p2a: Slowking|Future Sight|p1a: Dragapult
|-start|p2a: Slowking|move: Future Sight
|
|upkeep
|turn|14
|
|t:|1779891363
|cant|p1a: Dragapult|par
|-prepare|p2a: Slowking|Chilly Reception|[premajor]
|move|p2a: Slowking|Chilly Reception|p2a: Slowking
|-weather|Snowscape
|
|t:|1779891366
|switch|p2a: Kyurem|Kyurem|62/100|[from] Chilly Reception
|-ability|p2a: Kyurem|Pressure
|
|-weather|Snowscape|[upkeep]
|upkeep
|turn|15
|
|t:|1779891370
|move|p2a: Kyurem|Freeze-Dry|p1a: Dragapult
|-supereffective|p1a: Dragapult
|-damage|p1a: Dragapult|0 fnt
|faint|p1a: Dragapult
|
|-weather|Snowscape|[upkeep]
|-hint|Future Sight did not hit because the target is fainted.
|upkeep
|
|t:|1779891374
|switch|p1a: Raichu|Raichu, F|100/100
|turn|16
|
|t:|1779891379
|move|p1a: Raichu|Alluring Voice|p2a: Kyurem
|-supereffective|p2a: Kyurem
|-damage|p2a: Kyurem|0 fnt
|faint|p2a: Kyurem
|
|-weather|Snowscape|[upkeep]
|upkeep
|
|t:|1779891389
|switch|p2a: Slowking|Slowking-Galar, M|44/100 par
|turn|17
|
|t:|1779891393
|switch|p1a: Great Tusk|Great Tusk|100/100
|cant|p2a: Slowking|par
|
|-weather|Snowscape|[upkeep]
|upkeep
|turn|18
|
|t:|1779891402
|switch|p2a: Great Tusk|Great Tusk|100/100
|move|p1a: Great Tusk|Earthquake|p2a: Great Tusk
|-damage|p2a: Great Tusk|63/100
|
|-weather|none
|-heal|p2a: Great Tusk|69/100|[from] item: Leftovers
|upkeep
|turn|19
|
|t:|1779891406
|move|p2a: Great Tusk|Ice Spinner|p1a: Great Tusk
|-supereffective|p1a: Great Tusk
|-crit|p1a: Great Tusk
|-damage|p1a: Great Tusk|49/100
|move|p1a: Great Tusk|Ice Spinner|p2a: Great Tusk
|-supereffective|p2a: Great Tusk
|-damage|p2a: Great Tusk|26/100
|
|-heal|p2a: Great Tusk|32/100|[from] item: Leftovers
|upkeep
|turn|20
|
|t:|1779891416
|-terastallize|p2a: Great Tusk|Ice
|move|p2a: Great Tusk|Ice Spinner|p1a: Great Tusk
|-supereffective|p1a: Great Tusk
|-crit|p1a: Great Tusk
|-damage|p1a: Great Tusk|0 fnt
|faint|p1a: Great Tusk
|-end|p1a: Great Tusk|Protosynthesis|[silent]
|
|-heal|p2a: Great Tusk|38/100|[from] item: Leftovers
|upkeep
|
|t:|1779891422
|switch|p1a: Raichu|Raichu, F|100/100
|turn|21
|
|t:|1779891430
|-end|p2a: Great Tusk|Protosynthesis|[silent]
|switch|p2a: Slowking|Slowking-Galar, M|77/100 par
|move|p1a: Raichu|Thunderbolt|p2a: Slowking
|-damage|p2a: Slowking|41/100 par
|
|upkeep
|turn|22
|
|t:|1779891434
|move|p1a: Raichu|Thunderbolt|p2a: Slowking
|-damage|p2a: Slowking|2/100 par
|move|p2a: Slowking|Future Sight|p1a: Raichu
|-start|p2a: Slowking|move: Future Sight
|
|upkeep
|turn|23
|
|t:|1779891439
|move|p1a: Raichu|Thunderbolt|p2a: Slowking
|-damage|p2a: Slowking|0 fnt
|faint|p2a: Slowking
|
|upkeep
|
|t:|1779891446
|switch|p2a: Great Tusk|Great Tusk, tera:Ice|38/100
|turn|24
|
|t:|1779891453
|switch|p1a: Alomomola|Alomomola, M|100/100
|move|p2a: Great Tusk|Ice Spinner|p1a: Alomomola
|-resisted|p1a: Alomomola
|-damage|p1a: Alomomola|90/100
|-damage|p2a: Great Tusk|22/100|[from] item: Rocky Helmet|[of] p1a: Alomomola
|
|-end|p1a: Alomomola|move: Future Sight
|-damage|p1a: Alomomola|39/100
|-heal|p2a: Great Tusk|28/100|[from] item: Leftovers
|upkeep
|turn|25
|
|t:|1779891464
|move|p2a: Great Tusk|Headlong Rush|p1a: Alomomola
|-damage|p1a: Alomomola|8/100
|-unboost|p2a: Great Tusk|def|1
|-unboost|p2a: Great Tusk|spd|1
|-damage|p2a: Great Tusk|11/100|[from] item: Rocky Helmet|[of] p1a: Alomomola
|move|p1a: Alomomola|Wish|p1a: Alomomola
|
|-heal|p2a: Great Tusk|17/100|[from] item: Leftovers
|upkeep
|turn|26
|
|t:|1779891477
|move|p1a: Alomomola|Protect|p1a: Alomomola
|-singleturn|p1a: Alomomola|Protect
|move|p2a: Great Tusk|Ice Spinner|p1a: Alomomola
|-activate|p1a: Alomomola|move: Protect
|
|-heal|p1a: Alomomola|58/100|[from] move: Wish|[wisher] Alomomola
|-heal|p2a: Great Tusk|24/100|[from] item: Leftovers
|upkeep
|turn|27
|
|t:|1779891485
|move|p2a: Great Tusk|Close Combat|p1a: Alomomola
|-damage|p1a: Alomomola|28/100
|-unboost|p2a: Great Tusk|def|1
|-unboost|p2a: Great Tusk|spd|1
|-damage|p2a: Great Tusk|7/100|[from] item: Rocky Helmet|[of] p1a: Alomomola
|move|p1a: Alomomola|Wish|p1a: Alomomola
|
|-heal|p2a: Great Tusk|13/100|[from] item: Leftovers
|upkeep
|turn|28
|
|t:|1779891493
|-end|p2a: Great Tusk|Protosynthesis|[silent]
|switch|p2a: Kingambit|Kingambit, M|75/100
|-activate|p2a: Kingambit|ability: Supreme Overlord
|-start|p2a: Kingambit|fallen3|[silent]
|move|p1a: Alomomola|Protect||[still]
|-fail|p1a: Alomomola
|
|-heal|p1a: Alomomola|78/100|[from] move: Wish|[wisher] Alomomola
|-heal|p2a: Kingambit|81/100|[from] item: Leftovers
|upkeep
|turn|29
|
|t:|1779891495
|move|p1a: Alomomola|Scald|p2a: Kingambit
|-damage|p2a: Kingambit|68/100
|-status|p2a: Kingambit|brn
|move|p2a: Kingambit|Swords Dance|p2a: Kingambit
|-boost|p2a: Kingambit|atk|2
|
|-heal|p2a: Kingambit|74/100 brn|[from] item: Leftovers
|-damage|p2a: Kingambit|68/100 brn|[from] brn
|upkeep
|turn|30
|
|t:|1779891501
|move|p1a: Alomomola|Flip Turn|p2a: Kingambit
|-damage|p2a: Kingambit|56/100 brn
|
|t:|1779891503
|switch|p1a: Dragonite|Dragonite, M|100/100|[from] Flip Turn
|move|p2a: Kingambit|Swords Dance|p2a: Kingambit
|-boost|p2a: Kingambit|atk|2
|
|-heal|p2a: Kingambit|62/100 brn|[from] item: Leftovers
|-damage|p2a: Kingambit|56/100 brn|[from] brn
|upkeep
|turn|31
|
|t:|1779891507
|move|p1a: Dragonite|Earthquake|p2a: Kingambit
|-supereffective|p2a: Kingambit
|-damage|p2a: Kingambit|8/100 brn
|move|p2a: Kingambit|Iron Head|p1a: Dragonite
|-damage|p1a: Dragonite|68/100
|
|-heal|p1a: Dragonite|74/100|[from] item: Leftovers
|-heal|p2a: Kingambit|15/100 brn|[from] item: Leftovers
|-damage|p2a: Kingambit|8/100 brn|[from] brn
|upkeep
|turn|32
|
|t:|1779891513
|move|p2a: Kingambit|Sucker Punch||[still]
|-fail|p2a: Kingambit
|move|p1a: Dragonite|Roost|p1a: Dragonite
|-heal|p1a: Dragonite|100/100
|-singleturn|p1a: Dragonite|move: Roost
|
|-heal|p2a: Kingambit|15/100 brn|[from] item: Leftovers
|-damage|p2a: Kingambit|8/100 brn|[from] brn
|upkeep
|turn|33
|
|t:|1779891520
|move|p2a: Kingambit|Sucker Punch||[still]
|-fail|p2a: Kingambit
|move|p1a: Dragonite|Dragon Dance|p1a: Dragonite
|-boost|p1a: Dragonite|atk|1
|-boost|p1a: Dragonite|spe|1
|
|-heal|p2a: Kingambit|15/100 brn|[from] item: Leftovers
|-damage|p2a: Kingambit|8/100 brn|[from] brn
|upkeep
|turn|34
|
|t:|1779891528
|move|p1a: Dragonite|Earthquake|p2a: Kingambit
|-supereffective|p2a: Kingambit
|-damage|p2a: Kingambit|0 fnt
|faint|p2a: Kingambit
|-end|p2a: Kingambit|fallen3|[silent]
|
|upkeep
|
|t:|1779891531
|switch|p2a: Great Tusk|Great Tusk, tera:Ice|13/100
|turn|35
|-message|genesis lotus iv forfeited.
|
|win|randomcan42
|raw|randomcan42's rating: 1366 &rarr; <strong>1390</strong><br />(+24 for winning)
|raw|genesis lotus iv's rating: 1440 &rarr; <strong>1416</strong><br />(-24 for losing)
|l|☆genesis lotus iv
|player|p2|
|l|☆randomcan42
|player|p1|
