|j|☆claudechamp
|j|☆2(sweet)
|t:|1779857750
|gametype|singles
|player|p1|claudechamp|169|1301
|player|p2|2(sweet)|1|1225
|gen|9
|tier|[Gen 9] OU
|rated|
|rule|HP Percentage Mod: HP is shown in percentages
|rule|Endless Battle Clause: Forcing endless battles is banned
|rule|Species Clause: Limit one of each Pokémon
|rule|OHKO Clause: OHKO moves are banned
|rule|Evasion Items Clause: Evasion items are banned
|rule|Evasion Moves Clause: Evasion moves are banned
|rule|Evasion Abilities Clause: Evasion abilities are banned
|rule|Sleep Moves Clause: Sleep-inducing moves are banned
|clearpoke
|poke|p1|Corviknight, M|
|poke|p1|Ting-Lu|
|poke|p1|Kyurem|
|poke|p1|Dondozo, F|
|poke|p1|Slowking-Galar, F|
|poke|p1|Cinderace, F|
|poke|p2|Iron Moth|
|poke|p2|Walking Wake|
|poke|p2|Pincurchin, F|
|poke|p2|Raging Bolt|
|poke|p2|Iron Valiant|
|poke|p2|Great Tusk|
|teampreview
|c|☆claudechamp|hf
|inactive|Battle timer is ON: inactive players will automatically lose when time's up. (requested by claudechamp)
|inactive|2(sweet) has 120 seconds left.
|
|t:|1779857787
|teamsize|p1|6
|teamsize|p2|6
|start
|switch|p1a: Cinderace|Cinderace, F|100/100
|switch|p2a: Walking Wake|Walking Wake|100/100
|turn|1
|
|t:|1779857792
|switch|p1a: Kyurem|Kyurem|100/100
|-ability|p1a: Kyurem|Pressure
|move|p2a: Walking Wake|Sunny Day|p2a: Walking Wake
|-weather|SunnyDay
|-activate|p2a: Walking Wake|ability: Protosynthesis
|-start|p2a: Walking Wake|protosynthesisspe
|
|-weather|SunnyDay|[upkeep]
|upkeep
|turn|2
|inactive|2(sweet) has 120 seconds left.
|
|t:|1779857837
|-terastallize|p2a: Walking Wake|Steel
|move|p2a: Walking Wake|Dragon Pulse|p1a: Kyurem
|-supereffective|p1a: Kyurem
|-damage|p1a: Kyurem|4/100
|-damage|p2a: Walking Wake|91/100|[from] item: Life Orb
|move|p1a: Kyurem|Freeze-Dry|p2a: Walking Wake
|-resisted|p2a: Walking Wake
|-crit|p2a: Walking Wake
|-damage|p2a: Walking Wake|62/100
|
|-weather|SunnyDay|[upkeep]
|-heal|p1a: Kyurem|10/100|[from] item: Leftovers
|upkeep
|turn|3
|
|t:|1779857844
|switch|p1a: Dondozo|Dondozo, F|100/100
|move|p2a: Walking Wake|Hydro Steam|p1a: Dondozo
|-resisted|p1a: Dondozo
|-damage|p1a: Dondozo|75/100
|-damage|p2a: Walking Wake|52/100|[from] item: Life Orb
|
|-weather|SunnyDay|[upkeep]
|-heal|p1a: Dondozo|81/100|[from] item: Leftovers
|upkeep
|turn|4
|
|t:|1779857847
|-end|p2a: Walking Wake|Protosynthesis|[silent]
|switch|p2a: Pincurchin|Pincurchin, F|100/100
|-fieldstart|move: Electric Terrain|[from] ability: Electric Surge|[of] p2a: Pincurchin
|move|p1a: Dondozo|Body Press|p2a: Pincurchin
|-damage|p2a: Pincurchin|74/100
|
|-weather|SunnyDay|[upkeep]
|-heal|p1a: Dondozo|87/100|[from] item: Leftovers
|upkeep
|turn|5
|inactive|2(sweet) has 120 seconds left.
|
|t:|1779857869
|switch|p2a: Great Tusk|Great Tusk|100/100
|-activate|p2a: Great Tusk|ability: Protosynthesis
|-start|p2a: Great Tusk|protosynthesisatk
|move|p1a: Dondozo|Curse|p1a: Dondozo
|-unboost|p1a: Dondozo|spe|1
|-boost|p1a: Dondozo|atk|1
|-boost|p1a: Dondozo|def|1
|
|-weather|none
|-end|p2a: Great Tusk|Protosynthesis
|-heal|p1a: Dondozo|93/100|[from] item: Leftovers
|upkeep
|turn|6
|
|t:|1779857873
|-end|p2a: Great Tusk|Protosynthesis|[silent]
|switch|p2a: Raging Bolt|Raging Bolt|100/100
|move|p1a: Dondozo|Waterfall|p2a: Raging Bolt
|-resisted|p2a: Raging Bolt
|-damage|p2a: Raging Bolt|81/100
|
|-heal|p1a: Dondozo|99/100|[from] item: Leftovers
|upkeep
|turn|7
|
|t:|1779857883
|move|p2a: Raging Bolt|Rising Voltage|p1a: Dondozo
|-hint|Rising Voltage's BP doubled on grounded target.
|-supereffective|p1a: Dondozo
|-damage|p1a: Dondozo|0 fnt
|faint|p1a: Dondozo
|-damage|p2a: Raging Bolt|71/100|[from] item: Life Orb
|
|upkeep
|
|t:|1779857886
|switch|p1a: Kyurem|Kyurem|10/100
|-ability|p1a: Kyurem|Pressure
|turn|8
|
|t:|1779857895
|-terastallize|p1a: Kyurem|Ground
|move|p2a: Raging Bolt|Thunderclap|p1a: Kyurem
|-immune|p1a: Kyurem
|move|p1a: Kyurem|Earth Power|p2a: Raging Bolt
|-supereffective|p2a: Raging Bolt
|-damage|p2a: Raging Bolt|0 fnt
|faint|p2a: Raging Bolt
|-end|p2a: Raging Bolt|Protosynthesis|[silent]
|
|-heal|p1a: Kyurem|16/100|[from] item: Leftovers
|upkeep
|
|t:|1779857900
|switch|p2a: Iron Moth|Iron Moth|100/100
|-activate|p2a: Iron Moth|ability: Quark Drive
|-start|p2a: Iron Moth|quarkdrivespe
|turn|9
|
|t:|1779857910
|move|p2a: Iron Moth|Fiery Dance|p1a: Kyurem
|-damage|p1a: Kyurem|0 fnt
|-boost|p2a: Iron Moth|spa|1
|faint|p1a: Kyurem
|-damage|p2a: Iron Moth|91/100|[from] item: Life Orb
|
|upkeep
|
|t:|1779857914
|switch|p1a: Ting-Lu|Ting-Lu|100/100
|-ability|p1a: Ting-Lu|Vessel of Ruin
|turn|10
|
|t:|1779857926
|move|p2a: Iron Moth|Energy Ball|p1a: Ting-Lu
|-supereffective|p1a: Ting-Lu
|-damage|p1a: Ting-Lu|50/100
|-damage|p2a: Iron Moth|81/100|[from] item: Life Orb
|move|p1a: Ting-Lu|Earthquake|p2a: Iron Moth
|-supereffective|p2a: Iron Moth
|-damage|p2a: Iron Moth|0 fnt
|faint|p2a: Iron Moth
|-end|p2a: Iron Moth|Quark Drive|[silent]
|
|-heal|p1a: Ting-Lu|57/100|[from] item: Leftovers
|upkeep
|
|t:|1779857931
|switch|p2a: Iron Valiant|Iron Valiant|100/100
|-activate|p2a: Iron Valiant|ability: Quark Drive
|-start|p2a: Iron Valiant|quarkdrivespe
|turn|11
|
|t:|1779857941
|move|p2a: Iron Valiant|Close Combat|p1a: Ting-Lu
|-supereffective|p1a: Ting-Lu
|-damage|p1a: Ting-Lu|0 fnt
|-unboost|p2a: Iron Valiant|def|1
|-unboost|p2a: Iron Valiant|spd|1
|faint|p1a: Ting-Lu
|-damage|p2a: Iron Valiant|90/100|[from] item: Life Orb
|
|-fieldend|move: Electric Terrain
|-end|p2a: Iron Valiant|Quark Drive
|upkeep
|
|t:|1779857949
|switch|p1a: Cinderace|Cinderace, F|100/100
|turn|12
|
|t:|1779857953
|-end|p2a: Iron Valiant|Quark Drive|[silent]
|switch|p2a: Great Tusk|Great Tusk|100/100
|move|p1a: Cinderace|Pyro Ball|p2a: Great Tusk
|-damage|p2a: Great Tusk|65/100
|-status|p2a: Great Tusk|brn
|
|-heal|p2a: Great Tusk|71/100 brn|[from] item: Leftovers
|-damage|p2a: Great Tusk|65/100 brn|[from] brn
|upkeep
|turn|13
|
|t:|1779857963
|move|p1a: Cinderace|U-turn|p2a: Great Tusk
|-resisted|p2a: Great Tusk
|-damage|p2a: Great Tusk|58/100 brn
|
|t:|1779857971
|switch|p1a: Corviknight|Corviknight, M|100/100|[from] U-turn
|-ability|p1a: Corviknight|Pressure
|move|p2a: Great Tusk|Earthquake|p1a: Corviknight
|-immune|p1a: Corviknight
|
|-heal|p2a: Great Tusk|64/100 brn|[from] item: Leftovers
|-damage|p2a: Great Tusk|58/100 brn|[from] brn
|upkeep
|turn|14
|
|t:|1779857981
|-end|p2a: Great Tusk|Protosynthesis|[silent]
|switch|p2a: Pincurchin|Pincurchin, F|74/100
|-fieldstart|move: Electric Terrain|[from] ability: Electric Surge|[of] p2a: Pincurchin
|move|p1a: Corviknight|Brave Bird|p2a: Pincurchin
|-resisted|p2a: Pincurchin
|-damage|p2a: Pincurchin|53/100
|-damage|p1a: Corviknight|95/100|[from] Recoil
|
|upkeep
|turn|15
|
|t:|1779857992
|move|p1a: Corviknight|U-turn|p2a: Pincurchin
|-damage|p2a: Pincurchin|35/100
|
|t:|1779857997
|switch|p1a: Cinderace|Cinderace, F|100/100|[from] U-turn
|move|p2a: Pincurchin|Thunder Wave|p1a: Cinderace
|-status|p1a: Cinderace|par
|
|upkeep
|turn|16
|
|t:|1779858007
|cant|p1a: Cinderace|par
|move|p2a: Pincurchin|Thunderbolt|p1a: Cinderace
|-damage|p1a: Cinderace|50/100 par
|
|upkeep
|turn|17
|
|t:|1779858012
|move|p1a: Cinderace|Pyro Ball|p2a: Pincurchin
|-damage|p2a: Pincurchin|0 fnt
|faint|p2a: Pincurchin
|
|upkeep
|
|t:|1779858017
|switch|p2a: Iron Valiant|Iron Valiant|90/100
|-activate|p2a: Iron Valiant|ability: Quark Drive
|-start|p2a: Iron Valiant|quarkdrivespe
|turn|18
|
|t:|1779858026
|switch|p1a: Slowking|Slowking-Galar, F|100/100
|move|p2a: Iron Valiant|Close Combat|p1a: Slowking
|-resisted|p1a: Slowking
|-damage|p1a: Slowking|88/100
|-unboost|p2a: Iron Valiant|def|1
|-unboost|p2a: Iron Valiant|spd|1
|-damage|p2a: Iron Valiant|80/100|[from] item: Life Orb
|
|upkeep
|turn|19
|
|t:|1779858036
|move|p2a: Iron Valiant|Knock Off|p1a: Slowking
|-supereffective|p1a: Slowking
|-damage|p1a: Slowking|39/100
|-enditem|p1a: Slowking|Shuca Berry|[from] move: Knock Off|[of] p2a: Iron Valiant
|-damage|p2a: Iron Valiant|70/100|[from] item: Life Orb
|move|p1a: Slowking|Ice Beam|p2a: Iron Valiant
|-damage|p2a: Iron Valiant|0 fnt
|faint|p2a: Iron Valiant
|-end|p2a: Iron Valiant|Quark Drive|[silent]
|
|upkeep
|
|t:|1779858043
|switch|p2a: Walking Wake|Walking Wake, tera:Steel|52/100
|turn|20
|
|t:|1779858048
|switch|p1a: Cinderace|Cinderace, F|50/100 par
|move|p2a: Walking Wake|Sunny Day|p2a: Walking Wake
|-weather|SunnyDay
|-activate|p2a: Walking Wake|ability: Protosynthesis
|-start|p2a: Walking Wake|protosynthesisspe
|
|-weather|SunnyDay|[upkeep]
|upkeep
|turn|21
|
|t:|1779858056
|move|p2a: Walking Wake|Hydro Steam|p1a: Cinderace
|-supereffective|p1a: Cinderace
|-damage|p1a: Cinderace|0 fnt
|faint|p1a: Cinderace
|-damage|p2a: Walking Wake|42/100|[from] item: Life Orb
|
|-weather|SunnyDay|[upkeep]
|-fieldend|move: Electric Terrain
|upkeep
|
|t:|1779858065
|switch|p1a: Slowking|Slowking-Galar, F|73/100
|turn|22
|
|t:|1779858074
|-end|p2a: Walking Wake|Protosynthesis|[silent]
|switch|p2a: Great Tusk|Great Tusk|58/100 brn
|-activate|p2a: Great Tusk|ability: Protosynthesis
|-start|p2a: Great Tusk|protosynthesisatk
|-prepare|p1a: Slowking|Chilly Reception|[premajor]
|move|p1a: Slowking|Chilly Reception|p1a: Slowking
|-weather|Snowscape
|-end|p2a: Great Tusk|Protosynthesis
|
|t:|1779858084
|switch|p1a: Corviknight|Corviknight, M|95/100|[from] Chilly Reception
|-ability|p1a: Corviknight|Pressure
|
|-weather|Snowscape|[upkeep]
|-heal|p2a: Great Tusk|64/100 brn|[from] item: Leftovers
|-damage|p2a: Great Tusk|58/100 brn|[from] brn
|upkeep
|turn|23
|
|t:|1779858099
|move|p2a: Great Tusk|Close Combat|p1a: Corviknight
|-damage|p1a: Corviknight|75/100
|-unboost|p2a: Great Tusk|def|1
|-unboost|p2a: Great Tusk|spd|1
|-damage|p2a: Great Tusk|42/100 brn|[from] item: Rocky Helmet|[of] p1a: Corviknight
|move|p1a: Corviknight|Brave Bird|p2a: Great Tusk
|-supereffective|p2a: Great Tusk
|-damage|p2a: Great Tusk|0 fnt
|faint|p2a: Great Tusk
|-end|p2a: Great Tusk|Protosynthesis|[silent]
|-damage|p1a: Corviknight|62/100|[from] Recoil
|
|-weather|Snowscape|[upkeep]
|upkeep
|
|t:|1779858103
|switch|p2a: Walking Wake|Walking Wake, tera:Steel|42/100
|turn|24
|
|t:|1779858118
|move|p2a: Walking Wake|Flamethrower|p1a: Corviknight
|-supereffective|p1a: Corviknight
|-damage|p1a: Corviknight|0 fnt
|faint|p1a: Corviknight
|-damage|p2a: Walking Wake|32/100|[from] item: Life Orb
|
|-weather|Snowscape|[upkeep]
|upkeep
|
|t:|1779858123
|switch|p1a: Slowking|Slowking-Galar, F|100/100
|turn|25
|
|t:|1779858139
|move|p2a: Walking Wake|Sunny Day|p2a: Walking Wake
|-weather|SunnyDay
|-activate|p2a: Walking Wake|ability: Protosynthesis
|-start|p2a: Walking Wake|protosynthesisspe
|move|p1a: Slowking|Ice Beam|p2a: Walking Wake
|-resisted|p2a: Walking Wake
|-damage|p2a: Walking Wake|20/100
|
|-weather|SunnyDay|[upkeep]
|upkeep
|turn|26
|
|t:|1779858149
|move|p2a: Walking Wake|Hydro Steam|p1a: Slowking
|-damage|p1a: Slowking|43/100
|-damage|p2a: Walking Wake|10/100|[from] item: Life Orb
|move|p1a: Slowking|Ice Beam|p2a: Walking Wake
|-resisted|p2a: Walking Wake
|-damage|p2a: Walking Wake|0 fnt
|faint|p2a: Walking Wake
|-end|p2a: Walking Wake|Protosynthesis|[silent]
|
|win|claudechamp
|raw|claudechamp's rating: 1343 &rarr; <strong>1356</strong><br />(+13 for winning)
|raw|2(sweet)'s rating: 1225 &rarr; <strong>1208</strong><br />(-17 for losing)
|c|☆claudechamp|gg
|l|☆2(sweet)
|player|p2|
