|j|☆karmasiren
|j|☆Lambaba
|t:|1779863582
|gametype|singles
|player|p1|karmasiren|skyla|1477
|player|p2|Lambaba|hilbert-wonderlauncher|1499
|gen|9
|tier|[Gen 9] OU
|rated|
|rule|HP Percentage Mod: HP is shown in percentages
|rule|Endless Battle Clause: Forcing endless battles is banned
|rule|Species Clause: Limit one of each Pokémon
|rule|OHKO Clause: OHKO moves are banned
|rule|Evasion Items Clause: Evasion items are banned
|rule|Evasion Moves Clause: Evasion moves are banned
|rule|Evasion Abilities Clause: Evasion abilities are banned
|rule|Sleep Moves Clause: Sleep-inducing moves are banned
|clearpoke
|poke|p1|Volcanion|
|poke|p1|Corviknight, F|
|poke|p1|Sandy Shocks|
|poke|p1|Serperior, F|
|poke|p1|Deoxys-Speed|
|poke|p1|Kingambit, F|
|poke|p2|Florges, F|
|poke|p2|Pecharunt|
|poke|p2|Alomomola, M|
|poke|p2|Great Tusk|
|poke|p2|Heatran, F|
|poke|p2|Mandibuzz, F|
|teampreview
|inactive|Battle timer is ON: inactive players will automatically lose when time's up. (requested by Lambaba)
|
|t:|1779863593
|teamsize|p1|6
|teamsize|p2|6
|start
|switch|p1a: Steam McQueen|Volcanion|100/100
|switch|p2a: Heatran|Heatran, F|100/100
|turn|1
|
|t:|1779863600
|switch|p2a: Florges|Florges, F|100/100
|move|p1a: Steam McQueen|Steam Eruption|p2a: Florges
|-damage|p2a: Florges|44/100
|
|-heal|p2a: Florges|50/100|[from] item: Leftovers
|upkeep
|turn|2
|
|t:|1779863612
|-terastallize|p2a: Florges|Grass
|move|p1a: Steam McQueen|Steam Eruption|p2a: Florges
|-resisted|p2a: Florges
|-damage|p2a: Florges|22/100
|move|p2a: Florges|Calm Mind|p2a: Florges
|-boost|p2a: Florges|spa|1
|-boost|p2a: Florges|spd|1
|
|-heal|p2a: Florges|28/100|[from] item: Leftovers
|upkeep
|turn|3
|
|t:|1779863620
|switch|p1a: King of OU|Kingambit, F|100/100
|move|p2a: Florges|Synthesis|p2a: Florges
|-heal|p2a: Florges|78/100
|
|-heal|p2a: Florges|84/100|[from] item: Leftovers
|upkeep
|turn|4
|
|t:|1779863626
|switch|p2a: Heatran|Heatran, F|100/100
|move|p1a: King of OU|Iron Head|p2a: Heatran
|-resisted|p2a: Heatran
|-damage|p2a: Heatran|94/100
|
|-heal|p2a: Heatran|99/100|[from] item: Leftovers
|upkeep
|turn|5
|
|t:|1779863630
|-end|p1a: King of OU|fallenundefined|[silent]
|switch|p1a: Steam McQueen|Volcanion|100/100
|move|p2a: Heatran|Stealth Rock|p1a: Steam McQueen
|-sidestart|p1: karmasiren|move: Stealth Rock
|
|-heal|p2a: Heatran|100/100|[from] item: Leftovers
|upkeep
|turn|6
|
|t:|1779863636
|switch|p2a: Alomomola|Alomomola, M|100/100
|move|p1a: Steam McQueen|Fire Blast|p2a: Alomomola|[miss]
|-miss|p1a: Steam McQueen|p2a: Alomomola
|
|upkeep
|turn|7
|
|t:|1779863644
|switch|p1a: Calypso|Deoxys-Speed|100/100
|-damage|p1a: Calypso|88/100|[from] Stealth Rock
|-ability|p1a: Calypso|Pressure
|move|p2a: Alomomola|Wish|p2a: Alomomola
|
|upkeep
|turn|8
|
|t:|1779863647
|move|p1a: Calypso|Stealth Rock|p2a: Alomomola
|-sidestart|p2: Lambaba|move: Stealth Rock
|move|p2a: Alomomola|Flip Turn|p1a: Calypso
|-damage|p1a: Calypso|60/100
|
|t:|1779863652
|switch|p2a: Heatran|Heatran, F|100/100|[from] Flip Turn
|-damage|p2a: Heatran|88/100|[from] Stealth Rock
|
|-heal|p2a: Heatran|100/100|[from] move: Wish|[wisher] Alomomola
|upkeep
|turn|9
|
|t:|1779863666
|move|p1a: Calypso|Superpower|p2a: Heatran
|-supereffective|p2a: Heatran
|-damage|p2a: Heatran|58/100
|-unboost|p1a: Calypso|atk|1
|-unboost|p1a: Calypso|def|1
|-damage|p1a: Calypso|50/100|[from] item: Life Orb
|move|p2a: Heatran|Magma Storm|p1a: Calypso
|-damage|p1a: Calypso|0 fnt
|faint|p1a: Calypso
|
|-heal|p2a: Heatran|64/100|[from] item: Leftovers
|upkeep
|
|t:|1779863675
|switch|p1a: Steam McQueen|Volcanion|100/100
|-damage|p1a: Steam McQueen|76/100|[from] Stealth Rock
|turn|10
|
|t:|1779863677
|switch|p2a: Alomomola|Alomomola, M|100/100
|-damage|p2a: Alomomola|88/100|[from] Stealth Rock
|move|p1a: Steam McQueen|Steam Eruption|p2a: Alomomola
|-resisted|p2a: Alomomola
|-damage|p2a: Alomomola|53/100
|
|upkeep
|turn|11
|
|t:|1779863686
|move|p1a: Steam McQueen|Steam Eruption|p2a: Alomomola
|-resisted|p2a: Alomomola
|-damage|p2a: Alomomola|20/100
|move|p2a: Alomomola|Wish|p2a: Alomomola
|
|upkeep
|turn|12
|
|t:|1779863689
|switch|p2a: Florges|Florges, F, tera:Grass|84/100
|-damage|p2a: Florges|72/100|[from] Stealth Rock
|move|p1a: Steam McQueen|Steam Eruption|p2a: Florges
|-resisted|p2a: Florges
|-damage|p2a: Florges|46/100
|
|-heal|p2a: Florges|100/100|[from] move: Wish|[wisher] Alomomola
|upkeep
|turn|13
|
|t:|1779863695
|switch|p2a: Alomomola|Alomomola, M|53/100
|-damage|p2a: Alomomola|41/100|[from] Stealth Rock
|move|p1a: Steam McQueen|Steam Eruption|p2a: Alomomola
|-resisted|p2a: Alomomola
|-damage|p2a: Alomomola|7/100
|
|upkeep
|turn|14
|
|t:|1779863700
|switch|p2a: Florges|Florges, F, tera:Grass|100/100
|-damage|p2a: Florges|88/100|[from] Stealth Rock
|move|p1a: Steam McQueen|Steam Eruption|p2a: Florges
|-resisted|p2a: Florges
|-crit|p2a: Florges
|-damage|p2a: Florges|50/100
|
|-heal|p2a: Florges|57/100|[from] item: Leftovers
|upkeep
|turn|15
|
|t:|1779863710
|switch|p1a: King of OU|Kingambit, F|100/100
|-damage|p1a: King of OU|94/100|[from] Stealth Rock
|-activate|p1a: King of OU|ability: Supreme Overlord
|-start|p1a: King of OU|fallen1|[silent]
|move|p2a: Florges|Synthesis|p2a: Florges
|-heal|p2a: Florges|100/100
|
|upkeep
|turn|16
|
|t:|1779863714
|switch|p2a: Mandibuzz|Mandibuzz, F|100/100
|-end|p1a: King of OU|fallen1|[silent]
|switch|p1a: Mega Magneton|Sandy Shocks, shiny|100/100
|-damage|p1a: Mega Magneton|94/100|[from] Stealth Rock
|
|upkeep
|turn|17
|
|t:|1779863719
|switch|p2a: Florges|Florges, F, tera:Grass|100/100
|-damage|p2a: Florges|88/100|[from] Stealth Rock
|move|p1a: Mega Magneton|Earth Power|p2a: Florges
|-resisted|p2a: Florges
|-damage|p2a: Florges|74/100
|
|-heal|p2a: Florges|80/100|[from] item: Leftovers
|upkeep
|turn|18
|
|t:|1779863722
|move|p1a: Mega Magneton|Volt Switch|p2a: Florges
|-resisted|p2a: Florges
|-damage|p2a: Florges|67/100
|
|t:|1779863725
|-end|p1a: Mega Magneton|Protosynthesis|[silent]
|switch|p1a: Steam McQueen|Volcanion|76/100|[from] Volt Switch
|-damage|p1a: Steam McQueen|51/100|[from] Stealth Rock
|move|p2a: Florges|Calm Mind|p2a: Florges
|-boost|p2a: Florges|spa|1
|-boost|p2a: Florges|spd|1
|
|-heal|p2a: Florges|74/100|[from] item: Leftovers
|upkeep
|turn|19
|
|t:|1779863728
|move|p1a: Steam McQueen|Earth Power|p2a: Florges
|-resisted|p2a: Florges
|-damage|p2a: Florges|65/100
|move|p2a: Florges|Giga Drain|p1a: Steam McQueen
|-damage|p1a: Steam McQueen|0 fnt
|-heal|p2a: Florges|86/100|[from] drain|[of] p1a: Steam McQueen
|faint|p1a: Steam McQueen
|
|-heal|p2a: Florges|92/100|[from] item: Leftovers
|upkeep
|
|t:|1779863734
|switch|p1a: King of OU|Kingambit, F|94/100
|-damage|p1a: King of OU|88/100|[from] Stealth Rock
|-activate|p1a: King of OU|ability: Supreme Overlord
|-start|p1a: King of OU|fallen2|[silent]
|turn|20
|
|t:|1779863738
|switch|p2a: Heatran|Heatran, F|64/100
|-damage|p2a: Heatran|52/100|[from] Stealth Rock
|move|p1a: King of OU|Swords Dance|p1a: King of OU
|-boost|p1a: King of OU|atk|2
|
|-heal|p2a: Heatran|58/100|[from] item: Leftovers
|upkeep
|turn|21
|
|t:|1779863751
|move|p1a: King of OU|Sucker Punch|p2a: Heatran
|-damage|p2a: Heatran|0 fnt
|faint|p2a: Heatran
|
|upkeep
|
|t:|1779863760
|switch|p2a: Great Tusk|Great Tusk|100/100
|turn|22
|
|t:|1779863763
|-end|p1a: King of OU|fallen2|[silent]
|switch|p1a: Edgar|Corviknight, F, shiny|100/100
|-damage|p1a: Edgar|88/100|[from] Stealth Rock
|-ability|p1a: Edgar|Pressure
|move|p2a: Great Tusk|Rapid Spin|p1a: Edgar
|-resisted|p1a: Edgar
|-damage|p1a: Edgar|84/100
|-boost|p2a: Great Tusk|spe|1
|-damage|p2a: Great Tusk|84/100|[from] item: Rocky Helmet|[of] p1a: Edgar
|-sideend|p2: Lambaba|Stealth Rock|[from] move: Rapid Spin|[of] p2a: Great Tusk
|
|upkeep
|turn|23
|
|t:|1779863770
|-end|p2a: Great Tusk|Protosynthesis|[silent]
|switch|p2a: Alomomola|Alomomola, M|40/100
|move|p1a: Edgar|Defog|p2a: Alomomola
|-unboost|p2a: Alomomola|evasion|1
|-sideend|p1: karmasiren|Stealth Rock|[from] move: Defog|[of] p1a: Edgar
|
|upkeep
|turn|24
|
|t:|1779863777
|switch|p1a: Lucifer|Serperior, F, shiny|100/100
|move|p2a: Alomomola|Flip Turn|p1a: Lucifer
|-resisted|p1a: Lucifer
|-damage|p1a: Lucifer|91/100
|
|t:|1779863782
|switch|p2a: Florges|Florges, F, tera:Grass|92/100|[from] Flip Turn
|
|-heal|p2a: Florges|98/100|[from] item: Leftovers
|upkeep
|turn|25
|
|t:|1779863787
|move|p1a: Lucifer|Taunt|p2a: Florges
|-start|p2a: Florges|move: Taunt
|move|p2a: Florges|Moonblast|p1a: Lucifer
|-crit|p1a: Lucifer
|-damage|p1a: Lucifer|18/100
|-boost|p1a: Lucifer|spa|1
|
|-heal|p2a: Florges|100/100|[from] item: Leftovers
|upkeep
|turn|26
|
|t:|1779863791
|move|p1a: Lucifer|Glare|p2a: Florges
|-block|p2a: Florges|ability: Flower Veil|[of] p2a: Florges
|move|p2a: Florges|Moonblast|p1a: Lucifer
|-damage|p1a: Lucifer|0 fnt
|faint|p1a: Lucifer
|
|upkeep
|
|t:|1779863796
|switch|p1a: King of OU|Kingambit, F|88/100
|-activate|p1a: King of OU|ability: Supreme Overlord
|-start|p1a: King of OU|fallen3|[silent]
|turn|27
|
|t:|1779863798
|switch|p2a: Great Tusk|Great Tusk|84/100
|move|p1a: King of OU|Swords Dance|p1a: King of OU
|-boost|p1a: King of OU|atk|2
|
|upkeep
|turn|28
|
|t:|1779863801
|-terastallize|p1a: King of OU|Flying
|move|p2a: Great Tusk|Body Press|p1a: King of OU
|-resisted|p1a: King of OU
|-damage|p1a: King of OU|70/100
|move|p1a: King of OU|Iron Head|p2a: Great Tusk
|-damage|p2a: Great Tusk|22/100
|
|upkeep
|turn|29
|
|t:|1779863811
|move|p1a: King of OU|Sucker Punch|p2a: Great Tusk
|-resisted|p2a: Great Tusk
|-crit|p2a: Great Tusk
|-damage|p2a: Great Tusk|0 fnt
|faint|p2a: Great Tusk
|-end|p2a: Great Tusk|Protosynthesis|[silent]
|
|upkeep
|
|t:|1779863812
|switch|p2a: Mandibuzz|Mandibuzz, F|100/100
|turn|30
|
|t:|1779863815
|-end|p1a: King of OU|fallen3|[silent]
|switch|p1a: Mega Magneton|Sandy Shocks, shiny|94/100
|move|p2a: Mandibuzz|Foul Play|p1a: Mega Magneton
|-damage|p1a: Mega Magneton|74/100
|
|upkeep
|turn|31
|
|t:|1779863818
|switch|p2a: Florges|Florges, F, tera:Grass|100/100
|move|p1a: Mega Magneton|Volt Switch|p2a: Florges
|-resisted|p2a: Florges
|-damage|p2a: Florges|89/100
|
|t:|1779863820
|-end|p1a: Mega Magneton|Protosynthesis|[silent]
|switch|p1a: King of OU|Kingambit, F, tera:Flying|70/100|[from] Volt Switch
|-activate|p1a: King of OU|ability: Supreme Overlord
|-start|p1a: King of OU|fallen3|[silent]
|
|-heal|p2a: Florges|95/100|[from] item: Leftovers
|upkeep
|turn|32
|
|t:|1779863823
|switch|p2a: Mandibuzz|Mandibuzz, F|100/100
|move|p1a: King of OU|Iron Head|p2a: Mandibuzz
|-damage|p2a: Mandibuzz|64/100
|
|upkeep
|turn|33
|
|t:|1779863829
|-end|p1a: King of OU|fallen3|[silent]
|switch|p1a: Mega Magneton|Sandy Shocks, shiny|74/100
|move|p2a: Mandibuzz|Roost|p2a: Mandibuzz
|-heal|p2a: Mandibuzz|100/100
|-singleturn|p2a: Mandibuzz|move: Roost
|
|upkeep
|turn|34
|
|t:|1779863831
|switch|p2a: Florges|Florges, F, tera:Grass|95/100
|move|p1a: Mega Magneton|Volt Switch|p2a: Florges
|-resisted|p2a: Florges
|-damage|p2a: Florges|84/100
|
|t:|1779863833
|-end|p1a: Mega Magneton|Protosynthesis|[silent]
|switch|p1a: King of OU|Kingambit, F, tera:Flying|70/100|[from] Volt Switch
|-activate|p1a: King of OU|ability: Supreme Overlord
|-start|p1a: King of OU|fallen3|[silent]
|
|-heal|p2a: Florges|90/100|[from] item: Leftovers
|upkeep
|turn|35
|
|t:|1779863837
|switch|p2a: Alomomola|Alomomola, M|74/100
|move|p1a: King of OU|Iron Head|p2a: Alomomola
|-resisted|p2a: Alomomola
|-damage|p2a: Alomomola|51/100
|-damage|p1a: King of OU|54/100|[from] item: Rocky Helmet|[of] p2a: Alomomola
|
|upkeep
|turn|36
|
|t:|1779863840
|move|p2a: Alomomola|Scald|p1a: King of OU
|-damage|p1a: King of OU|40/100
|move|p1a: King of OU|Swords Dance|p1a: King of OU
|-boost|p1a: King of OU|atk|2
|
|upkeep
|turn|37
|
|t:|1779863845
|move|p2a: Alomomola|Scald|p1a: King of OU
|-damage|p1a: King of OU|27/100
|move|p1a: King of OU|Kowtow Cleave|p2a: Alomomola
|-damage|p2a: Alomomola|0 fnt
|-damage|p1a: King of OU|10/100|[from] item: Rocky Helmet|[of] p2a: Alomomola
|faint|p2a: Alomomola
|
|upkeep
|
|t:|1779863849
|switch|p2a: Mandibuzz|Mandibuzz, F|100/100
|turn|38
|
|t:|1779863852
|-end|p1a: King of OU|fallen3|[silent]
|switch|p1a: Mega Magneton|Sandy Shocks, shiny|74/100
|move|p2a: Mandibuzz|Foul Play|p1a: Mega Magneton
|-damage|p1a: Mega Magneton|54/100
|
|upkeep
|turn|39
|
|t:|1779863855
|switch|p2a: Pecharunt|Pecharunt|100/100
|move|p1a: Mega Magneton|Volt Switch|p2a: Pecharunt
|-damage|p2a: Pecharunt|67/100
|
|t:|1779863861
|-end|p1a: Mega Magneton|Protosynthesis|[silent]
|switch|p1a: Edgar|Corviknight, F, shiny|84/100|[from] Volt Switch
|-ability|p1a: Edgar|Pressure
|
|-heal|p2a: Pecharunt|73/100|[from] item: Leftovers
|upkeep
|turn|40
|
|t:|1779863867
|switch|p1a: Mega Magneton|Sandy Shocks, shiny|54/100
|move|p2a: Pecharunt|Recover|p2a: Pecharunt
|-heal|p2a: Pecharunt|100/100
|
|upkeep
|turn|41
|
|t:|1779863872
|move|p1a: Mega Magneton|Earth Power|p2a: Pecharunt
|-supereffective|p2a: Pecharunt
|-damage|p2a: Pecharunt|8/100
|move|p2a: Pecharunt|Shadow Ball|p1a: Mega Magneton
|-damage|p1a: Mega Magneton|35/100
|
|-heal|p2a: Pecharunt|14/100|[from] item: Leftovers
|upkeep
|turn|42
|
|t:|1779863875
|move|p1a: Mega Magneton|Volt Switch|p2a: Pecharunt
|-damage|p2a: Pecharunt|0 fnt
|faint|p2a: Pecharunt
|
|t:|1779863878
|-end|p1a: Mega Magneton|Protosynthesis|[silent]
|switch|p1a: King of OU|Kingambit, F, tera:Flying|10/100|[from] Volt Switch
|-activate|p1a: King of OU|ability: Supreme Overlord
|-start|p1a: King of OU|fallen3|[silent]
|
|upkeep
|
|t:|1779863880
|switch|p2a: Mandibuzz|Mandibuzz, F|100/100
|turn|43
|
|t:|1779863885
|-end|p1a: King of OU|fallen3|[silent]
|switch|p1a: Mega Magneton|Sandy Shocks, shiny|35/100
|move|p2a: Mandibuzz|Toxic|p1a: Mega Magneton
|-status|p1a: Mega Magneton|tox
|
|-damage|p1a: Mega Magneton|29/100 tox|[from] psn
|upkeep
|turn|44
|
|t:|1779863888
|switch|p2a: Florges|Florges, F, tera:Grass|90/100
|move|p1a: Mega Magneton|Volt Switch|p2a: Florges
|-resisted|p2a: Florges
|-damage|p2a: Florges|79/100
|
|t:|1779863890
|-end|p1a: Mega Magneton|Protosynthesis|[silent]
|switch|p1a: Edgar|Corviknight, F, shiny|84/100|[from] Volt Switch
|-ability|p1a: Edgar|Pressure
|
|-heal|p2a: Florges|85/100|[from] item: Leftovers
|upkeep
|turn|45
|
|t:|1779863894
|switch|p2a: Mandibuzz|Mandibuzz, F|100/100
|move|p1a: Edgar|Iron Defense|p1a: Edgar
|-boost|p1a: Edgar|def|2
|
|upkeep
|turn|46
|-message|Lambaba forfeited.
|
|win|karmasiren
|raw|karmasiren's rating: 1477 &rarr; <strong>1498</strong><br />(+21 for winning)
|raw|Lambaba's rating: 1499 &rarr; <strong>1478</strong><br />(-21 for losing)
|l|☆Lambaba
|player|p2|
|l|☆karmasiren
|player|p1|
