|j|☆iamnew2024
|j|☆crissperez
|t:|1779950384
|gametype|singles
|player|p1|iamnew2024|101|1407
|player|p2|crissperez|juan|1390
|gen|9
|tier|[Gen 9] OU
|rated|
|rule|HP Percentage Mod: HP is shown in percentages
|rule|Endless Battle Clause: Forcing endless battles is banned
|rule|Species Clause: Limit one of each Pokémon
|rule|OHKO Clause: OHKO moves are banned
|rule|Evasion Items Clause: Evasion items are banned
|rule|Evasion Moves Clause: Evasion moves are banned
|rule|Evasion Abilities Clause: Evasion abilities are banned
|rule|Sleep Moves Clause: Sleep-inducing moves are banned
|clearpoke
|poke|p1|Iron Crown|
|poke|p1|Slowking-Galar, F|
|poke|p1|Ting-Lu|
|poke|p1|Great Tusk|
|poke|p1|Kingambit, M|
|poke|p1|Darkrai|
|poke|p2|Serperior, M|
|poke|p2|Hawlucha, M|
|poke|p2|Iron Crown|
|poke|p2|Garganacl, F|
|poke|p2|Goodra-Hisui, M|
|poke|p2|Ogerpon-Wellspring, F|
|teampreview
|inactive|Battle timer is ON: inactive players will automatically lose when time's up. (requested by crissperez)
|inactive|iamnew2024 also wants the timer to be on.
|
|t:|1779950397
|teamsize|p1|6
|teamsize|p2|6
|start
|switch|p1a: Darkrai|Darkrai|100/100
|switch|p2a: Serperior|Serperior, M|100/100
|turn|1
|
|t:|1779950404
|move|p1a: Darkrai|Sludge Bomb|p2a: Serperior
|-supereffective|p2a: Serperior
|-damage|p2a: Serperior|17/100
|move|p2a: Serperior|Glare|p1a: Darkrai
|-status|p1a: Darkrai|par
|
|upkeep
|turn|2
|
|t:|1779950412
|move|p2a: Serperior|Leaf Storm|p1a: Darkrai
|-crit|p1a: Darkrai
|-damage|p1a: Darkrai|6/100 par
|-boost|p2a: Serperior|spa|2
|cant|p1a: Darkrai|par
|
|upkeep
|turn|3
|
|t:|1779950420
|move|p2a: Serperior|Leaf Storm|p1a: Darkrai
|-damage|p1a: Darkrai|0 fnt
|-boost|p2a: Serperior|spa|2
|faint|p1a: Darkrai
|
|upkeep
|
|t:|1779950428
|switch|p1a: Kingambit|Kingambit, M|100/100
|-activate|p1a: Kingambit|ability: Supreme Overlord
|-start|p1a: Kingambit|fallen1|[silent]
|turn|4
|
|t:|1779950432
|move|p2a: Serperior|Glare|p1a: Kingambit
|-status|p1a: Kingambit|par
|cant|p1a: Kingambit|par
|
|upkeep
|turn|5
|
|t:|1779950440
|cant|p1a: Kingambit|par
|move|p2a: Serperior|Leech Seed|p1a: Kingambit|[miss]
|-miss|p2a: Serperior|p1a: Kingambit
|
|upkeep
|turn|6
|
|t:|1779950447
|move|p2a: Serperior|Leech Seed|p1a: Kingambit
|-start|p1a: Kingambit|move: Leech Seed
|move|p1a: Kingambit|Kowtow Cleave|p2a: Serperior
|-damage|p2a: Serperior|0 fnt
|faint|p2a: Serperior
|
|upkeep
|
|t:|1779950455
|switch|p2a: Hawlucha|Hawlucha, M|100/100
|turn|7
|
|t:|1779950464
|-end|p1a: Kingambit|fallen1|[silent]
|switch|p1a: Iron Crown|Iron Crown|100/100
|move|p2a: Hawlucha|Substitute|p2a: Hawlucha
|-start|p2a: Hawlucha|Substitute
|-damage|p2a: Hawlucha|75/100
|
|upkeep
|turn|8
|
|t:|1779950475
|move|p2a: Hawlucha|Swords Dance|p2a: Hawlucha
|-boost|p2a: Hawlucha|atk|2
|move|p1a: Iron Crown|Psychic Noise|p2a: Hawlucha
|-supereffective|p2a: Hawlucha
|-damage|p2a: Hawlucha|0 fnt
|faint|p2a: Hawlucha
|
|upkeep
|inactive|crissperez has 120 seconds left.
|
|t:|1779950507
|switch|p2a: Ogerpon|Ogerpon-Wellspring, F|100/100
|turn|9
|inactive|crissperez has 120 seconds left.
|
|t:|1779950516
|move|p2a: Ogerpon|Swords Dance|p2a: Ogerpon
|-boost|p2a: Ogerpon|atk|2
|move|p1a: Iron Crown|Psychic Noise|p2a: Ogerpon
|-damage|p2a: Ogerpon|29/100
|-start|p2a: Ogerpon|move: Heal Block
|
|upkeep
|turn|10
|
|t:|1779950534
|-end|p1a: Iron Crown|Quark Drive|[silent]
|switch|p1a: Kingambit|Kingambit, M|100/100 par
|-activate|p1a: Kingambit|ability: Supreme Overlord
|-start|p1a: Kingambit|fallen1|[silent]
|move|p2a: Ogerpon|Knock Off|p1a: Kingambit
|-resisted|p1a: Kingambit
|-damage|p1a: Kingambit|73/100 par
|-enditem|p1a: Kingambit|Leftovers|[from] move: Knock Off|[of] p2a: Ogerpon
|
|-end|p2a: Ogerpon|move: Heal Block
|upkeep
|turn|11
|
|t:|1779950545
|move|p2a: Ogerpon|Ivy Cudgel|p1a: Kingambit|[anim] Ivy Cudgel Water
|-crit|p1a: Kingambit
|-damage|p1a: Kingambit|0 fnt
|faint|p1a: Kingambit
|-end|p1a: Kingambit|fallen1|[silent]
|
|upkeep
|
|t:|1779950556
|switch|p1a: Great Tusk|Great Tusk|100/100
|turn|12
|
|t:|1779950567
|-terastallize|p1a: Great Tusk|Poison
|move|p2a: Ogerpon|Ivy Cudgel|p1a: Great Tusk|[anim] Ivy Cudgel Water
|-damage|p1a: Great Tusk|20/100
|move|p1a: Great Tusk|Rapid Spin|p2a: Ogerpon
|-damage|p2a: Ogerpon|7/100
|-boost|p1a: Great Tusk|spe|1
|
|upkeep
|turn|13
|
|t:|1779950577
|move|p1a: Great Tusk|Knock Off|p2a: Ogerpon
|-damage|p2a: Ogerpon|0 fnt
|faint|p2a: Ogerpon
|
|upkeep
|
|t:|1779950589
|switch|p2a: Garganacl|Garganacl, F|100/100
|turn|14
|inactive|crissperez has 120 seconds left.
|
|t:|1779950611
|-terastallize|p2a: Garganacl|Ghost
|move|p1a: Great Tusk|Headlong Rush|p2a: Garganacl
|-crit|p2a: Garganacl
|-damage|p2a: Garganacl|53/100
|-unboost|p1a: Great Tusk|def|1
|-unboost|p1a: Great Tusk|spd|1
|-damage|p1a: Great Tusk|3/100|[from] item: Rocky Helmet|[of] p2a: Garganacl
|move|p2a: Garganacl|Iron Defense|p2a: Garganacl
|-boost|p2a: Garganacl|def|2
|
|upkeep
|turn|15
|inactive|crissperez has 120 seconds left.
|
|t:|1779950624
|move|p1a: Great Tusk|Headlong Rush|p2a: Garganacl
|-damage|p2a: Garganacl|38/100
|-unboost|p1a: Great Tusk|def|1
|-unboost|p1a: Great Tusk|spd|1
|-damage|p1a: Great Tusk|0 fnt|[from] item: Rocky Helmet|[of] p2a: Garganacl
|faint|p1a: Great Tusk
|-end|p1a: Great Tusk|Protosynthesis|[silent]
|move|p2a: Garganacl|Recover|p2a: Garganacl
|-heal|p2a: Garganacl|88/100
|
|upkeep
|
|t:|1779950646
|switch|p1a: Iron Crown|Iron Crown|100/100
|turn|16
|
|t:|1779950653
|move|p1a: Iron Crown|Tachyon Cutter|p2a: Garganacl
|-damage|p2a: Garganacl|50/100
|-damage|p2a: Garganacl|14/100
|-hitcount|p2a: Garganacl|2
|move|p2a: Garganacl|Salt Cure|p1a: Iron Crown
|-resisted|p1a: Iron Crown
|-damage|p1a: Iron Crown|94/100
|-start|p1a: Iron Crown|Salt Cure
|
|-damage|p1a: Iron Crown|69/100|[from] Salt Cure
|upkeep
|turn|17
|
|t:|1779950666
|move|p1a: Iron Crown|Tachyon Cutter|p2a: Garganacl
|-damage|p2a: Garganacl|0 fnt
|faint|p2a: Garganacl
|-hitcount|p2: Garganacl|1
|
|-damage|p1a: Iron Crown|44/100|[from] Salt Cure
|upkeep
|inactive|crissperez has 120 seconds left.
|
|t:|1779950680
|switch|p2a: Iron Crown|Iron Crown|100/100
|-enditem|p2a: Iron Crown|Booster Energy
|-activate|p2a: Iron Crown|ability: Quark Drive|[fromitem]
|-start|p2a: Iron Crown|quarkdrivespe
|turn|18
|
|t:|1779950686
|-end|p1a: Iron Crown|Quark Drive|[silent]
|switch|p1a: Slowking|Slowking-Galar, F|100/100
|move|p2a: Iron Crown|Calm Mind|p2a: Iron Crown
|-boost|p2a: Iron Crown|spa|1
|-boost|p2a: Iron Crown|spd|1
|
|upkeep
|turn|19
|
|t:|1779950694
|move|p2a: Iron Crown|Calm Mind|p2a: Iron Crown
|-boost|p2a: Iron Crown|spa|1
|-boost|p2a: Iron Crown|spd|1
|-prepare|p1a: Slowking|Chilly Reception|[premajor]
|move|p1a: Slowking|Chilly Reception|p1a: Slowking
|-weather|Snowscape
|
|t:|1779950700
|switch|p1a: Ting-Lu|Ting-Lu|100/100|[from] Chilly Reception
|-ability|p1a: Ting-Lu|Vessel of Ruin
|
|-weather|Snowscape|[upkeep]
|upkeep
|turn|20
|
|t:|1779950708
|move|p2a: Iron Crown|Focus Blast|p1a: Ting-Lu|[miss]
|-miss|p2a: Iron Crown|p1a: Ting-Lu
|move|p1a: Ting-Lu|Earthquake|p2a: Iron Crown
|-supereffective|p2a: Iron Crown
|-damage|p2a: Iron Crown|20/100
|
|-weather|Snowscape|[upkeep]
|upkeep
|turn|21
|
|t:|1779950717
|move|p2a: Iron Crown|Focus Blast|p1a: Ting-Lu|[miss]
|-miss|p2a: Iron Crown|p1a: Ting-Lu
|move|p1a: Ting-Lu|Earthquake|p2a: Iron Crown
|-supereffective|p2a: Iron Crown
|-damage|p2a: Iron Crown|0 fnt
|faint|p2a: Iron Crown
|-end|p2a: Iron Crown|Quark Drive|[silent]
|
|-weather|Snowscape|[upkeep]
|upkeep
|
|t:|1779950726
|switch|p2a: Goodra|Goodra-Hisui, M|100/100
|turn|22
|
|t:|1779950733
|move|p2a: Goodra|Acid Armor|p2a: Goodra
|-boost|p2a: Goodra|def|2
|move|p1a: Ting-Lu|Earthquake|p2a: Goodra
|-supereffective|p2a: Goodra
|-damage|p2a: Goodra|64/100
|
|-weather|Snowscape|[upkeep]
|-heal|p2a: Goodra|70/100|[from] item: Leftovers
|upkeep
|turn|23
|
|t:|1779950742
|move|p2a: Goodra|Acid Armor|p2a: Goodra
|-boost|p2a: Goodra|def|2
|move|p1a: Ting-Lu|Earthquake|p2a: Goodra
|-supereffective|p2a: Goodra
|-damage|p2a: Goodra|45/100
|
|-weather|none
|-heal|p2a: Goodra|51/100|[from] item: Leftovers
|upkeep
|turn|24
|
|t:|1779950757
|move|p2a: Goodra|Acid Armor|p2a: Goodra
|-boost|p2a: Goodra|def|2
|move|p1a: Ting-Lu|Earthquake|p2a: Goodra
|-supereffective|p2a: Goodra
|-damage|p2a: Goodra|32/100
|
|-heal|p2a: Goodra|38/100|[from] item: Leftovers
|upkeep
|turn|25
|
|t:|1779950770
|move|p2a: Goodra|Body Press|p1a: Ting-Lu
|-supereffective|p1a: Ting-Lu
|-damage|p1a: Ting-Lu|44/100
|move|p1a: Ting-Lu|Earthquake|p2a: Goodra
|-supereffective|p2a: Goodra
|-damage|p2a: Goodra|21/100
|
|-heal|p2a: Goodra|27/100|[from] item: Leftovers
|-heal|p1a: Ting-Lu|50/100|[from] item: Leftovers
|upkeep
|turn|26
|
|t:|1779950780
|move|p2a: Goodra|Body Press|p1a: Ting-Lu
|-supereffective|p1a: Ting-Lu
|-damage|p1a: Ting-Lu|0 fnt
|faint|p1a: Ting-Lu
|
|-heal|p2a: Goodra|33/100|[from] item: Leftovers
|upkeep
|
|t:|1779950787
|switch|p1a: Iron Crown|Iron Crown|44/100
|turn|27
|
|t:|1779950795
|move|p1a: Iron Crown|Focus Blast|p2a: Goodra
|-supereffective|p2a: Goodra
|-damage|p2a: Goodra|0 fnt
|faint|p2a: Goodra
|
|win|iamnew2024
|raw|iamnew2024's rating: 1407 &rarr; <strong>1426</strong><br />(+19 for winning)
|raw|crissperez's rating: 1390 &rarr; <strong>1371</strong><br />(-19 for losing)
|l|☆crissperez
|player|p2|
|l|☆iamnew2024
|player|p1|
