|j|☆XxWimpBusterxX
|j|☆kwroo
|t:|1779845386
|gametype|singles
|player|p1|XxWimpBusterxX|swimmer|1040
|player|p2|kwroo|clown|1085
|gen|9
|tier|[Gen 9] OU
|rated|
|rule|HP Percentage Mod: HP is shown in percentages
|rule|Endless Battle Clause: Forcing endless battles is banned
|rule|Species Clause: Limit one of each Pokémon
|rule|OHKO Clause: OHKO moves are banned
|rule|Evasion Items Clause: Evasion items are banned
|rule|Evasion Moves Clause: Evasion moves are banned
|rule|Evasion Abilities Clause: Evasion abilities are banned
|rule|Sleep Moves Clause: Sleep-inducing moves are banned
|clearpoke
|poke|p1|Clodsire, F|
|poke|p1|Toxapex, F|
|poke|p1|Corviknight, F|
|poke|p1|Dondozo, M|
|poke|p1|Clefable, F|
|poke|p1|Gliscor, F|
|poke|p2|Cinderace, M|
|poke|p2|Tornadus-Therian, M|
|poke|p2|Iron Moth|
|poke|p2|Alomomola, M|
|poke|p2|Garganacl, F|
|poke|p2|Gliscor, F|
|teampreview
|inactive|Battle timer is ON: inactive players will automatically lose when time's up. (requested by kwroo)
|
|t:|1779845412
|teamsize|p1|6
|teamsize|p2|6
|start
|switch|p1a: Clefable|Clefable, F|100/100
|switch|p2a: Cinderace|Cinderace, M|100/100
|turn|1
|
|t:|1779845419
|move|p2a: Cinderace|Pyro Ball|p1a: Clefable
|-damage|p1a: Clefable|56/100
|move|p1a: Clefable|Stealth Rock|p2a: Cinderace
|-sidestart|p2: kwroo|move: Stealth Rock
|
|upkeep
|turn|2
|
|t:|1779845427
|switch|p1a: Toxapex|Toxapex, F|100/100
|move|p2a: Cinderace|Court Change|p2a: Cinderace
|-start|p2a: Cinderace|typechange|Normal|[from] ability: Libero
|-swapsideconditions
|-activate|p2a: Cinderace|move: Court Change
|
|upkeep
|turn|3
|
|t:|1779845435
|move|p2a: Cinderace|U-turn|p1a: Toxapex
|-resisted|p1a: Toxapex
|-damage|p1a: Toxapex|94/100
|
|t:|1779845444
|switch|p2a: Gliscor|Gliscor, F|100/100|[from] U-turn
|move|p1a: Toxapex|Infestation|p2a: Gliscor
|-resisted|p2a: Gliscor
|-damage|p2a: Gliscor|99/100
|-activate|p2a: Gliscor|move: Infestation|[of] p1a: Toxapex
|
|-heal|p1a: Toxapex|99/100|[from] item: Leftovers
|-damage|p2a: Gliscor|86/100|[from] move: Infestation|[partiallytrapped]
|-status|p2a: Gliscor|tox|[from] item: Toxic Orb
|upkeep
|turn|4
|
|t:|1779845460
|move|p1a: Toxapex|Baneful Bunker|p1a: Toxapex
|-singleturn|p1a: Toxapex|move: Protect
|move|p2a: Gliscor|Swords Dance|p2a: Gliscor
|-boost|p2a: Gliscor|atk|2
|
|-heal|p1a: Toxapex|100/100|[from] item: Leftovers
|-heal|p2a: Gliscor|99/100 tox|[from] ability: Poison Heal
|-damage|p2a: Gliscor|86/100 tox|[from] move: Infestation|[partiallytrapped]
|upkeep
|turn|5
|
|t:|1779845477
|switch|p1a: crazy bird|Corviknight, F|100/100
|-damage|p1a: crazy bird|88/100|[from] Stealth Rock
|-ability|p1a: crazy bird|Pressure
|move|p2a: Gliscor|Facade|p1a: crazy bird
|-resisted|p1a: crazy bird
|-crit|p1a: crazy bird
|-damage|p1a: crazy bird|38/100
|
|-heal|p1a: crazy bird|44/100|[from] item: Leftovers
|-heal|p2a: Gliscor|99/100 tox|[from] ability: Poison Heal
|-end|p2a: Gliscor|Infestation|[partiallytrapped]|[silent]
|upkeep
|turn|6
|
|t:|1779845490
|move|p2a: Gliscor|Knock Off|p1a: crazy bird
|-damage|p1a: crazy bird|1/100
|-enditem|p1a: crazy bird|Leftovers|[from] move: Knock Off|[of] p2a: Gliscor
|move|p1a: crazy bird|Roost|p1a: crazy bird
|-heal|p1a: crazy bird|51/100
|-singleturn|p1a: crazy bird|move: Roost
|
|-heal|p2a: Gliscor|100/100 tox|[from] ability: Poison Heal
|upkeep
|turn|7
|
|t:|1779845503
|move|p2a: Gliscor|Swords Dance|p2a: Gliscor
|-boost|p2a: Gliscor|atk|2
|move|p1a: crazy bird|Brave Bird|p2a: Gliscor
|-damage|p2a: Gliscor|64/100 tox
|-damage|p1a: crazy bird|42/100|[from] Recoil
|
|-heal|p2a: Gliscor|76/100 tox|[from] ability: Poison Heal
|upkeep
|turn|8
|
|t:|1779845511
|move|p2a: Gliscor|Facade|p1a: crazy bird
|-resisted|p1a: crazy bird
|-damage|p1a: crazy bird|0 fnt
|faint|p1a: crazy bird
|
|-heal|p2a: Gliscor|89/100 tox|[from] ability: Poison Heal
|upkeep
|
|t:|1779845517
|switch|p1a: Dondozo|Dondozo, M|100/100
|-damage|p1a: Dondozo|88/100|[from] Stealth Rock
|turn|9
|
|t:|1779845523
|move|p2a: Gliscor|Facade|p1a: Dondozo
|-damage|p1a: Dondozo|72/100
|move|p1a: Dondozo|Curse|p1a: Dondozo
|-unboost|p1a: Dondozo|spe|1
|-boost|p1a: Dondozo|atk|1
|-boost|p1a: Dondozo|def|1
|
|-heal|p1a: Dondozo|78/100|[from] item: Leftovers
|-heal|p2a: Gliscor|100/100 tox|[from] ability: Poison Heal
|upkeep
|turn|10
|
|t:|1779845532
|move|p2a: Gliscor|Toxic|p1a: Dondozo
|-status|p1a: Dondozo|tox
|move|p1a: Dondozo|Curse|p1a: Dondozo
|-unboost|p1a: Dondozo|spe|1
|-boost|p1a: Dondozo|atk|1
|-boost|p1a: Dondozo|def|1
|
|-heal|p1a: Dondozo|84/100 tox|[from] item: Leftovers
|-damage|p1a: Dondozo|78/100 tox|[from] psn
|upkeep
|turn|11
|
|t:|1779845542
|move|p2a: Gliscor|Swords Dance|p2a: Gliscor
|-boost|p2a: Gliscor|atk|2
|move|p1a: Dondozo|Rest|p1a: Dondozo
|-status|p1a: Dondozo|slp|[from] move: Rest
|-heal|p1a: Dondozo|100/100 slp|[silent]
|
|upkeep
|turn|12
|
|t:|1779845550
|move|p2a: Gliscor|Knock Off|p1a: Dondozo
|-damage|p1a: Dondozo|94/100 slp
|-enditem|p1a: Dondozo|Leftovers|[from] move: Knock Off|[of] p2a: Gliscor
|cant|p1a: Dondozo|slp
|
|upkeep
|turn|13
|
|t:|1779845557
|switch|p2a: Tornadus|Tornadus-Therian, M|100/100
|cant|p1a: Dondozo|slp
|move|p1a: Dondozo|Sleep Talk|p1a: Dondozo
|move|p1a: Dondozo|Crunch|p2a: Tornadus|[from] move: Sleep Talk
|-damage|p2a: Tornadus|53/100
|
|-heal|p2a: Tornadus|59/100|[from] item: Leftovers
|upkeep
|turn|14
|
|t:|1779845571
|move|p2a: Tornadus|Nasty Plot|p2a: Tornadus
|-boost|p2a: Tornadus|spa|2
|-curestatus|p1a: Dondozo|slp|[msg]
|move|p1a: Dondozo|Crunch|p2a: Tornadus
|-damage|p2a: Tornadus|13/100
|
|-heal|p2a: Tornadus|19/100|[from] item: Leftovers
|upkeep
|turn|15
|
|t:|1779845579
|move|p2a: Tornadus|Hurricane|p1a: Dondozo|[miss]
|-miss|p2a: Tornadus|p1a: Dondozo
|move|p1a: Dondozo|Crunch|p2a: Tornadus
|-damage|p2a: Tornadus|0 fnt
|faint|p2a: Tornadus
|
|upkeep
|
|t:|1779845599
|switch|p2a: Iron Moth|Iron Moth|100/100
|-enditem|p2a: Iron Moth|Booster Energy
|-activate|p2a: Iron Moth|ability: Quark Drive|[fromitem]
|-start|p2a: Iron Moth|quarkdrivespe
|turn|16
|
|t:|1779845605
|-terastallize|p2a: Iron Moth|Water
|move|p2a: Iron Moth|Energy Ball|p1a: Dondozo
|-supereffective|p1a: Dondozo
|-damage|p1a: Dondozo|34/100
|move|p1a: Dondozo|Curse|p1a: Dondozo
|-unboost|p1a: Dondozo|spe|1
|-boost|p1a: Dondozo|atk|1
|-boost|p1a: Dondozo|def|1
|
|upkeep
|turn|17
|
|t:|1779845618
|switch|p1a: Clodsire|Clodsire, F|100/100
|move|p2a: Iron Moth|Energy Ball|p1a: Clodsire
|-damage|p1a: Clodsire|85/100
|-unboost|p1a: Clodsire|spd|1
|
|upkeep
|turn|18
|
|t:|1779845631
|move|p2a: Iron Moth|Psychic|p1a: Clodsire
|-supereffective|p1a: Clodsire
|-damage|p1a: Clodsire|39/100
|move|p1a: Clodsire|Poison Jab|p2a: Iron Moth
|-damage|p2a: Iron Moth|73/100
|
|upkeep
|turn|19
|
|t:|1779845642
|switch|p1a: crazy bat|Gliscor, F|100/100
|-damage|p1a: crazy bat|88/100|[from] Stealth Rock
|move|p2a: Iron Moth|Psychic|p1a: crazy bat
|-damage|p1a: crazy bat|53/100
|
|-status|p1a: crazy bat|tox|[from] item: Toxic Orb
|upkeep
|turn|20
|
|t:|1779845659
|move|p2a: Iron Moth|Energy Ball|p1a: crazy bat
|-damage|p1a: crazy bat|17/100 tox
|move|p1a: crazy bat|Toxic|p2a: Iron Moth
|-status|p2a: Iron Moth|tox
|
|-damage|p2a: Iron Moth|67/100 tox|[from] psn
|-heal|p1a: crazy bat|29/100 tox|[from] ability: Poison Heal
|upkeep
|turn|21
|
|t:|1779845667
|move|p1a: crazy bat|Protect|p1a: crazy bat
|-singleturn|p1a: crazy bat|Protect
|move|p2a: Iron Moth|Fiery Dance|p1a: crazy bat
|-activate|p1a: crazy bat|move: Protect
|
|-damage|p2a: Iron Moth|55/100 tox|[from] psn
|-heal|p1a: crazy bat|42/100 tox|[from] ability: Poison Heal
|upkeep
|turn|22
|
|t:|1779845681
|move|p1a: crazy bat|Protect|p1a: crazy bat
|-singleturn|p1a: crazy bat|Protect
|move|p2a: Iron Moth|Energy Ball|p1a: crazy bat
|-activate|p1a: crazy bat|move: Protect
|
|-damage|p2a: Iron Moth|37/100 tox|[from] psn
|-heal|p1a: crazy bat|54/100 tox|[from] ability: Poison Heal
|upkeep
|turn|23
|
|t:|1779845690
|move|p1a: crazy bat|Protect||[still]
|-fail|p1a: crazy bat
|move|p2a: Iron Moth|Energy Ball|p1a: crazy bat
|-damage|p1a: crazy bat|18/100 tox
|
|-damage|p2a: Iron Moth|13/100 tox|[from] psn
|-heal|p1a: crazy bat|31/100 tox|[from] ability: Poison Heal
|upkeep
|turn|24
|-message|kwroo forfeited.
|
|win|XxWimpBusterxX
|raw|XxWimpBusterxX's rating: 1040 &rarr; <strong>1078</strong><br />(+38 for winning)
|raw|kwroo's rating: 1085 &rarr; <strong>1059</strong><br />(-26 for losing)
|l|☆kwroo
|player|p2|
