|j|☆RandoNminous
|j|☆Phoollazy
|t:|1779814240
|gametype|singles
|player|p1|RandoNminous|waiter|1102
|player|p2|Phoollazy|alder|1076
|gen|9
|tier|[Gen 9] OU
|rated|
|rule|HP Percentage Mod: HP is shown in percentages
|rule|Endless Battle Clause: Forcing endless battles is banned
|rule|Species Clause: Limit one of each Pokémon
|rule|OHKO Clause: OHKO moves are banned
|rule|Evasion Items Clause: Evasion items are banned
|rule|Evasion Moves Clause: Evasion moves are banned
|rule|Evasion Abilities Clause: Evasion abilities are banned
|rule|Sleep Moves Clause: Sleep-inducing moves are banned
|clearpoke
|poke|p1|Poliwrath, M|
|poke|p1|Emboar, M|
|poke|p1|Iron Hands|
|poke|p1|Ursaluna, M|
|poke|p1|Okidogi, M|
|poke|p1|Trevenant, M|
|poke|p2|Garchomp, M|
|poke|p2|Corviknight, F|
|poke|p2|Primarina, M|
|poke|p2|Jirachi|
|poke|p2|Kingambit, M|
|poke|p2|Zamazenta-*|
|teampreview
|inactive|Battle timer is ON: inactive players will automatically lose when time's up. (requested by RandoNminous)
|
|t:|1779814248
|teamsize|p1|6
|teamsize|p2|6
|start
|switch|p1a: Iron Hands|Iron Hands|100/100
|switch|p2a: Corviknight|Corviknight, F, shiny|100/100
|-ability|p2a: Corviknight|Pressure
|turn|1
|
|t:|1779814258
|move|p2a: Corviknight|Brave Bird|p1a: Iron Hands
|-damage|p1a: Iron Hands|77/100
|-damage|p2a: Corviknight|91/100|[from] Recoil
|move|p1a: Iron Hands|Belly Drum|p1a: Iron Hands
|-damage|p1a: Iron Hands|27/100
|-setboost|p1a: Iron Hands|atk|6|[from] move: Belly Drum
|
|-heal|p2a: Corviknight|98/100|[from] item: Leftovers
|-heal|p1a: Iron Hands|33/100|[from] item: Leftovers
|upkeep
|turn|2
|
|t:|1779814269
|move|p2a: Corviknight|Substitute|p2a: Corviknight
|-start|p2a: Corviknight|Substitute
|-damage|p2a: Corviknight|73/100
|move|p1a: Iron Hands|Drain Punch|p2a: Corviknight
|-end|p2a: Corviknight|Substitute
|-heal|p1a: Iron Hands|44/100|[from] drain|[of] p2a: Corviknight
|
|-heal|p2a: Corviknight|79/100|[from] item: Leftovers
|-heal|p1a: Iron Hands|50/100|[from] item: Leftovers
|upkeep
|turn|3
|
|t:|1779814277
|move|p2a: Corviknight|Brave Bird|p1a: Iron Hands
|-damage|p1a: Iron Hands|27/100
|-damage|p2a: Corviknight|70/100|[from] Recoil
|move|p1a: Iron Hands|Drain Punch|p2a: Corviknight
|-damage|p2a: Corviknight|0 fnt
|-heal|p1a: Iron Hands|57/100|[from] drain|[of] p2a: Corviknight
|faint|p2a: Corviknight
|
|-heal|p1a: Iron Hands|63/100|[from] item: Leftovers
|upkeep
|
|t:|1779814290
|switch|p2a: Garchomp|Garchomp, M|100/100
|turn|4
|
|t:|1779814294
|move|p1a: Iron Hands|Protect|p1a: Iron Hands
|-singleturn|p1a: Iron Hands|Protect
|move|p2a: Garchomp|Earthquake|p1a: Iron Hands
|-activate|p1a: Iron Hands|move: Protect
|
|-heal|p1a: Iron Hands|69/100|[from] item: Leftovers
|upkeep
|turn|5
|
|t:|1779814301
|move|p2a: Garchomp|Earthquake|p1a: Iron Hands
|-supereffective|p1a: Iron Hands
|-damage|p1a: Iron Hands|13/100
|move|p1a: Iron Hands|Drain Punch|p2a: Garchomp
|-damage|p2a: Garchomp|0 fnt
|-heal|p1a: Iron Hands|59/100|[from] drain|[of] p2a: Garchomp
|-damage|p1a: Iron Hands|46/100|[from] ability: Rough Skin|[of] p2a: Garchomp
|-damage|p1a: Iron Hands|30/100|[from] item: Rocky Helmet|[of] p2a: Garchomp
|faint|p2a: Garchomp
|
|-heal|p1a: Iron Hands|36/100|[from] item: Leftovers
|upkeep
|
|t:|1779814318
|switch|p2a: Primarina|Primarina, M, shiny|100/100
|turn|6
|
|t:|1779814323
|move|p2a: Primarina|Moonblast|p1a: Iron Hands
|-supereffective|p1a: Iron Hands
|-damage|p1a: Iron Hands|0 fnt
|faint|p1a: Iron Hands
|-end|p1a: Iron Hands|Quark Drive|[silent]
|
|upkeep
|
|t:|1779814328
|switch|p1a: Emboar|Emboar, M|100/100
|turn|7
|
|t:|1779814335
|move|p1a: Emboar|Trailblaze|p2a: Primarina
|-supereffective|p2a: Primarina
|-damage|p2a: Primarina|62/100
|-boost|p1a: Emboar|spe|1
|move|p2a: Primarina|Surf|p1a: Emboar
|-supereffective|p1a: Emboar
|-damage|p1a: Emboar|0 fnt
|faint|p1a: Emboar
|
|-heal|p2a: Primarina|68/100|[from] item: Leftovers
|upkeep
|
|t:|1779814342
|switch|p1a: Poliwrath|Poliwrath, M|100/100
|turn|8
|
|t:|1779814348
|move|p1a: Poliwrath|Bulk Up|p1a: Poliwrath
|-boost|p1a: Poliwrath|atk|1
|-boost|p1a: Poliwrath|def|1
|move|p2a: Primarina|Draining Kiss|p1a: Poliwrath
|-supereffective|p1a: Poliwrath
|-damage|p1a: Poliwrath|45/100
|-heal|p2a: Primarina|100/100|[from] drain|[of] p1a: Poliwrath
|
|-heal|p1a: Poliwrath|51/100|[from] item: Leftovers
|upkeep
|turn|9
|
|t:|1779814358
|move|p1a: Poliwrath|Drain Punch|p2a: Primarina
|-resisted|p2a: Primarina
|-damage|p2a: Primarina|75/100
|-heal|p1a: Poliwrath|64/100|[from] drain|[of] p2a: Primarina
|move|p2a: Primarina|Draining Kiss|p1a: Poliwrath
|-supereffective|p1a: Poliwrath
|-damage|p1a: Poliwrath|5/100
|-heal|p2a: Primarina|100/100|[from] drain|[of] p1a: Poliwrath
|
|-heal|p1a: Poliwrath|11/100|[from] item: Leftovers
|upkeep
|turn|10
|
|t:|1779814367
|move|p1a: Poliwrath|Facade|p2a: Primarina
|-damage|p2a: Primarina|70/100
|move|p2a: Primarina|Draining Kiss|p1a: Poliwrath
|-supereffective|p1a: Poliwrath
|-damage|p1a: Poliwrath|0 fnt
|-heal|p2a: Primarina|78/100|[from] drain|[of] p1a: Poliwrath
|faint|p1a: Poliwrath
|
|-heal|p2a: Primarina|84/100|[from] item: Leftovers
|upkeep
|
|t:|1779814375
|switch|p1a: Okidogi|Okidogi, M|100/100
|turn|11
|
|t:|1779814383
|switch|p2a: Jirachi|Jirachi, shiny|100/100
|move|p1a: Okidogi|Knock Off|p2a: Jirachi
|-supereffective|p2a: Jirachi
|-damage|p2a: Jirachi|50/100
|-enditem|p2a: Jirachi|Leftovers|[from] move: Knock Off|[of] p1a: Okidogi
|
|upkeep
|turn|12
|
|t:|1779814392
|move|p2a: Jirachi|Ice Punch|p1a: Okidogi
|-damage|p1a: Okidogi|85/100
|move|p1a: Okidogi|Bulk Up|p1a: Okidogi
|-boost|p1a: Okidogi|atk|1
|-boost|p1a: Okidogi|def|1
|
|-heal|p1a: Okidogi|91/100|[from] item: Black Sludge
|upkeep
|turn|13
|
|t:|1779814400
|move|p2a: Jirachi|Ice Punch|p1a: Okidogi
|-damage|p1a: Okidogi|82/100
|-status|p1a: Okidogi|frz
|cant|p1a: Okidogi|frz
|
|-heal|p1a: Okidogi|89/100 frz|[from] item: Black Sludge
|upkeep
|turn|14
|
|t:|1779814407
|move|p2a: Jirachi|Wish|p2a: Jirachi
|cant|p1a: Okidogi|frz
|
|-heal|p1a: Okidogi|95/100 frz|[from] item: Black Sludge
|upkeep
|turn|15
|
|t:|1779814412
|move|p2a: Jirachi|Iron Head|p1a: Okidogi
|-damage|p1a: Okidogi|79/100 frz
|cant|p1a: Okidogi|frz
|
|-heal|p2a: Jirachi|99/100|[from] move: Wish|[wisher] Jirachi
|-heal|p1a: Okidogi|85/100 frz|[from] item: Black Sludge
|upkeep
|turn|16
|
|t:|1779814420
|move|p2a: Jirachi|Iron Head|p1a: Okidogi
|-damage|p1a: Okidogi|70/100 frz
|-curestatus|p1a: Okidogi|frz|[msg]
|cant|p1a: Okidogi|flinch
|
|-heal|p1a: Okidogi|76/100|[from] item: Black Sludge
|upkeep
|turn|17
|c|☆RandoNminous|Well thats lame
|
|t:|1779814435
|move|p2a: Jirachi|Ice Punch|p1a: Okidogi
|-damage|p1a: Okidogi|67/100
|move|p1a: Okidogi|Drain Punch|p2a: Jirachi
|-damage|p2a: Jirachi|52/100
|-heal|p1a: Okidogi|97/100|[from] drain|[of] p2a: Jirachi
|
|-heal|p1a: Okidogi|100/100|[from] item: Black Sludge
|upkeep
|turn|18
|
|t:|1779814445
|move|p2a: Jirachi|Ice Punch|p1a: Okidogi
|-damage|p1a: Okidogi|90/100
|move|p1a: Okidogi|Knock Off|p2a: Jirachi
|-supereffective|p2a: Jirachi
|-damage|p2a: Jirachi|0 fnt
|faint|p2a: Jirachi
|
|-heal|p1a: Okidogi|96/100|[from] item: Black Sludge
|upkeep
|
|t:|1779814455
|switch|p2a: Zamazenta|Zamazenta, shiny|100/100
|-ability|p2a: Zamazenta|Dauntless Shield|boost
|-boost|p2a: Zamazenta|def|1
|turn|19
|
|t:|1779814467
|move|p2a: Zamazenta|Close Combat|p1a: Okidogi
|-resisted|p1a: Okidogi
|-damage|p1a: Okidogi|80/100
|-unboost|p2a: Zamazenta|def|1
|-unboost|p2a: Zamazenta|spd|1
|move|p1a: Okidogi|Poison Jab|p2a: Zamazenta
|-damage|p2a: Zamazenta|44/100
|
|-heal|p2a: Zamazenta|50/100|[from] item: Leftovers
|-heal|p1a: Okidogi|87/100|[from] item: Black Sludge
|upkeep
|turn|20
|
|t:|1779814477
|move|p2a: Zamazenta|Close Combat|p1a: Okidogi
|-resisted|p1a: Okidogi
|-damage|p1a: Okidogi|70/100
|-unboost|p2a: Zamazenta|def|1
|-unboost|p2a: Zamazenta|spd|1
|move|p1a: Okidogi|Knock Off|p2a: Zamazenta
|-resisted|p2a: Zamazenta
|-damage|p2a: Zamazenta|18/100
|-enditem|p2a: Zamazenta|Leftovers|[from] move: Knock Off|[of] p1a: Okidogi
|
|-heal|p1a: Okidogi|76/100|[from] item: Black Sludge
|upkeep
|turn|21
|
|t:|1779814487
|move|p2a: Zamazenta|Close Combat|p1a: Okidogi
|-resisted|p1a: Okidogi
|-damage|p1a: Okidogi|60/100
|-unboost|p2a: Zamazenta|def|1
|-unboost|p2a: Zamazenta|spd|1
|move|p1a: Okidogi|Drain Punch|p2a: Zamazenta
|-damage|p2a: Zamazenta|0 fnt
|-heal|p1a: Okidogi|69/100|[from] drain|[of] p2a: Zamazenta
|faint|p2a: Zamazenta
|
|-heal|p1a: Okidogi|75/100|[from] item: Black Sludge
|upkeep
|
|t:|1779814511
|switch|p2a: Primarina|Primarina, M, shiny|84/100
|turn|22
|
|t:|1779814523
|move|p1a: Okidogi|Poison Jab|p2a: Primarina
|-supereffective|p2a: Primarina
|-damage|p2a: Primarina|0 fnt
|faint|p2a: Primarina
|
|-heal|p1a: Okidogi|82/100|[from] item: Black Sludge
|upkeep
|-message|Phoollazy forfeited.
|
|win|RandoNminous
|raw|RandoNminous's rating: 1102 &rarr; <strong>1125</strong><br />(+23 for winning)
|raw|Phoollazy's rating: 1076 &rarr; <strong>1056</strong><br />(-20 for losing)
|l|☆Phoollazy
|player|p2|
