|j|☆bignys900
|j|☆Test g17
|t:|1779800221
|gametype|singles
|player|p1|bignys900|psychicf-gen4|1168
|player|p2|Test g17|hilbert|1147
|gen|9
|tier|[Gen 9] OU
|rated|
|rule|HP Percentage Mod: HP is shown in percentages
|rule|Endless Battle Clause: Forcing endless battles is banned
|rule|Species Clause: Limit one of each Pokémon
|rule|OHKO Clause: OHKO moves are banned
|rule|Evasion Items Clause: Evasion items are banned
|rule|Evasion Moves Clause: Evasion moves are banned
|rule|Evasion Abilities Clause: Evasion abilities are banned
|rule|Sleep Moves Clause: Sleep-inducing moves are banned
|clearpoke
|poke|p1|Mamoswine, M|
|poke|p1|Blaziken, F|
|poke|p1|Clefable, M|
|poke|p1|Lumineon, F|
|poke|p1|Kilowattrel, F|
|poke|p1|Scizor, F|
|poke|p2|Feraligatr, F|
|poke|p2|Deoxys-Speed|
|poke|p2|Iron Treads|
|poke|p2|Iron Moth|
|poke|p2|Mamoswine, F|
|poke|p2|Keldeo-Resolute|
|teampreview
|inactive|Battle timer is ON: inactive players will automatically lose when time's up. (requested by bignys900)
|
|t:|1779800236
|teamsize|p1|6
|teamsize|p2|6
|start
|switch|p1a: Mamoswine|Mamoswine, M, shiny|100/100
|switch|p2a: Keldeo|Keldeo-Resolute|100/100
|turn|1
|
|t:|1779800243
|-terastallize|p1a: Mamoswine|Grass
|move|p2a: Keldeo|Surf|p1a: Mamoswine
|-resisted|p1a: Mamoswine
|-damage|p1a: Mamoswine|54/100
|move|p1a: Mamoswine|Trailblaze|p2a: Keldeo
|-supereffective|p2a: Keldeo
|-damage|p2a: Keldeo|29/100
|-boost|p1a: Mamoswine|spe|1
|
|-heal|p1a: Mamoswine|60/100|[from] item: Leftovers
|upkeep
|turn|2
|
|t:|1779800256
|switch|p2a: Mamoswine|Mamoswine, F|100/100
|move|p1a: Mamoswine|Trailblaze|p2a: Mamoswine
|-supereffective|p2a: Mamoswine
|-damage|p2a: Mamoswine|23/100
|-boost|p1a: Mamoswine|spe|1
|
|-heal|p1a: Mamoswine|66/100|[from] item: Leftovers
|upkeep
|turn|3
|
|t:|1779800265
|move|p2a: Mamoswine|Ice Shard|p1a: Mamoswine
|-supereffective|p1a: Mamoswine
|-damage|p1a: Mamoswine|41/100
|move|p1a: Mamoswine|Trailblaze|p2a: Mamoswine
|-supereffective|p2a: Mamoswine
|-damage|p2a: Mamoswine|0 fnt
|-boost|p1a: Mamoswine|spe|1
|faint|p2a: Mamoswine
|
|-heal|p1a: Mamoswine|47/100|[from] item: Leftovers
|upkeep
|
|t:|1779800268
|switch|p2a: Iron Moth|Iron Moth|100/100
|-enditem|p2a: Iron Moth|Booster Energy
|-activate|p2a: Iron Moth|ability: Quark Drive|[fromitem]
|-start|p2a: Iron Moth|quarkdrivespe
|turn|4
|
|t:|1779800272
|move|p1a: Mamoswine|Rock Slide|p2a: Iron Moth
|-supereffective|p2a: Iron Moth
|-damage|p2a: Iron Moth|7/100
|move|p2a: Iron Moth|Fiery Dance|p1a: Mamoswine
|-supereffective|p1a: Mamoswine
|-damage|p1a: Mamoswine|0 fnt
|faint|p1a: Mamoswine
|
|upkeep
|
|t:|1779800284
|switch|p1a: Blaziken|Blaziken, F, shiny|100/100
|turn|5
|
|t:|1779800288
|move|p2a: Iron Moth|Dazzling Gleam|p1a: Blaziken
|-damage|p1a: Blaziken|58/100
|move|p1a: Blaziken|Swords Dance|p1a: Blaziken
|-boost|p1a: Blaziken|atk|2
|
|-ability|p1a: Blaziken|Speed Boost|boost
|-boost|p1a: Blaziken|spe|1
|upkeep
|turn|6
|
|t:|1779800298
|move|p2a: Iron Moth|Sludge Wave|p1a: Blaziken
|-damage|p1a: Blaziken|0 fnt
|faint|p1a: Blaziken
|
|upkeep
|
|t:|1779800306
|switch|p1a: Lumineon|Lumineon, F|100/100
|turn|7
|
|t:|1779800309
|move|p2a: Iron Moth|Energy Ball|p1a: Lumineon
|-supereffective|p1a: Lumineon
|-damage|p1a: Lumineon|18/100
|move|p1a: Lumineon|Ice Beam|p2a: Iron Moth
|-resisted|p2a: Iron Moth
|-damage|p2a: Iron Moth|0 fnt
|faint|p2a: Iron Moth
|-end|p2a: Iron Moth|Quark Drive|[silent]
|
|-heal|p1a: Lumineon|24/100|[from] item: Leftovers
|upkeep
|
|t:|1779800318
|switch|p2a: Feraligatr|Feraligatr, F|100/100
|turn|8
|
|t:|1779800320
|move|p1a: Lumineon|Tailwind|p1a: Lumineon
|-sidestart|p1: bignys900|move: Tailwind
|move|p2a: Feraligatr|Swords Dance|p2a: Feraligatr
|-boost|p2a: Feraligatr|atk|2
|
|-heal|p1a: Lumineon|30/100|[from] item: Leftovers
|upkeep
|turn|9
|
|t:|1779800326
|move|p1a: Lumineon|Surf|p2a: Feraligatr
|-resisted|p2a: Feraligatr
|-damage|p2a: Feraligatr|79/100
|move|p2a: Feraligatr|Crunch|p1a: Lumineon
|-damage|p1a: Lumineon|0 fnt
|faint|p1a: Lumineon
|
|upkeep
|
|t:|1779800329
|switch|p1a: Clefable|Clefable, M|100/100
|turn|10
|
|t:|1779800334
|move|p1a: Clefable|Grass Knot|p2a: Feraligatr
|-supereffective|p2a: Feraligatr
|-damage|p2a: Feraligatr|17/100
|move|p2a: Feraligatr|Liquidation|p1a: Clefable
|-damage|p1a: Clefable|25/100
|
|-heal|p1a: Clefable|31/100|[from] item: Leftovers
|upkeep
|turn|11
|
|t:|1779800340
|move|p2a: Feraligatr|Aqua Jet|p1a: Clefable
|-damage|p1a: Clefable|3/100
|-damage|p2a: Feraligatr|7/100|[from] item: Life Orb
|move|p1a: Clefable|Grass Knot|p2a: Feraligatr
|-supereffective|p2a: Feraligatr
|-damage|p2a: Feraligatr|0 fnt
|faint|p2a: Feraligatr
|
|-heal|p1a: Clefable|9/100|[from] item: Leftovers
|-sideend|p1: bignys900|move: Tailwind
|upkeep
|
|t:|1779800347
|switch|p2a: Iron Treads|Iron Treads|100/100
|turn|12
|
|t:|1779800350
|move|p2a: Iron Treads|Rapid Spin|p1a: Clefable
|-damage|p1a: Clefable|0 fnt
|-boost|p2a: Iron Treads|spe|1
|faint|p1a: Clefable
|
|upkeep
|
|t:|1779800355
|switch|p1a: Scizor|Scizor, F|100/100
|turn|13
|
|t:|1779800359
|-terastallize|p2a: Iron Treads|Ground
|move|p2a: Iron Treads|Earth Power|p1a: Scizor
|-damage|p1a: Scizor|52/100
|move|p1a: Scizor|Swords Dance|p1a: Scizor
|-boost|p1a: Scizor|atk|2
|
|upkeep
|turn|14
|
|t:|1779800370
|-end|p2a: Iron Treads|Quark Drive|[silent]
|switch|p2a: Deoxys|Deoxys-Speed|100/100
|-ability|p2a: Deoxys|Pressure
|move|p1a: Scizor|Bullet Punch|p2a: Deoxys
|-damage|p2a: Deoxys|11/100
|
|upkeep
|turn|15
|
|t:|1779800390
|move|p1a: Scizor|Bullet Punch|p2a: Deoxys
|-damage|p2a: Deoxys|0 fnt
|faint|p2a: Deoxys
|
|upkeep
|
|t:|1779800392
|switch|p2a: Keldeo|Keldeo-Resolute|29/100
|turn|16
|
|t:|1779800397
|move|p1a: Scizor|Bullet Punch|p2a: Keldeo
|-resisted|p2a: Keldeo
|-damage|p2a: Keldeo|0 fnt
|faint|p2a: Keldeo
|
|upkeep
|
|t:|1779800399
|switch|p2a: Iron Treads|Iron Treads, tera:Ground|100/100
|turn|17
|
|t:|1779800406
|move|p1a: Scizor|Bullet Punch|p2a: Iron Treads
|-damage|p2a: Iron Treads|40/100
|move|p2a: Iron Treads|Earth Power|p1a: Scizor
|-crit|p1a: Scizor
|-damage|p1a: Scizor|0 fnt
|faint|p1a: Scizor
|
|upkeep
|
|t:|1779800409
|switch|p1a: Kilowattrel|Kilowattrel, F|100/100
|turn|18
|
|t:|1779800416
|move|p1a: Kilowattrel|Air Slash|p2a: Iron Treads
|-crit|p2a: Iron Treads
|-damage|p2a: Iron Treads|0 fnt
|faint|p2a: Iron Treads
|-end|p2a: Iron Treads|Quark Drive|[silent]
|-damage|p1a: Kilowattrel|91/100|[from] item: Life Orb
|
|win|bignys900
|raw|bignys900's rating: 1168 &rarr; <strong>1191</strong><br />(+23 for winning)
|raw|Test g17's rating: 1147 &rarr; <strong>1124</strong><br />(-23 for losing)
|l|☆Test g17
|player|p2|
|l|☆bignys900
|player|p1|
