|j|☆volcaronaisboss
|j|☆surprised head
|t:|1779804741
|gametype|singles
|player|p1|volcaronaisboss|burglar-gen3|1576
|player|p2|surprised head|101|1584
|gen|9
|tier|[Gen 9] OU
|rated|
|rule|HP Percentage Mod: HP is shown in percentages
|rule|Endless Battle Clause: Forcing endless battles is banned
|rule|Species Clause: Limit one of each Pokémon
|rule|OHKO Clause: OHKO moves are banned
|rule|Evasion Items Clause: Evasion items are banned
|rule|Evasion Moves Clause: Evasion moves are banned
|rule|Evasion Abilities Clause: Evasion abilities are banned
|rule|Sleep Moves Clause: Sleep-inducing moves are banned
|clearpoke
|poke|p1|Comfey, M|
|poke|p1|Whimsicott, M|
|poke|p1|Iron Moth|
|poke|p1|Walking Wake|
|poke|p1|Great Tusk|
|poke|p1|Ninetales, F|
|poke|p2|Zapdos|
|poke|p2|Weavile, M|
|poke|p2|Pecharunt|
|poke|p2|Great Tusk|
|poke|p2|Hatterene, F|
|poke|p2|Gliscor, M|
|teampreview
|inactive|Battle timer is ON: inactive players will automatically lose when time's up. (requested by volcaronaisboss)
|inactive|volcaronaisboss has 120 seconds left.
|inactive|volcaronaisboss has 90 seconds left.
|inactive|volcaronaisboss has 60 seconds left.
|
|t:|1779804852
|teamsize|p1|6
|teamsize|p2|6
|start
|switch|p1a: Walking Wake|Walking Wake|100/100
|switch|p2a: Hatterene|Hatterene, F|100/100
|turn|1
|inactive|surprised head has 120 seconds left.
|
|t:|1779804895
|move|p1a: Walking Wake|Flip Turn|p2a: Hatterene
|-damage|p2a: Hatterene|82/100
|
|t:|1779804902
|-end|p1a: Walking Wake|Protosynthesis|[silent]
|switch|p1a: Ninetales|Ninetales, F|100/100|[from] Flip Turn
|-weather|SunnyDay|[from] ability: Drought|[of] p1a: Ninetales
|move|p2a: Hatterene|Psychic Noise|p1a: Ninetales
|-damage|p1a: Ninetales|63/100
|-start|p1a: Ninetales|move: Heal Block
|
|-weather|SunnyDay|[upkeep]
|upkeep
|turn|2
|inactive|surprised head has 120 seconds left.
|
|t:|1779804918
|switch|p1a: Walking Wake|Walking Wake|100/100
|-activate|p1a: Walking Wake|ability: Protosynthesis
|-start|p1a: Walking Wake|protosynthesisspe
|move|p2a: Hatterene|Psyshock|p1a: Walking Wake
|-damage|p1a: Walking Wake|62/100
|
|-weather|SunnyDay|[upkeep]
|upkeep
|turn|3
|
|t:|1779804922
|move|p1a: Walking Wake|Hydro Steam|p2a: Hatterene
|-damage|p2a: Hatterene|44/100
|move|p2a: Hatterene|Draining Kiss|p1a: Walking Wake
|-supereffective|p1a: Walking Wake
|-crit|p1a: Walking Wake
|-damage|p1a: Walking Wake|9/100
|-heal|p2a: Hatterene|94/100|[from] drain|[of] p1a: Walking Wake
|
|-weather|SunnyDay|[upkeep]
|upkeep
|turn|4
|
|t:|1779804930
|move|p1a: Walking Wake|Flip Turn|p2a: Hatterene
|-damage|p2a: Hatterene|86/100
|
|t:|1779804932
|-end|p1a: Walking Wake|Protosynthesis|[silent]
|switch|p1a: Iron Moth|Iron Moth|100/100|[from] Flip Turn
|-enditem|p1a: Iron Moth|Booster Energy
|-activate|p1a: Iron Moth|ability: Quark Drive|[fromitem]
|-start|p1a: Iron Moth|quarkdrivespa
|move|p2a: Hatterene|Draining Kiss|p1a: Iron Moth
|-resisted|p1a: Iron Moth
|-damage|p1a: Iron Moth|94/100
|-heal|p2a: Hatterene|91/100|[from] drain|[of] p1a: Iron Moth
|
|-weather|SunnyDay|[upkeep]
|upkeep
|turn|5
|
|t:|1779804941
|switch|p2a: Gliscor|Gliscor, M|100/100
|move|p1a: Iron Moth|Fiery Dance|p2a: Gliscor
|-damage|p2a: Gliscor|22/100
|-boost|p1a: Iron Moth|spa|1
|
|-weather|SunnyDay|[upkeep]
|-status|p2a: Gliscor|tox|[from] item: Toxic Orb
|upkeep
|turn|6
|
|t:|1779804952
|move|p2a: Gliscor|Protect|p2a: Gliscor
|-singleturn|p2a: Gliscor|Protect
|move|p1a: Iron Moth|Fiery Dance|p2a: Gliscor
|-activate|p2a: Gliscor|move: Protect
|
|-weather|SunnyDay|[upkeep]
|-heal|p2a: Gliscor|34/100 tox|[from] ability: Poison Heal
|upkeep
|turn|7
|
|t:|1779804971
|move|p1a: Iron Moth|Fiery Dance|p2a: Gliscor
|-damage|p2a: Gliscor|0 fnt
|faint|p2a: Gliscor
|
|-weather|SunnyDay|[upkeep]
|upkeep
|
|t:|1779804978
|switch|p2a: Hatterene|Hatterene, F|91/100
|turn|8
|
|t:|1779804982
|-terastallize|p2a: Hatterene|Water
|move|p1a: Iron Moth|Fiery Dance|p2a: Hatterene
|-resisted|p2a: Hatterene
|-crit|p2a: Hatterene
|-damage|p2a: Hatterene|36/100
|-boost|p1a: Iron Moth|spa|1
|move|p2a: Hatterene|Psyshock|p1a: Iron Moth
|-supereffective|p1a: Iron Moth
|-damage|p1a: Iron Moth|0 fnt
|faint|p1a: Iron Moth
|-end|p1a: Iron Moth|Quark Drive|[silent]
|
|-weather|none
|upkeep
|
|t:|1779804987
|switch|p1a: Ninetales|Ninetales, F|63/100
|-weather|SunnyDay|[from] ability: Drought|[of] p1a: Ninetales
|turn|9
|
|t:|1779804991
|switch|p1a: Walking Wake|Walking Wake|9/100
|-activate|p1a: Walking Wake|ability: Protosynthesis
|-start|p1a: Walking Wake|protosynthesisspe
|move|p2a: Hatterene|Draining Kiss|p1a: Walking Wake
|-supereffective|p1a: Walking Wake
|-damage|p1a: Walking Wake|0 fnt
|-heal|p2a: Hatterene|44/100|[from] drain|[of] p1a: Walking Wake
|faint|p1a: Walking Wake
|-end|p1a: Walking Wake|Protosynthesis|[silent]
|
|-weather|SunnyDay|[upkeep]
|upkeep
|
|t:|1779805003
|switch|p1a: Whimsicott|Whimsicott, M|100/100
|turn|10
|
|t:|1779805008
|move|p1a: Whimsicott|Growth|p1a: Whimsicott
|-boost|p1a: Whimsicott|atk|2
|-boost|p1a: Whimsicott|spa|2
|move|p2a: Hatterene|Mystical Fire|p1a: Whimsicott
|-supereffective|p1a: Whimsicott
|-damage|p1a: Whimsicott|0 fnt
|faint|p1a: Whimsicott
|
|-weather|SunnyDay|[upkeep]
|upkeep
|
|t:|1779805013
|switch|p1a: Comfey|Comfey, M|100/100
|turn|11
|
|t:|1779805029
|switch|p2a: Pecharunt|Pecharunt|100/100
|move|p1a: Comfey|Growth|p1a: Comfey
|-boost|p1a: Comfey|atk|2
|-boost|p1a: Comfey|spa|2
|
|-weather|SunnyDay|[upkeep]
|upkeep
|turn|12
|
|t:|1779805034
|-terastallize|p1a: Comfey|Water
|move|p1a: Comfey|Stored Power|p2a: Pecharunt
|-supereffective|p2a: Pecharunt
|-damage|p2a: Pecharunt|0 fnt
|faint|p2a: Pecharunt
|-damage|p1a: Comfey|91/100|[from] item: Life Orb
|
|-weather|SunnyDay|[upkeep]
|upkeep
|
|t:|1779805048
|switch|p2a: Zapdos|Zapdos|100/100
|turn|13
|
|t:|1779805055
|move|p2a: Zapdos|Volt Switch|p1a: Comfey
|-supereffective|p1a: Comfey
|-damage|p1a: Comfey|14/100
|
|t:|1779805061
|switch|p2a: Hatterene|Hatterene, F, tera:Water|44/100|[from] Volt Switch
|move|p1a: Comfey|Growth|p1a: Comfey
|-boost|p1a: Comfey|atk|2
|-boost|p1a: Comfey|spa|2
|
|-weather|SunnyDay|[upkeep]
|upkeep
|turn|14
|
|t:|1779805065
|move|p1a: Comfey|Draining Kiss|p2a: Hatterene
|-damage|p2a: Hatterene|0 fnt
|-heal|p1a: Comfey|48/100|[from] drain|[of] p2a: Hatterene
|faint|p2a: Hatterene
|-damage|p1a: Comfey|38/100|[from] item: Life Orb
|
|-weather|SunnyDay|[upkeep]
|upkeep
|
|t:|1779805069
|switch|p2a: Zapdos|Zapdos|100/100
|turn|15
|
|t:|1779805072
|move|p1a: Comfey|Draining Kiss|p2a: Zapdos
|-damage|p2a: Zapdos|8/100
|-heal|p1a: Comfey|100/100|[from] drain|[of] p2a: Zapdos
|-damage|p1a: Comfey|84/100|[from] item: Rocky Helmet|[of] p2a: Zapdos
|-damage|p1a: Comfey|74/100|[from] item: Life Orb
|move|p2a: Zapdos|Volt Switch|p1a: Comfey
|-supereffective|p1a: Comfey
|-damage|p1a: Comfey|3/100
|
|t:|1779805087
|switch|p2a: Weavile|Weavile, M|100/100|[from] Volt Switch
|-ability|p2a: Weavile|Pressure
|
|-weather|SunnyDay|[upkeep]
|upkeep
|turn|16
|
|t:|1779805094
|switch|p2a: Zapdos|Zapdos|8/100
|move|p1a: Comfey|Synthesis|p1a: Comfey
|-heal|p1a: Comfey|70/100
|
|-weather|none
|upkeep
|turn|17
|
|t:|1779805098
|move|p1a: Comfey|Draining Kiss|p2a: Zapdos
|-damage|p2a: Zapdos|0 fnt
|-heal|p1a: Comfey|76/100|[from] drain|[of] p2a: Zapdos
|-damage|p1a: Comfey|60/100|[from] item: Rocky Helmet|[of] p2a: Zapdos
|faint|p2a: Zapdos
|-damage|p1a: Comfey|50/100|[from] item: Life Orb
|
|upkeep
|c|☆volcaronaisboss|gg
|c|☆surprised head|gg
|
|t:|1779805107
|switch|p2a: Great Tusk|Great Tusk|100/100
|turn|18
|
|t:|1779805109
|move|p1a: Comfey|Draining Kiss|p2a: Great Tusk
|-supereffective|p2a: Great Tusk
|-damage|p2a: Great Tusk|0 fnt
|-heal|p1a: Comfey|100/100|[from] drain|[of] p2a: Great Tusk
|faint|p2a: Great Tusk
|-end|p2a: Great Tusk|Protosynthesis|[silent]
|-damage|p1a: Comfey|91/100|[from] item: Life Orb
|
|upkeep
|
|t:|1779805115
|switch|p2a: Weavile|Weavile, M|100/100
|-ability|p2a: Weavile|Pressure
|turn|19
|
|t:|1779805117
|move|p1a: Comfey|Draining Kiss|p2a: Weavile
|-supereffective|p2a: Weavile
|-damage|p2a: Weavile|0 fnt
|-heal|p1a: Comfey|100/100|[from] drain|[of] p2a: Weavile
|faint|p2a: Weavile
|-damage|p1a: Comfey|91/100|[from] item: Life Orb
|
|win|volcaronaisboss
|raw|volcaronaisboss's rating: 1576 &rarr; <strong>1596</strong><br />(+20 for winning)
|raw|surprised head's rating: 1584 &rarr; <strong>1564</strong><br />(-20 for losing)
|l|☆volcaronaisboss
|player|p1|
|l|☆surprised head
|player|p2|
