|j|☆northside mons
|j|☆PieCubed^3
|t:|1779946328
|gametype|singles
|player|p1|northside mons|fisherman-gen4|1432
|player|p2|PieCubed^3|hilda-wonderlauncher|1434
|gen|9
|tier|[Gen 9] OU
|rated|
|rule|HP Percentage Mod: HP is shown in percentages
|rule|Endless Battle Clause: Forcing endless battles is banned
|rule|Species Clause: Limit one of each Pokémon
|rule|OHKO Clause: OHKO moves are banned
|rule|Evasion Items Clause: Evasion items are banned
|rule|Evasion Moves Clause: Evasion moves are banned
|rule|Evasion Abilities Clause: Evasion abilities are banned
|rule|Sleep Moves Clause: Sleep-inducing moves are banned
|clearpoke
|poke|p1|Landorus-Therian, M|
|poke|p1|Gholdengo|
|poke|p1|Rillaboom, M|
|poke|p1|Walking Wake|
|poke|p1|Volcanion|
|poke|p1|Zamazenta-*|
|poke|p2|Ninetales, M|
|poke|p2|Raging Bolt|
|poke|p2|Ceruledge, M|
|poke|p2|Leafeon, M|
|poke|p2|Great Tusk|
|poke|p2|Comfey, M|
|teampreview
|
|t:|1779946340
|teamsize|p1|6
|teamsize|p2|6
|start
|switch|p1a: Volcanion|Volcanion|100/100
|switch|p2a: Ninetales|Ninetales, M|100/100
|-weather|SunnyDay|[from] ability: Drought|[of] p2a: Ninetales
|turn|1
|inactive|Battle timer is ON: inactive players will automatically lose when time's up. (requested by PieCubed^3)
|inactive|PieCubed^3 has 120 seconds left.
|
|t:|1779946389
|switch|p2a: Raging Bolt|Raging Bolt|100/100
|-activate|p2a: Raging Bolt|ability: Protosynthesis
|-start|p2a: Raging Bolt|protosynthesisspa
|move|p1a: Volcanion|Flamethrower|p2a: Raging Bolt
|-resisted|p2a: Raging Bolt
|-damage|p2a: Raging Bolt|63/100
|
|-weather|SunnyDay|[upkeep]
|upkeep
|turn|2
|
|t:|1779946406
|switch|p1a: Landorus|Landorus-Therian, M|100/100
|-ability|p1a: Landorus|Intimidate|boost
|-unboost|p2a: Raging Bolt|atk|1
|move|p2a: Raging Bolt|Draco Meteor|p1a: Landorus
|-crit|p1a: Landorus
|-damage|p1a: Landorus|0 fnt
|-unboost|p2a: Raging Bolt|spa|2
|faint|p1a: Landorus
|
|-weather|SunnyDay|[upkeep]
|upkeep
|
|t:|1779946412
|switch|p1a: Zamazenta|Zamazenta|100/100
|-ability|p1a: Zamazenta|Dauntless Shield|boost
|-boost|p1a: Zamazenta|def|1
|turn|3
|
|t:|1779946419
|-end|p2a: Raging Bolt|Protosynthesis|[silent]
|switch|p2a: Comfey|Comfey, M|100/100
|move|p1a: Zamazenta|Ice Fang|p2a: Comfey
|-damage|p2a: Comfey|61/100
|-damage|p1a: Zamazenta|91/100|[from] item: Life Orb
|
|-weather|SunnyDay|[upkeep]
|upkeep
|turn|4
|
|t:|1779946426
|move|p2a: Comfey|Draining Kiss|p1a: Zamazenta
|-supereffective|p1a: Zamazenta
|-damage|p1a: Zamazenta|36/100
|-heal|p2a: Comfey|100/100|[from] drain|[of] p1a: Zamazenta
|-damage|p2a: Comfey|91/100|[from] item: Life Orb
|move|p1a: Zamazenta|Psychic Fangs|p2a: Comfey
|-damage|p2a: Comfey|44/100
|-damage|p1a: Zamazenta|26/100|[from] item: Life Orb
|
|-weather|SunnyDay|[upkeep]
|upkeep
|turn|5
|j| Kakimori
|
|t:|1779946440
|switch|p1a: Volcanion|Volcanion|100/100
|move|p2a: Comfey|Synthesis|p2a: Comfey
|-heal|p2a: Comfey|100/100
|
|-weather|SunnyDay|[upkeep]
|upkeep
|turn|6
|
|t:|1779946446
|move|p2a: Comfey|Growth|p2a: Comfey
|-boost|p2a: Comfey|atk|2
|-boost|p2a: Comfey|spa|2
|move|p1a: Volcanion|Flamethrower|p2a: Comfey
|-damage|p2a: Comfey|18/100
|
|-weather|SunnyDay|[upkeep]
|upkeep
|turn|7
|
|t:|1779946451
|move|p2a: Comfey|Stored Power|p1a: Volcanion
|-damage|p1a: Volcanion|12/100
|-damage|p2a: Comfey|8/100|[from] item: Life Orb
|move|p1a: Volcanion|Flamethrower|p2a: Comfey
|-damage|p2a: Comfey|0 fnt
|faint|p2a: Comfey
|
|-weather|SunnyDay|[upkeep]
|upkeep
|
|t:|1779946457
|switch|p2a: Great Tusk|Great Tusk|100/100
|-activate|p2a: Great Tusk|ability: Protosynthesis
|-start|p2a: Great Tusk|protosynthesisspe
|turn|8
|
|t:|1779946460
|move|p2a: Great Tusk|Rapid Spin|p1a: Volcanion
|-damage|p1a: Volcanion|0 fnt
|-boost|p2a: Great Tusk|spe|1
|faint|p1a: Volcanion
|
|-weather|none
|-end|p2a: Great Tusk|Protosynthesis
|upkeep
|
|t:|1779946469
|switch|p1a: Rillaboom|Rillaboom, M|100/100
|-fieldstart|move: Grassy Terrain|[from] ability: Grassy Surge|[of] p1a: Rillaboom
|turn|9
|
|t:|1779946474
|-end|p2a: Great Tusk|Protosynthesis|[silent]
|switch|p2a: Ninetales|Ninetales, M|100/100
|-weather|SunnyDay|[from] ability: Drought|[of] p2a: Ninetales
|switch|p1a: Gholdengo|Gholdengo|100/100
|-enditem|p1a: Gholdengo|Grassy Seed
|-boost|p1a: Gholdengo|def|1|[from] item: Grassy Seed
|
|-weather|SunnyDay|[upkeep]
|upkeep
|turn|10
|
|t:|1779946481
|switch|p1a: Walking Wake|Walking Wake|100/100
|-activate|p1a: Walking Wake|ability: Protosynthesis
|-start|p1a: Walking Wake|protosynthesisspa
|move|p2a: Ninetales|Weather Ball|p1a: Walking Wake
|-resisted|p1a: Walking Wake
|-damage|p1a: Walking Wake|88/100
|
|-weather|SunnyDay|[upkeep]
|-heal|p1a: Walking Wake|94/100|[from] Grassy Terrain
|upkeep
|turn|11
|inactive|PieCubed^3 has 120 seconds left.
|
|t:|1779946537
|switch|p2a: Great Tusk|Great Tusk|100/100
|-activate|p2a: Great Tusk|ability: Protosynthesis
|-start|p2a: Great Tusk|protosynthesisspe
|move|p1a: Walking Wake|Agility|p1a: Walking Wake
|-boost|p1a: Walking Wake|spe|2
|
|-weather|SunnyDay|[upkeep]
|-heal|p1a: Walking Wake|99/100|[from] Grassy Terrain
|upkeep
|turn|12
|
|t:|1779946551
|move|p1a: Walking Wake|Surf|p2a: Great Tusk
|-supereffective|p2a: Great Tusk
|-damage|p2a: Great Tusk|16/100
|move|p2a: Great Tusk|Headlong Rush|p1a: Walking Wake
|-damage|p1a: Walking Wake|44/100
|-unboost|p2a: Great Tusk|def|1
|-unboost|p2a: Great Tusk|spd|1
|
|-weather|SunnyDay|[upkeep]
|-heal|p1a: Walking Wake|50/100|[from] Grassy Terrain
|-heal|p2a: Great Tusk|22/100|[from] Grassy Terrain
|upkeep
|turn|13
|
|t:|1779946559
|move|p1a: Walking Wake|Surf|p2a: Great Tusk
|-supereffective|p2a: Great Tusk
|-damage|p2a: Great Tusk|0 fnt
|faint|p2a: Great Tusk
|-end|p2a: Great Tusk|Protosynthesis|[silent]
|
|-weather|SunnyDay|[upkeep]
|-heal|p1a: Walking Wake|56/100|[from] Grassy Terrain
|-fieldend|move: Grassy Terrain
|upkeep
|inactive|PieCubed^3 has 90 seconds left.
|
|t:|1779946581
|switch|p2a: Raging Bolt|Raging Bolt|63/100
|-activate|p2a: Raging Bolt|ability: Protosynthesis
|-start|p2a: Raging Bolt|protosynthesisspa
|turn|14
|
|t:|1779946588
|move|p2a: Raging Bolt|Thunderclap|p1a: Walking Wake
|-damage|p1a: Walking Wake|0 fnt
|faint|p1a: Walking Wake
|-end|p1a: Walking Wake|Protosynthesis|[silent]
|
|-weather|SunnyDay|[upkeep]
|upkeep
|
|t:|1779946592
|switch|p1a: Gholdengo|Gholdengo|100/100
|turn|15
|
|t:|1779946601
|move|p2a: Raging Bolt|Thunderclap|p1a: Gholdengo
|-damage|p1a: Gholdengo|34/100
|move|p1a: Gholdengo|Shadow Ball|p2a: Raging Bolt
|-damage|p2a: Raging Bolt|21/100
|
|-weather|SunnyDay|[upkeep]
|upkeep
|turn|16
|
|t:|1779946608
|move|p2a: Raging Bolt|Thunderclap||[still]
|-fail|p2a: Raging Bolt
|move|p1a: Gholdengo|Recover|p1a: Gholdengo
|-heal|p1a: Gholdengo|85/100
|
|-weather|none
|-end|p2a: Raging Bolt|Protosynthesis
|upkeep
|turn|17
|
|t:|1779946613
|-end|p2a: Raging Bolt|Protosynthesis|[silent]
|switch|p2a: Ninetales|Ninetales, M|100/100
|-weather|SunnyDay|[from] ability: Drought|[of] p2a: Ninetales
|move|p1a: Gholdengo|Nasty Plot|p1a: Gholdengo
|-boost|p1a: Gholdengo|spa|2
|
|-weather|SunnyDay|[upkeep]
|upkeep
|turn|18
|
|t:|1779946621
|-terastallize|p1a: Gholdengo|Fairy
|move|p2a: Ninetales|Weather Ball|p1a: Gholdengo
|-damage|p1a: Gholdengo|50/100
|move|p1a: Gholdengo|Recover|p1a: Gholdengo
|-heal|p1a: Gholdengo|100/100
|
|-weather|SunnyDay|[upkeep]
|upkeep
|turn|19
|
|t:|1779946631
|move|p2a: Ninetales|Weather Ball|p1a: Gholdengo
|-damage|p1a: Gholdengo|62/100
|move|p1a: Gholdengo|Shadow Ball|p2a: Ninetales
|-damage|p2a: Ninetales|28/100
|-unboost|p2a: Ninetales|spd|1
|
|-weather|SunnyDay|[upkeep]
|upkeep
|turn|20
|
|t:|1779946635
|move|p2a: Ninetales|Weather Ball|p1a: Gholdengo
|-damage|p1a: Gholdengo|26/100
|move|p1a: Gholdengo|Recover|p1a: Gholdengo
|-heal|p1a: Gholdengo|76/100
|
|-weather|SunnyDay|[upkeep]
|upkeep
|turn|21
|
|t:|1779946637
|move|p2a: Ninetales|Weather Ball|p1a: Gholdengo
|-damage|p1a: Gholdengo|41/100
|move|p1a: Gholdengo|Recover|p1a: Gholdengo
|-heal|p1a: Gholdengo|91/100
|
|-weather|SunnyDay|[upkeep]
|upkeep
|turn|22
|
|t:|1779946641
|move|p2a: Ninetales|Weather Ball|p1a: Gholdengo
|-damage|p1a: Gholdengo|54/100
|move|p1a: Gholdengo|Recover|p1a: Gholdengo
|-heal|p1a: Gholdengo|100/100
|
|-weather|SunnyDay|[upkeep]
|upkeep
|turn|23
|
|t:|1779946643
|move|p2a: Ninetales|Weather Ball|p1a: Gholdengo
|-damage|p1a: Gholdengo|62/100
|move|p1a: Gholdengo|Shadow Ball|p2a: Ninetales
|-damage|p2a: Ninetales|0 fnt
|faint|p2a: Ninetales
|
|-weather|SunnyDay|[upkeep]
|upkeep
|
|t:|1779946653
|switch|p2a: Leafeon|Leafeon, M|100/100
|turn|24
|
|t:|1779946656
|move|p2a: Leafeon|Solar Blade||[still]
|-prepare|p2a: Leafeon|Solar Blade
|-anim|p2a: Leafeon|Solar Blade|p1a: Gholdengo
|-damage|p1a: Gholdengo|0 fnt
|faint|p1a: Gholdengo
|-damage|p2a: Leafeon|91/100|[from] item: Life Orb
|
|-weather|none
|upkeep
|
|t:|1779946663
|switch|p1a: Zamazenta|Zamazenta|26/100
|turn|25
|
|t:|1779946672
|move|p1a: Zamazenta|Ice Fang|p2a: Leafeon|[miss]
|-miss|p1a: Zamazenta|p2a: Leafeon
|move|p2a: Leafeon|Knock Off|p1a: Zamazenta
|-resisted|p1a: Zamazenta
|-damage|p1a: Zamazenta|5/100
|-enditem|p1a: Zamazenta|Life Orb|[from] move: Knock Off|[of] p2a: Leafeon
|-damage|p2a: Leafeon|81/100|[from] item: Life Orb
|
|upkeep
|turn|26
|
|t:|1779946674
|move|p1a: Zamazenta|Ice Fang|p2a: Leafeon
|-supereffective|p2a: Leafeon
|-damage|p2a: Leafeon|34/100
|move|p2a: Leafeon|Knock Off|p1a: Zamazenta
|-resisted|p1a: Zamazenta
|-damage|p1a: Zamazenta|0 fnt
|faint|p1a: Zamazenta
|-damage|p2a: Leafeon|24/100|[from] item: Life Orb
|
|upkeep
|
|t:|1779946677
|switch|p1a: Rillaboom|Rillaboom, M|100/100
|-fieldstart|move: Grassy Terrain|[from] ability: Grassy Surge|[of] p1a: Rillaboom
|turn|27
|
|t:|1779946679
|move|p2a: Leafeon|Knock Off|p1a: Rillaboom
|-damage|p1a: Rillaboom|54/100
|-enditem|p1a: Rillaboom|Life Orb|[from] move: Knock Off|[of] p2a: Leafeon
|-damage|p2a: Leafeon|14/100|[from] item: Life Orb
|move|p1a: Rillaboom|Swords Dance|p1a: Rillaboom
|-boost|p1a: Rillaboom|atk|2
|
|-heal|p2a: Leafeon|20/100|[from] Grassy Terrain
|-heal|p1a: Rillaboom|60/100|[from] Grassy Terrain
|upkeep
|turn|28
|
|t:|1779946687
|move|p1a: Rillaboom|Grassy Glide|p2a: Leafeon
|-resisted|p2a: Leafeon
|-damage|p2a: Leafeon|0 fnt
|faint|p2a: Leafeon
|
|-heal|p1a: Rillaboom|67/100|[from] Grassy Terrain
|upkeep
|
|t:|1779946709
|switch|p2a: Ceruledge|Ceruledge, M|100/100
|-item|p2a: Ceruledge|Air Balloon
|turn|29
|
|t:|1779946720
|move|p2a: Ceruledge|Bitter Blade|p1a: Rillaboom
|-supereffective|p1a: Rillaboom
|-damage|p1a: Rillaboom|0 fnt
|faint|p1a: Rillaboom
|
|win|PieCubed^3
|raw|northside mons's rating: 1432 &rarr; <strong>1412</strong><br />(-20 for losing)
|raw|PieCubed^3's rating: 1434 &rarr; <strong>1454</strong><br />(+20 for winning)
|l| Kakimori
|l|☆PieCubed^3
|player|p2|
|l|☆northside mons
|player|p1|
