|j|☆Pedroelentrenador
|j|☆tperz
|t:|1779900014
|gametype|singles
|player|p1|Pedroelentrenador|n|1407
|player|p2|tperz|gentleman-gen4dp|1426
|gen|9
|tier|[Gen 9] OU
|rated|
|rule|HP Percentage Mod: HP is shown in percentages
|rule|Endless Battle Clause: Forcing endless battles is banned
|rule|Species Clause: Limit one of each Pokémon
|rule|OHKO Clause: OHKO moves are banned
|rule|Evasion Items Clause: Evasion items are banned
|rule|Evasion Moves Clause: Evasion moves are banned
|rule|Evasion Abilities Clause: Evasion abilities are banned
|rule|Sleep Moves Clause: Sleep-inducing moves are banned
|clearpoke
|poke|p1|Hatterene, F|
|poke|p1|Slowbro, F|
|poke|p1|Ursaluna, M|
|poke|p1|Kingambit, M|
|poke|p1|Vikavolt, F|
|poke|p1|Toxapex, F|
|poke|p2|Goodra-Hisui, M|
|poke|p2|Ninetales-Alola, F|
|poke|p2|Glimmora, M|
|poke|p2|Sinistcha-Masterpiece|
|poke|p2|Samurott-Hisui, M|
|poke|p2|Great Tusk|
|teampreview
|inactive|Battle timer is ON: inactive players will automatically lose when time's up. (requested by tperz)
|
|t:|1779900033
|teamsize|p1|6
|teamsize|p2|6
|start
|switch|p1a: Ursaluna|Ursaluna, M|100/100
|switch|p2a: Ninetales|Ninetales-Alola, F|100/100
|-weather|Snowscape|[from] ability: Snow Warning|[of] p2a: Ninetales
|turn|1
|
|t:|1779900041
|switch|p1a: Slowbro|Slowbro, F|100/100
|move|p2a: Ninetales|Blizzard|p1a: Slowbro
|-resisted|p1a: Slowbro
|-damage|p1a: Slowbro|77/100
|
|-weather|Snowscape|[upkeep]
|-heal|p1a: Slowbro|83/100|[from] item: Leftovers
|upkeep
|turn|2
|
|t:|1779900050
|move|p2a: Ninetales|Aurora Veil|p2a: Ninetales
|-sidestart|p2: tperz|move: Aurora Veil
|move|p1a: Slowbro|Trick Room|p1a: Slowbro
|-fieldstart|move: Trick Room|[of] p1a: Slowbro
|
|-weather|Snowscape|[upkeep]
|-heal|p1a: Slowbro|90/100|[from] item: Leftovers
|upkeep
|turn|3
|
|t:|1779900063
|switch|p1a: Kingambit|Kingambit, M|100/100
|switch|p2a: Glimmora|Glimmora, M|100/100
|
|-weather|Snowscape|[upkeep]
|upkeep
|turn|4
|
|t:|1779900080
|move|p1a: Kingambit|Iron Head|p2a: Glimmora
|-supereffective|p2a: Glimmora
|-damage|p2a: Glimmora|56/100
|cant|p2a: Glimmora|flinch
|
|-weather|Snowscape|[upkeep]
|-heal|p2a: Glimmora|62/100|[from] item: Black Sludge
|upkeep
|turn|5
|
|t:|1779900088
|switch|p2a: Great Tusk|Great Tusk|100/100
|move|p1a: Kingambit|Iron Head|p2a: Great Tusk
|-damage|p2a: Great Tusk|86/100
|
|-weather|none
|upkeep
|turn|6
|
|t:|1779900099
|-end|p1a: Kingambit|fallenundefined|[silent]
|switch|p1a: Vikavolt|Vikavolt, F|100/100
|move|p2a: Great Tusk|Body Press|p1a: Vikavolt
|-resisted|p1a: Vikavolt
|-damage|p1a: Vikavolt|81/100
|
|-fieldend|move: Trick Room
|upkeep
|turn|7
|
|t:|1779900122
|-end|p2a: Great Tusk|Protosynthesis|[silent]
|switch|p2a: Ninetales|Ninetales-Alola, F|100/100
|-weather|Snowscape|[from] ability: Snow Warning|[of] p2a: Ninetales
|move|p1a: Vikavolt|Energy Ball|p2a: Ninetales
|-damage|p2a: Ninetales|69/100
|
|-weather|Snowscape|[upkeep]
|upkeep
|turn|8
|inactive|Pedroelentrenador has 120 seconds left.
|inactive|Pedroelentrenador has 90 seconds left.
|
|t:|1779900188
|switch|p1a: Toxapex|Toxapex, F|100/100
|move|p2a: Ninetales|Blizzard|p1a: Toxapex
|-resisted|p1a: Toxapex
|-damage|p1a: Toxapex|83/100
|-status|p1a: Toxapex|frz
|
|-weather|Snowscape|[upkeep]
|-heal|p1a: Toxapex|89/100 frz|[from] item: Black Sludge
|upkeep
|turn|9
|
|t:|1779900204
|switch|p2a: Samurott|Samurott-Hisui, M|100/100
|switch|p1a: Kingambit|Kingambit, M|100/100
|
|-weather|Snowscape|[upkeep]
|-sideend|p2: tperz|move: Aurora Veil
|upkeep
|turn|10
|
|t:|1779900215
|move|p2a: Samurott|Razor Shell|p1a: Kingambit
|-damage|p1a: Kingambit|65/100
|-unboost|p1a: Kingambit|def|1
|move|p1a: Kingambit|Swords Dance|p1a: Kingambit
|-boost|p1a: Kingambit|atk|2
|
|-weather|Snowscape|[upkeep]
|upkeep
|turn|11
|
|t:|1779900224
|move|p2a: Samurott|Razor Shell|p1a: Kingambit
|-damage|p1a: Kingambit|13/100
|-unboost|p1a: Kingambit|def|1
|move|p1a: Kingambit|Kowtow Cleave|p2a: Samurott
|-resisted|p2a: Samurott
|-damage|p2a: Samurott|48/100
|
|-weather|none
|upkeep
|turn|12
|
|t:|1779900251
|-end|p1a: Kingambit|fallenundefined|[silent]
|switch|p1a: Slowbro|Slowbro, F|100/100
|move|p2a: Samurott|Flip Turn|p1a: Slowbro
|-resisted|p1a: Slowbro
|-damage|p1a: Slowbro|92/100
|inactive|tperz has 120 seconds left.
|
|t:|1779900285
|switch|p2a: Ninetales|Ninetales-Alola, F|69/100|[from] Flip Turn
|-weather|Snowscape|[from] ability: Snow Warning|[of] p2a: Ninetales
|
|-weather|Snowscape|[upkeep]
|-heal|p1a: Slowbro|98/100|[from] item: Leftovers
|upkeep
|turn|13
|
|t:|1779900296
|move|p2a: Ninetales|Aurora Veil|p2a: Ninetales
|-sidestart|p2: tperz|move: Aurora Veil
|move|p1a: Slowbro|Trick Room|p1a: Slowbro
|-fieldstart|move: Trick Room|[of] p1a: Slowbro
|
|-weather|Snowscape|[upkeep]
|-heal|p1a: Slowbro|100/100|[from] item: Leftovers
|upkeep
|turn|14
|
|t:|1779900314
|switch|p2a: Goodra|Goodra-Hisui, M|100/100
|move|p1a: Slowbro|Calm Mind|p1a: Slowbro
|-boost|p1a: Slowbro|spa|1
|-boost|p1a: Slowbro|spd|1
|
|-weather|Snowscape|[upkeep]
|upkeep
|turn|15
|
|t:|1779900322
|move|p1a: Slowbro|Calm Mind|p1a: Slowbro
|-boost|p1a: Slowbro|spa|1
|-boost|p1a: Slowbro|spd|1
|move|p2a: Goodra|Curse|p2a: Goodra
|-unboost|p2a: Goodra|spe|1
|-boost|p2a: Goodra|atk|1
|-boost|p2a: Goodra|def|1
|
|-weather|Snowscape|[upkeep]
|upkeep
|turn|16
|
|t:|1779900339
|move|p1a: Slowbro|Calm Mind|p1a: Slowbro
|-boost|p1a: Slowbro|spa|1
|-boost|p1a: Slowbro|spd|1
|move|p2a: Goodra|Curse|p2a: Goodra
|-unboost|p2a: Goodra|spe|1
|-boost|p2a: Goodra|atk|1
|-boost|p2a: Goodra|def|1
|
|-weather|none
|upkeep
|turn|17
|
|t:|1779900350
|switch|p2a: Ninetales|Ninetales-Alola, F|69/100
|-weather|Snowscape|[from] ability: Snow Warning|[of] p2a: Ninetales
|move|p1a: Slowbro|Psychic Noise|p2a: Ninetales
|-damage|p2a: Ninetales|29/100
|-start|p2a: Ninetales|move: Heal Block
|
|-weather|Snowscape|[upkeep]
|-fieldend|move: Trick Room
|upkeep
|turn|18
|
|t:|1779900364
|move|p2a: Ninetales|Encore|p1a: Slowbro
|-start|p1a: Slowbro|Encore
|move|p1a: Slowbro|Psychic Noise|p2a: Ninetales
|-damage|p2a: Ninetales|0 fnt
|faint|p2a: Ninetales
|
|-weather|Snowscape|[upkeep]
|upkeep
|
|t:|1779900365
|switch|p2a: Samurott|Samurott-Hisui, M|48/100
|turn|19
|inactive|Pedroelentrenador has 90 seconds left.
|
|t:|1779900384
|switch|p1a: Toxapex|Toxapex, F|100/100 frz
|move|p2a: Samurott|Ceaseless Edge|p1a: Toxapex
|-damage|p1a: Toxapex|75/100 frz
|-sidestart|p1: Pedroelentrenador|Spikes
|
|-weather|Snowscape|[upkeep]
|-heal|p1a: Toxapex|82/100 frz|[from] item: Black Sludge
|upkeep
|turn|20
|
|t:|1779900393
|move|p2a: Samurott|Ceaseless Edge|p1a: Toxapex|[miss]
|-miss|p2a: Samurott|p1a: Toxapex
|-curestatus|p1a: Toxapex|frz|[msg]
|move|p1a: Toxapex|Toxic|p2a: Samurott
|-status|p2a: Samurott|tox
|
|-weather|Snowscape|[upkeep]
|-heal|p1a: Toxapex|88/100|[from] item: Black Sludge
|-damage|p2a: Samurott|41/100 tox|[from] psn
|-sideend|p2: tperz|move: Aurora Veil
|upkeep
|turn|21
|inactive|Pedroelentrenador has 90 seconds left.
|
|t:|1779900404
|move|p1a: Toxapex|Baneful Bunker|p1a: Toxapex
|-singleturn|p1a: Toxapex|move: Protect
|move|p2a: Samurott|Ceaseless Edge|p1a: Toxapex
|-activate|p1a: Toxapex|move: Protect
|
|-weather|none
|-heal|p1a: Toxapex|94/100|[from] item: Black Sludge
|-damage|p2a: Samurott|29/100 tox|[from] psn
|upkeep
|turn|22
|inactive|Pedroelentrenador has 90 seconds left.
|
|t:|1779900416
|move|p2a: Samurott|Ceaseless Edge|p1a: Toxapex
|-damage|p1a: Toxapex|68/100
|-sidestart|p1: Pedroelentrenador|Spikes
|move|p1a: Toxapex|Toxic|p2a: Samurott
|-fail|p2a: Samurott|tox
|
|-heal|p1a: Toxapex|75/100|[from] item: Black Sludge
|-damage|p2a: Samurott|10/100 tox|[from] psn
|upkeep
|turn|23
|inactive|Pedroelentrenador has 90 seconds left.
|
|t:|1779900426
|switch|p2a: Glimmora|Glimmora, M|62/100
|move|p1a: Toxapex|Baneful Bunker||[still]
|-fail|p1a: Toxapex
|
|-heal|p2a: Glimmora|68/100|[from] item: Black Sludge
|-heal|p1a: Toxapex|81/100|[from] item: Black Sludge
|upkeep
|turn|24
|inactive|Pedroelentrenador has 90 seconds left.
|
|t:|1779900440
|switch|p1a: Ursaluna|Ursaluna, M|100/100
|-damage|p1a: Ursaluna|84/100|[from] Spikes
|move|p2a: Glimmora|Earth Power|p1a: Ursaluna
|-damage|p1a: Ursaluna|53/100
|
|-heal|p2a: Glimmora|74/100|[from] item: Black Sludge
|-status|p1a: Ursaluna|brn|[from] item: Flame Orb
|upkeep
|turn|25
|inactive|Pedroelentrenador has 90 seconds left.
|
|t:|1779900453
|move|p2a: Glimmora|Energy Ball|p1a: Ursaluna
|-supereffective|p1a: Ursaluna
|-damage|p1a: Ursaluna|0 fnt
|faint|p1a: Ursaluna
|
|-heal|p2a: Glimmora|80/100|[from] item: Black Sludge
|upkeep
|inactive|Pedroelentrenador has 90 seconds left.
|
|t:|1779900461
|switch|p1a: Vikavolt|Vikavolt, F|81/100
|turn|26
|
|t:|1779900468
|move|p2a: Glimmora|Power Gem|p1a: Vikavolt
|-supereffective|p1a: Vikavolt
|-damage|p1a: Vikavolt|0 fnt
|faint|p1a: Vikavolt
|
|-heal|p2a: Glimmora|87/100|[from] item: Black Sludge
|upkeep
|inactive|Pedroelentrenador has 90 seconds left.
|
|t:|1779900481
|switch|p1a: Slowbro|Slowbro, F|100/100
|-damage|p1a: Slowbro|84/100|[from] Spikes
|turn|27
|
|t:|1779900487
|move|p2a: Glimmora|Toxic|p1a: Slowbro
|-status|p1a: Slowbro|tox
|move|p1a: Slowbro|Hydro Pump|p2a: Glimmora
|-supereffective|p2a: Glimmora
|-damage|p2a: Glimmora|0 fnt
|faint|p2a: Glimmora
|
|-heal|p1a: Slowbro|90/100 tox|[from] item: Leftovers
|-damage|p1a: Slowbro|84/100 tox|[from] psn
|upkeep
|
|t:|1779900494
|switch|p2a: Goodra|Goodra-Hisui, M|100/100
|turn|28
|
|t:|1779900503
|move|p2a: Goodra|Curse|p2a: Goodra
|-unboost|p2a: Goodra|spe|1
|-boost|p2a: Goodra|atk|1
|-boost|p2a: Goodra|def|1
|move|p1a: Slowbro|Trick Room|p1a: Slowbro
|-fieldstart|move: Trick Room|[of] p1a: Slowbro
|
|-heal|p1a: Slowbro|90/100 tox|[from] item: Leftovers
|-damage|p1a: Slowbro|78/100 tox|[from] psn
|upkeep
|turn|29
|
|t:|1779900526
|switch|p1a: Hatterene|Hatterene, F|100/100
|-damage|p1a: Hatterene|84/100|[from] Spikes
|move|p2a: Goodra|Curse|p2a: Goodra
|-unboost|p2a: Goodra|spe|1
|-boost|p2a: Goodra|atk|1
|-boost|p2a: Goodra|def|1
|
|upkeep
|turn|30
|
|t:|1779900539
|move|p2a: Goodra|Curse|p2a: Goodra
|-unboost|p2a: Goodra|spe|1
|-boost|p2a: Goodra|atk|1
|-boost|p2a: Goodra|def|1
|move|p1a: Hatterene|Shadow Ball|p2a: Goodra
|-damage|p2a: Goodra|84/100
|
|-heal|p2a: Goodra|90/100|[from] item: Leftovers
|upkeep
|turn|31
|
|t:|1779900549
|move|p2a: Goodra|Gyro Ball|p1a: Hatterene
|-supereffective|p1a: Hatterene
|-damage|p1a: Hatterene|23/100
|-enditem|p1a: Hatterene|Sitrus Berry|[eat]
|-heal|p1a: Hatterene|48/100|[from] item: Sitrus Berry
|move|p1a: Hatterene|Draining Kiss|p2a: Goodra
|-damage|p2a: Goodra|73/100
|-heal|p1a: Hatterene|62/100|[from] drain|[of] p2a: Goodra
|
|-heal|p2a: Goodra|79/100|[from] item: Leftovers
|upkeep
|turn|32
|inactive|Pedroelentrenador has 90 seconds left.
|
|t:|1779900579
|switch|p1a: Toxapex|Toxapex, F|100/100
|-damage|p1a: Toxapex|84/100|[from] Spikes
|move|p2a: Goodra|Curse|p2a: Goodra
|-unboost|p2a: Goodra|spe|1
|-boost|p2a: Goodra|atk|1
|-boost|p2a: Goodra|def|1
|
|-heal|p2a: Goodra|85/100|[from] item: Leftovers
|-heal|p1a: Toxapex|90/100|[from] item: Black Sludge
|-fieldend|move: Trick Room
|upkeep
|turn|33
|
|t:|1779900592
|move|p1a: Toxapex|Baneful Bunker|p1a: Toxapex
|-singleturn|p1a: Toxapex|move: Protect
|move|p2a: Goodra|Draco Meteor|p1a: Toxapex
|-activate|p1a: Toxapex|move: Protect
|
|-heal|p1a: Toxapex|97/100|[from] item: Black Sludge
|-heal|p2a: Goodra|91/100|[from] item: Leftovers
|upkeep
|turn|34
|
|t:|1779900603
|switch|p1a: Hatterene|Hatterene, F|62/100
|-damage|p1a: Hatterene|45/100|[from] Spikes
|move|p2a: Goodra|Draco Meteor|p1a: Hatterene
|-immune|p1a: Hatterene
|
|-heal|p2a: Goodra|97/100|[from] item: Leftovers
|upkeep
|turn|35
|
|t:|1779900616
|switch|p1a: Toxapex|Toxapex, F|100/100
|-damage|p1a: Toxapex|84/100|[from] Spikes
|move|p2a: Goodra|Curse|p2a: Goodra
|-unboost|p2a: Goodra|spe|1
|-boost|p2a: Goodra|atk|1
|-boost|p2a: Goodra|def|1
|
|-heal|p1a: Toxapex|90/100|[from] item: Black Sludge
|-heal|p2a: Goodra|100/100|[from] item: Leftovers
|upkeep
|turn|36
|
|t:|1779900632
|move|p1a: Toxapex|Baneful Bunker|p1a: Toxapex
|-singleturn|p1a: Toxapex|move: Protect
|move|p2a: Goodra|Curse|p2a: Goodra
|-unboost|p2a: Goodra|spe|1
|-boost|p2a: Goodra|atk|1
|-boost|p2a: Goodra|def|1
|
|-heal|p1a: Toxapex|97/100|[from] item: Black Sludge
|upkeep
|turn|37
|
|t:|1779900643
|move|p1a: Toxapex|Recover|p1a: Toxapex
|-heal|p1a: Toxapex|100/100
|move|p2a: Goodra|Gyro Ball|p1a: Toxapex
|-resisted|p1a: Toxapex
|-damage|p1a: Toxapex|74/100
|
|-heal|p1a: Toxapex|80/100|[from] item: Black Sludge
|upkeep
|turn|38
|
|t:|1779900651
|move|p1a: Toxapex|Baneful Bunker|p1a: Toxapex
|-singleturn|p1a: Toxapex|move: Protect
|move|p2a: Goodra|Curse|p2a: Goodra
|
|-heal|p1a: Toxapex|86/100|[from] item: Black Sludge
|upkeep
|turn|39
|
|t:|1779900667
|move|p1a: Toxapex|Liquidation|p2a: Goodra
|-resisted|p2a: Goodra
|-damage|p2a: Goodra|98/100
|move|p2a: Goodra|Draco Meteor|p1a: Toxapex
|-damage|p1a: Toxapex|48/100
|-unboost|p2a: Goodra|spa|2
|
|-heal|p1a: Toxapex|54/100|[from] item: Black Sludge
|-heal|p2a: Goodra|100/100|[from] item: Leftovers
|upkeep
|turn|40
|inactive|Pedroelentrenador has 60 seconds left.
|inactive|tperz has 120 seconds left.
|
|t:|1779900714
|move|p1a: Toxapex|Baneful Bunker|p1a: Toxapex
|-singleturn|p1a: Toxapex|move: Protect
|move|p2a: Goodra|Life Dew||[still]
|-fail|p2a: Goodra|heal
|
|-heal|p1a: Toxapex|60/100|[from] item: Black Sludge
|upkeep
|turn|41
|
|t:|1779900731
|move|p1a: Toxapex|Recover|p1a: Toxapex
|-heal|p1a: Toxapex|100/100
|move|p2a: Goodra|Gyro Ball|p1a: Toxapex
|-resisted|p1a: Toxapex
|-damage|p1a: Toxapex|76/100
|
|-heal|p1a: Toxapex|83/100|[from] item: Black Sludge
|upkeep
|turn|42
|inactive|tperz has 120 seconds left.
|
|t:|1779900743
|switch|p2a: Great Tusk|Great Tusk|86/100
|move|p1a: Toxapex|Baneful Bunker||[still]
|-fail|p1a: Toxapex
|
|-heal|p1a: Toxapex|89/100|[from] item: Black Sludge
|upkeep
|turn|43
|
|t:|1779900750
|-terastallize|p2a: Great Tusk|Stellar
|move|p1a: Toxapex|Baneful Bunker|p1a: Toxapex
|-singleturn|p1a: Toxapex|move: Protect
|move|p2a: Great Tusk|Stomping Tantrum|p1a: Toxapex
|-activate|p1a: Toxapex|move: Protect
|-status|p2a: Great Tusk|psn
|
|-heal|p1a: Toxapex|95/100|[from] item: Black Sludge
|-damage|p2a: Great Tusk|74/100 psn|[from] psn
|upkeep
|turn|44
|inactive|Pedroelentrenador has 30 seconds left.
|
|t:|1779900783
|switch|p1a: Kingambit|Kingambit, M|13/100
|-damage|p1a: Kingambit|0 fnt|[from] Spikes
|faint|p1a: Kingambit
|-end|p1a: Kingambit|fallenundefined|[silent]
|move|p2a: Great Tusk|Stomping Tantrum|p1: Kingambit|[notarget]
|-fail|p2a: Great Tusk
|
|-damage|p2a: Great Tusk|61/100 psn|[from] psn
|upkeep
|inactive|Pedroelentrenador has 30 seconds left this turn.
|inactive|Pedroelentrenador has 20 seconds left.
|
|t:|1779900796
|switch|p1a: Slowbro|Slowbro, F|100/100 tox
|-damage|p1a: Slowbro|84/100 tox|[from] Spikes
|turn|45
|inactive|Pedroelentrenador has 30 seconds left this turn.
|inactive|tperz has 120 seconds left.
|
|t:|1779900848
|-end|p2a: Great Tusk|Protosynthesis|[silent]
|switch|p2a: Sinistcha|Sinistcha-Masterpiece|100/100
|move|p1a: Slowbro|Hydro Pump|p2a: Sinistcha
|-resisted|p2a: Sinistcha
|-damage|p2a: Sinistcha|71/100
|
|-heal|p1a: Slowbro|90/100 tox|[from] item: Leftovers
|-damage|p1a: Slowbro|84/100 tox|[from] psn
|upkeep
|turn|46
|inactive|Pedroelentrenador has 30 seconds left.
|
|t:|1779900858
|switch|p1a: Toxapex|Toxapex, F|100/100
|-damage|p1a: Toxapex|84/100|[from] Spikes
|move|p2a: Sinistcha|Matcha Gotcha|p1a: Toxapex
|-damage|p1a: Toxapex|57/100
|-heal|p2a: Sinistcha|83/100|[from] drain|[of] p1a: Toxapex
|
|-heal|p1a: Toxapex|63/100|[from] item: Black Sludge
|upkeep
|turn|47
|inactive|Pedroelentrenador has 30 seconds left.
|
|t:|1779900870
|switch|p2a: Goodra|Goodra-Hisui, M|100/100
|move|p1a: Toxapex|Toxic|p2a: Goodra
|-immune|p2a: Goodra
|
|-heal|p1a: Toxapex|70/100|[from] item: Black Sludge
|upkeep
|turn|48
|inactive|Pedroelentrenador has 30 seconds left.
|
|t:|1779900884
|switch|p2a: Great Tusk|Great Tusk, tera:Stellar|61/100 psn
|move|p1a: Toxapex|Baneful Bunker||[still]
|-fail|p1a: Toxapex
|
|-heal|p1a: Toxapex|76/100|[from] item: Black Sludge
|-damage|p2a: Great Tusk|49/100 psn|[from] psn
|upkeep
|turn|49
|inactive|Pedroelentrenador has 30 seconds left.
|inactive|tperz has 120 seconds left.
|
|t:|1779900895
|switch|p1a: Slowbro|Slowbro, F|100/100 tox
|-damage|p1a: Slowbro|84/100 tox|[from] Spikes
|move|p2a: Great Tusk|Stomping Tantrum|p1a: Slowbro
|-damage|p1a: Slowbro|53/100 tox
|
|-heal|p1a: Slowbro|59/100 tox|[from] item: Leftovers
|-damage|p2a: Great Tusk|37/100 psn|[from] psn
|-damage|p1a: Slowbro|53/100 tox|[from] psn
|upkeep
|turn|50
|inactive|Pedroelentrenador has 30 seconds left.
|
|t:|1779900907
|move|p2a: Great Tusk|Knock Off|p1a: Slowbro
|-supereffective|p1a: Slowbro
|-damage|p1a: Slowbro|2/100 tox
|-enditem|p1a: Slowbro|Leftovers|[from] move: Knock Off|[of] p2a: Great Tusk
|move|p1a: Slowbro|Psychic Noise|p2a: Great Tusk
|-supereffective|p2a: Great Tusk
|-damage|p2a: Great Tusk|0 fnt
|faint|p2a: Great Tusk
|-end|p2a: Great Tusk|Protosynthesis|[silent]
|
|-damage|p1a: Slowbro|0 fnt|[from] psn
|faint|p1a: Slowbro
|upkeep
|inactive|Pedroelentrenador has 30 seconds left this turn.
|inactive|Pedroelentrenador has 20 seconds left.
|
|t:|1779900921
|switch|p2a: Sinistcha|Sinistcha-Masterpiece|83/100
|switch|p1a: Toxapex|Toxapex, F|100/100
|-damage|p1a: Toxapex|84/100|[from] Spikes
|turn|51
|inactive|Pedroelentrenador has 30 seconds left this turn.
|
|t:|1779900930
|switch|p2a: Goodra|Goodra-Hisui, M|100/100
|move|p1a: Toxapex|Toxic|p2a: Goodra
|-immune|p2a: Goodra
|
|-heal|p1a: Toxapex|90/100|[from] item: Black Sludge
|upkeep
|turn|52
|inactive|Pedroelentrenador has 30 seconds left.
|
|t:|1779900943
|move|p2a: Goodra|Curse|p2a: Goodra
|-unboost|p2a: Goodra|spe|1
|-boost|p2a: Goodra|atk|1
|-boost|p2a: Goodra|def|1
|move|p1a: Toxapex|Liquidation|p2a: Goodra
|-resisted|p2a: Goodra
|-damage|p2a: Goodra|94/100
|-unboost|p2a: Goodra|def|1
|
|-heal|p2a: Goodra|99/100|[from] item: Leftovers
|-heal|p1a: Toxapex|97/100|[from] item: Black Sludge
|upkeep
|turn|53
|inactive|Pedroelentrenador has 30 seconds left.
|
|t:|1779900956
|switch|p2a: Sinistcha|Sinistcha-Masterpiece|83/100
|move|p1a: Toxapex|Liquidation|p2a: Sinistcha
|-resisted|p2a: Sinistcha
|-damage|p2a: Sinistcha|77/100
|
|-heal|p1a: Toxapex|100/100|[from] item: Black Sludge
|upkeep
|turn|54
|inactive|Pedroelentrenador has 30 seconds left.
|
|t:|1779900965
|switch|p2a: Goodra|Goodra-Hisui, M|99/100
|move|p1a: Toxapex|Liquidation|p2a: Goodra
|-resisted|p2a: Goodra
|-damage|p2a: Goodra|90/100
|
|-heal|p2a: Goodra|96/100|[from] item: Leftovers
|upkeep
|turn|55
|inactive|Pedroelentrenador has 30 seconds left.
|-message|tperz forfeited.
|
|win|Pedroelentrenador
|raw|Pedroelentrenador's rating: 1407 &rarr; <strong>1428</strong><br />(+21 for winning)
|raw|tperz's rating: 1426 &rarr; <strong>1405</strong><br />(-21 for losing)
|l|☆tperz
|player|p2|
|l|☆Pedroelentrenador
|player|p1|
