|j|☆HoaAndy
|j|☆Tpotguy
|t:|1779936574
|gametype|singles
|player|p1|HoaAndy|pokekid|1215
|player|p2|Tpotguy|101|1210
|gen|9
|tier|[Gen 9] OU
|rated|
|rule|HP Percentage Mod: HP is shown in percentages
|rule|Endless Battle Clause: Forcing endless battles is banned
|rule|Species Clause: Limit one of each Pokémon
|rule|OHKO Clause: OHKO moves are banned
|rule|Evasion Items Clause: Evasion items are banned
|rule|Evasion Moves Clause: Evasion moves are banned
|rule|Evasion Abilities Clause: Evasion abilities are banned
|rule|Sleep Moves Clause: Sleep-inducing moves are banned
|clearpoke
|poke|p1|Pelipper, F|
|poke|p1|Zapdos|
|poke|p1|Scizor, F|
|poke|p1|Rillaboom, M|
|poke|p1|Barraskewda, M|
|poke|p1|Darkrai|
|poke|p2|Blastoise, F|
|poke|p2|Scizor, M|
|poke|p2|Ampharos, F|
|poke|p2|Garganacl, M|
|poke|p2|Garchomp, M|
|poke|p2|Zoroark-Hisui, F|
|teampreview
|
|t:|1779936589
|teamsize|p1|6
|teamsize|p2|6
|start
|switch|p1a: Rillaboom|Rillaboom, M, shiny|100/100
|switch|p2a: Garganacl|Garganacl, M|100/100
|-fieldstart|move: Grassy Terrain|[from] ability: Grassy Surge|[of] p1a: Rillaboom
|turn|1
|inactive|Battle timer is ON: inactive players will automatically lose when time's up. (requested by Tpotguy)
|
|t:|1779936599
|move|p1a: Rillaboom|Fake Out|p2a: Garganacl
|-resisted|p2a: Garganacl
|-damage|p2a: Garganacl|95/100
|cant|p2a: Garganacl|flinch
|
|-heal|p2a: Garganacl|100/100|[from] Grassy Terrain
|upkeep
|turn|2
|
|t:|1779936614
|move|p1a: Rillaboom|Grassy Glide|p2a: Garganacl
|-supereffective|p2a: Garganacl
|-damage|p2a: Garganacl|49/100
|move|p2a: Garganacl|Salt Cure|p1a: Rillaboom
|-damage|p1a: Rillaboom|81/100
|-start|p1a: Rillaboom|Salt Cure
|
|-heal|p1a: Rillaboom|87/100|[from] Grassy Terrain
|-heal|p2a: Garganacl|55/100|[from] Grassy Terrain
|-heal|p2a: Garganacl|61/100|[from] item: Leftovers
|-damage|p1a: Rillaboom|75/100|[from] Salt Cure
|upkeep
|turn|3
|
|t:|1779936628
|switch|p1a: Scizor|Scizor, F, shiny|100/100
|switch|p2a: Garchomp|Garchomp, M|100/100
|
|upkeep
|turn|4
|
|t:|1779936635
|move|p2a: Garchomp|Fire Fang|p1a: Scizor
|-supereffective|p1a: Scizor
|-damage|p1a: Scizor|0 fnt
|faint|p1a: Scizor
|
|upkeep
|
|t:|1779936641
|switch|p1a: Pelipper|Pelipper, F, shiny|100/100
|-weather|RainDance|[from] ability: Drizzle|[of] p1a: Pelipper
|turn|5
|
|t:|1779936650
|switch|p2a: Ampharos|Ampharos, F|100/100
|move|p1a: Pelipper|Chilling Water|p2a: Ampharos
|-damage|p2a: Ampharos|75/100
|-unboost|p2a: Ampharos|atk|1
|
|-weather|RainDance|[upkeep]
|-heal|p2a: Ampharos|81/100|[from] Grassy Terrain
|-fieldend|move: Grassy Terrain
|upkeep
|turn|6
|
|t:|1779936663
|switch|p1a: Rillaboom|Rillaboom, M, shiny|75/100
|-fieldstart|move: Grassy Terrain|[from] ability: Grassy Surge|[of] p1a: Rillaboom
|move|p2a: Ampharos|Thunderbolt|p1a: Rillaboom
|-resisted|p1a: Rillaboom
|-damage|p1a: Rillaboom|57/100
|-status|p1a: Rillaboom|par
|
|-weather|RainDance|[upkeep]
|-heal|p2a: Ampharos|87/100|[from] Grassy Terrain
|-heal|p1a: Rillaboom|63/100 par|[from] Grassy Terrain
|upkeep
|turn|7
|
|t:|1779936678
|switch|p2a: Blastoise|Blastoise, F|100/100
|-item|p2a: Blastoise|Air Balloon
|move|p1a: Rillaboom|Fake Out|p2a: Blastoise
|-immune|p2a: Blastoise
|
|-weather|RainDance|[upkeep]
|-heal|p1a: Rillaboom|70/100 par|[from] Grassy Terrain
|upkeep
|turn|8
|
|t:|1779936691
|move|p2a: Blastoise|Flamethrower|p1a: Rillaboom
|-supereffective|p1a: Rillaboom
|-damage|p1a: Rillaboom|47/100 par
|move|p1a: Rillaboom|U-turn|p2a: Blastoise
|-resisted|p2a: Blastoise
|-damage|p2a: Blastoise|73/100
|replace|p2a: Zoroark|Zoroark-Hisui, F
|-end|p2a: Zoroark|Illusion
|-enditem|p2a: Zoroark|Air Balloon
|
|t:|1779936700
|switch|p1a: Darkrai|Darkrai, shiny|100/100|[from] U-turn
|
|-weather|RainDance|[upkeep]
|-heal|p2a: Zoroark|79/100|[from] Grassy Terrain
|upkeep
|turn|9
|
|t:|1779936714
|switch|p2a: Garganacl|Garganacl, M|61/100
|move|p1a: Darkrai|Nasty Plot|p1a: Darkrai
|-boost|p1a: Darkrai|spa|2
|
|-weather|RainDance|[upkeep]
|-heal|p2a: Garganacl|67/100|[from] Grassy Terrain
|-heal|p2a: Garganacl|73/100|[from] item: Leftovers
|upkeep
|turn|10
|
|t:|1779936729
|move|p1a: Darkrai|Dark Pulse|p2a: Garganacl
|-damage|p2a: Garganacl|0 fnt
|faint|p2a: Garganacl
|-damage|p1a: Darkrai|91/100|[from] item: Life Orb
|
|-weather|RainDance|[upkeep]
|-heal|p1a: Darkrai|97/100|[from] Grassy Terrain
|-fieldend|move: Grassy Terrain
|upkeep
|
|t:|1779936743
|switch|p2a: Scizor|Scizor, M|100/100
|turn|11
|
|t:|1779936752
|move|p1a: Darkrai|Dark Pulse|p2a: Scizor
|-damage|p2a: Scizor|0 fnt
|faint|p2a: Scizor
|-damage|p1a: Darkrai|87/100|[from] item: Life Orb
|
|-weather|RainDance|[upkeep]
|upkeep
|
|t:|1779936761
|switch|p2a: Blastoise|Blastoise, F|100/100
|turn|12
|
|t:|1779936766
|move|p2a: Blastoise|Fake Out|p1a: Darkrai
|-damage|p1a: Darkrai|72/100
|cant|p1a: Darkrai|flinch
|
|-weather|none
|upkeep
|turn|13
|
|t:|1779936775
|move|p1a: Darkrai|Dark Pulse|p2a: Blastoise
|-damage|p2a: Blastoise|39/100
|-damage|p1a: Darkrai|62/100|[from] item: Life Orb
|move|p2a: Blastoise|Flip Turn|p1a: Darkrai
|-damage|p1a: Darkrai|29/100
|
|t:|1779936784
|switch|p2a: Blastoise|Blastoise, F|79/100|[from] Flip Turn
|
|upkeep
|turn|14
|
|t:|1779936790
|move|p1a: Darkrai|Dark Pulse|p2a: Blastoise
|-supereffective|p2a: Blastoise
|-damage|p2a: Blastoise|0 fnt
|replace|p2a: Zoroark|Zoroark-Hisui, F
|-end|p2a: Zoroark|Illusion
|faint|p2a: Zoroark
|-damage|p1a: Darkrai|19/100|[from] item: Life Orb
|
|upkeep
|
|t:|1779936798
|switch|p2a: Ampharos|Ampharos, F|87/100
|turn|15
|
|t:|1779936804
|move|p1a: Darkrai|Dark Pulse|p2a: Ampharos
|-damage|p2a: Ampharos|0 fnt
|faint|p2a: Ampharos
|-damage|p1a: Darkrai|9/100|[from] item: Life Orb
|
|upkeep
|
|t:|1779936812
|switch|p2a: Blastoise|Blastoise, F|39/100
|turn|16
|
|t:|1779936821
|switch|p1a: Pelipper|Pelipper, F, shiny|100/100
|-weather|RainDance|[from] ability: Drizzle|[of] p1a: Pelipper
|move|p2a: Blastoise|Fake Out|p1a: Pelipper
|-damage|p1a: Pelipper|92/100
|
|-weather|RainDance|[upkeep]
|upkeep
|turn|17
|-message|Tpotguy forfeited.
|
|win|HoaAndy
|raw|HoaAndy's rating: 1215 &rarr; <strong>1240</strong><br />(+25 for winning)
|raw|Tpotguy's rating: 1210 &rarr; <strong>1185</strong><br />(-25 for losing)
|l|☆Tpotguy
|player|p2|
|l|☆HoaAndy
|player|p1|
