|j|☆noodlepantseli
|j|☆ogtooly
|t:|1779834655
|gametype|singles
|player|p1|noodlepantseli|1|1104
|player|p2|ogtooly|265|1112
|gen|9
|tier|[Gen 9] OU
|rated|
|rule|HP Percentage Mod: HP is shown in percentages
|rule|Endless Battle Clause: Forcing endless battles is banned
|rule|Species Clause: Limit one of each Pokémon
|rule|OHKO Clause: OHKO moves are banned
|rule|Evasion Items Clause: Evasion items are banned
|rule|Evasion Moves Clause: Evasion moves are banned
|rule|Evasion Abilities Clause: Evasion abilities are banned
|rule|Sleep Moves Clause: Sleep-inducing moves are banned
|clearpoke
|poke|p1|Samurott-Hisui, M|
|poke|p1|Dragonite, F|
|poke|p1|Heatran, F|
|poke|p1|Pecharunt|
|poke|p1|Iron Valiant|
|poke|p1|Rillaboom, M|
|poke|p2|Great Tusk|
|poke|p2|Gholdengo|
|poke|p2|Kingambit, F|
|poke|p2|Rotom-Wash|
|poke|p2|Iron Valiant|
|poke|p2|Ceruledge, M|
|teampreview
|
|t:|1779834663
|teamsize|p1|6
|teamsize|p2|6
|start
|switch|p1a: Samurott|Samurott-Hisui, M|100/100
|switch|p2a: Great Tusk|Great Tusk, shiny|100/100
|-enditem|p2a: Great Tusk|Booster Energy
|-activate|p2a: Great Tusk|ability: Protosynthesis|[fromitem]
|-start|p2a: Great Tusk|protosynthesisatk
|turn|1
|inactive|Battle timer is ON: inactive players will automatically lose when time's up. (requested by noodlepantseli)
|
|t:|1779834685
|move|p2a: Great Tusk|Stealth Rock|p1a: Samurott
|-sidestart|p1: noodlepantseli|move: Stealth Rock
|move|p1a: Samurott|Razor Shell|p2a: Great Tusk
|-supereffective|p2a: Great Tusk
|-damage|p2a: Great Tusk|34/100
|
|upkeep
|turn|2
|
|t:|1779834693
|move|p2a: Great Tusk|Earthquake|p1a: Samurott
|-damage|p1a: Samurott|22/100
|move|p1a: Samurott|Ceaseless Edge|p2a: Great Tusk
|-resisted|p2a: Great Tusk
|-damage|p2a: Great Tusk|17/100
|-sidestart|p2: ogtooly|Spikes
|
|upkeep
|turn|3
|
|t:|1779834711
|switch|p1a: Dragonite|Dragonite, F|100/100
|move|p2a: Great Tusk|Rapid Spin|p1a: Dragonite
|-damage|p1a: Dragonite|90/100
|-boost|p2a: Great Tusk|spe|1
|-sideend|p2: ogtooly|Spikes|[from] move: Rapid Spin|[of] p2a: Great Tusk
|
|upkeep
|turn|4
|
|t:|1779834725
|-end|p2a: Great Tusk|Protosynthesis|[silent]
|switch|p2a: Iron Valiant|Iron Valiant, shiny|100/100
|move|p1a: Dragonite|Extreme Speed|p2a: Iron Valiant
|-damage|p2a: Iron Valiant|60/100
|
|upkeep
|turn|5
|
|t:|1779834751
|switch|p1a: Pecharunt|Pecharunt|100/100
|-damage|p1a: Pecharunt|88/100|[from] Stealth Rock
|-item|p1a: Pecharunt|Air Balloon
|move|p2a: Iron Valiant|Moonblast|p1a: Pecharunt
|-resisted|p1a: Pecharunt
|-damage|p1a: Pecharunt|60/100
|-unboost|p1a: Pecharunt|spa|1
|-enditem|p1a: Pecharunt|Air Balloon
|
|upkeep
|turn|6
|
|t:|1779834773
|move|p2a: Iron Valiant|Moonblast|p1a: Pecharunt
|-resisted|p1a: Pecharunt
|-damage|p1a: Pecharunt|30/100
|-unboost|p1a: Pecharunt|spa|1
|move|p1a: Pecharunt|Recover|p1a: Pecharunt
|-heal|p1a: Pecharunt|80/100
|
|upkeep
|turn|7
|
|t:|1779834782
|move|p2a: Iron Valiant|Moonblast|p1a: Pecharunt
|-resisted|p1a: Pecharunt
|-damage|p1a: Pecharunt|54/100
|move|p1a: Pecharunt|Nasty Plot|p1a: Pecharunt
|-boost|p1a: Pecharunt|spa|2
|
|upkeep
|turn|8
|
|t:|1779834796
|-end|p2a: Iron Valiant|Quark Drive|[silent]
|switch|p2a: Ceruledge|Ceruledge, M, shiny|100/100
|move|p1a: Pecharunt|Recover|p1a: Pecharunt
|-heal|p1a: Pecharunt|100/100
|
|upkeep
|turn|9
|inactive|noodlepantseli has 120 seconds left.
|
|t:|1779834837
|switch|p1a: Heatran|Heatran, F|100/100
|-damage|p1a: Heatran|88/100|[from] Stealth Rock
|-item|p1a: Heatran|Air Balloon
|-terastallize|p2a: Ceruledge|Fire
|move|p2a: Ceruledge|Swords Dance|p2a: Ceruledge
|-boost|p2a: Ceruledge|atk|2
|
|upkeep
|turn|10
|inactive|ogtooly has 120 seconds left.
|
|t:|1779834862
|move|p2a: Ceruledge|Poltergeist|p1a: Heatran
|-activate|p1a: Heatran|move: Poltergeist|Air Balloon
|-damage|p1a: Heatran|0 fnt
|-enditem|p1a: Heatran|Air Balloon
|faint|p1a: Heatran
|-damage|p2a: Ceruledge|91/100|[from] item: Life Orb
|
|upkeep
|
|t:|1779834880
|switch|p1a: Samurott|Samurott-Hisui, M|22/100
|-damage|p1a: Samurott|9/100|[from] Stealth Rock
|turn|11
|
|t:|1779834891
|move|p1a: Samurott|Sucker Punch|p2a: Ceruledge
|-damage|p2a: Ceruledge|35/100
|-ability|p2a: Ceruledge|Weak Armor|boost
|-unboost|p2a: Ceruledge|def|1
|-boost|p2a: Ceruledge|spe|2
|move|p2a: Ceruledge|Shadow Sneak|p1a: Samurott
|-resisted|p1a: Samurott
|-damage|p1a: Samurott|0 fnt
|faint|p1a: Samurott
|-damage|p2a: Ceruledge|25/100|[from] item: Life Orb
|
|upkeep
|inactive|noodlepantseli has 90 seconds left.
|
|t:|1779834902
|switch|p1a: Rillaboom|Rillaboom, M|100/100
|-damage|p1a: Rillaboom|88/100|[from] Stealth Rock
|-fieldstart|move: Grassy Terrain|[from] ability: Grassy Surge|[of] p1a: Rillaboom
|turn|12
|
|t:|1779834910
|move|p1a: Rillaboom|Grassy Glide|p2a: Ceruledge
|-resisted|p2a: Ceruledge
|-damage|p2a: Ceruledge|0 fnt
|faint|p2a: Ceruledge
|
|-heal|p1a: Rillaboom|94/100|[from] Grassy Terrain
|upkeep
|
|t:|1779834929
|switch|p2a: Kingambit|Kingambit, F, shiny|100/100
|-activate|p2a: Kingambit|ability: Supreme Overlord
|-start|p2a: Kingambit|fallen1|[silent]
|turn|13
|inactive|noodlepantseli has 90 seconds left.
|
|t:|1779834950
|switch|p1a: Dragonite|Dragonite, F|90/100
|move|p2a: Kingambit|Swords Dance|p2a: Kingambit
|-boost|p2a: Kingambit|atk|2
|
|upkeep
|turn|14
|inactive|noodlepantseli has 90 seconds left.
|
|t:|1779834963
|move|p2a: Kingambit|Sucker Punch|p1a: Dragonite
|-damage|p1a: Dragonite|0 fnt
|faint|p1a: Dragonite
|
|upkeep
|inactive|noodlepantseli has 90 seconds left.
|
|t:|1779834969
|switch|p1a: Iron Valiant|Iron Valiant|100/100
|-damage|p1a: Iron Valiant|94/100|[from] Stealth Rock
|-enditem|p1a: Iron Valiant|Booster Energy
|-activate|p1a: Iron Valiant|ability: Quark Drive|[fromitem]
|-start|p1a: Iron Valiant|quarkdrivespe
|turn|15
|inactive|ogtooly has 120 seconds left.
|
|t:|1779835021
|move|p2a: Kingambit|Sucker Punch|p1a: Iron Valiant
|-resisted|p1a: Iron Valiant
|-damage|p1a: Iron Valiant|67/100
|move|p1a: Iron Valiant|Close Combat|p2a: Kingambit
|-supereffective|p2a: Kingambit
|-damage|p2a: Kingambit|0 fnt
|-unboost|p1a: Iron Valiant|def|1
|-unboost|p1a: Iron Valiant|spd|1
|faint|p2a: Kingambit
|-end|p2a: Kingambit|fallen1|[silent]
|
|-heal|p1a: Iron Valiant|73/100|[from] Grassy Terrain
|upkeep
|inactive|ogtooly has 90 seconds left.
|
|t:|1779835041
|switch|p2a: Iron Valiant|Iron Valiant, shiny|60/100
|turn|16
|
|t:|1779835047
|move|p1a: Iron Valiant|Moonblast|p2a: Iron Valiant
|-supereffective|p2a: Iron Valiant
|-damage|p2a: Iron Valiant|0 fnt
|faint|p2a: Iron Valiant
|-end|p2a: Iron Valiant|Quark Drive|[silent]
|
|-heal|p1a: Iron Valiant|79/100|[from] Grassy Terrain
|-fieldend|move: Grassy Terrain
|upkeep
|inactive|ogtooly has 90 seconds left.
|
|t:|1779835064
|switch|p2a: Gholdengo|Gholdengo, shiny|100/100
|turn|17
|inactive|ogtooly has 90 seconds left.
|
|t:|1779835088
|move|p1a: Iron Valiant|Moonblast|p2a: Gholdengo
|-resisted|p2a: Gholdengo
|-damage|p2a: Gholdengo|76/100
|move|p2a: Gholdengo|Make It Rain|p1a: Iron Valiant
|-supereffective|p1a: Iron Valiant
|-crit|p1a: Iron Valiant
|-damage|p1a: Iron Valiant|0 fnt
|-unboost|p2a: Gholdengo|spa|1
|faint|p1a: Iron Valiant
|-end|p1a: Iron Valiant|Quark Drive|[silent]
|
|-heal|p2a: Gholdengo|83/100|[from] item: Leftovers
|upkeep
|
|t:|1779835101
|switch|p1a: Pecharunt|Pecharunt|100/100
|-damage|p1a: Pecharunt|88/100|[from] Stealth Rock
|turn|18
|
|t:|1779835111
|-terastallize|p1a: Pecharunt|Dark
|move|p1a: Pecharunt|Shadow Ball|p2a: Gholdengo
|-supereffective|p2a: Gholdengo
|-damage|p2a: Gholdengo|22/100
|move|p2a: Gholdengo|Shadow Ball|p1a: Pecharunt
|-resisted|p1a: Pecharunt
|-damage|p1a: Pecharunt|74/100
|
|-heal|p2a: Gholdengo|28/100|[from] item: Leftovers
|upkeep
|turn|19
|
|t:|1779835125
|move|p1a: Pecharunt|Shadow Ball|p2a: Gholdengo
|-supereffective|p2a: Gholdengo
|-damage|p2a: Gholdengo|0 fnt
|faint|p2a: Gholdengo
|
|upkeep
|
|t:|1779835131
|switch|p2a: Great Tusk|Great Tusk, shiny|17/100
|turn|20
|
|t:|1779835138
|move|p1a: Pecharunt|Malignant Chain|p2a: Great Tusk
|-resisted|p2a: Great Tusk
|-damage|p2a: Great Tusk|0 fnt
|faint|p2a: Great Tusk
|-end|p2a: Great Tusk|Protosynthesis|[silent]
|
|upkeep
|
|t:|1779835144
|switch|p2a: Rotom|Rotom-Wash, shiny|100/100
|turn|21
|inactive|noodlepantseli has 120 seconds left.
|
|t:|1779835158
|move|p1a: Pecharunt|Malignant Chain|p2a: Rotom
|-damage|p2a: Rotom|61/100
|-status|p2a: Rotom|tox
|-start|p2a: Rotom|confusion|[from] ability: Poison Puppeteer|[of] p1a: Pecharunt
|-activate|p2a: Rotom|confusion
|-damage|p2a: Rotom|57/100 tox|[from] confusion
|
|-heal|p2a: Rotom|63/100 tox|[from] item: Leftovers
|-damage|p2a: Rotom|57/100 tox|[from] psn
|upkeep
|turn|22
|inactive|noodlepantseli has 120 seconds left.
|
|t:|1779835172
|move|p1a: Pecharunt|Malignant Chain|p2a: Rotom
|-damage|p2a: Rotom|15/100 tox
|-activate|p2a: Rotom|confusion
|-damage|p2a: Rotom|11/100 tox|[from] confusion
|
|-heal|p2a: Rotom|18/100 tox|[from] item: Leftovers
|-damage|p2a: Rotom|5/100 tox|[from] psn
|upkeep
|turn|23
|inactive|noodlepantseli has 120 seconds left.
|
|t:|1779835183
|move|p1a: Pecharunt|Recover|p1a: Pecharunt
|-heal|p1a: Pecharunt|100/100
|-activate|p2a: Rotom|confusion
|move|p2a: Rotom|Hydro Pump|p1a: Pecharunt
|-damage|p1a: Pecharunt|53/100
|
|-heal|p2a: Rotom|11/100 tox|[from] item: Leftovers
|-damage|p2a: Rotom|0 fnt|[from] psn
|faint|p2a: Rotom
|
|win|noodlepantseli
|raw|noodlepantseli's rating: 1104 &rarr; <strong>1130</strong><br />(+26 for winning)
|raw|ogtooly's rating: 1112 &rarr; <strong>1086</strong><br />(-26 for losing)
|l|☆ogtooly
|player|p2|
