|j|☆Miurez
|j|☆boostingTyranntrum
|t:|1779821289
|gametype|singles
|player|p1|Miurez|pokemonranger-gen4|1522
|player|p2|boostingTyranntrum|101|1525
|gen|9
|tier|[Gen 9] OU
|rated|
|rule|HP Percentage Mod: HP is shown in percentages
|rule|Endless Battle Clause: Forcing endless battles is banned
|rule|Species Clause: Limit one of each Pokémon
|rule|OHKO Clause: OHKO moves are banned
|rule|Evasion Items Clause: Evasion items are banned
|rule|Evasion Moves Clause: Evasion moves are banned
|rule|Evasion Abilities Clause: Evasion abilities are banned
|rule|Sleep Moves Clause: Sleep-inducing moves are banned
|clearpoke
|poke|p1|Deoxys-Speed|
|poke|p1|Ceruledge, M|
|poke|p1|Zamazenta-*|
|poke|p1|Ogerpon-Wellspring, F|
|poke|p1|Glimmora, M|
|poke|p1|Hatterene, F|
|poke|p2|Oinkologne, M|
|poke|p2|Gliscor, M|
|poke|p2|Iron Valiant|
|poke|p2|Ogerpon-Wellspring, F|
|poke|p2|Raging Bolt|
|poke|p2|Heatran, F|
|teampreview
|
|t:|1779821294
|teamsize|p1|6
|teamsize|p2|6
|start
|switch|p1a: Deoxys|Deoxys-Speed|100/100
|switch|p2a: Wilbur|Oinkologne, M|100/100
|-ability|p1a: Deoxys|Pressure
|turn|1
|
|t:|1779821297
|move|p1a: Deoxys|Taunt|p2a: Wilbur
|-start|p2a: Wilbur|move: Taunt
|move|p2a: Wilbur|Body Slam|p1a: Deoxys
|-damage|p1a: Deoxys|50/100
|
|upkeep
|turn|2
|
|t:|1779821300
|move|p1a: Deoxys|Reflect|p1a: Deoxys
|-sidestart|p1: Miurez|Reflect
|move|p2a: Wilbur|Body Slam|p1a: Deoxys
|-damage|p1a: Deoxys|24/100
|
|upkeep
|turn|3
|
|t:|1779821302
|move|p1a: Deoxys|Light Screen|p1a: Deoxys
|-sidestart|p1: Miurez|move: Light Screen
|move|p2a: Wilbur|Body Slam|p1a: Deoxys
|-damage|p1a: Deoxys|0 fnt
|faint|p1a: Deoxys
|
|-end|p2a: Wilbur|move: Taunt
|upkeep
|
|t:|1779821319
|switch|p1a: Zamazenta|Zamazenta|100/100
|-ability|p1a: Zamazenta|Dauntless Shield|boost
|-boost|p1a: Zamazenta|def|1
|turn|4
|
|t:|1779821327
|switch|p2a: Gliscor|Gliscor, M|100/100
|move|p1a: Zamazenta|Body Press|p2a: Gliscor
|-resisted|p2a: Gliscor
|-damage|p2a: Gliscor|77/100
|
|-status|p2a: Gliscor|tox|[from] item: Toxic Orb
|upkeep
|turn|5
|
|t:|1779821332
|switch|p1a: Glimmora|Glimmora, M|100/100
|move|p2a: Gliscor|Toxic|p1a: Glimmora
|-immune|p1a: Glimmora
|
|-heal|p2a: Gliscor|90/100 tox|[from] ability: Poison Heal
|upkeep
|turn|6
|
|t:|1779821347
|move|p1a: Glimmora|Meteor Beam||[still]
|-prepare|p1a: Glimmora|Meteor Beam
|-boost|p1a: Glimmora|spa|1
|-enditem|p1a: Glimmora|Power Herb
|-anim|p1a: Glimmora|Meteor Beam|p2a: Gliscor
|-damage|p2a: Gliscor|12/100 tox
|move|p2a: Gliscor|Earthquake|p1a: Glimmora
|-supereffective|p1a: Glimmora
|-damage|p1a: Glimmora|24/100
|-activate|p1a: Glimmora|ability: Toxic Debris
|-sidestart|p2: boostingTyranntrum|move: Toxic Spikes
|
|-heal|p2a: Gliscor|24/100 tox|[from] ability: Poison Heal
|upkeep
|turn|7
|
|t:|1779821355
|move|p2a: Gliscor|Protect|p2a: Gliscor
|-singleturn|p2a: Gliscor|Protect
|move|p1a: Glimmora|Meteor Beam||[still]
|-prepare|p1a: Glimmora|Meteor Beam
|-boost|p1a: Glimmora|spa|1
|
|-heal|p2a: Gliscor|37/100 tox|[from] ability: Poison Heal
|upkeep
|turn|8
|
|t:|1779821360
|move|p1a: Glimmora|Meteor Beam|p2a: Gliscor|[from] lockedmove
|-damage|p2a: Gliscor|0 fnt
|faint|p2a: Gliscor
|
|upkeep
|
|t:|1779821369
|switch|p2a: Ogerpon|Ogerpon-Wellspring, F|100/100
|-status|p2a: Ogerpon|psn
|turn|9
|
|t:|1779821373
|move|p2a: Ogerpon|Horn Leech|p1a: Glimmora
|-damage|p1a: Glimmora|0 fnt
|-activate|p1a: Glimmora|ability: Toxic Debris
|-sidestart|p2: boostingTyranntrum|move: Toxic Spikes
|faint|p1a: Glimmora
|
|-damage|p2a: Ogerpon|88/100 psn|[from] psn
|-sideend|p1: Miurez|Reflect
|upkeep
|inactive|Battle timer is ON: inactive players will automatically lose when time's up. (requested by boostingTyranntrum)
|
|t:|1779821382
|switch|p1a: Ogerpon|Ogerpon-Wellspring, F|100/100
|turn|10
|
|t:|1779821387
|move|p2a: Ogerpon|Swords Dance|p2a: Ogerpon
|-boost|p2a: Ogerpon|atk|2
|move|p1a: Ogerpon|Horn Leech|p2a: Ogerpon
|-damage|p2a: Ogerpon|24/100 psn
|
|-damage|p2a: Ogerpon|12/100 psn|[from] psn
|-sideend|p1: Miurez|move: Light Screen
|upkeep
|turn|11
|
|t:|1779821401
|switch|p1a: Ceruledge|Ceruledge, M|100/100
|move|p2a: Ogerpon|Horn Leech|p1a: Ceruledge
|-resisted|p1a: Ceruledge
|-damage|p1a: Ceruledge|49/100
|-heal|p2a: Ogerpon|39/100 psn|[from] drain|[of] p1a: Ceruledge
|-ability|p1a: Ceruledge|Weak Armor|boost
|-unboost|p1a: Ceruledge|def|1
|-boost|p1a: Ceruledge|spe|2
|
|-damage|p2a: Ogerpon|27/100 psn|[from] psn
|upkeep
|turn|12
|
|t:|1779821406
|switch|p2a: Wilbur|Oinkologne, M|100/100
|-status|p2a: Wilbur|tox
|move|p1a: Ceruledge|Bitter Blade|p2a: Wilbur
|-damage|p2a: Wilbur|68/100 tox
|-heal|p1a: Ceruledge|70/100|[from] drain|[of] p2a: Wilbur
|-damage|p1a: Ceruledge|60/100|[from] item: Life Orb
|
|-heal|p2a: Wilbur|74/100 tox|[from] item: Leftovers
|-damage|p2a: Wilbur|68/100 tox|[from] psn
|upkeep
|turn|13
|
|t:|1779821411
|move|p1a: Ceruledge|Swords Dance|p1a: Ceruledge
|-boost|p1a: Ceruledge|atk|2
|move|p2a: Wilbur|High Horsepower|p1a: Ceruledge
|-supereffective|p1a: Ceruledge
|-damage|p1a: Ceruledge|0 fnt
|faint|p1a: Ceruledge
|
|-heal|p2a: Wilbur|74/100 tox|[from] item: Leftovers
|-damage|p2a: Wilbur|62/100 tox|[from] psn
|upkeep
|
|t:|1779821426
|switch|p1a: Hatterene|Hatterene, F|100/100
|turn|14
|
|t:|1779821428
|move|p2a: Wilbur|Body Slam|p1a: Hatterene
|-damage|p1a: Hatterene|64/100
|move|p1a: Hatterene|Calm Mind|p1a: Hatterene
|-boost|p1a: Hatterene|spa|1
|-boost|p1a: Hatterene|spd|1
|
|-heal|p2a: Wilbur|68/100 tox|[from] item: Leftovers
|-heal|p1a: Hatterene|70/100|[from] item: Leftovers
|-damage|p2a: Wilbur|50/100 tox|[from] psn
|upkeep
|turn|15
|
|t:|1779821432
|move|p2a: Wilbur|Body Slam|p1a: Hatterene
|-crit|p1a: Hatterene
|-damage|p1a: Hatterene|16/100
|move|p1a: Hatterene|Draining Kiss|p2a: Wilbur
|-damage|p2a: Wilbur|17/100 tox
|-heal|p1a: Hatterene|49/100|[from] drain|[of] p2a: Wilbur
|
|-heal|p2a: Wilbur|23/100 tox|[from] item: Leftovers
|-heal|p1a: Hatterene|55/100|[from] item: Leftovers
|-damage|p2a: Wilbur|0 fnt|[from] psn
|faint|p2a: Wilbur
|upkeep
|
|t:|1779821436
|switch|p2a: Ogerpon|Ogerpon-Wellspring, F|27/100 psn
|turn|16
|
|t:|1779821443
|move|p2a: Ogerpon|Ivy Cudgel|p1a: Hatterene|[anim] Ivy Cudgel Water
|-crit|p1a: Hatterene
|-damage|p1a: Hatterene|0 fnt
|faint|p1a: Hatterene
|
|-damage|p2a: Ogerpon|15/100 psn|[from] psn
|upkeep
|
|t:|1779821448
|switch|p1a: Zamazenta|Zamazenta|100/100
|turn|17
|
|t:|1779821453
|move|p1a: Zamazenta|Body Press|p2a: Ogerpon
|-damage|p2a: Ogerpon|0 fnt
|faint|p2a: Ogerpon
|
|upkeep
|
|t:|1779821456
|switch|p2a: Raging Bolt|Raging Bolt|100/100
|-status|p2a: Raging Bolt|tox
|-enditem|p2a: Raging Bolt|Booster Energy
|-activate|p2a: Raging Bolt|ability: Protosynthesis|[fromitem]
|-start|p2a: Raging Bolt|protosynthesisspa
|turn|18
|
|t:|1779821467
|switch|p1a: Ogerpon|Ogerpon-Wellspring, F|100/100
|move|p2a: Raging Bolt|Thunderbolt|p1a: Ogerpon
|-damage|p1a: Ogerpon|12/100
|
|-damage|p2a: Raging Bolt|94/100 tox|[from] psn
|upkeep
|turn|19
|
|t:|1779821475
|move|p1a: Ogerpon|Swords Dance|p1a: Ogerpon
|-boost|p1a: Ogerpon|atk|2
|move|p2a: Raging Bolt|Thunderbolt|p1a: Ogerpon
|-damage|p1a: Ogerpon|0 fnt
|faint|p1a: Ogerpon
|
|-damage|p2a: Raging Bolt|82/100 tox|[from] psn
|upkeep
|
|t:|1779821476
|switch|p1a: Zamazenta|Zamazenta|100/100
|turn|20
|
|t:|1779821483
|move|p1a: Zamazenta|Iron Defense|p1a: Zamazenta
|-boost|p1a: Zamazenta|def|2
|move|p2a: Raging Bolt|Thunderbolt|p1a: Zamazenta
|-damage|p1a: Zamazenta|35/100
|
|-heal|p1a: Zamazenta|41/100|[from] item: Leftovers
|-damage|p2a: Raging Bolt|64/100 tox|[from] psn
|upkeep
|turn|21
|
|t:|1779821487
|move|p1a: Zamazenta|Body Press|p2a: Raging Bolt
|-crit|p2a: Raging Bolt
|-damage|p2a: Raging Bolt|0 fnt
|faint|p2a: Raging Bolt
|-end|p2a: Raging Bolt|Protosynthesis|[silent]
|
|-heal|p1a: Zamazenta|47/100|[from] item: Leftovers
|upkeep
|
|t:|1779821488
|switch|p2a: Iron Valiant|Iron Valiant|100/100
|-status|p2a: Iron Valiant|tox
|-enditem|p2a: Iron Valiant|Booster Energy
|-activate|p2a: Iron Valiant|ability: Quark Drive|[fromitem]
|-start|p2a: Iron Valiant|quarkdrivespe
|turn|22
|
|t:|1779821495
|-terastallize|p2a: Iron Valiant|Ghost
|-terastallize|p1a: Zamazenta|Fire
|move|p2a: Iron Valiant|Moonblast|p1a: Zamazenta
|-resisted|p1a: Zamazenta
|-damage|p1a: Zamazenta|23/100
|move|p1a: Zamazenta|Roar|p2a: Iron Valiant
|-end|p2a: Iron Valiant|Quark Drive|[silent]
|drag|p2a: Heatran|Heatran, F|100/100
|-item|p2a: Heatran|Air Balloon
|
|-heal|p1a: Zamazenta|29/100|[from] item: Leftovers
|upkeep
|turn|23
|
|t:|1779821501
|move|p1a: Zamazenta|Body Press|p2a: Heatran
|-supereffective|p2a: Heatran
|-damage|p2a: Heatran|0 fnt
|-enditem|p2a: Heatran|Air Balloon
|faint|p2a: Heatran
|
|-heal|p1a: Zamazenta|36/100|[from] item: Leftovers
|upkeep
|
|t:|1779821502
|switch|p2a: Iron Valiant|Iron Valiant, tera:Ghost|100/100 tox
|turn|24
|
|t:|1779821506
|move|p1a: Zamazenta|Crunch|p2a: Iron Valiant
|-supereffective|p2a: Iron Valiant
|-damage|p2a: Iron Valiant|42/100 tox
|move|p2a: Iron Valiant|Shadow Ball|p1a: Zamazenta
|-damage|p1a: Zamazenta|1/100
|
|-heal|p1a: Zamazenta|8/100|[from] item: Leftovers
|-damage|p2a: Iron Valiant|36/100 tox|[from] psn
|upkeep
|turn|25
|
|t:|1779821509
|move|p2a: Iron Valiant|Vacuum Wave|p1a: Zamazenta
|-damage|p1a: Zamazenta|0 fnt
|faint|p1a: Zamazenta
|
|win|boostingTyranntrum
|raw|Miurez's rating: 1522 &rarr; <strong>1502</strong><br />(-20 for losing)
|raw|boostingTyranntrum's rating: 1525 &rarr; <strong>1545</strong><br />(+20 for winning)
|c|☆boostingTyranntrum|Gf
|c|☆boostingTyranntrum|Gg
|l|☆Miurez
|player|p1|
|l|☆boostingTyranntrum
|player|p2|
