|j|‽Catalyxx
|j|☆perfecto123
|t:|1779815294
|gametype|singles
|player|p1|Catalyxx|roxie-masters|1569
|player|p2|perfecto123|1|1562
|gen|9
|tier|[Gen 9] OU
|rated|
|rule|HP Percentage Mod: HP is shown in percentages
|rule|Endless Battle Clause: Forcing endless battles is banned
|rule|Species Clause: Limit one of each Pokémon
|rule|OHKO Clause: OHKO moves are banned
|rule|Evasion Items Clause: Evasion items are banned
|rule|Evasion Moves Clause: Evasion moves are banned
|rule|Evasion Abilities Clause: Evasion abilities are banned
|rule|Sleep Moves Clause: Sleep-inducing moves are banned
|clearpoke
|poke|p1|Zamazenta-*|
|poke|p1|Ting-Lu|
|poke|p1|Alomomola, F|
|poke|p1|Great Tusk|
|poke|p1|Latios, M|
|poke|p1|Gholdengo|
|poke|p2|Ribombee, M|
|poke|p2|Quaquaval, M|
|poke|p2|Hydreigon, F|
|poke|p2|Iron Moth|
|poke|p2|Skeledirge, M|
|poke|p2|Ogerpon-Wellspring, F|
|teampreview
|inactive|Battle timer is ON: inactive players will automatically lose when time's up. (requested by perfecto123)
|
|t:|1779815315
|teamsize|p1|6
|teamsize|p2|6
|start
|switch|p1a: Ting-Lu|Ting-Lu|100/100
|switch|p2a: Ribombee|Ribombee, M|100/100
|-ability|p1a: Ting-Lu|Vessel of Ruin
|turn|1
|
|t:|1779815323
|move|p2a: Ribombee|Moonblast|p1a: Ting-Lu
|-supereffective|p1a: Ting-Lu
|-damage|p1a: Ting-Lu|62/100
|-enditem|p1a: Ting-Lu|Red Card|[of] p2a: Ribombee
|drag|p2a: Skeledirge|Skeledirge, M|100/100
|move|p1a: Ting-Lu|Stealth Rock|p2a: Skeledirge
|-sidestart|p2: perfecto123|move: Stealth Rock
|
|upkeep
|turn|2
|
|t:|1779815330
|move|p2a: Skeledirge|Torch Song|p1a: Ting-Lu
|-damage|p1a: Ting-Lu|42/100
|-boost|p2a: Skeledirge|spa|1
|move|p1a: Ting-Lu|Whirlwind|p2a: Skeledirge
|drag|p2a: Iron Moth|Iron Moth|100/100
|-damage|p2a: Iron Moth|76/100|[from] Stealth Rock
|-enditem|p2a: Iron Moth|Booster Energy
|-activate|p2a: Iron Moth|ability: Quark Drive|[fromitem]
|-start|p2a: Iron Moth|quarkdrivespa
|
|upkeep
|turn|3
|
|t:|1779815340
|move|p2a: Iron Moth|Dazzling Gleam|p1a: Ting-Lu
|-supereffective|p1a: Ting-Lu
|-damage|p1a: Ting-Lu|0 fnt
|faint|p1a: Ting-Lu
|
|upkeep
|
|t:|1779815343
|switch|p1a: Latios|Latios, M|100/100
|turn|4
|
|t:|1779815348
|-end|p2a: Iron Moth|Quark Drive|[silent]
|switch|p2a: Hydreigon|Hydreigon, F|100/100
|-damage|p2a: Hydreigon|88/100|[from] Stealth Rock
|move|p1a: Latios|Psychic Noise|p2a: Hydreigon
|-immune|p2a: Hydreigon
|
|upkeep
|turn|5
|
|t:|1779815355
|switch|p1a: Alomomola|Alomomola, F|100/100
|move|p2a: Hydreigon|Dragon Pulse|p1a: Alomomola
|-damage|p1a: Alomomola|69/100
|-damage|p2a: Hydreigon|78/100|[from] item: Life Orb
|
|upkeep
|turn|6
|
|t:|1779815362
|move|p2a: Hydreigon|Dark Pulse|p1a: Alomomola
|-crit|p1a: Alomomola
|-damage|p1a: Alomomola|27/100
|-damage|p2a: Hydreigon|68/100|[from] item: Life Orb
|move|p1a: Alomomola|Flip Turn|p2a: Hydreigon
|-resisted|p2a: Hydreigon
|-damage|p2a: Hydreigon|59/100
|
|t:|1779815368
|switch|p1a: Latios|Latios, M|100/100|[from] Flip Turn
|
|upkeep
|turn|7
|
|t:|1779815378
|switch|p2a: Ribombee|Ribombee, M|100/100
|-damage|p2a: Ribombee|76/100|[from] Stealth Rock
|move|p1a: Latios|Psychic Noise|p2a: Ribombee
|-damage|p2a: Ribombee|10/100
|
|upkeep
|turn|8
|
|t:|1779815386
|move|p1a: Latios|Psychic Noise|p2a: Ribombee
|-damage|p2a: Ribombee|0 fnt
|faint|p2a: Ribombee
|
|upkeep
|
|t:|1779815394
|switch|p2a: Ogerpon|Ogerpon-Wellspring, F|100/100
|-damage|p2a: Ogerpon|88/100|[from] Stealth Rock
|turn|9
|
|t:|1779815401
|switch|p1a: Zamazenta|Zamazenta|100/100
|-ability|p1a: Zamazenta|Dauntless Shield|boost
|-boost|p1a: Zamazenta|def|1
|-terastallize|p2a: Ogerpon|Water
|detailschange|p2a: Ogerpon|Ogerpon-Wellspring-Tera, F, tera:Water
|-ability|p2a: Ogerpon|Embody Aspect (Wellspring)|boost
|-boost|p2a: Ogerpon|spd|1
|move|p2a: Ogerpon|Swords Dance|p2a: Ogerpon
|-boost|p2a: Ogerpon|atk|2
|
|upkeep
|turn|10
|
|t:|1779815411
|move|p1a: Zamazenta|Body Press|p2a: Ogerpon
|-damage|p2a: Ogerpon|17/100
|move|p2a: Ogerpon|Trailblaze|p1a: Zamazenta
|-damage|p1a: Zamazenta|73/100
|-boost|p2a: Ogerpon|spe|1
|
|upkeep
|turn|11
|
|t:|1779815418
|move|p2a: Ogerpon|Play Rough|p1a: Zamazenta|[miss]
|-miss|p2a: Ogerpon|p1a: Zamazenta
|move|p1a: Zamazenta|Body Press|p2a: Ogerpon
|-damage|p2a: Ogerpon|0 fnt
|faint|p2a: Ogerpon
|detailschange|p2: Ogerpon|Ogerpon-Wellspring, F|[silent]
|
|upkeep
|
|t:|1779815427
|switch|p2a: Quaquaval|Quaquaval, M|100/100
|-damage|p2a: Quaquaval|94/100|[from] Stealth Rock
|turn|12
|
|t:|1779815437
|switch|p1a: Gholdengo|Gholdengo|100/100
|-item|p1a: Gholdengo|Air Balloon
|move|p2a: Quaquaval|Aqua Step|p1a: Gholdengo
|-damage|p1a: Gholdengo|68/100
|-boost|p2a: Quaquaval|spe|1
|-enditem|p1a: Gholdengo|Air Balloon
|
|-heal|p2a: Quaquaval|100/100|[from] item: Leftovers
|upkeep
|turn|13
|
|t:|1779815448
|move|p2a: Quaquaval|Bulk Up|p2a: Quaquaval
|-boost|p2a: Quaquaval|atk|1
|-boost|p2a: Quaquaval|def|1
|move|p1a: Gholdengo|Shadow Ball|p2a: Quaquaval
|-damage|p2a: Quaquaval|53/100
|
|-heal|p2a: Quaquaval|59/100|[from] item: Leftovers
|upkeep
|turn|14
|
|t:|1779815455
|switch|p1a: Latios|Latios, M|100/100
|move|p2a: Quaquaval|Aqua Step|p1a: Latios
|-resisted|p1a: Latios
|-damage|p1a: Latios|56/100
|-boost|p2a: Quaquaval|spe|1
|
|-heal|p2a: Quaquaval|65/100|[from] item: Leftovers
|upkeep
|turn|15
|
|t:|1779815464
|move|p2a: Quaquaval|Triple Axel|p1a: Latios
|-supereffective|p1a: Latios
|-damage|p1a: Latios|27/100
|-supereffective|p1a: Latios
|-damage|p1a: Latios|0 fnt
|faint|p1a: Latios
|-ability|p2a: Quaquaval|Moxie|boost
|-boost|p2a: Quaquaval|atk|1
|-hitcount|p1: Latios|2
|
|-heal|p2a: Quaquaval|71/100|[from] item: Leftovers
|upkeep
|
|t:|1779815472
|switch|p1a: Great Tusk|Great Tusk|100/100
|turn|16
|
|t:|1779815476
|-terastallize|p1a: Great Tusk|Ice
|move|p2a: Quaquaval|Bulk Up|p2a: Quaquaval
|-boost|p2a: Quaquaval|atk|1
|-boost|p2a: Quaquaval|def|1
|move|p1a: Great Tusk|Headlong Rush|p2a: Quaquaval
|-damage|p2a: Quaquaval|29/100
|-unboost|p1a: Great Tusk|def|1
|-unboost|p1a: Great Tusk|spd|1
|
|-heal|p2a: Quaquaval|36/100|[from] item: Leftovers
|upkeep
|turn|17
|-message|Catalyxx forfeited.
|
|win|perfecto123
|raw|Catalyxx's rating: 1569 &rarr; <strong>1549</strong><br />(-20 for losing)
|raw|perfecto123's rating: 1562 &rarr; <strong>1582</strong><br />(+20 for winning)
|l|‽Catalyxx
|player|p1|
|l|☆perfecto123
|player|p2|
