|j|☆eserraba
|j|☆Elasobi
|t:|1779874829
|gametype|singles
|player|p1|eserraba|169|1095
|player|p2|Elasobi|101|1105
|gen|9
|tier|[Gen 9] OU
|rated|
|rule|HP Percentage Mod: HP is shown in percentages
|rule|Endless Battle Clause: Forcing endless battles is banned
|rule|Species Clause: Limit one of each Pokémon
|rule|OHKO Clause: OHKO moves are banned
|rule|Evasion Items Clause: Evasion items are banned
|rule|Evasion Moves Clause: Evasion moves are banned
|rule|Evasion Abilities Clause: Evasion abilities are banned
|rule|Sleep Moves Clause: Sleep-inducing moves are banned
|clearpoke
|poke|p1|Masquerain, M|
|poke|p1|Eelektross, M|
|poke|p1|Shiftry, F|
|poke|p1|Volbeat, M|
|poke|p1|Seviper, F|
|poke|p1|Golduck, F|
|poke|p2|Quaquaval, F|
|poke|p2|Weavile, M|
|poke|p2|Lycanroc-Dusk, F|
|poke|p2|Gholdengo|
|poke|p2|Rotom-Heat|
|poke|p2|Great Tusk|
|teampreview
|inactive|Battle timer is ON: inactive players will automatically lose when time's up. (requested by eserraba)
|inactive|Elasobi also wants the timer to be on.
|
|t:|1779874848
|teamsize|p1|6
|teamsize|p2|6
|start
|switch|p1a: Eelektross|Eelektross, M|100/100
|switch|p2a: Quaquaval|Quaquaval, F|100/100
|turn|1
|
|t:|1779874861
|move|p2a: Quaquaval|Swords Dance|p2a: Quaquaval
|-boost|p2a: Quaquaval|atk|2
|move|p1a: Eelektross|Knock Off|p2a: Quaquaval
|-resisted|p2a: Quaquaval
|-damage|p2a: Quaquaval|79/100
|-enditem|p2a: Quaquaval|Leftovers|[from] move: Knock Off|[of] p1a: Eelektross
|
|upkeep
|turn|2
|
|t:|1779874870
|move|p2a: Quaquaval|Close Combat|p1a: Eelektross
|-damage|p1a: Eelektross|0 fnt
|-unboost|p2a: Quaquaval|def|1
|-unboost|p2a: Quaquaval|spd|1
|faint|p1a: Eelektross
|-ability|p2a: Quaquaval|Moxie|boost
|-boost|p2a: Quaquaval|atk|1
|
|upkeep
|
|t:|1779874877
|switch|p1a: Shiftry|Shiftry, F|100/100
|turn|3
|
|t:|1779874884
|move|p2a: Quaquaval|Ice Spinner|p1a: Shiftry
|-supereffective|p1a: Shiftry
|-enditem|p1a: Shiftry|Focus Sash
|-damage|p1a: Shiftry|1/100
|move|p1a: Shiftry|Leaf Blade|p2a: Quaquaval
|-supereffective|p2a: Quaquaval
|-damage|p2a: Quaquaval|0 fnt
|faint|p2a: Quaquaval
|
|upkeep
|
|t:|1779874888
|switch|p2a: Rotom|Rotom-Heat|100/100
|turn|4
|
|t:|1779874895
|move|p1a: Shiftry|Explosion|p2a: Rotom
|-damage|p2a: Rotom|41/100
|faint|p1a: Shiftry
|move|p2a: Rotom|Volt Switch|p1: Shiftry|[notarget]
|-fail|p2a: Rotom
|
|upkeep
|
|t:|1779874901
|switch|p1a: Golduck|Golduck, F|100/100
|-ability|p1a: Golduck|Cloud Nine
|turn|5
|
|t:|1779874906
|move|p1a: Golduck|Surf|p2a: Rotom
|-supereffective|p2a: Rotom
|-damage|p2a: Rotom|0 fnt
|faint|p2a: Rotom
|
|upkeep
|
|t:|1779874912
|switch|p2a: Lycanroc|Lycanroc-Dusk, F|100/100
|turn|6
|
|t:|1779874919
|move|p2a: Lycanroc|Close Combat|p1a: Golduck
|-damage|p1a: Golduck|11/100
|-unboost|p2a: Lycanroc|def|1
|-unboost|p2a: Lycanroc|spd|1
|-enditem|p1a: Golduck|Sitrus Berry|[eat]
|-heal|p1a: Golduck|36/100|[from] item: Sitrus Berry
|-damage|p2a: Lycanroc|91/100|[from] item: Life Orb
|move|p1a: Golduck|Surf|p2a: Lycanroc
|-supereffective|p2a: Lycanroc
|-damage|p2a: Lycanroc|0 fnt
|faint|p2a: Lycanroc
|
|upkeep
|
|t:|1779874922
|switch|p2a: Gholdengo|Gholdengo|100/100
|-item|p2a: Gholdengo|Air Balloon
|turn|7
|
|t:|1779874939
|switch|p1a: Volbeat|Volbeat, M|100/100
|move|p2a: Gholdengo|Shadow Ball|p1a: Volbeat
|-damage|p1a: Volbeat|50/100
|-enditem|p1a: Volbeat|Red Card|[of] p2a: Gholdengo
|drag|p2a: Great Tusk|Great Tusk|100/100
|
|upkeep
|turn|8
|
|t:|1779874951
|-terastallize|p2a: Great Tusk|Steel
|move|p1a: Volbeat|Tailwind|p1a: Volbeat
|-sidestart|p1: eserraba|move: Tailwind
|move|p2a: Great Tusk|Knock Off|p1a: Volbeat
|-damage|p1a: Volbeat|33/100
|
|upkeep
|turn|9
|
|t:|1779874966
|move|p2a: Great Tusk|Stealth Rock|p1a: Volbeat
|-sidestart|p1: eserraba|move: Stealth Rock
|move|p1a: Volbeat|Counter||[still]
|-fail|p1a: Volbeat
|
|upkeep
|turn|10
|
|t:|1779874970
|move|p1a: Volbeat|Encore|p2a: Great Tusk
|-start|p2a: Great Tusk|Encore
|move|p2a: Great Tusk|Stealth Rock||[still]
|-fail|p2a: Great Tusk
|
|upkeep
|turn|11
|
|t:|1779874975
|switch|p1a: Seviper|Seviper, F|100/100
|-damage|p1a: Seviper|88/100|[from] Stealth Rock
|move|p2a: Great Tusk|Stealth Rock||[still]
|-fail|p2a: Great Tusk
|
|-sideend|p1: eserraba|move: Tailwind
|upkeep
|turn|12
|
|t:|1779874984
|-end|p2a: Great Tusk|Protosynthesis|[silent]
|switch|p2a: Weavile|Weavile, M|100/100
|-ability|p2a: Weavile|Pressure
|-terastallize|p1a: Seviper|Fire
|move|p1a: Seviper|Flamethrower|p2a: Weavile
|-supereffective|p2a: Weavile
|-damage|p2a: Weavile|17/100
|
|upkeep
|turn|13
|
|t:|1779874992
|move|p2a: Weavile|Low Kick|p1a: Seviper
|-damage|p1a: Seviper|45/100
|move|p1a: Seviper|Flamethrower|p2a: Weavile
|-supereffective|p2a: Weavile
|-damage|p2a: Weavile|0 fnt
|faint|p2a: Weavile
|
|upkeep
|
|t:|1779874996
|switch|p2a: Gholdengo|Gholdengo|100/100
|-item|p2a: Gholdengo|Air Balloon
|turn|14
|
|t:|1779875001
|move|p1a: Seviper|Flamethrower|p2a: Gholdengo
|-supereffective|p2a: Gholdengo
|-damage|p2a: Gholdengo|32/100
|-enditem|p2a: Gholdengo|Air Balloon
|move|p2a: Gholdengo|Focus Blast|p1a: Seviper|[miss]
|-miss|p2a: Gholdengo|p1a: Seviper
|
|upkeep
|turn|15
|
|t:|1779875008
|move|p1a: Seviper|Flamethrower|p2a: Gholdengo
|-supereffective|p2a: Gholdengo
|-damage|p2a: Gholdengo|0 fnt
|faint|p2a: Gholdengo
|
|upkeep
|
|t:|1779875011
|switch|p2a: Great Tusk|Great Tusk, tera:Steel|100/100
|turn|16
|
|t:|1779875015
|move|p1a: Seviper|Flamethrower|p2a: Great Tusk
|-supereffective|p2a: Great Tusk
|-damage|p2a: Great Tusk|21/100
|-status|p2a: Great Tusk|brn
|move|p2a: Great Tusk|Earthquake|p1a: Seviper
|-supereffective|p1a: Seviper
|-damage|p1a: Seviper|0 fnt
|faint|p1a: Seviper
|
|-heal|p2a: Great Tusk|27/100 brn|[from] item: Leftovers
|-damage|p2a: Great Tusk|21/100 brn|[from] brn
|upkeep
|
|t:|1779875027
|switch|p1a: Golduck|Golduck, F|36/100
|-damage|p1a: Golduck|24/100|[from] Stealth Rock
|-ability|p1a: Golduck|Cloud Nine
|turn|17
|
|t:|1779875032
|move|p1a: Golduck|Vacuum Wave|p2a: Great Tusk
|-supereffective|p2a: Great Tusk
|-damage|p2a: Great Tusk|0 fnt
|faint|p2a: Great Tusk
|-end|p2a: Great Tusk|Protosynthesis|[silent]
|
|win|eserraba
|raw|eserraba's rating: 1095 &rarr; <strong>1121</strong><br />(+26 for winning)
|raw|Elasobi's rating: 1105 &rarr; <strong>1079</strong><br />(-26 for losing)
|l|☆eserraba
|player|p1|
|l|☆Elasobi
|player|p2|
