|j|☆Yuta mon bebe
|j|☆tobyfox114514
|t:|1779803434
|gametype|singles
|player|p1|Yuta mon bebe|2|1182
|player|p2|tobyfox114514|hilbert-wonderlauncher|1139
|gen|9
|tier|[Gen 9] OU
|rated|
|rule|HP Percentage Mod: HP is shown in percentages
|rule|Endless Battle Clause: Forcing endless battles is banned
|rule|Species Clause: Limit one of each Pokémon
|rule|OHKO Clause: OHKO moves are banned
|rule|Evasion Items Clause: Evasion items are banned
|rule|Evasion Moves Clause: Evasion moves are banned
|rule|Evasion Abilities Clause: Evasion abilities are banned
|rule|Sleep Moves Clause: Sleep-inducing moves are banned
|clearpoke
|poke|p1|Incineroar, M|
|poke|p1|Umbreon, M|
|poke|p1|Greninja-*, M|
|poke|p1|Corviknight, M|
|poke|p1|Abomasnow, M|
|poke|p1|Glimmora, F|
|poke|p2|Zamazenta-*|
|poke|p2|Iron Hands|
|poke|p2|Ceruledge, F|
|poke|p2|Iron Valiant|
|poke|p2|Deoxys-Speed|
|poke|p2|Glimmora, F|
|teampreview
|
|t:|1779803445
|teamsize|p1|6
|teamsize|p2|6
|start
|switch|p1a: GeckoMoria|Glimmora, F, shiny|100/100
|switch|p2a: Deoxys|Deoxys-Speed|100/100
|-ability|p2a: Deoxys|Pressure
|turn|1
|
|t:|1779803455
|move|p2a: Deoxys|Taunt|p1a: GeckoMoria
|-start|p1a: GeckoMoria|move: Taunt
|cant|p1a: GeckoMoria|move: Taunt|Stealth Rock
|
|upkeep
|turn|2
|inactive|Battle timer is ON: inactive players will automatically lose when time's up. (requested by tobyfox114514)
|
|t:|1779803496
|switch|p1a: Noctamère|Umbreon, M, shiny|100/100
|move|p2a: Deoxys|Light Screen|p2a: Deoxys
|-sidestart|p2: tobyfox114514|move: Light Screen
|
|upkeep
|turn|3
|
|t:|1779803505
|move|p2a: Deoxys|Reflect|p2a: Deoxys
|-sidestart|p2: tobyfox114514|Reflect
|move|p1a: Noctamère|Toxic|p2a: Deoxys
|-status|p2a: Deoxys|tox
|
|-damage|p2a: Deoxys|95/100 tox|[from] psn
|upkeep
|turn|4
|
|t:|1779803526
|move|p1a: Noctamère|Foul Play|p2a: Deoxys
|-supereffective|p2a: Deoxys
|-damage|p2a: Deoxys|67/100 tox
|move|p2a: Deoxys|Teleport|p2a: Deoxys
|
|t:|1779803536
|switch|p2a: Glimmora|Glimmora, F|100/100|[from] Teleport
|
|upkeep
|turn|5
|
|t:|1779803549
|switch|p1a: Amphinobite|Greninja, M, shiny|100/100
|move|p2a: Glimmora|Stealth Rock|p1a: Amphinobite
|-sidestart|p1: Yuta mon bebe|move: Stealth Rock
|
|upkeep
|turn|6
|
|t:|1779803556
|move|p1a: Amphinobite|Surf|p2a: Glimmora
|-start|p1a: Amphinobite|typechange|Water|[from] ability: Protean
|-supereffective|p2a: Glimmora
|-damage|p2a: Glimmora|37/100
|move|p2a: Glimmora|Mortal Spin|p1a: Amphinobite
|-damage|p1a: Amphinobite|90/100
|-status|p1a: Amphinobite|psn
|
|-damage|p1a: Amphinobite|78/100 psn|[from] psn
|upkeep
|turn|7
|
|t:|1779803569
|move|p1a: Amphinobite|Surf|p2a: Glimmora
|-supereffective|p2a: Glimmora
|-damage|p2a: Glimmora|0 fnt
|faint|p2a: Glimmora
|
|-damage|p1a: Amphinobite|65/100 psn|[from] psn
|upkeep
|
|t:|1779803591
|switch|p2a: Iron Valiant|Iron Valiant|100/100
|-enditem|p2a: Iron Valiant|Booster Energy
|-activate|p2a: Iron Valiant|ability: Quark Drive|[fromitem]
|-start|p2a: Iron Valiant|quarkdrivespe
|turn|8
|
|t:|1779803603
|switch|p1a: Shinra|Incineroar, M|100/100
|-ability|p1a: Shinra|Intimidate|boost
|-unboost|p2a: Iron Valiant|atk|1
|move|p2a: Iron Valiant|Thunderbolt|p1a: Shinra
|-damage|p1a: Shinra|70/100
|
|upkeep
|turn|9
|
|t:|1779803614
|move|p2a: Iron Valiant|Focus Blast|p1a: Shinra|[miss]
|-miss|p2a: Iron Valiant|p1a: Shinra
|move|p1a: Shinra|Swords Dance|p1a: Shinra
|-boost|p1a: Shinra|atk|2
|
|-sideend|p2: tobyfox114514|move: Light Screen
|upkeep
|turn|10
|
|t:|1779803622
|move|p2a: Iron Valiant|Focus Blast|p1a: Shinra
|-supereffective|p1a: Shinra
|-damage|p1a: Shinra|0 fnt
|faint|p1a: Shinra
|
|-sideend|p2: tobyfox114514|Reflect
|upkeep
|
|t:|1779803632
|switch|p1a: Noctamère|Umbreon, M, shiny|100/100
|-damage|p1a: Noctamère|88/100|[from] Stealth Rock
|turn|11
|
|t:|1779803638
|move|p2a: Iron Valiant|Calm Mind|p2a: Iron Valiant
|-boost|p2a: Iron Valiant|spa|1
|-boost|p2a: Iron Valiant|spd|1
|move|p1a: Noctamère|Toxic|p2a: Iron Valiant
|-status|p2a: Iron Valiant|tox
|
|-heal|p1a: Noctamère|94/100|[from] item: Leftovers
|-damage|p2a: Iron Valiant|94/100 tox|[from] psn
|upkeep
|turn|12
|
|t:|1779803648
|move|p1a: Noctamère|Protect|p1a: Noctamère
|-singleturn|p1a: Noctamère|Protect
|move|p2a: Iron Valiant|Calm Mind|p2a: Iron Valiant
|-boost|p2a: Iron Valiant|spa|1
|-boost|p2a: Iron Valiant|spd|1
|
|-heal|p1a: Noctamère|99/100|[from] item: Leftovers
|-damage|p2a: Iron Valiant|82/100 tox|[from] psn
|upkeep
|turn|13
|
|t:|1779803659
|move|p2a: Iron Valiant|Moonblast|p1a: Noctamère
|-supereffective|p1a: Noctamère
|-damage|p1a: Noctamère|0 fnt
|faint|p1a: Noctamère
|
|-damage|p2a: Iron Valiant|63/100 tox|[from] psn
|upkeep
|
|t:|1779803665
|switch|p1a: Shoto|Abomasnow, M, shiny|100/100
|-weather|Snowscape|[from] ability: Snow Warning|[of] p1a: Shoto
|turn|14
|
|t:|1779803678
|move|p2a: Iron Valiant|Focus Blast|p1a: Shoto|[miss]
|-miss|p2a: Iron Valiant|p1a: Shoto
|move|p1a: Shoto|Leech Seed|p2a: Iron Valiant
|-start|p2a: Iron Valiant|move: Leech Seed
|
|-weather|Snowscape|[upkeep]
|-damage|p2a: Iron Valiant|51/100 tox|[from] Leech Seed|[of] p1a: Shoto
|-damage|p2a: Iron Valiant|26/100 tox|[from] psn
|upkeep
|turn|15
|
|t:|1779803688
|move|p2a: Iron Valiant|Focus Blast|p1a: Shoto|[miss]
|-miss|p2a: Iron Valiant|p1a: Shoto
|move|p1a: Shoto|Blizzard|p2a: Iron Valiant
|-damage|p2a: Iron Valiant|0 fnt
|faint|p2a: Iron Valiant
|-end|p2a: Iron Valiant|Quark Drive|[silent]
|
|-weather|Snowscape|[upkeep]
|upkeep
|c|☆tobyfox114514|？
|
|t:|1779803707
|switch|p2a: Deoxys|Deoxys-Speed|67/100 tox
|-ability|p2a: Deoxys|Pressure
|turn|16
|
|t:|1779803722
|move|p2a: Deoxys|Light Screen|p2a: Deoxys
|-sidestart|p2: tobyfox114514|move: Light Screen
|move|p1a: Shoto|Leech Seed|p2a: Deoxys
|-start|p2a: Deoxys|move: Leech Seed
|
|-weather|Snowscape|[upkeep]
|-damage|p2a: Deoxys|54/100 tox|[from] Leech Seed|[of] p1a: Shoto
|-damage|p2a: Deoxys|48/100 tox|[from] psn
|upkeep
|turn|17
|
|t:|1779803729
|move|p2a: Deoxys|Reflect|p2a: Deoxys
|-sidestart|p2: tobyfox114514|Reflect
|move|p1a: Shoto|Blizzard|p2a: Deoxys
|-damage|p2a: Deoxys|17/100 tox
|
|-weather|Snowscape|[upkeep]
|-damage|p2a: Deoxys|4/100 tox|[from] Leech Seed|[of] p1a: Shoto
|-damage|p2a: Deoxys|0 fnt|[from] psn
|faint|p2a: Deoxys
|upkeep
|
|t:|1779803748
|switch|p2a: Iron Hands|Iron Hands|100/100
|-enditem|p2a: Iron Hands|Booster Energy
|-activate|p2a: Iron Hands|ability: Quark Drive|[fromitem]
|-start|p2a: Iron Hands|quarkdriveatk
|turn|18
|
|t:|1779803763
|move|p2a: Iron Hands|Close Combat|p1a: Shoto
|-supereffective|p1a: Shoto
|-damage|p1a: Shoto|0 fnt
|-unboost|p2a: Iron Hands|def|1
|-unboost|p2a: Iron Hands|spd|1
|faint|p1a: Shoto
|
|-weather|none
|upkeep
|
|t:|1779803772
|switch|p1a: GeckoMoria|Glimmora, F, shiny|100/100
|-damage|p1a: GeckoMoria|88/100|[from] Stealth Rock
|turn|19
|
|t:|1779803777
|move|p1a: GeckoMoria|Stealth Rock|p2a: Iron Hands
|-sidestart|p2: tobyfox114514|move: Stealth Rock
|move|p2a: Iron Hands|Heavy Slam|p1a: GeckoMoria
|-supereffective|p1a: GeckoMoria
|-damage|p1a: GeckoMoria|0 fnt
|-activate|p1a: GeckoMoria|ability: Toxic Debris
|-sidestart|p2: tobyfox114514|move: Toxic Spikes
|faint|p1a: GeckoMoria
|
|upkeep
|
|t:|1779803791
|switch|p1a: Amphinobite|Greninja, M, shiny|65/100 psn
|-damage|p1a: Amphinobite|53/100 psn|[from] Stealth Rock
|turn|20
|
|t:|1779803798
|move|p1a: Amphinobite|U-turn|p2a: Iron Hands
|-start|p1a: Amphinobite|typechange|Bug|[from] ability: Protean
|-resisted|p2a: Iron Hands
|-damage|p2a: Iron Hands|95/100
|
|t:|1779803805
|switch|p1a: Itachi|Corviknight, M, shiny|100/100|[from] U-turn
|-damage|p1a: Itachi|88/100|[from] Stealth Rock
|-ability|p1a: Itachi|Pressure
|move|p2a: Iron Hands|Supercell Slam|p1a: Itachi
|-supereffective|p1a: Itachi
|-damage|p1a: Itachi|0 fnt
|-damage|p2a: Iron Hands|79/100|[from] item: Rocky Helmet|[of] p1a: Itachi
|faint|p1a: Itachi
|
|upkeep
|
|t:|1779803816
|switch|p1a: Amphinobite|Greninja, M, shiny|53/100 psn
|-damage|p1a: Amphinobite|41/100 psn|[from] Stealth Rock
|turn|21
|
|t:|1779803823
|move|p1a: Amphinobite|Surf|p2a: Iron Hands
|-start|p1a: Amphinobite|typechange|Water|[from] ability: Protean
|-damage|p2a: Iron Hands|28/100
|move|p2a: Iron Hands|Close Combat|p1a: Amphinobite
|-damage|p1a: Amphinobite|0 fnt
|-unboost|p2a: Iron Hands|def|1
|-unboost|p2a: Iron Hands|spd|1
|faint|p1a: Amphinobite
|
|win|tobyfox114514
|raw|Yuta mon bebe's rating: 1182 &rarr; <strong>1154</strong><br />(-28 for losing)
|raw|tobyfox114514's rating: 1139 &rarr; <strong>1167</strong><br />(+28 for winning)
|l|☆Yuta mon bebe
|player|p1|
|l|☆tobyfox114514
|player|p2|
