|j|☆Kakimori
|j|☆FeeshyArtist
|t:|1779845095
|gametype|singles
|player|p1|Kakimori|266|1289
|player|p2|FeeshyArtist|aromalady|1333
|gen|9
|tier|[Gen 9] OU
|rated|
|rule|HP Percentage Mod: HP is shown in percentages
|rule|Endless Battle Clause: Forcing endless battles is banned
|rule|Species Clause: Limit one of each Pokémon
|rule|OHKO Clause: OHKO moves are banned
|rule|Evasion Items Clause: Evasion items are banned
|rule|Evasion Moves Clause: Evasion moves are banned
|rule|Evasion Abilities Clause: Evasion abilities are banned
|rule|Sleep Moves Clause: Sleep-inducing moves are banned
|clearpoke
|poke|p1|Skeledirge, F|
|poke|p1|Mandibuzz, F|
|poke|p1|Gliscor, M|
|poke|p1|Milotic, F|
|poke|p1|Conkeldurr, F|
|poke|p1|Slowking-Galar, M|
|poke|p2|Polteageist|
|poke|p2|Slowbro-Galar, F|
|poke|p2|Iron Moth|
|poke|p2|Staraptor, F|
|poke|p2|Mamoswine, M|
|poke|p2|Tatsugiri, F|
|teampreview
|inactive|Battle timer is ON: inactive players will automatically lose when time's up. (requested by FeeshyArtist)
|
|t:|1779845110
|teamsize|p1|6
|teamsize|p2|6
|start
|switch|p1a: Mandibuzz|Mandibuzz, F|100/100
|switch|p2a: Mamoswine|Mamoswine, M|100/100
|turn|1
|
|t:|1779845117
|move|p1a: Mandibuzz|Toxic|p2a: Mamoswine
|-status|p2a: Mamoswine|tox
|move|p2a: Mamoswine|Icicle Crash|p1a: Mandibuzz
|-supereffective|p1a: Mandibuzz
|-damage|p1a: Mandibuzz|33/100
|-damage|p2a: Mamoswine|91/100 tox|[from] item: Life Orb
|
|-damage|p2a: Mamoswine|84/100 tox|[from] psn
|upkeep
|turn|2
|
|t:|1779845127
|move|p2a: Mamoswine|Ice Shard|p1a: Mandibuzz
|-supereffective|p1a: Mandibuzz
|-damage|p1a: Mandibuzz|0 fnt
|faint|p1a: Mandibuzz
|-damage|p2a: Mamoswine|75/100 tox|[from] item: Life Orb
|
|-damage|p2a: Mamoswine|62/100 tox|[from] psn
|upkeep
|
|t:|1779845135
|switch|p1a: Gliscor|Gliscor, M|100/100
|turn|3
|
|t:|1779845139
|move|p1a: Gliscor|Protect|p1a: Gliscor
|-singleturn|p1a: Gliscor|Protect
|move|p2a: Mamoswine|Icicle Crash|p1a: Gliscor
|-activate|p1a: Gliscor|move: Protect
|
|-damage|p2a: Mamoswine|44/100 tox|[from] psn
|-status|p1a: Gliscor|tox|[from] item: Toxic Orb
|upkeep
|turn|4
|
|t:|1779845148
|switch|p1a: Milotic|Milotic, F|100/100
|move|p2a: Mamoswine|Icicle Crash|p1a: Milotic
|-resisted|p1a: Milotic
|-damage|p1a: Milotic|71/100
|-damage|p2a: Mamoswine|34/100 tox|[from] item: Life Orb
|
|-heal|p1a: Milotic|77/100|[from] item: Leftovers
|-damage|p2a: Mamoswine|9/100 tox|[from] psn
|upkeep
|turn|5
|
|t:|1779845159
|switch|p1a: Gliscor|Gliscor, M|100/100 tox
|switch|p2a: Tatsugiri|Tatsugiri, F|100/100
|
|upkeep
|turn|6
|
|t:|1779845184
|move|p2a: Tatsugiri|Surf|p1a: Gliscor
|-supereffective|p1a: Gliscor
|-damage|p1a: Gliscor|20/100 tox
|move|p1a: Gliscor|Stealth Rock|p2a: Tatsugiri
|-sidestart|p2: FeeshyArtist|move: Stealth Rock
|
|-heal|p1a: Gliscor|32/100 tox|[from] ability: Poison Heal
|upkeep
|turn|7
|
|t:|1779845191
|move|p1a: Gliscor|Protect|p1a: Gliscor
|-singleturn|p1a: Gliscor|Protect
|move|p2a: Tatsugiri|Surf|p1a: Gliscor
|-activate|p1a: Gliscor|move: Protect
|
|-heal|p1a: Gliscor|45/100 tox|[from] ability: Poison Heal
|upkeep
|turn|8
|
|t:|1779845199
|switch|p1a: Milotic|Milotic, F|77/100
|move|p2a: Tatsugiri|Rapid Spin|p1a: Milotic
|-damage|p1a: Milotic|72/100
|-boost|p2a: Tatsugiri|spe|1
|-sideend|p2: FeeshyArtist|Stealth Rock|[from] move: Rapid Spin|[of] p2a: Tatsugiri
|
|-heal|p1a: Milotic|78/100|[from] item: Leftovers
|upkeep
|turn|9
|
|t:|1779845224
|switch|p2a: Mamoswine|Mamoswine, M|9/100 tox
|move|p1a: Milotic|Scald|p2a: Mamoswine
|-supereffective|p2a: Mamoswine
|-crit|p2a: Mamoswine
|-damage|p2a: Mamoswine|0 fnt
|faint|p2a: Mamoswine
|
|-heal|p1a: Milotic|85/100|[from] item: Leftovers
|upkeep
|
|t:|1779845228
|switch|p2a: Tatsugiri|Tatsugiri, F|100/100
|turn|10
|
|t:|1779845244
|move|p2a: Tatsugiri|Dragon Pulse|p1a: Milotic
|-damage|p1a: Milotic|59/100
|move|p1a: Milotic|Scald|p2a: Tatsugiri
|-ability|p2a: Tatsugiri|Storm Drain|boost
|-boost|p2a: Tatsugiri|spa|1
|
|-heal|p1a: Milotic|65/100|[from] item: Leftovers
|upkeep
|turn|11
|
|t:|1779845252
|switch|p1a: Slowking|Slowking-Galar, M|100/100
|move|p2a: Tatsugiri|Dragon Pulse|p1a: Slowking
|-damage|p1a: Slowking|63/100
|
|-heal|p1a: Slowking|69/100|[from] item: Leftovers
|upkeep
|turn|12
|
|t:|1779845267
|move|p2a: Tatsugiri|Rapid Spin|p1a: Slowking
|-damage|p1a: Slowking|63/100
|-boost|p2a: Tatsugiri|spe|1
|move|p1a: Slowking|Slack Off|p1a: Slowking
|-heal|p1a: Slowking|100/100
|
|upkeep
|turn|13
|
|t:|1779845275
|move|p2a: Tatsugiri|Surf|p1a: Slowking
|-damage|p1a: Slowking|62/100
|move|p1a: Slowking|Sludge Bomb|p2a: Tatsugiri
|-damage|p2a: Tatsugiri|69/100
|-status|p2a: Tatsugiri|psn
|
|-heal|p1a: Slowking|68/100|[from] item: Leftovers
|-damage|p2a: Tatsugiri|57/100 psn|[from] psn
|upkeep
|turn|14
|
|t:|1779845284
|move|p2a: Tatsugiri|Surf|p1a: Slowking
|-damage|p1a: Slowking|29/100
|move|p1a: Slowking|Slack Off|p1a: Slowking
|-heal|p1a: Slowking|79/100
|
|-heal|p1a: Slowking|86/100|[from] item: Leftovers
|-damage|p2a: Tatsugiri|44/100 psn|[from] psn
|upkeep
|turn|15
|
|t:|1779845300
|switch|p2a: Staraptor|Staraptor, F|100/100
|move|p1a: Slowking|Sludge Bomb|p2a: Staraptor
|-damage|p2a: Staraptor|40/100
|-status|p2a: Staraptor|psn
|
|-heal|p1a: Slowking|92/100|[from] item: Leftovers
|-damage|p2a: Staraptor|28/100 psn|[from] psn
|upkeep
|turn|16
|
|t:|1779845312
|switch|p1a: Gliscor|Gliscor, M|45/100 tox
|move|p2a: Staraptor|Brave Bird|p1a: Gliscor
|-damage|p1a: Gliscor|0 fnt
|faint|p1a: Gliscor
|-damage|p2a: Staraptor|11/100 psn|[from] Recoil
|
|-damage|p2a: Staraptor|0 fnt|[from] psn
|faint|p2a: Staraptor
|upkeep
|inactive|Kakimori has 120 seconds left.
|
|t:|1779845346
|switch|p2a: Polteageist|Polteageist|100/100
|switch|p1a: Slowking|Slowking-Galar, M|100/100
|turn|17
|
|t:|1779845355
|move|p2a: Polteageist|Shell Smash|p2a: Polteageist
|-unboost|p2a: Polteageist|def|1
|-unboost|p2a: Polteageist|spd|1
|-boost|p2a: Polteageist|atk|2
|-boost|p2a: Polteageist|spa|2
|-boost|p2a: Polteageist|spe|2
|-enditem|p2a: Polteageist|White Herb
|-clearnegativeboost|p2a: Polteageist|[silent]
|move|p1a: Slowking|Sludge Bomb|p2a: Polteageist
|-resisted|p2a: Polteageist
|-damage|p2a: Polteageist|81/100
|-status|p2a: Polteageist|psn
|
|-damage|p2a: Polteageist|69/100 psn|[from] psn
|upkeep
|turn|18
|inactive|Kakimori has 120 seconds left.
|c|☆FeeshyArtist|3 poisons in a row?
|c|☆Kakimori|unlucky I know
|c|☆FeeshyArtist|fr
|
|t:|1779845382
|move|p2a: Polteageist|Shadow Ball|p1a: Slowking
|-supereffective|p1a: Slowking
|-damage|p1a: Slowking|9/100
|move|p1a: Slowking|Slack Off|p1a: Slowking
|-heal|p1a: Slowking|59/100
|
|-heal|p1a: Slowking|65/100|[from] item: Leftovers
|-damage|p2a: Polteageist|56/100 psn|[from] psn
|upkeep
|turn|19
|inactive|Kakimori has 90 seconds left.
|
|t:|1779845408
|switch|p1a: Conkeldurr|Conkeldurr, F|100/100
|move|p2a: Polteageist|Shadow Ball|p1a: Conkeldurr
|-damage|p1a: Conkeldurr|15/100
|-unboost|p1a: Conkeldurr|spd|1
|
|-heal|p1a: Conkeldurr|21/100|[from] item: Leftovers
|-damage|p2a: Polteageist|44/100 psn|[from] psn
|upkeep
|turn|20
|inactive|Kakimori has 90 seconds left.
|
|t:|1779845418
|move|p2a: Polteageist|Strength Sap|p1a: Conkeldurr
|-unboost|p1a: Conkeldurr|atk|1
|-heal|p2a: Polteageist|100/100 psn
|move|p1a: Conkeldurr|Ice Punch|p2a: Polteageist
|-crit|p2a: Polteageist
|-damage|p2a: Polteageist|13/100 psn
|-ability|p2a: Polteageist|Weak Armor|boost
|-unboost|p2a: Polteageist|def|1
|-boost|p2a: Polteageist|spe|2
|
|-heal|p1a: Conkeldurr|27/100|[from] item: Leftovers
|-damage|p2a: Polteageist|0 fnt|[from] psn
|faint|p2a: Polteageist
|upkeep
|
|t:|1779845431
|switch|p2a: Iron Moth|Iron Moth|100/100
|turn|21
|
|t:|1779845438
|move|p2a: Iron Moth|Fiery Dance|p1a: Conkeldurr
|-damage|p1a: Conkeldurr|0 fnt
|-boost|p2a: Iron Moth|spa|1
|faint|p1a: Conkeldurr
|
|upkeep
|
|t:|1779845444
|switch|p1a: Skeledirge|Skeledirge, F|100/100
|turn|22
|
|t:|1779845448
|move|p2a: Iron Moth|Meteor Beam||[still]
|-prepare|p2a: Iron Moth|Meteor Beam
|-boost|p2a: Iron Moth|spa|1
|-enditem|p2a: Iron Moth|Power Herb
|-anim|p2a: Iron Moth|Meteor Beam|p1a: Skeledirge
|-supereffective|p1a: Skeledirge
|-damage|p1a: Skeledirge|35/100
|move|p1a: Skeledirge|Torch Song|p2a: Iron Moth
|-resisted|p2a: Iron Moth
|-damage|p2a: Iron Moth|86/100
|-boost|p1a: Skeledirge|spa|1
|
|-heal|p1a: Skeledirge|41/100|[from] item: Leftovers
|upkeep
|turn|23
|
|t:|1779845469
|move|p2a: Iron Moth|Air Slash|p1a: Skeledirge
|-damage|p1a: Skeledirge|21/100
|cant|p1a: Skeledirge|flinch
|
|-heal|p1a: Skeledirge|27/100|[from] item: Leftovers
|upkeep
|turn|24
|
|t:|1779845474
|move|p2a: Iron Moth|Air Slash|p1a: Skeledirge
|-damage|p1a: Skeledirge|7/100
|move|p1a: Skeledirge|Slack Off|p1a: Skeledirge
|-heal|p1a: Skeledirge|57/100
|
|-heal|p1a: Skeledirge|64/100|[from] item: Leftovers
|upkeep
|turn|25
|
|t:|1779845481
|move|p2a: Iron Moth|Meteor Beam||[still]
|-prepare|p2a: Iron Moth|Meteor Beam
|-boost|p2a: Iron Moth|spa|1
|move|p1a: Skeledirge|Slack Off|p1a: Skeledirge
|-heal|p1a: Skeledirge|100/100
|
|upkeep
|turn|26
|
|t:|1779845489
|-terastallize|p1a: Skeledirge|Fairy
|move|p2a: Iron Moth|Meteor Beam|p1a: Skeledirge|[from] lockedmove
|-damage|p1a: Skeledirge|69/100
|move|p1a: Skeledirge|Torch Song|p2a: Iron Moth
|-resisted|p2a: Iron Moth
|-damage|p2a: Iron Moth|64/100
|-boost|p1a: Skeledirge|spa|1
|
|-heal|p1a: Skeledirge|75/100|[from] item: Leftovers
|upkeep
|turn|27
|inactive|Kakimori has 120 seconds left.
|
|t:|1779845514
|move|p2a: Iron Moth|Sludge Wave|p1a: Skeledirge
|-supereffective|p1a: Skeledirge
|-damage|p1a: Skeledirge|0 fnt
|faint|p1a: Skeledirge
|
|upkeep
|c|☆FeeshyArtist|bruh
|
|t:|1779845520
|switch|p1a: Slowking|Slowking-Galar, M|98/100
|turn|28
|
|t:|1779845525
|move|p2a: Iron Moth|Fiery Dance|p1a: Slowking
|-damage|p1a: Slowking|29/100
|move|p1a: Slowking|Eerie Spell|p2a: Iron Moth
|-supereffective|p2a: Iron Moth
|-crit|p2a: Iron Moth
|-damage|p2a: Iron Moth|0 fnt
|faint|p2a: Iron Moth
|-end|p2a: Iron Moth|Quark Drive|[silent]
|
|-heal|p1a: Slowking|35/100|[from] item: Leftovers
|upkeep
|
|t:|1779845533
|switch|p2a: Slowbro|Slowbro-Galar, F|100/100
|turn|29
|
|t:|1779845539
|switch|p1a: Milotic|Milotic, F|65/100
|move|p2a: Slowbro|Nasty Plot|p2a: Slowbro
|-boost|p2a: Slowbro|spa|2
|
|-heal|p1a: Milotic|72/100|[from] item: Leftovers
|upkeep
|turn|30
|inactive|Kakimori has 120 seconds left.
|
|t:|1779845552
|move|p1a: Milotic|Scald|p2a: Slowbro
|-damage|p2a: Slowbro|67/100
|-status|p2a: Slowbro|brn
|move|p2a: Slowbro|Sludge Bomb|p1a: Milotic
|-damage|p1a: Milotic|19/100
|-status|p1a: Milotic|psn
|
|-heal|p1a: Milotic|25/100 psn|[from] item: Leftovers
|-damage|p1a: Milotic|13/100 psn|[from] psn
|-damage|p2a: Slowbro|61/100 brn|[from] brn
|upkeep
|turn|31
|inactive|Kakimori has 120 seconds left.
|-activate|p2a: Slowbro|ability: Quick Draw
|
|t:|1779845564
|move|p2a: Slowbro|Psychic|p1a: Milotic
|-damage|p1a: Milotic|0 fnt
|faint|p1a: Milotic
|
|-damage|p2a: Slowbro|55/100 brn|[from] brn
|upkeep
|
|t:|1779845571
|switch|p1a: Slowking|Slowking-Galar, M|68/100
|turn|32
|inactive|Kakimori has 120 seconds left.
|
|t:|1779845577
|move|p1a: Slowking|Eerie Spell|p2a: Slowbro
|-damage|p2a: Slowbro|17/100 brn
|-activate|p2a: Slowbro|move: Eerie Spell|Psychic|3
|move|p2a: Slowbro|Psychic|p1a: Slowking
|-damage|p1a: Slowking|21/100
|
|-heal|p1a: Slowking|27/100|[from] item: Leftovers
|-damage|p2a: Slowbro|11/100 brn|[from] brn
|upkeep
|turn|33
|-activate|p2a: Slowbro|ability: Quick Draw
|
|t:|1779845586
|move|p2a: Slowbro|Psychic|p1a: Slowking
|-damage|p1a: Slowking|0 fnt
|faint|p1a: Slowking
|
|win|FeeshyArtist
|raw|Kakimori's rating: 1289 &rarr; <strong>1267</strong><br />(-22 for losing)
|raw|FeeshyArtist's rating: 1333 &rarr; <strong>1350</strong><br />(+17 for winning)
|c|☆FeeshyArtist|How have you landed every status?
|c|☆Kakimori|it happens gg
|c|☆FeeshyArtist|gg
|c|☆Kakimori|I have been parad
|c|☆Kakimori|6 turns in a row before
|c|☆Kakimori|do that math
|l|☆Kakimori
|player|p1|
|c|☆FeeshyArtist|Luck is swinging the other way now I guess lol
|l|☆FeeshyArtist
|player|p2|
