|j|☆Dreadblaze
|j|☆wobushu
|t:|1779905633
|gametype|singles
|player|p1|Dreadblaze|burglar|1455
|player|p2|wobushu|2|1417
|gen|9
|tier|[Gen 9] OU
|rated|
|rule|HP Percentage Mod: HP is shown in percentages
|rule|Endless Battle Clause: Forcing endless battles is banned
|rule|Species Clause: Limit one of each Pokémon
|rule|OHKO Clause: OHKO moves are banned
|rule|Evasion Items Clause: Evasion items are banned
|rule|Evasion Moves Clause: Evasion moves are banned
|rule|Evasion Abilities Clause: Evasion abilities are banned
|rule|Sleep Moves Clause: Sleep-inducing moves are banned
|clearpoke
|poke|p1|Weavile, M|
|poke|p1|Zamazenta-*|
|poke|p1|Iron Moth|
|poke|p1|Necrozma|
|poke|p1|Iron Treads|
|poke|p1|Ursaring, M|
|poke|p2|Kingambit, M|
|poke|p2|Darkrai|
|poke|p2|Heatran, F|
|poke|p2|Zapdos|
|poke|p2|Great Tusk|
|poke|p2|Rillaboom, F|
|teampreview
|inactive|Battle timer is ON: inactive players will automatically lose when time's up. (requested by wobushu)
|
|t:|1779905656
|teamsize|p1|6
|teamsize|p2|6
|start
|switch|p1a: Weavile|Weavile, M|100/100
|switch|p2a: Darkrai|Darkrai|100/100
|turn|1
|
|t:|1779905662
|move|p2a: Darkrai|Thunder Wave|p1a: Weavile
|-status|p1a: Weavile|par
|move|p1a: Weavile|Low Kick|p2a: Darkrai
|-supereffective|p2a: Darkrai
|-damage|p2a: Darkrai|1/100
|
|upkeep
|turn|2
|
|t:|1779905669
|switch|p1a: Iron Treads|Iron Treads|100/100
|move|p2a: Darkrai|Sludge Bomb|p1a: Iron Treads
|-immune|p1a: Iron Treads
|
|upkeep
|turn|3
|
|t:|1779905675
|move|p2a: Darkrai|Dark Pulse|p1a: Iron Treads
|-damage|p1a: Iron Treads|65/100
|move|p1a: Iron Treads|Knock Off|p2a: Darkrai
|-resisted|p2a: Darkrai
|-damage|p2a: Darkrai|0 fnt
|-enditem|p2a: Darkrai|Focus Sash|[from] move: Knock Off|[of] p1a: Iron Treads
|faint|p2a: Darkrai
|
|upkeep
|
|t:|1779905681
|switch|p2a: Great Tusk|Great Tusk, shiny|100/100
|-enditem|p2a: Great Tusk|Booster Energy
|-activate|p2a: Great Tusk|ability: Protosynthesis|[fromitem]
|-start|p2a: Great Tusk|protosynthesisatk
|turn|4
|
|t:|1779905684
|-end|p1a: Iron Treads|Quark Drive|[silent]
|switch|p1a: Necrozma|Necrozma|100/100
|move|p2a: Great Tusk|Rapid Spin|p1a: Necrozma
|-damage|p1a: Necrozma|87/100
|-boost|p2a: Great Tusk|spe|1
|-damage|p2a: Great Tusk|84/100|[from] item: Rocky Helmet|[of] p1a: Necrozma
|
|upkeep
|turn|5
|
|t:|1779905691
|move|p2a: Great Tusk|Headlong Rush|p1a: Necrozma
|-damage|p1a: Necrozma|40/100
|-unboost|p2a: Great Tusk|def|1
|-unboost|p2a: Great Tusk|spd|1
|-damage|p2a: Great Tusk|68/100|[from] item: Rocky Helmet|[of] p1a: Necrozma
|move|p1a: Necrozma|Psychic|p2a: Great Tusk
|-supereffective|p2a: Great Tusk
|-damage|p2a: Great Tusk|0 fnt
|faint|p2a: Great Tusk
|-end|p2a: Great Tusk|Protosynthesis|[silent]
|
|upkeep
|
|t:|1779905706
|switch|p2a: Zapdos|Zapdos, shiny|100/100
|turn|6
|
|t:|1779905712
|switch|p1a: Ursaring|Ursaring, M|100/100
|move|p2a: Zapdos|Hurricane|p1a: Ursaring
|-damage|p1a: Ursaring|68/100
|
|upkeep
|turn|7
|
|t:|1779905723
|move|p2a: Zapdos|Discharge|p1a: Ursaring
|-damage|p1a: Ursaring|43/100
|move|p1a: Ursaring|Bulk Up|p1a: Ursaring
|-boost|p1a: Ursaring|atk|1
|-boost|p1a: Ursaring|def|1
|
|upkeep
|turn|8
|
|t:|1779905728
|move|p2a: Zapdos|Hurricane|p1a: Ursaring|[miss]
|-miss|p2a: Zapdos|p1a: Ursaring
|move|p1a: Ursaring|Body Slam|p2a: Zapdos
|-damage|p2a: Zapdos|31/100
|
|upkeep
|turn|9
|
|t:|1779905735
|move|p2a: Zapdos|Hurricane|p1a: Ursaring
|-damage|p1a: Ursaring|10/100
|move|p1a: Ursaring|Body Slam|p2a: Zapdos
|-damage|p2a: Zapdos|0 fnt
|-status|p1a: Ursaring|par|[from] ability: Static|[of] p2a: Zapdos
|faint|p2a: Zapdos
|
|upkeep
|
|t:|1779905747
|switch|p2a: Heatran|Heatran, F, shiny|100/100
|-item|p2a: Heatran|Air Balloon
|turn|10
|
|t:|1779905764
|move|p2a: Heatran|Ancient Power|p1a: Ursaring
|-damage|p1a: Ursaring|0 fnt
|faint|p1a: Ursaring
|
|upkeep
|
|t:|1779905772
|switch|p1a: Weavile|Weavile, M|100/100 par
|turn|11
|
|t:|1779905782
|move|p1a: Weavile|Ice Shard|p2a: Heatran
|-resisted|p2a: Heatran
|-damage|p2a: Heatran|94/100
|-enditem|p2a: Heatran|Air Balloon
|move|p2a: Heatran|Flamethrower|p1a: Weavile
|-supereffective|p1a: Weavile
|-damage|p1a: Weavile|0 fnt
|faint|p1a: Weavile
|
|upkeep
|
|t:|1779905802
|switch|p1a: Iron Treads|Iron Treads|65/100
|turn|12
|
|t:|1779905815
|-terastallize|p2a: Heatran|Grass
|move|p1a: Iron Treads|Earthquake|p2a: Heatran
|-resisted|p2a: Heatran
|-damage|p2a: Heatran|72/100
|move|p2a: Heatran|Flamethrower|p1a: Iron Treads
|-supereffective|p1a: Iron Treads
|-crit|p1a: Iron Treads
|-damage|p1a: Iron Treads|0 fnt
|faint|p1a: Iron Treads
|-end|p1a: Iron Treads|Quark Drive|[silent]
|
|upkeep
|
|t:|1779905823
|switch|p1a: Iron Moth|Iron Moth|100/100
|-item|p1a: Iron Moth|Air Balloon
|turn|13
|
|t:|1779905843
|move|p1a: Iron Moth|Sludge Wave|p2a: Heatran
|-supereffective|p2a: Heatran
|-damage|p2a: Heatran|0 fnt
|faint|p2a: Heatran
|
|upkeep
|
|t:|1779905845
|switch|p2a: Kingambit|Kingambit, M|100/100
|-activate|p2a: Kingambit|ability: Supreme Overlord
|-start|p2a: Kingambit|fallen4|[silent]
|turn|14
|
|t:|1779905853
|-end|p1a: Iron Moth|Quark Drive|[silent]
|switch|p1a: Necrozma|Necrozma|40/100
|move|p2a: Kingambit|Swords Dance|p2a: Kingambit
|-boost|p2a: Kingambit|atk|2
|
|upkeep
|turn|15
|
|t:|1779905864
|move|p1a: Necrozma|Heat Wave|p2a: Kingambit
|-supereffective|p2a: Kingambit
|-damage|p2a: Kingambit|46/100
|move|p2a: Kingambit|Kowtow Cleave|p1a: Necrozma
|-supereffective|p1a: Necrozma
|-damage|p1a: Necrozma|0 fnt
|-damage|p2a: Kingambit|29/100|[from] item: Rocky Helmet|[of] p1a: Necrozma
|faint|p1a: Necrozma
|
|upkeep
|
|t:|1779905885
|switch|p1a: Zamazenta|Zamazenta|100/100
|-ability|p1a: Zamazenta|Dauntless Shield|boost
|-boost|p1a: Zamazenta|def|1
|turn|16
|
|t:|1779905889
|move|p1a: Zamazenta|Close Combat|p2a: Kingambit
|-supereffective|p2a: Kingambit
|-crit|p2a: Kingambit
|-damage|p2a: Kingambit|0 fnt
|-unboost|p1a: Zamazenta|def|1
|-unboost|p1a: Zamazenta|spd|1
|faint|p2a: Kingambit
|-end|p2a: Kingambit|fallen4|[silent]
|-damage|p1a: Zamazenta|91/100|[from] item: Life Orb
|
|upkeep
|
|t:|1779905891
|switch|p2a: Rillaboom|Rillaboom, F|100/100
|-fieldstart|move: Grassy Terrain|[from] ability: Grassy Surge|[of] p2a: Rillaboom
|turn|17
|
|t:|1779905906
|move|p1a: Zamazenta|Close Combat|p2a: Rillaboom
|-damage|p2a: Rillaboom|13/100
|-unboost|p1a: Zamazenta|def|1
|-unboost|p1a: Zamazenta|spd|1
|-damage|p1a: Zamazenta|81/100|[from] item: Life Orb
|move|p2a: Rillaboom|Swords Dance|p2a: Rillaboom
|-boost|p2a: Rillaboom|atk|2
|
|-heal|p1a: Zamazenta|87/100|[from] Grassy Terrain
|-heal|p2a: Rillaboom|19/100|[from] Grassy Terrain
|upkeep
|turn|18
|
|t:|1779905914
|move|p1a: Zamazenta|Quick Attack|p2a: Rillaboom
|-damage|p2a: Rillaboom|0 fnt
|faint|p2a: Rillaboom
|-damage|p1a: Zamazenta|77/100|[from] item: Life Orb
|
|win|Dreadblaze
|raw|Dreadblaze's rating: 1455 &rarr; <strong>1472</strong><br />(+17 for winning)
|raw|wobushu's rating: 1395 &rarr; <strong>1378</strong><br />(-17 for losing)
|l|☆wobushu
|player|p2|
|l|☆Dreadblaze
|player|p1|
