|j|☆elementalbalance
|j|☆Kis Vegallomas
|t:|1779886763
|gametype|singles
|player|p1|elementalbalance|ghetsis|1144
|player|p2|Kis Vegallomas|169|1213
|gen|9
|tier|[Gen 9] OU
|rated|
|rule|HP Percentage Mod: HP is shown in percentages
|rule|Endless Battle Clause: Forcing endless battles is banned
|rule|Species Clause: Limit one of each Pokémon
|rule|OHKO Clause: OHKO moves are banned
|rule|Evasion Items Clause: Evasion items are banned
|rule|Evasion Moves Clause: Evasion moves are banned
|rule|Evasion Abilities Clause: Evasion abilities are banned
|rule|Sleep Moves Clause: Sleep-inducing moves are banned
|clearpoke
|poke|p1|Bellibolt, M|
|poke|p1|Slowbro-Galar, F|
|poke|p1|Maushold-Four|
|poke|p1|Gliscor, F|
|poke|p1|Comfey, F|
|poke|p1|Clodsire, F|
|poke|p2|Primeape, M|
|poke|p2|Skarmory, F|
|poke|p2|Weezing-Galar, F|
|poke|p2|Hatterene, F|
|poke|p2|Regidrago|
|poke|p2|Smeargle, F|
|teampreview
|
|t:|1779886774
|teamsize|p1|6
|teamsize|p2|6
|start
|switch|p1a: Maushold|Maushold-Four|100/100
|switch|p2a: Smeargle|Smeargle, F|100/100
|turn|1
|
|t:|1779886782
|move|p1a: Maushold|Tidy Up|p1a: Maushold
|-boost|p1a: Maushold|atk|1
|-boost|p1a: Maushold|spe|1
|move|p2a: Smeargle|Shell Smash|p2a: Smeargle
|-unboost|p2a: Smeargle|def|1
|-unboost|p2a: Smeargle|spd|1
|-boost|p2a: Smeargle|atk|2
|-boost|p2a: Smeargle|spa|2
|-boost|p2a: Smeargle|spe|2
|
|upkeep
|turn|2
|
|t:|1779886796
|move|p1a: Maushold|Population Bomb|p2a: Smeargle
|-damage|p2a: Smeargle|25/100
|-damage|p2a: Smeargle|0 fnt
|faint|p2a: Smeargle
|-hitcount|p2: Smeargle|2
|
|upkeep
|
|t:|1779886802
|switch|p2a: Skarmory|Skarmory, F|100/100
|turn|3
|
|t:|1779886811
|switch|p1a: Slowbro|Slowbro-Galar, F|100/100
|move|p2a: Skarmory|Swords Dance|p2a: Skarmory
|-boost|p2a: Skarmory|atk|2
|
|upkeep
|turn|4
|
|t:|1779886818
|move|p2a: Skarmory|Swords Dance|p2a: Skarmory
|-boost|p2a: Skarmory|atk|2
|move|p1a: Slowbro|Flamethrower|p2a: Skarmory
|-supereffective|p2a: Skarmory
|-damage|p2a: Skarmory|39/100
|
|upkeep
|turn|5
|
|t:|1779886828
|move|p2a: Skarmory|Drill Run|p1a: Slowbro
|-supereffective|p1a: Slowbro
|-damage|p1a: Slowbro|12/100
|-damage|p2a: Skarmory|22/100|[from] item: Rocky Helmet|[of] p1a: Slowbro
|move|p1a: Slowbro|Flamethrower|p2a: Skarmory
|-supereffective|p2a: Skarmory
|-damage|p2a: Skarmory|0 fnt
|faint|p2a: Skarmory
|
|upkeep
|
|t:|1779886838
|switch|p2a: Hatterene|Hatterene, F|100/100
|turn|6
|
|t:|1779886851
|switch|p1a: Bellibolt|Bellibolt, M|100/100
|move|p2a: Hatterene|Psyshock|p1a: Bellibolt
|-damage|p1a: Bellibolt|78/100
|-start|p1a: Bellibolt|Charge|Psyshock|[from] ability: Electromorphosis
|
|upkeep
|turn|7
|
|t:|1779886859
|move|p1a: Bellibolt|Parabolic Charge|p2a: Hatterene
|-damage|p2a: Hatterene|56/100
|-heal|p1a: Bellibolt|95/100|[from] drain|[of] p2a: Hatterene
|-end|p1a: Bellibolt|Charge|[silent]
|move|p2a: Hatterene|Calm Mind|p2a: Hatterene
|-boost|p2a: Hatterene|spa|1
|-boost|p2a: Hatterene|spd|1
|
|upkeep
|turn|8
|
|t:|1779886866
|move|p1a: Bellibolt|Muddy Water|p2a: Hatterene
|-damage|p2a: Hatterene|40/100
|-unboost|p2a: Hatterene|accuracy|1
|move|p2a: Hatterene|Calm Mind|p2a: Hatterene
|-boost|p2a: Hatterene|spa|1
|-boost|p2a: Hatterene|spd|1
|
|upkeep
|turn|9
|
|t:|1779886871
|move|p1a: Bellibolt|Parabolic Charge|p2a: Hatterene
|-damage|p2a: Hatterene|29/100
|-heal|p1a: Bellibolt|99/100|[from] drain|[of] p2a: Hatterene
|move|p2a: Hatterene|Draining Kiss|p1a: Bellibolt
|-damage|p1a: Bellibolt|61/100
|-heal|p2a: Hatterene|67/100|[from] drain|[of] p1a: Bellibolt
|-start|p1a: Bellibolt|Charge|Draining Kiss|[from] ability: Electromorphosis
|
|upkeep
|turn|10
|
|t:|1779886878
|move|p1a: Bellibolt|Parabolic Charge|p2a: Hatterene
|-damage|p2a: Hatterene|42/100
|-heal|p1a: Bellibolt|70/100|[from] drain|[of] p2a: Hatterene
|-end|p1a: Bellibolt|Charge|[silent]
|move|p2a: Hatterene|Calm Mind|p2a: Hatterene
|-boost|p2a: Hatterene|spa|1
|-boost|p2a: Hatterene|spd|1
|
|upkeep
|turn|11
|
|t:|1779886891
|move|p1a: Bellibolt|Muddy Water|p2a: Hatterene
|-damage|p2a: Hatterene|33/100
|move|p2a: Hatterene|Draining Kiss|p1a: Bellibolt|[miss]
|-miss|p2a: Hatterene|p1a: Bellibolt
|
|upkeep
|turn|12
|
|t:|1779886899
|move|p1a: Bellibolt|Parabolic Charge|p2a: Hatterene
|-damage|p2a: Hatterene|23/100
|-heal|p1a: Bellibolt|74/100|[from] drain|[of] p2a: Hatterene
|move|p2a: Hatterene|Draining Kiss|p1a: Bellibolt
|-damage|p1a: Bellibolt|21/100
|-heal|p2a: Hatterene|76/100|[from] drain|[of] p1a: Bellibolt
|-start|p1a: Bellibolt|Charge|Draining Kiss|[from] ability: Electromorphosis
|
|upkeep
|turn|13
|
|t:|1779886904
|move|p1a: Bellibolt|Parabolic Charge|p2a: Hatterene
|-damage|p2a: Hatterene|57/100
|-heal|p1a: Bellibolt|28/100|[from] drain|[of] p2a: Hatterene
|-end|p1a: Bellibolt|Charge|[silent]
|move|p2a: Hatterene|Draining Kiss|p1a: Bellibolt|[miss]
|-miss|p2a: Hatterene|p1a: Bellibolt
|
|upkeep
|turn|14
|
|t:|1779886908
|move|p1a: Bellibolt|Parabolic Charge|p2a: Hatterene
|-damage|p2a: Hatterene|47/100
|-heal|p1a: Bellibolt|32/100|[from] drain|[of] p2a: Hatterene
|move|p2a: Hatterene|Draining Kiss|p1a: Bellibolt
|-damage|p1a: Bellibolt|0 fnt
|-heal|p2a: Hatterene|78/100|[from] drain|[of] p1a: Bellibolt
|faint|p1a: Bellibolt
|
|upkeep
|
|t:|1779886919
|switch|p1a: Maushold|Maushold-Four|100/100
|turn|15
|
|t:|1779886923
|move|p1a: Maushold|Population Bomb|p2a: Hatterene
|-damage|p2a: Hatterene|71/100
|-damage|p1a: Maushold|84/100|[from] item: Rocky Helmet|[of] p2a: Hatterene
|-damage|p2a: Hatterene|62/100
|-damage|p1a: Maushold|67/100|[from] item: Rocky Helmet|[of] p2a: Hatterene
|-damage|p2a: Hatterene|53/100
|-damage|p1a: Maushold|51/100|[from] item: Rocky Helmet|[of] p2a: Hatterene
|-damage|p2a: Hatterene|45/100
|-damage|p1a: Maushold|34/100|[from] item: Rocky Helmet|[of] p2a: Hatterene
|-damage|p2a: Hatterene|36/100
|-damage|p1a: Maushold|17/100|[from] item: Rocky Helmet|[of] p2a: Hatterene
|-damage|p2a: Hatterene|27/100
|-damage|p1a: Maushold|1/100|[from] item: Rocky Helmet|[of] p2a: Hatterene
|-damage|p2a: Hatterene|19/100
|-damage|p1a: Maushold|0 fnt|[from] item: Rocky Helmet|[of] p2a: Hatterene
|faint|p1a: Maushold
|-hitcount|p2a: Hatterene|7
|move|p2a: Hatterene|Draining Kiss|p1: Maushold|[notarget]
|-fail|p2a: Hatterene
|
|upkeep
|
|t:|1779886930
|switch|p1a: Slowbro|Slowbro-Galar, F|45/100
|turn|16
|
|t:|1779886933
|move|p2a: Hatterene|Psyshock|p1a: Slowbro|[miss]
|-miss|p2a: Hatterene|p1a: Slowbro
|move|p1a: Slowbro|Shell Side Arm|p2a: Hatterene|[anim] Shell Side Arm Physical
|-supereffective|p2a: Hatterene
|-damage|p2a: Hatterene|0 fnt
|-hint|Physical Shell Side Arm
|-damage|p1a: Slowbro|29/100|[from] item: Rocky Helmet|[of] p2a: Hatterene
|faint|p2a: Hatterene
|
|upkeep
|
|t:|1779886941
|switch|p2a: Primeape|Primeape, M|100/100
|turn|17
|inactive|Battle timer is ON: inactive players will automatically lose when time's up. (requested by Kis Vegallomas)
|
|t:|1779886955
|switch|p1a: Comfey|Comfey, F|100/100
|move|p2a: Primeape|Bulk Up|p2a: Primeape
|-boost|p2a: Primeape|atk|1
|-boost|p2a: Primeape|def|1
|
|upkeep
|turn|18
|
|t:|1779886961
|move|p1a: Comfey|Draining Kiss|p2a: Primeape
|-supereffective|p2a: Primeape
|-crit|p2a: Primeape
|-damage|p2a: Primeape|61/100
|move|p2a: Primeape|Taunt|p1a: Comfey
|-start|p1a: Comfey|move: Taunt
|
|upkeep
|turn|19
|
|t:|1779886966
|-terastallize|p2a: Primeape|Ghost
|move|p1a: Comfey|Draining Kiss|p2a: Primeape
|-damage|p2a: Primeape|49/100
|move|p2a: Primeape|Rage Fist|p1a: Comfey
|-damage|p1a: Comfey|0 fnt
|faint|p1a: Comfey
|
|upkeep
|
|t:|1779886971
|switch|p1a: Gliscor|Gliscor, F|100/100
|turn|20
|
|t:|1779886976
|move|p1a: Gliscor|Protect|p1a: Gliscor
|-singleturn|p1a: Gliscor|Protect
|move|p2a: Primeape|Taunt|p1a: Gliscor
|-activate|p1a: Gliscor|move: Protect
|
|-status|p1a: Gliscor|tox|[from] item: Toxic Orb
|upkeep
|turn|21
|
|t:|1779886983
|move|p1a: Gliscor|Knock Off|p2a: Primeape
|-supereffective|p2a: Primeape
|-damage|p2a: Primeape|18/100
|-enditem|p2a: Primeape|Eviolite|[from] move: Knock Off|[of] p1a: Gliscor
|move|p2a: Primeape|Taunt|p1a: Gliscor
|-start|p1a: Gliscor|move: Taunt
|
|upkeep
|turn|22
|
|t:|1779886988
|move|p1a: Gliscor|Knock Off|p2a: Primeape
|-supereffective|p2a: Primeape
|-damage|p2a: Primeape|0 fnt
|faint|p2a: Primeape
|
|upkeep
|
|t:|1779886991
|switch|p2a: Regidrago|Regidrago|100/100
|turn|23
|
|t:|1779886995
|-terastallize|p1a: Gliscor|Normal
|move|p2a: Regidrago|Dragon Energy|p1a: Gliscor
|-damage|p1a: Gliscor|0 fnt
|faint|p1a: Gliscor
|
|upkeep
|
|t:|1779887002
|switch|p1a: Slowbro|Slowbro-Galar, F|62/100
|turn|24
|
|t:|1779887005
|move|p2a: Regidrago|Dragon Energy|p1a: Slowbro
|-damage|p1a: Slowbro|0 fnt
|faint|p1a: Slowbro
|
|upkeep
|
|t:|1779887008
|switch|p1a: Clodsire|Clodsire, F|100/100
|turn|25
|
|t:|1779887024
|move|p2a: Regidrago|Dragon Energy|p1a: Clodsire
|-damage|p1a: Clodsire|18/100
|move|p1a: Clodsire|Recover|p1a: Clodsire
|-heal|p1a: Clodsire|68/100
|
|-heal|p1a: Clodsire|75/100|[from] item: Leftovers
|upkeep
|turn|26
|
|t:|1779887029
|move|p2a: Regidrago|Dragon Energy|p1a: Clodsire
|-damage|p1a: Clodsire|0 fnt
|faint|p1a: Clodsire
|
|win|Kis Vegallomas
|raw|elementalbalance's rating: 1144 &rarr; <strong>1124</strong><br />(-20 for losing)
|raw|Kis Vegallomas's rating: 1213 &rarr; <strong>1233</strong><br />(+20 for winning)
|l|☆elementalbalance
|player|p1|
|l|☆Kis Vegallomas
|player|p2|
