|j|☆claudechamp
|j|☆von johnny
|t:|1779874899
|gametype|singles
|player|p1|claudechamp|169|1263
|player|p2|von johnny|skierf|1307
|gen|9
|tier|[Gen 9] OU
|rated|
|rule|HP Percentage Mod: HP is shown in percentages
|rule|Endless Battle Clause: Forcing endless battles is banned
|rule|Species Clause: Limit one of each Pokémon
|rule|OHKO Clause: OHKO moves are banned
|rule|Evasion Items Clause: Evasion items are banned
|rule|Evasion Moves Clause: Evasion moves are banned
|rule|Evasion Abilities Clause: Evasion abilities are banned
|rule|Sleep Moves Clause: Sleep-inducing moves are banned
|clearpoke
|poke|p1|Corviknight, F|
|poke|p1|Ting-Lu|
|poke|p1|Kyurem|
|poke|p1|Dondozo, M|
|poke|p1|Slowking-Galar, F|
|poke|p1|Cinderace, M|
|poke|p2|Pecharunt|
|poke|p2|Great Tusk|
|poke|p2|Scizor, F|
|poke|p2|Haxorus, F|
|poke|p2|Mandibuzz, F|
|poke|p2|Meloetta|
|teampreview
|c|☆claudechamp|hf
|inactive|Battle timer is ON: inactive players will automatically lose when time's up. (requested by von johnny)
|inactive|claudechamp also wants the timer to be on.
|
|t:|1779874906
|teamsize|p1|6
|teamsize|p2|6
|start
|switch|p1a: Cinderace|Cinderace, M|100/100
|switch|p2a: Scizor|Scizor, F, shiny|100/100
|turn|1
|
|t:|1779874912
|switch|p2a: Haxorus|Haxorus, F, shiny|100/100
|move|p1a: Cinderace|Pyro Ball|p2a: Haxorus
|-resisted|p2a: Haxorus
|-damage|p2a: Haxorus|73/100
|
|upkeep
|turn|2
|
|t:|1779874915
|switch|p1a: Kyurem|Kyurem|100/100
|-ability|p1a: Kyurem|Pressure
|move|p2a: Haxorus|Dragon Dance|p2a: Haxorus
|-boost|p2a: Haxorus|atk|1
|-boost|p2a: Haxorus|spe|1
|
|upkeep
|turn|3
|
|t:|1779874919
|move|p2a: Haxorus|Scale Shot|p1a: Kyurem
|-supereffective|p1a: Kyurem
|-damage|p1a: Kyurem|60/100
|-supereffective|p1a: Kyurem
|-damage|p1a: Kyurem|19/100
|-supereffective|p1a: Kyurem
|-damage|p1a: Kyurem|0 fnt
|faint|p1a: Kyurem
|-hitcount|p1: Kyurem|3
|-unboost|p2a: Haxorus|def|1
|-boost|p2a: Haxorus|spe|1
|
|upkeep
|
|t:|1779874923
|switch|p1a: Corviknight|Corviknight, F|100/100
|-ability|p1a: Corviknight|Pressure
|turn|4
|
|t:|1779874935
|switch|p2a: Scizor|Scizor, F, shiny|100/100
|move|p1a: Corviknight|Brave Bird|p2a: Scizor
|-damage|p2a: Scizor|67/100
|-damage|p1a: Corviknight|91/100|[from] Recoil
|
|upkeep
|turn|5
|
|t:|1779874940
|move|p1a: Corviknight|Brave Bird|p2a: Scizor
|-damage|p2a: Scizor|29/100
|-damage|p1a: Corviknight|80/100|[from] Recoil
|move|p2a: Scizor|U-turn|p1a: Corviknight
|-resisted|p1a: Corviknight
|-damage|p1a: Corviknight|71/100
|-damage|p2a: Scizor|13/100|[from] item: Rocky Helmet|[of] p1a: Corviknight
|
|t:|1779874945
|switch|p2a: Meloetta|Meloetta, shiny|100/100|[from] U-turn
|
|upkeep
|turn|6
|
|t:|1779874950
|move|p2a: Meloetta|Relic Song|p1a: Corviknight
|-resisted|p1a: Corviknight
|-damage|p1a: Corviknight|53/100
|-formechange|p2a: Meloetta|Meloetta-Pirouette|[msg]
|-damage|p2a: Meloetta|91/100|[from] item: Life Orb
|move|p1a: Corviknight|Brave Bird|p2a: Meloetta
|-supereffective|p2a: Meloetta
|-damage|p2a: Meloetta|8/100
|-damage|p1a: Corviknight|29/100|[from] Recoil
|
|upkeep
|turn|7
|
|t:|1779874964
|move|p2a: Meloetta|Close Combat|p1a: Corviknight
|-damage|p1a: Corviknight|0 fnt
|-unboost|p2a: Meloetta|def|1
|-unboost|p2a: Meloetta|spd|1
|-damage|p2a: Meloetta|0 fnt|[from] item: Rocky Helmet|[of] p1a: Corviknight
|faint|p1a: Corviknight
|faint|p2a: Meloetta
|
|upkeep
|
|t:|1779874970
|switch|p2a: Great Tusk|Great Tusk, shiny|100/100
|switch|p1a: Slowking|Slowking-Galar, F|100/100
|turn|8
|
|t:|1779874973
|move|p2a: Great Tusk|Headlong Rush|p1a: Slowking
|-supereffective|p1a: Slowking
|-enditem|p1a: Slowking|Shuca Berry|[eat]
|-enditem|p1a: Slowking|Shuca Berry|[weaken]
|-damage|p1a: Slowking|59/100
|-unboost|p2a: Great Tusk|def|1
|-unboost|p2a: Great Tusk|spd|1
|move|p1a: Slowking|Ice Beam|p2a: Great Tusk
|-supereffective|p2a: Great Tusk
|-damage|p2a: Great Tusk|59/100
|
|upkeep
|turn|9
|
|t:|1779874978
|switch|p1a: Ting-Lu|Ting-Lu|100/100
|-ability|p1a: Ting-Lu|Vessel of Ruin
|move|p2a: Great Tusk|Headlong Rush|p1a: Ting-Lu
|-damage|p1a: Ting-Lu|69/100
|-unboost|p2a: Great Tusk|def|1
|-unboost|p2a: Great Tusk|spd|1
|
|-heal|p1a: Ting-Lu|75/100|[from] item: Leftovers
|upkeep
|turn|10
|
|t:|1779874983
|move|p2a: Great Tusk|Close Combat|p1a: Ting-Lu
|-supereffective|p1a: Ting-Lu
|-damage|p1a: Ting-Lu|7/100
|-unboost|p2a: Great Tusk|def|1
|-unboost|p2a: Great Tusk|spd|1
|move|p1a: Ting-Lu|Earthquake|p2a: Great Tusk
|-damage|p2a: Great Tusk|0 fnt
|faint|p2a: Great Tusk
|-end|p2a: Great Tusk|Protosynthesis|[silent]
|
|-heal|p1a: Ting-Lu|13/100|[from] item: Leftovers
|upkeep
|
|t:|1779874992
|switch|p2a: Haxorus|Haxorus, F, shiny|73/100
|turn|11
|
|t:|1779874995
|switch|p1a: Slowking|Slowking-Galar, F|92/100
|move|p2a: Haxorus|Earthquake|p1a: Slowking
|-supereffective|p1a: Slowking
|-damage|p1a: Slowking|25/100
|
|upkeep
|turn|12
|
|t:|1779874999
|switch|p1a: Dondozo|Dondozo, M|100/100
|move|p2a: Haxorus|Earthquake|p1a: Dondozo
|-damage|p1a: Dondozo|83/100
|
|-heal|p1a: Dondozo|89/100|[from] item: Leftovers
|upkeep
|turn|13
|
|t:|1779875002
|switch|p2a: Pecharunt|Pecharunt|100/100
|-item|p2a: Pecharunt|Air Balloon
|move|p1a: Dondozo|Body Press|p2a: Pecharunt
|-immune|p2a: Pecharunt
|
|-heal|p1a: Dondozo|96/100|[from] item: Leftovers
|upkeep
|turn|14
|
|t:|1779875009
|move|p2a: Pecharunt|Malignant Chain|p1a: Dondozo
|-damage|p1a: Dondozo|76/100
|-status|p1a: Dondozo|tox
|-start|p1a: Dondozo|confusion|[from] ability: Poison Puppeteer|[of] p2a: Pecharunt
|-activate|p1a: Dondozo|confusion
|move|p1a: Dondozo|Curse|p1a: Dondozo
|-unboost|p1a: Dondozo|spe|1
|-boost|p1a: Dondozo|atk|1
|-boost|p1a: Dondozo|def|1
|
|-heal|p1a: Dondozo|82/100 tox|[from] item: Leftovers
|-damage|p1a: Dondozo|76/100 tox|[from] psn
|upkeep
|turn|15
|
|t:|1779875020
|switch|p1a: Slowking|Slowking-Galar, F|58/100
|move|p2a: Pecharunt|Hex|p1a: Slowking
|-supereffective|p1a: Slowking
|-damage|p1a: Slowking|23/100
|
|upkeep
|turn|16
|
|t:|1779875023
|move|p2a: Pecharunt|Hex|p1a: Slowking
|-supereffective|p1a: Slowking
|-damage|p1a: Slowking|0 fnt
|faint|p1a: Slowking
|
|upkeep
|
|t:|1779875028
|switch|p1a: Ting-Lu|Ting-Lu|13/100
|-ability|p1a: Ting-Lu|Vessel of Ruin
|turn|17
|
|t:|1779875035
|move|p2a: Pecharunt|Malignant Chain|p1a: Ting-Lu
|-resisted|p1a: Ting-Lu
|-damage|p1a: Ting-Lu|7/100
|-status|p1a: Ting-Lu|tox
|-start|p1a: Ting-Lu|confusion|[from] ability: Poison Puppeteer|[of] p2a: Pecharunt
|-activate|p1a: Ting-Lu|confusion
|move|p1a: Ting-Lu|Rest|p1a: Ting-Lu
|-status|p1a: Ting-Lu|slp|[from] move: Rest
|-heal|p1a: Ting-Lu|100/100 slp|[silent]
|
|upkeep
|turn|18
|
|t:|1779875045
|move|p2a: Pecharunt|Parting Shot|p1a: Ting-Lu
|-unboost|p1a: Ting-Lu|atk|1
|-unboost|p1a: Ting-Lu|spa|1
|
|t:|1779875047
|switch|p2a: Scizor|Scizor, F, shiny|13/100|[from] Parting Shot
|cant|p1a: Ting-Lu|slp
|-activate|p1a: Ting-Lu|confusion
|-damage|p1a: Ting-Lu|97/100 slp|[from] confusion
|
|-heal|p1a: Ting-Lu|100/100 slp|[from] item: Leftovers
|upkeep
|turn|19
|
|t:|1779875065
|switch|p1a: Dondozo|Dondozo, M|76/100 tox
|move|p2a: Scizor|Close Combat|p1a: Dondozo
|-damage|p1a: Dondozo|37/100 tox
|-unboost|p2a: Scizor|def|1
|-unboost|p2a: Scizor|spd|1
|
|-heal|p1a: Dondozo|44/100 tox|[from] item: Leftovers
|-damage|p1a: Dondozo|37/100 tox|[from] psn
|upkeep
|turn|20
|
|t:|1779875069
|move|p2a: Scizor|Close Combat|p1a: Dondozo
|-damage|p1a: Dondozo|0 fnt
|-unboost|p2a: Scizor|def|1
|-unboost|p2a: Scizor|spd|1
|faint|p1a: Dondozo
|
|upkeep
|
|t:|1779875075
|switch|p1a: Cinderace|Cinderace, M|100/100
|turn|21
|
|t:|1779875081
|switch|p2a: Mandibuzz|Mandibuzz, F, shiny|100/100
|move|p1a: Cinderace|Pyro Ball|p2a: Mandibuzz
|-damage|p2a: Mandibuzz|74/100
|
|upkeep
|turn|22
|
|t:|1779875086
|move|p1a: Cinderace|U-turn|p2a: Mandibuzz
|-damage|p2a: Mandibuzz|63/100
|
|t:|1779875096
|switch|p1a: Ting-Lu|Ting-Lu|100/100 slp|[from] U-turn
|-ability|p1a: Ting-Lu|Vessel of Ruin
|move|p2a: Mandibuzz|Knock Off|p1a: Ting-Lu
|-resisted|p1a: Ting-Lu
|-damage|p1a: Ting-Lu|94/100 slp
|-enditem|p1a: Ting-Lu|Leftovers|[from] move: Knock Off|[of] p2a: Mandibuzz
|
|upkeep
|turn|23
|
|t:|1779875104
|move|p2a: Mandibuzz|U-turn|p1a: Ting-Lu
|-supereffective|p1a: Ting-Lu
|-damage|p1a: Ting-Lu|82/100 slp
|
|t:|1779875107
|switch|p2a: Haxorus|Haxorus, F, shiny|73/100|[from] U-turn
|cant|p1a: Ting-Lu|slp
|move|p1a: Ting-Lu|Sleep Talk|p1a: Ting-Lu
|move|p1a: Ting-Lu|Payback|p2a: Haxorus|[from] move: Sleep Talk
|-damage|p2a: Haxorus|48/100
|
|upkeep
|turn|24
|
|t:|1779875114
|move|p2a: Haxorus|Dragon Dance|p2a: Haxorus
|-boost|p2a: Haxorus|atk|1
|-boost|p2a: Haxorus|spe|1
|-curestatus|p1a: Ting-Lu|slp|[msg]
|move|p1a: Ting-Lu|Payback|p2a: Haxorus
|-damage|p2a: Haxorus|0 fnt
|faint|p2a: Haxorus
|
|upkeep
|
|t:|1779875120
|switch|p2a: Scizor|Scizor, F, shiny|13/100
|turn|25
|
|t:|1779875132
|-terastallize|p1a: Ting-Lu|Water
|move|p2a: Scizor|Close Combat|p1a: Ting-Lu
|-damage|p1a: Ting-Lu|42/100
|-unboost|p2a: Scizor|def|1
|-unboost|p2a: Scizor|spd|1
|move|p1a: Ting-Lu|Rest|p1a: Ting-Lu
|-status|p1a: Ting-Lu|slp|[from] move: Rest
|-heal|p1a: Ting-Lu|100/100 slp|[silent]
|
|upkeep
|turn|26
|
|t:|1779875143
|move|p2a: Scizor|Close Combat|p1a: Ting-Lu
|-damage|p1a: Ting-Lu|64/100 slp
|-unboost|p2a: Scizor|def|1
|-unboost|p2a: Scizor|spd|1
|cant|p1a: Ting-Lu|slp
|move|p1a: Ting-Lu|Sleep Talk|p1a: Ting-Lu
|move|p1a: Ting-Lu|Earthquake|p2a: Scizor|[from] move: Sleep Talk
|-damage|p2a: Scizor|0 fnt
|faint|p2a: Scizor
|
|upkeep
|
|t:|1779875151
|switch|p2a: Pecharunt|Pecharunt|100/100
|-item|p2a: Pecharunt|Air Balloon
|turn|27
|
|t:|1779875157
|move|p2a: Pecharunt|Malignant Chain|p1a: Ting-Lu
|-damage|p1a: Ting-Lu|49/100 slp
|cant|p1a: Ting-Lu|slp
|
|upkeep
|turn|28
|
|t:|1779875167
|move|p2a: Pecharunt|Hex|p1a: Ting-Lu
|-damage|p1a: Ting-Lu|34/100 slp
|-curestatus|p1a: Ting-Lu|slp|[msg]
|move|p1a: Ting-Lu|Payback|p2a: Pecharunt
|-supereffective|p2a: Pecharunt
|-crit|p2a: Pecharunt
|-damage|p2a: Pecharunt|45/100
|-enditem|p2a: Pecharunt|Air Balloon
|
|upkeep
|turn|29
|-message|von johnny forfeited.
|
|win|claudechamp
|raw|claudechamp's rating: 1222 &rarr; <strong>1253</strong><br />(+31 for winning)
|raw|von johnny's rating: 1307 &rarr; <strong>1282</strong><br />(-25 for losing)
|l|☆von johnny
|player|p2|
|c|☆claudechamp|gg
