|j|☆imgettingsendiedup
|j|☆Barronmaster
|t:|1779949205
|gametype|singles
|player|p1|imgettingsendiedup|elesa|1493
|player|p2|Barronmaster|palmer|1515
|gen|9
|tier|[Gen 9] OU
|rated|
|rule|HP Percentage Mod: HP is shown in percentages
|rule|Endless Battle Clause: Forcing endless battles is banned
|rule|Species Clause: Limit one of each Pokémon
|rule|OHKO Clause: OHKO moves are banned
|rule|Evasion Items Clause: Evasion items are banned
|rule|Evasion Moves Clause: Evasion moves are banned
|rule|Evasion Abilities Clause: Evasion abilities are banned
|rule|Sleep Moves Clause: Sleep-inducing moves are banned
|clearpoke
|poke|p1|Greninja-*, M|
|poke|p1|Dragonite, M|
|poke|p1|Gholdengo|
|poke|p1|Iron Moth|
|poke|p1|Glimmora, M|
|poke|p1|Iron Valiant|
|poke|p2|Hoopa-Unbound|
|poke|p2|Ninetales-Alola, M|
|poke|p2|Slowking-Galar, F|
|poke|p2|Cloyster, F|
|poke|p2|Zoroark, F|
|poke|p2|Indeedee, M|
|teampreview
|inactive|Battle timer is ON: inactive players will automatically lose when time's up. (requested by imgettingsendiedup)
|
|t:|1779949229
|teamsize|p1|6
|teamsize|p2|6
|start
|switch|p1a: Glimmora|Glimmora, M|100/100
|switch|p2a: Slowking|Slowking-Galar, F|100/100
|turn|1
|
|t:|1779949240
|move|p1a: Glimmora|Stealth Rock|p2a: Slowking
|-sidestart|p2: Barronmaster|move: Stealth Rock
|move|p2a: Slowking|Nasty Plot|p2a: Slowking
|-boost|p2a: Slowking|spa|2
|
|upkeep
|turn|2
|
|t:|1779949251
|move|p1a: Glimmora|Power Gem|p2a: Slowking
|-damage|p2a: Slowking|71/100
|move|p2a: Slowking|Trick Room|p2a: Slowking
|-fieldstart|move: Trick Room|[of] p2a: Slowking
|
|-heal|p2a: Slowking|77/100|[from] item: Leftovers
|upkeep
|turn|3
|
|t:|1779949256
|move|p2a: Slowking|Psychic Noise|p1a: Glimmora
|-supereffective|p1a: Glimmora
|-enditem|p1a: Glimmora|Focus Sash
|-damage|p1a: Glimmora|1/100
|-start|p1a: Glimmora|move: Heal Block
|move|p1a: Glimmora|Spikes|p2a: Slowking
|-sidestart|p2: Barronmaster|Spikes
|
|-heal|p2a: Slowking|83/100|[from] item: Leftovers
|upkeep
|turn|4
|
|t:|1779949267
|move|p2a: Slowking|Psychic Noise|p1a: Glimmora
|-supereffective|p1a: Glimmora
|-damage|p1a: Glimmora|0 fnt
|faint|p1a: Glimmora
|
|-heal|p2a: Slowking|89/100|[from] item: Leftovers
|upkeep
|
|t:|1779949274
|switch|p1a: Dragonite|Dragonite, M|100/100
|turn|5
|
|t:|1779949283
|-terastallize|p2a: Slowking|Flying
|move|p2a: Slowking|Psychic Noise|p1a: Dragonite
|-damage|p1a: Dragonite|60/100
|-start|p1a: Dragonite|move: Heal Block
|move|p1a: Dragonite|Earthquake|p2a: Slowking
|-immune|p2a: Slowking
|
|-heal|p2a: Slowking|95/100|[from] item: Leftovers
|upkeep
|turn|6
|
|t:|1779949294
|switch|p1a: Greninja|Greninja, M|100/100
|move|p2a: Slowking|Psychic Noise|p1a: Greninja
|-immune|p1a: Greninja
|
|-heal|p2a: Slowking|100/100|[from] item: Leftovers
|-fieldend|move: Trick Room
|upkeep
|turn|7
|
|t:|1779949303
|move|p1a: Greninja|Ice Beam|p2a: Slowking
|-supereffective|p2a: Slowking
|-damage|p2a: Slowking|51/100
|-status|p2a: Slowking|frz
|-damage|p1a: Greninja|91/100|[from] item: Life Orb
|cant|p2a: Slowking|frz
|
|-heal|p2a: Slowking|57/100 frz|[from] item: Leftovers
|upkeep
|turn|8
|
|t:|1779949311
|switch|p2a: Ninetales|Ninetales-Alola, M|100/100
|-damage|p2a: Ninetales|76/100|[from] Stealth Rock
|-damage|p2a: Ninetales|64/100|[from] Spikes
|-weather|Snowscape|[from] ability: Snow Warning|[of] p2a: Ninetales
|move|p1a: Greninja|Surf|p2a: Ninetales
|-damage|p2a: Ninetales|0 fnt
|faint|p2a: Ninetales
|-ability|p1a: Greninja|Battle Bond|boost
|-boost|p1a: Greninja|atk|1
|-boost|p1a: Greninja|spa|1
|-boost|p1a: Greninja|spe|1
|-activate|p1a: Greninja|ability: Battle Bond
|-damage|p1a: Greninja|81/100|[from] item: Life Orb
|
|-weather|Snowscape|[upkeep]
|upkeep
|
|t:|1779949320
|switch|p2a: Hoopa|Hoopa-Unbound|100/100
|-damage|p2a: Hoopa|88/100|[from] Stealth Rock
|-damage|p2a: Hoopa|76/100|[from] Spikes
|turn|9
|
|t:|1779949332
|move|p1a: Greninja|Surf|p2a: Hoopa
|-damage|p2a: Hoopa|34/100
|-damage|p1a: Greninja|71/100|[from] item: Life Orb
|move|p2a: Hoopa|Thunderbolt|p1a: Greninja
|-supereffective|p1a: Greninja
|-damage|p1a: Greninja|0 fnt
|faint|p1a: Greninja
|
|-weather|Snowscape|[upkeep]
|upkeep
|
|t:|1779949345
|switch|p1a: Dragonite|Dragonite, M|60/100
|turn|10
|
|t:|1779949351
|switch|p2a: Cloyster|Cloyster, F|100/100
|move|p1a: Dragonite|Extreme Speed|p2a: Cloyster
|-damage|p2a: Cloyster|85/100
|
|-weather|Snowscape|[upkeep]
|upkeep
|turn|11
|
|t:|1779949371
|switch|p1a: Gholdengo|Gholdengo|100/100
|-item|p1a: Gholdengo|Air Balloon
|switch|p2a: Indeedee|Indeedee, M|100/100
|-damage|p2a: Indeedee|88/100|[from] Stealth Rock
|-damage|p2a: Indeedee|75/100|[from] Spikes
|-fieldstart|move: Psychic Terrain|[from] ability: Psychic Surge|[of] p2a: Indeedee
|
|-weather|Snowscape|[upkeep]
|upkeep
|turn|12
|
|t:|1779949384
|move|p1a: Gholdengo|Make It Rain|p2a: Indeedee
|-crit|p2a: Indeedee
|-damage|p2a: Indeedee|0 fnt
|-unboost|p1a: Gholdengo|spa|1
|faint|p2a: Indeedee
|
|-weather|none
|upkeep
|
|t:|1779949398
|switch|p2a: Hoopa|Hoopa-Unbound|100/100
|-damage|p2a: Hoopa|88/100|[from] Stealth Rock
|-damage|p2a: Hoopa|76/100|[from] Spikes
|turn|13
|
|t:|1779949408
|switch|p1a: Iron Valiant|Iron Valiant|100/100
|-enditem|p1a: Iron Valiant|Booster Energy
|-activate|p1a: Iron Valiant|ability: Quark Drive|[fromitem]
|-start|p1a: Iron Valiant|quarkdrivespe
|move|p2a: Hoopa|Knock Off|p1a: Iron Valiant
|-resisted|p1a: Iron Valiant
|-damage|p1a: Iron Valiant|87/100
|-damage|p2a: Hoopa|66/100|[from] item: Life Orb
|
|upkeep
|turn|14
|
|t:|1779949417
|switch|p2a: Hoopa|Hoopa-Unbound|34/100
|-damage|p2a: Hoopa|22/100|[from] Stealth Rock
|-damage|p2a: Hoopa|9/100|[from] Spikes
|move|p1a: Iron Valiant|Close Combat|p2a: Hoopa
|-damage|p2a: Hoopa|0 fnt
|-unboost|p1a: Iron Valiant|def|1
|-unboost|p1a: Iron Valiant|spd|1
|faint|p2a: Hoopa
|
|upkeep
|
|t:|1779949420
|switch|p2a: Slowking|Slowking-Galar, F, tera:Flying|91/100 frz
|-damage|p2a: Slowking|66/100 frz|[from] Stealth Rock
|turn|15
|
|t:|1779949429
|move|p1a: Iron Valiant|Swords Dance|p1a: Iron Valiant
|-boost|p1a: Iron Valiant|atk|2
|cant|p2a: Slowking|frz
|
|-heal|p2a: Slowking|72/100 frz|[from] item: Leftovers
|-fieldend|move: Psychic Terrain
|upkeep
|turn|16
|
|t:|1779949432
|move|p1a: Iron Valiant|Knock Off|p2a: Slowking
|-damage|p2a: Slowking|0 fnt
|-enditem|p2a: Slowking|Leftovers|[from] move: Knock Off|[of] p1a: Iron Valiant
|faint|p2a: Slowking
|
|upkeep
|-message|Barronmaster forfeited.
|
|win|imgettingsendiedup
|raw|imgettingsendiedup's rating: 1493 &rarr; <strong>1514</strong><br />(+21 for winning)
|raw|Barronmaster's rating: 1515 &rarr; <strong>1494</strong><br />(-21 for losing)
|l|☆Barronmaster
|player|p2|
|l|☆imgettingsendiedup
|player|p1|
