|j|☆uchiha jesus
|j|☆jujuboy420
|t:|1779917903
|gametype|singles
|player|p1|uchiha jesus|170|1323
|player|p2|jujuboy420|youngster-gen4dp|1378
|gen|9
|tier|[Gen 9] OU
|rated|
|rule|HP Percentage Mod: HP is shown in percentages
|rule|Endless Battle Clause: Forcing endless battles is banned
|rule|Species Clause: Limit one of each Pokémon
|rule|OHKO Clause: OHKO moves are banned
|rule|Evasion Items Clause: Evasion items are banned
|rule|Evasion Moves Clause: Evasion moves are banned
|rule|Evasion Abilities Clause: Evasion abilities are banned
|rule|Sleep Moves Clause: Sleep-inducing moves are banned
|clearpoke
|poke|p1|Darkrai|
|poke|p1|Dusclops, F|
|poke|p1|Ogerpon-Wellspring, F|
|poke|p1|Garchomp, M|
|poke|p1|Skeledirge, F|
|poke|p1|Tyranitar, F|
|poke|p2|Iron Moth|
|poke|p2|Gliscor, M|
|poke|p2|Hatterene, F|
|poke|p2|Ogerpon-Wellspring, F|
|poke|p2|Raging Bolt|
|poke|p2|Zamazenta-*|
|teampreview
|inactive|Battle timer is ON: inactive players will automatically lose when time's up. (requested by jujuboy420)
|inactive|uchiha jesus has 120 seconds left.
|inactive|jujuboy420 has 120 seconds left.
|
|t:|1779917941
|teamsize|p1|6
|teamsize|p2|6
|start
|switch|p1a: Tyranitar|Tyranitar, F|100/100
|switch|p2a: Zamazenta|Zamazenta|100/100
|-ability|p2a: Zamazenta|Dauntless Shield|boost
|-boost|p2a: Zamazenta|def|1
|-weather|Sandstorm|[from] ability: Sand Stream|[of] p1a: Tyranitar
|turn|1
|
|t:|1779917963
|switch|p1a: Skeledirge|Skeledirge, F|100/100
|move|p2a: Zamazenta|Reflect|p2a: Zamazenta
|-sidestart|p2: jujuboy420|Reflect
|
|-weather|Sandstorm|[upkeep]
|-damage|p2a: Zamazenta|94/100|[from] Sandstorm
|-damage|p1a: Skeledirge|94/100|[from] Sandstorm
|upkeep
|turn|2
|inactive|uchiha jesus has 120 seconds left.
|inactive|uchiha jesus has 90 seconds left.
|
|t:|1779918018
|move|p2a: Zamazenta|Light Screen|p2a: Zamazenta
|-sidestart|p2: jujuboy420|move: Light Screen
|move|p1a: Skeledirge|Torch Song|p2a: Zamazenta
|-damage|p2a: Zamazenta|83/100
|-boost|p1a: Skeledirge|spa|1
|
|-weather|Sandstorm|[upkeep]
|-damage|p2a: Zamazenta|77/100|[from] Sandstorm
|-damage|p1a: Skeledirge|88/100|[from] Sandstorm
|upkeep
|turn|3
|
|t:|1779918027
|switch|p2a: Raging Bolt|Raging Bolt|100/100
|-enditem|p2a: Raging Bolt|Booster Energy
|-activate|p2a: Raging Bolt|ability: Protosynthesis|[fromitem]
|-start|p2a: Raging Bolt|protosynthesisspa
|move|p1a: Skeledirge|Torch Song|p2a: Raging Bolt
|-resisted|p2a: Raging Bolt
|-damage|p2a: Raging Bolt|90/100
|-boost|p1a: Skeledirge|spa|1
|
|-weather|Sandstorm|[upkeep]
|-damage|p2a: Raging Bolt|83/100|[from] Sandstorm
|-damage|p1a: Skeledirge|82/100|[from] Sandstorm
|upkeep
|turn|4
|
|t:|1779918040
|move|p2a: Raging Bolt|Dragon Pulse|p1a: Skeledirge
|-damage|p1a: Skeledirge|14/100
|move|p1a: Skeledirge|Shadow Ball|p2a: Raging Bolt
|-damage|p2a: Raging Bolt|55/100
|
|-weather|Sandstorm|[upkeep]
|-damage|p2a: Raging Bolt|49/100|[from] Sandstorm
|-damage|p1a: Skeledirge|8/100|[from] Sandstorm
|upkeep
|turn|5
|
|t:|1779918053
|move|p2a: Raging Bolt|Dragon Pulse|p1a: Skeledirge
|-damage|p1a: Skeledirge|0 fnt
|faint|p1a: Skeledirge
|
|-weather|none
|upkeep
|
|t:|1779918061
|switch|p1a: Garchomp|Garchomp, M|100/100
|turn|6
|
|t:|1779918071
|-end|p2a: Raging Bolt|Protosynthesis|[silent]
|switch|p2a: Gliscor|Gliscor, M|100/100
|move|p1a: Garchomp|Scale Shot|p2a: Gliscor
|-damage|p2a: Gliscor|95/100
|-damage|p2a: Gliscor|89/100
|-crit|p2a: Gliscor
|-damage|p2a: Gliscor|71/100
|-damage|p2a: Gliscor|65/100
|-damage|p2a: Gliscor|59/100
|-hitcount|p2a: Gliscor|5
|-unboost|p1a: Garchomp|def|1
|-boost|p1a: Garchomp|spe|1
|
|-status|p2a: Gliscor|tox|[from] item: Toxic Orb
|upkeep
|turn|7
|inactive|uchiha jesus has 90 seconds left.
|
|t:|1779918098
|move|p1a: Garchomp|Liquidation|p2a: Gliscor
|-supereffective|p2a: Gliscor
|-damage|p2a: Gliscor|35/100 tox
|move|p2a: Gliscor|Earthquake|p1a: Garchomp
|-damage|p1a: Garchomp|32/100
|
|-heal|p2a: Gliscor|47/100 tox|[from] ability: Poison Heal
|upkeep
|turn|8
|inactive|uchiha jesus has 90 seconds left.
|
|t:|1779918113
|switch|p1a: Ogerpon|Ogerpon-Wellspring, F|100/100
|move|p2a: Gliscor|Earthquake|p1a: Ogerpon
|-resisted|p1a: Ogerpon
|-damage|p1a: Ogerpon|73/100
|
|-heal|p2a: Gliscor|59/100 tox|[from] ability: Poison Heal
|-sideend|p2: jujuboy420|Reflect
|upkeep
|turn|9
|inactive|uchiha jesus has 90 seconds left.
|
|t:|1779918124
|switch|p2a: Ogerpon|Ogerpon-Wellspring, F|100/100
|move|p1a: Ogerpon|Horn Leech|p2a: Ogerpon
|-damage|p2a: Ogerpon|42/100
|-heal|p1a: Ogerpon|100/100|[from] drain|[of] p2a: Ogerpon
|
|-sideend|p2: jujuboy420|move: Light Screen
|upkeep
|turn|10
|
|t:|1779918147
|move|p1a: Ogerpon|Horn Leech|p2a: Ogerpon
|-damage|p2a: Ogerpon|0 fnt
|faint|p2a: Ogerpon
|
|upkeep
|
|t:|1779918157
|switch|p2a: Zamazenta|Zamazenta|77/100
|turn|11
|
|t:|1779918166
|move|p2a: Zamazenta|Reflect|p2a: Zamazenta
|-sidestart|p2: jujuboy420|Reflect
|move|p1a: Ogerpon|Encore|p2a: Zamazenta
|-start|p2a: Zamazenta|Encore
|
|upkeep
|turn|12
|
|t:|1779918172
|switch|p2a: Hatterene|Hatterene, F|100/100
|move|p1a: Ogerpon|Swords Dance|p1a: Ogerpon
|-boost|p1a: Ogerpon|atk|2
|
|upkeep
|turn|13
|inactive|uchiha jesus has 120 seconds left.
|
|t:|1779918180
|move|p1a: Ogerpon|Ivy Cudgel|p2a: Hatterene|[anim] Ivy Cudgel Water
|-damage|p2a: Hatterene|49/100
|move|p2a: Hatterene|Calm Mind|p2a: Hatterene
|-boost|p2a: Hatterene|spa|1
|-boost|p2a: Hatterene|spd|1
|
|-heal|p2a: Hatterene|55/100|[from] item: Leftovers
|upkeep
|turn|14
|
|t:|1779918189
|move|p1a: Ogerpon|Encore|p2a: Hatterene
|move|p2a: Hatterene|Encore||[from] ability: Magic Bounce|[still]
|-fail|p2a: Hatterene
|move|p2a: Hatterene|Draining Kiss|p1a: Ogerpon
|-damage|p1a: Ogerpon|58/100
|-heal|p2a: Hatterene|86/100|[from] drain|[of] p1a: Ogerpon
|
|-heal|p2a: Hatterene|92/100|[from] item: Leftovers
|upkeep
|turn|15
|
|t:|1779918200
|move|p1a: Ogerpon|Horn Leech|p2a: Hatterene
|-damage|p2a: Hatterene|55/100
|-heal|p1a: Ogerpon|77/100|[from] drain|[of] p2a: Hatterene
|move|p2a: Hatterene|Draining Kiss|p1a: Ogerpon
|-crit|p1a: Ogerpon
|-damage|p1a: Ogerpon|23/100
|-heal|p2a: Hatterene|94/100|[from] drain|[of] p1a: Ogerpon
|
|-heal|p2a: Hatterene|99/100|[from] item: Leftovers
|upkeep
|turn|16
|
|t:|1779918211
|move|p1a: Ogerpon|Horn Leech|p2a: Hatterene
|-crit|p2a: Hatterene
|-damage|p2a: Hatterene|0 fnt
|-heal|p1a: Ogerpon|75/100|[from] drain|[of] p2a: Hatterene
|faint|p2a: Hatterene
|
|upkeep
|
|t:|1779918225
|switch|p2a: Zamazenta|Zamazenta|77/100
|turn|17
|
|t:|1779918238
|move|p2a: Zamazenta|Close Combat|p1a: Ogerpon
|-damage|p1a: Ogerpon|5/100
|-unboost|p2a: Zamazenta|def|1
|-unboost|p2a: Zamazenta|spd|1
|move|p1a: Ogerpon|Ivy Cudgel|p2a: Zamazenta|[anim] Ivy Cudgel Water
|-damage|p2a: Zamazenta|6/100
|
|upkeep
|turn|18
|
|t:|1779918248
|switch|p1a: Tyranitar|Tyranitar, F|100/100
|-weather|Sandstorm|[from] ability: Sand Stream|[of] p1a: Tyranitar
|move|p2a: Zamazenta|Close Combat|p1a: Tyranitar
|-supereffective|p1a: Tyranitar
|-damage|p1a: Tyranitar|0 fnt
|-unboost|p2a: Zamazenta|def|1
|-unboost|p2a: Zamazenta|spd|1
|faint|p1a: Tyranitar
|
|-weather|Sandstorm|[upkeep]
|-damage|p2a: Zamazenta|0 fnt|[from] Sandstorm
|faint|p2a: Zamazenta
|-sideend|p2: jujuboy420|Reflect
|upkeep
|
|t:|1779918267
|switch|p2a: Raging Bolt|Raging Bolt|49/100
|switch|p1a: Darkrai|Darkrai|100/100
|turn|19
|
|t:|1779918277
|move|p2a: Raging Bolt|Thunderclap|p1a: Darkrai
|-damage|p1a: Darkrai|44/100
|move|p1a: Darkrai|Ice Beam|p2a: Raging Bolt
|-supereffective|p2a: Raging Bolt
|-damage|p2a: Raging Bolt|0 fnt
|faint|p2a: Raging Bolt
|-end|p2a: Raging Bolt|Protosynthesis|[silent]
|
|-weather|Sandstorm|[upkeep]
|-damage|p1a: Darkrai|38/100|[from] Sandstorm
|upkeep
|inactive|jujuboy420 has 120 seconds left.
|
|t:|1779918315
|switch|p2a: Gliscor|Gliscor, M|59/100 tox
|turn|20
|inactive|jujuboy420 has 120 seconds left.
|inactive|uchiha jesus has 120 seconds left.
|
|t:|1779918352
|-terastallize|p2a: Gliscor|Normal
|move|p1a: Darkrai|Ice Beam|p2a: Gliscor
|-damage|p2a: Gliscor|18/100 tox
|move|p2a: Gliscor|Agility|p2a: Gliscor
|-boost|p2a: Gliscor|spe|2
|
|-weather|Sandstorm|[upkeep]
|-damage|p2a: Gliscor|12/100 tox|[from] Sandstorm
|-damage|p1a: Darkrai|31/100|[from] Sandstorm
|-heal|p2a: Gliscor|24/100 tox|[from] ability: Poison Heal
|upkeep
|turn|21
|inactive|uchiha jesus has 120 seconds left.
|inactive|jujuboy420 has 120 seconds left.
|
|t:|1779918367
|move|p2a: Gliscor|Facade|p1a: Darkrai
|-damage|p1a: Darkrai|0 fnt
|faint|p1a: Darkrai
|
|-weather|Sandstorm|[upkeep]
|-damage|p2a: Gliscor|18/100 tox|[from] Sandstorm
|-heal|p2a: Gliscor|30/100 tox|[from] ability: Poison Heal
|upkeep
|
|t:|1779918375
|switch|p1a: Dusclops|Dusclops, F|100/100
|-ability|p1a: Dusclops|Pressure
|turn|22
|
|t:|1779918380
|move|p2a: Gliscor|Earthquake|p1a: Dusclops
|-damage|p1a: Dusclops|70/100
|move|p1a: Dusclops|Night Shade|p2a: Gliscor
|-immune|p2a: Gliscor
|
|-weather|none
|-heal|p2a: Gliscor|42/100 tox|[from] ability: Poison Heal
|upkeep
|turn|23
|
|t:|1779918391
|move|p2a: Gliscor|Earthquake|p1a: Dusclops
|-damage|p1a: Dusclops|42/100
|move|p1a: Dusclops|Curse|p2a: Gliscor
|-start|p2a: Gliscor|Curse|[of] p1a: Dusclops
|-damage|p1a: Dusclops|0 fnt
|faint|p1a: Dusclops
|
|-heal|p2a: Gliscor|55/100 tox|[from] ability: Poison Heal
|-damage|p2a: Gliscor|30/100 tox|[from] Curse
|upkeep
|inactive|uchiha jesus has 120 seconds left.
|
|t:|1779918405
|switch|p1a: Ogerpon|Ogerpon-Wellspring, F|5/100
|turn|24
|
|t:|1779918409
|move|p2a: Gliscor|Earthquake|p1a: Ogerpon
|-resisted|p1a: Ogerpon
|-damage|p1a: Ogerpon|0 fnt
|faint|p1a: Ogerpon
|
|-heal|p2a: Gliscor|42/100 tox|[from] ability: Poison Heal
|-damage|p2a: Gliscor|17/100 tox|[from] Curse
|upkeep
|
|t:|1779918417
|switch|p1a: Garchomp|Garchomp, M|32/100
|turn|25
|
|t:|1779918421
|move|p2a: Gliscor|Facade|p1a: Garchomp
|-damage|p1a: Garchomp|0 fnt
|-damage|p2a: Gliscor|5/100 tox|[from] ability: Rough Skin|[of] p1a: Garchomp
|faint|p1a: Garchomp
|
|win|jujuboy420
|raw|uchiha jesus's rating: 1323 &rarr; <strong>1306</strong><br />(-17 for losing)
|raw|jujuboy420's rating: 1378 &rarr; <strong>1395</strong><br />(+17 for winning)
|l|☆jujuboy420
|player|p2|
|c|☆uchiha jesus|Quuer
|l|☆uchiha jesus
|player|p1|
