|j|☆hameed425
|j|☆StormIsNotOmega
|t:|1779865066
|gametype|singles
|player|p1|hameed425|102|1408
|player|p2|StormIsNotOmega|psychic-gen4|1451
|gen|9
|tier|[Gen 9] OU
|rated|
|rule|HP Percentage Mod: HP is shown in percentages
|rule|Endless Battle Clause: Forcing endless battles is banned
|rule|Species Clause: Limit one of each Pokémon
|rule|OHKO Clause: OHKO moves are banned
|rule|Evasion Items Clause: Evasion items are banned
|rule|Evasion Moves Clause: Evasion moves are banned
|rule|Evasion Abilities Clause: Evasion abilities are banned
|rule|Sleep Moves Clause: Sleep-inducing moves are banned
|clearpoke
|poke|p1|Ribombee, F|
|poke|p1|Kingambit, F|
|poke|p1|Serperior, F|
|poke|p1|Cinderace, M|
|poke|p1|Milotic, F|
|poke|p1|Gothitelle, F|
|poke|p2|Moltres|
|poke|p2|Clodsire, F|
|poke|p2|Gliscor, M|
|poke|p2|Chansey, F|
|poke|p2|Dondozo, F|
|poke|p2|Weezing-Galar, M|
|teampreview
|inactive|Battle timer is ON: inactive players will automatically lose when time's up. (requested by StormIsNotOmega)
|
|t:|1779865078
|teamsize|p1|6
|teamsize|p2|6
|start
|switch|p1a: Ribombee|Ribombee, F|100/100
|switch|p2a: Gliscor|Gliscor, M|100/100
|turn|1
|
|t:|1779865083
|move|p2a: Gliscor|Protect|p2a: Gliscor
|-singleturn|p2a: Gliscor|Protect
|move|p1a: Ribombee|Stun Spore|p2a: Gliscor
|-activate|p2a: Gliscor|move: Protect
|
|-status|p2a: Gliscor|tox|[from] item: Toxic Orb
|upkeep
|turn|2
|
|t:|1779865090
|move|p1a: Ribombee|Sticky Web|p2a: Gliscor
|-sidestart|p2: StormIsNotOmega|move: Sticky Web
|move|p2a: Gliscor|Facade|p1a: Ribombee
|-damage|p1a: Ribombee|41/100
|
|upkeep
|turn|3
|
|t:|1779865094
|move|p1a: Ribombee|Charm|p2a: Gliscor
|-unboost|p2a: Gliscor|atk|2
|move|p2a: Gliscor|Facade|p1a: Ribombee
|-damage|p1a: Ribombee|12/100
|
|upkeep
|turn|4
|
|t:|1779865103
|move|p1a: Ribombee|Charm|p2a: Gliscor
|-unboost|p2a: Gliscor|atk|2
|move|p2a: Gliscor|Swords Dance|p2a: Gliscor
|-boost|p2a: Gliscor|atk|2
|
|upkeep
|turn|5
|
|t:|1779865108
|move|p1a: Ribombee|Charm|p2a: Gliscor
|-unboost|p2a: Gliscor|atk|2
|move|p2a: Gliscor|Swords Dance|p2a: Gliscor
|-boost|p2a: Gliscor|atk|2
|
|upkeep
|turn|6
|
|t:|1779865113
|move|p1a: Ribombee|Charm|p2a: Gliscor
|-unboost|p2a: Gliscor|atk|2
|move|p2a: Gliscor|Swords Dance|p2a: Gliscor
|-boost|p2a: Gliscor|atk|2
|
|upkeep
|turn|7
|
|t:|1779865118
|move|p1a: Ribombee|Charm|p2a: Gliscor
|-unboost|p2a: Gliscor|atk|2
|move|p2a: Gliscor|Swords Dance|p2a: Gliscor
|-boost|p2a: Gliscor|atk|2
|
|upkeep
|turn|8
|
|t:|1779865123
|move|p1a: Ribombee|Charm|p2a: Gliscor
|-unboost|p2a: Gliscor|atk|2
|move|p2a: Gliscor|Facade|p1a: Ribombee
|-damage|p1a: Ribombee|0 fnt
|faint|p1a: Ribombee
|
|upkeep
|
|t:|1779865131
|switch|p1a: Cinderace|Cinderace, M|100/100
|turn|9
|
|t:|1779865134
|move|p2a: Gliscor|Protect|p2a: Gliscor
|-singleturn|p2a: Gliscor|Protect
|move|p1a: Cinderace|Court Change|p1a: Cinderace
|-start|p1a: Cinderace|typechange|Normal|[from] ability: Libero
|-swapsideconditions
|-activate|p1a: Cinderace|move: Court Change
|
|upkeep
|turn|10
|
|t:|1779865142
|move|p1a: Cinderace|U-turn|p2a: Gliscor
|-resisted|p2a: Gliscor
|-damage|p2a: Gliscor|91/100 tox
|
|t:|1779865147
|switch|p1a: Milotic|Milotic, F|100/100|[from] U-turn
|-activate|p1a: Milotic|move: Sticky Web
|-unboost|p1a: Milotic|spe|1
|-ability|p1a: Milotic|Competitive|boost
|-boost|p1a: Milotic|spa|2
|move|p2a: Gliscor|Swords Dance|p2a: Gliscor
|-boost|p2a: Gliscor|atk|2
|
|-heal|p2a: Gliscor|100/100 tox|[from] ability: Poison Heal
|upkeep
|turn|11
|
|t:|1779865159
|switch|p2a: Clodsire|Clodsire, F|100/100
|move|p1a: Milotic|Scald|p2a: Clodsire
|-supereffective|p2a: Clodsire
|-damage|p2a: Clodsire|69/100
|-status|p2a: Clodsire|brn
|
|-damage|p2a: Clodsire|63/100 brn|[from] brn
|upkeep
|turn|12
|
|t:|1779865168
|switch|p1a: Kingambit|Kingambit, F|100/100
|-activate|p1a: Kingambit|move: Sticky Web
|-unboost|p1a: Kingambit|spe|1
|-ability|p1a: Kingambit|Defiant|boost
|-boost|p1a: Kingambit|atk|2
|move|p2a: Clodsire|Toxic|p1a: Kingambit
|-immune|p1a: Kingambit
|
|-damage|p2a: Clodsire|57/100 brn|[from] brn
|upkeep
|turn|13
|
|t:|1779865180
|switch|p1a: Serperior|Serperior, F|100/100
|-activate|p1a: Serperior|move: Sticky Web
|-boost|p1a: Serperior|spe|1
|switch|p2a: Moltres|Moltres|100/100
|
|upkeep
|turn|14
|
|t:|1779865187
|switch|p1a: Milotic|Milotic, F|100/100
|-activate|p1a: Milotic|move: Sticky Web
|-unboost|p1a: Milotic|spe|1
|-ability|p1a: Milotic|Competitive|boost
|-boost|p1a: Milotic|spa|2
|switch|p2a: Weezing|Weezing-Galar, M|100/100
|-ability|p2a: Weezing|Neutralizing Gas
|
|upkeep
|turn|15
|
|t:|1779865198
|move|p2a: Weezing|Defog|p1a: Milotic
|-unboost|p1a: Milotic|evasion|1
|-sideend|p1: hameed425|Sticky Web|[from] move: Defog|[of] p2a: Weezing
|move|p1a: Milotic|Scald|p2a: Weezing
|-damage|p2a: Weezing|17/100
|
|upkeep
|turn|16
|
|t:|1779865207
|-end|p2a: Weezing|ability: Neutralizing Gas
|switch|p2a: Chansey|Chansey, F|100/100
|move|p1a: Milotic|Scald|p2a: Chansey
|-damage|p2a: Chansey|86/100
|
|upkeep
|turn|17
|
|t:|1779865214
|switch|p1a: Serperior|Serperior, F|100/100
|move|p2a: Chansey|Calm Mind|p2a: Chansey
|-boost|p2a: Chansey|spa|1
|-boost|p2a: Chansey|spd|1
|
|upkeep
|turn|18
|
|t:|1779865224
|move|p1a: Serperior|Leech Seed|p2a: Chansey
|-start|p2a: Chansey|move: Leech Seed
|move|p2a: Chansey|Calm Mind|p2a: Chansey
|-boost|p2a: Chansey|spa|1
|-boost|p2a: Chansey|spd|1
|
|-damage|p2a: Chansey|74/100|[from] Leech Seed|[of] p1a: Serperior
|upkeep
|turn|19
|
|t:|1779865232
|switch|p2a: Moltres|Moltres|100/100
|move|p1a: Serperior|Substitute|p1a: Serperior
|-start|p1a: Serperior|Substitute
|-damage|p1a: Serperior|76/100
|
|-heal|p1a: Serperior|82/100|[from] item: Leftovers
|upkeep
|turn|20
|
|t:|1779865239
|move|p1a: Serperior|Leech Seed|p2a: Moltres
|-start|p2a: Moltres|move: Leech Seed
|move|p2a: Moltres|Flamethrower|p1a: Serperior
|-supereffective|p1a: Serperior
|-end|p1a: Serperior|Substitute
|
|-heal|p1a: Serperior|88/100|[from] item: Leftovers
|-damage|p2a: Moltres|88/100|[from] Leech Seed|[of] p1a: Serperior
|-heal|p1a: Serperior|100/100|[silent]
|upkeep
|turn|21
|
|t:|1779865249
|switch|p2a: Gliscor|Gliscor, M|100/100 tox
|move|p1a: Serperior|Substitute|p1a: Serperior
|-start|p1a: Serperior|Substitute
|-damage|p1a: Serperior|76/100
|
|-heal|p1a: Serperior|82/100|[from] item: Leftovers
|upkeep
|turn|22
|
|t:|1779865256
|move|p2a: Gliscor|Protect|p2a: Gliscor
|-singleturn|p2a: Gliscor|Protect
|move|p1a: Serperior|Leech Seed|p2a: Gliscor
|-activate|p2a: Gliscor|move: Protect
|
|-heal|p1a: Serperior|88/100|[from] item: Leftovers
|upkeep
|turn|23
|
|t:|1779865263
|move|p1a: Serperior|Leaf Storm|p2a: Gliscor
|-damage|p2a: Gliscor|59/100 tox
|-boost|p1a: Serperior|spa|2
|move|p2a: Gliscor|Facade|p1a: Serperior
|-end|p1a: Serperior|Substitute
|
|-heal|p1a: Serperior|94/100|[from] item: Leftovers
|-heal|p2a: Gliscor|72/100 tox|[from] ability: Poison Heal
|upkeep
|turn|24
|
|t:|1779865273
|move|p1a: Serperior|Substitute|p1a: Serperior
|-start|p1a: Serperior|Substitute
|-damage|p1a: Serperior|70/100
|move|p2a: Gliscor|Knock Off|p1a: Serperior
|-end|p1a: Serperior|Substitute
|
|-heal|p1a: Serperior|76/100|[from] item: Leftovers
|-heal|p2a: Gliscor|84/100 tox|[from] ability: Poison Heal
|upkeep
|turn|25
|
|t:|1779865285
|move|p1a: Serperior|Leaf Storm|p2a: Gliscor
|-damage|p2a: Gliscor|3/100 tox
|-boost|p1a: Serperior|spa|2
|move|p2a: Gliscor|Knock Off|p1a: Serperior
|-damage|p1a: Serperior|47/100
|-enditem|p1a: Serperior|Leftovers|[from] move: Knock Off|[of] p2a: Gliscor
|
|-heal|p2a: Gliscor|16/100 tox|[from] ability: Poison Heal
|upkeep
|turn|26
|
|t:|1779865295
|move|p2a: Gliscor|Protect|p2a: Gliscor
|-singleturn|p2a: Gliscor|Protect
|move|p1a: Serperior|Substitute|p1a: Serperior
|-start|p1a: Serperior|Substitute
|-damage|p1a: Serperior|22/100
|
|-heal|p2a: Gliscor|28/100 tox|[from] ability: Poison Heal
|upkeep
|turn|27
|
|t:|1779865302
|switch|p2a: Clodsire|Clodsire, F|57/100 brn
|move|p1a: Serperior|Leaf Storm|p2a: Clodsire
|-damage|p2a: Clodsire|33/100 brn
|-boost|p1a: Serperior|spa|2
|
|-damage|p2a: Clodsire|27/100 brn|[from] brn
|upkeep
|turn|28
|
|t:|1779865311
|move|p1a: Serperior|Leaf Storm|p2a: Clodsire
|-damage|p2a: Clodsire|1/100 brn
|move|p2a: Clodsire|Recover|p2a: Clodsire
|-heal|p2a: Clodsire|51/100 brn
|
|-damage|p2a: Clodsire|45/100 brn|[from] brn
|upkeep
|turn|29
|
|t:|1779865320
|move|p1a: Serperior|Glare||[still]
|-fail|p1a: Serperior
|move|p2a: Clodsire|Recover|p2a: Clodsire
|-heal|p2a: Clodsire|95/100 brn
|
|-damage|p2a: Clodsire|89/100 brn|[from] brn
|upkeep
|turn|30
|
|t:|1779865328
|switch|p2a: Gliscor|Gliscor, M|28/100 tox
|move|p1a: Serperior|Leech Seed|p2a: Gliscor
|-start|p2a: Gliscor|move: Leech Seed
|
|-damage|p2a: Gliscor|16/100 tox|[from] Leech Seed|[of] p1a: Serperior
|-heal|p1a: Serperior|38/100|[silent]
|-heal|p2a: Gliscor|28/100 tox|[from] ability: Poison Heal
|upkeep
|turn|31
|
|t:|1779865338
|switch|p2a: Moltres|Moltres|88/100
|move|p1a: Serperior|Leaf Storm|p2a: Moltres
|-resisted|p2a: Moltres
|-damage|p2a: Moltres|40/100
|
|upkeep
|turn|32
|
|t:|1779865348
|switch|p2a: Clodsire|Clodsire, F|89/100 brn
|move|p1a: Serperior|Leaf Storm|p2a: Clodsire
|-damage|p2a: Clodsire|63/100 brn
|
|-damage|p2a: Clodsire|57/100 brn|[from] brn
|upkeep
|turn|33
|
|t:|1779865355
|move|p1a: Serperior|Leech Seed|p2a: Clodsire
|-start|p2a: Clodsire|move: Leech Seed
|move|p2a: Clodsire|Recover|p2a: Clodsire
|-heal|p2a: Clodsire|100/100 brn
|
|-damage|p2a: Clodsire|88/100 brn|[from] Leech Seed|[of] p1a: Serperior
|-heal|p1a: Serperior|57/100|[silent]
|-damage|p2a: Clodsire|82/100 brn|[from] brn
|upkeep
|turn|34
|
|t:|1779865363
|switch|p2a: Chansey|Chansey, F|74/100
|move|p1a: Serperior|Glare|p2a: Chansey
|-status|p2a: Chansey|par
|
|upkeep
|turn|35
|
|t:|1779865370
|switch|p2a: Clodsire|Clodsire, F|82/100 brn
|move|p1a: Serperior|Leech Seed|p2a: Clodsire
|-start|p2a: Clodsire|move: Leech Seed
|
|-damage|p2a: Clodsire|70/100 brn|[from] Leech Seed|[of] p1a: Serperior
|-heal|p1a: Serperior|77/100|[silent]
|-damage|p2a: Clodsire|64/100 brn|[from] brn
|upkeep
|turn|36
|
|t:|1779865378
|switch|p2a: Chansey|Chansey, F|74/100 par
|move|p1a: Serperior|Substitute|p1a: Serperior
|-fail|p1a: Serperior|move: Substitute
|
|upkeep
|turn|37
|
|t:|1779865385
|switch|p2a: Clodsire|Clodsire, F|64/100 brn
|move|p1a: Serperior|Leech Seed|p2a: Clodsire
|-start|p2a: Clodsire|move: Leech Seed
|
|-damage|p2a: Clodsire|51/100 brn|[from] Leech Seed|[of] p1a: Serperior
|-heal|p1a: Serperior|96/100|[silent]
|-damage|p2a: Clodsire|45/100 brn|[from] brn
|upkeep
|turn|38
|
|t:|1779865395
|move|p1a: Serperior|Glare||[still]
|-fail|p1a: Serperior
|move|p2a: Clodsire|Recover|p2a: Clodsire
|-heal|p2a: Clodsire|96/100 brn
|
|-damage|p2a: Clodsire|83/100 brn|[from] Leech Seed|[of] p1a: Serperior
|-heal|p1a: Serperior|100/100|[silent]
|-damage|p2a: Clodsire|77/100 brn|[from] brn
|upkeep
|turn|39
|
|t:|1779865403
|switch|p2a: Chansey|Chansey, F|74/100 par
|move|p1a: Serperior|Glare|p2a: Chansey
|-fail|p2a: Chansey|par
|
|upkeep
|turn|40
|
|t:|1779865411
|move|p1a: Serperior|Glare|p2a: Chansey
|-fail|p2a: Chansey|par
|move|p2a: Chansey|Seismic Toss|p1a: Serperior
|-end|p1a: Serperior|Substitute
|
|upkeep
|turn|41
|
|t:|1779865418
|switch|p2a: Gliscor|Gliscor, M|28/100 tox
|move|p1a: Serperior|Substitute|p1a: Serperior
|-start|p1a: Serperior|Substitute
|-damage|p1a: Serperior|76/100
|
|-heal|p2a: Gliscor|41/100 tox|[from] ability: Poison Heal
|upkeep
|turn|42
|
|t:|1779865425
|move|p2a: Gliscor|Protect|p2a: Gliscor
|-singleturn|p2a: Gliscor|Protect
|move|p1a: Serperior|Glare|p2a: Gliscor
|-activate|p2a: Gliscor|move: Protect
|
|-heal|p2a: Gliscor|53/100 tox|[from] ability: Poison Heal
|upkeep
|turn|43
|
|t:|1779865434
|switch|p2a: Clodsire|Clodsire, F|77/100 brn
|move|p1a: Serperior|Leech Seed|p2a: Clodsire
|-start|p2a: Clodsire|move: Leech Seed
|
|-damage|p2a: Clodsire|65/100 brn|[from] Leech Seed|[of] p1a: Serperior
|-heal|p1a: Serperior|95/100|[silent]
|-damage|p2a: Clodsire|59/100 brn|[from] brn
|upkeep
|turn|44
|
|t:|1779865444
|switch|p2a: Chansey|Chansey, F|74/100 par
|move|p1a: Serperior|Glare|p2a: Chansey
|-fail|p2a: Chansey|par
|
|upkeep
|turn|45
|
|t:|1779865452
|move|p1a: Serperior|Leaf Storm|p2a: Chansey
|-damage|p2a: Chansey|26/100 par
|move|p2a: Chansey|Seismic Toss|p1a: Serperior
|-end|p1a: Serperior|Substitute
|
|upkeep
|turn|46
|l|☆hameed425
|inactive|hameed425 disconnected and has a minute to reconnect!
|player|p1|
|inactive|hameed425 has 30 seconds to reconnect!
|j|☆hameed425
|inactive|hameed425 reconnected and has 115 seconds left.
|player|p1|hameed425|102|
|
|t:|1779865495
|move|p1a: Serperior|Leech Seed|p2a: Chansey
|-start|p2a: Chansey|move: Leech Seed
|move|p2a: Chansey|Soft-Boiled|p2a: Chansey
|-heal|p2a: Chansey|76/100 par
|
|-damage|p2a: Chansey|63/100 par|[from] Leech Seed|[of] p1a: Serperior
|-heal|p1a: Serperior|100/100|[silent]
|upkeep
|turn|47
|
|t:|1779865507
|switch|p2a: Clodsire|Clodsire, F|59/100 brn
|move|p1a: Serperior|Leech Seed|p2a: Clodsire
|-start|p2a: Clodsire|move: Leech Seed
|
|-damage|p2a: Clodsire|47/100 brn|[from] Leech Seed|[of] p1a: Serperior
|-damage|p2a: Clodsire|40/100 brn|[from] brn
|upkeep
|turn|48
|
|t:|1779865514
|move|p1a: Serperior|Substitute|p1a: Serperior
|-start|p1a: Serperior|Substitute
|-damage|p1a: Serperior|76/100
|move|p2a: Clodsire|Recover|p2a: Clodsire
|-heal|p2a: Clodsire|91/100 brn
|
|-damage|p2a: Clodsire|78/100 brn|[from] Leech Seed|[of] p1a: Serperior
|-heal|p1a: Serperior|95/100|[silent]
|-damage|p2a: Clodsire|72/100 brn|[from] brn
|upkeep
|turn|49
|
|t:|1779865523
|switch|p2a: Chansey|Chansey, F|63/100 par
|move|p1a: Serperior|Glare|p2a: Chansey
|-fail|p2a: Chansey|par
|
|upkeep
|turn|50
|
|t:|1779865533
|move|p1a: Serperior|Leech Seed|p2a: Chansey
|-start|p2a: Chansey|move: Leech Seed
|move|p2a: Chansey|Soft-Boiled|p2a: Chansey
|-heal|p2a: Chansey|100/100 par
|
|-damage|p2a: Chansey|88/100 par|[from] Leech Seed|[of] p1a: Serperior
|-heal|p1a: Serperior|100/100|[silent]
|upkeep
|turn|51
|
|t:|1779865543
|switch|p2a: Dondozo|Dondozo, F|100/100
|move|p1a: Serperior|Glare|p2a: Dondozo
|-status|p2a: Dondozo|par
|
|upkeep
|turn|52
|
|t:|1779865554
|switch|p2a: Chansey|Chansey, F|88/100 par
|move|p1a: Serperior|Leech Seed|p2a: Chansey
|-start|p2a: Chansey|move: Leech Seed
|
|-damage|p2a: Chansey|76/100 par|[from] Leech Seed|[of] p1a: Serperior
|upkeep
|turn|53
|
|t:|1779865561
|switch|p2a: Clodsire|Clodsire, F|72/100 brn
|move|p1a: Serperior|Leaf Storm|p2a: Clodsire
|-damage|p2a: Clodsire|49/100 brn
|
|-damage|p2a: Clodsire|43/100 brn|[from] brn
|upkeep
|turn|54
|
|t:|1779865571
|move|p1a: Serperior|Leech Seed|p2a: Clodsire
|-start|p2a: Clodsire|move: Leech Seed
|move|p2a: Clodsire|Recover|p2a: Clodsire
|-heal|p2a: Clodsire|93/100 brn
|
|-damage|p2a: Clodsire|80/100 brn|[from] Leech Seed|[of] p1a: Serperior
|-damage|p2a: Clodsire|74/100 brn|[from] brn
|upkeep
|turn|55
|
|t:|1779865584
|switch|p2a: Chansey|Chansey, F|76/100 par
|move|p1a: Serperior|Glare|p2a: Chansey
|-fail|p2a: Chansey|par
|
|upkeep
|turn|56
|
|t:|1779865592
|move|p1a: Serperior|Leech Seed|p2a: Chansey
|-start|p2a: Chansey|move: Leech Seed
|move|p2a: Chansey|Seismic Toss|p1a: Serperior
|-end|p1a: Serperior|Substitute
|
|-damage|p2a: Chansey|63/100 par|[from] Leech Seed|[of] p1a: Serperior
|upkeep
|turn|57
|
|t:|1779865601
|switch|p1a: Cinderace|Cinderace, M|100/100
|switch|p2a: Gliscor|Gliscor, M|53/100 tox
|
|-heal|p2a: Gliscor|66/100 tox|[from] ability: Poison Heal
|upkeep
|turn|58
|
|t:|1779865610
|move|p1a: Cinderace|U-turn|p2a: Gliscor
|-start|p1a: Cinderace|typechange|Bug|[from] ability: Libero
|-resisted|p2a: Gliscor
|-damage|p2a: Gliscor|53/100 tox
|
|t:|1779865617
|switch|p1a: Serperior|Serperior, F|100/100|[from] U-turn
|move|p2a: Gliscor|Knock Off|p1a: Serperior
|-damage|p1a: Serperior|81/100
|
|-heal|p2a: Gliscor|66/100 tox|[from] ability: Poison Heal
|upkeep
|turn|59
|
|t:|1779865626
|move|p2a: Gliscor|Protect|p2a: Gliscor
|-singleturn|p2a: Gliscor|Protect
|move|p1a: Serperior|Leech Seed|p2a: Gliscor
|-activate|p2a: Gliscor|move: Protect
|
|-heal|p2a: Gliscor|78/100 tox|[from] ability: Poison Heal
|upkeep
|turn|60
|
|t:|1779865633
|move|p1a: Serperior|Leech Seed|p2a: Gliscor
|-start|p2a: Gliscor|move: Leech Seed
|move|p2a: Gliscor|Facade|p1a: Serperior
|-damage|p1a: Serperior|41/100
|
|-damage|p2a: Gliscor|66/100 tox|[from] Leech Seed|[of] p1a: Serperior
|-heal|p1a: Serperior|57/100|[silent]
|-heal|p2a: Gliscor|78/100 tox|[from] ability: Poison Heal
|upkeep
|turn|61
|
|t:|1779865645
|switch|p2a: Dondozo|Dondozo, F|100/100 par
|move|p1a: Serperior|Glare|p2a: Dondozo
|-fail|p2a: Dondozo|par
|
|upkeep
|turn|62
|
|t:|1779865653
|switch|p1a: Gothitelle|Gothitelle, F|100/100
|move|p2a: Dondozo|Body Press|p1a: Gothitelle
|-resisted|p1a: Gothitelle
|-damage|p1a: Gothitelle|86/100
|
|-heal|p1a: Gothitelle|92/100|[from] item: Leftovers
|upkeep
|turn|63
|
|t:|1779865663
|switch|p2a: Clodsire|Clodsire, F|74/100 brn
|move|p1a: Gothitelle|Psychic Noise|p2a: Clodsire
|-supereffective|p2a: Clodsire
|-damage|p2a: Clodsire|38/100 brn
|-start|p2a: Clodsire|move: Heal Block
|
|-heal|p1a: Gothitelle|98/100|[from] item: Leftovers
|-damage|p2a: Clodsire|32/100 brn|[from] brn
|upkeep
|turn|64
|
|t:|1779865675
|-terastallize|p2a: Clodsire|Dark
|move|p1a: Gothitelle|Psychic Noise|p2a: Clodsire
|-immune|p2a: Clodsire
|move|p2a: Clodsire|Toxic|p1a: Gothitelle|[miss]
|-miss|p2a: Clodsire|p1a: Gothitelle
|
|-heal|p1a: Gothitelle|100/100|[from] item: Leftovers
|-damage|p2a: Clodsire|26/100 brn|[from] brn
|-end|p2a: Clodsire|move: Heal Block
|upkeep
|turn|65
|
|t:|1779865689
|move|p1a: Gothitelle|Thunderbolt|p2a: Clodsire
|-damage|p2a: Clodsire|11/100 brn
|move|p2a: Clodsire|Recover|p2a: Clodsire
|-heal|p2a: Clodsire|61/100 brn
|
|-damage|p2a: Clodsire|55/100 brn|[from] brn
|upkeep
|turn|66
|
|t:|1779865695
|switch|p1a: Cinderace|Cinderace, M|100/100
|move|p2a: Clodsire|Toxic|p1a: Cinderace
|-status|p1a: Cinderace|tox
|
|-damage|p1a: Cinderace|95/100 tox|[from] psn
|-damage|p2a: Clodsire|49/100 brn|[from] brn
|upkeep
|turn|67
|
|t:|1779865704
|switch|p2a: Gliscor|Gliscor, M|78/100 tox
|move|p1a: Cinderace|U-turn|p2a: Gliscor
|-start|p1a: Cinderace|typechange|Bug|[from] ability: Libero
|-resisted|p2a: Gliscor
|-damage|p2a: Gliscor|65/100 tox
|
|t:|1779865708
|switch|p1a: Milotic|Milotic, F|100/100|[from] U-turn
|
|-heal|p2a: Gliscor|78/100 tox|[from] ability: Poison Heal
|upkeep
|turn|68
|
|t:|1779865715
|move|p2a: Gliscor|Protect|p2a: Gliscor
|-singleturn|p2a: Gliscor|Protect
|move|p1a: Milotic|Scald|p2a: Gliscor
|-activate|p2a: Gliscor|move: Protect
|
|-heal|p2a: Gliscor|90/100 tox|[from] ability: Poison Heal
|upkeep
|turn|69
|
|t:|1779865722
|move|p2a: Gliscor|Knock Off|p1a: Milotic
|-damage|p1a: Milotic|83/100
|-enditem|p1a: Milotic|Leftovers|[from] move: Knock Off|[of] p2a: Gliscor
|move|p1a: Milotic|Ice Beam|p2a: Gliscor
|-supereffective|p2a: Gliscor
|-damage|p2a: Gliscor|12/100 tox
|
|-heal|p2a: Gliscor|24/100 tox|[from] ability: Poison Heal
|upkeep
|turn|70
|
|t:|1779865730
|switch|p1a: Gothitelle|Gothitelle, F|100/100
|move|p2a: Gliscor|Protect||[still]
|-fail|p2a: Gliscor
|
|-heal|p2a: Gliscor|37/100 tox|[from] ability: Poison Heal
|upkeep
|turn|71
|
|t:|1779865737
|move|p2a: Gliscor|Protect|p2a: Gliscor
|-singleturn|p2a: Gliscor|Protect
|move|p1a: Gothitelle|Energy Ball|p2a: Gliscor
|-activate|p2a: Gliscor|move: Protect
|
|-heal|p2a: Gliscor|49/100 tox|[from] ability: Poison Heal
|upkeep
|turn|72
|
|t:|1779865747
|move|p2a: Gliscor|Knock Off|p1a: Gothitelle
|-supereffective|p1a: Gothitelle
|-damage|p1a: Gothitelle|59/100
|-enditem|p1a: Gothitelle|Leftovers|[from] move: Knock Off|[of] p2a: Gliscor
|move|p1a: Gothitelle|Psychic Noise|p2a: Gliscor
|-damage|p2a: Gliscor|22/100 tox
|-start|p2a: Gliscor|move: Heal Block
|
|upkeep
|turn|73
|
|t:|1779865755
|move|p2a: Gliscor|Protect|p2a: Gliscor
|-singleturn|p2a: Gliscor|Protect
|move|p1a: Gothitelle|Trick Room|p1a: Gothitelle
|-fieldstart|move: Trick Room|[of] p1a: Gothitelle
|
|-end|p2a: Gliscor|move: Heal Block
|upkeep
|turn|74
|
|t:|1779865763
|switch|p1a: Cinderace|Cinderace, M|95/100 tox
|switch|p2a: Chansey|Chansey, F|63/100 par
|
|-damage|p1a: Cinderace|89/100 tox|[from] psn
|upkeep
|turn|75
|
|t:|1779865770
|switch|p2a: Moltres|Moltres|40/100
|move|p1a: Cinderace|U-turn|p2a: Moltres
|-start|p1a: Cinderace|typechange|Bug|[from] ability: Libero
|-resisted|p2a: Moltres
|-damage|p2a: Moltres|34/100
|
|t:|1779865781
|switch|p1a: Milotic|Milotic, F|83/100|[from] U-turn
|
|upkeep
|turn|76
|
|t:|1779865788
|switch|p1a: Kingambit|Kingambit, F|100/100
|switch|p2a: Chansey|Chansey, F|63/100 par
|
|upkeep
|turn|77
|
|t:|1779865794
|switch|p2a: Dondozo|Dondozo, F|100/100 par
|move|p1a: Kingambit|Kowtow Cleave|p2a: Dondozo
|-crit|p2a: Dondozo
|-damage|p2a: Dondozo|55/100 par
|-damage|p1a: Kingambit|91/100|[from] item: Life Orb
|
|-heal|p2a: Dondozo|61/100 par|[from] item: Leftovers
|-fieldend|move: Trick Room
|upkeep
|turn|78
|
|t:|1779865803
|move|p1a: Kingambit|Low Kick|p2a: Dondozo
|-damage|p2a: Dondozo|32/100 par
|-damage|p1a: Kingambit|81/100|[from] item: Life Orb
|move|p2a: Dondozo|Rest|p2a: Dondozo
|-status|p2a: Dondozo|slp|[from] move: Rest
|-heal|p2a: Dondozo|100/100 slp|[silent]
|
|upkeep
|turn|79
|
|t:|1779865812
|move|p1a: Kingambit|Kowtow Cleave|p2a: Dondozo
|-damage|p2a: Dondozo|74/100 slp
|-damage|p1a: Kingambit|71/100|[from] item: Life Orb
|cant|p2a: Dondozo|slp
|
|-heal|p2a: Dondozo|80/100 slp|[from] item: Leftovers
|upkeep
|turn|80
|
|t:|1779865823
|switch|p1a: Gothitelle|Gothitelle, F|59/100
|cant|p2a: Dondozo|slp
|
|-heal|p2a: Dondozo|86/100 slp|[from] item: Leftovers
|upkeep
|turn|81
|
|t:|1779865830
|switch|p2a: Chansey|Chansey, F|63/100 par
|move|p1a: Gothitelle|Psychic Noise|p2a: Chansey
|-damage|p2a: Chansey|55/100 par
|-start|p2a: Chansey|move: Heal Block
|
|upkeep
|turn|82
|
|t:|1779865838
|move|p1a: Gothitelle|Psychic Noise|p2a: Chansey
|-damage|p2a: Chansey|46/100 par
|move|p2a: Chansey|Seismic Toss|p1a: Gothitelle
|-damage|p1a: Gothitelle|30/100
|
|-end|p2a: Chansey|move: Heal Block
|upkeep
|turn|83
|
|t:|1779865846
|move|p1a: Gothitelle|Psychic Noise|p2a: Chansey
|-damage|p2a: Chansey|38/100 par
|-start|p2a: Chansey|move: Heal Block
|move|p2a: Chansey|Seismic Toss|p1a: Gothitelle
|-damage|p1a: Gothitelle|1/100
|
|upkeep
|turn|84
|
|t:|1779865854
|move|p1a: Gothitelle|Psychic Noise|p2a: Chansey
|-damage|p2a: Chansey|29/100 par
|move|p2a: Chansey|Seismic Toss|p1a: Gothitelle
|-damage|p1a: Gothitelle|0 fnt
|faint|p1a: Gothitelle
|
|-end|p2a: Chansey|move: Heal Block
|upkeep
|
|t:|1779865865
|switch|p1a: Kingambit|Kingambit, F|71/100
|turn|85
|
|t:|1779865871
|switch|p2a: Dondozo|Dondozo, F|86/100 slp
|move|p1a: Kingambit|Low Kick|p2a: Dondozo
|-damage|p2a: Dondozo|59/100 slp
|-damage|p1a: Kingambit|61/100|[from] item: Life Orb
|
|-heal|p2a: Dondozo|66/100 slp|[from] item: Leftovers
|upkeep
|turn|86
|
|t:|1779865879
|move|p1a: Kingambit|Kowtow Cleave|p2a: Dondozo
|-damage|p2a: Dondozo|39/100 slp
|-damage|p1a: Kingambit|51/100|[from] item: Life Orb
|-curestatus|p2a: Dondozo|slp|[msg]
|move|p2a: Dondozo|Body Press|p1a: Kingambit
|-supereffective|p1a: Kingambit
|-damage|p1a: Kingambit|0 fnt
|faint|p1a: Kingambit
|
|-heal|p2a: Dondozo|45/100|[from] item: Leftovers
|upkeep
|
|t:|1779865885
|switch|p1a: Cinderace|Cinderace, M|89/100 tox
|turn|87
|
|t:|1779865894
|move|p1a: Cinderace|U-turn|p2a: Dondozo
|-start|p1a: Cinderace|typechange|Bug|[from] ability: Libero
|-damage|p2a: Dondozo|31/100
|
|t:|1779865898
|switch|p1a: Milotic|Milotic, F|83/100|[from] U-turn
|move|p2a: Dondozo|Rest|p2a: Dondozo
|-status|p2a: Dondozo|slp|[from] move: Rest
|-heal|p2a: Dondozo|100/100 slp|[silent]
|
|upkeep
|turn|88
|
|t:|1779865905
|move|p1a: Milotic|Draining Kiss|p2a: Dondozo
|-damage|p2a: Dondozo|88/100 slp
|-heal|p1a: Milotic|95/100|[from] drain|[of] p2a: Dondozo
|cant|p2a: Dondozo|slp
|
|-heal|p2a: Dondozo|94/100 slp|[from] item: Leftovers
|upkeep
|turn|89
|c|☆StormIsNotOmega|Your gimmick team is pathetic.
|inactive|hameed425 has 120 seconds left.
|inactive|hameed425 has 90 seconds left.
|inactive|hameed425 has 60 seconds left.
|inactive|hameed425 has 30 seconds left.
|inactive|hameed425 has 20 seconds left.
|l|☆hameed425
|inactive|hameed425 disconnected and has a minute to reconnect!
|player|p1|
|inactive|hameed425 has 15 seconds left.
|inactive|hameed425 has 10 seconds left.
|inactive|hameed425 has 5 seconds left.
|j|☆hameed425
|inactive|hameed425 reconnected and has 5 seconds left.
|player|p1|hameed425|102|
|-message|hameed425 lost due to inactivity.
|
|win|StormIsNotOmega
|raw|hameed425's rating: 1408 &rarr; <strong>1390</strong><br />(-18 for losing)
|raw|StormIsNotOmega's rating: 1451 &rarr; <strong>1469</strong><br />(+18 for winning)
