|j|☆TheGamingPolitoed
|j|☆Luisowbro
|t:|1779883492
|gametype|singles
|player|p1|TheGamingPolitoed|cress|1305
|player|p2|Luisowbro|ingo|1332
|gen|9
|tier|[Gen 9] OU
|rated|
|rule|HP Percentage Mod: HP is shown in percentages
|rule|Endless Battle Clause: Forcing endless battles is banned
|rule|Species Clause: Limit one of each Pokémon
|rule|OHKO Clause: OHKO moves are banned
|rule|Evasion Items Clause: Evasion items are banned
|rule|Evasion Moves Clause: Evasion moves are banned
|rule|Evasion Abilities Clause: Evasion abilities are banned
|rule|Sleep Moves Clause: Sleep-inducing moves are banned
|clearpoke
|poke|p1|Primarina, F|
|poke|p1|Ludicolo, M|
|poke|p1|Samurott-Hisui, M|
|poke|p1|Toxapex, F|
|poke|p1|Politoed, M|
|poke|p1|Walking Wake|
|poke|p2|Haxorus, M|
|poke|p2|Moltres-Galar|
|poke|p2|Corviknight, M|
|poke|p2|Ceruledge, M|
|poke|p2|Ninetales-Alola, F|
|poke|p2|Volcanion|
|teampreview
|inactive|Battle timer is ON: inactive players will automatically lose when time's up. (requested by TheGamingPolitoed)
|
|t:|1779883539
|teamsize|p1|6
|teamsize|p2|6
|start
|switch|p1a: Donny Ronny|Samurott-Hisui, M|100/100
|switch|p2a: Ninetales|Ninetales-Alola, F, shiny|100/100
|-weather|Snowscape|[from] ability: Snow Warning|[of] p2a: Ninetales
|turn|1
|
|t:|1779883546
|move|p2a: Ninetales|Aurora Veil|p2a: Ninetales
|-sidestart|p2: Luisowbro|move: Aurora Veil
|move|p1a: Donny Ronny|Knock Off|p2a: Ninetales
|-resisted|p2a: Ninetales
|-damage|p2a: Ninetales|90/100
|-enditem|p2a: Ninetales|Light Clay|[from] move: Knock Off|[of] p1a: Donny Ronny
|
|-weather|Snowscape|[upkeep]
|upkeep
|turn|2
|
|t:|1779883554
|move|p2a: Ninetales|Freeze-Dry|p1a: Donny Ronny
|-supereffective|p1a: Donny Ronny
|-damage|p1a: Donny Ronny|62/100
|move|p1a: Donny Ronny|Ceaseless Edge|p2a: Ninetales
|-resisted|p2a: Ninetales
|-damage|p2a: Ninetales|80/100
|-sidestart|p2: Luisowbro|Spikes
|
|-weather|Snowscape|[upkeep]
|upkeep
|turn|3
|
|t:|1779883561
|move|p2a: Ninetales|Freeze-Dry|p1a: Donny Ronny
|-supereffective|p1a: Donny Ronny
|-damage|p1a: Donny Ronny|24/100
|move|p1a: Donny Ronny|Ceaseless Edge|p2a: Ninetales
|-resisted|p2a: Ninetales
|-damage|p2a: Ninetales|71/100
|-sidestart|p2: Luisowbro|Spikes
|
|-weather|Snowscape|[upkeep]
|upkeep
|turn|4
|
|t:|1779883569
|move|p1a: Donny Ronny|Aqua Jet|p2a: Ninetales
|-damage|p2a: Ninetales|63/100
|move|p2a: Ninetales|Freeze-Dry|p1a: Donny Ronny
|-supereffective|p1a: Donny Ronny
|-damage|p1a: Donny Ronny|0 fnt
|faint|p1a: Donny Ronny
|
|-weather|Snowscape|[upkeep]
|upkeep
|
|t:|1779883576
|switch|p1a: The King|Politoed, M|100/100
|-weather|RainDance|[from] ability: Drizzle|[of] p1a: The King
|turn|5
|
|t:|1779883580
|switch|p2a: Corviknight|Corviknight, M, shiny|100/100
|move|p1a: The King|Ice Beam|p2a: Corviknight
|-damage|p2a: Corviknight|91/100
|
|-weather|RainDance|[upkeep]
|upkeep
|turn|6
|
|t:|1779883587
|move|p1a: The King|Surf|p2a: Corviknight
|-damage|p2a: Corviknight|70/100
|move|p2a: Corviknight|Defog|p1a: The King
|-unboost|p1a: The King|evasion|1
|-sideend|p2: Luisowbro|Spikes|[from] move: Defog|[of] p2a: Corviknight
|
|-weather|RainDance|[upkeep]
|upkeep
|turn|7
|c|☆Luisowbro|THE KING?
|
|t:|1779883598
|move|p1a: The King|Surf|p2a: Corviknight
|-damage|p2a: Corviknight|49/100
|move|p2a: Corviknight|U-turn|p1a: The King
|-damage|p1a: The King|90/100
|c|☆TheGamingPolitoed|The king,
|c|☆TheGamingPolitoed|Man i should add a comma in there
|inactive|Luisowbro has 120 seconds left.
|
|t:|1779883632
|switch|p2a: Haxorus|Haxorus, M, shiny|100/100|[from] U-turn
|-ability|p2a: Haxorus|Mold Breaker
|
|-weather|RainDance|[upkeep]
|upkeep
|turn|8
|inactive|Luisowbro has 120 seconds left.
|
|t:|1779883641
|move|p2a: Haxorus|Iron Head|p1a: The King
|-resisted|p1a: The King
|-damage|p1a: The King|79/100
|move|p1a: The King|Encore|p2a: Haxorus
|-start|p2a: Haxorus|Encore
|
|-weather|RainDance|[upkeep]
|-sideend|p2: Luisowbro|move: Aurora Veil
|upkeep
|turn|9
|inactive|Luisowbro has 120 seconds left.
|
|t:|1779883652
|switch|p2a: Ninetales|Ninetales-Alola, F, shiny|63/100
|-weather|Snowscape|[from] ability: Snow Warning|[of] p2a: Ninetales
|switch|p1a: Toxatax|Toxapex, F|100/100
|
|-weather|Snowscape|[upkeep]
|upkeep
|turn|10
|
|t:|1779883661
|switch|p2a: Volcanion|Volcanion|100/100
|move|p1a: Toxatax|Toxic Spikes|p2a: Volcanion
|-sidestart|p2: Luisowbro|move: Toxic Spikes
|
|-weather|Snowscape|[upkeep]
|upkeep
|turn|11
|
|t:|1779883667
|switch|p1a: The King|Politoed, M|79/100
|-weather|RainDance|[from] ability: Drizzle|[of] p1a: The King
|move|p2a: Volcanion|Earth Power|p1a: The King
|-damage|p1a: The King|49/100
|
|-weather|RainDance|[upkeep]
|upkeep
|turn|12
|
|t:|1779883674
|move|p2a: Volcanion|Sludge Bomb|p1a: The King
|-damage|p1a: The King|18/100
|move|p1a: The King|Surf|p2a: Volcanion
|-immune|p2a: Volcanion|[from] ability: Water Absorb
|
|-weather|RainDance|[upkeep]
|upkeep
|turn|13
|
|t:|1779883681
|switch|p1a: Walk the Dinosaur|Walking Wake|100/100
|move|p2a: Volcanion|Sludge Bomb|p1a: Walk the Dinosaur
|-damage|p1a: Walk the Dinosaur|57/100
|
|-weather|RainDance|[upkeep]
|upkeep
|turn|14
|
|t:|1779883691
|move|p1a: Walk the Dinosaur|Dragon Pulse|p2a: Volcanion
|-damage|p2a: Volcanion|55/100
|move|p2a: Volcanion|Sludge Bomb|p1a: Walk the Dinosaur
|-damage|p1a: Walk the Dinosaur|16/100
|-status|p1a: Walk the Dinosaur|psn
|
|-weather|RainDance|[upkeep]
|-damage|p1a: Walk the Dinosaur|3/100 psn|[from] psn
|upkeep
|turn|15
|
|t:|1779883700
|switch|p2a: Ninetales|Ninetales-Alola, F, shiny|63/100
|-status|p2a: Ninetales|psn
|-weather|Snowscape|[from] ability: Snow Warning|[of] p2a: Ninetales
|move|p1a: Walk the Dinosaur|Dragon Pulse|p2a: Ninetales
|-immune|p2a: Ninetales
|
|-weather|Snowscape|[upkeep]
|-damage|p1a: Walk the Dinosaur|0 fnt|[from] psn
|faint|p1a: Walk the Dinosaur
|-end|p1a: Walk the Dinosaur|Protosynthesis|[silent]
|-damage|p2a: Ninetales|50/100 psn|[from] psn
|upkeep
|
|t:|1779883710
|switch|p1a: The King|Politoed, M|18/100
|-weather|RainDance|[from] ability: Drizzle|[of] p1a: The King
|turn|16
|
|t:|1779883716
|switch|p1a: Toxatax|Toxapex, F|100/100
|move|p2a: Ninetales|Freeze-Dry|p1a: Toxatax
|-supereffective|p1a: Toxatax
|-damage|p1a: Toxatax|64/100
|
|-weather|RainDance|[upkeep]
|-damage|p2a: Ninetales|38/100 psn|[from] psn
|upkeep
|turn|17
|
|t:|1779883725
|switch|p2a: Volcanion|Volcanion|55/100
|-status|p2a: Volcanion|psn
|move|p1a: Toxatax|Surf|p2a: Volcanion
|-heal|p2a: Volcanion|80/100 psn|[from] ability: Water Absorb|[of] p1a: Toxatax
|
|-weather|RainDance|[upkeep]
|-damage|p2a: Volcanion|67/100 psn|[from] psn
|upkeep
|turn|18
|
|t:|1779883735
|move|p2a: Volcanion|Earth Power|p1a: Toxatax
|-supereffective|p1a: Toxatax
|-damage|p1a: Toxatax|10/100
|move|p1a: Toxatax|Recover|p1a: Toxatax
|-heal|p1a: Toxatax|60/100
|
|-weather|RainDance|[upkeep]
|-damage|p2a: Volcanion|55/100 psn|[from] psn
|upkeep
|turn|19
|
|t:|1779883743
|switch|p1a: Juan|Ludicolo, M|100/100
|-terastallize|p2a: Volcanion|Ground
|move|p2a: Volcanion|Earth Power|p1a: Juan
|-resisted|p1a: Juan
|-damage|p1a: Juan|71/100
|
|-weather|RainDance|[upkeep]
|-damage|p2a: Volcanion|42/100 psn|[from] psn
|upkeep
|turn|20
|
|t:|1779883753
|move|p1a: Juan|Giga Drain|p2a: Volcanion
|-supereffective|p2a: Volcanion
|-crit|p2a: Volcanion
|-damage|p2a: Volcanion|0 fnt
|-heal|p1a: Juan|97/100|[from] drain|[of] p2a: Volcanion
|faint|p2a: Volcanion
|-damage|p1a: Juan|87/100|[from] item: Life Orb
|
|-weather|RainDance|[upkeep]
|upkeep
|
|t:|1779883766
|switch|p2a: Ninetales|Ninetales-Alola, F, shiny|38/100 psn
|-weather|Snowscape|[from] ability: Snow Warning|[of] p2a: Ninetales
|turn|21
|
|t:|1779883772
|move|p1a: Juan|Protect|p1a: Juan
|-singleturn|p1a: Juan|Protect
|move|p2a: Ninetales|Freeze-Dry|p1a: Juan
|-activate|p1a: Juan|move: Protect
|
|-weather|Snowscape|[upkeep]
|-damage|p2a: Ninetales|26/100 psn|[from] psn
|upkeep
|turn|22
|
|t:|1779883780
|switch|p1a: Toxatax|Toxapex, F|93/100
|move|p2a: Ninetales|Freeze-Dry|p1a: Toxatax
|-supereffective|p1a: Toxatax
|-damage|p1a: Toxatax|61/100
|
|-weather|Snowscape|[upkeep]
|-damage|p2a: Ninetales|13/100 psn|[from] psn
|upkeep
|turn|23
|
|t:|1779883790
|move|p2a: Ninetales|Aurora Veil|p2a: Ninetales
|-sidestart|p2: Luisowbro|move: Aurora Veil
|move|p1a: Toxatax|Recover|p1a: Toxatax
|-heal|p1a: Toxatax|100/100
|
|-weather|Snowscape|[upkeep]
|-damage|p2a: Ninetales|1/100 psn|[from] psn
|upkeep
|turn|24
|
|t:|1779883796
|switch|p1a: The King|Politoed, M|18/100
|-weather|RainDance|[from] ability: Drizzle|[of] p1a: The King
|move|p2a: Ninetales|Encore||[still]
|-fail|p2a: Ninetales
|
|-weather|RainDance|[upkeep]
|-damage|p2a: Ninetales|0 fnt|[from] psn
|faint|p2a: Ninetales
|upkeep
|
|t:|1779883807
|switch|p2a: Moltres|Moltres-Galar, shiny|100/100
|turn|25
|
|t:|1779883810
|move|p2a: Moltres|Agility|p2a: Moltres
|-boost|p2a: Moltres|spe|2
|move|p1a: The King|Encore|p2a: Moltres
|-start|p2a: Moltres|Encore
|
|-weather|RainDance|[upkeep]
|upkeep
|turn|26
|
|t:|1779883818
|switch|p2a: Haxorus|Haxorus, M, shiny|100/100
|-status|p2a: Haxorus|psn
|-ability|p2a: Haxorus|Mold Breaker
|switch|p1a: Ecomare|Primarina, F|100/100
|
|-weather|RainDance|[upkeep]
|-damage|p2a: Haxorus|88/100 psn|[from] psn
|upkeep
|turn|27
|
|t:|1779883838
|switch|p2a: Corviknight|Corviknight, M, shiny|49/100
|move|p1a: Ecomare|Moonblast|p2a: Corviknight
|-resisted|p2a: Corviknight
|-damage|p2a: Corviknight|35/100
|
|-weather|RainDance|[upkeep]
|-sideend|p2: Luisowbro|move: Aurora Veil
|upkeep
|turn|28
|
|t:|1779883847
|move|p1a: Ecomare|Hydro Pump|p2a: Corviknight
|-damage|p2a: Corviknight|0 fnt
|faint|p2a: Corviknight
|
|-weather|RainDance|[upkeep]
|upkeep
|
|t:|1779883858
|switch|p2a: Haxorus|Haxorus, M, shiny|88/100 psn
|-ability|p2a: Haxorus|Mold Breaker
|turn|29
|
|t:|1779883865
|move|p2a: Haxorus|Iron Head|p1a: Ecomare
|-damage|p1a: Ecomare|62/100
|move|p1a: Ecomare|Moonblast|p2a: Haxorus
|-supereffective|p2a: Haxorus
|-damage|p2a: Haxorus|0 fnt
|faint|p2a: Haxorus
|
|-weather|RainDance|[upkeep]
|-heal|p1a: Ecomare|68/100|[from] item: Leftovers
|upkeep
|
|t:|1779883879
|switch|p2a: Moltres|Moltres-Galar, shiny|100/100
|turn|30
|
|t:|1779883882
|move|p2a: Moltres|Agility|p2a: Moltres
|-boost|p2a: Moltres|spe|2
|move|p1a: Ecomare|Substitute|p1a: Ecomare
|-start|p1a: Ecomare|Substitute
|-damage|p1a: Ecomare|43/100
|
|-weather|RainDance|[upkeep]
|-heal|p1a: Ecomare|50/100|[from] item: Leftovers
|upkeep
|turn|31
|
|t:|1779883893
|move|p2a: Moltres|Air Slash|p1a: Ecomare
|-end|p1a: Ecomare|Substitute
|move|p1a: Ecomare|Hydro Pump|p2a: Moltres
|-damage|p2a: Moltres|29/100
|-ability|p2a: Moltres|Berserk|boost
|-boost|p2a: Moltres|spa|1
|-enditem|p2a: Moltres|Sitrus Berry|[eat]
|-heal|p2a: Moltres|54/100|[from] item: Sitrus Berry
|
|-weather|none
|-heal|p1a: Ecomare|56/100|[from] item: Leftovers
|upkeep
|turn|32
|
|t:|1779883903
|move|p2a: Moltres|Air Slash|p1a: Ecomare
|-damage|p1a: Ecomare|11/100
|cant|p1a: Ecomare|flinch
|
|-heal|p1a: Ecomare|17/100|[from] item: Leftovers
|upkeep
|turn|33
|
|t:|1779883909
|move|p2a: Moltres|Fiery Wrath|p1a: Ecomare
|-resisted|p1a: Ecomare
|-damage|p1a: Ecomare|0 fnt
|faint|p1a: Ecomare
|
|upkeep
|
|t:|1779883913
|switch|p1a: Toxatax|Toxapex, F|100/100
|turn|34
|
|t:|1779883919
|move|p2a: Moltres|Nasty Plot|p2a: Moltres
|-boost|p2a: Moltres|spa|2
|move|p1a: Toxatax|Haze|p1a: Toxatax
|-clearallboost
|
|upkeep
|turn|35
|
|t:|1779883926
|switch|p2a: Ceruledge|Ceruledge, M, shiny|100/100
|-status|p2a: Ceruledge|psn
|move|p1a: Toxatax|Surf|p2a: Ceruledge
|-supereffective|p2a: Ceruledge
|-damage|p2a: Ceruledge|57/100 psn
|
|-damage|p2a: Ceruledge|44/100 psn|[from] psn
|upkeep
|turn|36
|
|t:|1779883939
|switch|p1a: The King|Politoed, M|18/100
|-weather|RainDance|[from] ability: Drizzle|[of] p1a: The King
|move|p2a: Ceruledge|Poltergeist|p1a: The King|[miss]
|-miss|p2a: Ceruledge|p1a: The King
|
|-weather|RainDance|[upkeep]
|-damage|p2a: Ceruledge|32/100 psn|[from] psn
|upkeep
|turn|37
|
|t:|1779883948
|move|p2a: Ceruledge|Shadow Sneak|p1a: The King
|-damage|p1a: The King|1/100
|move|p1a: The King|Rest|p1a: The King
|-status|p1a: The King|slp|[from] move: Rest
|-heal|p1a: The King|100/100 slp|[silent]
|
|-weather|RainDance|[upkeep]
|-damage|p2a: Ceruledge|19/100 psn|[from] psn
|upkeep
|turn|38
|
|t:|1779883956
|move|p2a: Ceruledge|Swords Dance|p2a: Ceruledge
|-boost|p2a: Ceruledge|atk|2
|cant|p1a: The King|slp
|
|-weather|RainDance|[upkeep]
|-damage|p2a: Ceruledge|7/100 psn|[from] psn
|upkeep
|turn|39
|
|t:|1779883962
|move|p2a: Ceruledge|Poltergeist|p1a: The King
|-activate|p1a: The King|move: Poltergeist|Damp Rock
|-damage|p1a: The King|9/100 slp
|cant|p1a: The King|slp
|
|-weather|RainDance|[upkeep]
|-damage|p2a: Ceruledge|0 fnt|[from] psn
|faint|p2a: Ceruledge
|upkeep
|
|t:|1779883970
|switch|p2a: Moltres|Moltres-Galar, shiny|54/100
|turn|40
|
|t:|1779883972
|move|p2a: Moltres|Fiery Wrath|p1a: The King
|-damage|p1a: The King|0 fnt
|faint|p1a: The King
|
|-weather|RainDance|[upkeep]
|upkeep
|
|t:|1779883977
|switch|p1a: Juan|Ludicolo, M|87/100
|turn|41
|
|t:|1779883983
|move|p1a: Juan|Hydro Pump|p2a: Moltres|[miss]
|-miss|p1a: Juan|p2a: Moltres
|move|p2a: Moltres|Nasty Plot|p2a: Moltres
|-boost|p2a: Moltres|spa|2
|
|-weather|RainDance|[upkeep]
|upkeep
|turn|42
|
|t:|1779883990
|move|p1a: Juan|Hydro Pump|p2a: Moltres
|-damage|p2a: Moltres|0 fnt
|faint|p2a: Moltres
|-damage|p1a: Juan|77/100|[from] item: Life Orb
|
|win|TheGamingPolitoed
|raw|TheGamingPolitoed's rating: 1305 &rarr; <strong>1327</strong><br />(+22 for winning)
|raw|Luisowbro's rating: 1332 &rarr; <strong>1310</strong><br />(-22 for losing)
|c|☆TheGamingPolitoed|Gg
|l|☆TheGamingPolitoed
|player|p1|
|c|☆Luisowbro|GG
|l|☆Luisowbro
|player|p2|
