|j|☆prepare 4 die
|j|☆prakshep
|t:|1779958248
|gametype|singles
|player|p1|prepare 4 die|wallace|1434
|player|p2|prakshep|nate|1462
|gen|9
|tier|[Gen 9] OU
|rated|
|rule|HP Percentage Mod: HP is shown in percentages
|rule|Endless Battle Clause: Forcing endless battles is banned
|rule|Species Clause: Limit one of each Pokémon
|rule|OHKO Clause: OHKO moves are banned
|rule|Evasion Items Clause: Evasion items are banned
|rule|Evasion Moves Clause: Evasion moves are banned
|rule|Evasion Abilities Clause: Evasion abilities are banned
|rule|Sleep Moves Clause: Sleep-inducing moves are banned
|clearpoke
|poke|p1|Palossand, M|
|poke|p1|Iron Crown|
|poke|p1|Ogerpon-Wellspring, F|
|poke|p1|Glimmora, M|
|poke|p1|Tyranitar, F|
|poke|p1|Kyurem|
|poke|p2|Cinderace, F|
|poke|p2|Polteageist-Antique|
|poke|p2|Walking Wake|
|poke|p2|Zamazenta-*|
|poke|p2|Maushold-Four|
|poke|p2|Glimmora, F|
|teampreview
|inactive|Battle timer is ON: inactive players will automatically lose when time's up. (requested by prakshep)
|inactive|prepare 4 die has 120 seconds left.
|
|t:|1779958294
|teamsize|p1|6
|teamsize|p2|6
|start
|switch|p1a: Ogerpon|Ogerpon-Wellspring, F|100/100
|switch|p2a: Cinderace|Cinderace, F, shiny|100/100
|turn|1
|
|t:|1779958297
|switch|p1a: Glimmora|Glimmora, M|100/100
|move|p2a: Cinderace|High Jump Kick|p1a: Glimmora
|-start|p2a: Cinderace|typechange|Fighting|[from] ability: Libero
|-damage|p1a: Glimmora|27/100
|-activate|p1a: Glimmora|ability: Toxic Debris
|-sidestart|p2: prakshep|move: Toxic Spikes
|
|upkeep
|turn|2
|
|t:|1779958303
|switch|p1a: Palossand|Palossand, M|100/100
|move|p2a: Cinderace|Pyro Ball|p1a: Palossand
|-damage|p1a: Palossand|73/100
|
|upkeep
|turn|3
|
|t:|1779958312
|move|p2a: Cinderace|Sucker Punch|p1a: Palossand
|-supereffective|p1a: Palossand
|-damage|p1a: Palossand|35/100
|-enditem|p1a: Palossand|Weakness Policy
|-boost|p1a: Palossand|atk|2|[from] item: Weakness Policy
|-boost|p1a: Palossand|spa|2|[from] item: Weakness Policy
|move|p1a: Palossand|Earth Power|p2a: Cinderace
|-crit|p2a: Cinderace
|-damage|p2a: Cinderace|0 fnt
|faint|p2a: Cinderace
|
|upkeep
|
|t:|1779958320
|switch|p2a: Glimmora|Glimmora, F, shiny|100/100
|-sideend|p2: prakshep|move: Toxic Spikes|[of] p2a: Glimmora
|turn|4
|
|t:|1779958335
|move|p2a: Glimmora|Meteor Beam||[still]
|-prepare|p2a: Glimmora|Meteor Beam
|-boost|p2a: Glimmora|spa|1
|-enditem|p2a: Glimmora|Power Herb
|-anim|p2a: Glimmora|Meteor Beam|p1a: Palossand
|-resisted|p1a: Palossand
|-damage|p1a: Palossand|0 fnt
|faint|p1a: Palossand
|
|upkeep
|
|t:|1779958342
|switch|p1a: Iron Crown|Iron Crown|100/100
|turn|5
|
|t:|1779958347
|switch|p2a: Zamazenta|Zamazenta, shiny|100/100
|-ability|p2a: Zamazenta|Dauntless Shield|boost
|-boost|p2a: Zamazenta|def|1
|move|p1a: Iron Crown|Tachyon Cutter|p2a: Zamazenta
|-damage|p2a: Zamazenta|67/100
|-damage|p2a: Zamazenta|30/100
|-hitcount|p2a: Zamazenta|2
|
|-heal|p2a: Zamazenta|36/100|[from] item: Leftovers
|upkeep
|turn|6
|
|t:|1779958356
|move|p2a: Zamazenta|Crunch|p1a: Iron Crown
|-supereffective|p1a: Iron Crown
|-damage|p1a: Iron Crown|55/100
|move|p1a: Iron Crown|Tachyon Cutter|p2a: Zamazenta
|-damage|p2a: Zamazenta|3/100
|-damage|p2a: Zamazenta|0 fnt
|faint|p2a: Zamazenta
|-hitcount|p2: Zamazenta|2
|
|upkeep
|
|t:|1779958362
|switch|p2a: Walking Wake|Walking Wake|100/100
|-enditem|p2a: Walking Wake|Booster Energy
|-activate|p2a: Walking Wake|ability: Protosynthesis|[fromitem]
|-start|p2a: Walking Wake|protosynthesisspa
|turn|7
|inactive|prepare 4 die has 120 seconds left.
|
|t:|1779958394
|-end|p1a: Iron Crown|Quark Drive|[silent]
|switch|p1a: Glimmora|Glimmora, M|27/100
|move|p2a: Walking Wake|Hydro Steam|p1a: Glimmora
|-supereffective|p1a: Glimmora
|-damage|p1a: Glimmora|0 fnt
|faint|p1a: Glimmora
|
|upkeep
|inactive|prepare 4 die has 120 seconds left.
|
|t:|1779958404
|switch|p1a: Tyranitar|Tyranitar, F|100/100
|-weather|Sandstorm|[from] ability: Sand Stream|[of] p1a: Tyranitar
|turn|8
|inactive|prepare 4 die has 120 seconds left.
|
|t:|1779958414
|move|p2a: Walking Wake|Hydro Steam|p1a: Tyranitar
|-supereffective|p1a: Tyranitar
|-damage|p1a: Tyranitar|27/100
|move|p1a: Tyranitar|Stone Edge|p2a: Walking Wake
|-damage|p2a: Walking Wake|11/100
|
|-weather|Sandstorm|[upkeep]
|-damage|p2a: Walking Wake|5/100|[from] Sandstorm
|upkeep
|turn|9
|
|t:|1779958422
|move|p2a: Walking Wake|Hydro Steam|p1a: Tyranitar
|-supereffective|p1a: Tyranitar
|-damage|p1a: Tyranitar|0 fnt
|faint|p1a: Tyranitar
|
|-weather|Sandstorm|[upkeep]
|-damage|p2a: Walking Wake|0 fnt|[from] Sandstorm
|faint|p2a: Walking Wake
|-end|p2a: Walking Wake|Protosynthesis|[silent]
|upkeep
|inactive|prepare 4 die has 120 seconds left.
|
|t:|1779958447
|switch|p2a: Maushold|Maushold-Four, shiny|100/100
|switch|p1a: Iron Crown|Iron Crown|55/100
|turn|10
|
|t:|1779958461
|-terastallize|p2a: Maushold|Ghost
|-terastallize|p1a: Iron Crown|Steel
|move|p2a: Maushold|Tidy Up|p2a: Maushold
|-boost|p2a: Maushold|atk|1
|-boost|p2a: Maushold|spe|1
|move|p1a: Iron Crown|Tachyon Cutter|p2a: Maushold
|-damage|p2a: Maushold|30/100
|-damage|p2a: Maushold|0 fnt
|faint|p2a: Maushold
|-hitcount|p2: Maushold|2
|
|-weather|Sandstorm|[upkeep]
|upkeep
|
|t:|1779958471
|switch|p2a: Polteageist|Polteageist-Antique|100/100
|turn|11
|
|t:|1779958475
|move|p1a: Iron Crown|Tachyon Cutter|p2a: Polteageist
|-damage|p2a: Polteageist|42/100
|-damage|p2a: Polteageist|0 fnt
|faint|p2a: Polteageist
|-hitcount|p2: Polteageist|2
|
|-weather|Sandstorm|[upkeep]
|upkeep
|
|t:|1779958477
|switch|p2a: Glimmora|Glimmora, F, shiny|100/100
|turn|12
|
|t:|1779958479
|move|p1a: Iron Crown|Tachyon Cutter|p2a: Glimmora
|-supereffective|p2a: Glimmora
|-damage|p2a: Glimmora|13/100
|-supereffective|p2a: Glimmora
|-damage|p2a: Glimmora|0 fnt
|faint|p2a: Glimmora
|-hitcount|p2: Glimmora|2
|
|win|prepare 4 die
|raw|prepare 4 die's rating: 1434 &rarr; <strong>1456</strong><br />(+22 for winning)
|raw|prakshep's rating: 1462 &rarr; <strong>1440</strong><br />(-22 for losing)
|l|☆prakshep
|player|p2|
|l|☆prepare 4 die
|player|p1|
