|j|☆prakshep
|j|☆cloud and storm
|t:|1779962873
|gametype|singles
|player|p1|prakshep|nate|1432
|player|p2|cloud and storm|ninjaboy|1435
|gen|9
|tier|[Gen 9] OU
|rated|
|rule|HP Percentage Mod: HP is shown in percentages
|rule|Endless Battle Clause: Forcing endless battles is banned
|rule|Species Clause: Limit one of each Pokémon
|rule|OHKO Clause: OHKO moves are banned
|rule|Evasion Items Clause: Evasion items are banned
|rule|Evasion Moves Clause: Evasion moves are banned
|rule|Evasion Abilities Clause: Evasion abilities are banned
|rule|Sleep Moves Clause: Sleep-inducing moves are banned
|clearpoke
|poke|p1|Iron Crown|
|poke|p1|Iron Moth|
|poke|p1|Great Tusk|
|poke|p1|Polteageist-Antique|
|poke|p1|Rillaboom, M|
|poke|p1|Dragonite, M|
|poke|p2|Pelipper, L99, F|
|poke|p2|Pecharunt|
|poke|p2|Keldeo|
|poke|p2|Iron Treads|
|poke|p2|Barraskewda, F|
|poke|p2|Raging Bolt|
|teampreview
|inactive|Battle timer is ON: inactive players will automatically lose when time's up. (requested by cloud and storm)
|inactive|prakshep also wants the timer to be on.
|
|t:|1779962886
|teamsize|p1|6
|teamsize|p2|6
|start
|switch|p1a: Dragonite|Dragonite, M|100/100
|switch|p2a: Pecharunt|Pecharunt|100/100
|turn|1
|
|t:|1779962890
|switch|p1a: Iron Crown|Iron Crown|100/100
|-enditem|p1a: Iron Crown|Booster Energy
|-activate|p1a: Iron Crown|ability: Quark Drive|[fromitem]
|-start|p1a: Iron Crown|quarkdrivespe
|move|p2a: Pecharunt|Toxic|p1a: Iron Crown
|-immune|p1a: Iron Crown
|
|upkeep
|turn|2
|
|t:|1779962897
|switch|p2a: Iron Treads|Iron Treads|100/100
|move|p1a: Iron Crown|Calm Mind|p1a: Iron Crown
|-boost|p1a: Iron Crown|spa|1
|-boost|p1a: Iron Crown|spd|1
|
|upkeep
|turn|3
|
|t:|1779962901
|move|p1a: Iron Crown|Focus Blast|p2a: Iron Treads
|-supereffective|p2a: Iron Treads
|-damage|p2a: Iron Treads|0 fnt
|faint|p2a: Iron Treads
|-end|p2a: Iron Treads|Quark Drive|[silent]
|
|upkeep
|
|t:|1779962907
|switch|p2a: Pelipper|Pelipper, L99, F|100/100
|-weather|RainDance|[from] ability: Drizzle|[of] p2a: Pelipper
|turn|4
|
|t:|1779962913
|move|p1a: Iron Crown|Psychic|p2a: Pelipper
|-damage|p2a: Pelipper|37/100
|move|p2a: Pelipper|U-turn|p1a: Iron Crown
|-damage|p1a: Iron Crown|91/100
|l|☆cloud and storm
|inactive|cloud and storm disconnected and has a minute to reconnect!
|player|p2|
|j|☆cloud and storm
|inactive|cloud and storm reconnected and has 135 seconds left.
|player|p2|cloud and storm|ninjaboy|
|inactive|cloud and storm has 120 seconds left.
|
|t:|1779962953
|switch|p2a: Barraskewda|Barraskewda, F|100/100|[from] U-turn
|
|-weather|RainDance|[upkeep]
|upkeep
|turn|5
|l|☆cloud and storm
|inactive|cloud and storm disconnected and has a minute to reconnect!
|player|p2|
|j|☆cloud and storm
|inactive|cloud and storm reconnected and has 110 seconds left.
|player|p2|cloud and storm|ninjaboy|
|
|t:|1779962980
|-terastallize|p2a: Barraskewda|Water
|move|p2a: Barraskewda|Liquidation|p1a: Iron Crown
|-damage|p1a: Iron Crown|0 fnt
|faint|p1a: Iron Crown
|-end|p1a: Iron Crown|Quark Drive|[silent]
|
|-weather|RainDance|[upkeep]
|upkeep
|inactive|prakshep has 120 seconds left.
|inactive|prakshep has 90 seconds left.
|
|t:|1779963039
|switch|p1a: Rillaboom|Rillaboom, M|100/100
|-fieldstart|move: Grassy Terrain|[from] ability: Grassy Surge|[of] p1a: Rillaboom
|turn|6
|
|t:|1779963051
|switch|p2a: Pecharunt|Pecharunt|100/100
|move|p1a: Rillaboom|U-turn|p2a: Pecharunt
|-resisted|p2a: Pecharunt
|-damage|p2a: Pecharunt|96/100
|inactive|prakshep has 90 seconds left.
|
|t:|1779963076
|switch|p1a: Great Tusk|Great Tusk, shiny|100/100|[from] U-turn
|-enditem|p1a: Great Tusk|Booster Energy
|-activate|p1a: Great Tusk|ability: Protosynthesis|[fromitem]
|-start|p1a: Great Tusk|protosynthesisatk
|
|-weather|RainDance|[upkeep]
|-heal|p2a: Pecharunt|100/100|[from] Grassy Terrain
|upkeep
|turn|7
|
|t:|1779963081
|move|p1a: Great Tusk|Earthquake|p2a: Pecharunt
|-supereffective|p2a: Pecharunt
|-damage|p2a: Pecharunt|68/100
|move|p2a: Pecharunt|Toxic|p1a: Great Tusk
|-status|p1a: Great Tusk|tox
|-start|p1a: Great Tusk|confusion|[from] ability: Poison Puppeteer|[of] p2a: Pecharunt
|
|-weather|RainDance|[upkeep]
|-heal|p2a: Pecharunt|74/100|[from] Grassy Terrain
|-damage|p1a: Great Tusk|94/100 tox|[from] psn
|upkeep
|turn|8
|
|t:|1779963087
|-end|p1a: Great Tusk|Protosynthesis|[silent]
|switch|p1a: Rillaboom|Rillaboom, M|100/100
|move|p2a: Pecharunt|Recover|p2a: Pecharunt
|-heal|p2a: Pecharunt|100/100
|
|-weather|RainDance|[upkeep]
|upkeep
|turn|9
|
|t:|1779963096
|move|p1a: Rillaboom|U-turn|p2a: Pecharunt
|-resisted|p2a: Pecharunt
|-damage|p2a: Pecharunt|96/100
|
|t:|1779963101
|switch|p1a: Great Tusk|Great Tusk, shiny|94/100 tox|[from] U-turn
|move|p2a: Pecharunt|Toxic|p1a: Great Tusk
|-fail|p1a: Great Tusk|tox
|
|-weather|RainDance|[upkeep]
|-heal|p1a: Great Tusk|100/100 tox|[from] Grassy Terrain
|-heal|p2a: Pecharunt|100/100|[from] Grassy Terrain
|-damage|p1a: Great Tusk|94/100 tox|[from] psn
|upkeep
|turn|10
|
|t:|1779963106
|move|p1a: Great Tusk|Earthquake|p2a: Pecharunt
|-supereffective|p2a: Pecharunt
|-damage|p2a: Pecharunt|77/100
|move|p2a: Pecharunt|Foul Play|p1a: Great Tusk
|-resisted|p1a: Great Tusk
|-damage|p1a: Great Tusk|82/100 tox
|
|-weather|RainDance|[upkeep]
|-heal|p1a: Great Tusk|88/100 tox|[from] Grassy Terrain
|-heal|p2a: Pecharunt|83/100|[from] Grassy Terrain
|-damage|p1a: Great Tusk|76/100 tox|[from] psn
|-fieldend|move: Grassy Terrain
|upkeep
|turn|11
|inactive|prakshep has 120 seconds left.
|
|t:|1779963122
|move|p1a: Great Tusk|Earthquake|p2a: Pecharunt
|-supereffective|p2a: Pecharunt
|-damage|p2a: Pecharunt|35/100
|move|p2a: Pecharunt|Recover|p2a: Pecharunt
|-heal|p2a: Pecharunt|85/100
|
|-weather|none
|-damage|p1a: Great Tusk|57/100 tox|[from] psn
|upkeep
|turn|12
|
|t:|1779963129
|move|p1a: Great Tusk|Earthquake|p2a: Pecharunt
|-supereffective|p2a: Pecharunt
|-damage|p2a: Pecharunt|41/100
|move|p2a: Pecharunt|Recover|p2a: Pecharunt
|-heal|p2a: Pecharunt|91/100
|
|-damage|p1a: Great Tusk|33/100 tox|[from] psn
|upkeep
|turn|13
|
|t:|1779963136
|switch|p2a: Pelipper|Pelipper, L99, F|37/100
|-weather|RainDance|[from] ability: Drizzle|[of] p2a: Pelipper
|move|p1a: Great Tusk|Earthquake|p2a: Pelipper
|-immune|p2a: Pelipper
|
|-weather|RainDance|[upkeep]
|-damage|p1a: Great Tusk|2/100 tox|[from] psn
|upkeep
|turn|14
|
|t:|1779963147
|switch|p2a: Pecharunt|Pecharunt|91/100
|move|p1a: Great Tusk|Ice Spinner|p2a: Pecharunt
|-crit|p2a: Pecharunt
|-damage|p2a: Pecharunt|70/100
|
|-weather|RainDance|[upkeep]
|-damage|p1a: Great Tusk|0 fnt|[from] psn
|faint|p1a: Great Tusk
|-end|p1a: Great Tusk|Protosynthesis|[silent]
|upkeep
|
|t:|1779963156
|switch|p1a: Iron Moth|Iron Moth|100/100
|-enditem|p1a: Iron Moth|Booster Energy
|-activate|p1a: Iron Moth|ability: Quark Drive|[fromitem]
|-start|p1a: Iron Moth|quarkdrivespe
|turn|15
|
|t:|1779963162
|move|p1a: Iron Moth|Fiery Dance|p2a: Pecharunt
|-damage|p2a: Pecharunt|31/100
|move|p2a: Pecharunt|Parting Shot|p1a: Iron Moth
|-unboost|p1a: Iron Moth|atk|1
|-unboost|p1a: Iron Moth|spa|1
|
|t:|1779963173
|switch|p2a: Raging Bolt|Raging Bolt|100/100|[from] Parting Shot
|-enditem|p2a: Raging Bolt|Booster Energy
|-activate|p2a: Raging Bolt|ability: Protosynthesis|[fromitem]
|-start|p2a: Raging Bolt|protosynthesisspa
|
|-weather|RainDance|[upkeep]
|upkeep
|turn|16
|
|t:|1779963177
|move|p1a: Iron Moth|Dazzling Gleam|p2a: Raging Bolt
|-supereffective|p2a: Raging Bolt
|-damage|p2a: Raging Bolt|66/100
|move|p2a: Raging Bolt|Weather Ball|p1a: Iron Moth
|-supereffective|p1a: Iron Moth
|-damage|p1a: Iron Moth|0 fnt
|faint|p1a: Iron Moth
|-end|p1a: Iron Moth|Quark Drive|[silent]
|
|-weather|RainDance|[upkeep]
|upkeep
|
|t:|1779963195
|switch|p1a: Rillaboom|Rillaboom, M|100/100
|-fieldstart|move: Grassy Terrain|[from] ability: Grassy Surge|[of] p1a: Rillaboom
|turn|17
|
|t:|1779963203
|move|p1a: Rillaboom|Wood Hammer|p2a: Raging Bolt
|-resisted|p2a: Raging Bolt
|-damage|p2a: Raging Bolt|2/100
|-damage|p1a: Rillaboom|76/100|[from] Recoil
|move|p2a: Raging Bolt|Dragon Pulse|p1a: Rillaboom
|-damage|p1a: Rillaboom|0 fnt
|faint|p1a: Rillaboom
|
|-weather|RainDance|[upkeep]
|-heal|p2a: Raging Bolt|8/100|[from] Grassy Terrain
|upkeep
|
|t:|1779963208
|switch|p1a: Dragonite|Dragonite, M|100/100
|turn|18
|
|t:|1779963212
|move|p1a: Dragonite|Extreme Speed|p2a: Raging Bolt
|-damage|p2a: Raging Bolt|0 fnt
|faint|p2a: Raging Bolt
|-end|p2a: Raging Bolt|Protosynthesis|[silent]
|
|-weather|RainDance|[upkeep]
|upkeep
|
|t:|1779963224
|switch|p2a: Keldeo|Keldeo|100/100
|turn|19
|
|t:|1779963227
|move|p2a: Keldeo|Hydro Pump|p1a: Dragonite|[miss]
|-miss|p2a: Keldeo|p1a: Dragonite
|move|p1a: Dragonite|Dragon Dance|p1a: Dragonite
|-boost|p1a: Dragonite|atk|1
|-boost|p1a: Dragonite|spe|1
|
|-weather|RainDance|[upkeep]
|upkeep
|turn|20
|
|t:|1779963237
|move|p1a: Dragonite|Dragon Dance|p1a: Dragonite
|-boost|p1a: Dragonite|atk|1
|-boost|p1a: Dragonite|spe|1
|move|p2a: Keldeo|Hydro Pump|p1a: Dragonite
|-resisted|p1a: Dragonite
|-damage|p1a: Dragonite|65/100
|
|-weather|none
|upkeep
|turn|21
|l|☆cloud and storm
|inactive|cloud and storm disconnected and has a minute to reconnect!
|player|p2|
|inactive|cloud and storm has 30 seconds to reconnect!
|l|☆prakshep
|inactive|prakshep disconnected and has a minute to reconnect!
|player|p1|
|inactive|cloud and storm has 20 seconds to reconnect!
|j|☆prakshep
|inactive|prakshep reconnected.
|player|p1|prakshep|nate|
|j|☆cloud and storm
|inactive|cloud and storm reconnected and has 100 seconds left.
|player|p2|cloud and storm|ninjaboy|
|inactive|cloud and storm has 90 seconds left.
|
|t:|1779963300
|switch|p2a: Pelipper|Pelipper, L99, F|37/100
|-weather|RainDance|[from] ability: Drizzle|[of] p2a: Pelipper
|move|p1a: Dragonite|Thunder Punch|p2a: Pelipper
|-supereffective|p2a: Pelipper
|-damage|p2a: Pelipper|0 fnt
|faint|p2a: Pelipper
|
|-weather|RainDance|[upkeep]
|-fieldend|move: Grassy Terrain
|upkeep
|inactive|cloud and storm has 90 seconds left.
|
|t:|1779963310
|switch|p2a: Pecharunt|Pecharunt|31/100
|turn|22
|
|t:|1779963313
|move|p1a: Dragonite|Dragon Claw|p2a: Pecharunt
|-damage|p2a: Pecharunt|0 fnt
|faint|p2a: Pecharunt
|
|-weather|RainDance|[upkeep]
|upkeep
|inactive|cloud and storm has 90 seconds left.
|
|t:|1779963326
|switch|p2a: Keldeo|Keldeo|100/100
|turn|23
|
|t:|1779963332
|move|p1a: Dragonite|Thunder Punch|p2a: Keldeo
|-supereffective|p2a: Keldeo
|-crit|p2a: Keldeo
|-damage|p2a: Keldeo|0 fnt
|faint|p2a: Keldeo
|
|-weather|RainDance|[upkeep]
|upkeep
|
|t:|1779963337
|switch|p2a: Barraskewda|Barraskewda, F, tera:Water|100/100
|turn|24
|
|t:|1779963341
|-terastallize|p1a: Dragonite|Normal
|move|p1a: Dragonite|Extreme Speed|p2a: Barraskewda
|-damage|p2a: Barraskewda|0 fnt
|faint|p2a: Barraskewda
|
|win|prakshep
|raw|prakshep's rating: 1456 &rarr; <strong>1475</strong><br />(+19 for winning)
|raw|cloud and storm's rating: 1435 &rarr; <strong>1416</strong><br />(-19 for losing)
|l|☆prakshep
|player|p1|
|j| fulls
|l| fulls
