|j|☆zhajdhsjdh+£✓°
|j|☆alksdjguzb
|t:|1779928721
|gametype|singles
|player|p1|zhajdhsjdh+£✓°|101|1159
|player|p2|alksdjguzb|102|1182
|gen|9
|tier|[Gen 9] OU
|rated|
|rule|HP Percentage Mod: HP is shown in percentages
|rule|Endless Battle Clause: Forcing endless battles is banned
|rule|Species Clause: Limit one of each Pokémon
|rule|OHKO Clause: OHKO moves are banned
|rule|Evasion Items Clause: Evasion items are banned
|rule|Evasion Moves Clause: Evasion moves are banned
|rule|Evasion Abilities Clause: Evasion abilities are banned
|rule|Sleep Moves Clause: Sleep-inducing moves are banned
|clearpoke
|poke|p1|Arcanine, M|
|poke|p1|Dondozo, M|
|poke|p1|Corviknight, M|
|poke|p1|Clodsire, M|
|poke|p1|Dragapult, F|
|poke|p1|Darkrai|
|poke|p2|Wo-Chien|
|poke|p2|Cinderace, F|
|poke|p2|Metagross|
|poke|p2|Kyurem|
|poke|p2|Primarina, M|
|poke|p2|Terrakion|
|teampreview
|
|t:|1779928733
|teamsize|p1|6
|teamsize|p2|6
|start
|switch|p1a: Dragapult|Dragapult, F|100/100
|switch|p2a: Metagross|Metagross|100/100
|turn|1
|
|t:|1779928739
|move|p1a: Dragapult|U-turn|p2a: Metagross
|-damage|p2a: Metagross|87/100
|inactive|Battle timer is ON: inactive players will automatically lose when time's up. (requested by alksdjguzb)
|
|t:|1779928743
|switch|p1a: Corviknight|Corviknight, M|100/100|[from] U-turn
|move|p2a: Metagross|Knock Off|p1a: Corviknight
|-damage|p1a: Corviknight|78/100
|-damage|p2a: Metagross|71/100|[from] item: Rocky Helmet|[of] p1a: Corviknight
|-enditem|p1a: Corviknight|Rocky Helmet|[from] move: Knock Off|[of] p2a: Metagross
|
|upkeep
|turn|2
|
|t:|1779928753
|move|p2a: Metagross|Stealth Rock|p1a: Corviknight
|-sidestart|p1: zhajdhsjdh+£✓°|move: Stealth Rock
|move|p1a: Corviknight|U-turn|p2a: Metagross
|-damage|p2a: Metagross|59/100
|
|t:|1779928759
|switch|p1a: Darkrai|Darkrai|100/100|[from] U-turn
|-damage|p1a: Darkrai|88/100|[from] Stealth Rock
|
|upkeep
|turn|3
|
|t:|1779928765
|switch|p2a: Terrakion|Terrakion|100/100
|move|p1a: Darkrai|Trick|p2a: Terrakion
|-activate|p1a: Darkrai|move: Trick|[of] p2a: Terrakion
|-item|p2a: Terrakion|Choice Scarf|[from] move: Trick
|-item|p1a: Darkrai|Assault Vest|[from] move: Trick
|
|upkeep
|turn|4
|inactive|alksdjguzb has 120 seconds left.
|
|t:|1779928796
|switch|p1a: Corviknight|Corviknight, M|78/100
|-damage|p1a: Corviknight|66/100|[from] Stealth Rock
|move|p2a: Terrakion|Close Combat|p1a: Corviknight
|-damage|p1a: Corviknight|31/100
|-unboost|p2a: Terrakion|def|1
|-unboost|p2a: Terrakion|spd|1
|
|upkeep
|turn|5
|inactive|alksdjguzb has 120 seconds left.
|
|t:|1779928810
|switch|p2a: Primarina|Primarina, M|100/100
|switch|p1a: Dragapult|Dragapult, F|100/100
|-damage|p1a: Dragapult|88/100|[from] Stealth Rock
|
|upkeep
|turn|6
|inactive|alksdjguzb has 120 seconds left.
|
|t:|1779928821
|move|p1a: Dragapult|U-turn|p2a: Primarina
|-resisted|p2a: Primarina
|-damage|p2a: Primarina|86/100
|
|t:|1779928824
|switch|p1a: Clodsire|Clodsire, M|100/100|[from] U-turn
|-damage|p1a: Clodsire|94/100|[from] Stealth Rock
|move|p2a: Primarina|Moonblast|p1a: Clodsire
|-resisted|p1a: Clodsire
|-damage|p1a: Clodsire|74/100
|-unboost|p1a: Clodsire|spa|1
|
|-heal|p1a: Clodsire|80/100|[from] item: Black Sludge
|upkeep
|turn|7
|
|t:|1779928838
|switch|p2a: Metagross|Metagross|59/100
|move|p1a: Clodsire|Toxic|p2a: Metagross
|-immune|p2a: Metagross
|
|-heal|p1a: Clodsire|86/100|[from] item: Black Sludge
|upkeep
|turn|8
|
|t:|1779928849
|switch|p1a: Corviknight|Corviknight, M|31/100
|-damage|p1a: Corviknight|19/100|[from] Stealth Rock
|move|p2a: Metagross|Knock Off|p1a: Corviknight
|-damage|p1a: Corviknight|5/100
|
|upkeep
|turn|9
|
|t:|1779928860
|move|p2a: Metagross|Heavy Slam|p1a: Corviknight
|-resisted|p1a: Corviknight
|-damage|p1a: Corviknight|0 fnt
|faint|p1a: Corviknight
|
|upkeep
|-message|zhajdhsjdh+£✓° forfeited.
|
|win|alksdjguzb
|raw|zhajdhsjdh+£✓°'s rating: 1159 &rarr; <strong>1136</strong><br />(-23 for losing)
|raw|alksdjguzb's rating: 1182 &rarr; <strong>1205</strong><br />(+23 for winning)
|l|☆zhajdhsjdh+£✓°
|player|p1|
|l|☆alksdjguzb
|player|p2|
