|j|☆shauli
|j|☆Raxthos
|t:|1779919280
|gametype|singles
|player|p1|shauli|102|1000
|player|p2|Raxthos|colress|1020
|gen|9
|tier|[Gen 9] OU
|rated|
|rule|HP Percentage Mod: HP is shown in percentages
|rule|Endless Battle Clause: Forcing endless battles is banned
|rule|Species Clause: Limit one of each Pokémon
|rule|OHKO Clause: OHKO moves are banned
|rule|Evasion Items Clause: Evasion items are banned
|rule|Evasion Moves Clause: Evasion moves are banned
|rule|Evasion Abilities Clause: Evasion abilities are banned
|rule|Sleep Moves Clause: Sleep-inducing moves are banned
|clearpoke
|poke|p1|Meowscarada, M|
|poke|p1|Ceruledge, M|
|poke|p1|Greninja-*, M|
|poke|p1|Lucario, F|
|poke|p1|Lycanroc-Dusk, M|
|poke|p1|Haxorus, F|
|poke|p2|Slowking-Galar, F|
|poke|p2|Wo-Chien|
|poke|p2|Darkrai|
|poke|p2|Hydrapple, M|
|poke|p2|Gliscor, M|
|poke|p2|Kyurem|
|teampreview
|
|t:|1779919286
|teamsize|p1|6
|teamsize|p2|6
|start
|switch|p1a: Haxorus|Haxorus, F|100/100
|switch|p2a: Yang Turtle|Slowking-Galar, F|100/100
|-ability|p1a: Haxorus|Mold Breaker
|turn|1
|
|t:|1779919296
|move|p1a: Haxorus|Earthquake|p2a: Yang Turtle
|-supereffective|p2a: Yang Turtle
|-damage|p2a: Yang Turtle|20/100
|move|p2a: Yang Turtle|Trick|p1a: Haxorus
|-activate|p2a: Yang Turtle|move: Trick|[of] p1a: Haxorus
|-item|p1a: Haxorus|Black Sludge|[from] move: Trick
|-item|p2a: Yang Turtle|Razor Claw|[from] move: Trick
|
|-damage|p1a: Haxorus|88/100|[from] item: Black Sludge
|upkeep
|turn|2
|
|t:|1779919304
|switch|p2a: Gliscor|Gliscor, M, shiny|100/100
|move|p1a: Haxorus|Earthquake|p2a: Gliscor
|-immune|p2a: Gliscor
|
|-damage|p1a: Haxorus|76/100|[from] item: Black Sludge
|-status|p2a: Gliscor|tox|[from] item: Toxic Orb
|upkeep
|turn|3
|
|t:|1779919315
|move|p2a: Gliscor|Lunge|p1a: Haxorus
|-damage|p1a: Haxorus|47/100
|-unboost|p1a: Haxorus|atk|1
|move|p1a: Haxorus|Outrage|p2a: Gliscor
|-damage|p2a: Gliscor|54/100 tox
|
|-damage|p1a: Haxorus|35/100|[from] item: Black Sludge
|-heal|p2a: Gliscor|66/100 tox|[from] ability: Poison Heal
|upkeep
|turn|4
|
|t:|1779919326
|move|p2a: Gliscor|Earthquake|p1a: Haxorus
|-damage|p1a: Haxorus|0 fnt
|faint|p1a: Haxorus
|
|-heal|p2a: Gliscor|79/100 tox|[from] ability: Poison Heal
|upkeep
|
|t:|1779919332
|switch|p1a: Greninja|Greninja, M|100/100
|turn|5
|
|t:|1779919336
|move|p1a: Greninja|Hydro Pump|p2a: Gliscor
|-supereffective|p2a: Gliscor
|-damage|p2a: Gliscor|0 fnt
|faint|p2a: Gliscor
|-ability|p1a: Greninja|Battle Bond|boost
|-boost|p1a: Greninja|atk|1
|-boost|p1a: Greninja|spa|1
|-boost|p1a: Greninja|spe|1
|-activate|p1a: Greninja|ability: Battle Bond
|
|upkeep
|
|t:|1779919344
|switch|p2a: Wo-Chien|Wo-Chien, shiny|100/100
|-ability|p2a: Wo-Chien|Tablets of Ruin
|turn|6
|
|t:|1779919353
|move|p1a: Greninja|Sludge Wave|p2a: Wo-Chien
|-supereffective|p2a: Wo-Chien
|-damage|p2a: Wo-Chien|44/100
|move|p2a: Wo-Chien|Leech Seed|p1a: Greninja
|-start|p1a: Greninja|move: Leech Seed
|
|-heal|p2a: Wo-Chien|50/100|[from] item: Leftovers
|-damage|p1a: Greninja|88/100|[from] Leech Seed|[of] p2a: Wo-Chien
|-heal|p2a: Wo-Chien|60/100|[silent]
|upkeep
|turn|7
|
|t:|1779919362
|-terastallize|p2a: Wo-Chien|Poison
|move|p1a: Greninja|Sludge Wave|p2a: Wo-Chien
|-resisted|p2a: Wo-Chien
|-damage|p2a: Wo-Chien|48/100
|move|p2a: Wo-Chien|Light Screen|p2a: Wo-Chien
|-sidestart|p2: Raxthos|move: Light Screen
|
|-heal|p2a: Wo-Chien|55/100|[from] item: Leftovers
|-damage|p1a: Greninja|76/100|[from] Leech Seed|[of] p2a: Wo-Chien
|-heal|p2a: Wo-Chien|64/100|[silent]
|upkeep
|turn|8
|
|t:|1779919372
|move|p1a: Greninja|Hydro Pump|p2a: Wo-Chien
|-damage|p2a: Wo-Chien|46/100
|move|p2a: Wo-Chien|Reflect|p2a: Wo-Chien
|-sidestart|p2: Raxthos|Reflect
|
|-heal|p2a: Wo-Chien|52/100|[from] item: Leftovers
|-damage|p1a: Greninja|64/100|[from] Leech Seed|[of] p2a: Wo-Chien
|-heal|p2a: Wo-Chien|61/100|[silent]
|upkeep
|turn|9
|
|t:|1779919386
|switch|p1a: Lycanroc|Lycanroc-Dusk, M|100/100
|move|p2a: Wo-Chien|Knock Off|p1a: Lycanroc
|-damage|p1a: Lycanroc|55/100
|-enditem|p1a: Lycanroc|Life Orb|[from] move: Knock Off|[of] p2a: Wo-Chien
|
|-heal|p2a: Wo-Chien|67/100|[from] item: Leftovers
|upkeep
|turn|10
|
|t:|1779919396
|move|p2a: Wo-Chien|Leech Seed|p1a: Lycanroc
|-start|p1a: Lycanroc|move: Leech Seed
|move|p1a: Lycanroc|Counter||[still]
|-fail|p1a: Lycanroc
|
|-heal|p2a: Wo-Chien|73/100|[from] item: Leftovers
|-damage|p1a: Lycanroc|42/100|[from] Leech Seed|[of] p2a: Wo-Chien
|-heal|p2a: Wo-Chien|83/100|[silent]
|upkeep
|turn|11
|
|t:|1779919410
|move|p1a: Lycanroc|Rock Slide|p2a: Wo-Chien|[miss]
|-miss|p1a: Lycanroc|p2a: Wo-Chien
|move|p2a: Wo-Chien|Light Screen||[still]
|-fail|p2a: Wo-Chien
|
|-heal|p2a: Wo-Chien|89/100|[from] item: Leftovers
|-damage|p1a: Lycanroc|30/100|[from] Leech Seed|[of] p2a: Wo-Chien
|-heal|p2a: Wo-Chien|99/100|[silent]
|-sideend|p2: Raxthos|move: Light Screen
|upkeep
|turn|12
|
|t:|1779919418
|move|p1a: Lycanroc|Rock Slide|p2a: Wo-Chien
|-damage|p2a: Wo-Chien|86/100
|move|p2a: Wo-Chien|Light Screen|p2a: Wo-Chien
|-sidestart|p2: Raxthos|move: Light Screen
|
|-heal|p2a: Wo-Chien|92/100|[from] item: Leftovers
|-damage|p1a: Lycanroc|18/100|[from] Leech Seed|[of] p2a: Wo-Chien
|-heal|p2a: Wo-Chien|100/100|[silent]
|-sideend|p2: Raxthos|Reflect
|upkeep
|turn|13
|
|t:|1779919428
|move|p1a: Lycanroc|Rock Slide|p2a: Wo-Chien
|-damage|p2a: Wo-Chien|77/100
|move|p2a: Wo-Chien|Reflect|p2a: Wo-Chien
|-sidestart|p2: Raxthos|Reflect
|
|-heal|p2a: Wo-Chien|83/100|[from] item: Leftovers
|-damage|p1a: Lycanroc|5/100|[from] Leech Seed|[of] p2a: Wo-Chien
|-heal|p2a: Wo-Chien|93/100|[silent]
|upkeep
|turn|14
|
|t:|1779919436
|move|p1a: Lycanroc|Rock Slide|p2a: Wo-Chien
|-damage|p2a: Wo-Chien|80/100
|move|p2a: Wo-Chien|Light Screen||[still]
|-fail|p2a: Wo-Chien
|
|-heal|p2a: Wo-Chien|86/100|[from] item: Leftovers
|-damage|p1a: Lycanroc|0 fnt|[from] Leech Seed|[of] p2a: Wo-Chien
|-heal|p2a: Wo-Chien|90/100|[silent]
|faint|p1a: Lycanroc
|upkeep
|
|t:|1779919448
|switch|p1a: Meowscarada|Meowscarada, M|100/100
|turn|15
|
|t:|1779919462
|switch|p2a: Kyurem|Kyurem, shiny|100/100
|-ability|p2a: Kyurem|Pressure
|move|p1a: Meowscarada|Toxic Spikes|p2a: Kyurem
|-sidestart|p2: Raxthos|move: Toxic Spikes
|
|upkeep
|turn|16
|
|t:|1779919482
|switch|p1a: Ceruledge|Ceruledge, M|100/100
|move|p2a: Kyurem|Freeze-Dry|p1a: Ceruledge
|-resisted|p1a: Ceruledge
|-damage|p1a: Ceruledge|78/100
|
|-heal|p1a: Ceruledge|84/100|[from] item: Leftovers
|-sideend|p2: Raxthos|move: Light Screen
|upkeep
|turn|17
|
|t:|1779919493
|-terastallize|p1a: Ceruledge|Fire
|move|p1a: Ceruledge|Swords Dance|p1a: Ceruledge
|-boost|p1a: Ceruledge|atk|2
|move|p2a: Kyurem|Earth Power|p1a: Ceruledge
|-supereffective|p1a: Ceruledge
|-damage|p1a: Ceruledge|0 fnt
|faint|p1a: Ceruledge
|
|-sideend|p2: Raxthos|Reflect
|upkeep
|
|t:|1779919502
|switch|p1a: Lucario|Lucario, F|100/100
|turn|18
|
|t:|1779919506
|move|p1a: Lucario|Aura Sphere|p2a: Kyurem
|-supereffective|p2a: Kyurem
|-damage|p2a: Kyurem|58/100
|move|p2a: Kyurem|Earth Power|p1a: Lucario
|-supereffective|p1a: Lucario
|-damage|p1a: Lucario|0 fnt
|faint|p1a: Lucario
|
|upkeep
|
|t:|1779919515
|switch|p1a: Greninja|Greninja, M|64/100
|turn|19
|
|t:|1779919521
|move|p1a: Greninja|Sludge Wave|p2a: Kyurem
|-damage|p2a: Kyurem|42/100
|move|p2a: Kyurem|Freeze-Dry|p1a: Greninja
|-supereffective|p1a: Greninja
|-damage|p1a: Greninja|0 fnt
|faint|p1a: Greninja
|
|upkeep
|
|t:|1779919528
|switch|p1a: Meowscarada|Meowscarada, M|100/100
|turn|20
|
|t:|1779919533
|move|p1a: Meowscarada|Dark Pulse|p2a: Kyurem
|-damage|p2a: Kyurem|29/100
|move|p2a: Kyurem|Freeze-Dry|p1a: Meowscarada
|-supereffective|p1a: Meowscarada
|-damage|p1a: Meowscarada|0 fnt
|faint|p1a: Meowscarada
|
|win|Raxthos
|raw|shauli's rating: 1000 &rarr; <strong>1000</strong><br />(+0 for losing)
|raw|Raxthos's rating: 1020 &rarr; <strong>1055</strong><br />(+35 for winning)
