|j|☆KC177
|j|☆rasb
|t:|1779817182
|gametype|singles
|player|p1|KC177|unknown|1404
|player|p2|rasb|169|1462
|gen|9
|tier|[Gen 9] OU
|rated|
|rule|HP Percentage Mod: HP is shown in percentages
|rule|Endless Battle Clause: Forcing endless battles is banned
|rule|Species Clause: Limit one of each Pokémon
|rule|OHKO Clause: OHKO moves are banned
|rule|Evasion Items Clause: Evasion items are banned
|rule|Evasion Moves Clause: Evasion moves are banned
|rule|Evasion Abilities Clause: Evasion abilities are banned
|rule|Sleep Moves Clause: Sleep-inducing moves are banned
|clearpoke
|poke|p1|Mew|
|poke|p1|Zapdos|
|poke|p1|Moltres|
|poke|p1|Iron Treads|
|poke|p1|Dragapult, M|
|poke|p1|Ogerpon-Wellspring, F|
|poke|p2|Ceruledge, M|
|poke|p2|Raging Bolt|
|poke|p2|Ogerpon-Wellspring, F|
|poke|p2|Darkrai|
|poke|p2|Great Tusk|
|poke|p2|Gholdengo|
|teampreview
|inactive|Battle timer is ON: inactive players will automatically lose when time's up. (requested by rasb)
|j| Horse Girlie
|inactive|KC177 has 120 seconds left.
|inactive|KC177 has 90 seconds left.
|
|t:|1779817270
|teamsize|p1|6
|teamsize|p2|6
|start
|switch|p1a: Dragapult|Dragapult, M|100/100
|switch|p2a: Darkrai|Darkrai|100/100
|turn|1
|
|t:|1779817275
|-terastallize|p1a: Dragapult|Dragon
|move|p2a: Darkrai|Dark Pulse|p1a: Dragapult
|-damage|p1a: Dragapult|37/100
|move|p1a: Dragapult|Draco Meteor|p2a: Darkrai
|-damage|p2a: Darkrai|0 fnt
|-unboost|p1a: Dragapult|spa|2
|faint|p2a: Darkrai
|
|upkeep
|
|t:|1779817287
|switch|p2a: Gholdengo|Gholdengo|100/100
|-item|p2a: Gholdengo|Air Balloon
|turn|2
|
|t:|1779817294
|switch|p1a: Moltres|Moltres|100/100
|move|p2a: Gholdengo|Shadow Ball|p1a: Moltres
|-damage|p1a: Moltres|67/100
|
|upkeep
|turn|3
|
|t:|1779817308
|switch|p2a: Ogerpon|Ogerpon-Wellspring, F|100/100
|switch|p1a: Iron Treads|Iron Treads|100/100
|
|upkeep
|turn|4
|
|t:|1779817317
|move|p2a: Ogerpon|Swords Dance|p2a: Ogerpon
|-boost|p2a: Ogerpon|atk|2
|move|p1a: Iron Treads|Stealth Rock|p2a: Ogerpon
|-sidestart|p2: rasb|move: Stealth Rock
|
|upkeep
|turn|5
|
|t:|1779817323
|-end|p1a: Iron Treads|Quark Drive|[silent]
|switch|p1a: Zapdos|Zapdos|100/100
|move|p2a: Ogerpon|Power Whip|p1a: Zapdos
|-resisted|p1a: Zapdos
|-damage|p1a: Zapdos|50/100
|
|upkeep
|turn|6
|
|t:|1779817328
|move|p2a: Ogerpon|Ivy Cudgel|p1a: Zapdos|[anim] Ivy Cudgel Water
|-damage|p1a: Zapdos|0 fnt
|faint|p1a: Zapdos
|
|upkeep
|
|t:|1779817332
|switch|p1a: Dragapult|Dragapult, M, tera:Dragon|37/100
|turn|7
|
|t:|1779817345
|-terastallize|p2a: Ogerpon|Water
|detailschange|p2a: Ogerpon|Ogerpon-Wellspring-Tera, F, tera:Water
|-ability|p2a: Ogerpon|Embody Aspect (Wellspring)|boost
|-boost|p2a: Ogerpon|spd|1
|move|p1a: Dragapult|Draco Meteor|p2a: Ogerpon
|-damage|p2a: Ogerpon|41/100
|-unboost|p1a: Dragapult|spa|2
|move|p2a: Ogerpon|Ivy Cudgel|p1a: Dragapult|[anim] Ivy Cudgel Water
|-resisted|p1a: Dragapult
|-damage|p1a: Dragapult|0 fnt
|faint|p1a: Dragapult
|
|upkeep
|
|t:|1779817361
|switch|p1a: Mew|Mew|100/100
|turn|8
|
|t:|1779817367
|move|p2a: Ogerpon|Ivy Cudgel|p1a: Mew|[anim] Ivy Cudgel Water
|-damage|p1a: Mew|0 fnt
|faint|p1a: Mew
|
|upkeep
|-message|KC177 forfeited.
|
|win|rasb
|raw|KC177's rating: 1404 &rarr; <strong>1387</strong><br />(-17 for losing)
|raw|rasb's rating: 1462 &rarr; <strong>1479</strong><br />(+17 for winning)
