|j|☆Dylan1234
|j|☆rockeater9000
|t:|1779937941
|gametype|singles
|player|p1|Dylan1234|swimmer|1562
|player|p2|rockeater9000|169|1574
|gen|9
|tier|[Gen 9] OU
|rated|
|rule|HP Percentage Mod: HP is shown in percentages
|rule|Endless Battle Clause: Forcing endless battles is banned
|rule|Species Clause: Limit one of each Pokémon
|rule|OHKO Clause: OHKO moves are banned
|rule|Evasion Items Clause: Evasion items are banned
|rule|Evasion Moves Clause: Evasion moves are banned
|rule|Evasion Abilities Clause: Evasion abilities are banned
|rule|Sleep Moves Clause: Sleep-inducing moves are banned
|clearpoke
|poke|p1|Ting-Lu|
|poke|p1|Gholdengo|
|poke|p1|Dragonite, M|
|poke|p1|Zamazenta-*|
|poke|p1|Ogerpon-Wellspring, F|
|poke|p1|Darkrai|
|poke|p2|Hydrapple, M|
|poke|p2|Clodsire, F|
|poke|p2|Bronzong|
|poke|p2|Regieleki|
|poke|p2|Pecharunt|
|poke|p2|Walking Wake|
|teampreview
|inactive|Battle timer is ON: inactive players will automatically lose when time's up. (requested by rockeater9000)
|inactive|Dylan1234 also wants the timer to be on.
|
|t:|1779937958
|teamsize|p1|6
|teamsize|p2|6
|start
|switch|p1a: Ogerpon|Ogerpon-Wellspring, F|100/100
|switch|p2a: Hydrapple|Hydrapple, M|100/100
|turn|1
|
|t:|1779937978
|move|p1a: Ogerpon|Knock Off|p2a: Hydrapple
|-damage|p2a: Hydrapple|77/100
|-damage|p1a: Ogerpon|84/100|[from] item: Rocky Helmet|[of] p2a: Hydrapple
|-enditem|p2a: Hydrapple|Rocky Helmet|[from] move: Knock Off|[of] p1a: Ogerpon
|move|p2a: Hydrapple|Fickle Beam|p1a: Ogerpon
|-damage|p1a: Ogerpon|46/100
|
|upkeep
|turn|2
|
|t:|1779937989
|switch|p1a: Ting-Lu|Ting-Lu|100/100
|-ability|p1a: Ting-Lu|Vessel of Ruin
|move|p2a: Hydrapple|Fickle Beam|p1a: Ting-Lu
|-damage|p1a: Ting-Lu|87/100
|
|-heal|p1a: Ting-Lu|94/100|[from] item: Leftovers
|upkeep
|turn|3
|
|t:|1779937998
|move|p2a: Hydrapple|Nasty Plot|p2a: Hydrapple
|-boost|p2a: Hydrapple|spa|2
|move|p1a: Ting-Lu|Whirlwind|p2a: Hydrapple
|drag|p2a: Bronzong|Bronzong|100/100
|
|-heal|p1a: Ting-Lu|99/100|[from] item: Leftovers
|upkeep
|turn|4
|
|t:|1779938009
|move|p1a: Ting-Lu|Stealth Rock|p2a: Bronzong
|-sidestart|p2: rockeater9000|move: Stealth Rock
|move|p2a: Bronzong|Stealth Rock|p1a: Ting-Lu
|-sidestart|p1: Dylan1234|move: Stealth Rock
|
|-heal|p1a: Ting-Lu|100/100|[from] item: Leftovers
|upkeep
|turn|5
|
|t:|1779938013
|switch|p2a: Hydrapple|Hydrapple, M|100/100
|-damage|p2a: Hydrapple|88/100|[from] Stealth Rock
|move|p1a: Ting-Lu|Ruination|p2a: Hydrapple
|-damage|p2a: Hydrapple|44/100
|
|upkeep
|turn|6
|
|t:|1779938025
|move|p2a: Hydrapple|Nasty Plot|p2a: Hydrapple
|-boost|p2a: Hydrapple|spa|2
|move|p1a: Ting-Lu|Whirlwind|p2a: Hydrapple
|drag|p2a: Bronzong|Bronzong|100/100
|-damage|p2a: Bronzong|94/100|[from] Stealth Rock
|
|-heal|p2a: Bronzong|100/100|[from] item: Leftovers
|upkeep
|turn|7
|
|t:|1779938035
|switch|p2a: Hydrapple|Hydrapple, M|78/100
|-damage|p2a: Hydrapple|65/100|[from] Stealth Rock
|move|p1a: Ting-Lu|Ruination|p2a: Hydrapple
|-damage|p2a: Hydrapple|33/100
|
|upkeep
|turn|8
|
|t:|1779938051
|switch|p1a: Darkrai|Darkrai|100/100
|-damage|p1a: Darkrai|88/100|[from] Stealth Rock
|move|p2a: Hydrapple|Nasty Plot|p2a: Hydrapple
|-boost|p2a: Hydrapple|spa|2
|
|upkeep
|turn|9
|
|t:|1779938061
|switch|p2a: Clodsire|Clodsire, F|100/100
|-damage|p2a: Clodsire|94/100|[from] Stealth Rock
|move|p1a: Darkrai|Ice Beam|p2a: Clodsire
|-supereffective|p2a: Clodsire
|-damage|p2a: Clodsire|57/100
|
|-heal|p2a: Clodsire|63/100|[from] item: Leftovers
|upkeep
|turn|10
|
|t:|1779938071
|switch|p1a: Ogerpon|Ogerpon-Wellspring, F|46/100
|-damage|p1a: Ogerpon|33/100|[from] Stealth Rock
|move|p2a: Clodsire|Recover|p2a: Clodsire
|-heal|p2a: Clodsire|100/100
|
|upkeep
|turn|11
|
|t:|1779938079
|switch|p2a: Hydrapple|Hydrapple, M|66/100
|-damage|p2a: Hydrapple|54/100|[from] Stealth Rock
|move|p1a: Ogerpon|Ivy Cudgel|p2a: Hydrapple|[anim] Ivy Cudgel Water
|-resisted|p2a: Hydrapple
|-crit|p2a: Hydrapple
|-damage|p2a: Hydrapple|42/100
|
|upkeep
|turn|12
|
|t:|1779938092
|move|p1a: Ogerpon|Spikes|p2a: Hydrapple
|-sidestart|p2: rockeater9000|Spikes
|move|p2a: Hydrapple|Giga Drain|p1a: Ogerpon
|-damage|p1a: Ogerpon|0 fnt
|-heal|p2a: Hydrapple|54/100|[from] drain|[of] p1a: Ogerpon
|faint|p1a: Ogerpon
|
|upkeep
|
|t:|1779938099
|switch|p1a: Darkrai|Darkrai|88/100
|-damage|p1a: Darkrai|76/100|[from] Stealth Rock
|turn|13
|
|t:|1779938104
|switch|p2a: Walking Wake|Walking Wake|100/100
|move|p1a: Darkrai|Ice Beam|p2a: Walking Wake
|-damage|p2a: Walking Wake|62/100
|
|upkeep
|turn|14
|
|t:|1779938114
|switch|p1a: Ting-Lu|Ting-Lu|100/100
|-damage|p1a: Ting-Lu|94/100|[from] Stealth Rock
|-ability|p1a: Ting-Lu|Vessel of Ruin
|move|p2a: Walking Wake|Flip Turn|p1a: Ting-Lu
|-supereffective|p1a: Ting-Lu
|-damage|p1a: Ting-Lu|78/100
|
|t:|1779938121
|-end|p2a: Walking Wake|Protosynthesis|[silent]
|switch|p2a: Hydrapple|Hydrapple, M|88/100|[from] Flip Turn
|-damage|p2a: Hydrapple|75/100|[from] Stealth Rock
|-damage|p2a: Hydrapple|63/100|[from] Spikes
|
|-heal|p1a: Ting-Lu|84/100|[from] item: Leftovers
|upkeep
|turn|15
|
|t:|1779938128
|move|p2a: Hydrapple|Giga Drain|p1a: Ting-Lu
|-supereffective|p1a: Ting-Lu
|-crit|p1a: Ting-Lu
|-damage|p1a: Ting-Lu|42/100
|-heal|p2a: Hydrapple|89/100|[from] drain|[of] p1a: Ting-Lu
|move|p1a: Ting-Lu|Whirlwind|p2a: Hydrapple
|drag|p2a: Pecharunt|Pecharunt|100/100
|
|-heal|p1a: Ting-Lu|48/100|[from] item: Leftovers
|upkeep
|turn|16
|
|t:|1779938138
|move|p2a: Pecharunt|Parting Shot|p1a: Ting-Lu
|-unboost|p1a: Ting-Lu|atk|1
|-unboost|p1a: Ting-Lu|spa|1
|
|t:|1779938143
|switch|p2a: Walking Wake|Walking Wake|62/100|[from] Parting Shot
|move|p1a: Ting-Lu|Earthquake|p2a: Walking Wake
|-damage|p2a: Walking Wake|34/100
|
|-heal|p1a: Ting-Lu|54/100|[from] item: Leftovers
|upkeep
|turn|17
|
|t:|1779938151
|move|p2a: Walking Wake|Knock Off|p1a: Ting-Lu
|-resisted|p1a: Ting-Lu
|-damage|p1a: Ting-Lu|50/100
|-enditem|p1a: Ting-Lu|Leftovers|[from] move: Knock Off|[of] p2a: Walking Wake
|move|p1a: Ting-Lu|Whirlwind|p2a: Walking Wake
|-end|p2a: Walking Wake|Protosynthesis|[silent]
|drag|p2a: Regieleki|Regieleki|100/100
|
|upkeep
|turn|18
|
|t:|1779938159
|switch|p2a: Hydrapple|Hydrapple, M|100/100
|-damage|p2a: Hydrapple|88/100|[from] Stealth Rock
|-damage|p2a: Hydrapple|76/100|[from] Spikes
|move|p1a: Ting-Lu|Earthquake|p2a: Hydrapple
|-resisted|p2a: Hydrapple
|-damage|p2a: Hydrapple|69/100
|
|upkeep
|turn|19
|
|t:|1779938169
|switch|p1a: Darkrai|Darkrai|76/100
|-damage|p1a: Darkrai|63/100|[from] Stealth Rock
|move|p2a: Hydrapple|Giga Drain|p1a: Darkrai
|-damage|p1a: Darkrai|21/100
|-heal|p2a: Hydrapple|83/100|[from] drain|[of] p1a: Darkrai
|
|upkeep
|turn|20
|
|t:|1779938179
|switch|p2a: Walking Wake|Walking Wake|34/100
|move|p1a: Darkrai|Trick|p2a: Walking Wake
|-activate|p1a: Darkrai|move: Trick|[of] p2a: Walking Wake
|-item|p2a: Walking Wake|Choice Scarf|[from] move: Trick
|-item|p1a: Darkrai|Heavy-Duty Boots|[from] move: Trick
|
|upkeep
|turn|21
|
|t:|1779938191
|switch|p1a: Ting-Lu|Ting-Lu|50/100
|-damage|p1a: Ting-Lu|43/100|[from] Stealth Rock
|-ability|p1a: Ting-Lu|Vessel of Ruin
|move|p2a: Walking Wake|Surf|p1a: Ting-Lu
|-supereffective|p1a: Ting-Lu
|-damage|p1a: Ting-Lu|0 fnt
|faint|p1a: Ting-Lu
|
|upkeep
|
|t:|1779938199
|switch|p1a: Dragonite|Dragonite, M|100/100
|turn|22
|
|t:|1779938203
|-end|p2a: Walking Wake|Protosynthesis|[silent]
|switch|p2a: Pecharunt|Pecharunt|100/100
|move|p1a: Dragonite|Dragon Dance|p1a: Dragonite
|-boost|p1a: Dragonite|atk|1
|-boost|p1a: Dragonite|spe|1
|
|upkeep
|turn|23
|
|t:|1779938221
|switch|p2a: Bronzong|Bronzong|100/100
|-damage|p2a: Bronzong|94/100|[from] Stealth Rock
|move|p1a: Dragonite|Earthquake|p2a: Bronzong
|-immune|p2a: Bronzong|[from] ability: Levitate
|
|-heal|p2a: Bronzong|100/100|[from] item: Leftovers
|upkeep
|turn|24
|
|t:|1779938231
|switch|p1a: Gholdengo|Gholdengo|100/100
|-damage|p1a: Gholdengo|94/100|[from] Stealth Rock
|-item|p1a: Gholdengo|Air Balloon
|move|p2a: Bronzong|Night Shade|p1a: Gholdengo
|-damage|p1a: Gholdengo|68/100
|-enditem|p1a: Gholdengo|Air Balloon
|
|upkeep
|turn|25
|
|t:|1779938244
|switch|p2a: Clodsire|Clodsire, F|100/100
|-damage|p2a: Clodsire|94/100|[from] Stealth Rock
|-damage|p2a: Clodsire|82/100|[from] Spikes
|move|p1a: Gholdengo|Shadow Ball|p2a: Clodsire
|-damage|p2a: Clodsire|61/100
|
|-heal|p2a: Clodsire|68/100|[from] item: Leftovers
|upkeep
|turn|26
|
|t:|1779938255
|move|p1a: Gholdengo|Make It Rain|p2a: Clodsire
|-damage|p2a: Clodsire|40/100
|-unboost|p1a: Gholdengo|spa|1
|move|p2a: Clodsire|Recover|p2a: Clodsire
|-heal|p2a: Clodsire|90/100
|
|-heal|p2a: Clodsire|96/100|[from] item: Leftovers
|upkeep
|turn|27
|
|t:|1779938267
|move|p1a: Gholdengo|Nasty Plot|p1a: Gholdengo
|-boost|p1a: Gholdengo|spa|2
|move|p2a: Clodsire|Spikes|p1a: Gholdengo
|-sidestart|p1: Dylan1234|Spikes
|
|-heal|p2a: Clodsire|100/100|[from] item: Leftovers
|upkeep
|turn|28
|
|t:|1779938272
|move|p1a: Gholdengo|Nasty Plot|p1a: Gholdengo
|-boost|p1a: Gholdengo|spa|2
|move|p2a: Clodsire|Earthquake|p1a: Gholdengo
|-supereffective|p1a: Gholdengo
|-damage|p1a: Gholdengo|29/100
|
|upkeep
|turn|29
|c|☆rockeater9000|uhh
|
|t:|1779938277
|move|p1a: Gholdengo|Recover|p1a: Gholdengo
|-heal|p1a: Gholdengo|79/100
|move|p2a: Clodsire|Earthquake|p1a: Gholdengo
|-supereffective|p1a: Gholdengo
|-damage|p1a: Gholdengo|43/100
|
|upkeep
|turn|30
|
|t:|1779938289
|move|p1a: Gholdengo|Make It Rain|p2a: Clodsire
|-damage|p2a: Clodsire|73/100
|-unboost|p1a: Gholdengo|spa|1
|move|p2a: Clodsire|Earthquake|p1a: Gholdengo
|-supereffective|p1a: Gholdengo
|-damage|p1a: Gholdengo|2/100
|
|-heal|p2a: Clodsire|79/100|[from] item: Leftovers
|upkeep
|turn|31
|c|☆rockeater9000|whats the plan here chief
|
|t:|1779938295
|move|p1a: Gholdengo|Make It Rain|p2a: Clodsire
|-damage|p2a: Clodsire|54/100
|-unboost|p1a: Gholdengo|spa|1
|move|p2a: Clodsire|Spikes|p1a: Gholdengo
|-sidestart|p1: Dylan1234|Spikes
|
|-heal|p2a: Clodsire|60/100|[from] item: Leftovers
|upkeep
|turn|32
|
|t:|1779938302
|move|p1a: Gholdengo|Make It Rain|p2a: Clodsire
|-damage|p2a: Clodsire|32/100
|-unboost|p1a: Gholdengo|spa|1
|move|p2a: Clodsire|Recover|p2a: Clodsire
|-heal|p2a: Clodsire|82/100
|
|-heal|p2a: Clodsire|89/100|[from] item: Leftovers
|upkeep
|turn|33
|
|t:|1779938308
|move|p1a: Gholdengo|Make It Rain|p2a: Clodsire
|-damage|p2a: Clodsire|59/100
|-unboost|p1a: Gholdengo|spa|1
|move|p2a: Clodsire|Earthquake|p1a: Gholdengo
|-supereffective|p1a: Gholdengo
|-damage|p1a: Gholdengo|0 fnt
|faint|p1a: Gholdengo
|
|-heal|p2a: Clodsire|66/100|[from] item: Leftovers
|upkeep
|
|t:|1779938319
|switch|p1a: Dragonite|Dragonite, M|100/100
|turn|34
|
|t:|1779938321
|move|p1a: Dragonite|Dragon Dance|p1a: Dragonite
|-boost|p1a: Dragonite|atk|1
|-boost|p1a: Dragonite|spe|1
|move|p2a: Clodsire|Toxic|p1a: Dragonite
|-status|p1a: Dragonite|tox
|
|-heal|p2a: Clodsire|72/100|[from] item: Leftovers
|-damage|p1a: Dragonite|94/100 tox|[from] psn
|upkeep
|turn|35
|
|t:|1779938326
|switch|p2a: Bronzong|Bronzong|100/100
|-damage|p2a: Bronzong|94/100|[from] Stealth Rock
|move|p1a: Dragonite|Dragon Dance|p1a: Dragonite
|-boost|p1a: Dragonite|atk|1
|-boost|p1a: Dragonite|spe|1
|
|-heal|p2a: Bronzong|100/100|[from] item: Leftovers
|-damage|p1a: Dragonite|82/100 tox|[from] psn
|upkeep
|turn|36
|
|t:|1779938332
|move|p1a: Dragonite|Extreme Speed|p2a: Bronzong
|-resisted|p2a: Bronzong
|-damage|p2a: Bronzong|74/100
|move|p2a: Bronzong|Night Shade|p1a: Dragonite
|-damage|p1a: Dragonite|51/100 tox
|
|-heal|p2a: Bronzong|80/100|[from] item: Leftovers
|-damage|p1a: Dragonite|32/100 tox|[from] psn
|upkeep
|turn|37
|-message|Dylan1234 forfeited.
|
|win|rockeater9000
|raw|Dylan1234's rating: 1562 &rarr; <strong>1543</strong><br />(-19 for losing)
|raw|rockeater9000's rating: 1574 &rarr; <strong>1593</strong><br />(+19 for winning)
|l|☆Dylan1234
|player|p1|
