|j|☆lousiv
|j|☆lockheed shartin
|t:|1779854452
|gametype|singles
|player|p1|lousiv|ltsurge|1362
|player|p2|lockheed shartin|preschooler|1484
|gen|9
|tier|[Gen 9] OU
|rated|
|rule|HP Percentage Mod: HP is shown in percentages
|rule|Endless Battle Clause: Forcing endless battles is banned
|rule|Species Clause: Limit one of each Pokémon
|rule|OHKO Clause: OHKO moves are banned
|rule|Evasion Items Clause: Evasion items are banned
|rule|Evasion Moves Clause: Evasion moves are banned
|rule|Evasion Abilities Clause: Evasion abilities are banned
|rule|Sleep Moves Clause: Sleep-inducing moves are banned
|clearpoke
|poke|p1|Deoxys-Speed|
|poke|p1|Manaphy|
|poke|p1|Ribombee, F|
|poke|p1|Gholdengo|
|poke|p1|Kingambit, M|
|poke|p1|Reuniclus, F|
|poke|p2|Zamazenta-*|
|poke|p2|Enamorus, F|
|poke|p2|Volcanion|
|poke|p2|Iron Crown|
|poke|p2|Meowscarada, M|
|poke|p2|Great Tusk|
|teampreview
|inactive|Battle timer is ON: inactive players will automatically lose when time's up. (requested by lockheed shartin)
|
|t:|1779854458
|teamsize|p1|6
|teamsize|p2|6
|start
|switch|p1a: Deoxys|Deoxys-Speed|100/100
|switch|p2a: Meowscarada|Meowscarada, M|100/100
|-ability|p1a: Deoxys|Pressure
|turn|1
|
|t:|1779854464
|-terastallize|p1a: Deoxys|Fighting
|move|p1a: Deoxys|Superpower|p2a: Meowscarada
|-supereffective|p2a: Meowscarada
|-damage|p2a: Meowscarada|0 fnt
|-unboost|p1a: Deoxys|atk|1
|-unboost|p1a: Deoxys|def|1
|faint|p2a: Meowscarada
|-enditem|p1a: Deoxys|Eject Pack
|
|t:|1779854470
|switch|p1a: Ribombee|Ribombee, F|100/100
|
|upkeep
|
|t:|1779854479
|switch|p2a: Iron Crown|Iron Crown|100/100
|turn|2
|
|t:|1779854486
|move|p1a: Ribombee|Sticky Web|p2a: Iron Crown
|-sidestart|p2: lockheed shartin|move: Sticky Web
|move|p2a: Iron Crown|Tachyon Cutter|p1a: Ribombee
|-supereffective|p1a: Ribombee
|-damage|p1a: Ribombee|20/100
|-supereffective|p1a: Ribombee
|-damage|p1a: Ribombee|0 fnt
|faint|p1a: Ribombee
|-hitcount|p1: Ribombee|2
|
|upkeep
|
|t:|1779854491
|switch|p1a: Manaphy|Manaphy|100/100
|turn|3
|
|t:|1779854496
|move|p1a: Manaphy|Tail Glow|p1a: Manaphy
|-boost|p1a: Manaphy|spa|3
|move|p2a: Iron Crown|Volt Switch|p1a: Manaphy
|-supereffective|p1a: Manaphy
|-damage|p1a: Manaphy|57/100
|
|t:|1779854506
|-end|p2a: Iron Crown|Quark Drive|[silent]
|switch|p2a: Enamorus|Enamorus, F|100/100|[from] Volt Switch
|
|-heal|p1a: Manaphy|63/100|[from] item: Leftovers
|upkeep
|turn|4
|
|t:|1779854515
|move|p2a: Enamorus|Superpower|p1a: Manaphy
|-damage|p1a: Manaphy|22/100
|-boost|p2a: Enamorus|atk|1
|-boost|p2a: Enamorus|def|1
|move|p1a: Manaphy|Surf|p2a: Enamorus
|-damage|p2a: Enamorus|0 fnt
|faint|p2a: Enamorus
|
|-heal|p1a: Manaphy|28/100|[from] item: Leftovers
|upkeep
|
|t:|1779854521
|switch|p2a: Iron Crown|Iron Crown|100/100
|-activate|p2a: Iron Crown|move: Sticky Web
|-unboost|p2a: Iron Crown|spe|1
|turn|5
|inactive|lousiv has 120 seconds left.
|
|t:|1779854559
|move|p1a: Manaphy|Surf|p2a: Iron Crown
|-damage|p2a: Iron Crown|39/100
|move|p2a: Iron Crown|Volt Switch|p1a: Manaphy
|-supereffective|p1a: Manaphy
|-damage|p1a: Manaphy|0 fnt
|faint|p1a: Manaphy
|
|t:|1779854573
|-end|p2a: Iron Crown|Quark Drive|[silent]
|switch|p2a: Great Tusk|Great Tusk|100/100|[from] Volt Switch
|
|upkeep
|inactive|lousiv has 120 seconds left.
|
|t:|1779854587
|switch|p1a: Deoxys|Deoxys-Speed, tera:Fighting|100/100
|-ability|p1a: Deoxys|Pressure
|turn|6
|
|t:|1779854591
|-end|p2a: Great Tusk|Protosynthesis|[silent]
|switch|p2a: Iron Crown|Iron Crown|39/100
|-activate|p2a: Iron Crown|move: Sticky Web
|-unboost|p2a: Iron Crown|spe|1
|move|p1a: Deoxys|Psycho Boost|p2a: Iron Crown
|-resisted|p2a: Iron Crown
|-damage|p2a: Iron Crown|29/100
|-unboost|p1a: Deoxys|spa|2
|
|upkeep
|turn|7
|
|t:|1779854600
|move|p1a: Deoxys|Knock Off|p2a: Iron Crown
|-supereffective|p2a: Iron Crown
|-damage|p2a: Iron Crown|0 fnt
|-enditem|p2a: Iron Crown|Assault Vest|[from] move: Knock Off|[of] p1a: Deoxys
|faint|p2a: Iron Crown
|-end|p2a: Iron Crown|Quark Drive|[silent]
|
|upkeep
|
|t:|1779854603
|switch|p2a: Great Tusk|Great Tusk|100/100
|turn|8
|
|t:|1779854614
|move|p1a: Deoxys|Psycho Boost|p2a: Great Tusk
|-supereffective|p2a: Great Tusk
|-damage|p2a: Great Tusk|24/100
|-unboost|p1a: Deoxys|spa|2
|move|p2a: Great Tusk|Ice Spinner|p1a: Deoxys
|-damage|p1a: Deoxys|64/100
|
|upkeep
|turn|9
|
|t:|1779854622
|move|p1a: Deoxys|Ice Beam|p2a: Great Tusk
|-supereffective|p2a: Great Tusk
|-damage|p2a: Great Tusk|0 fnt
|faint|p2a: Great Tusk
|-end|p2a: Great Tusk|Protosynthesis|[silent]
|
|upkeep
|
|t:|1779854626
|switch|p2a: Volcanion|Volcanion|100/100
|turn|10
|
|t:|1779854632
|switch|p1a: Reuniclus|Reuniclus, F|100/100
|move|p2a: Volcanion|Flamethrower|p1a: Reuniclus
|-damage|p1a: Reuniclus|65/100
|
|upkeep
|turn|11
|
|t:|1779854636
|move|p2a: Volcanion|Steam Eruption|p1a: Reuniclus
|-damage|p1a: Reuniclus|16/100
|-status|p1a: Reuniclus|brn
|move|p1a: Reuniclus|Psychic Noise|p2a: Volcanion
|-damage|p2a: Volcanion|58/100
|-start|p2a: Volcanion|move: Heal Block
|
|upkeep
|turn|12
|l|☆lockheed shartin
|inactive|lockheed shartin disconnected and has a minute to reconnect!
|player|p2|
|inactive|lousiv has 120 seconds left.
|j|☆lockheed shartin
|inactive|lockheed shartin reconnected.
|player|p2|lockheed shartin|preschooler|
|
|t:|1779854683
|move|p2a: Volcanion|Flamethrower|p1a: Reuniclus
|-crit|p1a: Reuniclus
|-damage|p1a: Reuniclus|0 fnt
|faint|p1a: Reuniclus
|
|-end|p2a: Volcanion|move: Heal Block
|upkeep
|
|t:|1779854686
|switch|p1a: Gholdengo|Gholdengo|100/100
|-item|p1a: Gholdengo|Air Balloon
|turn|13
|
|t:|1779854691
|switch|p1a: Kingambit|Kingambit, M|100/100
|-activate|p1a: Kingambit|ability: Supreme Overlord
|-start|p1a: Kingambit|fallen3|[silent]
|move|p2a: Volcanion|Flamethrower|p1a: Kingambit
|-supereffective|p1a: Kingambit
|-damage|p1a: Kingambit|2/100
|
|-heal|p1a: Kingambit|8/100|[from] item: Leftovers
|upkeep
|turn|14
|
|t:|1779854700
|move|p1a: Kingambit|Sucker Punch||[still]
|-fail|p1a: Kingambit
|move|p2a: Volcanion|Will-O-Wisp|p1a: Kingambit
|-status|p1a: Kingambit|brn
|
|-heal|p1a: Kingambit|14/100 brn|[from] item: Leftovers
|-damage|p1a: Kingambit|8/100 brn|[from] brn
|upkeep
|turn|15
|
|t:|1779854709
|switch|p2a: Zamazenta|Zamazenta|100/100
|-activate|p2a: Zamazenta|move: Sticky Web
|-unboost|p2a: Zamazenta|spe|1
|-ability|p2a: Zamazenta|Dauntless Shield|boost
|-boost|p2a: Zamazenta|def|1
|move|p1a: Kingambit|Sucker Punch||[still]
|-fail|p1a: Kingambit
|
|-heal|p1a: Kingambit|14/100 brn|[from] item: Leftovers
|-damage|p1a: Kingambit|8/100 brn|[from] brn
|upkeep
|turn|16
|
|t:|1779854714
|move|p1a: Kingambit|Kowtow Cleave|p2a: Zamazenta
|-resisted|p2a: Zamazenta
|-crit|p2a: Zamazenta
|-damage|p2a: Zamazenta|77/100
|move|p2a: Zamazenta|Roar|p1a: Kingambit
|-enditem|p2a: Zamazenta|Throat Spray
|-boost|p2a: Zamazenta|spa|1|[from] item: Throat Spray
|-end|p1a: Kingambit|fallen3|[silent]
|drag|p1a: Gholdengo|Gholdengo|100/100
|-item|p1a: Gholdengo|Air Balloon
|
|upkeep
|turn|17
|
|t:|1779854734
|move|p1a: Gholdengo|Make It Rain|p2a: Zamazenta
|-damage|p2a: Zamazenta|22/100
|-unboost|p1a: Gholdengo|spa|1
|move|p2a: Zamazenta|Moonblast|p1a: Gholdengo
|-resisted|p1a: Gholdengo
|-damage|p1a: Gholdengo|81/100
|-enditem|p1a: Gholdengo|Air Balloon
|
|upkeep
|turn|18
|
|t:|1779854744
|move|p1a: Gholdengo|Nasty Plot|p1a: Gholdengo
|-boost|p1a: Gholdengo|spa|2
|move|p2a: Zamazenta|Moonblast|p1a: Gholdengo
|-resisted|p1a: Gholdengo
|-damage|p1a: Gholdengo|60/100
|-unboost|p1a: Gholdengo|spa|1
|
|upkeep
|turn|19
|
|t:|1779854749
|move|p1a: Gholdengo|Nasty Plot|p1a: Gholdengo
|-boost|p1a: Gholdengo|spa|2
|move|p2a: Zamazenta|Moonblast|p1a: Gholdengo
|-resisted|p1a: Gholdengo
|-damage|p1a: Gholdengo|37/100
|
|upkeep
|turn|20
|-message|lockheed shartin forfeited.
|
|win|lousiv
|raw|lousiv's rating: 1362 &rarr; <strong>1389</strong><br />(+27 for winning)
|raw|lockheed shartin's rating: 1484 &rarr; <strong>1457</strong><br />(-27 for losing)
|l|☆lockheed shartin
|player|p2|
|l|☆lousiv
|player|p1|
