|j|☆buyijklkm
|j|☆gvgvjvfcgv
|t:|1779927559
|gametype|singles
|player|p1|buyijklkm|169|1266
|player|p2|gvgvjvfcgv|101|1278
|gen|9
|tier|[Gen 9] OU
|rated|
|rule|HP Percentage Mod: HP is shown in percentages
|rule|Endless Battle Clause: Forcing endless battles is banned
|rule|Species Clause: Limit one of each Pokémon
|rule|OHKO Clause: OHKO moves are banned
|rule|Evasion Items Clause: Evasion items are banned
|rule|Evasion Moves Clause: Evasion moves are banned
|rule|Evasion Abilities Clause: Evasion abilities are banned
|rule|Sleep Moves Clause: Sleep-inducing moves are banned
|clearpoke
|poke|p1|Feraligatr, F|
|poke|p1|Araquanid, F|
|poke|p1|Gholdengo|
|poke|p1|Ceruledge, M|
|poke|p1|Raging Bolt|
|poke|p1|Iron Valiant|
|poke|p2|Dragonite, M|
|poke|p2|Clefable, F|
|poke|p2|Moltres|
|poke|p2|Haunter, M|
|poke|p2|Gengar, F|
|poke|p2|Golem, M|
|teampreview
|inactive|Battle timer is ON: inactive players will automatically lose when time's up. (requested by buyijklkm)
|
|t:|1779927585
|teamsize|p1|6
|teamsize|p2|6
|start
|switch|p1a: Dewdrop|Araquanid, F|100/100
|switch|p2a: Golem|Golem, M|100/100
|turn|1
|
|t:|1779927609
|move|p1a: Dewdrop|Endure|p1a: Dewdrop
|-singleturn|p1a: Dewdrop|move: Endure
|move|p2a: Golem|Stone Edge|p1a: Dewdrop
|-supereffective|p1a: Dewdrop
|-activate|p1a: Dewdrop|move: Endure
|-damage|p1a: Dewdrop|1/100
|
|upkeep
|turn|2
|-enditem|p1a: Dewdrop|Custap Berry|[eat]
|-activate|p1a: Dewdrop|item: Custap Berry|[consumed]
|
|t:|1779927619
|switch|p2a: Lil bro|Haunter, M|100/100
|move|p1a: Dewdrop|Sticky Web|p2a: Lil bro
|-sidestart|p2: gvgvjvfcgv|move: Sticky Web
|
|upkeep
|turn|3
|
|t:|1779927629
|move|p2a: Lil bro|Shadow Ball|p1a: Dewdrop
|-damage|p1a: Dewdrop|0 fnt
|faint|p1a: Dewdrop
|
|upkeep
|
|t:|1779927652
|switch|p1a: Apollo|Iron Valiant|100/100
|-enditem|p1a: Apollo|Booster Energy
|-activate|p1a: Apollo|ability: Quark Drive|[fromitem]
|-start|p1a: Apollo|quarkdrivespe
|turn|4
|
|t:|1779927668
|move|p1a: Apollo|Knock Off|p2a: Lil bro
|-supereffective|p2a: Lil bro
|-enditem|p2a: Lil bro|Focus Sash
|-damage|p2a: Lil bro|1/100
|move|p2a: Lil bro|Shadow Ball|p1a: Apollo
|-crit|p1a: Apollo
|-damage|p1a: Apollo|0 fnt
|faint|p1a: Apollo
|-end|p1a: Apollo|Quark Drive|[silent]
|
|upkeep
|
|t:|1779927674
|switch|p1a: Hellblade|Ceruledge, M|100/100
|turn|5
|
|t:|1779927681
|move|p1a: Hellblade|Shadow Sneak|p2a: Lil bro
|-supereffective|p2a: Lil bro
|-damage|p2a: Lil bro|0 fnt
|faint|p2a: Lil bro
|
|upkeep
|
|t:|1779927689
|switch|p2a: Golem|Golem, M|100/100
|-activate|p2a: Golem|move: Sticky Web
|-unboost|p2a: Golem|spe|1
|turn|6
|
|t:|1779927695
|move|p1a: Hellblade|Shadow Sneak|p2a: Golem
|-damage|p2a: Golem|84/100
|move|p2a: Golem|Earthquake|p1a: Hellblade
|-supereffective|p1a: Hellblade
|-enditem|p1a: Hellblade|Focus Sash
|-damage|p1a: Hellblade|1/100
|-ability|p1a: Hellblade|Weak Armor|boost
|-unboost|p1a: Hellblade|def|1
|-boost|p1a: Hellblade|spe|2
|
|upkeep
|turn|7
|
|t:|1779927704
|move|p1a: Hellblade|Close Combat|p2a: Golem
|-supereffective|p2a: Golem
|-damage|p2a: Golem|16/100
|-unboost|p1a: Hellblade|def|1
|-unboost|p1a: Hellblade|spd|1
|move|p2a: Golem|Earthquake|p1a: Hellblade
|-supereffective|p1a: Hellblade
|-damage|p1a: Hellblade|0 fnt
|faint|p1a: Hellblade
|
|upkeep
|
|t:|1779927711
|switch|p1a: Freshwater|Feraligatr, F|100/100
|turn|8
|
|t:|1779927716
|move|p1a: Freshwater|Swords Dance|p1a: Freshwater
|-boost|p1a: Freshwater|atk|2
|move|p2a: Golem|Earthquake|p1a: Freshwater
|-damage|p1a: Freshwater|15/100
|
|upkeep
|turn|9
|
|t:|1779927722
|move|p1a: Freshwater|Liquidation|p2a: Golem
|-supereffective|p2a: Golem
|-damage|p2a: Golem|0 fnt
|faint|p2a: Golem
|
|upkeep
|
|t:|1779927728
|switch|p2a: Dragonite|Dragonite, M|100/100
|turn|10
|
|t:|1779927730
|move|p2a: Dragonite|Extreme Speed|p1a: Freshwater
|-damage|p1a: Freshwater|0 fnt
|faint|p1a: Freshwater
|
|upkeep
|
|t:|1779927737
|switch|p1a: Zeus|Raging Bolt|100/100
|-enditem|p1a: Zeus|Booster Energy
|-activate|p1a: Zeus|ability: Protosynthesis|[fromitem]
|-start|p1a: Zeus|protosynthesisspa
|turn|11
|
|t:|1779927742
|-terastallize|p1a: Zeus|Fairy
|move|p2a: Dragonite|Earthquake|p1a: Zeus
|-damage|p1a: Zeus|62/100
|move|p1a: Zeus|Draco Meteor|p2a: Dragonite
|-supereffective|p2a: Dragonite
|-damage|p2a: Dragonite|0 fnt
|-unboost|p1a: Zeus|spa|2
|faint|p2a: Dragonite
|
|upkeep
|
|t:|1779927752
|switch|p2a: Big bro|Gengar, F|100/100
|-activate|p2a: Big bro|move: Sticky Web
|-unboost|p2a: Big bro|spe|1
|turn|12
|
|t:|1779927757
|move|p2a: Big bro|Sludge Wave|p1a: Zeus
|-supereffective|p1a: Zeus
|-damage|p1a: Zeus|0 fnt
|faint|p1a: Zeus
|-end|p1a: Zeus|Protosynthesis|[silent]
|
|upkeep
|
|t:|1779927758
|switch|p1a: Goldylocks|Gholdengo|100/100
|-item|p1a: Goldylocks|Air Balloon
|turn|13
|
|t:|1779927764
|switch|p2a: Moltres|Moltres|100/100
|move|p1a: Goldylocks|Shadow Ball|p2a: Moltres
|-damage|p2a: Moltres|55/100
|-unboost|p2a: Moltres|spd|1
|
|upkeep
|turn|14
|
|t:|1779927771
|move|p1a: Goldylocks|Shadow Ball|p2a: Moltres
|-damage|p2a: Moltres|0 fnt
|faint|p2a: Moltres
|
|upkeep
|
|t:|1779927777
|switch|p2a: Big bro|Gengar, F|100/100
|-activate|p2a: Big bro|move: Sticky Web
|-unboost|p2a: Big bro|spe|1
|turn|15
|
|t:|1779927782
|move|p2a: Big bro|Shadow Ball|p1a: Goldylocks
|-supereffective|p1a: Goldylocks
|-damage|p1a: Goldylocks|0 fnt
|-enditem|p1a: Goldylocks|Air Balloon
|faint|p1a: Goldylocks
|
|win|gvgvjvfcgv
|raw|buyijklkm's rating: 1266 &rarr; <strong>1242</strong><br />(-24 for losing)
|raw|gvgvjvfcgv's rating: 1278 &rarr; <strong>1302</strong><br />(+24 for winning)
|l|☆buyijklkm
|player|p1|
|l|☆gvgvjvfcgv
|player|p2|
