|j|☆Kirbo_420
|j|☆Fossil King 33
|t:|1779947066
|gametype|singles
|player|p1|Kirbo_420|swimmer-gen4|1010
|player|p2|Fossil King 33|ethan|1031
|gen|9
|tier|[Gen 9] OU
|rated|
|rule|HP Percentage Mod: HP is shown in percentages
|rule|Endless Battle Clause: Forcing endless battles is banned
|rule|Species Clause: Limit one of each Pokémon
|rule|OHKO Clause: OHKO moves are banned
|rule|Evasion Items Clause: Evasion items are banned
|rule|Evasion Moves Clause: Evasion moves are banned
|rule|Evasion Abilities Clause: Evasion abilities are banned
|rule|Sleep Moves Clause: Sleep-inducing moves are banned
|clearpoke
|poke|p1|Clawitzer, M|
|poke|p1|Magcargo, F|
|poke|p1|Rotom-Mow|
|poke|p1|Drifblim, M|
|poke|p1|Porygon2|
|poke|p1|Exeggutor-Alola, F|
|poke|p2|Rampardos, M|
|poke|p2|Regirock|
|poke|p2|Sudowoodo, M|
|poke|p2|Golem-Alola, M|
|poke|p2|Carbink|
|poke|p2|Lycanroc, F|
|teampreview
|inactive|Battle timer is ON: inactive players will automatically lose when time's up. (requested by Fossil King 33)
|c|☆Fossil King 33|glhf
|c|☆Kirbo_420|glhf
|
|t:|1779947081
|teamsize|p1|6
|teamsize|p2|6
|start
|switch|p1a: Porygon2|Porygon2|100/100
|switch|p2a: Coughing Baby|Carbink|100/100
|-item|p2a: Coughing Baby|Air Balloon
|turn|1
|
|t:|1779947095
|move|p1a: Porygon2|Trick Room|p1a: Porygon2
|-fieldstart|move: Trick Room|[of] p1a: Porygon2
|move|p2a: Coughing Baby|Trick Room|p2a: Coughing Baby
|-fieldend|move: Trick Room
|
|upkeep
|turn|2
|c|☆Kirbo_420|fuck
|c|☆Fossil King 33|lmao
|c|☆Kirbo_420|okok
|c|☆Kirbo_420|you
|
|t:|1779947111
|move|p1a: Porygon2|Substitute|p1a: Porygon2
|-start|p1a: Porygon2|Substitute
|-damage|p1a: Porygon2|76/100
|move|p2a: Coughing Baby|Trick Room|p2a: Coughing Baby
|-fieldstart|move: Trick Room|[of] p2a: Coughing Baby
|
|-heal|p1a: Porygon2|82/100|[from] item: Leftovers
|upkeep
|turn|3
|
|t:|1779947121
|switch|p1a: Clawitzer|Clawitzer, M|100/100
|move|p2a: Coughing Baby|Trick Room|p2a: Coughing Baby
|-fieldend|move: Trick Room
|
|upkeep
|turn|4
|c|☆Kirbo_420|? bfuck
|
|t:|1779947135
|switch|p1a: Porygon2|Porygon2|82/100
|switch|p2a: Atomic Bomb vs.|Golem-Alola, M|100/100
|
|-heal|p1a: Porygon2|88/100|[from] item: Leftovers
|upkeep
|turn|5
|c|☆Kirbo_420|coughs and dies
|
|t:|1779947142
|move|p2a: Atomic Bomb vs.|Explosion|p1a: Porygon2
|-damage|p1a: Porygon2|0 fnt
|faint|p2a: Atomic Bomb vs.
|faint|p1a: Porygon2
|
|upkeep
|
|t:|1779947160
|switch|p1a: Drifblim|Drifblim, M|100/100
|switch|p2a: Regi-steel|Regirock|100/100
|turn|6
|
|t:|1779947168
|move|p2a: Regi-steel|Thunder Punch|p1a: Drifblim
|-supereffective|p1a: Drifblim
|-damage|p1a: Drifblim|52/100
|move|p1a: Drifblim|Trick Room|p1a: Drifblim
|-fieldstart|move: Trick Room|[of] p1a: Drifblim
|
|upkeep
|turn|7
|
|t:|1779947175
|switch|p1a: Clawitzer|Clawitzer, M|100/100
|move|p2a: Regi-steel|Ice Punch|p1a: Clawitzer
|-resisted|p1a: Clawitzer
|-damage|p1a: Clawitzer|90/100
|
|upkeep
|turn|8
|
|t:|1779947185
|move|p2a: Regi-steel|Thunder Punch|p1a: Clawitzer
|-supereffective|p1a: Clawitzer
|-damage|p1a: Clawitzer|43/100
|move|p1a: Clawitzer|Crabhammer|p2a: Regi-steel
|-supereffective|p2a: Regi-steel
|-damage|p2a: Regi-steel|74/100
|
|upkeep
|turn|9
|c|☆Fossil King 33|Water after thunder punch??
|
|t:|1779947195
|move|p2a: Regi-steel|Thunder Punch|p1a: Clawitzer
|-supereffective|p1a: Clawitzer
|-damage|p1a: Clawitzer|0 fnt
|faint|p1a: Clawitzer
|
|upkeep
|
|t:|1779947200
|switch|p1a: Exeggutor|Exeggutor-Alola, F|100/100
|-item|p2a: Regi-steel|Assault Vest|[from] ability: Frisk|[of] p1a: Exeggutor
|turn|10
|
|t:|1779947204
|move|p2a: Regi-steel|Ice Punch|p1a: Exeggutor
|-supereffective|p1a: Exeggutor
|-damage|p1a: Exeggutor|9/100
|move|p1a: Exeggutor|Earthquake|p2a: Regi-steel
|-supereffective|p2a: Regi-steel
|-damage|p2a: Regi-steel|39/100
|
|-fieldend|move: Trick Room
|upkeep
|turn|11
|c|☆Kirbo_420|i am a lobotomy victitm
|
|t:|1779947219
|switch|p1a: Drifblim|Drifblim, M|52/100
|move|p2a: Regi-steel|Drain Punch|p1a: Drifblim
|-immune|p1a: Drifblim
|
|upkeep
|turn|12
|
|t:|1779947225
|move|p2a: Regi-steel|Ice Punch|p1a: Drifblim
|-supereffective|p1a: Drifblim
|-damage|p1a: Drifblim|3/100
|move|p1a: Drifblim|Trick Room|p1a: Drifblim
|-fieldstart|move: Trick Room|[of] p1a: Drifblim
|
|upkeep
|turn|13
|
|t:|1779947233
|switch|p2a: Coughing Baby|Carbink|100/100
|-item|p2a: Coughing Baby|Air Balloon
|switch|p1a: Magcargo|Magcargo, F|100/100
|
|upkeep
|turn|14
|c|☆Kirbo_420|no
|c|☆Fossil King 33|yes
|c|☆Kirbo_420|dont take this from me
|c|☆Kirbo_420|please
|
|t:|1779947246
|move|p1a: Magcargo|Gyro Ball|p2a: Coughing Baby
|-supereffective|p2a: Coughing Baby
|-damage|p2a: Coughing Baby|86/100
|-enditem|p2a: Coughing Baby|Air Balloon
|move|p2a: Coughing Baby|Trick Room|p2a: Coughing Baby
|-fieldend|move: Trick Room
|
|upkeep
|turn|15
|c|☆Fossil King 33|I have ZU only rock types
|c|☆Fossil King 33|Have lost 20+ games straight
|
|t:|1779947262
|switch|p1a: Drifblim|Drifblim, M|3/100
|move|p2a: Coughing Baby|Stealth Rock|p1a: Drifblim
|-sidestart|p1: Kirbo_420|move: Stealth Rock
|
|upkeep
|turn|16
|c|☆Kirbo_420|i have uhh
|c|☆Kirbo_420|i dunno
|c|☆Kirbo_420|hodl on
|c|☆Kirbo_420|pu and zu's
|
|t:|1779947280
|move|p1a: Drifblim|Phantom Force||[still]
|-prepare|p1a: Drifblim|Phantom Force
|move|p2a: Coughing Baby|Moonblast|p1a: Drifblim|[miss]
|-miss|p2a: Coughing Baby|p1a: Drifblim
|
|upkeep
|turn|17
|
|t:|1779947290
|switch|p2a: Regi-steel|Regirock|39/100
|move|p1a: Drifblim|Phantom Force|p2a: Regi-steel|[from] lockedmove
|-damage|p2a: Regi-steel|18/100
|-damage|p1a: Drifblim|0 fnt|[from] item: Life Orb
|faint|p1a: Drifblim
|
|upkeep
|
|t:|1779947298
|switch|p1a: Magcargo|Magcargo, F|100/100
|-damage|p1a: Magcargo|76/100|[from] Stealth Rock
|turn|18
|
|t:|1779947304
|move|p2a: Regi-steel|Drain Punch|p1a: Magcargo
|-supereffective|p1a: Magcargo
|-damage|p1a: Magcargo|40/100
|-heal|p2a: Regi-steel|33/100|[from] drain|[of] p1a: Magcargo
|-damage|p2a: Regi-steel|17/100|[from] item: Rocky Helmet|[of] p1a: Magcargo
|move|p1a: Magcargo|Gyro Ball|p2a: Regi-steel
|-supereffective|p2a: Regi-steel
|-damage|p2a: Regi-steel|10/100
|
|upkeep
|turn|19
|c|☆Kirbo_420|i dont know why im doing this
|c|☆Kirbo_420|i might go into ubers
|
|t:|1779947321
|move|p2a: Regi-steel|Body Press|p1a: Magcargo
|-supereffective|p1a: Magcargo
|-crit|p1a: Magcargo
|-damage|p1a: Magcargo|0 fnt
|-damage|p2a: Regi-steel|0 fnt|[from] item: Rocky Helmet|[of] p1a: Magcargo
|faint|p1a: Magcargo
|faint|p2a: Regi-steel
|
|upkeep
|
|t:|1779947332
|switch|p2a: Lycanroc|Lycanroc, F|100/100
|switch|p1a: Exeggutor|Exeggutor-Alola, F|9/100
|-item|p2a: Lycanroc|Air Balloon
|-item|p2a: Lycanroc|Air Balloon|[from] ability: Frisk|[of] p1a: Exeggutor
|turn|20
|
|t:|1779947343
|move|p2a: Lycanroc|Accelerock|p1a: Exeggutor
|-damage|p1a: Exeggutor|0 fnt
|faint|p1a: Exeggutor
|
|upkeep
|c|☆Fossil King 33|GL in Ubers
|
|t:|1779947347
|switch|p1a: Rotom|Rotom-Mow|100/100
|-damage|p1a: Rotom|88/100|[from] Stealth Rock
|turn|21
|
|t:|1779947353
|-terastallize|p2a: Lycanroc|Steel
|move|p2a: Lycanroc|Swords Dance|p2a: Lycanroc
|-boost|p2a: Lycanroc|atk|2
|move|p1a: Rotom|Thunderbolt|p2a: Lycanroc
|-damage|p2a: Lycanroc|47/100
|-enditem|p2a: Lycanroc|Air Balloon
|
|-heal|p1a: Rotom|94/100|[from] item: Leftovers
|upkeep
|turn|22
|
|t:|1779947362
|move|p2a: Lycanroc|Sucker Punch|p1a: Rotom
|-damage|p1a: Rotom|46/100
|move|p1a: Rotom|Thunderbolt|p2a: Lycanroc
|-damage|p2a: Lycanroc|0 fnt
|faint|p2a: Lycanroc
|
|-heal|p1a: Rotom|52/100|[from] item: Leftovers
|upkeep
|
|t:|1779947375
|switch|p2a: Coughing Baby|Carbink|86/100
|turn|23
|
|t:|1779947381
|move|p1a: Rotom|Thunderbolt|p2a: Coughing Baby
|-damage|p2a: Coughing Baby|65/100
|move|p2a: Coughing Baby|Trick Room|p2a: Coughing Baby
|-fieldstart|move: Trick Room|[of] p2a: Coughing Baby
|
|-heal|p1a: Rotom|58/100|[from] item: Leftovers
|upkeep
|turn|24
|c|☆Kirbo_420|yes GIVE IT BACK
|c|☆Kirbo_420|no
|c|☆Kirbo_420|no
|
|t:|1779947398
|move|p2a: Coughing Baby|Moonblast|p1a: Rotom
|-damage|p1a: Rotom|38/100
|-unboost|p1a: Rotom|spa|1
|move|p1a: Rotom|Thunderbolt|p2a: Coughing Baby
|-damage|p2a: Coughing Baby|52/100
|
|-heal|p1a: Rotom|45/100|[from] item: Leftovers
|upkeep
|turn|25
|c|☆Fossil King 33|Uh... yes?
|
|t:|1779947416
|switch|p2a: I gave it Redbull|Sudowoodo, M|100/100
|move|p1a: Rotom|Thunderbolt|p2a: I gave it Redbull
|-damage|p2a: I gave it Redbull|72/100
|
|-heal|p1a: Rotom|51/100|[from] item: Leftovers
|upkeep
|turn|26
|
|t:|1779947438
|move|p2a: I gave it Redbull|Ice Punch|p1a: Rotom
|-supereffective|p1a: Rotom
|-damage|p1a: Rotom|0 fnt
|faint|p1a: Rotom
|
|win|Fossil King 33
|raw|Kirbo_420's rating: 1010 &rarr; <strong>1000</strong><br />(-10 for losing)
|raw|Fossil King 33's rating: 1031 &rarr; <strong>1064</strong><br />(+33 for winning)
|c|☆Fossil King 33|ggs
|c|☆Kirbo_420|gg
|l|☆Kirbo_420
|player|p1|
