|j|☆peazzy
|j|☆eserraba
|t:|1779807294
|gametype|singles
|player|p1|peazzy|chuck|1084
|player|p2|eserraba|101|1140
|gen|9
|tier|[Gen 9] OU
|rated|
|rule|HP Percentage Mod: HP is shown in percentages
|rule|Endless Battle Clause: Forcing endless battles is banned
|rule|Species Clause: Limit one of each Pokémon
|rule|OHKO Clause: OHKO moves are banned
|rule|Evasion Items Clause: Evasion items are banned
|rule|Evasion Moves Clause: Evasion moves are banned
|rule|Evasion Abilities Clause: Evasion abilities are banned
|rule|Sleep Moves Clause: Sleep-inducing moves are banned
|clearpoke
|poke|p1|Dragapult, M|
|poke|p1|Zamazenta-*|
|poke|p1|Greninja-*, M|
|poke|p1|Iron Jugulis|
|poke|p1|Gengar, F|
|poke|p1|Metagross|
|poke|p2|Masquerain, M|
|poke|p2|Eelektross, M|
|poke|p2|Shiftry, M|
|poke|p2|Volbeat, M|
|poke|p2|Seviper, F|
|poke|p2|Golduck, M|
|teampreview
|inactive|Battle timer is ON: inactive players will automatically lose when time's up. (requested by eserraba)
|
|t:|1779807300
|teamsize|p1|6
|teamsize|p2|6
|start
|switch|p1a: Zamazenta|Zamazenta|100/100
|switch|p2a: Eelektross|Eelektross, M|100/100
|-ability|p1a: Zamazenta|Dauntless Shield|boost
|-boost|p1a: Zamazenta|def|1
|turn|1
|
|t:|1779807308
|move|p1a: Zamazenta|Iron Defense|p1a: Zamazenta
|-boost|p1a: Zamazenta|def|2
|move|p2a: Eelektross|U-turn|p1a: Zamazenta
|-resisted|p1a: Zamazenta
|-damage|p1a: Zamazenta|97/100
|
|t:|1779807314
|switch|p2a: Seviper|Seviper, F|100/100|[from] U-turn
|
|upkeep
|turn|2
|
|t:|1779807322
|move|p2a: Seviper|Switcheroo|p1a: Zamazenta
|-activate|p2a: Seviper|move: Trick|[of] p1a: Zamazenta
|-item|p1a: Zamazenta|Choice Scarf|[from] move: Switcheroo
|-item|p2a: Seviper|Black Belt|[from] move: Switcheroo
|move|p1a: Zamazenta|Iron Defense|p1a: Zamazenta
|-boost|p1a: Zamazenta|def|2
|
|upkeep
|turn|3
|
|t:|1779807335
|switch|p2a: Eelektross|Eelektross, M|100/100
|move|p1a: Zamazenta|Iron Defense|p1a: Zamazenta
|-boost|p1a: Zamazenta|def|1
|
|upkeep
|turn|4
|
|t:|1779807351
|switch|p1a: Dragapult|Dragapult, M|100/100
|move|p2a: Eelektross|U-turn|p1a: Dragapult
|-resisted|p1a: Dragapult
|-damage|p1a: Dragapult|86/100
|
|t:|1779807362
|switch|p2a: Volbeat|Volbeat, M|100/100|[from] U-turn
|
|upkeep
|turn|5
|
|t:|1779807367
|move|p2a: Volbeat|Light Screen|p2a: Volbeat
|-sidestart|p2: eserraba|move: Light Screen
|move|p1a: Dragapult|Dragon Dance|p1a: Dragapult
|-boost|p1a: Dragapult|atk|1
|-boost|p1a: Dragapult|spe|1
|
|upkeep
|turn|6
|
|t:|1779807374
|move|p2a: Volbeat|Encore|p1a: Dragapult
|-start|p1a: Dragapult|Encore
|move|p1a: Dragapult|Dragon Dance|p1a: Dragapult
|-boost|p1a: Dragapult|atk|1
|-boost|p1a: Dragapult|spe|1
|
|upkeep
|turn|7
|
|t:|1779807379
|move|p2a: Volbeat|Tailwind|p2a: Volbeat
|-sidestart|p2: eserraba|move: Tailwind
|move|p1a: Dragapult|Dragon Dance|p1a: Dragapult
|-boost|p1a: Dragapult|atk|1
|-boost|p1a: Dragapult|spe|1
|
|upkeep
|turn|8
|
|t:|1779807384
|switch|p2a: Shiftry|Shiftry, M|100/100
|-ability|p2a: Shiftry|Wind Rider|boost
|-boost|p2a: Shiftry|atk|1
|-enditem|p1a: Dragapult|Mirror Herb
|-boost|p1a: Dragapult|atk|1|[from] item: Mirror Herb
|move|p1a: Dragapult|Dragon Dance|p1a: Dragapult
|-boost|p1a: Dragapult|atk|1
|-boost|p1a: Dragapult|spe|1
|
|-end|p1a: Dragapult|Encore
|upkeep
|turn|9
|
|t:|1779807395
|move|p2a: Shiftry|Sucker Punch|p1a: Dragapult
|-supereffective|p1a: Dragapult
|-damage|p1a: Dragapult|0 fnt
|faint|p1a: Dragapult
|
|-sideend|p2: eserraba|move: Light Screen
|upkeep
|
|t:|1779807401
|switch|p1a: Iron Jugulis|Iron Jugulis|100/100
|-enditem|p1a: Iron Jugulis|Booster Energy
|-activate|p1a: Iron Jugulis|ability: Quark Drive|[fromitem]
|-start|p1a: Iron Jugulis|quarkdrivespa
|turn|10
|
|t:|1779807406
|move|p2a: Shiftry|Explosion|p1a: Iron Jugulis
|-damage|p1a: Iron Jugulis|4/100
|faint|p2a: Shiftry
|move|p1a: Iron Jugulis|Flamethrower|p2: Shiftry|[notarget]
|-fail|p1a: Iron Jugulis
|
|-sideend|p2: eserraba|move: Tailwind
|upkeep
|
|t:|1779807412
|switch|p2a: Golduck|Golduck, M|100/100
|-ability|p2a: Golduck|Cloud Nine
|turn|11
|
|t:|1779807416
|move|p2a: Golduck|Vacuum Wave|p1a: Iron Jugulis
|-damage|p1a: Iron Jugulis|0 fnt
|faint|p1a: Iron Jugulis
|-end|p1a: Iron Jugulis|Quark Drive|[silent]
|
|upkeep
|
|t:|1779807420
|switch|p1a: Gengar|Gengar, F|100/100
|turn|12
|
|t:|1779807423
|move|p1a: Gengar|Thunderbolt|p2a: Golduck
|-supereffective|p2a: Golduck
|-damage|p2a: Golduck|12/100
|-enditem|p2a: Golduck|Sitrus Berry|[eat]
|-heal|p2a: Golduck|37/100|[from] item: Sitrus Berry
|move|p2a: Golduck|Psychic Noise|p1a: Gengar
|-supereffective|p1a: Gengar
|-damage|p1a: Gengar|44/100
|-start|p1a: Gengar|move: Heal Block
|
|upkeep
|turn|13
|
|t:|1779807437
|-terastallize|p2a: Golduck|Grass
|move|p1a: Gengar|Thunderbolt|p2a: Golduck
|-resisted|p2a: Golduck
|-damage|p2a: Golduck|16/100
|move|p2a: Golduck|Psychic Noise|p1a: Gengar
|-supereffective|p1a: Gengar
|-damage|p1a: Gengar|0 fnt
|-start|p2a: Golduck|Disable|Psychic Noise|[from] ability: Cursed Body|[of] p1a: Gengar
|faint|p1a: Gengar
|
|upkeep
|
|t:|1779807451
|switch|p1a: Zamazenta|Zamazenta|97/100
|turn|14
|
|t:|1779807456
|switch|p2a: Volbeat|Volbeat, M|100/100
|move|p1a: Zamazenta|Iron Defense|p1a: Zamazenta
|-boost|p1a: Zamazenta|def|2
|
|upkeep
|turn|15
|
|t:|1779807466
|switch|p1a: Metagross|Metagross|100/100
|switch|p2a: Eelektross|Eelektross, M|100/100
|
|upkeep
|turn|16
|
|t:|1779807472
|move|p1a: Metagross|Meteor Mash|p2a: Eelektross
|-resisted|p2a: Eelektross
|-damage|p2a: Eelektross|74/100
|move|p2a: Eelektross|Knock Off|p1a: Metagross
|-supereffective|p1a: Metagross
|-damage|p1a: Metagross|56/100
|-enditem|p1a: Metagross|Leftovers|[from] move: Knock Off|[of] p2a: Eelektross
|
|upkeep
|turn|17
|
|t:|1779807479
|move|p1a: Metagross|Meteor Mash|p2a: Eelektross
|-resisted|p2a: Eelektross
|-damage|p2a: Eelektross|50/100
|move|p2a: Eelektross|Supercell Slam|p1a: Metagross
|-damage|p1a: Metagross|16/100
|
|upkeep
|turn|18
|
|t:|1779807486
|move|p1a: Metagross|Zen Headbutt|p2a: Eelektross
|-damage|p2a: Eelektross|2/100
|move|p2a: Eelektross|U-turn|p1a: Metagross
|-damage|p1a: Metagross|0 fnt
|faint|p1a: Metagross
|-message|peazzy forfeited.
|
|win|eserraba
|raw|peazzy's rating: 1084 &rarr; <strong>1065</strong><br />(-19 for losing)
|raw|eserraba's rating: 1140 &rarr; <strong>1161</strong><br />(+21 for winning)
|l|☆peazzy
|player|p1|
|l|☆eserraba
|player|p2|
