|j|☆TalesOfZodiac
|j|☆shauryagarchamp
|t:|1779869120
|gametype|singles
|player|p1|TalesOfZodiac|2|1250
|player|p2|shauryagarchamp|elesa-masters3|1262
|gen|9
|tier|[Gen 9] OU
|rated|
|rule|HP Percentage Mod: HP is shown in percentages
|rule|Endless Battle Clause: Forcing endless battles is banned
|rule|Species Clause: Limit one of each Pokémon
|rule|OHKO Clause: OHKO moves are banned
|rule|Evasion Items Clause: Evasion items are banned
|rule|Evasion Moves Clause: Evasion moves are banned
|rule|Evasion Abilities Clause: Evasion abilities are banned
|rule|Sleep Moves Clause: Sleep-inducing moves are banned
|clearpoke
|poke|p1|Darkrai|
|poke|p1|Heatran, M|
|poke|p1|Primarina, F|
|poke|p1|Corviknight, F|
|poke|p1|Landorus-Therian, M|
|poke|p1|Rillaboom, F|
|poke|p2|Iron Boulder|
|poke|p2|Ceruledge, F|
|poke|p2|Raging Bolt|
|poke|p2|Iron Valiant|
|poke|p2|Ogerpon-Wellspring, F|
|poke|p2|Kingambit, F|
|teampreview
|inactive|Battle timer is ON: inactive players will automatically lose when time's up. (requested by shauryagarchamp)
|
|t:|1779869136
|teamsize|p1|6
|teamsize|p2|6
|start
|switch|p1a: Rillaboom|Rillaboom, F|100/100
|switch|p2a: Priorlessfastturn1|Iron Boulder|100/100
|-fieldstart|move: Grassy Terrain|[from] ability: Grassy Surge|[of] p1a: Rillaboom
|-enditem|p2a: Priorlessfastturn1|Booster Energy
|-activate|p2a: Priorlessfastturn1|ability: Quark Drive|[fromitem]
|-start|p2a: Priorlessfastturn1|quarkdrivespe
|turn|1
|
|t:|1779869158
|move|p1a: Rillaboom|Grassy Glide|p2a: Priorlessfastturn1
|-supereffective|p2a: Priorlessfastturn1
|-damage|p2a: Priorlessfastturn1|0 fnt
|faint|p2a: Priorlessfastturn1
|-end|p2a: Priorlessfastturn1|Quark Drive|[silent]
|
|upkeep
|
|t:|1779869164
|switch|p2a: Ceruledge|Ceruledge, F|100/100
|turn|2
|
|t:|1779869170
|switch|p1a: Landorus|Landorus-Therian, M|100/100
|-ability|p1a: Landorus|Intimidate|boost
|-unboost|p2a: Ceruledge|atk|1
|move|p2a: Ceruledge|Swords Dance|p2a: Ceruledge
|-boost|p2a: Ceruledge|atk|2
|
|upkeep
|turn|3
|
|t:|1779869179
|switch|p2a: Ogerpon|Ogerpon-Wellspring, F|100/100
|move|p1a: Landorus|Earth Power|p2a: Ogerpon
|-resisted|p2a: Ogerpon
|-damage|p2a: Ogerpon|83/100
|
|-heal|p2a: Ogerpon|89/100|[from] Grassy Terrain
|upkeep
|turn|4
|
|t:|1779869205
|switch|p1a: Rillaboom|Rillaboom, F|100/100
|-terastallize|p2a: Ogerpon|Water
|detailschange|p2a: Ogerpon|Ogerpon-Wellspring-Tera, F, tera:Water
|-ability|p2a: Ogerpon|Embody Aspect (Wellspring)|boost
|-boost|p2a: Ogerpon|spd|1
|move|p2a: Ogerpon|Swords Dance|p2a: Ogerpon
|-boost|p2a: Ogerpon|atk|2
|
|-heal|p2a: Ogerpon|95/100|[from] Grassy Terrain
|upkeep
|turn|5
|inactive|TalesOfZodiac has 120 seconds left.
|
|t:|1779869223
|switch|p2a: Ceruledge|Ceruledge, F|100/100
|move|p1a: Rillaboom|Grassy Glide|p2a: Ceruledge
|-resisted|p2a: Ceruledge
|-damage|p2a: Ceruledge|67/100
|
|-heal|p2a: Ceruledge|73/100|[from] Grassy Terrain
|-fieldend|move: Grassy Terrain
|upkeep
|turn|6
|inactive|TalesOfZodiac has 120 seconds left.
|
|t:|1779869254
|switch|p1a: Primarina|Primarina, F|100/100
|switch|p2a: Ogerpon|Ogerpon-Wellspring-Tera, F, tera:Water|95/100
|-ability|p2a: Ogerpon|Embody Aspect (Wellspring)|boost
|-boost|p2a: Ogerpon|spd|1
|
|upkeep
|turn|7
|
|t:|1779869265
|switch|p1a: Rillaboom|Rillaboom, F|100/100
|-fieldstart|move: Grassy Terrain|[from] ability: Grassy Surge|[of] p1a: Rillaboom
|move|p2a: Ogerpon|Swords Dance|p2a: Ogerpon
|-boost|p2a: Ogerpon|atk|2
|
|-heal|p2a: Ogerpon|100/100|[from] Grassy Terrain
|upkeep
|turn|8
|
|t:|1779869272
|switch|p2a: Idkifiamgudornot|Kingambit, F|100/100
|-activate|p2a: Idkifiamgudornot|ability: Supreme Overlord
|-start|p2a: Idkifiamgudornot|fallen1|[silent]
|-item|p2a: Idkifiamgudornot|Air Balloon
|move|p1a: Rillaboom|Grassy Glide|p2a: Idkifiamgudornot
|-resisted|p2a: Idkifiamgudornot
|-damage|p2a: Idkifiamgudornot|79/100
|-enditem|p2a: Idkifiamgudornot|Air Balloon
|
|-heal|p2a: Idkifiamgudornot|86/100|[from] Grassy Terrain
|upkeep
|turn|9
|
|t:|1779869286
|switch|p1a: Corviknight|Corviknight, F|100/100
|move|p2a: Idkifiamgudornot|Swords Dance|p2a: Idkifiamgudornot
|-boost|p2a: Idkifiamgudornot|atk|2
|
|-heal|p2a: Idkifiamgudornot|92/100|[from] Grassy Terrain
|upkeep
|turn|10
|
|t:|1779869296
|-end|p2a: Idkifiamgudornot|fallen1|[silent]
|switch|p2a: Ceruledge|Ceruledge, F|73/100
|move|p1a: Corviknight|Body Press|p2a: Ceruledge
|-immune|p2a: Ceruledge
|
|-heal|p2a: Ceruledge|79/100|[from] Grassy Terrain
|upkeep
|turn|11
|inactive|TalesOfZodiac has 120 seconds left.
|
|t:|1779869314
|switch|p1a: Primarina|Primarina, F|100/100
|move|p2a: Ceruledge|Swords Dance|p2a: Ceruledge
|-boost|p2a: Ceruledge|atk|2
|
|-heal|p2a: Ceruledge|86/100|[from] Grassy Terrain
|-fieldend|move: Grassy Terrain
|upkeep
|turn|12
|inactive|TalesOfZodiac has 120 seconds left.
|
|t:|1779869337
|switch|p2a: Raging Bolt|Raging Bolt|100/100
|-enditem|p2a: Raging Bolt|Booster Energy
|-activate|p2a: Raging Bolt|ability: Protosynthesis|[fromitem]
|-start|p2a: Raging Bolt|protosynthesisspa
|move|p1a: Primarina|Hydro Pump|p2a: Raging Bolt
|-resisted|p2a: Raging Bolt
|-damage|p2a: Raging Bolt|68/100
|
|upkeep
|turn|13
|
|t:|1779869345
|move|p2a: Raging Bolt|Calm Mind|p2a: Raging Bolt
|-boost|p2a: Raging Bolt|spa|1
|-boost|p2a: Raging Bolt|spd|1
|move|p1a: Primarina|Moonblast|p2a: Raging Bolt
|-supereffective|p2a: Raging Bolt
|-damage|p2a: Raging Bolt|2/100
|-unboost|p2a: Raging Bolt|spa|1
|
|upkeep
|turn|14
|
|t:|1779869361
|move|p2a: Raging Bolt|Dragon Pulse|p1a: Primarina
|-immune|p1a: Primarina
|move|p1a: Primarina|Draining Kiss|p2a: Raging Bolt
|-supereffective|p2a: Raging Bolt
|-damage|p2a: Raging Bolt|0 fnt
|faint|p2a: Raging Bolt
|-end|p2a: Raging Bolt|Protosynthesis|[silent]
|
|upkeep
|-message|shauryagarchamp forfeited.
|
|win|TalesOfZodiac
|raw|TalesOfZodiac's rating: 1250 &rarr; <strong>1276</strong><br />(+26 for winning)
|raw|shauryagarchamp's rating: 1262 &rarr; <strong>1236</strong><br />(-26 for losing)
|l|☆shauryagarchamp
|player|p2|
|l|☆TalesOfZodiac
|player|p1|
