|j|☆ImBigRon
|j|☆garg is back
|t:|1779955679
|gametype|singles
|player|p1|ImBigRon|skullgrunt|1286
|player|p2|garg is back|ninjaboy|1348
|gen|9
|tier|[Gen 9] OU
|rated|
|rule|HP Percentage Mod: HP is shown in percentages
|rule|Endless Battle Clause: Forcing endless battles is banned
|rule|Species Clause: Limit one of each Pokémon
|rule|OHKO Clause: OHKO moves are banned
|rule|Evasion Items Clause: Evasion items are banned
|rule|Evasion Moves Clause: Evasion moves are banned
|rule|Evasion Abilities Clause: Evasion abilities are banned
|rule|Sleep Moves Clause: Sleep-inducing moves are banned
|clearpoke
|poke|p1|Blaziken, M|
|poke|p1|Ninetales, F|
|poke|p1|Venusaur, F|
|poke|p1|Hatterene, F|
|poke|p1|Great Tusk|
|poke|p1|Walking Wake|
|poke|p2|Weavile, M|
|poke|p2|Iron Moth|
|poke|p2|Great Tusk|
|poke|p2|Gholdengo|
|poke|p2|Rillaboom, M|
|poke|p2|Ogerpon-Wellspring, F|
|teampreview
|inactive|Battle timer is ON: inactive players will automatically lose when time's up. (requested by ImBigRon)
|
|t:|1779955688
|teamsize|p1|6
|teamsize|p2|6
|start
|switch|p1a: Walking Wake|Walking Wake|100/100
|switch|p2a: Great Tusk|Great Tusk|100/100
|turn|1
|
|t:|1779955698
|-end|p2a: Great Tusk|Protosynthesis|[silent]
|switch|p2a: Gholdengo|Gholdengo|100/100
|move|p1a: Walking Wake|Draco Meteor|p2a: Gholdengo|[miss]
|-miss|p1a: Walking Wake|p2a: Gholdengo
|
|upkeep
|turn|2
|
|t:|1779955703
|-end|p1a: Walking Wake|Protosynthesis|[silent]
|switch|p1a: Ninetales|Ninetales, F, shiny|100/100
|-weather|SunnyDay|[from] ability: Drought|[of] p1a: Ninetales
|move|p2a: Gholdengo|Shadow Ball|p1a: Ninetales
|-damage|p1a: Ninetales|56/100
|
|-weather|SunnyDay|[upkeep]
|upkeep
|turn|3
|
|t:|1779955707
|switch|p2a: Ogerpon|Ogerpon-Wellspring, F|100/100
|move|p1a: Ninetales|Flamethrower|p2a: Ogerpon
|-damage|p2a: Ogerpon|54/100
|
|-weather|SunnyDay|[upkeep]
|upkeep
|turn|4
|
|t:|1779955718
|switch|p1a: Walking Wake|Walking Wake|100/100
|-activate|p1a: Walking Wake|ability: Protosynthesis
|-start|p1a: Walking Wake|protosynthesisspe
|move|p2a: Ogerpon|U-turn|p1a: Walking Wake
|-damage|p1a: Walking Wake|72/100
|
|t:|1779955724
|switch|p2a: Iron Moth|Iron Moth|100/100|[from] U-turn
|-enditem|p2a: Iron Moth|Booster Energy
|-activate|p2a: Iron Moth|ability: Quark Drive|[fromitem]
|-start|p2a: Iron Moth|quarkdrivespe
|
|-weather|SunnyDay|[upkeep]
|upkeep
|turn|5
|
|t:|1779955735
|-terastallize|p2a: Iron Moth|Fairy
|move|p2a: Iron Moth|Dazzling Gleam|p1a: Walking Wake
|-supereffective|p1a: Walking Wake
|-damage|p1a: Walking Wake|0 fnt
|faint|p1a: Walking Wake
|-end|p1a: Walking Wake|Protosynthesis|[silent]
|
|-weather|SunnyDay|[upkeep]
|upkeep
|l|☆ImBigRon
|inactive|ImBigRon disconnected and has a minute to reconnect!
|player|p1|
|j|☆ImBigRon
|inactive|ImBigRon reconnected and has 120 seconds left.
|player|p1|ImBigRon|skullgrunt|
|
|t:|1779955764
|switch|p1a: Venusaur|Venusaur, F, shiny|100/100
|turn|6
|
|t:|1779955779
|-end|p2a: Iron Moth|Quark Drive|[silent]
|switch|p2a: Gholdengo|Gholdengo|100/100
|-terastallize|p1a: Venusaur|Fire
|move|p1a: Venusaur|Growth|p1a: Venusaur
|-boost|p1a: Venusaur|atk|2
|-boost|p1a: Venusaur|spa|2
|
|-weather|SunnyDay|[upkeep]
|upkeep
|turn|7
|inactive|garg is back has 120 seconds left.
|
|t:|1779955808
|move|p1a: Venusaur|Weather Ball|p2a: Gholdengo
|-supereffective|p2a: Gholdengo
|-damage|p2a: Gholdengo|0 fnt
|faint|p2a: Gholdengo
|-damage|p1a: Venusaur|91/100|[from] item: Life Orb
|
|-weather|SunnyDay|[upkeep]
|upkeep
|-message|garg is back forfeited.
|
|win|ImBigRon
|raw|ImBigRon's rating: 1286 &rarr; <strong>1315</strong><br />(+29 for winning)
|raw|garg is back's rating: 1348 &rarr; <strong>1324</strong><br />(-24 for losing)
|l|☆garg is back
|player|p2|
|l|☆ImBigRon
|player|p1|
