|j|☆bronnopsv
|j|☆NeedaBoyfriendASAP
|t:|1779870989
|gametype|singles
|player|p1|bronnopsv|gentleman-gen4|1181
|player|p2|NeedaBoyfriendASAP|swimmerf|1135
|gen|9
|tier|[Gen 9] OU
|rated|
|rule|HP Percentage Mod: HP is shown in percentages
|rule|Endless Battle Clause: Forcing endless battles is banned
|rule|Species Clause: Limit one of each Pokémon
|rule|OHKO Clause: OHKO moves are banned
|rule|Evasion Items Clause: Evasion items are banned
|rule|Evasion Moves Clause: Evasion moves are banned
|rule|Evasion Abilities Clause: Evasion abilities are banned
|rule|Sleep Moves Clause: Sleep-inducing moves are banned
|clearpoke
|poke|p1|Arcanine-Hisui, M|
|poke|p1|Fezandipiti, M|
|poke|p1|Drifblim, F|
|poke|p1|Iron Leaves|
|poke|p1|Great Tusk|
|poke|p1|Darkrai|
|poke|p2|Blaziken, F|
|poke|p2|Ninetales, M|
|poke|p2|Venusaur, M|
|poke|p2|Hatterene, F|
|poke|p2|Great Tusk|
|poke|p2|Walking Wake|
|teampreview
|
|t:|1779871015
|teamsize|p1|6
|teamsize|p2|6
|start
|switch|p1a: Drifblim|Drifblim, F|100/100
|switch|p2a: Great Tusk|Great Tusk|100/100
|turn|1
|
|t:|1779871024
|move|p2a: Great Tusk|Ice Spinner|p1a: Drifblim
|-supereffective|p1a: Drifblim
|-damage|p1a: Drifblim|47/100
|-enditem|p1a: Drifblim|Sitrus Berry|[eat]
|-heal|p1a: Drifblim|72/100|[from] item: Sitrus Berry
|move|p1a: Drifblim|Calm Mind|p1a: Drifblim
|-boost|p1a: Drifblim|spa|1
|-boost|p1a: Drifblim|spd|1
|
|upkeep
|turn|2
|
|t:|1779871031
|move|p1a: Drifblim|Strength Sap|p2a: Great Tusk
|-unboost|p2a: Great Tusk|atk|1
|-heal|p1a: Drifblim|100/100
|move|p2a: Great Tusk|Ice Spinner|p1a: Drifblim
|-supereffective|p1a: Drifblim
|-crit|p1a: Drifblim
|-damage|p1a: Drifblim|21/100
|
|upkeep
|turn|3
|
|t:|1779871058
|-end|p2a: Great Tusk|Protosynthesis|[silent]
|switch|p2a: Ninetales|Ninetales, M|100/100
|-weather|SunnyDay|[from] ability: Drought|[of] p2a: Ninetales
|move|p1a: Drifblim|Strength Sap|p2a: Ninetales
|-unboost|p2a: Ninetales|atk|1
|-heal|p1a: Drifblim|53/100
|
|-weather|SunnyDay|[upkeep]
|upkeep
|turn|4
|
|t:|1779871075
|move|p1a: Drifblim|Calm Mind|p1a: Drifblim
|-boost|p1a: Drifblim|spa|1
|-boost|p1a: Drifblim|spd|1
|move|p2a: Ninetales|Flamethrower|p1a: Drifblim
|-damage|p1a: Drifblim|33/100
|
|-weather|SunnyDay|[upkeep]
|upkeep
|turn|5
|
|t:|1779871095
|switch|p2a: Hatterene|Hatterene, F|100/100
|move|p1a: Drifblim|Strength Sap|p2a: Hatterene
|move|p2a: Hatterene|Strength Sap|p1a: Drifblim|[from] ability: Magic Bounce
|-unboost|p1a: Drifblim|atk|1
|
|-weather|SunnyDay|[upkeep]
|upkeep
|turn|6
|
|t:|1779871106
|move|p1a: Drifblim|Shadow Ball|p2a: Hatterene
|-supereffective|p2a: Hatterene
|-damage|p2a: Hatterene|0 fnt
|faint|p2a: Hatterene
|
|-weather|SunnyDay|[upkeep]
|upkeep
|
|t:|1779871122
|switch|p2a: Walking Wake|Walking Wake|100/100
|-activate|p2a: Walking Wake|ability: Protosynthesis
|-start|p2a: Walking Wake|protosynthesisspe
|turn|7
|
|t:|1779871132
|move|p2a: Walking Wake|Hydro Steam|p1a: Drifblim
|-damage|p1a: Drifblim|0 fnt
|faint|p1a: Drifblim
|
|-weather|SunnyDay|[upkeep]
|upkeep
|
|t:|1779871137
|switch|p1a: Iron Leaves|Iron Leaves|100/100
|-enditem|p1a: Iron Leaves|Booster Energy
|-activate|p1a: Iron Leaves|ability: Quark Drive|[fromitem]
|-start|p1a: Iron Leaves|quarkdrivespe
|turn|8
|
|t:|1779871155
|-end|p2a: Walking Wake|Protosynthesis|[silent]
|switch|p2a: Great Tusk|Great Tusk|100/100
|-activate|p2a: Great Tusk|ability: Protosynthesis
|-start|p2a: Great Tusk|protosynthesisatk
|move|p1a: Iron Leaves|Swords Dance|p1a: Iron Leaves
|-boost|p1a: Iron Leaves|atk|2
|
|-weather|SunnyDay|[upkeep]
|upkeep
|turn|9
|
|t:|1779871194
|-terastallize|p2a: Great Tusk|Fire
|move|p1a: Iron Leaves|Psyblade|p2a: Great Tusk
|-damage|p2a: Great Tusk|46/100
|move|p2a: Great Tusk|Rapid Spin|p1a: Iron Leaves
|-damage|p1a: Iron Leaves|75/100
|-boost|p2a: Great Tusk|spe|1
|
|-weather|SunnyDay|[upkeep]
|upkeep
|turn|10
|
|t:|1779871201
|move|p1a: Iron Leaves|Psyblade|p2a: Great Tusk
|-damage|p2a: Great Tusk|0 fnt
|faint|p2a: Great Tusk
|-end|p2a: Great Tusk|Protosynthesis|[silent]
|
|-weather|none
|upkeep
|
|t:|1779871226
|switch|p2a: Walking Wake|Walking Wake|100/100
|turn|11
|
|t:|1779871230
|move|p1a: Iron Leaves|Leaf Blade|p2a: Walking Wake
|-damage|p2a: Walking Wake|12/100
|move|p2a: Walking Wake|Flamethrower|p1a: Iron Leaves
|-supereffective|p1a: Iron Leaves
|-damage|p1a: Iron Leaves|0 fnt
|faint|p1a: Iron Leaves
|-end|p1a: Iron Leaves|Quark Drive|[silent]
|
|upkeep
|
|t:|1779871237
|switch|p1a: Great Tusk|Great Tusk|100/100
|-enditem|p1a: Great Tusk|Booster Energy
|-activate|p1a: Great Tusk|ability: Protosynthesis|[fromitem]
|-start|p1a: Great Tusk|protosynthesisatk
|turn|12
|
|t:|1779871252
|-end|p2a: Walking Wake|Protosynthesis|[silent]
|switch|p2a: Venusaur|Venusaur, M|100/100
|move|p1a: Great Tusk|Rapid Spin|p2a: Venusaur
|-damage|p2a: Venusaur|70/100
|-boost|p1a: Great Tusk|spe|1
|
|upkeep
|turn|13
|c|☆bronnopsv|i fucked up
|
|t:|1779871258
|move|p1a: Great Tusk|Earthquake|p2a: Venusaur
|-damage|p2a: Venusaur|0 fnt
|faint|p2a: Venusaur
|
|upkeep
|c|☆bronnopsv|you shouldve killed me
|
|t:|1779871295
|switch|p2a: Ninetales|Ninetales, M|100/100
|-weather|SunnyDay|[from] ability: Drought|[of] p2a: Ninetales
|turn|14
|
|t:|1779871306
|move|p1a: Great Tusk|Rapid Spin|p2a: Ninetales
|-damage|p2a: Ninetales|71/100
|-boost|p1a: Great Tusk|spe|1
|move|p2a: Ninetales|Will-O-Wisp|p1a: Great Tusk|[miss]
|-miss|p2a: Ninetales|p1a: Great Tusk
|
|-weather|SunnyDay|[upkeep]
|upkeep
|turn|15
|
|t:|1779871337
|move|p1a: Great Tusk|Earthquake|p2a: Ninetales
|-supereffective|p2a: Ninetales
|-damage|p2a: Ninetales|0 fnt
|faint|p2a: Ninetales
|
|-weather|SunnyDay|[upkeep]
|upkeep
|-message|NeedaBoyfriendASAP forfeited.
|
|win|bronnopsv
|raw|bronnopsv's rating: 1181 &rarr; <strong>1203</strong><br />(+22 for winning)
|raw|NeedaBoyfriendASAP's rating: 1135 &rarr; <strong>1113</strong><br />(-22 for losing)
|l|☆NeedaBoyfriendASAP
|player|p2|
|c|☆bronnopsv|gg
|l|☆bronnopsv
|player|p1|
