|j|☆gvgvjvfcgv
|j|☆sh3wn
|t:|1779843858
|gametype|singles
|player|p1|gvgvjvfcgv|265|1243
|player|p2|sh3wn|101|1322
|gen|9
|tier|[Gen 9] OU
|rated|
|rule|HP Percentage Mod: HP is shown in percentages
|rule|Endless Battle Clause: Forcing endless battles is banned
|rule|Species Clause: Limit one of each Pokémon
|rule|OHKO Clause: OHKO moves are banned
|rule|Evasion Items Clause: Evasion items are banned
|rule|Evasion Moves Clause: Evasion moves are banned
|rule|Evasion Abilities Clause: Evasion abilities are banned
|rule|Sleep Moves Clause: Sleep-inducing moves are banned
|clearpoke
|poke|p1|Dragonite, M|
|poke|p1|Clefable, M|
|poke|p1|Moltres|
|poke|p1|Haunter, M|
|poke|p1|Gengar, M|
|poke|p1|Golem, F|
|poke|p2|Drednaw, F|
|poke|p2|Pelipper, F|
|poke|p2|Indeedee, M|
|poke|p2|Hatterene, F|
|poke|p2|Barraskewda, F|
|poke|p2|Samurott-Hisui, M|
|teampreview
|
|t:|1779843867
|teamsize|p1|6
|teamsize|p2|6
|start
|switch|p1a: Lil bro|Haunter, M|100/100
|switch|p2a: Samurott|Samurott-Hisui, M|100/100
|turn|1
|
|t:|1779843878
|move|p1a: Lil bro|Shadow Ball|p2a: Samurott
|-resisted|p2a: Samurott
|-damage|p2a: Samurott|74/100
|-unboost|p2a: Samurott|spd|1
|move|p2a: Samurott|Ceaseless Edge|p1a: Lil bro
|-supereffective|p1a: Lil bro
|-crit|p1a: Lil bro
|-enditem|p1a: Lil bro|Focus Sash
|-damage|p1a: Lil bro|1/100
|-sidestart|p1: gvgvjvfcgv|Spikes
|
|upkeep
|turn|2
|
|t:|1779843889
|move|p2a: Samurott|Aqua Jet|p1a: Lil bro
|-damage|p1a: Lil bro|0 fnt
|faint|p1a: Lil bro
|
|upkeep
|
|t:|1779843900
|switch|p1a: Golem|Golem, F|100/100
|-damage|p1a: Golem|88/100|[from] Spikes
|turn|3
|
|t:|1779843907
|-terastallize|p1a: Golem|Normal
|move|p2a: Samurott|Razor Shell|p1a: Golem
|-damage|p1a: Golem|46/100
|move|p1a: Golem|Earthquake|p2a: Samurott
|-damage|p2a: Samurott|0 fnt
|faint|p2a: Samurott
|
|upkeep
|
|t:|1779843917
|switch|p2a: Pelipper|Pelipper, F|100/100
|-weather|RainDance|[from] ability: Drizzle|[of] p2a: Pelipper
|turn|4
|
|t:|1779843927
|switch|p2a: Drednaw|Drednaw, F|100/100
|switch|p1a: Clefable|Clefable, M|100/100
|
|-weather|RainDance|[upkeep]
|upkeep
|turn|5
|
|t:|1779843938
|move|p2a: Drednaw|Shell Smash|p2a: Drednaw
|-unboost|p2a: Drednaw|def|1
|-unboost|p2a: Drednaw|spd|1
|-boost|p2a: Drednaw|atk|2
|-boost|p2a: Drednaw|spa|2
|-boost|p2a: Drednaw|spe|2
|-enditem|p2a: Drednaw|White Herb
|-clearnegativeboost|p2a: Drednaw|[silent]
|move|p1a: Clefable|Thunder Wave|p2a: Drednaw
|-status|p2a: Drednaw|par
|
|-weather|RainDance|[upkeep]
|upkeep
|turn|6
|
|t:|1779843951
|move|p2a: Drednaw|Liquidation|p1a: Clefable
|-damage|p1a: Clefable|0 fnt
|faint|p1a: Clefable
|
|-weather|RainDance|[upkeep]
|upkeep
|
|t:|1779843962
|switch|p1a: Dragonite|Dragonite, M|100/100
|turn|7
|
|t:|1779843986
|move|p1a: Dragonite|Earthquake|p2a: Drednaw
|-supereffective|p2a: Drednaw
|-damage|p2a: Drednaw|7/100 par
|move|p2a: Drednaw|Stone Edge|p1a: Dragonite
|-supereffective|p1a: Dragonite
|-damage|p1a: Dragonite|0 fnt
|faint|p1a: Dragonite
|
|-weather|RainDance|[upkeep]
|upkeep
|
|t:|1779843994
|switch|p1a: Big bro|Gengar, M|100/100
|-damage|p1a: Big bro|88/100|[from] Spikes
|turn|8
|
|t:|1779843999
|move|p1a: Big bro|Shadow Ball|p2a: Drednaw
|-damage|p2a: Drednaw|0 fnt
|faint|p2a: Drednaw
|
|-weather|RainDance|[upkeep]
|upkeep
|
|t:|1779844002
|switch|p2a: Barraskewda|Barraskewda, F|100/100
|turn|9
|
|t:|1779844015
|move|p2a: Barraskewda|Liquidation|p1a: Big bro
|-crit|p1a: Big bro
|-damage|p1a: Big bro|0 fnt
|faint|p1a: Big bro
|
|-weather|RainDance|[upkeep]
|upkeep
|-message|gvgvjvfcgv forfeited.
|
|win|sh3wn
|raw|gvgvjvfcgv's rating: 1243 &rarr; <strong>1224</strong><br />(-19 for losing)
|raw|sh3wn's rating: 1322 &rarr; <strong>1338</strong><br />(+16 for winning)
|l|☆gvgvjvfcgv
|player|p1|
|l|☆sh3wn
|player|p2|
