|j|☆kilimanjaaro
|j|☆swl_kitkat
|t:|1779866503
|gametype|singles
|player|p1|kilimanjaaro|1|1303
|player|p2|swl_kitkat|pokemonbreederf-gen4|1288
|gen|9
|tier|[Gen 9] OU
|rated|
|rule|HP Percentage Mod: HP is shown in percentages
|rule|Endless Battle Clause: Forcing endless battles is banned
|rule|Species Clause: Limit one of each Pokémon
|rule|OHKO Clause: OHKO moves are banned
|rule|Evasion Items Clause: Evasion items are banned
|rule|Evasion Moves Clause: Evasion moves are banned
|rule|Evasion Abilities Clause: Evasion abilities are banned
|rule|Sleep Moves Clause: Sleep-inducing moves are banned
|clearpoke
|poke|p1|Garganacl, M|
|poke|p1|Kingambit, M|
|poke|p1|Gholdengo|
|poke|p1|Grimmsnarl, M|
|poke|p1|Cinderace, F|
|poke|p1|Raging Bolt|
|poke|p2|Clawitzer, M|
|poke|p2|Cloyster, F|
|poke|p2|Dragapult, M|
|poke|p2|Polteageist|
|poke|p2|Cinderace, M|
|poke|p2|Zapdos|
|teampreview
|
|t:|1779866513
|teamsize|p1|6
|teamsize|p2|6
|start
|switch|p1a: Grimmsnarl|Grimmsnarl, M|100/100
|switch|p2a: Clawitzer|Clawitzer, M|100/100
|turn|1
|
|t:|1779866517
|move|p1a: Grimmsnarl|Light Screen|p1a: Grimmsnarl
|-sidestart|p1: kilimanjaaro|move: Light Screen
|move|p2a: Clawitzer|Water Pulse|p1a: Grimmsnarl
|-damage|p1a: Grimmsnarl|85/100
|-start|p1a: Grimmsnarl|confusion
|
|upkeep
|turn|2
|
|t:|1779866522
|switch|p2a: Cinderace|Cinderace, M|100/100
|-activate|p1a: Grimmsnarl|confusion
|move|p1a: Grimmsnarl|Spirit Break|p2a: Cinderace
|-resisted|p2a: Cinderace
|-damage|p2a: Cinderace|77/100
|-unboost|p2a: Cinderace|spa|1
|
|upkeep
|turn|3
|
|t:|1779866526
|-end|p1a: Grimmsnarl|confusion
|move|p1a: Grimmsnarl|Reflect|p1a: Grimmsnarl
|-sidestart|p1: kilimanjaaro|Reflect
|move|p2a: Cinderace|Pyro Ball|p1a: Grimmsnarl|[miss]
|-miss|p2a: Cinderace|p1a: Grimmsnarl
|
|upkeep
|turn|4
|
|t:|1779866530
|move|p1a: Grimmsnarl|Thunder Wave|p2a: Cinderace
|-status|p2a: Cinderace|par
|move|p2a: Cinderace|Court Change|p2a: Cinderace
|-start|p2a: Cinderace|typechange|Normal|[from] ability: Libero
|-swapsideconditions
|-activate|p2a: Cinderace|move: Court Change
|
|upkeep
|turn|5
|
|t:|1779866541
|switch|p1a: Cinderace|Cinderace, F|100/100
|move|p2a: Cinderace|Pyro Ball|p1a: Cinderace
|-resisted|p1a: Cinderace
|-damage|p1a: Cinderace|72/100
|
|upkeep
|turn|6
|
|t:|1779866546
|move|p1a: Cinderace|Court Change|p1a: Cinderace
|-start|p1a: Cinderace|typechange|Normal|[from] ability: Libero
|-swapsideconditions
|-activate|p1a: Cinderace|move: Court Change
|move|p2a: Cinderace|High Jump Kick|p1a: Cinderace
|-supereffective|p1a: Cinderace
|-damage|p1a: Cinderace|13/100
|
|upkeep
|turn|7
|
|t:|1779866563
|move|p2a: Cinderace|Sucker Punch|p1a: Cinderace
|-damage|p1a: Cinderace|0 fnt
|faint|p1a: Cinderace
|
|upkeep
|
|t:|1779866575
|switch|p1a: Raging Bolt|Raging Bolt|100/100
|-enditem|p1a: Raging Bolt|Booster Energy
|-activate|p1a: Raging Bolt|ability: Protosynthesis|[fromitem]
|-start|p1a: Raging Bolt|protosynthesisspa
|turn|8
|
|t:|1779866581
|move|p1a: Raging Bolt|Thunderclap|p2a: Cinderace
|-damage|p2a: Cinderace|0 fnt
|faint|p2a: Cinderace
|
|-sideend|p1: kilimanjaaro|move: Light Screen
|upkeep
|
|t:|1779866585
|switch|p2a: Dragapult|Dragapult, M|100/100
|turn|9
|
|t:|1779866596
|move|p2a: Dragapult|Shadow Ball|p1a: Raging Bolt
|-damage|p1a: Raging Bolt|54/100
|move|p1a: Raging Bolt|Dragon Pulse|p2a: Dragapult
|-supereffective|p2a: Dragapult
|-damage|p2a: Dragapult|0 fnt
|faint|p2a: Dragapult
|
|upkeep
|
|t:|1779866600
|switch|p2a: Clawitzer|Clawitzer, M|100/100
|turn|10
|
|t:|1779866603
|-terastallize|p2a: Clawitzer|Dragon
|move|p1a: Raging Bolt|Protect|p1a: Raging Bolt
|-singleturn|p1a: Raging Bolt|Protect
|move|p2a: Clawitzer|Dragon Pulse|p1a: Raging Bolt
|-activate|p1a: Raging Bolt|move: Protect
|
|-sideend|p1: kilimanjaaro|Reflect
|upkeep
|turn|11
|
|t:|1779866613
|switch|p2a: Polteageist|Polteageist|100/100
|-end|p1a: Raging Bolt|Protosynthesis|[silent]
|switch|p1a: Gholdengo|Gholdengo|100/100
|-item|p1a: Gholdengo|Air Balloon
|
|upkeep
|turn|12
|
|t:|1779866619
|move|p2a: Polteageist|Shell Smash|p2a: Polteageist
|-unboost|p2a: Polteageist|def|1
|-unboost|p2a: Polteageist|spd|1
|-boost|p2a: Polteageist|atk|2
|-boost|p2a: Polteageist|spa|2
|-boost|p2a: Polteageist|spe|2
|move|p1a: Gholdengo|Shadow Ball|p2a: Polteageist
|-supereffective|p2a: Polteageist
|-enditem|p2a: Polteageist|Focus Sash
|-damage|p2a: Polteageist|1/100
|
|upkeep
|turn|13
|
|t:|1779866630
|-terastallize|p1a: Gholdengo|Fairy
|move|p2a: Polteageist|Shadow Ball|p1a: Gholdengo
|-damage|p1a: Gholdengo|16/100
|-enditem|p1a: Gholdengo|Air Balloon
|move|p1a: Gholdengo|Shadow Ball|p2a: Polteageist
|-supereffective|p2a: Polteageist
|-damage|p2a: Polteageist|0 fnt
|faint|p2a: Polteageist
|
|upkeep
|
|t:|1779866639
|switch|p2a: Zapdos|Zapdos|100/100
|turn|14
|
|t:|1779866641
|move|p2a: Zapdos|Hurricane|p1a: Gholdengo
|-damage|p1a: Gholdengo|0 fnt
|faint|p1a: Gholdengo
|
|upkeep
|
|t:|1779866644
|switch|p1a: Grimmsnarl|Grimmsnarl, M|85/100
|turn|15
|
|t:|1779866649
|move|p1a: Grimmsnarl|Light Screen|p1a: Grimmsnarl
|-sidestart|p1: kilimanjaaro|move: Light Screen
|move|p2a: Zapdos|Hurricane|p1a: Grimmsnarl|[miss]
|-miss|p2a: Zapdos|p1a: Grimmsnarl
|
|upkeep
|turn|16
|
|t:|1779866654
|move|p1a: Grimmsnarl|Reflect|p1a: Grimmsnarl
|-sidestart|p1: kilimanjaaro|Reflect
|move|p2a: Zapdos|Thunderbolt|p1a: Grimmsnarl
|-damage|p1a: Grimmsnarl|65/100
|
|upkeep
|turn|17
|
|t:|1779866659
|move|p2a: Zapdos|Thunderbolt|p1a: Grimmsnarl
|-damage|p1a: Grimmsnarl|45/100
|move|p1a: Grimmsnarl|Spirit Break|p2a: Zapdos
|-damage|p2a: Zapdos|67/100
|-unboost|p2a: Zapdos|spa|1
|-status|p1a: Grimmsnarl|par|[from] ability: Static|[of] p2a: Zapdos
|
|-heal|p2a: Zapdos|73/100|[from] item: Leftovers
|upkeep
|turn|18
|
|t:|1779866667
|switch|p2a: Clawitzer|Clawitzer, M, tera:Dragon|100/100
|switch|p1a: Garganacl|Garganacl, M|100/100
|
|upkeep
|turn|19
|
|t:|1779866673
|move|p2a: Clawitzer|Water Pulse|p1a: Garganacl
|-supereffective|p1a: Garganacl
|-damage|p1a: Garganacl|74/100
|move|p1a: Garganacl|Salt Cure|p2a: Clawitzer
|-damage|p2a: Clawitzer|81/100
|-start|p2a: Clawitzer|Salt Cure
|
|-damage|p2a: Clawitzer|69/100|[from] Salt Cure
|upkeep
|turn|20
|
|t:|1779866681
|move|p2a: Clawitzer|Water Pulse|p1a: Garganacl
|-supereffective|p1a: Garganacl
|-damage|p1a: Garganacl|43/100
|move|p1a: Garganacl|Iron Defense|p1a: Garganacl
|-boost|p1a: Garganacl|def|2
|
|-damage|p2a: Clawitzer|57/100|[from] Salt Cure
|upkeep
|turn|21
|
|t:|1779866685
|move|p2a: Clawitzer|Water Pulse|p1a: Garganacl
|-supereffective|p1a: Garganacl
|-damage|p1a: Garganacl|13/100
|-start|p1a: Garganacl|confusion
|-activate|p1a: Garganacl|confusion
|move|p1a: Garganacl|Recover|p1a: Garganacl
|-heal|p1a: Garganacl|63/100
|
|-damage|p2a: Clawitzer|44/100|[from] Salt Cure
|upkeep
|turn|22
|
|t:|1779866690
|switch|p1a: Raging Bolt|Raging Bolt|54/100
|move|p2a: Clawitzer|Water Pulse|p1a: Raging Bolt
|-resisted|p1a: Raging Bolt
|-damage|p1a: Raging Bolt|44/100
|
|-damage|p2a: Clawitzer|32/100|[from] Salt Cure
|-sideend|p1: kilimanjaaro|move: Light Screen
|upkeep
|turn|23
|
|t:|1779866693
|move|p1a: Raging Bolt|Thunderclap|p2a: Clawitzer
|-resisted|p2a: Clawitzer
|-damage|p2a: Clawitzer|4/100
|move|p2a: Clawitzer|Water Pulse|p1a: Raging Bolt
|-resisted|p1a: Raging Bolt
|-damage|p1a: Raging Bolt|26/100
|
|-damage|p2a: Clawitzer|0 fnt|[from] Salt Cure
|faint|p2a: Clawitzer
|-sideend|p1: kilimanjaaro|Reflect
|upkeep
|
|t:|1779866696
|switch|p2a: Zapdos|Zapdos|73/100
|turn|24
|
|t:|1779866700
|move|p1a: Raging Bolt|Protect|p1a: Raging Bolt
|-singleturn|p1a: Raging Bolt|Protect
|move|p2a: Zapdos|Hurricane|p1a: Raging Bolt
|-activate|p1a: Raging Bolt|move: Protect
|
|-heal|p2a: Zapdos|79/100|[from] item: Leftovers
|upkeep
|turn|25
|
|t:|1779866706
|move|p2a: Zapdos|Hurricane|p1a: Raging Bolt
|-resisted|p1a: Raging Bolt
|-damage|p1a: Raging Bolt|0 fnt
|faint|p1a: Raging Bolt
|-end|p1a: Raging Bolt|Protosynthesis|[silent]
|
|-heal|p2a: Zapdos|86/100|[from] item: Leftovers
|upkeep
|
|t:|1779866709
|switch|p1a: Grimmsnarl|Grimmsnarl, M|45/100 par
|turn|26
|
|t:|1779866717
|cant|p1a: Grimmsnarl|par
|move|p2a: Zapdos|Hurricane|p1a: Grimmsnarl|[miss]
|-miss|p2a: Zapdos|p1a: Grimmsnarl
|
|-heal|p2a: Zapdos|92/100|[from] item: Leftovers
|upkeep
|turn|27
|
|t:|1779866720
|move|p1a: Grimmsnarl|Light Screen|p1a: Grimmsnarl
|-sidestart|p1: kilimanjaaro|move: Light Screen
|move|p2a: Zapdos|Hurricane|p1a: Grimmsnarl
|-damage|p1a: Grimmsnarl|21/100 par
|-start|p1a: Grimmsnarl|confusion
|
|-heal|p2a: Zapdos|98/100|[from] item: Leftovers
|upkeep
|turn|28
|
|t:|1779866727
|move|p2a: Zapdos|Hurricane|p1a: Grimmsnarl|[miss]
|-miss|p2a: Zapdos|p1a: Grimmsnarl
|-activate|p1a: Grimmsnarl|confusion
|move|p1a: Grimmsnarl|Spirit Break|p2a: Zapdos
|-damage|p2a: Zapdos|66/100
|-unboost|p2a: Zapdos|spa|1
|
|-heal|p2a: Zapdos|72/100|[from] item: Leftovers
|upkeep
|turn|29
|
|t:|1779866732
|switch|p1a: Garganacl|Garganacl, M|63/100
|move|p2a: Zapdos|Hurricane|p1a: Garganacl
|-resisted|p1a: Garganacl
|-damage|p1a: Garganacl|56/100
|-start|p1a: Garganacl|confusion
|
|-heal|p2a: Zapdos|79/100|[from] item: Leftovers
|upkeep
|turn|30
|
|t:|1779866737
|switch|p2a: Cloyster|Cloyster, F|100/100
|-activate|p1a: Garganacl|confusion
|move|p1a: Garganacl|Recover|p1a: Garganacl
|-heal|p1a: Garganacl|100/100
|
|upkeep
|turn|31
|
|t:|1779866745
|move|p2a: Cloyster|Shell Smash|p2a: Cloyster
|-unboost|p2a: Cloyster|def|1
|-unboost|p2a: Cloyster|spd|1
|-boost|p2a: Cloyster|atk|2
|-boost|p2a: Cloyster|spa|2
|-boost|p2a: Cloyster|spe|2
|-enditem|p2a: Cloyster|White Herb
|-clearnegativeboost|p2a: Cloyster|[silent]
|-end|p1a: Garganacl|confusion
|move|p1a: Garganacl|Salt Cure|p2a: Cloyster
|-supereffective|p2a: Cloyster
|-damage|p2a: Cloyster|78/100
|-start|p2a: Cloyster|Salt Cure
|
|-damage|p2a: Cloyster|53/100|[from] Salt Cure
|upkeep
|turn|32
|
|t:|1779866753
|move|p2a: Cloyster|Liquidation|p1a: Garganacl
|-supereffective|p1a: Garganacl
|-damage|p1a: Garganacl|0 fnt
|-damage|p2a: Cloyster|37/100|[from] item: Rocky Helmet|[of] p1a: Garganacl
|faint|p1a: Garganacl
|
|-damage|p2a: Cloyster|12/100|[from] Salt Cure
|upkeep
|
|t:|1779866758
|switch|p1a: Grimmsnarl|Grimmsnarl, M|21/100 par
|turn|33
|
|t:|1779866762
|cant|p1a: Grimmsnarl|par
|move|p2a: Cloyster|Icicle Spear|p1a: Grimmsnarl
|-damage|p1a: Grimmsnarl|0 fnt
|faint|p1a: Grimmsnarl
|-hitcount|p1: Grimmsnarl|1
|
|-damage|p2a: Cloyster|0 fnt|[from] Salt Cure
|faint|p2a: Cloyster
|upkeep
|
|t:|1779866764
|switch|p2a: Zapdos|Zapdos|79/100
|switch|p1a: Kingambit|Kingambit, M|100/100
|-activate|p1a: Kingambit|ability: Supreme Overlord
|-start|p1a: Kingambit|fallen5|[silent]
|turn|34
|
|t:|1779866768
|move|p2a: Zapdos|Heat Wave|p1a: Kingambit|[miss]
|-miss|p2a: Zapdos|p1a: Kingambit
|move|p1a: Kingambit|Kowtow Cleave|p2a: Zapdos
|-damage|p2a: Zapdos|0 fnt
|-status|p1a: Kingambit|par|[from] ability: Static|[of] p2a: Zapdos
|faint|p2a: Zapdos
|-damage|p1a: Kingambit|91/100 par|[from] item: Life Orb
|
|win|kilimanjaaro
|raw|kilimanjaaro's rating: 1303 &rarr; <strong>1322</strong><br />(+19 for winning)
|raw|swl_kitkat's rating: 1288 &rarr; <strong>1264</strong><br />(-24 for losing)
|l|☆kilimanjaaro
|player|p1|
|l|☆swl_kitkat
|player|p2|
