|j|☆ceeeed
|j|☆claudechamp
|t:|1779894041
|gametype|singles
|player|p1|ceeeed|skyla|1291
|player|p2|claudechamp|169|1285
|gen|9
|tier|[Gen 9] OU
|rated|
|rule|HP Percentage Mod: HP is shown in percentages
|rule|Endless Battle Clause: Forcing endless battles is banned
|rule|Species Clause: Limit one of each Pokémon
|rule|OHKO Clause: OHKO moves are banned
|rule|Evasion Items Clause: Evasion items are banned
|rule|Evasion Moves Clause: Evasion moves are banned
|rule|Evasion Abilities Clause: Evasion abilities are banned
|rule|Sleep Moves Clause: Sleep-inducing moves are banned
|clearpoke
|poke|p1|Zapdos|
|poke|p1|Goodra-Hisui, M|
|poke|p1|Kingambit, F|
|poke|p1|Ogerpon-Wellspring, F|
|poke|p1|Moltres|
|poke|p1|Great Tusk|
|poke|p2|Gliscor, F|
|poke|p2|Gholdengo|
|poke|p2|Zamazenta-*|
|poke|p2|Blissey, F|
|poke|p2|Skarmory, M|
|poke|p2|Pecharunt|
|teampreview
|c|☆claudechamp|hf
|inactive|Battle timer is ON: inactive players will automatically lose when time's up. (requested by claudechamp)
|
|t:|1779894050
|teamsize|p1|6
|teamsize|p2|6
|start
|switch|p1a: Zapdos|Zapdos|100/100
|switch|p2a: Skarmory|Skarmory, M|100/100
|turn|1
|
|t:|1779894062
|move|p1a: Zapdos|Heat Wave|p2a: Skarmory
|-supereffective|p2a: Skarmory
|-damage|p2a: Skarmory|14/100
|move|p2a: Skarmory|Body Press|p1a: Zapdos
|-resisted|p1a: Zapdos
|-damage|p1a: Zapdos|82/100
|
|upkeep
|turn|2
|
|t:|1779894071
|switch|p2a: Gliscor|Gliscor, F|100/100
|move|p1a: Zapdos|Heat Wave|p2a: Gliscor
|-damage|p2a: Gliscor|73/100
|
|-status|p2a: Gliscor|tox|[from] item: Toxic Orb
|upkeep
|turn|3
|
|t:|1779894082
|switch|p2a: Zamazenta|Zamazenta|100/100
|-ability|p2a: Zamazenta|Dauntless Shield|boost
|-boost|p2a: Zamazenta|def|1
|move|p1a: Zapdos|Hurricane|p2a: Zamazenta
|-supereffective|p2a: Zamazenta
|-damage|p2a: Zamazenta|4/100
|-start|p2a: Zamazenta|confusion
|
|upkeep
|turn|4
|
|t:|1779894091
|switch|p2a: Blissey|Blissey, F|100/100
|move|p1a: Zapdos|Volt Switch|p2a: Blissey
|-damage|p2a: Blissey|90/100
|
|t:|1779894094
|switch|p1a: Great Tusk|Great Tusk|100/100|[from] Volt Switch
|-enditem|p1a: Great Tusk|Booster Energy
|-activate|p1a: Great Tusk|ability: Protosynthesis|[fromitem]
|-start|p1a: Great Tusk|protosynthesisatk
|
|upkeep
|turn|5
|
|t:|1779894103
|move|p1a: Great Tusk|Headlong Rush|p2a: Blissey
|-damage|p2a: Blissey|10/100
|-unboost|p1a: Great Tusk|def|1
|-unboost|p1a: Great Tusk|spd|1
|move|p2a: Blissey|Stealth Rock|p1a: Great Tusk
|-sidestart|p1: ceeeed|move: Stealth Rock
|
|upkeep
|turn|6
|
|t:|1779894111
|move|p1a: Great Tusk|Rapid Spin|p2a: Blissey
|-damage|p2a: Blissey|0 fnt
|-boost|p1a: Great Tusk|spe|1
|-sideend|p1: ceeeed|Stealth Rock|[from] move: Rapid Spin|[of] p1a: Great Tusk
|faint|p2a: Blissey
|
|upkeep
|
|t:|1779894121
|switch|p2a: Pecharunt|Pecharunt|100/100
|turn|7
|
|t:|1779894128
|-terastallize|p2a: Pecharunt|Fairy
|move|p1a: Great Tusk|Headlong Rush|p2a: Pecharunt
|-damage|p2a: Pecharunt|61/100
|-unboost|p1a: Great Tusk|def|1
|-unboost|p1a: Great Tusk|spd|1
|move|p2a: Pecharunt|Shadow Ball|p1a: Great Tusk
|-damage|p1a: Great Tusk|27/100
|
|upkeep
|turn|8
|inactive|ceeeed has 120 seconds left.
|
|t:|1779894160
|move|p1a: Great Tusk|Headlong Rush|p2a: Pecharunt
|-damage|p2a: Pecharunt|25/100
|-unboost|p1a: Great Tusk|def|1
|-unboost|p1a: Great Tusk|spd|1
|move|p2a: Pecharunt|Recover|p2a: Pecharunt
|-heal|p2a: Pecharunt|75/100
|
|upkeep
|turn|9
|
|t:|1779894163
|move|p1a: Great Tusk|Headlong Rush|p2a: Pecharunt
|-damage|p2a: Pecharunt|35/100
|-unboost|p1a: Great Tusk|def|1
|-unboost|p1a: Great Tusk|spd|1
|move|p2a: Pecharunt|Shadow Ball|p1a: Great Tusk
|-damage|p1a: Great Tusk|0 fnt
|faint|p1a: Great Tusk
|-end|p1a: Great Tusk|Protosynthesis|[silent]
|
|upkeep
|inactive|ceeeed has 120 seconds left.
|
|t:|1779894184
|switch|p1a: Kingambit|Kingambit, F|100/100
|-activate|p1a: Kingambit|ability: Supreme Overlord
|-start|p1a: Kingambit|fallen1|[silent]
|turn|10
|inactive|ceeeed has 120 seconds left.
|
|t:|1779894192
|move|p1a: Kingambit|Sucker Punch||[still]
|-fail|p1a: Kingambit
|move|p2a: Pecharunt|Recover|p2a: Pecharunt
|-heal|p2a: Pecharunt|85/100
|
|upkeep
|turn|11
|
|t:|1779894202
|move|p2a: Pecharunt|Parting Shot|p1a: Kingambit
|-unboost|p1a: Kingambit|atk|1
|-unboost|p1a: Kingambit|spa|1
|
|t:|1779894210
|switch|p2a: Gliscor|Gliscor, F|73/100 tox|[from] Parting Shot
|move|p1a: Kingambit|Swords Dance|p1a: Kingambit
|-boost|p1a: Kingambit|atk|2
|
|-heal|p2a: Gliscor|85/100 tox|[from] ability: Poison Heal
|upkeep
|turn|12
|
|t:|1779894226
|move|p2a: Gliscor|Knock Off|p1a: Kingambit
|-resisted|p1a: Kingambit
|-damage|p1a: Kingambit|93/100
|-enditem|p1a: Kingambit|Leftovers|[from] move: Knock Off|[of] p2a: Gliscor
|move|p1a: Kingambit|Swords Dance|p1a: Kingambit
|-boost|p1a: Kingambit|atk|2
|
|-heal|p2a: Gliscor|98/100 tox|[from] ability: Poison Heal
|upkeep
|turn|13
|
|t:|1779894235
|switch|p2a: Pecharunt|Pecharunt, tera:Fairy|85/100
|move|p1a: Kingambit|Kowtow Cleave|p2a: Pecharunt
|-resisted|p2a: Pecharunt
|-damage|p2a: Pecharunt|54/100
|
|upkeep
|turn|14
|
|t:|1779894252
|move|p2a: Pecharunt|Shadow Ball|p1a: Kingambit
|-resisted|p1a: Kingambit
|-damage|p1a: Kingambit|80/100
|move|p1a: Kingambit|Swords Dance|p1a: Kingambit
|-boost|p1a: Kingambit|atk|2
|
|upkeep
|turn|15
|
|t:|1779894261
|switch|p2a: Zamazenta|Zamazenta|4/100
|move|p1a: Kingambit|Kowtow Cleave|p2a: Zamazenta
|-resisted|p2a: Zamazenta
|-damage|p2a: Zamazenta|0 fnt
|faint|p2a: Zamazenta
|
|upkeep
|
|t:|1779894263
|switch|p2a: Gliscor|Gliscor, F|98/100 tox
|turn|16
|
|t:|1779894278
|move|p2a: Gliscor|Earthquake|p1a: Kingambit
|-supereffective|p1a: Kingambit
|-damage|p1a: Kingambit|29/100
|move|p1a: Kingambit|Kowtow Cleave|p2a: Gliscor
|-damage|p2a: Gliscor|0 fnt
|faint|p2a: Gliscor
|
|upkeep
|
|t:|1779894289
|switch|p2a: Skarmory|Skarmory, M|14/100
|turn|17
|
|t:|1779894294
|move|p1a: Kingambit|Sucker Punch|p2a: Skarmory
|-damage|p2a: Skarmory|0 fnt
|faint|p2a: Skarmory
|
|upkeep
|
|t:|1779894302
|switch|p2a: Gholdengo|Gholdengo|100/100
|turn|18
|
|t:|1779894310
|switch|p2a: Pecharunt|Pecharunt, tera:Fairy|54/100
|move|p1a: Kingambit|Sucker Punch||[still]
|-fail|p1a: Kingambit
|
|upkeep
|turn|19
|
|t:|1779894321
|move|p2a: Pecharunt|Shadow Ball|p1a: Kingambit
|-resisted|p1a: Kingambit
|-damage|p1a: Kingambit|16/100
|-unboost|p1a: Kingambit|spd|1
|move|p1a: Kingambit|Kowtow Cleave|p2a: Pecharunt
|-resisted|p2a: Pecharunt
|-damage|p2a: Pecharunt|6/100
|
|upkeep
|turn|20
|
|t:|1779894329
|move|p1a: Kingambit|Sucker Punch|p2a: Pecharunt
|-resisted|p2a: Pecharunt
|-damage|p2a: Pecharunt|0 fnt
|faint|p2a: Pecharunt
|
|upkeep
|
|t:|1779894338
|switch|p2a: Gholdengo|Gholdengo|100/100
|turn|21
|
|t:|1779894341
|move|p1a: Kingambit|Sucker Punch|p2a: Gholdengo
|-supereffective|p2a: Gholdengo
|-damage|p2a: Gholdengo|0 fnt
|faint|p2a: Gholdengo
|
|win|ceeeed
|raw|ceeeed's rating: 1291 &rarr; <strong>1315</strong><br />(+24 for winning)
|raw|claudechamp's rating: 1284 &rarr; <strong>1260</strong><br />(-24 for losing)
|c|☆claudechamp|gg
|c|☆ceeeed|ez
|l|☆ceeeed
|player|p1|
