|j|☆el metrallas
|j|☆Dispear04
|t:|1779892482
|gametype|singles
|player|p1|el metrallas|swimmerf-gen4|1331
|player|p2|Dispear04|miku-ghost|1300
|gen|9
|tier|[Gen 9] OU
|rated|
|rule|HP Percentage Mod: HP is shown in percentages
|rule|Endless Battle Clause: Forcing endless battles is banned
|rule|Species Clause: Limit one of each Pokémon
|rule|OHKO Clause: OHKO moves are banned
|rule|Evasion Items Clause: Evasion items are banned
|rule|Evasion Moves Clause: Evasion moves are banned
|rule|Evasion Abilities Clause: Evasion abilities are banned
|rule|Sleep Moves Clause: Sleep-inducing moves are banned
|clearpoke
|poke|p1|Hydreigon, F|
|poke|p1|Ribombee, M|
|poke|p1|Tauros-Paldea-Blaze, M|
|poke|p1|Clodsire, M|
|poke|p1|Mamoswine, F|
|poke|p1|Gholdengo|
|poke|p2|Cresselia, F|
|poke|p2|Hatterene, F|
|poke|p2|Ursaluna, M|
|poke|p2|Raging Bolt|
|poke|p2|Iron Valiant|
|poke|p2|Volcanion|
|teampreview
|inactive|Battle timer is ON: inactive players will automatically lose when time's up. (requested by Dispear04)
|
|t:|1779892490
|teamsize|p1|6
|teamsize|p2|6
|start
|switch|p1a: Tuerta|Ribombee, M, shiny|100/100
|switch|p2a: Hatterene|Hatterene, F, shiny|100/100
|turn|1
|
|t:|1779892495
|move|p1a: Tuerta|Moonblast|p2a: Hatterene
|-damage|p2a: Hatterene|56/100
|move|p2a: Hatterene|Psychic Noise|p1a: Tuerta
|-damage|p1a: Tuerta|36/100
|
|upkeep
|turn|2
|
|t:|1779892504
|move|p1a: Tuerta|Moonblast|p2a: Hatterene
|-damage|p2a: Hatterene|15/100
|-unboost|p2a: Hatterene|spa|1
|move|p2a: Hatterene|Trick Room|p2a: Hatterene
|-fieldstart|move: Trick Room|[of] p2a: Hatterene
|
|upkeep
|turn|3
|
|t:|1779892524
|switch|p2a: Ursaluna|Ursaluna, M|100/100
|switch|p1a: Mamuten|Mamoswine, F|100/100
|
|-status|p2a: Ursaluna|brn|[from] item: Flame Orb
|upkeep
|turn|4
|inactive|Dispear04 has 120 seconds left.
|
|t:|1779892554
|switch|p1a: Torete|Tauros-Paldea-Blaze, M, shiny|100/100
|-ability|p1a: Torete|Intimidate|boost
|-unboost|p2a: Ursaluna|atk|1
|-terastallize|p2a: Ursaluna|Normal
|move|p2a: Ursaluna|Facade|p1a: Torete
|-damage|p1a: Torete|0 fnt
|faint|p1a: Torete
|
|-damage|p2a: Ursaluna|94/100 brn|[from] brn
|upkeep
|
|t:|1779892566
|switch|p1a: Bombas|Gholdengo|100/100
|-item|p1a: Bombas|Air Balloon
|turn|5
|
|t:|1779892573
|move|p2a: Ursaluna|Fire Punch|p1a: Bombas
|-supereffective|p1a: Bombas
|-damage|p1a: Bombas|31/100
|-status|p1a: Bombas|brn
|-enditem|p1a: Bombas|Air Balloon
|move|p1a: Bombas|Make It Rain|p2a: Ursaluna
|-damage|p2a: Ursaluna|37/100 brn
|-unboost|p1a: Bombas|spa|1
|
|-damage|p2a: Ursaluna|31/100 brn|[from] brn
|-damage|p1a: Bombas|25/100 brn|[from] brn
|upkeep
|turn|6
|
|t:|1779892586
|switch|p1a: Collejas|Hydreigon, F|100/100
|move|p2a: Ursaluna|Headlong Rush|p1a: Collejas
|-immune|p1a: Collejas|[from] ability: Levitate
|
|-damage|p2a: Ursaluna|24/100 brn|[from] brn
|-fieldend|move: Trick Room
|upkeep
|turn|7
|
|t:|1779892596
|switch|p2a: Cresselia|Cresselia, F|100/100
|move|p1a: Collejas|Dark Pulse|p2a: Cresselia
|-supereffective|p2a: Cresselia
|-damage|p2a: Cresselia|22/100
|-enditem|p2a: Cresselia|Eject Button
|
|t:|1779892606
|switch|p2a: Iron Valiant|Iron Valiant|100/100
|-enditem|p2a: Iron Valiant|Booster Energy
|-activate|p2a: Iron Valiant|ability: Quark Drive|[fromitem]
|-start|p2a: Iron Valiant|quarkdrivespa
|
|upkeep
|turn|8
|
|t:|1779892614
|switch|p1a: Director|Clodsire, M, shiny|100/100
|move|p2a: Iron Valiant|Moonblast|p1a: Director
|-resisted|p1a: Director
|-damage|p1a: Director|79/100
|
|-heal|p1a: Director|85/100|[from] item: Leftovers
|upkeep
|turn|9
|
|t:|1779892623
|move|p2a: Iron Valiant|Shadow Ball|p1a: Director
|-damage|p1a: Director|59/100
|-unboost|p1a: Director|spd|1
|move|p1a: Director|Earthquake|p2a: Iron Valiant
|-damage|p2a: Iron Valiant|67/100
|
|-heal|p1a: Director|65/100|[from] item: Leftovers
|upkeep
|turn|10
|
|t:|1779892634
|switch|p1a: Bombas|Gholdengo|25/100 brn
|move|p2a: Iron Valiant|Shadow Ball|p1a: Bombas
|-supereffective|p1a: Bombas
|-damage|p1a: Bombas|0 fnt
|faint|p1a: Bombas
|
|upkeep
|
|t:|1779892642
|switch|p1a: Tuerta|Ribombee, M, shiny|36/100
|turn|11
|
|t:|1779892645
|move|p1a: Tuerta|Moonblast|p2a: Iron Valiant
|-supereffective|p2a: Iron Valiant
|-damage|p2a: Iron Valiant|0 fnt
|faint|p2a: Iron Valiant
|-end|p2a: Iron Valiant|Quark Drive|[silent]
|
|upkeep
|
|t:|1779892653
|switch|p2a: Cresselia|Cresselia, F|22/100
|turn|12
|
|t:|1779892659
|move|p1a: Tuerta|Moonblast|p2a: Cresselia
|-damage|p2a: Cresselia|0 fnt
|faint|p2a: Cresselia
|
|upkeep
|
|t:|1779892663
|switch|p2a: Raging Bolt|Raging Bolt|100/100
|turn|13
|
|t:|1779892670
|switch|p1a: Director|Clodsire, M, shiny|65/100
|move|p2a: Raging Bolt|Thunderclap||[still]
|-fail|p2a: Raging Bolt
|
|-heal|p1a: Director|71/100|[from] item: Leftovers
|upkeep
|turn|14
|
|t:|1779892675
|-end|p2a: Raging Bolt|Protosynthesis|[silent]
|switch|p2a: Volcanion|Volcanion|100/100
|move|p1a: Director|Earthquake|p2a: Volcanion
|-supereffective|p2a: Volcanion
|-damage|p2a: Volcanion|59/100
|
|-heal|p1a: Director|77/100|[from] item: Leftovers
|upkeep
|turn|15
|
|t:|1779892680
|move|p2a: Volcanion|Steam Eruption|p1a: Director
|-heal|p1a: Director|100/100|[from] ability: Water Absorb|[of] p2a: Volcanion
|move|p1a: Director|Earthquake|p2a: Volcanion
|-supereffective|p2a: Volcanion
|-damage|p2a: Volcanion|16/100
|
|upkeep
|turn|16
|-message|Dispear04 forfeited.
|
|win|el metrallas
|raw|el metrallas's rating: 1331 &rarr; <strong>1349</strong><br />(+18 for winning)
|raw|Dispear04's rating: 1300 &rarr; <strong>1277</strong><br />(-23 for losing)
|l|☆Dispear04
|player|p2|
|l|☆el metrallas
|player|p1|
