|j|☆Shampoogini
|j|☆22dt
|t:|1779820292
|gametype|singles
|player|p1|Shampoogini|102|1389
|player|p2|22dt|266|1422
|gen|9
|tier|[Gen 9] OU
|rated|
|rule|HP Percentage Mod: HP is shown in percentages
|rule|Endless Battle Clause: Forcing endless battles is banned
|rule|Species Clause: Limit one of each Pokémon
|rule|OHKO Clause: OHKO moves are banned
|rule|Evasion Items Clause: Evasion items are banned
|rule|Evasion Moves Clause: Evasion moves are banned
|rule|Evasion Abilities Clause: Evasion abilities are banned
|rule|Sleep Moves Clause: Sleep-inducing moves are banned
|clearpoke
|poke|p1|Serperior, F|
|poke|p1|Slowking-Galar, F|
|poke|p1|Ceruledge, M|
|poke|p1|Glimmora, M|
|poke|p1|Gliscor, F|
|poke|p1|Zamazenta-*|
|poke|p2|Kyurem|
|poke|p2|Corviknight, F|
|poke|p2|Ting-Lu|
|poke|p2|Dondozo, M|
|poke|p2|Slowking-Galar, F|
|poke|p2|Cinderace, M|
|teampreview
|inactive|Battle timer is ON: inactive players will automatically lose when time's up. (requested by 22dt)
|inactive|22dt has 120 seconds left.
|
|t:|1779820323
|teamsize|p1|6
|teamsize|p2|6
|start
|switch|p1a: Serperior|Serperior, F|100/100
|switch|p2a: Kyurem|Kyurem|100/100
|-ability|p2a: Kyurem|Pressure
|turn|1
|
|t:|1779820335
|switch|p2a: Cinderace|Cinderace, M|100/100
|move|p1a: Serperior|Glare|p2a: Cinderace
|-status|p2a: Cinderace|par
|
|upkeep
|turn|2
|
|t:|1779820341
|switch|p1a: Glimmora|Glimmora, M|100/100
|move|p2a: Cinderace|U-turn|p1a: Glimmora
|-resisted|p1a: Glimmora
|-damage|p1a: Glimmora|94/100
|-damage|p2a: Cinderace|84/100 par|[from] item: Rocky Helmet|[of] p1a: Glimmora
|-activate|p1a: Glimmora|ability: Toxic Debris
|-sidestart|p2: 22dt|move: Toxic Spikes
|
|t:|1779820348
|switch|p2a: Slowking|Slowking-Galar, F|100/100|[from] U-turn
|-sideend|p2: 22dt|move: Toxic Spikes|[of] p2a: Slowking
|
|upkeep
|turn|3
|
|t:|1779820358
|switch|p1a: Slowking|Slowking-Galar, F|100/100
|move|p2a: Slowking|Future Sight|p1a: Slowking
|-start|p2a: Slowking|move: Future Sight
|
|upkeep
|turn|4
|
|t:|1779820366
|move|p1a: Slowking|Calm Mind|p1a: Slowking
|-boost|p1a: Slowking|spa|1
|-boost|p1a: Slowking|spd|1
|-prepare|p2a: Slowking|Chilly Reception|[premajor]
|move|p2a: Slowking|Chilly Reception|p2a: Slowking
|-weather|Snowscape
|
|t:|1779820372
|switch|p2a: Ting-Lu|Ting-Lu|100/100|[from] Chilly Reception
|-ability|p2a: Ting-Lu|Vessel of Ruin
|
|-weather|Snowscape|[upkeep]
|upkeep
|turn|5
|
|t:|1779820376
|move|p2a: Ting-Lu|Payback|p1a: Slowking
|-supereffective|p1a: Slowking
|-damage|p1a: Slowking|70/100
|move|p1a: Slowking|Focus Blast|p2a: Ting-Lu
|-supereffective|p2a: Ting-Lu
|-damage|p2a: Ting-Lu|62/100
|-unboost|p2a: Ting-Lu|spd|1
|
|-weather|Snowscape|[upkeep]
|-end|p1a: Slowking|move: Future Sight
|-damage|p1a: Slowking|53/100
|-heal|p2a: Ting-Lu|69/100|[from] item: Leftovers
|-heal|p1a: Slowking|59/100|[from] item: Leftovers
|upkeep
|turn|6
|
|t:|1779820388
|switch|p2a: Slowking|Slowking-Galar, F|100/100
|switch|p1a: Zamazenta|Zamazenta|100/100
|-ability|p1a: Zamazenta|Dauntless Shield|boost
|-boost|p1a: Zamazenta|def|1
|
|-weather|Snowscape|[upkeep]
|upkeep
|turn|7
|
|t:|1779820397
|switch|p2a: Cinderace|Cinderace, M|84/100 par
|move|p1a: Zamazenta|Reflect|p1a: Zamazenta
|-sidestart|p1: Shampoogini|Reflect
|
|-weather|Snowscape|[upkeep]
|upkeep
|turn|8
|
|t:|1779820406
|move|p1a: Zamazenta|Reflect||[still]
|-fail|p1a: Zamazenta
|move|p2a: Cinderace|Will-O-Wisp|p1a: Zamazenta
|-status|p1a: Zamazenta|brn
|
|-weather|none
|-damage|p1a: Zamazenta|94/100 brn|[from] brn
|upkeep
|turn|9
|
|t:|1779820414
|move|p1a: Zamazenta|Light Screen|p1a: Zamazenta
|-sidestart|p1: Shampoogini|move: Light Screen
|move|p2a: Cinderace|U-turn|p1a: Zamazenta
|-resisted|p1a: Zamazenta
|-damage|p1a: Zamazenta|92/100 brn
|
|t:|1779820421
|switch|p2a: Corviknight|Corviknight, F|100/100|[from] U-turn
|-ability|p2a: Corviknight|Pressure
|
|-damage|p1a: Zamazenta|86/100 brn|[from] brn
|upkeep
|turn|10
|
|t:|1779820429
|switch|p1a: Serperior|Serperior, F|100/100
|move|p2a: Corviknight|Defog|p1a: Serperior
|-boost|p1a: Serperior|evasion|1
|-sideend|p1: Shampoogini|Reflect
|-sideend|p1: Shampoogini|move: Light Screen
|
|upkeep
|turn|11
|
|t:|1779820443
|switch|p2a: Cinderace|Cinderace, M|84/100 par
|move|p1a: Serperior|Glare|p2a: Cinderace
|-fail|p2a: Cinderace|par
|
|upkeep
|turn|12
|
|t:|1779820447
|switch|p1a: Ceruledge|Ceruledge, M|100/100
|cant|p2a: Cinderace|par
|
|upkeep
|turn|13
|
|t:|1779820455
|switch|p2a: Dondozo|Dondozo, M|100/100
|move|p1a: Ceruledge|Swords Dance|p1a: Ceruledge
|-boost|p1a: Ceruledge|atk|2
|
|upkeep
|turn|14
|
|t:|1779820460
|switch|p1a: Serperior|Serperior, F|100/100
|move|p2a: Dondozo|Curse|p2a: Dondozo
|-unboost|p2a: Dondozo|spe|1
|-boost|p2a: Dondozo|atk|1
|-boost|p2a: Dondozo|def|1
|
|upkeep
|turn|15
|
|t:|1779820465
|switch|p2a: Cinderace|Cinderace, M|84/100 par
|move|p1a: Serperior|Glare|p2a: Cinderace
|-fail|p2a: Cinderace|par
|
|upkeep
|turn|16
|
|t:|1779820474
|switch|p1a: Glimmora|Glimmora, M|94/100
|move|p2a: Cinderace|U-turn|p1a: Glimmora
|-resisted|p1a: Glimmora
|-crit|p1a: Glimmora
|-damage|p1a: Glimmora|83/100
|-damage|p2a: Cinderace|68/100 par|[from] item: Rocky Helmet|[of] p1a: Glimmora
|-activate|p1a: Glimmora|ability: Toxic Debris
|-sidestart|p2: 22dt|move: Toxic Spikes
|
|t:|1779820483
|switch|p2a: Slowking|Slowking-Galar, F|100/100|[from] U-turn
|-sideend|p2: 22dt|move: Toxic Spikes|[of] p2a: Slowking
|
|upkeep
|turn|17
|
|t:|1779820487
|move|p1a: Glimmora|Spikes|p2a: Slowking
|-sidestart|p2: 22dt|Spikes
|move|p2a: Slowking|Future Sight|p1a: Glimmora
|-start|p2a: Slowking|move: Future Sight
|
|upkeep
|turn|18
|
|t:|1779820494
|switch|p1a: Slowking|Slowking-Galar, F|92/100
|-prepare|p2a: Slowking|Chilly Reception|[premajor]
|move|p2a: Slowking|Chilly Reception|p2a: Slowking
|-weather|Snowscape
|
|t:|1779820500
|switch|p2a: Cinderace|Cinderace, M|68/100 par|[from] Chilly Reception
|
|-weather|Snowscape|[upkeep]
|-heal|p1a: Slowking|98/100|[from] item: Leftovers
|upkeep
|turn|19
|
|t:|1779820504
|move|p2a: Cinderace|Court Change|p2a: Cinderace
|-swapsideconditions
|-activate|p2a: Cinderace|move: Court Change
|move|p1a: Slowking|Iron Defense|p1a: Slowking
|-boost|p1a: Slowking|def|2
|
|-weather|Snowscape|[upkeep]
|-end|p1a: Slowking|move: Future Sight
|-damage|p1a: Slowking|65/100
|-heal|p1a: Slowking|71/100|[from] item: Leftovers
|upkeep
|turn|20
|
|t:|1779820516
|switch|p2a: Slowking|Slowking-Galar, F|100/100
|move|p1a: Slowking|Calm Mind|p1a: Slowking
|-boost|p1a: Slowking|spa|1
|-boost|p1a: Slowking|spd|1
|
|-weather|Snowscape|[upkeep]
|-heal|p1a: Slowking|77/100|[from] item: Leftovers
|upkeep
|turn|21
|
|t:|1779820524
|move|p1a: Slowking|Calm Mind|p1a: Slowking
|-boost|p1a: Slowking|spa|1
|-boost|p1a: Slowking|spd|1
|move|p2a: Slowking|Future Sight|p1a: Slowking
|-start|p2a: Slowking|move: Future Sight
|
|-weather|Snowscape|[upkeep]
|-heal|p1a: Slowking|83/100|[from] item: Leftovers
|upkeep
|turn|22
|
|t:|1779820531
|move|p1a: Slowking|Iron Defense|p1a: Slowking
|-boost|p1a: Slowking|def|2
|-prepare|p2a: Slowking|Chilly Reception|[premajor]
|move|p2a: Slowking|Chilly Reception|p2a: Slowking
|
|t:|1779820537
|switch|p2a: Dondozo|Dondozo, M|100/100|[from] Chilly Reception
|
|-weather|none
|-heal|p1a: Slowking|89/100|[from] item: Leftovers
|upkeep
|turn|23
|
|t:|1779820547
|-terastallize|p2a: Dondozo|Dark
|move|p2a: Dondozo|Curse|p2a: Dondozo
|-unboost|p2a: Dondozo|spe|1
|-boost|p2a: Dondozo|atk|1
|-boost|p2a: Dondozo|def|1
|move|p1a: Slowking|Stored Power|p2a: Dondozo
|-immune|p2a: Dondozo
|
|-end|p1a: Slowking|move: Future Sight
|-damage|p1a: Slowking|73/100
|-heal|p1a: Slowking|79/100|[from] item: Leftovers
|upkeep
|turn|24
|
|t:|1779820560
|switch|p1a: Serperior|Serperior, F|100/100
|-damage|p1a: Serperior|88/100|[from] Spikes
|move|p2a: Dondozo|Waterfall|p1a: Serperior
|-resisted|p1a: Serperior
|-damage|p1a: Serperior|68/100
|
|-heal|p1a: Serperior|74/100|[from] item: Leftovers
|upkeep
|turn|25
|
|t:|1779820572
|switch|p2a: Cinderace|Cinderace, M|68/100 par
|move|p1a: Serperior|Glare|p2a: Cinderace
|-fail|p2a: Cinderace|par
|
|-heal|p1a: Serperior|80/100|[from] item: Leftovers
|upkeep
|turn|26
|
|t:|1779820581
|switch|p1a: Glimmora|Glimmora, M|83/100
|-damage|p1a: Glimmora|70/100|[from] Spikes
|move|p2a: Cinderace|U-turn|p1a: Glimmora
|-resisted|p1a: Glimmora
|-damage|p1a: Glimmora|63/100
|-damage|p2a: Cinderace|51/100 par|[from] item: Rocky Helmet|[of] p1a: Glimmora
|-activate|p1a: Glimmora|ability: Toxic Debris
|-sidestart|p2: 22dt|move: Toxic Spikes
|
|t:|1779820585
|switch|p2a: Slowking|Slowking-Galar, F|100/100|[from] U-turn
|-sideend|p2: 22dt|move: Toxic Spikes|[of] p2a: Slowking
|
|upkeep
|turn|27
|
|t:|1779820600
|switch|p2a: Ting-Lu|Ting-Lu|69/100
|-ability|p2a: Ting-Lu|Vessel of Ruin
|move|p1a: Glimmora|Mortal Spin|p2a: Ting-Lu
|-resisted|p2a: Ting-Lu
|-crit|p2a: Ting-Lu
|-damage|p2a: Ting-Lu|66/100
|-status|p2a: Ting-Lu|psn
|-sideend|p1: Shampoogini|Spikes|[from] move: Mortal Spin|[of] p1a: Glimmora
|
|-heal|p2a: Ting-Lu|72/100 psn|[from] item: Leftovers
|-damage|p2a: Ting-Lu|60/100 psn|[from] psn
|upkeep
|turn|28
|
|t:|1779820615
|switch|p1a: Serperior|Serperior, F|80/100
|move|p2a: Ting-Lu|Rest|p2a: Ting-Lu
|-status|p2a: Ting-Lu|slp|[from] move: Rest
|-heal|p2a: Ting-Lu|100/100 slp|[silent]
|
|-heal|p1a: Serperior|86/100|[from] item: Leftovers
|upkeep
|turn|29
|
|t:|1779820622
|switch|p2a: Slowking|Slowking-Galar, F|100/100
|move|p1a: Serperior|Leaf Storm|p2a: Slowking
|-resisted|p2a: Slowking
|-damage|p2a: Slowking|90/100
|-boost|p1a: Serperior|spa|2
|
|-heal|p1a: Serperior|93/100|[from] item: Leftovers
|upkeep
|turn|30
|
|t:|1779820645
|move|p1a: Serperior|Glare|p2a: Slowking
|-status|p2a: Slowking|par
|move|p2a: Slowking|Sludge Bomb|p1a: Serperior
|-supereffective|p1a: Serperior
|-damage|p1a: Serperior|28/100
|
|-heal|p1a: Serperior|34/100|[from] item: Leftovers
|upkeep
|turn|31
|
|t:|1779820656
|switch|p1a: Glimmora|Glimmora, M|63/100
|move|p2a: Slowking|Sludge Bomb|p1a: Glimmora
|-resisted|p1a: Glimmora
|-damage|p1a: Glimmora|55/100
|
|upkeep
|turn|32
|
|t:|1779820667
|switch|p1a: Zamazenta|Zamazenta|86/100 brn
|move|p2a: Slowking|Future Sight|p1a: Zamazenta
|-start|p2a: Slowking|move: Future Sight
|
|-damage|p1a: Zamazenta|80/100 brn|[from] brn
|upkeep
|turn|33
|
|t:|1779820677
|switch|p2a: Corviknight|Corviknight, F|100/100
|-ability|p2a: Corviknight|Pressure
|move|p1a: Zamazenta|Light Screen|p1a: Zamazenta
|-sidestart|p1: Shampoogini|move: Light Screen
|
|-damage|p1a: Zamazenta|73/100 brn|[from] brn
|upkeep
|turn|34
|
|t:|1779820683
|switch|p1a: Slowking|Slowking-Galar, F|100/100
|move|p2a: Corviknight|U-turn|p1a: Slowking
|-damage|p1a: Slowking|90/100
|
|t:|1779820687
|switch|p2a: Cinderace|Cinderace, M|51/100 par|[from] U-turn
|
|-end|p1a: Slowking|move: Future Sight
|-damage|p1a: Slowking|74/100
|-heal|p1a: Slowking|80/100|[from] item: Leftovers
|upkeep
|turn|35
|
|t:|1779820700
|switch|p1a: Ceruledge|Ceruledge, M|100/100
|cant|p2a: Cinderace|par
|
|upkeep
|turn|36
|
|t:|1779820712
|switch|p2a: Dondozo|Dondozo, M, tera:Dark|100/100
|move|p1a: Ceruledge|Swords Dance|p1a: Ceruledge
|-boost|p1a: Ceruledge|atk|2
|
|upkeep
|turn|37
|
|t:|1779820719
|-terastallize|p1a: Ceruledge|Fighting
|move|p1a: Ceruledge|Brick Break|p2a: Dondozo
|-supereffective|p2a: Dondozo
|-damage|p2a: Dondozo|53/100
|-damage|p1a: Ceruledge|91/100|[from] item: Life Orb
|move|p2a: Dondozo|Waterfall|p1a: Ceruledge
|-damage|p1a: Ceruledge|58/100
|
|-heal|p2a: Dondozo|60/100|[from] item: Leftovers
|upkeep
|turn|38
|
|t:|1779820741
|move|p1a: Ceruledge|Bitter Blade|p2a: Dondozo
|-damage|p2a: Dondozo|30/100
|-heal|p1a: Ceruledge|79/100|[from] drain|[of] p2a: Dondozo
|-damage|p1a: Ceruledge|69/100|[from] item: Life Orb
|move|p2a: Dondozo|Rest|p2a: Dondozo
|-status|p2a: Dondozo|slp|[from] move: Rest
|-heal|p2a: Dondozo|100/100 slp|[silent]
|
|upkeep
|turn|39
|
|t:|1779820760
|switch|p2a: Slowking|Slowking-Galar, F|100/100 par
|move|p1a: Ceruledge|Bitter Blade|p2a: Slowking
|-damage|p2a: Slowking|0 fnt
|-heal|p1a: Ceruledge|100/100|[from] drain|[of] p2a: Slowking
|faint|p2a: Slowking
|-damage|p1a: Ceruledge|91/100|[from] item: Life Orb
|
|upkeep
|
|t:|1779820768
|switch|p2a: Cinderace|Cinderace, M|51/100 par
|turn|40
|
|t:|1779820774
|move|p1a: Ceruledge|Bitter Blade|p2a: Cinderace
|-resisted|p2a: Cinderace
|-damage|p2a: Cinderace|0 fnt
|-heal|p1a: Ceruledge|100/100|[from] drain|[of] p2a: Cinderace
|faint|p2a: Cinderace
|-damage|p1a: Ceruledge|91/100|[from] item: Life Orb
|
|-sideend|p1: Shampoogini|move: Light Screen
|upkeep
|
|t:|1779820782
|switch|p2a: Kyurem|Kyurem|100/100
|-ability|p2a: Kyurem|Pressure
|turn|41
|
|t:|1779820795
|move|p2a: Kyurem|Freeze-Dry|p1a: Ceruledge
|-damage|p1a: Ceruledge|55/100
|move|p1a: Ceruledge|Bitter Blade|p2a: Kyurem
|-crit|p2a: Kyurem
|-damage|p2a: Kyurem|0 fnt
|-heal|p1a: Ceruledge|100/100|[from] drain|[of] p2a: Kyurem
|faint|p2a: Kyurem
|-damage|p1a: Ceruledge|91/100|[from] item: Life Orb
|
|upkeep
|c|☆22dt|ggs
|-message|22dt forfeited.
|
|win|Shampoogini
|raw|Shampoogini's rating: 1389 &rarr; <strong>1411</strong><br />(+22 for winning)
|raw|22dt's rating: 1422 &rarr; <strong>1400</strong><br />(-22 for losing)
|l|☆22dt
|player|p2|
