|j|☆Computerzz
|j|☆PixelPenguin2
|t:|1779857476
|gametype|singles
|player|p1|Computerzz|will|1395
|player|p2|PixelPenguin2|guitarist|1377
|gen|9
|tier|[Gen 9] OU
|rated|
|rule|HP Percentage Mod: HP is shown in percentages
|rule|Endless Battle Clause: Forcing endless battles is banned
|rule|Species Clause: Limit one of each Pokémon
|rule|OHKO Clause: OHKO moves are banned
|rule|Evasion Items Clause: Evasion items are banned
|rule|Evasion Moves Clause: Evasion moves are banned
|rule|Evasion Abilities Clause: Evasion abilities are banned
|rule|Sleep Moves Clause: Sleep-inducing moves are banned
|clearpoke
|poke|p1|Weavile, F|
|poke|p1|Hatterene, F|
|poke|p1|Primarina, F|
|poke|p1|Moltres|
|poke|p1|Gholdengo|
|poke|p1|Great Tusk|
|poke|p2|Mandibuzz, F|
|poke|p2|Clodsire, F|
|poke|p2|Reuniclus, F|
|poke|p2|Gliscor, M|
|poke|p2|Dragapult, F|
|poke|p2|Moltres|
|teampreview
|inactive|Battle timer is ON: inactive players will automatically lose when time's up. (requested by PixelPenguin2)
|
|t:|1779857480
|teamsize|p1|6
|teamsize|p2|6
|start
|switch|p1a: Oof|Weavile, F|100/100
|switch|p2a: Reuniclus|Reuniclus, F|100/100
|turn|1
|
|t:|1779857483
|switch|p2a: Moltres|Moltres|100/100
|move|p1a: Oof|Knock Off|p2a: Moltres
|-damage|p2a: Moltres|29/100
|-enditem|p2a: Moltres|Heavy-Duty Boots|[from] move: Knock Off|[of] p1a: Oof
|
|upkeep
|turn|2
|
|t:|1779857487
|move|p1a: Oof|Knock Off|p2a: Moltres
|-damage|p2a: Moltres|0 fnt
|faint|p2a: Moltres
|
|upkeep
|
|t:|1779857493
|switch|p2a: Mandibuzz|Mandibuzz, F|100/100
|turn|3
|
|t:|1779857503
|switch|p1a: Hatterene|Hatterene, F|100/100
|move|p2a: Mandibuzz|Toxic|p1a: Hatterene
|move|p1a: Hatterene|Toxic|p2a: Mandibuzz|[from] ability: Magic Bounce
|-status|p2a: Mandibuzz|tox
|
|-damage|p2a: Mandibuzz|94/100 tox|[from] psn
|upkeep
|turn|4
|
|t:|1779857507
|switch|p2a: Clodsire|Clodsire, F|100/100
|move|p1a: Hatterene|Psyshock|p2a: Clodsire
|-supereffective|p2a: Clodsire
|-damage|p2a: Clodsire|21/100
|
|upkeep
|turn|5
|
|t:|1779857514
|move|p1a: Hatterene|Psyshock|p2a: Clodsire
|-supereffective|p2a: Clodsire
|-damage|p2a: Clodsire|0 fnt
|faint|p2a: Clodsire
|
|upkeep
|
|t:|1779857515
|switch|p2a: Gliscor|Gliscor, M|100/100
|turn|6
|
|t:|1779857525
|move|p2a: Gliscor|Earthquake|p1a: Hatterene
|-damage|p1a: Hatterene|76/100
|move|p1a: Hatterene|Calm Mind|p1a: Hatterene
|-boost|p1a: Hatterene|spa|1
|-boost|p1a: Hatterene|spd|1
|
|-heal|p1a: Hatterene|82/100|[from] item: Leftovers
|-status|p2a: Gliscor|tox|[from] item: Toxic Orb
|upkeep
|turn|7
|
|t:|1779857533
|switch|p2a: Reuniclus|Reuniclus, F|100/100
|move|p1a: Hatterene|Draining Kiss|p2a: Reuniclus
|-damage|p2a: Reuniclus|65/100
|-heal|p1a: Hatterene|100/100|[from] drain|[of] p2a: Reuniclus
|
|upkeep
|turn|8
|inactive|Computerzz has 120 seconds left.
|
|t:|1779857564
|move|p2a: Reuniclus|Shadow Ball|p1a: Hatterene
|-supereffective|p1a: Hatterene
|-damage|p1a: Hatterene|46/100
|move|p1a: Hatterene|Calm Mind|p1a: Hatterene
|-boost|p1a: Hatterene|spa|1
|-boost|p1a: Hatterene|spd|1
|
|-heal|p1a: Hatterene|52/100|[from] item: Leftovers
|upkeep
|turn|9
|
|t:|1779857569
|move|p2a: Reuniclus|Shadow Ball|p1a: Hatterene
|-supereffective|p1a: Hatterene
|-damage|p1a: Hatterene|12/100
|move|p1a: Hatterene|Draining Kiss|p2a: Reuniclus
|-damage|p2a: Reuniclus|23/100
|-heal|p1a: Hatterene|49/100|[from] drain|[of] p2a: Reuniclus
|
|-heal|p1a: Hatterene|55/100|[from] item: Leftovers
|upkeep
|turn|10
|
|t:|1779857575
|move|p2a: Reuniclus|Shadow Ball|p1a: Hatterene
|-supereffective|p1a: Hatterene
|-crit|p1a: Hatterene
|-damage|p1a: Hatterene|0 fnt
|faint|p1a: Hatterene
|
|upkeep
|
|t:|1779857578
|switch|p1a: Oof|Weavile, F|100/100
|turn|11
|
|t:|1779857585
|move|p1a: Oof|Knock Off|p2a: Reuniclus
|-supereffective|p2a: Reuniclus
|-damage|p2a: Reuniclus|0 fnt
|-enditem|p2a: Reuniclus|Life Orb|[from] move: Knock Off|[of] p1a: Oof
|faint|p2a: Reuniclus
|
|upkeep
|
|t:|1779857591
|switch|p2a: Dragapult|Dragapult, F|100/100
|turn|12
|
|t:|1779857596
|move|p2a: Dragapult|Will-O-Wisp|p1a: Oof
|-status|p1a: Oof|brn
|move|p1a: Oof|Knock Off|p2a: Dragapult
|-supereffective|p2a: Dragapult
|-damage|p2a: Dragapult|6/100
|-enditem|p2a: Dragapult|Heavy-Duty Boots|[from] move: Knock Off|[of] p1a: Oof
|
|-damage|p1a: Oof|94/100 brn|[from] brn
|upkeep
|turn|13
|
|t:|1779857603
|switch|p2a: Gliscor|Gliscor, M|100/100 tox
|move|p1a: Oof|Knock Off|p2a: Gliscor
|-damage|p2a: Gliscor|72/100 tox
|-enditem|p2a: Gliscor|Toxic Orb|[from] move: Knock Off|[of] p1a: Oof
|
|-heal|p2a: Gliscor|85/100 tox|[from] ability: Poison Heal
|-damage|p1a: Oof|88/100 brn|[from] brn
|upkeep
|turn|14
|
|t:|1779857621
|switch|p1a: Primarina|Primarina, F|100/100
|-terastallize|p2a: Gliscor|Water
|move|p2a: Gliscor|Stealth Rock|p1a: Primarina
|-sidestart|p1: Computerzz|move: Stealth Rock
|
|-heal|p2a: Gliscor|97/100 tox|[from] ability: Poison Heal
|upkeep
|turn|15
|
|t:|1779857632
|move|p2a: Gliscor|Earthquake|p1a: Primarina
|-damage|p1a: Primarina|59/100
|move|p1a: Primarina|Moonblast|p2a: Gliscor
|-damage|p2a: Gliscor|51/100 tox
|
|-heal|p2a: Gliscor|64/100 tox|[from] ability: Poison Heal
|upkeep
|turn|16
|
|t:|1779857643
|move|p2a: Gliscor|Earthquake|p1a: Primarina
|-damage|p1a: Primarina|16/100
|move|p1a: Primarina|Moonblast|p2a: Gliscor
|-damage|p2a: Gliscor|15/100 tox
|
|-heal|p2a: Gliscor|27/100 tox|[from] ability: Poison Heal
|upkeep
|turn|17
|
|t:|1779857650
|move|p2a: Gliscor|Earthquake|p1a: Primarina
|-damage|p1a: Primarina|0 fnt
|faint|p1a: Primarina
|
|-heal|p2a: Gliscor|40/100 tox|[from] ability: Poison Heal
|upkeep
|
|t:|1779857655
|switch|p1a: Gholdengo|Gholdengo, shiny|100/100
|-damage|p1a: Gholdengo|94/100|[from] Stealth Rock
|turn|18
|inactive|PixelPenguin2 has 120 seconds left.
|
|t:|1779857706
|move|p2a: Gliscor|Protect|p2a: Gliscor
|-singleturn|p2a: Gliscor|Protect
|move|p1a: Gholdengo|Shadow Ball|p2a: Gliscor
|-activate|p2a: Gliscor|move: Protect
|
|-heal|p2a: Gliscor|52/100 tox|[from] ability: Poison Heal
|upkeep
|turn|19
|
|t:|1779857727
|switch|p2a: Dragapult|Dragapult, F|6/100
|move|p1a: Gholdengo|Shadow Ball|p2a: Dragapult
|-supereffective|p2a: Dragapult
|-damage|p2a: Dragapult|0 fnt
|faint|p2a: Dragapult
|
|upkeep
|
|t:|1779857745
|switch|p2a: Gliscor|Gliscor, M, tera:Water|52/100 tox
|turn|20
|
|t:|1779857761
|switch|p1a: Great Bust|Great Tusk, shiny|100/100
|move|p2a: Gliscor|Protect||[still]
|-fail|p2a: Gliscor
|
|-heal|p2a: Gliscor|65/100 tox|[from] ability: Poison Heal
|upkeep
|turn|21
|
|t:|1779857782
|switch|p2a: Mandibuzz|Mandibuzz, F|94/100 tox
|move|p1a: Great Bust|Rapid Spin|p2a: Mandibuzz
|-damage|p2a: Mandibuzz|86/100 tox
|-boost|p1a: Great Bust|spe|1
|-damage|p1a: Great Bust|84/100|[from] item: Rocky Helmet|[of] p2a: Mandibuzz
|-sideend|p1: Computerzz|Stealth Rock|[from] move: Rapid Spin|[of] p1a: Great Bust
|
|-damage|p2a: Mandibuzz|80/100 tox|[from] psn
|upkeep
|turn|22
|
|t:|1779857786
|move|p1a: Great Bust|Knock Off|p2a: Mandibuzz
|-resisted|p2a: Mandibuzz
|-damage|p2a: Mandibuzz|73/100 tox
|-damage|p1a: Great Bust|67/100|[from] item: Rocky Helmet|[of] p2a: Mandibuzz
|-enditem|p2a: Mandibuzz|Rocky Helmet|[from] move: Knock Off|[of] p1a: Great Bust
|move|p2a: Mandibuzz|Knock Off|p1a: Great Bust
|-resisted|p1a: Great Bust
|-damage|p1a: Great Bust|63/100
|-enditem|p1a: Great Bust|Heavy-Duty Boots|[from] move: Knock Off|[of] p2a: Mandibuzz
|
|-damage|p2a: Mandibuzz|61/100 tox|[from] psn
|upkeep
|turn|23
|
|t:|1779857795
|move|p1a: Great Bust|Rapid Spin|p2a: Mandibuzz
|-damage|p2a: Mandibuzz|52/100 tox
|-boost|p1a: Great Bust|spe|1
|move|p2a: Mandibuzz|Toxic|p1a: Great Bust
|-status|p1a: Great Bust|tox
|
|-damage|p1a: Great Bust|56/100 tox|[from] psn
|-damage|p2a: Mandibuzz|34/100 tox|[from] psn
|upkeep
|turn|24
|
|t:|1779857798
|move|p1a: Great Bust|Rapid Spin|p2a: Mandibuzz
|-crit|p2a: Mandibuzz
|-damage|p2a: Mandibuzz|22/100 tox
|-boost|p1a: Great Bust|spe|1
|move|p2a: Mandibuzz|Roost|p2a: Mandibuzz
|-heal|p2a: Mandibuzz|72/100 tox
|-singleturn|p2a: Mandibuzz|move: Roost
|
|-damage|p1a: Great Bust|44/100 tox|[from] psn
|-damage|p2a: Mandibuzz|48/100 tox|[from] psn
|upkeep
|turn|25
|
|t:|1779857802
|move|p1a: Great Bust|Headlong Rush|p2a: Mandibuzz
|-immune|p2a: Mandibuzz
|move|p2a: Mandibuzz|Roost|p2a: Mandibuzz
|-heal|p2a: Mandibuzz|98/100 tox
|-singleturn|p2a: Mandibuzz|move: Roost
|
|-damage|p1a: Great Bust|25/100 tox|[from] psn
|-damage|p2a: Mandibuzz|67/100 tox|[from] psn
|upkeep
|turn|26
|l|☆PixelPenguin2
|inactive|PixelPenguin2 disconnected and has a minute to reconnect!
|player|p2|
|j|☆PixelPenguin2
|inactive|PixelPenguin2 reconnected and has 140 seconds left.
|player|p2|PixelPenguin2|guitarist|
|
|t:|1779857819
|move|p1a: Great Bust|Headlong Rush|p2a: Mandibuzz
|-immune|p2a: Mandibuzz
|move|p2a: Mandibuzz|Roost|p2a: Mandibuzz
|-heal|p2a: Mandibuzz|100/100 tox
|-singleturn|p2a: Mandibuzz|move: Roost
|
|-damage|p1a: Great Bust|0 fnt|[from] psn
|faint|p1a: Great Bust
|-end|p1a: Great Bust|Protosynthesis|[silent]
|-damage|p2a: Mandibuzz|64/100 tox|[from] psn
|upkeep
|
|t:|1779857843
|switch|p1a: Gholdengo|Gholdengo, shiny|94/100
|turn|27
|
|t:|1779857849
|switch|p2a: Gliscor|Gliscor, M, tera:Water|65/100 tox
|-terastallize|p1a: Gholdengo|Fighting
|move|p1a: Gholdengo|Shadow Ball|p2a: Gliscor
|-damage|p2a: Gliscor|29/100 tox
|-unboost|p2a: Gliscor|spd|1
|
|-heal|p2a: Gliscor|42/100 tox|[from] ability: Poison Heal
|upkeep
|turn|28
|
|t:|1779857859
|move|p1a: Gholdengo|Shadow Ball|p2a: Gliscor
|-damage|p2a: Gliscor|0 fnt
|faint|p2a: Gliscor
|
|upkeep
|-message|PixelPenguin2 forfeited.
|
|win|Computerzz
|raw|Computerzz's rating: 1395 &rarr; <strong>1415</strong><br />(+20 for winning)
|raw|PixelPenguin2's rating: 1396 &rarr; <strong>1376</strong><br />(-20 for losing)
|l|☆PixelPenguin2
|player|p2|
|l|☆Computerzz
|player|p1|
