|j|☆qwb_dwxx
|j|☆ballred
|t:|1779851236
|gametype|singles
|player|p1|qwb_dwxx|265|1478
|player|p2|ballred|hoopster|1456
|gen|9
|tier|[Gen 9] OU
|rated|
|rule|HP Percentage Mod: HP is shown in percentages
|rule|Endless Battle Clause: Forcing endless battles is banned
|rule|Species Clause: Limit one of each Pokémon
|rule|OHKO Clause: OHKO moves are banned
|rule|Evasion Items Clause: Evasion items are banned
|rule|Evasion Moves Clause: Evasion moves are banned
|rule|Evasion Abilities Clause: Evasion abilities are banned
|rule|Sleep Moves Clause: Sleep-inducing moves are banned
|clearpoke
|poke|p1|Chesnaught, M|
|poke|p1|Gliscor, F|
|poke|p1|Weezing-Galar, M|
|poke|p1|Goodra-Hisui, F|
|poke|p1|Gholdengo|
|poke|p1|Darkrai|
|poke|p2|Metagross|
|poke|p2|Cinderace, F|
|poke|p2|Hydrapple, M|
|poke|p2|Landorus-Therian, M|
|poke|p2|Raging Bolt|
|poke|p2|Alomomola, M|
|teampreview
|
|t:|1779851242
|teamsize|p1|6
|teamsize|p2|6
|start
|switch|p1a: Gliscor|Gliscor, F|100/100
|switch|p2a: Chernobyl|Raging Bolt|100/100
|turn|1
|
|t:|1779851246
|move|p1a: Gliscor|Protect|p1a: Gliscor
|-singleturn|p1a: Gliscor|Protect
|move|p2a: Chernobyl|Draco Meteor|p1a: Gliscor
|-activate|p1a: Gliscor|move: Protect
|
|-status|p1a: Gliscor|tox|[from] item: Toxic Orb
|upkeep
|turn|2
|
|t:|1779851250
|switch|p1a: Weezing|Weezing-Galar, M|100/100
|-ability|p1a: Weezing|Neutralizing Gas
|move|p2a: Chernobyl|Draco Meteor|p1a: Weezing
|-immune|p1a: Weezing
|
|upkeep
|turn|3
|
|t:|1779851257
|-end|p2a: Chernobyl|Protosynthesis|[silent]
|switch|p2a: Professor X|Metagross, shiny|100/100
|-end|p1a: Weezing|ability: Neutralizing Gas
|switch|p1a: Gliscor|Gliscor, F|100/100 tox
|
|upkeep
|turn|4
|
|t:|1779851260
|move|p1a: Gliscor|Stealth Rock|p2a: Professor X
|-sidestart|p2: ballred|move: Stealth Rock
|move|p2a: Professor X|Heavy Slam|p1a: Gliscor
|-damage|p1a: Gliscor|42/100 tox
|
|-heal|p1a: Gliscor|54/100 tox|[from] ability: Poison Heal
|upkeep
|turn|5
|
|t:|1779851266
|move|p1a: Gliscor|Protect|p1a: Gliscor
|-singleturn|p1a: Gliscor|Protect
|move|p2a: Professor X|Knock Off|p1a: Gliscor
|-activate|p1a: Gliscor|move: Protect
|
|-heal|p1a: Gliscor|67/100 tox|[from] ability: Poison Heal
|upkeep
|turn|6
|
|t:|1779851268
|switch|p1a: Chesnaught|Chesnaught, M|100/100
|move|p2a: Professor X|Heavy Slam|p1a: Chesnaught
|-damage|p1a: Chesnaught|59/100
|-damage|p2a: Professor X|84/100|[from] item: Rocky Helmet|[of] p1a: Chesnaught
|
|-heal|p2a: Professor X|90/100|[from] item: Leftovers
|upkeep
|turn|7
|
|t:|1779851273
|move|p2a: Professor X|Psychic Fangs|p1a: Chesnaught
|-supereffective|p1a: Chesnaught
|-damage|p1a: Chesnaught|7/100
|-damage|p2a: Professor X|74/100|[from] item: Rocky Helmet|[of] p1a: Chesnaught
|move|p1a: Chesnaught|Synthesis|p1a: Chesnaught
|-heal|p1a: Chesnaught|57/100
|
|-heal|p2a: Professor X|80/100|[from] item: Leftovers
|upkeep
|turn|8
|
|t:|1779851281
|-terastallize|p1a: Chesnaught|Water
|move|p2a: Professor X|Psychic Fangs|p1a: Chesnaught
|-damage|p1a: Chesnaught|27/100
|-damage|p2a: Professor X|64/100|[from] item: Rocky Helmet|[of] p1a: Chesnaught
|move|p1a: Chesnaught|Synthesis|p1a: Chesnaught
|-heal|p1a: Chesnaught|77/100
|
|-heal|p2a: Professor X|70/100|[from] item: Leftovers
|upkeep
|turn|9
|
|t:|1779851285
|switch|p2a: Applecrisp|Hydrapple, M|100/100
|-damage|p2a: Applecrisp|88/100|[from] Stealth Rock
|move|p1a: Chesnaught|Spikes|p2a: Applecrisp
|-sidestart|p2: ballred|Spikes
|
|upkeep
|turn|10
|
|t:|1779851289
|switch|p1a: Goodra|Goodra-Hisui, F|100/100
|move|p2a: Applecrisp|Giga Drain|p1a: Goodra
|-ability|p1a: Goodra|Sap Sipper|boost
|-boost|p1a: Goodra|atk|1
|
|upkeep
|turn|11
|
|t:|1779851315
|switch|p2a: Feisimo|Landorus-Therian, M|100/100
|-damage|p2a: Feisimo|88/100|[from] Stealth Rock
|-ability|p2a: Feisimo|Intimidate|boost
|-unboost|p1a: Goodra|atk|1
|move|p1a: Goodra|Knock Off|p2a: Feisimo
|-damage|p2a: Feisimo|53/100
|-enditem|p2a: Feisimo|Leftovers|[from] move: Knock Off|[of] p1a: Goodra
|
|upkeep
|turn|12
|
|t:|1779851336
|switch|p1a: Gliscor|Gliscor, F|67/100 tox
|move|p2a: Feisimo|Earthquake|p1a: Gliscor
|-immune|p1a: Gliscor
|
|-heal|p1a: Gliscor|79/100 tox|[from] ability: Poison Heal
|upkeep
|turn|13
|
|t:|1779851340
|move|p2a: Feisimo|Bulk Up|p2a: Feisimo
|-boost|p2a: Feisimo|atk|1
|-boost|p2a: Feisimo|def|1
|move|p1a: Gliscor|Knock Off|p2a: Feisimo
|-damage|p2a: Feisimo|42/100
|
|-heal|p1a: Gliscor|91/100 tox|[from] ability: Poison Heal
|upkeep
|turn|14
|
|t:|1779851354
|switch|p1a: Gholdengo|Gholdengo|100/100
|move|p2a: Feisimo|Stone Edge|p1a: Gholdengo
|-resisted|p1a: Gholdengo
|-damage|p1a: Gholdengo|70/100
|
|upkeep
|turn|15
|
|t:|1779851359
|move|p1a: Gholdengo|Shadow Ball|p2a: Feisimo
|-damage|p2a: Feisimo|0 fnt
|faint|p2a: Feisimo
|
|upkeep
|
|t:|1779851364
|switch|p2a: Chucharito|Cinderace, F, shiny|100/100
|turn|16
|
|t:|1779851366
|switch|p1a: Chesnaught|Chesnaught, M, tera:Water|77/100
|move|p2a: Chucharito|Court Change|p2a: Chucharito
|-start|p2a: Chucharito|typechange|Normal|[from] ability: Libero
|-swapsideconditions
|-activate|p2a: Chucharito|move: Court Change
|
|upkeep
|turn|17
|
|t:|1779851370
|switch|p2a: Applecrisp|Hydrapple, M|100/100
|move|p1a: Chesnaught|Spikes|p2a: Applecrisp
|-sidestart|p2: ballred|Spikes
|
|upkeep
|turn|18
|
|t:|1779851374
|switch|p1a: Goodra|Goodra-Hisui, F|100/100
|-damage|p1a: Goodra|94/100|[from] Stealth Rock
|-damage|p1a: Goodra|82/100|[from] Spikes
|move|p2a: Applecrisp|Giga Drain|p1a: Goodra
|-ability|p1a: Goodra|Sap Sipper|boost
|-boost|p1a: Goodra|atk|1
|
|upkeep
|turn|19
|
|t:|1779851391
|move|p1a: Goodra|Knock Off|p2a: Applecrisp
|-damage|p2a: Applecrisp|64/100
|-enditem|p2a: Applecrisp|Assault Vest|[from] move: Knock Off|[of] p1a: Goodra
|move|p2a: Applecrisp|Earth Power|p1a: Goodra
|-supereffective|p1a: Goodra
|-damage|p1a: Goodra|54/100
|
|upkeep
|turn|20
|
|t:|1779851396
|switch|p2a: Bubba|Alomomola, M|100/100
|-damage|p2a: Bubba|88/100|[from] Spikes
|move|p1a: Goodra|Heavy Slam|p2a: Bubba
|-resisted|p2a: Bubba
|-damage|p2a: Bubba|67/100
|-damage|p1a: Goodra|37/100|[from] item: Rocky Helmet|[of] p2a: Bubba
|
|upkeep
|turn|21
|
|t:|1779851400
|move|p1a: Goodra|Knock Off|p2a: Bubba
|-damage|p2a: Bubba|42/100
|-damage|p1a: Goodra|21/100|[from] item: Rocky Helmet|[of] p2a: Bubba
|-enditem|p2a: Bubba|Rocky Helmet|[from] move: Knock Off|[of] p1a: Goodra
|move|p2a: Bubba|Flip Turn|p1a: Goodra
|-resisted|p1a: Goodra
|-damage|p1a: Goodra|12/100
|
|t:|1779851402
|switch|p2a: Chucharito|Cinderace, F, shiny|100/100|[from] Flip Turn
|
|upkeep
|turn|22
|
|t:|1779851405
|switch|p1a: Chesnaught|Chesnaught, M, tera:Water|77/100
|-damage|p1a: Chesnaught|65/100|[from] Stealth Rock
|-damage|p1a: Chesnaught|53/100|[from] Spikes
|move|p2a: Chucharito|Pyro Ball|p1a: Chesnaught
|-immune|p1a: Chesnaught|[from] ability: Bulletproof
|
|upkeep
|turn|23
|
|t:|1779851415
|switch|p2a: Bubba|Alomomola, M|75/100
|-damage|p2a: Bubba|62/100|[from] Spikes
|move|p1a: Chesnaught|Spikes|p2a: Bubba
|-sidestart|p2: ballred|Spikes
|
|upkeep
|turn|24
|
|t:|1779851420
|move|p1a: Chesnaught|Iron Defense|p1a: Chesnaught
|-boost|p1a: Chesnaught|def|2
|move|p2a: Bubba|Flip Turn|p1a: Chesnaught
|-resisted|p1a: Chesnaught
|-damage|p1a: Chesnaught|50/100
|-damage|p2a: Bubba|46/100|[from] item: Rocky Helmet|[of] p1a: Chesnaught
|
|t:|1779851424
|switch|p2a: Chernobyl|Raging Bolt|100/100|[from] Flip Turn
|-damage|p2a: Chernobyl|84/100|[from] Spikes
|
|upkeep
|turn|25
|
|t:|1779851431
|switch|p1a: Gliscor|Gliscor, F|91/100 tox
|-damage|p1a: Gliscor|79/100 tox|[from] Stealth Rock
|move|p2a: Chernobyl|Draco Meteor|p1a: Gliscor
|-damage|p1a: Gliscor|0 fnt
|-unboost|p2a: Chernobyl|spa|2
|faint|p1a: Gliscor
|
|upkeep
|
|t:|1779851435
|switch|p1a: Darkrai|Darkrai|100/100
|-damage|p1a: Darkrai|88/100|[from] Stealth Rock
|-damage|p1a: Darkrai|76/100|[from] Spikes
|turn|26
|
|t:|1779851439
|-terastallize|p2a: Chernobyl|Fairy
|move|p1a: Darkrai|Dark Pulse|p2a: Chernobyl
|-resisted|p2a: Chernobyl
|-damage|p2a: Chernobyl|58/100
|cant|p2a: Chernobyl|flinch
|
|upkeep
|turn|27
|
|t:|1779851446
|switch|p1a: Gholdengo|Gholdengo|70/100
|-damage|p1a: Gholdengo|64/100|[from] Stealth Rock
|-damage|p1a: Gholdengo|52/100|[from] Spikes
|move|p2a: Chernobyl|Draco Meteor|p1a: Gholdengo
|-resisted|p1a: Gholdengo
|-damage|p1a: Gholdengo|19/100
|-unboost|p2a: Chernobyl|spa|2
|
|upkeep
|turn|28
|
|t:|1779851453
|-end|p2a: Chernobyl|Protosynthesis|[silent]
|switch|p2a: Applecrisp|Hydrapple, M|97/100
|-damage|p2a: Applecrisp|81/100|[from] Spikes
|move|p1a: Gholdengo|Trick|p2a: Applecrisp
|-activate|p1a: Gholdengo|move: Trick|[of] p2a: Applecrisp
|-item|p2a: Applecrisp|Choice Scarf|[from] move: Trick
|-enditem|p1a: Gholdengo|Choice Scarf|[silent]|[from] move: Trick
|
|upkeep
|turn|29
|
|t:|1779851458
|move|p1a: Gholdengo|Recover|p1a: Gholdengo
|-heal|p1a: Gholdengo|69/100
|move|p2a: Applecrisp|Earth Power|p1a: Gholdengo
|-supereffective|p1a: Gholdengo
|-damage|p1a: Gholdengo|0 fnt
|faint|p1a: Gholdengo
|
|upkeep
|
|t:|1779851465
|switch|p1a: Darkrai|Darkrai|76/100
|-damage|p1a: Darkrai|63/100|[from] Stealth Rock
|-damage|p1a: Darkrai|51/100|[from] Spikes
|turn|30
|
|t:|1779851469
|move|p1a: Darkrai|Sludge Bomb|p2a: Applecrisp
|-supereffective|p2a: Applecrisp
|-damage|p2a: Applecrisp|0 fnt
|faint|p2a: Applecrisp
|
|upkeep
|
|t:|1779851472
|switch|p2a: Chucharito|Cinderace, F, shiny|100/100
|turn|31
|
|t:|1779851475
|switch|p1a: Chesnaught|Chesnaught, M, tera:Water|50/100
|-damage|p1a: Chesnaught|38/100|[from] Stealth Rock
|-damage|p1a: Chesnaught|26/100|[from] Spikes
|move|p2a: Chucharito|Pyro Ball|p1a: Chesnaught
|-immune|p1a: Chesnaught|[from] ability: Bulletproof
|
|upkeep
|turn|32
|
|t:|1779851478
|move|p2a: Chucharito|Low Kick|p1a: Chesnaught
|-start|p2a: Chucharito|typechange|Fighting|[from] ability: Libero
|-damage|p1a: Chesnaught|4/100
|-damage|p2a: Chucharito|84/100|[from] item: Rocky Helmet|[of] p1a: Chesnaught
|move|p1a: Chesnaught|Synthesis|p1a: Chesnaught
|-heal|p1a: Chesnaught|54/100
|
|upkeep
|turn|33
|
|t:|1779851484
|switch|p2a: Bubba|Alomomola, M|79/100
|-damage|p2a: Bubba|62/100|[from] Spikes
|move|p1a: Chesnaught|Synthesis|p1a: Chesnaught
|-heal|p1a: Chesnaught|100/100
|
|upkeep
|turn|34
|
|t:|1779851487
|move|p1a: Chesnaught|Spikes|p2a: Bubba
|-sidestart|p2: ballred|Spikes
|move|p2a: Bubba|Wish|p2a: Bubba
|
|upkeep
|turn|35
|
|t:|1779851491
|move|p1a: Chesnaught|Iron Defense|p1a: Chesnaught
|-boost|p1a: Chesnaught|def|2
|move|p2a: Bubba|Flip Turn|p1a: Chesnaught
|-resisted|p1a: Chesnaught
|-damage|p1a: Chesnaught|98/100
|-damage|p2a: Bubba|46/100|[from] item: Rocky Helmet|[of] p1a: Chesnaught
|
|t:|1779851493
|switch|p2a: Chernobyl|Raging Bolt, tera:Fairy|58/100|[from] Flip Turn
|-damage|p2a: Chernobyl|33/100|[from] Spikes
|
|-heal|p2a: Chernobyl|92/100|[from] move: Wish|[wisher] Bubba
|upkeep
|turn|36
|
|t:|1779851506
|switch|p1a: Goodra|Goodra-Hisui, F|12/100
|-damage|p1a: Goodra|6/100|[from] Stealth Rock
|-damage|p1a: Goodra|0 fnt|[from] Spikes
|faint|p1a: Goodra
|move|p2a: Chernobyl|Thunderbolt|p1: Goodra|[notarget]
|-fail|p2a: Chernobyl
|
|upkeep
|
|t:|1779851509
|switch|p1a: Darkrai|Darkrai|51/100
|-damage|p1a: Darkrai|38/100|[from] Stealth Rock
|-damage|p1a: Darkrai|26/100|[from] Spikes
|turn|37
|
|t:|1779851514
|-end|p2a: Chernobyl|Protosynthesis|[silent]
|switch|p2a: Bubba|Alomomola, M|79/100
|-damage|p2a: Bubba|54/100|[from] Spikes
|move|p1a: Darkrai|Sludge Bomb|p2a: Bubba
|-damage|p2a: Bubba|1/100
|-status|p2a: Bubba|psn
|
|-damage|p2a: Bubba|0 fnt|[from] psn
|faint|p2a: Bubba
|upkeep
|
|t:|1779851522
|switch|p2a: Professor X|Metagross, shiny|70/100
|-damage|p2a: Professor X|45/100|[from] Spikes
|turn|38
|
|t:|1779851526
|switch|p1a: Chesnaught|Chesnaught, M, tera:Water|98/100
|-damage|p1a: Chesnaught|86/100|[from] Stealth Rock
|-damage|p1a: Chesnaught|73/100|[from] Spikes
|move|p2a: Professor X|Bullet Punch|p1a: Chesnaught
|-resisted|p1a: Chesnaught
|-damage|p1a: Chesnaught|67/100
|-damage|p2a: Professor X|28/100|[from] item: Rocky Helmet|[of] p1a: Chesnaught
|
|-heal|p2a: Professor X|35/100|[from] item: Leftovers
|upkeep
|turn|39
|
|t:|1779851530
|move|p2a: Professor X|Knock Off|p1a: Chesnaught
|-damage|p1a: Chesnaught|47/100
|-damage|p2a: Professor X|18/100|[from] item: Rocky Helmet|[of] p1a: Chesnaught
|-enditem|p1a: Chesnaught|Rocky Helmet|[from] move: Knock Off|[of] p2a: Professor X
|move|p1a: Chesnaught|Body Press|p2a: Professor X
|-damage|p2a: Professor X|0 fnt
|faint|p2a: Professor X
|
|upkeep
|
|t:|1779851534
|switch|p2a: Chernobyl|Raging Bolt, tera:Fairy|92/100
|-damage|p2a: Chernobyl|67/100|[from] Spikes
|turn|40
|
|t:|1779851539
|switch|p1a: Weezing|Weezing-Galar, M|100/100
|-ability|p1a: Weezing|Neutralizing Gas
|-damage|p1a: Weezing|88/100|[from] Stealth Rock
|-damage|p1a: Weezing|76/100|[from] Spikes
|move|p2a: Chernobyl|Volt Switch|p1a: Weezing
|-damage|p1a: Weezing|0 fnt
|faint|p1a: Weezing
|-end|p1a: Weezing|ability: Neutralizing Gas
|
|t:|1779851545
|-end|p2a: Chernobyl|Protosynthesis|[silent]
|switch|p2a: Chucharito|Cinderace, F, shiny|84/100|[from] Volt Switch
|
|upkeep
|
|t:|1779851548
|switch|p1a: Chesnaught|Chesnaught, M, tera:Water|47/100
|-damage|p1a: Chesnaught|34/100|[from] Stealth Rock
|-damage|p1a: Chesnaught|22/100|[from] Spikes
|turn|41
|
|t:|1779851551
|move|p2a: Chucharito|Low Kick|p1a: Chesnaught
|-start|p2a: Chucharito|typechange|Fighting|[from] ability: Libero
|-damage|p1a: Chesnaught|1/100
|move|p1a: Chesnaught|Synthesis|p1a: Chesnaught
|-heal|p1a: Chesnaught|51/100
|
|upkeep
|turn|42
|
|t:|1779851556
|switch|p2a: Chernobyl|Raging Bolt, tera:Fairy|67/100
|-damage|p2a: Chernobyl|42/100|[from] Spikes
|switch|p1a: Darkrai|Darkrai|26/100
|-damage|p1a: Darkrai|13/100|[from] Stealth Rock
|-damage|p1a: Darkrai|1/100|[from] Spikes
|
|upkeep
|turn|43
|
|t:|1779851562
|move|p1a: Darkrai|Trick|p2a: Chernobyl
|-activate|p1a: Darkrai|move: Trick|[of] p2a: Chernobyl
|-item|p2a: Chernobyl|Choice Specs|[from] move: Trick
|-item|p1a: Darkrai|Choice Specs|[from] move: Trick
|move|p2a: Chernobyl|Volt Switch|p1a: Darkrai
|-damage|p1a: Darkrai|0 fnt
|faint|p1a: Darkrai
|
|t:|1779851564
|-end|p2a: Chernobyl|Protosynthesis|[silent]
|switch|p2a: Chucharito|Cinderace, F, shiny|84/100|[from] Volt Switch
|
|upkeep
|
|t:|1779851571
|switch|p1a: Chesnaught|Chesnaught, M, tera:Water|51/100
|-damage|p1a: Chesnaught|38/100|[from] Stealth Rock
|-damage|p1a: Chesnaught|26/100|[from] Spikes
|turn|44
|
|t:|1779851576
|switch|p2a: Chernobyl|Raging Bolt, tera:Fairy|42/100
|-damage|p2a: Chernobyl|17/100|[from] Spikes
|move|p1a: Chesnaught|Synthesis|p1a: Chesnaught
|-heal|p1a: Chesnaught|76/100
|
|upkeep
|turn|45
|
|t:|1779851580
|move|p2a: Chernobyl|Thunderbolt|p1a: Chesnaught
|-supereffective|p1a: Chesnaught
|-damage|p1a: Chesnaught|0 fnt
|faint|p1a: Chesnaught
|
|win|ballred
|raw|qwb_dwxx's rating: 1478 &rarr; <strong>1457</strong><br />(-21 for losing)
|raw|ballred's rating: 1456 &rarr; <strong>1477</strong><br />(+21 for winning)
|l|☆qwb_dwxx
|player|p1|
|l|☆ballred
|player|p2|
