|j|☆Gloryboykeef
|j|☆B-Nut17
|t:|1779922858
|gametype|singles
|player|p1|Gloryboykeef|policeman-gen4|1212
|player|p2|B-Nut17|dawn|1237
|gen|9
|tier|[Gen 9] OU
|rated|
|rule|HP Percentage Mod: HP is shown in percentages
|rule|Endless Battle Clause: Forcing endless battles is banned
|rule|Species Clause: Limit one of each Pokémon
|rule|OHKO Clause: OHKO moves are banned
|rule|Evasion Items Clause: Evasion items are banned
|rule|Evasion Moves Clause: Evasion moves are banned
|rule|Evasion Abilities Clause: Evasion abilities are banned
|rule|Sleep Moves Clause: Sleep-inducing moves are banned
|clearpoke
|poke|p1|Pelipper, F|
|poke|p1|Barraskewda, F|
|poke|p1|Thundurus-Therian, M|
|poke|p1|Kingdra, M|
|poke|p1|Slaking, M|
|poke|p1|Cinderace, F|
|poke|p2|Slowking-Galar, M|
|poke|p2|Sinistcha|
|poke|p2|Ogerpon-Wellspring, F|
|poke|p2|Great Tusk|
|poke|p2|Enamorus, F|
|poke|p2|Gliscor, M|
|teampreview
|inactive|Battle timer is ON: inactive players will automatically lose when time's up. (requested by B-Nut17)
|inactive|Gloryboykeef also wants the timer to be on.
|
|t:|1779922868
|teamsize|p1|6
|teamsize|p2|6
|start
|switch|p1a: Slaking|Slaking, M, shiny|100/100
|switch|p2a: Slowking|Slowking-Galar, M|100/100
|turn|1
|
|t:|1779922872
|move|p1a: Slaking|Knock Off|p2a: Slowking
|-supereffective|p2a: Slowking
|-damage|p2a: Slowking|0 fnt
|-enditem|p2a: Slowking|Heavy-Duty Boots|[from] move: Knock Off|[of] p1a: Slaking
|faint|p2a: Slowking
|
|upkeep
|
|t:|1779922876
|switch|p2a: Gliscor|Gliscor, M|100/100
|turn|2
|
|t:|1779922879
|switch|p1a: Pelipper|Pelipper, F|100/100
|-weather|RainDance|[from] ability: Drizzle|[of] p1a: Pelipper
|move|p2a: Gliscor|Spikes|p1a: Pelipper
|-sidestart|p1: Gloryboykeef|Spikes
|
|-weather|RainDance|[upkeep]
|-status|p2a: Gliscor|tox|[from] item: Toxic Orb
|upkeep
|turn|3
|
|t:|1779922883
|switch|p2a: Ogerpon|Ogerpon-Wellspring, F|100/100
|move|p1a: Pelipper|Hydro Pump|p2a: Ogerpon
|-immune|p2a: Ogerpon|[from] ability: Water Absorb
|
|-weather|RainDance|[upkeep]
|upkeep
|turn|4
|
|t:|1779922885
|move|p2a: Ogerpon|U-turn|p1a: Pelipper
|-resisted|p1a: Pelipper
|-damage|p1a: Pelipper|89/100
|
|t:|1779922891
|switch|p2a: Enamorus|Enamorus, F|100/100|[from] U-turn
|move|p1a: Pelipper|Hurricane|p2a: Enamorus
|-damage|p2a: Enamorus|45/100
|
|-weather|RainDance|[upkeep]
|upkeep
|turn|5
|
|t:|1779922896
|move|p2a: Enamorus|Moonblast|p1a: Pelipper
|-damage|p1a: Pelipper|22/100
|move|p1a: Pelipper|Hurricane|p2a: Enamorus
|-damage|p2a: Enamorus|0 fnt
|faint|p2a: Enamorus
|
|-weather|RainDance|[upkeep]
|upkeep
|
|t:|1779922905
|switch|p2a: Ogerpon|Ogerpon-Wellspring, F|100/100
|turn|6
|
|t:|1779922908
|move|p2a: Ogerpon|Ivy Cudgel|p1a: Pelipper|[anim] Ivy Cudgel Water
|-resisted|p1a: Pelipper
|-damage|p1a: Pelipper|0 fnt
|faint|p1a: Pelipper
|
|-weather|RainDance|[upkeep]
|upkeep
|
|t:|1779922912
|switch|p1a: Thundurus|Thundurus-Therian, M|100/100
|turn|7
|
|t:|1779922920
|move|p1a: Thundurus|Grass Knot|p2a: Ogerpon
|-damage|p2a: Ogerpon|72/100
|move|p2a: Ogerpon|Ivy Cudgel|p1a: Thundurus|[anim] Ivy Cudgel Water
|-damage|p1a: Thundurus|0 fnt
|faint|p1a: Thundurus
|
|-weather|RainDance|[upkeep]
|upkeep
|
|t:|1779922924
|switch|p1a: Barraskewda|Barraskewda, F, shiny|100/100
|-damage|p1a: Barraskewda|88/100|[from] Spikes
|turn|8
|
|t:|1779922927
|switch|p2a: Sinistcha|Sinistcha|100/100
|move|p1a: Barraskewda|Poison Jab|p2a: Sinistcha
|-damage|p2a: Sinistcha|76/100
|-damage|p1a: Barraskewda|78/100|[from] item: Life Orb
|
|-weather|RainDance|[upkeep]
|upkeep
|turn|9
|
|t:|1779922943
|switch|p1a: Kingdra|Kingdra, M|100/100
|-damage|p1a: Kingdra|88/100|[from] Spikes
|move|p2a: Sinistcha|Strength Sap|p1a: Kingdra
|-unboost|p1a: Kingdra|atk|1
|-heal|p2a: Sinistcha|100/100
|
|-weather|none
|upkeep
|turn|10
|
|t:|1779922949
|move|p1a: Kingdra|Draco Meteor|p2a: Sinistcha
|-damage|p2a: Sinistcha|0 fnt
|-unboost|p1a: Kingdra|spa|2
|faint|p2a: Sinistcha
|
|upkeep
|
|t:|1779922958
|switch|p2a: Ogerpon|Ogerpon-Wellspring, F|72/100
|turn|11
|
|t:|1779922963
|move|p2a: Ogerpon|Ivy Cudgel|p1a: Kingdra|[anim] Ivy Cudgel Water
|-resisted|p1a: Kingdra
|-damage|p1a: Kingdra|71/100
|move|p1a: Kingdra|Draco Meteor|p2a: Ogerpon
|-damage|p2a: Ogerpon|17/100
|-unboost|p1a: Kingdra|spa|2
|
|upkeep
|turn|12
|
|t:|1779922969
|move|p2a: Ogerpon|Horn Leech|p1a: Kingdra
|-damage|p1a: Kingdra|21/100
|-heal|p2a: Ogerpon|41/100|[from] drain|[of] p1a: Kingdra
|move|p1a: Kingdra|Draco Meteor|p2a: Ogerpon
|-damage|p2a: Ogerpon|6/100
|-unboost|p1a: Kingdra|spa|2
|
|upkeep
|turn|13
|
|t:|1779922973
|move|p2a: Ogerpon|Horn Leech|p1a: Kingdra
|-damage|p1a: Kingdra|0 fnt
|-heal|p2a: Ogerpon|17/100|[from] drain|[of] p1a: Kingdra
|faint|p1a: Kingdra
|
|upkeep
|
|t:|1779922977
|switch|p1a: Barraskewda|Barraskewda, F, shiny|78/100
|-damage|p1a: Barraskewda|66/100|[from] Spikes
|turn|14
|
|t:|1779922982
|switch|p2a: Great Tusk|Great Tusk|100/100
|move|p1a: Barraskewda|Poison Jab|p2a: Great Tusk
|-resisted|p2a: Great Tusk
|-damage|p2a: Great Tusk|89/100
|-status|p2a: Great Tusk|psn
|-damage|p1a: Barraskewda|56/100|[from] item: Life Orb
|
|-heal|p2a: Great Tusk|95/100 psn|[from] item: Leftovers
|-damage|p2a: Great Tusk|82/100 psn|[from] psn
|upkeep
|turn|15
|
|t:|1779922987
|-terastallize|p1a: Barraskewda|Water
|move|p1a: Barraskewda|Liquidation|p2a: Great Tusk
|-supereffective|p2a: Great Tusk
|-damage|p2a: Great Tusk|0 fnt
|faint|p2a: Great Tusk
|-end|p2a: Great Tusk|Protosynthesis|[silent]
|-damage|p1a: Barraskewda|47/100|[from] item: Life Orb
|
|upkeep
|
|t:|1779922992
|switch|p2a: Gliscor|Gliscor, M|100/100 tox
|turn|16
|
|t:|1779922994
|switch|p2a: Ogerpon|Ogerpon-Wellspring, F|17/100
|move|p1a: Barraskewda|Poison Jab|p2a: Ogerpon
|-supereffective|p2a: Ogerpon
|-damage|p2a: Ogerpon|0 fnt
|faint|p2a: Ogerpon
|-damage|p1a: Barraskewda|37/100|[from] item: Life Orb
|
|upkeep
|c|☆Gloryboykeef|gg
|
|t:|1779922997
|switch|p2a: Gliscor|Gliscor, M|100/100 tox
|turn|17
|
|t:|1779923001
|move|p1a: Barraskewda|Liquidation|p2a: Gliscor
|-supereffective|p2a: Gliscor
|-damage|p2a: Gliscor|0 fnt
|faint|p2a: Gliscor
|-damage|p1a: Barraskewda|27/100|[from] item: Life Orb
|
|win|Gloryboykeef
|raw|Gloryboykeef's rating: 1212 &rarr; <strong>1239</strong><br />(+27 for winning)
|raw|B-Nut17's rating: 1237 &rarr; <strong>1210</strong><br />(-27 for losing)
|l|☆B-Nut17
|player|p2|
|l|☆Gloryboykeef
|player|p1|
