|j|☆hgjgfjyg
|j|☆cat party
|t:|1779808638
|gametype|singles
|player|p1|hgjgfjyg|collector|1454
|player|p2|cat party|170|1521
|gen|9
|tier|[Gen 9] OU
|rated|
|rule|HP Percentage Mod: HP is shown in percentages
|rule|Endless Battle Clause: Forcing endless battles is banned
|rule|Species Clause: Limit one of each Pokémon
|rule|OHKO Clause: OHKO moves are banned
|rule|Evasion Items Clause: Evasion items are banned
|rule|Evasion Moves Clause: Evasion moves are banned
|rule|Evasion Abilities Clause: Evasion abilities are banned
|rule|Sleep Moves Clause: Sleep-inducing moves are banned
|clearpoke
|poke|p1|Pelipper, M|
|poke|p1|Samurott-Hisui, M|
|poke|p1|Iron Treads|
|poke|p1|Barraskewda, M|
|poke|p1|Toxicroak, F|
|poke|p1|Porygon-Z|
|poke|p2|Slowking-Galar, F|
|poke|p2|Great Tusk|
|poke|p2|Kyurem|
|poke|p2|Kingambit, M|
|poke|p2|Cinderace, M|
|poke|p2|Zapdos|
|teampreview
|inactive|Battle timer is ON: inactive players will automatically lose when time's up. (requested by cat party)
|inactive|hgjgfjyg also wants the timer to be on.
|
|t:|1779808652
|teamsize|p1|6
|teamsize|p2|6
|start
|switch|p1a: Spike factory|Samurott-Hisui, M|100/100
|switch|p2a: Kyurem|Kyurem|100/100
|-ability|p2a: Kyurem|Pressure
|turn|1
|
|t:|1779808658
|move|p1a: Spike factory|Sacred Sword|p2a: Kyurem
|-supereffective|p2a: Kyurem
|-damage|p2a: Kyurem|22/100
|move|p2a: Kyurem|Freeze-Dry|p1a: Spike factory
|-supereffective|p1a: Spike factory
|-damage|p1a: Spike factory|0 fnt
|faint|p1a: Spike factory
|
|upkeep
|
|t:|1779808670
|switch|p1a: Barraskewda|Barraskewda, M|100/100
|turn|2
|
|t:|1779808685
|switch|p2a: Zapdos|Zapdos, shiny|100/100
|move|p1a: Barraskewda|Liquidation|p2a: Zapdos
|-damage|p2a: Zapdos|46/100
|-unboost|p2a: Zapdos|def|1
|-status|p1a: Barraskewda|par|[from] ability: Static|[of] p2a: Zapdos
|
|upkeep
|turn|3
|
|t:|1779808694
|move|p2a: Zapdos|Volt Switch|p1a: Barraskewda
|-supereffective|p1a: Barraskewda
|-damage|p1a: Barraskewda|0 fnt
|faint|p1a: Barraskewda
|
|t:|1779808700
|switch|p2a: Slowking|Slowking-Galar, F|100/100|[from] Volt Switch
|
|upkeep
|
|t:|1779808706
|switch|p1a: Pelipper|Pelipper, M|100/100
|-weather|RainDance|[from] ability: Drizzle|[of] p1a: Pelipper
|turn|4
|
|t:|1779808711
|move|p1a: Pelipper|U-turn|p2a: Slowking
|-damage|p2a: Slowking|93/100
|
|t:|1779808713
|switch|p1a: Bey blade|Iron Treads|100/100|[from] U-turn
|-prepare|p2a: Slowking|Chilly Reception|[premajor]
|move|p2a: Slowking|Chilly Reception|p2a: Slowking
|-weather|Snowscape
|
|t:|1779808717
|switch|p2a: Cinderace|Cinderace, M|100/100|[from] Chilly Reception
|
|-weather|Snowscape|[upkeep]
|upkeep
|turn|5
|
|t:|1779808721
|-end|p1a: Bey blade|Quark Drive|[silent]
|switch|p1a: Pelipper|Pelipper, M|100/100
|-weather|RainDance|[from] ability: Drizzle|[of] p1a: Pelipper
|move|p2a: Cinderace|U-turn|p1a: Pelipper
|-resisted|p1a: Pelipper
|-damage|p1a: Pelipper|93/100
|
|t:|1779808724
|switch|p2a: Slowking|Slowking-Galar, F|100/100|[from] U-turn
|
|-weather|RainDance|[upkeep]
|upkeep
|turn|6
|
|t:|1779808730
|switch|p1a: Nuclear bomb|Porygon-Z|100/100
|-ability|p1a: Nuclear bomb|Download|boost
|-boost|p1a: Nuclear bomb|atk|1
|-prepare|p2a: Slowking|Chilly Reception|[premajor]
|move|p2a: Slowking|Chilly Reception|p2a: Slowking
|-weather|Snowscape
|
|t:|1779808734
|switch|p2a: Kyurem|Kyurem|22/100|[from] Chilly Reception
|-ability|p2a: Kyurem|Pressure
|
|-weather|Snowscape|[upkeep]
|upkeep
|turn|7
|
|t:|1779808741
|move|p2a: Kyurem|Blizzard|p1a: Nuclear bomb
|-damage|p1a: Nuclear bomb|0 fnt
|faint|p1a: Nuclear bomb
|
|-weather|Snowscape|[upkeep]
|upkeep
|-message|hgjgfjyg forfeited.
|
|win|cat party
|raw|hgjgfjyg's rating: 1454 &rarr; <strong>1438</strong><br />(-16 for losing)
|raw|cat party's rating: 1521 &rarr; <strong>1537</strong><br />(+16 for winning)
|l|☆hgjgfjyg
|player|p1|
|l|☆cat party
|player|p2|
