|j|☆sled gas
|j|☆sterster
|t:|1779855399
|gametype|singles
|player|p1|sled gas|boarder|1403
|player|p2|sterster|101|1391
|gen|9
|tier|[Gen 9] OU
|rated|
|rule|HP Percentage Mod: HP is shown in percentages
|rule|Endless Battle Clause: Forcing endless battles is banned
|rule|Species Clause: Limit one of each Pokémon
|rule|OHKO Clause: OHKO moves are banned
|rule|Evasion Items Clause: Evasion items are banned
|rule|Evasion Moves Clause: Evasion moves are banned
|rule|Evasion Abilities Clause: Evasion abilities are banned
|rule|Sleep Moves Clause: Sleep-inducing moves are banned
|clearpoke
|poke|p1|Great Tusk|
|poke|p1|Torkoal, F|
|poke|p1|Raging Bolt|
|poke|p1|Ogerpon, F|
|poke|p1|Walking Wake|
|poke|p1|Iron Moth|
|poke|p2|Iron Valiant|
|poke|p2|Weavile, F|
|poke|p2|Dragapult, M|
|poke|p2|Moltres|
|poke|p2|Ogerpon-Wellspring, F|
|poke|p2|Great Tusk|
|teampreview
|inactive|Battle timer is ON: inactive players will automatically lose when time's up. (requested by sled gas)
|
|t:|1779855411
|teamsize|p1|6
|teamsize|p2|6
|start
|switch|p1a: Torkoal|Torkoal, F|100/100
|switch|p2a: Great Tusk|Great Tusk|100/100
|-weather|SunnyDay|[from] ability: Drought|[of] p1a: Torkoal
|-activate|p2a: Great Tusk|ability: Protosynthesis
|-start|p2a: Great Tusk|protosynthesisatk
|turn|1
|
|t:|1779855429
|-terastallize|p1a: Torkoal|Grass
|move|p2a: Great Tusk|Stealth Rock|p1a: Torkoal
|-sidestart|p1: sled gas|move: Stealth Rock
|move|p1a: Torkoal|Overheat|p2a: Great Tusk
|-damage|p2a: Great Tusk|9/100
|-unboost|p1a: Torkoal|spa|2
|
|-weather|SunnyDay|[upkeep]
|upkeep
|turn|2
|
|t:|1779855444
|move|p2a: Great Tusk|Ice Spinner|p1a: Torkoal
|-supereffective|p1a: Torkoal
|-damage|p1a: Torkoal|58/100
|move|p1a: Torkoal|Rapid Spin|p2a: Great Tusk
|-damage|p2a: Great Tusk|3/100
|-boost|p1a: Torkoal|spe|1
|-sideend|p1: sled gas|Stealth Rock|[from] move: Rapid Spin|[of] p1a: Torkoal
|
|-weather|SunnyDay|[upkeep]
|upkeep
|turn|3
|
|t:|1779855450
|move|p2a: Great Tusk|Ice Spinner|p1a: Torkoal
|-supereffective|p1a: Torkoal
|-damage|p1a: Torkoal|14/100
|move|p1a: Torkoal|Rapid Spin|p2a: Great Tusk
|-damage|p2a: Great Tusk|0 fnt
|-boost|p1a: Torkoal|spe|1
|faint|p2a: Great Tusk
|-end|p2a: Great Tusk|Protosynthesis|[silent]
|
|-weather|SunnyDay|[upkeep]
|upkeep
|
|t:|1779855456
|switch|p2a: Weavile|Weavile, F|100/100
|-ability|p2a: Weavile|Pressure
|turn|4
|
|t:|1779855483
|switch|p1a: Walking Wake|Walking Wake|100/100
|-activate|p1a: Walking Wake|ability: Protosynthesis
|-start|p1a: Walking Wake|protosynthesisspa
|move|p2a: Weavile|Knock Off|p1a: Walking Wake
|-damage|p1a: Walking Wake|52/100
|-enditem|p1a: Walking Wake|Choice Scarf|[from] move: Knock Off|[of] p2a: Weavile
|
|-weather|SunnyDay|[upkeep]
|upkeep
|turn|5
|
|t:|1779855495
|move|p2a: Weavile|Triple Axel|p1a: Walking Wake
|-damage|p1a: Walking Wake|41/100
|-damage|p1a: Walking Wake|19/100
|-damage|p1a: Walking Wake|0 fnt
|faint|p1a: Walking Wake
|-end|p1a: Walking Wake|Protosynthesis|[silent]
|-hitcount|p1: Walking Wake|3
|
|-weather|SunnyDay|[upkeep]
|upkeep
|
|t:|1779855502
|switch|p1a: Iron Moth|Iron Moth|100/100
|turn|6
|
|t:|1779855522
|switch|p2a: Moltres|Moltres|100/100
|move|p1a: Iron Moth|Toxic Spikes|p2a: Moltres
|-sidestart|p2: sterster|move: Toxic Spikes
|
|-weather|SunnyDay|[upkeep]
|upkeep
|turn|7
|
|t:|1779855526
|move|p1a: Iron Moth|Sludge Wave|p2a: Moltres
|-damage|p2a: Moltres|51/100
|move|p2a: Moltres|Flamethrower|p1a: Iron Moth
|-resisted|p1a: Iron Moth
|-damage|p1a: Iron Moth|69/100
|
|-weather|SunnyDay|[upkeep]
|upkeep
|turn|8
|
|t:|1779855550
|switch|p2a: Dragapult|Dragapult, M|100/100
|move|p1a: Iron Moth|Sludge Wave|p2a: Dragapult
|-resisted|p2a: Dragapult
|-damage|p2a: Dragapult|57/100
|
|-weather|none
|upkeep
|turn|9
|
|t:|1779855563
|-end|p1a: Iron Moth|Quark Drive|[silent]
|switch|p1a: Torkoal|Torkoal, F, tera:Grass|14/100
|-weather|SunnyDay|[from] ability: Drought|[of] p1a: Torkoal
|move|p2a: Dragapult|Dragon Darts|p1a: Torkoal
|-damage|p1a: Torkoal|4/100
|-anim|p2a: Dragapult|Dragon Darts|p1a: Torkoal
|-damage|p1a: Torkoal|0 fnt
|faint|p1a: Torkoal
|
|-weather|SunnyDay|[upkeep]
|upkeep
|
|t:|1779855581
|switch|p1a: Ogerpon|Ogerpon, F|100/100
|turn|10
|
|t:|1779855591
|move|p2a: Dragapult|U-turn|p1a: Ogerpon
|-supereffective|p1a: Ogerpon
|-damage|p1a: Ogerpon|53/100
|
|t:|1779855596
|switch|p2a: Moltres|Moltres|51/100|[from] U-turn
|move|p1a: Ogerpon|Knock Off|p2a: Moltres
|-damage|p2a: Moltres|30/100
|-status|p1a: Ogerpon|brn|[from] ability: Flame Body|[of] p2a: Moltres
|-enditem|p2a: Moltres|Heavy-Duty Boots|[from] move: Knock Off|[of] p1a: Ogerpon
|
|-weather|SunnyDay|[upkeep]
|-damage|p1a: Ogerpon|47/100 brn|[from] brn
|upkeep
|turn|11
|
|t:|1779855613
|switch|p1a: Iron Moth|Iron Moth|69/100
|move|p2a: Moltres|Roost|p2a: Moltres
|-heal|p2a: Moltres|80/100
|-singleturn|p2a: Moltres|move: Roost
|
|-weather|SunnyDay|[upkeep]
|upkeep
|turn|12
|
|t:|1779855621
|switch|p2a: Dragapult|Dragapult, M|57/100
|move|p1a: Iron Moth|Sludge Wave|p2a: Dragapult
|-resisted|p2a: Dragapult
|-damage|p2a: Dragapult|20/100
|
|-weather|SunnyDay|[upkeep]
|upkeep
|turn|13
|
|t:|1779855625
|-end|p1a: Iron Moth|Quark Drive|[silent]
|switch|p1a: Ogerpon|Ogerpon, F|47/100 brn
|move|p2a: Dragapult|Dragon Darts|p1a: Ogerpon
|-damage|p1a: Ogerpon|17/100 brn
|-anim|p2a: Dragapult|Dragon Darts|p1a: Ogerpon
|-damage|p1a: Ogerpon|0 fnt
|faint|p1a: Ogerpon
|
|-weather|SunnyDay|[upkeep]
|upkeep
|
|t:|1779855638
|switch|p1a: Great Tusk|Great Tusk|100/100
|-activate|p1a: Great Tusk|ability: Protosynthesis
|-start|p1a: Great Tusk|protosynthesisatk
|turn|14
|
|t:|1779855644
|move|p2a: Dragapult|Will-O-Wisp|p1a: Great Tusk
|-status|p1a: Great Tusk|brn
|move|p1a: Great Tusk|Temper Flare|p2a: Dragapult
|-resisted|p2a: Dragapult
|-damage|p2a: Dragapult|4/100
|
|-weather|SunnyDay|[upkeep]
|-damage|p1a: Great Tusk|94/100 brn|[from] brn
|upkeep
|turn|15
|-message|sled gas forfeited.
|
|win|sterster
|raw|sled gas's rating: 1403 &rarr; <strong>1382</strong><br />(-21 for losing)
|raw|sterster's rating: 1391 &rarr; <strong>1412</strong><br />(+21 for winning)
|l|☆sled gas
|player|p1|
|l|☆sterster
|player|p2|
