|j|☆mudkipini2
|j|☆Jules93
|t:|1779962423
|gametype|singles
|player|p1|mudkipini2|norman|1073
|player|p2|Jules93|hilbert|1114
|gen|9
|tier|[Gen 9] OU
|rated|
|rule|HP Percentage Mod: HP is shown in percentages
|rule|Endless Battle Clause: Forcing endless battles is banned
|rule|Species Clause: Limit one of each Pokémon
|rule|OHKO Clause: OHKO moves are banned
|rule|Evasion Items Clause: Evasion items are banned
|rule|Evasion Moves Clause: Evasion moves are banned
|rule|Evasion Abilities Clause: Evasion abilities are banned
|rule|Sleep Moves Clause: Sleep-inducing moves are banned
|clearpoke
|poke|p1|Great Tusk|
|poke|p1|Sinistcha|
|poke|p1|Samurott-Hisui, M|
|poke|p1|Slowking-Galar, M|
|poke|p1|Kingambit, F|
|poke|p1|Garganacl, F|
|poke|p2|Politoed, F|
|poke|p2|Meganium, F|
|poke|p2|Scizor, M|
|poke|p2|Hitmontop, M|
|poke|p2|Kingdra, F|
|poke|p2|Porygon2|
|teampreview
|inactive|Battle timer is ON: inactive players will automatically lose when time's up. (requested by mudkipini2)
|
|t:|1779962460
|teamsize|p1|6
|teamsize|p2|6
|start
|switch|p1a: Slowking|Slowking-Galar, M|100/100
|switch|p2a: Meganium|Meganium, F|100/100
|turn|1
|
|t:|1779962471
|move|p2a: Meganium|Knock Off|p1a: Slowking
|-supereffective|p1a: Slowking
|-damage|p1a: Slowking|65/100
|-enditem|p1a: Slowking|Heavy-Duty Boots|[from] move: Knock Off|[of] p2a: Meganium
|move|p1a: Slowking|Flamethrower|p2a: Meganium
|-supereffective|p2a: Meganium
|-damage|p2a: Meganium|68/100
|
|-heal|p2a: Meganium|74/100|[from] item: Leftovers
|upkeep
|turn|2
|
|t:|1779962483
|move|p2a: Meganium|Leech Seed|p1a: Slowking
|-start|p1a: Slowking|move: Leech Seed
|-prepare|p1a: Slowking|Chilly Reception|[premajor]
|move|p1a: Slowking|Chilly Reception|p1a: Slowking
|-weather|Snowscape
|
|t:|1779962492
|switch|p1a: Sinistcha|Sinistcha|100/100|[from] Chilly Reception
|
|-weather|Snowscape|[upkeep]
|-heal|p2a: Meganium|80/100|[from] item: Leftovers
|upkeep
|turn|3
|
|t:|1779962502
|move|p1a: Sinistcha|Calm Mind|p1a: Sinistcha
|-boost|p1a: Sinistcha|spa|1
|-boost|p1a: Sinistcha|spd|1
|move|p2a: Meganium|Knock Off|p1a: Sinistcha
|-supereffective|p1a: Sinistcha
|-damage|p1a: Sinistcha|73/100
|-damage|p2a: Meganium|64/100|[from] item: Rocky Helmet|[of] p1a: Sinistcha
|-enditem|p1a: Sinistcha|Rocky Helmet|[from] move: Knock Off|[of] p2a: Meganium
|
|-weather|Snowscape|[upkeep]
|-heal|p2a: Meganium|70/100|[from] item: Leftovers
|upkeep
|turn|4
|
|t:|1779962519
|switch|p2a: Politoed|Politoed, F|100/100
|-weather|RainDance|[from] ability: Drizzle|[of] p2a: Politoed
|move|p1a: Sinistcha|Matcha Gotcha|p2a: Politoed
|-supereffective|p2a: Politoed
|-damage|p2a: Politoed|34/100
|-heal|p1a: Sinistcha|100/100|[from] drain|[of] p2a: Politoed
|
|-weather|RainDance|[upkeep]
|upkeep
|turn|5
|
|t:|1779962539
|move|p2a: Politoed|Haze|p2a: Politoed
|-clearallboost
|move|p1a: Sinistcha|Calm Mind|p1a: Sinistcha
|-boost|p1a: Sinistcha|spa|1
|-boost|p1a: Sinistcha|spd|1
|
|-weather|RainDance|[upkeep]
|upkeep
|turn|6
|
|t:|1779962548
|move|p1a: Sinistcha|Matcha Gotcha|p2a: Politoed
|-supereffective|p2a: Politoed
|-damage|p2a: Politoed|0 fnt
|faint|p2a: Politoed
|
|-weather|RainDance|[upkeep]
|upkeep
|
|t:|1779962560
|switch|p2a: Kingdra|Kingdra, F|100/100
|turn|7
|
|t:|1779962567
|-terastallize|p2a: Kingdra|Steel
|move|p2a: Kingdra|Hurricane|p1a: Sinistcha
|-supereffective|p1a: Sinistcha
|-crit|p1a: Sinistcha
|-damage|p1a: Sinistcha|0 fnt
|faint|p1a: Sinistcha
|
|-weather|RainDance|[upkeep]
|upkeep
|
|t:|1779962577
|switch|p1a: Garganacl|Garganacl, F|100/100
|turn|8
|
|t:|1779962586
|move|p2a: Kingdra|Flash Cannon|p1a: Garganacl
|-supereffective|p1a: Garganacl
|-damage|p1a: Garganacl|27/100
|move|p1a: Garganacl|Iron Defense|p1a: Garganacl
|-boost|p1a: Garganacl|def|2
|
|-weather|RainDance|[upkeep]
|-heal|p1a: Garganacl|33/100|[from] item: Leftovers
|upkeep
|turn|9
|
|t:|1779962597
|-terastallize|p1a: Garganacl|Ghost
|move|p2a: Kingdra|Surf|p1a: Garganacl
|-damage|p1a: Garganacl|0 fnt
|faint|p1a: Garganacl
|
|-weather|RainDance|[upkeep]
|upkeep
|
|t:|1779962609
|switch|p1a: Slowking|Slowking-Galar, M|98/100
|turn|10
|
|t:|1779962617
|move|p2a: Kingdra|Flash Cannon|p1a: Slowking
|-damage|p1a: Slowking|74/100
|move|p1a: Slowking|Flamethrower|p2a: Kingdra
|-supereffective|p2a: Kingdra
|-damage|p2a: Kingdra|73/100
|
|-weather|RainDance|[upkeep]
|upkeep
|turn|11
|
|t:|1779962628
|move|p2a: Kingdra|Draco Meteor|p1a: Slowking
|-damage|p1a: Slowking|35/100
|-unboost|p2a: Kingdra|spa|2
|-enditem|p2a: Kingdra|White Herb
|-clearnegativeboost|p2a: Kingdra|[silent]
|move|p1a: Slowking|Future Sight|p2a: Kingdra
|-start|p1a: Slowking|move: Future Sight
|
|-weather|none
|upkeep
|turn|12
|
|t:|1779962640
|move|p2a: Kingdra|Draco Meteor|p1a: Slowking
|-damage|p1a: Slowking|0 fnt
|-unboost|p2a: Kingdra|spa|2
|faint|p1a: Slowking
|
|upkeep
|
|t:|1779962648
|switch|p1a: Samurott|Samurott-Hisui, M|100/100
|turn|13
|
|t:|1779962655
|move|p1a: Samurott|Sacred Sword|p2a: Kingdra
|-supereffective|p2a: Kingdra
|-damage|p2a: Kingdra|0 fnt
|faint|p2a: Kingdra
|
|-hint|Future Sight did not hit because the target is fainted.
|upkeep
|inactive|Jules93 has 120 seconds left.
|
|t:|1779962704
|switch|p2a: Meganium|Meganium, F|70/100
|turn|14
|
|t:|1779962719
|switch|p1a: Great Tusk|Great Tusk|100/100
|move|p2a: Meganium|Leaf Storm|p1a: Great Tusk
|-supereffective|p1a: Great Tusk
|-damage|p1a: Great Tusk|0 fnt
|-unboost|p2a: Meganium|spa|2
|faint|p1a: Great Tusk
|-end|p1a: Great Tusk|Protosynthesis|[silent]
|
|-heal|p2a: Meganium|76/100|[from] item: Leftovers
|upkeep
|
|t:|1779962729
|switch|p1a: Kingambit|Kingambit, F|100/100
|-activate|p1a: Kingambit|ability: Supreme Overlord
|-start|p1a: Kingambit|fallen4|[silent]
|turn|15
|inactive|Jules93 has 120 seconds left.
|
|t:|1779962739
|move|p1a: Kingambit|Sucker Punch||[still]
|-fail|p1a: Kingambit
|move|p2a: Meganium|Leech Seed|p1a: Kingambit
|-start|p1a: Kingambit|move: Leech Seed
|
|-heal|p2a: Meganium|82/100|[from] item: Leftovers
|-damage|p1a: Kingambit|88/100|[from] Leech Seed|[of] p2a: Meganium
|-heal|p2a: Meganium|94/100|[silent]
|upkeep
|turn|16
|
|t:|1779962747
|move|p2a: Meganium|Protect|p2a: Meganium
|-singleturn|p2a: Meganium|Protect
|move|p1a: Kingambit|Sucker Punch||[still]
|-fail|p1a: Kingambit
|
|-heal|p2a: Meganium|99/100|[from] item: Leftovers
|-damage|p1a: Kingambit|76/100|[from] Leech Seed|[of] p2a: Meganium
|-heal|p2a: Meganium|100/100|[silent]
|upkeep
|turn|17
|
|t:|1779962758
|-end|p1a: Kingambit|fallen4|[silent]
|switch|p1a: Samurott|Samurott-Hisui, M|100/100
|move|p2a: Meganium|Knock Off|p1a: Samurott
|-resisted|p1a: Samurott
|-damage|p1a: Samurott|90/100
|-enditem|p1a: Samurott|Mystic Water|[from] move: Knock Off|[of] p2a: Meganium
|
|upkeep
|turn|18
|
|t:|1779962768
|switch|p1a: Kingambit|Kingambit, F|76/100
|-activate|p1a: Kingambit|ability: Supreme Overlord
|-start|p1a: Kingambit|fallen4|[silent]
|move|p2a: Meganium|Leech Seed|p1a: Kingambit
|-start|p1a: Kingambit|move: Leech Seed
|
|-damage|p1a: Kingambit|64/100|[from] Leech Seed|[of] p2a: Meganium
|upkeep
|turn|19
|
|t:|1779962787
|move|p1a: Kingambit|Sucker Punch||[still]
|-fail|p1a: Kingambit
|move|p2a: Meganium|Leech Seed|p1a: Kingambit|[miss]
|-miss|p2a: Meganium|p1a: Kingambit
|
|-damage|p1a: Kingambit|51/100|[from] Leech Seed|[of] p2a: Meganium
|upkeep
|turn|20
|
|t:|1779962795
|-end|p1a: Kingambit|fallen4|[silent]
|switch|p1a: Samurott|Samurott-Hisui, M|90/100
|move|p2a: Meganium|Leech Seed|p1a: Samurott
|-start|p1a: Samurott|move: Leech Seed
|
|-damage|p1a: Samurott|77/100|[from] Leech Seed|[of] p2a: Meganium
|upkeep
|turn|21
|
|t:|1779962804
|switch|p1a: Kingambit|Kingambit, F|51/100
|-activate|p1a: Kingambit|ability: Supreme Overlord
|-start|p1a: Kingambit|fallen4|[silent]
|move|p2a: Meganium|Leaf Storm|p1a: Kingambit
|-resisted|p1a: Kingambit
|-damage|p1a: Kingambit|40/100
|-unboost|p2a: Meganium|spa|2
|
|upkeep
|turn|22
|
|t:|1779962816
|move|p1a: Kingambit|Sucker Punch||[still]
|-fail|p1a: Kingambit
|move|p2a: Meganium|Leech Seed|p1a: Kingambit
|-start|p1a: Kingambit|move: Leech Seed
|
|-damage|p1a: Kingambit|28/100|[from] Leech Seed|[of] p2a: Meganium
|upkeep
|turn|23
|
|t:|1779962827
|-end|p1a: Kingambit|fallen4|[silent]
|switch|p1a: Samurott|Samurott-Hisui, M|77/100
|move|p2a: Meganium|Leaf Storm|p1a: Samurott
|-supereffective|p1a: Samurott
|-damage|p1a: Samurott|34/100
|-unboost|p2a: Meganium|spa|2
|
|upkeep
|turn|24
|
|t:|1779962840
|move|p1a: Samurott|Sacred Sword|p2a: Meganium
|-damage|p2a: Meganium|63/100
|move|p2a: Meganium|Leech Seed|p1a: Samurott
|-start|p1a: Samurott|move: Leech Seed
|
|-heal|p2a: Meganium|69/100|[from] item: Leftovers
|-damage|p1a: Samurott|22/100|[from] Leech Seed|[of] p2a: Meganium
|-heal|p2a: Meganium|80/100|[silent]
|upkeep
|turn|25
|
|t:|1779962851
|switch|p1a: Kingambit|Kingambit, F|28/100
|-activate|p1a: Kingambit|ability: Supreme Overlord
|-start|p1a: Kingambit|fallen4|[silent]
|move|p2a: Meganium|Leech Seed|p1a: Kingambit
|-start|p1a: Kingambit|move: Leech Seed
|
|-heal|p2a: Meganium|86/100|[from] item: Leftovers
|-damage|p1a: Kingambit|15/100|[from] Leech Seed|[of] p2a: Meganium
|-heal|p2a: Meganium|98/100|[silent]
|upkeep
|turn|26
|
|t:|1779962866
|move|p1a: Kingambit|Swords Dance|p1a: Kingambit
|-boost|p1a: Kingambit|atk|2
|move|p2a: Meganium|Leaf Storm|p1a: Kingambit
|-resisted|p1a: Kingambit
|-damage|p1a: Kingambit|10/100
|
|-heal|p2a: Meganium|100/100|[from] item: Leftovers
|-damage|p1a: Kingambit|0 fnt|[from] Leech Seed|[of] p2a: Meganium
|faint|p1a: Kingambit
|-end|p1a: Kingambit|fallen4|[silent]
|upkeep
|
|t:|1779962876
|switch|p1a: Samurott|Samurott-Hisui, M|22/100
|turn|27
|
|t:|1779962882
|move|p1a: Samurott|Sacred Sword|p2a: Meganium
|-damage|p2a: Meganium|60/100
|move|p2a: Meganium|Leech Seed|p1a: Samurott
|-start|p1a: Samurott|move: Leech Seed
|
|-heal|p2a: Meganium|66/100|[from] item: Leftovers
|-damage|p1a: Samurott|9/100|[from] Leech Seed|[of] p2a: Meganium
|-heal|p2a: Meganium|77/100|[silent]
|upkeep
|turn|28
|
|t:|1779962894
|move|p2a: Meganium|Protect|p2a: Meganium
|-singleturn|p2a: Meganium|Protect
|move|p1a: Samurott|Ceaseless Edge|p2a: Meganium
|-activate|p2a: Meganium|move: Protect
|
|-heal|p2a: Meganium|83/100|[from] item: Leftovers
|-damage|p1a: Samurott|0 fnt|[from] Leech Seed|[of] p2a: Meganium
|-heal|p2a: Meganium|91/100|[silent]
|faint|p1a: Samurott
|
|win|Jules93
|raw|mudkipini2's rating: 1073 &rarr; <strong>1055</strong><br />(-18 for losing)
|raw|Jules93's rating: 1114 &rarr; <strong>1136</strong><br />(+22 for winning)
|l|☆Jules93
|player|p2|
|l|☆mudkipini2
|player|p1|
