|j|☆deathprofessor21
|j|☆RedemptiveSketch
|t:|1779876217
|gametype|singles
|player|p1|deathprofessor21|266|1598
|player|p2|RedemptiveSketch|boarder-gen2|1752
|gen|9
|tier|[Gen 9] OU
|rated|
|rule|HP Percentage Mod: HP is shown in percentages
|rule|Endless Battle Clause: Forcing endless battles is banned
|rule|Species Clause: Limit one of each Pokémon
|rule|OHKO Clause: OHKO moves are banned
|rule|Evasion Items Clause: Evasion items are banned
|rule|Evasion Moves Clause: Evasion moves are banned
|rule|Evasion Abilities Clause: Evasion abilities are banned
|rule|Sleep Moves Clause: Sleep-inducing moves are banned
|clearpoke
|poke|p1|Hydrapple, M|
|poke|p1|Moltres|
|poke|p1|Great Tusk|
|poke|p1|Gholdengo|
|poke|p1|Slowking-Galar, M|
|poke|p1|Lokix, F|
|poke|p2|Raging Bolt|
|poke|p2|Samurott-Hisui, F|
|poke|p2|Gholdengo|
|poke|p2|Great Tusk|
|poke|p2|Moltres|
|poke|p2|Ogerpon, F|
|teampreview
|inactive|Battle timer is ON: inactive players will automatically lose when time's up. (requested by RedemptiveSketch)
|
|t:|1779876231
|teamsize|p1|6
|teamsize|p2|6
|start
|switch|p1a: Hydrapple|Hydrapple, M|100/100
|switch|p2a: Moltres|Moltres|100/100
|turn|1
|
|t:|1779876236
|move|p2a: Moltres|Flamethrower|p1a: Hydrapple
|-damage|p1a: Hydrapple|65/100
|move|p1a: Hydrapple|Fickle Beam|p2a: Moltres
|-damage|p2a: Moltres|52/100
|-damage|p1a: Hydrapple|55/100|[from] item: Life Orb
|
|upkeep
|turn|2
|
|t:|1779876241
|move|p2a: Moltres|U-turn|p1a: Hydrapple
|-supereffective|p1a: Hydrapple
|-damage|p1a: Hydrapple|34/100
|
|t:|1779876244
|switch|p2a: Samurott|Samurott-Hisui, F|100/100|[from] U-turn
|move|p1a: Hydrapple|Fickle Beam|p2a: Samurott|[anim] Fickle Beam All Out
|-activate|p1a: Hydrapple|move: Fickle Beam
|-damage|p2a: Samurott|16/100
|-damage|p1a: Hydrapple|24/100|[from] item: Life Orb
|
|upkeep
|turn|3
|j| jsnsddk
|
|t:|1779876252
|switch|p1a: Moltres|Moltres|100/100
|move|p2a: Samurott|Ceaseless Edge|p1a: Moltres
|-crit|p1a: Moltres
|-damage|p1a: Moltres|56/100
|-sidestart|p1: deathprofessor21|Spikes
|
|upkeep
|turn|4
|
|t:|1779876263
|move|p2a: Samurott|Flip Turn|p1a: Moltres
|-supereffective|p1a: Moltres
|-damage|p1a: Moltres|21/100
|
|t:|1779876267
|switch|p2a: Raging Bolt|Raging Bolt|100/100|[from] Flip Turn
|move|p1a: Moltres|U-turn|p2a: Raging Bolt
|-damage|p2a: Raging Bolt|89/100
|l| jsnsddk
|
|t:|1779876287
|switch|p1a: Great Tusk|Great Tusk|100/100|[from] U-turn
|-damage|p1a: Great Tusk|88/100|[from] Spikes
|
|-heal|p1a: Great Tusk|94/100|[from] item: Leftovers
|-heal|p2a: Raging Bolt|96/100|[from] item: Leftovers
|upkeep
|turn|5
|j| jsnsddk
|
|t:|1779876296
|-end|p2a: Raging Bolt|Protosynthesis|[silent]
|switch|p2a: Moltres|Moltres|52/100
|move|p1a: Great Tusk|Rapid Spin|p2a: Moltres
|-damage|p2a: Moltres|38/100
|-boost|p1a: Great Tusk|spe|1
|-sideend|p1: deathprofessor21|Spikes|[from] move: Rapid Spin|[of] p1a: Great Tusk
|
|-heal|p1a: Great Tusk|100/100|[from] item: Leftovers
|upkeep
|turn|6
|
|t:|1779876306
|-end|p1a: Great Tusk|Protosynthesis|[silent]
|switch|p1a: Hydrapple|Hydrapple, M|57/100
|move|p2a: Moltres|Roost|p2a: Moltres
|-heal|p2a: Moltres|88/100
|-singleturn|p2a: Moltres|move: Roost
|
|upkeep
|turn|7
|
|t:|1779876310
|switch|p1a: Slowking|Slowking-Galar, M|100/100
|move|p2a: Moltres|Flamethrower|p1a: Slowking
|-damage|p1a: Slowking|79/100
|
|upkeep
|turn|8
|
|t:|1779876316
|move|p2a: Moltres|U-turn|p1a: Slowking
|-damage|p1a: Slowking|67/100
|
|t:|1779876319
|switch|p2a: Gholdengo|Gholdengo|100/100|[from] U-turn
|move|p1a: Slowking|Sludge Bomb|p2a: Gholdengo
|-immune|p2a: Gholdengo
|
|upkeep
|turn|9
|
|t:|1779876326
|switch|p1a: Hydrapple|Hydrapple, M|91/100
|move|p2a: Gholdengo|Trick|p1a: Hydrapple
|-activate|p2a: Gholdengo|move: Trick|[of] p1a: Hydrapple
|-item|p1a: Hydrapple|Choice Scarf|[from] move: Trick
|-item|p2a: Gholdengo|Life Orb|[from] move: Trick
|
|upkeep
|turn|10
|l| jsnsddk
|
|t:|1779876336
|move|p2a: Gholdengo|Shadow Ball|p1a: Hydrapple
|-damage|p1a: Hydrapple|40/100
|-unboost|p1a: Hydrapple|spd|1
|-damage|p2a: Gholdengo|91/100|[from] item: Life Orb
|move|p1a: Hydrapple|Fickle Beam|p2a: Gholdengo|[anim] Fickle Beam All Out
|-activate|p1a: Hydrapple|move: Fickle Beam
|-resisted|p2a: Gholdengo
|-damage|p2a: Gholdengo|41/100
|
|upkeep
|turn|11
|
|t:|1779876345
|switch|p1a: Lokix|Lokix, F|100/100
|move|p2a: Gholdengo|Recover|p2a: Gholdengo
|-heal|p2a: Gholdengo|92/100
|
|upkeep
|turn|12
|
|t:|1779876365
|switch|p1a: Hydrapple|Hydrapple, M|74/100
|move|p2a: Gholdengo|Make It Rain|p1a: Hydrapple
|-crit|p1a: Hydrapple
|-damage|p1a: Hydrapple|0 fnt
|-unboost|p2a: Gholdengo|spa|1
|faint|p1a: Hydrapple
|-damage|p2a: Gholdengo|82/100|[from] item: Life Orb
|
|upkeep
|
|t:|1779876378
|switch|p1a: Great Tusk|Great Tusk|100/100
|turn|13
|
|t:|1779876383
|-end|p1a: Great Tusk|Protosynthesis|[silent]
|switch|p1a: Slowking|Slowking-Galar, M|100/100
|switch|p2a: Moltres|Moltres|88/100
|
|upkeep
|turn|14
|
|t:|1779876392
|move|p2a: Moltres|U-turn|p1a: Slowking
|-damage|p1a: Slowking|88/100
|
|t:|1779876395
|switch|p2a: Gholdengo|Gholdengo|82/100|[from] U-turn
|move|p1a: Slowking|Ice Beam|p2a: Gholdengo
|-resisted|p2a: Gholdengo
|-damage|p2a: Gholdengo|67/100
|
|upkeep
|turn|15
|
|t:|1779876410
|move|p2a: Gholdengo|Recover|p2a: Gholdengo
|-heal|p2a: Gholdengo|100/100
|move|p1a: Slowking|Flamethrower|p2a: Gholdengo
|-supereffective|p2a: Gholdengo
|-damage|p2a: Gholdengo|44/100
|
|upkeep
|turn|16
|
|t:|1779876421
|switch|p2a: Samurott|Samurott-Hisui, F|16/100
|move|p1a: Slowking|Sludge Bomb|p2a: Samurott
|-damage|p2a: Samurott|0 fnt
|faint|p2a: Samurott
|
|upkeep
|
|t:|1779876426
|switch|p2a: Great Tusk|Great Tusk|100/100
|turn|17
|inactive|deathprofessor21 has 120 seconds left.
|
|t:|1779876476
|switch|p1a: Moltres|Moltres|21/100
|move|p2a: Great Tusk|Ice Spinner|p1a: Moltres
|-damage|p1a: Moltres|0 fnt
|faint|p1a: Moltres
|
|upkeep
|
|t:|1779876485
|switch|p1a: Lokix|Lokix, F|100/100
|turn|18
|
|t:|1779876491
|-end|p2a: Great Tusk|Protosynthesis|[silent]
|switch|p2a: Moltres|Moltres|88/100
|-terastallize|p1a: Lokix|Bug
|move|p1a: Lokix|U-turn|p2a: Moltres
|-resisted|p2a: Moltres
|-damage|p2a: Moltres|68/100
|
|t:|1779876498
|switch|p1a: Slowking|Slowking-Galar, M|100/100|[from] U-turn
|
|upkeep
|turn|19
|
|t:|1779876508
|move|p2a: Moltres|U-turn|p1a: Slowking
|-damage|p1a: Slowking|88/100
|
|t:|1779876511
|switch|p2a: Great Tusk|Great Tusk|100/100|[from] U-turn
|move|p1a: Slowking|Psychic Noise|p2a: Great Tusk
|-supereffective|p2a: Great Tusk
|-damage|p2a: Great Tusk|0 fnt
|faint|p2a: Great Tusk
|-end|p2a: Great Tusk|Protosynthesis|[silent]
|
|upkeep
|
|t:|1779876521
|switch|p2a: Gholdengo|Gholdengo|44/100
|turn|20
|
|t:|1779876528
|move|p2a: Gholdengo|Shadow Ball|p1a: Slowking
|-supereffective|p1a: Slowking
|-damage|p1a: Slowking|24/100
|-damage|p2a: Gholdengo|34/100|[from] item: Life Orb
|move|p1a: Slowking|Flamethrower|p2a: Gholdengo
|-supereffective|p2a: Gholdengo
|-damage|p2a: Gholdengo|0 fnt
|faint|p2a: Gholdengo
|
|upkeep
|
|t:|1779876533
|switch|p2a: Ogerpon|Ogerpon, F|100/100
|turn|21
|
|t:|1779876549
|switch|p1a: Gholdengo|Gholdengo|100/100
|move|p2a: Ogerpon|Knock Off|p1a: Gholdengo
|-supereffective|p1a: Gholdengo
|-damage|p1a: Gholdengo|37/100
|-enditem|p1a: Gholdengo|Leftovers|[from] move: Knock Off|[of] p2a: Ogerpon
|
|upkeep
|turn|22
|
|t:|1779876564
|move|p2a: Ogerpon|Knock Off|p1a: Gholdengo
|-supereffective|p1a: Gholdengo
|-damage|p1a: Gholdengo|0 fnt
|faint|p1a: Gholdengo
|
|upkeep
|
|t:|1779876570
|switch|p1a: Lokix|Lokix, F, tera:Bug|100/100
|turn|23
|j| ojoiz
|inactive|deathprofessor21 has 120 seconds left.
|
|t:|1779876595
|switch|p2a: Moltres|Moltres|68/100
|switch|p1a: Slowking|Slowking-Galar, M|58/100
|
|upkeep
|turn|24
|
|t:|1779876604
|move|p2a: Moltres|U-turn|p1a: Slowking
|-damage|p1a: Slowking|46/100
|
|t:|1779876605
|switch|p2a: Raging Bolt|Raging Bolt|96/100|[from] U-turn
|move|p1a: Slowking|Sludge Bomb|p2a: Raging Bolt
|-damage|p2a: Raging Bolt|62/100
|-status|p2a: Raging Bolt|psn
|
|-heal|p2a: Raging Bolt|68/100 psn|[from] item: Leftovers
|-damage|p2a: Raging Bolt|56/100 psn|[from] psn
|upkeep
|turn|25
|
|t:|1779876611
|switch|p1a: Great Tusk|Great Tusk|100/100
|move|p2a: Raging Bolt|Dragon Pulse|p1a: Great Tusk
|-damage|p1a: Great Tusk|39/100
|
|-heal|p1a: Great Tusk|45/100|[from] item: Leftovers
|-heal|p2a: Raging Bolt|62/100 psn|[from] item: Leftovers
|-damage|p2a: Raging Bolt|49/100 psn|[from] psn
|upkeep
|turn|26
|
|t:|1779876619
|-end|p1a: Great Tusk|Protosynthesis|[silent]
|switch|p1a: Slowking|Slowking-Galar, M|79/100
|-end|p2a: Raging Bolt|Protosynthesis|[silent]
|switch|p2a: Moltres|Moltres|68/100
|
|upkeep
|turn|27
|
|t:|1779876624
|move|p2a: Moltres|U-turn|p1a: Slowking
|-damage|p1a: Slowking|66/100
|
|t:|1779876625
|switch|p2a: Raging Bolt|Raging Bolt|49/100 psn|[from] U-turn
|move|p1a: Slowking|Sludge Bomb|p2a: Raging Bolt
|-damage|p2a: Raging Bolt|16/100 psn
|
|-heal|p2a: Raging Bolt|22/100 psn|[from] item: Leftovers
|-damage|p2a: Raging Bolt|10/100 psn|[from] psn
|upkeep
|turn|28
|j| Ctannn
|
|t:|1779876634
|switch|p1a: Great Tusk|Great Tusk|45/100
|move|p2a: Raging Bolt|Dragon Pulse|p1a: Great Tusk
|-damage|p1a: Great Tusk|0 fnt
|faint|p1a: Great Tusk
|-end|p1a: Great Tusk|Protosynthesis|[silent]
|
|-heal|p2a: Raging Bolt|16/100 psn|[from] item: Leftovers
|-damage|p2a: Raging Bolt|4/100 psn|[from] psn
|upkeep
|
|t:|1779876645
|switch|p1a: Slowking|Slowking-Galar, M|99/100
|turn|29
|
|t:|1779876656
|move|p2a: Raging Bolt|Thunderbolt|p1a: Slowking
|-damage|p1a: Slowking|73/100
|move|p1a: Slowking|Flamethrower|p2a: Raging Bolt
|-resisted|p2a: Raging Bolt
|-damage|p2a: Raging Bolt|0 fnt
|faint|p2a: Raging Bolt
|-end|p2a: Raging Bolt|Protosynthesis|[silent]
|
|upkeep
|
|t:|1779876669
|switch|p2a: Ogerpon|Ogerpon, F|100/100
|turn|30
|
|t:|1779876673
|move|p2a: Ogerpon|Knock Off|p1a: Slowking
|-supereffective|p1a: Slowking
|-damage|p1a: Slowking|15/100
|-enditem|p1a: Slowking|Assault Vest|[from] move: Knock Off|[of] p2a: Ogerpon
|move|p1a: Slowking|Sludge Bomb|p2a: Ogerpon
|-supereffective|p2a: Ogerpon
|-damage|p2a: Ogerpon|1/100
|
|upkeep
|turn|31
|
|t:|1779876694
|switch|p1a: Lokix|Lokix, F, tera:Bug|100/100
|move|p2a: Ogerpon|Ivy Cudgel|p1a: Lokix
|-resisted|p1a: Lokix
|-damage|p1a: Lokix|66/100
|
|upkeep
|turn|32
|
|t:|1779876702
|switch|p2a: Moltres|Moltres|68/100
|move|p1a: Lokix|First Impression|p2a: Moltres
|-resisted|p2a: Moltres
|-damage|p2a: Moltres|42/100
|
|upkeep
|turn|33
|
|t:|1779876713
|switch|p1a: Slowking|Slowking-Galar, M|48/100
|move|p2a: Moltres|U-turn|p1a: Slowking
|-damage|p1a: Slowking|36/100
|
|t:|1779876718
|switch|p2a: Ogerpon|Ogerpon, F|1/100|[from] U-turn
|
|upkeep
|turn|34
|
|t:|1779876743
|switch|p1a: Lokix|Lokix, F, tera:Bug|66/100
|-terastallize|p2a: Ogerpon|Grass
|detailschange|p2a: Ogerpon|Ogerpon-Teal-Tera, F, tera:Grass
|-ability|p2a: Ogerpon|Embody Aspect (Teal)|boost
|-boost|p2a: Ogerpon|spe|1
|move|p2a: Ogerpon|Ivy Cudgel|p1a: Lokix
|-resisted|p1a: Lokix
|-damage|p1a: Lokix|19/100
|
|upkeep
|turn|35
|
|t:|1779876752
|move|p2a: Ogerpon|Knock Off|p1a: Lokix
|-damage|p1a: Lokix|0 fnt
|-enditem|p1a: Lokix|Silver Powder|[from] move: Knock Off|[of] p2a: Ogerpon
|faint|p1a: Lokix
|
|upkeep
|
|t:|1779876754
|switch|p1a: Slowking|Slowking-Galar, M|70/100
|turn|36
|
|t:|1779876758
|move|p2a: Ogerpon|Knock Off|p1a: Slowking
|-supereffective|p1a: Slowking
|-damage|p1a: Slowking|35/100
|move|p1a: Slowking|Sludge Bomb|p2a: Ogerpon
|-supereffective|p2a: Ogerpon
|-damage|p2a: Ogerpon|0 fnt
|faint|p2a: Ogerpon
|detailschange|p2: Ogerpon|Ogerpon, F|[silent]
|
|upkeep
|
|t:|1779876762
|switch|p2a: Moltres|Moltres|42/100
|turn|37
|c|☆deathprofessor21|Gg
|
|t:|1779876776
|move|p2a: Moltres|Roost|p2a: Moltres
|-heal|p2a: Moltres|92/100
|-singleturn|p2a: Moltres|move: Roost
|move|p1a: Slowking|Sludge Bomb|p2a: Moltres
|-damage|p2a: Moltres|57/100
|
|upkeep
|turn|38
|
|t:|1779876780
|move|p2a: Moltres|Flamethrower|p1a: Slowking
|-damage|p1a: Slowking|6/100
|move|p1a: Slowking|Sludge Bomb|p2a: Moltres
|-damage|p2a: Moltres|24/100
|
|upkeep
|turn|39
|
|t:|1779876783
|move|p2a: Moltres|Flamethrower|p1a: Slowking
|-damage|p1a: Slowking|0 fnt
|faint|p1a: Slowking
|
|win|RedemptiveSketch
|raw|deathprofessor21's rating: 1598 &rarr; <strong>1586</strong><br />(-12 for losing)
|raw|RedemptiveSketch's rating: 1752 &rarr; <strong>1764</strong><br />(+12 for winning)
|c|☆RedemptiveSketch|gg
|l|☆RedemptiveSketch
|player|p2|
|l| ojoiz
|l| Ctannn
