|j|☆Cpt-Yesterday
|j|☆Gary88
|t:|1779893339
|gametype|singles
|player|p1|Cpt-Yesterday|beauty-gen4dp|1443
|player|p2|Gary88|265|1400
|gen|9
|tier|[Gen 9] OU
|rated|
|rule|HP Percentage Mod: HP is shown in percentages
|rule|Endless Battle Clause: Forcing endless battles is banned
|rule|Species Clause: Limit one of each Pokémon
|rule|OHKO Clause: OHKO moves are banned
|rule|Evasion Items Clause: Evasion items are banned
|rule|Evasion Moves Clause: Evasion moves are banned
|rule|Evasion Abilities Clause: Evasion abilities are banned
|rule|Sleep Moves Clause: Sleep-inducing moves are banned
|clearpoke
|poke|p1|Zapdos|
|poke|p1|Iron Treads|
|poke|p1|Samurott-Hisui, F|
|poke|p1|Ceruledge, M|
|poke|p1|Gholdengo|
|poke|p1|Kingambit, M|
|poke|p2|Hatterene, F|
|poke|p2|Ogerpon-Cornerstone, F|
|poke|p2|Zamazenta-*|
|poke|p2|Raging Bolt|
|poke|p2|Landorus-Therian, M|
|poke|p2|Porygon-Z|
|teampreview
|
|t:|1779893379
|teamsize|p1|6
|teamsize|p2|6
|start
|switch|p1a: Samurott|Samurott-Hisui, F|100/100
|switch|p2a: Porygon-Z|Porygon-Z|100/100
|turn|1
|
|t:|1779893393
|move|p2a: Porygon-Z|Tri Attack|p1a: Samurott
|-damage|p1a: Samurott|29/100
|move|p1a: Samurott|Knock Off|p2a: Porygon-Z
|-damage|p2a: Porygon-Z|36/100
|-enditem|p2a: Porygon-Z|Choice Specs|[from] move: Knock Off|[of] p1a: Samurott
|
|upkeep
|turn|2
|
|t:|1779893426
|move|p1a: Samurott|Sucker Punch|p2a: Porygon-Z
|-damage|p2a: Porygon-Z|0 fnt
|faint|p2a: Porygon-Z
|
|upkeep
|
|t:|1779893442
|switch|p2a: Ogerpon|Ogerpon-Cornerstone, F|100/100
|turn|3
|
|t:|1779893451
|switch|p1a: Zapdos|Zapdos|100/100
|move|p2a: Ogerpon|Ivy Cudgel|p1a: Zapdos|[anim] Ivy Cudgel Rock
|-supereffective|p1a: Zapdos
|-damage|p1a: Zapdos|12/100
|
|upkeep
|turn|4
|
|t:|1779893458
|move|p2a: Ogerpon|Ivy Cudgel|p1a: Zapdos|[anim] Ivy Cudgel Rock
|-supereffective|p1a: Zapdos
|-damage|p1a: Zapdos|0 fnt
|faint|p1a: Zapdos
|
|upkeep
|
|t:|1779893462
|switch|p1a: Iron Treads|Iron Treads|100/100
|turn|5
|
|t:|1779893467
|move|p2a: Ogerpon|Swords Dance|p2a: Ogerpon
|-boost|p2a: Ogerpon|atk|2
|move|p1a: Iron Treads|Knock Off|p2a: Ogerpon
|-damage|p2a: Ogerpon|73/100
|
|upkeep
|turn|6
|
|t:|1779893474
|move|p2a: Ogerpon|Horn Leech|p1a: Iron Treads
|-crit|p1a: Iron Treads
|-damage|p1a: Iron Treads|0 fnt
|-heal|p2a: Ogerpon|100/100|[from] drain|[of] p1a: Iron Treads
|faint|p1a: Iron Treads
|-end|p1a: Iron Treads|Quark Drive|[silent]
|
|upkeep
|
|t:|1779893480
|switch|p1a: Kingambit|Kingambit, M|100/100
|-activate|p1a: Kingambit|ability: Supreme Overlord
|-start|p1a: Kingambit|fallen2|[silent]
|turn|7
|
|t:|1779893511
|switch|p2a: Landorus|Landorus-Therian, M|100/100
|-ability|p2a: Landorus|Intimidate|boost
|-unboost|p1a: Kingambit|atk|1
|move|p1a: Kingambit|Iron Head|p2a: Landorus
|-damage|p2a: Landorus|62/100
|
|-heal|p2a: Landorus|68/100|[from] item: Leftovers
|upkeep
|turn|8
|
|t:|1779893519
|-end|p1a: Kingambit|fallen2|[silent]
|switch|p1a: Samurott|Samurott-Hisui, F|29/100
|move|p2a: Landorus|Stealth Rock|p1a: Samurott
|-sidestart|p1: Cpt-Yesterday|move: Stealth Rock
|
|-heal|p2a: Landorus|75/100|[from] item: Leftovers
|upkeep
|turn|9
|
|t:|1779893526
|move|p2a: Landorus|Earthquake|p1a: Samurott
|-damage|p1a: Samurott|0 fnt
|faint|p1a: Samurott
|
|-heal|p2a: Landorus|81/100|[from] item: Leftovers
|upkeep
|
|t:|1779893530
|switch|p1a: Ceruledge|Ceruledge, M|100/100
|turn|10
|
|t:|1779893535
|-terastallize|p1a: Ceruledge|Fairy
|move|p2a: Landorus|Earthquake|p1a: Ceruledge
|-damage|p1a: Ceruledge|40/100
|-ability|p1a: Ceruledge|Weak Armor|boost
|-unboost|p1a: Ceruledge|def|1
|-boost|p1a: Ceruledge|spe|2
|move|p1a: Ceruledge|Swords Dance|p1a: Ceruledge
|-boost|p1a: Ceruledge|atk|2
|
|-heal|p2a: Landorus|87/100|[from] item: Leftovers
|upkeep
|turn|11
|
|t:|1779893553
|move|p1a: Ceruledge|Bitter Blade|p2a: Landorus
|-damage|p2a: Landorus|0 fnt
|-heal|p1a: Ceruledge|80/100|[from] drain|[of] p2a: Landorus
|faint|p2a: Landorus
|
|upkeep
|
|t:|1779893563
|switch|p2a: Zamazenta|Zamazenta|100/100
|-ability|p2a: Zamazenta|Dauntless Shield|boost
|-boost|p2a: Zamazenta|def|1
|turn|12
|
|t:|1779893567
|move|p1a: Ceruledge|Bitter Blade|p2a: Zamazenta
|-damage|p2a: Zamazenta|54/100
|-heal|p1a: Ceruledge|100/100|[from] drain|[of] p2a: Zamazenta
|move|p2a: Zamazenta|Roar|p1a: Ceruledge
|drag|p1a: Gholdengo|Gholdengo|100/100
|-damage|p1a: Gholdengo|94/100|[from] Stealth Rock
|-item|p1a: Gholdengo|Air Balloon
|
|-heal|p2a: Zamazenta|60/100|[from] item: Leftovers
|upkeep
|turn|13
|
|t:|1779893579
|move|p2a: Zamazenta|Crunch|p1a: Gholdengo
|-supereffective|p1a: Gholdengo
|-damage|p1a: Gholdengo|65/100
|-enditem|p1a: Gholdengo|Air Balloon
|move|p1a: Gholdengo|Thunder Wave|p2a: Zamazenta
|-status|p2a: Zamazenta|par
|
|-heal|p2a: Zamazenta|66/100 par|[from] item: Leftovers
|upkeep
|turn|14
|
|t:|1779893587
|move|p1a: Gholdengo|Hex|p2a: Zamazenta
|-damage|p2a: Zamazenta|25/100 par
|move|p2a: Zamazenta|Crunch|p1a: Gholdengo
|-supereffective|p1a: Gholdengo
|-damage|p1a: Gholdengo|34/100
|
|-heal|p2a: Zamazenta|31/100 par|[from] item: Leftovers
|upkeep
|turn|15
|
|t:|1779893594
|move|p1a: Gholdengo|Recover|p1a: Gholdengo
|-heal|p1a: Gholdengo|84/100
|move|p2a: Zamazenta|Crunch|p1a: Gholdengo
|-supereffective|p1a: Gholdengo
|-damage|p1a: Gholdengo|54/100
|-unboost|p1a: Gholdengo|def|1
|
|-heal|p2a: Zamazenta|38/100 par|[from] item: Leftovers
|upkeep
|turn|16
|
|t:|1779893604
|move|p1a: Gholdengo|Hex|p2a: Zamazenta
|-damage|p2a: Zamazenta|0 fnt
|faint|p2a: Zamazenta
|
|upkeep
|
|t:|1779893609
|switch|p2a: Ogerpon|Ogerpon-Cornerstone, F|100/100
|turn|17
|
|t:|1779893616
|switch|p1a: Kingambit|Kingambit, M|100/100
|-damage|p1a: Kingambit|94/100|[from] Stealth Rock
|-activate|p1a: Kingambit|ability: Supreme Overlord
|-start|p1a: Kingambit|fallen3|[silent]
|move|p2a: Ogerpon|Ivy Cudgel|p1a: Kingambit|[anim] Ivy Cudgel Rock
|-resisted|p1a: Kingambit
|-damage|p1a: Kingambit|67/100
|
|-heal|p1a: Kingambit|74/100|[from] item: Leftovers
|upkeep
|turn|18
|
|t:|1779893631
|move|p2a: Ogerpon|Knock Off|p1a: Kingambit
|-resisted|p1a: Kingambit
|-damage|p1a: Kingambit|57/100
|-enditem|p1a: Kingambit|Leftovers|[from] move: Knock Off|[of] p2a: Ogerpon
|move|p1a: Kingambit|Swords Dance|p1a: Kingambit
|-boost|p1a: Kingambit|atk|2
|
|upkeep
|turn|19
|
|t:|1779893644
|move|p2a: Ogerpon|Ivy Cudgel|p1a: Kingambit|[anim] Ivy Cudgel Rock
|-resisted|p1a: Kingambit
|-damage|p1a: Kingambit|32/100
|move|p1a: Kingambit|Iron Head|p2a: Ogerpon
|-supereffective|p2a: Ogerpon
|-ability|p2a: Ogerpon|Sturdy
|-damage|p2a: Ogerpon|1/100
|
|upkeep
|turn|20
|
|t:|1779893657
|switch|p2a: Raging Bolt|Raging Bolt|100/100
|-enditem|p2a: Raging Bolt|Booster Energy
|-activate|p2a: Raging Bolt|ability: Protosynthesis|[fromitem]
|-start|p2a: Raging Bolt|protosynthesisspa
|move|p1a: Kingambit|Iron Head|p2a: Raging Bolt
|-resisted|p2a: Raging Bolt
|-damage|p2a: Raging Bolt|44/100
|
|upkeep
|turn|21
|
|t:|1779893665
|move|p2a: Raging Bolt|Thunderclap|p1a: Kingambit
|-crit|p1a: Kingambit
|-damage|p1a: Kingambit|0 fnt
|faint|p1a: Kingambit
|-end|p1a: Kingambit|fallen3|[silent]
|
|upkeep
|
|t:|1779893668
|switch|p1a: Ceruledge|Ceruledge, M, tera:Fairy|100/100
|turn|22
|
|t:|1779893677
|-terastallize|p2a: Raging Bolt|Electric
|move|p2a: Raging Bolt|Thunderclap||[still]
|-fail|p2a: Raging Bolt
|move|p1a: Ceruledge|Swords Dance|p1a: Ceruledge
|-boost|p1a: Ceruledge|atk|2
|
|upkeep
|turn|23
|
|t:|1779893683
|move|p2a: Raging Bolt|Thunderclap|p1a: Ceruledge
|-damage|p1a: Ceruledge|31/100
|move|p1a: Ceruledge|Shadow Sneak|p2a: Raging Bolt
|-damage|p2a: Raging Bolt|0 fnt
|faint|p2a: Raging Bolt
|-end|p2a: Raging Bolt|Protosynthesis|[silent]
|
|upkeep
|inactive|Battle timer is ON: inactive players will automatically lose when time's up. (requested by Cpt-Yesterday)
|
|t:|1779893693
|switch|p2a: Hatterene|Hatterene, F|100/100
|turn|24
|
|t:|1779893699
|move|p1a: Ceruledge|Poltergeist|p2a: Hatterene
|-activate|p2a: Hatterene|move: Poltergeist|Leftovers
|-supereffective|p2a: Hatterene
|-damage|p2a: Hatterene|0 fnt
|faint|p2a: Hatterene
|
|upkeep
|-message|Gary88 forfeited.
|
|win|Cpt-Yesterday
|raw|Cpt-Yesterday's rating: 1443 &rarr; <strong>1461</strong><br />(+18 for winning)
|raw|Gary88's rating: 1400 &rarr; <strong>1382</strong><br />(-18 for losing)
|l|☆Gary88
|player|p2|
|l|☆Cpt-Yesterday
|player|p1|
