|j|☆inferno_on_top
|j|☆TheManOfSausage
|t:|1779951797
|gametype|singles
|player|p1|inferno_on_top|gentleman-gen4|1341
|player|p2|TheManOfSausage|miku-water|1414
|gen|9
|tier|[Gen 9] OU
|rated|
|rule|HP Percentage Mod: HP is shown in percentages
|rule|Endless Battle Clause: Forcing endless battles is banned
|rule|Species Clause: Limit one of each Pokémon
|rule|OHKO Clause: OHKO moves are banned
|rule|Evasion Items Clause: Evasion items are banned
|rule|Evasion Moves Clause: Evasion moves are banned
|rule|Evasion Abilities Clause: Evasion abilities are banned
|rule|Sleep Moves Clause: Sleep-inducing moves are banned
|clearpoke
|poke|p1|Pikachu-Kalos, M|
|poke|p1|Talonflame, F|
|poke|p1|Greninja-*, M|
|poke|p1|Goodra, M|
|poke|p1|Noivern, M|
|poke|p1|Hawlucha, F|
|poke|p2|Tyranitar, M|
|poke|p2|Excadrill, M|
|poke|p2|Hydrapple, M|
|poke|p2|Moltres|
|poke|p2|Alomomola, M|
|poke|p2|Zamazenta-*|
|teampreview
|inactive|Battle timer is ON: inactive players will automatically lose when time's up. (requested by inferno_on_top)
|c|☆TheManOfSausage|is this ashs team?
|
|t:|1779951818
|teamsize|p1|6
|teamsize|p2|6
|start
|switch|p1a: Pikachu|Pikachu-Kalos, M|100/100
|switch|p2a: Tyranitar|Tyranitar, M|100/100
|-weather|Sandstorm|[from] ability: Sand Stream|[of] p2a: Tyranitar
|turn|1
|
|t:|1779951831
|move|p1a: Pikachu|Wild Charge|p2a: Tyranitar
|-damage|p2a: Tyranitar|64/100
|-damage|p1a: Pikachu|83/100|[from] Recoil
|move|p2a: Tyranitar|Stealth Rock|p1a: Pikachu
|-sidestart|p1: inferno_on_top|move: Stealth Rock
|
|-weather|Sandstorm|[upkeep]
|-damage|p1a: Pikachu|77/100|[from] Sandstorm
|upkeep
|turn|2
|inactive|inferno_on_top has 120 seconds left.
|
|t:|1779951865
|switch|p2a: Excadrill|Excadrill, M|100/100
|move|p1a: Pikachu|Wild Charge|p2a: Excadrill
|-immune|p2a: Excadrill
|
|-weather|Sandstorm|[upkeep]
|-damage|p1a: Pikachu|71/100|[from] Sandstorm
|upkeep
|turn|3
|inactive|inferno_on_top has 120 seconds left.
|
|t:|1779951895
|move|p2a: Excadrill|Swords Dance|p2a: Excadrill
|-boost|p2a: Excadrill|atk|2
|move|p1a: Pikachu|Surf|p2a: Excadrill
|-supereffective|p2a: Excadrill
|-damage|p2a: Excadrill|16/100
|
|-weather|Sandstorm|[upkeep]
|-damage|p1a: Pikachu|65/100|[from] Sandstorm
|upkeep
|turn|4
|
|t:|1779951912
|switch|p1a: Hawlucha|Hawlucha, F|100/100
|-damage|p1a: Hawlucha|88/100|[from] Stealth Rock
|move|p2a: Excadrill|Earthquake|p1a: Hawlucha
|-immune|p1a: Hawlucha
|
|-weather|Sandstorm|[upkeep]
|-damage|p1a: Hawlucha|82/100|[from] Sandstorm
|upkeep
|turn|5
|
|t:|1779951922
|move|p1a: Hawlucha|Endure|p1a: Hawlucha
|-singleturn|p1a: Hawlucha|move: Endure
|move|p2a: Excadrill|Iron Head|p1a: Hawlucha
|-activate|p1a: Hawlucha|move: Endure
|-damage|p1a: Hawlucha|1/100
|-enditem|p1a: Hawlucha|Red Card|[of] p2a: Excadrill
|drag|p2a: Tyranitar|Tyranitar, M|64/100
|
|-weather|Sandstorm|[upkeep]
|-damage|p1a: Hawlucha|0 fnt|[from] Sandstorm
|faint|p1a: Hawlucha
|upkeep
|inactive|inferno_on_top has 90 seconds left.
|
|t:|1779951949
|switch|p1a: Goodra|Goodra, M|100/100
|-damage|p1a: Goodra|88/100|[from] Stealth Rock
|turn|6
|inactive|inferno_on_top has 90 seconds left.
|
|t:|1779951957
|move|p1a: Goodra|Body Press|p2a: Tyranitar
|-supereffective|p2a: Tyranitar
|-damage|p2a: Tyranitar|3/100
|move|p2a: Tyranitar|Knock Off|p1a: Goodra
|-damage|p1a: Goodra|31/100
|-damage|p2a: Tyranitar|0 fnt|[from] item: Rocky Helmet|[of] p1a: Goodra
|-ability|p1a: Goodra|Gooey
|faint|p2a: Tyranitar
|
|-weather|Sandstorm|[upkeep]
|-damage|p1a: Goodra|25/100|[from] Sandstorm
|upkeep
|
|t:|1779951967
|switch|p2a: Excadrill|Excadrill, M|16/100
|turn|7
|
|t:|1779951971
|move|p2a: Excadrill|Earthquake|p1a: Goodra
|-damage|p1a: Goodra|0 fnt
|faint|p1a: Goodra
|
|-weather|Sandstorm|[upkeep]
|upkeep
|
|t:|1779951973
|switch|p1a: Greninja|Greninja, M|100/100
|-damage|p1a: Greninja|88/100|[from] Stealth Rock
|turn|8
|
|t:|1779951979
|switch|p2a: Alomomola|Alomomola, M|100/100
|move|p1a: Greninja|Water Shuriken|p2a: Alomomola
|-resisted|p2a: Alomomola
|-damage|p2a: Alomomola|95/100
|-resisted|p2a: Alomomola
|-damage|p2a: Alomomola|90/100
|-resisted|p2a: Alomomola
|-damage|p2a: Alomomola|85/100
|-resisted|p2a: Alomomola
|-damage|p2a: Alomomola|80/100
|-hitcount|p2a: Alomomola|4
|-damage|p1a: Greninja|79/100|[from] item: Life Orb
|
|-weather|none
|upkeep
|turn|9
|
|t:|1779951985
|switch|p1a: Pikachu|Pikachu-Kalos, M|65/100
|-damage|p1a: Pikachu|52/100|[from] Stealth Rock
|move|p2a: Alomomola|Wish|p2a: Alomomola
|
|upkeep
|turn|10
|
|t:|1779951994
|switch|p2a: Excadrill|Excadrill, M|16/100
|move|p1a: Pikachu|Trailblaze|p2a: Excadrill
|-damage|p2a: Excadrill|0 fnt
|-boost|p1a: Pikachu|spe|1
|faint|p2a: Excadrill
|
|upkeep
|
|t:|1779952001
|switch|p2a: Hydrapple|Hydrapple, M|100/100
|turn|11
|
|t:|1779952013
|switch|p1a: Noivern|Noivern, M|100/100
|-item|p2a: Hydrapple|Heavy-Duty Boots|[from] ability: Frisk|[of] p1a: Noivern
|move|p2a: Hydrapple|Nasty Plot|p2a: Hydrapple
|-boost|p2a: Hydrapple|spa|2
|
|upkeep
|turn|12
|
|t:|1779952026
|-terastallize|p2a: Hydrapple|Poison
|move|p1a: Noivern|Draco Meteor|p2a: Hydrapple
|-damage|p2a: Hydrapple|48/100
|-unboost|p1a: Noivern|spa|2
|move|p2a: Hydrapple|Fickle Beam|p1a: Noivern|[anim] Fickle Beam All Out
|-activate|p2a: Hydrapple|move: Fickle Beam
|-supereffective|p1a: Noivern
|-damage|p1a: Noivern|0 fnt
|faint|p1a: Noivern
|
|upkeep
|
|t:|1779952039
|switch|p1a: Pikachu|Pikachu-Kalos, M|52/100
|-damage|p1a: Pikachu|40/100|[from] Stealth Rock
|turn|13
|
|t:|1779952046
|switch|p2a: Zamazenta|Zamazenta|100/100
|-ability|p2a: Zamazenta|Dauntless Shield|boost
|-boost|p2a: Zamazenta|def|1
|move|p1a: Pikachu|Wild Charge|p2a: Zamazenta
|-damage|p2a: Zamazenta|74/100
|-damage|p1a: Pikachu|30/100|[from] Recoil
|
|upkeep
|turn|14
|
|t:|1779952054
|switch|p1a: Talonflame|Talonflame, F|100/100
|-damage|p1a: Talonflame|50/100|[from] Stealth Rock
|move|p2a: Zamazenta|Crunch|p1a: Talonflame
|-damage|p1a: Talonflame|0 fnt
|faint|p1a: Talonflame
|
|upkeep
|inactive|inferno_on_top has 120 seconds left.
|inactive|inferno_on_top has 90 seconds left.
|inactive|inferno_on_top has 60 seconds left.
|inactive|inferno_on_top has 30 seconds left.
|inactive|inferno_on_top has 20 seconds left.
|inactive|inferno_on_top has 15 seconds left.
|inactive|inferno_on_top has 10 seconds left.
|inactive|inferno_on_top has 5 seconds left.
|-message|inferno_on_top lost due to inactivity.
|
|win|TheManOfSausage
|raw|inferno_on_top's rating: 1341 &rarr; <strong>1325</strong><br />(-16 for losing)
|raw|TheManOfSausage's rating: 1414 &rarr; <strong>1430</strong><br />(+16 for winning)
|l|☆TheManOfSausage
|player|p2|
