|j|☆von dada
|j|☆hameed425
|t:|1779858756
|gametype|singles
|player|p1|von dada|102|1336
|player|p2|hameed425|101|1409
|gen|9
|tier|[Gen 9] OU
|rated|
|rule|HP Percentage Mod: HP is shown in percentages
|rule|Endless Battle Clause: Forcing endless battles is banned
|rule|Species Clause: Limit one of each Pokémon
|rule|OHKO Clause: OHKO moves are banned
|rule|Evasion Items Clause: Evasion items are banned
|rule|Evasion Moves Clause: Evasion moves are banned
|rule|Evasion Abilities Clause: Evasion abilities are banned
|rule|Sleep Moves Clause: Sleep-inducing moves are banned
|clearpoke
|poke|p1|Great Tusk|
|poke|p1|Glimmora, M|
|poke|p1|Kingambit, M|
|poke|p1|Ogerpon-Wellspring, F|
|poke|p1|Pecharunt|
|poke|p1|Enamorus, F|
|poke|p2|Hatterene, F|
|poke|p2|Great Tusk|
|poke|p2|Walking Wake|
|poke|p2|Torkoal, M|
|poke|p2|Venusaur, F|
|poke|p2|Raging Bolt|
|teampreview
|
|t:|1779858781
|teamsize|p1|6
|teamsize|p2|6
|start
|switch|p1a: Glimm40Spaz|Glimmora, M|100/100
|switch|p2a: Torkoal|Torkoal, M|100/100
|-weather|SunnyDay|[from] ability: Drought|[of] p2a: Torkoal
|turn|1
|
|t:|1779858791
|switch|p2a: Hatterene|Hatterene, F|100/100
|move|p1a: Glimm40Spaz|Stealth Rock|p2a: Hatterene
|move|p2a: Hatterene|Stealth Rock|p1a: Glimm40Spaz|[from] ability: Magic Bounce
|-sidestart|p1: von dada|move: Stealth Rock
|
|-weather|SunnyDay|[upkeep]
|upkeep
|turn|2
|
|t:|1779858803
|move|p1a: Glimm40Spaz|Sludge Wave|p2a: Hatterene
|-supereffective|p2a: Hatterene
|-damage|p2a: Hatterene|4/100
|-enditem|p2a: Hatterene|Eject Button
|
|t:|1779858807
|switch|p2a: Walking Wake|Walking Wake|100/100
|-activate|p2a: Walking Wake|ability: Protosynthesis
|-start|p2a: Walking Wake|protosynthesisspe
|
|-weather|SunnyDay|[upkeep]
|upkeep
|turn|3
|
|t:|1779858825
|switch|p1a: Foggiepon|Ogerpon-Wellspring, F|100/100
|-damage|p1a: Foggiepon|88/100|[from] Stealth Rock
|move|p2a: Walking Wake|Hydro Steam|p1a: Foggiepon
|-heal|p1a: Foggiepon|100/100|[from] ability: Water Absorb|[of] p2a: Walking Wake
|
|-weather|SunnyDay|[upkeep]
|upkeep
|turn|4
|
|t:|1779858850
|switch|p1a: TiaEnamorine|Enamorus, F|100/100
|-damage|p1a: TiaEnamorine|76/100|[from] Stealth Rock
|move|p2a: Walking Wake|Draco Meteor|p1a: TiaEnamorine
|-immune|p1a: TiaEnamorine
|
|-weather|SunnyDay|[upkeep]
|upkeep
|turn|5
|
|t:|1779858891
|switch|p1a: Foggiepon|Ogerpon-Wellspring, F|100/100
|-damage|p1a: Foggiepon|88/100|[from] Stealth Rock
|move|p2a: Walking Wake|Hydro Steam|p1a: Foggiepon
|-heal|p1a: Foggiepon|100/100|[from] ability: Water Absorb|[of] p2a: Walking Wake
|
|-weather|SunnyDay|[upkeep]
|upkeep
|turn|6
|
|t:|1779858927
|-terastallize|p1a: Foggiepon|Water
|detailschange|p1a: Foggiepon|Ogerpon-Wellspring-Tera, F, tera:Water
|-ability|p1a: Foggiepon|Embody Aspect (Wellspring)|boost
|-boost|p1a: Foggiepon|spd|1
|move|p2a: Walking Wake|Draco Meteor|p1a: Foggiepon
|-damage|p1a: Foggiepon|46/100
|-unboost|p2a: Walking Wake|spa|2
|-damage|p2a: Walking Wake|91/100|[from] item: Life Orb
|move|p1a: Foggiepon|Encore|p2a: Walking Wake
|-start|p2a: Walking Wake|Encore
|
|-weather|SunnyDay|[upkeep]
|upkeep
|turn|7
|
|t:|1779858946
|-end|p2a: Walking Wake|Protosynthesis|[silent]
|switch|p2a: Venusaur|Venusaur, F|100/100
|move|p1a: Foggiepon|Horn Leech|p2a: Venusaur
|-resisted|p2a: Venusaur
|-damage|p2a: Venusaur|89/100
|-heal|p1a: Foggiepon|52/100|[from] drain|[of] p2a: Venusaur
|
|-weather|SunnyDay|[upkeep]
|upkeep
|turn|8
|l|☆hameed425
|player|p2|
|inactive|Battle timer is ON: inactive players will automatically lose when time's up. (requested by von dada)
|inactive|hameed425 has 30 seconds to reconnect!
|inactive|hameed425 has 20 seconds to reconnect!
|inactive|hameed425 has 15 seconds to reconnect!
|inactive|hameed425 has 10 seconds to reconnect!
|inactive|hameed425 has 5 seconds to reconnect!
|-message|hameed425 lost due to inactivity.
|
|win|von dada
|raw|von dada's rating: 1336 &rarr; <strong>1360</strong><br />(+24 for winning)
|raw|hameed425's rating: 1409 &rarr; <strong>1385</strong><br />(-24 for losing)
