|j|☆deathprofessor21
|j|☆glimpseman
|t:|1779911467
|gametype|singles
|player|p1|deathprofessor21|101|1644
|player|p2|glimpseman|#wcor2025canada|1552
|gen|9
|tier|[Gen 9] OU
|rated|
|rule|HP Percentage Mod: HP is shown in percentages
|rule|Endless Battle Clause: Forcing endless battles is banned
|rule|Species Clause: Limit one of each Pokémon
|rule|OHKO Clause: OHKO moves are banned
|rule|Evasion Items Clause: Evasion items are banned
|rule|Evasion Moves Clause: Evasion moves are banned
|rule|Evasion Abilities Clause: Evasion abilities are banned
|rule|Sleep Moves Clause: Sleep-inducing moves are banned
|clearpoke
|poke|p1|Hydrapple, M|
|poke|p1|Moltres|
|poke|p1|Great Tusk|
|poke|p1|Gholdengo|
|poke|p1|Slowking-Galar, F|
|poke|p1|Dragonite, M|
|poke|p2|Raging Bolt|
|poke|p2|Iron Treads|
|poke|p2|Ting-Lu|
|poke|p2|Gholdengo|
|poke|p2|Zamazenta-*|
|poke|p2|Tornadus-Therian, M|
|teampreview
|inactive|Battle timer is ON: inactive players will automatically lose when time's up. (requested by glimpseman)
|
|t:|1779911485
|teamsize|p1|6
|teamsize|p2|6
|start
|switch|p1a: Slowking|Slowking-Galar, F|100/100
|switch|p2a: Tornadus|Tornadus-Therian, M|100/100
|turn|1
|
|t:|1779911488
|move|p2a: Tornadus|Nasty Plot|p2a: Tornadus
|-boost|p2a: Tornadus|spa|2
|move|p1a: Slowking|Ice Beam|p2a: Tornadus
|-supereffective|p2a: Tornadus
|-damage|p2a: Tornadus|39/100
|
|upkeep
|turn|2
|
|t:|1779911493
|move|p2a: Tornadus|Dark Pulse|p1a: Slowking
|-supereffective|p1a: Slowking
|-damage|p1a: Slowking|30/100
|-damage|p2a: Tornadus|29/100|[from] item: Life Orb
|cant|p1a: Slowking|flinch
|
|upkeep
|turn|3
|
|t:|1779911507
|switch|p1a: Dragonite|Dragonite, M|100/100
|move|p2a: Tornadus|Bleakwind Storm|p1a: Dragonite
|-damage|p1a: Dragonite|44/100
|-unboost|p1a: Dragonite|spe|1
|-damage|p2a: Tornadus|20/100|[from] item: Life Orb
|
|upkeep
|turn|4
|
|t:|1779911513
|switch|p2a: Gholdengo|Gholdengo|100/100
|-item|p2a: Gholdengo|Air Balloon
|move|p1a: Dragonite|Roost|p1a: Dragonite
|-heal|p1a: Dragonite|94/100
|-singleturn|p1a: Dragonite|move: Roost
|
|upkeep
|turn|5
|
|t:|1779911520
|switch|p1a: Hydrapple|Hydrapple, M|100/100
|move|p2a: Gholdengo|Nasty Plot|p2a: Gholdengo
|-boost|p2a: Gholdengo|spa|2
|
|upkeep
|turn|6
|
|t:|1779911540
|switch|p1a: Moltres|Moltres|100/100
|move|p2a: Gholdengo|Make It Rain|p1a: Moltres
|-resisted|p1a: Moltres
|-damage|p1a: Moltres|42/100
|-unboost|p2a: Gholdengo|spa|1
|
|upkeep
|turn|7
|inactive|deathprofessor21 has 120 seconds left.
|
|t:|1779911573
|-terastallize|p1a: Moltres|Normal
|move|p2a: Gholdengo|Shadow Ball|p1a: Moltres
|-immune|p1a: Moltres
|move|p1a: Moltres|Flamethrower|p2a: Gholdengo
|-supereffective|p2a: Gholdengo
|-damage|p2a: Gholdengo|30/100
|-enditem|p2a: Gholdengo|Air Balloon
|
|upkeep
|turn|8
|c|☆glimpseman|insane tera what the fucck
|j| karlheinzIX
|
|t:|1779911600
|switch|p1a: Slowking|Slowking-Galar, F|63/100
|move|p2a: Gholdengo|Make It Rain|p1a: Slowking
|-damage|p1a: Slowking|10/100
|-unboost|p2a: Gholdengo|spa|1
|
|upkeep
|turn|9
|c| karlheinzIX|yo this CA is fire
|
|t:|1779911608
|switch|p1a: Great Tusk|Great Tusk|100/100
|move|p2a: Gholdengo|Recover|p2a: Gholdengo
|-heal|p2a: Gholdengo|80/100
|
|upkeep
|turn|10
|
|t:|1779911618
|switch|p2a: Tornadus|Tornadus-Therian, M|53/100
|move|p1a: Great Tusk|Ice Spinner|p2a: Tornadus
|-supereffective|p2a: Tornadus
|-damage|p2a: Tornadus|0 fnt
|faint|p2a: Tornadus
|
|upkeep
|c|☆glimpseman|ty
|
|t:|1779911629
|switch|p2a: Zamazenta|Zamazenta|100/100
|-ability|p2a: Zamazenta|Dauntless Shield|boost
|-boost|p2a: Zamazenta|def|1
|turn|11
|c|☆deathprofessor21|Tenx
|
|t:|1779911644
|-end|p1a: Great Tusk|Protosynthesis|[silent]
|switch|p1a: Gholdengo|Gholdengo|100/100
|move|p2a: Zamazenta|Iron Defense|p2a: Zamazenta
|-boost|p2a: Zamazenta|def|2
|
|upkeep
|turn|12
|
|t:|1779911648
|move|p2a: Zamazenta|Crunch|p1a: Gholdengo
|-supereffective|p1a: Gholdengo
|-damage|p1a: Gholdengo|58/100
|move|p1a: Gholdengo|Thunder Wave|p2a: Zamazenta
|-status|p2a: Zamazenta|par
|
|-heal|p1a: Gholdengo|64/100|[from] item: Leftovers
|upkeep
|turn|13
|
|t:|1779911656
|move|p1a: Gholdengo|Recover|p1a: Gholdengo
|-heal|p1a: Gholdengo|100/100
|cant|p2a: Zamazenta|par
|
|upkeep
|turn|14
|inactive|deathprofessor21 has 120 seconds left.
|
|t:|1779911663
|move|p1a: Gholdengo|Shadow Ball|p2a: Zamazenta
|-damage|p2a: Zamazenta|66/100 par
|move|p2a: Zamazenta|Crunch|p1a: Gholdengo
|-supereffective|p1a: Gholdengo
|-damage|p1a: Gholdengo|59/100
|
|-heal|p1a: Gholdengo|65/100|[from] item: Leftovers
|-heal|p2a: Zamazenta|72/100 par|[from] item: Leftovers
|upkeep
|turn|15
|
|t:|1779911673
|move|p1a: Gholdengo|Shadow Ball|p2a: Zamazenta
|-damage|p2a: Zamazenta|33/100 par
|move|p2a: Zamazenta|Crunch|p1a: Gholdengo
|-supereffective|p1a: Gholdengo
|-damage|p1a: Gholdengo|25/100
|
|-heal|p1a: Gholdengo|31/100|[from] item: Leftovers
|-heal|p2a: Zamazenta|40/100 par|[from] item: Leftovers
|upkeep
|turn|16
|
|t:|1779911676
|move|p1a: Gholdengo|Recover|p1a: Gholdengo
|-heal|p1a: Gholdengo|81/100
|move|p2a: Zamazenta|Crunch|p1a: Gholdengo
|-supereffective|p1a: Gholdengo
|-damage|p1a: Gholdengo|41/100
|-unboost|p1a: Gholdengo|def|1
|
|-heal|p1a: Gholdengo|47/100|[from] item: Leftovers
|-heal|p2a: Zamazenta|46/100 par|[from] item: Leftovers
|upkeep
|turn|17
|
|t:|1779911681
|switch|p1a: Hydrapple|Hydrapple, M|100/100
|move|p2a: Zamazenta|Crunch|p1a: Hydrapple
|-damage|p1a: Hydrapple|84/100
|
|-heal|p2a: Zamazenta|52/100 par|[from] item: Leftovers
|upkeep
|turn|18
|
|t:|1779911685
|switch|p1a: Gholdengo|Gholdengo|47/100
|move|p2a: Zamazenta|Body Press|p1a: Gholdengo
|-immune|p1a: Gholdengo
|
|-heal|p1a: Gholdengo|53/100|[from] item: Leftovers
|-heal|p2a: Zamazenta|58/100 par|[from] item: Leftovers
|upkeep
|turn|19
|
|t:|1779911688
|move|p1a: Gholdengo|Recover|p1a: Gholdengo
|-heal|p1a: Gholdengo|100/100
|move|p2a: Zamazenta|Crunch|p1a: Gholdengo
|-supereffective|p1a: Gholdengo
|-damage|p1a: Gholdengo|56/100
|
|-heal|p1a: Gholdengo|62/100|[from] item: Leftovers
|-heal|p2a: Zamazenta|64/100 par|[from] item: Leftovers
|upkeep
|turn|20
|
|t:|1779911690
|move|p1a: Gholdengo|Shadow Ball|p2a: Zamazenta
|-damage|p2a: Zamazenta|27/100 par
|-unboost|p2a: Zamazenta|spd|1
|move|p2a: Zamazenta|Crunch|p1a: Gholdengo
|-supereffective|p1a: Gholdengo
|-damage|p1a: Gholdengo|19/100
|
|-heal|p1a: Gholdengo|25/100|[from] item: Leftovers
|-heal|p2a: Zamazenta|33/100 par|[from] item: Leftovers
|upkeep
|turn|21
|
|t:|1779911696
|move|p1a: Gholdengo|Recover|p1a: Gholdengo
|-heal|p1a: Gholdengo|75/100
|move|p2a: Zamazenta|Crunch|p1a: Gholdengo
|-supereffective|p1a: Gholdengo
|-damage|p1a: Gholdengo|34/100
|
|-heal|p1a: Gholdengo|40/100|[from] item: Leftovers
|-heal|p2a: Zamazenta|39/100 par|[from] item: Leftovers
|upkeep
|turn|22
|
|t:|1779911699
|switch|p2a: Ting-Lu|Ting-Lu|100/100
|-ability|p2a: Ting-Lu|Vessel of Ruin
|move|p1a: Gholdengo|Recover|p1a: Gholdengo
|-heal|p1a: Gholdengo|90/100
|
|-heal|p1a: Gholdengo|96/100|[from] item: Leftovers
|upkeep
|turn|23
|
|t:|1779911709
|switch|p2a: Raging Bolt|Raging Bolt|100/100
|-enditem|p2a: Raging Bolt|Booster Energy
|-activate|p2a: Raging Bolt|ability: Protosynthesis|[fromitem]
|-start|p2a: Raging Bolt|protosynthesisspa
|move|p1a: Gholdengo|Focus Blast|p2a: Raging Bolt
|-damage|p2a: Raging Bolt|65/100
|
|-heal|p1a: Gholdengo|100/100|[from] item: Leftovers
|upkeep
|turn|24
|c|☆glimpseman|oh no mir
|c|☆glimpseman|interesting
|
|t:|1779911727
|move|p1a: Gholdengo|Shadow Ball|p2a: Raging Bolt
|-damage|p2a: Raging Bolt|32/100
|move|p2a: Raging Bolt|Dragon Pulse|p1a: Gholdengo
|-resisted|p1a: Gholdengo
|-damage|p1a: Gholdengo|73/100
|
|-heal|p1a: Gholdengo|79/100|[from] item: Leftovers
|upkeep
|turn|25
|
|t:|1779911733
|move|p2a: Raging Bolt|Thunderclap|p1a: Gholdengo
|-damage|p1a: Gholdengo|37/100
|move|p1a: Gholdengo|Shadow Ball|p2a: Raging Bolt
|-damage|p2a: Raging Bolt|2/100
|
|-heal|p1a: Gholdengo|43/100|[from] item: Leftovers
|upkeep
|turn|26
|
|t:|1779911736
|move|p1a: Gholdengo|Recover|p1a: Gholdengo
|-heal|p1a: Gholdengo|93/100
|move|p2a: Raging Bolt|Thunderbolt|p1a: Gholdengo
|-damage|p1a: Gholdengo|35/100
|
|-heal|p1a: Gholdengo|42/100|[from] item: Leftovers
|upkeep
|turn|27
|
|t:|1779911739
|move|p2a: Raging Bolt|Thunderclap||[still]
|-fail|p2a: Raging Bolt
|move|p1a: Gholdengo|Recover|p1a: Gholdengo
|-heal|p1a: Gholdengo|92/100
|
|-heal|p1a: Gholdengo|98/100|[from] item: Leftovers
|upkeep
|turn|28
|l| karlheinzIX
|
|t:|1779911742
|move|p2a: Raging Bolt|Thunderclap|p1a: Gholdengo
|-damage|p1a: Gholdengo|55/100
|move|p1a: Gholdengo|Shadow Ball|p2a: Raging Bolt
|-damage|p2a: Raging Bolt|0 fnt
|faint|p2a: Raging Bolt
|-end|p2a: Raging Bolt|Protosynthesis|[silent]
|
|-heal|p1a: Gholdengo|61/100|[from] item: Leftovers
|upkeep
|
|t:|1779911743
|switch|p2a: Iron Treads|Iron Treads|100/100
|-enditem|p2a: Iron Treads|Booster Energy
|-activate|p2a: Iron Treads|ability: Quark Drive|[fromitem]
|-start|p2a: Iron Treads|quarkdrivespe
|turn|29
|
|t:|1779911750
|switch|p1a: Moltres|Moltres, tera:Normal|42/100
|move|p2a: Iron Treads|Earthquake|p1a: Moltres
|-damage|p1a: Moltres|10/100
|
|upkeep
|turn|30
|c|☆deathprofessor21|Forgot I tera lol
|c|☆glimpseman|what is this tera for
|
|t:|1779911773
|move|p2a: Iron Treads|Earthquake|p1a: Moltres
|-damage|p1a: Moltres|0 fnt
|faint|p1a: Moltres
|
|upkeep
|inactive|deathprofessor21 has 120 seconds left.
|c|☆deathprofessor21|Ghost can just screw me lol
|c|☆deathprofessor21|Probs not the best
|c|☆glimpseman|then do dark lmao
|inactive|deathprofessor21 has 90 seconds left.
|
|t:|1779911819
|switch|p1a: Great Tusk|Great Tusk|100/100
|turn|31
|
|t:|1779911822
|-terastallize|p2a: Iron Treads|Ground
|move|p2a: Iron Treads|Earthquake|p1a: Great Tusk
|-damage|p1a: Great Tusk|53/100
|move|p1a: Great Tusk|Bulk Up|p1a: Great Tusk
|-boost|p1a: Great Tusk|atk|1
|-boost|p1a: Great Tusk|def|1
|
|-heal|p1a: Great Tusk|59/100|[from] item: Leftovers
|upkeep
|turn|32
|inactive|deathprofessor21 has 90 seconds left.
|
|t:|1779911848
|move|p2a: Iron Treads|Earthquake|p1a: Great Tusk
|-damage|p1a: Great Tusk|30/100
|move|p1a: Great Tusk|Ice Spinner|p2a: Iron Treads
|-supereffective|p2a: Iron Treads
|-damage|p2a: Iron Treads|24/100
|
|-heal|p1a: Great Tusk|36/100|[from] item: Leftovers
|upkeep
|turn|33
|inactive|deathprofessor21 has 90 seconds left.
|
|t:|1779911857
|move|p2a: Iron Treads|Earthquake|p1a: Great Tusk
|-damage|p1a: Great Tusk|6/100
|move|p1a: Great Tusk|Ice Spinner|p2a: Iron Treads
|-supereffective|p2a: Iron Treads
|-damage|p2a: Iron Treads|0 fnt
|faint|p2a: Iron Treads
|-end|p2a: Iron Treads|Quark Drive|[silent]
|
|-heal|p1a: Great Tusk|12/100|[from] item: Leftovers
|upkeep
|
|t:|1779911862
|switch|p2a: Ting-Lu|Ting-Lu|100/100
|-ability|p2a: Ting-Lu|Vessel of Ruin
|turn|34
|
|t:|1779911869
|move|p1a: Great Tusk|Ice Spinner|p2a: Ting-Lu
|-supereffective|p2a: Ting-Lu
|-damage|p2a: Ting-Lu|54/100
|move|p2a: Ting-Lu|Earthquake|p1a: Great Tusk
|-damage|p1a: Great Tusk|0 fnt
|faint|p1a: Great Tusk
|-end|p1a: Great Tusk|Protosynthesis|[silent]
|
|-heal|p2a: Ting-Lu|61/100|[from] item: Leftovers
|upkeep
|
|t:|1779911875
|switch|p1a: Slowking|Slowking-Galar, F|43/100
|turn|35
|
|t:|1779911878
|switch|p1a: Hydrapple|Hydrapple, M|100/100
|move|p2a: Ting-Lu|Earthquake|p1a: Hydrapple
|-resisted|p1a: Hydrapple
|-damage|p1a: Hydrapple|86/100
|
|-heal|p2a: Ting-Lu|67/100|[from] item: Leftovers
|upkeep
|turn|36
|
|t:|1779911882
|move|p2a: Ting-Lu|Ruination|p1a: Hydrapple
|-damage|p1a: Hydrapple|43/100
|move|p1a: Hydrapple|Fickle Beam|p2a: Ting-Lu
|-damage|p2a: Ting-Lu|43/100
|-damage|p1a: Hydrapple|34/100|[from] item: Life Orb
|
|-heal|p2a: Ting-Lu|50/100|[from] item: Leftovers
|upkeep
|turn|37
|
|t:|1779911888
|switch|p1a: Slowking|Slowking-Galar, F|76/100
|move|p2a: Ting-Lu|Stealth Rock|p1a: Slowking
|-sidestart|p1: deathprofessor21|move: Stealth Rock
|
|-heal|p2a: Ting-Lu|56/100|[from] item: Leftovers
|upkeep
|turn|38
|
|t:|1779911902
|switch|p1a: Hydrapple|Hydrapple, M|67/100
|-damage|p1a: Hydrapple|54/100|[from] Stealth Rock
|move|p2a: Ting-Lu|Ruination|p1a: Hydrapple|[miss]
|-miss|p2a: Ting-Lu|p1a: Hydrapple
|
|-heal|p2a: Ting-Lu|62/100|[from] item: Leftovers
|upkeep
|turn|39
|c|☆glimpseman|gg yea
|
|t:|1779911913
|move|p2a: Ting-Lu|Ruination|p1a: Hydrapple
|-damage|p1a: Hydrapple|27/100
|move|p1a: Hydrapple|Leaf Storm|p2a: Ting-Lu
|-supereffective|p2a: Ting-Lu
|-damage|p2a: Ting-Lu|0 fnt
|-unboost|p1a: Hydrapple|spa|2
|faint|p2a: Ting-Lu
|-damage|p1a: Hydrapple|18/100|[from] item: Life Orb
|
|upkeep
|
|t:|1779911915
|switch|p2a: Gholdengo|Gholdengo|80/100
|turn|40
|
|t:|1779911933
|move|p2a: Gholdengo|Nasty Plot|p2a: Gholdengo
|-boost|p2a: Gholdengo|spa|2
|move|p1a: Hydrapple|Earth Power|p2a: Gholdengo
|-supereffective|p2a: Gholdengo
|-damage|p2a: Gholdengo|37/100
|-damage|p1a: Hydrapple|8/100|[from] item: Life Orb
|
|upkeep
|turn|41
|c|☆deathprofessor21|Gg
|inactive|deathprofessor21 has 120 seconds left.
|
|t:|1779911959
|move|p2a: Gholdengo|Recover|p2a: Gholdengo
|-heal|p2a: Gholdengo|87/100
|move|p1a: Hydrapple|Fickle Beam|p2a: Gholdengo
|-resisted|p2a: Gholdengo
|-damage|p2a: Gholdengo|72/100
|-damage|p1a: Hydrapple|0 fnt|[from] item: Life Orb
|faint|p1a: Hydrapple
|
|upkeep
|c|☆glimpseman|depends if u win tie
|
|t:|1779911962
|switch|p1a: Gholdengo|Gholdengo|61/100
|-damage|p1a: Gholdengo|55/100|[from] Stealth Rock
|turn|42
|
|t:|1779911967
|move|p2a: Gholdengo|Shadow Ball|p1a: Gholdengo
|-supereffective|p1a: Gholdengo
|-damage|p1a: Gholdengo|0 fnt
|faint|p1a: Gholdengo
|
|upkeep
|
|t:|1779911969
|switch|p1a: Slowking|Slowking-Galar, F|100/100
|-damage|p1a: Slowking|88/100|[from] Stealth Rock
|turn|43
|
|t:|1779911972
|move|p2a: Gholdengo|Shadow Ball|p1a: Slowking
|-supereffective|p1a: Slowking
|-damage|p1a: Slowking|2/100
|-unboost|p1a: Slowking|spd|1
|move|p1a: Slowking|Flamethrower|p2a: Gholdengo
|-supereffective|p2a: Gholdengo
|-damage|p2a: Gholdengo|21/100
|
|upkeep
|turn|44
|
|t:|1779911977
|move|p2a: Gholdengo|Shadow Ball|p1a: Slowking
|-supereffective|p1a: Slowking
|-damage|p1a: Slowking|0 fnt
|faint|p1a: Slowking
|
|upkeep
|
|t:|1779911980
|switch|p1a: Dragonite|Dragonite, M|94/100
|-damage|p1a: Dragonite|69/100|[from] Stealth Rock
|turn|45
|
|t:|1779911984
|move|p2a: Gholdengo|Make It Rain|p1a: Dragonite
|-damage|p1a: Dragonite|0 fnt
|-unboost|p2a: Gholdengo|spa|1
|faint|p1a: Dragonite
|
|win|glimpseman
