|j|☆randosworld
|j|☆R4ndomBattleUser
|t:|1779938981
|gametype|singles
|player|p1|randosworld|veteran|1023
|player|p2|R4ndomBattleUser|unknown|1019
|gen|9
|tier|[Gen 9] OU
|rated|
|rule|HP Percentage Mod: HP is shown in percentages
|rule|Endless Battle Clause: Forcing endless battles is banned
|rule|Species Clause: Limit one of each Pokémon
|rule|OHKO Clause: OHKO moves are banned
|rule|Evasion Items Clause: Evasion items are banned
|rule|Evasion Moves Clause: Evasion moves are banned
|rule|Evasion Abilities Clause: Evasion abilities are banned
|rule|Sleep Moves Clause: Sleep-inducing moves are banned
|clearpoke
|poke|p1|Toxapex, M|
|poke|p1|Blissey, F|
|poke|p1|Gliscor, M|
|poke|p1|Dondozo, F|
|poke|p1|Corviknight, F|
|poke|p1|Gholdengo|
|poke|p2|Thundurus, M|
|poke|p2|Iron Valiant|
|poke|p2|Raging Bolt|
|poke|p2|Iron Moth|
|poke|p2|Iron Treads|
|teampreview
|inactive|Battle timer is ON: inactive players will automatically lose when time's up. (requested by R4ndomBattleUser)
|c|☆R4ndomBattleUser|Test team
|
|t:|1779938998
|teamsize|p1|6
|teamsize|p2|5
|start
|switch|p1a: Bird HEAVY|Corviknight, F|100/100
|switch|p2a: Thundurus|Thundurus, M|100/100
|-ability|p1a: Bird HEAVY|Pressure
|turn|1
|
|t:|1779939011
|switch|p1a: Ronaldo|Blissey, F|100/100
|move|p2a: Thundurus|Taunt|p1a: Ronaldo
|-start|p1a: Ronaldo|move: Taunt
|
|upkeep
|turn|2
|
|t:|1779939018
|move|p2a: Thundurus|Electric Terrain|p2a: Thundurus
|-fieldstart|move: Electric Terrain
|move|p1a: Ronaldo|Seismic Toss|p2a: Thundurus
|-damage|p2a: Thundurus|67/100
|
|upkeep
|turn|3
|
|t:|1779939022
|move|p2a: Thundurus|Volt Switch|p1a: Ronaldo
|-damage|p1a: Ronaldo|87/100
|
|t:|1779939032
|switch|p2a: Iron Valiant|Iron Valiant|100/100|[from] Volt Switch
|-activate|p2a: Iron Valiant|ability: Quark Drive
|-start|p2a: Iron Valiant|quarkdrivespe
|move|p1a: Ronaldo|Seismic Toss|p2a: Iron Valiant
|-damage|p2a: Iron Valiant|66/100
|
|-heal|p1a: Ronaldo|93/100|[from] item: Leftovers
|-end|p1a: Ronaldo|move: Taunt
|upkeep
|turn|4
|
|t:|1779939059
|switch|p1a: Messi|Toxapex, M|100/100
|move|p2a: Iron Valiant|Knock Off|p1a: Messi
|-damage|p1a: Messi|79/100
|-enditem|p1a: Messi|Leftovers|[from] move: Knock Off|[of] p2a: Iron Valiant
|-damage|p2a: Iron Valiant|56/100|[from] item: Life Orb
|
|upkeep
|turn|5
|
|t:|1779939071
|move|p1a: Messi|Baneful Bunker|p1a: Messi
|-singleturn|p1a: Messi|move: Protect
|move|p2a: Iron Valiant|Thunderbolt|p1a: Messi
|-activate|p1a: Messi|move: Protect
|
|upkeep
|turn|6
|
|t:|1779939082
|switch|p1a: Curry|Gliscor, M|100/100
|move|p2a: Iron Valiant|Knock Off|p1a: Curry
|-damage|p1a: Curry|79/100
|-enditem|p1a: Curry|Toxic Orb|[from] move: Knock Off|[of] p2a: Iron Valiant
|-damage|p2a: Iron Valiant|47/100|[from] item: Life Orb
|
|upkeep
|turn|7
|-message|randosworld forfeited.
|
|win|R4ndomBattleUser
|raw|randosworld's rating: 1023 &rarr; <strong>1009</strong><br />(-14 for losing)
|raw|R4ndomBattleUser's rating: 1019 &rarr; <strong>1057</strong><br />(+38 for winning)
|l|☆randosworld
|player|p1|
|c|☆R4ndomBattleUser|LMAOOO
