|j|☆tokiwakano
|j|☆goodnightnite
|t:|1779872580
|gametype|singles
|player|p1|tokiwakano|acetrainerf|1716
|player|p2|goodnightnite|miku-water|1775
|gen|9
|tier|[Gen 9] OU
|rated|
|rule|HP Percentage Mod: HP is shown in percentages
|rule|Endless Battle Clause: Forcing endless battles is banned
|rule|Species Clause: Limit one of each Pokémon
|rule|OHKO Clause: OHKO moves are banned
|rule|Evasion Items Clause: Evasion items are banned
|rule|Evasion Moves Clause: Evasion moves are banned
|rule|Evasion Abilities Clause: Evasion abilities are banned
|rule|Sleep Moves Clause: Sleep-inducing moves are banned
|clearpoke
|poke|p1|Clefable, F|
|poke|p1|Meowscarada, F|
|poke|p1|Ting-Lu|
|poke|p1|Dragonite, F|
|poke|p1|Gholdengo|
|poke|p1|Zamazenta-*|
|poke|p2|Primarina, M|
|poke|p2|Zamazenta-*|
|poke|p2|Gholdengo|
|poke|p2|Rillaboom, M|
|poke|p2|Glimmora, M|
|poke|p2|Hydreigon, M|
|teampreview
|inactive|Battle timer is ON: inactive players will automatically lose when time's up. (requested by goodnightnite)
|inactive|goodnightnite has 120 seconds left.
|inactive|goodnightnite has 90 seconds left.
|
|t:|1779872652
|teamsize|p1|6
|teamsize|p2|6
|start
|switch|p1a: Ting-Lu|Ting-Lu|100/100
|switch|p2a: Celestine|Primarina, M, shiny|100/100
|-ability|p1a: Ting-Lu|Vessel of Ruin
|turn|1
|
|t:|1779872656
|move|p2a: Celestine|Moonblast|p1a: Ting-Lu
|-supereffective|p1a: Ting-Lu
|-damage|p1a: Ting-Lu|56/100
|move|p1a: Ting-Lu|Ruination|p2a: Celestine
|-damage|p2a: Celestine|51/100
|
|-heal|p1a: Ting-Lu|62/100|[from] item: Leftovers
|upkeep
|turn|2
|
|t:|1779872663
|move|p2a: Celestine|Moonblast|p1a: Ting-Lu
|-supereffective|p1a: Ting-Lu
|-damage|p1a: Ting-Lu|22/100
|move|p1a: Ting-Lu|Earthquake|p2a: Celestine
|-damage|p2a: Celestine|3/100
|
|-heal|p1a: Ting-Lu|28/100|[from] item: Leftovers
|upkeep
|turn|3
|
|t:|1779872668
|move|p2a: Celestine|Moonblast|p1a: Ting-Lu
|-supereffective|p1a: Ting-Lu
|-damage|p1a: Ting-Lu|0 fnt
|faint|p1a: Ting-Lu
|
|upkeep
|
|t:|1779872670
|switch|p1a: Meowscarada|Meowscarada, F|100/100
|turn|4
|
|t:|1779872675
|switch|p2a: Bullet|Glimmora, M, shiny|100/100
|move|p1a: Meowscarada|Knock Off|p2a: Bullet
|-start|p1a: Meowscarada|typechange|Dark|[from] ability: Protean
|-damage|p2a: Bullet|69/100
|-activate|p2a: Bullet|ability: Toxic Debris
|-sidestart|p1: tokiwakano|move: Toxic Spikes
|-enditem|p2a: Bullet|Red Card|[from] move: Knock Off|[of] p1a: Meowscarada
|
|upkeep
|turn|5
|
|t:|1779872681
|move|p1a: Meowscarada|U-turn|p2a: Bullet
|-resisted|p2a: Bullet
|-damage|p2a: Bullet|61/100
|-activate|p2a: Bullet|ability: Toxic Debris
|-sidestart|p1: tokiwakano|move: Toxic Spikes
|
|t:|1779872683
|switch|p1a: Gholdengo|Gholdengo|100/100|[from] U-turn
|move|p2a: Bullet|Stealth Rock|p1a: Gholdengo
|-sidestart|p1: tokiwakano|move: Stealth Rock
|
|upkeep
|turn|6
|
|t:|1779872687
|switch|p2a: Celestine|Primarina, M, shiny|3/100
|move|p1a: Gholdengo|Make It Rain|p2a: Celestine
|-damage|p2a: Celestine|0 fnt
|-unboost|p1a: Gholdengo|spa|1
|faint|p2a: Celestine
|
|upkeep
|
|t:|1779872693
|switch|p2a: Hybrid|Hydreigon, M, shiny|100/100
|turn|7
|
|t:|1779872696
|switch|p1a: Meowscarada|Meowscarada, F|100/100
|move|p2a: Hybrid|Flash Cannon|p1a: Meowscarada
|-damage|p1a: Meowscarada|39/100
|
|upkeep
|turn|8
|
|t:|1779872704
|switch|p2a: Bullet|Glimmora, M, shiny|61/100
|move|p1a: Meowscarada|Spikes|p2a: Bullet
|-start|p1a: Meowscarada|typechange|Ground|[from] ability: Protean
|-sidestart|p2: goodnightnite|Spikes
|
|upkeep
|turn|9
|
|t:|1779872709
|move|p1a: Meowscarada|U-turn|p2a: Bullet
|-resisted|p2a: Bullet
|-damage|p2a: Bullet|53/100
|
|t:|1779872711
|switch|p1a: Gholdengo|Gholdengo|100/100|[from] U-turn
|-damage|p1a: Gholdengo|94/100|[from] Stealth Rock
|move|p2a: Bullet|Mortal Spin|p1a: Gholdengo
|-immune|p1a: Gholdengo
|
|upkeep
|turn|10
|
|t:|1779872714
|switch|p2a: Hybrid|Hydreigon, M, shiny|100/100
|move|p1a: Gholdengo|Shadow Ball|p2a: Hybrid
|-resisted|p2a: Hybrid
|-damage|p2a: Hybrid|75/100
|-unboost|p2a: Hybrid|spd|1
|
|upkeep
|turn|11
|
|t:|1779872719
|switch|p1a: Clefable|Clefable, F|100/100
|-status|p1a: Clefable|tox
|move|p2a: Hybrid|Dark Pulse|p1a: Clefable
|-resisted|p1a: Clefable
|-damage|p1a: Clefable|72/100 tox
|
|-heal|p1a: Clefable|78/100 tox|[from] item: Leftovers
|upkeep
|turn|12
|
|t:|1779872722
|switch|p2a: Bullet|Glimmora, M, shiny|53/100
|-damage|p2a: Bullet|41/100|[from] Spikes
|move|p1a: Clefable|Knock Off|p2a: Bullet
|-damage|p2a: Bullet|33/100
|
|-heal|p1a: Clefable|84/100 tox|[from] item: Leftovers
|upkeep
|turn|13
|
|t:|1779872727
|switch|p1a: Gholdengo|Gholdengo|94/100
|-damage|p1a: Gholdengo|88/100|[from] Stealth Rock
|move|p2a: Bullet|Mortal Spin|p1a: Gholdengo
|-immune|p1a: Gholdengo
|
|upkeep
|turn|14
|
|t:|1779872731
|switch|p2a: Hybrid|Hydreigon, M, shiny|75/100
|move|p1a: Gholdengo|Make It Rain|p2a: Hybrid
|-damage|p2a: Hybrid|5/100
|-unboost|p1a: Gholdengo|spa|1
|
|upkeep
|turn|15
|
|t:|1779872736
|move|p1a: Gholdengo|Make It Rain|p2a: Hybrid
|-damage|p2a: Hybrid|0 fnt
|-unboost|p1a: Gholdengo|spa|1
|faint|p2a: Hybrid
|
|upkeep
|
|t:|1779872743
|switch|p2a: Kong|Rillaboom, M, shiny|100/100
|-damage|p2a: Kong|88/100|[from] Spikes
|-fieldstart|move: Grassy Terrain|[from] ability: Grassy Surge|[of] p2a: Kong
|turn|16
|
|t:|1779872752
|switch|p1a: Dragonite|Dragonite, F|100/100
|move|p2a: Kong|Swords Dance|p2a: Kong
|-boost|p2a: Kong|atk|2
|
|-heal|p2a: Kong|94/100|[from] Grassy Terrain
|upkeep
|turn|17
|
|t:|1779872758
|move|p2a: Kong|Knock Off|p1a: Dragonite
|-damage|p1a: Dragonite|48/100
|-enditem|p1a: Dragonite|Heavy-Duty Boots|[from] move: Knock Off|[of] p2a: Kong
|-damage|p2a: Kong|84/100|[from] item: Life Orb
|move|p1a: Dragonite|Dragon Dance|p1a: Dragonite
|-boost|p1a: Dragonite|atk|1
|-boost|p1a: Dragonite|spe|1
|
|-heal|p2a: Kong|91/100|[from] Grassy Terrain
|upkeep
|turn|18
|
|t:|1779872765
|switch|p2a: Spirit Rush|Gholdengo, shiny|100/100
|-damage|p2a: Spirit Rush|88/100|[from] Spikes
|-enditem|p2a: Spirit Rush|Grassy Seed
|-boost|p2a: Spirit Rush|def|1|[from] item: Grassy Seed
|move|p1a: Dragonite|Roost|p1a: Dragonite
|-heal|p1a: Dragonite|99/100
|-singleturn|p1a: Dragonite|move: Roost
|
|-heal|p1a: Dragonite|100/100|[from] Grassy Terrain
|-heal|p2a: Spirit Rush|94/100|[from] Grassy Terrain
|upkeep
|turn|19
|
|t:|1779872770
|move|p1a: Dragonite|Dragon Dance|p1a: Dragonite
|-boost|p1a: Dragonite|atk|1
|-boost|p1a: Dragonite|spe|1
|move|p2a: Spirit Rush|Nasty Plot|p2a: Spirit Rush
|-boost|p2a: Spirit Rush|spa|2
|
|-heal|p2a: Spirit Rush|99/100|[from] Grassy Terrain
|upkeep
|turn|20
|
|t:|1779872773
|move|p1a: Dragonite|Dragon Dance|p1a: Dragonite
|-boost|p1a: Dragonite|atk|1
|-boost|p1a: Dragonite|spe|1
|move|p2a: Spirit Rush|Shadow Ball|p1a: Dragonite
|-damage|p1a: Dragonite|61/100
|
|-heal|p2a: Spirit Rush|100/100|[from] Grassy Terrain
|-fieldend|move: Grassy Terrain
|upkeep
|turn|21
|
|t:|1779872778
|-terastallize|p2a: Spirit Rush|Water
|move|p1a: Dragonite|Roost|p1a: Dragonite
|-heal|p1a: Dragonite|100/100
|-singleturn|p1a: Dragonite|move: Roost
|move|p2a: Spirit Rush|Make It Rain|p1a: Dragonite
|-damage|p1a: Dragonite|48/100
|-unboost|p2a: Spirit Rush|spa|1
|
|upkeep
|turn|22
|
|t:|1779872783
|move|p1a: Dragonite|Earthquake|p2a: Spirit Rush
|-damage|p2a: Spirit Rush|37/100
|move|p2a: Spirit Rush|Make It Rain|p1a: Dragonite
|-damage|p1a: Dragonite|0 fnt
|-unboost|p2a: Spirit Rush|spa|1
|faint|p1a: Dragonite
|
|upkeep
|
|t:|1779872788
|switch|p1a: Gholdengo|Gholdengo|88/100
|-damage|p1a: Gholdengo|82/100|[from] Stealth Rock
|turn|23
|
|t:|1779872791
|move|p1a: Gholdengo|Shadow Ball|p2a: Spirit Rush
|-damage|p2a: Spirit Rush|8/100
|-unboost|p2a: Spirit Rush|spd|1
|move|p2a: Spirit Rush|Shadow Ball|p1a: Gholdengo
|-supereffective|p1a: Gholdengo
|-damage|p1a: Gholdengo|6/100
|
|upkeep
|turn|24
|
|t:|1779872796
|move|p1a: Gholdengo|Shadow Ball|p2a: Spirit Rush
|-damage|p2a: Spirit Rush|0 fnt
|faint|p2a: Spirit Rush
|
|upkeep
|
|t:|1779872799
|switch|p2a: Kong|Rillaboom, M, shiny|91/100
|-damage|p2a: Kong|78/100|[from] Spikes
|-fieldstart|move: Grassy Terrain|[from] ability: Grassy Surge|[of] p2a: Kong
|turn|25
|
|t:|1779872804
|move|p2a: Kong|Grassy Glide|p1a: Gholdengo
|-resisted|p1a: Gholdengo
|-damage|p1a: Gholdengo|0 fnt
|faint|p1a: Gholdengo
|-damage|p2a: Kong|68/100|[from] item: Life Orb
|
|-heal|p2a: Kong|74/100|[from] Grassy Terrain
|upkeep
|
|t:|1779872807
|switch|p1a: Zamazenta|Zamazenta|100/100
|-ability|p1a: Zamazenta|Dauntless Shield|boost
|-boost|p1a: Zamazenta|def|1
|turn|26
|
|t:|1779872811
|switch|p2a: Trojan|Zamazenta, shiny|100/100
|-damage|p2a: Trojan|88/100|[from] Spikes
|-ability|p2a: Trojan|Dauntless Shield|boost
|-boost|p2a: Trojan|def|1
|move|p1a: Zamazenta|Close Combat|p2a: Trojan
|-damage|p2a: Trojan|57/100
|-unboost|p1a: Zamazenta|def|1
|-unboost|p1a: Zamazenta|spd|1
|
|-heal|p2a: Trojan|63/100|[from] Grassy Terrain
|-heal|p2a: Trojan|69/100|[from] item: Leftovers
|upkeep
|turn|27
|
|t:|1779872815
|move|p2a: Trojan|Iron Defense|p2a: Trojan
|-boost|p2a: Trojan|def|2
|move|p1a: Zamazenta|Roar|p2a: Trojan
|drag|p2a: Bullet|Glimmora, M, shiny|33/100
|-damage|p2a: Bullet|20/100|[from] Spikes
|
|-heal|p2a: Bullet|27/100|[from] Grassy Terrain
|upkeep
|turn|28
|
|t:|1779872821
|move|p1a: Zamazenta|Close Combat|p2a: Bullet
|-damage|p2a: Bullet|0 fnt
|-unboost|p1a: Zamazenta|def|1
|-unboost|p1a: Zamazenta|spd|1
|faint|p2a: Bullet
|
|upkeep
|
|t:|1779872824
|switch|p2a: Kong|Rillaboom, M, shiny|74/100
|-damage|p2a: Kong|62/100|[from] Spikes
|turn|29
|
|t:|1779872827
|switch|p1a: Meowscarada|Meowscarada, F|39/100
|move|p2a: Kong|Grassy Glide|p1a: Meowscarada
|-resisted|p1a: Meowscarada
|-damage|p1a: Meowscarada|0 fnt
|faint|p1a: Meowscarada
|-damage|p2a: Kong|52/100|[from] item: Life Orb
|
|-heal|p2a: Kong|58/100|[from] Grassy Terrain
|-fieldend|move: Grassy Terrain
|upkeep
|
|t:|1779872829
|switch|p1a: Zamazenta|Zamazenta|100/100
|turn|30
|
|t:|1779872832
|move|p1a: Zamazenta|Close Combat|p2a: Kong
|-damage|p2a: Kong|0 fnt
|-unboost|p1a: Zamazenta|def|1
|-unboost|p1a: Zamazenta|spd|1
|faint|p2a: Kong
|
|upkeep
|
|t:|1779872836
|switch|p2a: Trojan|Zamazenta, shiny|69/100
|-damage|p2a: Trojan|57/100|[from] Spikes
|turn|31
|
|t:|1779872838
|move|p1a: Zamazenta|Close Combat|p2a: Trojan
|-damage|p2a: Trojan|8/100
|-unboost|p1a: Zamazenta|def|1
|-unboost|p1a: Zamazenta|spd|1
|move|p2a: Trojan|Iron Defense|p2a: Trojan
|-boost|p2a: Trojan|def|2
|
|-heal|p2a: Trojan|14/100|[from] item: Leftovers
|upkeep
|turn|32
|
|t:|1779872844
|move|p1a: Zamazenta|Close Combat|p2a: Trojan
|-damage|p2a: Trojan|0 fnt
|-unboost|p1a: Zamazenta|def|1
|-unboost|p1a: Zamazenta|spd|1
|faint|p2a: Trojan
|
|win|tokiwakano
|raw|tokiwakano's rating: 1716 &rarr; <strong>1739</strong><br />(+23 for winning)
|raw|goodnightnite's rating: 1775 &rarr; <strong>1752</strong><br />(-23 for losing)
|l|☆goodnightnite
|player|p2|
|l|☆tokiwakano
|player|p1|
