|j|☆trizegard
|j|‽sawquarete
|t:|1779855842
|gametype|singles
|player|p1|trizegard|169|1348
|player|p2|sawquarete|li|1391
|gen|9
|tier|[Gen 9] OU
|rated|
|rule|HP Percentage Mod: HP is shown in percentages
|rule|Endless Battle Clause: Forcing endless battles is banned
|rule|Species Clause: Limit one of each Pokémon
|rule|OHKO Clause: OHKO moves are banned
|rule|Evasion Items Clause: Evasion items are banned
|rule|Evasion Moves Clause: Evasion moves are banned
|rule|Evasion Abilities Clause: Evasion abilities are banned
|rule|Sleep Moves Clause: Sleep-inducing moves are banned
|clearpoke
|poke|p1|Iron Valiant|
|poke|p1|Corviknight, F|
|poke|p1|Alomomola, M|
|poke|p1|Moltres|
|poke|p1|Pecharunt|
|poke|p1|Ogerpon-Cornerstone, F|
|poke|p2|Gholdengo|
|poke|p2|Kingambit, F|
|poke|p2|Hatterene, F|
|poke|p2|Samurott-Hisui, F|
|poke|p2|Pecharunt|
|poke|p2|Landorus-Therian, M|
|teampreview
|inactive|Battle timer is ON: inactive players will automatically lose when time's up. (requested by trizegard)
|
|t:|1779855850
|teamsize|p1|6
|teamsize|p2|6
|start
|switch|p1a: Ogerpon|Ogerpon-Cornerstone, F|100/100
|switch|p2a: Hatterene|Hatterene, F|100/100
|turn|1
|
|t:|1779855859
|switch|p1a: Corviknight|Corviknight, F|100/100
|-ability|p1a: Corviknight|Pressure
|move|p2a: Hatterene|Nuzzle|p1a: Corviknight
|-supereffective|p1a: Corviknight
|-damage|p1a: Corviknight|95/100
|-status|p1a: Corviknight|par
|-damage|p2a: Hatterene|84/100|[from] item: Rocky Helmet|[of] p1a: Corviknight
|
|upkeep
|turn|2
|
|t:|1779855861
|move|p2a: Hatterene|Mystical Fire|p1a: Corviknight
|-supereffective|p1a: Corviknight
|-damage|p1a: Corviknight|46/100 par
|-unboost|p1a: Corviknight|spa|1
|move|p1a: Corviknight|U-turn|p2a: Hatterene
|-damage|p2a: Hatterene|68/100
|
|t:|1779855873
|switch|p1a: Alomomola|Alomomola, M|100/100|[from] U-turn
|
|upkeep
|turn|3
|
|t:|1779855876
|move|p1a: Alomomola|Flip Turn|p2a: Hatterene
|-damage|p2a: Hatterene|48/100
|
|t:|1779855878
|switch|p1a: Corviknight|Corviknight, F|46/100 par|[from] Flip Turn
|-ability|p1a: Corviknight|Pressure
|move|p2a: Hatterene|Nuzzle|p1a: Corviknight
|-supereffective|p1a: Corviknight
|-damage|p1a: Corviknight|41/100 par
|-damage|p2a: Hatterene|31/100|[from] item: Rocky Helmet|[of] p1a: Corviknight
|
|upkeep
|turn|4
|
|t:|1779855883
|switch|p1a: Alomomola|Alomomola, M|100/100
|move|p2a: Hatterene|Mystical Fire|p1a: Alomomola
|-resisted|p1a: Alomomola
|-damage|p1a: Alomomola|94/100
|-unboost|p1a: Alomomola|spa|1
|
|upkeep
|turn|5
|
|t:|1779855886
|switch|p1a: Corviknight|Corviknight, F|41/100 par
|-ability|p1a: Corviknight|Pressure
|move|p2a: Hatterene|Mystical Fire|p1a: Corviknight
|-supereffective|p1a: Corviknight
|-damage|p1a: Corviknight|0 fnt
|faint|p1a: Corviknight
|
|upkeep
|
|t:|1779855890
|switch|p1a: Ogerpon|Ogerpon-Cornerstone, F|100/100
|turn|6
|
|t:|1779855894
|switch|p2a: Landorus|Landorus-Therian, M|100/100
|-ability|p2a: Landorus|Intimidate|boost
|-unboost|p1a: Ogerpon|atk|1
|move|p1a: Ogerpon|Ivy Cudgel|p2a: Landorus|[anim] Ivy Cudgel Rock
|-damage|p2a: Landorus|53/100
|
|upkeep
|turn|7
|
|t:|1779855902
|switch|p1a: Moltres|Moltres|100/100
|move|p2a: Landorus|U-turn|p1a: Moltres
|-resisted|p1a: Moltres
|-damage|p1a: Moltres|96/100
|
|t:|1779855907
|switch|p2a: Samurott|Samurott-Hisui, F|100/100|[from] U-turn
|
|upkeep
|turn|8
|
|t:|1779855917
|-terastallize|p2a: Samurott|Water
|move|p2a: Samurott|Razor Shell|p1a: Moltres|[miss]
|-miss|p2a: Samurott|p1a: Moltres
|move|p1a: Moltres|U-turn|p2a: Samurott
|-damage|p2a: Samurott|83/100
|
|t:|1779855920
|switch|p1a: Ogerpon|Ogerpon-Cornerstone, F|100/100|[from] U-turn
|
|upkeep
|turn|9
|
|t:|1779855923
|move|p2a: Samurott|Razor Shell|p1a: Ogerpon
|-damage|p1a: Ogerpon|15/100
|-unboost|p1a: Ogerpon|def|1
|move|p1a: Ogerpon|Horn Leech|p2a: Samurott
|-supereffective|p2a: Samurott
|-damage|p2a: Samurott|0 fnt
|-heal|p1a: Ogerpon|59/100|[from] drain|[of] p2a: Samurott
|faint|p2a: Samurott
|
|upkeep
|
|t:|1779855928
|switch|p2a: Pecharunt|Pecharunt|100/100
|turn|10
|
|t:|1779855932
|switch|p1a: Pecharunt|Pecharunt|100/100
|move|p2a: Pecharunt|Parting Shot|p1a: Pecharunt
|-unboost|p1a: Pecharunt|atk|1
|-unboost|p1a: Pecharunt|spa|1
|
|t:|1779855936
|switch|p2a: Gholdengo|Gholdengo|100/100|[from] Parting Shot
|-item|p2a: Gholdengo|Air Balloon
|
|upkeep
|turn|11
|
|t:|1779855941
|switch|p1a: Moltres|Moltres|96/100
|move|p2a: Gholdengo|Nasty Plot|p2a: Gholdengo
|-boost|p2a: Gholdengo|spa|2
|
|upkeep
|turn|12
|
|t:|1779855949
|move|p2a: Gholdengo|Shadow Ball|p1a: Moltres
|-damage|p1a: Moltres|15/100
|move|p1a: Moltres|Flamethrower|p2a: Gholdengo
|-supereffective|p2a: Gholdengo
|-damage|p2a: Gholdengo|13/100
|-enditem|p2a: Gholdengo|Air Balloon
|
|upkeep
|turn|13
|
|t:|1779855957
|switch|p1a: Pecharunt|Pecharunt|100/100
|move|p2a: Gholdengo|Shadow Ball|p1a: Pecharunt
|-supereffective|p1a: Pecharunt
|-damage|p1a: Pecharunt|0 fnt
|faint|p1a: Pecharunt
|
|upkeep
|
|t:|1779855960
|switch|p1a: Ogerpon|Ogerpon-Cornerstone, F|59/100
|turn|14
|
|t:|1779855963
|switch|p2a: Pecharunt|Pecharunt|100/100
|move|p1a: Ogerpon|Horn Leech|p2a: Pecharunt
|-resisted|p2a: Pecharunt
|-damage|p2a: Pecharunt|90/100
|-heal|p1a: Ogerpon|65/100|[from] drain|[of] p2a: Pecharunt
|
|upkeep
|turn|15
|
|t:|1779855969
|switch|p1a: Alomomola|Alomomola, M|100/100
|move|p2a: Pecharunt|Parting Shot|p1a: Alomomola
|-unboost|p1a: Alomomola|atk|1
|-unboost|p1a: Alomomola|spa|1
|
|t:|1779855974
|switch|p2a: Landorus|Landorus-Therian, M|53/100|[from] Parting Shot
|-ability|p2a: Landorus|Intimidate|boost
|-unboost|p1a: Alomomola|atk|1
|
|upkeep
|turn|16
|
|t:|1779855976
|move|p2a: Landorus|Stealth Rock|p1a: Alomomola
|-sidestart|p1: trizegard|move: Stealth Rock
|move|p1a: Alomomola|Flip Turn|p2a: Landorus
|-supereffective|p2a: Landorus
|-damage|p2a: Landorus|34/100
|-damage|p1a: Alomomola|84/100|[from] item: Rocky Helmet|[of] p2a: Landorus
|
|t:|1779855980
|switch|p1a: Iron Valiant|Iron Valiant|100/100|[from] Flip Turn
|-damage|p1a: Iron Valiant|94/100|[from] Stealth Rock
|-enditem|p1a: Iron Valiant|Booster Energy
|-activate|p1a: Iron Valiant|ability: Quark Drive|[fromitem]
|-start|p1a: Iron Valiant|quarkdrivespe
|
|upkeep
|turn|17
|
|t:|1779855984
|move|p1a: Iron Valiant|Encore|p2a: Landorus
|-start|p2a: Landorus|Encore
|move|p2a: Landorus|Stealth Rock||[still]
|-fail|p2a: Landorus
|
|upkeep
|turn|18
|
|t:|1779855990
|-end|p1a: Iron Valiant|Quark Drive|[silent]
|switch|p1a: Alomomola|Alomomola, M|100/100
|-damage|p1a: Alomomola|88/100|[from] Stealth Rock
|switch|p2a: Pecharunt|Pecharunt|90/100
|
|upkeep
|turn|19
|
|t:|1779855992
|move|p2a: Pecharunt|Toxic|p1a: Alomomola
|-status|p1a: Alomomola|tox
|-start|p1a: Alomomola|confusion|[from] ability: Poison Puppeteer|[of] p2a: Pecharunt
|-activate|p1a: Alomomola|confusion
|-damage|p1a: Alomomola|83/100 tox|[from] confusion
|
|-damage|p1a: Alomomola|76/100 tox|[from] psn
|upkeep
|turn|20
|-message|trizegard forfeited.
|
|win|sawquarete
|raw|trizegard's rating: 1348 &rarr; <strong>1330</strong><br />(-18 for losing)
|raw|sawquarete's rating: 1391 &rarr; <strong>1409</strong><br />(+18 for winning)
|l|☆trizegard
|player|p1|
|l|‽sawquarete
|player|p2|
