|j|☆kung pum fanta
|j|☆psaiang
|t:|1779880277
|gametype|singles
|player|p1|kung pum fanta|169|1061
|player|p2|psaiang|170|1114
|gen|9
|tier|[Gen 9] OU
|rated|
|rule|HP Percentage Mod: HP is shown in percentages
|rule|Endless Battle Clause: Forcing endless battles is banned
|rule|Species Clause: Limit one of each Pokémon
|rule|OHKO Clause: OHKO moves are banned
|rule|Evasion Items Clause: Evasion items are banned
|rule|Evasion Moves Clause: Evasion moves are banned
|rule|Evasion Abilities Clause: Evasion abilities are banned
|rule|Sleep Moves Clause: Sleep-inducing moves are banned
|clearpoke
|poke|p1|Moltres-Galar|
|poke|p1|Slowbro-Galar, M|
|poke|p1|Zoroark-Hisui, F|
|poke|p1|Tornadus-Therian, M|
|poke|p1|Iron Crown|
|poke|p1|Primarina, F|
|poke|p2|Garganacl, F|
|poke|p2|Pecharunt|
|poke|p2|Greninja-*, M|
|poke|p2|Meowscarada, F|
|poke|p2|Dragapult, M|
|poke|p2|Iron Valiant|
|teampreview
|inactive|Battle timer is ON: inactive players will automatically lose when time's up. (requested by psaiang)
|
|t:|1779880286
|teamsize|p1|6
|teamsize|p2|6
|start
|switch|p1a: Primarina|Primarina, F|100/100
|switch|p2a: Iron Valiant|Iron Valiant|100/100
|-enditem|p2a: Iron Valiant|Booster Energy
|-activate|p2a: Iron Valiant|ability: Quark Drive|[fromitem]
|-start|p2a: Iron Valiant|quarkdriveatk
|turn|1
|
|t:|1779880293
|move|p2a: Iron Valiant|Leaf Blade|p1a: Primarina
|-supereffective|p1a: Primarina
|-damage|p1a: Primarina|0 fnt
|faint|p1a: Primarina
|
|upkeep
|
|t:|1779880299
|switch|p1a: Tornadus|Tornadus-Therian, M|100/100
|turn|2
|
|t:|1779880304
|move|p1a: Tornadus|Bleakwind Storm|p2a: Iron Valiant
|-supereffective|p2a: Iron Valiant
|-damage|p2a: Iron Valiant|0 fnt
|faint|p2a: Iron Valiant
|-end|p2a: Iron Valiant|Quark Drive|[silent]
|
|upkeep
|
|t:|1779880311
|switch|p2a: Garganacl|Garganacl, F|100/100
|turn|3
|
|t:|1779880320
|move|p1a: Tornadus|U-turn|p2a: Garganacl
|-damage|p2a: Garganacl|88/100
|
|t:|1779880323
|switch|p1a: Iron Crown|Iron Crown|100/100|[from] U-turn
|-enditem|p1a: Iron Crown|Booster Energy
|-activate|p1a: Iron Crown|ability: Quark Drive|[fromitem]
|-start|p1a: Iron Crown|quarkdrivespa
|move|p2a: Garganacl|Salt Cure|p1a: Iron Crown
|-resisted|p1a: Iron Crown
|-damage|p1a: Iron Crown|90/100
|-start|p1a: Iron Crown|Salt Cure
|
|-heal|p2a: Garganacl|94/100|[from] item: Leftovers
|-damage|p1a: Iron Crown|65/100|[from] Salt Cure
|upkeep
|turn|4
|
|t:|1779880330
|move|p1a: Iron Crown|Flash Cannon|p2a: Garganacl
|-supereffective|p2a: Garganacl
|-damage|p2a: Garganacl|6/100
|move|p2a: Garganacl|Earthquake|p1a: Iron Crown
|-supereffective|p1a: Iron Crown
|-damage|p1a: Iron Crown|0 fnt
|faint|p1a: Iron Crown
|-end|p1a: Iron Crown|Quark Drive|[silent]
|
|-heal|p2a: Garganacl|12/100|[from] item: Leftovers
|upkeep
|
|t:|1779880336
|switch|p1a: Tornadus|Tornadus-Therian, M|100/100
|turn|5
|
|t:|1779880342
|switch|p2a: Pecharunt|Pecharunt|100/100
|move|p1a: Tornadus|Psychic|p2a: Pecharunt
|-supereffective|p2a: Pecharunt
|-crit|p2a: Pecharunt
|-damage|p2a: Pecharunt|8/100
|
|-heal|p2a: Pecharunt|14/100|[from] item: Black Sludge
|upkeep
|turn|6
|
|t:|1779880347
|move|p1a: Tornadus|Psychic|p2a: Pecharunt
|-supereffective|p2a: Pecharunt
|-damage|p2a: Pecharunt|0 fnt
|faint|p2a: Pecharunt
|
|upkeep
|
|t:|1779880351
|switch|p2a: Dragapult|Dragapult, M|100/100
|turn|7
|
|t:|1779880355
|move|p2a: Dragapult|Dragon Dance|p2a: Dragapult
|-boost|p2a: Dragapult|atk|1
|-boost|p2a: Dragapult|spe|1
|move|p1a: Tornadus|Bleakwind Storm|p2a: Dragapult
|-damage|p2a: Dragapult|42/100
|
|upkeep
|turn|8
|
|t:|1779880360
|move|p2a: Dragapult|Dragon Darts|p1a: Tornadus
|-damage|p1a: Tornadus|34/100
|-anim|p2a: Dragapult|Dragon Darts|p1a: Tornadus
|-damage|p1a: Tornadus|0 fnt
|faint|p1a: Tornadus
|-damage|p2a: Dragapult|32/100|[from] item: Life Orb
|
|upkeep
|
|t:|1779880364
|switch|p1a: Moltres|Moltres-Galar|100/100
|turn|9
|
|t:|1779880369
|move|p2a: Dragapult|Dragon Darts|p1a: Moltres
|-damage|p1a: Moltres|40/100
|-anim|p2a: Dragapult|Dragon Darts|p1a: Moltres
|-damage|p1a: Moltres|0 fnt
|faint|p1a: Moltres
|-damage|p2a: Dragapult|22/100|[from] item: Life Orb
|
|upkeep
|
|t:|1779880375
|switch|p1a: Slowbro|Slowbro-Galar, M|100/100
|turn|10
|
|t:|1779880381
|move|p2a: Dragapult|Phantom Force||[still]
|-prepare|p2a: Dragapult|Phantom Force
|move|p1a: Slowbro|Bitter Malice|p2a: Dragapult|[miss]
|-miss|p1a: Slowbro|p2a: Dragapult
|
|upkeep
|turn|11
|
|t:|1779880385
|move|p2a: Dragapult|Phantom Force|p1a: Slowbro|[from] lockedmove
|-immune|p1a: Slowbro
|move|p1a: Slowbro|Bitter Malice|p2a: Dragapult
|-supereffective|p2a: Dragapult
|-damage|p2a: Dragapult|0 fnt
|faint|p2a: Dragapult
|
|upkeep
|
|t:|1779880389
|switch|p2a: Garganacl|Garganacl, F|12/100
|turn|12
|
|t:|1779880398
|move|p1a: Slowbro|Bitter Malice|p2a: Garganacl
|-damage|p2a: Garganacl|0 fnt
|faint|p2a: Garganacl
|
|upkeep
|
|t:|1779880403
|switch|p2a: Meowscarada|Meowscarada, F|100/100
|turn|13
|
|t:|1779880413
|-terastallize|p1a: Slowbro|Normal
|move|p2a: Meowscarada|Shadow Claw|p1a: Slowbro
|-immune|p1a: Slowbro
|move|p1a: Slowbro|Hyper Voice|p2a: Meowscarada
|-damage|p2a: Meowscarada|10/100
|
|-heal|p2a: Meowscarada|17/100|[from] item: Leftovers
|upkeep
|turn|14
|
|t:|1779880420
|move|p2a: Meowscarada|U-turn|p1a: Slowbro
|-damage|p1a: Slowbro|52/100
|replace|p1a: Zoroark|Zoroark-Hisui, F
|-end|p1a: Zoroark|Illusion
|
|t:|1779880421
|switch|p2a: Greninja|Greninja, M|100/100|[from] U-turn
|move|p1a: Zoroark|Hyper Voice|p2a: Greninja
|-damage|p2a: Greninja|12/100
|
|-heal|p1a: Zoroark|58/100|[from] item: Leftovers
|upkeep
|turn|15
|
|t:|1779880429
|move|p2a: Greninja|Surf|p1a: Zoroark
|-crit|p1a: Zoroark
|-damage|p1a: Zoroark|0 fnt
|faint|p1a: Zoroark
|-ability|p2a: Greninja|Battle Bond|boost
|-boost|p2a: Greninja|atk|1
|-boost|p2a: Greninja|spa|1
|-boost|p2a: Greninja|spe|1
|-activate|p2a: Greninja|ability: Battle Bond
|
|upkeep
|
|t:|1779880433
|switch|p1a: Slowbro|Slowbro-Galar, M|100/100
|turn|16
|
|t:|1779880441
|move|p2a: Greninja|Dark Pulse|p1a: Slowbro
|-supereffective|p1a: Slowbro
|-damage|p1a: Slowbro|0 fnt
|faint|p1a: Slowbro
|
|win|psaiang
|raw|kung pum fanta's rating: 1061 &rarr; <strong>1045</strong><br />(-16 for losing)
|raw|psaiang's rating: 1114 &rarr; <strong>1135</strong><br />(+21 for winning)
|l|☆psaiang
|player|p2|
|l|☆kung pum fanta
|player|p1|
