|j|‽zer0kage
|j|☆Mr.Why Kanto
|t:|1779884961
|gametype|singles
|player|p1|zer0kage|101|1095
|player|p2|Mr.Why Kanto|collector|1093
|gen|9
|tier|[Gen 9] OU
|rated|
|rule|HP Percentage Mod: HP is shown in percentages
|rule|Endless Battle Clause: Forcing endless battles is banned
|rule|Species Clause: Limit one of each Pokémon
|rule|OHKO Clause: OHKO moves are banned
|rule|Evasion Items Clause: Evasion items are banned
|rule|Evasion Moves Clause: Evasion moves are banned
|rule|Evasion Abilities Clause: Evasion abilities are banned
|rule|Sleep Moves Clause: Sleep-inducing moves are banned
|clearpoke
|poke|p1|Garchomp, M|
|poke|p1|Kingambit, M|
|poke|p1|Glimmora, M|
|poke|p1|Corviknight, M|
|poke|p1|Weavile, F|
|poke|p1|Tyranitar, F|
|poke|p2|Porygon2|
|poke|p2|Lapras, F|
|poke|p2|Dragonite, M|
|poke|p2|Scyther, M|
|poke|p2|Arcanine, M|
|poke|p2|Electabuzz, F|
|teampreview
|inactive|Battle timer is ON: inactive players will automatically lose when time's up. (requested by Mr.Why Kanto)
|
|t:|1779884974
|teamsize|p1|6
|teamsize|p2|6
|start
|switch|p1a: Tyranitar|Tyranitar, F, shiny|100/100
|switch|p2a: Electabuzz|Electabuzz, F|100/100
|-weather|Sandstorm|[from] ability: Sand Stream|[of] p1a: Tyranitar
|turn|1
|
|t:|1779884986
|move|p2a: Electabuzz|Taunt|p1a: Tyranitar
|-start|p1a: Tyranitar|move: Taunt
|move|p1a: Tyranitar|Earthquake|p2a: Electabuzz
|-supereffective|p2a: Electabuzz
|-damage|p2a: Electabuzz|6/100
|
|-weather|Sandstorm|[upkeep]
|-damage|p2a: Electabuzz|0 fnt|[from] Sandstorm
|faint|p2a: Electabuzz
|upkeep
|inactive|Mr.Why Kanto has 120 seconds left.
|
|t:|1779885011
|switch|p2a: Arcanine|Arcanine, M|100/100
|turn|2
|
|t:|1779885016
|move|p2a: Arcanine|Close Combat|p1a: Tyranitar
|-supereffective|p1a: Tyranitar
|-damage|p1a: Tyranitar|0 fnt
|-unboost|p2a: Arcanine|def|1
|-unboost|p2a: Arcanine|spd|1
|faint|p1a: Tyranitar
|-damage|p2a: Arcanine|91/100|[from] item: Life Orb
|
|-weather|Sandstorm|[upkeep]
|-damage|p2a: Arcanine|84/100|[from] Sandstorm
|upkeep
|
|t:|1779885022
|switch|p1a: Glimmora|Glimmora, M|100/100
|turn|3
|
|t:|1779885034
|switch|p2a: Lapras|Lapras, F|100/100
|move|p1a: Glimmora|Toxic|p2a: Lapras
|-status|p2a: Lapras|tox
|
|-weather|Sandstorm|[upkeep]
|-damage|p2a: Lapras|94/100 tox|[from] Sandstorm
|-damage|p2a: Lapras|88/100 tox|[from] psn
|upkeep
|turn|4
|
|t:|1779885044
|move|p1a: Glimmora|Stealth Rock|p2a: Lapras
|-sidestart|p2: Mr.Why Kanto|move: Stealth Rock
|move|p2a: Lapras|Hydro Pump|p1a: Glimmora|[miss]
|-miss|p2a: Lapras|p1a: Glimmora
|
|-weather|Sandstorm|[upkeep]
|-damage|p2a: Lapras|82/100 tox|[from] Sandstorm
|-damage|p2a: Lapras|69/100 tox|[from] psn
|upkeep
|turn|5
|
|t:|1779885054
|move|p1a: Glimmora|Toxic Spikes|p2a: Lapras
|-sidestart|p2: Mr.Why Kanto|move: Toxic Spikes
|move|p2a: Lapras|Hydro Pump|p1a: Glimmora
|-supereffective|p1a: Glimmora
|-damage|p1a: Glimmora|12/100
|
|-weather|none
|-damage|p2a: Lapras|50/100 tox|[from] psn
|upkeep
|turn|6
|
|t:|1779885067
|move|p1a: Glimmora|Toxic Spikes|p2a: Lapras
|-sidestart|p2: Mr.Why Kanto|move: Toxic Spikes
|move|p2a: Lapras|Hydro Pump|p1a: Glimmora
|-supereffective|p1a: Glimmora
|-damage|p1a: Glimmora|0 fnt
|faint|p1a: Glimmora
|
|-damage|p2a: Lapras|25/100 tox|[from] psn
|upkeep
|
|t:|1779885071
|switch|p1a: Garchomp|Garchomp, M, shiny|100/100
|turn|7
|
|t:|1779885079
|-terastallize|p1a: Garchomp|Steel
|move|p1a: Garchomp|Swords Dance|p1a: Garchomp
|-boost|p1a: Garchomp|atk|2
|move|p2a: Lapras|Alluring Voice|p1a: Garchomp
|-resisted|p1a: Garchomp
|-damage|p1a: Garchomp|88/100
|-start|p1a: Garchomp|confusion
|
|-damage|p2a: Lapras|0 fnt|[from] psn
|faint|p2a: Lapras
|upkeep
|
|t:|1779885101
|switch|p2a: Arcanine|Arcanine, M|84/100
|-damage|p2a: Arcanine|59/100|[from] Stealth Rock
|-status|p2a: Arcanine|tox
|turn|8
|
|t:|1779885109
|-activate|p1a: Garchomp|confusion
|move|p1a: Garchomp|Earthquake|p2a: Arcanine
|-supereffective|p2a: Arcanine
|-damage|p2a: Arcanine|0 fnt
|faint|p2a: Arcanine
|-damage|p1a: Garchomp|78/100|[from] item: Life Orb
|
|upkeep
|
|t:|1779885116
|switch|p2a: Dragonite|Dragonite, M|100/100
|turn|9
|
|t:|1779885129
|-activate|p1a: Garchomp|confusion
|move|p1a: Garchomp|Stone Edge|p2a: Dragonite
|-supereffective|p2a: Dragonite
|-crit|p2a: Dragonite
|-damage|p2a: Dragonite|0 fnt
|faint|p2a: Dragonite
|-damage|p1a: Garchomp|68/100|[from] item: Life Orb
|
|upkeep
|
|t:|1779885139
|switch|p2a: Scyther|Scyther, M|100/100
|-damage|p2a: Scyther|51/100|[from] Stealth Rock
|turn|10
|
|t:|1779885144
|move|p2a: Scyther|Brick Break|p1a: Garchomp
|-supereffective|p1a: Garchomp
|-damage|p1a: Garchomp|24/100
|-damage|p2a: Scyther|38/100|[from] ability: Rough Skin|[of] p1a: Garchomp
|-activate|p1a: Garchomp|confusion
|-damage|p1a: Garchomp|0 fnt|[from] confusion
|faint|p1a: Garchomp
|
|upkeep
|
|t:|1779885147
|switch|p1a: Weavile|Weavile, F, shiny|100/100
|-ability|p1a: Weavile|Pressure
|turn|11
|
|t:|1779885157
|move|p1a: Weavile|Triple Axel|p2a: Scyther|[miss]
|-miss|p1a: Weavile|p2a: Scyther
|move|p2a: Scyther|Brick Break|p1a: Weavile
|-supereffective|p1a: Weavile
|-crit|p1a: Weavile
|-damage|p1a: Weavile|0 fnt
|faint|p1a: Weavile
|
|upkeep
|
|t:|1779885160
|switch|p1a: Corviknight|Corviknight, M, shiny|100/100
|turn|12
|
|t:|1779885171
|move|p2a: Scyther|Swords Dance|p2a: Scyther
|-boost|p2a: Scyther|atk|2
|move|p1a: Corviknight|Brave Bird|p2a: Scyther
|-supereffective|p2a: Scyther
|-damage|p2a: Scyther|0 fnt
|faint|p2a: Scyther
|-damage|p1a: Corviknight|92/100|[from] Recoil
|
|-heal|p1a: Corviknight|98/100|[from] item: Leftovers
|upkeep
|
|t:|1779885183
|switch|p2a: Porygon2|Porygon2|100/100
|-damage|p2a: Porygon2|88/100|[from] Stealth Rock
|-status|p2a: Porygon2|tox
|-ability|p2a: Porygon2|Mirror Armor|Trace|[from] ability: Trace|[of] p1a: Corviknight
|turn|13
|
|t:|1779885191
|move|p1a: Corviknight|Brave Bird|p2a: Porygon2
|-damage|p2a: Porygon2|64/100 tox
|-damage|p1a: Corviknight|90/100|[from] Recoil
|move|p2a: Porygon2|Charge Beam|p1a: Corviknight
|-supereffective|p1a: Corviknight
|-damage|p1a: Corviknight|58/100
|-boost|p2a: Porygon2|spa|1
|
|-heal|p1a: Corviknight|64/100|[from] item: Leftovers
|-damage|p2a: Porygon2|58/100 tox|[from] psn
|upkeep
|turn|14
|
|t:|1779885207
|move|p1a: Corviknight|Brave Bird|p2a: Porygon2
|-damage|p2a: Porygon2|35/100 tox
|-damage|p1a: Corviknight|57/100|[from] Recoil
|move|p2a: Porygon2|Charge Beam|p1a: Corviknight
|-supereffective|p1a: Corviknight
|-damage|p1a: Corviknight|9/100
|-boost|p2a: Porygon2|spa|1
|
|-heal|p1a: Corviknight|16/100|[from] item: Leftovers
|-damage|p2a: Porygon2|22/100 tox|[from] psn
|upkeep
|turn|15
|
|t:|1779885219
|move|p1a: Corviknight|Brave Bird|p2a: Porygon2
|-damage|p2a: Porygon2|0 fnt
|faint|p2a: Porygon2
|-damage|p1a: Corviknight|9/100|[from] Recoil
|
|win|zer0kage
|raw|zer0kage's rating: 1140 &rarr; <strong>1162</strong><br />(+22 for winning)
|raw|Mr.Why Kanto's rating: 1093 &rarr; <strong>1072</strong><br />(-21 for losing)
|l|☆Mr.Why Kanto
|player|p2|
