|j|☆SgtBrick14
|j|☆Exceperojo
|t:|1779951110
|gametype|singles
|player|p1|SgtBrick14|pokemonranger|1322
|player|p2|Exceperojo|lillie-masters|1328
|gen|9
|tier|[Gen 9] OU
|rated|
|rule|HP Percentage Mod: HP is shown in percentages
|rule|Endless Battle Clause: Forcing endless battles is banned
|rule|Species Clause: Limit one of each Pokémon
|rule|OHKO Clause: OHKO moves are banned
|rule|Evasion Items Clause: Evasion items are banned
|rule|Evasion Moves Clause: Evasion moves are banned
|rule|Evasion Abilities Clause: Evasion abilities are banned
|rule|Sleep Moves Clause: Sleep-inducing moves are banned
|clearpoke
|poke|p1|Glimmora, F|
|poke|p1|Ceruledge, M|
|poke|p1|Comfey, M|
|poke|p1|Cloyster, M|
|poke|p1|Haxorus, M|
|poke|p1|Gengar, M|
|poke|p2|Pawmot, F|
|poke|p2|Kingambit, M|
|poke|p2|Ceruledge, F|
|poke|p2|Corviknight, M|
|poke|p2|Zapdos|
|poke|p2|Meowscarada, F|
|teampreview
|inactive|Battle timer is ON: inactive players will automatically lose when time's up. (requested by Exceperojo)
|
|t:|1779951135
|teamsize|p1|6
|teamsize|p2|6
|start
|switch|p1a: Glimmora|Glimmora, F|100/100
|switch|p2a: Corviknight|Corviknight, M|100/100
|turn|1
|
|t:|1779951142
|move|p1a: Glimmora|Power Gem|p2a: Corviknight
|-damage|p2a: Corviknight|62/100
|move|p2a: Corviknight|Iron Head|p1a: Glimmora
|-supereffective|p1a: Glimmora
|-damage|p1a: Glimmora|40/100
|-activate|p1a: Glimmora|ability: Toxic Debris
|-sidestart|p2: Exceperojo|move: Toxic Spikes
|
|upkeep
|turn|2
|
|t:|1779951147
|move|p1a: Glimmora|Power Gem|p2a: Corviknight
|-damage|p2a: Corviknight|21/100
|move|p2a: Corviknight|Iron Head|p1a: Glimmora
|-supereffective|p1a: Glimmora
|-damage|p1a: Glimmora|0 fnt
|-activate|p1a: Glimmora|ability: Toxic Debris
|-sidestart|p2: Exceperojo|move: Toxic Spikes
|faint|p1a: Glimmora
|
|upkeep
|
|t:|1779951150
|switch|p1a: Gengar|Gengar, M|100/100
|turn|3
|
|t:|1779951153
|move|p1a: Gengar|Shadow Ball|p2a: Corviknight
|-damage|p2a: Corviknight|0 fnt
|faint|p2a: Corviknight
|
|upkeep
|
|t:|1779951159
|switch|p2a: Charlotte|Ceruledge, F, shiny|100/100
|-status|p2a: Charlotte|tox
|turn|4
|
|t:|1779951164
|move|p2a: Charlotte|Shadow Sneak|p1a: Gengar
|-supereffective|p1a: Gengar
|-damage|p1a: Gengar|11/100
|-start|p2a: Charlotte|Disable|Shadow Sneak|[from] ability: Cursed Body|[of] p1a: Gengar
|move|p1a: Gengar|Shadow Ball|p2a: Charlotte
|-supereffective|p2a: Charlotte
|-damage|p2a: Charlotte|7/100 tox
|
|-damage|p2a: Charlotte|1/100 tox|[from] psn
|upkeep
|turn|5
|
|t:|1779951171
|move|p1a: Gengar|Shadow Ball|p2a: Charlotte
|-supereffective|p2a: Charlotte
|-damage|p2a: Charlotte|0 fnt
|faint|p2a: Charlotte
|
|upkeep
|
|t:|1779951176
|switch|p2a: Nate|Meowscarada, F, shiny|100/100
|-status|p2a: Nate|tox
|turn|6
|
|t:|1779951185
|switch|p1a: Haxorus|Haxorus, M|100/100
|-ability|p1a: Haxorus|Mold Breaker
|move|p2a: Nate|Knock Off|p1a: Haxorus
|-start|p2a: Nate|typechange|Dark|[from] ability: Protean
|-damage|p1a: Haxorus|40/100
|-enditem|p1a: Haxorus|Muscle Band|[from] move: Knock Off|[of] p2a: Nate
|
|-damage|p2a: Nate|94/100 tox|[from] psn
|upkeep
|turn|7
|
|t:|1779951197
|move|p2a: Nate|Knock Off|p1a: Haxorus
|-damage|p1a: Haxorus|5/100
|move|p1a: Haxorus|Dragon Dance|p1a: Haxorus
|-boost|p1a: Haxorus|atk|1
|-boost|p1a: Haxorus|spe|1
|
|-damage|p2a: Nate|82/100 tox|[from] psn
|upkeep
|turn|8
|
|t:|1779951204
|move|p2a: Nate|Sucker Punch|p1a: Haxorus
|-damage|p1a: Haxorus|0 fnt
|faint|p1a: Haxorus
|
|-damage|p2a: Nate|64/100 tox|[from] psn
|upkeep
|
|t:|1779951230
|switch|p1a: Cloyster|Cloyster, M|100/100
|turn|9
|
|t:|1779951235
|move|p2a: Nate|Knock Off|p1a: Cloyster
|-damage|p1a: Cloyster|66/100
|-enditem|p1a: Cloyster|Focus Sash|[from] move: Knock Off|[of] p2a: Nate
|move|p1a: Cloyster|Shell Smash|p1a: Cloyster
|-unboost|p1a: Cloyster|def|1
|-unboost|p1a: Cloyster|spd|1
|-boost|p1a: Cloyster|atk|2
|-boost|p1a: Cloyster|spa|2
|-boost|p1a: Cloyster|spe|2
|
|-damage|p2a: Nate|39/100 tox|[from] psn
|upkeep
|turn|10
|
|t:|1779951241
|move|p1a: Cloyster|Ice Shard|p2a: Nate
|-damage|p2a: Nate|0 fnt
|faint|p2a: Nate
|
|upkeep
|
|t:|1779951246
|switch|p2a: Kingambit|Kingambit, M|100/100
|-activate|p2a: Kingambit|ability: Supreme Overlord
|-start|p2a: Kingambit|fallen3|[silent]
|turn|11
|l|☆SgtBrick14
|inactive|SgtBrick14 disconnected and has a minute to reconnect!
|player|p1|
|j|☆SgtBrick14
|inactive|SgtBrick14 reconnected and has 135 seconds left.
|player|p1|SgtBrick14|pokemonranger|
|
|t:|1779951271
|move|p1a: Cloyster|Ice Shard|p2a: Kingambit
|-resisted|p2a: Kingambit
|-damage|p2a: Kingambit|86/100
|move|p2a: Kingambit|Sucker Punch||[still]
|-fail|p2a: Kingambit
|
|upkeep
|turn|12
|
|t:|1779951275
|move|p1a: Cloyster|Ice Shard|p2a: Kingambit
|-resisted|p2a: Kingambit
|-damage|p2a: Kingambit|72/100
|move|p2a: Kingambit|Kowtow Cleave|p1a: Cloyster
|-damage|p1a: Cloyster|0 fnt
|faint|p1a: Cloyster
|
|upkeep
|
|t:|1779951278
|switch|p1a: Ceruledge|Ceruledge, M|100/100
|turn|13
|
|t:|1779951282
|move|p2a: Kingambit|Sucker Punch|p1a: Ceruledge
|-supereffective|p1a: Ceruledge
|-enditem|p1a: Ceruledge|Focus Sash
|-damage|p1a: Ceruledge|1/100
|-ability|p1a: Ceruledge|Weak Armor|boost
|-unboost|p1a: Ceruledge|def|1
|-boost|p1a: Ceruledge|spe|2
|move|p1a: Ceruledge|Bitter Blade|p2a: Kingambit
|-supereffective|p2a: Kingambit
|-damage|p2a: Kingambit|0 fnt
|-heal|p1a: Ceruledge|50/100|[from] drain|[of] p2a: Kingambit
|faint|p2a: Kingambit
|-end|p2a: Kingambit|fallen3|[silent]
|
|upkeep
|
|t:|1779951290
|switch|p2a: Magi|Pawmot, F|100/100
|-status|p2a: Magi|tox
|turn|14
|
|t:|1779951295
|move|p1a: Ceruledge|Bitter Blade|p2a: Magi
|-damage|p2a: Magi|20/100 tox
|-heal|p1a: Ceruledge|90/100|[from] drain|[of] p2a: Magi
|move|p2a: Magi|Double Shock|p1a: Ceruledge
|-damage|p1a: Ceruledge|0 fnt
|-start|p2a: Magi|typechange|???/Fighting|[from] move: Double Shock
|faint|p1a: Ceruledge
|
|-damage|p2a: Magi|14/100 tox|[from] psn
|upkeep
|
|t:|1779951309
|switch|p1a: Gengar|Gengar, M|11/100
|turn|15
|
|t:|1779951325
|move|p1a: Gengar|Sludge Wave|p2a: Magi
|-damage|p2a: Magi|0 fnt
|faint|p2a: Magi
|
|upkeep
|
|t:|1779951327
|switch|p2a: Zapdos|Zapdos|100/100
|turn|16
|
|t:|1779951336
|move|p1a: Gengar|Destiny Bond|p1a: Gengar
|-singlemove|p1a: Gengar|Destiny Bond
|move|p2a: Zapdos|Hurricane|p1a: Gengar|[miss]
|-miss|p2a: Zapdos|p1a: Gengar
|
|upkeep
|turn|17
|
|t:|1779951345
|move|p1a: Gengar|Sludge Wave|p2a: Zapdos
|-damage|p2a: Zapdos|54/100
|move|p2a: Zapdos|Hurricane|p1a: Gengar
|-damage|p1a: Gengar|0 fnt
|faint|p1a: Gengar
|
|upkeep
|
|t:|1779951346
|switch|p1a: Comfey|Comfey, M|100/100
|turn|18
|
|t:|1779951351
|move|p2a: Zapdos|Hurricane|p1a: Comfey|[miss]
|-miss|p2a: Zapdos|p1a: Comfey
|move|p1a: Comfey|Calm Mind|p1a: Comfey
|-boost|p1a: Comfey|spa|1
|-boost|p1a: Comfey|spd|1
|
|upkeep
|turn|19
|c|☆Exceperojo|Luckiest miss of all time
|
|t:|1779951361
|move|p1a: Comfey|Calm Mind|p1a: Comfey
|-boost|p1a: Comfey|spa|1
|-boost|p1a: Comfey|spd|1
|move|p2a: Zapdos|Hurricane|p1a: Comfey|[miss]
|-miss|p2a: Zapdos|p1a: Comfey
|
|upkeep
|turn|20
|
|t:|1779951367
|move|p2a: Zapdos|Hurricane|p1a: Comfey
|-damage|p1a: Comfey|50/100
|move|p1a: Comfey|Calm Mind|p1a: Comfey
|-boost|p1a: Comfey|spa|1
|-boost|p1a: Comfey|spd|1
|
|upkeep
|turn|21
|
|t:|1779951372
|move|p1a: Comfey|Synthesis|p1a: Comfey
|-heal|p1a: Comfey|100/100
|move|p2a: Zapdos|Hurricane|p1a: Comfey|[miss]
|-miss|p2a: Zapdos|p1a: Comfey
|
|upkeep
|turn|22
|c|☆Exceperojo|Zapdos, one miss was enough
|-message|Exceperojo forfeited.
|
|win|SgtBrick14
|raw|SgtBrick14's rating: 1322 &rarr; <strong>1342</strong><br />(+20 for winning)
|raw|Exceperojo's rating: 1328 &rarr; <strong>1308</strong><br />(-20 for losing)
|l|☆Exceperojo
|player|p2|
|l|☆SgtBrick14
|player|p1|
