|j|☆summerenaissance
|j|☆funnygames(1997)
|t:|1779821227
|gametype|singles
|player|p1|summerenaissance|iris-gen5bw2|1669
|player|p2|funnygames(1997)|169|1732
|gen|9
|tier|[Gen 9] OU
|rated|
|rule|HP Percentage Mod: HP is shown in percentages
|rule|Endless Battle Clause: Forcing endless battles is banned
|rule|Species Clause: Limit one of each Pokémon
|rule|OHKO Clause: OHKO moves are banned
|rule|Evasion Items Clause: Evasion items are banned
|rule|Evasion Moves Clause: Evasion moves are banned
|rule|Evasion Abilities Clause: Evasion abilities are banned
|rule|Sleep Moves Clause: Sleep-inducing moves are banned
|clearpoke
|poke|p1|Munkidori, M|
|poke|p1|Slither Wing|
|poke|p1|Ting-Lu|
|poke|p1|Cinderace, F|
|poke|p1|Dragapult, F|
|poke|p1|Alomomola, M|
|poke|p2|Ting-Lu|
|poke|p2|Hatterene, F|
|poke|p2|Great Tusk|
|poke|p2|Ceruledge, M|
|poke|p2|Dragonite, M|
|poke|p2|Kyurem|
|teampreview
|
|t:|1779821238
|teamsize|p1|6
|teamsize|p2|6
|start
|switch|p1a: Munkidori|Munkidori, M|100/100
|switch|p2a: Kyurem|Kyurem|100/100
|-ability|p2a: Kyurem|Pressure
|turn|1
|
|t:|1779821244
|move|p1a: Munkidori|Fake Out|p2a: Kyurem
|-damage|p2a: Kyurem|94/100
|-status|p2a: Kyurem|tox|[from] ability: Toxic Chain|[of] p1a: Munkidori
|cant|p2a: Kyurem|flinch
|
|-damage|p2a: Kyurem|87/100 tox|[from] psn
|upkeep
|turn|2
|
|t:|1779821252
|move|p1a: Munkidori|U-turn|p2a: Kyurem
|-damage|p2a: Kyurem|75/100 tox
|
|t:|1779821254
|switch|p1a: Alomomola|Alomomola, M|100/100|[from] U-turn
|move|p2a: Kyurem|Draco Meteor|p1a: Alomomola
|-damage|p1a: Alomomola|54/100
|-unboost|p2a: Kyurem|spa|2
|
|-damage|p2a: Kyurem|63/100 tox|[from] psn
|upkeep
|turn|3
|
|t:|1779821265
|switch|p2a: Great Tusk|Great Tusk|100/100
|move|p1a: Alomomola|Flip Turn|p2a: Great Tusk
|-supereffective|p2a: Great Tusk
|-damage|p2a: Great Tusk|83/100
|-damage|p1a: Alomomola|38/100|[from] item: Rocky Helmet|[of] p2a: Great Tusk
|
|t:|1779821270
|switch|p1a: Munkidori|Munkidori, M|100/100|[from] Flip Turn
|
|upkeep
|turn|4
|
|t:|1779821276
|-end|p2a: Great Tusk|Protosynthesis|[silent]
|switch|p2a: Ceruledge|Ceruledge, M|100/100
|move|p1a: Munkidori|Fake Out|p2a: Ceruledge
|-immune|p2a: Ceruledge
|
|upkeep
|turn|5
|
|t:|1779821284
|move|p1a: Munkidori|U-turn|p2a: Ceruledge
|-resisted|p2a: Ceruledge
|-damage|p2a: Ceruledge|96/100
|-ability|p2a: Ceruledge|Weak Armor|boost
|-unboost|p2a: Ceruledge|def|1
|-boost|p2a: Ceruledge|spe|2
|
|t:|1779821289
|switch|p1a: Ting-Lu|Ting-Lu|100/100|[from] U-turn
|-ability|p1a: Ting-Lu|Vessel of Ruin
|move|p2a: Ceruledge|Swords Dance|p2a: Ceruledge
|-boost|p2a: Ceruledge|atk|2
|
|upkeep
|turn|6
|
|t:|1779821298
|move|p2a: Ceruledge|Bitter Blade|p1a: Ting-Lu
|-crit|p1a: Ting-Lu
|-damage|p1a: Ting-Lu|15/100
|-heal|p2a: Ceruledge|100/100|[from] drain|[of] p1a: Ting-Lu
|move|p1a: Ting-Lu|Earthquake|p2a: Ceruledge
|-supereffective|p2a: Ceruledge
|-enditem|p2a: Ceruledge|Focus Sash
|-damage|p2a: Ceruledge|1/100
|-ability|p2a: Ceruledge|Weak Armor|boost
|-unboost|p2a: Ceruledge|def|1
|-boost|p2a: Ceruledge|spe|2
|
|-heal|p1a: Ting-Lu|21/100|[from] item: Leftovers
|upkeep
|turn|7
|
|t:|1779821311
|move|p2a: Ceruledge|Bitter Blade|p1a: Ting-Lu
|-damage|p1a: Ting-Lu|0 fnt
|-heal|p2a: Ceruledge|19/100|[from] drain|[of] p1a: Ting-Lu
|faint|p1a: Ting-Lu
|
|upkeep
|
|t:|1779821318
|switch|p1a: Slither Wing|Slither Wing|100/100
|turn|8
|
|t:|1779821323
|switch|p2a: Great Tusk|Great Tusk|83/100
|move|p1a: Slither Wing|First Impression|p2a: Great Tusk
|-resisted|p2a: Great Tusk
|-damage|p2a: Great Tusk|72/100
|-damage|p1a: Slither Wing|84/100|[from] item: Rocky Helmet|[of] p2a: Great Tusk
|
|upkeep
|turn|9
|
|t:|1779821341
|move|p2a: Great Tusk|Knock Off|p1a: Slither Wing
|-resisted|p1a: Slither Wing
|-damage|p1a: Slither Wing|73/100
|-enditem|p1a: Slither Wing|Heavy-Duty Boots|[from] move: Knock Off|[of] p2a: Great Tusk
|move|p1a: Slither Wing|Will-O-Wisp|p2a: Great Tusk
|-status|p2a: Great Tusk|brn
|
|-damage|p2a: Great Tusk|66/100 brn|[from] brn
|upkeep
|turn|10
|
|t:|1779821354
|move|p2a: Great Tusk|Knock Off|p1a: Slither Wing
|-resisted|p1a: Slither Wing
|-damage|p1a: Slither Wing|69/100
|move|p1a: Slither Wing|U-turn|p2a: Great Tusk
|-resisted|p2a: Great Tusk
|-damage|p2a: Great Tusk|57/100 brn
|-damage|p1a: Slither Wing|53/100|[from] item: Rocky Helmet|[of] p2a: Great Tusk
|
|t:|1779821358
|-end|p1a: Slither Wing|Protosynthesis|[silent]
|switch|p1a: Munkidori|Munkidori, M|100/100|[from] U-turn
|
|-damage|p2a: Great Tusk|51/100 brn|[from] brn
|upkeep
|turn|11
|
|t:|1779821363
|move|p1a: Munkidori|Psychic Noise|p2a: Great Tusk
|-supereffective|p2a: Great Tusk
|-damage|p2a: Great Tusk|0 fnt
|faint|p2a: Great Tusk
|-end|p2a: Great Tusk|Protosynthesis|[silent]
|
|upkeep
|inactive|Battle timer is ON: inactive players will automatically lose when time's up. (requested by summerenaissance)
|
|t:|1779821380
|switch|p2a: Ting-Lu|Ting-Lu|100/100
|-ability|p2a: Ting-Lu|Vessel of Ruin
|turn|12
|
|t:|1779821385
|move|p1a: Munkidori|U-turn|p2a: Ting-Lu
|-supereffective|p2a: Ting-Lu
|-damage|p2a: Ting-Lu|86/100
|-status|p2a: Ting-Lu|tox|[from] ability: Toxic Chain|[of] p1a: Munkidori
|
|t:|1779821390
|switch|p1a: Slither Wing|Slither Wing|53/100|[from] U-turn
|move|p2a: Ting-Lu|Stealth Rock|p1a: Slither Wing
|-sidestart|p1: summerenaissance|move: Stealth Rock
|
|-heal|p2a: Ting-Lu|93/100 tox|[from] item: Leftovers
|-damage|p2a: Ting-Lu|86/100 tox|[from] psn
|upkeep
|turn|13
|
|t:|1779821402
|switch|p2a: Dragonite|Dragonite, M|100/100
|move|p1a: Slither Wing|U-turn|p2a: Dragonite
|-resisted|p2a: Dragonite
|-damage|p2a: Dragonite|91/100
|
|t:|1779821404
|-end|p1a: Slither Wing|Protosynthesis|[silent]
|switch|p1a: Cinderace|Cinderace, F|100/100|[from] U-turn
|
|upkeep
|turn|14
|
|t:|1779821418
|-terastallize|p2a: Dragonite|Fire
|move|p1a: Cinderace|Will-O-Wisp|p2a: Dragonite
|-immune|p2a: Dragonite
|move|p2a: Dragonite|Dragon Dance|p2a: Dragonite
|-boost|p2a: Dragonite|atk|1
|-boost|p2a: Dragonite|spe|1
|
|upkeep
|turn|15
|
|t:|1779821431
|move|p2a: Dragonite|Dragon Dance|p2a: Dragonite
|-boost|p2a: Dragonite|atk|1
|-boost|p2a: Dragonite|spe|1
|move|p1a: Cinderace|Court Change|p1a: Cinderace
|-swapsideconditions
|-activate|p1a: Cinderace|move: Court Change
|
|upkeep
|turn|16
|
|t:|1779821442
|move|p2a: Dragonite|Dragon Dance|p2a: Dragonite
|-boost|p2a: Dragonite|atk|1
|-boost|p2a: Dragonite|spe|1
|move|p1a: Cinderace|U-turn|p2a: Dragonite
|-resisted|p2a: Dragonite
|-damage|p2a: Dragonite|82/100
|
|t:|1779821444
|switch|p1a: Munkidori|Munkidori, M|100/100|[from] U-turn
|
|upkeep
|turn|17
|
|t:|1779821451
|move|p1a: Munkidori|Fake Out|p2a: Dragonite
|-damage|p2a: Dragonite|74/100
|cant|p2a: Dragonite|flinch
|
|upkeep
|turn|18
|
|t:|1779821459
|switch|p1a: Cinderace|Cinderace, F|100/100
|move|p2a: Dragonite|Fire Punch|p1a: Cinderace
|-resisted|p1a: Cinderace
|-damage|p1a: Cinderace|38/100
|
|upkeep
|turn|19
|
|t:|1779821464
|move|p2a: Dragonite|Fire Punch|p1a: Cinderace
|-resisted|p1a: Cinderace
|-damage|p1a: Cinderace|0 fnt
|faint|p1a: Cinderace
|
|upkeep
|
|t:|1779821466
|switch|p1a: Munkidori|Munkidori, M|100/100
|turn|20
|
|t:|1779821470
|move|p1a: Munkidori|Fake Out|p2a: Dragonite
|-damage|p2a: Dragonite|66/100
|cant|p2a: Dragonite|flinch
|
|upkeep
|turn|21
|
|t:|1779821475
|-terastallize|p1a: Munkidori|Water
|move|p2a: Dragonite|Fire Punch|p1a: Munkidori
|-resisted|p1a: Munkidori
|-damage|p1a: Munkidori|12/100
|move|p1a: Munkidori|Sludge Bomb|p2a: Dragonite
|-damage|p2a: Dragonite|20/100
|
|-damage|p1a: Munkidori|0 fnt|[from] item: Black Sludge
|faint|p1a: Munkidori
|upkeep
|
|t:|1779821486
|switch|p1a: Slither Wing|Slither Wing|53/100
|turn|22
|
|t:|1779821490
|move|p1a: Slither Wing|First Impression|p2a: Dragonite
|-resisted|p2a: Dragonite
|-damage|p2a: Dragonite|0 fnt
|faint|p2a: Dragonite
|
|upkeep
|
|t:|1779821511
|switch|p2a: Kyurem|Kyurem|63/100 tox
|-damage|p2a: Kyurem|38/100 tox|[from] Stealth Rock
|-ability|p2a: Kyurem|Pressure
|turn|23
|
|t:|1779821515
|move|p2a: Kyurem|Freeze-Dry|p1a: Slither Wing
|-crit|p1a: Slither Wing
|-damage|p1a: Slither Wing|0 fnt
|faint|p1a: Slither Wing
|-end|p1a: Slither Wing|Protosynthesis|[silent]
|
|-damage|p2a: Kyurem|32/100 tox|[from] psn
|upkeep
|
|t:|1779821518
|switch|p1a: Dragapult|Dragapult, F|100/100
|turn|24
|
|t:|1779821520
|move|p1a: Dragapult|Dragon Darts|p2a: Kyurem
|-supereffective|p2a: Kyurem
|-damage|p2a: Kyurem|0 fnt
|faint|p2a: Kyurem
|
|upkeep
|
|t:|1779821521
|switch|p2a: Hatterene|Hatterene, F|100/100
|-damage|p2a: Hatterene|88/100|[from] Stealth Rock
|turn|25
|
|t:|1779821526
|move|p1a: Dragapult|U-turn|p2a: Hatterene
|-damage|p2a: Hatterene|70/100
|
|t:|1779821528
|switch|p1a: Alomomola|Alomomola, M|71/100|[from] U-turn
|move|p2a: Hatterene|Psychic Noise|p1a: Alomomola
|-damage|p1a: Alomomola|52/100
|-start|p1a: Alomomola|move: Heal Block
|
|upkeep
|turn|26
|
|t:|1779821533
|move|p1a: Alomomola|Body Slam|p2a: Hatterene
|-damage|p2a: Hatterene|54/100
|move|p2a: Hatterene|Draining Kiss|p1a: Alomomola
|-damage|p1a: Alomomola|39/100
|-heal|p2a: Hatterene|70/100|[from] drain|[of] p1a: Alomomola
|
|-end|p1a: Alomomola|move: Heal Block
|upkeep
|turn|27
|
|t:|1779821539
|move|p2a: Hatterene|Nuzzle|p1a: Alomomola
|-supereffective|p1a: Alomomola
|-damage|p1a: Alomomola|33/100
|-status|p1a: Alomomola|par
|move|p1a: Alomomola|Mirror Coat||[still]
|-fail|p1a: Alomomola
|
|upkeep
|turn|28
|
|t:|1779821546
|move|p2a: Hatterene|Psyshock|p1a: Alomomola
|-damage|p1a: Alomomola|1/100 par
|cant|p1a: Alomomola|par
|
|upkeep
|turn|29
|
|t:|1779821553
|move|p2a: Hatterene|Draining Kiss|p1a: Alomomola
|-damage|p1a: Alomomola|0 fnt
|-heal|p2a: Hatterene|70/100|[from] drain|[of] p1a: Alomomola
|faint|p1a: Alomomola
|
|upkeep
|
|t:|1779821554
|switch|p1a: Dragapult|Dragapult, F|100/100
|turn|30
|
|t:|1779821560
|move|p1a: Dragapult|Hex|p2a: Hatterene
|-supereffective|p2a: Hatterene
|-damage|p2a: Hatterene|31/100
|move|p2a: Hatterene|Draining Kiss|p1a: Dragapult
|-supereffective|p1a: Dragapult
|-damage|p1a: Dragapult|24/100
|-heal|p2a: Hatterene|88/100|[from] drain|[of] p1a: Dragapult
|
|upkeep
|turn|31
|-message|summerenaissance forfeited.
|
|win|funnygames(1997)
|raw|summerenaissance's rating: 1669 &rarr; <strong>1653</strong><br />(-16 for losing)
|raw|funnygames(1997)'s rating: 1732 &rarr; <strong>1748</strong><br />(+16 for winning)
|l|☆summerenaissance
|player|p1|
|l|☆funnygames(1997)
|player|p2|
